Trd, 000005.283, 139
Trd, 000005.683, 130
Trd, 000005.883, 126
Trd, 000006.900, 131
Trd, 000007.000, 163
Trd, 000008.250, 170
Trd, 000008.683, 136
Trd, 000009.667, 163
Trd, 000010.233, 174
Trd, 000010.883, 150
Trd, 000011.033, 182
Trd, 000015.633, 173
Trd, 000015.783, 157
Trd, 000016.117, 166
Trd, 000016.183, 158
Trd, 000018.683, 163
Trd, 000019.250, 184
Trd, 000020.483, 153
Trd, 000021.183, 150
Trd, 000022.367, 162
Trd, 000022.383, 156
Trd, 000023.283, 175
Trd, 000024.267, 132
Trd, 000025.683, 165
Trd, 000026.467, 162
Trd, 000027.100, 161
Trd, 000027.133, 156
Trd, 000029.000, 156
Trd, 000030.300, 144
Trd, 000030.500, 141
Trd, 000032.550, 142
Trd, 000035.850, 133
Trd, 000036.317, 127
Trd, 000036.417, 130
Trd, 000037.067, 134
Trd, 000037.167, 163
Trd, 000041.067, 189
Trd, 000041.383, 136
Trd, 000041.700, 144
Trd, 000042.600, 166
Trd, 000043.550, 157
Trd, 000046.500, 149
Trd, 000046.600, 148
Trd, 000047.217, 143
Trd, 000050.667, 127
Trd, 000051.233, 149
Trd, 000051.450, 148
Trd, 000052.083, 171
Trd, 000052.233, 165
Trd, 000053.650, 169
Trd, 000054.950, 182
Trd, 000055.433, 149
Trd, 000055.550, 147
Trd, 000056.167, 179
Trd, 000056.367, 170
Trd, 000057.533, 156
Trd, 000058.733, 172
Trd, 000060.950, 179
Trd, 000061.333, 162
Trd, 000062.717, 167
Trd, 000063.583, 167
Trd, 000063.850, 151
Trd, 000064.800, 158
Trd, 000066.117, 139
Trd, 000066.967, 156
Trd, 000067.233, 162
Trd, 000070.117, 161
Trd, 000071.533, 158
Trd, 000072.133, 163
Trd, 000076.667, 161
Trd, 000077.050, 153
Trd, 000078.433, 176
Trd, 000082.317, 169
Trd, 000083.267, 170
Trd, 000083.317, 167
Trd, 000083.633, 158
Trd, 000084.650, 148
Trd, 000086.067, 141
Trd, 000086.367, 127
Trd, 000087.417, 181
Trd, 000087.817, 184
Trd, 000088.867, 188
Trd, 000090.900, 140
Trd, 000092.650, 168
Trd, 000093.050, 156
Trd, 000096.033, 188
Trd, 000096.300, 169
Trd, 000097.167, 156
Trd, 000098.283, 173
Trd, 000098.633, 163
Trd, 000099.650, 144
Trd, 000100.150, 131
Trd, 000100.783, 166
Trd, 000102.200, 164
Trd, 000102.467, 178
Trd, 000102.967, 169
Trd, 000103.867, 163
Trd, 000105.133, 189
Trd, 000105.167, 158
Trd, 000106.317, 169
Trd, 000109.283, 157
Trd, 000110.550, 162
Trd, 000113.683, 183
Trd, 000115.383, 160
Trd, 000115.667, 144
Trd, 000115.800, 159
Trd, 000116.683, 167
Trd, 000116.883, 146
Trd, 000121.617, 182
Trd, 000122.133, 179
Trd, 000122.267, 172
Trd, 000123.367, 177
Trd, 000125.067, 161
Trd, 000125.183, 159
Trd, 000127.300, 179
Trd, 000127.600, 187
Trd, 000127.633, 165
Trd, 000127.700, 158
Trd, 000128.217, 174
Trd, 000131.267, 141
Trd, 000131.683, 164
Trd, 000132.050, 144
Trd, 000132.217, 189
Trd, 000132.850, 170
Trd, 000134.800, 151
Trd, 000135.250, 148
Trd, 000136.850, 172
Trd, 000137.617, 148
Trd, 000138.167, 162
Trd, 000139.833, 151
Trd, 000140.450, 188
Trd, 000141.150, 189
Trd, 000141.350, 152
Trd, 000141.883, 162
Trd, 000143.633, 153
Trd, 000144.700, 161
Trd, 000146.367, 164
Trd, 000146.967, 178
Trd, 000147.833, 172
Trd, 000149.333, 173
Trd, 000150.817, 144
Trd, 000151.233, 150
Trd, 000152.683, 184
Trd, 000153.333, 157
Trd, 000153.767, 150
Trd, 000154.567, 165
Trd, 000154.600, 164
Trd, 000156.333, 118
Trd, 000156.717, 181
Trd, 000158.483, 165
Trd, 000159.117, 160
Trd, 000160.350, 143
Trd, 000161.467, 159
Trd, 000162.817, 172
Trd, 000163.250, 157
Trd, 000163.967, 135
Trd, 000164.583, 164
Trd, 000165.250, 132
Trd, 000166.367, 174
Trd, 000167.367, 159
Trd, 000168.400, 166
Trd, 000170.500, 193
Trd, 000171.717, 144
Trd, 000171.967, 158
Trd, 000174.033, 149
Trd, 000176.517, 156
Trd, 000177.517, 163
Trd, 000181.067, 187
Trd, 000181.333, 161
Trd, 000181.817, 178
Trd, 000184.150, 167
Trd, 000186.717, 186
Trd, 000189.217, 165
Trd, 000189.767, 141
Trd, 000190.250, 148
Trd, 000190.700, 163
Trd, 000191.250, 159
Trd, 000192.133, 164
Trd, 000192.683, 172
Trd, 000192.867, 154
Trd, 000194.867, 149
Trd, 000195.117, 153
Trd, 000197.133, 181
Trd, 000197.167, 152
Trd, 000197.583, 151
Trd, 000197.800, 164
Trd, 000201.717, 136
Trd, 000202.200, 190
Trd, 000203.300, 187
Trd, 000205.083, 169
Trd, 000206.217, 170
Trd, 000206.733, 169
Trd, 000207.200, 162
Trd, 000208.283, 180
Trd, 000208.383, 148
Trd, 000211.367, 180
Trd, 000211.783, 168
Trd, 000212.050, 180
Trd, 000212.533, 181
Trd, 000215.033, 173
Trd, 000216.917, 166
Trd, 000217.050, 161
Trd, 000220.800, 177
Trd, 000222.000, 173
Trd, 000222.767, 167
Trd, 000222.967, 165
Trd, 000223.600, 164
Trd, 000224.567, 174
Trd, 000225.183, 154
Trd, 000226.233, 176
Trd, 000226.900, 172
Trd, 000230.233, 177
Trd, 000231.400, 154
Trd, 000232.533, 156
Trd, 000233.150, 153
Trd, 000234.800, 155
Trd, 000235.183, 160
Trd, 000236.933, 174
Trd, 000237.133, 170
Trd, 000237.583, 162
Trd, 000238.817, 142
Trd, 000239.000, 161
Trd, 000239.383, 142
Trd, 000240.867, 171
Trd, 000242.217, 162
Trd, 000242.400, 164
Trd, 000242.967, 174
Trd, 000245.767, 179
Trd, 000245.950, 176
Trd, 000247.117, 133
Trd, 000247.250, 160
Trd, 000247.833, 189
Trd, 000248.667, 169
Trd, 000250.050, 164
Trd, 000252.650, 157
Trd, 000253.600, 154
Trd, 000254.350, 174
Trd, 000255.333, 152
Trd, 000256.417, 140
Trd, 000257.367, 177
Trd, 000257.700, 170
Trd, 000258.000, 156
Trd, 000258.350, 163
Trd, 000259.967, 187
Trd, 000261.600, 192
Trd, 000262.367, 167
Trd, 000262.767, 159
Trd, 000264.067, 168
Trd, 000264.183, 163
Trd, 000265.583, 176
Trd, 000266.633, 155
Trd, 000268.300, 161
Trd, 000269.333, 159
Trd, 000269.533, 172
Trd, 000269.983, 186
Trd, 000271.917, 177
Trd, 000273.050, 174
Trd, 000274.350, 164
Trd, 000275.283, 146
Trd, 000275.400, 171
Trd, 000275.933, 164
Trd, 000277.583, 167
Trd, 000278.650, 170
Trd, 000278.767, 164
Trd, 000280.717, 172
Trd, 000280.750, 164
Trd, 000281.800, 162
Trd, 000281.867, 164
Trd, 000282.967, 171
Trd, 000283.683, 157
Trd, 000285.283, 165
Trd, 000287.433, 188
Trd, 000289.000, 166
Trd, 000292.233, 158
Trd, 000292.333, 174
Trd, 000292.850, 159
Trd, 000293.200, 171
Trd, 000293.383, 152
Trd, 000293.467, 169
Trd, 000293.883, 172
Trd, 000296.983, 133
Trd, 000297.150, 177
