Trd, 000005.367, 152
Trd, 000005.500, 117
Trd, 000005.917, 160
Trd, 000005.967, 162
Trd, 000006.033, 148
Trd, 000006.417, 109
Trd, 000006.533, 153
Trd, 000008.350, 156
Trd, 000008.683, 150
Trd, 000009.967, 149
Trd, 000010.333, 151
Trd, 000010.567, 162
Trd, 000010.950, 156
Trd, 000011.067, 160
Trd, 000011.567, 166
Trd, 000011.767, 162
Trd, 000013.867, 182
Trd, 000015.333, 175
Trd, 000015.650, 169
Trd, 000016.550, 170
Trd, 000016.583, 166
Trd, 000017.183, 162
Trd, 000017.867, 160
Trd, 000020.433, 152
Trd, 000020.517, 128
Trd, 000020.700, 188
Trd, 000020.967, 157
Trd, 000021.300, 188
Trd, 000021.750, 156
Trd, 000022.050, 152
Trd, 000024.733, 183
Trd, 000025.950, 158
Trd, 000026.167, 173
Trd, 000026.383, 157
Trd, 000028.400, 166
Trd, 000028.717, 165
Trd, 000028.950, 161
Trd, 000029.633, 152
Trd, 000030.617, 156
Trd, 000030.867, 166
Trd, 000031.450, 139
Trd, 000031.833, 170
Trd, 000032.783, 143
Trd, 000034.833, 133
Trd, 000035.367, 188
Trd, 000035.817, 124
Trd, 000035.867, 135
Trd, 000036.133, 149
Trd, 000036.750, 126
Trd, 000038.617, 157
Trd, 000039.383, 152
Trd, 000040.567, 144
Trd, 000041.283, 189
Trd, 000041.783, 153
Trd, 000043.017, 130
Trd, 000043.967, 168
Trd, 000044.983, 148
Trd, 000045.317, 106
Trd, 000045.917, 173
Trd, 000046.767, 182
Trd, 000047.567, 189
Trd, 000047.850, 169
Trd, 000048.033, 145
Trd, 000048.483, 178
Trd, 000050.533, 186
Trd, 000051.733, 156
Trd, 000051.883, 178
Trd, 000052.350, 147
Trd, 000052.783, 146
Trd, 000053.000, 189
Trd, 000056.317, 187
Trd, 000056.600, 151
Trd, 000057.283, 158
Trd, 000059.000, 159
Trd, 000059.383, 158
Trd, 000060.333, 176
Trd, 000060.683, 189
Trd, 000061.350, 186
Trd, 000062.733, 169
Trd, 000066.267, 175
Trd, 000066.600, 132
Trd, 000066.833, 165
Trd, 000066.883, 130
Trd, 000067.883, 151
Trd, 000069.717, 172
Trd, 000070.700, 128
Trd, 000071.167, 111
Trd, 000071.917, 165
Trd, 000072.450, 193
Trd, 000073.017, 180
Trd, 000073.583, 169
Trd, 000074.133, 159
Trd, 000075.683, 179
Trd, 000075.767, 159
Trd, 000076.450, 179
Trd, 000076.700, 127
Trd, 000077.483, 189
Trd, 000077.533, 169
Trd, 000079.100, 151
Trd, 000079.267, 130
Trd, 000080.617, 161
Trd, 000080.833, 141
Trd, 000081.550, 156
Trd, 000081.833, 150
Trd, 000082.467, 146
Trd, 000083.200, 136
Trd, 000085.717, 150
Trd, 000086.117, 149
Trd, 000086.833, 151
Trd, 000086.867, 142
Trd, 000088.283, 193
Trd, 000088.833, 187
Trd, 000089.667, 167
Trd, 000089.750, 145
Trd, 000090.783, 164
Trd, 000090.800, 168
Trd, 000091.133, 153
Trd, 000091.967, 144
Trd, 000092.700, 165
Trd, 000093.133, 158
Trd, 000095.667, 165
Trd, 000097.867, 189
Trd, 000097.917, 186
Trd, 000098.233, 178
Trd, 000098.483, 166
Trd, 000099.133, 160
Trd, 000101.117, 182
Trd, 000101.650, 177
Trd, 000102.033, 168
Trd, 000103.083, 164
Trd, 000103.117, 168
Trd, 000103.200, 160
Trd, 000104.517, 162
Trd, 000105.417, 148
Trd, 000105.867, 182
Trd, 000106.333, 154
Trd, 000107.000, 174
Trd, 000107.900, 157
Trd, 000108.000, 152
Trd, 000108.200, 146
Trd, 000109.633, 144
Trd, 000110.183, 139
Trd, 000111.100, 189
Trd, 000111.267, 164
Trd, 000111.383, 190
Trd, 000111.417, 163
Trd, 000114.017, 154
Trd, 000114.117, 156
Trd, 000114.367, 165
Trd, 000116.017, 179
Trd, 000116.333, 167
Trd, 000117.967, 163
Trd, 000119.133, 169
Trd, 000119.533, 165
Trd, 000120.450, 162
Trd, 000120.850, 156
Trd, 000121.217, 154
Trd, 000121.350, 162
Trd, 000121.800, 131
Trd, 000121.900, 170
Trd, 000122.800, 167
Trd, 000123.733, 163
Trd, 000123.850, 180
Trd, 000126.100, 149
Trd, 000127.217, 169
Trd, 000129.017, 181
Trd, 000129.883, 159
Trd, 000131.583, 188
Trd, 000131.700, 181
Trd, 000133.117, 158
Trd, 000133.350, 156
Trd, 000135.950, 138
Trd, 000136.167, 183
Trd, 000137.950, 188
Trd, 000138.250, 185
Trd, 000140.733, 192
Trd, 000141.217, 164
Trd, 000141.417, 133
Trd, 000141.567, 127
Trd, 000141.883, 187
Trd, 000142.550, 171
Trd, 000144.583, 158
Trd, 000145.483, 173
Trd, 000146.067, 191
Trd, 000146.167, 167
Trd, 000147.283, 157
Trd, 000147.667, 185
Trd, 000148.233, 168
Trd, 000149.550, 171
Trd, 000150.967, 172
Trd, 000151.150, 187
Trd, 000151.700, 140
Trd, 000154.233, 179
Trd, 000155.567, 169
Trd, 000156.733, 159
Trd, 000156.833, 155
Trd, 000157.400, 150
Trd, 000157.500, 146
Trd, 000158.083, 139
Trd, 000158.250, 144
Trd, 000159.200, 173
Trd, 000161.333, 182
Trd, 000161.400, 159
Trd, 000161.717, 175
Trd, 000161.900, 158
Trd, 000162.000, 156
Trd, 000162.450, 143
Trd, 000163.800, 140
Trd, 000164.383, 141
Trd, 000166.250, 189
Trd, 000166.283, 142
Trd, 000166.883, 162
Trd, 000167.300, 156
Trd, 000167.917, 162
Trd, 000171.450, 138
Trd, 000171.500, 166
Trd, 000171.800, 155
Trd, 000172.400, 154
Trd, 000172.500, 186
Trd, 000172.700, 127
Trd, 000173.083, 185
Trd, 000175.217, 129
Trd, 000176.417, 156
Trd, 000176.900, 183
Trd, 000177.417, 166
Trd, 000177.700, 174
Trd, 000179.533, 158
Trd, 000180.417, 182
Trd, 000180.500, 158
Trd, 000181.500, 187
Trd, 000181.567, 138
Trd, 000181.900, 184
Trd, 000182.667, 169
Trd, 000183.050, 165
Trd, 000183.417, 154
Trd, 000183.500, 146
Trd, 000186.333, 156
Trd, 000187.683, 152
Trd, 000188.100, 168
Trd, 000188.667, 189
Trd, 000189.433, 190
Trd, 000189.750, 157
Trd, 000190.100, 162
Trd, 000191.717, 158
Trd, 000191.850, 184
Trd, 000192.033, 143
Trd, 000192.683, 163
Trd, 000193.400, 191
Trd, 000193.867, 164
Trd, 000196.533, 139
Trd, 000196.883, 179
Trd, 000199.067, 143
Trd, 000199.767, 171
Trd, 000200.650, 159
Trd, 000201.100, 185
Trd, 000202.200, 190
Trd, 000202.450, 177
Trd, 000203.233, 168
Trd, 000203.783, 160
Trd, 000204.333, 157
Trd, 000206.450, 142
Trd, 000206.617, 134
Trd, 000206.750, 152
Trd, 000208.217, 169
Trd, 000208.967, 158
Trd, 000211.667, 134
Trd, 000211.700, 162
Trd, 000212.050, 184
Trd, 000212.183, 154
Trd, 000212.733, 185
Trd, 000213.933, 147
Trd, 000214.217, 141
Trd, 000214.517, 149
Trd, 000215.333, 185
Trd, 000216.700, 183
Trd, 000217.883, 173
Trd, 000218.233, 186
Trd, 000218.733, 142
Trd, 000220.017, 145
Trd, 000220.450, 158
Trd, 000222.317, 162
Trd, 000223.283, 164
Trd, 000223.767, 168
Trd, 000224.467, 183
Trd, 000226.050, 152
Trd, 000226.167, 112
Trd, 000226.550, 187
Trd, 000226.900, 165
Trd, 000228.367, 158
Trd, 000229.233, 190
Trd, 000230.333, 168
Trd, 000231.517, 188
Trd, 000231.567, 176
Trd, 000232.117, 144
Trd, 000232.233, 145
Trd, 000232.400, 145
Trd, 000232.617, 140
Trd, 000233.200, 140
Trd, 000235.333, 189
Trd, 000236.133, 162
Trd, 000236.350, 186
Trd, 000237.500, 171
Trd, 000237.700, 172
Trd, 000238.083, 166
Trd, 000239.167, 162
Trd, 000240.467, 151
Trd, 000240.917, 187
Trd, 000241.300, 187
Trd, 000241.950, 159
Trd, 000242.017, 152
Trd, 000242.967, 178
Trd, 000243.833, 153
Trd, 000244.367, 172
Trd, 000245.750, 163
Trd, 000246.450, 154
Trd, 000246.983, 184
Trd, 000247.217, 189
Trd, 000248.667, 165
Trd, 000249.300, 162
Trd, 000251.717, 188
Trd, 000253.133, 166
Trd, 000253.250, 165
Trd, 000254.133, 167
Trd, 000254.300, 169
Trd, 000254.883, 153
Trd, 000254.933, 151
Trd, 000255.400, 139
Trd, 000255.917, 141
Trd, 000256.483, 184
Trd, 000257.067, 147
Trd, 000257.633, 140
Trd, 000258.950, 155
Trd, 000259.833, 166
Trd, 000262.200, 163
Trd, 000263.183, 157
Trd, 000263.367, 196
Trd, 000263.617, 162
Trd, 000266.550, 183
Trd, 000267.283, 179
Trd, 000267.583, 163
Trd, 000267.667, 160
Trd, 000267.800, 149
Trd, 000268.333, 162
Trd, 000268.800, 145
Trd, 000272.367, 165
Trd, 000272.417, 127
Trd, 000272.433, 167
Trd, 000272.633, 162
Trd, 000273.417, 147
Trd, 000274.733, 171
Trd, 000276.867, 183
Trd, 000277.600, 176
Trd, 000278.100, 192
Trd, 000281.050, 165
Trd, 000281.333, 176
Trd, 000281.583, 189
Trd, 000282.167, 169
Trd, 000282.950, 184
Trd, 000284.017, 155
Trd, 000285.033, 146
Trd, 000285.183, 149
Trd, 000285.200, 171
Trd, 000286.717, 188
Trd, 000288.050, 164
Trd, 000288.067, 161
Trd, 000288.400, 157
Trd, 000290.083, 184
Trd, 000291.033, 141
Trd, 000292.433, 167
Trd, 000292.733, 177
Trd, 000292.883, 183
Trd, 000292.950, 163
Trd, 000293.750, 152
Trd, 000293.933, 156
Trd, 000294.917, 141
Trd, 000295.300, 166
Trd, 000295.417, 128
Trd, 000296.200, 146
Trd, 000297.217, 173
Trd, 000297.567, 162
Trd, 000298.700, 185
Trd, 000299.850, 192
