Trd, 000005.200, 109
Trd, 000005.650, 128
Trd, 000005.733, 132
Trd, 000006.100, 137
Trd, 000006.183, 140
Trd, 000007.117, 143
Trd, 000010.433, 150
Trd, 000010.517, 173
Trd, 000010.533, 175
Trd, 000010.967, 128
Trd, 000012.867, 145
Trd, 000013.100, 147
Trd, 000013.183, 135
Trd, 000014.500, 150
Trd, 000015.300, 152
Trd, 000015.450, 147
Trd, 000015.883, 156
Trd, 000016.183, 128
Trd, 000016.533, 124
Trd, 000017.017, 166
Trd, 000017.567, 112
Trd, 000018.367, 162
Trd, 000020.450, 137
Trd, 000020.517, 155
Trd, 000021.550, 154
Trd, 000022.383, 169
Trd, 000022.967, 182
Trd, 000023.550, 185
Trd, 000025.417, 130
Trd, 000025.767, 130
Trd, 000026.017, 136
Trd, 000026.100, 133
Trd, 000026.550, 172
Trd, 000027.083, 134
Trd, 000028.517, 165
Trd, 000029.083, 169
Trd, 000029.367, 165
Trd, 000030.750, 153
Trd, 000030.800, 156
Trd, 000031.600, 167
Trd, 000031.733, 165
Trd, 000032.833, 154
Trd, 000033.033, 150
Trd, 000033.367, 166
Trd, 000035.267, 143
Trd, 000035.883, 164
Trd, 000035.933, 137
Trd, 000036.383, 150
Trd, 000036.667, 140
Trd, 000037.950, 150
Trd, 000038.000, 161
Trd, 000040.233, 131
Trd, 000040.567, 156
Trd, 000041.383, 168
Trd, 000042.367, 154
Trd, 000043.167, 151
Trd, 000044.217, 154
Trd, 000044.350, 149
Trd, 000045.417, 111
Trd, 000046.250, 170
Trd, 000046.517, 174
Trd, 000047.267, 151
Trd, 000050.450, 176
Trd, 000050.500, 150
Trd, 000051.117, 155
Trd, 000052.317, 147
Trd, 000052.667, 159
Trd, 000053.183, 145
Trd, 000053.767, 151
Trd, 000055.583, 124
Trd, 000055.800, 147
Trd, 000056.400, 162
Trd, 000058.200, 155
Trd, 000058.350, 149
Trd, 000058.783, 144
Trd, 000058.983, 170
Trd, 000060.700, 142
Trd, 000061.367, 146
Trd, 000061.517, 136
Trd, 000061.883, 153
Trd, 000063.933, 159
Trd, 000064.000, 165
Trd, 000064.017, 154
Trd, 000065.933, 146
Trd, 000066.533, 134
Trd, 000066.783, 177
Trd, 000067.217, 167
Trd, 000068.667, 149
Trd, 000069.233, 145
Trd, 000069.450, 145
Trd, 000069.633, 153
Trd, 000069.767, 166
Trd, 000069.917, 149
Trd, 000070.633, 157
Trd, 000071.050, 172
Trd, 000071.433, 172
Trd, 000072.317, 156
Trd, 000073.217, 149
Trd, 000074.083, 165
Trd, 000074.517, 161
Trd, 000074.800, 165
Trd, 000075.333, 146
Trd, 000075.950, 158
Trd, 000076.117, 144
Trd, 000076.300, 168
Trd, 000076.583, 155
Trd, 000077.617, 148
Trd, 000077.867, 154
Trd, 000078.400, 148
Trd, 000079.167, 164
Trd, 000080.950, 132
Trd, 000080.967, 151
Trd, 000081.233, 143
Trd, 000081.833, 127
Trd, 000082.100, 153
Trd, 000083.167, 155
Trd, 000084.067, 150
Trd, 000086.233, 143
Trd, 000086.300, 129
Trd, 000087.250, 152
Trd, 000087.483, 160
Trd, 000088.317, 149
Trd, 000088.350, 141
Trd, 000089.233, 157
Trd, 000090.350, 159
Trd, 000090.700, 165
Trd, 000090.783, 150
Trd, 000091.233, 170
Trd, 000091.600, 154
Trd, 000091.850, 166
Trd, 000092.317, 137
Trd, 000092.583, 162
Trd, 000093.183, 176
Trd, 000095.867, 141
Trd, 000096.633, 152
Trd, 000097.033, 159
Trd, 000097.317, 160
Trd, 000097.967, 145
Trd, 000101.000, 191
Trd, 000103.017, 152
Trd, 000103.083, 144
Trd, 000103.833, 162
Trd, 000104.433, 154
Trd, 000104.567, 149
Trd, 000106.100, 135
Trd, 000106.633, 141
Trd, 000106.667, 154
Trd, 000107.700, 159
Trd, 000108.083, 158
Trd, 000108.917, 145
Trd, 000108.983, 145
Trd, 000110.367, 138
Trd, 000111.283, 140
Trd, 000111.667, 138
Trd, 000112.433, 144
Trd, 000113.017, 138
Trd, 000113.567, 142
Trd, 000113.583, 153
Trd, 000115.400, 162
Trd, 000115.867, 151
Trd, 000116.750, 164
Trd, 000117.750, 155
Trd, 000118.950, 145
Trd, 000119.633, 144
Trd, 000119.717, 158
Trd, 000119.850, 160
Trd, 000121.467, 131
Trd, 000122.433, 162
Trd, 000122.817, 155
Trd, 000123.283, 163
Trd, 000124.133, 153
Trd, 000126.017, 174
Trd, 000126.550, 163
Trd, 000126.733, 144
Trd, 000127.250, 130
Trd, 000127.317, 129
Trd, 000127.517, 142
Trd, 000128.333, 149
Trd, 000129.083, 144
Trd, 000129.117, 151
Trd, 000130.883, 176
Trd, 000132.100, 158
Trd, 000132.267, 144
Trd, 000132.483, 144
Trd, 000133.217, 159
Trd, 000136.267, 156
Trd, 000136.550, 141
Trd, 000136.733, 154
Trd, 000137.333, 154
Trd, 000137.583, 160
Trd, 000138.083, 161
Trd, 000138.150, 164
Trd, 000138.650, 138
Trd, 000140.250, 130
Trd, 000140.933, 167
Trd, 000141.083, 184
Trd, 000141.517, 155
Trd, 000141.600, 156
Trd, 000142.783, 156
Trd, 000144.650, 157
Trd, 000145.050, 151
Trd, 000145.933, 122
Trd, 000146.300, 120
Trd, 000146.517, 192
Trd, 000146.933, 137
Trd, 000147.000, 143
Trd, 000147.933, 135
Trd, 000149.300, 152
Trd, 000150.267, 141
Trd, 000151.717, 163
Trd, 000151.783, 150
Trd, 000151.983, 135
Trd, 000152.250, 133
Trd, 000152.633, 168
Trd, 000153.667, 142
Trd, 000153.833, 148
Trd, 000156.267, 163
Trd, 000157.067, 143
Trd, 000157.333, 144
Trd, 000157.883, 150
Trd, 000157.950, 163
Trd, 000158.283, 145
Trd, 000160.600, 157
Trd, 000161.167, 139
Trd, 000161.750, 166
Trd, 000161.783, 149
Trd, 000162.150, 153
Trd, 000162.517, 155
Trd, 000163.483, 140
Trd, 000163.800, 154
Trd, 000166.017, 154
Trd, 000166.350, 173
Trd, 000167.283, 158
Trd, 000168.650, 159
Trd, 000169.100, 171
Trd, 000169.450, 150
Trd, 000169.683, 145
Trd, 000170.317, 157
Trd, 000171.033, 120
Trd, 000171.217, 165
Trd, 000171.317, 160
Trd, 000171.950, 175
Trd, 000172.667, 161
Trd, 000173.600, 176
Trd, 000175.167, 155
Trd, 000176.267, 146
Trd, 000176.467, 177
Trd, 000176.850, 156
Trd, 000176.917, 133
Trd, 000177.717, 152
Trd, 000180.250, 152
Trd, 000181.450, 157
Trd, 000181.500, 131
Trd, 000181.917, 136
Trd, 000182.267, 142
Trd, 000183.317, 159
Trd, 000183.333, 136
Trd, 000183.700, 149
Trd, 000185.950, 154
Trd, 000186.417, 130
Trd, 000187.100, 145
Trd, 000187.217, 141
Trd, 000187.917, 140
Trd, 000188.767, 145
Trd, 000190.200, 148
Trd, 000191.700, 138
Trd, 000191.967, 166
Trd, 000192.083, 134
Trd, 000192.850, 143
Trd, 000193.367, 131
Trd, 000193.983, 135
Trd, 000194.617, 138
Trd, 000195.400, 145
Trd, 000195.517, 147
Trd, 000196.350, 130
Trd, 000197.017, 129
Trd, 000197.483, 136
Trd, 000198.167, 141
Trd, 000198.933, 144
Trd, 000199.500, 150
Trd, 000199.600, 159
Trd, 000201.333, 141
Trd, 000201.350, 156
Trd, 000201.850, 141
Trd, 000202.217, 160
Trd, 000202.383, 177
Trd, 000202.500, 126
Trd, 000203.083, 148
Trd, 000206.483, 165
Trd, 000206.500, 139
Trd, 000206.650, 165
Trd, 000206.767, 164
Trd, 000206.933, 143
Trd, 000207.317, 150
Trd, 000207.550, 135
Trd, 000211.017, 141
Trd, 000211.567, 127
Trd, 000211.683, 138
Trd, 000212.817, 151
Trd, 000213.250, 157
Trd, 000213.650, 162
Trd, 000214.917, 163
Trd, 000215.417, 169
Trd, 000216.150, 128
Trd, 000216.900, 159
Trd, 000217.483, 145
Trd, 000218.083, 150
Trd, 000218.950, 149
Trd, 000219.650, 168
Trd, 000221.183, 151
Trd, 000221.467, 115
Trd, 000221.833, 184
Trd, 000223.017, 159
Trd, 000223.433, 145
Trd, 000223.867, 143
Trd, 000226.467, 168
Trd, 000226.767, 188
Trd, 000227.050, 173
Trd, 000227.167, 152
Trd, 000227.850, 142
Trd, 000227.933, 145
Trd, 000229.317, 151
Trd, 000231.150, 153
Trd, 000231.267, 106
Trd, 000231.450, 169
Trd, 000232.233, 170
Trd, 000233.683, 156
Trd, 000234.583, 158
Trd, 000235.250, 155
Trd, 000236.233, 105
Trd, 000236.417, 167
Trd, 000237.167, 175
Trd, 000238.783, 156
Trd, 000239.400, 150
Trd, 000240.967, 162
Trd, 000241.917, 167
Trd, 000242.050, 165
Trd, 000242.150, 155
Trd, 000242.633, 154
Trd, 000242.700, 150
Trd, 000243.583, 148
Trd, 000245.150, 172
Trd, 000246.017, 170
Trd, 000246.483, 156
Trd, 000246.867, 160
Trd, 000248.450, 161
Trd, 000248.950, 164
Trd, 000250.100, 156
Trd, 000250.233, 162
Trd, 000251.367, 184
Trd, 000251.600, 164
Trd, 000251.717, 123
Trd, 000251.817, 132
Trd, 000251.933, 178
Trd, 000252.600, 189
Trd, 000254.783, 137
Trd, 000256.550, 173
Trd, 000257.150, 158
Trd, 000257.450, 177
Trd, 000257.683, 164
Trd, 000258.017, 162
Trd, 000258.283, 168
Trd, 000258.483, 155
Trd, 000259.017, 149
Trd, 000260.117, 141
Trd, 000260.250, 127
Trd, 000261.633, 135
Trd, 000261.700, 163
Trd, 000261.950, 160
Trd, 000262.400, 145
Trd, 000262.567, 147
Trd, 000262.983, 138
Trd, 000263.550, 134
Trd, 000263.700, 171
Trd, 000265.683, 152
Trd, 000266.633, 177
Trd, 000268.083, 157
Trd, 000268.183, 125
Trd, 000268.467, 123
Trd, 000269.100, 162
Trd, 000269.200, 146
Trd, 000269.333, 152
Trd, 000269.367, 145
Trd, 000270.400, 149
Trd, 000271.667, 187
Trd, 000272.100, 169
Trd, 000272.917, 150
Trd, 000273.417, 121
Trd, 000273.733, 129
Trd, 000275.317, 150
Trd, 000277.067, 172
Trd, 000277.267, 161
Trd, 000277.383, 156
Trd, 000277.917, 165
Trd, 000277.933, 181
Trd, 000278.383, 156
Trd, 000278.767, 158
Trd, 000280.567, 174
Trd, 000281.017, 177
Trd, 000281.567, 146
Trd, 000282.450, 158
Trd, 000282.633, 148
Trd, 000282.717, 164
Trd, 000284.400, 139
Trd, 000285.700, 143
Trd, 000286.183, 153
Trd, 000286.483, 141
Trd, 000286.983, 160
Trd, 000287.117, 140
Trd, 000287.350, 168
Trd, 000287.950, 145
Trd, 000289.717, 168
Trd, 000290.250, 138
Trd, 000291.067, 144
Trd, 000292.100, 149
Trd, 000292.233, 149
Trd, 000292.650, 147
Trd, 000292.717, 160
Trd, 000293.350, 170
Trd, 000293.983, 147
Trd, 000294.200, 152
Trd, 000295.017, 146
Trd, 000296.817, 152
Trd, 000297.550, 157
Trd, 000298.033, 154
Trd, 000298.233, 149
Trd, 000298.317, 145
Trd, 000298.583, 136
Trd, 000298.617, 164
