Trd, 000005.083, 133
Trd, 000005.383, 132
Trd, 000005.550, 144
Trd, 000005.733, 139
Trd, 000005.767, 155
Trd, 000005.867, 157
Trd, 000006.133, 157
Trd, 000006.483, 162
Trd, 000006.500, 163
Trd, 000010.483, 146
Trd, 000011.083, 163
Trd, 000011.667, 176
Trd, 000011.817, 172
Trd, 000011.967, 143
Trd, 000013.500, 166
Trd, 000015.883, 164
Trd, 000016.133, 161
Trd, 000016.583, 172
Trd, 000017.033, 168
Trd, 000018.017, 155
Trd, 000019.333, 149
Trd, 000020.317, 138
Trd, 000020.500, 160
Trd, 000021.283, 170
Trd, 000021.617, 166
Trd, 000024.433, 165
Trd, 000024.983, 163
Trd, 000025.317, 178
Trd, 000025.617, 167
Trd, 000027.000, 164
Trd, 000027.267, 155
Trd, 000027.300, 165
Trd, 000027.750, 162
Trd, 000030.683, 158
Trd, 000030.783, 162
Trd, 000031.083, 167
Trd, 000032.483, 143
Trd, 000033.083, 127
Trd, 000034.200, 172
Trd, 000035.467, 159
Trd, 000035.733, 198
Trd, 000037.050, 166
Trd, 000038.850, 171
Trd, 000039.300, 164
Trd, 000040.867, 170
Trd, 000041.733, 168
Trd, 000042.550, 173
Trd, 000043.033, 158
Trd, 000045.517, 150
Trd, 000046.417, 163
Trd, 000046.850, 172
Trd, 000046.933, 161
Trd, 000047.250, 149
Trd, 000049.117, 185
Trd, 000049.517, 178
Trd, 000050.400, 166
Trd, 000051.400, 154
Trd, 000052.233, 155
Trd, 000053.467, 157
Trd, 000054.567, 157
Trd, 000054.867, 169
Trd, 000055.133, 174
Trd, 000055.517, 171
Trd, 000055.700, 131
Trd, 000055.967, 123
Trd, 000056.233, 168
Trd, 000056.817, 156
Trd, 000058.017, 168
Trd, 000058.950, 159
Trd, 000060.683, 162
Trd, 000061.283, 172
Trd, 000061.717, 147
Trd, 000062.433, 155
Trd, 000062.817, 161
Trd, 000063.383, 148
Trd, 000065.633, 168
Trd, 000065.883, 176
Trd, 000066.283, 169
Trd, 000066.600, 173
Trd, 000066.833, 136
Trd, 000067.167, 168
Trd, 000070.683, 133
Trd, 000070.783, 167
Trd, 000071.417, 157
Trd, 000072.183, 162
Trd, 000075.567, 118
Trd, 000076.383, 147
Trd, 000076.517, 161
Trd, 000076.817, 133
Trd, 000077.017, 162
Trd, 000077.667, 164
Trd, 000078.033, 179
Trd, 000080.617, 168
Trd, 000081.517, 166
Trd, 000082.183, 161
Trd, 000082.500, 157
Trd, 000083.667, 182
Trd, 000083.967, 139
Trd, 000086.533, 159
Trd, 000088.033, 167
Trd, 000088.933, 163
Trd, 000089.217, 180
Trd, 000090.917, 133
Trd, 000091.333, 167
Trd, 000093.267, 156
Trd, 000094.317, 165
Trd, 000095.733, 162
Trd, 000096.117, 153
Trd, 000096.400, 155
Trd, 000097.100, 166
Trd, 000097.433, 168
Trd, 000098.283, 179
Trd, 000098.433, 168
Trd, 000099.733, 160
Trd, 000100.100, 141
Trd, 000100.683, 134
Trd, 000101.350, 168
Trd, 000101.650, 160
Trd, 000103.383, 184
Trd, 000103.917, 148
Trd, 000104.833, 153
Trd, 000105.700, 111
Trd, 000106.033, 155
Trd, 000106.433, 144
Trd, 000106.967, 164
Trd, 000109.133, 159
Trd, 000109.883, 155
Trd, 000110.600, 178
Trd, 000110.833, 169
Trd, 000111.167, 139
Trd, 000111.983, 167
Trd, 000112.567, 161
Trd, 000113.083, 159
Trd, 000114.933, 179
Trd, 000115.933, 140
Trd, 000116.417, 167
Trd, 000117.783, 157
Trd, 000118.017, 160
Trd, 000118.117, 165
Trd, 000121.367, 164
Trd, 000121.717, 161
Trd, 000122.183, 171
Trd, 000122.233, 155
Trd, 000122.533, 163
Trd, 000123.567, 164
Trd, 000124.767, 158
Trd, 000124.867, 166
Trd, 000125.333, 172
Trd, 000126.017, 140
Trd, 000127.367, 158
Trd, 000128.633, 158
Trd, 000129.883, 161
Trd, 000131.500, 157
Trd, 000131.600, 159
Trd, 000133.067, 170
Trd, 000133.117, 167
Trd, 000134.167, 165
Trd, 000134.533, 168
Trd, 000135.167, 162
Trd, 000135.750, 151
Trd, 000136.433, 147
Trd, 000136.717, 151
Trd, 000137.317, 156
Trd, 000137.767, 152
Trd, 000137.950, 162
Trd, 000141.083, 161
Trd, 000141.717, 155
Trd, 000143.233, 157
Trd, 000144.117, 139
Trd, 000144.800, 167
Trd, 000145.917, 150
Trd, 000146.683, 163
Trd, 000147.183, 156
Trd, 000147.233, 158
Trd, 000148.067, 165
Trd, 000149.767, 178
Trd, 000149.833, 147
Trd, 000151.200, 173
Trd, 000151.917, 163
Trd, 000153.167, 163
Trd, 000154.367, 169
Trd, 000154.500, 143
Trd, 000156.333, 181
Trd, 000158.033, 169
Trd, 000158.767, 166
Trd, 000159.433, 156
Trd, 000160.817, 155
Trd, 000161.317, 160
Trd, 000161.883, 158
Trd, 000162.117, 154
Trd, 000162.633, 163
Trd, 000163.800, 175
Trd, 000166.583, 131
Trd, 000166.700, 167
Trd, 000167.117, 161
Trd, 000168.850, 137
Trd, 000169.367, 159
Trd, 000171.700, 172
Trd, 000172.500, 174
Trd, 000172.733, 165
Trd, 000173.383, 164
Trd, 000175.183, 184
Trd, 000175.433, 166
Trd, 000175.683, 134
Trd, 000176.150, 159
Trd, 000176.283, 143
Trd, 000176.417, 163
Trd, 000176.950, 158
Trd, 000179.000, 165
Trd, 000180.483, 160
Trd, 000181.067, 172
Trd, 000181.583, 158
Trd, 000182.717, 169
Trd, 000183.350, 140
Trd, 000184.800, 178
Trd, 000186.150, 168
Trd, 000186.317, 181
Trd, 000186.967, 176
Trd, 000187.850, 173
Trd, 000190.167, 162
Trd, 000191.783, 169
Trd, 000193.117, 179
Trd, 000193.733, 140
Trd, 000194.433, 158
Trd, 000195.533, 158
Trd, 000196.817, 152
Trd, 000197.033, 164
Trd, 000199.017, 172
Trd, 000201.517, 168
Trd, 000203.133, 167
Trd, 000203.200, 168
Trd, 000203.417, 169
Trd, 000206.617, 136
Trd, 000207.083, 163
Trd, 000207.533, 161
Trd, 000207.650, 174
Trd, 000208.700, 158
Trd, 000208.850, 151
Trd, 000211.267, 158
Trd, 000212.383, 158
Trd, 000214.317, 173
Trd, 000215.133, 166
Trd, 000215.283, 150
Trd, 000216.467, 163
Trd, 000217.667, 155
Trd, 000217.900, 158
Trd, 000217.950, 149
Trd, 000218.033, 173
Trd, 000221.217, 156
Trd, 000221.333, 133
Trd, 000225.017, 156
Trd, 000225.283, 141
Trd, 000225.400, 158
Trd, 000225.950, 159
Trd, 000226.317, 135
Trd, 000226.617, 172
Trd, 000226.683, 167
Trd, 000226.700, 133
Trd, 000228.250, 174
Trd, 000229.083, 163
Trd, 000229.783, 173
Trd, 000231.217, 131
Trd, 000231.633, 161
Trd, 000232.033, 163
Trd, 000234.133, 186
Trd, 000236.817, 173
Trd, 000236.867, 141
Trd, 000237.517, 140
Trd, 000237.900, 144
Trd, 000238.417, 152
Trd, 000238.700, 160
Trd, 000239.017, 167
Trd, 000239.950, 184
Trd, 000240.850, 181
Trd, 000241.267, 156
Trd, 000241.633, 147
Trd, 000241.717, 159
Trd, 000241.883, 168
Trd, 000242.867, 172
Trd, 000247.400, 169
Trd, 000247.517, 166
Trd, 000247.833, 163
Trd, 000249.000, 173
Trd, 000249.367, 144
Trd, 000251.567, 140
Trd, 000252.233, 158
Trd, 000252.767, 156
Trd, 000252.817, 154
Trd, 000255.217, 159
Trd, 000257.300, 167
Trd, 000257.917, 158
Trd, 000258.250, 157
Trd, 000258.833, 159
Trd, 000260.283, 155
Trd, 000260.933, 134
Trd, 000261.300, 166
Trd, 000261.717, 155
Trd, 000262.133, 162
Trd, 000263.083, 161
Trd, 000263.917, 176
Trd, 000266.400, 135
Trd, 000266.433, 156
Trd, 000267.200, 164
Trd, 000267.467, 149
Trd, 000267.567, 159
Trd, 000268.833, 171
Trd, 000269.917, 175
Trd, 000271.650, 155
Trd, 000272.950, 160
Trd, 000273.133, 169
Trd, 000275.033, 189
Trd, 000275.250, 174
Trd, 000276.167, 165
Trd, 000276.450, 124
Trd, 000277.133, 146
Trd, 000277.433, 149
Trd, 000277.533, 160
Trd, 000278.183, 158
Trd, 000281.000, 183
Trd, 000282.267, 163
Trd, 000282.400, 165
Trd, 000283.517, 170
Trd, 000283.967, 161
Trd, 000286.667, 156
Trd, 000288.367, 154
Trd, 000288.517, 164
Trd, 000289.767, 166
Trd, 000290.067, 165
Trd, 000290.617, 146
Trd, 000291.117, 174
Trd, 000291.800, 160
Trd, 000292.483, 165
Trd, 000292.850, 166
Trd, 000293.117, 163
Trd, 000294.067, 178
Trd, 000297.300, 159
Trd, 000297.750, 161
Trd, 000298.750, 165
Trd, 000299.483, 161
