Trd, 000005.200, 103
Trd, 000005.283, 124
Trd, 000005.533, 136
Trd, 000005.683, 144
Trd, 000005.883, 160
Trd, 000006.783, 142
Trd, 000007.167, 158
Trd, 000007.883, 160
Trd, 000008.733, 143
Trd, 000009.567, 144
Trd, 000010.150, 133
Trd, 000010.717, 151
Trd, 000011.417, 156
Trd, 000011.500, 176
Trd, 000012.733, 141
Trd, 000013.983, 170
Trd, 000014.617, 184
Trd, 000015.333, 176
Trd, 000015.400, 167
Trd, 000015.417, 155
Trd, 000016.383, 138
Trd, 000016.633, 136
Trd, 000017.183, 132
Trd, 000017.600, 159
Trd, 000020.200, 139
Trd, 000020.833, 163
Trd, 000020.917, 133
Trd, 000021.083, 157
Trd, 000021.133, 143
Trd, 000021.900, 174
Trd, 000024.617, 166
Trd, 000024.683, 144
Trd, 000025.183, 177
Trd, 000026.600, 174
Trd, 000028.567, 146
Trd, 000028.833, 165
Trd, 000029.033, 141
Trd, 000030.567, 148
Trd, 000030.583, 130
Trd, 000030.900, 127
Trd, 000031.100, 137
Trd, 000031.300, 163
Trd, 000032.150, 154
Trd, 000032.283, 159
Trd, 000033.617, 168
Trd, 000035.850, 141
Trd, 000036.400, 173
Trd, 000037.250, 183
Trd, 000038.200, 154
Trd, 000040.583, 146
Trd, 000040.883, 172
Trd, 000041.183, 147
Trd, 000041.833, 167
Trd, 000043.000, 149
Trd, 000043.683, 153
Trd, 000045.483, 142
Trd, 000045.750, 141
Trd, 000046.150, 168
Trd, 000046.300, 170
Trd, 000048.800, 131
Trd, 000049.233, 153
Trd, 000051.533, 178
Trd, 000051.833, 171
Trd, 000052.133, 161
Trd, 000052.367, 160
Trd, 000053.550, 165
Trd, 000053.633, 160
Trd, 000055.900, 139
Trd, 000056.017, 130
Trd, 000056.100, 171
Trd, 000056.750, 192
Trd, 000056.983, 170
Trd, 000058.417, 154
Trd, 000058.833, 178
Trd, 000058.967, 167
Trd, 000060.517, 142
Trd, 000061.467, 166
Trd, 000061.800, 167
Trd, 000061.833, 157
Trd, 000062.917, 194
Trd, 000064.383, 167
Trd, 000065.683, 156
Trd, 000066.550, 163
Trd, 000066.917, 144
Trd, 000067.200, 151
Trd, 000069.183, 155
Trd, 000069.633, 148
Trd, 000070.700, 162
Trd, 000070.750, 113
Trd, 000071.117, 159
Trd, 000071.900, 159
Trd, 000074.650, 175
Trd, 000074.967, 172
Trd, 000075.833, 129
Trd, 000076.483, 144
Trd, 000077.517, 174
Trd, 000077.533, 173
Trd, 000079.083, 158
Trd, 000079.583, 153
Trd, 000080.633, 175
Trd, 000080.800, 143
Trd, 000081.167, 136
Trd, 000083.033, 177
Trd, 000083.150, 158
Trd, 000085.700, 140
Trd, 000086.300, 168
Trd, 000086.467, 167
Trd, 000087.767, 177
Trd, 000087.933, 145
Trd, 000088.200, 176
Trd, 000089.800, 163
Trd, 000091.217, 149
Trd, 000091.283, 173
Trd, 000091.733, 174
Trd, 000092.817, 161
Trd, 000092.833, 149
Trd, 000096.100, 153
Trd, 000096.550, 145
Trd, 000096.967, 144
Trd, 000098.217, 133
Trd, 000098.367, 170
Trd, 000101.117, 176
Trd, 000101.983, 167
Trd, 000102.317, 143
Trd, 000103.600, 149
Trd, 000105.433, 157
Trd, 000105.983, 128
Trd, 000106.000, 111
Trd, 000107.183, 187
Trd, 000107.233, 175
Trd, 000108.317, 161
Trd, 000109.083, 156
Trd, 000110.817, 106
Trd, 000111.033, 148
Trd, 000111.400, 163
Trd, 000112.633, 179
Trd, 000112.883, 179
Trd, 000115.100, 169
Trd, 000115.967, 136
Trd, 000116.583, 139
Trd, 000116.900, 135
Trd, 000117.350, 199
Trd, 000118.183, 174
Trd, 000119.100, 145
Trd, 000120.317, 161
Trd, 000121.067, 157
Trd, 000121.867, 161
Trd, 000122.767, 173
Trd, 000123.233, 164
Trd, 000123.850, 153
Trd, 000123.967, 143
Trd, 000126.667, 163
Trd, 000127.100, 162
Trd, 000127.233, 160
Trd, 000127.250, 165
Trd, 000127.817, 151
Trd, 000128.117, 170
Trd, 000129.150, 148
Trd, 000131.350, 153
Trd, 000131.567, 182
Trd, 000132.367, 165
Trd, 000132.767, 154
Trd, 000133.133, 149
Trd, 000134.033, 167
Trd, 000134.167, 152
Trd, 000135.217, 152
Trd, 000135.700, 149
Trd, 000136.133, 141
Trd, 000137.500, 169
Trd, 000137.683, 152
Trd, 000138.600, 162
Trd, 000139.367, 151
Trd, 000140.350, 181
Trd, 000141.067, 166
Trd, 000141.250, 158
Trd, 000142.383, 172
Trd, 000142.417, 149
Trd, 000142.933, 159
Trd, 000143.100, 162
Trd, 000145.583, 154
Trd, 000145.867, 117
Trd, 000146.933, 174
Trd, 000147.400, 156
Trd, 000147.750, 147
Trd, 000147.817, 177
Trd, 000148.017, 142
Trd, 000151.233, 191
Trd, 000152.467, 155
Trd, 000152.700, 155
Trd, 000153.833, 188
Trd, 000153.983, 159
Trd, 000155.250, 167
Trd, 000156.217, 178
Trd, 000156.700, 166
Trd, 000156.817, 162
Trd, 000156.867, 159
Trd, 000157.083, 160
Trd, 000159.817, 168
Trd, 000161.117, 129
Trd, 000161.483, 188
Trd, 000161.933, 157
Trd, 000162.017, 158
Trd, 000162.317, 159
Trd, 000163.500, 175
Trd, 000164.100, 169
Trd, 000167.067, 153
Trd, 000167.217, 148
Trd, 000168.300, 173
Trd, 000168.500, 161
Trd, 000168.617, 180
Trd, 000169.867, 154
Trd, 000170.483, 159
Trd, 000170.550, 138
Trd, 000171.250, 140
Trd, 000172.517, 174
Trd, 000172.700, 180
Trd, 000173.733, 171
Trd, 000174.383, 167
Trd, 000174.917, 160
Trd, 000176.783, 156
Trd, 000177.467, 133
Trd, 000177.483, 138
Trd, 000177.650, 163
Trd, 000177.717, 159
Trd, 000177.850, 129
Trd, 000178.717, 165
Trd, 000180.233, 154
Trd, 000180.367, 171
Trd, 000181.317, 174
Trd, 000181.383, 141
Trd, 000181.550, 147
Trd, 000182.017, 181
Trd, 000182.333, 180
Trd, 000184.617, 172
Trd, 000184.917, 163
Trd, 000186.183, 148
Trd, 000187.183, 171
Trd, 000188.267, 156
Trd, 000188.617, 163
Trd, 000189.817, 141
Trd, 000189.983, 138
Trd, 000191.150, 153
Trd, 000192.700, 147
Trd, 000192.800, 141
Trd, 000192.833, 138
Trd, 000193.817, 157
Trd, 000194.083, 144
Trd, 000194.383, 157
Trd, 000194.933, 171
Trd, 000196.117, 174
Trd, 000196.233, 157
Trd, 000196.767, 158
Trd, 000197.850, 140
Trd, 000199.750, 155
Trd, 000200.100, 152
Trd, 000201.550, 144
Trd, 000201.883, 155
Trd, 000204.200, 160
Trd, 000204.367, 164
Trd, 000204.783, 158
Trd, 000206.550, 135
Trd, 000206.783, 154
Trd, 000206.983, 157
Trd, 000207.067, 134
Trd, 000207.300, 146
Trd, 000208.250, 142
Trd, 000208.433, 165
Trd, 000209.583, 181
Trd, 000211.150, 117
Trd, 000211.950, 165
Trd, 000212.117, 157
Trd, 000212.317, 167
Trd, 000212.350, 139
Trd, 000213.533, 148
Trd, 000215.000, 175
Trd, 000215.267, 167
Trd, 000215.950, 187
Trd, 000216.350, 133
Trd, 000216.417, 187
Trd, 000216.900, 145
Trd, 000217.267, 138
Trd, 000217.867, 151
Trd, 000218.450, 174
Trd, 000219.033, 174
Trd, 000221.333, 163
Trd, 000221.567, 134
Trd, 000221.833, 150
Trd, 000222.817, 160
Trd, 000224.250, 168
Trd, 000225.400, 166
Trd, 000226.233, 180
Trd, 000226.833, 129
Trd, 000227.883, 166
Trd, 000228.817, 172
Trd, 000229.483, 161
Trd, 000231.283, 183
Trd, 000231.417, 143
Trd, 000231.600, 144
Trd, 000232.017, 142
Trd, 000232.800, 158
Trd, 000234.567, 162
Trd, 000234.867, 170
Trd, 000236.267, 133
Trd, 000236.717, 182
Trd, 000238.183, 170
Trd, 000240.483, 165
Trd, 000241.317, 163
Trd, 000241.800, 169
Trd, 000241.867, 140
Trd, 000241.950, 163
Trd, 000242.267, 165
Trd, 000243.067, 173
Trd, 000244.133, 159
Trd, 000244.383, 157
Trd, 000244.550, 161
Trd, 000246.550, 172
Trd, 000247.000, 160
Trd, 000247.100, 148
Trd, 000247.200, 141
Trd, 000247.833, 171
Trd, 000250.200, 156
Trd, 000250.267, 144
Trd, 000251.900, 168
Trd, 000252.183, 168
Trd, 000252.200, 178
Trd, 000252.733, 147
Trd, 000254.400, 182
Trd, 000255.700, 181
Trd, 000255.750, 158
Trd, 000256.300, 146
Trd, 000256.467, 136
Trd, 000257.083, 145
Trd, 000257.667, 152
Trd, 000258.533, 159
Trd, 000259.933, 153
Trd, 000260.617, 177
Trd, 000261.717, 122
Trd, 000261.867, 123
Trd, 000261.900, 141
Trd, 000263.033, 184
Trd, 000263.217, 163
Trd, 000263.467, 153
Trd, 000265.867, 163
Trd, 000266.383, 160
Trd, 000266.850, 165
Trd, 000267.433, 159
Trd, 000267.567, 164
Trd, 000267.900, 151
Trd, 000269.217, 149
Trd, 000271.333, 172
Trd, 000271.567, 171
Trd, 000272.017, 168
Trd, 000272.300, 175
Trd, 000274.050, 163
Trd, 000274.283, 152
Trd, 000275.583, 143
Trd, 000277.150, 140
Trd, 000277.367, 158
Trd, 000277.600, 181
Trd, 000278.517, 157
Trd, 000280.767, 159
Trd, 000281.150, 151
Trd, 000281.833, 175
Trd, 000281.983, 170
Trd, 000282.033, 168
Trd, 000282.450, 168
Trd, 000282.733, 189
Trd, 000283.083, 171
Trd, 000285.683, 149
Trd, 000286.883, 191
Trd, 000287.050, 197
Trd, 000287.133, 164
Trd, 000287.450, 154
Trd, 000287.617, 145
Trd, 000287.867, 151
Trd, 000291.850, 130
Trd, 000293.033, 161
Trd, 000293.183, 169
Trd, 000295.833, 156
Trd, 000296.833, 172
Trd, 000297.350, 174
Trd, 000297.967, 173
Trd, 000299.083, 158
