Trd, 000005.150, 106
Trd, 000006.233, 155
Trd, 000006.400, 146
Trd, 000006.450, 151
Trd, 000006.733, 147
Trd, 000006.967, 152
Trd, 000007.217, 154
Trd, 000007.250, 136
Trd, 000010.400, 175
Trd, 000011.100, 161
Trd, 000012.933, 158
Trd, 000012.983, 162
Trd, 000013.267, 153
Trd, 000015.200, 148
Trd, 000015.300, 171
Trd, 000015.900, 143
Trd, 000016.183, 132
Trd, 000016.783, 170
Trd, 000017.783, 142
Trd, 000021.200, 158
Trd, 000022.250, 149
Trd, 000022.467, 148
Trd, 000022.617, 150
Trd, 000022.750, 153
Trd, 000024.700, 158
Trd, 000025.333, 178
Trd, 000026.267, 167
Trd, 000027.900, 155
Trd, 000027.917, 160
Trd, 000028.267, 156
Trd, 000028.350, 139
Trd, 000030.733, 184
Trd, 000031.600, 161
Trd, 000032.000, 152
Trd, 000032.333, 151
Trd, 000033.650, 157
Trd, 000036.650, 158
Trd, 000036.900, 155
Trd, 000037.433, 165
Trd, 000038.217, 145
Trd, 000039.833, 146
Trd, 000040.350, 146
Trd, 000040.567, 125
Trd, 000040.783, 143
Trd, 000041.433, 168
Trd, 000042.433, 167
Trd, 000042.500, 150
Trd, 000043.367, 157
Trd, 000045.567, 158
Trd, 000045.917, 165
Trd, 000047.150, 152
Trd, 000047.533, 159
Trd, 000048.000, 166
Trd, 000048.533, 138
Trd, 000048.833, 147
Trd, 000049.583, 145
Trd, 000050.600, 158
Trd, 000051.250, 170
Trd, 000052.017, 156
Trd, 000052.833, 159
Trd, 000054.617, 147
Trd, 000055.783, 134
Trd, 000056.617, 161
Trd, 000057.133, 154
Trd, 000057.300, 152
Trd, 000058.600, 147
Trd, 000059.383, 168
Trd, 000061.567, 168
Trd, 000061.800, 161
Trd, 000062.517, 144
Trd, 000062.817, 141
Trd, 000065.667, 145
Trd, 000065.833, 133
Trd, 000066.533, 176
Trd, 000067.800, 166
Trd, 000068.167, 159
Trd, 000070.150, 180
Trd, 000071.633, 156
Trd, 000072.517, 161
Trd, 000072.617, 155
Trd, 000073.100, 146
Trd, 000074.333, 142
Trd, 000075.000, 146
Trd, 000076.283, 162
Trd, 000076.883, 137
Trd, 000076.933, 143
Trd, 000077.617, 151
Trd, 000078.067, 165
Trd, 000078.533, 158
Trd, 000080.783, 189
Trd, 000081.133, 159
Trd, 000081.267, 146
Trd, 000081.850, 155
Trd, 000083.050, 158
Trd, 000084.817, 148
Trd, 000085.833, 195
Trd, 000086.033, 181
Trd, 000086.050, 161
Trd, 000086.383, 152
Trd, 000086.500, 164
Trd, 000086.700, 138
Trd, 000087.183, 136
Trd, 000087.783, 140
Trd, 000089.350, 171
Trd, 000091.500, 180
Trd, 000091.767, 159
Trd, 000092.133, 149
Trd, 000093.017, 153
Trd, 000094.033, 153
Trd, 000095.800, 136
Trd, 000095.917, 123
Trd, 000096.217, 147
Trd, 000096.483, 164
Trd, 000097.050, 140
Trd, 000098.467, 147
Trd, 000099.217, 143
Trd, 000100.883, 125
Trd, 000101.483, 142
Trd, 000101.717, 170
Trd, 000102.917, 171
Trd, 000103.233, 150
Trd, 000103.450, 146
Trd, 000103.600, 140
Trd, 000104.383, 140
Trd, 000105.800, 121
Trd, 000106.167, 154
Trd, 000106.917, 155
Trd, 000107.000, 166
Trd, 000109.500, 159
Trd, 000109.783, 150
Trd, 000110.200, 160
Trd, 000112.050, 172
Trd, 000112.417, 154
Trd, 000112.567, 158
Trd, 000113.150, 163
Trd, 000114.150, 153
Trd, 000114.400, 150
Trd, 000115.767, 167
Trd, 000116.400, 148
Trd, 000118.233, 141
Trd, 000118.800, 151
Trd, 000118.900, 148
Trd, 000119.233, 144
Trd, 000120.183, 165
Trd, 000121.183, 149
Trd, 000121.233, 172
Trd, 000121.650, 140
Trd, 000122.100, 145
Trd, 000123.017, 145
Trd, 000123.367, 159
Trd, 000124.167, 155
Trd, 000125.900, 142
Trd, 000126.033, 180
Trd, 000128.367, 175
Trd, 000128.500, 148
Trd, 000128.583, 148
Trd, 000131.133, 154
Trd, 000131.767, 151
Trd, 000132.533, 153
Trd, 000134.767, 164
Trd, 000136.900, 149
Trd, 000137.650, 168
Trd, 000139.250, 170
Trd, 000140.583, 163
Trd, 000141.100, 144
Trd, 000141.533, 150
Trd, 000141.967, 152
Trd, 000142.833, 147
Trd, 000143.217, 151
Trd, 000145.350, 154
Trd, 000146.283, 150
Trd, 000148.550, 157
Trd, 000149.167, 158
Trd, 000150.067, 177
Trd, 000150.683, 165
Trd, 000151.683, 182
Trd, 000151.700, 187
Trd, 000151.967, 130
Trd, 000152.400, 158
Trd, 000153.017, 161
Trd, 000156.100, 185
Trd, 000156.483, 141
Trd, 000156.600, 185
Trd, 000157.450, 163
Trd, 000160.300, 158
Trd, 000161.317, 149
Trd, 000161.517, 184
Trd, 000161.800, 148
Trd, 000162.200, 188
Trd, 000163.150, 158
Trd, 000163.233, 165
Trd, 000165.967, 166
Trd, 000166.567, 142
Trd, 000167.600, 175
Trd, 000167.733, 158
Trd, 000169.433, 171
Trd, 000169.683, 154
Trd, 000170.850, 149
Trd, 000171.550, 179
Trd, 000172.133, 181
Trd, 000172.533, 153
Trd, 000173.550, 135
Trd, 000174.150, 152
Trd, 000175.017, 146
Trd, 000177.217, 180
Trd, 000177.233, 184
Trd, 000177.833, 158
Trd, 000179.917, 143
Trd, 000180.000, 144
Trd, 000181.283, 172
Trd, 000182.283, 171
Trd, 000183.467, 153
Trd, 000183.683, 155
Trd, 000184.867, 156
Trd, 000184.983, 148
Trd, 000186.350, 153
Trd, 000186.500, 152
Trd, 000186.883, 170
Trd, 000187.050, 165
Trd, 000187.200, 160
Trd, 000187.733, 151
Trd, 000188.650, 148
Trd, 000188.683, 137
Trd, 000190.867, 152
Trd, 000191.217, 177
Trd, 000191.750, 165
Trd, 000191.917, 145
Trd, 000194.017, 146
Trd, 000194.150, 163
Trd, 000194.683, 153
Trd, 000195.700, 151
Trd, 000196.167, 196
Trd, 000196.233, 150
Trd, 000197.033, 141
Trd, 000197.183, 136
Trd, 000197.633, 139
Trd, 000198.650, 144
Trd, 000199.800, 173
Trd, 000200.650, 153
Trd, 000201.217, 115
Trd, 000201.800, 182
Trd, 000201.900, 146
Trd, 000202.867, 143
Trd, 000203.617, 144
Trd, 000205.200, 162
Trd, 000206.367, 154
Trd, 000206.900, 138
Trd, 000208.000, 154
Trd, 000208.033, 170
Trd, 000208.633, 162
Trd, 000209.783, 158
Trd, 000211.467, 162
Trd, 000211.600, 129
Trd, 000212.250, 163
Trd, 000212.400, 174
Trd, 000212.633, 153
Trd, 000212.933, 154
Trd, 000213.683, 150
Trd, 000216.067, 147
Trd, 000216.233, 158
Trd, 000216.833, 163
Trd, 000217.000, 166
Trd, 000217.567, 153
Trd, 000218.167, 176
Trd, 000218.517, 155
Trd, 000218.683, 158
Trd, 000219.917, 170
Trd, 000220.750, 166
Trd, 000221.383, 152
Trd, 000222.017, 154
Trd, 000222.533, 177
Trd, 000223.267, 153
Trd, 000223.417, 140
Trd, 000225.250, 171
Trd, 000225.767, 161
Trd, 000226.183, 134
Trd, 000226.283, 145
Trd, 000226.417, 194
Trd, 000227.567, 156
Trd, 000228.150, 139
Trd, 000230.550, 162
Trd, 000231.833, 184
Trd, 000232.050, 150
Trd, 000232.517, 146
Trd, 000233.167, 149
Trd, 000236.433, 175
Trd, 000236.850, 163
Trd, 000237.533, 165
Trd, 000238.117, 160
Trd, 000239.083, 155
Trd, 000240.167, 154
Trd, 000240.217, 151
Trd, 000241.450, 145
Trd, 000241.867, 171
Trd, 000242.800, 166
Trd, 000243.517, 141
Trd, 000243.817, 159
Trd, 000245.800, 172
Trd, 000246.433, 175
Trd, 000246.917, 176
Trd, 000247.667, 153
Trd, 000248.500, 146
Trd, 000249.600, 163
Trd, 000250.250, 155
Trd, 000251.417, 154
Trd, 000251.750, 183
Trd, 000252.083, 147
Trd, 000252.267, 152
Trd, 000252.967, 148
Trd, 000253.517, 138
Trd, 000253.800, 137
Trd, 000255.100, 152
Trd, 000257.000, 140
Trd, 000257.083, 147
Trd, 000260.467, 153
Trd, 000261.917, 156
Trd, 000261.933, 131
Trd, 000262.817, 139
Trd, 000263.300, 147
Trd, 000263.567, 149
Trd, 000264.050, 146
Trd, 000265.667, 156
Trd, 000266.333, 174
Trd, 000266.467, 178
Trd, 000267.567, 158
Trd, 000267.767, 153
Trd, 000268.283, 179
Trd, 000269.600, 141
Trd, 000271.867, 173
Trd, 000271.917, 169
Trd, 000275.000, 153
Trd, 000275.300, 166
Trd, 000275.467, 147
Trd, 000275.533, 148
Trd, 000275.783, 138
Trd, 000277.000, 157
Trd, 000279.350, 180
Trd, 000279.400, 189
Trd, 000279.983, 173
Trd, 000280.133, 168
Trd, 000281.083, 158
Trd, 000281.167, 154
Trd, 000281.650, 197
Trd, 000281.800, 146
Trd, 000282.567, 156
Trd, 000284.000, 153
Trd, 000284.367, 153
Trd, 000285.067, 178
Trd, 000286.067, 157
Trd, 000286.250, 139
Trd, 000286.333, 174
Trd, 000286.650, 123
Trd, 000287.517, 148
Trd, 000287.600, 155
Trd, 000287.983, 164
Trd, 000289.800, 166
Trd, 000291.883, 155
Trd, 000292.017, 194
Trd, 000293.483, 165
Trd, 000294.217, 169
Trd, 000294.317, 155
Trd, 000294.400, 146
Trd, 000294.667, 141
Trd, 000294.933, 137
Trd, 000295.683, 133
Trd, 000296.633, 151
Trd, 000297.467, 145
Trd, 000298.367, 150
Trd, 000298.933, 147
