Trd, 000005.267, 129
Trd, 000005.417, 130
Trd, 000005.500, 132
Trd, 000005.650, 142
Trd, 000006.017, 145
Trd, 000006.100, 151
Trd, 000006.133, 139
Trd, 000006.200, 160
Trd, 000008.033, 164
Trd, 000008.083, 139
Trd, 000010.550, 161
Trd, 000011.917, 148
Trd, 000011.933, 153
Trd, 000012.233, 145
Trd, 000013.250, 140
Trd, 000015.350, 151
Trd, 000015.517, 148
Trd, 000015.650, 143
Trd, 000017.167, 164
Trd, 000017.833, 146
Trd, 000019.433, 164
Trd, 000019.500, 141
Trd, 000019.917, 140
Trd, 000020.317, 182
Trd, 000020.867, 166
Trd, 000021.300, 153
Trd, 000021.600, 149
Trd, 000022.550, 170
Trd, 000023.967, 159
Trd, 000024.817, 157
Trd, 000025.350, 169
Trd, 000025.600, 161
Trd, 000027.367, 149
Trd, 000028.000, 160
Trd, 000028.300, 171
Trd, 000028.767, 155
Trd, 000030.450, 146
Trd, 000030.833, 161
Trd, 000030.900, 146
Trd, 000031.317, 136
Trd, 000031.683, 139
Trd, 000032.117, 118
Trd, 000032.767, 165
Trd, 000035.967, 169
Trd, 000036.383, 156
Trd, 000036.717, 155
Trd, 000038.833, 171
Trd, 000038.883, 167
Trd, 000039.200, 155
Trd, 000040.967, 127
Trd, 000041.267, 146
Trd, 000041.283, 152
Trd, 000041.450, 159
Trd, 000041.683, 149
Trd, 000043.400, 164
Trd, 000045.433, 116
Trd, 000046.083, 132
Trd, 000047.067, 154
Trd, 000047.483, 166
Trd, 000047.717, 151
Trd, 000049.250, 149
Trd, 000050.467, 152
Trd, 000050.850, 147
Trd, 000051.333, 140
Trd, 000051.433, 152
Trd, 000051.733, 125
Trd, 000052.883, 174
Trd, 000054.067, 167
Trd, 000055.667, 181
Trd, 000055.817, 173
Trd, 000056.267, 159
Trd, 000056.333, 157
Trd, 000056.950, 151
Trd, 000058.533, 171
Trd, 000059.100, 143
Trd, 000059.217, 156
Trd, 000060.633, 153
Trd, 000061.733, 177
Trd, 000062.833, 165
Trd, 000063.183, 149
Trd, 000064.317, 162
Trd, 000064.983, 153
Trd, 000065.317, 159
Trd, 000065.750, 161
Trd, 000066.517, 148
Trd, 000066.617, 143
Trd, 000067.517, 149
Trd, 000069.317, 145
Trd, 000070.583, 153
Trd, 000070.933, 135
Trd, 000071.067, 140
Trd, 000071.633, 173
Trd, 000071.983, 151
Trd, 000073.483, 147
Trd, 000073.633, 156
Trd, 000074.717, 167
Trd, 000075.633, 129
Trd, 000076.100, 127
Trd, 000076.517, 137
Trd, 000076.633, 159
Trd, 000077.233, 134
Trd, 000078.067, 136
Trd, 000078.483, 152
Trd, 000081.700, 176
Trd, 000082.083, 165
Trd, 000082.750, 161
Trd, 000082.767, 158
Trd, 000083.183, 155
Trd, 000083.517, 152
Trd, 000085.483, 158
Trd, 000085.967, 154
Trd, 000087.067, 162
Trd, 000088.117, 164
Trd, 000088.267, 148
Trd, 000089.017, 159
Trd, 000090.300, 178
Trd, 000090.483, 174
Trd, 000090.583, 170
Trd, 000092.300, 175
Trd, 000092.650, 167
Trd, 000094.167, 175
Trd, 000095.317, 177
Trd, 000095.700, 146
Trd, 000095.833, 144
Trd, 000095.983, 146
Trd, 000098.000, 147
Trd, 000098.667, 147
Trd, 000098.767, 152
Trd, 000099.217, 155
Trd, 000100.217, 131
Trd, 000101.500, 142
Trd, 000101.567, 146
Trd, 000102.000, 142
Trd, 000102.150, 148
Trd, 000103.583, 163
Trd, 000104.117, 153
Trd, 000105.517, 167
Trd, 000105.850, 150
Trd, 000105.933, 166
Trd, 000106.800, 153
Trd, 000106.950, 147
Trd, 000107.117, 136
Trd, 000107.483, 144
Trd, 000111.183, 157
Trd, 000111.800, 149
Trd, 000112.083, 141
Trd, 000113.883, 147
Trd, 000115.450, 161
Trd, 000115.933, 162
Trd, 000116.200, 163
Trd, 000116.283, 155
Trd, 000118.000, 169
Trd, 000119.617, 139
Trd, 000120.150, 140
Trd, 000121.567, 158
Trd, 000122.000, 147
Trd, 000122.067, 159
Trd, 000122.900, 139
Trd, 000124.150, 148
Trd, 000125.483, 166
Trd, 000125.700, 154
Trd, 000126.033, 136
Trd, 000126.533, 143
Trd, 000128.033, 149
Trd, 000128.433, 139
Trd, 000128.467, 154
Trd, 000130.583, 154
Trd, 000130.883, 139
Trd, 000131.283, 152
Trd, 000132.250, 151
Trd, 000132.333, 160
Trd, 000133.267, 167
Trd, 000134.750, 138
Trd, 000136.483, 140
Trd, 000136.567, 140
Trd, 000136.883, 155
Trd, 000138.583, 153
Trd, 000139.650, 139
Trd, 000141.633, 147
Trd, 000141.900, 151
Trd, 000141.933, 157
Trd, 000142.017, 139
Trd, 000143.583, 169
Trd, 000144.950, 154
Trd, 000145.733, 164
Trd, 000145.933, 138
Trd, 000146.133, 162
Trd, 000146.200, 138
Trd, 000146.517, 158
Trd, 000146.817, 172
Trd, 000147.250, 158
Trd, 000148.033, 176
Trd, 000148.950, 152
Trd, 000151.500, 148
Trd, 000151.717, 157
Trd, 000152.450, 152
Trd, 000153.017, 162
Trd, 000154.017, 174
Trd, 000154.417, 160
Trd, 000155.150, 136
Trd, 000156.617, 161
Trd, 000156.867, 147
Trd, 000156.917, 140
Trd, 000157.133, 179
Trd, 000157.600, 142
Trd, 000161.133, 172
Trd, 000161.300, 145
Trd, 000161.350, 149
Trd, 000161.417, 159
Trd, 000161.667, 143
Trd, 000162.283, 155
Trd, 000162.417, 128
Trd, 000163.800, 151
Trd, 000165.717, 181
Trd, 000166.117, 155
Trd, 000166.300, 153
Trd, 000166.833, 144
Trd, 000167.433, 162
Trd, 000169.233, 159
Trd, 000169.850, 152
Trd, 000171.400, 155
Trd, 000171.533, 166
Trd, 000172.033, 158
Trd, 000172.083, 142
Trd, 000173.150, 162
Trd, 000173.383, 157
Trd, 000174.483, 164
Trd, 000176.150, 153
Trd, 000176.767, 150
Trd, 000176.817, 154
Trd, 000177.833, 155
Trd, 000178.517, 164
Trd, 000178.700, 154
Trd, 000179.167, 143
Trd, 000181.133, 153
Trd, 000181.383, 156
Trd, 000182.067, 161
Trd, 000182.283, 152
Trd, 000184.817, 159
Trd, 000185.417, 156
Trd, 000186.450, 143
Trd, 000188.067, 141
Trd, 000188.767, 159
Trd, 000189.717, 148
Trd, 000190.250, 139
Trd, 000190.867, 148
Trd, 000191.233, 143
Trd, 000191.683, 173
Trd, 000192.383, 161
Trd, 000192.450, 149
Trd, 000192.733, 173
Trd, 000193.217, 158
Trd, 000193.283, 157
Trd, 000195.117, 156
Trd, 000195.200, 139
Trd, 000196.233, 149
Trd, 000196.267, 139
Trd, 000196.367, 163
Trd, 000196.833, 134
Trd, 000197.333, 175
Trd, 000197.967, 160
Trd, 000198.533, 138
Trd, 000199.133, 175
Trd, 000201.150, 172
Trd, 000201.717, 139
Trd, 000202.317, 150
Trd, 000202.883, 152
Trd, 000203.633, 137
Trd, 000204.050, 146
Trd, 000205.100, 136
Trd, 000205.217, 149
Trd, 000207.000, 125
Trd, 000207.150, 139
Trd, 000207.500, 172
Trd, 000207.717, 153
Trd, 000207.933, 162
Trd, 000209.000, 160
Trd, 000210.400, 153
Trd, 000210.850, 157
Trd, 000211.367, 136
Trd, 000211.900, 160
Trd, 000212.617, 161
Trd, 000213.500, 172
Trd, 000213.817, 161
Trd, 000214.317, 140
Trd, 000216.383, 141
Trd, 000216.650, 154
Trd, 000216.750, 162
Trd, 000217.750, 165
Trd, 000218.617, 150
Trd, 000219.100, 141
Trd, 000220.783, 186
Trd, 000221.250, 162
Trd, 000221.767, 150
Trd, 000221.867, 154
Trd, 000223.433, 141
Trd, 000223.617, 160
Trd, 000225.400, 170
Trd, 000226.317, 151
Trd, 000226.517, 150
Trd, 000226.750, 179
Trd, 000226.800, 148
Trd, 000227.117, 142
Trd, 000229.317, 164
Trd, 000229.400, 156
Trd, 000231.317, 149
Trd, 000231.567, 155
Trd, 000231.783, 155
Trd, 000232.500, 170
Trd, 000233.083, 166
Trd, 000234.600, 157
Trd, 000236.600, 162
Trd, 000237.933, 168
Trd, 000238.867, 154
Trd, 000239.333, 154
Trd, 000239.583, 140
Trd, 000240.517, 164
Trd, 000241.417, 138
Trd, 000241.783, 176
Trd, 000242.167, 168
Trd, 000243.233, 161
Trd, 000244.700, 159
Trd, 000245.017, 162
Trd, 000245.550, 172
Trd, 000246.150, 151
Trd, 000246.967, 154
Trd, 000247.067, 157
Trd, 000247.783, 161
Trd, 000248.833, 168
Trd, 000249.833, 174
Trd, 000250.117, 145
Trd, 000250.817, 175
Trd, 000251.583, 134
Trd, 000252.533, 142
Trd, 000254.033, 152
Trd, 000254.367, 166
Trd, 000254.800, 167
Trd, 000256.300, 149
Trd, 000256.450, 157
Trd, 000256.900, 156
Trd, 000257.783, 163
Trd, 000257.833, 161
Trd, 000258.533, 148
Trd, 000260.050, 142
Trd, 000261.733, 160
Trd, 000262.700, 174
Trd, 000263.117, 178
Trd, 000263.317, 179
Trd, 000264.167, 145
Trd, 000264.350, 143
Trd, 000265.000, 159
Trd, 000265.267, 168
Trd, 000266.200, 146
Trd, 000266.817, 161
Trd, 000267.633, 160
Trd, 000268.250, 165
Trd, 000268.600, 168
Trd, 000269.067, 178
Trd, 000269.867, 142
Trd, 000270.450, 134
Trd, 000271.433, 143
Trd, 000271.917, 146
Trd, 000272.283, 157
Trd, 000272.783, 158
Trd, 000273.583, 149
Trd, 000274.967, 163
Trd, 000275.100, 160
Trd, 000276.550, 145
Trd, 000276.900, 158
Trd, 000277.383, 161
Trd, 000277.600, 121
Trd, 000279.500, 160
Trd, 000281.450, 158
Trd, 000281.783, 156
Trd, 000282.067, 154
Trd, 000283.017, 191
Trd, 000284.300, 160
Trd, 000284.467, 167
Trd, 000285.133, 160
Trd, 000285.267, 152
Trd, 000285.967, 127
Trd, 000286.867, 159
Trd, 000287.733, 138
Trd, 000287.967, 154
Trd, 000288.150, 155
Trd, 000289.333, 163
Trd, 000291.683, 129
Trd, 000291.900, 137
Trd, 000292.733, 127
Trd, 000293.600, 157
Trd, 000294.033, 160
Trd, 000294.250, 165
Trd, 000296.750, 127
Trd, 000298.250, 120
Trd, 000298.333, 138
Trd, 000298.967, 137
Trd, 000299.983, 164
