Trd, 000005.567, 183
Trd, 000005.600, 163
Trd, 000005.667, 157
Trd, 000005.783, 151
Trd, 000006.000, 131
Trd, 000006.233, 128
Trd, 000006.617, 130
Trd, 000007.000, 126
Trd, 000007.083, 137
Trd, 000007.217, 152
Trd, 000010.267, 196
Trd, 000010.350, 130
Trd, 000010.867, 138
Trd, 000010.933, 141
Trd, 000011.217, 142
Trd, 000011.917, 150
Trd, 000012.017, 132
Trd, 000012.617, 136
Trd, 000015.667, 165
Trd, 000015.783, 184
Trd, 000016.300, 134
Trd, 000016.867, 169
Trd, 000017.567, 144
Trd, 000017.767, 125
Trd, 000018.083, 183
Trd, 000019.383, 132
Trd, 000020.383, 144
Trd, 000020.400, 152
Trd, 000021.000, 174
Trd, 000022.100, 167
Trd, 000023.267, 160
Trd, 000024.300, 146
Trd, 000024.767, 145
Trd, 000025.633, 169
Trd, 000025.933, 149
Trd, 000026.133, 130
Trd, 000026.367, 197
Trd, 000027.117, 158
Trd, 000027.833, 172
Trd, 000029.983, 160
Trd, 000030.100, 161
Trd, 000030.733, 184
Trd, 000030.917, 161
Trd, 000031.550, 151
Trd, 000031.600, 139
Trd, 000032.533, 160
Trd, 000032.917, 140
Trd, 000033.533, 156
Trd, 000033.733, 137
Trd, 000035.450, 133
Trd, 000035.633, 145
Trd, 000035.717, 178
Trd, 000036.050, 163
Trd, 000038.000, 151
Trd, 000038.067, 144
Trd, 000039.017, 127
Trd, 000040.283, 186
Trd, 000040.400, 160
Trd, 000040.833, 187
Trd, 000041.133, 155
Trd, 000041.650, 133
Trd, 000042.450, 134
Trd, 000042.683, 160
Trd, 000044.333, 172
Trd, 000045.567, 168
Trd, 000045.650, 129
Trd, 000045.867, 109
Trd, 000046.050, 127
Trd, 000047.183, 157
Trd, 000047.483, 160
Trd, 000047.667, 162
Trd, 000047.733, 135
Trd, 000048.167, 168
Trd, 000050.450, 135
Trd, 000050.883, 125
Trd, 000051.917, 134
Trd, 000052.017, 136
Trd, 000052.583, 132
Trd, 000053.050, 156
Trd, 000053.117, 139
Trd, 000054.600, 150
Trd, 000054.933, 156
Trd, 000055.033, 160
Trd, 000055.883, 174
Trd, 000057.067, 186
Trd, 000059.117, 182
Trd, 000060.583, 129
Trd, 000061.017, 186
Trd, 000061.317, 176
Trd, 000061.900, 149
Trd, 000062.100, 134
Trd, 000062.283, 128
Trd, 000062.867, 142
Trd, 000063.367, 169
Trd, 000065.717, 143
Trd, 000065.900, 170
Trd, 000066.400, 181
Trd, 000066.483, 150
Trd, 000066.567, 174
Trd, 000068.033, 166
Trd, 000069.350, 157
Trd, 000070.317, 150
Trd, 000070.700, 120
Trd, 000071.117, 130
Trd, 000071.233, 163
Trd, 000072.583, 186
Trd, 000073.833, 167
Trd, 000074.000, 141
Trd, 000074.450, 167
Trd, 000075.517, 134
Trd, 000076.233, 132
Trd, 000076.350, 153
Trd, 000076.400, 172
Trd, 000077.100, 149
Trd, 000077.583, 132
Trd, 000079.617, 146
Trd, 000080.667, 129
Trd, 000081.133, 161
Trd, 000081.200, 137
Trd, 000082.117, 144
Trd, 000083.433, 167
Trd, 000083.583, 152
Trd, 000085.667, 186
Trd, 000086.800, 144
Trd, 000087.767, 171
Trd, 000088.200, 140
Trd, 000088.267, 136
Trd, 000088.317, 160
Trd, 000090.650, 122
Trd, 000091.350, 145
Trd, 000091.650, 138
Trd, 000091.667, 161
Trd, 000092.450, 131
Trd, 000094.017, 134
Trd, 000096.217, 173
Trd, 000096.333, 140
Trd, 000096.550, 126
Trd, 000097.183, 135
Trd, 000097.300, 156
Trd, 000097.750, 137
Trd, 000097.917, 132
Trd, 000097.967, 139
Trd, 000099.933, 161
Trd, 000101.000, 119
Trd, 000101.283, 139
Trd, 000101.633, 136
Trd, 000102.100, 163
Trd, 000102.833, 164
Trd, 000103.033, 167
Trd, 000103.533, 170
Trd, 000103.950, 171
Trd, 000106.033, 163
Trd, 000106.350, 131
Trd, 000107.100, 143
Trd, 000107.200, 155
Trd, 000107.317, 117
Trd, 000110.133, 147
Trd, 000110.767, 196
Trd, 000111.200, 183
Trd, 000111.500, 141
Trd, 000112.700, 166
Trd, 000113.467, 159
Trd, 000114.700, 150
Trd, 000115.683, 167
Trd, 000115.883, 125
Trd, 000116.683, 136
Trd, 000117.050, 125
Trd, 000117.300, 152
Trd, 000117.500, 155
Trd, 000119.233, 147
Trd, 000120.400, 166
Trd, 000120.900, 144
Trd, 000121.917, 181
Trd, 000121.967, 169
Trd, 000122.383, 164
Trd, 000122.667, 154
Trd, 000123.167, 179
Trd, 000124.050, 132
Trd, 000125.200, 150
Trd, 000126.133, 144
Trd, 000126.317, 184
Trd, 000126.650, 161
Trd, 000127.367, 133
Trd, 000127.667, 161
Trd, 000128.233, 146
Trd, 000129.200, 135
Trd, 000129.400, 131
Trd, 000129.533, 148
Trd, 000129.950, 145
Trd, 000131.133, 128
Trd, 000133.067, 159
Trd, 000133.767, 148
Trd, 000134.883, 136
Trd, 000135.033, 167
Trd, 000136.417, 168
Trd, 000136.467, 181
Trd, 000136.483, 131
Trd, 000136.950, 163
Trd, 000137.483, 138
Trd, 000137.833, 161
Trd, 000138.450, 156
Trd, 000140.217, 133
Trd, 000140.700, 153
Trd, 000140.950, 186
Trd, 000141.567, 139
Trd, 000142.500, 160
Trd, 000143.667, 161
Trd, 000143.933, 157
Trd, 000146.517, 131
Trd, 000146.683, 184
Trd, 000146.883, 130
Trd, 000147.367, 154
Trd, 000147.517, 130
Trd, 000148.900, 152
Trd, 000150.950, 135
Trd, 000151.217, 149
Trd, 000151.617, 130
Trd, 000153.100, 147
Trd, 000153.517, 160
Trd, 000153.850, 162
Trd, 000154.650, 132
Trd, 000156.267, 152
Trd, 000156.583, 146
Trd, 000157.450, 175
Trd, 000159.017, 153
Trd, 000159.717, 149
Trd, 000159.750, 153
Trd, 000160.567, 160
Trd, 000160.633, 124
Trd, 000161.350, 183
Trd, 000161.417, 166
Trd, 000161.450, 148
Trd, 000162.300, 134
Trd, 000162.567, 150
Trd, 000163.017, 141
Trd, 000164.850, 146
Trd, 000166.183, 182
Trd, 000166.317, 166
Trd, 000166.600, 157
Trd, 000167.067, 152
Trd, 000167.933, 149
Trd, 000171.033, 182
Trd, 000171.283, 147
Trd, 000171.333, 136
Trd, 000172.833, 141
Trd, 000173.883, 132
Trd, 000175.150, 165
Trd, 000176.133, 186
Trd, 000177.000, 127
Trd, 000177.367, 128
Trd, 000177.517, 130
Trd, 000178.133, 163
Trd, 000178.483, 175
Trd, 000179.667, 158
Trd, 000181.150, 160
Trd, 000181.583, 135
Trd, 000181.900, 154
Trd, 000182.833, 128
Trd, 000185.817, 160
Trd, 000186.050, 134
Trd, 000186.800, 141
Trd, 000188.300, 155
Trd, 000189.367, 143
Trd, 000189.783, 164
Trd, 000190.100, 156
Trd, 000191.183, 142
Trd, 000191.550, 127
Trd, 000191.800, 137
Trd, 000192.133, 186
Trd, 000192.783, 173
Trd, 000193.533, 136
Trd, 000193.633, 165
Trd, 000195.967, 136
Trd, 000196.267, 129
Trd, 000196.383, 149
Trd, 000196.517, 186
Trd, 000196.883, 136
Trd, 000197.450, 153
Trd, 000198.017, 136
Trd, 000199.400, 141
Trd, 000199.483, 160
Trd, 000200.550, 132
Trd, 000201.700, 186
Trd, 000202.383, 159
Trd, 000202.783, 163
Trd, 000203.667, 168
Trd, 000203.900, 133
Trd, 000205.400, 148
Trd, 000206.100, 143
Trd, 000206.200, 162
Trd, 000206.750, 143
Trd, 000206.967, 159
Trd, 000207.100, 160
Trd, 000207.183, 120
Trd, 000210.217, 144
Trd, 000211.167, 129
Trd, 000211.667, 153
Trd, 000211.850, 123
Trd, 000212.400, 157
Trd, 000213.250, 176
Trd, 000215.100, 144
Trd, 000216.567, 159
Trd, 000216.717, 179
Trd, 000217.083, 145
Trd, 000217.850, 132
Trd, 000218.317, 128
Trd, 000218.517, 159
Trd, 000218.967, 168
Trd, 000220.017, 138
Trd, 000221.517, 164
Trd, 000221.767, 164
Trd, 000221.833, 140
Trd, 000221.900, 122
Trd, 000222.733, 147
Trd, 000224.350, 159
Trd, 000224.383, 161
Trd, 000225.567, 174
Trd, 000226.217, 113
Trd, 000226.817, 138
Trd, 000227.083, 121
Trd, 000228.117, 140
Trd, 000229.633, 145
Trd, 000229.700, 155
Trd, 000230.217, 160
Trd, 000230.767, 186
Trd, 000230.800, 131
Trd, 000231.733, 189
Trd, 000231.917, 186
Trd, 000231.950, 172
Trd, 000232.267, 156
Trd, 000233.100, 149
Trd, 000233.967, 163
Trd, 000235.050, 157
Trd, 000236.817, 153
Trd, 000237.250, 156
Trd, 000237.933, 151
Trd, 000237.983, 161
Trd, 000239.200, 134
Trd, 000239.217, 160
Trd, 000239.383, 133
Trd, 000240.400, 166
Trd, 000240.850, 181
Trd, 000242.333, 172
Trd, 000242.533, 159
Trd, 000242.683, 145
Trd, 000242.817, 136
Trd, 000243.317, 133
Trd, 000243.550, 152
Trd, 000243.717, 165
Trd, 000245.400, 149
Trd, 000245.817, 162
Trd, 000246.767, 124
Trd, 000247.367, 128
Trd, 000247.583, 141
Trd, 000247.950, 133
Trd, 000248.067, 162
Trd, 000249.000, 146
Trd, 000249.867, 151
Trd, 000251.650, 150
Trd, 000251.700, 137
Trd, 000252.200, 153
Trd, 000252.783, 160
Trd, 000254.033, 169
Trd, 000254.067, 140
Trd, 000254.817, 163
Trd, 000255.283, 182
Trd, 000256.383, 128
Trd, 000256.567, 184
Trd, 000256.733, 165
Trd, 000256.950, 162
Trd, 000257.717, 163
Trd, 000260.533, 145
Trd, 000261.150, 160
Trd, 000261.383, 159
Trd, 000262.500, 132
Trd, 000263.133, 140
Trd, 000263.200, 142
Trd, 000265.367, 162
Trd, 000265.417, 163
Trd, 000266.950, 153
Trd, 000267.183, 140
Trd, 000267.300, 158
Trd, 000267.800, 142
Trd, 000268.017, 148
Trd, 000268.217, 137
Trd, 000268.567, 151
Trd, 000269.417, 154
Trd, 000271.733, 169
Trd, 000272.733, 170
Trd, 000272.933, 168
Trd, 000273.717, 186
Trd, 000275.633, 173
Trd, 000276.267, 158
Trd, 000276.367, 132
Trd, 000276.733, 132
Trd, 000276.817, 160
Trd, 000279.167, 150
Trd, 000279.567, 136
Trd, 000279.617, 159
Trd, 000281.633, 120
Trd, 000281.883, 127
Trd, 000281.917, 161
Trd, 000282.283, 171
Trd, 000282.483, 148
Trd, 000283.450, 141
Trd, 000284.183, 138
Trd, 000284.667, 156
Trd, 000285.417, 176
Trd, 000286.617, 145
Trd, 000286.650, 138
Trd, 000286.867, 171
Trd, 000287.033, 179
Trd, 000287.617, 152
Trd, 000288.783, 133
Trd, 000290.100, 154
Trd, 000290.400, 145
Trd, 000291.700, 164
Trd, 000291.833, 135
Trd, 000291.867, 122
Trd, 000292.633, 146
Trd, 000292.683, 152
Trd, 000294.250, 153
Trd, 000294.550, 152
Trd, 000294.883, 161
Trd, 000295.800, 165
Trd, 000296.883, 163
Trd, 000297.067, 160
Trd, 000297.733, 183
Trd, 000297.883, 159
Trd, 000298.317, 144
Trd, 000298.533, 163
