Trd, 000005.117, 141
Trd, 000005.300, 151
Trd, 000005.767, 164
Trd, 000005.783, 140
Trd, 000006.133, 164
Trd, 000006.333, 137
Trd, 000006.800, 158
Trd, 000007.017, 129
Trd, 000010.350, 197
Trd, 000010.650, 161
Trd, 000011.117, 160
Trd, 000011.217, 158
Trd, 000011.833, 153
Trd, 000013.650, 174
Trd, 000014.600, 129
Trd, 000015.200, 188
Trd, 000015.267, 122
Trd, 000015.450, 161
Trd, 000015.867, 167
Trd, 000016.050, 163
Trd, 000016.083, 176
Trd, 000017.550, 156
Trd, 000017.767, 149
Trd, 000020.333, 146
Trd, 000020.733, 185
Trd, 000021.517, 139
Trd, 000022.333, 145
Trd, 000022.400, 148
Trd, 000022.567, 135
Trd, 000023.400, 138
Trd, 000024.383, 141
Trd, 000025.283, 150
Trd, 000025.550, 151
Trd, 000026.167, 143
Trd, 000026.683, 149
Trd, 000027.883, 164
Trd, 000030.417, 139
Trd, 000031.033, 158
Trd, 000032.500, 149
Trd, 000032.717, 136
Trd, 000033.933, 149
Trd, 000034.567, 160
Trd, 000035.283, 155
Trd, 000035.433, 135
Trd, 000035.783, 149
Trd, 000036.667, 134
Trd, 000037.750, 133
Trd, 000038.217, 150
Trd, 000038.267, 176
Trd, 000040.117, 168
Trd, 000040.433, 140
Trd, 000042.083, 152
Trd, 000042.333, 164
Trd, 000043.950, 157
Trd, 000045.533, 168
Trd, 000046.567, 133
Trd, 000046.683, 143
Trd, 000046.900, 131
Trd, 000047.383, 145
Trd, 000048.083, 164
Trd, 000049.667, 166
Trd, 000049.900, 171
Trd, 000050.850, 141
Trd, 000050.950, 147
Trd, 000051.167, 139
Trd, 000051.983, 150
Trd, 000052.650, 146
Trd, 000054.050, 151
Trd, 000054.383, 162
Trd, 000055.450, 175
Trd, 000055.650, 161
Trd, 000056.650, 151
Trd, 000058.450, 146
Trd, 000059.050, 146
Trd, 000061.150, 147
Trd, 000061.350, 171
Trd, 000061.783, 162
Trd, 000062.967, 180
Trd, 000063.000, 178
Trd, 000063.833, 166
Trd, 000064.200, 161
Trd, 000066.300, 153
Trd, 000066.633, 151
Trd, 000067.633, 154
Trd, 000067.933, 148
Trd, 000068.183, 149
Trd, 000069.217, 156
Trd, 000069.917, 163
Trd, 000070.900, 166
Trd, 000070.950, 159
Trd, 000071.450, 138
Trd, 000072.017, 148
Trd, 000073.100, 148
Trd, 000073.233, 150
Trd, 000074.133, 147
Trd, 000075.633, 140
Trd, 000075.800, 172
Trd, 000076.900, 166
Trd, 000077.333, 153
Trd, 000077.433, 151
Trd, 000079.917, 188
Trd, 000080.417, 160
Trd, 000081.267, 116
Trd, 000082.100, 147
Trd, 000082.383, 147
Trd, 000083.100, 143
Trd, 000083.233, 151
Trd, 000085.267, 163
Trd, 000086.433, 125
Trd, 000086.533, 131
Trd, 000086.850, 133
Trd, 000087.000, 141
Trd, 000087.300, 156
Trd, 000087.667, 160
Trd, 000088.083, 166
Trd, 000091.333, 149
Trd, 000091.650, 150
Trd, 000091.917, 165
Trd, 000092.050, 130
Trd, 000092.483, 154
Trd, 000092.700, 127
Trd, 000093.300, 180
Trd, 000094.167, 170
Trd, 000096.817, 143
Trd, 000097.050, 136
Trd, 000097.167, 144
Trd, 000097.333, 136
Trd, 000097.650, 150
Trd, 000097.750, 135
Trd, 000098.133, 156
Trd, 000099.833, 166
Trd, 000100.817, 152
Trd, 000101.167, 180
Trd, 000101.650, 167
Trd, 000102.800, 170
Trd, 000102.900, 187
Trd, 000103.583, 149
Trd, 000105.917, 133
Trd, 000106.233, 126
Trd, 000106.900, 144
Trd, 000107.967, 144
Trd, 000109.850, 148
Trd, 000110.500, 161
Trd, 000111.417, 165
Trd, 000111.433, 160
Trd, 000111.617, 149
Trd, 000111.883, 153
Trd, 000112.217, 166
Trd, 000113.333, 158
Trd, 000113.767, 157
Trd, 000114.000, 171
Trd, 000114.417, 124
Trd, 000116.367, 145
Trd, 000116.950, 148
Trd, 000117.200, 149
Trd, 000117.500, 124
Trd, 000119.317, 153
Trd, 000121.000, 164
Trd, 000121.850, 136
Trd, 000121.967, 135
Trd, 000121.983, 133
Trd, 000122.583, 142
Trd, 000123.200, 144
Trd, 000124.117, 167
Trd, 000124.367, 169
Trd, 000126.400, 125
Trd, 000126.433, 127
Trd, 000126.633, 136
Trd, 000126.733, 143
Trd, 000127.283, 122
Trd, 000128.033, 172
Trd, 000128.183, 176
Trd, 000128.467, 148
Trd, 000130.033, 151
Trd, 000130.867, 182
Trd, 000131.100, 163
Trd, 000131.917, 156
Trd, 000132.000, 154
Trd, 000134.250, 141
Trd, 000135.350, 144
Trd, 000135.717, 145
Trd, 000136.083, 145
Trd, 000136.967, 165
Trd, 000137.783, 141
Trd, 000138.717, 166
Trd, 000139.200, 166
Trd, 000141.167, 147
Trd, 000141.517, 159
Trd, 000141.550, 157
Trd, 000141.733, 167
Trd, 000142.217, 169
Trd, 000144.350, 154
Trd, 000144.633, 139
Trd, 000144.967, 170
Trd, 000146.333, 150
Trd, 000147.133, 133
Trd, 000147.517, 146
Trd, 000147.667, 147
Trd, 000147.733, 176
Trd, 000147.933, 179
Trd, 000149.050, 146
Trd, 000149.217, 160
Trd, 000151.233, 159
Trd, 000152.083, 141
Trd, 000152.500, 168
Trd, 000152.767, 140
Trd, 000153.383, 151
Trd, 000153.933, 148
Trd, 000154.400, 147
Trd, 000157.567, 141
Trd, 000157.783, 143
Trd, 000158.067, 140
Trd, 000158.350, 145
Trd, 000158.550, 143
Trd, 000159.000, 156
Trd, 000159.500, 157
Trd, 000161.283, 131
Trd, 000161.717, 124
Trd, 000161.750, 143
Trd, 000162.283, 147
Trd, 000163.700, 142
Trd, 000163.983, 153
Trd, 000164.867, 176
Trd, 000166.600, 165
Trd, 000166.683, 143
Trd, 000167.650, 168
Trd, 000167.733, 150
Trd, 000167.950, 145
Trd, 000168.450, 175
Trd, 000171.550, 144
Trd, 000171.617, 146
Trd, 000172.233, 141
Trd, 000172.433, 148
Trd, 000172.967, 134
Trd, 000173.450, 143
Trd, 000175.650, 163
Trd, 000175.717, 151
Trd, 000176.283, 145
Trd, 000176.933, 141
Trd, 000177.133, 181
Trd, 000177.733, 180
Trd, 000178.500, 166
Trd, 000180.950, 153
Trd, 000181.083, 139
Trd, 000181.517, 142
Trd, 000181.783, 153
Trd, 000183.467, 165
Trd, 000183.717, 163
Trd, 000184.317, 148
Trd, 000186.217, 176
Trd, 000186.967, 173
Trd, 000188.217, 179
Trd, 000188.450, 166
Trd, 000189.517, 167
Trd, 000190.100, 168
Trd, 000191.267, 152
Trd, 000191.500, 153
Trd, 000192.633, 150
Trd, 000193.450, 157
Trd, 000193.517, 149
Trd, 000194.700, 149
Trd, 000195.200, 146
Trd, 000195.550, 151
Trd, 000196.733, 191
Trd, 000197.000, 169
Trd, 000197.200, 156
Trd, 000197.300, 138
Trd, 000197.567, 141
Trd, 000201.350, 162
Trd, 000202.283, 163
Trd, 000202.883, 167
Trd, 000203.917, 178
Trd, 000204.317, 159
Trd, 000206.550, 137
Trd, 000206.617, 161
Trd, 000207.200, 138
Trd, 000207.533, 136
Trd, 000208.967, 148
Trd, 000209.333, 149
Trd, 000210.083, 154
Trd, 000211.200, 128
Trd, 000211.450, 142
Trd, 000211.700, 145
Trd, 000211.733, 153
Trd, 000212.300, 142
Trd, 000212.933, 128
Trd, 000213.700, 151
Trd, 000213.717, 128
Trd, 000216.250, 153
Trd, 000216.267, 150
Trd, 000216.467, 124
Trd, 000217.383, 148
Trd, 000217.783, 163
Trd, 000217.933, 164
Trd, 000219.300, 141
Trd, 000219.833, 171
Trd, 000221.183, 155
Trd, 000221.850, 151
Trd, 000222.317, 136
Trd, 000223.767, 165
Trd, 000226.050, 137
Trd, 000226.317, 175
Trd, 000226.350, 175
Trd, 000227.233, 184
Trd, 000227.267, 171
Trd, 000228.317, 148
Trd, 000229.267, 162
Trd, 000231.350, 130
Trd, 000231.767, 156
Trd, 000231.867, 133
Trd, 000232.717, 145
Trd, 000233.750, 160
Trd, 000234.033, 150
Trd, 000236.417, 131
Trd, 000236.517, 132
Trd, 000237.033, 150
Trd, 000237.633, 179
Trd, 000237.650, 146
Trd, 000238.400, 156
Trd, 000239.167, 157
Trd, 000240.450, 147
Trd, 000240.967, 131
Trd, 000241.400, 155
Trd, 000241.867, 166
Trd, 000242.000, 161
Trd, 000243.467, 194
Trd, 000243.917, 169
Trd, 000244.283, 137
Trd, 000246.017, 176
Trd, 000246.333, 129
Trd, 000246.783, 166
Trd, 000248.167, 144
Trd, 000248.333, 151
Trd, 000250.200, 169
Trd, 000251.150, 164
Trd, 000251.467, 118
Trd, 000251.533, 143
Trd, 000251.883, 153
Trd, 000252.117, 155
Trd, 000252.483, 144
Trd, 000253.250, 146
Trd, 000255.083, 138
Trd, 000255.367, 161
Trd, 000256.400, 173
Trd, 000257.217, 150
Trd, 000257.983, 151
Trd, 000259.050, 139
Trd, 000259.433, 143
Trd, 000259.733, 147
Trd, 000260.150, 130
Trd, 000260.900, 151
Trd, 000261.200, 179
Trd, 000261.350, 176
Trd, 000261.983, 159
Trd, 000262.667, 121
Trd, 000262.900, 123
Trd, 000263.167, 158
Trd, 000264.617, 151
Trd, 000265.250, 174
Trd, 000267.600, 148
Trd, 000267.733, 156
Trd, 000267.967, 146
Trd, 000268.133, 164
Trd, 000268.150, 160
Trd, 000268.883, 148
Trd, 000270.200, 150
Trd, 000271.050, 139
Trd, 000271.433, 184
Trd, 000271.467, 128
Trd, 000271.683, 143
Trd, 000272.033, 160
Trd, 000272.817, 130
Trd, 000272.933, 148
Trd, 000276.033, 152
Trd, 000276.133, 162
Trd, 000277.083, 134
Trd, 000277.133, 134
Trd, 000277.167, 146
Trd, 000278.500, 161
Trd, 000281.250, 144
Trd, 000281.917, 154
Trd, 000282.033, 156
Trd, 000283.317, 158
Trd, 000284.217, 156
Trd, 000285.217, 157
Trd, 000287.283, 159
Trd, 000287.967, 173
Trd, 000288.733, 179
Trd, 000289.017, 146
Trd, 000289.467, 143
Trd, 000290.467, 167
Trd, 000290.483, 157
Trd, 000290.650, 148
Trd, 000291.833, 143
Trd, 000291.850, 144
Trd, 000291.867, 134
Trd, 000292.083, 152
Trd, 000292.267, 159
Trd, 000295.933, 161
Trd, 000296.233, 165
Trd, 000297.000, 163
Trd, 000298.033, 150
Trd, 000298.117, 147
Trd, 000298.483, 172
Trd, 000299.267, 180
Trd, 000299.567, 145
Trd, 000299.733, 146
