Trd, 000005.317, 106
Trd, 000005.383, 115
Trd, 000005.550, 149
Trd, 000005.850, 140
Trd, 000006.300, 133
Trd, 000007.417, 133
Trd, 000009.000, 142
Trd, 000010.300, 131
Trd, 000014.233, 153
Trd, 000014.883, 156
Trd, 000015.733, 135
Trd, 000017.383, 158
Trd, 000018.100, 151
Trd, 000019.000, 172
Trd, 000019.400, 150
Trd, 000020.267, 136
Trd, 000022.417, 149
Trd, 000023.667, 164
Trd, 000026.333, 163
Trd, 000027.050, 153
Trd, 000027.083, 146
Trd, 000027.767, 149
Trd, 000031.467, 136
Trd, 000031.517, 129
Trd, 000032.267, 162
Trd, 000032.400, 152
Trd, 000033.783, 167
Trd, 000035.350, 133
Trd, 000035.667, 171
Trd, 000036.883, 158
Trd, 000037.083, 156
Trd, 000039.967, 155
Trd, 000040.783, 134
Trd, 000042.967, 183
Trd, 000043.233, 165
Trd, 000045.450, 130
Trd, 000045.917, 154
Trd, 000046.567, 115
Trd, 000047.067, 180
Trd, 000047.650, 137
Trd, 000049.717, 154
Trd, 000050.567, 139
Trd, 000050.583, 150
Trd, 000052.700, 158
Trd, 000053.800, 157
Trd, 000054.400, 151
Trd, 000054.933, 166
Trd, 000055.667, 133
Trd, 000056.200, 139
Trd, 000056.717, 133
Trd, 000057.283, 151
Trd, 000058.083, 159
Trd, 000059.550, 157
Trd, 000060.500, 134
Trd, 000060.650, 164
Trd, 000062.783, 157
Trd, 000064.883, 155
Trd, 000066.017, 133
Trd, 000066.517, 169
Trd, 000066.983, 151
Trd, 000068.217, 163
Trd, 000068.233, 162
Trd, 000071.017, 125
Trd, 000072.400, 147
Trd, 000072.650, 171
Trd, 000074.783, 146
Trd, 000075.083, 140
Trd, 000075.167, 158
Trd, 000076.517, 147
Trd, 000076.800, 146
Trd, 000077.183, 164
Trd, 000081.750, 183
Trd, 000082.083, 170
Trd, 000082.200, 147
Trd, 000082.933, 168
Trd, 000083.900, 143
Trd, 000085.683, 147
Trd, 000088.133, 152
Trd, 000088.400, 152
Trd, 000089.717, 169
Trd, 000089.967, 146
Trd, 000090.933, 166
Trd, 000091.100, 148
Trd, 000092.083, 168
Trd, 000093.800, 152
Trd, 000096.583, 151
Trd, 000096.633, 143
Trd, 000097.383, 170
Trd, 000097.900, 162
Trd, 000098.733, 158
Trd, 000099.883, 142
Trd, 000102.183, 165
Trd, 000103.150, 154
Trd, 000103.167, 174
Trd, 000103.567, 151
Trd, 000103.583, 154
Trd, 000105.617, 168
Trd, 000105.817, 163
Trd, 000106.600, 155
Trd, 000106.817, 144
Trd, 000109.533, 162
Trd, 000109.717, 149
Trd, 000110.300, 145
Trd, 000111.200, 153
Trd, 000111.250, 162
Trd, 000111.933, 151
Trd, 000112.267, 144
Trd, 000115.917, 189
Trd, 000117.767, 168
Trd, 000119.850, 141
Trd, 000121.450, 135
Trd, 000121.733, 134
Trd, 000121.817, 141
Trd, 000123.000, 153
Trd, 000123.383, 147
Trd, 000124.683, 142
Trd, 000126.533, 148
Trd, 000126.867, 167
Trd, 000127.117, 145
Trd, 000129.217, 148
Trd, 000129.817, 139
Trd, 000131.567, 174
Trd, 000132.083, 153
Trd, 000132.917, 162
Trd, 000133.967, 144
Trd, 000135.933, 128
Trd, 000136.983, 147
Trd, 000137.133, 139
Trd, 000137.200, 138
Trd, 000139.133, 179
Trd, 000141.100, 129
Trd, 000142.150, 171
Trd, 000142.367, 185
Trd, 000142.883, 174
Trd, 000145.917, 157
Trd, 000146.450, 198
Trd, 000147.233, 155
Trd, 000149.167, 160
Trd, 000151.300, 140
Trd, 000152.267, 155
Trd, 000153.017, 143
Trd, 000154.167, 153
Trd, 000155.050, 149
Trd, 000156.617, 131
Trd, 000157.600, 158
Trd, 000157.617, 162
Trd, 000157.850, 149
Trd, 000158.100, 138
Trd, 000158.700, 141
Trd, 000161.500, 155
Trd, 000161.583, 154
Trd, 000161.867, 172
Trd, 000162.167, 150
Trd, 000163.050, 150
Trd, 000163.533, 174
Trd, 000165.383, 152
Trd, 000165.433, 186
Trd, 000166.250, 140
Trd, 000167.117, 160
Trd, 000167.250, 137
Trd, 000167.350, 169
Trd, 000171.467, 164
Trd, 000171.533, 154
Trd, 000172.500, 193
Trd, 000173.133, 159
Trd, 000173.750, 140
Trd, 000176.817, 128
Trd, 000177.300, 142
Trd, 000177.633, 131
Trd, 000177.967, 172
Trd, 000180.733, 181
Trd, 000181.150, 150
Trd, 000181.967, 140
Trd, 000183.017, 154
Trd, 000183.083, 159
Trd, 000187.050, 166
Trd, 000189.350, 156
Trd, 000189.367, 150
Trd, 000191.517, 173
Trd, 000191.717, 167
Trd, 000193.483, 145
Trd, 000195.050, 155
Trd, 000195.183, 148
Trd, 000196.117, 150
Trd, 000196.517, 117
Trd, 000198.100, 146
Trd, 000198.333, 142
Trd, 000198.800, 151
Trd, 000200.133, 172
Trd, 000201.117, 136
Trd, 000201.800, 192
Trd, 000202.150, 147
Trd, 000203.533, 146
Trd, 000204.133, 158
Trd, 000205.167, 145
Trd, 000205.467, 154
Trd, 000206.267, 128
Trd, 000206.367, 133
Trd, 000206.683, 135
Trd, 000207.350, 150
Trd, 000209.050, 158
Trd, 000209.950, 145
Trd, 000211.467, 161
Trd, 000211.750, 140
Trd, 000212.567, 128
Trd, 000213.033, 126
Trd, 000213.250, 165
Trd, 000214.967, 154
Trd, 000217.000, 147
Trd, 000217.750, 168
Trd, 000218.100, 181
Trd, 000218.250, 161
Trd, 000218.383, 155
Trd, 000220.967, 143
Trd, 000221.417, 155
Trd, 000222.517, 145
Trd, 000222.767, 151
Trd, 000223.250, 164
Trd, 000227.100, 151
Trd, 000227.167, 143
Trd, 000227.500, 152
Trd, 000227.883, 142
Trd, 000228.483, 151
Trd, 000231.533, 144
Trd, 000232.950, 155
Trd, 000233.167, 167
Trd, 000233.767, 140
Trd, 000234.350, 159
Trd, 000235.117, 147
Trd, 000235.800, 177
Trd, 000236.683, 151
Trd, 000238.167, 137
Trd, 000241.033, 175
Trd, 000242.117, 151
Trd, 000242.950, 152
Trd, 000243.833, 179
Trd, 000244.850, 161
Trd, 000244.983, 155
Trd, 000245.717, 180
Trd, 000246.250, 152
Trd, 000248.000, 133
Trd, 000248.917, 172
Trd, 000250.383, 174
Trd, 000252.700, 174
Trd, 000253.300, 174
Trd, 000253.933, 154
Trd, 000254.050, 137
Trd, 000254.467, 134
Trd, 000255.367, 155
Trd, 000256.383, 150
Trd, 000256.550, 131
Trd, 000257.083, 146
Trd, 000257.767, 159
Trd, 000260.033, 153
Trd, 000260.067, 147
Trd, 000261.450, 153
Trd, 000262.767, 175
Trd, 000264.400, 153
Trd, 000265.167, 170
Trd, 000266.267, 161
Trd, 000267.317, 135
Trd, 000267.950, 130
Trd, 000268.300, 134
Trd, 000268.617, 149
Trd, 000269.400, 170
Trd, 000269.750, 151
Trd, 000271.483, 154
Trd, 000271.683, 155
Trd, 000273.050, 151
Trd, 000274.050, 141
Trd, 000274.950, 133
Trd, 000275.550, 125
Trd, 000276.650, 131
Trd, 000276.733, 141
Trd, 000278.550, 174
Trd, 000280.250, 138
Trd, 000281.600, 131
Trd, 000281.700, 122
Trd, 000282.733, 189
Trd, 000283.483, 144
Trd, 000284.467, 177
Trd, 000286.117, 169
Trd, 000286.733, 129
Trd, 000287.150, 151
Trd, 000287.700, 170
Trd, 000288.183, 137
Trd, 000288.267, 145
Trd, 000291.983, 146
Trd, 000292.567, 151
Trd, 000292.933, 165
Trd, 000293.333, 168
Trd, 000293.683, 161
Trd, 000293.950, 157
Trd, 000295.767, 131
Trd, 000296.250, 175
Trd, 000297.033, 169
Trd, 000297.250, 153
Trd, 000297.650, 155
