Trd, 000005.267, 105
Trd, 000005.467, 106
Trd, 000006.300, 119
Trd, 000008.050, 160
Trd, 000011.050, 165
Trd, 000012.250, 161
Trd, 000012.617, 159
Trd, 000012.883, 159
Trd, 000013.917, 156
Trd, 000014.650, 155
Trd, 000014.733, 173
Trd, 000015.383, 122
Trd, 000015.783, 159
Trd, 000016.617, 154
Trd, 000017.217, 155
Trd, 000018.233, 171
Trd, 000018.500, 151
Trd, 000019.867, 164
Trd, 000019.917, 137
Trd, 000020.583, 175
Trd, 000020.933, 161
Trd, 000021.017, 159
Trd, 000021.417, 150
Trd, 000022.967, 148
Trd, 000023.433, 144
Trd, 000023.667, 146
Trd, 000023.767, 156
Trd, 000024.467, 168
Trd, 000025.383, 148
Trd, 000026.083, 136
Trd, 000026.117, 160
Trd, 000026.150, 134
Trd, 000026.567, 133
Trd, 000027.283, 164
Trd, 000028.483, 168
Trd, 000030.317, 116
Trd, 000031.483, 157
Trd, 000032.100, 150
Trd, 000032.267, 151
Trd, 000032.567, 161
Trd, 000032.983, 171
Trd, 000034.067, 141
Trd, 000034.700, 141
Trd, 000035.133, 148
Trd, 000036.517, 154
Trd, 000037.967, 163
Trd, 000038.250, 150
Trd, 000038.833, 167
Trd, 000039.600, 164
Trd, 000040.433, 155
Trd, 000041.033, 158
Trd, 000041.417, 137
Trd, 000041.683, 136
Trd, 000043.750, 166
Trd, 000044.500, 143
Trd, 000044.633, 141
Trd, 000045.967, 173
Trd, 000046.333, 159
Trd, 000046.533, 162
Trd, 000047.450, 158
Trd, 000048.033, 157
Trd, 000048.317, 138
Trd, 000050.617, 111
Trd, 000052.200, 156
Trd, 000052.650, 164
Trd, 000053.583, 155
Trd, 000053.800, 158
Trd, 000055.133, 152
Trd, 000055.783, 160
Trd, 000056.350, 157
Trd, 000056.933, 159
Trd, 000057.800, 161
Trd, 000059.317, 147
Trd, 000059.417, 153
Trd, 000060.817, 147
Trd, 000061.633, 137
Trd, 000062.950, 156
Trd, 000063.300, 158
Trd, 000063.700, 150
Trd, 000063.900, 148
Trd, 000064.383, 163
Trd, 000064.550, 146
Trd, 000065.750, 156
Trd, 000066.017, 149
Trd, 000067.533, 150
Trd, 000068.417, 162
Trd, 000069.333, 146
Trd, 000070.800, 120
Trd, 000071.567, 160
Trd, 000071.717, 174
Trd, 000072.267, 139
Trd, 000072.367, 154
Trd, 000072.933, 120
Trd, 000072.950, 136
Trd, 000075.567, 162
Trd, 000075.683, 171
Trd, 000076.417, 154
Trd, 000077.567, 188
Trd, 000078.000, 158
Trd, 000078.250, 148
Trd, 000081.283, 125
Trd, 000081.900, 142
Trd, 000082.667, 126
Trd, 000083.483, 157
Trd, 000083.783, 140
Trd, 000083.867, 159
Trd, 000086.400, 145
Trd, 000087.450, 151
Trd, 000087.650, 150
Trd, 000088.200, 163
Trd, 000089.283, 167
Trd, 000091.367, 135
Trd, 000091.650, 139
Trd, 000092.933, 139
Trd, 000094.683, 156
Trd, 000096.233, 154
Trd, 000096.833, 169
Trd, 000097.283, 145
Trd, 000099.150, 162
Trd, 000099.333, 157
Trd, 000099.533, 149
Trd, 000100.300, 172
Trd, 000100.400, 147
Trd, 000101.133, 160
Trd, 000101.217, 140
Trd, 000101.567, 166
Trd, 000101.983, 139
Trd, 000102.417, 141
Trd, 000104.483, 142
Trd, 000105.467, 154
Trd, 000105.967, 130
Trd, 000107.983, 150
Trd, 000108.383, 147
Trd, 000108.400, 145
Trd, 000108.733, 157
Trd, 000108.883, 149
Trd, 000110.100, 142
Trd, 000111.283, 163
Trd, 000111.567, 150
Trd, 000112.333, 156
Trd, 000113.700, 153
Trd, 000113.717, 152
Trd, 000114.233, 151
Trd, 000115.917, 164
Trd, 000117.700, 156
Trd, 000118.333, 148
Trd, 000118.533, 146
Trd, 000119.217, 143
Trd, 000119.467, 151
Trd, 000120.967, 136
Trd, 000121.233, 170
Trd, 000123.850, 166
Trd, 000126.117, 192
Trd, 000126.633, 147
Trd, 000127.850, 151
Trd, 000128.267, 168
Trd, 000129.133, 141
Trd, 000130.700, 173
Trd, 000130.983, 136
Trd, 000131.567, 136
Trd, 000131.717, 131
Trd, 000133.100, 158
Trd, 000134.250, 160
Trd, 000134.833, 162
Trd, 000135.667, 177
Trd, 000136.450, 128
Trd, 000137.533, 135
Trd, 000138.467, 130
Trd, 000138.750, 136
Trd, 000138.800, 156
Trd, 000139.933, 166
Trd, 000140.217, 171
Trd, 000141.033, 164
Trd, 000141.417, 173
Trd, 000141.667, 147
Trd, 000141.750, 139
Trd, 000142.033, 138
Trd, 000144.617, 151
Trd, 000144.683, 162
Trd, 000146.850, 154
Trd, 000147.117, 153
Trd, 000148.150, 159
Trd, 000148.933, 160
Trd, 000149.983, 146
Trd, 000150.183, 149
Trd, 000150.633, 155
Trd, 000151.417, 133
Trd, 000153.967, 156
Trd, 000154.333, 141
Trd, 000154.767, 147
Trd, 000155.467, 149
Trd, 000156.833, 154
Trd, 000159.550, 155
Trd, 000160.467, 155
Trd, 000161.300, 131
Trd, 000163.483, 152
Trd, 000164.150, 133
Trd, 000164.267, 165
Trd, 000165.467, 156
Trd, 000166.100, 179
Trd, 000166.150, 145
Trd, 000167.300, 159
Trd, 000169.650, 170
Trd, 000170.517, 159
Trd, 000171.967, 168
Trd, 000172.550, 177
Trd, 000172.817, 148
Trd, 000173.583, 151
Trd, 000175.700, 165
Trd, 000176.117, 159
Trd, 000176.500, 146
Trd, 000177.267, 167
Trd, 000177.667, 139
Trd, 000179.550, 147
Trd, 000181.333, 127
Trd, 000182.083, 142
Trd, 000182.183, 147
Trd, 000182.517, 140
Trd, 000183.400, 148
Trd, 000185.067, 158
Trd, 000186.350, 111
Trd, 000186.783, 160
Trd, 000186.850, 161
Trd, 000187.400, 158
Trd, 000189.050, 147
Trd, 000191.600, 168
Trd, 000191.767, 176
Trd, 000192.133, 158
Trd, 000192.650, 155
Trd, 000193.183, 154
Trd, 000193.617, 145
Trd, 000196.183, 188
Trd, 000196.350, 129
Trd, 000197.150, 159
Trd, 000198.300, 158
Trd, 000198.350, 156
Trd, 000198.767, 154
Trd, 000201.367, 167
Trd, 000202.683, 145
Trd, 000203.133, 166
Trd, 000206.117, 150
Trd, 000206.500, 113
Trd, 000207.017, 161
Trd, 000209.233, 152
Trd, 000210.250, 160
Trd, 000210.450, 144
Trd, 000211.317, 144
Trd, 000211.800, 170
Trd, 000212.117, 170
Trd, 000212.167, 159
Trd, 000212.850, 145
Trd, 000213.933, 157
Trd, 000214.683, 132
Trd, 000216.800, 173
Trd, 000217.383, 180
Trd, 000217.817, 175
Trd, 000218.600, 181
Trd, 000218.717, 174
Trd, 000220.350, 157
Trd, 000221.750, 137
Trd, 000222.317, 155
Trd, 000223.300, 134
Trd, 000223.633, 138
Trd, 000223.733, 133
Trd, 000226.600, 147
Trd, 000226.783, 150
Trd, 000227.450, 159
Trd, 000228.500, 150
Trd, 000230.600, 153
Trd, 000230.883, 161
Trd, 000232.417, 159
Trd, 000233.400, 144
Trd, 000233.633, 131
Trd, 000233.833, 148
Trd, 000235.067, 146
Trd, 000236.383, 131
Trd, 000237.183, 172
Trd, 000237.817, 151
Trd, 000239.000, 145
Trd, 000239.433, 148
Trd, 000241.683, 166
Trd, 000241.767, 159
Trd, 000241.983, 150
Trd, 000242.250, 165
Trd, 000242.500, 182
Trd, 000245.167, 164
Trd, 000245.200, 160
Trd, 000246.683, 174
Trd, 000246.783, 154
Trd, 000246.883, 153
Trd, 000247.400, 156
Trd, 000247.450, 145
Trd, 000247.500, 148
Trd, 000247.850, 157
Trd, 000251.467, 148
Trd, 000252.100, 138
Trd, 000253.267, 155
Trd, 000253.600, 153
Trd, 000254.450, 169
Trd, 000255.367, 145
Trd, 000256.083, 169
Trd, 000256.833, 163
Trd, 000257.150, 158
Trd, 000257.550, 157
Trd, 000258.183, 139
Trd, 000258.917, 145
Trd, 000260.417, 168
Trd, 000260.517, 157
Trd, 000261.417, 172
Trd, 000261.783, 174
Trd, 000263.917, 148
Trd, 000264.517, 154
Trd, 000264.850, 148
Trd, 000266.400, 160
Trd, 000266.933, 163
Trd, 000267.433, 163
Trd, 000267.650, 161
Trd, 000269.983, 176
Trd, 000271.817, 103
Trd, 000272.417, 139
Trd, 000273.917, 155
Trd, 000274.567, 148
Trd, 000276.817, 153
Trd, 000277.433, 161
Trd, 000277.483, 147
Trd, 000278.617, 148
Trd, 000279.117, 156
Trd, 000279.467, 155
Trd, 000280.200, 159
Trd, 000280.367, 152
Trd, 000283.500, 146
Trd, 000283.750, 146
Trd, 000284.067, 156
Trd, 000284.333, 143
Trd, 000285.017, 140
Trd, 000287.033, 173
Trd, 000287.917, 183
Trd, 000288.300, 155
Trd, 000288.450, 156
Trd, 000291.583, 161
Trd, 000291.867, 167
Trd, 000293.033, 138
Trd, 000293.583, 148
Trd, 000293.650, 162
Trd, 000294.067, 173
Trd, 000297.033, 148
Trd, 000297.133, 168
Trd, 000297.367, 132
Trd, 000297.983, 146
