Trd, 000005.200, 180
Trd, 000005.650, 137
Trd, 000005.850, 143
Trd, 000006.017, 134
Trd, 000006.033, 132
Trd, 000006.050, 154
Trd, 000006.717, 163
Trd, 000007.900, 153
Trd, 000009.283, 154
Trd, 000010.167, 143
Trd, 000010.733, 168
Trd, 000011.667, 160
Trd, 000012.133, 166
Trd, 000012.350, 151
Trd, 000012.850, 155
Trd, 000014.467, 170
Trd, 000015.300, 177
Trd, 000016.250, 145
Trd, 000016.883, 172
Trd, 000016.967, 173
Trd, 000018.450, 146
Trd, 000020.250, 142
Trd, 000020.533, 158
Trd, 000021.050, 140
Trd, 000022.467, 165
Trd, 000024.617, 160
Trd, 000026.167, 165
Trd, 000026.650, 158
Trd, 000026.767, 159
Trd, 000027.017, 169
Trd, 000029.267, 166
Trd, 000030.300, 165
Trd, 000030.833, 141
Trd, 000032.400, 153
Trd, 000032.933, 166
Trd, 000033.983, 146
Trd, 000034.067, 141
Trd, 000034.083, 167
Trd, 000035.883, 160
Trd, 000036.783, 158
Trd, 000037.167, 178
Trd, 000038.417, 171
Trd, 000038.433, 145
Trd, 000039.617, 182
Trd, 000041.733, 161
Trd, 000041.900, 172
Trd, 000043.300, 178
Trd, 000044.183, 163
Trd, 000045.867, 159
Trd, 000047.583, 177
Trd, 000048.550, 169
Trd, 000048.750, 154
Trd, 000048.917, 163
Trd, 000049.433, 142
Trd, 000050.017, 157
Trd, 000050.917, 153
Trd, 000051.400, 160
Trd, 000051.517, 144
Trd, 000052.200, 160
Trd, 000052.850, 163
Trd, 000053.283, 165
Trd, 000055.517, 142
Trd, 000055.617, 166
Trd, 000056.083, 167
Trd, 000056.167, 168
Trd, 000056.383, 155
Trd, 000057.167, 161
Trd, 000057.283, 141
Trd, 000057.917, 137
Trd, 000061.350, 177
Trd, 000061.617, 167
Trd, 000061.950, 153
Trd, 000063.000, 173
Trd, 000063.933, 143
Trd, 000064.900, 184
Trd, 000065.850, 174
Trd, 000066.500, 155
Trd, 000067.117, 153
Trd, 000067.517, 163
Trd, 000067.933, 156
Trd, 000070.183, 168
Trd, 000070.500, 176
Trd, 000070.700, 126
Trd, 000071.567, 166
Trd, 000072.333, 167
Trd, 000073.183, 155
Trd, 000075.900, 143
Trd, 000076.067, 151
Trd, 000076.317, 152
Trd, 000077.033, 155
Trd, 000077.767, 168
Trd, 000080.833, 156
Trd, 000081.017, 122
Trd, 000082.400, 166
Trd, 000082.683, 171
Trd, 000083.967, 174
Trd, 000084.217, 155
Trd, 000085.117, 166
Trd, 000086.067, 163
Trd, 000086.517, 155
Trd, 000086.633, 156
Trd, 000086.883, 157
Trd, 000087.933, 152
Trd, 000088.950, 168
Trd, 000090.383, 168
Trd, 000090.683, 164
Trd, 000093.017, 170
Trd, 000093.500, 139
Trd, 000094.000, 139
Trd, 000094.133, 151
Trd, 000094.300, 154
Trd, 000096.267, 164
Trd, 000096.350, 172
Trd, 000096.367, 139
Trd, 000098.667, 176
Trd, 000101.017, 156
Trd, 000102.017, 159
Trd, 000102.667, 166
Trd, 000103.483, 141
Trd, 000106.000, 169
Trd, 000106.917, 151
Trd, 000108.517, 157
Trd, 000110.817, 149
Trd, 000112.433, 161
Trd, 000112.550, 150
Trd, 000112.900, 169
Trd, 000113.083, 162
Trd, 000114.100, 155
Trd, 000114.583, 161
Trd, 000116.217, 154
Trd, 000116.783, 158
Trd, 000118.150, 156
Trd, 000119.633, 181
Trd, 000119.733, 175
Trd, 000121.483, 156
Trd, 000121.833, 168
Trd, 000122.083, 161
Trd, 000122.183, 154
Trd, 000123.117, 153
Trd, 000123.833, 175
Trd, 000124.750, 154
Trd, 000126.183, 172
Trd, 000126.750, 155
Trd, 000127.650, 140
Trd, 000127.717, 170
Trd, 000128.550, 140
Trd, 000129.017, 148
Trd, 000129.533, 174
Trd, 000130.583, 144
Trd, 000131.017, 151
Trd, 000131.467, 167
Trd, 000131.683, 149
Trd, 000132.200, 167
Trd, 000133.883, 152
Trd, 000134.283, 163
Trd, 000136.283, 170
Trd, 000137.683, 172
Trd, 000138.633, 168
Trd, 000139.300, 147
Trd, 000140.350, 147
Trd, 000140.700, 161
Trd, 000141.367, 137
Trd, 000142.133, 158
Trd, 000142.250, 165
Trd, 000142.467, 155
Trd, 000143.217, 178
Trd, 000143.283, 148
Trd, 000144.617, 140
Trd, 000146.933, 166
Trd, 000147.550, 156
Trd, 000147.983, 142
Trd, 000148.000, 175
Trd, 000148.417, 145
Trd, 000148.683, 141
Trd, 000151.200, 157
Trd, 000151.583, 153
Trd, 000152.250, 175
Trd, 000152.517, 156
Trd, 000153.333, 181
Trd, 000156.417, 151
Trd, 000157.667, 146
Trd, 000157.950, 157
Trd, 000158.233, 149
Trd, 000159.733, 153
Trd, 000161.050, 160
Trd, 000161.433, 180
Trd, 000161.983, 170
Trd, 000163.033, 164
Trd, 000164.167, 173
Trd, 000166.183, 125
Trd, 000166.817, 166
Trd, 000167.200, 145
Trd, 000167.950, 168
Trd, 000168.483, 181
Trd, 000169.033, 146
Trd, 000169.817, 157
Trd, 000171.283, 172
Trd, 000171.500, 152
Trd, 000171.567, 169
Trd, 000171.967, 143
Trd, 000174.650, 173
Trd, 000175.800, 172
Trd, 000176.400, 148
Trd, 000176.483, 167
Trd, 000179.667, 170
Trd, 000181.567, 174
Trd, 000181.883, 172
Trd, 000182.250, 155
Trd, 000182.417, 150
Trd, 000185.583, 166
Trd, 000186.550, 139
Trd, 000186.650, 154
Trd, 000188.317, 155
Trd, 000188.750, 167
Trd, 000189.567, 155
Trd, 000190.700, 137
Trd, 000191.467, 147
Trd, 000192.483, 157
Trd, 000192.683, 139
Trd, 000192.800, 133
Trd, 000192.833, 172
Trd, 000193.583, 157
Trd, 000194.650, 170
Trd, 000196.333, 172
Trd, 000197.017, 174
Trd, 000197.283, 158
Trd, 000197.333, 144
Trd, 000199.083, 171
Trd, 000200.350, 166
Trd, 000201.483, 168
Trd, 000201.733, 142
Trd, 000202.050, 165
Trd, 000202.583, 143
Trd, 000203.583, 147
Trd, 000203.650, 174
Trd, 000204.700, 141
Trd, 000205.433, 157
Trd, 000206.183, 166
Trd, 000206.817, 171
Trd, 000207.167, 166
Trd, 000207.783, 174
Trd, 000209.333, 156
Trd, 000209.783, 171
Trd, 000211.850, 136
Trd, 000212.900, 177
Trd, 000213.250, 176
Trd, 000215.367, 169
Trd, 000215.550, 159
Trd, 000216.383, 171
Trd, 000216.750, 152
Trd, 000217.933, 159
Trd, 000218.250, 165
Trd, 000218.517, 148
Trd, 000218.883, 152
Trd, 000219.600, 158
Trd, 000221.867, 176
Trd, 000222.050, 157
Trd, 000223.300, 159
Trd, 000225.317, 167
Trd, 000226.267, 152
Trd, 000226.783, 163
Trd, 000228.883, 166
Trd, 000229.433, 150
Trd, 000231.333, 170
Trd, 000231.717, 160
Trd, 000232.217, 154
Trd, 000232.483, 171
Trd, 000232.733, 162
Trd, 000235.433, 148
Trd, 000237.117, 174
Trd, 000237.383, 167
Trd, 000237.567, 161
Trd, 000237.950, 144
Trd, 000240.033, 163
Trd, 000241.750, 165
Trd, 000242.217, 166
Trd, 000242.600, 178
Trd, 000243.717, 172
Trd, 000243.750, 177
Trd, 000245.533, 167
Trd, 000245.983, 182
Trd, 000246.550, 189
Trd, 000246.733, 178
Trd, 000247.150, 172
Trd, 000247.983, 171
Trd, 000250.400, 176
Trd, 000250.650, 168
Trd, 000251.583, 144
Trd, 000252.750, 171
Trd, 000252.900, 160
Trd, 000253.100, 147
Trd, 000255.783, 149
Trd, 000256.933, 170
Trd, 000258.050, 183
Trd, 000259.150, 183
Trd, 000259.883, 177
Trd, 000261.433, 140
Trd, 000263.667, 166
Trd, 000265.967, 162
Trd, 000267.117, 140
Trd, 000267.483, 144
Trd, 000269.317, 150
Trd, 000269.833, 146
Trd, 000270.050, 149
Trd, 000270.833, 149
Trd, 000271.467, 162
Trd, 000271.500, 157
Trd, 000272.617, 166
Trd, 000273.317, 154
Trd, 000274.150, 169
Trd, 000275.317, 166
Trd, 000275.917, 191
Trd, 000277.067, 144
Trd, 000277.817, 166
Trd, 000277.917, 167
Trd, 000279.717, 162
Trd, 000280.717, 157
Trd, 000282.017, 170
Trd, 000283.133, 157
Trd, 000283.533, 174
Trd, 000283.733, 169
Trd, 000283.783, 172
Trd, 000285.217, 166
Trd, 000285.750, 147
Trd, 000286.533, 158
Trd, 000287.050, 189
Trd, 000287.267, 155
Trd, 000287.600, 150
Trd, 000288.417, 165
Trd, 000289.483, 155
Trd, 000290.683, 139
Trd, 000292.600, 160
Trd, 000293.933, 164
Trd, 000294.867, 176
Trd, 000294.950, 147
Trd, 000295.233, 171
Trd, 000297.450, 157
Trd, 000297.733, 189
Trd, 000298.717, 171
Trd, 000298.767, 158
