Trd, 000005.317, 144
Trd, 000005.817, 144
Trd, 000006.000, 140
Trd, 000006.117, 169
Trd, 000006.950, 162
Trd, 000007.133, 152
Trd, 000008.317, 171
Trd, 000008.717, 150
Trd, 000008.883, 143
Trd, 000010.200, 147
Trd, 000010.317, 173
Trd, 000010.617, 148
Trd, 000011.100, 140
Trd, 000012.017, 155
Trd, 000012.650, 161
Trd, 000013.050, 158
Trd, 000013.350, 163
Trd, 000013.600, 154
Trd, 000015.283, 113
Trd, 000015.567, 165
Trd, 000016.400, 151
Trd, 000018.233, 155
Trd, 000018.467, 158
Trd, 000020.583, 121
Trd, 000020.600, 137
Trd, 000020.783, 121
Trd, 000021.500, 144
Trd, 000021.600, 143
Trd, 000023.750, 157
Trd, 000025.750, 173
Trd, 000026.033, 163
Trd, 000026.300, 162
Trd, 000027.467, 161
Trd, 000029.567, 153
Trd, 000029.750, 185
Trd, 000030.383, 141
Trd, 000031.583, 182
Trd, 000032.033, 166
Trd, 000033.117, 153
Trd, 000034.683, 151
Trd, 000035.550, 150
Trd, 000036.300, 172
Trd, 000036.550, 158
Trd, 000037.600, 151
Trd, 000037.917, 142
Trd, 000038.600, 156
Trd, 000039.483, 150
Trd, 000040.400, 131
Trd, 000040.600, 142
Trd, 000040.983, 177
Trd, 000041.083, 160
Trd, 000041.167, 145
Trd, 000041.300, 142
Trd, 000042.400, 175
Trd, 000043.483, 151
Trd, 000045.667, 152
Trd, 000046.033, 168
Trd, 000046.717, 158
Trd, 000047.117, 138
Trd, 000047.250, 150
Trd, 000047.317, 144
Trd, 000048.483, 149
Trd, 000050.250, 161
Trd, 000051.367, 151
Trd, 000052.200, 150
Trd, 000052.583, 165
Trd, 000053.800, 159
Trd, 000056.633, 158
Trd, 000057.217, 169
Trd, 000057.350, 171
Trd, 000057.500, 159
Trd, 000058.033, 159
Trd, 000058.567, 151
Trd, 000060.267, 179
Trd, 000060.783, 147
Trd, 000062.250, 163
Trd, 000062.950, 148
Trd, 000063.300, 153
Trd, 000063.983, 146
Trd, 000064.200, 145
Trd, 000065.817, 138
Trd, 000065.917, 157
Trd, 000067.633, 166
Trd, 000068.067, 167
Trd, 000070.183, 148
Trd, 000070.833, 143
Trd, 000071.117, 141
Trd, 000071.650, 152
Trd, 000071.717, 149
Trd, 000073.967, 175
Trd, 000075.700, 150
Trd, 000075.883, 145
Trd, 000076.050, 112
Trd, 000076.367, 162
Trd, 000077.150, 146
Trd, 000078.067, 166
Trd, 000078.633, 144
Trd, 000081.633, 178
Trd, 000081.767, 176
Trd, 000081.833, 154
Trd, 000082.917, 158
Trd, 000084.917, 171
Trd, 000086.783, 164
Trd, 000087.150, 162
Trd, 000087.250, 160
Trd, 000087.300, 184
Trd, 000088.167, 161
Trd, 000089.917, 160
Trd, 000090.033, 150
Trd, 000090.067, 177
Trd, 000091.400, 157
Trd, 000092.067, 161
Trd, 000092.833, 169
Trd, 000093.433, 158
Trd, 000095.917, 146
Trd, 000096.350, 149
Trd, 000098.217, 157
Trd, 000098.483, 164
Trd, 000099.350, 152
Trd, 000101.417, 152
Trd, 000101.800, 155
Trd, 000102.533, 162
Trd, 000102.717, 183
Trd, 000103.083, 150
Trd, 000103.550, 144
Trd, 000105.700, 155
Trd, 000105.917, 125
Trd, 000106.167, 169
Trd, 000107.050, 165
Trd, 000108.233, 160
Trd, 000109.417, 155
Trd, 000109.617, 149
Trd, 000110.850, 193
Trd, 000111.167, 185
Trd, 000111.917, 167
Trd, 000112.117, 155
Trd, 000113.600, 159
Trd, 000115.000, 153
Trd, 000116.283, 154
Trd, 000116.550, 158
Trd, 000117.217, 145
Trd, 000119.267, 158
Trd, 000120.700, 162
Trd, 000121.250, 134
Trd, 000121.917, 169
Trd, 000122.383, 161
Trd, 000122.567, 151
Trd, 000123.233, 146
Trd, 000124.650, 165
Trd, 000126.033, 180
Trd, 000126.217, 152
Trd, 000126.650, 160
Trd, 000127.400, 161
Trd, 000128.317, 159
Trd, 000128.400, 154
Trd, 000130.300, 151
Trd, 000130.917, 113
Trd, 000131.000, 120
Trd, 000131.233, 108
Trd, 000131.450, 160
Trd, 000131.733, 162
Trd, 000132.017, 157
Trd, 000133.667, 174
Trd, 000134.733, 173
Trd, 000136.083, 176
Trd, 000136.817, 167
Trd, 000137.050, 163
Trd, 000137.283, 158
Trd, 000138.517, 160
Trd, 000139.667, 151
Trd, 000141.150, 131
Trd, 000141.167, 161
Trd, 000142.067, 182
Trd, 000142.983, 167
Trd, 000143.850, 148
Trd, 000146.600, 157
Trd, 000147.200, 171
Trd, 000147.767, 175
Trd, 000148.617, 154
Trd, 000148.750, 148
Trd, 000149.633, 172
Trd, 000150.983, 116
Trd, 000151.433, 158
Trd, 000151.900, 150
Trd, 000156.167, 182
Trd, 000156.350, 188
Trd, 000156.417, 185
Trd, 000156.733, 172
Trd, 000158.450, 166
Trd, 000159.500, 157
Trd, 000161.333, 159
Trd, 000161.800, 146
Trd, 000162.150, 142
Trd, 000164.317, 150
Trd, 000166.217, 177
Trd, 000166.667, 163
Trd, 000167.700, 158
Trd, 000168.450, 151
Trd, 000168.850, 189
Trd, 000168.917, 148
Trd, 000171.183, 150
Trd, 000171.333, 181
Trd, 000171.583, 144
Trd, 000172.083, 165
Trd, 000172.283, 161
Trd, 000172.333, 170
Trd, 000173.117, 138
Trd, 000176.533, 166
Trd, 000176.783, 156
Trd, 000179.017, 156
Trd, 000179.833, 156
Trd, 000181.533, 168
Trd, 000181.833, 144
Trd, 000182.150, 180
Trd, 000182.367, 162
Trd, 000182.517, 147
Trd, 000183.650, 171
Trd, 000183.900, 161
Trd, 000185.017, 140
Trd, 000186.967, 154
Trd, 000187.850, 169
Trd, 000187.900, 171
Trd, 000188.017, 158
Trd, 000189.300, 147
Trd, 000189.700, 179
Trd, 000190.367, 141
Trd, 000191.617, 150
Trd, 000192.633, 153
Trd, 000193.917, 168
Trd, 000194.133, 149
Trd, 000194.667, 173
Trd, 000195.417, 166
Trd, 000196.067, 125
Trd, 000197.917, 164
Trd, 000197.950, 162
Trd, 000199.950, 172
Trd, 000200.250, 148
Trd, 000201.083, 117
Trd, 000202.217, 170
Trd, 000202.283, 166
Trd, 000202.850, 151
Trd, 000205.150, 152
Trd, 000205.350, 163
Trd, 000207.567, 151
Trd, 000207.983, 162
Trd, 000209.017, 146
Trd, 000210.183, 163
Trd, 000211.683, 151
Trd, 000213.183, 160
Trd, 000213.933, 174
Trd, 000214.933, 181
Trd, 000215.833, 170
Trd, 000216.383, 156
Trd, 000216.500, 143
Trd, 000217.100, 166
Trd, 000217.317, 170
Trd, 000217.333, 151
Trd, 000219.950, 163
Trd, 000221.333, 117
Trd, 000221.850, 134
Trd, 000221.867, 151
Trd, 000222.350, 144
Trd, 000224.500, 140
Trd, 000224.850, 138
Trd, 000225.400, 155
Trd, 000225.783, 148
Trd, 000226.533, 170
Trd, 000226.900, 162
Trd, 000227.017, 169
Trd, 000227.317, 169
Trd, 000227.433, 145
Trd, 000228.467, 162
Trd, 000228.550, 157
Trd, 000231.633, 154
Trd, 000232.100, 172
Trd, 000232.133, 144
Trd, 000232.267, 167
Trd, 000233.500, 158
Trd, 000233.950, 150
Trd, 000234.750, 169
Trd, 000236.433, 152
Trd, 000236.450, 150
Trd, 000236.667, 152
Trd, 000237.300, 169
Trd, 000238.500, 156
Trd, 000238.517, 165
Trd, 000240.283, 179
Trd, 000240.333, 158
Trd, 000241.483, 179
Trd, 000242.183, 152
Trd, 000242.733, 151
Trd, 000243.400, 166
Trd, 000244.933, 148
Trd, 000245.217, 174
Trd, 000247.083, 144
Trd, 000247.633, 171
Trd, 000247.650, 160
Trd, 000248.667, 161
Trd, 000249.333, 150
Trd, 000249.417, 158
Trd, 000249.517, 140
Trd, 000251.000, 155
Trd, 000252.217, 160
Trd, 000252.450, 148
Trd, 000252.533, 157
Trd, 000253.433, 181
Trd, 000254.300, 159
Trd, 000254.517, 151
Trd, 000256.183, 142
Trd, 000257.083, 162
Trd, 000257.767, 158
Trd, 000257.983, 149
Trd, 000258.550, 166
Trd, 000262.717, 152
Trd, 000264.233, 189
Trd, 000264.483, 175
Trd, 000264.933, 158
Trd, 000265.483, 168
Trd, 000267.000, 151
Trd, 000267.550, 167
Trd, 000267.583, 158
Trd, 000269.267, 144
Trd, 000270.133, 162
Trd, 000270.350, 155
Trd, 000271.017, 149
Trd, 000271.850, 161
Trd, 000272.783, 160
Trd, 000275.683, 188
Trd, 000276.617, 149
Trd, 000277.267, 158
Trd, 000277.400, 154
Trd, 000278.800, 145
Trd, 000279.633, 181
Trd, 000281.483, 122
Trd, 000281.950, 166
Trd, 000282.833, 176
Trd, 000282.900, 181
Trd, 000283.567, 161
Trd, 000283.950, 151
Trd, 000285.033, 144
Trd, 000286.467, 176
Trd, 000287.933, 146
Trd, 000288.450, 159
Trd, 000288.567, 167
Trd, 000288.767, 175
Trd, 000291.167, 171
Trd, 000291.650, 158
Trd, 000291.733, 148
Trd, 000292.417, 159
Trd, 000294.000, 162
Trd, 000294.233, 155
Trd, 000295.017, 144
Trd, 000296.900, 150
Trd, 000297.417, 149
Trd, 000297.983, 152
Trd, 000298.950, 143
Trd, 000299.833, 172
