Trd, 000005.317, 137
Trd, 000005.467, 132
Trd, 000005.633, 123
Trd, 000006.083, 139
Trd, 000006.233, 143
Trd, 000006.417, 136
Trd, 000006.533, 156
Trd, 000010.367, 123
Trd, 000010.483, 150
Trd, 000010.783, 137
Trd, 000011.050, 146
Trd, 000011.767, 158
Trd, 000012.183, 159
Trd, 000012.333, 151
Trd, 000013.150, 134
Trd, 000015.317, 151
Trd, 000015.717, 140
Trd, 000016.467, 157
Trd, 000017.400, 177
Trd, 000017.817, 142
Trd, 000017.883, 141
Trd, 000019.917, 142
Trd, 000020.333, 122
Trd, 000021.033, 151
Trd, 000021.217, 160
Trd, 000021.783, 150
Trd, 000022.267, 169
Trd, 000022.750, 137
Trd, 000023.133, 139
Trd, 000025.550, 119
Trd, 000025.600, 120
Trd, 000025.900, 144
Trd, 000029.183, 158
Trd, 000029.517, 141
Trd, 000030.417, 154
Trd, 000030.533, 151
Trd, 000031.050, 169
Trd, 000031.750, 155
Trd, 000032.083, 154
Trd, 000033.400, 150
Trd, 000035.200, 155
Trd, 000035.367, 165
Trd, 000035.700, 151
Trd, 000035.867, 134
Trd, 000036.767, 152
Trd, 000036.800, 163
Trd, 000039.000, 164
Trd, 000039.333, 149
Trd, 000039.650, 156
Trd, 000040.783, 180
Trd, 000040.900, 151
Trd, 000041.033, 131
Trd, 000042.067, 155
Trd, 000045.083, 166
Trd, 000045.500, 181
Trd, 000045.800, 175
Trd, 000046.867, 150
Trd, 000047.083, 150
Trd, 000047.583, 182
Trd, 000048.250, 144
Trd, 000048.483, 137
Trd, 000050.233, 182
Trd, 000051.333, 151
Trd, 000051.817, 149
Trd, 000052.033, 165
Trd, 000052.500, 145
Trd, 000052.800, 155
Trd, 000053.817, 169
Trd, 000055.233, 135
Trd, 000056.083, 151
Trd, 000056.433, 149
Trd, 000056.767, 148
Trd, 000057.083, 160
Trd, 000058.900, 160
Trd, 000060.167, 146
Trd, 000060.417, 131
Trd, 000060.733, 125
Trd, 000061.000, 152
Trd, 000061.067, 159
Trd, 000062.033, 143
Trd, 000062.167, 145
Trd, 000062.983, 175
Trd, 000063.867, 154
Trd, 000065.200, 153
Trd, 000065.567, 136
Trd, 000066.083, 151
Trd, 000066.250, 146
Trd, 000066.283, 134
Trd, 000066.717, 168
Trd, 000067.833, 151
Trd, 000070.667, 125
Trd, 000071.200, 178
Trd, 000071.300, 152
Trd, 000071.567, 151
Trd, 000072.667, 162
Trd, 000073.650, 158
Trd, 000074.633, 150
Trd, 000075.750, 155
Trd, 000076.633, 142
Trd, 000076.783, 138
Trd, 000078.117, 151
Trd, 000078.167, 167
Trd, 000080.767, 155
Trd, 000080.950, 144
Trd, 000081.683, 150
Trd, 000082.100, 140
Trd, 000083.250, 150
Trd, 000084.200, 160
Trd, 000084.950, 152
Trd, 000085.967, 169
Trd, 000086.183, 147
Trd, 000086.433, 141
Trd, 000087.333, 151
Trd, 000090.133, 171
Trd, 000090.633, 122
Trd, 000092.333, 158
Trd, 000092.350, 151
Trd, 000092.667, 148
Trd, 000094.200, 132
Trd, 000094.550, 146
Trd, 000094.883, 157
Trd, 000095.250, 168
Trd, 000095.667, 121
Trd, 000096.117, 140
Trd, 000096.233, 169
Trd, 000096.700, 151
Trd, 000096.783, 150
Trd, 000099.317, 164
Trd, 000100.833, 146
Trd, 000101.067, 156
Trd, 000101.567, 141
Trd, 000101.817, 134
Trd, 000102.483, 158
Trd, 000103.067, 157
Trd, 000103.233, 162
Trd, 000105.817, 177
Trd, 000106.483, 152
Trd, 000106.500, 149
Trd, 000107.683, 151
Trd, 000108.067, 135
Trd, 000108.683, 170
Trd, 000109.350, 159
Trd, 000109.417, 160
Trd, 000111.233, 145
Trd, 000112.233, 181
Trd, 000112.467, 144
Trd, 000112.533, 134
Trd, 000113.233, 159
Trd, 000114.750, 179
Trd, 000115.867, 132
Trd, 000116.400, 163
Trd, 000118.067, 150
Trd, 000118.533, 150
Trd, 000119.417, 149
Trd, 000121.333, 165
Trd, 000121.867, 143
Trd, 000121.900, 139
Trd, 000122.217, 152
Trd, 000122.383, 144
Trd, 000124.467, 151
Trd, 000126.083, 163
Trd, 000126.150, 150
Trd, 000127.067, 149
Trd, 000128.183, 146
Trd, 000128.550, 148
Trd, 000129.233, 154
Trd, 000131.100, 139
Trd, 000131.200, 144
Trd, 000131.450, 156
Trd, 000131.500, 124
Trd, 000131.633, 134
Trd, 000132.250, 148
Trd, 000136.483, 146
Trd, 000136.717, 158
Trd, 000136.833, 146
Trd, 000137.600, 135
Trd, 000137.883, 163
Trd, 000139.350, 186
Trd, 000139.650, 161
Trd, 000141.067, 126
Trd, 000141.850, 154
Trd, 000142.283, 156
Trd, 000142.383, 151
Trd, 000142.683, 152
Trd, 000143.450, 153
Trd, 000144.950, 154
Trd, 000146.017, 137
Trd, 000146.333, 151
Trd, 000146.850, 123
Trd, 000146.900, 166
Trd, 000148.433, 140
Trd, 000148.450, 140
Trd, 000148.717, 127
Trd, 000149.300, 151
Trd, 000149.367, 151
Trd, 000151.633, 186
Trd, 000151.650, 166
Trd, 000152.417, 165
Trd, 000152.783, 149
Trd, 000153.133, 153
Trd, 000155.600, 168
Trd, 000156.367, 129
Trd, 000156.600, 149
Trd, 000156.933, 174
Trd, 000157.417, 151
Trd, 000157.583, 150
Trd, 000158.700, 178
Trd, 000161.217, 133
Trd, 000161.583, 169
Trd, 000161.700, 174
Trd, 000162.200, 153
Trd, 000162.483, 134
Trd, 000162.783, 162
Trd, 000165.817, 147
Trd, 000166.117, 128
Trd, 000166.283, 167
Trd, 000167.833, 174
Trd, 000167.983, 143
Trd, 000168.333, 142
Trd, 000170.883, 147
Trd, 000171.817, 136
Trd, 000171.833, 135
Trd, 000172.033, 139
Trd, 000173.117, 139
Trd, 000174.100, 151
Trd, 000175.933, 167
Trd, 000176.250, 182
Trd, 000176.667, 164
Trd, 000176.850, 150
Trd, 000177.333, 155
Trd, 000177.883, 169
Trd, 000179.167, 148
Trd, 000179.933, 141
Trd, 000180.567, 158
Trd, 000181.183, 146
Trd, 000181.450, 138
Trd, 000181.517, 140
Trd, 000181.533, 144
Trd, 000182.067, 163
Trd, 000185.617, 182
Trd, 000185.900, 170
Trd, 000186.650, 142
Trd, 000186.917, 140
Trd, 000186.967, 148
Trd, 000187.683, 176
Trd, 000188.750, 148
Trd, 000188.917, 158
Trd, 000189.250, 134
Trd, 000189.817, 164
Trd, 000191.267, 164
Trd, 000191.733, 171
Trd, 000191.767, 151
Trd, 000192.517, 151
Trd, 000193.467, 177
Trd, 000193.800, 165
Trd, 000193.917, 153
Trd, 000196.117, 107
Trd, 000196.217, 138
Trd, 000196.300, 144
Trd, 000196.750, 145
Trd, 000196.833, 158
Trd, 000197.600, 125
Trd, 000200.400, 147
Trd, 000201.267, 151
Trd, 000201.483, 177
Trd, 000202.217, 161
Trd, 000202.233, 162
Trd, 000203.467, 163
Trd, 000203.900, 145
Trd, 000204.217, 143
Trd, 000206.350, 170
Trd, 000206.683, 137
Trd, 000206.817, 170
Trd, 000206.900, 142
Trd, 000208.283, 174
Trd, 000211.283, 129
Trd, 000211.417, 113
Trd, 000212.000, 155
Trd, 000212.867, 170
Trd, 000212.883, 161
Trd, 000216.000, 151
Trd, 000216.317, 108
Trd, 000216.450, 106
Trd, 000216.567, 140
Trd, 000216.767, 139
Trd, 000216.800, 179
Trd, 000217.317, 139
Trd, 000218.067, 148
Trd, 000221.367, 150
Trd, 000221.950, 179
Trd, 000222.117, 143
Trd, 000224.400, 148
Trd, 000224.900, 144
Trd, 000225.700, 151
Trd, 000226.833, 152
Trd, 000227.100, 133
Trd, 000228.033, 161
Trd, 000228.517, 168
Trd, 000230.033, 150
Trd, 000230.450, 162
Trd, 000231.667, 118
Trd, 000232.167, 120
Trd, 000232.233, 144
Trd, 000232.433, 140
Trd, 000233.217, 147
Trd, 000235.717, 153
Trd, 000236.400, 183
Trd, 000236.733, 136
Trd, 000236.883, 120
Trd, 000237.383, 184
Trd, 000237.450, 161
Trd, 000239.033, 140
Trd, 000241.450, 141
Trd, 000241.950, 130
Trd, 000242.667, 147
Trd, 000243.083, 155
Trd, 000244.500, 130
Trd, 000244.600, 130
Trd, 000244.917, 157
Trd, 000245.300, 162
Trd, 000246.683, 168
Trd, 000246.717, 156
Trd, 000247.083, 151
Trd, 000248.100, 162
Trd, 000249.617, 149
Trd, 000250.650, 143
Trd, 000250.950, 176
Trd, 000251.667, 131
Trd, 000251.683, 134
Trd, 000252.100, 147
Trd, 000253.717, 161
Trd, 000255.717, 148
Trd, 000256.017, 148
Trd, 000256.333, 126
Trd, 000257.633, 151
Trd, 000258.483, 145
Trd, 000258.883, 146
Trd, 000258.917, 168
Trd, 000259.583, 151
Trd, 000260.367, 133
Trd, 000260.733, 132
Trd, 000261.367, 139
Trd, 000261.517, 138
Trd, 000261.683, 139
Trd, 000262.150, 130
Trd, 000263.033, 164
Trd, 000263.250, 140
Trd, 000264.350, 133
Trd, 000265.117, 148
Trd, 000267.067, 130
Trd, 000267.867, 156
Trd, 000269.417, 162
Trd, 000269.617, 170
Trd, 000271.633, 162
Trd, 000271.717, 151
Trd, 000272.483, 137
Trd, 000272.850, 134
Trd, 000273.567, 146
Trd, 000273.800, 154
Trd, 000273.950, 161
Trd, 000275.050, 157
Trd, 000275.417, 145
Trd, 000276.567, 132
Trd, 000277.467, 151
Trd, 000278.967, 156
Trd, 000279.533, 139
Trd, 000280.133, 145
Trd, 000280.300, 138
Trd, 000281.483, 128
Trd, 000281.933, 161
Trd, 000282.300, 166
Trd, 000283.350, 152
Trd, 000283.500, 161
Trd, 000283.750, 153
Trd, 000284.450, 156
Trd, 000285.667, 167
Trd, 000286.750, 173
Trd, 000287.150, 159
Trd, 000287.417, 153
Trd, 000287.500, 173
Trd, 000287.950, 155
Trd, 000289.167, 151
Trd, 000290.417, 146
Trd, 000291.733, 136
Trd, 000291.750, 162
Trd, 000291.850, 123
Trd, 000292.517, 150
Trd, 000292.650, 143
Trd, 000294.100, 133
Trd, 000294.467, 174
Trd, 000297.550, 170
Trd, 000297.967, 178
Trd, 000298.633, 154
Trd, 000299.300, 163
Trd, 000299.800, 187
