Trd, 000005.467, 160
Trd, 000006.133, 161
Trd, 000007.033, 152
Trd, 000007.450, 153
Trd, 000007.633, 155
Trd, 000008.250, 163
Trd, 000008.750, 168
Trd, 000009.917, 163
Trd, 000010.867, 144
Trd, 000011.750, 142
Trd, 000012.667, 167
Trd, 000012.733, 148
Trd, 000013.183, 157
Trd, 000014.083, 172
Trd, 000016.217, 166
Trd, 000016.267, 133
Trd, 000016.383, 148
Trd, 000017.583, 182
Trd, 000020.400, 146
Trd, 000021.000, 150
Trd, 000021.700, 140
Trd, 000022.850, 148
Trd, 000024.017, 155
Trd, 000024.167, 144
Trd, 000025.850, 156
Trd, 000026.033, 154
Trd, 000026.883, 171
Trd, 000027.233, 158
Trd, 000027.833, 165
Trd, 000028.617, 173
Trd, 000028.800, 183
Trd, 000030.617, 137
Trd, 000034.083, 170
Trd, 000036.067, 159
Trd, 000037.167, 149
Trd, 000037.783, 169
Trd, 000039.450, 142
Trd, 000041.150, 143
Trd, 000041.383, 135
Trd, 000041.867, 150
Trd, 000042.483, 172
Trd, 000043.133, 155
Trd, 000043.783, 155
Trd, 000045.833, 129
Trd, 000045.933, 150
Trd, 000046.183, 179
Trd, 000049.233, 172
Trd, 000049.350, 156
Trd, 000051.367, 186
Trd, 000052.300, 178
Trd, 000054.250, 168
Trd, 000055.533, 158
Trd, 000055.600, 126
Trd, 000055.783, 128
Trd, 000056.367, 131
Trd, 000058.667, 181
Trd, 000059.583, 189
Trd, 000060.767, 158
Trd, 000060.783, 163
Trd, 000061.500, 174
Trd, 000063.517, 147
Trd, 000064.267, 180
Trd, 000065.117, 186
Trd, 000065.550, 150
Trd, 000065.950, 165
Trd, 000067.367, 183
Trd, 000068.150, 171
Trd, 000068.833, 161
Trd, 000070.617, 147
Trd, 000070.883, 137
Trd, 000071.000, 154
Trd, 000072.167, 164
Trd, 000072.283, 188
Trd, 000073.050, 147
Trd, 000075.700, 149
Trd, 000076.683, 180
Trd, 000076.833, 144
Trd, 000077.467, 143
Trd, 000079.267, 156
Trd, 000079.867, 148
Trd, 000080.867, 123
Trd, 000081.067, 146
Trd, 000081.733, 168
Trd, 000083.300, 182
Trd, 000083.450, 173
Trd, 000086.017, 198
Trd, 000086.100, 163
Trd, 000086.183, 157
Trd, 000088.267, 178
Trd, 000089.833, 178
Trd, 000090.183, 139
Trd, 000091.183, 154
Trd, 000091.317, 162
Trd, 000092.050, 131
Trd, 000093.183, 175
Trd, 000093.950, 143
Trd, 000097.200, 185
Trd, 000097.500, 184
Trd, 000097.567, 158
Trd, 000097.883, 156
Trd, 000097.950, 155
Trd, 000099.833, 155
Trd, 000100.933, 179
Trd, 000101.300, 175
Trd, 000102.017, 165
Trd, 000102.050, 153
Trd, 000102.250, 184
Trd, 000104.183, 159
Trd, 000104.717, 146
Trd, 000106.517, 155
Trd, 000106.633, 158
Trd, 000106.800, 151
Trd, 000108.800, 166
Trd, 000110.017, 160
Trd, 000110.817, 140
Trd, 000112.283, 167
Trd, 000112.367, 150
Trd, 000114.633, 181
Trd, 000114.867, 160
Trd, 000115.933, 139
Trd, 000116.083, 169
Trd, 000116.533, 171
Trd, 000116.700, 163
Trd, 000120.050, 157
Trd, 000121.117, 145
Trd, 000121.833, 148
Trd, 000122.150, 178
Trd, 000123.483, 174
Trd, 000123.800, 145
Trd, 000125.367, 144
Trd, 000126.017, 129
Trd, 000126.767, 181
Trd, 000127.617, 172
Trd, 000131.983, 154
Trd, 000132.733, 139
Trd, 000132.783, 132
Trd, 000133.167, 143
Trd, 000133.700, 174
Trd, 000134.000, 158
Trd, 000134.983, 174
Trd, 000135.400, 158
Trd, 000136.717, 171
Trd, 000136.933, 160
Trd, 000137.500, 149
Trd, 000138.850, 188
Trd, 000139.267, 156
Trd, 000140.150, 178
Trd, 000142.033, 172
Trd, 000142.183, 160
Trd, 000142.817, 176
Trd, 000144.417, 174
Trd, 000145.683, 135
Trd, 000145.817, 179
Trd, 000146.133, 161
Trd, 000146.183, 179
Trd, 000146.233, 146
Trd, 000146.750, 139
Trd, 000147.450, 126
Trd, 000147.750, 143
Trd, 000148.967, 141
Trd, 000150.367, 181
Trd, 000150.450, 169
Trd, 000151.333, 134
Trd, 000151.550, 155
Trd, 000152.100, 158
Trd, 000152.883, 175
Trd, 000153.217, 155
Trd, 000153.367, 182
Trd, 000154.417, 144
Trd, 000156.350, 143
Trd, 000156.450, 171
Trd, 000157.250, 190
Trd, 000160.117, 156
Trd, 000160.400, 171
Trd, 000160.550, 141
Trd, 000161.067, 135
Trd, 000161.183, 139
Trd, 000161.633, 104
Trd, 000161.850, 150
Trd, 000162.483, 141
Trd, 000163.917, 169
Trd, 000164.417, 165
Trd, 000166.217, 170
Trd, 000166.933, 158
Trd, 000169.233, 186
Trd, 000169.600, 183
Trd, 000171.150, 144
Trd, 000171.300, 164
Trd, 000171.817, 150
Trd, 000171.833, 139
Trd, 000175.467, 163
Trd, 000176.133, 144
Trd, 000176.817, 156
Trd, 000177.517, 142
Trd, 000179.733, 162
Trd, 000179.900, 159
Trd, 000181.583, 180
Trd, 000181.600, 147
Trd, 000181.933, 146
Trd, 000183.450, 144
Trd, 000184.300, 166
Trd, 000186.133, 145
Trd, 000186.650, 161
Trd, 000188.500, 157
Trd, 000189.433, 153
Trd, 000189.550, 149
Trd, 000190.067, 155
Trd, 000191.400, 177
Trd, 000192.867, 158
Trd, 000193.950, 149
Trd, 000195.117, 172
Trd, 000196.317, 138
Trd, 000196.533, 152
Trd, 000197.200, 151
Trd, 000197.433, 141
Trd, 000201.083, 137
Trd, 000201.450, 187
Trd, 000203.217, 171
Trd, 000203.450, 178
Trd, 000205.017, 169
Trd, 000205.400, 151
Trd, 000205.600, 155
Trd, 000206.250, 144
Trd, 000208.400, 145
Trd, 000208.733, 153
Trd, 000211.533, 182
Trd, 000211.833, 185
Trd, 000212.150, 181
Trd, 000213.400, 171
Trd, 000216.300, 132
Trd, 000217.217, 161
Trd, 000218.817, 146
Trd, 000218.900, 164
Trd, 000219.417, 161
Trd, 000221.000, 161
Trd, 000221.300, 168
Trd, 000221.717, 127
Trd, 000222.633, 157
Trd, 000223.167, 150
Trd, 000224.850, 170
Trd, 000226.017, 153
Trd, 000226.950, 166
Trd, 000227.583, 163
Trd, 000227.700, 158
Trd, 000228.367, 155
Trd, 000231.900, 147
Trd, 000232.283, 179
Trd, 000232.483, 148
Trd, 000233.400, 170
Trd, 000235.267, 156
Trd, 000236.383, 166
Trd, 000236.633, 146
Trd, 000237.133, 154
Trd, 000239.917, 181
Trd, 000241.817, 167
Trd, 000242.400, 158
Trd, 000242.433, 145
Trd, 000243.100, 158
Trd, 000244.200, 164
Trd, 000244.850, 152
Trd, 000245.683, 148
Trd, 000246.350, 162
Trd, 000247.017, 159
Trd, 000247.183, 160
Trd, 000247.400, 160
Trd, 000247.850, 161
Trd, 000248.183, 169
Trd, 000248.867, 161
Trd, 000250.100, 163
Trd, 000251.417, 149
Trd, 000252.617, 155
Trd, 000253.400, 188
Trd, 000253.650, 179
Trd, 000254.200, 166
Trd, 000255.083, 171
Trd, 000255.783, 152
Trd, 000256.333, 158
Trd, 000256.600, 176
Trd, 000257.433, 159
Trd, 000257.833, 167
Trd, 000259.917, 144
Trd, 000261.383, 173
Trd, 000261.667, 131
Trd, 000261.850, 140
Trd, 000261.967, 163
Trd, 000262.700, 156
Trd, 000262.950, 156
Trd, 000265.933, 164
Trd, 000266.900, 169
Trd, 000267.033, 168
Trd, 000268.167, 173
Trd, 000268.800, 162
Trd, 000269.400, 183
Trd, 000269.867, 150
Trd, 000271.783, 157
Trd, 000272.917, 148
Trd, 000273.000, 139
Trd, 000273.533, 148
Trd, 000274.300, 166
Trd, 000276.483, 145
Trd, 000276.533, 172
Trd, 000280.750, 155
Trd, 000282.517, 149
Trd, 000282.683, 151
Trd, 000282.917, 137
Trd, 000283.950, 161
Trd, 000288.000, 169
Trd, 000288.333, 154
Trd, 000288.750, 153
Trd, 000291.250, 174
Trd, 000291.483, 134
Trd, 000292.750, 173
Trd, 000293.633, 177
Trd, 000293.800, 156
Trd, 000295.667, 161
Trd, 000297.467, 188
Trd, 000297.667, 154
Trd, 000297.950, 156
Trd, 000298.233, 177
Trd, 000298.717, 155
Trd, 000299.650, 175
Trd, 000299.867, 150
