Trd, 000005.167, 121
Trd, 000005.267, 103
Trd, 000005.500, 157
Trd, 000006.250, 176
Trd, 000007.417, 178
Trd, 000007.583, 165
Trd, 000008.250, 183
Trd, 000008.383, 160
Trd, 000010.533, 193
Trd, 000010.900, 174
Trd, 000011.717, 163
Trd, 000011.817, 162
Trd, 000012.000, 169
Trd, 000013.633, 160
Trd, 000014.117, 179
Trd, 000014.817, 176
Trd, 000015.600, 174
Trd, 000015.683, 170
Trd, 000015.967, 187
Trd, 000016.400, 160
Trd, 000016.850, 166
Trd, 000018.183, 151
Trd, 000018.633, 182
Trd, 000019.233, 156
Trd, 000019.617, 159
Trd, 000020.583, 175
Trd, 000021.700, 171
Trd, 000021.967, 167
Trd, 000022.267, 173
Trd, 000022.717, 180
Trd, 000022.817, 167
Trd, 000023.167, 161
Trd, 000024.283, 159
Trd, 000025.283, 104
Trd, 000025.400, 125
Trd, 000026.367, 174
Trd, 000026.600, 183
Trd, 000028.233, 168
Trd, 000029.167, 165
Trd, 000029.200, 160
Trd, 000029.600, 171
Trd, 000030.683, 198
Trd, 000031.033, 172
Trd, 000031.167, 164
Trd, 000031.317, 160
Trd, 000031.367, 155
Trd, 000031.667, 158
Trd, 000032.400, 148
Trd, 000032.533, 168
Trd, 000032.567, 147
Trd, 000034.833, 155
Trd, 000035.233, 174
Trd, 000035.617, 184
Trd, 000035.750, 159
Trd, 000036.283, 135
Trd, 000036.883, 155
Trd, 000038.000, 164
Trd, 000038.400, 158
Trd, 000040.450, 157
Trd, 000040.650, 126
Trd, 000040.850, 200
Trd, 000041.033, 179
Trd, 000042.350, 153
Trd, 000042.600, 157
Trd, 000042.900, 172
Trd, 000043.067, 160
Trd, 000045.350, 135
Trd, 000045.917, 179
Trd, 000046.733, 172
Trd, 000047.083, 160
Trd, 000047.333, 157
Trd, 000048.367, 146
Trd, 000048.617, 167
Trd, 000048.950, 146
Trd, 000048.983, 161
Trd, 000049.417, 142
Trd, 000050.183, 171
Trd, 000050.650, 181
Trd, 000050.733, 153
Trd, 000050.933, 150
Trd, 000051.500, 163
Trd, 000051.650, 132
Trd, 000054.633, 169
Trd, 000056.100, 174
Trd, 000056.367, 159
Trd, 000056.850, 169
Trd, 000057.367, 180
Trd, 000057.867, 164
Trd, 000058.050, 154
Trd, 000058.267, 174
Trd, 000059.883, 160
Trd, 000060.067, 167
Trd, 000060.650, 165
Trd, 000060.967, 174
Trd, 000061.367, 174
Trd, 000061.533, 173
Trd, 000062.783, 162
Trd, 000063.267, 162
Trd, 000063.567, 160
Trd, 000064.667, 131
Trd, 000065.017, 178
Trd, 000065.867, 174
Trd, 000066.117, 174
Trd, 000066.133, 167
Trd, 000066.467, 160
Trd, 000066.883, 165
Trd, 000067.767, 166
Trd, 000069.267, 164
Trd, 000070.700, 167
Trd, 000070.917, 177
Trd, 000071.333, 150
Trd, 000072.017, 165
Trd, 000072.150, 140
Trd, 000072.783, 152
Trd, 000073.383, 163
Trd, 000073.600, 166
Trd, 000074.950, 153
Trd, 000075.583, 125
Trd, 000076.600, 166
Trd, 000076.633, 142
Trd, 000076.650, 167
Trd, 000077.117, 180
Trd, 000077.417, 167
Trd, 000077.900, 172
Trd, 000079.650, 168
Trd, 000081.100, 199
Trd, 000081.167, 179
Trd, 000081.200, 172
Trd, 000081.983, 151
Trd, 000082.117, 157
Trd, 000082.400, 146
Trd, 000082.450, 161
Trd, 000085.083, 163
Trd, 000085.467, 165
Trd, 000085.683, 138
Trd, 000086.983, 177
Trd, 000087.450, 174
Trd, 000088.133, 163
Trd, 000088.167, 160
Trd, 000089.617, 171
Trd, 000089.650, 168
Trd, 000089.867, 151
Trd, 000091.233, 176
Trd, 000091.317, 172
Trd, 000091.333, 163
Trd, 000091.367, 160
Trd, 000091.600, 185
Trd, 000091.983, 181
Trd, 000093.383, 162
Trd, 000093.567, 157
Trd, 000095.950, 157
Trd, 000096.067, 165
Trd, 000096.467, 151
Trd, 000096.500, 155
Trd, 000097.283, 156
Trd, 000098.133, 155
Trd, 000098.200, 154
Trd, 000100.900, 176
Trd, 000100.967, 169
Trd, 000100.983, 168
Trd, 000101.733, 172
Trd, 000101.883, 186
Trd, 000102.300, 165
Trd, 000103.133, 152
Trd, 000106.000, 185
Trd, 000106.183, 178
Trd, 000106.300, 180
Trd, 000107.167, 176
Trd, 000107.767, 172
Trd, 000108.200, 164
Trd, 000108.967, 162
Trd, 000109.417, 160
Trd, 000110.900, 124
Trd, 000111.017, 183
Trd, 000111.233, 153
Trd, 000111.650, 172
Trd, 000112.283, 163
Trd, 000112.750, 163
Trd, 000115.417, 157
Trd, 000115.533, 176
Trd, 000116.000, 176
Trd, 000116.367, 160
Trd, 000117.033, 175
Trd, 000117.100, 166
Trd, 000117.217, 181
Trd, 000117.400, 134
Trd, 000118.433, 135
Trd, 000121.583, 175
Trd, 000122.450, 180
Trd, 000122.533, 173
Trd, 000122.633, 166
Trd, 000122.983, 183
Trd, 000124.667, 170
Trd, 000125.600, 141
Trd, 000126.100, 175
Trd, 000126.217, 183
Trd, 000126.650, 148
Trd, 000126.767, 158
Trd, 000127.033, 146
Trd, 000128.700, 167
Trd, 000128.867, 165
Trd, 000130.217, 175
Trd, 000130.250, 160
Trd, 000130.467, 156
Trd, 000130.967, 147
Trd, 000130.983, 136
Trd, 000131.300, 171
Trd, 000132.600, 176
Trd, 000133.333, 175
Trd, 000133.700, 159
Trd, 000133.817, 151
Trd, 000136.700, 140
Trd, 000136.817, 171
Trd, 000137.017, 173
Trd, 000137.583, 180
Trd, 000137.933, 189
Trd, 000140.017, 174
Trd, 000140.150, 166
Trd, 000141.350, 186
Trd, 000141.900, 175
Trd, 000142.333, 185
Trd, 000143.050, 175
Trd, 000143.133, 165
Trd, 000144.917, 185
Trd, 000146.900, 155
Trd, 000146.933, 167
Trd, 000147.150, 154
Trd, 000147.400, 127
Trd, 000148.383, 148
Trd, 000149.067, 184
Trd, 000149.433, 174
Trd, 000149.833, 172
Trd, 000150.000, 163
Trd, 000150.583, 164
Trd, 000151.500, 177
Trd, 000151.717, 177
Trd, 000152.350, 181
Trd, 000152.500, 172
Trd, 000153.067, 157
Trd, 000154.900, 172
Trd, 000156.000, 150
Trd, 000156.300, 165
Trd, 000156.517, 156
Trd, 000156.633, 155
Trd, 000157.150, 152
Trd, 000158.367, 161
Trd, 000158.683, 160
Trd, 000158.783, 146
Trd, 000161.133, 189
Trd, 000161.583, 141
Trd, 000161.850, 138
Trd, 000162.333, 136
Trd, 000162.650, 161
Trd, 000163.767, 167
Trd, 000164.983, 159
Trd, 000165.750, 161
Trd, 000166.167, 173
Trd, 000167.267, 180
Trd, 000167.600, 176
Trd, 000168.167, 181
Trd, 000168.183, 160
Trd, 000168.383, 138
Trd, 000168.783, 173
Trd, 000171.350, 175
Trd, 000171.417, 172
Trd, 000171.883, 160
Trd, 000173.050, 186
Trd, 000173.083, 161
Trd, 000173.367, 149
Trd, 000174.900, 162
Trd, 000176.250, 160
Trd, 000176.500, 166
Trd, 000177.150, 186
Trd, 000177.400, 168
Trd, 000177.900, 163
Trd, 000178.167, 159
Trd, 000179.383, 181
Trd, 000179.683, 177
Trd, 000181.067, 169
Trd, 000181.467, 170
Trd, 000181.567, 163
Trd, 000182.483, 166
Trd, 000182.583, 160
Trd, 000182.700, 135
Trd, 000182.767, 145
Trd, 000183.467, 147
Trd, 000186.650, 169
Trd, 000186.717, 158
Trd, 000186.850, 177
Trd, 000187.250, 185
Trd, 000187.950, 168
Trd, 000189.250, 163
Trd, 000190.417, 175
Trd, 000191.550, 159
Trd, 000191.783, 162
Trd, 000191.950, 154
Trd, 000193.867, 163
Trd, 000194.300, 161
Trd, 000194.783, 149
Trd, 000194.883, 140
Trd, 000196.250, 184
Trd, 000196.383, 159
Trd, 000197.067, 170
Trd, 000197.250, 161
Trd, 000197.317, 146
Trd, 000198.317, 172
Trd, 000199.100, 178
Trd, 000199.200, 159
Trd, 000200.183, 164
Trd, 000200.500, 158
Trd, 000201.183, 149
Trd, 000201.450, 171
Trd, 000202.083, 175
Trd, 000202.667, 176
Trd, 000203.317, 167
Trd, 000203.333, 160
Trd, 000203.383, 150
Trd, 000203.483, 164
Trd, 000203.800, 142
Trd, 000204.483, 155
Trd, 000206.217, 160
Trd, 000206.283, 167
Trd, 000206.700, 184
Trd, 000206.900, 172
Trd, 000207.000, 159
Trd, 000207.767, 171
Trd, 000208.350, 165
Trd, 000211.233, 115
Trd, 000212.133, 173
Trd, 000212.200, 165
Trd, 000213.233, 171
Trd, 000213.433, 160
Trd, 000213.500, 158
Trd, 000213.583, 181
Trd, 000214.017, 138
Trd, 000215.617, 161
Trd, 000216.217, 173
Trd, 000216.317, 135
Trd, 000216.833, 161
Trd, 000217.233, 161
Trd, 000217.450, 165
Trd, 000217.700, 162
Trd, 000218.733, 171
Trd, 000219.300, 159
Trd, 000220.733, 126
Trd, 000221.233, 159
Trd, 000222.150, 145
Trd, 000222.333, 161
Trd, 000222.917, 170
Trd, 000225.683, 172
Trd, 000226.417, 175
Trd, 000226.650, 158
Trd, 000227.383, 166
Trd, 000228.200, 170
Trd, 000228.300, 165
Trd, 000228.700, 167
Trd, 000230.367, 162
Trd, 000231.700, 180
Trd, 000231.900, 172
Trd, 000231.933, 165
Trd, 000232.117, 160
Trd, 000232.667, 155
Trd, 000233.283, 157
Trd, 000234.367, 167
Trd, 000235.683, 159
Trd, 000236.667, 175
Trd, 000236.817, 169
Trd, 000237.983, 181
Trd, 000238.500, 165
Trd, 000239.233, 159
Trd, 000239.500, 154
Trd, 000239.817, 162
Trd, 000240.967, 153
Trd, 000241.050, 138
Trd, 000242.000, 180
Trd, 000242.033, 175
Trd, 000242.083, 160
Trd, 000242.683, 179
Trd, 000242.967, 185
Trd, 000243.300, 167
Trd, 000243.883, 159
Trd, 000245.250, 168
Trd, 000246.433, 195
Trd, 000247.283, 123
Trd, 000247.633, 169
Trd, 000248.100, 166
Trd, 000248.467, 160
Trd, 000248.750, 170
Trd, 000249.117, 180
Trd, 000249.217, 176
Trd, 000251.400, 144
Trd, 000252.017, 154
Trd, 000253.267, 157
Trd, 000254.050, 158
Trd, 000254.900, 168
Trd, 000256.400, 163
Trd, 000256.483, 131
Trd, 000256.667, 158
Trd, 000256.900, 164
Trd, 000258.033, 174
Trd, 000258.217, 134
Trd, 000259.017, 173
Trd, 000260.167, 170
Trd, 000261.017, 186
Trd, 000261.500, 180
Trd, 000261.550, 171
Trd, 000262.283, 168
Trd, 000263.117, 184
Trd, 000263.283, 167
Trd, 000263.633, 157
Trd, 000265.100, 156
Trd, 000265.367, 142
Trd, 000265.967, 168
Trd, 000266.650, 172
Trd, 000267.133, 168
Trd, 000267.183, 166
Trd, 000267.367, 160
Trd, 000267.733, 149
Trd, 000268.883, 148
Trd, 000269.050, 160
Trd, 000270.667, 173
Trd, 000271.617, 179
Trd, 000272.217, 141
Trd, 000272.717, 168
Trd, 000272.883, 170
Trd, 000273.383, 174
Trd, 000274.000, 163
Trd, 000274.500, 160
Trd, 000275.000, 155
Trd, 000275.267, 161
Trd, 000276.833, 134
Trd, 000277.333, 157
Trd, 000277.617, 156
Trd, 000277.850, 174
Trd, 000279.233, 175
Trd, 000279.400, 155
Trd, 000279.950, 174
Trd, 000281.883, 175
Trd, 000283.467, 157
Trd, 000284.283, 174
Trd, 000285.133, 175
Trd, 000285.850, 161
Trd, 000286.000, 157
Trd, 000286.567, 154
Trd, 000286.617, 165
Trd, 000287.467, 190
Trd, 000289.117, 180
Trd, 000289.383, 165
Trd, 000289.450, 164
Trd, 000289.900, 170
Trd, 000290.783, 158
Trd, 000291.300, 148
Trd, 000292.367, 172
Trd, 000292.817, 176
Trd, 000293.300, 175
Trd, 000295.583, 167
Trd, 000296.567, 151
Trd, 000296.900, 175
Trd, 000297.183, 172
Trd, 000298.733, 168
Trd, 000299.750, 166
