Trd, 000005.200, 158
Trd, 000005.717, 151
Trd, 000006.283, 154
Trd, 000007.100, 150
Trd, 000007.600, 158
Trd, 000007.783, 151
Trd, 000007.833, 151
Trd, 000010.150, 168
Trd, 000010.517, 159
Trd, 000011.233, 168
Trd, 000011.300, 163
Trd, 000011.567, 163
Trd, 000012.750, 166
Trd, 000013.233, 182
Trd, 000013.417, 162
Trd, 000014.867, 169
Trd, 000015.517, 162
Trd, 000015.800, 163
Trd, 000016.700, 148
Trd, 000016.800, 154
Trd, 000017.733, 163
Trd, 000018.867, 145
Trd, 000019.033, 155
Trd, 000019.117, 159
Trd, 000019.850, 181
Trd, 000020.267, 145
Trd, 000020.650, 138
Trd, 000021.483, 168
Trd, 000022.200, 161
Trd, 000022.950, 152
Trd, 000023.350, 148
Trd, 000025.617, 147
Trd, 000026.050, 142
Trd, 000026.200, 143
Trd, 000026.467, 131
Trd, 000026.500, 146
Trd, 000027.400, 153
Trd, 000028.433, 173
Trd, 000030.283, 142
Trd, 000030.417, 181
Trd, 000030.650, 155
Trd, 000030.950, 150
Trd, 000031.717, 151
Trd, 000031.833, 160
Trd, 000033.117, 160
Trd, 000033.900, 174
Trd, 000034.900, 156
Trd, 000035.900, 168
Trd, 000036.333, 167
Trd, 000036.583, 159
Trd, 000036.967, 149
Trd, 000038.767, 154
Trd, 000039.467, 153
Trd, 000040.483, 169
Trd, 000040.533, 165
Trd, 000041.000, 146
Trd, 000041.100, 188
Trd, 000041.250, 175
Trd, 000041.467, 147
Trd, 000043.200, 168
Trd, 000044.117, 178
Trd, 000044.517, 161
Trd, 000045.583, 155
Trd, 000045.867, 164
Trd, 000046.150, 182
Trd, 000046.333, 174
Trd, 000046.383, 134
Trd, 000048.467, 168
Trd, 000048.900, 167
Trd, 000050.583, 152
Trd, 000050.750, 170
Trd, 000050.783, 149
Trd, 000051.167, 159
Trd, 000051.683, 160
Trd, 000052.817, 151
Trd, 000054.033, 156
Trd, 000054.500, 147
Trd, 000055.733, 148
Trd, 000056.133, 173
Trd, 000056.167, 163
Trd, 000056.317, 177
Trd, 000057.183, 164
Trd, 000057.700, 172
Trd, 000058.333, 187
Trd, 000059.300, 166
Trd, 000061.217, 158
Trd, 000061.517, 164
Trd, 000061.700, 172
Trd, 000062.150, 167
Trd, 000063.283, 180
Trd, 000064.050, 165
Trd, 000065.933, 147
Trd, 000066.133, 175
Trd, 000066.217, 183
Trd, 000066.533, 186
Trd, 000066.800, 171
Trd, 000068.367, 170
Trd, 000069.800, 143
Trd, 000070.650, 134
Trd, 000070.917, 164
Trd, 000070.983, 171
Trd, 000071.517, 164
Trd, 000072.117, 149
Trd, 000074.833, 182
Trd, 000075.417, 173
Trd, 000075.783, 131
Trd, 000075.967, 149
Trd, 000076.550, 188
Trd, 000077.700, 159
Trd, 000080.733, 134
Trd, 000081.050, 152
Trd, 000081.383, 191
Trd, 000082.533, 174
Trd, 000084.917, 169
Trd, 000085.067, 161
Trd, 000085.700, 151
Trd, 000086.200, 154
Trd, 000086.333, 146
Trd, 000086.467, 168
Trd, 000086.533, 188
Trd, 000086.867, 146
Trd, 000087.883, 181
Trd, 000088.983, 167
Trd, 000090.850, 128
Trd, 000091.167, 165
Trd, 000091.483, 168
Trd, 000092.800, 160
Trd, 000093.317, 160
Trd, 000093.567, 162
Trd, 000093.750, 154
Trd, 000095.850, 141
Trd, 000096.200, 138
Trd, 000096.417, 146
Trd, 000096.517, 152
Trd, 000096.667, 153
Trd, 000096.950, 150
Trd, 000097.567, 182
Trd, 000098.317, 176
Trd, 000099.367, 167
Trd, 000101.600, 155
Trd, 000101.883, 183
Trd, 000102.200, 162
Trd, 000103.367, 162
Trd, 000103.750, 184
Trd, 000105.917, 156
Trd, 000106.083, 135
Trd, 000106.117, 133
Trd, 000106.500, 166
Trd, 000106.633, 174
Trd, 000107.817, 169
Trd, 000111.350, 145
Trd, 000111.417, 148
Trd, 000111.567, 152
Trd, 000112.050, 164
Trd, 000112.233, 168
Trd, 000112.283, 176
Trd, 000112.600, 166
Trd, 000113.100, 159
Trd, 000115.117, 162
Trd, 000115.417, 158
Trd, 000115.933, 118
Trd, 000116.183, 128
Trd, 000116.800, 190
Trd, 000118.517, 171
Trd, 000120.833, 147
Trd, 000121.217, 167
Trd, 000121.233, 158
Trd, 000123.500, 185
Trd, 000125.267, 179
Trd, 000125.583, 178
Trd, 000126.033, 146
Trd, 000126.433, 192
Trd, 000126.883, 175
Trd, 000126.983, 157
Trd, 000128.500, 165
Trd, 000131.200, 169
Trd, 000131.950, 188
Trd, 000132.267, 169
Trd, 000132.333, 173
Trd, 000132.600, 169
Trd, 000133.167, 167
Trd, 000133.433, 185
Trd, 000135.383, 153
Trd, 000136.050, 114
Trd, 000136.367, 192
Trd, 000136.767, 160
Trd, 000137.517, 179
Trd, 000140.083, 163
Trd, 000140.133, 163
Trd, 000141.517, 121
Trd, 000141.850, 143
Trd, 000142.300, 165
Trd, 000142.433, 167
Trd, 000143.983, 149
Trd, 000144.917, 169
Trd, 000146.600, 168
Trd, 000146.917, 153
Trd, 000147.283, 161
Trd, 000147.617, 153
Trd, 000148.550, 147
Trd, 000151.017, 188
Trd, 000151.717, 127
Trd, 000151.917, 135
Trd, 000151.983, 148
Trd, 000153.483, 165
Trd, 000153.750, 160
Trd, 000156.267, 130
Trd, 000156.783, 155
Trd, 000157.200, 165
Trd, 000157.500, 150
Trd, 000158.050, 140
Trd, 000158.717, 144
Trd, 000160.917, 103
Trd, 000161.733, 173
Trd, 000161.983, 158
Trd, 000162.983, 146
Trd, 000163.083, 167
Trd, 000164.517, 176
Trd, 000165.200, 155
Trd, 000166.950, 156
Trd, 000167.017, 185
Trd, 000167.233, 155
Trd, 000167.733, 149
Trd, 000171.017, 171
Trd, 000171.833, 155
Trd, 000172.367, 170
Trd, 000172.533, 161
Trd, 000172.617, 148
Trd, 000173.183, 163
Trd, 000173.883, 151
Trd, 000174.367, 148
Trd, 000175.150, 162
Trd, 000176.083, 167
Trd, 000176.567, 170
Trd, 000176.967, 162
Trd, 000178.417, 158
Trd, 000178.500, 151
Trd, 000178.900, 173
Trd, 000181.400, 142
Trd, 000181.550, 162
Trd, 000182.167, 149
Trd, 000182.783, 143
Trd, 000182.850, 182
Trd, 000184.150, 166
Trd, 000186.383, 174
Trd, 000186.867, 164
Trd, 000187.133, 158
Trd, 000187.417, 165
Trd, 000188.683, 156
Trd, 000191.083, 145
Trd, 000191.500, 172
Trd, 000192.817, 145
Trd, 000193.017, 169
Trd, 000193.183, 129
Trd, 000194.450, 178
Trd, 000195.683, 157
Trd, 000196.217, 181
Trd, 000196.400, 138
Trd, 000196.817, 162
Trd, 000197.583, 159
Trd, 000198.683, 158
Trd, 000198.950, 153
Trd, 000200.900, 166
Trd, 000201.283, 173
Trd, 000201.450, 158
Trd, 000201.867, 153
Trd, 000203.300, 175
Trd, 000205.983, 164
Trd, 000206.367, 139
Trd, 000206.400, 144
Trd, 000206.883, 174
Trd, 000207.050, 154
Trd, 000208.250, 186
Trd, 000208.667, 183
Trd, 000209.017, 165
Trd, 000210.367, 176
Trd, 000211.300, 142
Trd, 000211.367, 152
Trd, 000211.417, 167
Trd, 000211.817, 168
Trd, 000212.350, 169
Trd, 000215.433, 160
Trd, 000215.783, 162
Trd, 000216.350, 185
Trd, 000216.583, 169
Trd, 000216.800, 147
Trd, 000216.967, 167
Trd, 000217.017, 137
Trd, 000217.150, 130
Trd, 000218.750, 189
Trd, 000219.067, 160
Trd, 000220.567, 165
Trd, 000221.167, 149
Trd, 000221.233, 195
Trd, 000221.633, 172
Trd, 000222.933, 158
Trd, 000223.267, 155
Trd, 000224.250, 148
Trd, 000225.050, 152
Trd, 000226.300, 165
Trd, 000227.183, 160
Trd, 000227.500, 152
Trd, 000228.100, 174
Trd, 000229.017, 159
Trd, 000229.417, 162
Trd, 000231.417, 155
Trd, 000231.583, 132
Trd, 000231.833, 165
Trd, 000232.017, 157
Trd, 000232.217, 148
Trd, 000232.567, 134
Trd, 000234.050, 161
Trd, 000234.233, 135
Trd, 000236.050, 175
Trd, 000236.200, 175
Trd, 000236.783, 150
Trd, 000237.850, 153
Trd, 000238.083, 151
Trd, 000238.150, 151
Trd, 000238.217, 177
Trd, 000240.117, 181
Trd, 000241.417, 153
Trd, 000242.183, 155
Trd, 000242.317, 164
Trd, 000245.817, 161
Trd, 000246.383, 170
Trd, 000246.617, 150
Trd, 000246.733, 163
Trd, 000247.350, 169
Trd, 000248.983, 180
Trd, 000250.767, 167
Trd, 000250.867, 160
Trd, 000251.783, 164
Trd, 000252.167, 173
Trd, 000252.400, 169
Trd, 000252.917, 175
Trd, 000253.650, 144
Trd, 000254.700, 152
Trd, 000254.967, 157
Trd, 000256.533, 146
Trd, 000257.117, 187
Trd, 000257.767, 189
Trd, 000258.233, 162
Trd, 000259.767, 181
Trd, 000261.483, 196
Trd, 000261.817, 173
Trd, 000261.850, 169
Trd, 000262.083, 184
Trd, 000262.300, 172
Trd, 000262.633, 164
Trd, 000263.450, 153
Trd, 000266.650, 166
Trd, 000268.150, 152
Trd, 000268.500, 164
Trd, 000269.067, 155
Trd, 000269.250, 151
Trd, 000270.250, 148
Trd, 000270.417, 137
Trd, 000271.633, 174
Trd, 000272.417, 171
Trd, 000273.517, 155
Trd, 000273.567, 176
Trd, 000274.217, 147
Trd, 000274.667, 155
Trd, 000276.617, 150
Trd, 000276.633, 151
Trd, 000276.833, 154
Trd, 000276.900, 146
Trd, 000277.250, 157
Trd, 000278.150, 178
Trd, 000279.967, 182
Trd, 000280.333, 148
Trd, 000281.400, 193
Trd, 000281.950, 154
Trd, 000283.283, 154
Trd, 000284.000, 171
Trd, 000287.067, 163
Trd, 000287.217, 159
Trd, 000287.700, 165
Trd, 000288.450, 168
Trd, 000289.967, 169
Trd, 000291.667, 180
Trd, 000292.333, 156
Trd, 000292.733, 163
Trd, 000293.133, 166
Trd, 000293.750, 168
Trd, 000294.033, 175
Trd, 000294.767, 156
Trd, 000296.867, 190
Trd, 000298.567, 175
Trd, 000298.767, 168
Trd, 000298.833, 162
Trd, 000299.100, 159
Trd, 000299.200, 154
