Trd, 000005.150, 144
Trd, 000005.250, 113
Trd, 000005.467, 130
Trd, 000005.583, 105
Trd, 000005.750, 137
Trd, 000006.383, 146
Trd, 000007.383, 145
Trd, 000007.900, 135
Trd, 000009.017, 148
Trd, 000009.283, 162
Trd, 000009.750, 153
Trd, 000010.267, 140
Trd, 000010.333, 116
Trd, 000010.550, 157
Trd, 000010.600, 155
Trd, 000010.650, 121
Trd, 000011.000, 140
Trd, 000011.617, 147
Trd, 000012.550, 166
Trd, 000013.550, 150
Trd, 000014.283, 171
Trd, 000014.333, 138
Trd, 000015.133, 120
Trd, 000015.317, 147
Trd, 000015.333, 171
Trd, 000015.417, 121
Trd, 000015.633, 143
Trd, 000015.650, 126
Trd, 000015.733, 172
Trd, 000015.900, 137
Trd, 000016.117, 117
Trd, 000017.250, 174
Trd, 000017.367, 149
Trd, 000018.067, 150
Trd, 000020.400, 164
Trd, 000020.550, 152
Trd, 000020.717, 160
Trd, 000021.117, 166
Trd, 000021.583, 163
Trd, 000023.500, 155
Trd, 000023.633, 162
Trd, 000024.200, 166
Trd, 000024.317, 168
Trd, 000024.700, 134
Trd, 000025.450, 140
Trd, 000025.583, 122
Trd, 000025.633, 163
Trd, 000026.100, 154
Trd, 000026.600, 138
Trd, 000027.033, 135
Trd, 000027.950, 161
Trd, 000028.000, 173
Trd, 000030.583, 180
Trd, 000030.633, 134
Trd, 000031.033, 164
Trd, 000031.500, 152
Trd, 000031.550, 129
Trd, 000031.817, 158
Trd, 000033.983, 157
Trd, 000035.100, 133
Trd, 000035.250, 135
Trd, 000036.050, 144
Trd, 000036.150, 175
Trd, 000036.767, 170
Trd, 000037.367, 155
Trd, 000037.533, 146
Trd, 000038.333, 142
Trd, 000038.717, 142
Trd, 000040.617, 192
Trd, 000040.917, 172
Trd, 000041.067, 148
Trd, 000041.550, 135
Trd, 000042.083, 137
Trd, 000042.833, 141
Trd, 000043.850, 157
Trd, 000045.417, 136
Trd, 000045.500, 111
Trd, 000045.850, 113
Trd, 000046.533, 146
Trd, 000047.017, 148
Trd, 000047.067, 151
Trd, 000047.950, 163
Trd, 000048.150, 177
Trd, 000048.217, 146
Trd, 000050.550, 180
Trd, 000050.817, 168
Trd, 000050.900, 130
Trd, 000051.017, 131
Trd, 000051.033, 129
Trd, 000051.083, 174
Trd, 000051.517, 183
Trd, 000051.983, 152
Trd, 000052.133, 153
Trd, 000052.933, 145
Trd, 000055.150, 143
Trd, 000055.567, 127
Trd, 000055.917, 162
Trd, 000056.550, 166
Trd, 000057.300, 148
Trd, 000057.450, 173
Trd, 000058.833, 163
Trd, 000059.667, 150
Trd, 000059.950, 169
Trd, 000060.483, 145
Trd, 000060.633, 167
Trd, 000060.783, 158
Trd, 000060.800, 140
Trd, 000061.967, 159
Trd, 000062.017, 158
Trd, 000063.200, 141
Trd, 000063.233, 164
Trd, 000064.083, 125
Trd, 000064.850, 148
Trd, 000065.583, 120
Trd, 000065.800, 160
Trd, 000066.050, 148
Trd, 000066.400, 170
Trd, 000066.467, 156
Trd, 000066.750, 172
Trd, 000067.367, 168
Trd, 000068.233, 169
Trd, 000068.400, 168
Trd, 000069.067, 136
Trd, 000070.550, 155
Trd, 000070.750, 133
Trd, 000071.100, 157
Trd, 000071.117, 132
Trd, 000071.433, 166
Trd, 000072.000, 143
Trd, 000073.200, 164
Trd, 000073.233, 157
Trd, 000073.333, 178
Trd, 000075.833, 154
Trd, 000076.533, 138
Trd, 000076.667, 137
Trd, 000076.850, 147
Trd, 000077.250, 144
Trd, 000077.667, 172
Trd, 000077.867, 178
Trd, 000077.950, 169
Trd, 000079.233, 132
Trd, 000080.417, 154
Trd, 000080.533, 153
Trd, 000080.650, 146
Trd, 000080.667, 150
Trd, 000080.933, 168
Trd, 000081.150, 139
Trd, 000081.483, 143
Trd, 000082.267, 145
Trd, 000085.433, 172
Trd, 000085.783, 146
Trd, 000085.800, 180
Trd, 000086.267, 143
Trd, 000086.433, 155
Trd, 000086.733, 177
Trd, 000087.900, 175
Trd, 000088.517, 156
Trd, 000089.533, 144
Trd, 000090.150, 146
Trd, 000090.650, 149
Trd, 000090.750, 180
Trd, 000090.867, 135
Trd, 000091.317, 158
Trd, 000091.783, 140
Trd, 000092.683, 137
Trd, 000094.050, 169
Trd, 000094.933, 148
Trd, 000095.967, 116
Trd, 000096.250, 145
Trd, 000096.283, 155
Trd, 000096.517, 143
Trd, 000096.583, 119
Trd, 000096.600, 123
Trd, 000096.683, 119
Trd, 000098.817, 139
Trd, 000099.383, 157
Trd, 000100.517, 148
Trd, 000100.917, 154
Trd, 000101.683, 126
Trd, 000101.950, 122
Trd, 000102.100, 123
Trd, 000102.200, 157
Trd, 000102.817, 177
Trd, 000103.217, 147
Trd, 000103.650, 157
Trd, 000104.050, 156
Trd, 000104.200, 155
Trd, 000104.867, 140
Trd, 000105.783, 120
Trd, 000105.850, 156
Trd, 000106.450, 117
Trd, 000106.667, 134
Trd, 000107.283, 136
Trd, 000107.350, 135
Trd, 000107.417, 145
Trd, 000109.133, 139
Trd, 000109.683, 143
Trd, 000110.783, 132
Trd, 000111.033, 112
Trd, 000111.433, 133
Trd, 000111.883, 146
Trd, 000111.983, 133
Trd, 000113.267, 146
Trd, 000113.867, 155
Trd, 000114.067, 170
Trd, 000115.667, 160
Trd, 000116.117, 148
Trd, 000116.667, 154
Trd, 000117.200, 149
Trd, 000117.933, 181
Trd, 000118.017, 147
Trd, 000118.150, 145
Trd, 000119.417, 148
Trd, 000120.450, 168
Trd, 000120.833, 141
Trd, 000120.867, 144
Trd, 000120.983, 128
Trd, 000122.483, 159
Trd, 000123.167, 158
Trd, 000123.533, 134
Trd, 000124.633, 163
Trd, 000126.000, 166
Trd, 000126.367, 115
Trd, 000126.750, 147
Trd, 000126.817, 152
Trd, 000126.950, 144
Trd, 000126.967, 168
Trd, 000127.933, 140
Trd, 000128.783, 163
Trd, 000129.783, 167
Trd, 000130.000, 153
Trd, 000130.867, 114
Trd, 000130.933, 124
Trd, 000131.250, 155
Trd, 000131.433, 128
Trd, 000132.517, 151
Trd, 000132.850, 139
Trd, 000133.283, 146
Trd, 000136.150, 178
Trd, 000136.267, 131
Trd, 000136.317, 130
Trd, 000136.533, 168
Trd, 000137.067, 156
Trd, 000137.783, 147
Trd, 000139.650, 159
Trd, 000139.983, 155
Trd, 000140.250, 162
Trd, 000141.167, 154
Trd, 000141.233, 148
Trd, 000141.650, 155
Trd, 000141.667, 142
Trd, 000141.917, 148
Trd, 000142.200, 151
Trd, 000142.850, 137
Trd, 000144.500, 145
Trd, 000144.700, 134
Trd, 000144.833, 175
Trd, 000145.917, 158
Trd, 000146.033, 147
Trd, 000146.083, 147
Trd, 000146.500, 152
Trd, 000147.200, 158
Trd, 000148.450, 146
Trd, 000148.683, 158
Trd, 000149.617, 149
Trd, 000150.533, 163
Trd, 000151.150, 105
Trd, 000151.450, 119
Trd, 000151.867, 113
Trd, 000151.967, 140
Trd, 000152.450, 151
Trd, 000152.583, 142
Trd, 000152.883, 140
Trd, 000153.767, 178
Trd, 000156.217, 144
Trd, 000156.400, 138
Trd, 000157.000, 160
Trd, 000157.517, 168
Trd, 000157.667, 144
Trd, 000157.950, 134
Trd, 000159.350, 158
Trd, 000160.817, 161
Trd, 000161.167, 131
Trd, 000161.183, 146
Trd, 000161.533, 162
Trd, 000162.967, 159
Trd, 000164.233, 153
Trd, 000165.067, 157
Trd, 000165.250, 162
Trd, 000165.683, 152
Trd, 000166.033, 135
Trd, 000166.133, 147
Trd, 000166.267, 165
Trd, 000166.600, 140
Trd, 000166.733, 141
Trd, 000166.817, 129
Trd, 000167.333, 143
Trd, 000168.233, 138
Trd, 000169.267, 148
Trd, 000171.017, 174
Trd, 000171.367, 172
Trd, 000172.700, 142
Trd, 000173.333, 160
Trd, 000173.400, 146
Trd, 000174.250, 146
Trd, 000174.783, 174
Trd, 000175.417, 170
Trd, 000176.117, 138
Trd, 000176.267, 123
Trd, 000176.483, 164
Trd, 000176.950, 156
Trd, 000177.200, 132
Trd, 000178.117, 150
Trd, 000178.450, 140
Trd, 000179.067, 139
Trd, 000179.350, 146
Trd, 000180.183, 151
Trd, 000181.317, 170
Trd, 000181.717, 144
Trd, 000181.783, 141
Trd, 000183.683, 155
Trd, 000184.033, 139
Trd, 000184.250, 143
Trd, 000184.283, 160
Trd, 000185.483, 152
Trd, 000186.067, 147
Trd, 000186.483, 164
Trd, 000186.700, 132
Trd, 000186.850, 130
Trd, 000187.233, 172
Trd, 000187.483, 164
Trd, 000188.883, 162
Trd, 000190.767, 153
Trd, 000192.117, 129
Trd, 000192.167, 167
Trd, 000192.717, 170
Trd, 000193.317, 157
Trd, 000193.600, 171
Trd, 000194.100, 156
Trd, 000194.417, 152
Trd, 000194.633, 145
Trd, 000196.050, 120
Trd, 000196.417, 150
Trd, 000196.633, 170
Trd, 000197.233, 163
Trd, 000197.400, 166
Trd, 000197.433, 145
Trd, 000198.017, 186
Trd, 000198.050, 191
Trd, 000198.783, 165
Trd, 000201.083, 123
Trd, 000201.400, 109
Trd, 000201.550, 113
Trd, 000201.783, 145
Trd, 000202.117, 149
Trd, 000202.717, 171
Trd, 000202.733, 164
Trd, 000202.800, 162
Trd, 000202.950, 136
Trd, 000203.133, 129
Trd, 000205.483, 148
Trd, 000206.250, 149
Trd, 000206.483, 169
Trd, 000206.700, 165
Trd, 000207.050, 160
Trd, 000207.617, 159
Trd, 000207.850, 156
Trd, 000209.400, 148
Trd, 000210.300, 145
Trd, 000211.050, 144
Trd, 000211.083, 111
Trd, 000211.117, 144
Trd, 000211.667, 181
Trd, 000212.083, 162
Trd, 000212.133, 158
Trd, 000212.317, 176
Trd, 000213.367, 150
Trd, 000215.067, 168
Trd, 000216.433, 125
Trd, 000217.133, 150
Trd, 000217.317, 146
Trd, 000217.383, 150
Trd, 000217.767, 176
Trd, 000217.933, 143
Trd, 000219.533, 168
Trd, 000221.317, 116
Trd, 000221.467, 113
Trd, 000221.517, 131
Trd, 000221.617, 154
Trd, 000221.883, 124
Trd, 000223.450, 154
Trd, 000225.533, 168
Trd, 000226.450, 157
Trd, 000226.700, 147
Trd, 000226.750, 143
Trd, 000226.900, 151
Trd, 000227.317, 138
Trd, 000227.500, 142
Trd, 000227.817, 136
Trd, 000227.950, 131
Trd, 000228.283, 156
Trd, 000228.317, 159
Trd, 000228.917, 171
Trd, 000231.300, 179
Trd, 000231.433, 160
Trd, 000231.483, 165
Trd, 000231.633, 187
Trd, 000231.700, 124
Trd, 000231.800, 119
Trd, 000232.483, 134
Trd, 000233.667, 184
Trd, 000236.350, 125
Trd, 000236.717, 129
Trd, 000236.783, 148
Trd, 000237.217, 146
Trd, 000237.467, 159
Trd, 000237.750, 152
Trd, 000238.800, 157
Trd, 000240.050, 154
Trd, 000241.500, 127
Trd, 000241.733, 139
Trd, 000242.117, 121
Trd, 000242.150, 150
Trd, 000242.800, 147
Trd, 000243.550, 192
Trd, 000246.283, 159
Trd, 000247.083, 145
Trd, 000247.200, 132
Trd, 000247.350, 157
Trd, 000248.983, 152
Trd, 000249.833, 141
Trd, 000250.600, 159
Trd, 000251.583, 127
Trd, 000251.733, 151
Trd, 000252.133, 152
Trd, 000252.367, 149
Trd, 000252.800, 152
Trd, 000253.267, 172
Trd, 000253.417, 151
Trd, 000253.700, 150
Trd, 000254.817, 137
Trd, 000255.433, 148
Trd, 000256.800, 150
Trd, 000257.017, 176
Trd, 000257.350, 125
Trd, 000257.367, 118
Trd, 000258.017, 134
Trd, 000258.150, 151
Trd, 000258.383, 132
Trd, 000258.800, 169
Trd, 000260.100, 147
Trd, 000261.400, 135
Trd, 000261.717, 164
Trd, 000261.967, 164
Trd, 000262.450, 137
Trd, 000262.617, 160
Trd, 000263.400, 155
Trd, 000263.650, 148
Trd, 000263.833, 129
Trd, 000263.967, 154
Trd, 000265.100, 135
Trd, 000265.233, 158
Trd, 000266.500, 134
Trd, 000266.667, 149
Trd, 000266.850, 140
Trd, 000267.083, 144
Trd, 000267.467, 164
Trd, 000267.667, 158
Trd, 000267.683, 166
Trd, 000268.650, 135
Trd, 000268.900, 152
Trd, 000271.350, 116
Trd, 000271.817, 138
Trd, 000271.883, 129
Trd, 000272.017, 108
Trd, 000272.133, 150
Trd, 000272.183, 128
Trd, 000272.700, 144
Trd, 000273.967, 146
Trd, 000274.067, 129
Trd, 000274.633, 152
Trd, 000275.783, 167
Trd, 000276.483, 162
Trd, 000276.633, 107
Trd, 000276.917, 138
Trd, 000277.317, 164
Trd, 000277.550, 188
Trd, 000278.000, 151
Trd, 000279.867, 137
Trd, 000281.850, 128
Trd, 000281.900, 128
Trd, 000282.750, 138
Trd, 000283.350, 144
Trd, 000283.433, 150
Trd, 000283.867, 153
Trd, 000284.550, 165
Trd, 000284.767, 166
Trd, 000285.083, 152
Trd, 000285.517, 129
Trd, 000286.483, 159
Trd, 000286.950, 141
Trd, 000287.967, 144
Trd, 000288.167, 150
Trd, 000288.383, 136
Trd, 000289.767, 137
Trd, 000290.767, 178
Trd, 000291.217, 164
Trd, 000291.650, 120
Trd, 000291.733, 135
Trd, 000292.350, 148
Trd, 000292.800, 147
Trd, 000293.117, 149
Trd, 000293.683, 155
Trd, 000296.150, 179
Trd, 000296.767, 152
Trd, 000296.817, 132
Trd, 000297.450, 126
Trd, 000298.550, 147
Trd, 000299.517, 165
