Trd, 000005.600, 182
Trd, 000006.150, 136
Trd, 000006.417, 143
Trd, 000006.817, 142
Trd, 000007.400, 148
Trd, 000008.267, 155
Trd, 000008.367, 154
Trd, 000010.150, 122
Trd, 000010.667, 142
Trd, 000010.917, 149
Trd, 000011.600, 154
Trd, 000012.100, 170
Trd, 000012.283, 158
Trd, 000013.150, 170
Trd, 000013.417, 162
Trd, 000015.400, 148
Trd, 000015.517, 158
Trd, 000016.250, 156
Trd, 000017.550, 161
Trd, 000017.883, 159
Trd, 000018.800, 148
Trd, 000019.350, 161
Trd, 000019.367, 164
Trd, 000020.200, 117
Trd, 000020.250, 120
Trd, 000020.700, 158
Trd, 000020.783, 155
Trd, 000021.000, 166
Trd, 000021.183, 147
Trd, 000022.600, 161
Trd, 000025.433, 167
Trd, 000026.517, 185
Trd, 000026.550, 191
Trd, 000026.567, 148
Trd, 000026.717, 144
Trd, 000027.183, 160
Trd, 000027.917, 154
Trd, 000029.517, 159
Trd, 000030.267, 152
Trd, 000031.733, 160
Trd, 000032.017, 161
Trd, 000032.333, 158
Trd, 000033.050, 146
Trd, 000033.233, 170
Trd, 000034.067, 169
Trd, 000035.583, 146
Trd, 000035.767, 158
Trd, 000035.867, 175
Trd, 000036.967, 157
Trd, 000037.450, 166
Trd, 000038.667, 166
Trd, 000039.117, 161
Trd, 000040.600, 142
Trd, 000040.933, 155
Trd, 000041.917, 142
Trd, 000042.783, 155
Trd, 000042.883, 157
Trd, 000044.033, 148
Trd, 000045.150, 146
Trd, 000045.533, 148
Trd, 000045.933, 162
Trd, 000046.350, 164
Trd, 000046.533, 164
Trd, 000047.833, 166
Trd, 000048.183, 147
Trd, 000048.733, 170
Trd, 000048.783, 143
Trd, 000050.850, 160
Trd, 000050.883, 166
Trd, 000051.083, 165
Trd, 000051.100, 157
Trd, 000052.050, 171
Trd, 000055.833, 173
Trd, 000056.383, 153
Trd, 000056.650, 165
Trd, 000056.933, 142
Trd, 000056.983, 139
Trd, 000057.367, 184
Trd, 000058.867, 167
Trd, 000060.700, 115
Trd, 000060.850, 158
Trd, 000061.150, 147
Trd, 000061.900, 166
Trd, 000063.367, 177
Trd, 000065.633, 175
Trd, 000065.850, 163
Trd, 000066.300, 160
Trd, 000066.850, 156
Trd, 000067.000, 151
Trd, 000067.683, 162
Trd, 000068.083, 171
Trd, 000068.733, 177
Trd, 000070.617, 149
Trd, 000070.767, 146
Trd, 000071.200, 177
Trd, 000071.517, 168
Trd, 000071.983, 152
Trd, 000072.717, 187
Trd, 000073.683, 167
Trd, 000074.583, 153
Trd, 000075.750, 157
Trd, 000075.867, 118
Trd, 000076.250, 164
Trd, 000076.867, 168
Trd, 000077.217, 138
Trd, 000077.583, 173
Trd, 000079.767, 162
Trd, 000080.667, 148
Trd, 000081.633, 165
Trd, 000083.150, 149
Trd, 000083.333, 148
Trd, 000085.900, 154
Trd, 000085.983, 161
Trd, 000086.183, 178
Trd, 000086.767, 171
Trd, 000087.700, 158
Trd, 000090.817, 133
Trd, 000091.633, 160
Trd, 000091.867, 159
Trd, 000092.000, 139
Trd, 000092.017, 170
Trd, 000092.333, 165
Trd, 000093.983, 149
Trd, 000094.367, 144
Trd, 000094.883, 144
Trd, 000096.017, 129
Trd, 000096.767, 156
Trd, 000097.567, 160
Trd, 000097.967, 161
Trd, 000097.983, 149
Trd, 000099.017, 159
Trd, 000099.317, 153
Trd, 000099.700, 145
Trd, 000100.900, 134
Trd, 000100.983, 143
Trd, 000101.283, 148
Trd, 000101.600, 162
Trd, 000104.600, 155
Trd, 000105.917, 171
Trd, 000106.150, 158
Trd, 000106.817, 139
Trd, 000107.717, 138
Trd, 000107.900, 142
Trd, 000108.183, 158
Trd, 000110.733, 178
Trd, 000110.967, 112
Trd, 000111.550, 131
Trd, 000111.717, 158
Trd, 000111.967, 159
Trd, 000112.517, 153
Trd, 000114.183, 149
Trd, 000115.633, 147
Trd, 000115.850, 165
Trd, 000116.083, 149
Trd, 000116.767, 162
Trd, 000118.017, 167
Trd, 000118.250, 159
Trd, 000119.367, 141
Trd, 000119.517, 139
Trd, 000120.650, 167
Trd, 000121.417, 148
Trd, 000121.800, 140
Trd, 000121.917, 159
Trd, 000122.283, 176
Trd, 000123.167, 164
Trd, 000124.583, 150
Trd, 000126.117, 143
Trd, 000126.467, 131
Trd, 000127.267, 165
Trd, 000127.733, 166
Trd, 000128.033, 153
Trd, 000128.817, 177
Trd, 000129.517, 162
Trd, 000131.750, 160
Trd, 000132.550, 144
Trd, 000132.817, 144
Trd, 000133.200, 146
Trd, 000133.367, 147
Trd, 000135.033, 162
Trd, 000135.517, 165
Trd, 000136.567, 132
Trd, 000136.600, 129
Trd, 000136.633, 143
Trd, 000136.650, 154
Trd, 000137.317, 161
Trd, 000137.700, 167
Trd, 000138.083, 164
Trd, 000139.300, 164
Trd, 000141.233, 158
Trd, 000141.833, 154
Trd, 000142.900, 166
Trd, 000143.200, 167
Trd, 000143.483, 163
Trd, 000144.533, 141
Trd, 000144.917, 161
Trd, 000146.233, 139
Trd, 000146.700, 137
Trd, 000146.867, 153
Trd, 000147.467, 154
Trd, 000147.483, 168
Trd, 000148.750, 172
Trd, 000148.833, 172
Trd, 000151.983, 177
Trd, 000152.050, 144
Trd, 000152.083, 142
Trd, 000152.167, 144
Trd, 000152.600, 136
Trd, 000152.850, 151
Trd, 000153.300, 173
Trd, 000155.100, 186
Trd, 000156.117, 150
Trd, 000156.183, 135
Trd, 000157.050, 166
Trd, 000157.183, 183
Trd, 000158.833, 151
Trd, 000160.067, 160
Trd, 000161.250, 152
Trd, 000161.783, 135
Trd, 000162.217, 137
Trd, 000162.617, 156
Trd, 000163.117, 164
Trd, 000163.700, 162
Trd, 000166.133, 123
Trd, 000166.633, 155
Trd, 000167.267, 169
Trd, 000167.433, 157
Trd, 000169.400, 157
Trd, 000169.733, 168
Trd, 000171.050, 125
Trd, 000172.100, 150
Trd, 000172.417, 159
Trd, 000172.667, 163
Trd, 000173.133, 175
Trd, 000173.517, 168
Trd, 000176.150, 133
Trd, 000176.317, 145
Trd, 000176.467, 180
Trd, 000177.200, 154
Trd, 000177.600, 133
Trd, 000180.367, 173
Trd, 000181.133, 185
Trd, 000181.650, 177
Trd, 000181.717, 161
Trd, 000182.233, 141
Trd, 000182.400, 155
Trd, 000182.583, 169
Trd, 000183.517, 177
Trd, 000185.083, 173
Trd, 000186.450, 164
Trd, 000186.950, 151
Trd, 000188.517, 155
Trd, 000188.983, 157
Trd, 000189.733, 170
Trd, 000189.867, 160
Trd, 000191.067, 196
Trd, 000191.233, 127
Trd, 000192.133, 164
Trd, 000192.600, 157
Trd, 000193.150, 155
Trd, 000193.583, 171
Trd, 000194.550, 152
Trd, 000196.733, 172
Trd, 000197.050, 160
Trd, 000197.150, 171
Trd, 000197.583, 160
Trd, 000197.767, 162
Trd, 000200.200, 167
Trd, 000200.517, 156
Trd, 000201.217, 192
Trd, 000201.650, 138
Trd, 000201.917, 174
Trd, 000202.183, 148
Trd, 000202.283, 175
Trd, 000202.683, 162
Trd, 000204.183, 147
Trd, 000206.150, 138
Trd, 000206.700, 160
Trd, 000207.383, 165
Trd, 000207.417, 159
Trd, 000207.533, 152
Trd, 000207.733, 162
Trd, 000207.783, 173
Trd, 000210.050, 142
Trd, 000210.700, 159
Trd, 000211.333, 188
Trd, 000211.500, 178
Trd, 000212.717, 144
Trd, 000213.167, 158
Trd, 000214.550, 146
Trd, 000215.167, 154
Trd, 000217.117, 157
Trd, 000217.400, 152
Trd, 000217.650, 154
Trd, 000217.917, 168
Trd, 000218.700, 168
Trd, 000218.900, 141
Trd, 000221.017, 169
Trd, 000221.450, 116
Trd, 000221.650, 139
Trd, 000223.067, 167
Trd, 000223.517, 163
Trd, 000223.683, 169
Trd, 000225.300, 152
Trd, 000226.317, 189
Trd, 000226.433, 148
Trd, 000227.133, 135
Trd, 000227.567, 131
Trd, 000227.683, 155
Trd, 000227.983, 156
Trd, 000228.050, 156
Trd, 000230.617, 143
Trd, 000231.350, 147
Trd, 000231.683, 126
Trd, 000232.700, 156
Trd, 000232.750, 137
Trd, 000233.133, 146
Trd, 000234.500, 154
Trd, 000236.850, 179
Trd, 000237.300, 158
Trd, 000237.383, 159
Trd, 000238.100, 159
Trd, 000238.533, 160
Trd, 000238.917, 170
Trd, 000238.933, 164
Trd, 000241.017, 154
Trd, 000241.533, 165
Trd, 000242.083, 179
Trd, 000242.517, 166
Trd, 000242.600, 156
Trd, 000243.467, 162
Trd, 000245.217, 158
Trd, 000246.533, 124
Trd, 000246.750, 151
Trd, 000247.200, 190
Trd, 000247.383, 150
Trd, 000247.717, 135
Trd, 000248.150, 152
Trd, 000250.017, 177
Trd, 000251.217, 185
Trd, 000251.700, 158
Trd, 000251.817, 167
Trd, 000252.950, 149
Trd, 000253.050, 160
Trd, 000253.217, 157
Trd, 000256.483, 150
Trd, 000256.567, 154
Trd, 000256.583, 188
Trd, 000257.500, 125
Trd, 000257.800, 129
Trd, 000258.000, 138
Trd, 000258.283, 147
Trd, 000261.650, 140
Trd, 000261.750, 134
Trd, 000262.200, 146
Trd, 000264.600, 158
Trd, 000265.767, 165
Trd, 000267.267, 171
Trd, 000268.067, 148
Trd, 000268.300, 175
Trd, 000268.450, 168
Trd, 000270.033, 168
Trd, 000271.567, 190
Trd, 000271.700, 140
Trd, 000272.517, 141
Trd, 000273.083, 144
Trd, 000274.300, 155
Trd, 000276.100, 156
Trd, 000276.200, 155
Trd, 000276.967, 153
Trd, 000277.233, 146
Trd, 000277.900, 135
Trd, 000279.317, 166
Trd, 000279.683, 167
Trd, 000281.733, 111
Trd, 000282.167, 167
Trd, 000282.317, 164
Trd, 000282.417, 178
Trd, 000282.750, 167
Trd, 000283.483, 156
Trd, 000284.200, 165
Trd, 000285.267, 165
Trd, 000286.483, 178
Trd, 000286.700, 150
Trd, 000287.300, 167
Trd, 000287.867, 159
Trd, 000288.050, 170
Trd, 000289.450, 170
Trd, 000290.167, 154
Trd, 000290.833, 155
Trd, 000291.700, 147
Trd, 000291.817, 155
Trd, 000291.967, 132
Trd, 000291.983, 173
Trd, 000293.250, 172
Trd, 000293.433, 154
Trd, 000294.550, 166
Trd, 000296.583, 142
Trd, 000296.633, 167
Trd, 000296.867, 164
Trd, 000298.367, 169
