Trd, 000005.367, 171
Trd, 000006.133, 149
Trd, 000006.200, 144
Trd, 000006.283, 179
Trd, 000007.133, 170
Trd, 000009.283, 152
Trd, 000010.350, 179
Trd, 000010.800, 156
Trd, 000011.650, 156
Trd, 000012.083, 150
Trd, 000012.717, 147
Trd, 000013.983, 159
Trd, 000015.350, 145
Trd, 000016.317, 187
Trd, 000016.733, 175
Trd, 000017.183, 169
Trd, 000017.200, 168
Trd, 000017.217, 179
Trd, 000017.867, 176
Trd, 000020.600, 174
Trd, 000020.683, 173
Trd, 000021.733, 161
Trd, 000022.317, 167
Trd, 000023.383, 178
Trd, 000023.983, 179
Trd, 000024.733, 188
Trd, 000025.350, 147
Trd, 000025.900, 157
Trd, 000026.267, 161
Trd, 000026.600, 177
Trd, 000027.917, 163
Trd, 000030.533, 188
Trd, 000032.233, 158
Trd, 000032.967, 160
Trd, 000034.433, 158
Trd, 000034.567, 151
Trd, 000035.917, 189
Trd, 000036.317, 156
Trd, 000036.367, 146
Trd, 000037.233, 160
Trd, 000037.367, 165
Trd, 000038.000, 165
Trd, 000038.883, 178
Trd, 000040.117, 162
Trd, 000040.500, 125
Trd, 000041.050, 162
Trd, 000041.300, 184
Trd, 000042.150, 156
Trd, 000042.550, 176
Trd, 000042.900, 153
Trd, 000043.950, 144
Trd, 000045.700, 184
Trd, 000045.750, 178
Trd, 000045.817, 140
Trd, 000046.683, 159
Trd, 000048.817, 157
Trd, 000049.567, 158
Trd, 000051.150, 145
Trd, 000051.500, 159
Trd, 000052.733, 188
Trd, 000052.750, 178
Trd, 000053.300, 200
Trd, 000055.417, 148
Trd, 000055.633, 166
Trd, 000056.467, 177
Trd, 000056.683, 144
Trd, 000058.467, 171
Trd, 000061.733, 187
Trd, 000062.000, 173
Trd, 000062.167, 166
Trd, 000062.600, 163
Trd, 000063.467, 166
Trd, 000064.867, 144
Trd, 000065.200, 166
Trd, 000066.583, 148
Trd, 000066.950, 181
Trd, 000068.250, 175
Trd, 000068.750, 173
Trd, 000070.750, 189
Trd, 000070.850, 179
Trd, 000072.533, 172
Trd, 000073.817, 182
Trd, 000074.400, 159
Trd, 000074.633, 170
Trd, 000075.867, 152
Trd, 000076.167, 144
Trd, 000079.000, 189
Trd, 000079.300, 173
Trd, 000079.650, 169
Trd, 000080.000, 158
Trd, 000080.600, 150
Trd, 000080.917, 151
Trd, 000081.517, 143
Trd, 000081.600, 143
Trd, 000081.717, 141
Trd, 000081.983, 141
Trd, 000082.617, 177
Trd, 000084.917, 144
Trd, 000085.933, 199
Trd, 000087.250, 185
Trd, 000087.850, 181
Trd, 000088.183, 177
Trd, 000088.483, 176
Trd, 000090.033, 173
Trd, 000091.833, 171
Trd, 000091.983, 175
Trd, 000093.333, 179
Trd, 000094.900, 178
Trd, 000095.867, 110
Trd, 000096.483, 163
Trd, 000096.900, 188
Trd, 000097.583, 166
Trd, 000098.017, 180
Trd, 000099.450, 165
Trd, 000100.783, 183
Trd, 000100.950, 143
Trd, 000101.183, 142
Trd, 000101.567, 150
Trd, 000101.717, 179
Trd, 000101.917, 171
Trd, 000103.167, 142
Trd, 000106.350, 148
Trd, 000106.400, 156
Trd, 000107.733, 174
Trd, 000108.300, 158
Trd, 000108.833, 194
Trd, 000111.033, 120
Trd, 000111.233, 188
Trd, 000111.883, 168
Trd, 000112.583, 155
Trd, 000112.867, 176
Trd, 000114.000, 153
Trd, 000116.267, 160
Trd, 000116.800, 151
Trd, 000119.533, 166
Trd, 000120.050, 164
Trd, 000120.683, 161
Trd, 000120.967, 188
Trd, 000122.067, 174
Trd, 000122.117, 173
Trd, 000122.733, 151
Trd, 000125.017, 176
Trd, 000125.683, 157
Trd, 000126.400, 189
Trd, 000126.450, 174
Trd, 000127.450, 154
Trd, 000128.000, 153
Trd, 000128.300, 169
Trd, 000128.600, 153
Trd, 000131.100, 144
Trd, 000132.550, 174
Trd, 000133.483, 185
Trd, 000133.650, 173
Trd, 000134.550, 163
Trd, 000134.767, 157
Trd, 000135.750, 172
Trd, 000136.850, 161
Trd, 000137.017, 150
Trd, 000138.517, 155
Trd, 000138.800, 178
Trd, 000140.967, 178
Trd, 000141.267, 154
Trd, 000141.467, 128
Trd, 000142.383, 162
Trd, 000143.717, 158
Trd, 000146.417, 187
Trd, 000146.650, 173
Trd, 000147.417, 178
Trd, 000148.017, 168
Trd, 000151.483, 178
Trd, 000151.933, 163
Trd, 000153.533, 160
Trd, 000153.650, 181
Trd, 000153.700, 159
Trd, 000154.983, 160
Trd, 000156.233, 186
Trd, 000159.200, 174
Trd, 000159.283, 172
Trd, 000159.917, 156
Trd, 000160.033, 148
Trd, 000161.150, 179
Trd, 000161.783, 187
Trd, 000163.333, 170
Trd, 000163.417, 156
Trd, 000163.567, 158
Trd, 000163.700, 153
Trd, 000166.317, 141
Trd, 000166.500, 149
Trd, 000166.700, 142
Trd, 000166.750, 152
Trd, 000167.350, 184
Trd, 000168.650, 181
Trd, 000171.600, 188
Trd, 000171.833, 181
Trd, 000172.150, 164
Trd, 000172.400, 170
Trd, 000173.283, 163
Trd, 000174.317, 192
Trd, 000176.567, 181
Trd, 000176.650, 166
Trd, 000176.867, 152
Trd, 000177.467, 151
Trd, 000178.967, 170
Trd, 000179.633, 168
Trd, 000180.900, 169
Trd, 000181.800, 186
Trd, 000181.867, 155
Trd, 000182.017, 154
Trd, 000183.933, 170
Trd, 000184.150, 179
Trd, 000184.350, 165
Trd, 000184.750, 170
Trd, 000186.233, 151
Trd, 000187.867, 171
Trd, 000189.283, 163
Trd, 000189.717, 162
Trd, 000190.350, 178
Trd, 000190.450, 149
Trd, 000191.100, 157
Trd, 000191.933, 189
Trd, 000192.433, 175
Trd, 000192.817, 173
Trd, 000193.617, 173
Trd, 000196.333, 186
Trd, 000199.433, 149
Trd, 000199.467, 148
Trd, 000201.633, 138
Trd, 000203.433, 177
Trd, 000204.033, 169
Trd, 000204.350, 170
Trd, 000206.200, 157
Trd, 000206.800, 148
Trd, 000207.217, 187
Trd, 000208.267, 162
Trd, 000209.067, 160
Trd, 000209.400, 143
Trd, 000211.600, 176
Trd, 000211.800, 185
Trd, 000212.017, 186
Trd, 000213.483, 158
Trd, 000216.683, 131
Trd, 000217.333, 133
Trd, 000218.083, 174
Trd, 000218.600, 168
Trd, 000220.167, 165
Trd, 000222.500, 198
Trd, 000222.883, 188
Trd, 000223.550, 181
Trd, 000224.050, 173
Trd, 000224.750, 155
Trd, 000225.033, 162
Trd, 000226.617, 136
Trd, 000226.700, 153
Trd, 000227.483, 153
Trd, 000227.783, 157
Trd, 000228.533, 150
Trd, 000230.183, 167
Trd, 000231.233, 157
Trd, 000231.717, 186
Trd, 000231.783, 167
Trd, 000232.383, 152
Trd, 000235.950, 162
Trd, 000236.433, 146
Trd, 000236.700, 135
Trd, 000237.550, 146
Trd, 000240.233, 168
Trd, 000240.450, 167
Trd, 000242.050, 187
Trd, 000242.467, 180
Trd, 000242.633, 162
Trd, 000243.033, 152
Trd, 000243.883, 147
Trd, 000244.117, 155
Trd, 000245.017, 162
Trd, 000246.283, 165
Trd, 000246.733, 187
Trd, 000246.767, 187
Trd, 000247.350, 162
Trd, 000247.950, 148
Trd, 000248.717, 154
Trd, 000250.817, 144
Trd, 000252.200, 146
Trd, 000252.650, 175
Trd, 000253.417, 159
Trd, 000253.750, 184
Trd, 000254.167, 154
Trd, 000255.233, 165
Trd, 000256.967, 188
Trd, 000257.550, 164
Trd, 000257.933, 176
Trd, 000260.000, 162
Trd, 000260.700, 145
Trd, 000262.300, 164
Trd, 000262.483, 187
Trd, 000262.583, 169
Trd, 000262.783, 189
Trd, 000263.200, 182
Trd, 000263.383, 173
Trd, 000263.533, 166
Trd, 000266.950, 165
Trd, 000268.117, 172
Trd, 000268.967, 146
Trd, 000269.750, 168
Trd, 000269.867, 172
Trd, 000272.100, 184
Trd, 000273.333, 176
Trd, 000274.033, 167
Trd, 000274.767, 166
Trd, 000275.433, 158
Trd, 000276.083, 166
Trd, 000276.517, 123
Trd, 000277.667, 185
Trd, 000278.533, 181
Trd, 000278.933, 173
Trd, 000280.883, 178
Trd, 000281.467, 137
Trd, 000281.717, 145
Trd, 000281.833, 137
Trd, 000281.883, 140
Trd, 000282.367, 167
Trd, 000286.533, 158
Trd, 000287.050, 138
Trd, 000287.667, 189
Trd, 000287.750, 170
Trd, 000288.250, 193
Trd, 000288.900, 174
Trd, 000292.617, 189
Trd, 000293.867, 174
Trd, 000294.033, 170
Trd, 000294.633, 158
Trd, 000295.017, 176
Trd, 000297.700, 186
Trd, 000299.417, 166
Trd, 000299.883, 178
