Trd, 000005.150, 186
Trd, 000005.367, 159
Trd, 000005.567, 144
Trd, 000005.917, 167
Trd, 000006.433, 165
Trd, 000006.700, 181
Trd, 000007.067, 173
Trd, 000007.167, 150
Trd, 000008.383, 174
Trd, 000010.450, 173
Trd, 000010.667, 164
Trd, 000011.267, 177
Trd, 000013.217, 162
Trd, 000014.350, 186
Trd, 000015.617, 165
Trd, 000015.833, 161
Trd, 000016.433, 166
Trd, 000016.867, 158
Trd, 000017.233, 172
Trd, 000020.217, 174
Trd, 000021.233, 182
Trd, 000021.733, 160
Trd, 000022.133, 158
Trd, 000022.533, 161
Trd, 000022.567, 157
Trd, 000025.617, 163
Trd, 000026.333, 172
Trd, 000026.683, 179
Trd, 000028.367, 173
Trd, 000029.033, 170
Trd, 000031.400, 170
Trd, 000031.867, 168
Trd, 000031.917, 161
Trd, 000032.217, 165
Trd, 000033.317, 158
Trd, 000036.283, 160
Trd, 000036.583, 153
Trd, 000036.683, 136
Trd, 000037.117, 174
Trd, 000037.350, 170
Trd, 000038.117, 160
Trd, 000040.517, 143
Trd, 000042.000, 178
Trd, 000042.400, 169
Trd, 000044.133, 164
Trd, 000045.767, 180
Trd, 000046.517, 193
Trd, 000047.067, 166
Trd, 000047.783, 178
Trd, 000048.400, 163
Trd, 000049.450, 174
Trd, 000050.400, 137
Trd, 000050.900, 171
Trd, 000051.417, 159
Trd, 000051.733, 167
Trd, 000052.550, 165
Trd, 000053.267, 165
Trd, 000054.383, 147
Trd, 000055.233, 147
Trd, 000055.567, 175
Trd, 000055.817, 135
Trd, 000055.883, 115
Trd, 000057.483, 178
Trd, 000059.083, 178
Trd, 000060.833, 175
Trd, 000060.933, 172
Trd, 000060.950, 184
Trd, 000061.217, 169
Trd, 000065.133, 181
Trd, 000065.250, 161
Trd, 000065.800, 167
Trd, 000065.900, 157
Trd, 000066.733, 165
Trd, 000067.167, 170
Trd, 000067.850, 173
Trd, 000068.667, 173
Trd, 000070.250, 183
Trd, 000071.550, 173
Trd, 000071.650, 173
Trd, 000072.067, 162
Trd, 000072.250, 165
Trd, 000072.400, 168
Trd, 000074.367, 150
Trd, 000075.117, 186
Trd, 000075.617, 133
Trd, 000076.067, 175
Trd, 000076.850, 161
Trd, 000077.017, 152
Trd, 000077.150, 193
Trd, 000079.033, 179
Trd, 000081.517, 182
Trd, 000081.750, 173
Trd, 000082.467, 171
Trd, 000083.700, 164
Trd, 000084.150, 162
Trd, 000084.433, 178
Trd, 000086.000, 160
Trd, 000086.083, 132
Trd, 000086.183, 132
Trd, 000086.250, 161
Trd, 000088.183, 165
Trd, 000090.817, 151
Trd, 000091.067, 165
Trd, 000092.133, 168
Trd, 000092.333, 152
Trd, 000092.933, 157
Trd, 000093.650, 163
Trd, 000093.733, 160
Trd, 000095.883, 165
Trd, 000095.900, 144
Trd, 000096.217, 175
Trd, 000096.517, 134
Trd, 000097.433, 162
Trd, 000098.883, 167
Trd, 000100.517, 168
Trd, 000100.533, 162
Trd, 000102.450, 166
Trd, 000102.850, 170
Trd, 000103.033, 188
Trd, 000103.433, 177
Trd, 000105.100, 181
Trd, 000105.550, 185
Trd, 000106.200, 174
Trd, 000106.283, 182
Trd, 000107.067, 164
Trd, 000107.833, 166
Trd, 000108.900, 162
Trd, 000110.167, 155
Trd, 000110.183, 153
Trd, 000110.833, 172
Trd, 000111.867, 185
Trd, 000113.650, 169
Trd, 000114.650, 165
Trd, 000115.817, 160
Trd, 000117.683, 172
Trd, 000118.400, 161
Trd, 000118.933, 155
Trd, 000119.333, 146
Trd, 000120.550, 181
Trd, 000120.850, 173
Trd, 000120.867, 165
Trd, 000122.317, 163
Trd, 000122.400, 165
Trd, 000123.783, 161
Trd, 000123.900, 171
Trd, 000126.333, 161
Trd, 000126.383, 164
Trd, 000127.083, 171
Trd, 000127.267, 167
Trd, 000127.850, 165
Trd, 000128.017, 163
Trd, 000131.317, 152
Trd, 000131.367, 175
Trd, 000131.467, 138
Trd, 000131.967, 151
Trd, 000132.533, 162
Trd, 000133.150, 157
Trd, 000133.350, 154
Trd, 000133.467, 148
Trd, 000136.150, 175
Trd, 000136.667, 188
Trd, 000137.750, 166
Trd, 000138.033, 177
Trd, 000138.167, 163
Trd, 000139.367, 183
Trd, 000140.317, 179
Trd, 000141.067, 154
Trd, 000141.683, 158
Trd, 000141.817, 171
Trd, 000142.300, 162
Trd, 000143.733, 165
Trd, 000146.033, 181
Trd, 000146.067, 163
Trd, 000146.850, 163
Trd, 000147.633, 170
Trd, 000148.817, 174
Trd, 000148.967, 162
Trd, 000151.400, 174
Trd, 000151.867, 164
Trd, 000152.600, 186
Trd, 000153.017, 170
Trd, 000155.833, 187
Trd, 000155.900, 169
Trd, 000156.250, 126
Trd, 000156.800, 165
Trd, 000157.233, 162
Trd, 000157.450, 187
Trd, 000158.267, 165
Trd, 000160.533, 184
Trd, 000161.067, 188
Trd, 000161.333, 159
Trd, 000163.167, 170
Trd, 000163.517, 158
Trd, 000164.217, 162
Trd, 000166.117, 175
Trd, 000166.867, 162
Trd, 000167.117, 165
Trd, 000168.100, 162
Trd, 000168.350, 170
Trd, 000170.000, 155
Trd, 000171.417, 160
Trd, 000171.933, 178
Trd, 000172.050, 173
Trd, 000172.717, 167
Trd, 000173.350, 167
Trd, 000174.467, 174
Trd, 000174.633, 160
Trd, 000175.783, 148
Trd, 000176.150, 162
Trd, 000176.917, 138
Trd, 000178.583, 170
Trd, 000179.883, 182
Trd, 000180.233, 178
Trd, 000180.633, 166
Trd, 000181.817, 174
Trd, 000181.900, 170
Trd, 000182.133, 169
Trd, 000182.733, 166
Trd, 000183.133, 165
Trd, 000184.033, 162
Trd, 000186.717, 176
Trd, 000186.883, 174
Trd, 000187.067, 162
Trd, 000188.650, 168
Trd, 000189.117, 160
Trd, 000189.217, 157
Trd, 000189.850, 165
Trd, 000190.150, 144
Trd, 000192.000, 174
Trd, 000192.967, 167
Trd, 000193.667, 167
Trd, 000194.533, 170
Trd, 000195.533, 167
Trd, 000196.850, 174
Trd, 000196.883, 167
Trd, 000197.717, 172
Trd, 000199.383, 167
Trd, 000200.050, 168
Trd, 000202.017, 164
Trd, 000202.633, 165
Trd, 000203.233, 162
Trd, 000203.350, 162
Trd, 000203.783, 172
Trd, 000204.283, 155
Trd, 000205.667, 184
Trd, 000205.983, 174
Trd, 000206.200, 158
Trd, 000206.300, 155
Trd, 000206.583, 178
Trd, 000207.700, 178
Trd, 000208.750, 178
Trd, 000209.017, 172
Trd, 000209.050, 169
Trd, 000209.533, 165
Trd, 000209.967, 162
Trd, 000211.267, 119
Trd, 000211.867, 174
Trd, 000212.083, 162
Trd, 000212.300, 158
Trd, 000213.767, 159
Trd, 000216.483, 192
Trd, 000216.650, 167
Trd, 000216.750, 169
Trd, 000217.233, 180
Trd, 000219.100, 173
Trd, 000219.183, 173
Trd, 000219.433, 165
Trd, 000221.833, 174
Trd, 000221.900, 171
Trd, 000222.300, 174
Trd, 000223.267, 169
Trd, 000224.567, 172
Trd, 000225.533, 163
Trd, 000226.550, 171
Trd, 000227.100, 165
Trd, 000227.667, 168
Trd, 000230.267, 180
Trd, 000230.333, 171
Trd, 000231.267, 157
Trd, 000231.533, 163
Trd, 000231.900, 164
Trd, 000232.683, 174
Trd, 000233.017, 174
Trd, 000233.083, 160
Trd, 000236.617, 168
Trd, 000237.800, 176
Trd, 000237.883, 171
Trd, 000238.783, 165
Trd, 000238.800, 163
Trd, 000239.067, 166
Trd, 000239.450, 189
Trd, 000241.383, 128
Trd, 000241.583, 160
Trd, 000245.117, 175
Trd, 000245.683, 175
Trd, 000246.467, 154
Trd, 000246.550, 174
Trd, 000247.083, 160
Trd, 000247.433, 154
Trd, 000247.933, 159
Trd, 000248.400, 185
Trd, 000249.067, 178
Trd, 000251.267, 144
Trd, 000252.000, 163
Trd, 000252.350, 172
Trd, 000253.167, 172
Trd, 000255.350, 178
Trd, 000255.417, 173
Trd, 000255.883, 176
Trd, 000255.917, 165
Trd, 000257.017, 161
Trd, 000257.333, 161
Trd, 000257.800, 159
Trd, 000258.683, 162
Trd, 000259.117, 183
Trd, 000261.017, 178
Trd, 000261.750, 171
Trd, 000262.983, 162
Trd, 000264.400, 172
Trd, 000265.350, 164
Trd, 000265.900, 171
Trd, 000266.150, 147
Trd, 000266.483, 167
Trd, 000266.800, 111
Trd, 000266.967, 129
Trd, 000267.467, 137
Trd, 000267.733, 159
Trd, 000268.450, 180
Trd, 000269.167, 164
Trd, 000271.367, 163
Trd, 000271.883, 159
Trd, 000272.517, 170
Trd, 000272.750, 166
Trd, 000274.550, 161
Trd, 000275.367, 169
Trd, 000276.450, 173
Trd, 000276.983, 169
Trd, 000277.183, 162
Trd, 000277.633, 162
Trd, 000278.200, 157
Trd, 000278.717, 166
Trd, 000279.917, 177
Trd, 000280.617, 155
Trd, 000282.217, 162
Trd, 000282.283, 154
Trd, 000283.117, 179
Trd, 000283.167, 163
Trd, 000284.833, 165
Trd, 000286.767, 160
Trd, 000286.983, 154
Trd, 000287.150, 126
Trd, 000288.100, 179
Trd, 000289.450, 174
Trd, 000291.167, 168
Trd, 000291.267, 174
Trd, 000291.833, 164
Trd, 000292.000, 159
Trd, 000292.250, 165
Trd, 000293.300, 171
Trd, 000294.050, 165
Trd, 000294.683, 164
Trd, 000295.233, 162
Trd, 000296.950, 174
Trd, 000297.117, 169
Trd, 000297.617, 165
Trd, 000297.833, 187
Trd, 000298.267, 162
Trd, 000298.417, 157
Trd, 000298.667, 156
