Trd, 000005.150, 110
Trd, 000005.283, 153
Trd, 000005.717, 124
Trd, 000007.000, 163
Trd, 000007.567, 154
Trd, 000008.850, 141
Trd, 000009.217, 158
Trd, 000010.133, 106
Trd, 000010.333, 165
Trd, 000010.983, 143
Trd, 000011.067, 138
Trd, 000012.900, 148
Trd, 000013.333, 133
Trd, 000013.917, 127
Trd, 000015.650, 146
Trd, 000016.050, 176
Trd, 000016.867, 174
Trd, 000016.933, 152
Trd, 000017.250, 158
Trd, 000017.750, 154
Trd, 000017.867, 151
Trd, 000018.617, 164
Trd, 000020.583, 161
Trd, 000020.767, 143
Trd, 000021.333, 145
Trd, 000022.700, 165
Trd, 000022.733, 140
Trd, 000023.650, 165
Trd, 000025.650, 121
Trd, 000025.983, 128
Trd, 000026.033, 134
Trd, 000026.150, 139
Trd, 000027.117, 131
Trd, 000027.750, 166
Trd, 000028.233, 129
Trd, 000030.550, 169
Trd, 000030.917, 148
Trd, 000031.033, 141
Trd, 000032.033, 165
Trd, 000032.300, 156
Trd, 000032.650, 152
Trd, 000032.800, 145
Trd, 000033.967, 135
Trd, 000034.850, 144
Trd, 000036.250, 157
Trd, 000036.633, 168
Trd, 000036.767, 149
Trd, 000037.017, 148
Trd, 000037.233, 169
Trd, 000038.283, 169
Trd, 000038.300, 130
Trd, 000038.900, 156
Trd, 000040.800, 165
Trd, 000041.033, 168
Trd, 000041.050, 168
Trd, 000041.217, 142
Trd, 000041.783, 141
Trd, 000044.017, 173
Trd, 000044.850, 149
Trd, 000045.617, 144
Trd, 000046.450, 153
Trd, 000046.750, 156
Trd, 000047.967, 156
Trd, 000049.617, 144
Trd, 000050.417, 146
Trd, 000051.550, 140
Trd, 000052.783, 138
Trd, 000055.783, 154
Trd, 000055.883, 148
Trd, 000056.350, 154
Trd, 000057.250, 178
Trd, 000057.917, 137
Trd, 000058.933, 179
Trd, 000059.267, 179
Trd, 000059.517, 136
Trd, 000060.733, 154
Trd, 000062.333, 167
Trd, 000062.517, 165
Trd, 000063.133, 158
Trd, 000063.417, 156
Trd, 000064.350, 130
Trd, 000065.750, 147
Trd, 000065.983, 148
Trd, 000066.533, 145
Trd, 000067.667, 155
Trd, 000067.800, 146
Trd, 000068.450, 157
Trd, 000069.550, 146
Trd, 000069.633, 157
Trd, 000070.567, 111
Trd, 000071.300, 141
Trd, 000071.833, 154
Trd, 000073.317, 155
Trd, 000075.000, 151
Trd, 000075.117, 166
Trd, 000075.583, 112
Trd, 000075.683, 117
Trd, 000075.767, 144
Trd, 000076.183, 165
Trd, 000076.783, 163
Trd, 000077.017, 137
Trd, 000077.050, 141
Trd, 000080.683, 179
Trd, 000080.900, 159
Trd, 000081.117, 150
Trd, 000081.383, 182
Trd, 000082.650, 149
Trd, 000083.417, 149
Trd, 000083.783, 145
Trd, 000084.867, 140
Trd, 000085.867, 170
Trd, 000086.000, 171
Trd, 000086.100, 143
Trd, 000086.333, 133
Trd, 000087.383, 165
Trd, 000089.950, 149
Trd, 000090.367, 142
Trd, 000091.017, 169
Trd, 000092.067, 143
Trd, 000092.567, 159
Trd, 000093.017, 164
Trd, 000093.333, 131
Trd, 000094.017, 116
Trd, 000094.817, 157
Trd, 000095.817, 120
Trd, 000096.450, 153
Trd, 000096.533, 165
Trd, 000096.550, 144
Trd, 000096.700, 173
Trd, 000098.467, 146
Trd, 000099.067, 152
Trd, 000099.100, 151
Trd, 000099.400, 159
Trd, 000100.033, 172
Trd, 000100.883, 151
Trd, 000100.917, 165
Trd, 000100.967, 133
Trd, 000101.467, 147
Trd, 000104.817, 155
Trd, 000105.017, 154
Trd, 000105.767, 119
Trd, 000106.317, 159
Trd, 000106.917, 172
Trd, 000107.200, 173
Trd, 000107.483, 141
Trd, 000107.817, 178
Trd, 000108.117, 138
Trd, 000110.017, 159
Trd, 000110.667, 168
Trd, 000111.083, 151
Trd, 000111.300, 150
Trd, 000112.050, 147
Trd, 000112.117, 145
Trd, 000112.267, 146
Trd, 000112.483, 145
Trd, 000114.117, 156
Trd, 000116.183, 184
Trd, 000116.633, 186
Trd, 000116.850, 177
Trd, 000118.317, 136
Trd, 000118.433, 144
Trd, 000119.450, 139
Trd, 000119.617, 171
Trd, 000120.833, 112
Trd, 000121.083, 162
Trd, 000121.717, 171
Trd, 000121.833, 175
Trd, 000122.667, 166
Trd, 000123.300, 144
Trd, 000124.017, 145
Trd, 000124.267, 150
Trd, 000126.350, 159
Trd, 000126.750, 172
Trd, 000127.267, 169
Trd, 000127.467, 152
Trd, 000127.517, 146
Trd, 000127.683, 133
Trd, 000129.833, 176
Trd, 000130.400, 128
Trd, 000131.017, 123
Trd, 000131.200, 175
Trd, 000131.850, 157
Trd, 000132.350, 165
Trd, 000132.867, 126
Trd, 000133.850, 146
Trd, 000134.500, 144
Trd, 000135.167, 142
Trd, 000136.383, 147
Trd, 000136.750, 145
Trd, 000137.783, 154
Trd, 000138.483, 140
Trd, 000138.817, 165
Trd, 000141.350, 173
Trd, 000141.400, 181
Trd, 000141.683, 151
Trd, 000141.833, 163
Trd, 000142.417, 161
Trd, 000142.583, 141
Trd, 000143.083, 183
Trd, 000143.967, 140
Trd, 000144.683, 135
Trd, 000144.700, 130
Trd, 000146.000, 138
Trd, 000146.333, 143
Trd, 000147.133, 140
Trd, 000148.067, 135
Trd, 000149.150, 161
Trd, 000149.783, 136
Trd, 000151.200, 169
Trd, 000151.867, 139
Trd, 000151.883, 148
Trd, 000153.000, 174
Trd, 000153.733, 147
Trd, 000155.700, 147
Trd, 000156.017, 162
Trd, 000157.767, 154
Trd, 000158.300, 149
Trd, 000158.350, 135
Trd, 000159.600, 172
Trd, 000160.317, 122
Trd, 000160.733, 142
Trd, 000161.050, 174
Trd, 000162.450, 151
Trd, 000165.383, 154
Trd, 000166.083, 113
Trd, 000166.200, 179
Trd, 000167.300, 147
Trd, 000169.467, 157
Trd, 000169.850, 125
Trd, 000171.483, 143
Trd, 000171.850, 153
Trd, 000172.083, 159
Trd, 000172.150, 160
Trd, 000174.000, 140
Trd, 000174.233, 137
Trd, 000175.083, 129
Trd, 000176.167, 135
Trd, 000176.717, 179
Trd, 000177.133, 153
Trd, 000177.650, 153
Trd, 000178.400, 130
Trd, 000181.917, 104
Trd, 000182.133, 150
Trd, 000182.350, 156
Trd, 000182.700, 140
Trd, 000183.300, 164
Trd, 000183.733, 150
Trd, 000183.950, 161
Trd, 000184.583, 178
Trd, 000184.667, 145
Trd, 000186.850, 178
Trd, 000187.033, 166
Trd, 000187.917, 170
Trd, 000188.100, 157
Trd, 000188.233, 156
Trd, 000189.367, 141
Trd, 000189.517, 147
Trd, 000190.367, 158
Trd, 000190.533, 131
Trd, 000191.533, 147
Trd, 000191.850, 152
Trd, 000192.017, 155
Trd, 000192.467, 152
Trd, 000193.150, 150
Trd, 000193.967, 146
Trd, 000195.450, 136
Trd, 000195.933, 124
Trd, 000196.517, 148
Trd, 000197.233, 165
Trd, 000197.767, 159
Trd, 000198.033, 154
Trd, 000198.083, 162
Trd, 000201.150, 172
Trd, 000201.617, 165
Trd, 000201.667, 156
Trd, 000201.867, 155
Trd, 000203.000, 151
Trd, 000203.383, 130
Trd, 000205.500, 143
Trd, 000206.400, 178
Trd, 000206.733, 165
Trd, 000207.033, 139
Trd, 000208.233, 130
Trd, 000208.850, 128
Trd, 000210.250, 146
Trd, 000210.683, 147
Trd, 000211.183, 150
Trd, 000211.383, 152
Trd, 000212.033, 168
Trd, 000213.867, 156
Trd, 000214.867, 137
Trd, 000215.217, 124
Trd, 000216.217, 178
Trd, 000218.517, 165
Trd, 000218.767, 140
Trd, 000219.067, 169
Trd, 000219.400, 160
Trd, 000220.383, 129
Trd, 000221.317, 168
Trd, 000221.650, 177
Trd, 000222.433, 172
Trd, 000222.717, 163
Trd, 000223.150, 154
Trd, 000225.200, 148
Trd, 000225.417, 153
Trd, 000226.567, 178
Trd, 000227.367, 158
Trd, 000227.917, 169
Trd, 000228.317, 178
Trd, 000230.067, 162
Trd, 000230.217, 150
Trd, 000231.317, 160
Trd, 000231.533, 126
Trd, 000233.433, 164
Trd, 000233.600, 176
Trd, 000234.400, 159
Trd, 000236.900, 162
Trd, 000237.467, 134
Trd, 000238.283, 142
Trd, 000239.250, 134
Trd, 000239.850, 146
Trd, 000240.483, 142
Trd, 000242.600, 178
Trd, 000243.083, 166
Trd, 000244.000, 171
Trd, 000244.033, 162
Trd, 000245.317, 161
Trd, 000245.433, 153
Trd, 000246.850, 157
Trd, 000246.883, 160
Trd, 000247.483, 168
Trd, 000247.517, 171
Trd, 000247.817, 173
Trd, 000248.100, 137
Trd, 000248.717, 134
Trd, 000249.133, 126
Trd, 000249.217, 147
Trd, 000249.883, 158
Trd, 000251.683, 119
Trd, 000252.250, 113
Trd, 000252.400, 147
Trd, 000252.667, 103
Trd, 000253.700, 137
Trd, 000254.833, 166
Trd, 000255.050, 165
Trd, 000255.450, 146
Trd, 000256.633, 149
Trd, 000256.767, 165
Trd, 000256.933, 164
Trd, 000257.417, 169
Trd, 000258.450, 153
Trd, 000260.367, 136
Trd, 000262.433, 178
Trd, 000262.600, 172
Trd, 000263.317, 152
Trd, 000263.767, 141
Trd, 000265.433, 172
Trd, 000266.783, 158
Trd, 000268.067, 157
Trd, 000268.083, 152
Trd, 000268.617, 142
Trd, 000268.717, 138
Trd, 000269.367, 142
Trd, 000270.267, 156
Trd, 000270.817, 165
Trd, 000271.467, 108
Trd, 000271.683, 134
Trd, 000271.767, 144
Trd, 000272.250, 166
Trd, 000272.467, 143
Trd, 000273.683, 149
Trd, 000274.033, 133
Trd, 000275.967, 165
Trd, 000276.600, 178
Trd, 000276.867, 143
Trd, 000277.533, 177
Trd, 000278.183, 181
Trd, 000280.217, 137
Trd, 000280.700, 136
Trd, 000280.717, 149
Trd, 000281.283, 143
Trd, 000281.650, 151
Trd, 000281.800, 139
Trd, 000282.000, 129
Trd, 000282.517, 123
Trd, 000282.533, 138
Trd, 000283.050, 163
Trd, 000283.633, 161
Trd, 000286.317, 143
Trd, 000286.867, 150
Trd, 000287.083, 127
Trd, 000287.567, 153
Trd, 000288.050, 159
Trd, 000288.483, 166
Trd, 000288.683, 165
Trd, 000288.817, 165
Trd, 000292.000, 126
Trd, 000292.250, 155
Trd, 000292.350, 173
Trd, 000293.767, 178
Trd, 000295.233, 146
Trd, 000296.633, 179
Trd, 000297.217, 153
Trd, 000297.267, 151
Trd, 000297.283, 170
Trd, 000297.583, 153
Trd, 000298.483, 164
Trd, 000298.967, 146
