Trd, 000005.317, 159
Trd, 000005.933, 145
Trd, 000006.167, 143
Trd, 000006.350, 140
Trd, 000008.400, 146
Trd, 000008.467, 148
Trd, 000008.500, 152
Trd, 000009.600, 164
Trd, 000010.183, 143
Trd, 000011.450, 164
Trd, 000011.817, 140
Trd, 000012.583, 183
Trd, 000012.667, 182
Trd, 000013.433, 158
Trd, 000014.050, 150
Trd, 000015.600, 152
Trd, 000015.900, 156
Trd, 000017.967, 187
Trd, 000018.650, 165
Trd, 000020.317, 181
Trd, 000020.450, 164
Trd, 000021.017, 175
Trd, 000021.100, 156
Trd, 000022.800, 151
Trd, 000024.600, 161
Trd, 000025.350, 182
Trd, 000025.767, 161
Trd, 000025.833, 158
Trd, 000026.133, 145
Trd, 000027.700, 151
Trd, 000028.250, 136
Trd, 000031.983, 154
Trd, 000033.683, 149
Trd, 000034.067, 138
Trd, 000034.300, 142
Trd, 000035.233, 161
Trd, 000035.817, 150
Trd, 000035.883, 157
Trd, 000036.200, 130
Trd, 000036.883, 163
Trd, 000039.200, 167
Trd, 000040.633, 181
Trd, 000040.650, 171
Trd, 000041.000, 152
Trd, 000044.183, 193
Trd, 000045.450, 150
Trd, 000046.033, 131
Trd, 000046.083, 127
Trd, 000046.300, 142
Trd, 000047.483, 172
Trd, 000050.383, 142
Trd, 000051.150, 152
Trd, 000052.433, 149
Trd, 000054.500, 156
Trd, 000055.250, 142
Trd, 000055.517, 194
Trd, 000055.533, 157
Trd, 000055.900, 155
Trd, 000056.750, 144
Trd, 000057.483, 141
Trd, 000059.283, 144
Trd, 000060.483, 148
Trd, 000060.733, 146
Trd, 000061.117, 167
Trd, 000061.383, 168
Trd, 000062.367, 167
Trd, 000064.067, 156
Trd, 000066.033, 160
Trd, 000066.783, 163
Trd, 000068.433, 146
Trd, 000069.250, 165
Trd, 000069.833, 158
Trd, 000070.283, 164
Trd, 000070.483, 128
Trd, 000071.300, 170
Trd, 000071.850, 169
Trd, 000071.933, 161
Trd, 000071.967, 150
Trd, 000072.033, 147
Trd, 000073.800, 160
Trd, 000075.917, 193
Trd, 000076.567, 160
Trd, 000077.400, 162
Trd, 000077.933, 175
Trd, 000078.267, 160
Trd, 000082.250, 178
Trd, 000082.467, 163
Trd, 000082.683, 161
Trd, 000082.767, 179
Trd, 000082.933, 159
Trd, 000083.383, 150
Trd, 000083.717, 142
Trd, 000086.250, 154
Trd, 000086.617, 176
Trd, 000088.233, 150
Trd, 000088.467, 162
Trd, 000088.617, 144
Trd, 000089.750, 151
Trd, 000090.367, 131
Trd, 000091.200, 176
Trd, 000091.500, 167
Trd, 000091.867, 162
Trd, 000093.000, 163
Trd, 000093.933, 165
Trd, 000094.017, 172
Trd, 000094.033, 159
Trd, 000095.633, 179
Trd, 000096.700, 153
Trd, 000097.133, 148
Trd, 000097.483, 157
Trd, 000098.283, 157
Trd, 000098.317, 163
Trd, 000099.283, 147
Trd, 000101.400, 192
Trd, 000101.467, 182
Trd, 000102.500, 149
Trd, 000103.250, 177
Trd, 000106.033, 162
Trd, 000106.217, 142
Trd, 000107.400, 149
Trd, 000108.467, 152
Trd, 000110.333, 166
Trd, 000111.267, 152
Trd, 000111.567, 130
Trd, 000112.950, 155
Trd, 000113.250, 162
Trd, 000113.567, 164
Trd, 000115.417, 156
Trd, 000116.233, 144
Trd, 000116.433, 165
Trd, 000116.717, 148
Trd, 000117.217, 180
Trd, 000118.217, 161
Trd, 000121.150, 171
Trd, 000122.683, 177
Trd, 000122.850, 143
Trd, 000123.383, 169
Trd, 000124.833, 177
Trd, 000126.217, 153
Trd, 000126.517, 161
Trd, 000127.067, 147
Trd, 000127.667, 141
Trd, 000128.367, 162
Trd, 000128.700, 143
Trd, 000130.550, 168
Trd, 000131.667, 149
Trd, 000133.383, 143
Trd, 000133.817, 164
Trd, 000134.567, 168
Trd, 000135.483, 162
Trd, 000135.550, 159
Trd, 000135.567, 156
Trd, 000136.350, 163
Trd, 000136.417, 157
Trd, 000136.600, 161
Trd, 000137.533, 160
Trd, 000138.533, 162
Trd, 000138.850, 154
Trd, 000139.867, 153
Trd, 000141.067, 132
Trd, 000141.850, 147
Trd, 000142.317, 157
Trd, 000143.667, 167
Trd, 000143.700, 171
Trd, 000144.967, 165
Trd, 000146.867, 146
Trd, 000147.217, 146
Trd, 000147.800, 158
Trd, 000148.200, 160
Trd, 000148.300, 162
Trd, 000152.850, 160
Trd, 000153.450, 146
Trd, 000154.783, 150
Trd, 000156.033, 168
Trd, 000156.300, 182
Trd, 000158.300, 177
Trd, 000158.467, 161
Trd, 000159.067, 158
Trd, 000161.883, 161
Trd, 000162.233, 153
Trd, 000162.400, 158
Trd, 000166.550, 145
Trd, 000166.667, 168
Trd, 000169.367, 142
Trd, 000170.333, 162
Trd, 000170.883, 161
Trd, 000171.950, 143
Trd, 000172.717, 144
Trd, 000173.500, 156
Trd, 000173.783, 162
Trd, 000174.433, 162
Trd, 000174.767, 175
Trd, 000176.900, 148
Trd, 000176.983, 163
Trd, 000177.333, 172
Trd, 000178.767, 160
Trd, 000179.333, 152
Trd, 000181.783, 150
Trd, 000183.517, 182
Trd, 000183.533, 174
Trd, 000183.933, 161
Trd, 000185.250, 148
Trd, 000186.083, 179
Trd, 000187.067, 173
Trd, 000187.200, 168
Trd, 000187.267, 161
Trd, 000188.383, 170
Trd, 000188.567, 155
Trd, 000190.233, 154
Trd, 000190.283, 151
Trd, 000192.117, 144
Trd, 000192.733, 153
Trd, 000193.450, 159
Trd, 000193.967, 168
Trd, 000194.383, 157
Trd, 000196.267, 182
Trd, 000196.583, 134
Trd, 000197.150, 143
Trd, 000197.333, 156
Trd, 000198.717, 149
Trd, 000198.733, 162
Trd, 000201.550, 155
Trd, 000202.383, 156
Trd, 000203.433, 152
Trd, 000204.283, 160
Trd, 000205.100, 137
Trd, 000206.483, 164
Trd, 000206.733, 170
Trd, 000207.367, 134
Trd, 000208.433, 151
Trd, 000209.500, 153
Trd, 000211.467, 141
Trd, 000211.950, 181
Trd, 000212.950, 162
Trd, 000213.733, 156
Trd, 000214.050, 147
Trd, 000214.500, 144
Trd, 000216.517, 180
Trd, 000217.250, 170
Trd, 000217.800, 158
Trd, 000218.133, 162
Trd, 000218.233, 183
Trd, 000219.583, 146
Trd, 000219.800, 160
Trd, 000221.250, 182
Trd, 000221.983, 149
Trd, 000222.233, 193
Trd, 000223.000, 164
Trd, 000225.200, 153
Trd, 000227.450, 148
Trd, 000228.183, 156
Trd, 000228.600, 157
Trd, 000229.100, 157
Trd, 000229.117, 163
Trd, 000229.933, 157
Trd, 000231.317, 138
Trd, 000232.100, 155
Trd, 000232.183, 156
Trd, 000232.567, 160
Trd, 000232.733, 146
Trd, 000236.500, 182
Trd, 000237.483, 172
Trd, 000238.183, 158
Trd, 000239.133, 164
Trd, 000240.667, 154
Trd, 000241.600, 178
Trd, 000242.967, 148
Trd, 000243.000, 162
Trd, 000243.300, 144
Trd, 000244.317, 154
Trd, 000245.950, 149
Trd, 000247.533, 145
Trd, 000248.450, 164
Trd, 000248.733, 153
Trd, 000251.300, 183
Trd, 000251.717, 157
Trd, 000252.067, 154
Trd, 000252.283, 151
Trd, 000253.467, 180
Trd, 000257.533, 148
Trd, 000257.850, 152
Trd, 000261.617, 190
Trd, 000261.867, 156
Trd, 000262.133, 173
Trd, 000262.400, 130
Trd, 000262.517, 142
Trd, 000262.800, 158
Trd, 000263.800, 145
Trd, 000267.467, 156
Trd, 000267.533, 156
Trd, 000267.667, 162
Trd, 000268.067, 129
Trd, 000269.833, 158
Trd, 000270.783, 144
Trd, 000271.583, 169
Trd, 000273.217, 157
Trd, 000273.800, 169
Trd, 000274.650, 154
Trd, 000276.633, 136
Trd, 000276.850, 147
Trd, 000277.483, 154
Trd, 000277.967, 168
Trd, 000278.633, 145
Trd, 000280.867, 148
Trd, 000281.900, 140
Trd, 000282.517, 150
Trd, 000282.800, 146
Trd, 000283.150, 162
Trd, 000285.200, 159
Trd, 000286.800, 181
Trd, 000287.400, 183
Trd, 000287.550, 148
Trd, 000288.950, 158
Trd, 000290.133, 164
Trd, 000291.550, 159
Trd, 000292.183, 151
Trd, 000293.717, 181
Trd, 000294.883, 165
Trd, 000295.383, 177
Trd, 000296.400, 158
Trd, 000296.567, 146
Trd, 000298.333, 171
Trd, 000299.150, 168
