Trd, 000005.117, 149
Trd, 000005.500, 126
Trd, 000005.533, 178
Trd, 000006.483, 143
Trd, 000006.633, 147
Trd, 000006.833, 144
Trd, 000006.983, 138
Trd, 000008.267, 167
Trd, 000009.400, 145
Trd, 000010.200, 171
Trd, 000010.417, 160
Trd, 000010.733, 144
Trd, 000010.917, 168
Trd, 000011.383, 169
Trd, 000012.267, 149
Trd, 000013.467, 144
Trd, 000015.333, 187
Trd, 000015.533, 185
Trd, 000015.567, 148
Trd, 000016.667, 166
Trd, 000017.983, 167
Trd, 000018.750, 166
Trd, 000020.200, 171
Trd, 000020.267, 174
Trd, 000020.533, 125
Trd, 000020.617, 143
Trd, 000021.250, 171
Trd, 000021.517, 158
Trd, 000021.783, 154
Trd, 000022.250, 186
Trd, 000026.050, 170
Trd, 000026.300, 186
Trd, 000026.417, 159
Trd, 000028.183, 154
Trd, 000028.517, 164
Trd, 000029.683, 154
Trd, 000030.683, 168
Trd, 000030.883, 179
Trd, 000031.867, 145
Trd, 000032.617, 142
Trd, 000033.000, 150
Trd, 000033.017, 187
Trd, 000033.417, 130
Trd, 000033.733, 122
Trd, 000035.283, 126
Trd, 000035.633, 162
Trd, 000035.833, 174
Trd, 000036.750, 171
Trd, 000038.917, 166
Trd, 000039.917, 155
Trd, 000039.933, 153
Trd, 000041.150, 177
Trd, 000043.167, 185
Trd, 000043.267, 178
Trd, 000043.833, 162
Trd, 000043.867, 159
Trd, 000045.600, 135
Trd, 000046.300, 154
Trd, 000046.433, 155
Trd, 000046.683, 164
Trd, 000046.883, 144
Trd, 000047.033, 147
Trd, 000049.933, 175
Trd, 000050.350, 119
Trd, 000050.467, 161
Trd, 000051.300, 167
Trd, 000051.800, 184
Trd, 000053.300, 172
Trd, 000053.933, 171
Trd, 000054.933, 166
Trd, 000055.583, 159
Trd, 000056.417, 181
Trd, 000056.567, 178
Trd, 000057.150, 169
Trd, 000057.817, 174
Trd, 000058.167, 163
Trd, 000059.467, 158
Trd, 000059.600, 182
Trd, 000060.367, 127
Trd, 000060.583, 175
Trd, 000060.950, 184
Trd, 000061.483, 167
Trd, 000063.467, 162
Trd, 000063.667, 156
Trd, 000064.100, 161
Trd, 000064.683, 165
Trd, 000065.750, 115
Trd, 000066.133, 176
Trd, 000066.283, 162
Trd, 000067.267, 153
Trd, 000068.033, 196
Trd, 000070.050, 184
Trd, 000070.333, 154
Trd, 000071.100, 179
Trd, 000071.633, 178
Trd, 000071.800, 175
Trd, 000071.833, 173
Trd, 000072.200, 157
Trd, 000073.767, 159
Trd, 000076.350, 172
Trd, 000078.383, 174
Trd, 000079.033, 169
Trd, 000079.683, 156
Trd, 000080.550, 122
Trd, 000080.683, 171
Trd, 000080.733, 170
Trd, 000081.233, 147
Trd, 000082.167, 156
Trd, 000082.533, 145
Trd, 000083.883, 146
Trd, 000085.817, 165
Trd, 000085.950, 172
Trd, 000086.367, 149
Trd, 000087.117, 150
Trd, 000087.350, 193
Trd, 000087.750, 142
Trd, 000088.600, 177
Trd, 000090.250, 150
Trd, 000090.583, 184
Trd, 000090.767, 124
Trd, 000091.100, 158
Trd, 000091.333, 167
Trd, 000092.550, 140
Trd, 000093.233, 159
Trd, 000093.600, 169
Trd, 000096.367, 185
Trd, 000096.417, 179
Trd, 000097.800, 173
Trd, 000097.933, 172
Trd, 000098.550, 161
Trd, 000099.017, 146
Trd, 000100.950, 179
Trd, 000101.367, 173
Trd, 000101.817, 160
Trd, 000101.933, 143
Trd, 000105.017, 178
Trd, 000105.767, 118
Trd, 000105.833, 161
Trd, 000106.017, 166
Trd, 000106.267, 166
Trd, 000106.533, 151
Trd, 000106.733, 175
Trd, 000107.850, 154
Trd, 000108.500, 153
Trd, 000110.617, 150
Trd, 000110.850, 152
Trd, 000111.083, 171
Trd, 000112.133, 173
Trd, 000112.417, 178
Trd, 000112.533, 158
Trd, 000113.550, 144
Trd, 000113.950, 157
Trd, 000114.350, 138
Trd, 000115.600, 144
Trd, 000115.967, 171
Trd, 000116.367, 154
Trd, 000117.650, 146
Trd, 000118.550, 152
Trd, 000121.100, 165
Trd, 000121.350, 165
Trd, 000121.400, 176
Trd, 000121.533, 155
Trd, 000122.567, 181
Trd, 000122.683, 161
Trd, 000122.867, 159
Trd, 000124.650, 154
Trd, 000126.283, 168
Trd, 000126.517, 146
Trd, 000126.550, 161
Trd, 000126.667, 172
Trd, 000127.033, 144
Trd, 000127.383, 153
Trd, 000128.017, 148
Trd, 000131.283, 145
Trd, 000131.350, 151
Trd, 000131.950, 186
Trd, 000133.000, 191
Trd, 000133.283, 175
Trd, 000134.583, 164
Trd, 000135.733, 150
Trd, 000135.967, 185
Trd, 000136.133, 169
Trd, 000136.467, 155
Trd, 000136.683, 159
Trd, 000136.817, 154
Trd, 000137.533, 144
Trd, 000138.083, 184
Trd, 000139.367, 163
Trd, 000140.333, 162
Trd, 000141.083, 171
Trd, 000141.583, 157
Trd, 000142.717, 159
Trd, 000145.033, 150
Trd, 000145.517, 155
Trd, 000145.533, 149
Trd, 000145.550, 141
Trd, 000146.350, 163
Trd, 000146.650, 152
Trd, 000146.700, 151
Trd, 000147.100, 176
Trd, 000147.367, 152
Trd, 000148.083, 161
Trd, 000148.283, 147
Trd, 000148.367, 144
Trd, 000149.350, 164
Trd, 000151.083, 141
Trd, 000151.317, 147
Trd, 000151.983, 161
Trd, 000152.267, 168
Trd, 000152.450, 167
Trd, 000154.450, 154
Trd, 000155.200, 158
Trd, 000155.567, 146
Trd, 000156.500, 185
Trd, 000156.667, 173
Trd, 000157.333, 153
Trd, 000157.350, 152
Trd, 000157.683, 139
Trd, 000158.833, 148
Trd, 000159.183, 150
Trd, 000159.300, 178
Trd, 000160.217, 144
Trd, 000160.500, 164
Trd, 000161.533, 144
Trd, 000162.183, 179
Trd, 000162.433, 150
Trd, 000163.033, 148
Trd, 000163.300, 159
Trd, 000163.867, 158
Trd, 000164.267, 147
Trd, 000165.717, 137
Trd, 000166.400, 174
Trd, 000167.150, 183
Trd, 000167.350, 179
Trd, 000167.500, 175
Trd, 000167.917, 154
Trd, 000168.083, 144
Trd, 000168.133, 159
Trd, 000168.667, 144
Trd, 000168.800, 136
Trd, 000170.267, 179
Trd, 000171.117, 144
Trd, 000171.700, 135
Trd, 000171.950, 152
Trd, 000172.567, 160
Trd, 000173.567, 169
Trd, 000176.183, 167
Trd, 000176.517, 163
Trd, 000176.800, 154
Trd, 000176.950, 178
Trd, 000177.267, 155
Trd, 000178.483, 166
Trd, 000178.500, 161
Trd, 000179.733, 172
Trd, 000181.050, 138
Trd, 000182.683, 185
Trd, 000183.367, 169
Trd, 000183.500, 160
Trd, 000184.417, 162
Trd, 000184.967, 150
Trd, 000185.867, 155
Trd, 000185.967, 157
Trd, 000186.033, 146
Trd, 000186.550, 163
Trd, 000187.400, 166
Trd, 000187.750, 181
Trd, 000189.183, 156
Trd, 000192.067, 177
Trd, 000192.083, 171
Trd, 000192.517, 183
Trd, 000192.617, 152
Trd, 000193.750, 183
Trd, 000193.967, 141
Trd, 000195.133, 157
Trd, 000197.117, 174
Trd, 000197.500, 157
Trd, 000197.650, 192
Trd, 000197.867, 153
Trd, 000198.333, 157
Trd, 000198.450, 144
Trd, 000199.917, 166
Trd, 000201.450, 165
Trd, 000201.667, 170
Trd, 000202.283, 176
Trd, 000203.683, 157
Trd, 000203.733, 154
Trd, 000204.100, 152
Trd, 000204.367, 158
Trd, 000206.283, 157
Trd, 000207.567, 171
Trd, 000207.850, 174
Trd, 000208.317, 152
Trd, 000209.167, 155
Trd, 000209.683, 144
Trd, 000209.750, 180
Trd, 000211.283, 178
Trd, 000211.750, 135
Trd, 000212.167, 170
Trd, 000212.267, 133
Trd, 000212.800, 168
Trd, 000213.817, 143
Trd, 000215.000, 177
Trd, 000216.317, 132
Trd, 000217.117, 140
Trd, 000217.717, 163
Trd, 000217.733, 143
Trd, 000217.917, 165
Trd, 000218.383, 151
Trd, 000219.400, 166
Trd, 000219.933, 148
Trd, 000221.267, 174
Trd, 000221.350, 144
Trd, 000221.383, 171
Trd, 000221.833, 113
Trd, 000222.417, 166
Trd, 000222.750, 164
Trd, 000223.167, 177
Trd, 000224.350, 168
Trd, 000226.417, 124
Trd, 000226.450, 111
Trd, 000226.850, 155
Trd, 000227.200, 168
Trd, 000227.667, 174
Trd, 000228.133, 164
Trd, 000228.983, 158
Trd, 000230.867, 180
Trd, 000231.467, 161
Trd, 000231.600, 170
Trd, 000231.850, 155
Trd, 000233.650, 165
Trd, 000233.817, 173
Trd, 000234.300, 173
Trd, 000235.317, 142
Trd, 000235.433, 140
Trd, 000235.633, 140
Trd, 000236.783, 171
Trd, 000237.117, 174
Trd, 000237.167, 162
Trd, 000238.383, 168
Trd, 000240.133, 162
Trd, 000241.767, 175
Trd, 000241.917, 165
Trd, 000242.483, 143
Trd, 000242.967, 145
Trd, 000243.000, 176
Trd, 000243.283, 161
Trd, 000244.450, 162
Trd, 000245.233, 159
Trd, 000246.500, 167
Trd, 000247.350, 148
Trd, 000248.500, 174
Trd, 000250.683, 177
Trd, 000251.683, 160
Trd, 000252.050, 167
Trd, 000252.867, 162
Trd, 000253.083, 177
Trd, 000253.400, 151
Trd, 000254.450, 157
Trd, 000254.700, 144
Trd, 000256.283, 126
Trd, 000256.500, 157
Trd, 000256.750, 147
Trd, 000257.167, 149
Trd, 000257.317, 145
Trd, 000259.933, 179
Trd, 000261.700, 173
Trd, 000262.300, 178
Trd, 000262.500, 175
Trd, 000262.933, 155
Trd, 000263.483, 147
Trd, 000264.400, 183
Trd, 000265.167, 183
Trd, 000265.767, 168
Trd, 000266.867, 172
Trd, 000267.067, 171
Trd, 000267.267, 160
Trd, 000267.983, 183
Trd, 000268.883, 144
Trd, 000270.633, 136
Trd, 000270.700, 135
Trd, 000271.467, 140
Trd, 000271.800, 174
Trd, 000272.983, 183
Trd, 000273.483, 177
Trd, 000275.100, 179
Trd, 000276.450, 174
Trd, 000276.800, 179
Trd, 000276.850, 170
Trd, 000277.217, 175
Trd, 000277.633, 162
Trd, 000278.400, 168
Trd, 000278.933, 150
Trd, 000281.117, 144
Trd, 000281.800, 185
Trd, 000281.833, 162
Trd, 000283.500, 161
Trd, 000283.700, 161
Trd, 000284.000, 174
Trd, 000284.017, 155
Trd, 000284.267, 146
Trd, 000287.017, 176
Trd, 000287.567, 164
Trd, 000288.033, 156
Trd, 000288.750, 171
Trd, 000289.300, 171
Trd, 000289.483, 161
Trd, 000291.667, 151
Trd, 000292.150, 151
Trd, 000292.500, 168
Trd, 000294.417, 176
Trd, 000295.150, 164
Trd, 000296.850, 177
Trd, 000296.967, 133
Trd, 000297.117, 115
Trd, 000297.150, 139
Trd, 000298.200, 119
Trd, 000299.233, 163
Trd, 000299.350, 170
