Trd, 000005.200, 144
Trd, 000005.550, 146
Trd, 000005.833, 162
Trd, 000006.167, 179
Trd, 000006.700, 126
Trd, 000007.717, 118
Trd, 000009.017, 150
Trd, 000009.217, 150
Trd, 000010.650, 180
Trd, 000012.300, 159
Trd, 000012.833, 153
Trd, 000013.100, 149
Trd, 000013.500, 156
Trd, 000013.817, 165
Trd, 000014.733, 152
Trd, 000015.600, 132
Trd, 000015.983, 141
Trd, 000017.000, 136
Trd, 000017.617, 153
Trd, 000017.983, 140
Trd, 000019.333, 162
Trd, 000020.283, 110
Trd, 000020.500, 155
Trd, 000020.667, 164
Trd, 000021.483, 164
Trd, 000021.550, 176
Trd, 000022.250, 156
Trd, 000026.017, 150
Trd, 000026.367, 144
Trd, 000026.417, 142
Trd, 000026.767, 162
Trd, 000027.050, 168
Trd, 000028.033, 175
Trd, 000030.200, 166
Trd, 000030.933, 167
Trd, 000031.150, 142
Trd, 000032.183, 164
Trd, 000032.417, 143
Trd, 000032.667, 151
Trd, 000032.883, 146
Trd, 000033.617, 142
Trd, 000033.700, 151
Trd, 000034.583, 164
Trd, 000035.383, 163
Trd, 000036.400, 140
Trd, 000037.033, 163
Trd, 000037.133, 162
Trd, 000037.217, 160
Trd, 000037.517, 151
Trd, 000038.533, 132
Trd, 000040.767, 166
Trd, 000040.967, 126
Trd, 000041.617, 140
Trd, 000042.267, 161
Trd, 000043.300, 151
Trd, 000044.050, 166
Trd, 000044.700, 173
Trd, 000045.433, 131
Trd, 000045.750, 168
Trd, 000046.050, 166
Trd, 000046.717, 178
Trd, 000047.167, 168
Trd, 000047.617, 159
Trd, 000048.083, 152
Trd, 000049.017, 160
Trd, 000050.867, 151
Trd, 000052.017, 161
Trd, 000052.183, 165
Trd, 000052.233, 153
Trd, 000053.617, 148
Trd, 000055.550, 164
Trd, 000056.300, 164
Trd, 000056.467, 161
Trd, 000056.617, 153
Trd, 000057.400, 152
Trd, 000058.383, 167
Trd, 000059.550, 170
Trd, 000060.583, 168
Trd, 000061.833, 177
Trd, 000062.517, 176
Trd, 000063.050, 147
Trd, 000065.783, 169
Trd, 000066.033, 159
Trd, 000066.267, 150
Trd, 000066.933, 166
Trd, 000067.217, 160
Trd, 000068.683, 160
Trd, 000069.083, 158
Trd, 000070.283, 175
Trd, 000070.517, 164
Trd, 000070.550, 140
Trd, 000071.167, 138
Trd, 000071.433, 143
Trd, 000072.533, 141
Trd, 000073.833, 155
Trd, 000076.067, 163
Trd, 000077.500, 160
Trd, 000077.567, 164
Trd, 000078.100, 156
Trd, 000079.300, 154
Trd, 000080.983, 177
Trd, 000081.883, 151
Trd, 000082.600, 149
Trd, 000083.383, 144
Trd, 000083.983, 164
Trd, 000085.367, 170
Trd, 000085.917, 152
Trd, 000088.783, 139
Trd, 000088.883, 144
Trd, 000089.350, 148
Trd, 000089.717, 162
Trd, 000091.350, 165
Trd, 000091.433, 153
Trd, 000091.983, 164
Trd, 000092.800, 156
Trd, 000093.350, 182
Trd, 000094.900, 148
Trd, 000095.367, 149
Trd, 000095.950, 164
Trd, 000096.400, 154
Trd, 000096.450, 144
Trd, 000096.850, 158
Trd, 000098.000, 177
Trd, 000099.583, 154
Trd, 000100.983, 169
Trd, 000101.100, 163
Trd, 000102.433, 171
Trd, 000102.717, 162
Trd, 000103.567, 160
Trd, 000105.533, 156
Trd, 000106.100, 164
Trd, 000106.817, 159
Trd, 000106.833, 166
Trd, 000107.167, 151
Trd, 000107.683, 149
Trd, 000108.583, 153
Trd, 000109.100, 156
Trd, 000110.867, 179
Trd, 000112.233, 173
Trd, 000112.400, 160
Trd, 000113.283, 171
Trd, 000113.517, 151
Trd, 000114.267, 151
Trd, 000115.150, 155
Trd, 000115.700, 162
Trd, 000116.267, 164
Trd, 000116.417, 156
Trd, 000117.117, 147
Trd, 000117.733, 169
Trd, 000117.900, 143
Trd, 000118.467, 162
Trd, 000119.317, 153
Trd, 000121.000, 183
Trd, 000121.383, 156
Trd, 000121.483, 149
Trd, 000122.033, 167
Trd, 000122.300, 162
Trd, 000123.633, 176
Trd, 000124.000, 153
Trd, 000124.383, 161
Trd, 000126.567, 157
Trd, 000126.667, 162
Trd, 000129.933, 163
Trd, 000131.333, 162
Trd, 000131.600, 152
Trd, 000131.917, 158
Trd, 000132.883, 144
Trd, 000133.383, 149
Trd, 000137.183, 161
Trd, 000137.417, 155
Trd, 000138.400, 154
Trd, 000138.917, 167
Trd, 000139.583, 161
Trd, 000139.917, 179
Trd, 000141.650, 173
Trd, 000141.967, 186
Trd, 000142.333, 164
Trd, 000142.583, 154
Trd, 000142.717, 153
Trd, 000143.300, 164
Trd, 000144.033, 167
Trd, 000144.133, 173
Trd, 000144.800, 167
Trd, 000146.017, 133
Trd, 000146.167, 162
Trd, 000146.633, 161
Trd, 000147.267, 146
Trd, 000148.300, 139
Trd, 000149.683, 148
Trd, 000149.967, 146
Trd, 000150.683, 138
Trd, 000150.783, 176
Trd, 000151.567, 164
Trd, 000151.717, 142
Trd, 000152.200, 137
Trd, 000152.667, 160
Trd, 000153.867, 150
Trd, 000154.400, 169
Trd, 000155.067, 153
Trd, 000155.350, 148
Trd, 000155.617, 145
Trd, 000155.967, 123
Trd, 000157.650, 158
Trd, 000157.733, 164
Trd, 000158.533, 153
Trd, 000159.000, 149
Trd, 000159.033, 168
Trd, 000160.983, 129
Trd, 000161.083, 151
Trd, 000162.383, 156
Trd, 000162.617, 162
Trd, 000163.250, 150
Trd, 000163.517, 156
Trd, 000164.683, 132
Trd, 000164.750, 130
Trd, 000166.217, 159
Trd, 000167.700, 167
Trd, 000167.800, 158
Trd, 000168.233, 174
Trd, 000168.800, 158
Trd, 000170.000, 149
Trd, 000171.517, 151
Trd, 000172.250, 129
Trd, 000172.350, 140
Trd, 000173.250, 133
Trd, 000175.067, 148
Trd, 000175.333, 129
Trd, 000175.417, 156
Trd, 000176.350, 153
Trd, 000177.217, 154
Trd, 000178.783, 163
Trd, 000179.917, 174
Trd, 000180.150, 163
Trd, 000181.433, 157
Trd, 000181.450, 148
Trd, 000181.817, 121
Trd, 000181.850, 163
Trd, 000182.133, 151
Trd, 000182.833, 159
Trd, 000183.900, 144
Trd, 000184.450, 165
Trd, 000184.617, 175
Trd, 000185.533, 140
Trd, 000186.150, 131
Trd, 000186.183, 131
Trd, 000187.600, 137
Trd, 000187.833, 148
Trd, 000191.083, 176
Trd, 000191.850, 136
Trd, 000192.683, 140
Trd, 000192.700, 145
Trd, 000195.983, 146
Trd, 000196.400, 191
Trd, 000196.417, 163
Trd, 000196.483, 152
Trd, 000196.850, 170
Trd, 000197.383, 157
Trd, 000197.600, 134
Trd, 000197.867, 140
Trd, 000197.933, 161
Trd, 000199.267, 163
Trd, 000201.200, 164
Trd, 000201.483, 142
Trd, 000202.233, 136
Trd, 000202.700, 174
Trd, 000202.833, 152
Trd, 000206.267, 161
Trd, 000206.417, 155
Trd, 000207.517, 158
Trd, 000208.567, 164
Trd, 000209.850, 159
Trd, 000211.750, 178
Trd, 000211.817, 117
Trd, 000212.933, 177
Trd, 000214.117, 166
Trd, 000214.883, 156
Trd, 000215.400, 161
Trd, 000215.500, 154
Trd, 000216.733, 179
Trd, 000217.150, 178
Trd, 000217.933, 162
Trd, 000220.217, 154
Trd, 000221.167, 151
Trd, 000222.483, 180
Trd, 000222.583, 178
Trd, 000223.083, 160
Trd, 000223.783, 170
Trd, 000224.350, 160
Trd, 000226.600, 162
Trd, 000226.833, 166
Trd, 000227.883, 159
Trd, 000228.383, 176
Trd, 000228.617, 168
Trd, 000230.567, 175
Trd, 000231.183, 114
Trd, 000231.717, 161
Trd, 000232.050, 140
Trd, 000232.233, 184
Trd, 000233.500, 181
Trd, 000235.017, 178
Trd, 000235.867, 163
Trd, 000237.383, 143
Trd, 000237.433, 150
Trd, 000238.017, 141
Trd, 000238.100, 134
Trd, 000238.317, 163
Trd, 000238.650, 168
Trd, 000239.133, 140
Trd, 000241.867, 166
Trd, 000241.917, 152
Trd, 000242.333, 149
Trd, 000242.450, 139
Trd, 000243.017, 148
Trd, 000244.367, 160
Trd, 000245.650, 165
Trd, 000246.367, 186
Trd, 000246.950, 174
Trd, 000247.033, 173
Trd, 000247.800, 169
Trd, 000247.933, 163
Trd, 000248.900, 158
Trd, 000249.783, 157
Trd, 000252.267, 163
Trd, 000252.367, 178
Trd, 000253.017, 172
Trd, 000253.883, 159
Trd, 000253.950, 154
Trd, 000254.667, 152
Trd, 000255.500, 161
Trd, 000256.550, 160
Trd, 000257.467, 143
Trd, 000259.267, 154
Trd, 000260.767, 147
Trd, 000261.517, 145
Trd, 000262.117, 130
Trd, 000262.200, 150
Trd, 000262.767, 136
Trd, 000265.183, 167
Trd, 000266.500, 148
Trd, 000266.550, 141
Trd, 000266.617, 150
Trd, 000266.883, 183
Trd, 000267.133, 163
Trd, 000267.350, 159
Trd, 000269.483, 170
Trd, 000272.067, 139
Trd, 000272.417, 171
Trd, 000272.617, 162
Trd, 000274.533, 152
Trd, 000276.583, 130
Trd, 000276.800, 172
Trd, 000277.650, 184
Trd, 000277.717, 164
Trd, 000277.983, 164
Trd, 000278.383, 158
Trd, 000279.033, 162
Trd, 000280.717, 148
Trd, 000280.917, 141
Trd, 000281.433, 165
Trd, 000282.917, 172
Trd, 000283.100, 160
Trd, 000283.700, 159
Trd, 000285.183, 147
Trd, 000285.267, 159
Trd, 000286.783, 165
Trd, 000287.250, 154
Trd, 000287.267, 165
Trd, 000287.983, 155
Trd, 000288.350, 159
Trd, 000288.933, 155
Trd, 000289.350, 164
Trd, 000291.150, 148
Trd, 000292.483, 171
Trd, 000294.050, 157
Trd, 000294.067, 166
Trd, 000294.283, 160
Trd, 000295.500, 148
Trd, 000296.067, 161
Trd, 000297.183, 170
Trd, 000297.333, 172
Trd, 000297.383, 151
Trd, 000297.600, 137
Trd, 000297.650, 181
Trd, 000297.667, 136
Trd, 000297.983, 165
Trd, 000299.033, 133
Trd, 000299.583, 126
