Trd, 000005.150, 160
Trd, 000005.400, 167
Trd, 000005.450, 148
Trd, 000005.783, 190
Trd, 000007.000, 149
Trd, 000007.167, 162
Trd, 000008.083, 175
Trd, 000010.300, 158
Trd, 000010.500, 171
Trd, 000010.867, 194
Trd, 000011.250, 150
Trd, 000011.483, 159
Trd, 000012.200, 158
Trd, 000014.617, 135
Trd, 000015.167, 172
Trd, 000015.500, 189
Trd, 000015.733, 187
Trd, 000015.983, 161
Trd, 000016.450, 147
Trd, 000016.850, 140
Trd, 000017.133, 151
Trd, 000017.650, 140
Trd, 000018.450, 159
Trd, 000020.567, 159
Trd, 000020.833, 169
Trd, 000020.950, 142
Trd, 000021.600, 175
Trd, 000021.733, 151
Trd, 000022.750, 120
Trd, 000023.533, 158
Trd, 000024.850, 138
Trd, 000025.267, 176
Trd, 000025.883, 183
Trd, 000025.967, 195
Trd, 000026.500, 168
Trd, 000026.717, 156
Trd, 000030.267, 174
Trd, 000030.700, 177
Trd, 000032.317, 171
Trd, 000032.900, 180
Trd, 000032.950, 162
Trd, 000034.017, 141
Trd, 000035.383, 132
Trd, 000035.667, 181
Trd, 000035.883, 187
Trd, 000036.617, 166
Trd, 000037.383, 178
Trd, 000037.683, 178
Trd, 000038.900, 152
Trd, 000040.867, 174
Trd, 000041.067, 165
Trd, 000041.400, 182
Trd, 000042.000, 166
Trd, 000043.067, 174
Trd, 000044.667, 141
Trd, 000045.783, 190
Trd, 000046.500, 158
Trd, 000046.517, 162
Trd, 000046.850, 145
Trd, 000047.233, 159
Trd, 000047.867, 138
Trd, 000048.117, 148
Trd, 000049.483, 148
Trd, 000050.667, 147
Trd, 000050.800, 144
Trd, 000051.167, 188
Trd, 000051.300, 136
Trd, 000052.050, 159
Trd, 000052.750, 143
Trd, 000053.200, 143
Trd, 000054.550, 153
Trd, 000055.917, 173
Trd, 000056.200, 192
Trd, 000057.167, 185
Trd, 000057.567, 169
Trd, 000059.267, 163
Trd, 000059.650, 146
Trd, 000061.033, 186
Trd, 000061.083, 146
Trd, 000061.100, 147
Trd, 000062.417, 153
Trd, 000064.283, 161
Trd, 000065.300, 144
Trd, 000065.700, 179
Trd, 000065.883, 165
Trd, 000066.683, 173
Trd, 000066.700, 179
Trd, 000067.050, 185
Trd, 000069.150, 181
Trd, 000069.600, 155
Trd, 000070.367, 146
Trd, 000070.433, 183
Trd, 000071.000, 182
Trd, 000071.183, 175
Trd, 000071.383, 174
Trd, 000073.933, 176
Trd, 000074.917, 159
Trd, 000076.067, 179
Trd, 000076.300, 177
Trd, 000076.633, 165
Trd, 000076.883, 181
Trd, 000077.167, 181
Trd, 000077.983, 146
Trd, 000078.200, 156
Trd, 000080.700, 197
Trd, 000080.967, 191
Trd, 000081.700, 163
Trd, 000081.767, 162
Trd, 000082.250, 167
Trd, 000084.233, 157
Trd, 000085.683, 165
Trd, 000086.300, 160
Trd, 000086.417, 151
Trd, 000086.833, 157
Trd, 000088.283, 173
Trd, 000089.017, 164
Trd, 000089.967, 154
Trd, 000090.300, 170
Trd, 000090.933, 150
Trd, 000091.333, 175
Trd, 000091.483, 181
Trd, 000092.417, 183
Trd, 000092.767, 166
Trd, 000094.833, 146
Trd, 000094.883, 150
Trd, 000095.000, 140
Trd, 000096.100, 171
Trd, 000096.283, 178
Trd, 000096.383, 176
Trd, 000097.000, 168
Trd, 000097.583, 165
Trd, 000098.633, 131
Trd, 000100.267, 146
Trd, 000101.000, 162
Trd, 000101.450, 179
Trd, 000101.633, 168
Trd, 000102.117, 158
Trd, 000102.550, 163
Trd, 000103.100, 174
Trd, 000105.433, 138
Trd, 000106.367, 146
Trd, 000106.850, 132
Trd, 000107.417, 165
Trd, 000108.117, 156
Trd, 000108.667, 170
Trd, 000108.767, 152
Trd, 000108.950, 158
Trd, 000110.867, 167
Trd, 000111.017, 157
Trd, 000113.033, 174
Trd, 000113.717, 164
Trd, 000114.350, 169
Trd, 000115.700, 168
Trd, 000115.900, 171
Trd, 000116.033, 174
Trd, 000116.100, 136
Trd, 000116.817, 153
Trd, 000116.917, 130
Trd, 000118.417, 161
Trd, 000121.083, 192
Trd, 000121.117, 178
Trd, 000121.133, 176
Trd, 000121.267, 165
Trd, 000121.583, 145
Trd, 000121.783, 141
Trd, 000122.567, 177
Trd, 000125.833, 164
Trd, 000125.900, 150
Trd, 000126.017, 169
Trd, 000126.133, 183
Trd, 000126.300, 177
Trd, 000126.767, 152
Trd, 000127.017, 131
Trd, 000130.217, 139
Trd, 000130.900, 149
Trd, 000131.450, 186
Trd, 000131.617, 178
Trd, 000132.533, 183
Trd, 000132.750, 160
Trd, 000133.117, 138
Trd, 000133.233, 135
Trd, 000133.517, 155
Trd, 000135.183, 156
Trd, 000135.583, 155
Trd, 000136.817, 180
Trd, 000137.333, 167
Trd, 000137.400, 189
Trd, 000138.600, 156
Trd, 000138.967, 174
Trd, 000139.150, 136
Trd, 000140.917, 151
Trd, 000141.350, 186
Trd, 000141.950, 187
Trd, 000142.967, 177
Trd, 000143.717, 164
Trd, 000146.117, 178
Trd, 000147.233, 151
Trd, 000147.467, 142
Trd, 000147.583, 165
Trd, 000147.783, 137
Trd, 000149.000, 151
Trd, 000149.500, 184
Trd, 000150.933, 163
Trd, 000151.133, 148
Trd, 000151.233, 150
Trd, 000151.433, 157
Trd, 000151.983, 142
Trd, 000152.083, 143
Trd, 000152.233, 187
Trd, 000153.167, 158
Trd, 000154.550, 167
Trd, 000156.067, 121
Trd, 000156.233, 178
Trd, 000156.367, 180
Trd, 000156.950, 152
Trd, 000157.883, 153
Trd, 000159.000, 141
Trd, 000159.500, 151
Trd, 000161.000, 178
Trd, 000161.417, 170
Trd, 000161.700, 155
Trd, 000162.100, 178
Trd, 000162.800, 164
Trd, 000162.933, 154
Trd, 000163.850, 145
Trd, 000164.467, 144
Trd, 000165.217, 140
Trd, 000166.050, 146
Trd, 000166.083, 147
Trd, 000166.267, 165
Trd, 000166.333, 143
Trd, 000167.433, 166
Trd, 000167.667, 154
Trd, 000168.050, 155
Trd, 000169.467, 174
Trd, 000169.483, 150
Trd, 000171.133, 184
Trd, 000171.250, 148
Trd, 000171.483, 148
Trd, 000172.150, 154
Trd, 000172.450, 145
Trd, 000173.433, 141
Trd, 000174.267, 173
Trd, 000175.233, 142
Trd, 000175.917, 153
Trd, 000176.350, 122
Trd, 000176.500, 129
Trd, 000176.850, 127
Trd, 000176.983, 160
Trd, 000177.267, 148
Trd, 000178.883, 120
Trd, 000179.983, 146
Trd, 000180.367, 159
Trd, 000181.100, 186
Trd, 000181.267, 195
Trd, 000181.650, 165
Trd, 000182.883, 138
Trd, 000183.267, 157
Trd, 000184.900, 159
Trd, 000185.600, 146
Trd, 000186.083, 163
Trd, 000186.600, 158
Trd, 000186.833, 179
Trd, 000187.567, 132
Trd, 000188.233, 163
Trd, 000188.750, 144
Trd, 000188.967, 171
Trd, 000189.450, 166
Trd, 000190.950, 145
Trd, 000191.750, 171
Trd, 000192.117, 173
Trd, 000192.433, 166
Trd, 000193.333, 162
Trd, 000194.033, 167
Trd, 000194.083, 147
Trd, 000196.500, 151
Trd, 000196.617, 160
Trd, 000197.883, 159
Trd, 000198.483, 171
Trd, 000198.567, 178
Trd, 000200.000, 173
Trd, 000200.383, 155
Trd, 000201.450, 167
Trd, 000202.483, 151
Trd, 000202.600, 152
Trd, 000202.900, 172
Trd, 000203.050, 170
Trd, 000203.883, 175
Trd, 000204.600, 163
Trd, 000205.367, 145
Trd, 000206.367, 196
Trd, 000207.000, 172
Trd, 000207.650, 161
Trd, 000209.000, 168
Trd, 000210.400, 158
Trd, 000211.150, 164
Trd, 000211.433, 189
Trd, 000211.583, 163
Trd, 000212.317, 145
Trd, 000212.600, 158
Trd, 000215.517, 164
Trd, 000216.133, 151
Trd, 000216.317, 189
Trd, 000217.450, 155
Trd, 000218.350, 165
Trd, 000218.767, 176
Trd, 000218.817, 163
Trd, 000219.900, 181
Trd, 000221.300, 119
Trd, 000221.317, 151
Trd, 000221.683, 143
Trd, 000221.933, 148
Trd, 000222.200, 128
Trd, 000222.350, 141
Trd, 000223.067, 167
Trd, 000223.417, 176
Trd, 000226.267, 168
Trd, 000226.683, 189
Trd, 000227.700, 166
Trd, 000227.800, 177
Trd, 000228.400, 176
Trd, 000228.583, 155
Trd, 000230.083, 182
Trd, 000231.500, 146
Trd, 000231.783, 154
Trd, 000231.850, 169
Trd, 000232.533, 191
Trd, 000232.650, 128
Trd, 000234.083, 159
Trd, 000234.850, 182
Trd, 000235.600, 176
Trd, 000236.450, 193
Trd, 000236.500, 153
Trd, 000236.750, 192
Trd, 000237.167, 178
Trd, 000237.467, 153
Trd, 000238.267, 161
Trd, 000239.383, 152
Trd, 000240.367, 151
Trd, 000240.733, 144
Trd, 000241.500, 175
Trd, 000241.517, 157
Trd, 000242.217, 166
Trd, 000242.483, 175
Trd, 000246.167, 162
Trd, 000246.400, 174
Trd, 000246.700, 171
Trd, 000247.050, 182
Trd, 000247.950, 170
Trd, 000248.267, 142
Trd, 000251.317, 153
Trd, 000251.567, 164
Trd, 000252.100, 147
Trd, 000252.233, 161
Trd, 000253.383, 157
Trd, 000253.633, 141
Trd, 000254.917, 198
Trd, 000255.767, 130
Trd, 000256.500, 160
Trd, 000257.067, 146
Trd, 000257.250, 165
Trd, 000257.483, 180
Trd, 000257.617, 177
Trd, 000259.267, 173
Trd, 000259.817, 156
Trd, 000260.400, 175
Trd, 000261.600, 133
Trd, 000262.400, 168
Trd, 000262.433, 156
Trd, 000262.933, 183
Trd, 000264.950, 164
Trd, 000265.200, 172
Trd, 000266.817, 158
Trd, 000267.000, 167
Trd, 000267.667, 138
Trd, 000268.383, 160
Trd, 000268.633, 152
Trd, 000269.667, 165
Trd, 000270.450, 163
Trd, 000271.950, 179
Trd, 000272.150, 179
Trd, 000273.333, 171
Trd, 000273.800, 191
Trd, 000274.183, 146
Trd, 000274.567, 174
Trd, 000274.800, 142
Trd, 000275.717, 159
Trd, 000276.800, 158
Trd, 000277.117, 177
Trd, 000277.150, 156
Trd, 000278.217, 181
Trd, 000278.300, 148
Trd, 000278.317, 155
Trd, 000281.550, 194
Trd, 000281.967, 162
Trd, 000282.300, 157
Trd, 000283.217, 158
Trd, 000283.933, 159
Trd, 000285.617, 154
Trd, 000286.367, 189
Trd, 000286.950, 179
Trd, 000287.817, 179
Trd, 000288.533, 168
Trd, 000289.467, 157
Trd, 000290.350, 154
Trd, 000290.567, 175
Trd, 000292.017, 145
Trd, 000292.117, 166
Trd, 000292.600, 165
Trd, 000293.217, 143
Trd, 000293.450, 166
Trd, 000294.117, 153
Trd, 000297.017, 167
Trd, 000297.850, 157
Trd, 000297.900, 161
Trd, 000298.417, 160
