Trd, 000005.233, 140
Trd, 000005.750, 148
Trd, 000005.783, 154
Trd, 000006.200, 155
Trd, 000006.417, 153
Trd, 000009.967, 155
Trd, 000010.250, 127
Trd, 000010.483, 158
Trd, 000010.900, 171
Trd, 000011.200, 161
Trd, 000013.017, 153
Trd, 000015.517, 179
Trd, 000016.600, 187
Trd, 000016.733, 159
Trd, 000016.950, 155
Trd, 000017.067, 158
Trd, 000020.617, 175
Trd, 000020.933, 183
Trd, 000021.367, 165
Trd, 000023.900, 173
Trd, 000025.217, 152
Trd, 000025.433, 153
Trd, 000026.267, 161
Trd, 000026.567, 146
Trd, 000026.917, 167
Trd, 000027.617, 151
Trd, 000028.900, 148
Trd, 000029.000, 161
Trd, 000029.617, 148
Trd, 000031.300, 179
Trd, 000032.317, 158
Trd, 000033.467, 155
Trd, 000035.150, 170
Trd, 000036.300, 149
Trd, 000036.483, 154
Trd, 000036.617, 160
Trd, 000036.933, 143
Trd, 000037.217, 140
Trd, 000039.350, 160
Trd, 000040.567, 185
Trd, 000041.217, 160
Trd, 000042.000, 165
Trd, 000042.300, 160
Trd, 000043.050, 158
Trd, 000043.450, 153
Trd, 000043.933, 150
Trd, 000045.900, 164
Trd, 000048.550, 164
Trd, 000048.750, 158
Trd, 000049.483, 152
Trd, 000050.567, 165
Trd, 000050.667, 161
Trd, 000051.017, 159
Trd, 000052.517, 154
Trd, 000053.533, 153
Trd, 000054.433, 177
Trd, 000055.367, 110
Trd, 000055.633, 141
Trd, 000056.550, 164
Trd, 000056.867, 169
Trd, 000061.150, 177
Trd, 000061.517, 162
Trd, 000061.783, 162
Trd, 000064.000, 164
Trd, 000064.717, 147
Trd, 000065.833, 178
Trd, 000066.400, 163
Trd, 000067.167, 176
Trd, 000067.533, 152
Trd, 000068.350, 161
Trd, 000070.800, 178
Trd, 000071.450, 149
Trd, 000071.717, 153
Trd, 000072.217, 155
Trd, 000072.333, 144
Trd, 000074.000, 155
Trd, 000074.367, 181
Trd, 000075.533, 142
Trd, 000077.317, 176
Trd, 000077.417, 181
Trd, 000078.417, 179
Trd, 000078.700, 171
Trd, 000081.300, 155
Trd, 000082.350, 153
Trd, 000082.383, 176
Trd, 000083.600, 182
Trd, 000084.567, 165
Trd, 000086.300, 177
Trd, 000086.483, 170
Trd, 000086.583, 157
Trd, 000087.167, 153
Trd, 000087.767, 142
Trd, 000090.617, 178
Trd, 000090.817, 128
Trd, 000091.000, 152
Trd, 000091.783, 185
Trd, 000094.517, 155
Trd, 000095.967, 190
Trd, 000096.983, 182
Trd, 000098.283, 179
Trd, 000098.417, 174
Trd, 000099.083, 162
Trd, 000101.800, 172
Trd, 000102.217, 159
Trd, 000102.450, 153
Trd, 000102.767, 169
Trd, 000104.667, 178
Trd, 000106.933, 162
Trd, 000107.183, 160
Trd, 000109.050, 179
Trd, 000111.833, 182
Trd, 000111.900, 178
Trd, 000112.667, 147
Trd, 000112.817, 146
Trd, 000113.050, 148
Trd, 000115.067, 171
Trd, 000116.817, 154
Trd, 000117.583, 160
Trd, 000117.783, 165
Trd, 000118.950, 178
Trd, 000119.283, 190
Trd, 000119.550, 179
Trd, 000121.383, 178
Trd, 000122.650, 157
Trd, 000123.150, 166
Trd, 000123.933, 168
Trd, 000124.767, 175
Trd, 000125.417, 164
Trd, 000125.433, 152
Trd, 000126.200, 179
Trd, 000126.250, 150
Trd, 000126.800, 152
Trd, 000127.200, 154
Trd, 000128.567, 180
Trd, 000128.800, 161
Trd, 000130.983, 191
Trd, 000131.217, 157
Trd, 000131.317, 125
Trd, 000132.317, 157
Trd, 000132.683, 171
Trd, 000134.550, 179
Trd, 000136.333, 148
Trd, 000136.383, 149
Trd, 000136.917, 155
Trd, 000137.083, 166
Trd, 000138.450, 170
Trd, 000140.100, 171
Trd, 000141.400, 187
Trd, 000141.600, 151
Trd, 000141.867, 175
Trd, 000143.883, 154
Trd, 000144.633, 150
Trd, 000146.133, 165
Trd, 000146.533, 170
Trd, 000147.067, 169
Trd, 000147.300, 163
Trd, 000149.467, 190
Trd, 000150.817, 153
Trd, 000151.217, 152
Trd, 000152.300, 178
Trd, 000154.133, 156
Trd, 000156.517, 169
Trd, 000156.617, 162
Trd, 000157.150, 155
Trd, 000157.950, 170
Trd, 000158.167, 153
Trd, 000161.217, 160
Trd, 000162.150, 155
Trd, 000162.433, 151
Trd, 000162.750, 155
Trd, 000163.200, 151
Trd, 000163.983, 150
Trd, 000165.267, 151
Trd, 000166.083, 122
Trd, 000166.767, 137
Trd, 000166.867, 150
Trd, 000167.250, 167
Trd, 000168.983, 164
Trd, 000171.283, 163
Trd, 000171.983, 177
Trd, 000172.400, 175
Trd, 000172.900, 153
Trd, 000175.900, 156
Trd, 000176.183, 158
Trd, 000177.867, 147
Trd, 000179.317, 165
Trd, 000179.417, 153
Trd, 000179.800, 182
Trd, 000179.850, 149
Trd, 000181.717, 134
Trd, 000181.883, 164
Trd, 000182.033, 138
Trd, 000182.700, 178
Trd, 000183.467, 167
Trd, 000184.433, 162
Trd, 000184.783, 174
Trd, 000186.483, 179
Trd, 000188.000, 176
Trd, 000188.467, 170
Trd, 000188.967, 164
Trd, 000189.150, 151
Trd, 000191.217, 165
Trd, 000191.667, 176
Trd, 000192.900, 153
Trd, 000194.100, 164
Trd, 000194.767, 149
Trd, 000195.933, 140
Trd, 000196.517, 176
Trd, 000196.550, 159
Trd, 000198.300, 170
Trd, 000198.633, 160
Trd, 000199.683, 152
Trd, 000200.233, 151
Trd, 000202.533, 153
Trd, 000202.817, 158
Trd, 000203.517, 169
Trd, 000204.350, 158
Trd, 000205.000, 168
Trd, 000207.133, 156
Trd, 000207.500, 179
Trd, 000207.883, 140
Trd, 000208.233, 121
Trd, 000209.583, 153
Trd, 000210.867, 179
Trd, 000211.233, 173
Trd, 000212.467, 184
Trd, 000213.133, 163
Trd, 000213.767, 164
Trd, 000214.483, 159
Trd, 000214.850, 174
Trd, 000216.717, 166
Trd, 000217.267, 135
Trd, 000217.600, 139
Trd, 000219.167, 148
Trd, 000219.983, 187
Trd, 000220.267, 145
Trd, 000220.833, 182
Trd, 000221.533, 153
Trd, 000222.250, 140
Trd, 000222.267, 153
Trd, 000222.533, 134
Trd, 000222.900, 174
Trd, 000223.417, 179
Trd, 000224.567, 169
Trd, 000225.333, 153
Trd, 000225.383, 129
Trd, 000226.183, 130
Trd, 000226.583, 164
Trd, 000226.783, 162
Trd, 000227.483, 163
Trd, 000229.100, 151
Trd, 000229.167, 142
Trd, 000231.683, 179
Trd, 000232.100, 177
Trd, 000232.883, 157
Trd, 000233.000, 171
Trd, 000236.533, 176
Trd, 000237.200, 174
Trd, 000238.167, 146
Trd, 000238.533, 167
Trd, 000239.600, 162
Trd, 000241.017, 163
Trd, 000242.000, 174
Trd, 000242.650, 156
Trd, 000242.900, 153
Trd, 000244.117, 164
Trd, 000246.617, 177
Trd, 000247.117, 151
Trd, 000247.300, 150
Trd, 000248.417, 159
Trd, 000249.550, 146
Trd, 000251.483, 179
Trd, 000253.017, 164
Trd, 000255.517, 178
Trd, 000256.033, 176
Trd, 000256.417, 147
Trd, 000256.900, 166
Trd, 000257.517, 129
Trd, 000259.067, 164
Trd, 000259.117, 169
Trd, 000259.533, 148
Trd, 000261.750, 120
Trd, 000261.883, 167
Trd, 000262.917, 148
Trd, 000265.217, 159
Trd, 000266.350, 137
Trd, 000267.250, 177
Trd, 000269.783, 158
Trd, 000270.267, 165
Trd, 000271.733, 186
Trd, 000271.967, 179
Trd, 000272.033, 147
Trd, 000272.850, 160
Trd, 000273.933, 174
Trd, 000273.983, 172
Trd, 000274.383, 166
Trd, 000274.817, 163
Trd, 000276.750, 178
Trd, 000277.017, 153
Trd, 000277.567, 170
Trd, 000279.767, 165
Trd, 000280.683, 161
Trd, 000281.883, 179
Trd, 000281.917, 161
Trd, 000283.833, 165
Trd, 000283.883, 166
Trd, 000286.350, 153
Trd, 000286.567, 162
Trd, 000287.317, 179
Trd, 000288.983, 159
Trd, 000290.083, 165
Trd, 000291.950, 172
Trd, 000292.050, 137
Trd, 000292.333, 136
Trd, 000293.100, 161
Trd, 000293.517, 164
Trd, 000295.183, 167
Trd, 000296.867, 178
Trd, 000297.650, 179
Trd, 000297.900, 177
Trd, 000297.933, 155
Trd, 000298.517, 153
Trd, 000298.583, 182
Trd, 000298.933, 148
