Trd, 000005.117, 139
Trd, 000005.367, 115
Trd, 000005.483, 129
Trd, 000005.500, 135
Trd, 000005.917, 130
Trd, 000006.250, 107
Trd, 000006.633, 147
Trd, 000006.733, 149
Trd, 000007.417, 149
Trd, 000008.400, 135
Trd, 000010.150, 134
Trd, 000010.400, 151
Trd, 000011.583, 171
Trd, 000012.117, 161
Trd, 000012.367, 154
Trd, 000012.850, 165
Trd, 000014.200, 149
Trd, 000014.283, 147
Trd, 000014.867, 140
Trd, 000015.183, 146
Trd, 000016.400, 180
Trd, 000016.917, 146
Trd, 000017.033, 142
Trd, 000017.333, 154
Trd, 000017.817, 164
Trd, 000019.300, 153
Trd, 000020.450, 124
Trd, 000020.683, 150
Trd, 000021.033, 160
Trd, 000021.533, 154
Trd, 000021.767, 159
Trd, 000021.950, 129
Trd, 000022.533, 150
Trd, 000023.967, 134
Trd, 000025.300, 142
Trd, 000025.583, 151
Trd, 000025.683, 169
Trd, 000026.467, 154
Trd, 000027.083, 141
Trd, 000027.200, 147
Trd, 000029.033, 149
Trd, 000030.317, 176
Trd, 000030.533, 166
Trd, 000030.800, 121
Trd, 000031.283, 159
Trd, 000031.433, 148
Trd, 000031.567, 134
Trd, 000031.633, 171
Trd, 000031.650, 162
Trd, 000032.667, 135
Trd, 000033.467, 170
Trd, 000035.400, 168
Trd, 000035.617, 155
Trd, 000035.800, 128
Trd, 000036.283, 128
Trd, 000037.267, 164
Trd, 000037.800, 159
Trd, 000037.933, 158
Trd, 000038.867, 163
Trd, 000039.350, 132
Trd, 000039.500, 175
Trd, 000040.600, 167
Trd, 000040.617, 139
Trd, 000040.750, 155
Trd, 000041.217, 191
Trd, 000041.267, 174
Trd, 000041.867, 147
Trd, 000044.683, 155
Trd, 000045.617, 172
Trd, 000045.850, 169
Trd, 000045.933, 169
Trd, 000046.150, 185
Trd, 000046.367, 146
Trd, 000049.083, 140
Trd, 000049.617, 146
Trd, 000050.783, 125
Trd, 000051.200, 154
Trd, 000051.650, 148
Trd, 000051.917, 157
Trd, 000052.117, 164
Trd, 000052.800, 158
Trd, 000054.750, 153
Trd, 000055.650, 145
Trd, 000055.967, 163
Trd, 000056.167, 145
Trd, 000056.283, 168
Trd, 000056.667, 137
Trd, 000057.983, 131
Trd, 000060.050, 164
Trd, 000060.400, 128
Trd, 000060.467, 163
Trd, 000061.067, 159
Trd, 000062.183, 145
Trd, 000062.517, 132
Trd, 000063.383, 163
Trd, 000063.933, 154
Trd, 000064.167, 137
Trd, 000064.900, 183
Trd, 000065.100, 136
Trd, 000066.050, 142
Trd, 000066.600, 152
Trd, 000067.100, 166
Trd, 000067.567, 167
Trd, 000068.250, 148
Trd, 000069.017, 144
Trd, 000069.300, 136
Trd, 000070.983, 136
Trd, 000071.000, 146
Trd, 000072.217, 167
Trd, 000072.883, 148
Trd, 000073.083, 155
Trd, 000073.533, 146
Trd, 000074.200, 148
Trd, 000075.017, 156
Trd, 000075.733, 181
Trd, 000075.933, 189
Trd, 000076.350, 186
Trd, 000076.417, 169
Trd, 000077.550, 167
Trd, 000077.883, 162
Trd, 000079.133, 144
Trd, 000079.667, 137
Trd, 000080.233, 128
Trd, 000080.750, 165
Trd, 000081.700, 149
Trd, 000081.833, 149
Trd, 000082.617, 145
Trd, 000083.517, 141
Trd, 000083.900, 162
Trd, 000084.700, 139
Trd, 000086.267, 125
Trd, 000086.433, 151
Trd, 000086.550, 160
Trd, 000086.733, 156
Trd, 000086.850, 174
Trd, 000087.450, 141
Trd, 000087.750, 170
Trd, 000090.433, 148
Trd, 000090.967, 137
Trd, 000091.700, 185
Trd, 000091.783, 188
Trd, 000091.950, 165
Trd, 000092.983, 160
Trd, 000093.917, 156
Trd, 000094.433, 162
Trd, 000094.617, 145
Trd, 000095.300, 130
Trd, 000095.733, 181
Trd, 000095.933, 138
Trd, 000096.367, 146
Trd, 000096.883, 137
Trd, 000097.367, 154
Trd, 000097.950, 156
Trd, 000098.317, 139
Trd, 000099.350, 147
Trd, 000100.967, 178
Trd, 000101.000, 172
Trd, 000102.100, 158
Trd, 000102.517, 152
Trd, 000102.900, 158
Trd, 000103.933, 150
Trd, 000105.433, 157
Trd, 000106.350, 169
Trd, 000106.700, 154
Trd, 000107.400, 143
Trd, 000108.250, 148
Trd, 000108.383, 150
Trd, 000108.817, 137
Trd, 000108.883, 181
Trd, 000109.850, 137
Trd, 000110.617, 141
Trd, 000111.217, 183
Trd, 000111.367, 171
Trd, 000111.417, 165
Trd, 000111.517, 152
Trd, 000111.783, 128
Trd, 000112.650, 178
Trd, 000114.050, 158
Trd, 000114.283, 140
Trd, 000116.167, 159
Trd, 000116.217, 125
Trd, 000116.233, 137
Trd, 000117.250, 164
Trd, 000117.417, 151
Trd, 000117.933, 153
Trd, 000118.233, 134
Trd, 000118.867, 143
Trd, 000120.900, 187
Trd, 000121.350, 123
Trd, 000121.700, 143
Trd, 000121.933, 147
Trd, 000122.217, 128
Trd, 000122.733, 159
Trd, 000122.817, 121
Trd, 000123.333, 173
Trd, 000124.750, 155
Trd, 000125.233, 144
Trd, 000126.267, 145
Trd, 000126.600, 150
Trd, 000126.800, 167
Trd, 000127.083, 167
Trd, 000127.900, 149
Trd, 000130.817, 175
Trd, 000130.900, 183
Trd, 000132.083, 153
Trd, 000132.567, 141
Trd, 000133.350, 172
Trd, 000134.050, 149
Trd, 000134.767, 163
Trd, 000135.050, 167
Trd, 000136.150, 131
Trd, 000136.717, 156
Trd, 000137.217, 141
Trd, 000137.233, 163
Trd, 000137.717, 185
Trd, 000137.817, 133
Trd, 000139.117, 144
Trd, 000140.233, 154
Trd, 000141.050, 175
Trd, 000141.133, 166
Trd, 000141.583, 152
Trd, 000142.033, 160
Trd, 000142.467, 147
Trd, 000143.817, 161
Trd, 000144.600, 146
Trd, 000144.617, 179
Trd, 000145.900, 148
Trd, 000146.033, 123
Trd, 000146.150, 159
Trd, 000146.667, 169
Trd, 000147.283, 145
Trd, 000147.600, 143
Trd, 000147.617, 177
Trd, 000147.917, 141
Trd, 000150.183, 164
Trd, 000150.917, 130
Trd, 000151.600, 175
Trd, 000151.933, 159
Trd, 000152.683, 151
Trd, 000153.617, 141
Trd, 000154.217, 142
Trd, 000154.500, 159
Trd, 000155.517, 172
Trd, 000155.850, 151
Trd, 000156.533, 149
Trd, 000157.750, 156
Trd, 000158.250, 175
Trd, 000159.167, 144
Trd, 000159.183, 134
Trd, 000160.233, 165
Trd, 000161.650, 117
Trd, 000161.950, 131
Trd, 000162.067, 152
Trd, 000162.550, 160
Trd, 000162.883, 167
Trd, 000162.950, 163
Trd, 000163.550, 151
Trd, 000163.600, 157
Trd, 000163.950, 139
Trd, 000166.083, 183
Trd, 000166.700, 164
Trd, 000166.767, 147
Trd, 000167.250, 176
Trd, 000167.950, 136
Trd, 000168.283, 132
Trd, 000170.500, 170
Trd, 000171.450, 153
Trd, 000172.017, 149
Trd, 000172.033, 140
Trd, 000172.133, 153
Trd, 000172.300, 167
Trd, 000172.767, 164
Trd, 000173.700, 161
Trd, 000174.167, 158
Trd, 000174.883, 142
Trd, 000174.950, 136
Trd, 000175.700, 159
Trd, 000176.700, 135
Trd, 000176.783, 145
Trd, 000176.950, 118
Trd, 000178.000, 148
Trd, 000178.233, 126
Trd, 000178.850, 170
Trd, 000179.583, 162
Trd, 000180.900, 173
Trd, 000181.617, 150
Trd, 000182.700, 169
Trd, 000183.917, 161
Trd, 000184.317, 156
Trd, 000184.400, 155
Trd, 000186.483, 164
Trd, 000186.567, 150
Trd, 000186.650, 146
Trd, 000186.800, 164
Trd, 000187.967, 152
Trd, 000188.517, 149
Trd, 000189.167, 141
Trd, 000189.450, 166
Trd, 000190.150, 140
Trd, 000190.283, 161
Trd, 000190.767, 146
Trd, 000191.050, 136
Trd, 000191.767, 139
Trd, 000192.217, 142
Trd, 000192.467, 158
Trd, 000193.783, 163
Trd, 000196.800, 150
Trd, 000197.067, 166
Trd, 000197.283, 158
Trd, 000197.767, 150
Trd, 000198.033, 160
Trd, 000198.917, 163
Trd, 000201.400, 169
Trd, 000201.767, 173
Trd, 000202.400, 164
Trd, 000203.500, 160
Trd, 000203.733, 158
Trd, 000205.083, 141
Trd, 000205.800, 163
Trd, 000206.233, 172
Trd, 000206.383, 124
Trd, 000206.533, 105
Trd, 000206.750, 128
Trd, 000207.967, 152
Trd, 000208.200, 151
Trd, 000208.833, 145
Trd, 000209.150, 160
Trd, 000209.567, 140
Trd, 000210.233, 152
Trd, 000211.200, 128
Trd, 000211.333, 111
Trd, 000211.600, 135
Trd, 000211.917, 135
Trd, 000212.383, 163
Trd, 000212.550, 133
Trd, 000212.917, 147
Trd, 000213.817, 161
Trd, 000214.150, 168
Trd, 000216.600, 155
Trd, 000217.083, 165
Trd, 000217.233, 155
Trd, 000217.700, 172
Trd, 000217.967, 149
Trd, 000218.650, 155
Trd, 000218.850, 160
Trd, 000219.350, 147
Trd, 000219.550, 145
Trd, 000219.817, 141
Trd, 000220.517, 174
Trd, 000221.400, 177
Trd, 000222.817, 161
Trd, 000222.833, 145
Trd, 000223.217, 169
Trd, 000223.333, 170
Trd, 000225.033, 163
Trd, 000226.067, 153
Trd, 000226.367, 156
Trd, 000226.417, 188
Trd, 000226.750, 162
Trd, 000227.350, 154
Trd, 000227.767, 154
Trd, 000227.850, 166
Trd, 000228.133, 142
Trd, 000229.400, 152
Trd, 000231.433, 179
Trd, 000231.500, 175
Trd, 000232.733, 158
Trd, 000232.850, 161
Trd, 000232.867, 168
Trd, 000233.333, 172
Trd, 000234.083, 155
Trd, 000236.267, 153
Trd, 000236.400, 140
Trd, 000236.917, 139
Trd, 000237.033, 163
Trd, 000237.650, 170
Trd, 000237.900, 146
Trd, 000238.833, 167
Trd, 000240.617, 146
Trd, 000241.800, 158
Trd, 000241.950, 159
Trd, 000242.583, 138
Trd, 000243.083, 161
Trd, 000243.417, 165
Trd, 000244.600, 178
Trd, 000245.683, 163
Trd, 000246.500, 115
Trd, 000246.683, 137
Trd, 000247.433, 164
Trd, 000248.650, 148
Trd, 000249.333, 147
Trd, 000249.533, 139
Trd, 000249.750, 133
Trd, 000251.417, 147
Trd, 000251.683, 142
Trd, 000253.067, 151
Trd, 000253.867, 161
Trd, 000254.233, 150
Trd, 000255.133, 159
Trd, 000255.900, 144
Trd, 000256.300, 194
Trd, 000256.650, 180
Trd, 000257.350, 174
Trd, 000257.617, 158
Trd, 000258.050, 146
Trd, 000259.517, 161
Trd, 000260.450, 174
Trd, 000260.617, 152
Trd, 000261.367, 171
Trd, 000262.067, 167
Trd, 000262.467, 168
Trd, 000263.217, 149
Trd, 000263.233, 151
Trd, 000266.167, 167
Trd, 000266.867, 155
Trd, 000267.283, 165
Trd, 000267.417, 171
Trd, 000267.450, 156
Trd, 000268.050, 147
Trd, 000268.417, 152
Trd, 000268.817, 152
Trd, 000268.883, 145
Trd, 000269.150, 154
Trd, 000271.550, 152
Trd, 000271.800, 162
Trd, 000272.067, 169
Trd, 000272.800, 154
Trd, 000273.267, 155
Trd, 000274.800, 169
Trd, 000275.833, 162
Trd, 000276.517, 124
Trd, 000276.933, 161
Trd, 000277.450, 156
Trd, 000278.167, 136
Trd, 000278.533, 155
Trd, 000279.250, 158
Trd, 000279.917, 164
Trd, 000280.283, 145
Trd, 000281.550, 133
Trd, 000282.017, 136
Trd, 000283.100, 128
Trd, 000283.500, 150
Trd, 000283.583, 151
Trd, 000284.267, 128
Trd, 000284.700, 128
Trd, 000284.783, 131
Trd, 000285.317, 159
Trd, 000287.217, 163
Trd, 000287.367, 141
Trd, 000287.433, 164
Trd, 000287.967, 148
Trd, 000288.067, 152
Trd, 000288.483, 142
Trd, 000288.967, 162
Trd, 000289.167, 156
Trd, 000291.800, 154
Trd, 000291.900, 165
Trd, 000292.117, 189
Trd, 000292.350, 172
Trd, 000293.083, 155
Trd, 000293.583, 191
Trd, 000294.217, 163
Trd, 000295.133, 138
Trd, 000297.400, 158
Trd, 000297.433, 142
Trd, 000297.817, 146
Trd, 000298.033, 145
Trd, 000298.050, 152
Trd, 000299.317, 141
Trd, 000299.483, 144
