Trd, 000005.150, 102
Trd, 000005.517, 137
Trd, 000005.533, 147
Trd, 000005.850, 126
Trd, 000006.200, 129
Trd, 000006.450, 133
Trd, 000006.833, 137
Trd, 000007.633, 139
Trd, 000008.200, 135
Trd, 000008.800, 153
Trd, 000010.933, 164
Trd, 000012.250, 149
Trd, 000014.400, 151
Trd, 000014.500, 153
Trd, 000015.467, 159
Trd, 000015.950, 161
Trd, 000016.317, 176
Trd, 000016.383, 153
Trd, 000017.483, 174
Trd, 000017.567, 152
Trd, 000020.133, 139
Trd, 000020.633, 169
Trd, 000021.400, 145
Trd, 000021.583, 148
Trd, 000023.950, 152
Trd, 000024.033, 148
Trd, 000024.150, 158
Trd, 000025.717, 153
Trd, 000026.300, 155
Trd, 000027.267, 146
Trd, 000027.567, 157
Trd, 000029.350, 153
Trd, 000029.617, 150
Trd, 000030.867, 167
Trd, 000031.167, 163
Trd, 000031.450, 139
Trd, 000031.717, 162
Trd, 000032.467, 146
Trd, 000034.083, 150
Trd, 000034.867, 157
Trd, 000036.150, 173
Trd, 000036.233, 164
Trd, 000036.933, 143
Trd, 000037.800, 172
Trd, 000038.217, 152
Trd, 000039.650, 165
Trd, 000040.533, 178
Trd, 000042.217, 168
Trd, 000042.633, 180
Trd, 000043.617, 166
Trd, 000044.683, 146
Trd, 000045.883, 140
Trd, 000046.067, 137
Trd, 000046.583, 142
Trd, 000046.967, 143
Trd, 000047.117, 144
Trd, 000049.667, 152
Trd, 000050.550, 159
Trd, 000050.583, 139
Trd, 000051.050, 131
Trd, 000051.067, 130
Trd, 000052.883, 135
Trd, 000054.050, 175
Trd, 000055.150, 164
Trd, 000055.633, 142
Trd, 000055.750, 143
Trd, 000056.300, 154
Trd, 000058.033, 162
Trd, 000060.517, 159
Trd, 000061.467, 143
Trd, 000061.600, 127
Trd, 000061.617, 160
Trd, 000062.017, 133
Trd, 000063.517, 156
Trd, 000065.483, 127
Trd, 000066.100, 155
Trd, 000066.417, 163
Trd, 000066.717, 140
Trd, 000066.783, 144
Trd, 000068.083, 168
Trd, 000068.117, 134
Trd, 000069.583, 162
Trd, 000070.483, 174
Trd, 000070.767, 150
Trd, 000071.217, 137
Trd, 000071.233, 151
Trd, 000071.733, 137
Trd, 000072.017, 157
Trd, 000072.200, 150
Trd, 000073.350, 175
Trd, 000075.867, 128
Trd, 000076.483, 173
Trd, 000076.567, 166
Trd, 000078.033, 160
Trd, 000079.150, 166
Trd, 000080.683, 114
Trd, 000080.750, 155
Trd, 000081.217, 171
Trd, 000081.567, 167
Trd, 000082.383, 176
Trd, 000083.683, 149
Trd, 000084.500, 146
Trd, 000084.667, 144
Trd, 000085.617, 153
Trd, 000085.767, 160
Trd, 000086.400, 133
Trd, 000086.583, 129
Trd, 000087.850, 171
Trd, 000088.567, 154
Trd, 000090.050, 173
Trd, 000090.317, 159
Trd, 000090.717, 164
Trd, 000091.000, 138
Trd, 000091.083, 156
Trd, 000092.967, 171
Trd, 000093.017, 164
Trd, 000093.633, 139
Trd, 000093.967, 135
Trd, 000096.033, 141
Trd, 000096.067, 142
Trd, 000096.550, 135
Trd, 000096.733, 161
Trd, 000098.350, 149
Trd, 000100.500, 157
Trd, 000101.967, 167
Trd, 000102.067, 141
Trd, 000104.867, 166
Trd, 000104.917, 162
Trd, 000106.083, 166
Trd, 000107.183, 170
Trd, 000107.533, 169
Trd, 000107.900, 162
Trd, 000109.283, 164
Trd, 000110.467, 162
Trd, 000111.667, 144
Trd, 000112.800, 162
Trd, 000113.050, 166
Trd, 000113.850, 168
Trd, 000115.917, 158
Trd, 000117.700, 149
Trd, 000118.417, 143
Trd, 000118.433, 174
Trd, 000119.333, 147
Trd, 000119.433, 139
Trd, 000121.167, 154
Trd, 000121.317, 135
Trd, 000121.467, 131
Trd, 000122.117, 153
Trd, 000122.183, 159
Trd, 000123.050, 163
Trd, 000123.233, 140
Trd, 000124.367, 140
Trd, 000125.083, 135
Trd, 000126.250, 153
Trd, 000126.517, 174
Trd, 000126.833, 163
Trd, 000128.050, 154
Trd, 000128.983, 156
Trd, 000129.133, 157
Trd, 000129.217, 151
Trd, 000129.367, 140
Trd, 000131.483, 156
Trd, 000132.667, 155
Trd, 000133.400, 156
Trd, 000134.217, 158
Trd, 000134.933, 158
Trd, 000135.700, 163
Trd, 000136.450, 166
Trd, 000137.667, 147
Trd, 000138.783, 145
Trd, 000139.433, 147
Trd, 000140.550, 169
Trd, 000141.417, 163
Trd, 000141.950, 157
Trd, 000142.233, 164
Trd, 000142.450, 156
Trd, 000143.217, 141
Trd, 000145.417, 163
Trd, 000146.517, 166
Trd, 000147.367, 163
Trd, 000148.033, 170
Trd, 000149.583, 138
Trd, 000150.833, 138
Trd, 000151.350, 178
Trd, 000151.450, 129
Trd, 000152.517, 148
Trd, 000152.800, 151
Trd, 000153.050, 163
Trd, 000153.367, 150
Trd, 000153.467, 141
Trd, 000154.417, 135
Trd, 000154.433, 154
Trd, 000155.400, 166
Trd, 000155.567, 161
Trd, 000156.017, 123
Trd, 000156.100, 127
Trd, 000156.683, 157
Trd, 000157.383, 158
Trd, 000158.617, 156
Trd, 000160.967, 155
Trd, 000161.533, 165
Trd, 000161.600, 159
Trd, 000161.950, 139
Trd, 000162.317, 166
Trd, 000162.517, 140
Trd, 000163.867, 165
Trd, 000164.617, 151
Trd, 000166.083, 133
Trd, 000166.700, 129
Trd, 000169.183, 152
Trd, 000169.617, 144
Trd, 000170.067, 145
Trd, 000170.783, 146
Trd, 000171.917, 123
Trd, 000171.933, 158
Trd, 000172.500, 173
Trd, 000172.867, 157
Trd, 000173.200, 153
Trd, 000175.167, 150
Trd, 000177.083, 179
Trd, 000177.317, 151
Trd, 000178.383, 152
Trd, 000178.567, 181
Trd, 000179.100, 140
Trd, 000179.783, 149
Trd, 000181.033, 123
Trd, 000181.467, 162
Trd, 000181.717, 162
Trd, 000181.767, 153
Trd, 000182.083, 142
Trd, 000182.183, 166
Trd, 000182.467, 163
Trd, 000183.067, 149
Trd, 000185.317, 148
Trd, 000186.717, 133
Trd, 000187.200, 156
Trd, 000187.817, 158
Trd, 000188.517, 159
Trd, 000190.083, 158
Trd, 000191.167, 174
Trd, 000191.700, 134
Trd, 000192.217, 146
Trd, 000192.267, 161
Trd, 000192.400, 162
Trd, 000195.267, 183
Trd, 000195.883, 192
Trd, 000196.200, 159
Trd, 000197.217, 165
Trd, 000197.750, 173
Trd, 000198.450, 157
Trd, 000198.717, 160
Trd, 000198.767, 149
Trd, 000200.967, 175
Trd, 000201.917, 160
Trd, 000202.167, 154
Trd, 000202.217, 161
Trd, 000202.233, 137
Trd, 000203.083, 167
Trd, 000204.650, 182
Trd, 000205.150, 147
Trd, 000206.283, 126
Trd, 000206.700, 158
Trd, 000206.833, 137
Trd, 000208.067, 152
Trd, 000208.900, 165
Trd, 000209.117, 156
Trd, 000211.267, 151
Trd, 000211.533, 161
Trd, 000214.133, 164
Trd, 000214.250, 161
Trd, 000214.450, 158
Trd, 000215.733, 152
Trd, 000216.583, 174
Trd, 000216.817, 170
Trd, 000217.183, 137
Trd, 000217.500, 142
Trd, 000218.433, 140
Trd, 000221.567, 166
Trd, 000221.600, 151
Trd, 000221.850, 166
Trd, 000222.050, 171
Trd, 000223.833, 185
Trd, 000224.517, 162
Trd, 000226.450, 160
Trd, 000226.883, 147
Trd, 000227.517, 161
Trd, 000228.533, 162
Trd, 000229.083, 138
Trd, 000230.267, 173
Trd, 000231.100, 175
Trd, 000231.300, 164
Trd, 000231.867, 175
Trd, 000232.367, 171
Trd, 000233.167, 159
Trd, 000234.917, 151
Trd, 000235.917, 152
Trd, 000236.000, 159
Trd, 000237.067, 164
Trd, 000238.900, 149
Trd, 000241.300, 147
Trd, 000242.033, 160
Trd, 000242.867, 137
Trd, 000243.217, 148
Trd, 000244.333, 150
Trd, 000246.333, 160
Trd, 000246.650, 128
Trd, 000247.600, 140
Trd, 000248.133, 147
Trd, 000248.517, 155
Trd, 000248.967, 156
Trd, 000249.017, 151
Trd, 000249.283, 145
Trd, 000251.100, 154
Trd, 000252.117, 150
Trd, 000252.200, 169
Trd, 000253.833, 136
Trd, 000254.217, 153
Trd, 000254.633, 154
Trd, 000256.533, 167
Trd, 000256.850, 145
Trd, 000256.950, 149
Trd, 000257.050, 159
Trd, 000258.317, 167
Trd, 000259.217, 140
Trd, 000260.017, 169
Trd, 000261.817, 141
Trd, 000262.133, 158
Trd, 000262.217, 164
Trd, 000262.800, 164
Trd, 000263.117, 158
Trd, 000266.367, 131
Trd, 000267.383, 151
Trd, 000268.200, 160
Trd, 000268.367, 163
Trd, 000268.517, 162
Trd, 000270.150, 148
Trd, 000271.117, 162
Trd, 000272.300, 170
Trd, 000272.450, 138
Trd, 000273.433, 159
Trd, 000273.467, 151
Trd, 000273.983, 158
Trd, 000274.450, 160
Trd, 000275.817, 140
Trd, 000276.950, 165
Trd, 000277.017, 160
Trd, 000280.033, 142
Trd, 000281.433, 138
Trd, 000281.700, 114
Trd, 000281.783, 144
Trd, 000282.267, 159
Trd, 000283.317, 165
Trd, 000284.067, 153
Trd, 000285.550, 156
Trd, 000285.567, 127
Trd, 000286.733, 157
Trd, 000287.300, 148
Trd, 000287.417, 147
Trd, 000287.583, 145
Trd, 000287.767, 143
Trd, 000288.533, 144
Trd, 000290.800, 153
Trd, 000291.533, 133
Trd, 000292.217, 156
Trd, 000293.083, 142
Trd, 000293.683, 145
Trd, 000295.033, 147
Trd, 000295.400, 168
Trd, 000296.883, 147
Trd, 000297.700, 157
Trd, 000297.800, 137
Trd, 000298.083, 158
