Trd, 000005.350, 156
Trd, 000005.650, 141
Trd, 000005.733, 131
Trd, 000005.800, 116
Trd, 000006.983, 155
Trd, 000008.783, 170
Trd, 000008.800, 152
Trd, 000011.067, 172
Trd, 000011.150, 163
Trd, 000011.233, 149
Trd, 000011.900, 136
Trd, 000012.350, 132
Trd, 000014.583, 151
Trd, 000015.167, 173
Trd, 000015.250, 186
Trd, 000015.500, 118
Trd, 000015.533, 129
Trd, 000015.983, 162
Trd, 000016.700, 181
Trd, 000018.700, 155
Trd, 000018.883, 181
Trd, 000020.933, 158
Trd, 000021.150, 174
Trd, 000021.483, 155
Trd, 000022.383, 137
Trd, 000022.967, 167
Trd, 000023.833, 133
Trd, 000024.883, 163
Trd, 000025.700, 184
Trd, 000025.733, 164
Trd, 000026.050, 157
Trd, 000026.433, 136
Trd, 000027.583, 120
Trd, 000027.800, 162
Trd, 000030.350, 141
Trd, 000030.550, 155
Trd, 000030.683, 131
Trd, 000030.967, 186
Trd, 000032.917, 148
Trd, 000033.633, 142
Trd, 000035.883, 176
Trd, 000036.183, 188
Trd, 000037.467, 174
Trd, 000037.650, 178
Trd, 000038.417, 157
Trd, 000040.867, 153
Trd, 000041.100, 181
Trd, 000041.917, 141
Trd, 000043.583, 175
Trd, 000043.633, 173
Trd, 000043.800, 148
Trd, 000045.433, 125
Trd, 000046.017, 145
Trd, 000046.683, 155
Trd, 000047.467, 141
Trd, 000047.967, 124
Trd, 000050.467, 132
Trd, 000050.767, 175
Trd, 000051.083, 175
Trd, 000051.100, 149
Trd, 000051.267, 191
Trd, 000052.900, 138
Trd, 000055.900, 144
Trd, 000056.050, 162
Trd, 000057.483, 168
Trd, 000057.550, 146
Trd, 000058.317, 150
Trd, 000059.883, 140
Trd, 000060.383, 126
Trd, 000060.717, 134
Trd, 000061.200, 176
Trd, 000061.283, 181
Trd, 000062.683, 180
Trd, 000062.933, 174
Trd, 000064.650, 138
Trd, 000065.450, 175
Trd, 000065.750, 139
Trd, 000066.433, 178
Trd, 000066.983, 182
Trd, 000067.467, 157
Trd, 000068.417, 154
Trd, 000071.000, 172
Trd, 000071.200, 163
Trd, 000071.417, 173
Trd, 000071.617, 144
Trd, 000071.733, 188
Trd, 000076.083, 175
Trd, 000076.483, 156
Trd, 000077.550, 148
Trd, 000078.717, 153
Trd, 000078.967, 145
Trd, 000079.017, 138
Trd, 000079.733, 155
Trd, 000081.117, 147
Trd, 000081.300, 147
Trd, 000082.167, 172
Trd, 000082.567, 183
Trd, 000082.883, 161
Trd, 000085.750, 191
Trd, 000087.117, 136
Trd, 000088.017, 174
Trd, 000088.717, 185
Trd, 000090.767, 172
Trd, 000090.983, 149
Trd, 000092.800, 175
Trd, 000093.383, 192
Trd, 000093.400, 156
Trd, 000094.833, 158
Trd, 000095.933, 142
Trd, 000096.383, 175
Trd, 000097.317, 175
Trd, 000097.333, 162
Trd, 000098.100, 168
Trd, 000099.083, 189
Trd, 000100.233, 161
Trd, 000101.083, 195
Trd, 000101.233, 176
Trd, 000101.417, 160
Trd, 000101.883, 170
Trd, 000103.150, 170
Trd, 000104.167, 148
Trd, 000104.400, 147
Trd, 000106.300, 177
Trd, 000106.800, 174
Trd, 000106.933, 160
Trd, 000107.417, 166
Trd, 000107.800, 142
Trd, 000107.817, 136
Trd, 000110.083, 150
Trd, 000110.783, 139
Trd, 000111.500, 144
Trd, 000111.567, 189
Trd, 000111.867, 163
Trd, 000112.633, 150
Trd, 000113.000, 139
Trd, 000116.033, 170
Trd, 000116.383, 175
Trd, 000116.850, 136
Trd, 000116.950, 153
Trd, 000117.700, 175
Trd, 000119.400, 175
Trd, 000120.900, 122
Trd, 000121.533, 175
Trd, 000121.667, 166
Trd, 000122.533, 131
Trd, 000123.733, 140
Trd, 000124.117, 162
Trd, 000126.733, 181
Trd, 000126.900, 177
Trd, 000127.317, 146
Trd, 000127.617, 175
Trd, 000128.800, 140
Trd, 000130.767, 125
Trd, 000131.067, 145
Trd, 000131.733, 194
Trd, 000131.800, 175
Trd, 000132.600, 156
Trd, 000132.867, 141
Trd, 000134.417, 163
Trd, 000136.117, 194
Trd, 000136.167, 173
Trd, 000136.867, 160
Trd, 000137.500, 164
Trd, 000138.583, 177
Trd, 000139.150, 156
Trd, 000141.000, 179
Trd, 000141.200, 182
Trd, 000141.750, 151
Trd, 000142.350, 157
Trd, 000142.883, 177
Trd, 000145.917, 183
Trd, 000146.200, 175
Trd, 000146.433, 125
Trd, 000146.617, 156
Trd, 000147.433, 191
Trd, 000148.617, 163
Trd, 000151.200, 173
Trd, 000151.400, 154
Trd, 000152.150, 198
Trd, 000153.017, 170
Trd, 000154.333, 141
Trd, 000154.367, 188
Trd, 000156.417, 139
Trd, 000156.767, 137
Trd, 000156.833, 163
Trd, 000158.133, 167
Trd, 000158.950, 167
Trd, 000161.383, 125
Trd, 000161.483, 134
Trd, 000161.550, 162
Trd, 000161.900, 180
Trd, 000161.967, 182
Trd, 000163.017, 139
Trd, 000165.633, 123
Trd, 000166.017, 132
Trd, 000166.217, 199
Trd, 000166.783, 179
Trd, 000168.033, 175
Trd, 000168.183, 166
Trd, 000169.250, 153
Trd, 000171.183, 107
Trd, 000171.383, 148
Trd, 000171.800, 186
Trd, 000171.817, 158
Trd, 000172.383, 152
Trd, 000175.717, 195
Trd, 000176.050, 197
Trd, 000176.533, 174
Trd, 000177.867, 175
Trd, 000179.183, 148
Trd, 000180.467, 155
Trd, 000181.133, 174
Trd, 000181.817, 160
Trd, 000182.650, 178
Trd, 000183.133, 172
Trd, 000183.517, 149
Trd, 000184.383, 170
Trd, 000186.050, 153
Trd, 000186.483, 117
Trd, 000186.850, 171
Trd, 000187.033, 152
Trd, 000187.217, 184
Trd, 000188.867, 131
Trd, 000189.567, 172
Trd, 000191.200, 157
Trd, 000191.733, 156
Trd, 000193.000, 145
Trd, 000193.333, 150
Trd, 000193.783, 142
Trd, 000193.900, 132
Trd, 000194.767, 132
Trd, 000196.500, 178
Trd, 000196.867, 153
Trd, 000197.567, 159
Trd, 000198.350, 140
Trd, 000198.600, 138
Trd, 000198.983, 153
Trd, 000201.250, 183
Trd, 000201.333, 175
Trd, 000201.817, 174
Trd, 000202.183, 145
Trd, 000202.233, 142
Trd, 000204.917, 172
Trd, 000206.400, 161
Trd, 000207.167, 151
Trd, 000208.183, 151
Trd, 000208.317, 139
Trd, 000209.233, 186
Trd, 000209.500, 127
Trd, 000210.867, 152
Trd, 000211.417, 146
Trd, 000211.483, 163
Trd, 000212.283, 127
Trd, 000214.167, 161
Trd, 000214.500, 145
Trd, 000214.583, 156
Trd, 000216.567, 125
Trd, 000217.683, 175
Trd, 000220.650, 177
Trd, 000221.533, 147
Trd, 000222.717, 187
Trd, 000222.750, 182
Trd, 000223.167, 165
Trd, 000223.767, 154
Trd, 000226.783, 180
Trd, 000228.133, 185
Trd, 000228.183, 174
Trd, 000228.367, 149
Trd, 000229.250, 169
Trd, 000230.200, 143
Trd, 000231.450, 127
Trd, 000231.767, 144
Trd, 000232.150, 146
Trd, 000232.167, 115
Trd, 000234.783, 165
Trd, 000235.083, 164
Trd, 000235.850, 175
Trd, 000236.250, 179
Trd, 000236.683, 172
Trd, 000237.550, 177
Trd, 000237.733, 152
Trd, 000238.900, 173
Trd, 000239.017, 141
Trd, 000240.933, 148
Trd, 000241.550, 175
Trd, 000242.267, 172
Trd, 000242.383, 165
Trd, 000242.533, 137
Trd, 000243.183, 136
Trd, 000243.383, 146
Trd, 000243.750, 182
Trd, 000246.700, 132
Trd, 000246.950, 144
Trd, 000247.350, 177
Trd, 000248.633, 173
Trd, 000250.167, 171
Trd, 000251.400, 173
Trd, 000251.483, 183
Trd, 000251.883, 154
Trd, 000252.817, 163
Trd, 000254.200, 142
Trd, 000254.550, 145
Trd, 000254.583, 135
Trd, 000256.883, 129
Trd, 000257.700, 130
Trd, 000257.833, 137
Trd, 000258.083, 172
Trd, 000261.417, 143
Trd, 000261.700, 132
Trd, 000262.117, 166
Trd, 000262.417, 139
Trd, 000262.900, 165
Trd, 000263.400, 161
Trd, 000263.850, 149
Trd, 000264.133, 129
Trd, 000267.233, 156
Trd, 000267.750, 189
Trd, 000268.667, 174
Trd, 000269.917, 152
Trd, 000270.683, 131
Trd, 000272.067, 174
Trd, 000272.417, 151
Trd, 000273.683, 144
Trd, 000274.033, 154
Trd, 000277.067, 143
Trd, 000277.867, 152
Trd, 000278.433, 132
Trd, 000278.633, 146
Trd, 000278.850, 148
Trd, 000279.383, 144
Trd, 000279.867, 150
Trd, 000282.000, 163
Trd, 000282.300, 193
Trd, 000282.383, 174
Trd, 000285.683, 174
Trd, 000286.667, 130
Trd, 000287.250, 172
Trd, 000287.733, 151
Trd, 000287.967, 155
Trd, 000288.067, 157
Trd, 000288.500, 144
Trd, 000291.050, 132
Trd, 000291.917, 183
Trd, 000292.133, 170
Trd, 000292.317, 164
Trd, 000293.133, 183
Trd, 000295.617, 140
Trd, 000296.500, 125
Trd, 000297.450, 166
Trd, 000297.783, 178
Trd, 000298.950, 166
