Trd, 000005.483, 137
Trd, 000005.633, 137
Trd, 000005.917, 139
Trd, 000006.133, 137
Trd, 000006.233, 133
Trd, 000006.267, 135
Trd, 000006.450, 126
Trd, 000007.000, 144
Trd, 000009.583, 157
Trd, 000010.133, 109
Trd, 000011.250, 150
Trd, 000012.767, 162
Trd, 000012.800, 152
Trd, 000013.167, 170
Trd, 000013.967, 174
Trd, 000015.267, 147
Trd, 000016.317, 147
Trd, 000016.733, 183
Trd, 000017.417, 175
Trd, 000017.767, 160
Trd, 000017.867, 167
Trd, 000019.633, 186
Trd, 000020.400, 175
Trd, 000021.117, 177
Trd, 000021.250, 150
Trd, 000021.800, 171
Trd, 000025.683, 175
Trd, 000026.150, 162
Trd, 000026.317, 151
Trd, 000028.233, 158
Trd, 000029.400, 146
Trd, 000030.167, 180
Trd, 000030.350, 163
Trd, 000031.367, 153
Trd, 000031.850, 159
Trd, 000032.183, 188
Trd, 000032.350, 174
Trd, 000035.350, 184
Trd, 000036.033, 142
Trd, 000036.050, 136
Trd, 000038.050, 167
Trd, 000039.050, 178
Trd, 000040.617, 142
Trd, 000041.133, 142
Trd, 000041.350, 139
Trd, 000041.717, 165
Trd, 000042.283, 156
Trd, 000042.733, 141
Trd, 000042.833, 175
Trd, 000045.017, 172
Trd, 000045.467, 125
Trd, 000046.033, 153
Trd, 000046.417, 140
Trd, 000048.517, 162
Trd, 000048.633, 171
Trd, 000050.200, 163
Trd, 000050.567, 123
Trd, 000051.033, 144
Trd, 000051.733, 165
Trd, 000052.133, 143
Trd, 000052.917, 162
Trd, 000053.033, 147
Trd, 000055.917, 151
Trd, 000056.000, 153
Trd, 000056.833, 146
Trd, 000057.567, 138
Trd, 000057.950, 170
Trd, 000059.983, 159
Trd, 000060.400, 148
Trd, 000060.483, 112
Trd, 000061.000, 177
Trd, 000061.950, 159
Trd, 000062.400, 175
Trd, 000064.083, 148
Trd, 000065.500, 124
Trd, 000065.633, 155
Trd, 000066.250, 157
Trd, 000066.333, 137
Trd, 000066.800, 167
Trd, 000067.850, 151
Trd, 000070.767, 171
Trd, 000071.517, 170
Trd, 000071.767, 158
Trd, 000072.433, 148
Trd, 000075.733, 136
Trd, 000075.783, 171
Trd, 000075.983, 171
Trd, 000078.250, 165
Trd, 000078.450, 150
Trd, 000078.733, 150
Trd, 000078.833, 140
Trd, 000080.883, 112
Trd, 000081.333, 166
Trd, 000082.483, 135
Trd, 000083.367, 169
Trd, 000085.667, 187
Trd, 000085.950, 177
Trd, 000086.317, 156
Trd, 000086.667, 143
Trd, 000086.883, 152
Trd, 000088.217, 139
Trd, 000088.817, 161
Trd, 000088.833, 150
Trd, 000089.300, 154
Trd, 000090.767, 108
Trd, 000091.467, 185
Trd, 000092.433, 163
Trd, 000093.100, 164
Trd, 000093.500, 148
Trd, 000094.817, 168
Trd, 000095.317, 149
Trd, 000095.767, 188
Trd, 000095.933, 119
Trd, 000096.000, 131
Trd, 000096.767, 161
Trd, 000097.250, 162
Trd, 000100.700, 116
Trd, 000101.250, 172
Trd, 000102.567, 164
Trd, 000103.017, 137
Trd, 000103.717, 138
Trd, 000104.483, 174
Trd, 000106.817, 168
Trd, 000107.217, 169
Trd, 000107.350, 157
Trd, 000108.300, 160
Trd, 000110.750, 138
Trd, 000110.933, 109
Trd, 000111.917, 160
Trd, 000112.150, 148
Trd, 000113.067, 150
Trd, 000113.733, 161
Trd, 000115.033, 158
Trd, 000115.900, 108
Trd, 000116.083, 130
Trd, 000116.850, 160
Trd, 000116.867, 159
Trd, 000117.400, 153
Trd, 000118.350, 168
Trd, 000119.833, 159
Trd, 000121.467, 153
Trd, 000122.633, 165
Trd, 000122.667, 178
Trd, 000123.500, 153
Trd, 000124.017, 162
Trd, 000126.500, 161
Trd, 000126.567, 180
Trd, 000126.900, 131
Trd, 000127.383, 160
Trd, 000128.033, 152
Trd, 000128.300, 160
Trd, 000128.783, 157
Trd, 000129.100, 150
Trd, 000129.767, 143
Trd, 000130.633, 167
Trd, 000130.867, 140
Trd, 000130.983, 140
Trd, 000131.350, 160
Trd, 000132.167, 167
Trd, 000132.800, 138
Trd, 000133.317, 151
Trd, 000134.333, 187
Trd, 000136.400, 147
Trd, 000136.900, 156
Trd, 000137.283, 172
Trd, 000137.700, 176
Trd, 000137.800, 157
Trd, 000139.867, 154
Trd, 000141.150, 140
Trd, 000141.400, 187
Trd, 000141.450, 170
Trd, 000141.633, 163
Trd, 000142.450, 158
Trd, 000145.283, 152
Trd, 000145.317, 179
Trd, 000145.467, 163
Trd, 000146.267, 143
Trd, 000148.350, 175
Trd, 000148.417, 138
Trd, 000148.633, 168
Trd, 000148.817, 165
Trd, 000151.283, 176
Trd, 000151.483, 178
Trd, 000153.200, 184
Trd, 000153.850, 159
Trd, 000155.650, 148
Trd, 000156.200, 163
Trd, 000156.433, 192
Trd, 000156.483, 158
Trd, 000157.333, 169
Trd, 000157.500, 142
Trd, 000157.633, 154
Trd, 000157.750, 181
Trd, 000160.583, 179
Trd, 000161.000, 157
Trd, 000161.300, 184
Trd, 000161.883, 155
Trd, 000162.833, 143
Trd, 000163.483, 136
Trd, 000164.117, 160
Trd, 000166.383, 139
Trd, 000166.467, 137
Trd, 000166.983, 156
Trd, 000167.183, 169
Trd, 000167.700, 166
Trd, 000167.867, 176
Trd, 000169.667, 157
Trd, 000171.367, 178
Trd, 000172.633, 157
Trd, 000173.950, 170
Trd, 000174.300, 158
Trd, 000175.083, 166
Trd, 000175.150, 181
Trd, 000176.250, 154
Trd, 000176.967, 141
Trd, 000177.317, 144
Trd, 000178.233, 181
Trd, 000179.117, 180
Trd, 000180.983, 106
Trd, 000181.150, 177
Trd, 000182.167, 163
Trd, 000183.133, 142
Trd, 000183.367, 167
Trd, 000184.517, 156
Trd, 000185.650, 146
Trd, 000186.367, 168
Trd, 000186.967, 162
Trd, 000188.333, 152
Trd, 000188.400, 157
Trd, 000188.500, 143
Trd, 000191.483, 161
Trd, 000192.417, 166
Trd, 000192.633, 156
Trd, 000193.200, 149
Trd, 000193.250, 132
Trd, 000196.467, 166
Trd, 000196.867, 146
Trd, 000198.867, 170
Trd, 000201.300, 155
Trd, 000201.600, 163
Trd, 000202.367, 186
Trd, 000202.467, 158
Trd, 000204.617, 143
Trd, 000206.100, 154
Trd, 000206.650, 140
Trd, 000206.700, 131
Trd, 000207.967, 173
Trd, 000208.800, 160
Trd, 000209.933, 167
Trd, 000210.783, 181
Trd, 000211.267, 121
Trd, 000211.650, 159
Trd, 000213.300, 183
Trd, 000214.500, 187
Trd, 000217.067, 166
Trd, 000217.983, 164
Trd, 000218.167, 155
Trd, 000219.167, 149
Trd, 000219.433, 156
Trd, 000221.250, 107
Trd, 000221.617, 142
Trd, 000221.750, 153
Trd, 000223.050, 172
Trd, 000223.750, 171
Trd, 000224.417, 162
Trd, 000226.717, 107
Trd, 000226.733, 163
Trd, 000230.183, 177
Trd, 000231.017, 177
Trd, 000231.350, 125
Trd, 000231.400, 165
Trd, 000231.817, 171
Trd, 000233.133, 157
Trd, 000234.017, 151
Trd, 000234.250, 162
Trd, 000235.300, 149
Trd, 000235.950, 167
Trd, 000236.267, 107
Trd, 000236.750, 169
Trd, 000240.433, 166
Trd, 000240.617, 157
Trd, 000241.700, 137
Trd, 000241.800, 141
Trd, 000243.567, 168
Trd, 000246.633, 175
Trd, 000246.933, 182
Trd, 000247.917, 176
Trd, 000248.167, 153
Trd, 000248.417, 144
Trd, 000248.617, 164
Trd, 000248.767, 138
Trd, 000251.383, 109
Trd, 000251.883, 160
Trd, 000252.117, 158
Trd, 000253.367, 173
Trd, 000256.817, 143
Trd, 000258.250, 164
Trd, 000258.683, 146
Trd, 000259.700, 167
Trd, 000261.867, 175
Trd, 000262.167, 177
Trd, 000262.533, 197
Trd, 000262.817, 160
Trd, 000264.533, 148
Trd, 000265.983, 139
Trd, 000267.300, 193
Trd, 000268.767, 153
Trd, 000269.283, 151
Trd, 000269.683, 150
Trd, 000271.383, 109
Trd, 000272.917, 173
Trd, 000272.983, 176
Trd, 000273.017, 159
Trd, 000274.600, 171
Trd, 000276.500, 156
Trd, 000277.500, 173
Trd, 000277.567, 151
Trd, 000278.083, 167
Trd, 000278.583, 177
Trd, 000281.517, 143
Trd, 000282.033, 133
Trd, 000282.183, 167
Trd, 000284.150, 142
Trd, 000284.733, 145
Trd, 000287.200, 140
Trd, 000287.533, 133
Trd, 000287.550, 147
Trd, 000288.733, 166
Trd, 000289.350, 174
Trd, 000290.233, 169
Trd, 000291.583, 168
Trd, 000292.100, 162
Trd, 000292.117, 153
Trd, 000292.767, 161
Trd, 000293.117, 138
Trd, 000293.250, 147
Trd, 000294.050, 155
Trd, 000295.783, 160
Trd, 000296.567, 109
Trd, 000297.400, 158
Trd, 000297.517, 152
Trd, 000298.017, 183
Trd, 000298.333, 145
