Trd, 000005.333, 171
Trd, 000005.667, 162
Trd, 000005.867, 162
Trd, 000006.083, 175
Trd, 000006.250, 146
Trd, 000008.833, 159
Trd, 000010.000, 151
Trd, 000011.533, 147
Trd, 000011.667, 141
Trd, 000012.350, 149
Trd, 000013.333, 148
Trd, 000013.433, 167
Trd, 000014.233, 143
Trd, 000015.283, 126
Trd, 000015.400, 137
Trd, 000016.283, 143
Trd, 000016.783, 141
Trd, 000016.983, 153
Trd, 000017.533, 116
Trd, 000020.067, 161
Trd, 000021.317, 179
Trd, 000021.700, 172
Trd, 000021.983, 164
Trd, 000022.583, 146
Trd, 000023.300, 144
Trd, 000024.800, 162
Trd, 000025.167, 165
Trd, 000025.400, 145
Trd, 000026.317, 138
Trd, 000028.667, 161
Trd, 000029.817, 175
Trd, 000030.300, 159
Trd, 000030.550, 142
Trd, 000031.083, 127
Trd, 000033.317, 146
Trd, 000033.467, 143
Trd, 000033.867, 157
Trd, 000033.933, 138
Trd, 000035.767, 189
Trd, 000036.133, 154
Trd, 000036.733, 166
Trd, 000038.233, 172
Trd, 000038.533, 163
Trd, 000041.033, 119
Trd, 000041.200, 154
Trd, 000041.817, 170
Trd, 000043.183, 151
Trd, 000044.433, 169
Trd, 000045.200, 153
Trd, 000045.417, 122
Trd, 000045.783, 156
Trd, 000046.983, 145
Trd, 000047.633, 140
Trd, 000049.200, 162
Trd, 000050.067, 161
Trd, 000050.483, 180
Trd, 000051.633, 171
Trd, 000051.667, 154
Trd, 000052.033, 176
Trd, 000052.250, 168
Trd, 000052.500, 186
Trd, 000054.783, 145
Trd, 000055.750, 157
Trd, 000056.100, 167
Trd, 000056.867, 151
Trd, 000059.267, 148
Trd, 000059.783, 139
Trd, 000060.800, 151
Trd, 000061.167, 160
Trd, 000061.700, 141
Trd, 000063.533, 154
Trd, 000064.017, 169
Trd, 000065.533, 177
Trd, 000066.050, 142
Trd, 000066.267, 165
Trd, 000066.517, 147
Trd, 000067.017, 153
Trd, 000070.933, 143
Trd, 000071.483, 163
Trd, 000073.067, 156
Trd, 000073.733, 141
Trd, 000074.600, 162
Trd, 000075.533, 168
Trd, 000076.233, 155
Trd, 000076.350, 161
Trd, 000077.983, 146
Trd, 000080.650, 117
Trd, 000080.950, 147
Trd, 000081.950, 150
Trd, 000082.667, 172
Trd, 000083.117, 174
Trd, 000084.783, 150
Trd, 000085.800, 170
Trd, 000085.950, 153
Trd, 000087.050, 162
Trd, 000087.350, 181
Trd, 000088.500, 168
Trd, 000089.033, 159
Trd, 000090.567, 136
Trd, 000090.917, 173
Trd, 000091.817, 154
Trd, 000092.417, 151
Trd, 000092.950, 158
Trd, 000093.000, 155
Trd, 000096.067, 127
Trd, 000097.150, 153
Trd, 000097.183, 144
Trd, 000098.117, 167
Trd, 000099.917, 158
Trd, 000100.800, 183
Trd, 000101.083, 158
Trd, 000101.283, 145
Trd, 000102.383, 165
Trd, 000102.950, 162
Trd, 000103.700, 139
Trd, 000104.217, 145
Trd, 000105.783, 143
Trd, 000106.550, 139
Trd, 000106.783, 159
Trd, 000107.667, 155
Trd, 000108.700, 169
Trd, 000109.200, 132
Trd, 000109.300, 152
Trd, 000110.933, 162
Trd, 000111.750, 153
Trd, 000111.933, 151
Trd, 000111.950, 146
Trd, 000112.383, 165
Trd, 000112.767, 157
Trd, 000113.133, 161
Trd, 000114.783, 185
Trd, 000115.000, 170
Trd, 000116.317, 189
Trd, 000116.683, 172
Trd, 000116.733, 151
Trd, 000117.317, 161
Trd, 000119.550, 163
Trd, 000120.967, 169
Trd, 000121.300, 180
Trd, 000121.350, 135
Trd, 000124.833, 156
Trd, 000127.350, 148
Trd, 000127.483, 169
Trd, 000128.450, 139
Trd, 000128.567, 151
Trd, 000129.217, 163
Trd, 000131.967, 158
Trd, 000132.067, 149
Trd, 000132.200, 134
Trd, 000132.483, 141
Trd, 000133.983, 162
Trd, 000134.850, 150
Trd, 000135.083, 178
Trd, 000136.250, 144
Trd, 000138.300, 170
Trd, 000138.350, 186
Trd, 000140.750, 166
Trd, 000141.933, 153
Trd, 000142.683, 143
Trd, 000143.150, 150
Trd, 000143.633, 142
Trd, 000144.267, 140
Trd, 000144.433, 149
Trd, 000146.267, 159
Trd, 000147.800, 166
Trd, 000148.650, 152
Trd, 000148.733, 136
Trd, 000149.067, 146
Trd, 000150.983, 155
Trd, 000151.533, 160
Trd, 000151.950, 168
Trd, 000152.000, 151
Trd, 000152.067, 138
Trd, 000153.117, 186
Trd, 000154.500, 147
Trd, 000156.550, 152
Trd, 000157.017, 147
Trd, 000158.083, 138
Trd, 000159.083, 149
Trd, 000161.083, 143
Trd, 000161.583, 137
Trd, 000163.217, 145
Trd, 000164.350, 165
Trd, 000165.367, 156
Trd, 000166.017, 176
Trd, 000166.133, 166
Trd, 000166.433, 162
Trd, 000168.417, 173
Trd, 000169.017, 162
Trd, 000171.850, 175
Trd, 000173.133, 167
Trd, 000173.433, 150
Trd, 000173.533, 153
Trd, 000174.150, 162
Trd, 000175.700, 186
Trd, 000176.217, 146
Trd, 000176.417, 137
Trd, 000176.800, 130
Trd, 000176.967, 149
Trd, 000177.567, 131
Trd, 000178.500, 143
Trd, 000179.450, 187
Trd, 000179.883, 140
Trd, 000181.550, 161
Trd, 000182.333, 147
Trd, 000183.467, 147
Trd, 000184.417, 137
Trd, 000186.283, 151
Trd, 000187.417, 167
Trd, 000187.667, 156
Trd, 000188.650, 159
Trd, 000189.933, 162
Trd, 000191.700, 158
Trd, 000192.183, 168
Trd, 000192.433, 155
Trd, 000193.000, 153
Trd, 000193.350, 157
Trd, 000196.483, 176
Trd, 000196.650, 138
Trd, 000197.550, 157
Trd, 000199.283, 166
Trd, 000202.217, 180
Trd, 000202.650, 178
Trd, 000203.983, 187
Trd, 000204.933, 179
Trd, 000205.483, 145
Trd, 000206.633, 163
Trd, 000206.867, 164
Trd, 000207.183, 169
Trd, 000207.283, 161
Trd, 000210.917, 164
Trd, 000211.267, 172
Trd, 000211.617, 166
Trd, 000211.733, 154
Trd, 000213.883, 145
Trd, 000214.467, 141
Trd, 000216.533, 162
Trd, 000217.133, 169
Trd, 000217.167, 148
Trd, 000217.233, 172
Trd, 000217.317, 150
Trd, 000218.450, 134
Trd, 000219.950, 155
Trd, 000220.250, 145
Trd, 000222.067, 177
Trd, 000222.233, 150
Trd, 000222.350, 143
Trd, 000222.517, 163
Trd, 000223.667, 154
Trd, 000225.283, 163
Trd, 000225.300, 158
Trd, 000226.633, 147
Trd, 000228.150, 156
Trd, 000228.533, 156
Trd, 000229.250, 162
Trd, 000230.183, 146
Trd, 000232.600, 189
Trd, 000233.450, 170
Trd, 000233.617, 169
Trd, 000234.150, 146
Trd, 000234.367, 141
Trd, 000236.700, 147
Trd, 000236.933, 151
Trd, 000237.033, 198
Trd, 000237.133, 131
Trd, 000238.350, 150
Trd, 000240.483, 151
Trd, 000241.550, 171
Trd, 000242.250, 149
Trd, 000243.633, 174
Trd, 000244.200, 171
Trd, 000245.833, 152
Trd, 000246.317, 146
Trd, 000246.517, 138
Trd, 000247.067, 143
Trd, 000247.667, 160
Trd, 000248.567, 156
Trd, 000252.550, 169
Trd, 000252.817, 154
Trd, 000253.467, 135
Trd, 000255.283, 180
Trd, 000255.550, 188
Trd, 000255.583, 174
Trd, 000256.067, 171
Trd, 000257.200, 153
Trd, 000258.933, 187
Trd, 000259.433, 177
Trd, 000260.300, 156
Trd, 000260.567, 179
Trd, 000261.583, 147
Trd, 000262.233, 153
Trd, 000262.433, 165
Trd, 000262.617, 160
Trd, 000262.983, 157
Trd, 000263.650, 151
Trd, 000266.033, 174
Trd, 000266.517, 158
Trd, 000266.883, 157
Trd, 000267.000, 159
Trd, 000267.183, 197
Trd, 000267.600, 149
Trd, 000270.717, 162
Trd, 000271.550, 159
Trd, 000271.983, 164
Trd, 000272.717, 172
Trd, 000273.050, 164
Trd, 000274.617, 152
Trd, 000278.033, 175
Trd, 000278.117, 166
Trd, 000278.933, 163
Trd, 000279.633, 157
Trd, 000279.650, 156
Trd, 000282.433, 139
Trd, 000283.133, 147
Trd, 000283.250, 159
Trd, 000284.317, 154
Trd, 000285.200, 150
Trd, 000288.350, 142
Trd, 000289.100, 146
Trd, 000289.683, 153
Trd, 000290.233, 153
Trd, 000290.250, 148
Trd, 000290.433, 144
Trd, 000290.867, 175
Trd, 000291.533, 168
Trd, 000292.183, 153
Trd, 000293.000, 183
Trd, 000295.700, 141
Trd, 000295.783, 158
Trd, 000296.533, 187
Trd, 000297.467, 188
