Trd, 000005.200, 154
Trd, 000005.817, 136
Trd, 000006.100, 148
Trd, 000006.117, 155
Trd, 000006.500, 141
Trd, 000007.050, 154
Trd, 000007.600, 163
Trd, 000007.783, 165
Trd, 000007.817, 138
Trd, 000008.200, 169
Trd, 000008.600, 135
Trd, 000010.783, 184
Trd, 000011.167, 163
Trd, 000013.683, 156
Trd, 000013.750, 166
Trd, 000014.383, 152
Trd, 000014.467, 149
Trd, 000014.883, 158
Trd, 000014.950, 141
Trd, 000015.433, 152
Trd, 000017.417, 150
Trd, 000017.683, 156
Trd, 000018.017, 152
Trd, 000018.067, 149
Trd, 000018.883, 150
Trd, 000019.600, 166
Trd, 000020.317, 158
Trd, 000021.333, 145
Trd, 000021.667, 169
Trd, 000022.200, 143
Trd, 000022.933, 156
Trd, 000023.600, 139
Trd, 000023.750, 172
Trd, 000025.750, 145
Trd, 000026.150, 156
Trd, 000026.650, 158
Trd, 000027.250, 154
Trd, 000027.533, 167
Trd, 000028.317, 165
Trd, 000029.383, 171
Trd, 000029.833, 145
Trd, 000030.817, 181
Trd, 000031.317, 151
Trd, 000032.417, 165
Trd, 000033.050, 161
Trd, 000033.417, 153
Trd, 000034.083, 145
Trd, 000034.433, 131
Trd, 000034.950, 134
Trd, 000036.333, 150
Trd, 000036.583, 166
Trd, 000036.750, 176
Trd, 000037.383, 160
Trd, 000037.667, 156
Trd, 000040.917, 167
Trd, 000041.350, 174
Trd, 000041.833, 147
Trd, 000042.367, 151
Trd, 000042.450, 148
Trd, 000042.933, 164
Trd, 000043.600, 146
Trd, 000045.350, 166
Trd, 000045.783, 170
Trd, 000046.733, 160
Trd, 000046.850, 129
Trd, 000047.383, 137
Trd, 000047.717, 135
Trd, 000049.200, 145
Trd, 000050.500, 169
Trd, 000050.817, 162
Trd, 000053.167, 152
Trd, 000055.900, 176
Trd, 000056.133, 151
Trd, 000057.650, 146
Trd, 000057.667, 153
Trd, 000058.217, 142
Trd, 000060.683, 168
Trd, 000061.067, 164
Trd, 000061.583, 160
Trd, 000062.217, 167
Trd, 000062.317, 158
Trd, 000063.283, 144
Trd, 000066.417, 158
Trd, 000066.667, 155
Trd, 000068.067, 151
Trd, 000068.850, 152
Trd, 000069.733, 140
Trd, 000070.383, 146
Trd, 000071.167, 131
Trd, 000071.967, 151
Trd, 000072.850, 163
Trd, 000074.167, 159
Trd, 000075.533, 143
Trd, 000076.967, 152
Trd, 000078.133, 159
Trd, 000078.517, 172
Trd, 000078.917, 168
Trd, 000079.083, 163
Trd, 000079.833, 154
Trd, 000080.400, 160
Trd, 000080.900, 139
Trd, 000080.933, 135
Trd, 000080.967, 149
Trd, 000081.333, 164
Trd, 000083.517, 166
Trd, 000084.683, 164
Trd, 000086.617, 161
Trd, 000088.150, 148
Trd, 000088.350, 151
Trd, 000089.067, 151
Trd, 000089.833, 165
Trd, 000091.467, 139
Trd, 000092.083, 135
Trd, 000092.400, 153
Trd, 000092.450, 161
Trd, 000092.467, 150
Trd, 000092.550, 171
Trd, 000094.417, 139
Trd, 000095.400, 147
Trd, 000095.900, 167
Trd, 000096.433, 169
Trd, 000096.533, 148
Trd, 000097.483, 151
Trd, 000101.150, 158
Trd, 000101.517, 165
Trd, 000101.750, 157
Trd, 000102.667, 156
Trd, 000103.750, 148
Trd, 000103.867, 141
Trd, 000106.433, 150
Trd, 000106.500, 157
Trd, 000106.533, 144
Trd, 000106.567, 168
Trd, 000107.133, 159
Trd, 000108.433, 166
Trd, 000109.183, 156
Trd, 000110.033, 155
Trd, 000110.283, 176
Trd, 000112.133, 162
Trd, 000112.417, 157
Trd, 000113.200, 144
Trd, 000114.150, 143
Trd, 000114.883, 147
Trd, 000115.250, 160
Trd, 000116.300, 179
Trd, 000117.133, 157
Trd, 000117.500, 147
Trd, 000119.233, 166
Trd, 000119.483, 159
Trd, 000121.550, 154
Trd, 000122.467, 177
Trd, 000122.617, 144
Trd, 000124.383, 148
Trd, 000126.550, 155
Trd, 000126.833, 124
Trd, 000127.233, 137
Trd, 000127.467, 135
Trd, 000127.600, 136
Trd, 000127.933, 144
Trd, 000128.333, 132
Trd, 000128.600, 140
Trd, 000131.450, 161
Trd, 000131.717, 144
Trd, 000132.400, 170
Trd, 000133.200, 165
Trd, 000133.317, 154
Trd, 000136.300, 171
Trd, 000136.400, 174
Trd, 000136.467, 164
Trd, 000137.050, 152
Trd, 000137.450, 148
Trd, 000139.117, 147
Trd, 000141.083, 154
Trd, 000141.667, 167
Trd, 000143.450, 151
Trd, 000143.617, 148
Trd, 000143.883, 176
Trd, 000145.033, 181
Trd, 000145.433, 165
Trd, 000146.600, 155
Trd, 000146.800, 184
Trd, 000146.833, 154
Trd, 000147.450, 147
Trd, 000148.200, 193
Trd, 000149.433, 139
Trd, 000150.433, 145
Trd, 000150.750, 146
Trd, 000150.983, 146
Trd, 000151.733, 161
Trd, 000153.333, 144
Trd, 000153.350, 141
Trd, 000153.683, 155
Trd, 000155.183, 163
Trd, 000156.017, 135
Trd, 000156.550, 132
Trd, 000157.067, 141
Trd, 000157.133, 149
Trd, 000159.233, 138
Trd, 000160.017, 136
Trd, 000161.917, 148
Trd, 000162.000, 147
Trd, 000162.233, 148
Trd, 000162.300, 145
Trd, 000162.800, 166
Trd, 000163.117, 164
Trd, 000163.317, 159
Trd, 000164.433, 149
Trd, 000165.883, 168
Trd, 000166.100, 182
Trd, 000166.117, 176
Trd, 000166.950, 144
Trd, 000167.083, 154
Trd, 000167.867, 155
Trd, 000169.067, 148
Trd, 000170.283, 146
Trd, 000170.567, 165
Trd, 000171.450, 163
Trd, 000171.467, 158
Trd, 000171.533, 130
Trd, 000173.100, 151
Trd, 000175.350, 152
Trd, 000175.550, 149
Trd, 000176.450, 136
Trd, 000178.567, 147
Trd, 000179.417, 164
Trd, 000179.467, 160
Trd, 000181.783, 162
Trd, 000181.950, 166
Trd, 000182.100, 161
Trd, 000182.817, 158
Trd, 000184.900, 157
Trd, 000184.933, 165
Trd, 000186.883, 158
Trd, 000187.450, 153
Trd, 000187.533, 149
Trd, 000188.850, 150
Trd, 000189.850, 140
Trd, 000191.333, 173
Trd, 000191.633, 148
Trd, 000192.383, 147
Trd, 000193.367, 145
Trd, 000195.283, 145
Trd, 000195.667, 147
Trd, 000196.317, 160
Trd, 000196.850, 168
Trd, 000196.950, 163
Trd, 000196.983, 154
Trd, 000197.433, 138
Trd, 000198.517, 172
Trd, 000200.167, 163
Trd, 000200.550, 174
Trd, 000201.433, 144
Trd, 000202.833, 153
Trd, 000203.967, 166
Trd, 000204.267, 152
Trd, 000204.550, 148
Trd, 000204.800, 146
Trd, 000205.833, 152
Trd, 000206.567, 167
Trd, 000207.717, 144
Trd, 000208.167, 148
Trd, 000209.067, 145
Trd, 000209.233, 141
Trd, 000209.817, 167
Trd, 000211.017, 146
Trd, 000212.017, 154
Trd, 000212.033, 177
Trd, 000212.083, 134
Trd, 000212.367, 140
Trd, 000213.183, 150
Trd, 000213.533, 155
Trd, 000213.833, 161
Trd, 000215.033, 151
Trd, 000215.117, 172
Trd, 000216.183, 151
Trd, 000216.417, 156
Trd, 000216.967, 135
Trd, 000217.567, 143
Trd, 000218.167, 148
Trd, 000219.100, 147
Trd, 000220.950, 160
Trd, 000221.383, 150
Trd, 000221.933, 141
Trd, 000222.100, 143
Trd, 000223.567, 143
Trd, 000223.817, 142
Trd, 000224.550, 131
Trd, 000226.317, 138
Trd, 000226.783, 147
Trd, 000226.900, 160
Trd, 000228.850, 166
Trd, 000230.433, 131
Trd, 000230.667, 159
Trd, 000231.500, 131
Trd, 000232.033, 141
Trd, 000233.750, 160
Trd, 000234.167, 152
Trd, 000234.983, 154
Trd, 000235.633, 139
Trd, 000236.317, 171
Trd, 000237.983, 151
Trd, 000238.367, 144
Trd, 000238.433, 142
Trd, 000239.150, 150
Trd, 000241.733, 137
Trd, 000242.167, 173
Trd, 000242.183, 165
Trd, 000242.233, 156
Trd, 000244.600, 165
Trd, 000245.367, 161
Trd, 000248.117, 167
Trd, 000248.167, 134
Trd, 000248.633, 132
Trd, 000248.750, 146
Trd, 000249.800, 151
Trd, 000251.183, 151
Trd, 000251.317, 165
Trd, 000251.633, 134
Trd, 000251.867, 145
Trd, 000253.233, 154
Trd, 000253.567, 153
Trd, 000253.717, 155
Trd, 000255.100, 153
Trd, 000255.217, 157
Trd, 000255.767, 147
Trd, 000256.483, 157
Trd, 000257.467, 147
Trd, 000258.733, 150
Trd, 000258.867, 144
Trd, 000260.500, 163
Trd, 000261.167, 167
Trd, 000261.333, 130
Trd, 000261.700, 175
Trd, 000262.000, 159
Trd, 000263.900, 168
Trd, 000264.567, 160
Trd, 000264.717, 151
Trd, 000264.933, 151
Trd, 000265.033, 137
Trd, 000265.717, 167
Trd, 000266.083, 156
Trd, 000266.633, 163
Trd, 000266.667, 154
Trd, 000266.967, 149
Trd, 000268.450, 140
Trd, 000269.150, 142
Trd, 000270.800, 164
Trd, 000272.183, 155
Trd, 000272.617, 155
Trd, 000272.667, 142
Trd, 000273.817, 139
Trd, 000275.100, 157
Trd, 000276.450, 169
Trd, 000276.817, 143
Trd, 000276.950, 142
Trd, 000277.150, 176
Trd, 000277.533, 156
Trd, 000278.150, 156
Trd, 000278.517, 151
Trd, 000280.883, 169
Trd, 000281.167, 134
Trd, 000281.583, 122
Trd, 000282.083, 139
Trd, 000282.483, 140
Trd, 000283.800, 138
Trd, 000285.233, 160
Trd, 000286.867, 166
Trd, 000287.033, 138
Trd, 000287.817, 167
Trd, 000288.550, 166
Trd, 000289.150, 165
Trd, 000289.717, 160
Trd, 000290.183, 156
Trd, 000291.933, 175
Trd, 000292.750, 179
Trd, 000292.800, 172
Trd, 000293.317, 167
Trd, 000293.400, 162
Trd, 000294.067, 158
Trd, 000295.733, 168
Trd, 000295.833, 152
Trd, 000296.767, 148
Trd, 000296.950, 153
Trd, 000297.050, 139
Trd, 000297.750, 166
Trd, 000298.983, 142
Trd, 000299.150, 155
