Trd, 000005.417, 160
Trd, 000005.750, 153
Trd, 000006.000, 161
Trd, 000006.250, 175
Trd, 000006.617, 181
Trd, 000006.867, 175
Trd, 000007.100, 170
Trd, 000008.367, 165
Trd, 000008.917, 148
Trd, 000010.600, 169
Trd, 000011.083, 164
Trd, 000011.183, 168
Trd, 000011.700, 183
Trd, 000012.350, 160
Trd, 000012.617, 166
Trd, 000013.533, 153
Trd, 000014.617, 152
Trd, 000015.450, 156
Trd, 000015.667, 166
Trd, 000015.850, 168
Trd, 000016.283, 161
Trd, 000017.717, 161
Trd, 000017.867, 166
Trd, 000018.367, 173
Trd, 000019.450, 145
Trd, 000020.167, 160
Trd, 000020.367, 158
Trd, 000020.550, 181
Trd, 000020.767, 170
Trd, 000020.783, 157
Trd, 000021.167, 185
Trd, 000024.200, 169
Trd, 000025.283, 115
Trd, 000025.300, 148
Trd, 000025.633, 181
Trd, 000025.833, 176
Trd, 000025.983, 129
Trd, 000026.150, 167
Trd, 000028.133, 167
Trd, 000030.050, 159
Trd, 000030.817, 168
Trd, 000031.133, 183
Trd, 000031.550, 163
Trd, 000031.600, 162
Trd, 000031.733, 189
Trd, 000032.067, 187
Trd, 000032.533, 183
Trd, 000032.767, 167
Trd, 000033.800, 167
Trd, 000035.483, 167
Trd, 000036.083, 188
Trd, 000036.150, 168
Trd, 000037.233, 158
Trd, 000037.317, 156
Trd, 000039.117, 171
Trd, 000040.133, 165
Trd, 000040.950, 169
Trd, 000041.017, 165
Trd, 000041.233, 178
Trd, 000041.283, 164
Trd, 000041.567, 184
Trd, 000041.583, 163
Trd, 000042.033, 159
Trd, 000042.183, 151
Trd, 000044.633, 163
Trd, 000045.717, 170
Trd, 000045.917, 159
Trd, 000046.467, 178
Trd, 000046.600, 151
Trd, 000047.950, 165
Trd, 000049.350, 160
Trd, 000049.917, 176
Trd, 000050.400, 139
Trd, 000050.650, 160
Trd, 000051.167, 170
Trd, 000051.667, 154
Trd, 000051.733, 158
Trd, 000052.950, 150
Trd, 000054.883, 153
Trd, 000055.700, 149
Trd, 000055.967, 172
Trd, 000057.283, 178
Trd, 000057.350, 148
Trd, 000058.967, 166
Trd, 000059.667, 166
Trd, 000060.417, 163
Trd, 000061.183, 149
Trd, 000061.617, 168
Trd, 000062.050, 159
Trd, 000062.433, 172
Trd, 000062.533, 149
Trd, 000062.683, 150
Trd, 000064.367, 176
Trd, 000065.600, 177
Trd, 000065.700, 154
Trd, 000066.717, 184
Trd, 000066.867, 169
Trd, 000067.667, 169
Trd, 000068.033, 154
Trd, 000068.233, 155
Trd, 000070.133, 153
Trd, 000070.683, 157
Trd, 000070.767, 155
Trd, 000070.800, 170
Trd, 000071.067, 149
Trd, 000071.350, 153
Trd, 000071.650, 152
Trd, 000073.017, 160
Trd, 000073.850, 146
Trd, 000074.517, 159
Trd, 000075.550, 130
Trd, 000075.650, 134
Trd, 000077.317, 188
Trd, 000078.000, 168
Trd, 000078.117, 158
Trd, 000080.017, 168
Trd, 000080.817, 171
Trd, 000080.933, 153
Trd, 000081.167, 157
Trd, 000081.217, 152
Trd, 000081.783, 176
Trd, 000082.017, 184
Trd, 000082.567, 182
Trd, 000084.433, 186
Trd, 000084.533, 170
Trd, 000084.983, 161
Trd, 000085.950, 179
Trd, 000086.017, 164
Trd, 000086.417, 200
Trd, 000087.233, 158
Trd, 000087.983, 157
Trd, 000089.500, 166
Trd, 000090.167, 153
Trd, 000090.467, 160
Trd, 000090.733, 183
Trd, 000091.417, 162
Trd, 000092.100, 176
Trd, 000093.117, 174
Trd, 000094.233, 166
Trd, 000095.183, 181
Trd, 000096.833, 165
Trd, 000097.383, 171
Trd, 000097.417, 176
Trd, 000098.050, 162
Trd, 000098.233, 161
Trd, 000099.133, 162
Trd, 000099.950, 159
Trd, 000100.650, 186
Trd, 000100.850, 149
Trd, 000101.100, 134
Trd, 000102.850, 154
Trd, 000102.967, 168
Trd, 000103.483, 164
Trd, 000103.650, 163
Trd, 000104.767, 166
Trd, 000105.850, 172
Trd, 000105.950, 182
Trd, 000106.450, 185
Trd, 000106.483, 178
Trd, 000106.633, 171
Trd, 000107.967, 160
Trd, 000109.900, 157
Trd, 000110.567, 163
Trd, 000110.717, 177
Trd, 000110.900, 162
Trd, 000111.383, 162
Trd, 000111.833, 160
Trd, 000111.967, 171
Trd, 000112.800, 175
Trd, 000114.133, 163
Trd, 000114.383, 174
Trd, 000114.600, 152
Trd, 000115.933, 173
Trd, 000116.167, 146
Trd, 000116.600, 141
Trd, 000117.183, 144
Trd, 000117.217, 150
Trd, 000117.983, 172
Trd, 000119.033, 144
Trd, 000119.317, 158
Trd, 000120.700, 148
Trd, 000121.250, 142
Trd, 000121.317, 149
Trd, 000121.550, 139
Trd, 000121.650, 173
Trd, 000121.850, 140
Trd, 000122.033, 183
Trd, 000122.600, 162
Trd, 000125.383, 181
Trd, 000126.417, 178
Trd, 000127.100, 162
Trd, 000128.067, 179
Trd, 000128.317, 156
Trd, 000129.533, 187
Trd, 000129.800, 167
Trd, 000130.050, 159
Trd, 000131.133, 133
Trd, 000131.367, 162
Trd, 000131.967, 179
Trd, 000132.083, 162
Trd, 000133.050, 160
Trd, 000133.767, 182
Trd, 000133.900, 176
Trd, 000135.833, 152
Trd, 000138.000, 194
Trd, 000138.367, 184
Trd, 000138.633, 177
Trd, 000138.817, 165
Trd, 000139.467, 168
Trd, 000140.917, 142
Trd, 000141.200, 176
Trd, 000141.950, 177
Trd, 000142.017, 152
Trd, 000143.317, 157
Trd, 000144.833, 163
Trd, 000145.317, 164
Trd, 000145.583, 157
Trd, 000146.117, 157
Trd, 000146.217, 155
Trd, 000146.417, 186
Trd, 000146.483, 176
Trd, 000147.717, 158
Trd, 000148.067, 166
Trd, 000148.500, 155
Trd, 000148.667, 152
Trd, 000151.050, 183
Trd, 000152.000, 177
Trd, 000152.183, 162
Trd, 000152.283, 169
Trd, 000152.517, 161
Trd, 000152.683, 156
Trd, 000153.233, 156
Trd, 000156.233, 159
Trd, 000156.350, 150
Trd, 000156.650, 150
Trd, 000157.050, 164
Trd, 000157.233, 155
Trd, 000158.100, 166
Trd, 000158.767, 159
Trd, 000159.767, 178
Trd, 000161.317, 149
Trd, 000161.333, 150
Trd, 000161.733, 159
Trd, 000161.883, 158
Trd, 000162.117, 150
Trd, 000162.517, 174
Trd, 000164.350, 155
Trd, 000164.683, 167
Trd, 000165.767, 170
Trd, 000166.100, 122
Trd, 000167.033, 157
Trd, 000167.450, 152
Trd, 000167.900, 172
Trd, 000168.367, 162
Trd, 000168.817, 149
Trd, 000168.967, 183
Trd, 000171.417, 151
Trd, 000171.717, 133
Trd, 000172.283, 149
Trd, 000172.833, 179
Trd, 000173.800, 167
Trd, 000174.117, 165
Trd, 000175.317, 164
Trd, 000176.467, 158
Trd, 000176.717, 184
Trd, 000177.300, 163
Trd, 000177.833, 177
Trd, 000181.117, 194
Trd, 000181.217, 179
Trd, 000181.367, 171
Trd, 000181.533, 166
Trd, 000183.050, 168
Trd, 000183.117, 160
Trd, 000185.517, 174
Trd, 000186.150, 153
Trd, 000186.267, 138
Trd, 000186.350, 165
Trd, 000186.633, 135
Trd, 000187.033, 173
Trd, 000187.100, 182
Trd, 000190.017, 168
Trd, 000191.700, 168
Trd, 000191.883, 170
Trd, 000192.000, 162
Trd, 000192.067, 158
Trd, 000192.617, 168
Trd, 000193.600, 154
Trd, 000194.350, 167
Trd, 000196.200, 180
Trd, 000196.583, 167
Trd, 000197.300, 165
Trd, 000197.533, 164
Trd, 000197.800, 157
Trd, 000197.950, 172
Trd, 000200.067, 171
Trd, 000200.900, 167
Trd, 000201.967, 173
Trd, 000202.333, 179
Trd, 000203.250, 169
Trd, 000203.383, 182
Trd, 000203.633, 160
Trd, 000203.750, 158
Trd, 000206.117, 154
Trd, 000206.383, 155
Trd, 000206.417, 145
Trd, 000206.533, 160
Trd, 000207.867, 150
Trd, 000208.033, 152
Trd, 000208.633, 166
Trd, 000210.267, 160
Trd, 000210.950, 149
Trd, 000211.217, 150
Trd, 000211.600, 158
Trd, 000212.083, 173
Trd, 000212.400, 175
Trd, 000213.300, 183
Trd, 000213.483, 162
Trd, 000214.267, 157
Trd, 000214.350, 166
Trd, 000216.250, 149
Trd, 000216.483, 135
Trd, 000216.700, 177
Trd, 000217.483, 177
Trd, 000218.867, 168
Trd, 000219.150, 155
Trd, 000220.417, 166
Trd, 000220.800, 150
Trd, 000220.983, 149
Trd, 000221.533, 179
Trd, 000222.133, 162
Trd, 000222.367, 156
Trd, 000222.483, 184
Trd, 000223.683, 187
Trd, 000224.550, 173
Trd, 000224.917, 188
Trd, 000226.350, 128
Trd, 000226.700, 171
Trd, 000227.083, 179
Trd, 000227.567, 182
Trd, 000228.133, 154
Trd, 000228.600, 179
Trd, 000229.683, 193
Trd, 000230.633, 168
Trd, 000231.300, 183
Trd, 000231.483, 155
Trd, 000231.817, 145
Trd, 000232.317, 160
Trd, 000233.400, 175
Trd, 000233.633, 163
Trd, 000233.817, 164
Trd, 000234.917, 148
Trd, 000236.200, 122
Trd, 000236.867, 167
Trd, 000237.050, 160
Trd, 000237.967, 182
Trd, 000238.867, 183
Trd, 000239.117, 158
Trd, 000241.750, 177
Trd, 000241.917, 172
Trd, 000242.100, 179
Trd, 000243.150, 173
Trd, 000243.867, 167
Trd, 000244.950, 161
Trd, 000246.083, 161
Trd, 000247.050, 161
Trd, 000247.583, 158
Trd, 000248.217, 166
Trd, 000248.950, 166
Trd, 000249.317, 161
Trd, 000251.483, 159
Trd, 000251.650, 173
Trd, 000251.767, 158
Trd, 000252.033, 168
Trd, 000252.500, 158
Trd, 000256.667, 179
Trd, 000256.733, 154
Trd, 000257.117, 169
Trd, 000257.317, 147
Trd, 000258.800, 177
Trd, 000259.000, 169
Trd, 000259.883, 165
Trd, 000260.533, 167
Trd, 000261.333, 176
Trd, 000261.517, 151
Trd, 000262.217, 153
Trd, 000262.833, 149
Trd, 000263.717, 180
Trd, 000264.500, 143
Trd, 000265.000, 187
Trd, 000265.617, 166
Trd, 000265.967, 176
Trd, 000266.417, 148
Trd, 000266.467, 168
Trd, 000266.767, 159
Trd, 000266.900, 153
Trd, 000267.033, 175
Trd, 000267.217, 174
Trd, 000267.467, 175
Trd, 000268.150, 156
Trd, 000270.400, 155
Trd, 000271.167, 153
Trd, 000271.483, 161
Trd, 000271.950, 169
Trd, 000272.700, 160
Trd, 000272.883, 176
Trd, 000274.067, 170
Trd, 000274.217, 178
Trd, 000274.233, 162
Trd, 000276.683, 138
Trd, 000276.950, 148
Trd, 000277.233, 151
Trd, 000277.250, 162
Trd, 000278.783, 174
Trd, 000279.467, 166
Trd, 000279.583, 161
Trd, 000280.117, 156
Trd, 000280.283, 155
Trd, 000281.500, 128
Trd, 000281.733, 165
Trd, 000282.117, 169
Trd, 000282.200, 173
Trd, 000282.433, 180
Trd, 000284.067, 175
Trd, 000285.650, 171
Trd, 000285.683, 174
Trd, 000287.133, 166
Trd, 000287.283, 149
Trd, 000287.917, 180
Trd, 000288.450, 159
Trd, 000289.750, 159
Trd, 000289.850, 168
Trd, 000291.250, 166
Trd, 000291.600, 150
Trd, 000291.833, 190
Trd, 000292.067, 169
Trd, 000294.533, 177
Trd, 000294.883, 174
Trd, 000295.017, 158
Trd, 000296.417, 166
Trd, 000297.650, 181
Trd, 000297.950, 164
Trd, 000298.517, 163
Trd, 000299.100, 164
Trd, 000299.617, 157
