Trd, 000005.267, 125
Trd, 000005.400, 157
Trd, 000005.417, 180
Trd, 000005.950, 132
Trd, 000006.583, 127
Trd, 000007.050, 152
Trd, 000007.150, 159
Trd, 000007.733, 161
Trd, 000010.917, 177
Trd, 000011.300, 174
Trd, 000012.117, 165
Trd, 000012.433, 156
Trd, 000015.567, 191
Trd, 000015.817, 177
Trd, 000017.350, 167
Trd, 000017.517, 153
Trd, 000019.150, 158
Trd, 000019.283, 137
Trd, 000020.650, 189
Trd, 000020.833, 187
Trd, 000021.700, 143
Trd, 000022.217, 171
Trd, 000023.417, 152
Trd, 000024.433, 152
Trd, 000025.317, 187
Trd, 000025.633, 150
Trd, 000027.050, 149
Trd, 000028.067, 185
Trd, 000028.117, 172
Trd, 000030.683, 150
Trd, 000031.050, 150
Trd, 000031.267, 188
Trd, 000035.683, 145
Trd, 000036.433, 152
Trd, 000036.700, 143
Trd, 000036.833, 139
Trd, 000036.850, 154
Trd, 000037.150, 142
Trd, 000040.583, 146
Trd, 000041.000, 136
Trd, 000042.100, 163
Trd, 000044.800, 170
Trd, 000044.833, 147
Trd, 000045.883, 120
Trd, 000046.333, 128
Trd, 000046.850, 139
Trd, 000046.917, 158
Trd, 000047.300, 178
Trd, 000050.667, 139
Trd, 000050.850, 164
Trd, 000051.350, 169
Trd, 000052.767, 169
Trd, 000052.817, 150
Trd, 000052.950, 144
Trd, 000053.917, 131
Trd, 000055.967, 177
Trd, 000056.200, 167
Trd, 000058.500, 170
Trd, 000061.350, 187
Trd, 000061.550, 175
Trd, 000061.717, 161
Trd, 000063.467, 161
Trd, 000066.600, 178
Trd, 000066.800, 177
Trd, 000068.033, 187
Trd, 000069.550, 167
Trd, 000069.800, 163
Trd, 000069.917, 160
Trd, 000070.550, 156
Trd, 000070.967, 184
Trd, 000072.133, 149
Trd, 000073.683, 176
Trd, 000074.900, 173
Trd, 000074.933, 146
Trd, 000076.033, 163
Trd, 000076.767, 189
Trd, 000078.450, 163
Trd, 000079.167, 151
Trd, 000079.583, 191
Trd, 000079.950, 154
Trd, 000081.317, 187
Trd, 000081.367, 167
Trd, 000081.917, 164
Trd, 000084.633, 186
Trd, 000085.367, 179
Trd, 000085.933, 151
Trd, 000086.100, 192
Trd, 000086.917, 187
Trd, 000089.000, 157
Trd, 000089.933, 169
Trd, 000090.917, 165
Trd, 000094.400, 159
Trd, 000094.800, 180
Trd, 000095.617, 128
Trd, 000096.483, 155
Trd, 000097.017, 182
Trd, 000098.167, 167
Trd, 000100.517, 140
Trd, 000101.317, 175
Trd, 000102.083, 167
Trd, 000104.167, 156
Trd, 000104.217, 159
Trd, 000104.650, 148
Trd, 000106.283, 156
Trd, 000106.533, 156
Trd, 000106.550, 186
Trd, 000107.217, 142
Trd, 000107.350, 136
Trd, 000110.667, 173
Trd, 000112.067, 162
Trd, 000112.333, 158
Trd, 000113.333, 177
Trd, 000114.783, 152
Trd, 000115.400, 165
Trd, 000116.433, 186
Trd, 000116.667, 185
Trd, 000118.400, 154
Trd, 000120.050, 163
Trd, 000120.650, 144
Trd, 000121.917, 189
Trd, 000123.367, 167
Trd, 000123.950, 155
Trd, 000124.533, 151
Trd, 000125.250, 156
Trd, 000126.133, 189
Trd, 000126.483, 180
Trd, 000127.533, 167
Trd, 000127.617, 160
Trd, 000129.100, 187
Trd, 000130.083, 159
Trd, 000131.800, 170
Trd, 000133.167, 181
Trd, 000134.933, 171
Trd, 000136.350, 180
Trd, 000136.883, 148
Trd, 000139.783, 154
Trd, 000140.500, 152
Trd, 000142.200, 187
Trd, 000142.633, 181
Trd, 000144.967, 167
Trd, 000146.033, 182
Trd, 000146.700, 167
Trd, 000146.883, 156
Trd, 000147.717, 153
Trd, 000147.783, 169
Trd, 000150.400, 147
Trd, 000151.817, 156
Trd, 000153.550, 153
Trd, 000154.350, 153
Trd, 000154.900, 152
Trd, 000156.717, 184
Trd, 000158.267, 170
Trd, 000158.600, 181
Trd, 000159.550, 171
Trd, 000159.850, 159
Trd, 000161.867, 189
Trd, 000162.133, 163
Trd, 000163.583, 179
Trd, 000166.233, 186
Trd, 000168.233, 171
Trd, 000169.283, 156
Trd, 000169.817, 149
Trd, 000171.267, 189
Trd, 000171.467, 172
Trd, 000172.150, 177
Trd, 000174.050, 167
Trd, 000176.167, 188
Trd, 000176.283, 187
Trd, 000177.383, 181
Trd, 000178.250, 167
Trd, 000180.100, 158
Trd, 000181.600, 176
Trd, 000183.033, 169
Trd, 000184.217, 170
Trd, 000184.867, 167
Trd, 000186.317, 173
Trd, 000186.567, 147
Trd, 000187.433, 168
Trd, 000188.100, 162
Trd, 000192.967, 170
Trd, 000193.517, 167
Trd, 000193.550, 167
Trd, 000195.183, 168
Trd, 000196.700, 181
Trd, 000197.917, 184
Trd, 000198.783, 173
Trd, 000199.217, 167
Trd, 000201.133, 176
Trd, 000203.300, 161
Trd, 000204.000, 159
Trd, 000204.400, 172
Trd, 000205.933, 155
Trd, 000206.117, 189
Trd, 000206.667, 189
Trd, 000207.350, 148
Trd, 000208.417, 163
Trd, 000210.217, 165
Trd, 000211.250, 159
Trd, 000212.433, 168
Trd, 000212.483, 188
Trd, 000216.617, 171
Trd, 000217.067, 179
Trd, 000220.700, 175
Trd, 000221.583, 162
Trd, 000221.967, 144
Trd, 000222.767, 176
Trd, 000223.583, 145
Trd, 000225.233, 169
Trd, 000227.233, 182
Trd, 000227.817, 167
Trd, 000230.983, 171
Trd, 000231.450, 188
Trd, 000232.583, 164
Trd, 000232.983, 160
Trd, 000233.033, 179
Trd, 000233.817, 168
Trd, 000234.700, 167
Trd, 000235.117, 154
Trd, 000235.233, 137
Trd, 000236.483, 130
Trd, 000236.633, 160
Trd, 000238.300, 145
Trd, 000238.600, 160
Trd, 000239.467, 161
Trd, 000242.167, 183
Trd, 000243.200, 172
Trd, 000244.433, 169
Trd, 000246.933, 186
Trd, 000248.150, 187
Trd, 000252.350, 154
Trd, 000253.450, 161
Trd, 000253.567, 143
Trd, 000253.917, 138
Trd, 000255.433, 172
Trd, 000255.550, 172
Trd, 000256.650, 188
Trd, 000259.517, 193
Trd, 000259.683, 173
Trd, 000260.150, 167
Trd, 000260.167, 158
Trd, 000261.100, 162
Trd, 000262.200, 172
Trd, 000262.250, 167
Trd, 000262.300, 184
Trd, 000262.400, 176
Trd, 000262.583, 167
Trd, 000262.700, 146
Trd, 000262.983, 187
Trd, 000263.900, 154
Trd, 000267.283, 168
Trd, 000267.367, 165
Trd, 000268.283, 146
Trd, 000268.950, 153
Trd, 000271.567, 193
Trd, 000272.467, 185
Trd, 000272.550, 168
Trd, 000276.667, 139
Trd, 000276.950, 139
Trd, 000278.183, 173
Trd, 000282.700, 181
Trd, 000282.800, 167
Trd, 000283.017, 149
Trd, 000284.683, 191
Trd, 000285.800, 163
Trd, 000286.033, 152
Trd, 000286.700, 179
Trd, 000286.917, 176
Trd, 000288.617, 183
Trd, 000290.283, 167
Trd, 000290.867, 169
Trd, 000292.283, 189
Trd, 000293.367, 167
Trd, 000294.517, 161
Trd, 000295.200, 178
Trd, 000297.150, 188
Trd, 000297.650, 172
Trd, 000298.167, 169
Trd, 000298.183, 167
Trd, 000299.233, 169
