Trd, 000005.233, 144
Trd, 000005.467, 172
Trd, 000005.850, 147
Trd, 000005.917, 144
Trd, 000006.050, 177
Trd, 000006.317, 147
Trd, 000006.383, 144
Trd, 000006.467, 141
Trd, 000010.183, 141
Trd, 000010.233, 164
Trd, 000010.733, 141
Trd, 000011.683, 186
Trd, 000011.817, 162
Trd, 000012.367, 159
Trd, 000013.183, 175
Trd, 000015.867, 164
Trd, 000016.017, 152
Trd, 000016.333, 163
Trd, 000016.467, 141
Trd, 000017.200, 169
Trd, 000017.717, 150
Trd, 000017.883, 150
Trd, 000020.400, 124
Trd, 000020.600, 144
Trd, 000020.650, 161
Trd, 000020.783, 149
Trd, 000022.333, 148
Trd, 000022.717, 156
Trd, 000024.950, 139
Trd, 000025.233, 117
Trd, 000025.433, 157
Trd, 000025.717, 123
Trd, 000026.067, 131
Trd, 000026.917, 145
Trd, 000027.333, 148
Trd, 000027.933, 147
Trd, 000028.517, 182
Trd, 000030.533, 184
Trd, 000030.550, 162
Trd, 000030.667, 159
Trd, 000031.783, 139
Trd, 000032.850, 167
Trd, 000033.183, 142
Trd, 000033.833, 167
Trd, 000035.650, 155
Trd, 000035.717, 129
Trd, 000036.183, 123
Trd, 000036.600, 142
Trd, 000037.417, 164
Trd, 000037.567, 159
Trd, 000038.767, 159
Trd, 000040.633, 151
Trd, 000040.767, 166
Trd, 000040.850, 162
Trd, 000041.200, 145
Trd, 000041.600, 161
Trd, 000043.367, 148
Trd, 000043.650, 141
Trd, 000045.267, 146
Trd, 000045.417, 117
Trd, 000045.633, 146
Trd, 000046.267, 172
Trd, 000046.467, 165
Trd, 000046.867, 150
Trd, 000047.950, 162
Trd, 000047.983, 157
Trd, 000049.117, 166
Trd, 000049.833, 155
Trd, 000049.850, 141
Trd, 000050.400, 127
Trd, 000050.617, 138
Trd, 000051.317, 136
Trd, 000052.533, 166
Trd, 000053.333, 165
Trd, 000054.983, 162
Trd, 000055.733, 149
Trd, 000056.300, 179
Trd, 000056.450, 145
Trd, 000056.683, 181
Trd, 000057.317, 160
Trd, 000057.567, 167
Trd, 000058.417, 167
Trd, 000059.100, 144
Trd, 000059.983, 149
Trd, 000060.533, 162
Trd, 000061.100, 131
Trd, 000061.217, 130
Trd, 000061.550, 186
Trd, 000062.017, 185
Trd, 000062.217, 171
Trd, 000062.400, 170
Trd, 000065.633, 159
Trd, 000065.767, 131
Trd, 000066.050, 150
Trd, 000066.483, 152
Trd, 000066.767, 162
Trd, 000067.483, 157
Trd, 000069.167, 153
Trd, 000070.217, 150
Trd, 000070.567, 161
Trd, 000070.783, 139
Trd, 000071.333, 164
Trd, 000071.750, 158
Trd, 000071.917, 151
Trd, 000072.633, 152
Trd, 000073.483, 150
Trd, 000074.633, 143
Trd, 000074.750, 153
Trd, 000075.467, 153
Trd, 000075.900, 136
Trd, 000075.933, 192
Trd, 000077.767, 162
Trd, 000078.550, 151
Trd, 000079.117, 161
Trd, 000079.733, 144
Trd, 000080.200, 152
Trd, 000080.800, 173
Trd, 000080.883, 161
Trd, 000080.900, 159
Trd, 000081.050, 175
Trd, 000081.733, 178
Trd, 000082.083, 168
Trd, 000082.233, 184
Trd, 000085.617, 158
Trd, 000085.933, 151
Trd, 000086.167, 134
Trd, 000086.333, 128
Trd, 000086.567, 149
Trd, 000086.833, 133
Trd, 000087.183, 131
Trd, 000087.600, 147
Trd, 000088.133, 170
Trd, 000091.050, 153
Trd, 000091.450, 130
Trd, 000091.750, 128
Trd, 000092.667, 141
Trd, 000093.000, 143
Trd, 000094.117, 140
Trd, 000094.417, 156
Trd, 000095.500, 184
Trd, 000095.933, 129
Trd, 000095.967, 141
Trd, 000096.183, 117
Trd, 000096.517, 156
Trd, 000097.883, 138
Trd, 000098.533, 150
Trd, 000099.717, 177
Trd, 000101.533, 170
Trd, 000102.017, 152
Trd, 000102.467, 167
Trd, 000102.700, 155
Trd, 000103.183, 151
Trd, 000105.417, 148
Trd, 000106.700, 182
Trd, 000106.933, 158
Trd, 000106.983, 151
Trd, 000107.950, 157
Trd, 000108.783, 166
Trd, 000109.517, 169
Trd, 000111.167, 151
Trd, 000111.517, 179
Trd, 000111.983, 172
Trd, 000112.083, 162
Trd, 000112.283, 136
Trd, 000113.233, 148
Trd, 000113.533, 174
Trd, 000115.950, 166
Trd, 000116.200, 155
Trd, 000116.383, 152
Trd, 000116.917, 175
Trd, 000117.717, 146
Trd, 000118.100, 144
Trd, 000119.500, 162
Trd, 000120.633, 148
Trd, 000120.700, 145
Trd, 000121.017, 139
Trd, 000121.100, 146
Trd, 000122.300, 160
Trd, 000122.583, 149
Trd, 000123.217, 178
Trd, 000124.617, 176
Trd, 000124.917, 162
Trd, 000126.167, 161
Trd, 000126.283, 165
Trd, 000126.667, 157
Trd, 000126.850, 153
Trd, 000127.883, 160
Trd, 000128.917, 162
Trd, 000128.983, 162
Trd, 000130.283, 168
Trd, 000131.233, 175
Trd, 000131.617, 158
Trd, 000131.933, 144
Trd, 000132.083, 156
Trd, 000132.133, 161
Trd, 000133.567, 161
Trd, 000134.233, 161
Trd, 000134.650, 139
Trd, 000136.033, 160
Trd, 000136.567, 175
Trd, 000137.033, 161
Trd, 000137.133, 146
Trd, 000139.283, 155
Trd, 000140.850, 147
Trd, 000141.067, 148
Trd, 000141.650, 179
Trd, 000142.333, 155
Trd, 000142.600, 146
Trd, 000143.333, 155
Trd, 000143.667, 148
Trd, 000144.267, 155
Trd, 000146.783, 169
Trd, 000146.867, 162
Trd, 000147.017, 142
Trd, 000147.567, 175
Trd, 000149.067, 167
Trd, 000149.300, 154
Trd, 000150.933, 142
Trd, 000151.283, 154
Trd, 000151.367, 177
Trd, 000151.450, 128
Trd, 000152.650, 148
Trd, 000153.467, 166
Trd, 000153.950, 168
Trd, 000154.317, 129
Trd, 000154.900, 161
Trd, 000156.567, 175
Trd, 000156.717, 155
Trd, 000156.750, 148
Trd, 000157.733, 149
Trd, 000157.933, 146
Trd, 000159.183, 181
Trd, 000159.800, 167
Trd, 000161.633, 159
Trd, 000161.767, 157
Trd, 000161.883, 152
Trd, 000161.950, 147
Trd, 000163.117, 168
Trd, 000163.183, 157
Trd, 000163.267, 146
Trd, 000163.617, 157
Trd, 000166.617, 161
Trd, 000166.950, 155
Trd, 000167.233, 151
Trd, 000168.067, 147
Trd, 000168.600, 174
Trd, 000168.633, 150
Trd, 000169.833, 171
Trd, 000171.067, 179
Trd, 000171.550, 152
Trd, 000171.950, 159
Trd, 000172.050, 179
Trd, 000172.617, 177
Trd, 000173.667, 153
Trd, 000174.733, 158
Trd, 000174.833, 156
Trd, 000176.367, 133
Trd, 000176.417, 141
Trd, 000177.133, 165
Trd, 000177.750, 156
Trd, 000177.917, 147
Trd, 000178.683, 137
Trd, 000179.483, 126
Trd, 000181.383, 192
Trd, 000181.850, 189
Trd, 000182.950, 162
Trd, 000184.867, 166
Trd, 000186.150, 148
Trd, 000186.767, 166
Trd, 000187.217, 182
Trd, 000187.300, 161
Trd, 000189.250, 161
Trd, 000189.383, 153
Trd, 000189.917, 168
Trd, 000190.217, 175
Trd, 000190.650, 143
Trd, 000191.217, 136
Trd, 000191.600, 157
Trd, 000192.217, 137
Trd, 000194.150, 175
Trd, 000194.283, 142
Trd, 000196.267, 160
Trd, 000198.183, 133
Trd, 000198.367, 128
Trd, 000198.800, 155
Trd, 000199.033, 162
Trd, 000199.133, 172
Trd, 000200.667, 129
Trd, 000201.583, 145
Trd, 000201.883, 166
Trd, 000202.367, 151
Trd, 000203.217, 154
Trd, 000203.883, 143
Trd, 000204.350, 156
Trd, 000204.633, 181
Trd, 000206.750, 156
Trd, 000207.317, 167
Trd, 000207.650, 143
Trd, 000208.600, 156
Trd, 000209.433, 148
Trd, 000211.367, 137
Trd, 000211.550, 148
Trd, 000212.033, 181
Trd, 000214.267, 154
Trd, 000214.433, 157
Trd, 000214.600, 138
Trd, 000214.933, 133
Trd, 000215.100, 127
Trd, 000215.750, 158
Trd, 000216.333, 154
Trd, 000216.500, 148
Trd, 000217.800, 160
Trd, 000218.350, 158
Trd, 000219.267, 154
Trd, 000219.333, 159
Trd, 000221.083, 166
Trd, 000221.383, 143
Trd, 000221.483, 140
Trd, 000221.600, 152
Trd, 000222.183, 119
Trd, 000223.433, 168
Trd, 000223.700, 158
Trd, 000224.933, 160
Trd, 000225.033, 151
Trd, 000226.700, 143
Trd, 000227.183, 136
Trd, 000227.233, 143
Trd, 000227.500, 118
Trd, 000228.517, 169
Trd, 000228.583, 170
Trd, 000230.250, 171
Trd, 000232.067, 153
Trd, 000232.200, 161
Trd, 000232.333, 142
Trd, 000233.550, 146
Trd, 000233.950, 173
Trd, 000235.683, 173
Trd, 000236.500, 150
Trd, 000237.267, 194
Trd, 000237.350, 162
Trd, 000237.633, 155
Trd, 000238.517, 161
Trd, 000238.600, 148
Trd, 000239.917, 165
Trd, 000241.100, 194
Trd, 000241.533, 117
Trd, 000241.817, 160
Trd, 000242.500, 178
Trd, 000242.783, 161
Trd, 000243.783, 161
Trd, 000247.300, 174
Trd, 000247.500, 173
Trd, 000248.000, 166
Trd, 000248.167, 153
Trd, 000249.383, 131
Trd, 000249.983, 171
Trd, 000250.983, 136
Trd, 000251.400, 137
Trd, 000252.267, 166
Trd, 000252.567, 156
Trd, 000252.717, 159
Trd, 000253.333, 154
Trd, 000254.083, 148
Trd, 000254.150, 142
Trd, 000255.150, 145
Trd, 000256.517, 152
Trd, 000256.983, 160
Trd, 000257.233, 151
Trd, 000257.983, 173
Trd, 000258.033, 187
Trd, 000258.367, 147
Trd, 000259.600, 187
Trd, 000259.917, 161
Trd, 000261.350, 181
Trd, 000261.483, 171
Trd, 000261.550, 152
Trd, 000261.950, 140
Trd, 000262.150, 143
Trd, 000263.467, 141
Trd, 000263.967, 156
Trd, 000264.483, 140
Trd, 000266.500, 137
Trd, 000267.250, 148
Trd, 000269.083, 165
Trd, 000269.133, 181
Trd, 000269.817, 158
Trd, 000270.900, 153
Trd, 000272.033, 154
Trd, 000272.117, 150
Trd, 000272.217, 142
Trd, 000273.333, 162
Trd, 000273.550, 159
Trd, 000274.250, 156
Trd, 000275.350, 165
Trd, 000276.183, 162
Trd, 000276.533, 195
Trd, 000276.700, 157
Trd, 000276.900, 155
Trd, 000277.867, 161
Trd, 000278.150, 132
Trd, 000278.317, 166
Trd, 000280.450, 127
Trd, 000280.700, 143
Trd, 000281.300, 167
Trd, 000281.833, 167
Trd, 000282.000, 157
Trd, 000282.217, 158
Trd, 000282.417, 164
Trd, 000282.900, 156
Trd, 000283.217, 155
Trd, 000284.233, 159
Trd, 000286.033, 175
Trd, 000286.950, 142
Trd, 000286.967, 137
Trd, 000287.233, 159
Trd, 000287.300, 140
Trd, 000287.450, 164
Trd, 000288.733, 165
Trd, 000289.100, 158
Trd, 000290.300, 166
Trd, 000291.667, 144
Trd, 000292.433, 139
Trd, 000293.017, 147
Trd, 000293.517, 137
Trd, 000295.150, 159
Trd, 000296.050, 173
Trd, 000296.800, 132
Trd, 000297.117, 140
Trd, 000297.167, 141
Trd, 000297.850, 150
Trd, 000297.933, 179
Trd, 000298.333, 135
Trd, 000298.683, 130
Trd, 000298.717, 159
Trd, 000299.650, 149
