Trd, 000005.217, 144
Trd, 000005.317, 150
Trd, 000005.533, 133
Trd, 000005.883, 129
Trd, 000006.067, 124
Trd, 000006.783, 150
Trd, 000007.100, 154
Trd, 000008.450, 174
Trd, 000008.517, 168
Trd, 000010.383, 135
Trd, 000011.000, 170
Trd, 000012.067, 167
Trd, 000012.217, 142
Trd, 000012.950, 161
Trd, 000013.350, 166
Trd, 000014.683, 150
Trd, 000015.650, 148
Trd, 000015.667, 120
Trd, 000015.817, 153
Trd, 000016.383, 145
Trd, 000016.433, 174
Trd, 000017.850, 169
Trd, 000019.750, 148
Trd, 000020.617, 152
Trd, 000020.967, 141
Trd, 000021.583, 156
Trd, 000022.667, 153
Trd, 000023.283, 169
Trd, 000023.867, 147
Trd, 000025.233, 128
Trd, 000026.200, 149
Trd, 000026.833, 165
Trd, 000027.283, 161
Trd, 000027.700, 147
Trd, 000028.667, 160
Trd, 000030.700, 128
Trd, 000031.317, 159
Trd, 000031.650, 167
Trd, 000031.817, 151
Trd, 000032.100, 168
Trd, 000032.383, 175
Trd, 000032.667, 148
Trd, 000032.783, 177
Trd, 000034.017, 157
Trd, 000035.450, 170
Trd, 000035.833, 180
Trd, 000035.883, 160
Trd, 000036.633, 175
Trd, 000037.267, 149
Trd, 000037.817, 166
Trd, 000038.767, 137
Trd, 000040.733, 151
Trd, 000041.200, 172
Trd, 000042.150, 163
Trd, 000042.433, 149
Trd, 000042.800, 147
Trd, 000042.950, 177
Trd, 000043.117, 143
Trd, 000044.433, 158
Trd, 000044.783, 152
Trd, 000045.367, 155
Trd, 000045.467, 121
Trd, 000045.533, 144
Trd, 000045.983, 158
Trd, 000046.683, 156
Trd, 000047.683, 151
Trd, 000047.800, 162
Trd, 000049.200, 156
Trd, 000050.733, 162
Trd, 000050.867, 155
Trd, 000051.333, 128
Trd, 000051.850, 139
Trd, 000052.917, 163
Trd, 000054.033, 169
Trd, 000054.133, 157
Trd, 000055.067, 155
Trd, 000055.500, 151
Trd, 000055.667, 140
Trd, 000056.033, 169
Trd, 000056.733, 156
Trd, 000059.750, 174
Trd, 000060.267, 173
Trd, 000060.533, 113
Trd, 000060.883, 158
Trd, 000060.983, 181
Trd, 000061.167, 158
Trd, 000061.883, 165
Trd, 000063.383, 156
Trd, 000065.283, 157
Trd, 000065.550, 142
Trd, 000066.400, 175
Trd, 000066.483, 170
Trd, 000067.033, 157
Trd, 000067.183, 153
Trd, 000067.483, 151
Trd, 000067.983, 144
Trd, 000069.683, 157
Trd, 000071.017, 133
Trd, 000071.183, 146
Trd, 000071.250, 118
Trd, 000073.050, 151
Trd, 000073.717, 153
Trd, 000074.333, 158
Trd, 000075.883, 124
Trd, 000076.667, 156
Trd, 000076.750, 151
Trd, 000076.817, 171
Trd, 000077.483, 175
Trd, 000077.917, 165
Trd, 000079.800, 145
Trd, 000080.433, 160
Trd, 000080.883, 178
Trd, 000081.150, 154
Trd, 000081.450, 151
Trd, 000081.817, 157
Trd, 000082.433, 170
Trd, 000083.100, 156
Trd, 000086.100, 124
Trd, 000086.933, 142
Trd, 000087.517, 153
Trd, 000088.433, 164
Trd, 000089.967, 170
Trd, 000090.317, 132
Trd, 000090.850, 146
Trd, 000092.550, 157
Trd, 000092.667, 160
Trd, 000093.233, 161
Trd, 000093.850, 156
Trd, 000094.650, 144
Trd, 000095.650, 131
Trd, 000095.800, 200
Trd, 000095.850, 165
Trd, 000096.233, 147
Trd, 000096.583, 166
Trd, 000099.317, 162
Trd, 000100.217, 158
Trd, 000101.333, 165
Trd, 000101.450, 155
Trd, 000101.900, 163
Trd, 000101.933, 152
Trd, 000102.050, 169
Trd, 000102.683, 144
Trd, 000102.867, 160
Trd, 000103.483, 167
Trd, 000105.933, 149
Trd, 000106.050, 146
Trd, 000106.600, 169
Trd, 000107.150, 161
Trd, 000107.617, 161
Trd, 000108.200, 153
Trd, 000108.700, 143
Trd, 000111.050, 178
Trd, 000111.133, 167
Trd, 000111.317, 150
Trd, 000112.267, 175
Trd, 000112.667, 145
Trd, 000113.400, 162
Trd, 000113.983, 146
Trd, 000115.983, 161
Trd, 000116.167, 153
Trd, 000116.883, 144
Trd, 000117.333, 155
Trd, 000117.717, 167
Trd, 000118.233, 154
Trd, 000119.133, 142
Trd, 000120.883, 189
Trd, 000120.917, 142
Trd, 000121.067, 157
Trd, 000122.017, 173
Trd, 000122.283, 151
Trd, 000126.133, 193
Trd, 000126.300, 167
Trd, 000127.000, 161
Trd, 000127.583, 153
Trd, 000128.317, 177
Trd, 000128.350, 165
Trd, 000129.367, 151
Trd, 000130.767, 151
Trd, 000130.867, 162
Trd, 000131.750, 147
Trd, 000132.083, 149
Trd, 000134.267, 165
Trd, 000135.133, 171
Trd, 000135.850, 169
Trd, 000137.033, 139
Trd, 000137.117, 132
Trd, 000138.750, 173
Trd, 000138.833, 165
Trd, 000139.400, 189
Trd, 000141.033, 143
Trd, 000141.467, 169
Trd, 000142.583, 152
Trd, 000143.050, 171
Trd, 000143.500, 149
Trd, 000143.533, 144
Trd, 000145.467, 162
Trd, 000147.183, 147
Trd, 000147.683, 147
Trd, 000148.900, 183
Trd, 000149.633, 141
Trd, 000149.933, 175
Trd, 000150.917, 172
Trd, 000151.300, 110
Trd, 000152.083, 166
Trd, 000152.850, 151
Trd, 000153.833, 170
Trd, 000155.150, 180
Trd, 000156.217, 140
Trd, 000158.000, 169
Trd, 000158.167, 153
Trd, 000159.500, 159
Trd, 000160.233, 161
Trd, 000161.300, 171
Trd, 000162.533, 164
Trd, 000162.783, 158
Trd, 000162.800, 150
Trd, 000163.017, 149
Trd, 000164.433, 152
Trd, 000166.100, 148
Trd, 000166.150, 145
Trd, 000166.650, 134
Trd, 000166.867, 146
Trd, 000167.000, 162
Trd, 000167.517, 166
Trd, 000167.600, 145
Trd, 000170.300, 150
Trd, 000170.967, 148
Trd, 000171.717, 161
Trd, 000172.317, 170
Trd, 000173.100, 179
Trd, 000173.250, 166
Trd, 000173.767, 150
Trd, 000176.483, 150
Trd, 000176.867, 152
Trd, 000177.050, 139
Trd, 000178.133, 177
Trd, 000178.683, 156
Trd, 000180.067, 148
Trd, 000181.117, 171
Trd, 000181.283, 151
Trd, 000181.367, 127
Trd, 000181.683, 135
Trd, 000182.717, 146
Trd, 000183.250, 128
Trd, 000184.533, 152
Trd, 000186.183, 193
Trd, 000186.417, 155
Trd, 000186.633, 158
Trd, 000186.817, 154
Trd, 000187.000, 150
Trd, 000187.400, 148
Trd, 000190.267, 152
Trd, 000191.183, 154
Trd, 000191.233, 149
Trd, 000191.500, 167
Trd, 000192.583, 160
Trd, 000193.267, 166
Trd, 000193.400, 157
Trd, 000193.467, 153
Trd, 000194.617, 155
Trd, 000195.600, 173
Trd, 000196.550, 148
Trd, 000196.567, 133
Trd, 000196.650, 142
Trd, 000197.517, 161
Trd, 000197.900, 187
Trd, 000199.700, 170
Trd, 000200.850, 139
Trd, 000201.367, 193
Trd, 000201.400, 145
Trd, 000201.600, 157
Trd, 000202.100, 138
Trd, 000202.200, 157
Trd, 000202.217, 154
Trd, 000204.150, 143
Trd, 000206.317, 120
Trd, 000206.483, 170
Trd, 000206.633, 114
Trd, 000207.133, 157
Trd, 000207.283, 152
Trd, 000208.533, 154
Trd, 000208.650, 172
Trd, 000209.617, 173
Trd, 000210.183, 151
Trd, 000211.917, 131
Trd, 000212.500, 151
Trd, 000212.767, 158
Trd, 000213.317, 161
Trd, 000213.867, 169
Trd, 000213.917, 138
Trd, 000215.183, 184
Trd, 000216.100, 119
Trd, 000216.483, 149
Trd, 000217.033, 164
Trd, 000217.383, 148
Trd, 000219.233, 163
Trd, 000220.117, 173
Trd, 000221.283, 124
Trd, 000222.783, 146
Trd, 000223.200, 149
Trd, 000223.700, 148
Trd, 000224.917, 162
Trd, 000226.400, 140
Trd, 000226.783, 149
Trd, 000226.883, 139
Trd, 000226.917, 133
Trd, 000227.467, 158
Trd, 000227.550, 173
Trd, 000227.567, 149
Trd, 000228.417, 180
Trd, 000231.467, 174
Trd, 000231.600, 151
Trd, 000232.633, 168
Trd, 000232.783, 169
Trd, 000232.800, 170
Trd, 000234.900, 135
Trd, 000234.967, 140
Trd, 000237.083, 175
Trd, 000237.683, 151
Trd, 000238.067, 170
Trd, 000239.300, 142
Trd, 000241.117, 178
Trd, 000241.400, 135
Trd, 000242.067, 162
Trd, 000242.333, 146
Trd, 000243.083, 164
Trd, 000244.350, 150
Trd, 000244.567, 132
Trd, 000244.900, 140
Trd, 000245.367, 139
Trd, 000246.300, 123
Trd, 000246.433, 142
Trd, 000246.483, 117
Trd, 000246.833, 140
Trd, 000246.950, 166
Trd, 000248.850, 172
Trd, 000252.233, 156
Trd, 000252.350, 151
Trd, 000252.967, 159
Trd, 000253.233, 157
Trd, 000253.600, 149
Trd, 000254.983, 162
Trd, 000256.400, 150
Trd, 000256.933, 160
Trd, 000257.567, 151
Trd, 000257.950, 146
Trd, 000259.250, 164
Trd, 000259.350, 163
Trd, 000260.583, 157
Trd, 000261.583, 145
Trd, 000261.617, 169
Trd, 000261.817, 143
Trd, 000261.917, 166
Trd, 000262.067, 160
Trd, 000263.650, 163
Trd, 000263.883, 158
Trd, 000264.833, 170
Trd, 000266.417, 165
Trd, 000266.700, 138
Trd, 000267.200, 127
Trd, 000267.400, 153
Trd, 000267.450, 124
Trd, 000267.500, 165
Trd, 000269.000, 156
Trd, 000269.900, 151
Trd, 000271.367, 155
Trd, 000271.417, 149
Trd, 000272.083, 191
Trd, 000272.933, 173
Trd, 000272.950, 171
Trd, 000273.417, 161
Trd, 000276.317, 148
Trd, 000276.467, 122
Trd, 000277.917, 141
Trd, 000278.550, 171
Trd, 000279.100, 170
Trd, 000279.183, 166
Trd, 000280.450, 129
Trd, 000281.850, 162
Trd, 000282.467, 149
Trd, 000282.783, 163
Trd, 000283.400, 145
Trd, 000283.850, 170
Trd, 000283.933, 140
Trd, 000284.433, 159
Trd, 000285.633, 172
Trd, 000286.100, 154
Trd, 000286.917, 113
Trd, 000287.083, 128
Trd, 000288.233, 133
Trd, 000288.283, 155
Trd, 000289.217, 165
Trd, 000289.450, 155
Trd, 000290.200, 172
Trd, 000290.900, 148
Trd, 000291.017, 125
Trd, 000291.683, 151
Trd, 000292.350, 158
Trd, 000292.517, 179
Trd, 000294.050, 164
Trd, 000294.467, 155
Trd, 000294.833, 151
Trd, 000296.867, 140
Trd, 000296.883, 130
Trd, 000297.167, 128
Trd, 000297.383, 176
Trd, 000299.083, 149
Trd, 000299.950, 163
