Trd, 000005.667, 150
Trd, 000005.700, 142
Trd, 000006.133, 158
Trd, 000006.450, 161
Trd, 000006.867, 180
Trd, 000007.317, 139
Trd, 000008.283, 166
Trd, 000009.167, 165
Trd, 000010.567, 153
Trd, 000010.617, 143
Trd, 000011.917, 154
Trd, 000012.367, 171
Trd, 000012.400, 139
Trd, 000012.550, 173
Trd, 000012.867, 140
Trd, 000014.117, 136
Trd, 000014.717, 165
Trd, 000015.750, 157
Trd, 000016.100, 159
Trd, 000017.150, 154
Trd, 000017.167, 127
Trd, 000018.000, 140
Trd, 000018.967, 154
Trd, 000020.600, 169
Trd, 000020.933, 158
Trd, 000021.567, 156
Trd, 000021.600, 158
Trd, 000021.967, 176
Trd, 000024.133, 149
Trd, 000025.483, 139
Trd, 000025.833, 146
Trd, 000026.500, 150
Trd, 000026.950, 141
Trd, 000027.333, 154
Trd, 000027.950, 155
Trd, 000028.617, 146
Trd, 000029.833, 160
Trd, 000030.317, 165
Trd, 000030.417, 152
Trd, 000030.550, 141
Trd, 000030.933, 167
Trd, 000032.167, 157
Trd, 000033.417, 140
Trd, 000035.683, 152
Trd, 000036.117, 151
Trd, 000036.683, 173
Trd, 000037.000, 139
Trd, 000037.100, 191
Trd, 000037.950, 157
Trd, 000039.167, 156
Trd, 000040.800, 144
Trd, 000041.033, 163
Trd, 000041.683, 152
Trd, 000042.600, 154
Trd, 000045.033, 143
Trd, 000045.800, 137
Trd, 000046.133, 159
Trd, 000046.200, 179
Trd, 000047.033, 170
Trd, 000047.167, 138
Trd, 000047.867, 159
Trd, 000048.017, 154
Trd, 000048.917, 137
Trd, 000049.050, 145
Trd, 000049.633, 137
Trd, 000050.400, 138
Trd, 000050.517, 114
Trd, 000051.183, 157
Trd, 000051.233, 150
Trd, 000051.400, 144
Trd, 000051.600, 151
Trd, 000052.067, 159
Trd, 000054.683, 148
Trd, 000055.367, 172
Trd, 000055.867, 182
Trd, 000056.133, 151
Trd, 000057.000, 153
Trd, 000057.517, 163
Trd, 000059.450, 154
Trd, 000060.400, 164
Trd, 000060.867, 184
Trd, 000060.983, 174
Trd, 000062.767, 162
Trd, 000064.000, 165
Trd, 000064.567, 143
Trd, 000065.500, 184
Trd, 000065.950, 179
Trd, 000067.100, 148
Trd, 000067.117, 168
Trd, 000067.383, 142
Trd, 000067.400, 156
Trd, 000067.533, 140
Trd, 000068.150, 167
Trd, 000068.550, 139
Trd, 000070.483, 183
Trd, 000070.800, 140
Trd, 000071.183, 160
Trd, 000071.317, 190
Trd, 000072.750, 154
Trd, 000075.050, 164
Trd, 000075.667, 155
Trd, 000075.867, 134
Trd, 000076.783, 163
Trd, 000077.017, 164
Trd, 000077.133, 159
Trd, 000077.783, 151
Trd, 000080.767, 185
Trd, 000081.300, 133
Trd, 000081.767, 162
Trd, 000083.533, 154
Trd, 000084.767, 154
Trd, 000085.417, 149
Trd, 000085.950, 156
Trd, 000086.150, 178
Trd, 000086.367, 150
Trd, 000086.583, 150
Trd, 000086.633, 130
Trd, 000087.950, 159
Trd, 000090.333, 168
Trd, 000090.683, 109
Trd, 000091.100, 160
Trd, 000091.267, 137
Trd, 000091.950, 159
Trd, 000092.800, 148
Trd, 000095.383, 151
Trd, 000096.200, 132
Trd, 000096.567, 150
Trd, 000097.217, 151
Trd, 000098.067, 157
Trd, 000098.133, 153
Trd, 000098.183, 169
Trd, 000099.717, 154
Trd, 000101.200, 172
Trd, 000101.567, 179
Trd, 000101.867, 150
Trd, 000102.117, 151
Trd, 000105.417, 149
Trd, 000105.900, 176
Trd, 000107.217, 153
Trd, 000107.700, 153
Trd, 000107.817, 149
Trd, 000108.167, 138
Trd, 000110.750, 163
Trd, 000111.617, 148
Trd, 000112.050, 158
Trd, 000112.367, 144
Trd, 000114.100, 134
Trd, 000114.233, 166
Trd, 000115.867, 164
Trd, 000116.217, 169
Trd, 000116.583, 163
Trd, 000116.667, 161
Trd, 000117.867, 141
Trd, 000117.933, 154
Trd, 000121.367, 187
Trd, 000121.617, 177
Trd, 000122.050, 148
Trd, 000122.200, 147
Trd, 000122.417, 166
Trd, 000123.383, 154
Trd, 000126.250, 155
Trd, 000126.300, 170
Trd, 000126.600, 183
Trd, 000127.783, 178
Trd, 000128.067, 145
Trd, 000128.850, 139
Trd, 000128.900, 147
Trd, 000129.567, 161
Trd, 000131.233, 174
Trd, 000132.350, 138
Trd, 000132.367, 140
Trd, 000133.083, 151
Trd, 000133.217, 148
Trd, 000133.850, 171
Trd, 000135.100, 187
Trd, 000136.100, 144
Trd, 000136.717, 148
Trd, 000136.750, 129
Trd, 000137.667, 159
Trd, 000137.733, 154
Trd, 000138.733, 154
Trd, 000140.317, 161
Trd, 000140.467, 171
Trd, 000141.117, 153
Trd, 000141.617, 165
Trd, 000142.150, 150
Trd, 000142.267, 155
Trd, 000143.867, 150
Trd, 000145.117, 153
Trd, 000146.550, 153
Trd, 000147.367, 138
Trd, 000147.400, 136
Trd, 000148.783, 172
Trd, 000149.367, 155
Trd, 000149.450, 144
Trd, 000149.567, 171
Trd, 000150.567, 156
Trd, 000151.033, 147
Trd, 000151.233, 168
Trd, 000151.283, 149
Trd, 000151.533, 133
Trd, 000151.783, 137
Trd, 000151.917, 139
Trd, 000154.283, 158
Trd, 000154.717, 170
Trd, 000155.300, 146
Trd, 000156.783, 177
Trd, 000157.167, 163
Trd, 000157.200, 173
Trd, 000157.533, 158
Trd, 000157.850, 159
Trd, 000159.550, 160
Trd, 000159.967, 162
Trd, 000161.583, 184
Trd, 000162.167, 162
Trd, 000162.283, 152
Trd, 000163.050, 145
Trd, 000163.750, 154
Trd, 000164.067, 160
Trd, 000166.483, 147
Trd, 000166.950, 147
Trd, 000166.967, 151
Trd, 000167.167, 153
Trd, 000168.433, 148
Trd, 000169.333, 143
Trd, 000170.200, 168
Trd, 000171.417, 142
Trd, 000171.850, 163
Trd, 000172.800, 168
Trd, 000172.933, 155
Trd, 000174.267, 166
Trd, 000174.317, 159
Trd, 000176.200, 130
Trd, 000176.383, 132
Trd, 000176.917, 164
Trd, 000177.417, 148
Trd, 000178.250, 173
Trd, 000179.250, 131
Trd, 000179.883, 148
Trd, 000181.067, 130
Trd, 000181.200, 105
Trd, 000181.550, 150
Trd, 000182.633, 154
Trd, 000183.817, 163
Trd, 000184.567, 170
Trd, 000184.983, 171
Trd, 000186.150, 180
Trd, 000186.183, 174
Trd, 000186.333, 188
Trd, 000186.583, 170
Trd, 000187.883, 149
Trd, 000189.600, 148
Trd, 000190.167, 155
Trd, 000191.300, 116
Trd, 000191.933, 164
Trd, 000192.850, 157
Trd, 000192.933, 153
Trd, 000193.233, 152
Trd, 000194.267, 156
Trd, 000194.967, 142
Trd, 000194.983, 158
Trd, 000196.167, 108
Trd, 000196.483, 162
Trd, 000196.800, 142
Trd, 000197.033, 140
Trd, 000197.733, 187
Trd, 000199.467, 156
Trd, 000201.200, 179
Trd, 000201.350, 185
Trd, 000201.967, 184
Trd, 000202.217, 180
Trd, 000203.233, 152
Trd, 000204.033, 165
Trd, 000206.283, 111
Trd, 000206.800, 149
Trd, 000206.917, 128
Trd, 000206.967, 155
Trd, 000207.233, 132
Trd, 000208.100, 147
Trd, 000208.250, 162
Trd, 000208.317, 169
Trd, 000210.033, 179
Trd, 000211.767, 173
Trd, 000212.550, 172
Trd, 000212.783, 155
Trd, 000213.033, 161
Trd, 000213.383, 174
Trd, 000213.433, 134
Trd, 000214.100, 156
Trd, 000214.683, 147
Trd, 000215.350, 171
Trd, 000216.617, 181
Trd, 000217.067, 177
Trd, 000217.850, 183
Trd, 000218.083, 160
Trd, 000218.117, 143
Trd, 000218.167, 135
Trd, 000220.200, 161
Trd, 000221.717, 161
Trd, 000222.300, 158
Trd, 000222.550, 167
Trd, 000223.500, 153
Trd, 000223.917, 153
Trd, 000224.550, 151
Trd, 000225.033, 146
Trd, 000226.583, 162
Trd, 000226.717, 200
Trd, 000227.000, 157
Trd, 000227.783, 151
Trd, 000228.933, 148
Trd, 000230.150, 154
Trd, 000231.033, 159
Trd, 000231.367, 150
Trd, 000231.800, 171
Trd, 000232.983, 182
Trd, 000233.267, 164
Trd, 000233.850, 165
Trd, 000234.083, 158
Trd, 000234.433, 170
Trd, 000236.950, 179
Trd, 000237.333, 173
Trd, 000237.367, 178
Trd, 000237.567, 165
Trd, 000241.267, 189
Trd, 000241.450, 144
Trd, 000241.650, 133
Trd, 000242.600, 150
Trd, 000243.967, 171
Trd, 000245.950, 169
Trd, 000246.850, 180
Trd, 000247.133, 163
Trd, 000247.533, 173
Trd, 000249.250, 158
Trd, 000249.467, 153
Trd, 000251.433, 174
Trd, 000251.817, 169
Trd, 000252.317, 162
Trd, 000253.250, 162
Trd, 000253.900, 153
Trd, 000255.250, 152
Trd, 000256.150, 159
Trd, 000256.833, 141
Trd, 000256.967, 143
Trd, 000257.367, 169
Trd, 000257.850, 181
Trd, 000258.867, 155
Trd, 000259.183, 167
Trd, 000259.850, 154
Trd, 000261.017, 136
Trd, 000262.167, 165
Trd, 000262.617, 134
Trd, 000262.933, 178
Trd, 000264.050, 152
Trd, 000264.200, 142
Trd, 000264.533, 125
Trd, 000266.567, 131
Trd, 000267.617, 155
Trd, 000268.000, 166
Trd, 000268.267, 169
Trd, 000269.183, 178
Trd, 000269.633, 167
Trd, 000269.667, 154
Trd, 000271.533, 158
Trd, 000271.833, 172
Trd, 000271.900, 159
Trd, 000272.050, 140
Trd, 000273.383, 174
Trd, 000273.983, 144
Trd, 000275.183, 163
Trd, 000276.617, 167
Trd, 000276.933, 154
Trd, 000276.967, 144
Trd, 000277.700, 157
Trd, 000278.050, 154
Trd, 000278.933, 129
Trd, 000279.283, 138
Trd, 000279.433, 141
Trd, 000279.883, 171
Trd, 000280.500, 135
Trd, 000282.433, 137
Trd, 000282.450, 149
Trd, 000282.667, 142
Trd, 000282.883, 159
Trd, 000283.233, 158
Trd, 000285.350, 170
Trd, 000287.267, 168
Trd, 000287.633, 144
Trd, 000287.800, 170
Trd, 000287.833, 138
Trd, 000288.633, 138
Trd, 000288.667, 141
Trd, 000290.417, 154
Trd, 000291.267, 174
Trd, 000291.683, 107
Trd, 000292.233, 180
Trd, 000292.917, 166
Trd, 000293.800, 173
Trd, 000294.750, 165
Trd, 000295.300, 156
Trd, 000295.417, 176
Trd, 000296.783, 177
Trd, 000297.100, 147
Trd, 000297.167, 129
Trd, 000298.117, 173
Trd, 000299.250, 152
Trd, 000299.283, 162
Trd, 000299.533, 173
