Trd, 000005.300, 153
Trd, 000005.317, 152
Trd, 000005.900, 140
Trd, 000006.000, 144
Trd, 000006.133, 135
Trd, 000006.250, 140
Trd, 000006.583, 133
Trd, 000006.933, 156
Trd, 000007.283, 125
Trd, 000008.817, 157
Trd, 000010.467, 126
Trd, 000010.650, 167
Trd, 000010.867, 131
Trd, 000011.267, 136
Trd, 000012.217, 174
Trd, 000015.167, 115
Trd, 000015.417, 194
Trd, 000016.467, 173
Trd, 000016.633, 181
Trd, 000018.100, 170
Trd, 000018.250, 167
Trd, 000020.517, 149
Trd, 000020.817, 160
Trd, 000021.000, 185
Trd, 000021.267, 143
Trd, 000024.117, 136
Trd, 000025.417, 192
Trd, 000025.433, 181
Trd, 000025.550, 172
Trd, 000025.950, 172
Trd, 000027.250, 160
Trd, 000028.750, 181
Trd, 000028.917, 158
Trd, 000030.250, 173
Trd, 000030.450, 195
Trd, 000031.883, 179
Trd, 000034.267, 165
Trd, 000035.933, 146
Trd, 000035.967, 144
Trd, 000036.050, 147
Trd, 000036.083, 155
Trd, 000037.950, 161
Trd, 000038.467, 182
Trd, 000040.150, 153
Trd, 000041.117, 119
Trd, 000041.500, 143
Trd, 000042.117, 148
Trd, 000042.750, 138
Trd, 000043.333, 172
Trd, 000045.450, 110
Trd, 000045.683, 146
Trd, 000045.917, 143
Trd, 000046.050, 133
Trd, 000046.817, 156
Trd, 000048.050, 163
Trd, 000048.500, 147
Trd, 000048.967, 137
Trd, 000051.083, 171
Trd, 000051.750, 163
Trd, 000051.917, 188
Trd, 000052.800, 170
Trd, 000053.833, 155
Trd, 000055.167, 168
Trd, 000055.617, 195
Trd, 000055.817, 164
Trd, 000056.350, 182
Trd, 000056.600, 171
Trd, 000056.950, 149
Trd, 000058.667, 148
Trd, 000059.050, 156
Trd, 000060.817, 196
Trd, 000062.000, 164
Trd, 000062.367, 154
Trd, 000062.617, 151
Trd, 000062.717, 149
Trd, 000063.517, 142
Trd, 000065.417, 194
Trd, 000065.733, 140
Trd, 000066.700, 125
Trd, 000067.583, 172
Trd, 000067.600, 144
Trd, 000068.267, 130
Trd, 000070.933, 150
Trd, 000071.150, 154
Trd, 000071.167, 185
Trd, 000072.517, 171
Trd, 000072.967, 179
Trd, 000073.567, 172
Trd, 000074.583, 168
Trd, 000075.583, 173
Trd, 000077.250, 146
Trd, 000077.300, 144
Trd, 000077.900, 154
Trd, 000078.433, 161
Trd, 000078.867, 158
Trd, 000079.750, 142
Trd, 000081.150, 149
Trd, 000081.300, 160
Trd, 000083.367, 174
Trd, 000083.950, 157
Trd, 000085.233, 149
Trd, 000085.850, 131
Trd, 000087.133, 175
Trd, 000087.417, 167
Trd, 000088.150, 189
Trd, 000088.550, 148
Trd, 000088.950, 161
Trd, 000090.517, 154
Trd, 000090.800, 195
Trd, 000091.617, 167
Trd, 000092.167, 154
Trd, 000092.417, 166
Trd, 000096.067, 115
Trd, 000096.117, 150
Trd, 000097.083, 135
Trd, 000097.233, 173
Trd, 000097.483, 195
Trd, 000097.550, 176
Trd, 000100.117, 170
Trd, 000100.750, 169
Trd, 000102.067, 149
Trd, 000102.300, 160
Trd, 000103.250, 160
Trd, 000103.483, 158
Trd, 000104.400, 150
Trd, 000106.067, 192
Trd, 000106.383, 164
Trd, 000106.750, 151
Trd, 000107.317, 151
Trd, 000108.200, 183
Trd, 000109.767, 172
Trd, 000111.317, 124
Trd, 000111.850, 121
Trd, 000112.083, 130
Trd, 000113.267, 151
Trd, 000113.683, 167
Trd, 000114.867, 149
Trd, 000115.450, 170
Trd, 000115.950, 194
Trd, 000116.383, 170
Trd, 000116.583, 164
Trd, 000116.683, 147
Trd, 000116.767, 147
Trd, 000118.133, 168
Trd, 000119.967, 142
Trd, 000121.050, 195
Trd, 000121.783, 169
Trd, 000122.067, 157
Trd, 000122.650, 164
Trd, 000126.083, 126
Trd, 000126.533, 147
Trd, 000126.733, 161
Trd, 000128.267, 159
Trd, 000128.717, 157
Trd, 000129.517, 152
Trd, 000129.850, 145
Trd, 000131.000, 129
Trd, 000131.033, 153
Trd, 000131.133, 127
Trd, 000131.333, 149
Trd, 000131.417, 171
Trd, 000132.800, 160
Trd, 000133.217, 136
Trd, 000135.483, 157
Trd, 000136.000, 196
Trd, 000136.100, 172
Trd, 000136.783, 146
Trd, 000136.917, 138
Trd, 000137.067, 143
Trd, 000137.083, 153
Trd, 000137.433, 164
Trd, 000137.550, 170
Trd, 000140.883, 151
Trd, 000141.167, 127
Trd, 000142.500, 145
Trd, 000142.967, 147
Trd, 000143.100, 155
Trd, 000144.150, 151
Trd, 000146.083, 170
Trd, 000146.183, 145
Trd, 000146.550, 140
Trd, 000147.333, 182
Trd, 000148.017, 162
Trd, 000149.267, 167
Trd, 000151.083, 128
Trd, 000151.167, 148
Trd, 000151.200, 124
Trd, 000151.633, 172
Trd, 000151.833, 140
Trd, 000151.983, 190
Trd, 000152.900, 150
Trd, 000154.933, 154
Trd, 000156.150, 139
Trd, 000156.433, 156
Trd, 000156.533, 189
Trd, 000156.867, 152
Trd, 000156.900, 122
Trd, 000157.083, 122
Trd, 000157.700, 141
Trd, 000158.217, 159
Trd, 000159.000, 179
Trd, 000161.100, 180
Trd, 000161.583, 163
Trd, 000161.617, 192
Trd, 000162.050, 161
Trd, 000162.400, 149
Trd, 000162.567, 150
Trd, 000163.533, 137
Trd, 000163.900, 173
Trd, 000166.183, 128
Trd, 000166.667, 150
Trd, 000167.350, 196
Trd, 000167.633, 172
Trd, 000168.183, 153
Trd, 000168.333, 145
Trd, 000169.550, 176
Trd, 000170.983, 193
Trd, 000171.317, 157
Trd, 000172.150, 154
Trd, 000172.500, 156
Trd, 000173.533, 169
Trd, 000175.183, 164
Trd, 000175.867, 183
Trd, 000176.100, 127
Trd, 000176.167, 135
Trd, 000176.783, 192
Trd, 000176.933, 163
Trd, 000177.283, 184
Trd, 000178.133, 171
Trd, 000178.333, 169
Trd, 000180.267, 148
Trd, 000180.683, 166
Trd, 000181.367, 132
Trd, 000181.683, 151
Trd, 000182.000, 136
Trd, 000182.050, 150
Trd, 000182.300, 130
Trd, 000183.150, 144
Trd, 000183.333, 155
Trd, 000185.017, 179
Trd, 000186.350, 194
Trd, 000186.483, 140
Trd, 000186.750, 144
Trd, 000189.050, 179
Trd, 000189.267, 172
Trd, 000191.767, 161
Trd, 000191.967, 165
Trd, 000192.367, 170
Trd, 000192.517, 143
Trd, 000192.767, 170
Trd, 000195.183, 144
Trd, 000196.550, 147
Trd, 000196.683, 145
Trd, 000196.717, 133
Trd, 000197.200, 155
Trd, 000197.383, 194
Trd, 000200.350, 176
Trd, 000201.300, 138
Trd, 000201.500, 126
Trd, 000201.917, 149
Trd, 000201.933, 156
Trd, 000202.467, 152
Trd, 000204.400, 141
Trd, 000206.583, 154
Trd, 000206.967, 171
Trd, 000207.533, 187
Trd, 000208.267, 169
Trd, 000208.867, 155
Trd, 000211.750, 159
Trd, 000213.383, 156
Trd, 000214.033, 159
Trd, 000215.517, 154
Trd, 000215.600, 162
Trd, 000216.333, 146
Trd, 000217.800, 172
Trd, 000218.217, 176
Trd, 000221.267, 133
Trd, 000221.533, 169
Trd, 000222.117, 145
Trd, 000222.867, 143
Trd, 000223.150, 169
Trd, 000224.350, 142
Trd, 000225.700, 159
Trd, 000226.450, 149
Trd, 000226.533, 139
Trd, 000226.783, 148
Trd, 000227.117, 172
Trd, 000227.233, 151
Trd, 000228.067, 146
Trd, 000229.567, 158
Trd, 000231.417, 112
Trd, 000231.467, 174
Trd, 000231.667, 138
Trd, 000232.800, 149
Trd, 000233.583, 171
Trd, 000233.650, 146
Trd, 000234.850, 170
Trd, 000235.117, 160
Trd, 000235.417, 166
Trd, 000236.533, 183
Trd, 000236.650, 137
Trd, 000237.017, 191
Trd, 000237.400, 172
Trd, 000237.633, 149
Trd, 000239.717, 148
Trd, 000240.400, 155
Trd, 000241.750, 124
Trd, 000242.067, 141
Trd, 000242.867, 170
Trd, 000243.983, 175
Trd, 000244.233, 172
Trd, 000245.150, 155
Trd, 000245.200, 166
Trd, 000246.417, 114
Trd, 000246.583, 123
Trd, 000248.067, 151
Trd, 000248.167, 149
Trd, 000249.950, 164
Trd, 000250.467, 150
Trd, 000251.367, 184
Trd, 000251.383, 139
Trd, 000253.017, 180
Trd, 000253.200, 165
Trd, 000253.483, 153
Trd, 000254.683, 156
Trd, 000255.100, 160
Trd, 000255.383, 168
Trd, 000256.633, 190
Trd, 000256.700, 150
Trd, 000259.317, 165
Trd, 000260.133, 148
Trd, 000260.683, 171
Trd, 000261.417, 175
Trd, 000262.183, 163
Trd, 000262.617, 161
Trd, 000262.950, 170
Trd, 000263.567, 145
Trd, 000263.917, 165
Trd, 000264.100, 160
Trd, 000264.717, 171
Trd, 000265.133, 160
Trd, 000267.600, 145
Trd, 000267.717, 158
Trd, 000268.083, 173
Trd, 000268.383, 165
Trd, 000269.467, 181
Trd, 000270.467, 195
Trd, 000271.817, 193
Trd, 000272.000, 182
Trd, 000272.083, 140
Trd, 000272.150, 139
Trd, 000272.617, 134
Trd, 000273.267, 155
Trd, 000277.333, 163
Trd, 000277.467, 163
Trd, 000277.867, 159
Trd, 000278.183, 175
Trd, 000278.333, 167
Trd, 000278.783, 133
Trd, 000279.600, 158
Trd, 000280.633, 169
Trd, 000281.767, 134
Trd, 000281.933, 130
Trd, 000282.367, 155
Trd, 000282.567, 149
Trd, 000283.250, 133
Trd, 000285.800, 168
Trd, 000286.217, 150
Trd, 000286.550, 195
Trd, 000286.817, 164
Trd, 000287.283, 145
Trd, 000288.150, 149
Trd, 000288.650, 139
Trd, 000291.433, 151
Trd, 000291.667, 190
Trd, 000292.067, 169
Trd, 000292.250, 145
Trd, 000292.450, 154
Trd, 000293.550, 151
Trd, 000293.983, 140
Trd, 000295.033, 160
Trd, 000295.067, 159
Trd, 000296.617, 196
Trd, 000297.283, 140
Trd, 000297.467, 155
Trd, 000297.933, 138
Trd, 000299.050, 165
Trd, 000299.900, 134
