Trd, 000005.250, 148
Trd, 000005.267, 148
Trd, 000005.500, 137
Trd, 000006.100, 131
Trd, 000006.250, 137
Trd, 000006.667, 151
Trd, 000006.800, 168
Trd, 000006.833, 120
Trd, 000006.950, 152
Trd, 000007.617, 143
Trd, 000007.717, 118
Trd, 000008.567, 132
Trd, 000008.700, 146
Trd, 000010.183, 165
Trd, 000010.633, 187
Trd, 000010.683, 138
Trd, 000011.550, 177
Trd, 000011.650, 159
Trd, 000012.467, 177
Trd, 000013.183, 152
Trd, 000014.000, 167
Trd, 000015.383, 179
Trd, 000015.967, 163
Trd, 000016.017, 168
Trd, 000016.283, 169
Trd, 000016.383, 158
Trd, 000017.867, 153
Trd, 000018.167, 154
Trd, 000018.483, 178
Trd, 000020.450, 132
Trd, 000020.533, 165
Trd, 000020.967, 144
Trd, 000021.350, 153
Trd, 000021.767, 154
Trd, 000022.133, 154
Trd, 000023.950, 156
Trd, 000024.733, 135
Trd, 000025.417, 139
Trd, 000026.033, 158
Trd, 000026.433, 180
Trd, 000026.567, 147
Trd, 000026.733, 141
Trd, 000027.850, 126
Trd, 000028.283, 164
Trd, 000030.217, 121
Trd, 000030.967, 119
Trd, 000030.983, 120
Trd, 000031.000, 142
Trd, 000031.083, 163
Trd, 000031.100, 175
Trd, 000031.850, 172
Trd, 000032.283, 161
Trd, 000033.533, 138
Trd, 000034.767, 128
Trd, 000035.300, 191
Trd, 000035.550, 154
Trd, 000036.083, 189
Trd, 000036.267, 175
Trd, 000036.850, 185
Trd, 000037.200, 173
Trd, 000037.400, 159
Trd, 000039.367, 150
Trd, 000040.100, 144
Trd, 000040.367, 112
Trd, 000040.450, 170
Trd, 000040.800, 151
Trd, 000041.767, 134
Trd, 000042.133, 143
Trd, 000042.317, 147
Trd, 000043.133, 149
Trd, 000044.550, 175
Trd, 000045.450, 192
Trd, 000046.583, 179
Trd, 000046.950, 152
Trd, 000047.033, 147
Trd, 000047.850, 167
Trd, 000049.200, 174
Trd, 000049.583, 164
Trd, 000050.517, 187
Trd, 000050.700, 179
Trd, 000051.200, 150
Trd, 000051.717, 174
Trd, 000052.050, 182
Trd, 000052.167, 132
Trd, 000054.200, 147
Trd, 000055.283, 139
Trd, 000055.500, 141
Trd, 000056.533, 142
Trd, 000056.817, 143
Trd, 000058.050, 135
Trd, 000058.550, 163
Trd, 000059.383, 170
Trd, 000060.617, 173
Trd, 000060.817, 120
Trd, 000060.850, 174
Trd, 000061.033, 150
Trd, 000061.133, 142
Trd, 000061.600, 136
Trd, 000063.750, 131
Trd, 000064.017, 130
Trd, 000065.767, 177
Trd, 000065.850, 173
Trd, 000065.950, 178
Trd, 000066.233, 193
Trd, 000066.450, 164
Trd, 000067.217, 150
Trd, 000067.517, 149
Trd, 000070.667, 169
Trd, 000071.300, 140
Trd, 000071.767, 146
Trd, 000071.917, 147
Trd, 000072.067, 151
Trd, 000072.267, 116
Trd, 000072.300, 178
Trd, 000073.217, 155
Trd, 000074.200, 160
Trd, 000075.733, 179
Trd, 000075.983, 151
Trd, 000076.350, 153
Trd, 000076.367, 143
Trd, 000077.017, 171
Trd, 000078.917, 157
Trd, 000079.183, 174
Trd, 000080.617, 113
Trd, 000080.733, 184
Trd, 000080.833, 141
Trd, 000081.183, 149
Trd, 000082.517, 193
Trd, 000082.683, 164
Trd, 000083.083, 150
Trd, 000084.517, 168
Trd, 000085.150, 154
Trd, 000085.567, 179
Trd, 000085.833, 170
Trd, 000085.933, 138
Trd, 000086.067, 132
Trd, 000086.267, 150
Trd, 000086.383, 118
Trd, 000087.383, 181
Trd, 000088.867, 159
Trd, 000090.817, 118
Trd, 000090.900, 113
Trd, 000091.100, 120
Trd, 000091.200, 144
Trd, 000091.233, 148
Trd, 000091.300, 132
Trd, 000091.800, 190
Trd, 000092.350, 146
Trd, 000092.900, 144
Trd, 000093.050, 148
Trd, 000093.400, 152
Trd, 000093.750, 178
Trd, 000095.783, 193
Trd, 000096.050, 116
Trd, 000096.100, 169
Trd, 000096.283, 178
Trd, 000096.617, 186
Trd, 000096.733, 153
Trd, 000098.250, 164
Trd, 000098.767, 150
Trd, 000100.800, 159
Trd, 000101.300, 193
Trd, 000101.333, 179
Trd, 000101.683, 169
Trd, 000102.717, 171
Trd, 000103.183, 141
Trd, 000103.617, 139
Trd, 000103.633, 133
Trd, 000103.850, 178
Trd, 000104.717, 141
Trd, 000105.933, 170
Trd, 000106.533, 176
Trd, 000107.167, 191
Trd, 000107.583, 158
Trd, 000108.617, 154
Trd, 000109.567, 155
Trd, 000110.467, 141
Trd, 000110.750, 106
Trd, 000111.033, 141
Trd, 000111.400, 145
Trd, 000111.533, 146
Trd, 000112.900, 148
Trd, 000112.983, 154
Trd, 000115.383, 145
Trd, 000116.633, 193
Trd, 000116.700, 179
Trd, 000116.817, 168
Trd, 000117.833, 157
Trd, 000117.900, 156
Trd, 000118.850, 136
Trd, 000119.750, 147
Trd, 000120.917, 108
Trd, 000121.167, 145
Trd, 000121.267, 150
Trd, 000123.483, 161
Trd, 000123.750, 140
Trd, 000125.167, 149
Trd, 000125.633, 151
Trd, 000126.217, 132
Trd, 000126.450, 133
Trd, 000126.467, 143
Trd, 000126.633, 151
Trd, 000127.983, 144
Trd, 000128.033, 151
Trd, 000131.250, 179
Trd, 000131.867, 167
Trd, 000132.133, 168
Trd, 000132.400, 149
Trd, 000132.900, 173
Trd, 000133.233, 189
Trd, 000134.583, 189
Trd, 000134.600, 155
Trd, 000135.883, 142
Trd, 000136.467, 191
Trd, 000136.833, 155
Trd, 000137.317, 142
Trd, 000137.683, 144
Trd, 000138.150, 146
Trd, 000139.817, 156
Trd, 000140.450, 139
Trd, 000141.083, 151
Trd, 000141.183, 162
Trd, 000141.200, 150
Trd, 000143.117, 187
Trd, 000143.333, 160
Trd, 000143.450, 144
Trd, 000143.617, 151
Trd, 000145.017, 162
Trd, 000146.317, 187
Trd, 000146.683, 165
Trd, 000146.767, 139
Trd, 000147.217, 138
Trd, 000149.883, 148
Trd, 000150.033, 149
Trd, 000150.083, 155
Trd, 000150.933, 157
Trd, 000151.483, 173
Trd, 000151.517, 185
Trd, 000152.167, 176
Trd, 000152.467, 147
Trd, 000153.500, 179
Trd, 000154.667, 162
Trd, 000155.700, 171
Trd, 000156.183, 189
Trd, 000156.367, 178
Trd, 000157.050, 145
Trd, 000157.867, 133
Trd, 000157.967, 147
Trd, 000158.133, 155
Trd, 000160.767, 162
Trd, 000161.100, 189
Trd, 000161.467, 179
Trd, 000162.300, 175
Trd, 000163.883, 139
Trd, 000165.717, 171
Trd, 000166.133, 193
Trd, 000166.317, 178
Trd, 000166.883, 150
Trd, 000167.650, 140
Trd, 000167.783, 150
Trd, 000167.883, 149
Trd, 000167.900, 153
Trd, 000168.800, 167
Trd, 000168.900, 178
Trd, 000170.517, 187
Trd, 000171.183, 146
Trd, 000171.667, 140
Trd, 000172.300, 146
Trd, 000173.050, 151
Trd, 000173.400, 152
Trd, 000175.650, 151
Trd, 000175.717, 157
Trd, 000176.183, 106
Trd, 000176.283, 153
Trd, 000177.467, 156
Trd, 000177.617, 165
Trd, 000177.983, 139
Trd, 000178.450, 171
Trd, 000181.433, 176
Trd, 000181.500, 170
Trd, 000181.700, 163
Trd, 000181.833, 171
Trd, 000182.733, 152
Trd, 000183.483, 178
Trd, 000186.350, 145
Trd, 000186.433, 145
Trd, 000186.550, 153
Trd, 000187.883, 156
Trd, 000187.950, 140
Trd, 000188.133, 175
Trd, 000189.067, 155
Trd, 000191.083, 148
Trd, 000191.250, 164
Trd, 000191.483, 171
Trd, 000191.850, 139
Trd, 000192.133, 133
Trd, 000192.200, 139
Trd, 000192.300, 170
Trd, 000192.983, 151
Trd, 000196.283, 122
Trd, 000196.683, 151
Trd, 000196.850, 153
Trd, 000196.883, 158
Trd, 000197.817, 148
Trd, 000198.167, 140
Trd, 000198.950, 159
Trd, 000199.117, 178
Trd, 000200.083, 156
Trd, 000201.600, 153
Trd, 000201.783, 154
Trd, 000201.933, 160
Trd, 000202.450, 155
Trd, 000202.550, 141
Trd, 000202.983, 165
Trd, 000203.617, 138
Trd, 000206.467, 153
Trd, 000206.583, 154
Trd, 000206.817, 110
Trd, 000207.117, 153
Trd, 000208.100, 149
Trd, 000208.500, 149
Trd, 000208.600, 144
Trd, 000209.817, 132
Trd, 000211.800, 132
Trd, 000211.883, 150
Trd, 000211.983, 170
Trd, 000212.267, 165
Trd, 000212.650, 150
Trd, 000213.433, 144
Trd, 000213.800, 141
Trd, 000214.283, 167
Trd, 000216.200, 176
Trd, 000216.383, 138
Trd, 000217.100, 191
Trd, 000218.683, 164
Trd, 000218.833, 163
Trd, 000220.083, 170
Trd, 000222.133, 193
Trd, 000222.150, 183
Trd, 000223.417, 175
Trd, 000223.867, 151
Trd, 000224.350, 151
Trd, 000224.917, 150
Trd, 000225.267, 154
Trd, 000226.367, 140
Trd, 000226.417, 149
Trd, 000226.483, 169
Trd, 000226.500, 178
Trd, 000226.900, 177
Trd, 000227.800, 152
Trd, 000228.283, 151
Trd, 000228.600, 152
Trd, 000229.500, 158
Trd, 000229.967, 151
Trd, 000231.200, 132
Trd, 000231.400, 189
Trd, 000231.833, 146
Trd, 000232.183, 152
Trd, 000232.833, 151
Trd, 000232.917, 157
Trd, 000233.500, 137
Trd, 000233.867, 142
Trd, 000233.933, 133
Trd, 000236.250, 180
Trd, 000236.400, 120
Trd, 000236.950, 138
Trd, 000237.050, 139
Trd, 000237.217, 136
Trd, 000237.617, 145
Trd, 000239.517, 151
Trd, 000241.133, 136
Trd, 000241.267, 167
Trd, 000241.400, 143
Trd, 000241.817, 182
Trd, 000242.250, 179
Trd, 000242.267, 170
Trd, 000242.917, 149
Trd, 000245.550, 160
Trd, 000246.283, 176
Trd, 000247.533, 155
Trd, 000247.600, 166
Trd, 000249.667, 170
Trd, 000250.700, 148
Trd, 000251.683, 150
Trd, 000252.000, 127
Trd, 000252.167, 150
Trd, 000252.317, 126
Trd, 000252.467, 134
Trd, 000254.050, 132
Trd, 000254.283, 135
Trd, 000255.317, 147
Trd, 000255.567, 148
Trd, 000255.617, 155
Trd, 000257.067, 151
Trd, 000257.150, 178
Trd, 000257.483, 192
Trd, 000257.800, 175
Trd, 000257.983, 191
Trd, 000258.433, 160
Trd, 000259.500, 174
Trd, 000261.150, 138
Trd, 000261.600, 185
Trd, 000262.100, 131
Trd, 000262.133, 152
Trd, 000262.300, 135
Trd, 000262.500, 153
Trd, 000262.633, 164
Trd, 000262.733, 150
Trd, 000263.300, 176
Trd, 000263.850, 165
Trd, 000265.117, 161
Trd, 000266.517, 167
Trd, 000267.283, 190
Trd, 000267.517, 153
Trd, 000267.733, 135
Trd, 000269.617, 152
Trd, 000269.983, 151
Trd, 000270.733, 153
Trd, 000271.883, 114
Trd, 000272.350, 178
Trd, 000272.933, 152
Trd, 000273.267, 155
Trd, 000273.683, 163
Trd, 000274.367, 165
Trd, 000274.567, 165
Trd, 000274.900, 178
Trd, 000276.183, 147
Trd, 000276.600, 168
Trd, 000276.800, 132
Trd, 000277.033, 178
Trd, 000277.083, 146
Trd, 000277.700, 144
Trd, 000277.967, 151
Trd, 000278.167, 152
Trd, 000278.467, 193
Trd, 000280.333, 169
Trd, 000281.433, 127
Trd, 000282.133, 143
Trd, 000282.617, 147
Trd, 000283.533, 153
Trd, 000284.200, 139
Trd, 000284.750, 136
Trd, 000284.883, 168
Trd, 000286.667, 151
Trd, 000287.400, 153
Trd, 000287.583, 153
Trd, 000288.017, 145
Trd, 000288.400, 141
Trd, 000288.683, 164
Trd, 000289.433, 167
Trd, 000289.450, 178
Trd, 000291.867, 164
Trd, 000292.033, 200
Trd, 000293.083, 154
Trd, 000293.633, 176
Trd, 000294.317, 166
Trd, 000296.150, 159
Trd, 000296.800, 150
Trd, 000297.400, 156
Trd, 000297.417, 157
Trd, 000298.017, 147
Trd, 000298.350, 126
Trd, 000298.833, 122
Trd, 000299.150, 128
Trd, 000299.400, 115
Trd, 000299.483, 180
