Trd, 000005.900, 153
Trd, 000006.067, 159
Trd, 000006.550, 145
Trd, 000007.283, 148
Trd, 000007.867, 153
Trd, 000008.183, 155
Trd, 000010.267, 144
Trd, 000010.300, 158
Trd, 000010.800, 163
Trd, 000010.983, 130
Trd, 000012.283, 135
Trd, 000012.333, 169
Trd, 000012.933, 170
Trd, 000014.033, 164
Trd, 000015.267, 140
Trd, 000015.867, 134
Trd, 000016.283, 156
Trd, 000017.067, 157
Trd, 000017.483, 167
Trd, 000017.850, 173
Trd, 000019.417, 146
Trd, 000019.950, 165
Trd, 000020.217, 164
Trd, 000020.500, 132
Trd, 000020.767, 129
Trd, 000021.300, 144
Trd, 000022.317, 161
Trd, 000022.567, 167
Trd, 000022.717, 165
Trd, 000025.583, 126
Trd, 000025.800, 138
Trd, 000026.167, 125
Trd, 000028.600, 149
Trd, 000029.617, 153
Trd, 000029.650, 152
Trd, 000030.950, 121
Trd, 000031.283, 145
Trd, 000031.833, 151
Trd, 000032.467, 159
Trd, 000032.617, 168
Trd, 000033.183, 131
Trd, 000033.517, 129
Trd, 000033.550, 127
Trd, 000035.683, 159
Trd, 000036.183, 160
Trd, 000036.400, 151
Trd, 000036.450, 150
Trd, 000038.417, 164
Trd, 000039.300, 151
Trd, 000040.800, 152
Trd, 000041.400, 153
Trd, 000041.817, 144
Trd, 000041.867, 142
Trd, 000042.000, 163
Trd, 000042.733, 142
Trd, 000043.733, 164
Trd, 000044.367, 185
Trd, 000045.717, 140
Trd, 000045.800, 149
Trd, 000046.317, 151
Trd, 000046.817, 154
Trd, 000047.467, 165
Trd, 000047.500, 160
Trd, 000049.617, 141
Trd, 000050.567, 100
Trd, 000050.617, 128
Trd, 000051.200, 135
Trd, 000052.267, 164
Trd, 000052.583, 161
Trd, 000053.117, 165
Trd, 000054.500, 164
Trd, 000055.750, 172
Trd, 000055.783, 171
Trd, 000056.967, 179
Trd, 000057.017, 166
Trd, 000057.100, 164
Trd, 000059.650, 164
Trd, 000060.933, 173
Trd, 000061.083, 166
Trd, 000061.167, 160
Trd, 000061.383, 172
Trd, 000061.483, 157
Trd, 000061.967, 158
Trd, 000063.617, 165
Trd, 000065.517, 163
Trd, 000066.317, 176
Trd, 000067.100, 168
Trd, 000067.267, 157
Trd, 000068.817, 150
Trd, 000069.517, 138
Trd, 000070.133, 164
Trd, 000070.633, 131
Trd, 000070.750, 151
Trd, 000071.450, 142
Trd, 000072.517, 146
Trd, 000072.783, 150
Trd, 000072.833, 153
Trd, 000073.617, 143
Trd, 000075.600, 180
Trd, 000075.917, 146
Trd, 000076.100, 187
Trd, 000078.150, 160
Trd, 000078.350, 143
Trd, 000078.567, 163
Trd, 000079.300, 172
Trd, 000080.550, 123
Trd, 000080.600, 159
Trd, 000080.833, 155
Trd, 000081.083, 169
Trd, 000084.717, 168
Trd, 000085.733, 141
Trd, 000086.367, 151
Trd, 000086.683, 123
Trd, 000087.700, 148
Trd, 000088.850, 131
Trd, 000089.150, 150
Trd, 000089.550, 151
Trd, 000090.850, 171
Trd, 000090.950, 170
Trd, 000091.550, 169
Trd, 000091.750, 154
Trd, 000092.117, 172
Trd, 000093.817, 173
Trd, 000095.033, 184
Trd, 000096.000, 159
Trd, 000096.283, 155
Trd, 000096.967, 156
Trd, 000097.117, 156
Trd, 000097.650, 157
Trd, 000099.233, 175
Trd, 000099.550, 166
Trd, 000101.083, 152
Trd, 000102.300, 157
Trd, 000103.017, 147
Trd, 000104.433, 163
Trd, 000105.933, 125
Trd, 000106.033, 128
Trd, 000106.483, 137
Trd, 000107.017, 144
Trd, 000107.083, 148
Trd, 000109.050, 153
Trd, 000109.550, 151
Trd, 000111.000, 148
Trd, 000111.283, 158
Trd, 000111.633, 156
Trd, 000112.150, 170
Trd, 000112.633, 172
Trd, 000112.783, 177
Trd, 000114.917, 159
Trd, 000116.367, 149
Trd, 000116.700, 137
Trd, 000116.950, 149
Trd, 000117.583, 149
Trd, 000118.050, 152
Trd, 000118.183, 145
Trd, 000118.200, 162
Trd, 000118.483, 170
Trd, 000118.650, 148
Trd, 000119.050, 170
Trd, 000121.267, 161
Trd, 000121.517, 146
Trd, 000121.567, 171
Trd, 000121.733, 141
Trd, 000122.550, 172
Trd, 000122.800, 168
Trd, 000123.750, 175
Trd, 000124.483, 154
Trd, 000124.517, 135
Trd, 000124.967, 163
Trd, 000126.117, 178
Trd, 000127.050, 157
Trd, 000127.200, 151
Trd, 000128.200, 136
Trd, 000128.283, 154
Trd, 000128.633, 135
Trd, 000129.717, 151
Trd, 000130.983, 171
Trd, 000131.567, 172
Trd, 000133.383, 152
Trd, 000133.400, 166
Trd, 000133.583, 167
Trd, 000133.750, 148
Trd, 000133.983, 147
Trd, 000135.867, 135
Trd, 000136.267, 164
Trd, 000136.633, 168
Trd, 000140.183, 164
Trd, 000140.783, 148
Trd, 000141.383, 142
Trd, 000142.267, 133
Trd, 000143.317, 168
Trd, 000143.517, 141
Trd, 000144.217, 132
Trd, 000144.517, 151
Trd, 000145.017, 163
Trd, 000145.733, 164
Trd, 000146.000, 124
Trd, 000146.100, 129
Trd, 000146.300, 149
Trd, 000146.383, 102
Trd, 000147.117, 160
Trd, 000147.917, 145
Trd, 000148.017, 161
Trd, 000148.200, 165
Trd, 000149.167, 147
Trd, 000151.900, 167
Trd, 000152.617, 168
Trd, 000152.767, 163
Trd, 000153.050, 173
Trd, 000156.217, 183
Trd, 000156.300, 147
Trd, 000157.417, 159
Trd, 000157.617, 139
Trd, 000158.317, 148
Trd, 000160.867, 147
Trd, 000161.367, 178
Trd, 000161.400, 158
Trd, 000162.400, 148
Trd, 000162.533, 146
Trd, 000163.600, 177
Trd, 000166.200, 165
Trd, 000167.200, 181
Trd, 000167.567, 167
Trd, 000168.183, 149
Trd, 000169.050, 162
Trd, 000169.933, 148
Trd, 000169.983, 157
Trd, 000170.133, 135
Trd, 000170.650, 166
Trd, 000171.083, 161
Trd, 000171.533, 151
Trd, 000173.083, 164
Trd, 000173.617, 166
Trd, 000173.733, 168
Trd, 000174.533, 147
Trd, 000174.733, 162
Trd, 000176.233, 144
Trd, 000176.850, 146
Trd, 000176.967, 156
Trd, 000177.200, 156
Trd, 000177.417, 130
Trd, 000178.433, 162
Trd, 000181.167, 170
Trd, 000181.817, 161
Trd, 000182.533, 162
Trd, 000183.033, 165
Trd, 000184.017, 148
Trd, 000184.517, 147
Trd, 000186.317, 149
Trd, 000186.733, 159
Trd, 000186.850, 164
Trd, 000187.983, 163
Trd, 000188.183, 170
Trd, 000188.883, 144
Trd, 000190.733, 160
Trd, 000190.967, 163
Trd, 000191.350, 152
Trd, 000191.650, 158
Trd, 000191.783, 168
Trd, 000192.083, 157
Trd, 000194.550, 148
Trd, 000194.733, 181
Trd, 000196.267, 175
Trd, 000196.650, 151
Trd, 000197.383, 158
Trd, 000197.817, 173
Trd, 000198.600, 137
Trd, 000199.150, 150
Trd, 000199.750, 158
Trd, 000199.917, 148
Trd, 000201.700, 167
Trd, 000202.200, 156
Trd, 000203.750, 150
Trd, 000204.783, 166
Trd, 000206.700, 152
Trd, 000207.250, 165
Trd, 000207.267, 162
Trd, 000207.383, 165
Trd, 000207.700, 149
Trd, 000208.750, 159
Trd, 000212.350, 164
Trd, 000213.517, 159
Trd, 000213.600, 148
Trd, 000215.117, 151
Trd, 000216.033, 161
Trd, 000216.517, 159
Trd, 000217.000, 152
Trd, 000217.067, 160
Trd, 000217.517, 173
Trd, 000218.900, 173
Trd, 000221.233, 140
Trd, 000221.583, 164
Trd, 000222.017, 131
Trd, 000222.117, 148
Trd, 000222.300, 130
Trd, 000223.017, 140
Trd, 000223.200, 149
Trd, 000223.483, 150
Trd, 000227.100, 149
Trd, 000227.117, 162
Trd, 000227.217, 148
Trd, 000227.867, 144
Trd, 000228.600, 171
Trd, 000229.517, 146
Trd, 000232.617, 151
Trd, 000232.883, 150
Trd, 000233.750, 148
Trd, 000234.900, 145
Trd, 000235.067, 139
Trd, 000235.167, 166
Trd, 000236.867, 175
Trd, 000237.300, 172
Trd, 000237.500, 175
Trd, 000237.683, 165
Trd, 000237.967, 146
Trd, 000238.650, 149
Trd, 000240.133, 153
Trd, 000241.283, 137
Trd, 000241.717, 183
Trd, 000242.350, 173
Trd, 000242.667, 182
Trd, 000242.733, 166
Trd, 000242.817, 153
Trd, 000243.167, 162
Trd, 000243.433, 148
Trd, 000244.150, 153
Trd, 000244.767, 165
Trd, 000246.400, 181
Trd, 000246.550, 178
Trd, 000247.450, 151
Trd, 000247.567, 151
Trd, 000247.683, 138
Trd, 000248.800, 147
Trd, 000251.150, 181
Trd, 000251.917, 172
Trd, 000252.350, 173
Trd, 000252.617, 139
Trd, 000252.667, 149
Trd, 000253.300, 145
Trd, 000255.150, 167
Trd, 000256.900, 169
Trd, 000257.150, 156
Trd, 000257.667, 168
Trd, 000258.117, 166
Trd, 000258.833, 179
Trd, 000260.133, 156
Trd, 000260.367, 157
Trd, 000260.633, 159
Trd, 000262.100, 172
Trd, 000262.433, 167
Trd, 000262.933, 169
Trd, 000263.733, 148
Trd, 000264.800, 140
Trd, 000265.033, 150
Trd, 000265.417, 151
Trd, 000265.750, 159
Trd, 000265.883, 160
Trd, 000266.717, 164
Trd, 000266.783, 165
Trd, 000267.433, 170
Trd, 000267.933, 161
Trd, 000268.100, 162
Trd, 000268.200, 168
Trd, 000268.250, 148
Trd, 000268.300, 135
Trd, 000268.917, 154
Trd, 000272.183, 143
Trd, 000272.200, 142
Trd, 000272.550, 156
Trd, 000272.683, 139
Trd, 000273.900, 191
Trd, 000277.217, 147
Trd, 000277.417, 158
Trd, 000277.583, 155
Trd, 000278.300, 170
Trd, 000280.950, 155
Trd, 000281.350, 150
Trd, 000281.550, 146
Trd, 000282.333, 156
Trd, 000282.633, 161
Trd, 000283.017, 155
Trd, 000283.300, 165
Trd, 000285.517, 148
Trd, 000287.117, 148
Trd, 000287.983, 181
Trd, 000288.333, 181
Trd, 000288.667, 157
Trd, 000289.083, 144
Trd, 000290.333, 163
Trd, 000290.817, 167
Trd, 000291.967, 144
Trd, 000292.017, 158
Trd, 000292.667, 159
Trd, 000294.983, 157
Trd, 000295.133, 155
Trd, 000295.500, 162
Trd, 000297.183, 143
Trd, 000297.683, 155
Trd, 000299.483, 164
Trd, 000299.767, 151
