Trd, 000005.167, 110
Trd, 000005.250, 159
Trd, 000005.350, 124
Trd, 000005.500, 154
Trd, 000006.200, 163
Trd, 000008.700, 167
Trd, 000009.750, 153
Trd, 000010.517, 144
Trd, 000010.700, 140
Trd, 000010.883, 132
Trd, 000011.767, 149
Trd, 000013.300, 170
Trd, 000013.350, 173
Trd, 000015.233, 176
Trd, 000015.700, 169
Trd, 000016.317, 151
Trd, 000018.933, 146
Trd, 000019.033, 186
Trd, 000019.650, 179
Trd, 000020.267, 179
Trd, 000021.600, 134
Trd, 000021.900, 139
Trd, 000024.267, 153
Trd, 000025.800, 157
Trd, 000026.800, 135
Trd, 000027.533, 138
Trd, 000028.400, 154
Trd, 000029.067, 123
Trd, 000029.950, 159
Trd, 000030.167, 138
Trd, 000030.317, 160
Trd, 000030.867, 161
Trd, 000031.183, 149
Trd, 000032.133, 142
Trd, 000032.583, 177
Trd, 000035.483, 120
Trd, 000036.267, 156
Trd, 000036.450, 175
Trd, 000036.567, 135
Trd, 000037.833, 186
Trd, 000039.450, 151
Trd, 000040.550, 130
Trd, 000040.683, 168
Trd, 000041.150, 125
Trd, 000041.217, 134
Trd, 000043.517, 171
Trd, 000044.900, 168
Trd, 000046.100, 157
Trd, 000046.717, 172
Trd, 000046.950, 169
Trd, 000047.900, 155
Trd, 000048.167, 164
Trd, 000048.217, 146
Trd, 000050.617, 157
Trd, 000050.983, 151
Trd, 000051.683, 145
Trd, 000052.183, 175
Trd, 000052.400, 174
Trd, 000053.200, 158
Trd, 000055.067, 165
Trd, 000056.150, 175
Trd, 000056.700, 169
Trd, 000057.133, 144
Trd, 000057.267, 169
Trd, 000058.667, 138
Trd, 000058.850, 159
Trd, 000059.033, 161
Trd, 000061.117, 155
Trd, 000061.200, 147
Trd, 000062.833, 153
Trd, 000063.817, 162
Trd, 000064.133, 171
Trd, 000064.650, 165
Trd, 000065.633, 100
Trd, 000066.700, 154
Trd, 000067.417, 155
Trd, 000067.933, 152
Trd, 000070.050, 158
Trd, 000070.383, 145
Trd, 000070.733, 171
Trd, 000070.817, 133
Trd, 000071.200, 198
Trd, 000072.417, 142
Trd, 000072.517, 141
Trd, 000075.667, 168
Trd, 000076.600, 159
Trd, 000076.917, 146
Trd, 000077.550, 184
Trd, 000078.950, 174
Trd, 000079.700, 142
Trd, 000080.950, 171
Trd, 000081.050, 179
Trd, 000081.667, 153
Trd, 000082.167, 154
Trd, 000083.333, 179
Trd, 000085.483, 163
Trd, 000085.683, 132
Trd, 000086.833, 170
Trd, 000087.300, 172
Trd, 000088.733, 174
Trd, 000090.683, 180
Trd, 000090.817, 170
Trd, 000091.400, 137
Trd, 000091.600, 128
Trd, 000092.033, 121
Trd, 000093.733, 173
Trd, 000094.767, 170
Trd, 000095.717, 176
Trd, 000096.367, 166
Trd, 000096.417, 133
Trd, 000096.983, 159
Trd, 000097.917, 169
Trd, 000098.233, 161
Trd, 000101.050, 166
Trd, 000101.317, 184
Trd, 000102.300, 156
Trd, 000102.500, 159
Trd, 000103.467, 129
Trd, 000103.583, 149
Trd, 000104.067, 152
Trd, 000105.883, 182
Trd, 000106.950, 136
Trd, 000107.283, 182
Trd, 000107.517, 142
Trd, 000107.917, 134
Trd, 000108.250, 149
Trd, 000111.400, 117
Trd, 000111.567, 125
Trd, 000113.633, 178
Trd, 000115.517, 154
Trd, 000116.500, 161
Trd, 000116.883, 168
Trd, 000117.217, 169
Trd, 000118.083, 157
Trd, 000118.167, 128
Trd, 000118.683, 128
Trd, 000121.967, 148
Trd, 000122.183, 169
Trd, 000122.533, 140
Trd, 000122.600, 151
Trd, 000122.633, 159
Trd, 000124.600, 173
Trd, 000126.100, 142
Trd, 000126.350, 166
Trd, 000127.050, 180
Trd, 000127.750, 142
Trd, 000129.367, 171
Trd, 000129.533, 181
Trd, 000130.217, 132
Trd, 000131.033, 200
Trd, 000131.417, 149
Trd, 000131.667, 161
Trd, 000131.800, 176
Trd, 000131.933, 127
Trd, 000132.300, 146
Trd, 000134.250, 140
Trd, 000134.750, 154
Trd, 000135.517, 138
Trd, 000136.667, 137
Trd, 000136.700, 159
Trd, 000137.350, 162
Trd, 000139.183, 176
Trd, 000139.783, 183
Trd, 000140.567, 154
Trd, 000140.800, 153
Trd, 000141.283, 144
Trd, 000141.850, 155
Trd, 000143.100, 173
Trd, 000144.150, 152
Trd, 000144.983, 150
Trd, 000146.167, 126
Trd, 000146.433, 163
Trd, 000146.617, 180
Trd, 000148.100, 182
Trd, 000148.517, 160
Trd, 000150.933, 124
Trd, 000151.333, 177
Trd, 000151.467, 138
Trd, 000151.567, 152
Trd, 000151.717, 156
Trd, 000153.133, 150
Trd, 000153.867, 159
Trd, 000155.333, 160
Trd, 000156.367, 126
Trd, 000156.733, 161
Trd, 000158.133, 157
Trd, 000158.250, 163
Trd, 000158.433, 160
Trd, 000158.900, 181
Trd, 000159.833, 170
Trd, 000159.983, 150
Trd, 000160.650, 146
Trd, 000161.050, 174
Trd, 000161.117, 154
Trd, 000161.467, 151
Trd, 000162.283, 119
Trd, 000162.317, 121
Trd, 000162.783, 113
Trd, 000166.350, 128
Trd, 000166.383, 160
Trd, 000166.567, 155
Trd, 000166.983, 149
Trd, 000169.450, 156
Trd, 000170.450, 146
Trd, 000171.300, 178
Trd, 000171.650, 148
Trd, 000171.750, 162
Trd, 000172.150, 140
Trd, 000174.300, 126
Trd, 000174.867, 173
Trd, 000176.267, 133
Trd, 000176.983, 176
Trd, 000177.500, 129
Trd, 000177.600, 180
Trd, 000178.717, 169
Trd, 000180.733, 142
Trd, 000181.067, 192
Trd, 000182.383, 179
Trd, 000182.617, 172
Trd, 000183.800, 162
Trd, 000184.417, 141
Trd, 000184.700, 134
Trd, 000184.900, 157
Trd, 000185.250, 148
Trd, 000186.300, 180
Trd, 000186.383, 185
Trd, 000187.217, 176
Trd, 000187.367, 180
Trd, 000188.817, 152
Trd, 000189.617, 137
Trd, 000191.133, 181
Trd, 000191.467, 187
Trd, 000192.833, 153
Trd, 000193.133, 176
Trd, 000193.733, 144
Trd, 000196.733, 159
Trd, 000196.950, 161
Trd, 000199.583, 133
Trd, 000200.033, 147
Trd, 000200.450, 162
Trd, 000201.583, 181
Trd, 000202.633, 146
Trd, 000203.733, 156
Trd, 000204.750, 179
Trd, 000205.133, 135
Trd, 000206.483, 157
Trd, 000206.883, 162
Trd, 000207.033, 142
Trd, 000209.117, 141
Trd, 000210.050, 166
Trd, 000210.783, 141
Trd, 000211.117, 189
Trd, 000211.833, 122
Trd, 000212.767, 174
Trd, 000213.433, 152
Trd, 000213.883, 151
Trd, 000214.417, 155
Trd, 000216.650, 124
Trd, 000217.083, 123
Trd, 000217.267, 134
Trd, 000217.967, 175
Trd, 000219.917, 161
Trd, 000220.367, 154
Trd, 000220.633, 146
Trd, 000221.800, 140
Trd, 000222.000, 193
Trd, 000222.767, 145
Trd, 000224.617, 158
Trd, 000225.167, 147
Trd, 000226.067, 163
Trd, 000226.150, 181
Trd, 000226.500, 118
Trd, 000227.217, 140
Trd, 000228.483, 141
Trd, 000229.983, 130
Trd, 000231.583, 183
Trd, 000232.650, 153
Trd, 000233.283, 161
Trd, 000233.317, 163
Trd, 000236.050, 161
Trd, 000236.217, 189
Trd, 000237.767, 143
Trd, 000240.000, 160
Trd, 000240.467, 149
Trd, 000241.633, 133
Trd, 000241.900, 127
Trd, 000242.250, 154
Trd, 000242.333, 164
Trd, 000246.333, 135
Trd, 000246.983, 160
Trd, 000247.667, 144
Trd, 000248.383, 161
Trd, 000248.667, 155
Trd, 000249.067, 167
Trd, 000251.483, 119
Trd, 000251.650, 156
Trd, 000252.433, 183
Trd, 000256.133, 146
Trd, 000256.367, 186
Trd, 000256.550, 183
Trd, 000256.617, 180
Trd, 000257.067, 150
Trd, 000258.400, 167
Trd, 000260.700, 148
Trd, 000261.917, 171
Trd, 000262.117, 148
Trd, 000263.167, 173
Trd, 000263.217, 127
Trd, 000264.167, 153
Trd, 000266.167, 168
Trd, 000266.667, 167
Trd, 000266.900, 146
Trd, 000267.117, 131
Trd, 000267.817, 134
Trd, 000268.333, 146
Trd, 000268.550, 157
Trd, 000268.717, 148
Trd, 000269.467, 158
Trd, 000270.067, 144
Trd, 000271.617, 166
Trd, 000271.733, 194
Trd, 000271.750, 187
Trd, 000272.333, 136
Trd, 000272.867, 144
Trd, 000274.767, 158
Trd, 000275.067, 143
Trd, 000276.867, 160
Trd, 000277.000, 160
Trd, 000277.767, 146
Trd, 000278.600, 154
Trd, 000282.067, 168
Trd, 000282.117, 178
Trd, 000282.650, 175
Trd, 000283.467, 165
Trd, 000283.650, 145
Trd, 000286.717, 178
Trd, 000286.917, 169
Trd, 000287.783, 134
Trd, 000288.600, 140
Trd, 000288.767, 145
Trd, 000291.983, 124
Trd, 000292.267, 157
Trd, 000292.600, 163
Trd, 000292.633, 176
Trd, 000293.583, 153
Trd, 000294.883, 149
Trd, 000296.617, 193
Trd, 000297.317, 136
Trd, 000297.433, 139
Trd, 000297.467, 176
Trd, 000297.717, 177
Trd, 000298.450, 135
Trd, 000298.950, 173
Trd, 000299.517, 166
