Trd, 000005.483, 129
Trd, 000005.600, 130
Trd, 000005.717, 132
Trd, 000005.900, 132
Trd, 000006.017, 141
Trd, 000006.250, 149
Trd, 000007.233, 141
Trd, 000008.200, 145
Trd, 000010.283, 176
Trd, 000010.483, 161
Trd, 000010.783, 140
Trd, 000011.633, 151
Trd, 000012.750, 144
Trd, 000013.850, 154
Trd, 000014.767, 144
Trd, 000015.450, 130
Trd, 000015.467, 140
Trd, 000016.483, 135
Trd, 000017.117, 141
Trd, 000017.817, 142
Trd, 000018.567, 145
Trd, 000020.400, 129
Trd, 000020.667, 129
Trd, 000020.750, 144
Trd, 000021.167, 155
Trd, 000021.583, 151
Trd, 000021.733, 156
Trd, 000022.050, 149
Trd, 000022.067, 152
Trd, 000022.933, 155
Trd, 000025.600, 122
Trd, 000025.733, 174
Trd, 000026.700, 152
Trd, 000026.933, 173
Trd, 000027.867, 153
Trd, 000029.567, 153
Trd, 000030.467, 143
Trd, 000030.700, 144
Trd, 000031.900, 151
Trd, 000032.050, 148
Trd, 000032.450, 143
Trd, 000032.517, 143
Trd, 000033.633, 143
Trd, 000036.017, 175
Trd, 000036.300, 159
Trd, 000036.617, 158
Trd, 000036.900, 160
Trd, 000037.000, 151
Trd, 000037.950, 158
Trd, 000038.517, 163
Trd, 000038.633, 158
Trd, 000039.300, 132
Trd, 000039.400, 152
Trd, 000040.467, 159
Trd, 000040.933, 132
Trd, 000041.800, 145
Trd, 000042.050, 150
Trd, 000042.483, 127
Trd, 000042.850, 157
Trd, 000042.967, 164
Trd, 000043.533, 154
Trd, 000043.567, 138
Trd, 000045.417, 134
Trd, 000045.983, 144
Trd, 000046.033, 136
Trd, 000047.117, 136
Trd, 000047.733, 133
Trd, 000048.083, 161
Trd, 000049.967, 155
Trd, 000050.000, 136
Trd, 000050.683, 112
Trd, 000050.700, 115
Trd, 000051.050, 125
Trd, 000051.133, 142
Trd, 000051.767, 147
Trd, 000051.900, 153
Trd, 000052.817, 143
Trd, 000053.533, 151
Trd, 000056.467, 127
Trd, 000057.050, 134
Trd, 000057.583, 138
Trd, 000057.917, 144
Trd, 000058.217, 132
Trd, 000059.883, 133
Trd, 000060.817, 131
Trd, 000060.900, 125
Trd, 000062.583, 153
Trd, 000064.017, 151
Trd, 000064.600, 151
Trd, 000065.233, 151
Trd, 000065.567, 171
Trd, 000066.233, 135
Trd, 000067.483, 153
Trd, 000068.133, 145
Trd, 000068.883, 145
Trd, 000068.933, 144
Trd, 000070.500, 145
Trd, 000070.700, 141
Trd, 000071.117, 129
Trd, 000071.833, 139
Trd, 000073.300, 137
Trd, 000073.467, 151
Trd, 000073.733, 128
Trd, 000074.333, 154
Trd, 000076.133, 132
Trd, 000076.350, 133
Trd, 000076.717, 165
Trd, 000077.483, 150
Trd, 000078.483, 133
Trd, 000079.517, 153
Trd, 000080.583, 132
Trd, 000082.083, 163
Trd, 000082.333, 164
Trd, 000083.567, 154
Trd, 000084.600, 170
Trd, 000084.867, 161
Trd, 000085.800, 141
Trd, 000086.033, 130
Trd, 000086.100, 130
Trd, 000086.350, 140
Trd, 000087.017, 164
Trd, 000091.050, 169
Trd, 000091.250, 169
Trd, 000091.283, 169
Trd, 000091.333, 161
Trd, 000091.433, 149
Trd, 000092.050, 151
Trd, 000092.317, 173
Trd, 000093.467, 165
Trd, 000095.933, 149
Trd, 000096.133, 148
Trd, 000096.417, 113
Trd, 000097.250, 148
Trd, 000097.450, 156
Trd, 000097.633, 150
Trd, 000097.883, 151
Trd, 000098.233, 151
Trd, 000099.683, 151
Trd, 000100.717, 146
Trd, 000101.333, 142
Trd, 000101.550, 164
Trd, 000101.633, 142
Trd, 000102.700, 132
Trd, 000102.767, 162
Trd, 000103.517, 151
Trd, 000106.467, 132
Trd, 000107.667, 149
Trd, 000109.533, 156
Trd, 000110.000, 161
Trd, 000110.900, 138
Trd, 000111.117, 124
Trd, 000111.383, 145
Trd, 000111.533, 121
Trd, 000113.550, 144
Trd, 000115.867, 155
Trd, 000116.050, 104
Trd, 000116.683, 113
Trd, 000117.017, 143
Trd, 000117.533, 150
Trd, 000118.800, 155
Trd, 000120.850, 117
Trd, 000121.417, 113
Trd, 000121.667, 155
Trd, 000123.200, 165
Trd, 000124.800, 167
Trd, 000125.433, 165
Trd, 000126.000, 132
Trd, 000126.217, 138
Trd, 000126.283, 158
Trd, 000127.400, 125
Trd, 000129.150, 143
Trd, 000130.217, 149
Trd, 000130.600, 150
Trd, 000131.467, 163
Trd, 000131.850, 171
Trd, 000132.133, 171
Trd, 000132.233, 171
Trd, 000133.283, 173
Trd, 000133.667, 161
Trd, 000134.483, 171
Trd, 000134.600, 153
Trd, 000136.183, 130
Trd, 000136.317, 129
Trd, 000137.333, 159
Trd, 000137.450, 158
Trd, 000137.750, 145
Trd, 000138.783, 159
Trd, 000139.367, 168
Trd, 000141.150, 112
Trd, 000141.350, 118
Trd, 000142.083, 152
Trd, 000142.650, 151
Trd, 000142.950, 149
Trd, 000143.050, 149
Trd, 000143.067, 151
Trd, 000144.933, 139
Trd, 000146.967, 143
Trd, 000147.117, 148
Trd, 000147.250, 149
Trd, 000147.350, 162
Trd, 000147.650, 163
Trd, 000148.167, 163
Trd, 000148.850, 161
Trd, 000149.200, 156
Trd, 000149.750, 159
Trd, 000150.117, 160
Trd, 000151.850, 161
Trd, 000152.700, 141
Trd, 000153.100, 165
Trd, 000154.117, 147
Trd, 000154.783, 149
Trd, 000154.833, 151
Trd, 000155.000, 158
Trd, 000156.000, 135
Trd, 000156.400, 178
Trd, 000156.467, 134
Trd, 000157.050, 150
Trd, 000157.533, 139
Trd, 000159.167, 149
Trd, 000161.683, 112
Trd, 000162.050, 133
Trd, 000162.083, 142
Trd, 000162.567, 165
Trd, 000164.033, 165
Trd, 000165.683, 161
Trd, 000166.717, 129
Trd, 000166.817, 128
Trd, 000167.533, 154
Trd, 000167.850, 154
Trd, 000168.383, 170
Trd, 000168.433, 154
Trd, 000169.383, 133
Trd, 000170.050, 149
Trd, 000172.000, 144
Trd, 000172.117, 146
Trd, 000172.333, 126
Trd, 000172.433, 143
Trd, 000172.517, 126
Trd, 000173.050, 154
Trd, 000173.317, 163
Trd, 000174.950, 163
Trd, 000176.583, 143
Trd, 000178.083, 141
Trd, 000179.283, 139
Trd, 000179.817, 139
Trd, 000179.933, 145
Trd, 000180.583, 140
Trd, 000181.433, 145
Trd, 000181.633, 145
Trd, 000181.850, 144
Trd, 000181.950, 159
Trd, 000182.650, 151
Trd, 000183.167, 151
Trd, 000183.217, 133
Trd, 000185.467, 153
Trd, 000185.700, 150
Trd, 000186.117, 140
Trd, 000186.300, 120
Trd, 000186.333, 149
Trd, 000187.433, 127
Trd, 000189.000, 176
Trd, 000189.317, 155
Trd, 000189.450, 147
Trd, 000191.267, 125
Trd, 000191.783, 132
Trd, 000192.167, 133
Trd, 000192.517, 154
Trd, 000192.867, 152
Trd, 000193.767, 151
Trd, 000194.283, 151
Trd, 000196.150, 161
Trd, 000197.267, 155
Trd, 000197.283, 163
Trd, 000197.417, 165
Trd, 000197.517, 154
Trd, 000198.450, 155
Trd, 000198.550, 144
Trd, 000199.117, 164
Trd, 000201.917, 171
Trd, 000202.133, 180
Trd, 000202.967, 164
Trd, 000203.050, 161
Trd, 000203.183, 159
Trd, 000203.483, 145
Trd, 000205.117, 170
Trd, 000205.867, 164
Trd, 000206.450, 137
Trd, 000207.167, 141
Trd, 000207.383, 146
Trd, 000208.167, 156
Trd, 000210.200, 137
Trd, 000210.650, 138
Trd, 000211.783, 154
Trd, 000212.483, 143
Trd, 000212.800, 143
Trd, 000213.250, 139
Trd, 000213.833, 156
Trd, 000214.333, 131
Trd, 000214.700, 141
Trd, 000215.800, 124
Trd, 000216.133, 162
Trd, 000216.483, 162
Trd, 000216.700, 133
Trd, 000216.800, 132
Trd, 000217.450, 157
Trd, 000217.617, 133
Trd, 000217.867, 160
Trd, 000220.533, 138
Trd, 000221.217, 122
Trd, 000221.583, 175
Trd, 000221.800, 153
Trd, 000222.100, 142
Trd, 000222.267, 165
Trd, 000223.750, 160
Trd, 000224.283, 158
Trd, 000225.417, 142
Trd, 000226.583, 144
Trd, 000226.933, 138
Trd, 000227.400, 146
Trd, 000227.700, 130
Trd, 000228.067, 145
Trd, 000228.183, 164
Trd, 000228.800, 135
Trd, 000229.900, 160
Trd, 000230.883, 145
Trd, 000231.883, 150
Trd, 000232.150, 162
Trd, 000233.150, 152
Trd, 000233.183, 152
Trd, 000233.583, 152
Trd, 000233.967, 150
Trd, 000234.200, 173
Trd, 000235.750, 172
Trd, 000236.583, 125
Trd, 000236.850, 127
Trd, 000238.450, 133
Trd, 000238.950, 140
Trd, 000239.483, 140
Trd, 000239.633, 135
Trd, 000240.283, 145
Trd, 000240.400, 148
Trd, 000241.050, 177
Trd, 000241.367, 127
Trd, 000242.167, 153
Trd, 000242.633, 160
Trd, 000244.000, 155
Trd, 000244.767, 156
Trd, 000245.217, 174
Trd, 000245.433, 161
Trd, 000246.817, 161
Trd, 000247.133, 140
Trd, 000247.317, 143
Trd, 000247.667, 148
Trd, 000248.017, 143
Trd, 000248.600, 146
Trd, 000249.667, 141
Trd, 000251.833, 120
Trd, 000253.083, 138
Trd, 000253.133, 150
Trd, 000253.683, 146
Trd, 000253.817, 132
Trd, 000257.583, 132
Trd, 000258.117, 154
Trd, 000258.650, 132
Trd, 000258.983, 157
Trd, 000259.217, 132
Trd, 000259.350, 152
Trd, 000260.567, 134
Trd, 000261.367, 125
Trd, 000261.600, 163
Trd, 000261.950, 157
Trd, 000262.517, 157
Trd, 000262.767, 157
Trd, 000265.933, 146
Trd, 000266.083, 152
Trd, 000267.050, 173
Trd, 000267.183, 173
Trd, 000267.317, 164
Trd, 000267.667, 154
Trd, 000268.117, 157
Trd, 000269.233, 161
Trd, 000269.450, 157
Trd, 000269.667, 157
Trd, 000272.200, 126
Trd, 000272.350, 132
Trd, 000273.250, 139
Trd, 000273.683, 112
Trd, 000273.800, 136
Trd, 000276.800, 149
Trd, 000277.333, 148
Trd, 000277.983, 151
Trd, 000278.200, 151
Trd, 000279.233, 162
Trd, 000279.333, 162
Trd, 000279.567, 165
Trd, 000279.883, 150
Trd, 000280.167, 186
Trd, 000280.883, 159
Trd, 000281.767, 128
Trd, 000282.150, 145
Trd, 000282.883, 127
Trd, 000283.450, 147
Trd, 000283.833, 139
Trd, 000284.217, 161
Trd, 000285.117, 161
Trd, 000286.517, 114
Trd, 000286.600, 124
Trd, 000286.900, 169
Trd, 000287.300, 126
Trd, 000287.633, 147
Trd, 000288.667, 141
Trd, 000290.767, 159
Trd, 000290.933, 144
Trd, 000291.683, 164
Trd, 000291.800, 126
Trd, 000292.983, 153
Trd, 000293.067, 155
Trd, 000293.283, 148
Trd, 000294.500, 152
Trd, 000295.067, 152
Trd, 000296.000, 148
Trd, 000296.717, 113
Trd, 000296.867, 132
Trd, 000297.667, 131
Trd, 000298.417, 155
Trd, 000299.217, 144
Trd, 000299.617, 153
