Trd, 000005.050, 170
Trd, 000005.217, 154
Trd, 000005.683, 134
Trd, 000005.700, 137
Trd, 000005.833, 124
Trd, 000006.083, 164
Trd, 000006.450, 157
Trd, 000006.667, 105
Trd, 000006.883, 120
Trd, 000007.167, 162
Trd, 000007.933, 144
Trd, 000010.500, 141
Trd, 000010.783, 169
Trd, 000011.267, 160
Trd, 000011.517, 166
Trd, 000011.633, 150
Trd, 000012.633, 155
Trd, 000014.167, 148
Trd, 000014.250, 139
Trd, 000016.450, 130
Trd, 000016.750, 127
Trd, 000016.933, 166
Trd, 000018.450, 172
Trd, 000019.833, 148
Trd, 000020.667, 168
Trd, 000020.933, 182
Trd, 000021.400, 138
Trd, 000022.250, 153
Trd, 000022.450, 176
Trd, 000023.400, 144
Trd, 000024.467, 155
Trd, 000025.450, 152
Trd, 000026.933, 166
Trd, 000027.233, 148
Trd, 000027.500, 139
Trd, 000028.783, 143
Trd, 000030.133, 164
Trd, 000030.633, 115
Trd, 000031.250, 164
Trd, 000031.333, 144
Trd, 000031.783, 170
Trd, 000032.983, 168
Trd, 000033.517, 161
Trd, 000036.267, 126
Trd, 000036.583, 133
Trd, 000037.617, 136
Trd, 000038.400, 164
Trd, 000038.767, 167
Trd, 000038.833, 140
Trd, 000040.583, 169
Trd, 000041.717, 189
Trd, 000041.967, 190
Trd, 000042.200, 169
Trd, 000042.883, 156
Trd, 000045.617, 146
Trd, 000046.100, 125
Trd, 000046.417, 135
Trd, 000047.067, 168
Trd, 000047.767, 146
Trd, 000049.783, 149
Trd, 000050.750, 166
Trd, 000050.917, 172
Trd, 000051.117, 166
Trd, 000051.183, 175
Trd, 000052.750, 161
Trd, 000054.633, 183
Trd, 000056.183, 189
Trd, 000056.517, 183
Trd, 000056.567, 172
Trd, 000057.550, 162
Trd, 000058.367, 177
Trd, 000058.900, 166
Trd, 000059.583, 172
Trd, 000060.500, 172
Trd, 000061.800, 139
Trd, 000063.083, 178
Trd, 000063.383, 153
Trd, 000065.000, 147
Trd, 000065.733, 130
Trd, 000065.933, 166
Trd, 000066.567, 147
Trd, 000067.150, 153
Trd, 000067.317, 165
Trd, 000068.500, 136
Trd, 000069.050, 134
Trd, 000070.483, 123
Trd, 000071.717, 162
Trd, 000072.633, 154
Trd, 000072.867, 148
Trd, 000073.033, 156
Trd, 000075.933, 169
Trd, 000075.950, 164
Trd, 000076.133, 134
Trd, 000076.767, 162
Trd, 000077.117, 150
Trd, 000079.767, 168
Trd, 000080.750, 132
Trd, 000081.783, 132
Trd, 000082.567, 145
Trd, 000083.150, 166
Trd, 000083.217, 174
Trd, 000083.283, 176
Trd, 000083.967, 158
Trd, 000084.367, 145
Trd, 000087.067, 160
Trd, 000088.000, 150
Trd, 000088.783, 142
Trd, 000091.050, 142
Trd, 000091.533, 179
Trd, 000091.633, 145
Trd, 000092.167, 172
Trd, 000094.217, 166
Trd, 000095.617, 172
Trd, 000096.483, 172
Trd, 000098.900, 166
Trd, 000100.683, 152
Trd, 000101.883, 171
Trd, 000102.200, 161
Trd, 000102.783, 169
Trd, 000102.950, 146
Trd, 000103.917, 149
Trd, 000106.333, 153
Trd, 000107.483, 158
Trd, 000109.700, 170
Trd, 000110.283, 164
Trd, 000110.750, 154
Trd, 000111.050, 169
Trd, 000112.750, 151
Trd, 000113.083, 131
Trd, 000114.033, 175
Trd, 000114.500, 136
Trd, 000114.867, 129
Trd, 000116.083, 168
Trd, 000117.450, 158
Trd, 000118.650, 153
Trd, 000119.150, 132
Trd, 000119.200, 176
Trd, 000121.183, 169
Trd, 000121.800, 150
Trd, 000123.367, 151
Trd, 000123.633, 135
Trd, 000124.367, 167
Trd, 000126.467, 171
Trd, 000126.783, 185
Trd, 000127.300, 180
Trd, 000128.217, 161
Trd, 000128.717, 148
Trd, 000128.817, 144
Trd, 000129.050, 165
Trd, 000130.017, 152
Trd, 000130.267, 127
Trd, 000131.433, 135
Trd, 000131.533, 189
Trd, 000131.967, 172
Trd, 000132.800, 168
Trd, 000133.950, 179
Trd, 000134.817, 147
Trd, 000136.650, 137
Trd, 000137.483, 146
Trd, 000138.083, 154
Trd, 000139.117, 165
Trd, 000139.467, 166
Trd, 000140.333, 165
Trd, 000141.283, 159
Trd, 000141.600, 154
Trd, 000142.217, 176
Trd, 000143.400, 153
Trd, 000144.333, 156
Trd, 000144.700, 147
Trd, 000146.433, 171
Trd, 000146.550, 148
Trd, 000146.583, 187
Trd, 000146.917, 126
Trd, 000146.950, 184
Trd, 000147.483, 149
Trd, 000148.167, 151
Trd, 000148.683, 149
Trd, 000148.983, 146
Trd, 000149.833, 157
Trd, 000151.767, 187
Trd, 000151.867, 171
Trd, 000154.833, 189
Trd, 000156.117, 165
Trd, 000156.917, 169
Trd, 000157.483, 135
Trd, 000158.350, 154
Trd, 000158.600, 175
Trd, 000159.517, 165
Trd, 000159.533, 157
Trd, 000159.617, 149
Trd, 000160.267, 123
Trd, 000161.217, 134
Trd, 000161.850, 156
Trd, 000162.017, 139
Trd, 000162.750, 164
Trd, 000162.833, 169
Trd, 000163.867, 159
Trd, 000166.283, 149
Trd, 000166.700, 189
Trd, 000167.317, 167
Trd, 000167.667, 160
Trd, 000168.333, 158
Trd, 000169.000, 149
Trd, 000171.083, 141
Trd, 000171.467, 183
Trd, 000172.567, 155
Trd, 000174.033, 167
Trd, 000175.100, 138
Trd, 000176.100, 121
Trd, 000176.467, 184
Trd, 000177.200, 171
Trd, 000177.983, 151
Trd, 000179.350, 164
Trd, 000181.233, 121
Trd, 000181.333, 166
Trd, 000182.867, 151
Trd, 000183.133, 154
Trd, 000185.383, 176
Trd, 000185.517, 161
Trd, 000185.883, 152
Trd, 000186.450, 153
Trd, 000186.533, 154
Trd, 000186.650, 191
Trd, 000187.067, 145
Trd, 000187.233, 140
Trd, 000187.933, 152
Trd, 000188.517, 150
Trd, 000190.467, 153
Trd, 000191.433, 171
Trd, 000191.567, 169
Trd, 000191.917, 164
Trd, 000192.900, 153
Trd, 000195.283, 165
Trd, 000196.717, 157
Trd, 000196.867, 168
Trd, 000197.400, 158
Trd, 000197.717, 164
Trd, 000198.250, 162
Trd, 000199.917, 153
Trd, 000200.400, 173
Trd, 000201.267, 124
Trd, 000202.167, 180
Trd, 000202.600, 170
Trd, 000203.767, 155
Trd, 000204.417, 146
Trd, 000204.850, 153
Trd, 000206.967, 187
Trd, 000207.067, 174
Trd, 000207.100, 171
Trd, 000207.117, 167
Trd, 000209.833, 164
Trd, 000211.567, 182
Trd, 000211.667, 145
Trd, 000211.750, 137
Trd, 000212.550, 138
Trd, 000212.833, 138
Trd, 000215.183, 160
Trd, 000215.300, 143
Trd, 000215.867, 184
Trd, 000217.533, 159
Trd, 000217.800, 159
Trd, 000218.033, 175
Trd, 000218.783, 172
Trd, 000218.900, 153
Trd, 000220.367, 149
Trd, 000221.383, 152
Trd, 000221.733, 167
Trd, 000221.850, 134
Trd, 000223.433, 172
Trd, 000226.750, 138
Trd, 000227.400, 172
Trd, 000228.250, 158
Trd, 000228.450, 161
Trd, 000230.133, 146
Trd, 000230.667, 164
Trd, 000231.117, 168
Trd, 000232.133, 190
Trd, 000232.483, 190
Trd, 000233.400, 171
Trd, 000233.983, 169
Trd, 000234.650, 162
Trd, 000236.467, 126
Trd, 000236.667, 128
Trd, 000236.867, 152
Trd, 000237.250, 155
Trd, 000239.100, 165
Trd, 000239.433, 171
Trd, 000240.183, 143
Trd, 000241.600, 152
Trd, 000243.500, 172
Trd, 000245.317, 163
Trd, 000246.833, 175
Trd, 000246.867, 170
Trd, 000247.450, 145
Trd, 000247.950, 136
Trd, 000248.217, 142
Trd, 000248.317, 141
Trd, 000249.283, 159
Trd, 000252.333, 166
Trd, 000252.983, 172
Trd, 000253.183, 169
Trd, 000255.483, 178
Trd, 000256.450, 172
Trd, 000257.100, 136
Trd, 000258.717, 143
Trd, 000260.133, 157
Trd, 000260.517, 141
Trd, 000261.367, 191
Trd, 000261.967, 144
Trd, 000263.217, 162
Trd, 000263.767, 158
Trd, 000265.200, 160
Trd, 000265.500, 171
Trd, 000266.700, 159
Trd, 000268.017, 153
Trd, 000268.483, 144
Trd, 000269.167, 181
Trd, 000270.450, 175
Trd, 000270.983, 142
Trd, 000272.000, 168
Trd, 000272.850, 179
Trd, 000272.967, 171
Trd, 000274.100, 166
Trd, 000274.717, 132
Trd, 000277.583, 171
Trd, 000278.183, 166
Trd, 000278.350, 160
Trd, 000279.617, 154
Trd, 000279.683, 152
Trd, 000279.817, 169
Trd, 000280.833, 137
Trd, 000281.617, 138
Trd, 000282.400, 170
Trd, 000282.667, 147
Trd, 000283.983, 141
Trd, 000286.267, 138
Trd, 000286.767, 171
Trd, 000287.067, 180
Trd, 000287.667, 156
Trd, 000288.167, 171
Trd, 000291.133, 147
Trd, 000291.383, 150
Trd, 000292.000, 197
Trd, 000292.117, 168
Trd, 000292.350, 166
Trd, 000292.600, 136
Trd, 000292.883, 181
Trd, 000294.167, 147
Trd, 000295.733, 164
Trd, 000296.933, 149
Trd, 000296.983, 162
Trd, 000297.233, 183
Trd, 000297.917, 168
Trd, 000298.000, 132
Trd, 000298.367, 189
Trd, 000298.717, 157
