Trd, 000005.183, 120
Trd, 000005.300, 129
Trd, 000005.383, 132
Trd, 000005.867, 139
Trd, 000006.117, 155
Trd, 000007.033, 155
Trd, 000007.583, 181
Trd, 000007.633, 151
Trd, 000007.700, 181
Trd, 000008.350, 155
Trd, 000010.683, 165
Trd, 000010.717, 160
Trd, 000010.983, 156
Trd, 000011.450, 162
Trd, 000011.583, 158
Trd, 000011.967, 149
Trd, 000012.567, 141
Trd, 000014.133, 156
Trd, 000015.450, 168
Trd, 000015.667, 165
Trd, 000015.917, 165
Trd, 000016.767, 168
Trd, 000017.783, 169
Trd, 000018.317, 161
Trd, 000018.400, 160
Trd, 000019.700, 154
Trd, 000020.883, 190
Trd, 000021.333, 185
Trd, 000021.433, 160
Trd, 000021.917, 160
Trd, 000023.300, 165
Trd, 000024.767, 157
Trd, 000025.717, 152
Trd, 000026.417, 170
Trd, 000027.033, 167
Trd, 000027.150, 162
Trd, 000028.017, 161
Trd, 000028.617, 153
Trd, 000028.900, 153
Trd, 000029.417, 161
Trd, 000030.517, 163
Trd, 000030.917, 136
Trd, 000031.550, 157
Trd, 000031.850, 160
Trd, 000032.150, 161
Trd, 000032.317, 167
Trd, 000032.850, 177
Trd, 000033.233, 166
Trd, 000033.767, 157
Trd, 000035.517, 195
Trd, 000035.917, 143
Trd, 000035.967, 163
Trd, 000036.200, 145
Trd, 000036.683, 146
Trd, 000037.317, 138
Trd, 000037.433, 139
Trd, 000037.717, 162
Trd, 000038.983, 137
Trd, 000040.400, 159
Trd, 000040.633, 175
Trd, 000040.917, 162
Trd, 000041.350, 162
Trd, 000041.933, 157
Trd, 000042.967, 170
Trd, 000045.100, 149
Trd, 000046.017, 164
Trd, 000046.400, 143
Trd, 000046.817, 148
Trd, 000047.383, 170
Trd, 000047.833, 148
Trd, 000048.317, 170
Trd, 000050.433, 147
Trd, 000050.733, 148
Trd, 000050.967, 162
Trd, 000051.683, 173
Trd, 000051.783, 145
Trd, 000053.983, 193
Trd, 000054.017, 143
Trd, 000054.717, 160
Trd, 000055.617, 156
Trd, 000055.867, 174
Trd, 000058.333, 164
Trd, 000059.067, 161
Trd, 000061.000, 152
Trd, 000061.100, 164
Trd, 000061.133, 148
Trd, 000061.783, 196
Trd, 000063.183, 163
Trd, 000063.383, 171
Trd, 000064.767, 160
Trd, 000066.300, 165
Trd, 000067.200, 181
Trd, 000067.983, 172
Trd, 000068.350, 161
Trd, 000068.450, 160
Trd, 000069.100, 144
Trd, 000070.317, 146
Trd, 000070.767, 198
Trd, 000071.317, 163
Trd, 000071.850, 171
Trd, 000072.183, 145
Trd, 000074.633, 165
Trd, 000077.583, 164
Trd, 000077.750, 160
Trd, 000079.067, 166
Trd, 000079.617, 157
Trd, 000080.033, 160
Trd, 000080.667, 197
Trd, 000082.133, 161
Trd, 000082.383, 167
Trd, 000082.967, 157
Trd, 000084.317, 155
Trd, 000086.350, 180
Trd, 000087.267, 162
Trd, 000087.667, 169
Trd, 000087.917, 160
Trd, 000088.383, 141
Trd, 000089.467, 141
Trd, 000090.717, 140
Trd, 000090.800, 130
Trd, 000091.033, 191
Trd, 000091.367, 164
Trd, 000092.300, 168
Trd, 000092.333, 171
Trd, 000093.017, 157
Trd, 000095.733, 200
Trd, 000096.650, 144
Trd, 000097.267, 154
Trd, 000098.000, 144
Trd, 000099.633, 150
Trd, 000099.833, 142
Trd, 000100.250, 141
Trd, 000100.267, 153
Trd, 000100.833, 168
Trd, 000101.217, 162
Trd, 000101.850, 150
Trd, 000102.733, 155
Trd, 000103.033, 145
Trd, 000103.117, 140
Trd, 000104.650, 158
Trd, 000105.717, 145
Trd, 000105.983, 197
Trd, 000107.317, 164
Trd, 000108.383, 158
Trd, 000108.567, 161
Trd, 000111.267, 185
Trd, 000111.450, 163
Trd, 000112.117, 160
Trd, 000112.400, 153
Trd, 000113.717, 133
Trd, 000113.867, 161
Trd, 000114.000, 126
Trd, 000114.133, 162
Trd, 000115.983, 155
Trd, 000116.033, 165
Trd, 000116.700, 155
Trd, 000117.267, 165
Trd, 000117.300, 160
Trd, 000118.683, 151
Trd, 000118.717, 145
Trd, 000121.067, 127
Trd, 000121.767, 131
Trd, 000121.883, 157
Trd, 000122.267, 143
Trd, 000124.867, 145
Trd, 000125.350, 147
Trd, 000126.100, 199
Trd, 000127.400, 166
Trd, 000128.467, 162
Trd, 000129.333, 161
Trd, 000129.650, 160
Trd, 000130.783, 150
Trd, 000130.967, 167
Trd, 000131.067, 170
Trd, 000131.567, 162
Trd, 000132.733, 156
Trd, 000133.817, 167
Trd, 000134.817, 169
Trd, 000134.850, 147
Trd, 000135.500, 151
Trd, 000136.733, 175
Trd, 000137.717, 165
Trd, 000137.800, 158
Trd, 000137.867, 188
Trd, 000137.900, 189
Trd, 000138.933, 166
Trd, 000141.933, 172
Trd, 000143.817, 181
Trd, 000143.983, 161
Trd, 000144.233, 153
Trd, 000144.350, 171
Trd, 000144.800, 138
Trd, 000145.450, 139
Trd, 000146.083, 170
Trd, 000146.317, 159
Trd, 000146.900, 150
Trd, 000147.150, 158
Trd, 000147.450, 152
Trd, 000150.683, 155
Trd, 000150.900, 164
Trd, 000151.517, 162
Trd, 000151.583, 152
Trd, 000152.517, 161
Trd, 000152.933, 165
Trd, 000155.083, 168
Trd, 000155.933, 108
Trd, 000156.133, 159
Trd, 000158.533, 166
Trd, 000159.300, 160
Trd, 000160.750, 167
Trd, 000161.300, 160
Trd, 000161.533, 189
Trd, 000161.750, 168
Trd, 000162.267, 166
Trd, 000163.000, 194
Trd, 000164.583, 155
Trd, 000166.650, 160
Trd, 000167.233, 173
Trd, 000167.500, 170
Trd, 000168.000, 165
Trd, 000168.383, 146
Trd, 000169.217, 165
Trd, 000170.567, 161
Trd, 000170.817, 172
Trd, 000171.767, 166
Trd, 000171.883, 164
Trd, 000172.017, 162
Trd, 000172.167, 157
Trd, 000172.550, 151
Trd, 000172.633, 144
Trd, 000173.050, 156
Trd, 000176.250, 200
Trd, 000176.850, 163
Trd, 000177.000, 150
Trd, 000177.633, 174
Trd, 000177.650, 159
Trd, 000177.667, 145
Trd, 000178.133, 161
Trd, 000178.750, 156
Trd, 000180.850, 133
Trd, 000182.083, 198
Trd, 000182.583, 186
Trd, 000183.433, 163
Trd, 000183.833, 170
Trd, 000184.417, 156
Trd, 000184.450, 150
Trd, 000185.100, 134
Trd, 000186.067, 149
Trd, 000186.333, 184
Trd, 000186.450, 161
Trd, 000186.550, 139
Trd, 000187.050, 187
Trd, 000188.050, 161
Trd, 000188.150, 168
Trd, 000188.650, 152
Trd, 000189.100, 136
Trd, 000190.567, 164
Trd, 000191.417, 141
Trd, 000191.917, 156
Trd, 000192.000, 157
Trd, 000192.050, 157
Trd, 000192.433, 145
Trd, 000192.800, 157
Trd, 000194.267, 144
Trd, 000196.583, 200
Trd, 000196.783, 167
Trd, 000197.850, 152
Trd, 000198.517, 156
Trd, 000199.350, 159
Trd, 000199.383, 142
Trd, 000201.700, 187
Trd, 000202.167, 162
Trd, 000202.967, 162
Trd, 000203.533, 171
Trd, 000204.050, 145
Trd, 000204.583, 141
Trd, 000206.033, 148
Trd, 000207.317, 155
Trd, 000207.383, 146
Trd, 000207.650, 161
Trd, 000207.700, 184
Trd, 000209.017, 131
Trd, 000209.100, 137
Trd, 000209.817, 157
Trd, 000210.433, 164
Trd, 000212.417, 154
Trd, 000213.233, 163
Trd, 000213.600, 156
Trd, 000213.733, 167
Trd, 000214.050, 150
Trd, 000214.650, 158
Trd, 000215.117, 158
Trd, 000217.750, 184
Trd, 000219.300, 168
Trd, 000219.833, 169
Trd, 000221.033, 165
Trd, 000222.317, 159
Trd, 000222.983, 162
Trd, 000223.600, 164
Trd, 000224.217, 153
Trd, 000225.833, 149
Trd, 000226.317, 160
Trd, 000226.717, 187
Trd, 000226.917, 167
Trd, 000227.400, 173
Trd, 000228.767, 160
Trd, 000229.133, 173
Trd, 000230.517, 146
Trd, 000231.217, 164
Trd, 000232.000, 162
Trd, 000232.883, 152
Trd, 000233.000, 168
Trd, 000234.850, 146
Trd, 000235.883, 146
Trd, 000236.433, 149
Trd, 000237.350, 166
Trd, 000237.867, 162
Trd, 000237.933, 173
Trd, 000238.200, 160
Trd, 000238.867, 155
Trd, 000239.800, 185
Trd, 000240.867, 160
Trd, 000241.883, 199
Trd, 000242.700, 189
Trd, 000242.817, 168
Trd, 000244.650, 161
Trd, 000244.667, 160
Trd, 000245.233, 166
Trd, 000246.267, 159
Trd, 000246.717, 198
Trd, 000248.117, 167
Trd, 000249.367, 137
Trd, 000250.550, 162
Trd, 000251.150, 145
Trd, 000252.233, 164
Trd, 000252.583, 161
Trd, 000252.867, 191
Trd, 000253.917, 167
Trd, 000254.383, 200
Trd, 000254.400, 164
Trd, 000256.300, 162
Trd, 000256.667, 163
Trd, 000256.717, 161
Trd, 000257.167, 193
Trd, 000257.250, 171
Trd, 000257.883, 152
Trd, 000258.917, 144
Trd, 000261.683, 172
Trd, 000262.317, 175
Trd, 000262.483, 163
Trd, 000263.717, 168
Trd, 000263.733, 161
Trd, 000265.583, 171
Trd, 000265.817, 160
Trd, 000266.133, 150
Trd, 000266.867, 144
Trd, 000266.983, 151
Trd, 000267.567, 166
Trd, 000267.850, 162
Trd, 000269.333, 167
Trd, 000270.750, 158
Trd, 000271.133, 154
Trd, 000271.850, 163
Trd, 000272.217, 192
Trd, 000272.650, 194
Trd, 000276.517, 163
Trd, 000276.867, 142
Trd, 000277.417, 169
Trd, 000278.400, 158
Trd, 000278.883, 149
Trd, 000279.650, 144
Trd, 000279.750, 147
Trd, 000281.617, 197
Trd, 000281.867, 148
Trd, 000282.200, 168
Trd, 000282.783, 163
Trd, 000284.667, 165
Trd, 000285.667, 158
Trd, 000286.633, 104
Trd, 000287.183, 175
Trd, 000287.367, 163
Trd, 000288.100, 162
Trd, 000288.533, 163
Trd, 000288.867, 155
Trd, 000291.733, 149
Trd, 000292.100, 165
Trd, 000292.950, 168
Trd, 000293.167, 167
Trd, 000293.783, 157
Trd, 000294.917, 170
Trd, 000295.667, 181
Trd, 000297.183, 163
Trd, 000297.317, 173
Trd, 000297.933, 157
Trd, 000298.467, 172
Trd, 000299.133, 178
