Trd, 000005.300, 135
Trd, 000005.350, 142
Trd, 000005.717, 148
Trd, 000006.517, 126
Trd, 000007.467, 142
Trd, 000008.217, 155
Trd, 000008.400, 152
Trd, 000008.983, 158
Trd, 000010.517, 154
Trd, 000010.883, 164
Trd, 000010.917, 147
Trd, 000011.017, 141
Trd, 000011.400, 136
Trd, 000012.367, 162
Trd, 000012.717, 147
Trd, 000014.133, 164
Trd, 000015.333, 151
Trd, 000016.833, 153
Trd, 000016.967, 156
Trd, 000017.050, 156
Trd, 000017.267, 165
Trd, 000017.983, 157
Trd, 000018.017, 147
Trd, 000018.083, 158
Trd, 000019.017, 142
Trd, 000020.767, 167
Trd, 000021.850, 162
Trd, 000022.267, 145
Trd, 000023.567, 150
Trd, 000023.933, 167
Trd, 000025.533, 194
Trd, 000025.567, 132
Trd, 000025.800, 159
Trd, 000025.883, 153
Trd, 000026.900, 157
Trd, 000028.467, 158
Trd, 000030.867, 143
Trd, 000032.850, 149
Trd, 000034.650, 157
Trd, 000035.050, 162
Trd, 000036.167, 157
Trd, 000036.517, 166
Trd, 000037.783, 146
Trd, 000038.600, 158
Trd, 000040.850, 140
Trd, 000041.100, 147
Trd, 000041.300, 144
Trd, 000041.800, 168
Trd, 000042.800, 156
Trd, 000042.950, 165
Trd, 000045.433, 139
Trd, 000046.133, 158
Trd, 000047.250, 162
Trd, 000048.033, 143
Trd, 000048.650, 153
Trd, 000049.783, 134
Trd, 000050.967, 165
Trd, 000051.817, 158
Trd, 000052.850, 145
Trd, 000054.467, 160
Trd, 000054.483, 153
Trd, 000054.600, 167
Trd, 000055.417, 163
Trd, 000056.333, 168
Trd, 000056.650, 168
Trd, 000057.100, 158
Trd, 000057.383, 155
Trd, 000059.683, 150
Trd, 000060.417, 192
Trd, 000061.150, 168
Trd, 000062.217, 163
Trd, 000062.433, 168
Trd, 000062.767, 161
Trd, 000063.967, 145
Trd, 000065.800, 168
Trd, 000066.183, 158
Trd, 000066.933, 156
Trd, 000068.233, 158
Trd, 000068.583, 158
Trd, 000069.633, 159
Trd, 000070.967, 170
Trd, 000071.167, 163
Trd, 000072.450, 161
Trd, 000072.900, 144
Trd, 000075.650, 165
Trd, 000077.117, 153
Trd, 000077.250, 148
Trd, 000079.433, 158
Trd, 000080.617, 168
Trd, 000081.633, 150
Trd, 000081.783, 158
Trd, 000086.100, 142
Trd, 000086.300, 167
Trd, 000087.600, 151
Trd, 000087.883, 175
Trd, 000089.217, 159
Trd, 000090.900, 109
Trd, 000091.033, 135
Trd, 000092.650, 158
Trd, 000093.283, 166
Trd, 000093.950, 165
Trd, 000094.300, 158
Trd, 000095.000, 151
Trd, 000096.350, 165
Trd, 000097.833, 154
Trd, 000098.183, 168
Trd, 000098.550, 150
Trd, 000098.633, 173
Trd, 000099.600, 157
Trd, 000101.533, 164
Trd, 000102.050, 169
Trd, 000103.067, 144
Trd, 000103.817, 164
Trd, 000106.433, 173
Trd, 000106.550, 142
Trd, 000107.983, 141
Trd, 000108.900, 156
Trd, 000109.233, 167
Trd, 000110.167, 147
Trd, 000110.850, 155
Trd, 000110.933, 151
Trd, 000111.433, 165
Trd, 000114.067, 161
Trd, 000114.350, 154
Trd, 000115.750, 138
Trd, 000117.067, 165
Trd, 000117.583, 165
Trd, 000117.700, 160
Trd, 000118.900, 138
Trd, 000119.200, 168
Trd, 000121.233, 170
Trd, 000122.117, 160
Trd, 000123.083, 156
Trd, 000123.750, 148
Trd, 000124.350, 155
Trd, 000126.000, 169
Trd, 000126.950, 167
Trd, 000127.467, 152
Trd, 000128.367, 166
Trd, 000130.317, 145
Trd, 000132.167, 144
Trd, 000132.633, 147
Trd, 000132.700, 138
Trd, 000132.800, 152
Trd, 000133.600, 165
Trd, 000135.567, 162
Trd, 000136.617, 154
Trd, 000136.700, 136
Trd, 000137.767, 161
Trd, 000139.867, 169
Trd, 000140.217, 145
Trd, 000141.283, 169
Trd, 000141.483, 165
Trd, 000142.217, 160
Trd, 000143.533, 151
Trd, 000144.317, 147
Trd, 000144.400, 153
Trd, 000145.917, 181
Trd, 000146.283, 145
Trd, 000146.450, 138
Trd, 000147.267, 147
Trd, 000148.800, 152
Trd, 000149.283, 160
Trd, 000149.367, 156
Trd, 000151.883, 165
Trd, 000152.200, 166
Trd, 000152.700, 145
Trd, 000153.500, 162
Trd, 000153.650, 160
Trd, 000155.150, 150
Trd, 000155.800, 162
Trd, 000156.117, 146
Trd, 000156.650, 167
Trd, 000157.250, 168
Trd, 000158.083, 141
Trd, 000158.417, 127
Trd, 000162.233, 148
Trd, 000163.633, 165
Trd, 000164.467, 161
Trd, 000165.400, 158
Trd, 000166.167, 130
Trd, 000166.450, 157
Trd, 000166.850, 162
Trd, 000167.150, 161
Trd, 000167.817, 168
Trd, 000168.800, 142
Trd, 000169.667, 147
Trd, 000172.133, 166
Trd, 000173.083, 160
Trd, 000173.200, 142
Trd, 000173.417, 163
Trd, 000173.433, 137
Trd, 000174.450, 148
Trd, 000176.383, 176
Trd, 000176.633, 162
Trd, 000177.283, 148
Trd, 000178.917, 167
Trd, 000179.117, 163
Trd, 000180.467, 157
Trd, 000180.483, 138
Trd, 000180.817, 159
Trd, 000181.133, 161
Trd, 000181.183, 152
Trd, 000183.283, 168
Trd, 000184.133, 145
Trd, 000184.417, 164
Trd, 000185.917, 170
Trd, 000186.583, 153
Trd, 000186.900, 172
Trd, 000187.583, 165
Trd, 000187.833, 163
Trd, 000188.550, 157
Trd, 000189.217, 143
Trd, 000189.750, 150
Trd, 000190.417, 158
Trd, 000191.717, 161
Trd, 000192.433, 165
Trd, 000192.800, 147
Trd, 000195.033, 150
Trd, 000195.383, 149
Trd, 000196.217, 149
Trd, 000197.183, 161
Trd, 000197.667, 152
Trd, 000198.033, 156
Trd, 000198.733, 149
Trd, 000198.950, 163
Trd, 000201.550, 130
Trd, 000202.567, 152
Trd, 000202.950, 141
Trd, 000206.383, 147
Trd, 000206.683, 150
Trd, 000207.250, 149
Trd, 000207.533, 166
Trd, 000207.650, 139
Trd, 000208.517, 139
Trd, 000212.133, 135
Trd, 000212.367, 157
Trd, 000213.383, 147
Trd, 000213.917, 148
Trd, 000213.967, 164
Trd, 000215.667, 156
Trd, 000216.467, 158
Trd, 000217.783, 143
Trd, 000218.067, 123
Trd, 000218.483, 136
Trd, 000220.283, 168
Trd, 000221.817, 157
Trd, 000221.967, 169
Trd, 000223.300, 159
Trd, 000224.050, 149
Trd, 000224.350, 148
Trd, 000226.567, 129
Trd, 000226.700, 152
Trd, 000226.833, 165
Trd, 000228.267, 151
Trd, 000228.667, 145
Trd, 000228.850, 148
Trd, 000229.317, 152
Trd, 000230.350, 151
Trd, 000231.383, 153
Trd, 000231.900, 152
Trd, 000231.983, 170
Trd, 000232.183, 137
Trd, 000232.433, 142
Trd, 000232.667, 149
Trd, 000233.017, 157
Trd, 000234.333, 146
Trd, 000234.550, 163
Trd, 000236.250, 160
Trd, 000237.217, 151
Trd, 000237.767, 163
Trd, 000238.033, 156
Trd, 000239.233, 135
Trd, 000241.767, 165
Trd, 000243.033, 153
Trd, 000243.150, 168
Trd, 000245.033, 157
Trd, 000245.617, 153
Trd, 000246.367, 198
Trd, 000247.100, 165
Trd, 000248.767, 155
Trd, 000249.167, 154
Trd, 000251.117, 150
Trd, 000251.500, 107
Trd, 000251.933, 168
Trd, 000253.783, 144
Trd, 000254.000, 130
Trd, 000255.433, 165
Trd, 000255.867, 161
Trd, 000256.683, 169
Trd, 000257.217, 162
Trd, 000257.683, 173
Trd, 000258.500, 164
Trd, 000258.750, 159
Trd, 000260.617, 159
Trd, 000261.583, 169
Trd, 000261.717, 168
Trd, 000262.317, 149
Trd, 000263.033, 166
Trd, 000263.600, 159
Trd, 000266.900, 165
Trd, 000267.967, 155
Trd, 000268.333, 161
Trd, 000269.250, 164
Trd, 000269.700, 153
Trd, 000272.667, 154
Trd, 000273.400, 152
Trd, 000275.067, 163
Trd, 000275.667, 164
Trd, 000276.333, 155
Trd, 000276.733, 147
Trd, 000277.583, 150
Trd, 000277.683, 165
Trd, 000278.250, 157
Trd, 000279.733, 148
Trd, 000281.017, 161
Trd, 000281.800, 174
Trd, 000281.817, 157
Trd, 000282.317, 153
Trd, 000282.333, 156
Trd, 000283.683, 149
Trd, 000284.783, 167
Trd, 000285.017, 158
Trd, 000287.033, 163
Trd, 000287.367, 162
Trd, 000287.500, 169
Trd, 000287.850, 154
Trd, 000288.617, 150
Trd, 000289.800, 150
Trd, 000291.900, 169
Trd, 000291.950, 165
Trd, 000292.233, 156
Trd, 000293.350, 143
Trd, 000295.550, 145
Trd, 000296.400, 162
Trd, 000297.000, 170
Trd, 000297.400, 134
Trd, 000297.717, 137
Trd, 000298.367, 160
Trd, 000299.067, 166
Trd, 000299.133, 149
