Trd, 000005.300, 181
Trd, 000005.467, 130
Trd, 000005.783, 156
Trd, 000006.267, 142
Trd, 000008.017, 133
Trd, 000008.200, 153
Trd, 000008.683, 122
Trd, 000010.167, 125
Trd, 000010.567, 120
Trd, 000011.033, 158
Trd, 000012.183, 164
Trd, 000013.583, 165
Trd, 000015.417, 167
Trd, 000015.700, 148
Trd, 000016.967, 142
Trd, 000017.283, 132
Trd, 000017.900, 155
Trd, 000020.133, 116
Trd, 000020.967, 157
Trd, 000021.067, 159
Trd, 000021.800, 161
Trd, 000022.017, 166
Trd, 000022.033, 154
Trd, 000023.400, 163
Trd, 000025.833, 151
Trd, 000026.583, 159
Trd, 000027.367, 162
Trd, 000027.550, 163
Trd, 000027.650, 166
Trd, 000029.767, 163
Trd, 000030.267, 117
Trd, 000030.567, 134
Trd, 000030.883, 153
Trd, 000031.200, 148
Trd, 000033.300, 150
Trd, 000033.317, 158
Trd, 000034.033, 164
Trd, 000035.317, 150
Trd, 000039.000, 160
Trd, 000039.883, 157
Trd, 000040.067, 161
Trd, 000041.300, 168
Trd, 000041.667, 173
Trd, 000042.083, 153
Trd, 000043.183, 153
Trd, 000043.267, 139
Trd, 000044.433, 159
Trd, 000044.950, 163
Trd, 000045.483, 126
Trd, 000047.017, 165
Trd, 000047.383, 163
Trd, 000048.167, 163
Trd, 000049.017, 148
Trd, 000049.283, 165
Trd, 000049.367, 147
Trd, 000050.383, 189
Trd, 000051.000, 170
Trd, 000051.283, 147
Trd, 000051.667, 168
Trd, 000052.267, 156
Trd, 000054.117, 171
Trd, 000055.767, 123
Trd, 000055.783, 169
Trd, 000056.667, 134
Trd, 000057.283, 144
Trd, 000058.133, 145
Trd, 000058.233, 154
Trd, 000059.050, 165
Trd, 000060.750, 179
Trd, 000061.483, 156
Trd, 000062.083, 148
Trd, 000062.367, 145
Trd, 000062.400, 164
Trd, 000062.417, 167
Trd, 000063.833, 139
Trd, 000064.083, 183
Trd, 000065.900, 155
Trd, 000065.933, 138
Trd, 000066.783, 165
Trd, 000067.750, 171
Trd, 000068.517, 158
Trd, 000068.850, 131
Trd, 000071.550, 185
Trd, 000071.617, 167
Trd, 000072.750, 181
Trd, 000073.383, 172
Trd, 000075.783, 132
Trd, 000075.883, 166
Trd, 000077.017, 165
Trd, 000077.700, 166
Trd, 000077.950, 165
Trd, 000078.017, 151
Trd, 000081.100, 175
Trd, 000081.167, 159
Trd, 000081.567, 146
Trd, 000083.167, 159
Trd, 000083.817, 148
Trd, 000084.200, 160
Trd, 000085.567, 163
Trd, 000085.750, 166
Trd, 000086.183, 153
Trd, 000086.917, 145
Trd, 000087.617, 168
Trd, 000089.233, 134
Trd, 000090.183, 158
Trd, 000091.450, 168
Trd, 000091.717, 157
Trd, 000092.567, 160
Trd, 000093.550, 148
Trd, 000094.350, 143
Trd, 000095.233, 159
Trd, 000096.567, 147
Trd, 000096.917, 149
Trd, 000096.950, 145
Trd, 000097.567, 151
Trd, 000097.767, 169
Trd, 000100.667, 124
Trd, 000102.383, 167
Trd, 000103.267, 144
Trd, 000103.433, 139
Trd, 000105.067, 163
Trd, 000106.083, 164
Trd, 000106.367, 143
Trd, 000107.133, 157
Trd, 000107.267, 163
Trd, 000107.633, 157
Trd, 000109.417, 147
Trd, 000111.083, 162
Trd, 000111.383, 163
Trd, 000112.000, 136
Trd, 000113.583, 151
Trd, 000116.217, 135
Trd, 000116.700, 161
Trd, 000117.317, 150
Trd, 000117.583, 172
Trd, 000118.733, 166
Trd, 000119.700, 170
Trd, 000120.350, 165
Trd, 000121.083, 126
Trd, 000121.417, 164
Trd, 000121.850, 156
Trd, 000122.500, 160
Trd, 000122.917, 160
Trd, 000123.967, 152
Trd, 000125.217, 155
Trd, 000126.117, 162
Trd, 000126.700, 139
Trd, 000127.883, 175
Trd, 000127.967, 180
Trd, 000128.150, 174
Trd, 000129.083, 152
Trd, 000130.967, 142
Trd, 000131.817, 156
Trd, 000132.100, 160
Trd, 000132.233, 163
Trd, 000133.033, 139
Trd, 000133.550, 136
Trd, 000133.650, 134
Trd, 000136.317, 134
Trd, 000136.667, 147
Trd, 000137.067, 173
Trd, 000137.167, 174
Trd, 000138.400, 139
Trd, 000138.533, 150
Trd, 000140.050, 161
Trd, 000140.117, 146
Trd, 000141.567, 166
Trd, 000141.583, 154
Trd, 000142.050, 144
Trd, 000142.400, 162
Trd, 000142.950, 140
Trd, 000143.200, 162
Trd, 000143.367, 143
Trd, 000143.567, 145
Trd, 000146.300, 126
Trd, 000147.000, 154
Trd, 000147.900, 149
Trd, 000148.250, 147
Trd, 000148.433, 136
Trd, 000152.533, 161
Trd, 000152.633, 152
Trd, 000152.683, 151
Trd, 000153.550, 168
Trd, 000154.433, 149
Trd, 000156.267, 149
Trd, 000157.383, 156
Trd, 000157.683, 136
Trd, 000157.733, 159
Trd, 000158.717, 141
Trd, 000158.983, 139
Trd, 000161.017, 174
Trd, 000161.633, 169
Trd, 000161.867, 166
Trd, 000162.317, 164
Trd, 000162.983, 170
Trd, 000165.717, 154
Trd, 000166.900, 155
Trd, 000166.917, 153
Trd, 000167.750, 135
Trd, 000168.450, 163
Trd, 000169.450, 125
Trd, 000170.350, 162
Trd, 000171.500, 183
Trd, 000173.317, 158
Trd, 000174.367, 139
Trd, 000175.350, 155
Trd, 000175.700, 168
Trd, 000175.800, 171
Trd, 000176.567, 127
Trd, 000176.700, 174
Trd, 000178.233, 170
Trd, 000178.750, 146
Trd, 000181.167, 106
Trd, 000181.200, 143
Trd, 000181.983, 147
Trd, 000182.083, 148
Trd, 000182.233, 124
Trd, 000182.933, 160
Trd, 000184.167, 164
Trd, 000186.617, 169
Trd, 000186.700, 170
Trd, 000187.233, 139
Trd, 000187.767, 161
Trd, 000188.833, 177
Trd, 000190.300, 161
Trd, 000191.500, 183
Trd, 000191.767, 142
Trd, 000192.433, 142
Trd, 000192.717, 140
Trd, 000194.650, 181
Trd, 000196.150, 171
Trd, 000196.367, 168
Trd, 000196.917, 174
Trd, 000197.883, 178
Trd, 000200.750, 149
Trd, 000200.917, 155
Trd, 000201.150, 121
Trd, 000201.533, 142
Trd, 000201.900, 146
Trd, 000202.900, 165
Trd, 000203.433, 163
Trd, 000204.900, 162
Trd, 000204.950, 167
Trd, 000205.633, 158
Trd, 000206.367, 153
Trd, 000206.467, 161
Trd, 000206.717, 120
Trd, 000207.567, 145
Trd, 000208.167, 166
Trd, 000208.467, 175
Trd, 000208.733, 163
Trd, 000211.400, 125
Trd, 000212.233, 136
Trd, 000212.483, 140
Trd, 000212.633, 148
Trd, 000213.717, 136
Trd, 000214.233, 162
Trd, 000215.733, 160
Trd, 000217.617, 156
Trd, 000218.033, 185
Trd, 000218.400, 163
Trd, 000219.100, 166
Trd, 000219.467, 161
Trd, 000221.533, 184
Trd, 000222.567, 151
Trd, 000223.150, 159
Trd, 000224.217, 164
Trd, 000224.917, 164
Trd, 000225.467, 157
Trd, 000226.517, 175
Trd, 000227.000, 174
Trd, 000227.133, 167
Trd, 000227.517, 145
Trd, 000229.700, 163
Trd, 000231.367, 121
Trd, 000232.483, 165
Trd, 000233.750, 145
Trd, 000234.800, 158
Trd, 000235.983, 173
Trd, 000236.267, 117
Trd, 000236.917, 170
Trd, 000237.200, 173
Trd, 000239.033, 183
Trd, 000239.117, 151
Trd, 000240.017, 167
Trd, 000242.750, 181
Trd, 000243.133, 162
Trd, 000244.033, 159
Trd, 000244.600, 178
Trd, 000245.200, 172
Trd, 000245.900, 147
Trd, 000246.583, 145
Trd, 000246.850, 157
Trd, 000247.233, 161
Trd, 000249.500, 153
Trd, 000250.817, 148
Trd, 000252.367, 160
Trd, 000253.083, 160
Trd, 000253.583, 170
Trd, 000253.750, 158
Trd, 000254.017, 161
Trd, 000254.517, 157
Trd, 000257.833, 157
Trd, 000258.500, 165
Trd, 000258.817, 168
Trd, 000259.550, 167
Trd, 000260.083, 145
Trd, 000261.400, 168
Trd, 000261.650, 165
Trd, 000261.817, 182
Trd, 000262.083, 135
Trd, 000264.350, 170
Trd, 000265.050, 153
Trd, 000266.567, 167
Trd, 000269.133, 178
Trd, 000269.733, 168
Trd, 000269.783, 155
Trd, 000270.433, 153
Trd, 000271.233, 157
Trd, 000272.533, 158
Trd, 000273.233, 159
Trd, 000273.317, 141
Trd, 000275.000, 163
Trd, 000275.700, 163
Trd, 000276.483, 151
Trd, 000276.983, 155
Trd, 000277.450, 177
Trd, 000280.033, 162
Trd, 000280.850, 158
Trd, 000282.083, 147
Trd, 000282.250, 160
Trd, 000282.550, 115
Trd, 000282.650, 129
Trd, 000282.933, 175
Trd, 000283.283, 163
Trd, 000284.950, 163
Trd, 000286.933, 121
Trd, 000287.267, 160
Trd, 000287.800, 154
Trd, 000288.717, 145
Trd, 000289.017, 155
Trd, 000291.000, 148
Trd, 000291.900, 152
Trd, 000292.567, 151
Trd, 000293.517, 138
Trd, 000293.683, 134
Trd, 000293.900, 131
Trd, 000294.833, 130
Trd, 000296.000, 155
Trd, 000297.783, 156
Trd, 000298.233, 165
Trd, 000298.450, 164
Trd, 000298.667, 170
