Trd, 000005.250, 164
Trd, 000005.333, 175
Trd, 000005.817, 149
Trd, 000005.867, 144
Trd, 000006.583, 167
Trd, 000007.383, 152
Trd, 000008.117, 150
Trd, 000009.933, 153
Trd, 000010.767, 165
Trd, 000011.050, 180
Trd, 000011.467, 157
Trd, 000011.700, 156
Trd, 000011.783, 147
Trd, 000013.150, 148
Trd, 000014.400, 151
Trd, 000014.517, 143
Trd, 000015.183, 113
Trd, 000015.567, 169
Trd, 000016.000, 154
Trd, 000016.583, 166
Trd, 000017.083, 174
Trd, 000018.367, 158
Trd, 000018.683, 156
Trd, 000018.717, 144
Trd, 000020.467, 190
Trd, 000020.683, 177
Trd, 000021.017, 154
Trd, 000021.350, 128
Trd, 000022.200, 144
Trd, 000022.667, 145
Trd, 000024.200, 171
Trd, 000025.350, 155
Trd, 000026.083, 150
Trd, 000026.150, 143
Trd, 000026.717, 151
Trd, 000026.750, 161
Trd, 000027.233, 122
Trd, 000028.533, 168
Trd, 000029.600, 134
Trd, 000030.517, 147
Trd, 000030.900, 150
Trd, 000031.000, 177
Trd, 000031.150, 179
Trd, 000031.183, 133
Trd, 000032.617, 126
Trd, 000033.467, 150
Trd, 000035.250, 126
Trd, 000035.883, 171
Trd, 000036.600, 165
Trd, 000036.700, 144
Trd, 000036.767, 144
Trd, 000038.183, 150
Trd, 000039.267, 162
Trd, 000041.433, 168
Trd, 000041.567, 137
Trd, 000042.400, 177
Trd, 000042.750, 168
Trd, 000042.933, 138
Trd, 000043.717, 156
Trd, 000045.467, 169
Trd, 000045.783, 176
Trd, 000046.417, 171
Trd, 000046.933, 152
Trd, 000048.783, 175
Trd, 000050.650, 177
Trd, 000051.367, 174
Trd, 000051.900, 179
Trd, 000052.483, 181
Trd, 000053.617, 177
Trd, 000053.633, 154
Trd, 000056.217, 167
Trd, 000056.967, 164
Trd, 000057.550, 151
Trd, 000057.750, 147
Trd, 000060.833, 157
Trd, 000060.967, 150
Trd, 000061.317, 157
Trd, 000061.433, 153
Trd, 000062.383, 174
Trd, 000063.233, 164
Trd, 000064.600, 155
Trd, 000066.467, 184
Trd, 000066.750, 165
Trd, 000068.217, 172
Trd, 000069.500, 162
Trd, 000070.333, 157
Trd, 000070.600, 171
Trd, 000070.783, 156
Trd, 000071.033, 153
Trd, 000071.650, 167
Trd, 000072.967, 167
Trd, 000074.600, 165
Trd, 000076.800, 192
Trd, 000077.000, 180
Trd, 000077.133, 178
Trd, 000078.383, 157
Trd, 000078.833, 152
Trd, 000079.050, 141
Trd, 000079.083, 154
Trd, 000080.700, 148
Trd, 000080.717, 154
Trd, 000081.550, 174
Trd, 000084.150, 187
Trd, 000084.483, 165
Trd, 000085.200, 167
Trd, 000085.883, 158
Trd, 000086.150, 153
Trd, 000086.833, 169
Trd, 000088.183, 152
Trd, 000089.833, 177
Trd, 000091.200, 179
Trd, 000091.750, 144
Trd, 000092.350, 183
Trd, 000093.767, 154
Trd, 000095.033, 157
Trd, 000097.650, 186
Trd, 000097.850, 171
Trd, 000098.533, 180
Trd, 000098.767, 160
Trd, 000099.867, 167
Trd, 000100.267, 143
Trd, 000100.383, 133
Trd, 000100.950, 139
Trd, 000101.450, 142
Trd, 000101.483, 137
Trd, 000101.850, 161
Trd, 000103.000, 151
Trd, 000105.467, 165
Trd, 000106.433, 154
Trd, 000106.550, 153
Trd, 000107.083, 173
Trd, 000107.417, 159
Trd, 000107.550, 158
Trd, 000108.683, 169
Trd, 000111.333, 169
Trd, 000112.500, 155
Trd, 000112.700, 152
Trd, 000113.633, 166
Trd, 000113.683, 170
Trd, 000115.200, 173
Trd, 000116.133, 122
Trd, 000116.517, 124
Trd, 000117.233, 173
Trd, 000118.683, 155
Trd, 000118.950, 159
Trd, 000119.367, 154
Trd, 000120.967, 170
Trd, 000121.117, 142
Trd, 000121.383, 135
Trd, 000121.750, 176
Trd, 000122.367, 168
Trd, 000122.917, 154
Trd, 000126.050, 136
Trd, 000126.750, 175
Trd, 000126.817, 167
Trd, 000127.367, 171
Trd, 000130.983, 146
Trd, 000131.650, 154
Trd, 000131.767, 158
Trd, 000132.150, 166
Trd, 000133.017, 184
Trd, 000134.033, 141
Trd, 000136.600, 176
Trd, 000136.767, 150
Trd, 000136.983, 174
Trd, 000137.033, 181
Trd, 000137.350, 168
Trd, 000138.217, 159
Trd, 000138.500, 143
Trd, 000140.350, 160
Trd, 000141.133, 173
Trd, 000141.767, 162
Trd, 000141.833, 148
Trd, 000142.217, 161
Trd, 000143.233, 170
Trd, 000143.767, 143
Trd, 000145.750, 162
Trd, 000146.317, 184
Trd, 000146.350, 150
Trd, 000146.450, 159
Trd, 000147.517, 167
Trd, 000148.200, 154
Trd, 000150.633, 167
Trd, 000151.067, 142
Trd, 000151.550, 148
Trd, 000151.783, 150
Trd, 000152.217, 181
Trd, 000152.433, 139
Trd, 000153.450, 165
Trd, 000156.567, 179
Trd, 000156.683, 169
Trd, 000156.983, 158
Trd, 000157.583, 162
Trd, 000158.367, 172
Trd, 000158.867, 152
Trd, 000160.883, 154
Trd, 000161.067, 162
Trd, 000162.267, 172
Trd, 000162.500, 165
Trd, 000163.217, 139
Trd, 000163.900, 138
Trd, 000164.067, 188
Trd, 000164.183, 178
Trd, 000166.200, 156
Trd, 000166.250, 170
Trd, 000166.450, 134
Trd, 000166.717, 126
Trd, 000166.933, 165
Trd, 000167.617, 142
Trd, 000169.500, 174
Trd, 000171.233, 139
Trd, 000171.433, 123
Trd, 000171.617, 152
Trd, 000172.350, 134
Trd, 000172.883, 129
Trd, 000173.300, 169
Trd, 000173.667, 172
Trd, 000175.517, 144
Trd, 000176.550, 164
Trd, 000176.683, 140
Trd, 000176.783, 152
Trd, 000177.583, 166
Trd, 000177.633, 146
Trd, 000178.650, 148
Trd, 000179.517, 161
Trd, 000180.283, 148
Trd, 000181.183, 159
Trd, 000182.283, 171
Trd, 000182.833, 158
Trd, 000184.083, 154
Trd, 000187.067, 143
Trd, 000187.133, 136
Trd, 000187.250, 126
Trd, 000187.883, 156
Trd, 000188.250, 151
Trd, 000191.717, 178
Trd, 000192.100, 143
Trd, 000193.117, 150
Trd, 000193.267, 149
Trd, 000193.400, 144
Trd, 000193.983, 156
Trd, 000194.283, 146
Trd, 000196.783, 173
Trd, 000197.017, 176
Trd, 000197.083, 161
Trd, 000197.617, 144
Trd, 000197.783, 145
Trd, 000198.383, 149
Trd, 000198.917, 140
Trd, 000199.783, 123
Trd, 000200.433, 132
Trd, 000201.483, 127
Trd, 000201.667, 147
Trd, 000201.867, 162
Trd, 000202.600, 161
Trd, 000202.900, 177
Trd, 000203.183, 151
Trd, 000205.500, 161
Trd, 000206.300, 175
Trd, 000207.217, 181
Trd, 000207.733, 174
Trd, 000207.767, 153
Trd, 000208.550, 157
Trd, 000211.217, 159
Trd, 000211.500, 162
Trd, 000212.417, 181
Trd, 000213.867, 144
Trd, 000214.317, 143
Trd, 000214.600, 152
Trd, 000216.733, 157
Trd, 000217.017, 169
Trd, 000217.100, 170
Trd, 000217.767, 148
Trd, 000218.067, 149
Trd, 000219.300, 147
Trd, 000221.233, 163
Trd, 000221.300, 146
Trd, 000222.400, 172
Trd, 000222.500, 178
Trd, 000223.517, 148
Trd, 000223.667, 134
Trd, 000224.000, 134
Trd, 000226.100, 156
Trd, 000226.350, 158
Trd, 000226.533, 149
Trd, 000227.300, 158
Trd, 000227.700, 151
Trd, 000229.533, 168
Trd, 000230.683, 144
Trd, 000231.067, 157
Trd, 000231.533, 131
Trd, 000232.233, 140
Trd, 000232.250, 156
Trd, 000233.500, 173
Trd, 000233.683, 171
Trd, 000233.783, 155
Trd, 000233.950, 152
Trd, 000234.583, 147
Trd, 000234.867, 130
Trd, 000235.700, 167
Trd, 000236.500, 155
Trd, 000236.700, 183
Trd, 000237.900, 143
Trd, 000238.000, 145
Trd, 000238.417, 154
Trd, 000238.450, 142
Trd, 000240.550, 152
Trd, 000241.417, 145
Trd, 000241.700, 150
Trd, 000241.967, 151
Trd, 000243.350, 147
Trd, 000245.117, 150
Trd, 000246.883, 148
Trd, 000247.000, 155
Trd, 000248.233, 163
Trd, 000248.583, 160
Trd, 000251.717, 150
Trd, 000251.983, 164
Trd, 000252.100, 158
Trd, 000252.650, 150
Trd, 000253.217, 145
Trd, 000253.500, 149
Trd, 000253.833, 156
Trd, 000256.000, 161
Trd, 000256.967, 154
Trd, 000257.017, 165
Trd, 000257.517, 136
Trd, 000258.383, 162
Trd, 000259.183, 161
Trd, 000260.500, 157
Trd, 000260.583, 134
Trd, 000261.717, 134
Trd, 000264.733, 160
Trd, 000264.767, 159
Trd, 000265.267, 146
Trd, 000265.750, 139
Trd, 000266.450, 167
Trd, 000266.700, 171
Trd, 000266.783, 167
Trd, 000270.350, 165
Trd, 000271.300, 159
Trd, 000271.933, 165
Trd, 000271.950, 155
Trd, 000272.433, 158
Trd, 000275.300, 151
Trd, 000275.483, 158
Trd, 000277.033, 167
Trd, 000277.600, 174
Trd, 000278.067, 166
Trd, 000279.017, 175
Trd, 000279.400, 156
Trd, 000280.883, 150
Trd, 000281.517, 152
Trd, 000282.150, 136
Trd, 000282.750, 163
Trd, 000284.067, 162
Trd, 000286.883, 138
Trd, 000287.600, 163
Trd, 000288.283, 146
Trd, 000289.517, 168
Trd, 000290.250, 167
Trd, 000291.617, 181
Trd, 000292.167, 168
Trd, 000292.467, 166
Trd, 000293.667, 166
Trd, 000294.000, 146
Trd, 000294.333, 148
Trd, 000295.167, 151
Trd, 000295.583, 140
Trd, 000296.883, 159
Trd, 000297.300, 144
Trd, 000297.350, 148
Trd, 000298.750, 176
