Trd, 000005.383, 146
Trd, 000005.500, 130
Trd, 000005.600, 116
Trd, 000005.817, 154
Trd, 000006.833, 134
Trd, 000007.667, 139
Trd, 000008.100, 134
Trd, 000008.483, 128
Trd, 000009.450, 149
Trd, 000010.950, 159
Trd, 000011.167, 161
Trd, 000011.600, 158
Trd, 000011.950, 160
Trd, 000012.700, 172
Trd, 000015.617, 179
Trd, 000015.650, 146
Trd, 000015.783, 133
Trd, 000017.183, 133
Trd, 000017.833, 148
Trd, 000018.867, 165
Trd, 000020.567, 144
Trd, 000020.633, 145
Trd, 000020.917, 134
Trd, 000020.983, 141
Trd, 000023.083, 144
Trd, 000025.300, 148
Trd, 000025.683, 138
Trd, 000026.333, 146
Trd, 000026.750, 154
Trd, 000027.400, 152
Trd, 000027.600, 166
Trd, 000027.733, 133
Trd, 000028.417, 165
Trd, 000030.533, 153
Trd, 000030.783, 143
Trd, 000031.033, 132
Trd, 000031.283, 180
Trd, 000032.283, 157
Trd, 000032.333, 181
Trd, 000035.283, 128
Trd, 000035.433, 140
Trd, 000035.550, 169
Trd, 000037.400, 158
Trd, 000037.417, 153
Trd, 000039.983, 159
Trd, 000040.733, 161
Trd, 000040.883, 140
Trd, 000041.300, 155
Trd, 000042.650, 159
Trd, 000042.917, 146
Trd, 000043.083, 135
Trd, 000045.383, 155
Trd, 000046.150, 171
Trd, 000046.333, 139
Trd, 000046.450, 156
Trd, 000047.783, 151
Trd, 000048.217, 153
Trd, 000048.550, 161
Trd, 000049.650, 134
Trd, 000051.283, 147
Trd, 000051.417, 155
Trd, 000051.767, 135
Trd, 000052.350, 163
Trd, 000052.933, 161
Trd, 000053.583, 156
Trd, 000055.867, 110
Trd, 000056.283, 132
Trd, 000056.550, 149
Trd, 000057.217, 155
Trd, 000057.517, 163
Trd, 000057.667, 140
Trd, 000057.733, 164
Trd, 000058.650, 134
Trd, 000059.183, 182
Trd, 000060.750, 183
Trd, 000060.833, 180
Trd, 000061.367, 189
Trd, 000061.567, 159
Trd, 000063.033, 144
Trd, 000064.633, 167
Trd, 000065.483, 130
Trd, 000065.533, 107
Trd, 000065.867, 172
Trd, 000067.883, 172
Trd, 000068.167, 138
Trd, 000068.950, 136
Trd, 000069.517, 164
Trd, 000069.933, 134
Trd, 000070.617, 133
Trd, 000071.017, 158
Trd, 000071.383, 138
Trd, 000072.100, 167
Trd, 000073.167, 162
Trd, 000073.517, 148
Trd, 000074.850, 143
Trd, 000075.667, 153
Trd, 000076.233, 123
Trd, 000076.983, 125
Trd, 000077.250, 129
Trd, 000077.833, 153
Trd, 000078.217, 151
Trd, 000078.367, 150
Trd, 000080.633, 116
Trd, 000081.483, 137
Trd, 000081.950, 143
Trd, 000082.783, 150
Trd, 000084.167, 136
Trd, 000085.200, 156
Trd, 000085.600, 134
Trd, 000085.933, 166
Trd, 000086.700, 143
Trd, 000086.767, 149
Trd, 000086.967, 172
Trd, 000088.167, 154
Trd, 000089.850, 179
Trd, 000090.767, 182
Trd, 000091.317, 160
Trd, 000091.900, 166
Trd, 000092.433, 185
Trd, 000092.883, 156
Trd, 000095.683, 169
Trd, 000096.383, 150
Trd, 000097.417, 146
Trd, 000097.900, 171
Trd, 000098.967, 163
Trd, 000100.917, 118
Trd, 000101.167, 124
Trd, 000101.250, 143
Trd, 000102.917, 140
Trd, 000102.983, 168
Trd, 000103.333, 153
Trd, 000105.133, 140
Trd, 000105.817, 161
Trd, 000107.133, 145
Trd, 000107.367, 147
Trd, 000108.883, 146
Trd, 000109.933, 159
Trd, 000111.467, 134
Trd, 000111.500, 130
Trd, 000111.633, 134
Trd, 000112.817, 139
Trd, 000113.867, 143
Trd, 000114.267, 145
Trd, 000115.867, 131
Trd, 000115.983, 134
Trd, 000116.483, 139
Trd, 000116.900, 167
Trd, 000117.883, 145
Trd, 000118.467, 161
Trd, 000119.000, 152
Trd, 000120.083, 176
Trd, 000120.917, 159
Trd, 000120.967, 148
Trd, 000121.800, 141
Trd, 000122.150, 133
Trd, 000123.917, 173
Trd, 000124.050, 172
Trd, 000124.817, 157
Trd, 000124.900, 163
Trd, 000125.233, 148
Trd, 000126.033, 180
Trd, 000126.133, 175
Trd, 000126.767, 136
Trd, 000127.350, 143
Trd, 000128.933, 146
Trd, 000130.883, 147
Trd, 000130.917, 118
Trd, 000131.383, 156
Trd, 000131.417, 162
Trd, 000133.300, 152
Trd, 000133.700, 134
Trd, 000134.983, 165
Trd, 000136.717, 138
Trd, 000136.767, 143
Trd, 000136.967, 148
Trd, 000137.017, 137
Trd, 000137.567, 165
Trd, 000138.133, 146
Trd, 000138.600, 143
Trd, 000138.683, 134
Trd, 000140.133, 162
Trd, 000140.200, 135
Trd, 000140.983, 182
Trd, 000141.550, 142
Trd, 000142.067, 147
Trd, 000142.900, 156
Trd, 000144.233, 168
Trd, 000145.050, 141
Trd, 000145.317, 143
Trd, 000146.417, 157
Trd, 000146.583, 151
Trd, 000146.667, 134
Trd, 000147.817, 148
Trd, 000150.483, 148
Trd, 000151.300, 131
Trd, 000152.017, 164
Trd, 000152.750, 158
Trd, 000152.783, 151
Trd, 000152.917, 167
Trd, 000156.067, 146
Trd, 000156.133, 130
Trd, 000157.000, 137
Trd, 000158.250, 133
Trd, 000158.367, 133
Trd, 000158.950, 134
Trd, 000160.933, 130
Trd, 000161.400, 185
Trd, 000161.833, 132
Trd, 000164.900, 162
Trd, 000165.233, 166
Trd, 000166.067, 129
Trd, 000166.267, 119
Trd, 000166.800, 144
Trd, 000166.867, 172
Trd, 000171.450, 189
Trd, 000171.550, 152
Trd, 000172.567, 164
Trd, 000173.250, 165
Trd, 000173.567, 147
Trd, 000174.183, 138
Trd, 000176.183, 135
Trd, 000176.517, 188
Trd, 000177.133, 138
Trd, 000177.283, 137
Trd, 000178.750, 151
Trd, 000181.333, 130
Trd, 000181.800, 147
Trd, 000181.850, 158
Trd, 000182.583, 143
Trd, 000182.783, 152
Trd, 000183.017, 153
Trd, 000183.833, 162
Trd, 000183.850, 158
Trd, 000186.567, 169
Trd, 000186.783, 167
Trd, 000187.250, 152
Trd, 000187.933, 144
Trd, 000188.100, 157
Trd, 000188.283, 134
Trd, 000188.383, 182
Trd, 000188.467, 131
Trd, 000191.133, 116
Trd, 000192.333, 140
Trd, 000192.417, 141
Trd, 000193.050, 143
Trd, 000193.350, 153
Trd, 000195.700, 159
Trd, 000196.533, 193
Trd, 000196.933, 151
Trd, 000197.283, 137
Trd, 000199.817, 136
Trd, 000200.000, 134
Trd, 000200.267, 160
Trd, 000202.350, 151
Trd, 000202.800, 180
Trd, 000203.283, 152
Trd, 000203.383, 139
Trd, 000203.450, 137
Trd, 000203.917, 160
Trd, 000204.167, 139
Trd, 000206.267, 136
Trd, 000207.267, 142
Trd, 000207.700, 133
Trd, 000209.700, 161
Trd, 000210.850, 137
Trd, 000211.200, 140
Trd, 000211.400, 161
Trd, 000212.400, 134
Trd, 000212.667, 144
Trd, 000213.117, 127
Trd, 000213.300, 150
Trd, 000214.550, 173
Trd, 000216.617, 168
Trd, 000217.000, 134
Trd, 000217.917, 152
Trd, 000218.000, 160
Trd, 000218.783, 129
Trd, 000218.867, 134
Trd, 000219.150, 136
Trd, 000221.217, 139
Trd, 000221.467, 143
Trd, 000222.100, 166
Trd, 000222.267, 156
Trd, 000222.767, 168
Trd, 000222.817, 154
Trd, 000223.533, 152
Trd, 000226.250, 115
Trd, 000226.300, 132
Trd, 000226.667, 144
Trd, 000227.400, 169
Trd, 000227.567, 140
Trd, 000228.250, 168
Trd, 000229.900, 149
Trd, 000230.950, 170
Trd, 000231.500, 123
Trd, 000231.833, 163
Trd, 000232.217, 132
Trd, 000232.750, 161
Trd, 000233.800, 172
Trd, 000236.250, 133
Trd, 000237.850, 134
Trd, 000237.883, 177
Trd, 000239.683, 155
Trd, 000240.550, 151
Trd, 000241.917, 159
Trd, 000242.350, 141
Trd, 000243.267, 150
Trd, 000245.317, 174
Trd, 000245.750, 143
Trd, 000246.383, 138
Trd, 000247.000, 120
Trd, 000247.450, 132
Trd, 000247.467, 158
Trd, 000247.883, 158
Trd, 000248.133, 145
Trd, 000248.867, 140
Trd, 000251.400, 134
Trd, 000253.117, 151
Trd, 000255.233, 141
Trd, 000257.150, 138
Trd, 000257.817, 134
Trd, 000259.400, 133
Trd, 000259.417, 151
Trd, 000259.450, 161
Trd, 000259.683, 132
Trd, 000260.933, 154
Trd, 000261.517, 183
Trd, 000262.217, 177
Trd, 000262.517, 165
Trd, 000263.300, 157
Trd, 000263.900, 159
Trd, 000264.533, 149
Trd, 000266.800, 190
Trd, 000267.067, 138
Trd, 000267.200, 136
Trd, 000270.183, 173
Trd, 000270.733, 156
Trd, 000271.350, 134
Trd, 000271.500, 154
Trd, 000272.383, 191
Trd, 000273.033, 136
Trd, 000273.217, 140
Trd, 000275.667, 148
Trd, 000276.000, 152
Trd, 000276.417, 153
Trd, 000276.667, 123
Trd, 000277.217, 164
Trd, 000278.450, 145
Trd, 000280.350, 134
Trd, 000282.150, 170
Trd, 000282.583, 166
Trd, 000283.550, 156
Trd, 000283.567, 178
Trd, 000283.900, 141
Trd, 000286.000, 151
Trd, 000287.750, 148
Trd, 000287.800, 141
Trd, 000288.883, 145
Trd, 000289.800, 160
Trd, 000289.883, 144
Trd, 000290.233, 174
Trd, 000290.367, 133
Trd, 000291.083, 175
Trd, 000292.433, 127
Trd, 000293.283, 142
Trd, 000293.900, 146
Trd, 000295.233, 160
Trd, 000295.967, 150
Trd, 000296.350, 142
Trd, 000296.783, 163
Trd, 000297.717, 157
Trd, 000297.750, 133
Trd, 000298.133, 131
Trd, 000299.100, 139
