Trd, 000005.183, 172
Trd, 000005.250, 172
Trd, 000005.383, 131
Trd, 000005.783, 139
Trd, 000005.817, 145
Trd, 000006.850, 152
Trd, 000010.300, 130
Trd, 000010.567, 180
Trd, 000011.333, 164
Trd, 000011.500, 194
Trd, 000012.417, 196
Trd, 000013.233, 169
Trd, 000013.450, 161
Trd, 000013.500, 156
Trd, 000015.267, 181
Trd, 000015.800, 151
Trd, 000016.133, 152
Trd, 000016.467, 182
Trd, 000017.167, 158
Trd, 000017.250, 144
Trd, 000017.567, 151
Trd, 000018.800, 185
Trd, 000020.350, 172
Trd, 000020.400, 138
Trd, 000020.583, 184
Trd, 000020.700, 156
Trd, 000021.417, 186
Trd, 000022.883, 170
Trd, 000025.150, 152
Trd, 000025.267, 197
Trd, 000026.233, 181
Trd, 000026.483, 161
Trd, 000027.167, 194
Trd, 000027.217, 170
Trd, 000027.967, 166
Trd, 000028.167, 158
Trd, 000029.067, 169
Trd, 000030.450, 178
Trd, 000030.517, 174
Trd, 000030.850, 162
Trd, 000031.150, 166
Trd, 000031.400, 160
Trd, 000032.100, 164
Trd, 000034.183, 178
Trd, 000034.233, 174
Trd, 000035.333, 150
Trd, 000035.617, 166
Trd, 000035.667, 148
Trd, 000035.850, 167
Trd, 000036.633, 128
Trd, 000037.000, 173
Trd, 000037.517, 123
Trd, 000038.750, 152
Trd, 000040.600, 127
Trd, 000040.650, 143
Trd, 000040.817, 151
Trd, 000042.050, 146
Trd, 000042.217, 172
Trd, 000044.350, 169
Trd, 000044.567, 155
Trd, 000045.367, 175
Trd, 000045.650, 178
Trd, 000045.700, 164
Trd, 000046.250, 133
Trd, 000047.700, 167
Trd, 000048.017, 166
Trd, 000048.350, 147
Trd, 000048.633, 151
Trd, 000049.167, 163
Trd, 000049.867, 140
Trd, 000050.350, 178
Trd, 000050.683, 188
Trd, 000051.100, 180
Trd, 000051.217, 161
Trd, 000051.967, 176
Trd, 000051.983, 168
Trd, 000054.083, 158
Trd, 000056.000, 172
Trd, 000056.033, 169
Trd, 000056.500, 179
Trd, 000056.617, 166
Trd, 000057.050, 160
Trd, 000058.267, 157
Trd, 000058.283, 156
Trd, 000059.050, 182
Trd, 000060.850, 167
Trd, 000061.667, 159
Trd, 000061.917, 161
Trd, 000062.633, 153
Trd, 000063.383, 162
Trd, 000063.700, 159
Trd, 000065.050, 154
Trd, 000065.750, 167
Trd, 000066.000, 164
Trd, 000066.450, 184
Trd, 000066.817, 179
Trd, 000067.267, 165
Trd, 000067.950, 161
Trd, 000068.100, 160
Trd, 000069.067, 160
Trd, 000071.200, 180
Trd, 000071.367, 179
Trd, 000071.433, 167
Trd, 000072.017, 168
Trd, 000073.767, 168
Trd, 000074.033, 151
Trd, 000075.083, 157
Trd, 000075.433, 160
Trd, 000075.517, 120
Trd, 000075.783, 148
Trd, 000075.883, 148
Trd, 000076.233, 166
Trd, 000076.317, 155
Trd, 000076.500, 179
Trd, 000076.550, 173
Trd, 000079.083, 141
Trd, 000081.400, 175
Trd, 000081.550, 182
Trd, 000081.883, 183
Trd, 000082.950, 186
Trd, 000083.383, 166
Trd, 000083.567, 155
Trd, 000083.933, 184
Trd, 000085.617, 180
Trd, 000086.033, 170
Trd, 000086.217, 169
Trd, 000086.400, 181
Trd, 000088.317, 155
Trd, 000088.367, 152
Trd, 000088.633, 171
Trd, 000089.333, 163
Trd, 000090.733, 143
Trd, 000090.767, 153
Trd, 000091.000, 144
Trd, 000091.383, 187
Trd, 000091.933, 168
Trd, 000093.733, 157
Trd, 000094.467, 175
Trd, 000097.050, 179
Trd, 000097.083, 177
Trd, 000097.133, 161
Trd, 000097.950, 159
Trd, 000098.767, 155
Trd, 000099.917, 130
Trd, 000100.283, 136
Trd, 000100.483, 150
Trd, 000100.700, 128
Trd, 000101.533, 185
Trd, 000101.683, 169
Trd, 000102.233, 136
Trd, 000102.317, 149
Trd, 000102.750, 161
Trd, 000104.267, 161
Trd, 000104.750, 158
Trd, 000106.900, 185
Trd, 000107.267, 182
Trd, 000107.700, 176
Trd, 000108.167, 156
Trd, 000108.950, 185
Trd, 000108.983, 147
Trd, 000111.583, 143
Trd, 000111.633, 154
Trd, 000111.650, 163
Trd, 000112.017, 166
Trd, 000112.867, 180
Trd, 000113.100, 178
Trd, 000113.700, 187
Trd, 000114.283, 159
Trd, 000114.333, 154
Trd, 000116.417, 123
Trd, 000116.617, 167
Trd, 000116.833, 145
Trd, 000117.267, 166
Trd, 000117.333, 157
Trd, 000118.300, 181
Trd, 000120.800, 189
Trd, 000121.783, 151
Trd, 000121.867, 143
Trd, 000122.250, 149
Trd, 000122.350, 153
Trd, 000122.733, 176
Trd, 000123.183, 144
Trd, 000126.400, 187
Trd, 000126.717, 172
Trd, 000126.800, 172
Trd, 000127.367, 198
Trd, 000127.850, 161
Trd, 000127.917, 169
Trd, 000130.433, 171
Trd, 000131.667, 148
Trd, 000132.017, 158
Trd, 000132.050, 161
Trd, 000132.383, 182
Trd, 000132.700, 135
Trd, 000133.133, 188
Trd, 000133.300, 174
Trd, 000135.000, 146
Trd, 000135.967, 181
Trd, 000136.017, 178
Trd, 000136.517, 182
Trd, 000136.633, 178
Trd, 000137.717, 188
Trd, 000137.933, 186
Trd, 000138.500, 161
Trd, 000138.567, 133
Trd, 000139.017, 147
Trd, 000141.033, 185
Trd, 000141.200, 148
Trd, 000141.717, 170
Trd, 000143.183, 183
Trd, 000145.683, 173
Trd, 000146.250, 174
Trd, 000146.483, 150
Trd, 000146.533, 147
Trd, 000146.783, 179
Trd, 000146.833, 142
Trd, 000147.183, 179
Trd, 000148.983, 171
Trd, 000150.500, 157
Trd, 000150.883, 135
Trd, 000151.233, 180
Trd, 000151.400, 144
Trd, 000152.100, 152
Trd, 000152.167, 146
Trd, 000152.800, 143
Trd, 000152.967, 171
Trd, 000154.200, 141
Trd, 000154.883, 161
Trd, 000154.950, 122
Trd, 000156.333, 180
Trd, 000156.367, 178
Trd, 000156.550, 194
Trd, 000158.900, 164
Trd, 000159.133, 156
Trd, 000159.833, 165
Trd, 000160.983, 172
Trd, 000161.167, 131
Trd, 000162.317, 168
Trd, 000163.267, 161
Trd, 000163.467, 162
Trd, 000164.067, 152
Trd, 000164.950, 159
Trd, 000165.267, 140
Trd, 000165.367, 162
Trd, 000166.600, 159
Trd, 000167.217, 172
Trd, 000167.600, 145
Trd, 000167.883, 185
Trd, 000168.417, 174
Trd, 000169.517, 151
Trd, 000169.550, 140
Trd, 000170.317, 189
Trd, 000170.517, 148
Trd, 000172.133, 186
Trd, 000172.217, 185
Trd, 000172.283, 165
Trd, 000172.600, 179
Trd, 000172.700, 159
Trd, 000172.767, 179
Trd, 000173.133, 145
Trd, 000173.967, 168
Trd, 000176.050, 133
Trd, 000176.200, 165
Trd, 000176.233, 181
Trd, 000176.500, 130
Trd, 000177.517, 186
Trd, 000177.950, 167
Trd, 000178.317, 148
Trd, 000178.417, 155
Trd, 000178.450, 162
Trd, 000181.300, 178
Trd, 000181.717, 179
Trd, 000182.083, 171
Trd, 000183.000, 169
Trd, 000183.150, 175
Trd, 000183.217, 156
Trd, 000183.533, 152
Trd, 000184.683, 170
Trd, 000186.733, 158
Trd, 000186.783, 159
Trd, 000187.550, 177
Trd, 000187.567, 170
Trd, 000188.633, 163
Trd, 000189.383, 149
Trd, 000189.767, 147
Trd, 000190.083, 151
Trd, 000190.100, 162
Trd, 000191.300, 178
Trd, 000191.350, 183
Trd, 000192.267, 139
Trd, 000192.300, 140
Trd, 000192.983, 141
Trd, 000193.567, 146
Trd, 000194.817, 166
Trd, 000195.783, 170
Trd, 000196.867, 174
Trd, 000197.067, 171
Trd, 000197.750, 185
Trd, 000197.850, 169
Trd, 000198.200, 167
Trd, 000198.617, 192
Trd, 000198.783, 137
Trd, 000199.567, 187
Trd, 000200.500, 186
Trd, 000201.550, 176
Trd, 000202.233, 177
Trd, 000202.650, 170
Trd, 000203.717, 141
Trd, 000203.750, 151
Trd, 000204.367, 162
Trd, 000204.800, 174
Trd, 000207.117, 167
Trd, 000207.883, 176
Trd, 000208.300, 171
Trd, 000208.517, 165
Trd, 000208.750, 181
Trd, 000209.800, 168
Trd, 000210.433, 149
Trd, 000210.800, 150
Trd, 000211.433, 180
Trd, 000211.833, 180
Trd, 000212.200, 164
Trd, 000213.183, 185
Trd, 000213.617, 163
Trd, 000214.900, 167
Trd, 000214.967, 161
Trd, 000216.317, 151
Trd, 000216.683, 174
Trd, 000216.733, 147
Trd, 000216.983, 159
Trd, 000217.100, 162
Trd, 000217.367, 183
Trd, 000217.817, 145
Trd, 000218.250, 165
Trd, 000221.350, 176
Trd, 000221.467, 191
Trd, 000221.867, 170
Trd, 000223.150, 175
Trd, 000223.267, 160
Trd, 000223.600, 160
Trd, 000225.900, 177
Trd, 000225.950, 175
Trd, 000226.633, 184
Trd, 000226.717, 131
Trd, 000226.850, 125
Trd, 000227.167, 151
Trd, 000227.250, 160
Trd, 000227.400, 168
Trd, 000228.217, 188
Trd, 000229.150, 172
Trd, 000230.533, 156
Trd, 000231.300, 183
Trd, 000231.583, 163
Trd, 000231.850, 162
Trd, 000232.333, 176
Trd, 000233.083, 158
Trd, 000233.150, 143
Trd, 000233.500, 152
Trd, 000235.233, 148
Trd, 000235.933, 159
Trd, 000236.933, 162
Trd, 000237.217, 163
Trd, 000238.350, 181
Trd, 000238.600, 174
Trd, 000240.000, 157
Trd, 000240.283, 157
Trd, 000240.883, 182
Trd, 000241.567, 169
Trd, 000241.583, 164
Trd, 000241.633, 174
Trd, 000241.967, 134
Trd, 000243.467, 151
Trd, 000243.717, 150
Trd, 000246.733, 179
Trd, 000246.867, 172
Trd, 000246.983, 184
Trd, 000247.017, 172
Trd, 000248.017, 175
Trd, 000250.550, 155
Trd, 000251.950, 159
Trd, 000252.850, 183
Trd, 000253.733, 183
Trd, 000254.017, 172
Trd, 000254.933, 161
Trd, 000256.550, 193
Trd, 000256.750, 187
Trd, 000256.933, 185
Trd, 000257.150, 182
Trd, 000257.817, 178
Trd, 000258.317, 161
Trd, 000258.333, 156
Trd, 000259.883, 158
Trd, 000262.050, 174
Trd, 000263.700, 190
Trd, 000263.767, 188
Trd, 000264.033, 163
Trd, 000265.600, 173
Trd, 000267.500, 191
Trd, 000267.717, 185
Trd, 000267.750, 161
Trd, 000268.983, 168
Trd, 000269.183, 148
Trd, 000269.833, 174
Trd, 000271.067, 179
Trd, 000272.033, 149
Trd, 000272.083, 160
Trd, 000272.233, 159
Trd, 000272.250, 161
Trd, 000272.400, 165
Trd, 000272.450, 167
Trd, 000272.567, 141
Trd, 000275.617, 164
Trd, 000276.000, 169
Trd, 000276.600, 196
Trd, 000276.883, 180
Trd, 000277.050, 157
Trd, 000277.700, 167
Trd, 000278.083, 178
Trd, 000280.367, 167
Trd, 000280.767, 152
Trd, 000281.600, 185
Trd, 000281.750, 162
Trd, 000282.383, 185
Trd, 000282.550, 173
Trd, 000283.500, 170
Trd, 000284.250, 157
Trd, 000284.817, 160
Trd, 000286.817, 183
Trd, 000286.833, 178
Trd, 000287.117, 192
Trd, 000287.500, 147
Trd, 000288.217, 180
Trd, 000288.617, 158
Trd, 000290.267, 168
Trd, 000290.800, 168
Trd, 000291.433, 145
Trd, 000291.750, 130
Trd, 000292.167, 131
Trd, 000292.200, 180
Trd, 000292.367, 126
Trd, 000293.000, 165
Trd, 000294.317, 166
Trd, 000295.083, 156
Trd, 000295.483, 167
Trd, 000297.167, 115
Trd, 000297.383, 151
Trd, 000297.633, 143
Trd, 000297.683, 144
Trd, 000297.817, 165
Trd, 000299.450, 151
Trd, 000299.833, 156
