Trd, 000005.550, 110
Trd, 000005.900, 120
Trd, 000006.233, 121
Trd, 000006.350, 122
Trd, 000006.683, 140
Trd, 000006.983, 136
Trd, 000007.833, 134
Trd, 000007.917, 134
Trd, 000010.250, 165
Trd, 000010.433, 158
Trd, 000010.883, 149
Trd, 000011.517, 163
Trd, 000012.233, 150
Trd, 000013.850, 149
Trd, 000015.333, 173
Trd, 000016.583, 166
Trd, 000016.700, 156
Trd, 000016.900, 162
Trd, 000017.417, 153
Trd, 000019.300, 159
Trd, 000020.300, 156
Trd, 000021.100, 158
Trd, 000021.950, 159
Trd, 000022.200, 174
Trd, 000022.217, 158
Trd, 000023.283, 147
Trd, 000025.517, 156
Trd, 000025.733, 178
Trd, 000026.167, 155
Trd, 000026.183, 164
Trd, 000026.283, 141
Trd, 000027.517, 153
Trd, 000029.000, 154
Trd, 000029.483, 154
Trd, 000030.433, 147
Trd, 000031.067, 147
Trd, 000031.433, 147
Trd, 000031.633, 160
Trd, 000034.100, 143
Trd, 000034.267, 157
Trd, 000035.083, 157
Trd, 000035.367, 133
Trd, 000035.950, 169
Trd, 000036.250, 156
Trd, 000036.650, 183
Trd, 000037.083, 170
Trd, 000038.150, 151
Trd, 000038.417, 145
Trd, 000040.333, 157
Trd, 000040.633, 136
Trd, 000041.217, 163
Trd, 000041.650, 137
Trd, 000042.850, 133
Trd, 000045.750, 154
Trd, 000045.867, 148
Trd, 000046.100, 140
Trd, 000047.367, 161
Trd, 000048.350, 149
Trd, 000051.117, 141
Trd, 000051.167, 147
Trd, 000051.183, 141
Trd, 000051.217, 166
Trd, 000053.117, 159
Trd, 000054.967, 145
Trd, 000055.467, 133
Trd, 000056.933, 165
Trd, 000057.350, 146
Trd, 000058.633, 163
Trd, 000060.483, 174
Trd, 000060.633, 163
Trd, 000060.850, 154
Trd, 000062.150, 151
Trd, 000063.750, 159
Trd, 000066.183, 180
Trd, 000066.333, 152
Trd, 000066.433, 150
Trd, 000066.517, 163
Trd, 000067.200, 142
Trd, 000069.167, 142
Trd, 000069.183, 139
Trd, 000070.550, 145
Trd, 000071.050, 132
Trd, 000071.200, 144
Trd, 000071.600, 160
Trd, 000072.650, 178
Trd, 000075.683, 136
Trd, 000075.833, 131
Trd, 000076.050, 167
Trd, 000076.483, 150
Trd, 000076.700, 155
Trd, 000077.700, 139
Trd, 000079.283, 141
Trd, 000080.867, 140
Trd, 000081.917, 174
Trd, 000082.067, 167
Trd, 000082.433, 171
Trd, 000082.517, 157
Trd, 000083.283, 154
Trd, 000083.650, 163
Trd, 000083.883, 147
Trd, 000085.950, 152
Trd, 000086.333, 145
Trd, 000086.867, 141
Trd, 000087.183, 157
Trd, 000088.817, 157
Trd, 000089.250, 159
Trd, 000089.417, 183
Trd, 000090.833, 129
Trd, 000090.933, 137
Trd, 000091.483, 162
Trd, 000092.000, 164
Trd, 000094.333, 141
Trd, 000094.500, 140
Trd, 000096.317, 176
Trd, 000096.333, 166
Trd, 000096.450, 149
Trd, 000096.517, 147
Trd, 000097.333, 148
Trd, 000098.117, 141
Trd, 000101.267, 172
Trd, 000101.667, 160
Trd, 000101.683, 158
Trd, 000102.117, 176
Trd, 000103.917, 156
Trd, 000105.767, 129
Trd, 000106.367, 162
Trd, 000107.133, 157
Trd, 000108.150, 152
Trd, 000108.533, 148
Trd, 000108.917, 142
Trd, 000108.950, 140
Trd, 000110.983, 135
Trd, 000111.317, 152
Trd, 000111.383, 131
Trd, 000111.483, 138
Trd, 000113.067, 164
Trd, 000113.333, 158
Trd, 000113.483, 151
Trd, 000115.567, 145
Trd, 000115.917, 159
Trd, 000116.700, 173
Trd, 000117.333, 143
Trd, 000118.433, 147
Trd, 000118.800, 144
Trd, 000120.900, 117
Trd, 000121.283, 136
Trd, 000122.050, 140
Trd, 000122.500, 187
Trd, 000125.917, 125
Trd, 000126.567, 168
Trd, 000128.317, 160
Trd, 000129.417, 144
Trd, 000131.600, 144
Trd, 000131.817, 144
Trd, 000132.200, 147
Trd, 000132.600, 144
Trd, 000135.700, 142
Trd, 000136.333, 120
Trd, 000136.367, 139
Trd, 000137.100, 141
Trd, 000137.817, 131
Trd, 000137.850, 145
Trd, 000139.017, 172
Trd, 000141.367, 174
Trd, 000141.600, 154
Trd, 000141.633, 153
Trd, 000141.783, 145
Trd, 000141.817, 139
Trd, 000142.300, 142
Trd, 000142.800, 161
Trd, 000146.217, 147
Trd, 000146.367, 143
Trd, 000147.250, 144
Trd, 000147.967, 138
Trd, 000148.433, 140
Trd, 000149.033, 141
Trd, 000151.583, 179
Trd, 000152.200, 171
Trd, 000152.450, 159
Trd, 000153.583, 151
Trd, 000156.083, 136
Trd, 000156.433, 152
Trd, 000156.850, 158
Trd, 000157.583, 160
Trd, 000157.733, 149
Trd, 000158.883, 141
Trd, 000161.283, 180
Trd, 000161.317, 151
Trd, 000162.417, 164
Trd, 000163.033, 151
Trd, 000164.650, 162
Trd, 000166.800, 151
Trd, 000167.000, 175
Trd, 000168.583, 157
Trd, 000169.150, 174
Trd, 000169.650, 153
Trd, 000170.133, 162
Trd, 000171.467, 147
Trd, 000171.967, 141
Trd, 000172.983, 147
Trd, 000173.633, 142
Trd, 000173.833, 134
Trd, 000174.783, 165
Trd, 000176.117, 126
Trd, 000176.217, 143
Trd, 000177.050, 145
Trd, 000177.733, 162
Trd, 000178.733, 134
Trd, 000179.600, 178
Trd, 000181.383, 135
Trd, 000181.867, 128
Trd, 000181.900, 138
Trd, 000182.267, 162
Trd, 000183.567, 164
Trd, 000185.217, 163
Trd, 000185.917, 154
Trd, 000186.533, 164
Trd, 000186.733, 160
Trd, 000188.117, 167
Trd, 000188.733, 156
Trd, 000189.800, 143
Trd, 000191.467, 138
Trd, 000191.767, 142
Trd, 000191.967, 134
Trd, 000192.117, 141
Trd, 000192.167, 131
Trd, 000193.867, 143
Trd, 000194.717, 170
Trd, 000196.600, 162
Trd, 000196.967, 143
Trd, 000198.233, 161
Trd, 000198.350, 175
Trd, 000199.750, 154
Trd, 000201.417, 131
Trd, 000201.450, 130
Trd, 000201.483, 144
Trd, 000202.433, 170
Trd, 000202.633, 172
Trd, 000202.733, 156
Trd, 000203.133, 151
Trd, 000203.383, 166
Trd, 000206.533, 150
Trd, 000206.800, 150
Trd, 000206.933, 131
Trd, 000207.100, 144
Trd, 000207.117, 171
Trd, 000207.850, 161
Trd, 000210.583, 168
Trd, 000211.217, 152
Trd, 000211.333, 143
Trd, 000212.533, 129
Trd, 000213.150, 154
Trd, 000214.083, 163
Trd, 000215.267, 146
Trd, 000216.300, 123
Trd, 000217.617, 145
Trd, 000218.417, 140
Trd, 000219.400, 156
Trd, 000219.733, 154
Trd, 000221.283, 121
Trd, 000221.350, 143
Trd, 000222.450, 134
Trd, 000222.667, 156
Trd, 000223.050, 155
Trd, 000224.233, 150
Trd, 000226.317, 128
Trd, 000227.033, 168
Trd, 000228.933, 169
Trd, 000229.467, 156
Trd, 000231.400, 175
Trd, 000231.417, 168
Trd, 000231.533, 126
Trd, 000231.800, 146
Trd, 000232.017, 184
Trd, 000232.267, 132
Trd, 000232.583, 141
Trd, 000234.983, 143
Trd, 000236.800, 133
Trd, 000237.200, 131
Trd, 000237.267, 141
Trd, 000239.783, 151
Trd, 000239.950, 150
Trd, 000241.050, 179
Trd, 000241.800, 130
Trd, 000241.833, 123
Trd, 000241.900, 130
Trd, 000243.267, 158
Trd, 000244.033, 149
Trd, 000244.700, 140
Trd, 000247.517, 163
Trd, 000247.767, 165
Trd, 000247.883, 152
Trd, 000248.167, 155
Trd, 000249.600, 175
Trd, 000251.383, 121
Trd, 000251.483, 142
Trd, 000251.617, 158
Trd, 000253.083, 131
Trd, 000255.000, 140
Trd, 000255.800, 157
Trd, 000256.133, 139
Trd, 000256.400, 129
Trd, 000256.467, 131
Trd, 000256.967, 182
Trd, 000257.450, 140
Trd, 000257.800, 149
Trd, 000260.450, 154
Trd, 000260.650, 148
Trd, 000261.350, 141
Trd, 000261.983, 174
Trd, 000262.900, 139
Trd, 000263.983, 131
Trd, 000264.617, 141
Trd, 000265.767, 164
Trd, 000266.350, 105
Trd, 000266.717, 120
Trd, 000266.833, 131
Trd, 000266.883, 171
Trd, 000267.100, 160
Trd, 000269.167, 173
Trd, 000270.600, 160
Trd, 000270.683, 153
Trd, 000271.667, 144
Trd, 000271.917, 168
Trd, 000272.700, 154
Trd, 000272.767, 154
Trd, 000273.700, 164
Trd, 000276.083, 155
Trd, 000276.600, 148
Trd, 000277.083, 156
Trd, 000277.283, 149
Trd, 000277.550, 152
Trd, 000277.733, 144
Trd, 000279.367, 147
Trd, 000281.717, 143
Trd, 000281.800, 151
Trd, 000281.950, 141
Trd, 000283.500, 154
Trd, 000284.883, 166
Trd, 000287.450, 156
Trd, 000287.533, 150
Trd, 000288.017, 145
Trd, 000288.883, 174
Trd, 000290.150, 141
Trd, 000290.533, 135
Trd, 000291.933, 143
Trd, 000292.300, 137
Trd, 000292.633, 154
Trd, 000293.433, 158
Trd, 000295.150, 141
Trd, 000295.433, 150
Trd, 000295.833, 178
Trd, 000297.217, 146
Trd, 000297.550, 156
Trd, 000297.867, 134
Trd, 000298.133, 138
Trd, 000299.033, 135
Trd, 000299.417, 140
Trd, 000299.800, 132
