Trd, 000005.217, 124
Trd, 000005.283, 130
Trd, 000005.317, 137
Trd, 000005.700, 149
Trd, 000005.950, 162
Trd, 000006.050, 134
Trd, 000007.167, 155
Trd, 000007.917, 161
Trd, 000008.917, 131
Trd, 000010.083, 130
Trd, 000010.133, 189
Trd, 000010.517, 177
Trd, 000012.433, 195
Trd, 000013.283, 167
Trd, 000013.850, 169
Trd, 000014.000, 163
Trd, 000014.633, 174
Trd, 000014.983, 157
Trd, 000015.517, 197
Trd, 000015.600, 176
Trd, 000016.667, 157
Trd, 000016.817, 186
Trd, 000017.117, 187
Trd, 000019.400, 164
Trd, 000019.550, 161
Trd, 000020.283, 173
Trd, 000020.400, 153
Trd, 000021.083, 127
Trd, 000021.283, 151
Trd, 000021.550, 187
Trd, 000022.350, 178
Trd, 000025.417, 199
Trd, 000026.583, 187
Trd, 000027.117, 179
Trd, 000027.633, 156
Trd, 000029.350, 167
Trd, 000029.850, 161
Trd, 000030.317, 136
Trd, 000030.467, 184
Trd, 000030.867, 175
Trd, 000030.950, 165
Trd, 000031.767, 179
Trd, 000032.217, 154
Trd, 000033.383, 143
Trd, 000034.250, 149
Trd, 000035.217, 149
Trd, 000035.867, 163
Trd, 000035.900, 152
Trd, 000036.200, 157
Trd, 000036.233, 144
Trd, 000036.400, 184
Trd, 000038.033, 177
Trd, 000039.800, 147
Trd, 000041.167, 196
Trd, 000041.550, 185
Trd, 000041.917, 183
Trd, 000043.333, 162
Trd, 000043.350, 161
Trd, 000045.000, 160
Trd, 000046.000, 157
Trd, 000046.033, 159
Trd, 000046.550, 182
Trd, 000046.900, 178
Trd, 000047.150, 177
Trd, 000047.200, 129
Trd, 000047.350, 169
Trd, 000050.683, 167
Trd, 000050.833, 166
Trd, 000051.417, 160
Trd, 000051.450, 158
Trd, 000051.667, 144
Trd, 000052.950, 136
Trd, 000052.967, 177
Trd, 000055.733, 175
Trd, 000056.283, 175
Trd, 000056.883, 174
Trd, 000057.483, 165
Trd, 000057.633, 178
Trd, 000058.317, 160
Trd, 000060.017, 170
Trd, 000060.750, 193
Trd, 000060.783, 177
Trd, 000062.150, 190
Trd, 000062.667, 188
Trd, 000063.250, 165
Trd, 000063.683, 168
Trd, 000065.567, 183
Trd, 000065.900, 157
Trd, 000065.983, 149
Trd, 000067.033, 156
Trd, 000067.133, 148
Trd, 000068.283, 161
Trd, 000069.683, 146
Trd, 000069.883, 187
Trd, 000070.617, 179
Trd, 000071.283, 169
Trd, 000071.733, 144
Trd, 000071.800, 183
Trd, 000072.850, 179
Trd, 000073.417, 160
Trd, 000074.667, 159
Trd, 000075.883, 200
Trd, 000076.650, 179
Trd, 000076.750, 169
Trd, 000077.833, 180
Trd, 000078.733, 163
Trd, 000079.167, 169
Trd, 000080.717, 167
Trd, 000080.733, 169
Trd, 000081.417, 186
Trd, 000081.717, 180
Trd, 000082.400, 179
Trd, 000082.983, 163
Trd, 000083.400, 134
Trd, 000084.183, 168
Trd, 000084.700, 151
Trd, 000085.717, 193
Trd, 000085.917, 151
Trd, 000086.683, 163
Trd, 000086.850, 183
Trd, 000087.300, 182
Trd, 000088.500, 161
Trd, 000090.750, 183
Trd, 000091.300, 181
Trd, 000091.400, 178
Trd, 000092.050, 176
Trd, 000092.717, 192
Trd, 000093.017, 163
Trd, 000094.450, 161
Trd, 000094.833, 149
Trd, 000095.867, 146
Trd, 000095.967, 174
Trd, 000096.117, 168
Trd, 000096.750, 178
Trd, 000097.517, 155
Trd, 000097.767, 147
Trd, 000098.267, 154
Trd, 000100.317, 145
Trd, 000100.767, 179
Trd, 000100.900, 114
Trd, 000101.200, 187
Trd, 000102.217, 146
Trd, 000102.483, 170
Trd, 000106.083, 177
Trd, 000106.417, 185
Trd, 000106.583, 157
Trd, 000107.183, 179
Trd, 000107.383, 191
Trd, 000107.667, 179
Trd, 000107.833, 166
Trd, 000108.900, 177
Trd, 000108.917, 173
Trd, 000110.317, 164
Trd, 000110.767, 178
Trd, 000110.783, 190
Trd, 000111.017, 154
Trd, 000111.183, 198
Trd, 000111.433, 167
Trd, 000111.450, 186
Trd, 000112.717, 169
Trd, 000112.933, 164
Trd, 000115.750, 186
Trd, 000116.067, 121
Trd, 000116.367, 184
Trd, 000116.667, 173
Trd, 000118.033, 164
Trd, 000118.067, 178
Trd, 000119.017, 156
Trd, 000120.717, 131
Trd, 000121.100, 160
Trd, 000121.200, 152
Trd, 000121.383, 177
Trd, 000121.667, 164
Trd, 000122.517, 155
Trd, 000124.350, 189
Trd, 000124.367, 165
Trd, 000124.850, 159
Trd, 000125.917, 127
Trd, 000126.167, 196
Trd, 000126.267, 184
Trd, 000127.083, 180
Trd, 000129.433, 179
Trd, 000130.983, 129
Trd, 000131.467, 199
Trd, 000131.733, 182
Trd, 000132.633, 171
Trd, 000133.883, 177
Trd, 000134.283, 153
Trd, 000135.033, 148
Trd, 000135.950, 177
Trd, 000136.133, 153
Trd, 000136.733, 189
Trd, 000137.283, 158
Trd, 000137.583, 175
Trd, 000137.683, 142
Trd, 000138.167, 167
Trd, 000141.050, 131
Trd, 000141.300, 158
Trd, 000141.817, 179
Trd, 000141.883, 179
Trd, 000142.100, 133
Trd, 000142.283, 182
Trd, 000144.217, 167
Trd, 000146.000, 157
Trd, 000146.517, 188
Trd, 000146.550, 182
Trd, 000147.650, 174
Trd, 000147.750, 160
Trd, 000149.350, 164
Trd, 000149.583, 151
Trd, 000150.150, 151
Trd, 000150.933, 185
Trd, 000151.517, 144
Trd, 000151.550, 174
Trd, 000152.417, 176
Trd, 000152.467, 191
Trd, 000155.850, 136
Trd, 000156.367, 145
Trd, 000156.667, 128
Trd, 000157.783, 152
Trd, 000158.150, 166
Trd, 000158.367, 181
Trd, 000159.083, 183
Trd, 000159.217, 187
Trd, 000159.567, 176
Trd, 000160.117, 142
Trd, 000161.200, 194
Trd, 000161.283, 175
Trd, 000161.517, 166
Trd, 000162.083, 174
Trd, 000162.117, 169
Trd, 000162.533, 162
Trd, 000166.283, 191
Trd, 000166.467, 178
Trd, 000166.633, 152
Trd, 000167.133, 188
Trd, 000167.550, 161
Trd, 000168.183, 200
Trd, 000169.950, 193
Trd, 000171.100, 188
Trd, 000171.283, 141
Trd, 000171.683, 132
Trd, 000172.033, 187
Trd, 000172.400, 175
Trd, 000173.950, 177
Trd, 000176.117, 187
Trd, 000176.400, 175
Trd, 000176.833, 158
Trd, 000177.083, 175
Trd, 000177.467, 137
Trd, 000177.483, 135
Trd, 000177.650, 170
Trd, 000181.100, 159
Trd, 000181.133, 156
Trd, 000181.667, 177
Trd, 000181.717, 192
Trd, 000181.750, 154
Trd, 000183.317, 133
Trd, 000183.467, 161
Trd, 000186.167, 167
Trd, 000187.117, 159
Trd, 000187.583, 167
Trd, 000188.733, 182
Trd, 000188.900, 196
Trd, 000189.583, 186
Trd, 000190.050, 180
Trd, 000190.783, 162
Trd, 000191.200, 161
Trd, 000191.767, 183
Trd, 000192.350, 180
Trd, 000193.483, 152
Trd, 000193.717, 186
Trd, 000194.533, 173
Trd, 000194.933, 174
Trd, 000195.117, 164
Trd, 000196.000, 159
Trd, 000196.150, 197
Trd, 000196.317, 177
Trd, 000196.433, 148
Trd, 000198.133, 180
Trd, 000198.150, 175
Trd, 000199.150, 153
Trd, 000199.550, 156
Trd, 000201.183, 145
Trd, 000201.500, 162
Trd, 000202.250, 168
Trd, 000202.667, 159
Trd, 000202.883, 168
Trd, 000205.833, 165
Trd, 000206.367, 182
Trd, 000206.800, 158
Trd, 000207.000, 172
Trd, 000207.333, 146
Trd, 000207.550, 168
Trd, 000207.850, 137
Trd, 000208.300, 135
Trd, 000208.750, 147
Trd, 000210.700, 194
Trd, 000211.783, 189
Trd, 000211.817, 178
Trd, 000212.217, 148
Trd, 000212.967, 189
Trd, 000213.867, 165
Trd, 000214.033, 171
Trd, 000214.417, 148
Trd, 000214.900, 151
Trd, 000216.767, 189
Trd, 000216.800, 160
Trd, 000217.500, 160
Trd, 000218.100, 150
Trd, 000218.717, 170
Trd, 000221.367, 170
Trd, 000221.567, 166
Trd, 000221.883, 132
Trd, 000222.483, 150
Trd, 000222.500, 188
Trd, 000223.467, 174
Trd, 000223.750, 144
Trd, 000226.200, 193
Trd, 000226.900, 183
Trd, 000227.000, 174
Trd, 000227.367, 164
Trd, 000227.983, 136
Trd, 000229.383, 169
Trd, 000231.433, 179
Trd, 000231.450, 152
Trd, 000232.050, 155
Trd, 000232.167, 188
Trd, 000234.483, 157
Trd, 000234.650, 144
Trd, 000236.167, 178
Trd, 000236.500, 140
Trd, 000237.017, 200
Trd, 000237.217, 176
Trd, 000238.350, 162
Trd, 000238.750, 181
Trd, 000239.450, 162
Trd, 000239.517, 171
Trd, 000239.750, 160
Trd, 000241.400, 170
Trd, 000241.833, 163
Trd, 000242.017, 184
Trd, 000242.283, 192
Trd, 000242.767, 178
Trd, 000242.833, 172
Trd, 000243.600, 188
Trd, 000244.717, 162
Trd, 000246.367, 162
Trd, 000246.383, 127
Trd, 000247.450, 188
Trd, 000247.950, 181
Trd, 000248.150, 176
Trd, 000248.283, 167
Trd, 000248.750, 157
Trd, 000249.283, 178
Trd, 000249.967, 172
Trd, 000251.267, 187
Trd, 000251.833, 191
Trd, 000251.933, 177
Trd, 000252.000, 159
Trd, 000252.567, 131
Trd, 000252.950, 144
Trd, 000256.283, 143
Trd, 000256.550, 179
Trd, 000256.967, 142
Trd, 000257.633, 167
Trd, 000258.017, 181
Trd, 000258.900, 190
Trd, 000260.367, 165
Trd, 000261.433, 179
Trd, 000262.000, 160
Trd, 000262.450, 179
Trd, 000262.717, 173
Trd, 000263.567, 163
Trd, 000264.050, 169
Trd, 000264.200, 134
Trd, 000265.617, 130
Trd, 000267.667, 197
Trd, 000267.967, 179
Trd, 000268.417, 179
Trd, 000268.667, 161
Trd, 000270.583, 160
Trd, 000271.233, 168
Trd, 000271.600, 159
Trd, 000271.667, 174
Trd, 000271.683, 139
Trd, 000273.033, 190
Trd, 000273.083, 186
Trd, 000274.150, 137
Trd, 000274.350, 161
Trd, 000275.133, 142
Trd, 000276.450, 188
Trd, 000276.633, 187
Trd, 000276.767, 163
Trd, 000276.800, 135
Trd, 000277.017, 157
Trd, 000278.967, 169
Trd, 000279.783, 165
Trd, 000279.900, 145
Trd, 000281.483, 176
Trd, 000282.117, 174
Trd, 000282.133, 188
Trd, 000282.367, 162
Trd, 000282.867, 172
Trd, 000283.200, 152
Trd, 000283.600, 150
Trd, 000284.033, 174
Trd, 000284.900, 144
Trd, 000285.033, 142
Trd, 000286.583, 191
Trd, 000286.667, 180
Trd, 000287.217, 187
Trd, 000287.300, 153
Trd, 000287.400, 169
Trd, 000289.050, 170
Trd, 000289.317, 153
Trd, 000291.533, 124
Trd, 000291.733, 156
Trd, 000292.083, 149
Trd, 000292.383, 182
Trd, 000293.050, 176
Trd, 000293.150, 164
Trd, 000293.317, 158
Trd, 000293.950, 162
Trd, 000296.633, 189
Trd, 000296.933, 155
Trd, 000297.050, 192
Trd, 000297.750, 170
Trd, 000298.133, 175
Trd, 000299.783, 157
