Trd, 000005.083, 123
Trd, 000005.267, 137
Trd, 000005.417, 155
Trd, 000005.617, 152
Trd, 000006.983, 158
Trd, 000007.750, 168
Trd, 000008.933, 148
Trd, 000009.067, 166
Trd, 000010.333, 175
Trd, 000010.967, 166
Trd, 000011.583, 157
Trd, 000012.367, 161
Trd, 000012.900, 157
Trd, 000013.000, 155
Trd, 000014.700, 165
Trd, 000014.850, 175
Trd, 000015.400, 161
Trd, 000015.567, 143
Trd, 000016.567, 144
Trd, 000016.600, 135
Trd, 000016.817, 153
Trd, 000017.667, 155
Trd, 000018.767, 166
Trd, 000020.267, 132
Trd, 000020.983, 146
Trd, 000021.300, 165
Trd, 000021.367, 143
Trd, 000021.650, 138
Trd, 000022.700, 155
Trd, 000022.850, 168
Trd, 000022.883, 180
Trd, 000026.183, 152
Trd, 000026.483, 162
Trd, 000026.650, 151
Trd, 000026.700, 142
Trd, 000026.883, 143
Trd, 000027.883, 159
Trd, 000028.400, 177
Trd, 000030.033, 134
Trd, 000030.367, 173
Trd, 000030.417, 114
Trd, 000030.900, 184
Trd, 000031.267, 164
Trd, 000031.733, 167
Trd, 000031.833, 163
Trd, 000032.850, 152
Trd, 000034.017, 167
Trd, 000034.400, 178
Trd, 000035.383, 148
Trd, 000035.633, 129
Trd, 000035.783, 150
Trd, 000036.217, 185
Trd, 000036.400, 152
Trd, 000037.350, 171
Trd, 000039.417, 184
Trd, 000040.283, 119
Trd, 000040.517, 157
Trd, 000041.117, 166
Trd, 000041.383, 144
Trd, 000041.683, 164
Trd, 000042.800, 173
Trd, 000043.067, 179
Trd, 000044.667, 158
Trd, 000045.850, 153
Trd, 000046.250, 160
Trd, 000046.833, 159
Trd, 000047.750, 158
Trd, 000048.433, 143
Trd, 000049.000, 165
Trd, 000049.033, 174
Trd, 000049.800, 178
Trd, 000050.383, 128
Trd, 000051.283, 155
Trd, 000052.117, 155
Trd, 000052.417, 159
Trd, 000052.667, 154
Trd, 000053.183, 156
Trd, 000053.300, 143
Trd, 000055.583, 146
Trd, 000055.917, 166
Trd, 000056.150, 161
Trd, 000056.333, 157
Trd, 000057.567, 155
Trd, 000057.800, 173
Trd, 000060.783, 186
Trd, 000061.000, 145
Trd, 000061.083, 154
Trd, 000061.300, 181
Trd, 000061.717, 173
Trd, 000061.867, 171
Trd, 000062.233, 165
Trd, 000064.517, 155
Trd, 000065.817, 122
Trd, 000066.067, 170
Trd, 000066.550, 152
Trd, 000066.917, 160
Trd, 000067.517, 166
Trd, 000068.783, 161
Trd, 000069.950, 167
Trd, 000070.183, 167
Trd, 000070.300, 151
Trd, 000070.583, 160
Trd, 000070.683, 101
Trd, 000070.883, 135
Trd, 000071.967, 142
Trd, 000072.183, 166
Trd, 000072.483, 181
Trd, 000072.550, 157
Trd, 000072.950, 140
Trd, 000074.633, 160
Trd, 000075.517, 106
Trd, 000076.283, 161
Trd, 000076.333, 149
Trd, 000076.567, 166
Trd, 000077.067, 150
Trd, 000077.283, 147
Trd, 000077.350, 172
Trd, 000078.383, 181
Trd, 000080.800, 168
Trd, 000081.300, 137
Trd, 000082.300, 150
Trd, 000082.933, 167
Trd, 000083.600, 162
Trd, 000083.700, 164
Trd, 000084.100, 169
Trd, 000084.167, 165
Trd, 000084.517, 159
Trd, 000085.633, 150
Trd, 000086.033, 160
Trd, 000086.300, 148
Trd, 000091.067, 155
Trd, 000091.683, 166
Trd, 000092.217, 170
Trd, 000092.317, 167
Trd, 000092.433, 151
Trd, 000092.583, 151
Trd, 000094.517, 156
Trd, 000095.783, 107
Trd, 000095.833, 118
Trd, 000095.967, 120
Trd, 000096.300, 150
Trd, 000096.500, 144
Trd, 000096.983, 164
Trd, 000098.283, 168
Trd, 000100.733, 122
Trd, 000101.617, 152
Trd, 000101.983, 164
Trd, 000102.000, 142
Trd, 000102.733, 167
Trd, 000103.700, 148
Trd, 000105.317, 164
Trd, 000105.950, 160
Trd, 000106.450, 142
Trd, 000106.700, 143
Trd, 000106.783, 141
Trd, 000107.650, 151
Trd, 000108.100, 140
Trd, 000109.100, 173
Trd, 000109.900, 149
Trd, 000110.917, 140
Trd, 000111.483, 125
Trd, 000111.683, 115
Trd, 000112.667, 165
Trd, 000113.250, 190
Trd, 000113.567, 187
Trd, 000114.133, 160
Trd, 000115.267, 167
Trd, 000116.017, 155
Trd, 000116.933, 137
Trd, 000117.483, 131
Trd, 000117.500, 146
Trd, 000117.617, 153
Trd, 000121.100, 156
Trd, 000121.417, 185
Trd, 000121.917, 134
Trd, 000122.033, 140
Trd, 000122.417, 159
Trd, 000123.450, 150
Trd, 000125.017, 146
Trd, 000125.617, 170
Trd, 000126.233, 143
Trd, 000126.900, 140
Trd, 000128.350, 132
Trd, 000128.400, 128
Trd, 000128.933, 150
Trd, 000129.217, 159
Trd, 000129.483, 160
Trd, 000129.817, 148
Trd, 000131.117, 143
Trd, 000131.267, 141
Trd, 000131.383, 143
Trd, 000133.550, 166
Trd, 000134.217, 164
Trd, 000134.817, 161
Trd, 000135.417, 178
Trd, 000136.000, 182
Trd, 000137.050, 172
Trd, 000137.233, 165
Trd, 000138.567, 161
Trd, 000138.667, 160
Trd, 000139.217, 158
Trd, 000140.967, 111
Trd, 000142.333, 171
Trd, 000142.467, 170
Trd, 000142.483, 160
Trd, 000142.800, 162
Trd, 000142.950, 158
Trd, 000145.050, 143
Trd, 000146.067, 124
Trd, 000146.350, 160
Trd, 000147.000, 164
Trd, 000147.883, 166
Trd, 000148.683, 166
Trd, 000149.450, 167
Trd, 000150.600, 166
Trd, 000150.833, 172
Trd, 000151.400, 140
Trd, 000151.567, 135
Trd, 000151.600, 133
Trd, 000152.133, 172
Trd, 000153.250, 154
Trd, 000153.567, 142
Trd, 000154.400, 170
Trd, 000154.883, 137
Trd, 000156.033, 144
Trd, 000156.317, 167
Trd, 000156.533, 149
Trd, 000156.633, 148
Trd, 000156.800, 151
Trd, 000157.333, 172
Trd, 000157.517, 173
Trd, 000158.200, 157
Trd, 000158.983, 159
Trd, 000161.283, 193
Trd, 000161.733, 194
Trd, 000161.767, 157
Trd, 000162.583, 144
Trd, 000162.683, 150
Trd, 000163.350, 157
Trd, 000163.967, 164
Trd, 000166.200, 146
Trd, 000166.483, 164
Trd, 000166.767, 158
Trd, 000167.533, 161
Trd, 000167.633, 143
Trd, 000168.867, 145
Trd, 000171.400, 183
Trd, 000171.817, 165
Trd, 000172.317, 163
Trd, 000172.417, 158
Trd, 000173.150, 143
Trd, 000173.600, 148
Trd, 000175.183, 158
Trd, 000176.550, 137
Trd, 000176.883, 148
Trd, 000177.233, 147
Trd, 000178.350, 182
Trd, 000178.767, 186
Trd, 000179.433, 150
Trd, 000180.133, 154
Trd, 000180.617, 164
Trd, 000181.150, 138
Trd, 000181.200, 143
Trd, 000181.567, 151
Trd, 000181.867, 162
Trd, 000182.950, 175
Trd, 000183.333, 152
Trd, 000184.550, 155
Trd, 000184.833, 185
Trd, 000184.850, 154
Trd, 000184.900, 143
Trd, 000186.117, 155
Trd, 000186.433, 132
Trd, 000186.733, 150
Trd, 000187.400, 160
Trd, 000187.517, 158
Trd, 000188.567, 152
Trd, 000191.200, 166
Trd, 000191.433, 166
Trd, 000191.717, 159
Trd, 000191.767, 174
Trd, 000192.450, 159
Trd, 000193.733, 170
Trd, 000194.050, 173
Trd, 000196.417, 165
Trd, 000196.567, 150
Trd, 000196.700, 149
Trd, 000196.800, 160
Trd, 000196.983, 165
Trd, 000197.017, 143
Trd, 000197.533, 183
Trd, 000198.433, 158
Trd, 000198.600, 150
Trd, 000201.217, 136
Trd, 000201.817, 150
Trd, 000203.033, 146
Trd, 000203.767, 147
Trd, 000204.000, 143
Trd, 000204.167, 140
Trd, 000204.617, 174
Trd, 000206.133, 121
Trd, 000206.367, 143
Trd, 000206.400, 165
Trd, 000207.017, 167
Trd, 000208.267, 161
Trd, 000209.117, 169
Trd, 000210.150, 158
Trd, 000212.100, 150
Trd, 000212.417, 128
Trd, 000213.750, 156
Trd, 000213.933, 155
Trd, 000213.967, 161
Trd, 000214.450, 141
Trd, 000215.183, 189
Trd, 000215.883, 133
Trd, 000216.417, 144
Trd, 000216.683, 155
Trd, 000216.833, 154
Trd, 000217.900, 154
Trd, 000218.500, 166
Trd, 000218.900, 165
Trd, 000220.033, 189
Trd, 000221.350, 108
Trd, 000221.933, 167
Trd, 000222.050, 160
Trd, 000222.717, 173
Trd, 000222.817, 163
Trd, 000223.617, 143
Trd, 000223.933, 149
Trd, 000226.383, 163
Trd, 000226.517, 150
Trd, 000227.000, 163
Trd, 000227.367, 166
Trd, 000227.600, 158
Trd, 000227.750, 143
Trd, 000227.983, 175
Trd, 000231.283, 100
Trd, 000231.900, 159
Trd, 000232.433, 171
Trd, 000235.117, 156
Trd, 000236.450, 115
Trd, 000236.500, 137
Trd, 000236.967, 174
Trd, 000237.433, 151
Trd, 000237.450, 180
Trd, 000239.033, 169
Trd, 000239.383, 165
Trd, 000241.317, 125
Trd, 000241.900, 162
Trd, 000242.217, 157
Trd, 000243.883, 158
Trd, 000246.367, 114
Trd, 000246.767, 136
Trd, 000247.117, 180
Trd, 000247.183, 145
Trd, 000248.133, 160
Trd, 000248.250, 171
Trd, 000248.667, 172
Trd, 000249.250, 159
Trd, 000249.700, 153
Trd, 000251.783, 154
Trd, 000251.800, 149
Trd, 000252.317, 155
Trd, 000253.067, 145
Trd, 000253.983, 143
Trd, 000255.167, 157
Trd, 000256.667, 152
Trd, 000256.700, 192
Trd, 000257.017, 140
Trd, 000257.583, 140
Trd, 000261.883, 163
Trd, 000262.317, 158
Trd, 000262.333, 145
Trd, 000263.600, 172
Trd, 000264.583, 175
Trd, 000264.817, 139
Trd, 000265.733, 141
Trd, 000265.750, 168
Trd, 000266.350, 165
Trd, 000267.067, 139
Trd, 000267.133, 143
Trd, 000267.517, 148
Trd, 000269.717, 158
Trd, 000270.883, 174
Trd, 000271.483, 185
Trd, 000271.983, 158
Trd, 000273.367, 180
Trd, 000273.417, 171
Trd, 000275.750, 158
Trd, 000276.633, 124
Trd, 000276.983, 152
Trd, 000277.250, 159
Trd, 000277.417, 162
Trd, 000277.433, 146
Trd, 000278.817, 154
Trd, 000279.350, 155
Trd, 000280.183, 152
Trd, 000280.217, 144
Trd, 000281.517, 127
Trd, 000282.117, 167
Trd, 000282.400, 166
Trd, 000283.733, 165
Trd, 000284.250, 158
Trd, 000285.517, 170
Trd, 000286.817, 164
Trd, 000286.917, 150
Trd, 000287.133, 145
Trd, 000288.533, 167
Trd, 000288.733, 155
Trd, 000290.550, 148
Trd, 000291.050, 190
Trd, 000291.550, 168
Trd, 000292.150, 153
Trd, 000292.717, 156
Trd, 000294.683, 180
Trd, 000295.017, 158
Trd, 000296.300, 157
Trd, 000297.150, 136
Trd, 000297.183, 155
Trd, 000297.300, 141
Trd, 000298.450, 143
Trd, 000298.767, 153
Trd, 000299.733, 183
