Trd, 000005.100, 168
Trd, 000005.400, 141
Trd, 000005.633, 147
Trd, 000006.000, 118
Trd, 000006.583, 134
Trd, 000007.300, 147
Trd, 000008.450, 146
Trd, 000010.167, 175
Trd, 000010.267, 146
Trd, 000010.567, 153
Trd, 000010.850, 139
Trd, 000010.967, 162
Trd, 000011.050, 193
Trd, 000011.467, 173
Trd, 000012.167, 141
Trd, 000014.833, 172
Trd, 000015.983, 160
Trd, 000016.133, 153
Trd, 000016.417, 186
Trd, 000016.567, 177
Trd, 000016.850, 153
Trd, 000017.167, 189
Trd, 000018.050, 174
Trd, 000019.100, 172
Trd, 000019.550, 152
Trd, 000020.100, 163
Trd, 000020.467, 160
Trd, 000020.533, 148
Trd, 000021.533, 174
Trd, 000021.800, 156
Trd, 000022.100, 147
Trd, 000023.550, 165
Trd, 000025.033, 156
Trd, 000025.267, 150
Trd, 000025.467, 166
Trd, 000026.300, 181
Trd, 000026.800, 149
Trd, 000026.883, 146
Trd, 000027.983, 147
Trd, 000028.817, 148
Trd, 000029.983, 174
Trd, 000030.400, 162
Trd, 000030.700, 183
Trd, 000030.767, 186
Trd, 000030.950, 154
Trd, 000031.617, 146
Trd, 000032.183, 178
Trd, 000032.300, 147
Trd, 000035.217, 137
Trd, 000035.767, 196
Trd, 000035.883, 160
Trd, 000036.617, 184
Trd, 000037.383, 180
Trd, 000038.833, 180
Trd, 000039.333, 171
Trd, 000040.817, 181
Trd, 000041.217, 186
Trd, 000041.567, 157
Trd, 000041.950, 179
Trd, 000042.683, 155
Trd, 000044.117, 194
Trd, 000044.717, 154
Trd, 000045.417, 138
Trd, 000045.967, 160
Trd, 000046.367, 162
Trd, 000046.433, 180
Trd, 000048.433, 163
Trd, 000048.450, 168
Trd, 000049.783, 159
Trd, 000050.750, 132
Trd, 000050.983, 144
Trd, 000051.150, 137
Trd, 000051.250, 166
Trd, 000051.867, 157
Trd, 000052.283, 173
Trd, 000052.717, 158
Trd, 000055.217, 145
Trd, 000056.317, 175
Trd, 000056.450, 154
Trd, 000056.583, 177
Trd, 000056.850, 167
Trd, 000058.400, 163
Trd, 000059.267, 165
Trd, 000060.450, 127
Trd, 000060.867, 152
Trd, 000061.317, 170
Trd, 000062.167, 175
Trd, 000062.767, 184
Trd, 000063.050, 175
Trd, 000063.950, 183
Trd, 000064.933, 160
Trd, 000065.417, 150
Trd, 000066.700, 175
Trd, 000067.000, 179
Trd, 000067.400, 167
Trd, 000067.600, 166
Trd, 000067.883, 156
Trd, 000068.600, 158
Trd, 000070.583, 154
Trd, 000071.417, 174
Trd, 000073.333, 156
Trd, 000073.833, 167
Trd, 000074.567, 166
Trd, 000074.633, 170
Trd, 000076.017, 155
Trd, 000076.650, 166
Trd, 000076.733, 177
Trd, 000077.667, 175
Trd, 000077.817, 160
Trd, 000078.450, 163
Trd, 000080.017, 177
Trd, 000081.233, 144
Trd, 000081.350, 146
Trd, 000081.717, 163
Trd, 000082.533, 168
Trd, 000085.233, 166
Trd, 000085.933, 169
Trd, 000086.733, 189
Trd, 000086.800, 182
Trd, 000086.950, 157
Trd, 000087.200, 157
Trd, 000088.100, 165
Trd, 000088.117, 155
Trd, 000090.950, 157
Trd, 000091.783, 144
Trd, 000092.317, 153
Trd, 000092.633, 170
Trd, 000094.750, 143
Trd, 000095.617, 147
Trd, 000096.083, 134
Trd, 000096.217, 144
Trd, 000097.600, 179
Trd, 000097.983, 173
Trd, 000099.217, 180
Trd, 000100.717, 157
Trd, 000100.767, 156
Trd, 000101.167, 182
Trd, 000101.550, 142
Trd, 000101.950, 135
Trd, 000102.700, 183
Trd, 000105.150, 146
Trd, 000105.533, 150
Trd, 000106.000, 139
Trd, 000106.317, 169
Trd, 000106.683, 158
Trd, 000106.767, 159
Trd, 000107.350, 157
Trd, 000107.600, 162
Trd, 000110.100, 154
Trd, 000110.500, 153
Trd, 000111.217, 172
Trd, 000111.650, 167
Trd, 000111.867, 186
Trd, 000113.267, 170
Trd, 000113.400, 153
Trd, 000113.467, 164
Trd, 000114.067, 145
Trd, 000114.483, 177
Trd, 000116.033, 147
Trd, 000117.133, 163
Trd, 000117.700, 160
Trd, 000118.117, 157
Trd, 000118.333, 183
Trd, 000121.500, 191
Trd, 000121.683, 176
Trd, 000122.283, 175
Trd, 000122.633, 176
Trd, 000123.967, 187
Trd, 000124.417, 172
Trd, 000125.133, 160
Trd, 000125.917, 157
Trd, 000126.233, 163
Trd, 000126.300, 155
Trd, 000126.617, 171
Trd, 000126.633, 153
Trd, 000128.350, 155
Trd, 000129.717, 150
Trd, 000130.933, 172
Trd, 000132.267, 171
Trd, 000133.033, 164
Trd, 000133.200, 160
Trd, 000133.767, 153
Trd, 000135.683, 159
Trd, 000135.983, 162
Trd, 000136.300, 139
Trd, 000137.200, 175
Trd, 000138.233, 180
Trd, 000141.183, 144
Trd, 000141.367, 147
Trd, 000142.017, 149
Trd, 000142.867, 167
Trd, 000142.917, 131
Trd, 000143.017, 173
Trd, 000144.483, 171
Trd, 000145.167, 186
Trd, 000145.917, 145
Trd, 000146.183, 152
Trd, 000146.650, 160
Trd, 000147.017, 154
Trd, 000149.367, 183
Trd, 000149.717, 149
Trd, 000151.267, 189
Trd, 000151.767, 172
Trd, 000152.417, 178
Trd, 000153.183, 173
Trd, 000153.667, 154
Trd, 000155.817, 152
Trd, 000156.017, 144
Trd, 000156.533, 153
Trd, 000156.733, 158
Trd, 000156.783, 150
Trd, 000157.567, 179
Trd, 000158.433, 182
Trd, 000161.633, 180
Trd, 000161.733, 160
Trd, 000161.967, 159
Trd, 000162.967, 191
Trd, 000163.150, 180
Trd, 000163.367, 174
Trd, 000166.467, 186
Trd, 000166.600, 181
Trd, 000166.883, 163
Trd, 000167.550, 177
Trd, 000168.300, 163
Trd, 000168.583, 162
Trd, 000169.400, 173
Trd, 000170.700, 152
Trd, 000171.333, 144
Trd, 000171.467, 159
Trd, 000171.667, 158
Trd, 000171.933, 155
Trd, 000173.950, 165
Trd, 000174.600, 163
Trd, 000174.633, 154
Trd, 000176.500, 137
Trd, 000176.850, 182
Trd, 000176.900, 154
Trd, 000177.550, 175
Trd, 000178.967, 171
Trd, 000179.650, 160
Trd, 000181.167, 172
Trd, 000182.550, 166
Trd, 000182.583, 168
Trd, 000182.700, 164
Trd, 000182.800, 158
Trd, 000182.983, 169
Trd, 000183.217, 155
Trd, 000185.167, 158
Trd, 000186.083, 180
Trd, 000186.517, 179
Trd, 000187.050, 168
Trd, 000187.717, 155
Trd, 000189.050, 165
Trd, 000189.133, 150
Trd, 000189.283, 144
Trd, 000191.667, 187
Trd, 000191.717, 180
Trd, 000191.733, 164
Trd, 000192.200, 161
Trd, 000192.383, 175
Trd, 000193.217, 155
Trd, 000193.800, 198
Trd, 000193.867, 151
Trd, 000194.600, 146
Trd, 000195.317, 150
Trd, 000195.867, 177
Trd, 000196.150, 154
Trd, 000196.517, 148
Trd, 000196.917, 174
Trd, 000197.167, 158
Trd, 000197.833, 177
Trd, 000200.533, 146
Trd, 000201.100, 146
Trd, 000202.133, 128
Trd, 000202.367, 153
Trd, 000202.967, 151
Trd, 000204.700, 152
Trd, 000206.533, 152
Trd, 000207.483, 155
Trd, 000208.100, 146
Trd, 000209.550, 164
Trd, 000210.500, 179
Trd, 000211.350, 182
Trd, 000211.700, 193
Trd, 000212.150, 159
Trd, 000212.483, 188
Trd, 000212.700, 153
Trd, 000213.700, 163
Trd, 000216.567, 160
Trd, 000217.050, 172
Trd, 000217.117, 170
Trd, 000217.650, 165
Trd, 000217.683, 160
Trd, 000217.950, 185
Trd, 000221.450, 150
Trd, 000221.733, 159
Trd, 000222.050, 171
Trd, 000222.717, 153
Trd, 000222.983, 170
Trd, 000223.933, 148
Trd, 000224.083, 146
Trd, 000226.300, 185
Trd, 000226.567, 176
Trd, 000227.050, 175
Trd, 000228.183, 164
Trd, 000228.767, 147
Trd, 000229.317, 145
Trd, 000230.417, 154
Trd, 000231.317, 148
Trd, 000231.867, 135
Trd, 000232.267, 176
Trd, 000232.883, 161
Trd, 000233.167, 160
Trd, 000235.683, 155
Trd, 000236.083, 146
Trd, 000236.733, 131
Trd, 000237.200, 188
Trd, 000237.467, 184
Trd, 000237.600, 171
Trd, 000238.500, 180
Trd, 000241.017, 168
Trd, 000241.367, 132
Trd, 000241.600, 140
Trd, 000242.700, 170
Trd, 000242.817, 185
Trd, 000242.883, 150
Trd, 000243.450, 171
Trd, 000243.967, 148
Trd, 000245.717, 176
Trd, 000246.283, 182
Trd, 000247.533, 174
Trd, 000247.650, 160
Trd, 000247.717, 156
Trd, 000250.450, 164
Trd, 000250.717, 178
Trd, 000251.600, 177
Trd, 000251.633, 176
Trd, 000253.333, 158
Trd, 000253.850, 151
Trd, 000254.300, 158
Trd, 000256.733, 181
Trd, 000256.833, 177
Trd, 000257.033, 181
Trd, 000258.733, 185
Trd, 000259.200, 178
Trd, 000262.067, 161
Trd, 000262.150, 163
Trd, 000262.500, 159
Trd, 000262.700, 156
Trd, 000262.750, 164
Trd, 000263.417, 191
Trd, 000264.200, 165
Trd, 000264.917, 153
Trd, 000266.650, 146
Trd, 000267.167, 163
Trd, 000267.267, 148
Trd, 000267.817, 139
Trd, 000270.317, 168
Trd, 000270.750, 160
Trd, 000271.117, 176
Trd, 000271.800, 160
Trd, 000272.167, 172
Trd, 000272.800, 161
Trd, 000273.200, 147
Trd, 000274.617, 183
Trd, 000276.317, 170
Trd, 000276.517, 143
Trd, 000276.767, 152
Trd, 000278.633, 180
Trd, 000278.667, 175
Trd, 000279.117, 156
Trd, 000280.000, 156
Trd, 000281.683, 185
Trd, 000281.733, 172
Trd, 000281.983, 171
Trd, 000282.267, 173
Trd, 000282.467, 176
Trd, 000282.500, 160
Trd, 000284.133, 152
Trd, 000286.133, 146
Trd, 000286.567, 160
Trd, 000287.333, 150
Trd, 000287.417, 164
Trd, 000287.533, 166
Trd, 000288.183, 157
Trd, 000288.817, 168
Trd, 000289.317, 184
Trd, 000290.267, 155
Trd, 000291.683, 188
Trd, 000292.633, 192
Trd, 000292.767, 160
Trd, 000293.683, 165
Trd, 000294.050, 158
Trd, 000295.417, 163
Trd, 000297.050, 148
Trd, 000297.100, 150
Trd, 000297.267, 147
Trd, 000297.300, 153
Trd, 000298.400, 180
Trd, 000298.867, 150
Trd, 000299.617, 148
