Trd, 000005.117, 119
Trd, 000005.467, 127
Trd, 000005.550, 141
Trd, 000005.583, 144
Trd, 000005.833, 154
Trd, 000006.750, 151
Trd, 000007.733, 149
Trd, 000007.833, 156
Trd, 000010.683, 140
Trd, 000011.033, 146
Trd, 000011.133, 137
Trd, 000011.217, 134
Trd, 000012.250, 160
Trd, 000012.483, 138
Trd, 000012.517, 176
Trd, 000014.717, 143
Trd, 000015.283, 152
Trd, 000015.300, 151
Trd, 000015.750, 134
Trd, 000015.867, 151
Trd, 000016.117, 156
Trd, 000016.933, 161
Trd, 000017.117, 141
Trd, 000021.100, 152
Trd, 000021.400, 176
Trd, 000021.950, 140
Trd, 000022.167, 130
Trd, 000022.683, 133
Trd, 000023.417, 147
Trd, 000024.117, 149
Trd, 000024.600, 145
Trd, 000025.950, 142
Trd, 000026.433, 165
Trd, 000027.350, 175
Trd, 000027.533, 141
Trd, 000028.350, 146
Trd, 000028.767, 166
Trd, 000029.800, 133
Trd, 000030.867, 165
Trd, 000030.933, 167
Trd, 000031.200, 158
Trd, 000031.750, 158
Trd, 000032.917, 151
Trd, 000035.650, 127
Trd, 000035.917, 127
Trd, 000036.833, 143
Trd, 000038.000, 141
Trd, 000038.950, 137
Trd, 000040.333, 152
Trd, 000040.383, 141
Trd, 000040.983, 133
Trd, 000041.083, 151
Trd, 000041.400, 167
Trd, 000042.983, 142
Trd, 000045.750, 151
Trd, 000046.000, 143
Trd, 000046.367, 165
Trd, 000047.450, 142
Trd, 000048.033, 142
Trd, 000048.517, 148
Trd, 000049.233, 128
Trd, 000050.983, 146
Trd, 000051.383, 139
Trd, 000051.583, 144
Trd, 000053.133, 144
Trd, 000053.817, 164
Trd, 000054.167, 135
Trd, 000055.617, 126
Trd, 000056.567, 135
Trd, 000057.500, 151
Trd, 000058.150, 136
Trd, 000058.417, 141
Trd, 000059.100, 161
Trd, 000059.850, 140
Trd, 000061.317, 149
Trd, 000061.450, 151
Trd, 000062.083, 158
Trd, 000062.917, 151
Trd, 000063.467, 138
Trd, 000064.500, 141
Trd, 000065.650, 121
Trd, 000065.883, 144
Trd, 000066.067, 168
Trd, 000066.350, 139
Trd, 000067.150, 155
Trd, 000068.300, 148
Trd, 000069.650, 131
Trd, 000069.967, 145
Trd, 000070.250, 166
Trd, 000070.717, 153
Trd, 000071.550, 173
Trd, 000072.017, 169
Trd, 000072.867, 173
Trd, 000073.383, 165
Trd, 000073.500, 163
Trd, 000073.683, 160
Trd, 000075.733, 133
Trd, 000076.017, 128
Trd, 000076.733, 146
Trd, 000079.483, 132
Trd, 000080.250, 172
Trd, 000081.150, 164
Trd, 000081.433, 166
Trd, 000083.583, 176
Trd, 000083.883, 150
Trd, 000084.933, 143
Trd, 000085.917, 126
Trd, 000085.950, 137
Trd, 000086.367, 111
Trd, 000086.500, 162
Trd, 000087.683, 148
Trd, 000088.450, 154
Trd, 000088.667, 160
Trd, 000089.433, 143
Trd, 000090.733, 132
Trd, 000092.550, 191
Trd, 000094.617, 169
Trd, 000096.333, 146
Trd, 000096.833, 136
Trd, 000096.917, 135
Trd, 000096.983, 160
Trd, 000097.417, 151
Trd, 000097.967, 130
Trd, 000098.300, 159
Trd, 000099.050, 173
Trd, 000100.250, 150
Trd, 000100.983, 172
Trd, 000101.267, 165
Trd, 000101.550, 131
Trd, 000101.717, 143
Trd, 000104.617, 165
Trd, 000106.683, 137
Trd, 000106.717, 129
Trd, 000107.250, 136
Trd, 000107.300, 145
Trd, 000107.733, 163
Trd, 000108.617, 147
Trd, 000109.167, 157
Trd, 000109.867, 141
Trd, 000112.400, 148
Trd, 000112.467, 167
Trd, 000114.117, 138
Trd, 000114.150, 157
Trd, 000115.333, 131
Trd, 000116.100, 137
Trd, 000116.183, 152
Trd, 000116.700, 160
Trd, 000117.383, 151
Trd, 000118.633, 154
Trd, 000119.200, 165
Trd, 000121.300, 191
Trd, 000121.450, 161
Trd, 000121.533, 156
Trd, 000121.550, 125
Trd, 000121.950, 114
Trd, 000126.267, 146
Trd, 000128.033, 167
Trd, 000128.267, 145
Trd, 000128.483, 144
Trd, 000128.817, 144
Trd, 000129.033, 125
Trd, 000129.483, 142
Trd, 000130.450, 132
Trd, 000131.533, 144
Trd, 000131.817, 141
Trd, 000132.267, 138
Trd, 000134.583, 151
Trd, 000134.850, 148
Trd, 000136.300, 147
Trd, 000137.150, 147
Trd, 000137.417, 131
Trd, 000138.567, 159
Trd, 000139.867, 147
Trd, 000141.900, 135
Trd, 000142.017, 175
Trd, 000142.833, 150
Trd, 000142.883, 148
Trd, 000143.117, 147
Trd, 000144.833, 164
Trd, 000144.883, 141
Trd, 000146.283, 173
Trd, 000147.100, 152
Trd, 000148.100, 158
Trd, 000148.583, 153
Trd, 000149.450, 147
Trd, 000149.750, 186
Trd, 000149.867, 145
Trd, 000150.033, 137
Trd, 000151.333, 124
Trd, 000151.983, 157
Trd, 000152.483, 151
Trd, 000152.567, 148
Trd, 000154.983, 149
Trd, 000155.700, 182
Trd, 000156.300, 149
Trd, 000156.467, 145
Trd, 000157.217, 161
Trd, 000158.167, 140
Trd, 000160.050, 144
Trd, 000161.933, 187
Trd, 000162.017, 146
Trd, 000162.050, 135
Trd, 000162.667, 150
Trd, 000163.400, 143
Trd, 000165.367, 188
Trd, 000165.783, 161
Trd, 000166.367, 127
Trd, 000167.500, 154
Trd, 000167.933, 163
Trd, 000168.183, 147
Trd, 000168.500, 156
Trd, 000170.467, 141
Trd, 000171.683, 111
Trd, 000171.733, 129
Trd, 000171.850, 130
Trd, 000172.067, 159
Trd, 000172.600, 149
Trd, 000173.250, 141
Trd, 000173.383, 136
Trd, 000176.183, 142
Trd, 000176.783, 107
Trd, 000176.867, 149
Trd, 000177.183, 153
Trd, 000177.750, 167
Trd, 000178.067, 154
Trd, 000178.233, 138
Trd, 000181.517, 159
Trd, 000182.333, 160
Trd, 000182.383, 155
Trd, 000182.450, 151
Trd, 000182.933, 134
Trd, 000183.317, 128
Trd, 000184.100, 143
Trd, 000186.333, 150
Trd, 000186.517, 184
Trd, 000187.083, 147
Trd, 000188.717, 165
Trd, 000188.883, 148
Trd, 000189.133, 173
Trd, 000191.150, 132
Trd, 000191.283, 188
Trd, 000194.000, 180
Trd, 000194.783, 166
Trd, 000195.400, 170
Trd, 000196.250, 168
Trd, 000196.650, 171
Trd, 000196.700, 149
Trd, 000198.050, 173
Trd, 000198.883, 149
Trd, 000199.650, 146
Trd, 000200.167, 144
Trd, 000201.667, 148
Trd, 000201.733, 143
Trd, 000202.900, 139
Trd, 000204.550, 169
Trd, 000205.400, 182
Trd, 000206.200, 187
Trd, 000206.583, 141
Trd, 000208.067, 144
Trd, 000209.217, 139
Trd, 000209.317, 133
Trd, 000209.667, 160
Trd, 000210.717, 131
Trd, 000211.150, 123
Trd, 000211.350, 158
Trd, 000212.633, 175
Trd, 000212.800, 172
Trd, 000213.133, 160
Trd, 000213.850, 151
Trd, 000213.883, 148
Trd, 000214.183, 170
Trd, 000216.750, 178
Trd, 000216.883, 146
Trd, 000218.383, 138
Trd, 000219.833, 167
Trd, 000220.633, 149
Trd, 000220.883, 144
Trd, 000221.617, 121
Trd, 000222.333, 168
Trd, 000222.500, 142
Trd, 000223.033, 139
Trd, 000226.650, 128
Trd, 000226.900, 144
Trd, 000229.017, 137
Trd, 000230.133, 157
Trd, 000230.733, 155
Trd, 000231.200, 152
Trd, 000232.383, 138
Trd, 000232.500, 131
Trd, 000233.033, 157
Trd, 000234.267, 163
Trd, 000234.683, 175
Trd, 000234.750, 154
Trd, 000236.683, 122
Trd, 000236.733, 121
Trd, 000237.400, 143
Trd, 000237.667, 140
Trd, 000238.550, 158
Trd, 000238.650, 148
Trd, 000239.900, 136
Trd, 000241.383, 176
Trd, 000241.400, 151
Trd, 000241.650, 136
Trd, 000244.933, 159
Trd, 000245.250, 168
Trd, 000246.333, 183
Trd, 000248.100, 167
Trd, 000248.233, 171
Trd, 000248.250, 158
Trd, 000248.400, 168
Trd, 000249.900, 155
Trd, 000250.400, 148
Trd, 000251.517, 167
Trd, 000251.567, 180
Trd, 000252.217, 143
Trd, 000253.683, 162
Trd, 000256.567, 157
Trd, 000257.200, 161
Trd, 000258.167, 167
Trd, 000259.083, 148
Trd, 000259.267, 145
Trd, 000259.650, 144
Trd, 000260.400, 145
Trd, 000261.133, 134
Trd, 000261.600, 135
Trd, 000262.217, 129
Trd, 000262.750, 138
Trd, 000264.733, 146
Trd, 000265.133, 154
Trd, 000265.600, 160
Trd, 000266.450, 167
Trd, 000266.617, 145
Trd, 000266.750, 140
Trd, 000267.833, 155
Trd, 000267.900, 142
Trd, 000268.317, 160
Trd, 000269.017, 166
Trd, 000270.483, 184
Trd, 000272.133, 176
Trd, 000273.883, 165
Trd, 000274.367, 176
Trd, 000274.417, 157
Trd, 000274.767, 163
Trd, 000275.433, 167
Trd, 000276.450, 170
Trd, 000276.867, 130
Trd, 000277.667, 149
Trd, 000279.417, 162
Trd, 000280.067, 169
Trd, 000281.450, 127
Trd, 000282.283, 149
Trd, 000282.367, 146
Trd, 000282.867, 136
Trd, 000283.167, 127
Trd, 000283.200, 163
Trd, 000283.917, 127
Trd, 000284.700, 134
Trd, 000284.783, 145
Trd, 000285.683, 129
Trd, 000286.617, 126
Trd, 000287.000, 149
Trd, 000287.183, 134
Trd, 000287.667, 131
Trd, 000287.800, 130
Trd, 000288.233, 138
Trd, 000289.333, 158
Trd, 000289.667, 157
Trd, 000291.650, 112
Trd, 000292.267, 145
Trd, 000292.450, 177
Trd, 000292.867, 139
Trd, 000293.183, 167
Trd, 000294.850, 146
Trd, 000296.050, 151
Trd, 000296.850, 139
Trd, 000296.950, 142
Trd, 000297.250, 164
Trd, 000297.833, 145
Trd, 000299.267, 161
Trd, 000299.883, 141
