Trd, 000005.300, 129
Trd, 000005.350, 131
Trd, 000005.683, 134
Trd, 000005.883, 153
Trd, 000006.433, 156
Trd, 000006.467, 147
Trd, 000006.850, 150
Trd, 000008.367, 146
Trd, 000009.067, 151
Trd, 000010.317, 181
Trd, 000010.767, 142
Trd, 000011.017, 136
Trd, 000011.867, 157
Trd, 000012.433, 159
Trd, 000014.700, 150
Trd, 000014.833, 147
Trd, 000015.300, 127
Trd, 000015.367, 163
Trd, 000016.217, 148
Trd, 000017.217, 144
Trd, 000019.200, 149
Trd, 000019.667, 146
Trd, 000019.867, 158
Trd, 000020.450, 132
Trd, 000020.617, 132
Trd, 000021.700, 131
Trd, 000023.117, 144
Trd, 000026.233, 150
Trd, 000027.167, 164
Trd, 000027.483, 142
Trd, 000027.783, 143
Trd, 000028.083, 148
Trd, 000029.367, 147
Trd, 000030.533, 149
Trd, 000030.650, 157
Trd, 000031.217, 152
Trd, 000031.717, 180
Trd, 000032.767, 175
Trd, 000035.683, 161
Trd, 000035.967, 117
Trd, 000036.617, 163
Trd, 000037.033, 156
Trd, 000038.350, 151
Trd, 000040.350, 161
Trd, 000041.133, 165
Trd, 000042.467, 170
Trd, 000044.467, 144
Trd, 000045.800, 121
Trd, 000046.083, 163
Trd, 000046.500, 165
Trd, 000046.833, 143
Trd, 000046.933, 142
Trd, 000047.017, 148
Trd, 000047.917, 148
Trd, 000048.017, 167
Trd, 000050.217, 151
Trd, 000050.800, 178
Trd, 000051.333, 154
Trd, 000052.317, 146
Trd, 000053.650, 169
Trd, 000055.100, 172
Trd, 000056.117, 154
Trd, 000056.500, 159
Trd, 000057.050, 162
Trd, 000057.233, 175
Trd, 000057.433, 134
Trd, 000059.483, 163
Trd, 000059.533, 172
Trd, 000060.533, 182
Trd, 000060.667, 140
Trd, 000062.300, 162
Trd, 000063.017, 158
Trd, 000063.083, 154
Trd, 000063.583, 167
Trd, 000064.333, 168
Trd, 000065.083, 146
Trd, 000065.533, 140
Trd, 000065.733, 155
Trd, 000065.783, 134
Trd, 000065.883, 179
Trd, 000068.283, 169
Trd, 000069.183, 162
Trd, 000069.217, 156
Trd, 000070.167, 173
Trd, 000070.900, 175
Trd, 000071.117, 167
Trd, 000072.050, 172
Trd, 000072.233, 149
Trd, 000074.533, 160
Trd, 000074.883, 164
Trd, 000075.067, 142
Trd, 000076.200, 149
Trd, 000076.317, 144
Trd, 000076.583, 160
Trd, 000076.917, 168
Trd, 000077.183, 162
Trd, 000077.617, 166
Trd, 000078.233, 181
Trd, 000080.683, 150
Trd, 000081.050, 141
Trd, 000081.417, 166
Trd, 000082.917, 140
Trd, 000083.533, 145
Trd, 000086.117, 147
Trd, 000086.150, 177
Trd, 000086.900, 154
Trd, 000086.917, 152
Trd, 000087.950, 155
Trd, 000089.433, 166
Trd, 000090.717, 137
Trd, 000090.800, 148
Trd, 000091.700, 144
Trd, 000092.100, 134
Trd, 000094.367, 152
Trd, 000095.500, 134
Trd, 000096.183, 160
Trd, 000097.100, 157
Trd, 000097.650, 144
Trd, 000099.000, 163
Trd, 000100.533, 165
Trd, 000100.850, 173
Trd, 000100.867, 161
Trd, 000100.933, 174
Trd, 000104.950, 166
Trd, 000106.117, 151
Trd, 000106.183, 169
Trd, 000107.567, 145
Trd, 000108.117, 143
Trd, 000108.567, 147
Trd, 000109.500, 162
Trd, 000111.000, 185
Trd, 000111.650, 160
Trd, 000111.800, 151
Trd, 000112.150, 156
Trd, 000112.233, 169
Trd, 000113.067, 164
Trd, 000113.700, 170
Trd, 000115.783, 113
Trd, 000116.017, 135
Trd, 000117.317, 177
Trd, 000117.400, 178
Trd, 000117.483, 149
Trd, 000117.733, 151
Trd, 000118.233, 149
Trd, 000120.833, 183
Trd, 000120.983, 148
Trd, 000123.567, 165
Trd, 000123.833, 158
Trd, 000124.967, 182
Trd, 000125.833, 125
Trd, 000126.650, 159
Trd, 000127.483, 154
Trd, 000129.400, 167
Trd, 000130.017, 164
Trd, 000130.900, 137
Trd, 000131.567, 173
Trd, 000131.600, 140
Trd, 000135.083, 163
Trd, 000136.450, 135
Trd, 000136.500, 146
Trd, 000136.900, 134
Trd, 000137.000, 134
Trd, 000137.083, 145
Trd, 000139.367, 182
Trd, 000139.767, 164
Trd, 000139.983, 145
Trd, 000141.433, 145
Trd, 000141.667, 168
Trd, 000141.867, 152
Trd, 000141.933, 174
Trd, 000143.367, 150
Trd, 000143.633, 135
Trd, 000144.383, 155
Trd, 000145.783, 147
Trd, 000146.200, 135
Trd, 000146.283, 143
Trd, 000146.667, 181
Trd, 000147.117, 129
Trd, 000147.900, 175
Trd, 000148.700, 167
Trd, 000149.600, 141
Trd, 000150.917, 122
Trd, 000151.767, 145
Trd, 000154.100, 166
Trd, 000156.933, 177
Trd, 000157.033, 148
Trd, 000157.367, 146
Trd, 000158.950, 164
Trd, 000161.617, 152
Trd, 000162.067, 149
Trd, 000162.233, 135
Trd, 000162.300, 158
Trd, 000162.450, 173
Trd, 000164.167, 172
Trd, 000165.350, 143
Trd, 000166.150, 131
Trd, 000166.450, 186
Trd, 000167.250, 149
Trd, 000171.017, 146
Trd, 000171.083, 129
Trd, 000171.450, 156
Trd, 000172.667, 164
Trd, 000173.333, 157
Trd, 000173.700, 155
Trd, 000174.700, 156
Trd, 000175.617, 155
Trd, 000175.850, 185
Trd, 000176.100, 160
Trd, 000177.067, 130
Trd, 000177.950, 166
Trd, 000178.183, 161
Trd, 000179.017, 158
Trd, 000179.533, 149
Trd, 000182.317, 172
Trd, 000182.533, 164
Trd, 000183.717, 138
Trd, 000184.667, 184
Trd, 000185.350, 153
Trd, 000185.667, 155
Trd, 000186.400, 102
Trd, 000186.483, 131
Trd, 000186.600, 146
Trd, 000187.950, 156
Trd, 000188.067, 146
Trd, 000189.983, 148
Trd, 000191.217, 153
Trd, 000191.467, 132
Trd, 000191.533, 153
Trd, 000193.350, 152
Trd, 000194.017, 138
Trd, 000194.383, 162
Trd, 000194.417, 175
Trd, 000196.100, 165
Trd, 000197.033, 151
Trd, 000197.567, 170
Trd, 000199.567, 145
Trd, 000201.733, 152
Trd, 000201.783, 168
Trd, 000201.817, 143
Trd, 000201.883, 136
Trd, 000202.267, 169
Trd, 000203.767, 154
Trd, 000206.217, 146
Trd, 000206.467, 186
Trd, 000206.500, 140
Trd, 000206.717, 157
Trd, 000207.000, 180
Trd, 000208.483, 151
Trd, 000209.967, 160
Trd, 000210.283, 154
Trd, 000211.117, 160
Trd, 000211.633, 127
Trd, 000211.850, 171
Trd, 000212.517, 174
Trd, 000212.617, 155
Trd, 000214.533, 163
Trd, 000214.783, 154
Trd, 000216.433, 109
Trd, 000216.933, 115
Trd, 000218.033, 159
Trd, 000218.467, 142
Trd, 000218.950, 152
Trd, 000219.417, 179
Trd, 000220.700, 161
Trd, 000222.033, 166
Trd, 000222.383, 170
Trd, 000223.450, 168
Trd, 000224.667, 182
Trd, 000224.767, 163
Trd, 000225.383, 162
Trd, 000225.600, 161
Trd, 000226.283, 111
Trd, 000227.133, 161
Trd, 000227.917, 155
Trd, 000228.300, 174
Trd, 000230.467, 146
Trd, 000231.633, 165
Trd, 000232.200, 152
Trd, 000233.017, 146
Trd, 000234.950, 175
Trd, 000235.233, 181
Trd, 000235.617, 140
Trd, 000236.450, 186
Trd, 000236.467, 156
Trd, 000236.933, 136
Trd, 000237.517, 134
Trd, 000237.967, 156
Trd, 000238.617, 157
Trd, 000241.350, 165
Trd, 000241.567, 144
Trd, 000242.633, 147
Trd, 000242.817, 150
Trd, 000242.933, 148
Trd, 000243.450, 183
Trd, 000246.967, 161
Trd, 000247.217, 172
Trd, 000247.567, 141
Trd, 000249.350, 163
Trd, 000250.033, 155
Trd, 000251.550, 183
Trd, 000252.017, 194
Trd, 000252.233, 165
Trd, 000252.850, 162
Trd, 000252.950, 160
Trd, 000253.117, 182
Trd, 000254.200, 160
Trd, 000256.367, 157
Trd, 000256.467, 133
Trd, 000257.050, 144
Trd, 000257.383, 176
Trd, 000257.867, 186
Trd, 000257.900, 174
Trd, 000260.133, 173
Trd, 000261.533, 150
Trd, 000262.317, 142
Trd, 000262.817, 144
Trd, 000264.683, 161
Trd, 000265.133, 153
Trd, 000266.567, 166
Trd, 000267.217, 139
Trd, 000267.733, 167
Trd, 000269.633, 163
Trd, 000272.217, 168
Trd, 000273.083, 163
Trd, 000273.267, 162
Trd, 000274.467, 150
Trd, 000274.667, 160
Trd, 000275.083, 135
Trd, 000275.583, 173
Trd, 000277.217, 165
Trd, 000277.700, 134
Trd, 000278.050, 139
Trd, 000279.183, 149
Trd, 000279.900, 164
Trd, 000281.250, 150
Trd, 000281.833, 174
Trd, 000282.450, 157
Trd, 000282.567, 173
Trd, 000282.717, 182
Trd, 000284.950, 154
Trd, 000286.483, 182
Trd, 000286.883, 144
Trd, 000287.433, 142
Trd, 000288.750, 154
Trd, 000289.700, 153
Trd, 000290.217, 145
Trd, 000290.367, 153
Trd, 000292.017, 151
Trd, 000292.133, 149
Trd, 000292.483, 175
Trd, 000292.733, 159
Trd, 000293.050, 160
Trd, 000296.883, 183
Trd, 000296.933, 176
Trd, 000297.417, 150
Trd, 000297.500, 137
Trd, 000297.550, 156
Trd, 000298.583, 146
