Trd, 000005.233, 137
Trd, 000005.317, 134
Trd, 000005.417, 150
Trd, 000005.617, 147
Trd, 000005.733, 158
Trd, 000006.250, 150
Trd, 000006.800, 135
Trd, 000007.433, 138
Trd, 000009.000, 154
Trd, 000010.333, 137
Trd, 000010.617, 155
Trd, 000010.650, 137
Trd, 000010.917, 143
Trd, 000011.250, 131
Trd, 000011.983, 159
Trd, 000012.517, 157
Trd, 000012.867, 147
Trd, 000013.967, 139
Trd, 000014.500, 152
Trd, 000015.600, 176
Trd, 000016.467, 150
Trd, 000016.667, 159
Trd, 000017.167, 134
Trd, 000018.050, 151
Trd, 000018.167, 169
Trd, 000018.800, 142
Trd, 000020.117, 135
Trd, 000020.283, 142
Trd, 000020.550, 145
Trd, 000020.617, 130
Trd, 000021.333, 168
Trd, 000021.350, 141
Trd, 000021.933, 135
Trd, 000022.483, 149
Trd, 000023.617, 172
Trd, 000024.067, 159
Trd, 000025.267, 171
Trd, 000025.400, 132
Trd, 000026.167, 181
Trd, 000026.767, 153
Trd, 000026.933, 152
Trd, 000028.033, 161
Trd, 000028.450, 147
Trd, 000029.550, 173
Trd, 000031.017, 132
Trd, 000031.183, 133
Trd, 000031.583, 128
Trd, 000031.683, 142
Trd, 000032.050, 170
Trd, 000033.083, 146
Trd, 000033.983, 165
Trd, 000035.333, 133
Trd, 000035.533, 168
Trd, 000036.017, 138
Trd, 000036.117, 132
Trd, 000036.550, 141
Trd, 000037.483, 155
Trd, 000039.333, 169
Trd, 000039.750, 151
Trd, 000040.333, 156
Trd, 000040.417, 194
Trd, 000041.267, 159
Trd, 000041.900, 165
Trd, 000043.650, 158
Trd, 000044.883, 160
Trd, 000045.450, 140
Trd, 000045.483, 164
Trd, 000045.917, 132
Trd, 000046.200, 129
Trd, 000046.633, 139
Trd, 000047.683, 153
Trd, 000048.500, 156
Trd, 000050.150, 128
Trd, 000050.400, 194
Trd, 000050.833, 148
Trd, 000051.917, 165
Trd, 000051.967, 149
Trd, 000052.917, 145
Trd, 000053.550, 162
Trd, 000055.417, 168
Trd, 000055.767, 161
Trd, 000055.800, 166
Trd, 000055.950, 147
Trd, 000056.150, 139
Trd, 000056.783, 136
Trd, 000056.833, 166
Trd, 000058.433, 159
Trd, 000060.400, 126
Trd, 000060.867, 152
Trd, 000061.417, 164
Trd, 000061.667, 151
Trd, 000063.450, 137
Trd, 000063.867, 157
Trd, 000064.717, 170
Trd, 000065.500, 153
Trd, 000065.733, 135
Trd, 000066.233, 171
Trd, 000066.367, 191
Trd, 000066.433, 161
Trd, 000067.100, 154
Trd, 000067.533, 157
Trd, 000068.033, 158
Trd, 000068.200, 147
Trd, 000070.383, 146
Trd, 000070.517, 137
Trd, 000070.650, 190
Trd, 000070.983, 182
Trd, 000071.667, 168
Trd, 000072.600, 153
Trd, 000073.567, 165
Trd, 000073.950, 146
Trd, 000075.000, 148
Trd, 000075.033, 141
Trd, 000076.150, 175
Trd, 000076.700, 158
Trd, 000076.750, 166
Trd, 000078.183, 159
Trd, 000078.483, 163
Trd, 000078.683, 165
Trd, 000079.217, 165
Trd, 000079.467, 146
Trd, 000080.600, 159
Trd, 000080.983, 170
Trd, 000081.133, 154
Trd, 000081.483, 180
Trd, 000082.083, 145
Trd, 000082.450, 141
Trd, 000084.183, 168
Trd, 000084.967, 156
Trd, 000085.433, 143
Trd, 000086.150, 140
Trd, 000086.383, 128
Trd, 000086.683, 147
Trd, 000087.133, 156
Trd, 000087.267, 165
Trd, 000088.467, 169
Trd, 000088.650, 168
Trd, 000089.500, 155
Trd, 000090.917, 160
Trd, 000091.167, 154
Trd, 000092.000, 188
Trd, 000092.033, 149
Trd, 000092.233, 133
Trd, 000093.633, 169
Trd, 000094.500, 158
Trd, 000095.733, 115
Trd, 000095.817, 135
Trd, 000096.133, 179
Trd, 000096.633, 134
Trd, 000098.783, 159
Trd, 000101.267, 134
Trd, 000102.250, 142
Trd, 000103.717, 141
Trd, 000104.333, 164
Trd, 000104.933, 148
Trd, 000105.517, 154
Trd, 000105.950, 133
Trd, 000106.000, 134
Trd, 000106.200, 133
Trd, 000107.783, 178
Trd, 000109.133, 171
Trd, 000110.800, 153
Trd, 000110.917, 132
Trd, 000112.433, 156
Trd, 000112.600, 151
Trd, 000113.350, 171
Trd, 000115.783, 163
Trd, 000115.850, 142
Trd, 000116.133, 118
Trd, 000116.900, 154
Trd, 000116.917, 153
Trd, 000117.967, 148
Trd, 000119.350, 146
Trd, 000119.767, 152
Trd, 000121.050, 159
Trd, 000121.150, 143
Trd, 000121.950, 175
Trd, 000122.050, 164
Trd, 000122.083, 146
Trd, 000122.933, 162
Trd, 000122.983, 143
Trd, 000124.433, 148
Trd, 000125.133, 146
Trd, 000126.017, 157
Trd, 000126.167, 142
Trd, 000126.283, 191
Trd, 000126.383, 178
Trd, 000127.817, 146
Trd, 000129.100, 157
Trd, 000129.300, 147
Trd, 000131.133, 170
Trd, 000131.200, 150
Trd, 000131.917, 147
Trd, 000133.633, 157
Trd, 000133.900, 135
Trd, 000134.000, 163
Trd, 000134.633, 138
Trd, 000135.950, 156
Trd, 000136.700, 159
Trd, 000137.283, 174
Trd, 000137.550, 177
Trd, 000137.683, 159
Trd, 000137.900, 144
Trd, 000141.033, 172
Trd, 000141.483, 157
Trd, 000141.583, 154
Trd, 000142.583, 149
Trd, 000143.350, 146
Trd, 000143.767, 136
Trd, 000145.500, 153
Trd, 000146.117, 167
Trd, 000146.150, 166
Trd, 000146.183, 153
Trd, 000147.067, 154
Trd, 000147.633, 156
Trd, 000147.967, 152
Trd, 000149.700, 170
Trd, 000149.767, 149
Trd, 000150.700, 140
Trd, 000151.117, 170
Trd, 000151.283, 138
Trd, 000151.317, 137
Trd, 000151.700, 165
Trd, 000152.083, 167
Trd, 000152.350, 153
Trd, 000154.200, 167
Trd, 000154.283, 154
Trd, 000156.167, 150
Trd, 000156.383, 154
Trd, 000156.900, 138
Trd, 000158.250, 156
Trd, 000158.900, 142
Trd, 000161.133, 148
Trd, 000161.267, 165
Trd, 000161.967, 161
Trd, 000162.183, 159
Trd, 000162.233, 158
Trd, 000162.700, 196
Trd, 000163.050, 173
Trd, 000164.917, 145
Trd, 000165.750, 138
Trd, 000166.317, 135
Trd, 000166.883, 132
Trd, 000167.417, 171
Trd, 000167.550, 192
Trd, 000168.350, 147
Trd, 000168.367, 174
Trd, 000169.733, 145
Trd, 000170.617, 164
Trd, 000171.133, 122
Trd, 000171.150, 125
Trd, 000171.450, 132
Trd, 000171.833, 136
Trd, 000172.433, 164
Trd, 000172.700, 157
Trd, 000172.717, 136
Trd, 000174.400, 138
Trd, 000176.017, 158
Trd, 000176.667, 159
Trd, 000177.417, 154
Trd, 000177.450, 154
Trd, 000177.467, 147
Trd, 000178.600, 157
Trd, 000178.917, 165
Trd, 000179.217, 166
Trd, 000181.450, 137
Trd, 000181.617, 134
Trd, 000182.150, 127
Trd, 000182.667, 153
Trd, 000183.267, 167
Trd, 000185.167, 165
Trd, 000186.283, 151
Trd, 000186.617, 190
Trd, 000187.467, 141
Trd, 000187.850, 155
Trd, 000188.667, 157
Trd, 000190.033, 156
Trd, 000191.383, 156
Trd, 000191.417, 182
Trd, 000191.567, 155
Trd, 000191.917, 141
Trd, 000192.167, 187
Trd, 000192.667, 174
Trd, 000194.317, 146
Trd, 000194.583, 164
Trd, 000195.500, 172
Trd, 000196.350, 139
Trd, 000196.650, 182
Trd, 000196.767, 127
Trd, 000197.133, 171
Trd, 000197.633, 169
Trd, 000198.050, 158
Trd, 000199.000, 144
Trd, 000199.667, 124
Trd, 000201.000, 158
Trd, 000201.367, 137
Trd, 000201.600, 130
Trd, 000201.667, 162
Trd, 000201.900, 173
Trd, 000203.283, 136
Trd, 000203.867, 170
Trd, 000204.450, 158
Trd, 000205.400, 160
Trd, 000206.400, 136
Trd, 000206.767, 143
Trd, 000206.833, 152
Trd, 000207.017, 158
Trd, 000207.200, 130
Trd, 000207.217, 166
Trd, 000208.033, 172
Trd, 000211.133, 152
Trd, 000211.367, 161
Trd, 000211.683, 140
Trd, 000211.717, 132
Trd, 000212.367, 175
Trd, 000212.533, 164
Trd, 000213.217, 157
Trd, 000215.633, 140
Trd, 000216.433, 155
Trd, 000216.567, 157
Trd, 000217.367, 175
Trd, 000217.567, 155
Trd, 000218.083, 138
Trd, 000218.150, 137
Trd, 000218.350, 135
Trd, 000218.483, 142
Trd, 000219.467, 153
Trd, 000220.350, 165
Trd, 000221.600, 134
Trd, 000221.783, 138
Trd, 000221.917, 143
Trd, 000222.500, 148
Trd, 000223.567, 174
Trd, 000224.150, 167
Trd, 000224.333, 156
Trd, 000226.300, 187
Trd, 000226.733, 147
Trd, 000227.233, 139
Trd, 000227.300, 131
Trd, 000227.900, 153
Trd, 000229.200, 157
Trd, 000229.233, 153
Trd, 000229.517, 149
Trd, 000230.800, 160
Trd, 000231.267, 133
Trd, 000231.383, 188
Trd, 000231.717, 136
Trd, 000231.983, 142
Trd, 000232.467, 134
Trd, 000232.533, 126
Trd, 000232.917, 178
Trd, 000233.133, 172
Trd, 000236.100, 173
Trd, 000236.333, 131
Trd, 000236.350, 153
Trd, 000236.400, 139
Trd, 000237.700, 139
Trd, 000239.250, 155
Trd, 000241.333, 177
Trd, 000241.850, 132
Trd, 000242.150, 135
Trd, 000242.350, 139
Trd, 000242.367, 160
Trd, 000243.200, 134
Trd, 000243.950, 148
Trd, 000244.383, 154
Trd, 000246.750, 164
Trd, 000246.783, 148
Trd, 000247.100, 167
Trd, 000247.733, 161
Trd, 000248.517, 141
Trd, 000251.800, 131
Trd, 000252.150, 142
Trd, 000252.683, 182
Trd, 000253.233, 175
Trd, 000254.900, 157
Trd, 000255.433, 156
Trd, 000256.917, 185
Trd, 000256.950, 127
Trd, 000257.317, 144
Trd, 000257.417, 153
Trd, 000258.283, 141
Trd, 000258.383, 152
Trd, 000258.883, 145
Trd, 000262.083, 153
Trd, 000262.100, 139
Trd, 000263.467, 143
Trd, 000265.167, 167
Trd, 000266.533, 129
Trd, 000266.567, 137
Trd, 000267.400, 156
Trd, 000269.150, 160
Trd, 000269.967, 143
Trd, 000270.150, 162
Trd, 000270.733, 146
Trd, 000271.783, 150
Trd, 000271.833, 138
Trd, 000272.167, 174
Trd, 000272.600, 158
Trd, 000272.700, 152
Trd, 000274.600, 144
Trd, 000275.150, 139
Trd, 000275.983, 157
Trd, 000276.600, 192
Trd, 000276.800, 175
Trd, 000277.083, 164
Trd, 000277.583, 161
Trd, 000277.833, 141
Trd, 000278.383, 168
Trd, 000281.783, 127
Trd, 000282.417, 147
Trd, 000282.650, 178
Trd, 000283.483, 156
Trd, 000285.333, 172
Trd, 000285.767, 172
Trd, 000286.000, 146
Trd, 000287.150, 146
Trd, 000287.183, 142
Trd, 000287.567, 161
Trd, 000288.700, 176
Trd, 000288.750, 165
Trd, 000289.467, 176
Trd, 000290.833, 170
Trd, 000291.033, 139
Trd, 000292.033, 152
Trd, 000292.067, 129
Trd, 000292.367, 157
Trd, 000292.683, 191
Trd, 000293.600, 153
Trd, 000293.867, 141
Trd, 000294.700, 148
Trd, 000295.783, 163
Trd, 000296.867, 186
Trd, 000296.950, 131
Trd, 000297.900, 143
Trd, 000298.083, 138
Trd, 000298.250, 168
Trd, 000298.400, 169
Trd, 000298.783, 151
