Trd, 000005.467, 155
Trd, 000005.483, 142
Trd, 000005.700, 128
Trd, 000005.950, 149
Trd, 000006.533, 147
Trd, 000006.767, 154
Trd, 000006.800, 159
Trd, 000007.117, 138
Trd, 000007.883, 162
Trd, 000008.600, 128
Trd, 000009.900, 144
Trd, 000010.250, 142
Trd, 000010.483, 180
Trd, 000010.733, 160
Trd, 000010.783, 136
Trd, 000011.483, 193
Trd, 000013.650, 137
Trd, 000013.900, 166
Trd, 000014.000, 155
Trd, 000015.450, 132
Trd, 000015.917, 153
Trd, 000016.100, 145
Trd, 000016.850, 153
Trd, 000016.883, 158
Trd, 000017.517, 150
Trd, 000019.800, 158
Trd, 000019.967, 141
Trd, 000020.250, 167
Trd, 000020.433, 158
Trd, 000020.783, 155
Trd, 000021.033, 141
Trd, 000021.417, 176
Trd, 000023.000, 155
Trd, 000023.750, 145
Trd, 000023.783, 163
Trd, 000024.500, 162
Trd, 000025.367, 182
Trd, 000025.700, 145
Trd, 000025.867, 160
Trd, 000025.900, 144
Trd, 000027.317, 154
Trd, 000027.583, 165
Trd, 000029.800, 162
Trd, 000030.000, 133
Trd, 000030.300, 146
Trd, 000030.467, 155
Trd, 000030.583, 162
Trd, 000030.683, 130
Trd, 000031.183, 180
Trd, 000032.350, 187
Trd, 000034.917, 148
Trd, 000035.267, 165
Trd, 000035.683, 144
Trd, 000035.950, 131
Trd, 000036.100, 112
Trd, 000036.567, 161
Trd, 000037.133, 162
Trd, 000037.650, 147
Trd, 000038.767, 141
Trd, 000039.583, 144
Trd, 000040.533, 148
Trd, 000040.650, 144
Trd, 000040.717, 161
Trd, 000040.783, 134
Trd, 000040.800, 126
Trd, 000041.483, 126
Trd, 000041.983, 149
Trd, 000043.817, 155
Trd, 000044.350, 159
Trd, 000045.417, 104
Trd, 000045.633, 155
Trd, 000046.083, 155
Trd, 000046.550, 164
Trd, 000046.800, 141
Trd, 000046.983, 144
Trd, 000049.833, 125
Trd, 000050.033, 161
Trd, 000050.417, 119
Trd, 000050.750, 168
Trd, 000050.800, 141
Trd, 000051.750, 158
Trd, 000052.033, 151
Trd, 000052.183, 156
Trd, 000052.417, 150
Trd, 000053.233, 150
Trd, 000054.533, 156
Trd, 000055.133, 163
Trd, 000055.583, 141
Trd, 000055.650, 141
Trd, 000055.733, 156
Trd, 000056.100, 152
Trd, 000056.883, 171
Trd, 000058.117, 176
Trd, 000058.300, 168
Trd, 000058.567, 164
Trd, 000060.733, 131
Trd, 000060.933, 131
Trd, 000060.967, 133
Trd, 000061.033, 141
Trd, 000061.333, 141
Trd, 000061.983, 148
Trd, 000062.067, 151
Trd, 000062.350, 181
Trd, 000062.567, 166
Trd, 000062.683, 147
Trd, 000066.033, 181
Trd, 000066.233, 198
Trd, 000066.267, 179
Trd, 000066.400, 166
Trd, 000068.667, 159
Trd, 000069.150, 147
Trd, 000069.550, 148
Trd, 000069.617, 144
Trd, 000070.900, 149
Trd, 000071.100, 154
Trd, 000071.417, 145
Trd, 000072.950, 159
Trd, 000072.983, 152
Trd, 000074.417, 143
Trd, 000075.433, 162
Trd, 000075.917, 143
Trd, 000076.100, 141
Trd, 000076.383, 151
Trd, 000076.467, 141
Trd, 000076.817, 149
Trd, 000077.017, 137
Trd, 000077.183, 151
Trd, 000077.717, 142
Trd, 000077.917, 161
Trd, 000078.717, 131
Trd, 000079.033, 131
Trd, 000079.533, 153
Trd, 000080.750, 125
Trd, 000080.800, 139
Trd, 000081.233, 173
Trd, 000081.467, 143
Trd, 000082.133, 146
Trd, 000082.783, 156
Trd, 000084.333, 176
Trd, 000085.250, 148
Trd, 000085.550, 104
Trd, 000085.650, 166
Trd, 000085.900, 151
Trd, 000087.683, 162
Trd, 000088.067, 152
Trd, 000088.500, 158
Trd, 000088.567, 147
Trd, 000088.583, 178
Trd, 000090.800, 161
Trd, 000090.967, 156
Trd, 000091.233, 147
Trd, 000091.550, 173
Trd, 000092.367, 147
Trd, 000092.783, 144
Trd, 000092.933, 140
Trd, 000093.500, 149
Trd, 000094.483, 140
Trd, 000095.733, 191
Trd, 000095.900, 168
Trd, 000095.950, 152
Trd, 000096.017, 143
Trd, 000096.333, 178
Trd, 000096.600, 145
Trd, 000096.867, 149
Trd, 000100.750, 168
Trd, 000101.000, 114
Trd, 000101.350, 133
Trd, 000102.617, 149
Trd, 000102.850, 144
Trd, 000103.750, 152
Trd, 000103.900, 143
Trd, 000103.917, 155
Trd, 000104.233, 142
Trd, 000104.583, 164
Trd, 000105.600, 148
Trd, 000105.700, 118
Trd, 000105.917, 143
Trd, 000105.950, 148
Trd, 000106.167, 146
Trd, 000106.900, 154
Trd, 000107.433, 159
Trd, 000107.583, 162
Trd, 000108.183, 152
Trd, 000108.667, 159
Trd, 000110.717, 160
Trd, 000110.967, 132
Trd, 000111.083, 145
Trd, 000113.033, 147
Trd, 000113.050, 151
Trd, 000113.067, 151
Trd, 000113.200, 153
Trd, 000114.417, 154
Trd, 000116.317, 148
Trd, 000116.383, 132
Trd, 000117.083, 141
Trd, 000117.333, 157
Trd, 000117.450, 150
Trd, 000118.183, 159
Trd, 000118.267, 164
Trd, 000119.500, 138
Trd, 000120.633, 124
Trd, 000121.400, 168
Trd, 000122.400, 178
Trd, 000122.633, 162
Trd, 000123.067, 162
Trd, 000123.983, 143
Trd, 000125.067, 145
Trd, 000127.367, 180
Trd, 000127.883, 154
Trd, 000128.133, 147
Trd, 000128.633, 158
Trd, 000128.817, 167
Trd, 000129.800, 167
Trd, 000130.883, 143
Trd, 000131.100, 127
Trd, 000131.933, 154
Trd, 000132.000, 152
Trd, 000132.433, 138
Trd, 000133.683, 141
Trd, 000134.667, 157
Trd, 000136.050, 134
Trd, 000136.300, 160
Trd, 000136.633, 140
Trd, 000136.717, 150
Trd, 000136.950, 138
Trd, 000137.217, 143
Trd, 000137.317, 151
Trd, 000137.517, 156
Trd, 000138.667, 141
Trd, 000141.083, 158
Trd, 000141.350, 148
Trd, 000141.550, 166
Trd, 000141.883, 150
Trd, 000142.150, 155
Trd, 000142.217, 143
Trd, 000142.950, 180
Trd, 000145.550, 159
Trd, 000146.017, 171
Trd, 000146.117, 149
Trd, 000146.250, 176
Trd, 000147.050, 158
Trd, 000147.267, 164
Trd, 000147.517, 180
Trd, 000148.117, 152
Trd, 000148.683, 144
Trd, 000150.467, 119
Trd, 000151.133, 166
Trd, 000151.483, 136
Trd, 000151.967, 145
Trd, 000152.100, 149
Trd, 000152.383, 153
Trd, 000153.300, 155
Trd, 000153.700, 149
Trd, 000154.517, 161
Trd, 000155.550, 146
Trd, 000156.033, 120
Trd, 000156.450, 165
Trd, 000156.650, 175
Trd, 000156.883, 144
Trd, 000157.450, 152
Trd, 000157.733, 162
Trd, 000158.883, 166
Trd, 000158.933, 155
Trd, 000160.933, 111
Trd, 000161.000, 180
Trd, 000161.083, 140
Trd, 000162.033, 145
Trd, 000162.050, 151
Trd, 000162.667, 163
Trd, 000163.017, 162
Trd, 000164.983, 144
Trd, 000165.017, 141
Trd, 000166.317, 182
Trd, 000166.350, 159
Trd, 000166.500, 164
Trd, 000166.650, 154
Trd, 000167.200, 143
Trd, 000167.233, 149
Trd, 000167.700, 142
Trd, 000168.000, 153
Trd, 000169.367, 162
Trd, 000169.783, 142
Trd, 000171.400, 144
Trd, 000171.700, 142
Trd, 000171.733, 147
Trd, 000171.833, 158
Trd, 000172.100, 144
Trd, 000172.533, 142
Trd, 000172.783, 145
Trd, 000174.217, 138
Trd, 000175.417, 160
Trd, 000176.233, 142
Trd, 000176.567, 162
Trd, 000177.233, 144
Trd, 000177.517, 129
Trd, 000178.100, 145
Trd, 000178.183, 146
Trd, 000178.467, 144
Trd, 000178.517, 154
Trd, 000178.850, 162
Trd, 000179.967, 153
Trd, 000181.333, 159
Trd, 000181.433, 172
Trd, 000182.283, 144
Trd, 000182.300, 143
Trd, 000182.567, 164
Trd, 000184.017, 155
Trd, 000184.617, 142
Trd, 000186.100, 140
Trd, 000186.250, 144
Trd, 000186.333, 163
Trd, 000187.900, 152
Trd, 000188.000, 151
Trd, 000188.067, 144
Trd, 000190.250, 172
Trd, 000191.117, 139
Trd, 000191.200, 152
Trd, 000191.750, 136
Trd, 000192.167, 131
Trd, 000192.900, 145
Trd, 000193.050, 144
Trd, 000193.100, 159
Trd, 000194.450, 143
Trd, 000195.133, 171
Trd, 000195.983, 179
Trd, 000196.067, 176
Trd, 000196.383, 140
Trd, 000196.500, 142
Trd, 000197.000, 150
Trd, 000197.367, 151
Trd, 000198.017, 157
Trd, 000198.383, 154
Trd, 000199.033, 162
Trd, 000199.267, 146
Trd, 000201.233, 180
Trd, 000202.183, 143
Trd, 000202.250, 150
Trd, 000202.433, 154
Trd, 000203.083, 169
Trd, 000203.483, 141
Trd, 000204.417, 159
Trd, 000206.183, 135
Trd, 000206.533, 172
Trd, 000206.950, 144
Trd, 000207.200, 143
Trd, 000207.417, 152
Trd, 000207.583, 138
Trd, 000208.517, 161
Trd, 000208.800, 162
Trd, 000209.467, 155
Trd, 000211.383, 142
Trd, 000211.450, 172
Trd, 000211.850, 146
Trd, 000212.250, 137
Trd, 000212.633, 142
Trd, 000213.000, 148
Trd, 000213.467, 135
Trd, 000214.017, 162
Trd, 000215.600, 155
Trd, 000215.967, 151
Trd, 000216.317, 167
Trd, 000216.783, 156
Trd, 000216.833, 170
Trd, 000217.433, 179
Trd, 000217.817, 153
Trd, 000218.217, 151
Trd, 000219.017, 144
Trd, 000221.200, 140
Trd, 000221.883, 139
Trd, 000222.317, 153
Trd, 000222.733, 162
Trd, 000222.883, 144
Trd, 000222.900, 133
Trd, 000223.200, 124
Trd, 000223.933, 150
Trd, 000225.333, 153
Trd, 000226.150, 153
Trd, 000226.333, 159
Trd, 000227.067, 178
Trd, 000227.167, 148
Trd, 000227.317, 146
Trd, 000228.533, 154
Trd, 000229.867, 154
Trd, 000230.433, 159
Trd, 000231.367, 174
Trd, 000231.467, 129
Trd, 000231.850, 142
Trd, 000232.250, 163
Trd, 000232.800, 156
Trd, 000233.633, 164
Trd, 000235.300, 165
Trd, 000235.933, 150
Trd, 000236.333, 148
Trd, 000236.400, 145
Trd, 000237.300, 173
Trd, 000237.950, 172
Trd, 000238.650, 142
Trd, 000238.733, 139
Trd, 000239.667, 165
Trd, 000239.800, 164
Trd, 000240.017, 168
Trd, 000241.283, 153
Trd, 000241.367, 158
Trd, 000241.483, 167
Trd, 000242.283, 149
Trd, 000242.550, 144
Trd, 000243.133, 148
Trd, 000243.700, 152
Trd, 000243.817, 158
Trd, 000244.700, 142
Trd, 000245.017, 174
Trd, 000245.100, 141
Trd, 000245.133, 131
Trd, 000246.617, 178
Trd, 000246.733, 147
Trd, 000246.917, 146
Trd, 000247.717, 163
Trd, 000248.383, 150
Trd, 000249.017, 164
Trd, 000249.817, 173
Trd, 000250.067, 149
Trd, 000250.383, 152
Trd, 000251.550, 150
Trd, 000251.733, 156
Trd, 000251.800, 162
Trd, 000251.917, 170
Trd, 000252.800, 144
Trd, 000252.817, 147
Trd, 000253.783, 159
Trd, 000254.367, 162
Trd, 000254.417, 128
Trd, 000254.800, 144
Trd, 000255.900, 149
Trd, 000256.667, 196
Trd, 000256.900, 172
Trd, 000257.283, 157
Trd, 000258.067, 159
Trd, 000258.133, 157
Trd, 000258.633, 145
Trd, 000260.967, 152
Trd, 000261.233, 148
Trd, 000261.300, 146
Trd, 000261.750, 123
Trd, 000261.867, 153
Trd, 000262.450, 143
Trd, 000263.017, 147
Trd, 000263.417, 153
Trd, 000263.450, 141
Trd, 000264.350, 151
Trd, 000266.417, 156
Trd, 000266.517, 120
Trd, 000266.767, 161
Trd, 000267.050, 146
Trd, 000267.850, 144
Trd, 000267.983, 150
Trd, 000268.283, 161
Trd, 000269.600, 155
Trd, 000271.167, 141
Trd, 000271.267, 155
Trd, 000271.333, 165
Trd, 000271.400, 106
Trd, 000271.783, 150
Trd, 000272.133, 181
Trd, 000272.233, 160
Trd, 000272.783, 153
Trd, 000274.983, 169
Trd, 000275.067, 151
Trd, 000275.983, 143
Trd, 000276.450, 193
Trd, 000276.550, 139
Trd, 000277.400, 146
Trd, 000277.500, 155
Trd, 000277.717, 130
Trd, 000277.917, 138
Trd, 000278.267, 141
Trd, 000278.783, 148
Trd, 000278.883, 149
Trd, 000279.800, 153
Trd, 000280.317, 162
Trd, 000282.200, 144
Trd, 000282.233, 126
Trd, 000282.833, 164
Trd, 000283.167, 175
Trd, 000283.383, 161
Trd, 000283.967, 157
Trd, 000284.400, 157
Trd, 000286.517, 151
Trd, 000286.717, 157
Trd, 000287.250, 147
Trd, 000287.850, 165
Trd, 000288.483, 152
Trd, 000289.467, 149
Trd, 000291.283, 160
Trd, 000291.383, 156
Trd, 000291.717, 134
Trd, 000291.983, 135
Trd, 000292.017, 151
Trd, 000292.517, 159
Trd, 000292.617, 162
Trd, 000293.350, 162
Trd, 000294.083, 155
Trd, 000296.000, 143
Trd, 000296.850, 169
Trd, 000296.883, 153
Trd, 000297.167, 131
Trd, 000297.667, 158
Trd, 000297.933, 162
Trd, 000299.017, 150
