Trd, 000005.667, 143
Trd, 000005.767, 140
Trd, 000005.817, 154
Trd, 000005.967, 166
Trd, 000006.400, 143
Trd, 000007.500, 151
Trd, 000007.850, 129
Trd, 000008.350, 158
Trd, 000008.517, 136
Trd, 000010.533, 151
Trd, 000010.800, 133
Trd, 000010.883, 181
Trd, 000010.983, 130
Trd, 000011.300, 126
Trd, 000013.067, 158
Trd, 000015.567, 168
Trd, 000015.867, 156
Trd, 000016.100, 132
Trd, 000016.567, 158
Trd, 000016.900, 137
Trd, 000017.267, 132
Trd, 000017.833, 158
Trd, 000018.333, 150
Trd, 000020.267, 114
Trd, 000020.467, 124
Trd, 000020.783, 156
Trd, 000020.917, 159
Trd, 000021.050, 154
Trd, 000021.633, 167
Trd, 000021.917, 168
Trd, 000022.100, 136
Trd, 000023.017, 162
Trd, 000025.183, 124
Trd, 000025.600, 153
Trd, 000026.217, 152
Trd, 000026.333, 182
Trd, 000026.383, 131
Trd, 000026.800, 152
Trd, 000028.033, 141
Trd, 000030.317, 154
Trd, 000030.433, 168
Trd, 000030.483, 147
Trd, 000030.750, 151
Trd, 000030.817, 153
Trd, 000030.917, 152
Trd, 000031.283, 139
Trd, 000033.133, 172
Trd, 000034.517, 165
Trd, 000035.500, 130
Trd, 000035.650, 146
Trd, 000035.717, 140
Trd, 000036.100, 146
Trd, 000036.533, 149
Trd, 000037.367, 161
Trd, 000041.067, 148
Trd, 000041.200, 152
Trd, 000041.367, 174
Trd, 000041.533, 145
Trd, 000041.717, 161
Trd, 000042.450, 167
Trd, 000042.650, 148
Trd, 000044.533, 142
Trd, 000045.833, 114
Trd, 000045.900, 124
Trd, 000045.950, 130
Trd, 000045.983, 139
Trd, 000047.217, 162
Trd, 000047.650, 153
Trd, 000047.733, 142
Trd, 000047.967, 174
Trd, 000048.817, 177
Trd, 000050.017, 136
Trd, 000051.500, 172
Trd, 000051.733, 166
Trd, 000052.083, 158
Trd, 000052.133, 149
Trd, 000052.600, 174
Trd, 000053.167, 135
Trd, 000055.183, 133
Trd, 000055.500, 122
Trd, 000055.550, 149
Trd, 000055.917, 148
Trd, 000056.750, 164
Trd, 000056.917, 154
Trd, 000060.450, 174
Trd, 000060.750, 147
Trd, 000061.150, 169
Trd, 000062.050, 172
Trd, 000062.550, 159
Trd, 000064.450, 159
Trd, 000065.150, 157
Trd, 000065.867, 134
Trd, 000065.917, 125
Trd, 000065.967, 144
Trd, 000067.033, 138
Trd, 000067.200, 158
Trd, 000067.450, 153
Trd, 000068.200, 137
Trd, 000069.100, 172
Trd, 000070.567, 122
Trd, 000070.983, 129
Trd, 000071.033, 151
Trd, 000071.317, 153
Trd, 000072.233, 150
Trd, 000072.883, 149
Trd, 000073.217, 156
Trd, 000074.150, 159
Trd, 000074.550, 158
Trd, 000074.633, 144
Trd, 000075.433, 140
Trd, 000075.667, 178
Trd, 000075.683, 153
Trd, 000076.300, 154
Trd, 000076.417, 153
Trd, 000076.617, 122
Trd, 000076.883, 127
Trd, 000079.183, 184
Trd, 000080.833, 121
Trd, 000080.850, 133
Trd, 000081.017, 137
Trd, 000081.383, 162
Trd, 000081.617, 154
Trd, 000082.233, 163
Trd, 000083.100, 150
Trd, 000083.600, 154
Trd, 000083.817, 137
Trd, 000085.883, 150
Trd, 000086.317, 129
Trd, 000086.550, 120
Trd, 000086.717, 152
Trd, 000087.133, 152
Trd, 000087.317, 154
Trd, 000087.433, 137
Trd, 000088.350, 138
Trd, 000090.783, 195
Trd, 000090.933, 128
Trd, 000091.067, 150
Trd, 000091.733, 150
Trd, 000091.983, 143
Trd, 000093.133, 138
Trd, 000093.283, 152
Trd, 000093.783, 148
Trd, 000095.783, 142
Trd, 000095.833, 153
Trd, 000096.067, 147
Trd, 000096.950, 164
Trd, 000097.600, 132
Trd, 000098.033, 131
Trd, 000098.433, 133
Trd, 000099.467, 173
Trd, 000099.633, 145
Trd, 000100.583, 180
Trd, 000100.783, 121
Trd, 000100.967, 144
Trd, 000101.000, 141
Trd, 000101.233, 151
Trd, 000101.867, 167
Trd, 000102.117, 179
Trd, 000102.283, 135
Trd, 000104.050, 161
Trd, 000106.100, 142
Trd, 000106.417, 164
Trd, 000106.633, 140
Trd, 000106.900, 159
Trd, 000107.450, 166
Trd, 000107.867, 150
Trd, 000107.967, 147
Trd, 000109.967, 147
Trd, 000110.783, 185
Trd, 000111.467, 183
Trd, 000111.483, 172
Trd, 000112.117, 153
Trd, 000112.417, 151
Trd, 000112.500, 148
Trd, 000113.033, 155
Trd, 000115.900, 139
Trd, 000116.017, 122
Trd, 000116.233, 145
Trd, 000116.300, 148
Trd, 000116.333, 139
Trd, 000116.850, 136
Trd, 000117.317, 147
Trd, 000117.383, 136
Trd, 000118.700, 159
Trd, 000120.617, 147
Trd, 000121.050, 124
Trd, 000121.400, 147
Trd, 000121.517, 131
Trd, 000121.983, 150
Trd, 000124.117, 153
Trd, 000124.167, 145
Trd, 000124.850, 141
Trd, 000125.967, 120
Trd, 000126.450, 127
Trd, 000127.017, 138
Trd, 000127.283, 145
Trd, 000127.550, 152
Trd, 000129.183, 177
Trd, 000129.983, 138
Trd, 000130.267, 152
Trd, 000131.000, 166
Trd, 000131.083, 136
Trd, 000131.267, 147
Trd, 000131.500, 134
Trd, 000131.933, 152
Trd, 000133.233, 150
Trd, 000133.500, 154
Trd, 000134.833, 148
Trd, 000135.150, 146
Trd, 000135.750, 131
Trd, 000136.300, 144
Trd, 000136.500, 126
Trd, 000136.867, 122
Trd, 000137.283, 124
Trd, 000137.417, 146
Trd, 000140.183, 149
Trd, 000140.983, 141
Trd, 000141.250, 133
Trd, 000141.667, 186
Trd, 000142.467, 151
Trd, 000142.650, 158
Trd, 000142.667, 165
Trd, 000142.767, 142
Trd, 000143.300, 170
Trd, 000144.767, 157
Trd, 000145.933, 188
Trd, 000146.433, 161
Trd, 000146.633, 153
Trd, 000147.217, 149
Trd, 000147.783, 146
Trd, 000148.917, 167
Trd, 000149.783, 161
Trd, 000150.750, 137
Trd, 000151.083, 121
Trd, 000151.467, 162
Trd, 000151.700, 159
Trd, 000151.733, 148
Trd, 000151.900, 180
Trd, 000152.000, 144
Trd, 000153.433, 138
Trd, 000154.283, 139
Trd, 000154.533, 153
Trd, 000154.767, 155
Trd, 000155.567, 152
Trd, 000156.317, 114
Trd, 000156.500, 125
Trd, 000156.817, 131
Trd, 000158.417, 151
Trd, 000159.367, 153
Trd, 000160.117, 146
Trd, 000160.200, 151
Trd, 000161.133, 160
Trd, 000161.317, 155
Trd, 000161.433, 150
Trd, 000161.767, 160
Trd, 000161.950, 166
Trd, 000162.083, 146
Trd, 000162.233, 171
Trd, 000164.800, 149
Trd, 000165.717, 143
Trd, 000166.283, 131
Trd, 000166.350, 128
Trd, 000167.550, 140
Trd, 000168.133, 136
Trd, 000168.200, 132
Trd, 000168.333, 158
Trd, 000170.050, 134
Trd, 000171.217, 126
Trd, 000171.267, 138
Trd, 000171.333, 153
Trd, 000171.350, 155
Trd, 000171.683, 158
Trd, 000172.267, 155
Trd, 000173.533, 174
Trd, 000173.683, 146
Trd, 000174.617, 178
Trd, 000175.667, 143
Trd, 000176.050, 127
Trd, 000176.067, 128
Trd, 000176.433, 127
Trd, 000176.917, 155
Trd, 000178.017, 160
Trd, 000178.083, 167
Trd, 000179.183, 148
Trd, 000179.250, 142
Trd, 000181.167, 187
Trd, 000181.617, 175
Trd, 000181.800, 165
Trd, 000183.600, 148
Trd, 000184.900, 154
Trd, 000185.317, 140
Trd, 000185.733, 161
Trd, 000186.050, 196
Trd, 000186.150, 177
Trd, 000186.250, 175
Trd, 000186.383, 173
Trd, 000187.233, 141
Trd, 000187.567, 145
Trd, 000187.800, 145
Trd, 000188.283, 149
Trd, 000188.483, 140
Trd, 000189.867, 153
Trd, 000191.383, 150
Trd, 000191.600, 148
Trd, 000191.950, 137
Trd, 000192.533, 133
Trd, 000192.800, 144
Trd, 000193.450, 157
Trd, 000194.850, 152
Trd, 000196.233, 151
Trd, 000196.450, 148
Trd, 000196.517, 164
Trd, 000196.617, 144
Trd, 000197.783, 128
Trd, 000197.883, 128
Trd, 000197.917, 137
Trd, 000199.683, 137
Trd, 000201.317, 168
Trd, 000201.567, 163
Trd, 000202.350, 160
Trd, 000202.933, 153
Trd, 000203.250, 146
Trd, 000204.067, 154
Trd, 000204.467, 139
Trd, 000206.017, 167
Trd, 000206.167, 124
Trd, 000206.650, 120
Trd, 000206.867, 125
Trd, 000207.150, 144
Trd, 000208.567, 177
Trd, 000208.833, 168
Trd, 000209.433, 146
Trd, 000211.367, 162
Trd, 000211.533, 160
Trd, 000211.767, 170
Trd, 000211.817, 169
Trd, 000212.000, 152
Trd, 000212.567, 157
Trd, 000212.700, 151
Trd, 000213.517, 140
Trd, 000214.017, 146
Trd, 000215.000, 158
Trd, 000215.283, 140
Trd, 000216.283, 184
Trd, 000217.050, 162
Trd, 000217.083, 161
Trd, 000217.200, 159
Trd, 000218.350, 155
Trd, 000219.150, 159
Trd, 000219.300, 148
Trd, 000219.867, 173
Trd, 000220.167, 165
Trd, 000221.317, 154
Trd, 000221.600, 150
Trd, 000221.783, 165
Trd, 000222.250, 188
Trd, 000222.817, 160
Trd, 000225.217, 151
Trd, 000226.683, 178
Trd, 000226.983, 195
Trd, 000227.017, 172
Trd, 000227.050, 156
Trd, 000227.417, 157
Trd, 000228.367, 161
Trd, 000229.750, 169
Trd, 000230.050, 158
Trd, 000230.400, 152
Trd, 000231.383, 121
Trd, 000231.433, 155
Trd, 000231.750, 127
Trd, 000231.983, 125
Trd, 000232.017, 141
Trd, 000232.450, 174
Trd, 000232.583, 172
Trd, 000233.817, 156
Trd, 000235.000, 148
Trd, 000235.050, 144
Trd, 000235.917, 169
Trd, 000236.483, 123
Trd, 000236.583, 124
Trd, 000236.683, 151
Trd, 000237.117, 158
Trd, 000237.350, 148
Trd, 000238.000, 172
Trd, 000238.317, 157
Trd, 000239.150, 168
Trd, 000241.300, 127
Trd, 000241.517, 133
Trd, 000242.600, 126
Trd, 000242.617, 134
Trd, 000243.117, 150
Trd, 000243.400, 162
Trd, 000244.333, 182
Trd, 000246.200, 125
Trd, 000246.500, 168
Trd, 000246.850, 145
Trd, 000247.400, 175
Trd, 000247.683, 135
Trd, 000248.733, 174
Trd, 000249.550, 143
Trd, 000250.683, 175
Trd, 000251.433, 156
Trd, 000251.733, 146
Trd, 000252.033, 156
Trd, 000253.267, 150
Trd, 000253.383, 139
Trd, 000253.517, 149
Trd, 000254.217, 162
Trd, 000254.267, 144
Trd, 000256.483, 159
Trd, 000257.067, 130
Trd, 000257.367, 145
Trd, 000257.567, 162
Trd, 000257.800, 169
Trd, 000257.867, 146
Trd, 000257.967, 144
Trd, 000258.683, 161
Trd, 000261.333, 162
Trd, 000261.650, 156
Trd, 000262.100, 149
Trd, 000262.400, 130
Trd, 000262.417, 142
Trd, 000263.083, 134
Trd, 000264.233, 156
Trd, 000265.717, 154
Trd, 000266.383, 167
Trd, 000266.583, 154
Trd, 000266.867, 148
Trd, 000267.033, 154
Trd, 000267.167, 153
Trd, 000268.617, 142
Trd, 000269.000, 154
Trd, 000271.600, 115
Trd, 000271.800, 144
Trd, 000272.200, 131
Trd, 000273.133, 122
Trd, 000273.950, 144
Trd, 000275.317, 138
Trd, 000275.900, 144
Trd, 000276.483, 125
Trd, 000276.850, 124
Trd, 000276.900, 142
Trd, 000278.233, 156
Trd, 000278.317, 162
Trd, 000279.500, 154
Trd, 000281.233, 136
Trd, 000282.067, 191
Trd, 000282.300, 146
Trd, 000282.433, 142
Trd, 000282.650, 160
Trd, 000282.700, 163
Trd, 000283.067, 136
Trd, 000284.200, 148
Trd, 000285.233, 142
Trd, 000286.917, 137
Trd, 000287.183, 130
Trd, 000287.517, 125
Trd, 000287.550, 167
Trd, 000287.700, 129
Trd, 000289.217, 155
Trd, 000289.533, 144
Trd, 000289.767, 151
Trd, 000291.583, 124
Trd, 000291.917, 186
Trd, 000292.033, 141
Trd, 000293.383, 159
Trd, 000295.033, 144
Trd, 000295.783, 144
Trd, 000296.583, 164
Trd, 000296.617, 188
Trd, 000296.800, 141
Trd, 000297.133, 131
Trd, 000297.483, 165
