Trd, 000005.233, 163
Trd, 000005.400, 162
Trd, 000005.767, 162
Trd, 000006.133, 160
Trd, 000006.583, 158
Trd, 000007.750, 158
Trd, 000009.083, 148
Trd, 000009.400, 134
Trd, 000010.483, 140
Trd, 000010.567, 149
Trd, 000010.633, 154
Trd, 000010.717, 155
Trd, 000011.333, 140
Trd, 000013.633, 153
Trd, 000013.717, 142
Trd, 000015.367, 149
Trd, 000015.517, 148
Trd, 000016.417, 143
Trd, 000017.717, 134
Trd, 000018.017, 169
Trd, 000018.033, 149
Trd, 000018.317, 166
Trd, 000018.917, 164
Trd, 000020.633, 121
Trd, 000021.683, 149
Trd, 000022.150, 154
Trd, 000022.283, 147
Trd, 000022.450, 170
Trd, 000022.667, 145
Trd, 000024.633, 153
Trd, 000025.350, 149
Trd, 000025.767, 159
Trd, 000026.317, 145
Trd, 000026.533, 134
Trd, 000028.517, 149
Trd, 000029.417, 146
Trd, 000030.067, 144
Trd, 000030.400, 144
Trd, 000030.517, 175
Trd, 000030.917, 155
Trd, 000030.983, 152
Trd, 000031.150, 166
Trd, 000032.517, 148
Trd, 000032.750, 146
Trd, 000033.750, 140
Trd, 000035.450, 170
Trd, 000035.717, 166
Trd, 000036.617, 153
Trd, 000036.950, 150
Trd, 000038.100, 167
Trd, 000040.783, 143
Trd, 000040.883, 132
Trd, 000041.500, 131
Trd, 000041.533, 140
Trd, 000043.950, 140
Trd, 000044.667, 153
Trd, 000045.283, 130
Trd, 000045.600, 151
Trd, 000046.033, 152
Trd, 000046.617, 152
Trd, 000048.917, 161
Trd, 000049.450, 155
Trd, 000050.583, 149
Trd, 000051.500, 152
Trd, 000052.333, 170
Trd, 000052.517, 170
Trd, 000052.533, 169
Trd, 000052.567, 168
Trd, 000052.650, 188
Trd, 000053.417, 150
Trd, 000055.633, 135
Trd, 000057.000, 149
Trd, 000057.400, 147
Trd, 000058.483, 140
Trd, 000060.833, 181
Trd, 000061.400, 142
Trd, 000062.900, 144
Trd, 000063.683, 148
Trd, 000064.067, 160
Trd, 000064.167, 144
Trd, 000064.900, 154
Trd, 000065.850, 164
Trd, 000066.450, 160
Trd, 000067.083, 155
Trd, 000067.750, 155
Trd, 000068.950, 151
Trd, 000068.967, 145
Trd, 000071.250, 147
Trd, 000071.750, 151
Trd, 000073.117, 149
Trd, 000074.367, 165
Trd, 000074.433, 147
Trd, 000074.817, 144
Trd, 000074.933, 150
Trd, 000075.967, 152
Trd, 000076.950, 165
Trd, 000077.150, 141
Trd, 000078.550, 145
Trd, 000079.183, 147
Trd, 000079.467, 144
Trd, 000082.833, 147
Trd, 000083.333, 158
Trd, 000083.700, 162
Trd, 000083.717, 166
Trd, 000084.100, 154
Trd, 000084.967, 167
Trd, 000085.717, 123
Trd, 000085.767, 170
Trd, 000087.100, 148
Trd, 000087.117, 146
Trd, 000088.117, 148
Trd, 000090.850, 172
Trd, 000091.183, 169
Trd, 000091.367, 150
Trd, 000093.867, 148
Trd, 000094.917, 155
Trd, 000095.883, 160
Trd, 000096.733, 182
Trd, 000096.950, 178
Trd, 000097.083, 164
Trd, 000097.467, 172
Trd, 000097.683, 153
Trd, 000099.650, 150
Trd, 000100.433, 149
Trd, 000101.167, 120
Trd, 000101.633, 119
Trd, 000102.100, 169
Trd, 000102.650, 169
Trd, 000103.917, 171
Trd, 000103.950, 164
Trd, 000104.583, 148
Trd, 000105.833, 117
Trd, 000106.683, 166
Trd, 000106.717, 166
Trd, 000106.767, 162
Trd, 000107.233, 171
Trd, 000108.500, 151
Trd, 000108.717, 152
Trd, 000110.233, 146
Trd, 000111.317, 142
Trd, 000112.050, 150
Trd, 000112.083, 161
Trd, 000113.800, 150
Trd, 000115.183, 155
Trd, 000115.383, 152
Trd, 000118.450, 149
Trd, 000118.583, 146
Trd, 000118.917, 145
Trd, 000119.050, 150
Trd, 000120.883, 174
Trd, 000121.017, 112
Trd, 000122.750, 155
Trd, 000123.567, 150
Trd, 000123.967, 143
Trd, 000124.217, 168
Trd, 000124.800, 139
Trd, 000126.100, 107
Trd, 000126.350, 142
Trd, 000126.433, 146
Trd, 000126.783, 149
Trd, 000126.883, 120
Trd, 000127.533, 133
Trd, 000131.133, 150
Trd, 000131.233, 161
Trd, 000131.283, 135
Trd, 000132.150, 171
Trd, 000132.883, 159
Trd, 000136.333, 165
Trd, 000136.617, 158
Trd, 000137.017, 132
Trd, 000137.350, 166
Trd, 000141.200, 163
Trd, 000142.950, 146
Trd, 000142.983, 146
Trd, 000143.800, 142
Trd, 000144.167, 163
Trd, 000144.817, 141
Trd, 000146.483, 111
Trd, 000146.517, 114
Trd, 000146.983, 153
Trd, 000147.217, 141
Trd, 000147.267, 147
Trd, 000149.983, 141
Trd, 000150.567, 167
Trd, 000151.283, 107
Trd, 000151.833, 144
Trd, 000152.250, 125
Trd, 000152.500, 150
Trd, 000153.583, 140
Trd, 000154.950, 137
Trd, 000155.150, 133
Trd, 000155.300, 133
Trd, 000156.600, 149
Trd, 000157.033, 147
Trd, 000158.833, 145
Trd, 000159.183, 155
Trd, 000159.267, 150
Trd, 000160.233, 144
Trd, 000161.867, 130
Trd, 000162.133, 143
Trd, 000164.817, 151
Trd, 000165.117, 142
Trd, 000167.117, 149
Trd, 000167.700, 142
Trd, 000167.717, 136
Trd, 000167.900, 160
Trd, 000168.367, 156
Trd, 000171.600, 133
Trd, 000172.017, 156
Trd, 000172.667, 166
Trd, 000173.217, 162
Trd, 000173.283, 143
Trd, 000173.367, 138
Trd, 000176.533, 148
Trd, 000176.767, 169
Trd, 000176.800, 160
Trd, 000177.917, 146
Trd, 000178.400, 145
Trd, 000178.950, 140
Trd, 000181.067, 149
Trd, 000181.150, 116
Trd, 000182.733, 136
Trd, 000183.100, 150
Trd, 000183.217, 135
Trd, 000184.717, 153
Trd, 000186.317, 166
Trd, 000186.717, 131
Trd, 000186.950, 144
Trd, 000187.900, 140
Trd, 000188.683, 139
Trd, 000188.833, 146
Trd, 000189.717, 149
Trd, 000190.950, 133
Trd, 000191.183, 144
Trd, 000191.933, 148
Trd, 000193.150, 148
Trd, 000193.200, 138
Trd, 000193.300, 137
Trd, 000193.600, 137
Trd, 000193.950, 130
Trd, 000196.633, 146
Trd, 000197.400, 160
Trd, 000197.717, 149
Trd, 000197.783, 143
Trd, 000201.100, 149
Trd, 000201.933, 149
Trd, 000202.117, 159
Trd, 000202.233, 174
Trd, 000202.550, 138
Trd, 000205.233, 148
Trd, 000206.433, 135
Trd, 000206.633, 150
Trd, 000207.533, 148
Trd, 000208.067, 151
Trd, 000208.100, 145
Trd, 000209.033, 151
Trd, 000209.667, 146
Trd, 000211.317, 105
Trd, 000211.750, 124
Trd, 000212.217, 149
Trd, 000215.400, 142
Trd, 000216.367, 116
Trd, 000216.617, 104
Trd, 000219.767, 151
Trd, 000220.117, 145
Trd, 000221.633, 121
Trd, 000221.850, 117
Trd, 000222.083, 138
Trd, 000222.283, 141
Trd, 000222.333, 137
Trd, 000224.200, 148
Trd, 000226.483, 175
Trd, 000226.733, 175
Trd, 000226.800, 171
Trd, 000227.750, 149
Trd, 000231.800, 146
Trd, 000232.250, 140
Trd, 000232.333, 151
Trd, 000232.350, 157
Trd, 000234.350, 167
Trd, 000236.583, 112
Trd, 000236.917, 147
Trd, 000237.100, 144
Trd, 000237.733, 143
Trd, 000237.800, 152
Trd, 000238.000, 159
Trd, 000240.700, 154
Trd, 000241.567, 139
Trd, 000242.033, 156
Trd, 000242.050, 150
Trd, 000242.817, 156
Trd, 000242.983, 148
Trd, 000246.333, 152
Trd, 000246.583, 103
Trd, 000247.350, 161
Trd, 000248.533, 147
Trd, 000249.883, 147
Trd, 000251.933, 168
Trd, 000251.950, 150
Trd, 000253.617, 149
Trd, 000254.767, 142
Trd, 000256.367, 128
Trd, 000256.900, 137
Trd, 000257.450, 136
Trd, 000258.283, 153
Trd, 000258.450, 154
Trd, 000262.133, 153
Trd, 000262.800, 139
Trd, 000265.100, 145
Trd, 000265.800, 138
Trd, 000266.233, 145
Trd, 000266.533, 148
Trd, 000267.050, 123
Trd, 000267.217, 154
Trd, 000269.217, 165
Trd, 000270.217, 157
Trd, 000272.367, 139
Trd, 000273.367, 142
Trd, 000273.600, 144
Trd, 000273.617, 152
Trd, 000276.200, 160
Trd, 000276.417, 153
Trd, 000277.533, 148
Trd, 000278.450, 154
Trd, 000279.267, 165
Trd, 000280.667, 170
Trd, 000281.600, 128
Trd, 000281.833, 152
Trd, 000281.950, 160
Trd, 000284.733, 143
Trd, 000285.017, 150
Trd, 000285.117, 138
Trd, 000285.650, 137
Trd, 000286.617, 103
Trd, 000287.467, 168
Trd, 000288.267, 164
Trd, 000288.867, 170
Trd, 000289.933, 170
Trd, 000291.100, 150
Trd, 000291.500, 138
Trd, 000292.367, 124
Trd, 000292.717, 148
Trd, 000293.283, 153
Trd, 000294.617, 144
Trd, 000295.200, 158
Trd, 000296.733, 125
Trd, 000296.850, 126
Trd, 000299.767, 153
