Trd, 000005.333, 144
Trd, 000005.450, 172
Trd, 000005.950, 175
Trd, 000005.983, 171
Trd, 000006.933, 157
Trd, 000008.367, 135
Trd, 000008.500, 157
Trd, 000010.967, 144
Trd, 000011.100, 136
Trd, 000011.117, 154
Trd, 000011.133, 171
Trd, 000011.583, 155
Trd, 000011.633, 126
Trd, 000012.433, 177
Trd, 000013.733, 176
Trd, 000015.133, 174
Trd, 000015.283, 164
Trd, 000016.233, 192
Trd, 000017.050, 157
Trd, 000017.667, 153
Trd, 000022.250, 157
Trd, 000022.800, 173
Trd, 000023.667, 181
Trd, 000024.383, 172
Trd, 000025.400, 137
Trd, 000025.550, 153
Trd, 000026.583, 175
Trd, 000027.167, 145
Trd, 000027.383, 157
Trd, 000027.683, 142
Trd, 000027.967, 145
Trd, 000029.817, 145
Trd, 000030.350, 144
Trd, 000030.667, 155
Trd, 000030.733, 175
Trd, 000032.483, 179
Trd, 000032.850, 143
Trd, 000033.317, 127
Trd, 000034.733, 154
Trd, 000035.333, 172
Trd, 000036.217, 152
Trd, 000036.483, 163
Trd, 000036.500, 145
Trd, 000037.383, 173
Trd, 000038.783, 151
Trd, 000039.517, 150
Trd, 000040.750, 167
Trd, 000041.767, 178
Trd, 000041.800, 175
Trd, 000042.833, 178
Trd, 000042.933, 168
Trd, 000043.800, 161
Trd, 000045.717, 142
Trd, 000046.767, 173
Trd, 000047.050, 170
Trd, 000047.567, 156
Trd, 000050.583, 160
Trd, 000050.617, 168
Trd, 000051.133, 143
Trd, 000051.350, 169
Trd, 000051.667, 177
Trd, 000051.967, 154
Trd, 000053.900, 138
Trd, 000055.500, 175
Trd, 000055.883, 175
Trd, 000056.317, 163
Trd, 000057.300, 161
Trd, 000058.700, 160
Trd, 000059.983, 153
Trd, 000060.333, 148
Trd, 000061.950, 175
Trd, 000062.417, 175
Trd, 000063.167, 161
Trd, 000065.517, 175
Trd, 000066.033, 168
Trd, 000066.550, 179
Trd, 000067.067, 145
Trd, 000070.667, 169
Trd, 000070.917, 142
Trd, 000071.500, 147
Trd, 000071.683, 160
Trd, 000071.783, 136
Trd, 000072.700, 161
Trd, 000073.183, 139
Trd, 000074.667, 144
Trd, 000075.017, 153
Trd, 000076.017, 175
Trd, 000076.583, 172
Trd, 000076.667, 180
Trd, 000076.717, 172
Trd, 000076.933, 156
Trd, 000077.100, 148
Trd, 000077.467, 175
Trd, 000077.817, 163
Trd, 000078.117, 145
Trd, 000080.983, 178
Trd, 000081.000, 175
Trd, 000081.250, 158
Trd, 000081.383, 151
Trd, 000081.733, 146
Trd, 000082.133, 151
Trd, 000082.250, 155
Trd, 000084.683, 151
Trd, 000086.550, 177
Trd, 000086.600, 168
Trd, 000086.917, 155
Trd, 000087.483, 157
Trd, 000088.300, 161
Trd, 000088.417, 153
Trd, 000088.450, 169
Trd, 000089.250, 168
Trd, 000091.033, 142
Trd, 000091.067, 170
Trd, 000091.983, 170
Trd, 000092.950, 166
Trd, 000093.083, 183
Trd, 000094.567, 160
Trd, 000096.617, 179
Trd, 000096.850, 174
Trd, 000097.017, 168
Trd, 000098.183, 167
Trd, 000099.467, 157
Trd, 000100.517, 132
Trd, 000100.933, 180
Trd, 000100.967, 172
Trd, 000103.717, 160
Trd, 000104.483, 161
Trd, 000105.517, 166
Trd, 000105.617, 177
Trd, 000106.450, 175
Trd, 000106.883, 167
Trd, 000107.117, 164
Trd, 000107.383, 168
Trd, 000107.833, 155
Trd, 000107.983, 148
Trd, 000109.633, 172
Trd, 000110.883, 158
Trd, 000112.533, 174
Trd, 000112.567, 168
Trd, 000113.267, 161
Trd, 000113.600, 151
Trd, 000114.967, 188
Trd, 000116.300, 178
Trd, 000116.400, 174
Trd, 000117.217, 177
Trd, 000118.333, 179
Trd, 000118.367, 175
Trd, 000119.850, 159
Trd, 000120.233, 162
Trd, 000120.433, 140
Trd, 000120.867, 177
Trd, 000123.617, 180
Trd, 000123.800, 174
Trd, 000125.633, 165
Trd, 000125.750, 161
Trd, 000126.033, 165
Trd, 000126.200, 141
Trd, 000126.933, 179
Trd, 000127.750, 178
Trd, 000129.883, 162
Trd, 000130.100, 162
Trd, 000130.867, 156
Trd, 000131.183, 192
Trd, 000131.533, 139
Trd, 000131.917, 144
Trd, 000132.117, 140
Trd, 000132.467, 173
Trd, 000136.150, 172
Trd, 000136.900, 142
Trd, 000137.450, 186
Trd, 000137.967, 150
Trd, 000138.967, 159
Trd, 000140.067, 163
Trd, 000141.000, 178
Trd, 000141.550, 172
Trd, 000142.317, 159
Trd, 000145.117, 146
Trd, 000146.033, 175
Trd, 000146.917, 172
Trd, 000146.933, 155
Trd, 000148.017, 137
Trd, 000151.183, 174
Trd, 000152.583, 175
Trd, 000152.700, 170
Trd, 000152.800, 182
Trd, 000152.900, 147
Trd, 000154.067, 151
Trd, 000154.267, 145
Trd, 000156.550, 174
Trd, 000156.817, 175
Trd, 000156.900, 144
Trd, 000157.867, 174
Trd, 000158.950, 160
Trd, 000159.467, 149
Trd, 000161.000, 166
Trd, 000161.150, 147
Trd, 000161.250, 165
Trd, 000161.550, 141
Trd, 000161.783, 147
Trd, 000162.500, 152
Trd, 000162.650, 156
Trd, 000163.267, 157
Trd, 000166.567, 130
Trd, 000166.733, 142
Trd, 000166.833, 153
Trd, 000167.650, 165
Trd, 000169.600, 164
Trd, 000171.417, 176
Trd, 000171.567, 175
Trd, 000172.383, 172
Trd, 000172.767, 180
Trd, 000173.317, 171
Trd, 000174.467, 163
Trd, 000176.550, 135
Trd, 000176.783, 137
Trd, 000176.833, 140
Trd, 000177.417, 153
Trd, 000178.350, 163
Trd, 000178.550, 171
Trd, 000180.300, 142
Trd, 000181.217, 124
Trd, 000181.850, 172
Trd, 000181.867, 154
Trd, 000182.150, 151
Trd, 000182.700, 163
Trd, 000182.750, 141
Trd, 000183.150, 181
Trd, 000185.817, 145
Trd, 000186.317, 175
Trd, 000186.483, 162
Trd, 000186.883, 175
Trd, 000188.083, 163
Trd, 000188.583, 188
Trd, 000189.183, 154
Trd, 000191.333, 157
Trd, 000191.850, 143
Trd, 000192.250, 153
Trd, 000193.133, 164
Trd, 000194.333, 158
Trd, 000196.517, 180
Trd, 000196.550, 176
Trd, 000199.367, 172
Trd, 000200.233, 166
Trd, 000201.500, 173
Trd, 000201.533, 152
Trd, 000202.433, 151
Trd, 000202.650, 150
Trd, 000202.733, 148
Trd, 000203.267, 167
Trd, 000204.033, 165
Trd, 000205.183, 163
Trd, 000205.383, 166
Trd, 000206.583, 174
Trd, 000207.317, 161
Trd, 000209.450, 160
Trd, 000209.700, 157
Trd, 000210.967, 164
Trd, 000211.300, 120
Trd, 000211.450, 136
Trd, 000212.633, 173
Trd, 000213.967, 179
Trd, 000214.500, 162
Trd, 000216.233, 141
Trd, 000216.550, 151
Trd, 000217.600, 177
Trd, 000217.733, 174
Trd, 000218.900, 155
Trd, 000219.133, 152
Trd, 000219.883, 165
Trd, 000220.150, 175
Trd, 000220.250, 150
Trd, 000221.850, 175
Trd, 000222.083, 173
Trd, 000222.567, 179
Trd, 000222.750, 176
Trd, 000223.017, 173
Trd, 000223.067, 156
Trd, 000226.950, 167
Trd, 000227.317, 175
Trd, 000229.150, 175
Trd, 000229.383, 171
Trd, 000229.400, 169
Trd, 000230.833, 154
Trd, 000231.233, 179
Trd, 000231.983, 153
Trd, 000232.550, 173
Trd, 000232.600, 157
Trd, 000233.467, 150
Trd, 000233.700, 122
Trd, 000234.967, 158
Trd, 000235.717, 171
Trd, 000236.467, 177
Trd, 000237.517, 171
Trd, 000238.217, 162
Trd, 000238.567, 174
Trd, 000239.583, 168
Trd, 000241.650, 135
Trd, 000241.800, 160
Trd, 000242.667, 169
Trd, 000243.883, 173
Trd, 000244.017, 164
Trd, 000244.867, 161
Trd, 000245.017, 170
Trd, 000246.283, 182
Trd, 000246.733, 145
Trd, 000247.267, 153
Trd, 000248.850, 165
Trd, 000248.867, 149
Trd, 000250.817, 177
Trd, 000252.167, 172
Trd, 000253.250, 179
Trd, 000253.283, 175
Trd, 000253.583, 161
Trd, 000253.917, 147
Trd, 000256.433, 134
Trd, 000256.683, 176
Trd, 000256.750, 175
Trd, 000257.083, 161
Trd, 000257.733, 159
Trd, 000261.900, 173
Trd, 000262.167, 163
Trd, 000262.817, 171
Trd, 000263.233, 160
Trd, 000264.183, 150
Trd, 000265.383, 150
Trd, 000265.617, 146
Trd, 000265.833, 144
Trd, 000265.933, 169
Trd, 000266.367, 126
Trd, 000267.033, 149
Trd, 000267.283, 165
Trd, 000267.900, 160
Trd, 000268.567, 158
Trd, 000269.267, 141
Trd, 000269.550, 168
Trd, 000272.000, 159
Trd, 000272.900, 150
Trd, 000273.233, 156
Trd, 000273.383, 160
Trd, 000275.867, 175
Trd, 000276.667, 147
Trd, 000276.850, 144
Trd, 000277.267, 160
Trd, 000277.283, 167
Trd, 000278.317, 175
Trd, 000278.517, 179
Trd, 000278.533, 168
Trd, 000281.617, 121
Trd, 000281.900, 172
Trd, 000283.567, 174
Trd, 000283.817, 185
Trd, 000286.900, 131
Trd, 000286.967, 153
Trd, 000286.983, 113
Trd, 000287.217, 144
Trd, 000287.300, 135
Trd, 000289.083, 177
Trd, 000289.567, 173
Trd, 000291.667, 187
Trd, 000292.400, 187
Trd, 000292.867, 175
Trd, 000293.567, 176
Trd, 000294.250, 166
Trd, 000295.233, 163
Trd, 000295.300, 167
Trd, 000295.883, 160
Trd, 000296.850, 175
Trd, 000296.933, 171
Trd, 000297.017, 159
Trd, 000297.700, 171
Trd, 000298.983, 166
