Trd, 000005.067, 137
Trd, 000005.400, 177
Trd, 000005.533, 137
Trd, 000006.150, 139
Trd, 000006.250, 129
Trd, 000006.317, 126
Trd, 000007.967, 121
Trd, 000009.100, 150
Trd, 000009.817, 161
Trd, 000010.400, 155
Trd, 000010.700, 187
Trd, 000011.017, 161
Trd, 000011.067, 184
Trd, 000013.183, 167
Trd, 000015.300, 159
Trd, 000015.383, 155
Trd, 000016.150, 185
Trd, 000016.933, 164
Trd, 000017.350, 156
Trd, 000017.883, 153
Trd, 000018.933, 151
Trd, 000019.417, 129
Trd, 000020.800, 194
Trd, 000020.867, 165
Trd, 000021.033, 199
Trd, 000021.683, 141
Trd, 000022.567, 165
Trd, 000022.917, 147
Trd, 000023.283, 170
Trd, 000024.400, 151
Trd, 000025.733, 196
Trd, 000025.967, 154
Trd, 000026.367, 137
Trd, 000027.217, 147
Trd, 000028.483, 178
Trd, 000030.400, 171
Trd, 000031.467, 155
Trd, 000032.050, 170
Trd, 000032.633, 180
Trd, 000032.867, 162
Trd, 000034.817, 141
Trd, 000035.217, 160
Trd, 000035.750, 183
Trd, 000036.033, 182
Trd, 000036.167, 159
Trd, 000037.817, 159
Trd, 000040.517, 158
Trd, 000041.367, 177
Trd, 000042.417, 176
Trd, 000042.583, 161
Trd, 000043.033, 172
Trd, 000043.100, 171
Trd, 000044.400, 166
Trd, 000045.483, 183
Trd, 000046.033, 190
Trd, 000047.900, 152
Trd, 000048.567, 151
Trd, 000049.167, 174
Trd, 000050.267, 156
Trd, 000050.450, 187
Trd, 000052.217, 184
Trd, 000052.633, 185
Trd, 000055.017, 159
Trd, 000055.050, 165
Trd, 000055.150, 166
Trd, 000055.600, 168
Trd, 000056.583, 148
Trd, 000056.633, 167
Trd, 000056.733, 151
Trd, 000058.733, 179
Trd, 000059.317, 170
Trd, 000059.500, 144
Trd, 000060.433, 144
Trd, 000060.783, 144
Trd, 000061.033, 159
Trd, 000061.550, 157
Trd, 000061.583, 171
Trd, 000061.800, 172
Trd, 000063.183, 141
Trd, 000065.700, 152
Trd, 000066.017, 158
Trd, 000066.367, 165
Trd, 000066.567, 165
Trd, 000067.050, 169
Trd, 000067.583, 155
Trd, 000068.050, 134
Trd, 000071.117, 169
Trd, 000071.167, 172
Trd, 000073.017, 166
Trd, 000074.100, 141
Trd, 000074.283, 180
Trd, 000075.300, 157
Trd, 000075.967, 170
Trd, 000076.017, 157
Trd, 000076.067, 171
Trd, 000076.333, 147
Trd, 000076.583, 157
Trd, 000081.267, 162
Trd, 000082.117, 175
Trd, 000082.300, 183
Trd, 000082.683, 170
Trd, 000083.533, 174
Trd, 000083.700, 167
Trd, 000084.483, 140
Trd, 000085.850, 164
Trd, 000086.233, 147
Trd, 000087.083, 137
Trd, 000088.867, 162
Trd, 000089.817, 145
Trd, 000091.283, 172
Trd, 000091.850, 169
Trd, 000092.200, 160
Trd, 000092.250, 170
Trd, 000094.050, 178
Trd, 000095.400, 155
Trd, 000095.667, 191
Trd, 000096.267, 165
Trd, 000096.667, 176
Trd, 000096.817, 155
Trd, 000097.650, 158
Trd, 000097.833, 139
Trd, 000098.567, 179
Trd, 000098.750, 152
Trd, 000099.700, 149
Trd, 000100.717, 181
Trd, 000101.167, 194
Trd, 000101.400, 173
Trd, 000101.817, 156
Trd, 000104.650, 168
Trd, 000105.833, 145
Trd, 000106.033, 168
Trd, 000106.200, 171
Trd, 000107.167, 142
Trd, 000108.483, 140
Trd, 000108.517, 162
Trd, 000109.767, 145
Trd, 000110.183, 134
Trd, 000110.800, 162
Trd, 000111.167, 175
Trd, 000111.200, 169
Trd, 000111.433, 172
Trd, 000112.200, 161
Trd, 000112.983, 150
Trd, 000114.200, 145
Trd, 000114.983, 163
Trd, 000116.850, 179
Trd, 000117.417, 166
Trd, 000117.450, 154
Trd, 000117.533, 180
Trd, 000119.183, 171
Trd, 000121.250, 164
Trd, 000121.417, 147
Trd, 000121.533, 129
Trd, 000123.117, 153
Trd, 000123.833, 157
Trd, 000124.167, 173
Trd, 000126.200, 167
Trd, 000126.600, 148
Trd, 000126.667, 185
Trd, 000127.033, 167
Trd, 000127.483, 149
Trd, 000127.850, 178
Trd, 000129.600, 161
Trd, 000130.700, 165
Trd, 000132.083, 172
Trd, 000132.100, 182
Trd, 000132.783, 147
Trd, 000132.917, 144
Trd, 000134.567, 153
Trd, 000136.483, 182
Trd, 000137.867, 165
Trd, 000138.183, 177
Trd, 000139.883, 171
Trd, 000140.633, 167
Trd, 000140.883, 159
Trd, 000141.783, 168
Trd, 000143.467, 168
Trd, 000144.450, 184
Trd, 000145.367, 182
Trd, 000145.667, 174
Trd, 000147.033, 175
Trd, 000147.450, 158
Trd, 000148.067, 146
Trd, 000148.500, 147
Trd, 000148.533, 162
Trd, 000149.517, 161
Trd, 000149.567, 166
Trd, 000151.617, 171
Trd, 000152.300, 136
Trd, 000152.867, 144
Trd, 000152.933, 162
Trd, 000153.400, 160
Trd, 000153.483, 163
Trd, 000154.650, 155
Trd, 000156.600, 166
Trd, 000156.667, 167
Trd, 000158.033, 178
Trd, 000158.983, 186
Trd, 000159.250, 164
Trd, 000161.183, 167
Trd, 000161.567, 172
Trd, 000161.933, 169
Trd, 000162.917, 144
Trd, 000163.033, 129
Trd, 000166.100, 127
Trd, 000167.133, 138
Trd, 000167.750, 164
Trd, 000168.583, 176
Trd, 000169.117, 169
Trd, 000172.550, 158
Trd, 000173.017, 174
Trd, 000173.600, 155
Trd, 000173.967, 173
Trd, 000176.517, 164
Trd, 000177.433, 163
Trd, 000177.467, 168
Trd, 000178.067, 156
Trd, 000178.267, 170
Trd, 000181.167, 151
Trd, 000181.867, 151
Trd, 000182.400, 174
Trd, 000183.783, 163
Trd, 000184.100, 157
Trd, 000185.383, 174
Trd, 000185.900, 164
Trd, 000186.100, 112
Trd, 000187.700, 167
Trd, 000187.900, 170
Trd, 000188.050, 159
Trd, 000188.917, 132
Trd, 000188.983, 152
Trd, 000189.733, 151
Trd, 000190.750, 155
Trd, 000190.933, 150
Trd, 000191.050, 127
Trd, 000191.383, 162
Trd, 000191.917, 159
Trd, 000192.983, 182
Trd, 000193.400, 169
Trd, 000194.933, 146
Trd, 000195.183, 149
Trd, 000195.533, 134
Trd, 000195.867, 161
Trd, 000196.117, 188
Trd, 000196.483, 176
Trd, 000196.817, 143
Trd, 000197.517, 143
Trd, 000197.617, 154
Trd, 000198.117, 156
Trd, 000199.950, 142
Trd, 000200.067, 164
Trd, 000201.267, 152
Trd, 000202.383, 165
Trd, 000202.467, 169
Trd, 000202.617, 172
Trd, 000203.283, 172
Trd, 000203.900, 167
Trd, 000204.367, 153
Trd, 000204.400, 136
Trd, 000204.883, 158
Trd, 000206.383, 139
Trd, 000206.933, 172
Trd, 000207.233, 167
Trd, 000207.267, 165
Trd, 000211.400, 128
Trd, 000211.583, 148
Trd, 000212.367, 163
Trd, 000212.700, 163
Trd, 000213.967, 165
Trd, 000215.333, 153
Trd, 000216.200, 192
Trd, 000217.033, 150
Trd, 000217.067, 159
Trd, 000217.150, 133
Trd, 000217.317, 165
Trd, 000217.950, 165
Trd, 000219.700, 176
Trd, 000220.250, 170
Trd, 000221.650, 192
Trd, 000221.783, 185
Trd, 000221.817, 185
Trd, 000222.400, 194
Trd, 000222.567, 160
Trd, 000226.217, 153
Trd, 000226.650, 173
Trd, 000228.233, 159
Trd, 000228.433, 173
Trd, 000229.067, 170
Trd, 000229.250, 173
Trd, 000230.383, 147
Trd, 000231.700, 167
Trd, 000231.767, 136
Trd, 000231.900, 167
Trd, 000232.833, 174
Trd, 000234.883, 173
Trd, 000235.150, 163
Trd, 000236.417, 169
Trd, 000236.783, 150
Trd, 000237.417, 168
Trd, 000239.600, 148
Trd, 000240.283, 139
Trd, 000240.600, 138
Trd, 000240.750, 158
Trd, 000241.567, 170
Trd, 000241.583, 167
Trd, 000242.900, 161
Trd, 000243.733, 161
Trd, 000245.033, 152
Trd, 000246.317, 149
Trd, 000246.600, 148
Trd, 000246.683, 162
Trd, 000248.083, 197
Trd, 000248.500, 190
Trd, 000248.767, 166
Trd, 000249.400, 135
Trd, 000250.617, 127
Trd, 000251.483, 164
Trd, 000251.550, 176
Trd, 000252.050, 152
Trd, 000252.450, 153
Trd, 000253.367, 127
Trd, 000253.433, 162
Trd, 000253.733, 157
Trd, 000255.050, 148
Trd, 000256.650, 186
Trd, 000258.033, 168
Trd, 000259.883, 188
Trd, 000261.733, 179
Trd, 000262.250, 176
Trd, 000262.367, 172
Trd, 000263.333, 161
Trd, 000264.050, 161
Trd, 000264.983, 163
Trd, 000265.917, 163
Trd, 000266.000, 185
Trd, 000266.450, 173
Trd, 000266.583, 165
Trd, 000267.483, 175
Trd, 000267.800, 149
Trd, 000268.517, 185
Trd, 000269.750, 167
Trd, 000272.233, 188
Trd, 000272.817, 172
Trd, 000273.483, 172
Trd, 000274.167, 162
Trd, 000274.183, 145
Trd, 000275.183, 173
Trd, 000276.800, 178
Trd, 000277.117, 166
Trd, 000279.033, 174
Trd, 000279.617, 169
Trd, 000279.867, 141
Trd, 000281.533, 162
Trd, 000282.017, 156
Trd, 000282.100, 141
Trd, 000282.267, 168
Trd, 000285.683, 151
Trd, 000286.583, 182
Trd, 000286.750, 162
Trd, 000286.933, 130
Trd, 000287.383, 165
Trd, 000288.883, 190
Trd, 000288.967, 153
Trd, 000291.833, 159
Trd, 000292.083, 169
Trd, 000292.300, 156
Trd, 000293.783, 192
Trd, 000294.133, 161
Trd, 000297.167, 171
Trd, 000297.317, 143
Trd, 000299.333, 186
Trd, 000299.533, 183
