Trd, 000005.250, 175
Trd, 000005.600, 163
Trd, 000005.983, 167
Trd, 000006.383, 172
Trd, 000006.767, 160
Trd, 000008.733, 151
Trd, 000010.233, 141
Trd, 000010.467, 150
Trd, 000010.517, 164
Trd, 000010.633, 181
Trd, 000010.983, 175
Trd, 000013.233, 159
Trd, 000014.683, 182
Trd, 000015.233, 151
Trd, 000015.517, 157
Trd, 000015.933, 169
Trd, 000016.000, 177
Trd, 000018.233, 158
Trd, 000019.467, 161
Trd, 000019.600, 165
Trd, 000020.967, 184
Trd, 000021.133, 174
Trd, 000021.267, 172
Trd, 000023.100, 179
Trd, 000023.383, 170
Trd, 000023.400, 165
Trd, 000025.633, 176
Trd, 000026.000, 164
Trd, 000026.467, 151
Trd, 000026.550, 160
Trd, 000027.200, 160
Trd, 000028.617, 163
Trd, 000029.917, 171
Trd, 000031.017, 173
Trd, 000031.217, 183
Trd, 000032.317, 180
Trd, 000033.033, 156
Trd, 000033.767, 152
Trd, 000035.317, 153
Trd, 000035.517, 186
Trd, 000035.950, 161
Trd, 000036.267, 170
Trd, 000040.667, 177
Trd, 000040.817, 181
Trd, 000041.717, 131
Trd, 000042.117, 168
Trd, 000043.867, 175
Trd, 000045.283, 190
Trd, 000045.933, 170
Trd, 000046.633, 167
Trd, 000047.317, 176
Trd, 000047.400, 154
Trd, 000048.300, 176
Trd, 000048.450, 160
Trd, 000050.550, 125
Trd, 000050.700, 168
Trd, 000050.783, 183
Trd, 000051.167, 142
Trd, 000053.783, 173
Trd, 000053.817, 168
Trd, 000053.833, 188
Trd, 000054.350, 162
Trd, 000055.417, 140
Trd, 000055.717, 164
Trd, 000058.367, 173
Trd, 000058.417, 168
Trd, 000060.433, 134
Trd, 000060.883, 171
Trd, 000061.283, 184
Trd, 000062.300, 178
Trd, 000062.650, 176
Trd, 000063.017, 175
Trd, 000064.250, 163
Trd, 000064.533, 174
Trd, 000065.633, 168
Trd, 000065.683, 169
Trd, 000066.533, 170
Trd, 000071.433, 177
Trd, 000071.800, 176
Trd, 000071.817, 163
Trd, 000072.817, 158
Trd, 000073.417, 152
Trd, 000075.500, 139
Trd, 000076.483, 193
Trd, 000076.800, 193
Trd, 000076.967, 185
Trd, 000077.283, 179
Trd, 000077.717, 178
Trd, 000078.533, 165
Trd, 000080.367, 161
Trd, 000080.633, 178
Trd, 000080.800, 163
Trd, 000081.400, 150
Trd, 000085.267, 155
Trd, 000085.400, 151
Trd, 000086.000, 179
Trd, 000086.200, 168
Trd, 000087.700, 166
Trd, 000089.733, 159
Trd, 000090.283, 157
Trd, 000090.633, 164
Trd, 000090.867, 163
Trd, 000090.900, 171
Trd, 000091.500, 178
Trd, 000092.183, 175
Trd, 000095.000, 177
Trd, 000096.283, 175
Trd, 000097.267, 179
Trd, 000097.600, 151
Trd, 000098.450, 155
Trd, 000099.000, 161
Trd, 000101.033, 165
Trd, 000101.567, 173
Trd, 000102.067, 157
Trd, 000102.717, 174
Trd, 000102.883, 152
Trd, 000103.483, 155
Trd, 000106.283, 148
Trd, 000106.517, 141
Trd, 000106.567, 168
Trd, 000109.300, 187
Trd, 000110.033, 172
Trd, 000110.700, 176
Trd, 000111.000, 169
Trd, 000111.200, 154
Trd, 000112.050, 160
Trd, 000113.533, 151
Trd, 000114.317, 164
Trd, 000116.233, 177
Trd, 000116.750, 165
Trd, 000117.300, 180
Trd, 000117.650, 182
Trd, 000118.750, 149
Trd, 000119.683, 192
Trd, 000121.650, 190
Trd, 000121.733, 185
Trd, 000122.017, 179
Trd, 000123.367, 180
Trd, 000124.283, 177
Trd, 000125.967, 131
Trd, 000126.117, 172
Trd, 000126.217, 188
Trd, 000126.400, 188
Trd, 000127.783, 182
Trd, 000129.183, 178
Trd, 000131.617, 162
Trd, 000132.850, 152
Trd, 000133.117, 176
Trd, 000133.717, 162
Trd, 000134.233, 155
Trd, 000136.550, 171
Trd, 000136.983, 160
Trd, 000137.600, 172
Trd, 000137.950, 178
Trd, 000138.767, 180
Trd, 000138.783, 177
Trd, 000141.067, 186
Trd, 000141.100, 176
Trd, 000142.133, 151
Trd, 000142.883, 154
Trd, 000144.217, 172
Trd, 000146.367, 181
Trd, 000146.967, 173
Trd, 000147.150, 151
Trd, 000147.250, 179
Trd, 000149.933, 154
Trd, 000149.967, 161
Trd, 000151.233, 160
Trd, 000151.267, 157
Trd, 000151.883, 178
Trd, 000152.100, 190
Trd, 000152.567, 193
Trd, 000153.383, 172
Trd, 000156.217, 173
Trd, 000156.600, 178
Trd, 000158.317, 185
Trd, 000158.467, 159
Trd, 000159.567, 179
Trd, 000160.983, 137
Trd, 000161.717, 189
Trd, 000162.783, 187
Trd, 000162.933, 178
Trd, 000163.683, 177
Trd, 000163.767, 174
Trd, 000164.517, 166
Trd, 000164.667, 151
Trd, 000166.717, 178
Trd, 000167.200, 169
Trd, 000168.033, 182
Trd, 000169.050, 167
Trd, 000170.850, 181
Trd, 000171.250, 178
Trd, 000172.483, 156
Trd, 000173.367, 187
Trd, 000173.733, 156
Trd, 000174.017, 157
Trd, 000174.583, 164
Trd, 000176.567, 164
Trd, 000176.850, 172
Trd, 000178.567, 179
Trd, 000178.617, 177
Trd, 000181.283, 192
Trd, 000182.133, 175
Trd, 000184.817, 162
Trd, 000185.850, 157
Trd, 000186.417, 155
Trd, 000187.617, 179
Trd, 000188.417, 189
Trd, 000190.067, 173
Trd, 000190.567, 174
Trd, 000190.633, 179
Trd, 000191.933, 163
Trd, 000191.967, 184
Trd, 000192.050, 151
Trd, 000192.183, 148
Trd, 000192.933, 174
Trd, 000193.867, 178
Trd, 000196.117, 164
Trd, 000196.233, 151
Trd, 000197.883, 183
Trd, 000200.017, 179
Trd, 000201.250, 193
Trd, 000201.400, 172
Trd, 000201.733, 175
Trd, 000202.300, 159
Trd, 000202.450, 153
Trd, 000205.917, 174
Trd, 000206.350, 126
Trd, 000206.917, 132
Trd, 000207.117, 153
Trd, 000208.017, 154
Trd, 000208.733, 169
Trd, 000211.833, 187
Trd, 000212.050, 184
Trd, 000212.383, 179
Trd, 000212.850, 171
Trd, 000213.933, 174
Trd, 000216.533, 159
Trd, 000217.517, 180
Trd, 000217.767, 179
Trd, 000218.183, 173
Trd, 000218.350, 159
Trd, 000218.900, 170
Trd, 000219.000, 150
Trd, 000220.150, 186
Trd, 000220.517, 134
Trd, 000221.800, 164
Trd, 000222.333, 162
Trd, 000222.817, 187
Trd, 000223.867, 165
Trd, 000225.167, 176
Trd, 000225.567, 170
Trd, 000226.267, 181
Trd, 000226.900, 179
Trd, 000228.017, 171
Trd, 000228.983, 173
Trd, 000229.100, 167
Trd, 000230.150, 186
Trd, 000230.850, 160
Trd, 000232.233, 178
Trd, 000232.750, 175
Trd, 000233.483, 171
Trd, 000237.883, 151
Trd, 000237.983, 154
Trd, 000238.733, 172
Trd, 000239.317, 157
Trd, 000239.350, 160
Trd, 000240.683, 143
Trd, 000241.233, 179
Trd, 000241.667, 151
Trd, 000242.150, 147
Trd, 000242.533, 181
Trd, 000243.217, 182
Trd, 000243.583, 184
Trd, 000243.750, 160
Trd, 000244.217, 146
Trd, 000247.133, 154
Trd, 000247.450, 160
Trd, 000247.867, 166
Trd, 000248.417, 158
Trd, 000249.433, 176
Trd, 000250.817, 156
Trd, 000251.433, 147
Trd, 000252.050, 193
Trd, 000253.450, 176
Trd, 000253.500, 173
Trd, 000253.783, 165
Trd, 000254.167, 186
Trd, 000254.183, 157
Trd, 000255.550, 175
Trd, 000256.133, 151
Trd, 000257.867, 164
Trd, 000258.950, 179
Trd, 000259.583, 170
Trd, 000259.900, 169
Trd, 000261.367, 170
Trd, 000262.217, 176
Trd, 000262.367, 170
Trd, 000262.650, 154
Trd, 000264.967, 151
Trd, 000266.633, 161
Trd, 000267.467, 175
Trd, 000267.750, 171
Trd, 000268.700, 166
Trd, 000270.983, 181
Trd, 000271.733, 149
Trd, 000271.800, 168
Trd, 000272.833, 175
Trd, 000274.067, 172
Trd, 000274.450, 169
Trd, 000274.767, 189
Trd, 000275.217, 168
Trd, 000276.900, 183
Trd, 000277.133, 188
Trd, 000277.950, 168
Trd, 000279.550, 178
Trd, 000279.933, 175
Trd, 000282.250, 156
Trd, 000282.500, 162
Trd, 000283.483, 169
Trd, 000283.517, 171
Trd, 000284.150, 151
Trd, 000284.550, 157
Trd, 000285.550, 170
Trd, 000286.733, 144
Trd, 000287.250, 177
Trd, 000288.350, 168
Trd, 000289.267, 163
Trd, 000289.950, 151
Trd, 000290.417, 158
Trd, 000291.617, 183
Trd, 000291.683, 161
Trd, 000292.250, 191
Trd, 000294.067, 180
Trd, 000295.100, 177
Trd, 000295.533, 171
Trd, 000297.000, 178
Trd, 000298.217, 173
Trd, 000298.767, 178
Trd, 000299.233, 175
Trd, 000299.400, 169
