Trd, 000005.367, 139
Trd, 000005.750, 150
Trd, 000006.167, 149
Trd, 000006.300, 152
Trd, 000006.833, 154
Trd, 000007.767, 146
Trd, 000007.983, 144
Trd, 000008.683, 132
Trd, 000009.850, 164
Trd, 000010.300, 118
Trd, 000010.450, 136
Trd, 000010.800, 151
Trd, 000010.817, 182
Trd, 000011.533, 152
Trd, 000011.950, 160
Trd, 000012.417, 167
Trd, 000013.217, 139
Trd, 000015.467, 168
Trd, 000015.750, 149
Trd, 000016.283, 161
Trd, 000016.633, 155
Trd, 000017.017, 178
Trd, 000017.517, 144
Trd, 000017.933, 193
Trd, 000017.983, 147
Trd, 000018.067, 145
Trd, 000018.933, 156
Trd, 000020.217, 196
Trd, 000020.233, 178
Trd, 000020.667, 156
Trd, 000020.833, 153
Trd, 000021.900, 151
Trd, 000023.167, 155
Trd, 000024.150, 164
Trd, 000024.617, 171
Trd, 000025.217, 117
Trd, 000025.367, 180
Trd, 000025.400, 161
Trd, 000025.583, 138
Trd, 000025.900, 174
Trd, 000026.133, 163
Trd, 000027.950, 170
Trd, 000028.700, 166
Trd, 000028.967, 158
Trd, 000030.333, 182
Trd, 000030.467, 174
Trd, 000031.717, 148
Trd, 000032.167, 167
Trd, 000033.300, 142
Trd, 000035.300, 131
Trd, 000035.867, 174
Trd, 000035.983, 164
Trd, 000036.250, 152
Trd, 000036.467, 161
Trd, 000036.717, 156
Trd, 000037.417, 156
Trd, 000038.950, 148
Trd, 000040.033, 154
Trd, 000040.417, 142
Trd, 000040.833, 140
Trd, 000040.900, 157
Trd, 000041.783, 139
Trd, 000042.150, 183
Trd, 000042.483, 170
Trd, 000044.100, 149
Trd, 000045.167, 147
Trd, 000045.350, 181
Trd, 000045.917, 173
Trd, 000046.800, 167
Trd, 000047.317, 186
Trd, 000047.550, 152
Trd, 000047.583, 156
Trd, 000049.400, 165
Trd, 000050.150, 154
Trd, 000050.533, 155
Trd, 000051.517, 162
Trd, 000051.783, 180
Trd, 000051.900, 157
Trd, 000052.167, 155
Trd, 000053.050, 157
Trd, 000053.850, 150
Trd, 000055.000, 184
Trd, 000055.650, 148
Trd, 000055.700, 124
Trd, 000055.750, 151
Trd, 000056.117, 167
Trd, 000056.633, 165
Trd, 000057.050, 183
Trd, 000057.150, 163
Trd, 000058.150, 189
Trd, 000058.783, 157
Trd, 000060.183, 158
Trd, 000060.567, 163
Trd, 000060.900, 169
Trd, 000061.100, 156
Trd, 000061.233, 131
Trd, 000061.300, 150
Trd, 000061.600, 175
Trd, 000061.783, 160
Trd, 000062.267, 153
Trd, 000062.967, 152
Trd, 000065.017, 147
Trd, 000065.483, 196
Trd, 000065.717, 143
Trd, 000066.033, 141
Trd, 000066.350, 171
Trd, 000066.367, 156
Trd, 000067.933, 170
Trd, 000069.400, 155
Trd, 000069.833, 149
Trd, 000070.717, 110
Trd, 000070.867, 126
Trd, 000070.917, 139
Trd, 000071.650, 143
Trd, 000071.733, 183
Trd, 000072.733, 172
Trd, 000073.217, 148
Trd, 000074.483, 165
Trd, 000074.933, 148
Trd, 000075.800, 139
Trd, 000075.967, 177
Trd, 000076.433, 138
Trd, 000077.483, 183
Trd, 000077.567, 126
Trd, 000077.917, 130
Trd, 000079.133, 156
Trd, 000079.267, 126
Trd, 000080.933, 185
Trd, 000081.017, 188
Trd, 000081.233, 162
Trd, 000082.467, 175
Trd, 000082.567, 161
Trd, 000082.933, 152
Trd, 000083.567, 136
Trd, 000085.600, 184
Trd, 000085.700, 196
Trd, 000086.000, 131
Trd, 000087.583, 165
Trd, 000088.967, 134
Trd, 000089.600, 154
Trd, 000090.033, 145
Trd, 000090.767, 123
Trd, 000090.950, 169
Trd, 000091.017, 150
Trd, 000091.567, 144
Trd, 000091.750, 141
Trd, 000092.000, 143
Trd, 000092.517, 173
Trd, 000094.000, 158
Trd, 000095.733, 168
Trd, 000096.317, 146
Trd, 000097.000, 155
Trd, 000097.333, 164
Trd, 000097.417, 157
Trd, 000097.617, 165
Trd, 000098.100, 180
Trd, 000098.317, 158
Trd, 000099.133, 144
Trd, 000100.750, 154
Trd, 000101.067, 166
Trd, 000101.083, 156
Trd, 000101.267, 187
Trd, 000101.783, 182
Trd, 000102.833, 169
Trd, 000102.900, 152
Trd, 000103.200, 166
Trd, 000104.567, 156
Trd, 000105.850, 170
Trd, 000106.333, 172
Trd, 000106.883, 160
Trd, 000107.200, 187
Trd, 000107.483, 185
Trd, 000110.817, 119
Trd, 000111.017, 163
Trd, 000111.067, 180
Trd, 000111.183, 147
Trd, 000112.117, 139
Trd, 000113.067, 151
Trd, 000113.217, 160
Trd, 000113.917, 140
Trd, 000115.167, 177
Trd, 000116.600, 150
Trd, 000116.767, 157
Trd, 000116.817, 142
Trd, 000117.150, 140
Trd, 000117.517, 135
Trd, 000117.983, 157
Trd, 000118.533, 164
Trd, 000119.550, 144
Trd, 000120.700, 137
Trd, 000120.950, 155
Trd, 000120.967, 162
Trd, 000121.967, 127
Trd, 000122.617, 120
Trd, 000123.150, 143
Trd, 000123.817, 157
Trd, 000124.450, 152
Trd, 000126.333, 179
Trd, 000126.800, 147
Trd, 000127.300, 168
Trd, 000127.683, 165
Trd, 000128.350, 178
Trd, 000130.883, 153
Trd, 000130.917, 179
Trd, 000131.183, 167
Trd, 000131.567, 175
Trd, 000132.333, 162
Trd, 000134.533, 148
Trd, 000135.000, 157
Trd, 000135.383, 164
Trd, 000136.350, 192
Trd, 000136.417, 138
Trd, 000137.250, 147
Trd, 000137.600, 145
Trd, 000138.217, 134
Trd, 000138.833, 134
Trd, 000138.867, 170
Trd, 000141.383, 172
Trd, 000142.033, 167
Trd, 000142.183, 154
Trd, 000142.267, 150
Trd, 000142.900, 183
Trd, 000143.200, 158
Trd, 000143.383, 153
Trd, 000144.500, 148
Trd, 000144.750, 174
Trd, 000145.217, 138
Trd, 000145.967, 179
Trd, 000146.650, 185
Trd, 000146.917, 183
Trd, 000147.067, 178
Trd, 000148.100, 182
Trd, 000148.650, 160
Trd, 000149.800, 158
Trd, 000151.117, 125
Trd, 000151.167, 159
Trd, 000151.483, 178
Trd, 000152.367, 178
Trd, 000152.700, 166
Trd, 000152.933, 163
Trd, 000154.167, 170
Trd, 000156.467, 119
Trd, 000156.633, 137
Trd, 000157.033, 185
Trd, 000157.317, 170
Trd, 000157.433, 158
Trd, 000158.033, 153
Trd, 000158.183, 161
Trd, 000161.283, 118
Trd, 000161.617, 156
Trd, 000161.900, 143
Trd, 000163.000, 149
Trd, 000163.133, 176
Trd, 000163.183, 150
Trd, 000163.200, 183
Trd, 000163.967, 144
Trd, 000166.333, 181
Trd, 000166.383, 165
Trd, 000166.917, 165
Trd, 000166.967, 157
Trd, 000167.233, 178
Trd, 000168.117, 158
Trd, 000168.567, 159
Trd, 000168.717, 158
Trd, 000171.333, 171
Trd, 000171.400, 169
Trd, 000171.533, 183
Trd, 000171.833, 196
Trd, 000172.950, 151
Trd, 000174.433, 156
Trd, 000176.000, 137
Trd, 000176.500, 185
Trd, 000177.100, 158
Trd, 000177.150, 177
Trd, 000180.450, 160
Trd, 000181.083, 193
Trd, 000181.167, 171
Trd, 000181.400, 158
Trd, 000182.383, 138
Trd, 000183.133, 176
Trd, 000185.300, 151
Trd, 000186.317, 179
Trd, 000186.483, 127
Trd, 000186.683, 136
Trd, 000187.033, 169
Trd, 000187.650, 145
Trd, 000187.817, 136
Trd, 000188.017, 126
Trd, 000188.067, 185
Trd, 000190.750, 154
Trd, 000191.233, 137
Trd, 000191.383, 155
Trd, 000191.650, 155
Trd, 000191.950, 191
Trd, 000192.567, 138
Trd, 000193.300, 143
Trd, 000194.967, 142
Trd, 000196.150, 179
Trd, 000196.317, 153
Trd, 000196.433, 147
Trd, 000197.250, 155
Trd, 000197.400, 169
Trd, 000197.983, 155
Trd, 000201.117, 129
Trd, 000201.283, 135
Trd, 000201.633, 176
Trd, 000202.133, 157
Trd, 000203.050, 149
Trd, 000204.850, 159
Trd, 000206.167, 168
Trd, 000206.283, 139
Trd, 000206.650, 129
Trd, 000206.917, 129
Trd, 000207.017, 157
Trd, 000208.367, 177
Trd, 000208.400, 147
Trd, 000209.767, 159
Trd, 000211.700, 191
Trd, 000211.817, 184
Trd, 000212.217, 177
Trd, 000212.400, 164
Trd, 000213.217, 165
Trd, 000213.833, 154
Trd, 000216.383, 153
Trd, 000216.450, 135
Trd, 000216.550, 133
Trd, 000217.250, 196
Trd, 000217.367, 179
Trd, 000217.567, 173
Trd, 000218.433, 133
Trd, 000218.767, 123
Trd, 000218.800, 162
Trd, 000221.517, 157
Trd, 000221.633, 154
Trd, 000222.583, 153
Trd, 000224.267, 161
Trd, 000224.317, 153
Trd, 000224.750, 193
Trd, 000225.450, 168
Trd, 000226.517, 154
Trd, 000226.633, 174
Trd, 000226.700, 177
Trd, 000226.767, 153
Trd, 000226.950, 188
Trd, 000230.450, 163
Trd, 000231.300, 192
Trd, 000231.567, 172
Trd, 000231.817, 176
Trd, 000232.067, 162
Trd, 000232.567, 149
Trd, 000233.650, 153
Trd, 000233.867, 153
Trd, 000235.517, 158
Trd, 000236.767, 186
Trd, 000236.817, 185
Trd, 000237.033, 161
Trd, 000237.233, 172
Trd, 000237.783, 160
Trd, 000238.600, 177
Trd, 000238.767, 150
Trd, 000240.983, 149
Trd, 000241.500, 186
Trd, 000241.633, 174
Trd, 000241.667, 171
Trd, 000241.700, 156
Trd, 000243.183, 148
Trd, 000243.367, 161
Trd, 000245.667, 143
Trd, 000246.133, 149
Trd, 000246.433, 147
Trd, 000246.683, 189
Trd, 000246.800, 190
Trd, 000246.950, 186
Trd, 000247.383, 151
Trd, 000247.583, 156
Trd, 000247.733, 147
Trd, 000248.217, 126
Trd, 000251.317, 138
Trd, 000251.633, 152
Trd, 000251.683, 182
Trd, 000251.717, 189
Trd, 000252.550, 162
Trd, 000252.917, 161
Trd, 000254.150, 158
Trd, 000254.200, 151
Trd, 000254.267, 162
Trd, 000254.583, 162
Trd, 000256.300, 129
Trd, 000256.367, 132
Trd, 000256.950, 196
Trd, 000257.400, 161
Trd, 000257.467, 153
Trd, 000258.017, 167
Trd, 000259.183, 189
Trd, 000261.700, 128
Trd, 000261.933, 127
Trd, 000262.817, 141
Trd, 000262.983, 179
Trd, 000263.150, 176
Trd, 000265.017, 175
Trd, 000265.483, 163
Trd, 000266.733, 137
Trd, 000266.800, 174
Trd, 000267.350, 186
Trd, 000267.650, 168
Trd, 000268.033, 157
Trd, 000271.800, 179
Trd, 000271.817, 164
Trd, 000271.917, 193
Trd, 000272.067, 143
Trd, 000272.600, 149
Trd, 000272.800, 148
Trd, 000273.517, 156
Trd, 000273.867, 145
Trd, 000273.967, 132
Trd, 000274.117, 127
Trd, 000275.117, 157
Trd, 000276.567, 164
Trd, 000276.633, 172
Trd, 000276.833, 140
Trd, 000277.233, 152
Trd, 000277.500, 182
Trd, 000279.417, 169
Trd, 000279.567, 158
Trd, 000281.883, 139
Trd, 000282.017, 146
Trd, 000282.400, 161
Trd, 000282.650, 169
Trd, 000283.117, 162
Trd, 000283.833, 159
Trd, 000284.667, 169
Trd, 000285.300, 168
Trd, 000285.583, 154
Trd, 000287.317, 166
Trd, 000287.650, 158
Trd, 000287.700, 193
Trd, 000288.667, 164
Trd, 000289.617, 156
Trd, 000290.967, 147
Trd, 000291.817, 194
Trd, 000292.367, 170
Trd, 000292.700, 168
Trd, 000292.917, 159
Trd, 000293.567, 184
Trd, 000293.867, 164
Trd, 000294.067, 152
Trd, 000296.250, 182
Trd, 000296.617, 128
Trd, 000296.950, 191
Trd, 000297.033, 137
Trd, 000298.133, 170
Trd, 000299.817, 171
