Trd, 000005.133, 157
Trd, 000006.100, 125
Trd, 000006.400, 151
Trd, 000007.700, 146
Trd, 000008.217, 152
Trd, 000009.600, 159
Trd, 000010.100, 125
Trd, 000010.200, 158
Trd, 000010.550, 153
Trd, 000011.100, 179
Trd, 000012.800, 132
Trd, 000014.917, 160
Trd, 000015.500, 162
Trd, 000015.967, 172
Trd, 000017.433, 164
Trd, 000017.833, 163
Trd, 000018.783, 171
Trd, 000020.367, 156
Trd, 000022.017, 177
Trd, 000022.983, 166
Trd, 000023.783, 162
Trd, 000023.833, 163
Trd, 000024.333, 150
Trd, 000025.317, 157
Trd, 000025.550, 156
Trd, 000026.300, 154
Trd, 000026.900, 155
Trd, 000027.450, 153
Trd, 000029.550, 150
Trd, 000029.567, 169
Trd, 000031.217, 177
Trd, 000031.367, 170
Trd, 000031.583, 164
Trd, 000031.600, 180
Trd, 000032.950, 176
Trd, 000035.300, 165
Trd, 000035.583, 192
Trd, 000036.450, 167
Trd, 000039.233, 174
Trd, 000039.867, 162
Trd, 000040.117, 156
Trd, 000040.717, 162
Trd, 000040.917, 162
Trd, 000041.583, 159
Trd, 000042.000, 154
Trd, 000042.550, 163
Trd, 000042.633, 172
Trd, 000042.733, 135
Trd, 000043.000, 161
Trd, 000045.750, 173
Trd, 000046.800, 171
Trd, 000047.333, 162
Trd, 000048.183, 177
Trd, 000048.417, 167
Trd, 000048.900, 162
Trd, 000049.117, 152
Trd, 000049.750, 150
Trd, 000050.600, 159
Trd, 000050.933, 160
Trd, 000051.200, 163
Trd, 000051.600, 168
Trd, 000051.883, 158
Trd, 000053.583, 143
Trd, 000054.700, 156
Trd, 000055.283, 150
Trd, 000055.583, 158
Trd, 000055.733, 131
Trd, 000056.817, 177
Trd, 000059.950, 153
Trd, 000060.850, 166
Trd, 000060.917, 159
Trd, 000061.417, 173
Trd, 000061.600, 154
Trd, 000064.850, 176
Trd, 000066.167, 173
Trd, 000067.183, 160
Trd, 000068.417, 159
Trd, 000069.150, 171
Trd, 000069.683, 170
Trd, 000070.383, 171
Trd, 000070.533, 123
Trd, 000072.450, 171
Trd, 000072.483, 155
Trd, 000073.250, 167
Trd, 000073.317, 150
Trd, 000075.000, 165
Trd, 000075.533, 158
Trd, 000075.783, 169
Trd, 000075.983, 150
Trd, 000076.000, 146
Trd, 000077.267, 157
Trd, 000078.883, 141
Trd, 000079.717, 162
Trd, 000080.583, 171
Trd, 000080.667, 184
Trd, 000080.967, 176
Trd, 000081.367, 155
Trd, 000084.533, 146
Trd, 000084.883, 153
Trd, 000085.933, 144
Trd, 000086.967, 176
Trd, 000088.200, 161
Trd, 000088.483, 167
Trd, 000089.217, 153
Trd, 000089.683, 131
Trd, 000090.833, 165
Trd, 000091.767, 149
Trd, 000092.017, 149
Trd, 000092.383, 162
Trd, 000093.483, 148
Trd, 000096.167, 173
Trd, 000096.383, 166
Trd, 000096.867, 168
Trd, 000098.133, 176
Trd, 000098.250, 158
Trd, 000100.917, 175
Trd, 000101.417, 178
Trd, 000101.867, 180
Trd, 000102.583, 176
Trd, 000106.700, 193
Trd, 000106.733, 162
Trd, 000108.400, 169
Trd, 000108.717, 144
Trd, 000109.383, 157
Trd, 000109.850, 141
Trd, 000110.217, 163
Trd, 000110.917, 190
Trd, 000111.600, 157
Trd, 000111.967, 152
Trd, 000112.083, 168
Trd, 000112.133, 152
Trd, 000115.033, 162
Trd, 000115.900, 167
Trd, 000116.433, 168
Trd, 000116.867, 162
Trd, 000118.183, 165
Trd, 000119.017, 160
Trd, 000119.417, 150
Trd, 000119.700, 152
Trd, 000120.967, 165
Trd, 000121.367, 138
Trd, 000122.083, 165
Trd, 000122.617, 157
Trd, 000123.517, 152
Trd, 000124.117, 162
Trd, 000126.217, 156
Trd, 000128.400, 161
Trd, 000129.700, 165
Trd, 000129.933, 165
Trd, 000130.533, 159
Trd, 000131.067, 169
Trd, 000131.483, 182
Trd, 000131.900, 158
Trd, 000132.817, 157
Trd, 000133.967, 169
Trd, 000134.167, 150
Trd, 000136.567, 169
Trd, 000136.983, 149
Trd, 000137.700, 148
Trd, 000138.200, 160
Trd, 000139.633, 164
Trd, 000139.850, 180
Trd, 000141.500, 175
Trd, 000141.717, 182
Trd, 000141.900, 164
Trd, 000142.433, 158
Trd, 000142.600, 166
Trd, 000144.750, 162
Trd, 000146.533, 143
Trd, 000146.933, 169
Trd, 000147.567, 176
Trd, 000147.767, 162
Trd, 000148.417, 184
Trd, 000148.933, 169
Trd, 000150.633, 163
Trd, 000151.117, 166
Trd, 000151.350, 171
Trd, 000152.750, 160
Trd, 000154.133, 157
Trd, 000156.183, 162
Trd, 000156.400, 129
Trd, 000156.667, 158
Trd, 000157.083, 164
Trd, 000158.317, 157
Trd, 000159.167, 143
Trd, 000159.567, 175
Trd, 000161.283, 131
Trd, 000163.050, 156
Trd, 000163.600, 162
Trd, 000163.633, 170
Trd, 000166.450, 146
Trd, 000167.183, 163
Trd, 000167.450, 149
Trd, 000167.567, 167
Trd, 000170.367, 153
Trd, 000170.983, 177
Trd, 000171.367, 158
Trd, 000171.867, 158
Trd, 000172.200, 153
Trd, 000172.733, 169
Trd, 000173.650, 161
Trd, 000174.800, 173
Trd, 000175.783, 153
Trd, 000176.517, 121
Trd, 000176.650, 142
Trd, 000176.700, 176
Trd, 000177.050, 135
Trd, 000177.317, 153
Trd, 000177.900, 160
Trd, 000178.017, 166
Trd, 000179.267, 162
Trd, 000179.617, 161
Trd, 000179.817, 150
Trd, 000180.817, 163
Trd, 000181.267, 161
Trd, 000181.733, 164
Trd, 000182.550, 176
Trd, 000183.533, 171
Trd, 000183.567, 150
Trd, 000186.817, 174
Trd, 000187.000, 163
Trd, 000187.217, 158
Trd, 000188.050, 173
Trd, 000188.933, 157
Trd, 000190.217, 164
Trd, 000190.417, 169
Trd, 000191.517, 134
Trd, 000191.533, 132
Trd, 000192.250, 162
Trd, 000193.433, 164
Trd, 000194.100, 165
Trd, 000195.017, 154
Trd, 000195.900, 161
Trd, 000197.433, 162
Trd, 000198.067, 148
Trd, 000199.583, 172
Trd, 000200.100, 171
Trd, 000200.683, 169
Trd, 000201.933, 166
Trd, 000202.617, 172
Trd, 000203.933, 166
Trd, 000205.800, 162
Trd, 000206.117, 179
Trd, 000206.783, 136
Trd, 000206.917, 196
Trd, 000207.417, 180
Trd, 000208.883, 162
Trd, 000210.117, 175
Trd, 000211.633, 172
Trd, 000211.750, 162
Trd, 000213.250, 177
Trd, 000215.617, 169
Trd, 000216.250, 152
Trd, 000216.850, 158
Trd, 000217.217, 176
Trd, 000217.433, 141
Trd, 000217.917, 178
Trd, 000219.467, 155
Trd, 000220.233, 163
Trd, 000220.250, 150
Trd, 000221.233, 189
Trd, 000222.783, 153
Trd, 000222.917, 162
Trd, 000223.533, 176
Trd, 000224.117, 168
Trd, 000224.150, 150
Trd, 000226.533, 146
Trd, 000227.417, 147
Trd, 000228.517, 165
Trd, 000228.633, 173
Trd, 000230.400, 167
Trd, 000231.400, 185
Trd, 000233.100, 176
Trd, 000233.250, 165
Trd, 000234.217, 174
Trd, 000234.500, 162
Trd, 000235.400, 174
Trd, 000236.250, 163
Trd, 000236.950, 163
Trd, 000239.167, 166
Trd, 000240.067, 150
Trd, 000241.550, 171
Trd, 000242.183, 133
Trd, 000242.267, 158
Trd, 000242.683, 163
Trd, 000243.617, 150
Trd, 000248.133, 169
Trd, 000248.567, 174
Trd, 000248.967, 167
Trd, 000251.967, 181
Trd, 000252.267, 173
Trd, 000253.900, 159
Trd, 000256.200, 169
Trd, 000256.950, 153
Trd, 000256.967, 177
Trd, 000258.083, 159
Trd, 000259.017, 170
Trd, 000259.450, 145
Trd, 000261.567, 165
Trd, 000261.917, 186
Trd, 000262.867, 178
Trd, 000262.933, 166
Trd, 000265.350, 176
Trd, 000265.583, 164
Trd, 000266.867, 160
Trd, 000268.633, 153
Trd, 000269.433, 159
Trd, 000270.417, 162
Trd, 000271.433, 169
Trd, 000271.917, 162
Trd, 000272.067, 167
Trd, 000272.717, 152
Trd, 000273.967, 158
Trd, 000274.500, 173
Trd, 000275.700, 166
Trd, 000278.283, 162
Trd, 000278.383, 163
Trd, 000278.800, 162
Trd, 000278.950, 150
Trd, 000279.583, 158
Trd, 000282.133, 157
Trd, 000282.567, 161
Trd, 000282.950, 166
Trd, 000283.000, 170
Trd, 000284.250, 163
Trd, 000284.700, 150
Trd, 000288.050, 159
Trd, 000289.400, 159
Trd, 000289.767, 165
Trd, 000290.667, 177
Trd, 000291.783, 171
Trd, 000292.117, 176
Trd, 000293.967, 154
Trd, 000294.050, 154
Trd, 000294.400, 169
Trd, 000295.667, 179
Trd, 000297.367, 157
Trd, 000297.700, 142
Trd, 000298.233, 148
Trd, 000298.783, 158
Trd, 000299.817, 140
Trd, 000299.933, 190
