Trd, 000005.350, 161
Trd, 000005.467, 161
Trd, 000005.567, 160
Trd, 000006.017, 163
Trd, 000006.217, 157
Trd, 000006.750, 148
Trd, 000007.833, 145
Trd, 000008.000, 156
Trd, 000008.067, 141
Trd, 000009.517, 133
Trd, 000010.117, 192
Trd, 000010.217, 162
Trd, 000010.583, 150
Trd, 000010.917, 158
Trd, 000011.067, 149
Trd, 000011.117, 163
Trd, 000012.033, 148
Trd, 000012.117, 145
Trd, 000012.167, 143
Trd, 000012.650, 143
Trd, 000013.683, 153
Trd, 000015.300, 160
Trd, 000015.467, 151
Trd, 000015.850, 150
Trd, 000015.883, 149
Trd, 000015.950, 144
Trd, 000016.467, 150
Trd, 000017.033, 155
Trd, 000017.867, 153
Trd, 000018.350, 145
Trd, 000020.333, 182
Trd, 000020.367, 162
Trd, 000021.283, 180
Trd, 000021.900, 171
Trd, 000022.167, 152
Trd, 000025.133, 171
Trd, 000026.300, 182
Trd, 000026.750, 187
Trd, 000026.817, 186
Trd, 000026.950, 173
Trd, 000027.283, 193
Trd, 000028.717, 160
Trd, 000028.833, 159
Trd, 000030.183, 160
Trd, 000030.317, 162
Trd, 000030.700, 167
Trd, 000030.767, 146
Trd, 000031.250, 154
Trd, 000031.333, 146
Trd, 000031.733, 156
Trd, 000033.067, 145
Trd, 000033.450, 151
Trd, 000035.400, 200
Trd, 000035.483, 123
Trd, 000035.617, 148
Trd, 000035.667, 160
Trd, 000035.800, 158
Trd, 000035.900, 152
Trd, 000036.583, 162
Trd, 000036.850, 163
Trd, 000037.633, 157
Trd, 000040.383, 169
Trd, 000040.567, 186
Trd, 000041.117, 196
Trd, 000041.150, 195
Trd, 000041.267, 179
Trd, 000041.500, 161
Trd, 000041.650, 151
Trd, 000042.000, 140
Trd, 000043.483, 161
Trd, 000046.233, 164
Trd, 000046.400, 160
Trd, 000046.433, 173
Trd, 000046.517, 174
Trd, 000047.000, 149
Trd, 000047.333, 171
Trd, 000049.483, 168
Trd, 000050.517, 167
Trd, 000050.917, 176
Trd, 000051.167, 162
Trd, 000051.650, 150
Trd, 000052.000, 156
Trd, 000052.517, 160
Trd, 000053.133, 161
Trd, 000053.750, 170
Trd, 000053.933, 145
Trd, 000055.433, 170
Trd, 000056.050, 178
Trd, 000056.283, 161
Trd, 000057.117, 173
Trd, 000057.883, 142
Trd, 000059.333, 149
Trd, 000059.700, 159
Trd, 000060.717, 128
Trd, 000060.900, 130
Trd, 000060.983, 127
Trd, 000061.033, 145
Trd, 000061.417, 139
Trd, 000061.517, 174
Trd, 000062.400, 157
Trd, 000063.167, 154
Trd, 000065.567, 179
Trd, 000065.783, 155
Trd, 000066.000, 125
Trd, 000066.283, 146
Trd, 000066.467, 161
Trd, 000067.983, 161
Trd, 000068.450, 173
Trd, 000069.017, 169
Trd, 000070.967, 143
Trd, 000070.983, 163
Trd, 000071.033, 177
Trd, 000071.133, 179
Trd, 000071.150, 162
Trd, 000071.200, 127
Trd, 000071.350, 131
Trd, 000075.167, 161
Trd, 000075.583, 189
Trd, 000075.600, 188
Trd, 000076.050, 165
Trd, 000076.217, 162
Trd, 000076.317, 114
Trd, 000077.133, 140
Trd, 000079.133, 146
Trd, 000080.583, 162
Trd, 000080.667, 136
Trd, 000080.983, 129
Trd, 000081.267, 152
Trd, 000081.600, 157
Trd, 000083.000, 157
Trd, 000084.100, 155
Trd, 000084.867, 149
Trd, 000085.600, 162
Trd, 000085.917, 153
Trd, 000086.050, 158
Trd, 000086.117, 152
Trd, 000086.733, 172
Trd, 000086.817, 172
Trd, 000087.733, 155
Trd, 000088.617, 170
Trd, 000090.767, 106
Trd, 000090.783, 138
Trd, 000091.200, 167
Trd, 000091.250, 138
Trd, 000091.733, 169
Trd, 000092.433, 152
Trd, 000092.550, 154
Trd, 000093.700, 158
Trd, 000095.767, 133
Trd, 000096.117, 150
Trd, 000096.167, 161
Trd, 000096.233, 126
Trd, 000097.950, 184
Trd, 000098.350, 188
Trd, 000098.717, 162
Trd, 000099.817, 159
Trd, 000100.833, 126
Trd, 000100.983, 141
Trd, 000101.633, 154
Trd, 000101.850, 155
Trd, 000101.967, 154
Trd, 000101.983, 155
Trd, 000103.750, 156
Trd, 000104.333, 150
Trd, 000106.033, 149
Trd, 000106.117, 157
Trd, 000106.233, 169
Trd, 000106.383, 166
Trd, 000106.417, 140
Trd, 000106.917, 162
Trd, 000107.550, 164
Trd, 000108.583, 166
Trd, 000109.200, 157
Trd, 000109.367, 181
Trd, 000111.267, 141
Trd, 000111.667, 163
Trd, 000111.950, 165
Trd, 000112.333, 168
Trd, 000113.350, 172
Trd, 000114.633, 163
Trd, 000116.183, 151
Trd, 000116.350, 173
Trd, 000116.600, 150
Trd, 000117.100, 149
Trd, 000117.633, 139
Trd, 000117.783, 158
Trd, 000117.817, 163
Trd, 000118.717, 151
Trd, 000120.950, 166
Trd, 000121.350, 189
Trd, 000121.667, 176
Trd, 000123.417, 179
Trd, 000125.367, 168
Trd, 000125.417, 164
Trd, 000125.500, 160
Trd, 000125.983, 191
Trd, 000126.333, 163
Trd, 000126.433, 162
Trd, 000126.600, 156
Trd, 000127.133, 172
Trd, 000127.567, 151
Trd, 000129.567, 153
Trd, 000130.350, 152
Trd, 000131.067, 152
Trd, 000131.367, 161
Trd, 000131.550, 150
Trd, 000131.750, 178
Trd, 000131.767, 149
Trd, 000132.083, 152
Trd, 000132.300, 161
Trd, 000132.650, 138
Trd, 000132.867, 153
Trd, 000134.983, 184
Trd, 000135.967, 147
Trd, 000136.000, 152
Trd, 000136.683, 162
Trd, 000136.900, 161
Trd, 000137.700, 187
Trd, 000138.067, 174
Trd, 000138.133, 163
Trd, 000138.217, 157
Trd, 000139.150, 156
Trd, 000139.300, 169
Trd, 000140.850, 199
Trd, 000140.917, 184
Trd, 000141.133, 112
Trd, 000141.167, 159
Trd, 000142.033, 158
Trd, 000142.683, 163
Trd, 000142.700, 162
Trd, 000142.767, 153
Trd, 000144.817, 157
Trd, 000145.150, 158
Trd, 000146.033, 110
Trd, 000146.083, 174
Trd, 000146.483, 143
Trd, 000146.733, 152
Trd, 000146.767, 167
Trd, 000147.333, 133
Trd, 000147.600, 154
Trd, 000148.533, 168
Trd, 000150.400, 153
Trd, 000150.600, 151
Trd, 000151.067, 173
Trd, 000151.567, 159
Trd, 000151.667, 160
Trd, 000151.950, 153
Trd, 000152.083, 149
Trd, 000152.233, 151
Trd, 000152.467, 147
Trd, 000153.083, 161
Trd, 000154.150, 164
Trd, 000156.033, 183
Trd, 000156.350, 171
Trd, 000156.517, 168
Trd, 000156.567, 158
Trd, 000156.933, 148
Trd, 000157.200, 157
Trd, 000157.983, 159
Trd, 000158.617, 164
Trd, 000158.933, 158
Trd, 000161.067, 108
Trd, 000161.083, 136
Trd, 000161.117, 172
Trd, 000162.833, 152
Trd, 000163.450, 153
Trd, 000164.633, 153
Trd, 000164.783, 174
Trd, 000166.017, 113
Trd, 000166.333, 168
Trd, 000166.517, 145
Trd, 000166.800, 167
Trd, 000167.400, 134
Trd, 000168.067, 165
Trd, 000168.367, 167
Trd, 000168.700, 170
Trd, 000169.800, 161
Trd, 000171.233, 181
Trd, 000171.367, 147
Trd, 000171.517, 138
Trd, 000171.967, 152
Trd, 000173.150, 165
Trd, 000174.350, 148
Trd, 000175.083, 159
Trd, 000175.983, 158
Trd, 000176.100, 191
Trd, 000176.217, 190
Trd, 000176.300, 187
Trd, 000176.983, 184
Trd, 000177.217, 169
Trd, 000177.250, 157
Trd, 000179.317, 156
Trd, 000180.750, 161
Trd, 000181.117, 183
Trd, 000181.500, 140
Trd, 000181.767, 162
Trd, 000181.883, 158
Trd, 000181.917, 127
Trd, 000182.400, 146
Trd, 000182.500, 159
Trd, 000182.600, 177
Trd, 000183.933, 162
Trd, 000185.567, 155
Trd, 000186.083, 136
Trd, 000186.117, 182
Trd, 000186.483, 163
Trd, 000186.767, 161
Trd, 000187.850, 166
Trd, 000188.350, 160
Trd, 000189.550, 185
Trd, 000189.950, 184
Trd, 000191.050, 157
Trd, 000191.333, 160
Trd, 000191.800, 150
Trd, 000191.850, 165
Trd, 000191.950, 134
Trd, 000192.983, 161
Trd, 000193.783, 145
Trd, 000194.367, 151
Trd, 000194.733, 158
Trd, 000195.483, 164
Trd, 000195.883, 156
Trd, 000196.283, 169
Trd, 000196.500, 161
Trd, 000197.000, 171
Trd, 000197.167, 160
Trd, 000197.250, 184
Trd, 000197.367, 149
Trd, 000197.433, 141
Trd, 000197.600, 140
Trd, 000199.667, 158
Trd, 000201.267, 141
Trd, 000201.500, 152
Trd, 000201.783, 166
Trd, 000202.083, 160
Trd, 000203.567, 151
Trd, 000203.667, 154
Trd, 000205.833, 164
Trd, 000206.500, 136
Trd, 000206.783, 161
Trd, 000207.150, 196
Trd, 000207.350, 187
Trd, 000207.583, 186
Trd, 000208.033, 174
Trd, 000208.550, 158
Trd, 000209.133, 163
Trd, 000211.617, 148
Trd, 000211.783, 146
Trd, 000211.900, 146
Trd, 000212.433, 136
Trd, 000212.883, 170
Trd, 000213.083, 162
Trd, 000213.233, 161
Trd, 000214.283, 149
Trd, 000214.333, 155
Trd, 000214.367, 157
Trd, 000214.633, 159
Trd, 000216.367, 117
Trd, 000216.683, 155
Trd, 000217.367, 136
Trd, 000217.483, 129
Trd, 000217.933, 161
Trd, 000218.350, 137
Trd, 000220.117, 162
Trd, 000221.300, 175
Trd, 000221.500, 188
Trd, 000221.633, 174
Trd, 000222.183, 180
Trd, 000222.383, 170
Trd, 000222.483, 160
Trd, 000222.600, 160
Trd, 000223.500, 200
Trd, 000224.667, 164
Trd, 000226.200, 150
Trd, 000226.717, 142
Trd, 000227.033, 155
Trd, 000227.167, 157
Trd, 000227.233, 145
Trd, 000227.800, 138
Trd, 000228.417, 144
Trd, 000229.000, 177
Trd, 000229.017, 167
Trd, 000231.250, 173
Trd, 000231.383, 149
Trd, 000231.867, 147
Trd, 000232.250, 161
Trd, 000233.483, 186
Trd, 000233.667, 185
Trd, 000234.583, 144
Trd, 000236.233, 164
Trd, 000236.617, 164
Trd, 000236.850, 169
Trd, 000237.250, 163
Trd, 000237.467, 178
Trd, 000237.567, 162
Trd, 000237.967, 149
Trd, 000238.717, 156
Trd, 000239.633, 147
Trd, 000241.383, 124
Trd, 000241.517, 186
Trd, 000241.983, 179
Trd, 000242.000, 177
Trd, 000242.367, 160
Trd, 000243.133, 148
Trd, 000243.150, 145
Trd, 000245.567, 166
Trd, 000245.667, 153
Trd, 000246.683, 129
Trd, 000246.817, 168
Trd, 000247.033, 151
Trd, 000247.250, 163
Trd, 000248.433, 162
Trd, 000248.833, 174
Trd, 000249.350, 157
Trd, 000250.183, 144
Trd, 000251.250, 162
Trd, 000251.433, 176
Trd, 000251.467, 162
Trd, 000251.617, 166
Trd, 000253.067, 156
Trd, 000253.300, 168
Trd, 000253.367, 152
Trd, 000254.800, 156
Trd, 000256.350, 159
Trd, 000256.583, 164
Trd, 000256.767, 186
Trd, 000256.917, 186
Trd, 000256.967, 162
Trd, 000257.050, 139
Trd, 000257.450, 162
Trd, 000258.067, 171
Trd, 000259.583, 168
Trd, 000260.917, 145
Trd, 000261.067, 168
Trd, 000261.367, 162
Trd, 000261.483, 176
Trd, 000262.100, 159
Trd, 000263.300, 171
Trd, 000263.483, 156
Trd, 000263.617, 145
Trd, 000263.933, 188
Trd, 000264.300, 162
Trd, 000264.800, 142
Trd, 000266.650, 170
Trd, 000266.867, 175
Trd, 000267.133, 163
Trd, 000267.567, 158
Trd, 000268.083, 171
Trd, 000268.100, 168
Trd, 000268.600, 155
Trd, 000269.433, 175
Trd, 000270.917, 188
Trd, 000271.700, 130
Trd, 000271.733, 134
Trd, 000272.050, 146
Trd, 000272.100, 160
Trd, 000272.567, 145
Trd, 000273.250, 169
Trd, 000273.267, 153
Trd, 000274.867, 189
Trd, 000275.417, 186
Trd, 000276.733, 185
Trd, 000277.033, 183
Trd, 000277.533, 176
Trd, 000277.550, 170
Trd, 000277.933, 161
Trd, 000278.350, 142
Trd, 000280.350, 137
Trd, 000280.467, 130
Trd, 000281.467, 147
Trd, 000281.783, 151
Trd, 000281.817, 146
Trd, 000282.033, 140
Trd, 000282.133, 157
Trd, 000282.950, 168
Trd, 000283.067, 162
Trd, 000283.283, 175
Trd, 000283.950, 171
Trd, 000286.800, 185
Trd, 000286.917, 186
Trd, 000286.933, 159
Trd, 000287.133, 169
Trd, 000287.417, 153
Trd, 000287.550, 140
Trd, 000289.550, 165
Trd, 000290.650, 163
Trd, 000291.583, 114
Trd, 000291.767, 127
Trd, 000291.950, 158
Trd, 000291.967, 167
Trd, 000291.983, 142
Trd, 000292.800, 156
Trd, 000292.900, 167
Trd, 000293.883, 155
Trd, 000295.333, 141
Trd, 000296.667, 158
Trd, 000296.833, 155
Trd, 000297.317, 136
Trd, 000297.750, 157
Trd, 000298.150, 136
Trd, 000299.200, 135
Trd, 000299.233, 157
Trd, 000299.750, 154
