Trd, 000005.200, 108
Trd, 000005.333, 145
Trd, 000005.583, 147
Trd, 000005.650, 170
Trd, 000005.783, 138
Trd, 000006.150, 196
Trd, 000006.583, 138
Trd, 000007.117, 179
Trd, 000010.217, 150
Trd, 000011.283, 161
Trd, 000011.633, 157
Trd, 000012.200, 170
Trd, 000012.333, 148
Trd, 000013.100, 150
Trd, 000014.783, 150
Trd, 000015.317, 145
Trd, 000015.433, 171
Trd, 000015.883, 193
Trd, 000017.150, 171
Trd, 000018.300, 154
Trd, 000018.350, 151
Trd, 000018.517, 175
Trd, 000020.483, 191
Trd, 000020.767, 155
Trd, 000021.250, 168
Trd, 000021.433, 162
Trd, 000021.917, 145
Trd, 000023.617, 189
Trd, 000025.267, 141
Trd, 000026.283, 136
Trd, 000026.533, 138
Trd, 000029.383, 162
Trd, 000030.750, 134
Trd, 000030.883, 136
Trd, 000030.983, 156
Trd, 000031.750, 161
Trd, 000032.217, 151
Trd, 000033.517, 159
Trd, 000034.333, 149
Trd, 000034.600, 185
Trd, 000035.367, 139
Trd, 000035.583, 142
Trd, 000035.633, 154
Trd, 000036.433, 142
Trd, 000036.500, 141
Trd, 000036.783, 169
Trd, 000037.717, 145
Trd, 000037.867, 147
Trd, 000039.583, 147
Trd, 000040.467, 145
Trd, 000040.533, 134
Trd, 000041.050, 167
Trd, 000044.367, 143
Trd, 000045.067, 160
Trd, 000045.417, 156
Trd, 000045.667, 166
Trd, 000046.800, 170
Trd, 000046.983, 141
Trd, 000048.317, 158
Trd, 000050.750, 199
Trd, 000051.700, 151
Trd, 000052.200, 152
Trd, 000052.300, 150
Trd, 000053.367, 178
Trd, 000053.500, 156
Trd, 000055.533, 150
Trd, 000055.650, 140
Trd, 000055.850, 139
Trd, 000056.000, 133
Trd, 000056.217, 156
Trd, 000058.017, 186
Trd, 000058.717, 151
Trd, 000060.750, 164
Trd, 000061.000, 141
Trd, 000062.483, 165
Trd, 000062.683, 195
Trd, 000063.000, 161
Trd, 000063.217, 164
Trd, 000063.350, 183
Trd, 000065.233, 162
Trd, 000065.983, 128
Trd, 000066.167, 137
Trd, 000066.417, 124
Trd, 000066.700, 151
Trd, 000069.267, 164
Trd, 000070.333, 158
Trd, 000070.500, 122
Trd, 000070.600, 137
Trd, 000071.850, 166
Trd, 000072.133, 169
Trd, 000072.317, 173
Trd, 000072.967, 144
Trd, 000076.067, 124
Trd, 000076.233, 158
Trd, 000076.583, 156
Trd, 000077.883, 162
Trd, 000078.633, 167
Trd, 000078.817, 153
Trd, 000078.883, 173
Trd, 000080.317, 136
Trd, 000081.117, 162
Trd, 000081.633, 157
Trd, 000082.233, 142
Trd, 000082.483, 148
Trd, 000082.700, 152
Trd, 000083.950, 163
Trd, 000084.917, 147
Trd, 000085.567, 128
Trd, 000085.783, 152
Trd, 000086.000, 150
Trd, 000086.383, 157
Trd, 000087.233, 152
Trd, 000087.717, 163
Trd, 000088.550, 156
Trd, 000090.850, 181
Trd, 000091.033, 162
Trd, 000091.950, 164
Trd, 000092.783, 160
Trd, 000092.967, 159
Trd, 000094.750, 159
Trd, 000096.500, 163
Trd, 000096.550, 145
Trd, 000096.767, 155
Trd, 000096.900, 137
Trd, 000099.250, 156
Trd, 000100.550, 151
Trd, 000101.700, 148
Trd, 000101.783, 143
Trd, 000101.867, 172
Trd, 000102.150, 164
Trd, 000102.950, 153
Trd, 000103.017, 146
Trd, 000105.383, 162
Trd, 000106.083, 131
Trd, 000106.783, 140
Trd, 000107.050, 141
Trd, 000108.533, 169
Trd, 000109.133, 161
Trd, 000110.283, 146
Trd, 000110.317, 138
Trd, 000110.667, 150
Trd, 000111.217, 165
Trd, 000111.967, 176
Trd, 000113.650, 152
Trd, 000114.000, 163
Trd, 000115.700, 171
Trd, 000116.967, 149
Trd, 000117.650, 151
Trd, 000117.917, 148
Trd, 000118.533, 167
Trd, 000118.950, 190
Trd, 000119.967, 166
Trd, 000120.933, 138
Trd, 000123.233, 173
Trd, 000123.750, 169
Trd, 000123.967, 164
Trd, 000124.367, 160
Trd, 000126.267, 158
Trd, 000126.350, 175
Trd, 000126.450, 149
Trd, 000127.267, 176
Trd, 000129.100, 170
Trd, 000130.400, 150
Trd, 000131.100, 132
Trd, 000131.183, 127
Trd, 000131.867, 143
Trd, 000132.750, 156
Trd, 000132.783, 146
Trd, 000133.933, 142
Trd, 000135.167, 165
Trd, 000136.250, 161
Trd, 000136.383, 178
Trd, 000137.150, 145
Trd, 000137.867, 165
Trd, 000138.500, 160
Trd, 000138.600, 151
Trd, 000139.050, 170
Trd, 000139.517, 147
Trd, 000141.033, 144
Trd, 000141.383, 150
Trd, 000141.517, 148
Trd, 000142.367, 149
Trd, 000143.217, 151
Trd, 000145.050, 143
Trd, 000146.333, 168
Trd, 000146.700, 154
Trd, 000147.550, 146
Trd, 000151.233, 184
Trd, 000151.583, 170
Trd, 000151.633, 165
Trd, 000151.850, 149
Trd, 000152.733, 151
Trd, 000153.283, 135
Trd, 000155.000, 166
Trd, 000156.483, 132
Trd, 000156.933, 137
Trd, 000157.467, 147
Trd, 000158.883, 173
Trd, 000159.867, 157
Trd, 000159.983, 164
Trd, 000161.250, 191
Trd, 000161.483, 155
Trd, 000162.800, 171
Trd, 000162.833, 144
Trd, 000163.417, 155
Trd, 000163.567, 139
Trd, 000166.383, 137
Trd, 000166.533, 174
Trd, 000166.800, 162
Trd, 000167.033, 157
Trd, 000167.250, 146
Trd, 000168.983, 140
Trd, 000170.550, 179
Trd, 000170.917, 169
Trd, 000171.150, 132
Trd, 000171.433, 160
Trd, 000171.550, 138
Trd, 000172.033, 184
Trd, 000174.167, 151
Trd, 000175.067, 144
Trd, 000176.550, 181
Trd, 000176.650, 179
Trd, 000176.767, 156
Trd, 000177.217, 162
Trd, 000178.000, 148
Trd, 000180.800, 132
Trd, 000181.550, 152
Trd, 000182.000, 153
Trd, 000182.550, 156
Trd, 000182.767, 170
Trd, 000183.117, 166
Trd, 000183.983, 145
Trd, 000186.100, 139
Trd, 000186.817, 168
Trd, 000187.100, 137
Trd, 000187.517, 152
Trd, 000188.117, 163
Trd, 000188.217, 141
Trd, 000190.233, 149
Trd, 000190.833, 145
Trd, 000191.200, 145
Trd, 000191.517, 164
Trd, 000191.583, 158
Trd, 000194.167, 151
Trd, 000194.383, 163
Trd, 000194.733, 148
Trd, 000196.900, 163
Trd, 000196.967, 161
Trd, 000198.183, 159
Trd, 000198.300, 154
Trd, 000202.000, 161
Trd, 000202.167, 155
Trd, 000203.183, 151
Trd, 000203.917, 166
Trd, 000205.867, 147
Trd, 000206.900, 171
Trd, 000207.000, 155
Trd, 000207.183, 147
Trd, 000208.317, 149
Trd, 000208.983, 168
Trd, 000211.567, 135
Trd, 000212.167, 153
Trd, 000212.667, 153
Trd, 000214.167, 151
Trd, 000214.217, 154
Trd, 000214.483, 162
Trd, 000214.517, 142
Trd, 000215.950, 186
Trd, 000216.683, 153
Trd, 000216.967, 191
Trd, 000217.333, 154
Trd, 000217.800, 153
Trd, 000217.833, 142
Trd, 000217.883, 153
Trd, 000218.017, 139
Trd, 000219.317, 161
Trd, 000221.683, 138
Trd, 000221.817, 130
Trd, 000222.733, 150
Trd, 000223.633, 155
Trd, 000225.533, 169
Trd, 000225.717, 139
Trd, 000227.267, 181
Trd, 000227.383, 162
Trd, 000227.500, 156
Trd, 000228.050, 164
Trd, 000228.517, 151
Trd, 000231.600, 161
Trd, 000231.883, 162
Trd, 000233.067, 150
Trd, 000233.317, 163
Trd, 000234.033, 150
Trd, 000236.650, 146
Trd, 000236.800, 148
Trd, 000237.117, 135
Trd, 000237.300, 132
Trd, 000237.700, 164
Trd, 000238.133, 147
Trd, 000239.033, 183
Trd, 000240.383, 170
Trd, 000241.667, 165
Trd, 000241.950, 151
Trd, 000242.117, 166
Trd, 000242.450, 180
Trd, 000242.633, 154
Trd, 000242.800, 148
Trd, 000246.400, 122
Trd, 000246.533, 158
Trd, 000247.050, 161
Trd, 000247.583, 163
Trd, 000247.667, 149
Trd, 000250.283, 151
Trd, 000251.000, 163
Trd, 000251.650, 122
Trd, 000251.983, 162
Trd, 000252.617, 131
Trd, 000252.817, 169
Trd, 000253.283, 157
Trd, 000253.833, 148
Trd, 000254.583, 146
Trd, 000255.833, 146
Trd, 000256.867, 173
Trd, 000257.167, 147
Trd, 000257.750, 157
Trd, 000258.917, 152
Trd, 000259.933, 169
Trd, 000261.417, 153
Trd, 000261.567, 146
Trd, 000263.350, 175
Trd, 000263.433, 157
Trd, 000265.750, 180
Trd, 000266.133, 147
Trd, 000266.433, 144
Trd, 000267.033, 156
Trd, 000267.417, 156
Trd, 000268.450, 174
Trd, 000270.333, 180
Trd, 000271.667, 158
Trd, 000272.000, 147
Trd, 000272.367, 138
Trd, 000272.633, 161
Trd, 000273.350, 166
Trd, 000274.767, 150
Trd, 000274.867, 144
Trd, 000276.583, 156
Trd, 000278.517, 141
Trd, 000279.467, 186
Trd, 000280.233, 168
Trd, 000281.283, 161
Trd, 000281.517, 153
Trd, 000282.100, 157
Trd, 000282.417, 174
Trd, 000284.650, 152
Trd, 000286.000, 158
Trd, 000286.050, 160
Trd, 000286.183, 146
Trd, 000286.333, 141
Trd, 000286.700, 148
Trd, 000286.967, 143
Trd, 000287.300, 157
Trd, 000287.967, 149
Trd, 000288.133, 154
Trd, 000288.933, 188
Trd, 000290.067, 168
Trd, 000290.100, 155
Trd, 000291.633, 120
Trd, 000292.317, 138
Trd, 000292.350, 132
Trd, 000293.033, 174
Trd, 000293.333, 143
Trd, 000296.017, 152
Trd, 000296.583, 155
Trd, 000297.133, 176
Trd, 000297.267, 141
Trd, 000298.333, 137
Trd, 000299.033, 141
Trd, 000299.933, 158
