Trd, 000005.067, 147
Trd, 000005.467, 166
Trd, 000005.567, 160
Trd, 000005.900, 181
Trd, 000006.000, 156
Trd, 000006.100, 174
Trd, 000006.317, 149
Trd, 000010.433, 169
Trd, 000010.467, 140
Trd, 000010.483, 134
Trd, 000011.083, 172
Trd, 000011.767, 170
Trd, 000013.150, 158
Trd, 000014.467, 154
Trd, 000015.167, 104
Trd, 000015.667, 142
Trd, 000016.717, 168
Trd, 000017.150, 162
Trd, 000018.350, 153
Trd, 000019.233, 175
Trd, 000019.500, 150
Trd, 000019.883, 148
Trd, 000020.400, 136
Trd, 000020.583, 152
Trd, 000020.883, 127
Trd, 000021.250, 146
Trd, 000022.400, 160
Trd, 000022.883, 147
Trd, 000023.333, 132
Trd, 000024.033, 157
Trd, 000025.267, 135
Trd, 000025.833, 149
Trd, 000025.983, 155
Trd, 000026.500, 160
Trd, 000027.083, 161
Trd, 000028.150, 145
Trd, 000029.033, 136
Trd, 000030.750, 152
Trd, 000030.800, 163
Trd, 000030.883, 154
Trd, 000033.167, 162
Trd, 000033.550, 156
Trd, 000033.583, 175
Trd, 000034.383, 185
Trd, 000035.400, 138
Trd, 000036.183, 182
Trd, 000036.583, 175
Trd, 000036.650, 164
Trd, 000038.650, 169
Trd, 000038.667, 165
Trd, 000038.950, 157
Trd, 000040.667, 167
Trd, 000040.767, 160
Trd, 000041.083, 154
Trd, 000041.200, 135
Trd, 000041.700, 177
Trd, 000042.483, 148
Trd, 000043.400, 156
Trd, 000045.717, 145
Trd, 000045.850, 150
Trd, 000045.900, 175
Trd, 000046.833, 163
Trd, 000048.067, 162
Trd, 000049.183, 125
Trd, 000049.217, 124
Trd, 000049.233, 163
Trd, 000049.750, 154
Trd, 000050.417, 154
Trd, 000050.533, 185
Trd, 000050.617, 144
Trd, 000050.933, 169
Trd, 000051.450, 165
Trd, 000051.617, 125
Trd, 000051.950, 129
Trd, 000055.700, 173
Trd, 000056.117, 152
Trd, 000056.450, 175
Trd, 000056.683, 172
Trd, 000057.867, 168
Trd, 000058.383, 146
Trd, 000059.250, 152
Trd, 000060.833, 139
Trd, 000061.017, 150
Trd, 000061.067, 134
Trd, 000061.350, 147
Trd, 000061.467, 159
Trd, 000062.383, 159
Trd, 000062.600, 147
Trd, 000062.917, 190
Trd, 000063.900, 136
Trd, 000065.217, 169
Trd, 000066.700, 176
Trd, 000067.417, 175
Trd, 000067.433, 162
Trd, 000067.667, 163
Trd, 000068.533, 160
Trd, 000070.267, 138
Trd, 000070.667, 141
Trd, 000070.767, 153
Trd, 000071.600, 155
Trd, 000071.633, 146
Trd, 000073.383, 135
Trd, 000074.233, 141
Trd, 000074.917, 165
Trd, 000075.550, 181
Trd, 000076.000, 190
Trd, 000076.517, 143
Trd, 000077.167, 183
Trd, 000077.817, 144
Trd, 000078.683, 142
Trd, 000081.083, 161
Trd, 000081.133, 162
Trd, 000081.150, 169
Trd, 000081.683, 177
Trd, 000081.933, 166
Trd, 000083.517, 169
Trd, 000084.183, 177
Trd, 000085.667, 166
Trd, 000085.917, 167
Trd, 000086.150, 134
Trd, 000086.817, 176
Trd, 000086.933, 177
Trd, 000088.333, 163
Trd, 000088.583, 161
Trd, 000089.067, 145
Trd, 000091.067, 141
Trd, 000091.367, 141
Trd, 000091.783, 159
Trd, 000092.333, 173
Trd, 000092.533, 172
Trd, 000093.217, 129
Trd, 000096.083, 156
Trd, 000096.583, 151
Trd, 000096.683, 154
Trd, 000097.367, 161
Trd, 000098.367, 141
Trd, 000098.433, 166
Trd, 000099.483, 127
Trd, 000099.517, 153
Trd, 000100.667, 137
Trd, 000100.883, 156
Trd, 000101.717, 186
Trd, 000102.483, 176
Trd, 000103.550, 170
Trd, 000103.750, 144
Trd, 000104.067, 145
Trd, 000106.033, 158
Trd, 000106.750, 165
Trd, 000107.667, 164
Trd, 000108.300, 156
Trd, 000110.433, 156
Trd, 000111.517, 167
Trd, 000112.150, 134
Trd, 000112.183, 150
Trd, 000112.933, 177
Trd, 000113.233, 168
Trd, 000113.650, 166
Trd, 000113.917, 162
Trd, 000116.183, 174
Trd, 000117.450, 179
Trd, 000118.250, 172
Trd, 000118.867, 175
Trd, 000119.700, 186
Trd, 000120.083, 178
Trd, 000121.467, 171
Trd, 000121.783, 168
Trd, 000122.433, 178
Trd, 000123.117, 158
Trd, 000123.717, 157
Trd, 000124.767, 181
Trd, 000126.067, 169
Trd, 000126.367, 181
Trd, 000126.633, 154
Trd, 000127.000, 155
Trd, 000127.233, 165
Trd, 000129.617, 176
Trd, 000130.983, 172
Trd, 000131.017, 174
Trd, 000132.050, 184
Trd, 000134.817, 179
Trd, 000136.033, 192
Trd, 000136.567, 175
Trd, 000136.733, 175
Trd, 000136.933, 155
Trd, 000137.717, 153
Trd, 000137.933, 129
Trd, 000138.567, 146
Trd, 000140.650, 137
Trd, 000141.517, 135
Trd, 000142.533, 147
Trd, 000142.917, 144
Trd, 000143.483, 148
Trd, 000145.367, 146
Trd, 000146.017, 156
Trd, 000146.567, 175
Trd, 000146.617, 147
Trd, 000146.883, 185
Trd, 000147.317, 169
Trd, 000147.417, 154
Trd, 000147.800, 165
Trd, 000148.200, 150
Trd, 000149.083, 139
Trd, 000150.817, 132
Trd, 000151.233, 164
Trd, 000151.633, 131
Trd, 000152.483, 131
Trd, 000152.767, 185
Trd, 000152.967, 141
Trd, 000153.400, 144
Trd, 000153.867, 176
Trd, 000154.733, 166
Trd, 000154.750, 150
Trd, 000156.317, 155
Trd, 000156.500, 177
Trd, 000157.067, 178
Trd, 000159.400, 152
Trd, 000159.450, 124
Trd, 000161.117, 175
Trd, 000161.333, 152
Trd, 000162.083, 147
Trd, 000162.583, 149
Trd, 000163.150, 174
Trd, 000163.200, 164
Trd, 000163.817, 145
Trd, 000164.183, 165
Trd, 000166.467, 144
Trd, 000167.117, 170
Trd, 000167.517, 179
Trd, 000168.233, 172
Trd, 000168.600, 150
Trd, 000168.667, 148
Trd, 000169.367, 173
Trd, 000169.883, 149
Trd, 000171.383, 175
Trd, 000171.683, 170
Trd, 000172.333, 150
Trd, 000173.083, 152
Trd, 000173.833, 159
Trd, 000174.083, 156
Trd, 000174.500, 192
Trd, 000176.133, 157
Trd, 000176.450, 167
Trd, 000176.800, 163
Trd, 000176.900, 162
Trd, 000177.733, 157
Trd, 000178.217, 150
Trd, 000178.633, 143
Trd, 000179.267, 163
Trd, 000181.117, 184
Trd, 000181.267, 152
Trd, 000181.933, 170
Trd, 000182.800, 154
Trd, 000183.350, 164
Trd, 000186.583, 152
Trd, 000186.633, 163
Trd, 000186.733, 181
Trd, 000186.817, 141
Trd, 000188.850, 129
Trd, 000191.333, 175
Trd, 000191.350, 176
Trd, 000191.583, 142
Trd, 000192.250, 157
Trd, 000192.383, 146
Trd, 000192.767, 160
Trd, 000194.500, 137
Trd, 000196.350, 167
Trd, 000197.050, 155
Trd, 000199.100, 179
Trd, 000199.133, 174
Trd, 000199.150, 151
Trd, 000200.383, 160
Trd, 000200.750, 183
Trd, 000200.933, 153
Trd, 000201.183, 172
Trd, 000201.533, 191
Trd, 000202.050, 163
Trd, 000202.717, 179
Trd, 000202.800, 155
Trd, 000204.083, 138
Trd, 000204.667, 137
Trd, 000205.017, 151
Trd, 000206.117, 152
Trd, 000206.817, 176
Trd, 000207.083, 191
Trd, 000207.217, 176
Trd, 000207.717, 178
Trd, 000208.283, 162
Trd, 000209.283, 147
Trd, 000211.400, 185
Trd, 000211.517, 147
Trd, 000211.833, 179
Trd, 000212.450, 157
Trd, 000212.600, 142
Trd, 000212.733, 137
Trd, 000214.083, 139
Trd, 000214.950, 192
Trd, 000216.483, 191
Trd, 000216.783, 176
Trd, 000217.400, 175
Trd, 000217.483, 171
Trd, 000217.767, 164
Trd, 000219.417, 142
Trd, 000221.200, 129
Trd, 000222.600, 176
Trd, 000222.617, 178
Trd, 000224.017, 164
Trd, 000224.050, 139
Trd, 000225.533, 158
Trd, 000225.583, 145
Trd, 000226.517, 153
Trd, 000226.550, 162
Trd, 000226.617, 151
Trd, 000226.783, 159
Trd, 000227.350, 156
Trd, 000227.633, 138
Trd, 000230.317, 160
Trd, 000231.217, 144
Trd, 000231.467, 134
Trd, 000231.750, 135
Trd, 000232.283, 121
Trd, 000232.483, 142
Trd, 000234.617, 175
Trd, 000235.300, 141
Trd, 000236.433, 132
Trd, 000236.733, 130
Trd, 000236.800, 140
Trd, 000239.067, 178
Trd, 000239.133, 161
Trd, 000239.217, 179
Trd, 000241.333, 134
Trd, 000241.883, 144
Trd, 000243.467, 165
Trd, 000244.417, 176
Trd, 000244.633, 163
Trd, 000246.350, 141
Trd, 000247.317, 143
Trd, 000247.333, 149
Trd, 000247.900, 145
Trd, 000248.183, 155
Trd, 000248.600, 158
Trd, 000248.683, 184
Trd, 000249.550, 147
Trd, 000249.583, 159
Trd, 000250.550, 135
Trd, 000251.367, 137
Trd, 000251.733, 173
Trd, 000252.017, 165
Trd, 000252.067, 139
Trd, 000252.383, 193
Trd, 000253.533, 159
Trd, 000255.467, 157
Trd, 000256.350, 179
Trd, 000256.733, 171
Trd, 000257.150, 141
Trd, 000258.950, 161
Trd, 000259.817, 172
Trd, 000260.117, 173
Trd, 000261.150, 156
Trd, 000261.467, 148
Trd, 000261.967, 141
Trd, 000262.317, 146
Trd, 000263.250, 172
Trd, 000264.167, 137
Trd, 000264.350, 170
Trd, 000265.217, 170
Trd, 000266.483, 159
Trd, 000266.500, 138
Trd, 000267.283, 175
Trd, 000267.933, 178
Trd, 000268.650, 176
Trd, 000268.867, 174
Trd, 000269.367, 162
Trd, 000271.567, 134
Trd, 000271.767, 179
Trd, 000272.767, 158
Trd, 000273.350, 157
Trd, 000273.600, 182
Trd, 000273.983, 153
Trd, 000274.017, 137
Trd, 000276.600, 121
Trd, 000277.133, 163
Trd, 000277.167, 154
Trd, 000277.600, 147
Trd, 000277.833, 162
Trd, 000277.850, 163
Trd, 000279.883, 153
Trd, 000280.583, 145
Trd, 000280.683, 155
Trd, 000281.117, 182
Trd, 000281.733, 137
Trd, 000281.883, 158
Trd, 000282.317, 134
Trd, 000282.433, 174
Trd, 000283.383, 181
Trd, 000283.400, 149
Trd, 000283.767, 136
Trd, 000284.200, 163
Trd, 000284.950, 162
Trd, 000286.133, 146
Trd, 000286.733, 174
Trd, 000286.867, 133
Trd, 000287.617, 180
Trd, 000287.717, 161
Trd, 000288.517, 156
Trd, 000290.767, 153
Trd, 000291.583, 179
Trd, 000292.117, 147
Trd, 000292.400, 160
Trd, 000293.233, 184
Trd, 000293.367, 160
Trd, 000295.433, 142
Trd, 000296.050, 182
Trd, 000296.917, 166
Trd, 000297.100, 133
Trd, 000297.700, 162
Trd, 000298.917, 158
