Trd, 000005.167, 153
Trd, 000005.367, 172
Trd, 000005.383, 141
Trd, 000005.683, 132
Trd, 000006.167, 169
Trd, 000006.800, 155
Trd, 000006.883, 159
Trd, 000008.817, 148
Trd, 000009.233, 149
Trd, 000009.933, 143
Trd, 000010.150, 190
Trd, 000011.033, 152
Trd, 000011.167, 152
Trd, 000011.850, 189
Trd, 000011.933, 168
Trd, 000012.333, 146
Trd, 000012.883, 151
Trd, 000013.083, 145
Trd, 000015.333, 150
Trd, 000015.683, 185
Trd, 000015.833, 186
Trd, 000015.933, 133
Trd, 000016.283, 136
Trd, 000017.133, 150
Trd, 000017.700, 154
Trd, 000019.033, 150
Trd, 000020.783, 180
Trd, 000020.950, 179
Trd, 000021.350, 158
Trd, 000021.833, 177
Trd, 000022.000, 167
Trd, 000022.933, 146
Trd, 000024.967, 144
Trd, 000026.517, 144
Trd, 000026.533, 140
Trd, 000026.650, 162
Trd, 000026.883, 149
Trd, 000027.717, 150
Trd, 000028.283, 142
Trd, 000028.650, 167
Trd, 000030.467, 136
Trd, 000031.300, 173
Trd, 000031.500, 149
Trd, 000032.067, 176
Trd, 000032.317, 149
Trd, 000033.867, 152
Trd, 000034.867, 151
Trd, 000035.400, 170
Trd, 000035.750, 143
Trd, 000036.300, 180
Trd, 000036.433, 175
Trd, 000037.417, 157
Trd, 000037.533, 164
Trd, 000038.333, 156
Trd, 000039.917, 157
Trd, 000040.600, 176
Trd, 000040.633, 167
Trd, 000040.800, 190
Trd, 000040.900, 181
Trd, 000042.683, 154
Trd, 000046.317, 181
Trd, 000046.333, 181
Trd, 000046.800, 171
Trd, 000046.817, 155
Trd, 000047.000, 152
Trd, 000047.850, 147
Trd, 000048.217, 155
Trd, 000048.317, 157
Trd, 000050.100, 148
Trd, 000050.300, 122
Trd, 000051.533, 177
Trd, 000051.617, 153
Trd, 000052.967, 172
Trd, 000053.133, 143
Trd, 000055.750, 135
Trd, 000055.800, 170
Trd, 000056.000, 159
Trd, 000056.433, 180
Trd, 000056.750, 151
Trd, 000056.850, 144
Trd, 000057.467, 171
Trd, 000060.500, 184
Trd, 000061.433, 152
Trd, 000062.167, 144
Trd, 000062.450, 151
Trd, 000062.767, 163
Trd, 000062.817, 155
Trd, 000063.950, 158
Trd, 000064.033, 144
Trd, 000064.617, 138
Trd, 000065.000, 164
Trd, 000065.667, 149
Trd, 000066.133, 173
Trd, 000066.500, 151
Trd, 000067.133, 174
Trd, 000068.600, 144
Trd, 000070.033, 161
Trd, 000070.617, 162
Trd, 000070.667, 190
Trd, 000071.233, 196
Trd, 000071.367, 156
Trd, 000072.767, 146
Trd, 000074.067, 150
Trd, 000074.950, 172
Trd, 000075.917, 173
Trd, 000076.183, 144
Trd, 000076.483, 167
Trd, 000076.950, 159
Trd, 000077.183, 165
Trd, 000078.383, 140
Trd, 000079.300, 155
Trd, 000080.883, 140
Trd, 000080.900, 144
Trd, 000081.150, 171
Trd, 000081.533, 185
Trd, 000081.900, 160
Trd, 000082.083, 148
Trd, 000083.317, 172
Trd, 000085.917, 169
Trd, 000086.000, 184
Trd, 000086.067, 166
Trd, 000086.650, 154
Trd, 000086.783, 145
Trd, 000088.450, 146
Trd, 000089.817, 144
Trd, 000090.817, 187
Trd, 000091.700, 166
Trd, 000092.050, 188
Trd, 000093.700, 163
Trd, 000093.783, 158
Trd, 000094.867, 150
Trd, 000095.750, 133
Trd, 000095.900, 153
Trd, 000096.250, 143
Trd, 000096.383, 166
Trd, 000096.783, 155
Trd, 000097.933, 171
Trd, 000098.967, 156
Trd, 000099.150, 147
Trd, 000099.317, 187
Trd, 000100.117, 147
Trd, 000100.783, 137
Trd, 000101.383, 173
Trd, 000102.050, 165
Trd, 000102.783, 159
Trd, 000102.850, 161
Trd, 000104.550, 144
Trd, 000104.833, 157
Trd, 000105.283, 140
Trd, 000105.817, 182
Trd, 000106.217, 182
Trd, 000106.400, 162
Trd, 000106.467, 148
Trd, 000108.317, 169
Trd, 000108.583, 160
Trd, 000109.383, 162
Trd, 000110.283, 169
Trd, 000110.983, 171
Trd, 000111.067, 146
Trd, 000111.383, 143
Trd, 000111.667, 141
Trd, 000112.233, 148
Trd, 000112.367, 143
Trd, 000113.067, 169
Trd, 000113.767, 174
Trd, 000116.067, 173
Trd, 000116.450, 163
Trd, 000116.533, 149
Trd, 000117.883, 188
Trd, 000118.783, 171
Trd, 000119.383, 155
Trd, 000120.150, 153
Trd, 000120.217, 165
Trd, 000121.217, 144
Trd, 000121.533, 131
Trd, 000121.717, 144
Trd, 000121.733, 172
Trd, 000122.700, 144
Trd, 000123.917, 150
Trd, 000125.383, 150
Trd, 000125.833, 156
Trd, 000125.933, 163
Trd, 000126.467, 163
Trd, 000126.667, 146
Trd, 000127.167, 190
Trd, 000127.667, 137
Trd, 000128.267, 157
Trd, 000129.233, 148
Trd, 000129.300, 145
Trd, 000129.467, 144
Trd, 000131.200, 165
Trd, 000131.383, 150
Trd, 000131.650, 160
Trd, 000131.917, 154
Trd, 000132.000, 172
Trd, 000132.667, 146
Trd, 000136.083, 148
Trd, 000136.133, 117
Trd, 000136.683, 182
Trd, 000136.783, 159
Trd, 000137.017, 153
Trd, 000139.050, 146
Trd, 000139.350, 144
Trd, 000140.883, 122
Trd, 000142.167, 164
Trd, 000142.300, 150
Trd, 000143.767, 158
Trd, 000144.100, 156
Trd, 000146.200, 134
Trd, 000146.233, 130
Trd, 000146.700, 149
Trd, 000146.933, 152
Trd, 000149.217, 157
Trd, 000150.683, 157
Trd, 000150.933, 189
Trd, 000152.050, 174
Trd, 000152.533, 160
Trd, 000152.917, 161
Trd, 000153.717, 164
Trd, 000154.883, 169
Trd, 000155.317, 154
Trd, 000155.967, 125
Trd, 000156.383, 149
Trd, 000156.417, 164
Trd, 000156.617, 177
Trd, 000157.283, 129
Trd, 000157.317, 139
Trd, 000158.317, 137
Trd, 000158.350, 136
Trd, 000158.717, 144
Trd, 000159.233, 142
Trd, 000159.717, 146
Trd, 000160.317, 155
Trd, 000160.967, 124
Trd, 000161.067, 149
Trd, 000161.267, 161
Trd, 000161.333, 170
Trd, 000162.533, 152
Trd, 000164.933, 148
Trd, 000166.483, 185
Trd, 000166.883, 164
Trd, 000167.050, 161
Trd, 000167.783, 173
Trd, 000168.767, 159
Trd, 000170.383, 159
Trd, 000171.450, 168
Trd, 000171.600, 154
Trd, 000171.833, 148
Trd, 000171.950, 148
Trd, 000172.550, 142
Trd, 000173.767, 159
Trd, 000174.267, 148
Trd, 000175.283, 161
Trd, 000176.100, 129
Trd, 000176.300, 157
Trd, 000176.467, 141
Trd, 000176.633, 131
Trd, 000176.667, 136
Trd, 000178.617, 157
Trd, 000179.483, 184
Trd, 000181.083, 178
Trd, 000181.150, 145
Trd, 000181.250, 141
Trd, 000181.750, 137
Trd, 000182.133, 167
Trd, 000183.617, 153
Trd, 000186.267, 170
Trd, 000186.367, 188
Trd, 000186.400, 160
Trd, 000186.800, 153
Trd, 000188.200, 146
Trd, 000188.850, 145
Trd, 000190.150, 171
Trd, 000190.483, 172
Trd, 000191.133, 163
Trd, 000191.817, 130
Trd, 000192.133, 160
Trd, 000192.367, 168
Trd, 000194.117, 157
Trd, 000195.517, 154
Trd, 000195.800, 149
Trd, 000196.517, 136
Trd, 000196.733, 161
Trd, 000197.100, 165
Trd, 000197.167, 184
Trd, 000198.633, 145
Trd, 000201.217, 155
Trd, 000201.383, 169
Trd, 000201.817, 154
Trd, 000202.183, 150
Trd, 000202.833, 174
Trd, 000203.533, 143
Trd, 000205.450, 143
Trd, 000206.467, 129
Trd, 000206.783, 153
Trd, 000207.150, 143
Trd, 000208.333, 159
Trd, 000209.433, 155
Trd, 000209.950, 176
Trd, 000210.550, 162
Trd, 000210.867, 144
Trd, 000211.633, 154
Trd, 000211.683, 154
Trd, 000212.633, 161
Trd, 000212.950, 161
Trd, 000213.050, 156
Trd, 000213.133, 147
Trd, 000215.383, 144
Trd, 000216.533, 162
Trd, 000217.000, 148
Trd, 000217.133, 165
Trd, 000217.183, 144
Trd, 000217.383, 146
Trd, 000217.450, 143
Trd, 000217.767, 181
Trd, 000218.550, 150
Trd, 000221.600, 145
Trd, 000221.983, 143
Trd, 000222.233, 140
Trd, 000222.283, 158
Trd, 000222.617, 190
Trd, 000223.417, 170
Trd, 000225.000, 155
Trd, 000225.767, 152
Trd, 000226.750, 143
Trd, 000226.817, 145
Trd, 000227.783, 139
Trd, 000228.617, 156
Trd, 000229.000, 152
Trd, 000229.333, 149
Trd, 000229.550, 166
Trd, 000229.833, 143
Trd, 000230.383, 150
Trd, 000231.017, 173
Trd, 000231.367, 181
Trd, 000231.650, 144
Trd, 000232.167, 173
Trd, 000232.717, 160
Trd, 000232.933, 151
Trd, 000233.683, 149
Trd, 000234.717, 165
Trd, 000234.767, 173
Trd, 000236.267, 141
Trd, 000236.750, 170
Trd, 000237.683, 179
Trd, 000238.317, 176
Trd, 000238.850, 189
Trd, 000239.400, 156
Trd, 000241.367, 157
Trd, 000241.433, 142
Trd, 000241.683, 173
Trd, 000242.217, 149
Trd, 000242.933, 163
Trd, 000244.783, 146
Trd, 000245.467, 166
Trd, 000246.717, 131
Trd, 000247.050, 134
Trd, 000247.567, 144
Trd, 000247.900, 163
Trd, 000248.367, 138
Trd, 000249.467, 147
Trd, 000250.900, 183
Trd, 000251.300, 151
Trd, 000251.417, 181
Trd, 000251.800, 142
Trd, 000252.200, 166
Trd, 000252.283, 173
Trd, 000253.233, 152
Trd, 000255.167, 150
Trd, 000256.317, 129
Trd, 000256.917, 144
Trd, 000257.050, 145
Trd, 000257.233, 167
Trd, 000258.117, 171
Trd, 000258.183, 185
Trd, 000258.517, 161
Trd, 000258.783, 161
Trd, 000259.533, 148
Trd, 000261.433, 120
Trd, 000261.933, 181
Trd, 000261.967, 158
Trd, 000262.100, 161
Trd, 000262.983, 149
Trd, 000263.167, 142
Trd, 000264.083, 162
Trd, 000266.617, 143
Trd, 000267.033, 143
Trd, 000267.400, 144
Trd, 000267.817, 157
Trd, 000268.083, 127
Trd, 000268.350, 135
Trd, 000268.883, 136
Trd, 000269.917, 141
Trd, 000270.250, 146
Trd, 000271.817, 158
Trd, 000272.250, 172
Trd, 000273.150, 160
Trd, 000273.167, 156
Trd, 000274.333, 160
Trd, 000274.850, 158
Trd, 000275.700, 148
Trd, 000275.933, 160
Trd, 000276.517, 135
Trd, 000276.833, 152
Trd, 000277.400, 157
Trd, 000277.550, 148
Trd, 000277.983, 158
Trd, 000278.767, 144
Trd, 000280.067, 158
Trd, 000280.350, 140
Trd, 000281.467, 156
Trd, 000281.600, 106
Trd, 000282.233, 157
Trd, 000282.933, 125
Trd, 000283.050, 142
Trd, 000284.217, 189
Trd, 000284.517, 148
Trd, 000285.500, 167
Trd, 000287.117, 149
Trd, 000287.283, 142
Trd, 000287.500, 158
Trd, 000288.683, 190
Trd, 000288.850, 186
Trd, 000288.900, 174
Trd, 000289.283, 189
Trd, 000290.667, 163
Trd, 000290.833, 168
Trd, 000291.283, 163
Trd, 000291.533, 159
Trd, 000291.717, 172
Trd, 000292.217, 191
Trd, 000292.433, 175
Trd, 000293.767, 144
Trd, 000294.983, 143
Trd, 000296.067, 147
Trd, 000296.817, 168
Trd, 000296.933, 157
Trd, 000297.317, 181
Trd, 000297.883, 151
Trd, 000297.917, 150
Trd, 000298.283, 143
Trd, 000299.567, 142
