Trd, 000005.633, 139
Trd, 000005.883, 155
Trd, 000006.350, 131
Trd, 000006.633, 137
Trd, 000007.533, 152
Trd, 000007.583, 153
Trd, 000007.900, 144
Trd, 000008.750, 145
Trd, 000011.017, 179
Trd, 000011.417, 169
Trd, 000012.417, 168
Trd, 000012.733, 175
Trd, 000012.950, 167
Trd, 000013.233, 155
Trd, 000015.217, 173
Trd, 000015.483, 171
Trd, 000015.533, 164
Trd, 000015.550, 159
Trd, 000015.983, 178
Trd, 000017.850, 155
Trd, 000019.283, 184
Trd, 000020.200, 179
Trd, 000020.533, 162
Trd, 000020.900, 140
Trd, 000021.967, 149
Trd, 000022.150, 146
Trd, 000023.967, 150
Trd, 000024.933, 134
Trd, 000025.333, 129
Trd, 000025.600, 119
Trd, 000025.967, 156
Trd, 000026.350, 187
Trd, 000027.067, 168
Trd, 000030.083, 149
Trd, 000030.817, 146
Trd, 000031.000, 129
Trd, 000032.933, 149
Trd, 000035.450, 188
Trd, 000036.367, 173
Trd, 000036.433, 173
Trd, 000037.433, 169
Trd, 000038.183, 174
Trd, 000038.667, 165
Trd, 000039.350, 155
Trd, 000040.517, 122
Trd, 000040.717, 125
Trd, 000041.967, 177
Trd, 000043.050, 166
Trd, 000045.800, 172
Trd, 000045.883, 167
Trd, 000046.033, 158
Trd, 000046.067, 155
Trd, 000048.000, 173
Trd, 000048.100, 147
Trd, 000048.567, 139
Trd, 000050.383, 184
Trd, 000050.583, 180
Trd, 000051.067, 158
Trd, 000052.367, 171
Trd, 000053.317, 157
Trd, 000053.767, 149
Trd, 000054.833, 134
Trd, 000055.967, 177
Trd, 000056.700, 167
Trd, 000056.950, 171
Trd, 000057.083, 166
Trd, 000058.283, 155
Trd, 000059.200, 155
Trd, 000060.567, 173
Trd, 000060.750, 108
Trd, 000061.700, 141
Trd, 000062.367, 145
Trd, 000062.417, 135
Trd, 000065.817, 144
Trd, 000066.467, 150
Trd, 000067.033, 159
Trd, 000067.050, 147
Trd, 000068.033, 166
Trd, 000070.500, 167
Trd, 000070.967, 118
Trd, 000071.417, 163
Trd, 000071.667, 171
Trd, 000071.717, 157
Trd, 000073.150, 147
Trd, 000074.850, 156
Trd, 000075.250, 161
Trd, 000076.017, 129
Trd, 000076.600, 180
Trd, 000077.617, 177
Trd, 000078.250, 164
Trd, 000080.250, 163
Trd, 000081.783, 167
Trd, 000082.017, 159
Trd, 000082.467, 168
Trd, 000083.333, 162
Trd, 000083.400, 169
Trd, 000083.617, 148
Trd, 000084.167, 154
Trd, 000086.100, 129
Trd, 000086.583, 151
Trd, 000086.733, 166
Trd, 000088.050, 148
Trd, 000088.817, 125
Trd, 000089.533, 164
Trd, 000091.433, 160
Trd, 000091.533, 172
Trd, 000091.550, 151
Trd, 000091.783, 156
Trd, 000093.033, 152
Trd, 000093.183, 137
Trd, 000093.467, 168
Trd, 000095.750, 165
Trd, 000095.950, 127
Trd, 000096.200, 159
Trd, 000096.583, 146
Trd, 000096.650, 175
Trd, 000097.233, 143
Trd, 000097.300, 157
Trd, 000100.850, 145
Trd, 000100.983, 166
Trd, 000101.067, 177
Trd, 000101.283, 186
Trd, 000102.133, 146
Trd, 000102.550, 164
Trd, 000103.683, 138
Trd, 000103.850, 148
Trd, 000105.933, 147
Trd, 000106.050, 184
Trd, 000106.450, 173
Trd, 000107.617, 144
Trd, 000109.233, 160
Trd, 000109.683, 139
Trd, 000110.300, 163
Trd, 000110.983, 141
Trd, 000111.667, 130
Trd, 000111.800, 168
Trd, 000111.817, 138
Trd, 000112.483, 164
Trd, 000112.867, 133
Trd, 000116.483, 174
Trd, 000116.533, 165
Trd, 000117.033, 155
Trd, 000119.917, 162
Trd, 000120.683, 164
Trd, 000121.117, 147
Trd, 000121.450, 168
Trd, 000121.467, 125
Trd, 000122.050, 169
Trd, 000122.633, 141
Trd, 000122.800, 160
Trd, 000123.417, 178
Trd, 000126.817, 141
Trd, 000127.267, 147
Trd, 000127.583, 161
Trd, 000129.283, 178
Trd, 000129.350, 185
Trd, 000129.500, 170
Trd, 000129.767, 147
Trd, 000130.983, 158
Trd, 000131.317, 151
Trd, 000133.050, 158
Trd, 000133.117, 161
Trd, 000133.267, 165
Trd, 000134.283, 157
Trd, 000136.017, 167
Trd, 000136.067, 158
Trd, 000136.350, 160
Trd, 000136.533, 166
Trd, 000137.000, 180
Trd, 000138.117, 177
Trd, 000141.283, 143
Trd, 000141.583, 180
Trd, 000142.033, 167
Trd, 000142.100, 161
Trd, 000142.283, 149
Trd, 000142.383, 147
Trd, 000142.983, 181
Trd, 000144.367, 174
Trd, 000146.200, 149
Trd, 000146.300, 149
Trd, 000146.567, 151
Trd, 000146.600, 172
Trd, 000147.267, 138
Trd, 000148.350, 138
Trd, 000149.583, 155
Trd, 000150.650, 142
Trd, 000150.900, 115
Trd, 000151.117, 136
Trd, 000151.283, 150
Trd, 000151.433, 141
Trd, 000153.233, 159
Trd, 000153.450, 158
Trd, 000155.700, 163
Trd, 000156.467, 165
Trd, 000156.733, 176
Trd, 000157.083, 142
Trd, 000161.250, 164
Trd, 000161.467, 157
Trd, 000161.750, 172
Trd, 000162.767, 165
Trd, 000163.500, 166
Trd, 000163.917, 161
Trd, 000166.167, 148
Trd, 000166.717, 137
Trd, 000166.783, 164
Trd, 000167.367, 135
Trd, 000168.050, 165
Trd, 000169.900, 170
Trd, 000170.400, 154
Trd, 000171.417, 156
Trd, 000172.400, 152
Trd, 000172.850, 162
Trd, 000173.450, 171
Trd, 000173.650, 162
Trd, 000174.233, 147
Trd, 000176.983, 171
Trd, 000177.733, 182
Trd, 000178.417, 173
Trd, 000180.383, 172
Trd, 000181.767, 180
Trd, 000182.400, 179
Trd, 000183.233, 163
Trd, 000183.467, 154
Trd, 000183.633, 147
Trd, 000183.817, 160
Trd, 000185.433, 148
Trd, 000186.233, 153
Trd, 000186.417, 154
Trd, 000186.467, 172
Trd, 000187.633, 143
Trd, 000187.783, 146
Trd, 000190.150, 183
Trd, 000191.667, 172
Trd, 000191.750, 170
Trd, 000192.333, 147
Trd, 000192.850, 147
Trd, 000194.200, 170
Trd, 000195.250, 139
Trd, 000196.083, 153
Trd, 000196.550, 180
Trd, 000197.700, 164
Trd, 000197.950, 158
Trd, 000200.150, 151
Trd, 000200.967, 174
Trd, 000201.467, 163
Trd, 000202.517, 171
Trd, 000203.000, 176
Trd, 000203.917, 155
Trd, 000204.383, 172
Trd, 000204.517, 147
Trd, 000205.183, 172
Trd, 000205.617, 151
Trd, 000206.167, 159
Trd, 000206.983, 169
Trd, 000207.467, 151
Trd, 000208.017, 147
Trd, 000209.617, 181
Trd, 000211.283, 175
Trd, 000211.700, 145
Trd, 000212.117, 143
Trd, 000213.300, 157
Trd, 000214.883, 156
Trd, 000216.483, 162
Trd, 000216.567, 177
Trd, 000217.900, 143
Trd, 000217.983, 170
Trd, 000218.283, 143
Trd, 000218.983, 137
Trd, 000219.917, 138
Trd, 000220.967, 153
Trd, 000221.533, 156
Trd, 000221.917, 178
Trd, 000222.167, 156
Trd, 000222.867, 163
Trd, 000222.983, 147
Trd, 000223.150, 147
Trd, 000223.483, 133
Trd, 000226.567, 171
Trd, 000226.683, 165
Trd, 000227.550, 160
Trd, 000228.267, 158
Trd, 000228.567, 156
Trd, 000228.950, 177
Trd, 000231.650, 132
Trd, 000233.233, 168
Trd, 000233.600, 168
Trd, 000234.583, 147
Trd, 000235.433, 160
Trd, 000236.717, 184
Trd, 000237.983, 170
Trd, 000238.483, 156
Trd, 000238.617, 155
Trd, 000239.783, 176
Trd, 000240.167, 164
Trd, 000241.600, 162
Trd, 000241.883, 165
Trd, 000243.600, 177
Trd, 000243.750, 164
Trd, 000244.000, 181
Trd, 000247.350, 158
Trd, 000248.050, 156
Trd, 000248.617, 159
Trd, 000249.867, 143
Trd, 000250.367, 143
Trd, 000250.483, 185
Trd, 000251.350, 163
Trd, 000251.467, 186
Trd, 000251.600, 162
Trd, 000253.517, 182
Trd, 000254.283, 161
Trd, 000255.467, 149
Trd, 000256.650, 121
Trd, 000257.483, 151
Trd, 000257.817, 166
Trd, 000259.550, 171
Trd, 000259.767, 155
Trd, 000260.433, 147
Trd, 000261.567, 177
Trd, 000262.000, 170
Trd, 000263.033, 179
Trd, 000263.283, 176
Trd, 000264.033, 147
Trd, 000264.617, 151
Trd, 000265.650, 144
Trd, 000265.750, 143
Trd, 000266.400, 167
Trd, 000266.600, 172
Trd, 000266.950, 163
Trd, 000267.317, 174
Trd, 000268.017, 175
Trd, 000271.533, 159
Trd, 000272.300, 185
Trd, 000272.617, 156
Trd, 000272.850, 169
Trd, 000273.600, 164
Trd, 000275.117, 177
Trd, 000276.667, 176
Trd, 000276.867, 156
Trd, 000276.983, 157
Trd, 000277.367, 135
Trd, 000277.483, 154
Trd, 000277.700, 113
Trd, 000278.133, 158
Trd, 000279.567, 163
Trd, 000280.500, 147
Trd, 000282.100, 165
Trd, 000283.783, 176
Trd, 000284.100, 171
Trd, 000284.183, 173
Trd, 000285.000, 174
Trd, 000287.150, 181
Trd, 000287.517, 182
Trd, 000287.717, 155
Trd, 000288.300, 165
Trd, 000289.650, 147
Trd, 000291.750, 165
Trd, 000292.017, 156
Trd, 000292.500, 171
Trd, 000293.500, 164
Trd, 000293.633, 164
Trd, 000294.867, 154
Trd, 000295.017, 147
Trd, 000295.400, 171
Trd, 000296.567, 155
Trd, 000297.317, 156
Trd, 000298.250, 170
Trd, 000298.917, 181
Trd, 000299.083, 170
Trd, 000299.867, 147
