Trd, 000005.317, 129
Trd, 000005.500, 166
Trd, 000006.233, 146
Trd, 000006.600, 167
Trd, 000006.783, 166
Trd, 000007.583, 167
Trd, 000008.383, 163
Trd, 000010.200, 166
Trd, 000010.550, 161
Trd, 000010.567, 162
Trd, 000010.700, 127
Trd, 000011.900, 171
Trd, 000012.050, 166
Trd, 000012.600, 174
Trd, 000014.067, 174
Trd, 000015.000, 168
Trd, 000015.183, 156
Trd, 000015.300, 125
Trd, 000016.500, 189
Trd, 000016.750, 168
Trd, 000019.517, 176
Trd, 000020.667, 173
Trd, 000021.633, 175
Trd, 000021.933, 177
Trd, 000022.017, 159
Trd, 000022.483, 167
Trd, 000023.117, 155
Trd, 000023.867, 150
Trd, 000025.200, 160
Trd, 000026.250, 182
Trd, 000026.367, 174
Trd, 000026.883, 185
Trd, 000027.283, 168
Trd, 000030.417, 167
Trd, 000030.933, 171
Trd, 000031.250, 177
Trd, 000031.367, 162
Trd, 000031.800, 161
Trd, 000032.767, 160
Trd, 000034.283, 171
Trd, 000035.483, 169
Trd, 000036.417, 166
Trd, 000037.050, 173
Trd, 000037.250, 161
Trd, 000037.850, 157
Trd, 000040.267, 138
Trd, 000040.983, 168
Trd, 000042.933, 178
Trd, 000043.200, 168
Trd, 000044.117, 167
Trd, 000045.633, 169
Trd, 000045.933, 180
Trd, 000046.167, 156
Trd, 000047.250, 164
Trd, 000047.617, 175
Trd, 000050.367, 174
Trd, 000050.733, 165
Trd, 000051.683, 179
Trd, 000054.500, 153
Trd, 000054.617, 159
Trd, 000055.250, 149
Trd, 000056.117, 155
Trd, 000056.467, 164
Trd, 000056.867, 163
Trd, 000057.583, 167
Trd, 000057.683, 159
Trd, 000058.700, 161
Trd, 000058.783, 134
Trd, 000059.467, 159
Trd, 000060.267, 124
Trd, 000060.467, 169
Trd, 000061.233, 168
Trd, 000061.367, 173
Trd, 000061.950, 169
Trd, 000062.667, 175
Trd, 000062.983, 160
Trd, 000064.600, 170
Trd, 000065.883, 156
Trd, 000065.967, 158
Trd, 000066.517, 167
Trd, 000067.800, 143
Trd, 000069.333, 172
Trd, 000069.500, 169
Trd, 000069.683, 168
Trd, 000070.833, 175
Trd, 000070.917, 172
Trd, 000071.667, 140
Trd, 000071.900, 172
Trd, 000072.183, 173
Trd, 000072.400, 166
Trd, 000074.667, 189
Trd, 000075.617, 168
Trd, 000075.800, 149
Trd, 000076.250, 121
Trd, 000078.367, 158
Trd, 000078.417, 165
Trd, 000080.783, 146
Trd, 000081.350, 187
Trd, 000081.433, 169
Trd, 000081.867, 165
Trd, 000082.200, 162
Trd, 000082.717, 160
Trd, 000083.217, 161
Trd, 000083.250, 159
Trd, 000085.933, 159
Trd, 000085.950, 159
Trd, 000086.333, 155
Trd, 000087.717, 173
Trd, 000088.150, 184
Trd, 000089.933, 174
Trd, 000090.933, 180
Trd, 000091.433, 183
Trd, 000092.250, 182
Trd, 000092.833, 171
Trd, 000096.367, 186
Trd, 000097.067, 168
Trd, 000097.617, 163
Trd, 000097.933, 173
Trd, 000099.200, 171
Trd, 000099.433, 161
Trd, 000101.250, 180
Trd, 000101.617, 174
Trd, 000102.850, 193
Trd, 000102.883, 184
Trd, 000104.800, 170
Trd, 000104.967, 167
Trd, 000105.333, 163
Trd, 000106.667, 173
Trd, 000106.767, 179
Trd, 000107.067, 173
Trd, 000107.417, 168
Trd, 000108.600, 163
Trd, 000110.483, 150
Trd, 000111.033, 185
Trd, 000111.350, 171
Trd, 000111.517, 168
Trd, 000111.733, 166
Trd, 000112.100, 142
Trd, 000112.517, 145
Trd, 000113.567, 141
Trd, 000114.417, 170
Trd, 000116.317, 137
Trd, 000116.333, 130
Trd, 000117.100, 153
Trd, 000117.483, 153
Trd, 000117.817, 162
Trd, 000119.917, 175
Trd, 000121.400, 171
Trd, 000121.417, 168
Trd, 000121.667, 173
Trd, 000122.867, 181
Trd, 000123.000, 172
Trd, 000123.317, 168
Trd, 000126.467, 172
Trd, 000127.000, 170
Trd, 000127.800, 170
Trd, 000128.583, 179
Trd, 000130.967, 151
Trd, 000131.633, 192
Trd, 000131.800, 159
Trd, 000132.100, 155
Trd, 000132.517, 155
Trd, 000133.833, 173
Trd, 000136.667, 168
Trd, 000136.783, 161
Trd, 000137.333, 163
Trd, 000137.383, 181
Trd, 000138.367, 156
Trd, 000138.583, 150
Trd, 000138.833, 166
Trd, 000140.267, 190
Trd, 000141.533, 176
Trd, 000141.950, 168
Trd, 000142.117, 174
Trd, 000142.183, 182
Trd, 000142.967, 159
Trd, 000143.867, 161
Trd, 000144.783, 157
Trd, 000145.700, 162
Trd, 000146.200, 188
Trd, 000146.217, 168
Trd, 000146.700, 185
Trd, 000147.133, 190
Trd, 000147.700, 175
Trd, 000147.783, 163
Trd, 000148.267, 158
Trd, 000149.067, 158
Trd, 000151.400, 169
Trd, 000151.550, 162
Trd, 000152.250, 176
Trd, 000153.467, 168
Trd, 000155.400, 166
Trd, 000156.117, 172
Trd, 000157.117, 173
Trd, 000157.783, 168
Trd, 000159.250, 184
Trd, 000159.500, 173
Trd, 000161.017, 186
Trd, 000161.283, 169
Trd, 000161.550, 167
Trd, 000161.800, 140
Trd, 000162.083, 181
Trd, 000163.350, 172
Trd, 000163.367, 162
Trd, 000164.083, 175
Trd, 000166.917, 172
Trd, 000167.483, 177
Trd, 000168.483, 172
Trd, 000168.733, 167
Trd, 000169.533, 167
Trd, 000171.417, 159
Trd, 000171.867, 181
Trd, 000172.117, 162
Trd, 000172.683, 185
Trd, 000174.467, 160
Trd, 000176.817, 165
Trd, 000176.900, 173
Trd, 000177.017, 161
Trd, 000178.400, 189
Trd, 000178.933, 160
Trd, 000179.717, 164
Trd, 000181.200, 147
Trd, 000181.850, 169
Trd, 000182.833, 168
Trd, 000183.867, 163
Trd, 000186.283, 160
Trd, 000186.383, 165
Trd, 000186.800, 175
Trd, 000187.483, 150
Trd, 000188.450, 158
Trd, 000189.300, 175
Trd, 000190.450, 157
Trd, 000190.583, 148
Trd, 000191.517, 168
Trd, 000191.983, 156
Trd, 000192.367, 172
Trd, 000193.250, 184
Trd, 000195.883, 153
Trd, 000196.367, 133
Trd, 000196.583, 156
Trd, 000197.100, 176
Trd, 000197.650, 166
Trd, 000197.933, 159
Trd, 000198.600, 159
Trd, 000199.217, 175
Trd, 000201.400, 172
Trd, 000201.783, 165
Trd, 000202.017, 157
Trd, 000202.183, 168
Trd, 000202.683, 156
Trd, 000203.100, 144
Trd, 000205.133, 163
Trd, 000206.367, 157
Trd, 000206.533, 175
Trd, 000206.650, 125
Trd, 000207.633, 172
Trd, 000207.983, 176
Trd, 000211.400, 173
Trd, 000211.450, 168
Trd, 000211.517, 161
Trd, 000212.350, 181
Trd, 000212.750, 132
Trd, 000213.433, 189
Trd, 000216.150, 159
Trd, 000216.367, 156
Trd, 000217.667, 192
Trd, 000217.983, 182
Trd, 000220.167, 175
Trd, 000220.283, 168
Trd, 000221.233, 156
Trd, 000221.500, 120
Trd, 000227.000, 151
Trd, 000227.517, 165
Trd, 000229.083, 176
Trd, 000229.817, 170
Trd, 000230.133, 184
Trd, 000230.950, 176
Trd, 000231.117, 173
Trd, 000231.483, 163
Trd, 000232.083, 173
Trd, 000232.533, 175
Trd, 000233.100, 165
Trd, 000233.917, 157
Trd, 000234.217, 154
Trd, 000236.483, 180
Trd, 000236.500, 175
Trd, 000237.000, 170
Trd, 000238.617, 183
Trd, 000239.467, 167
Trd, 000242.050, 179
Trd, 000242.533, 175
Trd, 000242.917, 166
Trd, 000243.367, 163
Trd, 000243.417, 160
Trd, 000246.983, 175
Trd, 000247.400, 170
Trd, 000247.700, 168
Trd, 000248.100, 169
Trd, 000251.133, 155
Trd, 000251.467, 131
Trd, 000251.567, 156
Trd, 000251.800, 166
Trd, 000252.800, 157
Trd, 000254.817, 161
Trd, 000256.633, 167
Trd, 000256.650, 148
Trd, 000257.800, 155
Trd, 000257.917, 165
Trd, 000260.017, 160
Trd, 000261.583, 189
Trd, 000261.867, 182
Trd, 000262.083, 175
Trd, 000263.450, 165
Trd, 000264.317, 169
Trd, 000264.483, 149
Trd, 000265.200, 169
Trd, 000266.367, 174
Trd, 000266.900, 157
Trd, 000267.900, 166
Trd, 000268.433, 191
Trd, 000269.450, 185
Trd, 000269.883, 165
Trd, 000271.433, 154
Trd, 000271.850, 154
Trd, 000272.433, 159
Trd, 000273.267, 183
Trd, 000273.417, 165
Trd, 000274.150, 159
Trd, 000275.767, 157
Trd, 000277.117, 160
Trd, 000277.350, 167
Trd, 000278.933, 184
Trd, 000279.967, 172
Trd, 000280.350, 167
Trd, 000280.700, 168
Trd, 000280.767, 186
Trd, 000281.367, 163
Trd, 000281.833, 135
Trd, 000282.067, 143
Trd, 000282.133, 172
Trd, 000282.833, 173
Trd, 000283.050, 158
Trd, 000284.567, 164
Trd, 000286.550, 174
Trd, 000286.833, 137
Trd, 000287.150, 161
Trd, 000288.650, 168
Trd, 000291.967, 133
Trd, 000292.117, 159
Trd, 000292.767, 163
Trd, 000293.033, 168
Trd, 000294.700, 164
Trd, 000297.383, 179
Trd, 000297.483, 167
Trd, 000298.533, 160
Trd, 000299.717, 139
