Trd, 000005.450, 150
Trd, 000005.717, 147
Trd, 000005.967, 148
Trd, 000006.033, 151
Trd, 000006.317, 132
Trd, 000006.550, 128
Trd, 000007.033, 135
Trd, 000007.167, 134
Trd, 000008.183, 166
Trd, 000010.167, 129
Trd, 000010.267, 135
Trd, 000010.567, 150
Trd, 000011.017, 132
Trd, 000011.917, 161
Trd, 000012.133, 166
Trd, 000012.917, 156
Trd, 000014.433, 170
Trd, 000014.883, 158
Trd, 000015.117, 138
Trd, 000015.400, 160
Trd, 000015.567, 162
Trd, 000015.617, 169
Trd, 000015.633, 169
Trd, 000015.933, 141
Trd, 000016.117, 150
Trd, 000016.450, 161
Trd, 000019.250, 134
Trd, 000019.717, 168
Trd, 000020.217, 172
Trd, 000020.283, 143
Trd, 000021.333, 174
Trd, 000021.533, 153
Trd, 000021.667, 157
Trd, 000022.267, 151
Trd, 000022.433, 142
Trd, 000022.733, 183
Trd, 000024.200, 153
Trd, 000025.183, 113
Trd, 000025.467, 181
Trd, 000025.550, 142
Trd, 000025.833, 144
Trd, 000026.050, 148
Trd, 000028.667, 175
Trd, 000029.117, 165
Trd, 000029.133, 184
Trd, 000029.233, 150
Trd, 000030.467, 139
Trd, 000030.700, 154
Trd, 000030.900, 154
Trd, 000031.033, 149
Trd, 000031.183, 147
Trd, 000032.283, 156
Trd, 000033.083, 166
Trd, 000033.850, 163
Trd, 000035.567, 167
Trd, 000035.733, 155
Trd, 000035.967, 162
Trd, 000036.433, 146
Trd, 000036.683, 154
Trd, 000037.117, 178
Trd, 000037.850, 140
Trd, 000039.867, 178
Trd, 000040.650, 162
Trd, 000040.933, 134
Trd, 000042.200, 142
Trd, 000042.617, 148
Trd, 000042.683, 153
Trd, 000043.067, 144
Trd, 000043.400, 135
Trd, 000043.417, 149
Trd, 000043.583, 158
Trd, 000045.817, 166
Trd, 000046.633, 171
Trd, 000047.383, 169
Trd, 000047.850, 164
Trd, 000050.317, 137
Trd, 000050.700, 181
Trd, 000051.833, 182
Trd, 000052.000, 174
Trd, 000052.033, 165
Trd, 000055.167, 180
Trd, 000055.567, 152
Trd, 000055.917, 151
Trd, 000055.950, 139
Trd, 000056.000, 150
Trd, 000057.233, 158
Trd, 000057.400, 151
Trd, 000058.117, 148
Trd, 000058.733, 146
Trd, 000060.267, 158
Trd, 000060.550, 162
Trd, 000060.833, 139
Trd, 000061.133, 173
Trd, 000061.483, 160
Trd, 000062.267, 161
Trd, 000062.317, 148
Trd, 000063.933, 166
Trd, 000064.300, 182
Trd, 000065.283, 158
Trd, 000065.933, 166
Trd, 000066.300, 161
Trd, 000066.317, 150
Trd, 000066.833, 159
Trd, 000067.317, 162
Trd, 000067.617, 151
Trd, 000070.583, 155
Trd, 000072.000, 153
Trd, 000072.283, 157
Trd, 000072.550, 146
Trd, 000073.050, 154
Trd, 000073.683, 160
Trd, 000074.267, 166
Trd, 000074.383, 158
Trd, 000074.433, 151
Trd, 000075.817, 127
Trd, 000075.983, 138
Trd, 000076.450, 141
Trd, 000077.017, 160
Trd, 000078.150, 158
Trd, 000078.183, 141
Trd, 000079.867, 150
Trd, 000080.633, 164
Trd, 000080.867, 133
Trd, 000081.167, 176
Trd, 000082.500, 142
Trd, 000082.767, 160
Trd, 000084.283, 187
Trd, 000085.150, 151
Trd, 000086.017, 138
Trd, 000086.633, 137
Trd, 000087.617, 158
Trd, 000087.850, 150
Trd, 000088.067, 141
Trd, 000088.483, 152
Trd, 000088.667, 137
Trd, 000089.550, 158
Trd, 000089.733, 150
Trd, 000090.650, 150
Trd, 000091.033, 169
Trd, 000091.300, 172
Trd, 000091.433, 172
Trd, 000091.767, 165
Trd, 000092.467, 173
Trd, 000093.100, 161
Trd, 000094.283, 148
Trd, 000094.500, 147
Trd, 000095.867, 156
Trd, 000096.133, 161
Trd, 000097.267, 166
Trd, 000097.317, 166
Trd, 000098.517, 156
Trd, 000099.917, 149
Trd, 000099.933, 166
Trd, 000100.350, 159
Trd, 000100.917, 113
Trd, 000101.317, 141
Trd, 000101.433, 138
Trd, 000101.817, 149
Trd, 000102.017, 149
Trd, 000102.350, 148
Trd, 000103.833, 160
Trd, 000105.367, 159
Trd, 000106.150, 150
Trd, 000106.350, 152
Trd, 000107.100, 152
Trd, 000107.500, 157
Trd, 000108.183, 145
Trd, 000108.717, 154
Trd, 000109.250, 167
Trd, 000110.133, 146
Trd, 000110.283, 150
Trd, 000110.950, 157
Trd, 000111.650, 154
Trd, 000111.833, 166
Trd, 000111.950, 168
Trd, 000112.467, 179
Trd, 000112.867, 136
Trd, 000113.233, 137
Trd, 000113.633, 174
Trd, 000114.800, 151
Trd, 000116.050, 135
Trd, 000116.917, 156
Trd, 000117.567, 161
Trd, 000118.817, 164
Trd, 000119.650, 148
Trd, 000119.833, 166
Trd, 000120.500, 171
Trd, 000121.283, 157
Trd, 000121.533, 151
Trd, 000121.667, 158
Trd, 000121.733, 176
Trd, 000122.717, 146
Trd, 000122.833, 160
Trd, 000123.867, 149
Trd, 000124.017, 166
Trd, 000126.000, 144
Trd, 000126.300, 131
Trd, 000126.600, 144
Trd, 000127.150, 141
Trd, 000128.250, 151
Trd, 000128.300, 149
Trd, 000128.600, 161
Trd, 000131.133, 135
Trd, 000131.200, 171
Trd, 000131.233, 158
Trd, 000131.583, 161
Trd, 000132.017, 153
Trd, 000132.683, 148
Trd, 000133.517, 182
Trd, 000133.917, 158
Trd, 000134.500, 165
Trd, 000135.933, 143
Trd, 000136.517, 151
Trd, 000137.300, 184
Trd, 000137.800, 167
Trd, 000138.233, 151
Trd, 000138.300, 145
Trd, 000138.767, 159
Trd, 000139.483, 182
Trd, 000140.033, 168
Trd, 000140.383, 148
Trd, 000140.950, 134
Trd, 000141.783, 169
Trd, 000141.833, 166
Trd, 000142.000, 154
Trd, 000142.100, 142
Trd, 000143.600, 165
Trd, 000144.283, 167
Trd, 000144.350, 133
Trd, 000144.683, 177
Trd, 000145.367, 143
Trd, 000145.417, 151
Trd, 000146.300, 115
Trd, 000146.333, 134
Trd, 000146.850, 150
Trd, 000147.000, 166
Trd, 000148.267, 148
Trd, 000149.083, 180
Trd, 000150.333, 173
Trd, 000150.567, 171
Trd, 000151.333, 142
Trd, 000152.200, 128
Trd, 000152.250, 154
Trd, 000152.550, 145
Trd, 000153.483, 162
Trd, 000153.600, 160
Trd, 000153.883, 151
Trd, 000154.233, 164
Trd, 000156.000, 139
Trd, 000156.183, 152
Trd, 000156.517, 141
Trd, 000156.667, 145
Trd, 000157.400, 165
Trd, 000157.850, 149
Trd, 000158.267, 135
Trd, 000158.700, 146
Trd, 000161.100, 151
Trd, 000161.133, 145
Trd, 000161.350, 137
Trd, 000161.367, 148
Trd, 000164.617, 184
Trd, 000166.533, 142
Trd, 000166.950, 154
Trd, 000167.100, 149
Trd, 000167.183, 143
Trd, 000167.900, 178
Trd, 000167.950, 157
Trd, 000168.250, 157
Trd, 000170.833, 150
Trd, 000171.033, 138
Trd, 000171.433, 154
Trd, 000171.483, 172
Trd, 000171.717, 153
Trd, 000172.583, 151
Trd, 000173.300, 150
Trd, 000174.550, 171
Trd, 000175.183, 171
Trd, 000175.433, 148
Trd, 000175.917, 142
Trd, 000176.133, 149
Trd, 000176.550, 146
Trd, 000177.000, 169
Trd, 000177.150, 170
Trd, 000178.217, 164
Trd, 000178.517, 153
Trd, 000178.900, 151
Trd, 000181.317, 153
Trd, 000181.483, 162
Trd, 000182.133, 164
Trd, 000182.267, 151
Trd, 000183.167, 192
Trd, 000183.217, 157
Trd, 000184.133, 162
Trd, 000185.467, 156
Trd, 000186.433, 185
Trd, 000186.517, 183
Trd, 000187.383, 168
Trd, 000187.967, 165
Trd, 000189.200, 151
Trd, 000189.667, 139
Trd, 000191.467, 132
Trd, 000191.583, 148
Trd, 000192.117, 170
Trd, 000192.250, 151
Trd, 000192.550, 135
Trd, 000192.933, 166
Trd, 000193.600, 162
Trd, 000194.917, 140
Trd, 000196.250, 179
Trd, 000196.867, 150
Trd, 000197.067, 158
Trd, 000197.083, 140
Trd, 000198.533, 146
Trd, 000198.733, 142
Trd, 000199.750, 142
Trd, 000201.300, 138
Trd, 000201.367, 153
Trd, 000201.617, 148
Trd, 000201.850, 161
Trd, 000202.317, 143
Trd, 000203.750, 147
Trd, 000204.067, 166
Trd, 000205.250, 163
Trd, 000205.550, 129
Trd, 000206.550, 136
Trd, 000207.083, 152
Trd, 000207.350, 151
Trd, 000207.567, 162
Trd, 000207.617, 148
Trd, 000208.150, 160
Trd, 000208.650, 157
Trd, 000209.733, 148
Trd, 000211.150, 122
Trd, 000211.167, 155
Trd, 000211.333, 179
Trd, 000211.717, 162
Trd, 000212.033, 151
Trd, 000212.050, 160
Trd, 000214.467, 142
Trd, 000215.967, 166
Trd, 000216.150, 173
Trd, 000216.333, 157
Trd, 000216.717, 134
Trd, 000217.000, 156
Trd, 000217.500, 152
Trd, 000218.600, 146
Trd, 000219.550, 157
Trd, 000219.917, 141
Trd, 000220.500, 162
Trd, 000220.667, 166
Trd, 000221.167, 173
Trd, 000221.467, 149
Trd, 000221.950, 130
Trd, 000223.150, 157
Trd, 000223.267, 145
Trd, 000223.783, 145
Trd, 000225.383, 141
Trd, 000225.600, 166
Trd, 000226.383, 157
Trd, 000226.650, 151
Trd, 000226.767, 165
Trd, 000227.000, 168
Trd, 000228.033, 151
Trd, 000228.800, 170
Trd, 000229.500, 156
Trd, 000231.400, 150
Trd, 000231.433, 152
Trd, 000231.650, 180
Trd, 000231.800, 166
Trd, 000232.000, 161
Trd, 000232.667, 168
Trd, 000232.750, 144
Trd, 000234.133, 160
Trd, 000234.500, 148
Trd, 000235.400, 146
Trd, 000236.267, 145
Trd, 000236.783, 155
Trd, 000237.083, 159
Trd, 000237.100, 154
Trd, 000238.183, 150
Trd, 000239.317, 162
Trd, 000241.067, 165
Trd, 000241.917, 135
Trd, 000241.933, 146
Trd, 000242.350, 153
Trd, 000242.600, 148
Trd, 000243.783, 161
Trd, 000246.167, 175
Trd, 000246.817, 143
Trd, 000246.983, 154
Trd, 000247.667, 146
Trd, 000247.900, 146
Trd, 000248.250, 166
Trd, 000249.617, 159
Trd, 000249.967, 165
Trd, 000250.267, 155
Trd, 000251.550, 182
Trd, 000251.800, 179
Trd, 000252.150, 171
Trd, 000253.317, 151
Trd, 000253.383, 152
Trd, 000254.133, 162
Trd, 000255.517, 166
Trd, 000255.733, 164
Trd, 000255.783, 154
Trd, 000256.667, 145
Trd, 000257.233, 167
Trd, 000257.317, 162
Trd, 000257.600, 167
Trd, 000257.683, 154
Trd, 000258.900, 155
Trd, 000259.067, 152
Trd, 000259.667, 155
Trd, 000260.233, 151
Trd, 000261.200, 155
Trd, 000261.367, 132
Trd, 000261.717, 163
Trd, 000262.467, 151
Trd, 000262.800, 171
Trd, 000263.917, 146
Trd, 000264.000, 156
Trd, 000265.533, 153
Trd, 000265.983, 145
Trd, 000266.417, 181
Trd, 000266.617, 181
Trd, 000266.683, 167
Trd, 000266.950, 175
Trd, 000267.333, 167
Trd, 000267.933, 137
Trd, 000268.800, 135
Trd, 000269.400, 139
Trd, 000270.617, 146
Trd, 000271.750, 141
Trd, 000272.367, 128
Trd, 000272.783, 149
Trd, 000272.900, 151
Trd, 000272.933, 166
Trd, 000276.667, 134
Trd, 000276.783, 137
Trd, 000277.133, 151
Trd, 000277.483, 154
Trd, 000277.800, 163
Trd, 000278.583, 170
Trd, 000278.817, 161
Trd, 000280.333, 170
Trd, 000281.617, 174
Trd, 000282.217, 157
Trd, 000282.583, 172
Trd, 000283.517, 153
Trd, 000283.617, 151
Trd, 000284.433, 171
Trd, 000286.350, 164
Trd, 000286.767, 143
Trd, 000287.183, 138
Trd, 000287.600, 143
Trd, 000287.683, 133
Trd, 000287.867, 144
Trd, 000288.017, 154
Trd, 000288.717, 158
Trd, 000289.650, 169
Trd, 000290.350, 152
Trd, 000292.300, 159
Trd, 000293.133, 159
Trd, 000293.233, 166
Trd, 000293.700, 170
Trd, 000295.050, 158
Trd, 000295.317, 173
Trd, 000295.983, 161
Trd, 000296.933, 144
Trd, 000297.217, 162
Trd, 000297.833, 172
Trd, 000298.450, 163
Trd, 000299.783, 151
Trd, 000299.850, 154
