Trd, 000005.200, 171
Trd, 000005.350, 163
Trd, 000005.383, 167
Trd, 000005.567, 138
Trd, 000005.850, 131
Trd, 000005.983, 160
Trd, 000006.200, 171
Trd, 000006.600, 152
Trd, 000007.550, 144
Trd, 000007.833, 175
Trd, 000009.250, 136
Trd, 000009.517, 155
Trd, 000011.133, 144
Trd, 000011.517, 173
Trd, 000012.200, 141
Trd, 000013.133, 150
Trd, 000013.883, 153
Trd, 000015.567, 139
Trd, 000015.900, 151
Trd, 000017.433, 158
Trd, 000018.517, 141
Trd, 000020.400, 156
Trd, 000020.783, 139
Trd, 000021.633, 145
Trd, 000022.983, 143
Trd, 000023.083, 167
Trd, 000023.800, 137
Trd, 000026.117, 165
Trd, 000027.133, 164
Trd, 000027.483, 171
Trd, 000027.767, 158
Trd, 000029.267, 164
Trd, 000029.517, 157
Trd, 000029.717, 153
Trd, 000030.850, 148
Trd, 000032.317, 169
Trd, 000032.367, 153
Trd, 000033.467, 158
Trd, 000033.550, 173
Trd, 000034.533, 182
Trd, 000035.933, 162
Trd, 000036.533, 164
Trd, 000036.550, 159
Trd, 000036.800, 168
Trd, 000037.383, 165
Trd, 000038.100, 158
Trd, 000039.800, 141
Trd, 000040.700, 158
Trd, 000041.200, 152
Trd, 000041.317, 151
Trd, 000041.417, 183
Trd, 000042.650, 152
Trd, 000043.533, 157
Trd, 000045.883, 141
Trd, 000046.000, 167
Trd, 000047.050, 146
Trd, 000047.700, 135
Trd, 000049.417, 152
Trd, 000050.383, 135
Trd, 000050.933, 165
Trd, 000052.100, 162
Trd, 000053.450, 164
Trd, 000053.533, 161
Trd, 000053.967, 149
Trd, 000054.283, 149
Trd, 000055.767, 156
Trd, 000058.550, 165
Trd, 000059.033, 159
Trd, 000059.400, 156
Trd, 000061.017, 165
Trd, 000061.717, 156
Trd, 000061.800, 170
Trd, 000062.050, 165
Trd, 000064.050, 168
Trd, 000064.883, 161
Trd, 000065.933, 146
Trd, 000066.117, 140
Trd, 000066.333, 167
Trd, 000067.383, 168
Trd, 000067.800, 153
Trd, 000070.850, 156
Trd, 000072.450, 160
Trd, 000072.917, 155
Trd, 000074.433, 154
Trd, 000075.867, 165
Trd, 000076.667, 150
Trd, 000076.717, 150
Trd, 000077.867, 155
Trd, 000079.833, 154
Trd, 000080.917, 196
Trd, 000081.083, 160
Trd, 000082.350, 151
Trd, 000083.000, 155
Trd, 000084.900, 153
Trd, 000086.717, 163
Trd, 000086.817, 178
Trd, 000087.433, 163
Trd, 000087.750, 155
Trd, 000088.283, 162
Trd, 000089.967, 151
Trd, 000090.533, 149
Trd, 000090.867, 148
Trd, 000091.067, 145
Trd, 000091.333, 159
Trd, 000091.850, 145
Trd, 000094.700, 139
Trd, 000095.767, 154
Trd, 000095.900, 183
Trd, 000096.850, 164
Trd, 000096.967, 161
Trd, 000097.983, 158
Trd, 000099.017, 147
Trd, 000099.317, 154
Trd, 000099.467, 141
Trd, 000100.550, 150
Trd, 000100.650, 130
Trd, 000101.333, 137
Trd, 000101.367, 136
Trd, 000103.067, 165
Trd, 000103.317, 171
Trd, 000103.733, 158
Trd, 000105.533, 140
Trd, 000106.983, 162
Trd, 000107.850, 165
Trd, 000108.333, 145
Trd, 000110.917, 142
Trd, 000111.217, 158
Trd, 000111.233, 162
Trd, 000111.750, 150
Trd, 000112.833, 161
Trd, 000112.950, 145
Trd, 000113.850, 146
Trd, 000116.167, 164
Trd, 000116.650, 176
Trd, 000116.917, 151
Trd, 000118.067, 145
Trd, 000119.050, 150
Trd, 000120.650, 161
Trd, 000120.700, 147
Trd, 000120.950, 159
Trd, 000121.200, 172
Trd, 000122.067, 151
Trd, 000122.150, 153
Trd, 000122.467, 150
Trd, 000123.083, 143
Trd, 000123.700, 157
Trd, 000123.900, 158
Trd, 000124.350, 153
Trd, 000126.267, 162
Trd, 000128.017, 152
Trd, 000130.000, 155
Trd, 000130.383, 159
Trd, 000131.400, 157
Trd, 000132.133, 173
Trd, 000133.367, 163
Trd, 000133.617, 177
Trd, 000134.267, 172
Trd, 000134.450, 173
Trd, 000137.017, 169
Trd, 000137.833, 166
Trd, 000138.350, 168
Trd, 000138.817, 130
Trd, 000139.250, 138
Trd, 000140.383, 152
Trd, 000141.233, 167
Trd, 000141.283, 165
Trd, 000142.300, 163
Trd, 000142.450, 160
Trd, 000143.067, 171
Trd, 000144.367, 150
Trd, 000145.950, 189
Trd, 000146.133, 130
Trd, 000147.850, 142
Trd, 000148.283, 140
Trd, 000149.300, 174
Trd, 000150.000, 139
Trd, 000151.783, 164
Trd, 000154.083, 150
Trd, 000154.950, 145
Trd, 000156.783, 149
Trd, 000156.917, 153
Trd, 000157.267, 152
Trd, 000158.000, 175
Trd, 000162.133, 165
Trd, 000163.450, 169
Trd, 000164.450, 162
Trd, 000164.483, 181
Trd, 000165.067, 161
Trd, 000165.100, 160
Trd, 000166.517, 151
Trd, 000166.833, 145
Trd, 000167.500, 143
Trd, 000167.933, 145
Trd, 000169.733, 167
Trd, 000169.783, 147
Trd, 000171.567, 145
Trd, 000171.717, 168
Trd, 000172.500, 157
Trd, 000172.600, 150
Trd, 000175.383, 157
Trd, 000175.833, 138
Trd, 000176.383, 132
Trd, 000176.483, 136
Trd, 000176.617, 142
Trd, 000176.733, 179
Trd, 000176.750, 158
Trd, 000180.350, 156
Trd, 000180.883, 144
Trd, 000181.167, 174
Trd, 000181.667, 169
Trd, 000182.367, 169
Trd, 000182.967, 181
Trd, 000183.367, 155
Trd, 000184.183, 166
Trd, 000184.433, 155
Trd, 000186.900, 154
Trd, 000188.383, 163
Trd, 000189.300, 152
Trd, 000189.433, 148
Trd, 000189.550, 140
Trd, 000192.283, 145
Trd, 000192.667, 143
Trd, 000192.750, 162
Trd, 000193.167, 171
Trd, 000194.167, 170
Trd, 000194.517, 185
Trd, 000194.833, 161
Trd, 000196.333, 174
Trd, 000196.650, 174
Trd, 000197.000, 171
Trd, 000197.400, 170
Trd, 000197.717, 173
Trd, 000197.967, 144
Trd, 000199.417, 141
Trd, 000200.300, 156
Trd, 000203.150, 163
Trd, 000203.267, 161
Trd, 000203.833, 176
Trd, 000203.950, 176
Trd, 000205.117, 177
Trd, 000205.750, 154
Trd, 000206.250, 155
Trd, 000206.617, 164
Trd, 000206.850, 159
Trd, 000208.550, 138
Trd, 000211.333, 155
Trd, 000212.150, 157
Trd, 000212.300, 162
Trd, 000213.517, 153
Trd, 000213.683, 175
Trd, 000214.917, 162
Trd, 000215.933, 152
Trd, 000216.583, 133
Trd, 000216.817, 148
Trd, 000217.300, 139
Trd, 000217.617, 144
Trd, 000217.683, 136
Trd, 000218.967, 174
Trd, 000219.233, 166
Trd, 000219.433, 161
Trd, 000220.050, 167
Trd, 000221.750, 145
Trd, 000221.967, 149
Trd, 000222.717, 138
Trd, 000223.200, 127
Trd, 000223.367, 138
Trd, 000224.200, 153
Trd, 000225.400, 170
Trd, 000226.583, 162
Trd, 000227.400, 170
Trd, 000227.517, 159
Trd, 000227.617, 156
Trd, 000227.767, 170
Trd, 000227.883, 148
Trd, 000227.967, 148
Trd, 000231.117, 168
Trd, 000231.567, 176
Trd, 000231.817, 167
Trd, 000233.167, 158
Trd, 000233.200, 161
Trd, 000233.267, 163
Trd, 000233.333, 166
Trd, 000233.883, 146
Trd, 000236.833, 168
Trd, 000238.383, 165
Trd, 000240.033, 156
Trd, 000240.200, 166
Trd, 000242.217, 160
Trd, 000242.850, 156
Trd, 000242.950, 139
Trd, 000243.350, 157
Trd, 000244.450, 167
Trd, 000246.783, 145
Trd, 000247.917, 159
Trd, 000249.717, 154
Trd, 000249.883, 151
Trd, 000250.567, 138
Trd, 000250.867, 163
Trd, 000251.517, 147
Trd, 000252.017, 161
Trd, 000252.117, 163
Trd, 000252.500, 144
Trd, 000253.917, 135
Trd, 000254.783, 156
Trd, 000254.967, 164
Trd, 000255.150, 170
Trd, 000256.283, 149
Trd, 000257.750, 164
Trd, 000257.800, 162
Trd, 000258.200, 162
Trd, 000258.533, 172
Trd, 000261.817, 168
Trd, 000262.783, 138
Trd, 000263.533, 147
Trd, 000264.333, 136
Trd, 000268.083, 163
Trd, 000268.317, 168
Trd, 000268.650, 137
Trd, 000269.333, 151
Trd, 000269.783, 133
Trd, 000272.467, 160
Trd, 000272.500, 169
Trd, 000272.683, 169
Trd, 000272.700, 149
Trd, 000273.517, 174
Trd, 000274.367, 142
Trd, 000276.400, 127
Trd, 000276.867, 147
Trd, 000277.283, 148
Trd, 000277.517, 154
Trd, 000278.517, 150
Trd, 000278.617, 133
Trd, 000279.400, 173
Trd, 000279.417, 158
Trd, 000279.817, 164
Trd, 000281.700, 178
Trd, 000281.783, 185
Trd, 000282.050, 167
Trd, 000284.100, 170
Trd, 000284.433, 161
Trd, 000286.733, 167
Trd, 000288.033, 163
Trd, 000288.050, 160
Trd, 000288.467, 164
Trd, 000291.867, 170
Trd, 000293.200, 153
Trd, 000293.983, 151
Trd, 000295.617, 137
Trd, 000296.100, 135
Trd, 000296.817, 168
Trd, 000297.033, 157
