Trd, 000005.200, 151
Trd, 000005.267, 131
Trd, 000005.500, 177
Trd, 000006.617, 163
Trd, 000006.683, 175
Trd, 000006.783, 162
Trd, 000006.983, 159
Trd, 000007.167, 147
Trd, 000007.417, 145
Trd, 000010.333, 148
Trd, 000011.767, 177
Trd, 000012.067, 181
Trd, 000012.633, 179
Trd, 000013.133, 161
Trd, 000013.800, 154
Trd, 000015.133, 124
Trd, 000015.767, 154
Trd, 000015.850, 164
Trd, 000016.200, 173
Trd, 000016.283, 179
Trd, 000017.517, 168
Trd, 000018.333, 157
Trd, 000020.317, 167
Trd, 000020.633, 153
Trd, 000021.283, 148
Trd, 000022.367, 157
Trd, 000023.583, 173
Trd, 000025.250, 159
Trd, 000025.333, 174
Trd, 000025.400, 198
Trd, 000026.083, 155
Trd, 000026.750, 166
Trd, 000027.467, 151
Trd, 000031.383, 180
Trd, 000031.867, 176
Trd, 000032.133, 162
Trd, 000032.317, 159
Trd, 000032.367, 155
Trd, 000033.083, 153
Trd, 000034.433, 148
Trd, 000035.483, 138
Trd, 000035.833, 164
Trd, 000036.017, 157
Trd, 000040.133, 156
Trd, 000040.683, 171
Trd, 000040.733, 163
Trd, 000041.150, 160
Trd, 000041.317, 160
Trd, 000041.400, 155
Trd, 000045.567, 129
Trd, 000045.817, 140
Trd, 000046.667, 160
Trd, 000047.600, 154
Trd, 000047.617, 153
Trd, 000048.133, 159
Trd, 000048.583, 152
Trd, 000050.550, 158
Trd, 000051.000, 171
Trd, 000051.033, 153
Trd, 000051.400, 150
Trd, 000051.833, 161
Trd, 000052.317, 149
Trd, 000053.650, 160
Trd, 000055.633, 189
Trd, 000056.267, 168
Trd, 000056.617, 152
Trd, 000057.517, 153
Trd, 000059.317, 160
Trd, 000060.050, 162
Trd, 000060.717, 123
Trd, 000060.800, 144
Trd, 000061.300, 170
Trd, 000061.767, 158
Trd, 000063.833, 156
Trd, 000065.083, 156
Trd, 000065.483, 120
Trd, 000066.400, 190
Trd, 000066.450, 172
Trd, 000066.600, 171
Trd, 000068.833, 162
Trd, 000069.967, 156
Trd, 000070.450, 143
Trd, 000071.433, 170
Trd, 000072.150, 168
Trd, 000072.417, 165
Trd, 000073.383, 156
Trd, 000073.950, 158
Trd, 000074.350, 149
Trd, 000075.017, 166
Trd, 000076.067, 154
Trd, 000076.967, 175
Trd, 000077.317, 166
Trd, 000078.317, 174
Trd, 000081.517, 165
Trd, 000081.933, 157
Trd, 000082.200, 156
Trd, 000082.350, 155
Trd, 000084.650, 161
Trd, 000085.000, 160
Trd, 000085.100, 163
Trd, 000086.283, 166
Trd, 000086.867, 163
Trd, 000087.283, 158
Trd, 000087.450, 157
Trd, 000088.150, 144
Trd, 000088.783, 139
Trd, 000089.083, 133
Trd, 000091.100, 171
Trd, 000091.683, 158
Trd, 000092.900, 153
Trd, 000094.250, 164
Trd, 000095.867, 158
Trd, 000096.250, 134
Trd, 000096.617, 140
Trd, 000097.950, 168
Trd, 000098.633, 149
Trd, 000101.550, 162
Trd, 000102.367, 165
Trd, 000103.217, 175
Trd, 000104.500, 162
Trd, 000104.900, 153
Trd, 000105.617, 147
Trd, 000105.867, 158
Trd, 000106.633, 178
Trd, 000106.783, 166
Trd, 000108.700, 156
Trd, 000110.217, 162
Trd, 000110.550, 160
Trd, 000110.650, 175
Trd, 000110.750, 163
Trd, 000111.083, 141
Trd, 000111.700, 154
Trd, 000112.183, 175
Trd, 000112.883, 160
Trd, 000112.983, 163
Trd, 000116.483, 154
Trd, 000116.700, 153
Trd, 000117.600, 158
Trd, 000118.033, 167
Trd, 000118.083, 149
Trd, 000119.233, 155
Trd, 000120.517, 143
Trd, 000121.383, 150
Trd, 000122.750, 158
Trd, 000123.067, 157
Trd, 000123.333, 155
Trd, 000123.850, 159
Trd, 000124.350, 147
Trd, 000124.517, 152
Trd, 000126.617, 158
Trd, 000126.950, 156
Trd, 000127.700, 178
Trd, 000128.150, 183
Trd, 000129.100, 167
Trd, 000129.583, 157
Trd, 000129.883, 154
Trd, 000131.133, 159
Trd, 000131.167, 132
Trd, 000131.833, 161
Trd, 000133.650, 154
Trd, 000135.933, 164
Trd, 000136.467, 156
Trd, 000136.600, 152
Trd, 000137.017, 148
Trd, 000137.733, 163
Trd, 000140.883, 146
Trd, 000140.933, 143
Trd, 000141.117, 121
Trd, 000141.467, 131
Trd, 000141.633, 172
Trd, 000142.517, 149
Trd, 000143.333, 136
Trd, 000144.717, 179
Trd, 000146.417, 158
Trd, 000146.800, 152
Trd, 000148.450, 172
Trd, 000149.350, 159
Trd, 000149.667, 159
Trd, 000150.467, 168
Trd, 000151.667, 159
Trd, 000152.117, 155
Trd, 000152.417, 155
Trd, 000152.583, 167
Trd, 000156.250, 143
Trd, 000156.333, 143
Trd, 000156.767, 167
Trd, 000157.383, 166
Trd, 000157.467, 163
Trd, 000157.550, 154
Trd, 000157.567, 161
Trd, 000158.350, 177
Trd, 000158.733, 160
Trd, 000161.433, 155
Trd, 000161.800, 139
Trd, 000161.983, 142
Trd, 000162.850, 142
Trd, 000166.683, 152
Trd, 000166.983, 149
Trd, 000167.683, 158
Trd, 000169.033, 187
Trd, 000170.200, 156
Trd, 000170.383, 147
Trd, 000171.633, 171
Trd, 000172.050, 164
Trd, 000172.450, 157
Trd, 000173.250, 174
Trd, 000174.150, 157
Trd, 000178.400, 166
Trd, 000178.617, 164
Trd, 000179.150, 163
Trd, 000180.667, 155
Trd, 000181.267, 151
Trd, 000183.117, 168
Trd, 000183.367, 165
Trd, 000184.133, 155
Trd, 000185.083, 151
Trd, 000186.333, 127
Trd, 000186.500, 136
Trd, 000187.900, 140
Trd, 000187.917, 144
Trd, 000189.100, 165
Trd, 000189.767, 162
Trd, 000191.933, 178
Trd, 000192.383, 166
Trd, 000192.750, 163
Trd, 000193.033, 159
Trd, 000194.233, 165
Trd, 000194.700, 153
Trd, 000196.000, 162
Trd, 000196.717, 157
Trd, 000197.300, 165
Trd, 000198.600, 158
Trd, 000198.783, 155
Trd, 000199.100, 157
Trd, 000199.900, 151
Trd, 000201.583, 154
Trd, 000202.350, 165
Trd, 000202.967, 177
Trd, 000203.617, 174
Trd, 000206.550, 121
Trd, 000206.967, 160
Trd, 000207.367, 159
Trd, 000208.500, 158
Trd, 000211.633, 160
Trd, 000212.583, 167
Trd, 000212.683, 166
Trd, 000214.433, 173
Trd, 000215.150, 158
Trd, 000216.233, 157
Trd, 000216.467, 158
Trd, 000216.600, 146
Trd, 000217.067, 141
Trd, 000217.383, 138
Trd, 000221.133, 127
Trd, 000222.817, 171
Trd, 000223.050, 173
Trd, 000223.333, 168
Trd, 000226.883, 174
Trd, 000227.000, 184
Trd, 000227.033, 160
Trd, 000227.250, 144
Trd, 000228.333, 159
Trd, 000229.533, 156
Trd, 000231.367, 135
Trd, 000232.117, 151
Trd, 000233.350, 164
Trd, 000234.033, 172
Trd, 000235.250, 169
Trd, 000236.633, 121
Trd, 000237.400, 152
Trd, 000239.100, 168
Trd, 000241.500, 172
Trd, 000241.900, 160
Trd, 000242.233, 163
Trd, 000243.650, 152
Trd, 000244.417, 177
Trd, 000245.183, 158
Trd, 000246.733, 144
Trd, 000246.983, 161
Trd, 000247.417, 163
Trd, 000248.033, 162
Trd, 000248.283, 167
Trd, 000248.950, 159
Trd, 000249.267, 155
Trd, 000249.467, 155
Trd, 000249.767, 155
Trd, 000250.050, 158
Trd, 000250.167, 153
Trd, 000251.917, 154
Trd, 000251.950, 153
Trd, 000252.100, 151
Trd, 000252.683, 175
Trd, 000252.933, 151
Trd, 000254.283, 159
Trd, 000254.517, 153
Trd, 000255.717, 179
Trd, 000256.333, 153
Trd, 000256.500, 162
Trd, 000257.917, 167
Trd, 000258.250, 162
Trd, 000258.667, 150
Trd, 000259.233, 142
Trd, 000259.350, 156
Trd, 000260.183, 146
Trd, 000261.950, 144
Trd, 000262.617, 169
Trd, 000262.733, 153
Trd, 000262.933, 149
Trd, 000264.367, 170
Trd, 000265.817, 157
Trd, 000266.500, 143
Trd, 000266.617, 144
Trd, 000267.033, 158
Trd, 000270.183, 156
Trd, 000270.433, 155
Trd, 000271.367, 124
Trd, 000271.583, 121
Trd, 000272.017, 150
Trd, 000273.117, 168
Trd, 000275.050, 158
Trd, 000275.183, 172
Trd, 000275.967, 158
Trd, 000276.067, 166
Trd, 000276.433, 198
Trd, 000277.483, 158
Trd, 000277.583, 156
Trd, 000280.700, 175
Trd, 000281.783, 140
Trd, 000282.717, 149
Trd, 000285.633, 154
Trd, 000285.733, 161
Trd, 000286.533, 155
Trd, 000286.617, 136
Trd, 000287.267, 196
Trd, 000288.183, 168
Trd, 000288.633, 158
Trd, 000288.983, 156
Trd, 000290.400, 145
Trd, 000291.817, 165
Trd, 000292.700, 155
Trd, 000292.750, 157
Trd, 000293.650, 159
Trd, 000293.867, 149
Trd, 000295.300, 158
Trd, 000296.883, 168
Trd, 000296.933, 164
Trd, 000297.417, 164
Trd, 000298.467, 165
Trd, 000298.650, 161
Trd, 000299.533, 159
