Trd, 000005.117, 125
Trd, 000005.283, 137
Trd, 000005.333, 124
Trd, 000005.517, 162
Trd, 000005.700, 124
Trd, 000006.367, 145
Trd, 000006.700, 134
Trd, 000007.517, 146
Trd, 000008.567, 135
Trd, 000010.800, 115
Trd, 000010.833, 120
Trd, 000011.000, 137
Trd, 000011.633, 153
Trd, 000011.667, 150
Trd, 000013.000, 159
Trd, 000013.350, 157
Trd, 000013.667, 162
Trd, 000015.367, 118
Trd, 000015.817, 118
Trd, 000016.250, 145
Trd, 000018.400, 170
Trd, 000020.300, 160
Trd, 000020.833, 136
Trd, 000021.700, 151
Trd, 000021.867, 157
Trd, 000022.517, 153
Trd, 000023.567, 165
Trd, 000023.717, 183
Trd, 000025.800, 143
Trd, 000026.267, 174
Trd, 000026.833, 142
Trd, 000027.600, 173
Trd, 000027.750, 144
Trd, 000029.367, 157
Trd, 000030.117, 156
Trd, 000030.317, 112
Trd, 000031.000, 179
Trd, 000032.950, 156
Trd, 000033.183, 150
Trd, 000035.400, 184
Trd, 000037.417, 149
Trd, 000037.450, 144
Trd, 000039.350, 164
Trd, 000039.400, 137
Trd, 000040.100, 133
Trd, 000040.333, 109
Trd, 000040.567, 149
Trd, 000041.017, 162
Trd, 000041.217, 144
Trd, 000041.467, 151
Trd, 000041.650, 143
Trd, 000041.950, 170
Trd, 000041.967, 136
Trd, 000042.150, 176
Trd, 000043.883, 155
Trd, 000045.183, 154
Trd, 000045.367, 127
Trd, 000046.167, 138
Trd, 000047.083, 147
Trd, 000047.900, 176
Trd, 000050.167, 165
Trd, 000050.917, 123
Trd, 000051.017, 140
Trd, 000051.300, 157
Trd, 000051.983, 138
Trd, 000052.417, 151
Trd, 000053.983, 150
Trd, 000055.617, 141
Trd, 000056.133, 132
Trd, 000056.217, 161
Trd, 000056.650, 155
Trd, 000056.750, 152
Trd, 000056.800, 148
Trd, 000056.867, 143
Trd, 000057.567, 136
Trd, 000057.600, 165
Trd, 000060.967, 179
Trd, 000061.283, 149
Trd, 000061.317, 171
Trd, 000062.233, 164
Trd, 000063.783, 155
Trd, 000064.133, 151
Trd, 000065.417, 181
Trd, 000067.233, 163
Trd, 000067.433, 157
Trd, 000069.250, 155
Trd, 000071.633, 154
Trd, 000071.983, 145
Trd, 000072.383, 155
Trd, 000073.150, 151
Trd, 000074.583, 157
Trd, 000075.017, 160
Trd, 000075.883, 150
Trd, 000076.533, 146
Trd, 000076.567, 145
Trd, 000078.683, 168
Trd, 000078.867, 170
Trd, 000078.983, 175
Trd, 000079.750, 168
Trd, 000079.767, 152
Trd, 000080.817, 130
Trd, 000081.867, 148
Trd, 000084.000, 157
Trd, 000084.500, 151
Trd, 000084.667, 143
Trd, 000086.883, 170
Trd, 000087.033, 166
Trd, 000087.567, 161
Trd, 000089.350, 160
Trd, 000091.083, 162
Trd, 000091.317, 148
Trd, 000091.583, 169
Trd, 000091.867, 161
Trd, 000092.100, 150
Trd, 000092.650, 156
Trd, 000093.150, 163
Trd, 000094.600, 154
Trd, 000095.150, 174
Trd, 000096.233, 179
Trd, 000097.367, 159
Trd, 000097.517, 156
Trd, 000099.333, 150
Trd, 000099.533, 146
Trd, 000100.983, 118
Trd, 000101.150, 119
Trd, 000101.417, 128
Trd, 000102.250, 150
Trd, 000102.633, 155
Trd, 000103.533, 169
Trd, 000105.467, 159
Trd, 000105.950, 178
Trd, 000106.750, 136
Trd, 000108.367, 160
Trd, 000109.567, 166
Trd, 000109.817, 160
Trd, 000110.567, 152
Trd, 000110.717, 144
Trd, 000111.017, 136
Trd, 000111.300, 150
Trd, 000111.333, 145
Trd, 000111.517, 170
Trd, 000113.483, 150
Trd, 000114.533, 162
Trd, 000115.933, 156
Trd, 000116.433, 149
Trd, 000116.483, 174
Trd, 000117.917, 158
Trd, 000118.533, 148
Trd, 000119.417, 144
Trd, 000121.000, 173
Trd, 000121.750, 142
Trd, 000121.850, 146
Trd, 000121.883, 149
Trd, 000122.733, 154
Trd, 000123.350, 156
Trd, 000125.400, 142
Trd, 000125.833, 142
Trd, 000126.250, 133
Trd, 000127.100, 176
Trd, 000128.600, 142
Trd, 000130.650, 147
Trd, 000130.683, 143
Trd, 000131.150, 165
Trd, 000133.317, 153
Trd, 000133.400, 148
Trd, 000134.317, 167
Trd, 000136.350, 173
Trd, 000136.950, 138
Trd, 000137.633, 145
Trd, 000140.983, 111
Trd, 000141.133, 115
Trd, 000141.800, 138
Trd, 000142.283, 166
Trd, 000144.667, 148
Trd, 000145.250, 144
Trd, 000145.867, 125
Trd, 000145.983, 129
Trd, 000146.500, 114
Trd, 000146.700, 140
Trd, 000148.033, 173
Trd, 000149.050, 167
Trd, 000151.650, 158
Trd, 000151.817, 155
Trd, 000152.383, 158
Trd, 000153.000, 136
Trd, 000153.233, 151
Trd, 000153.567, 172
Trd, 000155.450, 175
Trd, 000156.800, 165
Trd, 000156.867, 153
Trd, 000157.083, 148
Trd, 000157.567, 145
Trd, 000157.850, 143
Trd, 000160.050, 140
Trd, 000161.233, 133
Trd, 000161.467, 133
Trd, 000161.483, 134
Trd, 000161.500, 132
Trd, 000163.100, 175
Trd, 000165.067, 174
Trd, 000165.383, 171
Trd, 000166.083, 115
Trd, 000166.300, 121
Trd, 000166.867, 149
Trd, 000167.133, 182
Trd, 000168.500, 165
Trd, 000168.667, 151
Trd, 000170.317, 165
Trd, 000171.050, 141
Trd, 000171.433, 151
Trd, 000172.567, 178
Trd, 000173.750, 174
Trd, 000176.683, 123
Trd, 000176.717, 162
Trd, 000177.950, 168
Trd, 000178.333, 160
Trd, 000179.183, 143
Trd, 000179.250, 158
Trd, 000181.067, 113
Trd, 000181.283, 121
Trd, 000181.350, 142
Trd, 000181.833, 186
Trd, 000186.200, 117
Trd, 000186.367, 135
Trd, 000186.917, 161
Trd, 000191.200, 117
Trd, 000191.283, 136
Trd, 000195.533, 166
Trd, 000196.200, 150
Trd, 000196.367, 151
Trd, 000197.450, 193
Trd, 000197.817, 169
Trd, 000200.150, 152
Trd, 000200.833, 154
Trd, 000201.650, 121
Trd, 000202.250, 144
Trd, 000202.417, 150
Trd, 000203.083, 151
Trd, 000203.233, 147
Trd, 000203.750, 140
Trd, 000205.317, 150
Trd, 000207.450, 139
Trd, 000207.717, 165
Trd, 000208.000, 139
Trd, 000208.150, 134
Trd, 000209.067, 167
Trd, 000209.300, 133
Trd, 000211.867, 161
Trd, 000211.967, 157
Trd, 000212.133, 170
Trd, 000212.767, 155
Trd, 000215.833, 167
Trd, 000216.283, 123
Trd, 000216.817, 170
Trd, 000217.317, 181
Trd, 000217.367, 166
Trd, 000217.650, 161
Trd, 000217.783, 150
Trd, 000218.617, 146
Trd, 000220.150, 165
Trd, 000221.667, 157
Trd, 000222.350, 164
Trd, 000223.083, 158
Trd, 000223.600, 158
Trd, 000224.233, 154
Trd, 000225.167, 167
Trd, 000225.417, 154
Trd, 000225.567, 169
Trd, 000226.217, 126
Trd, 000226.883, 161
Trd, 000227.117, 155
Trd, 000227.850, 137
Trd, 000229.167, 149
Trd, 000229.667, 154
Trd, 000231.583, 154
Trd, 000232.083, 171
Trd, 000232.417, 169
Trd, 000233.250, 143
Trd, 000234.067, 172
Trd, 000235.267, 161
Trd, 000236.333, 133
Trd, 000237.650, 141
Trd, 000237.700, 158
Trd, 000237.733, 132
Trd, 000238.100, 136
Trd, 000239.850, 162
Trd, 000240.867, 165
Trd, 000241.517, 110
Trd, 000241.533, 123
Trd, 000241.750, 139
Trd, 000241.917, 158
Trd, 000242.350, 176
Trd, 000244.650, 160
Trd, 000245.150, 150
Trd, 000246.367, 133
Trd, 000246.667, 155
Trd, 000247.483, 146
Trd, 000247.683, 175
Trd, 000248.533, 152
Trd, 000251.533, 135
Trd, 000252.800, 161
Trd, 000253.583, 172
Trd, 000254.500, 155
Trd, 000255.000, 152
Trd, 000257.000, 156
Trd, 000257.167, 168
Trd, 000257.183, 147
Trd, 000257.800, 141
Trd, 000258.083, 123
Trd, 000258.417, 146
Trd, 000258.750, 161
Trd, 000261.700, 176
Trd, 000261.950, 134
Trd, 000262.267, 174
Trd, 000265.383, 162
Trd, 000266.167, 179
Trd, 000266.833, 159
Trd, 000266.917, 145
Trd, 000267.417, 154
Trd, 000267.617, 164
Trd, 000267.800, 153
Trd, 000268.017, 151
Trd, 000269.283, 141
Trd, 000272.700, 161
Trd, 000273.517, 176
Trd, 000274.267, 157
Trd, 000275.000, 152
Trd, 000275.433, 160
Trd, 000275.767, 151
Trd, 000277.383, 182
Trd, 000278.083, 170
Trd, 000278.117, 161
Trd, 000278.583, 155
Trd, 000279.517, 159
Trd, 000279.850, 159
Trd, 000280.183, 157
Trd, 000280.400, 137
Trd, 000281.583, 137
Trd, 000281.883, 152
Trd, 000283.183, 180
Trd, 000283.517, 161
Trd, 000286.817, 171
Trd, 000287.300, 149
Trd, 000289.150, 145
Trd, 000289.767, 156
Trd, 000290.183, 154
Trd, 000291.067, 143
Trd, 000292.217, 149
Trd, 000294.750, 148
Trd, 000294.900, 155
Trd, 000296.567, 148
Trd, 000297.717, 159
Trd, 000298.083, 161
Trd, 000298.500, 154
Trd, 000298.750, 146
Trd, 000299.617, 158
