Trd, 000005.117, 182
Trd, 000005.367, 123
Trd, 000005.950, 138
Trd, 000006.700, 159
Trd, 000006.900, 126
Trd, 000007.783, 160
Trd, 000008.700, 137
Trd, 000010.517, 140
Trd, 000011.400, 145
Trd, 000011.483, 152
Trd, 000013.400, 160
Trd, 000014.383, 163
Trd, 000015.367, 185
Trd, 000015.667, 179
Trd, 000016.200, 158
Trd, 000016.317, 173
Trd, 000017.717, 167
Trd, 000018.267, 162
Trd, 000020.650, 143
Trd, 000020.833, 166
Trd, 000021.417, 151
Trd, 000021.983, 165
Trd, 000022.467, 132
Trd, 000022.500, 166
Trd, 000022.600, 131
Trd, 000023.717, 147
Trd, 000024.683, 150
Trd, 000027.617, 153
Trd, 000028.117, 147
Trd, 000030.033, 150
Trd, 000030.583, 144
Trd, 000031.200, 169
Trd, 000034.883, 154
Trd, 000035.517, 146
Trd, 000036.283, 137
Trd, 000036.533, 164
Trd, 000038.750, 174
Trd, 000039.883, 160
Trd, 000040.150, 168
Trd, 000041.017, 159
Trd, 000041.150, 156
Trd, 000041.167, 131
Trd, 000041.567, 142
Trd, 000042.667, 150
Trd, 000043.417, 167
Trd, 000045.017, 164
Trd, 000046.867, 154
Trd, 000047.367, 172
Trd, 000048.550, 160
Trd, 000052.200, 168
Trd, 000053.250, 171
Trd, 000053.733, 148
Trd, 000054.500, 181
Trd, 000055.617, 148
Trd, 000055.717, 134
Trd, 000055.750, 152
Trd, 000056.917, 159
Trd, 000059.817, 147
Trd, 000061.367, 129
Trd, 000063.183, 156
Trd, 000063.283, 154
Trd, 000063.383, 161
Trd, 000063.833, 154
Trd, 000064.450, 153
Trd, 000066.917, 180
Trd, 000067.067, 171
Trd, 000067.133, 145
Trd, 000068.750, 164
Trd, 000069.600, 153
Trd, 000070.467, 151
Trd, 000070.717, 143
Trd, 000072.067, 162
Trd, 000072.283, 160
Trd, 000073.417, 133
Trd, 000075.167, 166
Trd, 000075.700, 175
Trd, 000076.167, 136
Trd, 000076.267, 141
Trd, 000076.883, 166
Trd, 000076.983, 155
Trd, 000080.700, 158
Trd, 000082.300, 173
Trd, 000083.050, 171
Trd, 000083.833, 165
Trd, 000086.133, 158
Trd, 000087.683, 157
Trd, 000088.150, 187
Trd, 000089.350, 155
Trd, 000089.683, 147
Trd, 000089.883, 141
Trd, 000091.083, 172
Trd, 000091.183, 163
Trd, 000092.367, 138
Trd, 000092.817, 157
Trd, 000092.967, 136
Trd, 000093.517, 152
Trd, 000095.167, 158
Trd, 000096.033, 172
Trd, 000096.467, 149
Trd, 000097.433, 141
Trd, 000098.317, 151
Trd, 000099.183, 138
Trd, 000100.400, 166
Trd, 000102.050, 169
Trd, 000103.517, 173
Trd, 000103.683, 146
Trd, 000104.500, 148
Trd, 000105.067, 168
Trd, 000106.483, 160
Trd, 000106.533, 162
Trd, 000107.150, 168
Trd, 000108.700, 180
Trd, 000109.300, 179
Trd, 000111.467, 162
Trd, 000111.683, 165
Trd, 000112.467, 168
Trd, 000112.600, 157
Trd, 000114.233, 167
Trd, 000115.833, 157
Trd, 000118.217, 162
Trd, 000118.433, 166
Trd, 000118.950, 167
Trd, 000119.317, 171
Trd, 000120.867, 140
Trd, 000122.517, 161
Trd, 000122.633, 139
Trd, 000123.100, 148
Trd, 000123.383, 162
Trd, 000125.133, 176
Trd, 000126.100, 156
Trd, 000126.300, 157
Trd, 000126.383, 174
Trd, 000128.867, 153
Trd, 000129.067, 133
Trd, 000131.283, 192
Trd, 000132.450, 162
Trd, 000134.950, 145
Trd, 000135.900, 159
Trd, 000136.767, 164
Trd, 000137.500, 148
Trd, 000137.800, 152
Trd, 000138.883, 156
Trd, 000139.133, 135
Trd, 000139.800, 152
Trd, 000141.867, 173
Trd, 000142.367, 150
Trd, 000142.833, 157
Trd, 000143.633, 161
Trd, 000146.533, 161
Trd, 000149.033, 161
Trd, 000151.017, 168
Trd, 000153.267, 166
Trd, 000153.400, 151
Trd, 000155.550, 143
Trd, 000157.600, 151
Trd, 000157.783, 143
Trd, 000158.100, 158
Trd, 000159.167, 158
Trd, 000160.583, 145
Trd, 000160.733, 140
Trd, 000161.767, 159
Trd, 000163.033, 171
Trd, 000163.150, 137
Trd, 000163.717, 151
Trd, 000163.850, 144
Trd, 000165.200, 153
Trd, 000166.833, 152
Trd, 000167.267, 145
Trd, 000167.417, 142
Trd, 000168.450, 178
Trd, 000169.633, 179
Trd, 000171.700, 162
Trd, 000172.100, 152
Trd, 000172.633, 146
Trd, 000173.300, 135
Trd, 000174.467, 168
Trd, 000174.550, 163
Trd, 000176.067, 125
Trd, 000176.917, 165
Trd, 000181.900, 145
Trd, 000182.133, 158
Trd, 000182.983, 131
Trd, 000183.317, 157
Trd, 000184.600, 135
Trd, 000186.517, 185
Trd, 000186.683, 173
Trd, 000187.567, 164
Trd, 000187.983, 163
Trd, 000188.133, 162
Trd, 000190.683, 153
Trd, 000191.833, 146
Trd, 000192.417, 184
Trd, 000192.783, 180
Trd, 000195.367, 153
Trd, 000196.100, 153
Trd, 000196.850, 173
Trd, 000197.983, 169
Trd, 000198.617, 159
Trd, 000198.900, 168
Trd, 000199.900, 158
Trd, 000200.050, 148
Trd, 000202.867, 176
Trd, 000203.317, 170
Trd, 000205.083, 154
Trd, 000207.683, 176
Trd, 000210.217, 169
Trd, 000210.650, 155
Trd, 000212.267, 150
Trd, 000213.700, 144
Trd, 000214.217, 162
Trd, 000216.400, 136
Trd, 000217.083, 137
Trd, 000219.500, 146
Trd, 000220.583, 158
Trd, 000221.867, 155
Trd, 000223.917, 177
Trd, 000225.417, 189
Trd, 000226.950, 170
Trd, 000227.800, 171
Trd, 000228.867, 167
Trd, 000229.133, 143
Trd, 000230.100, 150
Trd, 000230.583, 176
Trd, 000231.600, 168
Trd, 000233.783, 146
Trd, 000234.267, 157
Trd, 000235.433, 157
Trd, 000235.867, 156
Trd, 000236.600, 129
Trd, 000237.333, 162
Trd, 000238.700, 135
Trd, 000240.167, 157
Trd, 000244.283, 160
Trd, 000245.783, 165
Trd, 000245.833, 163
Trd, 000246.333, 108
Trd, 000247.183, 150
Trd, 000248.617, 156
Trd, 000248.817, 165
Trd, 000249.417, 159
Trd, 000251.550, 161
Trd, 000251.733, 157
Trd, 000253.850, 162
Trd, 000256.517, 150
Trd, 000257.017, 145
Trd, 000257.883, 140
Trd, 000258.183, 154
Trd, 000259.500, 150
Trd, 000262.350, 156
Trd, 000262.600, 157
Trd, 000262.617, 166
Trd, 000264.967, 169
Trd, 000265.733, 146
Trd, 000266.767, 169
Trd, 000267.617, 133
Trd, 000269.650, 175
Trd, 000269.667, 161
Trd, 000271.917, 130
Trd, 000273.167, 144
Trd, 000273.800, 159
Trd, 000274.583, 151
Trd, 000275.117, 153
Trd, 000276.850, 175
Trd, 000277.900, 184
Trd, 000278.000, 164
Trd, 000278.617, 165
Trd, 000281.700, 155
Trd, 000283.417, 144
Trd, 000283.450, 127
Trd, 000284.317, 178
Trd, 000286.183, 159
Trd, 000287.617, 182
Trd, 000288.667, 156
Trd, 000289.050, 153
Trd, 000289.600, 156
Trd, 000289.950, 154
Trd, 000290.183, 149
Trd, 000290.233, 162
Trd, 000290.333, 145
Trd, 000291.800, 173
Trd, 000293.583, 160
Trd, 000294.183, 167
Trd, 000294.267, 150
Trd, 000294.517, 130
Trd, 000296.733, 142
Trd, 000297.517, 143
Trd, 000298.617, 165
Trd, 000299.550, 149
