Trd, 000005.133, 113
Trd, 000005.533, 139
Trd, 000006.533, 133
Trd, 000006.567, 148
Trd, 000006.817, 150
Trd, 000007.333, 151
Trd, 000007.517, 156
Trd, 000008.300, 164
Trd, 000009.250, 166
Trd, 000009.650, 167
Trd, 000010.300, 194
Trd, 000010.317, 169
Trd, 000011.017, 161
Trd, 000011.450, 137
Trd, 000011.883, 142
Trd, 000011.967, 137
Trd, 000012.867, 132
Trd, 000014.317, 159
Trd, 000015.133, 138
Trd, 000015.367, 182
Trd, 000015.933, 160
Trd, 000016.767, 154
Trd, 000017.483, 159
Trd, 000019.200, 158
Trd, 000020.517, 164
Trd, 000020.650, 160
Trd, 000021.033, 160
Trd, 000021.417, 148
Trd, 000021.817, 164
Trd, 000024.217, 151
Trd, 000025.067, 178
Trd, 000025.900, 181
Trd, 000026.700, 171
Trd, 000026.917, 161
Trd, 000026.983, 182
Trd, 000028.300, 156
Trd, 000028.967, 150
Trd, 000030.300, 162
Trd, 000030.633, 166
Trd, 000031.017, 141
Trd, 000031.150, 178
Trd, 000031.300, 185
Trd, 000032.133, 166
Trd, 000032.250, 183
Trd, 000032.367, 157
Trd, 000032.750, 154
Trd, 000032.833, 153
Trd, 000033.933, 155
Trd, 000035.283, 138
Trd, 000035.700, 167
Trd, 000035.717, 174
Trd, 000036.583, 170
Trd, 000037.667, 155
Trd, 000038.017, 170
Trd, 000038.100, 152
Trd, 000038.767, 146
Trd, 000040.567, 175
Trd, 000041.000, 167
Trd, 000041.067, 161
Trd, 000041.483, 164
Trd, 000041.733, 156
Trd, 000041.767, 154
Trd, 000043.350, 158
Trd, 000045.783, 136
Trd, 000046.083, 151
Trd, 000046.100, 156
Trd, 000046.650, 167
Trd, 000046.800, 182
Trd, 000048.017, 151
Trd, 000049.733, 155
Trd, 000051.150, 138
Trd, 000051.267, 172
Trd, 000051.883, 176
Trd, 000052.550, 169
Trd, 000053.833, 164
Trd, 000054.133, 159
Trd, 000055.167, 156
Trd, 000055.583, 159
Trd, 000055.817, 166
Trd, 000055.833, 164
Trd, 000056.600, 145
Trd, 000057.517, 158
Trd, 000057.733, 176
Trd, 000058.450, 163
Trd, 000059.767, 157
Trd, 000060.850, 164
Trd, 000061.333, 172
Trd, 000064.217, 169
Trd, 000064.383, 168
Trd, 000064.567, 163
Trd, 000065.967, 154
Trd, 000066.517, 169
Trd, 000066.833, 159
Trd, 000067.183, 154
Trd, 000067.683, 141
Trd, 000070.750, 146
Trd, 000070.983, 154
Trd, 000071.250, 160
Trd, 000071.383, 172
Trd, 000073.467, 151
Trd, 000073.717, 165
Trd, 000074.317, 159
Trd, 000074.517, 143
Trd, 000075.300, 164
Trd, 000075.600, 197
Trd, 000075.983, 174
Trd, 000076.350, 175
Trd, 000077.500, 168
Trd, 000078.250, 166
Trd, 000080.800, 139
Trd, 000081.217, 134
Trd, 000082.183, 178
Trd, 000083.467, 170
Trd, 000083.617, 172
Trd, 000085.783, 167
Trd, 000085.917, 147
Trd, 000086.133, 149
Trd, 000086.700, 138
Trd, 000086.917, 137
Trd, 000087.150, 148
Trd, 000088.850, 164
Trd, 000090.700, 176
Trd, 000091.017, 186
Trd, 000091.133, 167
Trd, 000091.250, 161
Trd, 000092.117, 179
Trd, 000092.483, 177
Trd, 000095.500, 155
Trd, 000095.933, 152
Trd, 000096.067, 167
Trd, 000096.317, 171
Trd, 000097.500, 148
Trd, 000097.883, 160
Trd, 000098.267, 166
Trd, 000098.567, 159
Trd, 000100.817, 136
Trd, 000101.400, 186
Trd, 000101.883, 151
Trd, 000101.900, 150
Trd, 000102.400, 179
Trd, 000105.100, 158
Trd, 000106.267, 172
Trd, 000107.150, 172
Trd, 000107.433, 160
Trd, 000107.817, 176
Trd, 000109.217, 172
Trd, 000111.150, 175
Trd, 000111.217, 159
Trd, 000111.433, 184
Trd, 000112.517, 154
Trd, 000113.983, 150
Trd, 000114.317, 143
Trd, 000116.117, 169
Trd, 000116.667, 179
Trd, 000117.400, 176
Trd, 000117.783, 165
Trd, 000118.800, 156
Trd, 000120.200, 160
Trd, 000121.233, 161
Trd, 000121.500, 179
Trd, 000121.650, 151
Trd, 000121.783, 149
Trd, 000122.150, 194
Trd, 000124.383, 164
Trd, 000124.400, 154
Trd, 000125.400, 162
Trd, 000125.983, 178
Trd, 000126.767, 183
Trd, 000127.133, 179
Trd, 000127.517, 172
Trd, 000128.050, 154
Trd, 000129.183, 140
Trd, 000130.483, 172
Trd, 000130.583, 157
Trd, 000131.467, 180
Trd, 000131.933, 164
Trd, 000132.033, 160
Trd, 000133.183, 164
Trd, 000133.733, 156
Trd, 000134.733, 160
Trd, 000135.233, 157
Trd, 000136.217, 148
Trd, 000136.467, 150
Trd, 000137.183, 161
Trd, 000138.367, 172
Trd, 000139.300, 159
Trd, 000139.550, 154
Trd, 000139.767, 167
Trd, 000141.383, 185
Trd, 000141.800, 184
Trd, 000142.200, 171
Trd, 000142.417, 155
Trd, 000144.733, 145
Trd, 000145.050, 150
Trd, 000146.117, 182
Trd, 000146.367, 164
Trd, 000146.667, 154
Trd, 000148.983, 168
Trd, 000151.267, 150
Trd, 000151.467, 162
Trd, 000152.083, 176
Trd, 000152.633, 161
Trd, 000154.983, 170
Trd, 000155.383, 158
Trd, 000155.917, 151
Trd, 000156.417, 172
Trd, 000156.717, 158
Trd, 000158.050, 160
Trd, 000158.167, 152
Trd, 000158.583, 162
Trd, 000158.900, 148
Trd, 000161.333, 181
Trd, 000161.367, 171
Trd, 000162.083, 162
Trd, 000162.783, 148
Trd, 000163.017, 169
Trd, 000164.283, 157
Trd, 000166.083, 190
Trd, 000166.383, 185
Trd, 000166.517, 184
Trd, 000167.750, 152
Trd, 000168.667, 151
Trd, 000169.750, 138
Trd, 000171.483, 191
Trd, 000171.600, 180
Trd, 000172.083, 185
Trd, 000172.283, 165
Trd, 000172.800, 162
Trd, 000172.900, 161
Trd, 000173.550, 159
Trd, 000173.650, 176
Trd, 000176.267, 137
Trd, 000176.900, 134
Trd, 000177.583, 167
Trd, 000177.700, 162
Trd, 000178.033, 136
Trd, 000178.217, 141
Trd, 000181.050, 169
Trd, 000181.533, 166
Trd, 000181.817, 150
Trd, 000182.100, 155
Trd, 000182.583, 144
Trd, 000186.200, 166
Trd, 000186.333, 161
Trd, 000186.633, 192
Trd, 000187.550, 170
Trd, 000187.783, 166
Trd, 000190.483, 165
Trd, 000191.700, 175
Trd, 000192.367, 162
Trd, 000192.600, 157
Trd, 000192.950, 169
Trd, 000193.117, 150
Trd, 000194.133, 151
Trd, 000195.350, 136
Trd, 000196.000, 152
Trd, 000196.683, 157
Trd, 000196.983, 167
Trd, 000197.500, 168
Trd, 000198.100, 167
Trd, 000198.733, 149
Trd, 000199.133, 163
Trd, 000199.500, 187
Trd, 000200.600, 158
Trd, 000201.567, 152
Trd, 000202.250, 174
Trd, 000203.217, 164
Trd, 000203.783, 166
Trd, 000203.817, 155
Trd, 000203.950, 149
Trd, 000204.950, 160
Trd, 000205.150, 142
Trd, 000206.683, 189
Trd, 000207.083, 173
Trd, 000207.233, 167
Trd, 000207.533, 152
Trd, 000208.533, 147
Trd, 000208.683, 151
Trd, 000211.117, 179
Trd, 000211.617, 184
Trd, 000211.833, 158
Trd, 000211.883, 147
Trd, 000213.967, 155
Trd, 000214.150, 161
Trd, 000215.533, 166
Trd, 000216.450, 142
Trd, 000218.133, 171
Trd, 000218.833, 167
Trd, 000219.100, 179
Trd, 000219.533, 165
Trd, 000220.233, 173
Trd, 000221.367, 180
Trd, 000221.400, 153
Trd, 000222.283, 179
Trd, 000222.717, 188
Trd, 000224.600, 168
Trd, 000226.367, 161
Trd, 000226.667, 156
Trd, 000226.883, 164
Trd, 000227.000, 163
Trd, 000227.833, 167
Trd, 000227.900, 186
Trd, 000228.933, 157
Trd, 000229.567, 136
Trd, 000229.600, 182
Trd, 000230.567, 150
Trd, 000231.417, 133
Trd, 000231.567, 142
Trd, 000231.783, 184
Trd, 000232.167, 150
Trd, 000233.167, 169
Trd, 000235.817, 171
Trd, 000236.633, 186
Trd, 000236.650, 157
Trd, 000237.400, 186
Trd, 000238.067, 167
Trd, 000239.400, 162
Trd, 000239.483, 151
Trd, 000239.983, 150
Trd, 000241.117, 163
Trd, 000241.250, 138
Trd, 000241.567, 200
Trd, 000241.583, 188
Trd, 000242.067, 176
Trd, 000242.500, 176
Trd, 000243.883, 157
Trd, 000244.067, 165
Trd, 000244.800, 151
Trd, 000246.767, 164
Trd, 000246.833, 184
Trd, 000247.117, 159
Trd, 000247.867, 179
Trd, 000248.300, 153
Trd, 000249.167, 148
Trd, 000249.700, 148
Trd, 000251.300, 178
Trd, 000251.533, 184
Trd, 000251.600, 172
Trd, 000252.433, 136
Trd, 000252.617, 138
Trd, 000253.517, 154
Trd, 000254.533, 140
Trd, 000256.433, 143
Trd, 000256.717, 148
Trd, 000256.733, 150
Trd, 000257.633, 151
Trd, 000258.700, 160
Trd, 000259.783, 178
Trd, 000261.550, 173
Trd, 000261.567, 185
Trd, 000262.367, 185
Trd, 000262.467, 178
Trd, 000263.067, 165
Trd, 000264.433, 162
Trd, 000266.750, 162
Trd, 000267.050, 169
Trd, 000267.117, 182
Trd, 000267.400, 152
Trd, 000267.417, 150
Trd, 000267.550, 137
Trd, 000268.117, 170
Trd, 000271.517, 194
Trd, 000271.817, 165
Trd, 000272.333, 158
Trd, 000273.067, 159
Trd, 000274.783, 157
Trd, 000275.417, 149
Trd, 000276.417, 166
Trd, 000277.300, 185
Trd, 000277.333, 178
Trd, 000277.367, 163
Trd, 000278.667, 165
Trd, 000279.267, 173
Trd, 000280.283, 162
Trd, 000281.450, 163
Trd, 000281.600, 150
Trd, 000281.650, 146
Trd, 000282.017, 183
Trd, 000282.150, 162
Trd, 000282.900, 167
Trd, 000284.300, 164
Trd, 000285.417, 159
Trd, 000286.517, 145
Trd, 000286.867, 162
Trd, 000287.167, 197
Trd, 000287.267, 158
Trd, 000287.517, 166
Trd, 000289.000, 166
Trd, 000290.367, 160
Trd, 000291.517, 139
Trd, 000291.867, 164
Trd, 000292.117, 154
Trd, 000294.333, 147
Trd, 000295.117, 148
Trd, 000295.250, 159
Trd, 000296.867, 182
Trd, 000297.917, 156
Trd, 000298.850, 166
Trd, 000299.617, 166
