Trd, 000005.083, 107
Trd, 000005.533, 127
Trd, 000005.900, 165
Trd, 000006.150, 175
Trd, 000006.233, 163
Trd, 000006.250, 147
Trd, 000008.000, 151
Trd, 000008.017, 151
Trd, 000009.417, 145
Trd, 000010.467, 160
Trd, 000010.500, 169
Trd, 000011.300, 163
Trd, 000011.350, 160
Trd, 000011.450, 159
Trd, 000012.200, 153
Trd, 000013.117, 181
Trd, 000013.217, 146
Trd, 000013.550, 173
Trd, 000015.133, 155
Trd, 000015.333, 143
Trd, 000015.567, 158
Trd, 000015.750, 166
Trd, 000016.367, 160
Trd, 000019.967, 174
Trd, 000020.267, 111
Trd, 000020.433, 124
Trd, 000020.550, 160
Trd, 000021.350, 177
Trd, 000021.567, 163
Trd, 000022.033, 175
Trd, 000022.433, 171
Trd, 000022.983, 166
Trd, 000023.433, 164
Trd, 000024.983, 168
Trd, 000025.767, 185
Trd, 000025.850, 181
Trd, 000026.583, 162
Trd, 000026.917, 141
Trd, 000028.850, 170
Trd, 000029.767, 177
Trd, 000030.000, 178
Trd, 000030.417, 164
Trd, 000030.567, 171
Trd, 000030.767, 178
Trd, 000030.883, 148
Trd, 000031.367, 141
Trd, 000031.500, 130
Trd, 000031.900, 140
Trd, 000032.133, 166
Trd, 000032.250, 128
Trd, 000033.867, 141
Trd, 000035.483, 153
Trd, 000035.600, 141
Trd, 000035.817, 147
Trd, 000036.450, 142
Trd, 000036.950, 163
Trd, 000037.000, 165
Trd, 000039.950, 152
Trd, 000040.367, 152
Trd, 000040.433, 153
Trd, 000040.717, 163
Trd, 000041.350, 146
Trd, 000041.517, 153
Trd, 000042.067, 144
Trd, 000042.183, 154
Trd, 000044.133, 160
Trd, 000045.317, 158
Trd, 000045.367, 177
Trd, 000046.017, 172
Trd, 000046.067, 136
Trd, 000046.250, 144
Trd, 000046.283, 159
Trd, 000046.733, 141
Trd, 000046.867, 163
Trd, 000047.050, 151
Trd, 000051.233, 183
Trd, 000051.267, 175
Trd, 000051.350, 195
Trd, 000051.417, 170
Trd, 000051.550, 165
Trd, 000052.950, 165
Trd, 000054.333, 141
Trd, 000054.750, 140
Trd, 000055.517, 185
Trd, 000056.067, 175
Trd, 000056.100, 164
Trd, 000056.250, 154
Trd, 000056.833, 161
Trd, 000057.333, 145
Trd, 000057.883, 161
Trd, 000060.583, 169
Trd, 000060.633, 159
Trd, 000061.167, 170
Trd, 000061.400, 150
Trd, 000061.450, 164
Trd, 000062.417, 147
Trd, 000065.483, 132
Trd, 000065.933, 166
Trd, 000066.433, 178
Trd, 000066.633, 164
Trd, 000068.183, 169
Trd, 000068.400, 145
Trd, 000069.083, 160
Trd, 000069.500, 144
Trd, 000070.583, 166
Trd, 000070.917, 137
Trd, 000071.250, 141
Trd, 000071.417, 158
Trd, 000071.533, 171
Trd, 000071.700, 191
Trd, 000072.383, 155
Trd, 000072.833, 152
Trd, 000075.033, 156
Trd, 000075.517, 135
Trd, 000076.000, 159
Trd, 000077.767, 166
Trd, 000077.800, 168
Trd, 000079.150, 179
Trd, 000079.217, 145
Trd, 000079.917, 170
Trd, 000079.967, 152
Trd, 000080.900, 151
Trd, 000080.917, 165
Trd, 000081.033, 168
Trd, 000081.150, 153
Trd, 000081.350, 178
Trd, 000082.567, 156
Trd, 000082.633, 177
Trd, 000083.383, 140
Trd, 000083.417, 133
Trd, 000085.683, 166
Trd, 000085.933, 192
Trd, 000086.450, 163
Trd, 000087.083, 181
Trd, 000088.267, 158
Trd, 000090.700, 159
Trd, 000091.117, 124
Trd, 000091.167, 128
Trd, 000091.750, 138
Trd, 000092.100, 178
Trd, 000092.183, 170
Trd, 000092.500, 158
Trd, 000093.067, 147
Trd, 000094.833, 163
Trd, 000095.083, 162
Trd, 000095.717, 171
Trd, 000095.950, 132
Trd, 000096.250, 189
Trd, 000096.400, 165
Trd, 000096.667, 178
Trd, 000098.083, 162
Trd, 000098.750, 149
Trd, 000100.033, 134
Trd, 000100.733, 122
Trd, 000101.233, 164
Trd, 000101.433, 177
Trd, 000101.933, 147
Trd, 000102.267, 153
Trd, 000102.433, 149
Trd, 000103.683, 165
Trd, 000104.167, 175
Trd, 000104.333, 164
Trd, 000105.250, 158
Trd, 000105.717, 127
Trd, 000105.917, 165
Trd, 000106.233, 146
Trd, 000106.550, 179
Trd, 000107.400, 160
Trd, 000107.650, 167
Trd, 000108.267, 179
Trd, 000108.300, 152
Trd, 000109.517, 168
Trd, 000110.983, 176
Trd, 000111.200, 162
Trd, 000111.600, 112
Trd, 000112.467, 173
Trd, 000112.483, 142
Trd, 000113.883, 160
Trd, 000114.300, 144
Trd, 000114.400, 161
Trd, 000116.083, 181
Trd, 000116.467, 144
Trd, 000117.183, 171
Trd, 000117.483, 159
Trd, 000119.250, 159
Trd, 000119.333, 143
Trd, 000120.250, 146
Trd, 000122.267, 173
Trd, 000122.333, 172
Trd, 000122.400, 173
Trd, 000122.883, 177
Trd, 000123.017, 165
Trd, 000123.700, 151
Trd, 000125.083, 147
Trd, 000126.250, 156
Trd, 000126.717, 185
Trd, 000127.033, 174
Trd, 000127.450, 159
Trd, 000127.733, 146
Trd, 000128.050, 142
Trd, 000128.950, 147
Trd, 000131.450, 178
Trd, 000131.733, 185
Trd, 000132.467, 187
Trd, 000133.917, 178
Trd, 000134.533, 167
Trd, 000135.117, 152
Trd, 000135.600, 146
Trd, 000136.167, 162
Trd, 000136.600, 155
Trd, 000136.983, 147
Trd, 000137.217, 158
Trd, 000138.467, 172
Trd, 000138.483, 167
Trd, 000141.400, 158
Trd, 000141.800, 183
Trd, 000141.917, 152
Trd, 000142.400, 161
Trd, 000142.417, 184
Trd, 000143.217, 147
Trd, 000143.333, 190
Trd, 000143.417, 131
Trd, 000143.617, 140
Trd, 000146.083, 160
Trd, 000146.383, 158
Trd, 000146.683, 184
Trd, 000147.650, 162
Trd, 000147.817, 171
Trd, 000148.817, 149
Trd, 000151.183, 140
Trd, 000151.433, 169
Trd, 000151.783, 158
Trd, 000152.200, 146
Trd, 000153.850, 151
Trd, 000155.233, 145
Trd, 000155.950, 162
Trd, 000157.950, 179
Trd, 000158.267, 176
Trd, 000158.300, 153
Trd, 000158.850, 151
Trd, 000159.200, 172
Trd, 000160.400, 156
Trd, 000160.700, 145
Trd, 000161.133, 180
Trd, 000161.467, 165
Trd, 000161.500, 170
Trd, 000162.250, 177
Trd, 000162.817, 181
Trd, 000163.917, 139
Trd, 000165.350, 169
Trd, 000166.167, 134
Trd, 000166.483, 169
Trd, 000166.633, 137
Trd, 000167.250, 164
Trd, 000167.567, 159
Trd, 000168.717, 159
Trd, 000169.033, 149
Trd, 000170.383, 183
Trd, 000170.783, 152
Trd, 000171.167, 139
Trd, 000171.250, 163
Trd, 000171.483, 187
Trd, 000172.717, 174
Trd, 000173.650, 157
Trd, 000174.367, 160
Trd, 000174.400, 147
Trd, 000175.850, 154
Trd, 000176.717, 182
Trd, 000177.317, 171
Trd, 000177.333, 152
Trd, 000177.483, 165
Trd, 000178.133, 148
Trd, 000178.600, 152
Trd, 000179.533, 155
Trd, 000181.683, 171
Trd, 000182.033, 166
Trd, 000182.283, 141
Trd, 000182.350, 182
Trd, 000183.333, 176
Trd, 000183.750, 165
Trd, 000183.900, 146
Trd, 000184.167, 169
Trd, 000184.417, 141
Trd, 000186.200, 182
Trd, 000186.383, 161
Trd, 000186.400, 186
Trd, 000187.433, 167
Trd, 000188.433, 146
Trd, 000191.350, 159
Trd, 000191.450, 173
Trd, 000191.533, 158
Trd, 000191.767, 134
Trd, 000192.117, 140
Trd, 000193.733, 142
Trd, 000195.167, 159
Trd, 000195.583, 171
Trd, 000195.950, 158
Trd, 000196.367, 193
Trd, 000196.967, 173
Trd, 000198.100, 175
Trd, 000198.233, 172
Trd, 000198.533, 143
Trd, 000199.533, 138
Trd, 000199.917, 162
Trd, 000201.150, 135
Trd, 000201.317, 128
Trd, 000201.483, 134
Trd, 000201.650, 143
Trd, 000202.550, 155
Trd, 000202.650, 172
Trd, 000206.433, 182
Trd, 000206.650, 180
Trd, 000207.350, 179
Trd, 000207.467, 152
Trd, 000207.567, 191
Trd, 000208.317, 141
Trd, 000210.700, 152
Trd, 000211.283, 123
Trd, 000211.500, 160
Trd, 000211.983, 126
Trd, 000212.817, 148
Trd, 000213.583, 152
Trd, 000214.767, 155
Trd, 000216.167, 151
Trd, 000216.583, 161
Trd, 000216.733, 175
Trd, 000216.833, 179
Trd, 000217.300, 124
Trd, 000218.217, 157
Trd, 000218.400, 133
Trd, 000220.200, 160
Trd, 000221.150, 178
Trd, 000221.300, 155
Trd, 000221.317, 132
Trd, 000222.300, 147
Trd, 000222.950, 165
Trd, 000223.350, 154
Trd, 000224.100, 171
Trd, 000224.233, 149
Trd, 000226.050, 162
Trd, 000226.233, 119
Trd, 000226.567, 139
Trd, 000226.883, 145
Trd, 000227.583, 144
Trd, 000227.683, 148
Trd, 000227.833, 149
Trd, 000229.283, 174
Trd, 000231.750, 147
Trd, 000231.917, 158
Trd, 000232.150, 133
Trd, 000232.283, 134
Trd, 000232.667, 127
Trd, 000233.267, 137
Trd, 000233.483, 162
Trd, 000234.417, 167
Trd, 000234.883, 170
Trd, 000236.200, 131
Trd, 000236.833, 179
Trd, 000237.467, 164
Trd, 000238.683, 159
Trd, 000239.417, 170
Trd, 000239.533, 172
Trd, 000240.417, 146
Trd, 000241.433, 173
Trd, 000242.183, 184
Trd, 000242.233, 166
Trd, 000242.533, 184
Trd, 000243.983, 165
Trd, 000244.217, 170
Trd, 000246.400, 170
Trd, 000246.500, 185
Trd, 000246.983, 185
Trd, 000247.067, 179
Trd, 000247.083, 158
Trd, 000247.367, 132
Trd, 000247.633, 140
Trd, 000249.650, 161
Trd, 000250.850, 146
Trd, 000251.567, 141
Trd, 000251.617, 138
Trd, 000251.700, 143
Trd, 000252.100, 131
Trd, 000252.917, 161
Trd, 000254.067, 179
Trd, 000254.883, 182
Trd, 000256.400, 138
Trd, 000256.600, 139
Trd, 000256.750, 160
Trd, 000256.950, 160
Trd, 000257.033, 136
Trd, 000257.200, 154
Trd, 000257.517, 155
Trd, 000257.617, 170
Trd, 000258.900, 139
Trd, 000261.500, 163
Trd, 000261.517, 171
Trd, 000261.817, 163
Trd, 000262.550, 166
Trd, 000263.167, 159
Trd, 000265.883, 164
Trd, 000266.500, 155
Trd, 000267.000, 139
Trd, 000267.167, 156
Trd, 000267.450, 163
Trd, 000267.583, 183
Trd, 000268.567, 143
Trd, 000268.650, 162
Trd, 000269.317, 150
Trd, 000271.000, 148
Trd, 000271.567, 191
Trd, 000271.700, 161
Trd, 000271.917, 121
Trd, 000272.133, 124
Trd, 000272.600, 156
Trd, 000272.683, 129
Trd, 000273.267, 158
Trd, 000275.233, 168
Trd, 000276.600, 185
Trd, 000276.833, 193
Trd, 000276.967, 188
Trd, 000277.033, 156
Trd, 000277.583, 156
Trd, 000278.467, 173
Trd, 000279.683, 156
Trd, 000280.017, 180
Trd, 000281.800, 200
Trd, 000281.850, 194
Trd, 000281.900, 193
Trd, 000282.100, 165
Trd, 000282.433, 158
Trd, 000285.433, 174
Trd, 000285.900, 163
Trd, 000286.133, 161
Trd, 000286.167, 157
Trd, 000287.317, 173
Trd, 000287.467, 171
Trd, 000288.150, 167
Trd, 000288.983, 164
Trd, 000289.133, 158
Trd, 000290.283, 145
Trd, 000291.600, 164
Trd, 000291.700, 171
Trd, 000291.967, 166
Trd, 000292.517, 169
Trd, 000293.700, 150
Trd, 000294.450, 179
Trd, 000294.617, 149
Trd, 000296.983, 176
Trd, 000297.000, 166
Trd, 000297.050, 168
Trd, 000297.250, 184
Trd, 000298.050, 173
Trd, 000299.350, 172
