Trd, 000005.117, 166
Trd, 000005.250, 164
Trd, 000005.500, 152
Trd, 000005.533, 160
Trd, 000005.617, 160
Trd, 000005.950, 143
Trd, 000006.200, 130
Trd, 000007.600, 140
Trd, 000007.817, 142
Trd, 000007.883, 146
Trd, 000009.383, 153
Trd, 000010.483, 175
Trd, 000010.667, 126
Trd, 000010.867, 170
Trd, 000011.133, 138
Trd, 000011.633, 151
Trd, 000011.983, 157
Trd, 000012.167, 170
Trd, 000012.233, 185
Trd, 000013.867, 134
Trd, 000015.000, 168
Trd, 000015.617, 174
Trd, 000015.833, 171
Trd, 000015.950, 169
Trd, 000015.967, 133
Trd, 000016.367, 173
Trd, 000016.683, 134
Trd, 000017.067, 169
Trd, 000017.933, 153
Trd, 000018.100, 170
Trd, 000018.250, 157
Trd, 000019.783, 171
Trd, 000020.167, 188
Trd, 000020.200, 146
Trd, 000020.667, 153
Trd, 000021.417, 177
Trd, 000021.583, 174
Trd, 000022.000, 156
Trd, 000023.533, 171
Trd, 000023.983, 148
Trd, 000024.883, 142
Trd, 000025.283, 163
Trd, 000025.533, 156
Trd, 000025.750, 137
Trd, 000025.783, 174
Trd, 000027.933, 162
Trd, 000029.350, 171
Trd, 000030.050, 170
Trd, 000030.283, 123
Trd, 000030.667, 178
Trd, 000030.767, 160
Trd, 000033.883, 173
Trd, 000034.350, 172
Trd, 000035.133, 158
Trd, 000035.333, 125
Trd, 000035.667, 183
Trd, 000036.033, 158
Trd, 000037.017, 197
Trd, 000037.683, 176
Trd, 000037.700, 162
Trd, 000039.967, 156
Trd, 000040.500, 135
Trd, 000040.683, 187
Trd, 000040.833, 183
Trd, 000041.100, 166
Trd, 000041.450, 178
Trd, 000042.167, 189
Trd, 000042.567, 134
Trd, 000042.950, 133
Trd, 000043.167, 154
Trd, 000044.350, 160
Trd, 000045.733, 174
Trd, 000045.983, 190
Trd, 000046.283, 152
Trd, 000046.800, 170
Trd, 000047.050, 169
Trd, 000048.233, 130
Trd, 000048.717, 148
Trd, 000050.367, 156
Trd, 000050.417, 179
Trd, 000050.533, 124
Trd, 000052.117, 191
Trd, 000053.800, 186
Trd, 000054.817, 173
Trd, 000054.950, 178
Trd, 000055.100, 165
Trd, 000055.133, 160
Trd, 000055.433, 116
Trd, 000055.517, 182
Trd, 000055.600, 169
Trd, 000056.217, 140
Trd, 000057.250, 184
Trd, 000057.667, 186
Trd, 000058.133, 159
Trd, 000060.300, 174
Trd, 000060.417, 164
Trd, 000060.833, 112
Trd, 000061.283, 123
Trd, 000062.333, 154
Trd, 000062.917, 199
Trd, 000063.250, 186
Trd, 000063.933, 141
Trd, 000064.367, 168
Trd, 000065.217, 170
Trd, 000065.283, 156
Trd, 000065.600, 185
Trd, 000066.183, 175
Trd, 000066.433, 173
Trd, 000066.900, 163
Trd, 000067.633, 200
Trd, 000069.317, 162
Trd, 000069.367, 161
Trd, 000069.783, 158
Trd, 000069.850, 154
Trd, 000070.683, 145
Trd, 000070.850, 179
Trd, 000071.117, 156
Trd, 000071.850, 181
Trd, 000072.217, 161
Trd, 000073.233, 158
Trd, 000073.383, 160
Trd, 000075.017, 161
Trd, 000075.050, 160
Trd, 000075.750, 148
Trd, 000076.450, 155
Trd, 000077.283, 161
Trd, 000077.700, 150
Trd, 000078.383, 132
Trd, 000078.767, 172
Trd, 000079.233, 168
Trd, 000080.283, 158
Trd, 000080.417, 150
Trd, 000080.550, 151
Trd, 000080.850, 183
Trd, 000081.267, 190
Trd, 000082.300, 175
Trd, 000083.100, 167
Trd, 000083.317, 160
Trd, 000083.817, 166
Trd, 000085.767, 149
Trd, 000085.783, 152
Trd, 000086.017, 183
Trd, 000086.317, 183
Trd, 000086.383, 181
Trd, 000086.583, 147
Trd, 000090.633, 116
Trd, 000090.683, 117
Trd, 000090.750, 175
Trd, 000091.383, 151
Trd, 000092.317, 140
Trd, 000092.600, 164
Trd, 000094.717, 161
Trd, 000095.217, 173
Trd, 000095.617, 171
Trd, 000095.700, 136
Trd, 000095.833, 167
Trd, 000095.983, 106
Trd, 000096.183, 188
Trd, 000096.783, 200
Trd, 000096.833, 181
Trd, 000096.967, 131
Trd, 000097.033, 188
Trd, 000099.067, 166
Trd, 000100.417, 145
Trd, 000101.200, 195
Trd, 000101.283, 185
Trd, 000101.650, 180
Trd, 000101.883, 175
Trd, 000102.250, 131
Trd, 000102.333, 152
Trd, 000102.633, 146
Trd, 000102.650, 161
Trd, 000103.550, 152
Trd, 000105.767, 200
Trd, 000106.333, 166
Trd, 000106.567, 158
Trd, 000107.283, 183
Trd, 000107.967, 161
Trd, 000108.900, 149
Trd, 000109.533, 166
Trd, 000110.417, 167
Trd, 000110.817, 121
Trd, 000110.983, 182
Trd, 000111.150, 168
Trd, 000112.417, 200
Trd, 000112.583, 191
Trd, 000114.233, 177
Trd, 000114.983, 160
Trd, 000115.283, 128
Trd, 000115.950, 115
Trd, 000116.067, 116
Trd, 000116.617, 187
Trd, 000117.000, 185
Trd, 000117.133, 137
Trd, 000117.417, 141
Trd, 000117.583, 154
Trd, 000118.733, 165
Trd, 000120.783, 198
Trd, 000121.033, 178
Trd, 000121.383, 152
Trd, 000121.567, 130
Trd, 000123.683, 170
Trd, 000123.850, 166
Trd, 000124.767, 157
Trd, 000126.117, 157
Trd, 000126.917, 178
Trd, 000127.283, 166
Trd, 000127.400, 180
Trd, 000127.450, 156
Trd, 000127.683, 153
Trd, 000128.750, 179
Trd, 000129.683, 181
Trd, 000129.983, 158
Trd, 000131.083, 175
Trd, 000131.383, 167
Trd, 000131.433, 166
Trd, 000131.667, 148
Trd, 000131.750, 142
Trd, 000131.900, 148
Trd, 000132.383, 138
Trd, 000132.483, 130
Trd, 000133.033, 147
Trd, 000136.017, 168
Trd, 000136.283, 168
Trd, 000136.933, 148
Trd, 000137.150, 142
Trd, 000137.817, 175
Trd, 000139.767, 186
Trd, 000140.150, 167
Trd, 000140.967, 130
Trd, 000141.400, 199
Trd, 000141.900, 183
Trd, 000142.067, 165
Trd, 000142.317, 149
Trd, 000144.100, 182
Trd, 000145.933, 161
Trd, 000146.567, 192
Trd, 000146.650, 179
Trd, 000147.383, 146
Trd, 000148.083, 137
Trd, 000148.233, 154
Trd, 000149.083, 165
Trd, 000150.317, 161
Trd, 000151.000, 196
Trd, 000151.017, 130
Trd, 000151.833, 183
Trd, 000152.050, 178
Trd, 000152.083, 174
Trd, 000152.400, 192
Trd, 000153.167, 165
Trd, 000154.633, 155
Trd, 000155.950, 182
Trd, 000156.333, 189
Trd, 000156.833, 151
Trd, 000157.000, 161
Trd, 000157.183, 167
Trd, 000157.983, 199
Trd, 000158.517, 182
Trd, 000161.400, 196
Trd, 000161.617, 181
Trd, 000161.733, 184
Trd, 000161.750, 166
Trd, 000161.817, 157
Trd, 000161.967, 108
Trd, 000162.333, 169
Trd, 000166.033, 149
Trd, 000166.067, 182
Trd, 000166.717, 186
Trd, 000167.383, 169
Trd, 000169.733, 165
Trd, 000170.050, 167
Trd, 000171.350, 181
Trd, 000171.500, 136
Trd, 000171.600, 143
Trd, 000172.283, 196
Trd, 000172.600, 177
Trd, 000173.667, 146
Trd, 000174.767, 168
Trd, 000174.983, 174
Trd, 000176.017, 148
Trd, 000176.283, 141
Trd, 000176.417, 193
Trd, 000176.600, 186
Trd, 000177.250, 150
Trd, 000177.733, 141
Trd, 000177.767, 149
Trd, 000180.750, 174
Trd, 000181.467, 185
Trd, 000181.550, 175
Trd, 000181.633, 132
Trd, 000181.833, 165
Trd, 000182.183, 163
Trd, 000182.450, 198
Trd, 000182.867, 175
Trd, 000184.467, 152
Trd, 000186.183, 171
Trd, 000186.800, 171
Trd, 000186.850, 149
Trd, 000186.950, 134
Trd, 000187.150, 129
Trd, 000188.350, 177
Trd, 000188.467, 156
Trd, 000191.467, 170
Trd, 000191.933, 178
Trd, 000192.717, 198
Trd, 000192.817, 166
Trd, 000194.150, 166
Trd, 000194.217, 167
Trd, 000195.567, 164
Trd, 000195.700, 137
Trd, 000196.217, 169
Trd, 000196.300, 148
Trd, 000196.317, 134
Trd, 000197.783, 179
Trd, 000198.017, 166
Trd, 000198.633, 163
Trd, 000201.383, 115
Trd, 000201.417, 164
Trd, 000201.900, 166
Trd, 000202.233, 150
Trd, 000202.767, 153
Trd, 000203.083, 129
Trd, 000203.600, 160
Trd, 000203.917, 184
Trd, 000206.350, 143
Trd, 000206.483, 160
Trd, 000207.483, 163
Trd, 000207.567, 183
Trd, 000207.650, 150
Trd, 000208.300, 150
Trd, 000208.617, 177
Trd, 000208.800, 144
Trd, 000208.900, 159
Trd, 000209.567, 157
Trd, 000211.433, 195
Trd, 000211.850, 184
Trd, 000212.900, 167
Trd, 000213.267, 163
Trd, 000215.067, 163
Trd, 000215.800, 170
Trd, 000216.117, 140
Trd, 000216.283, 137
Trd, 000216.900, 146
Trd, 000218.000, 182
Trd, 000218.700, 178
Trd, 000219.783, 162
Trd, 000219.850, 163
Trd, 000221.717, 166
Trd, 000221.817, 155
Trd, 000222.033, 193
Trd, 000222.150, 172
Trd, 000222.200, 138
Trd, 000222.833, 160
Trd, 000223.733, 174
Trd, 000224.350, 136
Trd, 000224.767, 134
Trd, 000226.550, 188
Trd, 000226.933, 173
Trd, 000227.117, 169
Trd, 000227.233, 123
Trd, 000227.500, 172
Trd, 000227.850, 141
Trd, 000228.833, 148
Trd, 000229.450, 172
Trd, 000231.417, 158
Trd, 000231.767, 179
Trd, 000231.833, 151
Trd, 000233.000, 190
Trd, 000233.200, 160
Trd, 000234.300, 167
Trd, 000234.917, 170
Trd, 000236.483, 160
Trd, 000236.850, 129
Trd, 000237.067, 157
Trd, 000237.200, 142
Trd, 000238.200, 193
Trd, 000238.483, 183
Trd, 000239.183, 175
Trd, 000240.283, 177
Trd, 000241.300, 113
Trd, 000241.600, 153
Trd, 000241.883, 194
Trd, 000242.233, 152
Trd, 000242.300, 147
Trd, 000242.700, 186
Trd, 000242.917, 169
Trd, 000243.083, 122
Trd, 000246.000, 158
Trd, 000246.383, 172
Trd, 000246.650, 200
Trd, 000246.667, 185
Trd, 000246.717, 164
Trd, 000247.050, 188
Trd, 000248.167, 165
Trd, 000248.533, 163
Trd, 000250.983, 161
Trd, 000251.017, 173
Trd, 000251.517, 180
Trd, 000251.550, 184
Trd, 000252.483, 151
Trd, 000252.950, 157
Trd, 000253.383, 179
Trd, 000253.533, 151
Trd, 000253.667, 140
Trd, 000254.683, 190
Trd, 000256.317, 200
Trd, 000256.400, 176
Trd, 000256.483, 164
Trd, 000256.750, 175
Trd, 000256.983, 157
Trd, 000257.117, 185
Trd, 000257.283, 141
Trd, 000257.933, 153
Trd, 000261.550, 185
Trd, 000261.833, 177
Trd, 000262.650, 153
Trd, 000263.833, 148
Trd, 000264.483, 145
Trd, 000264.983, 148
Trd, 000265.717, 168
Trd, 000267.133, 200
Trd, 000267.650, 178
Trd, 000267.783, 153
Trd, 000267.850, 170
Trd, 000268.333, 162
Trd, 000269.100, 188
Trd, 000271.083, 157
Trd, 000271.383, 168
Trd, 000271.767, 186
Trd, 000271.900, 166
Trd, 000272.250, 138
Trd, 000272.517, 183
Trd, 000272.600, 154
Trd, 000273.067, 194
Trd, 000276.333, 137
Trd, 000276.583, 117
Trd, 000276.683, 134
Trd, 000277.283, 122
Trd, 000277.383, 133
Trd, 000277.867, 148
Trd, 000278.083, 187
Trd, 000279.983, 179
Trd, 000281.700, 199
Trd, 000282.383, 133
Trd, 000282.633, 166
Trd, 000282.783, 177
Trd, 000283.233, 159
Trd, 000283.417, 151
Trd, 000283.983, 173
Trd, 000287.133, 181
Trd, 000287.350, 165
Trd, 000287.733, 185
Trd, 000287.800, 159
Trd, 000287.817, 155
Trd, 000287.933, 190
Trd, 000288.100, 158
Trd, 000288.167, 132
Trd, 000288.667, 149
Trd, 000291.667, 186
Trd, 000291.700, 138
Trd, 000291.867, 195
Trd, 000293.300, 172
Trd, 000293.333, 169
Trd, 000294.700, 163
Trd, 000295.550, 148
Trd, 000296.750, 154
Trd, 000297.000, 162
Trd, 000297.150, 149
Trd, 000297.250, 144
Trd, 000297.867, 192
Trd, 000299.167, 176
Trd, 000299.700, 161
