Trd, 000005.383, 149
Trd, 000005.533, 152
Trd, 000005.900, 166
Trd, 000006.183, 148
Trd, 000006.300, 160
Trd, 000007.033, 159
Trd, 000007.467, 162
Trd, 000008.150, 167
Trd, 000008.850, 172
Trd, 000011.017, 153
Trd, 000011.050, 150
Trd, 000011.650, 155
Trd, 000011.750, 168
Trd, 000013.167, 172
Trd, 000013.900, 173
Trd, 000014.117, 165
Trd, 000015.683, 164
Trd, 000016.217, 183
Trd, 000016.400, 159
Trd, 000017.017, 168
Trd, 000017.583, 151
Trd, 000018.067, 174
Trd, 000018.367, 146
Trd, 000019.100, 152
Trd, 000019.617, 172
Trd, 000019.900, 137
Trd, 000020.983, 151
Trd, 000022.217, 176
Trd, 000023.267, 157
Trd, 000023.367, 144
Trd, 000024.433, 140
Trd, 000024.583, 176
Trd, 000025.617, 156
Trd, 000025.650, 152
Trd, 000026.967, 168
Trd, 000030.533, 136
Trd, 000031.017, 153
Trd, 000031.150, 163
Trd, 000033.033, 159
Trd, 000033.600, 172
Trd, 000034.150, 170
Trd, 000034.950, 158
Trd, 000035.783, 155
Trd, 000036.400, 170
Trd, 000036.950, 155
Trd, 000037.083, 155
Trd, 000038.150, 168
Trd, 000038.833, 171
Trd, 000040.533, 182
Trd, 000041.083, 168
Trd, 000041.417, 149
Trd, 000041.967, 168
Trd, 000042.367, 155
Trd, 000043.683, 157
Trd, 000044.300, 156
Trd, 000044.783, 165
Trd, 000046.017, 154
Trd, 000046.150, 166
Trd, 000047.333, 169
Trd, 000047.567, 161
Trd, 000048.233, 154
Trd, 000050.417, 147
Trd, 000050.800, 132
Trd, 000051.100, 146
Trd, 000054.317, 159
Trd, 000056.167, 170
Trd, 000056.400, 167
Trd, 000058.117, 166
Trd, 000058.333, 154
Trd, 000059.233, 152
Trd, 000060.450, 138
Trd, 000060.967, 151
Trd, 000061.133, 152
Trd, 000061.400, 166
Trd, 000061.700, 172
Trd, 000062.267, 137
Trd, 000063.600, 170
Trd, 000066.167, 186
Trd, 000066.383, 148
Trd, 000067.067, 155
Trd, 000067.783, 154
Trd, 000067.933, 156
Trd, 000068.983, 179
Trd, 000069.700, 183
Trd, 000070.583, 193
Trd, 000071.300, 179
Trd, 000072.800, 160
Trd, 000073.083, 168
Trd, 000073.350, 154
Trd, 000075.717, 187
Trd, 000076.733, 162
Trd, 000078.283, 162
Trd, 000080.050, 158
Trd, 000080.217, 152
Trd, 000080.833, 152
Trd, 000081.467, 155
Trd, 000081.667, 166
Trd, 000084.083, 156
Trd, 000084.217, 165
Trd, 000085.417, 169
Trd, 000087.017, 181
Trd, 000087.333, 167
Trd, 000087.717, 169
Trd, 000088.467, 166
Trd, 000089.933, 173
Trd, 000091.133, 154
Trd, 000091.717, 169
Trd, 000093.717, 157
Trd, 000094.017, 175
Trd, 000095.350, 154
Trd, 000095.500, 177
Trd, 000096.350, 161
Trd, 000096.417, 158
Trd, 000097.300, 185
Trd, 000099.667, 166
Trd, 000099.950, 168
Trd, 000101.333, 183
Trd, 000101.400, 167
Trd, 000102.383, 153
Trd, 000102.967, 169
Trd, 000105.133, 160
Trd, 000106.333, 180
Trd, 000107.800, 171
Trd, 000108.067, 173
Trd, 000108.683, 153
Trd, 000110.433, 166
Trd, 000111.317, 171
Trd, 000112.317, 174
Trd, 000114.183, 155
Trd, 000116.350, 167
Trd, 000116.933, 164
Trd, 000117.217, 167
Trd, 000117.517, 174
Trd, 000117.667, 154
Trd, 000118.867, 153
Trd, 000121.133, 159
Trd, 000121.200, 144
Trd, 000122.650, 186
Trd, 000122.700, 175
Trd, 000123.050, 174
Trd, 000123.467, 179
Trd, 000124.033, 150
Trd, 000126.133, 169
Trd, 000126.867, 155
Trd, 000127.183, 160
Trd, 000127.267, 172
Trd, 000128.050, 154
Trd, 000128.067, 179
Trd, 000128.583, 161
Trd, 000130.933, 183
Trd, 000131.233, 171
Trd, 000132.933, 157
Trd, 000133.033, 169
Trd, 000133.933, 152
Trd, 000136.683, 187
Trd, 000138.167, 172
Trd, 000138.483, 168
Trd, 000139.450, 169
Trd, 000139.967, 153
Trd, 000141.367, 186
Trd, 000141.883, 169
Trd, 000142.100, 155
Trd, 000143.150, 142
Trd, 000143.700, 133
Trd, 000146.400, 166
Trd, 000147.200, 184
Trd, 000149.667, 169
Trd, 000150.683, 152
Trd, 000151.133, 132
Trd, 000151.600, 146
Trd, 000151.800, 155
Trd, 000152.400, 166
Trd, 000153.333, 164
Trd, 000155.050, 170
Trd, 000155.150, 184
Trd, 000156.833, 168
Trd, 000156.850, 154
Trd, 000157.583, 174
Trd, 000158.917, 183
Trd, 000158.933, 178
Trd, 000159.517, 171
Trd, 000160.133, 172
Trd, 000161.150, 133
Trd, 000162.100, 160
Trd, 000162.483, 154
Trd, 000162.500, 153
Trd, 000163.800, 173
Trd, 000164.033, 185
Trd, 000165.733, 167
Trd, 000165.883, 156
Trd, 000166.433, 162
Trd, 000167.117, 170
Trd, 000167.233, 154
Trd, 000167.600, 153
Trd, 000170.917, 153
Trd, 000171.717, 183
Trd, 000171.867, 174
Trd, 000172.133, 169
Trd, 000172.150, 156
Trd, 000172.483, 159
Trd, 000173.267, 160
Trd, 000176.350, 153
Trd, 000176.483, 147
Trd, 000176.533, 155
Trd, 000177.683, 155
Trd, 000178.383, 155
Trd, 000178.583, 170
Trd, 000179.467, 165
Trd, 000180.500, 191
Trd, 000181.767, 178
Trd, 000181.833, 176
Trd, 000182.550, 184
Trd, 000182.617, 175
Trd, 000183.867, 174
Trd, 000184.200, 159
Trd, 000184.533, 155
Trd, 000186.283, 156
Trd, 000187.050, 174
Trd, 000188.383, 167
Trd, 000189.500, 164
Trd, 000190.900, 168
Trd, 000191.233, 160
Trd, 000192.183, 171
Trd, 000192.267, 171
Trd, 000192.500, 165
Trd, 000192.850, 152
Trd, 000195.650, 159
Trd, 000196.150, 143
Trd, 000196.450, 153
Trd, 000196.717, 168
Trd, 000197.450, 166
Trd, 000199.817, 180
Trd, 000200.083, 176
Trd, 000201.133, 142
Trd, 000201.933, 173
Trd, 000202.783, 158
Trd, 000205.150, 179
Trd, 000205.583, 183
Trd, 000206.667, 130
Trd, 000206.783, 148
Trd, 000206.900, 170
Trd, 000207.533, 143
Trd, 000210.100, 170
Trd, 000210.417, 161
Trd, 000210.483, 176
Trd, 000211.400, 153
Trd, 000212.417, 169
Trd, 000212.467, 161
Trd, 000214.150, 168
Trd, 000214.400, 153
Trd, 000216.300, 150
Trd, 000216.583, 172
Trd, 000217.683, 166
Trd, 000218.333, 174
Trd, 000222.650, 164
Trd, 000224.267, 178
Trd, 000224.317, 175
Trd, 000225.300, 166
Trd, 000226.467, 155
Trd, 000227.550, 168
Trd, 000227.633, 157
Trd, 000228.567, 189
Trd, 000229.800, 174
Trd, 000231.317, 167
Trd, 000231.783, 177
Trd, 000232.250, 185
Trd, 000232.967, 156
Trd, 000233.400, 158
Trd, 000234.450, 172
Trd, 000234.767, 161
Trd, 000236.450, 163
Trd, 000237.817, 155
Trd, 000238.400, 166
Trd, 000239.100, 174
Trd, 000239.400, 184
Trd, 000240.717, 125
Trd, 000241.483, 150
Trd, 000241.900, 157
Trd, 000242.033, 170
Trd, 000242.333, 155
Trd, 000243.183, 188
Trd, 000246.017, 136
Trd, 000246.583, 161
Trd, 000247.333, 170
Trd, 000247.783, 174
Trd, 000247.917, 154
Trd, 000248.083, 162
Trd, 000248.583, 162
Trd, 000251.467, 132
Trd, 000251.617, 166
Trd, 000251.717, 168
Trd, 000252.383, 172
Trd, 000252.567, 191
Trd, 000253.450, 155
Trd, 000253.950, 157
Trd, 000255.900, 162
Trd, 000257.367, 155
Trd, 000257.633, 165
Trd, 000257.833, 143
Trd, 000259.150, 170
Trd, 000261.417, 176
Trd, 000261.433, 119
Trd, 000261.667, 153
Trd, 000262.767, 183
Trd, 000263.083, 175
Trd, 000264.383, 160
Trd, 000264.867, 162
Trd, 000266.333, 153
Trd, 000267.200, 182
Trd, 000267.367, 168
Trd, 000268.350, 175
Trd, 000269.000, 172
Trd, 000270.433, 163
Trd, 000271.633, 167
Trd, 000271.833, 180
Trd, 000272.300, 179
Trd, 000272.433, 155
Trd, 000273.633, 154
Trd, 000273.700, 136
Trd, 000274.017, 142
Trd, 000276.483, 111
Trd, 000276.633, 154
Trd, 000277.167, 170
Trd, 000278.183, 170
Trd, 000278.883, 177
Trd, 000279.500, 152
Trd, 000282.000, 187
Trd, 000282.300, 190
Trd, 000283.250, 186
Trd, 000283.550, 155
Trd, 000284.083, 151
Trd, 000284.967, 171
Trd, 000285.233, 175
Trd, 000285.367, 158
Trd, 000285.417, 146
Trd, 000286.367, 149
Trd, 000288.167, 171
Trd, 000288.267, 170
Trd, 000290.850, 164
Trd, 000291.150, 155
Trd, 000292.300, 124
Trd, 000292.350, 129
Trd, 000293.233, 181
Trd, 000294.767, 181
Trd, 000295.900, 168
Trd, 000296.283, 175
Trd, 000296.400, 162
Trd, 000296.700, 173
Trd, 000297.217, 172
Trd, 000297.533, 171
Trd, 000297.867, 174
Trd, 000298.183, 173
Trd, 000299.333, 162
