Trd, 000005.200, 179
Trd, 000005.283, 156
Trd, 000005.983, 158
Trd, 000006.083, 140
Trd, 000006.367, 166
Trd, 000006.783, 146
Trd, 000006.983, 141
Trd, 000007.067, 151
Trd, 000009.183, 154
Trd, 000011.167, 175
Trd, 000012.267, 166
Trd, 000012.450, 162
Trd, 000012.500, 169
Trd, 000012.767, 157
Trd, 000014.700, 168
Trd, 000014.967, 150
Trd, 000015.350, 134
Trd, 000016.483, 167
Trd, 000016.533, 166
Trd, 000016.633, 154
Trd, 000016.650, 153
Trd, 000017.733, 170
Trd, 000019.433, 158
Trd, 000021.183, 155
Trd, 000021.417, 154
Trd, 000022.050, 150
Trd, 000022.450, 150
Trd, 000022.950, 139
Trd, 000023.850, 149
Trd, 000025.083, 132
Trd, 000025.783, 170
Trd, 000026.033, 160
Trd, 000027.233, 169
Trd, 000027.683, 155
Trd, 000028.317, 163
Trd, 000028.383, 151
Trd, 000029.550, 174
Trd, 000030.083, 153
Trd, 000030.667, 180
Trd, 000031.550, 169
Trd, 000032.250, 168
Trd, 000032.417, 160
Trd, 000032.883, 173
Trd, 000033.517, 150
Trd, 000033.850, 180
Trd, 000035.517, 143
Trd, 000036.100, 161
Trd, 000036.350, 170
Trd, 000036.383, 157
Trd, 000036.500, 153
Trd, 000036.617, 152
Trd, 000037.367, 125
Trd, 000037.667, 164
Trd, 000039.850, 166
Trd, 000041.683, 157
Trd, 000042.167, 160
Trd, 000042.500, 160
Trd, 000043.150, 153
Trd, 000043.350, 166
Trd, 000044.233, 159
Trd, 000045.933, 172
Trd, 000046.050, 172
Trd, 000048.850, 176
Trd, 000050.833, 159
Trd, 000050.850, 151
Trd, 000051.867, 182
Trd, 000053.117, 165
Trd, 000054.283, 154
Trd, 000055.083, 165
Trd, 000056.167, 147
Trd, 000057.467, 165
Trd, 000057.867, 166
Trd, 000059.000, 160
Trd, 000060.267, 161
Trd, 000061.067, 155
Trd, 000061.233, 154
Trd, 000061.567, 160
Trd, 000061.617, 173
Trd, 000064.250, 166
Trd, 000064.867, 162
Trd, 000065.033, 158
Trd, 000065.467, 168
Trd, 000065.583, 127
Trd, 000065.983, 150
Trd, 000066.733, 145
Trd, 000067.033, 145
Trd, 000067.767, 164
Trd, 000070.517, 181
Trd, 000071.083, 161
Trd, 000071.167, 158
Trd, 000071.717, 164
Trd, 000071.750, 178
Trd, 000073.400, 166
Trd, 000073.550, 164
Trd, 000074.517, 140
Trd, 000075.950, 173
Trd, 000076.300, 166
Trd, 000076.667, 133
Trd, 000076.733, 176
Trd, 000076.933, 157
Trd, 000078.650, 137
Trd, 000080.317, 170
Trd, 000080.783, 174
Trd, 000081.033, 181
Trd, 000081.400, 156
Trd, 000081.517, 175
Trd, 000081.967, 153
Trd, 000082.067, 151
Trd, 000083.100, 149
Trd, 000085.800, 159
Trd, 000086.017, 149
Trd, 000086.150, 175
Trd, 000086.833, 136
Trd, 000087.133, 146
Trd, 000087.417, 132
Trd, 000088.117, 181
Trd, 000089.817, 177
Trd, 000090.883, 135
Trd, 000091.067, 143
Trd, 000091.300, 148
Trd, 000091.883, 177
Trd, 000092.717, 181
Trd, 000093.800, 175
Trd, 000094.850, 170
Trd, 000095.167, 169
Trd, 000095.633, 129
Trd, 000096.667, 157
Trd, 000097.167, 163
Trd, 000098.400, 153
Trd, 000099.900, 174
Trd, 000100.200, 157
Trd, 000100.533, 152
Trd, 000101.300, 155
Trd, 000102.717, 150
Trd, 000102.950, 149
Trd, 000104.583, 155
Trd, 000106.417, 183
Trd, 000107.017, 159
Trd, 000107.433, 172
Trd, 000109.267, 160
Trd, 000111.750, 151
Trd, 000112.200, 157
Trd, 000112.517, 163
Trd, 000112.633, 163
Trd, 000113.000, 166
Trd, 000113.367, 155
Trd, 000114.767, 182
Trd, 000115.800, 179
Trd, 000116.500, 153
Trd, 000117.050, 172
Trd, 000117.417, 150
Trd, 000119.950, 143
Trd, 000121.467, 188
Trd, 000121.533, 178
Trd, 000122.333, 178
Trd, 000122.533, 171
Trd, 000122.667, 167
Trd, 000125.833, 119
Trd, 000126.683, 151
Trd, 000127.817, 139
Trd, 000127.850, 151
Trd, 000128.533, 140
Trd, 000128.633, 157
Trd, 000128.817, 133
Trd, 000129.533, 143
Trd, 000131.167, 162
Trd, 000131.900, 167
Trd, 000132.950, 154
Trd, 000133.283, 163
Trd, 000135.200, 172
Trd, 000135.650, 147
Trd, 000136.200, 160
Trd, 000136.617, 161
Trd, 000136.817, 143
Trd, 000138.017, 153
Trd, 000138.167, 151
Trd, 000138.950, 186
Trd, 000142.117, 173
Trd, 000143.350, 141
Trd, 000144.650, 163
Trd, 000144.983, 148
Trd, 000146.883, 163
Trd, 000147.217, 175
Trd, 000147.883, 158
Trd, 000148.683, 173
Trd, 000151.033, 148
Trd, 000152.183, 171
Trd, 000152.833, 161
Trd, 000154.167, 166
Trd, 000156.050, 165
Trd, 000156.500, 169
Trd, 000156.617, 169
Trd, 000156.950, 174
Trd, 000157.383, 156
Trd, 000159.867, 161
Trd, 000161.000, 124
Trd, 000161.067, 134
Trd, 000161.150, 163
Trd, 000162.117, 158
Trd, 000165.400, 144
Trd, 000166.450, 165
Trd, 000167.417, 126
Trd, 000167.583, 130
Trd, 000167.800, 142
Trd, 000168.567, 148
Trd, 000170.967, 132
Trd, 000171.283, 144
Trd, 000171.417, 137
Trd, 000171.900, 145
Trd, 000172.250, 171
Trd, 000175.750, 167
Trd, 000176.367, 143
Trd, 000176.617, 164
Trd, 000176.633, 167
Trd, 000177.600, 142
Trd, 000177.683, 146
Trd, 000181.417, 162
Trd, 000181.700, 162
Trd, 000182.717, 158
Trd, 000183.100, 168
Trd, 000183.400, 181
Trd, 000183.700, 157
Trd, 000184.583, 147
Trd, 000184.733, 185
Trd, 000187.383, 160
Trd, 000187.583, 173
Trd, 000187.817, 175
Trd, 000189.133, 180
Trd, 000189.233, 160
Trd, 000190.600, 168
Trd, 000191.350, 180
Trd, 000191.650, 173
Trd, 000192.050, 168
Trd, 000192.500, 153
Trd, 000192.600, 161
Trd, 000193.467, 180
Trd, 000196.100, 173
Trd, 000196.500, 152
Trd, 000197.733, 174
Trd, 000198.033, 183
Trd, 000198.600, 166
Trd, 000202.300, 148
Trd, 000202.933, 174
Trd, 000203.367, 163
Trd, 000203.967, 170
Trd, 000204.033, 159
Trd, 000205.117, 158
Trd, 000205.533, 152
Trd, 000206.217, 119
Trd, 000206.250, 129
Trd, 000206.783, 171
Trd, 000207.933, 169
Trd, 000208.850, 160
Trd, 000210.300, 153
Trd, 000210.483, 151
Trd, 000211.250, 163
Trd, 000211.817, 154
Trd, 000212.283, 151
Trd, 000213.433, 151
Trd, 000213.450, 140
Trd, 000213.800, 151
Trd, 000214.950, 157
Trd, 000215.333, 172
Trd, 000216.917, 182
Trd, 000217.317, 160
Trd, 000217.533, 175
Trd, 000218.050, 151
Trd, 000220.783, 149
Trd, 000220.833, 156
Trd, 000220.850, 145
Trd, 000221.750, 158
Trd, 000222.750, 150
Trd, 000224.167, 163
Trd, 000225.967, 169
Trd, 000226.033, 162
Trd, 000226.333, 136
Trd, 000226.383, 139
Trd, 000226.667, 121
Trd, 000226.833, 142
Trd, 000227.100, 165
Trd, 000228.467, 130
Trd, 000230.483, 155
Trd, 000231.883, 180
Trd, 000231.983, 159
Trd, 000232.383, 150
Trd, 000232.750, 167
Trd, 000232.850, 166
Trd, 000234.133, 147
Trd, 000235.783, 176
Trd, 000236.000, 157
Trd, 000236.533, 154
Trd, 000236.800, 167
Trd, 000237.417, 162
Trd, 000238.417, 186
Trd, 000239.267, 155
Trd, 000239.450, 162
Trd, 000240.550, 176
Trd, 000243.533, 153
Trd, 000244.050, 158
Trd, 000245.767, 172
Trd, 000246.583, 154
Trd, 000247.017, 172
Trd, 000247.133, 157
Trd, 000247.950, 175
Trd, 000248.783, 149
Trd, 000248.900, 143
Trd, 000248.933, 154
Trd, 000248.950, 133
Trd, 000249.033, 145
Trd, 000251.900, 143
Trd, 000252.867, 156
Trd, 000253.317, 150
Trd, 000253.917, 157
Trd, 000254.300, 165
Trd, 000256.083, 152
Trd, 000256.600, 154
Trd, 000256.967, 168
Trd, 000257.267, 164
Trd, 000258.900, 173
Trd, 000259.083, 182
Trd, 000259.533, 171
Trd, 000260.867, 138
Trd, 000261.133, 158
Trd, 000261.333, 122
Trd, 000262.233, 146
Trd, 000263.750, 173
Trd, 000265.417, 153
Trd, 000266.767, 182
Trd, 000267.083, 165
Trd, 000268.383, 166
Trd, 000269.217, 164
Trd, 000269.967, 152
Trd, 000271.417, 157
Trd, 000272.133, 156
Trd, 000273.183, 156
Trd, 000273.350, 167
Trd, 000274.117, 146
Trd, 000274.717, 152
Trd, 000277.883, 171
Trd, 000278.350, 170
Trd, 000279.033, 155
Trd, 000279.650, 180
Trd, 000280.000, 165
Trd, 000280.233, 182
Trd, 000282.217, 155
Trd, 000282.700, 167
Trd, 000284.550, 148
Trd, 000285.967, 169
Trd, 000286.067, 149
Trd, 000286.983, 177
Trd, 000287.150, 183
Trd, 000287.583, 166
Trd, 000287.683, 166
Trd, 000287.967, 177
Trd, 000288.083, 148
Trd, 000289.533, 147
Trd, 000291.500, 155
Trd, 000292.117, 167
Trd, 000292.717, 151
Trd, 000292.967, 166
Trd, 000293.483, 148
Trd, 000295.650, 170
Trd, 000296.117, 156
Trd, 000296.800, 179
Trd, 000296.833, 168
Trd, 000297.033, 155
Trd, 000297.417, 157
Trd, 000297.433, 154
Trd, 000298.467, 168
Trd, 000299.983, 156
