Trd, 000005.283, 120
Trd, 000005.400, 141
Trd, 000005.417, 151
Trd, 000005.683, 148
Trd, 000006.150, 132
Trd, 000006.417, 113
Trd, 000006.450, 116
Trd, 000006.517, 147
Trd, 000010.200, 121
Trd, 000010.333, 153
Trd, 000010.417, 124
Trd, 000010.733, 165
Trd, 000012.267, 153
Trd, 000014.100, 158
Trd, 000015.133, 132
Trd, 000015.717, 133
Trd, 000015.783, 137
Trd, 000016.000, 132
Trd, 000017.483, 134
Trd, 000019.400, 151
Trd, 000020.117, 122
Trd, 000020.550, 117
Trd, 000020.917, 156
Trd, 000022.983, 151
Trd, 000023.300, 149
Trd, 000024.767, 157
Trd, 000025.333, 191
Trd, 000025.417, 151
Trd, 000025.667, 123
Trd, 000025.950, 119
Trd, 000026.450, 155
Trd, 000030.433, 144
Trd, 000030.867, 163
Trd, 000031.383, 136
Trd, 000032.350, 175
Trd, 000034.433, 159
Trd, 000034.783, 162
Trd, 000035.583, 179
Trd, 000036.233, 166
Trd, 000036.900, 143
Trd, 000037.233, 146
Trd, 000037.300, 140
Trd, 000037.467, 156
Trd, 000038.367, 140
Trd, 000038.900, 139
Trd, 000038.950, 173
Trd, 000040.517, 162
Trd, 000040.800, 124
Trd, 000040.867, 149
Trd, 000041.650, 156
Trd, 000041.833, 153
Trd, 000041.917, 150
Trd, 000041.967, 148
Trd, 000042.033, 171
Trd, 000045.617, 169
Trd, 000045.767, 136
Trd, 000046.100, 137
Trd, 000046.267, 128
Trd, 000047.267, 142
Trd, 000047.817, 149
Trd, 000049.400, 148
Trd, 000049.667, 162
Trd, 000050.833, 139
Trd, 000050.967, 138
Trd, 000051.817, 162
Trd, 000052.417, 166
Trd, 000052.700, 156
Trd, 000052.900, 135
Trd, 000053.117, 169
Trd, 000054.017, 177
Trd, 000055.417, 132
Trd, 000055.550, 138
Trd, 000055.883, 139
Trd, 000055.950, 128
Trd, 000057.783, 169
Trd, 000058.083, 150
Trd, 000061.200, 148
Trd, 000061.383, 158
Trd, 000061.617, 126
Trd, 000062.033, 132
Trd, 000062.550, 137
Trd, 000062.967, 124
Trd, 000064.383, 162
Trd, 000064.400, 150
Trd, 000064.867, 144
Trd, 000065.950, 119
Trd, 000066.233, 148
Trd, 000066.433, 165
Trd, 000066.733, 144
Trd, 000066.867, 147
Trd, 000067.267, 135
Trd, 000067.517, 150
Trd, 000069.750, 152
Trd, 000070.767, 115
Trd, 000070.900, 122
Trd, 000071.067, 139
Trd, 000071.433, 145
Trd, 000071.650, 145
Trd, 000072.167, 158
Trd, 000072.867, 163
Trd, 000074.100, 139
Trd, 000075.633, 123
Trd, 000075.950, 175
Trd, 000076.767, 151
Trd, 000077.100, 152
Trd, 000077.117, 137
Trd, 000079.283, 149
Trd, 000080.683, 114
Trd, 000080.817, 110
Trd, 000081.100, 137
Trd, 000081.633, 185
Trd, 000085.617, 117
Trd, 000086.267, 138
Trd, 000086.900, 160
Trd, 000087.017, 177
Trd, 000087.400, 157
Trd, 000088.467, 167
Trd, 000089.133, 154
Trd, 000090.717, 182
Trd, 000091.117, 140
Trd, 000091.217, 123
Trd, 000091.350, 119
Trd, 000091.850, 167
Trd, 000092.533, 148
Trd, 000092.633, 150
Trd, 000093.950, 164
Trd, 000096.117, 193
Trd, 000096.367, 150
Trd, 000097.450, 150
Trd, 000098.533, 157
Trd, 000098.767, 150
Trd, 000098.917, 141
Trd, 000099.433, 155
Trd, 000099.767, 163
Trd, 000100.733, 169
Trd, 000100.950, 157
Trd, 000101.383, 149
Trd, 000101.600, 138
Trd, 000102.500, 122
Trd, 000103.467, 138
Trd, 000103.950, 145
Trd, 000104.533, 168
Trd, 000105.767, 114
Trd, 000107.050, 172
Trd, 000107.683, 141
Trd, 000108.683, 175
Trd, 000111.567, 163
Trd, 000111.850, 157
Trd, 000112.400, 148
Trd, 000112.933, 191
Trd, 000113.400, 172
Trd, 000114.200, 167
Trd, 000114.950, 163
Trd, 000116.283, 191
Trd, 000116.400, 174
Trd, 000117.817, 144
Trd, 000118.917, 144
Trd, 000119.767, 152
Trd, 000120.933, 165
Trd, 000121.333, 143
Trd, 000121.717, 144
Trd, 000122.250, 141
Trd, 000123.067, 145
Trd, 000126.333, 147
Trd, 000126.583, 120
Trd, 000127.067, 119
Trd, 000127.233, 124
Trd, 000127.383, 165
Trd, 000128.417, 144
Trd, 000128.433, 136
Trd, 000129.500, 147
Trd, 000131.200, 136
Trd, 000131.450, 168
Trd, 000131.467, 144
Trd, 000131.900, 145
Trd, 000133.133, 156
Trd, 000134.317, 137
Trd, 000135.333, 168
Trd, 000136.150, 179
Trd, 000136.217, 160
Trd, 000136.333, 140
Trd, 000136.433, 124
Trd, 000139.600, 157
Trd, 000139.933, 152
Trd, 000140.300, 155
Trd, 000141.000, 110
Trd, 000141.350, 170
Trd, 000141.400, 150
Trd, 000141.617, 178
Trd, 000143.850, 174
Trd, 000144.467, 166
Trd, 000145.883, 129
Trd, 000146.933, 153
Trd, 000147.250, 160
Trd, 000147.333, 148
Trd, 000147.750, 152
Trd, 000151.300, 135
Trd, 000151.417, 147
Trd, 000151.800, 137
Trd, 000151.833, 129
Trd, 000152.167, 156
Trd, 000153.733, 169
Trd, 000153.817, 156
Trd, 000154.467, 164
Trd, 000156.750, 136
Trd, 000156.883, 172
Trd, 000156.900, 167
Trd, 000157.183, 136
Trd, 000158.350, 138
Trd, 000161.233, 123
Trd, 000162.033, 148
Trd, 000162.433, 162
Trd, 000162.500, 146
Trd, 000162.617, 164
Trd, 000164.017, 139
Trd, 000164.433, 137
Trd, 000166.617, 135
Trd, 000167.100, 130
Trd, 000167.450, 141
Trd, 000168.683, 149
Trd, 000169.517, 153
Trd, 000170.317, 176
Trd, 000171.550, 194
Trd, 000171.767, 151
Trd, 000172.083, 148
Trd, 000172.333, 137
Trd, 000172.417, 135
Trd, 000172.717, 138
Trd, 000175.050, 178
Trd, 000175.633, 150
Trd, 000176.383, 137
Trd, 000177.067, 137
Trd, 000177.433, 155
Trd, 000177.583, 165
Trd, 000179.300, 139
Trd, 000179.550, 146
Trd, 000181.183, 146
Trd, 000181.500, 147
Trd, 000181.750, 156
Trd, 000181.933, 147
Trd, 000182.800, 175
Trd, 000182.983, 131
Trd, 000183.100, 125
Trd, 000184.483, 142
Trd, 000185.150, 152
Trd, 000187.100, 142
Trd, 000187.333, 138
Trd, 000187.350, 132
Trd, 000187.717, 162
Trd, 000187.983, 145
Trd, 000188.267, 137
Trd, 000189.117, 155
Trd, 000191.133, 108
Trd, 000191.417, 173
Trd, 000191.517, 122
Trd, 000191.717, 157
Trd, 000193.067, 136
Trd, 000194.283, 155
Trd, 000195.983, 178
Trd, 000196.500, 161
Trd, 000196.617, 147
Trd, 000196.633, 174
Trd, 000197.917, 148
Trd, 000198.367, 140
Trd, 000198.967, 142
Trd, 000200.850, 153
Trd, 000201.650, 174
Trd, 000201.917, 149
Trd, 000202.467, 129
Trd, 000203.067, 148
Trd, 000203.233, 186
Trd, 000204.417, 154
Trd, 000206.617, 159
Trd, 000207.150, 151
Trd, 000207.350, 147
Trd, 000207.800, 142
Trd, 000208.583, 163
Trd, 000208.767, 157
Trd, 000208.783, 177
Trd, 000211.300, 177
Trd, 000211.433, 166
Trd, 000211.983, 152
Trd, 000212.450, 142
Trd, 000213.683, 148
Trd, 000214.717, 160
Trd, 000216.300, 100
Trd, 000216.450, 114
Trd, 000216.483, 155
Trd, 000217.183, 155
Trd, 000217.800, 135
Trd, 000217.817, 125
Trd, 000218.400, 150
Trd, 000221.250, 170
Trd, 000221.283, 115
Trd, 000221.350, 175
Trd, 000221.633, 152
Trd, 000221.833, 140
Trd, 000225.467, 146
Trd, 000226.467, 104
Trd, 000227.000, 146
Trd, 000228.550, 171
Trd, 000228.983, 171
Trd, 000229.083, 150
Trd, 000231.217, 133
Trd, 000231.467, 195
Trd, 000231.700, 126
Trd, 000231.817, 129
Trd, 000233.767, 175
Trd, 000235.983, 148
Trd, 000236.367, 167
Trd, 000236.600, 148
Trd, 000237.433, 193
Trd, 000239.000, 164
Trd, 000239.633, 163
Trd, 000241.333, 115
Trd, 000241.667, 165
Trd, 000242.017, 182
Trd, 000242.400, 148
Trd, 000242.717, 147
Trd, 000244.483, 148
Trd, 000246.317, 190
Trd, 000246.533, 140
Trd, 000247.067, 127
Trd, 000247.917, 138
Trd, 000249.283, 153
Trd, 000249.650, 131
Trd, 000251.600, 158
Trd, 000251.833, 148
Trd, 000252.567, 134
Trd, 000252.900, 164
Trd, 000253.483, 137
Trd, 000253.900, 176
Trd, 000254.350, 133
Trd, 000255.100, 157
Trd, 000255.733, 171
Trd, 000256.633, 111
Trd, 000256.717, 119
Trd, 000256.800, 117
Trd, 000257.367, 184
Trd, 000257.950, 158
Trd, 000258.017, 148
Trd, 000259.267, 155
Trd, 000259.900, 158
Trd, 000260.117, 162
Trd, 000260.550, 172
Trd, 000261.333, 115
Trd, 000262.300, 124
Trd, 000262.683, 103
Trd, 000262.900, 128
Trd, 000263.483, 134
Trd, 000263.717, 159
Trd, 000266.450, 140
Trd, 000267.233, 165
Trd, 000267.367, 145
Trd, 000267.583, 144
Trd, 000267.917, 163
Trd, 000268.717, 167
Trd, 000270.983, 161
Trd, 000271.650, 181
Trd, 000271.667, 169
Trd, 000272.250, 141
Trd, 000273.200, 145
Trd, 000274.217, 176
Trd, 000274.367, 150
Trd, 000275.083, 148
Trd, 000275.333, 167
Trd, 000277.217, 161
Trd, 000277.383, 163
Trd, 000277.633, 151
Trd, 000278.533, 156
Trd, 000279.983, 151
Trd, 000280.367, 166
Trd, 000280.933, 175
Trd, 000281.633, 171
Trd, 000281.667, 133
Trd, 000282.200, 185
Trd, 000282.550, 157
Trd, 000282.933, 155
Trd, 000283.017, 155
Trd, 000285.217, 151
Trd, 000285.517, 159
Trd, 000285.933, 172
Trd, 000286.900, 156
Trd, 000286.983, 142
Trd, 000287.000, 133
Trd, 000287.400, 180
Trd, 000287.967, 167
Trd, 000290.600, 147
Trd, 000291.517, 111
Trd, 000292.183, 123
Trd, 000292.250, 143
Trd, 000293.717, 169
Trd, 000293.917, 171
Trd, 000295.550, 176
Trd, 000295.817, 145
Trd, 000296.900, 146
Trd, 000297.033, 146
Trd, 000297.400, 141
Trd, 000297.567, 165
Trd, 000297.733, 143
Trd, 000298.317, 132
