Trd, 000005.333, 148
Trd, 000005.383, 145
Trd, 000005.467, 169
Trd, 000006.500, 155
Trd, 000006.583, 139
Trd, 000006.983, 172
Trd, 000007.450, 158
Trd, 000008.033, 140
Trd, 000008.550, 144
Trd, 000009.083, 135
Trd, 000009.300, 137
Trd, 000010.417, 157
Trd, 000011.017, 176
Trd, 000011.750, 184
Trd, 000012.033, 167
Trd, 000012.733, 151
Trd, 000015.683, 150
Trd, 000016.017, 156
Trd, 000016.500, 167
Trd, 000016.700, 171
Trd, 000017.467, 175
Trd, 000017.517, 154
Trd, 000019.300, 171
Trd, 000019.667, 148
Trd, 000020.283, 180
Trd, 000020.950, 147
Trd, 000021.283, 177
Trd, 000021.717, 145
Trd, 000021.983, 150
Trd, 000024.300, 174
Trd, 000024.383, 155
Trd, 000026.033, 168
Trd, 000026.733, 149
Trd, 000026.867, 144
Trd, 000027.450, 157
Trd, 000030.017, 163
Trd, 000030.500, 163
Trd, 000030.550, 170
Trd, 000031.050, 191
Trd, 000034.450, 168
Trd, 000034.850, 155
Trd, 000035.000, 161
Trd, 000035.283, 165
Trd, 000035.467, 169
Trd, 000035.817, 148
Trd, 000036.450, 170
Trd, 000037.567, 151
Trd, 000038.417, 152
Trd, 000040.583, 182
Trd, 000041.250, 162
Trd, 000042.083, 162
Trd, 000042.150, 166
Trd, 000042.700, 154
Trd, 000043.217, 143
Trd, 000044.717, 167
Trd, 000046.100, 167
Trd, 000046.200, 173
Trd, 000047.483, 157
Trd, 000050.383, 190
Trd, 000051.117, 135
Trd, 000051.133, 156
Trd, 000051.917, 170
Trd, 000053.983, 175
Trd, 000056.150, 173
Trd, 000056.567, 154
Trd, 000057.867, 163
Trd, 000060.017, 172
Trd, 000060.633, 140
Trd, 000061.050, 189
Trd, 000061.167, 183
Trd, 000061.450, 172
Trd, 000062.083, 177
Trd, 000063.317, 165
Trd, 000063.967, 164
Trd, 000065.450, 142
Trd, 000066.383, 173
Trd, 000066.833, 170
Trd, 000068.983, 184
Trd, 000069.233, 175
Trd, 000071.367, 165
Trd, 000072.167, 160
Trd, 000072.233, 169
Trd, 000073.233, 159
Trd, 000074.567, 152
Trd, 000074.850, 175
Trd, 000075.733, 164
Trd, 000076.217, 184
Trd, 000078.983, 155
Trd, 000080.783, 148
Trd, 000081.000, 166
Trd, 000081.117, 167
Trd, 000081.650, 152
Trd, 000082.300, 147
Trd, 000082.600, 179
Trd, 000085.667, 163
Trd, 000086.083, 174
Trd, 000086.483, 158
Trd, 000086.500, 162
Trd, 000086.967, 163
Trd, 000088.617, 164
Trd, 000088.667, 151
Trd, 000091.383, 184
Trd, 000092.467, 170
Trd, 000093.550, 169
Trd, 000093.583, 155
Trd, 000093.933, 141
Trd, 000094.333, 156
Trd, 000094.417, 162
Trd, 000095.117, 149
Trd, 000095.733, 140
Trd, 000096.400, 173
Trd, 000096.600, 157
Trd, 000098.200, 182
Trd, 000098.833, 155
Trd, 000100.167, 170
Trd, 000101.033, 168
Trd, 000101.100, 173
Trd, 000102.500, 142
Trd, 000102.717, 137
Trd, 000103.817, 161
Trd, 000103.883, 154
Trd, 000106.217, 144
Trd, 000106.367, 148
Trd, 000106.800, 162
Trd, 000107.417, 147
Trd, 000108.567, 148
Trd, 000108.967, 171
Trd, 000110.183, 155
Trd, 000111.217, 146
Trd, 000111.500, 152
Trd, 000111.950, 151
Trd, 000112.217, 148
Trd, 000112.267, 141
Trd, 000113.583, 158
Trd, 000114.267, 145
Trd, 000116.667, 187
Trd, 000117.433, 158
Trd, 000117.600, 155
Trd, 000118.450, 163
Trd, 000118.617, 160
Trd, 000118.717, 155
Trd, 000119.000, 159
Trd, 000119.500, 168
Trd, 000120.050, 148
Trd, 000120.817, 165
Trd, 000120.933, 167
Trd, 000121.933, 148
Trd, 000123.667, 173
Trd, 000123.733, 154
Trd, 000124.183, 155
Trd, 000125.933, 147
Trd, 000126.133, 152
Trd, 000126.517, 154
Trd, 000128.833, 161
Trd, 000128.950, 158
Trd, 000129.100, 155
Trd, 000129.350, 168
Trd, 000131.333, 160
Trd, 000131.567, 157
Trd, 000132.150, 166
Trd, 000133.767, 170
Trd, 000134.717, 155
Trd, 000135.967, 158
Trd, 000136.683, 172
Trd, 000138.250, 188
Trd, 000138.833, 156
Trd, 000139.367, 154
Trd, 000139.883, 156
Trd, 000140.117, 154
Trd, 000140.917, 177
Trd, 000140.983, 150
Trd, 000141.183, 157
Trd, 000141.833, 175
Trd, 000142.917, 167
Trd, 000143.250, 152
Trd, 000143.933, 148
Trd, 000144.067, 168
Trd, 000146.150, 152
Trd, 000146.267, 166
Trd, 000146.550, 145
Trd, 000147.350, 142
Trd, 000147.750, 163
Trd, 000149.050, 162
Trd, 000149.550, 167
Trd, 000151.283, 167
Trd, 000151.783, 168
Trd, 000151.917, 174
Trd, 000156.500, 165
Trd, 000157.233, 170
Trd, 000157.933, 151
Trd, 000157.967, 182
Trd, 000159.117, 170
Trd, 000161.317, 154
Trd, 000161.500, 188
Trd, 000162.750, 193
Trd, 000162.783, 148
Trd, 000164.100, 184
Trd, 000164.583, 145
Trd, 000166.083, 164
Trd, 000166.250, 172
Trd, 000167.167, 187
Trd, 000167.750, 173
Trd, 000169.950, 160
Trd, 000171.183, 163
Trd, 000171.400, 165
Trd, 000171.950, 153
Trd, 000172.117, 148
Trd, 000172.867, 162
Trd, 000173.200, 169
Trd, 000174.283, 176
Trd, 000175.567, 162
Trd, 000176.417, 144
Trd, 000176.783, 159
Trd, 000177.150, 174
Trd, 000177.383, 196
Trd, 000180.417, 159
Trd, 000180.483, 147
Trd, 000182.233, 151
Trd, 000182.533, 156
Trd, 000183.083, 167
Trd, 000183.317, 159
Trd, 000183.500, 153
Trd, 000185.050, 152
Trd, 000185.450, 147
Trd, 000186.150, 155
Trd, 000186.467, 186
Trd, 000187.333, 162
Trd, 000188.633, 155
Trd, 000189.533, 148
Trd, 000189.700, 156
Trd, 000190.300, 173
Trd, 000191.667, 185
Trd, 000192.033, 155
Trd, 000192.633, 159
Trd, 000192.967, 157
Trd, 000193.267, 170
Trd, 000194.900, 171
Trd, 000195.383, 155
Trd, 000197.000, 153
Trd, 000197.167, 157
Trd, 000197.267, 147
Trd, 000197.833, 147
Trd, 000198.017, 171
Trd, 000198.433, 149
Trd, 000199.833, 135
Trd, 000201.933, 159
Trd, 000202.000, 184
Trd, 000202.533, 164
Trd, 000204.200, 176
Trd, 000205.050, 167
Trd, 000206.500, 186
Trd, 000206.583, 190
Trd, 000207.667, 143
Trd, 000207.717, 144
Trd, 000208.017, 152
Trd, 000208.233, 151
Trd, 000208.550, 147
Trd, 000211.317, 156
Trd, 000212.200, 146
Trd, 000212.517, 200
Trd, 000212.633, 146
Trd, 000214.617, 155
Trd, 000215.433, 157
Trd, 000216.167, 180
Trd, 000216.600, 172
Trd, 000217.883, 172
Trd, 000218.333, 153
Trd, 000222.183, 175
Trd, 000222.433, 167
Trd, 000222.967, 173
Trd, 000225.700, 163
Trd, 000226.633, 164
Trd, 000229.583, 160
Trd, 000229.767, 158
Trd, 000229.983, 159
Trd, 000230.350, 163
Trd, 000231.917, 150
Trd, 000232.450, 151
Trd, 000233.150, 148
Trd, 000233.633, 143
Trd, 000234.400, 163
Trd, 000234.733, 147
Trd, 000236.650, 169
Trd, 000237.517, 189
Trd, 000238.000, 158
Trd, 000238.517, 162
Trd, 000239.033, 166
Trd, 000240.467, 173
Trd, 000240.883, 155
Trd, 000241.383, 169
Trd, 000241.767, 176
Trd, 000241.967, 177
Trd, 000242.483, 161
Trd, 000243.417, 169
Trd, 000244.800, 171
Trd, 000246.017, 154
Trd, 000246.033, 153
Trd, 000246.100, 152
Trd, 000246.367, 161
Trd, 000248.083, 154
Trd, 000248.717, 155
Trd, 000248.967, 170
Trd, 000250.917, 149
Trd, 000251.733, 158
Trd, 000251.850, 172
Trd, 000252.033, 160
Trd, 000253.050, 160
Trd, 000255.300, 148
Trd, 000256.333, 128
Trd, 000256.850, 156
Trd, 000257.167, 183
Trd, 000257.183, 153
Trd, 000257.783, 156
Trd, 000257.983, 181
Trd, 000261.300, 177
Trd, 000262.367, 167
Trd, 000263.667, 157
Trd, 000263.850, 158
Trd, 000265.983, 161
Trd, 000266.650, 177
Trd, 000267.383, 156
Trd, 000267.717, 177
Trd, 000268.567, 174
Trd, 000270.517, 166
Trd, 000271.450, 178
Trd, 000272.067, 147
Trd, 000274.733, 156
Trd, 000276.550, 178
Trd, 000277.333, 170
Trd, 000277.367, 166
Trd, 000277.533, 149
Trd, 000278.733, 152
Trd, 000281.583, 190
Trd, 000281.983, 186
Trd, 000282.017, 163
Trd, 000282.683, 149
Trd, 000282.900, 163
Trd, 000285.867, 166
Trd, 000286.533, 148
Trd, 000286.867, 148
Trd, 000287.767, 186
Trd, 000288.333, 169
Trd, 000289.067, 171
Trd, 000290.467, 151
Trd, 000293.933, 176
Trd, 000295.333, 171
Trd, 000295.633, 182
Trd, 000295.833, 159
Trd, 000296.467, 164
Trd, 000296.633, 191
Trd, 000296.767, 156
Trd, 000296.817, 146
Trd, 000297.600, 177
Trd, 000298.033, 164
