Trd, 000005.217, 130
Trd, 000005.250, 117
Trd, 000005.333, 109
Trd, 000005.517, 143
Trd, 000005.967, 135
Trd, 000007.967, 162
Trd, 000008.733, 171
Trd, 000008.750, 161
Trd, 000009.083, 159
Trd, 000010.317, 127
Trd, 000010.883, 138
Trd, 000011.067, 144
Trd, 000011.883, 149
Trd, 000012.517, 157
Trd, 000013.733, 149
Trd, 000014.067, 141
Trd, 000015.383, 149
Trd, 000015.500, 148
Trd, 000015.533, 144
Trd, 000015.850, 144
Trd, 000016.317, 135
Trd, 000017.033, 145
Trd, 000017.183, 162
Trd, 000017.867, 171
Trd, 000020.417, 176
Trd, 000020.467, 159
Trd, 000020.783, 146
Trd, 000022.233, 158
Trd, 000022.667, 167
Trd, 000022.850, 157
Trd, 000023.667, 146
Trd, 000025.617, 163
Trd, 000025.850, 149
Trd, 000026.117, 141
Trd, 000027.283, 153
Trd, 000027.633, 152
Trd, 000028.550, 162
Trd, 000031.300, 158
Trd, 000031.417, 162
Trd, 000031.900, 144
Trd, 000032.350, 137
Trd, 000032.383, 134
Trd, 000032.550, 155
Trd, 000032.650, 158
Trd, 000035.450, 113
Trd, 000035.650, 150
Trd, 000036.000, 146
Trd, 000036.150, 152
Trd, 000036.367, 150
Trd, 000036.417, 135
Trd, 000037.050, 144
Trd, 000040.350, 111
Trd, 000040.383, 124
Trd, 000040.533, 142
Trd, 000040.783, 147
Trd, 000040.850, 132
Trd, 000042.000, 143
Trd, 000042.267, 157
Trd, 000045.000, 152
Trd, 000045.367, 158
Trd, 000045.950, 123
Trd, 000046.117, 121
Trd, 000046.467, 160
Trd, 000047.267, 147
Trd, 000047.517, 151
Trd, 000047.533, 153
Trd, 000048.650, 144
Trd, 000050.050, 153
Trd, 000050.633, 138
Trd, 000050.767, 142
Trd, 000051.217, 117
Trd, 000054.033, 156
Trd, 000055.250, 155
Trd, 000055.500, 168
Trd, 000055.550, 167
Trd, 000055.717, 128
Trd, 000055.817, 127
Trd, 000056.383, 148
Trd, 000056.500, 160
Trd, 000056.550, 148
Trd, 000059.133, 169
Trd, 000060.217, 163
Trd, 000060.567, 127
Trd, 000061.000, 127
Trd, 000061.517, 126
Trd, 000061.817, 132
Trd, 000062.000, 141
Trd, 000062.600, 149
Trd, 000063.167, 162
Trd, 000063.483, 150
Trd, 000063.900, 154
Trd, 000063.917, 168
Trd, 000064.750, 182
Trd, 000065.683, 113
Trd, 000066.233, 124
Trd, 000067.350, 132
Trd, 000067.717, 162
Trd, 000068.217, 156
Trd, 000069.683, 154
Trd, 000070.533, 146
Trd, 000070.767, 126
Trd, 000071.433, 141
Trd, 000071.617, 139
Trd, 000071.667, 168
Trd, 000071.933, 154
Trd, 000075.900, 132
Trd, 000075.950, 139
Trd, 000076.400, 145
Trd, 000076.633, 131
Trd, 000077.100, 135
Trd, 000077.317, 154
Trd, 000077.650, 162
Trd, 000077.817, 148
Trd, 000078.617, 144
Trd, 000078.700, 135
Trd, 000080.617, 162
Trd, 000081.233, 140
Trd, 000082.467, 145
Trd, 000082.683, 156
Trd, 000082.917, 148
Trd, 000083.100, 147
Trd, 000084.367, 151
Trd, 000084.800, 151
Trd, 000085.633, 116
Trd, 000085.717, 125
Trd, 000086.100, 110
Trd, 000087.650, 142
Trd, 000089.433, 160
Trd, 000089.717, 153
Trd, 000090.000, 165
Trd, 000090.833, 131
Trd, 000090.917, 125
Trd, 000091.167, 164
Trd, 000092.283, 157
Trd, 000093.083, 156
Trd, 000094.767, 162
Trd, 000095.817, 124
Trd, 000095.917, 122
Trd, 000096.050, 123
Trd, 000096.067, 164
Trd, 000096.983, 161
Trd, 000097.283, 175
Trd, 000098.500, 163
Trd, 000100.267, 171
Trd, 000101.367, 144
Trd, 000101.633, 154
Trd, 000101.650, 133
Trd, 000102.333, 152
Trd, 000102.933, 137
Trd, 000103.800, 160
Trd, 000105.333, 164
Trd, 000105.900, 154
Trd, 000105.967, 124
Trd, 000106.300, 157
Trd, 000106.950, 159
Trd, 000107.117, 148
Trd, 000108.017, 151
Trd, 000110.017, 158
Trd, 000110.417, 144
Trd, 000111.467, 134
Trd, 000112.250, 149
Trd, 000112.933, 160
Trd, 000113.733, 160
Trd, 000115.950, 111
Trd, 000116.317, 130
Trd, 000116.417, 134
Trd, 000117.033, 164
Trd, 000117.417, 129
Trd, 000117.767, 167
Trd, 000117.850, 141
Trd, 000121.000, 121
Trd, 000121.183, 131
Trd, 000121.550, 152
Trd, 000121.883, 159
Trd, 000122.017, 158
Trd, 000123.633, 171
Trd, 000123.800, 149
Trd, 000126.233, 111
Trd, 000126.283, 116
Trd, 000126.600, 147
Trd, 000126.783, 135
Trd, 000127.017, 134
Trd, 000127.467, 138
Trd, 000128.100, 148
Trd, 000129.450, 167
Trd, 000130.833, 112
Trd, 000131.350, 155
Trd, 000132.067, 135
Trd, 000133.267, 171
Trd, 000133.750, 163
Trd, 000135.383, 166
Trd, 000136.133, 168
Trd, 000136.200, 137
Trd, 000137.033, 163
Trd, 000137.133, 158
Trd, 000138.033, 150
Trd, 000138.467, 133
Trd, 000139.250, 140
Trd, 000139.850, 160
Trd, 000140.350, 155
Trd, 000140.967, 124
Trd, 000141.433, 161
Trd, 000141.600, 142
Trd, 000141.800, 141
Trd, 000142.900, 122
Trd, 000143.633, 153
Trd, 000144.067, 157
Trd, 000145.150, 156
Trd, 000146.467, 166
Trd, 000146.517, 145
Trd, 000147.483, 161
Trd, 000147.683, 161
Trd, 000147.783, 150
Trd, 000148.100, 164
Trd, 000149.150, 162
Trd, 000151.350, 151
Trd, 000151.867, 135
Trd, 000152.850, 160
Trd, 000152.933, 158
Trd, 000153.117, 164
Trd, 000154.317, 164
Trd, 000155.133, 161
Trd, 000155.900, 129
Trd, 000156.183, 112
Trd, 000156.367, 121
Trd, 000157.133, 155
Trd, 000157.867, 135
Trd, 000158.250, 157
Trd, 000159.050, 164
Trd, 000161.400, 135
Trd, 000161.500, 178
Trd, 000161.983, 139
Trd, 000163.150, 172
Trd, 000163.867, 174
Trd, 000163.917, 172
Trd, 000164.400, 168
Trd, 000165.867, 169
Trd, 000166.250, 148
Trd, 000166.817, 162
Trd, 000166.983, 164
Trd, 000167.733, 157
Trd, 000168.500, 168
Trd, 000170.183, 173
Trd, 000170.667, 166
Trd, 000171.300, 131
Trd, 000171.867, 139
Trd, 000171.967, 137
Trd, 000172.517, 152
Trd, 000173.067, 170
Trd, 000173.200, 158
Trd, 000176.133, 127
Trd, 000176.317, 127
Trd, 000177.033, 143
Trd, 000177.817, 161
Trd, 000178.483, 172
Trd, 000178.933, 163
Trd, 000179.067, 156
Trd, 000181.633, 180
Trd, 000181.717, 151
Trd, 000182.633, 151
Trd, 000182.733, 144
Trd, 000183.767, 159
Trd, 000184.033, 151
Trd, 000184.450, 147
Trd, 000186.250, 115
Trd, 000186.267, 141
Trd, 000186.550, 141
Trd, 000186.800, 122
Trd, 000187.267, 153
Trd, 000187.417, 140
Trd, 000187.483, 174
Trd, 000189.700, 163
Trd, 000189.750, 163
Trd, 000190.100, 174
Trd, 000191.733, 132
Trd, 000192.150, 145
Trd, 000192.567, 141
Trd, 000193.150, 141
Trd, 000193.550, 162
Trd, 000194.250, 134
Trd, 000195.783, 136
Trd, 000196.233, 111
Trd, 000196.550, 123
Trd, 000197.600, 136
Trd, 000197.717, 151
Trd, 000198.283, 130
Trd, 000198.683, 164
Trd, 000200.350, 149
Trd, 000201.383, 144
Trd, 000201.600, 136
Trd, 000202.050, 140
Trd, 000202.217, 148
Trd, 000202.417, 139
Trd, 000202.950, 163
Trd, 000203.617, 149
Trd, 000206.350, 146
Trd, 000206.667, 168
Trd, 000207.117, 150
Trd, 000207.800, 155
Trd, 000207.850, 155
Trd, 000208.800, 178
Trd, 000210.383, 163
Trd, 000210.717, 150
Trd, 000212.133, 156
Trd, 000212.283, 153
Trd, 000213.217, 160
Trd, 000213.283, 134
Trd, 000213.333, 133
Trd, 000215.233, 143
Trd, 000216.650, 162
Trd, 000216.783, 162
Trd, 000216.917, 153
Trd, 000218.017, 162
Trd, 000218.367, 156
Trd, 000218.517, 140
Trd, 000220.733, 142
Trd, 000221.433, 190
Trd, 000221.650, 181
Trd, 000222.117, 161
Trd, 000222.617, 160
Trd, 000222.700, 155
Trd, 000222.717, 150
Trd, 000223.533, 154
Trd, 000225.517, 147
Trd, 000226.450, 113
Trd, 000226.517, 121
Trd, 000227.283, 132
Trd, 000227.417, 168
Trd, 000227.767, 157
Trd, 000227.900, 141
Trd, 000231.350, 106
Trd, 000231.850, 119
Trd, 000232.067, 129
Trd, 000232.167, 150
Trd, 000232.233, 119
Trd, 000232.450, 154
Trd, 000232.883, 146
Trd, 000234.000, 146
Trd, 000234.483, 152
Trd, 000236.383, 159
Trd, 000236.533, 154
Trd, 000236.700, 153
Trd, 000237.100, 138
Trd, 000237.433, 159
Trd, 000238.400, 154
Trd, 000239.617, 152
Trd, 000240.000, 176
Trd, 000240.167, 152
Trd, 000241.433, 125
Trd, 000242.000, 125
Trd, 000243.033, 152
Trd, 000243.200, 153
Trd, 000243.583, 165
Trd, 000244.067, 150
Trd, 000245.800, 147
Trd, 000246.417, 127
Trd, 000246.717, 120
Trd, 000247.383, 158
Trd, 000247.600, 148
Trd, 000247.833, 172
Trd, 000247.933, 138
Trd, 000250.300, 148
Trd, 000251.283, 173
Trd, 000251.500, 174
Trd, 000251.783, 157
Trd, 000252.683, 188
Trd, 000252.733, 186
Trd, 000253.183, 152
Trd, 000255.000, 152
Trd, 000256.250, 143
Trd, 000256.600, 118
Trd, 000256.667, 121
Trd, 000257.550, 140
Trd, 000259.083, 151
Trd, 000259.550, 145
Trd, 000261.450, 128
Trd, 000262.017, 152
Trd, 000262.283, 137
Trd, 000262.400, 133
Trd, 000262.417, 139
Trd, 000263.250, 155
Trd, 000264.367, 156
Trd, 000264.717, 173
Trd, 000266.800, 167
Trd, 000267.117, 167
Trd, 000267.267, 161
Trd, 000268.050, 170
Trd, 000268.750, 154
Trd, 000269.067, 157
Trd, 000269.700, 153
Trd, 000271.600, 128
Trd, 000271.917, 154
Trd, 000272.050, 153
Trd, 000272.617, 146
Trd, 000272.967, 153
Trd, 000273.683, 156
Trd, 000274.017, 170
Trd, 000274.250, 141
Trd, 000276.600, 164
Trd, 000276.917, 154
Trd, 000277.333, 160
Trd, 000277.517, 178
Trd, 000277.550, 156
Trd, 000277.683, 142
Trd, 000278.517, 152
Trd, 000280.800, 158
Trd, 000281.850, 120
Trd, 000282.667, 110
Trd, 000283.083, 148
Trd, 000283.900, 142
Trd, 000285.100, 173
Trd, 000285.467, 151
Trd, 000287.500, 170
Trd, 000288.017, 168
Trd, 000288.100, 167
Trd, 000288.250, 155
Trd, 000289.533, 163
Trd, 000291.000, 161
Trd, 000291.517, 116
Trd, 000291.567, 146
Trd, 000291.950, 123
Trd, 000292.500, 124
Trd, 000292.817, 155
Trd, 000294.800, 152
Trd, 000294.950, 151
Trd, 000295.000, 175
Trd, 000295.900, 176
Trd, 000296.850, 142
Trd, 000296.983, 151
Trd, 000297.017, 140
Trd, 000297.317, 135
Trd, 000298.800, 161
Trd, 000299.317, 150
