Trd, 000005.117, 133
Trd, 000005.467, 149
Trd, 000005.917, 144
Trd, 000006.500, 152
Trd, 000006.983, 153
Trd, 000009.383, 152
Trd, 000009.817, 135
Trd, 000010.133, 156
Trd, 000010.583, 134
Trd, 000011.833, 136
Trd, 000012.383, 155
Trd, 000015.933, 139
Trd, 000016.733, 140
Trd, 000017.033, 143
Trd, 000017.117, 144
Trd, 000018.183, 141
Trd, 000018.733, 137
Trd, 000020.583, 182
Trd, 000021.900, 150
Trd, 000022.067, 162
Trd, 000022.200, 146
Trd, 000023.100, 179
Trd, 000023.300, 154
Trd, 000023.800, 166
Trd, 000023.967, 143
Trd, 000024.633, 149
Trd, 000025.133, 174
Trd, 000025.533, 147
Trd, 000026.100, 155
Trd, 000026.683, 139
Trd, 000027.533, 159
Trd, 000030.350, 131
Trd, 000030.517, 183
Trd, 000031.350, 144
Trd, 000031.500, 169
Trd, 000032.500, 159
Trd, 000033.733, 139
Trd, 000034.850, 134
Trd, 000035.517, 132
Trd, 000036.200, 141
Trd, 000036.367, 170
Trd, 000037.083, 143
Trd, 000041.450, 196
Trd, 000042.300, 171
Trd, 000042.633, 164
Trd, 000042.917, 179
Trd, 000042.933, 159
Trd, 000043.450, 152
Trd, 000044.333, 158
Trd, 000045.883, 127
Trd, 000047.700, 159
Trd, 000048.217, 154
Trd, 000049.400, 151
Trd, 000049.733, 172
Trd, 000051.250, 167
Trd, 000051.450, 166
Trd, 000051.467, 156
Trd, 000051.900, 158
Trd, 000052.200, 147
Trd, 000052.667, 145
Trd, 000055.700, 133
Trd, 000055.950, 161
Trd, 000056.100, 141
Trd, 000056.217, 163
Trd, 000058.900, 160
Trd, 000061.117, 129
Trd, 000061.183, 125
Trd, 000061.850, 142
Trd, 000061.883, 143
Trd, 000062.467, 159
Trd, 000062.717, 153
Trd, 000065.633, 123
Trd, 000065.683, 149
Trd, 000066.000, 185
Trd, 000066.333, 184
Trd, 000067.167, 180
Trd, 000070.700, 176
Trd, 000070.733, 153
Trd, 000071.817, 151
Trd, 000072.017, 148
Trd, 000074.567, 167
Trd, 000075.367, 162
Trd, 000076.117, 140
Trd, 000077.300, 142
Trd, 000078.333, 144
Trd, 000078.667, 167
Trd, 000079.617, 149
Trd, 000080.567, 140
Trd, 000081.300, 134
Trd, 000081.800, 131
Trd, 000082.367, 148
Trd, 000083.150, 138
Trd, 000085.567, 172
Trd, 000086.017, 159
Trd, 000087.067, 127
Trd, 000088.983, 132
Trd, 000089.167, 145
Trd, 000089.417, 166
Trd, 000090.867, 171
Trd, 000091.683, 124
Trd, 000093.367, 156
Trd, 000094.083, 144
Trd, 000095.100, 170
Trd, 000096.333, 151
Trd, 000097.317, 167
Trd, 000098.200, 163
Trd, 000098.367, 169
Trd, 000098.883, 151
Trd, 000100.417, 126
Trd, 000101.000, 170
Trd, 000101.600, 139
Trd, 000101.617, 137
Trd, 000101.833, 134
Trd, 000102.817, 146
Trd, 000104.783, 134
Trd, 000106.600, 170
Trd, 000107.433, 174
Trd, 000107.600, 152
Trd, 000108.083, 190
Trd, 000108.317, 151
Trd, 000109.383, 149
Trd, 000110.867, 129
Trd, 000111.850, 193
Trd, 000112.617, 162
Trd, 000113.283, 156
Trd, 000113.583, 152
Trd, 000114.200, 146
Trd, 000117.083, 152
Trd, 000117.100, 146
Trd, 000118.083, 154
Trd, 000118.250, 152
Trd, 000118.317, 150
Trd, 000118.583, 167
Trd, 000119.383, 171
Trd, 000120.917, 190
Trd, 000121.250, 166
Trd, 000121.717, 159
Trd, 000122.383, 157
Trd, 000122.767, 149
Trd, 000124.533, 153
Trd, 000126.050, 178
Trd, 000126.733, 144
Trd, 000127.417, 134
Trd, 000128.533, 172
Trd, 000128.783, 140
Trd, 000129.300, 161
Trd, 000129.783, 170
Trd, 000131.200, 162
Trd, 000131.767, 152
Trd, 000131.850, 170
Trd, 000133.200, 147
Trd, 000133.250, 138
Trd, 000134.500, 162
Trd, 000135.550, 148
Trd, 000136.017, 163
Trd, 000136.633, 170
Trd, 000136.883, 168
Trd, 000136.917, 156
Trd, 000137.717, 153
Trd, 000140.250, 177
Trd, 000141.067, 127
Trd, 000141.183, 138
Trd, 000141.683, 151
Trd, 000142.183, 190
Trd, 000142.433, 181
Trd, 000146.083, 160
Trd, 000146.267, 155
Trd, 000146.950, 142
Trd, 000151.350, 156
Trd, 000151.683, 157
Trd, 000152.233, 133
Trd, 000152.267, 133
Trd, 000152.533, 164
Trd, 000153.317, 151
Trd, 000154.800, 140
Trd, 000156.083, 132
Trd, 000156.700, 130
Trd, 000156.900, 167
Trd, 000157.583, 167
Trd, 000158.217, 131
Trd, 000158.767, 123
Trd, 000161.517, 160
Trd, 000161.567, 179
Trd, 000163.900, 146
Trd, 000164.767, 147
Trd, 000164.933, 144
Trd, 000165.183, 149
Trd, 000165.367, 140
Trd, 000166.283, 112
Trd, 000166.533, 145
Trd, 000167.400, 183
Trd, 000167.633, 176
Trd, 000170.600, 151
Trd, 000171.183, 150
Trd, 000171.500, 129
Trd, 000171.883, 139
Trd, 000172.600, 144
Trd, 000173.233, 137
Trd, 000175.783, 150
Trd, 000176.083, 172
Trd, 000176.233, 150
Trd, 000176.450, 145
Trd, 000177.267, 159
Trd, 000177.750, 188
Trd, 000179.183, 146
Trd, 000181.333, 152
Trd, 000181.533, 149
Trd, 000181.917, 157
Trd, 000182.083, 136
Trd, 000185.750, 160
Trd, 000186.250, 182
Trd, 000186.967, 171
Trd, 000187.500, 121
Trd, 000188.300, 144
Trd, 000189.133, 133
Trd, 000191.433, 137
Trd, 000191.850, 164
Trd, 000191.900, 154
Trd, 000194.050, 154
Trd, 000194.717, 154
Trd, 000195.050, 148
Trd, 000195.833, 139
Trd, 000196.517, 179
Trd, 000197.067, 172
Trd, 000197.433, 166
Trd, 000197.983, 198
Trd, 000198.283, 154
Trd, 000198.700, 147
Trd, 000200.333, 156
Trd, 000201.550, 121
Trd, 000201.567, 135
Trd, 000201.617, 142
Trd, 000202.517, 166
Trd, 000202.817, 141
Trd, 000203.233, 146
Trd, 000203.850, 153
Trd, 000206.433, 153
Trd, 000207.317, 160
Trd, 000207.450, 167
Trd, 000207.883, 154
Trd, 000208.167, 168
Trd, 000210.217, 142
Trd, 000210.533, 136
Trd, 000211.267, 133
Trd, 000212.150, 140
Trd, 000213.083, 153
Trd, 000214.267, 146
Trd, 000216.267, 125
Trd, 000216.850, 186
Trd, 000216.967, 179
Trd, 000217.750, 143
Trd, 000218.200, 138
Trd, 000219.300, 142
Trd, 000220.600, 139
Trd, 000221.267, 116
Trd, 000221.633, 169
Trd, 000222.083, 157
Trd, 000222.817, 182
Trd, 000222.967, 137
Trd, 000226.517, 174
Trd, 000226.550, 151
Trd, 000227.017, 167
Trd, 000227.667, 164
Trd, 000230.400, 149
Trd, 000231.283, 155
Trd, 000231.683, 151
Trd, 000232.133, 157
Trd, 000232.233, 161
Trd, 000232.350, 137
Trd, 000233.900, 166
Trd, 000234.733, 134
Trd, 000236.133, 134
Trd, 000236.417, 175
Trd, 000236.650, 174
Trd, 000236.683, 156
Trd, 000236.850, 155
Trd, 000237.333, 161
Trd, 000240.883, 145
Trd, 000241.350, 116
Trd, 000241.583, 134
Trd, 000241.833, 179
Trd, 000242.300, 178
Trd, 000242.800, 177
Trd, 000243.667, 171
Trd, 000244.367, 156
Trd, 000246.783, 191
Trd, 000247.083, 178
Trd, 000247.450, 156
Trd, 000247.700, 157
Trd, 000248.367, 148
Trd, 000248.500, 175
Trd, 000250.167, 169
Trd, 000251.033, 139
Trd, 000251.683, 180
Trd, 000252.717, 174
Trd, 000253.033, 152
Trd, 000253.850, 159
Trd, 000253.867, 163
Trd, 000253.950, 146
Trd, 000256.867, 157
Trd, 000258.250, 152
Trd, 000259.017, 176
Trd, 000260.050, 131
Trd, 000260.117, 130
Trd, 000260.233, 131
Trd, 000260.817, 137
Trd, 000261.667, 141
Trd, 000262.133, 149
Trd, 000262.933, 146
Trd, 000263.867, 147
Trd, 000265.200, 135
Trd, 000266.683, 200
Trd, 000268.283, 192
Trd, 000268.400, 146
Trd, 000269.033, 142
Trd, 000269.050, 142
Trd, 000269.550, 149
Trd, 000269.933, 159
Trd, 000271.283, 161
Trd, 000271.667, 135
Trd, 000272.033, 159
Trd, 000273.683, 162
Trd, 000273.867, 173
Trd, 000274.217, 161
Trd, 000274.433, 151
Trd, 000275.017, 157
Trd, 000275.367, 138
Trd, 000275.550, 138
Trd, 000276.417, 104
Trd, 000277.717, 132
Trd, 000278.100, 148
Trd, 000278.817, 146
Trd, 000279.483, 133
Trd, 000279.717, 155
Trd, 000281.600, 147
Trd, 000282.183, 137
Trd, 000282.233, 156
Trd, 000282.533, 155
Trd, 000286.683, 184
Trd, 000286.817, 128
Trd, 000288.683, 135
Trd, 000288.917, 152
Trd, 000289.183, 141
Trd, 000289.683, 152
Trd, 000290.283, 165
Trd, 000291.167, 142
Trd, 000291.583, 189
Trd, 000292.183, 138
Trd, 000293.017, 151
Trd, 000293.367, 170
Trd, 000293.800, 160
Trd, 000295.250, 149
Trd, 000297.050, 155
Trd, 000297.767, 165
Trd, 000297.950, 155
Trd, 000298.100, 154
Trd, 000298.300, 152
