Trd, 000005.317, 132
Trd, 000005.333, 136
Trd, 000005.767, 153
Trd, 000005.900, 173
Trd, 000006.167, 142
Trd, 000006.450, 145
Trd, 000006.867, 142
Trd, 000006.950, 146
Trd, 000007.217, 148
Trd, 000007.450, 140
Trd, 000010.100, 107
Trd, 000010.367, 186
Trd, 000010.483, 191
Trd, 000010.850, 185
Trd, 000011.283, 161
Trd, 000011.767, 171
Trd, 000014.133, 152
Trd, 000015.267, 149
Trd, 000015.750, 154
Trd, 000015.867, 155
Trd, 000015.983, 157
Trd, 000017.267, 155
Trd, 000017.300, 155
Trd, 000018.633, 148
Trd, 000020.100, 108
Trd, 000020.267, 157
Trd, 000020.367, 131
Trd, 000020.733, 148
Trd, 000025.533, 143
Trd, 000025.900, 125
Trd, 000026.000, 153
Trd, 000026.050, 166
Trd, 000027.517, 162
Trd, 000028.250, 159
Trd, 000028.433, 163
Trd, 000030.683, 186
Trd, 000031.000, 150
Trd, 000031.817, 168
Trd, 000032.033, 152
Trd, 000034.683, 149
Trd, 000035.150, 151
Trd, 000035.567, 138
Trd, 000035.800, 146
Trd, 000035.817, 150
Trd, 000036.250, 141
Trd, 000036.717, 154
Trd, 000037.350, 160
Trd, 000037.433, 151
Trd, 000040.800, 124
Trd, 000040.867, 112
Trd, 000041.217, 139
Trd, 000042.633, 143
Trd, 000042.783, 145
Trd, 000043.517, 147
Trd, 000044.650, 153
Trd, 000045.200, 162
Trd, 000045.550, 176
Trd, 000045.683, 122
Trd, 000046.017, 158
Trd, 000046.733, 168
Trd, 000047.833, 162
Trd, 000048.767, 167
Trd, 000050.467, 128
Trd, 000051.350, 178
Trd, 000052.633, 146
Trd, 000053.467, 145
Trd, 000053.483, 152
Trd, 000055.517, 139
Trd, 000055.917, 149
Trd, 000056.467, 155
Trd, 000056.783, 146
Trd, 000056.967, 147
Trd, 000058.667, 159
Trd, 000058.767, 151
Trd, 000059.950, 147
Trd, 000060.617, 159
Trd, 000060.850, 129
Trd, 000061.000, 125
Trd, 000061.017, 132
Trd, 000062.233, 151
Trd, 000062.300, 174
Trd, 000064.800, 154
Trd, 000065.033, 159
Trd, 000066.117, 151
Trd, 000066.483, 149
Trd, 000067.433, 177
Trd, 000067.450, 161
Trd, 000067.550, 154
Trd, 000069.700, 145
Trd, 000070.900, 175
Trd, 000071.217, 162
Trd, 000071.333, 160
Trd, 000071.867, 164
Trd, 000072.333, 151
Trd, 000072.633, 150
Trd, 000075.000, 160
Trd, 000076.200, 150
Trd, 000076.917, 145
Trd, 000077.483, 152
Trd, 000077.650, 143
Trd, 000078.583, 139
Trd, 000079.833, 166
Trd, 000080.600, 146
Trd, 000080.800, 183
Trd, 000080.950, 148
Trd, 000081.083, 143
Trd, 000083.917, 155
Trd, 000086.700, 164
Trd, 000087.100, 168
Trd, 000087.500, 149
Trd, 000087.583, 146
Trd, 000088.750, 144
Trd, 000089.300, 165
Trd, 000090.833, 139
Trd, 000091.183, 122
Trd, 000091.667, 128
Trd, 000091.850, 131
Trd, 000091.867, 133
Trd, 000091.967, 146
Trd, 000092.333, 163
Trd, 000093.200, 174
Trd, 000096.033, 142
Trd, 000096.500, 154
Trd, 000096.583, 158
Trd, 000097.200, 159
Trd, 000097.417, 161
Trd, 000097.950, 162
Trd, 000098.100, 146
Trd, 000099.033, 151
Trd, 000099.450, 145
Trd, 000100.300, 165
Trd, 000100.983, 163
Trd, 000101.033, 135
Trd, 000101.917, 149
Trd, 000101.933, 145
Trd, 000103.083, 179
Trd, 000103.667, 170
Trd, 000103.683, 150
Trd, 000103.983, 169
Trd, 000105.783, 124
Trd, 000106.050, 116
Trd, 000106.100, 118
Trd, 000106.133, 148
Trd, 000108.183, 160
Trd, 000108.333, 165
Trd, 000108.933, 152
Trd, 000109.717, 176
Trd, 000111.000, 165
Trd, 000111.800, 150
Trd, 000112.567, 150
Trd, 000112.683, 161
Trd, 000116.350, 139
Trd, 000116.600, 150
Trd, 000116.833, 149
Trd, 000117.867, 150
Trd, 000117.967, 156
Trd, 000118.500, 146
Trd, 000118.583, 145
Trd, 000121.617, 130
Trd, 000121.733, 117
Trd, 000122.400, 181
Trd, 000122.550, 148
Trd, 000122.833, 143
Trd, 000125.417, 180
Trd, 000126.733, 157
Trd, 000128.517, 161
Trd, 000128.733, 148
Trd, 000129.000, 162
Trd, 000129.317, 145
Trd, 000130.550, 153
Trd, 000130.850, 149
Trd, 000131.300, 164
Trd, 000132.167, 179
Trd, 000132.750, 175
Trd, 000132.817, 163
Trd, 000133.483, 144
Trd, 000134.650, 183
Trd, 000135.417, 175
Trd, 000137.133, 154
Trd, 000137.250, 151
Trd, 000138.350, 169
Trd, 000138.767, 161
Trd, 000139.250, 155
Trd, 000139.333, 182
Trd, 000140.533, 168
Trd, 000140.917, 151
Trd, 000141.283, 155
Trd, 000141.967, 147
Trd, 000142.500, 155
Trd, 000142.950, 153
Trd, 000143.983, 173
Trd, 000145.867, 148
Trd, 000146.017, 137
Trd, 000146.767, 148
Trd, 000147.950, 141
Trd, 000150.300, 145
Trd, 000151.833, 149
Trd, 000151.883, 163
Trd, 000152.050, 145
Trd, 000152.683, 151
Trd, 000152.717, 167
Trd, 000153.450, 170
Trd, 000154.067, 140
Trd, 000155.517, 161
Trd, 000156.367, 125
Trd, 000156.733, 151
Trd, 000157.067, 148
Trd, 000157.167, 148
Trd, 000157.250, 145
Trd, 000157.517, 153
Trd, 000159.800, 148
Trd, 000161.383, 135
Trd, 000161.467, 141
Trd, 000161.483, 125
Trd, 000162.050, 145
Trd, 000162.633, 146
Trd, 000166.033, 134
Trd, 000166.367, 143
Trd, 000166.867, 161
Trd, 000167.033, 142
Trd, 000167.167, 180
Trd, 000168.900, 169
Trd, 000169.783, 164
Trd, 000170.550, 151
Trd, 000171.150, 142
Trd, 000171.200, 144
Trd, 000171.350, 172
Trd, 000172.167, 152
Trd, 000172.600, 174
Trd, 000172.667, 183
Trd, 000172.800, 145
Trd, 000175.283, 155
Trd, 000176.583, 138
Trd, 000176.750, 176
Trd, 000177.283, 143
Trd, 000178.083, 149
Trd, 000178.600, 152
Trd, 000178.633, 153
Trd, 000178.917, 154
Trd, 000179.633, 137
Trd, 000181.283, 108
Trd, 000181.500, 118
Trd, 000183.950, 141
Trd, 000184.067, 146
Trd, 000184.483, 152
Trd, 000185.917, 154
Trd, 000186.150, 138
Trd, 000186.317, 105
Trd, 000187.417, 154
Trd, 000187.600, 144
Trd, 000188.933, 172
Trd, 000189.433, 165
Trd, 000189.967, 173
Trd, 000190.283, 140
Trd, 000190.567, 151
Trd, 000191.833, 171
Trd, 000192.583, 183
Trd, 000192.883, 165
Trd, 000193.217, 151
Trd, 000193.583, 144
Trd, 000194.000, 143
Trd, 000195.050, 156
Trd, 000195.117, 154
Trd, 000196.333, 124
Trd, 000196.367, 169
Trd, 000196.667, 154
Trd, 000196.900, 158
Trd, 000197.033, 148
Trd, 000197.700, 163
Trd, 000201.083, 146
Trd, 000202.167, 147
Trd, 000202.183, 149
Trd, 000202.733, 153
Trd, 000203.667, 154
Trd, 000203.900, 152
Trd, 000205.917, 157
Trd, 000206.350, 134
Trd, 000206.917, 190
Trd, 000206.933, 155
Trd, 000206.983, 150
Trd, 000207.683, 146
Trd, 000208.433, 158
Trd, 000209.167, 160
Trd, 000211.050, 163
Trd, 000211.383, 154
Trd, 000211.650, 143
Trd, 000211.783, 166
Trd, 000212.000, 155
Trd, 000212.683, 165
Trd, 000213.267, 162
Trd, 000214.017, 174
Trd, 000214.733, 147
Trd, 000215.067, 145
Trd, 000215.367, 161
Trd, 000216.250, 142
Trd, 000218.517, 157
Trd, 000219.817, 171
Trd, 000220.017, 173
Trd, 000221.617, 134
Trd, 000222.067, 146
Trd, 000223.300, 150
Trd, 000223.650, 139
Trd, 000223.750, 152
Trd, 000223.817, 134
Trd, 000226.400, 167
Trd, 000228.100, 141
Trd, 000228.633, 135
Trd, 000228.917, 165
Trd, 000229.083, 151
Trd, 000230.217, 148
Trd, 000230.833, 151
Trd, 000231.467, 156
Trd, 000231.750, 136
Trd, 000232.000, 157
Trd, 000232.133, 128
Trd, 000232.650, 161
Trd, 000232.983, 152
Trd, 000234.500, 154
Trd, 000236.467, 151
Trd, 000236.833, 148
Trd, 000237.483, 140
Trd, 000237.583, 134
Trd, 000238.567, 150
Trd, 000238.983, 138
Trd, 000240.783, 151
Trd, 000241.600, 145
Trd, 000241.750, 149
Trd, 000242.683, 168
Trd, 000243.383, 174
Trd, 000244.367, 151
Trd, 000244.550, 153
Trd, 000246.367, 177
Trd, 000247.100, 173
Trd, 000248.400, 155
Trd, 000248.450, 151
Trd, 000250.917, 154
Trd, 000250.950, 158
Trd, 000251.000, 161
Trd, 000251.233, 181
Trd, 000251.900, 152
Trd, 000251.933, 154
Trd, 000252.467, 149
Trd, 000252.717, 142
Trd, 000253.567, 131
Trd, 000254.967, 159
Trd, 000255.467, 162
Trd, 000256.367, 158
Trd, 000256.467, 129
Trd, 000257.600, 144
Trd, 000258.133, 175
Trd, 000258.300, 150
Trd, 000259.650, 170
Trd, 000260.350, 166
Trd, 000261.350, 174
Trd, 000261.417, 122
Trd, 000262.233, 160
Trd, 000262.550, 164
Trd, 000264.350, 151
Trd, 000264.500, 151
Trd, 000266.867, 148
Trd, 000267.633, 163
Trd, 000267.750, 149
Trd, 000268.967, 177
Trd, 000270.183, 144
Trd, 000271.600, 181
Trd, 000272.233, 150
Trd, 000274.083, 163
Trd, 000274.150, 152
Trd, 000274.167, 147
Trd, 000274.267, 165
Trd, 000276.600, 150
Trd, 000277.467, 165
Trd, 000277.883, 160
Trd, 000278.733, 171
Trd, 000279.200, 150
Trd, 000281.133, 162
Trd, 000281.483, 131
Trd, 000282.283, 146
Trd, 000282.700, 150
Trd, 000283.100, 154
Trd, 000283.750, 148
Trd, 000284.500, 155
Trd, 000285.533, 148
Trd, 000287.217, 163
Trd, 000288.233, 163
Trd, 000288.400, 147
Trd, 000289.333, 146
Trd, 000289.650, 144
Trd, 000292.533, 157
Trd, 000292.600, 151
Trd, 000293.067, 145
Trd, 000293.450, 148
Trd, 000293.700, 150
Trd, 000294.267, 158
Trd, 000295.750, 156
Trd, 000297.000, 172
Trd, 000297.250, 159
Trd, 000297.333, 188
Trd, 000297.917, 153
Trd, 000298.183, 152
