Trd, 000005.300, 150
Trd, 000005.900, 154
Trd, 000006.183, 157
Trd, 000006.467, 144
Trd, 000006.867, 138
Trd, 000007.283, 138
Trd, 000007.383, 159
Trd, 000008.500, 169
Trd, 000010.200, 165
Trd, 000010.450, 166
Trd, 000010.850, 157
Trd, 000010.917, 173
Trd, 000011.367, 154
Trd, 000011.483, 169
Trd, 000012.000, 137
Trd, 000012.133, 132
Trd, 000012.917, 143
Trd, 000015.433, 159
Trd, 000016.233, 162
Trd, 000018.100, 157
Trd, 000018.717, 149
Trd, 000020.583, 140
Trd, 000021.117, 146
Trd, 000021.300, 163
Trd, 000021.550, 139
Trd, 000021.750, 129
Trd, 000022.633, 171
Trd, 000024.400, 163
Trd, 000024.683, 151
Trd, 000024.833, 169
Trd, 000025.250, 126
Trd, 000027.133, 154
Trd, 000027.650, 170
Trd, 000028.233, 142
Trd, 000029.050, 162
Trd, 000030.367, 134
Trd, 000030.683, 155
Trd, 000031.450, 153
Trd, 000032.250, 135
Trd, 000033.483, 138
Trd, 000035.733, 107
Trd, 000036.133, 131
Trd, 000036.483, 163
Trd, 000037.867, 154
Trd, 000038.083, 152
Trd, 000039.167, 153
Trd, 000039.633, 171
Trd, 000039.983, 152
Trd, 000041.133, 149
Trd, 000041.600, 171
Trd, 000041.917, 127
Trd, 000042.850, 162
Trd, 000046.000, 166
Trd, 000046.133, 179
Trd, 000046.300, 137
Trd, 000047.150, 144
Trd, 000048.450, 152
Trd, 000048.683, 155
Trd, 000048.983, 151
Trd, 000049.517, 158
Trd, 000050.067, 160
Trd, 000050.917, 167
Trd, 000051.150, 162
Trd, 000051.833, 168
Trd, 000053.083, 168
Trd, 000054.667, 155
Trd, 000055.767, 160
Trd, 000056.350, 177
Trd, 000056.783, 163
Trd, 000058.117, 161
Trd, 000058.250, 150
Trd, 000059.533, 130
Trd, 000059.600, 159
Trd, 000061.133, 122
Trd, 000061.250, 113
Trd, 000061.583, 146
Trd, 000062.067, 161
Trd, 000063.000, 162
Trd, 000064.067, 157
Trd, 000065.733, 152
Trd, 000066.033, 140
Trd, 000066.083, 156
Trd, 000067.850, 157
Trd, 000067.967, 148
Trd, 000069.383, 138
Trd, 000070.467, 121
Trd, 000071.083, 149
Trd, 000071.933, 155
Trd, 000072.550, 162
Trd, 000073.017, 141
Trd, 000073.783, 147
Trd, 000075.050, 161
Trd, 000075.317, 136
Trd, 000076.050, 123
Trd, 000076.483, 157
Trd, 000077.117, 147
Trd, 000077.450, 150
Trd, 000078.617, 172
Trd, 000079.300, 141
Trd, 000080.983, 152
Trd, 000081.600, 151
Trd, 000081.717, 166
Trd, 000082.300, 151
Trd, 000083.567, 140
Trd, 000084.200, 129
Trd, 000084.383, 134
Trd, 000085.083, 168
Trd, 000085.800, 144
Trd, 000086.583, 138
Trd, 000087.967, 159
Trd, 000088.017, 169
Trd, 000088.417, 175
Trd, 000089.233, 165
Trd, 000089.650, 146
Trd, 000089.750, 141
Trd, 000090.817, 118
Trd, 000091.050, 140
Trd, 000091.667, 160
Trd, 000092.633, 149
Trd, 000092.817, 154
Trd, 000092.850, 153
Trd, 000095.283, 166
Trd, 000096.167, 154
Trd, 000096.217, 133
Trd, 000096.967, 150
Trd, 000098.267, 155
Trd, 000098.633, 152
Trd, 000099.733, 162
Trd, 000099.833, 175
Trd, 000100.883, 189
Trd, 000100.917, 162
Trd, 000102.200, 142
Trd, 000104.683, 129
Trd, 000105.400, 154
Trd, 000105.800, 174
Trd, 000106.367, 125
Trd, 000106.467, 119
Trd, 000107.700, 175
Trd, 000108.233, 153
Trd, 000110.917, 177
Trd, 000111.150, 168
Trd, 000111.183, 124
Trd, 000112.233, 174
Trd, 000112.367, 159
Trd, 000113.083, 186
Trd, 000113.583, 152
Trd, 000114.433, 147
Trd, 000115.900, 122
Trd, 000116.467, 151
Trd, 000117.100, 146
Trd, 000118.567, 153
Trd, 000119.050, 160
Trd, 000119.567, 163
Trd, 000119.650, 148
Trd, 000121.233, 153
Trd, 000121.883, 147
Trd, 000121.967, 134
Trd, 000122.333, 157
Trd, 000123.883, 160
Trd, 000124.483, 153
Trd, 000125.950, 151
Trd, 000126.200, 142
Trd, 000126.533, 143
Trd, 000126.567, 133
Trd, 000129.083, 149
Trd, 000129.267, 140
Trd, 000129.683, 156
Trd, 000131.000, 112
Trd, 000131.150, 117
Trd, 000131.167, 136
Trd, 000131.850, 174
Trd, 000131.917, 179
Trd, 000132.167, 180
Trd, 000134.417, 157
Trd, 000135.983, 134
Trd, 000136.283, 117
Trd, 000136.633, 171
Trd, 000137.050, 162
Trd, 000138.200, 158
Trd, 000138.450, 150
Trd, 000139.050, 165
Trd, 000139.450, 155
Trd, 000139.600, 176
Trd, 000140.933, 123
Trd, 000141.267, 165
Trd, 000141.300, 178
Trd, 000142.067, 162
Trd, 000143.533, 131
Trd, 000144.883, 179
Trd, 000145.650, 167
Trd, 000146.250, 138
Trd, 000146.733, 131
Trd, 000147.283, 125
Trd, 000148.850, 131
Trd, 000149.067, 157
Trd, 000149.117, 162
Trd, 000151.417, 138
Trd, 000151.583, 119
Trd, 000151.733, 137
Trd, 000152.283, 164
Trd, 000154.400, 154
Trd, 000156.500, 151
Trd, 000156.583, 158
Trd, 000156.883, 136
Trd, 000157.817, 150
Trd, 000157.917, 140
Trd, 000158.383, 153
Trd, 000159.100, 165
Trd, 000159.683, 143
Trd, 000161.333, 152
Trd, 000161.467, 138
Trd, 000162.567, 172
Trd, 000163.983, 157
Trd, 000164.167, 162
Trd, 000164.883, 158
Trd, 000165.083, 173
Trd, 000166.917, 147
Trd, 000166.967, 113
Trd, 000167.200, 125
Trd, 000167.683, 156
Trd, 000168.250, 163
Trd, 000168.450, 189
Trd, 000169.117, 167
Trd, 000169.967, 129
Trd, 000171.283, 126
Trd, 000171.833, 163
Trd, 000172.183, 162
Trd, 000173.000, 167
Trd, 000173.133, 169
Trd, 000173.550, 141
Trd, 000174.117, 161
Trd, 000174.350, 143
Trd, 000174.467, 179
Trd, 000175.650, 152
Trd, 000176.417, 142
Trd, 000176.667, 119
Trd, 000176.733, 120
Trd, 000177.667, 148
Trd, 000178.133, 166
Trd, 000180.867, 147
Trd, 000181.150, 123
Trd, 000181.550, 141
Trd, 000181.917, 155
Trd, 000182.217, 144
Trd, 000182.400, 167
Trd, 000184.317, 157
Trd, 000184.617, 160
Trd, 000185.333, 140
Trd, 000186.600, 146
Trd, 000186.750, 179
Trd, 000187.283, 146
Trd, 000189.733, 156
Trd, 000190.133, 157
Trd, 000190.450, 169
Trd, 000191.517, 162
Trd, 000191.600, 148
Trd, 000193.933, 173
Trd, 000194.067, 173
Trd, 000194.433, 171
Trd, 000195.517, 154
Trd, 000195.967, 151
Trd, 000196.283, 167
Trd, 000196.400, 158
Trd, 000196.667, 124
Trd, 000196.983, 135
Trd, 000197.050, 138
Trd, 000197.683, 158
Trd, 000197.717, 174
Trd, 000201.433, 128
Trd, 000201.483, 128
Trd, 000201.567, 131
Trd, 000201.917, 156
Trd, 000201.983, 161
Trd, 000202.900, 131
Trd, 000203.083, 162
Trd, 000206.700, 157
Trd, 000207.233, 161
Trd, 000207.467, 156
Trd, 000207.650, 150
Trd, 000208.200, 171
Trd, 000210.950, 145
Trd, 000211.100, 136
Trd, 000211.350, 151
Trd, 000211.633, 182
Trd, 000211.917, 157
Trd, 000212.783, 178
Trd, 000213.417, 149
Trd, 000215.983, 150
Trd, 000216.433, 129
Trd, 000216.517, 167
Trd, 000217.133, 177
Trd, 000217.733, 148
Trd, 000217.800, 144
Trd, 000219.800, 146
Trd, 000220.750, 162
Trd, 000221.433, 146
Trd, 000221.583, 179
Trd, 000222.017, 178
Trd, 000222.900, 174
Trd, 000224.333, 167
Trd, 000226.450, 117
Trd, 000226.700, 155
Trd, 000228.050, 162
Trd, 000229.983, 159
Trd, 000231.483, 158
Trd, 000232.433, 146
Trd, 000232.467, 152
Trd, 000232.650, 145
Trd, 000233.617, 155
Trd, 000234.367, 144
Trd, 000236.333, 126
Trd, 000236.483, 132
Trd, 000236.800, 186
Trd, 000237.000, 173
Trd, 000237.600, 175
Trd, 000239.317, 159
Trd, 000242.000, 163
Trd, 000242.017, 162
Trd, 000242.067, 161
Trd, 000242.300, 136
Trd, 000242.983, 170
Trd, 000243.333, 145
Trd, 000246.067, 135
Trd, 000246.283, 178
Trd, 000247.200, 162
Trd, 000247.333, 169
Trd, 000248.433, 151
Trd, 000248.917, 158
Trd, 000249.183, 145
Trd, 000249.833, 157
Trd, 000251.783, 136
Trd, 000251.800, 145
Trd, 000252.367, 148
Trd, 000252.467, 151
Trd, 000253.033, 155
Trd, 000254.833, 157
Trd, 000254.883, 120
Trd, 000255.350, 146
Trd, 000256.800, 157
Trd, 000257.183, 148
Trd, 000257.217, 123
Trd, 000257.617, 123
Trd, 000257.783, 122
Trd, 000258.383, 153
Trd, 000258.617, 165
Trd, 000260.500, 152
Trd, 000261.233, 161
Trd, 000261.267, 142
Trd, 000261.350, 125
Trd, 000262.267, 155
Trd, 000262.617, 161
Trd, 000262.850, 156
Trd, 000265.417, 164
Trd, 000265.433, 147
Trd, 000266.500, 157
Trd, 000268.000, 143
Trd, 000268.250, 150
Trd, 000269.683, 162
Trd, 000270.583, 152
Trd, 000270.683, 142
Trd, 000271.650, 170
Trd, 000272.200, 146
Trd, 000272.500, 131
Trd, 000273.100, 139
Trd, 000273.433, 155
Trd, 000275.367, 149
Trd, 000276.583, 177
Trd, 000277.017, 171
Trd, 000277.483, 160
Trd, 000277.733, 156
Trd, 000278.767, 146
Trd, 000279.033, 169
Trd, 000280.067, 165
Trd, 000280.150, 166
Trd, 000280.950, 154
Trd, 000282.067, 147
Trd, 000282.100, 137
Trd, 000282.183, 126
Trd, 000282.917, 165
Trd, 000284.350, 143
Trd, 000284.867, 153
Trd, 000285.067, 150
Trd, 000285.433, 149
Trd, 000286.467, 127
Trd, 000286.983, 165
Trd, 000288.150, 143
Trd, 000289.050, 180
Trd, 000289.950, 167
Trd, 000290.633, 143
Trd, 000292.283, 151
Trd, 000292.667, 139
Trd, 000293.800, 162
Trd, 000294.083, 147
Trd, 000295.217, 165
Trd, 000295.700, 162
Trd, 000297.083, 173
Trd, 000297.550, 166
Trd, 000297.650, 182
Trd, 000298.083, 164
Trd, 000298.433, 147
Trd, 000298.600, 164
