Trd, 000005.150, 113
Trd, 000005.633, 155
Trd, 000005.867, 159
Trd, 000005.967, 136
Trd, 000006.167, 146
Trd, 000006.617, 160
Trd, 000007.367, 138
Trd, 000007.433, 179
Trd, 000009.000, 150
Trd, 000009.233, 164
Trd, 000009.567, 143
Trd, 000010.300, 120
Trd, 000010.800, 138
Trd, 000010.967, 144
Trd, 000011.350, 145
Trd, 000013.117, 130
Trd, 000013.733, 168
Trd, 000014.300, 156
Trd, 000015.767, 119
Trd, 000015.833, 118
Trd, 000016.167, 132
Trd, 000017.500, 153
Trd, 000017.767, 148
Trd, 000018.283, 149
Trd, 000019.017, 129
Trd, 000019.133, 156
Trd, 000020.233, 120
Trd, 000020.317, 139
Trd, 000020.867, 148
Trd, 000021.183, 159
Trd, 000021.300, 156
Trd, 000021.567, 139
Trd, 000022.983, 163
Trd, 000025.567, 174
Trd, 000025.683, 147
Trd, 000026.733, 152
Trd, 000026.850, 143
Trd, 000028.850, 164
Trd, 000030.717, 166
Trd, 000031.150, 145
Trd, 000031.550, 143
Trd, 000032.417, 150
Trd, 000033.850, 156
Trd, 000035.550, 156
Trd, 000035.633, 143
Trd, 000035.800, 165
Trd, 000036.017, 144
Trd, 000036.350, 165
Trd, 000036.617, 152
Trd, 000039.350, 182
Trd, 000040.600, 140
Trd, 000040.883, 197
Trd, 000042.067, 166
Trd, 000042.883, 167
Trd, 000043.300, 170
Trd, 000043.767, 163
Trd, 000044.783, 173
Trd, 000045.700, 119
Trd, 000045.750, 155
Trd, 000046.833, 156
Trd, 000047.833, 151
Trd, 000048.000, 168
Trd, 000048.617, 151
Trd, 000049.100, 175
Trd, 000051.367, 135
Trd, 000052.367, 136
Trd, 000052.383, 142
Trd, 000052.633, 139
Trd, 000052.983, 143
Trd, 000055.583, 128
Trd, 000056.050, 145
Trd, 000056.267, 141
Trd, 000057.967, 167
Trd, 000058.833, 169
Trd, 000060.250, 159
Trd, 000060.800, 172
Trd, 000061.267, 150
Trd, 000061.500, 162
Trd, 000061.767, 141
Trd, 000062.367, 139
Trd, 000062.517, 145
Trd, 000062.833, 137
Trd, 000062.883, 152
Trd, 000066.117, 134
Trd, 000066.267, 135
Trd, 000068.533, 152
Trd, 000069.600, 142
Trd, 000070.250, 151
Trd, 000070.583, 173
Trd, 000070.700, 172
Trd, 000071.333, 171
Trd, 000071.600, 153
Trd, 000072.083, 156
Trd, 000072.500, 158
Trd, 000073.000, 148
Trd, 000073.733, 162
Trd, 000076.083, 135
Trd, 000077.050, 171
Trd, 000078.800, 158
Trd, 000080.750, 118
Trd, 000080.950, 131
Trd, 000081.517, 162
Trd, 000081.750, 170
Trd, 000083.517, 162
Trd, 000084.717, 153
Trd, 000085.600, 144
Trd, 000085.850, 149
Trd, 000086.200, 138
Trd, 000086.850, 141
Trd, 000087.300, 154
Trd, 000087.667, 125
Trd, 000089.583, 149
Trd, 000089.750, 151
Trd, 000091.033, 164
Trd, 000091.283, 197
Trd, 000091.517, 146
Trd, 000092.433, 156
Trd, 000092.900, 151
Trd, 000093.000, 168
Trd, 000093.950, 149
Trd, 000094.783, 145
Trd, 000095.867, 153
Trd, 000096.050, 153
Trd, 000096.133, 171
Trd, 000096.783, 169
Trd, 000096.967, 167
Trd, 000097.133, 152
Trd, 000097.883, 153
Trd, 000098.433, 157
Trd, 000099.867, 174
Trd, 000100.933, 145
Trd, 000101.283, 162
Trd, 000102.733, 134
Trd, 000103.050, 157
Trd, 000104.650, 158
Trd, 000105.133, 153
Trd, 000105.750, 122
Trd, 000105.883, 169
Trd, 000106.267, 182
Trd, 000107.067, 174
Trd, 000107.267, 166
Trd, 000108.250, 138
Trd, 000108.383, 153
Trd, 000111.083, 120
Trd, 000111.267, 158
Trd, 000113.033, 137
Trd, 000113.133, 152
Trd, 000113.817, 157
Trd, 000114.117, 138
Trd, 000115.017, 153
Trd, 000115.467, 162
Trd, 000115.817, 145
Trd, 000115.900, 192
Trd, 000117.767, 151
Trd, 000118.417, 155
Trd, 000119.667, 145
Trd, 000121.383, 160
Trd, 000122.150, 140
Trd, 000122.433, 128
Trd, 000122.600, 127
Trd, 000123.983, 178
Trd, 000124.817, 156
Trd, 000125.550, 160
Trd, 000126.167, 167
Trd, 000126.217, 134
Trd, 000126.450, 166
Trd, 000127.533, 162
Trd, 000129.667, 150
Trd, 000130.833, 135
Trd, 000131.550, 168
Trd, 000131.650, 159
Trd, 000133.017, 145
Trd, 000133.417, 148
Trd, 000135.200, 159
Trd, 000136.167, 123
Trd, 000136.183, 134
Trd, 000136.717, 145
Trd, 000138.900, 164
Trd, 000139.250, 158
Trd, 000141.033, 142
Trd, 000141.967, 176
Trd, 000142.100, 147
Trd, 000142.150, 138
Trd, 000145.250, 155
Trd, 000145.483, 155
Trd, 000145.750, 148
Trd, 000146.067, 152
Trd, 000146.283, 175
Trd, 000146.900, 160
Trd, 000147.850, 163
Trd, 000151.133, 161
Trd, 000151.183, 139
Trd, 000151.567, 170
Trd, 000153.033, 142
Trd, 000156.533, 149
Trd, 000156.733, 148
Trd, 000157.433, 139
Trd, 000158.417, 172
Trd, 000160.883, 162
Trd, 000161.267, 125
Trd, 000161.550, 162
Trd, 000161.917, 155
Trd, 000161.933, 161
Trd, 000162.750, 153
Trd, 000164.367, 148
Trd, 000164.617, 183
Trd, 000166.433, 154
Trd, 000167.367, 149
Trd, 000167.867, 140
Trd, 000168.200, 164
Trd, 000169.150, 143
Trd, 000169.750, 146
Trd, 000171.300, 197
Trd, 000172.100, 162
Trd, 000173.400, 156
Trd, 000173.533, 150
Trd, 000174.450, 166
Trd, 000174.833, 155
Trd, 000176.200, 131
Trd, 000176.617, 144
Trd, 000176.850, 146
Trd, 000176.950, 162
Trd, 000177.383, 142
Trd, 000177.767, 142
Trd, 000179.433, 160
Trd, 000180.867, 190
Trd, 000181.783, 150
Trd, 000182.800, 182
Trd, 000184.350, 160
Trd, 000186.933, 154
Trd, 000187.567, 177
Trd, 000188.717, 165
Trd, 000189.550, 171
Trd, 000190.000, 155
Trd, 000191.883, 180
Trd, 000192.450, 155
Trd, 000192.833, 146
Trd, 000193.483, 183
Trd, 000195.333, 164
Trd, 000196.100, 170
Trd, 000196.500, 192
Trd, 000196.683, 161
Trd, 000196.783, 134
Trd, 000197.000, 172
Trd, 000197.517, 147
Trd, 000197.700, 151
Trd, 000200.883, 141
Trd, 000201.333, 147
Trd, 000201.517, 116
Trd, 000202.350, 169
Trd, 000205.433, 166
Trd, 000206.300, 129
Trd, 000207.633, 175
Trd, 000207.900, 169
Trd, 000208.617, 168
Trd, 000208.667, 180
Trd, 000211.233, 146
Trd, 000211.833, 121
Trd, 000211.967, 159
Trd, 000212.933, 151
Trd, 000213.267, 146
Trd, 000213.433, 177
Trd, 000215.550, 148
Trd, 000216.133, 167
Trd, 000216.533, 147
Trd, 000217.667, 152
Trd, 000217.967, 177
Trd, 000218.333, 157
Trd, 000219.033, 157
Trd, 000221.700, 168
Trd, 000222.550, 166
Trd, 000222.700, 153
Trd, 000222.850, 152
Trd, 000224.483, 165
Trd, 000224.533, 154
Trd, 000225.133, 167
Trd, 000226.883, 155
Trd, 000226.917, 152
Trd, 000227.050, 162
Trd, 000227.533, 151
Trd, 000227.683, 156
Trd, 000228.283, 149
Trd, 000231.550, 131
Trd, 000232.467, 157
Trd, 000232.750, 151
Trd, 000233.917, 167
Trd, 000235.367, 150
Trd, 000236.400, 120
Trd, 000236.900, 127
Trd, 000237.117, 132
Trd, 000237.433, 162
Trd, 000238.250, 160
Trd, 000239.433, 158
Trd, 000240.417, 144
Trd, 000241.033, 139
Trd, 000241.767, 157
Trd, 000241.817, 151
Trd, 000242.117, 143
Trd, 000242.200, 127
Trd, 000242.833, 139
Trd, 000243.817, 161
Trd, 000246.350, 133
Trd, 000246.517, 139
Trd, 000246.800, 149
Trd, 000246.817, 128
Trd, 000247.333, 155
Trd, 000247.983, 161
Trd, 000249.400, 150
Trd, 000251.233, 158
Trd, 000251.700, 180
Trd, 000252.250, 167
Trd, 000252.583, 145
Trd, 000252.733, 171
Trd, 000254.383, 143
Trd, 000256.500, 126
Trd, 000257.217, 140
Trd, 000257.900, 154
Trd, 000258.383, 163
Trd, 000259.517, 144
Trd, 000261.300, 113
Trd, 000261.933, 182
Trd, 000262.367, 175
Trd, 000264.833, 166
Trd, 000266.000, 152
Trd, 000266.767, 154
Trd, 000267.467, 170
Trd, 000268.017, 141
Trd, 000268.117, 147
Trd, 000271.267, 147
Trd, 000271.867, 119
Trd, 000272.133, 125
Trd, 000272.383, 155
Trd, 000272.417, 155
Trd, 000273.567, 109
Trd, 000275.283, 162
Trd, 000276.250, 153
Trd, 000276.733, 134
Trd, 000276.750, 163
Trd, 000277.067, 165
Trd, 000277.700, 193
Trd, 000278.833, 150
Trd, 000279.200, 179
Trd, 000280.383, 145
Trd, 000281.483, 149
Trd, 000282.100, 166
Trd, 000282.150, 189
Trd, 000283.817, 154
Trd, 000284.050, 151
Trd, 000284.783, 142
Trd, 000285.117, 162
Trd, 000286.033, 141
Trd, 000286.133, 138
Trd, 000286.633, 164
Trd, 000288.167, 158
Trd, 000290.083, 160
Trd, 000291.317, 158
Trd, 000292.200, 146
Trd, 000292.317, 164
Trd, 000292.550, 167
Trd, 000292.717, 129
Trd, 000292.983, 148
Trd, 000294.033, 153
Trd, 000296.117, 140
Trd, 000296.800, 198
Trd, 000298.200, 165
Trd, 000298.283, 157
Trd, 000298.433, 145
