Trd, 000005.100, 156
Trd, 000005.467, 170
Trd, 000005.683, 156
Trd, 000006.200, 144
Trd, 000006.883, 163
Trd, 000007.467, 143
Trd, 000007.800, 163
Trd, 000010.150, 146
Trd, 000010.233, 162
Trd, 000010.433, 160
Trd, 000010.683, 161
Trd, 000011.067, 132
Trd, 000012.267, 166
Trd, 000012.433, 181
Trd, 000012.983, 171
Trd, 000015.467, 134
Trd, 000015.883, 160
Trd, 000016.500, 154
Trd, 000016.533, 160
Trd, 000017.417, 154
Trd, 000017.733, 136
Trd, 000018.600, 127
Trd, 000018.633, 159
Trd, 000020.500, 154
Trd, 000020.833, 193
Trd, 000021.150, 175
Trd, 000022.317, 181
Trd, 000023.900, 158
Trd, 000024.833, 158
Trd, 000026.150, 186
Trd, 000026.533, 160
Trd, 000027.217, 158
Trd, 000027.317, 146
Trd, 000028.700, 171
Trd, 000030.017, 166
Trd, 000030.400, 192
Trd, 000030.550, 170
Trd, 000031.183, 157
Trd, 000031.583, 162
Trd, 000031.733, 146
Trd, 000032.800, 167
Trd, 000033.717, 174
Trd, 000035.250, 156
Trd, 000036.250, 186
Trd, 000036.417, 180
Trd, 000037.867, 155
Trd, 000039.300, 160
Trd, 000040.617, 182
Trd, 000040.983, 177
Trd, 000041.750, 158
Trd, 000041.917, 157
Trd, 000044.733, 158
Trd, 000045.117, 154
Trd, 000045.600, 158
Trd, 000046.517, 169
Trd, 000046.717, 161
Trd, 000047.017, 168
Trd, 000047.333, 178
Trd, 000047.533, 160
Trd, 000049.317, 150
Trd, 000049.467, 137
Trd, 000050.633, 138
Trd, 000050.883, 124
Trd, 000051.317, 148
Trd, 000051.367, 144
Trd, 000051.617, 163
Trd, 000055.567, 158
Trd, 000056.300, 169
Trd, 000056.600, 158
Trd, 000059.433, 178
Trd, 000059.983, 152
Trd, 000061.533, 192
Trd, 000061.667, 158
Trd, 000063.667, 139
Trd, 000064.833, 137
Trd, 000065.350, 183
Trd, 000065.533, 172
Trd, 000065.567, 157
Trd, 000066.700, 148
Trd, 000066.850, 135
Trd, 000068.283, 163
Trd, 000068.333, 157
Trd, 000068.667, 174
Trd, 000069.517, 156
Trd, 000070.683, 190
Trd, 000070.917, 192
Trd, 000070.967, 158
Trd, 000071.550, 172
Trd, 000072.300, 152
Trd, 000074.233, 167
Trd, 000075.700, 187
Trd, 000076.717, 157
Trd, 000076.750, 147
Trd, 000076.783, 157
Trd, 000077.283, 189
Trd, 000077.933, 137
Trd, 000078.550, 143
Trd, 000079.433, 162
Trd, 000080.683, 199
Trd, 000080.950, 192
Trd, 000081.500, 161
Trd, 000082.200, 172
Trd, 000083.700, 175
Trd, 000083.900, 161
Trd, 000087.767, 189
Trd, 000088.167, 167
Trd, 000088.300, 156
Trd, 000089.300, 143
Trd, 000089.333, 158
Trd, 000090.583, 162
Trd, 000090.800, 147
Trd, 000092.567, 186
Trd, 000092.650, 159
Trd, 000094.167, 175
Trd, 000094.533, 158
Trd, 000096.200, 181
Trd, 000096.767, 197
Trd, 000099.750, 150
Trd, 000101.517, 178
Trd, 000101.633, 192
Trd, 000103.283, 165
Trd, 000104.433, 168
Trd, 000104.500, 158
Trd, 000106.017, 154
Trd, 000106.467, 152
Trd, 000106.917, 154
Trd, 000108.200, 142
Trd, 000108.583, 173
Trd, 000110.417, 148
Trd, 000111.683, 182
Trd, 000112.383, 177
Trd, 000112.650, 176
Trd, 000113.633, 168
Trd, 000115.500, 158
Trd, 000115.983, 188
Trd, 000116.017, 154
Trd, 000116.483, 153
Trd, 000117.550, 157
Trd, 000117.633, 156
Trd, 000118.583, 176
Trd, 000121.450, 178
Trd, 000122.017, 158
Trd, 000124.233, 173
Trd, 000124.567, 158
Trd, 000125.117, 147
Trd, 000126.417, 189
Trd, 000126.833, 156
Trd, 000127.417, 175
Trd, 000127.950, 170
Trd, 000128.483, 137
Trd, 000129.717, 186
Trd, 000130.367, 147
Trd, 000131.150, 138
Trd, 000131.650, 155
Trd, 000131.967, 154
Trd, 000132.650, 178
Trd, 000135.183, 169
Trd, 000137.233, 165
Trd, 000137.283, 158
Trd, 000138.033, 159
Trd, 000140.367, 182
Trd, 000141.367, 152
Trd, 000141.533, 170
Trd, 000142.200, 181
Trd, 000142.317, 158
Trd, 000146.233, 188
Trd, 000146.617, 138
Trd, 000146.750, 148
Trd, 000147.117, 156
Trd, 000148.283, 172
Trd, 000148.517, 153
Trd, 000149.533, 167
Trd, 000151.200, 121
Trd, 000151.517, 134
Trd, 000151.700, 140
Trd, 000152.167, 161
Trd, 000154.383, 173
Trd, 000154.550, 160
Trd, 000154.967, 151
Trd, 000156.200, 148
Trd, 000156.333, 150
Trd, 000156.950, 176
Trd, 000157.083, 150
Trd, 000157.250, 181
Trd, 000161.050, 118
Trd, 000161.167, 140
Trd, 000162.100, 157
Trd, 000162.900, 170
Trd, 000163.083, 158
Trd, 000167.867, 187
Trd, 000168.950, 157
Trd, 000169.650, 161
Trd, 000171.533, 162
Trd, 000171.850, 158
Trd, 000172.700, 169
Trd, 000172.750, 165
Trd, 000172.967, 162
Trd, 000175.450, 167
Trd, 000176.933, 184
Trd, 000177.467, 175
Trd, 000178.400, 185
Trd, 000179.433, 157
Trd, 000179.517, 171
Trd, 000179.733, 172
Trd, 000180.700, 148
Trd, 000181.217, 187
Trd, 000182.083, 155
Trd, 000184.800, 187
Trd, 000184.867, 147
Trd, 000186.083, 135
Trd, 000186.300, 176
Trd, 000187.033, 169
Trd, 000188.000, 158
Trd, 000188.667, 159
Trd, 000188.883, 146
Trd, 000189.133, 132
Trd, 000189.200, 127
Trd, 000189.583, 139
Trd, 000190.017, 156
Trd, 000191.200, 170
Trd, 000191.367, 159
Trd, 000192.000, 181
Trd, 000195.417, 178
Trd, 000197.650, 174
Trd, 000197.667, 156
Trd, 000198.617, 155
Trd, 000199.267, 165
Trd, 000201.450, 185
Trd, 000201.550, 157
Trd, 000202.517, 178
Trd, 000205.450, 160
Trd, 000205.733, 137
Trd, 000206.217, 182
Trd, 000207.017, 158
Trd, 000207.617, 157
Trd, 000207.817, 159
Trd, 000208.167, 140
Trd, 000210.100, 158
Trd, 000211.700, 166
Trd, 000212.133, 158
Trd, 000212.617, 175
Trd, 000213.550, 147
Trd, 000213.767, 193
Trd, 000214.333, 144
Trd, 000216.383, 158
Trd, 000216.967, 172
Trd, 000217.500, 153
Trd, 000218.283, 158
Trd, 000219.600, 176
Trd, 000219.800, 155
Trd, 000221.000, 160
Trd, 000221.350, 152
Trd, 000221.900, 158
Trd, 000222.267, 136
Trd, 000222.400, 181
Trd, 000225.100, 163
Trd, 000227.283, 162
Trd, 000227.483, 158
Trd, 000228.933, 187
Trd, 000229.850, 179
Trd, 000232.867, 178
Trd, 000233.600, 161
Trd, 000235.033, 156
Trd, 000236.467, 183
Trd, 000237.783, 167
Trd, 000237.800, 154
Trd, 000238.433, 166
Trd, 000239.367, 157
Trd, 000241.700, 189
Trd, 000241.800, 157
Trd, 000244.300, 176
Trd, 000245.183, 174
Trd, 000246.700, 186
Trd, 000247.033, 157
Trd, 000247.267, 182
Trd, 000248.500, 171
Trd, 000249.583, 180
Trd, 000249.867, 151
Trd, 000250.683, 141
Trd, 000251.583, 182
Trd, 000253.833, 172
Trd, 000253.900, 157
Trd, 000255.400, 163
Trd, 000256.483, 119
Trd, 000257.117, 190
Trd, 000258.867, 157
Trd, 000260.283, 163
Trd, 000260.617, 151
Trd, 000261.333, 178
Trd, 000262.417, 180
Trd, 000262.533, 157
Trd, 000264.017, 185
Trd, 000264.650, 182
Trd, 000266.900, 182
Trd, 000267.650, 191
Trd, 000268.200, 182
Trd, 000268.250, 178
Trd, 000269.250, 177
Trd, 000270.333, 164
Trd, 000271.633, 157
Trd, 000272.583, 177
Trd, 000276.533, 157
Trd, 000276.633, 197
Trd, 000276.867, 148
Trd, 000278.033, 167
Trd, 000280.783, 156
Trd, 000281.150, 175
Trd, 000282.633, 171
Trd, 000282.717, 174
Trd, 000282.917, 190
Trd, 000284.833, 162
Trd, 000286.650, 161
Trd, 000286.717, 157
Trd, 000287.500, 179
Trd, 000288.033, 151
Trd, 000288.250, 192
Trd, 000292.167, 162
Trd, 000293.483, 157
Trd, 000293.567, 161
Trd, 000294.067, 180
Trd, 000294.133, 161
Trd, 000295.833, 176
Trd, 000297.233, 136
Trd, 000297.450, 156
Trd, 000297.817, 172
Trd, 000298.983, 158
