Trd, 000005.083, 118
Trd, 000005.500, 189
Trd, 000005.517, 175
Trd, 000005.600, 140
Trd, 000005.850, 154
Trd, 000005.883, 157
Trd, 000005.967, 162
Trd, 000006.733, 168
Trd, 000007.983, 139
Trd, 000009.350, 125
Trd, 000010.300, 117
Trd, 000010.333, 134
Trd, 000010.350, 136
Trd, 000010.833, 166
Trd, 000010.983, 147
Trd, 000011.400, 185
Trd, 000011.583, 178
Trd, 000013.067, 164
Trd, 000013.083, 156
Trd, 000013.483, 163
Trd, 000013.650, 142
Trd, 000015.550, 182
Trd, 000015.900, 174
Trd, 000015.983, 186
Trd, 000016.350, 166
Trd, 000016.833, 169
Trd, 000017.700, 156
Trd, 000018.183, 155
Trd, 000018.267, 146
Trd, 000020.233, 199
Trd, 000020.300, 175
Trd, 000020.533, 161
Trd, 000020.917, 187
Trd, 000021.050, 177
Trd, 000022.183, 167
Trd, 000022.250, 156
Trd, 000022.883, 164
Trd, 000024.050, 153
Trd, 000024.317, 151
Trd, 000025.350, 195
Trd, 000025.533, 170
Trd, 000025.733, 160
Trd, 000025.883, 179
Trd, 000025.983, 163
Trd, 000026.033, 154
Trd, 000027.100, 171
Trd, 000030.183, 165
Trd, 000030.300, 163
Trd, 000030.617, 136
Trd, 000030.850, 149
Trd, 000030.933, 172
Trd, 000031.217, 134
Trd, 000031.250, 174
Trd, 000032.333, 178
Trd, 000033.833, 160
Trd, 000035.617, 187
Trd, 000035.967, 165
Trd, 000036.183, 164
Trd, 000036.567, 194
Trd, 000037.483, 166
Trd, 000037.683, 147
Trd, 000038.417, 151
Trd, 000041.383, 167
Trd, 000041.500, 178
Trd, 000041.767, 184
Trd, 000042.183, 177
Trd, 000042.317, 153
Trd, 000042.617, 148
Trd, 000044.067, 163
Trd, 000044.867, 174
Trd, 000045.667, 164
Trd, 000046.000, 145
Trd, 000046.233, 174
Trd, 000046.667, 179
Trd, 000047.100, 167
Trd, 000047.133, 164
Trd, 000047.450, 174
Trd, 000047.733, 155
Trd, 000048.217, 157
Trd, 000050.350, 183
Trd, 000050.483, 130
Trd, 000051.150, 138
Trd, 000051.250, 146
Trd, 000051.350, 177
Trd, 000051.950, 181
Trd, 000052.000, 128
Trd, 000052.633, 176
Trd, 000053.267, 160
Trd, 000055.650, 188
Trd, 000055.800, 176
Trd, 000056.550, 183
Trd, 000057.367, 168
Trd, 000058.083, 160
Trd, 000058.733, 154
Trd, 000059.467, 151
Trd, 000059.683, 145
Trd, 000060.667, 186
Trd, 000060.717, 177
Trd, 000060.817, 191
Trd, 000061.233, 175
Trd, 000061.500, 168
Trd, 000064.767, 165
Trd, 000064.933, 158
Trd, 000065.883, 182
Trd, 000066.167, 172
Trd, 000066.283, 167
Trd, 000066.667, 179
Trd, 000067.883, 151
Trd, 000068.717, 150
Trd, 000069.150, 164
Trd, 000070.817, 186
Trd, 000070.900, 185
Trd, 000070.950, 181
Trd, 000071.083, 161
Trd, 000072.367, 165
Trd, 000072.450, 143
Trd, 000073.050, 168
Trd, 000073.883, 148
Trd, 000074.867, 159
Trd, 000075.683, 142
Trd, 000076.033, 187
Trd, 000076.733, 154
Trd, 000077.567, 159
Trd, 000077.950, 151
Trd, 000078.317, 155
Trd, 000078.550, 151
Trd, 000078.767, 169
Trd, 000080.583, 169
Trd, 000081.083, 161
Trd, 000081.417, 190
Trd, 000081.767, 169
Trd, 000081.933, 175
Trd, 000082.467, 157
Trd, 000083.400, 180
Trd, 000084.117, 163
Trd, 000085.183, 150
Trd, 000085.883, 151
Trd, 000086.217, 165
Trd, 000086.517, 187
Trd, 000087.017, 182
Trd, 000087.600, 149
Trd, 000087.983, 168
Trd, 000088.300, 151
Trd, 000091.233, 192
Trd, 000091.333, 182
Trd, 000091.633, 166
Trd, 000092.233, 150
Trd, 000092.250, 139
Trd, 000092.283, 176
Trd, 000092.567, 152
Trd, 000093.750, 161
Trd, 000094.817, 167
Trd, 000095.733, 182
Trd, 000095.750, 123
Trd, 000095.867, 190
Trd, 000095.883, 139
Trd, 000096.033, 153
Trd, 000096.283, 150
Trd, 000096.833, 161
Trd, 000098.733, 164
Trd, 000099.583, 162
Trd, 000100.733, 173
Trd, 000100.850, 134
Trd, 000101.050, 197
Trd, 000101.133, 148
Trd, 000101.633, 167
Trd, 000103.817, 158
Trd, 000105.683, 135
Trd, 000106.017, 120
Trd, 000106.183, 143
Trd, 000106.383, 151
Trd, 000106.700, 150
Trd, 000107.083, 140
Trd, 000107.150, 163
Trd, 000107.983, 180
Trd, 000110.950, 145
Trd, 000111.000, 146
Trd, 000111.667, 165
Trd, 000111.683, 168
Trd, 000112.083, 163
Trd, 000112.250, 170
Trd, 000112.650, 159
Trd, 000112.667, 147
Trd, 000112.800, 187
Trd, 000112.967, 139
Trd, 000115.883, 159
Trd, 000115.950, 155
Trd, 000116.083, 177
Trd, 000116.917, 148
Trd, 000118.033, 186
Trd, 000119.500, 169
Trd, 000119.800, 153
Trd, 000121.067, 164
Trd, 000121.483, 167
Trd, 000121.683, 178
Trd, 000121.783, 164
Trd, 000121.800, 158
Trd, 000121.833, 150
Trd, 000123.550, 147
Trd, 000124.317, 184
Trd, 000125.000, 153
Trd, 000125.917, 168
Trd, 000126.333, 173
Trd, 000126.600, 152
Trd, 000127.267, 165
Trd, 000127.983, 196
Trd, 000128.250, 175
Trd, 000128.983, 151
Trd, 000129.083, 159
Trd, 000131.100, 165
Trd, 000131.667, 179
Trd, 000132.183, 189
Trd, 000132.483, 166
Trd, 000132.517, 183
Trd, 000134.650, 178
Trd, 000135.567, 160
Trd, 000135.700, 153
Trd, 000136.500, 180
Trd, 000137.233, 174
Trd, 000137.250, 162
Trd, 000137.317, 151
Trd, 000137.400, 190
Trd, 000138.183, 168
Trd, 000139.067, 161
Trd, 000141.083, 199
Trd, 000141.133, 168
Trd, 000141.217, 164
Trd, 000141.583, 177
Trd, 000141.700, 164
Trd, 000141.917, 181
Trd, 000142.250, 145
Trd, 000146.083, 165
Trd, 000146.433, 169
Trd, 000146.800, 170
Trd, 000146.983, 164
Trd, 000147.600, 157
Trd, 000148.533, 167
Trd, 000149.467, 184
Trd, 000150.600, 145
Trd, 000150.983, 129
Trd, 000151.000, 181
Trd, 000151.317, 163
Trd, 000151.450, 166
Trd, 000151.467, 170
Trd, 000151.850, 142
Trd, 000152.967, 154
Trd, 000153.967, 164
Trd, 000156.150, 183
Trd, 000156.333, 172
Trd, 000156.567, 183
Trd, 000156.850, 166
Trd, 000156.867, 151
Trd, 000157.033, 156
Trd, 000157.317, 142
Trd, 000157.450, 172
Trd, 000157.467, 169
Trd, 000157.533, 162
Trd, 000161.500, 181
Trd, 000161.650, 164
Trd, 000161.750, 194
Trd, 000162.000, 188
Trd, 000162.017, 161
Trd, 000162.317, 154
Trd, 000163.783, 165
Trd, 000163.950, 157
Trd, 000165.183, 163
Trd, 000165.283, 153
Trd, 000166.117, 167
Trd, 000166.500, 150
Trd, 000166.567, 194
Trd, 000166.783, 150
Trd, 000167.800, 169
Trd, 000169.650, 186
Trd, 000169.867, 173
Trd, 000170.100, 170
Trd, 000171.283, 161
Trd, 000171.600, 184
Trd, 000171.667, 181
Trd, 000171.800, 133
Trd, 000172.150, 170
Trd, 000172.550, 170
Trd, 000172.950, 174
Trd, 000173.300, 166
Trd, 000176.483, 200
Trd, 000176.533, 161
Trd, 000177.217, 179
Trd, 000177.367, 179
Trd, 000178.067, 186
Trd, 000178.300, 167
Trd, 000178.583, 154
Trd, 000179.500, 176
Trd, 000181.250, 141
Trd, 000181.500, 199
Trd, 000181.600, 156
Trd, 000181.650, 149
Trd, 000181.683, 176
Trd, 000182.717, 168
Trd, 000182.800, 160
Trd, 000185.867, 137
Trd, 000186.150, 122
Trd, 000186.317, 143
Trd, 000186.533, 160
Trd, 000186.967, 168
Trd, 000187.167, 155
Trd, 000187.183, 152
Trd, 000187.767, 150
Trd, 000187.917, 182
Trd, 000188.317, 179
Trd, 000188.450, 156
Trd, 000189.050, 171
Trd, 000191.483, 176
Trd, 000191.517, 140
Trd, 000191.750, 168
Trd, 000192.100, 179
Trd, 000192.133, 167
Trd, 000192.450, 185
Trd, 000193.683, 177
Trd, 000194.967, 156
Trd, 000196.233, 149
Trd, 000196.633, 172
Trd, 000196.700, 166
Trd, 000197.233, 173
Trd, 000197.817, 166
Trd, 000198.333, 161
Trd, 000198.783, 147
Trd, 000198.983, 173
Trd, 000199.083, 148
Trd, 000200.850, 147
Trd, 000201.167, 176
Trd, 000201.717, 167
Trd, 000202.483, 165
Trd, 000203.300, 169
Trd, 000203.400, 170
Trd, 000203.433, 150
Trd, 000204.150, 177
Trd, 000204.183, 145
Trd, 000206.283, 145
Trd, 000206.317, 146
Trd, 000206.517, 156
Trd, 000207.450, 153
Trd, 000207.533, 180
Trd, 000209.700, 175
Trd, 000211.283, 196
Trd, 000211.317, 166
Trd, 000211.633, 186
Trd, 000211.783, 171
Trd, 000212.033, 159
Trd, 000212.133, 157
Trd, 000212.517, 153
Trd, 000212.683, 160
Trd, 000213.967, 145
Trd, 000216.417, 188
Trd, 000216.583, 166
Trd, 000216.600, 164
Trd, 000216.900, 158
Trd, 000217.000, 167
Trd, 000218.417, 170
Trd, 000219.950, 159
Trd, 000221.400, 175
Trd, 000221.500, 173
Trd, 000221.817, 183
Trd, 000222.550, 177
Trd, 000223.083, 168
Trd, 000223.567, 171
Trd, 000224.333, 157
Trd, 000226.317, 145
Trd, 000226.500, 140
Trd, 000227.133, 187
Trd, 000227.267, 165
Trd, 000228.050, 177
Trd, 000228.600, 173
Trd, 000229.033, 157
Trd, 000230.300, 161
Trd, 000231.467, 192
Trd, 000231.633, 179
Trd, 000231.717, 147
Trd, 000232.183, 140
Trd, 000234.150, 163
Trd, 000235.783, 174
Trd, 000236.733, 152
Trd, 000237.200, 195
Trd, 000237.683, 183
Trd, 000237.850, 182
Trd, 000238.200, 168
Trd, 000238.317, 151
Trd, 000238.617, 156
Trd, 000240.117, 150
Trd, 000241.350, 125
Trd, 000241.583, 153
Trd, 000241.800, 176
Trd, 000242.183, 184
Trd, 000242.233, 169
Trd, 000244.083, 140
Trd, 000245.633, 140
Trd, 000246.417, 165
Trd, 000246.700, 168
Trd, 000246.917, 169
Trd, 000247.633, 183
Trd, 000247.800, 155
Trd, 000248.200, 154
Trd, 000248.800, 154
Trd, 000248.883, 166
Trd, 000249.517, 164
Trd, 000251.317, 146
Trd, 000251.633, 167
Trd, 000252.333, 190
Trd, 000252.567, 168
Trd, 000252.583, 162
Trd, 000253.567, 180
Trd, 000253.617, 171
Trd, 000255.000, 186
Trd, 000256.567, 167
Trd, 000256.700, 167
Trd, 000256.833, 173
Trd, 000257.433, 163
Trd, 000257.600, 158
Trd, 000260.417, 160
Trd, 000260.867, 180
Trd, 000261.400, 176
Trd, 000261.850, 152
Trd, 000262.217, 195
Trd, 000262.567, 166
Trd, 000263.017, 189
Trd, 000263.217, 172
Trd, 000264.850, 168
Trd, 000266.450, 137
Trd, 000267.083, 188
Trd, 000267.633, 185
Trd, 000268.050, 179
Trd, 000268.100, 176
Trd, 000269.317, 170
Trd, 000271.467, 129
Trd, 000271.700, 133
Trd, 000271.833, 154
Trd, 000272.267, 171
Trd, 000273.383, 174
Trd, 000274.150, 163
Trd, 000275.267, 181
Trd, 000276.600, 163
Trd, 000276.967, 167
Trd, 000277.183, 179
Trd, 000277.200, 164
Trd, 000277.717, 182
Trd, 000278.233, 168
Trd, 000278.867, 179
Trd, 000279.083, 169
Trd, 000279.133, 152
Trd, 000280.800, 151
Trd, 000282.217, 192
Trd, 000282.250, 177
Trd, 000282.783, 182
Trd, 000283.167, 170
Trd, 000283.500, 163
Trd, 000283.800, 168
Trd, 000284.150, 156
Trd, 000284.850, 152
Trd, 000286.217, 147
Trd, 000286.483, 122
Trd, 000286.500, 117
Trd, 000286.783, 185
Trd, 000287.083, 179
Trd, 000288.050, 187
Trd, 000288.783, 182
Trd, 000288.917, 184
Trd, 000289.350, 166
Trd, 000290.517, 144
Trd, 000290.550, 153
Trd, 000291.950, 180
Trd, 000292.233, 165
Trd, 000292.400, 167
Trd, 000292.750, 156
Trd, 000292.850, 148
Trd, 000293.850, 182
Trd, 000294.550, 161
Trd, 000295.783, 167
Trd, 000296.533, 137
Trd, 000296.850, 137
Trd, 000297.100, 178
Trd, 000297.650, 162
Trd, 000298.033, 176
Trd, 000298.083, 167
Trd, 000298.167, 153
Trd, 000298.367, 165
