Trd, 000005.500, 139
Trd, 000005.583, 142
Trd, 000005.617, 151
Trd, 000006.033, 146
Trd, 000006.150, 154
Trd, 000006.233, 160
Trd, 000007.550, 143
Trd, 000007.633, 149
Trd, 000008.083, 151
Trd, 000009.000, 178
Trd, 000010.467, 118
Trd, 000011.400, 143
Trd, 000012.150, 174
Trd, 000013.367, 158
Trd, 000013.400, 166
Trd, 000013.750, 150
Trd, 000014.350, 172
Trd, 000015.633, 135
Trd, 000015.817, 175
Trd, 000016.467, 178
Trd, 000017.133, 151
Trd, 000017.733, 150
Trd, 000020.917, 167
Trd, 000023.017, 157
Trd, 000023.250, 161
Trd, 000024.717, 150
Trd, 000025.967, 169
Trd, 000026.850, 148
Trd, 000027.133, 155
Trd, 000027.150, 170
Trd, 000028.233, 153
Trd, 000029.633, 135
Trd, 000030.200, 141
Trd, 000031.767, 158
Trd, 000033.783, 152
Trd, 000033.850, 172
Trd, 000033.967, 150
Trd, 000035.717, 135
Trd, 000037.167, 173
Trd, 000037.250, 152
Trd, 000037.483, 142
Trd, 000039.450, 170
Trd, 000039.533, 165
Trd, 000039.933, 157
Trd, 000040.633, 132
Trd, 000040.950, 157
Trd, 000041.733, 151
Trd, 000042.433, 152
Trd, 000042.517, 145
Trd, 000042.733, 143
Trd, 000044.667, 135
Trd, 000045.583, 145
Trd, 000045.800, 147
Trd, 000046.983, 136
Trd, 000047.150, 137
Trd, 000048.383, 153
Trd, 000049.200, 139
Trd, 000050.033, 144
Trd, 000051.517, 169
Trd, 000052.100, 177
Trd, 000052.633, 154
Trd, 000053.583, 163
Trd, 000053.633, 150
Trd, 000054.750, 177
Trd, 000055.150, 168
Trd, 000056.517, 151
Trd, 000056.767, 159
Trd, 000056.883, 135
Trd, 000059.583, 142
Trd, 000059.967, 146
Trd, 000060.183, 170
Trd, 000061.700, 154
Trd, 000061.717, 146
Trd, 000062.383, 152
Trd, 000063.917, 154
Trd, 000063.983, 161
Trd, 000064.933, 158
Trd, 000065.717, 128
Trd, 000066.917, 163
Trd, 000067.783, 166
Trd, 000067.833, 157
Trd, 000067.983, 141
Trd, 000069.550, 163
Trd, 000070.633, 113
Trd, 000070.817, 157
Trd, 000071.667, 158
Trd, 000072.933, 151
Trd, 000073.600, 149
Trd, 000075.733, 162
Trd, 000076.200, 156
Trd, 000076.300, 139
Trd, 000076.400, 140
Trd, 000076.683, 141
Trd, 000077.300, 135
Trd, 000081.517, 142
Trd, 000082.617, 158
Trd, 000083.150, 148
Trd, 000083.500, 161
Trd, 000085.250, 153
Trd, 000086.833, 169
Trd, 000087.283, 167
Trd, 000087.417, 164
Trd, 000088.033, 159
Trd, 000088.367, 148
Trd, 000092.067, 151
Trd, 000092.367, 157
Trd, 000092.667, 147
Trd, 000093.933, 162
Trd, 000094.400, 143
Trd, 000094.433, 168
Trd, 000094.633, 144
Trd, 000096.700, 151
Trd, 000097.300, 151
Trd, 000099.200, 164
Trd, 000099.800, 154
Trd, 000100.567, 149
Trd, 000101.283, 149
Trd, 000101.450, 141
Trd, 000102.167, 178
Trd, 000102.533, 172
Trd, 000103.800, 158
Trd, 000104.600, 146
Trd, 000105.850, 172
Trd, 000106.083, 119
Trd, 000106.283, 120
Trd, 000106.900, 154
Trd, 000112.067, 151
Trd, 000112.267, 155
Trd, 000113.283, 150
Trd, 000113.317, 143
Trd, 000114.800, 150
Trd, 000116.133, 177
Trd, 000116.717, 150
Trd, 000116.850, 152
Trd, 000118.733, 176
Trd, 000119.267, 164
Trd, 000122.383, 154
Trd, 000123.017, 152
Trd, 000123.417, 150
Trd, 000125.150, 167
Trd, 000125.233, 159
Trd, 000125.950, 132
Trd, 000127.067, 178
Trd, 000128.633, 171
Trd, 000129.750, 170
Trd, 000131.033, 136
Trd, 000133.617, 149
Trd, 000134.800, 170
Trd, 000135.400, 161
Trd, 000135.600, 143
Trd, 000136.950, 149
Trd, 000137.750, 144
Trd, 000137.983, 155
Trd, 000139.433, 149
Trd, 000139.500, 149
Trd, 000140.950, 163
Trd, 000141.750, 181
Trd, 000142.033, 162
Trd, 000143.950, 161
Trd, 000146.017, 135
Trd, 000146.367, 150
Trd, 000146.800, 165
Trd, 000147.300, 141
Trd, 000148.083, 148
Trd, 000151.200, 122
Trd, 000151.383, 118
Trd, 000151.717, 165
Trd, 000151.917, 156
Trd, 000156.367, 126
Trd, 000156.850, 150
Trd, 000157.133, 153
Trd, 000158.433, 144
Trd, 000161.200, 138
Trd, 000161.950, 170
Trd, 000163.433, 147
Trd, 000164.383, 135
Trd, 000165.167, 152
Trd, 000165.300, 157
Trd, 000167.200, 161
Trd, 000167.333, 163
Trd, 000167.550, 173
Trd, 000168.383, 149
Trd, 000169.417, 161
Trd, 000171.900, 168
Trd, 000172.217, 154
Trd, 000173.417, 177
Trd, 000173.800, 177
Trd, 000174.667, 151
Trd, 000175.050, 148
Trd, 000176.450, 171
Trd, 000176.950, 176
Trd, 000176.983, 164
Trd, 000178.783, 168
Trd, 000178.917, 153
Trd, 000179.100, 159
Trd, 000179.867, 153
Trd, 000180.767, 153
Trd, 000181.883, 164
Trd, 000181.900, 151
Trd, 000182.500, 169
Trd, 000182.967, 151
Trd, 000183.733, 142
Trd, 000186.467, 119
Trd, 000186.567, 139
Trd, 000186.950, 149
Trd, 000188.417, 172
Trd, 000188.833, 175
Trd, 000189.083, 170
Trd, 000191.800, 151
Trd, 000191.933, 156
Trd, 000193.517, 157
Trd, 000195.467, 163
Trd, 000196.283, 158
Trd, 000196.467, 154
Trd, 000196.650, 151
Trd, 000196.983, 155
Trd, 000197.867, 161
Trd, 000201.267, 169
Trd, 000201.450, 143
Trd, 000201.700, 151
Trd, 000202.033, 176
Trd, 000203.517, 141
Trd, 000204.300, 152
Trd, 000204.333, 144
Trd, 000205.800, 153
Trd, 000206.333, 162
Trd, 000207.000, 159
Trd, 000207.450, 151
Trd, 000208.233, 148
Trd, 000210.267, 164
Trd, 000212.783, 147
Trd, 000213.067, 167
Trd, 000213.350, 151
Trd, 000214.317, 143
Trd, 000216.233, 171
Trd, 000216.717, 157
Trd, 000217.650, 147
Trd, 000218.333, 149
Trd, 000219.783, 150
Trd, 000220.433, 149
Trd, 000221.700, 151
Trd, 000222.117, 157
Trd, 000223.350, 174
Trd, 000223.733, 155
Trd, 000224.550, 168
Trd, 000227.017, 150
Trd, 000227.050, 150
Trd, 000227.500, 178
Trd, 000227.650, 162
Trd, 000228.100, 153
Trd, 000231.117, 136
Trd, 000231.383, 166
Trd, 000232.117, 153
Trd, 000233.500, 148
Trd, 000233.683, 147
Trd, 000234.067, 164
Trd, 000235.367, 145
Trd, 000236.617, 121
Trd, 000236.700, 133
Trd, 000237.367, 141
Trd, 000238.300, 152
Trd, 000239.167, 155
Trd, 000240.050, 163
Trd, 000242.350, 174
Trd, 000243.467, 168
Trd, 000243.983, 150
Trd, 000244.283, 179
Trd, 000245.033, 150
Trd, 000246.983, 177
Trd, 000247.700, 146
Trd, 000247.900, 143
Trd, 000248.133, 150
Trd, 000249.233, 145
Trd, 000249.600, 152
Trd, 000250.300, 135
Trd, 000250.750, 136
Trd, 000251.033, 156
Trd, 000251.367, 167
Trd, 000251.750, 172
Trd, 000252.033, 159
Trd, 000252.083, 173
Trd, 000254.700, 150
Trd, 000256.667, 150
Trd, 000257.000, 165
Trd, 000257.617, 174
Trd, 000258.183, 168
Trd, 000258.517, 156
Trd, 000260.333, 167
Trd, 000261.433, 129
Trd, 000261.733, 139
Trd, 000261.750, 153
Trd, 000261.800, 147
Trd, 000263.983, 156
Trd, 000266.100, 149
Trd, 000267.767, 180
Trd, 000268.183, 175
Trd, 000268.883, 169
Trd, 000270.083, 157
Trd, 000270.900, 155
Trd, 000271.900, 160
Trd, 000272.550, 163
Trd, 000272.933, 152
Trd, 000273.117, 143
Trd, 000273.750, 164
Trd, 000275.783, 146
Trd, 000275.850, 145
Trd, 000276.450, 119
Trd, 000277.050, 168
Trd, 000278.000, 160
Trd, 000279.783, 151
Trd, 000281.550, 154
Trd, 000281.700, 161
Trd, 000282.150, 178
Trd, 000282.650, 148
Trd, 000282.950, 147
Trd, 000283.583, 139
Trd, 000284.433, 147
Trd, 000286.967, 124
Trd, 000289.550, 150
Trd, 000290.200, 151
Trd, 000290.583, 168
Trd, 000291.133, 152
Trd, 000291.917, 137
Trd, 000292.483, 170
Trd, 000293.583, 178
Trd, 000294.133, 158
Trd, 000296.050, 149
Trd, 000296.767, 173
Trd, 000297.533, 179
Trd, 000297.567, 155
Trd, 000299.300, 164
Trd, 000299.517, 146
Trd, 000299.967, 143
