Trd, 000005.400, 108
Trd, 000005.417, 108
Trd, 000005.800, 117
Trd, 000005.883, 134
Trd, 000007.433, 153
Trd, 000007.600, 144
Trd, 000008.200, 140
Trd, 000009.800, 152
Trd, 000010.300, 185
Trd, 000010.333, 152
Trd, 000010.750, 150
Trd, 000011.167, 149
Trd, 000012.067, 143
Trd, 000014.500, 150
Trd, 000015.083, 182
Trd, 000015.767, 162
Trd, 000015.883, 158
Trd, 000016.817, 151
Trd, 000017.200, 153
Trd, 000017.567, 165
Trd, 000018.350, 157
Trd, 000020.017, 149
Trd, 000020.167, 152
Trd, 000021.017, 166
Trd, 000021.217, 144
Trd, 000024.367, 173
Trd, 000024.733, 168
Trd, 000025.583, 175
Trd, 000026.050, 185
Trd, 000027.450, 159
Trd, 000027.817, 155
Trd, 000028.050, 142
Trd, 000028.383, 125
Trd, 000028.867, 135
Trd, 000029.633, 158
Trd, 000030.250, 107
Trd, 000030.350, 166
Trd, 000030.800, 125
Trd, 000031.967, 158
Trd, 000032.300, 146
Trd, 000032.633, 144
Trd, 000035.350, 134
Trd, 000035.483, 144
Trd, 000035.950, 161
Trd, 000036.117, 157
Trd, 000036.867, 169
Trd, 000037.933, 155
Trd, 000038.050, 157
Trd, 000038.083, 158
Trd, 000041.067, 184
Trd, 000041.150, 161
Trd, 000041.600, 164
Trd, 000041.700, 159
Trd, 000042.500, 144
Trd, 000042.750, 143
Trd, 000043.850, 145
Trd, 000044.000, 144
Trd, 000045.567, 161
Trd, 000047.017, 144
Trd, 000047.300, 161
Trd, 000047.483, 153
Trd, 000047.783, 148
Trd, 000048.050, 139
Trd, 000051.200, 174
Trd, 000051.333, 183
Trd, 000052.733, 161
Trd, 000054.383, 150
Trd, 000054.483, 143
Trd, 000055.800, 161
Trd, 000056.167, 162
Trd, 000056.983, 144
Trd, 000057.400, 136
Trd, 000057.550, 159
Trd, 000057.700, 160
Trd, 000057.783, 142
Trd, 000058.600, 138
Trd, 000059.400, 151
Trd, 000060.733, 152
Trd, 000060.817, 157
Trd, 000062.083, 148
Trd, 000063.183, 128
Trd, 000063.533, 132
Trd, 000063.817, 145
Trd, 000063.917, 142
Trd, 000065.067, 146
Trd, 000065.100, 171
Trd, 000065.433, 121
Trd, 000065.633, 142
Trd, 000065.867, 167
Trd, 000066.017, 184
Trd, 000066.933, 165
Trd, 000067.000, 194
Trd, 000067.133, 163
Trd, 000067.533, 141
Trd, 000071.567, 144
Trd, 000071.817, 160
Trd, 000072.717, 155
Trd, 000072.883, 146
Trd, 000072.950, 154
Trd, 000073.867, 159
Trd, 000075.733, 148
Trd, 000075.817, 160
Trd, 000076.417, 165
Trd, 000077.350, 148
Trd, 000078.400, 165
Trd, 000079.183, 159
Trd, 000079.450, 146
Trd, 000080.783, 151
Trd, 000081.633, 129
Trd, 000081.733, 157
Trd, 000083.083, 150
Trd, 000083.133, 143
Trd, 000084.667, 146
Trd, 000084.800, 144
Trd, 000085.667, 198
Trd, 000085.700, 162
Trd, 000086.800, 170
Trd, 000087.000, 155
Trd, 000088.117, 152
Trd, 000088.150, 144
Trd, 000090.267, 170
Trd, 000090.867, 158
Trd, 000091.300, 153
Trd, 000092.117, 148
Trd, 000092.200, 149
Trd, 000094.150, 154
Trd, 000094.283, 152
Trd, 000095.150, 140
Trd, 000095.733, 132
Trd, 000095.850, 146
Trd, 000096.200, 154
Trd, 000097.217, 153
Trd, 000097.717, 169
Trd, 000099.050, 157
Trd, 000101.083, 156
Trd, 000101.450, 151
Trd, 000101.683, 149
Trd, 000101.900, 143
Trd, 000105.183, 171
Trd, 000105.300, 177
Trd, 000105.383, 158
Trd, 000105.950, 160
Trd, 000106.633, 155
Trd, 000106.900, 149
Trd, 000107.417, 159
Trd, 000107.717, 154
Trd, 000108.783, 173
Trd, 000110.067, 144
Trd, 000111.083, 155
Trd, 000112.233, 150
Trd, 000112.267, 153
Trd, 000112.883, 150
Trd, 000113.650, 165
Trd, 000114.133, 142
Trd, 000115.833, 137
Trd, 000116.333, 188
Trd, 000116.733, 166
Trd, 000116.783, 175
Trd, 000118.967, 173
Trd, 000119.250, 158
Trd, 000119.850, 153
Trd, 000121.150, 165
Trd, 000121.550, 153
Trd, 000122.167, 178
Trd, 000123.700, 154
Trd, 000124.233, 157
Trd, 000126.200, 156
Trd, 000126.967, 167
Trd, 000128.183, 162
Trd, 000129.733, 162
Trd, 000130.783, 144
Trd, 000131.550, 163
Trd, 000132.433, 155
Trd, 000132.700, 148
Trd, 000133.167, 146
Trd, 000134.150, 144
Trd, 000134.650, 142
Trd, 000136.833, 163
Trd, 000137.033, 156
Trd, 000137.283, 156
Trd, 000137.383, 199
Trd, 000138.450, 149
Trd, 000141.233, 156
Trd, 000141.950, 154
Trd, 000142.133, 153
Trd, 000143.600, 154
Trd, 000144.150, 152
Trd, 000144.867, 152
Trd, 000145.533, 141
Trd, 000145.950, 130
Trd, 000146.467, 183
Trd, 000146.650, 165
Trd, 000146.950, 154
Trd, 000147.417, 178
Trd, 000147.733, 158
Trd, 000149.000, 152
Trd, 000150.133, 144
Trd, 000152.117, 182
Trd, 000152.817, 163
Trd, 000153.133, 151
Trd, 000153.817, 178
Trd, 000154.317, 167
Trd, 000154.750, 143
Trd, 000155.933, 151
Trd, 000156.000, 128
Trd, 000156.283, 139
Trd, 000156.883, 128
Trd, 000157.067, 139
Trd, 000157.217, 147
Trd, 000157.333, 157
Trd, 000158.317, 198
Trd, 000158.383, 152
Trd, 000160.217, 146
Trd, 000161.333, 146
Trd, 000161.400, 139
Trd, 000162.133, 149
Trd, 000162.683, 147
Trd, 000162.967, 163
Trd, 000163.733, 153
Trd, 000164.033, 150
Trd, 000166.433, 148
Trd, 000166.650, 144
Trd, 000167.217, 164
Trd, 000167.533, 167
Trd, 000169.717, 177
Trd, 000171.033, 133
Trd, 000171.333, 140
Trd, 000171.883, 159
Trd, 000172.017, 154
Trd, 000172.333, 180
Trd, 000172.500, 153
Trd, 000172.817, 142
Trd, 000173.217, 133
Trd, 000173.300, 147
Trd, 000175.367, 179
Trd, 000176.083, 165
Trd, 000176.417, 196
Trd, 000176.583, 163
Trd, 000178.517, 174
Trd, 000179.033, 155
Trd, 000179.717, 142
Trd, 000179.867, 145
Trd, 000181.333, 157
Trd, 000181.667, 185
Trd, 000182.083, 147
Trd, 000182.183, 144
Trd, 000182.867, 150
Trd, 000182.967, 172
Trd, 000183.200, 142
Trd, 000184.233, 146
Trd, 000184.933, 162
Trd, 000186.100, 185
Trd, 000186.267, 148
Trd, 000186.983, 169
Trd, 000187.500, 152
Trd, 000190.200, 141
Trd, 000191.350, 160
Trd, 000191.583, 155
Trd, 000192.050, 166
Trd, 000193.917, 143
Trd, 000194.667, 155
Trd, 000196.050, 122
Trd, 000197.150, 159
Trd, 000198.050, 173
Trd, 000198.350, 166
Trd, 000198.483, 154
Trd, 000198.583, 151
Trd, 000201.550, 157
Trd, 000202.217, 166
Trd, 000202.583, 154
Trd, 000202.700, 150
Trd, 000202.783, 170
Trd, 000203.300, 166
Trd, 000203.333, 151
Trd, 000204.100, 151
Trd, 000205.350, 149
Trd, 000206.400, 173
Trd, 000207.050, 157
Trd, 000207.583, 143
Trd, 000207.900, 158
Trd, 000208.967, 151
Trd, 000210.233, 149
Trd, 000210.417, 158
Trd, 000210.833, 160
Trd, 000211.450, 157
Trd, 000212.567, 157
Trd, 000213.517, 157
Trd, 000213.583, 158
Trd, 000214.833, 151
Trd, 000215.550, 165
Trd, 000215.633, 164
Trd, 000216.550, 168
Trd, 000217.000, 188
Trd, 000217.133, 164
Trd, 000217.800, 181
Trd, 000218.083, 158
Trd, 000220.517, 161
Trd, 000222.167, 153
Trd, 000222.650, 146
Trd, 000223.850, 149
Trd, 000224.217, 144
Trd, 000225.167, 149
Trd, 000225.467, 153
Trd, 000225.483, 145
Trd, 000226.533, 199
Trd, 000227.283, 164
Trd, 000227.433, 162
Trd, 000228.217, 160
Trd, 000229.617, 145
Trd, 000231.200, 164
Trd, 000231.467, 165
Trd, 000231.667, 165
Trd, 000231.833, 166
Trd, 000232.217, 152
Trd, 000233.283, 156
Trd, 000234.350, 165
Trd, 000235.767, 150
Trd, 000236.333, 148
Trd, 000236.750, 151
Trd, 000236.917, 163
Trd, 000238.667, 146
Trd, 000238.883, 158
Trd, 000239.600, 143
Trd, 000239.900, 141
Trd, 000240.750, 160
Trd, 000241.300, 167
Trd, 000242.067, 158
Trd, 000242.283, 178
Trd, 000242.317, 146
Trd, 000242.450, 140
Trd, 000243.333, 159
Trd, 000243.850, 163
Trd, 000245.800, 153
Trd, 000246.333, 138
Trd, 000246.433, 132
Trd, 000247.083, 179
Trd, 000248.000, 159
Trd, 000248.133, 151
Trd, 000248.517, 151
Trd, 000250.550, 165
Trd, 000250.750, 161
Trd, 000251.400, 125
Trd, 000251.950, 157
Trd, 000252.000, 150
Trd, 000253.300, 168
Trd, 000253.867, 156
Trd, 000254.483, 150
Trd, 000255.100, 153
Trd, 000255.933, 162
Trd, 000256.600, 157
Trd, 000256.667, 156
Trd, 000256.933, 140
Trd, 000257.100, 149
Trd, 000257.950, 132
Trd, 000258.633, 138
Trd, 000261.117, 157
Trd, 000262.100, 137
Trd, 000262.367, 138
Trd, 000262.467, 133
Trd, 000262.950, 140
Trd, 000265.717, 144
Trd, 000266.400, 154
Trd, 000267.633, 174
Trd, 000268.367, 180
Trd, 000268.833, 169
Trd, 000268.883, 167
Trd, 000269.683, 163
Trd, 000271.067, 164
Trd, 000271.583, 164
Trd, 000272.117, 151
Trd, 000272.333, 195
Trd, 000272.900, 149
Trd, 000273.600, 184
Trd, 000275.200, 160
Trd, 000276.083, 143
Trd, 000276.117, 142
Trd, 000276.533, 143
Trd, 000276.883, 161
Trd, 000277.017, 158
Trd, 000278.383, 160
Trd, 000278.717, 158
Trd, 000279.367, 177
Trd, 000279.383, 145
Trd, 000281.200, 160
Trd, 000281.567, 147
Trd, 000282.300, 156
Trd, 000282.317, 160
Trd, 000282.733, 153
Trd, 000283.800, 143
Trd, 000284.650, 152
Trd, 000284.717, 150
Trd, 000285.467, 139
Trd, 000285.550, 144
Trd, 000286.483, 159
Trd, 000286.583, 150
Trd, 000286.817, 141
Trd, 000287.300, 168
Trd, 000287.567, 159
Trd, 000287.833, 147
Trd, 000289.117, 145
Trd, 000291.017, 161
Trd, 000291.500, 125
Trd, 000291.567, 154
Trd, 000291.817, 140
Trd, 000292.583, 144
Trd, 000293.100, 154
Trd, 000293.400, 168
Trd, 000294.183, 159
Trd, 000295.417, 146
Trd, 000295.500, 157
Trd, 000295.567, 158
Trd, 000296.733, 169
Trd, 000296.883, 168
Trd, 000298.583, 152
Trd, 000299.117, 145
Trd, 000299.817, 144
