Trd, 000005.367, 179
Trd, 000005.383, 141
Trd, 000005.850, 159
Trd, 000005.883, 155
Trd, 000005.967, 149
Trd, 000006.300, 156
Trd, 000006.350, 142
Trd, 000008.517, 153
Trd, 000008.700, 157
Trd, 000010.850, 148
Trd, 000011.350, 143
Trd, 000011.467, 140
Trd, 000012.950, 146
Trd, 000013.000, 138
Trd, 000015.217, 156
Trd, 000015.783, 141
Trd, 000017.200, 169
Trd, 000017.750, 136
Trd, 000019.417, 159
Trd, 000019.917, 140
Trd, 000020.350, 136
Trd, 000022.017, 172
Trd, 000022.167, 156
Trd, 000022.467, 141
Trd, 000022.733, 160
Trd, 000023.433, 154
Trd, 000023.450, 135
Trd, 000026.133, 147
Trd, 000027.150, 152
Trd, 000027.450, 146
Trd, 000030.800, 152
Trd, 000030.817, 139
Trd, 000031.583, 172
Trd, 000035.783, 161
Trd, 000035.833, 154
Trd, 000036.150, 170
Trd, 000036.333, 154
Trd, 000040.667, 146
Trd, 000040.933, 142
Trd, 000041.767, 136
Trd, 000042.933, 138
Trd, 000043.283, 162
Trd, 000045.850, 160
Trd, 000046.450, 165
Trd, 000046.783, 154
Trd, 000049.117, 159
Trd, 000050.750, 187
Trd, 000050.900, 149
Trd, 000051.183, 167
Trd, 000051.483, 167
Trd, 000053.217, 168
Trd, 000054.150, 167
Trd, 000055.367, 165
Trd, 000055.550, 159
Trd, 000056.433, 175
Trd, 000056.583, 168
Trd, 000057.667, 139
Trd, 000058.367, 159
Trd, 000060.233, 129
Trd, 000061.033, 135
Trd, 000061.100, 137
Trd, 000062.133, 153
Trd, 000062.467, 159
Trd, 000063.533, 168
Trd, 000065.483, 139
Trd, 000066.517, 126
Trd, 000067.983, 140
Trd, 000068.417, 153
Trd, 000068.483, 162
Trd, 000068.867, 163
Trd, 000069.233, 163
Trd, 000070.500, 140
Trd, 000071.050, 148
Trd, 000071.833, 125
Trd, 000071.867, 139
Trd, 000075.217, 165
Trd, 000075.383, 174
Trd, 000076.000, 170
Trd, 000076.183, 161
Trd, 000076.433, 174
Trd, 000077.583, 163
Trd, 000079.500, 170
Trd, 000080.233, 152
Trd, 000080.767, 151
Trd, 000081.117, 159
Trd, 000082.233, 147
Trd, 000083.250, 166
Trd, 000084.800, 160
Trd, 000085.167, 150
Trd, 000085.900, 129
Trd, 000086.483, 142
Trd, 000086.917, 161
Trd, 000087.267, 147
Trd, 000088.633, 151
Trd, 000090.917, 148
Trd, 000091.283, 158
Trd, 000091.767, 178
Trd, 000092.917, 147
Trd, 000094.617, 139
Trd, 000096.433, 147
Trd, 000097.583, 152
Trd, 000097.933, 149
Trd, 000098.617, 152
Trd, 000101.750, 132
Trd, 000102.583, 141
Trd, 000103.650, 128
Trd, 000104.333, 166
Trd, 000105.500, 165
Trd, 000105.800, 125
Trd, 000106.250, 163
Trd, 000106.367, 187
Trd, 000107.100, 150
Trd, 000108.383, 159
Trd, 000110.217, 168
Trd, 000111.000, 142
Trd, 000111.083, 145
Trd, 000111.617, 156
Trd, 000112.450, 141
Trd, 000116.033, 173
Trd, 000116.200, 142
Trd, 000116.900, 146
Trd, 000121.433, 148
Trd, 000121.517, 169
Trd, 000121.900, 167
Trd, 000122.133, 170
Trd, 000123.317, 150
Trd, 000124.367, 146
Trd, 000124.450, 169
Trd, 000124.983, 173
Trd, 000126.317, 144
Trd, 000126.450, 169
Trd, 000126.567, 132
Trd, 000128.167, 171
Trd, 000128.350, 173
Trd, 000128.483, 165
Trd, 000131.383, 146
Trd, 000132.183, 160
Trd, 000133.217, 149
Trd, 000133.717, 127
Trd, 000134.167, 148
Trd, 000138.117, 140
Trd, 000138.983, 137
Trd, 000139.583, 155
Trd, 000139.600, 130
Trd, 000141.050, 133
Trd, 000141.483, 140
Trd, 000141.750, 136
Trd, 000142.100, 156
Trd, 000147.200, 169
Trd, 000147.233, 162
Trd, 000147.750, 146
Trd, 000149.050, 156
Trd, 000149.067, 160
Trd, 000150.183, 156
Trd, 000151.217, 160
Trd, 000151.500, 159
Trd, 000151.717, 163
Trd, 000153.683, 157
Trd, 000154.567, 160
Trd, 000156.267, 154
Trd, 000157.817, 142
Trd, 000157.867, 131
Trd, 000159.017, 173
Trd, 000159.750, 164
Trd, 000160.067, 176
Trd, 000161.667, 125
Trd, 000161.733, 137
Trd, 000163.033, 158
Trd, 000163.767, 188
Trd, 000166.333, 140
Trd, 000166.650, 136
Trd, 000167.683, 162
Trd, 000169.150, 172
Trd, 000171.833, 152
Trd, 000173.950, 156
Trd, 000174.817, 148
Trd, 000174.883, 177
Trd, 000174.967, 177
Trd, 000176.983, 155
Trd, 000177.117, 153
Trd, 000177.467, 169
Trd, 000177.583, 140
Trd, 000179.317, 156
Trd, 000180.950, 157
Trd, 000181.050, 174
Trd, 000181.167, 163
Trd, 000181.783, 136
Trd, 000181.983, 145
Trd, 000182.100, 156
Trd, 000182.983, 144
Trd, 000183.983, 155
Trd, 000186.617, 141
Trd, 000187.033, 129
Trd, 000188.000, 152
Trd, 000188.533, 146
Trd, 000189.683, 159
Trd, 000192.150, 146
Trd, 000193.217, 143
Trd, 000193.550, 154
Trd, 000193.867, 154
Trd, 000194.333, 136
Trd, 000194.617, 167
Trd, 000195.283, 168
Trd, 000195.633, 177
Trd, 000196.183, 140
Trd, 000196.933, 127
Trd, 000197.067, 124
Trd, 000198.133, 179
Trd, 000199.050, 189
Trd, 000200.867, 170
Trd, 000201.283, 132
Trd, 000202.117, 140
Trd, 000202.633, 175
Trd, 000203.900, 154
Trd, 000205.883, 144
Trd, 000207.067, 152
Trd, 000207.217, 143
Trd, 000208.150, 151
Trd, 000208.467, 150
Trd, 000210.033, 144
Trd, 000210.533, 166
Trd, 000211.050, 151
Trd, 000212.467, 138
Trd, 000212.767, 142
Trd, 000213.667, 139
Trd, 000215.250, 155
Trd, 000215.567, 148
Trd, 000216.233, 141
Trd, 000216.700, 128
Trd, 000217.517, 144
Trd, 000221.567, 137
Trd, 000221.750, 173
Trd, 000221.867, 148
Trd, 000222.467, 139
Trd, 000223.417, 140
Trd, 000224.700, 159
Trd, 000225.300, 144
Trd, 000226.867, 128
Trd, 000227.483, 140
Trd, 000228.433, 161
Trd, 000228.600, 140
Trd, 000230.317, 151
Trd, 000231.717, 137
Trd, 000231.867, 132
Trd, 000232.233, 164
Trd, 000232.817, 148
Trd, 000232.850, 142
Trd, 000237.150, 137
Trd, 000237.217, 145
Trd, 000237.650, 150
Trd, 000238.683, 164
Trd, 000241.617, 137
Trd, 000242.417, 166
Trd, 000243.717, 165
Trd, 000246.467, 143
Trd, 000247.283, 129
Trd, 000249.367, 185
Trd, 000249.600, 164
Trd, 000250.167, 161
Trd, 000250.750, 157
Trd, 000252.333, 142
Trd, 000252.650, 159
Trd, 000252.917, 172
Trd, 000253.783, 169
Trd, 000254.317, 175
Trd, 000255.783, 149
Trd, 000257.400, 135
Trd, 000257.850, 143
Trd, 000257.917, 143
Trd, 000259.333, 173
Trd, 000259.550, 155
Trd, 000259.633, 153
Trd, 000259.667, 145
Trd, 000261.867, 138
Trd, 000262.000, 153
Trd, 000262.850, 166
Trd, 000262.967, 161
Trd, 000263.500, 166
Trd, 000264.650, 179
Trd, 000265.767, 155
Trd, 000266.933, 129
Trd, 000267.083, 137
Trd, 000267.183, 160
Trd, 000267.667, 136
Trd, 000271.167, 138
Trd, 000271.650, 143
Trd, 000272.183, 146
Trd, 000274.200, 150
Trd, 000274.550, 154
Trd, 000275.183, 148
Trd, 000276.650, 149
Trd, 000276.833, 133
Trd, 000277.350, 174
Trd, 000277.717, 139
Trd, 000278.950, 150
Trd, 000282.300, 144
Trd, 000282.383, 165
Trd, 000282.800, 126
Trd, 000282.917, 161
Trd, 000283.267, 167
Trd, 000284.117, 158
Trd, 000286.600, 142
Trd, 000287.317, 152
Trd, 000287.817, 140
Trd, 000288.067, 146
Trd, 000289.067, 155
Trd, 000289.800, 151
Trd, 000290.583, 170
Trd, 000291.667, 141
Trd, 000292.700, 163
Trd, 000293.333, 137
Trd, 000294.700, 161
Trd, 000295.217, 157
Trd, 000296.867, 155
Trd, 000297.667, 135
Trd, 000298.250, 162
Trd, 000298.633, 156
