Trd, 000005.050, 156
Trd, 000005.133, 128
Trd, 000005.150, 134
Trd, 000005.717, 144
Trd, 000005.733, 143
Trd, 000005.983, 155
Trd, 000006.883, 153
Trd, 000008.350, 151
Trd, 000009.050, 161
Trd, 000009.533, 153
Trd, 000010.783, 151
Trd, 000010.917, 153
Trd, 000011.400, 168
Trd, 000011.550, 160
Trd, 000011.567, 140
Trd, 000011.950, 172
Trd, 000012.400, 164
Trd, 000012.567, 167
Trd, 000013.400, 132
Trd, 000014.400, 160
Trd, 000015.200, 133
Trd, 000015.817, 164
Trd, 000015.950, 156
Trd, 000016.067, 135
Trd, 000016.267, 154
Trd, 000017.350, 152
Trd, 000017.417, 158
Trd, 000018.350, 165
Trd, 000018.367, 161
Trd, 000018.567, 157
Trd, 000020.483, 171
Trd, 000021.183, 167
Trd, 000021.217, 163
Trd, 000021.367, 172
Trd, 000021.933, 157
Trd, 000022.317, 153
Trd, 000022.767, 153
Trd, 000023.533, 149
Trd, 000024.883, 144
Trd, 000025.317, 161
Trd, 000025.383, 157
Trd, 000025.433, 155
Trd, 000025.750, 171
Trd, 000026.250, 169
Trd, 000026.367, 163
Trd, 000027.333, 173
Trd, 000029.483, 160
Trd, 000030.600, 178
Trd, 000030.650, 158
Trd, 000030.750, 187
Trd, 000031.417, 172
Trd, 000031.583, 173
Trd, 000032.567, 171
Trd, 000033.317, 161
Trd, 000034.233, 157
Trd, 000034.917, 171
Trd, 000035.467, 118
Trd, 000035.683, 178
Trd, 000036.750, 181
Trd, 000037.583, 172
Trd, 000037.633, 168
Trd, 000038.567, 160
Trd, 000039.433, 165
Trd, 000039.583, 157
Trd, 000040.950, 164
Trd, 000041.083, 171
Trd, 000041.550, 163
Trd, 000041.883, 157
Trd, 000042.283, 175
Trd, 000042.350, 159
Trd, 000042.467, 168
Trd, 000043.033, 156
Trd, 000043.617, 168
Trd, 000045.617, 171
Trd, 000045.733, 171
Trd, 000045.933, 167
Trd, 000046.883, 171
Trd, 000048.283, 159
Trd, 000048.517, 158
Trd, 000049.200, 161
Trd, 000051.167, 166
Trd, 000051.217, 163
Trd, 000052.250, 171
Trd, 000052.367, 168
Trd, 000052.400, 165
Trd, 000053.267, 157
Trd, 000053.917, 157
Trd, 000054.883, 155
Trd, 000055.367, 158
Trd, 000055.417, 178
Trd, 000055.650, 156
Trd, 000056.033, 180
Trd, 000056.633, 158
Trd, 000056.850, 157
Trd, 000057.200, 165
Trd, 000058.417, 156
Trd, 000060.983, 138
Trd, 000061.167, 175
Trd, 000061.433, 146
Trd, 000061.767, 171
Trd, 000062.100, 162
Trd, 000063.333, 172
Trd, 000063.583, 168
Trd, 000064.050, 162
Trd, 000064.817, 152
Trd, 000065.867, 172
Trd, 000066.217, 145
Trd, 000066.667, 185
Trd, 000067.133, 167
Trd, 000068.133, 161
Trd, 000068.900, 161
Trd, 000069.367, 171
Trd, 000069.833, 157
Trd, 000069.883, 154
Trd, 000071.333, 171
Trd, 000071.683, 159
Trd, 000072.050, 157
Trd, 000072.150, 171
Trd, 000072.467, 155
Trd, 000072.500, 154
Trd, 000073.183, 163
Trd, 000073.633, 157
Trd, 000073.917, 157
Trd, 000074.400, 179
Trd, 000075.833, 190
Trd, 000076.650, 165
Trd, 000076.700, 163
Trd, 000077.000, 182
Trd, 000078.000, 167
Trd, 000078.433, 174
Trd, 000078.717, 157
Trd, 000080.250, 149
Trd, 000081.200, 171
Trd, 000081.433, 161
Trd, 000084.050, 180
Trd, 000084.350, 171
Trd, 000084.600, 166
Trd, 000084.650, 144
Trd, 000084.817, 157
Trd, 000085.183, 137
Trd, 000085.833, 137
Trd, 000085.950, 149
Trd, 000086.267, 160
Trd, 000086.533, 148
Trd, 000086.583, 149
Trd, 000086.867, 164
Trd, 000087.183, 138
Trd, 000087.400, 139
Trd, 000088.683, 143
Trd, 000089.633, 159
Trd, 000089.750, 141
Trd, 000090.633, 171
Trd, 000090.750, 168
Trd, 000090.967, 144
Trd, 000091.250, 153
Trd, 000091.917, 172
Trd, 000092.250, 163
Trd, 000092.367, 157
Trd, 000093.933, 149
Trd, 000094.700, 149
Trd, 000095.833, 176
Trd, 000095.850, 157
Trd, 000095.917, 147
Trd, 000096.133, 164
Trd, 000096.817, 148
Trd, 000098.200, 161
Trd, 000099.433, 164
Trd, 000099.583, 160
Trd, 000100.767, 165
Trd, 000101.000, 157
Trd, 000102.133, 162
Trd, 000102.217, 165
Trd, 000102.233, 158
Trd, 000105.417, 174
Trd, 000106.483, 174
Trd, 000106.633, 173
Trd, 000107.033, 165
Trd, 000107.167, 165
Trd, 000107.317, 162
Trd, 000108.583, 163
Trd, 000108.633, 177
Trd, 000108.917, 158
Trd, 000109.700, 147
Trd, 000109.917, 147
Trd, 000110.983, 171
Trd, 000111.033, 165
Trd, 000111.167, 184
Trd, 000111.183, 175
Trd, 000111.400, 160
Trd, 000113.617, 175
Trd, 000113.700, 172
Trd, 000114.833, 157
Trd, 000115.750, 164
Trd, 000116.050, 136
Trd, 000116.517, 137
Trd, 000116.750, 147
Trd, 000117.000, 142
Trd, 000117.150, 141
Trd, 000117.817, 167
Trd, 000118.000, 166
Trd, 000119.100, 184
Trd, 000119.317, 163
Trd, 000120.100, 157
Trd, 000121.100, 173
Trd, 000121.167, 163
Trd, 000121.883, 168
Trd, 000122.583, 159
Trd, 000123.667, 157
Trd, 000125.417, 149
Trd, 000125.967, 158
Trd, 000126.883, 168
Trd, 000127.683, 182
Trd, 000128.500, 172
Trd, 000128.600, 168
Trd, 000128.817, 157
Trd, 000129.583, 161
Trd, 000129.900, 165
Trd, 000130.900, 170
Trd, 000132.000, 159
Trd, 000132.733, 149
Trd, 000133.283, 166
Trd, 000135.000, 159
Trd, 000136.633, 180
Trd, 000138.033, 168
Trd, 000138.800, 164
Trd, 000139.317, 169
Trd, 000140.450, 183
Trd, 000141.250, 156
Trd, 000141.500, 165
Trd, 000142.083, 175
Trd, 000142.667, 162
Trd, 000142.800, 157
Trd, 000142.900, 154
Trd, 000145.500, 160
Trd, 000146.467, 173
Trd, 000146.683, 160
Trd, 000146.700, 149
Trd, 000147.267, 171
Trd, 000147.383, 150
Trd, 000147.783, 150
Trd, 000147.850, 159
Trd, 000148.550, 148
Trd, 000151.383, 169
Trd, 000152.750, 174
Trd, 000153.333, 160
Trd, 000153.850, 157
Trd, 000154.450, 164
Trd, 000154.900, 164
Trd, 000156.033, 167
Trd, 000156.167, 159
Trd, 000156.233, 177
Trd, 000156.733, 169
Trd, 000158.467, 157
Trd, 000158.683, 157
Trd, 000160.300, 151
Trd, 000161.133, 166
Trd, 000161.200, 145
Trd, 000161.383, 173
Trd, 000161.483, 185
Trd, 000161.817, 169
Trd, 000162.033, 159
Trd, 000162.183, 169
Trd, 000162.700, 157
Trd, 000163.433, 152
Trd, 000165.400, 147
Trd, 000166.233, 168
Trd, 000166.583, 171
Trd, 000168.083, 161
Trd, 000169.067, 158
Trd, 000169.750, 156
Trd, 000170.183, 165
Trd, 000170.633, 151
Trd, 000171.150, 169
Trd, 000171.417, 161
Trd, 000171.567, 172
Trd, 000171.850, 150
Trd, 000172.317, 161
Trd, 000173.100, 164
Trd, 000174.717, 157
Trd, 000174.883, 138
Trd, 000175.067, 169
Trd, 000176.333, 171
Trd, 000176.400, 167
Trd, 000177.383, 185
Trd, 000177.467, 184
Trd, 000177.800, 166
Trd, 000178.250, 163
Trd, 000179.383, 158
Trd, 000180.150, 157
Trd, 000181.167, 172
Trd, 000181.933, 173
Trd, 000183.183, 157
Trd, 000183.200, 168
Trd, 000184.967, 162
Trd, 000186.067, 164
Trd, 000186.217, 187
Trd, 000186.233, 186
Trd, 000187.083, 172
Trd, 000187.567, 176
Trd, 000188.683, 164
Trd, 000188.700, 157
Trd, 000188.783, 156
Trd, 000189.650, 152
Trd, 000190.883, 177
Trd, 000191.250, 164
Trd, 000191.450, 159
Trd, 000191.517, 166
Trd, 000191.850, 154
Trd, 000192.117, 154
Trd, 000192.167, 151
Trd, 000193.600, 148
Trd, 000194.383, 169
Trd, 000194.483, 163
Trd, 000195.100, 146
Trd, 000196.033, 165
Trd, 000196.717, 158
Trd, 000196.767, 182
Trd, 000196.850, 145
Trd, 000197.433, 155
Trd, 000198.200, 170
Trd, 000200.333, 149
Trd, 000201.133, 169
Trd, 000201.433, 158
Trd, 000201.617, 165
Trd, 000201.783, 157
Trd, 000201.967, 155
Trd, 000202.383, 160
Trd, 000204.317, 179
Trd, 000205.917, 168
Trd, 000206.150, 153
Trd, 000206.250, 164
Trd, 000206.633, 133
Trd, 000206.667, 156
Trd, 000206.967, 140
Trd, 000207.767, 151
Trd, 000207.950, 157
Trd, 000208.300, 145
Trd, 000211.783, 166
Trd, 000211.867, 162
Trd, 000211.933, 161
Trd, 000212.150, 160
Trd, 000213.267, 165
Trd, 000213.633, 167
Trd, 000216.417, 169
Trd, 000216.667, 148
Trd, 000216.983, 181
Trd, 000217.100, 148
Trd, 000217.883, 160
Trd, 000218.750, 154
Trd, 000219.467, 167
Trd, 000219.683, 155
Trd, 000221.417, 139
Trd, 000221.533, 133
Trd, 000221.750, 136
Trd, 000221.867, 149
Trd, 000223.067, 172
Trd, 000224.400, 161
Trd, 000224.583, 151
Trd, 000224.767, 150
Trd, 000226.400, 145
Trd, 000226.500, 146
Trd, 000226.783, 161
Trd, 000227.300, 161
Trd, 000227.700, 157
Trd, 000228.783, 149
Trd, 000230.367, 163
Trd, 000231.350, 166
Trd, 000231.433, 163
Trd, 000231.683, 148
Trd, 000231.800, 169
Trd, 000233.083, 146
Trd, 000234.150, 163
Trd, 000234.250, 156
Trd, 000235.733, 138
Trd, 000236.633, 125
Trd, 000236.867, 145
Trd, 000237.117, 180
Trd, 000237.450, 169
Trd, 000237.667, 173
Trd, 000237.733, 165
Trd, 000240.167, 174
Trd, 000241.433, 136
Trd, 000241.550, 143
Trd, 000241.667, 170
Trd, 000242.417, 154
Trd, 000243.250, 167
Trd, 000243.333, 155
Trd, 000243.733, 155
Trd, 000244.900, 169
Trd, 000245.767, 151
Trd, 000245.917, 147
Trd, 000247.533, 166
Trd, 000247.567, 164
Trd, 000248.983, 171
Trd, 000249.167, 175
Trd, 000249.367, 166
Trd, 000249.517, 175
Trd, 000249.833, 163
Trd, 000250.550, 157
Trd, 000251.000, 172
Trd, 000251.283, 176
Trd, 000251.300, 154
Trd, 000252.317, 168
Trd, 000252.367, 180
Trd, 000252.467, 176
Trd, 000253.317, 161
Trd, 000254.200, 162
Trd, 000255.050, 157
Trd, 000255.417, 154
Trd, 000256.117, 151
Trd, 000256.550, 155
Trd, 000257.667, 151
Trd, 000258.017, 176
Trd, 000258.150, 180
Trd, 000258.450, 182
Trd, 000259.117, 165
Trd, 000259.367, 162
Trd, 000259.633, 157
Trd, 000261.367, 167
Trd, 000261.533, 172
Trd, 000262.133, 179
Trd, 000262.200, 163
Trd, 000262.233, 157
Trd, 000262.283, 162
Trd, 000263.533, 155
Trd, 000264.700, 156
Trd, 000264.767, 145
Trd, 000266.767, 153
Trd, 000266.967, 146
Trd, 000267.267, 156
Trd, 000268.400, 148
Trd, 000268.450, 148
Trd, 000268.650, 159
Trd, 000268.917, 160
Trd, 000269.633, 141
Trd, 000269.767, 166
Trd, 000271.683, 158
Trd, 000271.983, 180
Trd, 000272.733, 175
Trd, 000273.017, 173
Trd, 000273.383, 179
Trd, 000273.817, 168
Trd, 000274.200, 157
Trd, 000274.283, 153
Trd, 000275.067, 152
Trd, 000276.317, 158
Trd, 000276.617, 139
Trd, 000276.683, 166
Trd, 000276.783, 153
Trd, 000277.150, 155
Trd, 000277.483, 152
Trd, 000278.133, 160
Trd, 000279.617, 157
Trd, 000281.883, 172
Trd, 000282.133, 176
Trd, 000282.583, 169
Trd, 000284.250, 165
Trd, 000285.100, 159
Trd, 000285.850, 172
Trd, 000286.650, 160
Trd, 000287.250, 156
Trd, 000287.400, 159
Trd, 000288.200, 167
Trd, 000288.450, 156
Trd, 000288.700, 171
Trd, 000290.683, 152
Trd, 000291.583, 146
Trd, 000291.867, 147
Trd, 000292.267, 162
Trd, 000292.667, 164
Trd, 000294.000, 163
Trd, 000294.300, 181
Trd, 000295.850, 171
Trd, 000297.433, 163
Trd, 000297.883, 162
Trd, 000298.083, 162
Trd, 000298.650, 157
Trd, 000298.967, 155
Trd, 000299.767, 173
