Trd, 000005.067, 156
Trd, 000005.400, 129
Trd, 000005.650, 144
Trd, 000005.883, 163
Trd, 000006.567, 140
Trd, 000007.533, 163
Trd, 000008.467, 167
Trd, 000010.367, 154
Trd, 000010.950, 157
Trd, 000011.217, 161
Trd, 000013.183, 149
Trd, 000014.067, 157
Trd, 000015.367, 152
Trd, 000015.467, 150
Trd, 000015.800, 155
Trd, 000016.033, 150
Trd, 000019.633, 132
Trd, 000020.633, 111
Trd, 000021.283, 151
Trd, 000021.500, 138
Trd, 000021.750, 136
Trd, 000023.533, 133
Trd, 000023.917, 154
Trd, 000024.400, 161
Trd, 000027.583, 147
Trd, 000031.300, 161
Trd, 000032.683, 168
Trd, 000033.500, 158
Trd, 000033.767, 151
Trd, 000034.933, 156
Trd, 000036.133, 172
Trd, 000036.733, 146
Trd, 000036.833, 165
Trd, 000038.733, 141
Trd, 000039.833, 155
Trd, 000040.450, 165
Trd, 000040.850, 172
Trd, 000040.983, 156
Trd, 000041.533, 141
Trd, 000041.800, 152
Trd, 000041.950, 134
Trd, 000045.967, 124
Trd, 000046.350, 154
Trd, 000046.450, 163
Trd, 000047.083, 145
Trd, 000047.617, 153
Trd, 000048.550, 142
Trd, 000050.383, 179
Trd, 000055.150, 168
Trd, 000056.017, 143
Trd, 000057.400, 154
Trd, 000057.983, 143
Trd, 000058.083, 140
Trd, 000058.933, 154
Trd, 000063.167, 152
Trd, 000063.183, 149
Trd, 000064.483, 167
Trd, 000066.050, 142
Trd, 000066.533, 140
Trd, 000068.917, 163
Trd, 000069.517, 153
Trd, 000070.017, 161
Trd, 000071.900, 160
Trd, 000072.533, 156
Trd, 000074.200, 180
Trd, 000074.900, 162
Trd, 000075.417, 166
Trd, 000076.333, 158
Trd, 000077.117, 160
Trd, 000077.433, 161
Trd, 000079.250, 141
Trd, 000080.867, 128
Trd, 000081.617, 154
Trd, 000083.833, 157
Trd, 000084.683, 166
Trd, 000084.933, 142
Trd, 000085.100, 141
Trd, 000085.367, 170
Trd, 000087.300, 167
Trd, 000087.483, 165
Trd, 000088.717, 185
Trd, 000091.083, 149
Trd, 000091.650, 141
Trd, 000092.733, 158
Trd, 000094.317, 155
Trd, 000095.933, 171
Trd, 000096.967, 153
Trd, 000101.017, 156
Trd, 000101.450, 157
Trd, 000101.883, 152
Trd, 000102.867, 140
Trd, 000104.450, 166
Trd, 000105.867, 117
Trd, 000106.283, 144
Trd, 000107.083, 157
Trd, 000111.117, 127
Trd, 000112.233, 153
Trd, 000113.500, 145
Trd, 000116.183, 158
Trd, 000116.317, 137
Trd, 000119.867, 153
Trd, 000122.883, 147
Trd, 000122.967, 172
Trd, 000127.717, 148
Trd, 000128.650, 151
Trd, 000128.817, 173
Trd, 000131.667, 144
Trd, 000133.033, 158
Trd, 000135.000, 150
Trd, 000136.467, 141
Trd, 000136.983, 141
Trd, 000137.300, 151
Trd, 000138.000, 142
Trd, 000138.267, 139
Trd, 000139.350, 135
Trd, 000140.450, 141
Trd, 000142.833, 169
Trd, 000143.267, 168
Trd, 000144.733, 158
Trd, 000148.183, 152
Trd, 000148.233, 171
Trd, 000148.833, 175
Trd, 000148.933, 169
Trd, 000151.600, 119
Trd, 000152.567, 140
Trd, 000153.400, 144
Trd, 000154.117, 139
Trd, 000157.417, 150
Trd, 000158.217, 142
Trd, 000158.233, 141
Trd, 000159.433, 159
Trd, 000159.900, 163
Trd, 000161.250, 136
Trd, 000162.117, 139
Trd, 000163.567, 158
Trd, 000164.317, 148
Trd, 000166.567, 136
Trd, 000167.233, 151
Trd, 000167.583, 139
Trd, 000169.133, 149
Trd, 000169.967, 174
Trd, 000170.233, 161
Trd, 000171.067, 110
Trd, 000172.100, 151
Trd, 000172.417, 152
Trd, 000174.400, 144
Trd, 000176.417, 135
Trd, 000176.833, 143
Trd, 000178.200, 155
Trd, 000178.367, 153
Trd, 000180.117, 168
Trd, 000181.650, 150
Trd, 000182.433, 169
Trd, 000182.600, 159
Trd, 000182.917, 145
Trd, 000185.283, 179
Trd, 000185.867, 157
Trd, 000186.483, 137
Trd, 000186.650, 166
Trd, 000188.217, 164
Trd, 000189.417, 166
Trd, 000189.717, 159
Trd, 000189.817, 155
Trd, 000189.950, 151
Trd, 000191.267, 167
Trd, 000192.217, 146
Trd, 000193.483, 135
Trd, 000193.533, 164
Trd, 000193.683, 159
Trd, 000196.200, 130
Trd, 000197.050, 162
Trd, 000197.183, 133
Trd, 000198.117, 141
Trd, 000201.450, 139
Trd, 000202.150, 150
Trd, 000203.283, 140
Trd, 000203.450, 162
Trd, 000205.417, 159
Trd, 000207.650, 142
Trd, 000208.100, 159
Trd, 000208.567, 151
Trd, 000208.667, 148
Trd, 000209.467, 142
Trd, 000210.150, 172
Trd, 000212.067, 184
Trd, 000212.183, 168
Trd, 000214.450, 153
Trd, 000215.800, 138
Trd, 000216.900, 178
Trd, 000217.533, 135
Trd, 000217.783, 167
Trd, 000219.267, 161
Trd, 000220.900, 147
Trd, 000221.333, 162
Trd, 000225.217, 172
Trd, 000225.967, 153
Trd, 000226.983, 171
Trd, 000227.267, 144
Trd, 000229.800, 158
Trd, 000231.767, 134
Trd, 000232.250, 128
Trd, 000234.350, 135
Trd, 000234.450, 133
Trd, 000235.500, 142
Trd, 000236.350, 154
Trd, 000237.300, 144
Trd, 000240.283, 143
Trd, 000242.217, 164
Trd, 000242.450, 153
Trd, 000245.167, 169
Trd, 000246.633, 116
Trd, 000246.683, 144
Trd, 000247.567, 148
Trd, 000248.150, 169
Trd, 000252.833, 161
Trd, 000252.933, 163
Trd, 000253.317, 165
Trd, 000255.717, 179
Trd, 000256.383, 136
Trd, 000257.917, 176
Trd, 000258.533, 165
Trd, 000259.000, 185
Trd, 000259.117, 146
Trd, 000261.400, 121
Trd, 000262.367, 141
Trd, 000263.333, 154
Trd, 000266.133, 150
Trd, 000266.600, 193
Trd, 000268.383, 138
Trd, 000271.233, 172
Trd, 000271.617, 151
Trd, 000272.417, 175
Trd, 000274.833, 148
Trd, 000277.133, 165
Trd, 000278.517, 154
Trd, 000279.167, 184
Trd, 000279.717, 158
Trd, 000281.950, 160
Trd, 000282.217, 152
Trd, 000282.583, 165
Trd, 000283.750, 153
Trd, 000284.100, 142
Trd, 000285.483, 149
Trd, 000287.250, 161
Trd, 000288.283, 153
Trd, 000288.400, 165
Trd, 000288.550, 151
Trd, 000289.650, 141
Trd, 000289.783, 137
Trd, 000293.017, 177
Trd, 000293.300, 145
Trd, 000294.033, 174
Trd, 000297.167, 154
Trd, 000298.817, 152
Trd, 000299.417, 151
Trd, 000299.633, 147
