Trd, 000005.150, 150
Trd, 000005.267, 142
Trd, 000005.383, 138
Trd, 000005.600, 130
Trd, 000005.683, 162
Trd, 000005.833, 163
Trd, 000006.167, 131
Trd, 000008.150, 167
Trd, 000009.467, 155
Trd, 000010.100, 162
Trd, 000011.117, 161
Trd, 000011.267, 153
Trd, 000011.433, 180
Trd, 000012.450, 146
Trd, 000013.350, 159
Trd, 000015.283, 123
Trd, 000015.717, 153
Trd, 000016.217, 133
Trd, 000016.500, 162
Trd, 000017.050, 152
Trd, 000019.300, 180
Trd, 000020.767, 194
Trd, 000021.217, 170
Trd, 000022.183, 168
Trd, 000022.250, 160
Trd, 000022.417, 158
Trd, 000022.550, 172
Trd, 000023.083, 152
Trd, 000024.400, 148
Trd, 000026.950, 175
Trd, 000027.067, 175
Trd, 000027.550, 165
Trd, 000028.883, 171
Trd, 000031.300, 178
Trd, 000031.400, 151
Trd, 000031.717, 159
Trd, 000031.850, 181
Trd, 000032.167, 170
Trd, 000034.117, 151
Trd, 000034.200, 163
Trd, 000034.283, 148
Trd, 000034.550, 161
Trd, 000035.917, 146
Trd, 000035.950, 160
Trd, 000037.650, 163
Trd, 000040.167, 169
Trd, 000040.817, 153
Trd, 000040.883, 160
Trd, 000041.083, 195
Trd, 000041.700, 170
Trd, 000041.800, 168
Trd, 000042.017, 185
Trd, 000044.383, 152
Trd, 000044.600, 174
Trd, 000045.517, 166
Trd, 000045.667, 146
Trd, 000046.200, 147
Trd, 000047.717, 163
Trd, 000048.600, 161
Trd, 000049.017, 154
Trd, 000050.700, 163
Trd, 000051.300, 181
Trd, 000051.467, 175
Trd, 000051.550, 171
Trd, 000051.850, 162
Trd, 000052.567, 169
Trd, 000052.583, 147
Trd, 000052.667, 155
Trd, 000055.083, 179
Trd, 000055.767, 170
Trd, 000056.467, 166
Trd, 000057.650, 172
Trd, 000058.133, 161
Trd, 000059.117, 171
Trd, 000060.133, 153
Trd, 000060.300, 152
Trd, 000060.567, 139
Trd, 000060.700, 177
Trd, 000061.033, 166
Trd, 000061.783, 171
Trd, 000062.767, 150
Trd, 000065.317, 154
Trd, 000065.483, 160
Trd, 000065.567, 147
Trd, 000065.683, 184
Trd, 000065.800, 131
Trd, 000066.950, 160
Trd, 000067.500, 165
Trd, 000068.483, 164
Trd, 000071.017, 160
Trd, 000071.317, 174
Trd, 000072.567, 173
Trd, 000072.833, 152
Trd, 000073.283, 183
Trd, 000073.967, 153
Trd, 000075.983, 174
Trd, 000076.050, 185
Trd, 000076.100, 179
Trd, 000077.950, 158
Trd, 000079.000, 157
Trd, 000080.667, 170
Trd, 000080.750, 177
Trd, 000080.800, 145
Trd, 000080.950, 158
Trd, 000081.317, 171
Trd, 000081.867, 174
Trd, 000082.233, 168
Trd, 000082.633, 150
Trd, 000086.083, 140
Trd, 000086.117, 143
Trd, 000087.333, 159
Trd, 000087.450, 174
Trd, 000089.200, 160
Trd, 000089.317, 165
Trd, 000091.433, 169
Trd, 000091.650, 169
Trd, 000092.783, 155
Trd, 000094.433, 167
Trd, 000094.833, 173
Trd, 000096.200, 181
Trd, 000097.500, 161
Trd, 000098.333, 159
Trd, 000098.483, 160
Trd, 000099.167, 171
Trd, 000100.033, 173
Trd, 000100.217, 165
Trd, 000100.383, 159
Trd, 000100.883, 158
Trd, 000101.517, 164
Trd, 000101.683, 185
Trd, 000101.867, 169
Trd, 000101.967, 152
Trd, 000102.067, 175
Trd, 000102.783, 176
Trd, 000103.600, 155
Trd, 000104.467, 161
Trd, 000106.017, 166
Trd, 000106.450, 129
Trd, 000108.767, 182
Trd, 000109.167, 158
Trd, 000109.783, 156
Trd, 000110.250, 164
Trd, 000110.367, 150
Trd, 000111.433, 179
Trd, 000112.033, 163
Trd, 000114.083, 177
Trd, 000114.783, 175
Trd, 000114.867, 170
Trd, 000115.983, 155
Trd, 000116.150, 144
Trd, 000116.983, 146
Trd, 000117.133, 162
Trd, 000119.000, 161
Trd, 000119.600, 155
Trd, 000119.733, 152
Trd, 000119.833, 187
Trd, 000120.650, 169
Trd, 000123.067, 160
Trd, 000123.583, 154
Trd, 000123.717, 147
Trd, 000123.817, 164
Trd, 000126.100, 148
Trd, 000126.367, 141
Trd, 000126.517, 167
Trd, 000126.867, 176
Trd, 000127.017, 161
Trd, 000127.067, 164
Trd, 000128.050, 177
Trd, 000129.600, 152
Trd, 000130.817, 161
Trd, 000131.217, 172
Trd, 000132.117, 144
Trd, 000132.850, 173
Trd, 000132.950, 146
Trd, 000134.483, 163
Trd, 000135.067, 134
Trd, 000136.433, 160
Trd, 000136.533, 157
Trd, 000137.783, 166
Trd, 000138.033, 180
Trd, 000138.617, 163
Trd, 000139.600, 148
Trd, 000140.517, 144
Trd, 000140.800, 140
Trd, 000141.117, 177
Trd, 000143.550, 168
Trd, 000144.167, 165
Trd, 000144.783, 151
Trd, 000146.850, 132
Trd, 000147.900, 165
Trd, 000148.000, 166
Trd, 000148.267, 160
Trd, 000149.583, 153
Trd, 000150.700, 162
Trd, 000151.217, 139
Trd, 000151.583, 141
Trd, 000151.967, 155
Trd, 000154.333, 165
Trd, 000155.983, 186
Trd, 000157.483, 165
Trd, 000158.233, 159
Trd, 000161.233, 169
Trd, 000161.550, 172
Trd, 000162.217, 175
Trd, 000164.433, 161
Trd, 000166.300, 166
Trd, 000167.783, 158
Trd, 000168.783, 166
Trd, 000169.583, 157
Trd, 000169.900, 172
Trd, 000170.383, 171
Trd, 000170.900, 161
Trd, 000171.467, 143
Trd, 000172.033, 150
Trd, 000173.083, 164
Trd, 000173.783, 169
Trd, 000174.083, 168
Trd, 000175.900, 156
Trd, 000176.150, 165
Trd, 000176.383, 127
Trd, 000176.583, 162
Trd, 000178.800, 162
Trd, 000179.100, 156
Trd, 000180.117, 155
Trd, 000180.333, 161
Trd, 000181.550, 185
Trd, 000181.900, 157
Trd, 000182.467, 162
Trd, 000183.033, 169
Trd, 000183.850, 159
Trd, 000183.917, 152
Trd, 000185.600, 155
Trd, 000185.667, 145
Trd, 000186.017, 177
Trd, 000186.467, 157
Trd, 000187.517, 139
Trd, 000187.750, 159
Trd, 000188.317, 163
Trd, 000189.600, 168
Trd, 000190.033, 163
Trd, 000190.050, 171
Trd, 000191.650, 176
Trd, 000191.767, 154
Trd, 000192.067, 175
Trd, 000194.100, 178
Trd, 000195.550, 157
Trd, 000196.950, 170
Trd, 000197.633, 157
Trd, 000197.783, 156
Trd, 000198.233, 166
Trd, 000199.483, 174
Trd, 000199.700, 179
Trd, 000201.183, 167
Trd, 000202.133, 156
Trd, 000202.400, 156
Trd, 000203.883, 173
Trd, 000204.300, 162
Trd, 000207.367, 150
Trd, 000207.383, 161
Trd, 000207.883, 152
Trd, 000207.900, 148
Trd, 000207.950, 175
Trd, 000209.117, 159
Trd, 000209.550, 155
Trd, 000211.450, 187
Trd, 000211.567, 172
Trd, 000211.917, 162
Trd, 000212.050, 163
Trd, 000212.583, 162
Trd, 000213.050, 146
Trd, 000213.850, 155
Trd, 000215.917, 172
Trd, 000216.217, 167
Trd, 000217.250, 175
Trd, 000217.883, 164
Trd, 000218.183, 160
Trd, 000220.067, 161
Trd, 000222.550, 184
Trd, 000223.550, 147
Trd, 000224.400, 170
Trd, 000224.733, 183
Trd, 000224.950, 165
Trd, 000225.317, 160
Trd, 000226.133, 172
Trd, 000228.033, 160
Trd, 000229.650, 178
Trd, 000230.383, 168
Trd, 000231.917, 163
Trd, 000232.183, 178
Trd, 000233.450, 144
Trd, 000235.917, 165
Trd, 000237.233, 172
Trd, 000237.500, 154
Trd, 000237.567, 152
Trd, 000237.733, 144
Trd, 000237.867, 161
Trd, 000238.833, 150
Trd, 000239.500, 140
Trd, 000239.700, 167
Trd, 000240.700, 172
Trd, 000241.683, 177
Trd, 000242.083, 166
Trd, 000242.983, 163
Trd, 000243.117, 159
Trd, 000244.417, 157
Trd, 000246.600, 163
Trd, 000246.817, 171
Trd, 000247.400, 170
Trd, 000247.750, 161
Trd, 000248.933, 170
Trd, 000249.300, 168
Trd, 000249.767, 155
Trd, 000250.317, 154
Trd, 000250.733, 149
Trd, 000251.417, 162
Trd, 000252.017, 173
Trd, 000252.050, 156
Trd, 000253.017, 147
Trd, 000253.583, 163
Trd, 000255.883, 166
Trd, 000257.133, 156
Trd, 000257.217, 170
Trd, 000257.300, 154
Trd, 000258.167, 156
Trd, 000258.567, 168
Trd, 000259.033, 151
Trd, 000262.500, 168
Trd, 000262.700, 168
Trd, 000263.500, 179
Trd, 000263.550, 163
Trd, 000264.750, 157
Trd, 000265.150, 148
Trd, 000265.433, 159
Trd, 000267.317, 179
Trd, 000267.433, 174
Trd, 000267.583, 156
Trd, 000268.167, 154
Trd, 000268.317, 157
Trd, 000268.867, 155
Trd, 000270.867, 174
Trd, 000270.950, 166
Trd, 000270.967, 158
Trd, 000271.600, 152
Trd, 000271.867, 148
Trd, 000272.033, 166
Trd, 000272.450, 179
Trd, 000274.217, 146
Trd, 000275.117, 144
Trd, 000276.567, 154
Trd, 000278.650, 151
Trd, 000278.683, 145
Trd, 000279.367, 146
Trd, 000279.533, 149
Trd, 000281.650, 155
Trd, 000281.950, 162
Trd, 000283.733, 158
Trd, 000284.533, 153
Trd, 000284.650, 160
Trd, 000285.817, 154
Trd, 000286.100, 165
Trd, 000286.800, 164
Trd, 000286.850, 165
Trd, 000287.417, 177
Trd, 000289.567, 165
Trd, 000292.533, 158
Trd, 000293.200, 157
Trd, 000294.133, 164
Trd, 000294.150, 155
Trd, 000294.700, 153
Trd, 000295.400, 179
Trd, 000297.050, 148
Trd, 000297.200, 158
Trd, 000297.550, 153
Trd, 000297.600, 172
Trd, 000298.050, 144
Trd, 000298.333, 169
Trd, 000298.417, 159
Trd, 000298.500, 147
Trd, 000299.417, 168
