Trd, 000005.033, 185
Trd, 000005.183, 129
Trd, 000005.300, 120
Trd, 000005.717, 127
Trd, 000006.017, 120
Trd, 000006.183, 117
Trd, 000006.217, 126
Trd, 000006.267, 153
Trd, 000009.083, 136
Trd, 000009.567, 138
Trd, 000010.667, 155
Trd, 000010.733, 154
Trd, 000011.517, 141
Trd, 000011.850, 162
Trd, 000012.350, 126
Trd, 000012.533, 157
Trd, 000014.717, 151
Trd, 000015.300, 132
Trd, 000015.850, 118
Trd, 000015.867, 139
Trd, 000016.133, 140
Trd, 000017.050, 151
Trd, 000017.533, 171
Trd, 000018.867, 181
Trd, 000019.283, 151
Trd, 000019.767, 145
Trd, 000020.150, 146
Trd, 000020.233, 134
Trd, 000020.283, 157
Trd, 000021.250, 152
Trd, 000021.417, 170
Trd, 000022.217, 117
Trd, 000022.267, 164
Trd, 000022.800, 150
Trd, 000023.950, 139
Trd, 000024.383, 161
Trd, 000025.150, 156
Trd, 000025.650, 135
Trd, 000025.817, 126
Trd, 000025.867, 128
Trd, 000025.900, 134
Trd, 000026.483, 168
Trd, 000026.950, 149
Trd, 000029.833, 175
Trd, 000030.233, 148
Trd, 000030.800, 176
Trd, 000030.833, 151
Trd, 000031.250, 145
Trd, 000031.533, 137
Trd, 000032.317, 166
Trd, 000032.800, 162
Trd, 000034.183, 147
Trd, 000034.300, 177
Trd, 000035.467, 127
Trd, 000035.717, 158
Trd, 000035.783, 152
Trd, 000036.000, 125
Trd, 000036.950, 152
Trd, 000037.450, 160
Trd, 000037.633, 167
Trd, 000037.817, 168
Trd, 000038.250, 154
Trd, 000040.567, 189
Trd, 000040.683, 186
Trd, 000040.933, 171
Trd, 000041.250, 184
Trd, 000041.283, 143
Trd, 000041.867, 156
Trd, 000042.233, 153
Trd, 000044.000, 167
Trd, 000045.100, 150
Trd, 000045.700, 194
Trd, 000045.750, 147
Trd, 000045.933, 170
Trd, 000046.133, 173
Trd, 000046.633, 158
Trd, 000047.233, 174
Trd, 000049.133, 127
Trd, 000050.350, 199
Trd, 000050.550, 173
Trd, 000050.617, 126
Trd, 000050.850, 182
Trd, 000051.100, 155
Trd, 000052.433, 157
Trd, 000052.500, 140
Trd, 000052.550, 155
Trd, 000054.767, 152
Trd, 000055.167, 134
Trd, 000055.867, 154
Trd, 000056.867, 148
Trd, 000056.883, 163
Trd, 000057.617, 142
Trd, 000057.800, 126
Trd, 000058.933, 145
Trd, 000059.233, 157
Trd, 000060.450, 142
Trd, 000060.683, 144
Trd, 000060.917, 121
Trd, 000061.933, 181
Trd, 000062.383, 160
Trd, 000062.900, 142
Trd, 000064.200, 156
Trd, 000065.433, 120
Trd, 000065.833, 144
Trd, 000066.383, 175
Trd, 000066.933, 182
Trd, 000067.367, 173
Trd, 000068.100, 185
Trd, 000068.500, 163
Trd, 000069.067, 155
Trd, 000069.683, 140
Trd, 000070.833, 156
Trd, 000071.300, 135
Trd, 000071.533, 140
Trd, 000072.567, 139
Trd, 000072.650, 136
Trd, 000072.800, 157
Trd, 000073.117, 158
Trd, 000073.533, 158
Trd, 000074.450, 127
Trd, 000075.700, 172
Trd, 000075.733, 154
Trd, 000076.000, 141
Trd, 000076.200, 149
Trd, 000077.200, 156
Trd, 000077.917, 160
Trd, 000078.033, 161
Trd, 000078.117, 155
Trd, 000080.733, 139
Trd, 000080.800, 152
Trd, 000082.067, 162
Trd, 000082.217, 144
Trd, 000083.100, 149
Trd, 000083.300, 176
Trd, 000083.667, 187
Trd, 000084.517, 150
Trd, 000085.183, 168
Trd, 000086.117, 141
Trd, 000086.167, 156
Trd, 000086.317, 155
Trd, 000086.800, 145
Trd, 000087.817, 158
Trd, 000088.800, 158
Trd, 000090.967, 141
Trd, 000092.450, 156
Trd, 000092.517, 157
Trd, 000092.567, 151
Trd, 000093.667, 169
Trd, 000093.700, 149
Trd, 000094.150, 141
Trd, 000094.367, 157
Trd, 000096.000, 152
Trd, 000096.167, 148
Trd, 000096.683, 154
Trd, 000096.833, 139
Trd, 000096.933, 159
Trd, 000097.133, 130
Trd, 000098.900, 183
Trd, 000099.467, 155
Trd, 000100.267, 148
Trd, 000100.283, 165
Trd, 000100.767, 161
Trd, 000101.033, 180
Trd, 000101.800, 161
Trd, 000102.183, 139
Trd, 000102.317, 132
Trd, 000102.633, 182
Trd, 000103.383, 183
Trd, 000104.933, 146
Trd, 000105.250, 149
Trd, 000105.417, 127
Trd, 000106.500, 152
Trd, 000106.583, 147
Trd, 000106.750, 127
Trd, 000107.183, 145
Trd, 000107.650, 159
Trd, 000108.433, 151
Trd, 000109.033, 139
Trd, 000110.850, 113
Trd, 000111.100, 135
Trd, 000111.250, 142
Trd, 000111.450, 125
Trd, 000111.583, 128
Trd, 000111.717, 143
Trd, 000112.300, 144
Trd, 000113.233, 182
Trd, 000113.800, 150
Trd, 000116.050, 139
Trd, 000116.167, 152
Trd, 000116.950, 185
Trd, 000117.100, 171
Trd, 000117.367, 153
Trd, 000117.700, 138
Trd, 000117.983, 136
Trd, 000119.317, 165
Trd, 000120.533, 165
Trd, 000121.133, 156
Trd, 000121.533, 155
Trd, 000121.750, 148
Trd, 000122.183, 139
Trd, 000122.317, 175
Trd, 000122.450, 136
Trd, 000122.683, 176
Trd, 000123.333, 143
Trd, 000123.400, 150
Trd, 000124.267, 169
Trd, 000126.067, 139
Trd, 000126.650, 167
Trd, 000126.767, 156
Trd, 000126.850, 154
Trd, 000126.917, 158
Trd, 000127.367, 142
Trd, 000128.483, 169
Trd, 000128.783, 158
Trd, 000129.167, 139
Trd, 000130.950, 106
Trd, 000131.000, 136
Trd, 000131.533, 166
Trd, 000131.967, 186
Trd, 000132.883, 147
Trd, 000133.333, 131
Trd, 000133.967, 153
Trd, 000134.233, 139
Trd, 000135.883, 170
Trd, 000136.267, 169
Trd, 000136.400, 177
Trd, 000136.633, 139
Trd, 000136.767, 145
Trd, 000138.050, 186
Trd, 000139.967, 183
Trd, 000140.900, 157
Trd, 000141.133, 146
Trd, 000141.583, 195
Trd, 000142.433, 188
Trd, 000143.117, 167
Trd, 000144.383, 151
Trd, 000145.833, 147
Trd, 000146.167, 169
Trd, 000146.383, 150
Trd, 000146.583, 169
Trd, 000147.100, 144
Trd, 000147.650, 175
Trd, 000147.683, 143
Trd, 000147.700, 141
Trd, 000148.350, 163
Trd, 000148.783, 160
Trd, 000151.000, 142
Trd, 000151.717, 149
Trd, 000151.783, 150
Trd, 000152.017, 166
Trd, 000152.450, 166
Trd, 000152.700, 146
Trd, 000153.517, 151
Trd, 000153.667, 159
Trd, 000156.817, 157
Trd, 000157.133, 162
Trd, 000157.650, 176
Trd, 000157.967, 152
Trd, 000159.333, 171
Trd, 000160.850, 162
Trd, 000161.350, 150
Trd, 000162.033, 145
Trd, 000162.633, 151
Trd, 000163.183, 138
Trd, 000163.300, 141
Trd, 000164.900, 149
Trd, 000166.167, 164
Trd, 000166.450, 179
Trd, 000166.617, 179
Trd, 000167.617, 154
Trd, 000168.700, 146
Trd, 000169.050, 145
Trd, 000169.100, 162
Trd, 000169.533, 159
Trd, 000169.667, 158
Trd, 000171.300, 161
Trd, 000171.350, 172
Trd, 000171.533, 195
Trd, 000171.967, 154
Trd, 000172.317, 153
Trd, 000172.750, 139
Trd, 000172.900, 123
Trd, 000174.833, 156
Trd, 000175.017, 156
Trd, 000176.000, 123
Trd, 000177.567, 128
Trd, 000177.800, 149
Trd, 000178.467, 155
Trd, 000179.217, 154
Trd, 000180.267, 159
Trd, 000180.517, 156
Trd, 000180.583, 143
Trd, 000181.150, 140
Trd, 000181.767, 156
Trd, 000182.100, 169
Trd, 000182.350, 145
Trd, 000182.533, 136
Trd, 000182.900, 153
Trd, 000183.567, 154
Trd, 000183.683, 159
Trd, 000185.267, 145
Trd, 000186.417, 125
Trd, 000186.733, 124
Trd, 000186.750, 152
Trd, 000187.683, 135
Trd, 000189.150, 147
Trd, 000189.317, 135
Trd, 000190.567, 169
Trd, 000191.200, 181
Trd, 000191.217, 148
Trd, 000191.600, 150
Trd, 000192.700, 148
Trd, 000192.733, 150
Trd, 000192.917, 145
Trd, 000193.250, 159
Trd, 000193.817, 151
Trd, 000194.533, 152
Trd, 000194.833, 147
Trd, 000195.450, 148
Trd, 000196.067, 123
Trd, 000196.333, 125
Trd, 000196.750, 158
Trd, 000197.467, 181
Trd, 000197.650, 129
Trd, 000200.033, 145
Trd, 000201.000, 137
Trd, 000201.233, 165
Trd, 000201.317, 154
Trd, 000201.517, 154
Trd, 000201.750, 144
Trd, 000201.983, 146
Trd, 000202.333, 182
Trd, 000202.583, 128
Trd, 000203.383, 187
Trd, 000205.000, 125
Trd, 000206.467, 129
Trd, 000206.633, 141
Trd, 000206.933, 157
Trd, 000207.200, 165
Trd, 000207.750, 162
Trd, 000207.800, 168
Trd, 000208.417, 156
Trd, 000210.767, 140
Trd, 000210.900, 134
Trd, 000211.150, 192
Trd, 000211.283, 144
Trd, 000211.450, 123
Trd, 000211.717, 147
Trd, 000212.700, 149
Trd, 000213.617, 149
Trd, 000215.367, 175
Trd, 000215.417, 151
Trd, 000216.150, 127
Trd, 000216.300, 150
Trd, 000217.283, 149
Trd, 000219.250, 146
Trd, 000219.867, 150
Trd, 000221.000, 155
Trd, 000221.133, 130
Trd, 000221.617, 150
Trd, 000221.800, 184
Trd, 000222.067, 178
Trd, 000222.183, 157
Trd, 000222.917, 164
Trd, 000224.467, 163
Trd, 000224.917, 146
Trd, 000225.200, 138
Trd, 000226.367, 168
Trd, 000226.467, 175
Trd, 000226.767, 167
Trd, 000227.500, 169
Trd, 000227.967, 150
Trd, 000228.167, 144
Trd, 000228.367, 168
Trd, 000229.433, 144
Trd, 000231.367, 167
Trd, 000231.467, 177
Trd, 000231.700, 199
Trd, 000231.800, 189
Trd, 000231.950, 181
Trd, 000233.067, 169
Trd, 000233.333, 157
Trd, 000235.567, 141
Trd, 000236.383, 188
Trd, 000236.633, 155
Trd, 000237.017, 164
Trd, 000237.617, 172
Trd, 000238.150, 173
Trd, 000239.133, 149
Trd, 000239.383, 139
Trd, 000240.517, 127
Trd, 000240.817, 176
Trd, 000241.300, 157
Trd, 000241.350, 168
Trd, 000241.700, 123
Trd, 000242.167, 177
Trd, 000243.233, 155
Trd, 000243.400, 148
Trd, 000243.567, 159
Trd, 000244.567, 138
Trd, 000244.900, 172
Trd, 000246.017, 170
Trd, 000246.783, 154
Trd, 000246.933, 156
Trd, 000246.983, 135
Trd, 000247.067, 156
Trd, 000247.333, 120
Trd, 000248.717, 142
Trd, 000249.517, 155
Trd, 000250.583, 158
Trd, 000250.750, 169
Trd, 000251.500, 191
Trd, 000251.517, 177
Trd, 000252.400, 145
Trd, 000252.517, 152
Trd, 000253.083, 143
Trd, 000253.933, 154
Trd, 000255.000, 142
Trd, 000255.317, 152
Trd, 000256.750, 186
Trd, 000256.783, 173
Trd, 000257.283, 153
Trd, 000257.950, 176
Trd, 000258.817, 139
Trd, 000259.700, 150
Trd, 000260.750, 146
Trd, 000261.067, 142
Trd, 000261.483, 178
Trd, 000261.883, 165
Trd, 000262.067, 139
Trd, 000262.150, 132
Trd, 000262.250, 149
Trd, 000262.350, 163
Trd, 000264.317, 148
Trd, 000266.400, 179
Trd, 000266.450, 135
Trd, 000266.817, 192
Trd, 000267.567, 149
Trd, 000267.617, 140
Trd, 000268.317, 136
Trd, 000269.150, 149
Trd, 000269.800, 166
Trd, 000271.700, 170
Trd, 000272.150, 180
Trd, 000272.533, 172
Trd, 000272.867, 146
Trd, 000274.083, 175
Trd, 000275.250, 137
Trd, 000276.183, 125
Trd, 000276.600, 188
Trd, 000276.667, 168
Trd, 000276.800, 149
Trd, 000277.467, 177
Trd, 000277.583, 157
Trd, 000277.983, 145
Trd, 000278.167, 139
Trd, 000279.400, 179
Trd, 000280.217, 148
Trd, 000281.783, 155
Trd, 000281.967, 162
Trd, 000282.467, 163
Trd, 000284.083, 162
Trd, 000284.483, 186
Trd, 000284.633, 154
Trd, 000284.800, 170
Trd, 000285.800, 139
Trd, 000286.033, 150
Trd, 000286.600, 154
Trd, 000286.900, 126
Trd, 000287.917, 168
Trd, 000288.583, 160
Trd, 000288.667, 162
Trd, 000288.733, 154
Trd, 000289.900, 184
Trd, 000290.417, 174
Trd, 000291.533, 122
Trd, 000291.883, 166
Trd, 000292.017, 189
Trd, 000292.167, 157
Trd, 000292.783, 149
Trd, 000293.983, 149
Trd, 000294.000, 139
Trd, 000294.983, 142
Trd, 000296.517, 150
Trd, 000296.667, 175
Trd, 000297.950, 140
Trd, 000298.350, 149
Trd, 000298.567, 143
Trd, 000299.467, 133
Trd, 000299.517, 128
Trd, 000299.983, 149
