Trd, 000005.500, 108
Trd, 000005.617, 117
Trd, 000005.750, 124
Trd, 000005.950, 104
Trd, 000006.350, 113
Trd, 000006.517, 127
Trd, 000006.633, 154
Trd, 000007.533, 154
Trd, 000008.117, 150
Trd, 000010.183, 107
Trd, 000010.517, 146
Trd, 000010.600, 163
Trd, 000010.967, 128
Trd, 000011.050, 106
Trd, 000012.450, 159
Trd, 000012.917, 165
Trd, 000013.050, 169
Trd, 000015.650, 167
Trd, 000015.667, 150
Trd, 000015.683, 149
Trd, 000017.650, 172
Trd, 000017.950, 152
Trd, 000018.083, 149
Trd, 000019.317, 142
Trd, 000020.550, 110
Trd, 000020.583, 110
Trd, 000020.733, 101
Trd, 000021.150, 139
Trd, 000022.783, 161
Trd, 000022.917, 144
Trd, 000023.483, 150
Trd, 000025.383, 162
Trd, 000025.567, 182
Trd, 000025.850, 145
Trd, 000026.600, 152
Trd, 000026.967, 171
Trd, 000027.067, 152
Trd, 000028.867, 138
Trd, 000029.217, 147
Trd, 000030.333, 145
Trd, 000030.767, 120
Trd, 000030.817, 137
Trd, 000031.300, 126
Trd, 000032.450, 134
Trd, 000033.317, 151
Trd, 000033.800, 152
Trd, 000035.317, 137
Trd, 000035.517, 108
Trd, 000036.233, 164
Trd, 000036.317, 143
Trd, 000036.883, 159
Trd, 000036.917, 149
Trd, 000037.300, 126
Trd, 000037.817, 162
Trd, 000040.600, 138
Trd, 000040.883, 111
Trd, 000041.017, 108
Trd, 000041.783, 166
Trd, 000042.967, 163
Trd, 000044.617, 156
Trd, 000045.733, 175
Trd, 000046.500, 157
Trd, 000046.850, 151
Trd, 000047.133, 140
Trd, 000047.533, 164
Trd, 000050.317, 129
Trd, 000050.550, 131
Trd, 000050.650, 165
Trd, 000051.083, 128
Trd, 000051.383, 149
Trd, 000051.933, 138
Trd, 000055.567, 142
Trd, 000056.050, 138
Trd, 000056.150, 140
Trd, 000056.317, 133
Trd, 000057.567, 140
Trd, 000058.017, 140
Trd, 000058.483, 143
Trd, 000059.033, 154
Trd, 000059.717, 176
Trd, 000061.867, 143
Trd, 000062.050, 175
Trd, 000062.767, 158
Trd, 000063.367, 162
Trd, 000064.683, 128
Trd, 000065.550, 161
Trd, 000066.383, 129
Trd, 000066.550, 134
Trd, 000067.083, 155
Trd, 000067.300, 153
Trd, 000068.600, 151
Trd, 000069.550, 167
Trd, 000070.600, 152
Trd, 000070.783, 122
Trd, 000071.317, 139
Trd, 000072.600, 152
Trd, 000072.767, 166
Trd, 000075.367, 175
Trd, 000075.733, 128
Trd, 000075.800, 167
Trd, 000076.283, 156
Trd, 000077.250, 148
Trd, 000079.417, 150
Trd, 000079.583, 136
Trd, 000079.717, 133
Trd, 000080.500, 160
Trd, 000080.717, 110
Trd, 000081.050, 161
Trd, 000081.133, 148
Trd, 000081.983, 142
Trd, 000083.400, 138
Trd, 000085.450, 167
Trd, 000086.000, 173
Trd, 000086.200, 178
Trd, 000086.783, 167
Trd, 000086.967, 164
Trd, 000088.467, 156
Trd, 000088.833, 147
Trd, 000089.083, 158
Trd, 000091.133, 154
Trd, 000091.783, 168
Trd, 000092.250, 134
Trd, 000092.283, 151
Trd, 000092.783, 152
Trd, 000093.317, 177
Trd, 000094.117, 151
Trd, 000096.000, 114
Trd, 000096.083, 131
Trd, 000096.450, 165
Trd, 000096.900, 165
Trd, 000097.483, 168
Trd, 000097.950, 165
Trd, 000099.117, 163
Trd, 000101.417, 142
Trd, 000101.917, 175
Trd, 000102.150, 175
Trd, 000102.500, 164
Trd, 000102.550, 137
Trd, 000102.633, 136
Trd, 000103.633, 136
Trd, 000105.767, 147
Trd, 000105.833, 166
Trd, 000105.950, 128
Trd, 000106.050, 149
Trd, 000106.133, 107
Trd, 000106.933, 160
Trd, 000107.267, 139
Trd, 000110.750, 167
Trd, 000110.983, 169
Trd, 000111.350, 138
Trd, 000111.383, 136
Trd, 000111.500, 159
Trd, 000111.983, 148
Trd, 000113.517, 151
Trd, 000113.550, 157
Trd, 000113.700, 145
Trd, 000115.867, 146
Trd, 000116.083, 184
Trd, 000116.433, 170
Trd, 000116.483, 153
Trd, 000116.850, 152
Trd, 000118.133, 164
Trd, 000120.883, 121
Trd, 000121.150, 161
Trd, 000121.383, 151
Trd, 000122.567, 137
Trd, 000123.217, 134
Trd, 000123.717, 123
Trd, 000125.233, 156
Trd, 000125.433, 147
Trd, 000126.533, 154
Trd, 000126.867, 146
Trd, 000127.133, 138
Trd, 000128.483, 167
Trd, 000129.100, 144
Trd, 000129.733, 168
Trd, 000131.017, 110
Trd, 000132.017, 123
Trd, 000132.433, 146
Trd, 000133.067, 150
Trd, 000134.383, 158
Trd, 000135.750, 165
Trd, 000136.217, 167
Trd, 000136.250, 170
Trd, 000136.617, 156
Trd, 000137.083, 176
Trd, 000137.183, 147
Trd, 000137.333, 137
Trd, 000139.267, 164
Trd, 000139.617, 157
Trd, 000140.950, 167
Trd, 000141.050, 165
Trd, 000141.083, 150
Trd, 000141.250, 110
Trd, 000141.983, 161
Trd, 000142.383, 155
Trd, 000142.783, 151
Trd, 000143.183, 149
Trd, 000146.967, 162
Trd, 000149.150, 167
Trd, 000149.600, 156
Trd, 000149.700, 149
Trd, 000149.800, 143
Trd, 000150.483, 143
Trd, 000151.233, 108
Trd, 000151.617, 163
Trd, 000151.950, 162
Trd, 000151.983, 144
Trd, 000152.583, 164
Trd, 000156.633, 166
Trd, 000156.800, 141
Trd, 000157.500, 125
Trd, 000158.733, 160
Trd, 000159.200, 154
Trd, 000159.333, 152
Trd, 000160.867, 149
Trd, 000161.517, 167
Trd, 000162.017, 147
Trd, 000162.033, 138
Trd, 000162.100, 161
Trd, 000162.117, 137
Trd, 000162.967, 143
Trd, 000165.500, 157
Trd, 000165.983, 125
Trd, 000166.167, 104
Trd, 000166.517, 151
Trd, 000167.817, 132
Trd, 000167.900, 127
Trd, 000168.533, 147
Trd, 000169.000, 151
Trd, 000169.900, 160
Trd, 000170.967, 109
Trd, 000171.217, 154
Trd, 000172.967, 139
Trd, 000173.083, 134
Trd, 000173.167, 154
Trd, 000173.967, 162
Trd, 000175.167, 142
Trd, 000176.533, 135
Trd, 000177.433, 154
Trd, 000177.683, 149
Trd, 000178.233, 155
Trd, 000179.900, 147
Trd, 000181.083, 129
Trd, 000181.517, 155
Trd, 000181.817, 167
Trd, 000182.533, 149
Trd, 000183.200, 167
Trd, 000183.467, 162
Trd, 000184.483, 154
Trd, 000184.617, 143
Trd, 000186.283, 147
Trd, 000186.567, 133
Trd, 000186.950, 143
Trd, 000187.383, 160
Trd, 000187.700, 182
Trd, 000188.367, 156
Trd, 000188.483, 175
Trd, 000188.900, 164
Trd, 000190.883, 138
Trd, 000191.317, 108
Trd, 000191.883, 128
Trd, 000192.450, 133
Trd, 000192.583, 150
Trd, 000195.500, 125
Trd, 000196.183, 162
Trd, 000196.283, 137
Trd, 000196.967, 166
Trd, 000197.200, 150
Trd, 000197.567, 175
Trd, 000197.850, 149
Trd, 000198.417, 164
Trd, 000199.983, 162
Trd, 000201.333, 152
Trd, 000201.683, 133
Trd, 000202.383, 151
Trd, 000202.650, 167
Trd, 000203.117, 165
Trd, 000203.483, 170
Trd, 000205.650, 158
Trd, 000206.700, 165
Trd, 000206.917, 162
Trd, 000207.400, 154
Trd, 000207.917, 156
Trd, 000207.967, 154
Trd, 000208.417, 115
Trd, 000210.983, 138
Trd, 000211.467, 102
Trd, 000212.733, 146
Trd, 000212.767, 153
Trd, 000213.133, 182
Trd, 000213.267, 163
Trd, 000213.550, 157
Trd, 000214.717, 143
Trd, 000214.967, 152
Trd, 000216.183, 117
Trd, 000217.383, 162
Trd, 000217.517, 152
Trd, 000218.150, 142
Trd, 000218.167, 165
Trd, 000218.300, 168
Trd, 000219.467, 151
Trd, 000221.500, 121
Trd, 000221.633, 175
Trd, 000222.150, 165
Trd, 000222.217, 117
Trd, 000223.717, 162
Trd, 000223.950, 162
Trd, 000224.400, 153
Trd, 000224.483, 160
Trd, 000224.767, 156
Trd, 000224.983, 135
Trd, 000225.633, 165
Trd, 000226.200, 161
Trd, 000226.217, 123
Trd, 000226.567, 160
Trd, 000226.700, 165
Trd, 000227.300, 160
Trd, 000227.633, 137
Trd, 000229.133, 163
Trd, 000231.633, 149
Trd, 000232.083, 147
Trd, 000232.217, 147
Trd, 000232.283, 140
Trd, 000232.817, 130
Trd, 000234.250, 163
Trd, 000235.767, 159
Trd, 000236.400, 133
Trd, 000237.000, 128
Trd, 000237.733, 159
Trd, 000237.883, 144
Trd, 000238.083, 146
Trd, 000238.617, 169
Trd, 000240.017, 162
Trd, 000241.617, 147
Trd, 000242.017, 177
Trd, 000243.067, 157
Trd, 000243.117, 164
Trd, 000244.017, 140
Trd, 000244.100, 151
Trd, 000245.783, 150
Trd, 000246.117, 145
Trd, 000246.250, 124
Trd, 000246.367, 126
Trd, 000246.483, 181
Trd, 000246.817, 111
Trd, 000246.833, 157
Trd, 000247.817, 124
Trd, 000249.783, 178
Trd, 000249.967, 145
Trd, 000250.633, 154
Trd, 000251.450, 115
Trd, 000251.917, 117
Trd, 000252.317, 118
Trd, 000252.500, 149
Trd, 000254.417, 137
Trd, 000255.667, 153
Trd, 000256.517, 180
Trd, 000256.833, 172
Trd, 000257.017, 183
Trd, 000257.200, 165
Trd, 000257.767, 154
Trd, 000258.183, 165
Trd, 000259.017, 153
Trd, 000260.700, 162
Trd, 000261.833, 126
Trd, 000262.267, 131
Trd, 000262.417, 156
Trd, 000262.683, 165
Trd, 000263.533, 156
Trd, 000263.817, 150
Trd, 000265.450, 167
Trd, 000265.783, 165
Trd, 000266.083, 172
Trd, 000267.033, 173
Trd, 000267.067, 161
Trd, 000267.267, 154
Trd, 000268.133, 161
Trd, 000268.450, 169
Trd, 000268.633, 168
Trd, 000268.883, 146
Trd, 000269.533, 162
Trd, 000270.050, 163
Trd, 000270.517, 146
Trd, 000271.500, 155
Trd, 000272.017, 185
Trd, 000272.067, 151
Trd, 000273.017, 140
Trd, 000274.167, 156
Trd, 000274.617, 129
Trd, 000275.200, 164
Trd, 000276.617, 144
Trd, 000276.933, 155
Trd, 000278.383, 173
Trd, 000278.683, 158
Trd, 000280.833, 168
Trd, 000280.900, 156
Trd, 000281.583, 127
Trd, 000281.967, 117
Trd, 000282.150, 145
Trd, 000282.333, 144
Trd, 000282.500, 151
Trd, 000284.417, 157
Trd, 000284.917, 152
Trd, 000285.867, 164
Trd, 000286.500, 161
Trd, 000286.683, 146
Trd, 000287.000, 143
Trd, 000287.383, 156
Trd, 000287.633, 177
Trd, 000288.400, 160
Trd, 000289.450, 181
Trd, 000291.183, 148
Trd, 000291.750, 154
Trd, 000291.950, 130
Trd, 000292.067, 113
Trd, 000292.150, 134
Trd, 000292.267, 136
Trd, 000296.900, 106
Trd, 000297.017, 118
Trd, 000297.083, 130
Trd, 000297.317, 148
Trd, 000299.233, 181
