Trd, 000005.350, 159
Trd, 000005.467, 133
Trd, 000005.567, 147
Trd, 000005.650, 131
Trd, 000005.733, 129
Trd, 000005.900, 147
Trd, 000006.067, 153
Trd, 000006.233, 166
Trd, 000006.850, 141
Trd, 000007.033, 170
Trd, 000007.317, 146
Trd, 000010.417, 158
Trd, 000010.650, 172
Trd, 000010.983, 157
Trd, 000011.283, 178
Trd, 000012.417, 161
Trd, 000012.467, 144
Trd, 000012.817, 144
Trd, 000013.517, 156
Trd, 000015.267, 131
Trd, 000015.533, 164
Trd, 000015.617, 172
Trd, 000016.617, 136
Trd, 000016.717, 139
Trd, 000016.767, 140
Trd, 000017.750, 165
Trd, 000018.733, 151
Trd, 000019.950, 164
Trd, 000020.183, 137
Trd, 000020.383, 155
Trd, 000020.617, 150
Trd, 000021.367, 137
Trd, 000023.150, 136
Trd, 000025.333, 113
Trd, 000025.867, 168
Trd, 000026.450, 162
Trd, 000026.700, 153
Trd, 000027.150, 153
Trd, 000028.283, 144
Trd, 000028.733, 148
Trd, 000029.133, 141
Trd, 000030.417, 148
Trd, 000030.600, 146
Trd, 000030.683, 137
Trd, 000031.550, 156
Trd, 000031.617, 171
Trd, 000032.600, 157
Trd, 000032.750, 137
Trd, 000032.817, 165
Trd, 000035.283, 130
Trd, 000035.850, 187
Trd, 000035.950, 168
Trd, 000037.183, 165
Trd, 000037.283, 159
Trd, 000037.500, 159
Trd, 000038.083, 145
Trd, 000039.117, 143
Trd, 000040.567, 182
Trd, 000040.750, 174
Trd, 000040.767, 174
Trd, 000041.100, 149
Trd, 000041.233, 143
Trd, 000041.817, 137
Trd, 000042.433, 151
Trd, 000044.017, 162
Trd, 000045.467, 168
Trd, 000045.650, 165
Trd, 000047.467, 160
Trd, 000049.350, 167
Trd, 000050.200, 167
Trd, 000050.467, 161
Trd, 000050.617, 151
Trd, 000050.767, 131
Trd, 000051.100, 141
Trd, 000051.600, 172
Trd, 000052.983, 166
Trd, 000053.483, 148
Trd, 000055.500, 137
Trd, 000055.917, 126
Trd, 000056.200, 135
Trd, 000056.317, 143
Trd, 000057.033, 148
Trd, 000058.317, 156
Trd, 000060.583, 142
Trd, 000060.750, 173
Trd, 000061.317, 147
Trd, 000061.567, 159
Trd, 000062.333, 137
Trd, 000062.700, 147
Trd, 000063.233, 163
Trd, 000065.767, 146
Trd, 000065.900, 137
Trd, 000067.367, 143
Trd, 000067.950, 146
Trd, 000068.717, 147
Trd, 000069.000, 137
Trd, 000069.933, 146
Trd, 000070.450, 142
Trd, 000070.617, 134
Trd, 000070.933, 137
Trd, 000071.967, 126
Trd, 000072.133, 133
Trd, 000072.950, 144
Trd, 000073.217, 153
Trd, 000073.300, 157
Trd, 000074.750, 163
Trd, 000075.750, 168
Trd, 000075.767, 177
Trd, 000076.067, 158
Trd, 000076.650, 160
Trd, 000078.033, 158
Trd, 000078.717, 143
Trd, 000080.467, 152
Trd, 000080.717, 138
Trd, 000080.950, 139
Trd, 000080.983, 167
Trd, 000081.233, 137
Trd, 000081.517, 139
Trd, 000081.883, 155
Trd, 000084.850, 150
Trd, 000085.700, 166
Trd, 000085.767, 134
Trd, 000086.350, 141
Trd, 000086.517, 159
Trd, 000087.417, 136
Trd, 000088.050, 141
Trd, 000088.150, 132
Trd, 000089.883, 158
Trd, 000090.867, 142
Trd, 000091.167, 170
Trd, 000092.833, 148
Trd, 000093.000, 171
Trd, 000094.317, 148
Trd, 000094.583, 147
Trd, 000096.183, 169
Trd, 000096.250, 189
Trd, 000096.833, 166
Trd, 000097.083, 136
Trd, 000097.100, 143
Trd, 000097.633, 145
Trd, 000098.000, 141
Trd, 000098.017, 153
Trd, 000098.367, 175
Trd, 000100.433, 152
Trd, 000100.967, 147
Trd, 000101.233, 151
Trd, 000101.933, 150
Trd, 000102.350, 175
Trd, 000102.550, 155
Trd, 000103.150, 150
Trd, 000104.767, 159
Trd, 000105.717, 160
Trd, 000105.767, 127
Trd, 000105.983, 128
Trd, 000106.683, 126
Trd, 000106.833, 136
Trd, 000110.917, 120
Trd, 000111.317, 169
Trd, 000112.467, 150
Trd, 000112.817, 160
Trd, 000113.183, 148
Trd, 000113.833, 149
Trd, 000116.000, 118
Trd, 000117.767, 147
Trd, 000118.183, 155
Trd, 000118.567, 155
Trd, 000120.217, 155
Trd, 000120.833, 123
Trd, 000121.483, 147
Trd, 000124.050, 176
Trd, 000124.467, 176
Trd, 000125.250, 156
Trd, 000125.717, 143
Trd, 000126.183, 135
Trd, 000126.200, 134
Trd, 000126.350, 123
Trd, 000126.917, 162
Trd, 000127.417, 158
Trd, 000127.517, 138
Trd, 000128.183, 181
Trd, 000128.583, 139
Trd, 000129.817, 140
Trd, 000130.200, 139
Trd, 000131.050, 171
Trd, 000131.483, 140
Trd, 000131.683, 145
Trd, 000132.233, 146
Trd, 000132.583, 144
Trd, 000133.100, 158
Trd, 000133.733, 146
Trd, 000134.983, 160
Trd, 000135.883, 188
Trd, 000136.483, 117
Trd, 000136.533, 127
Trd, 000137.500, 130
Trd, 000137.683, 131
Trd, 000137.783, 153
Trd, 000138.017, 164
Trd, 000140.317, 143
Trd, 000141.200, 113
Trd, 000141.433, 152
Trd, 000142.767, 143
Trd, 000142.883, 145
Trd, 000142.900, 146
Trd, 000145.717, 158
Trd, 000146.183, 140
Trd, 000146.367, 131
Trd, 000146.750, 161
Trd, 000146.950, 175
Trd, 000147.667, 165
Trd, 000147.800, 147
Trd, 000148.367, 156
Trd, 000149.800, 150
Trd, 000151.117, 164
Trd, 000151.400, 194
Trd, 000151.700, 185
Trd, 000151.917, 185
Trd, 000152.967, 170
Trd, 000155.083, 135
Trd, 000156.417, 160
Trd, 000156.733, 152
Trd, 000156.967, 142
Trd, 000157.083, 184
Trd, 000157.117, 138
Trd, 000157.717, 170
Trd, 000158.450, 170
Trd, 000159.167, 132
Trd, 000160.167, 183
Trd, 000161.133, 124
Trd, 000161.733, 137
Trd, 000161.800, 142
Trd, 000161.917, 154
Trd, 000161.983, 155
Trd, 000162.600, 136
Trd, 000164.667, 146
Trd, 000166.133, 148
Trd, 000166.683, 136
Trd, 000166.800, 132
Trd, 000167.433, 128
Trd, 000167.967, 169
Trd, 000169.133, 148
Trd, 000169.267, 141
Trd, 000170.033, 163
Trd, 000171.017, 190
Trd, 000171.267, 134
Trd, 000171.433, 178
Trd, 000172.517, 146
Trd, 000172.767, 150
Trd, 000172.933, 146
Trd, 000174.133, 143
Trd, 000174.350, 140
Trd, 000174.750, 148
Trd, 000175.100, 161
Trd, 000175.850, 167
Trd, 000176.750, 141
Trd, 000177.183, 153
Trd, 000177.417, 148
Trd, 000177.833, 156
Trd, 000177.917, 182
Trd, 000178.267, 158
Trd, 000178.300, 191
Trd, 000181.400, 189
Trd, 000181.533, 145
Trd, 000182.333, 135
Trd, 000182.450, 137
Trd, 000182.783, 181
Trd, 000182.867, 138
Trd, 000183.200, 156
Trd, 000183.750, 151
Trd, 000184.833, 144
Trd, 000186.067, 192
Trd, 000186.200, 125
Trd, 000186.483, 141
Trd, 000186.783, 178
Trd, 000187.500, 152
Trd, 000187.917, 148
Trd, 000189.167, 153
Trd, 000191.233, 141
Trd, 000191.567, 158
Trd, 000191.700, 137
Trd, 000192.067, 151
Trd, 000192.817, 163
Trd, 000195.450, 148
Trd, 000196.483, 168
Trd, 000196.517, 168
Trd, 000196.633, 147
Trd, 000197.267, 143
Trd, 000197.783, 146
Trd, 000197.917, 145
Trd, 000197.950, 134
Trd, 000198.967, 173
Trd, 000199.950, 146
Trd, 000201.083, 163
Trd, 000201.467, 151
Trd, 000201.650, 142
Trd, 000201.767, 151
Trd, 000202.767, 158
Trd, 000203.083, 185
Trd, 000203.350, 158
Trd, 000204.100, 145
Trd, 000205.333, 141
Trd, 000205.600, 134
Trd, 000206.333, 135
Trd, 000206.517, 148
Trd, 000206.867, 134
Trd, 000207.100, 141
Trd, 000207.483, 144
Trd, 000207.517, 147
Trd, 000207.683, 160
Trd, 000208.350, 162
Trd, 000208.733, 137
Trd, 000209.317, 182
Trd, 000211.417, 173
Trd, 000211.650, 170
Trd, 000212.133, 167
Trd, 000212.683, 163
Trd, 000213.400, 180
Trd, 000213.750, 153
Trd, 000213.967, 153
Trd, 000214.367, 157
Trd, 000214.467, 175
Trd, 000216.483, 150
Trd, 000216.817, 147
Trd, 000217.117, 141
Trd, 000217.783, 148
Trd, 000218.033, 154
Trd, 000218.683, 144
Trd, 000219.600, 150
Trd, 000221.283, 148
Trd, 000222.000, 154
Trd, 000222.633, 185
Trd, 000223.017, 169
Trd, 000223.833, 162
Trd, 000224.433, 153
Trd, 000224.933, 142
Trd, 000225.767, 163
Trd, 000226.067, 172
Trd, 000226.267, 131
Trd, 000226.333, 151
Trd, 000226.867, 172
Trd, 000227.050, 172
Trd, 000227.100, 167
Trd, 000228.433, 159
Trd, 000231.583, 172
Trd, 000231.650, 157
Trd, 000232.483, 174
Trd, 000232.533, 168
Trd, 000233.883, 161
Trd, 000234.750, 150
Trd, 000235.100, 162
Trd, 000235.200, 155
Trd, 000235.967, 155
Trd, 000236.500, 156
Trd, 000236.917, 146
Trd, 000237.283, 161
Trd, 000239.133, 137
Trd, 000239.150, 137
Trd, 000240.600, 130
Trd, 000241.483, 191
Trd, 000241.517, 186
Trd, 000241.967, 188
Trd, 000243.433, 155
Trd, 000244.000, 155
Trd, 000244.350, 156
Trd, 000245.117, 146
Trd, 000245.967, 165
Trd, 000246.333, 180
Trd, 000246.367, 173
Trd, 000246.967, 150
Trd, 000247.317, 142
Trd, 000247.900, 184
Trd, 000248.683, 140
Trd, 000249.500, 140
Trd, 000251.550, 166
Trd, 000251.683, 142
Trd, 000251.867, 166
Trd, 000252.050, 166
Trd, 000252.583, 144
Trd, 000253.917, 164
Trd, 000254.650, 146
Trd, 000256.533, 151
Trd, 000256.967, 144
Trd, 000257.467, 147
Trd, 000257.550, 124
Trd, 000258.350, 126
Trd, 000258.750, 143
Trd, 000259.317, 144
Trd, 000259.517, 137
Trd, 000261.583, 120
Trd, 000261.867, 146
Trd, 000261.883, 155
Trd, 000262.667, 139
Trd, 000263.000, 151
Trd, 000263.333, 145
Trd, 000264.850, 182
Trd, 000265.333, 138
Trd, 000266.883, 146
Trd, 000267.150, 153
Trd, 000267.983, 171
Trd, 000268.033, 165
Trd, 000268.083, 145
Trd, 000268.767, 144
Trd, 000269.383, 140
Trd, 000270.183, 162
Trd, 000270.833, 134
Trd, 000271.483, 176
Trd, 000271.950, 135
Trd, 000272.667, 158
Trd, 000274.350, 139
Trd, 000275.133, 145
Trd, 000275.300, 136
Trd, 000276.633, 139
Trd, 000276.900, 138
Trd, 000277.000, 183
Trd, 000277.200, 129
Trd, 000278.017, 164
Trd, 000278.150, 169
Trd, 000279.150, 151
Trd, 000281.767, 173
Trd, 000282.717, 149
Trd, 000283.200, 141
Trd, 000284.033, 149
Trd, 000284.733, 143
Trd, 000285.800, 148
Trd, 000286.017, 165
Trd, 000286.583, 129
Trd, 000286.617, 172
Trd, 000286.833, 135
Trd, 000287.433, 148
Trd, 000288.083, 150
Trd, 000289.050, 159
Trd, 000289.217, 159
Trd, 000290.167, 162
Trd, 000291.700, 160
Trd, 000292.167, 154
Trd, 000292.250, 165
Trd, 000292.567, 146
Trd, 000293.150, 146
Trd, 000294.833, 152
Trd, 000295.500, 157
Trd, 000296.633, 152
Trd, 000297.483, 139
Trd, 000298.417, 180
Trd, 000298.517, 161
Trd, 000298.883, 176
