Trd, 000005.250, 152
Trd, 000005.367, 166
Trd, 000005.617, 154
Trd, 000005.833, 124
Trd, 000006.367, 148
Trd, 000006.483, 168
Trd, 000009.650, 129
Trd, 000010.067, 184
Trd, 000010.667, 120
Trd, 000011.000, 177
Trd, 000011.217, 164
Trd, 000011.317, 127
Trd, 000012.450, 186
Trd, 000014.300, 190
Trd, 000015.467, 184
Trd, 000016.050, 181
Trd, 000016.100, 157
Trd, 000017.217, 130
Trd, 000018.383, 120
Trd, 000018.467, 131
Trd, 000019.283, 150
Trd, 000020.450, 196
Trd, 000020.533, 176
Trd, 000020.683, 170
Trd, 000021.083, 177
Trd, 000021.383, 182
Trd, 000023.117, 160
Trd, 000024.100, 142
Trd, 000025.217, 130
Trd, 000025.667, 178
Trd, 000026.250, 173
Trd, 000026.833, 158
Trd, 000028.217, 146
Trd, 000028.350, 156
Trd, 000030.617, 174
Trd, 000030.667, 171
Trd, 000031.350, 166
Trd, 000032.017, 161
Trd, 000032.483, 161
Trd, 000033.100, 140
Trd, 000033.233, 182
Trd, 000035.750, 125
Trd, 000035.933, 140
Trd, 000036.083, 150
Trd, 000036.400, 180
Trd, 000036.850, 182
Trd, 000037.033, 150
Trd, 000038.017, 183
Trd, 000038.750, 166
Trd, 000040.333, 180
Trd, 000040.800, 164
Trd, 000041.150, 147
Trd, 000042.150, 177
Trd, 000043.350, 168
Trd, 000045.467, 124
Trd, 000045.617, 182
Trd, 000045.800, 191
Trd, 000046.417, 149
Trd, 000047.100, 164
Trd, 000047.533, 177
Trd, 000048.033, 140
Trd, 000050.433, 158
Trd, 000050.583, 111
Trd, 000050.883, 162
Trd, 000051.167, 169
Trd, 000051.283, 180
Trd, 000051.583, 132
Trd, 000051.633, 135
Trd, 000054.750, 171
Trd, 000055.600, 145
Trd, 000056.833, 150
Trd, 000056.983, 146
Trd, 000057.150, 156
Trd, 000057.733, 167
Trd, 000058.417, 164
Trd, 000059.850, 155
Trd, 000060.550, 196
Trd, 000060.567, 182
Trd, 000061.283, 165
Trd, 000062.467, 169
Trd, 000062.817, 168
Trd, 000063.417, 158
Trd, 000063.583, 164
Trd, 000065.650, 127
Trd, 000066.033, 185
Trd, 000066.350, 175
Trd, 000066.450, 152
Trd, 000067.000, 143
Trd, 000068.267, 164
Trd, 000068.517, 136
Trd, 000068.833, 150
Trd, 000070.883, 190
Trd, 000071.050, 179
Trd, 000071.283, 146
Trd, 000072.283, 181
Trd, 000072.517, 160
Trd, 000072.817, 142
Trd, 000073.717, 172
Trd, 000074.000, 159
Trd, 000075.500, 139
Trd, 000076.567, 138
Trd, 000077.367, 141
Trd, 000077.600, 170
Trd, 000078.267, 157
Trd, 000078.367, 180
Trd, 000079.267, 136
Trd, 000079.333, 184
Trd, 000079.533, 139
Trd, 000080.667, 163
Trd, 000080.917, 171
Trd, 000081.117, 159
Trd, 000081.550, 147
Trd, 000081.883, 134
Trd, 000082.333, 134
Trd, 000082.617, 145
Trd, 000085.583, 182
Trd, 000085.967, 184
Trd, 000086.133, 171
Trd, 000086.517, 161
Trd, 000086.633, 147
Trd, 000086.767, 119
Trd, 000086.967, 122
Trd, 000087.017, 176
Trd, 000087.483, 143
Trd, 000088.500, 153
Trd, 000089.950, 169
Trd, 000090.650, 187
Trd, 000090.817, 182
Trd, 000091.133, 161
Trd, 000092.133, 189
Trd, 000092.283, 149
Trd, 000092.567, 152
Trd, 000096.050, 140
Trd, 000096.717, 144
Trd, 000097.117, 147
Trd, 000097.700, 151
Trd, 000097.750, 141
Trd, 000097.783, 159
Trd, 000098.833, 165
Trd, 000100.283, 166
Trd, 000100.750, 119
Trd, 000101.350, 154
Trd, 000101.433, 159
Trd, 000101.867, 148
Trd, 000102.217, 171
Trd, 000102.333, 158
Trd, 000103.700, 173
Trd, 000105.850, 180
Trd, 000106.133, 194
Trd, 000106.300, 189
Trd, 000107.400, 152
Trd, 000108.350, 161
Trd, 000109.583, 164
Trd, 000111.167, 135
Trd, 000111.183, 141
Trd, 000111.350, 145
Trd, 000112.517, 148
Trd, 000112.950, 168
Trd, 000114.100, 182
Trd, 000115.883, 163
Trd, 000116.083, 144
Trd, 000116.450, 165
Trd, 000116.717, 161
Trd, 000116.800, 162
Trd, 000117.633, 162
Trd, 000120.233, 153
Trd, 000121.000, 167
Trd, 000121.033, 178
Trd, 000121.150, 157
Trd, 000121.267, 163
Trd, 000122.250, 130
Trd, 000122.433, 174
Trd, 000124.283, 156
Trd, 000125.283, 140
Trd, 000125.517, 163
Trd, 000125.817, 193
Trd, 000126.017, 156
Trd, 000126.233, 164
Trd, 000126.933, 172
Trd, 000127.083, 180
Trd, 000128.167, 160
Trd, 000131.033, 141
Trd, 000131.083, 186
Trd, 000131.367, 144
Trd, 000131.667, 163
Trd, 000133.000, 163
Trd, 000133.400, 151
Trd, 000135.033, 174
Trd, 000136.133, 177
Trd, 000136.283, 181
Trd, 000136.450, 178
Trd, 000136.600, 179
Trd, 000136.983, 141
Trd, 000137.517, 181
Trd, 000138.767, 151
Trd, 000138.783, 163
Trd, 000140.950, 127
Trd, 000141.067, 132
Trd, 000141.567, 166
Trd, 000141.617, 161
Trd, 000141.833, 182
Trd, 000142.717, 161
Trd, 000143.300, 183
Trd, 000143.567, 152
Trd, 000145.917, 175
Trd, 000146.600, 170
Trd, 000146.733, 162
Trd, 000147.867, 158
Trd, 000148.317, 149
Trd, 000148.400, 145
Trd, 000151.117, 146
Trd, 000151.517, 149
Trd, 000151.617, 167
Trd, 000151.883, 154
Trd, 000152.250, 179
Trd, 000153.300, 180
Trd, 000153.350, 160
Trd, 000156.200, 157
Trd, 000156.483, 167
Trd, 000156.650, 134
Trd, 000156.733, 177
Trd, 000157.233, 127
Trd, 000158.083, 181
Trd, 000161.150, 153
Trd, 000161.267, 178
Trd, 000162.617, 174
Trd, 000163.867, 166
Trd, 000164.300, 161
Trd, 000164.417, 151
Trd, 000165.033, 159
Trd, 000166.183, 184
Trd, 000166.267, 162
Trd, 000166.517, 178
Trd, 000166.583, 169
Trd, 000166.717, 144
Trd, 000166.767, 146
Trd, 000168.033, 167
Trd, 000168.067, 145
Trd, 000168.083, 137
Trd, 000169.217, 142
Trd, 000171.233, 165
Trd, 000171.433, 149
Trd, 000172.050, 143
Trd, 000172.250, 148
Trd, 000172.583, 174
Trd, 000173.050, 172
Trd, 000174.233, 143
Trd, 000174.483, 143
Trd, 000175.883, 141
Trd, 000176.333, 182
Trd, 000176.650, 197
Trd, 000177.100, 170
Trd, 000177.150, 166
Trd, 000177.233, 157
Trd, 000177.700, 149
Trd, 000178.467, 136
Trd, 000178.783, 153
Trd, 000180.683, 154
Trd, 000181.383, 196
Trd, 000181.400, 181
Trd, 000181.550, 154
Trd, 000182.183, 186
Trd, 000184.283, 149
Trd, 000184.667, 152
Trd, 000185.583, 138
Trd, 000186.183, 192
Trd, 000186.350, 194
Trd, 000186.517, 180
Trd, 000186.900, 145
Trd, 000186.917, 187
Trd, 000187.033, 159
Trd, 000187.617, 161
Trd, 000188.483, 158
Trd, 000191.383, 124
Trd, 000191.800, 152
Trd, 000191.900, 151
Trd, 000192.733, 127
Trd, 000193.600, 144
Trd, 000193.650, 146
Trd, 000193.800, 140
Trd, 000196.117, 172
Trd, 000196.483, 146
Trd, 000196.650, 158
Trd, 000197.067, 188
Trd, 000197.850, 177
Trd, 000199.300, 157
Trd, 000200.683, 161
Trd, 000201.117, 182
Trd, 000201.883, 140
Trd, 000201.917, 157
Trd, 000201.967, 157
Trd, 000202.717, 189
Trd, 000204.783, 162
Trd, 000205.283, 174
Trd, 000206.317, 134
Trd, 000206.683, 141
Trd, 000206.717, 167
Trd, 000206.950, 177
Trd, 000209.233, 184
Trd, 000210.283, 157
Trd, 000210.783, 157
Trd, 000211.167, 186
Trd, 000211.400, 155
Trd, 000211.850, 133
Trd, 000212.183, 131
Trd, 000212.433, 167
Trd, 000213.817, 145
Trd, 000213.933, 141
Trd, 000214.167, 179
Trd, 000214.700, 152
Trd, 000216.167, 194
Trd, 000216.967, 171
Trd, 000217.067, 138
Trd, 000217.333, 147
Trd, 000217.900, 182
Trd, 000218.783, 153
Trd, 000220.033, 160
Trd, 000221.233, 146
Trd, 000221.500, 149
Trd, 000221.583, 151
Trd, 000222.150, 164
Trd, 000222.783, 144
Trd, 000223.483, 130
Trd, 000225.300, 176
Trd, 000225.867, 148
Trd, 000226.250, 164
Trd, 000226.400, 152
Trd, 000226.600, 183
Trd, 000227.250, 179
Trd, 000228.633, 160
Trd, 000229.150, 166
Trd, 000230.000, 147
Trd, 000231.650, 195
Trd, 000231.717, 169
Trd, 000231.917, 131
Trd, 000232.283, 149
Trd, 000233.000, 140
Trd, 000233.533, 156
Trd, 000233.800, 180
Trd, 000233.950, 158
Trd, 000234.633, 153
Trd, 000236.450, 146
Trd, 000236.967, 179
Trd, 000237.267, 186
Trd, 000237.583, 188
Trd, 000240.117, 154
Trd, 000240.367, 153
Trd, 000241.683, 136
Trd, 000241.950, 134
Trd, 000242.150, 142
Trd, 000242.350, 158
Trd, 000242.550, 151
Trd, 000243.700, 160
Trd, 000246.467, 181
Trd, 000246.650, 182
Trd, 000247.100, 194
Trd, 000247.183, 199
Trd, 000248.083, 175
Trd, 000248.617, 155
Trd, 000249.350, 145
Trd, 000249.450, 141
Trd, 000250.483, 156
Trd, 000252.167, 132
Trd, 000252.200, 133
Trd, 000252.517, 141
Trd, 000252.650, 167
Trd, 000252.900, 146
Trd, 000254.350, 166
Trd, 000256.800, 141
Trd, 000257.033, 157
Trd, 000257.317, 179
Trd, 000257.517, 182
Trd, 000258.200, 153
Trd, 000258.283, 162
Trd, 000258.733, 177
Trd, 000259.567, 155
Trd, 000261.733, 137
Trd, 000261.817, 146
Trd, 000261.867, 152
Trd, 000262.633, 175
Trd, 000263.517, 151
Trd, 000263.967, 141
Trd, 000266.667, 181
Trd, 000267.050, 181
Trd, 000267.167, 143
Trd, 000267.433, 149
Trd, 000267.733, 152
Trd, 000270.217, 162
Trd, 000271.450, 178
Trd, 000271.467, 188
Trd, 000271.650, 185
Trd, 000271.833, 177
Trd, 000272.250, 177
Trd, 000272.683, 160
Trd, 000272.850, 149
Trd, 000273.867, 170
Trd, 000275.350, 151
Trd, 000276.217, 155
Trd, 000276.700, 131
Trd, 000276.750, 135
Trd, 000277.467, 182
Trd, 000277.817, 156
Trd, 000278.550, 171
Trd, 000279.217, 181
Trd, 000281.200, 171
Trd, 000281.833, 158
Trd, 000282.617, 153
Trd, 000282.633, 188
Trd, 000283.200, 150
Trd, 000283.650, 171
Trd, 000283.667, 174
Trd, 000283.850, 179
Trd, 000284.283, 131
Trd, 000286.583, 169
Trd, 000287.483, 171
Trd, 000287.650, 171
Trd, 000288.133, 159
Trd, 000288.633, 157
Trd, 000288.783, 152
Trd, 000289.433, 148
Trd, 000289.750, 153
Trd, 000291.550, 147
Trd, 000291.633, 160
Trd, 000292.283, 149
Trd, 000292.633, 142
Trd, 000293.817, 193
Trd, 000295.333, 182
Trd, 000296.600, 176
Trd, 000296.667, 177
Trd, 000296.933, 169
Trd, 000297.117, 154
Trd, 000298.083, 148
Trd, 000298.383, 182
