Trd, 000005.267, 159
Trd, 000005.500, 144
Trd, 000005.800, 141
Trd, 000005.900, 141
Trd, 000006.133, 123
Trd, 000006.200, 161
Trd, 000006.450, 160
Trd, 000006.567, 126
Trd, 000006.867, 122
Trd, 000008.667, 150
Trd, 000010.500, 188
Trd, 000010.617, 142
Trd, 000011.033, 142
Trd, 000011.667, 154
Trd, 000012.083, 146
Trd, 000013.017, 170
Trd, 000013.300, 133
Trd, 000013.850, 143
Trd, 000015.483, 146
Trd, 000015.633, 141
Trd, 000015.933, 150
Trd, 000016.867, 148
Trd, 000017.300, 147
Trd, 000017.850, 145
Trd, 000018.400, 156
Trd, 000018.850, 180
Trd, 000020.533, 124
Trd, 000020.617, 179
Trd, 000021.150, 129
Trd, 000021.800, 181
Trd, 000022.183, 150
Trd, 000023.400, 160
Trd, 000025.200, 116
Trd, 000026.483, 167
Trd, 000027.100, 141
Trd, 000027.283, 170
Trd, 000029.167, 163
Trd, 000030.550, 139
Trd, 000030.750, 146
Trd, 000030.983, 141
Trd, 000031.100, 167
Trd, 000031.667, 153
Trd, 000032.650, 132
Trd, 000033.467, 142
Trd, 000033.800, 144
Trd, 000034.383, 160
Trd, 000035.583, 139
Trd, 000035.783, 145
Trd, 000037.800, 147
Trd, 000038.483, 152
Trd, 000038.700, 179
Trd, 000039.133, 177
Trd, 000040.517, 145
Trd, 000040.867, 164
Trd, 000041.817, 155
Trd, 000041.833, 154
Trd, 000041.883, 146
Trd, 000042.083, 167
Trd, 000042.333, 151
Trd, 000044.067, 168
Trd, 000045.667, 150
Trd, 000046.350, 151
Trd, 000047.350, 159
Trd, 000048.417, 167
Trd, 000048.983, 144
Trd, 000051.633, 148
Trd, 000052.283, 158
Trd, 000054.117, 165
Trd, 000054.683, 150
Trd, 000054.817, 169
Trd, 000055.000, 148
Trd, 000055.617, 177
Trd, 000057.367, 177
Trd, 000058.100, 158
Trd, 000059.350, 156
Trd, 000061.067, 153
Trd, 000061.700, 158
Trd, 000061.867, 156
Trd, 000062.350, 152
Trd, 000063.900, 166
Trd, 000064.983, 154
Trd, 000065.083, 182
Trd, 000065.733, 144
Trd, 000065.867, 155
Trd, 000066.467, 144
Trd, 000067.617, 162
Trd, 000068.233, 182
Trd, 000068.350, 169
Trd, 000068.433, 131
Trd, 000068.883, 127
Trd, 000069.617, 140
Trd, 000069.967, 141
Trd, 000070.917, 154
Trd, 000071.867, 142
Trd, 000072.783, 159
Trd, 000073.100, 163
Trd, 000074.233, 148
Trd, 000075.883, 152
Trd, 000077.300, 163
Trd, 000077.417, 168
Trd, 000078.700, 154
Trd, 000078.950, 148
Trd, 000080.700, 173
Trd, 000081.217, 178
Trd, 000082.767, 168
Trd, 000082.933, 162
Trd, 000084.083, 159
Trd, 000084.283, 154
Trd, 000084.833, 176
Trd, 000086.000, 119
Trd, 000086.483, 165
Trd, 000087.550, 166
Trd, 000088.400, 158
Trd, 000089.100, 161
Trd, 000091.183, 162
Trd, 000092.083, 161
Trd, 000092.117, 156
Trd, 000092.450, 155
Trd, 000093.533, 149
Trd, 000094.600, 151
Trd, 000095.050, 155
Trd, 000095.267, 167
Trd, 000095.717, 141
Trd, 000096.300, 144
Trd, 000096.600, 146
Trd, 000097.667, 157
Trd, 000101.083, 142
Trd, 000101.117, 138
Trd, 000101.233, 157
Trd, 000101.500, 162
Trd, 000101.917, 163
Trd, 000102.033, 136
Trd, 000103.950, 139
Trd, 000104.583, 151
Trd, 000106.367, 163
Trd, 000106.617, 156
Trd, 000106.967, 170
Trd, 000107.550, 156
Trd, 000108.967, 155
Trd, 000109.483, 165
Trd, 000111.633, 188
Trd, 000111.717, 176
Trd, 000112.400, 162
Trd, 000112.800, 145
Trd, 000113.083, 135
Trd, 000113.350, 148
Trd, 000115.167, 190
Trd, 000116.283, 156
Trd, 000116.733, 151
Trd, 000116.850, 157
Trd, 000117.133, 146
Trd, 000118.017, 163
Trd, 000120.283, 143
Trd, 000120.717, 143
Trd, 000120.983, 190
Trd, 000121.433, 133
Trd, 000122.017, 155
Trd, 000123.433, 171
Trd, 000123.600, 166
Trd, 000123.817, 143
Trd, 000123.900, 138
Trd, 000126.067, 194
Trd, 000126.717, 168
Trd, 000127.033, 160
Trd, 000127.250, 176
Trd, 000127.517, 163
Trd, 000128.033, 168
Trd, 000131.000, 162
Trd, 000131.500, 164
Trd, 000131.850, 177
Trd, 000132.217, 148
Trd, 000133.450, 148
Trd, 000133.467, 132
Trd, 000135.133, 170
Trd, 000136.667, 165
Trd, 000137.933, 155
Trd, 000138.233, 147
Trd, 000139.633, 146
Trd, 000140.450, 140
Trd, 000141.133, 163
Trd, 000141.183, 147
Trd, 000141.517, 146
Trd, 000142.367, 163
Trd, 000143.983, 166
Trd, 000144.683, 135
Trd, 000145.950, 128
Trd, 000146.700, 171
Trd, 000147.133, 148
Trd, 000147.200, 172
Trd, 000147.300, 162
Trd, 000147.717, 170
Trd, 000147.883, 143
Trd, 000150.283, 159
Trd, 000151.833, 148
Trd, 000152.283, 133
Trd, 000153.133, 135
Trd, 000153.433, 160
Trd, 000153.750, 165
Trd, 000153.917, 130
Trd, 000156.467, 182
Trd, 000156.483, 162
Trd, 000156.983, 160
Trd, 000158.050, 168
Trd, 000158.150, 148
Trd, 000158.933, 172
Trd, 000159.367, 146
Trd, 000161.600, 155
Trd, 000161.833, 167
Trd, 000162.900, 175
Trd, 000163.000, 143
Trd, 000163.617, 143
Trd, 000163.750, 135
Trd, 000164.683, 162
Trd, 000166.133, 184
Trd, 000166.633, 164
Trd, 000168.150, 177
Trd, 000168.250, 169
Trd, 000169.067, 156
Trd, 000169.550, 182
Trd, 000169.733, 169
Trd, 000171.400, 188
Trd, 000171.717, 167
Trd, 000171.733, 144
Trd, 000172.800, 159
Trd, 000173.617, 149
Trd, 000173.983, 150
Trd, 000175.850, 162
Trd, 000176.200, 133
Trd, 000177.183, 146
Trd, 000177.900, 126
Trd, 000178.133, 139
Trd, 000178.983, 123
Trd, 000180.000, 155
Trd, 000180.467, 149
Trd, 000181.400, 160
Trd, 000181.750, 167
Trd, 000181.917, 171
Trd, 000182.200, 145
Trd, 000182.917, 128
Trd, 000183.817, 175
Trd, 000184.017, 151
Trd, 000184.750, 129
Trd, 000186.950, 155
Trd, 000187.183, 156
Trd, 000187.500, 158
Trd, 000188.500, 164
Trd, 000192.233, 162
Trd, 000192.383, 146
Trd, 000192.617, 172
Trd, 000194.650, 162
Trd, 000194.900, 179
Trd, 000195.817, 161
Trd, 000196.517, 163
Trd, 000196.767, 159
Trd, 000197.383, 162
Trd, 000197.617, 153
Trd, 000197.667, 146
Trd, 000197.867, 164
Trd, 000199.533, 151
Trd, 000199.683, 155
Trd, 000200.550, 165
Trd, 000200.667, 160
Trd, 000200.817, 149
Trd, 000201.433, 161
Trd, 000202.667, 161
Trd, 000202.900, 154
Trd, 000203.550, 152
Trd, 000206.283, 168
Trd, 000207.233, 158
Trd, 000207.717, 147
Trd, 000207.900, 146
Trd, 000208.100, 146
Trd, 000209.350, 155
Trd, 000212.000, 160
Trd, 000212.467, 158
Trd, 000212.533, 172
Trd, 000213.067, 180
Trd, 000213.667, 157
Trd, 000214.033, 152
Trd, 000216.283, 123
Trd, 000216.833, 160
Trd, 000217.400, 158
Trd, 000217.650, 168
Trd, 000218.133, 171
Trd, 000219.667, 154
Trd, 000219.900, 159
Trd, 000221.217, 146
Trd, 000223.500, 156
Trd, 000223.650, 127
Trd, 000223.717, 158
Trd, 000225.417, 155
Trd, 000226.817, 174
Trd, 000226.983, 135
Trd, 000227.100, 183
Trd, 000227.550, 138
Trd, 000228.050, 174
Trd, 000229.433, 155
Trd, 000231.300, 148
Trd, 000231.633, 161
Trd, 000231.867, 163
Trd, 000231.967, 156
Trd, 000233.500, 158
Trd, 000234.317, 160
Trd, 000236.583, 153
Trd, 000236.917, 146
Trd, 000238.600, 164
Trd, 000239.550, 162
Trd, 000239.683, 160
Trd, 000240.133, 142
Trd, 000241.400, 148
Trd, 000241.517, 154
Trd, 000241.867, 175
Trd, 000242.317, 118
Trd, 000242.583, 156
Trd, 000242.717, 146
Trd, 000243.117, 143
Trd, 000245.783, 167
Trd, 000246.967, 159
Trd, 000247.217, 156
Trd, 000248.317, 159
Trd, 000248.633, 182
Trd, 000249.400, 162
Trd, 000249.517, 149
Trd, 000250.700, 145
Trd, 000251.133, 136
Trd, 000251.433, 174
Trd, 000252.333, 146
Trd, 000253.883, 161
Trd, 000254.433, 154
Trd, 000254.600, 152
Trd, 000255.767, 165
Trd, 000256.167, 160
Trd, 000256.500, 166
Trd, 000257.333, 157
Trd, 000257.733, 160
Trd, 000257.800, 152
Trd, 000258.817, 158
Trd, 000260.250, 145
Trd, 000261.617, 173
Trd, 000261.800, 164
Trd, 000262.250, 180
Trd, 000262.400, 156
Trd, 000263.083, 174
Trd, 000264.500, 161
Trd, 000265.333, 149
Trd, 000265.750, 148
Trd, 000266.833, 123
Trd, 000266.883, 133
Trd, 000267.767, 188
Trd, 000268.167, 179
Trd, 000269.400, 169
Trd, 000271.467, 138
Trd, 000272.933, 176
Trd, 000273.017, 165
Trd, 000273.317, 161
Trd, 000274.000, 159
Trd, 000274.533, 156
Trd, 000275.917, 159
Trd, 000277.200, 154
Trd, 000277.250, 156
Trd, 000277.417, 144
Trd, 000277.450, 143
Trd, 000278.217, 151
Trd, 000280.167, 152
Trd, 000280.767, 145
Trd, 000281.583, 177
Trd, 000281.683, 151
Trd, 000282.017, 140
Trd, 000282.150, 138
Trd, 000282.517, 167
Trd, 000283.533, 149
Trd, 000284.200, 157
Trd, 000285.300, 134
Trd, 000285.900, 131
Trd, 000286.683, 154
Trd, 000287.117, 175
Trd, 000288.583, 185
Trd, 000288.683, 170
Trd, 000289.033, 146
Trd, 000291.750, 155
Trd, 000291.933, 169
Trd, 000293.000, 163
Trd, 000293.017, 145
Trd, 000294.117, 149
Trd, 000294.800, 160
Trd, 000295.533, 163
Trd, 000297.167, 153
Trd, 000297.617, 161
Trd, 000298.083, 147
Trd, 000298.833, 156
Trd, 000299.317, 152
