Trd, 000005.183, 106
Trd, 000005.350, 142
Trd, 000005.717, 131
Trd, 000006.000, 129
Trd, 000006.067, 121
Trd, 000006.917, 136
Trd, 000007.933, 146
Trd, 000007.967, 139
Trd, 000008.367, 131
Trd, 000009.833, 135
Trd, 000010.217, 133
Trd, 000010.833, 172
Trd, 000012.500, 152
Trd, 000012.633, 145
Trd, 000012.700, 154
Trd, 000013.233, 159
Trd, 000013.633, 152
Trd, 000013.733, 172
Trd, 000014.317, 148
Trd, 000015.250, 118
Trd, 000015.800, 138
Trd, 000015.967, 145
Trd, 000016.550, 138
Trd, 000016.633, 147
Trd, 000020.367, 132
Trd, 000020.800, 164
Trd, 000021.417, 138
Trd, 000021.683, 183
Trd, 000021.733, 156
Trd, 000022.667, 155
Trd, 000022.967, 151
Trd, 000023.633, 177
Trd, 000024.400, 135
Trd, 000024.867, 166
Trd, 000025.500, 178
Trd, 000025.667, 153
Trd, 000026.067, 172
Trd, 000026.600, 148
Trd, 000027.167, 148
Trd, 000029.333, 148
Trd, 000030.500, 147
Trd, 000030.550, 149
Trd, 000030.850, 146
Trd, 000031.483, 158
Trd, 000031.883, 144
Trd, 000032.983, 185
Trd, 000033.850, 161
Trd, 000034.600, 173
Trd, 000035.450, 123
Trd, 000036.267, 148
Trd, 000038.350, 146
Trd, 000038.600, 151
Trd, 000038.817, 160
Trd, 000040.300, 138
Trd, 000040.450, 131
Trd, 000041.050, 123
Trd, 000041.733, 139
Trd, 000042.183, 159
Trd, 000043.800, 167
Trd, 000044.417, 163
Trd, 000044.667, 158
Trd, 000045.733, 115
Trd, 000045.950, 144
Trd, 000046.417, 160
Trd, 000046.517, 141
Trd, 000046.683, 157
Trd, 000047.200, 153
Trd, 000048.750, 157
Trd, 000048.867, 155
Trd, 000050.950, 155
Trd, 000051.217, 155
Trd, 000051.767, 151
Trd, 000051.967, 148
Trd, 000052.217, 143
Trd, 000052.400, 172
Trd, 000053.183, 163
Trd, 000054.600, 159
Trd, 000055.217, 155
Trd, 000055.733, 125
Trd, 000055.900, 116
Trd, 000056.367, 137
Trd, 000057.367, 125
Trd, 000059.567, 155
Trd, 000061.300, 157
Trd, 000061.633, 157
Trd, 000062.100, 157
Trd, 000063.017, 159
Trd, 000063.150, 150
Trd, 000066.733, 169
Trd, 000067.567, 149
Trd, 000067.950, 161
Trd, 000068.400, 148
Trd, 000069.100, 158
Trd, 000069.967, 149
Trd, 000070.567, 120
Trd, 000071.100, 148
Trd, 000071.233, 165
Trd, 000071.867, 153
Trd, 000075.800, 167
Trd, 000076.250, 159
Trd, 000076.683, 158
Trd, 000077.033, 148
Trd, 000077.333, 145
Trd, 000080.650, 145
Trd, 000080.683, 130
Trd, 000081.200, 139
Trd, 000081.283, 160
Trd, 000081.583, 134
Trd, 000082.617, 160
Trd, 000082.750, 155
Trd, 000084.350, 152
Trd, 000085.733, 166
Trd, 000087.200, 160
Trd, 000087.950, 155
Trd, 000089.117, 151
Trd, 000089.600, 149
Trd, 000089.933, 143
Trd, 000089.983, 153
Trd, 000090.667, 152
Trd, 000090.983, 149
Trd, 000091.400, 163
Trd, 000091.717, 144
Trd, 000092.467, 128
Trd, 000093.283, 165
Trd, 000093.350, 171
Trd, 000093.550, 169
Trd, 000095.717, 162
Trd, 000095.917, 133
Trd, 000096.800, 151
Trd, 000096.900, 157
Trd, 000097.067, 154
Trd, 000097.767, 163
Trd, 000098.033, 165
Trd, 000100.067, 165
Trd, 000101.183, 110
Trd, 000101.433, 123
Trd, 000102.600, 153
Trd, 000102.750, 163
Trd, 000103.033, 151
Trd, 000103.950, 153
Trd, 000106.000, 156
Trd, 000106.100, 153
Trd, 000106.717, 161
Trd, 000106.783, 148
Trd, 000106.983, 169
Trd, 000107.800, 169
Trd, 000111.817, 159
Trd, 000111.933, 167
Trd, 000112.017, 157
Trd, 000112.317, 153
Trd, 000114.467, 148
Trd, 000115.850, 109
Trd, 000116.617, 154
Trd, 000116.933, 174
Trd, 000117.817, 152
Trd, 000118.667, 144
Trd, 000118.700, 143
Trd, 000119.867, 146
Trd, 000121.000, 113
Trd, 000122.233, 159
Trd, 000122.333, 150
Trd, 000122.917, 145
Trd, 000123.300, 142
Trd, 000124.067, 162
Trd, 000124.633, 136
Trd, 000125.017, 128
Trd, 000125.933, 149
Trd, 000126.317, 158
Trd, 000126.783, 138
Trd, 000127.283, 137
Trd, 000129.250, 135
Trd, 000132.600, 151
Trd, 000132.750, 146
Trd, 000133.050, 154
Trd, 000133.750, 147
Trd, 000134.400, 160
Trd, 000135.450, 163
Trd, 000136.067, 170
Trd, 000136.200, 123
Trd, 000136.767, 174
Trd, 000138.567, 150
Trd, 000138.850, 147
Trd, 000139.217, 144
Trd, 000139.350, 170
Trd, 000140.633, 167
Trd, 000140.883, 106
Trd, 000141.483, 145
Trd, 000142.583, 140
Trd, 000143.200, 141
Trd, 000143.733, 137
Trd, 000143.933, 171
Trd, 000145.833, 140
Trd, 000146.117, 151
Trd, 000146.767, 162
Trd, 000147.117, 156
Trd, 000148.717, 153
Trd, 000149.033, 150
Trd, 000149.650, 173
Trd, 000150.050, 149
Trd, 000151.267, 159
Trd, 000152.283, 123
Trd, 000152.400, 135
Trd, 000152.467, 137
Trd, 000153.033, 157
Trd, 000154.067, 153
Trd, 000155.700, 151
Trd, 000156.283, 121
Trd, 000156.683, 129
Trd, 000156.850, 136
Trd, 000156.983, 138
Trd, 000159.267, 165
Trd, 000160.550, 151
Trd, 000161.700, 159
Trd, 000162.083, 172
Trd, 000162.150, 149
Trd, 000162.367, 172
Trd, 000162.600, 143
Trd, 000163.250, 153
Trd, 000164.483, 148
Trd, 000164.683, 156
Trd, 000165.783, 172
Trd, 000166.217, 152
Trd, 000166.467, 156
Trd, 000166.683, 126
Trd, 000167.800, 151
Trd, 000168.350, 165
Trd, 000169.500, 158
Trd, 000171.450, 151
Trd, 000171.633, 154
Trd, 000171.850, 160
Trd, 000172.283, 150
Trd, 000172.417, 141
Trd, 000173.400, 151
Trd, 000173.500, 176
Trd, 000175.550, 140
Trd, 000175.983, 121
Trd, 000176.883, 150
Trd, 000177.067, 143
Trd, 000179.100, 148
Trd, 000179.967, 169
Trd, 000181.450, 143
Trd, 000182.533, 137
Trd, 000182.633, 140
Trd, 000182.783, 168
Trd, 000183.433, 161
Trd, 000184.417, 150
Trd, 000184.800, 140
Trd, 000185.333, 168
Trd, 000186.017, 160
Trd, 000189.317, 154
Trd, 000189.583, 153
Trd, 000190.667, 161
Trd, 000192.017, 139
Trd, 000192.567, 142
Trd, 000193.067, 168
Trd, 000193.800, 176
Trd, 000194.783, 181
Trd, 000195.867, 153
Trd, 000196.500, 132
Trd, 000196.967, 156
Trd, 000197.917, 142
Trd, 000198.083, 148
Trd, 000198.567, 144
Trd, 000199.233, 156
Trd, 000200.483, 139
Trd, 000201.167, 158
Trd, 000201.217, 153
Trd, 000201.250, 114
Trd, 000202.400, 136
Trd, 000203.183, 156
Trd, 000203.500, 151
Trd, 000203.850, 127
Trd, 000206.300, 149
Trd, 000206.433, 155
Trd, 000207.200, 159
Trd, 000207.783, 172
Trd, 000208.383, 142
Trd, 000208.600, 136
Trd, 000209.583, 153
Trd, 000209.667, 146
Trd, 000209.683, 136
Trd, 000211.267, 129
Trd, 000211.433, 110
Trd, 000211.700, 157
Trd, 000211.833, 140
Trd, 000212.033, 166
Trd, 000212.867, 153
Trd, 000213.500, 138
Trd, 000215.083, 161
Trd, 000216.400, 155
Trd, 000216.767, 144
Trd, 000216.817, 124
Trd, 000218.317, 161
Trd, 000219.167, 172
Trd, 000219.233, 152
Trd, 000219.667, 150
Trd, 000221.217, 131
Trd, 000221.483, 161
Trd, 000221.600, 137
Trd, 000222.550, 164
Trd, 000223.267, 126
Trd, 000223.667, 127
Trd, 000224.983, 138
Trd, 000226.950, 162
Trd, 000227.667, 144
Trd, 000228.033, 144
Trd, 000228.750, 150
Trd, 000229.050, 143
Trd, 000230.200, 178
Trd, 000230.567, 156
Trd, 000231.517, 137
Trd, 000231.783, 146
Trd, 000232.200, 151
Trd, 000232.983, 145
Trd, 000233.767, 137
Trd, 000234.517, 156
Trd, 000235.567, 147
Trd, 000236.200, 148
Trd, 000236.583, 135
Trd, 000237.217, 152
Trd, 000238.250, 141
Trd, 000238.600, 142
Trd, 000239.483, 158
Trd, 000240.933, 165
Trd, 000241.350, 143
Trd, 000241.617, 138
Trd, 000241.933, 130
Trd, 000242.100, 166
Trd, 000242.550, 172
Trd, 000242.683, 183
Trd, 000242.917, 150
Trd, 000244.717, 179
Trd, 000247.433, 156
Trd, 000247.517, 161
Trd, 000247.967, 153
Trd, 000248.700, 164
Trd, 000248.900, 149
Trd, 000250.967, 159
Trd, 000251.417, 151
Trd, 000251.450, 136
Trd, 000251.850, 138
Trd, 000252.300, 135
Trd, 000253.967, 143
Trd, 000255.717, 170
Trd, 000256.300, 143
Trd, 000256.600, 124
Trd, 000257.200, 144
Trd, 000257.983, 175
Trd, 000258.067, 165
Trd, 000259.800, 141
Trd, 000260.550, 144
Trd, 000260.667, 170
Trd, 000261.683, 120
Trd, 000261.733, 133
Trd, 000262.117, 153
Trd, 000263.267, 149
Trd, 000264.150, 156
Trd, 000264.783, 158
Trd, 000266.483, 146
Trd, 000266.517, 158
Trd, 000268.033, 158
Trd, 000269.167, 155
Trd, 000271.567, 179
Trd, 000271.717, 170
Trd, 000271.783, 166
Trd, 000272.283, 144
Trd, 000272.400, 155
Trd, 000273.417, 156
Trd, 000276.517, 120
Trd, 000277.017, 164
Trd, 000277.350, 155
Trd, 000277.650, 172
Trd, 000278.650, 158
Trd, 000279.117, 155
Trd, 000279.317, 154
Trd, 000280.983, 140
Trd, 000281.700, 146
Trd, 000281.983, 149
Trd, 000282.033, 131
Trd, 000282.800, 121
Trd, 000283.083, 139
Trd, 000285.817, 170
Trd, 000286.533, 138
Trd, 000287.100, 133
Trd, 000287.383, 169
Trd, 000288.683, 153
Trd, 000289.200, 145
Trd, 000289.583, 146
Trd, 000289.867, 164
Trd, 000291.817, 115
Trd, 000291.850, 144
Trd, 000292.250, 113
Trd, 000293.467, 151
Trd, 000294.417, 150
Trd, 000295.067, 145
Trd, 000295.100, 155
Trd, 000295.900, 144
Trd, 000296.367, 146
Trd, 000297.100, 106
Trd, 000297.650, 130
Trd, 000298.267, 162
Trd, 000298.400, 150
Trd, 000298.500, 153
Trd, 000298.583, 129
Trd, 000298.767, 129
