Trd, 000005.233, 151
Trd, 000005.367, 162
Trd, 000006.450, 139
Trd, 000006.517, 146
Trd, 000006.533, 134
Trd, 000007.217, 126
Trd, 000008.650, 154
Trd, 000010.267, 141
Trd, 000012.183, 173
Trd, 000012.800, 158
Trd, 000013.567, 150
Trd, 000014.433, 157
Trd, 000014.983, 162
Trd, 000015.617, 125
Trd, 000015.700, 142
Trd, 000015.983, 142
Trd, 000016.200, 125
Trd, 000016.700, 145
Trd, 000018.017, 162
Trd, 000019.733, 137
Trd, 000020.367, 170
Trd, 000020.417, 154
Trd, 000020.550, 128
Trd, 000022.033, 186
Trd, 000023.450, 179
Trd, 000025.467, 133
Trd, 000025.567, 128
Trd, 000026.117, 140
Trd, 000028.283, 156
Trd, 000031.550, 140
Trd, 000033.833, 154
Trd, 000034.083, 151
Trd, 000034.567, 177
Trd, 000034.700, 148
Trd, 000035.400, 151
Trd, 000036.100, 152
Trd, 000036.367, 146
Trd, 000037.017, 141
Trd, 000037.350, 134
Trd, 000037.433, 154
Trd, 000039.567, 173
Trd, 000040.550, 142
Trd, 000041.567, 167
Trd, 000042.783, 155
Trd, 000043.633, 151
Trd, 000046.383, 142
Trd, 000046.650, 161
Trd, 000047.517, 160
Trd, 000049.350, 167
Trd, 000050.217, 155
Trd, 000050.750, 161
Trd, 000051.167, 160
Trd, 000051.950, 144
Trd, 000052.667, 146
Trd, 000053.767, 146
Trd, 000053.983, 146
Trd, 000055.617, 132
Trd, 000056.083, 125
Trd, 000056.683, 145
Trd, 000058.000, 181
Trd, 000058.183, 168
Trd, 000058.950, 166
Trd, 000060.483, 163
Trd, 000060.783, 124
Trd, 000061.217, 162
Trd, 000061.600, 159
Trd, 000061.733, 155
Trd, 000062.450, 174
Trd, 000064.750, 148
Trd, 000065.617, 160
Trd, 000066.317, 145
Trd, 000067.333, 161
Trd, 000067.800, 134
Trd, 000068.150, 171
Trd, 000069.333, 153
Trd, 000070.650, 197
Trd, 000070.817, 159
Trd, 000072.667, 153
Trd, 000072.733, 150
Trd, 000072.883, 158
Trd, 000075.183, 168
Trd, 000076.083, 156
Trd, 000076.583, 161
Trd, 000077.550, 175
Trd, 000079.967, 157
Trd, 000080.883, 150
Trd, 000080.967, 136
Trd, 000082.917, 155
Trd, 000083.167, 156
Trd, 000083.617, 157
Trd, 000083.883, 162
Trd, 000084.633, 165
Trd, 000085.883, 144
Trd, 000086.083, 155
Trd, 000086.533, 164
Trd, 000087.133, 149
Trd, 000087.550, 144
Trd, 000087.650, 147
Trd, 000088.683, 132
Trd, 000090.900, 137
Trd, 000090.983, 130
Trd, 000091.250, 154
Trd, 000091.917, 152
Trd, 000092.233, 149
Trd, 000096.233, 167
Trd, 000096.450, 161
Trd, 000096.483, 156
Trd, 000097.167, 165
Trd, 000097.367, 153
Trd, 000098.033, 149
Trd, 000099.250, 144
Trd, 000099.383, 162
Trd, 000101.333, 137
Trd, 000101.717, 137
Trd, 000101.733, 148
Trd, 000102.483, 135
Trd, 000102.700, 152
Trd, 000103.617, 139
Trd, 000106.233, 128
Trd, 000107.483, 144
Trd, 000108.000, 142
Trd, 000109.067, 155
Trd, 000109.683, 157
Trd, 000110.550, 175
Trd, 000111.233, 140
Trd, 000111.250, 159
Trd, 000111.300, 164
Trd, 000112.067, 167
Trd, 000113.033, 153
Trd, 000113.433, 132
Trd, 000114.383, 143
Trd, 000114.983, 158
Trd, 000116.333, 127
Trd, 000116.517, 129
Trd, 000116.983, 162
Trd, 000117.117, 136
Trd, 000117.333, 165
Trd, 000118.667, 157
Trd, 000119.767, 150
Trd, 000120.600, 145
Trd, 000120.833, 148
Trd, 000121.217, 174
Trd, 000121.467, 114
Trd, 000122.683, 148
Trd, 000122.983, 142
Trd, 000124.233, 151
Trd, 000126.083, 182
Trd, 000126.417, 179
Trd, 000126.550, 157
Trd, 000126.800, 156
Trd, 000128.517, 170
Trd, 000129.617, 153
Trd, 000129.650, 145
Trd, 000129.850, 143
Trd, 000130.700, 144
Trd, 000132.500, 146
Trd, 000132.633, 152
Trd, 000132.967, 177
Trd, 000133.267, 162
Trd, 000133.867, 154
Trd, 000134.000, 182
Trd, 000134.267, 159
Trd, 000134.900, 166
Trd, 000136.067, 164
Trd, 000136.967, 161
Trd, 000137.083, 155
Trd, 000138.400, 155
Trd, 000139.283, 161
Trd, 000140.550, 139
Trd, 000140.733, 168
Trd, 000141.917, 156
Trd, 000142.550, 149
Trd, 000143.900, 166
Trd, 000144.033, 162
Trd, 000144.417, 171
Trd, 000145.217, 175
Trd, 000146.267, 176
Trd, 000146.967, 168
Trd, 000147.067, 172
Trd, 000148.033, 187
Trd, 000148.867, 184
Trd, 000149.250, 172
Trd, 000150.717, 154
Trd, 000151.217, 129
Trd, 000151.383, 147
Trd, 000151.917, 162
Trd, 000152.617, 140
Trd, 000153.667, 149
Trd, 000154.250, 139
Trd, 000157.017, 155
Trd, 000158.400, 150
Trd, 000159.417, 163
Trd, 000159.533, 149
Trd, 000159.833, 144
Trd, 000160.700, 178
Trd, 000161.650, 149
Trd, 000162.350, 180
Trd, 000162.783, 152
Trd, 000163.550, 164
Trd, 000163.700, 151
Trd, 000164.033, 148
Trd, 000166.783, 179
Trd, 000167.083, 160
Trd, 000167.483, 152
Trd, 000168.667, 172
Trd, 000169.400, 143
Trd, 000169.867, 145
Trd, 000171.183, 167
Trd, 000172.133, 167
Trd, 000172.167, 144
Trd, 000172.983, 174
Trd, 000173.750, 180
Trd, 000175.233, 167
Trd, 000175.750, 153
Trd, 000176.133, 173
Trd, 000176.333, 155
Trd, 000176.683, 155
Trd, 000177.000, 154
Trd, 000177.133, 169
Trd, 000177.250, 144
Trd, 000177.817, 157
Trd, 000178.617, 158
Trd, 000180.050, 172
Trd, 000181.200, 146
Trd, 000181.700, 161
Trd, 000182.183, 165
Trd, 000182.267, 143
Trd, 000182.467, 181
Trd, 000184.900, 146
Trd, 000185.667, 164
Trd, 000186.417, 186
Trd, 000187.417, 161
Trd, 000188.083, 147
Trd, 000188.283, 141
Trd, 000188.567, 149
Trd, 000188.667, 136
Trd, 000188.750, 148
Trd, 000190.317, 157
Trd, 000191.667, 167
Trd, 000191.800, 156
Trd, 000191.917, 150
Trd, 000191.983, 176
Trd, 000193.300, 155
Trd, 000194.283, 152
Trd, 000194.450, 160
Trd, 000195.650, 141
Trd, 000197.600, 170
Trd, 000197.667, 171
Trd, 000198.450, 146
Trd, 000198.833, 163
Trd, 000199.200, 152
Trd, 000201.417, 139
Trd, 000201.433, 149
Trd, 000201.500, 156
Trd, 000201.833, 169
Trd, 000202.367, 142
Trd, 000202.833, 130
Trd, 000203.967, 149
Trd, 000204.217, 157
Trd, 000205.517, 158
Trd, 000206.200, 113
Trd, 000207.183, 168
Trd, 000207.600, 177
Trd, 000208.367, 143
Trd, 000208.650, 153
Trd, 000211.267, 163
Trd, 000211.733, 173
Trd, 000211.883, 144
Trd, 000212.017, 141
Trd, 000212.050, 175
Trd, 000213.700, 148
Trd, 000214.033, 144
Trd, 000215.517, 133
Trd, 000216.833, 147
Trd, 000216.967, 146
Trd, 000217.567, 150
Trd, 000219.150, 149
Trd, 000221.517, 148
Trd, 000221.867, 172
Trd, 000222.167, 167
Trd, 000222.783, 164
Trd, 000225.967, 153
Trd, 000226.717, 165
Trd, 000227.433, 164
Trd, 000227.517, 154
Trd, 000228.133, 154
Trd, 000228.200, 150
Trd, 000228.250, 144
Trd, 000229.833, 157
Trd, 000231.900, 173
Trd, 000232.883, 173
Trd, 000233.300, 155
Trd, 000233.983, 151
Trd, 000234.583, 147
Trd, 000235.967, 138
Trd, 000236.283, 157
Trd, 000236.550, 136
Trd, 000237.033, 169
Trd, 000237.183, 176
Trd, 000237.317, 129
Trd, 000237.700, 167
Trd, 000237.833, 172
Trd, 000238.600, 168
Trd, 000239.683, 146
Trd, 000241.750, 172
Trd, 000241.883, 162
Trd, 000247.267, 160
Trd, 000247.533, 153
Trd, 000247.633, 134
Trd, 000249.033, 158
Trd, 000250.367, 157
Trd, 000250.733, 155
Trd, 000251.600, 161
Trd, 000253.000, 170
Trd, 000253.633, 154
Trd, 000253.983, 146
Trd, 000254.700, 144
Trd, 000256.400, 138
Trd, 000257.200, 155
Trd, 000258.033, 142
Trd, 000258.900, 148
Trd, 000259.467, 139
Trd, 000260.200, 141
Trd, 000260.567, 142
Trd, 000261.817, 178
Trd, 000263.367, 155
Trd, 000264.050, 153
Trd, 000264.750, 162
Trd, 000264.933, 152
Trd, 000266.617, 160
Trd, 000267.017, 155
Trd, 000267.867, 178
Trd, 000268.183, 163
Trd, 000268.717, 168
Trd, 000269.467, 176
Trd, 000270.717, 156
Trd, 000271.767, 139
Trd, 000271.867, 153
Trd, 000272.333, 132
Trd, 000272.700, 129
Trd, 000272.900, 150
Trd, 000275.233, 164
Trd, 000275.383, 162
Trd, 000275.950, 159
Trd, 000276.217, 147
Trd, 000277.300, 155
Trd, 000277.417, 148
Trd, 000277.733, 136
Trd, 000277.917, 128
Trd, 000278.450, 159
Trd, 000281.600, 122
Trd, 000281.950, 152
Trd, 000282.450, 158
Trd, 000283.550, 159
Trd, 000284.983, 145
Trd, 000285.467, 128
Trd, 000286.117, 153
Trd, 000287.033, 170
Trd, 000287.200, 137
Trd, 000287.483, 139
Trd, 000287.750, 151
Trd, 000289.117, 149
Trd, 000289.200, 131
Trd, 000290.083, 124
Trd, 000291.867, 184
Trd, 000291.950, 126
Trd, 000294.300, 169
Trd, 000295.117, 163
Trd, 000295.400, 155
Trd, 000296.983, 149
Trd, 000297.033, 117
Trd, 000297.333, 129
Trd, 000297.500, 148
Trd, 000297.783, 120
