Trd, 000005.733, 145
Trd, 000005.750, 141
Trd, 000005.933, 134
Trd, 000006.650, 160
Trd, 000007.600, 171
Trd, 000009.317, 131
Trd, 000010.400, 146
Trd, 000010.567, 165
Trd, 000011.733, 162
Trd, 000012.500, 157
Trd, 000013.717, 173
Trd, 000014.433, 157
Trd, 000017.667, 159
Trd, 000017.700, 159
Trd, 000018.533, 149
Trd, 000018.583, 146
Trd, 000021.600, 168
Trd, 000022.217, 163
Trd, 000022.317, 144
Trd, 000022.633, 165
Trd, 000023.400, 144
Trd, 000024.483, 174
Trd, 000025.333, 185
Trd, 000026.383, 151
Trd, 000027.100, 185
Trd, 000028.100, 160
Trd, 000030.517, 136
Trd, 000030.617, 182
Trd, 000031.217, 151
Trd, 000031.417, 157
Trd, 000032.483, 145
Trd, 000033.817, 147
Trd, 000033.933, 145
Trd, 000035.083, 143
Trd, 000035.317, 177
Trd, 000036.067, 167
Trd, 000039.000, 161
Trd, 000039.900, 158
Trd, 000039.967, 158
Trd, 000040.783, 173
Trd, 000041.650, 145
Trd, 000042.017, 143
Trd, 000043.767, 167
Trd, 000046.033, 143
Trd, 000046.117, 148
Trd, 000047.050, 169
Trd, 000047.550, 164
Trd, 000048.867, 167
Trd, 000050.517, 132
Trd, 000050.950, 150
Trd, 000050.983, 139
Trd, 000052.167, 159
Trd, 000052.917, 149
Trd, 000053.150, 141
Trd, 000056.350, 168
Trd, 000056.850, 172
Trd, 000056.950, 134
Trd, 000057.217, 163
Trd, 000057.900, 154
Trd, 000058.050, 150
Trd, 000059.683, 173
Trd, 000059.967, 167
Trd, 000060.450, 117
Trd, 000060.650, 171
Trd, 000061.033, 146
Trd, 000061.100, 166
Trd, 000062.183, 136
Trd, 000063.117, 158
Trd, 000063.650, 163
Trd, 000063.700, 149
Trd, 000065.783, 146
Trd, 000066.417, 140
Trd, 000067.600, 143
Trd, 000067.817, 173
Trd, 000069.217, 159
Trd, 000069.467, 155
Trd, 000070.750, 172
Trd, 000070.883, 171
Trd, 000070.933, 148
Trd, 000071.367, 150
Trd, 000072.767, 146
Trd, 000073.550, 145
Trd, 000075.683, 189
Trd, 000075.850, 188
Trd, 000076.367, 170
Trd, 000078.533, 147
Trd, 000080.567, 174
Trd, 000081.200, 156
Trd, 000081.350, 150
Trd, 000082.883, 150
Trd, 000083.800, 143
Trd, 000083.950, 178
Trd, 000084.917, 147
Trd, 000086.133, 144
Trd, 000086.150, 139
Trd, 000086.683, 163
Trd, 000087.667, 169
Trd, 000088.300, 166
Trd, 000089.750, 164
Trd, 000090.367, 160
Trd, 000091.150, 150
Trd, 000091.283, 165
Trd, 000091.583, 161
Trd, 000092.333, 145
Trd, 000094.883, 155
Trd, 000096.300, 144
Trd, 000096.983, 158
Trd, 000097.283, 155
Trd, 000097.767, 161
Trd, 000098.033, 153
Trd, 000100.500, 161
Trd, 000101.100, 115
Trd, 000101.267, 133
Trd, 000101.483, 146
Trd, 000101.700, 167
Trd, 000103.217, 161
Trd, 000103.700, 162
Trd, 000104.600, 146
Trd, 000105.117, 166
Trd, 000106.100, 142
Trd, 000106.633, 171
Trd, 000107.083, 160
Trd, 000107.433, 169
Trd, 000108.117, 160
Trd, 000108.250, 170
Trd, 000109.733, 142
Trd, 000110.650, 135
Trd, 000111.767, 169
Trd, 000112.783, 168
Trd, 000113.483, 163
Trd, 000114.750, 163
Trd, 000116.400, 144
Trd, 000117.117, 150
Trd, 000117.367, 172
Trd, 000117.900, 148
Trd, 000118.067, 180
Trd, 000118.617, 192
Trd, 000118.833, 141
Trd, 000120.583, 149
Trd, 000121.250, 174
Trd, 000121.383, 169
Trd, 000121.817, 159
Trd, 000122.317, 156
Trd, 000122.533, 149
Trd, 000123.450, 149
Trd, 000125.917, 161
Trd, 000126.200, 169
Trd, 000126.267, 157
Trd, 000126.667, 148
Trd, 000130.033, 170
Trd, 000130.250, 164
Trd, 000130.767, 144
Trd, 000131.150, 159
Trd, 000131.700, 166
Trd, 000131.983, 170
Trd, 000132.517, 150
Trd, 000134.150, 161
Trd, 000136.750, 149
Trd, 000137.083, 144
Trd, 000137.433, 153
Trd, 000137.867, 152
Trd, 000139.017, 179
Trd, 000140.283, 148
Trd, 000141.183, 169
Trd, 000141.733, 122
Trd, 000142.700, 161
Trd, 000143.617, 157
Trd, 000143.700, 151
Trd, 000144.017, 140
Trd, 000146.450, 148
Trd, 000147.017, 167
Trd, 000147.167, 141
Trd, 000148.833, 154
Trd, 000150.600, 162
Trd, 000151.417, 130
Trd, 000151.483, 124
Trd, 000151.883, 160
Trd, 000154.000, 168
Trd, 000154.500, 162
Trd, 000157.017, 155
Trd, 000157.100, 142
Trd, 000157.950, 168
Trd, 000158.733, 151
Trd, 000160.100, 176
Trd, 000161.283, 130
Trd, 000161.633, 159
Trd, 000162.133, 147
Trd, 000163.300, 154
Trd, 000163.867, 156
Trd, 000165.300, 142
Trd, 000166.267, 115
Trd, 000167.017, 169
Trd, 000167.100, 144
Trd, 000167.467, 152
Trd, 000168.050, 136
Trd, 000169.383, 174
Trd, 000170.417, 171
Trd, 000171.033, 178
Trd, 000171.300, 145
Trd, 000172.567, 169
Trd, 000173.383, 156
Trd, 000173.817, 164
Trd, 000173.900, 150
Trd, 000174.233, 162
Trd, 000175.783, 152
Trd, 000177.167, 165
Trd, 000177.517, 159
Trd, 000178.050, 169
Trd, 000178.567, 172
Trd, 000178.700, 136
Trd, 000179.283, 159
Trd, 000182.867, 153
Trd, 000183.567, 163
Trd, 000183.717, 179
Trd, 000185.233, 149
Trd, 000185.267, 148
Trd, 000185.750, 153
Trd, 000186.150, 124
Trd, 000186.450, 145
Trd, 000186.883, 142
Trd, 000188.200, 150
Trd, 000188.950, 161
Trd, 000190.967, 160
Trd, 000191.817, 169
Trd, 000191.967, 159
Trd, 000192.783, 156
Trd, 000193.050, 156
Trd, 000193.717, 150
Trd, 000194.300, 146
Trd, 000195.417, 156
Trd, 000196.317, 154
Trd, 000196.567, 178
Trd, 000198.117, 145
Trd, 000198.750, 166
Trd, 000199.783, 169
Trd, 000199.850, 145
Trd, 000201.167, 121
Trd, 000201.217, 170
Trd, 000202.483, 165
Trd, 000203.150, 167
Trd, 000204.183, 144
Trd, 000205.017, 174
Trd, 000205.583, 144
Trd, 000205.833, 166
Trd, 000206.783, 169
Trd, 000207.033, 174
Trd, 000207.050, 172
Trd, 000207.383, 128
Trd, 000209.333, 151
Trd, 000210.350, 141
Trd, 000210.583, 158
Trd, 000212.733, 154
Trd, 000213.467, 157
Trd, 000214.733, 156
Trd, 000215.850, 164
Trd, 000217.150, 151
Trd, 000218.617, 148
Trd, 000218.700, 141
Trd, 000219.667, 161
Trd, 000220.317, 156
Trd, 000220.733, 163
Trd, 000221.350, 154
Trd, 000221.833, 161
Trd, 000221.900, 167
Trd, 000222.200, 147
Trd, 000222.317, 140
Trd, 000223.533, 171
Trd, 000224.700, 162
Trd, 000226.350, 187
Trd, 000226.450, 174
Trd, 000226.600, 152
Trd, 000226.950, 154
Trd, 000228.867, 170
Trd, 000229.800, 159
Trd, 000231.050, 147
Trd, 000231.300, 124
Trd, 000231.500, 149
Trd, 000231.517, 150
Trd, 000232.267, 160
Trd, 000234.383, 142
Trd, 000234.500, 147
Trd, 000236.533, 131
Trd, 000236.800, 162
Trd, 000237.067, 155
Trd, 000240.050, 161
Trd, 000241.750, 139
Trd, 000242.133, 148
Trd, 000242.350, 149
Trd, 000242.583, 182
Trd, 000243.133, 150
Trd, 000243.550, 148
Trd, 000244.683, 147
Trd, 000247.900, 147
Trd, 000248.083, 168
Trd, 000248.717, 165
Trd, 000249.533, 133
Trd, 000251.933, 136
Trd, 000252.850, 126
Trd, 000252.950, 129
Trd, 000253.100, 168
Trd, 000253.167, 172
Trd, 000254.200, 168
Trd, 000254.633, 148
Trd, 000256.417, 174
Trd, 000256.567, 167
Trd, 000256.783, 140
Trd, 000257.967, 136
Trd, 000258.200, 130
Trd, 000258.883, 141
Trd, 000261.833, 174
Trd, 000261.983, 162
Trd, 000262.350, 148
Trd, 000262.383, 140
Trd, 000263.383, 135
Trd, 000263.833, 150
Trd, 000263.933, 154
Trd, 000266.700, 154
Trd, 000267.200, 152
Trd, 000267.750, 148
Trd, 000268.283, 148
Trd, 000269.050, 141
Trd, 000269.383, 155
Trd, 000270.300, 169
Trd, 000271.583, 176
Trd, 000272.333, 133
Trd, 000272.850, 162
Trd, 000273.650, 143
Trd, 000275.283, 155
Trd, 000277.217, 140
Trd, 000279.000, 159
Trd, 000279.350, 168
Trd, 000280.317, 149
Trd, 000280.367, 136
Trd, 000281.617, 135
Trd, 000281.950, 169
Trd, 000282.500, 146
Trd, 000283.350, 158
Trd, 000283.833, 134
Trd, 000284.300, 137
Trd, 000286.067, 159
Trd, 000286.633, 171
Trd, 000287.000, 150
Trd, 000288.050, 144
Trd, 000288.267, 153
Trd, 000291.400, 155
Trd, 000291.983, 152
Trd, 000292.983, 172
Trd, 000293.017, 173
Trd, 000293.933, 161
Trd, 000294.550, 163
Trd, 000294.617, 145
Trd, 000296.200, 150
Trd, 000296.917, 141
Trd, 000298.083, 163
Trd, 000298.533, 145
Trd, 000298.567, 144
Trd, 000299.233, 172
Trd, 000299.967, 165
