Trd, 000005.167, 106
Trd, 000005.233, 117
Trd, 000005.400, 151
Trd, 000005.783, 150
Trd, 000006.617, 167
Trd, 000007.550, 162
Trd, 000007.817, 156
Trd, 000008.667, 167
Trd, 000009.350, 156
Trd, 000009.650, 173
Trd, 000010.967, 142
Trd, 000011.283, 165
Trd, 000012.567, 158
Trd, 000012.700, 157
Trd, 000013.017, 159
Trd, 000013.250, 146
Trd, 000013.450, 164
Trd, 000013.817, 176
Trd, 000015.650, 193
Trd, 000015.717, 182
Trd, 000016.067, 181
Trd, 000016.100, 180
Trd, 000017.533, 140
Trd, 000017.717, 175
Trd, 000018.783, 146
Trd, 000020.550, 171
Trd, 000020.683, 177
Trd, 000021.367, 160
Trd, 000021.700, 176
Trd, 000022.683, 167
Trd, 000023.433, 163
Trd, 000025.467, 146
Trd, 000025.667, 139
Trd, 000026.067, 170
Trd, 000026.233, 171
Trd, 000026.633, 136
Trd, 000027.100, 141
Trd, 000030.383, 119
Trd, 000030.467, 162
Trd, 000030.683, 170
Trd, 000031.000, 151
Trd, 000031.117, 158
Trd, 000032.533, 172
Trd, 000034.117, 180
Trd, 000035.500, 177
Trd, 000035.967, 169
Trd, 000037.283, 147
Trd, 000039.917, 145
Trd, 000040.500, 185
Trd, 000040.583, 182
Trd, 000041.233, 163
Trd, 000042.717, 198
Trd, 000042.900, 165
Trd, 000045.450, 173
Trd, 000045.633, 181
Trd, 000046.050, 176
Trd, 000046.200, 173
Trd, 000046.467, 155
Trd, 000048.533, 152
Trd, 000050.050, 168
Trd, 000050.317, 165
Trd, 000051.167, 170
Trd, 000051.300, 178
Trd, 000051.817, 163
Trd, 000052.133, 179
Trd, 000052.817, 172
Trd, 000056.083, 187
Trd, 000056.567, 192
Trd, 000057.000, 179
Trd, 000057.217, 144
Trd, 000057.567, 140
Trd, 000058.167, 138
Trd, 000058.417, 183
Trd, 000058.467, 141
Trd, 000059.150, 143
Trd, 000060.567, 153
Trd, 000060.583, 136
Trd, 000061.183, 164
Trd, 000061.433, 170
Trd, 000062.050, 189
Trd, 000063.967, 147
Trd, 000066.017, 185
Trd, 000066.517, 179
Trd, 000066.850, 158
Trd, 000067.083, 159
Trd, 000068.100, 135
Trd, 000068.633, 176
Trd, 000069.717, 144
Trd, 000070.983, 175
Trd, 000071.017, 165
Trd, 000071.917, 160
Trd, 000071.967, 167
Trd, 000072.900, 156
Trd, 000073.200, 158
Trd, 000074.133, 176
Trd, 000074.600, 152
Trd, 000076.217, 171
Trd, 000076.250, 148
Trd, 000077.100, 178
Trd, 000077.333, 170
Trd, 000077.383, 160
Trd, 000078.333, 168
Trd, 000078.817, 170
Trd, 000078.850, 151
Trd, 000079.950, 165
Trd, 000080.267, 155
Trd, 000081.833, 184
Trd, 000081.983, 164
Trd, 000082.350, 165
Trd, 000082.383, 147
Trd, 000082.850, 170
Trd, 000082.883, 172
Trd, 000083.033, 138
Trd, 000084.450, 191
Trd, 000086.117, 184
Trd, 000086.383, 173
Trd, 000086.867, 170
Trd, 000087.017, 154
Trd, 000087.067, 151
Trd, 000089.300, 156
Trd, 000090.350, 146
Trd, 000090.900, 156
Trd, 000091.433, 157
Trd, 000091.617, 160
Trd, 000092.300, 146
Trd, 000093.533, 142
Trd, 000093.717, 138
Trd, 000094.467, 170
Trd, 000095.800, 170
Trd, 000096.083, 153
Trd, 000096.433, 148
Trd, 000096.683, 159
Trd, 000097.883, 149
Trd, 000099.850, 156
Trd, 000101.367, 163
Trd, 000101.583, 154
Trd, 000101.733, 188
Trd, 000101.950, 128
Trd, 000102.150, 142
Trd, 000102.617, 140
Trd, 000102.900, 150
Trd, 000105.983, 189
Trd, 000106.333, 183
Trd, 000106.500, 168
Trd, 000106.633, 134
Trd, 000107.467, 161
Trd, 000109.117, 189
Trd, 000110.833, 172
Trd, 000110.900, 193
Trd, 000111.450, 178
Trd, 000111.467, 164
Trd, 000112.483, 145
Trd, 000112.700, 162
Trd, 000112.717, 141
Trd, 000114.017, 150
Trd, 000114.817, 159
Trd, 000115.633, 162
Trd, 000115.950, 165
Trd, 000116.217, 182
Trd, 000117.750, 141
Trd, 000117.800, 157
Trd, 000117.833, 160
Trd, 000118.283, 170
Trd, 000120.167, 168
Trd, 000121.500, 170
Trd, 000121.600, 172
Trd, 000122.417, 160
Trd, 000123.533, 165
Trd, 000124.467, 164
Trd, 000124.533, 149
Trd, 000125.583, 138
Trd, 000125.850, 170
Trd, 000126.333, 137
Trd, 000126.700, 125
Trd, 000126.817, 167
Trd, 000127.483, 125
Trd, 000127.883, 157
Trd, 000128.150, 155
Trd, 000129.017, 170
Trd, 000129.483, 150
Trd, 000131.150, 160
Trd, 000131.250, 170
Trd, 000131.700, 182
Trd, 000132.433, 192
Trd, 000136.133, 168
Trd, 000137.317, 174
Trd, 000137.617, 170
Trd, 000137.700, 166
Trd, 000137.983, 166
Trd, 000138.433, 161
Trd, 000140.183, 163
Trd, 000141.167, 131
Trd, 000141.433, 160
Trd, 000142.267, 182
Trd, 000142.600, 171
Trd, 000142.933, 166
Trd, 000144.433, 192
Trd, 000145.150, 166
Trd, 000145.267, 138
Trd, 000145.900, 115
Trd, 000146.017, 188
Trd, 000148.267, 192
Trd, 000148.533, 178
Trd, 000150.333, 182
Trd, 000150.817, 180
Trd, 000151.083, 162
Trd, 000151.433, 180
Trd, 000151.517, 181
Trd, 000151.733, 166
Trd, 000152.733, 172
Trd, 000152.750, 156
Trd, 000153.433, 162
Trd, 000153.517, 154
Trd, 000156.117, 189
Trd, 000156.217, 154
Trd, 000156.533, 170
Trd, 000157.217, 157
Trd, 000157.250, 159
Trd, 000161.367, 186
Trd, 000161.850, 169
Trd, 000162.517, 181
Trd, 000162.917, 170
Trd, 000163.017, 185
Trd, 000163.683, 136
Trd, 000165.333, 173
Trd, 000166.217, 172
Trd, 000166.850, 156
Trd, 000167.267, 166
Trd, 000167.750, 147
Trd, 000169.517, 170
Trd, 000170.250, 155
Trd, 000171.317, 187
Trd, 000171.550, 176
Trd, 000172.533, 165
Trd, 000174.333, 181
Trd, 000175.017, 158
Trd, 000176.333, 141
Trd, 000176.650, 196
Trd, 000177.417, 158
Trd, 000177.433, 162
Trd, 000178.567, 181
Trd, 000178.933, 134
Trd, 000179.200, 134
Trd, 000181.533, 161
Trd, 000181.550, 172
Trd, 000181.617, 130
Trd, 000182.183, 180
Trd, 000183.583, 169
Trd, 000185.183, 175
Trd, 000185.367, 165
Trd, 000186.700, 158
Trd, 000186.850, 150
Trd, 000187.917, 167
Trd, 000187.967, 171
Trd, 000188.533, 149
Trd, 000188.583, 136
Trd, 000189.450, 144
Trd, 000191.217, 186
Trd, 000191.967, 186
Trd, 000192.400, 181
Trd, 000192.433, 169
Trd, 000193.017, 161
Trd, 000196.217, 162
Trd, 000196.750, 157
Trd, 000197.433, 141
Trd, 000197.583, 182
Trd, 000198.083, 163
Trd, 000199.367, 160
Trd, 000200.300, 159
Trd, 000200.850, 175
Trd, 000201.217, 118
Trd, 000201.450, 151
Trd, 000201.933, 188
Trd, 000203.183, 174
Trd, 000204.300, 184
Trd, 000204.383, 171
Trd, 000206.667, 143
Trd, 000206.900, 151
Trd, 000207.217, 170
Trd, 000207.767, 176
Trd, 000208.933, 160
Trd, 000209.717, 166
Trd, 000210.300, 173
Trd, 000210.650, 167
Trd, 000211.100, 186
Trd, 000211.567, 165
Trd, 000211.967, 141
Trd, 000212.617, 160
Trd, 000212.683, 168
Trd, 000214.050, 158
Trd, 000214.683, 153
Trd, 000214.767, 145
Trd, 000216.500, 143
Trd, 000216.567, 170
Trd, 000216.950, 155
Trd, 000219.783, 183
Trd, 000219.950, 176
Trd, 000221.833, 147
Trd, 000222.500, 150
Trd, 000223.050, 140
Trd, 000223.067, 170
Trd, 000223.500, 171
Trd, 000224.217, 168
Trd, 000226.400, 154
Trd, 000227.183, 161
Trd, 000227.200, 138
Trd, 000227.483, 161
Trd, 000227.750, 152
Trd, 000227.800, 167
Trd, 000230.283, 147
Trd, 000230.650, 165
Trd, 000231.583, 154
Trd, 000232.367, 168
Trd, 000232.917, 188
Trd, 000234.717, 163
Trd, 000234.783, 183
Trd, 000236.383, 165
Trd, 000236.467, 163
Trd, 000237.817, 193
Trd, 000238.333, 181
Trd, 000238.383, 175
Trd, 000241.417, 121
Trd, 000241.950, 144
Trd, 000242.283, 171
Trd, 000243.283, 170
Trd, 000244.500, 164
Trd, 000245.633, 171
Trd, 000246.300, 188
Trd, 000246.700, 157
Trd, 000247.017, 170
Trd, 000247.533, 146
Trd, 000249.050, 141
Trd, 000249.800, 154
Trd, 000251.567, 173
Trd, 000251.933, 151
Trd, 000252.717, 173
Trd, 000252.817, 178
Trd, 000256.367, 107
Trd, 000257.367, 157
Trd, 000257.750, 170
Trd, 000257.833, 156
Trd, 000258.983, 174
Trd, 000259.317, 158
Trd, 000261.683, 135
Trd, 000261.800, 164
Trd, 000262.100, 166
Trd, 000262.183, 147
Trd, 000262.333, 167
Trd, 000267.300, 173
Trd, 000267.917, 179
Trd, 000268.017, 167
Trd, 000268.267, 172
Trd, 000269.950, 162
Trd, 000271.283, 166
Trd, 000271.467, 118
Trd, 000271.683, 164
Trd, 000272.167, 159
Trd, 000272.300, 150
Trd, 000272.517, 182
Trd, 000274.867, 185
Trd, 000277.283, 142
Trd, 000278.433, 159
Trd, 000278.517, 187
Trd, 000280.817, 172
Trd, 000281.067, 154
Trd, 000281.517, 115
Trd, 000281.700, 173
Trd, 000283.033, 162
Trd, 000283.883, 148
Trd, 000283.983, 159
Trd, 000284.950, 174
Trd, 000286.767, 180
Trd, 000286.983, 174
Trd, 000287.767, 162
Trd, 000287.850, 170
Trd, 000287.967, 152
Trd, 000291.117, 149
Trd, 000292.000, 168
Trd, 000292.133, 157
Trd, 000292.300, 156
Trd, 000292.433, 139
Trd, 000294.400, 153
Trd, 000296.750, 167
Trd, 000297.033, 172
Trd, 000297.050, 122
Trd, 000297.950, 166
Trd, 000299.683, 159
