Trd, 000005.100, 139
Trd, 000005.367, 194
Trd, 000005.400, 154
Trd, 000005.833, 158
Trd, 000006.150, 172
Trd, 000006.350, 136
Trd, 000007.983, 143
Trd, 000009.633, 150
Trd, 000009.667, 147
Trd, 000010.183, 193
Trd, 000010.533, 179
Trd, 000010.883, 154
Trd, 000010.983, 152
Trd, 000011.050, 150
Trd, 000011.083, 157
Trd, 000012.850, 141
Trd, 000012.933, 134
Trd, 000014.267, 149
Trd, 000014.950, 151
Trd, 000015.133, 167
Trd, 000015.817, 155
Trd, 000016.017, 178
Trd, 000016.817, 151
Trd, 000017.400, 168
Trd, 000017.783, 156
Trd, 000018.083, 149
Trd, 000018.150, 153
Trd, 000019.000, 161
Trd, 000019.667, 155
Trd, 000020.317, 153
Trd, 000021.000, 121
Trd, 000021.283, 139
Trd, 000021.933, 151
Trd, 000022.100, 149
Trd, 000022.217, 161
Trd, 000024.500, 160
Trd, 000024.717, 174
Trd, 000024.867, 145
Trd, 000025.433, 157
Trd, 000025.817, 144
Trd, 000026.833, 165
Trd, 000027.250, 155
Trd, 000027.450, 167
Trd, 000028.567, 153
Trd, 000028.600, 145
Trd, 000030.200, 145
Trd, 000030.683, 192
Trd, 000031.967, 158
Trd, 000032.283, 161
Trd, 000032.367, 159
Trd, 000033.567, 174
Trd, 000034.017, 173
Trd, 000034.683, 151
Trd, 000035.250, 180
Trd, 000035.333, 127
Trd, 000035.417, 139
Trd, 000036.400, 181
Trd, 000037.950, 164
Trd, 000039.017, 166
Trd, 000040.333, 136
Trd, 000041.350, 142
Trd, 000041.717, 151
Trd, 000041.817, 158
Trd, 000042.233, 175
Trd, 000042.333, 176
Trd, 000043.167, 132
Trd, 000043.333, 142
Trd, 000045.383, 154
Trd, 000045.667, 195
Trd, 000047.517, 182
Trd, 000048.417, 159
Trd, 000048.583, 158
Trd, 000048.833, 150
Trd, 000048.883, 150
Trd, 000050.650, 196
Trd, 000051.150, 164
Trd, 000051.200, 158
Trd, 000051.933, 170
Trd, 000053.200, 169
Trd, 000053.367, 154
Trd, 000053.917, 153
Trd, 000054.833, 172
Trd, 000055.333, 144
Trd, 000055.833, 151
Trd, 000056.317, 162
Trd, 000056.517, 171
Trd, 000057.300, 180
Trd, 000057.383, 178
Trd, 000057.983, 158
Trd, 000058.850, 155
Trd, 000058.967, 157
Trd, 000060.950, 144
Trd, 000061.317, 156
Trd, 000062.083, 148
Trd, 000062.133, 166
Trd, 000062.550, 160
Trd, 000065.850, 158
Trd, 000066.050, 167
Trd, 000067.067, 192
Trd, 000067.100, 183
Trd, 000067.683, 181
Trd, 000068.833, 187
Trd, 000068.850, 163
Trd, 000069.250, 157
Trd, 000069.900, 155
Trd, 000070.667, 190
Trd, 000070.867, 155
Trd, 000071.050, 160
Trd, 000071.500, 174
Trd, 000071.533, 156
Trd, 000073.033, 146
Trd, 000073.367, 162
Trd, 000073.883, 138
Trd, 000074.317, 181
Trd, 000075.500, 149
Trd, 000076.250, 169
Trd, 000076.317, 154
Trd, 000076.933, 176
Trd, 000077.200, 152
Trd, 000078.250, 163
Trd, 000079.300, 172
Trd, 000080.450, 147
Trd, 000081.017, 169
Trd, 000081.500, 157
Trd, 000082.067, 168
Trd, 000082.333, 170
Trd, 000082.867, 153
Trd, 000084.200, 151
Trd, 000084.633, 140
Trd, 000086.217, 162
Trd, 000087.967, 170
Trd, 000088.033, 167
Trd, 000090.033, 173
Trd, 000090.717, 146
Trd, 000091.117, 136
Trd, 000091.450, 152
Trd, 000091.683, 162
Trd, 000093.900, 155
Trd, 000095.317, 156
Trd, 000095.667, 146
Trd, 000095.950, 145
Trd, 000096.050, 174
Trd, 000097.367, 177
Trd, 000097.617, 151
Trd, 000100.883, 176
Trd, 000101.050, 200
Trd, 000101.467, 153
Trd, 000103.017, 155
Trd, 000103.217, 148
Trd, 000103.233, 137
Trd, 000104.067, 171
Trd, 000105.367, 173
Trd, 000105.933, 200
Trd, 000106.433, 137
Trd, 000106.617, 150
Trd, 000106.700, 174
Trd, 000107.717, 148
Trd, 000108.950, 159
Trd, 000109.333, 154
Trd, 000109.450, 162
Trd, 000110.733, 116
Trd, 000110.933, 148
Trd, 000111.617, 153
Trd, 000111.917, 181
Trd, 000112.183, 153
Trd, 000112.650, 175
Trd, 000112.683, 179
Trd, 000114.550, 141
Trd, 000115.967, 148
Trd, 000116.217, 154
Trd, 000116.233, 153
Trd, 000117.000, 165
Trd, 000117.167, 153
Trd, 000117.583, 147
Trd, 000117.717, 144
Trd, 000117.733, 143
Trd, 000121.183, 197
Trd, 000121.917, 164
Trd, 000122.300, 176
Trd, 000122.883, 155
Trd, 000124.167, 157
Trd, 000126.050, 149
Trd, 000126.300, 172
Trd, 000126.367, 182
Trd, 000126.783, 150
Trd, 000126.900, 150
Trd, 000127.017, 194
Trd, 000128.233, 143
Trd, 000129.650, 172
Trd, 000131.000, 154
Trd, 000132.017, 164
Trd, 000132.133, 162
Trd, 000133.250, 162
Trd, 000133.500, 161
Trd, 000135.183, 167
Trd, 000136.133, 177
Trd, 000136.417, 194
Trd, 000136.533, 155
Trd, 000136.567, 151
Trd, 000137.333, 148
Trd, 000138.233, 156
Trd, 000138.600, 142
Trd, 000141.033, 179
Trd, 000141.583, 147
Trd, 000141.600, 152
Trd, 000144.500, 151
Trd, 000144.950, 162
Trd, 000145.000, 141
Trd, 000145.233, 138
Trd, 000145.983, 155
Trd, 000146.100, 133
Trd, 000146.833, 172
Trd, 000147.367, 198
Trd, 000149.283, 171
Trd, 000151.167, 167
Trd, 000151.517, 155
Trd, 000152.750, 155
Trd, 000153.350, 157
Trd, 000153.783, 145
Trd, 000153.967, 142
Trd, 000155.117, 162
Trd, 000155.650, 143
Trd, 000156.267, 177
Trd, 000156.517, 155
Trd, 000156.583, 179
Trd, 000156.967, 151
Trd, 000157.500, 171
Trd, 000160.850, 155
Trd, 000161.100, 187
Trd, 000161.950, 174
Trd, 000162.100, 161
Trd, 000162.883, 152
Trd, 000162.967, 156
Trd, 000163.050, 163
Trd, 000163.467, 152
Trd, 000166.050, 134
Trd, 000166.217, 143
Trd, 000166.467, 151
Trd, 000167.517, 162
Trd, 000168.950, 164
Trd, 000171.167, 190
Trd, 000172.017, 178
Trd, 000172.567, 155
Trd, 000173.133, 149
Trd, 000173.517, 166
Trd, 000174.133, 164
Trd, 000174.283, 145
Trd, 000175.333, 151
Trd, 000176.467, 186
Trd, 000176.650, 155
Trd, 000176.817, 153
Trd, 000177.133, 153
Trd, 000178.133, 176
Trd, 000180.033, 184
Trd, 000180.217, 141
Trd, 000180.267, 140
Trd, 000180.633, 158
Trd, 000181.267, 188
Trd, 000181.783, 178
Trd, 000181.883, 140
Trd, 000182.217, 148
Trd, 000185.217, 156
Trd, 000185.783, 155
Trd, 000186.167, 182
Trd, 000186.900, 199
Trd, 000187.067, 155
Trd, 000191.167, 184
Trd, 000192.217, 162
Trd, 000193.100, 165
Trd, 000193.967, 161
Trd, 000196.167, 144
Trd, 000196.933, 165
Trd, 000197.300, 134
Trd, 000199.483, 153
Trd, 000200.700, 169
Trd, 000201.017, 141
Trd, 000201.333, 184
Trd, 000201.800, 162
Trd, 000202.450, 155
Trd, 000202.517, 172
Trd, 000202.533, 174
Trd, 000203.233, 148
Trd, 000206.633, 150
Trd, 000206.683, 152
Trd, 000206.867, 153
Trd, 000207.283, 162
Trd, 000207.767, 151
Trd, 000207.933, 162
Trd, 000210.700, 152
Trd, 000211.150, 176
Trd, 000211.817, 121
Trd, 000211.950, 126
Trd, 000212.150, 144
Trd, 000212.233, 120
Trd, 000212.367, 137
Trd, 000212.517, 132
Trd, 000213.267, 162
Trd, 000213.633, 143
Trd, 000214.667, 142
Trd, 000216.450, 193
Trd, 000216.617, 168
Trd, 000217.417, 170
Trd, 000217.800, 158
Trd, 000218.200, 155
Trd, 000219.567, 179
Trd, 000221.167, 172
Trd, 000222.067, 191
Trd, 000222.850, 175
Trd, 000222.883, 158
Trd, 000223.050, 155
Trd, 000224.067, 175
Trd, 000226.083, 162
Trd, 000226.300, 179
Trd, 000226.717, 163
Trd, 000227.000, 150
Trd, 000228.417, 169
Trd, 000229.900, 153
Trd, 000230.650, 151
Trd, 000231.183, 135
Trd, 000231.233, 159
Trd, 000231.617, 178
Trd, 000232.750, 180
Trd, 000233.600, 158
Trd, 000235.300, 168
Trd, 000236.733, 157
Trd, 000236.833, 176
Trd, 000237.517, 178
Trd, 000237.817, 163
Trd, 000238.350, 173
Trd, 000238.883, 162
Trd, 000239.217, 155
Trd, 000239.950, 154
Trd, 000241.633, 151
Trd, 000241.650, 156
Trd, 000241.917, 147
Trd, 000242.100, 142
Trd, 000242.117, 153
Trd, 000244.817, 181
Trd, 000246.433, 161
Trd, 000247.750, 160
Trd, 000248.217, 177
Trd, 000248.317, 158
Trd, 000248.667, 155
Trd, 000249.767, 159
Trd, 000251.550, 176
Trd, 000251.917, 183
Trd, 000251.983, 163
Trd, 000253.550, 162
Trd, 000255.083, 155
Trd, 000255.100, 167
Trd, 000255.167, 171
Trd, 000255.217, 153
Trd, 000256.483, 135
Trd, 000256.583, 157
Trd, 000257.300, 157
Trd, 000257.583, 176
Trd, 000258.350, 162
Trd, 000258.633, 156
Trd, 000258.950, 154
Trd, 000260.583, 169
Trd, 000261.467, 188
Trd, 000261.833, 160
Trd, 000261.883, 147
Trd, 000263.817, 172
Trd, 000264.267, 171
Trd, 000264.383, 158
Trd, 000266.733, 146
Trd, 000266.883, 152
Trd, 000267.200, 158
Trd, 000268.333, 161
Trd, 000268.817, 170
Trd, 000269.167, 152
Trd, 000270.233, 175
Trd, 000271.183, 168
Trd, 000271.433, 148
Trd, 000271.633, 151
Trd, 000271.867, 137
Trd, 000272.967, 174
Trd, 000273.017, 169
Trd, 000274.417, 170
Trd, 000274.833, 171
Trd, 000275.567, 149
Trd, 000276.467, 114
Trd, 000277.450, 158
Trd, 000277.633, 185
Trd, 000278.417, 153
Trd, 000278.733, 152
Trd, 000278.917, 160
Trd, 000279.133, 163
Trd, 000281.733, 135
Trd, 000281.883, 161
Trd, 000282.017, 123
Trd, 000282.433, 167
Trd, 000283.467, 165
Trd, 000286.733, 185
Trd, 000286.983, 163
Trd, 000288.017, 155
Trd, 000288.817, 169
Trd, 000289.117, 146
Trd, 000289.983, 162
Trd, 000290.467, 154
Trd, 000290.800, 151
Trd, 000291.400, 148
Trd, 000291.783, 182
Trd, 000292.550, 196
Trd, 000292.950, 186
Trd, 000292.983, 154
Trd, 000293.700, 161
Trd, 000294.850, 154
Trd, 000295.033, 148
Trd, 000297.117, 158
Trd, 000297.133, 151
Trd, 000297.567, 156
Trd, 000298.433, 157
Trd, 000299.483, 158
