Trd, 000005.417, 147
Trd, 000005.800, 146
Trd, 000006.183, 151
Trd, 000006.267, 160
Trd, 000006.917, 155
Trd, 000006.967, 173
Trd, 000007.817, 154
Trd, 000007.983, 151
Trd, 000008.017, 147
Trd, 000008.667, 144
Trd, 000009.950, 149
Trd, 000010.200, 181
Trd, 000011.500, 188
Trd, 000011.667, 168
Trd, 000012.517, 159
Trd, 000013.900, 164
Trd, 000016.350, 156
Trd, 000017.067, 156
Trd, 000018.450, 173
Trd, 000018.567, 160
Trd, 000020.883, 179
Trd, 000021.467, 181
Trd, 000022.100, 175
Trd, 000024.000, 159
Trd, 000025.417, 175
Trd, 000026.283, 180
Trd, 000026.733, 190
Trd, 000027.950, 175
Trd, 000030.883, 184
Trd, 000030.983, 173
Trd, 000033.417, 177
Trd, 000034.067, 167
Trd, 000034.217, 163
Trd, 000034.367, 154
Trd, 000034.817, 148
Trd, 000035.383, 190
Trd, 000035.683, 121
Trd, 000036.433, 159
Trd, 000037.217, 164
Trd, 000038.217, 150
Trd, 000039.350, 153
Trd, 000039.400, 176
Trd, 000039.633, 147
Trd, 000040.683, 163
Trd, 000041.050, 185
Trd, 000042.433, 178
Trd, 000042.467, 176
Trd, 000043.550, 157
Trd, 000043.900, 147
Trd, 000045.683, 175
Trd, 000046.833, 164
Trd, 000047.117, 169
Trd, 000048.933, 165
Trd, 000050.633, 194
Trd, 000051.933, 167
Trd, 000052.050, 149
Trd, 000052.450, 160
Trd, 000054.000, 165
Trd, 000055.567, 189
Trd, 000055.950, 175
Trd, 000057.467, 196
Trd, 000059.350, 157
Trd, 000059.783, 170
Trd, 000060.400, 197
Trd, 000060.750, 179
Trd, 000061.017, 174
Trd, 000062.083, 194
Trd, 000063.433, 159
Trd, 000065.917, 172
Trd, 000066.217, 174
Trd, 000066.233, 178
Trd, 000067.367, 177
Trd, 000070.883, 176
Trd, 000072.883, 170
Trd, 000074.650, 171
Trd, 000075.417, 155
Trd, 000075.817, 190
Trd, 000076.583, 168
Trd, 000076.833, 158
Trd, 000077.983, 187
Trd, 000078.700, 174
Trd, 000079.550, 159
Trd, 000080.600, 151
Trd, 000080.717, 193
Trd, 000081.200, 175
Trd, 000081.817, 170
Trd, 000084.467, 159
Trd, 000085.317, 150
Trd, 000085.983, 192
Trd, 000086.317, 175
Trd, 000087.400, 190
Trd, 000087.967, 151
Trd, 000090.267, 157
Trd, 000090.867, 151
Trd, 000090.917, 151
Trd, 000092.183, 159
Trd, 000092.483, 141
Trd, 000092.533, 164
Trd, 000092.733, 174
Trd, 000096.267, 169
Trd, 000096.333, 147
Trd, 000097.433, 190
Trd, 000099.117, 175
Trd, 000099.950, 163
Trd, 000101.367, 156
Trd, 000102.067, 158
Trd, 000102.217, 177
Trd, 000102.750, 175
Trd, 000102.983, 140
Trd, 000104.700, 138
Trd, 000106.083, 159
Trd, 000106.167, 156
Trd, 000106.267, 164
Trd, 000107.517, 180
Trd, 000108.033, 176
Trd, 000109.300, 153
Trd, 000111.400, 144
Trd, 000111.650, 173
Trd, 000111.900, 172
Trd, 000112.450, 191
Trd, 000112.683, 179
Trd, 000113.683, 159
Trd, 000113.933, 156
Trd, 000116.317, 169
Trd, 000116.400, 189
Trd, 000118.500, 180
Trd, 000118.617, 163
Trd, 000119.633, 164
Trd, 000120.567, 163
Trd, 000122.817, 175
Trd, 000122.967, 172
Trd, 000124.350, 196
Trd, 000124.467, 189
Trd, 000125.767, 151
Trd, 000126.533, 183
Trd, 000127.033, 175
Trd, 000130.067, 173
Trd, 000131.133, 152
Trd, 000132.500, 179
Trd, 000132.550, 189
Trd, 000132.917, 175
Trd, 000134.017, 181
Trd, 000134.617, 163
Trd, 000134.783, 147
Trd, 000136.183, 166
Trd, 000136.667, 137
Trd, 000136.733, 143
Trd, 000137.033, 138
Trd, 000137.883, 152
Trd, 000137.983, 155
Trd, 000141.183, 186
Trd, 000142.283, 190
Trd, 000142.583, 167
Trd, 000143.117, 179
Trd, 000145.567, 163
Trd, 000147.267, 168
Trd, 000147.683, 168
Trd, 000148.633, 159
Trd, 000149.117, 177
Trd, 000150.617, 177
Trd, 000151.900, 144
Trd, 000151.933, 153
Trd, 000152.783, 161
Trd, 000153.083, 157
Trd, 000153.233, 157
Trd, 000155.317, 152
Trd, 000156.333, 176
Trd, 000156.450, 175
Trd, 000156.967, 187
Trd, 000157.400, 163
Trd, 000157.483, 147
Trd, 000161.717, 200
Trd, 000161.850, 175
Trd, 000162.133, 168
Trd, 000162.300, 143
Trd, 000162.500, 156
Trd, 000165.167, 182
Trd, 000166.367, 170
Trd, 000166.933, 179
Trd, 000168.817, 165
Trd, 000168.883, 159
Trd, 000171.717, 156
Trd, 000172.217, 178
Trd, 000172.233, 170
Trd, 000173.383, 147
Trd, 000174.483, 158
Trd, 000175.117, 171
Trd, 000177.317, 179
Trd, 000177.783, 150
Trd, 000178.817, 181
Trd, 000180.400, 174
Trd, 000181.233, 149
Trd, 000181.583, 169
Trd, 000182.067, 152
Trd, 000183.150, 174
Trd, 000186.617, 193
Trd, 000187.250, 172
Trd, 000187.650, 163
Trd, 000187.733, 162
Trd, 000188.367, 181
Trd, 000190.967, 158
Trd, 000191.317, 151
Trd, 000191.567, 163
Trd, 000191.950, 168
Trd, 000192.867, 161
Trd, 000194.333, 182
Trd, 000194.933, 147
Trd, 000196.467, 155
Trd, 000197.083, 189
Trd, 000198.550, 151
Trd, 000198.983, 163
Trd, 000200.117, 166
Trd, 000201.967, 189
Trd, 000202.550, 154
Trd, 000202.933, 150
Trd, 000207.200, 144
Trd, 000207.383, 157
Trd, 000207.967, 163
Trd, 000208.133, 164
Trd, 000209.183, 155
Trd, 000211.583, 180
Trd, 000213.000, 175
Trd, 000213.817, 166
Trd, 000214.233, 168
Trd, 000214.583, 156
Trd, 000214.650, 151
Trd, 000216.767, 186
Trd, 000217.233, 173
Trd, 000217.617, 173
Trd, 000218.717, 167
Trd, 000219.333, 175
Trd, 000221.983, 188
Trd, 000223.050, 175
Trd, 000224.433, 192
Trd, 000225.500, 162
Trd, 000227.050, 173
Trd, 000227.200, 162
Trd, 000228.583, 184
Trd, 000228.883, 171
Trd, 000229.967, 173
Trd, 000230.650, 150
Trd, 000231.467, 171
Trd, 000232.000, 171
Trd, 000233.317, 155
Trd, 000233.883, 181
Trd, 000234.567, 189
Trd, 000235.467, 155
Trd, 000236.550, 171
Trd, 000238.633, 193
Trd, 000241.050, 170
Trd, 000241.733, 173
Trd, 000241.917, 151
Trd, 000242.950, 190
Trd, 000243.217, 178
Trd, 000244.167, 163
Trd, 000246.400, 137
Trd, 000246.783, 145
Trd, 000247.067, 163
Trd, 000247.183, 158
Trd, 000247.433, 169
Trd, 000248.783, 147
Trd, 000251.267, 135
Trd, 000251.583, 162
Trd, 000252.150, 187
Trd, 000253.833, 175
Trd, 000255.050, 157
Trd, 000255.433, 151
Trd, 000256.867, 169
Trd, 000257.650, 171
Trd, 000258.517, 175
Trd, 000261.117, 168
Trd, 000261.983, 158
Trd, 000262.583, 142
Trd, 000262.933, 165
Trd, 000263.733, 190
Trd, 000264.367, 173
Trd, 000265.367, 170
Trd, 000266.217, 154
Trd, 000266.467, 170
Trd, 000266.617, 183
Trd, 000267.000, 178
Trd, 000268.350, 155
Trd, 000271.283, 170
Trd, 000272.633, 180
Trd, 000274.550, 179
Trd, 000274.867, 182
Trd, 000275.300, 174
Trd, 000276.917, 167
Trd, 000277.150, 171
Trd, 000277.617, 173
Trd, 000277.633, 177
Trd, 000277.750, 147
Trd, 000279.467, 162
Trd, 000279.817, 146
Trd, 000282.167, 157
Trd, 000282.950, 161
Trd, 000283.133, 158
Trd, 000284.083, 150
Trd, 000287.683, 189
Trd, 000287.783, 178
Trd, 000288.217, 175
Trd, 000289.717, 163
Trd, 000290.017, 151
Trd, 000291.500, 173
Trd, 000291.567, 178
Trd, 000291.683, 160
Trd, 000292.650, 147
Trd, 000292.783, 165
Trd, 000292.833, 169
Trd, 000296.817, 163
Trd, 000297.317, 139
Trd, 000298.483, 155
Trd, 000299.267, 190
