Trd, 000005.150, 140
Trd, 000005.750, 158
Trd, 000005.967, 146
Trd, 000006.300, 154
Trd, 000008.800, 149
Trd, 000009.567, 160
Trd, 000010.517, 155
Trd, 000010.633, 170
Trd, 000010.983, 154
Trd, 000012.100, 158
Trd, 000012.800, 159
Trd, 000015.883, 159
Trd, 000015.967, 162
Trd, 000016.167, 156
Trd, 000019.467, 151
Trd, 000020.767, 154
Trd, 000020.933, 141
Trd, 000021.767, 143
Trd, 000021.983, 154
Trd, 000023.350, 150
Trd, 000023.783, 163
Trd, 000024.083, 174
Trd, 000024.883, 146
Trd, 000025.767, 157
Trd, 000026.050, 153
Trd, 000026.367, 163
Trd, 000027.300, 161
Trd, 000028.383, 154
Trd, 000029.017, 148
Trd, 000029.400, 152
Trd, 000030.133, 172
Trd, 000031.483, 160
Trd, 000033.750, 147
Trd, 000033.783, 145
Trd, 000034.050, 153
Trd, 000036.017, 154
Trd, 000037.150, 166
Trd, 000038.067, 142
Trd, 000038.500, 176
Trd, 000040.167, 169
Trd, 000040.783, 154
Trd, 000041.017, 150
Trd, 000042.267, 160
Trd, 000043.183, 169
Trd, 000044.600, 160
Trd, 000045.167, 163
Trd, 000045.283, 192
Trd, 000046.750, 160
Trd, 000048.583, 163
Trd, 000049.467, 160
Trd, 000050.500, 166
Trd, 000050.533, 162
Trd, 000050.900, 152
Trd, 000051.367, 159
Trd, 000051.483, 167
Trd, 000051.717, 161
Trd, 000055.533, 143
Trd, 000056.017, 196
Trd, 000056.183, 154
Trd, 000056.617, 152
Trd, 000057.567, 170
Trd, 000059.850, 155
Trd, 000060.233, 158
Trd, 000060.650, 167
Trd, 000060.717, 155
Trd, 000061.667, 182
Trd, 000062.133, 156
Trd, 000063.783, 153
Trd, 000064.083, 152
Trd, 000064.983, 145
Trd, 000065.700, 171
Trd, 000066.433, 148
Trd, 000066.900, 141
Trd, 000067.100, 164
Trd, 000067.933, 171
Trd, 000067.950, 153
Trd, 000069.600, 162
Trd, 000070.217, 147
Trd, 000070.867, 128
Trd, 000072.383, 157
Trd, 000072.967, 152
Trd, 000075.650, 130
Trd, 000075.733, 136
Trd, 000076.150, 138
Trd, 000078.450, 160
Trd, 000078.567, 151
Trd, 000078.667, 164
Trd, 000079.817, 156
Trd, 000079.867, 150
Trd, 000080.767, 142
Trd, 000081.050, 151
Trd, 000081.317, 151
Trd, 000083.233, 144
Trd, 000083.333, 142
Trd, 000084.133, 136
Trd, 000085.700, 146
Trd, 000085.983, 167
Trd, 000087.533, 154
Trd, 000087.650, 147
Trd, 000087.733, 173
Trd, 000088.367, 169
Trd, 000088.750, 147
Trd, 000091.517, 149
Trd, 000091.833, 128
Trd, 000092.800, 131
Trd, 000092.833, 157
Trd, 000093.317, 163
Trd, 000094.067, 140
Trd, 000095.033, 179
Trd, 000095.883, 135
Trd, 000096.117, 163
Trd, 000096.367, 151
Trd, 000096.750, 150
Trd, 000097.667, 140
Trd, 000099.800, 169
Trd, 000099.883, 170
Trd, 000101.700, 177
Trd, 000102.633, 159
Trd, 000102.783, 163
Trd, 000103.250, 171
Trd, 000103.483, 164
Trd, 000104.233, 165
Trd, 000105.467, 169
Trd, 000106.000, 164
Trd, 000106.750, 145
Trd, 000108.550, 145
Trd, 000108.600, 144
Trd, 000110.167, 152
Trd, 000111.017, 153
Trd, 000111.350, 145
Trd, 000111.450, 128
Trd, 000112.200, 120
Trd, 000112.950, 139
Trd, 000113.417, 148
Trd, 000114.283, 141
Trd, 000116.133, 127
Trd, 000117.117, 138
Trd, 000117.333, 142
Trd, 000117.383, 147
Trd, 000119.167, 165
Trd, 000119.383, 166
Trd, 000120.817, 131
Trd, 000121.350, 173
Trd, 000121.467, 134
Trd, 000121.950, 117
Trd, 000123.300, 152
Trd, 000124.067, 156
Trd, 000125.700, 171
Trd, 000126.683, 152
Trd, 000127.383, 148
Trd, 000128.250, 147
Trd, 000128.867, 150
Trd, 000129.017, 164
Trd, 000130.050, 141
Trd, 000130.683, 137
Trd, 000130.883, 171
Trd, 000131.200, 172
Trd, 000131.217, 170
Trd, 000131.383, 166
Trd, 000132.383, 160
Trd, 000132.733, 168
Trd, 000135.367, 164
Trd, 000135.433, 152
Trd, 000136.100, 109
Trd, 000139.217, 149
Trd, 000139.583, 168
Trd, 000140.517, 157
Trd, 000140.983, 141
Trd, 000141.267, 139
Trd, 000141.283, 173
Trd, 000142.267, 161
Trd, 000142.283, 148
Trd, 000144.283, 150
Trd, 000144.900, 157
Trd, 000144.917, 148
Trd, 000146.050, 148
Trd, 000146.150, 181
Trd, 000146.667, 137
Trd, 000146.867, 138
Trd, 000147.117, 138
Trd, 000147.567, 162
Trd, 000151.200, 176
Trd, 000151.433, 173
Trd, 000151.567, 170
Trd, 000151.767, 165
Trd, 000152.683, 151
Trd, 000156.183, 152
Trd, 000156.233, 118
Trd, 000158.483, 145
Trd, 000159.417, 148
Trd, 000160.983, 162
Trd, 000161.250, 168
Trd, 000161.833, 148
Trd, 000162.200, 144
Trd, 000162.667, 143
Trd, 000164.333, 135
Trd, 000166.333, 180
Trd, 000166.750, 153
Trd, 000167.117, 151
Trd, 000167.700, 162
Trd, 000167.833, 142
Trd, 000171.500, 158
Trd, 000171.850, 154
Trd, 000172.700, 146
Trd, 000173.517, 139
Trd, 000173.850, 138
Trd, 000174.467, 168
Trd, 000175.683, 163
Trd, 000176.517, 157
Trd, 000176.917, 139
Trd, 000177.217, 154
Trd, 000177.650, 126
Trd, 000177.850, 166
Trd, 000178.183, 151
Trd, 000181.217, 162
Trd, 000181.483, 147
Trd, 000181.650, 151
Trd, 000183.450, 146
Trd, 000183.667, 147
Trd, 000184.217, 146
Trd, 000186.333, 162
Trd, 000186.717, 128
Trd, 000186.900, 135
Trd, 000187.833, 147
Trd, 000188.433, 150
Trd, 000189.617, 147
Trd, 000190.283, 141
Trd, 000192.033, 156
Trd, 000192.150, 147
Trd, 000192.300, 163
Trd, 000193.467, 148
Trd, 000194.783, 194
Trd, 000194.850, 187
Trd, 000195.233, 186
Trd, 000195.983, 171
Trd, 000196.483, 132
Trd, 000196.500, 152
Trd, 000197.350, 150
Trd, 000198.133, 141
Trd, 000198.683, 144
Trd, 000199.483, 162
Trd, 000201.500, 127
Trd, 000202.817, 163
Trd, 000203.433, 161
Trd, 000205.900, 147
Trd, 000207.467, 145
Trd, 000207.567, 145
Trd, 000207.667, 141
Trd, 000209.017, 155
Trd, 000210.833, 141
Trd, 000211.767, 141
Trd, 000212.350, 163
Trd, 000212.850, 159
Trd, 000212.933, 153
Trd, 000213.450, 164
Trd, 000214.550, 160
Trd, 000214.967, 158
Trd, 000216.317, 174
Trd, 000216.650, 164
Trd, 000217.050, 152
Trd, 000217.083, 176
Trd, 000217.317, 179
Trd, 000217.450, 147
Trd, 000217.817, 146
Trd, 000218.783, 141
Trd, 000222.650, 154
Trd, 000223.017, 154
Trd, 000223.300, 163
Trd, 000223.433, 158
Trd, 000224.000, 151
Trd, 000225.383, 159
Trd, 000226.450, 130
Trd, 000227.300, 137
Trd, 000227.850, 157
Trd, 000228.983, 154
Trd, 000229.033, 153
Trd, 000229.850, 156
Trd, 000230.783, 151
Trd, 000232.350, 158
Trd, 000233.100, 166
Trd, 000233.117, 163
Trd, 000233.817, 163
Trd, 000234.017, 157
Trd, 000234.117, 153
Trd, 000235.267, 167
Trd, 000237.567, 139
Trd, 000237.750, 165
Trd, 000238.667, 168
Trd, 000238.883, 164
Trd, 000239.167, 148
Trd, 000239.833, 135
Trd, 000240.383, 147
Trd, 000240.583, 150
Trd, 000241.283, 183
Trd, 000242.167, 116
Trd, 000242.800, 168
Trd, 000244.450, 160
Trd, 000244.550, 154
Trd, 000244.650, 168
Trd, 000247.350, 155
Trd, 000248.467, 175
Trd, 000249.700, 154
Trd, 000249.900, 142
Trd, 000250.433, 151
Trd, 000251.317, 176
Trd, 000251.983, 154
Trd, 000252.633, 144
Trd, 000252.883, 167
Trd, 000253.300, 144
Trd, 000254.183, 152
Trd, 000256.117, 150
Trd, 000256.483, 156
Trd, 000257.433, 133
Trd, 000258.200, 180
Trd, 000259.750, 174
Trd, 000261.800, 161
Trd, 000262.117, 175
Trd, 000262.317, 167
Trd, 000263.267, 157
Trd, 000263.667, 155
Trd, 000264.350, 143
Trd, 000266.583, 183
Trd, 000266.700, 159
Trd, 000266.733, 163
Trd, 000266.983, 138
Trd, 000267.300, 157
Trd, 000269.383, 156
Trd, 000270.517, 164
Trd, 000271.167, 169
Trd, 000272.150, 158
Trd, 000272.667, 166
Trd, 000273.617, 155
Trd, 000274.450, 142
Trd, 000274.900, 148
Trd, 000275.583, 152
Trd, 000276.483, 183
Trd, 000276.917, 169
Trd, 000277.717, 167
Trd, 000278.517, 165
Trd, 000278.850, 154
Trd, 000278.933, 150
Trd, 000279.767, 174
Trd, 000282.150, 155
Trd, 000282.533, 170
Trd, 000283.750, 167
Trd, 000283.800, 164
Trd, 000285.267, 157
Trd, 000285.583, 153
Trd, 000286.133, 161
Trd, 000286.617, 114
Trd, 000287.833, 163
Trd, 000288.050, 166
Trd, 000290.233, 164
Trd, 000291.083, 160
Trd, 000291.267, 152
Trd, 000291.917, 152
Trd, 000294.217, 142
Trd, 000294.567, 153
Trd, 000296.083, 148
Trd, 000296.217, 161
Trd, 000297.083, 148
Trd, 000297.433, 140
Trd, 000298.317, 166
Trd, 000299.367, 160
Trd, 000299.483, 171
