Trd, 000005.233, 154
Trd, 000005.500, 148
Trd, 000005.650, 134
Trd, 000006.133, 143
Trd, 000006.467, 134
Trd, 000006.817, 144
Trd, 000007.000, 140
Trd, 000008.783, 161
Trd, 000010.400, 137
Trd, 000010.867, 120
Trd, 000010.933, 135
Trd, 000010.983, 140
Trd, 000011.233, 142
Trd, 000011.350, 172
Trd, 000011.983, 150
Trd, 000013.083, 177
Trd, 000015.583, 138
Trd, 000015.800, 179
Trd, 000015.950, 142
Trd, 000016.283, 161
Trd, 000017.067, 164
Trd, 000017.783, 151
Trd, 000018.417, 158
Trd, 000020.433, 162
Trd, 000021.383, 150
Trd, 000022.117, 159
Trd, 000022.217, 148
Trd, 000022.900, 134
Trd, 000023.000, 148
Trd, 000023.350, 153
Trd, 000025.300, 113
Trd, 000025.383, 154
Trd, 000025.800, 124
Trd, 000025.950, 149
Trd, 000026.950, 166
Trd, 000028.733, 163
Trd, 000029.700, 161
Trd, 000030.567, 152
Trd, 000031.600, 145
Trd, 000031.883, 159
Trd, 000032.550, 184
Trd, 000032.850, 173
Trd, 000035.300, 180
Trd, 000035.550, 137
Trd, 000036.050, 140
Trd, 000036.400, 141
Trd, 000037.150, 175
Trd, 000037.900, 150
Trd, 000038.967, 143
Trd, 000040.700, 145
Trd, 000040.733, 151
Trd, 000040.917, 142
Trd, 000041.750, 151
Trd, 000042.167, 154
Trd, 000045.083, 169
Trd, 000046.550, 156
Trd, 000046.667, 168
Trd, 000046.767, 192
Trd, 000047.267, 175
Trd, 000047.700, 190
Trd, 000049.350, 149
Trd, 000050.600, 171
Trd, 000051.083, 170
Trd, 000051.750, 150
Trd, 000052.500, 159
Trd, 000053.117, 148
Trd, 000053.400, 142
Trd, 000053.900, 170
Trd, 000055.683, 131
Trd, 000055.967, 156
Trd, 000056.617, 174
Trd, 000057.617, 168
Trd, 000057.867, 160
Trd, 000057.983, 143
Trd, 000058.150, 152
Trd, 000059.033, 140
Trd, 000060.667, 165
Trd, 000060.767, 152
Trd, 000061.217, 170
Trd, 000062.817, 164
Trd, 000062.967, 143
Trd, 000063.183, 138
Trd, 000064.467, 153
Trd, 000064.683, 142
Trd, 000065.267, 172
Trd, 000065.767, 131
Trd, 000066.350, 153
Trd, 000066.667, 167
Trd, 000066.783, 140
Trd, 000066.867, 138
Trd, 000069.683, 143
Trd, 000069.867, 133
Trd, 000070.750, 140
Trd, 000070.817, 141
Trd, 000071.350, 182
Trd, 000071.900, 146
Trd, 000072.183, 132
Trd, 000073.033, 155
Trd, 000073.950, 148
Trd, 000074.517, 155
Trd, 000075.167, 151
Trd, 000076.333, 189
Trd, 000076.650, 170
Trd, 000077.233, 153
Trd, 000077.633, 148
Trd, 000078.050, 151
Trd, 000078.367, 140
Trd, 000079.833, 150
Trd, 000081.433, 137
Trd, 000081.517, 142
Trd, 000082.067, 150
Trd, 000082.683, 154
Trd, 000083.717, 174
Trd, 000086.583, 170
Trd, 000086.733, 175
Trd, 000087.250, 172
Trd, 000089.083, 146
Trd, 000089.350, 139
Trd, 000089.867, 145
Trd, 000090.617, 164
Trd, 000090.717, 191
Trd, 000092.083, 152
Trd, 000092.633, 153
Trd, 000094.500, 141
Trd, 000094.633, 153
Trd, 000095.250, 156
Trd, 000095.650, 178
Trd, 000096.333, 146
Trd, 000096.400, 151
Trd, 000096.633, 142
Trd, 000098.617, 151
Trd, 000098.817, 143
Trd, 000098.833, 154
Trd, 000098.933, 145
Trd, 000101.050, 172
Trd, 000101.417, 181
Trd, 000101.517, 168
Trd, 000102.067, 166
Trd, 000103.100, 190
Trd, 000103.317, 162
Trd, 000104.050, 159
Trd, 000105.867, 162
Trd, 000107.017, 192
Trd, 000107.550, 140
Trd, 000107.700, 139
Trd, 000108.333, 153
Trd, 000108.500, 139
Trd, 000110.217, 152
Trd, 000111.050, 135
Trd, 000111.150, 135
Trd, 000111.567, 145
Trd, 000113.417, 162
Trd, 000114.333, 158
Trd, 000114.767, 138
Trd, 000115.183, 152
Trd, 000116.567, 157
Trd, 000116.633, 160
Trd, 000117.033, 137
Trd, 000117.117, 142
Trd, 000117.133, 133
Trd, 000117.483, 175
Trd, 000118.150, 162
Trd, 000118.483, 149
Trd, 000118.517, 151
Trd, 000121.133, 132
Trd, 000121.750, 145
Trd, 000121.783, 168
Trd, 000122.233, 177
Trd, 000123.050, 127
Trd, 000123.083, 132
Trd, 000123.683, 141
Trd, 000124.950, 156
Trd, 000125.550, 151
Trd, 000126.383, 122
Trd, 000126.583, 150
Trd, 000126.767, 145
Trd, 000127.017, 140
Trd, 000127.367, 147
Trd, 000128.600, 139
Trd, 000128.983, 149
Trd, 000130.517, 141
Trd, 000130.633, 165
Trd, 000131.100, 188
Trd, 000131.550, 148
Trd, 000133.000, 159
Trd, 000133.233, 173
Trd, 000133.933, 162
Trd, 000135.667, 147
Trd, 000136.500, 170
Trd, 000137.000, 161
Trd, 000137.267, 163
Trd, 000137.283, 159
Trd, 000137.333, 148
Trd, 000137.850, 149
Trd, 000140.133, 142
Trd, 000141.233, 174
Trd, 000141.267, 181
Trd, 000141.650, 157
Trd, 000141.683, 145
Trd, 000142.683, 152
Trd, 000144.000, 189
Trd, 000146.117, 181
Trd, 000146.150, 142
Trd, 000146.783, 154
Trd, 000147.050, 190
Trd, 000147.083, 179
Trd, 000147.567, 160
Trd, 000147.900, 164
Trd, 000150.150, 148
Trd, 000151.150, 156
Trd, 000151.233, 147
Trd, 000151.500, 140
Trd, 000151.833, 178
Trd, 000153.350, 142
Trd, 000153.533, 143
Trd, 000153.600, 140
Trd, 000155.150, 134
Trd, 000156.517, 164
Trd, 000156.667, 136
Trd, 000157.283, 140
Trd, 000157.450, 158
Trd, 000157.767, 168
Trd, 000157.950, 170
Trd, 000158.417, 149
Trd, 000159.600, 158
Trd, 000160.967, 145
Trd, 000161.117, 163
Trd, 000162.200, 135
Trd, 000162.367, 159
Trd, 000162.500, 145
Trd, 000162.683, 187
Trd, 000164.733, 168
Trd, 000165.183, 153
Trd, 000166.117, 148
Trd, 000166.633, 160
Trd, 000166.667, 146
Trd, 000167.467, 145
Trd, 000168.667, 170
Trd, 000169.350, 154
Trd, 000169.383, 141
Trd, 000170.200, 160
Trd, 000170.400, 165
Trd, 000170.867, 157
Trd, 000171.383, 171
Trd, 000171.650, 160
Trd, 000171.917, 158
Trd, 000172.200, 152
Trd, 000172.883, 146
Trd, 000173.067, 167
Trd, 000176.067, 153
Trd, 000176.333, 190
Trd, 000176.517, 144
Trd, 000178.633, 162
Trd, 000179.917, 153
Trd, 000181.083, 167
Trd, 000181.333, 147
Trd, 000181.450, 174
Trd, 000182.667, 163
Trd, 000183.517, 155
Trd, 000183.633, 150
Trd, 000183.817, 148
Trd, 000186.283, 163
Trd, 000186.350, 158
Trd, 000186.983, 180
Trd, 000187.017, 172
Trd, 000187.117, 156
Trd, 000188.600, 150
Trd, 000189.200, 143
Trd, 000191.117, 175
Trd, 000191.317, 155
Trd, 000191.817, 178
Trd, 000192.233, 176
Trd, 000192.433, 166
Trd, 000192.717, 138
Trd, 000193.900, 157
Trd, 000194.433, 177
Trd, 000194.700, 166
Trd, 000196.067, 124
Trd, 000196.250, 141
Trd, 000196.267, 183
Trd, 000196.667, 184
Trd, 000196.967, 150
Trd, 000197.217, 166
Trd, 000198.117, 179
Trd, 000199.450, 152
Trd, 000201.100, 147
Trd, 000201.450, 134
Trd, 000202.667, 157
Trd, 000203.150, 172
Trd, 000203.983, 167
Trd, 000206.067, 189
Trd, 000206.733, 141
Trd, 000207.167, 156
Trd, 000207.400, 152
Trd, 000209.000, 153
Trd, 000211.300, 168
Trd, 000211.450, 128
Trd, 000212.283, 164
Trd, 000214.017, 162
Trd, 000214.517, 188
Trd, 000214.617, 187
Trd, 000214.717, 167
Trd, 000216.233, 137
Trd, 000216.333, 171
Trd, 000216.700, 142
Trd, 000217.550, 131
Trd, 000219.600, 162
Trd, 000220.433, 150
Trd, 000221.533, 188
Trd, 000221.583, 169
Trd, 000222.333, 157
Trd, 000222.417, 156
Trd, 000223.017, 155
Trd, 000223.217, 155
Trd, 000225.583, 142
Trd, 000225.950, 136
Trd, 000226.467, 169
Trd, 000226.567, 156
Trd, 000227.300, 125
Trd, 000229.767, 157
Trd, 000230.933, 139
Trd, 000231.400, 186
Trd, 000231.483, 170
Trd, 000231.500, 162
Trd, 000231.533, 157
Trd, 000233.317, 148
Trd, 000233.983, 193
Trd, 000234.683, 182
Trd, 000235.817, 144
Trd, 000236.350, 175
Trd, 000237.350, 157
Trd, 000238.650, 149
Trd, 000239.117, 146
Trd, 000239.933, 143
Trd, 000241.983, 184
Trd, 000242.233, 154
Trd, 000242.617, 157
Trd, 000243.617, 163
Trd, 000243.650, 167
Trd, 000244.283, 137
Trd, 000244.317, 155
Trd, 000244.600, 160
Trd, 000245.583, 126
Trd, 000247.117, 145
Trd, 000247.350, 153
Trd, 000247.850, 151
Trd, 000248.900, 136
Trd, 000249.483, 153
Trd, 000249.800, 174
Trd, 000251.367, 167
Trd, 000252.133, 162
Trd, 000252.433, 156
Trd, 000252.933, 167
Trd, 000253.017, 150
Trd, 000253.550, 156
Trd, 000253.700, 164
Trd, 000256.633, 155
Trd, 000256.917, 171
Trd, 000259.900, 154
Trd, 000260.033, 160
Trd, 000261.317, 162
Trd, 000262.367, 151
Trd, 000263.050, 162
Trd, 000263.367, 154
Trd, 000265.683, 137
Trd, 000266.017, 135
Trd, 000266.200, 164
Trd, 000268.067, 193
Trd, 000268.083, 159
Trd, 000269.417, 137
Trd, 000269.500, 151
Trd, 000269.750, 133
Trd, 000269.967, 172
Trd, 000271.367, 151
Trd, 000271.633, 153
Trd, 000272.000, 153
Trd, 000272.283, 156
Trd, 000272.600, 134
Trd, 000273.533, 134
Trd, 000275.383, 148
Trd, 000276.833, 142
Trd, 000277.250, 130
Trd, 000278.000, 163
Trd, 000278.300, 164
Trd, 000278.433, 145
Trd, 000278.683, 168
Trd, 000279.017, 145
Trd, 000280.017, 154
Trd, 000280.550, 177
Trd, 000281.367, 137
Trd, 000281.450, 120
Trd, 000281.750, 165
Trd, 000282.300, 163
Trd, 000283.133, 147
Trd, 000284.133, 164
Trd, 000285.700, 152
Trd, 000286.767, 177
Trd, 000287.050, 169
Trd, 000287.483, 138
Trd, 000287.667, 150
Trd, 000289.033, 134
Trd, 000289.083, 140
Trd, 000289.817, 139
Trd, 000291.833, 151
Trd, 000292.350, 156
Trd, 000292.867, 144
Trd, 000294.133, 146
Trd, 000294.700, 143
Trd, 000295.933, 138
Trd, 000296.117, 131
Trd, 000297.050, 159
Trd, 000297.217, 159
Trd, 000297.433, 160
Trd, 000298.300, 150
Trd, 000298.383, 143
Trd, 000298.983, 139
Trd, 000299.150, 137
Trd, 000299.633, 156
