Trd, 000005.200, 151
Trd, 000005.783, 130
Trd, 000006.233, 142
Trd, 000007.667, 166
Trd, 000008.067, 155
Trd, 000008.117, 159
Trd, 000009.217, 191
Trd, 000010.067, 174
Trd, 000011.167, 138
Trd, 000011.300, 143
Trd, 000014.800, 139
Trd, 000015.433, 174
Trd, 000015.600, 141
Trd, 000016.667, 151
Trd, 000016.867, 156
Trd, 000017.850, 147
Trd, 000018.033, 143
Trd, 000018.633, 176
Trd, 000018.650, 177
Trd, 000020.317, 138
Trd, 000023.417, 168
Trd, 000023.567, 170
Trd, 000025.083, 175
Trd, 000025.217, 125
Trd, 000026.017, 175
Trd, 000026.067, 169
Trd, 000026.250, 185
Trd, 000027.167, 155
Trd, 000027.483, 159
Trd, 000028.717, 179
Trd, 000030.533, 175
Trd, 000031.217, 171
Trd, 000031.717, 172
Trd, 000032.233, 170
Trd, 000033.617, 152
Trd, 000034.300, 156
Trd, 000034.900, 174
Trd, 000035.333, 159
Trd, 000036.617, 155
Trd, 000037.817, 155
Trd, 000038.883, 148
Trd, 000039.733, 175
Trd, 000040.417, 153
Trd, 000040.467, 155
Trd, 000041.100, 162
Trd, 000043.083, 158
Trd, 000043.317, 159
Trd, 000044.517, 168
Trd, 000045.500, 154
Trd, 000048.167, 190
Trd, 000048.483, 168
Trd, 000049.067, 156
Trd, 000050.000, 173
Trd, 000050.117, 146
Trd, 000050.667, 140
Trd, 000052.450, 167
Trd, 000052.583, 167
Trd, 000052.850, 175
Trd, 000053.017, 186
Trd, 000053.917, 172
Trd, 000054.000, 149
Trd, 000055.467, 154
Trd, 000055.650, 182
Trd, 000056.417, 164
Trd, 000057.817, 156
Trd, 000058.300, 146
Trd, 000059.100, 165
Trd, 000061.717, 173
Trd, 000062.717, 173
Trd, 000062.900, 160
Trd, 000062.917, 157
Trd, 000066.100, 150
Trd, 000067.100, 160
Trd, 000067.217, 160
Trd, 000067.483, 175
Trd, 000068.150, 176
Trd, 000068.883, 156
Trd, 000069.633, 177
Trd, 000070.783, 181
Trd, 000071.017, 157
Trd, 000071.317, 149
Trd, 000071.900, 150
Trd, 000072.050, 141
Trd, 000072.333, 167
Trd, 000073.467, 166
Trd, 000074.033, 178
Trd, 000074.450, 160
Trd, 000074.750, 163
Trd, 000076.400, 178
Trd, 000076.533, 165
Trd, 000076.767, 158
Trd, 000077.400, 168
Trd, 000079.483, 153
Trd, 000079.950, 158
Trd, 000080.817, 173
Trd, 000081.067, 125
Trd, 000081.767, 167
Trd, 000082.933, 170
Trd, 000083.267, 169
Trd, 000083.767, 185
Trd, 000086.067, 171
Trd, 000086.433, 168
Trd, 000087.000, 154
Trd, 000087.367, 159
Trd, 000089.000, 146
Trd, 000089.600, 165
Trd, 000090.133, 143
Trd, 000091.033, 174
Trd, 000091.133, 158
Trd, 000091.283, 180
Trd, 000091.567, 161
Trd, 000091.667, 158
Trd, 000092.133, 168
Trd, 000092.450, 167
Trd, 000093.367, 155
Trd, 000095.650, 179
Trd, 000095.983, 164
Trd, 000096.633, 154
Trd, 000097.250, 159
Trd, 000097.467, 163
Trd, 000100.033, 155
Trd, 000100.667, 154
Trd, 000100.783, 134
Trd, 000101.150, 176
Trd, 000102.017, 168
Trd, 000102.300, 168
Trd, 000102.650, 169
Trd, 000104.717, 184
Trd, 000106.050, 162
Trd, 000106.600, 149
Trd, 000107.033, 140
Trd, 000107.167, 132
Trd, 000107.500, 154
Trd, 000108.350, 149
Trd, 000111.050, 138
Trd, 000111.500, 189
Trd, 000111.667, 191
Trd, 000112.017, 175
Trd, 000113.517, 173
Trd, 000114.767, 151
Trd, 000115.783, 119
Trd, 000116.433, 150
Trd, 000116.483, 168
Trd, 000116.983, 150
Trd, 000117.267, 181
Trd, 000118.467, 164
Trd, 000118.900, 156
Trd, 000119.483, 152
Trd, 000121.283, 182
Trd, 000121.617, 173
Trd, 000122.300, 167
Trd, 000124.217, 165
Trd, 000124.550, 153
Trd, 000124.917, 144
Trd, 000125.983, 113
Trd, 000126.167, 181
Trd, 000126.383, 166
Trd, 000126.583, 157
Trd, 000126.733, 170
Trd, 000126.967, 140
Trd, 000128.717, 161
Trd, 000128.817, 180
Trd, 000130.950, 168
Trd, 000131.467, 186
Trd, 000131.883, 182
Trd, 000132.600, 157
Trd, 000135.650, 144
Trd, 000136.217, 154
Trd, 000136.450, 163
Trd, 000136.700, 156
Trd, 000136.733, 172
Trd, 000137.233, 143
Trd, 000137.267, 139
Trd, 000141.483, 175
Trd, 000141.567, 173
Trd, 000142.333, 176
Trd, 000144.300, 153
Trd, 000145.433, 146
Trd, 000146.333, 148
Trd, 000146.350, 152
Trd, 000146.783, 177
Trd, 000147.500, 183
Trd, 000147.567, 182
Trd, 000147.900, 175
Trd, 000149.867, 151
Trd, 000151.217, 183
Trd, 000151.250, 140
Trd, 000151.567, 178
Trd, 000153.033, 157
Trd, 000153.783, 178
Trd, 000154.483, 171
Trd, 000155.400, 146
Trd, 000155.600, 130
Trd, 000156.383, 142
Trd, 000156.917, 140
Trd, 000157.067, 132
Trd, 000157.900, 128
Trd, 000158.083, 151
Trd, 000159.333, 156
Trd, 000161.100, 175
Trd, 000161.383, 155
Trd, 000162.633, 175
Trd, 000162.967, 159
Trd, 000163.667, 187
Trd, 000163.800, 167
Trd, 000165.600, 153
Trd, 000165.667, 149
Trd, 000166.200, 133
Trd, 000166.233, 166
Trd, 000166.467, 172
Trd, 000167.267, 157
Trd, 000168.333, 180
Trd, 000169.133, 190
Trd, 000169.383, 168
Trd, 000171.200, 129
Trd, 000171.783, 131
Trd, 000173.067, 154
Trd, 000173.317, 137
Trd, 000174.483, 178
Trd, 000174.683, 164
Trd, 000176.350, 175
Trd, 000176.533, 168
Trd, 000176.550, 150
Trd, 000177.783, 152
Trd, 000179.267, 167
Trd, 000181.100, 134
Trd, 000181.333, 179
Trd, 000181.417, 164
Trd, 000181.533, 161
Trd, 000182.917, 181
Trd, 000183.400, 182
Trd, 000184.067, 173
Trd, 000184.467, 167
Trd, 000184.517, 159
Trd, 000187.417, 168
Trd, 000187.800, 161
Trd, 000187.850, 167
Trd, 000188.600, 146
Trd, 000189.100, 174
Trd, 000190.183, 152
Trd, 000190.500, 141
Trd, 000191.467, 169
Trd, 000192.650, 152
Trd, 000194.267, 163
Trd, 000194.933, 152
Trd, 000196.183, 128
Trd, 000197.250, 164
Trd, 000197.650, 163
Trd, 000197.817, 162
Trd, 000198.200, 168
Trd, 000198.217, 177
Trd, 000201.183, 177
Trd, 000201.350, 181
Trd, 000201.667, 173
Trd, 000201.950, 169
Trd, 000203.167, 152
Trd, 000203.567, 143
Trd, 000203.967, 142
Trd, 000205.183, 159
Trd, 000206.283, 174
Trd, 000206.550, 178
Trd, 000207.483, 127
Trd, 000208.017, 140
Trd, 000209.250, 157
Trd, 000210.350, 172
Trd, 000212.217, 172
Trd, 000212.317, 138
Trd, 000212.400, 168
Trd, 000213.017, 161
Trd, 000213.283, 159
Trd, 000213.300, 164
Trd, 000216.483, 159
Trd, 000217.350, 170
Trd, 000217.783, 154
Trd, 000218.317, 153
Trd, 000218.817, 166
Trd, 000219.150, 161
Trd, 000219.783, 170
Trd, 000221.300, 162
Trd, 000221.533, 157
Trd, 000222.067, 161
Trd, 000222.750, 172
Trd, 000223.783, 178
Trd, 000224.183, 129
Trd, 000226.183, 179
Trd, 000226.250, 190
Trd, 000226.883, 166
Trd, 000227.550, 165
Trd, 000227.867, 143
Trd, 000231.283, 136
Trd, 000231.833, 137
Trd, 000231.917, 143
Trd, 000232.817, 180
Trd, 000234.217, 152
Trd, 000236.067, 154
Trd, 000237.117, 145
Trd, 000237.550, 176
Trd, 000237.617, 173
Trd, 000237.633, 180
Trd, 000237.683, 162
Trd, 000238.150, 169
Trd, 000239.733, 158
Trd, 000240.567, 130
Trd, 000241.000, 142
Trd, 000241.733, 137
Trd, 000241.750, 169
Trd, 000241.933, 160
Trd, 000242.300, 169
Trd, 000242.600, 150
Trd, 000243.683, 159
Trd, 000246.817, 173
Trd, 000248.017, 154
Trd, 000248.750, 178
Trd, 000249.200, 159
Trd, 000249.817, 155
Trd, 000249.950, 151
Trd, 000250.583, 149
Trd, 000251.350, 117
Trd, 000251.517, 168
Trd, 000251.833, 143
Trd, 000252.817, 148
Trd, 000254.983, 152
Trd, 000255.133, 131
Trd, 000256.100, 174
Trd, 000256.333, 149
Trd, 000257.133, 146
Trd, 000257.550, 167
Trd, 000259.200, 174
Trd, 000261.033, 177
Trd, 000261.733, 166
Trd, 000262.250, 178
Trd, 000262.483, 167
Trd, 000262.850, 177
Trd, 000265.267, 174
Trd, 000266.567, 144
Trd, 000266.850, 122
Trd, 000267.317, 141
Trd, 000267.500, 162
Trd, 000267.967, 165
Trd, 000268.350, 162
Trd, 000270.283, 170
Trd, 000270.800, 159
Trd, 000271.867, 167
Trd, 000272.283, 170
Trd, 000273.317, 182
Trd, 000273.367, 161
Trd, 000276.333, 181
Trd, 000276.833, 167
Trd, 000277.100, 158
Trd, 000277.683, 164
Trd, 000277.967, 159
Trd, 000278.100, 148
Trd, 000278.917, 179
Trd, 000281.683, 158
Trd, 000282.167, 138
Trd, 000282.217, 158
Trd, 000282.650, 175
Trd, 000283.100, 164
Trd, 000286.167, 167
Trd, 000286.283, 180
Trd, 000287.633, 173
Trd, 000288.050, 173
Trd, 000288.517, 161
Trd, 000288.633, 147
Trd, 000291.667, 132
Trd, 000292.350, 157
Trd, 000293.217, 174
Trd, 000297.050, 165
Trd, 000297.483, 176
Trd, 000297.567, 166
Trd, 000297.633, 125
Trd, 000298.167, 127
