Trd, 000005.250, 139
Trd, 000005.583, 181
Trd, 000005.600, 165
Trd, 000005.733, 159
Trd, 000006.717, 167
Trd, 000007.117, 152
Trd, 000010.150, 193
Trd, 000010.533, 193
Trd, 000010.867, 162
Trd, 000012.050, 164
Trd, 000014.083, 164
Trd, 000014.933, 173
Trd, 000015.250, 138
Trd, 000015.867, 161
Trd, 000016.833, 195
Trd, 000019.983, 166
Trd, 000021.317, 168
Trd, 000021.600, 180
Trd, 000022.133, 183
Trd, 000025.550, 197
Trd, 000026.750, 177
Trd, 000027.433, 169
Trd, 000030.750, 164
Trd, 000031.183, 157
Trd, 000032.233, 178
Trd, 000033.333, 152
Trd, 000034.750, 158
Trd, 000035.217, 134
Trd, 000036.317, 151
Trd, 000036.750, 167
Trd, 000037.700, 152
Trd, 000037.900, 143
Trd, 000038.950, 166
Trd, 000039.017, 164
Trd, 000039.600, 163
Trd, 000040.783, 189
Trd, 000041.433, 168
Trd, 000041.867, 185
Trd, 000042.767, 165
Trd, 000043.517, 162
Trd, 000045.567, 183
Trd, 000048.000, 187
Trd, 000048.050, 166
Trd, 000049.033, 139
Trd, 000050.533, 159
Trd, 000051.850, 175
Trd, 000053.483, 166
Trd, 000054.400, 165
Trd, 000055.433, 190
Trd, 000055.983, 170
Trd, 000056.067, 166
Trd, 000056.850, 174
Trd, 000057.967, 142
Trd, 000059.867, 161
Trd, 000062.100, 177
Trd, 000062.450, 174
Trd, 000064.483, 167
Trd, 000064.767, 151
Trd, 000066.733, 166
Trd, 000066.950, 169
Trd, 000068.517, 171
Trd, 000069.000, 161
Trd, 000070.017, 154
Trd, 000070.350, 169
Trd, 000070.500, 128
Trd, 000070.883, 189
Trd, 000071.800, 161
Trd, 000073.117, 165
Trd, 000074.550, 198
Trd, 000076.017, 181
Trd, 000078.250, 174
Trd, 000079.183, 154
Trd, 000079.750, 151
Trd, 000080.683, 193
Trd, 000081.050, 164
Trd, 000081.533, 189
Trd, 000083.983, 152
Trd, 000086.167, 168
Trd, 000086.233, 152
Trd, 000087.367, 196
Trd, 000087.650, 168
Trd, 000088.483, 150
Trd, 000092.350, 190
Trd, 000092.817, 173
Trd, 000094.217, 168
Trd, 000095.517, 151
Trd, 000095.833, 140
Trd, 000096.033, 151
Trd, 000098.650, 193
Trd, 000098.867, 171
Trd, 000098.883, 161
Trd, 000100.283, 153
Trd, 000101.217, 187
Trd, 000101.950, 159
Trd, 000101.967, 180
Trd, 000102.883, 163
Trd, 000103.500, 142
Trd, 000104.050, 157
Trd, 000104.767, 166
Trd, 000105.717, 100
Trd, 000105.950, 130
Trd, 000106.967, 166
Trd, 000107.900, 164
Trd, 000108.633, 160
Trd, 000110.617, 161
Trd, 000111.600, 194
Trd, 000112.267, 176
Trd, 000112.383, 165
Trd, 000113.133, 169
Trd, 000114.800, 151
Trd, 000116.417, 151
Trd, 000116.450, 139
Trd, 000116.667, 144
Trd, 000117.617, 175
Trd, 000117.767, 168
Trd, 000118.567, 176
Trd, 000118.883, 143
Trd, 000119.767, 159
Trd, 000120.967, 133
Trd, 000121.283, 149
Trd, 000121.583, 157
Trd, 000122.850, 172
Trd, 000123.200, 168
Trd, 000123.617, 164
Trd, 000126.183, 144
Trd, 000126.883, 157
Trd, 000128.183, 187
Trd, 000129.383, 189
Trd, 000131.150, 195
Trd, 000131.450, 168
Trd, 000131.733, 174
Trd, 000136.283, 198
Trd, 000137.533, 173
Trd, 000137.617, 165
Trd, 000138.933, 168
Trd, 000141.133, 168
Trd, 000142.217, 191
Trd, 000142.450, 187
Trd, 000142.700, 144
Trd, 000143.050, 178
Trd, 000145.650, 149
Trd, 000146.050, 194
Trd, 000146.067, 141
Trd, 000147.000, 161
Trd, 000147.583, 174
Trd, 000147.917, 154
Trd, 000149.650, 162
Trd, 000151.167, 137
Trd, 000151.650, 170
Trd, 000152.533, 155
Trd, 000155.300, 174
Trd, 000156.100, 171
Trd, 000157.117, 184
Trd, 000157.183, 175
Trd, 000157.933, 160
Trd, 000158.133, 163
Trd, 000158.883, 149
Trd, 000160.550, 149
Trd, 000161.117, 189
Trd, 000161.350, 177
Trd, 000162.733, 168
Trd, 000163.800, 155
Trd, 000164.750, 149
Trd, 000166.533, 149
Trd, 000166.700, 142
Trd, 000167.833, 166
Trd, 000168.067, 178
Trd, 000169.550, 155
Trd, 000171.150, 183
Trd, 000172.533, 161
Trd, 000173.617, 165
Trd, 000176.083, 199
Trd, 000177.667, 184
Trd, 000180.150, 168
Trd, 000181.200, 170
Trd, 000182.533, 148
Trd, 000182.650, 190
Trd, 000182.700, 146
Trd, 000183.833, 166
Trd, 000186.867, 168
Trd, 000186.933, 148
Trd, 000187.300, 161
Trd, 000187.650, 183
Trd, 000187.667, 163
Trd, 000188.450, 155
Trd, 000189.433, 168
Trd, 000191.400, 140
Trd, 000191.650, 185
Trd, 000193.167, 159
Trd, 000193.850, 169
Trd, 000193.900, 168
Trd, 000196.300, 181
Trd, 000196.500, 184
Trd, 000197.550, 164
Trd, 000199.517, 139
Trd, 000199.783, 169
Trd, 000201.883, 154
Trd, 000201.983, 166
Trd, 000202.117, 172
Trd, 000203.100, 169
Trd, 000206.133, 138
Trd, 000206.550, 153
Trd, 000210.233, 169
Trd, 000210.633, 154
Trd, 000211.167, 116
Trd, 000211.967, 193
Trd, 000212.417, 161
Trd, 000214.050, 154
Trd, 000214.600, 168
Trd, 000216.183, 119
Trd, 000216.367, 151
Trd, 000217.133, 196
Trd, 000217.967, 189
Trd, 000219.750, 158
Trd, 000220.783, 190
Trd, 000221.133, 123
Trd, 000223.883, 192
Trd, 000225.283, 163
Trd, 000225.550, 151
Trd, 000225.617, 185
Trd, 000226.800, 147
Trd, 000227.233, 150
Trd, 000228.150, 143
Trd, 000228.783, 170
Trd, 000230.150, 147
Trd, 000231.200, 114
Trd, 000231.417, 180
Trd, 000232.033, 142
Trd, 000234.800, 167
Trd, 000235.567, 173
Trd, 000236.167, 140
Trd, 000237.133, 155
Trd, 000238.817, 161
Trd, 000240.717, 169
Trd, 000241.317, 156
Trd, 000241.567, 178
Trd, 000241.600, 152
Trd, 000241.867, 146
Trd, 000242.850, 188
Trd, 000246.500, 150
Trd, 000247.200, 178
Trd, 000247.717, 192
Trd, 000251.183, 155
Trd, 000251.700, 161
Trd, 000252.033, 150
Trd, 000252.833, 162
Trd, 000255.133, 154
Trd, 000256.567, 199
Trd, 000257.517, 184
Trd, 000258.483, 157
Trd, 000259.100, 165
Trd, 000260.333, 158
Trd, 000261.883, 166
Trd, 000261.900, 160
Trd, 000263.150, 156
Trd, 000264.033, 156
Trd, 000265.600, 170
Trd, 000265.867, 158
Trd, 000266.433, 148
Trd, 000268.000, 189
Trd, 000268.783, 167
Trd, 000269.550, 162
Trd, 000271.733, 193
Trd, 000272.250, 162
Trd, 000273.100, 194
Trd, 000277.050, 144
Trd, 000277.400, 141
Trd, 000278.100, 168
Trd, 000279.833, 172
Trd, 000280.283, 165
Trd, 000281.150, 173
Trd, 000282.300, 149
Trd, 000282.467, 151
Trd, 000282.717, 155
Trd, 000283.433, 190
Trd, 000284.150, 167
Trd, 000286.617, 162
Trd, 000286.667, 152
Trd, 000288.417, 156
Trd, 000289.133, 177
Trd, 000291.850, 138
Trd, 000293.317, 185
Trd, 000294.000, 153
Trd, 000294.983, 145
Trd, 000295.950, 156
Trd, 000296.683, 141
Trd, 000297.000, 130
Trd, 000298.617, 170
Trd, 000299.700, 165
