Trd, 000005.350, 138
Trd, 000005.850, 144
Trd, 000006.450, 144
Trd, 000006.567, 165
Trd, 000007.000, 138
Trd, 000007.050, 158
Trd, 000007.483, 166
Trd, 000009.133, 158
Trd, 000010.350, 171
Trd, 000011.483, 152
Trd, 000012.450, 163
Trd, 000012.683, 162
Trd, 000013.133, 156
Trd, 000013.950, 165
Trd, 000015.000, 160
Trd, 000015.533, 148
Trd, 000015.650, 135
Trd, 000015.733, 135
Trd, 000018.133, 176
Trd, 000020.350, 189
Trd, 000021.650, 168
Trd, 000021.717, 165
Trd, 000022.717, 165
Trd, 000023.800, 158
Trd, 000024.150, 157
Trd, 000025.433, 123
Trd, 000026.617, 152
Trd, 000027.117, 151
Trd, 000027.600, 138
Trd, 000027.750, 134
Trd, 000029.417, 151
Trd, 000030.667, 159
Trd, 000030.950, 157
Trd, 000031.100, 162
Trd, 000032.650, 153
Trd, 000032.983, 162
Trd, 000033.400, 137
Trd, 000034.233, 143
Trd, 000035.700, 145
Trd, 000036.183, 192
Trd, 000036.217, 136
Trd, 000037.850, 159
Trd, 000038.400, 157
Trd, 000039.483, 160
Trd, 000041.267, 163
Trd, 000041.383, 164
Trd, 000042.150, 156
Trd, 000043.400, 171
Trd, 000044.283, 155
Trd, 000044.300, 173
Trd, 000045.650, 156
Trd, 000045.850, 169
Trd, 000046.367, 172
Trd, 000049.850, 155
Trd, 000050.733, 147
Trd, 000050.783, 140
Trd, 000051.450, 158
Trd, 000051.983, 160
Trd, 000052.150, 169
Trd, 000054.500, 146
Trd, 000056.833, 173
Trd, 000056.950, 161
Trd, 000057.000, 146
Trd, 000059.100, 158
Trd, 000059.717, 151
Trd, 000060.200, 151
Trd, 000060.783, 150
Trd, 000061.733, 160
Trd, 000062.783, 165
Trd, 000065.350, 157
Trd, 000065.517, 158
Trd, 000065.750, 153
Trd, 000067.133, 159
Trd, 000068.450, 172
Trd, 000069.517, 167
Trd, 000069.950, 166
Trd, 000071.100, 168
Trd, 000071.917, 175
Trd, 000072.650, 161
Trd, 000073.783, 149
Trd, 000073.917, 140
Trd, 000075.983, 156
Trd, 000076.883, 186
Trd, 000077.700, 169
Trd, 000077.800, 165
Trd, 000079.117, 153
Trd, 000079.367, 158
Trd, 000081.417, 133
Trd, 000081.850, 158
Trd, 000082.400, 151
Trd, 000082.550, 169
Trd, 000082.900, 162
Trd, 000086.367, 173
Trd, 000086.900, 166
Trd, 000087.067, 158
Trd, 000089.633, 160
Trd, 000092.267, 171
Trd, 000093.083, 154
Trd, 000094.283, 166
Trd, 000095.183, 172
Trd, 000097.083, 163
Trd, 000097.900, 153
Trd, 000098.200, 155
Trd, 000098.800, 153
Trd, 000098.983, 168
Trd, 000101.117, 170
Trd, 000101.150, 149
Trd, 000101.517, 161
Trd, 000103.017, 145
Trd, 000103.717, 165
Trd, 000103.800, 157
Trd, 000105.900, 151
Trd, 000106.433, 163
Trd, 000107.583, 164
Trd, 000109.683, 160
Trd, 000109.783, 153
Trd, 000109.850, 151
Trd, 000111.483, 180
Trd, 000112.117, 152
Trd, 000112.317, 156
Trd, 000112.450, 145
Trd, 000114.417, 148
Trd, 000115.783, 145
Trd, 000117.000, 124
Trd, 000117.933, 166
Trd, 000119.017, 174
Trd, 000119.883, 169
Trd, 000120.367, 158
Trd, 000121.450, 158
Trd, 000121.517, 167
Trd, 000122.617, 147
Trd, 000123.567, 163
Trd, 000125.017, 158
Trd, 000125.333, 149
Trd, 000125.617, 164
Trd, 000125.950, 129
Trd, 000126.267, 153
Trd, 000127.583, 152
Trd, 000127.633, 183
Trd, 000128.300, 153
Trd, 000128.983, 148
Trd, 000129.017, 149
Trd, 000129.583, 169
Trd, 000131.383, 139
Trd, 000133.250, 170
Trd, 000133.283, 166
Trd, 000135.267, 172
Trd, 000136.533, 148
Trd, 000136.850, 183
Trd, 000138.250, 150
Trd, 000138.400, 146
Trd, 000140.917, 124
Trd, 000141.883, 161
Trd, 000143.233, 154
Trd, 000143.267, 151
Trd, 000143.883, 157
Trd, 000144.533, 174
Trd, 000146.750, 174
Trd, 000146.967, 157
Trd, 000147.000, 153
Trd, 000148.217, 160
Trd, 000149.650, 155
Trd, 000151.900, 172
Trd, 000151.983, 149
Trd, 000152.767, 169
Trd, 000153.500, 159
Trd, 000153.933, 160
Trd, 000154.067, 158
Trd, 000156.600, 172
Trd, 000158.150, 158
Trd, 000158.633, 171
Trd, 000159.750, 172
Trd, 000160.233, 156
Trd, 000160.533, 153
Trd, 000161.167, 155
Trd, 000161.350, 155
Trd, 000161.883, 159
Trd, 000162.250, 165
Trd, 000163.350, 146
Trd, 000164.000, 164
Trd, 000165.283, 168
Trd, 000166.167, 152
Trd, 000166.967, 158
Trd, 000168.283, 167
Trd, 000169.333, 167
Trd, 000169.583, 155
Trd, 000171.700, 165
Trd, 000172.500, 167
Trd, 000173.567, 172
Trd, 000175.133, 165
Trd, 000175.150, 160
Trd, 000175.267, 159
Trd, 000176.200, 123
Trd, 000176.433, 163
Trd, 000176.583, 150
Trd, 000176.933, 158
Trd, 000177.617, 157
Trd, 000180.317, 165
Trd, 000180.500, 156
Trd, 000181.533, 161
Trd, 000182.700, 160
Trd, 000182.800, 127
Trd, 000183.683, 145
Trd, 000184.350, 156
Trd, 000185.033, 155
Trd, 000185.667, 156
Trd, 000187.533, 162
Trd, 000187.767, 143
Trd, 000188.367, 161
Trd, 000191.550, 171
Trd, 000192.467, 160
Trd, 000192.583, 164
Trd, 000193.150, 138
Trd, 000193.967, 151
Trd, 000194.950, 137
Trd, 000195.367, 129
Trd, 000195.967, 177
Trd, 000196.333, 147
Trd, 000197.600, 128
Trd, 000198.250, 148
Trd, 000199.350, 158
Trd, 000200.667, 154
Trd, 000201.417, 164
Trd, 000202.767, 174
Trd, 000203.517, 167
Trd, 000204.283, 161
Trd, 000204.500, 144
Trd, 000206.300, 145
Trd, 000206.517, 119
Trd, 000207.100, 157
Trd, 000207.683, 176
Trd, 000212.217, 179
Trd, 000212.650, 179
Trd, 000212.700, 171
Trd, 000213.117, 157
Trd, 000213.550, 162
Trd, 000214.450, 149
Trd, 000216.450, 155
Trd, 000217.367, 165
Trd, 000217.600, 140
Trd, 000218.233, 140
Trd, 000220.317, 162
Trd, 000221.683, 147
Trd, 000222.217, 171
Trd, 000222.917, 167
Trd, 000224.633, 166
Trd, 000226.333, 160
Trd, 000226.600, 142
Trd, 000226.700, 142
Trd, 000229.417, 184
Trd, 000231.200, 141
Trd, 000231.517, 157
Trd, 000232.500, 173
Trd, 000234.450, 159
Trd, 000236.500, 149
Trd, 000237.200, 160
Trd, 000237.233, 150
Trd, 000238.467, 158
Trd, 000239.817, 175
Trd, 000239.950, 170
Trd, 000240.633, 159
Trd, 000241.450, 153
Trd, 000241.633, 158
Trd, 000242.467, 165
Trd, 000242.633, 176
Trd, 000243.567, 160
Trd, 000244.933, 157
Trd, 000245.233, 165
Trd, 000247.233, 135
Trd, 000247.300, 153
Trd, 000247.983, 154
Trd, 000249.833, 152
Trd, 000250.583, 160
Trd, 000250.633, 151
Trd, 000251.400, 176
Trd, 000252.517, 158
Trd, 000253.283, 150
Trd, 000254.267, 140
Trd, 000255.350, 162
Trd, 000256.683, 132
Trd, 000256.983, 138
Trd, 000257.783, 119
Trd, 000259.083, 164
Trd, 000259.467, 165
Trd, 000259.533, 155
Trd, 000259.900, 174
Trd, 000261.550, 149
Trd, 000261.833, 147
Trd, 000262.633, 165
Trd, 000262.717, 152
Trd, 000262.850, 151
Trd, 000263.250, 145
Trd, 000264.250, 152
Trd, 000265.933, 171
Trd, 000267.133, 171
Trd, 000267.783, 171
Trd, 000268.983, 171
Trd, 000269.467, 152
Trd, 000270.533, 172
Trd, 000270.683, 148
Trd, 000270.833, 133
Trd, 000272.083, 152
Trd, 000273.467, 150
Trd, 000274.217, 150
Trd, 000274.567, 157
Trd, 000276.117, 173
Trd, 000277.183, 135
Trd, 000277.800, 180
Trd, 000278.917, 166
Trd, 000280.817, 160
Trd, 000281.050, 141
Trd, 000282.033, 170
Trd, 000282.183, 155
Trd, 000282.917, 153
Trd, 000283.017, 135
Trd, 000283.217, 162
Trd, 000284.633, 156
Trd, 000285.050, 164
Trd, 000286.600, 127
Trd, 000286.700, 139
Trd, 000286.733, 158
Trd, 000286.983, 187
Trd, 000287.300, 148
Trd, 000287.683, 164
Trd, 000291.717, 174
Trd, 000291.833, 173
Trd, 000292.417, 168
Trd, 000292.667, 166
Trd, 000292.867, 166
Trd, 000293.167, 159
Trd, 000294.783, 178
Trd, 000297.767, 129
Trd, 000298.333, 164
Trd, 000298.850, 153
Trd, 000298.917, 147
