Trd, 000005.067, 156
Trd, 000005.367, 154
Trd, 000005.817, 144
Trd, 000006.150, 147
Trd, 000006.617, 140
Trd, 000006.833, 158
Trd, 000007.017, 150
Trd, 000007.683, 158
Trd, 000010.583, 172
Trd, 000010.650, 163
Trd, 000010.767, 179
Trd, 000011.833, 175
Trd, 000012.433, 138
Trd, 000012.767, 137
Trd, 000013.350, 126
Trd, 000013.467, 138
Trd, 000015.217, 129
Trd, 000015.367, 173
Trd, 000015.617, 178
Trd, 000017.100, 168
Trd, 000018.067, 153
Trd, 000018.817, 156
Trd, 000020.233, 179
Trd, 000020.300, 184
Trd, 000020.533, 178
Trd, 000021.133, 149
Trd, 000021.200, 175
Trd, 000021.233, 147
Trd, 000021.417, 155
Trd, 000021.567, 142
Trd, 000022.917, 152
Trd, 000023.333, 164
Trd, 000025.317, 196
Trd, 000025.450, 137
Trd, 000026.717, 162
Trd, 000029.183, 152
Trd, 000030.533, 193
Trd, 000030.667, 179
Trd, 000030.917, 139
Trd, 000031.167, 152
Trd, 000032.950, 170
Trd, 000033.317, 171
Trd, 000035.317, 188
Trd, 000036.000, 172
Trd, 000036.667, 184
Trd, 000037.217, 167
Trd, 000037.550, 168
Trd, 000038.083, 152
Trd, 000040.233, 189
Trd, 000041.233, 178
Trd, 000041.683, 163
Trd, 000041.867, 158
Trd, 000042.950, 161
Trd, 000044.733, 173
Trd, 000044.783, 166
Trd, 000045.600, 147
Trd, 000046.917, 176
Trd, 000047.333, 181
Trd, 000047.433, 179
Trd, 000049.017, 169
Trd, 000049.483, 157
Trd, 000050.750, 155
Trd, 000050.833, 141
Trd, 000051.000, 156
Trd, 000051.450, 171
Trd, 000051.500, 146
Trd, 000052.033, 176
Trd, 000052.367, 174
Trd, 000055.083, 155
Trd, 000055.783, 148
Trd, 000055.833, 162
Trd, 000056.017, 165
Trd, 000056.183, 140
Trd, 000056.383, 163
Trd, 000060.800, 188
Trd, 000061.167, 141
Trd, 000061.383, 146
Trd, 000061.533, 150
Trd, 000061.833, 159
Trd, 000063.383, 167
Trd, 000064.517, 151
Trd, 000065.550, 138
Trd, 000066.100, 172
Trd, 000066.150, 165
Trd, 000066.517, 137
Trd, 000067.183, 155
Trd, 000067.983, 167
Trd, 000068.717, 153
Trd, 000068.817, 173
Trd, 000070.267, 148
Trd, 000070.783, 161
Trd, 000071.583, 185
Trd, 000071.600, 181
Trd, 000071.650, 147
Trd, 000072.383, 145
Trd, 000073.550, 155
Trd, 000073.950, 155
Trd, 000074.700, 195
Trd, 000075.633, 122
Trd, 000075.883, 161
Trd, 000076.483, 173
Trd, 000076.667, 150
Trd, 000078.100, 138
Trd, 000078.517, 162
Trd, 000080.717, 142
Trd, 000080.733, 175
Trd, 000081.167, 130
Trd, 000082.467, 148
Trd, 000082.850, 145
Trd, 000083.683, 163
Trd, 000083.717, 150
Trd, 000084.150, 177
Trd, 000085.950, 171
Trd, 000086.017, 177
Trd, 000086.450, 169
Trd, 000086.833, 179
Trd, 000089.633, 166
Trd, 000089.650, 160
Trd, 000090.883, 185
Trd, 000092.033, 175
Trd, 000092.450, 172
Trd, 000092.983, 155
Trd, 000093.450, 155
Trd, 000095.100, 141
Trd, 000096.233, 139
Trd, 000096.400, 132
Trd, 000096.583, 148
Trd, 000096.767, 144
Trd, 000097.850, 169
Trd, 000098.733, 179
Trd, 000100.733, 187
Trd, 000100.750, 162
Trd, 000100.967, 140
Trd, 000101.083, 157
Trd, 000101.300, 157
Trd, 000101.683, 169
Trd, 000102.517, 159
Trd, 000102.617, 173
Trd, 000105.400, 159
Trd, 000105.733, 142
Trd, 000106.417, 170
Trd, 000106.517, 180
Trd, 000107.217, 163
Trd, 000108.450, 145
Trd, 000108.883, 145
Trd, 000110.017, 157
Trd, 000111.200, 153
Trd, 000111.333, 178
Trd, 000111.967, 169
Trd, 000113.000, 187
Trd, 000113.367, 159
Trd, 000114.067, 133
Trd, 000114.800, 178
Trd, 000116.183, 122
Trd, 000116.250, 176
Trd, 000116.883, 137
Trd, 000117.783, 175
Trd, 000119.283, 177
Trd, 000120.017, 177
Trd, 000120.300, 174
Trd, 000121.083, 150
Trd, 000121.217, 148
Trd, 000121.917, 173
Trd, 000123.117, 171
Trd, 000125.200, 179
Trd, 000126.250, 199
Trd, 000126.900, 167
Trd, 000126.933, 177
Trd, 000127.800, 158
Trd, 000128.433, 141
Trd, 000128.550, 166
Trd, 000128.917, 137
Trd, 000130.050, 176
Trd, 000130.100, 155
Trd, 000131.033, 165
Trd, 000131.667, 164
Trd, 000132.233, 167
Trd, 000134.617, 174
Trd, 000135.117, 154
Trd, 000135.533, 152
Trd, 000136.550, 139
Trd, 000136.833, 137
Trd, 000137.283, 146
Trd, 000137.500, 158
Trd, 000138.633, 172
Trd, 000140.850, 173
Trd, 000141.383, 189
Trd, 000141.450, 165
Trd, 000142.033, 173
Trd, 000143.983, 186
Trd, 000144.083, 182
Trd, 000144.300, 153
Trd, 000145.983, 160
Trd, 000146.900, 184
Trd, 000146.967, 184
Trd, 000150.650, 158
Trd, 000151.217, 182
Trd, 000151.583, 149
Trd, 000151.817, 168
Trd, 000154.033, 196
Trd, 000154.800, 153
Trd, 000156.683, 178
Trd, 000158.050, 183
Trd, 000159.067, 186
Trd, 000159.733, 173
Trd, 000160.067, 160
Trd, 000160.400, 147
Trd, 000161.300, 167
Trd, 000161.350, 139
Trd, 000161.550, 175
Trd, 000161.817, 168
Trd, 000162.217, 165
Trd, 000162.917, 151
Trd, 000163.767, 155
Trd, 000164.217, 172
Trd, 000165.083, 182
Trd, 000166.450, 145
Trd, 000166.633, 158
Trd, 000167.967, 177
Trd, 000170.717, 164
Trd, 000170.983, 107
Trd, 000171.150, 154
Trd, 000172.017, 173
Trd, 000172.350, 179
Trd, 000174.067, 160
Trd, 000174.833, 171
Trd, 000176.383, 152
Trd, 000176.467, 173
Trd, 000177.417, 191
Trd, 000178.983, 166
Trd, 000180.683, 149
Trd, 000182.833, 178
Trd, 000183.383, 171
Trd, 000183.517, 164
Trd, 000183.950, 180
Trd, 000186.250, 188
Trd, 000186.733, 173
Trd, 000187.067, 177
Trd, 000187.400, 162
Trd, 000189.717, 167
Trd, 000191.350, 197
Trd, 000191.633, 186
Trd, 000192.783, 154
Trd, 000193.000, 172
Trd, 000193.550, 151
Trd, 000194.067, 153
Trd, 000195.783, 171
Trd, 000196.767, 169
Trd, 000197.217, 175
Trd, 000197.600, 163
Trd, 000197.900, 180
Trd, 000199.067, 167
Trd, 000201.133, 137
Trd, 000201.450, 153
Trd, 000201.500, 182
Trd, 000201.783, 184
Trd, 000203.367, 150
Trd, 000203.733, 186
Trd, 000206.183, 120
Trd, 000206.533, 160
Trd, 000206.717, 141
Trd, 000207.817, 179
Trd, 000208.167, 178
Trd, 000208.517, 162
Trd, 000209.117, 153
Trd, 000211.450, 188
Trd, 000211.633, 176
Trd, 000211.850, 149
Trd, 000213.000, 177
Trd, 000213.150, 154
Trd, 000215.117, 153
Trd, 000215.850, 164
Trd, 000216.433, 184
Trd, 000216.617, 157
Trd, 000216.917, 158
Trd, 000217.200, 138
Trd, 000218.350, 151
Trd, 000219.517, 172
Trd, 000220.500, 150
Trd, 000220.917, 143
Trd, 000221.367, 175
Trd, 000222.750, 172
Trd, 000223.067, 154
Trd, 000223.517, 154
Trd, 000224.467, 172
Trd, 000226.417, 170
Trd, 000226.583, 170
Trd, 000227.733, 162
Trd, 000227.933, 150
Trd, 000228.217, 180
Trd, 000228.450, 186
Trd, 000231.283, 163
Trd, 000231.383, 156
Trd, 000231.650, 137
Trd, 000232.050, 172
Trd, 000232.250, 157
Trd, 000232.650, 186
Trd, 000234.867, 188
Trd, 000234.883, 187
Trd, 000236.017, 152
Trd, 000236.900, 145
Trd, 000238.283, 160
Trd, 000238.467, 170
Trd, 000238.717, 175
Trd, 000239.333, 155
Trd, 000239.783, 179
Trd, 000241.250, 176
Trd, 000241.617, 157
Trd, 000242.233, 156
Trd, 000243.317, 173
Trd, 000243.617, 157
Trd, 000243.933, 162
Trd, 000246.683, 162
Trd, 000246.733, 156
Trd, 000247.100, 155
Trd, 000247.183, 151
Trd, 000247.317, 163
Trd, 000249.233, 181
Trd, 000249.550, 155
Trd, 000251.600, 139
Trd, 000251.933, 186
Trd, 000252.150, 186
Trd, 000252.983, 174
Trd, 000253.383, 181
Trd, 000254.133, 159
Trd, 000256.533, 157
Trd, 000256.700, 182
Trd, 000257.167, 186
Trd, 000257.667, 172
Trd, 000257.683, 151
Trd, 000258.633, 172
Trd, 000260.500, 184
Trd, 000261.700, 174
Trd, 000261.733, 173
Trd, 000261.950, 176
Trd, 000262.333, 157
Trd, 000262.367, 149
Trd, 000263.950, 153
Trd, 000265.817, 160
Trd, 000266.617, 186
Trd, 000266.750, 173
Trd, 000266.767, 156
Trd, 000268.150, 141
Trd, 000268.283, 139
Trd, 000268.917, 167
Trd, 000269.400, 138
Trd, 000271.450, 125
Trd, 000271.750, 174
Trd, 000272.750, 176
Trd, 000272.833, 166
Trd, 000274.900, 194
Trd, 000275.633, 182
Trd, 000276.700, 187
Trd, 000277.267, 163
Trd, 000277.400, 151
Trd, 000277.967, 172
Trd, 000278.167, 168
Trd, 000281.733, 189
Trd, 000281.900, 145
Trd, 000282.017, 183
Trd, 000283.033, 178
Trd, 000285.050, 164
Trd, 000287.167, 138
Trd, 000287.483, 142
Trd, 000288.000, 156
Trd, 000288.550, 165
Trd, 000288.633, 175
Trd, 000288.667, 150
Trd, 000289.250, 142
Trd, 000289.517, 151
Trd, 000290.117, 188
Trd, 000291.667, 136
Trd, 000292.067, 186
Trd, 000292.400, 158
Trd, 000292.917, 184
Trd, 000294.833, 177
Trd, 000295.150, 173
Trd, 000296.083, 161
Trd, 000296.933, 183
Trd, 000297.450, 184
Trd, 000298.017, 172
Trd, 000298.983, 155
Trd, 000299.117, 167
