Trd, 000005.067, 165
Trd, 000005.283, 180
Trd, 000005.400, 164
Trd, 000005.517, 110
Trd, 000005.750, 137
Trd, 000005.917, 150
Trd, 000006.583, 135
Trd, 000009.850, 146
Trd, 000010.067, 191
Trd, 000010.367, 153
Trd, 000010.400, 163
Trd, 000011.667, 159
Trd, 000012.150, 173
Trd, 000013.733, 176
Trd, 000014.233, 148
Trd, 000014.617, 133
Trd, 000015.450, 141
Trd, 000015.533, 178
Trd, 000015.850, 152
Trd, 000016.217, 144
Trd, 000016.383, 147
Trd, 000016.900, 162
Trd, 000016.917, 164
Trd, 000019.317, 152
Trd, 000019.417, 145
Trd, 000019.967, 174
Trd, 000021.200, 149
Trd, 000021.300, 142
Trd, 000021.550, 135
Trd, 000022.067, 144
Trd, 000022.983, 147
Trd, 000023.083, 159
Trd, 000024.667, 142
Trd, 000025.633, 136
Trd, 000026.083, 164
Trd, 000026.383, 122
Trd, 000027.067, 152
Trd, 000028.117, 134
Trd, 000030.367, 151
Trd, 000030.617, 148
Trd, 000030.850, 150
Trd, 000031.000, 154
Trd, 000031.233, 139
Trd, 000033.233, 149
Trd, 000033.533, 153
Trd, 000033.717, 146
Trd, 000033.967, 162
Trd, 000034.300, 137
Trd, 000035.583, 145
Trd, 000036.117, 148
Trd, 000036.200, 166
Trd, 000036.233, 132
Trd, 000036.650, 167
Trd, 000037.500, 178
Trd, 000037.667, 173
Trd, 000040.067, 164
Trd, 000040.867, 183
Trd, 000041.083, 173
Trd, 000041.317, 164
Trd, 000042.217, 164
Trd, 000043.000, 173
Trd, 000043.283, 147
Trd, 000044.000, 137
Trd, 000044.967, 151
Trd, 000045.700, 175
Trd, 000045.933, 168
Trd, 000046.117, 127
Trd, 000046.650, 137
Trd, 000048.000, 151
Trd, 000048.083, 149
Trd, 000048.267, 144
Trd, 000049.433, 146
Trd, 000050.583, 188
Trd, 000050.833, 144
Trd, 000051.433, 145
Trd, 000052.433, 157
Trd, 000052.767, 158
Trd, 000053.233, 156
Trd, 000053.383, 150
Trd, 000055.017, 143
Trd, 000055.683, 156
Trd, 000055.900, 135
Trd, 000056.383, 137
Trd, 000056.617, 147
Trd, 000056.783, 150
Trd, 000056.983, 134
Trd, 000057.467, 137
Trd, 000059.950, 174
Trd, 000060.733, 135
Trd, 000060.850, 135
Trd, 000061.617, 167
Trd, 000061.783, 156
Trd, 000062.683, 160
Trd, 000063.483, 150
Trd, 000063.733, 148
Trd, 000064.017, 170
Trd, 000065.533, 172
Trd, 000065.583, 147
Trd, 000066.600, 149
Trd, 000066.667, 159
Trd, 000066.850, 150
Trd, 000067.350, 148
Trd, 000067.500, 136
Trd, 000068.383, 164
Trd, 000070.233, 149
Trd, 000070.533, 170
Trd, 000071.683, 150
Trd, 000072.083, 132
Trd, 000072.917, 144
Trd, 000073.250, 141
Trd, 000073.317, 181
Trd, 000073.567, 127
Trd, 000074.317, 159
Trd, 000075.667, 149
Trd, 000076.717, 173
Trd, 000077.100, 181
Trd, 000077.317, 139
Trd, 000078.417, 141
Trd, 000078.583, 140
Trd, 000079.117, 161
Trd, 000080.700, 144
Trd, 000080.900, 132
Trd, 000081.200, 143
Trd, 000081.733, 156
Trd, 000082.467, 166
Trd, 000083.250, 128
Trd, 000084.133, 141
Trd, 000084.650, 143
Trd, 000084.983, 144
Trd, 000085.617, 167
Trd, 000086.033, 156
Trd, 000086.117, 148
Trd, 000086.317, 166
Trd, 000086.800, 161
Trd, 000087.133, 150
Trd, 000087.367, 164
Trd, 000088.033, 140
Trd, 000088.683, 136
Trd, 000090.683, 117
Trd, 000090.750, 137
Trd, 000090.917, 162
Trd, 000091.267, 161
Trd, 000091.883, 158
Trd, 000092.267, 167
Trd, 000092.950, 163
Trd, 000093.367, 153
Trd, 000094.817, 144
Trd, 000095.767, 132
Trd, 000096.417, 153
Trd, 000097.050, 174
Trd, 000097.500, 138
Trd, 000098.867, 148
Trd, 000099.767, 169
Trd, 000100.200, 179
Trd, 000100.600, 160
Trd, 000101.017, 151
Trd, 000101.033, 166
Trd, 000101.200, 152
Trd, 000101.350, 146
Trd, 000102.083, 144
Trd, 000102.217, 153
Trd, 000102.500, 132
Trd, 000102.917, 138
Trd, 000106.233, 139
Trd, 000106.583, 166
Trd, 000106.633, 147
Trd, 000107.217, 142
Trd, 000107.750, 167
Trd, 000108.650, 157
Trd, 000109.083, 155
Trd, 000109.950, 144
Trd, 000111.267, 147
Trd, 000111.417, 138
Trd, 000111.867, 149
Trd, 000112.817, 169
Trd, 000113.450, 140
Trd, 000113.483, 139
Trd, 000113.550, 133
Trd, 000115.750, 151
Trd, 000116.233, 157
Trd, 000116.750, 141
Trd, 000117.167, 163
Trd, 000117.850, 174
Trd, 000118.017, 161
Trd, 000120.733, 161
Trd, 000121.300, 158
Trd, 000121.717, 132
Trd, 000123.017, 132
Trd, 000123.400, 135
Trd, 000123.417, 138
Trd, 000124.717, 154
Trd, 000125.467, 144
Trd, 000126.183, 183
Trd, 000126.650, 143
Trd, 000127.017, 167
Trd, 000127.183, 170
Trd, 000128.567, 170
Trd, 000129.783, 154
Trd, 000130.900, 118
Trd, 000131.017, 110
Trd, 000132.100, 163
Trd, 000132.500, 158
Trd, 000132.650, 164
Trd, 000133.033, 157
Trd, 000133.917, 154
Trd, 000134.967, 147
Trd, 000136.017, 110
Trd, 000136.583, 124
Trd, 000136.700, 142
Trd, 000136.817, 149
Trd, 000137.550, 156
Trd, 000138.450, 156
Trd, 000140.217, 160
Trd, 000141.133, 140
Trd, 000141.533, 140
Trd, 000141.800, 145
Trd, 000142.233, 165
Trd, 000143.150, 161
Trd, 000144.650, 152
Trd, 000145.900, 117
Trd, 000146.150, 182
Trd, 000146.467, 149
Trd, 000147.400, 152
Trd, 000147.650, 137
Trd, 000149.533, 182
Trd, 000150.800, 141
Trd, 000151.117, 184
Trd, 000151.183, 167
Trd, 000151.217, 149
Trd, 000152.317, 154
Trd, 000152.817, 157
Trd, 000154.583, 161
Trd, 000154.933, 140
Trd, 000156.450, 163
Trd, 000156.750, 175
Trd, 000156.983, 144
Trd, 000157.150, 170
Trd, 000157.650, 134
Trd, 000158.050, 137
Trd, 000158.650, 139
Trd, 000161.133, 177
Trd, 000161.367, 168
Trd, 000161.650, 170
Trd, 000162.583, 147
Trd, 000162.900, 164
Trd, 000164.083, 164
Trd, 000164.983, 132
Trd, 000165.533, 153
Trd, 000166.100, 175
Trd, 000166.400, 171
Trd, 000166.450, 146
Trd, 000166.967, 151
Trd, 000167.250, 177
Trd, 000167.500, 140
Trd, 000168.817, 171
Trd, 000169.817, 135
Trd, 000170.500, 153
Trd, 000170.717, 138
Trd, 000171.500, 140
Trd, 000171.917, 148
Trd, 000172.633, 145
Trd, 000173.967, 147
Trd, 000174.183, 150
Trd, 000174.383, 145
Trd, 000175.850, 126
Trd, 000175.933, 163
Trd, 000176.350, 126
Trd, 000176.600, 147
Trd, 000176.850, 151
Trd, 000177.817, 159
Trd, 000178.067, 169
Trd, 000178.783, 173
Trd, 000179.000, 131
Trd, 000181.650, 143
Trd, 000181.900, 168
Trd, 000182.783, 161
Trd, 000182.800, 150
Trd, 000183.150, 167
Trd, 000183.283, 167
Trd, 000183.900, 146
Trd, 000185.417, 156
Trd, 000185.833, 141
Trd, 000186.183, 145
Trd, 000187.033, 163
Trd, 000187.317, 134
Trd, 000189.200, 172
Trd, 000189.583, 146
Trd, 000190.917, 162
Trd, 000191.833, 171
Trd, 000192.883, 176
Trd, 000193.667, 159
Trd, 000195.383, 142
Trd, 000195.483, 156
Trd, 000196.300, 170
Trd, 000196.667, 139
Trd, 000196.717, 144
Trd, 000197.083, 134
Trd, 000197.700, 135
Trd, 000197.883, 157
Trd, 000198.567, 144
Trd, 000198.650, 164
Trd, 000199.683, 149
Trd, 000201.767, 153
Trd, 000201.867, 180
Trd, 000202.400, 144
Trd, 000203.000, 148
Trd, 000203.033, 165
Trd, 000204.333, 145
Trd, 000204.983, 143
Trd, 000205.483, 158
Trd, 000206.433, 174
Trd, 000206.617, 168
Trd, 000207.167, 180
Trd, 000207.317, 150
Trd, 000207.600, 132
Trd, 000209.383, 160
Trd, 000211.817, 162
Trd, 000212.000, 156
Trd, 000212.067, 156
Trd, 000212.350, 153
Trd, 000212.617, 145
Trd, 000214.467, 148
Trd, 000216.367, 128
Trd, 000216.550, 151
Trd, 000216.567, 179
Trd, 000216.933, 158
Trd, 000217.417, 151
Trd, 000217.883, 149
Trd, 000218.167, 142
Trd, 000220.617, 132
Trd, 000222.217, 133
Trd, 000222.400, 144
Trd, 000223.233, 142
Trd, 000224.383, 163
Trd, 000224.417, 147
Trd, 000225.233, 161
Trd, 000225.633, 151
Trd, 000226.200, 169
Trd, 000226.533, 163
Trd, 000226.550, 167
Trd, 000226.667, 142
Trd, 000226.950, 179
Trd, 000228.167, 173
Trd, 000229.967, 133
Trd, 000230.133, 129
Trd, 000230.217, 136
Trd, 000231.183, 146
Trd, 000231.317, 157
Trd, 000232.367, 142
Trd, 000232.950, 140
Trd, 000234.217, 165
Trd, 000234.483, 145
Trd, 000235.817, 158
Trd, 000235.917, 157
Trd, 000236.850, 137
Trd, 000237.000, 171
Trd, 000237.300, 181
Trd, 000237.733, 130
Trd, 000239.000, 152
Trd, 000240.033, 132
Trd, 000240.483, 138
Trd, 000240.717, 183
Trd, 000241.317, 125
Trd, 000242.200, 168
Trd, 000242.650, 149
Trd, 000242.883, 149
Trd, 000243.650, 131
Trd, 000244.183, 149
Trd, 000246.317, 155
Trd, 000246.617, 161
Trd, 000247.717, 178
Trd, 000248.300, 168
Trd, 000248.817, 139
Trd, 000249.000, 146
Trd, 000249.617, 132
Trd, 000251.467, 152
Trd, 000251.700, 179
Trd, 000252.600, 149
Trd, 000255.233, 149
Trd, 000256.017, 152
Trd, 000257.017, 166
Trd, 000257.367, 174
Trd, 000257.450, 169
Trd, 000257.950, 178
Trd, 000258.067, 176
Trd, 000258.750, 135
Trd, 000258.933, 152
Trd, 000259.867, 146
Trd, 000260.067, 139
Trd, 000261.233, 178
Trd, 000261.400, 150
Trd, 000261.467, 142
Trd, 000262.450, 146
Trd, 000263.033, 166
Trd, 000263.317, 165
Trd, 000266.633, 184
Trd, 000266.650, 153
Trd, 000266.667, 137
Trd, 000267.150, 163
Trd, 000268.217, 168
Trd, 000269.133, 145
Trd, 000269.233, 144
Trd, 000269.867, 139
Trd, 000270.667, 167
Trd, 000271.400, 165
Trd, 000272.383, 158
Trd, 000272.867, 139
Trd, 000273.550, 152
Trd, 000275.150, 154
Trd, 000276.433, 143
Trd, 000276.817, 184
Trd, 000276.900, 175
Trd, 000277.183, 155
Trd, 000277.400, 162
Trd, 000278.617, 134
Trd, 000279.250, 145
Trd, 000279.450, 130
Trd, 000280.167, 152
Trd, 000281.467, 137
Trd, 000281.600, 145
Trd, 000281.733, 131
Trd, 000281.883, 154
Trd, 000282.583, 156
Trd, 000284.683, 146
Trd, 000285.367, 155
Trd, 000285.417, 151
Trd, 000286.633, 154
Trd, 000287.017, 153
Trd, 000287.550, 155
Trd, 000288.067, 146
Trd, 000288.300, 156
Trd, 000288.767, 156
Trd, 000289.033, 157
Trd, 000290.083, 156
Trd, 000290.950, 127
Trd, 000291.233, 168
Trd, 000291.700, 152
Trd, 000291.983, 170
Trd, 000292.167, 152
Trd, 000293.217, 139
Trd, 000293.467, 145
Trd, 000293.900, 143
Trd, 000294.417, 139
Trd, 000294.983, 145
Trd, 000296.683, 155
Trd, 000297.017, 139
Trd, 000297.517, 165
Trd, 000298.683, 166
Trd, 000299.083, 180
Trd, 000299.150, 128
Trd, 000299.817, 158
