Trd, 000005.167, 135
Trd, 000005.333, 155
Trd, 000005.750, 137
Trd, 000005.817, 129
Trd, 000006.167, 147
Trd, 000006.417, 129
Trd, 000006.867, 130
Trd, 000006.900, 144
Trd, 000007.367, 128
Trd, 000008.117, 127
Trd, 000009.300, 155
Trd, 000010.233, 154
Trd, 000010.267, 168
Trd, 000010.383, 133
Trd, 000011.050, 139
Trd, 000011.783, 154
Trd, 000012.067, 171
Trd, 000014.017, 162
Trd, 000014.317, 149
Trd, 000015.333, 156
Trd, 000015.417, 152
Trd, 000016.250, 177
Trd, 000016.767, 162
Trd, 000016.800, 176
Trd, 000019.100, 164
Trd, 000020.817, 147
Trd, 000021.367, 159
Trd, 000022.800, 167
Trd, 000023.933, 162
Trd, 000025.433, 169
Trd, 000025.850, 154
Trd, 000025.983, 134
Trd, 000026.400, 157
Trd, 000027.000, 140
Trd, 000027.717, 158
Trd, 000030.467, 109
Trd, 000031.483, 152
Trd, 000032.000, 137
Trd, 000033.733, 171
Trd, 000034.850, 168
Trd, 000037.867, 162
Trd, 000039.583, 177
Trd, 000040.850, 137
Trd, 000041.833, 133
Trd, 000042.783, 155
Trd, 000042.933, 164
Trd, 000045.467, 153
Trd, 000045.667, 150
Trd, 000047.867, 166
Trd, 000048.017, 162
Trd, 000048.800, 143
Trd, 000051.300, 166
Trd, 000052.683, 162
Trd, 000053.350, 161
Trd, 000054.717, 174
Trd, 000055.583, 118
Trd, 000055.867, 180
Trd, 000056.033, 162
Trd, 000056.267, 151
Trd, 000057.933, 155
Trd, 000058.450, 146
Trd, 000059.267, 181
Trd, 000062.183, 152
Trd, 000062.350, 170
Trd, 000063.533, 155
Trd, 000063.783, 176
Trd, 000065.033, 154
Trd, 000065.533, 193
Trd, 000066.033, 152
Trd, 000066.283, 168
Trd, 000068.683, 153
Trd, 000070.117, 171
Trd, 000070.617, 137
Trd, 000071.250, 117
Trd, 000071.617, 134
Trd, 000071.700, 147
Trd, 000073.267, 169
Trd, 000073.500, 153
Trd, 000075.633, 109
Trd, 000076.517, 150
Trd, 000077.033, 164
Trd, 000077.250, 162
Trd, 000078.217, 148
Trd, 000080.617, 166
Trd, 000081.367, 142
Trd, 000082.117, 147
Trd, 000082.533, 171
Trd, 000083.900, 171
Trd, 000084.100, 156
Trd, 000085.367, 155
Trd, 000085.750, 169
Trd, 000086.733, 167
Trd, 000087.000, 173
Trd, 000087.300, 174
Trd, 000088.500, 160
Trd, 000088.900, 150
Trd, 000089.817, 150
Trd, 000090.750, 139
Trd, 000091.167, 147
Trd, 000093.000, 155
Trd, 000095.183, 176
Trd, 000096.083, 128
Trd, 000096.283, 153
Trd, 000096.650, 154
Trd, 000096.883, 151
Trd, 000098.183, 149
Trd, 000098.617, 162
Trd, 000101.000, 156
Trd, 000101.983, 160
Trd, 000102.117, 158
Trd, 000103.167, 166
Trd, 000103.617, 166
Trd, 000104.467, 165
Trd, 000106.033, 127
Trd, 000106.183, 133
Trd, 000107.483, 181
Trd, 000108.267, 164
Trd, 000108.650, 157
Trd, 000111.583, 157
Trd, 000112.567, 180
Trd, 000116.967, 127
Trd, 000117.900, 178
Trd, 000118.717, 182
Trd, 000119.867, 169
Trd, 000120.083, 152
Trd, 000121.017, 184
Trd, 000121.300, 154
Trd, 000121.900, 159
Trd, 000122.283, 156
Trd, 000123.467, 161
Trd, 000123.500, 156
Trd, 000124.383, 154
Trd, 000125.817, 131
Trd, 000127.217, 160
Trd, 000127.267, 174
Trd, 000127.917, 151
Trd, 000129.383, 157
Trd, 000129.433, 159
Trd, 000129.883, 155
Trd, 000130.983, 121
Trd, 000131.317, 134
Trd, 000132.433, 147
Trd, 000133.333, 145
Trd, 000134.000, 161
Trd, 000136.067, 144
Trd, 000136.950, 133
Trd, 000137.000, 153
Trd, 000137.917, 162
Trd, 000138.650, 173
Trd, 000138.950, 164
Trd, 000140.983, 108
Trd, 000141.367, 128
Trd, 000142.600, 168
Trd, 000142.667, 164
Trd, 000145.283, 165
Trd, 000146.900, 152
Trd, 000147.500, 155
Trd, 000147.517, 149
Trd, 000147.967, 134
Trd, 000148.567, 162
Trd, 000149.183, 144
Trd, 000150.983, 155
Trd, 000151.017, 163
Trd, 000152.350, 134
Trd, 000152.550, 128
Trd, 000153.200, 148
Trd, 000153.533, 148
Trd, 000153.750, 169
Trd, 000155.283, 139
Trd, 000156.450, 130
Trd, 000157.100, 129
Trd, 000157.117, 137
Trd, 000159.000, 175
Trd, 000159.150, 157
Trd, 000159.783, 156
Trd, 000160.500, 184
Trd, 000161.283, 174
Trd, 000161.967, 151
Trd, 000162.783, 170
Trd, 000165.217, 157
Trd, 000166.833, 139
Trd, 000166.900, 138
Trd, 000167.850, 143
Trd, 000168.017, 155
Trd, 000169.817, 152
Trd, 000170.283, 140
Trd, 000170.717, 139
Trd, 000171.217, 133
Trd, 000171.667, 176
Trd, 000171.733, 148
Trd, 000172.333, 170
Trd, 000172.533, 171
Trd, 000172.800, 144
Trd, 000174.333, 147
Trd, 000175.417, 151
Trd, 000176.417, 145
Trd, 000179.500, 172
Trd, 000179.817, 162
Trd, 000182.617, 169
Trd, 000182.633, 150
Trd, 000184.533, 148
Trd, 000184.733, 184
Trd, 000185.617, 146
Trd, 000186.483, 109
Trd, 000186.683, 129
Trd, 000186.983, 156
Trd, 000189.500, 167
Trd, 000189.750, 174
Trd, 000190.517, 163
Trd, 000191.450, 154
Trd, 000191.833, 150
Trd, 000193.133, 136
Trd, 000193.200, 162
Trd, 000194.083, 150
Trd, 000195.333, 176
Trd, 000196.267, 161
Trd, 000196.650, 195
Trd, 000196.867, 159
Trd, 000197.500, 174
Trd, 000197.617, 137
Trd, 000199.550, 150
Trd, 000201.367, 144
Trd, 000201.717, 152
Trd, 000202.350, 162
Trd, 000202.800, 154
Trd, 000203.967, 144
Trd, 000204.383, 181
Trd, 000204.533, 152
Trd, 000206.367, 141
Trd, 000207.100, 156
Trd, 000207.133, 139
Trd, 000207.517, 184
Trd, 000208.517, 152
Trd, 000209.800, 143
Trd, 000211.167, 106
Trd, 000211.450, 130
Trd, 000212.833, 156
Trd, 000213.200, 167
Trd, 000214.017, 158
Trd, 000214.383, 150
Trd, 000214.450, 146
Trd, 000214.683, 131
Trd, 000216.583, 152
Trd, 000217.067, 154
Trd, 000217.267, 153
Trd, 000217.450, 143
Trd, 000218.350, 157
Trd, 000218.550, 162
Trd, 000220.150, 154
Trd, 000222.367, 139
Trd, 000223.283, 151
Trd, 000223.433, 157
Trd, 000224.533, 174
Trd, 000225.533, 195
Trd, 000225.867, 170
Trd, 000226.617, 144
Trd, 000226.883, 138
Trd, 000227.983, 150
Trd, 000229.500, 157
Trd, 000230.617, 173
Trd, 000230.700, 144
Trd, 000231.150, 141
Trd, 000231.367, 136
Trd, 000232.083, 163
Trd, 000233.117, 160
Trd, 000235.900, 160
Trd, 000236.317, 142
Trd, 000236.767, 158
Trd, 000236.867, 137
Trd, 000237.383, 144
Trd, 000239.133, 138
Trd, 000240.200, 173
Trd, 000240.550, 154
Trd, 000242.633, 136
Trd, 000242.800, 144
Trd, 000245.200, 164
Trd, 000245.233, 160
Trd, 000245.317, 139
Trd, 000246.317, 164
Trd, 000246.733, 166
Trd, 000248.917, 162
Trd, 000249.117, 159
Trd, 000249.617, 155
Trd, 000251.917, 156
Trd, 000252.617, 149
Trd, 000252.900, 157
Trd, 000254.517, 171
Trd, 000255.333, 142
Trd, 000256.067, 186
Trd, 000256.267, 134
Trd, 000257.050, 157
Trd, 000257.267, 153
Trd, 000257.717, 163
Trd, 000257.783, 167
Trd, 000260.600, 156
Trd, 000261.783, 160
Trd, 000261.883, 131
Trd, 000262.150, 147
Trd, 000262.867, 140
Trd, 000262.967, 189
Trd, 000264.350, 168
Trd, 000264.717, 164
Trd, 000265.033, 172
Trd, 000265.133, 133
Trd, 000266.067, 158
Trd, 000266.500, 156
Trd, 000266.600, 131
Trd, 000267.667, 154
Trd, 000267.783, 158
Trd, 000271.050, 168
Trd, 000271.617, 142
Trd, 000272.283, 129
Trd, 000272.900, 116
Trd, 000273.267, 146
Trd, 000273.867, 170
Trd, 000275.567, 145
Trd, 000276.400, 120
Trd, 000277.517, 143
Trd, 000277.967, 136
Trd, 000278.700, 157
Trd, 000279.383, 144
Trd, 000282.333, 166
Trd, 000282.717, 157
Trd, 000284.267, 160
Trd, 000285.333, 167
Trd, 000286.783, 116
Trd, 000286.833, 145
Trd, 000287.033, 146
Trd, 000287.650, 148
Trd, 000288.517, 145
Trd, 000289.583, 180
Trd, 000289.783, 179
Trd, 000290.533, 152
Trd, 000291.717, 154
Trd, 000292.383, 151
Trd, 000292.533, 148
Trd, 000293.483, 163
Trd, 000294.200, 168
Trd, 000296.683, 127
Trd, 000296.950, 160
