Trd, 000005.450, 129
Trd, 000005.517, 128
Trd, 000005.533, 139
Trd, 000006.900, 162
Trd, 000007.000, 143
Trd, 000008.900, 165
Trd, 000009.650, 168
Trd, 000010.550, 126
Trd, 000010.850, 143
Trd, 000011.233, 161
Trd, 000013.600, 182
Trd, 000014.383, 154
Trd, 000015.833, 168
Trd, 000016.417, 167
Trd, 000017.550, 160
Trd, 000018.917, 142
Trd, 000020.583, 148
Trd, 000022.083, 176
Trd, 000022.100, 186
Trd, 000023.333, 176
Trd, 000023.550, 163
Trd, 000024.783, 146
Trd, 000025.483, 119
Trd, 000025.550, 134
Trd, 000025.983, 157
Trd, 000028.717, 132
Trd, 000029.550, 140
Trd, 000029.700, 148
Trd, 000029.950, 162
Trd, 000031.100, 186
Trd, 000031.133, 159
Trd, 000034.167, 153
Trd, 000034.850, 157
Trd, 000036.017, 151
Trd, 000037.000, 157
Trd, 000037.533, 163
Trd, 000037.617, 157
Trd, 000037.933, 161
Trd, 000039.683, 146
Trd, 000039.717, 147
Trd, 000040.400, 152
Trd, 000041.600, 149
Trd, 000041.817, 174
Trd, 000041.850, 147
Trd, 000042.033, 152
Trd, 000043.433, 151
Trd, 000043.900, 139
Trd, 000044.817, 154
Trd, 000045.317, 151
Trd, 000047.050, 160
Trd, 000047.650, 177
Trd, 000049.217, 153
Trd, 000049.317, 154
Trd, 000051.467, 147
Trd, 000051.633, 157
Trd, 000053.000, 154
Trd, 000056.583, 150
Trd, 000056.750, 153
Trd, 000057.150, 176
Trd, 000057.217, 150
Trd, 000059.117, 153
Trd, 000059.833, 147
Trd, 000060.933, 171
Trd, 000061.533, 141
Trd, 000061.950, 141
Trd, 000062.300, 150
Trd, 000062.600, 145
Trd, 000066.583, 151
Trd, 000067.150, 150
Trd, 000067.367, 150
Trd, 000068.383, 141
Trd, 000068.767, 172
Trd, 000070.000, 156
Trd, 000070.217, 174
Trd, 000071.750, 140
Trd, 000071.983, 146
Trd, 000074.833, 155
Trd, 000075.683, 123
Trd, 000076.667, 153
Trd, 000077.200, 150
Trd, 000079.383, 145
Trd, 000080.017, 149
Trd, 000080.667, 148
Trd, 000081.067, 139
Trd, 000081.217, 131
Trd, 000081.383, 163
Trd, 000081.633, 139
Trd, 000081.767, 155
Trd, 000082.383, 157
Trd, 000083.417, 164
Trd, 000083.933, 157
Trd, 000086.017, 131
Trd, 000086.367, 159
Trd, 000087.250, 154
Trd, 000087.317, 167
Trd, 000089.100, 167
Trd, 000089.317, 159
Trd, 000090.883, 182
Trd, 000091.600, 188
Trd, 000092.400, 145
Trd, 000092.867, 150
Trd, 000094.233, 157
Trd, 000095.283, 143
Trd, 000095.917, 171
Trd, 000097.083, 172
Trd, 000097.733, 147
Trd, 000099.283, 163
Trd, 000099.950, 163
Trd, 000101.200, 182
Trd, 000101.567, 174
Trd, 000103.233, 150
Trd, 000103.883, 177
Trd, 000104.233, 149
Trd, 000106.200, 163
Trd, 000106.267, 171
Trd, 000106.417, 133
Trd, 000106.917, 155
Trd, 000107.667, 176
Trd, 000107.833, 140
Trd, 000110.950, 153
Trd, 000111.717, 145
Trd, 000112.017, 156
Trd, 000113.067, 168
Trd, 000115.950, 160
Trd, 000116.167, 135
Trd, 000116.250, 147
Trd, 000117.000, 151
Trd, 000118.433, 153
Trd, 000120.900, 136
Trd, 000122.350, 172
Trd, 000122.550, 158
Trd, 000123.400, 170
Trd, 000123.750, 151
Trd, 000125.133, 162
Trd, 000125.483, 140
Trd, 000126.517, 182
Trd, 000126.967, 163
Trd, 000127.867, 154
Trd, 000130.217, 152
Trd, 000131.683, 169
Trd, 000132.017, 160
Trd, 000132.183, 176
Trd, 000133.850, 161
Trd, 000134.167, 152
Trd, 000136.133, 140
Trd, 000136.367, 175
Trd, 000139.417, 160
Trd, 000140.233, 150
Trd, 000141.567, 166
Trd, 000142.467, 164
Trd, 000143.150, 168
Trd, 000146.250, 155
Trd, 000146.617, 132
Trd, 000147.283, 154
Trd, 000149.833, 169
Trd, 000149.867, 169
Trd, 000150.000, 153
Trd, 000151.483, 164
Trd, 000152.533, 145
Trd, 000152.783, 159
Trd, 000156.033, 185
Trd, 000156.300, 161
Trd, 000157.183, 169
Trd, 000158.133, 146
Trd, 000158.583, 137
Trd, 000158.600, 145
Trd, 000161.467, 135
Trd, 000162.933, 178
Trd, 000163.667, 163
Trd, 000163.700, 162
Trd, 000164.900, 175
Trd, 000166.983, 165
Trd, 000167.200, 164
Trd, 000167.700, 150
Trd, 000167.717, 138
Trd, 000170.633, 161
Trd, 000172.500, 186
Trd, 000172.683, 177
Trd, 000173.000, 153
Trd, 000173.533, 151
Trd, 000173.817, 145
Trd, 000177.317, 156
Trd, 000177.733, 150
Trd, 000177.850, 142
Trd, 000178.033, 139
Trd, 000178.150, 162
Trd, 000180.167, 177
Trd, 000180.200, 147
Trd, 000180.600, 134
Trd, 000181.750, 171
Trd, 000182.033, 165
Trd, 000182.067, 146
Trd, 000183.950, 153
Trd, 000184.033, 139
Trd, 000185.650, 158
Trd, 000186.983, 162
Trd, 000187.100, 177
Trd, 000187.333, 146
Trd, 000187.550, 153
Trd, 000189.583, 155
Trd, 000190.250, 165
Trd, 000192.417, 130
Trd, 000192.600, 140
Trd, 000193.400, 148
Trd, 000194.450, 136
Trd, 000194.983, 138
Trd, 000195.067, 182
Trd, 000197.583, 159
Trd, 000197.633, 155
Trd, 000198.600, 173
Trd, 000199.067, 159
Trd, 000199.717, 165
Trd, 000202.367, 146
Trd, 000202.650, 144
Trd, 000202.967, 136
Trd, 000204.883, 194
Trd, 000205.450, 166
Trd, 000205.783, 174
Trd, 000206.283, 176
Trd, 000206.750, 165
Trd, 000207.117, 160
Trd, 000209.733, 146
Trd, 000211.800, 158
Trd, 000213.133, 145
Trd, 000213.200, 143
Trd, 000214.417, 151
Trd, 000216.633, 144
Trd, 000217.433, 182
Trd, 000217.717, 182
Trd, 000220.150, 149
Trd, 000221.300, 144
Trd, 000222.033, 144
Trd, 000222.167, 143
Trd, 000222.900, 152
Trd, 000223.667, 178
Trd, 000225.467, 162
Trd, 000226.683, 167
Trd, 000227.667, 148
Trd, 000229.250, 169
Trd, 000229.900, 178
Trd, 000229.933, 163
Trd, 000231.533, 153
Trd, 000232.617, 172
Trd, 000232.950, 141
Trd, 000233.333, 140
Trd, 000235.417, 165
Trd, 000236.800, 161
Trd, 000237.283, 152
Trd, 000237.883, 151
Trd, 000238.850, 169
Trd, 000239.033, 183
Trd, 000239.700, 155
Trd, 000242.000, 158
Trd, 000242.967, 159
Trd, 000243.400, 158
Trd, 000247.233, 148
Trd, 000248.083, 151
Trd, 000250.000, 157
Trd, 000250.100, 148
Trd, 000250.717, 148
Trd, 000251.733, 151
Trd, 000251.867, 140
Trd, 000251.883, 145
Trd, 000252.350, 154
Trd, 000253.150, 184
Trd, 000253.217, 155
Trd, 000256.667, 148
Trd, 000258.100, 181
Trd, 000258.133, 160
Trd, 000260.117, 163
Trd, 000260.383, 163
Trd, 000260.450, 136
Trd, 000262.783, 159
Trd, 000263.750, 165
Trd, 000264.350, 157
Trd, 000264.517, 179
Trd, 000266.733, 139
Trd, 000266.833, 152
Trd, 000267.417, 155
Trd, 000271.800, 151
Trd, 000272.067, 154
Trd, 000273.000, 150
Trd, 000273.717, 167
Trd, 000273.917, 144
Trd, 000276.017, 143
Trd, 000276.467, 171
Trd, 000277.000, 151
Trd, 000278.467, 157
Trd, 000279.683, 165
Trd, 000279.933, 161
Trd, 000280.917, 175
Trd, 000282.050, 150
Trd, 000282.767, 178
Trd, 000284.600, 179
Trd, 000284.750, 174
Trd, 000286.017, 150
Trd, 000287.133, 180
Trd, 000287.217, 170
Trd, 000289.533, 159
Trd, 000289.650, 156
Trd, 000290.183, 151
Trd, 000290.550, 148
Trd, 000290.650, 146
Trd, 000290.667, 135
Trd, 000290.883, 166
Trd, 000291.783, 127
Trd, 000292.250, 150
Trd, 000292.850, 150
Trd, 000293.000, 154
Trd, 000293.983, 167
Trd, 000294.333, 171
Trd, 000297.217, 146
Trd, 000297.417, 134
Trd, 000297.517, 145
Trd, 000297.817, 160
Trd, 000299.717, 156
