Trd, 000000.967, 124
Trd, 000002.600, 124
Trd, 000003.183, 116
Trd, 000003.983, 112
Trd, 000004.933, 137
Trd, 000004.967, 149
Trd, 000005.783, 150
Trd, 000006.217, 153
Trd, 000006.350, 140
Trd, 000006.583, 138
Trd, 000007.300, 138
Trd, 000007.650, 155
Trd, 000008.017, 148
Trd, 000008.067, 138
Trd, 000008.867, 131
Trd, 000009.217, 151
Trd, 000009.700, 129
Trd, 000009.767, 151
Trd, 000010.000, 129
Trd, 000010.417, 138
Trd, 000010.600, 148
Trd, 000010.800, 149
Trd, 000010.983, 137
Trd, 000011.417, 141
Trd, 000012.917, 156
Trd, 000013.600, 146
Trd, 000014.033, 159
Trd, 000014.617, 156
Trd, 000014.900, 146
Trd, 000015.167, 161
Trd, 000015.283, 142
Trd, 000016.167, 142
Trd, 000016.783, 154
Trd, 000016.983, 155
Trd, 000017.200, 150
Trd, 000017.517, 156
Trd, 000019.117, 149
Trd, 000019.417, 154
Trd, 000020.050, 155
Trd, 000020.117, 151
Trd, 000020.850, 150
Trd, 000021.900, 152
Trd, 000022.350, 152
Trd, 000023.367, 157
Trd, 000023.933, 156
Trd, 000024.050, 153
Trd, 000024.250, 153
Trd, 000024.367, 152
Trd, 000024.383, 155
Trd, 000024.650, 160
Trd, 000024.700, 145
Trd, 000024.917, 173
Trd, 000025.283, 144
Trd, 000026.750, 153
Trd, 000026.983, 161
Trd, 000027.067, 177
Trd, 000028.500, 154
Trd, 000028.817, 144
Trd, 000029.633, 154
Trd, 000029.933, 147
Trd, 000030.183, 146
Trd, 000030.217, 157
Trd, 000030.650, 147
Trd, 000031.767, 156
Trd, 000032.250, 148
Trd, 000032.533, 156
Trd, 000032.683, 158
Trd, 000033.267, 156
Trd, 000034.067, 156
Trd, 000034.333, 157
Trd, 000034.717, 158
Trd, 000034.783, 161
Trd, 000036.900, 159
Trd, 000036.917, 158
Trd, 000037.433, 153
Trd, 000037.767, 152
Trd, 000038.417, 147
Trd, 000038.583, 146
Trd, 000040.167, 153
Trd, 000040.733, 147
Trd, 000040.817, 140
Trd, 000040.867, 156
Trd, 000041.533, 157
Trd, 000042.283, 156
Trd, 000042.517, 157
Trd, 000042.583, 153
Trd, 000042.850, 159
Trd, 000044.417, 160
Trd, 000044.517, 149
Trd, 000044.783, 149
Trd, 000044.900, 159
Trd, 000045.933, 150
Trd, 000046.000, 156
Trd, 000046.967, 147
Trd, 000047.233, 146
Trd, 000048.067, 155
Trd, 000048.650, 160
Trd, 000049.067, 162
Trd, 000049.433, 151
Trd, 000049.667, 157
Trd, 000049.767, 162
Trd, 000050.883, 157
Trd, 000051.217, 160
Trd, 000051.917, 158
Trd, 000052.317, 158
Trd, 000052.517, 157
Trd, 000052.567, 156
Trd, 000052.600, 160
Trd, 000052.800, 154
Trd, 000053.000, 162
Trd, 000053.850, 151
Trd, 000054.450, 148
Trd, 000054.517, 142
Trd, 000054.600, 139
Trd, 000055.200, 162
Trd, 000055.600, 144
Trd, 000056.267, 152
Trd, 000056.533, 138
Trd, 000056.550, 162
Trd, 000056.783, 163
Trd, 000057.317, 139
Trd, 000058.800, 140
Trd, 000059.117, 142
Trd, 000059.917, 143
Trd, 000060.283, 150
Trd, 000060.850, 146
Trd, 000061.400, 155
Trd, 000061.450, 158
Trd, 000061.667, 148
Trd, 000061.767, 148
Trd, 000062.133, 148
Trd, 000062.367, 147
Trd, 000063.067, 161
Trd, 000063.450, 164
Trd, 000064.550, 166
Trd, 000064.567, 175
Trd, 000064.700, 164
Trd, 000064.817, 162
Trd, 000064.833, 161
Trd, 000065.883, 149
Trd, 000066.433, 164
Trd, 000066.850, 160
Trd, 000067.067, 166
Trd, 000067.467, 159
Trd, 000068.183, 159
Trd, 000068.367, 178
Trd, 000070.133, 160
Trd, 000071.083, 155
Trd, 000071.200, 151
Trd, 000071.567, 150
Trd, 000072.267, 156
Trd, 000072.650, 141
Trd, 000073.067, 133
Trd, 000073.617, 134
Trd, 000074.350, 150
Trd, 000074.517, 151
Trd, 000074.650, 152
Trd, 000075.217, 152
Trd, 000076.450, 156
Trd, 000076.750, 155
Trd, 000076.983, 162
Trd, 000077.217, 165
Trd, 000077.350, 180
Trd, 000077.733, 157
Trd, 000077.783, 182
Trd, 000077.983, 151
Trd, 000079.950, 154
Trd, 000080.117, 153
Trd, 000081.000, 153
Trd, 000081.117, 154
Trd, 000081.417, 155
Trd, 000081.667, 155
Trd, 000082.150, 163
Trd, 000082.817, 163
Trd, 000083.633, 160
Trd, 000084.367, 158
Trd, 000084.867, 159
Trd, 000084.917, 157
Trd, 000085.500, 152
Trd, 000085.917, 151
Trd, 000086.417, 150
Trd, 000086.517, 161
Trd, 000086.917, 152
Trd, 000087.433, 151
Trd, 000088.083, 159
Trd, 000088.767, 157
Trd, 000088.783, 152
Trd, 000089.717, 156
Trd, 000089.767, 160
Trd, 000090.417, 155
Trd, 000091.100, 150
Trd, 000091.317, 160
Trd, 000091.350, 161
Trd, 000091.650, 164
Trd, 000092.117, 146
Trd, 000092.617, 159
Trd, 000092.783, 182
Trd, 000093.850, 158
Trd, 000094.283, 168
Trd, 000095.083, 169
Trd, 000095.167, 168
Trd, 000096.100, 151
Trd, 000096.183, 150
Trd, 000097.617, 158
Trd, 000098.050, 163
Trd, 000098.650, 155
Trd, 000098.817, 164
Trd, 000098.883, 154
Trd, 000099.867, 163
Trd, 000100.250, 154
Trd, 000100.400, 164
Trd, 000100.433, 165
Trd, 000100.983, 165
Trd, 000101.467, 157
Trd, 000103.167, 165
Trd, 000103.783, 158
Trd, 000103.867, 168
Trd, 000104.283, 153
Trd, 000104.367, 182
Trd, 000104.833, 185
Trd, 000105.883, 190
Trd, 000106.417, 162
Trd, 000106.883, 167
Trd, 000108.300, 161
Trd, 000108.483, 167
Trd, 000108.783, 156
Trd, 000108.850, 168
Trd, 000109.217, 168
Trd, 000109.250, 165
Trd, 000109.333, 169
Trd, 000110.367, 190
Trd, 000111.033, 154
Trd, 000111.300, 174
Trd, 000111.667, 163
Trd, 000112.533, 154
Trd, 000113.483, 160
Trd, 000113.633, 166
Trd, 000113.650, 158
Trd, 000113.683, 157
Trd, 000113.733, 170
Trd, 000115.267, 157
Trd, 000115.833, 154
Trd, 000117.617, 157
Trd, 000117.800, 158
Trd, 000118.233, 153
Trd, 000118.467, 158
Trd, 000118.817, 158
Trd, 000119.033, 153
Trd, 000119.183, 167
Trd, 000119.517, 153
Trd, 000120.633, 153
Trd, 000121.317, 166
Trd, 000121.483, 154
Trd, 000121.800, 160
Trd, 000122.350, 161
Trd, 000122.533, 170
Trd, 000122.883, 176
Trd, 000122.933, 208
Trd, 000122.967, 210
Trd, 000123.200, 215
Trd, 000123.417, 255
Trd, 000123.767, 302
Trd, 000124.083, 303.0
Trd, 000124.233, 310.0
Trd, 000124.917, 259
Trd, 000125.867, 300.0
Trd, 000125.900, 324
Trd, 000126.267, 309
Trd, 000127.383, 334.0
Trd, 000128.333, 324.0
Trd, 000129.300, 332
Trd, 000129.317, 334.0
Trd, 000129.667, 337.0
Trd, 000129.767, 349
Trd, 000130.067, 335
Trd, 000130.800, 351
Trd, 000130.850, 335
Trd, 000131.083, 354.0
Trd, 000131.467, 355.0
Trd, 000131.650, 336
Trd, 000132.117, 351
Trd, 000132.600, 336
Trd, 000132.717, 335
Trd, 000133.533, 334
Trd, 000133.783, 351
Trd, 000134.283, 331
Trd, 000134.883, 331
Trd, 000135.017, 343
Trd, 000136.600, 336.0
Trd, 000137.533, 336.0
Trd, 000138.150, 334
Trd, 000139.150, 342
Trd, 000139.167, 335.0
Trd, 000139.183, 343
Trd, 000139.817, 343
Trd, 000140.050, 344
Trd, 000140.783, 355.0
Trd, 000141.717, 339
Trd, 000142.650, 348
Trd, 000143.283, 340
Trd, 000143.350, 352
Trd, 000143.967, 342
Trd, 000145.300, 343
Trd, 000145.567, 342
Trd, 000145.783, 341.0
Trd, 000145.867, 347
Trd, 000146.283, 342
Trd, 000146.633, 346
Trd, 000147.033, 347
Trd, 000147.117, 336.0
Trd, 000147.233, 355.0
Trd, 000147.367, 358
Trd, 000147.417, 372.0
Trd, 000147.533, 348
Trd, 000148.783, 354
Trd, 000148.817, 347
Trd, 000149.267, 341
Trd, 000149.900, 334.0
Trd, 000150.083, 327
Trd, 000150.183, 337
Trd, 000151.267, 352
Trd, 000151.717, 357
Trd, 000152.200, 355
Trd, 000153.800, 337
Trd, 000154.250, 353
Trd, 000154.383, 336
Trd, 000154.933, 336.0
Trd, 000156.500, 337.0
Trd, 000156.767, 353
Trd, 000156.900, 336.0
Trd, 000157.267, 335
Trd, 000158.167, 350
Trd, 000158.183, 334.0
Trd, 000158.517, 348
Trd, 000158.783, 351
Trd, 000159.267, 351
Trd, 000159.600, 337
Trd, 000160.117, 338
Trd, 000161.100, 348
Trd, 000161.183, 339
Trd, 000161.633, 340
Trd, 000162.317, 350
Trd, 000162.750, 342
Trd, 000163.917, 344
Trd, 000164.900, 345
Trd, 000165.333, 345
Trd, 000165.533, 344
Trd, 000165.633, 346
Trd, 000165.700, 358
Trd, 000165.933, 343
Trd, 000166.300, 344.0
Trd, 000166.800, 351
Trd, 000167.167, 343
Trd, 000167.717, 342
Trd, 000167.767, 343
Trd, 000168.100, 342
Trd, 000168.700, 341.0
Trd, 000169.050, 349
Trd, 000169.117, 350
Trd, 000170.233, 341.0
Trd, 000170.683, 340
Trd, 000170.933, 349
Trd, 000171.317, 349
Trd, 000171.983, 334.0
Trd, 000172.267, 324.0
Trd, 000172.783, 324
Trd, 000173.317, 337
Trd, 000173.883, 352.0
Trd, 000173.900, 324
Trd, 000174.300, 329
Trd, 000174.350, 346
Trd, 000174.783, 343
Trd, 000175.017, 354
Trd, 000176.600, 351
Trd, 000177.983, 349
Trd, 000178.217, 334.0
Trd, 000179.217, 350
Trd, 000179.267, 353
Trd, 000179.333, 335
Trd, 000179.517, 345
Trd, 000180.083, 334
Trd, 000180.717, 328
Trd, 000181.017, 344
Trd, 000181.183, 328
Trd, 000181.367, 334.0
Trd, 000182.133, 333
Trd, 000182.217, 327
Trd, 000182.483, 325
Trd, 000182.550, 323
Trd, 000182.950, 312
Trd, 000183.200, 311
Trd, 000183.217, 306.0
Trd, 000184.350, 303.0
Trd, 000185.217, 214
Trd, 000185.567, 200
Trd, 000185.950, 198
Trd, 000186.067, 205
Trd, 000186.617, 195
Trd, 000186.683, 190
Trd, 000186.950, 173
Trd, 000188.517, 172
Trd, 000188.583, 173
Trd, 000188.617, 174
Trd, 000189.367, 176
Trd, 000189.533, 178
Trd, 000190.683, 180
Trd, 000190.700, 164
Trd, 000191.717, 169
Trd, 000192.967, 168
Trd, 000193.200, 173
Trd, 000193.367, 166
Trd, 000193.800, 173
Trd, 000194.100, 166
Trd, 000194.300, 171
Trd, 000194.583, 173
Trd, 000195.417, 165
Trd, 000195.517, 165
Trd, 000195.650, 171
Trd, 000196.883, 168
Trd, 000197.167, 167
Trd, 000197.417, 165
Trd, 000197.483, 173
Trd, 000197.550, 162
Trd, 000197.833, 175
Trd, 000199.917, 174
Trd, 000199.967, 195
Trd, 000200.133, 200
Trd, 000200.650, 164
Trd, 000201.350, 163
Trd, 000201.483, 163
Trd, 000201.700, 181
Trd, 000202.233, 164
Trd, 000203.617, 176
Trd, 000204.567, 177
Trd, 000204.583, 164
Trd, 000204.950, 176
Trd, 000205.383, 163
Trd, 000205.950, 175
Trd, 000205.983, 166
Trd, 000207.517, 176
Trd, 000208.067, 176
Trd, 000208.883, 169
Trd, 000209.367, 169
Trd, 000209.667, 164
Trd, 000210.450, 176
Trd, 000210.733, 165
Trd, 000210.967, 164
Trd, 000211.033, 176
Trd, 000212.300, 176
Trd, 000212.433, 174
Trd, 000212.667, 172
Trd, 000213.000, 176
Trd, 000213.317, 177
Trd, 000213.483, 172
Trd, 000214.117, 174
Trd, 000214.483, 176
Trd, 000215.300, 174
Trd, 000215.767, 171
Trd, 000215.800, 164
Trd, 000216.383, 178
Trd, 000218.033, 163
Trd, 000218.617, 178
Trd, 000218.767, 179
Trd, 000219.017, 168
Trd, 000219.883, 178
Trd, 000220.417, 166
Trd, 000220.967, 177
Trd, 000221.883, 177
Trd, 000222.767, 171
Trd, 000223.233, 177
Trd, 000223.633, 177
Trd, 000223.650, 178
Trd, 000224.267, 175
Trd, 000225.050, 176
Trd, 000225.233, 179
Trd, 000225.400, 173
Trd, 000225.467, 173
Trd, 000225.850, 173
Trd, 000226.550, 179
Trd, 000226.667, 180
Trd, 000228.083, 181
Trd, 000228.317, 194
Trd, 000228.600, 165
Trd, 000228.867, 183
Trd, 000229.167, 195
Trd, 000229.217, 158
Trd, 000230.017, 159
Trd, 000230.267, 169
Trd, 000231.167, 165
Trd, 000232.017, 188
Trd, 000232.067, 186
Trd, 000232.217, 191
Trd, 000233.250, 187
Trd, 000233.500, 185
Trd, 000234.883, 183
Trd, 000234.967, 170
Trd, 000235.200, 169
Trd, 000235.267, 178
Trd, 000236.017, 168
Trd, 000236.650, 175
Trd, 000237.467, 171
Trd, 000237.617, 167
Trd, 000237.783, 166
Trd, 000238.333, 159
Trd, 000239.050, 166
Trd, 000239.400, 172
Trd, 000240.350, 161
Trd, 000240.367, 170
Trd, 000240.917, 170
Trd, 000241.500, 169
Trd, 000241.583, 168
Trd, 000242.583, 170
Trd, 000243.083, 168
Trd, 000243.367, 169
Trd, 000243.533, 170
Trd, 000243.667, 177
Trd, 000243.900, 182
Trd, 000244.500, 172
Trd, 000244.817, 172
Trd, 000245.183, 173
Trd, 000245.250, 171
Trd, 000246.033, 169
Trd, 000246.167, 167
Trd, 000246.233, 165
Trd, 000246.417, 178
Trd, 000247.450, 169
Trd, 000247.967, 179
Trd, 000249.200, 174
Trd, 000249.400, 170
Trd, 000249.650, 172
Trd, 000250.183, 170
Trd, 000250.483, 175
Trd, 000250.717, 175
Trd, 000250.783, 176
Trd, 000250.817, 169
Trd, 000251.500, 168
Trd, 000252.133, 180
Trd, 000252.417, 172
Trd, 000253.600, 171
Trd, 000254.367, 173
Trd, 000254.383, 172
Trd, 000254.783, 171
Trd, 000255.083, 179
Trd, 000255.433, 183
Trd, 000256.033, 170
Trd, 000256.267, 177
Trd, 000256.967, 179
Trd, 000257.433, 176
Trd, 000257.517, 171
Trd, 000258.233, 179
Trd, 000258.333, 179
Trd, 000258.467, 177
Trd, 000258.850, 170
Trd, 000259.183, 169
Trd, 000259.917, 163
Trd, 000260.033, 176
Trd, 000261.450, 177
Trd, 000261.533, 171
Trd, 000262.483, 181
Trd, 000262.500, 173
Trd, 000263.000, 176
Trd, 000263.050, 172
Trd, 000263.117, 168
Trd, 000263.400, 183
Trd, 000265.417, 180
Trd, 000265.517, 181
Trd, 000265.733, 180
Trd, 000265.867, 182
Trd, 000265.883, 177
Trd, 000265.967, 194
Trd, 000266.367, 198
Trd, 000266.850, 177
Trd, 000266.950, 191
Trd, 000267.217, 169
Trd, 000267.250, 168
Trd, 000268.000, 202
Trd, 000268.250, 161
Trd, 000268.483, 188
Trd, 000269.383, 162
Trd, 000269.633, 189
Trd, 000269.917, 163
Trd, 000271.517, 179
Trd, 000271.717, 174
Trd, 000273.667, 175
Trd, 000274.000, 175
Trd, 000274.050, 177
Trd, 000274.350, 175
Trd, 000274.400, 173
Trd, 000274.767, 176
Trd, 000275.717, 179
Trd, 000275.817, 174
Trd, 000275.950, 172
Trd, 000276.133, 170
Trd, 000276.467, 176
Trd, 000276.783, 169
Trd, 000276.900, 164
Trd, 000276.950, 177
Trd, 000277.567, 178
Trd, 000277.967, 168
Trd, 000278.367, 179
Trd, 000279.350, 162
Trd, 000280.167, 175
Trd, 000280.683, 170
Trd, 000280.867, 169
Trd, 000281.783, 174
Trd, 000282.100, 174
Trd, 000282.467, 169
Trd, 000283.050, 167
Trd, 000283.150, 175
Trd, 000283.667, 175
Trd, 000284.867, 179
Trd, 000284.950, 183
Trd, 000285.867, 175
Trd, 000286.550, 177
Trd, 000286.883, 182
Trd, 000287.150, 182
Trd, 000287.450, 181
Trd, 000287.667, 183
Trd, 000287.967, 182
Trd, 000287.983, 177
Trd, 000288.000, 170
Trd, 000288.300, 187
Trd, 000288.783, 172
Trd, 000289.150, 196
Trd, 000289.433, 181
Trd, 000290.083, 196
Trd, 000290.233, 169
Trd, 000290.267, 168
Trd, 000290.817, 177
Trd, 000291.883, 184
Trd, 000292.183, 171
Trd, 000292.917, 176
Trd, 000293.083, 194
Trd, 000293.600, 189
Trd, 000293.933, 184
Trd, 000294.033, 187
Trd, 000294.200, 197
Trd, 000294.617, 179
Trd, 000294.767, 180
Trd, 000296.233, 174
Trd, 000297.400, 176
Trd, 000297.917, 174
Trd, 000298.033, 171
Trd, 000298.317, 163
Trd, 000299.117, 179
