Trd, 000002.400, 132
Trd, 000003.400, 126
Trd, 000003.867, 127
Trd, 000004.100, 134
Trd, 000005.200, 138
Trd, 000005.283, 138
Trd, 000005.617, 140
Trd, 000005.833, 144
Trd, 000006.017, 146
Trd, 000006.333, 162
Trd, 000007.183, 156
Trd, 000007.633, 145
Trd, 000009.067, 155
Trd, 000009.133, 156
Trd, 000009.183, 149
Trd, 000010.267, 157
Trd, 000010.650, 157
Trd, 000010.667, 156
Trd, 000010.967, 158
Trd, 000012.400, 155
Trd, 000013.917, 154
Trd, 000014.133, 156
Trd, 000015.333, 152
Trd, 000015.433, 153
Trd, 000015.467, 152
Trd, 000015.483, 149
Trd, 000015.950, 154
Trd, 000016.500, 161
Trd, 000016.850, 162
Trd, 000017.000, 163
Trd, 000017.900, 157
Trd, 000018.167, 165
Trd, 000018.983, 161
Trd, 000019.750, 161
Trd, 000020.267, 159
Trd, 000020.900, 158
Trd, 000021.100, 165
Trd, 000021.767, 157
Trd, 000021.800, 163
Trd, 000022.217, 166
Trd, 000022.933, 167
Trd, 000023.200, 157
Trd, 000024.350, 153
Trd, 000025.717, 156
Trd, 000025.750, 156
Trd, 000026.617, 156
Trd, 000026.883, 153
Trd, 000026.933, 156
Trd, 000026.967, 163
Trd, 000028.233, 159
Trd, 000028.417, 159
Trd, 000029.183, 158
Trd, 000029.600, 159
Trd, 000029.850, 155
Trd, 000030.033, 168
Trd, 000030.233, 171
Trd, 000030.883, 151
Trd, 000032.367, 154
Trd, 000033.233, 155
Trd, 000033.267, 154
Trd, 000034.150, 160
Trd, 000034.733, 160
Trd, 000035.033, 168
Trd, 000036.133, 163
Trd, 000036.600, 159
Trd, 000036.883, 158
Trd, 000036.950, 158
Trd, 000036.967, 159
Trd, 000037.183, 155
Trd, 000038.033, 154
Trd, 000038.183, 157
Trd, 000038.417, 163
Trd, 000039.133, 153
Trd, 000039.800, 169
Trd, 000041.200, 159
Trd, 000042.267, 161
Trd, 000042.417, 159
Trd, 000043.900, 156
Trd, 000044.467, 156
Trd, 000044.667, 157
Trd, 000044.900, 159
Trd, 000045.533, 155
Trd, 000046.083, 157
Trd, 000046.150, 153
Trd, 000048.083, 154
Trd, 000048.317, 154
Trd, 000048.567, 153
Trd, 000049.350, 154
Trd, 000049.533, 155
Trd, 000050.317, 150
Trd, 000050.717, 154
Trd, 000051.033, 155
Trd, 000052.100, 151
Trd, 000052.867, 154
Trd, 000053.850, 161
Trd, 000054.633, 167
Trd, 000054.950, 171
Trd, 000055.517, 159
Trd, 000055.883, 170
Trd, 000056.583, 160
Trd, 000057.933, 162
Trd, 000058.333, 167
Trd, 000059.700, 162
Trd, 000060.117, 163
Trd, 000060.200, 162
Trd, 000060.467, 163
Trd, 000060.867, 164
Trd, 000061.917, 163
Trd, 000063.017, 162
Trd, 000063.533, 161
Trd, 000064.200, 164
Trd, 000064.317, 166
Trd, 000064.333, 162
Trd, 000065.567, 163
Trd, 000066.233, 163
Trd, 000067.533, 163
Trd, 000068.483, 168
Trd, 000070.517, 167
Trd, 000070.617, 167
Trd, 000070.667, 165
Trd, 000071.133, 166
Trd, 000072.483, 166
Trd, 000072.683, 167
Trd, 000072.917, 168
Trd, 000072.983, 165
Trd, 000073.050, 169
Trd, 000073.967, 168
Trd, 000074.450, 164
Trd, 000075.283, 167
Trd, 000075.950, 162
Trd, 000076.783, 167
Trd, 000076.833, 167
Trd, 000077.567, 160
Trd, 000078.083, 162
Trd, 000078.400, 163
Trd, 000079.250, 160
Trd, 000080.383, 159
Trd, 000080.550, 159
Trd, 000080.700, 159
Trd, 000080.750, 156
Trd, 000081.983, 152
Trd, 000082.467, 169
Trd, 000082.833, 157
Trd, 000084.133, 162
Trd, 000085.600, 163
Trd, 000086.300, 161
Trd, 000086.900, 162
Trd, 000087.433, 171
Trd, 000088.400, 167
Trd, 000088.667, 173
Trd, 000088.867, 166
Trd, 000089.633, 164
Trd, 000089.900, 173
Trd, 000091.050, 163
Trd, 000091.150, 168
Trd, 000092.150, 161
Trd, 000092.567, 166
Trd, 000092.833, 158
Trd, 000093.650, 159
Trd, 000093.700, 157
Trd, 000094.133, 153
Trd, 000094.633, 153
Trd, 000095.083, 153
Trd, 000095.300, 154
Trd, 000095.717, 157
Trd, 000096.450, 154
Trd, 000097.050, 159
Trd, 000097.733, 166
Trd, 000098.633, 165
Trd, 000099.500, 166
Trd, 000101.533, 168
Trd, 000102.000, 167
Trd, 000103.417, 167
Trd, 000103.717, 165
Trd, 000103.733, 165
Trd, 000104.000, 165
Trd, 000104.800, 166
Trd, 000105.583, 164
Trd, 000106.267, 165
Trd, 000106.333, 165
Trd, 000106.600, 165
Trd, 000106.683, 161
Trd, 000106.817, 166
Trd, 000107.800, 173
Trd, 000108.317, 172
Trd, 000108.467, 173
Trd, 000108.600, 170
Trd, 000109.900, 161
Trd, 000110.000, 162
Trd, 000111.650, 167
Trd, 000112.100, 167
Trd, 000112.967, 167
Trd, 000113.450, 172
Trd, 000113.550, 173
Trd, 000113.867, 165
Trd, 000115.333, 163
Trd, 000115.500, 162
Trd, 000115.883, 161
Trd, 000116.150, 168
Trd, 000116.367, 160
Trd, 000116.933, 167
Trd, 000118.250, 177
Trd, 000120.150, 171
Trd, 000121.183, 170
Trd, 000121.683, 170
Trd, 000121.717, 174
Trd, 000122.033, 170
Trd, 000122.450, 169
Trd, 000123.200, 175
Trd, 000123.317, 187
Trd, 000123.333, 208
Trd, 000123.683, 259
Trd, 000124.283, 220
Trd, 000124.783, 281
Trd, 000125.083, 300.0
Trd, 000125.250, 306
Trd, 000125.700, 310.0
Trd, 000125.733, 317.0
Trd, 000125.783, 330
Trd, 000126.100, 340
Trd, 000126.250, 344
Trd, 000126.733, 344.0
Trd, 000127.433, 346
Trd, 000127.867, 326.0
Trd, 000127.900, 327.0
Trd, 000128.817, 349.0
Trd, 000130.350, 354
Trd, 000130.383, 352.0
Trd, 000130.583, 357
Trd, 000130.800, 353.0
Trd, 000132.483, 352
Trd, 000132.617, 353
Trd, 000132.917, 362
Trd, 000132.933, 365.0
Trd, 000134.200, 353
Trd, 000134.233, 351.0
Trd, 000134.667, 353
Trd, 000134.933, 350.0
Trd, 000136.900, 356
Trd, 000138.683, 357.0
Trd, 000139.400, 355.0
Trd, 000139.617, 357
Trd, 000139.667, 359
Trd, 000139.917, 352
Trd, 000142.083, 358
Trd, 000142.583, 357
Trd, 000142.683, 357
Trd, 000142.700, 358
Trd, 000143.533, 361
Trd, 000144.617, 358
Trd, 000146.217, 357
Trd, 000146.683, 361
Trd, 000147.250, 360
Trd, 000148.567, 360
Trd, 000149.867, 358
Trd, 000149.967, 358
Trd, 000150.700, 357
Trd, 000150.900, 355.0
Trd, 000151.967, 358
Trd, 000152.083, 354
Trd, 000154.300, 352
Trd, 000154.667, 355.0
Trd, 000154.867, 356
Trd, 000154.883, 351.0
Trd, 000154.917, 355
Trd, 000155.133, 357
Trd, 000155.750, 355
Trd, 000156.167, 351.0
Trd, 000156.567, 352
Trd, 000157.667, 355.0
Trd, 000158.400, 357
Trd, 000159.033, 362
Trd, 000160.583, 356
Trd, 000160.833, 355
Trd, 000161.633, 354
Trd, 000162.217, 354
Trd, 000162.233, 355
Trd, 000163.500, 355.0
Trd, 000163.833, 354
Trd, 000164.033, 351.0
Trd, 000164.100, 348
Trd, 000164.250, 344.0
Trd, 000164.750, 344.0
Trd, 000166.383, 343
Trd, 000166.400, 348
Trd, 000167.183, 349
Trd, 000167.500, 365.0
Trd, 000169.333, 359
Trd, 000169.683, 357
Trd, 000169.733, 353
Trd, 000169.800, 360
Trd, 000169.817, 348.0
Trd, 000170.383, 355
Trd, 000172.067, 350
Trd, 000172.083, 349.0
Trd, 000172.417, 327.0
Trd, 000172.600, 351
Trd, 000175.017, 342
Trd, 000175.350, 348
Trd, 000175.517, 362
Trd, 000176.000, 355
Trd, 000176.883, 347
Trd, 000177.033, 347
Trd, 000178.067, 351
Trd, 000179.650, 351.0
Trd, 000180.183, 350
Trd, 000180.350, 348
Trd, 000180.450, 355
Trd, 000181.567, 350.0
Trd, 000182.383, 348.0
Trd, 000182.467, 349
Trd, 000182.533, 344.0
Trd, 000182.733, 332
Trd, 000182.817, 331
Trd, 000183.017, 319
Trd, 000183.050, 343
Trd, 000183.067, 313
Trd, 000183.533, 327
Trd, 000183.633, 338
Trd, 000183.883, 313.0
Trd, 000184.100, 218
Trd, 000184.467, 173
Trd, 000184.483, 160
Trd, 000185.100, 166
Trd, 000186.233, 193
Trd, 000187.733, 187
Trd, 000188.750, 190
Trd, 000189.233, 189
Trd, 000189.333, 188
Trd, 000189.817, 187
Trd, 000191.000, 183
Trd, 000191.150, 184
Trd, 000191.217, 177
Trd, 000192.133, 176
Trd, 000192.333, 176
Trd, 000193.100, 185
Trd, 000193.167, 174
Trd, 000193.533, 185
Trd, 000194.033, 185
Trd, 000196.117, 177
Trd, 000197.483, 177
Trd, 000198.300, 176
Trd, 000198.700, 175
Trd, 000199.483, 170
Trd, 000199.550, 177
Trd, 000200.100, 179
Trd, 000200.300, 181
Trd, 000200.400, 182
Trd, 000201.500, 180
Trd, 000201.550, 177
Trd, 000201.667, 175
Trd, 000203.917, 178
Trd, 000204.300, 177
Trd, 000204.667, 177
Trd, 000205.483, 175
Trd, 000206.433, 176
Trd, 000206.683, 178
Trd, 000206.867, 181
Trd, 000207.067, 181
Trd, 000207.917, 176
Trd, 000208.467, 182
Trd, 000209.600, 182
Trd, 000209.717, 178
Trd, 000210.500, 183
Trd, 000210.717, 178
Trd, 000211.617, 182
Trd, 000211.983, 183
Trd, 000212.217, 184
Trd, 000213.283, 185
Trd, 000213.783, 185
Trd, 000214.650, 185
Trd, 000214.717, 186
Trd, 000214.750, 172
Trd, 000215.350, 177
Trd, 000215.500, 189
Trd, 000216.850, 186
Trd, 000218.233, 185
Trd, 000218.633, 186
Trd, 000218.650, 184
Trd, 000218.917, 184
Trd, 000219.267, 190
Trd, 000219.650, 192
Trd, 000220.500, 186
Trd, 000221.383, 187
Trd, 000221.667, 187
Trd, 000221.850, 186
Trd, 000223.467, 177
Trd, 000224.083, 181
Trd, 000224.283, 181
Trd, 000225.467, 178
Trd, 000226.133, 179
Trd, 000226.800, 179
Trd, 000226.817, 180
Trd, 000228.800, 179
Trd, 000229.900, 181
Trd, 000230.000, 182
Trd, 000230.867, 181
Trd, 000231.650, 180
Trd, 000231.917, 180
Trd, 000232.600, 178
Trd, 000232.800, 178
Trd, 000232.933, 174
Trd, 000233.517, 179
Trd, 000235.150, 183
Trd, 000235.917, 181
Trd, 000236.067, 182
Trd, 000236.533, 180
Trd, 000237.383, 181
Trd, 000237.817, 180
Trd, 000239.583, 179
Trd, 000239.817, 180
Trd, 000240.033, 179
Trd, 000240.333, 180
Trd, 000240.533, 179
Trd, 000240.750, 179
Trd, 000240.917, 178
Trd, 000241.050, 180
Trd, 000241.533, 181
Trd, 000242.050, 176
Trd, 000242.300, 175
Trd, 000243.433, 173
Trd, 000243.617, 175
Trd, 000243.867, 172
Trd, 000244.950, 173
Trd, 000245.117, 176
Trd, 000245.317, 177
Trd, 000245.367, 178
Trd, 000245.633, 182
Trd, 000246.167, 179
Trd, 000247.767, 187
Trd, 000248.283, 187
Trd, 000248.583, 185
Trd, 000248.933, 187
Trd, 000249.817, 187
Trd, 000250.550, 187
Trd, 000251.033, 186
Trd, 000251.150, 188
Trd, 000251.217, 192
Trd, 000251.333, 185
Trd, 000251.967, 188
Trd, 000252.267, 186
Trd, 000252.867, 186
Trd, 000253.317, 182
Trd, 000253.533, 181
Trd, 000253.750, 183
Trd, 000254.700, 181
Trd, 000254.750, 184
Trd, 000255.417, 180
Trd, 000255.567, 183
Trd, 000256.117, 181
Trd, 000256.317, 176
Trd, 000256.817, 176
Trd, 000257.767, 173
Trd, 000258.017, 174
Trd, 000258.033, 169
Trd, 000259.017, 170
Trd, 000259.567, 174
Trd, 000259.733, 170
Trd, 000260.583, 175
Trd, 000260.867, 175
Trd, 000261.300, 177
Trd, 000261.317, 174
Trd, 000261.533, 181
Trd, 000262.100, 178
Trd, 000262.450, 178
Trd, 000263.250, 175
Trd, 000263.483, 174
Trd, 000263.917, 175
Trd, 000264.350, 174
Trd, 000264.717, 174
Trd, 000265.033, 180
Trd, 000265.850, 182
Trd, 000266.333, 183
Trd, 000266.950, 188
Trd, 000267.083, 185
Trd, 000267.550, 179
Trd, 000267.983, 181
Trd, 000268.300, 179
Trd, 000268.483, 180
Trd, 000268.983, 180
Trd, 000269.633, 185
Trd, 000270.433, 183
Trd, 000270.483, 182
Trd, 000270.983, 184
Trd, 000271.500, 183
Trd, 000271.667, 182
Trd, 000272.333, 181
Trd, 000272.567, 179
Trd, 000272.883, 178
Trd, 000273.000, 175
Trd, 000273.583, 181
Trd, 000274.733, 181
Trd, 000274.783, 182
Trd, 000274.883, 180
Trd, 000274.917, 179
Trd, 000275.017, 183
Trd, 000275.517, 183
Trd, 000275.533, 189
Trd, 000277.383, 182
Trd, 000278.067, 182
Trd, 000278.183, 185
Trd, 000278.233, 181
Trd, 000278.867, 185
Trd, 000279.050, 187
Trd, 000279.333, 186
Trd, 000279.583, 183
Trd, 000280.550, 189
Trd, 000281.667, 187
Trd, 000281.683, 189
Trd, 000282.033, 188
Trd, 000282.400, 184
Trd, 000282.583, 188
Trd, 000283.300, 183
Trd, 000283.383, 188
Trd, 000284.533, 190
Trd, 000284.983, 193
Trd, 000285.200, 183
Trd, 000285.317, 182
Trd, 000285.400, 179
Trd, 000286.100, 181
Trd, 000286.650, 179
Trd, 000286.683, 179
Trd, 000286.883, 176
Trd, 000287.217, 181
Trd, 000287.433, 184
Trd, 000288.450, 177
Trd, 000288.483, 178
Trd, 000289.317, 177
Trd, 000290.033, 177
Trd, 000291.383, 177
Trd, 000291.450, 178
Trd, 000291.650, 178
Trd, 000291.917, 178
Trd, 000291.933, 180
Trd, 000292.933, 178
Trd, 000294.000, 177
Trd, 000294.533, 180
Trd, 000294.800, 182
Trd, 000295.250, 177
Trd, 000295.600, 179
Trd, 000295.683, 178
Trd, 000295.767, 176
Trd, 000296.100, 181
Trd, 000296.417, 173
Trd, 000296.933, 150
Trd, 000296.983, 181
Trd, 000297.217, 157
Trd, 000298.117, 192
Trd, 000298.983, 156
Trd, 000299.117, 157
Trd, 000299.467, 172
Trd, 000299.767, 168
Trd, 000299.783, 173
Trd, 000299.867, 174
Trd, 000299.950, 198
