Trd, 000000.933, 148
Trd, 000000.983, 172
Trd, 000001.733, 149
Trd, 000003.100, 137
Trd, 000003.200, 134
Trd, 000003.483, 151
Trd, 000004.350, 176
Trd, 000004.983, 176
Trd, 000005.233, 175
Trd, 000006.083, 168
Trd, 000006.683, 148
Trd, 000007.300, 144
Trd, 000007.667, 156
Trd, 000008.500, 161
Trd, 000009.200, 159
Trd, 000009.467, 161
Trd, 000009.867, 158
Trd, 000010.633, 161
Trd, 000011.883, 158
Trd, 000012.150, 149
Trd, 000012.633, 145
Trd, 000014.233, 155
Trd, 000014.550, 153
Trd, 000014.750, 155
Trd, 000014.850, 156
Trd, 000015.117, 141
Trd, 000015.200, 138
Trd, 000015.317, 173
Trd, 000015.500, 150
Trd, 000015.750, 135
Trd, 000018.317, 152
Trd, 000018.350, 159
Trd, 000018.400, 161
Trd, 000019.100, 151
Trd, 000019.850, 157
Trd, 000019.883, 157
Trd, 000020.117, 160
Trd, 000020.133, 154
Trd, 000021.450, 152
Trd, 000021.633, 153
Trd, 000022.100, 151
Trd, 000022.667, 156
Trd, 000022.800, 160
Trd, 000024.133, 144
Trd, 000024.200, 150
Trd, 000025.783, 160
Trd, 000026.300, 161
Trd, 000026.483, 162
Trd, 000027.267, 171
Trd, 000027.383, 171
Trd, 000027.517, 160
Trd, 000027.583, 160
Trd, 000027.700, 151
Trd, 000028.900, 170
Trd, 000029.417, 171
Trd, 000029.467, 172
Trd, 000030.167, 167
Trd, 000030.633, 168
Trd, 000030.700, 164
Trd, 000031.967, 147
Trd, 000032.133, 143
Trd, 000033.717, 160
Trd, 000033.750, 157
Trd, 000033.767, 147
Trd, 000033.950, 143
Trd, 000034.167, 155
Trd, 000035.250, 151
Trd, 000035.350, 160
Trd, 000036.383, 144
Trd, 000036.467, 161
Trd, 000036.717, 143
Trd, 000038.217, 167
Trd, 000038.383, 142
Trd, 000039.317, 162
Trd, 000040.950, 150
Trd, 000041.517, 149
Trd, 000041.867, 144
Trd, 000042.033, 152
Trd, 000042.783, 151
Trd, 000043.317, 149
Trd, 000043.333, 153
Trd, 000043.600, 147
Trd, 000044.767, 161
Trd, 000045.100, 162
Trd, 000045.750, 164
Trd, 000047.233, 153
Trd, 000047.417, 172
Trd, 000047.700, 155
Trd, 000048.000, 184
Trd, 000048.350, 157
Trd, 000049.583, 158
Trd, 000049.733, 156
Trd, 000050.483, 164
Trd, 000050.600, 150
Trd, 000052.050, 153
Trd, 000052.083, 151
Trd, 000052.883, 149
Trd, 000053.400, 156
Trd, 000054.133, 154
Trd, 000054.833, 156
Trd, 000055.517, 153
Trd, 000056.450, 153
Trd, 000056.917, 154
Trd, 000057.167, 150
Trd, 000057.317, 156
Trd, 000058.267, 163
Trd, 000058.700, 154
Trd, 000060.933, 159
Trd, 000060.967, 155
Trd, 000061.167, 155
Trd, 000061.217, 160
Trd, 000061.417, 162
Trd, 000062.267, 154
Trd, 000063.067, 154
Trd, 000063.383, 154
Trd, 000063.933, 153
Trd, 000064.167, 159
Trd, 000064.267, 159
Trd, 000065.583, 151
Trd, 000067.650, 157
Trd, 000068.500, 156
Trd, 000069.217, 158
Trd, 000069.367, 155
Trd, 000069.633, 165
Trd, 000069.883, 155
Trd, 000070.067, 154
Trd, 000070.467, 152
Trd, 000071.233, 169
Trd, 000071.267, 165
Trd, 000071.967, 167
Trd, 000072.617, 163
Trd, 000072.867, 162
Trd, 000073.717, 162
Trd, 000074.850, 148
Trd, 000075.133, 149
Trd, 000075.233, 150
Trd, 000075.283, 151
Trd, 000075.900, 147
Trd, 000076.483, 155
Trd, 000077.050, 155
Trd, 000077.333, 167
Trd, 000077.967, 157
Trd, 000079.833, 161
Trd, 000079.850, 159
Trd, 000079.950, 156
Trd, 000080.000, 162
Trd, 000080.683, 160
Trd, 000080.850, 161
Trd, 000081.050, 168
Trd, 000082.667, 162
Trd, 000083.317, 162
Trd, 000084.033, 159
Trd, 000084.500, 170
Trd, 000085.467, 156
Trd, 000085.900, 153
Trd, 000086.767, 154
Trd, 000087.100, 155
Trd, 000087.283, 152
Trd, 000087.783, 160
Trd, 000088.417, 164
Trd, 000088.867, 167
Trd, 000090.483, 164
Trd, 000090.567, 163
Trd, 000091.717, 163
Trd, 000091.767, 162
Trd, 000092.383, 161
Trd, 000092.533, 161
Trd, 000092.783, 158
Trd, 000093.483, 166
Trd, 000093.733, 154
Trd, 000094.100, 163
Trd, 000094.400, 152
Trd, 000095.133, 155
Trd, 000095.333, 151
Trd, 000095.583, 153
Trd, 000096.000, 157
Trd, 000096.183, 160
Trd, 000097.133, 168
Trd, 000099.467, 159
Trd, 000100.217, 169
Trd, 000100.783, 169
Trd, 000100.950, 161
Trd, 000101.017, 160
Trd, 000101.050, 158
Trd, 000101.900, 168
Trd, 000102.983, 163
Trd, 000103.200, 168
Trd, 000103.400, 160
Trd, 000104.533, 167
Trd, 000105.483, 159
Trd, 000105.517, 168
Trd, 000105.817, 187
Trd, 000105.883, 154
Trd, 000105.900, 153
Trd, 000106.150, 185
Trd, 000107.017, 166
Trd, 000107.767, 178
Trd, 000109.717, 168
Trd, 000110.133, 167
Trd, 000110.800, 166
Trd, 000111.050, 165
Trd, 000111.550, 166
Trd, 000111.583, 159
Trd, 000111.950, 155
Trd, 000113.517, 159
Trd, 000114.267, 161
Trd, 000114.733, 160
Trd, 000115.117, 161
Trd, 000115.800, 162
Trd, 000116.367, 160
Trd, 000116.417, 163
Trd, 000116.800, 159
Trd, 000116.950, 163
Trd, 000118.650, 161
Trd, 000118.950, 159
Trd, 000119.433, 159
Trd, 000120.133, 161
Trd, 000121.467, 162
Trd, 000122.167, 164
Trd, 000123.250, 180
Trd, 000123.383, 188
Trd, 000123.967, 208
Trd, 000124.100, 300.0
Trd, 000124.500, 320.0
Trd, 000125.300, 334.0
Trd, 000125.600, 348.0
Trd, 000125.900, 356
Trd, 000126.517, 344
Trd, 000126.533, 342
Trd, 000127.117, 348.0
Trd, 000127.883, 342
Trd, 000127.900, 347
Trd, 000129.067, 342
Trd, 000129.417, 351
Trd, 000132.067, 349
Trd, 000132.083, 347.0
Trd, 000133.200, 347.0
Trd, 000133.817, 344.0
Trd, 000134.083, 348.0
Trd, 000134.350, 346
Trd, 000134.367, 350.0
Trd, 000135.317, 345
Trd, 000135.750, 349
Trd, 000135.933, 343
Trd, 000136.650, 351.0
Trd, 000137.350, 343
Trd, 000137.450, 338.0
Trd, 000139.150, 358
Trd, 000141.450, 347
Trd, 000142.350, 346
Trd, 000142.517, 344.0
Trd, 000142.833, 344
Trd, 000143.000, 342
Trd, 000143.167, 343
Trd, 000143.183, 348.0
Trd, 000143.200, 358
Trd, 000143.967, 340
Trd, 000144.667, 348.0
Trd, 000145.217, 351.0
Trd, 000145.600, 342
Trd, 000145.783, 341
Trd, 000146.267, 340
Trd, 000146.767, 350
Trd, 000148.000, 366
Trd, 000149.400, 342
Trd, 000149.567, 336
Trd, 000150.300, 339.0
Trd, 000150.650, 338.0
Trd, 000150.683, 339
Trd, 000151.317, 339
Trd, 000151.950, 348.0
Trd, 000152.300, 345
Trd, 000152.867, 346
Trd, 000153.417, 349
Trd, 000153.650, 341.0
Trd, 000153.950, 339.0
Trd, 000154.283, 340
Trd, 000155.683, 341
Trd, 000156.267, 346.0
Trd, 000157.817, 339
Trd, 000158.783, 340
Trd, 000158.817, 345.0
Trd, 000158.850, 339
Trd, 000159.217, 340
Trd, 000159.233, 346.0
Trd, 000159.717, 350
Trd, 000159.967, 338
Trd, 000162.283, 350.0
Trd, 000162.967, 351.0
Trd, 000163.033, 344.0
Trd, 000163.250, 340
Trd, 000163.883, 356
Trd, 000165.283, 357
Trd, 000165.450, 357
Trd, 000165.467, 343
Trd, 000166.133, 348.0
Trd, 000166.917, 348
Trd, 000167.383, 349
Trd, 000168.000, 348
Trd, 000168.667, 347
Trd, 000169.617, 346.0
Trd, 000170.133, 347.0
Trd, 000170.233, 348.0
Trd, 000170.350, 358
Trd, 000171.317, 348
Trd, 000171.667, 347.0
Trd, 000172.350, 352
Trd, 000173.733, 344.0
Trd, 000173.933, 345
Trd, 000174.717, 340
Trd, 000174.783, 337.0
Trd, 000176.533, 340.0
Trd, 000176.617, 341
Trd, 000177.450, 344
Trd, 000177.483, 348.0
Trd, 000179.000, 351.0
Trd, 000179.083, 341
Trd, 000179.833, 343
Trd, 000180.750, 348.0
Trd, 000182.083, 345
Trd, 000182.533, 344
Trd, 000182.700, 346
Trd, 000183.383, 344
Trd, 000184.000, 340
Trd, 000184.433, 309
Trd, 000184.500, 249
Trd, 000185.117, 218
Trd, 000185.267, 214
Trd, 000186.483, 168
Trd, 000186.750, 166
Trd, 000187.550, 190
Trd, 000187.567, 177
Trd, 000187.583, 191
Trd, 000187.783, 169
Trd, 000188.633, 191
Trd, 000188.967, 191
Trd, 000188.983, 172
Trd, 000190.250, 189
Trd, 000190.583, 170
Trd, 000191.517, 185
Trd, 000192.233, 176
Trd, 000192.333, 182
Trd, 000193.217, 182
Trd, 000193.367, 182
Trd, 000193.583, 177
Trd, 000195.850, 176
Trd, 000196.883, 175
Trd, 000197.450, 178
Trd, 000197.983, 175
Trd, 000198.467, 173
Trd, 000198.767, 176
Trd, 000199.633, 176
Trd, 000200.500, 178
Trd, 000200.933, 176
Trd, 000201.233, 174
Trd, 000201.517, 168
Trd, 000202.133, 160
Trd, 000203.100, 170
Trd, 000203.317, 168
Trd, 000204.233, 171
Trd, 000204.283, 168
Trd, 000204.567, 171
Trd, 000205.767, 169
Trd, 000206.183, 171
Trd, 000206.217, 172
Trd, 000206.417, 170
Trd, 000206.733, 178
Trd, 000207.200, 174
Trd, 000208.233, 175
Trd, 000208.350, 177
Trd, 000208.817, 174
Trd, 000208.900, 172
Trd, 000209.400, 170
Trd, 000209.817, 173
Trd, 000209.950, 174
Trd, 000210.800, 176
Trd, 000212.200, 175
Trd, 000212.300, 165
Trd, 000212.350, 158
Trd, 000212.833, 155
Trd, 000213.217, 167
Trd, 000214.450, 167
Trd, 000214.583, 166
Trd, 000215.133, 170
Trd, 000215.283, 172
Trd, 000215.350, 179
Trd, 000215.667, 193
Trd, 000215.717, 177
Trd, 000218.467, 171
Trd, 000219.800, 180
Trd, 000220.083, 181
Trd, 000220.150, 181
Trd, 000220.500, 192
Trd, 000220.950, 172
Trd, 000221.033, 166
Trd, 000221.617, 162
Trd, 000222.117, 168
Trd, 000222.217, 169
Trd, 000222.333, 170
Trd, 000222.733, 173
Trd, 000224.383, 166
Trd, 000224.600, 171
Trd, 000226.067, 172
Trd, 000226.733, 172
Trd, 000227.650, 171
Trd, 000228.667, 172
Trd, 000228.933, 171
Trd, 000229.267, 172
Trd, 000229.883, 171
Trd, 000230.367, 180
Trd, 000230.767, 181
Trd, 000231.117, 193
Trd, 000231.283, 171
Trd, 000232.733, 177
Trd, 000232.750, 168
Trd, 000233.517, 171
Trd, 000233.783, 160
Trd, 000235.083, 170
Trd, 000235.417, 170
Trd, 000235.850, 171
Trd, 000236.217, 174
Trd, 000237.000, 177
Trd, 000237.667, 177
Trd, 000237.750, 181
Trd, 000237.933, 176
Trd, 000238.617, 172
Trd, 000239.267, 176
Trd, 000240.133, 180
Trd, 000240.483, 165
Trd, 000241.133, 174
Trd, 000241.267, 169
Trd, 000242.167, 168
Trd, 000242.467, 168
Trd, 000243.183, 170
Trd, 000243.517, 171
Trd, 000243.800, 164
Trd, 000244.017, 162
Trd, 000244.050, 161
Trd, 000244.217, 158
Trd, 000245.167, 173
Trd, 000245.217, 164
Trd, 000245.300, 175
Trd, 000246.383, 173
Trd, 000246.433, 166
Trd, 000247.367, 170
Trd, 000247.567, 173
Trd, 000248.600, 171
Trd, 000248.667, 170
Trd, 000248.817, 172
Trd, 000249.000, 173
Trd, 000249.150, 175
Trd, 000249.383, 176
Trd, 000250.317, 190
Trd, 000250.867, 186
Trd, 000251.383, 174
Trd, 000251.467, 173
Trd, 000251.533, 173
Trd, 000251.750, 181
Trd, 000253.267, 169
Trd, 000253.333, 168
Trd, 000254.150, 169
Trd, 000254.233, 164
Trd, 000254.383, 170
Trd, 000254.667, 163
Trd, 000255.000, 168
Trd, 000255.450, 162
Trd, 000255.733, 163
Trd, 000255.867, 162
Trd, 000257.100, 172
Trd, 000257.467, 169
Trd, 000258.283, 170
Trd, 000258.483, 171
Trd, 000258.717, 174
Trd, 000259.117, 174
Trd, 000259.250, 176
Trd, 000260.783, 178
Trd, 000261.350, 176
Trd, 000261.533, 173
Trd, 000262.033, 169
Trd, 000262.433, 172
Trd, 000262.617, 174
Trd, 000262.700, 171
Trd, 000262.850, 177
Trd, 000263.267, 179
Trd, 000263.350, 180
Trd, 000263.967, 172
Trd, 000264.183, 170
Trd, 000265.633, 171
Trd, 000265.750, 170
Trd, 000266.117, 171
Trd, 000266.283, 169
Trd, 000267.083, 169
Trd, 000267.533, 170
Trd, 000268.250, 172
Trd, 000268.950, 175
Trd, 000269.050, 175
Trd, 000269.083, 177
Trd, 000269.267, 175
Trd, 000269.400, 178
Trd, 000270.700, 183
Trd, 000270.783, 176
Trd, 000271.350, 175
Trd, 000271.683, 180
Trd, 000272.283, 171
Trd, 000272.400, 172
Trd, 000273.150, 173
Trd, 000273.250, 167
Trd, 000273.733, 179
Trd, 000275.167, 174
Trd, 000275.283, 171
Trd, 000275.517, 175
Trd, 000275.633, 170
Trd, 000276.200, 178
Trd, 000276.500, 171
Trd, 000276.550, 169
Trd, 000276.683, 185
Trd, 000276.783, 193
Trd, 000277.933, 169
Trd, 000278.217, 170
Trd, 000279.167, 172
Trd, 000279.550, 169
Trd, 000280.383, 174
Trd, 000280.750, 174
Trd, 000280.833, 176
Trd, 000281.000, 170
Trd, 000281.100, 178
Trd, 000281.817, 176
Trd, 000282.133, 179
Trd, 000282.567, 186
Trd, 000282.967, 176
Trd, 000283.550, 178
Trd, 000283.567, 180
Trd, 000283.617, 177
Trd, 000284.650, 181
Trd, 000284.667, 178
Trd, 000284.717, 192
Trd, 000285.883, 186
Trd, 000286.333, 182
Trd, 000286.633, 181
Trd, 000287.133, 182
Trd, 000287.883, 186
Trd, 000288.150, 175
Trd, 000288.267, 181
Trd, 000288.517, 186
Trd, 000289.117, 187
Trd, 000289.633, 194
Trd, 000289.850, 196
Trd, 000290.017, 193
Trd, 000290.650, 188
Trd, 000291.517, 188
Trd, 000291.583, 187
Trd, 000292.417, 175
Trd, 000292.867, 177
Trd, 000293.300, 181
Trd, 000293.833, 187
Trd, 000293.867, 173
Trd, 000294.450, 188
Trd, 000294.700, 187
Trd, 000295.100, 197
Trd, 000295.200, 201
Trd, 000295.350, 204
Trd, 000295.800, 183
Trd, 000296.100, 177
Trd, 000296.233, 178
Trd, 000296.617, 177
Trd, 000297.450, 186
Trd, 000297.833, 170
Trd, 000297.883, 169
Trd, 000298.550, 194
Trd, 000298.583, 195
Trd, 000298.800, 168
Trd, 000299.233, 178
