Trd, 000000.983, 151
Trd, 000001.233, 148
Trd, 000002.017, 158
Trd, 000004.600, 138
Trd, 000005.000, 143
Trd, 000005.633, 140
Trd, 000006.317, 142
Trd, 000007.467, 143
Trd, 000007.600, 143
Trd, 000008.350, 144
Trd, 000008.517, 144
Trd, 000009.100, 144
Trd, 000010.650, 144
Trd, 000012.383, 145
Trd, 000013.400, 146
Trd, 000013.483, 146
Trd, 000013.850, 145
Trd, 000013.900, 146
Trd, 000014.050, 148
Trd, 000015.900, 145
Trd, 000017.167, 145
Trd, 000018.833, 144
Trd, 000020.250, 146
Trd, 000020.650, 144
Trd, 000021.567, 145
Trd, 000021.717, 146
Trd, 000022.067, 147
Trd, 000022.583, 147
Trd, 000024.917, 152
Trd, 000025.933, 152
Trd, 000026.183, 153
Trd, 000026.483, 153
Trd, 000026.567, 151
Trd, 000026.817, 150
Trd, 000026.983, 150
Trd, 000027.000, 154
Trd, 000029.067, 149
Trd, 000029.317, 149
Trd, 000029.750, 152
Trd, 000030.450, 147
Trd, 000031.333, 151
Trd, 000031.783, 151
Trd, 000032.433, 148
Trd, 000032.967, 149
Trd, 000034.300, 149
Trd, 000035.033, 150
Trd, 000035.300, 148
Trd, 000036.067, 150
Trd, 000037.217, 149
Trd, 000037.600, 150
Trd, 000037.867, 148
Trd, 000038.367, 151
Trd, 000040.300, 152
Trd, 000040.517, 155
Trd, 000042.467, 154
Trd, 000043.167, 153
Trd, 000043.633, 157
Trd, 000043.717, 158
Trd, 000044.200, 156
Trd, 000044.500, 154
Trd, 000045.667, 156
Trd, 000046.200, 157
Trd, 000046.483, 157
Trd, 000047.983, 154
Trd, 000048.417, 155
Trd, 000048.783, 156
Trd, 000048.900, 153
Trd, 000049.267, 157
Trd, 000049.633, 157
Trd, 000052.133, 153
Trd, 000052.317, 152
Trd, 000053.600, 154
Trd, 000053.633, 152
Trd, 000054.717, 151
Trd, 000054.833, 154
Trd, 000055.450, 154
Trd, 000056.767, 154
Trd, 000057.833, 151
Trd, 000058.700, 151
Trd, 000058.717, 153
Trd, 000059.200, 153
Trd, 000060.000, 151
Trd, 000060.083, 150
Trd, 000060.300, 153
Trd, 000062.200, 154
Trd, 000063.250, 155
Trd, 000063.583, 155
Trd, 000065.450, 155
Trd, 000065.733, 155
Trd, 000067.183, 155
Trd, 000067.550, 156
Trd, 000068.833, 156
Trd, 000069.100, 156
Trd, 000069.317, 155
Trd, 000069.550, 157
Trd, 000070.350, 158
Trd, 000071.617, 157
Trd, 000072.033, 157
Trd, 000073.100, 157
Trd, 000073.167, 156
Trd, 000073.417, 155
Trd, 000073.933, 158
Trd, 000075.650, 156
Trd, 000076.583, 158
Trd, 000076.800, 155
Trd, 000076.933, 156
Trd, 000078.883, 159
Trd, 000078.950, 157
Trd, 000079.500, 157
Trd, 000080.117, 157
Trd, 000080.317, 156
Trd, 000081.150, 156
Trd, 000081.167, 159
Trd, 000081.533, 160
Trd, 000081.550, 156
Trd, 000083.033, 158
Trd, 000083.133, 158
Trd, 000084.983, 159
Trd, 000085.517, 157
Trd, 000087.083, 157
Trd, 000088.283, 156
Trd, 000090.350, 158
Trd, 000090.550, 158
Trd, 000091.750, 157
Trd, 000092.083, 157
Trd, 000092.700, 156
Trd, 000094.083, 157
Trd, 000094.217, 158
Trd, 000094.417, 159
Trd, 000094.817, 158
Trd, 000096.517, 158
Trd, 000096.550, 157
Trd, 000097.067, 161
Trd, 000097.483, 164
Trd, 000098.767, 160
Trd, 000099.383, 156
Trd, 000101.467, 159
Trd, 000102.217, 158
Trd, 000102.600, 157
Trd, 000102.833, 160
Trd, 000104.250, 161
Trd, 000104.750, 160
Trd, 000104.817, 161
Trd, 000105.283, 160
Trd, 000105.550, 159
Trd, 000106.483, 159
Trd, 000106.667, 158
Trd, 000107.167, 155
Trd, 000108.050, 158
Trd, 000109.133, 155
Trd, 000109.917, 155
Trd, 000110.167, 158
Trd, 000110.267, 158
Trd, 000112.617, 158
Trd, 000112.817, 158
Trd, 000113.683, 157
Trd, 000113.767, 158
Trd, 000114.483, 157
Trd, 000114.617, 156
Trd, 000114.917, 158
Trd, 000115.067, 162
Trd, 000115.367, 156
Trd, 000115.733, 159
Trd, 000116.233, 158
Trd, 000118.667, 159
Trd, 000118.767, 159
Trd, 000119.200, 158
Trd, 000119.400, 160
Trd, 000121.767, 162
Trd, 000122.083, 162
Trd, 000122.883, 163
Trd, 000123.467, 187
Trd, 000123.617, 212
Trd, 000124.017, 239
Trd, 000124.367, 313.0
Trd, 000125.050, 320.0
Trd, 000125.367, 346
Trd, 000126.667, 342
Trd, 000127.700, 343.0
Trd, 000128.500, 344.0
Trd, 000129.600, 341.0
Trd, 000129.817, 340
Trd, 000130.600, 345
Trd, 000130.817, 349.0
Trd, 000131.633, 343
Trd, 000131.983, 344.0
Trd, 000132.700, 342
Trd, 000132.800, 346
Trd, 000132.817, 342
Trd, 000133.017, 351.0
Trd, 000135.283, 347
Trd, 000136.950, 345
Trd, 000137.017, 344.0
Trd, 000138.317, 345
Trd, 000138.817, 346
Trd, 000139.683, 350
Trd, 000140.567, 348.0
Trd, 000140.850, 347
Trd, 000141.500, 351.0
Trd, 000141.833, 348.0
Trd, 000142.133, 350
Trd, 000142.783, 344.0
Trd, 000143.100, 345
Trd, 000143.883, 341.0
Trd, 000145.883, 348.0
Trd, 000145.967, 342
Trd, 000146.200, 342
Trd, 000148.483, 344.0
Trd, 000148.667, 344
Trd, 000148.800, 349
Trd, 000149.133, 351.0
Trd, 000149.983, 349
Trd, 000150.033, 348.0
Trd, 000151.200, 347
Trd, 000151.917, 348
Trd, 000151.967, 346
Trd, 000152.967, 348.0
Trd, 000153.300, 344.0
Trd, 000155.067, 350
Trd, 000156.283, 345
Trd, 000156.950, 350
Trd, 000157.567, 347
Trd, 000157.733, 345
Trd, 000158.000, 342
Trd, 000158.100, 344.0
Trd, 000160.267, 345
Trd, 000161.217, 344
Trd, 000163.517, 344
Trd, 000163.850, 341.0
Trd, 000164.600, 344
Trd, 000164.750, 345
Trd, 000165.200, 344.0
Trd, 000166.300, 344.0
Trd, 000166.817, 349.0
Trd, 000167.900, 351.0
Trd, 000168.500, 343
Trd, 000168.533, 341
Trd, 000169.867, 348.0
Trd, 000171.767, 345
Trd, 000171.800, 348
Trd, 000172.900, 346
Trd, 000173.200, 344
Trd, 000173.817, 349
Trd, 000174.483, 346.0
Trd, 000174.783, 348
Trd, 000175.083, 348.0
Trd, 000176.733, 348.0
Trd, 000176.767, 347
Trd, 000176.917, 344.0
Trd, 000178.133, 346
Trd, 000179.600, 349
Trd, 000180.350, 350.0
Trd, 000180.883, 348
Trd, 000181.550, 345
Trd, 000181.617, 343
Trd, 000181.667, 342
Trd, 000183.617, 346
Trd, 000183.633, 341.0
Trd, 000183.667, 334.0
Trd, 000183.750, 310.0
Trd, 000184.417, 300.0
Trd, 000184.850, 277
Trd, 000185.500, 261
Trd, 000185.617, 254
Trd, 000186.367, 200
Trd, 000186.417, 193
Trd, 000186.450, 166
Trd, 000186.567, 165
Trd, 000187.150, 176
Trd, 000187.567, 174
Trd, 000187.950, 165
Trd, 000188.983, 174
Trd, 000189.000, 175
Trd, 000191.617, 169
Trd, 000193.067, 164
Trd, 000193.383, 167
Trd, 000194.267, 169
Trd, 000194.750, 168
Trd, 000195.500, 166
Trd, 000196.117, 169
Trd, 000197.300, 166
Trd, 000197.683, 164
Trd, 000199.017, 164
Trd, 000199.317, 164
Trd, 000200.150, 167
Trd, 000200.200, 165
Trd, 000200.267, 163
Trd, 000201.750, 170
Trd, 000204.167, 169
Trd, 000204.450, 171
Trd, 000204.800, 174
Trd, 000204.883, 168
Trd, 000205.817, 171
Trd, 000207.150, 170
Trd, 000208.350, 171
Trd, 000208.400, 172
Trd, 000208.733, 170
Trd, 000210.083, 169
Trd, 000210.867, 170
Trd, 000212.017, 170
Trd, 000212.300, 169
Trd, 000212.383, 168
Trd, 000213.017, 170
Trd, 000213.517, 168
Trd, 000213.750, 172
Trd, 000213.950, 169
Trd, 000214.267, 176
Trd, 000216.567, 171
Trd, 000216.633, 172
Trd, 000218.283, 173
Trd, 000220.150, 173
Trd, 000220.917, 171
Trd, 000221.633, 170
Trd, 000222.400, 170
Trd, 000222.783, 167
Trd, 000223.333, 170
Trd, 000225.033, 168
Trd, 000226.033, 169
Trd, 000226.967, 168
Trd, 000227.017, 169
Trd, 000227.100, 170
Trd, 000227.233, 166
Trd, 000228.550, 171
Trd, 000229.233, 171
Trd, 000230.450, 168
Trd, 000231.067, 167
Trd, 000231.333, 168
Trd, 000232.100, 167
Trd, 000233.150, 167
Trd, 000233.633, 169
Trd, 000235.033, 168
Trd, 000235.317, 167
Trd, 000236.333, 169
Trd, 000236.617, 168
Trd, 000236.717, 169
Trd, 000237.633, 168
Trd, 000239.067, 169
Trd, 000239.200, 172
Trd, 000240.367, 172
Trd, 000240.567, 174
Trd, 000240.900, 172
Trd, 000241.467, 170
Trd, 000241.750, 172
Trd, 000242.033, 173
Trd, 000242.217, 172
Trd, 000242.900, 175
Trd, 000243.000, 178
Trd, 000243.267, 179
Trd, 000243.367, 182
Trd, 000245.000, 175
Trd, 000246.133, 177
Trd, 000246.333, 181
Trd, 000246.433, 177
Trd, 000247.517, 177
Trd, 000248.000, 175
Trd, 000248.133, 177
Trd, 000248.517, 174
Trd, 000250.533, 175
Trd, 000250.750, 175
Trd, 000250.767, 176
Trd, 000250.867, 179
Trd, 000251.450, 180
Trd, 000251.783, 175
Trd, 000252.350, 175
Trd, 000252.683, 174
Trd, 000253.950, 174
Trd, 000254.567, 175
Trd, 000254.850, 174
Trd, 000255.133, 175
Trd, 000255.450, 176
Trd, 000255.767, 173
Trd, 000256.850, 173
Trd, 000257.533, 175
Trd, 000258.100, 173
Trd, 000259.500, 172
Trd, 000259.983, 172
Trd, 000260.133, 174
Trd, 000260.550, 175
Trd, 000261.100, 176
Trd, 000261.217, 177
Trd, 000261.333, 175
Trd, 000261.617, 173
Trd, 000262.033, 171
Trd, 000262.217, 174
Trd, 000262.800, 176
Trd, 000263.217, 170
Trd, 000264.283, 173
Trd, 000265.333, 173
Trd, 000265.883, 169
Trd, 000266.467, 177
Trd, 000266.667, 179
Trd, 000266.867, 179
Trd, 000267.167, 183
Trd, 000267.400, 178
Trd, 000267.817, 182
Trd, 000268.133, 183
Trd, 000269.217, 183
Trd, 000269.300, 182
Trd, 000270.650, 181
Trd, 000270.900, 183
Trd, 000271.650, 181
Trd, 000271.733, 183
Trd, 000272.267, 183
Trd, 000272.600, 180
Trd, 000273.850, 181
Trd, 000274.033, 182
Trd, 000274.567, 182
Trd, 000274.683, 183
Trd, 000274.817, 181
Trd, 000275.067, 181
Trd, 000275.133, 180
Trd, 000275.817, 178
Trd, 000276.950, 175
Trd, 000277.033, 178
Trd, 000277.683, 173
Trd, 000278.067, 174
Trd, 000278.133, 186
Trd, 000278.233, 193
Trd, 000278.700, 172
Trd, 000279.400, 172
Trd, 000279.667, 171
Trd, 000279.917, 172
Trd, 000280.100, 173
Trd, 000280.350, 169
Trd, 000281.483, 185
Trd, 000281.600, 186
Trd, 000281.783, 182
Trd, 000282.683, 177
Trd, 000283.467, 179
Trd, 000283.567, 180
Trd, 000284.483, 177
Trd, 000284.967, 178
Trd, 000285.033, 177
Trd, 000285.567, 179
Trd, 000285.833, 179
Trd, 000285.933, 177
Trd, 000286.300, 178
Trd, 000286.367, 183
Trd, 000286.900, 177
Trd, 000287.317, 181
Trd, 000287.617, 184
Trd, 000288.717, 178
Trd, 000289.033, 173
Trd, 000289.400, 173
Trd, 000289.583, 187
Trd, 000290.383, 183
Trd, 000290.583, 179
Trd, 000291.667, 180
Trd, 000291.683, 180
Trd, 000291.867, 178
Trd, 000292.250, 183
Trd, 000292.383, 177
Trd, 000292.433, 176
Trd, 000292.800, 184
Trd, 000293.517, 184
Trd, 000294.733, 184
Trd, 000295.300, 184
Trd, 000295.883, 185
Trd, 000296.400, 181
Trd, 000296.950, 181
Trd, 000297.533, 186
Trd, 000297.567, 187
Trd, 000297.950, 186
Trd, 000298.150, 181
Trd, 000298.700, 182
Trd, 000299.450, 181
Trd, 000299.883, 186
