Trd, 000001.067, 128
Trd, 000001.617, 175
Trd, 000003.433, 156
Trd, 000004.800, 153
Trd, 000005.017, 149
Trd, 000005.833, 150
Trd, 000006.350, 149
Trd, 000006.717, 149
Trd, 000007.050, 146
Trd, 000007.267, 147
Trd, 000008.400, 145
Trd, 000008.633, 144
Trd, 000008.667, 146
Trd, 000009.433, 149
Trd, 000010.633, 144
Trd, 000010.800, 146
Trd, 000011.700, 145
Trd, 000011.900, 144
Trd, 000012.933, 156
Trd, 000013.050, 163
Trd, 000013.083, 148
Trd, 000013.283, 166
Trd, 000015.317, 154
Trd, 000015.767, 154
Trd, 000016.317, 155
Trd, 000016.483, 153
Trd, 000016.517, 154
Trd, 000016.717, 153
Trd, 000017.367, 154
Trd, 000017.467, 152
Trd, 000019.733, 151
Trd, 000020.150, 152
Trd, 000020.767, 145
Trd, 000021.150, 146
Trd, 000021.667, 147
Trd, 000022.167, 147
Trd, 000022.450, 147
Trd, 000022.817, 145
Trd, 000023.083, 146
Trd, 000023.633, 146
Trd, 000023.833, 150
Trd, 000024.667, 149
Trd, 000024.867, 149
Trd, 000025.283, 150
Trd, 000025.850, 148
Trd, 000025.900, 147
Trd, 000026.283, 157
Trd, 000027.033, 145
Trd, 000027.617, 149
Trd, 000027.850, 149
Trd, 000029.550, 147
Trd, 000029.683, 148
Trd, 000030.833, 148
Trd, 000030.933, 149
Trd, 000031.300, 149
Trd, 000031.767, 152
Trd, 000032.400, 158
Trd, 000034.667, 154
Trd, 000034.900, 155
Trd, 000035.183, 154
Trd, 000035.600, 155
Trd, 000035.850, 154
Trd, 000036.017, 153
Trd, 000036.083, 154
Trd, 000036.233, 152
Trd, 000036.467, 154
Trd, 000036.567, 156
Trd, 000038.233, 157
Trd, 000038.400, 155
Trd, 000039.183, 154
Trd, 000039.333, 153
Trd, 000039.700, 152
Trd, 000039.933, 154
Trd, 000040.433, 154
Trd, 000040.483, 145
Trd, 000041.600, 148
Trd, 000042.433, 147
Trd, 000042.517, 148
Trd, 000042.950, 148
Trd, 000043.017, 149
Trd, 000043.600, 150
Trd, 000045.000, 152
Trd, 000045.100, 159
Trd, 000045.517, 154
Trd, 000047.317, 156
Trd, 000047.333, 155
Trd, 000047.383, 154
Trd, 000047.483, 156
Trd, 000047.883, 156
Trd, 000049.617, 154
Trd, 000049.883, 152
Trd, 000050.750, 153
Trd, 000050.833, 154
Trd, 000051.400, 155
Trd, 000052.200, 157
Trd, 000052.667, 149
Trd, 000053.267, 157
Trd, 000054.233, 154
Trd, 000054.650, 154
Trd, 000055.217, 155
Trd, 000055.383, 157
Trd, 000055.967, 155
Trd, 000057.317, 160
Trd, 000057.933, 155
Trd, 000058.133, 153
Trd, 000058.633, 157
Trd, 000059.117, 154
Trd, 000059.400, 154
Trd, 000059.533, 154
Trd, 000060.067, 154
Trd, 000061.117, 157
Trd, 000061.183, 160
Trd, 000062.250, 156
Trd, 000063.017, 156
Trd, 000063.050, 158
Trd, 000063.133, 155
Trd, 000063.767, 158
Trd, 000065.100, 155
Trd, 000065.617, 155
Trd, 000065.983, 161
Trd, 000066.533, 160
Trd, 000066.617, 169
Trd, 000066.917, 174
Trd, 000068.200, 165
Trd, 000069.117, 161
Trd, 000069.417, 161
Trd, 000069.583, 161
Trd, 000070.017, 161
Trd, 000070.267, 160
Trd, 000070.517, 160
Trd, 000071.817, 151
Trd, 000072.200, 160
Trd, 000072.683, 161
Trd, 000073.667, 159
Trd, 000073.800, 158
Trd, 000074.133, 158
Trd, 000074.467, 159
Trd, 000074.650, 159
Trd, 000075.600, 159
Trd, 000076.883, 157
Trd, 000077.400, 158
Trd, 000078.317, 155
Trd, 000079.467, 162
Trd, 000079.583, 167
Trd, 000080.583, 164
Trd, 000080.617, 164
Trd, 000081.333, 164
Trd, 000082.267, 164
Trd, 000082.350, 163
Trd, 000082.783, 160
Trd, 000083.033, 159
Trd, 000083.517, 158
Trd, 000083.983, 156
Trd, 000084.317, 155
Trd, 000084.417, 149
Trd, 000085.083, 156
Trd, 000085.133, 157
Trd, 000086.200, 158
Trd, 000086.717, 157
Trd, 000086.783, 156
Trd, 000086.817, 157
Trd, 000087.417, 156
Trd, 000089.200, 153
Trd, 000089.933, 153
Trd, 000090.133, 155
Trd, 000090.417, 158
Trd, 000091.083, 162
Trd, 000091.850, 164
Trd, 000092.517, 164
Trd, 000092.600, 163
Trd, 000092.917, 165
Trd, 000093.033, 168
Trd, 000093.450, 166
Trd, 000093.900, 165
Trd, 000094.017, 164
Trd, 000094.250, 165
Trd, 000094.550, 166
Trd, 000094.617, 166
Trd, 000095.150, 164
Trd, 000095.883, 170
Trd, 000096.100, 164
Trd, 000097.683, 165
Trd, 000097.783, 163
Trd, 000098.450, 164
Trd, 000098.950, 164
Trd, 000099.200, 164
Trd, 000099.967, 165
Trd, 000100.333, 163
Trd, 000100.583, 164
Trd, 000101.750, 162
Trd, 000102.083, 162
Trd, 000102.367, 165
Trd, 000103.183, 161
Trd, 000103.550, 164
Trd, 000104.250, 165
Trd, 000104.933, 170
Trd, 000105.283, 169
Trd, 000107.183, 165
Trd, 000107.667, 167
Trd, 000108.050, 166
Trd, 000108.800, 165
Trd, 000109.050, 164
Trd, 000109.500, 164
Trd, 000109.750, 164
Trd, 000109.917, 163
Trd, 000110.183, 163
Trd, 000110.750, 164
Trd, 000110.983, 159
Trd, 000111.167, 161
Trd, 000111.783, 162
Trd, 000111.967, 151
Trd, 000112.700, 150
Trd, 000113.417, 150
Trd, 000114.133, 151
Trd, 000114.950, 172
Trd, 000115.267, 170
Trd, 000115.400, 169
Trd, 000115.500, 163
Trd, 000116.350, 167
Trd, 000116.817, 167
Trd, 000117.917, 167
Trd, 000118.900, 164
Trd, 000119.017, 167
Trd, 000119.367, 168
Trd, 000119.850, 162
Trd, 000120.683, 167
Trd, 000121.150, 167
Trd, 000121.333, 166
Trd, 000122.517, 173
Trd, 000122.633, 174
Trd, 000122.867, 171
Trd, 000123.133, 177
Trd, 000124.050, 180
Trd, 000124.467, 287
Trd, 000124.700, 300
Trd, 000124.850, 312
Trd, 000125.450, 320.0
Trd, 000126.733, 331.0
Trd, 000126.817, 334.0
Trd, 000126.867, 340
Trd, 000126.883, 341.0
Trd, 000127.617, 344.0
Trd, 000129.567, 348
Trd, 000129.650, 347
Trd, 000130.517, 347
Trd, 000130.800, 346
Trd, 000131.050, 347
Trd, 000131.533, 348
Trd, 000131.633, 348
Trd, 000133.650, 346
Trd, 000134.033, 345
Trd, 000134.517, 347
Trd, 000135.117, 345
Trd, 000135.483, 345
Trd, 000136.000, 342
Trd, 000136.167, 347
Trd, 000136.817, 343.0
Trd, 000137.417, 344.0
Trd, 000139.100, 346
Trd, 000139.350, 348
Trd, 000139.917, 342.0
Trd, 000140.267, 346
Trd, 000141.000, 344
Trd, 000141.667, 343.0
Trd, 000141.683, 341.0
Trd, 000142.133, 343
Trd, 000142.433, 343
Trd, 000142.550, 341
Trd, 000142.883, 345
Trd, 000143.683, 345
Trd, 000145.717, 348
Trd, 000146.167, 349
Trd, 000146.183, 348
Trd, 000146.467, 342
Trd, 000146.567, 342.0
Trd, 000147.333, 341
Trd, 000147.350, 341.0
Trd, 000148.367, 340
Trd, 000148.850, 338
Trd, 000149.183, 339
Trd, 000149.967, 338
Trd, 000150.700, 337.0
Trd, 000151.950, 341.0
Trd, 000152.467, 335
Trd, 000152.567, 341
Trd, 000154.033, 337
Trd, 000154.200, 338.0
Trd, 000154.483, 340.0
Trd, 000154.867, 341.0
Trd, 000155.767, 340
Trd, 000156.150, 339
Trd, 000156.733, 339
Trd, 000156.767, 340
Trd, 000157.367, 339
Trd, 000158.567, 340
Trd, 000158.817, 337.0
Trd, 000159.583, 339
Trd, 000160.517, 337
Trd, 000160.750, 339.0
Trd, 000162.167, 337
Trd, 000162.267, 337
Trd, 000162.933, 338
Trd, 000164.250, 339.0
Trd, 000165.217, 338
Trd, 000165.517, 339
Trd, 000166.067, 337.0
Trd, 000166.167, 339
Trd, 000166.417, 341.0
Trd, 000166.483, 355.0
Trd, 000166.717, 335
Trd, 000170.200, 340
Trd, 000170.383, 341.0
Trd, 000170.617, 341
Trd, 000170.733, 340
Trd, 000171.350, 340
Trd, 000173.050, 341
Trd, 000173.150, 341.0
Trd, 000173.350, 339
Trd, 000173.900, 340
Trd, 000173.950, 338
Trd, 000176.300, 338
Trd, 000176.633, 339
Trd, 000177.117, 339
Trd, 000177.300, 338.0
Trd, 000178.033, 337
Trd, 000178.867, 337
Trd, 000178.883, 338
Trd, 000179.367, 338
Trd, 000179.933, 338
Trd, 000180.683, 337.0
Trd, 000180.783, 343.0
Trd, 000181.633, 337
Trd, 000182.200, 338
Trd, 000182.500, 335
Trd, 000182.533, 327.0
Trd, 000182.567, 323
Trd, 000182.700, 321.0
Trd, 000182.717, 320.0
Trd, 000183.483, 340
Trd, 000183.917, 287
Trd, 000184.800, 175
Trd, 000185.800, 198
Trd, 000186.483, 192
Trd, 000187.200, 192
Trd, 000188.500, 187
Trd, 000189.683, 190
Trd, 000190.133, 186
Trd, 000190.400, 185
Trd, 000191.400, 184
Trd, 000191.467, 175
Trd, 000191.567, 183
Trd, 000193.517, 181
Trd, 000194.383, 177
Trd, 000194.583, 178
Trd, 000195.067, 177
Trd, 000196.450, 173
Trd, 000196.933, 171
Trd, 000197.267, 172
Trd, 000197.533, 165
Trd, 000198.767, 169
Trd, 000199.033, 172
Trd, 000199.333, 174
Trd, 000199.717, 172
Trd, 000200.067, 174
Trd, 000201.167, 174
Trd, 000201.800, 174
Trd, 000204.017, 172
Trd, 000205.683, 171
Trd, 000205.700, 172
Trd, 000205.933, 171
Trd, 000206.150, 172
Trd, 000206.783, 170
Trd, 000207.883, 165
Trd, 000208.200, 166
Trd, 000208.317, 166
Trd, 000208.517, 166
Trd, 000208.833, 166
Trd, 000210.217, 162
Trd, 000211.083, 163
Trd, 000211.183, 164
Trd, 000211.750, 162
Trd, 000211.817, 162
Trd, 000212.250, 163
Trd, 000212.450, 165
Trd, 000213.000, 165
Trd, 000213.483, 167
Trd, 000214.317, 167
Trd, 000214.617, 168
Trd, 000215.467, 168
Trd, 000215.967, 169
Trd, 000217.150, 167
Trd, 000217.400, 166
Trd, 000217.633, 166
Trd, 000218.383, 165
Trd, 000218.883, 165
Trd, 000219.467, 164
Trd, 000219.750, 165
Trd, 000220.483, 164
Trd, 000221.533, 166
Trd, 000222.250, 163
Trd, 000223.067, 163
Trd, 000223.400, 164
Trd, 000223.550, 164
Trd, 000223.633, 164
Trd, 000224.017, 175
Trd, 000224.067, 177
Trd, 000226.217, 164
Trd, 000226.450, 163
Trd, 000226.617, 164
Trd, 000226.817, 165
Trd, 000226.950, 166
Trd, 000227.150, 163
Trd, 000228.117, 183
Trd, 000228.583, 166
Trd, 000229.883, 166
Trd, 000230.283, 166
Trd, 000230.333, 167
Trd, 000230.517, 171
Trd, 000230.867, 171
Trd, 000232.083, 167
Trd, 000232.617, 167
Trd, 000233.717, 168
Trd, 000233.800, 173
Trd, 000234.467, 177
Trd, 000235.133, 168
Trd, 000235.350, 169
Trd, 000235.433, 173
Trd, 000235.700, 177
Trd, 000237.383, 167
Trd, 000237.983, 174
Trd, 000238.100, 176
Trd, 000239.317, 170
Trd, 000239.983, 169
Trd, 000240.433, 172
Trd, 000241.033, 171
Trd, 000241.183, 170
Trd, 000241.283, 169
Trd, 000241.533, 168
Trd, 000241.800, 169
Trd, 000242.450, 169
Trd, 000242.483, 171
Trd, 000242.783, 169
Trd, 000243.417, 167
Trd, 000243.800, 168
Trd, 000243.850, 170
Trd, 000244.750, 170
Trd, 000244.817, 168
Trd, 000245.383, 169
Trd, 000246.250, 170
Trd, 000247.267, 172
Trd, 000247.967, 171
Trd, 000248.883, 169
Trd, 000248.917, 171
Trd, 000249.033, 172
Trd, 000249.450, 170
Trd, 000249.500, 169
Trd, 000250.400, 171
Trd, 000250.467, 173
Trd, 000252.400, 172
Trd, 000252.683, 175
Trd, 000252.767, 172
Trd, 000253.233, 174
Trd, 000253.367, 175
Trd, 000253.767, 180
Trd, 000253.933, 173
Trd, 000255.083, 170
Trd, 000255.833, 175
Trd, 000256.017, 175
Trd, 000257.533, 172
Trd, 000257.633, 171
Trd, 000258.083, 171
Trd, 000258.333, 173
Trd, 000259.033, 174
Trd, 000259.600, 172
Trd, 000260.050, 169
Trd, 000260.650, 172
Trd, 000260.950, 173
Trd, 000261.083, 172
Trd, 000261.100, 172
Trd, 000261.150, 173
Trd, 000261.467, 170
Trd, 000263.333, 173
Trd, 000263.750, 173
Trd, 000264.433, 174
Trd, 000265.200, 170
Trd, 000265.283, 170
Trd, 000265.717, 171
Trd, 000265.917, 171
Trd, 000266.217, 174
Trd, 000266.550, 174
Trd, 000266.700, 175
Trd, 000267.400, 181
Trd, 000267.567, 174
Trd, 000268.400, 175
Trd, 000268.917, 174
Trd, 000269.650, 175
Trd, 000269.817, 174
Trd, 000270.000, 177
Trd, 000270.300, 175
Trd, 000271.117, 176
Trd, 000271.817, 175
Trd, 000272.083, 175
Trd, 000272.133, 173
Trd, 000272.400, 174
Trd, 000272.433, 178
Trd, 000272.900, 177
Trd, 000273.117, 174
Trd, 000273.600, 182
Trd, 000275.700, 176
Trd, 000276.733, 177
Trd, 000276.850, 178
Trd, 000277.100, 176
Trd, 000277.300, 175
Trd, 000277.467, 175
Trd, 000277.633, 175
Trd, 000277.667, 176
Trd, 000277.683, 174
Trd, 000278.633, 176
Trd, 000278.750, 179
Trd, 000279.117, 175
Trd, 000281.100, 178
Trd, 000281.650, 178
Trd, 000281.900, 177
Trd, 000283.367, 176
Trd, 000283.800, 175
Trd, 000283.817, 176
Trd, 000283.883, 174
Trd, 000283.950, 173
Trd, 000284.183, 177
Trd, 000284.467, 172
Trd, 000285.267, 176
Trd, 000286.600, 173
Trd, 000286.667, 172
Trd, 000286.800, 173
Trd, 000286.833, 174
Trd, 000287.133, 173
Trd, 000287.350, 171
Trd, 000287.833, 172
Trd, 000288.117, 165
Trd, 000288.367, 177
Trd, 000289.200, 174
Trd, 000289.917, 174
Trd, 000290.217, 175
Trd, 000290.233, 173
Trd, 000290.450, 176
Trd, 000291.417, 184
Trd, 000291.983, 172
Trd, 000293.517, 171
Trd, 000293.717, 175
Trd, 000294.117, 170
Trd, 000294.467, 174
Trd, 000294.700, 172
Trd, 000294.883, 170
Trd, 000295.550, 171
Trd, 000295.617, 170
Trd, 000295.767, 171
Trd, 000296.117, 173
Trd, 000296.433, 173
Trd, 000296.600, 192
Trd, 000296.650, 170
Trd, 000297.067, 168
Trd, 000297.283, 167
Trd, 000297.800, 176
Trd, 000298.783, 173
Trd, 000298.917, 174
Trd, 000299.000, 175
Trd, 000299.400, 175
Trd, 000299.567, 185
