Trd, 000001.367, 130
Trd, 000001.867, 117
Trd, 000003.067, 112
Trd, 000003.183, 113
Trd, 000004.417, 158
Trd, 000004.817, 166
Trd, 000005.283, 165
Trd, 000005.467, 165
Trd, 000007.450, 163
Trd, 000007.733, 160
Trd, 000008.067, 162
Trd, 000008.250, 159
Trd, 000008.867, 161
Trd, 000009.183, 160
Trd, 000009.850, 160
Trd, 000010.150, 156
Trd, 000010.567, 147
Trd, 000011.100, 157
Trd, 000011.417, 156
Trd, 000012.000, 145
Trd, 000012.083, 160
Trd, 000012.767, 153
Trd, 000013.383, 152
Trd, 000013.450, 143
Trd, 000013.483, 142
Trd, 000014.200, 152
Trd, 000014.250, 139
Trd, 000015.050, 138
Trd, 000015.350, 159
Trd, 000016.567, 136
Trd, 000017.083, 134
Trd, 000017.900, 132
Trd, 000018.483, 152
Trd, 000020.017, 139
Trd, 000020.067, 140
Trd, 000020.150, 137
Trd, 000020.717, 140
Trd, 000020.817, 142
Trd, 000022.083, 141
Trd, 000022.367, 145
Trd, 000022.600, 158
Trd, 000023.083, 158
Trd, 000023.117, 160
Trd, 000023.250, 157
Trd, 000024.250, 164
Trd, 000025.250, 161
Trd, 000025.350, 167
Trd, 000027.750, 163
Trd, 000028.217, 162
Trd, 000028.750, 163
Trd, 000029.850, 165
Trd, 000030.200, 163
Trd, 000030.433, 159
Trd, 000030.750, 166
Trd, 000031.800, 162
Trd, 000032.217, 161
Trd, 000032.283, 160
Trd, 000032.383, 162
Trd, 000032.833, 140
Trd, 000032.933, 152
Trd, 000034.333, 140
Trd, 000034.567, 147
Trd, 000034.683, 135
Trd, 000034.767, 129
Trd, 000035.167, 147
Trd, 000035.550, 162
Trd, 000035.583, 163
Trd, 000036.600, 133
Trd, 000037.133, 135
Trd, 000037.650, 132
Trd, 000037.933, 163
Trd, 000038.450, 162
Trd, 000038.850, 165
Trd, 000039.167, 159
Trd, 000039.667, 164
Trd, 000039.933, 165
Trd, 000040.533, 169
Trd, 000041.517, 162
Trd, 000041.883, 156
Trd, 000042.383, 165
Trd, 000042.733, 148
Trd, 000042.900, 145
Trd, 000043.017, 165
Trd, 000043.300, 132
Trd, 000044.083, 148
Trd, 000044.483, 153
Trd, 000045.417, 154
Trd, 000045.783, 145
Trd, 000046.033, 172
Trd, 000046.183, 144
Trd, 000047.183, 159
Trd, 000047.233, 158
Trd, 000049.133, 164
Trd, 000049.650, 162
Trd, 000049.700, 164
Trd, 000050.283, 163
Trd, 000050.900, 163
Trd, 000051.117, 162
Trd, 000052.217, 169
Trd, 000052.300, 157
Trd, 000053.567, 154
Trd, 000054.467, 149
Trd, 000055.500, 166
Trd, 000055.933, 167
Trd, 000056.000, 166
Trd, 000056.567, 163
Trd, 000056.733, 163
Trd, 000057.217, 144
Trd, 000058.667, 160
Trd, 000058.950, 146
Trd, 000059.817, 145
Trd, 000060.450, 159
Trd, 000060.517, 146
Trd, 000060.583, 159
Trd, 000061.317, 164
Trd, 000061.500, 162
Trd, 000062.517, 163
Trd, 000063.050, 163
Trd, 000063.333, 164
Trd, 000063.517, 162
Trd, 000063.633, 161
Trd, 000064.117, 150
Trd, 000064.417, 162
Trd, 000064.867, 170
Trd, 000066.783, 164
Trd, 000066.900, 169
Trd, 000067.550, 152
Trd, 000067.767, 151
Trd, 000068.083, 144
Trd, 000068.683, 159
Trd, 000069.017, 170
Trd, 000069.383, 149
Trd, 000070.467, 168
Trd, 000070.700, 165
Trd, 000071.133, 150
Trd, 000072.583, 160
Trd, 000073.350, 153
Trd, 000073.700, 157
Trd, 000074.117, 156
Trd, 000075.250, 157
Trd, 000075.517, 159
Trd, 000075.750, 158
Trd, 000075.967, 162
Trd, 000076.100, 157
Trd, 000077.000, 159
Trd, 000077.467, 156
Trd, 000077.633, 154
Trd, 000077.933, 162
Trd, 000079.350, 155
Trd, 000079.533, 162
Trd, 000080.467, 158
Trd, 000081.100, 137
Trd, 000082.367, 162
Trd, 000082.400, 164
Trd, 000083.617, 166
Trd, 000084.150, 151
Trd, 000084.950, 153
Trd, 000085.000, 151
Trd, 000085.017, 147
Trd, 000085.250, 146
Trd, 000086.500, 168
Trd, 000087.050, 166
Trd, 000087.983, 166
Trd, 000088.133, 166
Trd, 000089.467, 166
Trd, 000089.517, 153
Trd, 000089.600, 147
Trd, 000090.117, 166
Trd, 000090.417, 167
Trd, 000091.167, 164
Trd, 000091.200, 147
Trd, 000091.683, 174
Trd, 000091.700, 177
Trd, 000093.033, 171
Trd, 000093.917, 154
Trd, 000094.650, 156
Trd, 000095.950, 161
Trd, 000096.400, 155
Trd, 000098.650, 154
Trd, 000098.967, 155
Trd, 000099.850, 154
Trd, 000100.033, 155
Trd, 000100.417, 169
Trd, 000100.450, 170
Trd, 000101.867, 164
Trd, 000102.467, 154
Trd, 000102.633, 168
Trd, 000103.467, 155
Trd, 000104.183, 167
Trd, 000104.583, 155
Trd, 000105.850, 163
Trd, 000106.467, 164
Trd, 000106.517, 154
Trd, 000106.950, 176
Trd, 000107.750, 148
Trd, 000108.717, 164
Trd, 000108.767, 163
Trd, 000109.800, 166
Trd, 000109.817, 149
Trd, 000111.167, 162
Trd, 000111.650, 155
Trd, 000111.767, 153
Trd, 000112.017, 141
Trd, 000112.067, 162
Trd, 000113.233, 169
Trd, 000113.617, 179
Trd, 000114.167, 147
Trd, 000115.817, 172
Trd, 000116.233, 153
Trd, 000116.483, 153
Trd, 000116.800, 152
Trd, 000117.200, 171
Trd, 000117.633, 171
Trd, 000117.817, 166
Trd, 000117.933, 172
Trd, 000118.800, 167
Trd, 000120.550, 161
Trd, 000120.567, 163
Trd, 000121.300, 157
Trd, 000121.567, 161
Trd, 000122.383, 161
Trd, 000122.933, 161
Trd, 000123.150, 175
Trd, 000123.433, 180
Trd, 000124.150, 187
Trd, 000124.517, 205
Trd, 000124.600, 303.0
Trd, 000125.717, 310.0
Trd, 000125.817, 313.0
Trd, 000125.833, 320.0
Trd, 000126.600, 327.0
Trd, 000127.333, 350
Trd, 000127.617, 349
Trd, 000128.033, 355.0
Trd, 000128.183, 322
Trd, 000129.167, 328
Trd, 000129.483, 336
Trd, 000130.783, 330
Trd, 000130.917, 342
Trd, 000131.083, 329
Trd, 000131.350, 330
Trd, 000131.517, 344
Trd, 000132.817, 329
Trd, 000133.550, 359
Trd, 000133.800, 327
Trd, 000135.550, 330
Trd, 000135.633, 332
Trd, 000135.967, 329
Trd, 000136.583, 333
Trd, 000136.850, 337
Trd, 000137.217, 355.0
Trd, 000139.183, 343
Trd, 000140.050, 338.0
Trd, 000140.567, 346
Trd, 000140.950, 344
Trd, 000141.200, 345
Trd, 000141.533, 343
Trd, 000141.933, 342.0
Trd, 000142.733, 340.0
Trd, 000143.850, 353
Trd, 000144.383, 357
Trd, 000145.133, 349
Trd, 000145.633, 344
Trd, 000145.750, 344.0
Trd, 000146.167, 338.0
Trd, 000146.417, 354
Trd, 000147.967, 353
Trd, 000148.450, 354
Trd, 000148.533, 346
Trd, 000148.700, 344
Trd, 000149.083, 355
Trd, 000149.483, 344.0
Trd, 000150.617, 345.0
Trd, 000150.850, 344.0
Trd, 000151.133, 348
Trd, 000151.183, 349
Trd, 000151.267, 337.0
Trd, 000152.267, 329
Trd, 000152.567, 329
Trd, 000153.067, 329
Trd, 000154.233, 349
Trd, 000154.483, 343
Trd, 000155.017, 347
Trd, 000155.383, 344
Trd, 000155.617, 344
Trd, 000155.650, 345
Trd, 000156.717, 337.0
Trd, 000156.967, 326
Trd, 000157.383, 343
Trd, 000157.567, 344
Trd, 000158.183, 328
Trd, 000158.967, 332
Trd, 000159.500, 331.0
Trd, 000160.150, 336
Trd, 000160.867, 353
Trd, 000161.267, 352
Trd, 000162.867, 345
Trd, 000163.050, 350
Trd, 000163.267, 345
Trd, 000163.567, 358
Trd, 000163.933, 355.0
Trd, 000165.333, 348
Trd, 000166.483, 350
Trd, 000166.983, 350
Trd, 000167.100, 351
Trd, 000167.500, 347
Trd, 000167.583, 350
Trd, 000167.717, 344.0
Trd, 000168.350, 350
Trd, 000169.167, 349
Trd, 000170.050, 344.0
Trd, 000170.317, 343.0
Trd, 000171.050, 344.0
Trd, 000172.550, 348
Trd, 000173.450, 346
Trd, 000173.567, 345.0
Trd, 000174.067, 346
Trd, 000174.083, 354
Trd, 000174.850, 355.0
Trd, 000174.950, 350
Trd, 000175.717, 346.0
Trd, 000177.817, 350
Trd, 000177.950, 349
Trd, 000178.183, 358
Trd, 000179.283, 361
Trd, 000179.600, 362
Trd, 000179.733, 361
Trd, 000179.917, 359
Trd, 000181.150, 355.0
Trd, 000182.333, 363
Trd, 000182.383, 362
Trd, 000183.417, 337.0
Trd, 000183.600, 330
Trd, 000183.817, 323
Trd, 000183.933, 316
Trd, 000184.017, 310.0
Trd, 000184.300, 296
Trd, 000184.517, 248
Trd, 000184.850, 191
Trd, 000185.617, 190
Trd, 000185.700, 183
Trd, 000186.050, 176
Trd, 000186.167, 177
Trd, 000186.600, 184
Trd, 000187.650, 196
Trd, 000188.283, 187
Trd, 000188.683, 177
Trd, 000188.800, 175
Trd, 000189.333, 175
Trd, 000190.217, 174
Trd, 000190.833, 177
Trd, 000191.667, 165
Trd, 000191.750, 164
Trd, 000191.917, 166
Trd, 000192.083, 176
Trd, 000194.217, 177
Trd, 000194.400, 159
Trd, 000194.533, 156
Trd, 000195.600, 176
Trd, 000196.800, 158
Trd, 000197.000, 162
Trd, 000197.017, 155
Trd, 000197.233, 184
Trd, 000197.317, 156
Trd, 000197.867, 156
Trd, 000198.483, 151
Trd, 000198.700, 175
Trd, 000198.800, 165
Trd, 000199.000, 181
Trd, 000201.283, 182
Trd, 000202.033, 179
Trd, 000202.500, 178
Trd, 000203.817, 176
Trd, 000203.917, 177
Trd, 000205.000, 178
Trd, 000205.417, 177
Trd, 000205.433, 176
Trd, 000206.717, 181
Trd, 000206.867, 185
Trd, 000207.033, 176
Trd, 000207.750, 176
Trd, 000207.967, 164
Trd, 000208.867, 178
Trd, 000209.450, 179
Trd, 000210.117, 159
Trd, 000210.967, 158
Trd, 000211.300, 174
Trd, 000211.650, 161
Trd, 000211.717, 180
Trd, 000211.900, 160
Trd, 000212.667, 179
Trd, 000212.700, 158
Trd, 000213.700, 168
Trd, 000215.433, 165
Trd, 000216.050, 175
Trd, 000216.267, 164
Trd, 000216.367, 177
Trd, 000218.117, 180
Trd, 000218.733, 179
Trd, 000219.500, 179
Trd, 000219.633, 178
Trd, 000219.750, 177
Trd, 000219.933, 180
Trd, 000220.467, 168
Trd, 000221.000, 180
Trd, 000221.383, 169
Trd, 000221.400, 166
Trd, 000222.183, 187
Trd, 000222.283, 161
Trd, 000222.400, 160
Trd, 000222.467, 189
Trd, 000223.933, 160
Trd, 000226.200, 187
Trd, 000226.400, 181
Trd, 000227.367, 182
Trd, 000227.433, 184
Trd, 000228.517, 179
Trd, 000229.167, 182
Trd, 000229.300, 178
Trd, 000230.117, 157
Trd, 000230.183, 166
Trd, 000230.300, 172
Trd, 000231.850, 165
Trd, 000232.033, 166
Trd, 000232.433, 180
Trd, 000232.683, 178
Trd, 000232.917, 182
Trd, 000233.317, 166
Trd, 000233.850, 165
Trd, 000234.133, 179
Trd, 000234.733, 174
Trd, 000235.233, 181
Trd, 000235.517, 161
Trd, 000237.700, 173
Trd, 000238.250, 180
Trd, 000238.867, 179
Trd, 000239.667, 161
Trd, 000239.867, 161
Trd, 000239.933, 154
Trd, 000240.567, 163
Trd, 000240.883, 164
Trd, 000241.383, 165
Trd, 000241.483, 166
Trd, 000241.933, 168
Trd, 000242.083, 172
Trd, 000242.500, 167
Trd, 000242.650, 180
Trd, 000243.433, 178
Trd, 000244.350, 179
Trd, 000244.400, 180
Trd, 000244.583, 183
Trd, 000244.633, 182
Trd, 000244.700, 181
Trd, 000244.900, 179
Trd, 000245.233, 174
Trd, 000246.183, 173
Trd, 000246.283, 174
Trd, 000246.817, 179
Trd, 000247.483, 178
Trd, 000247.567, 181
Trd, 000248.083, 176
Trd, 000248.950, 173
Trd, 000249.617, 180
Trd, 000249.933, 174
Trd, 000250.267, 177
Trd, 000251.067, 177
Trd, 000251.317, 177
Trd, 000251.467, 178
Trd, 000252.950, 177
Trd, 000253.050, 177
Trd, 000253.617, 180
Trd, 000254.050, 176
Trd, 000254.733, 180
Trd, 000255.067, 183
Trd, 000255.250, 190
Trd, 000255.517, 181
Trd, 000255.700, 180
Trd, 000255.767, 177
Trd, 000255.833, 183
Trd, 000256.817, 175
Trd, 000257.000, 177
Trd, 000257.183, 177
Trd, 000257.300, 173
Trd, 000257.567, 171
Trd, 000257.783, 172
Trd, 000258.000, 169
Trd, 000258.717, 174
Trd, 000258.967, 177
Trd, 000259.533, 169
Trd, 000260.150, 169
Trd, 000261.017, 161
Trd, 000261.267, 169
Trd, 000262.217, 169
Trd, 000262.267, 170
Trd, 000262.433, 170
Trd, 000262.450, 168
Trd, 000262.467, 181
Trd, 000264.283, 170
Trd, 000264.333, 174
Trd, 000264.400, 174
Trd, 000265.050, 183
Trd, 000265.083, 184
Trd, 000265.183, 185
Trd, 000265.583, 174
Trd, 000266.283, 174
Trd, 000266.333, 174
Trd, 000266.367, 183
Trd, 000266.817, 185
Trd, 000267.400, 191
Trd, 000267.533, 190
Trd, 000268.700, 182
Trd, 000269.800, 190
Trd, 000269.933, 185
Trd, 000270.100, 171
Trd, 000270.317, 164
Trd, 000271.333, 164
Trd, 000271.533, 154
Trd, 000272.000, 171
Trd, 000272.150, 174
Trd, 000272.567, 158
Trd, 000273.200, 164
Trd, 000273.300, 161
Trd, 000274.050, 165
Trd, 000274.383, 167
Trd, 000274.467, 173
Trd, 000274.967, 172
Trd, 000275.700, 176
Trd, 000275.750, 181
Trd, 000276.050, 178
Trd, 000276.717, 178
Trd, 000277.117, 180
Trd, 000277.333, 178
Trd, 000277.650, 182
Trd, 000277.983, 176
Trd, 000278.500, 183
Trd, 000278.550, 172
Trd, 000278.567, 183
Trd, 000278.650, 164
Trd, 000279.500, 167
Trd, 000279.550, 164
Trd, 000280.200, 185
Trd, 000280.250, 156
Trd, 000281.617, 177
Trd, 000282.000, 185
Trd, 000282.100, 175
Trd, 000282.300, 186
Trd, 000282.517, 193
Trd, 000282.733, 182
Trd, 000283.683, 188
Trd, 000284.317, 191
Trd, 000284.733, 179
Trd, 000284.850, 176
Trd, 000285.283, 191
Trd, 000285.483, 191
Trd, 000286.000, 184
Trd, 000286.567, 194
Trd, 000286.683, 185
Trd, 000287.133, 185
Trd, 000287.467, 190
Trd, 000287.700, 184
Trd, 000287.967, 183
Trd, 000288.050, 172
Trd, 000289.333, 166
Trd, 000289.500, 173
Trd, 000289.733, 177
Trd, 000290.450, 172
Trd, 000291.500, 172
Trd, 000291.733, 173
Trd, 000291.850, 182
Trd, 000292.067, 169
Trd, 000292.400, 179
Trd, 000293.517, 187
Trd, 000294.300, 182
Trd, 000294.367, 180
Trd, 000294.717, 184
Trd, 000295.017, 184
Trd, 000295.900, 176
Trd, 000295.967, 191
Trd, 000296.483, 176
Trd, 000296.667, 175
Trd, 000296.883, 173
Trd, 000297.517, 175
Trd, 000297.617, 177
Trd, 000297.767, 166
Trd, 000297.850, 168
Trd, 000298.450, 188
Trd, 000298.533, 194
Trd, 000298.617, 157
Trd, 000298.633, 195
Trd, 000299.100, 178
Trd, 000299.133, 185
Trd, 000299.433, 169
Trd, 000299.733, 198
