Trd, 000001.767, 182
Trd, 000002.283, 180
Trd, 000002.833, 179
Trd, 000002.867, 174
Trd, 000003.117, 172
Trd, 000003.217, 148
Trd, 000003.600, 156
Trd, 000003.717, 145
Trd, 000006.083, 161
Trd, 000006.833, 150
Trd, 000007.650, 148
Trd, 000008.033, 149
Trd, 000008.583, 149
Trd, 000008.617, 149
Trd, 000009.400, 148
Trd, 000009.600, 148
Trd, 000010.300, 146
Trd, 000010.517, 147
Trd, 000011.367, 159
Trd, 000012.350, 150
Trd, 000012.767, 153
Trd, 000012.783, 157
Trd, 000013.533, 156
Trd, 000014.567, 149
Trd, 000015.300, 150
Trd, 000015.433, 149
Trd, 000016.067, 150
Trd, 000016.317, 153
Trd, 000017.817, 154
Trd, 000017.933, 154
Trd, 000018.633, 155
Trd, 000019.967, 152
Trd, 000020.467, 151
Trd, 000020.867, 152
Trd, 000021.033, 151
Trd, 000021.483, 151
Trd, 000022.433, 153
Trd, 000022.533, 152
Trd, 000022.567, 150
Trd, 000022.983, 153
Trd, 000024.433, 150
Trd, 000024.950, 150
Trd, 000025.267, 152
Trd, 000025.633, 157
Trd, 000027.133, 152
Trd, 000027.467, 152
Trd, 000027.650, 154
Trd, 000028.450, 154
Trd, 000028.750, 155
Trd, 000029.383, 158
Trd, 000030.650, 156
Trd, 000030.817, 154
Trd, 000031.450, 152
Trd, 000031.850, 151
Trd, 000032.183, 152
Trd, 000032.267, 153
Trd, 000032.367, 154
Trd, 000032.900, 155
Trd, 000033.933, 154
Trd, 000034.717, 154
Trd, 000035.233, 153
Trd, 000035.283, 154
Trd, 000035.900, 153
Trd, 000036.300, 158
Trd, 000037.083, 162
Trd, 000037.300, 152
Trd, 000038.817, 159
Trd, 000039.150, 160
Trd, 000039.467, 154
Trd, 000040.200, 157
Trd, 000040.400, 156
Trd, 000041.083, 157
Trd, 000042.350, 156
Trd, 000043.250, 156
Trd, 000043.267, 159
Trd, 000043.667, 161
Trd, 000043.683, 162
Trd, 000043.983, 163
Trd, 000044.800, 161
Trd, 000044.950, 160
Trd, 000045.000, 158
Trd, 000045.750, 160
Trd, 000046.050, 158
Trd, 000046.917, 159
Trd, 000046.933, 157
Trd, 000047.383, 158
Trd, 000047.700, 159
Trd, 000048.433, 158
Trd, 000048.900, 152
Trd, 000050.450, 156
Trd, 000051.000, 155
Trd, 000051.217, 154
Trd, 000051.233, 154
Trd, 000051.983, 153
Trd, 000052.233, 153
Trd, 000052.383, 153
Trd, 000052.633, 154
Trd, 000053.117, 160
Trd, 000053.217, 163
Trd, 000055.250, 160
Trd, 000055.550, 153
Trd, 000055.883, 159
Trd, 000056.550, 153
Trd, 000056.783, 152
Trd, 000057.100, 152
Trd, 000058.400, 151
Trd, 000058.467, 152
Trd, 000058.483, 156
Trd, 000059.633, 154
Trd, 000059.917, 153
Trd, 000060.617, 154
Trd, 000060.900, 152
Trd, 000061.217, 151
Trd, 000061.800, 152
Trd, 000062.467, 150
Trd, 000064.267, 152
Trd, 000065.017, 152
Trd, 000065.050, 153
Trd, 000066.000, 152
Trd, 000066.067, 154
Trd, 000066.250, 161
Trd, 000067.767, 156
Trd, 000068.050, 158
Trd, 000068.367, 155
Trd, 000068.883, 155
Trd, 000069.233, 156
Trd, 000070.550, 158
Trd, 000071.350, 158
Trd, 000071.483, 159
Trd, 000071.933, 161
Trd, 000072.383, 159
Trd, 000073.100, 162
Trd, 000073.367, 155
Trd, 000073.433, 170
Trd, 000073.517, 171
Trd, 000074.133, 165
Trd, 000075.017, 163
Trd, 000075.217, 164
Trd, 000075.433, 163
Trd, 000075.550, 162
Trd, 000077.483, 164
Trd, 000077.533, 165
Trd, 000077.583, 163
Trd, 000078.417, 163
Trd, 000078.433, 157
Trd, 000079.483, 160
Trd, 000079.917, 160
Trd, 000080.817, 161
Trd, 000081.283, 162
Trd, 000081.817, 162
Trd, 000081.883, 161
Trd, 000082.967, 164
Trd, 000083.667, 161
Trd, 000083.750, 160
Trd, 000083.783, 163
Trd, 000085.400, 162
Trd, 000085.600, 161
Trd, 000085.967, 161
Trd, 000086.200, 160
Trd, 000086.700, 162
Trd, 000087.117, 160
Trd, 000087.600, 159
Trd, 000088.517, 160
Trd, 000089.250, 160
Trd, 000090.267, 162
Trd, 000090.450, 163
Trd, 000090.767, 164
Trd, 000092.383, 162
Trd, 000093.100, 162
Trd, 000093.433, 162
Trd, 000093.917, 164
Trd, 000094.217, 162
Trd, 000094.750, 166
Trd, 000094.950, 167
Trd, 000095.017, 162
Trd, 000096.700, 168
Trd, 000096.833, 161
Trd, 000097.367, 169
Trd, 000098.200, 162
Trd, 000098.233, 168
Trd, 000098.267, 170
Trd, 000099.317, 167
Trd, 000100.700, 166
Trd, 000101.050, 164
Trd, 000101.917, 164
Trd, 000102.150, 162
Trd, 000102.283, 161
Trd, 000102.833, 165
Trd, 000102.867, 164
Trd, 000103.533, 159
Trd, 000103.817, 157
Trd, 000105.583, 161
Trd, 000106.533, 155
Trd, 000106.683, 155
Trd, 000106.817, 156
Trd, 000107.333, 156
Trd, 000108.050, 156
Trd, 000108.367, 156
Trd, 000108.933, 157
Trd, 000109.450, 156
Trd, 000109.733, 165
Trd, 000110.033, 158
Trd, 000110.333, 167
Trd, 000110.917, 159
Trd, 000111.933, 167
Trd, 000111.950, 168
Trd, 000112.833, 167
Trd, 000114.367, 161
Trd, 000114.483, 162
Trd, 000115.383, 161
Trd, 000115.750, 161
Trd, 000115.817, 160
Trd, 000116.317, 165
Trd, 000116.400, 165
Trd, 000117.083, 162
Trd, 000117.650, 165
Trd, 000118.050, 157
Trd, 000118.783, 166
Trd, 000119.100, 163
Trd, 000119.150, 161
Trd, 000120.083, 162
Trd, 000120.833, 161
Trd, 000121.567, 162
Trd, 000121.900, 164
Trd, 000122.000, 164
Trd, 000122.050, 167
Trd, 000122.167, 169
Trd, 000123.117, 170
Trd, 000123.367, 177
Trd, 000124.283, 306.0
Trd, 000124.483, 210
Trd, 000124.600, 334.0
Trd, 000124.850, 344.0
Trd, 000125.017, 348.0
Trd, 000127.167, 340
Trd, 000127.700, 346
Trd, 000127.833, 350
Trd, 000128.950, 349
Trd, 000129.283, 350
Trd, 000129.433, 349
Trd, 000130.633, 352
Trd, 000131.083, 349
Trd, 000132.067, 350
Trd, 000132.233, 347
Trd, 000133.050, 346
Trd, 000133.533, 347
Trd, 000134.333, 349
Trd, 000134.433, 349
Trd, 000134.517, 357
Trd, 000136.067, 349
Trd, 000136.200, 347
Trd, 000138.133, 355
Trd, 000138.233, 357
Trd, 000138.917, 364.0
Trd, 000140.000, 354.0
Trd, 000140.783, 354
Trd, 000140.867, 355.0
Trd, 000141.100, 348
Trd, 000142.167, 350
Trd, 000142.800, 356.0
Trd, 000142.833, 357
Trd, 000144.167, 352
Trd, 000144.550, 352
Trd, 000144.883, 345
Trd, 000146.417, 348.0
Trd, 000146.533, 349
Trd, 000147.683, 348
Trd, 000147.850, 351
Trd, 000149.367, 347
Trd, 000149.850, 346
Trd, 000150.450, 348
Trd, 000150.517, 358
Trd, 000150.917, 370.0
Trd, 000151.483, 348
Trd, 000151.817, 347
Trd, 000152.967, 348
Trd, 000153.167, 347.0
Trd, 000153.467, 347
Trd, 000154.517, 346.0
Trd, 000154.867, 344
Trd, 000155.300, 343
Trd, 000155.350, 346
Trd, 000156.583, 344
Trd, 000157.167, 347
Trd, 000157.667, 342
Trd, 000158.617, 345
Trd, 000158.633, 344
Trd, 000159.617, 346
Trd, 000159.650, 347.0
Trd, 000159.867, 350
Trd, 000161.600, 348.0
Trd, 000162.183, 349
Trd, 000162.717, 350
Trd, 000163.367, 346
Trd, 000163.683, 345
Trd, 000165.167, 343
Trd, 000165.550, 344
Trd, 000166.017, 344
Trd, 000166.200, 344.0
Trd, 000168.100, 343
Trd, 000168.550, 342.0
Trd, 000168.700, 343.0
Trd, 000168.967, 341
Trd, 000168.983, 340
Trd, 000169.167, 340
Trd, 000170.783, 342
Trd, 000170.933, 342.0
Trd, 000171.900, 344.0
Trd, 000171.950, 342
Trd, 000172.767, 345
Trd, 000173.333, 347
Trd, 000173.733, 348.0
Trd, 000174.283, 348
Trd, 000174.917, 347
Trd, 000175.633, 347
Trd, 000176.283, 346.0
Trd, 000177.350, 345.0
Trd, 000177.433, 348.0
Trd, 000179.550, 345
Trd, 000180.983, 345
Trd, 000181.333, 341
Trd, 000181.550, 344
Trd, 000181.583, 340
Trd, 000181.600, 334.0
Trd, 000181.617, 300.0
Trd, 000182.033, 298
Trd, 000183.117, 306
Trd, 000183.500, 301
Trd, 000183.567, 285
Trd, 000183.617, 277
Trd, 000183.783, 218
Trd, 000185.550, 198
Trd, 000185.567, 197
Trd, 000185.967, 190
Trd, 000186.467, 183
Trd, 000186.500, 187
Trd, 000186.583, 186
Trd, 000187.100, 185
Trd, 000187.133, 186
Trd, 000188.000, 184
Trd, 000188.117, 183
Trd, 000188.200, 187
Trd, 000188.283, 190
Trd, 000189.867, 184
Trd, 000189.917, 190
Trd, 000191.033, 186
Trd, 000192.067, 168
Trd, 000193.800, 172
Trd, 000194.017, 167
Trd, 000194.350, 170
Trd, 000195.250, 166
Trd, 000195.433, 171
Trd, 000195.700, 174
Trd, 000196.300, 176
Trd, 000196.550, 170
Trd, 000197.417, 171
Trd, 000197.867, 172
Trd, 000198.117, 170
Trd, 000198.417, 173
Trd, 000198.700, 177
Trd, 000199.000, 170
Trd, 000199.383, 172
Trd, 000199.500, 173
Trd, 000199.717, 175
Trd, 000201.217, 174
Trd, 000202.150, 171
Trd, 000202.250, 172
Trd, 000202.850, 170
Trd, 000203.000, 171
Trd, 000203.200, 175
Trd, 000203.700, 175
Trd, 000205.100, 172
Trd, 000205.233, 171
Trd, 000206.483, 170
Trd, 000206.817, 168
Trd, 000207.317, 169
Trd, 000207.850, 172
Trd, 000208.467, 168
Trd, 000209.050, 167
Trd, 000209.450, 169
Trd, 000210.117, 169
Trd, 000210.717, 170
Trd, 000210.800, 169
Trd, 000210.833, 168
Trd, 000211.117, 171
Trd, 000212.250, 171
Trd, 000213.000, 171
Trd, 000213.500, 170
Trd, 000213.667, 169
Trd, 000214.267, 168
Trd, 000215.167, 168
Trd, 000216.083, 169
Trd, 000217.000, 169
Trd, 000217.083, 170
Trd, 000218.117, 175
Trd, 000219.417, 172
Trd, 000220.917, 169
Trd, 000221.150, 168
Trd, 000221.267, 167
Trd, 000221.450, 166
Trd, 000222.017, 168
Trd, 000222.083, 170
Trd, 000222.567, 170
Trd, 000222.667, 169
Trd, 000224.233, 170
Trd, 000224.417, 169
Trd, 000224.933, 169
Trd, 000225.067, 171
Trd, 000225.433, 168
Trd, 000226.167, 172
Trd, 000226.233, 177
Trd, 000227.100, 172
Trd, 000227.317, 180
Trd, 000227.967, 181
Trd, 000228.183, 178
Trd, 000228.200, 175
Trd, 000228.900, 180
Trd, 000229.400, 179
Trd, 000231.333, 174
Trd, 000231.850, 174
Trd, 000232.400, 173
Trd, 000232.500, 174
Trd, 000233.350, 174
Trd, 000234.017, 181
Trd, 000235.867, 180
Trd, 000236.367, 177
Trd, 000236.850, 177
Trd, 000237.767, 176
Trd, 000237.817, 177
Trd, 000238.183, 176
Trd, 000238.683, 178
Trd, 000238.733, 175
Trd, 000240.183, 172
Trd, 000240.400, 180
Trd, 000241.083, 176
Trd, 000241.100, 174
Trd, 000241.767, 174
Trd, 000242.383, 174
Trd, 000242.500, 173
Trd, 000242.783, 171
Trd, 000242.950, 168
Trd, 000243.000, 177
Trd, 000243.233, 177
Trd, 000244.017, 180
Trd, 000245.000, 168
Trd, 000245.450, 170
Trd, 000245.867, 166
Trd, 000246.833, 167
Trd, 000246.917, 167
Trd, 000247.750, 167
Trd, 000248.183, 168
Trd, 000248.400, 168
Trd, 000249.017, 168
Trd, 000250.350, 168
Trd, 000250.683, 169
Trd, 000251.683, 169
Trd, 000251.833, 171
Trd, 000252.067, 180
Trd, 000253.533, 179
Trd, 000253.683, 179
Trd, 000253.750, 180
Trd, 000253.833, 181
Trd, 000253.933, 176
Trd, 000254.067, 176
Trd, 000254.633, 180
Trd, 000256.100, 180
Trd, 000256.600, 181
Trd, 000257.800, 177
Trd, 000259.267, 179
Trd, 000259.483, 178
Trd, 000259.600, 178
Trd, 000259.767, 179
Trd, 000259.833, 177
Trd, 000259.850, 177
Trd, 000260.567, 177
Trd, 000260.767, 179
Trd, 000261.050, 173
Trd, 000261.567, 181
Trd, 000261.583, 182
Trd, 000262.483, 182
Trd, 000264.917, 179
Trd, 000265.350, 179
Trd, 000265.500, 182
Trd, 000265.583, 178
Trd, 000265.900, 182
Trd, 000265.933, 178
Trd, 000266.067, 179
Trd, 000266.250, 174
Trd, 000267.517, 178
Trd, 000267.750, 178
Trd, 000267.900, 178
Trd, 000268.150, 177
Trd, 000269.033, 183
Trd, 000269.383, 183
Trd, 000269.583, 180
Trd, 000270.133, 182
Trd, 000271.150, 182
Trd, 000271.517, 181
Trd, 000271.800, 177
Trd, 000272.683, 180
Trd, 000272.817, 178
Trd, 000274.233, 176
Trd, 000274.267, 177
Trd, 000274.683, 182
Trd, 000275.700, 181
Trd, 000275.983, 183
Trd, 000276.483, 184
Trd, 000277.517, 183
Trd, 000277.683, 181
Trd, 000277.700, 183
Trd, 000278.567, 182
Trd, 000278.617, 183
Trd, 000278.950, 175
Trd, 000279.050, 179
Trd, 000279.267, 184
Trd, 000279.600, 167
Trd, 000279.667, 185
Trd, 000280.783, 181
Trd, 000281.783, 176
Trd, 000282.150, 178
Trd, 000282.617, 182
Trd, 000283.283, 180
Trd, 000283.700, 180
Trd, 000284.167, 181
Trd, 000284.883, 181
Trd, 000285.667, 180
Trd, 000286.067, 180
Trd, 000286.350, 181
Trd, 000286.683, 180
Trd, 000286.983, 182
Trd, 000287.733, 186
Trd, 000287.967, 181
Trd, 000288.267, 184
Trd, 000288.633, 182
Trd, 000288.950, 180
Trd, 000289.183, 181
Trd, 000289.633, 176
Trd, 000290.383, 180
Trd, 000291.283, 176
Trd, 000291.433, 176
Trd, 000291.717, 177
Trd, 000292.050, 184
Trd, 000292.333, 186
Trd, 000293.283, 184
Trd, 000293.467, 187
Trd, 000293.567, 188
Trd, 000293.750, 191
Trd, 000294.900, 187
Trd, 000295.567, 188
Trd, 000296.117, 189
Trd, 000296.783, 188
Trd, 000297.117, 187
Trd, 000297.267, 186
Trd, 000297.383, 187
Trd, 000297.500, 186
Trd, 000298.167, 178
Trd, 000298.683, 184
