Trd, 000001.517, 117
Trd, 000001.817, 151
Trd, 000002.700, 128
Trd, 000002.867, 134
Trd, 000003.233, 130
Trd, 000003.383, 129
Trd, 000004.750, 140
Trd, 000004.900, 139
Trd, 000004.967, 134
Trd, 000005.533, 146
Trd, 000005.700, 148
Trd, 000005.983, 155
Trd, 000006.533, 148
Trd, 000007.567, 152
Trd, 000008.117, 151
Trd, 000009.550, 145
Trd, 000009.833, 147
Trd, 000011.017, 140
Trd, 000011.133, 149
Trd, 000011.400, 147
Trd, 000011.500, 132
Trd, 000012.267, 143
Trd, 000012.317, 133
Trd, 000012.650, 143
Trd, 000012.700, 137
Trd, 000012.767, 146
Trd, 000013.517, 144
Trd, 000013.683, 144
Trd, 000014.167, 139
Trd, 000016.633, 144
Trd, 000016.800, 145
Trd, 000017.250, 147
Trd, 000017.383, 144
Trd, 000017.883, 149
Trd, 000018.200, 146
Trd, 000018.317, 149
Trd, 000019.433, 143
Trd, 000019.733, 149
Trd, 000021.350, 149
Trd, 000021.900, 148
Trd, 000021.967, 150
Trd, 000023.000, 150
Trd, 000023.183, 150
Trd, 000023.683, 150
Trd, 000023.950, 149
Trd, 000024.217, 153
Trd, 000024.467, 146
Trd, 000025.850, 154
Trd, 000026.150, 147
Trd, 000026.867, 155
Trd, 000027.883, 157
Trd, 000027.900, 162
Trd, 000028.183, 161
Trd, 000028.583, 160
Trd, 000028.867, 151
Trd, 000029.100, 158
Trd, 000029.967, 163
Trd, 000030.983, 157
Trd, 000031.367, 163
Trd, 000032.283, 156
Trd, 000032.950, 160
Trd, 000033.783, 159
Trd, 000033.883, 157
Trd, 000034.017, 147
Trd, 000034.783, 155
Trd, 000035.000, 155
Trd, 000035.767, 150
Trd, 000036.167, 156
Trd, 000036.583, 157
Trd, 000037.083, 155
Trd, 000037.400, 149
Trd, 000037.500, 153
Trd, 000038.083, 151
Trd, 000039.017, 149
Trd, 000039.633, 144
Trd, 000040.083, 150
Trd, 000040.450, 144
Trd, 000040.617, 151
Trd, 000041.700, 151
Trd, 000042.050, 152
Trd, 000042.567, 150
Trd, 000042.633, 148
Trd, 000043.617, 148
Trd, 000043.967, 145
Trd, 000044.083, 153
Trd, 000044.100, 144
Trd, 000044.500, 135
Trd, 000044.917, 149
Trd, 000045.167, 150
Trd, 000047.250, 145
Trd, 000048.100, 146
Trd, 000048.283, 148
Trd, 000048.317, 149
Trd, 000048.333, 149
Trd, 000049.633, 149
Trd, 000050.017, 152
Trd, 000050.033, 156
Trd, 000051.267, 153
Trd, 000052.317, 156
Trd, 000052.500, 160
Trd, 000052.900, 159
Trd, 000053.467, 158
Trd, 000053.883, 158
Trd, 000054.150, 157
Trd, 000055.800, 158
Trd, 000055.900, 157
Trd, 000056.450, 160
Trd, 000057.383, 157
Trd, 000057.783, 151
Trd, 000058.000, 152
Trd, 000058.717, 153
Trd, 000059.317, 152
Trd, 000059.383, 155
Trd, 000059.633, 157
Trd, 000060.667, 161
Trd, 000061.067, 168
Trd, 000061.467, 155
Trd, 000062.150, 171
Trd, 000062.933, 162
Trd, 000063.383, 160
Trd, 000064.833, 161
Trd, 000065.250, 164
Trd, 000065.517, 164
Trd, 000065.783, 159
Trd, 000066.000, 164
Trd, 000067.450, 159
Trd, 000067.517, 150
Trd, 000067.650, 160
Trd, 000067.967, 161
Trd, 000069.350, 155
Trd, 000069.783, 156
Trd, 000070.017, 155
Trd, 000070.817, 160
Trd, 000070.933, 156
Trd, 000071.033, 148
Trd, 000071.583, 159
Trd, 000072.083, 158
Trd, 000074.667, 156
Trd, 000074.717, 155
Trd, 000075.083, 162
Trd, 000076.217, 159
Trd, 000076.267, 161
Trd, 000076.367, 162
Trd, 000077.183, 162
Trd, 000077.217, 156
Trd, 000077.600, 161
Trd, 000077.800, 158
Trd, 000078.867, 159
Trd, 000079.600, 157
Trd, 000080.483, 157
Trd, 000081.483, 158
Trd, 000081.517, 157
Trd, 000081.550, 163
Trd, 000082.917, 156
Trd, 000083.200, 156
Trd, 000083.333, 155
Trd, 000084.650, 154
Trd, 000084.817, 156
Trd, 000084.967, 156
Trd, 000085.067, 159
Trd, 000085.467, 152
Trd, 000086.050, 155
Trd, 000087.017, 153
Trd, 000087.700, 154
Trd, 000088.100, 153
Trd, 000088.467, 170
Trd, 000089.883, 160
Trd, 000090.000, 161
Trd, 000090.100, 153
Trd, 000090.817, 154
Trd, 000090.900, 153
Trd, 000092.383, 158
Trd, 000092.817, 154
Trd, 000093.200, 157
Trd, 000094.567, 157
Trd, 000095.300, 155
Trd, 000096.400, 154
Trd, 000096.667, 153
Trd, 000097.133, 155
Trd, 000097.317, 157
Trd, 000099.250, 158
Trd, 000099.600, 158
Trd, 000099.617, 159
Trd, 000100.000, 154
Trd, 000100.267, 160
Trd, 000100.433, 161
Trd, 000100.583, 174
Trd, 000101.583, 155
Trd, 000101.883, 155
Trd, 000102.050, 161
Trd, 000103.133, 156
Trd, 000103.217, 157
Trd, 000103.267, 155
Trd, 000103.633, 158
Trd, 000104.900, 158
Trd, 000105.100, 155
Trd, 000105.817, 158
Trd, 000107.017, 158
Trd, 000107.183, 156
Trd, 000107.467, 155
Trd, 000108.850, 158
Trd, 000109.217, 156
Trd, 000109.500, 158
Trd, 000109.900, 161
Trd, 000110.300, 161
Trd, 000110.333, 157
Trd, 000110.367, 164
Trd, 000110.533, 172
Trd, 000110.867, 186
Trd, 000110.883, 159
Trd, 000111.400, 160
Trd, 000112.133, 155
Trd, 000113.317, 166
Trd, 000114.567, 161
Trd, 000114.700, 155
Trd, 000115.033, 161
Trd, 000115.483, 163
Trd, 000116.567, 161
Trd, 000116.867, 160
Trd, 000116.967, 161
Trd, 000117.300, 160
Trd, 000117.400, 162
Trd, 000117.750, 162
Trd, 000118.200, 159
Trd, 000118.667, 162
Trd, 000119.433, 163
Trd, 000120.467, 165
Trd, 000120.533, 158
Trd, 000121.550, 156
Trd, 000122.067, 164
Trd, 000122.367, 176
Trd, 000122.633, 187
Trd, 000123.517, 171
Trd, 000123.633, 208
Trd, 000123.733, 234
Trd, 000123.867, 236
Trd, 000124.400, 333
Trd, 000124.700, 341
Trd, 000125.450, 317.0
Trd, 000125.733, 334.0
Trd, 000126.167, 332
Trd, 000126.450, 319
Trd, 000128.350, 317.0
Trd, 000128.817, 321
Trd, 000129.433, 323
Trd, 000129.633, 326
Trd, 000130.333, 325
Trd, 000130.367, 327
Trd, 000130.417, 327
Trd, 000130.583, 331.0
Trd, 000132.067, 344.0
Trd, 000132.333, 333
Trd, 000132.800, 344.0
Trd, 000133.100, 350.0
Trd, 000133.867, 336
Trd, 000135.517, 348.0
Trd, 000136.317, 346.0
Trd, 000136.333, 345
Trd, 000136.683, 344.0
Trd, 000137.100, 345
Trd, 000137.650, 347
Trd, 000137.833, 347
Trd, 000138.450, 348
Trd, 000138.617, 345
Trd, 000139.967, 349
Trd, 000139.983, 351.0
Trd, 000142.050, 348
Trd, 000142.133, 349
Trd, 000142.917, 345
Trd, 000143.083, 344
Trd, 000143.617, 346
Trd, 000144.467, 342
Trd, 000145.150, 341
Trd, 000145.367, 344
Trd, 000145.567, 345
Trd, 000145.883, 340
Trd, 000145.967, 345
Trd, 000147.000, 351.0
Trd, 000147.700, 348
Trd, 000147.717, 347
Trd, 000149.017, 344
Trd, 000149.850, 349
Trd, 000149.933, 344.0
Trd, 000150.117, 345
Trd, 000150.833, 342
Trd, 000152.100, 341
Trd, 000152.717, 344
Trd, 000153.000, 345
Trd, 000153.050, 340
Trd, 000154.150, 345
Trd, 000155.817, 339
Trd, 000155.983, 338
Trd, 000156.067, 346
Trd, 000157.350, 340
Trd, 000157.467, 342
Trd, 000157.717, 337
Trd, 000157.733, 344.0
Trd, 000157.900, 348
Trd, 000160.067, 344.0
Trd, 000160.467, 340
Trd, 000160.850, 345
Trd, 000161.517, 344.0
Trd, 000161.533, 338
Trd, 000161.833, 343
Trd, 000161.967, 344
Trd, 000162.017, 345
Trd, 000163.117, 349.0
Trd, 000163.417, 337
Trd, 000163.533, 349.0
Trd, 000164.283, 348
Trd, 000164.433, 348.0
Trd, 000164.683, 346
Trd, 000165.350, 345
Trd, 000166.100, 351.0
Trd, 000166.217, 355.0
Trd, 000167.633, 355.0
Trd, 000167.650, 344
Trd, 000167.667, 343
Trd, 000167.683, 339
Trd, 000168.533, 342
Trd, 000169.667, 343
Trd, 000170.867, 343
Trd, 000171.583, 346
Trd, 000171.950, 337.0
Trd, 000172.367, 337.0
Trd, 000172.950, 343
Trd, 000173.617, 337
Trd, 000174.850, 344
Trd, 000174.917, 346
Trd, 000176.117, 345
Trd, 000176.250, 341
Trd, 000178.133, 341
Trd, 000178.333, 345
Trd, 000178.600, 340
Trd, 000178.683, 339
Trd, 000179.033, 344.0
Trd, 000179.117, 336
Trd, 000179.267, 348
Trd, 000179.800, 354
Trd, 000180.433, 340
Trd, 000181.167, 346
Trd, 000181.433, 339
Trd, 000181.500, 333
Trd, 000181.583, 347.0
Trd, 000181.733, 348.0
Trd, 000182.100, 336
Trd, 000182.550, 331.0
Trd, 000183.100, 324.0
Trd, 000183.217, 320.0
Trd, 000184.067, 312
Trd, 000184.617, 218
Trd, 000184.867, 202
Trd, 000185.700, 193
Trd, 000185.817, 190
Trd, 000186.000, 183
Trd, 000186.383, 195
Trd, 000186.750, 172
Trd, 000187.133, 173
Trd, 000187.383, 171
Trd, 000187.850, 174
Trd, 000188.750, 185
Trd, 000189.583, 185
Trd, 000190.367, 186
Trd, 000190.450, 185
Trd, 000190.483, 184
Trd, 000191.417, 173
Trd, 000191.633, 173
Trd, 000191.683, 174
Trd, 000192.250, 173
Trd, 000192.417, 174
Trd, 000192.533, 172
Trd, 000194.167, 163
Trd, 000194.200, 167
Trd, 000194.617, 167
Trd, 000195.100, 158
Trd, 000195.650, 168
Trd, 000196.333, 168
Trd, 000197.050, 167
Trd, 000197.333, 167
Trd, 000197.767, 164
Trd, 000200.033, 167
Trd, 000200.100, 167
Trd, 000200.167, 166
Trd, 000200.283, 168
Trd, 000200.833, 170
Trd, 000201.717, 165
Trd, 000201.800, 170
Trd, 000203.017, 165
Trd, 000203.567, 173
Trd, 000203.633, 174
Trd, 000204.700, 172
Trd, 000205.050, 170
Trd, 000205.617, 168
Trd, 000206.233, 170
Trd, 000206.267, 166
Trd, 000207.517, 168
Trd, 000208.350, 170
Trd, 000208.667, 169
Trd, 000209.067, 168
Trd, 000209.433, 172
Trd, 000209.550, 175
Trd, 000210.983, 168
Trd, 000211.017, 167
Trd, 000211.817, 174
Trd, 000212.633, 173
Trd, 000212.750, 167
Trd, 000214.450, 171
Trd, 000214.583, 170
Trd, 000214.667, 174
Trd, 000214.833, 168
Trd, 000214.850, 175
Trd, 000216.683, 168
Trd, 000217.633, 165
Trd, 000217.867, 165
Trd, 000218.017, 167
Trd, 000219.083, 166
Trd, 000219.183, 166
Trd, 000219.600, 166
Trd, 000219.650, 168
Trd, 000221.217, 169
Trd, 000221.883, 168
Trd, 000222.217, 166
Trd, 000223.067, 170
Trd, 000223.900, 173
Trd, 000224.833, 171
Trd, 000225.217, 172
Trd, 000226.400, 170
Trd, 000226.417, 175
Trd, 000226.967, 170
Trd, 000227.083, 170
Trd, 000228.850, 170
Trd, 000229.267, 170
Trd, 000229.683, 171
Trd, 000229.900, 173
Trd, 000230.233, 163
Trd, 000230.433, 155
Trd, 000231.117, 167
Trd, 000231.567, 164
Trd, 000231.767, 165
Trd, 000232.100, 153
Trd, 000232.167, 167
Trd, 000232.333, 167
Trd, 000233.150, 168
Trd, 000233.700, 170
Trd, 000234.017, 162
Trd, 000234.267, 168
Trd, 000235.067, 171
Trd, 000235.150, 164
Trd, 000236.417, 171
Trd, 000237.400, 169
Trd, 000237.900, 171
Trd, 000238.250, 171
Trd, 000238.283, 172
Trd, 000239.367, 173
Trd, 000239.633, 170
Trd, 000239.733, 169
Trd, 000240.650, 172
Trd, 000240.700, 173
Trd, 000241.050, 177
Trd, 000241.233, 179
Trd, 000241.367, 182
Trd, 000242.150, 179
Trd, 000242.583, 182
Trd, 000242.767, 183
Trd, 000243.817, 178
Trd, 000244.350, 178
Trd, 000245.450, 179
Trd, 000245.833, 180
Trd, 000246.217, 181
Trd, 000246.267, 183
Trd, 000246.383, 183
Trd, 000246.567, 183
Trd, 000246.783, 179
Trd, 000246.867, 181
Trd, 000247.133, 179
Trd, 000247.200, 177
Trd, 000247.400, 183
Trd, 000248.867, 179
Trd, 000249.083, 179
Trd, 000249.567, 184
Trd, 000249.850, 186
Trd, 000250.167, 183
Trd, 000250.433, 186
Trd, 000250.583, 180
Trd, 000250.900, 187
Trd, 000251.083, 176
Trd, 000252.583, 184
Trd, 000252.667, 184
Trd, 000252.900, 182
Trd, 000253.817, 183
Trd, 000254.467, 186
Trd, 000254.500, 182
Trd, 000255.217, 181
Trd, 000255.517, 179
Trd, 000255.950, 175
Trd, 000256.100, 182
Trd, 000256.567, 173
Trd, 000257.050, 174
Trd, 000257.383, 174
Trd, 000257.433, 176
Trd, 000257.633, 177
Trd, 000257.717, 181
Trd, 000257.917, 184
Trd, 000259.083, 178
Trd, 000259.183, 178
Trd, 000260.283, 175
Trd, 000260.333, 179
Trd, 000260.817, 182
Trd, 000261.083, 175
Trd, 000261.900, 176
Trd, 000262.483, 177
Trd, 000262.800, 175
Trd, 000263.033, 175
Trd, 000263.233, 177
Trd, 000264.150, 177
Trd, 000264.467, 177
Trd, 000264.483, 175
Trd, 000264.783, 174
Trd, 000265.367, 177
Trd, 000265.467, 170
Trd, 000265.933, 168
Trd, 000266.283, 177
Trd, 000266.717, 176
Trd, 000266.733, 178
Trd, 000267.350, 177
Trd, 000267.517, 175
Trd, 000267.983, 181
Trd, 000268.017, 182
Trd, 000268.533, 177
Trd, 000268.867, 172
Trd, 000269.033, 172
Trd, 000269.533, 179
Trd, 000269.650, 179
Trd, 000269.933, 180
Trd, 000270.350, 176
Trd, 000270.767, 177
Trd, 000270.817, 178
Trd, 000271.267, 180
Trd, 000272.283, 182
Trd, 000272.817, 185
Trd, 000273.100, 180
Trd, 000274.300, 190
Trd, 000274.333, 188
Trd, 000275.300, 185
Trd, 000275.433, 179
Trd, 000276.450, 178
Trd, 000276.750, 181
Trd, 000277.050, 180
Trd, 000277.333, 179
Trd, 000277.467, 175
Trd, 000277.600, 181
Trd, 000277.800, 177
Trd, 000278.167, 178
Trd, 000279.567, 183
Trd, 000280.000, 182
Trd, 000280.350, 181
Trd, 000280.383, 179
Trd, 000280.400, 182
Trd, 000281.417, 179
Trd, 000281.583, 174
Trd, 000281.667, 175
Trd, 000282.533, 178
Trd, 000283.283, 179
Trd, 000283.717, 179
Trd, 000283.767, 180
Trd, 000283.850, 177
Trd, 000284.217, 183
Trd, 000285.150, 180
Trd, 000285.517, 181
Trd, 000285.983, 180
Trd, 000286.400, 182
Trd, 000287.217, 178
Trd, 000287.433, 183
Trd, 000287.883, 177
Trd, 000288.117, 183
Trd, 000288.900, 181
Trd, 000289.083, 178
Trd, 000289.567, 184
Trd, 000289.583, 184
Trd, 000289.800, 180
Trd, 000290.183, 186
Trd, 000290.200, 180
Trd, 000290.550, 186
Trd, 000291.283, 187
Trd, 000291.483, 180
Trd, 000292.167, 192
Trd, 000292.983, 189
Trd, 000293.200, 180
Trd, 000293.283, 187
Trd, 000293.533, 188
Trd, 000294.533, 184
Trd, 000294.750, 179
Trd, 000295.100, 189
Trd, 000295.767, 179
Trd, 000296.100, 181
Trd, 000296.333, 188
Trd, 000296.967, 181
Trd, 000297.467, 180
Trd, 000298.583, 185
Trd, 000298.967, 180
Trd, 000299.383, 181
Trd, 000299.850, 184
Trd, 000299.900, 185
Trd, 000299.967, 180
