Trd, 000001.117, 172
Trd, 000003.817, 146
Trd, 000003.917, 141
Trd, 000004.350, 184
Trd, 000005.250, 153
Trd, 000005.383, 165
Trd, 000005.533, 142
Trd, 000005.967, 163
Trd, 000006.017, 142
Trd, 000006.783, 165
Trd, 000006.800, 142
Trd, 000007.550, 166
Trd, 000007.717, 169
Trd, 000008.150, 149
Trd, 000008.683, 150
Trd, 000008.983, 162
Trd, 000009.283, 148
Trd, 000010.217, 171
Trd, 000011.117, 173
Trd, 000011.317, 173
Trd, 000011.933, 163
Trd, 000013.383, 162
Trd, 000013.483, 170
Trd, 000015.100, 169
Trd, 000015.183, 173
Trd, 000015.267, 166
Trd, 000015.833, 171
Trd, 000016.117, 163
Trd, 000016.317, 169
Trd, 000016.483, 174
Trd, 000017.683, 151
Trd, 000017.717, 153
Trd, 000018.750, 158
Trd, 000019.150, 152
Trd, 000019.617, 160
Trd, 000020.467, 158
Trd, 000020.817, 153
Trd, 000021.550, 158
Trd, 000021.917, 161
Trd, 000022.600, 151
Trd, 000022.800, 151
Trd, 000023.217, 159
Trd, 000023.633, 159
Trd, 000023.650, 154
Trd, 000024.017, 155
Trd, 000024.933, 154
Trd, 000025.167, 158
Trd, 000026.183, 144
Trd, 000026.200, 147
Trd, 000026.233, 143
Trd, 000026.267, 154
Trd, 000027.267, 154
Trd, 000027.633, 171
Trd, 000027.900, 173
Trd, 000029.117, 178
Trd, 000029.133, 165
Trd, 000029.467, 164
Trd, 000030.400, 175
Trd, 000031.967, 168
Trd, 000032.717, 168
Trd, 000033.733, 167
Trd, 000033.850, 166
Trd, 000034.117, 167
Trd, 000034.250, 167
Trd, 000035.150, 163
Trd, 000035.200, 161
Trd, 000035.967, 158
Trd, 000036.767, 145
Trd, 000036.917, 155
Trd, 000037.267, 144
Trd, 000037.583, 167
Trd, 000037.667, 171
Trd, 000038.417, 177
Trd, 000038.500, 170
Trd, 000040.933, 167
Trd, 000041.133, 162
Trd, 000041.700, 166
Trd, 000042.417, 164
Trd, 000042.433, 166
Trd, 000043.117, 162
Trd, 000044.433, 162
Trd, 000044.567, 160
Trd, 000044.600, 164
Trd, 000044.700, 169
Trd, 000045.117, 159
Trd, 000045.233, 172
Trd, 000045.417, 176
Trd, 000045.667, 157
Trd, 000046.133, 177
Trd, 000046.550, 172
Trd, 000046.617, 177
Trd, 000047.583, 170
Trd, 000047.867, 180
Trd, 000048.450, 146
Trd, 000048.850, 177
Trd, 000049.500, 167
Trd, 000050.767, 166
Trd, 000051.533, 173
Trd, 000052.150, 165
Trd, 000052.567, 165
Trd, 000053.517, 171
Trd, 000054.883, 166
Trd, 000055.033, 167
Trd, 000055.200, 169
Trd, 000055.350, 164
Trd, 000056.383, 170
Trd, 000056.433, 165
Trd, 000056.617, 171
Trd, 000057.133, 165
Trd, 000057.367, 173
Trd, 000057.383, 164
Trd, 000057.617, 184
Trd, 000058.117, 188
Trd, 000061.417, 165
Trd, 000061.517, 174
Trd, 000062.267, 163
Trd, 000063.050, 171
Trd, 000063.217, 164
Trd, 000064.483, 172
Trd, 000064.933, 171
Trd, 000065.017, 165
Trd, 000065.800, 171
Trd, 000065.917, 162
Trd, 000066.217, 162
Trd, 000066.283, 159
Trd, 000066.633, 158
Trd, 000067.200, 161
Trd, 000068.550, 166
Trd, 000068.950, 165
Trd, 000069.033, 160
Trd, 000070.200, 169
Trd, 000070.283, 175
Trd, 000070.450, 179
Trd, 000070.733, 149
Trd, 000072.633, 151
Trd, 000072.783, 148
Trd, 000073.000, 153
Trd, 000073.400, 154
Trd, 000074.200, 174
Trd, 000074.283, 175
Trd, 000074.517, 172
Trd, 000075.233, 167
Trd, 000075.333, 179
Trd, 000075.433, 165
Trd, 000075.700, 159
Trd, 000076.833, 173
Trd, 000078.000, 176
Trd, 000078.233, 176
Trd, 000078.350, 183
Trd, 000078.567, 175
Trd, 000079.750, 174
Trd, 000080.517, 168
Trd, 000081.767, 169
Trd, 000081.950, 170
Trd, 000082.800, 153
Trd, 000083.033, 152
Trd, 000083.450, 152
Trd, 000083.633, 157
Trd, 000083.850, 159
Trd, 000083.967, 161
Trd, 000085.750, 173
Trd, 000086.233, 171
Trd, 000086.267, 176
Trd, 000086.317, 167
Trd, 000087.167, 149
Trd, 000087.200, 181
Trd, 000088.033, 181
Trd, 000088.517, 162
Trd, 000088.917, 162
Trd, 000090.100, 163
Trd, 000090.217, 153
Trd, 000091.200, 160
Trd, 000091.267, 162
Trd, 000091.967, 161
Trd, 000092.367, 168
Trd, 000092.667, 167
Trd, 000093.050, 177
Trd, 000093.200, 179
Trd, 000093.833, 152
Trd, 000094.167, 179
Trd, 000095.667, 162
Trd, 000096.000, 172
Trd, 000096.433, 163
Trd, 000096.517, 172
Trd, 000096.567, 173
Trd, 000097.200, 170
Trd, 000097.950, 162
Trd, 000099.300, 167
Trd, 000099.350, 154
Trd, 000100.467, 154
Trd, 000101.983, 161
Trd, 000102.367, 156
Trd, 000102.917, 161
Trd, 000103.200, 164
Trd, 000103.683, 163
Trd, 000103.817, 182
Trd, 000104.150, 171
Trd, 000104.683, 162
Trd, 000104.783, 162
Trd, 000106.517, 169
Trd, 000107.383, 188
Trd, 000108.317, 180
Trd, 000108.750, 176
Trd, 000109.283, 175
Trd, 000109.467, 174
Trd, 000109.800, 173
Trd, 000111.283, 166
Trd, 000111.833, 174
Trd, 000111.967, 174
Trd, 000112.767, 173
Trd, 000113.400, 174
Trd, 000113.583, 171
Trd, 000113.800, 172
Trd, 000114.217, 169
Trd, 000116.033, 175
Trd, 000116.167, 166
Trd, 000116.917, 182
Trd, 000117.383, 182
Trd, 000117.450, 170
Trd, 000117.883, 162
Trd, 000118.583, 181
Trd, 000119.083, 170
Trd, 000119.100, 171
Trd, 000119.950, 177
Trd, 000120.600, 174
Trd, 000120.783, 168
Trd, 000121.100, 178
Trd, 000121.600, 184
Trd, 000121.717, 186
Trd, 000121.950, 192
Trd, 000122.883, 194
Trd, 000123.333, 201
Trd, 000123.350, 205
Trd, 000123.367, 208
Trd, 000124.600, 257
Trd, 000125.500, 301
Trd, 000125.533, 313.0
Trd, 000125.883, 341.0
Trd, 000125.950, 342
Trd, 000126.550, 331
Trd, 000126.850, 344.0
Trd, 000128.650, 366
Trd, 000128.933, 365
Trd, 000129.417, 372.0
Trd, 000129.767, 362
Trd, 000130.500, 365.0
Trd, 000130.867, 359.0
Trd, 000131.167, 365.0
Trd, 000131.483, 372
Trd, 000132.217, 372
Trd, 000132.750, 369
Trd, 000133.183, 370.0
Trd, 000133.350, 362.0
Trd, 000134.050, 358.0
Trd, 000135.433, 370
Trd, 000138.400, 367
Trd, 000138.417, 365
Trd, 000138.533, 368
Trd, 000139.983, 369
Trd, 000140.483, 365.0
Trd, 000140.500, 370
Trd, 000142.000, 367
Trd, 000142.100, 363
Trd, 000142.217, 357.0
Trd, 000142.850, 368
Trd, 000143.183, 364
Trd, 000144.717, 365.0
Trd, 000144.817, 372.0
Trd, 000145.800, 365
Trd, 000145.867, 377.0
Trd, 000148.367, 368.0
Trd, 000148.600, 379
Trd, 000149.117, 365
Trd, 000150.400, 365.0
Trd, 000150.567, 358.0
Trd, 000150.850, 366
Trd, 000150.883, 355.0
Trd, 000150.900, 341.0
Trd, 000151.783, 334
Trd, 000152.617, 359
Trd, 000154.133, 360
Trd, 000154.317, 357
Trd, 000154.383, 360
Trd, 000154.500, 359
Trd, 000154.700, 355
Trd, 000155.683, 360
Trd, 000156.000, 361
Trd, 000156.767, 365
Trd, 000157.017, 344.0
Trd, 000157.567, 349
Trd, 000158.233, 356
Trd, 000158.550, 358
Trd, 000159.817, 351.0
Trd, 000160.250, 348
Trd, 000160.817, 348
Trd, 000161.133, 345
Trd, 000162.017, 344.0
Trd, 000162.067, 368.0
Trd, 000163.167, 345.0
Trd, 000163.350, 346
Trd, 000163.850, 359
Trd, 000165.267, 357
Trd, 000165.683, 350.0
Trd, 000166.250, 355
Trd, 000166.767, 368.0
Trd, 000167.183, 356
Trd, 000167.917, 360
Trd, 000168.067, 356
Trd, 000168.100, 355.0
Trd, 000168.683, 349
Trd, 000168.983, 351.0
Trd, 000169.133, 364
Trd, 000171.933, 353
Trd, 000172.183, 357
Trd, 000172.533, 352
Trd, 000173.633, 354
Trd, 000173.967, 355
Trd, 000174.367, 354
Trd, 000174.667, 358
Trd, 000175.350, 352
Trd, 000176.133, 351
Trd, 000176.417, 333
Trd, 000177.300, 357
Trd, 000177.767, 357
Trd, 000178.167, 343
Trd, 000178.317, 368.0
Trd, 000178.767, 358
Trd, 000179.467, 360
Trd, 000180.083, 359
Trd, 000181.183, 348.0
Trd, 000181.300, 351.0
Trd, 000181.333, 347.0
Trd, 000182.350, 348.0
Trd, 000182.600, 348.0
Trd, 000182.617, 341.0
Trd, 000183.267, 329
Trd, 000183.417, 306.0
Trd, 000183.583, 297
Trd, 000184.233, 190
Trd, 000184.967, 195
Trd, 000185.967, 191
Trd, 000186.233, 183
Trd, 000186.683, 180
Trd, 000186.750, 176
Trd, 000187.067, 175
Trd, 000187.317, 192
Trd, 000187.633, 183
Trd, 000188.783, 173
Trd, 000189.267, 191
Trd, 000189.633, 161
Trd, 000190.883, 165
Trd, 000191.100, 169
Trd, 000191.400, 170
Trd, 000191.833, 187
Trd, 000194.250, 187
Trd, 000194.467, 184
Trd, 000195.150, 185
Trd, 000195.700, 186
Trd, 000195.717, 185
Trd, 000196.050, 187
Trd, 000196.400, 181
Trd, 000196.883, 177
Trd, 000196.967, 181
Trd, 000197.250, 191
Trd, 000197.867, 201
Trd, 000198.567, 172
Trd, 000199.367, 172
Trd, 000200.017, 185
Trd, 000200.150, 184
Trd, 000201.300, 182
Trd, 000201.633, 178
Trd, 000202.217, 184
Trd, 000203.267, 161
Trd, 000203.667, 153
Trd, 000204.467, 171
Trd, 000205.200, 186
Trd, 000205.617, 188
Trd, 000206.200, 174
Trd, 000208.533, 178
Trd, 000208.683, 192
Trd, 000208.900, 192
Trd, 000209.100, 186
Trd, 000209.433, 185
Trd, 000209.633, 177
Trd, 000209.883, 176
Trd, 000210.450, 193
Trd, 000211.317, 162
Trd, 000211.600, 192
Trd, 000213.100, 191
Trd, 000213.583, 186
Trd, 000213.917, 186
Trd, 000214.583, 182
Trd, 000214.950, 181
Trd, 000216.017, 181
Trd, 000216.233, 179
Trd, 000216.250, 178
Trd, 000216.300, 177
Trd, 000218.117, 188
Trd, 000218.417, 177
Trd, 000219.400, 190
Trd, 000219.700, 186
Trd, 000220.183, 189
Trd, 000220.817, 187
Trd, 000221.150, 181
Trd, 000221.500, 180
Trd, 000221.700, 189
Trd, 000221.750, 194
Trd, 000222.117, 194
Trd, 000223.333, 184
Trd, 000223.717, 186
Trd, 000223.967, 201
Trd, 000225.267, 194
Trd, 000226.183, 181
Trd, 000226.617, 181
Trd, 000226.950, 180
Trd, 000227.383, 191
Trd, 000227.667, 185
Trd, 000227.883, 188
Trd, 000228.383, 189
Trd, 000229.117, 195
Trd, 000230.450, 189
Trd, 000230.517, 193
Trd, 000231.400, 188
Trd, 000231.850, 191
Trd, 000232.583, 187
Trd, 000233.433, 195
Trd, 000234.267, 194
Trd, 000234.317, 181
Trd, 000234.450, 188
Trd, 000236.183, 191
Trd, 000236.467, 182
Trd, 000237.233, 182
Trd, 000238.117, 190
Trd, 000238.467, 191
Trd, 000238.933, 185
Trd, 000240.100, 172
Trd, 000240.433, 171
Trd, 000240.783, 171
Trd, 000241.017, 173
Trd, 000241.267, 172
Trd, 000241.567, 171
Trd, 000241.950, 171
Trd, 000242.317, 175
Trd, 000242.550, 171
Trd, 000242.700, 169
Trd, 000243.067, 171
Trd, 000243.233, 171
Trd, 000243.567, 171
Trd, 000243.967, 167
Trd, 000244.450, 169
Trd, 000244.650, 170
Trd, 000245.200, 169
Trd, 000245.417, 175
Trd, 000245.467, 168
Trd, 000245.700, 166
Trd, 000246.400, 189
Trd, 000247.550, 190
Trd, 000248.583, 171
Trd, 000249.567, 170
Trd, 000249.800, 177
Trd, 000250.533, 176
Trd, 000250.717, 177
Trd, 000250.983, 177
Trd, 000251.167, 175
Trd, 000251.250, 175
Trd, 000251.417, 176
Trd, 000251.650, 177
Trd, 000251.917, 179
Trd, 000252.300, 176
Trd, 000252.583, 193
Trd, 000253.933, 176
Trd, 000254.433, 175
Trd, 000254.617, 176
Trd, 000255.217, 179
Trd, 000255.233, 178
Trd, 000255.483, 177
Trd, 000256.083, 177
Trd, 000256.483, 176
Trd, 000256.633, 176
Trd, 000256.817, 175
Trd, 000257.933, 177
Trd, 000258.667, 177
Trd, 000258.850, 178
Trd, 000258.933, 180
Trd, 000259.167, 178
Trd, 000259.433, 177
Trd, 000259.550, 182
Trd, 000260.733, 178
Trd, 000260.967, 172
Trd, 000261.450, 170
Trd, 000261.883, 171
Trd, 000262.733, 166
Trd, 000263.167, 166
Trd, 000263.350, 170
Trd, 000263.517, 167
Trd, 000263.550, 170
Trd, 000264.433, 168
Trd, 000264.700, 172
Trd, 000265.567, 188
Trd, 000266.050, 189
Trd, 000266.133, 187
Trd, 000266.483, 182
Trd, 000266.517, 187
Trd, 000266.600, 177
Trd, 000268.183, 183
Trd, 000268.883, 187
Trd, 000269.117, 182
Trd, 000269.900, 180
Trd, 000270.300, 171
Trd, 000270.350, 173
Trd, 000271.183, 178
Trd, 000271.383, 174
Trd, 000271.450, 179
Trd, 000272.533, 180
Trd, 000272.600, 178
Trd, 000273.133, 192
Trd, 000273.333, 183
Trd, 000273.817, 169
Trd, 000273.833, 172
Trd, 000274.150, 168
Trd, 000274.183, 179
Trd, 000274.367, 160
Trd, 000275.333, 179
Trd, 000275.783, 192
Trd, 000275.933, 195
Trd, 000277.167, 187
Trd, 000277.417, 184
Trd, 000277.700, 176
Trd, 000277.883, 175
Trd, 000278.333, 181
Trd, 000278.767, 179
Trd, 000279.150, 173
Trd, 000279.500, 171
Trd, 000279.517, 174
Trd, 000279.883, 196
Trd, 000280.233, 192
Trd, 000280.433, 187
Trd, 000280.817, 180
Trd, 000281.283, 182
Trd, 000281.550, 181
Trd, 000281.783, 179
Trd, 000282.083, 187
Trd, 000282.117, 178
Trd, 000282.250, 172
Trd, 000283.617, 183
Trd, 000284.000, 179
Trd, 000284.250, 178
Trd, 000284.667, 186
Trd, 000284.783, 177
Trd, 000284.867, 173
Trd, 000285.700, 175
Trd, 000286.300, 179
Trd, 000286.917, 172
Trd, 000287.350, 182
Trd, 000287.600, 185
Trd, 000287.617, 196
Trd, 000288.117, 175
Trd, 000288.233, 174
Trd, 000288.533, 180
Trd, 000288.883, 169
Trd, 000289.817, 163
Trd, 000290.450, 170
Trd, 000290.583, 177
Trd, 000291.050, 177
Trd, 000291.550, 180
Trd, 000291.567, 193
Trd, 000293.033, 177
Trd, 000293.050, 176
Trd, 000293.700, 180
Trd, 000293.717, 179
Trd, 000293.883, 176
Trd, 000294.117, 182
Trd, 000294.867, 178
Trd, 000295.333, 185
Trd, 000296.083, 184
Trd, 000296.233, 189
Trd, 000296.867, 187
Trd, 000296.967, 183
Trd, 000297.133, 189
Trd, 000297.250, 181
Trd, 000298.300, 195
Trd, 000299.033, 176
Trd, 000299.150, 174
Trd, 000299.400, 173
Trd, 000299.733, 194
