Trd, 000001.117, 100
Trd, 000003.017, 174
Trd, 000003.967, 147
Trd, 000004.000, 146
Trd, 000004.050, 144
Trd, 000004.367, 146
Trd, 000005.350, 148
Trd, 000005.617, 146
Trd, 000005.850, 147
Trd, 000005.967, 135
Trd, 000006.483, 148
Trd, 000006.817, 151
Trd, 000008.067, 149
Trd, 000008.350, 150
Trd, 000008.917, 148
Trd, 000009.383, 146
Trd, 000009.400, 145
Trd, 000009.617, 147
Trd, 000009.833, 148
Trd, 000011.767, 146
Trd, 000011.983, 147
Trd, 000012.383, 142
Trd, 000012.750, 146
Trd, 000014.583, 143
Trd, 000014.750, 145
Trd, 000014.983, 143
Trd, 000015.383, 141
Trd, 000015.400, 144
Trd, 000016.033, 141
Trd, 000016.967, 136
Trd, 000017.483, 142
Trd, 000018.800, 139
Trd, 000018.950, 141
Trd, 000019.367, 141
Trd, 000019.900, 138
Trd, 000020.183, 150
Trd, 000020.533, 156
Trd, 000020.717, 140
Trd, 000022.383, 147
Trd, 000023.100, 145
Trd, 000023.883, 140
Trd, 000024.117, 141
Trd, 000024.917, 131
Trd, 000025.683, 132
Trd, 000025.717, 136
Trd, 000026.167, 136
Trd, 000026.217, 136
Trd, 000027.500, 137
Trd, 000027.533, 139
Trd, 000027.600, 136
Trd, 000028.633, 148
Trd, 000029.083, 147
Trd, 000030.317, 141
Trd, 000030.583, 140
Trd, 000030.750, 140
Trd, 000031.550, 139
Trd, 000031.717, 140
Trd, 000031.950, 144
Trd, 000032.100, 139
Trd, 000033.217, 142
Trd, 000033.883, 143
Trd, 000036.367, 146
Trd, 000037.717, 145
Trd, 000038.117, 147
Trd, 000038.450, 147
Trd, 000038.467, 148
Trd, 000039.617, 150
Trd, 000040.117, 148
Trd, 000040.350, 147
Trd, 000040.450, 150
Trd, 000041.000, 148
Trd, 000041.050, 149
Trd, 000042.133, 147
Trd, 000042.650, 148
Trd, 000042.800, 148
Trd, 000043.650, 148
Trd, 000043.800, 154
Trd, 000044.550, 147
Trd, 000044.567, 146
Trd, 000047.767, 148
Trd, 000048.600, 146
Trd, 000048.867, 148
Trd, 000049.417, 148
Trd, 000049.717, 146
Trd, 000050.117, 145
Trd, 000050.400, 150
Trd, 000050.417, 153
Trd, 000050.650, 153
Trd, 000052.367, 152
Trd, 000052.567, 149
Trd, 000053.067, 151
Trd, 000053.567, 149
Trd, 000054.583, 147
Trd, 000054.600, 145
Trd, 000054.650, 149
Trd, 000054.667, 150
Trd, 000055.183, 153
Trd, 000055.450, 156
Trd, 000056.417, 154
Trd, 000058.150, 151
Trd, 000058.250, 152
Trd, 000059.217, 150
Trd, 000059.600, 148
Trd, 000059.700, 153
Trd, 000060.283, 153
Trd, 000060.433, 153
Trd, 000061.233, 154
Trd, 000061.500, 154
Trd, 000061.617, 152
Trd, 000062.600, 152
Trd, 000063.517, 151
Trd, 000063.533, 152
Trd, 000063.633, 150
Trd, 000064.500, 151
Trd, 000065.383, 152
Trd, 000065.567, 151
Trd, 000066.583, 150
Trd, 000066.900, 148
Trd, 000067.683, 148
Trd, 000068.633, 149
Trd, 000069.233, 148
Trd, 000069.317, 151
Trd, 000070.267, 151
Trd, 000071.083, 148
Trd, 000071.417, 149
Trd, 000071.500, 151
Trd, 000073.100, 155
Trd, 000073.150, 157
Trd, 000073.383, 158
Trd, 000073.433, 153
Trd, 000073.450, 162
Trd, 000073.517, 153
Trd, 000073.633, 168
Trd, 000074.817, 154
Trd, 000076.517, 155
Trd, 000077.333, 156
Trd, 000077.550, 156
Trd, 000077.767, 158
Trd, 000077.983, 156
Trd, 000078.050, 159
Trd, 000079.083, 160
Trd, 000079.700, 156
Trd, 000080.750, 158
Trd, 000081.067, 155
Trd, 000082.133, 153
Trd, 000083.717, 150
Trd, 000084.983, 150
Trd, 000085.100, 151
Trd, 000085.600, 151
Trd, 000085.617, 152
Trd, 000085.783, 151
Trd, 000086.150, 152
Trd, 000086.933, 151
Trd, 000087.217, 160
Trd, 000089.417, 151
Trd, 000089.517, 150
Trd, 000090.200, 150
Trd, 000090.417, 153
Trd, 000090.683, 156
Trd, 000091.250, 151
Trd, 000091.683, 155
Trd, 000091.750, 156
Trd, 000091.767, 156
Trd, 000092.000, 155
Trd, 000094.833, 154
Trd, 000095.250, 153
Trd, 000096.667, 153
Trd, 000096.967, 156
Trd, 000097.283, 157
Trd, 000097.533, 157
Trd, 000097.700, 160
Trd, 000097.733, 154
Trd, 000098.267, 154
Trd, 000098.450, 159
Trd, 000098.933, 155
Trd, 000099.217, 153
Trd, 000101.500, 150
Trd, 000101.933, 150
Trd, 000102.300, 146
Trd, 000102.683, 148
Trd, 000103.233, 149
Trd, 000103.983, 149
Trd, 000104.467, 149
Trd, 000105.050, 151
Trd, 000105.217, 150
Trd, 000105.450, 154
Trd, 000105.917, 150
Trd, 000106.100, 149
Trd, 000106.483, 155
Trd, 000108.450, 154
Trd, 000109.067, 154
Trd, 000109.950, 156
Trd, 000110.533, 156
Trd, 000111.083, 156
Trd, 000111.567, 157
Trd, 000112.333, 155
Trd, 000112.800, 154
Trd, 000113.583, 155
Trd, 000113.933, 156
Trd, 000114.433, 156
Trd, 000114.450, 162
Trd, 000115.950, 158
Trd, 000117.000, 160
Trd, 000117.400, 161
Trd, 000117.583, 157
Trd, 000118.000, 155
Trd, 000118.183, 161
Trd, 000119.550, 157
Trd, 000119.617, 157
Trd, 000120.183, 159
Trd, 000120.400, 157
Trd, 000120.467, 160
Trd, 000121.583, 156
Trd, 000121.983, 162
Trd, 000122.783, 164
Trd, 000122.800, 174
Trd, 000123.050, 181
Trd, 000124.033, 184
Trd, 000124.850, 300.0
Trd, 000125.383, 322
Trd, 000126.167, 336.0
Trd, 000126.300, 337.0
Trd, 000127.617, 336.0
Trd, 000127.817, 337
Trd, 000128.100, 342
Trd, 000128.150, 336.0
Trd, 000128.617, 340
Trd, 000128.933, 341
Trd, 000130.033, 342
Trd, 000130.983, 341.0
Trd, 000131.000, 340.0
Trd, 000131.017, 342.0
Trd, 000132.567, 338
Trd, 000132.583, 344.0
Trd, 000133.133, 341
Trd, 000133.217, 337
Trd, 000135.283, 342
Trd, 000136.433, 343.0
Trd, 000136.633, 339
Trd, 000137.733, 344.0
Trd, 000138.083, 339
Trd, 000138.317, 343.0
Trd, 000140.150, 343
Trd, 000140.500, 340
Trd, 000141.900, 342.0
Trd, 000142.350, 342
Trd, 000143.517, 341
Trd, 000143.933, 342.0
Trd, 000143.967, 341
Trd, 000144.450, 342.0
Trd, 000144.933, 339
Trd, 000146.300, 337.0
Trd, 000146.833, 340
Trd, 000147.333, 341
Trd, 000147.817, 344
Trd, 000148.350, 348.0
Trd, 000148.483, 345.0
Trd, 000150.083, 347.0
Trd, 000152.333, 347.0
Trd, 000152.967, 346.0
Trd, 000153.983, 345.0
Trd, 000154.467, 344
Trd, 000154.483, 342
Trd, 000155.017, 345.0
Trd, 000155.667, 345.0
Trd, 000156.400, 345
Trd, 000156.567, 350
Trd, 000157.767, 339
Trd, 000157.783, 346
Trd, 000158.150, 344
Trd, 000158.683, 347
Trd, 000159.400, 347
Trd, 000159.617, 346
Trd, 000159.700, 339
Trd, 000160.283, 346.0
Trd, 000160.667, 334.0
Trd, 000162.117, 344
Trd, 000162.333, 336.0
Trd, 000165.050, 345
Trd, 000165.383, 344
Trd, 000165.467, 345
Trd, 000165.867, 348.0
Trd, 000166.800, 345
Trd, 000166.983, 343
Trd, 000168.217, 343
Trd, 000168.417, 339
Trd, 000169.517, 343
Trd, 000169.850, 337.0
Trd, 000170.133, 342
Trd, 000170.200, 337.0
Trd, 000170.983, 337.0
Trd, 000171.017, 334.0
Trd, 000172.867, 337
Trd, 000174.200, 337
Trd, 000175.367, 334.0
Trd, 000175.883, 335
Trd, 000176.017, 336
Trd, 000176.350, 336
Trd, 000176.450, 335
Trd, 000176.967, 337.0
Trd, 000177.067, 337
Trd, 000177.300, 339
Trd, 000177.317, 344.0
Trd, 000178.067, 339
Trd, 000178.467, 338
Trd, 000179.017, 338
Trd, 000180.117, 337
Trd, 000180.450, 338
Trd, 000180.583, 337
Trd, 000181.283, 339
Trd, 000181.600, 337
Trd, 000182.083, 334.0
Trd, 000182.250, 327.0
Trd, 000182.700, 343
Trd, 000182.867, 323
Trd, 000183.867, 292
Trd, 000183.950, 273
Trd, 000184.517, 227
Trd, 000184.600, 324
Trd, 000185.033, 183
Trd, 000185.533, 173
Trd, 000185.750, 173
Trd, 000186.067, 190
Trd, 000188.100, 183
Trd, 000188.267, 170
Trd, 000188.733, 170
Trd, 000189.383, 167
Trd, 000189.750, 169
Trd, 000189.883, 170
Trd, 000190.183, 175
Trd, 000190.850, 170
Trd, 000191.000, 167
Trd, 000191.300, 171
Trd, 000192.083, 168
Trd, 000192.867, 167
Trd, 000193.433, 167
Trd, 000193.500, 165
Trd, 000194.367, 164
Trd, 000194.933, 163
Trd, 000195.233, 164
Trd, 000196.733, 162
Trd, 000197.117, 163
Trd, 000197.683, 162
Trd, 000197.933, 164
Trd, 000197.967, 164
Trd, 000198.517, 161
Trd, 000199.250, 161
Trd, 000199.667, 160
Trd, 000200.400, 160
Trd, 000200.650, 158
Trd, 000201.100, 157
Trd, 000201.217, 157
Trd, 000201.483, 159
Trd, 000202.350, 167
Trd, 000204.117, 166
Trd, 000204.383, 166
Trd, 000205.650, 167
Trd, 000205.700, 167
Trd, 000206.333, 165
Trd, 000207.267, 166
Trd, 000208.000, 167
Trd, 000208.200, 167
Trd, 000208.800, 167
Trd, 000208.833, 165
Trd, 000209.083, 167
Trd, 000210.050, 168
Trd, 000210.200, 169
Trd, 000211.400, 161
Trd, 000211.650, 155
Trd, 000211.867, 160
Trd, 000211.883, 161
Trd, 000213.167, 159
Trd, 000213.500, 163
Trd, 000214.883, 160
Trd, 000215.000, 162
Trd, 000215.883, 162
Trd, 000216.167, 169
Trd, 000217.333, 164
Trd, 000217.750, 170
Trd, 000218.367, 170
Trd, 000218.783, 172
Trd, 000219.317, 171
Trd, 000219.383, 167
Trd, 000221.083, 167
Trd, 000221.917, 169
Trd, 000222.017, 169
Trd, 000222.417, 167
Trd, 000223.000, 166
Trd, 000223.433, 164
Trd, 000223.583, 162
Trd, 000225.317, 160
Trd, 000225.483, 162
Trd, 000226.100, 163
Trd, 000226.517, 162
Trd, 000226.717, 161
Trd, 000227.117, 161
Trd, 000227.150, 163
Trd, 000227.550, 166
Trd, 000228.117, 171
Trd, 000228.167, 163
Trd, 000229.050, 163
Trd, 000229.767, 174
Trd, 000231.817, 170
Trd, 000231.933, 168
Trd, 000232.150, 166
Trd, 000232.317, 168
Trd, 000232.583, 167
Trd, 000232.733, 174
Trd, 000234.150, 169
Trd, 000234.450, 169
Trd, 000234.817, 169
Trd, 000236.100, 173
Trd, 000236.750, 172
Trd, 000237.150, 168
Trd, 000238.517, 169
Trd, 000238.800, 169
Trd, 000238.950, 175
Trd, 000240.333, 172
Trd, 000240.500, 173
Trd, 000240.517, 172
Trd, 000240.600, 164
Trd, 000240.650, 151
Trd, 000241.517, 169
Trd, 000241.617, 170
Trd, 000241.967, 172
Trd, 000242.017, 172
Trd, 000242.850, 175
Trd, 000242.967, 170
Trd, 000243.000, 178
Trd, 000243.317, 178
Trd, 000244.533, 176
Trd, 000244.667, 176
Trd, 000244.683, 176
Trd, 000244.700, 175
Trd, 000246.283, 177
Trd, 000246.300, 178
Trd, 000246.717, 177
Trd, 000246.967, 176
Trd, 000247.000, 177
Trd, 000247.200, 178
Trd, 000247.233, 175
Trd, 000247.617, 176
Trd, 000247.717, 172
Trd, 000248.167, 172
Trd, 000248.683, 177
Trd, 000249.300, 177
Trd, 000250.383, 179
Trd, 000250.600, 180
Trd, 000250.717, 178
Trd, 000250.950, 173
Trd, 000251.350, 177
Trd, 000251.700, 173
Trd, 000251.967, 169
Trd, 000253.500, 167
Trd, 000253.867, 173
Trd, 000254.167, 174
Trd, 000254.750, 174
Trd, 000254.800, 173
Trd, 000254.850, 175
Trd, 000254.950, 166
Trd, 000255.417, 170
Trd, 000255.767, 171
Trd, 000255.967, 172
Trd, 000255.983, 172
Trd, 000257.000, 175
Trd, 000257.383, 175
Trd, 000257.467, 176
Trd, 000257.533, 172
Trd, 000258.600, 173
Trd, 000259.733, 170
Trd, 000260.183, 171
Trd, 000260.483, 167
Trd, 000260.850, 170
Trd, 000260.967, 171
Trd, 000261.300, 172
Trd, 000262.167, 173
Trd, 000262.933, 172
Trd, 000263.567, 174
Trd, 000263.583, 178
Trd, 000264.417, 174
Trd, 000264.700, 176
Trd, 000265.367, 173
Trd, 000265.667, 176
Trd, 000266.350, 175
Trd, 000266.383, 174
Trd, 000266.750, 174
Trd, 000267.317, 174
Trd, 000267.700, 177
Trd, 000268.067, 178
Trd, 000268.617, 174
Trd, 000269.100, 170
Trd, 000269.850, 171
Trd, 000269.867, 173
Trd, 000270.200, 174
Trd, 000270.600, 173
Trd, 000271.067, 174
Trd, 000271.183, 173
Trd, 000271.617, 175
Trd, 000272.000, 178
Trd, 000272.267, 175
Trd, 000272.617, 189
Trd, 000272.917, 184
Trd, 000273.750, 175
Trd, 000273.850, 174
Trd, 000274.050, 178
Trd, 000274.800, 167
Trd, 000274.950, 175
Trd, 000275.333, 174
Trd, 000275.600, 175
Trd, 000275.833, 179
Trd, 000276.400, 182
Trd, 000277.767, 181
Trd, 000278.200, 181
Trd, 000278.600, 180
Trd, 000278.933, 176
Trd, 000279.050, 179
Trd, 000279.333, 183
Trd, 000279.400, 183
Trd, 000279.767, 182
Trd, 000279.950, 178
Trd, 000280.067, 183
Trd, 000280.250, 179
Trd, 000280.800, 180
Trd, 000280.967, 190
Trd, 000282.633, 179
Trd, 000282.817, 188
Trd, 000283.550, 179
Trd, 000283.650, 176
Trd, 000283.717, 187
Trd, 000284.017, 180
Trd, 000284.100, 182
Trd, 000284.317, 172
Trd, 000285.083, 177
Trd, 000285.233, 174
Trd, 000285.517, 177
Trd, 000286.217, 176
Trd, 000286.583, 177
Trd, 000286.900, 174
Trd, 000287.133, 176
Trd, 000287.300, 176
Trd, 000287.517, 177
Trd, 000287.550, 180
Trd, 000287.933, 176
Trd, 000288.033, 184
Trd, 000289.100, 177
Trd, 000291.067, 183
Trd, 000291.183, 182
Trd, 000291.667, 181
Trd, 000292.100, 180
Trd, 000292.233, 181
Trd, 000292.300, 183
Trd, 000292.750, 183
Trd, 000292.767, 184
Trd, 000293.233, 201
Trd, 000293.250, 200
Trd, 000293.850, 182
Trd, 000294.017, 181
Trd, 000294.417, 180
Trd, 000294.683, 177
Trd, 000294.867, 196
Trd, 000295.000, 173
Trd, 000295.183, 174
Trd, 000295.917, 172
Trd, 000296.650, 173
Trd, 000296.900, 173
Trd, 000297.017, 172
Trd, 000297.383, 174
Trd, 000297.600, 184
Trd, 000299.000, 171
Trd, 000299.617, 175
Trd, 000299.650, 175
Trd, 000299.667, 178
Trd, 000299.683, 179
