Trd, 000002.617, 129
Trd, 000002.967, 130
Trd, 000003.483, 131
Trd, 000003.967, 114
Trd, 000004.067, 137
Trd, 000004.100, 143
Trd, 000004.483, 144
Trd, 000004.650, 168
Trd, 000005.233, 169
Trd, 000005.350, 142
Trd, 000006.400, 146
Trd, 000006.583, 146
Trd, 000006.700, 144
Trd, 000007.033, 142
Trd, 000007.217, 156
Trd, 000007.717, 141
Trd, 000008.333, 156
Trd, 000008.350, 158
Trd, 000009.033, 146
Trd, 000010.083, 156
Trd, 000010.433, 155
Trd, 000010.450, 156
Trd, 000010.550, 151
Trd, 000010.617, 150
Trd, 000012.317, 151
Trd, 000012.967, 151
Trd, 000012.983, 149
Trd, 000013.100, 152
Trd, 000013.750, 153
Trd, 000014.000, 155
Trd, 000015.650, 155
Trd, 000016.000, 156
Trd, 000016.250, 155
Trd, 000016.467, 163
Trd, 000016.900, 156
Trd, 000017.667, 170
Trd, 000017.967, 170
Trd, 000018.033, 156
Trd, 000019.583, 159
Trd, 000019.767, 158
Trd, 000020.200, 159
Trd, 000020.767, 161
Trd, 000021.033, 158
Trd, 000021.900, 156
Trd, 000022.333, 159
Trd, 000022.600, 159
Trd, 000023.550, 158
Trd, 000023.700, 158
Trd, 000024.200, 155
Trd, 000024.833, 159
Trd, 000025.517, 159
Trd, 000025.700, 159
Trd, 000025.817, 160
Trd, 000026.600, 159
Trd, 000027.083, 161
Trd, 000027.367, 155
Trd, 000028.617, 158
Trd, 000029.833, 158
Trd, 000029.867, 151
Trd, 000030.800, 156
Trd, 000031.650, 154
Trd, 000031.817, 156
Trd, 000032.283, 155
Trd, 000032.350, 154
Trd, 000032.500, 151
Trd, 000033.200, 153
Trd, 000034.167, 151
Trd, 000035.167, 152
Trd, 000035.600, 152
Trd, 000035.950, 151
Trd, 000037.050, 153
Trd, 000037.500, 154
Trd, 000038.083, 153
Trd, 000038.567, 154
Trd, 000039.083, 151
Trd, 000039.417, 149
Trd, 000040.350, 153
Trd, 000040.950, 151
Trd, 000041.350, 154
Trd, 000041.417, 155
Trd, 000041.650, 172
Trd, 000041.883, 163
Trd, 000042.050, 162
Trd, 000042.967, 161
Trd, 000043.050, 160
Trd, 000043.283, 158
Trd, 000045.450, 155
Trd, 000045.767, 152
Trd, 000045.967, 154
Trd, 000047.083, 154
Trd, 000047.350, 154
Trd, 000047.933, 155
Trd, 000048.533, 159
Trd, 000049.433, 158
Trd, 000049.583, 166
Trd, 000049.650, 157
Trd, 000049.867, 156
Trd, 000049.883, 147
Trd, 000050.033, 167
Trd, 000050.100, 169
Trd, 000050.700, 151
Trd, 000050.733, 172
Trd, 000051.183, 145
Trd, 000051.567, 141
Trd, 000052.100, 173
Trd, 000053.417, 162
Trd, 000053.667, 156
Trd, 000053.767, 165
Trd, 000054.733, 164
Trd, 000054.967, 163
Trd, 000055.450, 165
Trd, 000055.917, 161
Trd, 000056.317, 166
Trd, 000056.533, 167
Trd, 000056.600, 160
Trd, 000057.633, 166
Trd, 000058.383, 164
Trd, 000058.400, 143
Trd, 000059.400, 162
Trd, 000059.700, 162
Trd, 000060.650, 163
Trd, 000060.850, 165
Trd, 000061.900, 162
Trd, 000062.033, 161
Trd, 000062.500, 158
Trd, 000062.517, 143
Trd, 000062.933, 153
Trd, 000063.717, 156
Trd, 000063.750, 158
Trd, 000063.800, 158
Trd, 000064.917, 157
Trd, 000065.367, 168
Trd, 000065.617, 165
Trd, 000066.717, 162
Trd, 000066.850, 163
Trd, 000066.967, 163
Trd, 000067.150, 164
Trd, 000067.433, 164
Trd, 000068.383, 163
Trd, 000068.933, 164
Trd, 000069.717, 162
Trd, 000069.733, 160
Trd, 000070.017, 150
Trd, 000071.333, 152
Trd, 000071.383, 160
Trd, 000072.200, 161
Trd, 000073.083, 163
Trd, 000073.133, 169
Trd, 000073.517, 158
Trd, 000074.083, 163
Trd, 000074.267, 159
Trd, 000074.783, 164
Trd, 000075.083, 161
Trd, 000075.433, 160
Trd, 000075.633, 162
Trd, 000075.700, 163
Trd, 000076.733, 158
Trd, 000076.800, 159
Trd, 000077.200, 151
Trd, 000077.533, 162
Trd, 000078.517, 163
Trd, 000079.900, 151
Trd, 000080.000, 161
Trd, 000080.517, 157
Trd, 000081.033, 152
Trd, 000081.417, 161
Trd, 000082.800, 151
Trd, 000084.700, 155
Trd, 000085.450, 152
Trd, 000085.467, 151
Trd, 000085.767, 156
Trd, 000086.333, 155
Trd, 000086.433, 158
Trd, 000086.900, 155
Trd, 000087.750, 156
Trd, 000088.317, 155
Trd, 000089.267, 158
Trd, 000089.583, 158
Trd, 000090.117, 157
Trd, 000090.667, 158
Trd, 000091.100, 159
Trd, 000091.200, 160
Trd, 000091.300, 157
Trd, 000091.483, 155
Trd, 000091.617, 160
Trd, 000092.467, 170
Trd, 000094.567, 162
Trd, 000094.700, 163
Trd, 000095.033, 162
Trd, 000095.167, 167
Trd, 000095.383, 170
Trd, 000096.367, 170
Trd, 000096.767, 170
Trd, 000096.817, 169
Trd, 000097.367, 170
Trd, 000097.433, 168
Trd, 000097.650, 170
Trd, 000098.483, 171
Trd, 000098.933, 162
Trd, 000099.917, 154
Trd, 000101.367, 169
Trd, 000101.950, 169
Trd, 000102.300, 168
Trd, 000102.367, 161
Trd, 000102.817, 172
Trd, 000103.950, 172
Trd, 000104.533, 170
Trd, 000104.567, 173
Trd, 000105.233, 171
Trd, 000105.867, 170
Trd, 000106.317, 172
Trd, 000107.000, 173
Trd, 000107.367, 172
Trd, 000107.533, 176
Trd, 000109.583, 174
Trd, 000109.750, 173
Trd, 000109.967, 172
Trd, 000110.417, 174
Trd, 000111.100, 171
Trd, 000111.750, 169
Trd, 000111.867, 165
Trd, 000112.633, 166
Trd, 000112.683, 169
Trd, 000112.817, 154
Trd, 000113.033, 147
Trd, 000114.017, 162
Trd, 000114.467, 163
Trd, 000115.267, 163
Trd, 000116.133, 165
Trd, 000116.567, 176
Trd, 000117.383, 167
Trd, 000118.283, 170
Trd, 000118.633, 170
Trd, 000119.233, 171
Trd, 000119.383, 168
Trd, 000119.500, 171
Trd, 000121.117, 167
Trd, 000121.533, 170
Trd, 000121.667, 172
Trd, 000121.700, 174
Trd, 000121.783, 166
Trd, 000122.400, 180
Trd, 000122.883, 184
Trd, 000123.083, 198
Trd, 000123.583, 171
Trd, 000123.683, 208
Trd, 000124.017, 300.0
Trd, 000124.183, 304
Trd, 000125.067, 331.0
Trd, 000125.367, 337.0
Trd, 000125.383, 348
Trd, 000125.600, 327
Trd, 000126.950, 337.0
Trd, 000127.650, 339
Trd, 000128.450, 352
Trd, 000128.967, 366.0
Trd, 000129.017, 334.0
Trd, 000129.517, 366.0
Trd, 000129.967, 329.0
Trd, 000130.250, 328.0
Trd, 000130.717, 330.0
Trd, 000131.267, 330.0
Trd, 000131.367, 331.0
Trd, 000132.717, 329
Trd, 000133.300, 330
Trd, 000133.433, 337.0
Trd, 000134.333, 331.0
Trd, 000135.217, 336
Trd, 000135.750, 337
Trd, 000135.783, 332.0
Trd, 000136.883, 339
Trd, 000137.150, 353
Trd, 000137.433, 355.0
Trd, 000138.233, 341.0
Trd, 000138.867, 342
Trd, 000138.967, 340.0
Trd, 000139.167, 339.0
Trd, 000139.567, 343
Trd, 000141.000, 344
Trd, 000141.083, 344
Trd, 000141.550, 368.0
Trd, 000142.917, 352
Trd, 000143.433, 362
Trd, 000144.017, 350
Trd, 000144.317, 363
Trd, 000144.650, 362
Trd, 000144.950, 358.0
Trd, 000147.000, 354
Trd, 000147.133, 355
Trd, 000148.500, 342
Trd, 000148.767, 354
Trd, 000148.867, 346
Trd, 000148.983, 354
Trd, 000150.033, 354.0
Trd, 000150.933, 349
Trd, 000151.200, 355.0
Trd, 000151.533, 355
Trd, 000151.583, 356
Trd, 000152.667, 345
Trd, 000152.950, 345
Trd, 000153.400, 343
Trd, 000153.483, 342
Trd, 000153.817, 336
Trd, 000153.850, 354
Trd, 000154.167, 355
Trd, 000155.150, 354.0
Trd, 000155.683, 354.0
Trd, 000156.750, 354
Trd, 000157.483, 358.0
Trd, 000158.133, 347
Trd, 000158.433, 357
Trd, 000158.633, 359
Trd, 000158.717, 346
Trd, 000159.150, 347
Trd, 000160.517, 354
Trd, 000161.150, 352
Trd, 000161.450, 351
Trd, 000161.950, 347
Trd, 000162.950, 358.0
Trd, 000162.967, 361
Trd, 000163.867, 356
Trd, 000163.983, 355
Trd, 000164.650, 357
Trd, 000164.767, 351
Trd, 000165.917, 345
Trd, 000166.333, 344
Trd, 000166.933, 351
Trd, 000166.950, 352
Trd, 000167.167, 353
Trd, 000167.550, 352
Trd, 000167.633, 346
Trd, 000168.267, 356
Trd, 000168.667, 362
Trd, 000169.567, 365.0
Trd, 000171.000, 352
Trd, 000171.467, 356
Trd, 000171.700, 353
Trd, 000173.050, 347
Trd, 000173.233, 346
Trd, 000173.767, 354
Trd, 000173.800, 355
Trd, 000175.500, 348
Trd, 000176.183, 350
Trd, 000176.267, 348
Trd, 000176.300, 351
Trd, 000176.900, 352
Trd, 000176.917, 340
Trd, 000177.367, 354
Trd, 000178.733, 355
Trd, 000178.783, 357
Trd, 000179.050, 339
Trd, 000179.383, 357
Trd, 000179.983, 341
Trd, 000181.717, 341
Trd, 000181.850, 344
Trd, 000181.983, 339
Trd, 000182.083, 338
Trd, 000182.550, 336
Trd, 000182.733, 334.0
Trd, 000182.817, 324.0
Trd, 000183.117, 334
Trd, 000183.517, 323
Trd, 000183.583, 195
Trd, 000184.567, 323
Trd, 000184.750, 197
Trd, 000185.133, 193
Trd, 000185.517, 186
Trd, 000185.950, 201
Trd, 000186.383, 184
Trd, 000186.500, 183
Trd, 000187.367, 205
Trd, 000187.733, 201
Trd, 000187.917, 191
Trd, 000188.983, 187
Trd, 000189.567, 177
Trd, 000191.317, 178
Trd, 000191.917, 178
Trd, 000192.100, 178
Trd, 000192.333, 178
Trd, 000192.550, 176
Trd, 000193.817, 178
Trd, 000193.850, 179
Trd, 000194.933, 177
Trd, 000195.183, 175
Trd, 000196.233, 176
Trd, 000196.850, 175
Trd, 000197.583, 172
Trd, 000198.167, 176
Trd, 000198.233, 169
Trd, 000199.400, 172
Trd, 000199.567, 170
Trd, 000199.850, 175
Trd, 000200.100, 171
Trd, 000201.183, 172
Trd, 000202.317, 173
Trd, 000202.450, 175
Trd, 000202.467, 175
Trd, 000202.517, 172
Trd, 000204.067, 176
Trd, 000204.633, 175
Trd, 000205.067, 175
Trd, 000205.150, 174
Trd, 000205.250, 172
Trd, 000206.250, 162
Trd, 000206.883, 163
Trd, 000207.383, 167
Trd, 000207.933, 167
Trd, 000208.167, 166
Trd, 000209.100, 166
Trd, 000209.283, 167
Trd, 000209.350, 168
Trd, 000209.567, 170
Trd, 000210.317, 166
Trd, 000211.017, 164
Trd, 000211.467, 158
Trd, 000212.133, 167
Trd, 000212.300, 170
Trd, 000214.917, 158
Trd, 000215.500, 160
Trd, 000215.517, 161
Trd, 000215.617, 162
Trd, 000215.850, 165
Trd, 000216.200, 160
Trd, 000217.050, 166
Trd, 000217.217, 173
Trd, 000217.683, 175
Trd, 000218.117, 165
Trd, 000219.550, 170
Trd, 000219.633, 169
Trd, 000220.100, 165
Trd, 000220.400, 164
Trd, 000221.483, 164
Trd, 000221.933, 165
Trd, 000222.450, 162
Trd, 000222.467, 166
Trd, 000222.983, 176
Trd, 000223.233, 159
Trd, 000223.433, 175
Trd, 000224.117, 159
Trd, 000225.667, 172
Trd, 000226.133, 172
Trd, 000226.517, 173
Trd, 000226.817, 175
Trd, 000226.900, 176
Trd, 000227.150, 177
Trd, 000227.733, 184
Trd, 000228.250, 159
Trd, 000228.467, 182
Trd, 000229.650, 170
Trd, 000230.617, 170
Trd, 000230.650, 177
Trd, 000230.900, 178
Trd, 000231.267, 164
Trd, 000231.767, 176
Trd, 000231.833, 178
Trd, 000231.883, 164
Trd, 000232.200, 164
Trd, 000233.017, 174
Trd, 000233.133, 175
Trd, 000233.500, 173
Trd, 000233.667, 174
Trd, 000234.000, 157
Trd, 000236.250, 174
Trd, 000237.383, 174
Trd, 000238.383, 175
Trd, 000238.667, 176
Trd, 000238.917, 174
Trd, 000239.167, 173
Trd, 000239.417, 177
Trd, 000240.117, 178
Trd, 000240.633, 171
Trd, 000241.133, 171
Trd, 000241.500, 172
Trd, 000241.533, 175
Trd, 000242.300, 170
Trd, 000242.417, 167
Trd, 000242.650, 165
Trd, 000242.733, 174
Trd, 000243.283, 171
Trd, 000244.250, 177
Trd, 000244.650, 166
Trd, 000244.717, 175
Trd, 000245.167, 175
Trd, 000245.333, 176
Trd, 000246.117, 171
Trd, 000246.833, 171
Trd, 000247.167, 173
Trd, 000247.283, 175
Trd, 000247.717, 176
Trd, 000248.217, 178
Trd, 000248.467, 180
Trd, 000249.067, 179
Trd, 000249.333, 179
Trd, 000249.900, 179
Trd, 000250.633, 171
Trd, 000251.000, 176
Trd, 000251.100, 176
Trd, 000251.167, 175
Trd, 000252.033, 172
Trd, 000252.483, 170
Trd, 000253.417, 176
Trd, 000253.600, 176
Trd, 000253.783, 177
Trd, 000254.700, 179
Trd, 000254.800, 178
Trd, 000255.050, 178
Trd, 000255.317, 177
Trd, 000255.333, 180
Trd, 000255.917, 168
Trd, 000256.067, 181
Trd, 000257.250, 174
Trd, 000257.417, 167
Trd, 000258.550, 177
Trd, 000258.850, 177
Trd, 000259.100, 173
Trd, 000259.567, 176
Trd, 000259.617, 176
Trd, 000260.417, 168
Trd, 000260.717, 169
Trd, 000261.483, 177
Trd, 000261.617, 175
Trd, 000261.950, 175
Trd, 000262.450, 177
Trd, 000262.883, 176
Trd, 000263.800, 177
Trd, 000263.933, 181
Trd, 000264.533, 181
Trd, 000265.600, 185
Trd, 000266.050, 185
Trd, 000266.133, 189
Trd, 000266.283, 185
Trd, 000266.617, 184
Trd, 000267.333, 184
Trd, 000267.583, 184
Trd, 000268.017, 180
Trd, 000268.267, 173
Trd, 000268.700, 183
Trd, 000268.933, 170
Trd, 000269.133, 184
Trd, 000270.283, 189
Trd, 000270.833, 186
Trd, 000271.067, 186
Trd, 000271.583, 187
Trd, 000271.717, 186
Trd, 000271.817, 185
Trd, 000271.917, 181
Trd, 000272.133, 189
Trd, 000273.067, 188
Trd, 000273.267, 188
Trd, 000273.700, 186
Trd, 000273.883, 191
Trd, 000274.017, 185
Trd, 000274.083, 181
Trd, 000274.817, 182
Trd, 000274.950, 185
Trd, 000275.550, 182
Trd, 000276.167, 179
Trd, 000276.183, 183
Trd, 000276.450, 171
Trd, 000277.167, 172
Trd, 000277.483, 176
Trd, 000278.283, 175
Trd, 000278.717, 179
Trd, 000278.917, 183
Trd, 000279.117, 169
Trd, 000279.383, 168
Trd, 000279.567, 182
Trd, 000280.667, 179
Trd, 000280.767, 179
Trd, 000281.867, 177
Trd, 000282.583, 182
Trd, 000283.200, 181
Trd, 000283.383, 180
Trd, 000283.417, 179
Trd, 000283.550, 181
Trd, 000284.100, 172
Trd, 000284.283, 181
Trd, 000284.583, 171
Trd, 000284.900, 179
Trd, 000285.983, 176
Trd, 000286.117, 179
Trd, 000286.667, 182
Trd, 000286.850, 182
Trd, 000286.867, 183
Trd, 000287.233, 172
Trd, 000287.267, 173
Trd, 000287.833, 172
Trd, 000288.783, 180
Trd, 000288.883, 181
Trd, 000289.283, 184
Trd, 000289.350, 172
Trd, 000289.383, 170
Trd, 000290.033, 166
Trd, 000290.950, 178
Trd, 000291.000, 184
Trd, 000291.167, 187
Trd, 000291.667, 174
Trd, 000292.733, 175
Trd, 000293.233, 174
Trd, 000293.900, 183
Trd, 000293.917, 171
Trd, 000294.233, 184
Trd, 000294.267, 191
Trd, 000295.133, 174
Trd, 000295.367, 185
Trd, 000295.617, 182
Trd, 000295.650, 174
Trd, 000296.067, 183
Trd, 000296.150, 182
Trd, 000296.950, 181
Trd, 000298.017, 181
Trd, 000298.167, 182
Trd, 000298.850, 188
Trd, 000299.300, 183
Trd, 000299.350, 184
Trd, 000299.367, 181
