Trd, 000001.700, 140
Trd, 000001.883, 139
Trd, 000002.900, 143
Trd, 000003.167, 125
Trd, 000004.517, 143
Trd, 000004.833, 144
Trd, 000005.583, 146
Trd, 000007.717, 147
Trd, 000007.950, 145
Trd, 000008.267, 145
Trd, 000008.817, 149
Trd, 000009.283, 147
Trd, 000011.100, 148
Trd, 000011.600, 150
Trd, 000011.767, 150
Trd, 000012.000, 149
Trd, 000012.150, 147
Trd, 000014.133, 151
Trd, 000014.667, 151
Trd, 000015.583, 150
Trd, 000015.950, 149
Trd, 000016.050, 152
Trd, 000016.950, 149
Trd, 000018.633, 150
Trd, 000019.167, 157
Trd, 000019.817, 154
Trd, 000020.700, 157
Trd, 000021.350, 156
Trd, 000021.517, 156
Trd, 000022.183, 153
Trd, 000024.817, 153
Trd, 000025.267, 153
Trd, 000026.267, 153
Trd, 000026.383, 153
Trd, 000026.650, 153
Trd, 000026.783, 157
Trd, 000027.717, 154
Trd, 000028.800, 154
Trd, 000029.183, 153
Trd, 000029.617, 151
Trd, 000029.700, 147
Trd, 000030.000, 153
Trd, 000030.533, 154
Trd, 000031.450, 152
Trd, 000033.250, 154
Trd, 000034.583, 153
Trd, 000035.333, 153
Trd, 000035.367, 152
Trd, 000036.800, 154
Trd, 000037.233, 153
Trd, 000037.633, 151
Trd, 000039.033, 153
Trd, 000039.317, 154
Trd, 000040.683, 154
Trd, 000040.900, 153
Trd, 000041.150, 153
Trd, 000042.283, 152
Trd, 000042.417, 153
Trd, 000042.483, 155
Trd, 000043.200, 155
Trd, 000043.650, 156
Trd, 000043.900, 157
Trd, 000043.950, 156
Trd, 000044.917, 157
Trd, 000046.250, 160
Trd, 000046.750, 161
Trd, 000047.717, 162
Trd, 000048.017, 156
Trd, 000048.333, 155
Trd, 000048.950, 158
Trd, 000049.800, 157
Trd, 000049.867, 153
Trd, 000050.633, 159
Trd, 000051.883, 159
Trd, 000052.233, 159
Trd, 000052.600, 159
Trd, 000053.283, 159
Trd, 000053.350, 157
Trd, 000053.800, 155
Trd, 000054.550, 156
Trd, 000055.183, 160
Trd, 000056.100, 156
Trd, 000056.767, 156
Trd, 000060.300, 156
Trd, 000060.500, 156
Trd, 000060.667, 157
Trd, 000061.367, 157
Trd, 000061.983, 157
Trd, 000062.567, 156
Trd, 000063.883, 156
Trd, 000064.417, 154
Trd, 000064.450, 161
Trd, 000065.783, 155
Trd, 000067.450, 156
Trd, 000068.433, 155
Trd, 000068.650, 155
Trd, 000070.633, 157
Trd, 000071.083, 158
Trd, 000071.250, 157
Trd, 000072.450, 159
Trd, 000073.783, 157
Trd, 000073.833, 157
Trd, 000074.217, 158
Trd, 000074.700, 158
Trd, 000074.800, 159
Trd, 000075.600, 157
Trd, 000077.283, 158
Trd, 000077.883, 159
Trd, 000077.967, 158
Trd, 000078.667, 159
Trd, 000080.000, 159
Trd, 000080.500, 157
Trd, 000081.300, 156
Trd, 000081.717, 156
Trd, 000082.467, 156
Trd, 000083.083, 157
Trd, 000084.200, 157
Trd, 000085.250, 157
Trd, 000086.883, 158
Trd, 000087.567, 159
Trd, 000088.650, 164
Trd, 000088.850, 159
Trd, 000090.367, 158
Trd, 000090.950, 158
Trd, 000091.217, 159
Trd, 000091.983, 158
Trd, 000092.917, 158
Trd, 000093.000, 158
Trd, 000093.150, 159
Trd, 000094.833, 157
Trd, 000095.500, 157
Trd, 000096.733, 157
Trd, 000097.917, 158
Trd, 000098.283, 158
Trd, 000098.383, 160
Trd, 000098.500, 161
Trd, 000099.900, 162
Trd, 000099.933, 161
Trd, 000100.767, 161
Trd, 000101.317, 160
Trd, 000101.400, 159
Trd, 000103.717, 159
Trd, 000103.933, 160
Trd, 000104.067, 160
Trd, 000104.517, 161
Trd, 000106.033, 161
Trd, 000107.117, 162
Trd, 000107.650, 161
Trd, 000108.150, 160
Trd, 000109.883, 160
Trd, 000110.117, 161
Trd, 000111.283, 161
Trd, 000112.550, 160
Trd, 000113.233, 162
Trd, 000114.167, 162
Trd, 000114.433, 161
Trd, 000115.717, 162
Trd, 000115.983, 163
Trd, 000116.083, 161
Trd, 000116.817, 162
Trd, 000117.017, 161
Trd, 000118.017, 161
Trd, 000118.883, 162
Trd, 000120.150, 163
Trd, 000120.350, 161
Trd, 000120.467, 160
Trd, 000121.133, 163
Trd, 000121.850, 163
Trd, 000121.950, 163
Trd, 000122.333, 167
Trd, 000122.833, 170
Trd, 000123.083, 212
Trd, 000124.217, 344.0
Trd, 000124.317, 351.0
Trd, 000124.350, 301.0
Trd, 000125.683, 343.0
Trd, 000126.083, 343.0
Trd, 000127.233, 343.0
Trd, 000127.383, 344.0
Trd, 000128.033, 341
Trd, 000129.133, 343
Trd, 000130.167, 343.0
Trd, 000130.333, 344.0
Trd, 000130.633, 343
Trd, 000130.783, 347
Trd, 000132.517, 345
Trd, 000133.067, 346
Trd, 000135.150, 344.0
Trd, 000135.567, 348
Trd, 000135.983, 348
Trd, 000136.033, 348
Trd, 000137.383, 349
Trd, 000137.617, 348.0
Trd, 000139.117, 346
Trd, 000141.467, 348
Trd, 000141.667, 349
Trd, 000142.650, 350
Trd, 000143.000, 351.0
Trd, 000143.233, 351
Trd, 000143.817, 345
Trd, 000144.100, 344.0
Trd, 000145.783, 350
Trd, 000146.867, 349
Trd, 000147.650, 351.0
Trd, 000148.250, 350
Trd, 000149.133, 348.0
Trd, 000149.600, 348.0
Trd, 000150.417, 348
Trd, 000150.533, 347
Trd, 000151.033, 351
Trd, 000151.817, 351.0
Trd, 000152.050, 351.0
Trd, 000152.533, 351.0
Trd, 000153.633, 351.0
Trd, 000153.900, 351
Trd, 000155.600, 353.0
Trd, 000155.933, 351
Trd, 000156.233, 354
Trd, 000156.333, 353
Trd, 000157.900, 352
Trd, 000159.317, 350
Trd, 000160.700, 349
Trd, 000161.283, 349
Trd, 000161.483, 349.0
Trd, 000162.233, 348.0
Trd, 000163.450, 348
Trd, 000163.933, 349
Trd, 000165.667, 350
Trd, 000166.233, 348.0
Trd, 000166.667, 351.0
Trd, 000166.733, 346
Trd, 000166.933, 345.0
Trd, 000168.383, 347
Trd, 000168.583, 347
Trd, 000169.900, 348.0
Trd, 000172.233, 349
Trd, 000172.250, 352
Trd, 000173.267, 348
Trd, 000173.567, 349
Trd, 000173.833, 346
Trd, 000176.650, 350
Trd, 000176.833, 350
Trd, 000177.250, 350
Trd, 000177.600, 350
Trd, 000180.017, 350
Trd, 000180.033, 348.0
Trd, 000180.317, 345
Trd, 000181.950, 349.0
Trd, 000182.050, 346
Trd, 000182.233, 350
Trd, 000182.833, 344.0
Trd, 000182.850, 337.0
Trd, 000183.133, 333
Trd, 000183.817, 328
Trd, 000184.100, 313.0
Trd, 000184.233, 300.0
Trd, 000184.250, 283
Trd, 000184.367, 275
Trd, 000184.383, 214
Trd, 000184.900, 173
Trd, 000185.783, 166
Trd, 000186.933, 167
Trd, 000187.617, 169
Trd, 000188.883, 170
Trd, 000189.783, 170
Trd, 000190.867, 171
Trd, 000191.083, 169
Trd, 000193.350, 170
Trd, 000193.433, 171
Trd, 000194.767, 173
Trd, 000194.983, 172
Trd, 000195.517, 168
Trd, 000195.900, 168
Trd, 000196.983, 168
Trd, 000197.983, 172
Trd, 000200.267, 171
Trd, 000200.433, 169
Trd, 000201.167, 171
Trd, 000201.433, 171
Trd, 000201.917, 172
Trd, 000202.783, 169
Trd, 000203.833, 168
Trd, 000205.433, 171
Trd, 000206.067, 171
Trd, 000206.483, 171
Trd, 000207.067, 171
Trd, 000207.600, 173
Trd, 000207.850, 172
Trd, 000208.483, 172
Trd, 000209.567, 176
Trd, 000210.083, 173
Trd, 000210.133, 173
Trd, 000211.467, 172
Trd, 000212.667, 171
Trd, 000212.850, 173
Trd, 000214.367, 173
Trd, 000215.283, 174
Trd, 000215.750, 173
Trd, 000216.367, 174
Trd, 000217.317, 172
Trd, 000218.650, 172
Trd, 000219.250, 172
Trd, 000220.800, 173
Trd, 000221.350, 173
Trd, 000222.017, 173
Trd, 000222.383, 172
Trd, 000223.467, 173
Trd, 000223.733, 172
Trd, 000224.117, 170
Trd, 000224.150, 172
Trd, 000226.567, 172
Trd, 000226.867, 172
Trd, 000227.117, 172
Trd, 000227.767, 173
Trd, 000227.833, 172
Trd, 000228.267, 172
Trd, 000228.533, 171
Trd, 000229.200, 169
Trd, 000231.550, 173
Trd, 000232.100, 173
Trd, 000232.350, 172
Trd, 000232.550, 172
Trd, 000233.600, 169
Trd, 000234.817, 172
Trd, 000235.417, 173
Trd, 000235.467, 174
Trd, 000238.650, 175
Trd, 000240.000, 175
Trd, 000240.250, 174
Trd, 000240.267, 174
Trd, 000240.467, 175
Trd, 000240.600, 175
Trd, 000241.067, 177
Trd, 000241.200, 178
Trd, 000241.783, 179
Trd, 000241.883, 182
Trd, 000241.900, 179
Trd, 000242.500, 179
Trd, 000242.583, 178
Trd, 000243.517, 180
Trd, 000243.717, 179
Trd, 000244.650, 181
Trd, 000244.700, 180
Trd, 000245.600, 183
Trd, 000245.900, 180
Trd, 000246.200, 180
Trd, 000246.617, 180
Trd, 000247.333, 182
Trd, 000247.433, 183
Trd, 000248.267, 178
Trd, 000248.750, 179
Trd, 000248.783, 176
Trd, 000249.117, 180
Trd, 000250.150, 180
Trd, 000250.483, 178
Trd, 000250.617, 180
Trd, 000250.850, 179
Trd, 000251.433, 178
Trd, 000251.867, 178
Trd, 000252.350, 179
Trd, 000252.833, 180
Trd, 000252.967, 184
Trd, 000253.250, 181
Trd, 000254.017, 180
Trd, 000254.217, 181
Trd, 000254.717, 179
Trd, 000255.050, 180
Trd, 000255.300, 179
Trd, 000256.567, 175
Trd, 000256.900, 177
Trd, 000256.967, 177
Trd, 000257.417, 179
Trd, 000257.583, 178
Trd, 000258.317, 182
Trd, 000258.383, 181
Trd, 000259.183, 180
Trd, 000259.567, 181
Trd, 000259.900, 179
Trd, 000260.100, 176
Trd, 000260.750, 180
Trd, 000260.867, 179
Trd, 000261.300, 179
Trd, 000261.633, 178
Trd, 000262.417, 179
Trd, 000262.567, 181
Trd, 000262.933, 177
Trd, 000264.183, 182
Trd, 000264.283, 179
Trd, 000264.533, 182
Trd, 000265.083, 183
Trd, 000265.183, 181
Trd, 000265.617, 180
Trd, 000266.250, 179
Trd, 000267.017, 178
Trd, 000267.650, 184
Trd, 000267.700, 184
Trd, 000268.517, 182
Trd, 000269.200, 181
Trd, 000269.367, 179
Trd, 000269.600, 180
Trd, 000269.917, 180
Trd, 000270.683, 178
Trd, 000271.033, 177
Trd, 000271.750, 178
Trd, 000272.017, 180
Trd, 000272.200, 179
Trd, 000272.367, 179
Trd, 000272.417, 180
Trd, 000272.933, 178
Trd, 000273.350, 175
Trd, 000274.017, 165
Trd, 000274.617, 177
Trd, 000274.733, 182
Trd, 000274.967, 177
Trd, 000275.233, 178
Trd, 000275.667, 177
Trd, 000276.233, 178
Trd, 000276.250, 175
Trd, 000276.817, 175
Trd, 000277.050, 185
Trd, 000277.633, 180
Trd, 000277.867, 175
Trd, 000278.283, 174
Trd, 000279.067, 177
Trd, 000279.733, 176
Trd, 000281.000, 179
Trd, 000281.200, 179
Trd, 000281.650, 176
Trd, 000281.767, 179
Trd, 000282.367, 174
Trd, 000282.500, 183
Trd, 000283.017, 187
Trd, 000283.617, 187
Trd, 000283.950, 188
Trd, 000284.017, 183
Trd, 000285.050, 185
Trd, 000285.700, 185
Trd, 000285.817, 184
Trd, 000287.067, 184
Trd, 000287.267, 184
Trd, 000287.933, 184
Trd, 000288.350, 184
Trd, 000288.450, 183
Trd, 000289.183, 184
Trd, 000289.500, 187
Trd, 000289.617, 189
Trd, 000289.850, 180
Trd, 000290.517, 179
Trd, 000291.117, 184
Trd, 000291.900, 184
Trd, 000291.917, 180
Trd, 000292.150, 183
Trd, 000292.433, 183
Trd, 000292.800, 180
Trd, 000292.900, 190
Trd, 000293.133, 180
Trd, 000293.400, 191
Trd, 000293.583, 180
Trd, 000294.717, 188
Trd, 000295.217, 184
Trd, 000296.250, 194
Trd, 000297.317, 187
Trd, 000298.167, 191
Trd, 000298.983, 187
Trd, 000299.300, 190
Trd, 000299.717, 190
Trd, 000299.917, 193
