Trd, 000001.333, 186
Trd, 000002.283, 175
Trd, 000002.967, 172
Trd, 000003.083, 168
Trd, 000004.683, 152
Trd, 000004.717, 155
Trd, 000004.900, 157
Trd, 000005.417, 152
Trd, 000005.583, 157
Trd, 000005.733, 151
Trd, 000007.867, 157
Trd, 000008.350, 156
Trd, 000008.583, 155
Trd, 000008.833, 158
Trd, 000009.400, 146
Trd, 000009.883, 154
Trd, 000011.683, 154
Trd, 000011.917, 153
Trd, 000012.017, 152
Trd, 000012.433, 151
Trd, 000014.050, 151
Trd, 000014.300, 152
Trd, 000014.417, 152
Trd, 000015.000, 150
Trd, 000015.533, 150
Trd, 000016.383, 149
Trd, 000017.450, 150
Trd, 000018.417, 151
Trd, 000018.800, 151
Trd, 000019.117, 147
Trd, 000021.800, 150
Trd, 000021.850, 152
Trd, 000022.400, 153
Trd, 000022.767, 150
Trd, 000023.933, 152
Trd, 000024.450, 152
Trd, 000025.000, 153
Trd, 000025.733, 160
Trd, 000026.183, 161
Trd, 000026.500, 162
Trd, 000027.133, 161
Trd, 000027.633, 161
Trd, 000027.933, 160
Trd, 000029.583, 160
Trd, 000030.067, 160
Trd, 000030.233, 159
Trd, 000030.483, 162
Trd, 000031.550, 161
Trd, 000031.633, 158
Trd, 000031.800, 162
Trd, 000031.833, 157
Trd, 000032.533, 160
Trd, 000032.733, 161
Trd, 000032.833, 161
Trd, 000032.917, 168
Trd, 000034.867, 163
Trd, 000035.083, 163
Trd, 000036.100, 165
Trd, 000037.550, 163
Trd, 000037.933, 164
Trd, 000038.267, 167
Trd, 000039.183, 167
Trd, 000039.500, 165
Trd, 000040.050, 167
Trd, 000040.533, 166
Trd, 000042.783, 159
Trd, 000042.800, 145
Trd, 000043.933, 158
Trd, 000044.150, 159
Trd, 000044.433, 159
Trd, 000045.350, 164
Trd, 000045.850, 169
Trd, 000046.067, 168
Trd, 000046.167, 168
Trd, 000047.583, 165
Trd, 000048.067, 166
Trd, 000048.850, 166
Trd, 000049.450, 165
Trd, 000051.150, 160
Trd, 000052.233, 166
Trd, 000053.700, 161
Trd, 000054.217, 161
Trd, 000054.750, 162
Trd, 000055.067, 161
Trd, 000055.117, 161
Trd, 000055.350, 159
Trd, 000056.217, 156
Trd, 000056.233, 162
Trd, 000056.667, 164
Trd, 000057.150, 166
Trd, 000059.217, 163
Trd, 000059.750, 165
Trd, 000060.117, 165
Trd, 000060.333, 164
Trd, 000060.950, 163
Trd, 000062.633, 163
Trd, 000063.300, 159
Trd, 000064.100, 158
Trd, 000064.300, 157
Trd, 000064.767, 164
Trd, 000065.767, 159
Trd, 000066.217, 159
Trd, 000066.383, 162
Trd, 000067.983, 161
Trd, 000068.167, 161
Trd, 000068.683, 159
Trd, 000069.067, 158
Trd, 000069.233, 158
Trd, 000069.617, 158
Trd, 000070.217, 150
Trd, 000071.517, 175
Trd, 000071.633, 170
Trd, 000073.083, 174
Trd, 000073.383, 172
Trd, 000073.550, 169
Trd, 000074.400, 171
Trd, 000074.817, 171
Trd, 000075.133, 159
Trd, 000077.000, 164
Trd, 000077.200, 163
Trd, 000077.717, 164
Trd, 000078.133, 160
Trd, 000078.383, 162
Trd, 000078.767, 159
Trd, 000080.367, 161
Trd, 000080.900, 160
Trd, 000082.417, 160
Trd, 000082.550, 157
Trd, 000083.583, 161
Trd, 000084.550, 159
Trd, 000085.067, 159
Trd, 000085.300, 159
Trd, 000085.317, 160
Trd, 000086.250, 162
Trd, 000086.383, 164
Trd, 000086.400, 161
Trd, 000086.583, 160
Trd, 000087.233, 170
Trd, 000087.967, 169
Trd, 000089.100, 170
Trd, 000089.467, 169
Trd, 000090.150, 161
Trd, 000091.083, 164
Trd, 000092.150, 153
Trd, 000093.100, 160
Trd, 000093.517, 160
Trd, 000093.750, 160
Trd, 000094.767, 164
Trd, 000095.283, 167
Trd, 000095.917, 170
Trd, 000096.217, 173
Trd, 000096.717, 169
Trd, 000096.867, 173
Trd, 000097.533, 170
Trd, 000097.667, 162
Trd, 000098.817, 172
Trd, 000098.950, 162
Trd, 000100.250, 168
Trd, 000100.317, 169
Trd, 000101.917, 166
Trd, 000102.167, 167
Trd, 000102.633, 167
Trd, 000102.800, 165
Trd, 000103.883, 167
Trd, 000105.550, 168
Trd, 000105.583, 167
Trd, 000106.083, 164
Trd, 000107.267, 162
Trd, 000108.400, 168
Trd, 000109.033, 165
Trd, 000109.650, 165
Trd, 000110.383, 164
Trd, 000110.883, 165
Trd, 000111.067, 166
Trd, 000111.950, 164
Trd, 000113.367, 163
Trd, 000114.317, 165
Trd, 000115.083, 166
Trd, 000115.283, 180
Trd, 000115.667, 166
Trd, 000115.767, 163
Trd, 000117.067, 167
Trd, 000117.233, 165
Trd, 000117.817, 166
Trd, 000118.617, 165
Trd, 000118.750, 166
Trd, 000118.800, 165
Trd, 000119.183, 164
Trd, 000119.300, 165
Trd, 000119.650, 164
Trd, 000121.433, 175
Trd, 000121.967, 176
Trd, 000122.050, 177
Trd, 000122.233, 187
Trd, 000122.733, 201
Trd, 000122.967, 205
Trd, 000123.033, 208
Trd, 000123.733, 303
Trd, 000124.800, 245
Trd, 000125.200, 317
Trd, 000125.350, 318
Trd, 000125.433, 318
Trd, 000125.583, 320.0
Trd, 000125.783, 334.0
Trd, 000126.067, 337.0
Trd, 000127.217, 334.0
Trd, 000127.683, 349
Trd, 000127.850, 344
Trd, 000128.350, 349
Trd, 000129.117, 343.0
Trd, 000129.250, 343.0
Trd, 000129.283, 344
Trd, 000129.583, 346
Trd, 000130.517, 347
Trd, 000130.600, 351.0
Trd, 000131.317, 346
Trd, 000132.950, 360.0
Trd, 000133.917, 352
Trd, 000134.600, 357
Trd, 000136.633, 357
Trd, 000136.833, 354
Trd, 000137.917, 355.0
Trd, 000139.267, 354
Trd, 000139.950, 353.0
Trd, 000140.417, 353
Trd, 000141.250, 351
Trd, 000141.500, 353.0
Trd, 000141.583, 353
Trd, 000141.600, 359
Trd, 000143.033, 356
Trd, 000143.817, 354.0
Trd, 000144.267, 352
Trd, 000144.850, 357
Trd, 000144.917, 362.0
Trd, 000145.517, 351.0
Trd, 000146.100, 361
Trd, 000146.583, 362
Trd, 000147.583, 357
Trd, 000148.200, 362
Trd, 000148.500, 363
Trd, 000149.183, 363
Trd, 000150.450, 362
Trd, 000151.733, 362.0
Trd, 000151.867, 359
Trd, 000153.133, 356
Trd, 000154.167, 357.0
Trd, 000154.883, 358.0
Trd, 000155.400, 354
Trd, 000155.950, 356
Trd, 000156.433, 357
Trd, 000156.900, 357
Trd, 000156.967, 360.0
Trd, 000159.183, 360.0
Trd, 000159.767, 359
Trd, 000160.617, 359
Trd, 000160.650, 360.0
Trd, 000161.050, 359
Trd, 000161.317, 358
Trd, 000161.867, 351.0
Trd, 000162.450, 347
Trd, 000163.417, 349
Trd, 000164.833, 351.0
Trd, 000165.567, 348
Trd, 000165.717, 349
Trd, 000165.983, 348.0
Trd, 000166.167, 348
Trd, 000167.133, 352
Trd, 000167.350, 352.0
Trd, 000167.783, 349.0
Trd, 000168.467, 351
Trd, 000170.083, 344
Trd, 000170.800, 351.0
Trd, 000170.950, 351
Trd, 000171.750, 350
Trd, 000173.217, 351
Trd, 000173.967, 350
Trd, 000174.583, 355
Trd, 000175.800, 350
Trd, 000176.467, 354
Trd, 000177.383, 353
Trd, 000177.900, 357
Trd, 000178.467, 351
Trd, 000178.633, 349
Trd, 000178.900, 351
Trd, 000179.483, 348
Trd, 000180.650, 348
Trd, 000181.883, 352
Trd, 000181.983, 352
Trd, 000182.067, 349
Trd, 000182.267, 344.0
Trd, 000182.417, 341.0
Trd, 000182.617, 336
Trd, 000183.350, 312
Trd, 000183.500, 309
Trd, 000183.567, 308
Trd, 000184.083, 204
Trd, 000184.617, 257
Trd, 000185.550, 285
Trd, 000185.650, 195
Trd, 000185.750, 193
Trd, 000186.183, 187
Trd, 000188.667, 187
Trd, 000188.800, 186
Trd, 000189.333, 175
Trd, 000189.750, 174
Trd, 000189.833, 173
Trd, 000190.683, 179
Trd, 000191.067, 178
Trd, 000192.150, 172
Trd, 000193.900, 173
Trd, 000193.933, 172
Trd, 000194.450, 171
Trd, 000194.567, 172
Trd, 000194.850, 170
Trd, 000194.983, 181
Trd, 000195.067, 184
Trd, 000198.600, 173
Trd, 000199.117, 173
Trd, 000199.650, 172
Trd, 000199.767, 172
Trd, 000200.017, 173
Trd, 000200.233, 173
Trd, 000200.567, 174
Trd, 000201.283, 175
Trd, 000201.733, 172
Trd, 000202.317, 176
Trd, 000202.450, 171
Trd, 000202.800, 173
Trd, 000203.117, 182
Trd, 000203.650, 171
Trd, 000204.883, 176
Trd, 000205.033, 177
Trd, 000205.450, 177
Trd, 000206.600, 178
Trd, 000207.483, 181
Trd, 000207.950, 183
Trd, 000208.150, 184
Trd, 000209.383, 185
Trd, 000210.050, 184
Trd, 000210.700, 184
Trd, 000211.600, 182
Trd, 000212.117, 182
Trd, 000212.183, 186
Trd, 000212.467, 186
Trd, 000215.200, 175
Trd, 000216.250, 172
Trd, 000217.300, 177
Trd, 000217.700, 177
Trd, 000219.050, 177
Trd, 000220.417, 176
Trd, 000220.933, 178
Trd, 000221.017, 180
Trd, 000221.350, 179
Trd, 000222.800, 186
Trd, 000223.200, 183
Trd, 000223.383, 182
Trd, 000223.933, 184
Trd, 000224.283, 183
Trd, 000225.117, 183
Trd, 000225.300, 178
Trd, 000226.067, 182
Trd, 000226.950, 181
Trd, 000227.017, 184
Trd, 000228.467, 184
Trd, 000228.883, 184
Trd, 000229.600, 177
Trd, 000229.700, 185
Trd, 000231.550, 180
Trd, 000232.217, 177
Trd, 000232.417, 174
Trd, 000233.783, 181
Trd, 000234.700, 181
Trd, 000235.733, 175
Trd, 000236.133, 174
Trd, 000236.183, 179
Trd, 000237.483, 176
Trd, 000237.683, 175
Trd, 000238.367, 176
Trd, 000238.467, 175
Trd, 000238.717, 183
Trd, 000239.783, 180
Trd, 000240.200, 179
Trd, 000240.400, 178
Trd, 000240.983, 172
Trd, 000241.150, 171
Trd, 000241.350, 168
Trd, 000241.517, 171
Trd, 000241.717, 172
Trd, 000241.767, 173
Trd, 000242.267, 173
Trd, 000242.600, 175
Trd, 000243.133, 178
Trd, 000243.750, 183
Trd, 000244.250, 183
Trd, 000244.267, 184
Trd, 000245.133, 185
Trd, 000245.233, 184
Trd, 000245.500, 186
Trd, 000245.683, 182
Trd, 000246.367, 183
Trd, 000246.483, 182
Trd, 000247.083, 178
Trd, 000247.500, 181
Trd, 000247.567, 175
Trd, 000247.750, 165
Trd, 000247.933, 186
Trd, 000248.267, 169
Trd, 000249.133, 167
Trd, 000250.433, 166
Trd, 000250.583, 167
Trd, 000251.400, 168
Trd, 000251.450, 169
Trd, 000251.850, 169
Trd, 000251.883, 169
Trd, 000252.083, 171
Trd, 000252.317, 170
Trd, 000252.683, 173
Trd, 000252.850, 174
Trd, 000253.333, 173
Trd, 000254.050, 173
Trd, 000254.600, 176
Trd, 000255.167, 186
Trd, 000256.083, 180
Trd, 000256.200, 179
Trd, 000256.233, 176
Trd, 000257.117, 178
Trd, 000257.517, 177
Trd, 000258.100, 178
Trd, 000258.133, 179
Trd, 000258.833, 180
Trd, 000259.367, 180
Trd, 000259.867, 181
Trd, 000259.967, 179
Trd, 000260.000, 177
Trd, 000260.300, 179
Trd, 000260.333, 188
Trd, 000261.600, 177
Trd, 000261.833, 177
Trd, 000262.267, 184
Trd, 000262.783, 181
Trd, 000263.100, 181
Trd, 000263.567, 182
Trd, 000264.200, 178
Trd, 000264.417, 176
Trd, 000264.883, 173
Trd, 000265.383, 170
Trd, 000266.333, 174
Trd, 000266.533, 175
Trd, 000266.917, 175
Trd, 000267.183, 174
Trd, 000267.783, 174
Trd, 000268.100, 173
Trd, 000268.300, 176
Trd, 000269.200, 171
Trd, 000270.667, 175
Trd, 000271.033, 174
Trd, 000271.067, 176
Trd, 000271.250, 174
Trd, 000271.367, 177
Trd, 000271.717, 176
Trd, 000271.733, 178
Trd, 000272.600, 174
Trd, 000273.033, 171
Trd, 000273.200, 175
Trd, 000273.383, 172
Trd, 000273.667, 176
Trd, 000275.650, 186
Trd, 000275.767, 182
Trd, 000276.167, 182
Trd, 000276.533, 182
Trd, 000276.717, 181
Trd, 000276.767, 185
Trd, 000276.833, 178
Trd, 000276.867, 171
Trd, 000277.833, 182
Trd, 000278.383, 180
Trd, 000279.633, 179
Trd, 000280.117, 176
Trd, 000280.167, 179
Trd, 000280.567, 175
Trd, 000280.583, 166
Trd, 000281.117, 168
Trd, 000281.683, 169
Trd, 000282.517, 173
Trd, 000282.617, 174
Trd, 000283.183, 174
Trd, 000283.217, 179
Trd, 000283.767, 187
Trd, 000283.900, 186
Trd, 000284.483, 190
Trd, 000284.583, 181
Trd, 000285.717, 181
Trd, 000285.850, 182
Trd, 000286.050, 181
Trd, 000286.517, 187
Trd, 000286.600, 180
Trd, 000286.750, 187
Trd, 000287.117, 186
Trd, 000287.600, 186
Trd, 000287.767, 187
Trd, 000288.383, 189
Trd, 000289.150, 190
Trd, 000289.367, 192
Trd, 000289.400, 193
Trd, 000289.550, 188
Trd, 000290.333, 187
Trd, 000290.433, 192
Trd, 000290.867, 183
Trd, 000291.017, 180
Trd, 000291.517, 192
Trd, 000291.817, 179
Trd, 000291.950, 171
Trd, 000292.017, 197
Trd, 000292.317, 170
Trd, 000293.067, 184
Trd, 000293.100, 193
Trd, 000293.400, 185
Trd, 000293.483, 180
Trd, 000293.567, 197
Trd, 000293.750, 204
Trd, 000294.317, 180
Trd, 000294.500, 179
Trd, 000295.650, 181
Trd, 000295.767, 180
Trd, 000296.817, 182
Trd, 000297.800, 186
Trd, 000298.100, 184
Trd, 000298.117, 186
Trd, 000298.250, 183
Trd, 000299.533, 183
Trd, 000299.700, 182
