Trd, 000001.367, 133
Trd, 000002.217, 134
Trd, 000002.317, 167
Trd, 000002.633, 155
Trd, 000002.717, 133
Trd, 000003.417, 172
Trd, 000004.633, 163
Trd, 000004.833, 139
Trd, 000006.017, 139
Trd, 000006.717, 143
Trd, 000007.017, 145
Trd, 000007.700, 146
Trd, 000007.967, 151
Trd, 000008.650, 151
Trd, 000009.800, 165
Trd, 000010.533, 153
Trd, 000010.733, 165
Trd, 000011.017, 145
Trd, 000011.067, 168
Trd, 000012.233, 161
Trd, 000013.033, 152
Trd, 000013.100, 163
Trd, 000014.150, 152
Trd, 000014.333, 151
Trd, 000014.767, 148
Trd, 000015.217, 166
Trd, 000015.867, 153
Trd, 000017.067, 155
Trd, 000017.800, 155
Trd, 000018.983, 159
Trd, 000019.183, 160
Trd, 000019.967, 156
Trd, 000020.367, 156
Trd, 000020.383, 153
Trd, 000020.517, 161
Trd, 000021.083, 177
Trd, 000021.150, 152
Trd, 000021.817, 149
Trd, 000023.283, 153
Trd, 000023.500, 158
Trd, 000023.967, 153
Trd, 000024.617, 158
Trd, 000024.933, 159
Trd, 000025.150, 153
Trd, 000026.617, 153
Trd, 000027.117, 164
Trd, 000028.250, 161
Trd, 000028.367, 149
Trd, 000029.333, 160
Trd, 000029.533, 147
Trd, 000030.017, 157
Trd, 000030.933, 152
Trd, 000030.967, 149
Trd, 000031.267, 156
Trd, 000031.950, 175
Trd, 000033.117, 170
Trd, 000033.967, 147
Trd, 000035.433, 169
Trd, 000035.583, 162
Trd, 000037.183, 163
Trd, 000037.317, 164
Trd, 000038.850, 166
Trd, 000039.283, 169
Trd, 000040.133, 162
Trd, 000040.250, 161
Trd, 000040.633, 158
Trd, 000040.917, 154
Trd, 000042.383, 172
Trd, 000042.583, 152
Trd, 000043.083, 168
Trd, 000044.217, 161
Trd, 000044.583, 148
Trd, 000044.750, 148
Trd, 000045.617, 148
Trd, 000046.733, 158
Trd, 000047.067, 160
Trd, 000048.167, 150
Trd, 000048.267, 149
Trd, 000048.667, 173
Trd, 000049.133, 148
Trd, 000049.400, 164
Trd, 000049.950, 167
Trd, 000050.267, 146
Trd, 000050.833, 166
Trd, 000051.933, 164
Trd, 000053.150, 164
Trd, 000053.617, 164
Trd, 000053.983, 161
Trd, 000054.083, 173
Trd, 000054.200, 160
Trd, 000054.367, 176
Trd, 000054.467, 160
Trd, 000054.500, 159
Trd, 000055.300, 175
Trd, 000055.500, 173
Trd, 000056.483, 158
Trd, 000057.017, 155
Trd, 000057.267, 151
Trd, 000057.617, 157
Trd, 000058.083, 163
Trd, 000059.067, 175
Trd, 000059.333, 178
Trd, 000060.833, 170
Trd, 000061.183, 171
Trd, 000061.367, 160
Trd, 000062.617, 166
Trd, 000063.100, 162
Trd, 000063.617, 154
Trd, 000065.017, 152
Trd, 000065.983, 153
Trd, 000066.283, 151
Trd, 000066.650, 154
Trd, 000067.117, 155
Trd, 000067.217, 156
Trd, 000068.033, 157
Trd, 000068.933, 157
Trd, 000069.700, 158
Trd, 000070.533, 159
Trd, 000071.100, 159
Trd, 000071.450, 156
Trd, 000072.350, 157
Trd, 000073.683, 158
Trd, 000073.917, 158
Trd, 000074.233, 154
Trd, 000074.483, 159
Trd, 000074.733, 159
Trd, 000075.050, 162
Trd, 000075.417, 169
Trd, 000075.583, 173
Trd, 000077.283, 178
Trd, 000077.867, 154
Trd, 000078.200, 153
Trd, 000078.733, 153
Trd, 000079.117, 153
Trd, 000079.417, 165
Trd, 000079.883, 164
Trd, 000080.283, 154
Trd, 000081.233, 151
Trd, 000082.117, 150
Trd, 000082.300, 149
Trd, 000082.683, 159
Trd, 000082.750, 159
Trd, 000083.800, 148
Trd, 000083.817, 158
Trd, 000083.850, 159
Trd, 000084.833, 168
Trd, 000086.450, 178
Trd, 000086.483, 161
Trd, 000086.967, 173
Trd, 000088.017, 172
Trd, 000088.967, 172
Trd, 000090.317, 168
Trd, 000090.400, 159
Trd, 000090.817, 169
Trd, 000091.150, 159
Trd, 000091.983, 167
Trd, 000093.017, 162
Trd, 000093.367, 160
Trd, 000093.583, 163
Trd, 000094.183, 166
Trd, 000094.533, 159
Trd, 000095.117, 159
Trd, 000095.150, 153
Trd, 000095.317, 174
Trd, 000095.767, 151
Trd, 000096.100, 169
Trd, 000098.583, 154
Trd, 000099.200, 152
Trd, 000100.133, 158
Trd, 000100.233, 159
Trd, 000100.867, 154
Trd, 000101.150, 149
Trd, 000102.483, 158
Trd, 000102.533, 157
Trd, 000102.583, 152
Trd, 000102.667, 152
Trd, 000102.750, 157
Trd, 000102.883, 157
Trd, 000104.300, 158
Trd, 000104.450, 157
Trd, 000104.583, 157
Trd, 000106.100, 149
Trd, 000107.017, 149
Trd, 000107.150, 158
Trd, 000107.333, 176
Trd, 000107.383, 150
Trd, 000109.017, 164
Trd, 000109.400, 156
Trd, 000109.433, 163
Trd, 000109.683, 163
Trd, 000109.783, 155
Trd, 000110.033, 164
Trd, 000110.583, 156
Trd, 000111.333, 174
Trd, 000112.050, 154
Trd, 000112.633, 169
Trd, 000113.217, 174
Trd, 000114.900, 169
Trd, 000115.550, 166
Trd, 000115.567, 165
Trd, 000115.767, 164
Trd, 000116.767, 166
Trd, 000118.467, 173
Trd, 000118.950, 169
Trd, 000119.817, 168
Trd, 000120.033, 169
Trd, 000120.417, 167
Trd, 000120.683, 170
Trd, 000121.050, 166
Trd, 000121.517, 171
Trd, 000121.867, 161
Trd, 000122.283, 176
Trd, 000122.467, 178
Trd, 000123.250, 209
Trd, 000124.083, 237
Trd, 000124.317, 300.0
Trd, 000124.683, 302
Trd, 000125.500, 306.0
Trd, 000125.533, 320.0
Trd, 000125.783, 330
Trd, 000126.067, 334
Trd, 000126.150, 306
Trd, 000127.600, 334.0
Trd, 000128.000, 340
Trd, 000128.633, 313
Trd, 000130.917, 330
Trd, 000131.000, 331
Trd, 000131.167, 334.0
Trd, 000131.583, 355
Trd, 000132.233, 365
Trd, 000132.417, 343
Trd, 000133.650, 348
Trd, 000134.533, 348
Trd, 000134.650, 351
Trd, 000135.200, 344.0
Trd, 000135.783, 348
Trd, 000136.200, 337
Trd, 000136.400, 345
Trd, 000136.633, 342
Trd, 000136.850, 344
Trd, 000137.400, 347
Trd, 000137.967, 365
Trd, 000138.083, 372.0
Trd, 000138.283, 335
Trd, 000140.167, 344
Trd, 000141.650, 344
Trd, 000142.333, 343
Trd, 000142.567, 342
Trd, 000142.650, 345
Trd, 000142.783, 349
Trd, 000143.250, 341.0
Trd, 000143.583, 342
Trd, 000144.067, 353
Trd, 000144.450, 350
Trd, 000144.967, 350
Trd, 000145.650, 343
Trd, 000146.167, 349
Trd, 000146.833, 345
Trd, 000147.300, 349
Trd, 000147.617, 341
Trd, 000147.817, 341
Trd, 000148.983, 345
Trd, 000150.583, 344.0
Trd, 000151.183, 349
Trd, 000152.067, 342
Trd, 000152.983, 343
Trd, 000153.000, 341
Trd, 000154.033, 342
Trd, 000154.650, 343
Trd, 000154.767, 339
Trd, 000154.783, 343
Trd, 000155.167, 348
Trd, 000156.067, 348
Trd, 000156.867, 344
Trd, 000157.000, 343
Trd, 000157.933, 344
Trd, 000158.050, 342
Trd, 000159.050, 345
Trd, 000159.683, 343
Trd, 000159.700, 348
Trd, 000159.983, 343
Trd, 000160.850, 348
Trd, 000161.433, 349
Trd, 000161.450, 350
Trd, 000161.817, 346
Trd, 000162.150, 366
Trd, 000162.450, 359
Trd, 000162.567, 344
Trd, 000162.783, 348
Trd, 000163.783, 347
Trd, 000164.883, 355
Trd, 000166.150, 347
Trd, 000166.467, 344.0
Trd, 000167.767, 350
Trd, 000168.167, 350
Trd, 000168.233, 355
Trd, 000168.650, 346
Trd, 000169.250, 346
Trd, 000169.750, 353
Trd, 000170.633, 358
Trd, 000170.667, 344
Trd, 000171.650, 345
Trd, 000171.833, 345
Trd, 000174.050, 347
Trd, 000174.350, 353
Trd, 000174.633, 348
Trd, 000174.900, 352
Trd, 000175.050, 346
Trd, 000175.083, 343
Trd, 000176.083, 365
Trd, 000176.233, 371.0
Trd, 000176.417, 342.0
Trd, 000176.483, 372.0
Trd, 000176.517, 375.0
Trd, 000178.100, 354
Trd, 000178.400, 350
Trd, 000178.517, 344
Trd, 000179.233, 341
Trd, 000179.467, 340
Trd, 000180.283, 350
Trd, 000180.867, 350
Trd, 000181.550, 341.0
Trd, 000182.017, 339
Trd, 000182.633, 334.0
Trd, 000182.783, 316
Trd, 000182.833, 311
Trd, 000183.417, 340
Trd, 000183.600, 310.0
Trd, 000183.883, 306.0
Trd, 000183.967, 239
Trd, 000184.667, 214
Trd, 000184.733, 193
Trd, 000185.967, 202
Trd, 000187.000, 201
Trd, 000187.667, 197
Trd, 000189.450, 180
Trd, 000189.950, 172
Trd, 000190.067, 190
Trd, 000190.483, 190
Trd, 000191.300, 178
Trd, 000191.467, 190
Trd, 000191.617, 191
Trd, 000192.483, 189
Trd, 000193.167, 179
Trd, 000193.500, 177
Trd, 000193.883, 177
Trd, 000194.583, 187
Trd, 000195.600, 188
Trd, 000196.067, 175
Trd, 000196.400, 165
Trd, 000197.250, 161
Trd, 000197.700, 181
Trd, 000198.300, 176
Trd, 000200.850, 172
Trd, 000201.067, 167
Trd, 000202.567, 169
Trd, 000203.600, 168
Trd, 000204.283, 170
Trd, 000204.317, 171
Trd, 000204.850, 167
Trd, 000205.133, 171
Trd, 000205.500, 168
Trd, 000205.633, 171
Trd, 000205.750, 172
Trd, 000206.000, 192
Trd, 000206.600, 166
Trd, 000206.650, 181
Trd, 000209.500, 170
Trd, 000209.567, 167
Trd, 000209.817, 166
Trd, 000210.233, 165
Trd, 000210.600, 156
Trd, 000211.133, 167
Trd, 000211.300, 168
Trd, 000212.000, 164
Trd, 000212.600, 169
Trd, 000212.700, 172
Trd, 000213.267, 168
Trd, 000213.950, 170
Trd, 000214.533, 170
Trd, 000215.300, 191
Trd, 000216.100, 168
Trd, 000216.733, 167
Trd, 000216.833, 193
Trd, 000217.567, 181
Trd, 000218.983, 172
Trd, 000220.133, 172
Trd, 000220.283, 172
Trd, 000220.417, 172
Trd, 000221.017, 169
Trd, 000221.300, 173
Trd, 000221.583, 177
Trd, 000222.050, 166
Trd, 000222.200, 177
Trd, 000222.217, 163
Trd, 000222.367, 191
Trd, 000222.417, 161
Trd, 000224.150, 171
Trd, 000224.567, 168
Trd, 000225.450, 179
Trd, 000226.233, 178
Trd, 000226.483, 187
Trd, 000226.733, 194
Trd, 000227.000, 169
Trd, 000227.100, 195
Trd, 000227.183, 197
Trd, 000227.383, 174
Trd, 000227.400, 166
Trd, 000228.467, 196
Trd, 000228.600, 171
Trd, 000229.433, 191
Trd, 000230.950, 193
Trd, 000231.000, 180
Trd, 000231.317, 168
Trd, 000232.150, 192
Trd, 000232.217, 191
Trd, 000232.333, 193
Trd, 000233.533, 180
Trd, 000233.600, 167
Trd, 000233.717, 196
Trd, 000235.050, 188
Trd, 000235.617, 166
Trd, 000237.350, 181
Trd, 000238.183, 174
Trd, 000238.300, 181
Trd, 000239.133, 177
Trd, 000240.150, 175
Trd, 000240.183, 174
Trd, 000240.750, 176
Trd, 000241.017, 173
Trd, 000241.300, 177
Trd, 000241.967, 177
Trd, 000242.750, 174
Trd, 000243.067, 182
Trd, 000243.383, 190
Trd, 000243.583, 196
Trd, 000243.617, 174
Trd, 000245.400, 175
Trd, 000245.583, 175
Trd, 000246.217, 174
Trd, 000246.250, 176
Trd, 000246.467, 172
Trd, 000246.683, 174
Trd, 000247.250, 172
Trd, 000248.633, 172
Trd, 000249.767, 174
Trd, 000249.967, 174
Trd, 000250.150, 172
Trd, 000250.617, 173
Trd, 000250.800, 180
Trd, 000251.100, 183
Trd, 000252.133, 177
Trd, 000253.233, 171
Trd, 000253.450, 175
Trd, 000253.500, 172
Trd, 000254.100, 175
Trd, 000254.133, 176
Trd, 000254.150, 190
Trd, 000254.317, 197
Trd, 000254.817, 174
Trd, 000255.450, 183
Trd, 000255.767, 181
Trd, 000256.133, 175
Trd, 000256.183, 175
Trd, 000257.300, 181
Trd, 000257.717, 181
Trd, 000258.433, 179
Trd, 000258.483, 172
Trd, 000258.800, 180
Trd, 000259.717, 179
Trd, 000260.383, 178
Trd, 000260.917, 181
Trd, 000261.550, 182
Trd, 000262.367, 182
Trd, 000262.867, 182
Trd, 000262.967, 180
Trd, 000263.283, 177
Trd, 000263.667, 179
Trd, 000263.933, 182
Trd, 000264.750, 178
Trd, 000265.817, 180
Trd, 000266.333, 175
Trd, 000267.233, 177
Trd, 000267.783, 178
Trd, 000267.817, 179
Trd, 000268.250, 182
Trd, 000268.567, 179
Trd, 000269.050, 174
Trd, 000269.167, 179
Trd, 000269.533, 185
Trd, 000270.933, 190
Trd, 000271.467, 187
Trd, 000271.917, 188
Trd, 000272.367, 189
Trd, 000272.417, 190
Trd, 000272.950, 183
Trd, 000273.800, 183
Trd, 000274.000, 181
Trd, 000274.567, 183
Trd, 000276.383, 182
Trd, 000277.400, 177
Trd, 000277.567, 178
Trd, 000277.683, 183
Trd, 000277.967, 182
Trd, 000278.500, 183
Trd, 000278.517, 186
Trd, 000279.033, 176
Trd, 000280.600, 182
Trd, 000282.267, 182
Trd, 000282.350, 182
Trd, 000282.383, 178
Trd, 000283.383, 179
Trd, 000283.933, 177
Trd, 000284.617, 178
Trd, 000285.083, 177
Trd, 000285.950, 177
Trd, 000285.967, 175
Trd, 000286.850, 173
Trd, 000286.950, 178
Trd, 000287.500, 178
Trd, 000287.583, 180
Trd, 000287.817, 186
Trd, 000288.750, 178
Trd, 000289.350, 178
Trd, 000289.617, 183
Trd, 000290.050, 184
Trd, 000290.267, 174
Trd, 000290.567, 187
Trd, 000290.583, 179
Trd, 000291.150, 188
Trd, 000291.667, 178
Trd, 000291.983, 187
Trd, 000292.100, 187
Trd, 000292.217, 189
Trd, 000292.683, 191
Trd, 000293.933, 176
Trd, 000294.067, 193
Trd, 000294.917, 194
Trd, 000295.150, 178
Trd, 000295.850, 190
Trd, 000296.400, 196
Trd, 000296.700, 194
Trd, 000297.117, 183
Trd, 000297.233, 188
Trd, 000297.900, 184
Trd, 000299.200, 177
Trd, 000299.467, 185
Trd, 000299.617, 188
Trd, 000299.867, 188
