Trd, 000001.517, 163
Trd, 000001.683, 172
Trd, 000002.217, 162
Trd, 000002.300, 154
Trd, 000002.700, 154
Trd, 000003.283, 152
Trd, 000004.000, 130
Trd, 000005.617, 159
Trd, 000006.517, 157
Trd, 000006.667, 149
Trd, 000007.550, 153
Trd, 000007.717, 148
Trd, 000008.000, 154
Trd, 000008.767, 156
Trd, 000009.133, 136
Trd, 000010.267, 140
Trd, 000011.833, 142
Trd, 000011.883, 145
Trd, 000012.150, 141
Trd, 000013.833, 144
Trd, 000013.867, 144
Trd, 000014.783, 145
Trd, 000015.083, 146
Trd, 000015.217, 139
Trd, 000015.650, 148
Trd, 000016.750, 136
Trd, 000017.017, 149
Trd, 000017.633, 132
Trd, 000017.783, 138
Trd, 000018.400, 128
Trd, 000019.100, 137
Trd, 000019.350, 137
Trd, 000019.900, 139
Trd, 000020.500, 146
Trd, 000020.833, 136
Trd, 000020.933, 151
Trd, 000021.233, 139
Trd, 000021.500, 135
Trd, 000022.550, 149
Trd, 000022.633, 150
Trd, 000024.550, 139
Trd, 000025.883, 142
Trd, 000026.150, 142
Trd, 000026.517, 142
Trd, 000026.733, 142
Trd, 000026.867, 145
Trd, 000027.350, 146
Trd, 000027.733, 147
Trd, 000028.433, 144
Trd, 000028.817, 149
Trd, 000030.217, 150
Trd, 000030.567, 151
Trd, 000030.833, 165
Trd, 000031.000, 156
Trd, 000032.850, 192
Trd, 000032.933, 182
Trd, 000032.950, 171
Trd, 000033.067, 137
Trd, 000034.650, 160
Trd, 000034.800, 161
Trd, 000035.433, 139
Trd, 000035.983, 140
Trd, 000036.200, 134
Trd, 000036.767, 145
Trd, 000037.233, 139
Trd, 000038.400, 146
Trd, 000038.633, 147
Trd, 000039.267, 139
Trd, 000039.683, 140
Trd, 000040.350, 141
Trd, 000040.917, 145
Trd, 000041.500, 142
Trd, 000043.083, 144
Trd, 000043.183, 143
Trd, 000043.467, 146
Trd, 000043.833, 141
Trd, 000044.317, 147
Trd, 000044.617, 148
Trd, 000044.683, 140
Trd, 000045.083, 152
Trd, 000046.300, 140
Trd, 000047.450, 150
Trd, 000048.283, 154
Trd, 000048.800, 144
Trd, 000049.100, 154
Trd, 000049.817, 147
Trd, 000050.433, 149
Trd, 000050.483, 154
Trd, 000050.500, 148
Trd, 000052.150, 154
Trd, 000052.650, 150
Trd, 000052.833, 148
Trd, 000053.550, 153
Trd, 000053.600, 156
Trd, 000053.767, 167
Trd, 000054.150, 176
Trd, 000055.450, 154
Trd, 000056.700, 154
Trd, 000056.933, 156
Trd, 000057.100, 155
Trd, 000057.117, 132
Trd, 000057.383, 156
Trd, 000057.567, 158
Trd, 000059.483, 148
Trd, 000060.150, 147
Trd, 000060.583, 147
Trd, 000060.667, 146
Trd, 000061.500, 147
Trd, 000062.100, 146
Trd, 000062.767, 149
Trd, 000062.817, 134
Trd, 000064.067, 147
Trd, 000064.383, 148
Trd, 000065.033, 146
Trd, 000065.950, 148
Trd, 000066.067, 150
Trd, 000066.667, 155
Trd, 000067.067, 146
Trd, 000067.683, 155
Trd, 000067.717, 168
Trd, 000069.383, 152
Trd, 000069.417, 163
Trd, 000069.500, 151
Trd, 000069.817, 149
Trd, 000070.700, 153
Trd, 000071.067, 164
Trd, 000071.717, 163
Trd, 000072.567, 141
Trd, 000073.500, 151
Trd, 000073.633, 139
Trd, 000075.317, 144
Trd, 000075.333, 147
Trd, 000075.967, 137
Trd, 000076.017, 150
Trd, 000077.867, 144
Trd, 000078.467, 144
Trd, 000078.617, 143
Trd, 000079.083, 142
Trd, 000079.967, 142
Trd, 000080.217, 144
Trd, 000080.517, 145
Trd, 000080.567, 146
Trd, 000080.717, 149
Trd, 000081.817, 142
Trd, 000082.183, 150
Trd, 000082.200, 156
Trd, 000083.000, 152
Trd, 000083.517, 148
Trd, 000083.733, 150
Trd, 000083.800, 147
Trd, 000084.833, 149
Trd, 000085.033, 146
Trd, 000085.650, 151
Trd, 000085.833, 161
Trd, 000088.083, 167
Trd, 000088.100, 163
Trd, 000088.300, 163
Trd, 000089.000, 160
Trd, 000089.100, 143
Trd, 000089.117, 166
Trd, 000089.800, 144
Trd, 000090.750, 146
Trd, 000090.800, 150
Trd, 000092.100, 147
Trd, 000092.333, 146
Trd, 000092.850, 147
Trd, 000093.083, 150
Trd, 000093.183, 153
Trd, 000093.533, 157
Trd, 000093.967, 156
Trd, 000094.317, 155
Trd, 000094.367, 154
Trd, 000094.617, 156
Trd, 000095.283, 147
Trd, 000095.433, 146
Trd, 000097.633, 145
Trd, 000097.717, 155
Trd, 000098.650, 147
Trd, 000099.300, 149
Trd, 000099.600, 144
Trd, 000099.950, 150
Trd, 000100.600, 148
Trd, 000101.100, 153
Trd, 000101.383, 147
Trd, 000102.317, 154
Trd, 000102.917, 148
Trd, 000103.267, 147
Trd, 000104.450, 150
Trd, 000104.717, 147
Trd, 000105.200, 147
Trd, 000105.300, 154
Trd, 000106.067, 148
Trd, 000106.800, 147
Trd, 000107.200, 151
Trd, 000107.217, 159
Trd, 000107.267, 144
Trd, 000107.517, 161
Trd, 000107.983, 162
Trd, 000108.267, 179
Trd, 000108.983, 185
Trd, 000109.083, 184
Trd, 000110.300, 183
Trd, 000110.667, 175
Trd, 000110.683, 184
Trd, 000111.050, 173
Trd, 000112.667, 175
Trd, 000112.900, 171
Trd, 000113.333, 173
Trd, 000113.500, 174
Trd, 000113.983, 173
Trd, 000114.000, 172
Trd, 000114.550, 171
Trd, 000115.167, 170
Trd, 000115.450, 165
Trd, 000116.550, 162
Trd, 000116.600, 148
Trd, 000118.333, 156
Trd, 000118.350, 156
Trd, 000118.883, 155
Trd, 000119.067, 156
Trd, 000119.367, 154
Trd, 000120.317, 146
Trd, 000121.233, 140
Trd, 000121.850, 149
Trd, 000121.950, 145
Trd, 000122.467, 153
Trd, 000123.633, 199
Trd, 000123.667, 212
Trd, 000124.167, 300.0
Trd, 000124.217, 300
Trd, 000124.517, 306.0
Trd, 000125.433, 324.0
Trd, 000125.700, 327.0
Trd, 000126.000, 313.0
Trd, 000127.533, 335.0
Trd, 000127.600, 334.0
Trd, 000128.233, 336.0
Trd, 000128.850, 336
Trd, 000130.383, 332
Trd, 000130.550, 337.0
Trd, 000131.567, 335.0
Trd, 000132.283, 341.0
Trd, 000132.617, 340
Trd, 000132.817, 339
Trd, 000133.133, 349
Trd, 000133.650, 342
Trd, 000133.750, 353
Trd, 000135.283, 349
Trd, 000135.400, 374
Trd, 000136.650, 339
Trd, 000136.783, 334.0
Trd, 000137.433, 356
Trd, 000139.633, 345
Trd, 000139.983, 344
Trd, 000140.617, 344
Trd, 000140.717, 345
Trd, 000140.733, 338
Trd, 000141.317, 350
Trd, 000141.833, 350
Trd, 000141.900, 337
Trd, 000142.050, 336
Trd, 000142.867, 335.0
Trd, 000143.667, 345
Trd, 000144.567, 350
Trd, 000144.900, 334.0
Trd, 000146.800, 335
Trd, 000148.083, 336.0
Trd, 000150.017, 335
Trd, 000150.133, 336
Trd, 000150.950, 334
Trd, 000151.233, 337.0
Trd, 000151.433, 333
Trd, 000152.383, 336
Trd, 000152.600, 338
Trd, 000152.950, 337
Trd, 000153.733, 341.0
Trd, 000153.783, 344.0
Trd, 000154.200, 340
Trd, 000155.033, 348
Trd, 000155.733, 344
Trd, 000156.317, 343
Trd, 000156.733, 336.0
Trd, 000156.783, 344
Trd, 000156.900, 338
Trd, 000157.500, 334.0
Trd, 000157.900, 341
Trd, 000159.117, 343.0
Trd, 000159.517, 340
Trd, 000160.633, 340
Trd, 000161.833, 335.0
Trd, 000162.367, 334.0
Trd, 000163.467, 333
Trd, 000165.417, 335
Trd, 000165.800, 335.0
Trd, 000165.883, 336
Trd, 000166.083, 334.0
Trd, 000166.317, 337
Trd, 000166.867, 337.0
Trd, 000167.000, 341.0
Trd, 000167.817, 331
Trd, 000169.367, 345
Trd, 000169.633, 336
Trd, 000170.550, 335.0
Trd, 000170.633, 337.0
Trd, 000171.883, 336
Trd, 000171.950, 334.0
Trd, 000172.500, 330
Trd, 000173.283, 334.0
Trd, 000173.450, 335
Trd, 000173.733, 334
Trd, 000174.050, 337.0
Trd, 000174.417, 346
Trd, 000174.883, 346
Trd, 000176.567, 334
Trd, 000177.167, 335
Trd, 000178.017, 334
Trd, 000178.150, 344.0
Trd, 000179.150, 344
Trd, 000180.850, 340
Trd, 000180.967, 339
Trd, 000181.233, 338
Trd, 000182.183, 339
Trd, 000182.250, 335
Trd, 000182.300, 327.0
Trd, 000182.633, 327
Trd, 000183.517, 327
Trd, 000183.917, 323
Trd, 000183.983, 329
Trd, 000184.483, 334
Trd, 000184.533, 317.0
Trd, 000184.600, 300
Trd, 000184.733, 300
Trd, 000184.883, 207
Trd, 000186.283, 200
Trd, 000186.567, 197
Trd, 000187.133, 186
Trd, 000187.500, 195
Trd, 000188.400, 198
Trd, 000188.867, 181
Trd, 000188.950, 173
Trd, 000189.050, 165
Trd, 000191.000, 172
Trd, 000191.050, 169
Trd, 000191.450, 181
Trd, 000192.183, 180
Trd, 000192.383, 178
Trd, 000192.800, 178
Trd, 000193.033, 181
Trd, 000193.667, 177
Trd, 000193.850, 179
Trd, 000194.333, 180
Trd, 000194.583, 165
Trd, 000194.783, 154
Trd, 000196.450, 176
Trd, 000196.483, 161
Trd, 000197.950, 170
Trd, 000198.017, 174
Trd, 000199.133, 169
Trd, 000199.383, 153
Trd, 000199.883, 157
Trd, 000200.467, 160
Trd, 000200.767, 160
Trd, 000200.933, 161
Trd, 000201.133, 162
Trd, 000201.517, 168
Trd, 000202.367, 163
Trd, 000203.400, 166
Trd, 000203.667, 154
Trd, 000204.317, 167
Trd, 000205.933, 159
Trd, 000206.650, 164
Trd, 000206.717, 161
Trd, 000207.233, 164
Trd, 000207.450, 167
Trd, 000207.767, 167
Trd, 000207.800, 168
Trd, 000207.867, 160
Trd, 000209.700, 167
Trd, 000210.167, 167
Trd, 000210.833, 159
Trd, 000212.550, 164
Trd, 000212.783, 163
Trd, 000213.100, 164
Trd, 000213.550, 165
Trd, 000213.917, 164
Trd, 000214.167, 165
Trd, 000214.650, 166
Trd, 000214.767, 161
Trd, 000215.617, 148
Trd, 000215.933, 149
Trd, 000216.167, 162
Trd, 000216.500, 163
Trd, 000216.550, 168
Trd, 000217.483, 169
Trd, 000217.583, 162
Trd, 000217.733, 161
Trd, 000218.017, 171
Trd, 000218.267, 161
Trd, 000219.983, 171
Trd, 000220.900, 168
Trd, 000221.600, 167
Trd, 000221.750, 166
Trd, 000221.867, 162
Trd, 000223.917, 156
Trd, 000223.950, 166
Trd, 000224.500, 160
Trd, 000225.450, 167
Trd, 000225.583, 168
Trd, 000226.250, 159
Trd, 000226.883, 166
Trd, 000227.600, 161
Trd, 000228.050, 167
Trd, 000229.017, 162
Trd, 000230.050, 164
Trd, 000230.067, 163
Trd, 000230.200, 164
Trd, 000230.267, 162
Trd, 000231.900, 164
Trd, 000232.500, 165
Trd, 000233.983, 168
Trd, 000234.317, 166
Trd, 000234.583, 168
Trd, 000235.317, 167
Trd, 000235.900, 169
Trd, 000236.417, 168
Trd, 000236.483, 169
Trd, 000236.950, 168
Trd, 000237.000, 169
Trd, 000237.150, 166
Trd, 000237.733, 158
Trd, 000238.667, 157
Trd, 000239.983, 168
Trd, 000240.083, 158
Trd, 000240.133, 158
Trd, 000240.900, 164
Trd, 000240.933, 167
Trd, 000242.033, 169
Trd, 000242.567, 168
Trd, 000242.717, 169
Trd, 000242.983, 169
Trd, 000243.067, 168
Trd, 000243.417, 169
Trd, 000244.150, 169
Trd, 000244.450, 170
Trd, 000245.050, 172
Trd, 000245.250, 171
Trd, 000245.717, 170
Trd, 000245.950, 175
Trd, 000246.283, 170
Trd, 000246.800, 171
Trd, 000247.283, 173
Trd, 000247.650, 174
Trd, 000248.200, 174
Trd, 000248.367, 173
Trd, 000248.683, 173
Trd, 000248.700, 165
Trd, 000249.933, 167
Trd, 000250.133, 162
Trd, 000250.400, 166
Trd, 000250.933, 167
Trd, 000252.083, 169
Trd, 000252.933, 171
Trd, 000253.383, 170
Trd, 000253.867, 171
Trd, 000254.417, 170
Trd, 000254.533, 170
Trd, 000254.750, 171
Trd, 000254.867, 172
Trd, 000255.417, 175
Trd, 000255.550, 172
Trd, 000255.650, 173
Trd, 000255.783, 176
Trd, 000256.067, 169
Trd, 000256.917, 167
Trd, 000257.800, 162
Trd, 000257.950, 161
Trd, 000258.167, 163
Trd, 000258.317, 161
Trd, 000258.600, 160
Trd, 000258.717, 163
Trd, 000259.350, 161
Trd, 000259.800, 160
Trd, 000260.133, 163
Trd, 000260.900, 164
Trd, 000261.200, 167
Trd, 000261.617, 175
Trd, 000261.667, 161
Trd, 000262.317, 160
Trd, 000262.500, 163
Trd, 000262.567, 170
Trd, 000262.900, 172
Trd, 000263.333, 175
Trd, 000264.450, 173
Trd, 000264.633, 172
Trd, 000264.650, 173
Trd, 000264.850, 170
Trd, 000265.600, 171
Trd, 000266.117, 170
Trd, 000266.417, 172
Trd, 000266.517, 169
Trd, 000266.667, 168
Trd, 000266.883, 174
Trd, 000267.500, 166
Trd, 000267.717, 165
Trd, 000268.100, 166
Trd, 000268.583, 165
Trd, 000268.717, 172
Trd, 000268.883, 178
Trd, 000269.400, 173
Trd, 000269.633, 175
Trd, 000270.133, 171
Trd, 000270.683, 174
Trd, 000270.817, 175
Trd, 000270.850, 169
Trd, 000271.467, 171
Trd, 000271.800, 175
Trd, 000272.233, 162
Trd, 000273.317, 165
Trd, 000273.333, 163
Trd, 000273.617, 161
Trd, 000274.483, 154
Trd, 000274.550, 164
Trd, 000275.183, 162
Trd, 000275.417, 167
Trd, 000275.800, 168
Trd, 000275.833, 164
Trd, 000275.850, 171
Trd, 000275.983, 158
Trd, 000276.600, 176
Trd, 000277.150, 176
Trd, 000277.500, 189
Trd, 000278.167, 186
Trd, 000278.650, 186
Trd, 000278.750, 185
Trd, 000279.267, 184
Trd, 000279.833, 184
Trd, 000280.050, 185
Trd, 000280.917, 184
Trd, 000281.000, 185
Trd, 000281.150, 181
Trd, 000281.467, 187
Trd, 000281.633, 188
Trd, 000282.333, 187
Trd, 000282.717, 178
Trd, 000283.283, 176
Trd, 000283.683, 177
Trd, 000283.733, 179
Trd, 000284.333, 169
Trd, 000284.483, 162
Trd, 000284.950, 173
Trd, 000285.250, 170
Trd, 000285.850, 172
Trd, 000286.500, 170
Trd, 000286.567, 167
Trd, 000286.650, 177
Trd, 000287.383, 177
Trd, 000288.033, 176
Trd, 000288.233, 170
Trd, 000288.283, 164
Trd, 000289.233, 175
Trd, 000289.500, 175
Trd, 000289.600, 177
Trd, 000290.233, 175
Trd, 000290.867, 176
Trd, 000291.367, 177
Trd, 000291.550, 176
Trd, 000292.183, 174
Trd, 000292.350, 175
Trd, 000292.450, 173
Trd, 000292.950, 171
Trd, 000293.033, 163
Trd, 000293.317, 177
Trd, 000293.533, 179
Trd, 000293.967, 179
Trd, 000293.983, 166
Trd, 000294.233, 169
Trd, 000294.917, 177
Trd, 000295.783, 173
Trd, 000295.983, 178
Trd, 000296.250, 173
Trd, 000296.350, 178
Trd, 000296.950, 178
Trd, 000297.317, 173
Trd, 000298.200, 171
Trd, 000298.500, 171
Trd, 000299.133, 170
Trd, 000299.283, 176
Trd, 000299.417, 172
Trd, 000299.533, 181
Trd, 000299.550, 167
Trd, 000299.850, 167
