Trd, 000000.767, 193
Trd, 000001.583, 103
Trd, 000001.933, 128
Trd, 000002.117, 116
Trd, 000002.850, 127
Trd, 000003.017, 127
Trd, 000003.500, 131
Trd, 000005.267, 148
Trd, 000005.817, 155
Trd, 000007.100, 138
Trd, 000007.250, 147
Trd, 000007.267, 148
Trd, 000007.917, 137
Trd, 000008.783, 141
Trd, 000008.883, 141
Trd, 000010.567, 148
Trd, 000010.700, 147
Trd, 000011.683, 147
Trd, 000011.833, 149
Trd, 000012.150, 152
Trd, 000012.533, 156
Trd, 000013.450, 154
Trd, 000013.883, 153
Trd, 000014.067, 151
Trd, 000014.650, 149
Trd, 000015.117, 145
Trd, 000015.317, 144
Trd, 000015.400, 155
Trd, 000016.217, 152
Trd, 000016.633, 147
Trd, 000017.700, 144
Trd, 000018.267, 143
Trd, 000018.333, 145
Trd, 000018.417, 145
Trd, 000019.267, 141
Trd, 000021.550, 144
Trd, 000021.900, 143
Trd, 000021.950, 145
Trd, 000022.250, 153
Trd, 000022.967, 157
Trd, 000023.050, 177
Trd, 000023.817, 149
Trd, 000023.883, 150
Trd, 000025.033, 149
Trd, 000025.117, 148
Trd, 000025.600, 146
Trd, 000025.933, 145
Trd, 000026.233, 139
Trd, 000026.600, 144
Trd, 000027.017, 143
Trd, 000027.867, 140
Trd, 000029.250, 138
Trd, 000029.333, 138
Trd, 000029.567, 137
Trd, 000029.583, 139
Trd, 000029.950, 139
Trd, 000030.983, 144
Trd, 000031.583, 141
Trd, 000032.267, 150
Trd, 000032.417, 142
Trd, 000034.167, 146
Trd, 000034.950, 148
Trd, 000035.050, 151
Trd, 000035.167, 149
Trd, 000035.533, 149
Trd, 000035.917, 141
Trd, 000037.200, 144
Trd, 000038.117, 145
Trd, 000038.283, 144
Trd, 000038.883, 147
Trd, 000039.183, 147
Trd, 000039.350, 148
Trd, 000040.650, 148
Trd, 000040.933, 150
Trd, 000041.767, 149
Trd, 000042.067, 147
Trd, 000042.417, 147
Trd, 000043.367, 150
Trd, 000044.250, 149
Trd, 000044.717, 150
Trd, 000044.767, 149
Trd, 000044.883, 151
Trd, 000045.200, 155
Trd, 000045.850, 155
Trd, 000046.250, 154
Trd, 000047.100, 154
Trd, 000047.400, 151
Trd, 000047.467, 155
Trd, 000048.133, 156
Trd, 000050.867, 154
Trd, 000051.100, 154
Trd, 000051.267, 153
Trd, 000052.317, 151
Trd, 000052.833, 150
Trd, 000053.600, 150
Trd, 000054.117, 150
Trd, 000055.567, 152
Trd, 000055.933, 150
Trd, 000056.033, 152
Trd, 000056.183, 152
Trd, 000056.367, 149
Trd, 000056.817, 154
Trd, 000057.433, 152
Trd, 000058.033, 151
Trd, 000059.600, 154
Trd, 000060.300, 151
Trd, 000060.783, 151
Trd, 000061.333, 152
Trd, 000061.900, 150
Trd, 000061.933, 150
Trd, 000062.000, 149
Trd, 000062.017, 151
Trd, 000062.317, 157
Trd, 000063.050, 154
Trd, 000064.767, 152
Trd, 000065.133, 153
Trd, 000065.550, 153
Trd, 000065.617, 154
Trd, 000065.783, 154
Trd, 000067.233, 153
Trd, 000067.500, 156
Trd, 000067.800, 148
Trd, 000067.817, 156
Trd, 000068.367, 157
Trd, 000069.933, 152
Trd, 000071.067, 155
Trd, 000071.267, 157
Trd, 000072.583, 157
Trd, 000072.650, 156
Trd, 000073.150, 157
Trd, 000073.317, 158
Trd, 000073.467, 154
Trd, 000074.333, 153
Trd, 000075.067, 154
Trd, 000076.067, 153
Trd, 000076.233, 153
Trd, 000077.600, 153
Trd, 000078.383, 152
Trd, 000079.350, 152
Trd, 000079.500, 151
Trd, 000081.033, 149
Trd, 000081.283, 150
Trd, 000081.717, 152
Trd, 000082.083, 150
Trd, 000082.233, 151
Trd, 000082.767, 149
Trd, 000082.983, 150
Trd, 000083.050, 145
Trd, 000083.083, 153
Trd, 000083.983, 155
Trd, 000084.417, 156
Trd, 000085.067, 157
Trd, 000085.667, 156
Trd, 000086.417, 159
Trd, 000088.700, 156
Trd, 000088.850, 156
Trd, 000088.983, 157
Trd, 000089.367, 155
Trd, 000090.250, 155
Trd, 000090.467, 156
Trd, 000090.483, 153
Trd, 000090.967, 157
Trd, 000091.433, 157
Trd, 000091.733, 159
Trd, 000092.383, 160
Trd, 000093.467, 159
Trd, 000093.767, 158
Trd, 000094.533, 156
Trd, 000095.350, 153
Trd, 000096.567, 150
Trd, 000096.933, 151
Trd, 000098.267, 150
Trd, 000098.983, 151
Trd, 000099.817, 148
Trd, 000100.183, 148
Trd, 000100.367, 148
Trd, 000100.667, 149
Trd, 000100.983, 147
Trd, 000101.017, 151
Trd, 000101.867, 151
Trd, 000102.250, 158
Trd, 000102.333, 150
Trd, 000103.400, 155
Trd, 000104.117, 154
Trd, 000104.267, 158
Trd, 000104.517, 160
Trd, 000105.567, 159
Trd, 000106.100, 158
Trd, 000106.350, 159
Trd, 000106.767, 156
Trd, 000107.133, 158
Trd, 000108.367, 159
Trd, 000108.617, 159
Trd, 000109.033, 159
Trd, 000109.883, 161
Trd, 000110.283, 160
Trd, 000110.750, 160
Trd, 000111.100, 160
Trd, 000111.383, 161
Trd, 000111.983, 160
Trd, 000112.683, 154
Trd, 000112.767, 150
Trd, 000114.017, 155
Trd, 000114.600, 159
Trd, 000114.750, 162
Trd, 000114.817, 186
Trd, 000114.833, 156
Trd, 000115.067, 166
Trd, 000115.817, 164
Trd, 000116.867, 162
Trd, 000118.450, 159
Trd, 000120.200, 160
Trd, 000120.600, 160
Trd, 000120.683, 160
Trd, 000120.833, 161
Trd, 000121.050, 160
Trd, 000121.417, 162
Trd, 000121.633, 163
Trd, 000122.283, 185
Trd, 000122.333, 187
Trd, 000122.517, 208
Trd, 000123.750, 267
Trd, 000123.833, 284
Trd, 000124.000, 303.0
Trd, 000124.183, 306.0
Trd, 000124.517, 312
Trd, 000124.600, 313
Trd, 000125.317, 331.0
Trd, 000126.350, 336
Trd, 000126.900, 336
Trd, 000127.067, 337.0
Trd, 000129.017, 345.0
Trd, 000129.167, 341.0
Trd, 000130.050, 348.0
Trd, 000130.300, 351
Trd, 000130.400, 355.0
Trd, 000132.450, 351
Trd, 000132.517, 353
Trd, 000133.650, 349
Trd, 000133.733, 347
Trd, 000133.800, 350
Trd, 000135.000, 346.0
Trd, 000135.117, 345
Trd, 000135.317, 348.0
Trd, 000135.433, 343
Trd, 000136.483, 345
Trd, 000137.583, 344
Trd, 000138.483, 345
Trd, 000138.667, 344
Trd, 000139.083, 342
Trd, 000139.550, 347
Trd, 000139.667, 351
Trd, 000139.883, 355.0
Trd, 000141.600, 341
Trd, 000141.633, 347.0
Trd, 000142.050, 340
Trd, 000143.500, 343.0
Trd, 000144.033, 344
Trd, 000144.850, 343.0
Trd, 000145.667, 342
Trd, 000146.133, 341.0
Trd, 000146.683, 342.0
Trd, 000146.750, 342
Trd, 000146.833, 341
Trd, 000147.033, 345
Trd, 000148.133, 345
Trd, 000148.283, 348.0
Trd, 000148.700, 348
Trd, 000149.450, 348
Trd, 000149.817, 339
Trd, 000149.833, 351
Trd, 000150.833, 337.0
Trd, 000150.900, 334.0
Trd, 000152.683, 342
Trd, 000152.783, 344
Trd, 000153.117, 340
Trd, 000153.617, 343
Trd, 000154.400, 344
Trd, 000154.483, 345
Trd, 000155.550, 339
Trd, 000156.667, 342
Trd, 000157.017, 342
Trd, 000158.117, 344
Trd, 000158.167, 344
Trd, 000158.283, 345
Trd, 000158.550, 344
Trd, 000158.667, 348.0
Trd, 000161.083, 342
Trd, 000161.617, 342
Trd, 000161.717, 340
Trd, 000162.617, 340
Trd, 000163.217, 341
Trd, 000163.383, 343
Trd, 000164.850, 344
Trd, 000165.017, 345
Trd, 000165.150, 347
Trd, 000165.933, 344
Trd, 000166.267, 346
Trd, 000167.767, 348
Trd, 000168.067, 347
Trd, 000168.267, 347
Trd, 000168.817, 348
Trd, 000168.900, 348.0
Trd, 000169.700, 353
Trd, 000170.217, 346
Trd, 000170.400, 355
Trd, 000171.267, 343
Trd, 000172.150, 348.0
Trd, 000172.950, 355.0
Trd, 000173.050, 375.0
Trd, 000173.150, 369
Trd, 000173.517, 343
Trd, 000173.717, 350
Trd, 000174.133, 345
Trd, 000175.383, 343
Trd, 000175.767, 346
Trd, 000177.033, 343
Trd, 000177.083, 347
Trd, 000177.167, 347
Trd, 000178.350, 337.0
Trd, 000180.300, 345
Trd, 000180.333, 342
Trd, 000180.750, 344
Trd, 000180.767, 345
Trd, 000181.950, 343
Trd, 000182.533, 343
Trd, 000182.767, 337.0
Trd, 000183.150, 336
Trd, 000183.533, 334.0
Trd, 000183.633, 331.0
Trd, 000183.650, 320.0
Trd, 000183.717, 316
Trd, 000185.267, 248
Trd, 000185.500, 214
Trd, 000186.717, 204
Trd, 000186.983, 197
Trd, 000187.133, 193
Trd, 000187.650, 202
Trd, 000187.850, 190
Trd, 000188.183, 187
Trd, 000188.450, 175
Trd, 000190.367, 194
Trd, 000190.967, 186
Trd, 000191.033, 176
Trd, 000191.183, 174
Trd, 000191.967, 164
Trd, 000192.400, 164
Trd, 000193.417, 162
Trd, 000193.467, 163
Trd, 000193.617, 159
Trd, 000194.117, 164
Trd, 000195.317, 160
Trd, 000195.567, 160
Trd, 000195.917, 161
Trd, 000196.200, 159
Trd, 000196.633, 160
Trd, 000196.717, 164
Trd, 000198.300, 157
Trd, 000199.383, 157
Trd, 000200.017, 162
Trd, 000200.483, 159
Trd, 000201.167, 163
Trd, 000201.700, 162
Trd, 000202.233, 162
Trd, 000202.567, 165
Trd, 000202.617, 166
Trd, 000204.200, 161
Trd, 000204.967, 162
Trd, 000206.167, 161
Trd, 000206.833, 162
Trd, 000207.450, 164
Trd, 000207.667, 164
Trd, 000207.717, 168
Trd, 000209.267, 172
Trd, 000209.667, 167
Trd, 000210.100, 173
Trd, 000210.600, 172
Trd, 000210.867, 173
Trd, 000210.967, 171
Trd, 000211.433, 169
Trd, 000212.117, 172
Trd, 000212.250, 163
Trd, 000212.550, 158
Trd, 000212.867, 172
Trd, 000213.183, 172
Trd, 000213.467, 172
Trd, 000213.667, 173
Trd, 000214.400, 176
Trd, 000215.250, 169
Trd, 000215.450, 164
Trd, 000215.750, 168
Trd, 000217.417, 164
Trd, 000217.783, 164
Trd, 000218.667, 170
Trd, 000219.550, 168
Trd, 000220.183, 169
Trd, 000220.267, 163
Trd, 000220.850, 168
Trd, 000222.033, 166
Trd, 000222.433, 167
Trd, 000223.000, 166
Trd, 000223.033, 167
Trd, 000223.183, 170
Trd, 000223.833, 171
Trd, 000224.067, 170
Trd, 000225.083, 165
Trd, 000226.150, 172
Trd, 000227.450, 167
Trd, 000227.933, 168
Trd, 000228.167, 166
Trd, 000228.283, 167
Trd, 000228.850, 165
Trd, 000229.583, 166
Trd, 000229.833, 164
Trd, 000229.967, 166
Trd, 000230.300, 166
Trd, 000231.000, 171
Trd, 000232.550, 172
Trd, 000233.050, 171
Trd, 000233.217, 174
Trd, 000233.600, 166
Trd, 000233.783, 172
Trd, 000235.150, 171
Trd, 000235.433, 178
Trd, 000235.783, 178
Trd, 000237.267, 173
Trd, 000238.050, 174
Trd, 000238.350, 174
Trd, 000238.900, 161
Trd, 000239.383, 174
Trd, 000240.717, 169
Trd, 000241.000, 170
Trd, 000241.450, 170
Trd, 000241.483, 171
Trd, 000241.500, 172
Trd, 000241.600, 171
Trd, 000242.133, 169
Trd, 000243.367, 172
Trd, 000243.883, 170
Trd, 000244.383, 171
Trd, 000244.800, 173
Trd, 000245.267, 171
Trd, 000246.267, 168
Trd, 000246.367, 166
Trd, 000246.533, 162
Trd, 000246.633, 169
Trd, 000246.817, 168
Trd, 000247.467, 171
Trd, 000248.200, 171
Trd, 000248.283, 172
Trd, 000248.333, 173
Trd, 000248.350, 173
Trd, 000248.783, 172
Trd, 000248.800, 171
Trd, 000248.850, 170
Trd, 000249.683, 171
Trd, 000249.700, 171
Trd, 000250.100, 176
Trd, 000250.783, 174
Trd, 000251.850, 173
Trd, 000252.067, 176
Trd, 000252.350, 174
Trd, 000252.500, 173
Trd, 000252.833, 175
Trd, 000253.867, 176
Trd, 000254.717, 173
Trd, 000255.067, 172
Trd, 000255.333, 173
Trd, 000255.533, 171
Trd, 000255.683, 174
Trd, 000256.083, 174
Trd, 000256.117, 177
Trd, 000256.317, 181
Trd, 000256.667, 174
Trd, 000257.500, 180
Trd, 000258.250, 171
Trd, 000258.633, 176
Trd, 000259.283, 173
Trd, 000259.550, 170
Trd, 000259.717, 173
Trd, 000260.083, 173
Trd, 000260.267, 174
Trd, 000260.283, 176
Trd, 000261.500, 181
Trd, 000261.667, 198
Trd, 000261.700, 200
Trd, 000262.633, 182
Trd, 000262.883, 180
Trd, 000262.967, 176
Trd, 000263.900, 176
Trd, 000265.067, 174
Trd, 000265.117, 173
Trd, 000265.500, 170
Trd, 000265.717, 170
Trd, 000266.317, 170
Trd, 000266.700, 168
Trd, 000266.783, 171
Trd, 000267.583, 175
Trd, 000268.083, 173
Trd, 000268.267, 177
Trd, 000268.417, 172
Trd, 000268.567, 171
Trd, 000268.817, 173
Trd, 000268.950, 175
Trd, 000268.967, 178
Trd, 000269.417, 178
Trd, 000270.650, 170
Trd, 000271.217, 177
Trd, 000271.600, 178
Trd, 000272.067, 178
Trd, 000272.167, 178
Trd, 000272.583, 182
Trd, 000273.167, 198
Trd, 000273.283, 187
Trd, 000273.833, 192
Trd, 000273.933, 175
Trd, 000274.300, 175
Trd, 000274.350, 161
Trd, 000274.500, 164
Trd, 000274.817, 174
Trd, 000274.983, 199
Trd, 000276.533, 173
Trd, 000277.167, 176
Trd, 000278.200, 178
Trd, 000278.300, 174
Trd, 000278.367, 178
Trd, 000279.033, 178
Trd, 000279.200, 179
Trd, 000279.317, 179
Trd, 000279.533, 175
Trd, 000279.767, 175
Trd, 000280.917, 177
Trd, 000281.383, 177
Trd, 000281.600, 178
Trd, 000281.733, 176
Trd, 000282.150, 178
Trd, 000282.350, 179
Trd, 000282.417, 183
Trd, 000283.317, 200
Trd, 000283.800, 201
Trd, 000284.200, 191
Trd, 000284.250, 178
Trd, 000284.450, 174
Trd, 000285.100, 190
Trd, 000285.433, 190
Trd, 000285.533, 180
Trd, 000285.967, 182
Trd, 000286.133, 174
Trd, 000286.183, 173
Trd, 000286.650, 172
Trd, 000286.683, 175
Trd, 000287.583, 171
Trd, 000288.100, 172
Trd, 000288.467, 173
Trd, 000288.867, 175
Trd, 000289.167, 177
Trd, 000289.417, 173
Trd, 000289.867, 180
Trd, 000290.017, 181
Trd, 000291.317, 181
Trd, 000291.367, 180
Trd, 000291.633, 178
Trd, 000291.767, 182
Trd, 000292.500, 178
Trd, 000292.883, 180
Trd, 000293.367, 177
Trd, 000293.433, 176
Trd, 000293.533, 180
Trd, 000294.917, 172
Trd, 000295.083, 184
Trd, 000295.467, 178
Trd, 000295.517, 178
Trd, 000295.733, 182
Trd, 000296.400, 176
Trd, 000296.433, 177
Trd, 000296.983, 177
Trd, 000297.100, 177
Trd, 000297.117, 202
Trd, 000297.150, 170
Trd, 000298.000, 195
Trd, 000298.367, 186
Trd, 000298.900, 165
Trd, 000299.550, 176
Trd, 000299.817, 174
