Trd, 000001.633, 179
Trd, 000003.383, 167
Trd, 000004.550, 162
Trd, 000004.733, 158
Trd, 000005.550, 151
Trd, 000005.800, 155
Trd, 000005.917, 150
Trd, 000006.383, 151
Trd, 000007.483, 152
Trd, 000007.583, 153
Trd, 000007.900, 152
Trd, 000007.917, 149
Trd, 000009.033, 156
Trd, 000010.050, 153
Trd, 000010.650, 155
Trd, 000010.917, 155
Trd, 000010.933, 153
Trd, 000011.183, 150
Trd, 000011.450, 143
Trd, 000012.167, 155
Trd, 000012.233, 157
Trd, 000012.450, 159
Trd, 000012.650, 154
Trd, 000012.750, 153
Trd, 000013.600, 158
Trd, 000013.700, 159
Trd, 000014.317, 152
Trd, 000015.833, 152
Trd, 000016.417, 156
Trd, 000016.567, 152
Trd, 000016.633, 151
Trd, 000017.300, 152
Trd, 000017.817, 153
Trd, 000018.617, 152
Trd, 000019.550, 152
Trd, 000020.017, 152
Trd, 000020.250, 151
Trd, 000021.017, 156
Trd, 000021.550, 160
Trd, 000021.750, 155
Trd, 000022.533, 156
Trd, 000022.567, 155
Trd, 000022.750, 154
Trd, 000023.950, 161
Trd, 000024.217, 162
Trd, 000025.550, 154
Trd, 000025.633, 153
Trd, 000027.083, 152
Trd, 000028.067, 153
Trd, 000028.233, 152
Trd, 000029.217, 155
Trd, 000029.300, 156
Trd, 000030.633, 154
Trd, 000030.933, 153
Trd, 000031.033, 152
Trd, 000031.617, 152
Trd, 000031.733, 150
Trd, 000032.667, 150
Trd, 000033.133, 147
Trd, 000033.417, 145
Trd, 000033.800, 151
Trd, 000034.000, 152
Trd, 000034.883, 149
Trd, 000035.133, 145
Trd, 000035.150, 148
Trd, 000036.917, 144
Trd, 000037.050, 143
Trd, 000038.317, 144
Trd, 000039.433, 144
Trd, 000039.650, 143
Trd, 000039.900, 145
Trd, 000040.217, 144
Trd, 000040.800, 145
Trd, 000042.117, 145
Trd, 000042.550, 146
Trd, 000042.683, 145
Trd, 000042.750, 148
Trd, 000043.700, 146
Trd, 000044.033, 146
Trd, 000044.383, 145
Trd, 000045.050, 153
Trd, 000045.783, 146
Trd, 000045.883, 147
Trd, 000047.250, 156
Trd, 000047.667, 171
Trd, 000048.033, 163
Trd, 000048.050, 157
Trd, 000048.683, 157
Trd, 000048.767, 158
Trd, 000049.483, 164
Trd, 000049.933, 170
Trd, 000050.650, 166
Trd, 000051.233, 169
Trd, 000051.417, 165
Trd, 000051.867, 163
Trd, 000053.350, 163
Trd, 000054.150, 163
Trd, 000054.267, 160
Trd, 000054.350, 159
Trd, 000054.933, 158
Trd, 000056.617, 153
Trd, 000057.450, 146
Trd, 000057.633, 149
Trd, 000058.250, 147
Trd, 000059.067, 147
Trd, 000059.150, 148
Trd, 000059.283, 146
Trd, 000059.383, 148
Trd, 000059.417, 150
Trd, 000059.850, 145
Trd, 000060.117, 144
Trd, 000061.267, 150
Trd, 000061.283, 155
Trd, 000062.350, 140
Trd, 000063.400, 140
Trd, 000063.450, 147
Trd, 000064.850, 142
Trd, 000065.183, 143
Trd, 000065.533, 144
Trd, 000065.850, 142
Trd, 000066.117, 144
Trd, 000066.250, 145
Trd, 000067.000, 146
Trd, 000067.100, 147
Trd, 000067.783, 145
Trd, 000069.217, 145
Trd, 000070.467, 146
Trd, 000070.650, 145
Trd, 000071.050, 146
Trd, 000071.250, 146
Trd, 000071.533, 148
Trd, 000072.300, 149
Trd, 000072.533, 149
Trd, 000072.833, 150
Trd, 000073.333, 150
Trd, 000073.933, 150
Trd, 000074.517, 148
Trd, 000076.083, 149
Trd, 000076.300, 148
Trd, 000076.383, 148
Trd, 000076.733, 149
Trd, 000076.850, 148
Trd, 000077.017, 151
Trd, 000077.767, 152
Trd, 000079.633, 151
Trd, 000080.533, 150
Trd, 000081.000, 151
Trd, 000081.300, 155
Trd, 000081.833, 149
Trd, 000082.783, 149
Trd, 000083.350, 152
Trd, 000083.567, 148
Trd, 000084.683, 152
Trd, 000084.833, 152
Trd, 000084.967, 154
Trd, 000085.167, 149
Trd, 000086.417, 155
Trd, 000086.733, 154
Trd, 000088.200, 160
Trd, 000088.533, 160
Trd, 000088.667, 160
Trd, 000089.083, 159
Trd, 000089.167, 160
Trd, 000090.450, 158
Trd, 000091.133, 157
Trd, 000091.783, 153
Trd, 000092.650, 157
Trd, 000092.867, 152
Trd, 000093.717, 155
Trd, 000094.100, 154
Trd, 000094.217, 152
Trd, 000094.467, 157
Trd, 000095.650, 150
Trd, 000095.733, 154
Trd, 000095.750, 152
Trd, 000096.567, 150
Trd, 000096.950, 152
Trd, 000097.117, 148
Trd, 000098.000, 150
Trd, 000099.433, 148
Trd, 000099.600, 148
Trd, 000100.100, 151
Trd, 000100.233, 147
Trd, 000100.267, 153
Trd, 000100.283, 148
Trd, 000101.100, 151
Trd, 000102.050, 151
Trd, 000102.867, 152
Trd, 000104.017, 153
Trd, 000104.467, 153
Trd, 000105.767, 155
Trd, 000106.233, 154
Trd, 000106.767, 159
Trd, 000108.383, 160
Trd, 000108.467, 162
Trd, 000108.583, 155
Trd, 000109.250, 158
Trd, 000109.317, 157
Trd, 000109.917, 159
Trd, 000110.633, 157
Trd, 000111.350, 159
Trd, 000111.933, 156
Trd, 000112.350, 157
Trd, 000112.750, 156
Trd, 000112.967, 155
Trd, 000113.800, 157
Trd, 000114.450, 155
Trd, 000114.700, 154
Trd, 000116.033, 155
Trd, 000116.950, 155
Trd, 000117.150, 155
Trd, 000117.383, 156
Trd, 000117.933, 156
Trd, 000117.967, 153
Trd, 000118.067, 163
Trd, 000118.133, 153
Trd, 000118.383, 150
Trd, 000119.467, 156
Trd, 000120.333, 157
Trd, 000120.700, 155
Trd, 000120.967, 160
Trd, 000121.150, 153
Trd, 000121.200, 170
Trd, 000121.350, 172
Trd, 000122.300, 180
Trd, 000122.500, 289
Trd, 000122.833, 306
Trd, 000123.117, 310.0
Trd, 000124.050, 313
Trd, 000124.750, 317
Trd, 000125.167, 327
Trd, 000125.267, 327.0
Trd, 000125.800, 325
Trd, 000125.967, 324
Trd, 000126.467, 332.0
Trd, 000127.517, 330
Trd, 000127.633, 331.0
Trd, 000127.783, 334.0
Trd, 000128.533, 326
Trd, 000129.083, 323
Trd, 000129.283, 344.0
Trd, 000131.283, 332.0
Trd, 000132.233, 335.0
Trd, 000132.967, 340.0
Trd, 000133.617, 337
Trd, 000133.933, 339
Trd, 000134.100, 339
Trd, 000134.167, 341.0
Trd, 000134.550, 338
Trd, 000134.700, 344
Trd, 000137.217, 339
Trd, 000138.083, 339
Trd, 000138.333, 338
Trd, 000139.350, 338.0
Trd, 000139.400, 337.0
Trd, 000140.150, 339.0
Trd, 000140.350, 337
Trd, 000140.433, 338
Trd, 000140.900, 339
Trd, 000142.033, 338
Trd, 000142.300, 341.0
Trd, 000142.433, 351
Trd, 000142.633, 340
Trd, 000142.950, 346
Trd, 000143.983, 344.0
Trd, 000144.450, 347
Trd, 000145.467, 343
Trd, 000146.900, 344.0
Trd, 000147.050, 346
Trd, 000147.733, 345
Trd, 000148.017, 343.0
Trd, 000148.583, 344
Trd, 000148.667, 348
Trd, 000148.850, 350
Trd, 000149.033, 344
Trd, 000150.350, 344.0
Trd, 000150.517, 342
Trd, 000150.683, 343
Trd, 000151.417, 341.0
Trd, 000151.600, 340
Trd, 000152.400, 337.0
Trd, 000153.117, 332.0
Trd, 000153.567, 335
Trd, 000153.983, 336
Trd, 000154.150, 339
Trd, 000154.667, 334
Trd, 000155.617, 337
Trd, 000155.800, 341.0
Trd, 000156.117, 344.0
Trd, 000156.133, 351
Trd, 000156.650, 334.0
Trd, 000158.083, 351
Trd, 000158.383, 351.0
Trd, 000159.483, 353.0
Trd, 000160.783, 350
Trd, 000161.333, 349
Trd, 000161.400, 343
Trd, 000161.650, 342
Trd, 000162.867, 347
Trd, 000163.183, 351
Trd, 000163.550, 345
Trd, 000163.950, 342
Trd, 000165.050, 346
Trd, 000165.100, 342
Trd, 000167.400, 345.0
Trd, 000168.367, 344.0
Trd, 000168.450, 343
Trd, 000169.600, 344
Trd, 000169.767, 341
Trd, 000169.850, 345
Trd, 000169.983, 341.0
Trd, 000170.133, 344
Trd, 000171.417, 344
Trd, 000172.350, 345
Trd, 000172.683, 344
Trd, 000172.900, 342
Trd, 000173.800, 342
Trd, 000174.050, 344
Trd, 000175.083, 341.0
Trd, 000175.367, 345
Trd, 000175.483, 341
Trd, 000175.600, 340
Trd, 000176.067, 341
Trd, 000176.450, 341
Trd, 000177.367, 344.0
Trd, 000177.500, 343
Trd, 000177.783, 347
Trd, 000178.750, 340
Trd, 000179.717, 340.0
Trd, 000180.350, 341.0
Trd, 000180.467, 344.0
Trd, 000181.167, 339
Trd, 000183.233, 337
Trd, 000183.333, 336
Trd, 000183.350, 331.0
Trd, 000183.683, 319
Trd, 000184.500, 197
Trd, 000184.567, 176
Trd, 000184.600, 170
Trd, 000184.767, 169
Trd, 000185.233, 159
Trd, 000185.433, 159
Trd, 000186.867, 151
Trd, 000186.933, 196
Trd, 000188.050, 182
Trd, 000188.400, 153
Trd, 000188.950, 151
Trd, 000189.150, 153
Trd, 000189.950, 157
Trd, 000190.467, 155
Trd, 000190.667, 156
Trd, 000191.233, 157
Trd, 000191.383, 160
Trd, 000192.517, 162
Trd, 000193.800, 160
Trd, 000194.483, 159
Trd, 000194.500, 154
Trd, 000195.167, 160
Trd, 000195.367, 157
Trd, 000195.467, 156
Trd, 000196.100, 155
Trd, 000196.317, 154
Trd, 000196.333, 153
Trd, 000196.750, 161
Trd, 000197.350, 157
Trd, 000198.033, 160
Trd, 000198.317, 161
Trd, 000198.950, 159
Trd, 000199.650, 159
Trd, 000199.800, 160
Trd, 000200.650, 161
Trd, 000201.900, 172
Trd, 000202.200, 166
Trd, 000202.550, 167
Trd, 000202.683, 166
Trd, 000202.917, 167
Trd, 000203.083, 168
Trd, 000204.167, 167
Trd, 000204.200, 171
Trd, 000206.917, 168
Trd, 000206.983, 167
Trd, 000207.417, 169
Trd, 000207.617, 165
Trd, 000208.433, 168
Trd, 000209.417, 169
Trd, 000209.733, 166
Trd, 000209.767, 169
Trd, 000210.533, 170
Trd, 000211.017, 166
Trd, 000211.133, 168
Trd, 000211.400, 170
Trd, 000212.083, 168
Trd, 000212.117, 167
Trd, 000212.267, 166
Trd, 000213.517, 165
Trd, 000214.100, 163
Trd, 000214.383, 166
Trd, 000214.867, 166
Trd, 000214.967, 167
Trd, 000216.467, 165
Trd, 000216.617, 163
Trd, 000217.183, 162
Trd, 000218.433, 166
Trd, 000218.600, 163
Trd, 000218.683, 163
Trd, 000219.117, 166
Trd, 000219.350, 165
Trd, 000219.767, 166
Trd, 000221.117, 164
Trd, 000221.600, 164
Trd, 000222.033, 166
Trd, 000222.583, 163
Trd, 000223.083, 167
Trd, 000223.583, 167
Trd, 000224.017, 169
Trd, 000224.383, 166
Trd, 000225.250, 167
Trd, 000226.383, 166
Trd, 000226.517, 165
Trd, 000226.567, 168
Trd, 000227.050, 168
Trd, 000227.417, 169
Trd, 000228.050, 168
Trd, 000228.067, 167
Trd, 000229.333, 167
Trd, 000229.717, 172
Trd, 000230.517, 168
Trd, 000230.800, 167
Trd, 000232.183, 170
Trd, 000233.300, 167
Trd, 000233.867, 166
Trd, 000234.783, 165
Trd, 000235.017, 167
Trd, 000235.517, 164
Trd, 000235.650, 165
Trd, 000236.283, 165
Trd, 000236.700, 165
Trd, 000237.267, 167
Trd, 000237.367, 164
Trd, 000237.817, 168
Trd, 000238.767, 168
Trd, 000239.117, 168
Trd, 000239.150, 174
Trd, 000240.583, 168
Trd, 000240.633, 167
Trd, 000241.150, 170
Trd, 000241.200, 170
Trd, 000242.300, 170
Trd, 000242.417, 168
Trd, 000242.833, 171
Trd, 000242.850, 174
Trd, 000243.067, 168
Trd, 000243.800, 175
Trd, 000243.917, 167
Trd, 000244.317, 169
Trd, 000244.850, 171
Trd, 000245.000, 170
Trd, 000245.300, 172
Trd, 000245.600, 172
Trd, 000245.650, 170
Trd, 000245.667, 173
Trd, 000247.183, 174
Trd, 000247.283, 172
Trd, 000247.850, 172
Trd, 000247.883, 169
Trd, 000247.967, 166
Trd, 000248.300, 174
Trd, 000248.867, 169
Trd, 000249.133, 162
Trd, 000249.550, 173
Trd, 000249.733, 168
Trd, 000250.133, 171
Trd, 000251.000, 173
Trd, 000251.933, 176
Trd, 000252.483, 177
Trd, 000253.350, 177
Trd, 000254.000, 176
Trd, 000254.183, 174
Trd, 000254.200, 176
Trd, 000254.967, 172
Trd, 000255.700, 175
Trd, 000256.033, 176
Trd, 000256.150, 175
Trd, 000256.433, 175
Trd, 000256.700, 174
Trd, 000256.933, 176
Trd, 000257.100, 174
Trd, 000258.200, 173
Trd, 000258.450, 172
Trd, 000258.700, 174
Trd, 000258.967, 175
Trd, 000259.017, 171
Trd, 000259.033, 171
Trd, 000260.083, 169
Trd, 000260.100, 170
Trd, 000260.150, 167
Trd, 000260.217, 172
Trd, 000261.200, 172
Trd, 000261.300, 171
Trd, 000261.367, 173
Trd, 000261.867, 173
Trd, 000262.567, 170
Trd, 000263.250, 173
Trd, 000263.433, 170
Trd, 000264.250, 171
Trd, 000264.700, 172
Trd, 000264.833, 171
Trd, 000266.283, 173
Trd, 000266.383, 172
Trd, 000267.233, 171
Trd, 000267.633, 170
Trd, 000268.583, 170
Trd, 000268.617, 171
Trd, 000268.650, 171
Trd, 000269.000, 168
Trd, 000269.267, 169
Trd, 000269.483, 168
Trd, 000269.633, 167
Trd, 000270.200, 168
Trd, 000270.800, 170
Trd, 000270.817, 175
Trd, 000271.483, 175
Trd, 000271.750, 185
Trd, 000272.133, 169
Trd, 000273.167, 171
Trd, 000273.867, 170
Trd, 000274.000, 168
Trd, 000274.183, 170
Trd, 000274.450, 168
Trd, 000274.800, 167
Trd, 000275.800, 171
Trd, 000276.500, 168
Trd, 000276.650, 167
Trd, 000277.017, 170
Trd, 000277.433, 174
Trd, 000278.233, 165
Trd, 000278.567, 171
Trd, 000278.583, 172
Trd, 000279.917, 172
Trd, 000280.183, 169
Trd, 000280.467, 170
Trd, 000280.933, 168
Trd, 000281.183, 170
Trd, 000281.200, 172
Trd, 000281.867, 171
Trd, 000281.900, 167
Trd, 000282.700, 176
Trd, 000282.883, 169
Trd, 000283.267, 169
Trd, 000283.683, 167
Trd, 000284.367, 170
Trd, 000284.483, 170
Trd, 000284.633, 168
Trd, 000284.667, 172
Trd, 000285.083, 167
Trd, 000285.350, 176
Trd, 000285.667, 179
Trd, 000285.850, 180
Trd, 000286.150, 181
Trd, 000286.350, 179
Trd, 000287.567, 178
Trd, 000287.833, 182
Trd, 000288.183, 171
Trd, 000288.300, 166
Trd, 000289.567, 172
Trd, 000289.583, 171
Trd, 000289.617, 176
Trd, 000290.767, 175
Trd, 000290.867, 175
Trd, 000290.983, 176
Trd, 000291.250, 173
Trd, 000291.450, 175
Trd, 000291.883, 173
Trd, 000292.067, 172
Trd, 000292.300, 172
Trd, 000292.333, 175
Trd, 000292.783, 173
Trd, 000293.683, 171
Trd, 000294.367, 174
Trd, 000295.500, 174
Trd, 000295.633, 175
Trd, 000296.167, 173
Trd, 000296.350, 177
Trd, 000296.617, 180
Trd, 000296.633, 173
Trd, 000296.750, 173
Trd, 000296.817, 173
Trd, 000297.233, 174
Trd, 000297.250, 179
Trd, 000297.567, 172
Trd, 000297.800, 180
Trd, 000297.917, 188
Trd, 000298.417, 173
Trd, 000299.217, 177
Trd, 000299.817, 184
Trd, 000299.867, 186
