Trd, 000001.233, 113
Trd, 000001.817, 155
Trd, 000002.250, 186
Trd, 000002.383, 166
Trd, 000002.900, 144
Trd, 000004.033, 153
Trd, 000004.983, 179
Trd, 000005.800, 172
Trd, 000006.300, 187
Trd, 000006.600, 163
Trd, 000006.733, 187
Trd, 000008.000, 157
Trd, 000009.083, 178
Trd, 000009.167, 169
Trd, 000009.783, 167
Trd, 000010.283, 156
Trd, 000011.217, 156
Trd, 000011.900, 160
Trd, 000012.183, 163
Trd, 000012.417, 149
Trd, 000013.800, 145
Trd, 000014.417, 154
Trd, 000015.583, 155
Trd, 000015.783, 156
Trd, 000015.817, 159
Trd, 000015.867, 163
Trd, 000016.117, 154
Trd, 000016.217, 152
Trd, 000016.550, 149
Trd, 000017.650, 160
Trd, 000019.067, 156
Trd, 000020.100, 153
Trd, 000020.133, 156
Trd, 000020.150, 151
Trd, 000021.767, 152
Trd, 000022.683, 152
Trd, 000023.633, 152
Trd, 000024.033, 151
Trd, 000024.067, 154
Trd, 000024.200, 157
Trd, 000024.933, 155
Trd, 000025.217, 155
Trd, 000025.667, 155
Trd, 000026.650, 164
Trd, 000026.667, 165
Trd, 000026.950, 152
Trd, 000027.733, 159
Trd, 000028.183, 161
Trd, 000029.033, 158
Trd, 000030.400, 161
Trd, 000030.817, 159
Trd, 000031.533, 159
Trd, 000031.900, 163
Trd, 000032.550, 156
Trd, 000032.767, 158
Trd, 000033.300, 151
Trd, 000034.083, 157
Trd, 000034.567, 157
Trd, 000035.050, 156
Trd, 000035.300, 155
Trd, 000035.483, 155
Trd, 000036.300, 154
Trd, 000036.517, 154
Trd, 000037.917, 154
Trd, 000038.367, 154
Trd, 000038.683, 154
Trd, 000039.817, 153
Trd, 000039.833, 154
Trd, 000040.017, 159
Trd, 000040.117, 153
Trd, 000040.383, 165
Trd, 000041.200, 158
Trd, 000041.467, 164
Trd, 000042.350, 159
Trd, 000043.233, 153
Trd, 000043.783, 152
Trd, 000044.383, 158
Trd, 000044.400, 153
Trd, 000046.150, 157
Trd, 000046.400, 155
Trd, 000046.783, 154
Trd, 000047.367, 157
Trd, 000047.750, 153
Trd, 000047.767, 157
Trd, 000048.983, 158
Trd, 000050.267, 157
Trd, 000051.717, 158
Trd, 000053.550, 157
Trd, 000053.633, 158
Trd, 000054.083, 154
Trd, 000054.450, 154
Trd, 000054.483, 158
Trd, 000054.767, 154
Trd, 000054.850, 160
Trd, 000054.933, 153
Trd, 000055.533, 166
Trd, 000055.767, 167
Trd, 000057.783, 153
Trd, 000058.500, 154
Trd, 000058.650, 154
Trd, 000059.050, 153
Trd, 000059.117, 154
Trd, 000059.767, 152
Trd, 000060.600, 154
Trd, 000061.000, 153
Trd, 000061.283, 158
Trd, 000061.583, 161
Trd, 000061.700, 150
Trd, 000062.217, 158
Trd, 000062.367, 164
Trd, 000063.467, 154
Trd, 000065.133, 161
Trd, 000065.433, 161
Trd, 000065.783, 163
Trd, 000066.233, 181
Trd, 000067.900, 166
Trd, 000068.183, 165
Trd, 000068.617, 166
Trd, 000068.850, 166
Trd, 000068.900, 164
Trd, 000070.167, 165
Trd, 000070.483, 163
Trd, 000070.917, 157
Trd, 000071.283, 161
Trd, 000071.317, 164
Trd, 000072.450, 176
Trd, 000072.933, 162
Trd, 000073.283, 164
Trd, 000073.650, 164
Trd, 000074.150, 164
Trd, 000075.033, 164
Trd, 000075.150, 165
Trd, 000075.500, 163
Trd, 000077.267, 166
Trd, 000078.083, 165
Trd, 000078.417, 166
Trd, 000078.600, 167
Trd, 000079.217, 165
Trd, 000080.933, 167
Trd, 000081.067, 165
Trd, 000081.400, 167
Trd, 000081.967, 167
Trd, 000082.000, 169
Trd, 000083.467, 168
Trd, 000083.650, 167
Trd, 000085.417, 164
Trd, 000085.567, 164
Trd, 000085.733, 163
Trd, 000086.200, 163
Trd, 000086.900, 163
Trd, 000087.133, 165
Trd, 000088.017, 164
Trd, 000088.817, 173
Trd, 000088.867, 172
Trd, 000089.267, 169
Trd, 000090.700, 171
Trd, 000091.783, 170
Trd, 000091.867, 177
Trd, 000091.950, 166
Trd, 000092.617, 157
Trd, 000093.017, 164
Trd, 000093.783, 164
Trd, 000093.833, 175
Trd, 000095.033, 167
Trd, 000095.283, 167
Trd, 000095.417, 168
Trd, 000095.900, 169
Trd, 000095.983, 167
Trd, 000096.100, 158
Trd, 000097.300, 160
Trd, 000097.450, 154
Trd, 000097.983, 161
Trd, 000099.333, 159
Trd, 000099.700, 161
Trd, 000100.650, 159
Trd, 000101.017, 159
Trd, 000101.283, 158
Trd, 000101.633, 160
Trd, 000101.817, 151
Trd, 000103.100, 160
Trd, 000103.917, 160
Trd, 000104.250, 158
Trd, 000105.483, 160
Trd, 000105.617, 161
Trd, 000105.683, 161
Trd, 000106.117, 165
Trd, 000106.500, 158
Trd, 000106.950, 163
Trd, 000107.417, 163
Trd, 000107.733, 167
Trd, 000108.950, 164
Trd, 000109.033, 167
Trd, 000109.567, 168
Trd, 000110.033, 163
Trd, 000110.117, 162
Trd, 000111.100, 165
Trd, 000113.067, 165
Trd, 000113.433, 164
Trd, 000113.483, 161
Trd, 000113.517, 159
Trd, 000114.900, 165
Trd, 000114.917, 166
Trd, 000115.400, 169
Trd, 000115.483, 173
Trd, 000116.200, 166
Trd, 000117.417, 165
Trd, 000117.633, 166
Trd, 000118.933, 165
Trd, 000119.000, 163
Trd, 000119.033, 161
Trd, 000119.083, 166
Trd, 000120.233, 165
Trd, 000120.700, 168
Trd, 000121.200, 173
Trd, 000121.517, 166
Trd, 000121.583, 173
Trd, 000121.600, 174
Trd, 000121.633, 204
Trd, 000122.033, 205
Trd, 000122.550, 167
Trd, 000122.667, 170
Trd, 000122.883, 190
Trd, 000124.800, 303
Trd, 000125.183, 311.0
Trd, 000125.617, 313.0
Trd, 000126.250, 347.0
Trd, 000126.517, 344
Trd, 000126.733, 341.0
Trd, 000126.850, 348.0
Trd, 000128.983, 348
Trd, 000130.117, 336.0
Trd, 000130.833, 350
Trd, 000131.517, 348
Trd, 000132.100, 348
Trd, 000132.983, 344.0
Trd, 000133.517, 346
Trd, 000134.217, 345
Trd, 000134.383, 345
Trd, 000135.817, 348.0
Trd, 000136.933, 347
Trd, 000137.050, 348
Trd, 000137.350, 346
Trd, 000137.450, 352
Trd, 000139.317, 351
Trd, 000140.250, 345
Trd, 000140.883, 349
Trd, 000142.617, 345
Trd, 000142.817, 343
Trd, 000142.967, 345
Trd, 000143.183, 347
Trd, 000143.567, 348.0
Trd, 000144.283, 351
Trd, 000146.100, 345
Trd, 000147.283, 347
Trd, 000147.867, 344
Trd, 000148.600, 347
Trd, 000150.433, 345
Trd, 000150.550, 344
Trd, 000150.883, 345
Trd, 000151.300, 346.0
Trd, 000152.100, 345
Trd, 000153.033, 346
Trd, 000154.150, 349
Trd, 000155.067, 348.0
Trd, 000155.467, 347
Trd, 000155.617, 344
Trd, 000155.883, 349
Trd, 000156.817, 344.0
Trd, 000157.017, 346
Trd, 000157.517, 344
Trd, 000157.583, 351
Trd, 000158.533, 350
Trd, 000159.400, 348.0
Trd, 000160.083, 351
Trd, 000161.033, 347
Trd, 000161.700, 350
Trd, 000162.133, 348
Trd, 000162.150, 349
Trd, 000162.233, 346
Trd, 000162.400, 351
Trd, 000164.483, 349
Trd, 000165.417, 346
Trd, 000165.733, 348
Trd, 000166.150, 345
Trd, 000166.500, 347
Trd, 000168.400, 345
Trd, 000169.650, 346.0
Trd, 000170.450, 347.0
Trd, 000171.433, 348.0
Trd, 000172.783, 348
Trd, 000173.000, 348
Trd, 000173.700, 345
Trd, 000174.867, 345
Trd, 000175.433, 348.0
Trd, 000175.767, 344
Trd, 000176.317, 346
Trd, 000176.433, 347
Trd, 000177.083, 351
Trd, 000177.567, 355.0
Trd, 000177.767, 345
Trd, 000178.400, 358.0
Trd, 000178.717, 345
Trd, 000179.200, 347
Trd, 000179.783, 355
Trd, 000181.400, 346
Trd, 000181.467, 346
Trd, 000181.817, 341.0
Trd, 000181.883, 335
Trd, 000182.617, 337
Trd, 000183.583, 345
Trd, 000183.983, 331.0
Trd, 000184.283, 326
Trd, 000184.300, 312
Trd, 000184.633, 260
Trd, 000184.700, 336
Trd, 000185.333, 214
Trd, 000185.367, 204
Trd, 000185.617, 200
Trd, 000187.883, 197
Trd, 000188.750, 196
Trd, 000189.167, 196
Trd, 000189.233, 193
Trd, 000189.250, 185
Trd, 000189.800, 170
Trd, 000189.850, 199
Trd, 000190.000, 166
Trd, 000190.783, 173
Trd, 000191.267, 174
Trd, 000191.283, 177
Trd, 000191.867, 181
Trd, 000192.667, 178
Trd, 000192.933, 177
Trd, 000194.617, 180
Trd, 000194.683, 179
Trd, 000195.967, 180
Trd, 000196.267, 176
Trd, 000196.850, 177
Trd, 000196.950, 176
Trd, 000198.333, 176
Trd, 000199.067, 177
Trd, 000200.083, 178
Trd, 000200.533, 175
Trd, 000201.433, 176
Trd, 000202.367, 175
Trd, 000202.467, 176
Trd, 000202.667, 176
Trd, 000203.183, 174
Trd, 000204.467, 162
Trd, 000205.067, 165
Trd, 000205.233, 166
Trd, 000205.600, 170
Trd, 000206.650, 170
Trd, 000206.783, 171
Trd, 000207.517, 175
Trd, 000208.200, 179
Trd, 000209.100, 175
Trd, 000209.550, 173
Trd, 000209.700, 175
Trd, 000210.233, 171
Trd, 000210.667, 171
Trd, 000210.833, 173
Trd, 000212.733, 180
Trd, 000213.000, 175
Trd, 000213.183, 173
Trd, 000214.283, 178
Trd, 000215.050, 174
Trd, 000216.183, 174
Trd, 000216.567, 176
Trd, 000217.317, 176
Trd, 000218.133, 180
Trd, 000219.767, 177
Trd, 000220.183, 176
Trd, 000220.317, 177
Trd, 000220.417, 179
Trd, 000221.467, 174
Trd, 000222.667, 174
Trd, 000222.817, 175
Trd, 000224.133, 173
Trd, 000224.700, 174
Trd, 000225.350, 174
Trd, 000225.717, 173
Trd, 000226.083, 174
Trd, 000226.783, 173
Trd, 000228.900, 172
Trd, 000229.300, 173
Trd, 000229.383, 171
Trd, 000229.767, 173
Trd, 000229.900, 170
Trd, 000229.917, 178
Trd, 000230.400, 176
Trd, 000231.333, 164
Trd, 000231.733, 179
Trd, 000232.167, 181
Trd, 000232.183, 162
Trd, 000232.883, 198
Trd, 000233.917, 178
Trd, 000234.683, 167
Trd, 000235.300, 176
Trd, 000235.533, 176
Trd, 000235.633, 173
Trd, 000236.167, 178
Trd, 000236.450, 182
Trd, 000237.267, 179
Trd, 000237.450, 170
Trd, 000237.517, 179
Trd, 000238.600, 177
Trd, 000239.150, 177
Trd, 000240.017, 176
Trd, 000240.067, 175
Trd, 000240.867, 175
Trd, 000240.900, 175
Trd, 000241.233, 174
Trd, 000241.450, 175
Trd, 000241.733, 173
Trd, 000242.267, 173
Trd, 000242.800, 172
Trd, 000242.817, 174
Trd, 000243.250, 172
Trd, 000243.633, 165
Trd, 000244.283, 174
Trd, 000244.300, 176
Trd, 000244.867, 174
Trd, 000245.067, 174
Trd, 000245.250, 179
Trd, 000246.167, 177
Trd, 000246.967, 176
Trd, 000247.683, 176
Trd, 000248.017, 178
Trd, 000248.933, 176
Trd, 000249.383, 178
Trd, 000249.533, 180
Trd, 000249.567, 183
Trd, 000250.283, 176
Trd, 000251.150, 176
Trd, 000251.400, 174
Trd, 000252.317, 173
Trd, 000252.350, 172
Trd, 000252.583, 169
Trd, 000252.617, 170
Trd, 000252.633, 175
Trd, 000253.800, 177
Trd, 000253.833, 176
Trd, 000254.583, 180
Trd, 000254.717, 183
Trd, 000255.367, 182
Trd, 000255.517, 180
Trd, 000255.650, 177
Trd, 000255.800, 183
Trd, 000256.650, 181
Trd, 000256.917, 184
Trd, 000257.717, 176
Trd, 000258.633, 181
Trd, 000259.467, 178
Trd, 000260.067, 177
Trd, 000260.300, 178
Trd, 000260.383, 182
Trd, 000260.467, 177
Trd, 000261.050, 182
Trd, 000261.450, 181
Trd, 000262.317, 181
Trd, 000262.867, 179
Trd, 000262.950, 181
Trd, 000263.483, 177
Trd, 000263.767, 180
Trd, 000263.950, 177
Trd, 000264.850, 179
Trd, 000264.950, 177
Trd, 000265.517, 181
Trd, 000265.817, 180
Trd, 000266.433, 176
Trd, 000266.550, 176
Trd, 000266.983, 181
Trd, 000267.483, 176
Trd, 000267.517, 179
Trd, 000267.917, 172
Trd, 000269.067, 177
Trd, 000270.183, 175
Trd, 000270.250, 175
Trd, 000270.333, 178
Trd, 000270.500, 179
Trd, 000271.417, 176
Trd, 000271.633, 177
Trd, 000272.567, 177
Trd, 000273.100, 176
Trd, 000273.367, 173
Trd, 000274.117, 169
Trd, 000274.633, 172
Trd, 000274.850, 170
Trd, 000274.917, 169
Trd, 000275.350, 178
Trd, 000275.367, 182
Trd, 000275.617, 177
Trd, 000275.717, 176
Trd, 000275.850, 185
Trd, 000276.367, 180
Trd, 000276.383, 182
Trd, 000277.183, 177
Trd, 000277.550, 179
Trd, 000278.550, 178
Trd, 000278.817, 176
Trd, 000279.450, 179
Trd, 000279.550, 177
Trd, 000280.217, 176
Trd, 000281.133, 178
Trd, 000281.167, 179
Trd, 000281.200, 180
Trd, 000281.683, 183
Trd, 000281.700, 186
Trd, 000282.567, 177
Trd, 000282.617, 176
Trd, 000283.500, 171
Trd, 000283.917, 168
Trd, 000284.550, 172
Trd, 000284.983, 168
Trd, 000285.217, 169
Trd, 000285.267, 170
Trd, 000285.483, 170
Trd, 000285.617, 176
Trd, 000285.767, 169
Trd, 000287.150, 174
Trd, 000288.817, 172
Trd, 000289.167, 171
Trd, 000289.233, 179
Trd, 000289.400, 180
Trd, 000289.700, 182
Trd, 000290.017, 184
Trd, 000290.133, 172
Trd, 000290.733, 174
Trd, 000290.800, 170
Trd, 000291.300, 182
Trd, 000292.933, 178
Trd, 000294.000, 180
Trd, 000294.367, 182
Trd, 000294.867, 169
Trd, 000294.900, 167
Trd, 000295.067, 184
Trd, 000295.317, 172
Trd, 000295.500, 185
Trd, 000296.100, 171
Trd, 000296.217, 170
Trd, 000296.367, 179
Trd, 000296.500, 184
Trd, 000297.600, 184
Trd, 000297.800, 191
Trd, 000298.817, 185
Trd, 000299.133, 181
Trd, 000299.700, 176
Trd, 000299.917, 174
