Trd, 000000.617, 148
Trd, 000002.267, 105
Trd, 000002.383, 134
Trd, 000002.483, 165
Trd, 000003.133, 168
Trd, 000003.400, 169
Trd, 000004.283, 167
Trd, 000005.283, 156
Trd, 000005.417, 155
Trd, 000005.950, 157
Trd, 000006.233, 147
Trd, 000006.300, 160
Trd, 000006.633, 163
Trd, 000007.517, 145
Trd, 000008.167, 172
Trd, 000008.633, 144
Trd, 000009.267, 161
Trd, 000009.717, 163
Trd, 000010.850, 162
Trd, 000011.117, 162
Trd, 000011.300, 163
Trd, 000011.483, 161
Trd, 000012.250, 161
Trd, 000012.267, 163
Trd, 000012.650, 159
Trd, 000013.267, 149
Trd, 000013.350, 145
Trd, 000013.817, 162
Trd, 000015.350, 162
Trd, 000017.033, 163
Trd, 000017.050, 164
Trd, 000017.283, 164
Trd, 000018.500, 163
Trd, 000019.533, 162
Trd, 000020.450, 161
Trd, 000020.767, 162
Trd, 000021.517, 161
Trd, 000021.750, 160
Trd, 000021.883, 160
Trd, 000021.983, 158
Trd, 000022.467, 162
Trd, 000023.083, 160
Trd, 000023.133, 161
Trd, 000023.250, 174
Trd, 000023.583, 158
Trd, 000024.067, 174
Trd, 000025.833, 168
Trd, 000026.850, 167
Trd, 000026.867, 168
Trd, 000026.883, 169
Trd, 000027.633, 167
Trd, 000027.700, 166
Trd, 000028.483, 160
Trd, 000028.733, 166
Trd, 000029.150, 167
Trd, 000029.633, 165
Trd, 000029.817, 151
Trd, 000031.417, 161
Trd, 000031.533, 147
Trd, 000031.683, 160
Trd, 000031.900, 161
Trd, 000033.517, 158
Trd, 000033.767, 159
Trd, 000034.017, 159
Trd, 000034.867, 158
Trd, 000034.900, 157
Trd, 000034.967, 166
Trd, 000035.517, 158
Trd, 000036.000, 154
Trd, 000036.583, 160
Trd, 000036.933, 160
Trd, 000037.083, 161
Trd, 000037.867, 163
Trd, 000038.433, 154
Trd, 000039.100, 166
Trd, 000039.517, 155
Trd, 000039.883, 173
Trd, 000040.250, 156
Trd, 000040.883, 163
Trd, 000041.033, 165
Trd, 000041.617, 162
Trd, 000042.250, 160
Trd, 000043.033, 157
Trd, 000043.933, 157
Trd, 000043.950, 159
Trd, 000044.117, 162
Trd, 000045.133, 155
Trd, 000045.467, 162
Trd, 000046.617, 156
Trd, 000047.017, 163
Trd, 000048.367, 165
Trd, 000048.500, 165
Trd, 000048.800, 161
Trd, 000049.300, 162
Trd, 000049.483, 177
Trd, 000051.000, 170
Trd, 000051.583, 162
Trd, 000052.217, 163
Trd, 000053.517, 161
Trd, 000053.533, 161
Trd, 000053.817, 161
Trd, 000055.500, 151
Trd, 000055.567, 160
Trd, 000055.633, 161
Trd, 000056.217, 160
Trd, 000056.517, 158
Trd, 000057.300, 169
Trd, 000057.833, 175
Trd, 000058.017, 155
Trd, 000059.067, 173
Trd, 000059.133, 171
Trd, 000059.333, 164
Trd, 000060.367, 165
Trd, 000060.567, 166
Trd, 000061.433, 166
Trd, 000061.750, 166
Trd, 000063.333, 181
Trd, 000063.483, 168
Trd, 000064.167, 168
Trd, 000064.750, 168
Trd, 000064.867, 167
Trd, 000065.283, 169
Trd, 000065.300, 166
Trd, 000065.517, 165
Trd, 000066.200, 164
Trd, 000066.467, 172
Trd, 000067.383, 164
Trd, 000068.167, 163
Trd, 000068.783, 173
Trd, 000069.050, 174
Trd, 000069.317, 173
Trd, 000070.483, 172
Trd, 000070.583, 177
Trd, 000071.400, 165
Trd, 000072.233, 176
Trd, 000072.333, 166
Trd, 000072.633, 165
Trd, 000074.000, 166
Trd, 000075.083, 166
Trd, 000075.217, 169
Trd, 000075.667, 169
Trd, 000076.133, 179
Trd, 000077.017, 166
Trd, 000077.933, 166
Trd, 000079.850, 166
Trd, 000080.267, 167
Trd, 000080.333, 168
Trd, 000081.033, 168
Trd, 000081.167, 168
Trd, 000081.300, 169
Trd, 000081.967, 170
Trd, 000082.633, 168
Trd, 000082.833, 180
Trd, 000082.983, 167
Trd, 000083.883, 168
Trd, 000083.983, 171
Trd, 000084.900, 169
Trd, 000085.250, 169
Trd, 000085.450, 170
Trd, 000086.917, 170
Trd, 000088.650, 168
Trd, 000088.867, 167
Trd, 000088.883, 168
Trd, 000089.500, 168
Trd, 000090.567, 168
Trd, 000090.617, 167
Trd, 000091.183, 168
Trd, 000091.283, 172
Trd, 000091.417, 167
Trd, 000093.100, 168
Trd, 000093.517, 162
Trd, 000093.550, 169
Trd, 000093.967, 167
Trd, 000094.067, 165
Trd, 000094.633, 169
Trd, 000095.617, 170
Trd, 000096.400, 164
Trd, 000098.517, 166
Trd, 000098.900, 167
Trd, 000099.367, 169
Trd, 000099.633, 170
Trd, 000099.700, 168
Trd, 000100.250, 172
Trd, 000100.483, 173
Trd, 000100.983, 169
Trd, 000102.500, 170
Trd, 000103.633, 170
Trd, 000103.733, 168
Trd, 000103.767, 174
Trd, 000103.850, 182
Trd, 000105.733, 177
Trd, 000105.750, 178
Trd, 000106.650, 175
Trd, 000107.133, 176
Trd, 000107.767, 176
Trd, 000108.267, 175
Trd, 000108.617, 172
Trd, 000109.167, 169
Trd, 000109.883, 173
Trd, 000110.017, 173
Trd, 000110.083, 173
Trd, 000110.550, 175
Trd, 000111.633, 174
Trd, 000112.633, 175
Trd, 000114.150, 173
Trd, 000114.483, 172
Trd, 000114.833, 172
Trd, 000115.317, 170
Trd, 000115.600, 170
Trd, 000115.800, 172
Trd, 000116.917, 170
Trd, 000116.967, 173
Trd, 000117.650, 171
Trd, 000118.067, 169
Trd, 000118.433, 168
Trd, 000119.083, 170
Trd, 000120.067, 170
Trd, 000120.283, 172
Trd, 000121.100, 172
Trd, 000122.367, 174
Trd, 000122.767, 191
Trd, 000122.817, 198
Trd, 000123.233, 201
Trd, 000124.250, 194
Trd, 000124.600, 203
Trd, 000124.683, 209
Trd, 000124.817, 212
Trd, 000125.217, 303.0
Trd, 000125.417, 310.0
Trd, 000125.583, 317.0
Trd, 000126.000, 327
Trd, 000126.133, 334.0
Trd, 000127.217, 310.0
Trd, 000127.567, 334.0
Trd, 000127.733, 339
Trd, 000128.550, 339
Trd, 000129.183, 341.0
Trd, 000129.733, 342
Trd, 000130.283, 337
Trd, 000131.700, 340
Trd, 000131.750, 341
Trd, 000132.083, 340
Trd, 000132.583, 341
Trd, 000132.983, 341.0
Trd, 000133.933, 341
Trd, 000134.117, 342
Trd, 000134.200, 365
Trd, 000135.517, 349
Trd, 000135.800, 363
Trd, 000136.250, 348
Trd, 000136.333, 348.0
Trd, 000136.483, 361
Trd, 000138.767, 354
Trd, 000139.250, 358
Trd, 000139.550, 353
Trd, 000139.967, 359
Trd, 000140.017, 353
Trd, 000140.300, 361
Trd, 000140.850, 363
Trd, 000140.967, 364
Trd, 000141.650, 365
Trd, 000142.833, 367
Trd, 000143.517, 359.0
Trd, 000145.033, 364
Trd, 000146.250, 365
Trd, 000146.333, 366
Trd, 000146.733, 363
Trd, 000147.200, 369.0
Trd, 000147.233, 358.0
Trd, 000147.367, 358
Trd, 000148.900, 357
Trd, 000149.217, 366
Trd, 000150.067, 365.0
Trd, 000151.183, 363
Trd, 000151.833, 366
Trd, 000153.167, 365
Trd, 000153.733, 363
Trd, 000153.800, 361
Trd, 000153.900, 358.0
Trd, 000154.117, 356
Trd, 000154.617, 362
Trd, 000154.733, 348
Trd, 000155.750, 362
Trd, 000156.233, 353
Trd, 000157.167, 357
Trd, 000158.100, 357
Trd, 000158.233, 358
Trd, 000159.317, 355
Trd, 000159.550, 353
Trd, 000159.567, 357
Trd, 000161.367, 355
Trd, 000161.583, 351
Trd, 000162.450, 356
Trd, 000163.900, 351
Trd, 000163.983, 354
Trd, 000164.167, 349
Trd, 000164.750, 348.0
Trd, 000164.850, 354
Trd, 000165.267, 363
Trd, 000165.633, 352
Trd, 000167.350, 356
Trd, 000167.600, 348.0
Trd, 000168.750, 356
Trd, 000168.867, 354
Trd, 000169.733, 355
Trd, 000170.117, 356
Trd, 000170.333, 355
Trd, 000170.450, 357
Trd, 000170.767, 349
Trd, 000172.800, 351
Trd, 000174.067, 359
Trd, 000174.367, 359
Trd, 000174.667, 354
Trd, 000174.950, 358
Trd, 000175.517, 358.0
Trd, 000175.550, 363
Trd, 000175.967, 371
Trd, 000176.517, 364
Trd, 000177.400, 358.0
Trd, 000178.283, 364
Trd, 000178.500, 358
Trd, 000179.400, 364
Trd, 000179.467, 361
Trd, 000180.867, 363
Trd, 000181.317, 363
Trd, 000182.133, 359
Trd, 000182.833, 344.0
Trd, 000182.917, 326
Trd, 000182.967, 315
Trd, 000183.250, 304
Trd, 000183.583, 297
Trd, 000183.600, 294
Trd, 000183.850, 290
Trd, 000183.950, 278
Trd, 000185.267, 279
Trd, 000185.617, 214
Trd, 000185.717, 207
Trd, 000185.733, 188
Trd, 000187.217, 196
Trd, 000188.150, 194
Trd, 000188.533, 193
Trd, 000188.983, 196
Trd, 000189.150, 195
Trd, 000189.267, 197
Trd, 000191.050, 193
Trd, 000191.283, 194
Trd, 000192.100, 191
Trd, 000192.200, 191
Trd, 000192.700, 177
Trd, 000194.600, 153
Trd, 000195.033, 177
Trd, 000195.533, 182
Trd, 000195.900, 176
Trd, 000196.350, 177
Trd, 000196.567, 179
Trd, 000197.117, 174
Trd, 000197.250, 164
Trd, 000197.433, 182
Trd, 000197.700, 185
Trd, 000198.667, 182
Trd, 000198.750, 182
Trd, 000201.650, 187
Trd, 000201.850, 191
Trd, 000201.867, 185
Trd, 000202.400, 179
Trd, 000202.867, 187
Trd, 000203.217, 184
Trd, 000203.883, 159
Trd, 000204.383, 159
Trd, 000204.667, 161
Trd, 000205.983, 183
Trd, 000206.683, 187
Trd, 000206.983, 186
Trd, 000207.533, 192
Trd, 000207.600, 185
Trd, 000207.667, 193
Trd, 000209.083, 186
Trd, 000209.633, 186
Trd, 000209.850, 189
Trd, 000210.817, 186
Trd, 000211.717, 184
Trd, 000211.883, 185
Trd, 000212.350, 183
Trd, 000213.633, 182
Trd, 000214.000, 182
Trd, 000214.200, 181
Trd, 000214.733, 185
Trd, 000214.833, 181
Trd, 000215.350, 187
Trd, 000215.967, 188
Trd, 000216.333, 179
Trd, 000216.900, 170
Trd, 000217.050, 165
Trd, 000217.817, 176
Trd, 000218.500, 172
Trd, 000219.017, 173
Trd, 000219.217, 173
Trd, 000219.717, 172
Trd, 000220.133, 174
Trd, 000220.650, 173
Trd, 000221.783, 180
Trd, 000222.350, 181
Trd, 000222.700, 184
Trd, 000223.300, 187
Trd, 000223.617, 192
Trd, 000223.833, 189
Trd, 000223.950, 181
Trd, 000225.917, 183
Trd, 000226.000, 181
Trd, 000226.100, 182
Trd, 000226.367, 182
Trd, 000226.533, 183
Trd, 000227.483, 180
Trd, 000228.633, 176
Trd, 000228.833, 170
Trd, 000228.967, 177
Trd, 000229.317, 176
Trd, 000229.567, 177
Trd, 000230.000, 195
Trd, 000230.067, 202
Trd, 000232.250, 182
Trd, 000232.367, 180
Trd, 000232.550, 183
Trd, 000233.217, 185
Trd, 000234.117, 181
Trd, 000234.267, 185
Trd, 000235.417, 181
Trd, 000235.500, 185
Trd, 000237.067, 183
Trd, 000237.650, 182
Trd, 000238.283, 183
Trd, 000239.067, 181
Trd, 000239.300, 184
Trd, 000239.900, 181
Trd, 000240.033, 185
Trd, 000240.783, 179
Trd, 000240.850, 181
Trd, 000240.917, 175
Trd, 000241.583, 183
Trd, 000242.267, 181
Trd, 000242.733, 182
Trd, 000243.483, 182
Trd, 000243.533, 182
Trd, 000243.867, 181
Trd, 000244.133, 178
Trd, 000244.250, 181
Trd, 000245.500, 180
Trd, 000246.333, 178
Trd, 000246.417, 178
Trd, 000246.583, 177
Trd, 000247.500, 176
Trd, 000247.683, 179
Trd, 000248.150, 180
Trd, 000248.683, 175
Trd, 000248.950, 172
Trd, 000249.283, 182
Trd, 000249.350, 183
Trd, 000249.433, 169
Trd, 000251.050, 174
Trd, 000251.150, 173
Trd, 000251.167, 172
Trd, 000251.700, 172
Trd, 000251.733, 171
Trd, 000252.867, 159
Trd, 000253.267, 162
Trd, 000254.017, 167
Trd, 000254.133, 166
Trd, 000254.500, 164
Trd, 000254.733, 166
Trd, 000254.967, 169
Trd, 000255.467, 166
Trd, 000255.967, 168
Trd, 000256.183, 167
Trd, 000257.367, 171
Trd, 000258.400, 173
Trd, 000258.550, 172
Trd, 000259.100, 187
Trd, 000259.750, 187
Trd, 000259.917, 173
Trd, 000260.683, 188
Trd, 000261.150, 187
Trd, 000261.250, 189
Trd, 000262.133, 184
Trd, 000262.817, 186
Trd, 000263.000, 187
Trd, 000263.717, 184
Trd, 000264.200, 181
Trd, 000264.900, 183
Trd, 000264.950, 184
Trd, 000265.383, 186
Trd, 000265.683, 184
Trd, 000266.333, 184
Trd, 000266.450, 191
Trd, 000267.033, 182
Trd, 000267.367, 182
Trd, 000267.717, 182
Trd, 000269.017, 187
Trd, 000269.733, 186
Trd, 000269.783, 190
Trd, 000270.083, 185
Trd, 000270.367, 183
Trd, 000270.733, 180
Trd, 000271.883, 186
Trd, 000271.967, 186
Trd, 000272.367, 188
Trd, 000274.100, 183
Trd, 000274.333, 180
Trd, 000274.533, 187
Trd, 000275.267, 186
Trd, 000275.650, 181
Trd, 000275.950, 185
Trd, 000277.017, 191
Trd, 000277.067, 182
Trd, 000278.117, 181
Trd, 000278.350, 187
Trd, 000278.833, 190
Trd, 000278.950, 187
Trd, 000279.117, 191
Trd, 000279.567, 188
Trd, 000279.600, 186
Trd, 000281.600, 186
Trd, 000281.717, 184
Trd, 000282.033, 187
Trd, 000282.400, 179
Trd, 000284.650, 182
Trd, 000284.800, 182
Trd, 000284.817, 183
Trd, 000285.050, 180
Trd, 000285.350, 179
Trd, 000286.500, 181
Trd, 000286.550, 181
Trd, 000287.017, 176
Trd, 000287.333, 181
Trd, 000287.617, 181
Trd, 000288.050, 174
Trd, 000288.650, 183
Trd, 000289.333, 177
Trd, 000290.083, 181
Trd, 000290.117, 175
Trd, 000290.717, 182
Trd, 000290.783, 181
Trd, 000291.300, 191
Trd, 000291.683, 194
Trd, 000291.950, 181
Trd, 000292.183, 191
Trd, 000292.983, 181
Trd, 000293.033, 180
Trd, 000293.300, 184
Trd, 000293.383, 175
Trd, 000294.517, 183
Trd, 000294.983, 182
Trd, 000295.117, 181
Trd, 000295.750, 183
Trd, 000295.967, 180
Trd, 000296.233, 182
Trd, 000296.650, 179
Trd, 000296.667, 181
Trd, 000298.083, 184
Trd, 000298.933, 184
Trd, 000299.683, 184
