Trd, 000000.700, 141
Trd, 000002.633, 132
Trd, 000003.900, 126
Trd, 000004.017, 142
Trd, 000005.450, 139
Trd, 000005.750, 136
Trd, 000005.917, 138
Trd, 000006.867, 144
Trd, 000008.067, 148
Trd, 000008.167, 142
Trd, 000008.383, 142
Trd, 000008.950, 146
Trd, 000010.200, 152
Trd, 000010.633, 144
Trd, 000011.017, 145
Trd, 000011.100, 144
Trd, 000011.250, 143
Trd, 000012.667, 152
Trd, 000013.217, 152
Trd, 000013.483, 166
Trd, 000014.383, 155
Trd, 000015.533, 157
Trd, 000016.383, 157
Trd, 000016.683, 160
Trd, 000017.450, 160
Trd, 000019.417, 159
Trd, 000019.517, 159
Trd, 000019.883, 158
Trd, 000020.150, 162
Trd, 000020.683, 157
Trd, 000022.400, 158
Trd, 000022.783, 159
Trd, 000023.000, 156
Trd, 000023.300, 158
Trd, 000023.433, 154
Trd, 000023.483, 153
Trd, 000023.733, 167
Trd, 000025.183, 139
Trd, 000025.650, 160
Trd, 000025.767, 154
Trd, 000026.417, 153
Trd, 000026.567, 154
Trd, 000028.067, 168
Trd, 000028.567, 159
Trd, 000028.583, 158
Trd, 000029.050, 158
Trd, 000029.217, 160
Trd, 000030.050, 160
Trd, 000030.217, 159
Trd, 000031.350, 161
Trd, 000031.750, 159
Trd, 000033.383, 160
Trd, 000033.767, 158
Trd, 000033.983, 160
Trd, 000034.733, 157
Trd, 000035.067, 154
Trd, 000035.467, 158
Trd, 000035.600, 159
Trd, 000038.317, 160
Trd, 000038.500, 156
Trd, 000039.633, 163
Trd, 000039.700, 161
Trd, 000039.767, 156
Trd, 000039.817, 155
Trd, 000040.733, 159
Trd, 000041.067, 159
Trd, 000041.350, 154
Trd, 000041.567, 157
Trd, 000041.817, 158
Trd, 000042.200, 136
Trd, 000042.333, 135
Trd, 000042.650, 130
Trd, 000042.683, 154
Trd, 000042.800, 155
Trd, 000043.550, 151
Trd, 000045.450, 164
Trd, 000045.600, 169
Trd, 000045.717, 155
Trd, 000046.233, 155
Trd, 000047.117, 156
Trd, 000047.767, 157
Trd, 000047.817, 155
Trd, 000048.717, 171
Trd, 000049.500, 171
Trd, 000049.933, 170
Trd, 000050.150, 170
Trd, 000050.617, 139
Trd, 000053.100, 161
Trd, 000053.283, 162
Trd, 000053.617, 160
Trd, 000053.883, 157
Trd, 000054.383, 159
Trd, 000054.583, 159
Trd, 000054.733, 160
Trd, 000055.067, 163
Trd, 000055.683, 169
Trd, 000055.933, 159
Trd, 000057.067, 160
Trd, 000057.167, 159
Trd, 000057.183, 157
Trd, 000058.433, 156
Trd, 000058.767, 157
Trd, 000058.833, 131
Trd, 000059.767, 157
Trd, 000061.167, 157
Trd, 000061.217, 159
Trd, 000061.283, 163
Trd, 000062.617, 155
Trd, 000063.017, 154
Trd, 000064.633, 156
Trd, 000064.883, 157
Trd, 000065.433, 159
Trd, 000065.950, 158
Trd, 000066.150, 155
Trd, 000066.233, 160
Trd, 000067.933, 157
Trd, 000069.017, 158
Trd, 000069.283, 159
Trd, 000069.800, 160
Trd, 000069.983, 158
Trd, 000070.150, 158
Trd, 000070.583, 157
Trd, 000071.200, 157
Trd, 000071.217, 158
Trd, 000071.417, 157
Trd, 000071.950, 155
Trd, 000072.950, 156
Trd, 000073.583, 155
Trd, 000074.300, 155
Trd, 000074.600, 155
Trd, 000074.650, 144
Trd, 000075.050, 151
Trd, 000075.633, 152
Trd, 000076.100, 136
Trd, 000076.167, 157
Trd, 000076.533, 134
Trd, 000077.450, 156
Trd, 000079.000, 152
Trd, 000079.150, 155
Trd, 000080.667, 155
Trd, 000080.767, 155
Trd, 000081.350, 158
Trd, 000082.533, 157
Trd, 000082.883, 158
Trd, 000083.133, 157
Trd, 000083.533, 157
Trd, 000083.600, 153
Trd, 000083.983, 142
Trd, 000084.233, 159
Trd, 000084.267, 153
Trd, 000085.233, 172
Trd, 000086.100, 176
Trd, 000086.433, 160
Trd, 000086.783, 159
Trd, 000087.200, 158
Trd, 000087.683, 166
Trd, 000087.833, 160
Trd, 000090.117, 166
Trd, 000090.483, 165
Trd, 000091.000, 164
Trd, 000091.683, 164
Trd, 000091.783, 166
Trd, 000092.867, 164
Trd, 000092.917, 163
Trd, 000092.933, 160
Trd, 000093.183, 165
Trd, 000093.283, 151
Trd, 000094.717, 165
Trd, 000094.833, 160
Trd, 000094.917, 160
Trd, 000095.383, 164
Trd, 000095.667, 164
Trd, 000096.083, 163
Trd, 000096.617, 162
Trd, 000096.683, 171
Trd, 000097.683, 165
Trd, 000098.783, 167
Trd, 000099.367, 165
Trd, 000100.017, 169
Trd, 000101.200, 168
Trd, 000101.517, 167
Trd, 000102.100, 167
Trd, 000103.017, 172
Trd, 000103.983, 168
Trd, 000104.683, 168
Trd, 000105.033, 167
Trd, 000105.817, 167
Trd, 000106.250, 166
Trd, 000106.600, 168
Trd, 000107.083, 167
Trd, 000107.100, 166
Trd, 000108.467, 172
Trd, 000108.533, 169
Trd, 000108.650, 168
Trd, 000108.917, 174
Trd, 000109.767, 166
Trd, 000111.433, 168
Trd, 000112.617, 170
Trd, 000113.233, 170
Trd, 000113.833, 171
Trd, 000114.050, 169
Trd, 000115.150, 170
Trd, 000115.183, 170
Trd, 000116.117, 170
Trd, 000117.350, 169
Trd, 000117.850, 170
Trd, 000118.267, 169
Trd, 000118.400, 167
Trd, 000118.950, 156
Trd, 000119.350, 163
Trd, 000120.250, 162
Trd, 000121.050, 163
Trd, 000121.083, 164
Trd, 000121.333, 168
Trd, 000121.667, 177
Trd, 000122.500, 172
Trd, 000122.667, 182
Trd, 000123.183, 201
Trd, 000123.317, 203
Trd, 000123.600, 212
Trd, 000124.100, 298
Trd, 000124.133, 303.0
Trd, 000124.383, 287
Trd, 000124.550, 230
Trd, 000125.883, 306.0
Trd, 000126.033, 310.0
Trd, 000126.450, 330
Trd, 000126.900, 344.0
Trd, 000128.067, 330
Trd, 000128.400, 339
Trd, 000128.500, 342
Trd, 000129.033, 325.0
Trd, 000129.900, 331
Trd, 000130.100, 326.0
Trd, 000130.417, 336
Trd, 000131.933, 344.0
Trd, 000132.133, 334.0
Trd, 000132.167, 348.0
Trd, 000132.517, 344.0
Trd, 000134.650, 337
Trd, 000135.500, 339
Trd, 000136.183, 346.0
Trd, 000137.450, 340
Trd, 000139.000, 339
Trd, 000139.450, 339
Trd, 000140.183, 340.0
Trd, 000140.283, 341
Trd, 000140.600, 344.0
Trd, 000141.017, 342
Trd, 000141.133, 340
Trd, 000141.367, 346
Trd, 000142.000, 348.0
Trd, 000142.950, 342
Trd, 000143.617, 342
Trd, 000143.683, 344.0
Trd, 000143.900, 341
Trd, 000145.500, 345
Trd, 000145.850, 344
Trd, 000146.033, 339
Trd, 000146.417, 346
Trd, 000147.417, 340
Trd, 000147.800, 346
Trd, 000148.667, 338
Trd, 000149.017, 345
Trd, 000149.033, 338
Trd, 000149.267, 335
Trd, 000149.683, 338
Trd, 000150.100, 344
Trd, 000151.833, 339.0
Trd, 000153.283, 341
Trd, 000154.133, 341
Trd, 000154.400, 342
Trd, 000155.117, 344.0
Trd, 000155.483, 341
Trd, 000156.550, 343
Trd, 000157.083, 338
Trd, 000158.650, 337
Trd, 000158.700, 335
Trd, 000159.083, 339
Trd, 000160.033, 342
Trd, 000160.217, 343
Trd, 000160.233, 351.0
Trd, 000162.783, 341.0
Trd, 000162.917, 340.0
Trd, 000163.383, 341
Trd, 000163.650, 341
Trd, 000164.467, 339.0
Trd, 000164.967, 341
Trd, 000165.017, 343
Trd, 000165.817, 344.0
Trd, 000165.850, 340
Trd, 000166.050, 347.0
Trd, 000167.150, 347.0
Trd, 000168.167, 350.0
Trd, 000169.633, 348
Trd, 000170.017, 345
Trd, 000170.733, 339
Trd, 000171.817, 344
Trd, 000172.600, 344
Trd, 000172.617, 341
Trd, 000173.000, 342
Trd, 000173.200, 347
Trd, 000175.750, 343
Trd, 000175.900, 344
Trd, 000177.033, 345
Trd, 000177.217, 343.0
Trd, 000177.400, 340
Trd, 000179.400, 344.0
Trd, 000179.600, 344
Trd, 000181.083, 343
Trd, 000181.567, 340
Trd, 000181.883, 337
Trd, 000182.450, 334.0
Trd, 000182.600, 345
Trd, 000182.867, 326
Trd, 000183.083, 306.0
Trd, 000183.133, 293
Trd, 000184.167, 278
Trd, 000184.383, 221
Trd, 000184.483, 186
Trd, 000185.850, 194
Trd, 000186.083, 193
Trd, 000186.683, 179
Trd, 000187.517, 177
Trd, 000189.550, 189
Trd, 000189.767, 187
Trd, 000190.183, 187
Trd, 000190.650, 184
Trd, 000190.883, 178
Trd, 000191.217, 174
Trd, 000191.650, 175
Trd, 000191.950, 175
Trd, 000192.200, 177
Trd, 000192.567, 176
Trd, 000193.050, 163
Trd, 000193.400, 174
Trd, 000195.333, 144
Trd, 000195.617, 168
Trd, 000195.750, 145
Trd, 000196.467, 169
Trd, 000197.067, 168
Trd, 000197.867, 165
Trd, 000198.817, 166
Trd, 000198.850, 165
Trd, 000199.100, 165
Trd, 000199.167, 166
Trd, 000199.333, 170
Trd, 000200.467, 171
Trd, 000201.133, 167
Trd, 000201.150, 166
Trd, 000201.900, 165
Trd, 000202.133, 164
Trd, 000202.417, 168
Trd, 000203.400, 175
Trd, 000205.133, 175
Trd, 000205.550, 171
Trd, 000205.883, 171
Trd, 000206.267, 172
Trd, 000206.333, 169
Trd, 000206.867, 156
Trd, 000207.083, 173
Trd, 000207.133, 185
Trd, 000209.350, 175
Trd, 000209.667, 174
Trd, 000209.983, 176
Trd, 000211.067, 165
Trd, 000211.083, 166
Trd, 000211.217, 171
Trd, 000211.283, 156
Trd, 000212.033, 171
Trd, 000212.467, 172
Trd, 000213.750, 176
Trd, 000214.417, 172
Trd, 000214.550, 172
Trd, 000215.183, 172
Trd, 000215.750, 172
Trd, 000216.117, 173
Trd, 000216.817, 174
Trd, 000217.000, 173
Trd, 000217.500, 185
Trd, 000217.850, 177
Trd, 000218.417, 176
Trd, 000218.833, 175
Trd, 000219.517, 175
Trd, 000220.467, 176
Trd, 000221.867, 177
Trd, 000222.517, 178
Trd, 000222.600, 179
Trd, 000222.717, 173
Trd, 000223.517, 169
Trd, 000224.200, 170
Trd, 000224.867, 148
Trd, 000224.933, 168
Trd, 000225.567, 169
Trd, 000225.750, 171
Trd, 000226.167, 168
Trd, 000226.400, 167
Trd, 000226.533, 184
Trd, 000227.433, 167
Trd, 000228.467, 165
Trd, 000228.917, 165
Trd, 000228.933, 172
Trd, 000230.233, 169
Trd, 000230.983, 169
Trd, 000231.667, 168
Trd, 000231.850, 169
Trd, 000231.883, 172
Trd, 000232.083, 174
Trd, 000233.233, 167
Trd, 000234.467, 188
Trd, 000235.767, 181
Trd, 000235.950, 181
Trd, 000236.017, 179
Trd, 000236.400, 179
Trd, 000236.967, 178
Trd, 000236.983, 178
Trd, 000237.017, 183
Trd, 000237.250, 180
Trd, 000237.833, 183
Trd, 000238.083, 179
Trd, 000239.117, 179
Trd, 000239.233, 177
Trd, 000240.017, 182
Trd, 000240.117, 174
Trd, 000240.200, 148
Trd, 000240.500, 155
Trd, 000240.617, 157
Trd, 000241.200, 159
Trd, 000241.550, 154
Trd, 000242.717, 163
Trd, 000243.200, 167
Trd, 000243.367, 165
Trd, 000243.633, 175
Trd, 000244.683, 188
Trd, 000245.233, 186
Trd, 000245.367, 189
Trd, 000246.183, 192
Trd, 000246.667, 191
Trd, 000247.067, 189
Trd, 000247.433, 182
Trd, 000247.950, 184
Trd, 000248.350, 190
Trd, 000249.183, 189
Trd, 000249.417, 190
Trd, 000250.767, 188
Trd, 000251.083, 187
Trd, 000251.467, 187
Trd, 000251.933, 186
Trd, 000252.033, 186
Trd, 000253.350, 182
Trd, 000253.400, 184
Trd, 000253.633, 181
Trd, 000253.900, 180
Trd, 000254.217, 176
Trd, 000254.633, 181
Trd, 000255.400, 183
Trd, 000255.667, 190
Trd, 000256.450, 183
Trd, 000256.483, 182
Trd, 000258.017, 182
Trd, 000258.800, 182
Trd, 000259.383, 183
Trd, 000260.000, 182
Trd, 000260.183, 181
Trd, 000260.350, 186
Trd, 000260.433, 185
Trd, 000260.500, 185
Trd, 000260.550, 181
Trd, 000260.733, 183
Trd, 000261.433, 181
Trd, 000261.783, 182
Trd, 000262.150, 182
Trd, 000262.383, 179
Trd, 000262.550, 183
Trd, 000262.567, 184
Trd, 000262.600, 177
Trd, 000263.000, 164
Trd, 000263.250, 175
Trd, 000263.567, 179
Trd, 000264.650, 178
Trd, 000265.450, 190
Trd, 000265.583, 191
Trd, 000265.683, 194
Trd, 000265.800, 190
Trd, 000266.183, 186
Trd, 000266.633, 185
Trd, 000266.833, 189
Trd, 000267.767, 192
Trd, 000268.300, 189
Trd, 000269.317, 189
Trd, 000269.617, 190
Trd, 000269.800, 192
Trd, 000269.950, 188
Trd, 000270.817, 185
Trd, 000270.933, 182
Trd, 000271.567, 186
Trd, 000271.933, 185
Trd, 000272.400, 188
Trd, 000272.417, 184
Trd, 000272.533, 190
Trd, 000272.833, 182
Trd, 000273.033, 179
Trd, 000273.117, 192
Trd, 000274.433, 183
Trd, 000274.733, 188
Trd, 000275.250, 183
Trd, 000275.767, 187
Trd, 000275.950, 182
Trd, 000276.400, 183
Trd, 000276.633, 178
Trd, 000277.467, 171
Trd, 000277.517, 172
Trd, 000277.733, 175
Trd, 000278.583, 181
Trd, 000278.850, 178
Trd, 000279.033, 178
Trd, 000279.333, 178
Trd, 000279.533, 179
Trd, 000279.733, 178
Trd, 000280.750, 179
Trd, 000281.800, 180
Trd, 000282.717, 193
Trd, 000282.883, 175
Trd, 000283.550, 179
Trd, 000283.667, 171
Trd, 000284.183, 173
Trd, 000284.250, 180
Trd, 000284.633, 179
Trd, 000286.300, 176
Trd, 000286.600, 176
Trd, 000287.067, 180
Trd, 000287.200, 184
Trd, 000287.517, 176
Trd, 000288.033, 185
Trd, 000288.150, 181
Trd, 000289.633, 193
Trd, 000289.850, 187
Trd, 000290.117, 185
Trd, 000290.350, 194
Trd, 000290.950, 190
Trd, 000291.067, 187
Trd, 000292.400, 189
Trd, 000293.017, 189
Trd, 000293.583, 189
Trd, 000294.167, 189
Trd, 000294.667, 189
Trd, 000294.683, 187
Trd, 000294.700, 186
Trd, 000294.967, 184
Trd, 000295.100, 180
Trd, 000295.533, 194
Trd, 000296.350, 184
Trd, 000296.583, 190
Trd, 000296.817, 173
Trd, 000297.167, 174
Trd, 000297.617, 183
Trd, 000298.300, 180
Trd, 000298.467, 177
Trd, 000298.783, 181
Trd, 000299.133, 163
Trd, 000299.867, 181
