Trd, 000002.467, 174
Trd, 000002.567, 155
Trd, 000002.800, 151
Trd, 000004.833, 162
Trd, 000005.067, 159
Trd, 000006.017, 170
Trd, 000006.033, 149
Trd, 000007.450, 140
Trd, 000008.017, 145
Trd, 000008.033, 148
Trd, 000008.267, 138
Trd, 000008.550, 146
Trd, 000008.617, 139
Trd, 000008.900, 145
Trd, 000010.067, 145
Trd, 000010.583, 144
Trd, 000010.700, 145
Trd, 000011.450, 159
Trd, 000011.717, 152
Trd, 000012.383, 157
Trd, 000012.583, 156
Trd, 000012.767, 156
Trd, 000013.467, 145
Trd, 000014.167, 160
Trd, 000014.500, 150
Trd, 000015.350, 149
Trd, 000015.367, 151
Trd, 000015.717, 150
Trd, 000016.650, 148
Trd, 000017.083, 150
Trd, 000017.767, 150
Trd, 000018.267, 148
Trd, 000018.500, 141
Trd, 000019.033, 152
Trd, 000019.383, 152
Trd, 000019.417, 153
Trd, 000020.550, 151
Trd, 000020.667, 150
Trd, 000021.133, 169
Trd, 000022.700, 144
Trd, 000023.183, 157
Trd, 000023.300, 158
Trd, 000023.917, 160
Trd, 000024.283, 159
Trd, 000024.917, 157
Trd, 000025.017, 155
Trd, 000025.750, 163
Trd, 000026.450, 153
Trd, 000028.183, 153
Trd, 000028.217, 152
Trd, 000028.500, 152
Trd, 000028.567, 153
Trd, 000029.167, 151
Trd, 000029.717, 150
Trd, 000030.617, 150
Trd, 000031.450, 146
Trd, 000031.933, 147
Trd, 000032.950, 158
Trd, 000033.417, 151
Trd, 000034.283, 149
Trd, 000034.417, 150
Trd, 000036.100, 147
Trd, 000036.183, 149
Trd, 000037.450, 147
Trd, 000037.467, 144
Trd, 000037.483, 151
Trd, 000038.233, 168
Trd, 000038.767, 153
Trd, 000038.817, 152
Trd, 000038.917, 143
Trd, 000040.150, 147
Trd, 000040.650, 145
Trd, 000041.383, 146
Trd, 000041.600, 148
Trd, 000042.050, 152
Trd, 000042.333, 159
Trd, 000043.767, 152
Trd, 000043.800, 152
Trd, 000043.933, 148
Trd, 000044.700, 146
Trd, 000045.817, 154
Trd, 000047.183, 152
Trd, 000047.500, 143
Trd, 000048.433, 158
Trd, 000048.617, 159
Trd, 000049.000, 155
Trd, 000049.350, 160
Trd, 000049.633, 156
Trd, 000050.067, 156
Trd, 000050.383, 155
Trd, 000050.667, 153
Trd, 000051.083, 144
Trd, 000051.133, 155
Trd, 000051.233, 156
Trd, 000051.267, 156
Trd, 000052.500, 160
Trd, 000052.733, 185
Trd, 000052.850, 164
Trd, 000053.367, 160
Trd, 000054.100, 157
Trd, 000054.150, 158
Trd, 000054.817, 161
Trd, 000056.267, 164
Trd, 000058.300, 170
Trd, 000058.450, 164
Trd, 000060.283, 163
Trd, 000060.467, 162
Trd, 000061.250, 162
Trd, 000061.883, 161
Trd, 000062.067, 163
Trd, 000062.233, 168
Trd, 000062.383, 166
Trd, 000063.183, 168
Trd, 000064.183, 169
Trd, 000064.217, 168
Trd, 000064.483, 168
Trd, 000064.883, 167
Trd, 000065.067, 161
Trd, 000066.833, 180
Trd, 000066.950, 159
Trd, 000068.867, 151
Trd, 000069.267, 151
Trd, 000069.950, 150
Trd, 000070.417, 151
Trd, 000070.983, 155
Trd, 000071.683, 150
Trd, 000071.950, 155
Trd, 000072.900, 153
Trd, 000072.917, 153
Trd, 000073.300, 145
Trd, 000073.400, 159
Trd, 000074.783, 151
Trd, 000076.333, 150
Trd, 000077.417, 150
Trd, 000077.750, 151
Trd, 000077.900, 152
Trd, 000077.950, 157
Trd, 000078.000, 163
Trd, 000078.533, 152
Trd, 000078.783, 150
Trd, 000079.567, 155
Trd, 000080.350, 156
Trd, 000081.450, 153
Trd, 000082.100, 153
Trd, 000082.283, 156
Trd, 000083.250, 163
Trd, 000083.400, 150
Trd, 000083.767, 152
Trd, 000084.733, 156
Trd, 000084.983, 156
Trd, 000086.533, 159
Trd, 000086.583, 160
Trd, 000086.617, 156
Trd, 000086.667, 155
Trd, 000088.317, 161
Trd, 000088.483, 160
Trd, 000088.817, 162
Trd, 000088.950, 163
Trd, 000089.333, 164
Trd, 000089.367, 160
Trd, 000089.700, 159
Trd, 000089.767, 177
Trd, 000091.183, 157
Trd, 000091.817, 151
Trd, 000092.817, 153
Trd, 000093.700, 150
Trd, 000093.850, 157
Trd, 000095.183, 159
Trd, 000095.400, 160
Trd, 000095.750, 158
Trd, 000096.300, 157
Trd, 000096.683, 165
Trd, 000096.917, 165
Trd, 000096.933, 163
Trd, 000099.167, 166
Trd, 000100.117, 165
Trd, 000101.083, 165
Trd, 000101.533, 164
Trd, 000103.683, 159
Trd, 000103.917, 158
Trd, 000103.983, 159
Trd, 000104.000, 165
Trd, 000104.533, 158
Trd, 000105.150, 159
Trd, 000105.383, 158
Trd, 000106.950, 162
Trd, 000108.583, 165
Trd, 000109.450, 166
Trd, 000109.850, 162
Trd, 000110.317, 165
Trd, 000110.533, 164
Trd, 000110.850, 161
Trd, 000112.133, 155
Trd, 000112.433, 159
Trd, 000112.900, 153
Trd, 000113.783, 153
Trd, 000113.850, 151
Trd, 000114.033, 154
Trd, 000114.167, 155
Trd, 000115.200, 151
Trd, 000115.283, 156
Trd, 000116.900, 155
Trd, 000117.350, 160
Trd, 000117.967, 173
Trd, 000118.183, 172
Trd, 000118.500, 172
Trd, 000118.967, 160
Trd, 000119.850, 157
Trd, 000120.850, 161
Trd, 000121.000, 170
Trd, 000121.483, 155
Trd, 000121.583, 165
Trd, 000121.917, 165
Trd, 000122.650, 179
Trd, 000122.733, 180
Trd, 000122.950, 187
Trd, 000123.133, 194
Trd, 000123.200, 204
Trd, 000123.233, 205
Trd, 000123.583, 218
Trd, 000123.733, 246
Trd, 000123.833, 303.0
Trd, 000124.183, 229
Trd, 000124.917, 310.0
Trd, 000125.433, 317.0
Trd, 000125.567, 333
Trd, 000126.317, 337
Trd, 000126.867, 338
Trd, 000127.250, 344.0
Trd, 000127.717, 337
Trd, 000127.733, 336
Trd, 000129.350, 337
Trd, 000129.433, 338
Trd, 000129.733, 327.0
Trd, 000131.450, 352.0
Trd, 000133.700, 338
Trd, 000133.867, 341
Trd, 000134.767, 340
Trd, 000134.983, 335
Trd, 000135.133, 343.0
Trd, 000135.533, 343.0
Trd, 000135.600, 344.0
Trd, 000136.133, 348.0
Trd, 000136.783, 360
Trd, 000138.100, 361
Trd, 000138.700, 351.0
Trd, 000139.067, 352
Trd, 000139.833, 352.0
Trd, 000140.600, 350
Trd, 000141.967, 350.0
Trd, 000142.150, 349.0
Trd, 000142.683, 348.0
Trd, 000142.767, 349.0
Trd, 000143.667, 339
Trd, 000143.950, 346
Trd, 000145.483, 338
Trd, 000145.800, 336
Trd, 000146.283, 346
Trd, 000146.450, 348.0
Trd, 000148.083, 344.0
Trd, 000148.133, 343
Trd, 000148.883, 354.0
Trd, 000148.917, 355.0
Trd, 000150.000, 348.0
Trd, 000150.167, 355.0
Trd, 000151.000, 364
Trd, 000151.067, 358
Trd, 000152.567, 349.0
Trd, 000152.617, 340
Trd, 000152.867, 350
Trd, 000152.900, 351.0
Trd, 000153.033, 355.0
Trd, 000153.183, 346
Trd, 000155.117, 351
Trd, 000155.650, 352
Trd, 000156.450, 351.0
Trd, 000156.600, 349
Trd, 000156.917, 353
Trd, 000158.050, 355.0
Trd, 000158.683, 340
Trd, 000159.067, 348.0
Trd, 000160.850, 351.0
Trd, 000161.017, 348
Trd, 000161.450, 352.0
Trd, 000162.017, 355.0
Trd, 000162.967, 360
Trd, 000163.617, 352.0
Trd, 000163.950, 336
Trd, 000164.250, 355.0
Trd, 000164.750, 354
Trd, 000167.000, 352
Trd, 000167.400, 351.0
Trd, 000167.867, 351
Trd, 000167.967, 350.0
Trd, 000168.733, 349
Trd, 000168.833, 350
Trd, 000169.450, 351.0
Trd, 000169.600, 355.0
Trd, 000170.267, 348.0
Trd, 000170.767, 353
Trd, 000172.283, 350
Trd, 000173.467, 339
Trd, 000173.617, 336
Trd, 000173.667, 348
Trd, 000174.617, 347
Trd, 000175.033, 338
Trd, 000175.150, 343.0
Trd, 000175.183, 344.0
Trd, 000175.433, 339
Trd, 000175.533, 351
Trd, 000179.167, 343.0
Trd, 000179.783, 342
Trd, 000179.817, 336
Trd, 000179.933, 334
Trd, 000179.983, 343.0
Trd, 000181.150, 339
Trd, 000181.583, 333
Trd, 000181.700, 339
Trd, 000181.967, 332
Trd, 000182.033, 344.0
Trd, 000182.300, 328.0
Trd, 000182.733, 375
Trd, 000183.117, 362
Trd, 000183.200, 327.0
Trd, 000183.350, 363
Trd, 000183.367, 258
Trd, 000183.417, 237
Trd, 000183.733, 216
Trd, 000184.283, 211
Trd, 000184.483, 195
Trd, 000186.300, 173
Trd, 000187.950, 199
Trd, 000189.400, 194
Trd, 000189.433, 174
Trd, 000190.900, 181
Trd, 000191.050, 180
Trd, 000191.283, 174
Trd, 000191.683, 188
Trd, 000191.783, 190
Trd, 000192.433, 167
Trd, 000192.500, 159
Trd, 000194.083, 181
Trd, 000194.817, 183
Trd, 000195.583, 179
Trd, 000195.767, 175
Trd, 000196.100, 180
Trd, 000196.967, 176
Trd, 000197.533, 174
Trd, 000198.633, 174
Trd, 000198.767, 176
Trd, 000198.800, 168
Trd, 000199.833, 176
Trd, 000200.083, 185
Trd, 000201.250, 175
Trd, 000202.250, 174
Trd, 000202.267, 171
Trd, 000202.433, 174
Trd, 000202.733, 168
Trd, 000202.783, 177
Trd, 000203.183, 184
Trd, 000203.300, 188
Trd, 000203.317, 171
Trd, 000204.617, 161
Trd, 000205.300, 164
Trd, 000205.433, 165
Trd, 000206.200, 167
Trd, 000206.967, 163
Trd, 000207.300, 168
Trd, 000207.583, 169
Trd, 000207.600, 160
Trd, 000207.950, 175
Trd, 000208.017, 188
Trd, 000208.817, 184
Trd, 000211.417, 184
Trd, 000211.967, 183
Trd, 000212.083, 160
Trd, 000212.450, 182
Trd, 000214.117, 164
Trd, 000214.250, 164
Trd, 000214.267, 165
Trd, 000215.083, 165
Trd, 000216.383, 168
Trd, 000217.950, 168
Trd, 000218.817, 174
Trd, 000219.467, 171
Trd, 000220.067, 173
Trd, 000220.883, 173
Trd, 000221.217, 171
Trd, 000221.500, 170
Trd, 000221.850, 164
Trd, 000221.917, 177
Trd, 000223.067, 166
Trd, 000223.517, 165
Trd, 000223.733, 167
Trd, 000224.283, 167
Trd, 000225.717, 169
Trd, 000226.017, 167
Trd, 000226.083, 162
Trd, 000226.817, 156
Trd, 000227.050, 169
Trd, 000227.167, 170
Trd, 000227.350, 167
Trd, 000228.483, 158
Trd, 000230.350, 174
Trd, 000230.883, 174
Trd, 000231.167, 178
Trd, 000232.683, 196
Trd, 000233.150, 196
Trd, 000233.183, 194
Trd, 000233.367, 185
Trd, 000233.817, 174
Trd, 000234.600, 195
Trd, 000234.650, 180
Trd, 000234.667, 197
Trd, 000236.267, 186
Trd, 000236.833, 178
Trd, 000237.100, 164
Trd, 000238.117, 187
Trd, 000239.467, 188
Trd, 000240.250, 178
Trd, 000240.583, 177
Trd, 000240.733, 179
Trd, 000240.883, 187
Trd, 000241.100, 181
Trd, 000241.333, 181
Trd, 000241.483, 182
Trd, 000241.900, 178
Trd, 000241.983, 181
Trd, 000242.483, 176
Trd, 000242.550, 192
Trd, 000242.817, 175
Trd, 000243.850, 178
Trd, 000243.900, 181
Trd, 000244.100, 172
Trd, 000244.133, 175
Trd, 000244.250, 172
Trd, 000245.467, 165
Trd, 000245.667, 165
Trd, 000245.783, 164
Trd, 000245.850, 166
Trd, 000246.267, 179
Trd, 000247.000, 175
Trd, 000247.100, 174
Trd, 000247.167, 175
Trd, 000248.233, 179
Trd, 000248.417, 178
Trd, 000249.017, 169
Trd, 000249.417, 180
Trd, 000250.933, 175
Trd, 000251.217, 176
Trd, 000251.350, 173
Trd, 000251.850, 169
Trd, 000251.900, 168
Trd, 000253.133, 166
Trd, 000253.483, 166
Trd, 000253.783, 165
Trd, 000254.000, 168
Trd, 000254.350, 168
Trd, 000254.983, 165
Trd, 000255.133, 161
Trd, 000255.400, 166
Trd, 000255.583, 165
Trd, 000255.733, 158
Trd, 000256.550, 164
Trd, 000256.567, 164
Trd, 000256.867, 166
Trd, 000257.417, 165
Trd, 000257.667, 169
Trd, 000257.817, 173
Trd, 000258.500, 176
Trd, 000259.117, 177
Trd, 000259.800, 175
Trd, 000260.017, 173
Trd, 000260.267, 166
Trd, 000260.767, 173
Trd, 000261.050, 173
Trd, 000261.550, 174
Trd, 000261.817, 174
Trd, 000261.883, 175
Trd, 000261.950, 172
Trd, 000263.167, 176
Trd, 000263.983, 178
Trd, 000264.283, 175
Trd, 000264.433, 177
Trd, 000264.833, 180
Trd, 000264.900, 181
Trd, 000265.167, 181
Trd, 000266.267, 178
Trd, 000266.633, 178
Trd, 000266.917, 177
Trd, 000267.150, 177
Trd, 000267.500, 175
Trd, 000267.583, 174
Trd, 000267.633, 176
Trd, 000267.883, 162
Trd, 000268.700, 166
Trd, 000269.200, 176
Trd, 000270.067, 173
Trd, 000270.433, 178
Trd, 000270.717, 172
Trd, 000271.150, 175
Trd, 000271.467, 174
Trd, 000271.917, 173
Trd, 000272.300, 173
Trd, 000272.567, 172
Trd, 000273.383, 181
Trd, 000273.517, 179
Trd, 000274.617, 181
Trd, 000274.633, 179
Trd, 000274.900, 179
Trd, 000275.333, 178
Trd, 000276.083, 178
Trd, 000276.883, 179
Trd, 000277.617, 178
Trd, 000278.150, 175
Trd, 000279.233, 175
Trd, 000279.567, 175
Trd, 000279.600, 176
Trd, 000279.767, 177
Trd, 000279.950, 174
Trd, 000280.033, 179
Trd, 000280.067, 172
Trd, 000281.050, 176
Trd, 000281.217, 169
Trd, 000281.317, 176
Trd, 000281.733, 182
Trd, 000282.900, 183
Trd, 000283.333, 186
Trd, 000283.617, 179
Trd, 000284.117, 177
Trd, 000284.983, 195
Trd, 000285.267, 189
Trd, 000285.467, 188
Trd, 000285.750, 187
Trd, 000286.250, 186
Trd, 000286.833, 183
Trd, 000287.133, 184
Trd, 000287.450, 178
Trd, 000287.617, 183
Trd, 000288.217, 183
Trd, 000289.083, 178
Trd, 000289.467, 177
Trd, 000289.550, 174
Trd, 000289.833, 168
Trd, 000290.067, 175
Trd, 000290.683, 177
Trd, 000291.117, 177
Trd, 000291.367, 168
Trd, 000291.983, 165
Trd, 000292.767, 171
Trd, 000293.350, 173
Trd, 000293.883, 173
Trd, 000293.917, 179
Trd, 000294.000, 167
Trd, 000294.417, 170
Trd, 000294.700, 177
Trd, 000295.017, 168
Trd, 000295.167, 180
Trd, 000295.800, 184
Trd, 000296.067, 168
Trd, 000296.350, 188
Trd, 000296.833, 185
Trd, 000297.850, 169
Trd, 000298.200, 169
Trd, 000299.267, 165
Trd, 000299.533, 171
Trd, 000299.700, 174
Trd, 000299.767, 177
Trd, 000299.850, 165
