Trd, 000000.633, 200
Trd, 000000.650, 169
Trd, 000000.833, 150
Trd, 000001.183, 154
Trd, 000001.667, 155
Trd, 000001.883, 144
Trd, 000003.200, 182
Trd, 000003.633, 193
Trd, 000004.133, 162
Trd, 000004.783, 177
Trd, 000005.217, 166
Trd, 000005.567, 177
Trd, 000006.250, 163
Trd, 000006.500, 149
Trd, 000006.983, 163
Trd, 000007.017, 175
Trd, 000007.850, 166
Trd, 000008.150, 168
Trd, 000008.367, 163
Trd, 000009.917, 154
Trd, 000010.833, 158
Trd, 000011.933, 155
Trd, 000012.517, 160
Trd, 000012.683, 161
Trd, 000013.250, 156
Trd, 000014.600, 155
Trd, 000014.633, 154
Trd, 000014.850, 154
Trd, 000015.200, 153
Trd, 000015.683, 153
Trd, 000015.850, 156
Trd, 000016.533, 156
Trd, 000016.750, 156
Trd, 000016.900, 166
Trd, 000017.083, 153
Trd, 000017.400, 153
Trd, 000017.900, 169
Trd, 000017.967, 151
Trd, 000018.000, 169
Trd, 000019.033, 169
Trd, 000019.500, 164
Trd, 000019.650, 156
Trd, 000020.433, 170
Trd, 000021.333, 169
Trd, 000021.667, 170
Trd, 000021.800, 170
Trd, 000021.883, 162
Trd, 000022.900, 161
Trd, 000024.067, 166
Trd, 000024.583, 164
Trd, 000024.717, 159
Trd, 000024.750, 166
Trd, 000024.933, 170
Trd, 000026.217, 170
Trd, 000026.800, 169
Trd, 000027.117, 170
Trd, 000028.633, 165
Trd, 000028.750, 169
Trd, 000029.417, 164
Trd, 000029.433, 164
Trd, 000029.700, 164
Trd, 000030.050, 160
Trd, 000030.383, 159
Trd, 000030.633, 166
Trd, 000031.567, 159
Trd, 000031.700, 164
Trd, 000031.867, 153
Trd, 000032.067, 164
Trd, 000032.550, 165
Trd, 000033.133, 168
Trd, 000033.317, 154
Trd, 000033.417, 151
Trd, 000034.467, 152
Trd, 000034.833, 166
Trd, 000034.867, 167
Trd, 000035.750, 171
Trd, 000036.650, 166
Trd, 000037.300, 165
Trd, 000037.433, 169
Trd, 000037.450, 164
Trd, 000037.467, 185
Trd, 000037.517, 187
Trd, 000037.800, 153
Trd, 000038.600, 159
Trd, 000039.283, 165
Trd, 000039.600, 152
Trd, 000040.783, 170
Trd, 000041.617, 166
Trd, 000041.717, 167
Trd, 000042.217, 164
Trd, 000043.350, 166
Trd, 000043.900, 164
Trd, 000044.050, 172
Trd, 000044.317, 154
Trd, 000044.583, 166
Trd, 000044.683, 152
Trd, 000044.733, 148
Trd, 000045.483, 166
Trd, 000045.967, 161
Trd, 000046.333, 167
Trd, 000047.167, 157
Trd, 000047.400, 166
Trd, 000048.317, 158
Trd, 000048.633, 163
Trd, 000049.200, 158
Trd, 000049.800, 160
Trd, 000050.067, 158
Trd, 000050.233, 161
Trd, 000051.433, 172
Trd, 000051.467, 167
Trd, 000052.717, 172
Trd, 000052.950, 168
Trd, 000053.483, 166
Trd, 000053.900, 168
Trd, 000054.633, 166
Trd, 000054.717, 162
Trd, 000054.733, 155
Trd, 000055.033, 172
Trd, 000055.867, 173
Trd, 000056.050, 181
Trd, 000056.517, 172
Trd, 000058.000, 170
Trd, 000058.667, 171
Trd, 000059.550, 170
Trd, 000059.650, 171
Trd, 000060.283, 168
Trd, 000060.300, 167
Trd, 000060.717, 172
Trd, 000060.850, 162
Trd, 000061.467, 167
Trd, 000061.550, 164
Trd, 000062.550, 156
Trd, 000062.983, 154
Trd, 000064.083, 156
Trd, 000064.217, 155
Trd, 000064.733, 157
Trd, 000065.000, 158
Trd, 000065.183, 161
Trd, 000065.567, 160
Trd, 000066.200, 171
Trd, 000067.283, 181
Trd, 000067.517, 169
Trd, 000068.467, 164
Trd, 000068.967, 156
Trd, 000069.450, 169
Trd, 000070.050, 168
Trd, 000070.133, 174
Trd, 000070.867, 167
Trd, 000071.433, 171
Trd, 000071.883, 166
Trd, 000072.450, 169
Trd, 000073.083, 162
Trd, 000073.117, 168
Trd, 000073.250, 169
Trd, 000074.967, 170
Trd, 000075.350, 172
Trd, 000075.383, 163
Trd, 000075.533, 190
Trd, 000076.167, 203
Trd, 000076.667, 193
Trd, 000077.367, 180
Trd, 000077.533, 173
Trd, 000078.100, 168
Trd, 000078.283, 170
Trd, 000078.450, 167
Trd, 000078.867, 180
Trd, 000079.833, 169
Trd, 000080.850, 170
Trd, 000081.867, 170
Trd, 000082.033, 168
Trd, 000082.150, 169
Trd, 000082.783, 168
Trd, 000083.050, 167
Trd, 000083.217, 170
Trd, 000083.500, 167
Trd, 000084.467, 165
Trd, 000084.900, 165
Trd, 000085.033, 156
Trd, 000085.100, 165
Trd, 000085.233, 152
Trd, 000085.333, 167
Trd, 000085.750, 136
Trd, 000086.067, 136
Trd, 000086.867, 156
Trd, 000087.067, 152
Trd, 000088.100, 149
Trd, 000088.117, 156
Trd, 000088.233, 169
Trd, 000088.533, 151
Trd, 000089.683, 154
Trd, 000090.900, 160
Trd, 000090.983, 162
Trd, 000091.117, 176
Trd, 000091.217, 156
Trd, 000091.700, 171
Trd, 000092.067, 173
Trd, 000092.300, 164
Trd, 000092.500, 163
Trd, 000094.367, 165
Trd, 000094.467, 167
Trd, 000095.467, 166
Trd, 000095.833, 164
Trd, 000096.833, 165
Trd, 000097.017, 162
Trd, 000097.283, 165
Trd, 000098.133, 159
Trd, 000099.067, 165
Trd, 000099.950, 166
Trd, 000100.117, 167
Trd, 000100.400, 160
Trd, 000100.883, 160
Trd, 000101.167, 160
Trd, 000102.133, 163
Trd, 000102.150, 165
Trd, 000102.233, 162
Trd, 000102.250, 161
Trd, 000102.817, 154
Trd, 000102.967, 151
Trd, 000103.283, 155
Trd, 000103.433, 166
Trd, 000104.317, 166
Trd, 000104.650, 166
Trd, 000105.517, 172
Trd, 000106.483, 166
Trd, 000106.500, 175
Trd, 000106.917, 163
Trd, 000108.367, 178
Trd, 000108.550, 186
Trd, 000109.150, 185
Trd, 000109.250, 185
Trd, 000109.317, 172
Trd, 000110.000, 175
Trd, 000110.017, 171
Trd, 000111.300, 187
Trd, 000111.717, 173
Trd, 000111.733, 168
Trd, 000112.250, 188
Trd, 000112.667, 187
Trd, 000112.767, 193
Trd, 000113.117, 170
Trd, 000113.550, 173
Trd, 000113.883, 166
Trd, 000114.217, 161
Trd, 000114.617, 180
Trd, 000115.317, 178
Trd, 000116.367, 173
Trd, 000116.733, 168
Trd, 000116.800, 167
Trd, 000118.217, 175
Trd, 000119.700, 175
Trd, 000119.717, 174
Trd, 000120.083, 172
Trd, 000120.733, 169
Trd, 000121.133, 177
Trd, 000121.533, 178
Trd, 000122.083, 180
Trd, 000123.117, 188
Trd, 000123.400, 198
Trd, 000123.483, 278
Trd, 000123.950, 310.0
Trd, 000124.167, 327.0
Trd, 000124.300, 329
Trd, 000124.967, 333.0
Trd, 000125.467, 334.0
Trd, 000125.517, 344
Trd, 000125.850, 351.0
Trd, 000126.633, 351
Trd, 000127.300, 356
Trd, 000127.350, 365.0
Trd, 000127.400, 375.0
Trd, 000127.417, 354
Trd, 000127.600, 353
Trd, 000128.583, 358
Trd, 000128.983, 346
Trd, 000129.033, 368
Trd, 000129.117, 347
Trd, 000129.600, 345.0
Trd, 000130.300, 353
Trd, 000130.533, 344.0
Trd, 000131.567, 344
Trd, 000131.900, 344.0
Trd, 000132.667, 350
Trd, 000133.483, 351
Trd, 000133.833, 343
Trd, 000134.467, 353
Trd, 000134.633, 352
Trd, 000134.667, 342
Trd, 000134.817, 353
Trd, 000135.167, 343
Trd, 000135.967, 353
Trd, 000137.217, 350
Trd, 000138.717, 361.0
Trd, 000139.033, 351
Trd, 000139.467, 363.0
Trd, 000139.617, 348.0
Trd, 000139.850, 357
Trd, 000140.550, 356
Trd, 000140.983, 355
Trd, 000141.083, 351
Trd, 000141.317, 363
Trd, 000141.517, 365.0
Trd, 000142.050, 362.0
Trd, 000143.133, 351
Trd, 000143.433, 361
Trd, 000144.150, 355
Trd, 000144.800, 360
Trd, 000145.017, 360
Trd, 000145.267, 354
Trd, 000146.100, 354
Trd, 000146.633, 354
Trd, 000146.983, 348.0
Trd, 000147.400, 347
Trd, 000147.533, 358
Trd, 000149.283, 351
Trd, 000149.383, 352
Trd, 000149.617, 348
Trd, 000149.917, 358
Trd, 000150.150, 353
Trd, 000151.017, 354
Trd, 000151.167, 348.0
Trd, 000151.367, 346
Trd, 000151.400, 334.0
Trd, 000151.417, 356
Trd, 000151.700, 356
Trd, 000152.617, 362.0
Trd, 000153.367, 349
Trd, 000154.350, 356
Trd, 000154.383, 356
Trd, 000154.617, 357
Trd, 000154.733, 345
Trd, 000154.950, 359
Trd, 000155.400, 359
Trd, 000155.533, 365.0
Trd, 000156.867, 348
Trd, 000157.150, 348.0
Trd, 000157.667, 368
Trd, 000158.100, 375.0
Trd, 000158.233, 362.0
Trd, 000159.383, 361
Trd, 000159.533, 355
Trd, 000160.967, 357
Trd, 000161.033, 356
Trd, 000161.050, 359
Trd, 000161.317, 358
Trd, 000161.617, 350
Trd, 000163.033, 352
Trd, 000163.450, 350
Trd, 000163.717, 350
Trd, 000163.850, 345
Trd, 000164.183, 354
Trd, 000164.567, 354
Trd, 000165.150, 348
Trd, 000165.233, 355
Trd, 000165.317, 348.0
Trd, 000165.583, 356
Trd, 000165.867, 346
Trd, 000165.967, 365.0
Trd, 000166.350, 356
Trd, 000167.450, 362.0
Trd, 000167.633, 359
Trd, 000168.600, 362
Trd, 000168.917, 362
Trd, 000169.850, 365
Trd, 000170.000, 368
Trd, 000170.183, 362.0
Trd, 000170.617, 360
Trd, 000170.883, 360
Trd, 000172.283, 362
Trd, 000172.400, 350
Trd, 000172.917, 361
Trd, 000173.050, 358
Trd, 000173.933, 351
Trd, 000174.017, 362
Trd, 000174.617, 353
Trd, 000174.783, 352
Trd, 000175.200, 350
Trd, 000175.633, 350
Trd, 000176.017, 357
Trd, 000177.367, 357
Trd, 000179.133, 351
Trd, 000179.167, 351
Trd, 000180.217, 353
Trd, 000180.467, 352
Trd, 000180.533, 356
Trd, 000180.567, 349
Trd, 000180.733, 348
Trd, 000180.850, 354
Trd, 000180.883, 355
Trd, 000180.950, 357
Trd, 000180.983, 348.0
Trd, 000181.333, 344.0
Trd, 000181.417, 334.0
Trd, 000181.967, 365.0
Trd, 000183.067, 341
Trd, 000183.383, 327.0
Trd, 000184.217, 225
Trd, 000184.333, 218
Trd, 000184.817, 211
Trd, 000184.983, 203
Trd, 000185.317, 204
Trd, 000185.333, 184
Trd, 000185.417, 171
Trd, 000185.733, 152
Trd, 000185.767, 163
Trd, 000186.267, 168
Trd, 000186.550, 153
Trd, 000187.483, 181
Trd, 000188.533, 166
Trd, 000188.567, 183
Trd, 000188.667, 184
Trd, 000189.300, 201
Trd, 000190.283, 186
Trd, 000190.550, 186
Trd, 000191.000, 181
Trd, 000192.100, 183
Trd, 000192.500, 181
Trd, 000193.050, 188
Trd, 000193.150, 189
Trd, 000193.417, 180
Trd, 000193.567, 174
Trd, 000194.767, 187
Trd, 000195.067, 180
Trd, 000196.517, 181
Trd, 000196.600, 184
Trd, 000198.367, 179
Trd, 000198.767, 183
Trd, 000199.433, 182
Trd, 000199.717, 184
Trd, 000200.033, 180
Trd, 000200.567, 179
Trd, 000201.217, 180
Trd, 000202.300, 179
Trd, 000202.667, 177
Trd, 000203.000, 179
Trd, 000203.167, 182
Trd, 000203.767, 180
Trd, 000203.983, 177
Trd, 000204.500, 181
Trd, 000205.300, 176
Trd, 000205.483, 186
Trd, 000205.533, 175
Trd, 000206.033, 170
Trd, 000206.083, 184
Trd, 000206.567, 185
Trd, 000206.700, 164
Trd, 000206.950, 188
Trd, 000207.667, 168
Trd, 000208.183, 157
Trd, 000209.317, 183
Trd, 000209.750, 171
Trd, 000209.983, 187
Trd, 000210.017, 168
Trd, 000210.617, 182
Trd, 000210.883, 183
Trd, 000211.083, 188
Trd, 000211.583, 188
Trd, 000212.683, 187
Trd, 000212.717, 183
Trd, 000213.117, 183
Trd, 000213.600, 168
Trd, 000214.400, 178
Trd, 000215.133, 178
Trd, 000215.317, 183
Trd, 000215.600, 182
Trd, 000217.100, 176
Trd, 000217.467, 176
Trd, 000217.517, 183
Trd, 000217.633, 183
Trd, 000217.883, 186
Trd, 000218.350, 172
Trd, 000219.117, 170
Trd, 000219.250, 166
Trd, 000219.617, 187
Trd, 000220.217, 167
Trd, 000220.283, 187
Trd, 000220.417, 190
Trd, 000221.017, 172
Trd, 000221.100, 196
Trd, 000221.633, 184
Trd, 000222.417, 192
Trd, 000222.550, 178
Trd, 000223.267, 165
Trd, 000223.633, 173
Trd, 000223.833, 182
Trd, 000224.233, 178
Trd, 000224.300, 166
Trd, 000224.967, 178
Trd, 000225.083, 156
Trd, 000226.067, 176
Trd, 000226.150, 178
Trd, 000226.317, 178
Trd, 000226.717, 179
Trd, 000226.833, 187
Trd, 000227.433, 188
Trd, 000228.033, 181
Trd, 000228.567, 181
Trd, 000228.617, 197
Trd, 000228.883, 172
Trd, 000229.917, 173
Trd, 000230.433, 160
Trd, 000231.033, 174
Trd, 000231.367, 173
Trd, 000232.683, 178
Trd, 000233.767, 176
Trd, 000233.783, 188
Trd, 000234.083, 192
Trd, 000234.550, 171
Trd, 000235.083, 171
Trd, 000235.533, 179
Trd, 000235.633, 172
Trd, 000236.133, 172
Trd, 000236.667, 171
Trd, 000236.967, 170
Trd, 000237.450, 179
Trd, 000237.700, 169
Trd, 000238.333, 179
Trd, 000239.367, 173
Trd, 000240.017, 175
Trd, 000240.150, 172
Trd, 000240.350, 175
Trd, 000240.500, 174
Trd, 000240.567, 178
Trd, 000240.600, 171
Trd, 000240.700, 179
Trd, 000241.350, 179
Trd, 000241.750, 182
Trd, 000242.683, 170
Trd, 000243.150, 188
Trd, 000243.483, 186
Trd, 000243.900, 186
Trd, 000243.950, 189
Trd, 000244.233, 193
Trd, 000244.317, 182
Trd, 000244.750, 179
Trd, 000245.000, 189
Trd, 000245.450, 178
Trd, 000246.433, 181
Trd, 000246.617, 184
Trd, 000247.383, 178
Trd, 000248.367, 177
Trd, 000249.567, 161
Trd, 000249.800, 170
Trd, 000249.950, 165
Trd, 000250.133, 170
Trd, 000250.200, 172
Trd, 000250.233, 176
Trd, 000250.283, 184
Trd, 000250.717, 187
Trd, 000251.383, 182
Trd, 000251.450, 180
Trd, 000252.283, 181
Trd, 000252.600, 179
Trd, 000252.917, 181
Trd, 000253.067, 190
Trd, 000253.300, 179
Trd, 000253.317, 193
Trd, 000253.567, 178
Trd, 000254.367, 173
Trd, 000254.583, 177
Trd, 000254.600, 187
Trd, 000256.417, 178
Trd, 000256.750, 180
Trd, 000257.083, 179
Trd, 000257.250, 181
Trd, 000257.500, 176
Trd, 000258.000, 178
Trd, 000258.450, 179
Trd, 000259.467, 178
Trd, 000259.600, 179
Trd, 000260.333, 176
Trd, 000260.950, 180
Trd, 000261.183, 175
Trd, 000261.217, 178
Trd, 000261.533, 179
Trd, 000261.567, 179
Trd, 000262.417, 176
Trd, 000262.967, 174
Trd, 000263.967, 176
Trd, 000264.267, 178
Trd, 000264.367, 163
Trd, 000264.700, 172
Trd, 000264.933, 172
Trd, 000265.100, 173
Trd, 000265.567, 174
Trd, 000266.217, 175
Trd, 000266.717, 175
Trd, 000266.883, 176
Trd, 000267.683, 177
Trd, 000268.600, 174
Trd, 000268.650, 177
Trd, 000269.150, 176
Trd, 000269.517, 174
Trd, 000269.667, 173
Trd, 000270.000, 172
Trd, 000270.183, 170
Trd, 000270.217, 174
Trd, 000270.267, 178
Trd, 000270.550, 189
Trd, 000271.167, 169
Trd, 000271.567, 179
Trd, 000272.067, 180
Trd, 000272.417, 167
Trd, 000272.650, 178
Trd, 000272.750, 164
Trd, 000273.167, 179
Trd, 000273.283, 189
Trd, 000273.633, 192
Trd, 000274.000, 189
Trd, 000274.183, 172
Trd, 000274.667, 195
Trd, 000275.883, 183
Trd, 000276.433, 182
Trd, 000276.733, 178
Trd, 000277.133, 183
Trd, 000277.533, 188
Trd, 000277.667, 189
Trd, 000278.183, 181
Trd, 000278.417, 180
Trd, 000278.500, 180
Trd, 000279.517, 178
Trd, 000279.600, 185
Trd, 000279.667, 188
Trd, 000279.967, 190
Trd, 000280.317, 181
Trd, 000280.817, 188
Trd, 000280.900, 175
Trd, 000281.217, 178
Trd, 000281.767, 180
Trd, 000281.883, 173
Trd, 000282.667, 175
Trd, 000282.933, 165
Trd, 000283.350, 180
Trd, 000283.600, 162
Trd, 000284.150, 177
Trd, 000284.267, 180
Trd, 000284.650, 182
Trd, 000285.133, 171
Trd, 000285.250, 165
Trd, 000285.733, 193
Trd, 000285.833, 197
Trd, 000286.800, 191
Trd, 000287.017, 181
Trd, 000287.117, 177
Trd, 000287.483, 187
Trd, 000287.517, 191
Trd, 000287.800, 189
Trd, 000288.633, 179
Trd, 000289.033, 180
Trd, 000289.067, 175
Trd, 000289.183, 183
Trd, 000289.233, 173
Trd, 000289.667, 176
Trd, 000289.717, 167
Trd, 000290.950, 178
Trd, 000291.067, 194
Trd, 000291.283, 172
Trd, 000292.283, 174
Trd, 000292.333, 173
Trd, 000292.783, 168
Trd, 000292.800, 180
Trd, 000293.833, 180
Trd, 000295.000, 174
Trd, 000295.117, 183
Trd, 000295.267, 173
Trd, 000295.333, 188
Trd, 000295.833, 198
Trd, 000295.950, 182
Trd, 000296.350, 192
Trd, 000296.467, 195
Trd, 000296.833, 181
Trd, 000297.183, 194
Trd, 000297.750, 192
Trd, 000298.033, 202
Trd, 000298.150, 179
Trd, 000298.767, 179
Trd, 000298.933, 166
Trd, 000299.183, 164
