Trd, 000000.983, 135
Trd, 000001.567, 157
Trd, 000002.333, 156
Trd, 000003.383, 151
Trd, 000003.867, 145
Trd, 000004.733, 148
Trd, 000005.000, 145
Trd, 000005.533, 145
Trd, 000006.250, 145
Trd, 000007.983, 139
Trd, 000008.050, 145
Trd, 000009.233, 145
Trd, 000009.867, 147
Trd, 000010.167, 148
Trd, 000010.250, 148
Trd, 000011.567, 149
Trd, 000011.883, 148
Trd, 000011.900, 144
Trd, 000012.783, 145
Trd, 000012.983, 145
Trd, 000013.300, 144
Trd, 000014.433, 156
Trd, 000015.100, 158
Trd, 000015.167, 156
Trd, 000017.883, 155
Trd, 000018.017, 154
Trd, 000019.267, 153
Trd, 000019.583, 165
Trd, 000021.317, 157
Trd, 000021.567, 157
Trd, 000022.217, 157
Trd, 000022.900, 158
Trd, 000024.917, 156
Trd, 000024.983, 154
Trd, 000026.267, 158
Trd, 000026.300, 158
Trd, 000026.417, 155
Trd, 000027.650, 158
Trd, 000028.450, 159
Trd, 000029.550, 162
Trd, 000030.483, 162
Trd, 000030.917, 162
Trd, 000032.017, 165
Trd, 000032.400, 161
Trd, 000032.733, 159
Trd, 000033.100, 154
Trd, 000035.717, 163
Trd, 000036.133, 160
Trd, 000037.017, 160
Trd, 000037.283, 161
Trd, 000037.467, 160
Trd, 000037.700, 155
Trd, 000039.350, 161
Trd, 000039.617, 158
Trd, 000039.633, 155
Trd, 000040.433, 151
Trd, 000040.867, 150
Trd, 000041.350, 151
Trd, 000042.417, 155
Trd, 000043.583, 151
Trd, 000044.517, 153
Trd, 000044.667, 152
Trd, 000044.917, 152
Trd, 000045.850, 155
Trd, 000045.983, 155
Trd, 000047.117, 156
Trd, 000047.317, 155
Trd, 000048.200, 156
Trd, 000048.817, 153
Trd, 000050.417, 152
Trd, 000050.583, 150
Trd, 000050.783, 149
Trd, 000051.650, 155
Trd, 000053.217, 154
Trd, 000053.250, 153
Trd, 000054.517, 153
Trd, 000054.650, 153
Trd, 000055.017, 154
Trd, 000055.517, 152
Trd, 000055.950, 154
Trd, 000057.350, 156
Trd, 000058.167, 155
Trd, 000058.300, 156
Trd, 000060.533, 156
Trd, 000061.183, 155
Trd, 000061.533, 154
Trd, 000062.433, 156
Trd, 000063.200, 158
Trd, 000063.517, 155
Trd, 000063.533, 154
Trd, 000063.650, 156
Trd, 000064.750, 156
Trd, 000064.817, 153
Trd, 000066.733, 157
Trd, 000066.967, 157
Trd, 000067.233, 156
Trd, 000067.583, 156
Trd, 000069.583, 159
Trd, 000069.733, 158
Trd, 000070.317, 160
Trd, 000071.017, 160
Trd, 000071.983, 157
Trd, 000072.500, 160
Trd, 000073.183, 159
Trd, 000073.433, 160
Trd, 000073.767, 160
Trd, 000074.200, 161
Trd, 000077.783, 164
Trd, 000078.517, 163
Trd, 000079.750, 165
Trd, 000080.333, 165
Trd, 000080.500, 167
Trd, 000080.783, 164
Trd, 000080.850, 164
Trd, 000081.150, 152
Trd, 000081.500, 145
Trd, 000081.733, 164
Trd, 000082.783, 147
Trd, 000083.183, 160
Trd, 000085.250, 152
Trd, 000086.583, 155
Trd, 000087.150, 155
Trd, 000088.383, 155
Trd, 000088.433, 152
Trd, 000090.300, 157
Trd, 000090.583, 157
Trd, 000090.683, 156
Trd, 000091.483, 157
Trd, 000091.800, 158
Trd, 000092.517, 159
Trd, 000094.317, 163
Trd, 000094.483, 162
Trd, 000095.100, 161
Trd, 000097.150, 160
Trd, 000097.800, 160
Trd, 000098.083, 159
Trd, 000098.217, 153
Trd, 000099.633, 159
Trd, 000100.367, 160
Trd, 000100.867, 159
Trd, 000100.967, 159
Trd, 000101.100, 158
Trd, 000101.267, 158
Trd, 000101.683, 155
Trd, 000102.250, 154
Trd, 000104.917, 158
Trd, 000105.767, 159
Trd, 000105.833, 159
Trd, 000106.450, 159
Trd, 000106.583, 160
Trd, 000107.533, 160
Trd, 000107.750, 159
Trd, 000107.867, 160
Trd, 000109.217, 161
Trd, 000110.050, 163
Trd, 000111.717, 163
Trd, 000111.933, 162
Trd, 000112.833, 160
Trd, 000113.650, 164
Trd, 000114.617, 159
Trd, 000114.783, 159
Trd, 000115.117, 157
Trd, 000115.683, 156
Trd, 000115.817, 156
Trd, 000117.650, 158
Trd, 000118.000, 158
Trd, 000118.167, 158
Trd, 000119.200, 159
Trd, 000119.283, 159
Trd, 000119.817, 161
Trd, 000121.367, 163
Trd, 000122.733, 162
Trd, 000122.750, 163
Trd, 000122.817, 171
Trd, 000123.200, 174
Trd, 000123.967, 187
Trd, 000124.017, 207
Trd, 000124.033, 208
Trd, 000124.217, 256
Trd, 000124.400, 280
Trd, 000125.083, 300
Trd, 000125.217, 327.0
Trd, 000128.900, 344.0
Trd, 000130.450, 344.0
Trd, 000131.317, 346.0
Trd, 000131.500, 344.0
Trd, 000132.033, 346
Trd, 000133.583, 348.0
Trd, 000135.000, 346
Trd, 000135.667, 346
Trd, 000137.467, 351
Trd, 000139.950, 352
Trd, 000140.817, 352
Trd, 000141.083, 351
Trd, 000141.467, 355
Trd, 000143.500, 353
Trd, 000144.467, 354.0
Trd, 000144.917, 353
Trd, 000145.550, 352
Trd, 000145.567, 352
Trd, 000147.600, 354
Trd, 000148.267, 355
Trd, 000148.417, 354
Trd, 000149.517, 356
Trd, 000150.350, 355
Trd, 000150.983, 351.0
Trd, 000151.300, 348
Trd, 000152.850, 350
Trd, 000153.550, 349
Trd, 000153.933, 344.0
Trd, 000154.983, 345
Trd, 000155.483, 344
Trd, 000155.733, 345
Trd, 000156.650, 348.0
Trd, 000157.133, 349
Trd, 000157.250, 349
Trd, 000157.967, 348
Trd, 000158.017, 344.0
Trd, 000158.683, 348
Trd, 000159.100, 346
Trd, 000160.017, 347
Trd, 000160.750, 348.0
Trd, 000161.017, 346
Trd, 000163.717, 349
Trd, 000164.067, 348
Trd, 000164.150, 347
Trd, 000165.550, 350
Trd, 000165.783, 349
Trd, 000166.117, 348
Trd, 000167.017, 352
Trd, 000167.367, 346.0
Trd, 000168.317, 347.0
Trd, 000170.683, 348.0
Trd, 000170.750, 346
Trd, 000171.050, 344.0
Trd, 000171.267, 343
Trd, 000171.850, 343
Trd, 000172.867, 337.0
Trd, 000173.450, 341
Trd, 000175.050, 340
Trd, 000175.283, 344.0
Trd, 000176.350, 343
Trd, 000176.533, 344
Trd, 000178.183, 343
Trd, 000178.583, 344
Trd, 000179.867, 343
Trd, 000180.333, 344.0
Trd, 000180.633, 344.0
Trd, 000181.667, 344.0
Trd, 000181.850, 335
Trd, 000182.050, 330
Trd, 000182.100, 329
Trd, 000182.150, 326
Trd, 000182.683, 303.0
Trd, 000183.583, 300.0
Trd, 000184.200, 291
Trd, 000184.583, 218
Trd, 000184.633, 172
Trd, 000184.783, 177
Trd, 000187.100, 173
Trd, 000187.117, 175
Trd, 000188.367, 176
Trd, 000189.583, 181
Trd, 000190.183, 181
Trd, 000190.433, 183
Trd, 000191.433, 182
Trd, 000191.767, 181
Trd, 000191.833, 179
Trd, 000191.933, 170
Trd, 000191.950, 163
Trd, 000194.367, 171
Trd, 000194.700, 176
Trd, 000196.083, 174
Trd, 000196.367, 174
Trd, 000196.717, 176
Trd, 000197.867, 174
Trd, 000198.267, 173
Trd, 000199.567, 176
Trd, 000200.950, 175
Trd, 000201.050, 174
Trd, 000201.133, 174
Trd, 000201.300, 174
Trd, 000202.867, 172
Trd, 000204.183, 173
Trd, 000204.483, 175
Trd, 000205.367, 172
Trd, 000205.750, 172
Trd, 000207.200, 171
Trd, 000208.267, 173
Trd, 000209.067, 173
Trd, 000209.317, 172
Trd, 000209.583, 173
Trd, 000209.850, 175
Trd, 000210.767, 175
Trd, 000211.033, 174
Trd, 000212.483, 174
Trd, 000215.000, 173
Trd, 000215.017, 172
Trd, 000216.000, 172
Trd, 000217.083, 171
Trd, 000219.567, 173
Trd, 000220.267, 173
Trd, 000220.350, 170
Trd, 000222.050, 170
Trd, 000222.083, 172
Trd, 000223.883, 168
Trd, 000225.083, 167
Trd, 000225.800, 166
Trd, 000226.483, 167
Trd, 000226.550, 168
Trd, 000226.900, 167
Trd, 000227.333, 167
Trd, 000227.783, 166
Trd, 000228.400, 169
Trd, 000228.517, 170
Trd, 000229.000, 170
Trd, 000229.683, 172
Trd, 000231.983, 175
Trd, 000232.017, 174
Trd, 000232.350, 179
Trd, 000233.150, 175
Trd, 000233.167, 173
Trd, 000235.450, 176
Trd, 000235.983, 176
Trd, 000237.000, 176
Trd, 000237.950, 186
Trd, 000238.483, 175
Trd, 000239.150, 189
Trd, 000240.333, 180
Trd, 000240.350, 181
Trd, 000240.750, 183
Trd, 000241.233, 184
Trd, 000241.517, 183
Trd, 000242.050, 183
Trd, 000242.367, 182
Trd, 000243.233, 184
Trd, 000243.783, 181
Trd, 000244.200, 184
Trd, 000244.900, 182
Trd, 000244.933, 181
Trd, 000245.533, 175
Trd, 000245.917, 172
Trd, 000246.300, 183
Trd, 000246.467, 176
Trd, 000246.767, 170
Trd, 000247.683, 174
Trd, 000247.917, 174
Trd, 000248.150, 177
Trd, 000248.817, 179
Trd, 000249.917, 178
Trd, 000249.967, 180
Trd, 000250.017, 180
Trd, 000251.067, 178
Trd, 000251.267, 180
Trd, 000251.783, 177
Trd, 000251.800, 176
Trd, 000252.667, 179
Trd, 000252.950, 177
Trd, 000252.983, 179
Trd, 000253.483, 177
Trd, 000253.567, 176
Trd, 000253.800, 172
Trd, 000255.300, 177
Trd, 000255.667, 176
Trd, 000256.133, 174
Trd, 000256.317, 173
Trd, 000257.367, 176
Trd, 000257.433, 175
Trd, 000257.633, 176
Trd, 000258.050, 174
Trd, 000258.167, 173
Trd, 000259.117, 172
Trd, 000260.283, 176
Trd, 000260.350, 175
Trd, 000261.783, 174
Trd, 000261.900, 175
Trd, 000262.083, 174
Trd, 000262.633, 174
Trd, 000263.267, 173
Trd, 000263.783, 175
Trd, 000263.917, 176
Trd, 000264.617, 175
Trd, 000264.633, 177
Trd, 000265.100, 179
Trd, 000265.567, 180
Trd, 000265.633, 179
Trd, 000265.933, 180
Trd, 000266.967, 181
Trd, 000267.167, 183
Trd, 000267.300, 179
Trd, 000267.550, 180
Trd, 000267.967, 180
Trd, 000268.950, 189
Trd, 000269.683, 180
Trd, 000269.883, 180
Trd, 000270.117, 183
Trd, 000270.150, 185
Trd, 000271.617, 185
Trd, 000271.950, 182
Trd, 000272.767, 187
Trd, 000273.000, 189
Trd, 000274.017, 183
Trd, 000274.383, 186
Trd, 000275.417, 186
Trd, 000275.717, 187
Trd, 000276.283, 189
Trd, 000276.900, 186
Trd, 000277.100, 184
Trd, 000277.167, 182
Trd, 000278.233, 186
Trd, 000278.433, 187
Trd, 000278.483, 181
Trd, 000279.067, 182
Trd, 000279.100, 178
Trd, 000281.100, 180
Trd, 000281.650, 181
Trd, 000281.667, 182
Trd, 000281.833, 180
Trd, 000282.133, 180
Trd, 000282.450, 179
Trd, 000282.567, 176
Trd, 000284.017, 175
Trd, 000284.217, 180
Trd, 000285.050, 180
Trd, 000285.233, 179
Trd, 000286.000, 180
Trd, 000286.950, 183
Trd, 000287.300, 183
Trd, 000287.433, 186
Trd, 000287.767, 180
Trd, 000287.983, 172
Trd, 000288.933, 178
Trd, 000289.433, 179
Trd, 000290.950, 178
Trd, 000291.133, 179
Trd, 000291.350, 180
Trd, 000291.650, 177
Trd, 000292.833, 177
Trd, 000293.067, 178
Trd, 000293.183, 180
Trd, 000293.900, 178
Trd, 000294.217, 180
Trd, 000294.417, 178
Trd, 000294.900, 177
Trd, 000296.750, 179
Trd, 000296.883, 178
Trd, 000297.100, 179
Trd, 000297.250, 180
Trd, 000297.350, 194
Trd, 000298.133, 198
Trd, 000298.333, 179
Trd, 000298.733, 178
Trd, 000299.383, 189
Trd, 000299.917, 190
