Trd, 000002.183, 170
Trd, 000002.933, 175
Trd, 000002.950, 168
Trd, 000003.283, 170
Trd, 000004.450, 172
Trd, 000004.533, 159
Trd, 000005.767, 159
Trd, 000006.083, 158
Trd, 000007.267, 161
Trd, 000007.467, 165
Trd, 000007.650, 167
Trd, 000008.467, 165
Trd, 000008.600, 166
Trd, 000010.217, 163
Trd, 000011.450, 165
Trd, 000012.467, 164
Trd, 000012.633, 165
Trd, 000013.183, 165
Trd, 000013.433, 164
Trd, 000014.183, 173
Trd, 000014.217, 163
Trd, 000014.350, 168
Trd, 000015.683, 163
Trd, 000015.750, 159
Trd, 000017.050, 157
Trd, 000017.317, 153
Trd, 000017.933, 156
Trd, 000018.017, 156
Trd, 000019.567, 155
Trd, 000019.967, 157
Trd, 000020.100, 158
Trd, 000020.517, 157
Trd, 000020.750, 152
Trd, 000020.967, 159
Trd, 000021.933, 161
Trd, 000022.383, 164
Trd, 000023.217, 156
Trd, 000023.600, 153
Trd, 000023.767, 160
Trd, 000024.500, 153
Trd, 000024.950, 156
Trd, 000025.200, 157
Trd, 000025.750, 173
Trd, 000027.317, 172
Trd, 000027.367, 175
Trd, 000027.533, 172
Trd, 000027.867, 173
Trd, 000028.917, 172
Trd, 000028.950, 176
Trd, 000030.100, 174
Trd, 000030.217, 173
Trd, 000031.933, 173
Trd, 000032.433, 173
Trd, 000032.567, 171
Trd, 000032.767, 174
Trd, 000032.817, 165
Trd, 000033.900, 175
Trd, 000035.050, 165
Trd, 000035.817, 171
Trd, 000035.850, 174
Trd, 000036.033, 175
Trd, 000036.133, 177
Trd, 000036.483, 172
Trd, 000037.983, 172
Trd, 000038.400, 176
Trd, 000039.533, 175
Trd, 000039.950, 171
Trd, 000040.150, 175
Trd, 000040.333, 162
Trd, 000040.400, 176
Trd, 000041.367, 176
Trd, 000041.683, 167
Trd, 000042.600, 176
Trd, 000043.117, 171
Trd, 000044.417, 172
Trd, 000044.667, 172
Trd, 000046.100, 171
Trd, 000046.700, 175
Trd, 000047.183, 171
Trd, 000047.833, 173
Trd, 000049.133, 175
Trd, 000049.433, 171
Trd, 000049.983, 164
Trd, 000050.417, 169
Trd, 000051.250, 172
Trd, 000051.700, 169
Trd, 000052.350, 171
Trd, 000052.917, 164
Trd, 000053.500, 170
Trd, 000053.917, 163
Trd, 000054.867, 173
Trd, 000054.983, 164
Trd, 000055.433, 173
Trd, 000056.383, 172
Trd, 000057.133, 172
Trd, 000058.283, 174
Trd, 000058.983, 174
Trd, 000059.883, 173
Trd, 000060.850, 171
Trd, 000061.017, 168
Trd, 000061.900, 172
Trd, 000062.367, 172
Trd, 000062.800, 166
Trd, 000064.083, 170
Trd, 000065.417, 166
Trd, 000067.417, 165
Trd, 000067.433, 164
Trd, 000068.100, 169
Trd, 000068.317, 169
Trd, 000068.583, 170
Trd, 000068.967, 165
Trd, 000069.450, 166
Trd, 000069.850, 167
Trd, 000072.100, 165
Trd, 000072.250, 166
Trd, 000073.000, 167
Trd, 000073.850, 163
Trd, 000074.233, 166
Trd, 000074.600, 167
Trd, 000074.817, 175
Trd, 000075.183, 179
Trd, 000076.317, 171
Trd, 000076.700, 171
Trd, 000077.333, 170
Trd, 000077.383, 172
Trd, 000078.433, 173
Trd, 000078.533, 172
Trd, 000079.167, 183
Trd, 000079.517, 176
Trd, 000079.533, 170
Trd, 000080.617, 170
Trd, 000080.683, 177
Trd, 000081.267, 178
Trd, 000082.200, 180
Trd, 000083.450, 175
Trd, 000083.783, 176
Trd, 000083.867, 176
Trd, 000084.100, 177
Trd, 000084.533, 178
Trd, 000085.267, 180
Trd, 000086.683, 180
Trd, 000086.800, 181
Trd, 000087.267, 181
Trd, 000087.400, 177
Trd, 000088.133, 170
Trd, 000088.717, 171
Trd, 000088.850, 177
Trd, 000090.067, 171
Trd, 000090.633, 175
Trd, 000090.767, 174
Trd, 000091.100, 170
Trd, 000091.367, 167
Trd, 000091.700, 173
Trd, 000092.750, 169
Trd, 000092.850, 171
Trd, 000092.900, 173
Trd, 000093.217, 173
Trd, 000093.333, 181
Trd, 000094.650, 169
Trd, 000095.767, 183
Trd, 000096.967, 178
Trd, 000099.600, 178
Trd, 000099.700, 177
Trd, 000100.800, 178
Trd, 000100.867, 176
Trd, 000101.200, 174
Trd, 000101.417, 161
Trd, 000101.750, 172
Trd, 000103.667, 171
Trd, 000104.467, 171
Trd, 000104.917, 170
Trd, 000104.950, 168
Trd, 000104.983, 171
Trd, 000106.167, 171
Trd, 000106.183, 172
Trd, 000106.217, 172
Trd, 000106.367, 176
Trd, 000106.517, 168
Trd, 000107.667, 175
Trd, 000108.283, 177
Trd, 000109.000, 178
Trd, 000110.033, 180
Trd, 000110.283, 179
Trd, 000110.983, 179
Trd, 000111.083, 178
Trd, 000111.350, 180
Trd, 000112.300, 179
Trd, 000113.083, 178
Trd, 000113.617, 175
Trd, 000114.917, 172
Trd, 000115.417, 173
Trd, 000115.517, 174
Trd, 000115.550, 175
Trd, 000116.017, 174
Trd, 000116.050, 176
Trd, 000116.733, 174
Trd, 000117.700, 175
Trd, 000117.733, 169
Trd, 000117.983, 176
Trd, 000118.000, 162
Trd, 000120.050, 174
Trd, 000120.217, 169
Trd, 000121.183, 174
Trd, 000122.100, 174
Trd, 000122.650, 173
Trd, 000122.783, 175
Trd, 000122.967, 184
Trd, 000123.217, 191
Trd, 000123.300, 201
Trd, 000123.433, 208
Trd, 000123.550, 212
Trd, 000123.800, 231
Trd, 000124.083, 273
Trd, 000125.033, 270
Trd, 000125.183, 300.0
Trd, 000125.250, 329
Trd, 000126.283, 324
Trd, 000126.333, 326
Trd, 000126.667, 331.0
Trd, 000127.317, 349.0
Trd, 000127.717, 351.0
Trd, 000128.300, 349
Trd, 000128.400, 342.0
Trd, 000128.600, 350
Trd, 000128.967, 341.0
Trd, 000129.733, 356
Trd, 000130.633, 351
Trd, 000131.317, 353.0
Trd, 000131.367, 351.0
Trd, 000131.900, 354
Trd, 000132.033, 355
Trd, 000133.400, 360
Trd, 000134.233, 353
Trd, 000134.483, 365
Trd, 000134.550, 351.0
Trd, 000134.867, 345
Trd, 000137.567, 359
Trd, 000138.017, 353
Trd, 000138.100, 351
Trd, 000138.317, 358
Trd, 000139.400, 356
Trd, 000139.717, 356
Trd, 000140.917, 358
Trd, 000141.017, 351.0
Trd, 000141.467, 351.0
Trd, 000141.750, 349
Trd, 000142.250, 355
Trd, 000143.400, 360
Trd, 000143.733, 358
Trd, 000144.867, 351.0
Trd, 000144.883, 349
Trd, 000145.833, 360
Trd, 000147.950, 352
Trd, 000148.117, 356
Trd, 000148.400, 359
Trd, 000148.800, 362
Trd, 000149.683, 372.0
Trd, 000150.267, 363
Trd, 000150.600, 359.0
Trd, 000150.633, 358.0
Trd, 000152.383, 368.0
Trd, 000153.433, 366
Trd, 000153.600, 367
Trd, 000154.117, 362.0
Trd, 000154.633, 360
Trd, 000154.800, 363
Trd, 000154.933, 358
Trd, 000155.067, 358.0
Trd, 000155.550, 363
Trd, 000156.683, 352.0
Trd, 000156.733, 363
Trd, 000157.550, 360
Trd, 000158.767, 357
Trd, 000158.917, 352.0
Trd, 000160.433, 354
Trd, 000160.767, 351.0
Trd, 000161.017, 358
Trd, 000161.550, 360
Trd, 000163.050, 358
Trd, 000163.583, 362
Trd, 000163.983, 363
Trd, 000164.350, 353
Trd, 000164.817, 362
Trd, 000165.100, 363
Trd, 000165.433, 359.0
Trd, 000166.033, 358.0
Trd, 000166.183, 355
Trd, 000166.833, 358
Trd, 000166.917, 359
Trd, 000168.017, 361
Trd, 000169.133, 359
Trd, 000169.467, 361
Trd, 000170.717, 362
Trd, 000171.100, 360
Trd, 000171.400, 358
Trd, 000171.917, 358.0
Trd, 000172.033, 351.0
Trd, 000172.833, 358
Trd, 000173.217, 357
Trd, 000174.867, 358
Trd, 000175.000, 351.0
Trd, 000175.033, 344
Trd, 000175.067, 359
Trd, 000175.367, 364
Trd, 000175.467, 365
Trd, 000177.033, 352
Trd, 000177.117, 350
Trd, 000177.133, 346
Trd, 000178.300, 347
Trd, 000179.283, 344
Trd, 000179.667, 349.0
Trd, 000179.767, 351.0
Trd, 000181.033, 354
Trd, 000181.683, 362
Trd, 000182.200, 351.0
Trd, 000182.233, 347
Trd, 000182.800, 341.0
Trd, 000182.917, 307
Trd, 000183.367, 282
Trd, 000183.817, 286
Trd, 000184.317, 204
Trd, 000184.683, 205
Trd, 000185.217, 197
Trd, 000185.633, 203
Trd, 000185.817, 191
Trd, 000186.100, 191
Trd, 000186.217, 186
Trd, 000186.600, 201
Trd, 000186.667, 207
Trd, 000187.800, 178
Trd, 000189.117, 194
Trd, 000190.250, 191
Trd, 000190.617, 191
Trd, 000191.017, 189
Trd, 000192.000, 189
Trd, 000192.017, 191
Trd, 000192.033, 194
Trd, 000192.383, 187
Trd, 000192.417, 177
Trd, 000192.567, 194
Trd, 000193.350, 171
Trd, 000193.750, 185
Trd, 000195.733, 178
Trd, 000196.500, 182
Trd, 000196.783, 181
Trd, 000197.150, 176
Trd, 000199.067, 180
Trd, 000199.367, 178
Trd, 000199.550, 175
Trd, 000199.867, 174
Trd, 000200.200, 179
Trd, 000200.417, 179
Trd, 000200.817, 172
Trd, 000201.000, 171
Trd, 000202.900, 173
Trd, 000203.800, 173
Trd, 000203.850, 165
Trd, 000205.000, 172
Trd, 000205.183, 173
Trd, 000205.717, 174
Trd, 000206.283, 174
Trd, 000206.750, 171
Trd, 000207.150, 192
Trd, 000208.067, 178
Trd, 000208.533, 180
Trd, 000208.650, 180
Trd, 000210.267, 180
Trd, 000210.550, 181
Trd, 000211.067, 181
Trd, 000211.483, 181
Trd, 000211.633, 180
Trd, 000212.000, 180
Trd, 000213.667, 181
Trd, 000214.767, 179
Trd, 000214.850, 181
Trd, 000215.633, 166
Trd, 000215.817, 172
Trd, 000216.467, 173
Trd, 000217.217, 173
Trd, 000217.300, 173
Trd, 000217.367, 174
Trd, 000218.450, 175
Trd, 000218.867, 183
Trd, 000219.150, 194
Trd, 000221.000, 183
Trd, 000221.400, 184
Trd, 000221.483, 188
Trd, 000222.150, 197
Trd, 000222.650, 182
Trd, 000223.133, 183
Trd, 000223.400, 194
Trd, 000223.633, 196
Trd, 000224.333, 194
Trd, 000224.683, 173
Trd, 000225.067, 174
Trd, 000225.483, 166
Trd, 000226.950, 183
Trd, 000227.000, 186
Trd, 000227.733, 191
Trd, 000228.000, 190
Trd, 000228.383, 185
Trd, 000229.567, 186
Trd, 000229.950, 188
Trd, 000230.600, 188
Trd, 000231.167, 188
Trd, 000231.500, 186
Trd, 000231.517, 185
Trd, 000232.150, 198
Trd, 000233.383, 186
Trd, 000233.600, 188
Trd, 000233.650, 189
Trd, 000233.667, 190
Trd, 000235.800, 191
Trd, 000236.817, 190
Trd, 000238.383, 190
Trd, 000238.850, 190
Trd, 000238.883, 187
Trd, 000239.500, 186
Trd, 000239.550, 190
Trd, 000239.883, 185
Trd, 000240.033, 182
Trd, 000241.050, 184
Trd, 000241.533, 183
Trd, 000241.633, 187
Trd, 000241.717, 180
Trd, 000241.900, 188
Trd, 000242.350, 188
Trd, 000242.467, 179
Trd, 000243.917, 178
Trd, 000245.417, 176
Trd, 000245.583, 177
Trd, 000245.783, 173
Trd, 000246.000, 176
Trd, 000246.450, 173
Trd, 000246.983, 180
Trd, 000247.050, 180
Trd, 000247.933, 172
Trd, 000248.167, 181
Trd, 000248.450, 170
Trd, 000248.900, 175
Trd, 000249.267, 174
Trd, 000249.533, 176
Trd, 000250.750, 177
Trd, 000250.767, 197
Trd, 000251.967, 182
Trd, 000252.333, 182
Trd, 000252.867, 187
Trd, 000253.067, 200
Trd, 000254.550, 183
Trd, 000254.617, 180
Trd, 000255.283, 183
Trd, 000255.933, 183
Trd, 000256.117, 181
Trd, 000256.317, 182
Trd, 000256.767, 185
Trd, 000256.833, 181
Trd, 000257.033, 180
Trd, 000257.433, 177
Trd, 000257.850, 176
Trd, 000258.417, 180
Trd, 000258.867, 170
Trd, 000259.050, 174
Trd, 000259.617, 173
Trd, 000259.933, 173
Trd, 000260.467, 172
Trd, 000260.533, 174
Trd, 000261.500, 175
Trd, 000261.600, 176
Trd, 000261.633, 179
Trd, 000261.800, 180
Trd, 000263.533, 187
Trd, 000263.867, 188
Trd, 000264.483, 187
Trd, 000264.850, 187
Trd, 000265.700, 181
Trd, 000266.150, 184
Trd, 000266.200, 185
Trd, 000266.317, 186
Trd, 000266.733, 189
Trd, 000267.283, 186
Trd, 000267.617, 186
Trd, 000269.000, 190
Trd, 000269.450, 186
Trd, 000269.783, 186
Trd, 000269.833, 189
Trd, 000270.217, 186
Trd, 000270.767, 185
Trd, 000270.800, 187
Trd, 000271.150, 183
Trd, 000271.183, 188
Trd, 000271.983, 181
Trd, 000273.183, 179
Trd, 000273.317, 180
Trd, 000273.667, 182
Trd, 000273.950, 178
Trd, 000274.767, 179
Trd, 000274.833, 176
Trd, 000275.033, 176
Trd, 000275.067, 175
Trd, 000275.283, 182
Trd, 000275.667, 175
Trd, 000276.633, 185
Trd, 000277.317, 177
Trd, 000277.567, 183
Trd, 000277.817, 184
Trd, 000277.850, 191
Trd, 000280.083, 179
Trd, 000280.183, 183
Trd, 000280.750, 182
Trd, 000280.983, 181
Trd, 000281.017, 183
Trd, 000281.167, 180
Trd, 000281.200, 200
Trd, 000282.000, 183
Trd, 000282.217, 188
Trd, 000282.533, 188
Trd, 000282.583, 179
Trd, 000282.667, 176
Trd, 000283.750, 186
Trd, 000284.150, 186
Trd, 000284.200, 181
Trd, 000285.700, 191
Trd, 000286.967, 191
Trd, 000287.167, 191
Trd, 000287.300, 192
Trd, 000287.333, 184
Trd, 000287.667, 185
Trd, 000288.150, 196
Trd, 000288.367, 197
Trd, 000288.533, 187
Trd, 000289.800, 187
Trd, 000290.183, 186
Trd, 000290.217, 197
Trd, 000290.500, 187
Trd, 000291.367, 187
Trd, 000291.767, 184
Trd, 000292.183, 177
Trd, 000293.117, 179
Trd, 000293.267, 180
Trd, 000293.367, 187
Trd, 000293.783, 185
Trd, 000294.367, 181
Trd, 000294.450, 180
Trd, 000295.183, 184
Trd, 000295.217, 186
Trd, 000295.233, 179
Trd, 000296.267, 189
Trd, 000296.750, 192
Trd, 000296.867, 185
Trd, 000297.750, 179
Trd, 000298.133, 186
Trd, 000299.100, 181
Trd, 000299.733, 179
Trd, 000299.900, 186
