Trd, 000001.300, 134
Trd, 000002.050, 118
Trd, 000003.367, 147
Trd, 000004.367, 151
Trd, 000004.467, 159
Trd, 000005.817, 156
Trd, 000006.050, 151
Trd, 000006.117, 161
Trd, 000006.217, 150
Trd, 000006.450, 142
Trd, 000008.217, 160
Trd, 000008.733, 159
Trd, 000009.300, 158
Trd, 000009.800, 158
Trd, 000009.833, 159
Trd, 000010.000, 157
Trd, 000011.017, 151
Trd, 000012.950, 149
Trd, 000013.850, 150
Trd, 000013.867, 149
Trd, 000015.000, 150
Trd, 000015.017, 149
Trd, 000015.033, 151
Trd, 000015.067, 148
Trd, 000015.717, 148
Trd, 000016.350, 145
Trd, 000016.483, 152
Trd, 000016.550, 153
Trd, 000017.750, 164
Trd, 000017.883, 161
Trd, 000019.250, 149
Trd, 000019.983, 152
Trd, 000021.600, 153
Trd, 000021.900, 150
Trd, 000021.917, 136
Trd, 000022.117, 157
Trd, 000024.000, 157
Trd, 000024.717, 150
Trd, 000024.850, 155
Trd, 000025.950, 153
Trd, 000026.033, 151
Trd, 000026.467, 153
Trd, 000026.533, 154
Trd, 000027.833, 154
Trd, 000028.150, 153
Trd, 000029.550, 154
Trd, 000030.450, 154
Trd, 000031.083, 153
Trd, 000032.167, 156
Trd, 000032.667, 156
Trd, 000033.200, 156
Trd, 000033.667, 158
Trd, 000035.050, 155
Trd, 000036.950, 156
Trd, 000037.300, 156
Trd, 000037.583, 155
Trd, 000038.483, 151
Trd, 000038.850, 153
Trd, 000039.033, 156
Trd, 000040.933, 147
Trd, 000041.417, 149
Trd, 000041.550, 153
Trd, 000042.983, 140
Trd, 000044.233, 147
Trd, 000044.333, 138
Trd, 000044.767, 147
Trd, 000044.867, 155
Trd, 000045.667, 160
Trd, 000046.100, 162
Trd, 000046.133, 159
Trd, 000047.317, 147
Trd, 000047.933, 164
Trd, 000047.950, 165
Trd, 000048.483, 145
Trd, 000049.333, 163
Trd, 000051.550, 162
Trd, 000051.567, 161
Trd, 000051.633, 157
Trd, 000051.900, 162
Trd, 000054.000, 161
Trd, 000054.083, 162
Trd, 000054.550, 157
Trd, 000056.450, 161
Trd, 000056.550, 160
Trd, 000057.083, 157
Trd, 000057.567, 152
Trd, 000057.667, 163
Trd, 000059.050, 154
Trd, 000060.033, 156
Trd, 000060.900, 155
Trd, 000061.300, 156
Trd, 000061.500, 156
Trd, 000062.733, 156
Trd, 000062.900, 156
Trd, 000063.117, 164
Trd, 000063.183, 155
Trd, 000063.950, 166
Trd, 000065.267, 154
Trd, 000065.383, 166
Trd, 000065.483, 142
Trd, 000065.667, 153
Trd, 000066.150, 141
Trd, 000067.933, 151
Trd, 000068.150, 149
Trd, 000068.533, 152
Trd, 000069.017, 159
Trd, 000069.917, 158
Trd, 000070.167, 158
Trd, 000070.817, 163
Trd, 000071.150, 162
Trd, 000071.400, 160
Trd, 000072.633, 162
Trd, 000072.967, 162
Trd, 000073.517, 161
Trd, 000073.733, 152
Trd, 000074.017, 154
Trd, 000074.217, 161
Trd, 000075.017, 162
Trd, 000075.100, 165
Trd, 000077.350, 156
Trd, 000078.067, 155
Trd, 000078.150, 163
Trd, 000078.900, 152
Trd, 000079.600, 152
Trd, 000079.783, 154
Trd, 000079.933, 158
Trd, 000079.950, 151
Trd, 000080.833, 153
Trd, 000080.983, 151
Trd, 000082.000, 144
Trd, 000082.100, 150
Trd, 000082.317, 165
Trd, 000084.117, 160
Trd, 000084.983, 151
Trd, 000085.333, 156
Trd, 000085.950, 154
Trd, 000086.050, 159
Trd, 000087.300, 157
Trd, 000087.600, 157
Trd, 000088.200, 157
Trd, 000088.317, 153
Trd, 000088.800, 153
Trd, 000089.083, 151
Trd, 000089.733, 154
Trd, 000090.933, 156
Trd, 000091.567, 156
Trd, 000092.383, 159
Trd, 000092.550, 160
Trd, 000093.300, 167
Trd, 000094.833, 167
Trd, 000094.850, 166
Trd, 000095.417, 167
Trd, 000095.550, 164
Trd, 000095.583, 163
Trd, 000096.833, 170
Trd, 000099.217, 170
Trd, 000099.883, 163
Trd, 000099.967, 156
Trd, 000100.250, 156
Trd, 000100.467, 155
Trd, 000100.550, 167
Trd, 000101.817, 169
Trd, 000102.867, 162
Trd, 000104.033, 161
Trd, 000104.333, 160
Trd, 000105.033, 163
Trd, 000105.167, 159
Trd, 000106.417, 158
Trd, 000106.467, 165
Trd, 000107.600, 165
Trd, 000107.733, 162
Trd, 000108.833, 169
Trd, 000108.983, 161
Trd, 000110.833, 157
Trd, 000111.783, 166
Trd, 000111.900, 157
Trd, 000112.083, 154
Trd, 000112.317, 165
Trd, 000113.050, 165
Trd, 000113.417, 157
Trd, 000114.067, 158
Trd, 000115.017, 158
Trd, 000115.267, 158
Trd, 000116.033, 159
Trd, 000117.067, 155
Trd, 000118.033, 155
Trd, 000118.367, 157
Trd, 000118.600, 152
Trd, 000119.433, 154
Trd, 000120.833, 150
Trd, 000120.933, 156
Trd, 000122.267, 156
Trd, 000122.300, 157
Trd, 000122.767, 163
Trd, 000123.317, 170
Trd, 000123.550, 194
Trd, 000123.567, 215
Trd, 000123.650, 199
Trd, 000123.800, 303.0
Trd, 000124.133, 306.0
Trd, 000124.567, 334.0
Trd, 000124.833, 255
Trd, 000125.500, 324.0
Trd, 000126.933, 337
Trd, 000127.300, 337
Trd, 000128.050, 344.0
Trd, 000129.383, 337
Trd, 000130.067, 352.0
Trd, 000130.167, 339
Trd, 000130.983, 338
Trd, 000131.900, 339
Trd, 000132.383, 347
Trd, 000133.100, 351.0
Trd, 000134.200, 350
Trd, 000134.467, 343
Trd, 000135.367, 345
Trd, 000135.933, 345
Trd, 000136.683, 348
Trd, 000137.200, 347
Trd, 000137.733, 345
Trd, 000138.200, 345
Trd, 000138.900, 343
Trd, 000140.033, 341
Trd, 000140.483, 341
Trd, 000141.533, 342
Trd, 000143.567, 344
Trd, 000143.800, 343
Trd, 000143.817, 342
Trd, 000144.683, 344
Trd, 000144.850, 344.0
Trd, 000145.000, 346
Trd, 000146.917, 347
Trd, 000146.967, 348
Trd, 000147.517, 346
Trd, 000147.633, 344
Trd, 000147.817, 343
Trd, 000148.067, 336
Trd, 000148.733, 346
Trd, 000149.050, 335.0
Trd, 000150.650, 337
Trd, 000151.233, 342
Trd, 000152.617, 342
Trd, 000152.750, 343
Trd, 000153.100, 340
Trd, 000154.867, 341
Trd, 000155.217, 341
Trd, 000155.750, 344.0
Trd, 000155.950, 340
Trd, 000156.083, 348
Trd, 000156.200, 350.0
Trd, 000156.767, 340
Trd, 000157.083, 339
Trd, 000157.100, 338
Trd, 000159.867, 347
Trd, 000160.100, 349.0
Trd, 000161.700, 340
Trd, 000162.133, 338
Trd, 000162.350, 336
Trd, 000163.267, 344
Trd, 000163.700, 337
Trd, 000164.033, 343
Trd, 000164.083, 344
Trd, 000165.117, 336
Trd, 000166.267, 345
Trd, 000166.883, 339.0
Trd, 000167.083, 345
Trd, 000167.950, 342.0
Trd, 000168.283, 341.0
Trd, 000169.550, 345.0
Trd, 000170.100, 347.0
Trd, 000171.117, 346.0
Trd, 000172.717, 347
Trd, 000173.167, 344
Trd, 000174.783, 344
Trd, 000175.000, 348
Trd, 000177.433, 346
Trd, 000177.883, 347
Trd, 000178.050, 348.0
Trd, 000178.700, 349
Trd, 000180.517, 346
Trd, 000181.167, 345
Trd, 000181.433, 343
Trd, 000181.683, 348.0
Trd, 000182.033, 337
Trd, 000182.583, 340
Trd, 000183.150, 334.0
Trd, 000183.583, 326
Trd, 000183.883, 313.0
Trd, 000184.667, 209
Trd, 000184.900, 160
Trd, 000185.017, 154
Trd, 000185.367, 190
Trd, 000186.483, 159
Trd, 000186.750, 161
Trd, 000187.317, 162
Trd, 000188.017, 160
Trd, 000188.650, 160
Trd, 000188.917, 164
Trd, 000189.567, 159
Trd, 000189.667, 174
Trd, 000190.417, 177
Trd, 000191.967, 163
Trd, 000193.350, 163
Trd, 000194.083, 162
Trd, 000194.317, 162
Trd, 000194.450, 167
Trd, 000195.200, 165
Trd, 000196.150, 169
Trd, 000196.250, 170
Trd, 000196.383, 166
Trd, 000197.283, 166
Trd, 000197.467, 163
Trd, 000198.433, 179
Trd, 000198.633, 162
Trd, 000199.483, 180
Trd, 000199.517, 155
Trd, 000200.267, 175
Trd, 000203.267, 165
Trd, 000203.517, 162
Trd, 000204.133, 162
Trd, 000205.467, 164
Trd, 000205.783, 162
Trd, 000206.017, 165
Trd, 000206.450, 165
Trd, 000206.917, 167
Trd, 000207.000, 167
Trd, 000207.367, 169
Trd, 000207.517, 168
Trd, 000207.617, 171
Trd, 000207.633, 179
Trd, 000208.483, 164
Trd, 000210.417, 164
Trd, 000211.300, 166
Trd, 000211.800, 171
Trd, 000211.817, 172
Trd, 000212.683, 169
Trd, 000212.817, 169
Trd, 000213.150, 171
Trd, 000213.967, 171
Trd, 000214.517, 172
Trd, 000214.583, 159
Trd, 000217.550, 169
Trd, 000218.400, 168
Trd, 000218.850, 169
Trd, 000218.867, 161
Trd, 000219.000, 159
Trd, 000220.583, 170
Trd, 000221.117, 168
Trd, 000222.450, 169
Trd, 000224.250, 171
Trd, 000224.600, 171
Trd, 000225.533, 173
Trd, 000225.683, 170
Trd, 000226.433, 165
Trd, 000226.600, 174
Trd, 000227.350, 175
Trd, 000227.550, 174
Trd, 000227.933, 169
Trd, 000227.950, 179
Trd, 000230.383, 178
Trd, 000231.333, 169
Trd, 000232.783, 176
Trd, 000233.033, 175
Trd, 000233.917, 175
Trd, 000234.517, 176
Trd, 000234.600, 171
Trd, 000234.800, 170
Trd, 000235.200, 176
Trd, 000235.650, 169
Trd, 000236.750, 177
Trd, 000237.433, 168
Trd, 000238.850, 171
Trd, 000239.083, 167
Trd, 000239.750, 160
Trd, 000240.200, 171
Trd, 000240.450, 168
Trd, 000240.717, 167
Trd, 000241.000, 169
Trd, 000241.017, 170
Trd, 000241.183, 166
Trd, 000241.250, 168
Trd, 000241.500, 165
Trd, 000241.883, 169
Trd, 000242.217, 170
Trd, 000242.967, 170
Trd, 000243.000, 172
Trd, 000244.000, 169
Trd, 000244.083, 172
Trd, 000244.683, 169
Trd, 000244.900, 175
Trd, 000245.417, 168
Trd, 000248.333, 174
Trd, 000248.400, 170
Trd, 000248.583, 176
Trd, 000248.600, 176
Trd, 000250.150, 172
Trd, 000250.283, 170
Trd, 000250.550, 169
Trd, 000251.000, 168
Trd, 000251.083, 172
Trd, 000251.333, 167
Trd, 000251.717, 176
Trd, 000252.383, 173
Trd, 000253.717, 174
Trd, 000254.017, 174
Trd, 000254.200, 174
Trd, 000255.067, 173
Trd, 000255.300, 171
Trd, 000256.250, 171
Trd, 000256.300, 171
Trd, 000256.933, 172
Trd, 000257.417, 170
Trd, 000257.483, 169
Trd, 000258.250, 170
Trd, 000258.333, 172
Trd, 000259.083, 172
Trd, 000259.233, 173
Trd, 000259.700, 172
Trd, 000259.767, 171
Trd, 000260.083, 173
Trd, 000260.550, 174
Trd, 000260.633, 177
Trd, 000260.800, 169
Trd, 000260.983, 167
Trd, 000261.050, 162
Trd, 000261.283, 160
Trd, 000261.950, 159
Trd, 000262.667, 163
Trd, 000263.783, 161
Trd, 000264.267, 167
Trd, 000264.400, 167
Trd, 000265.333, 169
Trd, 000265.400, 174
Trd, 000265.633, 173
Trd, 000266.217, 175
Trd, 000266.233, 173
Trd, 000266.733, 161
Trd, 000268.450, 181
Trd, 000268.467, 171
Trd, 000269.800, 179
Trd, 000269.900, 182
Trd, 000270.250, 184
Trd, 000270.617, 185
Trd, 000270.667, 184
Trd, 000271.050, 179
Trd, 000271.633, 170
Trd, 000271.700, 168
Trd, 000271.817, 163
Trd, 000272.167, 170
Trd, 000272.783, 175
Trd, 000272.850, 175
Trd, 000273.300, 174
Trd, 000273.850, 174
Trd, 000275.067, 178
Trd, 000275.633, 177
Trd, 000275.733, 178
Trd, 000275.900, 174
Trd, 000276.650, 177
Trd, 000277.067, 181
Trd, 000277.117, 171
Trd, 000277.600, 171
Trd, 000277.817, 181
Trd, 000278.383, 170
Trd, 000279.133, 176
Trd, 000281.017, 175
Trd, 000281.367, 175
Trd, 000281.433, 174
Trd, 000282.233, 175
Trd, 000282.300, 175
Trd, 000282.467, 174
Trd, 000282.833, 175
Trd, 000283.033, 176
Trd, 000283.650, 173
Trd, 000283.667, 178
Trd, 000283.883, 172
Trd, 000285.083, 179
Trd, 000285.200, 171
Trd, 000286.133, 174
Trd, 000286.167, 173
Trd, 000286.967, 182
Trd, 000287.350, 172
Trd, 000287.917, 182
Trd, 000288.533, 177
Trd, 000288.950, 173
Trd, 000289.383, 173
Trd, 000290.033, 175
Trd, 000290.083, 176
Trd, 000290.467, 176
Trd, 000290.817, 175
Trd, 000291.300, 177
Trd, 000291.367, 187
Trd, 000291.567, 174
Trd, 000292.883, 175
Trd, 000293.383, 175
Trd, 000293.883, 174
Trd, 000294.267, 177
Trd, 000295.433, 175
Trd, 000295.583, 177
Trd, 000296.150, 173
Trd, 000296.783, 172
Trd, 000297.050, 177
Trd, 000297.267, 171
Trd, 000297.417, 167
Trd, 000298.267, 170
Trd, 000298.433, 175
Trd, 000299.367, 175
