Trd, 000000.817, 124
Trd, 000001.683, 137
Trd, 000002.450, 134
Trd, 000002.750, 136
Trd, 000003.367, 136
Trd, 000005.133, 142
Trd, 000005.300, 139
Trd, 000005.700, 135
Trd, 000006.217, 138
Trd, 000006.400, 141
Trd, 000007.650, 141
Trd, 000008.667, 142
Trd, 000008.783, 139
Trd, 000009.317, 144
Trd, 000010.233, 148
Trd, 000010.433, 143
Trd, 000010.483, 149
Trd, 000010.767, 140
Trd, 000011.433, 149
Trd, 000012.633, 143
Trd, 000013.500, 149
Trd, 000013.817, 150
Trd, 000014.283, 144
Trd, 000014.700, 141
Trd, 000015.983, 142
Trd, 000016.367, 139
Trd, 000016.783, 144
Trd, 000017.117, 145
Trd, 000018.850, 142
Trd, 000019.417, 146
Trd, 000020.233, 146
Trd, 000020.517, 144
Trd, 000020.617, 143
Trd, 000020.933, 143
Trd, 000022.200, 145
Trd, 000023.033, 146
Trd, 000023.533, 143
Trd, 000023.817, 143
Trd, 000023.983, 143
Trd, 000025.217, 146
Trd, 000025.867, 149
Trd, 000025.900, 139
Trd, 000025.967, 136
Trd, 000027.317, 168
Trd, 000028.100, 150
Trd, 000028.367, 149
Trd, 000029.650, 149
Trd, 000030.117, 150
Trd, 000030.867, 148
Trd, 000031.750, 148
Trd, 000032.950, 147
Trd, 000033.100, 144
Trd, 000034.017, 140
Trd, 000034.117, 137
Trd, 000035.333, 145
Trd, 000035.350, 146
Trd, 000035.633, 140
Trd, 000036.133, 146
Trd, 000036.350, 151
Trd, 000037.150, 179
Trd, 000037.617, 163
Trd, 000038.250, 160
Trd, 000038.367, 159
Trd, 000038.617, 159
Trd, 000040.317, 158
Trd, 000040.633, 174
Trd, 000040.700, 163
Trd, 000041.533, 163
Trd, 000041.833, 159
Trd, 000041.950, 161
Trd, 000042.033, 144
Trd, 000043.817, 159
Trd, 000044.067, 156
Trd, 000045.233, 159
Trd, 000045.800, 159
Trd, 000046.100, 146
Trd, 000046.950, 147
Trd, 000048.583, 157
Trd, 000049.017, 158
Trd, 000049.433, 153
Trd, 000050.400, 150
Trd, 000050.450, 146
Trd, 000050.650, 142
Trd, 000051.750, 148
Trd, 000052.200, 148
Trd, 000052.333, 149
Trd, 000052.650, 147
Trd, 000053.200, 153
Trd, 000053.267, 180
Trd, 000054.467, 164
Trd, 000054.483, 163
Trd, 000055.317, 163
Trd, 000055.600, 163
Trd, 000056.000, 163
Trd, 000056.817, 162
Trd, 000057.750, 162
Trd, 000058.850, 157
Trd, 000059.683, 162
Trd, 000060.350, 157
Trd, 000061.633, 153
Trd, 000061.783, 157
Trd, 000061.967, 147
Trd, 000062.417, 156
Trd, 000062.650, 143
Trd, 000062.900, 144
Trd, 000064.500, 150
Trd, 000064.883, 148
Trd, 000065.367, 147
Trd, 000065.617, 149
Trd, 000066.450, 150
Trd, 000066.667, 150
Trd, 000066.883, 154
Trd, 000067.517, 146
Trd, 000068.450, 182
Trd, 000069.600, 159
Trd, 000070.583, 151
Trd, 000070.733, 149
Trd, 000070.867, 149
Trd, 000070.900, 148
Trd, 000071.217, 148
Trd, 000071.333, 157
Trd, 000071.583, 144
Trd, 000071.667, 142
Trd, 000072.233, 154
Trd, 000072.750, 152
Trd, 000074.700, 151
Trd, 000075.683, 150
Trd, 000076.133, 149
Trd, 000076.567, 147
Trd, 000076.883, 146
Trd, 000077.517, 149
Trd, 000078.683, 150
Trd, 000079.733, 150
Trd, 000079.783, 153
Trd, 000079.833, 149
Trd, 000080.167, 147
Trd, 000080.600, 155
Trd, 000080.733, 144
Trd, 000080.933, 143
Trd, 000081.200, 142
Trd, 000081.617, 138
Trd, 000082.683, 145
Trd, 000083.200, 145
Trd, 000084.067, 150
Trd, 000084.733, 155
Trd, 000086.033, 151
Trd, 000086.817, 147
Trd, 000087.000, 146
Trd, 000087.217, 146
Trd, 000087.833, 151
Trd, 000089.417, 148
Trd, 000089.717, 148
Trd, 000089.850, 149
Trd, 000090.267, 153
Trd, 000090.933, 152
Trd, 000091.217, 151
Trd, 000091.567, 151
Trd, 000091.983, 151
Trd, 000092.833, 151
Trd, 000093.150, 148
Trd, 000093.233, 157
Trd, 000093.950, 172
Trd, 000094.267, 149
Trd, 000094.400, 181
Trd, 000096.967, 163
Trd, 000097.500, 160
Trd, 000097.983, 159
Trd, 000098.417, 162
Trd, 000098.517, 159
Trd, 000098.750, 163
Trd, 000099.267, 162
Trd, 000099.917, 163
Trd, 000100.700, 175
Trd, 000101.233, 151
Trd, 000101.500, 154
Trd, 000101.683, 149
Trd, 000103.067, 147
Trd, 000103.600, 146
Trd, 000104.000, 144
Trd, 000104.033, 153
Trd, 000104.517, 152
Trd, 000104.967, 154
Trd, 000105.367, 154
Trd, 000106.450, 155
Trd, 000107.183, 150
Trd, 000107.650, 155
Trd, 000107.783, 150
Trd, 000107.867, 148
Trd, 000108.133, 138
Trd, 000108.267, 153
Trd, 000108.700, 156
Trd, 000109.633, 145
Trd, 000110.783, 150
Trd, 000111.267, 154
Trd, 000111.983, 155
Trd, 000112.583, 153
Trd, 000113.250, 155
Trd, 000113.650, 155
Trd, 000114.000, 153
Trd, 000114.167, 152
Trd, 000114.983, 151
Trd, 000116.583, 153
Trd, 000116.767, 154
Trd, 000117.333, 157
Trd, 000117.900, 153
Trd, 000118.183, 156
Trd, 000118.517, 154
Trd, 000118.700, 155
Trd, 000119.217, 156
Trd, 000119.383, 155
Trd, 000119.867, 156
Trd, 000120.917, 154
Trd, 000121.233, 157
Trd, 000121.567, 158
Trd, 000122.333, 160
Trd, 000123.933, 164
Trd, 000123.950, 194
Trd, 000124.200, 272
Trd, 000124.433, 280
Trd, 000124.733, 303.0
Trd, 000124.933, 310.0
Trd, 000126.000, 317.0
Trd, 000126.050, 327.0
Trd, 000127.217, 321.0
Trd, 000127.483, 334.0
Trd, 000128.967, 337.0
Trd, 000129.067, 349
Trd, 000129.583, 329
Trd, 000130.700, 334
Trd, 000131.367, 339
Trd, 000131.933, 339
Trd, 000132.583, 341.0
Trd, 000132.617, 345
Trd, 000132.900, 341
Trd, 000133.700, 338.0
Trd, 000134.200, 337.0
Trd, 000134.400, 353
Trd, 000135.400, 340
Trd, 000136.200, 351
Trd, 000136.667, 341
Trd, 000137.267, 351
Trd, 000137.650, 357
Trd, 000138.433, 341
Trd, 000138.783, 340
Trd, 000141.100, 340
Trd, 000141.367, 339
Trd, 000141.550, 340
Trd, 000141.767, 341
Trd, 000142.067, 341.0
Trd, 000142.317, 341
Trd, 000142.517, 347
Trd, 000143.300, 337.0
Trd, 000143.917, 337
Trd, 000143.983, 347
Trd, 000144.400, 337.0
Trd, 000145.333, 335
Trd, 000145.350, 335
Trd, 000147.133, 345
Trd, 000147.150, 346
Trd, 000148.367, 341.0
Trd, 000149.467, 341
Trd, 000149.583, 340
Trd, 000150.667, 334.0
Trd, 000151.133, 336.0
Trd, 000151.867, 334
Trd, 000151.883, 346
Trd, 000152.133, 346
Trd, 000153.983, 335
Trd, 000154.200, 337.0
Trd, 000154.450, 343
Trd, 000155.500, 334.0
Trd, 000157.833, 339
Trd, 000158.633, 338
Trd, 000159.117, 337
Trd, 000160.233, 341.0
Trd, 000160.317, 339
Trd, 000160.367, 337.0
Trd, 000160.617, 344
Trd, 000161.400, 338
Trd, 000161.883, 341
Trd, 000162.067, 342
Trd, 000163.767, 344
Trd, 000163.833, 342
Trd, 000164.250, 349
Trd, 000164.483, 337
Trd, 000164.533, 358
Trd, 000164.783, 337.0
Trd, 000165.133, 329
Trd, 000166.933, 334
Trd, 000167.267, 340.0
Trd, 000169.267, 336.0
Trd, 000169.750, 333
Trd, 000170.400, 336.0
Trd, 000170.483, 337.0
Trd, 000170.517, 344
Trd, 000170.600, 377
Trd, 000171.717, 343
Trd, 000172.067, 340
Trd, 000172.467, 340
Trd, 000172.483, 339
Trd, 000173.017, 353
Trd, 000173.983, 345
Trd, 000174.417, 348
Trd, 000174.483, 347
Trd, 000176.017, 345
Trd, 000176.783, 345
Trd, 000178.600, 345
Trd, 000178.733, 346
Trd, 000179.033, 344
Trd, 000179.150, 343
Trd, 000180.517, 345
Trd, 000180.767, 347
Trd, 000181.067, 340
Trd, 000181.333, 344
Trd, 000181.517, 341.0
Trd, 000182.917, 337.0
Trd, 000183.000, 344
Trd, 000183.533, 317.0
Trd, 000183.667, 312
Trd, 000183.917, 304
Trd, 000184.067, 300.0
Trd, 000184.167, 282
Trd, 000184.533, 223
Trd, 000184.600, 218
Trd, 000185.333, 207
Trd, 000185.467, 197
Trd, 000186.317, 196
Trd, 000187.133, 181
Trd, 000187.983, 188
Trd, 000188.133, 180
Trd, 000189.300, 183
Trd, 000189.367, 159
Trd, 000189.400, 184
Trd, 000189.833, 156
Trd, 000190.800, 157
Trd, 000191.483, 174
Trd, 000192.183, 168
Trd, 000193.117, 156
Trd, 000193.567, 163
Trd, 000194.300, 158
Trd, 000194.983, 161
Trd, 000197.050, 160
Trd, 000197.067, 159
Trd, 000197.450, 158
Trd, 000197.950, 157
Trd, 000198.033, 154
Trd, 000198.367, 161
Trd, 000199.933, 161
Trd, 000200.350, 159
Trd, 000200.750, 161
Trd, 000202.250, 161
Trd, 000202.700, 164
Trd, 000202.833, 162
Trd, 000203.233, 164
Trd, 000203.983, 183
Trd, 000204.183, 176
Trd, 000204.517, 173
Trd, 000204.533, 172
Trd, 000205.200, 173
Trd, 000206.633, 162
Trd, 000207.350, 161
Trd, 000207.467, 165
Trd, 000208.533, 165
Trd, 000208.850, 164
Trd, 000209.300, 158
Trd, 000209.917, 156
Trd, 000210.983, 158
Trd, 000211.833, 161
Trd, 000212.233, 165
Trd, 000212.700, 157
Trd, 000214.383, 165
Trd, 000214.500, 160
Trd, 000215.483, 165
Trd, 000216.450, 162
Trd, 000216.783, 162
Trd, 000217.800, 162
Trd, 000217.900, 191
Trd, 000218.467, 174
Trd, 000218.650, 172
Trd, 000218.883, 160
Trd, 000219.317, 171
Trd, 000219.733, 172
Trd, 000220.283, 171
Trd, 000220.683, 170
Trd, 000221.017, 159
Trd, 000222.883, 167
Trd, 000223.000, 171
Trd, 000224.067, 167
Trd, 000224.350, 167
Trd, 000224.800, 163
Trd, 000224.950, 168
Trd, 000225.233, 159
Trd, 000225.400, 182
Trd, 000225.767, 168
Trd, 000226.750, 156
Trd, 000227.467, 158
Trd, 000228.583, 175
Trd, 000229.350, 168
Trd, 000229.667, 167
Trd, 000230.300, 171
Trd, 000231.067, 168
Trd, 000231.683, 168
Trd, 000231.967, 166
Trd, 000232.333, 171
Trd, 000233.067, 165
Trd, 000233.083, 167
Trd, 000233.367, 160
Trd, 000234.633, 166
Trd, 000235.217, 161
Trd, 000236.050, 161
Trd, 000236.483, 161
Trd, 000237.333, 166
Trd, 000237.667, 165
Trd, 000238.217, 165
Trd, 000238.300, 164
Trd, 000239.117, 167
Trd, 000240.067, 169
Trd, 000240.083, 172
Trd, 000240.650, 168
Trd, 000241.267, 166
Trd, 000241.567, 167
Trd, 000241.633, 166
Trd, 000241.783, 164
Trd, 000242.033, 166
Trd, 000242.400, 167
Trd, 000242.700, 167
Trd, 000242.733, 164
Trd, 000243.400, 168
Trd, 000244.183, 183
Trd, 000244.483, 166
Trd, 000245.633, 172
Trd, 000245.667, 170
Trd, 000245.817, 170
Trd, 000246.133, 165
Trd, 000246.233, 171
Trd, 000247.250, 164
Trd, 000247.900, 164
Trd, 000248.417, 169
Trd, 000248.567, 166
Trd, 000248.650, 169
Trd, 000248.883, 172
Trd, 000250.683, 183
Trd, 000251.550, 176
Trd, 000251.667, 173
Trd, 000251.733, 174
Trd, 000251.883, 176
Trd, 000252.267, 175
Trd, 000252.383, 179
Trd, 000252.767, 175
Trd, 000252.867, 172
Trd, 000253.400, 174
Trd, 000253.467, 170
Trd, 000253.600, 169
Trd, 000253.800, 162
Trd, 000254.150, 165
Trd, 000256.300, 176
Trd, 000256.983, 172
Trd, 000257.083, 171
Trd, 000257.300, 167
Trd, 000257.733, 169
Trd, 000257.950, 167
Trd, 000258.350, 162
Trd, 000258.417, 163
Trd, 000258.450, 169
Trd, 000258.500, 170
Trd, 000258.517, 160
Trd, 000259.517, 159
Trd, 000260.017, 169
Trd, 000260.250, 168
Trd, 000260.783, 170
Trd, 000261.567, 174
Trd, 000261.983, 174
Trd, 000262.217, 175
Trd, 000262.767, 188
Trd, 000262.833, 172
Trd, 000263.283, 173
Trd, 000264.383, 182
Trd, 000264.900, 181
Trd, 000265.233, 183
Trd, 000265.450, 182
Trd, 000265.850, 177
Trd, 000266.000, 179
Trd, 000267.650, 181
Trd, 000268.100, 185
Trd, 000268.117, 186
Trd, 000268.183, 180
Trd, 000268.483, 177
Trd, 000269.867, 176
Trd, 000270.083, 174
Trd, 000270.767, 178
Trd, 000271.333, 179
Trd, 000271.650, 176
Trd, 000271.683, 175
Trd, 000271.967, 175
Trd, 000272.067, 177
Trd, 000272.217, 182
Trd, 000272.683, 188
Trd, 000272.733, 174
Trd, 000273.133, 186
Trd, 000273.450, 175
Trd, 000273.800, 183
Trd, 000274.100, 184
Trd, 000275.533, 180
Trd, 000275.683, 183
Trd, 000276.267, 181
Trd, 000276.300, 179
Trd, 000277.283, 181
Trd, 000277.367, 180
Trd, 000277.917, 179
Trd, 000278.367, 179
Trd, 000278.733, 180
Trd, 000279.317, 181
Trd, 000279.467, 179
Trd, 000279.750, 178
Trd, 000280.283, 181
Trd, 000280.617, 176
Trd, 000280.700, 179
Trd, 000281.883, 176
Trd, 000283.133, 180
Trd, 000283.300, 175
Trd, 000283.517, 169
Trd, 000283.583, 181
Trd, 000284.250, 181
Trd, 000285.117, 176
Trd, 000285.533, 173
Trd, 000286.067, 173
Trd, 000286.333, 176
Trd, 000286.500, 173
Trd, 000286.567, 169
Trd, 000286.867, 177
Trd, 000287.200, 171
Trd, 000287.233, 177
Trd, 000287.400, 178
Trd, 000287.583, 178
Trd, 000287.900, 177
Trd, 000288.700, 191
Trd, 000289.250, 202
Trd, 000289.783, 172
Trd, 000290.000, 172
Trd, 000291.233, 187
Trd, 000291.300, 183
Trd, 000291.517, 198
Trd, 000291.767, 171
Trd, 000292.267, 180
Trd, 000292.650, 179
Trd, 000293.100, 197
Trd, 000293.367, 179
Trd, 000293.533, 198
Trd, 000293.617, 202
Trd, 000294.050, 181
Trd, 000294.117, 181
Trd, 000294.617, 191
Trd, 000296.417, 178
Trd, 000296.467, 163
Trd, 000297.317, 179
Trd, 000297.350, 162
Trd, 000297.550, 179
Trd, 000297.567, 187
Trd, 000297.800, 168
Trd, 000297.983, 181
Trd, 000298.133, 190
Trd, 000298.350, 191
