Trd, 000001.633, 131
Trd, 000003.033, 147
Trd, 000003.467, 140
Trd, 000003.883, 135
Trd, 000004.083, 148
Trd, 000004.400, 135
Trd, 000004.417, 160
Trd, 000005.750, 161
Trd, 000006.133, 143
Trd, 000006.233, 140
Trd, 000007.033, 137
Trd, 000007.383, 142
Trd, 000008.133, 144
Trd, 000008.533, 145
Trd, 000009.283, 145
Trd, 000009.500, 149
Trd, 000009.983, 149
Trd, 000012.917, 151
Trd, 000013.050, 150
Trd, 000013.283, 151
Trd, 000014.083, 150
Trd, 000014.300, 149
Trd, 000014.367, 152
Trd, 000014.650, 152
Trd, 000014.783, 149
Trd, 000014.800, 159
Trd, 000014.967, 166
Trd, 000015.383, 160
Trd, 000015.617, 159
Trd, 000015.733, 148
Trd, 000016.167, 155
Trd, 000017.717, 150
Trd, 000019.267, 150
Trd, 000019.283, 151
Trd, 000019.567, 150
Trd, 000019.650, 151
Trd, 000020.083, 150
Trd, 000020.217, 151
Trd, 000020.400, 154
Trd, 000021.183, 151
Trd, 000021.617, 152
Trd, 000023.050, 153
Trd, 000023.517, 153
Trd, 000024.133, 154
Trd, 000024.883, 152
Trd, 000025.350, 155
Trd, 000025.367, 155
Trd, 000025.450, 154
Trd, 000025.533, 157
Trd, 000025.550, 160
Trd, 000025.883, 152
Trd, 000026.750, 155
Trd, 000026.817, 153
Trd, 000027.083, 150
Trd, 000029.617, 145
Trd, 000029.633, 147
Trd, 000029.867, 148
Trd, 000030.317, 148
Trd, 000030.500, 151
Trd, 000030.700, 154
Trd, 000030.750, 158
Trd, 000032.467, 152
Trd, 000032.650, 153
Trd, 000032.667, 155
Trd, 000032.817, 162
Trd, 000034.317, 155
Trd, 000034.383, 155
Trd, 000035.400, 152
Trd, 000035.717, 155
Trd, 000037.333, 151
Trd, 000037.800, 152
Trd, 000038.417, 176
Trd, 000038.450, 189
Trd, 000038.683, 157
Trd, 000038.767, 155
Trd, 000039.033, 172
Trd, 000039.250, 153
Trd, 000039.750, 183
Trd, 000040.767, 165
Trd, 000040.833, 173
Trd, 000041.833, 165
Trd, 000042.317, 166
Trd, 000042.400, 166
Trd, 000042.683, 165
Trd, 000043.533, 164
Trd, 000044.333, 164
Trd, 000044.817, 164
Trd, 000046.217, 162
Trd, 000047.250, 163
Trd, 000047.283, 163
Trd, 000047.383, 162
Trd, 000047.533, 166
Trd, 000047.600, 160
Trd, 000048.333, 161
Trd, 000048.667, 164
Trd, 000048.800, 160
Trd, 000048.917, 166
Trd, 000049.200, 169
Trd, 000050.850, 168
Trd, 000052.250, 163
Trd, 000053.050, 165
Trd, 000053.400, 162
Trd, 000053.833, 162
Trd, 000055.217, 162
Trd, 000055.717, 163
Trd, 000056.050, 164
Trd, 000056.350, 164
Trd, 000056.550, 164
Trd, 000057.183, 167
Trd, 000057.550, 168
Trd, 000058.550, 166
Trd, 000058.883, 170
Trd, 000059.333, 166
Trd, 000059.367, 163
Trd, 000060.533, 162
Trd, 000062.117, 164
Trd, 000062.183, 157
Trd, 000062.850, 160
Trd, 000062.883, 155
Trd, 000063.767, 157
Trd, 000063.950, 158
Trd, 000064.150, 158
Trd, 000064.517, 159
Trd, 000065.800, 160
Trd, 000066.683, 162
Trd, 000066.717, 165
Trd, 000067.250, 167
Trd, 000067.650, 164
Trd, 000067.700, 163
Trd, 000068.967, 166
Trd, 000069.150, 166
Trd, 000069.783, 168
Trd, 000069.800, 169
Trd, 000070.467, 164
Trd, 000071.350, 165
Trd, 000071.650, 163
Trd, 000071.683, 163
Trd, 000072.567, 162
Trd, 000072.800, 156
Trd, 000072.883, 157
Trd, 000073.250, 158
Trd, 000073.317, 168
Trd, 000074.183, 162
Trd, 000074.650, 162
Trd, 000075.050, 164
Trd, 000075.100, 157
Trd, 000075.450, 155
Trd, 000075.533, 149
Trd, 000077.400, 159
Trd, 000078.467, 156
Trd, 000079.300, 165
Trd, 000079.550, 165
Trd, 000079.633, 163
Trd, 000079.683, 178
Trd, 000080.483, 163
Trd, 000080.617, 173
Trd, 000080.633, 178
Trd, 000081.000, 180
Trd, 000081.733, 182
Trd, 000081.917, 163
Trd, 000081.967, 151
Trd, 000083.517, 165
Trd, 000083.700, 165
Trd, 000083.950, 163
Trd, 000085.617, 163
Trd, 000085.833, 164
Trd, 000085.917, 161
Trd, 000086.917, 159
Trd, 000087.267, 160
Trd, 000088.050, 161
Trd, 000088.367, 157
Trd, 000089.200, 158
Trd, 000089.550, 158
Trd, 000090.133, 160
Trd, 000091.083, 158
Trd, 000091.383, 160
Trd, 000091.600, 160
Trd, 000092.283, 166
Trd, 000093.700, 162
Trd, 000093.833, 184
Trd, 000095.067, 171
Trd, 000095.133, 172
Trd, 000096.000, 171
Trd, 000096.083, 172
Trd, 000096.750, 171
Trd, 000096.883, 166
Trd, 000097.350, 174
Trd, 000099.317, 176
Trd, 000099.950, 175
Trd, 000100.100, 175
Trd, 000101.167, 172
Trd, 000101.517, 172
Trd, 000101.767, 171
Trd, 000102.267, 173
Trd, 000102.567, 162
Trd, 000102.683, 172
Trd, 000102.733, 172
Trd, 000102.767, 173
Trd, 000102.933, 163
Trd, 000103.933, 172
Trd, 000104.750, 172
Trd, 000105.467, 171
Trd, 000105.517, 161
Trd, 000105.850, 158
Trd, 000107.033, 161
Trd, 000108.150, 155
Trd, 000108.633, 156
Trd, 000108.933, 153
Trd, 000109.717, 156
Trd, 000110.133, 156
Trd, 000110.567, 157
Trd, 000111.250, 159
Trd, 000111.483, 162
Trd, 000111.617, 183
Trd, 000112.317, 177
Trd, 000113.133, 173
Trd, 000113.267, 172
Trd, 000114.717, 172
Trd, 000115.067, 170
Trd, 000115.200, 179
Trd, 000116.583, 168
Trd, 000117.867, 167
Trd, 000118.083, 165
Trd, 000118.700, 163
Trd, 000119.650, 164
Trd, 000120.067, 165
Trd, 000120.350, 167
Trd, 000120.383, 163
Trd, 000120.683, 168
Trd, 000121.617, 168
Trd, 000121.817, 168
Trd, 000122.033, 170
Trd, 000122.367, 188
Trd, 000122.417, 208
Trd, 000122.667, 214
Trd, 000123.833, 301
Trd, 000124.167, 331.0
Trd, 000124.700, 312
Trd, 000125.600, 331
Trd, 000125.767, 333
Trd, 000126.050, 348.0
Trd, 000126.867, 357
Trd, 000127.433, 358
Trd, 000128.183, 351
Trd, 000128.200, 350
Trd, 000128.717, 352
Trd, 000130.317, 353.0
Trd, 000130.683, 355
Trd, 000131.733, 353
Trd, 000131.783, 356
Trd, 000132.350, 351.0
Trd, 000133.017, 356
Trd, 000134.067, 352
Trd, 000135.650, 357
Trd, 000135.917, 354.0
Trd, 000136.317, 356
Trd, 000136.800, 358
Trd, 000137.283, 352
Trd, 000138.083, 352.0
Trd, 000139.033, 351.0
Trd, 000139.683, 356.0
Trd, 000141.400, 352.0
Trd, 000141.500, 354
Trd, 000143.333, 353
Trd, 000143.383, 352.0
Trd, 000143.617, 351.0
Trd, 000143.700, 352
Trd, 000143.983, 353
Trd, 000144.467, 350
Trd, 000145.167, 340
Trd, 000145.350, 345
Trd, 000146.317, 346
Trd, 000146.517, 345
Trd, 000146.550, 348.0
Trd, 000147.267, 350
Trd, 000147.333, 372.0
Trd, 000147.650, 366
Trd, 000148.383, 362
Trd, 000150.117, 353
Trd, 000150.783, 352.0
Trd, 000150.867, 356
Trd, 000151.033, 352.0
Trd, 000151.400, 352
Trd, 000151.783, 354
Trd, 000152.883, 351.0
Trd, 000153.583, 349
Trd, 000153.700, 345
Trd, 000154.133, 351
Trd, 000154.650, 351
Trd, 000154.833, 352
Trd, 000155.117, 351
Trd, 000156.300, 351
Trd, 000157.133, 352
Trd, 000157.850, 351.0
Trd, 000158.033, 348.0
Trd, 000158.783, 349
Trd, 000159.033, 352
Trd, 000160.500, 350
Trd, 000160.800, 353
Trd, 000161.467, 351.0
Trd, 000161.683, 358.0
Trd, 000162.067, 350
Trd, 000162.233, 350
Trd, 000162.850, 354
Trd, 000162.933, 351.0
Trd, 000163.617, 354
Trd, 000164.917, 353
Trd, 000165.800, 355
Trd, 000165.850, 352
Trd, 000165.883, 351
Trd, 000166.217, 358.0
Trd, 000166.267, 340
Trd, 000167.550, 356
Trd, 000168.217, 358.0
Trd, 000168.583, 355
Trd, 000169.233, 356
Trd, 000169.283, 355
Trd, 000171.133, 355
Trd, 000171.217, 354
Trd, 000171.267, 361
Trd, 000171.333, 354
Trd, 000172.600, 353
Trd, 000173.033, 351.0
Trd, 000173.617, 348.0
Trd, 000175.933, 354.0
Trd, 000176.200, 357
Trd, 000176.300, 353.0
Trd, 000177.383, 354.0
Trd, 000177.533, 356
Trd, 000178.700, 355
Trd, 000178.767, 355
Trd, 000178.817, 354
Trd, 000179.733, 356
Trd, 000179.933, 355
Trd, 000180.400, 357
Trd, 000180.600, 358.0
Trd, 000180.683, 353
Trd, 000181.717, 358
Trd, 000183.100, 353.0
Trd, 000183.167, 339
Trd, 000183.333, 320.0
Trd, 000183.617, 239
Trd, 000184.717, 211
Trd, 000185.150, 183
Trd, 000185.867, 205
Trd, 000186.167, 188
Trd, 000186.267, 187
Trd, 000186.950, 198
Trd, 000187.217, 185
Trd, 000187.783, 190
Trd, 000188.550, 190
Trd, 000189.917, 185
Trd, 000190.367, 184
Trd, 000190.500, 184
Trd, 000190.683, 185
Trd, 000190.733, 181
Trd, 000191.450, 178
Trd, 000191.483, 170
Trd, 000192.617, 181
Trd, 000192.883, 183
Trd, 000193.100, 181
Trd, 000193.700, 189
Trd, 000194.633, 178
Trd, 000194.767, 176
Trd, 000197.617, 179
Trd, 000197.783, 177
Trd, 000198.633, 176
Trd, 000199.650, 176
Trd, 000199.767, 176
Trd, 000200.167, 177
Trd, 000200.300, 177
Trd, 000201.067, 174
Trd, 000201.767, 170
Trd, 000202.083, 168
Trd, 000202.300, 171
Trd, 000202.350, 168
Trd, 000202.417, 171
Trd, 000203.717, 171
Trd, 000204.017, 167
Trd, 000204.117, 174
Trd, 000204.350, 178
Trd, 000205.533, 172
Trd, 000206.333, 171
Trd, 000206.650, 172
Trd, 000206.767, 169
Trd, 000206.967, 173
Trd, 000207.467, 170
Trd, 000208.150, 171
Trd, 000208.983, 171
Trd, 000209.300, 170
Trd, 000209.567, 172
Trd, 000209.683, 170
Trd, 000210.133, 173
Trd, 000211.867, 172
Trd, 000211.933, 170
Trd, 000212.250, 173
Trd, 000212.600, 172
Trd, 000212.833, 172
Trd, 000213.033, 179
Trd, 000213.967, 172
Trd, 000215.917, 176
Trd, 000216.017, 174
Trd, 000217.083, 176
Trd, 000217.250, 175
Trd, 000217.567, 175
Trd, 000218.333, 177
Trd, 000218.800, 176
Trd, 000219.350, 180
Trd, 000219.717, 176
Trd, 000220.133, 171
Trd, 000220.600, 177
Trd, 000221.750, 175
Trd, 000222.367, 173
Trd, 000223.267, 174
Trd, 000223.300, 176
Trd, 000223.767, 177
Trd, 000223.983, 176
Trd, 000224.217, 173
Trd, 000224.617, 180
Trd, 000225.033, 182
Trd, 000226.267, 182
Trd, 000226.417, 181
Trd, 000228.483, 182
Trd, 000228.917, 183
Trd, 000229.050, 182
Trd, 000229.200, 183
Trd, 000229.317, 188
Trd, 000230.333, 174
Trd, 000231.250, 184
Trd, 000232.117, 183
Trd, 000233.383, 179
Trd, 000233.817, 180
Trd, 000233.950, 181
Trd, 000234.083, 178
Trd, 000234.217, 171
Trd, 000234.717, 177
Trd, 000235.917, 176
Trd, 000236.317, 175
Trd, 000236.467, 176
Trd, 000237.500, 177
Trd, 000237.583, 176
Trd, 000239.200, 176
Trd, 000240.000, 177
Trd, 000240.117, 175
Trd, 000240.250, 177
Trd, 000240.517, 179
Trd, 000240.533, 175
Trd, 000240.850, 181
Trd, 000241.200, 176
Trd, 000241.517, 182
Trd, 000242.000, 175
Trd, 000243.583, 177
Trd, 000243.700, 175
Trd, 000244.433, 176
Trd, 000244.450, 175
Trd, 000244.700, 177
Trd, 000245.150, 174
Trd, 000245.233, 176
Trd, 000245.583, 176
Trd, 000246.283, 173
Trd, 000246.517, 173
Trd, 000246.583, 172
Trd, 000247.250, 177
Trd, 000247.667, 176
Trd, 000248.067, 176
Trd, 000249.533, 182
Trd, 000250.000, 169
Trd, 000250.717, 176
Trd, 000250.817, 168
Trd, 000250.917, 178
Trd, 000251.517, 175
Trd, 000251.583, 173
Trd, 000251.767, 178
Trd, 000251.900, 174
Trd, 000252.433, 173
Trd, 000252.900, 173
Trd, 000253.283, 179
Trd, 000253.583, 173
Trd, 000254.167, 175
Trd, 000254.533, 178
Trd, 000254.983, 173
Trd, 000255.083, 175
Trd, 000255.700, 180
Trd, 000256.283, 182
Trd, 000257.317, 179
Trd, 000257.433, 183
Trd, 000258.183, 174
Trd, 000258.717, 178
Trd, 000258.733, 177
Trd, 000259.783, 179
Trd, 000260.100, 183
Trd, 000260.933, 183
Trd, 000261.333, 184
Trd, 000261.500, 183
Trd, 000261.550, 184
Trd, 000262.450, 197
Trd, 000262.900, 190
Trd, 000263.183, 189
Trd, 000264.217, 188
Trd, 000264.817, 189
Trd, 000265.050, 188
Trd, 000265.950, 186
Trd, 000266.033, 189
Trd, 000266.183, 186
Trd, 000266.583, 188
Trd, 000267.000, 183
Trd, 000267.150, 182
Trd, 000267.733, 183
Trd, 000267.983, 180
Trd, 000268.283, 179
Trd, 000268.367, 178
Trd, 000268.833, 182
Trd, 000269.383, 183
Trd, 000270.017, 184
Trd, 000270.483, 186
Trd, 000271.367, 196
Trd, 000271.467, 190
Trd, 000272.217, 194
Trd, 000272.383, 199
Trd, 000273.650, 192
Trd, 000273.967, 189
Trd, 000274.233, 191
Trd, 000274.383, 190
Trd, 000274.700, 194
Trd, 000274.833, 189
Trd, 000274.983, 187
Trd, 000275.300, 175
Trd, 000276.250, 181
Trd, 000276.833, 185
Trd, 000277.517, 180
Trd, 000277.983, 180
Trd, 000278.117, 179
Trd, 000278.700, 183
Trd, 000278.750, 183
Trd, 000278.800, 179
Trd, 000279.917, 180
Trd, 000280.300, 182
Trd, 000280.433, 184
Trd, 000281.767, 194
Trd, 000282.683, 186
Trd, 000283.167, 186
Trd, 000283.333, 186
Trd, 000283.633, 185
Trd, 000283.683, 187
Trd, 000283.767, 183
Trd, 000284.250, 182
Trd, 000284.633, 189
Trd, 000284.933, 183
Trd, 000285.183, 189
Trd, 000287.517, 185
Trd, 000288.183, 184
Trd, 000288.483, 189
Trd, 000288.533, 184
Trd, 000288.650, 176
Trd, 000290.117, 193
Trd, 000290.133, 193
Trd, 000290.400, 181
Trd, 000291.000, 190
Trd, 000291.317, 191
Trd, 000291.617, 190
Trd, 000291.817, 190
Trd, 000292.000, 187
Trd, 000292.233, 188
Trd, 000292.733, 184
Trd, 000293.967, 181
Trd, 000294.317, 185
Trd, 000294.900, 185
Trd, 000295.000, 184
Trd, 000295.583, 184
Trd, 000295.683, 184
Trd, 000295.800, 182
Trd, 000296.833, 183
Trd, 000297.483, 182
Trd, 000297.600, 183
Trd, 000297.617, 186
Trd, 000297.933, 182
Trd, 000298.167, 188
Trd, 000298.783, 204
Trd, 000298.967, 180
Trd, 000299.050, 197
Trd, 000299.100, 205
