Trd, 000002.617, 136
Trd, 000002.867, 137
Trd, 000003.817, 146
Trd, 000004.783, 149
Trd, 000004.933, 151
Trd, 000005.067, 149
Trd, 000005.233, 150
Trd, 000005.533, 150
Trd, 000005.717, 149
Trd, 000005.883, 150
Trd, 000006.650, 154
Trd, 000006.667, 155
Trd, 000007.500, 159
Trd, 000007.983, 155
Trd, 000008.600, 156
Trd, 000008.767, 154
Trd, 000008.817, 153
Trd, 000009.000, 153
Trd, 000009.117, 148
Trd, 000009.867, 155
Trd, 000011.850, 149
Trd, 000011.933, 146
Trd, 000012.500, 151
Trd, 000012.867, 152
Trd, 000013.000, 150
Trd, 000013.317, 151
Trd, 000013.583, 151
Trd, 000013.933, 151
Trd, 000015.983, 153
Trd, 000016.633, 151
Trd, 000016.867, 153
Trd, 000017.583, 160
Trd, 000018.317, 152
Trd, 000018.650, 154
Trd, 000019.000, 153
Trd, 000019.400, 154
Trd, 000019.717, 152
Trd, 000020.133, 152
Trd, 000020.217, 148
Trd, 000021.233, 152
Trd, 000021.617, 152
Trd, 000022.700, 153
Trd, 000023.183, 152
Trd, 000023.633, 153
Trd, 000024.250, 151
Trd, 000024.350, 152
Trd, 000024.933, 151
Trd, 000025.400, 153
Trd, 000025.533, 156
Trd, 000026.350, 154
Trd, 000026.767, 154
Trd, 000027.583, 155
Trd, 000027.933, 156
Trd, 000028.600, 155
Trd, 000029.217, 153
Trd, 000029.433, 153
Trd, 000029.850, 153
Trd, 000030.600, 154
Trd, 000031.483, 152
Trd, 000032.600, 154
Trd, 000032.617, 149
Trd, 000032.900, 151
Trd, 000033.050, 153
Trd, 000033.083, 154
Trd, 000033.700, 152
Trd, 000033.917, 152
Trd, 000035.350, 151
Trd, 000036.433, 153
Trd, 000036.883, 152
Trd, 000037.550, 151
Trd, 000037.667, 150
Trd, 000038.083, 151
Trd, 000038.183, 152
Trd, 000038.417, 150
Trd, 000038.800, 150
Trd, 000040.267, 151
Trd, 000040.300, 152
Trd, 000040.833, 152
Trd, 000041.150, 158
Trd, 000041.767, 156
Trd, 000042.467, 155
Trd, 000043.100, 156
Trd, 000043.383, 154
Trd, 000043.483, 153
Trd, 000044.100, 155
Trd, 000044.317, 155
Trd, 000045.883, 153
Trd, 000046.400, 155
Trd, 000046.583, 157
Trd, 000047.150, 152
Trd, 000049.000, 154
Trd, 000049.433, 153
Trd, 000049.800, 153
Trd, 000049.917, 153
Trd, 000050.400, 157
Trd, 000050.950, 156
Trd, 000051.550, 155
Trd, 000051.933, 157
Trd, 000052.517, 159
Trd, 000052.767, 158
Trd, 000052.883, 157
Trd, 000053.433, 153
Trd, 000053.617, 152
Trd, 000054.633, 157
Trd, 000054.867, 153
Trd, 000054.983, 157
Trd, 000056.267, 156
Trd, 000056.533, 155
Trd, 000056.817, 157
Trd, 000057.500, 156
Trd, 000059.133, 157
Trd, 000059.150, 158
Trd, 000059.217, 158
Trd, 000059.950, 154
Trd, 000060.333, 151
Trd, 000060.517, 155
Trd, 000061.433, 153
Trd, 000061.550, 152
Trd, 000061.850, 152
Trd, 000061.933, 153
Trd, 000062.133, 154
Trd, 000062.550, 161
Trd, 000064.100, 157
Trd, 000064.200, 156
Trd, 000064.917, 155
Trd, 000065.133, 154
Trd, 000066.917, 152
Trd, 000067.250, 153
Trd, 000067.633, 152
Trd, 000068.317, 152
Trd, 000068.333, 154
Trd, 000068.633, 150
Trd, 000068.933, 153
Trd, 000069.117, 161
Trd, 000069.233, 157
Trd, 000070.633, 158
Trd, 000071.517, 160
Trd, 000071.767, 160
Trd, 000071.950, 160
Trd, 000072.983, 157
Trd, 000073.200, 157
Trd, 000073.567, 155
Trd, 000074.100, 156
Trd, 000075.083, 154
Trd, 000075.150, 154
Trd, 000075.250, 156
Trd, 000075.733, 156
Trd, 000076.583, 159
Trd, 000077.067, 162
Trd, 000077.750, 160
Trd, 000078.000, 161
Trd, 000078.367, 158
Trd, 000079.033, 155
Trd, 000079.150, 156
Trd, 000079.517, 156
Trd, 000079.883, 156
Trd, 000080.000, 158
Trd, 000080.383, 159
Trd, 000080.617, 163
Trd, 000082.233, 159
Trd, 000082.500, 161
Trd, 000082.867, 160
Trd, 000083.150, 161
Trd, 000083.983, 161
Trd, 000084.600, 160
Trd, 000085.200, 161
Trd, 000085.700, 161
Trd, 000085.900, 160
Trd, 000086.233, 158
Trd, 000086.300, 159
Trd, 000087.133, 160
Trd, 000087.433, 161
Trd, 000088.100, 160
Trd, 000088.367, 158
Trd, 000089.300, 158
Trd, 000089.433, 158
Trd, 000089.450, 160
Trd, 000090.067, 163
Trd, 000090.200, 164
Trd, 000090.767, 163
Trd, 000091.733, 164
Trd, 000091.933, 164
Trd, 000092.700, 164
Trd, 000093.033, 162
Trd, 000093.517, 164
Trd, 000095.017, 164
Trd, 000095.883, 162
Trd, 000095.900, 161
Trd, 000096.083, 160
Trd, 000096.733, 159
Trd, 000097.850, 158
Trd, 000098.000, 157
Trd, 000098.500, 158
Trd, 000098.850, 158
Trd, 000099.267, 158
Trd, 000099.917, 158
Trd, 000100.883, 158
Trd, 000102.017, 159
Trd, 000102.283, 159
Trd, 000102.550, 158
Trd, 000102.650, 160
Trd, 000103.733, 157
Trd, 000104.233, 157
Trd, 000104.250, 156
Trd, 000104.417, 158
Trd, 000105.083, 164
Trd, 000105.800, 159
Trd, 000106.100, 160
Trd, 000106.317, 160
Trd, 000107.150, 159
Trd, 000107.867, 160
Trd, 000107.950, 159
Trd, 000108.600, 159
Trd, 000109.217, 159
Trd, 000110.717, 160
Trd, 000111.300, 160
Trd, 000111.567, 159
Trd, 000111.600, 162
Trd, 000112.217, 160
Trd, 000112.617, 158
Trd, 000112.967, 157
Trd, 000114.050, 160
Trd, 000114.250, 160
Trd, 000114.450, 161
Trd, 000114.633, 160
Trd, 000114.900, 161
Trd, 000115.250, 162
Trd, 000116.567, 162
Trd, 000117.200, 164
Trd, 000117.500, 164
Trd, 000117.917, 164
Trd, 000118.500, 165
Trd, 000118.650, 165
Trd, 000118.967, 166
Trd, 000119.733, 166
Trd, 000120.700, 163
Trd, 000121.033, 162
Trd, 000121.333, 161
Trd, 000121.717, 162
Trd, 000122.083, 166
Trd, 000122.633, 167
Trd, 000122.750, 174
Trd, 000122.867, 185
Trd, 000123.667, 191
Trd, 000124.550, 211
Trd, 000124.883, 297
Trd, 000125.100, 306.0
Trd, 000125.533, 327.0
Trd, 000125.567, 336
Trd, 000125.883, 337.0
Trd, 000125.933, 341
Trd, 000127.667, 330
Trd, 000127.867, 331
Trd, 000127.883, 332
Trd, 000127.950, 335
Trd, 000128.617, 333
Trd, 000129.417, 334
Trd, 000129.950, 336
Trd, 000130.500, 337.0
Trd, 000131.100, 337
Trd, 000132.083, 340
Trd, 000132.633, 341
Trd, 000132.950, 342
Trd, 000133.433, 343
Trd, 000133.600, 343
Trd, 000133.633, 344
Trd, 000134.367, 345
Trd, 000134.533, 354.0
Trd, 000135.800, 350
Trd, 000135.833, 349.0
Trd, 000136.983, 351.0
Trd, 000137.133, 349.0
Trd, 000137.150, 348.0
Trd, 000137.833, 348
Trd, 000138.083, 347
Trd, 000139.650, 346
Trd, 000139.767, 348
Trd, 000140.267, 349
Trd, 000141.017, 347
Trd, 000141.417, 349.0
Trd, 000141.617, 348.0
Trd, 000141.783, 349
Trd, 000141.817, 350
Trd, 000143.117, 351.0
Trd, 000144.400, 351
Trd, 000145.250, 348.0
Trd, 000145.467, 348.0
Trd, 000145.717, 348
Trd, 000146.383, 347.0
Trd, 000146.600, 347
Trd, 000147.233, 344
Trd, 000147.300, 345.0
Trd, 000147.400, 337
Trd, 000147.500, 346.0
Trd, 000147.567, 346
Trd, 000148.033, 345
Trd, 000148.250, 348
Trd, 000148.950, 348
Trd, 000149.750, 348
Trd, 000150.417, 349
Trd, 000150.533, 348
Trd, 000151.767, 346
Trd, 000151.883, 348
Trd, 000152.000, 349
Trd, 000152.300, 358.0
Trd, 000153.417, 353
Trd, 000153.900, 348
Trd, 000154.000, 348.0
Trd, 000154.033, 347
Trd, 000155.200, 351
Trd, 000155.767, 352
Trd, 000156.500, 349
Trd, 000156.750, 349
Trd, 000157.067, 350
Trd, 000157.400, 350
Trd, 000157.917, 349
Trd, 000158.467, 350
Trd, 000159.483, 348.0
Trd, 000159.500, 349.0
Trd, 000159.550, 350.0
Trd, 000160.483, 348.0
Trd, 000160.717, 344
Trd, 000162.800, 346
Trd, 000163.150, 346
Trd, 000164.700, 347
Trd, 000165.000, 348
Trd, 000165.267, 348
Trd, 000165.400, 350
Trd, 000165.583, 348
Trd, 000165.817, 350
Trd, 000166.050, 348.0
Trd, 000166.067, 346
Trd, 000166.600, 347
Trd, 000166.700, 346
Trd, 000167.267, 345
Trd, 000167.317, 346
Trd, 000167.633, 347
Trd, 000168.183, 348
Trd, 000168.917, 348
Trd, 000169.367, 348
Trd, 000170.033, 348
Trd, 000170.450, 349
Trd, 000170.567, 348
Trd, 000170.650, 351
Trd, 000170.867, 352
Trd, 000172.500, 352
Trd, 000172.517, 346
Trd, 000173.917, 348.0
Trd, 000174.250, 345
Trd, 000174.333, 348
Trd, 000174.950, 343
Trd, 000175.033, 347
Trd, 000175.400, 347
Trd, 000175.433, 346
Trd, 000175.917, 338
Trd, 000176.067, 349
Trd, 000176.517, 346
Trd, 000178.467, 337
Trd, 000178.583, 333
Trd, 000178.833, 337
Trd, 000179.717, 335
Trd, 000180.283, 336
Trd, 000180.400, 336
Trd, 000181.167, 335
Trd, 000181.317, 336
Trd, 000181.733, 336.0
Trd, 000181.983, 337.0
Trd, 000182.500, 337
Trd, 000182.967, 340
Trd, 000183.483, 338
Trd, 000183.733, 323
Trd, 000184.133, 317
Trd, 000184.633, 291
Trd, 000184.767, 279
Trd, 000184.950, 211
Trd, 000185.150, 187
Trd, 000185.667, 186
Trd, 000185.683, 180
Trd, 000186.867, 178
Trd, 000188.350, 174
Trd, 000188.917, 174
Trd, 000189.683, 173
Trd, 000189.850, 170
Trd, 000189.917, 167
Trd, 000190.583, 168
Trd, 000190.833, 168
Trd, 000191.117, 175
Trd, 000191.250, 174
Trd, 000191.433, 174
Trd, 000191.450, 173
Trd, 000191.633, 177
Trd, 000192.533, 180
Trd, 000193.383, 174
Trd, 000194.683, 172
Trd, 000195.483, 168
Trd, 000196.017, 169
Trd, 000196.500, 168
Trd, 000196.883, 167
Trd, 000197.117, 169
Trd, 000197.417, 168
Trd, 000197.567, 168
Trd, 000198.667, 168
Trd, 000198.783, 168
Trd, 000199.100, 169
Trd, 000199.450, 169
Trd, 000199.783, 168
Trd, 000200.283, 168
Trd, 000200.567, 167
Trd, 000200.967, 170
Trd, 000201.533, 169
Trd, 000201.967, 168
Trd, 000203.150, 168
Trd, 000203.733, 165
Trd, 000204.400, 169
Trd, 000205.083, 169
Trd, 000206.650, 170
Trd, 000206.833, 168
Trd, 000206.933, 172
Trd, 000208.167, 172
Trd, 000209.333, 172
Trd, 000209.467, 172
Trd, 000210.083, 172
Trd, 000210.517, 174
Trd, 000210.817, 175
Trd, 000211.267, 170
Trd, 000211.300, 176
Trd, 000211.433, 179
Trd, 000211.583, 183
Trd, 000212.600, 172
Trd, 000213.317, 172
Trd, 000213.467, 176
Trd, 000214.117, 171
Trd, 000214.550, 172
Trd, 000214.883, 172
Trd, 000215.717, 172
Trd, 000215.917, 171
Trd, 000216.083, 172
Trd, 000216.417, 171
Trd, 000217.583, 171
Trd, 000217.700, 172
Trd, 000218.433, 175
Trd, 000219.433, 174
Trd, 000219.933, 174
Trd, 000220.350, 174
Trd, 000220.650, 173
Trd, 000220.667, 175
Trd, 000222.033, 172
Trd, 000222.200, 166
Trd, 000223.217, 172
Trd, 000223.267, 173
Trd, 000223.517, 171
Trd, 000224.733, 171
Trd, 000224.950, 171
Trd, 000225.367, 171
Trd, 000225.617, 172
Trd, 000225.900, 173
Trd, 000227.017, 171
Trd, 000227.183, 171
Trd, 000227.817, 171
Trd, 000228.167, 172
Trd, 000228.767, 172
Trd, 000229.400, 172
Trd, 000229.617, 171
Trd, 000229.733, 166
Trd, 000230.500, 167
Trd, 000230.533, 153
Trd, 000230.900, 168
Trd, 000231.283, 169
Trd, 000231.600, 170
Trd, 000231.683, 171
Trd, 000232.867, 167
Trd, 000232.967, 166
Trd, 000233.650, 166
Trd, 000234.083, 166
Trd, 000235.917, 177
Trd, 000236.033, 174
Trd, 000236.467, 178
Trd, 000237.200, 174
Trd, 000237.533, 174
Trd, 000238.467, 175
Trd, 000238.917, 178
Trd, 000239.117, 178
Trd, 000239.817, 178
Trd, 000240.133, 176
Trd, 000240.417, 175
Trd, 000240.650, 176
Trd, 000241.583, 177
Trd, 000241.667, 179
Trd, 000242.500, 178
Trd, 000243.267, 176
Trd, 000243.467, 176
Trd, 000243.700, 174
Trd, 000244.367, 176
Trd, 000244.567, 175
Trd, 000245.533, 174
Trd, 000245.817, 175
Trd, 000246.250, 174
Trd, 000246.317, 175
Trd, 000246.617, 175
Trd, 000246.883, 176
Trd, 000248.217, 178
Trd, 000248.733, 178
Trd, 000249.000, 178
Trd, 000249.400, 179
Trd, 000249.700, 179
Trd, 000250.100, 180
Trd, 000251.200, 178
Trd, 000251.933, 176
Trd, 000252.417, 180
Trd, 000252.433, 179
Trd, 000252.483, 183
Trd, 000252.983, 184
Trd, 000253.167, 185
Trd, 000253.433, 182
Trd, 000254.067, 180
Trd, 000254.750, 179
Trd, 000255.400, 180
Trd, 000255.783, 183
Trd, 000255.933, 182
Trd, 000256.950, 179
Trd, 000257.150, 178
Trd, 000257.450, 179
Trd, 000258.250, 174
Trd, 000258.283, 176
Trd, 000258.567, 180
Trd, 000259.550, 180
Trd, 000260.033, 178
Trd, 000260.533, 176
Trd, 000260.933, 177
Trd, 000261.400, 178
Trd, 000262.000, 176
Trd, 000262.200, 178
Trd, 000262.250, 177
Trd, 000262.567, 178
Trd, 000263.283, 179
Trd, 000264.533, 181
Trd, 000264.667, 181
Trd, 000264.983, 181
Trd, 000265.317, 180
Trd, 000265.850, 182
Trd, 000266.567, 180
Trd, 000266.650, 181
Trd, 000268.150, 178
Trd, 000268.317, 180
Trd, 000268.733, 177
Trd, 000268.950, 175
Trd, 000269.683, 176
Trd, 000270.050, 176
Trd, 000270.533, 177
Trd, 000270.883, 176
Trd, 000271.100, 177
Trd, 000271.117, 178
Trd, 000271.150, 178
Trd, 000271.850, 185
Trd, 000272.167, 177
Trd, 000272.617, 178
Trd, 000272.650, 183
Trd, 000273.117, 176
Trd, 000273.950, 182
Trd, 000274.133, 181
Trd, 000274.817, 179
Trd, 000275.100, 178
Trd, 000275.383, 179
Trd, 000275.600, 178
Trd, 000276.950, 178
Trd, 000277.000, 177
Trd, 000277.067, 175
Trd, 000277.567, 175
Trd, 000278.133, 172
Trd, 000278.683, 173
Trd, 000279.167, 171
Trd, 000279.417, 173
Trd, 000279.717, 174
Trd, 000280.567, 172
Trd, 000281.333, 173
Trd, 000281.483, 174
Trd, 000281.917, 162
Trd, 000283.200, 171
Trd, 000283.717, 173
Trd, 000283.800, 174
Trd, 000284.883, 172
Trd, 000285.717, 172
Trd, 000286.133, 171
Trd, 000286.383, 172
Trd, 000286.467, 175
Trd, 000286.517, 183
Trd, 000286.583, 186
Trd, 000286.983, 190
Trd, 000287.267, 196
Trd, 000287.667, 180
Trd, 000287.950, 180
Trd, 000288.550, 179
Trd, 000288.733, 185
Trd, 000289.133, 176
Trd, 000289.783, 177
Trd, 000290.450, 177
Trd, 000290.983, 171
Trd, 000291.300, 168
Trd, 000291.767, 167
Trd, 000292.017, 166
Trd, 000292.283, 166
Trd, 000292.350, 166
Trd, 000293.517, 166
Trd, 000293.600, 167
Trd, 000293.767, 173
Trd, 000293.883, 180
Trd, 000294.983, 173
Trd, 000295.517, 174
Trd, 000296.083, 174
Trd, 000296.250, 175
Trd, 000296.683, 177
Trd, 000297.267, 177
Trd, 000297.317, 185
Trd, 000297.350, 187
Trd, 000297.483, 191
Trd, 000297.667, 174
Trd, 000298.850, 184
Trd, 000299.117, 181
Trd, 000299.300, 185
