Trd, 000001.717, 159
Trd, 000002.567, 162
Trd, 000003.017, 156
Trd, 000003.967, 170
Trd, 000003.983, 155
Trd, 000005.050, 172
Trd, 000005.200, 151
Trd, 000005.583, 170
Trd, 000006.283, 172
Trd, 000007.683, 157
Trd, 000007.967, 158
Trd, 000008.300, 152
Trd, 000009.750, 155
Trd, 000009.967, 153
Trd, 000010.250, 142
Trd, 000010.383, 158
Trd, 000012.717, 158
Trd, 000013.733, 152
Trd, 000013.983, 151
Trd, 000014.267, 150
Trd, 000014.800, 159
Trd, 000014.950, 159
Trd, 000015.650, 153
Trd, 000016.433, 154
Trd, 000016.567, 164
Trd, 000016.967, 160
Trd, 000017.083, 154
Trd, 000017.467, 152
Trd, 000019.917, 156
Trd, 000020.567, 160
Trd, 000020.883, 157
Trd, 000021.433, 156
Trd, 000021.583, 155
Trd, 000022.133, 159
Trd, 000022.533, 159
Trd, 000023.267, 167
Trd, 000023.550, 170
Trd, 000023.733, 158
Trd, 000024.017, 157
Trd, 000024.900, 154
Trd, 000026.117, 159
Trd, 000026.250, 159
Trd, 000027.017, 158
Trd, 000027.633, 158
Trd, 000028.000, 160
Trd, 000028.767, 171
Trd, 000028.900, 173
Trd, 000028.933, 170
Trd, 000029.717, 164
Trd, 000030.183, 162
Trd, 000030.250, 160
Trd, 000030.650, 157
Trd, 000031.133, 154
Trd, 000031.467, 167
Trd, 000032.283, 158
Trd, 000032.367, 174
Trd, 000032.617, 146
Trd, 000033.950, 161
Trd, 000033.983, 152
Trd, 000034.633, 154
Trd, 000035.267, 166
Trd, 000035.567, 161
Trd, 000035.583, 160
Trd, 000035.667, 158
Trd, 000036.567, 164
Trd, 000036.867, 165
Trd, 000037.950, 160
Trd, 000038.067, 158
Trd, 000038.217, 172
Trd, 000038.967, 158
Trd, 000039.267, 158
Trd, 000040.033, 155
Trd, 000040.500, 145
Trd, 000041.250, 157
Trd, 000041.600, 154
Trd, 000041.900, 162
Trd, 000042.450, 155
Trd, 000043.100, 155
Trd, 000043.333, 161
Trd, 000044.900, 161
Trd, 000045.217, 170
Trd, 000045.917, 165
Trd, 000046.217, 171
Trd, 000046.283, 165
Trd, 000046.333, 162
Trd, 000047.483, 164
Trd, 000049.100, 161
Trd, 000049.367, 158
Trd, 000050.267, 165
Trd, 000050.317, 157
Trd, 000050.400, 175
Trd, 000050.850, 165
Trd, 000051.200, 165
Trd, 000051.917, 163
Trd, 000052.317, 172
Trd, 000052.517, 163
Trd, 000052.633, 166
Trd, 000052.983, 162
Trd, 000053.333, 156
Trd, 000054.667, 163
Trd, 000055.317, 156
Trd, 000055.750, 159
Trd, 000056.333, 171
Trd, 000057.233, 166
Trd, 000057.383, 173
Trd, 000057.467, 158
Trd, 000058.733, 160
Trd, 000058.950, 159
Trd, 000059.767, 158
Trd, 000060.633, 157
Trd, 000061.533, 155
Trd, 000061.650, 159
Trd, 000061.767, 164
Trd, 000062.650, 156
Trd, 000063.967, 161
Trd, 000063.983, 147
Trd, 000064.967, 162
Trd, 000065.200, 158
Trd, 000065.333, 157
Trd, 000066.183, 157
Trd, 000067.200, 162
Trd, 000067.483, 162
Trd, 000067.567, 159
Trd, 000068.783, 174
Trd, 000069.067, 158
Trd, 000069.400, 158
Trd, 000069.717, 157
Trd, 000070.633, 176
Trd, 000071.450, 165
Trd, 000071.600, 159
Trd, 000071.633, 159
Trd, 000071.667, 179
Trd, 000071.883, 156
Trd, 000072.600, 158
Trd, 000073.017, 165
Trd, 000074.233, 160
Trd, 000074.867, 159
Trd, 000076.400, 158
Trd, 000076.483, 164
Trd, 000076.533, 158
Trd, 000076.750, 157
Trd, 000077.350, 156
Trd, 000078.183, 164
Trd, 000079.283, 176
Trd, 000080.383, 174
Trd, 000080.817, 171
Trd, 000080.983, 179
Trd, 000081.250, 171
Trd, 000081.600, 179
Trd, 000081.783, 169
Trd, 000081.900, 165
Trd, 000083.033, 173
Trd, 000083.283, 167
Trd, 000083.600, 159
Trd, 000084.067, 166
Trd, 000084.767, 169
Trd, 000085.850, 159
Trd, 000086.183, 172
Trd, 000086.283, 173
Trd, 000086.300, 165
Trd, 000086.467, 162
Trd, 000086.850, 149
Trd, 000087.333, 146
Trd, 000088.433, 156
Trd, 000089.217, 173
Trd, 000089.400, 165
Trd, 000090.017, 167
Trd, 000090.267, 162
Trd, 000090.800, 175
Trd, 000092.083, 166
Trd, 000094.200, 167
Trd, 000094.483, 165
Trd, 000094.800, 164
Trd, 000095.483, 173
Trd, 000096.067, 164
Trd, 000098.167, 165
Trd, 000098.500, 171
Trd, 000098.833, 165
Trd, 000099.250, 164
Trd, 000099.300, 173
Trd, 000100.250, 170
Trd, 000100.767, 168
Trd, 000101.567, 172
Trd, 000101.783, 169
Trd, 000102.067, 172
Trd, 000102.217, 169
Trd, 000102.283, 168
Trd, 000102.333, 166
Trd, 000103.300, 167
Trd, 000104.700, 161
Trd, 000105.083, 171
Trd, 000105.883, 182
Trd, 000106.633, 183
Trd, 000107.150, 177
Trd, 000108.383, 177
Trd, 000108.450, 176
Trd, 000108.467, 172
Trd, 000108.733, 168
Trd, 000108.833, 158
Trd, 000109.267, 179
Trd, 000110.350, 173
Trd, 000110.367, 168
Trd, 000110.417, 162
Trd, 000111.167, 176
Trd, 000112.067, 163
Trd, 000113.417, 167
Trd, 000113.467, 166
Trd, 000114.617, 167
Trd, 000115.050, 169
Trd, 000115.067, 166
Trd, 000115.383, 164
Trd, 000116.050, 179
Trd, 000117.217, 164
Trd, 000117.250, 162
Trd, 000117.950, 170
Trd, 000118.083, 156
Trd, 000119.067, 163
Trd, 000119.200, 170
Trd, 000120.583, 163
Trd, 000121.133, 169
Trd, 000121.450, 170
Trd, 000121.683, 177
Trd, 000121.783, 180
Trd, 000121.967, 166
Trd, 000122.117, 191
Trd, 000122.467, 193
Trd, 000122.800, 194
Trd, 000122.983, 166
Trd, 000123.183, 209
Trd, 000123.317, 211
Trd, 000123.650, 232
Trd, 000123.683, 303
Trd, 000123.833, 320.0
Trd, 000124.783, 351.0
Trd, 000125.250, 341.0
Trd, 000126.100, 346
Trd, 000126.333, 338.0
Trd, 000126.750, 344
Trd, 000126.867, 346
Trd, 000127.350, 334.0
Trd, 000128.167, 351
Trd, 000129.217, 351.0
Trd, 000130.000, 351
Trd, 000130.633, 354
Trd, 000131.017, 353
Trd, 000132.533, 355
Trd, 000132.617, 358.0
Trd, 000133.100, 365.0
Trd, 000133.217, 352
Trd, 000134.633, 355
Trd, 000135.117, 354
Trd, 000135.700, 370
Trd, 000136.017, 355
Trd, 000137.100, 372.0
Trd, 000138.200, 355
Trd, 000138.400, 354
Trd, 000138.933, 344.0
Trd, 000139.033, 369
Trd, 000140.300, 364
Trd, 000140.567, 358
Trd, 000141.317, 357
Trd, 000141.850, 365
Trd, 000142.433, 356
Trd, 000142.700, 356
Trd, 000143.233, 351
Trd, 000143.283, 351.0
Trd, 000143.517, 351
Trd, 000143.567, 341.0
Trd, 000144.950, 348
Trd, 000145.350, 342
Trd, 000145.783, 365.0
Trd, 000146.767, 345.0
Trd, 000147.650, 351
Trd, 000147.683, 348
Trd, 000148.700, 343
Trd, 000148.767, 353.0
Trd, 000149.200, 364
Trd, 000149.283, 365.0
Trd, 000150.250, 351
Trd, 000150.983, 351.0
Trd, 000151.167, 346
Trd, 000151.250, 348
Trd, 000152.617, 355
Trd, 000153.333, 347
Trd, 000153.883, 354
Trd, 000153.933, 344.0
Trd, 000154.383, 351.0
Trd, 000155.267, 342.0
Trd, 000155.333, 342
Trd, 000156.017, 352
Trd, 000156.383, 346
Trd, 000156.933, 343
Trd, 000157.533, 346
Trd, 000157.550, 353
Trd, 000158.783, 360
Trd, 000158.850, 350
Trd, 000158.983, 361
Trd, 000159.267, 350
Trd, 000159.333, 367
Trd, 000159.367, 349
Trd, 000159.933, 349
Trd, 000161.333, 351.0
Trd, 000161.667, 348
Trd, 000162.300, 352.0
Trd, 000162.650, 358.0
Trd, 000162.700, 351.0
Trd, 000162.933, 368
Trd, 000163.467, 344.0
Trd, 000163.950, 341.0
Trd, 000166.033, 353
Trd, 000166.050, 352
Trd, 000166.433, 362
Trd, 000166.683, 357
Trd, 000167.050, 360
Trd, 000167.350, 357
Trd, 000167.417, 365
Trd, 000168.233, 354
Trd, 000169.367, 352
Trd, 000169.433, 344.0
Trd, 000170.183, 351.0
Trd, 000170.417, 341.0
Trd, 000171.133, 346
Trd, 000171.750, 353
Trd, 000171.917, 343
Trd, 000172.000, 341
Trd, 000172.450, 340
Trd, 000172.600, 358.0
Trd, 000173.300, 340
Trd, 000174.267, 341.0
Trd, 000174.683, 353
Trd, 000174.700, 338.0
Trd, 000174.933, 337.0
Trd, 000175.450, 358.0
Trd, 000176.283, 340
Trd, 000179.033, 351.0
Trd, 000179.367, 344.0
Trd, 000180.050, 351.0
Trd, 000181.033, 356.0
Trd, 000181.483, 348
Trd, 000181.733, 358.0
Trd, 000181.900, 345
Trd, 000182.050, 344
Trd, 000182.300, 341.0
Trd, 000182.317, 337.0
Trd, 000182.417, 331.0
Trd, 000183.483, 335
Trd, 000183.817, 195
Trd, 000184.467, 194
Trd, 000184.817, 193
Trd, 000185.267, 194
Trd, 000185.283, 191
Trd, 000185.517, 190
Trd, 000185.583, 172
Trd, 000186.417, 169
Trd, 000187.783, 164
Trd, 000188.733, 162
Trd, 000189.383, 176
Trd, 000189.417, 172
Trd, 000190.400, 177
Trd, 000191.150, 183
Trd, 000192.550, 172
Trd, 000193.300, 171
Trd, 000193.400, 170
Trd, 000193.467, 170
Trd, 000194.567, 171
Trd, 000194.617, 177
Trd, 000195.200, 181
Trd, 000195.233, 183
Trd, 000195.583, 170
Trd, 000196.900, 184
Trd, 000196.917, 170
Trd, 000197.567, 179
Trd, 000197.983, 174
Trd, 000198.233, 187
Trd, 000198.650, 172
Trd, 000199.250, 173
Trd, 000200.017, 177
Trd, 000200.500, 173
Trd, 000201.033, 173
Trd, 000201.367, 178
Trd, 000201.683, 171
Trd, 000201.733, 164
Trd, 000203.700, 171
Trd, 000204.117, 170
Trd, 000204.267, 178
Trd, 000204.300, 170
Trd, 000204.800, 169
Trd, 000204.967, 178
Trd, 000206.517, 169
Trd, 000206.933, 178
Trd, 000207.150, 169
Trd, 000207.167, 185
Trd, 000208.633, 170
Trd, 000208.967, 171
Trd, 000210.950, 173
Trd, 000211.100, 172
Trd, 000211.117, 176
Trd, 000212.333, 171
Trd, 000213.433, 172
Trd, 000213.867, 186
Trd, 000214.583, 177
Trd, 000214.883, 176
Trd, 000215.450, 176
Trd, 000215.850, 179
Trd, 000216.033, 175
Trd, 000217.067, 188
Trd, 000217.633, 180
Trd, 000217.900, 174
Trd, 000218.450, 179
Trd, 000221.100, 179
Trd, 000221.117, 176
Trd, 000221.367, 180
Trd, 000221.667, 180
Trd, 000222.050, 175
Trd, 000222.467, 190
Trd, 000222.600, 177
Trd, 000223.183, 191
Trd, 000223.450, 182
Trd, 000224.583, 176
Trd, 000225.267, 177
Trd, 000225.283, 180
Trd, 000225.533, 166
Trd, 000226.117, 173
Trd, 000226.250, 173
Trd, 000227.483, 178
Trd, 000227.767, 181
Trd, 000227.883, 177
Trd, 000228.317, 186
Trd, 000228.417, 175
Trd, 000229.567, 181
Trd, 000230.000, 183
Trd, 000230.967, 176
Trd, 000231.433, 177
Trd, 000231.617, 182
Trd, 000232.550, 185
Trd, 000232.567, 180
Trd, 000233.050, 188
Trd, 000233.150, 191
Trd, 000233.283, 176
Trd, 000233.933, 188
Trd, 000235.833, 185
Trd, 000236.367, 183
Trd, 000237.017, 184
Trd, 000238.633, 183
Trd, 000239.183, 182
Trd, 000239.267, 181
Trd, 000240.133, 178
Trd, 000240.317, 177
Trd, 000240.483, 176
Trd, 000240.500, 179
Trd, 000240.600, 180
Trd, 000240.767, 182
Trd, 000240.817, 189
Trd, 000240.917, 179
Trd, 000240.933, 175
Trd, 000240.967, 192
Trd, 000242.083, 175
Trd, 000242.183, 176
Trd, 000243.317, 163
Trd, 000243.483, 179
Trd, 000244.000, 171
Trd, 000244.417, 163
Trd, 000244.717, 164
Trd, 000245.200, 164
Trd, 000245.400, 167
Trd, 000245.500, 168
Trd, 000246.267, 165
Trd, 000246.300, 168
Trd, 000246.600, 167
Trd, 000246.633, 170
Trd, 000247.067, 166
Trd, 000247.467, 166
Trd, 000247.817, 169
Trd, 000248.367, 164
Trd, 000248.917, 164
Trd, 000249.850, 166
Trd, 000250.067, 166
Trd, 000250.200, 167
Trd, 000250.350, 173
Trd, 000250.867, 173
Trd, 000251.333, 174
Trd, 000251.867, 176
Trd, 000252.033, 177
Trd, 000252.050, 174
Trd, 000252.333, 183
Trd, 000252.467, 190
Trd, 000252.867, 178
Trd, 000252.900, 177
Trd, 000253.283, 165
Trd, 000253.867, 165
Trd, 000254.100, 176
Trd, 000255.033, 174
Trd, 000255.283, 171
Trd, 000255.600, 170
Trd, 000255.833, 176
Trd, 000256.850, 176
Trd, 000257.183, 178
Trd, 000257.283, 176
Trd, 000257.483, 178
Trd, 000257.533, 182
Trd, 000258.600, 184
Trd, 000258.767, 176
Trd, 000260.050, 177
Trd, 000261.033, 177
Trd, 000261.200, 177
Trd, 000261.317, 180
Trd, 000261.617, 177
Trd, 000261.650, 171
Trd, 000262.033, 170
Trd, 000262.217, 174
Trd, 000262.733, 163
Trd, 000262.917, 172
Trd, 000263.500, 180
Trd, 000264.117, 177
Trd, 000264.617, 173
Trd, 000264.900, 181
Trd, 000265.000, 172
Trd, 000266.000, 176
Trd, 000266.283, 183
Trd, 000266.783, 178
Trd, 000266.867, 178
Trd, 000267.617, 177
Trd, 000267.783, 175
Trd, 000267.950, 176
Trd, 000268.000, 184
Trd, 000268.633, 178
Trd, 000269.017, 175
Trd, 000269.267, 171
Trd, 000269.617, 178
Trd, 000269.883, 176
Trd, 000270.017, 175
Trd, 000270.083, 168
Trd, 000270.317, 163
Trd, 000270.800, 165
Trd, 000271.183, 165
Trd, 000271.367, 164
Trd, 000271.950, 166
Trd, 000272.250, 167
Trd, 000272.983, 165
Trd, 000273.417, 173
Trd, 000273.683, 167
Trd, 000274.083, 166
Trd, 000274.450, 163
Trd, 000275.117, 172
Trd, 000275.250, 175
Trd, 000275.533, 170
Trd, 000275.617, 164
Trd, 000275.783, 158
Trd, 000277.417, 168
Trd, 000277.767, 168
Trd, 000278.383, 169
Trd, 000278.783, 168
Trd, 000279.200, 167
Trd, 000279.333, 162
Trd, 000279.533, 173
Trd, 000281.083, 176
Trd, 000281.217, 177
Trd, 000281.233, 186
Trd, 000281.600, 177
Trd, 000281.933, 175
Trd, 000282.633, 177
Trd, 000282.933, 191
Trd, 000283.633, 193
Trd, 000283.717, 183
Trd, 000284.117, 193
Trd, 000284.233, 192
Trd, 000284.600, 184
Trd, 000284.833, 188
Trd, 000284.900, 181
Trd, 000286.150, 174
Trd, 000286.233, 172
Trd, 000286.333, 170
Trd, 000286.500, 166
Trd, 000286.550, 174
Trd, 000287.383, 193
Trd, 000287.733, 177
Trd, 000288.417, 183
Trd, 000288.450, 181
Trd, 000288.900, 186
Trd, 000289.367, 178
Trd, 000289.517, 184
Trd, 000289.600, 180
Trd, 000289.767, 166
Trd, 000290.150, 177
Trd, 000290.350, 177
Trd, 000290.733, 163
Trd, 000291.217, 166
Trd, 000291.450, 153
Trd, 000292.183, 164
Trd, 000292.317, 170
Trd, 000292.850, 186
Trd, 000293.183, 187
Trd, 000293.317, 185
Trd, 000294.017, 182
Trd, 000294.267, 182
Trd, 000294.800, 192
Trd, 000295.067, 182
Trd, 000295.167, 194
Trd, 000295.200, 181
Trd, 000295.317, 197
Trd, 000295.783, 194
Trd, 000296.617, 184
Trd, 000296.700, 198
Trd, 000296.717, 201
Trd, 000297.283, 182
Trd, 000297.533, 181
Trd, 000298.167, 181
Trd, 000298.333, 174
Trd, 000298.500, 170
Trd, 000298.567, 191
Trd, 000299.050, 195
Trd, 000299.267, 167
