Trd, 000000.967, 137
Trd, 000002.250, 162
Trd, 000003.233, 137
Trd, 000003.783, 134
Trd, 000004.367, 130
Trd, 000004.717, 138
Trd, 000005.033, 128
Trd, 000005.083, 139
Trd, 000005.450, 141
Trd, 000005.933, 148
Trd, 000006.333, 128
Trd, 000006.717, 151
Trd, 000007.883, 146
Trd, 000008.200, 151
Trd, 000008.350, 144
Trd, 000008.400, 144
Trd, 000008.817, 142
Trd, 000009.283, 141
Trd, 000010.367, 148
Trd, 000010.967, 149
Trd, 000011.067, 149
Trd, 000011.650, 149
Trd, 000012.067, 143
Trd, 000012.850, 149
Trd, 000013.367, 145
Trd, 000014.517, 143
Trd, 000015.183, 146
Trd, 000015.483, 144
Trd, 000016.567, 145
Trd, 000016.667, 144
Trd, 000016.933, 143
Trd, 000018.483, 149
Trd, 000018.550, 149
Trd, 000019.167, 144
Trd, 000019.350, 143
Trd, 000019.550, 150
Trd, 000020.033, 139
Trd, 000022.617, 144
Trd, 000022.867, 146
Trd, 000023.317, 142
Trd, 000023.817, 145
Trd, 000024.083, 141
Trd, 000024.267, 147
Trd, 000024.600, 141
Trd, 000025.417, 141
Trd, 000026.133, 147
Trd, 000026.750, 153
Trd, 000027.100, 143
Trd, 000028.450, 137
Trd, 000029.900, 147
Trd, 000029.933, 142
Trd, 000030.033, 147
Trd, 000030.400, 146
Trd, 000030.900, 141
Trd, 000031.650, 154
Trd, 000031.983, 158
Trd, 000032.000, 165
Trd, 000032.067, 147
Trd, 000032.150, 139
Trd, 000033.500, 143
Trd, 000033.700, 158
Trd, 000033.950, 156
Trd, 000034.500, 144
Trd, 000035.000, 153
Trd, 000036.650, 144
Trd, 000037.367, 143
Trd, 000038.267, 153
Trd, 000038.400, 154
Trd, 000038.900, 141
Trd, 000039.100, 142
Trd, 000039.667, 148
Trd, 000040.217, 152
Trd, 000040.250, 141
Trd, 000040.967, 152
Trd, 000041.133, 155
Trd, 000041.183, 143
Trd, 000041.650, 140
Trd, 000044.067, 146
Trd, 000044.167, 149
Trd, 000044.617, 149
Trd, 000044.700, 150
Trd, 000045.033, 152
Trd, 000046.117, 166
Trd, 000046.600, 153
Trd, 000047.100, 152
Trd, 000047.517, 153
Trd, 000047.700, 153
Trd, 000047.917, 142
Trd, 000049.400, 154
Trd, 000050.567, 153
Trd, 000050.817, 154
Trd, 000050.867, 155
Trd, 000052.600, 155
Trd, 000052.783, 150
Trd, 000052.817, 148
Trd, 000054.267, 154
Trd, 000054.383, 143
Trd, 000055.150, 153
Trd, 000055.317, 156
Trd, 000055.567, 146
Trd, 000056.117, 154
Trd, 000057.217, 147
Trd, 000058.317, 150
Trd, 000058.333, 152
Trd, 000058.350, 153
Trd, 000058.467, 157
Trd, 000058.967, 149
Trd, 000059.000, 148
Trd, 000059.133, 146
Trd, 000060.067, 158
Trd, 000060.717, 157
Trd, 000060.833, 154
Trd, 000061.950, 155
Trd, 000062.100, 157
Trd, 000062.600, 158
Trd, 000063.167, 154
Trd, 000063.667, 143
Trd, 000065.450, 151
Trd, 000065.867, 152
Trd, 000066.733, 154
Trd, 000067.233, 152
Trd, 000067.317, 154
Trd, 000067.450, 153
Trd, 000067.467, 152
Trd, 000068.283, 148
Trd, 000069.083, 150
Trd, 000069.483, 149
Trd, 000069.500, 142
Trd, 000069.633, 152
Trd, 000070.433, 155
Trd, 000071.750, 158
Trd, 000071.800, 142
Trd, 000073.583, 157
Trd, 000073.950, 169
Trd, 000074.617, 151
Trd, 000075.133, 150
Trd, 000075.733, 151
Trd, 000076.183, 159
Trd, 000077.000, 149
Trd, 000077.117, 155
Trd, 000077.633, 156
Trd, 000077.683, 157
Trd, 000079.600, 156
Trd, 000079.833, 150
Trd, 000080.433, 151
Trd, 000080.767, 151
Trd, 000080.900, 159
Trd, 000082.283, 141
Trd, 000082.533, 145
Trd, 000083.167, 150
Trd, 000083.283, 159
Trd, 000083.517, 159
Trd, 000084.750, 160
Trd, 000085.617, 154
Trd, 000086.183, 154
Trd, 000086.433, 159
Trd, 000086.783, 152
Trd, 000087.100, 159
Trd, 000088.150, 151
Trd, 000088.500, 153
Trd, 000089.567, 152
Trd, 000089.633, 149
Trd, 000089.683, 147
Trd, 000090.133, 141
Trd, 000091.933, 147
Trd, 000092.217, 153
Trd, 000092.583, 154
Trd, 000093.950, 150
Trd, 000094.967, 157
Trd, 000095.533, 154
Trd, 000095.650, 150
Trd, 000096.067, 151
Trd, 000096.517, 155
Trd, 000097.250, 154
Trd, 000097.467, 161
Trd, 000097.517, 171
Trd, 000097.583, 165
Trd, 000099.667, 154
Trd, 000099.783, 163
Trd, 000100.000, 155
Trd, 000100.967, 154
Trd, 000101.033, 153
Trd, 000102.267, 157
Trd, 000102.500, 155
Trd, 000102.800, 158
Trd, 000102.850, 146
Trd, 000103.217, 143
Trd, 000103.967, 147
Trd, 000104.100, 158
Trd, 000104.900, 142
Trd, 000105.200, 161
Trd, 000105.700, 172
Trd, 000106.317, 152
Trd, 000107.917, 164
Trd, 000109.050, 150
Trd, 000109.133, 162
Trd, 000109.800, 155
Trd, 000109.883, 160
Trd, 000110.167, 161
Trd, 000110.550, 160
Trd, 000110.950, 159
Trd, 000111.417, 159
Trd, 000112.033, 162
Trd, 000112.100, 158
Trd, 000112.333, 158
Trd, 000112.800, 157
Trd, 000113.250, 162
Trd, 000113.967, 157
Trd, 000115.983, 158
Trd, 000116.200, 160
Trd, 000116.967, 158
Trd, 000117.117, 159
Trd, 000117.867, 156
Trd, 000118.633, 160
Trd, 000118.667, 160
Trd, 000119.883, 161
Trd, 000120.417, 159
Trd, 000120.467, 162
Trd, 000120.950, 163
Trd, 000121.817, 161
Trd, 000122.183, 163
Trd, 000122.233, 187
Trd, 000122.317, 208
Trd, 000122.883, 236
Trd, 000123.317, 243
Trd, 000123.517, 312
Trd, 000123.950, 317.0
Trd, 000126.083, 306.0
Trd, 000126.533, 303
Trd, 000127.017, 312
Trd, 000127.483, 324.0
Trd, 000127.750, 341.0
Trd, 000129.300, 337.0
Trd, 000129.833, 342
Trd, 000130.417, 338
Trd, 000131.033, 336
Trd, 000131.517, 328
Trd, 000132.350, 347
Trd, 000134.017, 334
Trd, 000135.167, 332
Trd, 000135.200, 337.0
Trd, 000135.567, 341.0
Trd, 000135.800, 330
Trd, 000135.850, 340
Trd, 000136.383, 331
Trd, 000136.450, 332
Trd, 000136.683, 334
Trd, 000137.267, 337.0
Trd, 000137.850, 331
Trd, 000138.250, 329
Trd, 000139.300, 330
Trd, 000139.667, 340
Trd, 000140.433, 343
Trd, 000140.633, 344
Trd, 000141.600, 346
Trd, 000142.783, 338
Trd, 000143.817, 348
Trd, 000144.250, 349
Trd, 000145.417, 351.0
Trd, 000145.950, 341
Trd, 000146.033, 341
Trd, 000146.700, 338
Trd, 000146.850, 347
Trd, 000146.917, 348
Trd, 000147.333, 363
Trd, 000147.467, 340
Trd, 000148.100, 339
Trd, 000148.450, 357
Trd, 000149.867, 337.0
Trd, 000150.167, 336
Trd, 000150.883, 335
Trd, 000151.850, 333
Trd, 000152.350, 329
Trd, 000152.417, 341.0
Trd, 000152.700, 347
Trd, 000152.967, 328.0
Trd, 000155.333, 337.0
Trd, 000155.850, 337
Trd, 000156.767, 344
Trd, 000157.333, 345
Trd, 000158.250, 334
Trd, 000158.683, 335
Trd, 000159.650, 337.0
Trd, 000160.333, 336
Trd, 000160.817, 341.0
Trd, 000161.617, 344
Trd, 000161.833, 335
Trd, 000161.917, 344
Trd, 000162.000, 335
Trd, 000163.817, 343
Trd, 000164.333, 339
Trd, 000164.917, 347
Trd, 000165.533, 340
Trd, 000165.667, 336
Trd, 000165.833, 336
Trd, 000166.267, 345
Trd, 000166.717, 337.0
Trd, 000167.550, 335
Trd, 000168.433, 337.0
Trd, 000168.517, 336
Trd, 000168.983, 351.0
Trd, 000169.183, 329
Trd, 000169.450, 328
Trd, 000169.733, 362.0
Trd, 000171.000, 344
Trd, 000172.317, 334
Trd, 000172.383, 341
Trd, 000173.167, 332
Trd, 000174.750, 331
Trd, 000174.767, 337.0
Trd, 000175.033, 340
Trd, 000175.900, 334
Trd, 000176.133, 341.0
Trd, 000178.050, 337.0
Trd, 000178.133, 336
Trd, 000178.167, 344
Trd, 000178.267, 348
Trd, 000178.883, 334
Trd, 000179.250, 341.0
Trd, 000180.083, 337
Trd, 000180.483, 346
Trd, 000181.133, 347
Trd, 000181.217, 336
Trd, 000181.350, 337
Trd, 000181.450, 334
Trd, 000181.950, 330
Trd, 000181.967, 327.0
Trd, 000182.883, 324.0
Trd, 000183.100, 324
Trd, 000183.350, 317.0
Trd, 000184.300, 303.0
Trd, 000184.350, 271
Trd, 000184.833, 299
Trd, 000185.067, 203
Trd, 000185.350, 208
Trd, 000185.950, 193
Trd, 000186.000, 190
Trd, 000187.183, 170
Trd, 000188.667, 172
Trd, 000189.517, 168
Trd, 000189.533, 167
Trd, 000190.217, 166
Trd, 000190.367, 172
Trd, 000190.467, 172
Trd, 000191.000, 173
Trd, 000191.683, 167
Trd, 000191.933, 167
Trd, 000192.767, 166
Trd, 000193.200, 165
Trd, 000193.517, 169
Trd, 000193.617, 166
Trd, 000195.100, 163
Trd, 000195.183, 169
Trd, 000195.233, 154
Trd, 000196.050, 165
Trd, 000196.583, 168
Trd, 000196.767, 152
Trd, 000197.900, 160
Trd, 000197.917, 160
Trd, 000199.017, 156
Trd, 000199.650, 157
Trd, 000200.467, 161
Trd, 000201.133, 162
Trd, 000201.217, 164
Trd, 000201.317, 171
Trd, 000201.600, 162
Trd, 000202.333, 162
Trd, 000202.350, 158
Trd, 000203.117, 172
Trd, 000203.750, 181
Trd, 000203.850, 182
Trd, 000206.300, 166
Trd, 000206.567, 171
Trd, 000207.267, 170
Trd, 000207.667, 168
Trd, 000208.200, 167
Trd, 000208.750, 169
Trd, 000209.217, 167
Trd, 000209.417, 165
Trd, 000209.650, 169
Trd, 000210.917, 155
Trd, 000211.767, 168
Trd, 000212.217, 168
Trd, 000213.200, 163
Trd, 000213.650, 162
Trd, 000213.733, 169
Trd, 000213.983, 161
Trd, 000214.150, 166
Trd, 000214.567, 153
Trd, 000216.100, 164
Trd, 000216.683, 163
Trd, 000216.767, 161
Trd, 000218.067, 157
Trd, 000218.633, 159
Trd, 000218.867, 162
Trd, 000219.550, 164
Trd, 000220.117, 168
Trd, 000221.150, 161
Trd, 000222.250, 168
Trd, 000222.400, 169
Trd, 000222.417, 164
Trd, 000222.683, 170
Trd, 000224.733, 165
Trd, 000225.617, 162
Trd, 000226.383, 156
Trd, 000226.483, 168
Trd, 000226.583, 169
Trd, 000226.817, 164
Trd, 000227.100, 163
Trd, 000227.350, 170
Trd, 000227.433, 170
Trd, 000227.450, 171
Trd, 000228.900, 160
Trd, 000230.033, 163
Trd, 000231.983, 167
Trd, 000232.000, 164
Trd, 000232.317, 163
Trd, 000232.683, 168
Trd, 000232.717, 162
Trd, 000232.767, 162
Trd, 000233.717, 159
Trd, 000233.900, 168
Trd, 000234.267, 170
Trd, 000234.517, 171
Trd, 000234.883, 177
Trd, 000235.217, 162
Trd, 000235.667, 184
Trd, 000236.633, 162
Trd, 000238.500, 177
Trd, 000238.783, 163
Trd, 000238.900, 177
Trd, 000239.817, 162
Trd, 000239.867, 162
Trd, 000240.717, 165
Trd, 000241.167, 165
Trd, 000241.417, 167
Trd, 000241.933, 168
Trd, 000241.950, 169
Trd, 000242.267, 170
Trd, 000242.500, 168
Trd, 000242.650, 167
Trd, 000242.767, 164
Trd, 000242.917, 170
Trd, 000243.633, 152
Trd, 000243.717, 164
Trd, 000244.700, 158
Trd, 000244.933, 161
Trd, 000245.050, 159
Trd, 000245.917, 170
Trd, 000246.000, 172
Trd, 000247.733, 170
Trd, 000247.783, 170
Trd, 000248.200, 173
Trd, 000248.317, 168
Trd, 000248.567, 168
Trd, 000249.767, 171
Trd, 000249.967, 172
Trd, 000250.167, 160
Trd, 000250.617, 167
Trd, 000251.000, 169
Trd, 000251.533, 166
Trd, 000251.950, 167
Trd, 000252.900, 166
Trd, 000253.567, 167
Trd, 000253.983, 166
Trd, 000254.767, 169
Trd, 000254.983, 171
Trd, 000255.150, 173
Trd, 000255.367, 166
Trd, 000255.450, 173
Trd, 000255.533, 176
Trd, 000255.783, 167
Trd, 000256.400, 171
Trd, 000256.850, 174
Trd, 000256.983, 171
Trd, 000257.367, 170
Trd, 000258.367, 170
Trd, 000258.750, 173
Trd, 000258.767, 173
Trd, 000259.067, 167
Trd, 000259.767, 169
Trd, 000260.350, 163
Trd, 000260.783, 173
Trd, 000260.800, 175
Trd, 000261.083, 167
Trd, 000262.733, 173
Trd, 000263.183, 175
Trd, 000263.233, 184
Trd, 000263.317, 188
Trd, 000263.450, 169
Trd, 000263.683, 167
Trd, 000264.733, 170
Trd, 000265.300, 177
Trd, 000265.783, 178
Trd, 000265.917, 179
Trd, 000266.000, 176
Trd, 000266.267, 175
Trd, 000266.767, 178
Trd, 000266.817, 181
Trd, 000267.917, 175
Trd, 000268.183, 174
Trd, 000268.217, 173
Trd, 000268.233, 180
Trd, 000268.300, 160
Trd, 000268.483, 166
Trd, 000269.417, 173
Trd, 000269.633, 171
Trd, 000269.683, 170
Trd, 000270.583, 173
Trd, 000271.450, 175
Trd, 000271.550, 169
Trd, 000272.000, 162
Trd, 000272.550, 174
Trd, 000273.050, 176
Trd, 000273.517, 182
Trd, 000273.717, 178
Trd, 000273.933, 176
Trd, 000274.283, 180
Trd, 000274.417, 175
Trd, 000274.950, 180
Trd, 000274.967, 171
Trd, 000275.583, 170
Trd, 000275.817, 169
Trd, 000275.967, 172
Trd, 000276.333, 178
Trd, 000276.683, 179
Trd, 000277.083, 170
Trd, 000277.217, 183
Trd, 000277.617, 186
Trd, 000277.867, 176
Trd, 000279.283, 178
Trd, 000279.367, 178
Trd, 000280.283, 175
Trd, 000281.150, 173
Trd, 000281.233, 172
Trd, 000281.283, 175
Trd, 000281.350, 168
Trd, 000281.450, 176
Trd, 000281.500, 178
Trd, 000281.683, 179
Trd, 000282.817, 177
Trd, 000282.850, 172
Trd, 000283.400, 175
Trd, 000283.667, 167
Trd, 000283.900, 178
Trd, 000283.917, 186
Trd, 000285.283, 177
Trd, 000285.467, 176
Trd, 000285.783, 174
Trd, 000286.167, 183
Trd, 000287.167, 183
Trd, 000287.467, 176
Trd, 000287.650, 183
Trd, 000287.800, 190
Trd, 000289.150, 177
Trd, 000289.583, 186
Trd, 000289.700, 184
Trd, 000289.767, 185
Trd, 000290.133, 176
Trd, 000290.267, 184
Trd, 000290.500, 175
Trd, 000290.667, 174
Trd, 000290.950, 173
Trd, 000291.000, 184
Trd, 000291.850, 184
Trd, 000292.700, 165
Trd, 000293.217, 183
Trd, 000293.700, 165
Trd, 000294.100, 177
Trd, 000294.217, 172
Trd, 000294.667, 157
Trd, 000294.800, 172
Trd, 000294.850, 175
Trd, 000295.100, 177
Trd, 000295.117, 179
Trd, 000295.150, 158
Trd, 000296.150, 173
Trd, 000297.683, 181
Trd, 000298.433, 171
Trd, 000298.600, 181
Trd, 000298.800, 181
Trd, 000299.367, 183
Trd, 000299.517, 170
Trd, 000299.567, 184
Trd, 000299.683, 185
