Trd, 000001.733, 175
Trd, 000002.833, 155
Trd, 000003.517, 151
Trd, 000004.067, 150
Trd, 000004.250, 151
Trd, 000004.333, 158
Trd, 000005.033, 178
Trd, 000005.683, 153
Trd, 000005.717, 151
Trd, 000006.850, 161
Trd, 000007.117, 166
Trd, 000008.133, 156
Trd, 000008.683, 152
Trd, 000010.050, 155
Trd, 000010.217, 157
Trd, 000010.567, 155
Trd, 000010.600, 156
Trd, 000011.133, 162
Trd, 000011.700, 157
Trd, 000011.950, 155
Trd, 000013.383, 166
Trd, 000013.483, 163
Trd, 000014.050, 161
Trd, 000015.467, 152
Trd, 000016.367, 156
Trd, 000017.150, 155
Trd, 000017.600, 157
Trd, 000017.617, 159
Trd, 000018.317, 153
Trd, 000018.483, 158
Trd, 000018.733, 159
Trd, 000019.417, 160
Trd, 000019.667, 154
Trd, 000021.033, 159
Trd, 000021.517, 153
Trd, 000021.733, 157
Trd, 000022.083, 164
Trd, 000022.600, 157
Trd, 000023.650, 158
Trd, 000024.967, 156
Trd, 000025.200, 156
Trd, 000025.283, 158
Trd, 000025.617, 159
Trd, 000026.617, 160
Trd, 000027.200, 155
Trd, 000027.733, 154
Trd, 000028.250, 154
Trd, 000028.300, 153
Trd, 000028.683, 163
Trd, 000030.117, 161
Trd, 000030.400, 161
Trd, 000030.917, 160
Trd, 000031.133, 160
Trd, 000031.167, 156
Trd, 000032.850, 158
Trd, 000033.167, 158
Trd, 000033.233, 154
Trd, 000033.733, 154
Trd, 000033.983, 158
Trd, 000034.550, 152
Trd, 000035.467, 151
Trd, 000035.633, 159
Trd, 000036.250, 151
Trd, 000036.767, 159
Trd, 000039.750, 154
Trd, 000040.533, 158
Trd, 000041.050, 155
Trd, 000041.250, 158
Trd, 000042.317, 158
Trd, 000042.683, 159
Trd, 000042.850, 159
Trd, 000043.517, 161
Trd, 000043.600, 162
Trd, 000044.417, 157
Trd, 000045.283, 156
Trd, 000047.433, 155
Trd, 000047.567, 152
Trd, 000048.267, 157
Trd, 000049.017, 155
Trd, 000049.217, 156
Trd, 000049.783, 157
Trd, 000049.950, 160
Trd, 000050.550, 153
Trd, 000050.667, 150
Trd, 000050.783, 149
Trd, 000050.800, 160
Trd, 000051.300, 159
Trd, 000051.383, 146
Trd, 000052.783, 163
Trd, 000052.967, 159
Trd, 000053.233, 167
Trd, 000053.783, 170
Trd, 000054.700, 163
Trd, 000054.817, 166
Trd, 000055.517, 158
Trd, 000055.783, 156
Trd, 000056.317, 164
Trd, 000056.617, 159
Trd, 000057.817, 157
Trd, 000058.950, 156
Trd, 000059.133, 157
Trd, 000059.433, 158
Trd, 000059.617, 161
Trd, 000061.433, 162
Trd, 000062.050, 157
Trd, 000063.000, 161
Trd, 000063.600, 161
Trd, 000064.383, 162
Trd, 000064.983, 161
Trd, 000065.117, 162
Trd, 000065.483, 164
Trd, 000067.633, 162
Trd, 000068.183, 161
Trd, 000068.350, 162
Trd, 000069.383, 163
Trd, 000069.450, 160
Trd, 000070.683, 158
Trd, 000070.950, 159
Trd, 000071.117, 165
Trd, 000072.017, 157
Trd, 000072.183, 165
Trd, 000072.250, 156
Trd, 000072.783, 158
Trd, 000073.483, 165
Trd, 000074.250, 162
Trd, 000074.267, 150
Trd, 000074.283, 148
Trd, 000074.917, 163
Trd, 000076.817, 161
Trd, 000077.383, 158
Trd, 000077.433, 156
Trd, 000077.933, 162
Trd, 000078.317, 157
Trd, 000079.633, 161
Trd, 000079.883, 161
Trd, 000081.383, 163
Trd, 000082.267, 159
Trd, 000082.483, 163
Trd, 000082.717, 159
Trd, 000082.950, 157
Trd, 000084.333, 153
Trd, 000084.400, 158
Trd, 000084.867, 159
Trd, 000086.383, 158
Trd, 000087.367, 158
Trd, 000087.433, 154
Trd, 000088.583, 160
Trd, 000088.633, 157
Trd, 000088.650, 153
Trd, 000088.767, 152
Trd, 000089.700, 161
Trd, 000090.717, 162
Trd, 000091.000, 160
Trd, 000091.683, 160
Trd, 000092.050, 161
Trd, 000092.833, 164
Trd, 000094.167, 155
Trd, 000095.050, 162
Trd, 000095.600, 160
Trd, 000096.317, 163
Trd, 000096.333, 165
Trd, 000097.050, 169
Trd, 000097.850, 171
Trd, 000098.500, 160
Trd, 000099.367, 161
Trd, 000100.133, 161
Trd, 000100.917, 163
Trd, 000101.167, 160
Trd, 000101.567, 164
Trd, 000102.850, 164
Trd, 000103.850, 161
Trd, 000104.300, 160
Trd, 000104.567, 160
Trd, 000104.650, 164
Trd, 000104.850, 163
Trd, 000104.867, 159
Trd, 000106.483, 163
Trd, 000106.933, 166
Trd, 000107.117, 167
Trd, 000107.783, 160
Trd, 000108.833, 159
Trd, 000108.900, 162
Trd, 000110.267, 166
Trd, 000111.567, 162
Trd, 000112.700, 165
Trd, 000112.783, 166
Trd, 000112.983, 169
Trd, 000114.550, 166
Trd, 000114.833, 167
Trd, 000115.383, 172
Trd, 000115.783, 173
Trd, 000116.267, 164
Trd, 000116.483, 172
Trd, 000117.067, 176
Trd, 000117.350, 164
Trd, 000117.717, 172
Trd, 000118.417, 170
Trd, 000119.567, 167
Trd, 000119.850, 170
Trd, 000119.883, 163
Trd, 000121.283, 170
Trd, 000121.817, 174
Trd, 000121.883, 178
Trd, 000122.600, 175
Trd, 000123.250, 178
Trd, 000123.583, 187
Trd, 000123.900, 197
Trd, 000124.667, 186
Trd, 000124.800, 198
Trd, 000125.133, 241
Trd, 000125.650, 336
Trd, 000126.350, 346
Trd, 000127.117, 318.0
Trd, 000127.567, 337
Trd, 000128.400, 349.0
Trd, 000129.050, 346
Trd, 000130.283, 352
Trd, 000130.783, 355.0
Trd, 000131.233, 354
Trd, 000131.400, 355
Trd, 000131.950, 351.0
Trd, 000132.383, 352
Trd, 000132.950, 358.0
Trd, 000135.050, 351.0
Trd, 000135.083, 355.0
Trd, 000135.650, 354
Trd, 000136.350, 356
Trd, 000136.400, 358.0
Trd, 000136.967, 364
Trd, 000137.367, 353
Trd, 000137.383, 352
Trd, 000137.400, 348
Trd, 000137.667, 365
Trd, 000140.083, 366
Trd, 000140.250, 351.0
Trd, 000140.633, 350
Trd, 000141.117, 348.0
Trd, 000141.983, 354.0
Trd, 000142.983, 353
Trd, 000143.750, 349
Trd, 000143.983, 347
Trd, 000144.433, 347
Trd, 000144.800, 348.0
Trd, 000145.850, 344
Trd, 000146.200, 349
Trd, 000146.433, 351.0
Trd, 000146.917, 355.0
Trd, 000147.250, 351.0
Trd, 000147.267, 356.0
Trd, 000147.367, 358.0
Trd, 000148.217, 343
Trd, 000148.717, 344
Trd, 000149.117, 351
Trd, 000149.250, 347
Trd, 000149.900, 355
Trd, 000150.400, 362.0
Trd, 000151.817, 351.0
Trd, 000151.867, 357
Trd, 000153.717, 354
Trd, 000154.900, 344
Trd, 000155.250, 351
Trd, 000155.300, 343
Trd, 000156.283, 348.0
Trd, 000156.550, 343
Trd, 000157.017, 342
Trd, 000157.333, 347
Trd, 000157.983, 355.0
Trd, 000158.933, 354
Trd, 000159.950, 355.0
Trd, 000160.600, 351.0
Trd, 000161.117, 353
Trd, 000161.483, 355.0
Trd, 000162.133, 350
Trd, 000162.533, 357.0
Trd, 000162.683, 358.0
Trd, 000163.367, 348.0
Trd, 000163.533, 358
Trd, 000164.183, 351.0
Trd, 000164.983, 358.0
Trd, 000167.283, 355.0
Trd, 000167.683, 356
Trd, 000167.850, 353
Trd, 000168.967, 354
Trd, 000168.983, 362
Trd, 000169.317, 351.0
Trd, 000169.383, 350
Trd, 000169.650, 348.0
Trd, 000171.183, 354.0
Trd, 000171.467, 347
Trd, 000171.600, 355.0
Trd, 000171.700, 356
Trd, 000172.033, 362.0
Trd, 000172.083, 365
Trd, 000172.367, 347
Trd, 000173.450, 349
Trd, 000175.800, 349.0
Trd, 000176.133, 347
Trd, 000177.450, 351.0
Trd, 000179.600, 354
Trd, 000179.700, 348
Trd, 000180.317, 355.0
Trd, 000180.900, 355
Trd, 000180.983, 356
Trd, 000181.417, 352
Trd, 000181.550, 353
Trd, 000181.617, 351.0
Trd, 000181.917, 346
Trd, 000182.300, 346
Trd, 000182.517, 343
Trd, 000182.650, 341.0
Trd, 000182.750, 327.0
Trd, 000183.983, 331
Trd, 000184.050, 216
Trd, 000184.750, 197
Trd, 000185.400, 183
Trd, 000186.233, 193
Trd, 000186.500, 187
Trd, 000186.683, 205
Trd, 000187.233, 177
Trd, 000188.233, 175
Trd, 000188.683, 181
Trd, 000188.700, 182
Trd, 000188.833, 173
Trd, 000188.850, 194
Trd, 000190.233, 161
Trd, 000190.333, 170
Trd, 000191.367, 175
Trd, 000192.200, 177
Trd, 000193.867, 173
Trd, 000194.967, 170
Trd, 000195.050, 173
Trd, 000195.267, 177
Trd, 000196.317, 174
Trd, 000196.917, 181
Trd, 000197.083, 185
Trd, 000198.550, 175
Trd, 000199.050, 174
Trd, 000199.417, 176
Trd, 000199.500, 178
Trd, 000201.117, 176
Trd, 000201.600, 176
Trd, 000201.967, 173
Trd, 000202.900, 171
Trd, 000203.200, 171
Trd, 000203.567, 168
Trd, 000203.650, 174
Trd, 000204.367, 174
Trd, 000205.233, 175
Trd, 000205.350, 182
Trd, 000206.083, 172
Trd, 000206.233, 179
Trd, 000206.750, 173
Trd, 000207.167, 182
Trd, 000207.233, 170
Trd, 000207.983, 170
Trd, 000208.800, 172
Trd, 000210.850, 175
Trd, 000210.933, 176
Trd, 000211.850, 172
Trd, 000212.000, 176
Trd, 000212.983, 172
Trd, 000213.867, 173
Trd, 000214.100, 175
Trd, 000214.567, 172
Trd, 000215.050, 172
Trd, 000215.817, 170
Trd, 000216.350, 176
Trd, 000216.417, 183
Trd, 000218.433, 176
Trd, 000218.450, 170
Trd, 000219.067, 176
Trd, 000220.283, 174
Trd, 000220.433, 173
Trd, 000220.567, 173
Trd, 000220.683, 177
Trd, 000221.050, 180
Trd, 000221.200, 184
Trd, 000222.983, 171
Trd, 000224.033, 175
Trd, 000224.367, 176
Trd, 000224.767, 173
Trd, 000225.667, 169
Trd, 000225.917, 173
Trd, 000226.200, 177
Trd, 000226.383, 178
Trd, 000227.483, 174
Trd, 000227.550, 170
Trd, 000227.783, 184
Trd, 000228.900, 174
Trd, 000229.783, 176
Trd, 000230.017, 177
Trd, 000230.367, 174
Trd, 000230.433, 178
Trd, 000232.167, 178
Trd, 000233.150, 181
Trd, 000233.933, 181
Trd, 000234.283, 180
Trd, 000234.483, 182
Trd, 000235.550, 176
Trd, 000236.667, 178
Trd, 000236.750, 175
Trd, 000237.783, 175
Trd, 000238.517, 179
Trd, 000240.000, 176
Trd, 000240.150, 175
Trd, 000240.350, 175
Trd, 000240.700, 172
Trd, 000240.817, 177
Trd, 000240.833, 179
Trd, 000241.000, 170
Trd, 000241.150, 174
Trd, 000241.383, 176
Trd, 000241.900, 175
Trd, 000242.033, 178
Trd, 000242.050, 179
Trd, 000242.167, 170
Trd, 000243.917, 178
Trd, 000243.933, 179
Trd, 000244.283, 177
Trd, 000244.550, 179
Trd, 000245.650, 177
Trd, 000246.117, 176
Trd, 000246.167, 178
Trd, 000246.650, 176
Trd, 000246.950, 175
Trd, 000247.067, 175
Trd, 000247.233, 173
Trd, 000247.600, 167
Trd, 000248.300, 168
Trd, 000248.433, 176
Trd, 000249.633, 179
Trd, 000249.717, 180
Trd, 000250.983, 180
Trd, 000251.350, 182
Trd, 000251.583, 182
Trd, 000251.683, 187
Trd, 000252.017, 176
Trd, 000252.950, 189
Trd, 000252.967, 191
Trd, 000253.650, 183
Trd, 000253.983, 185
Trd, 000255.033, 180
Trd, 000255.133, 179
Trd, 000255.350, 178
Trd, 000256.167, 176
Trd, 000256.300, 175
Trd, 000257.067, 177
Trd, 000257.233, 177
Trd, 000257.633, 174
Trd, 000257.850, 173
Trd, 000257.967, 173
Trd, 000258.167, 176
Trd, 000258.650, 175
Trd, 000258.733, 171
Trd, 000259.417, 171
Trd, 000259.600, 175
Trd, 000260.200, 173
Trd, 000260.317, 174
Trd, 000260.550, 174
Trd, 000261.000, 177
Trd, 000261.450, 173
Trd, 000261.500, 177
Trd, 000262.000, 181
Trd, 000262.167, 170
Trd, 000262.367, 184
Trd, 000263.217, 169
Trd, 000263.450, 173
Trd, 000265.483, 173
Trd, 000265.583, 174
Trd, 000265.650, 174
Trd, 000265.750, 174
Trd, 000265.800, 173
Trd, 000266.733, 172
Trd, 000266.900, 177
Trd, 000267.833, 182
Trd, 000267.967, 178
Trd, 000269.050, 175
Trd, 000269.167, 184
Trd, 000269.900, 176
Trd, 000270.150, 173
Trd, 000270.433, 177
Trd, 000271.050, 180
Trd, 000271.433, 179
Trd, 000271.533, 189
Trd, 000271.800, 185
Trd, 000272.050, 170
Trd, 000272.200, 183
Trd, 000272.600, 168
Trd, 000272.683, 174
Trd, 000272.800, 170
Trd, 000273.517, 168
Trd, 000273.533, 166
Trd, 000273.867, 164
Trd, 000274.967, 166
Trd, 000276.100, 172
Trd, 000276.283, 178
Trd, 000277.017, 176
Trd, 000277.033, 182
Trd, 000277.300, 175
Trd, 000277.600, 170
Trd, 000278.550, 172
Trd, 000278.800, 168
Trd, 000279.550, 170
Trd, 000279.600, 179
Trd, 000279.650, 179
Trd, 000280.533, 179
Trd, 000280.667, 177
Trd, 000281.383, 182
Trd, 000281.667, 183
Trd, 000281.767, 184
Trd, 000281.850, 181
Trd, 000282.750, 183
Trd, 000282.800, 181
Trd, 000282.817, 184
Trd, 000283.117, 186
Trd, 000283.900, 186
Trd, 000284.083, 180
Trd, 000284.367, 183
Trd, 000284.533, 188
Trd, 000285.167, 179
Trd, 000286.167, 187
Trd, 000286.433, 180
Trd, 000286.633, 188
Trd, 000287.900, 181
Trd, 000287.967, 188
Trd, 000288.267, 190
Trd, 000289.350, 177
Trd, 000290.117, 186
Trd, 000290.133, 187
Trd, 000290.350, 187
Trd, 000290.683, 188
Trd, 000291.317, 184
Trd, 000291.817, 187
Trd, 000291.933, 181
Trd, 000292.350, 180
Trd, 000292.867, 182
Trd, 000293.250, 184
Trd, 000293.767, 191
Trd, 000293.850, 180
Trd, 000294.317, 176
Trd, 000294.850, 180
Trd, 000294.933, 192
Trd, 000294.967, 175
Trd, 000295.283, 172
Trd, 000295.483, 174
Trd, 000295.900, 177
Trd, 000296.283, 186
Trd, 000296.883, 172
Trd, 000297.650, 166
Trd, 000297.667, 160
Trd, 000297.833, 181
Trd, 000298.167, 174
Trd, 000298.683, 177
Trd, 000298.900, 178
Trd, 000299.117, 171
Trd, 000299.817, 170
