Trd, 000001.450, 182
Trd, 000002.033, 151
Trd, 000002.900, 165
Trd, 000003.067, 144
Trd, 000004.033, 163
Trd, 000004.750, 163
Trd, 000004.850, 141
Trd, 000005.067, 165
Trd, 000005.233, 172
Trd, 000006.367, 164
Trd, 000006.800, 147
Trd, 000007.467, 164
Trd, 000007.850, 158
Trd, 000008.433, 159
Trd, 000009.083, 157
Trd, 000009.117, 159
Trd, 000009.450, 149
Trd, 000010.917, 153
Trd, 000011.167, 155
Trd, 000012.133, 152
Trd, 000012.300, 157
Trd, 000013.000, 157
Trd, 000013.583, 157
Trd, 000013.767, 152
Trd, 000014.600, 152
Trd, 000014.717, 152
Trd, 000014.900, 155
Trd, 000016.817, 155
Trd, 000017.117, 158
Trd, 000017.433, 158
Trd, 000017.900, 154
Trd, 000018.150, 166
Trd, 000018.167, 174
Trd, 000019.417, 167
Trd, 000020.017, 162
Trd, 000020.933, 170
Trd, 000021.500, 167
Trd, 000022.967, 153
Trd, 000023.200, 154
Trd, 000023.267, 156
Trd, 000023.917, 167
Trd, 000023.933, 155
Trd, 000025.100, 172
Trd, 000025.117, 160
Trd, 000025.500, 153
Trd, 000025.817, 174
Trd, 000025.917, 175
Trd, 000026.233, 166
Trd, 000027.383, 160
Trd, 000027.733, 129
Trd, 000027.900, 159
Trd, 000028.917, 155
Trd, 000029.000, 147
Trd, 000029.300, 156
Trd, 000029.917, 147
Trd, 000030.783, 151
Trd, 000030.800, 159
Trd, 000031.700, 168
Trd, 000032.033, 154
Trd, 000033.200, 154
Trd, 000033.350, 153
Trd, 000034.083, 151
Trd, 000034.317, 150
Trd, 000035.350, 150
Trd, 000035.617, 148
Trd, 000035.683, 149
Trd, 000036.867, 155
Trd, 000037.083, 168
Trd, 000038.417, 146
Trd, 000038.950, 156
Trd, 000038.967, 157
Trd, 000039.333, 155
Trd, 000039.583, 159
Trd, 000039.600, 155
Trd, 000039.900, 153
Trd, 000041.267, 155
Trd, 000043.483, 158
Trd, 000043.867, 166
Trd, 000044.167, 155
Trd, 000044.717, 159
Trd, 000044.817, 167
Trd, 000044.850, 155
Trd, 000044.867, 177
Trd, 000047.167, 157
Trd, 000047.267, 169
Trd, 000047.950, 161
Trd, 000048.550, 156
Trd, 000049.250, 157
Trd, 000049.783, 162
Trd, 000050.017, 166
Trd, 000050.617, 170
Trd, 000051.600, 156
Trd, 000051.633, 160
Trd, 000051.767, 156
Trd, 000053.017, 156
Trd, 000053.400, 157
Trd, 000054.667, 154
Trd, 000054.733, 155
Trd, 000055.367, 156
Trd, 000056.100, 157
Trd, 000056.800, 156
Trd, 000058.833, 156
Trd, 000059.083, 156
Trd, 000059.517, 157
Trd, 000059.717, 155
Trd, 000060.067, 154
Trd, 000060.867, 150
Trd, 000061.000, 169
Trd, 000061.283, 169
Trd, 000062.383, 163
Trd, 000063.000, 154
Trd, 000064.117, 157
Trd, 000064.133, 158
Trd, 000064.600, 159
Trd, 000064.867, 161
Trd, 000064.967, 166
Trd, 000065.517, 155
Trd, 000065.950, 150
Trd, 000066.033, 159
Trd, 000066.867, 160
Trd, 000067.633, 152
Trd, 000067.733, 172
Trd, 000068.200, 158
Trd, 000069.383, 159
Trd, 000069.600, 155
Trd, 000069.800, 162
Trd, 000069.817, 163
Trd, 000070.783, 164
Trd, 000071.717, 152
Trd, 000072.783, 158
Trd, 000072.833, 153
Trd, 000073.350, 162
Trd, 000073.400, 155
Trd, 000073.750, 159
Trd, 000074.133, 161
Trd, 000074.450, 162
Trd, 000074.750, 171
Trd, 000075.267, 156
Trd, 000075.767, 161
Trd, 000077.933, 153
Trd, 000078.267, 155
Trd, 000079.017, 156
Trd, 000079.417, 151
Trd, 000079.883, 163
Trd, 000080.583, 152
Trd, 000080.600, 173
Trd, 000080.667, 152
Trd, 000080.783, 178
Trd, 000082.050, 161
Trd, 000082.283, 162
Trd, 000082.933, 162
Trd, 000083.233, 163
Trd, 000084.983, 178
Trd, 000086.033, 180
Trd, 000086.233, 173
Trd, 000086.433, 165
Trd, 000086.533, 173
Trd, 000086.817, 173
Trd, 000087.150, 167
Trd, 000087.383, 165
Trd, 000087.667, 168
Trd, 000090.267, 167
Trd, 000090.350, 168
Trd, 000090.383, 169
Trd, 000091.333, 169
Trd, 000091.367, 169
Trd, 000092.183, 181
Trd, 000092.433, 166
Trd, 000092.450, 160
Trd, 000093.067, 167
Trd, 000093.200, 167
Trd, 000094.050, 164
Trd, 000094.200, 162
Trd, 000094.650, 167
Trd, 000095.250, 160
Trd, 000095.867, 173
Trd, 000095.900, 174
Trd, 000096.017, 169
Trd, 000097.550, 165
Trd, 000097.683, 169
Trd, 000097.883, 164
Trd, 000098.367, 168
Trd, 000098.467, 165
Trd, 000098.750, 189
Trd, 000099.500, 146
Trd, 000099.533, 163
Trd, 000099.550, 175
Trd, 000101.133, 175
Trd, 000101.467, 172
Trd, 000101.650, 175
Trd, 000102.500, 161
Trd, 000102.583, 173
Trd, 000102.833, 174
Trd, 000103.033, 147
Trd, 000103.217, 144
Trd, 000104.583, 162
Trd, 000104.617, 163
Trd, 000105.517, 161
Trd, 000105.917, 163
Trd, 000106.000, 161
Trd, 000106.617, 172
Trd, 000107.617, 169
Trd, 000107.783, 162
Trd, 000108.150, 161
Trd, 000108.650, 169
Trd, 000109.033, 160
Trd, 000109.433, 160
Trd, 000111.400, 175
Trd, 000112.117, 165
Trd, 000112.300, 167
Trd, 000112.517, 162
Trd, 000113.283, 155
Trd, 000114.550, 162
Trd, 000114.817, 167
Trd, 000115.350, 168
Trd, 000116.083, 165
Trd, 000116.433, 165
Trd, 000117.167, 163
Trd, 000117.783, 174
Trd, 000117.850, 170
Trd, 000118.550, 174
Trd, 000118.683, 169
Trd, 000118.917, 163
Trd, 000119.067, 176
Trd, 000119.150, 185
Trd, 000119.267, 155
Trd, 000121.033, 176
Trd, 000121.100, 177
Trd, 000121.117, 178
Trd, 000121.333, 187
Trd, 000121.783, 189
Trd, 000121.833, 189
Trd, 000121.983, 182
Trd, 000122.717, 186
Trd, 000122.750, 191
Trd, 000123.267, 205
Trd, 000123.450, 212
Trd, 000123.533, 278
Trd, 000124.300, 313.0
Trd, 000124.950, 337
Trd, 000125.783, 335
Trd, 000126.217, 338
Trd, 000126.233, 348.0
Trd, 000126.500, 333.0
Trd, 000126.583, 334.0
Trd, 000127.883, 331.0
Trd, 000128.417, 342
Trd, 000128.867, 347
Trd, 000128.883, 342
Trd, 000129.050, 313.0
Trd, 000129.200, 348.0
Trd, 000131.233, 361.0
Trd, 000131.283, 362.0
Trd, 000131.383, 353
Trd, 000131.433, 365.0
Trd, 000131.600, 347
Trd, 000132.383, 344.0
Trd, 000133.000, 343
Trd, 000133.333, 337.0
Trd, 000133.433, 337
Trd, 000134.583, 357
Trd, 000135.550, 351.0
Trd, 000136.467, 354
Trd, 000136.883, 355
Trd, 000137.133, 344.0
Trd, 000137.533, 345
Trd, 000138.217, 355
Trd, 000139.633, 353
Trd, 000139.650, 355
Trd, 000140.117, 339
Trd, 000140.133, 337.0
Trd, 000140.667, 356
Trd, 000141.033, 336
Trd, 000142.017, 353
Trd, 000142.683, 342
Trd, 000142.850, 354
Trd, 000143.300, 341
Trd, 000143.567, 340
Trd, 000144.433, 351.0
Trd, 000144.550, 353
Trd, 000144.600, 355
Trd, 000144.633, 357
Trd, 000144.967, 341
Trd, 000147.050, 341
Trd, 000147.767, 334
Trd, 000148.150, 334.0
Trd, 000148.917, 342
Trd, 000149.217, 335
Trd, 000149.400, 341
Trd, 000149.633, 333
Trd, 000151.083, 342
Trd, 000152.000, 348.0
Trd, 000152.150, 342
Trd, 000152.683, 356
Trd, 000152.717, 334
Trd, 000153.333, 352
Trd, 000154.067, 351.0
Trd, 000154.517, 348
Trd, 000155.550, 349
Trd, 000155.850, 350
Trd, 000155.883, 346
Trd, 000156.050, 355
Trd, 000156.233, 341
Trd, 000156.600, 343
Trd, 000157.300, 365.0
Trd, 000158.200, 373
Trd, 000159.517, 354
Trd, 000160.183, 354
Trd, 000160.333, 357
Trd, 000161.100, 361.0
Trd, 000161.700, 351.0
Trd, 000161.833, 344.0
Trd, 000161.883, 352
Trd, 000162.117, 347
Trd, 000163.500, 337.0
Trd, 000163.817, 346
Trd, 000163.983, 355
Trd, 000164.867, 355
Trd, 000165.250, 349
Trd, 000165.400, 357
Trd, 000165.600, 344
Trd, 000166.817, 334
Trd, 000168.650, 335
Trd, 000169.017, 348
Trd, 000169.333, 349
Trd, 000169.367, 350
Trd, 000169.467, 365.0
Trd, 000169.883, 351.0
Trd, 000170.283, 352
Trd, 000171.667, 344
Trd, 000172.767, 342
Trd, 000172.883, 338
Trd, 000173.083, 347
Trd, 000173.783, 348.0
Trd, 000173.917, 339
Trd, 000174.983, 344
Trd, 000175.233, 345
Trd, 000175.650, 355
Trd, 000176.683, 351.0
Trd, 000176.717, 342
Trd, 000176.933, 354
Trd, 000177.317, 337
Trd, 000177.333, 355
Trd, 000177.983, 337.0
Trd, 000178.000, 348
Trd, 000178.783, 333
Trd, 000179.933, 348.0
Trd, 000180.733, 341
Trd, 000181.100, 339
Trd, 000181.400, 355
Trd, 000181.750, 338
Trd, 000182.067, 333
Trd, 000182.100, 331.0
Trd, 000182.317, 327
Trd, 000182.467, 337
Trd, 000182.617, 327.0
Trd, 000182.917, 322
Trd, 000182.967, 313.0
Trd, 000183.517, 270
Trd, 000183.783, 197
Trd, 000184.917, 206
Trd, 000185.900, 200
Trd, 000186.183, 191
Trd, 000186.533, 185
Trd, 000187.533, 184
Trd, 000187.933, 184
Trd, 000188.667, 180
Trd, 000189.067, 180
Trd, 000189.317, 164
Trd, 000190.350, 172
Trd, 000190.800, 171
Trd, 000190.967, 170
Trd, 000191.200, 173
Trd, 000191.750, 170
Trd, 000192.517, 174
Trd, 000192.950, 165
Trd, 000193.967, 173
Trd, 000194.850, 170
Trd, 000195.433, 170
Trd, 000195.583, 173
Trd, 000195.767, 169
Trd, 000195.950, 182
Trd, 000196.483, 190
Trd, 000196.900, 189
Trd, 000198.400, 171
Trd, 000199.083, 177
Trd, 000200.183, 179
Trd, 000200.567, 157
Trd, 000200.683, 180
Trd, 000202.417, 179
Trd, 000202.567, 180
Trd, 000203.117, 171
Trd, 000203.150, 181
Trd, 000203.283, 185
Trd, 000204.333, 182
Trd, 000204.383, 174
Trd, 000204.933, 176
Trd, 000205.033, 175
Trd, 000206.200, 188
Trd, 000206.483, 186
Trd, 000208.133, 179
Trd, 000208.483, 175
Trd, 000209.733, 174
Trd, 000209.933, 181
Trd, 000209.983, 183
Trd, 000210.417, 184
Trd, 000210.450, 186
Trd, 000210.650, 172
Trd, 000211.017, 188
Trd, 000212.000, 186
Trd, 000212.633, 168
Trd, 000213.433, 187
Trd, 000214.533, 175
Trd, 000214.550, 186
Trd, 000215.050, 172
Trd, 000216.733, 186
Trd, 000216.917, 173
Trd, 000217.133, 180
Trd, 000218.267, 180
Trd, 000218.450, 181
Trd, 000218.650, 189
Trd, 000218.967, 177
Trd, 000219.717, 186
Trd, 000220.833, 181
Trd, 000221.317, 169
Trd, 000221.433, 159
Trd, 000222.200, 178
Trd, 000223.767, 177
Trd, 000224.250, 177
Trd, 000224.300, 181
Trd, 000226.117, 174
Trd, 000227.200, 173
Trd, 000228.400, 172
Trd, 000228.667, 172
Trd, 000228.883, 166
Trd, 000229.017, 172
Trd, 000229.067, 173
Trd, 000229.617, 188
Trd, 000230.817, 178
Trd, 000230.883, 169
Trd, 000231.800, 176
Trd, 000232.033, 174
Trd, 000232.183, 175
Trd, 000232.883, 168
Trd, 000233.483, 177
Trd, 000234.000, 174
Trd, 000234.217, 178
Trd, 000234.517, 189
Trd, 000234.617, 170
Trd, 000235.950, 172
Trd, 000237.633, 168
Trd, 000238.050, 181
Trd, 000238.367, 183
Trd, 000239.300, 183
Trd, 000240.000, 182
Trd, 000240.700, 179
Trd, 000241.067, 182
Trd, 000241.200, 179
Trd, 000241.233, 175
Trd, 000241.600, 174
Trd, 000241.667, 182
Trd, 000241.700, 182
Trd, 000242.067, 182
Trd, 000242.450, 179
Trd, 000243.150, 182
Trd, 000244.633, 180
Trd, 000244.733, 179
Trd, 000244.967, 176
Trd, 000245.133, 175
Trd, 000246.033, 176
Trd, 000246.917, 175
Trd, 000247.883, 171
Trd, 000249.017, 167
Trd, 000249.200, 173
Trd, 000249.333, 180
Trd, 000249.600, 181
Trd, 000250.250, 175
Trd, 000250.433, 177
Trd, 000250.483, 181
Trd, 000251.633, 178
Trd, 000251.650, 176
Trd, 000252.050, 181
Trd, 000252.233, 176
Trd, 000254.433, 182
Trd, 000254.517, 177
Trd, 000254.717, 176
Trd, 000255.250, 179
Trd, 000256.033, 178
Trd, 000256.050, 180
Trd, 000256.233, 175
Trd, 000256.333, 182
Trd, 000256.467, 181
Trd, 000256.650, 182
Trd, 000257.567, 176
Trd, 000258.500, 177
Trd, 000259.083, 176
Trd, 000259.267, 177
Trd, 000259.383, 173
Trd, 000260.933, 176
Trd, 000261.000, 174
Trd, 000261.117, 177
Trd, 000261.483, 173
Trd, 000262.017, 177
Trd, 000262.033, 178
Trd, 000262.217, 176
Trd, 000263.267, 177
Trd, 000263.517, 180
Trd, 000263.733, 181
Trd, 000264.350, 184
Trd, 000264.550, 188
Trd, 000265.800, 190
Trd, 000265.933, 189
Trd, 000266.300, 178
Trd, 000266.400, 178
Trd, 000266.933, 177
Trd, 000267.967, 177
Trd, 000268.000, 176
Trd, 000268.050, 183
Trd, 000268.083, 191
Trd, 000268.717, 177
Trd, 000268.967, 171
Trd, 000270.367, 173
Trd, 000270.750, 179
Trd, 000270.983, 169
Trd, 000272.167, 179
Trd, 000272.450, 178
Trd, 000273.433, 175
Trd, 000273.533, 176
Trd, 000273.750, 176
Trd, 000273.883, 171
Trd, 000274.800, 174
Trd, 000274.817, 168
Trd, 000275.117, 175
Trd, 000275.433, 169
Trd, 000276.167, 175
Trd, 000276.717, 181
Trd, 000276.917, 174
Trd, 000277.183, 183
Trd, 000277.867, 185
Trd, 000277.967, 192
Trd, 000278.200, 181
Trd, 000278.917, 179
Trd, 000279.633, 176
Trd, 000279.783, 177
Trd, 000279.883, 172
Trd, 000280.433, 169
Trd, 000281.850, 174
Trd, 000281.933, 173
Trd, 000282.150, 171
Trd, 000282.300, 174
Trd, 000282.800, 172
Trd, 000282.917, 183
Trd, 000283.983, 182
Trd, 000284.067, 173
Trd, 000284.367, 172
Trd, 000284.533, 171
Trd, 000284.717, 169
Trd, 000284.983, 169
Trd, 000285.083, 172
Trd, 000285.750, 186
Trd, 000286.200, 175
Trd, 000287.250, 184
Trd, 000288.533, 180
Trd, 000289.000, 181
Trd, 000289.167, 176
Trd, 000289.283, 174
Trd, 000289.317, 184
Trd, 000289.367, 191
Trd, 000290.400, 173
Trd, 000290.417, 187
Trd, 000290.850, 178
Trd, 000291.050, 189
Trd, 000291.383, 172
Trd, 000291.400, 194
Trd, 000291.833, 185
Trd, 000292.400, 180
Trd, 000293.383, 176
Trd, 000293.433, 170
Trd, 000293.517, 177
Trd, 000293.550, 178
Trd, 000293.867, 168
Trd, 000294.650, 180
Trd, 000295.467, 171
Trd, 000296.383, 182
Trd, 000296.517, 182
Trd, 000296.633, 170
Trd, 000296.683, 184
Trd, 000296.983, 171
Trd, 000297.500, 171
Trd, 000298.017, 184
Trd, 000298.433, 170
Trd, 000298.617, 185
Trd, 000299.733, 183
