Trd, 000000.767, 173
Trd, 000001.350, 124
Trd, 000002.700, 100
Trd, 000002.783, 127
Trd, 000002.933, 131
Trd, 000004.267, 117
Trd, 000004.283, 136
Trd, 000004.467, 137
Trd, 000004.733, 133
Trd, 000005.700, 119
Trd, 000005.883, 148
Trd, 000006.067, 157
Trd, 000006.333, 166
Trd, 000007.983, 151
Trd, 000008.983, 161
Trd, 000009.017, 160
Trd, 000010.700, 163
Trd, 000011.850, 164
Trd, 000013.000, 160
Trd, 000013.117, 157
Trd, 000013.283, 168
Trd, 000014.100, 156
Trd, 000015.100, 156
Trd, 000016.067, 162
Trd, 000018.083, 157
Trd, 000018.133, 149
Trd, 000018.383, 155
Trd, 000019.233, 153
Trd, 000020.167, 150
Trd, 000021.300, 155
Trd, 000021.633, 154
Trd, 000022.600, 154
Trd, 000022.817, 152
Trd, 000022.833, 150
Trd, 000023.183, 150
Trd, 000023.617, 154
Trd, 000024.017, 149
Trd, 000024.983, 151
Trd, 000025.500, 151
Trd, 000027.400, 153
Trd, 000027.800, 155
Trd, 000028.533, 154
Trd, 000028.967, 153
Trd, 000029.317, 154
Trd, 000030.633, 155
Trd, 000031.100, 154
Trd, 000031.217, 154
Trd, 000032.100, 154
Trd, 000032.233, 155
Trd, 000033.183, 154
Trd, 000034.283, 155
Trd, 000035.350, 155
Trd, 000035.800, 155
Trd, 000035.967, 154
Trd, 000037.517, 157
Trd, 000037.733, 155
Trd, 000038.433, 158
Trd, 000038.617, 158
Trd, 000039.267, 152
Trd, 000040.100, 169
Trd, 000040.267, 156
Trd, 000040.867, 145
Trd, 000041.717, 153
Trd, 000042.350, 153
Trd, 000042.867, 153
Trd, 000043.217, 152
Trd, 000045.367, 161
Trd, 000045.983, 159
Trd, 000046.983, 160
Trd, 000047.633, 170
Trd, 000048.400, 169
Trd, 000049.133, 166
Trd, 000049.283, 167
Trd, 000050.517, 163
Trd, 000051.667, 155
Trd, 000052.267, 155
Trd, 000052.317, 161
Trd, 000053.150, 160
Trd, 000054.000, 159
Trd, 000055.283, 158
Trd, 000055.567, 158
Trd, 000057.383, 161
Trd, 000057.750, 163
Trd, 000058.683, 171
Trd, 000059.583, 170
Trd, 000060.967, 169
Trd, 000063.033, 168
Trd, 000064.300, 168
Trd, 000064.317, 167
Trd, 000064.583, 168
Trd, 000064.767, 167
Trd, 000065.433, 167
Trd, 000067.583, 156
Trd, 000068.667, 155
Trd, 000069.483, 158
Trd, 000069.567, 159
Trd, 000069.650, 158
Trd, 000070.050, 161
Trd, 000070.617, 158
Trd, 000070.917, 158
Trd, 000072.067, 165
Trd, 000073.083, 163
Trd, 000073.117, 169
Trd, 000073.650, 150
Trd, 000074.067, 172
Trd, 000074.600, 158
Trd, 000078.100, 159
Trd, 000078.267, 158
Trd, 000079.333, 165
Trd, 000079.467, 162
Trd, 000079.583, 158
Trd, 000079.767, 165
Trd, 000080.483, 158
Trd, 000082.283, 162
Trd, 000082.783, 161
Trd, 000083.767, 157
Trd, 000084.117, 156
Trd, 000084.183, 156
Trd, 000084.850, 159
Trd, 000085.133, 158
Trd, 000086.117, 156
Trd, 000086.650, 158
Trd, 000087.133, 176
Trd, 000087.400, 156
Trd, 000087.500, 142
Trd, 000089.317, 158
Trd, 000089.900, 158
Trd, 000090.833, 157
Trd, 000091.250, 157
Trd, 000091.367, 156
Trd, 000091.550, 157
Trd, 000092.067, 157
Trd, 000094.067, 158
Trd, 000094.200, 156
Trd, 000094.617, 154
Trd, 000095.667, 155
Trd, 000096.800, 153
Trd, 000097.433, 148
Trd, 000097.583, 156
Trd, 000098.083, 157
Trd, 000099.917, 156
Trd, 000100.000, 157
Trd, 000100.433, 152
Trd, 000100.650, 141
Trd, 000102.083, 157
Trd, 000103.800, 157
Trd, 000104.333, 150
Trd, 000104.683, 150
Trd, 000105.067, 156
Trd, 000105.400, 157
Trd, 000105.600, 151
Trd, 000106.083, 150
Trd, 000108.033, 152
Trd, 000108.933, 152
Trd, 000109.683, 152
Trd, 000109.700, 154
Trd, 000110.400, 152
Trd, 000110.833, 152
Trd, 000110.883, 151
Trd, 000111.133, 155
Trd, 000111.167, 157
Trd, 000111.567, 151
Trd, 000111.600, 159
Trd, 000113.700, 164
Trd, 000114.233, 163
Trd, 000114.950, 162
Trd, 000115.267, 143
Trd, 000115.667, 165
Trd, 000116.150, 171
Trd, 000116.600, 140
Trd, 000117.183, 169
Trd, 000118.933, 162
Trd, 000119.583, 163
Trd, 000120.383, 165
Trd, 000120.967, 163
Trd, 000122.567, 180
Trd, 000122.683, 207
Trd, 000122.883, 208
Trd, 000123.117, 300.0
Trd, 000123.333, 317.0
Trd, 000123.617, 324.0
Trd, 000123.733, 331.0
Trd, 000125.250, 348.0
Trd, 000125.317, 344
Trd, 000127.050, 355
Trd, 000127.067, 347
Trd, 000128.650, 348.0
Trd, 000130.033, 350
Trd, 000130.917, 351
Trd, 000132.317, 350
Trd, 000133.367, 349
Trd, 000133.650, 348
Trd, 000134.183, 348.0
Trd, 000134.983, 335
Trd, 000135.067, 353
Trd, 000135.850, 351
Trd, 000136.367, 336.0
Trd, 000138.317, 348.0
Trd, 000138.350, 348
Trd, 000138.833, 340
Trd, 000138.850, 347
Trd, 000138.900, 347
Trd, 000139.300, 339
Trd, 000139.483, 338
Trd, 000139.967, 334.0
Trd, 000140.767, 346
Trd, 000142.167, 337
Trd, 000143.683, 338
Trd, 000144.733, 340
Trd, 000144.817, 339
Trd, 000145.117, 340
Trd, 000146.300, 339
Trd, 000146.433, 341
Trd, 000146.533, 334.0
Trd, 000146.867, 342
Trd, 000148.433, 344
Trd, 000148.467, 335
Trd, 000148.817, 336
Trd, 000149.650, 347
Trd, 000151.050, 336
Trd, 000151.067, 335
Trd, 000151.617, 344
Trd, 000151.833, 345
Trd, 000152.217, 335.0
Trd, 000153.350, 336
Trd, 000153.817, 343
Trd, 000154.217, 345
Trd, 000156.133, 340
Trd, 000156.717, 341
Trd, 000156.783, 334.0
Trd, 000157.733, 335
Trd, 000158.100, 365
Trd, 000158.467, 335
Trd, 000158.567, 339
Trd, 000159.333, 368.0
Trd, 000159.933, 333.0
Trd, 000160.767, 348.0
Trd, 000161.500, 348
Trd, 000161.700, 349
Trd, 000162.183, 346
Trd, 000163.433, 346
Trd, 000164.717, 350.0
Trd, 000165.533, 350.0
Trd, 000166.467, 351
Trd, 000167.133, 349
Trd, 000167.200, 350
Trd, 000168.517, 349
Trd, 000169.167, 350
Trd, 000169.433, 351
Trd, 000169.867, 348.0
Trd, 000170.300, 349
Trd, 000172.750, 349
Trd, 000173.917, 348
Trd, 000174.200, 347
Trd, 000175.483, 348
Trd, 000175.600, 352
Trd, 000176.167, 344
Trd, 000176.433, 344
Trd, 000177.283, 348.0
Trd, 000178.183, 351
Trd, 000179.317, 352
Trd, 000179.733, 350
Trd, 000180.983, 353
Trd, 000181.133, 354
Trd, 000181.217, 348.0
Trd, 000181.950, 348
Trd, 000182.133, 365.0
Trd, 000182.150, 334.0
Trd, 000182.267, 331.0
Trd, 000182.667, 332
Trd, 000182.683, 317.0
Trd, 000182.800, 327
Trd, 000183.533, 328
Trd, 000183.700, 327.0
Trd, 000184.450, 310.0
Trd, 000184.867, 217
Trd, 000185.667, 211
Trd, 000186.617, 168
Trd, 000187.683, 186
Trd, 000187.933, 174
Trd, 000188.617, 184
Trd, 000188.867, 186
Trd, 000189.583, 186
Trd, 000191.200, 175
Trd, 000191.733, 175
Trd, 000192.033, 172
Trd, 000192.350, 185
Trd, 000192.633, 186
Trd, 000195.067, 182
Trd, 000195.983, 181
Trd, 000196.100, 179
Trd, 000198.367, 183
Trd, 000198.883, 181
Trd, 000198.900, 177
Trd, 000200.800, 180
Trd, 000200.950, 177
Trd, 000201.383, 178
Trd, 000201.467, 179
Trd, 000202.050, 169
Trd, 000202.217, 154
Trd, 000202.350, 151
Trd, 000203.083, 147
Trd, 000203.633, 171
Trd, 000204.550, 171
Trd, 000205.000, 169
Trd, 000206.967, 169
Trd, 000209.067, 170
Trd, 000209.517, 169
Trd, 000210.300, 169
Trd, 000210.383, 170
Trd, 000210.717, 168
Trd, 000211.600, 171
Trd, 000212.250, 171
Trd, 000212.483, 170
Trd, 000214.333, 173
Trd, 000214.567, 174
Trd, 000214.650, 172
Trd, 000215.683, 173
Trd, 000218.250, 171
Trd, 000218.917, 170
Trd, 000219.050, 170
Trd, 000220.200, 171
Trd, 000220.300, 170
Trd, 000220.517, 170
Trd, 000221.167, 170
Trd, 000221.183, 172
Trd, 000222.683, 169
Trd, 000223.000, 171
Trd, 000223.533, 169
Trd, 000223.650, 169
Trd, 000224.117, 169
Trd, 000224.767, 168
Trd, 000224.967, 170
Trd, 000225.383, 170
Trd, 000225.633, 190
Trd, 000226.017, 167
Trd, 000226.883, 167
Trd, 000227.650, 169
Trd, 000228.650, 170
Trd, 000229.583, 170
Trd, 000229.717, 171
Trd, 000229.867, 169
Trd, 000230.750, 171
Trd, 000230.783, 171
Trd, 000231.150, 191
Trd, 000231.650, 170
Trd, 000233.167, 172
Trd, 000233.667, 174
Trd, 000234.000, 171
Trd, 000234.717, 172
Trd, 000236.433, 172
Trd, 000236.967, 175
Trd, 000238.100, 173
Trd, 000238.367, 172
Trd, 000238.883, 174
Trd, 000239.867, 175
Trd, 000240.150, 190
Trd, 000240.550, 183
Trd, 000240.750, 182
Trd, 000240.767, 181
Trd, 000241.783, 179
Trd, 000242.067, 180
Trd, 000242.917, 179
Trd, 000243.267, 179
Trd, 000243.767, 175
Trd, 000243.917, 178
Trd, 000244.067, 175
Trd, 000244.717, 174
Trd, 000245.000, 168
Trd, 000245.117, 158
Trd, 000245.900, 155
Trd, 000246.567, 164
Trd, 000246.800, 167
Trd, 000246.817, 166
Trd, 000247.083, 167
Trd, 000247.900, 166
Trd, 000247.950, 164
Trd, 000249.133, 164
Trd, 000250.217, 163
Trd, 000251.067, 157
Trd, 000251.350, 164
Trd, 000252.367, 165
Trd, 000252.517, 166
Trd, 000252.950, 163
Trd, 000253.700, 162
Trd, 000253.900, 165
Trd, 000254.483, 164
Trd, 000254.767, 164
Trd, 000255.750, 166
Trd, 000255.850, 167
Trd, 000255.900, 162
Trd, 000255.983, 170
Trd, 000256.033, 173
Trd, 000257.133, 167
Trd, 000257.317, 168
Trd, 000257.617, 169
Trd, 000257.650, 164
Trd, 000258.817, 169
Trd, 000259.067, 170
Trd, 000259.250, 168
Trd, 000259.517, 174
Trd, 000259.817, 189
Trd, 000260.117, 175
Trd, 000260.883, 177
Trd, 000261.033, 177
Trd, 000261.300, 179
Trd, 000261.650, 180
Trd, 000262.283, 183
Trd, 000262.533, 184
Trd, 000263.917, 182
Trd, 000264.167, 180
Trd, 000264.550, 180
Trd, 000264.617, 180
Trd, 000265.017, 177
Trd, 000265.733, 177
Trd, 000266.567, 178
Trd, 000267.383, 178
Trd, 000267.467, 175
Trd, 000268.400, 177
Trd, 000268.433, 175
Trd, 000269.400, 166
Trd, 000269.650, 169
Trd, 000269.817, 161
Trd, 000269.983, 174
Trd, 000270.717, 174
Trd, 000271.000, 175
Trd, 000271.200, 173
Trd, 000271.500, 171
Trd, 000271.567, 170
Trd, 000271.667, 170
Trd, 000271.817, 172
Trd, 000272.383, 175
Trd, 000273.183, 171
Trd, 000273.833, 181
Trd, 000274.633, 181
Trd, 000275.400, 182
Trd, 000276.150, 180
Trd, 000276.183, 178
Trd, 000276.583, 177
Trd, 000276.767, 182
Trd, 000276.833, 183
Trd, 000277.400, 177
Trd, 000277.767, 177
Trd, 000278.750, 177
Trd, 000279.083, 176
Trd, 000279.150, 178
Trd, 000280.150, 179
Trd, 000280.283, 177
Trd, 000281.100, 176
Trd, 000281.200, 175
Trd, 000281.367, 177
Trd, 000281.467, 178
Trd, 000282.817, 186
Trd, 000283.333, 181
Trd, 000283.350, 177
Trd, 000283.683, 185
Trd, 000284.083, 188
Trd, 000284.233, 181
Trd, 000284.250, 180
Trd, 000284.517, 180
Trd, 000285.483, 179
Trd, 000285.917, 179
Trd, 000286.483, 187
Trd, 000286.983, 178
Trd, 000287.650, 178
Trd, 000287.967, 180
Trd, 000288.017, 177
Trd, 000288.967, 163
Trd, 000289.000, 180
Trd, 000289.233, 173
Trd, 000290.033, 174
Trd, 000290.483, 177
Trd, 000291.033, 175
Trd, 000291.083, 175
Trd, 000291.533, 174
Trd, 000291.833, 177
Trd, 000292.650, 177
Trd, 000292.817, 176
Trd, 000293.200, 177
Trd, 000293.767, 176
Trd, 000293.867, 173
Trd, 000294.800, 174
Trd, 000294.967, 174
Trd, 000295.183, 173
Trd, 000295.300, 177
Trd, 000296.050, 179
Trd, 000296.800, 180
Trd, 000297.033, 174
Trd, 000297.133, 172
Trd, 000298.150, 187
Trd, 000299.317, 179
Trd, 000299.900, 181
