Trd, 000002.150, 113
Trd, 000002.383, 124
Trd, 000002.750, 167
Trd, 000003.583, 120
Trd, 000004.483, 142
Trd, 000005.217, 142
Trd, 000005.283, 141
Trd, 000005.433, 144
Trd, 000005.483, 140
Trd, 000005.500, 168
Trd, 000005.933, 169
Trd, 000006.167, 145
Trd, 000007.083, 151
Trd, 000007.117, 150
Trd, 000007.833, 155
Trd, 000009.683, 159
Trd, 000010.117, 158
Trd, 000010.300, 159
Trd, 000012.017, 156
Trd, 000012.533, 157
Trd, 000012.550, 156
Trd, 000012.750, 155
Trd, 000014.800, 152
Trd, 000014.933, 155
Trd, 000014.967, 157
Trd, 000015.350, 156
Trd, 000015.400, 152
Trd, 000015.583, 166
Trd, 000017.083, 149
Trd, 000017.567, 159
Trd, 000017.650, 148
Trd, 000017.833, 146
Trd, 000017.850, 141
Trd, 000019.367, 143
Trd, 000019.600, 157
Trd, 000021.400, 146
Trd, 000022.200, 145
Trd, 000022.567, 144
Trd, 000023.317, 143
Trd, 000023.333, 142
Trd, 000023.600, 141
Trd, 000023.850, 140
Trd, 000024.133, 145
Trd, 000025.483, 145
Trd, 000025.600, 146
Trd, 000026.350, 149
Trd, 000026.683, 157
Trd, 000027.000, 155
Trd, 000028.033, 151
Trd, 000028.300, 157
Trd, 000028.467, 168
Trd, 000028.600, 153
Trd, 000030.517, 157
Trd, 000032.033, 158
Trd, 000032.267, 157
Trd, 000032.983, 157
Trd, 000033.783, 157
Trd, 000033.817, 157
Trd, 000034.983, 156
Trd, 000035.683, 155
Trd, 000036.167, 154
Trd, 000036.267, 154
Trd, 000036.533, 150
Trd, 000037.133, 147
Trd, 000037.450, 148
Trd, 000037.917, 145
Trd, 000038.067, 151
Trd, 000038.317, 158
Trd, 000038.567, 142
Trd, 000039.483, 150
Trd, 000040.317, 151
Trd, 000040.833, 153
Trd, 000041.050, 152
Trd, 000041.100, 151
Trd, 000041.783, 148
Trd, 000041.950, 148
Trd, 000042.400, 137
Trd, 000043.300, 152
Trd, 000043.400, 144
Trd, 000043.550, 154
Trd, 000045.067, 168
Trd, 000045.667, 168
Trd, 000045.917, 160
Trd, 000046.033, 159
Trd, 000048.017, 161
Trd, 000048.133, 161
Trd, 000048.750, 160
Trd, 000049.367, 161
Trd, 000051.017, 162
Trd, 000051.250, 163
Trd, 000051.583, 164
Trd, 000052.450, 159
Trd, 000052.633, 164
Trd, 000053.033, 165
Trd, 000053.950, 162
Trd, 000053.983, 160
Trd, 000054.183, 159
Trd, 000055.333, 160
Trd, 000056.033, 158
Trd, 000056.900, 159
Trd, 000057.250, 157
Trd, 000057.667, 160
Trd, 000058.617, 159
Trd, 000059.133, 157
Trd, 000060.150, 156
Trd, 000060.917, 153
Trd, 000062.050, 153
Trd, 000062.333, 153
Trd, 000062.750, 151
Trd, 000062.833, 150
Trd, 000063.067, 153
Trd, 000063.133, 144
Trd, 000063.333, 153
Trd, 000063.933, 146
Trd, 000065.317, 169
Trd, 000065.850, 156
Trd, 000066.183, 155
Trd, 000066.950, 156
Trd, 000067.417, 164
Trd, 000068.100, 155
Trd, 000069.083, 154
Trd, 000069.650, 160
Trd, 000070.167, 151
Trd, 000070.667, 152
Trd, 000070.683, 151
Trd, 000070.833, 145
Trd, 000070.850, 159
Trd, 000071.600, 152
Trd, 000072.350, 151
Trd, 000073.200, 150
Trd, 000073.550, 151
Trd, 000075.467, 158
Trd, 000076.417, 161
Trd, 000076.750, 160
Trd, 000077.633, 159
Trd, 000077.817, 158
Trd, 000077.900, 162
Trd, 000077.967, 159
Trd, 000078.067, 158
Trd, 000078.400, 163
Trd, 000080.067, 170
Trd, 000080.133, 168
Trd, 000080.733, 169
Trd, 000081.017, 168
Trd, 000081.883, 169
Trd, 000081.900, 168
Trd, 000082.117, 169
Trd, 000082.517, 167
Trd, 000083.750, 166
Trd, 000083.783, 169
Trd, 000084.933, 159
Trd, 000084.950, 169
Trd, 000085.433, 156
Trd, 000086.133, 173
Trd, 000088.050, 167
Trd, 000088.200, 165
Trd, 000088.700, 165
Trd, 000088.767, 172
Trd, 000089.650, 170
Trd, 000090.283, 169
Trd, 000091.000, 168
Trd, 000091.683, 167
Trd, 000091.900, 160
Trd, 000091.983, 154
Trd, 000092.250, 153
Trd, 000093.117, 170
Trd, 000093.967, 170
Trd, 000094.250, 170
Trd, 000094.933, 169
Trd, 000094.950, 168
Trd, 000095.817, 169
Trd, 000095.883, 170
Trd, 000095.917, 168
Trd, 000096.000, 174
Trd, 000097.733, 173
Trd, 000098.083, 169
Trd, 000098.733, 168
Trd, 000099.833, 157
Trd, 000100.250, 156
Trd, 000100.983, 164
Trd, 000101.300, 159
Trd, 000101.417, 166
Trd, 000102.717, 163
Trd, 000104.117, 162
Trd, 000104.717, 162
Trd, 000105.167, 161
Trd, 000105.283, 161
Trd, 000105.700, 163
Trd, 000105.900, 164
Trd, 000106.083, 161
Trd, 000106.517, 160
Trd, 000106.650, 159
Trd, 000106.983, 166
Trd, 000107.367, 157
Trd, 000110.117, 158
Trd, 000110.633, 164
Trd, 000111.550, 159
Trd, 000111.950, 166
Trd, 000112.233, 178
Trd, 000112.367, 179
Trd, 000113.467, 169
Trd, 000113.617, 168
Trd, 000114.000, 167
Trd, 000115.400, 169
Trd, 000115.617, 168
Trd, 000115.833, 167
Trd, 000116.700, 152
Trd, 000117.217, 160
Trd, 000117.567, 159
Trd, 000117.633, 166
Trd, 000118.667, 161
Trd, 000119.400, 161
Trd, 000119.683, 164
Trd, 000120.100, 161
Trd, 000121.683, 166
Trd, 000121.850, 167
Trd, 000122.433, 177
Trd, 000122.500, 180
Trd, 000122.800, 184
Trd, 000122.833, 194
Trd, 000123.233, 201
Trd, 000123.767, 215
Trd, 000124.667, 229
Trd, 000125.333, 313.0
Trd, 000126.017, 317.0
Trd, 000126.183, 324.0
Trd, 000126.883, 327.0
Trd, 000127.100, 331
Trd, 000128.200, 331.0
Trd, 000128.917, 343.0
Trd, 000130.433, 335
Trd, 000130.633, 336
Trd, 000130.700, 333
Trd, 000131.067, 339.0
Trd, 000131.183, 341.0
Trd, 000132.850, 336
Trd, 000132.983, 340
Trd, 000133.400, 338
Trd, 000133.583, 338
Trd, 000134.717, 342
Trd, 000134.983, 341
Trd, 000135.767, 339
Trd, 000135.800, 341.0
Trd, 000136.650, 338
Trd, 000137.600, 337
Trd, 000137.650, 336
Trd, 000138.167, 340
Trd, 000139.733, 339
Trd, 000140.067, 339
Trd, 000140.217, 344.0
Trd, 000141.167, 340
Trd, 000142.067, 346
Trd, 000142.383, 355
Trd, 000143.267, 349
Trd, 000143.450, 352
Trd, 000143.933, 358
Trd, 000144.033, 353
Trd, 000144.250, 352
Trd, 000144.450, 344.0
Trd, 000145.500, 343
Trd, 000145.550, 336
Trd, 000148.067, 353
Trd, 000148.200, 346
Trd, 000148.333, 352
Trd, 000148.767, 346
Trd, 000148.800, 344
Trd, 000149.933, 344.0
Trd, 000150.167, 334
Trd, 000150.667, 336
Trd, 000151.917, 350
Trd, 000151.967, 342
Trd, 000152.650, 355
Trd, 000153.617, 353
Trd, 000155.650, 358
Trd, 000155.750, 358
Trd, 000156.350, 358
Trd, 000156.533, 359
Trd, 000156.717, 360
Trd, 000156.783, 358
Trd, 000156.833, 351
Trd, 000157.050, 351.0
Trd, 000157.400, 360
Trd, 000157.550, 356
Trd, 000158.200, 362
Trd, 000158.300, 352
Trd, 000158.567, 344.0
Trd, 000158.950, 333
Trd, 000160.433, 335
Trd, 000161.417, 335
Trd, 000161.617, 334
Trd, 000161.767, 335
Trd, 000162.800, 337
Trd, 000163.867, 340
Trd, 000164.933, 340
Trd, 000165.583, 344.0
Trd, 000165.617, 344
Trd, 000165.700, 343
Trd, 000165.983, 338
Trd, 000166.017, 337
Trd, 000166.967, 344
Trd, 000167.733, 345
Trd, 000168.317, 348
Trd, 000168.433, 336
Trd, 000169.017, 339
Trd, 000169.117, 333
Trd, 000169.617, 332
Trd, 000170.750, 332
Trd, 000171.733, 333
Trd, 000172.267, 339.0
Trd, 000173.667, 337.0
Trd, 000173.733, 336
Trd, 000174.433, 335
Trd, 000174.667, 335
Trd, 000175.500, 334
Trd, 000175.917, 332
Trd, 000176.083, 344.0
Trd, 000176.700, 355
Trd, 000177.483, 346.0
Trd, 000178.700, 357
Trd, 000179.067, 345
Trd, 000179.183, 344
Trd, 000179.283, 358
Trd, 000180.617, 349
Trd, 000181.767, 351.0
Trd, 000181.783, 351
Trd, 000182.383, 345
Trd, 000182.500, 344.0
Trd, 000182.750, 343
Trd, 000183.300, 333
Trd, 000183.567, 324.0
Trd, 000183.883, 320.0
Trd, 000184.000, 290
Trd, 000184.767, 277
Trd, 000185.300, 236
Trd, 000185.650, 207
Trd, 000186.167, 205
Trd, 000186.433, 204
Trd, 000186.667, 198
Trd, 000187.250, 180
Trd, 000187.867, 178
Trd, 000188.183, 198
Trd, 000188.550, 170
Trd, 000188.617, 198
Trd, 000188.667, 169
Trd, 000191.283, 175
Trd, 000191.500, 176
Trd, 000191.633, 176
Trd, 000191.667, 174
Trd, 000191.883, 191
Trd, 000192.333, 170
Trd, 000193.550, 166
Trd, 000193.583, 159
Trd, 000193.617, 158
Trd, 000194.183, 163
Trd, 000194.350, 177
Trd, 000194.667, 161
Trd, 000196.633, 164
Trd, 000197.150, 165
Trd, 000197.283, 164
Trd, 000197.550, 160
Trd, 000199.017, 163
Trd, 000199.267, 163
Trd, 000199.833, 162
Trd, 000200.033, 163
Trd, 000200.283, 155
Trd, 000201.067, 160
Trd, 000201.117, 164
Trd, 000201.200, 175
Trd, 000202.500, 191
Trd, 000203.067, 163
Trd, 000203.700, 162
Trd, 000203.817, 164
Trd, 000204.967, 162
Trd, 000205.233, 154
Trd, 000205.867, 175
Trd, 000206.000, 179
Trd, 000207.150, 170
Trd, 000207.267, 169
Trd, 000207.450, 168
Trd, 000208.500, 167
Trd, 000208.667, 167
Trd, 000208.983, 171
Trd, 000209.017, 166
Trd, 000209.233, 173
Trd, 000212.283, 170
Trd, 000212.350, 176
Trd, 000212.933, 167
Trd, 000214.383, 167
Trd, 000214.500, 167
Trd, 000214.650, 165
Trd, 000215.033, 165
Trd, 000215.867, 167
Trd, 000216.517, 167
Trd, 000216.767, 190
Trd, 000216.883, 192
Trd, 000217.400, 170
Trd, 000218.600, 178
Trd, 000219.317, 180
Trd, 000219.633, 178
Trd, 000220.083, 189
Trd, 000220.217, 190
Trd, 000220.283, 174
Trd, 000221.033, 171
Trd, 000223.000, 184
Trd, 000223.050, 170
Trd, 000223.817, 169
Trd, 000224.200, 166
Trd, 000224.550, 194
Trd, 000225.000, 173
Trd, 000225.400, 169
Trd, 000226.700, 171
Trd, 000227.183, 161
Trd, 000229.183, 172
Trd, 000229.300, 172
Trd, 000229.333, 169
Trd, 000229.650, 170
Trd, 000230.067, 167
Trd, 000230.683, 161
Trd, 000231.067, 169
Trd, 000232.117, 167
Trd, 000232.833, 169
Trd, 000233.750, 167
Trd, 000233.767, 166
Trd, 000235.050, 156
Trd, 000235.600, 164
Trd, 000236.700, 167
Trd, 000236.900, 163
Trd, 000237.100, 161
Trd, 000237.883, 172
Trd, 000237.933, 168
Trd, 000238.733, 170
Trd, 000238.817, 172
Trd, 000239.900, 174
Trd, 000240.150, 170
Trd, 000240.267, 171
Trd, 000240.333, 172
Trd, 000240.767, 172
Trd, 000241.050, 174
Trd, 000242.050, 174
Trd, 000242.217, 175
Trd, 000243.350, 179
Trd, 000243.633, 186
Trd, 000244.000, 186
Trd, 000244.383, 181
Trd, 000244.667, 184
Trd, 000245.150, 186
Trd, 000245.367, 186
Trd, 000245.683, 186
Trd, 000246.533, 187
Trd, 000247.567, 185
Trd, 000247.667, 186
Trd, 000247.917, 184
Trd, 000248.133, 183
Trd, 000249.050, 174
Trd, 000249.300, 180
Trd, 000249.583, 179
Trd, 000249.933, 172
Trd, 000250.083, 172
Trd, 000250.400, 169
Trd, 000251.483, 169
Trd, 000251.817, 172
Trd, 000251.933, 171
Trd, 000252.433, 173
Trd, 000252.483, 173
Trd, 000253.767, 173
Trd, 000254.000, 172
Trd, 000254.667, 173
Trd, 000254.983, 173
Trd, 000255.050, 172
Trd, 000255.617, 173
Trd, 000255.783, 171
Trd, 000256.533, 177
Trd, 000256.800, 180
Trd, 000256.833, 181
Trd, 000256.867, 177
Trd, 000256.983, 170
Trd, 000257.583, 187
Trd, 000257.933, 174
Trd, 000258.383, 180
Trd, 000258.750, 188
Trd, 000258.933, 175
Trd, 000260.200, 179
Trd, 000260.217, 183
Trd, 000260.450, 179
Trd, 000260.483, 177
Trd, 000262.167, 182
Trd, 000262.317, 181
Trd, 000262.483, 181
Trd, 000262.817, 181
Trd, 000263.000, 182
Trd, 000263.217, 181
Trd, 000263.333, 177
Trd, 000263.517, 173
Trd, 000263.700, 183
Trd, 000264.233, 182
Trd, 000265.283, 188
Trd, 000265.383, 182
Trd, 000266.717, 185
Trd, 000266.850, 189
Trd, 000266.983, 184
Trd, 000267.083, 190
Trd, 000267.383, 191
Trd, 000267.433, 174
Trd, 000268.267, 181
Trd, 000269.017, 189
Trd, 000269.583, 189
Trd, 000269.933, 174
Trd, 000270.033, 175
Trd, 000270.233, 172
Trd, 000270.450, 180
Trd, 000270.517, 171
Trd, 000271.767, 175
Trd, 000272.117, 176
Trd, 000272.183, 177
Trd, 000272.550, 192
Trd, 000272.633, 195
Trd, 000272.983, 199
Trd, 000273.000, 181
Trd, 000273.867, 182
Trd, 000274.250, 180
Trd, 000274.650, 176
Trd, 000274.733, 175
Trd, 000274.883, 172
Trd, 000275.000, 176
Trd, 000275.083, 183
Trd, 000276.733, 175
Trd, 000276.767, 176
Trd, 000276.933, 172
Trd, 000277.167, 174
Trd, 000277.333, 173
Trd, 000277.500, 182
Trd, 000278.683, 182
Trd, 000279.017, 175
Trd, 000279.133, 176
Trd, 000279.800, 181
Trd, 000279.850, 173
Trd, 000280.333, 172
Trd, 000280.883, 178
Trd, 000281.783, 177
Trd, 000282.467, 175
Trd, 000282.483, 176
Trd, 000282.800, 176
Trd, 000283.283, 184
Trd, 000283.817, 188
Trd, 000284.467, 187
Trd, 000284.800, 186
Trd, 000284.833, 188
Trd, 000285.183, 190
Trd, 000285.433, 193
Trd, 000285.683, 197
Trd, 000286.083, 191
Trd, 000287.317, 193
Trd, 000287.667, 192
Trd, 000287.700, 196
Trd, 000287.850, 191
Trd, 000288.183, 186
Trd, 000288.350, 185
Trd, 000288.600, 179
Trd, 000288.733, 183
Trd, 000289.500, 187
Trd, 000289.933, 180
Trd, 000290.017, 178
Trd, 000290.400, 187
Trd, 000290.417, 176
Trd, 000290.850, 178
Trd, 000291.550, 176
Trd, 000292.017, 187
Trd, 000292.500, 189
Trd, 000292.800, 190
Trd, 000292.850, 179
Trd, 000293.633, 190
Trd, 000293.733, 182
Trd, 000293.800, 180
Trd, 000294.867, 180
Trd, 000294.933, 190
Trd, 000295.017, 191
Trd, 000295.867, 180
Trd, 000296.033, 174
Trd, 000296.050, 173
Trd, 000296.300, 169
Trd, 000296.500, 186
Trd, 000296.900, 173
Trd, 000296.917, 194
Trd, 000296.983, 168
Trd, 000297.883, 196
Trd, 000297.967, 197
Trd, 000298.017, 198
Trd, 000298.550, 179
