Trd, 000001.633, 125
Trd, 000001.700, 144
Trd, 000003.667, 165
Trd, 000004.383, 142
Trd, 000004.600, 141
Trd, 000004.717, 141
Trd, 000005.217, 150
Trd, 000005.333, 151
Trd, 000006.700, 150
Trd, 000006.950, 151
Trd, 000007.317, 150
Trd, 000007.350, 151
Trd, 000007.900, 152
Trd, 000008.400, 152
Trd, 000008.700, 152
Trd, 000009.033, 150
Trd, 000009.450, 149
Trd, 000009.567, 151
Trd, 000011.283, 145
Trd, 000012.033, 142
Trd, 000013.050, 144
Trd, 000013.233, 145
Trd, 000013.767, 147
Trd, 000014.133, 146
Trd, 000014.217, 147
Trd, 000014.483, 147
Trd, 000015.150, 146
Trd, 000016.083, 152
Trd, 000016.100, 163
Trd, 000016.750, 146
Trd, 000017.650, 159
Trd, 000017.950, 162
Trd, 000018.467, 159
Trd, 000019.117, 147
Trd, 000019.467, 147
Trd, 000020.133, 147
Trd, 000020.433, 160
Trd, 000021.367, 146
Trd, 000021.433, 145
Trd, 000021.450, 143
Trd, 000022.600, 132
Trd, 000022.867, 133
Trd, 000023.017, 134
Trd, 000023.100, 136
Trd, 000024.700, 136
Trd, 000024.867, 135
Trd, 000025.150, 136
Trd, 000025.333, 137
Trd, 000026.217, 141
Trd, 000026.567, 137
Trd, 000026.817, 144
Trd, 000027.617, 148
Trd, 000027.950, 170
Trd, 000028.367, 142
Trd, 000028.683, 153
Trd, 000029.183, 145
Trd, 000029.433, 151
Trd, 000029.767, 168
Trd, 000030.250, 169
Trd, 000031.033, 161
Trd, 000032.967, 159
Trd, 000033.200, 163
Trd, 000033.317, 171
Trd, 000034.700, 174
Trd, 000035.317, 158
Trd, 000036.000, 157
Trd, 000036.050, 164
Trd, 000037.717, 162
Trd, 000037.767, 159
Trd, 000038.367, 159
Trd, 000038.783, 157
Trd, 000039.167, 157
Trd, 000039.217, 145
Trd, 000039.433, 138
Trd, 000039.883, 148
Trd, 000040.433, 144
Trd, 000040.767, 155
Trd, 000041.667, 134
Trd, 000043.083, 151
Trd, 000043.350, 149
Trd, 000043.467, 148
Trd, 000043.967, 145
Trd, 000044.117, 148
Trd, 000044.317, 159
Trd, 000044.583, 144
Trd, 000045.000, 138
Trd, 000045.767, 136
Trd, 000046.333, 137
Trd, 000047.133, 137
Trd, 000048.450, 138
Trd, 000048.600, 147
Trd, 000048.833, 144
Trd, 000049.817, 145
Trd, 000050.933, 139
Trd, 000050.967, 146
Trd, 000052.533, 149
Trd, 000052.583, 153
Trd, 000052.717, 147
Trd, 000053.800, 149
Trd, 000053.817, 148
Trd, 000053.950, 148
Trd, 000054.067, 153
Trd, 000054.483, 156
Trd, 000054.783, 149
Trd, 000055.400, 148
Trd, 000055.817, 149
Trd, 000056.283, 149
Trd, 000057.050, 150
Trd, 000057.800, 151
Trd, 000059.133, 158
Trd, 000059.350, 158
Trd, 000059.483, 168
Trd, 000060.233, 159
Trd, 000060.583, 165
Trd, 000060.717, 159
Trd, 000062.083, 159
Trd, 000063.533, 157
Trd, 000063.717, 150
Trd, 000063.817, 157
Trd, 000063.883, 158
Trd, 000064.250, 153
Trd, 000064.667, 158
Trd, 000064.717, 159
Trd, 000066.033, 158
Trd, 000067.100, 157
Trd, 000067.500, 157
Trd, 000067.567, 157
Trd, 000067.850, 154
Trd, 000067.933, 151
Trd, 000068.983, 148
Trd, 000069.717, 153
Trd, 000069.900, 154
Trd, 000070.167, 152
Trd, 000070.217, 151
Trd, 000070.917, 147
Trd, 000071.133, 147
Trd, 000071.783, 158
Trd, 000071.817, 151
Trd, 000072.000, 148
Trd, 000072.533, 152
Trd, 000074.017, 158
Trd, 000074.150, 158
Trd, 000074.767, 157
Trd, 000075.750, 158
Trd, 000076.483, 159
Trd, 000076.767, 168
Trd, 000077.183, 168
Trd, 000077.283, 158
Trd, 000077.300, 152
Trd, 000078.483, 158
Trd, 000078.800, 159
Trd, 000080.050, 157
Trd, 000080.583, 158
Trd, 000081.850, 160
Trd, 000082.467, 159
Trd, 000083.033, 157
Trd, 000083.700, 158
Trd, 000084.067, 159
Trd, 000084.367, 158
Trd, 000084.900, 156
Trd, 000085.000, 159
Trd, 000085.533, 150
Trd, 000085.850, 157
Trd, 000086.483, 151
Trd, 000086.967, 158
Trd, 000087.217, 152
Trd, 000089.033, 156
Trd, 000089.617, 158
Trd, 000089.767, 159
Trd, 000090.233, 159
Trd, 000090.800, 160
Trd, 000091.067, 158
Trd, 000091.350, 155
Trd, 000091.383, 155
Trd, 000091.617, 150
Trd, 000092.283, 148
Trd, 000092.333, 149
Trd, 000093.133, 153
Trd, 000093.817, 153
Trd, 000093.917, 151
Trd, 000094.733, 164
Trd, 000095.700, 151
Trd, 000096.133, 158
Trd, 000097.017, 156
Trd, 000097.133, 154
Trd, 000097.183, 156
Trd, 000098.000, 156
Trd, 000098.150, 155
Trd, 000098.417, 156
Trd, 000099.017, 155
Trd, 000099.417, 161
Trd, 000100.750, 157
Trd, 000101.200, 175
Trd, 000101.617, 181
Trd, 000101.767, 178
Trd, 000104.167, 167
Trd, 000104.767, 166
Trd, 000105.183, 166
Trd, 000105.533, 165
Trd, 000105.583, 164
Trd, 000105.667, 166
Trd, 000106.600, 165
Trd, 000107.050, 169
Trd, 000107.100, 166
Trd, 000107.150, 165
Trd, 000107.500, 170
Trd, 000107.883, 175
Trd, 000108.283, 156
Trd, 000108.450, 155
Trd, 000109.733, 154
Trd, 000110.283, 153
Trd, 000110.983, 153
Trd, 000111.200, 152
Trd, 000111.900, 160
Trd, 000112.117, 165
Trd, 000113.117, 160
Trd, 000113.267, 160
Trd, 000113.633, 164
Trd, 000114.150, 164
Trd, 000114.600, 159
Trd, 000115.650, 160
Trd, 000116.050, 161
Trd, 000116.817, 155
Trd, 000117.817, 159
Trd, 000118.100, 158
Trd, 000119.217, 159
Trd, 000119.817, 156
Trd, 000120.650, 154
Trd, 000120.750, 153
Trd, 000121.067, 156
Trd, 000121.133, 158
Trd, 000121.250, 160
Trd, 000122.300, 163
Trd, 000122.667, 165
Trd, 000122.850, 178
Trd, 000123.050, 180
Trd, 000123.100, 224
Trd, 000124.583, 214
Trd, 000125.033, 310.0
Trd, 000125.050, 334.0
Trd, 000125.917, 327
Trd, 000126.250, 331
Trd, 000126.617, 336
Trd, 000126.700, 329
Trd, 000127.200, 346
Trd, 000128.100, 339
Trd, 000129.067, 334.0
Trd, 000129.400, 337
Trd, 000129.717, 338
Trd, 000129.817, 340
Trd, 000130.583, 341.0
Trd, 000131.550, 342
Trd, 000132.233, 340
Trd, 000132.367, 339
Trd, 000133.200, 348
Trd, 000133.650, 335
Trd, 000134.850, 344
Trd, 000134.883, 343.0
Trd, 000134.933, 341.0
Trd, 000136.167, 344
Trd, 000136.500, 339
Trd, 000136.617, 344
Trd, 000136.633, 339
Trd, 000136.833, 353.0
Trd, 000138.983, 341.0
Trd, 000140.017, 348
Trd, 000140.167, 345
Trd, 000140.267, 347
Trd, 000141.067, 346
Trd, 000141.667, 348.0
Trd, 000142.033, 350
Trd, 000142.783, 348
Trd, 000143.483, 345
Trd, 000144.567, 351.0
Trd, 000144.633, 355.0
Trd, 000144.767, 345.0
Trd, 000146.033, 347
Trd, 000146.417, 348
Trd, 000146.800, 354
Trd, 000147.800, 358
Trd, 000148.367, 351
Trd, 000148.817, 358
Trd, 000148.867, 351
Trd, 000149.400, 354
Trd, 000149.550, 353
Trd, 000149.733, 355.0
Trd, 000150.517, 352
Trd, 000150.733, 354
Trd, 000151.383, 351.0
Trd, 000151.700, 349
Trd, 000152.783, 346.0
Trd, 000153.183, 348
Trd, 000153.700, 346.0
Trd, 000153.867, 344.0
Trd, 000154.067, 341.0
Trd, 000155.150, 339.0
Trd, 000155.450, 339
Trd, 000155.550, 341.0
Trd, 000157.200, 343
Trd, 000157.500, 344
Trd, 000158.200, 343
Trd, 000158.517, 344
Trd, 000159.333, 347.0
Trd, 000159.967, 346.0
Trd, 000160.517, 344.0
Trd, 000160.550, 354.0
Trd, 000161.383, 349
Trd, 000161.417, 346
Trd, 000162.300, 344.0
Trd, 000162.667, 348
Trd, 000163.933, 347
Trd, 000163.950, 348
Trd, 000164.283, 345
Trd, 000164.767, 344.0
Trd, 000165.217, 349
Trd, 000165.233, 342
Trd, 000166.583, 342.0
Trd, 000167.267, 344.0
Trd, 000167.350, 351.0
Trd, 000168.217, 355
Trd, 000168.300, 343
Trd, 000168.500, 363
Trd, 000168.667, 342
Trd, 000168.750, 341.0
Trd, 000169.217, 331
Trd, 000170.217, 336
Trd, 000171.100, 351
Trd, 000171.917, 347.0
Trd, 000172.200, 342
Trd, 000172.333, 340
Trd, 000173.517, 347.0
Trd, 000174.150, 349
Trd, 000174.217, 345.0
Trd, 000174.883, 352
Trd, 000175.367, 353
Trd, 000175.483, 345
Trd, 000175.967, 357
Trd, 000176.283, 350
Trd, 000177.067, 344.0
Trd, 000177.133, 341.0
Trd, 000177.933, 334.0
Trd, 000178.167, 339
Trd, 000178.250, 363
Trd, 000179.833, 349
Trd, 000180.000, 349
Trd, 000180.633, 348
Trd, 000180.833, 361
Trd, 000181.233, 362
Trd, 000182.183, 350
Trd, 000182.433, 348
Trd, 000182.500, 331
Trd, 000182.717, 329
Trd, 000183.150, 324.0
Trd, 000183.233, 315
Trd, 000183.733, 313.0
Trd, 000183.750, 210
Trd, 000184.100, 197
Trd, 000184.817, 193
Trd, 000186.000, 190
Trd, 000186.900, 186
Trd, 000187.183, 174
Trd, 000188.100, 170
Trd, 000188.333, 171
Trd, 000188.800, 170
Trd, 000188.917, 184
Trd, 000189.017, 162
Trd, 000189.283, 182
Trd, 000190.517, 173
Trd, 000190.717, 172
Trd, 000190.967, 181
Trd, 000192.367, 174
Trd, 000193.550, 176
Trd, 000193.617, 175
Trd, 000193.917, 173
Trd, 000194.083, 172
Trd, 000194.200, 170
Trd, 000194.600, 175
Trd, 000195.067, 171
Trd, 000195.400, 171
Trd, 000196.700, 172
Trd, 000196.933, 171
Trd, 000197.133, 169
Trd, 000197.167, 174
Trd, 000198.883, 171
Trd, 000199.150, 172
Trd, 000200.250, 173
Trd, 000200.583, 182
Trd, 000200.633, 171
Trd, 000201.333, 176
Trd, 000201.450, 169
Trd, 000202.783, 174
Trd, 000203.717, 165
Trd, 000204.133, 164
Trd, 000204.333, 163
Trd, 000204.367, 171
Trd, 000204.567, 162
Trd, 000206.233, 171
Trd, 000206.433, 163
Trd, 000207.967, 169
Trd, 000208.633, 169
Trd, 000208.733, 175
Trd, 000209.200, 171
Trd, 000209.617, 169
Trd, 000209.867, 168
Trd, 000210.000, 172
Trd, 000210.833, 172
Trd, 000211.617, 167
Trd, 000211.750, 176
Trd, 000212.333, 165
Trd, 000213.317, 164
Trd, 000213.933, 165
Trd, 000213.983, 162
Trd, 000214.217, 155
Trd, 000214.367, 158
Trd, 000214.383, 168
Trd, 000214.967, 168
Trd, 000216.450, 167
Trd, 000216.500, 172
Trd, 000216.533, 163
Trd, 000216.850, 176
Trd, 000217.117, 175
Trd, 000217.433, 174
Trd, 000217.733, 172
Trd, 000218.633, 171
Trd, 000218.983, 165
Trd, 000219.700, 172
Trd, 000220.383, 166
Trd, 000220.633, 165
Trd, 000220.683, 166
Trd, 000221.550, 167
Trd, 000222.050, 173
Trd, 000222.533, 168
Trd, 000222.733, 171
Trd, 000224.683, 171
Trd, 000224.700, 173
Trd, 000224.883, 168
Trd, 000225.217, 185
Trd, 000226.033, 174
Trd, 000226.100, 173
Trd, 000226.417, 173
Trd, 000227.233, 174
Trd, 000227.767, 174
Trd, 000227.900, 181
Trd, 000227.983, 182
Trd, 000229.383, 186
Trd, 000230.933, 187
Trd, 000231.533, 187
Trd, 000232.033, 186
Trd, 000232.217, 180
Trd, 000232.583, 180
Trd, 000232.750, 178
Trd, 000233.150, 184
Trd, 000234.083, 188
Trd, 000235.383, 175
Trd, 000235.967, 177
Trd, 000236.000, 183
Trd, 000236.700, 182
Trd, 000236.783, 179
Trd, 000237.150, 176
Trd, 000238.600, 181
Trd, 000238.750, 176
Trd, 000238.800, 174
Trd, 000238.933, 164
Trd, 000239.650, 177
Trd, 000240.517, 180
Trd, 000241.400, 180
Trd, 000241.467, 181
Trd, 000241.683, 181
Trd, 000241.767, 181
Trd, 000241.967, 179
Trd, 000242.233, 181
Trd, 000242.500, 178
Trd, 000242.733, 178
Trd, 000243.083, 177
Trd, 000243.400, 168
Trd, 000243.633, 175
Trd, 000243.850, 172
Trd, 000244.367, 169
Trd, 000244.950, 168
Trd, 000245.250, 173
Trd, 000245.733, 172
Trd, 000245.933, 173
Trd, 000245.983, 171
Trd, 000246.667, 173
Trd, 000247.267, 174
Trd, 000247.883, 173
Trd, 000248.250, 173
Trd, 000248.367, 179
Trd, 000248.733, 175
Trd, 000249.183, 174
Trd, 000249.267, 177
Trd, 000249.433, 178
Trd, 000249.600, 176
Trd, 000249.667, 173
Trd, 000249.717, 165
Trd, 000250.667, 168
Trd, 000251.133, 169
Trd, 000251.400, 169
Trd, 000251.417, 167
Trd, 000251.700, 154
Trd, 000253.383, 160
Trd, 000253.750, 170
Trd, 000253.950, 169
Trd, 000254.050, 166
Trd, 000254.783, 169
Trd, 000254.833, 168
Trd, 000255.100, 170
Trd, 000255.483, 170
Trd, 000255.667, 173
Trd, 000255.767, 177
Trd, 000255.983, 180
Trd, 000256.700, 182
Trd, 000257.083, 190
Trd, 000257.867, 183
Trd, 000258.467, 180
Trd, 000258.483, 179
Trd, 000258.617, 179
Trd, 000259.167, 180
Trd, 000259.500, 179
Trd, 000260.200, 182
Trd, 000260.283, 180
Trd, 000260.717, 183
Trd, 000261.200, 184
Trd, 000261.317, 191
Trd, 000262.200, 174
Trd, 000262.217, 170
Trd, 000262.583, 168
Trd, 000263.367, 173
Trd, 000263.500, 171
Trd, 000263.583, 176
Trd, 000263.767, 177
Trd, 000264.650, 171
Trd, 000264.717, 175
Trd, 000264.867, 176
Trd, 000266.033, 179
Trd, 000266.300, 177
Trd, 000266.817, 188
Trd, 000266.883, 180
Trd, 000267.467, 185
Trd, 000267.667, 184
Trd, 000267.950, 184
Trd, 000268.567, 184
Trd, 000268.617, 192
Trd, 000269.150, 181
Trd, 000269.683, 180
Trd, 000269.933, 178
Trd, 000270.183, 175
Trd, 000270.300, 171
Trd, 000270.450, 167
Trd, 000270.833, 168
Trd, 000271.017, 170
Trd, 000271.050, 173
Trd, 000272.117, 169
Trd, 000272.217, 168
Trd, 000273.050, 158
Trd, 000273.083, 163
Trd, 000273.467, 175
Trd, 000274.183, 169
Trd, 000274.217, 171
Trd, 000274.483, 163
Trd, 000274.783, 168
Trd, 000274.933, 166
Trd, 000275.317, 164
Trd, 000275.467, 180
Trd, 000276.333, 165
Trd, 000276.633, 172
Trd, 000276.650, 175
Trd, 000277.133, 176
Trd, 000277.400, 178
Trd, 000277.583, 180
Trd, 000277.883, 181
Trd, 000278.150, 188
Trd, 000278.600, 187
Trd, 000278.967, 188
Trd, 000279.400, 196
Trd, 000279.750, 200
Trd, 000280.183, 194
Trd, 000280.267, 189
Trd, 000281.400, 192
Trd, 000281.600, 185
Trd, 000281.933, 190
Trd, 000282.083, 180
Trd, 000282.483, 182
Trd, 000282.933, 183
Trd, 000283.517, 183
Trd, 000283.733, 185
Trd, 000283.967, 184
Trd, 000284.317, 181
Trd, 000284.433, 183
Trd, 000284.733, 192
Trd, 000285.867, 192
Trd, 000285.883, 193
Trd, 000285.900, 191
Trd, 000286.467, 183
Trd, 000286.767, 179
Trd, 000287.083, 173
Trd, 000287.533, 173
Trd, 000288.367, 185
Trd, 000288.383, 186
Trd, 000288.483, 177
Trd, 000288.817, 184
Trd, 000289.550, 191
Trd, 000289.717, 192
Trd, 000289.817, 176
Trd, 000290.117, 194
Trd, 000290.317, 190
Trd, 000290.617, 175
Trd, 000291.250, 178
Trd, 000291.317, 195
Trd, 000291.750, 189
Trd, 000292.050, 178
Trd, 000292.517, 180
Trd, 000293.100, 172
Trd, 000293.800, 177
Trd, 000294.017, 176
Trd, 000294.167, 180
Trd, 000295.167, 182
Trd, 000295.267, 184
Trd, 000295.533, 175
Trd, 000295.617, 175
Trd, 000296.217, 178
Trd, 000296.867, 194
Trd, 000297.500, 193
Trd, 000297.533, 178
Trd, 000298.467, 179
Trd, 000298.550, 190
Trd, 000298.567, 194
Trd, 000298.800, 194
Trd, 000299.017, 177
Trd, 000299.567, 193
Trd, 000299.667, 194
