Trd, 000001.083, 164
Trd, 000002.183, 138
Trd, 000002.700, 149
Trd, 000003.083, 140
Trd, 000003.683, 140
Trd, 000003.950, 137
Trd, 000004.467, 129
Trd, 000004.933, 146
Trd, 000005.067, 141
Trd, 000005.850, 141
Trd, 000005.900, 147
Trd, 000005.917, 148
Trd, 000006.983, 155
Trd, 000007.283, 162
Trd, 000007.300, 155
Trd, 000008.050, 149
Trd, 000009.367, 147
Trd, 000009.517, 140
Trd, 000009.717, 149
Trd, 000009.750, 149
Trd, 000010.817, 151
Trd, 000011.550, 150
Trd, 000011.950, 148
Trd, 000012.633, 148
Trd, 000013.050, 147
Trd, 000013.117, 146
Trd, 000013.267, 148
Trd, 000013.783, 147
Trd, 000014.483, 148
Trd, 000015.067, 147
Trd, 000015.600, 149
Trd, 000015.750, 148
Trd, 000015.800, 149
Trd, 000016.450, 150
Trd, 000016.617, 150
Trd, 000017.350, 150
Trd, 000017.383, 148
Trd, 000017.533, 148
Trd, 000018.533, 147
Trd, 000018.700, 152
Trd, 000019.817, 155
Trd, 000021.383, 151
Trd, 000022.050, 154
Trd, 000023.433, 154
Trd, 000024.500, 155
Trd, 000025.550, 153
Trd, 000025.683, 155
Trd, 000025.817, 153
Trd, 000025.883, 157
Trd, 000025.950, 151
Trd, 000027.133, 152
Trd, 000028.150, 164
Trd, 000029.967, 153
Trd, 000030.083, 154
Trd, 000030.317, 154
Trd, 000030.767, 152
Trd, 000031.517, 151
Trd, 000032.467, 151
Trd, 000032.767, 152
Trd, 000032.817, 151
Trd, 000033.067, 150
Trd, 000034.267, 150
Trd, 000034.833, 150
Trd, 000034.917, 151
Trd, 000036.050, 151
Trd, 000036.117, 146
Trd, 000036.567, 151
Trd, 000037.100, 145
Trd, 000037.200, 151
Trd, 000037.233, 145
Trd, 000038.517, 146
Trd, 000038.917, 151
Trd, 000039.833, 149
Trd, 000040.200, 147
Trd, 000042.033, 149
Trd, 000042.550, 149
Trd, 000043.467, 150
Trd, 000043.650, 149
Trd, 000044.000, 152
Trd, 000044.017, 159
Trd, 000044.683, 152
Trd, 000045.450, 157
Trd, 000045.583, 156
Trd, 000045.700, 153
Trd, 000046.067, 161
Trd, 000046.783, 169
Trd, 000046.800, 157
Trd, 000047.267, 169
Trd, 000047.283, 167
Trd, 000048.217, 174
Trd, 000049.017, 162
Trd, 000049.533, 153
Trd, 000050.100, 152
Trd, 000050.533, 152
Trd, 000050.867, 152
Trd, 000051.150, 148
Trd, 000051.883, 149
Trd, 000051.967, 151
Trd, 000053.850, 145
Trd, 000054.433, 147
Trd, 000054.817, 147
Trd, 000054.900, 146
Trd, 000055.183, 148
Trd, 000056.167, 152
Trd, 000056.617, 154
Trd, 000058.000, 150
Trd, 000058.217, 151
Trd, 000058.300, 151
Trd, 000059.067, 151
Trd, 000059.683, 154
Trd, 000059.733, 153
Trd, 000059.767, 151
Trd, 000059.933, 150
Trd, 000061.717, 148
Trd, 000062.350, 155
Trd, 000062.817, 161
Trd, 000063.117, 168
Trd, 000063.433, 165
Trd, 000064.150, 168
Trd, 000065.000, 165
Trd, 000065.583, 170
Trd, 000065.767, 165
Trd, 000066.450, 169
Trd, 000066.733, 165
Trd, 000067.133, 166
Trd, 000067.350, 163
Trd, 000068.067, 167
Trd, 000069.500, 163
Trd, 000069.850, 163
Trd, 000070.100, 158
Trd, 000070.517, 157
Trd, 000071.950, 157
Trd, 000073.517, 157
Trd, 000074.283, 161
Trd, 000074.317, 162
Trd, 000074.383, 162
Trd, 000074.833, 157
Trd, 000075.000, 155
Trd, 000075.633, 161
Trd, 000076.117, 154
Trd, 000076.250, 160
Trd, 000077.917, 156
Trd, 000078.517, 162
Trd, 000079.067, 160
Trd, 000079.533, 165
Trd, 000079.733, 159
Trd, 000079.750, 159
Trd, 000080.350, 159
Trd, 000081.967, 163
Trd, 000082.417, 160
Trd, 000082.583, 164
Trd, 000082.867, 170
Trd, 000083.567, 169
Trd, 000083.800, 175
Trd, 000084.583, 171
Trd, 000084.983, 170
Trd, 000085.317, 164
Trd, 000085.417, 159
Trd, 000086.417, 158
Trd, 000087.167, 156
Trd, 000087.367, 157
Trd, 000088.033, 150
Trd, 000088.550, 147
Trd, 000088.833, 166
Trd, 000088.983, 162
Trd, 000089.233, 168
Trd, 000090.050, 157
Trd, 000090.900, 156
Trd, 000091.300, 155
Trd, 000091.600, 155
Trd, 000092.517, 155
Trd, 000092.633, 154
Trd, 000092.950, 157
Trd, 000093.500, 157
Trd, 000093.750, 154
Trd, 000093.983, 159
Trd, 000094.467, 162
Trd, 000094.767, 160
Trd, 000094.933, 164
Trd, 000095.350, 154
Trd, 000096.750, 162
Trd, 000097.650, 163
Trd, 000098.317, 160
Trd, 000098.467, 160
Trd, 000098.683, 161
Trd, 000099.183, 158
Trd, 000099.367, 163
Trd, 000100.083, 162
Trd, 000100.750, 160
Trd, 000101.400, 160
Trd, 000101.517, 159
Trd, 000101.967, 160
Trd, 000103.150, 162
Trd, 000103.267, 163
Trd, 000103.617, 163
Trd, 000105.167, 162
Trd, 000105.200, 163
Trd, 000105.217, 161
Trd, 000105.867, 163
Trd, 000106.200, 162
Trd, 000106.517, 161
Trd, 000106.783, 161
Trd, 000106.817, 163
Trd, 000107.583, 164
Trd, 000108.333, 162
Trd, 000108.483, 161
Trd, 000108.850, 161
Trd, 000109.617, 163
Trd, 000110.567, 163
Trd, 000111.400, 163
Trd, 000112.500, 163
Trd, 000113.700, 163
Trd, 000113.783, 162
Trd, 000113.917, 164
Trd, 000114.233, 162
Trd, 000115.483, 161
Trd, 000115.667, 159
Trd, 000116.083, 158
Trd, 000116.300, 163
Trd, 000116.350, 163
Trd, 000117.017, 154
Trd, 000117.133, 153
Trd, 000117.750, 162
Trd, 000118.250, 160
Trd, 000118.533, 157
Trd, 000118.600, 158
Trd, 000118.783, 156
Trd, 000119.317, 157
Trd, 000120.700, 155
Trd, 000120.800, 156
Trd, 000121.167, 157
Trd, 000121.300, 163
Trd, 000122.133, 167
Trd, 000122.183, 178
Trd, 000122.350, 180
Trd, 000122.700, 184
Trd, 000123.367, 313.0
Trd, 000123.400, 331.0
Trd, 000124.233, 326
Trd, 000124.400, 345
Trd, 000124.500, 327
Trd, 000125.500, 327
Trd, 000125.900, 346
Trd, 000126.567, 345
Trd, 000127.100, 347
Trd, 000127.267, 348.0
Trd, 000129.733, 344
Trd, 000130.233, 345
Trd, 000130.367, 347
Trd, 000131.183, 347.0
Trd, 000131.233, 348.0
Trd, 000131.467, 346
Trd, 000131.617, 345
Trd, 000131.917, 343
Trd, 000132.433, 347
Trd, 000133.150, 342.0
Trd, 000133.450, 341.0
Trd, 000134.433, 343
Trd, 000135.800, 345
Trd, 000136.133, 344
Trd, 000136.500, 345
Trd, 000136.700, 347.0
Trd, 000138.133, 343
Trd, 000139.417, 341.0
Trd, 000140.400, 340
Trd, 000141.450, 342.0
Trd, 000141.550, 343
Trd, 000141.767, 340.0
Trd, 000142.550, 341
Trd, 000142.650, 342
Trd, 000142.983, 337.0
Trd, 000144.150, 340
Trd, 000144.917, 341
Trd, 000145.067, 342
Trd, 000145.833, 343
Trd, 000145.883, 348.0
Trd, 000146.783, 345
Trd, 000146.933, 344
Trd, 000147.200, 342
Trd, 000148.283, 345
Trd, 000148.383, 344
Trd, 000149.633, 348
Trd, 000150.317, 348
Trd, 000150.350, 348.0
Trd, 000150.783, 348
Trd, 000151.600, 347
Trd, 000151.817, 341.0
Trd, 000153.000, 345
Trd, 000153.250, 345
Trd, 000153.367, 346
Trd, 000154.667, 342
Trd, 000154.783, 343
Trd, 000156.017, 342
Trd, 000156.633, 345
Trd, 000157.067, 347
Trd, 000158.417, 346.0
Trd, 000159.567, 344
Trd, 000160.250, 345
Trd, 000160.367, 347
Trd, 000160.467, 345
Trd, 000161.000, 346
Trd, 000161.350, 346.0
Trd, 000162.317, 341.0
Trd, 000162.650, 337
Trd, 000162.700, 337.0
Trd, 000163.183, 332
Trd, 000163.300, 339
Trd, 000165.167, 339
Trd, 000165.550, 339
Trd, 000165.817, 341
Trd, 000166.450, 341
Trd, 000167.217, 344
Trd, 000167.583, 340
Trd, 000169.250, 348.0
Trd, 000169.567, 346
Trd, 000169.583, 345
Trd, 000169.850, 331
Trd, 000170.350, 344
Trd, 000170.533, 337.0
Trd, 000172.833, 336
Trd, 000173.017, 339
Trd, 000173.333, 344
Trd, 000174.433, 338
Trd, 000174.467, 337.0
Trd, 000174.650, 344
Trd, 000174.800, 339
Trd, 000174.967, 339
Trd, 000175.083, 348.0
Trd, 000175.483, 340
Trd, 000175.800, 337
Trd, 000176.933, 343
Trd, 000178.083, 344
Trd, 000178.167, 339
Trd, 000178.700, 345
Trd, 000180.250, 342
Trd, 000181.233, 344
Trd, 000181.417, 346
Trd, 000181.850, 342
Trd, 000182.050, 342
Trd, 000182.067, 341
Trd, 000182.150, 340
Trd, 000182.383, 344
Trd, 000184.033, 337.0
Trd, 000184.267, 325
Trd, 000184.533, 320.0
Trd, 000184.617, 279
Trd, 000185.167, 180
Trd, 000185.267, 169
Trd, 000185.400, 166
Trd, 000186.083, 163
Trd, 000186.517, 174
Trd, 000187.133, 186
Trd, 000187.317, 185
Trd, 000187.917, 184
Trd, 000188.300, 185
Trd, 000188.483, 169
Trd, 000190.000, 181
Trd, 000190.200, 177
Trd, 000190.867, 181
Trd, 000191.383, 177
Trd, 000192.083, 176
Trd, 000192.167, 180
Trd, 000193.017, 178
Trd, 000194.000, 176
Trd, 000194.117, 175
Trd, 000194.200, 175
Trd, 000195.350, 173
Trd, 000195.450, 171
Trd, 000195.983, 174
Trd, 000196.083, 170
Trd, 000196.217, 176
Trd, 000197.300, 168
Trd, 000198.433, 169
Trd, 000198.933, 171
Trd, 000199.300, 172
Trd, 000199.333, 168
Trd, 000199.433, 162
Trd, 000199.633, 172
Trd, 000200.583, 171
Trd, 000201.217, 173
Trd, 000202.000, 166
Trd, 000202.183, 161
Trd, 000204.867, 165
Trd, 000205.817, 165
Trd, 000206.083, 166
Trd, 000206.433, 166
Trd, 000206.517, 164
Trd, 000206.800, 164
Trd, 000206.967, 163
Trd, 000207.017, 162
Trd, 000208.433, 165
Trd, 000208.633, 165
Trd, 000209.117, 166
Trd, 000209.650, 166
Trd, 000210.117, 164
Trd, 000210.550, 158
Trd, 000211.267, 165
Trd, 000211.333, 165
Trd, 000212.817, 165
Trd, 000213.200, 163
Trd, 000214.633, 172
Trd, 000215.550, 173
Trd, 000216.067, 183
Trd, 000216.850, 172
Trd, 000217.017, 182
Trd, 000217.283, 176
Trd, 000217.533, 175
Trd, 000217.817, 164
Trd, 000218.133, 180
Trd, 000218.933, 170
Trd, 000219.267, 179
Trd, 000220.417, 171
Trd, 000221.150, 172
Trd, 000221.400, 174
Trd, 000221.417, 170
Trd, 000221.867, 174
Trd, 000223.050, 173
Trd, 000223.267, 174
Trd, 000223.883, 172
Trd, 000224.467, 171
Trd, 000225.167, 172
Trd, 000225.300, 172
Trd, 000225.900, 171
Trd, 000226.067, 170
Trd, 000226.517, 171
Trd, 000227.417, 163
Trd, 000228.283, 171
Trd, 000229.083, 171
Trd, 000229.367, 173
Trd, 000230.767, 169
Trd, 000231.150, 170
Trd, 000231.233, 171
Trd, 000231.267, 169
Trd, 000232.083, 171
Trd, 000232.683, 172
Trd, 000232.933, 171
Trd, 000233.717, 168
Trd, 000234.417, 168
Trd, 000235.583, 171
Trd, 000235.633, 173
Trd, 000235.750, 175
Trd, 000235.950, 178
Trd, 000237.500, 169
Trd, 000237.617, 173
Trd, 000238.050, 170
Trd, 000238.433, 169
Trd, 000238.517, 165
Trd, 000240.067, 164
Trd, 000240.450, 166
Trd, 000240.900, 167
Trd, 000241.183, 165
Trd, 000241.517, 167
Trd, 000241.917, 168
Trd, 000242.483, 171
Trd, 000242.950, 172
Trd, 000243.033, 171
Trd, 000243.233, 171
Trd, 000243.683, 172
Trd, 000243.900, 173
Trd, 000244.250, 169
Trd, 000244.617, 172
Trd, 000245.383, 173
Trd, 000245.900, 173
Trd, 000246.633, 171
Trd, 000246.967, 170
Trd, 000247.250, 173
Trd, 000247.633, 169
Trd, 000248.217, 172
Trd, 000248.750, 173
Trd, 000248.967, 179
Trd, 000250.033, 172
Trd, 000250.500, 172
Trd, 000250.683, 170
Trd, 000251.150, 172
Trd, 000251.167, 173
Trd, 000251.267, 170
Trd, 000251.633, 174
Trd, 000251.817, 178
Trd, 000251.933, 175
Trd, 000252.750, 173
Trd, 000253.083, 173
Trd, 000253.933, 173
Trd, 000254.067, 171
Trd, 000254.450, 171
Trd, 000254.583, 170
Trd, 000254.717, 173
Trd, 000255.467, 173
Trd, 000255.600, 171
Trd, 000255.683, 169
Trd, 000256.767, 174
Trd, 000257.117, 175
Trd, 000257.933, 175
Trd, 000258.733, 183
Trd, 000259.383, 186
Trd, 000259.533, 182
Trd, 000259.800, 183
Trd, 000260.600, 182
Trd, 000260.717, 184
Trd, 000261.433, 181
Trd, 000262.000, 180
Trd, 000262.283, 178
Trd, 000262.700, 181
Trd, 000263.317, 178
Trd, 000263.800, 181
Trd, 000264.167, 180
Trd, 000264.667, 179
Trd, 000264.917, 178
Trd, 000265.450, 177
Trd, 000265.500, 178
Trd, 000265.817, 175
Trd, 000265.883, 179
Trd, 000266.633, 182
Trd, 000266.683, 182
Trd, 000267.667, 182
Trd, 000268.167, 177
Trd, 000268.450, 183
Trd, 000268.533, 189
Trd, 000269.400, 182
Trd, 000270.117, 182
Trd, 000270.883, 182
Trd, 000270.900, 183
Trd, 000271.267, 180
Trd, 000271.350, 186
Trd, 000271.767, 186
Trd, 000272.717, 182
Trd, 000273.017, 181
Trd, 000273.067, 180
Trd, 000273.150, 178
Trd, 000273.300, 175
Trd, 000273.433, 183
Trd, 000274.217, 184
Trd, 000274.867, 184
Trd, 000275.783, 178
Trd, 000276.483, 179
Trd, 000277.183, 181
Trd, 000277.267, 182
Trd, 000277.367, 182
Trd, 000277.667, 178
Trd, 000277.867, 173
Trd, 000278.667, 177
Trd, 000278.867, 175
Trd, 000279.067, 173
Trd, 000279.433, 174
Trd, 000279.517, 175
Trd, 000279.900, 179
Trd, 000280.333, 177
Trd, 000280.433, 183
Trd, 000281.467, 189
Trd, 000282.033, 196
Trd, 000282.750, 193
Trd, 000283.000, 193
Trd, 000283.900, 200
Trd, 000284.700, 190
Trd, 000285.017, 189
Trd, 000285.700, 191
Trd, 000285.783, 189
Trd, 000285.833, 185
Trd, 000285.917, 183
Trd, 000286.067, 187
Trd, 000286.567, 188
Trd, 000286.833, 178
Trd, 000286.983, 191
Trd, 000287.833, 186
Trd, 000288.400, 185
Trd, 000289.017, 184
Trd, 000289.517, 183
Trd, 000289.850, 183
Trd, 000290.017, 184
Trd, 000290.083, 184
Trd, 000290.250, 182
Trd, 000291.300, 180
Trd, 000291.433, 178
Trd, 000291.750, 179
Trd, 000291.767, 185
Trd, 000292.083, 177
Trd, 000292.767, 189
Trd, 000294.633, 184
Trd, 000295.250, 182
Trd, 000295.517, 182
Trd, 000295.733, 181
Trd, 000295.917, 182
Trd, 000296.000, 183
Trd, 000296.633, 181
Trd, 000296.667, 178
Trd, 000296.867, 183
Trd, 000297.017, 178
Trd, 000297.083, 174
Trd, 000298.167, 178
Trd, 000298.367, 178
Trd, 000299.100, 182
Trd, 000299.200, 181
Trd, 000299.617, 179
Trd, 000299.900, 177
