Trd, 000001.083, 129
Trd, 000002.067, 139
Trd, 000002.217, 141
Trd, 000003.250, 142
Trd, 000003.367, 144
Trd, 000004.233, 167
Trd, 000006.417, 164
Trd, 000006.950, 160
Trd, 000007.367, 160
Trd, 000008.017, 159
Trd, 000008.333, 142
Trd, 000009.417, 135
Trd, 000010.267, 145
Trd, 000010.283, 146
Trd, 000010.350, 151
Trd, 000010.500, 152
Trd, 000010.517, 143
Trd, 000010.667, 159
Trd, 000011.117, 144
Trd, 000012.267, 142
Trd, 000012.400, 135
Trd, 000012.750, 167
Trd, 000013.800, 169
Trd, 000014.217, 159
Trd, 000015.217, 155
Trd, 000015.617, 153
Trd, 000016.233, 153
Trd, 000016.717, 154
Trd, 000016.900, 157
Trd, 000016.967, 159
Trd, 000017.467, 148
Trd, 000019.500, 160
Trd, 000019.517, 160
Trd, 000019.883, 156
Trd, 000020.500, 160
Trd, 000020.967, 156
Trd, 000021.200, 160
Trd, 000021.533, 155
Trd, 000021.567, 155
Trd, 000022.067, 162
Trd, 000022.483, 149
Trd, 000022.700, 146
Trd, 000024.717, 164
Trd, 000025.533, 164
Trd, 000025.867, 161
Trd, 000026.333, 164
Trd, 000028.017, 165
Trd, 000028.133, 160
Trd, 000028.517, 158
Trd, 000029.567, 159
Trd, 000029.600, 160
Trd, 000029.767, 163
Trd, 000029.800, 157
Trd, 000030.350, 161
Trd, 000031.050, 162
Trd, 000031.733, 159
Trd, 000032.000, 161
Trd, 000032.250, 163
Trd, 000033.267, 162
Trd, 000034.133, 159
Trd, 000034.983, 159
Trd, 000035.383, 160
Trd, 000035.500, 158
Trd, 000035.617, 161
Trd, 000036.700, 161
Trd, 000037.150, 161
Trd, 000037.733, 153
Trd, 000038.383, 161
Trd, 000039.683, 154
Trd, 000041.600, 153
Trd, 000041.617, 151
Trd, 000041.633, 162
Trd, 000041.800, 167
Trd, 000042.683, 155
Trd, 000042.917, 146
Trd, 000043.950, 171
Trd, 000044.283, 172
Trd, 000044.350, 161
Trd, 000044.583, 152
Trd, 000045.183, 166
Trd, 000046.350, 156
Trd, 000047.300, 161
Trd, 000047.983, 152
Trd, 000048.133, 161
Trd, 000048.233, 163
Trd, 000048.333, 151
Trd, 000050.083, 159
Trd, 000050.600, 159
Trd, 000051.333, 160
Trd, 000051.533, 160
Trd, 000051.800, 156
Trd, 000051.917, 146
Trd, 000052.100, 160
Trd, 000052.733, 159
Trd, 000052.900, 161
Trd, 000053.167, 163
Trd, 000054.067, 164
Trd, 000054.883, 163
Trd, 000055.367, 162
Trd, 000056.367, 161
Trd, 000056.417, 152
Trd, 000057.050, 161
Trd, 000057.667, 147
Trd, 000057.767, 161
Trd, 000057.800, 162
Trd, 000058.833, 153
Trd, 000059.200, 156
Trd, 000060.283, 158
Trd, 000060.517, 157
Trd, 000060.600, 158
Trd, 000061.017, 162
Trd, 000061.783, 162
Trd, 000063.650, 154
Trd, 000064.367, 154
Trd, 000064.533, 153
Trd, 000064.633, 155
Trd, 000065.450, 147
Trd, 000065.483, 155
Trd, 000065.633, 167
Trd, 000066.233, 148
Trd, 000067.100, 142
Trd, 000067.300, 163
Trd, 000068.550, 158
Trd, 000070.483, 169
Trd, 000070.500, 172
Trd, 000070.633, 162
Trd, 000071.383, 167
Trd, 000072.333, 166
Trd, 000073.417, 161
Trd, 000073.733, 161
Trd, 000073.783, 163
Trd, 000074.517, 162
Trd, 000074.617, 161
Trd, 000075.150, 165
Trd, 000075.633, 160
Trd, 000077.333, 162
Trd, 000077.717, 166
Trd, 000077.900, 159
Trd, 000078.200, 158
Trd, 000079.100, 164
Trd, 000079.550, 156
Trd, 000080.333, 164
Trd, 000080.517, 160
Trd, 000080.800, 159
Trd, 000081.000, 160
Trd, 000081.567, 150
Trd, 000082.600, 154
Trd, 000082.633, 152
Trd, 000083.967, 164
Trd, 000084.033, 155
Trd, 000084.433, 165
Trd, 000084.667, 160
Trd, 000086.283, 157
Trd, 000086.517, 156
Trd, 000087.717, 156
Trd, 000087.867, 158
Trd, 000087.933, 159
Trd, 000088.817, 155
Trd, 000088.917, 158
Trd, 000089.000, 165
Trd, 000089.500, 152
Trd, 000090.250, 166
Trd, 000090.733, 166
Trd, 000091.233, 166
Trd, 000092.200, 159
Trd, 000092.850, 165
Trd, 000092.933, 165
Trd, 000093.750, 172
Trd, 000093.850, 157
Trd, 000093.983, 177
Trd, 000094.450, 156
Trd, 000095.017, 160
Trd, 000095.250, 159
Trd, 000095.417, 170
Trd, 000096.317, 157
Trd, 000097.217, 157
Trd, 000097.517, 161
Trd, 000097.817, 156
Trd, 000098.067, 175
Trd, 000098.550, 175
Trd, 000100.300, 166
Trd, 000100.383, 158
Trd, 000102.750, 158
Trd, 000102.833, 160
Trd, 000102.850, 161
Trd, 000103.133, 162
Trd, 000103.933, 158
Trd, 000104.067, 161
Trd, 000105.050, 161
Trd, 000105.733, 164
Trd, 000105.867, 151
Trd, 000105.983, 164
Trd, 000106.067, 168
Trd, 000106.800, 169
Trd, 000107.100, 169
Trd, 000107.117, 175
Trd, 000107.633, 168
Trd, 000108.117, 175
Trd, 000108.700, 166
Trd, 000109.417, 157
Trd, 000110.200, 155
Trd, 000111.500, 167
Trd, 000111.517, 161
Trd, 000112.017, 168
Trd, 000112.917, 160
Trd, 000113.300, 161
Trd, 000113.533, 159
Trd, 000115.083, 160
Trd, 000115.250, 158
Trd, 000115.400, 161
Trd, 000115.783, 162
Trd, 000115.950, 168
Trd, 000116.200, 169
Trd, 000116.317, 158
Trd, 000116.783, 170
Trd, 000118.150, 169
Trd, 000119.167, 168
Trd, 000119.267, 167
Trd, 000119.317, 169
Trd, 000119.633, 166
Trd, 000119.917, 162
Trd, 000120.600, 166
Trd, 000120.700, 161
Trd, 000121.183, 168
Trd, 000121.200, 170
Trd, 000121.467, 177
Trd, 000121.867, 178
Trd, 000122.150, 180
Trd, 000123.883, 212
Trd, 000124.100, 216
Trd, 000124.683, 242
Trd, 000125.017, 300.0
Trd, 000125.117, 327.0
Trd, 000126.033, 329
Trd, 000126.300, 343
Trd, 000126.600, 344.0
Trd, 000126.917, 341.0
Trd, 000127.150, 347
Trd, 000127.583, 339
Trd, 000130.367, 342.0
Trd, 000130.800, 344.0
Trd, 000131.150, 350
Trd, 000131.383, 351.0
Trd, 000131.950, 342.0
Trd, 000132.117, 341.0
Trd, 000132.683, 356
Trd, 000133.417, 345
Trd, 000134.417, 337.0
Trd, 000135.550, 346
Trd, 000136.267, 346
Trd, 000136.283, 347
Trd, 000136.983, 348.0
Trd, 000138.717, 344
Trd, 000139.450, 342
Trd, 000139.817, 347
Trd, 000140.467, 345
Trd, 000140.883, 351.0
Trd, 000141.117, 351
Trd, 000141.217, 343.0
Trd, 000141.617, 358
Trd, 000142.300, 359.0
Trd, 000143.150, 360
Trd, 000143.900, 359
Trd, 000144.083, 360
Trd, 000144.917, 358.0
Trd, 000145.017, 362
Trd, 000145.233, 347
Trd, 000145.367, 348
Trd, 000146.283, 349
Trd, 000146.400, 349
Trd, 000147.517, 341.0
Trd, 000148.633, 346
Trd, 000149.217, 348
Trd, 000149.517, 345
Trd, 000149.700, 347.0
Trd, 000150.150, 348.0
Trd, 000150.417, 351.0
Trd, 000151.033, 346
Trd, 000152.467, 357
Trd, 000153.233, 345
Trd, 000153.333, 334.0
Trd, 000154.533, 341.0
Trd, 000154.867, 341
Trd, 000154.917, 340
Trd, 000157.233, 342
Trd, 000157.450, 341.0
Trd, 000158.267, 344.0
Trd, 000159.033, 346
Trd, 000159.750, 342
Trd, 000160.417, 341.0
Trd, 000160.483, 341
Trd, 000161.200, 342
Trd, 000161.283, 334.0
Trd, 000161.650, 348.0
Trd, 000162.217, 338
Trd, 000162.233, 351.0
Trd, 000164.017, 337
Trd, 000164.583, 337.0
Trd, 000164.883, 336
Trd, 000166.350, 336
Trd, 000166.617, 340.0
Trd, 000167.583, 341.0
Trd, 000169.317, 338
Trd, 000169.700, 344.0
Trd, 000170.550, 344
Trd, 000170.600, 341.0
Trd, 000170.850, 339
Trd, 000171.650, 338
Trd, 000172.100, 341.0
Trd, 000172.117, 344.0
Trd, 000173.183, 339
Trd, 000173.583, 346
Trd, 000173.917, 339
Trd, 000174.200, 338
Trd, 000174.467, 341.0
Trd, 000174.767, 334
Trd, 000175.567, 346
Trd, 000176.083, 346.0
Trd, 000177.700, 346
Trd, 000178.083, 337
Trd, 000178.717, 339.0
Trd, 000179.733, 341.0
Trd, 000180.933, 344.0
Trd, 000181.417, 342
Trd, 000181.567, 348.0
Trd, 000182.050, 342
Trd, 000182.417, 335
Trd, 000182.517, 334.0
Trd, 000182.733, 330
Trd, 000182.850, 351.0
Trd, 000183.683, 324.0
Trd, 000184.183, 300.0
Trd, 000184.500, 288
Trd, 000185.350, 244
Trd, 000185.950, 218
Trd, 000186.933, 210
Trd, 000186.950, 205
Trd, 000187.150, 187
Trd, 000187.250, 176
Trd, 000187.833, 185
Trd, 000188.350, 179
Trd, 000188.700, 170
Trd, 000189.150, 182
Trd, 000190.250, 178
Trd, 000190.483, 178
Trd, 000190.750, 181
Trd, 000191.083, 177
Trd, 000191.617, 160
Trd, 000191.917, 169
Trd, 000192.300, 160
Trd, 000193.200, 165
Trd, 000193.483, 172
Trd, 000193.650, 173
Trd, 000194.317, 183
Trd, 000195.467, 179
Trd, 000195.583, 181
Trd, 000196.650, 180
Trd, 000196.750, 179
Trd, 000197.350, 167
Trd, 000198.633, 180
Trd, 000198.883, 182
Trd, 000199.317, 178
Trd, 000199.383, 167
Trd, 000200.533, 179
Trd, 000200.817, 175
Trd, 000200.867, 179
Trd, 000200.917, 173
Trd, 000201.367, 180
Trd, 000201.617, 172
Trd, 000201.750, 180
Trd, 000201.867, 167
Trd, 000202.633, 178
Trd, 000202.767, 162
Trd, 000202.817, 161
Trd, 000203.600, 150
Trd, 000203.967, 183
Trd, 000204.317, 182
Trd, 000206.250, 181
Trd, 000206.667, 185
Trd, 000207.583, 175
Trd, 000208.717, 177
Trd, 000209.167, 179
Trd, 000209.500, 181
Trd, 000210.600, 180
Trd, 000210.667, 178
Trd, 000211.233, 178
Trd, 000211.983, 179
Trd, 000212.167, 174
Trd, 000213.367, 176
Trd, 000213.433, 175
Trd, 000214.517, 169
Trd, 000214.733, 176
Trd, 000215.417, 175
Trd, 000215.567, 177
Trd, 000215.717, 174
Trd, 000216.933, 173
Trd, 000217.083, 179
Trd, 000217.617, 187
Trd, 000218.383, 184
Trd, 000219.050, 186
Trd, 000219.683, 185
Trd, 000220.583, 181
Trd, 000220.900, 183
Trd, 000221.633, 180
Trd, 000221.817, 184
Trd, 000223.433, 171
Trd, 000223.900, 176
Trd, 000224.250, 169
Trd, 000224.533, 179
Trd, 000224.917, 163
Trd, 000224.983, 179
Trd, 000225.550, 181
Trd, 000226.050, 187
Trd, 000226.850, 180
Trd, 000228.250, 175
Trd, 000228.450, 174
Trd, 000229.133, 182
Trd, 000229.883, 174
Trd, 000231.033, 179
Trd, 000231.967, 173
Trd, 000232.250, 173
Trd, 000232.350, 176
Trd, 000232.750, 178
Trd, 000233.183, 172
Trd, 000233.617, 181
Trd, 000234.383, 189
Trd, 000234.467, 190
Trd, 000234.767, 190
Trd, 000236.300, 179
Trd, 000236.600, 180
Trd, 000236.933, 173
Trd, 000237.367, 178
Trd, 000237.717, 179
Trd, 000238.150, 181
Trd, 000238.417, 182
Trd, 000239.150, 179
Trd, 000239.233, 173
Trd, 000239.700, 177
Trd, 000240.783, 173
Trd, 000241.217, 177
Trd, 000241.633, 175
Trd, 000242.000, 171
Trd, 000242.783, 168
Trd, 000243.233, 168
Trd, 000243.400, 171
Trd, 000244.217, 175
Trd, 000245.383, 178
Trd, 000245.483, 180
Trd, 000246.167, 178
Trd, 000246.417, 180
Trd, 000246.650, 183
Trd, 000246.783, 175
Trd, 000246.950, 189
Trd, 000247.283, 176
Trd, 000247.983, 175
Trd, 000248.333, 171
Trd, 000248.567, 169
Trd, 000249.383, 181
Trd, 000249.517, 181
Trd, 000250.200, 173
Trd, 000250.633, 178
Trd, 000251.633, 176
Trd, 000252.050, 177
Trd, 000252.067, 175
Trd, 000252.650, 172
Trd, 000252.683, 174
Trd, 000252.900, 166
Trd, 000254.317, 165
Trd, 000255.167, 169
Trd, 000255.417, 169
Trd, 000255.600, 167
Trd, 000255.900, 170
Trd, 000256.217, 176
Trd, 000256.267, 169
Trd, 000256.417, 183
Trd, 000256.967, 167
Trd, 000257.783, 167
Trd, 000257.900, 166
Trd, 000258.217, 170
Trd, 000258.383, 170
Trd, 000259.783, 184
Trd, 000261.367, 179
Trd, 000261.867, 177
Trd, 000262.317, 176
Trd, 000262.333, 173
Trd, 000262.417, 177
Trd, 000262.533, 179
Trd, 000263.000, 173
Trd, 000263.717, 173
Trd, 000263.800, 172
Trd, 000264.217, 175
Trd, 000264.900, 172
Trd, 000265.133, 171
Trd, 000265.233, 176
Trd, 000266.333, 172
Trd, 000267.517, 175
Trd, 000267.850, 177
Trd, 000268.617, 177
Trd, 000268.783, 178
Trd, 000268.967, 184
Trd, 000269.183, 185
Trd, 000269.200, 176
Trd, 000269.250, 195
Trd, 000270.200, 188
Trd, 000270.283, 187
Trd, 000270.617, 199
Trd, 000271.100, 174
Trd, 000271.717, 180
Trd, 000271.783, 171
Trd, 000271.867, 168
Trd, 000272.850, 181
Trd, 000273.683, 179
Trd, 000273.867, 180
Trd, 000274.167, 185
Trd, 000274.983, 179
Trd, 000275.133, 184
Trd, 000275.650, 180
Trd, 000275.733, 184
Trd, 000276.267, 182
Trd, 000276.550, 179
Trd, 000277.100, 181
Trd, 000277.767, 180
Trd, 000278.017, 183
Trd, 000278.033, 180
Trd, 000278.567, 180
Trd, 000278.967, 176
Trd, 000279.950, 182
Trd, 000280.667, 185
Trd, 000280.817, 184
Trd, 000281.167, 183
Trd, 000282.567, 172
Trd, 000283.200, 185
Trd, 000283.250, 186
Trd, 000283.783, 184
Trd, 000283.850, 178
Trd, 000284.850, 181
Trd, 000285.267, 193
Trd, 000285.683, 185
Trd, 000286.817, 185
Trd, 000287.567, 186
Trd, 000287.850, 185
Trd, 000288.133, 184
Trd, 000288.250, 176
Trd, 000288.450, 182
Trd, 000289.250, 175
Trd, 000289.833, 181
Trd, 000290.067, 181
Trd, 000290.150, 187
Trd, 000290.467, 180
Trd, 000290.967, 181
Trd, 000291.467, 178
Trd, 000291.533, 187
Trd, 000291.667, 193
Trd, 000292.150, 176
Trd, 000292.417, 173
Trd, 000293.200, 170
Trd, 000295.000, 178
Trd, 000295.700, 178
Trd, 000295.733, 176
Trd, 000295.817, 163
Trd, 000296.300, 174
Trd, 000296.667, 167
Trd, 000296.783, 173
Trd, 000296.817, 177
Trd, 000297.183, 179
Trd, 000297.300, 164
Trd, 000297.550, 180
Trd, 000298.150, 187
Trd, 000298.217, 163
Trd, 000298.450, 170
Trd, 000299.600, 182
