Trd, 000001.383, 141
Trd, 000003.067, 157
Trd, 000003.150, 164
Trd, 000003.333, 139
Trd, 000004.000, 137
Trd, 000004.083, 136
Trd, 000004.217, 124
Trd, 000004.600, 121
Trd, 000005.083, 138
Trd, 000006.050, 146
Trd, 000006.333, 154
Trd, 000006.450, 145
Trd, 000006.667, 155
Trd, 000008.450, 169
Trd, 000010.400, 157
Trd, 000010.417, 156
Trd, 000010.783, 159
Trd, 000010.900, 161
Trd, 000011.633, 154
Trd, 000012.483, 155
Trd, 000013.183, 155
Trd, 000013.250, 154
Trd, 000014.400, 154
Trd, 000015.633, 154
Trd, 000015.950, 153
Trd, 000016.483, 156
Trd, 000017.017, 144
Trd, 000018.767, 156
Trd, 000020.067, 156
Trd, 000021.800, 156
Trd, 000021.867, 157
Trd, 000022.267, 158
Trd, 000024.067, 159
Trd, 000024.667, 154
Trd, 000025.150, 153
Trd, 000025.367, 149
Trd, 000025.600, 156
Trd, 000027.433, 153
Trd, 000028.767, 153
Trd, 000028.833, 151
Trd, 000029.283, 156
Trd, 000029.367, 160
Trd, 000030.350, 146
Trd, 000030.983, 161
Trd, 000031.950, 162
Trd, 000032.050, 161
Trd, 000032.933, 159
Trd, 000033.600, 158
Trd, 000033.833, 158
Trd, 000034.333, 158
Trd, 000034.433, 157
Trd, 000035.017, 156
Trd, 000036.167, 154
Trd, 000037.583, 153
Trd, 000037.633, 155
Trd, 000037.867, 148
Trd, 000038.283, 156
Trd, 000039.017, 156
Trd, 000041.167, 157
Trd, 000041.217, 159
Trd, 000041.750, 161
Trd, 000041.883, 162
Trd, 000042.133, 157
Trd, 000043.500, 176
Trd, 000044.283, 170
Trd, 000044.417, 169
Trd, 000045.433, 166
Trd, 000045.700, 162
Trd, 000045.767, 161
Trd, 000046.117, 155
Trd, 000046.383, 157
Trd, 000046.633, 162
Trd, 000046.833, 160
Trd, 000048.150, 162
Trd, 000049.300, 160
Trd, 000050.250, 160
Trd, 000052.017, 163
Trd, 000052.400, 163
Trd, 000052.817, 163
Trd, 000053.383, 162
Trd, 000053.600, 164
Trd, 000053.633, 161
Trd, 000053.667, 173
Trd, 000054.350, 159
Trd, 000055.467, 160
Trd, 000056.350, 151
Trd, 000057.383, 161
Trd, 000057.600, 161
Trd, 000058.600, 159
Trd, 000058.617, 162
Trd, 000058.833, 163
Trd, 000059.400, 164
Trd, 000060.717, 162
Trd, 000061.417, 162
Trd, 000061.450, 165
Trd, 000062.633, 166
Trd, 000063.550, 168
Trd, 000064.500, 165
Trd, 000064.933, 164
Trd, 000065.400, 163
Trd, 000065.783, 160
Trd, 000066.683, 161
Trd, 000066.800, 160
Trd, 000067.233, 160
Trd, 000067.483, 165
Trd, 000068.617, 172
Trd, 000069.133, 174
Trd, 000069.900, 159
Trd, 000071.483, 167
Trd, 000072.517, 165
Trd, 000073.183, 166
Trd, 000073.333, 167
Trd, 000073.383, 163
Trd, 000073.517, 161
Trd, 000074.433, 167
Trd, 000075.500, 178
Trd, 000075.967, 174
Trd, 000078.683, 168
Trd, 000079.050, 163
Trd, 000079.100, 169
Trd, 000080.550, 167
Trd, 000080.650, 168
Trd, 000081.100, 166
Trd, 000081.333, 169
Trd, 000082.217, 166
Trd, 000082.383, 162
Trd, 000083.617, 159
Trd, 000083.767, 158
Trd, 000083.850, 164
Trd, 000084.550, 163
Trd, 000084.650, 159
Trd, 000085.017, 164
Trd, 000085.033, 149
Trd, 000086.867, 166
Trd, 000086.967, 166
Trd, 000089.233, 168
Trd, 000090.467, 168
Trd, 000090.933, 168
Trd, 000091.050, 167
Trd, 000091.483, 167
Trd, 000092.400, 167
Trd, 000092.600, 168
Trd, 000092.817, 167
Trd, 000093.300, 176
Trd, 000093.717, 177
Trd, 000094.217, 163
Trd, 000095.583, 167
Trd, 000096.217, 167
Trd, 000096.417, 161
Trd, 000096.850, 162
Trd, 000097.817, 169
Trd, 000098.783, 168
Trd, 000098.800, 169
Trd, 000100.083, 169
Trd, 000100.200, 168
Trd, 000100.833, 166
Trd, 000101.550, 165
Trd, 000101.800, 167
Trd, 000102.450, 164
Trd, 000103.283, 168
Trd, 000104.717, 165
Trd, 000105.650, 164
Trd, 000105.700, 164
Trd, 000106.617, 163
Trd, 000107.067, 165
Trd, 000108.167, 165
Trd, 000109.083, 169
Trd, 000109.467, 167
Trd, 000109.900, 174
Trd, 000110.683, 169
Trd, 000111.600, 174
Trd, 000112.050, 167
Trd, 000112.950, 169
Trd, 000115.000, 169
Trd, 000115.267, 169
Trd, 000115.933, 169
Trd, 000116.667, 168
Trd, 000116.717, 169
Trd, 000118.017, 167
Trd, 000118.033, 166
Trd, 000118.133, 165
Trd, 000119.850, 167
Trd, 000120.000, 166
Trd, 000121.250, 170
Trd, 000121.650, 180
Trd, 000122.750, 181
Trd, 000122.850, 184
Trd, 000122.950, 191
Trd, 000123.133, 194
Trd, 000123.583, 201
Trd, 000123.633, 210
Trd, 000124.250, 231
Trd, 000124.517, 323.0
Trd, 000124.683, 324.0
Trd, 000125.350, 352
Trd, 000125.400, 343.0
Trd, 000126.633, 347.0
Trd, 000127.433, 347.0
Trd, 000127.800, 346.0
Trd, 000128.650, 345
Trd, 000129.067, 349
Trd, 000129.683, 347
Trd, 000130.867, 368.0
Trd, 000130.917, 346.0
Trd, 000131.817, 346
Trd, 000131.900, 345
Trd, 000133.150, 345.0
Trd, 000133.383, 342.0
Trd, 000134.217, 342.0
Trd, 000134.650, 343
Trd, 000134.950, 351
Trd, 000136.867, 342.0
Trd, 000138.067, 350
Trd, 000138.383, 343
Trd, 000139.283, 352.0
Trd, 000140.183, 342
Trd, 000140.233, 351
Trd, 000140.700, 352
Trd, 000140.767, 355.0
Trd, 000141.683, 358
Trd, 000142.150, 345
Trd, 000143.200, 345
Trd, 000143.333, 345
Trd, 000143.967, 345
Trd, 000144.017, 344
Trd, 000144.700, 357
Trd, 000145.767, 356
Trd, 000146.050, 357
Trd, 000146.217, 341.0
Trd, 000147.017, 338.0
Trd, 000148.667, 354
Trd, 000150.400, 347
Trd, 000152.683, 348
Trd, 000152.733, 348
Trd, 000153.850, 348
Trd, 000154.217, 350
Trd, 000154.867, 346
Trd, 000154.917, 345
Trd, 000155.583, 355.0
Trd, 000157.450, 349
Trd, 000157.783, 348
Trd, 000157.917, 350
Trd, 000158.050, 346
Trd, 000158.817, 346
Trd, 000159.350, 347
Trd, 000159.717, 353
Trd, 000160.800, 354.0
Trd, 000162.317, 354.0
Trd, 000162.467, 353
Trd, 000162.600, 355.0
Trd, 000162.650, 351.0
Trd, 000163.733, 350
Trd, 000164.933, 356
Trd, 000165.767, 352
Trd, 000165.800, 349
Trd, 000165.917, 348
Trd, 000167.717, 347
Trd, 000168.767, 347.0
Trd, 000169.283, 347.0
Trd, 000169.467, 346
Trd, 000169.483, 341.0
Trd, 000169.733, 337.0
Trd, 000170.267, 348
Trd, 000171.067, 340
Trd, 000172.017, 355.0
Trd, 000172.750, 358
Trd, 000173.833, 351.0
Trd, 000174.450, 351
Trd, 000176.017, 358.0
Trd, 000176.250, 354
Trd, 000176.283, 359
Trd, 000177.467, 360
Trd, 000178.250, 358
Trd, 000178.950, 358
Trd, 000180.000, 359
Trd, 000180.050, 361
Trd, 000181.517, 353
Trd, 000181.633, 350
Trd, 000182.167, 344.0
Trd, 000182.800, 344.0
Trd, 000182.833, 343.0
Trd, 000182.917, 351
Trd, 000183.350, 341.0
Trd, 000183.767, 337.0
Trd, 000183.850, 320
Trd, 000184.167, 318
Trd, 000184.183, 313.0
Trd, 000185.067, 218
Trd, 000185.400, 176
Trd, 000186.300, 178
Trd, 000187.200, 186
Trd, 000187.617, 180
Trd, 000187.883, 179
Trd, 000188.883, 177
Trd, 000189.367, 172
Trd, 000189.400, 182
Trd, 000190.483, 179
Trd, 000191.967, 176
Trd, 000192.850, 175
Trd, 000192.883, 176
Trd, 000192.900, 174
Trd, 000193.767, 177
Trd, 000194.100, 178
Trd, 000194.467, 189
Trd, 000194.600, 173
Trd, 000195.800, 185
Trd, 000196.533, 172
Trd, 000196.767, 170
Trd, 000198.183, 165
Trd, 000198.367, 164
Trd, 000198.617, 177
Trd, 000199.800, 177
Trd, 000200.800, 177
Trd, 000201.267, 172
Trd, 000201.333, 178
Trd, 000202.083, 175
Trd, 000202.133, 176
Trd, 000202.183, 164
Trd, 000203.183, 171
Trd, 000203.433, 172
Trd, 000204.467, 176
Trd, 000207.033, 184
Trd, 000208.600, 182
Trd, 000209.217, 181
Trd, 000209.750, 180
Trd, 000210.417, 180
Trd, 000210.517, 180
Trd, 000210.667, 179
Trd, 000211.450, 179
Trd, 000212.467, 178
Trd, 000212.900, 178
Trd, 000213.933, 177
Trd, 000214.983, 175
Trd, 000215.250, 176
Trd, 000215.933, 173
Trd, 000217.217, 175
Trd, 000217.317, 172
Trd, 000217.733, 172
Trd, 000218.933, 177
Trd, 000219.450, 177
Trd, 000219.767, 172
Trd, 000220.350, 173
Trd, 000221.000, 173
Trd, 000221.933, 173
Trd, 000222.550, 172
Trd, 000223.783, 171
Trd, 000224.167, 170
Trd, 000224.450, 174
Trd, 000224.600, 176
Trd, 000225.217, 170
Trd, 000226.983, 176
Trd, 000228.367, 178
Trd, 000228.450, 175
Trd, 000229.800, 176
Trd, 000230.067, 175
Trd, 000230.867, 179
Trd, 000231.733, 178
Trd, 000231.917, 178
Trd, 000232.150, 179
Trd, 000234.117, 176
Trd, 000234.667, 179
Trd, 000234.933, 180
Trd, 000235.783, 178
Trd, 000235.883, 181
Trd, 000237.867, 189
Trd, 000237.900, 191
Trd, 000238.167, 183
Trd, 000238.750, 182
Trd, 000239.683, 194
Trd, 000241.600, 183
Trd, 000241.800, 184
Trd, 000241.983, 182
Trd, 000242.100, 182
Trd, 000243.100, 182
Trd, 000243.217, 181
Trd, 000243.533, 178
Trd, 000244.267, 179
Trd, 000244.517, 174
Trd, 000245.533, 176
Trd, 000245.850, 175
Trd, 000246.350, 175
Trd, 000246.417, 176
Trd, 000247.300, 180
Trd, 000248.233, 180
Trd, 000249.250, 180
Trd, 000249.600, 180
Trd, 000249.750, 183
Trd, 000249.983, 179
Trd, 000250.767, 178
Trd, 000250.817, 186
Trd, 000252.883, 181
Trd, 000253.567, 181
Trd, 000253.833, 181
Trd, 000255.483, 183
Trd, 000255.933, 179
Trd, 000256.000, 180
Trd, 000256.300, 180
Trd, 000256.533, 179
Trd, 000256.567, 179
Trd, 000256.900, 177
Trd, 000257.217, 167
Trd, 000257.917, 175
Trd, 000258.317, 173
Trd, 000258.417, 172
Trd, 000258.850, 168
Trd, 000259.033, 178
Trd, 000260.133, 177
Trd, 000260.867, 181
Trd, 000260.967, 178
Trd, 000261.233, 177
Trd, 000262.150, 180
Trd, 000262.350, 181
Trd, 000263.467, 178
Trd, 000264.067, 177
Trd, 000265.083, 178
Trd, 000265.567, 176
Trd, 000265.633, 167
Trd, 000266.917, 176
Trd, 000267.550, 178
Trd, 000267.767, 178
Trd, 000267.817, 179
Trd, 000269.017, 178
Trd, 000270.400, 182
Trd, 000270.500, 178
Trd, 000271.267, 175
Trd, 000271.717, 177
Trd, 000271.767, 175
Trd, 000272.450, 177
Trd, 000273.367, 178
Trd, 000273.717, 178
Trd, 000274.033, 179
Trd, 000274.200, 179
Trd, 000274.317, 178
Trd, 000274.417, 169
Trd, 000274.950, 180
Trd, 000275.633, 176
Trd, 000276.400, 176
Trd, 000276.833, 175
Trd, 000277.767, 177
Trd, 000278.233, 176
Trd, 000278.717, 182
Trd, 000279.117, 183
Trd, 000279.133, 182
Trd, 000279.517, 177
Trd, 000279.767, 179
Trd, 000280.383, 177
Trd, 000280.600, 186
Trd, 000281.917, 178
Trd, 000283.283, 171
Trd, 000283.517, 169
Trd, 000283.950, 186
Trd, 000285.233, 182
Trd, 000285.750, 179
Trd, 000285.783, 178
Trd, 000286.383, 180
Trd, 000286.400, 181
Trd, 000286.517, 182
Trd, 000286.600, 177
Trd, 000287.050, 186
Trd, 000287.533, 183
Trd, 000287.783, 177
Trd, 000288.567, 190
Trd, 000288.983, 177
Trd, 000289.417, 191
Trd, 000289.833, 197
Trd, 000290.983, 191
Trd, 000291.733, 191
Trd, 000291.817, 187
Trd, 000291.950, 192
Trd, 000292.183, 194
Trd, 000292.400, 186
Trd, 000293.183, 186
Trd, 000293.300, 185
Trd, 000293.417, 183
Trd, 000293.917, 182
Trd, 000295.050, 185
Trd, 000295.183, 182
Trd, 000295.717, 185
Trd, 000297.050, 183
Trd, 000297.300, 182
Trd, 000297.333, 182
Trd, 000297.833, 184
Trd, 000298.017, 188
Trd, 000298.067, 182
Trd, 000299.400, 197
