Trd, 000001.067, 156
Trd, 000001.767, 141
Trd, 000002.433, 148
Trd, 000002.850, 127
Trd, 000003.750, 143
Trd, 000005.100, 139
Trd, 000005.883, 142
Trd, 000006.050, 149
Trd, 000006.100, 154
Trd, 000006.283, 155
Trd, 000006.467, 155
Trd, 000006.967, 143
Trd, 000007.950, 143
Trd, 000008.200, 142
Trd, 000008.350, 143
Trd, 000008.500, 155
Trd, 000009.683, 154
Trd, 000010.750, 166
Trd, 000010.950, 166
Trd, 000011.417, 159
Trd, 000012.733, 164
Trd, 000012.933, 148
Trd, 000013.600, 159
Trd, 000014.267, 160
Trd, 000014.517, 162
Trd, 000014.600, 160
Trd, 000015.333, 161
Trd, 000015.700, 164
Trd, 000015.850, 160
Trd, 000016.250, 159
Trd, 000016.300, 156
Trd, 000017.133, 150
Trd, 000017.983, 165
Trd, 000018.317, 146
Trd, 000018.650, 143
Trd, 000019.583, 160
Trd, 000021.000, 159
Trd, 000022.100, 158
Trd, 000022.467, 159
Trd, 000023.100, 159
Trd, 000023.733, 159
Trd, 000024.100, 159
Trd, 000024.400, 158
Trd, 000024.733, 157
Trd, 000025.567, 159
Trd, 000026.000, 158
Trd, 000026.600, 158
Trd, 000027.617, 158
Trd, 000028.683, 159
Trd, 000029.150, 158
Trd, 000029.600, 158
Trd, 000029.833, 160
Trd, 000029.850, 162
Trd, 000030.017, 156
Trd, 000030.283, 153
Trd, 000031.100, 154
Trd, 000031.150, 152
Trd, 000031.950, 150
Trd, 000032.050, 152
Trd, 000033.033, 150
Trd, 000033.833, 150
Trd, 000035.183, 150
Trd, 000035.233, 151
Trd, 000035.283, 153
Trd, 000035.500, 158
Trd, 000035.750, 149
Trd, 000037.033, 153
Trd, 000037.050, 154
Trd, 000038.433, 150
Trd, 000038.567, 152
Trd, 000040.767, 153
Trd, 000041.500, 152
Trd, 000041.650, 154
Trd, 000042.133, 152
Trd, 000042.333, 151
Trd, 000043.633, 154
Trd, 000044.167, 151
Trd, 000044.567, 152
Trd, 000044.883, 159
Trd, 000045.033, 159
Trd, 000045.183, 166
Trd, 000045.450, 152
Trd, 000046.200, 155
Trd, 000046.667, 157
Trd, 000046.833, 174
Trd, 000049.067, 161
Trd, 000049.300, 155
Trd, 000049.317, 154
Trd, 000049.450, 153
Trd, 000049.517, 159
Trd, 000050.950, 156
Trd, 000051.500, 157
Trd, 000051.717, 160
Trd, 000052.283, 158
Trd, 000053.367, 158
Trd, 000053.567, 154
Trd, 000054.250, 156
Trd, 000054.383, 156
Trd, 000054.467, 158
Trd, 000054.600, 155
Trd, 000054.800, 152
Trd, 000055.200, 149
Trd, 000056.100, 152
Trd, 000056.183, 153
Trd, 000057.000, 159
Trd, 000057.117, 167
Trd, 000057.383, 160
Trd, 000058.683, 160
Trd, 000059.733, 161
Trd, 000060.250, 160
Trd, 000060.667, 157
Trd, 000061.033, 150
Trd, 000061.300, 156
Trd, 000061.333, 159
Trd, 000061.533, 156
Trd, 000061.983, 156
Trd, 000062.267, 168
Trd, 000062.800, 156
Trd, 000063.017, 150
Trd, 000064.000, 153
Trd, 000064.550, 165
Trd, 000065.517, 166
Trd, 000066.983, 165
Trd, 000067.467, 164
Trd, 000068.017, 164
Trd, 000068.050, 163
Trd, 000068.233, 166
Trd, 000068.617, 162
Trd, 000069.667, 164
Trd, 000070.683, 161
Trd, 000070.900, 161
Trd, 000071.017, 160
Trd, 000071.650, 162
Trd, 000072.817, 154
Trd, 000073.233, 158
Trd, 000073.583, 157
Trd, 000073.700, 155
Trd, 000074.467, 158
Trd, 000075.117, 158
Trd, 000075.283, 156
Trd, 000075.400, 154
Trd, 000076.117, 158
Trd, 000076.167, 159
Trd, 000077.250, 168
Trd, 000078.083, 166
Trd, 000079.233, 167
Trd, 000079.267, 169
Trd, 000079.483, 163
Trd, 000079.533, 182
Trd, 000079.650, 150
Trd, 000079.983, 163
Trd, 000080.983, 171
Trd, 000081.267, 166
Trd, 000081.817, 169
Trd, 000083.417, 169
Trd, 000083.800, 172
Trd, 000084.650, 170
Trd, 000085.117, 168
Trd, 000085.300, 168
Trd, 000085.783, 174
Trd, 000086.150, 174
Trd, 000086.433, 167
Trd, 000088.100, 164
Trd, 000090.267, 170
Trd, 000090.350, 170
Trd, 000090.417, 173
Trd, 000090.600, 169
Trd, 000090.950, 174
Trd, 000093.183, 171
Trd, 000093.583, 172
Trd, 000093.683, 168
Trd, 000093.933, 172
Trd, 000094.100, 169
Trd, 000094.783, 168
Trd, 000095.267, 165
Trd, 000095.283, 170
Trd, 000095.367, 165
Trd, 000095.967, 170
Trd, 000096.700, 166
Trd, 000097.283, 164
Trd, 000097.600, 156
Trd, 000098.217, 169
Trd, 000099.617, 166
Trd, 000099.750, 165
Trd, 000100.550, 165
Trd, 000100.650, 167
Trd, 000101.000, 164
Trd, 000101.050, 163
Trd, 000101.133, 155
Trd, 000101.450, 167
Trd, 000102.417, 168
Trd, 000102.967, 169
Trd, 000103.350, 154
Trd, 000103.750, 172
Trd, 000105.267, 165
Trd, 000105.550, 166
Trd, 000105.650, 166
Trd, 000105.733, 166
Trd, 000106.067, 165
Trd, 000106.183, 165
Trd, 000106.700, 164
Trd, 000107.233, 165
Trd, 000108.417, 163
Trd, 000108.550, 164
Trd, 000108.983, 158
Trd, 000109.683, 164
Trd, 000110.617, 162
Trd, 000111.383, 158
Trd, 000111.617, 164
Trd, 000111.717, 158
Trd, 000111.850, 156
Trd, 000112.317, 160
Trd, 000112.450, 165
Trd, 000114.450, 163
Trd, 000114.983, 165
Trd, 000115.283, 162
Trd, 000115.617, 184
Trd, 000115.950, 160
Trd, 000116.817, 168
Trd, 000116.917, 168
Trd, 000118.233, 164
Trd, 000118.517, 169
Trd, 000118.950, 168
Trd, 000119.017, 174
Trd, 000120.600, 172
Trd, 000120.950, 174
Trd, 000120.967, 175
Trd, 000121.333, 171
Trd, 000121.733, 177
Trd, 000122.017, 178
Trd, 000123.250, 236
Trd, 000123.683, 310.0
Trd, 000124.283, 327.0
Trd, 000124.750, 335
Trd, 000125.250, 342
Trd, 000125.850, 346.0
Trd, 000126.400, 321
Trd, 000126.550, 347.0
Trd, 000127.017, 332
Trd, 000127.450, 348.0
Trd, 000127.933, 346
Trd, 000128.367, 345
Trd, 000128.483, 345
Trd, 000128.817, 353.0
Trd, 000131.633, 354
Trd, 000133.017, 356
Trd, 000133.083, 355
Trd, 000133.150, 359
Trd, 000133.433, 363
Trd, 000134.333, 355.0
Trd, 000134.967, 349
Trd, 000135.100, 343
Trd, 000135.467, 341.0
Trd, 000135.667, 348.0
Trd, 000137.100, 342
Trd, 000137.800, 341.0
Trd, 000138.483, 343
Trd, 000139.167, 320
Trd, 000140.317, 342.0
Trd, 000140.917, 327.0
Trd, 000141.217, 340
Trd, 000141.350, 341
Trd, 000142.283, 344
Trd, 000142.717, 348.0
Trd, 000143.217, 342
Trd, 000143.733, 355.0
Trd, 000144.333, 349
Trd, 000144.667, 348
Trd, 000145.067, 350
Trd, 000145.200, 354.0
Trd, 000145.267, 345
Trd, 000145.450, 347
Trd, 000147.000, 352.0
Trd, 000148.067, 347
Trd, 000148.117, 351
Trd, 000148.183, 345
Trd, 000148.583, 341.0
Trd, 000149.067, 347
Trd, 000149.400, 346
Trd, 000149.750, 348
Trd, 000150.667, 348.0
Trd, 000151.867, 348
Trd, 000152.867, 346.0
Trd, 000153.350, 345.0
Trd, 000153.567, 344.0
Trd, 000154.667, 350
Trd, 000154.833, 350
Trd, 000155.467, 347
Trd, 000155.750, 344
Trd, 000157.267, 341.0
Trd, 000157.433, 346
Trd, 000158.917, 343.0
Trd, 000159.050, 342
Trd, 000159.283, 344.0
Trd, 000159.983, 344
Trd, 000160.100, 348.0
Trd, 000160.283, 348
Trd, 000160.550, 370
Trd, 000161.883, 356.0
Trd, 000162.250, 355.0
Trd, 000162.800, 353
Trd, 000163.200, 355
Trd, 000163.517, 355
Trd, 000163.950, 353
Trd, 000164.167, 355
Trd, 000164.400, 358
Trd, 000165.633, 353
Trd, 000166.200, 353
Trd, 000166.717, 351
Trd, 000167.167, 354
Trd, 000167.433, 354
Trd, 000169.817, 351
Trd, 000169.900, 353
Trd, 000170.617, 349
Trd, 000170.817, 353
Trd, 000171.150, 344.0
Trd, 000171.167, 342
Trd, 000171.200, 319
Trd, 000172.183, 345
Trd, 000172.300, 348
Trd, 000172.767, 344
Trd, 000175.133, 347
Trd, 000175.383, 349
Trd, 000175.933, 348.0
Trd, 000176.183, 348
Trd, 000176.283, 350
Trd, 000176.650, 349
Trd, 000178.317, 344.0
Trd, 000178.633, 358
Trd, 000178.933, 344
Trd, 000179.317, 346
Trd, 000179.700, 341.0
Trd, 000180.617, 343
Trd, 000181.900, 342
Trd, 000181.967, 318
Trd, 000182.317, 316
Trd, 000182.467, 315
Trd, 000182.533, 313
Trd, 000183.650, 310.0
Trd, 000183.917, 294
Trd, 000184.350, 252
Trd, 000185.150, 218
Trd, 000185.267, 211
Trd, 000185.383, 193
Trd, 000185.933, 192
Trd, 000186.317, 191
Trd, 000189.100, 183
Trd, 000189.367, 173
Trd, 000189.700, 184
Trd, 000189.933, 171
Trd, 000189.967, 170
Trd, 000190.083, 168
Trd, 000191.317, 170
Trd, 000191.383, 168
Trd, 000191.617, 173
Trd, 000191.900, 179
Trd, 000192.450, 169
Trd, 000194.183, 173
Trd, 000194.800, 175
Trd, 000194.833, 175
Trd, 000195.550, 176
Trd, 000195.700, 176
Trd, 000196.033, 174
Trd, 000197.217, 172
Trd, 000197.367, 167
Trd, 000197.750, 177
Trd, 000198.200, 178
Trd, 000199.267, 178
Trd, 000199.850, 179
Trd, 000199.933, 178
Trd, 000200.533, 177
Trd, 000200.783, 176
Trd, 000201.533, 175
Trd, 000202.833, 176
Trd, 000203.000, 176
Trd, 000203.517, 175
Trd, 000205.067, 172
Trd, 000205.483, 174
Trd, 000205.967, 176
Trd, 000206.667, 175
Trd, 000206.750, 175
Trd, 000206.867, 176
Trd, 000207.133, 188
Trd, 000207.150, 174
Trd, 000207.400, 166
Trd, 000208.333, 169
Trd, 000208.450, 166
Trd, 000208.733, 168
Trd, 000209.450, 177
Trd, 000209.533, 164
Trd, 000209.700, 172
Trd, 000209.817, 162
Trd, 000209.850, 178
Trd, 000210.167, 176
Trd, 000211.600, 140
Trd, 000212.067, 147
Trd, 000212.350, 164
Trd, 000212.917, 187
Trd, 000213.433, 170
Trd, 000213.767, 194
Trd, 000214.000, 171
Trd, 000214.400, 172
Trd, 000214.417, 170
Trd, 000214.450, 162
Trd, 000214.783, 173
Trd, 000218.317, 171
Trd, 000218.533, 173
Trd, 000219.083, 171
Trd, 000219.317, 170
Trd, 000220.050, 169
Trd, 000220.433, 171
Trd, 000220.500, 168
Trd, 000221.000, 172
Trd, 000222.000, 172
Trd, 000222.250, 177
Trd, 000222.567, 171
Trd, 000222.750, 168
Trd, 000222.850, 178
Trd, 000222.883, 151
Trd, 000224.567, 169
Trd, 000225.017, 170
Trd, 000225.567, 166
Trd, 000225.733, 165
Trd, 000226.633, 170
Trd, 000227.083, 185
Trd, 000227.750, 178
Trd, 000227.817, 175
Trd, 000228.283, 178
Trd, 000228.483, 175
Trd, 000228.800, 167
Trd, 000229.817, 177
Trd, 000229.850, 178
Trd, 000230.567, 172
Trd, 000230.883, 178
Trd, 000231.283, 178
Trd, 000232.550, 178
Trd, 000233.217, 178
Trd, 000234.450, 185
Trd, 000235.100, 174
Trd, 000235.233, 171
Trd, 000236.167, 172
Trd, 000236.533, 172
Trd, 000237.133, 173
Trd, 000237.650, 170
Trd, 000237.800, 173
Trd, 000237.967, 177
Trd, 000238.383, 181
Trd, 000239.350, 172
Trd, 000239.467, 171
Trd, 000240.100, 175
Trd, 000240.600, 176
Trd, 000241.450, 173
Trd, 000242.500, 173
Trd, 000242.550, 175
Trd, 000242.583, 177
Trd, 000242.700, 177
Trd, 000243.650, 171
Trd, 000244.550, 170
Trd, 000244.617, 175
Trd, 000245.633, 174
Trd, 000246.383, 175
Trd, 000246.617, 174
Trd, 000246.767, 171
Trd, 000247.700, 174
Trd, 000248.083, 176
Trd, 000248.633, 178
Trd, 000249.050, 180
Trd, 000249.067, 183
Trd, 000249.517, 178
Trd, 000249.850, 178
Trd, 000250.233, 178
Trd, 000251.217, 178
Trd, 000251.233, 177
Trd, 000251.617, 177
Trd, 000251.783, 178
Trd, 000252.500, 180
Trd, 000252.900, 179
Trd, 000253.467, 181
Trd, 000253.817, 179
Trd, 000254.083, 177
Trd, 000254.617, 177
Trd, 000255.483, 179
Trd, 000256.883, 180
Trd, 000256.933, 179
Trd, 000257.233, 176
Trd, 000257.367, 176
Trd, 000257.500, 177
Trd, 000258.467, 177
Trd, 000258.850, 184
Trd, 000259.600, 181
Trd, 000259.700, 178
Trd, 000259.833, 182
Trd, 000259.850, 177
Trd, 000260.217, 201
Trd, 000260.367, 171
Trd, 000260.667, 174
Trd, 000260.883, 175
Trd, 000261.783, 179
Trd, 000262.117, 183
Trd, 000262.550, 177
Trd, 000264.067, 178
Trd, 000264.083, 181
Trd, 000264.733, 180
Trd, 000264.817, 178
Trd, 000265.350, 178
Trd, 000265.683, 182
Trd, 000265.767, 183
Trd, 000265.867, 178
Trd, 000266.450, 178
Trd, 000266.583, 177
Trd, 000267.783, 183
Trd, 000268.100, 182
Trd, 000268.417, 182
Trd, 000269.033, 184
Trd, 000269.550, 201
Trd, 000269.883, 194
Trd, 000270.217, 194
Trd, 000270.500, 193
Trd, 000270.550, 185
Trd, 000270.683, 178
Trd, 000271.433, 187
Trd, 000271.700, 186
Trd, 000272.500, 183
Trd, 000272.517, 178
Trd, 000273.017, 180
Trd, 000273.083, 175
Trd, 000274.450, 178
Trd, 000274.650, 179
Trd, 000275.450, 179
Trd, 000275.633, 179
Trd, 000275.650, 180
Trd, 000275.850, 182
Trd, 000275.917, 177
Trd, 000276.467, 171
Trd, 000276.483, 172
Trd, 000276.750, 184
Trd, 000278.067, 181
Trd, 000279.050, 184
Trd, 000279.650, 179
Trd, 000280.083, 176
Trd, 000280.567, 182
Trd, 000280.833, 180
Trd, 000281.100, 180
Trd, 000281.117, 179
Trd, 000281.483, 178
Trd, 000282.700, 181
Trd, 000283.333, 177
Trd, 000283.350, 181
Trd, 000283.400, 176
Trd, 000283.683, 182
Trd, 000283.967, 175
Trd, 000284.583, 180
Trd, 000285.467, 181
Trd, 000286.033, 180
Trd, 000286.083, 179
Trd, 000286.333, 178
Trd, 000286.450, 173
Trd, 000286.783, 173
Trd, 000287.033, 182
Trd, 000287.233, 174
Trd, 000287.533, 170
Trd, 000288.567, 182
Trd, 000289.467, 181
Trd, 000289.867, 180
Trd, 000289.950, 178
Trd, 000290.533, 179
Trd, 000290.650, 182
Trd, 000290.667, 177
Trd, 000291.883, 178
Trd, 000292.500, 180
Trd, 000292.700, 176
Trd, 000292.933, 174
Trd, 000293.200, 180
Trd, 000293.517, 177
Trd, 000293.750, 183
Trd, 000294.083, 178
Trd, 000294.150, 177
Trd, 000294.217, 184
Trd, 000294.483, 176
Trd, 000294.667, 166
Trd, 000295.317, 182
Trd, 000296.500, 184
Trd, 000296.950, 178
Trd, 000298.017, 184
Trd, 000298.117, 175
Trd, 000298.183, 173
Trd, 000298.967, 170
Trd, 000299.017, 184
Trd, 000299.267, 167
Trd, 000299.417, 188
