Trd, 000001.400, 119
Trd, 000001.617, 120
Trd, 000002.033, 124
Trd, 000003.550, 156
Trd, 000005.783, 140
Trd, 000006.117, 141
Trd, 000006.517, 143
Trd, 000007.067, 157
Trd, 000007.800, 150
Trd, 000008.017, 159
Trd, 000008.800, 153
Trd, 000008.867, 151
Trd, 000010.450, 155
Trd, 000010.483, 156
Trd, 000010.667, 149
Trd, 000011.217, 155
Trd, 000011.500, 144
Trd, 000012.783, 151
Trd, 000012.933, 150
Trd, 000013.383, 151
Trd, 000014.667, 150
Trd, 000014.817, 150
Trd, 000015.050, 150
Trd, 000016.783, 150
Trd, 000016.883, 149
Trd, 000017.417, 150
Trd, 000017.600, 149
Trd, 000019.783, 166
Trd, 000020.700, 159
Trd, 000020.867, 160
Trd, 000021.883, 157
Trd, 000022.300, 155
Trd, 000022.333, 158
Trd, 000022.350, 159
Trd, 000023.100, 150
Trd, 000023.250, 151
Trd, 000023.450, 144
Trd, 000024.650, 151
Trd, 000026.050, 151
Trd, 000026.133, 152
Trd, 000026.367, 150
Trd, 000028.017, 154
Trd, 000028.033, 156
Trd, 000028.700, 159
Trd, 000028.817, 155
Trd, 000029.067, 155
Trd, 000029.117, 156
Trd, 000029.917, 160
Trd, 000030.183, 155
Trd, 000031.150, 158
Trd, 000031.233, 157
Trd, 000032.550, 159
Trd, 000032.667, 161
Trd, 000033.700, 166
Trd, 000033.917, 160
Trd, 000034.750, 167
Trd, 000035.067, 159
Trd, 000035.800, 158
Trd, 000036.133, 147
Trd, 000036.183, 161
Trd, 000037.750, 155
Trd, 000039.600, 155
Trd, 000039.617, 154
Trd, 000040.217, 153
Trd, 000040.250, 155
Trd, 000041.183, 154
Trd, 000041.250, 156
Trd, 000041.833, 162
Trd, 000042.100, 156
Trd, 000042.933, 166
Trd, 000043.367, 156
Trd, 000043.550, 157
Trd, 000044.750, 168
Trd, 000044.767, 170
Trd, 000044.783, 155
Trd, 000045.667, 154
Trd, 000045.717, 162
Trd, 000046.867, 162
Trd, 000047.000, 158
Trd, 000048.200, 168
Trd, 000050.033, 160
Trd, 000050.633, 161
Trd, 000050.667, 162
Trd, 000051.483, 162
Trd, 000051.833, 162
Trd, 000052.517, 161
Trd, 000052.750, 161
Trd, 000054.000, 156
Trd, 000054.283, 157
Trd, 000054.533, 148
Trd, 000055.067, 151
Trd, 000055.250, 152
Trd, 000055.367, 140
Trd, 000055.700, 139
Trd, 000057.317, 147
Trd, 000057.717, 147
Trd, 000057.850, 143
Trd, 000058.533, 148
Trd, 000059.000, 155
Trd, 000059.100, 156
Trd, 000060.050, 164
Trd, 000060.167, 171
Trd, 000060.333, 151
Trd, 000062.000, 158
Trd, 000062.600, 158
Trd, 000063.367, 158
Trd, 000063.683, 158
Trd, 000063.883, 163
Trd, 000064.667, 164
Trd, 000064.900, 159
Trd, 000066.117, 157
Trd, 000066.767, 156
Trd, 000067.167, 155
Trd, 000067.183, 158
Trd, 000067.933, 154
Trd, 000069.183, 151
Trd, 000069.617, 151
Trd, 000069.750, 154
Trd, 000070.467, 153
Trd, 000071.967, 156
Trd, 000072.883, 156
Trd, 000073.083, 156
Trd, 000073.567, 157
Trd, 000073.633, 155
Trd, 000075.350, 153
Trd, 000075.583, 153
Trd, 000075.683, 155
Trd, 000076.467, 157
Trd, 000076.533, 165
Trd, 000076.567, 155
Trd, 000076.850, 154
Trd, 000077.883, 171
Trd, 000079.000, 154
Trd, 000080.067, 163
Trd, 000081.367, 163
Trd, 000082.050, 161
Trd, 000082.617, 162
Trd, 000082.883, 165
Trd, 000083.267, 162
Trd, 000083.583, 160
Trd, 000084.900, 160
Trd, 000085.083, 159
Trd, 000085.233, 159
Trd, 000085.617, 156
Trd, 000085.767, 160
Trd, 000086.383, 158
Trd, 000087.017, 160
Trd, 000087.633, 162
Trd, 000088.150, 158
Trd, 000088.367, 163
Trd, 000088.900, 158
Trd, 000089.833, 161
Trd, 000090.217, 158
Trd, 000090.850, 159
Trd, 000091.200, 159
Trd, 000091.250, 157
Trd, 000091.350, 161
Trd, 000091.717, 161
Trd, 000091.800, 152
Trd, 000093.517, 167
Trd, 000093.650, 162
Trd, 000093.833, 160
Trd, 000093.867, 158
Trd, 000094.917, 160
Trd, 000095.533, 161
Trd, 000095.833, 161
Trd, 000096.033, 167
Trd, 000096.083, 161
Trd, 000097.383, 163
Trd, 000098.400, 168
Trd, 000098.533, 170
Trd, 000099.383, 168
Trd, 000099.683, 167
Trd, 000100.517, 165
Trd, 000100.633, 158
Trd, 000101.833, 162
Trd, 000102.367, 165
Trd, 000103.533, 161
Trd, 000103.983, 162
Trd, 000104.150, 160
Trd, 000104.550, 162
Trd, 000105.583, 161
Trd, 000105.733, 161
Trd, 000107.600, 159
Trd, 000107.683, 163
Trd, 000108.400, 170
Trd, 000109.683, 167
Trd, 000109.983, 167
Trd, 000110.633, 164
Trd, 000111.317, 165
Trd, 000111.650, 165
Trd, 000111.917, 164
Trd, 000112.283, 165
Trd, 000112.767, 162
Trd, 000113.550, 157
Trd, 000113.850, 156
Trd, 000114.183, 155
Trd, 000114.450, 163
Trd, 000117.483, 159
Trd, 000117.917, 160
Trd, 000118.250, 158
Trd, 000118.750, 158
Trd, 000119.250, 156
Trd, 000119.317, 155
Trd, 000119.717, 157
Trd, 000121.217, 159
Trd, 000121.833, 167
Trd, 000121.983, 170
Trd, 000122.333, 163
Trd, 000122.550, 180
Trd, 000122.567, 188
Trd, 000123.217, 183
Trd, 000123.383, 168
Trd, 000123.700, 303.0
Trd, 000123.900, 300.0
Trd, 000125.400, 335
Trd, 000125.617, 336
Trd, 000125.683, 354
Trd, 000125.833, 330
Trd, 000126.300, 358.0
Trd, 000126.767, 330
Trd, 000127.000, 329
Trd, 000127.133, 317.0
Trd, 000127.533, 350
Trd, 000127.650, 351
Trd, 000128.067, 321
Trd, 000128.933, 346
Trd, 000131.217, 339.0
Trd, 000134.100, 342
Trd, 000134.417, 336
Trd, 000134.450, 343
Trd, 000136.733, 340
Trd, 000136.900, 337
Trd, 000136.917, 342
Trd, 000137.833, 345
Trd, 000138.600, 340
Trd, 000138.733, 340
Trd, 000140.183, 339
Trd, 000140.433, 339
Trd, 000140.617, 342
Trd, 000140.717, 334.0
Trd, 000140.733, 317.0
Trd, 000142.133, 334
Trd, 000142.217, 335
Trd, 000142.483, 331
Trd, 000142.867, 339
Trd, 000143.200, 341
Trd, 000144.100, 334.0
Trd, 000144.417, 330
Trd, 000145.800, 352
Trd, 000146.067, 352
Trd, 000146.233, 351
Trd, 000146.250, 344
Trd, 000147.067, 351
Trd, 000147.583, 352
Trd, 000147.883, 344
Trd, 000148.583, 342
Trd, 000149.133, 342
Trd, 000149.567, 349
Trd, 000150.083, 342
Trd, 000150.250, 349
Trd, 000150.867, 348
Trd, 000151.233, 349
Trd, 000153.033, 345
Trd, 000153.500, 345
Trd, 000154.017, 344
Trd, 000154.117, 345
Trd, 000155.167, 339
Trd, 000155.983, 346
Trd, 000156.283, 348
Trd, 000156.367, 341
Trd, 000156.533, 340
Trd, 000157.350, 346
Trd, 000157.950, 343
Trd, 000158.800, 344
Trd, 000159.100, 346
Trd, 000159.583, 344
Trd, 000159.933, 358.0
Trd, 000160.250, 345
Trd, 000160.333, 344
Trd, 000160.433, 342
Trd, 000160.967, 342
Trd, 000161.200, 354
Trd, 000161.350, 339
Trd, 000162.083, 357.0
Trd, 000163.000, 348.0
Trd, 000164.500, 358
Trd, 000164.783, 350
Trd, 000165.800, 353
Trd, 000166.067, 355
Trd, 000166.383, 353
Trd, 000166.550, 352
Trd, 000166.667, 346
Trd, 000167.833, 350
Trd, 000169.450, 349
Trd, 000169.500, 347
Trd, 000169.717, 344
Trd, 000170.267, 344
Trd, 000170.833, 341
Trd, 000172.567, 343
Trd, 000173.617, 340
Trd, 000174.183, 340
Trd, 000175.900, 343
Trd, 000176.250, 345
Trd, 000176.850, 344
Trd, 000176.883, 337
Trd, 000177.633, 345
Trd, 000178.000, 344
Trd, 000178.283, 340
Trd, 000179.383, 340
Trd, 000181.083, 337
Trd, 000181.733, 336
Trd, 000181.783, 334.0
Trd, 000182.117, 334
Trd, 000182.383, 345
Trd, 000182.650, 317.0
Trd, 000183.283, 309
Trd, 000183.517, 302
Trd, 000183.550, 288
Trd, 000183.933, 279
Trd, 000184.067, 198
Trd, 000184.600, 218
Trd, 000185.050, 186
Trd, 000185.517, 192
Trd, 000185.850, 183
Trd, 000186.200, 168
Trd, 000188.167, 183
Trd, 000189.017, 181
Trd, 000190.033, 182
Trd, 000190.217, 174
Trd, 000191.133, 177
Trd, 000191.383, 172
Trd, 000191.633, 177
Trd, 000192.517, 170
Trd, 000192.567, 176
Trd, 000194.017, 171
Trd, 000195.367, 169
Trd, 000195.600, 170
Trd, 000196.650, 171
Trd, 000196.833, 169
Trd, 000197.333, 171
Trd, 000197.383, 172
Trd, 000198.767, 169
Trd, 000198.800, 168
Trd, 000199.383, 167
Trd, 000200.150, 166
Trd, 000201.767, 178
Trd, 000202.067, 173
Trd, 000202.333, 173
Trd, 000202.467, 173
Trd, 000202.783, 178
Trd, 000204.167, 184
Trd, 000204.467, 173
Trd, 000204.600, 172
Trd, 000205.000, 184
Trd, 000206.800, 174
Trd, 000206.983, 175
Trd, 000207.667, 176
Trd, 000208.017, 183
Trd, 000209.117, 173
Trd, 000210.417, 175
Trd, 000211.150, 176
Trd, 000211.267, 175
Trd, 000211.867, 176
Trd, 000212.400, 174
Trd, 000212.783, 175
Trd, 000214.067, 172
Trd, 000214.250, 175
Trd, 000214.867, 178
Trd, 000216.333, 177
Trd, 000216.567, 177
Trd, 000217.517, 175
Trd, 000218.433, 172
Trd, 000218.767, 165
Trd, 000219.683, 171
Trd, 000219.750, 170
Trd, 000220.633, 173
Trd, 000221.200, 170
Trd, 000222.000, 177
Trd, 000222.383, 179
Trd, 000223.550, 180
Trd, 000224.033, 187
Trd, 000224.217, 174
Trd, 000224.267, 173
Trd, 000224.367, 171
Trd, 000224.600, 190
Trd, 000226.433, 177
Trd, 000227.767, 176
Trd, 000228.167, 176
Trd, 000228.850, 173
Trd, 000229.483, 172
Trd, 000229.533, 171
Trd, 000229.967, 166
Trd, 000230.233, 174
Trd, 000231.217, 170
Trd, 000231.350, 170
Trd, 000232.450, 170
Trd, 000232.583, 171
Trd, 000232.950, 171
Trd, 000234.050, 172
Trd, 000234.183, 181
Trd, 000234.883, 175
Trd, 000235.933, 176
Trd, 000235.950, 177
Trd, 000236.250, 178
Trd, 000236.950, 178
Trd, 000237.400, 166
Trd, 000237.800, 173
Trd, 000238.483, 170
Trd, 000238.917, 169
Trd, 000240.200, 170
Trd, 000240.783, 174
Trd, 000240.917, 176
Trd, 000241.083, 177
Trd, 000241.483, 178
Trd, 000241.567, 177
Trd, 000241.633, 167
Trd, 000242.900, 178
Trd, 000243.500, 182
Trd, 000243.567, 182
Trd, 000244.317, 190
Trd, 000244.600, 192
Trd, 000244.783, 189
Trd, 000245.550, 192
Trd, 000245.600, 191
Trd, 000246.067, 191
Trd, 000247.383, 186
Trd, 000247.900, 183
Trd, 000248.400, 183
Trd, 000248.567, 184
Trd, 000249.117, 185
Trd, 000249.150, 186
Trd, 000249.400, 180
Trd, 000249.700, 189
Trd, 000250.817, 190
Trd, 000251.450, 190
Trd, 000252.083, 190
Trd, 000253.217, 189
Trd, 000253.467, 188
Trd, 000254.117, 188
Trd, 000255.017, 188
Trd, 000255.350, 190
Trd, 000255.533, 192
Trd, 000255.550, 189
Trd, 000256.000, 189
Trd, 000256.583, 188
Trd, 000256.750, 186
Trd, 000257.067, 189
Trd, 000257.467, 189
Trd, 000257.917, 190
Trd, 000258.350, 187
Trd, 000258.667, 193
Trd, 000258.867, 194
Trd, 000259.850, 195
Trd, 000259.933, 191
Trd, 000260.767, 189
Trd, 000261.300, 195
Trd, 000261.433, 194
Trd, 000261.683, 191
Trd, 000262.283, 181
Trd, 000262.633, 174
Trd, 000262.800, 190
Trd, 000263.133, 184
Trd, 000264.133, 187
Trd, 000264.450, 186
Trd, 000264.667, 182
Trd, 000265.250, 186
Trd, 000265.700, 188
Trd, 000266.167, 191
Trd, 000266.367, 189
Trd, 000266.683, 191
Trd, 000268.217, 195
Trd, 000268.833, 199
Trd, 000268.900, 194
Trd, 000269.383, 192
Trd, 000269.583, 184
Trd, 000269.617, 182
Trd, 000270.200, 204
Trd, 000271.883, 191
Trd, 000272.650, 190
Trd, 000272.667, 191
Trd, 000272.767, 188
Trd, 000273.050, 188
Trd, 000273.533, 188
Trd, 000275.200, 186
Trd, 000275.383, 186
Trd, 000275.433, 188
Trd, 000275.450, 188
Trd, 000276.233, 191
Trd, 000276.400, 195
Trd, 000276.767, 185
Trd, 000276.867, 184
Trd, 000277.167, 191
Trd, 000277.250, 192
Trd, 000277.883, 199
Trd, 000278.117, 206
Trd, 000278.317, 193
Trd, 000278.333, 199
Trd, 000278.750, 199
Trd, 000278.767, 200
Trd, 000278.950, 203
Trd, 000279.900, 190
Trd, 000280.517, 182
Trd, 000281.917, 184
Trd, 000282.550, 183
Trd, 000283.350, 183
Trd, 000283.433, 186
Trd, 000283.550, 193
Trd, 000283.850, 178
Trd, 000285.317, 176
Trd, 000286.267, 182
Trd, 000286.333, 183
Trd, 000287.083, 184
Trd, 000287.100, 186
Trd, 000287.967, 185
Trd, 000288.300, 183
Trd, 000288.550, 182
Trd, 000288.767, 182
Trd, 000288.917, 186
Trd, 000289.167, 187
Trd, 000290.117, 184
Trd, 000291.083, 185
Trd, 000291.350, 186
Trd, 000291.617, 186
Trd, 000291.717, 187
Trd, 000291.783, 185
Trd, 000292.267, 193
Trd, 000292.283, 194
Trd, 000292.867, 187
Trd, 000293.233, 197
Trd, 000293.567, 186
Trd, 000293.617, 185
Trd, 000295.317, 177
Trd, 000295.533, 186
Trd, 000295.833, 184
Trd, 000295.917, 188
Trd, 000296.383, 186
Trd, 000296.517, 178
Trd, 000296.717, 186
Trd, 000297.650, 186
Trd, 000298.717, 186
Trd, 000299.233, 184
Trd, 000299.867, 187
