Trd, 000002.417, 129
Trd, 000004.700, 178
Trd, 000005.267, 155
Trd, 000005.350, 155
Trd, 000005.400, 180
Trd, 000005.883, 157
Trd, 000006.333, 148
Trd, 000007.517, 162
Trd, 000007.567, 156
Trd, 000007.883, 155
Trd, 000008.533, 164
Trd, 000009.233, 164
Trd, 000009.750, 158
Trd, 000010.533, 160
Trd, 000010.950, 156
Trd, 000011.750, 156
Trd, 000011.867, 161
Trd, 000012.250, 155
Trd, 000012.783, 158
Trd, 000013.867, 157
Trd, 000014.917, 158
Trd, 000015.133, 158
Trd, 000015.533, 153
Trd, 000016.633, 157
Trd, 000017.367, 157
Trd, 000017.450, 159
Trd, 000017.550, 170
Trd, 000017.667, 154
Trd, 000018.917, 162
Trd, 000018.950, 158
Trd, 000019.783, 159
Trd, 000019.833, 157
Trd, 000019.967, 152
Trd, 000020.317, 149
Trd, 000020.967, 162
Trd, 000023.117, 159
Trd, 000023.267, 160
Trd, 000023.800, 159
Trd, 000024.300, 164
Trd, 000025.250, 163
Trd, 000025.683, 163
Trd, 000025.733, 165
Trd, 000026.933, 166
Trd, 000027.250, 166
Trd, 000027.300, 167
Trd, 000027.583, 160
Trd, 000029.400, 161
Trd, 000030.200, 161
Trd, 000030.850, 162
Trd, 000031.267, 160
Trd, 000031.933, 161
Trd, 000032.667, 160
Trd, 000032.800, 156
Trd, 000033.633, 160
Trd, 000034.300, 159
Trd, 000034.717, 158
Trd, 000034.817, 161
Trd, 000035.583, 158
Trd, 000036.800, 155
Trd, 000036.817, 158
Trd, 000037.033, 154
Trd, 000037.833, 154
Trd, 000037.983, 153
Trd, 000038.950, 157
Trd, 000039.083, 151
Trd, 000039.150, 158
Trd, 000041.067, 145
Trd, 000041.217, 158
Trd, 000042.150, 152
Trd, 000043.367, 154
Trd, 000043.417, 155
Trd, 000043.567, 155
Trd, 000044.767, 154
Trd, 000045.267, 158
Trd, 000045.800, 161
Trd, 000046.733, 159
Trd, 000046.833, 155
Trd, 000047.633, 155
Trd, 000047.833, 154
Trd, 000048.033, 156
Trd, 000048.533, 142
Trd, 000049.533, 140
Trd, 000049.550, 142
Trd, 000049.733, 156
Trd, 000050.783, 163
Trd, 000051.150, 146
Trd, 000052.517, 152
Trd, 000052.683, 154
Trd, 000053.133, 156
Trd, 000053.767, 151
Trd, 000054.200, 153
Trd, 000054.667, 152
Trd, 000054.883, 153
Trd, 000055.767, 153
Trd, 000056.667, 155
Trd, 000056.867, 154
Trd, 000057.183, 151
Trd, 000057.800, 156
Trd, 000058.183, 157
Trd, 000059.050, 158
Trd, 000059.600, 162
Trd, 000059.967, 163
Trd, 000060.483, 157
Trd, 000061.567, 161
Trd, 000061.583, 160
Trd, 000061.883, 158
Trd, 000062.567, 156
Trd, 000063.483, 159
Trd, 000063.867, 158
Trd, 000064.117, 160
Trd, 000064.233, 156
Trd, 000064.700, 160
Trd, 000065.533, 160
Trd, 000066.400, 154
Trd, 000066.517, 154
Trd, 000067.700, 157
Trd, 000067.883, 157
Trd, 000069.383, 161
Trd, 000069.817, 163
Trd, 000070.083, 162
Trd, 000070.150, 165
Trd, 000070.267, 176
Trd, 000070.500, 164
Trd, 000071.433, 166
Trd, 000071.867, 162
Trd, 000072.017, 166
Trd, 000072.383, 166
Trd, 000073.183, 167
Trd, 000074.600, 167
Trd, 000075.750, 163
Trd, 000076.167, 162
Trd, 000076.200, 162
Trd, 000076.833, 162
Trd, 000076.917, 157
Trd, 000078.050, 156
Trd, 000079.083, 161
Trd, 000079.367, 160
Trd, 000079.783, 157
Trd, 000079.850, 156
Trd, 000080.017, 156
Trd, 000080.300, 155
Trd, 000080.500, 157
Trd, 000081.567, 156
Trd, 000081.683, 157
Trd, 000082.000, 156
Trd, 000082.583, 156
Trd, 000084.067, 156
Trd, 000084.933, 155
Trd, 000085.083, 156
Trd, 000085.183, 159
Trd, 000086.833, 159
Trd, 000087.217, 157
Trd, 000087.317, 157
Trd, 000087.567, 155
Trd, 000088.100, 154
Trd, 000088.200, 160
Trd, 000088.383, 164
Trd, 000088.550, 166
Trd, 000089.250, 159
Trd, 000089.400, 162
Trd, 000091.283, 167
Trd, 000091.467, 166
Trd, 000092.483, 166
Trd, 000092.517, 167
Trd, 000092.900, 165
Trd, 000093.117, 166
Trd, 000095.550, 167
Trd, 000095.667, 167
Trd, 000096.017, 167
Trd, 000096.217, 166
Trd, 000096.400, 165
Trd, 000097.117, 167
Trd, 000097.467, 168
Trd, 000098.267, 165
Trd, 000099.450, 165
Trd, 000099.700, 167
Trd, 000099.850, 165
Trd, 000100.067, 167
Trd, 000100.583, 166
Trd, 000101.033, 168
Trd, 000101.300, 167
Trd, 000102.150, 168
Trd, 000102.433, 162
Trd, 000104.717, 166
Trd, 000105.317, 165
Trd, 000105.467, 162
Trd, 000105.667, 160
Trd, 000105.917, 166
Trd, 000106.617, 158
Trd, 000106.867, 167
Trd, 000107.017, 167
Trd, 000107.733, 159
Trd, 000108.017, 159
Trd, 000108.983, 162
Trd, 000110.483, 161
Trd, 000110.800, 160
Trd, 000110.967, 160
Trd, 000111.250, 162
Trd, 000111.700, 158
Trd, 000112.150, 169
Trd, 000112.167, 166
Trd, 000112.833, 159
Trd, 000113.800, 165
Trd, 000113.867, 167
Trd, 000113.983, 168
Trd, 000114.350, 169
Trd, 000114.833, 168
Trd, 000115.083, 167
Trd, 000116.383, 168
Trd, 000117.017, 180
Trd, 000117.200, 169
Trd, 000118.300, 171
Trd, 000118.433, 172
Trd, 000119.467, 172
Trd, 000120.517, 174
Trd, 000121.717, 172
Trd, 000122.117, 172
Trd, 000122.167, 170
Trd, 000122.200, 175
Trd, 000123.600, 173
Trd, 000124.250, 198
Trd, 000124.417, 208
Trd, 000124.750, 319
Trd, 000125.500, 327.0
Trd, 000125.967, 334.0
Trd, 000126.700, 337.0
Trd, 000127.100, 341.0
Trd, 000127.367, 332
Trd, 000128.133, 348.0
Trd, 000128.467, 349
Trd, 000129.750, 344
Trd, 000129.883, 345
Trd, 000129.967, 344
Trd, 000130.633, 344
Trd, 000130.800, 341
Trd, 000131.200, 345
Trd, 000132.367, 341.0
Trd, 000132.517, 348.0
Trd, 000132.933, 355.0
Trd, 000134.867, 347
Trd, 000135.117, 347
Trd, 000136.033, 347
Trd, 000136.050, 348.0
Trd, 000136.117, 346
Trd, 000137.383, 347
Trd, 000137.783, 348
Trd, 000138.150, 348.0
Trd, 000138.483, 346
Trd, 000138.783, 350
Trd, 000139.417, 347
Trd, 000139.950, 348
Trd, 000140.483, 343
Trd, 000140.700, 341
Trd, 000141.700, 341
Trd, 000141.817, 345
Trd, 000142.717, 347
Trd, 000142.950, 348
Trd, 000143.033, 341
Trd, 000144.550, 344
Trd, 000144.933, 342
Trd, 000145.567, 345
Trd, 000146.233, 342
Trd, 000147.150, 342
Trd, 000148.083, 341
Trd, 000148.533, 339
Trd, 000149.017, 342
Trd, 000149.050, 348.0
Trd, 000149.667, 351.0
Trd, 000150.000, 338
Trd, 000150.200, 352
Trd, 000153.050, 340
Trd, 000153.267, 338
Trd, 000154.133, 337
Trd, 000154.867, 340
Trd, 000154.983, 337
Trd, 000155.817, 340
Trd, 000155.867, 337
Trd, 000156.500, 341
Trd, 000156.917, 341.0
Trd, 000157.767, 347
Trd, 000158.017, 348.0
Trd, 000158.800, 351.0
Trd, 000159.167, 343
Trd, 000159.317, 342
Trd, 000160.617, 343
Trd, 000161.267, 349.0
Trd, 000161.983, 349.0
Trd, 000162.250, 351.0
Trd, 000163.667, 348
Trd, 000164.500, 347
Trd, 000164.533, 343
Trd, 000166.400, 346.0
Trd, 000166.617, 343
Trd, 000167.300, 343
Trd, 000167.750, 346
Trd, 000168.650, 342
Trd, 000169.217, 348.0
Trd, 000169.317, 347
Trd, 000169.583, 351.0
Trd, 000170.033, 355
Trd, 000170.733, 356
Trd, 000170.950, 357
Trd, 000171.533, 350
Trd, 000172.350, 355
Trd, 000172.483, 355
Trd, 000172.500, 352
Trd, 000173.583, 364
Trd, 000174.050, 355
Trd, 000174.383, 355.0
Trd, 000174.867, 354
Trd, 000176.067, 355
Trd, 000176.750, 355
Trd, 000177.400, 359
Trd, 000177.683, 355
Trd, 000178.633, 355.0
Trd, 000179.683, 358
Trd, 000179.717, 357
Trd, 000180.283, 357
Trd, 000180.617, 356
Trd, 000180.650, 350
Trd, 000181.217, 350
Trd, 000181.733, 349
Trd, 000182.433, 349
Trd, 000182.750, 347
Trd, 000182.850, 315
Trd, 000183.200, 313
Trd, 000183.483, 303.0
Trd, 000183.683, 300.0
Trd, 000183.983, 306.0
Trd, 000184.950, 225
Trd, 000185.133, 207
Trd, 000185.217, 197
Trd, 000185.583, 193
Trd, 000186.217, 190
Trd, 000187.250, 182
Trd, 000188.233, 190
Trd, 000189.433, 184
Trd, 000189.667, 182
Trd, 000190.483, 188
Trd, 000190.783, 182
Trd, 000191.350, 179
Trd, 000192.983, 178
Trd, 000194.100, 183
Trd, 000195.433, 179
Trd, 000195.650, 179
Trd, 000196.117, 177
Trd, 000197.083, 177
Trd, 000197.117, 175
Trd, 000197.550, 177
Trd, 000197.733, 178
Trd, 000198.217, 177
Trd, 000198.633, 178
Trd, 000199.617, 170
Trd, 000199.783, 170
Trd, 000199.950, 177
Trd, 000200.517, 177
Trd, 000201.100, 170
Trd, 000201.217, 169
Trd, 000202.217, 165
Trd, 000202.450, 178
Trd, 000203.367, 172
Trd, 000203.683, 173
Trd, 000203.833, 170
Trd, 000203.850, 168
Trd, 000205.933, 170
Trd, 000206.083, 170
Trd, 000207.083, 171
Trd, 000207.267, 171
Trd, 000207.500, 170
Trd, 000208.867, 172
Trd, 000210.100, 172
Trd, 000210.333, 171
Trd, 000210.433, 170
Trd, 000211.900, 170
Trd, 000212.150, 172
Trd, 000212.350, 175
Trd, 000212.733, 174
Trd, 000212.917, 169
Trd, 000213.250, 176
Trd, 000215.133, 175
Trd, 000215.250, 171
Trd, 000215.933, 169
Trd, 000216.417, 168
Trd, 000218.267, 166
Trd, 000218.717, 165
Trd, 000218.800, 166
Trd, 000218.883, 166
Trd, 000220.100, 165
Trd, 000220.717, 161
Trd, 000221.233, 160
Trd, 000221.717, 161
Trd, 000221.733, 163
Trd, 000222.217, 170
Trd, 000223.550, 172
Trd, 000223.600, 173
Trd, 000224.000, 164
Trd, 000224.433, 162
Trd, 000225.667, 167
Trd, 000225.783, 164
Trd, 000227.067, 166
Trd, 000227.633, 165
Trd, 000228.650, 167
Trd, 000228.700, 165
Trd, 000229.033, 171
Trd, 000229.667, 165
Trd, 000231.133, 168
Trd, 000231.217, 167
Trd, 000231.517, 167
Trd, 000232.000, 168
Trd, 000233.050, 169
Trd, 000233.533, 174
Trd, 000233.767, 181
Trd, 000234.333, 212
Trd, 000234.950, 184
Trd, 000235.483, 183
Trd, 000235.633, 176
Trd, 000236.233, 179
Trd, 000236.350, 174
Trd, 000237.600, 171
Trd, 000237.950, 174
Trd, 000238.350, 173
Trd, 000238.700, 176
Trd, 000239.367, 176
Trd, 000239.467, 177
Trd, 000239.933, 176
Trd, 000240.267, 176
Trd, 000240.667, 175
Trd, 000241.000, 174
Trd, 000241.600, 172
Trd, 000241.817, 169
Trd, 000242.067, 161
Trd, 000242.350, 170
Trd, 000242.650, 165
Trd, 000243.317, 166
Trd, 000243.483, 168
Trd, 000244.100, 165
Trd, 000244.350, 166
Trd, 000244.400, 169
Trd, 000244.750, 162
Trd, 000244.900, 165
Trd, 000245.050, 172
Trd, 000245.917, 167
Trd, 000246.083, 168
Trd, 000246.133, 168
Trd, 000246.183, 167
Trd, 000246.550, 167
Trd, 000247.183, 167
Trd, 000247.233, 170
Trd, 000247.450, 175
Trd, 000249.417, 170
Trd, 000249.533, 171
Trd, 000250.033, 172
Trd, 000250.133, 173
Trd, 000250.717, 172
Trd, 000250.783, 170
Trd, 000251.233, 171
Trd, 000251.717, 176
Trd, 000252.683, 175
Trd, 000252.967, 173
Trd, 000253.100, 173
Trd, 000253.417, 176
Trd, 000253.700, 181
Trd, 000254.133, 183
Trd, 000254.417, 179
Trd, 000255.167, 177
Trd, 000255.817, 179
Trd, 000256.233, 178
Trd, 000256.617, 176
Trd, 000256.633, 175
Trd, 000256.800, 181
Trd, 000257.417, 175
Trd, 000258.500, 172
Trd, 000258.600, 173
Trd, 000258.850, 170
Trd, 000259.017, 175
Trd, 000259.900, 177
Trd, 000259.950, 180
Trd, 000260.467, 180
Trd, 000260.900, 181
Trd, 000261.017, 179
Trd, 000262.217, 176
Trd, 000263.200, 176
Trd, 000263.700, 176
Trd, 000264.100, 174
Trd, 000264.800, 176
Trd, 000264.983, 175
Trd, 000265.733, 173
Trd, 000265.833, 174
Trd, 000265.967, 165
Trd, 000266.033, 176
Trd, 000266.433, 171
Trd, 000266.500, 172
Trd, 000266.883, 173
Trd, 000267.317, 177
Trd, 000267.467, 170
Trd, 000267.750, 178
Trd, 000268.150, 174
Trd, 000268.933, 171
Trd, 000269.600, 171
Trd, 000269.717, 171
Trd, 000270.083, 168
Trd, 000270.917, 171
Trd, 000271.133, 168
Trd, 000271.717, 168
Trd, 000272.267, 169
Trd, 000272.400, 172
Trd, 000272.683, 167
Trd, 000273.017, 167
Trd, 000273.300, 172
Trd, 000273.567, 175
Trd, 000273.650, 178
Trd, 000274.183, 176
Trd, 000274.233, 168
Trd, 000274.383, 171
Trd, 000275.350, 174
Trd, 000275.750, 173
Trd, 000276.050, 174
Trd, 000276.167, 175
Trd, 000276.333, 173
Trd, 000276.917, 174
Trd, 000277.650, 174
Trd, 000278.050, 173
Trd, 000278.100, 169
Trd, 000278.117, 168
Trd, 000279.150, 173
Trd, 000279.433, 175
Trd, 000280.100, 172
Trd, 000281.433, 175
Trd, 000281.850, 171
Trd, 000281.967, 176
Trd, 000282.200, 176
Trd, 000282.317, 171
Trd, 000282.533, 177
Trd, 000282.667, 164
Trd, 000282.850, 176
Trd, 000283.050, 169
Trd, 000283.417, 179
Trd, 000283.850, 172
Trd, 000284.100, 174
Trd, 000284.383, 176
Trd, 000285.683, 175
Trd, 000286.267, 176
Trd, 000286.400, 173
Trd, 000286.567, 174
Trd, 000286.783, 175
Trd, 000287.150, 177
Trd, 000287.500, 176
Trd, 000287.817, 177
Trd, 000288.467, 177
Trd, 000288.967, 178
Trd, 000289.483, 185
Trd, 000290.333, 180
Trd, 000290.433, 183
Trd, 000291.350, 181
Trd, 000291.450, 179
Trd, 000291.850, 179
Trd, 000292.200, 178
Trd, 000293.533, 178
Trd, 000293.883, 176
Trd, 000294.017, 175
Trd, 000294.033, 180
Trd, 000294.133, 163
Trd, 000294.450, 173
Trd, 000294.700, 179
Trd, 000294.900, 179
Trd, 000295.083, 179
Trd, 000296.000, 175
Trd, 000296.400, 187
Trd, 000296.517, 176
Trd, 000296.600, 205
Trd, 000296.733, 177
Trd, 000297.183, 209
Trd, 000297.233, 209
Trd, 000297.600, 177
Trd, 000297.900, 195
Trd, 000299.100, 192
Trd, 000299.750, 188
Trd, 000299.850, 185
