Trd, 000001.967, 150
Trd, 000002.317, 151
Trd, 000003.183, 147
Trd, 000003.317, 147
Trd, 000003.383, 132
Trd, 000003.467, 148
Trd, 000004.200, 152
Trd, 000005.333, 168
Trd, 000005.633, 169
Trd, 000006.283, 165
Trd, 000007.250, 162
Trd, 000007.533, 169
Trd, 000008.100, 163
Trd, 000008.267, 163
Trd, 000009.233, 162
Trd, 000009.850, 161
Trd, 000010.167, 157
Trd, 000010.433, 160
Trd, 000011.217, 159
Trd, 000011.300, 152
Trd, 000012.083, 154
Trd, 000012.533, 150
Trd, 000012.617, 146
Trd, 000013.300, 147
Trd, 000014.200, 148
Trd, 000014.300, 149
Trd, 000014.367, 151
Trd, 000014.633, 152
Trd, 000014.967, 144
Trd, 000015.017, 163
Trd, 000015.417, 145
Trd, 000016.650, 148
Trd, 000017.083, 148
Trd, 000017.283, 149
Trd, 000017.583, 145
Trd, 000017.850, 149
Trd, 000018.733, 150
Trd, 000019.017, 144
Trd, 000019.150, 143
Trd, 000020.133, 152
Trd, 000020.233, 153
Trd, 000021.367, 152
Trd, 000021.383, 153
Trd, 000023.350, 153
Trd, 000023.417, 157
Trd, 000023.567, 146
Trd, 000024.117, 154
Trd, 000025.083, 153
Trd, 000025.167, 156
Trd, 000025.967, 150
Trd, 000026.000, 157
Trd, 000026.883, 164
Trd, 000026.950, 165
Trd, 000028.117, 155
Trd, 000028.433, 153
Trd, 000028.633, 154
Trd, 000028.733, 159
Trd, 000029.333, 165
Trd, 000029.450, 155
Trd, 000030.450, 165
Trd, 000030.567, 155
Trd, 000031.033, 154
Trd, 000031.750, 158
Trd, 000032.383, 163
Trd, 000032.483, 157
Trd, 000032.500, 165
Trd, 000033.000, 166
Trd, 000033.083, 175
Trd, 000033.883, 154
Trd, 000033.900, 158
Trd, 000034.367, 145
Trd, 000035.583, 162
Trd, 000036.400, 164
Trd, 000036.417, 165
Trd, 000037.017, 166
Trd, 000037.133, 176
Trd, 000037.217, 163
Trd, 000037.850, 174
Trd, 000038.333, 178
Trd, 000039.017, 158
Trd, 000039.317, 156
Trd, 000039.867, 155
Trd, 000040.317, 149
Trd, 000041.483, 129
Trd, 000041.883, 140
Trd, 000042.183, 141
Trd, 000042.433, 141
Trd, 000043.517, 138
Trd, 000043.700, 141
Trd, 000043.750, 143
Trd, 000043.983, 152
Trd, 000044.933, 149
Trd, 000045.033, 155
Trd, 000045.133, 135
Trd, 000046.500, 149
Trd, 000047.200, 165
Trd, 000047.433, 166
Trd, 000048.600, 149
Trd, 000049.400, 148
Trd, 000049.600, 150
Trd, 000049.717, 140
Trd, 000049.767, 153
Trd, 000050.250, 153
Trd, 000050.433, 156
Trd, 000051.167, 156
Trd, 000051.467, 148
Trd, 000051.533, 151
Trd, 000051.567, 163
Trd, 000052.017, 154
Trd, 000053.633, 152
Trd, 000053.917, 155
Trd, 000054.000, 151
Trd, 000054.367, 156
Trd, 000055.100, 156
Trd, 000056.050, 153
Trd, 000056.067, 157
Trd, 000057.317, 158
Trd, 000057.800, 153
Trd, 000057.867, 153
Trd, 000058.283, 162
Trd, 000059.350, 159
Trd, 000059.850, 160
Trd, 000060.533, 154
Trd, 000061.183, 157
Trd, 000061.467, 153
Trd, 000061.817, 154
Trd, 000061.833, 157
Trd, 000062.200, 157
Trd, 000062.317, 157
Trd, 000062.633, 168
Trd, 000063.367, 157
Trd, 000064.933, 174
Trd, 000065.433, 164
Trd, 000065.550, 168
Trd, 000065.617, 157
Trd, 000065.767, 168
Trd, 000066.233, 150
Trd, 000066.317, 151
Trd, 000066.750, 149
Trd, 000066.917, 151
Trd, 000067.283, 147
Trd, 000068.900, 149
Trd, 000069.383, 141
Trd, 000070.067, 141
Trd, 000070.250, 150
Trd, 000070.517, 151
Trd, 000070.583, 155
Trd, 000071.550, 146
Trd, 000071.600, 158
Trd, 000072.050, 169
Trd, 000072.633, 155
Trd, 000073.017, 155
Trd, 000073.283, 156
Trd, 000074.117, 156
Trd, 000074.417, 157
Trd, 000074.883, 158
Trd, 000075.017, 174
Trd, 000075.533, 150
Trd, 000076.167, 162
Trd, 000076.267, 159
Trd, 000078.050, 158
Trd, 000078.133, 159
Trd, 000078.300, 161
Trd, 000079.083, 159
Trd, 000079.233, 160
Trd, 000079.550, 157
Trd, 000079.850, 157
Trd, 000081.033, 158
Trd, 000081.400, 161
Trd, 000081.500, 170
Trd, 000081.967, 156
Trd, 000083.067, 176
Trd, 000083.883, 171
Trd, 000084.117, 179
Trd, 000084.483, 182
Trd, 000084.683, 170
Trd, 000086.217, 159
Trd, 000086.233, 153
Trd, 000087.483, 156
Trd, 000087.600, 157
Trd, 000088.783, 157
Trd, 000088.900, 155
Trd, 000088.983, 159
Trd, 000089.267, 154
Trd, 000089.367, 159
Trd, 000089.583, 160
Trd, 000090.250, 172
Trd, 000091.000, 175
Trd, 000091.017, 167
Trd, 000092.333, 176
Trd, 000093.583, 175
Trd, 000094.000, 171
Trd, 000094.950, 176
Trd, 000095.817, 172
Trd, 000096.400, 174
Trd, 000096.500, 175
Trd, 000096.917, 171
Trd, 000097.983, 170
Trd, 000098.817, 168
Trd, 000099.100, 170
Trd, 000099.167, 170
Trd, 000100.317, 180
Trd, 000100.450, 181
Trd, 000100.700, 178
Trd, 000100.933, 172
Trd, 000101.200, 180
Trd, 000101.867, 177
Trd, 000104.200, 172
Trd, 000104.283, 171
Trd, 000104.800, 170
Trd, 000105.367, 172
Trd, 000105.483, 173
Trd, 000105.850, 172
Trd, 000105.933, 167
Trd, 000106.117, 165
Trd, 000106.200, 174
Trd, 000106.383, 177
Trd, 000106.850, 166
Trd, 000108.533, 174
Trd, 000108.617, 166
Trd, 000109.117, 165
Trd, 000109.417, 173
Trd, 000110.517, 171
Trd, 000110.733, 172
Trd, 000110.933, 165
Trd, 000111.483, 162
Trd, 000112.183, 157
Trd, 000112.400, 174
Trd, 000113.300, 185
Trd, 000113.633, 171
Trd, 000113.800, 178
Trd, 000114.667, 168
Trd, 000115.367, 162
Trd, 000115.483, 165
Trd, 000115.517, 174
Trd, 000116.233, 168
Trd, 000116.900, 165
Trd, 000116.967, 165
Trd, 000117.300, 169
Trd, 000117.767, 169
Trd, 000118.283, 168
Trd, 000119.217, 167
Trd, 000119.300, 163
Trd, 000119.517, 169
Trd, 000119.783, 174
Trd, 000120.683, 164
Trd, 000121.483, 172
Trd, 000121.517, 180
Trd, 000121.800, 183
Trd, 000122.183, 184
Trd, 000122.383, 187
Trd, 000122.733, 195
Trd, 000123.550, 213
Trd, 000123.683, 164
Trd, 000124.200, 242
Trd, 000124.250, 322
Trd, 000124.950, 336.0
Trd, 000125.033, 313
Trd, 000125.083, 337.0
Trd, 000125.467, 340
Trd, 000126.117, 341
Trd, 000127.283, 347
Trd, 000128.950, 341
Trd, 000129.800, 338
Trd, 000129.817, 340
Trd, 000130.700, 346
Trd, 000130.783, 348.0
Trd, 000130.983, 351.0
Trd, 000131.067, 340
Trd, 000131.667, 363
Trd, 000132.717, 362.0
Trd, 000133.150, 354
Trd, 000134.150, 359
Trd, 000134.467, 360
Trd, 000134.933, 360
Trd, 000137.350, 356
Trd, 000137.667, 351
Trd, 000137.783, 358
Trd, 000137.800, 351.0
Trd, 000138.233, 352
Trd, 000138.700, 350
Trd, 000138.717, 347
Trd, 000139.033, 355
Trd, 000139.233, 355
Trd, 000139.400, 351.0
Trd, 000139.517, 354
Trd, 000140.183, 355
Trd, 000140.283, 357
Trd, 000140.900, 351
Trd, 000142.350, 343
Trd, 000142.433, 345
Trd, 000143.033, 348.0
Trd, 000143.150, 351.0
Trd, 000144.633, 350
Trd, 000145.883, 347
Trd, 000146.067, 348
Trd, 000146.517, 343
Trd, 000147.333, 353
Trd, 000147.367, 342
Trd, 000147.883, 361
Trd, 000148.000, 351
Trd, 000148.617, 362
Trd, 000149.650, 347
Trd, 000150.567, 347
Trd, 000150.983, 346
Trd, 000151.167, 347
Trd, 000152.867, 346
Trd, 000153.033, 348
Trd, 000153.233, 344
Trd, 000153.617, 337
Trd, 000154.550, 342
Trd, 000154.800, 341
Trd, 000155.050, 342
Trd, 000155.500, 342
Trd, 000156.833, 345
Trd, 000157.100, 338
Trd, 000157.817, 348.0
Trd, 000158.067, 350
Trd, 000158.733, 351
Trd, 000159.333, 351.0
Trd, 000160.083, 349
Trd, 000160.917, 344
Trd, 000161.283, 345
Trd, 000161.767, 342
Trd, 000162.583, 342
Trd, 000162.950, 345
Trd, 000163.583, 348.0
Trd, 000163.683, 362
Trd, 000165.300, 348.0
Trd, 000165.567, 349.0
Trd, 000166.167, 348.0
Trd, 000166.667, 347
Trd, 000166.683, 348
Trd, 000169.033, 345
Trd, 000169.333, 339
Trd, 000169.350, 347.0
Trd, 000170.017, 345
Trd, 000170.933, 345.0
Trd, 000170.983, 348.0
Trd, 000171.800, 349
Trd, 000171.833, 351.0
Trd, 000172.167, 354
Trd, 000172.250, 347
Trd, 000172.267, 362
Trd, 000173.683, 362.0
Trd, 000173.750, 365
Trd, 000174.233, 351.0
Trd, 000174.650, 365
Trd, 000175.967, 359
Trd, 000176.400, 360
Trd, 000176.883, 361
Trd, 000179.000, 355
Trd, 000179.517, 352
Trd, 000180.333, 353
Trd, 000180.550, 351
Trd, 000180.883, 353
Trd, 000180.950, 354
Trd, 000181.017, 351.0
Trd, 000181.217, 352
Trd, 000182.267, 345
Trd, 000182.333, 344
Trd, 000183.267, 324.0
Trd, 000183.283, 320.0
Trd, 000183.300, 313.0
Trd, 000183.517, 310.0
Trd, 000183.767, 311
Trd, 000183.783, 300
Trd, 000184.100, 185
Trd, 000184.400, 189
Trd, 000184.800, 207
Trd, 000184.833, 186
Trd, 000185.767, 186
Trd, 000187.183, 185
Trd, 000187.283, 187
Trd, 000187.633, 185
Trd, 000188.517, 180
Trd, 000188.867, 179
Trd, 000188.900, 181
Trd, 000189.283, 175
Trd, 000189.683, 190
Trd, 000190.233, 187
Trd, 000191.317, 183
Trd, 000191.333, 181
Trd, 000191.950, 178
Trd, 000193.033, 179
Trd, 000193.117, 176
Trd, 000193.433, 171
Trd, 000194.183, 177
Trd, 000194.200, 170
Trd, 000194.483, 178
Trd, 000194.900, 173
Trd, 000197.817, 173
Trd, 000198.117, 175
Trd, 000198.233, 173
Trd, 000198.583, 175
Trd, 000198.650, 178
Trd, 000199.067, 172
Trd, 000199.317, 167
Trd, 000199.367, 147
Trd, 000199.617, 179
Trd, 000200.883, 188
Trd, 000200.983, 171
Trd, 000201.433, 171
Trd, 000202.267, 182
Trd, 000203.633, 177
Trd, 000204.567, 179
Trd, 000204.867, 176
Trd, 000205.133, 166
Trd, 000205.250, 167
Trd, 000205.600, 167
Trd, 000205.617, 168
Trd, 000205.633, 166
Trd, 000206.333, 182
Trd, 000206.533, 167
Trd, 000207.417, 178
Trd, 000207.550, 183
Trd, 000208.000, 172
Trd, 000208.567, 193
Trd, 000209.183, 187
Trd, 000209.400, 185
Trd, 000210.250, 183
Trd, 000210.600, 182
Trd, 000210.817, 183
Trd, 000211.000, 175
Trd, 000212.367, 178
Trd, 000212.483, 185
Trd, 000212.833, 172
Trd, 000213.400, 175
Trd, 000213.683, 168
Trd, 000213.783, 172
Trd, 000214.767, 183
Trd, 000215.333, 175
Trd, 000215.950, 177
Trd, 000215.983, 178
Trd, 000216.283, 184
Trd, 000216.583, 191
Trd, 000217.817, 185
Trd, 000218.250, 174
Trd, 000218.833, 186
Trd, 000219.200, 175
Trd, 000219.883, 183
Trd, 000220.200, 175
Trd, 000220.267, 167
Trd, 000220.433, 170
Trd, 000221.383, 183
Trd, 000221.733, 183
Trd, 000223.417, 181
Trd, 000223.483, 178
Trd, 000224.483, 184
Trd, 000225.683, 186
Trd, 000225.950, 182
Trd, 000226.017, 185
Trd, 000226.317, 182
Trd, 000226.467, 185
Trd, 000227.550, 183
Trd, 000227.950, 181
Trd, 000228.083, 184
Trd, 000228.300, 184
Trd, 000228.767, 182
Trd, 000228.833, 184
Trd, 000230.033, 185
Trd, 000230.050, 186
Trd, 000230.683, 183
Trd, 000231.167, 183
Trd, 000231.217, 185
Trd, 000231.783, 195
Trd, 000232.067, 198
Trd, 000233.300, 195
Trd, 000233.517, 191
Trd, 000234.717, 190
Trd, 000234.850, 174
Trd, 000234.983, 190
Trd, 000235.050, 170
Trd, 000235.517, 181
Trd, 000235.583, 186
Trd, 000236.100, 185
Trd, 000236.983, 182
Trd, 000237.350, 175
Trd, 000238.383, 178
Trd, 000238.850, 177
Trd, 000238.883, 178
Trd, 000239.367, 175
Trd, 000239.933, 179
Trd, 000240.133, 179
Trd, 000240.933, 188
Trd, 000241.633, 175
Trd, 000241.750, 173
Trd, 000242.500, 168
Trd, 000242.817, 172
Trd, 000243.267, 173
Trd, 000243.500, 164
Trd, 000243.550, 173
Trd, 000243.817, 175
Trd, 000245.183, 175
Trd, 000245.700, 174
Trd, 000245.900, 172
Trd, 000246.017, 175
Trd, 000246.183, 177
Trd, 000246.533, 175
Trd, 000247.950, 176
Trd, 000248.150, 178
Trd, 000248.600, 178
Trd, 000250.933, 179
Trd, 000251.050, 181
Trd, 000251.317, 178
Trd, 000251.367, 182
Trd, 000251.567, 177
Trd, 000251.700, 176
Trd, 000252.300, 179
Trd, 000252.567, 180
Trd, 000252.950, 177
Trd, 000253.417, 178
Trd, 000253.983, 176
Trd, 000254.383, 176
Trd, 000254.983, 173
Trd, 000255.133, 172
Trd, 000255.700, 175
Trd, 000255.717, 169
Trd, 000256.400, 173
Trd, 000256.717, 172
Trd, 000256.917, 171
Trd, 000257.083, 175
Trd, 000257.500, 176
Trd, 000257.817, 177
Trd, 000258.483, 178
Trd, 000258.933, 187
Trd, 000259.467, 180
Trd, 000259.683, 177
Trd, 000261.033, 181
Trd, 000261.067, 180
Trd, 000261.433, 178
Trd, 000261.733, 176
Trd, 000262.183, 180
Trd, 000262.650, 181
Trd, 000263.417, 182
Trd, 000263.983, 180
Trd, 000264.383, 172
Trd, 000264.617, 176
Trd, 000264.950, 176
Trd, 000264.967, 170
Trd, 000265.200, 175
Trd, 000265.767, 173
Trd, 000265.900, 174
Trd, 000266.117, 168
Trd, 000266.250, 169
Trd, 000266.333, 176
Trd, 000267.467, 171
Trd, 000267.800, 172
Trd, 000269.067, 171
Trd, 000269.150, 173
Trd, 000269.300, 173
Trd, 000269.333, 175
Trd, 000269.733, 175
Trd, 000270.017, 176
Trd, 000270.200, 178
Trd, 000272.000, 173
Trd, 000272.483, 174
Trd, 000272.700, 175
Trd, 000272.733, 175
Trd, 000272.917, 173
Trd, 000273.783, 176
Trd, 000273.817, 177
Trd, 000275.467, 172
Trd, 000276.067, 175
Trd, 000276.300, 176
Trd, 000276.317, 172
Trd, 000277.000, 171
Trd, 000277.183, 176
Trd, 000278.533, 177
Trd, 000278.633, 170
Trd, 000278.833, 175
Trd, 000279.283, 177
Trd, 000279.967, 169
Trd, 000280.033, 170
Trd, 000280.700, 176
Trd, 000280.967, 179
Trd, 000281.100, 183
Trd, 000281.217, 189
Trd, 000281.533, 182
Trd, 000281.983, 176
Trd, 000282.083, 190
Trd, 000282.317, 183
Trd, 000282.450, 187
Trd, 000283.000, 189
Trd, 000283.300, 189
Trd, 000284.417, 192
Trd, 000284.600, 194
Trd, 000285.050, 184
Trd, 000285.400, 176
Trd, 000285.983, 185
Trd, 000286.017, 179
Trd, 000287.183, 180
Trd, 000287.267, 182
Trd, 000287.500, 177
Trd, 000287.550, 185
Trd, 000287.583, 172
Trd, 000288.883, 179
Trd, 000289.083, 178
Trd, 000289.167, 179
Trd, 000289.500, 176
Trd, 000290.350, 179
Trd, 000290.817, 177
Trd, 000291.100, 177
Trd, 000291.333, 176
Trd, 000291.450, 177
Trd, 000291.983, 180
Trd, 000292.017, 174
Trd, 000292.733, 184
Trd, 000293.483, 193
Trd, 000294.867, 197
Trd, 000295.167, 191
Trd, 000295.200, 196
Trd, 000295.850, 194
Trd, 000296.083, 184
Trd, 000296.450, 186
Trd, 000296.900, 186
Trd, 000297.200, 184
Trd, 000298.000, 189
Trd, 000298.117, 183
Trd, 000298.200, 193
Trd, 000298.700, 198
Trd, 000298.950, 200
