Trd, 000001.517, 113
Trd, 000002.800, 151
Trd, 000002.883, 157
Trd, 000003.400, 160
Trd, 000003.667, 162
Trd, 000003.800, 148
Trd, 000003.900, 136
Trd, 000005.183, 149
Trd, 000005.267, 150
Trd, 000005.450, 148
Trd, 000006.550, 156
Trd, 000006.583, 166
Trd, 000007.400, 155
Trd, 000007.883, 154
Trd, 000008.517, 155
Trd, 000008.950, 150
Trd, 000009.533, 154
Trd, 000010.133, 152
Trd, 000010.383, 154
Trd, 000011.183, 152
Trd, 000011.567, 151
Trd, 000012.417, 149
Trd, 000013.350, 145
Trd, 000013.883, 144
Trd, 000013.950, 151
Trd, 000013.967, 152
Trd, 000014.483, 153
Trd, 000014.650, 154
Trd, 000014.683, 159
Trd, 000017.167, 159
Trd, 000017.650, 159
Trd, 000017.917, 157
Trd, 000018.650, 158
Trd, 000019.133, 159
Trd, 000019.433, 159
Trd, 000019.717, 158
Trd, 000020.767, 154
Trd, 000021.150, 153
Trd, 000022.067, 159
Trd, 000022.200, 151
Trd, 000022.683, 159
Trd, 000022.767, 160
Trd, 000024.300, 159
Trd, 000024.483, 156
Trd, 000025.283, 156
Trd, 000025.800, 155
Trd, 000026.567, 136
Trd, 000026.833, 143
Trd, 000027.500, 152
Trd, 000027.950, 151
Trd, 000028.850, 153
Trd, 000029.100, 155
Trd, 000029.117, 156
Trd, 000029.200, 161
Trd, 000030.150, 162
Trd, 000030.333, 161
Trd, 000031.200, 161
Trd, 000031.267, 162
Trd, 000031.500, 160
Trd, 000032.033, 162
Trd, 000033.583, 162
Trd, 000033.667, 161
Trd, 000033.983, 155
Trd, 000035.217, 162
Trd, 000035.233, 160
Trd, 000035.550, 165
Trd, 000036.617, 166
Trd, 000037.550, 162
Trd, 000038.733, 164
Trd, 000039.533, 163
Trd, 000039.650, 160
Trd, 000040.017, 163
Trd, 000040.100, 159
Trd, 000041.050, 155
Trd, 000042.850, 156
Trd, 000042.900, 157
Trd, 000043.267, 157
Trd, 000043.950, 156
Trd, 000044.067, 152
Trd, 000045.000, 147
Trd, 000045.167, 149
Trd, 000045.700, 153
Trd, 000045.750, 156
Trd, 000046.000, 148
Trd, 000046.417, 153
Trd, 000049.167, 153
Trd, 000049.517, 156
Trd, 000049.933, 157
Trd, 000050.417, 152
Trd, 000050.567, 153
Trd, 000051.467, 156
Trd, 000051.633, 157
Trd, 000052.000, 167
Trd, 000052.067, 155
Trd, 000052.383, 170
Trd, 000052.600, 180
Trd, 000053.533, 164
Trd, 000054.267, 153
Trd, 000055.117, 153
Trd, 000055.683, 155
Trd, 000056.267, 156
Trd, 000057.200, 158
Trd, 000057.433, 158
Trd, 000057.967, 157
Trd, 000058.750, 159
Trd, 000059.783, 159
Trd, 000059.883, 154
Trd, 000061.650, 157
Trd, 000062.150, 156
Trd, 000062.683, 156
Trd, 000062.783, 154
Trd, 000063.817, 154
Trd, 000064.350, 154
Trd, 000065.000, 156
Trd, 000065.150, 158
Trd, 000065.233, 164
Trd, 000066.917, 158
Trd, 000067.083, 161
Trd, 000067.217, 162
Trd, 000067.850, 159
Trd, 000068.600, 158
Trd, 000068.783, 157
Trd, 000070.217, 161
Trd, 000071.417, 162
Trd, 000071.800, 162
Trd, 000072.133, 165
Trd, 000072.283, 159
Trd, 000072.867, 165
Trd, 000073.467, 164
Trd, 000073.683, 157
Trd, 000074.033, 166
Trd, 000075.517, 159
Trd, 000075.617, 158
Trd, 000075.700, 158
Trd, 000075.767, 157
Trd, 000076.650, 155
Trd, 000077.633, 158
Trd, 000078.150, 159
Trd, 000079.050, 158
Trd, 000079.400, 153
Trd, 000079.767, 152
Trd, 000080.800, 156
Trd, 000081.450, 156
Trd, 000082.450, 157
Trd, 000082.617, 160
Trd, 000082.917, 166
Trd, 000083.450, 182
Trd, 000083.833, 156
Trd, 000083.883, 155
Trd, 000083.917, 154
Trd, 000084.100, 182
Trd, 000085.917, 170
Trd, 000086.067, 168
Trd, 000086.150, 172
Trd, 000086.867, 168
Trd, 000086.983, 172
Trd, 000088.233, 167
Trd, 000088.917, 165
Trd, 000089.750, 169
Trd, 000090.233, 168
Trd, 000090.317, 167
Trd, 000090.983, 157
Trd, 000091.050, 169
Trd, 000091.150, 170
Trd, 000091.783, 153
Trd, 000091.817, 152
Trd, 000092.267, 165
Trd, 000093.467, 166
Trd, 000093.617, 163
Trd, 000095.117, 161
Trd, 000095.833, 161
Trd, 000097.367, 160
Trd, 000097.783, 160
Trd, 000098.550, 160
Trd, 000098.650, 159
Trd, 000098.800, 158
Trd, 000098.833, 159
Trd, 000098.900, 161
Trd, 000099.583, 167
Trd, 000099.750, 172
Trd, 000100.433, 174
Trd, 000100.683, 174
Trd, 000101.733, 171
Trd, 000101.900, 169
Trd, 000102.050, 175
Trd, 000103.517, 171
Trd, 000103.633, 185
Trd, 000104.017, 169
Trd, 000105.100, 168
Trd, 000105.300, 168
Trd, 000106.200, 161
Trd, 000106.333, 167
Trd, 000106.450, 154
Trd, 000107.550, 165
Trd, 000107.933, 161
Trd, 000109.250, 165
Trd, 000109.767, 163
Trd, 000109.867, 159
Trd, 000110.733, 163
Trd, 000111.100, 162
Trd, 000111.867, 164
Trd, 000111.933, 160
Trd, 000112.550, 165
Trd, 000112.983, 161
Trd, 000113.467, 169
Trd, 000113.617, 166
Trd, 000114.183, 167
Trd, 000115.350, 161
Trd, 000116.317, 172
Trd, 000117.100, 172
Trd, 000117.900, 167
Trd, 000118.100, 166
Trd, 000119.067, 166
Trd, 000119.683, 165
Trd, 000120.733, 164
Trd, 000120.817, 166
Trd, 000121.083, 174
Trd, 000121.583, 177
Trd, 000121.617, 187
Trd, 000121.967, 170
Trd, 000122.033, 195
Trd, 000122.567, 198
Trd, 000122.783, 201
Trd, 000123.317, 212
Trd, 000123.517, 272
Trd, 000124.500, 303.0
Trd, 000124.733, 313.0
Trd, 000124.783, 317
Trd, 000124.950, 324.0
Trd, 000126.283, 331.0
Trd, 000127.183, 327
Trd, 000127.400, 325
Trd, 000127.417, 324
Trd, 000128.567, 347.0
Trd, 000129.350, 341
Trd, 000129.700, 347.0
Trd, 000130.383, 337
Trd, 000131.567, 342
Trd, 000131.750, 341.0
Trd, 000133.083, 342
Trd, 000133.550, 343.0
Trd, 000133.933, 352
Trd, 000134.033, 353
Trd, 000134.517, 352
Trd, 000135.333, 354
Trd, 000135.650, 351.0
Trd, 000137.800, 354
Trd, 000137.917, 359
Trd, 000138.067, 362.0
Trd, 000138.967, 351.0
Trd, 000140.600, 354
Trd, 000141.217, 359
Trd, 000141.300, 355
Trd, 000141.717, 352.0
Trd, 000141.967, 351.0
Trd, 000142.133, 351
Trd, 000143.117, 353
Trd, 000143.533, 348.0
Trd, 000144.900, 349
Trd, 000145.700, 347
Trd, 000146.133, 347
Trd, 000146.633, 348
Trd, 000147.167, 347
Trd, 000147.500, 346
Trd, 000148.067, 345
Trd, 000148.450, 343
Trd, 000148.800, 334.0
Trd, 000149.400, 348.0
Trd, 000149.867, 350
Trd, 000150.767, 348.0
Trd, 000151.533, 351
Trd, 000152.933, 347.0
Trd, 000153.033, 348.0
Trd, 000153.250, 347
Trd, 000153.517, 358
Trd, 000154.750, 347
Trd, 000154.917, 348
Trd, 000155.983, 349
Trd, 000156.017, 351
Trd, 000156.767, 348
Trd, 000157.217, 359.0
Trd, 000157.333, 347
Trd, 000158.750, 347.0
Trd, 000159.000, 348.0
Trd, 000159.133, 346
Trd, 000159.733, 360
Trd, 000161.117, 362.0
Trd, 000161.883, 350.0
Trd, 000162.583, 360
Trd, 000163.267, 358
Trd, 000164.117, 355.0
Trd, 000164.317, 353.0
Trd, 000164.417, 351.0
Trd, 000164.750, 351
Trd, 000165.933, 355
Trd, 000166.183, 357
Trd, 000166.933, 352
Trd, 000168.333, 351.0
Trd, 000168.633, 349.0
Trd, 000168.967, 348.0
Trd, 000170.150, 350
Trd, 000170.817, 347
Trd, 000170.883, 357
Trd, 000171.800, 348.0
Trd, 000172.267, 347
Trd, 000172.967, 348
Trd, 000173.883, 352
Trd, 000174.000, 348
Trd, 000174.400, 355
Trd, 000174.467, 346
Trd, 000175.433, 353
Trd, 000176.450, 354
Trd, 000177.500, 348.0
Trd, 000177.550, 352
Trd, 000178.400, 350
Trd, 000178.950, 351
Trd, 000179.883, 351
Trd, 000180.333, 353
Trd, 000180.400, 354
Trd, 000180.867, 351
Trd, 000181.567, 348.0
Trd, 000181.933, 348
Trd, 000182.150, 342
Trd, 000182.817, 341.0
Trd, 000183.000, 341
Trd, 000183.050, 330
Trd, 000183.217, 329
Trd, 000183.617, 306.0
Trd, 000184.250, 326
Trd, 000184.367, 337
Trd, 000184.567, 295
Trd, 000185.150, 207
Trd, 000185.267, 199
Trd, 000186.117, 197
Trd, 000186.433, 193
Trd, 000186.817, 198
Trd, 000187.700, 190
Trd, 000189.217, 180
Trd, 000189.633, 189
Trd, 000189.683, 178
Trd, 000189.750, 190
Trd, 000190.383, 178
Trd, 000191.067, 184
Trd, 000191.950, 177
Trd, 000192.333, 174
Trd, 000192.467, 179
Trd, 000192.533, 177
Trd, 000193.583, 176
Trd, 000195.300, 178
Trd, 000195.400, 178
Trd, 000195.567, 177
Trd, 000196.083, 178
Trd, 000197.017, 178
Trd, 000197.833, 178
Trd, 000198.483, 172
Trd, 000199.917, 171
Trd, 000199.967, 177
Trd, 000200.450, 178
Trd, 000200.650, 176
Trd, 000202.017, 178
Trd, 000202.083, 178
Trd, 000202.117, 176
Trd, 000202.367, 178
Trd, 000203.550, 172
Trd, 000203.717, 177
Trd, 000203.817, 180
Trd, 000204.850, 185
Trd, 000205.633, 176
Trd, 000205.750, 175
Trd, 000205.833, 168
Trd, 000206.450, 165
Trd, 000206.967, 175
Trd, 000208.267, 174
Trd, 000208.300, 175
Trd, 000209.300, 177
Trd, 000209.717, 177
Trd, 000209.750, 178
Trd, 000210.783, 172
Trd, 000211.417, 172
Trd, 000211.683, 177
Trd, 000212.267, 178
Trd, 000212.300, 172
Trd, 000213.833, 177
Trd, 000214.900, 176
Trd, 000215.950, 177
Trd, 000216.150, 176
Trd, 000216.300, 178
Trd, 000216.383, 179
Trd, 000217.450, 180
Trd, 000218.250, 179
Trd, 000219.900, 179
Trd, 000220.200, 178
Trd, 000220.500, 180
Trd, 000220.617, 177
Trd, 000221.000, 180
Trd, 000221.117, 177
Trd, 000221.900, 178
Trd, 000222.133, 170
Trd, 000222.517, 175
Trd, 000223.767, 174
Trd, 000224.033, 173
Trd, 000224.650, 174
Trd, 000224.783, 171
Trd, 000225.383, 178
Trd, 000225.783, 185
Trd, 000226.617, 172
Trd, 000227.000, 164
Trd, 000229.250, 178
Trd, 000229.517, 172
Trd, 000230.750, 177
Trd, 000231.400, 177
Trd, 000231.433, 176
Trd, 000231.467, 174
Trd, 000231.633, 172
Trd, 000232.550, 178
Trd, 000233.117, 181
Trd, 000234.317, 176
Trd, 000234.783, 177
Trd, 000234.800, 174
Trd, 000235.550, 177
Trd, 000235.617, 172
Trd, 000236.033, 179
Trd, 000237.433, 171
Trd, 000237.583, 172
Trd, 000237.717, 168
Trd, 000237.967, 166
Trd, 000238.283, 180
Trd, 000238.783, 182
Trd, 000238.817, 174
Trd, 000239.283, 184
Trd, 000239.700, 211
Trd, 000240.500, 181
Trd, 000241.017, 186
Trd, 000241.283, 184
Trd, 000241.550, 183
Trd, 000241.583, 182
Trd, 000242.317, 178
Trd, 000243.283, 175
Trd, 000243.467, 172
Trd, 000243.767, 174
Trd, 000244.283, 177
Trd, 000244.867, 166
Trd, 000244.900, 179
Trd, 000245.617, 175
Trd, 000245.717, 173
Trd, 000246.050, 176
Trd, 000246.367, 179
Trd, 000246.767, 173
Trd, 000246.800, 177
Trd, 000247.050, 180
Trd, 000247.267, 181
Trd, 000248.100, 178
Trd, 000248.283, 173
Trd, 000249.150, 181
Trd, 000249.933, 180
Trd, 000250.350, 178
Trd, 000250.900, 179
Trd, 000251.067, 177
Trd, 000251.117, 176
Trd, 000251.167, 180
Trd, 000251.383, 176
Trd, 000252.250, 180
Trd, 000252.517, 173
Trd, 000252.700, 180
Trd, 000253.683, 182
Trd, 000253.950, 180
Trd, 000254.383, 181
Trd, 000254.933, 178
Trd, 000255.150, 180
Trd, 000255.617, 184
Trd, 000256.483, 184
Trd, 000257.017, 184
Trd, 000257.517, 180
Trd, 000257.767, 179
Trd, 000258.100, 180
Trd, 000258.117, 177
Trd, 000258.800, 177
Trd, 000259.167, 176
Trd, 000259.533, 178
Trd, 000259.750, 179
Trd, 000260.217, 174
Trd, 000260.917, 179
Trd, 000261.300, 177
Trd, 000261.517, 181
Trd, 000262.150, 176
Trd, 000263.233, 175
Trd, 000263.350, 179
Trd, 000263.733, 180
Trd, 000263.767, 184
Trd, 000264.167, 180
Trd, 000264.617, 183
Trd, 000265.100, 184
Trd, 000265.267, 183
Trd, 000265.333, 179
Trd, 000265.450, 184
Trd, 000265.567, 178
Trd, 000266.967, 181
Trd, 000266.983, 179
Trd, 000267.750, 179
Trd, 000267.950, 180
Trd, 000268.033, 181
Trd, 000268.450, 178
Trd, 000268.750, 174
Trd, 000268.800, 170
Trd, 000268.833, 180
Trd, 000270.550, 175
Trd, 000270.917, 175
Trd, 000271.150, 176
Trd, 000271.500, 179
Trd, 000271.567, 179
Trd, 000271.967, 176
Trd, 000272.033, 178
Trd, 000272.300, 173
Trd, 000272.817, 176
Trd, 000273.050, 180
Trd, 000273.133, 172
Trd, 000273.533, 176
Trd, 000273.833, 176
Trd, 000273.900, 181
Trd, 000274.333, 175
Trd, 000275.517, 180
Trd, 000275.700, 182
Trd, 000276.917, 179
Trd, 000277.383, 185
Trd, 000277.517, 186
Trd, 000278.133, 179
Trd, 000278.317, 186
Trd, 000278.683, 183
Trd, 000279.650, 177
Trd, 000279.667, 178
Trd, 000279.750, 182
Trd, 000280.067, 179
Trd, 000280.850, 178
Trd, 000280.867, 171
Trd, 000281.517, 172
Trd, 000281.583, 183
Trd, 000281.800, 187
Trd, 000282.067, 186
Trd, 000282.133, 190
Trd, 000282.267, 182
Trd, 000283.367, 170
Trd, 000283.800, 169
Trd, 000284.650, 175
Trd, 000284.667, 176
Trd, 000285.200, 167
Trd, 000285.667, 172
Trd, 000285.883, 171
Trd, 000285.917, 172
Trd, 000286.167, 172
Trd, 000286.200, 177
Trd, 000286.600, 170
Trd, 000286.650, 179
Trd, 000286.900, 165
Trd, 000288.367, 178
Trd, 000288.383, 177
Trd, 000288.517, 177
Trd, 000288.667, 178
Trd, 000288.750, 187
Trd, 000289.133, 183
Trd, 000289.217, 191
Trd, 000289.533, 178
Trd, 000289.617, 178
Trd, 000291.083, 177
Trd, 000291.200, 186
Trd, 000291.567, 186
Trd, 000291.617, 177
Trd, 000291.667, 187
Trd, 000292.133, 194
Trd, 000292.917, 194
Trd, 000294.083, 179
Trd, 000294.583, 180
Trd, 000294.633, 178
Trd, 000294.833, 177
Trd, 000294.900, 170
Trd, 000294.967, 159
Trd, 000295.100, 180
Trd, 000295.450, 178
Trd, 000295.500, 183
Trd, 000295.783, 184
Trd, 000296.217, 187
Trd, 000296.867, 179
Trd, 000296.967, 190
Trd, 000297.550, 170
Trd, 000298.583, 174
Trd, 000298.850, 189
Trd, 000299.317, 178
Trd, 000299.533, 166
