Trd, 000001.467, 186
Trd, 000001.750, 172
Trd, 000002.900, 169
Trd, 000003.967, 131
Trd, 000005.333, 144
Trd, 000005.467, 148
Trd, 000005.883, 148
Trd, 000006.633, 149
Trd, 000006.700, 151
Trd, 000007.867, 136
Trd, 000008.000, 147
Trd, 000008.483, 147
Trd, 000008.550, 163
Trd, 000009.883, 147
Trd, 000009.967, 140
Trd, 000011.317, 149
Trd, 000011.417, 150
Trd, 000012.683, 150
Trd, 000013.250, 149
Trd, 000013.783, 150
Trd, 000014.050, 147
Trd, 000014.367, 151
Trd, 000015.100, 147
Trd, 000015.850, 147
Trd, 000016.883, 147
Trd, 000017.383, 150
Trd, 000018.400, 150
Trd, 000018.517, 156
Trd, 000018.617, 151
Trd, 000018.667, 164
Trd, 000018.950, 153
Trd, 000020.650, 156
Trd, 000020.817, 171
Trd, 000021.900, 156
Trd, 000022.950, 157
Trd, 000023.233, 156
Trd, 000023.417, 156
Trd, 000023.450, 155
Trd, 000023.767, 157
Trd, 000023.800, 159
Trd, 000023.833, 164
Trd, 000024.250, 174
Trd, 000024.400, 153
Trd, 000026.700, 161
Trd, 000026.733, 154
Trd, 000026.817, 154
Trd, 000027.733, 158
Trd, 000029.117, 151
Trd, 000030.083, 150
Trd, 000030.150, 151
Trd, 000030.267, 154
Trd, 000030.900, 153
Trd, 000031.000, 154
Trd, 000031.383, 150
Trd, 000031.700, 155
Trd, 000031.917, 155
Trd, 000032.700, 155
Trd, 000032.750, 165
Trd, 000033.600, 149
Trd, 000034.600, 154
Trd, 000035.250, 151
Trd, 000036.817, 156
Trd, 000037.583, 158
Trd, 000037.883, 158
Trd, 000038.050, 161
Trd, 000038.133, 166
Trd, 000039.067, 155
Trd, 000039.217, 160
Trd, 000040.267, 159
Trd, 000041.000, 156
Trd, 000041.050, 159
Trd, 000042.200, 155
Trd, 000042.600, 159
Trd, 000042.800, 156
Trd, 000043.367, 159
Trd, 000043.433, 156
Trd, 000043.833, 159
Trd, 000044.483, 155
Trd, 000045.617, 154
Trd, 000045.700, 154
Trd, 000045.900, 154
Trd, 000046.267, 155
Trd, 000047.450, 155
Trd, 000048.800, 150
Trd, 000048.933, 151
Trd, 000049.100, 152
Trd, 000050.550, 153
Trd, 000050.950, 152
Trd, 000051.200, 153
Trd, 000051.683, 156
Trd, 000051.933, 160
Trd, 000052.017, 167
Trd, 000053.117, 175
Trd, 000053.383, 144
Trd, 000055.000, 151
Trd, 000055.767, 153
Trd, 000056.083, 149
Trd, 000056.533, 154
Trd, 000056.900, 149
Trd, 000057.167, 153
Trd, 000057.233, 157
Trd, 000058.733, 156
Trd, 000059.317, 158
Trd, 000059.533, 160
Trd, 000060.367, 156
Trd, 000060.433, 156
Trd, 000061.083, 157
Trd, 000061.100, 153
Trd, 000061.200, 153
Trd, 000061.550, 161
Trd, 000062.383, 159
Trd, 000063.500, 146
Trd, 000064.067, 151
Trd, 000064.100, 156
Trd, 000064.267, 153
Trd, 000065.117, 157
Trd, 000066.317, 153
Trd, 000066.550, 153
Trd, 000068.167, 157
Trd, 000068.533, 154
Trd, 000069.100, 153
Trd, 000069.383, 153
Trd, 000069.617, 156
Trd, 000069.683, 158
Trd, 000070.433, 160
Trd, 000071.550, 160
Trd, 000072.100, 156
Trd, 000072.167, 159
Trd, 000073.217, 155
Trd, 000073.317, 154
Trd, 000073.850, 153
Trd, 000074.283, 154
Trd, 000075.767, 151
Trd, 000075.983, 151
Trd, 000076.783, 151
Trd, 000076.867, 158
Trd, 000077.067, 163
Trd, 000078.700, 170
Trd, 000079.383, 179
Trd, 000079.467, 159
Trd, 000080.833, 157
Trd, 000081.567, 156
Trd, 000082.417, 157
Trd, 000083.283, 156
Trd, 000083.700, 155
Trd, 000084.133, 158
Trd, 000084.550, 157
Trd, 000084.633, 158
Trd, 000084.983, 158
Trd, 000085.183, 155
Trd, 000085.250, 147
Trd, 000086.150, 158
Trd, 000087.267, 159
Trd, 000087.650, 159
Trd, 000088.683, 160
Trd, 000089.100, 160
Trd, 000089.333, 160
Trd, 000089.650, 159
Trd, 000089.800, 158
Trd, 000089.900, 161
Trd, 000090.367, 161
Trd, 000091.367, 164
Trd, 000091.750, 157
Trd, 000093.100, 159
Trd, 000093.417, 156
Trd, 000093.733, 158
Trd, 000093.883, 160
Trd, 000094.200, 160
Trd, 000095.750, 159
Trd, 000096.100, 160
Trd, 000096.400, 162
Trd, 000096.450, 163
Trd, 000096.733, 162
Trd, 000097.383, 160
Trd, 000098.450, 163
Trd, 000100.033, 164
Trd, 000100.833, 165
Trd, 000100.983, 161
Trd, 000101.400, 165
Trd, 000101.533, 162
Trd, 000102.133, 170
Trd, 000102.717, 169
Trd, 000103.400, 168
Trd, 000103.417, 152
Trd, 000104.500, 164
Trd, 000104.750, 167
Trd, 000105.517, 178
Trd, 000106.150, 172
Trd, 000106.250, 180
Trd, 000106.433, 165
Trd, 000107.367, 166
Trd, 000108.067, 165
Trd, 000108.400, 168
Trd, 000108.467, 179
Trd, 000109.283, 168
Trd, 000109.917, 161
Trd, 000110.750, 161
Trd, 000111.350, 162
Trd, 000111.967, 168
Trd, 000112.017, 171
Trd, 000112.300, 172
Trd, 000113.017, 162
Trd, 000113.533, 165
Trd, 000114.100, 159
Trd, 000115.167, 162
Trd, 000116.067, 158
Trd, 000116.133, 159
Trd, 000116.567, 158
Trd, 000117.433, 159
Trd, 000117.583, 166
Trd, 000117.967, 164
Trd, 000118.483, 173
Trd, 000118.717, 155
Trd, 000118.900, 163
Trd, 000120.783, 163
Trd, 000121.017, 163
Trd, 000121.117, 160
Trd, 000121.850, 167
Trd, 000121.867, 174
Trd, 000121.883, 181
Trd, 000123.400, 191
Trd, 000123.450, 209
Trd, 000124.033, 210
Trd, 000124.150, 303.0
Trd, 000124.683, 310
Trd, 000124.950, 324.0
Trd, 000125.150, 300
Trd, 000126.733, 324.0
Trd, 000127.483, 342
Trd, 000127.633, 343
Trd, 000128.617, 336
Trd, 000129.533, 351
Trd, 000130.033, 355
Trd, 000130.467, 343
Trd, 000130.917, 345
Trd, 000130.983, 344
Trd, 000132.150, 362.0
Trd, 000133.117, 340
Trd, 000134.383, 342
Trd, 000134.600, 351.0
Trd, 000134.883, 358
Trd, 000135.183, 342
Trd, 000135.450, 369.0
Trd, 000136.333, 352
Trd, 000136.650, 353
Trd, 000137.617, 351
Trd, 000138.300, 346
Trd, 000139.300, 350
Trd, 000139.967, 350
Trd, 000140.300, 348
Trd, 000141.217, 352
Trd, 000141.900, 352
Trd, 000142.467, 351
Trd, 000142.867, 351.0
Trd, 000143.617, 353
Trd, 000144.533, 351
Trd, 000144.633, 353
Trd, 000146.133, 353
Trd, 000146.267, 352
Trd, 000146.350, 345
Trd, 000146.550, 355
Trd, 000147.500, 360.0
Trd, 000148.383, 358
Trd, 000148.767, 334
Trd, 000149.750, 348
Trd, 000150.400, 347
Trd, 000150.650, 351.0
Trd, 000151.150, 353
Trd, 000151.367, 351
Trd, 000151.467, 358
Trd, 000152.383, 344
Trd, 000153.917, 352
Trd, 000154.283, 349
Trd, 000154.967, 350
Trd, 000155.000, 352
Trd, 000155.450, 360.0
Trd, 000156.367, 351
Trd, 000156.467, 349
Trd, 000157.200, 351.0
Trd, 000157.667, 355
Trd, 000159.000, 349
Trd, 000159.650, 348
Trd, 000160.583, 347
Trd, 000160.817, 350
Trd, 000161.400, 351
Trd, 000161.467, 356
Trd, 000162.600, 351.0
Trd, 000163.517, 350
Trd, 000163.617, 352
Trd, 000164.217, 350
Trd, 000164.617, 343
Trd, 000165.300, 348
Trd, 000165.917, 349
Trd, 000166.150, 361.0
Trd, 000166.417, 348
Trd, 000166.767, 348
Trd, 000167.950, 346
Trd, 000168.533, 350.0
Trd, 000168.983, 351.0
Trd, 000170.083, 353
Trd, 000170.600, 350
Trd, 000170.900, 351.0
Trd, 000171.300, 349
Trd, 000171.350, 347
Trd, 000171.967, 347
Trd, 000172.583, 349
Trd, 000172.750, 362.0
Trd, 000173.033, 348
Trd, 000173.533, 346
Trd, 000174.683, 354
Trd, 000175.117, 347
Trd, 000175.900, 348
Trd, 000176.350, 348
Trd, 000177.483, 351
Trd, 000177.617, 353
Trd, 000177.700, 356
Trd, 000177.783, 351
Trd, 000178.433, 347
Trd, 000180.850, 351.0
Trd, 000181.650, 351
Trd, 000182.217, 346
Trd, 000182.383, 342
Trd, 000182.483, 330
Trd, 000182.733, 326
Trd, 000182.750, 313
Trd, 000183.200, 310.0
Trd, 000183.217, 306.0
Trd, 000183.800, 300.0
Trd, 000184.133, 233
Trd, 000184.483, 204
Trd, 000184.633, 202
Trd, 000184.700, 198
Trd, 000185.067, 214
Trd, 000185.783, 197
Trd, 000186.617, 191
Trd, 000187.417, 186
Trd, 000188.633, 184
Trd, 000188.800, 169
Trd, 000189.150, 184
Trd, 000189.333, 185
Trd, 000189.833, 170
Trd, 000190.000, 184
Trd, 000190.083, 182
Trd, 000190.883, 182
Trd, 000191.200, 187
Trd, 000191.550, 186
Trd, 000192.350, 170
Trd, 000192.433, 185
Trd, 000192.967, 186
Trd, 000193.083, 188
Trd, 000193.183, 181
Trd, 000193.583, 179
Trd, 000193.617, 186
Trd, 000195.467, 181
Trd, 000197.283, 179
Trd, 000197.367, 179
Trd, 000197.700, 182
Trd, 000197.767, 183
Trd, 000198.033, 182
Trd, 000199.033, 172
Trd, 000199.833, 181
Trd, 000199.883, 181
Trd, 000200.533, 174
Trd, 000200.583, 172
Trd, 000200.733, 177
Trd, 000201.483, 171
Trd, 000201.850, 179
Trd, 000203.233, 167
Trd, 000203.383, 171
Trd, 000203.633, 168
Trd, 000204.367, 175
Trd, 000205.317, 180
Trd, 000206.267, 174
Trd, 000206.883, 170
Trd, 000206.933, 179
Trd, 000208.317, 170
Trd, 000208.717, 159
Trd, 000210.500, 166
Trd, 000210.633, 167
Trd, 000210.833, 168
Trd, 000211.083, 161
Trd, 000211.150, 172
Trd, 000211.483, 183
Trd, 000212.433, 165
Trd, 000213.133, 169
Trd, 000213.383, 159
Trd, 000213.950, 169
Trd, 000213.983, 178
Trd, 000215.517, 161
Trd, 000215.533, 166
Trd, 000216.367, 168
Trd, 000216.917, 170
Trd, 000217.367, 172
Trd, 000217.417, 163
Trd, 000218.367, 168
Trd, 000219.217, 164
Trd, 000219.700, 167
Trd, 000219.967, 175
Trd, 000220.250, 177
Trd, 000220.400, 162
Trd, 000220.750, 174
Trd, 000221.933, 175
Trd, 000224.400, 171
Trd, 000224.717, 173
Trd, 000225.417, 173
Trd, 000225.517, 171
Trd, 000225.650, 171
Trd, 000226.200, 174
Trd, 000227.000, 173
Trd, 000227.350, 171
Trd, 000227.800, 171
Trd, 000228.567, 171
Trd, 000228.967, 172
Trd, 000230.067, 174
Trd, 000230.133, 178
Trd, 000230.400, 183
Trd, 000230.817, 174
Trd, 000231.117, 174
Trd, 000231.200, 191
Trd, 000231.400, 198
Trd, 000232.233, 174
Trd, 000233.217, 180
Trd, 000234.033, 177
Trd, 000234.433, 175
Trd, 000234.617, 180
Trd, 000234.900, 175
Trd, 000236.233, 178
Trd, 000237.417, 176
Trd, 000237.650, 176
Trd, 000238.033, 175
Trd, 000238.550, 175
Trd, 000238.900, 177
Trd, 000238.917, 180
Trd, 000238.983, 180
Trd, 000239.250, 186
Trd, 000240.117, 165
Trd, 000240.467, 169
Trd, 000241.150, 170
Trd, 000241.267, 170
Trd, 000241.967, 169
Trd, 000242.350, 172
Trd, 000243.350, 163
Trd, 000243.617, 165
Trd, 000243.750, 163
Trd, 000244.100, 168
Trd, 000244.117, 164
Trd, 000245.283, 167
Trd, 000245.367, 165
Trd, 000246.050, 166
Trd, 000246.233, 169
Trd, 000246.550, 172
Trd, 000246.950, 171
Trd, 000247.083, 172
Trd, 000247.467, 175
Trd, 000247.850, 180
Trd, 000247.867, 175
Trd, 000247.917, 187
Trd, 000248.133, 172
Trd, 000249.933, 176
Trd, 000250.267, 177
Trd, 000250.367, 176
Trd, 000251.300, 175
Trd, 000251.817, 175
Trd, 000252.133, 177
Trd, 000252.567, 174
Trd, 000253.467, 175
Trd, 000254.183, 175
Trd, 000255.367, 175
Trd, 000255.583, 174
Trd, 000255.783, 173
Trd, 000255.867, 173
Trd, 000255.950, 174
Trd, 000256.067, 173
Trd, 000256.567, 175
Trd, 000256.583, 172
Trd, 000256.650, 163
Trd, 000257.250, 175
Trd, 000257.383, 176
Trd, 000258.383, 179
Trd, 000259.433, 176
Trd, 000260.050, 174
Trd, 000260.150, 177
Trd, 000260.200, 171
Trd, 000260.667, 164
Trd, 000260.850, 163
Trd, 000260.900, 166
Trd, 000261.250, 173
Trd, 000261.533, 176
Trd, 000261.733, 177
Trd, 000262.383, 171
Trd, 000262.650, 169
Trd, 000264.033, 180
Trd, 000264.200, 176
Trd, 000264.417, 175
Trd, 000265.317, 173
Trd, 000265.633, 174
Trd, 000266.183, 173
Trd, 000266.333, 172
Trd, 000266.517, 170
Trd, 000267.550, 165
Trd, 000267.617, 176
Trd, 000267.633, 180
Trd, 000268.050, 177
Trd, 000268.067, 182
Trd, 000269.033, 180
Trd, 000269.283, 181
Trd, 000269.800, 176
Trd, 000270.067, 182
Trd, 000270.850, 180
Trd, 000271.233, 179
Trd, 000271.483, 183
Trd, 000271.983, 175
Trd, 000272.167, 185
Trd, 000272.917, 178
Trd, 000273.133, 186
Trd, 000273.683, 180
Trd, 000273.900, 182
Trd, 000274.133, 182
Trd, 000274.850, 178
Trd, 000274.883, 177
Trd, 000276.350, 178
Trd, 000276.983, 177
Trd, 000277.000, 178
Trd, 000277.467, 176
Trd, 000278.417, 179
Trd, 000278.550, 200
Trd, 000278.883, 202
Trd, 000279.650, 181
Trd, 000279.683, 189
Trd, 000279.967, 188
Trd, 000280.267, 180
Trd, 000280.367, 183
Trd, 000280.567, 183
Trd, 000281.267, 179
Trd, 000281.600, 189
Trd, 000282.133, 174
Trd, 000282.483, 178
Trd, 000283.600, 178
Trd, 000284.317, 177
Trd, 000284.433, 178
Trd, 000285.000, 176
Trd, 000285.167, 177
Trd, 000285.350, 173
Trd, 000285.450, 173
Trd, 000286.117, 172
Trd, 000286.650, 176
Trd, 000286.717, 178
Trd, 000286.817, 179
Trd, 000286.917, 183
Trd, 000287.550, 178
Trd, 000287.633, 177
Trd, 000288.783, 181
Trd, 000288.900, 177
Trd, 000289.200, 187
Trd, 000289.317, 185
Trd, 000290.383, 176
Trd, 000290.467, 178
Trd, 000290.800, 179
Trd, 000291.217, 177
Trd, 000291.350, 180
Trd, 000291.483, 177
Trd, 000291.567, 176
Trd, 000292.533, 180
Trd, 000293.400, 179
Trd, 000293.883, 171
Trd, 000294.850, 177
Trd, 000294.917, 172
Trd, 000294.950, 179
Trd, 000295.067, 180
Trd, 000295.333, 173
Trd, 000295.383, 170
Trd, 000295.550, 185
Trd, 000295.900, 184
Trd, 000297.633, 178
Trd, 000297.883, 184
Trd, 000298.200, 174
Trd, 000298.300, 166
Trd, 000298.567, 184
Trd, 000299.717, 174
Trd, 000299.817, 183
