Trd, 000000.500, 196
Trd, 000002.417, 130
Trd, 000003.300, 161
Trd, 000004.217, 166
Trd, 000004.833, 165
Trd, 000005.400, 166
Trd, 000006.383, 161
Trd, 000006.750, 141
Trd, 000007.117, 156
Trd, 000007.317, 153
Trd, 000007.700, 157
Trd, 000008.183, 151
Trd, 000009.133, 140
Trd, 000010.083, 139
Trd, 000010.567, 147
Trd, 000011.100, 145
Trd, 000012.183, 145
Trd, 000012.617, 157
Trd, 000012.667, 146
Trd, 000013.000, 159
Trd, 000014.183, 147
Trd, 000014.650, 147
Trd, 000015.433, 152
Trd, 000015.467, 146
Trd, 000015.583, 153
Trd, 000016.817, 152
Trd, 000017.317, 147
Trd, 000017.417, 146
Trd, 000017.600, 152
Trd, 000017.933, 145
Trd, 000018.250, 164
Trd, 000018.817, 168
Trd, 000019.233, 144
Trd, 000019.350, 166
Trd, 000019.533, 167
Trd, 000020.050, 148
Trd, 000022.350, 146
Trd, 000022.683, 149
Trd, 000023.200, 148
Trd, 000023.933, 145
Trd, 000024.100, 143
Trd, 000024.133, 160
Trd, 000024.733, 144
Trd, 000025.600, 146
Trd, 000025.967, 158
Trd, 000026.983, 144
Trd, 000029.050, 151
Trd, 000029.067, 152
Trd, 000029.183, 158
Trd, 000030.183, 148
Trd, 000030.233, 161
Trd, 000030.483, 145
Trd, 000030.550, 144
Trd, 000032.200, 149
Trd, 000033.083, 159
Trd, 000033.900, 154
Trd, 000034.150, 153
Trd, 000034.983, 160
Trd, 000035.383, 152
Trd, 000035.783, 151
Trd, 000035.883, 147
Trd, 000036.250, 158
Trd, 000036.783, 145
Trd, 000036.900, 161
Trd, 000039.300, 156
Trd, 000039.600, 148
Trd, 000040.250, 152
Trd, 000042.517, 154
Trd, 000042.900, 152
Trd, 000043.017, 151
Trd, 000043.350, 154
Trd, 000044.167, 152
Trd, 000044.283, 159
Trd, 000045.283, 149
Trd, 000046.300, 147
Trd, 000046.450, 154
Trd, 000047.200, 153
Trd, 000047.283, 150
Trd, 000047.817, 150
Trd, 000049.417, 153
Trd, 000049.617, 154
Trd, 000049.650, 148
Trd, 000049.683, 160
Trd, 000051.217, 157
Trd, 000052.150, 160
Trd, 000052.450, 159
Trd, 000052.700, 161
Trd, 000053.467, 163
Trd, 000054.317, 157
Trd, 000055.417, 161
Trd, 000055.500, 162
Trd, 000055.733, 156
Trd, 000056.100, 146
Trd, 000057.417, 157
Trd, 000057.633, 148
Trd, 000058.167, 156
Trd, 000058.950, 156
Trd, 000059.783, 164
Trd, 000060.583, 154
Trd, 000060.717, 151
Trd, 000061.350, 147
Trd, 000061.533, 164
Trd, 000061.617, 168
Trd, 000061.867, 174
Trd, 000062.800, 151
Trd, 000063.033, 167
Trd, 000063.700, 168
Trd, 000064.950, 164
Trd, 000065.017, 160
Trd, 000066.367, 158
Trd, 000066.433, 163
Trd, 000067.350, 157
Trd, 000067.850, 156
Trd, 000068.717, 153
Trd, 000069.400, 160
Trd, 000069.700, 150
Trd, 000070.100, 149
Trd, 000070.650, 154
Trd, 000071.033, 158
Trd, 000071.550, 153
Trd, 000072.900, 149
Trd, 000073.250, 148
Trd, 000073.517, 144
Trd, 000074.017, 156
Trd, 000074.250, 148
Trd, 000074.267, 160
Trd, 000074.667, 143
Trd, 000075.017, 159
Trd, 000075.283, 147
Trd, 000075.350, 142
Trd, 000076.533, 160
Trd, 000076.567, 157
Trd, 000077.400, 166
Trd, 000077.433, 157
Trd, 000078.267, 169
Trd, 000078.483, 169
Trd, 000078.883, 157
Trd, 000080.383, 156
Trd, 000080.967, 151
Trd, 000081.833, 161
Trd, 000082.033, 150
Trd, 000082.233, 162
Trd, 000082.617, 149
Trd, 000083.383, 148
Trd, 000084.000, 151
Trd, 000084.617, 158
Trd, 000084.917, 162
Trd, 000085.100, 163
Trd, 000085.233, 160
Trd, 000086.833, 160
Trd, 000087.050, 162
Trd, 000087.883, 160
Trd, 000088.717, 163
Trd, 000088.833, 169
Trd, 000089.567, 170
Trd, 000089.900, 163
Trd, 000090.233, 168
Trd, 000090.633, 165
Trd, 000091.883, 168
Trd, 000092.683, 164
Trd, 000092.950, 154
Trd, 000093.433, 163
Trd, 000093.667, 164
Trd, 000093.850, 164
Trd, 000094.017, 156
Trd, 000094.617, 156
Trd, 000094.700, 165
Trd, 000096.183, 163
Trd, 000097.333, 157
Trd, 000098.283, 164
Trd, 000098.950, 159
Trd, 000099.717, 156
Trd, 000099.883, 162
Trd, 000100.400, 154
Trd, 000100.767, 162
Trd, 000101.100, 165
Trd, 000101.483, 154
Trd, 000101.550, 172
Trd, 000102.500, 157
Trd, 000102.550, 181
Trd, 000102.717, 180
Trd, 000104.300, 176
Trd, 000105.000, 176
Trd, 000105.633, 189
Trd, 000105.933, 175
Trd, 000106.850, 171
Trd, 000107.117, 172
Trd, 000107.200, 170
Trd, 000108.250, 175
Trd, 000108.750, 172
Trd, 000108.767, 172
Trd, 000109.200, 162
Trd, 000109.617, 173
Trd, 000110.617, 154
Trd, 000110.700, 153
Trd, 000110.900, 155
Trd, 000112.083, 156
Trd, 000112.367, 159
Trd, 000112.833, 166
Trd, 000113.700, 157
Trd, 000114.367, 161
Trd, 000114.850, 157
Trd, 000115.117, 170
Trd, 000115.400, 157
Trd, 000116.100, 172
Trd, 000116.467, 152
Trd, 000117.317, 152
Trd, 000117.933, 174
Trd, 000119.717, 182
Trd, 000119.800, 177
Trd, 000119.983, 178
Trd, 000120.317, 183
Trd, 000120.483, 167
Trd, 000120.617, 166
Trd, 000121.917, 177
Trd, 000122.317, 182
Trd, 000122.467, 184
Trd, 000122.950, 194
Trd, 000124.317, 198
Trd, 000124.583, 205
Trd, 000124.933, 310.0
Trd, 000125.300, 327.0
Trd, 000125.417, 305
Trd, 000126.033, 334.0
Trd, 000126.317, 341.0
Trd, 000126.567, 351
Trd, 000126.633, 350
Trd, 000128.767, 354.0
Trd, 000130.250, 347
Trd, 000130.583, 347
Trd, 000130.700, 347
Trd, 000131.467, 348
Trd, 000131.950, 341.0
Trd, 000132.833, 337.0
Trd, 000132.900, 340.0
Trd, 000133.283, 341.0
Trd, 000133.467, 340
Trd, 000133.733, 349
Trd, 000134.900, 354.0
Trd, 000135.200, 342
Trd, 000135.383, 346
Trd, 000135.683, 353.0
Trd, 000136.933, 343.0
Trd, 000137.767, 343
Trd, 000137.917, 341.0
Trd, 000138.933, 342
Trd, 000139.167, 348
Trd, 000140.483, 348
Trd, 000140.783, 345
Trd, 000141.283, 346
Trd, 000141.367, 344
Trd, 000141.950, 341.0
Trd, 000143.450, 349
Trd, 000143.833, 350
Trd, 000144.083, 346
Trd, 000145.050, 348
Trd, 000145.633, 349
Trd, 000146.033, 349
Trd, 000146.483, 345
Trd, 000146.633, 343
Trd, 000146.783, 342
Trd, 000147.183, 354
Trd, 000147.467, 355.0
Trd, 000147.500, 337.0
Trd, 000149.983, 340.0
Trd, 000150.233, 340.0
Trd, 000152.000, 341.0
Trd, 000152.200, 350
Trd, 000152.800, 341.0
Trd, 000153.600, 340.0
Trd, 000153.617, 339
Trd, 000153.883, 337.0
Trd, 000154.017, 353.0
Trd, 000154.883, 341.0
Trd, 000156.300, 349
Trd, 000157.000, 351
Trd, 000157.350, 350
Trd, 000158.167, 350
Trd, 000158.267, 355.0
Trd, 000158.333, 348
Trd, 000158.650, 337.0
Trd, 000159.617, 355
Trd, 000160.267, 339
Trd, 000160.383, 349
Trd, 000160.417, 339
Trd, 000161.483, 341.0
Trd, 000161.617, 340
Trd, 000162.333, 356
Trd, 000163.850, 343
Trd, 000164.300, 354
Trd, 000165.100, 344
Trd, 000165.417, 341.0
Trd, 000165.617, 355
Trd, 000166.600, 337.0
Trd, 000167.033, 340.0
Trd, 000167.350, 340.0
Trd, 000167.417, 339
Trd, 000167.567, 341.0
Trd, 000168.783, 357.0
Trd, 000170.117, 351.0
Trd, 000170.283, 341.0
Trd, 000170.633, 342
Trd, 000170.983, 353
Trd, 000171.200, 340
Trd, 000172.117, 347
Trd, 000172.967, 345
Trd, 000173.767, 349
Trd, 000173.983, 346
Trd, 000174.550, 343
Trd, 000174.817, 342
Trd, 000174.867, 341.0
Trd, 000175.500, 349
Trd, 000176.483, 351
Trd, 000176.533, 349
Trd, 000177.517, 351
Trd, 000178.650, 354.0
Trd, 000179.083, 348
Trd, 000179.233, 345
Trd, 000180.300, 344
Trd, 000180.333, 342
Trd, 000180.733, 355
Trd, 000181.200, 339.0
Trd, 000181.750, 339.0
Trd, 000181.900, 338.0
Trd, 000182.433, 334
Trd, 000182.633, 334
Trd, 000182.850, 327.0
Trd, 000182.950, 316
Trd, 000183.000, 313.0
Trd, 000183.067, 240
Trd, 000183.500, 200
Trd, 000184.733, 170
Trd, 000185.150, 179
Trd, 000185.633, 183
Trd, 000186.050, 197
Trd, 000186.083, 182
Trd, 000187.167, 192
Trd, 000187.600, 193
Trd, 000187.617, 189
Trd, 000188.617, 187
Trd, 000189.000, 192
Trd, 000189.467, 185
Trd, 000189.967, 184
Trd, 000190.500, 180
Trd, 000191.417, 170
Trd, 000191.983, 178
Trd, 000192.350, 163
Trd, 000192.867, 160
Trd, 000193.233, 176
Trd, 000193.900, 167
Trd, 000194.083, 171
Trd, 000194.717, 176
Trd, 000195.317, 173
Trd, 000196.400, 172
Trd, 000197.300, 173
Trd, 000197.317, 172
Trd, 000197.750, 172
Trd, 000199.100, 174
Trd, 000199.150, 164
Trd, 000199.533, 177
Trd, 000199.817, 178
Trd, 000200.067, 164
Trd, 000201.217, 180
Trd, 000201.567, 161
Trd, 000202.500, 161
Trd, 000203.267, 165
Trd, 000204.617, 170
Trd, 000205.633, 171
Trd, 000206.017, 166
Trd, 000208.983, 167
Trd, 000209.167, 167
Trd, 000209.233, 168
Trd, 000209.433, 167
Trd, 000209.750, 170
Trd, 000209.783, 165
Trd, 000210.100, 164
Trd, 000210.150, 175
Trd, 000210.900, 165
Trd, 000211.150, 164
Trd, 000211.217, 176
Trd, 000212.233, 162
Trd, 000213.583, 164
Trd, 000213.933, 175
Trd, 000214.700, 164
Trd, 000216.250, 170
Trd, 000216.567, 177
Trd, 000216.683, 179
Trd, 000217.133, 180
Trd, 000217.867, 172
Trd, 000218.117, 180
Trd, 000218.850, 178
Trd, 000219.350, 171
Trd, 000220.467, 172
Trd, 000220.567, 173
Trd, 000221.250, 177
Trd, 000221.400, 173
Trd, 000222.117, 179
Trd, 000222.767, 172
Trd, 000223.150, 180
Trd, 000223.650, 178
Trd, 000225.367, 184
Trd, 000225.417, 190
Trd, 000225.433, 176
Trd, 000226.117, 183
Trd, 000227.017, 186
Trd, 000227.033, 179
Trd, 000227.867, 183
Trd, 000228.050, 173
Trd, 000229.400, 184
Trd, 000229.533, 175
Trd, 000230.500, 177
Trd, 000230.583, 174
Trd, 000230.983, 174
Trd, 000231.683, 177
Trd, 000232.017, 165
Trd, 000232.283, 176
Trd, 000233.217, 167
Trd, 000233.900, 175
Trd, 000235.017, 172
Trd, 000235.050, 167
Trd, 000235.067, 167
Trd, 000236.733, 170
Trd, 000236.883, 167
Trd, 000238.183, 173
Trd, 000238.533, 174
Trd, 000238.767, 171
Trd, 000238.983, 166
Trd, 000240.500, 165
Trd, 000240.583, 166
Trd, 000241.233, 183
Trd, 000242.000, 175
Trd, 000242.317, 174
Trd, 000242.867, 173
Trd, 000243.017, 174
Trd, 000243.067, 171
Trd, 000243.083, 170
Trd, 000243.233, 167
Trd, 000243.417, 175
Trd, 000243.733, 172
Trd, 000244.717, 169
Trd, 000245.433, 168
Trd, 000245.550, 167
Trd, 000245.800, 169
Trd, 000246.267, 171
Trd, 000246.950, 174
Trd, 000247.400, 165
Trd, 000247.617, 172
Trd, 000247.667, 175
Trd, 000248.833, 177
Trd, 000249.050, 180
Trd, 000249.550, 166
Trd, 000250.033, 183
Trd, 000251.950, 177
Trd, 000252.250, 177
Trd, 000252.383, 176
Trd, 000252.633, 178
Trd, 000254.133, 192
Trd, 000254.167, 193
Trd, 000254.650, 194
Trd, 000254.800, 193
Trd, 000255.067, 190
Trd, 000255.483, 186
Trd, 000256.517, 187
Trd, 000257.300, 176
Trd, 000257.600, 177
Trd, 000258.000, 182
Trd, 000258.033, 176
Trd, 000258.267, 169
Trd, 000259.483, 172
Trd, 000259.683, 171
Trd, 000259.850, 172
Trd, 000260.450, 175
Trd, 000261.250, 175
Trd, 000261.417, 176
Trd, 000262.000, 181
Trd, 000262.400, 180
Trd, 000262.650, 184
Trd, 000262.917, 188
Trd, 000263.217, 182
Trd, 000264.267, 191
Trd, 000264.567, 187
Trd, 000264.917, 188
Trd, 000265.783, 189
Trd, 000265.950, 186
Trd, 000266.033, 177
Trd, 000266.967, 182
Trd, 000267.083, 170
Trd, 000267.250, 168
Trd, 000267.483, 173
Trd, 000267.833, 175
Trd, 000268.383, 168
Trd, 000269.067, 174
Trd, 000269.150, 170
Trd, 000270.150, 177
Trd, 000270.500, 181
Trd, 000271.367, 185
Trd, 000271.600, 186
Trd, 000271.967, 185
Trd, 000272.033, 184
Trd, 000272.267, 186
Trd, 000272.917, 183
Trd, 000273.167, 182
Trd, 000273.717, 186
Trd, 000273.917, 178
Trd, 000274.900, 184
Trd, 000275.333, 178
Trd, 000275.950, 182
Trd, 000276.067, 170
Trd, 000276.333, 169
Trd, 000277.133, 179
Trd, 000277.433, 176
Trd, 000278.150, 179
Trd, 000278.883, 173
Trd, 000278.917, 172
Trd, 000278.967, 185
Trd, 000279.017, 186
Trd, 000279.817, 180
Trd, 000280.050, 182
Trd, 000280.183, 176
Trd, 000280.233, 189
Trd, 000281.100, 186
Trd, 000281.517, 187
Trd, 000282.150, 190
Trd, 000283.033, 194
Trd, 000283.083, 183
Trd, 000283.983, 196
Trd, 000284.350, 179
Trd, 000286.167, 185
Trd, 000286.233, 184
Trd, 000286.367, 177
Trd, 000286.417, 187
Trd, 000287.050, 184
Trd, 000287.267, 181
Trd, 000288.150, 181
Trd, 000288.183, 185
Trd, 000288.233, 186
Trd, 000288.283, 180
Trd, 000288.517, 178
Trd, 000289.133, 185
Trd, 000289.833, 182
Trd, 000290.150, 185
Trd, 000290.717, 172
Trd, 000290.833, 171
Trd, 000291.983, 184
Trd, 000292.400, 182
Trd, 000292.700, 179
Trd, 000293.050, 179
Trd, 000293.233, 176
Trd, 000293.383, 180
Trd, 000294.150, 171
Trd, 000295.300, 170
Trd, 000295.800, 172
Trd, 000295.900, 181
Trd, 000296.367, 181
Trd, 000296.600, 182
Trd, 000296.867, 181
Trd, 000296.983, 180
Trd, 000297.050, 175
Trd, 000297.817, 185
Trd, 000298.067, 191
Trd, 000298.150, 192
Trd, 000299.500, 195
