Trd, 000001.917, 125
Trd, 000003.400, 124
Trd, 000003.750, 134
Trd, 000003.917, 162
Trd, 000005.117, 149
Trd, 000005.633, 149
Trd, 000006.050, 156
Trd, 000006.833, 153
Trd, 000007.433, 152
Trd, 000008.550, 166
Trd, 000010.083, 164
Trd, 000010.150, 163
Trd, 000010.383, 159
Trd, 000010.800, 159
Trd, 000011.317, 156
Trd, 000011.417, 152
Trd, 000012.983, 158
Trd, 000013.117, 158
Trd, 000013.267, 156
Trd, 000013.817, 154
Trd, 000014.050, 157
Trd, 000014.450, 158
Trd, 000015.633, 146
Trd, 000015.650, 145
Trd, 000015.983, 148
Trd, 000017.333, 153
Trd, 000018.250, 153
Trd, 000019.400, 153
Trd, 000019.533, 163
Trd, 000020.783, 156
Trd, 000020.850, 155
Trd, 000021.317, 157
Trd, 000021.967, 161
Trd, 000022.350, 155
Trd, 000023.183, 154
Trd, 000023.250, 158
Trd, 000024.667, 158
Trd, 000025.600, 157
Trd, 000026.083, 156
Trd, 000027.283, 157
Trd, 000028.183, 156
Trd, 000028.967, 155
Trd, 000029.183, 155
Trd, 000029.383, 154
Trd, 000029.400, 155
Trd, 000029.883, 146
Trd, 000031.667, 153
Trd, 000032.467, 151
Trd, 000032.767, 151
Trd, 000033.283, 150
Trd, 000033.317, 150
Trd, 000034.283, 158
Trd, 000035.183, 153
Trd, 000036.067, 152
Trd, 000038.500, 152
Trd, 000038.533, 148
Trd, 000039.733, 155
Trd, 000040.067, 155
Trd, 000040.250, 155
Trd, 000040.617, 154
Trd, 000041.383, 155
Trd, 000041.533, 149
Trd, 000041.900, 156
Trd, 000042.617, 156
Trd, 000042.717, 152
Trd, 000045.033, 154
Trd, 000045.167, 157
Trd, 000045.867, 155
Trd, 000046.750, 159
Trd, 000047.117, 156
Trd, 000048.567, 155
Trd, 000049.967, 152
Trd, 000050.817, 157
Trd, 000051.150, 156
Trd, 000052.417, 156
Trd, 000052.733, 156
Trd, 000052.967, 157
Trd, 000053.500, 154
Trd, 000053.733, 153
Trd, 000054.983, 152
Trd, 000055.500, 154
Trd, 000055.983, 157
Trd, 000056.150, 153
Trd, 000056.333, 150
Trd, 000057.200, 159
Trd, 000057.417, 152
Trd, 000057.533, 142
Trd, 000058.667, 141
Trd, 000061.067, 153
Trd, 000061.200, 153
Trd, 000061.783, 153
Trd, 000061.933, 154
Trd, 000062.533, 154
Trd, 000063.983, 156
Trd, 000064.367, 154
Trd, 000065.100, 154
Trd, 000065.317, 154
Trd, 000065.533, 160
Trd, 000065.917, 154
Trd, 000066.000, 150
Trd, 000066.550, 141
Trd, 000067.417, 142
Trd, 000068.833, 147
Trd, 000069.217, 151
Trd, 000071.967, 153
Trd, 000072.517, 152
Trd, 000072.783, 153
Trd, 000073.283, 152
Trd, 000074.150, 152
Trd, 000074.467, 155
Trd, 000075.067, 154
Trd, 000075.617, 154
Trd, 000076.983, 153
Trd, 000077.433, 152
Trd, 000079.100, 155
Trd, 000079.700, 156
Trd, 000080.567, 155
Trd, 000081.017, 156
Trd, 000081.683, 157
Trd, 000082.367, 156
Trd, 000083.283, 157
Trd, 000083.900, 157
Trd, 000085.283, 156
Trd, 000085.667, 156
Trd, 000086.417, 160
Trd, 000087.167, 155
Trd, 000088.100, 159
Trd, 000088.533, 159
Trd, 000089.400, 159
Trd, 000089.450, 158
Trd, 000090.533, 160
Trd, 000091.517, 158
Trd, 000093.333, 155
Trd, 000093.600, 153
Trd, 000094.967, 154
Trd, 000095.033, 156
Trd, 000095.167, 156
Trd, 000095.883, 164
Trd, 000096.183, 161
Trd, 000097.067, 161
Trd, 000098.617, 160
Trd, 000099.050, 152
Trd, 000099.117, 150
Trd, 000099.683, 160
Trd, 000099.950, 162
Trd, 000101.750, 161
Trd, 000102.150, 158
Trd, 000103.067, 157
Trd, 000103.367, 154
Trd, 000104.833, 159
Trd, 000106.050, 157
Trd, 000106.333, 158
Trd, 000106.900, 156
Trd, 000107.017, 155
Trd, 000107.500, 158
Trd, 000107.783, 153
Trd, 000108.833, 156
Trd, 000109.083, 154
Trd, 000109.633, 153
Trd, 000109.917, 159
Trd, 000110.400, 153
Trd, 000111.617, 159
Trd, 000112.600, 154
Trd, 000114.250, 157
Trd, 000115.483, 159
Trd, 000115.567, 159
Trd, 000116.033, 158
Trd, 000116.433, 159
Trd, 000116.883, 156
Trd, 000117.133, 146
Trd, 000117.833, 161
Trd, 000118.233, 156
Trd, 000118.650, 157
Trd, 000119.367, 167
Trd, 000121.217, 169
Trd, 000121.917, 169
Trd, 000122.467, 171
Trd, 000122.633, 174
Trd, 000123.167, 177
Trd, 000123.417, 184
Trd, 000123.483, 192
Trd, 000124.533, 205
Trd, 000124.567, 205
Trd, 000125.167, 208
Trd, 000125.550, 301
Trd, 000125.650, 310.0
Trd, 000125.700, 334.0
Trd, 000126.800, 333
Trd, 000127.333, 333
Trd, 000127.350, 337
Trd, 000127.600, 333
Trd, 000127.700, 332
Trd, 000128.117, 334.0
Trd, 000130.017, 333
Trd, 000130.283, 334
Trd, 000130.467, 334.0
Trd, 000131.433, 335.0
Trd, 000132.233, 337.0
Trd, 000132.600, 337
Trd, 000133.333, 347.0
Trd, 000134.400, 338
Trd, 000135.517, 339
Trd, 000135.650, 340
Trd, 000136.850, 340
Trd, 000137.500, 338
Trd, 000137.533, 342
Trd, 000139.650, 340.0
Trd, 000140.083, 340.0
Trd, 000140.633, 341
Trd, 000140.767, 340
Trd, 000141.267, 342
Trd, 000142.250, 343
Trd, 000142.850, 348.0
Trd, 000143.133, 348
Trd, 000145.267, 351
Trd, 000145.983, 352.0
Trd, 000146.250, 351.0
Trd, 000146.367, 350
Trd, 000146.500, 346
Trd, 000146.617, 351.0
Trd, 000147.250, 344.0
Trd, 000148.017, 345
Trd, 000148.917, 347
Trd, 000149.700, 348.0
Trd, 000150.900, 349.0
Trd, 000151.467, 352
Trd, 000151.683, 347
Trd, 000152.183, 346
Trd, 000153.350, 337.0
Trd, 000153.933, 335.0
Trd, 000155.167, 344.0
Trd, 000155.617, 345
Trd, 000155.767, 342
Trd, 000156.367, 353
Trd, 000158.033, 346
Trd, 000158.150, 346
Trd, 000158.267, 346
Trd, 000158.317, 343
Trd, 000158.400, 342
Trd, 000158.633, 339
Trd, 000159.283, 339
Trd, 000159.767, 338
Trd, 000160.167, 342
Trd, 000160.867, 345
Trd, 000162.733, 340.0
Trd, 000165.767, 342.0
Trd, 000165.950, 341.0
Trd, 000166.317, 339.0
Trd, 000167.133, 342
Trd, 000167.567, 342
Trd, 000167.667, 348.0
Trd, 000168.267, 347
Trd, 000168.800, 345
Trd, 000168.983, 344.0
Trd, 000169.583, 340
Trd, 000169.783, 355.0
Trd, 000170.433, 344
Trd, 000171.600, 344
Trd, 000172.267, 343
Trd, 000173.050, 348
Trd, 000174.467, 343
Trd, 000175.033, 342
Trd, 000175.883, 343
Trd, 000176.550, 336.0
Trd, 000177.217, 340
Trd, 000177.467, 341
Trd, 000179.367, 342
Trd, 000179.983, 343
Trd, 000180.717, 339.0
Trd, 000180.967, 337.0
Trd, 000182.050, 340
Trd, 000182.217, 336
Trd, 000182.767, 339
Trd, 000183.250, 334.0
Trd, 000183.283, 324.0
Trd, 000183.783, 317
Trd, 000183.800, 316
Trd, 000184.233, 310.0
Trd, 000184.317, 240
Trd, 000184.350, 207
Trd, 000185.183, 232
Trd, 000185.800, 184
Trd, 000187.433, 186
Trd, 000188.217, 197
Trd, 000188.450, 177
Trd, 000189.617, 186
Trd, 000189.867, 184
Trd, 000189.900, 182
Trd, 000190.883, 180
Trd, 000191.400, 172
Trd, 000191.700, 184
Trd, 000191.933, 184
Trd, 000193.600, 174
Trd, 000193.617, 171
Trd, 000195.650, 169
Trd, 000196.100, 163
Trd, 000196.133, 156
Trd, 000196.733, 156
Trd, 000198.200, 164
Trd, 000198.550, 163
Trd, 000200.033, 164
Trd, 000200.067, 175
Trd, 000200.567, 163
Trd, 000200.883, 165
Trd, 000202.000, 166
Trd, 000202.333, 166
Trd, 000203.117, 168
Trd, 000203.267, 168
Trd, 000203.533, 166
Trd, 000203.717, 168
Trd, 000205.350, 165
Trd, 000205.783, 165
Trd, 000205.850, 162
Trd, 000207.383, 161
Trd, 000207.450, 163
Trd, 000208.100, 160
Trd, 000209.600, 166
Trd, 000210.167, 165
Trd, 000210.483, 165
Trd, 000210.617, 167
Trd, 000210.950, 167
Trd, 000211.417, 168
Trd, 000211.717, 165
Trd, 000212.950, 165
Trd, 000214.150, 167
Trd, 000214.450, 168
Trd, 000215.633, 169
Trd, 000216.233, 170
Trd, 000216.600, 171
Trd, 000216.683, 173
Trd, 000216.883, 170
Trd, 000217.100, 170
Trd, 000219.867, 170
Trd, 000221.200, 171
Trd, 000221.350, 169
Trd, 000221.567, 174
Trd, 000221.733, 169
Trd, 000222.250, 183
Trd, 000222.517, 173
Trd, 000223.450, 175
Trd, 000224.500, 173
Trd, 000225.217, 174
Trd, 000225.950, 175
Trd, 000227.367, 173
Trd, 000227.533, 171
Trd, 000227.550, 176
Trd, 000229.683, 175
Trd, 000230.667, 174
Trd, 000230.683, 175
Trd, 000230.817, 175
Trd, 000231.150, 175
Trd, 000233.583, 174
Trd, 000233.817, 174
Trd, 000234.000, 176
Trd, 000234.083, 174
Trd, 000234.533, 171
Trd, 000234.983, 175
Trd, 000235.567, 176
Trd, 000236.517, 176
Trd, 000238.700, 178
Trd, 000239.333, 177
Trd, 000239.400, 179
Trd, 000240.900, 180
Trd, 000241.200, 179
Trd, 000241.383, 178
Trd, 000241.783, 179
Trd, 000242.017, 177
Trd, 000243.133, 179
Trd, 000243.333, 176
Trd, 000243.733, 179
Trd, 000244.550, 175
Trd, 000244.817, 176
Trd, 000245.000, 175
Trd, 000245.033, 189
Trd, 000246.217, 178
Trd, 000247.033, 180
Trd, 000247.250, 177
Trd, 000247.600, 179
Trd, 000247.667, 176
Trd, 000248.233, 179
Trd, 000248.500, 176
Trd, 000248.933, 179
Trd, 000249.133, 173
Trd, 000251.067, 185
Trd, 000251.200, 183
Trd, 000251.600, 182
Trd, 000251.750, 182
Trd, 000252.033, 180
Trd, 000252.883, 171
Trd, 000253.317, 170
Trd, 000253.417, 169
Trd, 000253.817, 174
Trd, 000254.233, 171
Trd, 000254.933, 170
Trd, 000255.300, 170
Trd, 000256.450, 169
Trd, 000256.500, 170
Trd, 000256.800, 170
Trd, 000257.400, 170
Trd, 000258.200, 173
Trd, 000259.017, 180
Trd, 000259.400, 176
Trd, 000259.550, 176
Trd, 000259.700, 177
Trd, 000261.733, 174
Trd, 000261.833, 171
Trd, 000262.067, 174
Trd, 000262.300, 170
Trd, 000262.967, 168
Trd, 000263.467, 171
Trd, 000264.433, 179
Trd, 000264.800, 175
Trd, 000265.567, 173
Trd, 000266.217, 176
Trd, 000266.700, 176
Trd, 000267.133, 176
Trd, 000267.233, 175
Trd, 000267.517, 176
Trd, 000267.667, 168
Trd, 000268.283, 172
Trd, 000269.867, 165
Trd, 000270.417, 171
Trd, 000270.517, 174
Trd, 000271.000, 171
Trd, 000271.100, 170
Trd, 000271.300, 178
Trd, 000272.550, 178
Trd, 000272.617, 178
Trd, 000272.817, 171
Trd, 000273.367, 175
Trd, 000274.450, 175
Trd, 000274.600, 174
Trd, 000275.550, 175
Trd, 000275.650, 176
Trd, 000276.367, 175
Trd, 000276.483, 171
Trd, 000277.633, 175
Trd, 000278.083, 175
Trd, 000278.400, 176
Trd, 000279.150, 178
Trd, 000279.333, 178
Trd, 000279.533, 179
Trd, 000279.583, 174
Trd, 000279.617, 182
Trd, 000279.817, 183
Trd, 000279.917, 180
Trd, 000280.583, 190
Trd, 000280.900, 174
Trd, 000282.500, 175
Trd, 000282.567, 174
Trd, 000282.583, 172
Trd, 000282.600, 176
Trd, 000282.633, 176
Trd, 000283.167, 177
Trd, 000285.200, 172
Trd, 000285.717, 176
Trd, 000285.933, 173
Trd, 000286.183, 173
Trd, 000286.900, 173
Trd, 000287.467, 173
Trd, 000287.700, 174
Trd, 000288.017, 175
Trd, 000288.367, 175
Trd, 000288.417, 180
Trd, 000289.100, 183
Trd, 000289.267, 184
Trd, 000289.467, 173
Trd, 000290.467, 173
Trd, 000291.450, 187
Trd, 000291.533, 187
Trd, 000291.733, 191
Trd, 000291.917, 196
Trd, 000292.067, 185
Trd, 000292.217, 180
Trd, 000293.250, 184
Trd, 000293.317, 182
Trd, 000293.667, 181
Trd, 000294.233, 178
Trd, 000294.533, 187
Trd, 000294.567, 179
Trd, 000295.517, 180
Trd, 000296.600, 181
Trd, 000296.833, 180
Trd, 000297.100, 182
Trd, 000297.167, 184
Trd, 000297.217, 174
Trd, 000299.033, 190
Trd, 000299.333, 181
Trd, 000299.383, 192
Trd, 000299.417, 174
Trd, 000299.750, 171
