Trd, 000002.517, 168
Trd, 000003.350, 165
Trd, 000003.433, 162
Trd, 000003.750, 179
Trd, 000003.917, 180
Trd, 000004.000, 158
Trd, 000004.167, 147
Trd, 000004.283, 177
Trd, 000006.133, 170
Trd, 000006.683, 157
Trd, 000006.933, 168
Trd, 000007.583, 161
Trd, 000008.400, 156
Trd, 000009.217, 150
Trd, 000009.350, 156
Trd, 000009.400, 157
Trd, 000009.933, 157
Trd, 000010.100, 170
Trd, 000010.233, 166
Trd, 000010.533, 160
Trd, 000010.550, 176
Trd, 000010.750, 160
Trd, 000010.800, 159
Trd, 000012.300, 159
Trd, 000012.483, 160
Trd, 000013.150, 161
Trd, 000013.350, 163
Trd, 000013.450, 161
Trd, 000013.750, 153
Trd, 000014.650, 153
Trd, 000015.150, 154
Trd, 000015.533, 167
Trd, 000015.933, 150
Trd, 000016.833, 154
Trd, 000017.383, 155
Trd, 000017.517, 151
Trd, 000018.783, 152
Trd, 000018.950, 150
Trd, 000019.650, 153
Trd, 000019.800, 150
Trd, 000021.117, 150
Trd, 000021.217, 150
Trd, 000022.000, 151
Trd, 000022.017, 157
Trd, 000022.083, 154
Trd, 000022.500, 151
Trd, 000022.667, 164
Trd, 000023.600, 153
Trd, 000023.833, 151
Trd, 000024.083, 154
Trd, 000024.217, 155
Trd, 000026.400, 156
Trd, 000026.650, 158
Trd, 000027.567, 157
Trd, 000027.600, 159
Trd, 000028.650, 160
Trd, 000028.817, 156
Trd, 000029.617, 160
Trd, 000030.050, 160
Trd, 000030.067, 159
Trd, 000030.083, 162
Trd, 000030.183, 158
Trd, 000030.700, 151
Trd, 000031.133, 162
Trd, 000031.417, 150
Trd, 000031.917, 160
Trd, 000032.133, 163
Trd, 000032.233, 152
Trd, 000032.300, 161
Trd, 000034.317, 158
Trd, 000034.733, 155
Trd, 000035.050, 156
Trd, 000035.450, 157
Trd, 000035.767, 158
Trd, 000037.900, 153
Trd, 000038.100, 153
Trd, 000038.167, 153
Trd, 000038.283, 155
Trd, 000038.483, 157
Trd, 000039.550, 162
Trd, 000039.633, 163
Trd, 000039.950, 154
Trd, 000040.083, 164
Trd, 000040.400, 152
Trd, 000041.900, 159
Trd, 000042.100, 153
Trd, 000042.383, 151
Trd, 000043.233, 156
Trd, 000043.683, 158
Trd, 000044.383, 168
Trd, 000044.483, 151
Trd, 000045.717, 161
Trd, 000046.250, 160
Trd, 000046.917, 159
Trd, 000047.483, 161
Trd, 000047.983, 168
Trd, 000048.083, 164
Trd, 000048.650, 163
Trd, 000048.750, 164
Trd, 000048.783, 165
Trd, 000050.217, 165
Trd, 000050.783, 166
Trd, 000051.367, 164
Trd, 000051.850, 158
Trd, 000051.933, 159
Trd, 000052.983, 158
Trd, 000053.300, 158
Trd, 000053.600, 157
Trd, 000053.817, 160
Trd, 000054.533, 152
Trd, 000054.683, 160
Trd, 000054.700, 165
Trd, 000054.883, 166
Trd, 000056.150, 166
Trd, 000057.483, 165
Trd, 000057.783, 164
Trd, 000058.400, 163
Trd, 000058.800, 156
Trd, 000058.967, 155
Trd, 000058.983, 160
Trd, 000059.183, 161
Trd, 000060.483, 157
Trd, 000060.700, 160
Trd, 000060.867, 162
Trd, 000061.933, 162
Trd, 000062.550, 162
Trd, 000063.183, 158
Trd, 000064.900, 164
Trd, 000065.083, 168
Trd, 000065.633, 167
Trd, 000065.967, 165
Trd, 000066.067, 156
Trd, 000067.050, 154
Trd, 000067.650, 160
Trd, 000067.883, 155
Trd, 000068.300, 159
Trd, 000068.700, 159
Trd, 000069.050, 156
Trd, 000069.317, 154
Trd, 000070.350, 156
Trd, 000070.400, 158
Trd, 000070.600, 164
Trd, 000071.117, 168
Trd, 000071.650, 159
Trd, 000072.533, 160
Trd, 000074.400, 163
Trd, 000074.683, 160
Trd, 000074.867, 161
Trd, 000075.250, 161
Trd, 000075.350, 163
Trd, 000075.667, 162
Trd, 000075.717, 163
Trd, 000076.100, 163
Trd, 000076.533, 156
Trd, 000076.833, 163
Trd, 000077.167, 167
Trd, 000077.583, 167
Trd, 000077.750, 168
Trd, 000078.733, 168
Trd, 000079.367, 168
Trd, 000079.700, 166
Trd, 000079.850, 155
Trd, 000081.133, 161
Trd, 000081.850, 163
Trd, 000082.933, 163
Trd, 000083.517, 155
Trd, 000084.017, 155
Trd, 000085.350, 159
Trd, 000085.450, 160
Trd, 000085.517, 164
Trd, 000085.683, 170
Trd, 000086.217, 157
Trd, 000086.567, 169
Trd, 000086.700, 154
Trd, 000087.300, 152
Trd, 000088.283, 160
Trd, 000089.133, 152
Trd, 000089.183, 153
Trd, 000089.383, 151
Trd, 000089.900, 154
Trd, 000090.167, 156
Trd, 000091.267, 160
Trd, 000091.300, 162
Trd, 000091.333, 157
Trd, 000091.850, 153
Trd, 000091.867, 166
Trd, 000091.900, 171
Trd, 000093.733, 160
Trd, 000094.400, 161
Trd, 000095.183, 158
Trd, 000095.683, 158
Trd, 000095.933, 157
Trd, 000095.983, 158
Trd, 000096.117, 155
Trd, 000096.567, 157
Trd, 000096.633, 164
Trd, 000097.150, 153
Trd, 000097.217, 149
Trd, 000097.817, 162
Trd, 000098.433, 163
Trd, 000098.617, 171
Trd, 000098.867, 172
Trd, 000101.733, 163
Trd, 000101.783, 167
Trd, 000101.833, 162
Trd, 000103.050, 162
Trd, 000103.933, 163
Trd, 000104.400, 163
Trd, 000105.267, 162
Trd, 000105.300, 163
Trd, 000105.667, 165
Trd, 000105.967, 171
Trd, 000106.467, 172
Trd, 000106.817, 167
Trd, 000107.033, 169
Trd, 000107.550, 167
Trd, 000107.733, 186
Trd, 000108.150, 179
Trd, 000108.200, 167
Trd, 000108.483, 162
Trd, 000110.383, 176
Trd, 000111.200, 173
Trd, 000111.533, 170
Trd, 000112.417, 169
Trd, 000112.950, 166
Trd, 000113.517, 162
Trd, 000113.717, 165
Trd, 000113.967, 164
Trd, 000114.750, 163
Trd, 000115.567, 162
Trd, 000115.617, 163
Trd, 000116.100, 165
Trd, 000116.867, 162
Trd, 000117.433, 165
Trd, 000118.750, 164
Trd, 000119.067, 163
Trd, 000119.117, 163
Trd, 000120.250, 162
Trd, 000120.300, 163
Trd, 000120.917, 159
Trd, 000121.300, 161
Trd, 000122.100, 161
Trd, 000122.200, 168
Trd, 000122.383, 180
Trd, 000122.850, 194
Trd, 000123.183, 204
Trd, 000123.450, 215
Trd, 000123.683, 261
Trd, 000124.133, 303.0
Trd, 000124.217, 320
Trd, 000124.683, 326.0
Trd, 000125.333, 327.0
Trd, 000125.900, 334.0
Trd, 000126.117, 348.0
Trd, 000126.933, 346
Trd, 000127.033, 346
Trd, 000127.383, 354
Trd, 000127.700, 345
Trd, 000128.733, 357
Trd, 000129.317, 345.0
Trd, 000130.800, 355.0
Trd, 000131.467, 348
Trd, 000131.783, 349
Trd, 000132.050, 355
Trd, 000133.133, 348
Trd, 000133.350, 347
Trd, 000134.150, 350
Trd, 000134.767, 349
Trd, 000134.967, 350
Trd, 000135.200, 353
Trd, 000137.283, 350
Trd, 000137.433, 351
Trd, 000137.467, 352
Trd, 000138.783, 349
Trd, 000139.350, 350
Trd, 000139.383, 347
Trd, 000140.150, 346.0
Trd, 000140.500, 354
Trd, 000141.350, 352
Trd, 000141.783, 353
Trd, 000142.100, 356
Trd, 000143.533, 349.0
Trd, 000143.817, 347
Trd, 000144.150, 355
Trd, 000144.367, 347
Trd, 000144.650, 357
Trd, 000145.417, 358.0
Trd, 000146.917, 351.0
Trd, 000147.017, 354
Trd, 000147.433, 353.0
Trd, 000148.133, 354
Trd, 000148.233, 355
Trd, 000148.400, 359
Trd, 000150.283, 349
Trd, 000151.000, 348
Trd, 000151.417, 355
Trd, 000151.783, 355
Trd, 000152.900, 348
Trd, 000153.883, 349
Trd, 000154.667, 351
Trd, 000154.817, 355
Trd, 000155.733, 353
Trd, 000156.083, 354
Trd, 000156.150, 350
Trd, 000157.117, 348
Trd, 000158.233, 352
Trd, 000158.850, 353
Trd, 000159.000, 354
Trd, 000159.200, 351
Trd, 000159.267, 355
Trd, 000160.050, 357
Trd, 000160.467, 353
Trd, 000161.283, 352
Trd, 000161.300, 353
Trd, 000161.483, 350
Trd, 000161.550, 347
Trd, 000162.850, 344
Trd, 000163.967, 344.0
Trd, 000165.183, 348
Trd, 000165.200, 348.0
Trd, 000165.517, 349
Trd, 000166.267, 348
Trd, 000166.383, 347
Trd, 000167.650, 350
Trd, 000168.450, 352
Trd, 000168.600, 352
Trd, 000169.100, 353
Trd, 000169.400, 355
Trd, 000170.517, 353
Trd, 000170.600, 356
Trd, 000171.417, 361
Trd, 000171.550, 351
Trd, 000172.250, 354
Trd, 000172.300, 348
Trd, 000172.450, 355
Trd, 000172.800, 362.0
Trd, 000174.167, 349
Trd, 000174.367, 349
Trd, 000175.083, 349
Trd, 000175.217, 350
Trd, 000175.267, 368
Trd, 000176.150, 365.0
Trd, 000177.417, 358
Trd, 000177.733, 362
Trd, 000178.067, 361.0
Trd, 000178.217, 359.0
Trd, 000178.600, 358.0
Trd, 000178.883, 347
Trd, 000179.917, 359.0
Trd, 000180.283, 356
Trd, 000180.583, 356
Trd, 000180.917, 351
Trd, 000182.033, 350
Trd, 000182.267, 351
Trd, 000182.333, 350
Trd, 000182.417, 345
Trd, 000182.483, 344.0
Trd, 000182.733, 340
Trd, 000182.867, 331.0
Trd, 000183.033, 310.0
Trd, 000183.117, 253
Trd, 000183.733, 260
Trd, 000184.700, 218
Trd, 000185.150, 214
Trd, 000185.333, 216
Trd, 000185.383, 204
Trd, 000186.850, 197
Trd, 000187.200, 191
Trd, 000187.633, 188
Trd, 000187.933, 186
Trd, 000189.783, 184
Trd, 000189.867, 181
Trd, 000190.683, 183
Trd, 000191.717, 178
Trd, 000192.750, 179
Trd, 000193.033, 179
Trd, 000193.300, 179
Trd, 000193.517, 181
Trd, 000193.800, 178
Trd, 000193.983, 177
Trd, 000194.783, 172
Trd, 000195.033, 175
Trd, 000196.317, 170
Trd, 000197.100, 169
Trd, 000197.200, 170
Trd, 000197.417, 168
Trd, 000197.550, 171
Trd, 000197.950, 171
Trd, 000198.200, 185
Trd, 000198.533, 169
Trd, 000199.567, 168
Trd, 000200.350, 188
Trd, 000201.133, 180
Trd, 000201.567, 183
Trd, 000201.617, 183
Trd, 000202.617, 181
Trd, 000202.633, 178
Trd, 000202.767, 182
Trd, 000202.850, 183
Trd, 000204.450, 181
Trd, 000205.233, 181
Trd, 000205.750, 180
Trd, 000206.817, 182
Trd, 000208.267, 179
Trd, 000208.350, 179
Trd, 000208.433, 183
Trd, 000208.550, 178
Trd, 000208.900, 184
Trd, 000209.033, 167
Trd, 000209.650, 184
Trd, 000210.667, 169
Trd, 000211.317, 184
Trd, 000211.600, 181
Trd, 000211.850, 179
Trd, 000211.917, 168
Trd, 000212.900, 175
Trd, 000213.067, 175
Trd, 000214.700, 180
Trd, 000215.450, 179
Trd, 000215.517, 181
Trd, 000216.150, 179
Trd, 000216.333, 176
Trd, 000216.933, 178
Trd, 000218.000, 177
Trd, 000218.433, 173
Trd, 000218.500, 177
Trd, 000219.517, 176
Trd, 000220.133, 173
Trd, 000220.767, 170
Trd, 000220.850, 175
Trd, 000221.583, 176
Trd, 000222.333, 178
Trd, 000222.433, 175
Trd, 000223.233, 176
Trd, 000223.833, 177
Trd, 000224.467, 180
Trd, 000224.783, 177
Trd, 000225.250, 180
Trd, 000225.767, 179
Trd, 000226.017, 176
Trd, 000226.067, 177
Trd, 000226.533, 176
Trd, 000227.067, 174
Trd, 000227.300, 171
Trd, 000227.383, 176
Trd, 000228.200, 174
Trd, 000229.200, 173
Trd, 000230.200, 172
Trd, 000230.367, 173
Trd, 000231.250, 171
Trd, 000231.650, 172
Trd, 000231.817, 177
Trd, 000231.867, 185
Trd, 000232.550, 188
Trd, 000232.650, 191
Trd, 000233.050, 185
Trd, 000234.317, 184
Trd, 000234.967, 185
Trd, 000235.283, 188
Trd, 000235.783, 183
Trd, 000236.117, 182
Trd, 000236.133, 173
Trd, 000236.800, 182
Trd, 000237.117, 175
Trd, 000237.867, 183
Trd, 000238.050, 184
Trd, 000238.083, 182
Trd, 000238.367, 170
Trd, 000238.533, 181
Trd, 000240.000, 183
Trd, 000241.217, 175
Trd, 000241.417, 174
Trd, 000241.533, 175
Trd, 000242.000, 176
Trd, 000242.183, 180
Trd, 000242.500, 175
Trd, 000243.383, 178
Trd, 000243.933, 177
Trd, 000244.167, 176
Trd, 000244.367, 175
Trd, 000245.100, 179
Trd, 000245.317, 174
Trd, 000245.600, 178
Trd, 000246.083, 171
Trd, 000246.483, 181
Trd, 000247.767, 181
Trd, 000247.983, 183
Trd, 000248.117, 180
Trd, 000249.017, 177
Trd, 000249.283, 176
Trd, 000249.633, 176
Trd, 000249.800, 175
Trd, 000250.033, 177
Trd, 000250.483, 178
Trd, 000250.600, 175
Trd, 000251.333, 178
Trd, 000251.967, 173
Trd, 000252.000, 176
Trd, 000252.067, 174
Trd, 000252.167, 180
Trd, 000252.317, 179
Trd, 000252.367, 173
Trd, 000253.733, 175
Trd, 000254.050, 181
Trd, 000254.450, 172
Trd, 000255.100, 183
Trd, 000255.800, 181
Trd, 000256.333, 180
Trd, 000256.533, 181
Trd, 000256.783, 177
Trd, 000257.000, 175
Trd, 000258.217, 176
Trd, 000258.383, 178
Trd, 000258.683, 176
Trd, 000258.833, 178
Trd, 000259.133, 179
Trd, 000259.717, 174
Trd, 000261.300, 177
Trd, 000261.500, 175
Trd, 000261.850, 175
Trd, 000261.950, 174
Trd, 000262.133, 175
Trd, 000262.400, 170
Trd, 000263.217, 176
Trd, 000263.467, 173
Trd, 000263.550, 188
Trd, 000264.817, 178
Trd, 000265.050, 177
Trd, 000265.567, 182
Trd, 000265.867, 182
Trd, 000265.933, 178
Trd, 000266.367, 177
Trd, 000266.950, 180
Trd, 000267.433, 180
Trd, 000267.567, 181
Trd, 000268.483, 174
Trd, 000268.750, 177
Trd, 000268.967, 178
Trd, 000269.017, 178
Trd, 000269.417, 190
Trd, 000269.817, 186
Trd, 000270.500, 185
Trd, 000270.817, 182
Trd, 000270.917, 177
Trd, 000271.750, 179
Trd, 000271.783, 180
Trd, 000271.983, 182
Trd, 000272.067, 177
Trd, 000272.700, 178
Trd, 000273.217, 180
Trd, 000273.450, 181
Trd, 000273.600, 177
Trd, 000274.217, 183
Trd, 000274.967, 183
Trd, 000275.700, 181
Trd, 000275.917, 182
Trd, 000276.167, 181
Trd, 000276.533, 180
Trd, 000276.867, 174
Trd, 000276.900, 171
Trd, 000277.383, 165
Trd, 000277.450, 161
Trd, 000277.850, 166
Trd, 000278.000, 168
Trd, 000278.100, 169
Trd, 000278.200, 167
Trd, 000278.533, 182
Trd, 000281.300, 172
Trd, 000281.317, 173
Trd, 000281.717, 171
Trd, 000281.867, 169
Trd, 000281.883, 173
Trd, 000282.000, 185
Trd, 000282.183, 181
Trd, 000282.300, 189
Trd, 000284.333, 173
Trd, 000284.583, 171
Trd, 000284.800, 183
Trd, 000285.117, 178
Trd, 000285.367, 169
Trd, 000285.550, 177
Trd, 000286.267, 178
Trd, 000286.850, 173
Trd, 000287.300, 176
Trd, 000287.400, 177
Trd, 000288.050, 178
Trd, 000288.183, 185
Trd, 000288.250, 188
Trd, 000288.400, 176
Trd, 000289.233, 187
Trd, 000289.267, 181
Trd, 000289.700, 180
Trd, 000289.833, 170
Trd, 000289.917, 187
Trd, 000290.267, 188
Trd, 000291.783, 188
Trd, 000292.400, 179
Trd, 000292.783, 178
Trd, 000293.050, 188
Trd, 000293.267, 182
Trd, 000294.383, 187
Trd, 000294.567, 177
Trd, 000295.067, 184
Trd, 000295.250, 184
Trd, 000295.317, 186
Trd, 000295.333, 176
Trd, 000295.350, 175
Trd, 000296.817, 188
Trd, 000297.217, 175
Trd, 000298.267, 182
Trd, 000298.400, 187
Trd, 000298.950, 188
Trd, 000299.533, 188
Trd, 000299.567, 192
Trd, 000299.650, 180
Trd, 000299.933, 179
