Trd, 000002.950, 169
Trd, 000003.600, 166
Trd, 000003.733, 165
Trd, 000004.600, 172
Trd, 000005.033, 167
Trd, 000005.117, 166
Trd, 000008.133, 157
Trd, 000008.317, 164
Trd, 000008.483, 165
Trd, 000009.483, 162
Trd, 000009.583, 163
Trd, 000009.917, 162
Trd, 000010.100, 161
Trd, 000010.883, 162
Trd, 000011.567, 162
Trd, 000011.783, 162
Trd, 000012.833, 162
Trd, 000013.733, 160
Trd, 000013.933, 159
Trd, 000015.633, 161
Trd, 000016.533, 161
Trd, 000016.700, 159
Trd, 000016.950, 159
Trd, 000017.133, 162
Trd, 000018.017, 161
Trd, 000018.450, 162
Trd, 000019.283, 160
Trd, 000019.983, 158
Trd, 000020.667, 158
Trd, 000021.767, 157
Trd, 000021.917, 159
Trd, 000021.967, 161
Trd, 000022.350, 161
Trd, 000023.433, 163
Trd, 000024.217, 164
Trd, 000024.950, 159
Trd, 000025.933, 154
Trd, 000026.017, 147
Trd, 000026.267, 155
Trd, 000026.617, 156
Trd, 000026.950, 157
Trd, 000028.850, 158
Trd, 000029.017, 165
Trd, 000029.900, 172
Trd, 000031.883, 166
Trd, 000032.483, 167
Trd, 000032.600, 164
Trd, 000033.017, 163
Trd, 000033.033, 163
Trd, 000033.433, 162
Trd, 000034.483, 158
Trd, 000034.633, 156
Trd, 000035.150, 155
Trd, 000035.350, 155
Trd, 000035.683, 155
Trd, 000036.150, 156
Trd, 000037.000, 157
Trd, 000037.917, 161
Trd, 000038.400, 160
Trd, 000039.033, 160
Trd, 000039.250, 160
Trd, 000039.867, 160
Trd, 000040.200, 160
Trd, 000040.500, 159
Trd, 000040.650, 161
Trd, 000041.133, 162
Trd, 000042.433, 159
Trd, 000043.517, 153
Trd, 000044.167, 159
Trd, 000044.217, 159
Trd, 000045.233, 159
Trd, 000047.300, 161
Trd, 000047.683, 158
Trd, 000048.433, 161
Trd, 000048.633, 162
Trd, 000049.350, 160
Trd, 000049.650, 161
Trd, 000049.717, 162
Trd, 000050.250, 163
Trd, 000050.767, 160
Trd, 000051.433, 159
Trd, 000051.950, 157
Trd, 000053.133, 149
Trd, 000053.250, 156
Trd, 000053.450, 156
Trd, 000053.650, 157
Trd, 000053.783, 147
Trd, 000054.300, 153
Trd, 000055.033, 147
Trd, 000055.767, 163
Trd, 000056.267, 161
Trd, 000057.333, 161
Trd, 000058.083, 154
Trd, 000059.233, 156
Trd, 000059.833, 155
Trd, 000060.683, 158
Trd, 000061.783, 157
Trd, 000061.917, 158
Trd, 000062.233, 168
Trd, 000063.950, 161
Trd, 000064.050, 160
Trd, 000064.850, 157
Trd, 000066.383, 159
Trd, 000066.567, 156
Trd, 000067.683, 155
Trd, 000067.950, 152
Trd, 000067.983, 157
Trd, 000068.917, 151
Trd, 000070.700, 153
Trd, 000070.883, 154
Trd, 000071.767, 154
Trd, 000072.317, 155
Trd, 000073.433, 160
Trd, 000074.133, 155
Trd, 000074.317, 155
Trd, 000074.783, 159
Trd, 000075.400, 159
Trd, 000075.917, 161
Trd, 000076.083, 158
Trd, 000076.767, 152
Trd, 000077.300, 161
Trd, 000077.333, 155
Trd, 000077.767, 154
Trd, 000078.250, 160
Trd, 000079.017, 153
Trd, 000080.083, 162
Trd, 000080.450, 170
Trd, 000080.967, 153
Trd, 000081.833, 155
Trd, 000082.300, 156
Trd, 000083.450, 155
Trd, 000083.883, 154
Trd, 000084.283, 153
Trd, 000084.950, 155
Trd, 000085.000, 154
Trd, 000085.083, 163
Trd, 000085.717, 170
Trd, 000086.533, 163
Trd, 000086.617, 164
Trd, 000087.317, 165
Trd, 000087.833, 165
Trd, 000088.400, 165
Trd, 000088.450, 166
Trd, 000089.033, 164
Trd, 000089.433, 165
Trd, 000089.783, 161
Trd, 000091.150, 157
Trd, 000091.467, 153
Trd, 000092.317, 159
Trd, 000093.950, 156
Trd, 000094.417, 157
Trd, 000094.833, 156
Trd, 000094.950, 160
Trd, 000095.733, 162
Trd, 000097.133, 161
Trd, 000098.233, 160
Trd, 000098.700, 159
Trd, 000099.250, 161
Trd, 000099.750, 163
Trd, 000100.733, 164
Trd, 000100.967, 164
Trd, 000101.683, 165
Trd, 000101.867, 161
Trd, 000102.617, 167
Trd, 000103.283, 165
Trd, 000103.667, 171
Trd, 000103.833, 171
Trd, 000105.433, 172
Trd, 000107.517, 170
Trd, 000107.667, 169
Trd, 000107.767, 169
Trd, 000108.533, 167
Trd, 000108.783, 155
Trd, 000108.917, 171
Trd, 000109.817, 168
Trd, 000110.033, 181
Trd, 000110.883, 167
Trd, 000111.583, 173
Trd, 000112.533, 169
Trd, 000114.750, 169
Trd, 000115.550, 169
Trd, 000115.750, 170
Trd, 000116.100, 171
Trd, 000116.150, 172
Trd, 000116.400, 173
Trd, 000118.233, 168
Trd, 000118.683, 170
Trd, 000118.983, 170
Trd, 000119.033, 170
Trd, 000120.067, 169
Trd, 000120.417, 169
Trd, 000120.750, 157
Trd, 000121.350, 169
Trd, 000121.400, 170
Trd, 000122.233, 170
Trd, 000122.300, 173
Trd, 000122.333, 198
Trd, 000123.000, 188
Trd, 000123.167, 201
Trd, 000123.383, 212
Trd, 000123.550, 213
Trd, 000123.583, 300.0
Trd, 000123.600, 306.0
Trd, 000124.333, 315
Trd, 000125.533, 329
Trd, 000126.133, 330
Trd, 000126.717, 346
Trd, 000127.367, 339
Trd, 000128.550, 338
Trd, 000128.967, 339
Trd, 000130.083, 338
Trd, 000130.167, 341
Trd, 000130.800, 351
Trd, 000130.900, 341.0
Trd, 000131.300, 333
Trd, 000131.700, 346
Trd, 000132.650, 343.0
Trd, 000134.800, 343.0
Trd, 000135.483, 342
Trd, 000135.750, 345
Trd, 000136.000, 344.0
Trd, 000136.183, 350
Trd, 000136.667, 345
Trd, 000138.683, 345
Trd, 000138.933, 347
Trd, 000139.217, 348
Trd, 000139.383, 349
Trd, 000140.917, 349
Trd, 000141.683, 351
Trd, 000141.817, 349
Trd, 000142.817, 355
Trd, 000143.000, 355.0
Trd, 000143.700, 354
Trd, 000144.350, 356
Trd, 000144.467, 355.0
Trd, 000144.583, 353
Trd, 000145.417, 357
Trd, 000145.667, 347
Trd, 000147.450, 355
Trd, 000147.533, 349
Trd, 000148.267, 362
Trd, 000149.300, 356.0
Trd, 000149.400, 357
Trd, 000149.717, 355.0
Trd, 000150.833, 354
Trd, 000151.217, 354
Trd, 000151.350, 353
Trd, 000151.567, 361
Trd, 000152.467, 354
Trd, 000154.117, 355
Trd, 000154.967, 352
Trd, 000155.333, 352
Trd, 000155.600, 352
Trd, 000156.533, 349
Trd, 000157.417, 349
Trd, 000157.550, 347
Trd, 000157.750, 344.0
Trd, 000158.367, 354
Trd, 000160.150, 349
Trd, 000161.033, 349
Trd, 000161.267, 348
Trd, 000161.367, 345.0
Trd, 000161.500, 351
Trd, 000162.050, 349
Trd, 000162.767, 344.0
Trd, 000163.017, 355.0
Trd, 000163.150, 345
Trd, 000163.967, 346
Trd, 000166.133, 353
Trd, 000166.167, 346
Trd, 000167.400, 352
Trd, 000167.667, 350
Trd, 000167.767, 350
Trd, 000167.817, 345
Trd, 000168.133, 352
Trd, 000170.033, 347
Trd, 000170.233, 348
Trd, 000170.533, 349
Trd, 000170.650, 346
Trd, 000171.367, 354.0
Trd, 000171.600, 348
Trd, 000172.600, 355.0
Trd, 000172.883, 355
Trd, 000174.150, 347
Trd, 000174.600, 347
Trd, 000175.367, 348
Trd, 000175.583, 355
Trd, 000176.050, 353.0
Trd, 000177.133, 348
Trd, 000177.350, 348
Trd, 000177.917, 351
Trd, 000178.033, 347
Trd, 000179.550, 347
Trd, 000179.617, 351
Trd, 000181.233, 349
Trd, 000181.900, 352
Trd, 000182.000, 348
Trd, 000182.117, 344
Trd, 000182.533, 337.0
Trd, 000182.667, 330
Trd, 000183.083, 310.0
Trd, 000183.800, 306.0
Trd, 000184.550, 207
Trd, 000184.683, 195
Trd, 000186.017, 188
Trd, 000186.100, 183
Trd, 000186.967, 182
Trd, 000187.950, 182
Trd, 000188.433, 182
Trd, 000190.000, 183
Trd, 000190.233, 182
Trd, 000190.567, 182
Trd, 000192.250, 181
Trd, 000192.883, 181
Trd, 000193.450, 179
Trd, 000193.583, 174
Trd, 000194.133, 177
Trd, 000196.450, 172
Trd, 000197.067, 172
Trd, 000197.233, 173
Trd, 000197.700, 172
Trd, 000197.750, 173
Trd, 000198.433, 172
Trd, 000198.867, 173
Trd, 000199.333, 174
Trd, 000199.400, 171
Trd, 000199.700, 161
Trd, 000201.417, 162
Trd, 000201.433, 168
Trd, 000202.767, 168
Trd, 000202.967, 170
Trd, 000203.583, 167
Trd, 000204.050, 168
Trd, 000204.950, 167
Trd, 000205.100, 169
Trd, 000205.567, 167
Trd, 000206.450, 171
Trd, 000206.733, 168
Trd, 000206.767, 175
Trd, 000207.117, 174
Trd, 000207.900, 181
Trd, 000208.450, 182
Trd, 000209.017, 179
Trd, 000209.333, 181
Trd, 000209.633, 179
Trd, 000209.850, 174
Trd, 000211.950, 180
Trd, 000212.050, 179
Trd, 000212.083, 183
Trd, 000212.233, 178
Trd, 000212.417, 194
Trd, 000212.950, 177
Trd, 000213.017, 176
Trd, 000213.467, 166
Trd, 000213.583, 165
Trd, 000214.283, 165
Trd, 000215.467, 168
Trd, 000216.533, 169
Trd, 000217.067, 167
Trd, 000217.350, 168
Trd, 000217.533, 167
Trd, 000217.600, 171
Trd, 000218.833, 167
Trd, 000219.100, 173
Trd, 000219.400, 172
Trd, 000222.167, 173
Trd, 000222.517, 172
Trd, 000223.517, 175
Trd, 000223.583, 175
Trd, 000223.767, 174
Trd, 000225.183, 175
Trd, 000225.517, 176
Trd, 000226.167, 176
Trd, 000226.417, 183
Trd, 000227.100, 180
Trd, 000227.700, 181
Trd, 000227.733, 184
Trd, 000228.083, 190
Trd, 000229.217, 183
Trd, 000230.833, 180
Trd, 000230.983, 179
Trd, 000231.400, 179
Trd, 000231.617, 178
Trd, 000231.700, 176
Trd, 000232.450, 177
Trd, 000232.567, 177
Trd, 000233.917, 180
Trd, 000234.033, 180
Trd, 000234.667, 180
Trd, 000234.833, 178
Trd, 000235.617, 178
Trd, 000236.300, 179
Trd, 000237.567, 179
Trd, 000238.367, 178
Trd, 000238.733, 178
Trd, 000239.117, 177
Trd, 000240.000, 169
Trd, 000240.033, 173
Trd, 000240.600, 172
Trd, 000240.800, 170
Trd, 000241.483, 171
Trd, 000241.700, 172
Trd, 000242.217, 172
Trd, 000242.267, 172
Trd, 000242.533, 179
Trd, 000242.750, 186
Trd, 000243.600, 180
Trd, 000243.983, 178
Trd, 000244.333, 179
Trd, 000244.417, 186
Trd, 000245.233, 180
Trd, 000245.900, 184
Trd, 000246.000, 183
Trd, 000246.517, 178
Trd, 000246.900, 178
Trd, 000247.500, 177
Trd, 000247.517, 180
Trd, 000247.800, 177
Trd, 000247.850, 177
Trd, 000248.183, 177
Trd, 000248.217, 175
Trd, 000248.283, 178
Trd, 000248.833, 177
Trd, 000249.200, 187
Trd, 000249.300, 189
Trd, 000250.633, 169
Trd, 000252.767, 182
Trd, 000252.817, 181
Trd, 000253.017, 180
Trd, 000253.917, 180
Trd, 000255.367, 182
Trd, 000255.483, 183
Trd, 000255.883, 183
Trd, 000256.050, 184
Trd, 000256.767, 181
Trd, 000257.050, 181
Trd, 000257.267, 183
Trd, 000257.917, 180
Trd, 000258.600, 185
Trd, 000259.317, 184
Trd, 000259.417, 182
Trd, 000260.033, 181
Trd, 000261.050, 181
Trd, 000261.200, 182
Trd, 000261.517, 181
Trd, 000261.967, 182
Trd, 000262.317, 182
Trd, 000262.350, 183
Trd, 000262.517, 181
Trd, 000262.950, 181
Trd, 000263.517, 179
Trd, 000263.617, 181
Trd, 000264.050, 180
Trd, 000264.533, 181
Trd, 000265.200, 182
Trd, 000265.700, 179
Trd, 000265.750, 180
Trd, 000265.850, 180
Trd, 000266.283, 186
Trd, 000266.733, 178
Trd, 000268.217, 189
Trd, 000269.000, 186
Trd, 000269.133, 182
Trd, 000269.717, 179
Trd, 000270.333, 179
Trd, 000270.383, 177
Trd, 000270.500, 182
Trd, 000271.017, 189
Trd, 000271.633, 182
Trd, 000272.067, 180
Trd, 000272.633, 182
Trd, 000273.300, 182
Trd, 000273.383, 180
Trd, 000274.250, 181
Trd, 000274.283, 179
Trd, 000274.800, 182
Trd, 000274.833, 184
Trd, 000275.483, 182
Trd, 000275.500, 183
Trd, 000275.883, 180
Trd, 000276.367, 190
Trd, 000277.000, 188
Trd, 000277.250, 187
Trd, 000277.300, 186
Trd, 000277.550, 179
Trd, 000278.367, 186
Trd, 000279.217, 184
Trd, 000279.533, 186
Trd, 000280.133, 186
Trd, 000280.983, 183
Trd, 000281.683, 183
Trd, 000281.833, 182
Trd, 000281.983, 182
Trd, 000282.850, 183
Trd, 000283.683, 182
Trd, 000283.717, 181
Trd, 000283.750, 183
Trd, 000284.267, 179
Trd, 000284.417, 179
Trd, 000285.300, 183
Trd, 000285.367, 177
Trd, 000285.550, 182
Trd, 000286.467, 179
Trd, 000286.867, 176
Trd, 000287.033, 181
Trd, 000287.267, 183
Trd, 000287.733, 176
Trd, 000287.867, 185
Trd, 000288.117, 180
Trd, 000289.500, 190
Trd, 000289.517, 173
Trd, 000289.800, 194
Trd, 000289.950, 189
Trd, 000291.100, 180
Trd, 000292.017, 182
Trd, 000292.033, 182
Trd, 000292.367, 183
Trd, 000292.767, 183
Trd, 000292.917, 183
Trd, 000293.250, 184
Trd, 000293.917, 185
Trd, 000294.017, 186
Trd, 000296.133, 175
Trd, 000296.233, 181
Trd, 000296.317, 177
Trd, 000296.400, 181
Trd, 000296.967, 182
Trd, 000297.067, 182
Trd, 000297.083, 181
Trd, 000297.217, 183
Trd, 000297.267, 191
Trd, 000299.067, 177
Trd, 000299.267, 185
Trd, 000299.533, 181
Trd, 000299.567, 186
