Trd, 000002.083, 116
Trd, 000002.383, 118
Trd, 000003.133, 120
Trd, 000003.317, 147
Trd, 000003.650, 143
Trd, 000004.200, 148
Trd, 000004.317, 122
Trd, 000004.583, 170
Trd, 000005.333, 172
Trd, 000005.400, 169
Trd, 000005.883, 152
Trd, 000006.700, 175
Trd, 000006.967, 144
Trd, 000008.450, 146
Trd, 000009.300, 156
Trd, 000010.850, 157
Trd, 000011.350, 158
Trd, 000011.733, 154
Trd, 000012.650, 153
Trd, 000012.850, 151
Trd, 000012.883, 153
Trd, 000013.033, 149
Trd, 000015.067, 153
Trd, 000015.617, 153
Trd, 000015.867, 149
Trd, 000016.233, 148
Trd, 000016.267, 151
Trd, 000017.050, 160
Trd, 000017.167, 159
Trd, 000018.100, 153
Trd, 000018.650, 148
Trd, 000019.067, 154
Trd, 000020.217, 154
Trd, 000020.933, 167
Trd, 000021.117, 150
Trd, 000022.017, 150
Trd, 000022.433, 156
Trd, 000022.717, 157
Trd, 000023.317, 157
Trd, 000023.383, 158
Trd, 000023.550, 150
Trd, 000024.550, 164
Trd, 000025.700, 160
Trd, 000027.500, 165
Trd, 000027.883, 165
Trd, 000028.917, 157
Trd, 000029.167, 155
Trd, 000029.467, 158
Trd, 000029.750, 157
Trd, 000030.050, 163
Trd, 000030.233, 164
Trd, 000030.750, 154
Trd, 000031.483, 157
Trd, 000031.600, 161
Trd, 000032.567, 159
Trd, 000032.933, 151
Trd, 000033.317, 153
Trd, 000035.050, 153
Trd, 000035.067, 140
Trd, 000035.217, 159
Trd, 000035.933, 152
Trd, 000036.533, 161
Trd, 000037.600, 152
Trd, 000037.767, 151
Trd, 000038.000, 150
Trd, 000038.333, 152
Trd, 000038.500, 155
Trd, 000039.633, 166
Trd, 000040.317, 156
Trd, 000040.500, 163
Trd, 000040.583, 164
Trd, 000042.517, 154
Trd, 000042.900, 152
Trd, 000043.367, 155
Trd, 000044.883, 160
Trd, 000045.050, 159
Trd, 000045.550, 159
Trd, 000046.500, 158
Trd, 000046.550, 162
Trd, 000046.983, 153
Trd, 000048.033, 160
Trd, 000048.167, 156
Trd, 000049.200, 156
Trd, 000050.100, 155
Trd, 000050.183, 154
Trd, 000050.200, 158
Trd, 000050.733, 153
Trd, 000051.150, 151
Trd, 000052.000, 148
Trd, 000052.283, 149
Trd, 000052.767, 155
Trd, 000053.100, 156
Trd, 000054.550, 163
Trd, 000055.267, 161
Trd, 000056.250, 153
Trd, 000056.400, 162
Trd, 000058.683, 161
Trd, 000058.783, 161
Trd, 000058.950, 157
Trd, 000059.167, 162
Trd, 000059.700, 157
Trd, 000060.583, 156
Trd, 000061.517, 159
Trd, 000061.583, 160
Trd, 000061.967, 154
Trd, 000064.217, 158
Trd, 000064.417, 160
Trd, 000064.800, 158
Trd, 000065.117, 158
Trd, 000065.183, 157
Trd, 000065.617, 143
Trd, 000065.967, 157
Trd, 000066.017, 160
Trd, 000067.283, 158
Trd, 000067.450, 154
Trd, 000068.783, 154
Trd, 000070.283, 154
Trd, 000070.933, 151
Trd, 000070.950, 157
Trd, 000071.100, 158
Trd, 000075.417, 158
Trd, 000075.450, 158
Trd, 000075.617, 161
Trd, 000075.650, 154
Trd, 000075.900, 162
Trd, 000075.917, 169
Trd, 000076.100, 155
Trd, 000076.483, 153
Trd, 000078.300, 151
Trd, 000079.100, 156
Trd, 000079.200, 152
Trd, 000080.617, 154
Trd, 000080.950, 151
Trd, 000081.850, 151
Trd, 000081.917, 150
Trd, 000082.183, 152
Trd, 000082.517, 156
Trd, 000082.983, 155
Trd, 000083.483, 159
Trd, 000084.283, 152
Trd, 000085.633, 154
Trd, 000086.400, 149
Trd, 000086.417, 149
Trd, 000087.017, 150
Trd, 000087.133, 151
Trd, 000087.783, 156
Trd, 000089.383, 153
Trd, 000089.733, 155
Trd, 000090.017, 151
Trd, 000090.183, 159
Trd, 000090.350, 160
Trd, 000090.600, 151
Trd, 000092.667, 160
Trd, 000092.750, 161
Trd, 000093.333, 156
Trd, 000093.767, 160
Trd, 000093.983, 155
Trd, 000095.217, 159
Trd, 000095.567, 157
Trd, 000096.033, 157
Trd, 000096.650, 158
Trd, 000096.717, 159
Trd, 000097.467, 160
Trd, 000097.867, 158
Trd, 000098.500, 158
Trd, 000099.000, 158
Trd, 000099.367, 158
Trd, 000099.567, 151
Trd, 000100.200, 155
Trd, 000100.900, 154
Trd, 000101.100, 154
Trd, 000101.750, 156
Trd, 000102.500, 158
Trd, 000103.183, 154
Trd, 000103.650, 172
Trd, 000104.017, 156
Trd, 000104.667, 155
Trd, 000105.000, 154
Trd, 000105.950, 155
Trd, 000105.983, 156
Trd, 000106.767, 152
Trd, 000107.117, 157
Trd, 000107.300, 158
Trd, 000107.817, 159
Trd, 000108.450, 162
Trd, 000108.733, 173
Trd, 000109.333, 160
Trd, 000110.417, 154
Trd, 000110.783, 168
Trd, 000111.450, 153
Trd, 000111.900, 152
Trd, 000112.067, 153
Trd, 000112.933, 159
Trd, 000113.567, 166
Trd, 000113.633, 159
Trd, 000115.150, 156
Trd, 000116.067, 161
Trd, 000116.417, 162
Trd, 000116.433, 163
Trd, 000116.483, 164
Trd, 000117.633, 156
Trd, 000118.633, 155
Trd, 000118.683, 158
Trd, 000118.883, 160
Trd, 000119.117, 154
Trd, 000119.650, 160
Trd, 000119.883, 161
Trd, 000120.467, 157
Trd, 000120.933, 163
Trd, 000121.983, 167
Trd, 000122.233, 174
Trd, 000122.433, 192
Trd, 000122.633, 161
Trd, 000122.900, 201
Trd, 000123.617, 173
Trd, 000123.650, 306.0
Trd, 000123.683, 314
Trd, 000124.300, 313.0
Trd, 000124.683, 326
Trd, 000125.733, 342
Trd, 000126.183, 338
Trd, 000126.217, 342.0
Trd, 000126.400, 337.0
Trd, 000126.733, 344.0
Trd, 000127.783, 338
Trd, 000127.850, 339
Trd, 000128.867, 344.0
Trd, 000129.617, 348.0
Trd, 000129.633, 360.0
Trd, 000129.750, 362.0
Trd, 000130.417, 346
Trd, 000131.683, 355
Trd, 000131.933, 354
Trd, 000133.117, 351.0
Trd, 000133.733, 354
Trd, 000134.017, 347
Trd, 000135.000, 341.0
Trd, 000135.300, 344.0
Trd, 000136.333, 342
Trd, 000136.917, 341
Trd, 000138.333, 342.0
Trd, 000139.083, 340
Trd, 000139.133, 339.0
Trd, 000139.350, 340
Trd, 000140.350, 344.0
Trd, 000140.517, 352
Trd, 000141.617, 342
Trd, 000141.750, 347
Trd, 000142.717, 341.0
Trd, 000143.533, 343
Trd, 000143.667, 346
Trd, 000143.767, 348.0
Trd, 000143.933, 351
Trd, 000144.767, 344.0
Trd, 000145.333, 343
Trd, 000145.817, 342
Trd, 000147.383, 343
Trd, 000147.750, 343
Trd, 000148.517, 343
Trd, 000149.100, 344
Trd, 000150.100, 341.0
Trd, 000150.300, 344.0
Trd, 000150.850, 347
Trd, 000150.950, 341
Trd, 000152.167, 347.0
Trd, 000152.400, 350
Trd, 000152.833, 351
Trd, 000153.650, 357.0
Trd, 000153.700, 351.0
Trd, 000153.967, 348
Trd, 000154.733, 349
Trd, 000155.100, 347
Trd, 000155.483, 344
Trd, 000155.800, 347
Trd, 000156.050, 346
Trd, 000157.367, 341.0
Trd, 000157.633, 341.0
Trd, 000157.817, 344.0
Trd, 000158.450, 337.0
Trd, 000160.300, 345
Trd, 000161.150, 344
Trd, 000161.467, 345
Trd, 000162.683, 346
Trd, 000162.817, 348.0
Trd, 000163.450, 346
Trd, 000163.667, 344
Trd, 000164.033, 345
Trd, 000165.617, 345
Trd, 000166.217, 343.0
Trd, 000166.433, 348.0
Trd, 000166.983, 344.0
Trd, 000167.183, 341.0
Trd, 000168.033, 343
Trd, 000168.283, 343
Trd, 000168.550, 341
Trd, 000169.317, 345
Trd, 000169.917, 345
Trd, 000170.050, 341
Trd, 000172.033, 351.0
Trd, 000173.167, 345
Trd, 000173.350, 349
Trd, 000174.083, 343
Trd, 000174.533, 351
Trd, 000174.750, 358
Trd, 000176.400, 344.0
Trd, 000176.550, 341.0
Trd, 000176.583, 353
Trd, 000177.383, 349
Trd, 000177.483, 350
Trd, 000177.517, 339
Trd, 000178.500, 350
Trd, 000179.633, 343
Trd, 000179.733, 350
Trd, 000180.667, 350
Trd, 000181.067, 345
Trd, 000181.400, 341.0
Trd, 000181.633, 349
Trd, 000181.700, 340
Trd, 000181.917, 337.0
Trd, 000183.400, 330
Trd, 000183.900, 326
Trd, 000184.417, 276
Trd, 000184.450, 273
Trd, 000185.317, 225
Trd, 000185.650, 217
Trd, 000185.800, 211
Trd, 000185.833, 197
Trd, 000185.867, 186
Trd, 000185.983, 169
Trd, 000188.133, 181
Trd, 000188.750, 181
Trd, 000189.200, 174
Trd, 000189.417, 169
Trd, 000189.717, 178
Trd, 000190.183, 177
Trd, 000191.183, 169
Trd, 000191.533, 167
Trd, 000191.867, 163
Trd, 000193.817, 163
Trd, 000193.900, 165
Trd, 000194.283, 170
Trd, 000194.733, 166
Trd, 000194.933, 169
Trd, 000195.933, 166
Trd, 000196.400, 166
Trd, 000196.800, 165
Trd, 000197.083, 166
Trd, 000197.550, 169
Trd, 000197.950, 171
Trd, 000198.233, 182
Trd, 000198.617, 171
Trd, 000199.150, 169
Trd, 000200.983, 175
Trd, 000203.217, 173
Trd, 000204.300, 174
Trd, 000204.350, 172
Trd, 000204.650, 171
Trd, 000206.083, 171
Trd, 000206.167, 172
Trd, 000206.867, 172
Trd, 000207.467, 171
Trd, 000207.967, 169
Trd, 000208.650, 171
Trd, 000208.783, 172
Trd, 000209.967, 173
Trd, 000210.150, 174
Trd, 000210.233, 169
Trd, 000210.250, 168
Trd, 000211.367, 172
Trd, 000212.300, 170
Trd, 000213.083, 169
Trd, 000213.483, 179
Trd, 000214.533, 175
Trd, 000215.917, 184
Trd, 000216.217, 180
Trd, 000216.267, 177
Trd, 000216.483, 176
Trd, 000217.017, 182
Trd, 000218.983, 178
Trd, 000219.100, 182
Trd, 000220.067, 177
Trd, 000220.267, 173
Trd, 000220.983, 176
Trd, 000221.000, 174
Trd, 000221.350, 173
Trd, 000221.883, 170
Trd, 000222.133, 163
Trd, 000222.367, 152
Trd, 000223.100, 170
Trd, 000224.700, 165
Trd, 000225.283, 164
Trd, 000225.500, 165
Trd, 000225.700, 170
Trd, 000226.233, 169
Trd, 000226.767, 173
Trd, 000227.350, 180
Trd, 000228.083, 184
Trd, 000228.150, 169
Trd, 000228.750, 167
Trd, 000229.050, 175
Trd, 000229.150, 167
Trd, 000231.017, 172
Trd, 000232.583, 167
Trd, 000232.717, 171
Trd, 000232.900, 172
Trd, 000233.000, 173
Trd, 000233.400, 174
Trd, 000233.517, 185
Trd, 000233.633, 168
Trd, 000234.233, 166
Trd, 000234.717, 180
Trd, 000235.333, 174
Trd, 000237.883, 180
Trd, 000238.317, 180
Trd, 000239.767, 176
Trd, 000239.933, 175
Trd, 000240.750, 179
Trd, 000240.983, 178
Trd, 000241.033, 180
Trd, 000241.200, 177
Trd, 000241.633, 176
Trd, 000242.167, 175
Trd, 000242.450, 173
Trd, 000242.533, 175
Trd, 000242.833, 172
Trd, 000243.433, 169
Trd, 000243.650, 171
Trd, 000243.767, 174
Trd, 000244.200, 171
Trd, 000245.550, 171
Trd, 000245.733, 172
Trd, 000246.300, 170
Trd, 000246.450, 170
Trd, 000246.650, 168
Trd, 000246.933, 171
Trd, 000247.667, 172
Trd, 000247.817, 172
Trd, 000247.833, 175
Trd, 000248.300, 176
Trd, 000249.183, 172
Trd, 000249.783, 184
Trd, 000250.750, 181
Trd, 000250.833, 183
Trd, 000251.767, 181
Trd, 000252.050, 183
Trd, 000252.200, 180
Trd, 000252.250, 176
Trd, 000252.967, 181
Trd, 000253.667, 180
Trd, 000254.017, 178
Trd, 000254.233, 179
Trd, 000254.933, 179
Trd, 000255.033, 180
Trd, 000255.317, 181
Trd, 000255.517, 178
Trd, 000255.683, 177
Trd, 000255.967, 178
Trd, 000256.383, 174
Trd, 000256.683, 181
Trd, 000257.183, 179
Trd, 000257.750, 180
Trd, 000258.083, 187
Trd, 000258.667, 177
Trd, 000259.117, 177
Trd, 000259.683, 176
Trd, 000260.783, 180
Trd, 000260.983, 178
Trd, 000261.617, 182
Trd, 000262.033, 177
Trd, 000262.517, 176
Trd, 000262.617, 178
Trd, 000263.750, 177
Trd, 000264.367, 175
Trd, 000265.317, 174
Trd, 000265.333, 169
Trd, 000265.467, 171
Trd, 000265.700, 169
Trd, 000265.717, 170
Trd, 000265.833, 177
Trd, 000265.950, 178
Trd, 000265.967, 191
Trd, 000266.233, 175
Trd, 000266.267, 190
Trd, 000266.667, 170
Trd, 000268.017, 174
Trd, 000268.183, 189
Trd, 000268.783, 187
Trd, 000269.267, 183
Trd, 000269.350, 188
Trd, 000270.267, 177
Trd, 000271.050, 182
Trd, 000271.117, 180
Trd, 000271.283, 178
Trd, 000271.717, 187
Trd, 000272.933, 184
Trd, 000273.550, 179
Trd, 000274.350, 172
Trd, 000274.933, 180
Trd, 000275.183, 177
Trd, 000275.867, 175
Trd, 000275.883, 179
Trd, 000276.167, 183
Trd, 000276.600, 182
Trd, 000276.650, 184
Trd, 000276.733, 189
Trd, 000276.983, 175
Trd, 000277.150, 192
Trd, 000277.750, 193
Trd, 000277.933, 177
Trd, 000278.950, 172
Trd, 000278.967, 168
Trd, 000279.183, 165
Trd, 000279.283, 167
Trd, 000280.367, 184
Trd, 000280.567, 185
Trd, 000281.117, 177
Trd, 000281.417, 177
Trd, 000281.667, 176
Trd, 000281.867, 182
Trd, 000282.017, 183
Trd, 000283.083, 184
Trd, 000283.283, 186
Trd, 000283.550, 180
Trd, 000283.767, 189
Trd, 000284.883, 177
Trd, 000284.900, 184
Trd, 000285.167, 186
Trd, 000285.200, 176
Trd, 000285.350, 185
Trd, 000285.400, 178
Trd, 000286.367, 185
Trd, 000286.617, 169
Trd, 000287.167, 161
Trd, 000287.417, 173
Trd, 000287.783, 180
Trd, 000287.800, 177
Trd, 000288.383, 178
Trd, 000288.533, 190
Trd, 000289.233, 180
Trd, 000289.733, 182
Trd, 000290.033, 186
Trd, 000290.417, 192
Trd, 000290.517, 177
Trd, 000291.000, 185
Trd, 000291.100, 193
Trd, 000291.633, 190
Trd, 000291.983, 190
Trd, 000292.017, 186
Trd, 000292.033, 191
Trd, 000292.200, 180
Trd, 000293.017, 179
Trd, 000293.250, 177
Trd, 000293.383, 194
Trd, 000294.133, 195
Trd, 000294.300, 196
Trd, 000294.350, 197
Trd, 000295.583, 177
Trd, 000295.783, 196
Trd, 000296.000, 193
Trd, 000296.150, 173
Trd, 000296.800, 191
Trd, 000296.900, 180
Trd, 000298.083, 175
Trd, 000298.200, 174
Trd, 000298.550, 170
Trd, 000299.100, 177
Trd, 000299.483, 176
Trd, 000299.700, 184
