Trd, 000001.067, 158
Trd, 000001.950, 147
Trd, 000002.750, 144
Trd, 000003.367, 161
Trd, 000003.483, 149
Trd, 000004.183, 167
Trd, 000005.067, 152
Trd, 000005.350, 147
Trd, 000005.867, 140
Trd, 000006.317, 138
Trd, 000006.950, 154
Trd, 000007.567, 140
Trd, 000007.783, 144
Trd, 000008.117, 142
Trd, 000009.067, 142
Trd, 000009.150, 144
Trd, 000009.300, 139
Trd, 000009.850, 145
Trd, 000010.267, 148
Trd, 000010.783, 149
Trd, 000012.400, 145
Trd, 000012.433, 156
Trd, 000013.433, 159
Trd, 000013.533, 140
Trd, 000013.550, 159
Trd, 000014.100, 146
Trd, 000014.300, 163
Trd, 000015.300, 157
Trd, 000016.250, 150
Trd, 000017.000, 148
Trd, 000017.600, 149
Trd, 000017.800, 146
Trd, 000017.883, 151
Trd, 000018.783, 146
Trd, 000019.100, 145
Trd, 000019.317, 148
Trd, 000019.800, 146
Trd, 000019.983, 147
Trd, 000020.817, 146
Trd, 000021.083, 145
Trd, 000021.583, 146
Trd, 000023.283, 145
Trd, 000023.350, 150
Trd, 000024.400, 147
Trd, 000024.417, 150
Trd, 000024.950, 153
Trd, 000025.433, 152
Trd, 000026.050, 151
Trd, 000026.583, 148
Trd, 000026.767, 151
Trd, 000026.817, 148
Trd, 000027.533, 157
Trd, 000028.117, 153
Trd, 000029.517, 150
Trd, 000030.533, 150
Trd, 000031.017, 149
Trd, 000032.017, 150
Trd, 000032.183, 149
Trd, 000032.233, 151
Trd, 000032.367, 148
Trd, 000032.683, 150
Trd, 000033.150, 147
Trd, 000033.833, 149
Trd, 000033.917, 146
Trd, 000034.833, 154
Trd, 000034.867, 147
Trd, 000035.533, 147
Trd, 000035.750, 158
Trd, 000036.033, 149
Trd, 000036.083, 149
Trd, 000036.183, 161
Trd, 000038.633, 149
Trd, 000039.733, 151
Trd, 000040.367, 148
Trd, 000040.533, 148
Trd, 000040.600, 157
Trd, 000041.267, 156
Trd, 000041.433, 145
Trd, 000041.700, 159
Trd, 000042.700, 145
Trd, 000044.300, 148
Trd, 000044.800, 149
Trd, 000045.167, 149
Trd, 000045.300, 149
Trd, 000045.917, 147
Trd, 000046.533, 152
Trd, 000046.850, 148
Trd, 000047.067, 154
Trd, 000047.200, 155
Trd, 000047.267, 157
Trd, 000047.883, 143
Trd, 000048.417, 155
Trd, 000048.433, 149
Trd, 000048.917, 159
Trd, 000049.833, 159
Trd, 000051.250, 153
Trd, 000051.633, 158
Trd, 000053.200, 149
Trd, 000053.500, 160
Trd, 000054.567, 160
Trd, 000054.683, 161
Trd, 000055.050, 151
Trd, 000055.433, 151
Trd, 000056.100, 158
Trd, 000057.667, 156
Trd, 000057.683, 154
Trd, 000058.100, 153
Trd, 000058.550, 152
Trd, 000059.000, 152
Trd, 000059.467, 152
Trd, 000060.567, 149
Trd, 000060.683, 155
Trd, 000061.117, 143
Trd, 000062.033, 150
Trd, 000062.717, 154
Trd, 000063.450, 150
Trd, 000063.583, 154
Trd, 000063.600, 148
Trd, 000063.617, 146
Trd, 000064.417, 153
Trd, 000065.883, 148
Trd, 000066.550, 152
Trd, 000067.100, 151
Trd, 000067.667, 151
Trd, 000068.533, 152
Trd, 000068.783, 153
Trd, 000069.067, 151
Trd, 000069.233, 155
Trd, 000070.317, 153
Trd, 000070.567, 153
Trd, 000070.900, 153
Trd, 000071.667, 152
Trd, 000071.683, 154
Trd, 000071.800, 152
Trd, 000072.317, 162
Trd, 000073.117, 147
Trd, 000073.783, 147
Trd, 000075.733, 152
Trd, 000076.300, 151
Trd, 000077.317, 154
Trd, 000077.767, 152
Trd, 000078.250, 154
Trd, 000078.450, 153
Trd, 000078.833, 153
Trd, 000079.017, 153
Trd, 000079.200, 155
Trd, 000079.500, 152
Trd, 000080.183, 163
Trd, 000081.550, 153
Trd, 000081.667, 156
Trd, 000081.700, 152
Trd, 000082.400, 156
Trd, 000082.867, 156
Trd, 000083.567, 154
Trd, 000084.067, 157
Trd, 000084.183, 153
Trd, 000084.500, 152
Trd, 000084.783, 162
Trd, 000085.400, 163
Trd, 000086.217, 161
Trd, 000086.367, 153
Trd, 000088.250, 161
Trd, 000089.050, 156
Trd, 000089.317, 161
Trd, 000089.517, 162
Trd, 000089.617, 164
Trd, 000089.850, 166
Trd, 000090.367, 159
Trd, 000090.417, 157
Trd, 000091.817, 163
Trd, 000092.633, 162
Trd, 000092.733, 163
Trd, 000092.950, 164
Trd, 000093.000, 160
Trd, 000093.883, 160
Trd, 000094.567, 160
Trd, 000096.033, 160
Trd, 000096.550, 159
Trd, 000096.867, 162
Trd, 000097.267, 163
Trd, 000097.333, 158
Trd, 000097.433, 164
Trd, 000098.100, 168
Trd, 000098.600, 161
Trd, 000098.650, 168
Trd, 000099.117, 160
Trd, 000099.267, 160
Trd, 000101.333, 163
Trd, 000101.767, 164
Trd, 000101.900, 161
Trd, 000101.933, 164
Trd, 000102.583, 154
Trd, 000102.683, 154
Trd, 000102.867, 165
Trd, 000104.883, 159
Trd, 000105.917, 154
Trd, 000106.450, 154
Trd, 000106.617, 156
Trd, 000106.800, 152
Trd, 000106.900, 158
Trd, 000108.550, 157
Trd, 000108.733, 158
Trd, 000109.200, 155
Trd, 000109.400, 154
Trd, 000110.300, 155
Trd, 000111.667, 155
Trd, 000111.783, 156
Trd, 000111.967, 162
Trd, 000112.000, 169
Trd, 000112.333, 166
Trd, 000112.467, 155
Trd, 000112.833, 166
Trd, 000113.583, 155
Trd, 000114.183, 165
Trd, 000115.900, 160
Trd, 000116.900, 160
Trd, 000117.433, 164
Trd, 000117.533, 165
Trd, 000119.133, 160
Trd, 000119.183, 156
Trd, 000119.950, 161
Trd, 000120.617, 159
Trd, 000120.800, 158
Trd, 000120.950, 161
Trd, 000121.067, 162
Trd, 000121.467, 159
Trd, 000121.950, 161
Trd, 000122.433, 166
Trd, 000122.450, 166
Trd, 000122.950, 167
Trd, 000123.100, 174
Trd, 000123.383, 194
Trd, 000123.667, 212
Trd, 000124.100, 316
Trd, 000124.483, 317.0
Trd, 000124.967, 256
Trd, 000125.033, 331
Trd, 000125.967, 334
Trd, 000126.650, 332
Trd, 000127.883, 336.0
Trd, 000128.017, 337.0
Trd, 000128.117, 342
Trd, 000129.517, 344.0
Trd, 000129.933, 342
Trd, 000131.117, 344.0
Trd, 000131.200, 344
Trd, 000131.483, 341
Trd, 000131.967, 341
Trd, 000132.050, 349
Trd, 000132.533, 350
Trd, 000133.600, 351
Trd, 000134.083, 346
Trd, 000134.750, 344.0
Trd, 000135.183, 342
Trd, 000135.400, 346
Trd, 000135.817, 345
Trd, 000135.983, 343
Trd, 000138.400, 346
Trd, 000138.867, 343
Trd, 000139.500, 342
Trd, 000140.333, 344.0
Trd, 000140.467, 348
Trd, 000140.883, 339
Trd, 000141.333, 344.0
Trd, 000141.517, 340
Trd, 000141.817, 338
Trd, 000142.800, 337.0
Trd, 000143.783, 349
Trd, 000143.867, 345
Trd, 000144.133, 341
Trd, 000145.500, 340
Trd, 000145.567, 339
Trd, 000145.917, 340
Trd, 000146.267, 339
Trd, 000146.817, 337.0
Trd, 000147.033, 336
Trd, 000147.850, 339
Trd, 000148.033, 339
Trd, 000148.383, 337
Trd, 000149.567, 333
Trd, 000149.667, 338
Trd, 000149.767, 339
Trd, 000150.383, 340.0
Trd, 000150.500, 329
Trd, 000150.750, 340.0
Trd, 000150.867, 344.0
Trd, 000151.133, 329
Trd, 000151.750, 349
Trd, 000152.767, 354
Trd, 000153.083, 355
Trd, 000153.317, 338
Trd, 000153.683, 334
Trd, 000154.217, 347
Trd, 000154.267, 342
Trd, 000155.183, 344
Trd, 000155.450, 342
Trd, 000156.100, 340
Trd, 000156.150, 353
Trd, 000156.717, 352
Trd, 000157.267, 344.0
Trd, 000157.517, 354
Trd, 000158.583, 345
Trd, 000158.867, 354
Trd, 000158.917, 355
Trd, 000159.000, 362
Trd, 000159.233, 346
Trd, 000159.483, 356
Trd, 000159.950, 354
Trd, 000161.067, 353
Trd, 000161.667, 351
Trd, 000162.650, 352
Trd, 000163.117, 351
Trd, 000163.433, 353
Trd, 000164.267, 345
Trd, 000164.783, 347
Trd, 000165.000, 352
Trd, 000166.250, 344.0
Trd, 000166.433, 342
Trd, 000167.017, 346
Trd, 000167.150, 349
Trd, 000168.000, 346
Trd, 000168.850, 346
Trd, 000169.400, 353
Trd, 000169.633, 351
Trd, 000170.233, 344
Trd, 000170.367, 344.0
Trd, 000170.667, 341
Trd, 000171.633, 346
Trd, 000172.650, 344.0
Trd, 000173.083, 341
Trd, 000173.517, 341
Trd, 000173.900, 338
Trd, 000174.333, 350
Trd, 000175.000, 345.0
Trd, 000176.200, 350
Trd, 000177.467, 345
Trd, 000177.933, 344
Trd, 000178.633, 344.0
Trd, 000179.733, 342
Trd, 000180.017, 342
Trd, 000180.317, 341
Trd, 000180.500, 341
Trd, 000180.567, 348
Trd, 000181.083, 349
Trd, 000182.917, 342
Trd, 000183.000, 344
Trd, 000183.150, 338
Trd, 000183.300, 337.0
Trd, 000183.767, 183
Trd, 000183.850, 185
Trd, 000183.933, 177
Trd, 000184.167, 162
Trd, 000184.850, 196
Trd, 000185.050, 166
Trd, 000188.617, 159
Trd, 000188.750, 163
Trd, 000188.817, 156
Trd, 000189.100, 166
Trd, 000189.133, 177
Trd, 000189.283, 153
Trd, 000191.233, 158
Trd, 000191.467, 159
Trd, 000192.117, 161
Trd, 000192.867, 163
Trd, 000193.383, 157
Trd, 000194.350, 157
Trd, 000194.367, 158
Trd, 000194.533, 157
Trd, 000194.867, 160
Trd, 000196.000, 160
Trd, 000196.283, 157
Trd, 000196.567, 169
Trd, 000198.350, 164
Trd, 000198.383, 168
Trd, 000198.683, 164
Trd, 000198.833, 157
Trd, 000199.017, 178
Trd, 000199.533, 181
Trd, 000199.633, 194
Trd, 000199.767, 163
Trd, 000200.383, 165
Trd, 000202.550, 166
Trd, 000202.833, 165
Trd, 000203.033, 164
Trd, 000203.467, 165
Trd, 000203.817, 168
Trd, 000204.067, 167
Trd, 000205.633, 163
Trd, 000205.717, 154
Trd, 000205.950, 161
Trd, 000206.333, 165
Trd, 000206.650, 166
Trd, 000206.767, 167
Trd, 000207.850, 165
Trd, 000208.133, 165
Trd, 000208.583, 156
Trd, 000209.667, 162
Trd, 000211.150, 162
Trd, 000211.250, 166
Trd, 000211.283, 169
Trd, 000211.650, 161
Trd, 000211.900, 161
Trd, 000212.217, 174
Trd, 000213.117, 171
Trd, 000214.217, 171
Trd, 000214.267, 172
Trd, 000214.600, 165
Trd, 000215.417, 164
Trd, 000216.183, 170
Trd, 000216.200, 172
Trd, 000217.317, 173
Trd, 000218.117, 170
Trd, 000218.350, 168
Trd, 000219.450, 167
Trd, 000219.750, 166
Trd, 000220.383, 165
Trd, 000220.400, 166
Trd, 000220.883, 171
Trd, 000221.367, 166
Trd, 000221.883, 174
Trd, 000222.217, 177
Trd, 000223.067, 173
Trd, 000223.300, 180
Trd, 000224.217, 166
Trd, 000225.767, 174
Trd, 000226.533, 166
Trd, 000227.150, 166
Trd, 000227.367, 165
Trd, 000227.433, 166
Trd, 000227.533, 167
Trd, 000229.033, 164
Trd, 000229.617, 171
Trd, 000229.667, 171
Trd, 000231.783, 169
Trd, 000232.433, 168
Trd, 000232.600, 167
Trd, 000233.000, 171
Trd, 000233.300, 171
Trd, 000234.500, 167
Trd, 000235.233, 167
Trd, 000235.467, 170
Trd, 000235.633, 171
Trd, 000236.750, 169
Trd, 000237.083, 168
Trd, 000238.433, 170
Trd, 000238.900, 174
Trd, 000239.100, 173
Trd, 000239.483, 174
Trd, 000239.933, 170
Trd, 000240.300, 178
Trd, 000240.533, 170
Trd, 000241.800, 170
Trd, 000241.850, 173
Trd, 000242.200, 174
Trd, 000243.000, 173
Trd, 000243.233, 179
Trd, 000244.350, 179
Trd, 000244.500, 175
Trd, 000244.583, 181
Trd, 000244.700, 174
Trd, 000245.117, 175
Trd, 000245.483, 175
Trd, 000245.850, 174
Trd, 000246.017, 176
Trd, 000246.650, 176
Trd, 000247.050, 174
Trd, 000247.433, 173
Trd, 000247.483, 176
Trd, 000247.933, 175
Trd, 000248.200, 171
Trd, 000248.783, 169
Trd, 000249.017, 168
Trd, 000249.533, 171
Trd, 000250.383, 169
Trd, 000250.483, 172
Trd, 000251.033, 170
Trd, 000251.233, 173
Trd, 000251.433, 168
Trd, 000251.867, 180
Trd, 000252.083, 172
Trd, 000252.167, 171
Trd, 000252.950, 176
Trd, 000253.183, 190
Trd, 000253.650, 188
Trd, 000254.733, 184
Trd, 000255.017, 183
Trd, 000255.333, 184
Trd, 000255.950, 183
Trd, 000256.267, 184
Trd, 000256.483, 185
Trd, 000257.650, 182
Trd, 000258.017, 184
Trd, 000258.217, 181
Trd, 000259.150, 184
Trd, 000259.267, 184
Trd, 000259.483, 184
Trd, 000259.850, 186
Trd, 000260.050, 182
Trd, 000261.200, 181
Trd, 000261.700, 184
Trd, 000262.067, 180
Trd, 000262.083, 180
Trd, 000262.117, 185
Trd, 000262.600, 177
Trd, 000262.983, 178
Trd, 000263.017, 180
Trd, 000263.300, 177
Trd, 000263.883, 177
Trd, 000264.283, 180
Trd, 000264.583, 181
Trd, 000266.500, 177
Trd, 000267.333, 177
Trd, 000267.467, 177
Trd, 000268.317, 178
Trd, 000268.483, 185
Trd, 000268.883, 179
Trd, 000269.417, 182
Trd, 000269.517, 182
Trd, 000269.700, 178
Trd, 000270.783, 178
Trd, 000271.017, 177
Trd, 000271.450, 176
Trd, 000271.650, 176
Trd, 000271.833, 175
Trd, 000272.733, 175
Trd, 000272.750, 176
Trd, 000273.033, 175
Trd, 000273.067, 178
Trd, 000273.700, 180
Trd, 000273.767, 174
Trd, 000274.200, 175
Trd, 000274.883, 179
Trd, 000275.883, 178
Trd, 000275.917, 175
Trd, 000276.300, 174
Trd, 000276.617, 174
Trd, 000276.700, 176
Trd, 000276.967, 176
Trd, 000277.067, 174
Trd, 000277.683, 183
Trd, 000278.300, 183
Trd, 000278.517, 181
Trd, 000278.733, 185
Trd, 000278.967, 185
Trd, 000279.483, 195
Trd, 000280.133, 186
Trd, 000281.117, 187
Trd, 000282.033, 185
Trd, 000282.283, 184
Trd, 000282.333, 184
Trd, 000282.767, 183
Trd, 000283.050, 184
Trd, 000283.200, 181
Trd, 000283.367, 176
Trd, 000283.650, 186
Trd, 000284.583, 179
Trd, 000285.050, 179
Trd, 000286.000, 178
Trd, 000286.417, 179
Trd, 000286.817, 180
Trd, 000287.200, 180
Trd, 000287.367, 177
Trd, 000287.400, 176
Trd, 000287.450, 176
Trd, 000287.933, 173
Trd, 000288.283, 182
Trd, 000288.467, 183
Trd, 000288.600, 177
Trd, 000289.083, 170
Trd, 000289.150, 170
Trd, 000289.233, 178
Trd, 000289.500, 187
Trd, 000289.933, 191
Trd, 000290.567, 188
Trd, 000291.017, 187
Trd, 000291.467, 195
Trd, 000291.733, 194
Trd, 000292.067, 197
Trd, 000292.983, 183
Trd, 000293.100, 197
Trd, 000293.267, 180
Trd, 000294.467, 177
Trd, 000294.567, 175
Trd, 000295.183, 176
Trd, 000295.367, 178
Trd, 000296.267, 180
Trd, 000296.533, 177
Trd, 000296.567, 174
Trd, 000297.633, 180
Trd, 000297.883, 184
Trd, 000298.017, 180
Trd, 000298.150, 178
Trd, 000298.250, 188
Trd, 000299.833, 178
