Trd, 000002.200, 160
Trd, 000002.417, 159
Trd, 000003.983, 172
Trd, 000004.300, 161
Trd, 000004.783, 172
Trd, 000005.283, 162
Trd, 000006.017, 158
Trd, 000006.100, 155
Trd, 000007.017, 165
Trd, 000007.233, 151
Trd, 000008.533, 151
Trd, 000009.367, 163
Trd, 000009.567, 159
Trd, 000010.433, 161
Trd, 000010.783, 162
Trd, 000010.917, 161
Trd, 000011.533, 160
Trd, 000012.750, 159
Trd, 000014.067, 157
Trd, 000014.517, 156
Trd, 000014.533, 152
Trd, 000014.550, 158
Trd, 000014.650, 146
Trd, 000015.033, 143
Trd, 000015.600, 158
Trd, 000016.300, 126
Trd, 000017.350, 122
Trd, 000018.683, 149
Trd, 000018.883, 151
Trd, 000019.150, 150
Trd, 000019.900, 146
Trd, 000020.083, 145
Trd, 000020.833, 161
Trd, 000020.917, 158
Trd, 000021.200, 157
Trd, 000022.383, 153
Trd, 000022.983, 157
Trd, 000023.500, 143
Trd, 000023.783, 157
Trd, 000023.867, 157
Trd, 000024.150, 164
Trd, 000024.850, 161
Trd, 000024.883, 167
Trd, 000025.317, 160
Trd, 000026.000, 159
Trd, 000026.167, 156
Trd, 000026.783, 162
Trd, 000028.583, 158
Trd, 000028.933, 159
Trd, 000028.950, 161
Trd, 000030.117, 159
Trd, 000030.600, 160
Trd, 000030.917, 161
Trd, 000031.367, 160
Trd, 000031.683, 158
Trd, 000031.950, 152
Trd, 000032.150, 161
Trd, 000032.383, 166
Trd, 000032.467, 154
Trd, 000033.100, 168
Trd, 000033.950, 158
Trd, 000034.050, 156
Trd, 000035.750, 155
Trd, 000036.017, 155
Trd, 000036.300, 157
Trd, 000036.600, 146
Trd, 000036.767, 148
Trd, 000037.267, 158
Trd, 000037.300, 145
Trd, 000039.367, 151
Trd, 000039.900, 153
Trd, 000039.950, 154
Trd, 000041.217, 145
Trd, 000042.800, 142
Trd, 000043.567, 144
Trd, 000043.683, 145
Trd, 000043.833, 145
Trd, 000044.233, 133
Trd, 000044.383, 139
Trd, 000044.783, 146
Trd, 000044.967, 133
Trd, 000045.100, 127
Trd, 000046.167, 152
Trd, 000046.567, 129
Trd, 000047.450, 145
Trd, 000047.600, 145
Trd, 000047.650, 153
Trd, 000049.267, 159
Trd, 000049.317, 158
Trd, 000049.967, 148
Trd, 000050.550, 154
Trd, 000050.583, 128
Trd, 000050.967, 160
Trd, 000051.200, 166
Trd, 000051.500, 126
Trd, 000052.667, 154
Trd, 000053.833, 150
Trd, 000053.917, 155
Trd, 000053.950, 148
Trd, 000054.867, 148
Trd, 000055.033, 159
Trd, 000055.817, 153
Trd, 000056.083, 160
Trd, 000056.267, 147
Trd, 000057.017, 167
Trd, 000057.300, 170
Trd, 000058.433, 127
Trd, 000058.583, 140
Trd, 000059.050, 139
Trd, 000059.833, 148
Trd, 000060.050, 149
Trd, 000060.117, 154
Trd, 000060.917, 161
Trd, 000061.650, 145
Trd, 000061.983, 151
Trd, 000062.550, 169
Trd, 000063.617, 167
Trd, 000064.367, 169
Trd, 000064.767, 155
Trd, 000064.800, 153
Trd, 000065.200, 157
Trd, 000065.967, 166
Trd, 000066.533, 157
Trd, 000066.683, 148
Trd, 000067.117, 139
Trd, 000067.833, 157
Trd, 000068.350, 158
Trd, 000068.667, 133
Trd, 000068.933, 157
Trd, 000069.350, 161
Trd, 000069.550, 168
Trd, 000070.883, 165
Trd, 000071.900, 159
Trd, 000072.000, 169
Trd, 000072.417, 159
Trd, 000073.050, 159
Trd, 000073.800, 165
Trd, 000074.900, 162
Trd, 000074.933, 159
Trd, 000076.017, 160
Trd, 000076.200, 161
Trd, 000077.033, 161
Trd, 000077.450, 160
Trd, 000077.850, 161
Trd, 000079.083, 160
Trd, 000079.117, 159
Trd, 000079.317, 161
Trd, 000080.033, 161
Trd, 000080.200, 162
Trd, 000080.817, 156
Trd, 000081.517, 149
Trd, 000082.183, 157
Trd, 000082.533, 131
Trd, 000083.217, 154
Trd, 000083.650, 157
Trd, 000083.767, 156
Trd, 000083.900, 158
Trd, 000084.000, 151
Trd, 000084.117, 163
Trd, 000084.683, 150
Trd, 000086.117, 158
Trd, 000087.033, 156
Trd, 000087.600, 152
Trd, 000088.250, 156
Trd, 000088.583, 156
Trd, 000088.783, 150
Trd, 000089.083, 157
Trd, 000089.900, 150
Trd, 000090.000, 156
Trd, 000091.233, 156
Trd, 000091.250, 153
Trd, 000091.683, 161
Trd, 000091.850, 170
Trd, 000092.150, 160
Trd, 000093.917, 167
Trd, 000094.033, 170
Trd, 000095.250, 169
Trd, 000095.317, 167
Trd, 000096.617, 167
Trd, 000096.883, 165
Trd, 000096.950, 165
Trd, 000097.050, 160
Trd, 000097.883, 167
Trd, 000097.983, 168
Trd, 000098.233, 150
Trd, 000098.667, 132
Trd, 000098.883, 134
Trd, 000099.000, 141
Trd, 000101.700, 172
Trd, 000101.750, 175
Trd, 000102.367, 161
Trd, 000102.900, 162
Trd, 000102.950, 154
Trd, 000102.983, 164
Trd, 000103.367, 165
Trd, 000103.683, 168
Trd, 000104.917, 165
Trd, 000106.067, 163
Trd, 000106.567, 161
Trd, 000107.317, 166
Trd, 000108.000, 164
Trd, 000108.233, 167
Trd, 000108.483, 151
Trd, 000108.683, 162
Trd, 000109.167, 165
Trd, 000110.317, 158
Trd, 000110.400, 163
Trd, 000110.833, 163
Trd, 000111.583, 171
Trd, 000112.950, 159
Trd, 000114.083, 165
Trd, 000114.150, 166
Trd, 000114.617, 173
Trd, 000116.333, 165
Trd, 000116.350, 167
Trd, 000116.483, 163
Trd, 000116.733, 162
Trd, 000117.100, 161
Trd, 000117.300, 152
Trd, 000117.433, 157
Trd, 000117.683, 165
Trd, 000118.217, 160
Trd, 000119.933, 170
Trd, 000120.433, 161
Trd, 000120.650, 172
Trd, 000120.683, 173
Trd, 000121.600, 172
Trd, 000121.800, 171
Trd, 000121.833, 176
Trd, 000122.000, 177
Trd, 000122.867, 187
Trd, 000123.033, 197
Trd, 000123.050, 201
Trd, 000123.100, 212
Trd, 000123.983, 254
Trd, 000125.217, 313.0
Trd, 000125.500, 320.0
Trd, 000126.333, 322
Trd, 000126.450, 322.0
Trd, 000128.033, 313.0
Trd, 000128.567, 317
Trd, 000128.950, 320
Trd, 000129.067, 324.0
Trd, 000129.667, 331.0
Trd, 000129.917, 350
Trd, 000130.150, 324
Trd, 000131.717, 351.0
Trd, 000131.867, 354.0
Trd, 000133.217, 337
Trd, 000133.317, 338
Trd, 000134.567, 337
Trd, 000135.617, 346
Trd, 000135.967, 341
Trd, 000136.483, 347
Trd, 000136.600, 348
Trd, 000136.633, 338
Trd, 000137.467, 351.0
Trd, 000137.483, 336
Trd, 000137.883, 360
Trd, 000138.433, 358
Trd, 000138.500, 358.0
Trd, 000139.483, 344
Trd, 000140.233, 342.0
Trd, 000140.800, 354
Trd, 000141.283, 354
Trd, 000142.167, 353
Trd, 000142.283, 354
Trd, 000143.133, 351.0
Trd, 000144.200, 358.0
Trd, 000144.567, 355.0
Trd, 000145.367, 343
Trd, 000146.433, 352
Trd, 000147.600, 345.0
Trd, 000147.683, 352
Trd, 000148.083, 345.0
Trd, 000150.067, 349
Trd, 000150.717, 344
Trd, 000150.867, 346
Trd, 000150.933, 348
Trd, 000151.217, 348
Trd, 000151.333, 345
Trd, 000152.267, 345
Trd, 000152.317, 346
Trd, 000153.183, 344
Trd, 000153.333, 343
Trd, 000154.183, 342.0
Trd, 000154.433, 341.0
Trd, 000154.483, 349
Trd, 000154.800, 355.0
Trd, 000156.800, 342
Trd, 000157.433, 354
Trd, 000158.267, 347
Trd, 000158.433, 322
Trd, 000158.617, 348
Trd, 000159.250, 346
Trd, 000159.500, 324.0
Trd, 000159.517, 347
Trd, 000159.767, 321
Trd, 000160.033, 349
Trd, 000160.183, 355.0
Trd, 000160.817, 331
Trd, 000162.050, 331
Trd, 000162.667, 332
Trd, 000163.317, 340
Trd, 000164.217, 334
Trd, 000164.867, 343
Trd, 000164.967, 347
Trd, 000165.400, 348
Trd, 000165.567, 335
Trd, 000165.600, 336
Trd, 000166.583, 345
Trd, 000167.283, 348
Trd, 000167.800, 326
Trd, 000168.850, 345
Trd, 000169.217, 345
Trd, 000169.383, 355.0
Trd, 000169.650, 331
Trd, 000169.750, 330
Trd, 000170.333, 362
Trd, 000170.417, 362
Trd, 000171.267, 354.0
Trd, 000171.433, 353.0
Trd, 000173.033, 353
Trd, 000173.267, 351.0
Trd, 000173.433, 330
Trd, 000173.483, 361
Trd, 000174.000, 324
Trd, 000174.300, 349
Trd, 000174.400, 349
Trd, 000175.100, 355.0
Trd, 000177.083, 354
Trd, 000177.467, 355
Trd, 000177.900, 351.0
Trd, 000178.233, 347
Trd, 000178.650, 347
Trd, 000179.083, 353
Trd, 000180.100, 354
Trd, 000180.117, 351.0
Trd, 000180.517, 350
Trd, 000181.300, 345.0
Trd, 000181.917, 341.0
Trd, 000182.217, 323
Trd, 000182.533, 305
Trd, 000182.783, 301
Trd, 000183.067, 299
Trd, 000183.100, 279
Trd, 000183.400, 353
Trd, 000183.417, 276
Trd, 000184.033, 337
Trd, 000184.867, 246
Trd, 000185.233, 204
Trd, 000185.350, 190
Trd, 000185.517, 205
Trd, 000185.617, 176
Trd, 000187.183, 180
Trd, 000187.283, 174
Trd, 000189.017, 176
Trd, 000189.067, 181
Trd, 000189.467, 174
Trd, 000190.150, 177
Trd, 000191.100, 176
Trd, 000191.367, 176
Trd, 000191.617, 174
Trd, 000191.717, 178
Trd, 000192.033, 171
Trd, 000192.417, 177
Trd, 000192.550, 181
Trd, 000192.917, 177
Trd, 000193.517, 175
Trd, 000194.767, 174
Trd, 000196.017, 170
Trd, 000196.700, 160
Trd, 000197.133, 173
Trd, 000197.250, 175
Trd, 000197.267, 141
Trd, 000199.883, 144
Trd, 000199.983, 167
Trd, 000200.417, 144
Trd, 000200.483, 168
Trd, 000200.700, 168
Trd, 000201.967, 170
Trd, 000202.867, 175
Trd, 000202.983, 160
Trd, 000203.017, 146
Trd, 000204.250, 172
Trd, 000204.417, 171
Trd, 000204.650, 187
Trd, 000205.217, 156
Trd, 000205.767, 172
Trd, 000205.817, 176
Trd, 000206.183, 182
Trd, 000206.533, 157
Trd, 000208.500, 176
Trd, 000209.050, 176
Trd, 000209.517, 172
Trd, 000209.867, 177
Trd, 000210.450, 177
Trd, 000210.850, 179
Trd, 000211.033, 165
Trd, 000212.167, 174
Trd, 000212.283, 145
Trd, 000212.400, 177
Trd, 000213.500, 180
Trd, 000213.600, 179
Trd, 000214.717, 176
Trd, 000214.883, 172
Trd, 000215.067, 175
Trd, 000216.633, 179
Trd, 000217.117, 177
Trd, 000217.317, 181
Trd, 000217.917, 172
Trd, 000218.683, 175
Trd, 000219.100, 174
Trd, 000219.817, 173
Trd, 000220.400, 170
Trd, 000220.700, 160
Trd, 000222.233, 165
Trd, 000222.750, 170
Trd, 000223.067, 164
Trd, 000223.150, 171
Trd, 000223.367, 163
Trd, 000225.033, 171
Trd, 000225.433, 171
Trd, 000225.867, 167
Trd, 000225.950, 166
Trd, 000226.200, 176
Trd, 000226.883, 145
Trd, 000227.150, 176
Trd, 000227.433, 142
Trd, 000228.317, 175
Trd, 000228.983, 155
Trd, 000229.517, 175
Trd, 000229.883, 144
Trd, 000229.950, 173
Trd, 000230.067, 177
Trd, 000230.617, 164
Trd, 000231.433, 165
Trd, 000231.900, 184
Trd, 000232.000, 174
Trd, 000233.150, 177
Trd, 000233.250, 198
Trd, 000233.300, 168
Trd, 000233.817, 169
Trd, 000234.150, 169
Trd, 000234.183, 178
Trd, 000235.150, 171
Trd, 000236.183, 181
Trd, 000236.317, 170
Trd, 000237.133, 178
Trd, 000238.417, 173
Trd, 000239.933, 174
Trd, 000240.250, 171
Trd, 000240.617, 167
Trd, 000241.083, 172
Trd, 000241.300, 174
Trd, 000241.783, 174
Trd, 000241.817, 175
Trd, 000242.217, 173
Trd, 000242.383, 174
Trd, 000242.517, 175
Trd, 000242.667, 173
Trd, 000243.617, 172
Trd, 000243.867, 179
Trd, 000244.250, 179
Trd, 000244.517, 181
Trd, 000244.567, 176
Trd, 000244.783, 175
Trd, 000246.467, 179
Trd, 000246.533, 176
Trd, 000246.583, 174
Trd, 000246.933, 178
Trd, 000247.300, 182
Trd, 000247.667, 174
Trd, 000247.683, 182
Trd, 000247.717, 183
Trd, 000250.017, 182
Trd, 000250.850, 180
Trd, 000251.200, 176
Trd, 000252.350, 173
Trd, 000253.150, 174
Trd, 000253.383, 173
Trd, 000253.783, 169
Trd, 000253.933, 176
Trd, 000254.817, 172
Trd, 000255.133, 171
Trd, 000255.217, 173
Trd, 000255.600, 161
Trd, 000255.733, 173
Trd, 000255.933, 172
Trd, 000256.150, 176
Trd, 000256.300, 180
Trd, 000257.000, 177
Trd, 000257.317, 163
Trd, 000257.767, 175
Trd, 000258.167, 169
Trd, 000258.283, 179
Trd, 000258.383, 180
Trd, 000258.950, 172
Trd, 000259.250, 177
Trd, 000260.417, 176
Trd, 000260.750, 169
Trd, 000261.450, 174
Trd, 000261.533, 175
Trd, 000262.350, 180
Trd, 000263.250, 181
Trd, 000263.400, 179
Trd, 000263.833, 180
Trd, 000264.283, 184
Trd, 000264.567, 181
Trd, 000264.667, 184
Trd, 000265.517, 181
Trd, 000266.333, 180
Trd, 000266.567, 177
Trd, 000266.650, 176
Trd, 000266.967, 181
Trd, 000267.733, 175
Trd, 000268.467, 178
Trd, 000269.383, 175
Trd, 000269.650, 180
Trd, 000270.400, 182
Trd, 000270.767, 181
Trd, 000271.067, 178
Trd, 000271.333, 170
Trd, 000271.483, 168
Trd, 000272.300, 164
Trd, 000272.517, 167
Trd, 000272.950, 172
Trd, 000274.367, 170
Trd, 000274.783, 170
Trd, 000275.483, 170
Trd, 000275.700, 169
Trd, 000275.800, 171
Trd, 000276.250, 172
Trd, 000276.617, 168
Trd, 000276.850, 173
Trd, 000276.983, 168
Trd, 000277.067, 175
Trd, 000278.133, 179
Trd, 000278.233, 158
Trd, 000278.833, 188
Trd, 000279.050, 189
Trd, 000279.133, 167
Trd, 000279.433, 193
Trd, 000280.150, 187
Trd, 000281.333, 187
Trd, 000281.700, 180
Trd, 000281.867, 179
Trd, 000282.100, 183
Trd, 000282.500, 178
Trd, 000282.650, 176
Trd, 000282.800, 184
Trd, 000283.367, 183
Trd, 000283.867, 184
Trd, 000284.150, 185
Trd, 000284.200, 184
Trd, 000285.183, 184
Trd, 000285.717, 177
Trd, 000286.000, 174
Trd, 000286.067, 185
Trd, 000286.650, 186
Trd, 000287.667, 179
Trd, 000287.683, 180
Trd, 000288.100, 185
Trd, 000288.250, 184
Trd, 000289.000, 176
Trd, 000289.683, 177
Trd, 000289.717, 180
Trd, 000289.783, 180
Trd, 000290.250, 176
Trd, 000290.283, 177
Trd, 000290.483, 169
Trd, 000290.767, 180
Trd, 000291.817, 163
Trd, 000292.900, 163
Trd, 000293.300, 165
Trd, 000293.450, 185
Trd, 000294.250, 177
Trd, 000294.750, 179
Trd, 000294.883, 180
Trd, 000295.500, 179
Trd, 000295.850, 180
Trd, 000295.900, 184
Trd, 000296.100, 182
Trd, 000296.600, 181
Trd, 000296.650, 179
Trd, 000297.500, 181
Trd, 000297.917, 187
Trd, 000298.183, 184
Trd, 000298.317, 191
Trd, 000299.617, 195
Trd, 000299.633, 184
