Trd, 000001.417, 170
Trd, 000001.700, 162
Trd, 000002.417, 105
Trd, 000003.250, 141
Trd, 000004.917, 139
Trd, 000004.967, 133
Trd, 000005.167, 141
Trd, 000005.350, 146
Trd, 000005.583, 147
Trd, 000006.217, 125
Trd, 000007.133, 147
Trd, 000007.283, 142
Trd, 000008.100, 142
Trd, 000008.150, 148
Trd, 000009.067, 144
Trd, 000010.033, 148
Trd, 000010.367, 149
Trd, 000011.250, 148
Trd, 000011.617, 148
Trd, 000011.800, 148
Trd, 000012.033, 149
Trd, 000012.983, 147
Trd, 000013.133, 146
Trd, 000013.200, 157
Trd, 000013.300, 163
Trd, 000014.667, 152
Trd, 000016.033, 153
Trd, 000016.433, 153
Trd, 000016.450, 146
Trd, 000016.567, 148
Trd, 000018.017, 148
Trd, 000018.500, 135
Trd, 000018.683, 135
Trd, 000019.067, 143
Trd, 000019.133, 150
Trd, 000020.150, 153
Trd, 000020.200, 152
Trd, 000020.283, 151
Trd, 000021.200, 151
Trd, 000021.467, 154
Trd, 000022.283, 155
Trd, 000022.583, 151
Trd, 000022.800, 156
Trd, 000022.817, 150
Trd, 000023.700, 150
Trd, 000023.767, 143
Trd, 000024.017, 139
Trd, 000024.633, 151
Trd, 000025.467, 150
Trd, 000026.467, 150
Trd, 000026.867, 150
Trd, 000027.067, 146
Trd, 000027.367, 151
Trd, 000027.550, 151
Trd, 000029.300, 147
Trd, 000029.683, 149
Trd, 000029.700, 151
Trd, 000031.300, 150
Trd, 000031.783, 147
Trd, 000031.817, 151
Trd, 000031.950, 152
Trd, 000032.050, 157
Trd, 000032.200, 151
Trd, 000033.117, 152
Trd, 000033.933, 147
Trd, 000034.183, 144
Trd, 000034.483, 142
Trd, 000034.833, 142
Trd, 000035.717, 141
Trd, 000036.300, 140
Trd, 000036.617, 144
Trd, 000036.717, 127
Trd, 000037.617, 114
Trd, 000037.633, 143
Trd, 000037.650, 154
Trd, 000038.317, 145
Trd, 000039.150, 155
Trd, 000039.767, 125
Trd, 000040.200, 157
Trd, 000040.267, 159
Trd, 000040.567, 135
Trd, 000040.933, 144
Trd, 000041.300, 144
Trd, 000041.667, 145
Trd, 000041.883, 150
Trd, 000042.300, 144
Trd, 000042.717, 150
Trd, 000042.750, 152
Trd, 000043.317, 159
Trd, 000043.767, 144
Trd, 000044.500, 144
Trd, 000044.733, 145
Trd, 000045.333, 144
Trd, 000046.700, 146
Trd, 000046.783, 125
Trd, 000047.750, 145
Trd, 000047.833, 145
Trd, 000048.383, 142
Trd, 000049.150, 145
Trd, 000049.183, 146
Trd, 000049.900, 146
Trd, 000050.383, 144
Trd, 000050.567, 146
Trd, 000050.633, 147
Trd, 000050.950, 153
Trd, 000052.433, 154
Trd, 000052.550, 153
Trd, 000053.267, 155
Trd, 000053.783, 156
Trd, 000054.200, 159
Trd, 000054.433, 160
Trd, 000055.300, 157
Trd, 000055.350, 157
Trd, 000055.483, 160
Trd, 000056.383, 157
Trd, 000056.683, 160
Trd, 000057.600, 157
Trd, 000057.917, 156
Trd, 000058.250, 158
Trd, 000058.667, 155
Trd, 000058.850, 154
Trd, 000059.450, 146
Trd, 000059.767, 139
Trd, 000059.933, 150
Trd, 000060.683, 147
Trd, 000061.250, 152
Trd, 000062.233, 150
Trd, 000062.500, 151
Trd, 000063.133, 157
Trd, 000063.167, 148
Trd, 000064.200, 157
Trd, 000064.283, 148
Trd, 000064.600, 158
Trd, 000066.133, 154
Trd, 000066.267, 150
Trd, 000067.233, 151
Trd, 000067.283, 152
Trd, 000067.550, 152
Trd, 000067.667, 154
Trd, 000068.200, 147
Trd, 000068.250, 148
Trd, 000068.333, 133
Trd, 000068.967, 152
Trd, 000069.000, 155
Trd, 000069.417, 129
Trd, 000069.633, 165
Trd, 000070.700, 151
Trd, 000071.350, 157
Trd, 000071.550, 158
Trd, 000071.633, 166
Trd, 000071.750, 152
Trd, 000072.267, 165
Trd, 000073.150, 157
Trd, 000073.367, 155
Trd, 000074.583, 158
Trd, 000074.833, 158
Trd, 000074.883, 158
Trd, 000075.333, 158
Trd, 000075.350, 157
Trd, 000075.750, 156
Trd, 000077.200, 158
Trd, 000078.617, 158
Trd, 000079.467, 158
Trd, 000079.883, 158
Trd, 000079.950, 158
Trd, 000080.033, 157
Trd, 000080.217, 155
Trd, 000080.383, 149
Trd, 000081.417, 152
Trd, 000081.933, 151
Trd, 000082.533, 150
Trd, 000082.733, 154
Trd, 000084.467, 154
Trd, 000084.733, 151
Trd, 000085.017, 150
Trd, 000085.167, 154
Trd, 000085.567, 149
Trd, 000086.917, 154
Trd, 000087.583, 154
Trd, 000087.700, 154
Trd, 000088.133, 155
Trd, 000088.283, 151
Trd, 000088.600, 156
Trd, 000089.633, 150
Trd, 000089.983, 156
Trd, 000090.617, 150
Trd, 000090.700, 154
Trd, 000091.267, 154
Trd, 000091.800, 154
Trd, 000092.283, 155
Trd, 000092.517, 155
Trd, 000092.583, 156
Trd, 000093.417, 153
Trd, 000094.117, 152
Trd, 000095.033, 152
Trd, 000095.150, 156
Trd, 000096.033, 157
Trd, 000096.050, 157
Trd, 000096.700, 159
Trd, 000096.833, 155
Trd, 000097.100, 154
Trd, 000097.183, 160
Trd, 000097.483, 165
Trd, 000098.167, 154
Trd, 000099.050, 158
Trd, 000101.083, 157
Trd, 000102.133, 154
Trd, 000102.217, 153
Trd, 000102.583, 155
Trd, 000102.717, 156
Trd, 000103.083, 155
Trd, 000103.400, 157
Trd, 000103.867, 158
Trd, 000104.550, 155
Trd, 000104.567, 158
Trd, 000104.583, 161
Trd, 000105.317, 154
Trd, 000106.433, 154
Trd, 000106.733, 155
Trd, 000106.933, 152
Trd, 000107.800, 156
Trd, 000108.783, 152
Trd, 000109.033, 167
Trd, 000109.133, 168
Trd, 000109.317, 169
Trd, 000110.317, 167
Trd, 000111.217, 162
Trd, 000111.267, 152
Trd, 000111.567, 161
Trd, 000112.600, 161
Trd, 000113.150, 162
Trd, 000114.067, 160
Trd, 000114.267, 161
Trd, 000114.533, 160
Trd, 000114.900, 160
Trd, 000115.250, 156
Trd, 000115.567, 157
Trd, 000116.017, 158
Trd, 000117.400, 158
Trd, 000117.783, 153
Trd, 000118.283, 159
Trd, 000119.200, 159
Trd, 000119.517, 157
Trd, 000119.633, 159
Trd, 000120.783, 159
Trd, 000120.817, 159
Trd, 000121.200, 163
Trd, 000121.267, 166
Trd, 000121.600, 202
Trd, 000121.617, 201
Trd, 000121.833, 233
Trd, 000122.350, 173
Trd, 000122.817, 238
Trd, 000123.117, 277
Trd, 000124.550, 306.0
Trd, 000125.117, 313.0
Trd, 000125.350, 303.0
Trd, 000126.967, 337
Trd, 000127.350, 320
Trd, 000127.617, 337.0
Trd, 000127.767, 348.0
Trd, 000128.417, 341.0
Trd, 000128.633, 343
Trd, 000128.850, 328
Trd, 000129.267, 346.0
Trd, 000129.500, 327.0
Trd, 000131.800, 340
Trd, 000131.983, 340
Trd, 000132.017, 342
Trd, 000132.067, 333
Trd, 000132.450, 343
Trd, 000133.483, 343
Trd, 000133.717, 337
Trd, 000134.200, 336
Trd, 000135.717, 337
Trd, 000136.600, 332
Trd, 000137.467, 335
Trd, 000138.067, 337
Trd, 000139.083, 340
Trd, 000139.433, 340
Trd, 000140.633, 340
Trd, 000140.883, 340
Trd, 000141.000, 341.0
Trd, 000141.533, 337
Trd, 000142.100, 333
Trd, 000142.283, 342
Trd, 000143.017, 334
Trd, 000143.500, 342
Trd, 000144.317, 342
Trd, 000145.050, 341
Trd, 000145.383, 341.0
Trd, 000146.233, 336
Trd, 000146.483, 334
Trd, 000146.783, 336
Trd, 000147.383, 337
Trd, 000148.067, 336
Trd, 000148.183, 351.0
Trd, 000149.033, 343.0
Trd, 000149.233, 347
Trd, 000150.883, 347
Trd, 000151.167, 347.0
Trd, 000151.450, 346
Trd, 000152.967, 342
Trd, 000153.667, 344.0
Trd, 000154.850, 341
Trd, 000154.917, 341.0
Trd, 000155.217, 344.0
Trd, 000155.317, 348.0
Trd, 000156.533, 346
Trd, 000156.717, 348
Trd, 000157.317, 349
Trd, 000158.317, 345
Trd, 000158.967, 342
Trd, 000159.083, 341.0
Trd, 000159.467, 343
Trd, 000159.783, 345
Trd, 000160.900, 344
Trd, 000161.000, 346
Trd, 000161.517, 345
Trd, 000161.683, 346
Trd, 000162.417, 344
Trd, 000163.033, 346
Trd, 000163.617, 351.0
Trd, 000165.517, 344.0
Trd, 000165.550, 345
Trd, 000165.833, 343.0
Trd, 000166.800, 345
Trd, 000167.217, 346
Trd, 000167.650, 343
Trd, 000167.733, 342
Trd, 000168.817, 343
Trd, 000169.150, 342
Trd, 000169.583, 342
Trd, 000169.867, 343
Trd, 000170.017, 345
Trd, 000170.633, 348
Trd, 000170.933, 342.0
Trd, 000172.167, 348.0
Trd, 000172.483, 351.0
Trd, 000173.250, 342.0
Trd, 000173.433, 348
Trd, 000173.667, 341.0
Trd, 000173.867, 349
Trd, 000174.033, 355
Trd, 000175.017, 341.0
Trd, 000175.600, 337
Trd, 000176.600, 336
Trd, 000176.983, 334
Trd, 000177.800, 333
Trd, 000178.950, 333
Trd, 000179.783, 333
Trd, 000180.183, 341.0
Trd, 000180.450, 342
Trd, 000181.267, 334
Trd, 000181.283, 330
Trd, 000181.767, 327.0
Trd, 000181.817, 323
Trd, 000181.883, 320.0
Trd, 000181.933, 310.0
Trd, 000182.083, 300
Trd, 000182.600, 306
Trd, 000182.967, 304
Trd, 000183.667, 302
Trd, 000183.733, 260
Trd, 000183.817, 200
Trd, 000184.633, 223
Trd, 000184.800, 197
Trd, 000185.450, 207
Trd, 000186.217, 197
Trd, 000186.433, 193
Trd, 000188.633, 181
Trd, 000189.000, 183
Trd, 000190.183, 178
Trd, 000190.867, 178
Trd, 000191.050, 172
Trd, 000191.300, 170
Trd, 000191.617, 170
Trd, 000191.733, 164
Trd, 000191.917, 173
Trd, 000192.483, 160
Trd, 000193.217, 168
Trd, 000193.267, 147
Trd, 000194.500, 162
Trd, 000194.667, 166
Trd, 000194.883, 164
Trd, 000194.967, 166
Trd, 000195.350, 166
Trd, 000196.167, 166
Trd, 000197.700, 163
Trd, 000198.100, 164
Trd, 000198.450, 166
Trd, 000198.683, 164
Trd, 000199.050, 167
Trd, 000199.450, 171
Trd, 000200.417, 169
Trd, 000200.517, 164
Trd, 000201.433, 167
Trd, 000202.067, 166
Trd, 000202.200, 164
Trd, 000202.283, 161
Trd, 000202.567, 161
Trd, 000203.317, 160
Trd, 000204.267, 160
Trd, 000204.533, 160
Trd, 000205.483, 160
Trd, 000205.600, 159
Trd, 000206.317, 160
Trd, 000206.667, 159
Trd, 000206.700, 161
Trd, 000207.483, 162
Trd, 000207.500, 161
Trd, 000208.000, 157
Trd, 000208.167, 156
Trd, 000209.283, 167
Trd, 000209.950, 167
Trd, 000210.467, 167
Trd, 000210.533, 166
Trd, 000210.700, 172
Trd, 000210.817, 175
Trd, 000211.000, 179
Trd, 000211.567, 210
Trd, 000211.583, 162
Trd, 000212.117, 191
Trd, 000212.433, 180
Trd, 000212.800, 178
Trd, 000213.417, 177
Trd, 000215.967, 176
Trd, 000216.717, 173
Trd, 000216.817, 175
Trd, 000217.067, 176
Trd, 000217.133, 179
Trd, 000218.083, 175
Trd, 000218.100, 180
Trd, 000218.433, 175
Trd, 000219.783, 172
Trd, 000221.100, 164
Trd, 000221.950, 164
Trd, 000222.033, 165
Trd, 000222.317, 166
Trd, 000222.350, 170
Trd, 000222.833, 164
Trd, 000223.117, 170
Trd, 000224.400, 167
Trd, 000224.917, 163
Trd, 000225.317, 163
Trd, 000225.533, 162
Trd, 000225.800, 165
Trd, 000226.817, 164
Trd, 000227.083, 165
Trd, 000227.200, 164
Trd, 000227.817, 165
Trd, 000227.850, 166
Trd, 000229.217, 166
Trd, 000229.867, 170
Trd, 000230.017, 164
Trd, 000230.150, 164
Trd, 000230.383, 169
Trd, 000231.767, 170
Trd, 000233.567, 170
Trd, 000233.750, 171
Trd, 000234.100, 174
Trd, 000234.500, 170
Trd, 000235.083, 173
Trd, 000235.117, 168
Trd, 000235.550, 202
Trd, 000236.517, 174
Trd, 000236.567, 175
Trd, 000236.733, 178
Trd, 000237.667, 175
Trd, 000238.167, 170
Trd, 000238.367, 166
Trd, 000240.333, 175
Trd, 000240.433, 172
Trd, 000240.850, 171
Trd, 000240.933, 173
Trd, 000241.383, 171
Trd, 000241.717, 174
Trd, 000241.750, 172
Trd, 000242.067, 175
Trd, 000242.783, 175
Trd, 000243.133, 174
Trd, 000244.217, 171
Trd, 000244.567, 174
Trd, 000244.767, 165
Trd, 000244.900, 176
Trd, 000246.250, 170
Trd, 000246.300, 172
Trd, 000246.350, 173
Trd, 000246.867, 173
Trd, 000247.267, 168
Trd, 000247.783, 167
Trd, 000247.983, 165
Trd, 000248.300, 162
Trd, 000248.317, 161
Trd, 000249.083, 167
Trd, 000249.400, 167
Trd, 000249.617, 168
Trd, 000249.817, 169
Trd, 000250.467, 169
Trd, 000250.633, 166
Trd, 000251.450, 166
Trd, 000251.467, 170
Trd, 000251.633, 173
Trd, 000251.900, 180
Trd, 000253.200, 172
Trd, 000253.633, 177
Trd, 000254.183, 176
Trd, 000254.333, 176
Trd, 000254.517, 175
Trd, 000254.617, 177
Trd, 000254.667, 180
Trd, 000255.333, 179
Trd, 000255.533, 174
Trd, 000255.667, 171
Trd, 000257.200, 168
Trd, 000257.217, 170
Trd, 000257.850, 171
Trd, 000258.333, 180
Trd, 000258.383, 181
Trd, 000259.233, 172
Trd, 000259.583, 171
Trd, 000259.983, 167
Trd, 000261.583, 165
Trd, 000261.733, 166
Trd, 000262.133, 167
Trd, 000262.900, 164
Trd, 000263.950, 167
Trd, 000264.000, 162
Trd, 000265.250, 165
Trd, 000265.583, 165
Trd, 000265.900, 164
Trd, 000265.917, 164
Trd, 000266.717, 165
Trd, 000267.150, 167
Trd, 000267.250, 164
Trd, 000267.433, 161
Trd, 000267.617, 167
Trd, 000267.850, 170
Trd, 000269.317, 168
Trd, 000269.750, 167
Trd, 000269.883, 167
Trd, 000270.017, 169
Trd, 000270.933, 170
Trd, 000271.233, 167
Trd, 000271.483, 168
Trd, 000272.317, 171
Trd, 000272.583, 171
Trd, 000272.883, 166
Trd, 000273.700, 175
Trd, 000273.800, 174
Trd, 000275.717, 173
Trd, 000275.933, 176
Trd, 000276.333, 171
Trd, 000276.567, 172
Trd, 000277.333, 173
Trd, 000277.650, 170
Trd, 000277.750, 173
Trd, 000277.900, 168
Trd, 000278.033, 158
Trd, 000278.150, 174
Trd, 000278.250, 175
Trd, 000278.400, 179
Trd, 000279.367, 171
Trd, 000279.950, 174
Trd, 000280.367, 171
Trd, 000280.400, 174
Trd, 000280.533, 171
Trd, 000280.600, 171
Trd, 000281.100, 170
Trd, 000281.283, 172
Trd, 000283.450, 169
Trd, 000284.467, 171
Trd, 000284.900, 169
Trd, 000284.917, 167
Trd, 000285.917, 169
Trd, 000286.183, 171
Trd, 000286.267, 167
Trd, 000286.367, 172
Trd, 000286.400, 173
Trd, 000286.633, 172
Trd, 000287.017, 170
Trd, 000287.767, 176
Trd, 000287.817, 179
Trd, 000288.517, 171
Trd, 000288.900, 183
Trd, 000289.350, 182
Trd, 000289.383, 184
Trd, 000289.617, 168
Trd, 000289.767, 167
Trd, 000290.283, 173
Trd, 000290.500, 162
Trd, 000290.783, 163
Trd, 000291.933, 165
Trd, 000291.950, 167
Trd, 000292.983, 163
Trd, 000293.650, 162
Trd, 000293.883, 166
Trd, 000294.000, 164
Trd, 000294.483, 168
Trd, 000294.533, 170
Trd, 000294.933, 173
Trd, 000295.133, 177
Trd, 000295.183, 188
Trd, 000295.950, 176
Trd, 000296.417, 191
Trd, 000297.533, 187
Trd, 000297.733, 179
Trd, 000298.250, 178
Trd, 000298.750, 169
Trd, 000299.133, 168
Trd, 000299.983, 170
