Trd, 000001.333, 135
Trd, 000002.950, 161
Trd, 000003.017, 160
Trd, 000003.400, 158
Trd, 000003.867, 170
Trd, 000004.233, 153
Trd, 000005.383, 166
Trd, 000007.050, 154
Trd, 000007.217, 151
Trd, 000007.250, 157
Trd, 000007.750, 147
Trd, 000008.450, 152
Trd, 000008.517, 155
Trd, 000009.500, 156
Trd, 000010.833, 165
Trd, 000011.033, 159
Trd, 000011.183, 157
Trd, 000011.950, 156
Trd, 000012.400, 159
Trd, 000012.717, 155
Trd, 000013.983, 156
Trd, 000014.383, 154
Trd, 000015.050, 154
Trd, 000015.317, 154
Trd, 000016.550, 154
Trd, 000017.733, 154
Trd, 000018.183, 157
Trd, 000019.433, 154
Trd, 000020.433, 157
Trd, 000021.117, 164
Trd, 000021.383, 153
Trd, 000021.717, 157
Trd, 000022.150, 159
Trd, 000023.267, 157
Trd, 000023.483, 156
Trd, 000023.950, 155
Trd, 000024.200, 153
Trd, 000024.717, 154
Trd, 000026.083, 154
Trd, 000026.767, 155
Trd, 000027.667, 155
Trd, 000028.167, 155
Trd, 000028.217, 153
Trd, 000028.367, 152
Trd, 000028.833, 153
Trd, 000029.767, 154
Trd, 000030.250, 156
Trd, 000030.850, 156
Trd, 000031.050, 138
Trd, 000031.683, 138
Trd, 000032.650, 153
Trd, 000032.767, 154
Trd, 000032.867, 155
Trd, 000032.917, 140
Trd, 000033.067, 137
Trd, 000034.433, 150
Trd, 000034.800, 151
Trd, 000035.650, 147
Trd, 000037.133, 152
Trd, 000037.550, 167
Trd, 000038.200, 154
Trd, 000038.883, 155
Trd, 000039.800, 169
Trd, 000040.950, 155
Trd, 000041.233, 154
Trd, 000041.533, 147
Trd, 000041.567, 155
Trd, 000042.450, 149
Trd, 000042.667, 148
Trd, 000043.583, 153
Trd, 000044.050, 155
Trd, 000044.200, 162
Trd, 000044.933, 157
Trd, 000045.717, 156
Trd, 000046.633, 168
Trd, 000047.367, 161
Trd, 000049.250, 162
Trd, 000049.800, 164
Trd, 000050.367, 163
Trd, 000050.600, 160
Trd, 000050.683, 159
Trd, 000051.683, 165
Trd, 000052.300, 163
Trd, 000052.517, 162
Trd, 000053.333, 159
Trd, 000053.683, 159
Trd, 000053.833, 159
Trd, 000054.683, 162
Trd, 000054.950, 160
Trd, 000055.100, 162
Trd, 000055.800, 157
Trd, 000057.850, 161
Trd, 000057.967, 159
Trd, 000058.717, 158
Trd, 000058.883, 157
Trd, 000059.733, 155
Trd, 000060.300, 155
Trd, 000060.767, 156
Trd, 000061.183, 153
Trd, 000061.833, 156
Trd, 000061.917, 147
Trd, 000062.250, 157
Trd, 000062.783, 163
Trd, 000063.283, 157
Trd, 000064.083, 164
Trd, 000064.200, 165
Trd, 000065.617, 160
Trd, 000065.800, 154
Trd, 000066.017, 157
Trd, 000066.200, 153
Trd, 000067.017, 153
Trd, 000067.733, 154
Trd, 000068.633, 157
Trd, 000069.433, 153
Trd, 000069.950, 159
Trd, 000070.217, 158
Trd, 000071.850, 158
Trd, 000072.900, 163
Trd, 000074.350, 164
Trd, 000074.450, 156
Trd, 000074.500, 165
Trd, 000075.283, 158
Trd, 000076.217, 149
Trd, 000076.667, 157
Trd, 000077.150, 158
Trd, 000077.750, 156
Trd, 000078.333, 159
Trd, 000079.900, 158
Trd, 000080.450, 158
Trd, 000080.683, 157
Trd, 000080.783, 148
Trd, 000080.817, 161
Trd, 000082.117, 157
Trd, 000082.783, 155
Trd, 000082.867, 157
Trd, 000084.017, 148
Trd, 000084.383, 157
Trd, 000084.667, 158
Trd, 000085.850, 159
Trd, 000086.483, 166
Trd, 000086.767, 159
Trd, 000086.783, 158
Trd, 000088.283, 158
Trd, 000088.500, 158
Trd, 000088.967, 158
Trd, 000089.167, 156
Trd, 000090.350, 156
Trd, 000090.900, 157
Trd, 000091.667, 157
Trd, 000091.967, 158
Trd, 000092.033, 160
Trd, 000092.250, 160
Trd, 000094.300, 161
Trd, 000095.550, 167
Trd, 000095.817, 163
Trd, 000096.567, 163
Trd, 000097.133, 162
Trd, 000098.250, 164
Trd, 000099.550, 164
Trd, 000100.617, 165
Trd, 000100.733, 162
Trd, 000100.800, 161
Trd, 000101.650, 161
Trd, 000102.750, 150
Trd, 000102.933, 164
Trd, 000103.233, 164
Trd, 000104.450, 157
Trd, 000105.083, 161
Trd, 000105.733, 160
Trd, 000105.867, 161
Trd, 000107.450, 161
Trd, 000108.183, 160
Trd, 000109.700, 160
Trd, 000110.133, 160
Trd, 000111.100, 157
Trd, 000111.133, 159
Trd, 000111.650, 159
Trd, 000112.083, 162
Trd, 000112.250, 153
Trd, 000112.483, 162
Trd, 000112.517, 168
Trd, 000113.967, 165
Trd, 000114.317, 164
Trd, 000114.983, 162
Trd, 000115.217, 160
Trd, 000116.167, 175
Trd, 000116.617, 171
Trd, 000117.133, 166
Trd, 000118.000, 167
Trd, 000118.833, 171
Trd, 000119.067, 170
Trd, 000119.250, 169
Trd, 000120.583, 166
Trd, 000121.483, 169
Trd, 000121.867, 170
Trd, 000121.933, 170
Trd, 000122.400, 173
Trd, 000122.567, 177
Trd, 000123.233, 246
Trd, 000123.950, 301.0
Trd, 000124.017, 306.0
Trd, 000124.883, 327.0
Trd, 000124.967, 328
Trd, 000125.233, 344
Trd, 000126.883, 343
Trd, 000126.967, 348.0
Trd, 000127.767, 346.0
Trd, 000127.833, 347.0
Trd, 000127.900, 340
Trd, 000128.100, 318.0
Trd, 000129.083, 351.0
Trd, 000130.517, 349
Trd, 000130.950, 348
Trd, 000131.417, 347
Trd, 000132.183, 347
Trd, 000133.083, 348.0
Trd, 000133.233, 346
Trd, 000133.733, 340
Trd, 000134.533, 348
Trd, 000135.500, 344
Trd, 000136.733, 343
Trd, 000137.767, 347
Trd, 000137.917, 337
Trd, 000138.333, 348.0
Trd, 000138.550, 348
Trd, 000139.850, 339
Trd, 000140.133, 358.0
Trd, 000140.300, 351.0
Trd, 000141.350, 351.0
Trd, 000143.000, 350
Trd, 000143.933, 345
Trd, 000144.167, 344
Trd, 000145.000, 347
Trd, 000145.300, 345
Trd, 000145.367, 346
Trd, 000145.800, 345
Trd, 000146.017, 339
Trd, 000146.950, 343
Trd, 000147.267, 320.0
Trd, 000147.683, 344
Trd, 000148.017, 345
Trd, 000148.150, 348.0
Trd, 000150.983, 335.0
Trd, 000151.900, 337
Trd, 000152.133, 351.0
Trd, 000152.967, 334.0
Trd, 000153.917, 338
Trd, 000154.567, 342
Trd, 000154.600, 338
Trd, 000154.967, 343
Trd, 000155.317, 339
Trd, 000155.867, 342
Trd, 000156.550, 347.0
Trd, 000157.050, 348.0
Trd, 000157.900, 343
Trd, 000157.950, 349
Trd, 000158.967, 339
Trd, 000159.900, 338
Trd, 000161.350, 344
Trd, 000162.450, 342
Trd, 000163.950, 342
Trd, 000164.650, 342
Trd, 000164.867, 345
Trd, 000165.233, 340
Trd, 000165.933, 346
Trd, 000166.750, 346
Trd, 000166.800, 338
Trd, 000168.600, 344
Trd, 000169.183, 338
Trd, 000169.200, 337
Trd, 000169.567, 345
Trd, 000169.600, 337
Trd, 000171.233, 344
Trd, 000171.267, 346
Trd, 000172.100, 338
Trd, 000172.833, 346
Trd, 000173.550, 341
Trd, 000175.800, 349.0
Trd, 000176.100, 339
Trd, 000176.383, 338
Trd, 000176.583, 348.0
Trd, 000179.367, 343
Trd, 000180.200, 341
Trd, 000180.550, 339
Trd, 000180.983, 344
Trd, 000181.717, 341
Trd, 000181.750, 345
Trd, 000181.850, 340
Trd, 000182.117, 338
Trd, 000182.150, 334.0
Trd, 000182.567, 305
Trd, 000182.583, 300
Trd, 000183.017, 300.0
Trd, 000183.150, 343.0
Trd, 000183.333, 270
Trd, 000183.433, 249
Trd, 000183.583, 218
Trd, 000183.667, 211
Trd, 000184.800, 185
Trd, 000187.017, 187
Trd, 000187.317, 186
Trd, 000187.817, 188
Trd, 000187.983, 185
Trd, 000188.333, 176
Trd, 000189.133, 181
Trd, 000189.633, 174
Trd, 000190.633, 178
Trd, 000191.050, 177
Trd, 000192.333, 175
Trd, 000192.517, 174
Trd, 000193.650, 173
Trd, 000193.950, 170
Trd, 000194.283, 158
Trd, 000195.033, 174
Trd, 000195.067, 174
Trd, 000196.017, 171
Trd, 000196.250, 169
Trd, 000196.400, 185
Trd, 000196.717, 170
Trd, 000198.233, 170
Trd, 000198.467, 171
Trd, 000199.033, 171
Trd, 000199.300, 169
Trd, 000199.617, 173
Trd, 000199.650, 166
Trd, 000200.950, 172
Trd, 000201.000, 171
Trd, 000201.700, 172
Trd, 000202.633, 173
Trd, 000203.450, 171
Trd, 000203.933, 177
Trd, 000204.767, 173
Trd, 000205.650, 170
Trd, 000206.083, 174
Trd, 000206.250, 170
Trd, 000207.150, 171
Trd, 000207.633, 172
Trd, 000209.083, 170
Trd, 000209.450, 170
Trd, 000209.967, 173
Trd, 000210.767, 173
Trd, 000211.100, 174
Trd, 000211.400, 185
Trd, 000212.333, 173
Trd, 000212.967, 174
Trd, 000213.100, 171
Trd, 000213.500, 172
Trd, 000213.733, 176
Trd, 000214.783, 174
Trd, 000215.933, 173
Trd, 000216.033, 174
Trd, 000216.183, 175
Trd, 000216.750, 179
Trd, 000217.417, 176
Trd, 000218.900, 178
Trd, 000219.150, 180
Trd, 000219.600, 178
Trd, 000220.867, 175
Trd, 000221.150, 175
Trd, 000222.517, 176
Trd, 000222.600, 177
Trd, 000222.900, 173
Trd, 000223.300, 174
Trd, 000224.883, 174
Trd, 000225.433, 174
Trd, 000225.800, 179
Trd, 000226.000, 180
Trd, 000226.950, 181
Trd, 000227.083, 181
Trd, 000227.383, 181
Trd, 000227.400, 173
Trd, 000228.300, 172
Trd, 000228.817, 173
Trd, 000229.217, 174
Trd, 000230.650, 174
Trd, 000231.350, 176
Trd, 000231.683, 179
Trd, 000231.700, 174
Trd, 000233.300, 177
Trd, 000233.383, 176
Trd, 000233.867, 174
Trd, 000233.883, 173
Trd, 000234.050, 180
Trd, 000235.083, 174
Trd, 000235.900, 175
Trd, 000235.983, 177
Trd, 000236.367, 164
Trd, 000237.917, 165
Trd, 000238.483, 165
Trd, 000239.200, 170
Trd, 000239.217, 171
Trd, 000239.400, 172
Trd, 000240.233, 173
Trd, 000240.733, 170
Trd, 000240.950, 168
Trd, 000241.300, 166
Trd, 000241.667, 170
Trd, 000242.517, 168
Trd, 000242.583, 165
Trd, 000242.867, 164
Trd, 000242.917, 173
Trd, 000243.233, 173
Trd, 000243.500, 168
Trd, 000244.050, 173
Trd, 000244.450, 166
Trd, 000244.550, 165
Trd, 000244.733, 168
Trd, 000246.117, 164
Trd, 000246.400, 164
Trd, 000246.767, 167
Trd, 000247.500, 151
Trd, 000247.817, 145
Trd, 000248.317, 145
Trd, 000249.100, 161
Trd, 000249.183, 167
Trd, 000249.483, 173
Trd, 000250.650, 175
Trd, 000250.867, 180
Trd, 000250.917, 169
Trd, 000251.600, 169
Trd, 000251.767, 171
Trd, 000251.933, 171
Trd, 000252.033, 171
Trd, 000252.150, 174
Trd, 000253.333, 170
Trd, 000254.250, 169
Trd, 000254.367, 169
Trd, 000254.550, 170
Trd, 000254.900, 173
Trd, 000255.300, 176
Trd, 000256.467, 180
Trd, 000256.533, 179
Trd, 000256.550, 183
Trd, 000257.183, 185
Trd, 000257.400, 190
Trd, 000258.150, 183
Trd, 000258.333, 182
Trd, 000258.500, 182
Trd, 000258.800, 181
Trd, 000259.333, 179
Trd, 000259.500, 179
Trd, 000259.950, 177
Trd, 000260.650, 178
Trd, 000261.383, 178
Trd, 000261.600, 170
Trd, 000262.217, 166
Trd, 000262.250, 165
Trd, 000262.983, 167
Trd, 000263.133, 168
Trd, 000263.183, 165
Trd, 000264.300, 169
Trd, 000264.900, 167
Trd, 000265.067, 169
Trd, 000265.600, 168
Trd, 000265.650, 168
Trd, 000265.800, 168
Trd, 000265.917, 168
Trd, 000265.983, 164
Trd, 000266.750, 177
Trd, 000266.833, 164
Trd, 000267.667, 183
Trd, 000267.900, 184
Trd, 000269.167, 172
Trd, 000269.417, 171
Trd, 000269.467, 171
Trd, 000270.167, 166
Trd, 000270.417, 169
Trd, 000270.967, 169
Trd, 000271.167, 174
Trd, 000271.233, 174
Trd, 000271.850, 169
Trd, 000272.033, 173
Trd, 000272.783, 168
Trd, 000272.867, 169
Trd, 000273.550, 167
Trd, 000273.817, 171
Trd, 000273.933, 172
Trd, 000274.017, 175
Trd, 000274.400, 166
Trd, 000274.717, 172
Trd, 000276.433, 173
Trd, 000276.550, 168
Trd, 000277.283, 168
Trd, 000277.567, 171
Trd, 000278.133, 170
Trd, 000278.233, 171
Trd, 000279.150, 172
Trd, 000279.267, 185
Trd, 000279.450, 178
Trd, 000279.767, 171
Trd, 000279.783, 178
Trd, 000280.500, 179
Trd, 000281.283, 177
Trd, 000281.500, 177
Trd, 000281.533, 175
Trd, 000281.967, 175
Trd, 000282.567, 173
Trd, 000282.717, 184
Trd, 000282.767, 186
Trd, 000283.633, 184
Trd, 000283.717, 188
Trd, 000283.733, 193
Trd, 000284.650, 179
Trd, 000285.000, 184
Trd, 000285.767, 176
Trd, 000285.817, 175
Trd, 000285.900, 172
Trd, 000286.717, 182
Trd, 000287.317, 183
Trd, 000287.383, 180
Trd, 000287.883, 184
Trd, 000288.333, 186
Trd, 000288.417, 176
Trd, 000288.817, 171
Trd, 000289.333, 171
Trd, 000290.017, 173
Trd, 000290.617, 172
Trd, 000291.233, 169
Trd, 000291.483, 174
Trd, 000291.767, 171
Trd, 000291.783, 177
Trd, 000292.233, 173
Trd, 000292.817, 175
Trd, 000292.883, 170
Trd, 000293.133, 175
Trd, 000293.250, 169
Trd, 000293.367, 164
Trd, 000293.467, 163
Trd, 000294.400, 175
Trd, 000295.183, 174
Trd, 000295.283, 165
Trd, 000296.350, 166
Trd, 000296.600, 178
Trd, 000296.717, 174
Trd, 000298.417, 177
Trd, 000298.750, 178
Trd, 000299.367, 172
Trd, 000299.533, 170
Trd, 000299.550, 147
