Trd, 000001.833, 151
Trd, 000001.867, 153
Trd, 000002.200, 145
Trd, 000002.350, 144
Trd, 000002.833, 155
Trd, 000004.117, 155
Trd, 000004.600, 154
Trd, 000005.483, 154
Trd, 000006.633, 156
Trd, 000006.667, 145
Trd, 000006.833, 147
Trd, 000007.067, 166
Trd, 000007.200, 145
Trd, 000007.433, 142
Trd, 000007.767, 143
Trd, 000008.267, 152
Trd, 000010.100, 150
Trd, 000010.933, 145
Trd, 000011.150, 147
Trd, 000011.900, 142
Trd, 000012.750, 142
Trd, 000014.650, 145
Trd, 000014.917, 143
Trd, 000015.067, 143
Trd, 000015.383, 143
Trd, 000015.833, 143
Trd, 000016.283, 143
Trd, 000016.483, 139
Trd, 000016.800, 143
Trd, 000017.250, 140
Trd, 000018.133, 140
Trd, 000018.183, 141
Trd, 000019.567, 140
Trd, 000019.817, 141
Trd, 000019.867, 139
Trd, 000019.933, 141
Trd, 000022.600, 141
Trd, 000022.683, 141
Trd, 000023.550, 141
Trd, 000023.633, 142
Trd, 000023.883, 143
Trd, 000024.917, 142
Trd, 000024.983, 142
Trd, 000025.117, 139
Trd, 000025.433, 165
Trd, 000025.533, 138
Trd, 000025.850, 156
Trd, 000025.867, 168
Trd, 000026.167, 170
Trd, 000026.633, 149
Trd, 000026.967, 144
Trd, 000028.183, 149
Trd, 000028.250, 154
Trd, 000028.583, 147
Trd, 000029.600, 145
Trd, 000030.000, 148
Trd, 000030.817, 148
Trd, 000031.017, 147
Trd, 000031.800, 146
Trd, 000032.000, 144
Trd, 000032.067, 148
Trd, 000032.800, 143
Trd, 000032.967, 143
Trd, 000033.733, 144
Trd, 000034.033, 146
Trd, 000035.200, 142
Trd, 000035.267, 143
Trd, 000036.650, 144
Trd, 000037.817, 143
Trd, 000038.233, 145
Trd, 000038.583, 146
Trd, 000039.333, 146
Trd, 000039.400, 169
Trd, 000040.050, 170
Trd, 000040.317, 151
Trd, 000040.333, 156
Trd, 000041.133, 145
Trd, 000041.417, 144
Trd, 000041.683, 143
Trd, 000041.750, 145
Trd, 000041.817, 143
Trd, 000043.233, 145
Trd, 000043.350, 143
Trd, 000043.383, 172
Trd, 000045.767, 143
Trd, 000045.933, 143
Trd, 000046.450, 146
Trd, 000046.567, 146
Trd, 000046.733, 144
Trd, 000048.350, 149
Trd, 000048.717, 143
Trd, 000049.567, 172
Trd, 000049.583, 173
Trd, 000050.950, 161
Trd, 000051.033, 162
Trd, 000051.200, 156
Trd, 000051.433, 156
Trd, 000051.667, 169
Trd, 000054.283, 166
Trd, 000054.600, 163
Trd, 000054.883, 167
Trd, 000055.467, 163
Trd, 000055.733, 163
Trd, 000055.900, 149
Trd, 000056.983, 167
Trd, 000057.700, 159
Trd, 000058.633, 159
Trd, 000058.817, 167
Trd, 000059.750, 159
Trd, 000059.767, 167
Trd, 000060.200, 166
Trd, 000061.800, 165
Trd, 000062.067, 150
Trd, 000062.717, 144
Trd, 000063.583, 152
Trd, 000063.867, 152
Trd, 000063.933, 150
Trd, 000064.433, 148
Trd, 000064.717, 152
Trd, 000065.667, 151
Trd, 000065.783, 152
Trd, 000066.283, 145
Trd, 000067.467, 152
Trd, 000067.733, 153
Trd, 000068.367, 152
Trd, 000069.200, 155
Trd, 000069.783, 152
Trd, 000070.117, 152
Trd, 000070.150, 147
Trd, 000070.300, 152
Trd, 000070.467, 141
Trd, 000071.233, 152
Trd, 000072.000, 151
Trd, 000072.133, 172
Trd, 000072.633, 156
Trd, 000072.650, 182
Trd, 000074.633, 153
Trd, 000074.933, 166
Trd, 000075.317, 171
Trd, 000075.483, 157
Trd, 000075.800, 173
Trd, 000075.833, 154
Trd, 000076.033, 144
Trd, 000076.433, 171
Trd, 000077.683, 158
Trd, 000078.500, 172
Trd, 000078.583, 176
Trd, 000080.050, 162
Trd, 000080.900, 164
Trd, 000081.233, 172
Trd, 000082.733, 167
Trd, 000082.750, 168
Trd, 000083.200, 166
Trd, 000083.267, 152
Trd, 000083.783, 146
Trd, 000083.833, 145
Trd, 000084.517, 142
Trd, 000085.233, 146
Trd, 000085.517, 148
Trd, 000085.833, 149
Trd, 000087.067, 148
Trd, 000087.217, 151
Trd, 000088.433, 150
Trd, 000088.833, 150
Trd, 000089.283, 151
Trd, 000089.317, 152
Trd, 000090.500, 153
Trd, 000090.900, 149
Trd, 000091.017, 146
Trd, 000091.200, 153
Trd, 000091.433, 154
Trd, 000092.433, 156
Trd, 000092.517, 174
Trd, 000093.667, 155
Trd, 000093.883, 155
Trd, 000094.583, 157
Trd, 000094.750, 160
Trd, 000095.667, 154
Trd, 000095.967, 153
Trd, 000096.783, 157
Trd, 000097.433, 155
Trd, 000097.983, 154
Trd, 000098.767, 158
Trd, 000098.983, 157
Trd, 000099.400, 154
Trd, 000100.683, 154
Trd, 000100.967, 159
Trd, 000101.217, 161
Trd, 000101.667, 174
Trd, 000101.817, 167
Trd, 000102.783, 162
Trd, 000103.133, 169
Trd, 000104.167, 175
Trd, 000104.667, 175
Trd, 000105.533, 168
Trd, 000105.550, 166
Trd, 000106.133, 166
Trd, 000106.283, 155
Trd, 000106.600, 165
Trd, 000107.467, 160
Trd, 000107.683, 161
Trd, 000107.867, 158
Trd, 000108.167, 161
Trd, 000108.500, 160
Trd, 000108.950, 161
Trd, 000109.117, 158
Trd, 000109.850, 159
Trd, 000110.083, 165
Trd, 000110.483, 165
Trd, 000110.617, 160
Trd, 000111.583, 160
Trd, 000112.600, 155
Trd, 000112.867, 145
Trd, 000113.100, 156
Trd, 000113.567, 154
Trd, 000113.683, 154
Trd, 000114.100, 152
Trd, 000114.200, 153
Trd, 000115.583, 163
Trd, 000116.367, 150
Trd, 000116.633, 148
Trd, 000117.250, 175
Trd, 000117.417, 149
Trd, 000118.333, 164
Trd, 000119.233, 165
Trd, 000119.683, 165
Trd, 000120.467, 165
Trd, 000120.617, 166
Trd, 000120.783, 173
Trd, 000121.917, 177
Trd, 000122.600, 198
Trd, 000122.800, 211
Trd, 000123.300, 214
Trd, 000123.650, 265
Trd, 000123.767, 277
Trd, 000124.083, 294
Trd, 000124.317, 306.0
Trd, 000124.400, 315
Trd, 000124.533, 300.0
Trd, 000124.667, 329
Trd, 000124.717, 331
Trd, 000125.883, 336.0
Trd, 000126.617, 337.0
Trd, 000126.967, 340.0
Trd, 000127.517, 341.0
Trd, 000128.117, 333.0
Trd, 000128.167, 342
Trd, 000128.333, 362
Trd, 000128.800, 334
Trd, 000130.417, 346
Trd, 000130.767, 342
Trd, 000131.217, 341.0
Trd, 000131.783, 340.0
Trd, 000132.017, 341
Trd, 000134.033, 344.0
Trd, 000134.233, 350
Trd, 000134.267, 352
Trd, 000135.033, 347
Trd, 000135.100, 351
Trd, 000135.167, 345
Trd, 000135.783, 349
Trd, 000135.983, 341.0
Trd, 000137.933, 340.0
Trd, 000138.217, 337.0
Trd, 000138.283, 349
Trd, 000138.633, 350
Trd, 000141.783, 339
Trd, 000141.967, 334.0
Trd, 000142.017, 347
Trd, 000142.250, 347
Trd, 000143.150, 340.0
Trd, 000143.817, 341.0
Trd, 000144.233, 341
Trd, 000144.650, 337.0
Trd, 000144.900, 334.0
Trd, 000146.017, 337
Trd, 000146.600, 337
Trd, 000146.717, 338
Trd, 000147.083, 342
Trd, 000147.933, 342
Trd, 000148.767, 363.0
Trd, 000149.333, 348
Trd, 000150.533, 354
Trd, 000151.033, 354
Trd, 000151.600, 355
Trd, 000152.133, 353
Trd, 000152.517, 358
Trd, 000152.750, 359
Trd, 000152.783, 365.0
Trd, 000152.800, 353
Trd, 000153.233, 334.0
Trd, 000154.533, 349
Trd, 000154.933, 364.0
Trd, 000155.917, 362
Trd, 000156.183, 361
Trd, 000156.683, 361
Trd, 000156.850, 359
Trd, 000158.100, 361
Trd, 000158.433, 362
Trd, 000158.500, 365
Trd, 000159.017, 359
Trd, 000159.967, 344.0
Trd, 000160.517, 334.0
Trd, 000161.017, 347
Trd, 000161.467, 357
Trd, 000161.983, 347
Trd, 000162.483, 345.0
Trd, 000163.367, 344.0
Trd, 000163.933, 344
Trd, 000164.233, 357
Trd, 000164.850, 341.0
Trd, 000164.967, 353
Trd, 000166.900, 342
Trd, 000167.550, 350
Trd, 000167.850, 357
Trd, 000168.233, 357
Trd, 000168.467, 364.0
Trd, 000168.633, 337.0
Trd, 000169.950, 350
Trd, 000171.883, 355
Trd, 000171.933, 351
Trd, 000172.350, 352
Trd, 000172.450, 353
Trd, 000172.783, 341.0
Trd, 000173.500, 346
Trd, 000174.600, 341
Trd, 000175.600, 338
Trd, 000176.333, 336.0
Trd, 000176.833, 338
Trd, 000177.050, 335
Trd, 000177.067, 339
Trd, 000177.683, 339
Trd, 000178.517, 338
Trd, 000178.817, 344.0
Trd, 000179.317, 337.0
Trd, 000179.533, 341.0
Trd, 000180.500, 338
Trd, 000180.600, 339
Trd, 000180.667, 342
Trd, 000180.767, 342
Trd, 000181.050, 344
Trd, 000182.450, 341
Trd, 000183.600, 337.0
Trd, 000183.667, 334.0
Trd, 000183.917, 339
Trd, 000184.650, 331.0
Trd, 000184.783, 327.0
Trd, 000185.233, 214
Trd, 000185.433, 193
Trd, 000185.750, 186
Trd, 000185.900, 172
Trd, 000186.667, 187
Trd, 000187.483, 184
Trd, 000188.883, 181
Trd, 000188.917, 187
Trd, 000189.317, 192
Trd, 000189.433, 176
Trd, 000190.600, 183
Trd, 000190.767, 181
Trd, 000190.833, 176
Trd, 000191.083, 184
Trd, 000192.100, 175
Trd, 000192.467, 186
Trd, 000194.383, 176
Trd, 000195.217, 177
Trd, 000195.983, 178
Trd, 000197.067, 174
Trd, 000197.267, 179
Trd, 000197.283, 173
Trd, 000197.450, 163
Trd, 000198.133, 170
Trd, 000198.800, 178
Trd, 000199.267, 177
Trd, 000199.350, 169
Trd, 000200.567, 171
Trd, 000201.000, 169
Trd, 000201.100, 174
Trd, 000202.583, 174
Trd, 000204.300, 172
Trd, 000204.417, 175
Trd, 000205.033, 173
Trd, 000205.783, 173
Trd, 000205.967, 174
Trd, 000206.083, 173
Trd, 000206.250, 174
Trd, 000207.200, 173
Trd, 000207.800, 174
Trd, 000208.067, 176
Trd, 000208.333, 171
Trd, 000208.367, 178
Trd, 000208.983, 180
Trd, 000210.633, 162
Trd, 000212.967, 172
Trd, 000213.500, 170
Trd, 000213.833, 178
Trd, 000213.867, 186
Trd, 000215.533, 176
Trd, 000215.900, 173
Trd, 000216.750, 179
Trd, 000216.767, 172
Trd, 000217.117, 180
Trd, 000218.450, 178
Trd, 000218.683, 176
Trd, 000219.333, 174
Trd, 000219.717, 175
Trd, 000219.783, 176
Trd, 000220.450, 174
Trd, 000220.583, 187
Trd, 000221.300, 170
Trd, 000222.217, 181
Trd, 000222.700, 190
Trd, 000223.333, 203
Trd, 000223.400, 167
Trd, 000223.883, 166
Trd, 000224.350, 159
Trd, 000225.283, 163
Trd, 000225.700, 192
Trd, 000226.133, 186
Trd, 000226.283, 163
Trd, 000226.367, 183
Trd, 000228.000, 170
Trd, 000228.050, 159
Trd, 000228.183, 158
Trd, 000228.483, 171
Trd, 000228.783, 171
Trd, 000230.667, 162
Trd, 000230.917, 164
Trd, 000231.450, 167
Trd, 000231.633, 169
Trd, 000232.033, 168
Trd, 000232.567, 160
Trd, 000233.600, 162
Trd, 000233.967, 161
Trd, 000234.733, 162
Trd, 000234.850, 164
Trd, 000235.433, 164
Trd, 000236.150, 172
Trd, 000236.250, 186
Trd, 000236.567, 163
Trd, 000237.983, 175
Trd, 000238.100, 176
Trd, 000238.350, 188
Trd, 000238.517, 198
Trd, 000240.067, 182
Trd, 000240.233, 182
Trd, 000240.483, 184
Trd, 000240.783, 184
Trd, 000241.433, 184
Trd, 000241.883, 182
Trd, 000242.600, 174
Trd, 000242.850, 172
Trd, 000242.917, 174
Trd, 000243.483, 173
Trd, 000243.667, 174
Trd, 000244.383, 170
Trd, 000244.433, 171
Trd, 000244.467, 168
Trd, 000244.683, 166
Trd, 000245.617, 168
Trd, 000246.083, 172
Trd, 000246.567, 173
Trd, 000247.133, 173
Trd, 000247.450, 174
Trd, 000247.883, 172
Trd, 000248.117, 172
Trd, 000248.300, 169
Trd, 000248.483, 180
Trd, 000249.717, 173
Trd, 000249.800, 190
Trd, 000250.133, 193
Trd, 000250.267, 199
Trd, 000251.450, 193
Trd, 000251.750, 190
Trd, 000251.950, 186
Trd, 000252.583, 178
Trd, 000253.033, 178
Trd, 000253.617, 176
Trd, 000253.867, 173
Trd, 000254.667, 172
Trd, 000254.683, 166
Trd, 000255.067, 166
Trd, 000255.150, 170
Trd, 000255.917, 169
Trd, 000256.233, 170
Trd, 000256.317, 170
Trd, 000256.483, 170
Trd, 000256.717, 170
Trd, 000256.783, 171
Trd, 000257.183, 174
Trd, 000257.983, 180
Trd, 000258.483, 180
Trd, 000259.050, 184
Trd, 000260.267, 188
Trd, 000260.717, 179
Trd, 000261.133, 185
Trd, 000261.200, 185
Trd, 000261.517, 185
Trd, 000261.650, 184
Trd, 000262.283, 185
Trd, 000263.033, 183
Trd, 000263.250, 182
Trd, 000264.217, 184
Trd, 000264.533, 175
Trd, 000265.367, 178
Trd, 000265.467, 181
Trd, 000265.600, 177
Trd, 000266.383, 174
Trd, 000266.917, 179
Trd, 000267.083, 171
Trd, 000267.467, 179
Trd, 000267.950, 171
Trd, 000268.250, 171
Trd, 000268.567, 171
Trd, 000269.300, 176
Trd, 000269.317, 169
Trd, 000269.483, 178
Trd, 000270.717, 169
Trd, 000270.867, 168
Trd, 000270.917, 172
Trd, 000271.067, 163
Trd, 000271.467, 172
Trd, 000272.100, 175
Trd, 000272.617, 186
Trd, 000273.350, 192
Trd, 000273.733, 200
Trd, 000274.517, 219
Trd, 000274.867, 192
Trd, 000275.883, 191
Trd, 000275.950, 194
Trd, 000276.000, 189
Trd, 000276.500, 189
Trd, 000276.750, 188
Trd, 000276.783, 192
Trd, 000277.617, 172
Trd, 000277.800, 173
Trd, 000277.950, 173
Trd, 000278.500, 174
Trd, 000278.717, 180
Trd, 000279.517, 169
Trd, 000279.850, 172
Trd, 000280.383, 171
Trd, 000280.817, 167
Trd, 000281.300, 175
Trd, 000281.617, 172
Trd, 000282.000, 172
Trd, 000282.917, 174
Trd, 000283.083, 176
Trd, 000283.150, 172
Trd, 000283.567, 184
Trd, 000283.950, 187
Trd, 000284.083, 192
Trd, 000284.100, 186
Trd, 000285.317, 191
Trd, 000285.683, 191
Trd, 000285.700, 190
Trd, 000285.817, 192
Trd, 000286.017, 191
Trd, 000286.083, 186
Trd, 000286.100, 193
Trd, 000287.217, 186
Trd, 000288.067, 176
Trd, 000288.317, 172
Trd, 000288.500, 177
Trd, 000288.783, 176
Trd, 000288.817, 173
Trd, 000289.167, 179
Trd, 000289.750, 169
Trd, 000290.217, 174
Trd, 000290.683, 174
Trd, 000290.750, 177
Trd, 000291.067, 179
Trd, 000292.067, 176
Trd, 000292.550, 187
Trd, 000292.933, 194
Trd, 000293.167, 204
Trd, 000293.367, 187
Trd, 000293.867, 186
Trd, 000293.950, 180
Trd, 000294.583, 180
Trd, 000295.033, 177
Trd, 000295.300, 184
Trd, 000296.350, 183
Trd, 000296.517, 182
Trd, 000296.567, 181
Trd, 000296.717, 183
Trd, 000297.133, 178
Trd, 000297.250, 178
Trd, 000297.300, 177
Trd, 000297.417, 205
Trd, 000298.050, 197
Trd, 000298.533, 192
Trd, 000299.033, 178
Trd, 000299.400, 178
