Trd, 000001.467, 151
Trd, 000002.967, 173
Trd, 000003.467, 173
Trd, 000003.717, 183
Trd, 000003.767, 172
Trd, 000004.317, 175
Trd, 000004.750, 168
Trd, 000005.000, 170
Trd, 000006.417, 161
Trd, 000006.617, 169
Trd, 000007.550, 168
Trd, 000008.017, 153
Trd, 000009.517, 160
Trd, 000009.700, 155
Trd, 000009.783, 153
Trd, 000009.933, 159
Trd, 000010.617, 155
Trd, 000010.717, 155
Trd, 000011.383, 154
Trd, 000011.467, 155
Trd, 000011.817, 156
Trd, 000011.933, 152
Trd, 000012.783, 157
Trd, 000013.183, 161
Trd, 000013.550, 156
Trd, 000013.917, 151
Trd, 000014.017, 152
Trd, 000015.317, 152
Trd, 000016.100, 153
Trd, 000016.250, 155
Trd, 000017.300, 159
Trd, 000017.333, 155
Trd, 000017.583, 157
Trd, 000017.700, 163
Trd, 000017.800, 155
Trd, 000017.917, 153
Trd, 000019.217, 155
Trd, 000020.333, 155
Trd, 000020.567, 158
Trd, 000020.867, 155
Trd, 000021.417, 159
Trd, 000021.483, 160
Trd, 000022.267, 154
Trd, 000023.683, 157
Trd, 000023.950, 155
Trd, 000024.933, 155
Trd, 000024.983, 155
Trd, 000025.133, 153
Trd, 000025.183, 143
Trd, 000025.700, 154
Trd, 000026.333, 152
Trd, 000026.783, 140
Trd, 000026.983, 150
Trd, 000027.783, 146
Trd, 000028.300, 152
Trd, 000028.400, 160
Trd, 000028.533, 156
Trd, 000029.117, 149
Trd, 000030.267, 159
Trd, 000032.217, 154
Trd, 000032.933, 154
Trd, 000032.967, 151
Trd, 000033.000, 155
Trd, 000033.400, 154
Trd, 000033.433, 156
Trd, 000034.283, 160
Trd, 000034.983, 155
Trd, 000035.550, 156
Trd, 000035.983, 151
Trd, 000036.100, 161
Trd, 000036.683, 161
Trd, 000037.017, 159
Trd, 000037.050, 150
Trd, 000037.833, 154
Trd, 000037.883, 150
Trd, 000039.617, 155
Trd, 000039.700, 156
Trd, 000039.867, 155
Trd, 000040.250, 155
Trd, 000040.933, 151
Trd, 000042.167, 151
Trd, 000043.350, 155
Trd, 000044.000, 155
Trd, 000044.467, 155
Trd, 000044.567, 145
Trd, 000044.600, 156
Trd, 000045.017, 156
Trd, 000045.317, 136
Trd, 000045.667, 150
Trd, 000045.833, 166
Trd, 000046.300, 157
Trd, 000046.467, 157
Trd, 000046.633, 160
Trd, 000046.817, 162
Trd, 000047.583, 156
Trd, 000048.950, 156
Trd, 000049.417, 152
Trd, 000050.750, 152
Trd, 000050.917, 153
Trd, 000051.500, 153
Trd, 000051.717, 153
Trd, 000051.950, 153
Trd, 000052.267, 153
Trd, 000052.633, 152
Trd, 000052.950, 151
Trd, 000053.083, 153
Trd, 000053.283, 154
Trd, 000055.150, 151
Trd, 000055.500, 154
Trd, 000055.750, 153
Trd, 000056.300, 152
Trd, 000056.850, 163
Trd, 000057.267, 156
Trd, 000058.183, 154
Trd, 000058.983, 164
Trd, 000059.583, 166
Trd, 000059.983, 156
Trd, 000060.767, 159
Trd, 000060.967, 160
Trd, 000061.450, 159
Trd, 000061.717, 160
Trd, 000062.667, 158
Trd, 000062.800, 158
Trd, 000063.000, 157
Trd, 000063.133, 163
Trd, 000063.233, 157
Trd, 000064.000, 158
Trd, 000064.933, 160
Trd, 000064.950, 156
Trd, 000066.717, 160
Trd, 000066.817, 155
Trd, 000067.033, 161
Trd, 000067.250, 160
Trd, 000068.117, 148
Trd, 000069.100, 151
Trd, 000069.500, 157
Trd, 000069.700, 159
Trd, 000070.400, 154
Trd, 000071.000, 156
Trd, 000071.400, 154
Trd, 000071.900, 158
Trd, 000072.950, 157
Trd, 000073.417, 155
Trd, 000074.033, 154
Trd, 000074.650, 155
Trd, 000075.083, 154
Trd, 000075.417, 154
Trd, 000076.050, 155
Trd, 000076.717, 155
Trd, 000077.050, 154
Trd, 000077.783, 163
Trd, 000077.867, 165
Trd, 000078.417, 170
Trd, 000078.433, 157
Trd, 000079.683, 161
Trd, 000080.183, 161
Trd, 000080.233, 160
Trd, 000080.867, 160
Trd, 000083.017, 161
Trd, 000083.183, 159
Trd, 000083.733, 158
Trd, 000083.817, 161
Trd, 000084.617, 162
Trd, 000084.767, 161
Trd, 000084.900, 161
Trd, 000084.983, 159
Trd, 000085.483, 161
Trd, 000086.017, 161
Trd, 000086.067, 160
Trd, 000087.150, 158
Trd, 000087.283, 157
Trd, 000087.300, 162
Trd, 000088.317, 162
Trd, 000088.633, 160
Trd, 000088.767, 160
Trd, 000088.917, 158
Trd, 000089.350, 161
Trd, 000090.467, 160
Trd, 000090.683, 156
Trd, 000091.117, 151
Trd, 000091.500, 164
Trd, 000091.950, 150
Trd, 000092.233, 135
Trd, 000092.533, 164
Trd, 000092.683, 171
Trd, 000094.383, 159
Trd, 000094.833, 158
Trd, 000095.333, 162
Trd, 000095.400, 168
Trd, 000095.467, 161
Trd, 000096.067, 158
Trd, 000097.000, 161
Trd, 000097.983, 164
Trd, 000098.733, 161
Trd, 000098.783, 163
Trd, 000099.183, 162
Trd, 000099.467, 164
Trd, 000100.000, 165
Trd, 000100.167, 162
Trd, 000100.817, 165
Trd, 000101.583, 167
Trd, 000101.800, 167
Trd, 000102.067, 167
Trd, 000102.417, 163
Trd, 000102.550, 162
Trd, 000102.917, 168
Trd, 000103.583, 162
Trd, 000103.850, 161
Trd, 000103.933, 168
Trd, 000104.017, 160
Trd, 000104.600, 167
Trd, 000106.567, 160
Trd, 000106.700, 164
Trd, 000107.117, 158
Trd, 000107.167, 174
Trd, 000107.383, 174
Trd, 000108.267, 175
Trd, 000108.717, 157
Trd, 000108.800, 159
Trd, 000109.100, 168
Trd, 000109.867, 151
Trd, 000110.917, 158
Trd, 000111.000, 158
Trd, 000112.000, 157
Trd, 000112.083, 170
Trd, 000112.167, 173
Trd, 000112.233, 157
Trd, 000114.067, 163
Trd, 000114.133, 170
Trd, 000115.483, 162
Trd, 000115.950, 162
Trd, 000116.117, 161
Trd, 000116.400, 162
Trd, 000116.750, 162
Trd, 000117.883, 163
Trd, 000118.200, 164
Trd, 000118.433, 163
Trd, 000118.767, 162
Trd, 000118.867, 165
Trd, 000119.233, 169
Trd, 000120.100, 161
Trd, 000120.633, 163
Trd, 000120.967, 163
Trd, 000122.367, 166
Trd, 000122.500, 167
Trd, 000122.583, 170
Trd, 000122.800, 177
Trd, 000122.900, 176
Trd, 000123.467, 191
Trd, 000123.650, 198
Trd, 000123.733, 238
Trd, 000123.783, 268
Trd, 000123.850, 317.0
Trd, 000124.167, 338
Trd, 000125.800, 328
Trd, 000126.017, 326
Trd, 000126.100, 347
Trd, 000127.600, 327.0
Trd, 000127.933, 314.0
Trd, 000128.450, 331
Trd, 000129.350, 342
Trd, 000130.233, 341
Trd, 000130.450, 333
Trd, 000131.033, 345
Trd, 000131.967, 338
Trd, 000132.117, 343
Trd, 000132.200, 343
Trd, 000132.217, 344
Trd, 000132.567, 335
Trd, 000132.650, 343
Trd, 000134.117, 334
Trd, 000134.683, 326
Trd, 000136.017, 344
Trd, 000136.950, 342
Trd, 000137.583, 339
Trd, 000137.850, 342
Trd, 000139.033, 344
Trd, 000139.217, 342
Trd, 000139.633, 345
Trd, 000139.933, 348.0
Trd, 000141.100, 347
Trd, 000141.533, 346
Trd, 000142.167, 342.0
Trd, 000142.633, 343
Trd, 000142.683, 348.0
Trd, 000142.833, 341
Trd, 000142.933, 350
Trd, 000144.533, 351.0
Trd, 000144.600, 357
Trd, 000144.717, 341.0
Trd, 000146.033, 354
Trd, 000146.467, 345
Trd, 000146.583, 344
Trd, 000147.083, 341
Trd, 000149.933, 347
Trd, 000150.233, 343
Trd, 000150.417, 344
Trd, 000151.000, 342
Trd, 000151.350, 346
Trd, 000151.850, 344
Trd, 000151.900, 348.0
Trd, 000152.233, 341
Trd, 000153.500, 348
Trd, 000153.517, 341.0
Trd, 000153.700, 358
Trd, 000153.983, 340
Trd, 000155.400, 352
Trd, 000156.867, 345
Trd, 000157.383, 346
Trd, 000157.483, 346
Trd, 000157.717, 348.0
Trd, 000157.817, 345
Trd, 000158.367, 348
Trd, 000158.483, 343
Trd, 000158.533, 339
Trd, 000158.850, 337
Trd, 000158.950, 334
Trd, 000160.033, 333
Trd, 000161.067, 334
Trd, 000161.183, 330
Trd, 000161.850, 331
Trd, 000161.933, 338
Trd, 000162.050, 344
Trd, 000163.317, 344
Trd, 000163.967, 346
Trd, 000165.167, 346
Trd, 000165.283, 346
Trd, 000166.583, 338
Trd, 000166.633, 342
Trd, 000167.483, 348.0
Trd, 000167.783, 335
Trd, 000168.917, 347
Trd, 000169.017, 337
Trd, 000170.217, 351.0
Trd, 000170.733, 351
Trd, 000170.867, 349
Trd, 000171.617, 350
Trd, 000171.783, 355
Trd, 000172.867, 349
Trd, 000173.633, 351
Trd, 000173.983, 354
Trd, 000174.133, 345
Trd, 000174.217, 326
Trd, 000174.317, 348
Trd, 000175.033, 357
Trd, 000175.083, 358
Trd, 000175.117, 362.0
Trd, 000176.217, 351.0
Trd, 000176.750, 353
Trd, 000177.000, 354
Trd, 000177.150, 357
Trd, 000177.750, 350
Trd, 000178.183, 351
Trd, 000179.683, 358
Trd, 000179.950, 349
Trd, 000180.833, 353.0
Trd, 000181.100, 354
Trd, 000181.417, 351.0
Trd, 000181.450, 349
Trd, 000181.650, 348
Trd, 000181.683, 347
Trd, 000182.083, 346
Trd, 000182.183, 326
Trd, 000182.283, 313.0
Trd, 000182.867, 300.0
Trd, 000183.633, 324
Trd, 000183.767, 250
Trd, 000183.933, 214
Trd, 000184.000, 204
Trd, 000184.017, 169
Trd, 000185.283, 207
Trd, 000185.467, 159
Trd, 000186.233, 187
Trd, 000187.050, 160
Trd, 000187.467, 167
Trd, 000187.600, 170
Trd, 000187.700, 171
Trd, 000188.583, 172
Trd, 000189.000, 173
Trd, 000189.183, 181
Trd, 000189.367, 184
Trd, 000189.783, 170
Trd, 000193.550, 177
Trd, 000193.750, 175
Trd, 000194.350, 175
Trd, 000195.083, 173
Trd, 000196.033, 174
Trd, 000196.233, 174
Trd, 000196.267, 173
Trd, 000196.383, 175
Trd, 000196.433, 176
Trd, 000196.983, 177
Trd, 000197.967, 174
Trd, 000198.033, 173
Trd, 000198.183, 176
Trd, 000199.183, 171
Trd, 000199.883, 171
Trd, 000200.033, 171
Trd, 000200.433, 174
Trd, 000200.783, 168
Trd, 000201.200, 168
Trd, 000201.967, 169
Trd, 000203.283, 176
Trd, 000203.567, 168
Trd, 000204.433, 158
Trd, 000204.617, 177
Trd, 000204.983, 178
Trd, 000205.467, 166
Trd, 000206.167, 177
Trd, 000206.233, 181
Trd, 000206.417, 168
Trd, 000207.550, 172
Trd, 000207.867, 175
Trd, 000208.000, 175
Trd, 000208.867, 172
Trd, 000209.233, 171
Trd, 000209.467, 173
Trd, 000209.933, 173
Trd, 000210.617, 173
Trd, 000211.067, 173
Trd, 000211.950, 172
Trd, 000211.983, 169
Trd, 000212.850, 169
Trd, 000213.000, 173
Trd, 000213.317, 172
Trd, 000213.700, 173
Trd, 000213.733, 179
Trd, 000215.383, 175
Trd, 000215.817, 175
Trd, 000216.483, 174
Trd, 000216.583, 177
Trd, 000216.983, 177
Trd, 000217.450, 175
Trd, 000217.983, 175
Trd, 000218.033, 174
Trd, 000218.800, 172
Trd, 000219.100, 171
Trd, 000219.233, 162
Trd, 000219.717, 171
Trd, 000221.200, 171
Trd, 000221.867, 180
Trd, 000222.017, 187
Trd, 000222.683, 191
Trd, 000223.317, 198
Trd, 000223.517, 197
Trd, 000224.217, 190
Trd, 000224.267, 188
Trd, 000224.450, 191
Trd, 000224.833, 181
Trd, 000225.433, 187
Trd, 000225.783, 182
Trd, 000227.650, 177
Trd, 000229.017, 182
Trd, 000229.083, 175
Trd, 000229.783, 178
Trd, 000229.917, 179
Trd, 000230.500, 181
Trd, 000230.833, 180
Trd, 000231.250, 182
Trd, 000232.100, 179
Trd, 000232.917, 179
Trd, 000233.033, 179
Trd, 000233.433, 180
Trd, 000233.450, 177
Trd, 000233.500, 177
Trd, 000234.367, 177
Trd, 000235.183, 178
Trd, 000235.533, 179
Trd, 000235.733, 182
Trd, 000237.283, 178
Trd, 000237.433, 185
Trd, 000237.817, 188
Trd, 000238.617, 177
Trd, 000238.967, 178
Trd, 000239.000, 182
Trd, 000239.567, 177
Trd, 000240.600, 180
Trd, 000240.800, 180
Trd, 000241.117, 181
Trd, 000241.533, 177
Trd, 000241.633, 177
Trd, 000241.733, 180
Trd, 000242.383, 179
Trd, 000242.433, 183
Trd, 000242.900, 181
Trd, 000243.283, 182
Trd, 000244.550, 179
Trd, 000244.767, 176
Trd, 000244.967, 180
Trd, 000246.317, 175
Trd, 000246.450, 175
Trd, 000246.767, 175
Trd, 000247.033, 176
Trd, 000247.733, 176
Trd, 000248.167, 177
Trd, 000248.333, 177
Trd, 000248.850, 177
Trd, 000249.100, 179
Trd, 000249.167, 176
Trd, 000250.383, 179
Trd, 000250.633, 177
Trd, 000250.917, 173
Trd, 000251.183, 176
Trd, 000251.567, 176
Trd, 000252.317, 177
Trd, 000252.767, 173
Trd, 000253.400, 175
Trd, 000253.433, 176
Trd, 000254.117, 173
Trd, 000254.417, 173
Trd, 000254.550, 173
Trd, 000254.733, 174
Trd, 000254.833, 176
Trd, 000256.150, 174
Trd, 000257.117, 177
Trd, 000257.483, 173
Trd, 000257.583, 174
Trd, 000258.200, 178
Trd, 000258.383, 172
Trd, 000258.667, 183
Trd, 000258.800, 166
Trd, 000259.617, 184
Trd, 000259.750, 177
Trd, 000260.200, 185
Trd, 000260.983, 182
Trd, 000261.183, 184
Trd, 000261.667, 181
Trd, 000261.733, 185
Trd, 000262.400, 181
Trd, 000262.450, 180
Trd, 000262.550, 186
Trd, 000262.917, 182
Trd, 000263.100, 186
Trd, 000263.133, 180
Trd, 000263.417, 177
Trd, 000264.933, 183
Trd, 000265.850, 181
Trd, 000265.967, 180
Trd, 000266.250, 187
Trd, 000266.383, 184
Trd, 000267.000, 183
Trd, 000267.833, 184
Trd, 000269.633, 182
Trd, 000269.683, 183
Trd, 000269.850, 183
Trd, 000269.867, 181
Trd, 000269.983, 180
Trd, 000270.000, 180
Trd, 000270.967, 186
Trd, 000271.000, 187
Trd, 000271.583, 189
Trd, 000271.650, 185
Trd, 000272.467, 184
Trd, 000272.783, 182
Trd, 000273.400, 184
Trd, 000274.183, 183
Trd, 000274.533, 180
Trd, 000274.850, 180
Trd, 000275.483, 181
Trd, 000275.617, 183
Trd, 000276.200, 184
Trd, 000276.217, 179
Trd, 000276.417, 180
Trd, 000276.467, 185
Trd, 000277.033, 192
Trd, 000277.417, 187
Trd, 000277.683, 205
Trd, 000278.417, 189
Trd, 000278.767, 184
Trd, 000278.800, 179
Trd, 000279.283, 190
Trd, 000279.500, 181
Trd, 000279.550, 188
Trd, 000280.600, 182
Trd, 000280.800, 184
Trd, 000281.000, 185
Trd, 000281.400, 181
Trd, 000283.450, 183
Trd, 000283.933, 183
Trd, 000283.950, 185
Trd, 000284.300, 179
Trd, 000284.533, 186
Trd, 000284.867, 186
Trd, 000284.933, 190
Trd, 000285.083, 193
Trd, 000285.100, 179
Trd, 000285.800, 181
Trd, 000286.050, 179
Trd, 000286.583, 180
Trd, 000287.417, 181
Trd, 000287.583, 181
Trd, 000287.817, 177
Trd, 000288.050, 188
Trd, 000288.850, 173
Trd, 000288.883, 174
Trd, 000289.000, 180
Trd, 000289.500, 175
Trd, 000289.967, 173
Trd, 000290.333, 177
Trd, 000290.883, 189
Trd, 000291.450, 175
Trd, 000292.317, 179
Trd, 000292.900, 178
Trd, 000293.467, 177
Trd, 000293.567, 178
Trd, 000293.983, 177
Trd, 000294.133, 176
Trd, 000294.217, 182
Trd, 000295.367, 174
Trd, 000295.417, 177
Trd, 000296.017, 174
Trd, 000296.083, 179
Trd, 000296.633, 179
Trd, 000297.000, 174
Trd, 000298.167, 177
Trd, 000298.700, 174
Trd, 000298.750, 175
Trd, 000299.317, 177
Trd, 000299.450, 174
