Trd, 000001.100, 173
Trd, 000002.117, 127
Trd, 000003.700, 129
Trd, 000004.717, 140
Trd, 000004.850, 164
Trd, 000005.200, 150
Trd, 000005.517, 151
Trd, 000005.667, 166
Trd, 000005.867, 145
Trd, 000006.067, 141
Trd, 000006.717, 132
Trd, 000007.450, 151
Trd, 000007.817, 151
Trd, 000008.483, 151
Trd, 000008.617, 143
Trd, 000009.367, 151
Trd, 000009.800, 147
Trd, 000010.950, 149
Trd, 000011.750, 148
Trd, 000012.917, 146
Trd, 000013.183, 143
Trd, 000014.800, 145
Trd, 000014.950, 146
Trd, 000015.350, 143
Trd, 000015.983, 143
Trd, 000016.017, 144
Trd, 000016.483, 144
Trd, 000016.683, 145
Trd, 000017.317, 144
Trd, 000017.633, 143
Trd, 000017.700, 145
Trd, 000018.383, 149
Trd, 000019.183, 150
Trd, 000019.950, 151
Trd, 000020.250, 151
Trd, 000020.550, 149
Trd, 000020.967, 133
Trd, 000022.050, 145
Trd, 000022.217, 146
Trd, 000022.833, 145
Trd, 000023.900, 147
Trd, 000023.917, 150
Trd, 000024.600, 147
Trd, 000025.733, 147
Trd, 000026.367, 146
Trd, 000026.983, 148
Trd, 000027.083, 149
Trd, 000028.350, 149
Trd, 000029.117, 150
Trd, 000030.017, 149
Trd, 000030.150, 148
Trd, 000030.317, 147
Trd, 000030.883, 147
Trd, 000032.267, 148
Trd, 000032.533, 146
Trd, 000032.717, 146
Trd, 000033.533, 153
Trd, 000033.667, 152
Trd, 000034.467, 152
Trd, 000034.667, 153
Trd, 000035.883, 150
Trd, 000036.033, 152
Trd, 000036.250, 139
Trd, 000036.750, 138
Trd, 000037.033, 150
Trd, 000038.917, 149
Trd, 000039.500, 148
Trd, 000039.650, 147
Trd, 000039.683, 151
Trd, 000040.533, 147
Trd, 000041.100, 148
Trd, 000041.333, 149
Trd, 000041.900, 148
Trd, 000043.100, 147
Trd, 000043.200, 146
Trd, 000043.883, 145
Trd, 000044.167, 149
Trd, 000044.783, 139
Trd, 000045.583, 142
Trd, 000045.683, 143
Trd, 000046.067, 140
Trd, 000046.533, 139
Trd, 000048.467, 140
Trd, 000048.650, 138
Trd, 000048.733, 140
Trd, 000049.833, 139
Trd, 000050.733, 138
Trd, 000051.333, 138
Trd, 000051.783, 139
Trd, 000051.800, 139
Trd, 000052.383, 138
Trd, 000052.400, 135
Trd, 000053.583, 139
Trd, 000053.617, 140
Trd, 000054.200, 142
Trd, 000054.883, 141
Trd, 000057.233, 143
Trd, 000057.417, 143
Trd, 000057.800, 143
Trd, 000058.733, 138
Trd, 000059.067, 137
Trd, 000059.250, 146
Trd, 000059.517, 156
Trd, 000062.200, 150
Trd, 000063.233, 148
Trd, 000063.567, 147
Trd, 000063.700, 149
Trd, 000064.350, 148
Trd, 000065.567, 155
Trd, 000065.800, 155
Trd, 000066.167, 153
Trd, 000066.200, 152
Trd, 000066.967, 154
Trd, 000067.417, 153
Trd, 000068.333, 154
Trd, 000069.783, 153
Trd, 000070.517, 154
Trd, 000070.617, 152
Trd, 000071.433, 153
Trd, 000071.767, 151
Trd, 000073.600, 151
Trd, 000073.633, 150
Trd, 000074.217, 152
Trd, 000074.250, 153
Trd, 000075.500, 150
Trd, 000075.867, 152
Trd, 000076.483, 153
Trd, 000076.633, 153
Trd, 000077.583, 155
Trd, 000078.367, 158
Trd, 000079.117, 155
Trd, 000079.600, 157
Trd, 000080.000, 155
Trd, 000080.517, 155
Trd, 000081.033, 154
Trd, 000081.267, 155
Trd, 000081.800, 154
Trd, 000082.533, 154
Trd, 000084.017, 154
Trd, 000084.300, 156
Trd, 000084.317, 159
Trd, 000084.450, 155
Trd, 000087.517, 154
Trd, 000087.850, 155
Trd, 000087.967, 154
Trd, 000088.150, 155
Trd, 000088.200, 153
Trd, 000088.500, 153
Trd, 000090.033, 153
Trd, 000090.417, 156
Trd, 000091.400, 155
Trd, 000091.700, 155
Trd, 000092.600, 154
Trd, 000093.400, 154
Trd, 000094.450, 155
Trd, 000094.700, 156
Trd, 000095.233, 155
Trd, 000095.700, 154
Trd, 000096.300, 155
Trd, 000097.700, 154
Trd, 000097.767, 157
Trd, 000097.783, 143
Trd, 000099.233, 157
Trd, 000099.367, 156
Trd, 000101.417, 155
Trd, 000101.583, 156
Trd, 000102.250, 156
Trd, 000102.267, 155
Trd, 000102.933, 154
Trd, 000103.200, 157
Trd, 000103.583, 155
Trd, 000105.783, 155
Trd, 000105.967, 152
Trd, 000106.400, 146
Trd, 000106.900, 144
Trd, 000106.967, 154
Trd, 000107.433, 149
Trd, 000108.517, 149
Trd, 000108.717, 149
Trd, 000108.783, 148
Trd, 000109.700, 150
Trd, 000109.900, 149
Trd, 000111.033, 150
Trd, 000111.200, 149
Trd, 000111.250, 147
Trd, 000111.917, 139
Trd, 000112.900, 148
Trd, 000113.067, 149
Trd, 000113.917, 146
Trd, 000114.233, 148
Trd, 000114.500, 148
Trd, 000115.183, 149
Trd, 000116.950, 148
Trd, 000117.250, 150
Trd, 000117.567, 146
Trd, 000119.583, 151
Trd, 000119.600, 150
Trd, 000120.083, 150
Trd, 000120.233, 148
Trd, 000120.650, 150
Trd, 000121.717, 152
Trd, 000122.450, 153
Trd, 000122.800, 153
Trd, 000123.000, 163
Trd, 000123.217, 180
Trd, 000123.233, 247
Trd, 000123.600, 327.0
Trd, 000124.150, 330.0
Trd, 000124.583, 331.0
Trd, 000125.200, 332.0
Trd, 000125.617, 337.0
Trd, 000127.133, 340.0
Trd, 000129.000, 341.0
Trd, 000129.133, 340.0
Trd, 000129.767, 355.0
Trd, 000131.550, 342
Trd, 000132.667, 345
Trd, 000133.067, 345
Trd, 000134.583, 342
Trd, 000135.433, 341
Trd, 000135.567, 341
Trd, 000135.600, 342
Trd, 000136.083, 339
Trd, 000136.600, 334.0
Trd, 000137.150, 329
Trd, 000137.800, 332
Trd, 000139.000, 334
Trd, 000139.367, 335
Trd, 000141.400, 334.0
Trd, 000141.700, 335
Trd, 000141.967, 335.0
Trd, 000142.867, 336.0
Trd, 000143.100, 334.0
Trd, 000145.217, 337.0
Trd, 000146.117, 336
Trd, 000146.883, 336
Trd, 000146.983, 337
Trd, 000147.583, 338
Trd, 000147.650, 337
Trd, 000147.967, 338
Trd, 000148.100, 337
Trd, 000150.700, 337
Trd, 000151.300, 335
Trd, 000152.583, 342
Trd, 000152.983, 336
Trd, 000153.217, 335.0
Trd, 000153.700, 334.0
Trd, 000154.067, 327.0
Trd, 000155.450, 335
Trd, 000156.000, 335.0
Trd, 000156.217, 334.0
Trd, 000156.250, 337.0
Trd, 000156.667, 350
Trd, 000157.233, 351
Trd, 000159.683, 341
Trd, 000159.833, 340
Trd, 000160.500, 342
Trd, 000160.867, 342
Trd, 000161.167, 336
Trd, 000161.550, 344
Trd, 000161.683, 335
Trd, 000164.250, 334
Trd, 000164.383, 334.0
Trd, 000165.083, 339
Trd, 000165.117, 339
Trd, 000165.333, 340
Trd, 000166.317, 339
Trd, 000166.367, 338
Trd, 000167.883, 341.0
Trd, 000167.950, 337
Trd, 000169.783, 344
Trd, 000169.950, 331.0
Trd, 000170.383, 333
Trd, 000171.583, 341
Trd, 000172.783, 336
Trd, 000173.217, 339
Trd, 000173.567, 335
Trd, 000174.033, 337
Trd, 000174.350, 337
Trd, 000174.667, 333
Trd, 000175.750, 334.0
Trd, 000175.967, 335
Trd, 000177.650, 338
Trd, 000178.700, 338
Trd, 000178.900, 341.0
Trd, 000180.067, 342
Trd, 000180.767, 339
Trd, 000181.167, 338
Trd, 000181.233, 337
Trd, 000181.417, 336
Trd, 000181.850, 336
Trd, 000182.133, 335
Trd, 000182.167, 334.0
Trd, 000182.350, 324.0
Trd, 000182.683, 315
Trd, 000183.083, 211
Trd, 000183.700, 321
Trd, 000183.933, 281
Trd, 000184.517, 162
Trd, 000185.350, 180
Trd, 000185.383, 179
Trd, 000186.850, 165
Trd, 000187.433, 168
Trd, 000187.483, 170
Trd, 000188.133, 167
Trd, 000188.183, 168
Trd, 000188.467, 166
Trd, 000189.050, 171
Trd, 000189.650, 168
Trd, 000189.767, 167
Trd, 000192.050, 169
Trd, 000193.000, 170
Trd, 000193.083, 171
Trd, 000193.467, 166
Trd, 000194.650, 168
Trd, 000195.233, 166
Trd, 000195.383, 167
Trd, 000196.050, 166
Trd, 000196.167, 165
Trd, 000196.450, 153
Trd, 000197.267, 160
Trd, 000197.767, 159
Trd, 000197.850, 161
Trd, 000198.450, 153
Trd, 000199.933, 158
Trd, 000201.533, 172
Trd, 000201.733, 161
Trd, 000203.650, 165
Trd, 000203.717, 164
Trd, 000204.067, 165
Trd, 000204.500, 166
Trd, 000204.667, 163
Trd, 000204.917, 171
Trd, 000205.833, 168
Trd, 000206.500, 168
Trd, 000207.000, 168
Trd, 000207.400, 166
Trd, 000209.133, 168
Trd, 000209.250, 167
Trd, 000209.750, 168
Trd, 000209.983, 156
Trd, 000211.333, 168
Trd, 000211.517, 167
Trd, 000211.717, 165
Trd, 000213.150, 168
Trd, 000213.350, 162
Trd, 000213.783, 165
Trd, 000214.233, 165
Trd, 000216.733, 164
Trd, 000217.183, 166
Trd, 000217.233, 162
Trd, 000217.367, 167
Trd, 000218.333, 162
Trd, 000219.050, 160
Trd, 000219.350, 166
Trd, 000219.417, 167
Trd, 000219.950, 167
Trd, 000220.917, 190
Trd, 000222.683, 169
Trd, 000223.033, 168
Trd, 000223.367, 166
Trd, 000223.817, 167
Trd, 000223.883, 169
Trd, 000224.367, 168
Trd, 000224.717, 167
Trd, 000225.200, 170
Trd, 000226.883, 168
Trd, 000227.900, 168
Trd, 000227.950, 166
Trd, 000228.500, 168
Trd, 000228.900, 170
Trd, 000230.317, 167
Trd, 000230.483, 168
Trd, 000230.917, 167
Trd, 000231.667, 169
Trd, 000232.300, 170
Trd, 000232.483, 169
Trd, 000233.200, 163
Trd, 000233.617, 168
Trd, 000234.300, 165
Trd, 000234.567, 168
Trd, 000235.483, 158
Trd, 000236.500, 166
Trd, 000236.550, 164
Trd, 000236.967, 166
Trd, 000237.683, 165
Trd, 000237.867, 165
Trd, 000237.917, 167
Trd, 000238.050, 161
Trd, 000240.033, 167
Trd, 000240.633, 169
Trd, 000241.150, 168
Trd, 000241.233, 169
Trd, 000242.200, 170
Trd, 000242.267, 171
Trd, 000242.283, 172
Trd, 000242.550, 172
Trd, 000242.683, 169
Trd, 000243.400, 168
Trd, 000244.483, 171
Trd, 000244.583, 172
Trd, 000244.917, 173
Trd, 000245.183, 173
Trd, 000245.283, 172
Trd, 000245.467, 175
Trd, 000246.533, 179
Trd, 000246.650, 177
Trd, 000247.550, 176
Trd, 000247.900, 177
Trd, 000249.117, 175
Trd, 000249.317, 176
Trd, 000249.517, 176
Trd, 000249.533, 174
Trd, 000249.700, 174
Trd, 000250.183, 173
Trd, 000250.417, 173
Trd, 000250.833, 173
Trd, 000250.883, 174
Trd, 000251.583, 175
Trd, 000251.883, 176
Trd, 000252.667, 180
Trd, 000252.850, 185
Trd, 000252.950, 179
Trd, 000254.200, 185
Trd, 000254.467, 182
Trd, 000255.183, 181
Trd, 000255.800, 179
Trd, 000256.050, 181
Trd, 000256.567, 176
Trd, 000256.683, 178
Trd, 000257.083, 175
Trd, 000257.567, 175
Trd, 000257.883, 173
Trd, 000258.667, 176
Trd, 000258.833, 177
Trd, 000258.983, 178
Trd, 000259.117, 177
Trd, 000259.267, 174
Trd, 000259.900, 171
Trd, 000260.050, 176
Trd, 000260.083, 177
Trd, 000260.483, 180
Trd, 000261.467, 181
Trd, 000262.633, 184
Trd, 000262.733, 187
Trd, 000262.900, 184
Trd, 000263.500, 187
Trd, 000263.600, 183
Trd, 000264.000, 183
Trd, 000264.200, 181
Trd, 000264.867, 180
Trd, 000265.017, 181
Trd, 000265.233, 179
Trd, 000265.850, 178
Trd, 000265.983, 180
Trd, 000266.633, 177
Trd, 000266.967, 180
Trd, 000267.233, 175
Trd, 000267.750, 180
Trd, 000268.133, 180
Trd, 000268.433, 176
Trd, 000268.833, 178
Trd, 000269.333, 182
Trd, 000269.367, 181
Trd, 000270.083, 179
Trd, 000271.317, 181
Trd, 000271.467, 182
Trd, 000272.167, 183
Trd, 000272.317, 186
Trd, 000272.650, 188
Trd, 000272.717, 187
Trd, 000273.100, 181
Trd, 000273.417, 177
Trd, 000274.033, 182
Trd, 000274.567, 188
Trd, 000274.967, 187
Trd, 000275.033, 188
Trd, 000275.617, 189
Trd, 000276.083, 185
Trd, 000276.467, 182
Trd, 000277.550, 189
Trd, 000277.733, 191
Trd, 000278.017, 191
Trd, 000278.250, 192
Trd, 000278.667, 185
Trd, 000279.000, 193
Trd, 000279.333, 192
Trd, 000280.100, 191
Trd, 000280.133, 184
Trd, 000280.217, 188
Trd, 000280.633, 184
Trd, 000281.750, 181
Trd, 000281.783, 179
Trd, 000282.633, 178
Trd, 000282.733, 177
Trd, 000282.900, 179
Trd, 000283.017, 173
Trd, 000283.300, 172
Trd, 000284.283, 172
Trd, 000284.367, 173
Trd, 000285.333, 172
Trd, 000285.600, 172
Trd, 000285.767, 174
Trd, 000286.117, 175
Trd, 000286.167, 171
Trd, 000286.350, 176
Trd, 000286.817, 180
Trd, 000286.950, 183
Trd, 000287.683, 156
Trd, 000288.367, 173
Trd, 000288.400, 174
Trd, 000288.867, 177
Trd, 000290.017, 192
Trd, 000290.233, 190
Trd, 000290.350, 181
Trd, 000290.817, 179
Trd, 000290.883, 177
Trd, 000291.433, 178
Trd, 000291.667, 184
Trd, 000292.150, 180
Trd, 000292.900, 182
Trd, 000293.983, 180
Trd, 000294.617, 179
Trd, 000294.750, 178
Trd, 000295.100, 184
Trd, 000295.883, 175
Trd, 000295.950, 179
Trd, 000296.900, 176
Trd, 000296.983, 175
Trd, 000297.017, 178
Trd, 000298.217, 175
Trd, 000298.433, 176
Trd, 000298.767, 173
Trd, 000298.983, 177
Trd, 000299.167, 178
Trd, 000299.683, 174
