Trd, 000002.017, 141
Trd, 000002.567, 161
Trd, 000003.267, 149
Trd, 000003.750, 158
Trd, 000003.767, 137
Trd, 000003.917, 134
Trd, 000004.050, 129
Trd, 000004.183, 178
Trd, 000006.000, 155
Trd, 000008.117, 152
Trd, 000008.667, 148
Trd, 000008.750, 146
Trd, 000008.833, 149
Trd, 000009.483, 156
Trd, 000009.633, 155
Trd, 000009.867, 159
Trd, 000010.417, 159
Trd, 000010.550, 157
Trd, 000010.783, 159
Trd, 000011.050, 156
Trd, 000011.767, 156
Trd, 000011.817, 158
Trd, 000012.567, 159
Trd, 000014.550, 160
Trd, 000014.833, 162
Trd, 000014.967, 159
Trd, 000015.067, 156
Trd, 000015.800, 157
Trd, 000016.417, 156
Trd, 000016.883, 154
Trd, 000017.483, 156
Trd, 000018.000, 157
Trd, 000018.350, 167
Trd, 000019.650, 163
Trd, 000019.817, 158
Trd, 000020.883, 160
Trd, 000021.183, 161
Trd, 000022.250, 162
Trd, 000022.733, 158
Trd, 000023.617, 158
Trd, 000023.833, 158
Trd, 000024.050, 159
Trd, 000024.117, 158
Trd, 000024.600, 158
Trd, 000026.283, 156
Trd, 000026.700, 156
Trd, 000026.983, 155
Trd, 000028.433, 143
Trd, 000028.500, 139
Trd, 000028.583, 154
Trd, 000028.733, 154
Trd, 000029.767, 155
Trd, 000030.683, 150
Trd, 000031.033, 151
Trd, 000031.133, 152
Trd, 000031.733, 152
Trd, 000032.533, 154
Trd, 000033.150, 157
Trd, 000033.833, 157
Trd, 000033.983, 156
Trd, 000034.367, 158
Trd, 000034.517, 161
Trd, 000034.567, 168
Trd, 000035.150, 156
Trd, 000035.933, 134
Trd, 000036.117, 139
Trd, 000036.217, 140
Trd, 000037.467, 154
Trd, 000037.567, 156
Trd, 000038.633, 157
Trd, 000039.500, 159
Trd, 000040.183, 159
Trd, 000040.517, 161
Trd, 000040.767, 161
Trd, 000040.883, 164
Trd, 000041.267, 164
Trd, 000041.517, 162
Trd, 000041.967, 164
Trd, 000042.383, 161
Trd, 000044.067, 164
Trd, 000044.183, 164
Trd, 000044.350, 164
Trd, 000044.550, 165
Trd, 000045.200, 160
Trd, 000045.383, 166
Trd, 000046.517, 161
Trd, 000046.750, 159
Trd, 000047.283, 166
Trd, 000048.233, 158
Trd, 000048.683, 164
Trd, 000048.850, 165
Trd, 000049.783, 164
Trd, 000050.100, 160
Trd, 000050.467, 164
Trd, 000051.417, 163
Trd, 000052.717, 162
Trd, 000052.933, 163
Trd, 000053.100, 162
Trd, 000053.200, 163
Trd, 000053.667, 161
Trd, 000053.900, 163
Trd, 000054.167, 163
Trd, 000055.433, 166
Trd, 000055.450, 163
Trd, 000055.667, 163
Trd, 000056.050, 166
Trd, 000057.783, 157
Trd, 000057.883, 160
Trd, 000058.633, 155
Trd, 000058.767, 154
Trd, 000059.400, 155
Trd, 000059.617, 154
Trd, 000060.317, 157
Trd, 000060.817, 156
Trd, 000060.867, 161
Trd, 000062.217, 163
Trd, 000062.450, 164
Trd, 000062.567, 171
Trd, 000062.917, 161
Trd, 000064.300, 161
Trd, 000064.850, 159
Trd, 000065.133, 151
Trd, 000065.683, 158
Trd, 000066.583, 153
Trd, 000066.933, 153
Trd, 000067.683, 154
Trd, 000068.750, 162
Trd, 000068.967, 159
Trd, 000069.433, 162
Trd, 000069.817, 161
Trd, 000070.867, 160
Trd, 000071.250, 161
Trd, 000071.417, 161
Trd, 000071.500, 162
Trd, 000072.567, 161
Trd, 000072.717, 160
Trd, 000074.183, 162
Trd, 000074.583, 160
Trd, 000074.783, 161
Trd, 000074.917, 162
Trd, 000074.933, 160
Trd, 000074.983, 164
Trd, 000075.883, 163
Trd, 000076.533, 165
Trd, 000077.033, 164
Trd, 000077.567, 162
Trd, 000077.667, 156
Trd, 000078.317, 163
Trd, 000079.183, 163
Trd, 000079.783, 163
Trd, 000080.117, 163
Trd, 000080.283, 152
Trd, 000081.900, 163
Trd, 000081.983, 166
Trd, 000082.983, 164
Trd, 000083.267, 166
Trd, 000083.800, 166
Trd, 000084.100, 164
Trd, 000084.533, 163
Trd, 000084.983, 163
Trd, 000085.783, 167
Trd, 000086.650, 165
Trd, 000087.417, 171
Trd, 000087.500, 172
Trd, 000088.883, 165
Trd, 000089.633, 168
Trd, 000089.917, 167
Trd, 000090.233, 165
Trd, 000090.483, 166
Trd, 000091.267, 164
Trd, 000092.300, 148
Trd, 000092.367, 168
Trd, 000092.583, 166
Trd, 000093.350, 166
Trd, 000095.683, 164
Trd, 000095.867, 164
Trd, 000096.083, 165
Trd, 000097.950, 165
Trd, 000098.400, 166
Trd, 000098.433, 165
Trd, 000098.450, 165
Trd, 000098.800, 166
Trd, 000099.000, 165
Trd, 000100.483, 164
Trd, 000100.600, 167
Trd, 000102.367, 167
Trd, 000102.933, 167
Trd, 000103.250, 167
Trd, 000103.917, 167
Trd, 000104.100, 168
Trd, 000105.700, 168
Trd, 000106.167, 170
Trd, 000106.333, 169
Trd, 000107.600, 173
Trd, 000108.067, 173
Trd, 000108.150, 173
Trd, 000108.217, 174
Trd, 000108.383, 175
Trd, 000109.067, 177
Trd, 000110.417, 176
Trd, 000110.767, 174
Trd, 000110.850, 172
Trd, 000111.233, 172
Trd, 000112.200, 170
Trd, 000114.367, 172
Trd, 000114.650, 172
Trd, 000115.000, 171
Trd, 000116.117, 172
Trd, 000116.267, 171
Trd, 000116.983, 171
Trd, 000117.500, 168
Trd, 000117.883, 169
Trd, 000118.267, 165
Trd, 000118.300, 166
Trd, 000118.433, 168
Trd, 000118.950, 172
Trd, 000119.283, 172
Trd, 000119.400, 175
Trd, 000119.750, 172
Trd, 000119.817, 167
Trd, 000120.150, 170
Trd, 000121.317, 177
Trd, 000121.450, 188
Trd, 000121.867, 191
Trd, 000122.217, 194
Trd, 000122.483, 198
Trd, 000123.050, 193
Trd, 000123.517, 224
Trd, 000123.733, 286
Trd, 000123.783, 337.0
Trd, 000125.367, 353.0
Trd, 000126.583, 355.0
Trd, 000126.833, 351
Trd, 000126.850, 350
Trd, 000127.367, 352
Trd, 000127.467, 355
Trd, 000127.667, 351
Trd, 000128.983, 348
Trd, 000129.583, 354
Trd, 000130.567, 343
Trd, 000130.650, 356.0
Trd, 000131.800, 345
Trd, 000131.967, 343
Trd, 000133.050, 354
Trd, 000134.550, 345
Trd, 000135.667, 352.0
Trd, 000135.833, 352
Trd, 000136.417, 356
Trd, 000136.533, 355.0
Trd, 000136.550, 356
Trd, 000137.100, 357
Trd, 000137.233, 358.0
Trd, 000138.200, 357
Trd, 000140.367, 358
Trd, 000140.450, 357
Trd, 000140.983, 358
Trd, 000141.283, 356
Trd, 000141.667, 357
Trd, 000141.950, 349
Trd, 000142.767, 358.0
Trd, 000143.000, 358
Trd, 000143.800, 355.0
Trd, 000143.917, 354
Trd, 000144.350, 357
Trd, 000145.217, 342
Trd, 000145.900, 356.0
Trd, 000146.733, 357
Trd, 000146.833, 358.0
Trd, 000146.917, 355.0
Trd, 000148.167, 358
Trd, 000149.017, 359
Trd, 000149.433, 359
Trd, 000149.550, 360
Trd, 000149.717, 363
Trd, 000149.933, 382.0
Trd, 000151.217, 357
Trd, 000153.000, 356.0
Trd, 000153.283, 355.0
Trd, 000153.500, 356.0
Trd, 000153.567, 343
Trd, 000154.767, 352
Trd, 000156.350, 350
Trd, 000156.833, 351
Trd, 000157.150, 353
Trd, 000157.950, 354
Trd, 000158.300, 355
Trd, 000159.567, 357
Trd, 000160.533, 357
Trd, 000160.600, 357
Trd, 000160.617, 358.0
Trd, 000161.117, 355.0
Trd, 000161.967, 354
Trd, 000162.083, 356.0
Trd, 000162.750, 357
Trd, 000162.800, 359
Trd, 000162.867, 355.0
Trd, 000163.067, 364
Trd, 000165.750, 358
Trd, 000165.800, 356
Trd, 000166.200, 358
Trd, 000166.650, 357
Trd, 000167.350, 352
Trd, 000168.700, 354.0
Trd, 000169.083, 355.0
Trd, 000169.300, 353
Trd, 000169.483, 356
Trd, 000170.450, 356
Trd, 000170.817, 354
Trd, 000171.400, 358.0
Trd, 000171.417, 355.0
Trd, 000171.817, 355
Trd, 000172.400, 355.0
Trd, 000172.633, 354
Trd, 000172.783, 357
Trd, 000174.100, 358
Trd, 000174.200, 357
Trd, 000174.700, 354
Trd, 000175.667, 350
Trd, 000175.833, 365.0
Trd, 000176.967, 353
Trd, 000177.900, 358
Trd, 000178.283, 357
Trd, 000178.400, 356
Trd, 000178.750, 355
Trd, 000179.317, 357
Trd, 000179.917, 356.0
Trd, 000180.100, 364
Trd, 000181.933, 355.0
Trd, 000182.400, 343
Trd, 000182.567, 337.0
Trd, 000182.983, 330
Trd, 000183.033, 326
Trd, 000183.267, 312
Trd, 000183.567, 306.0
Trd, 000184.300, 293
Trd, 000184.400, 280
Trd, 000184.800, 258
Trd, 000185.483, 213
Trd, 000186.667, 208
Trd, 000187.133, 207
Trd, 000187.700, 193
Trd, 000188.033, 190
Trd, 000189.467, 194
Trd, 000189.883, 192
Trd, 000190.000, 190
Trd, 000190.283, 188
Trd, 000192.067, 189
Trd, 000192.417, 188
Trd, 000193.400, 184
Trd, 000193.417, 189
Trd, 000194.050, 182
Trd, 000195.700, 181
Trd, 000195.867, 181
Trd, 000195.933, 182
Trd, 000197.133, 183
Trd, 000197.550, 176
Trd, 000197.600, 183
Trd, 000197.833, 175
Trd, 000199.683, 176
Trd, 000199.950, 180
Trd, 000200.333, 180
Trd, 000200.883, 175
Trd, 000201.983, 177
Trd, 000203.183, 178
Trd, 000203.650, 176
Trd, 000203.867, 177
Trd, 000204.433, 175
Trd, 000205.333, 178
Trd, 000205.483, 176
Trd, 000205.767, 180
Trd, 000206.333, 180
Trd, 000206.433, 176
Trd, 000206.950, 182
Trd, 000207.083, 176
Trd, 000208.100, 179
Trd, 000208.150, 179
Trd, 000209.333, 184
Trd, 000210.017, 179
Trd, 000210.400, 178
Trd, 000210.517, 186
Trd, 000211.850, 182
Trd, 000212.133, 180
Trd, 000212.533, 179
Trd, 000212.867, 177
Trd, 000212.917, 181
Trd, 000214.883, 182
Trd, 000215.050, 184
Trd, 000215.983, 179
Trd, 000216.317, 178
Trd, 000216.567, 179
Trd, 000217.283, 178
Trd, 000217.500, 177
Trd, 000218.683, 180
Trd, 000218.783, 178
Trd, 000219.317, 178
Trd, 000219.350, 180
Trd, 000220.050, 178
Trd, 000220.650, 179
Trd, 000220.733, 179
Trd, 000220.983, 178
Trd, 000222.317, 177
Trd, 000223.383, 173
Trd, 000224.517, 173
Trd, 000224.733, 172
Trd, 000225.067, 170
Trd, 000225.550, 172
Trd, 000225.650, 177
Trd, 000226.267, 177
Trd, 000227.133, 178
Trd, 000227.667, 179
Trd, 000229.300, 181
Trd, 000229.767, 181
Trd, 000230.100, 180
Trd, 000230.183, 178
Trd, 000230.833, 180
Trd, 000230.850, 181
Trd, 000233.283, 181
Trd, 000233.333, 180
Trd, 000233.633, 181
Trd, 000233.833, 181
Trd, 000233.883, 183
Trd, 000234.983, 182
Trd, 000235.133, 183
Trd, 000235.833, 182
Trd, 000236.350, 182
Trd, 000236.450, 185
Trd, 000237.017, 183
Trd, 000237.667, 184
Trd, 000238.117, 186
Trd, 000239.017, 190
Trd, 000240.333, 179
Trd, 000241.250, 178
Trd, 000241.400, 178
Trd, 000241.567, 177
Trd, 000241.667, 179
Trd, 000241.900, 179
Trd, 000242.217, 173
Trd, 000242.350, 179
Trd, 000243.233, 173
Trd, 000243.783, 174
Trd, 000244.017, 174
Trd, 000244.483, 171
Trd, 000245.017, 171
Trd, 000245.350, 170
Trd, 000245.517, 169
Trd, 000245.917, 172
Trd, 000246.650, 168
Trd, 000246.700, 168
Trd, 000246.783, 171
Trd, 000247.500, 167
Trd, 000248.533, 166
Trd, 000248.617, 169
Trd, 000249.683, 169
Trd, 000249.933, 169
Trd, 000251.083, 172
Trd, 000251.300, 173
Trd, 000251.350, 180
Trd, 000251.917, 179
Trd, 000252.717, 174
Trd, 000252.750, 173
Trd, 000253.733, 169
Trd, 000254.083, 171
Trd, 000254.800, 170
Trd, 000255.000, 173
Trd, 000255.450, 174
Trd, 000255.883, 171
Trd, 000255.900, 176
Trd, 000256.617, 172
Trd, 000256.917, 174
Trd, 000256.967, 176
Trd, 000257.500, 175
Trd, 000257.633, 172
Trd, 000258.633, 171
Trd, 000258.700, 170
Trd, 000258.800, 170
Trd, 000259.633, 180
Trd, 000259.767, 169
Trd, 000260.200, 177
Trd, 000260.600, 174
Trd, 000260.717, 175
Trd, 000261.333, 171
Trd, 000261.617, 175
Trd, 000261.733, 180
Trd, 000261.767, 181
Trd, 000262.650, 171
Trd, 000263.817, 172
Trd, 000264.167, 179
Trd, 000265.033, 179
Trd, 000266.100, 174
Trd, 000266.550, 175
Trd, 000266.617, 179
Trd, 000267.517, 177
Trd, 000267.567, 176
Trd, 000268.400, 181
Trd, 000269.267, 178
Trd, 000269.583, 179
Trd, 000270.450, 179
Trd, 000270.517, 180
Trd, 000270.717, 177
Trd, 000271.333, 176
Trd, 000271.483, 180
Trd, 000271.850, 181
Trd, 000271.983, 175
Trd, 000273.567, 176
Trd, 000273.717, 178
Trd, 000274.283, 178
Trd, 000274.667, 177
Trd, 000275.000, 176
Trd, 000276.400, 174
Trd, 000276.733, 174
Trd, 000276.983, 173
Trd, 000277.650, 172
Trd, 000278.183, 176
Trd, 000278.200, 170
Trd, 000279.083, 176
Trd, 000279.817, 171
Trd, 000280.067, 174
Trd, 000280.900, 174
Trd, 000281.233, 172
Trd, 000281.700, 171
Trd, 000282.200, 171
Trd, 000282.367, 171
Trd, 000282.400, 172
Trd, 000282.733, 175
Trd, 000283.517, 176
Trd, 000283.850, 174
Trd, 000284.433, 183
Trd, 000284.450, 186
Trd, 000285.050, 180
Trd, 000285.067, 173
Trd, 000286.150, 175
Trd, 000286.300, 180
Trd, 000287.567, 179
Trd, 000288.167, 178
Trd, 000288.467, 177
Trd, 000288.567, 179
Trd, 000288.800, 175
Trd, 000288.850, 179
Trd, 000289.100, 174
Trd, 000289.967, 172
Trd, 000290.033, 178
Trd, 000290.117, 179
Trd, 000290.383, 181
Trd, 000291.033, 184
Trd, 000291.533, 174
Trd, 000291.933, 174
Trd, 000292.250, 170
Trd, 000293.083, 188
Trd, 000293.633, 191
Trd, 000293.683, 194
Trd, 000294.000, 190
Trd, 000294.583, 177
Trd, 000295.767, 184
Trd, 000295.933, 184
Trd, 000296.150, 182
Trd, 000296.250, 181
Trd, 000297.067, 182
Trd, 000297.300, 181
Trd, 000297.667, 181
Trd, 000297.783, 176
Trd, 000298.000, 175
Trd, 000298.300, 173
Trd, 000299.250, 183
Trd, 000299.600, 183
