Trd, 000002.333, 137
Trd, 000003.383, 133
Trd, 000003.517, 134
Trd, 000004.217, 136
Trd, 000004.450, 149
Trd, 000004.483, 155
Trd, 000004.617, 135
Trd, 000006.500, 141
Trd, 000006.550, 151
Trd, 000007.483, 150
Trd, 000008.233, 158
Trd, 000008.517, 166
Trd, 000008.733, 151
Trd, 000009.917, 155
Trd, 000010.283, 148
Trd, 000010.383, 152
Trd, 000010.633, 152
Trd, 000011.067, 149
Trd, 000011.667, 153
Trd, 000012.350, 149
Trd, 000013.017, 149
Trd, 000013.667, 150
Trd, 000013.733, 152
Trd, 000013.867, 149
Trd, 000014.267, 159
Trd, 000014.850, 148
Trd, 000014.917, 170
Trd, 000016.117, 152
Trd, 000017.067, 147
Trd, 000017.833, 153
Trd, 000018.033, 145
Trd, 000018.483, 159
Trd, 000018.950, 159
Trd, 000018.967, 137
Trd, 000019.450, 160
Trd, 000020.850, 149
Trd, 000021.567, 153
Trd, 000022.300, 152
Trd, 000022.483, 149
Trd, 000023.067, 151
Trd, 000023.650, 149
Trd, 000023.833, 148
Trd, 000024.650, 150
Trd, 000024.733, 151
Trd, 000025.000, 139
Trd, 000026.700, 144
Trd, 000027.033, 151
Trd, 000028.167, 143
Trd, 000028.333, 151
Trd, 000029.050, 140
Trd, 000029.117, 152
Trd, 000030.183, 161
Trd, 000030.950, 146
Trd, 000031.183, 175
Trd, 000031.633, 164
Trd, 000033.567, 150
Trd, 000034.133, 151
Trd, 000034.267, 155
Trd, 000034.533, 152
Trd, 000034.850, 150
Trd, 000035.567, 150
Trd, 000036.233, 155
Trd, 000036.483, 148
Trd, 000036.950, 155
Trd, 000037.533, 161
Trd, 000037.650, 151
Trd, 000037.933, 160
Trd, 000038.517, 176
Trd, 000040.533, 156
Trd, 000041.333, 160
Trd, 000041.750, 163
Trd, 000041.883, 157
Trd, 000042.917, 161
Trd, 000043.233, 161
Trd, 000044.533, 155
Trd, 000044.550, 160
Trd, 000045.100, 155
Trd, 000045.533, 152
Trd, 000045.567, 151
Trd, 000045.750, 140
Trd, 000047.333, 158
Trd, 000049.100, 160
Trd, 000049.333, 159
Trd, 000050.000, 159
Trd, 000050.050, 158
Trd, 000050.417, 160
Trd, 000050.683, 159
Trd, 000050.783, 177
Trd, 000050.850, 177
Trd, 000051.417, 159
Trd, 000051.700, 159
Trd, 000051.950, 158
Trd, 000052.317, 141
Trd, 000052.867, 139
Trd, 000053.083, 143
Trd, 000053.817, 143
Trd, 000055.083, 151
Trd, 000056.150, 150
Trd, 000056.700, 151
Trd, 000057.917, 150
Trd, 000058.433, 151
Trd, 000059.000, 151
Trd, 000059.317, 152
Trd, 000060.150, 150
Trd, 000060.867, 151
Trd, 000060.933, 152
Trd, 000061.100, 154
Trd, 000061.267, 149
Trd, 000063.733, 153
Trd, 000063.933, 153
Trd, 000064.283, 157
Trd, 000064.350, 151
Trd, 000064.517, 156
Trd, 000064.583, 164
Trd, 000064.683, 178
Trd, 000065.833, 152
Trd, 000065.933, 187
Trd, 000066.517, 150
Trd, 000067.667, 151
Trd, 000069.117, 158
Trd, 000069.150, 151
Trd, 000069.367, 150
Trd, 000070.333, 160
Trd, 000070.667, 158
Trd, 000071.383, 160
Trd, 000071.567, 155
Trd, 000071.650, 153
Trd, 000071.783, 162
Trd, 000072.783, 154
Trd, 000072.817, 153
Trd, 000072.950, 155
Trd, 000073.500, 158
Trd, 000073.617, 158
Trd, 000073.983, 150
Trd, 000075.650, 159
Trd, 000076.667, 154
Trd, 000076.767, 153
Trd, 000077.283, 156
Trd, 000077.417, 158
Trd, 000078.200, 154
Trd, 000079.100, 159
Trd, 000080.917, 164
Trd, 000081.617, 156
Trd, 000081.717, 158
Trd, 000081.900, 152
Trd, 000082.400, 154
Trd, 000083.100, 152
Trd, 000083.500, 158
Trd, 000084.683, 152
Trd, 000085.083, 154
Trd, 000085.683, 165
Trd, 000085.867, 154
Trd, 000085.900, 160
Trd, 000086.533, 173
Trd, 000086.567, 172
Trd, 000087.267, 170
Trd, 000087.483, 181
Trd, 000087.850, 174
Trd, 000087.983, 177
Trd, 000088.750, 161
Trd, 000089.133, 166
Trd, 000089.600, 160
Trd, 000089.617, 155
Trd, 000091.333, 159
Trd, 000092.033, 157
Trd, 000092.450, 156
Trd, 000093.033, 159
Trd, 000093.250, 160
Trd, 000094.183, 158
Trd, 000094.283, 159
Trd, 000094.317, 157
Trd, 000094.800, 154
Trd, 000095.117, 154
Trd, 000095.567, 159
Trd, 000095.733, 153
Trd, 000096.900, 160
Trd, 000097.750, 165
Trd, 000098.583, 153
Trd, 000099.183, 153
Trd, 000099.800, 166
Trd, 000100.117, 156
Trd, 000100.683, 155
Trd, 000100.733, 161
Trd, 000101.633, 154
Trd, 000102.750, 156
Trd, 000103.833, 159
Trd, 000104.217, 161
Trd, 000104.683, 154
Trd, 000105.367, 160
Trd, 000105.583, 164
Trd, 000106.183, 165
Trd, 000106.300, 167
Trd, 000106.867, 160
Trd, 000107.717, 158
Trd, 000108.717, 167
Trd, 000110.917, 167
Trd, 000110.983, 162
Trd, 000111.117, 183
Trd, 000111.333, 184
Trd, 000111.467, 161
Trd, 000112.167, 162
Trd, 000112.850, 178
Trd, 000113.267, 167
Trd, 000113.483, 158
Trd, 000113.683, 166
Trd, 000114.267, 161
Trd, 000114.500, 168
Trd, 000115.350, 158
Trd, 000116.167, 163
Trd, 000116.883, 160
Trd, 000117.450, 165
Trd, 000118.850, 158
Trd, 000119.067, 155
Trd, 000120.067, 162
Trd, 000120.717, 163
Trd, 000120.900, 184
Trd, 000120.950, 159
Trd, 000121.083, 170
Trd, 000121.333, 191
Trd, 000121.983, 182
Trd, 000122.200, 194
Trd, 000122.833, 199
Trd, 000123.433, 201
Trd, 000123.550, 208
Trd, 000123.750, 246
Trd, 000124.267, 308
Trd, 000124.967, 327.0
Trd, 000125.567, 330
Trd, 000125.583, 331
Trd, 000126.200, 337.0
Trd, 000127.083, 344.0
Trd, 000127.683, 329
Trd, 000128.517, 331
Trd, 000128.883, 331
Trd, 000129.600, 335.0
Trd, 000130.367, 336.0
Trd, 000130.683, 337.0
Trd, 000130.767, 344.0
Trd, 000131.267, 335.0
Trd, 000131.433, 334
Trd, 000131.450, 358.0
Trd, 000132.700, 347
Trd, 000133.633, 339.0
Trd, 000133.717, 346
Trd, 000135.233, 348
Trd, 000135.533, 351.0
Trd, 000135.783, 351
Trd, 000136.517, 346
Trd, 000136.783, 345
Trd, 000136.967, 358.0
Trd, 000137.233, 345.0
Trd, 000137.250, 344.0
Trd, 000139.067, 348
Trd, 000140.200, 340
Trd, 000140.333, 339
Trd, 000140.450, 349
Trd, 000140.467, 352
Trd, 000141.733, 339
Trd, 000142.550, 341
Trd, 000142.817, 348
Trd, 000143.433, 349
Trd, 000143.917, 350
Trd, 000144.967, 344
Trd, 000145.200, 343
Trd, 000145.667, 349
Trd, 000147.050, 341
Trd, 000147.333, 351.0
Trd, 000148.333, 342
Trd, 000148.717, 335
Trd, 000149.200, 353
Trd, 000149.683, 353
Trd, 000150.117, 354
Trd, 000150.217, 335.0
Trd, 000150.350, 334.0
Trd, 000151.100, 358.0
Trd, 000151.617, 351.0
Trd, 000151.650, 372.0
Trd, 000151.750, 337
Trd, 000152.067, 337.0
Trd, 000154.200, 352
Trd, 000154.400, 351
Trd, 000154.533, 356.0
Trd, 000155.117, 356.0
Trd, 000157.417, 351.0
Trd, 000157.600, 351
Trd, 000157.717, 351
Trd, 000157.883, 354
Trd, 000159.900, 352
Trd, 000160.467, 356.0
Trd, 000160.767, 354
Trd, 000161.000, 350
Trd, 000161.183, 346.0
Trd, 000162.033, 351.0
Trd, 000163.400, 351
Trd, 000163.450, 349
Trd, 000163.883, 344.0
Trd, 000164.117, 339
Trd, 000165.117, 338
Trd, 000165.233, 336
Trd, 000165.400, 348
Trd, 000165.833, 347
Trd, 000166.567, 349
Trd, 000167.150, 340
Trd, 000167.283, 350
Trd, 000167.933, 338
Trd, 000168.750, 336
Trd, 000169.200, 336
Trd, 000169.800, 349
Trd, 000170.500, 348
Trd, 000171.017, 341
Trd, 000171.100, 341.0
Trd, 000171.283, 349
Trd, 000171.433, 348
Trd, 000171.567, 351.0
Trd, 000172.900, 372.0
Trd, 000175.133, 357.0
Trd, 000175.217, 358.0
Trd, 000175.833, 350
Trd, 000176.667, 349
Trd, 000176.700, 348
Trd, 000177.183, 347
Trd, 000178.550, 349
Trd, 000178.617, 350
Trd, 000178.983, 351
Trd, 000179.533, 343
Trd, 000181.033, 344
Trd, 000181.100, 346.0
Trd, 000181.833, 344
Trd, 000183.317, 334.0
Trd, 000183.417, 311
Trd, 000183.667, 298
Trd, 000183.717, 297
Trd, 000183.900, 283
Trd, 000184.250, 248
Trd, 000184.367, 207
Trd, 000184.450, 210
Trd, 000185.783, 212
Trd, 000186.683, 211
Trd, 000186.850, 201
Trd, 000187.117, 197
Trd, 000187.383, 181
Trd, 000187.900, 174
Trd, 000188.350, 169
Trd, 000188.467, 163
Trd, 000188.717, 170
Trd, 000189.283, 177
Trd, 000190.283, 162
Trd, 000190.317, 156
Trd, 000190.933, 170
Trd, 000191.250, 175
Trd, 000191.533, 161
Trd, 000191.617, 155
Trd, 000193.933, 170
Trd, 000194.233, 172
Trd, 000194.650, 163
Trd, 000194.783, 162
Trd, 000194.950, 158
Trd, 000195.717, 171
Trd, 000195.900, 160
Trd, 000195.983, 170
Trd, 000197.400, 172
Trd, 000197.583, 178
Trd, 000198.767, 165
Trd, 000198.783, 174
Trd, 000198.867, 156
Trd, 000200.183, 165
Trd, 000200.900, 167
Trd, 000202.567, 168
Trd, 000202.900, 168
Trd, 000202.967, 169
Trd, 000203.067, 167
Trd, 000203.650, 171
Trd, 000204.267, 167
Trd, 000205.000, 165
Trd, 000205.317, 167
Trd, 000206.300, 167
Trd, 000206.450, 165
Trd, 000206.517, 164
Trd, 000207.100, 158
Trd, 000207.650, 171
Trd, 000207.667, 154
Trd, 000209.183, 170
Trd, 000209.733, 173
Trd, 000210.050, 160
Trd, 000210.150, 179
Trd, 000211.950, 169
Trd, 000212.150, 167
Trd, 000212.467, 170
Trd, 000213.167, 168
Trd, 000213.417, 171
Trd, 000214.750, 167
Trd, 000214.917, 172
Trd, 000215.600, 179
Trd, 000216.650, 176
Trd, 000216.833, 176
Trd, 000218.417, 173
Trd, 000218.500, 171
Trd, 000218.800, 176
Trd, 000219.067, 176
Trd, 000219.750, 169
Trd, 000220.733, 173
Trd, 000220.950, 171
Trd, 000221.000, 180
Trd, 000222.233, 169
Trd, 000223.417, 168
Trd, 000223.533, 178
Trd, 000225.050, 172
Trd, 000225.233, 171
Trd, 000225.267, 172
Trd, 000225.917, 169
Trd, 000226.083, 172
Trd, 000226.417, 173
Trd, 000226.450, 176
Trd, 000227.133, 180
Trd, 000227.283, 167
Trd, 000227.550, 166
Trd, 000228.117, 175
Trd, 000229.867, 206
Trd, 000230.100, 203
Trd, 000230.550, 202
Trd, 000231.450, 203
Trd, 000231.517, 167
Trd, 000232.500, 166
Trd, 000232.867, 172
Trd, 000233.883, 174
Trd, 000234.800, 172
Trd, 000235.300, 163
Trd, 000235.567, 162
Trd, 000235.750, 165
Trd, 000236.033, 159
Trd, 000237.183, 167
Trd, 000237.367, 172
Trd, 000237.383, 165
Trd, 000238.467, 181
Trd, 000238.717, 172
Trd, 000238.867, 171
Trd, 000239.917, 168
Trd, 000241.033, 179
Trd, 000241.167, 181
Trd, 000241.183, 170
Trd, 000241.267, 182
Trd, 000241.883, 172
Trd, 000242.033, 175
Trd, 000242.250, 174
Trd, 000242.433, 175
Trd, 000242.467, 173
Trd, 000243.050, 175
Trd, 000243.700, 173
Trd, 000243.817, 172
Trd, 000243.900, 175
Trd, 000243.950, 177
Trd, 000244.000, 171
Trd, 000244.017, 182
Trd, 000244.900, 175
Trd, 000245.367, 172
Trd, 000245.567, 169
Trd, 000246.700, 173
Trd, 000246.850, 176
Trd, 000247.050, 174
Trd, 000247.483, 178
Trd, 000248.383, 176
Trd, 000249.350, 169
Trd, 000249.650, 171
Trd, 000250.233, 171
Trd, 000250.283, 173
Trd, 000250.600, 173
Trd, 000251.133, 172
Trd, 000251.333, 174
Trd, 000252.067, 175
Trd, 000253.117, 175
Trd, 000253.350, 173
Trd, 000253.633, 161
Trd, 000253.883, 167
Trd, 000254.600, 162
Trd, 000254.633, 161
Trd, 000254.833, 169
Trd, 000255.133, 167
Trd, 000255.433, 162
Trd, 000255.800, 175
Trd, 000256.900, 167
Trd, 000257.183, 169
Trd, 000257.317, 173
Trd, 000257.333, 170
Trd, 000257.650, 174
Trd, 000258.083, 174
Trd, 000258.567, 175
Trd, 000258.583, 176
Trd, 000258.900, 198
Trd, 000259.600, 176
Trd, 000260.083, 182
Trd, 000260.233, 179
Trd, 000260.650, 180
Trd, 000261.433, 183
Trd, 000261.450, 182
Trd, 000261.967, 181
Trd, 000261.983, 177
Trd, 000262.367, 182
Trd, 000262.617, 178
Trd, 000263.117, 183
Trd, 000263.133, 184
Trd, 000263.617, 180
Trd, 000263.967, 177
Trd, 000264.417, 173
Trd, 000265.000, 170
Trd, 000265.583, 171
Trd, 000266.083, 170
Trd, 000267.067, 171
Trd, 000267.100, 170
Trd, 000267.317, 168
Trd, 000267.383, 173
Trd, 000267.917, 170
Trd, 000267.933, 175
Trd, 000269.783, 179
Trd, 000269.900, 178
Trd, 000270.067, 179
Trd, 000271.017, 179
Trd, 000271.583, 177
Trd, 000271.750, 180
Trd, 000272.000, 178
Trd, 000272.867, 177
Trd, 000272.950, 176
Trd, 000273.067, 178
Trd, 000273.383, 190
Trd, 000273.483, 199
Trd, 000273.867, 174
Trd, 000274.683, 172
Trd, 000275.283, 177
Trd, 000275.300, 178
Trd, 000275.800, 173
Trd, 000275.917, 163
Trd, 000275.983, 174
Trd, 000276.350, 161
Trd, 000277.100, 156
Trd, 000277.750, 172
Trd, 000277.917, 173
Trd, 000278.183, 169
Trd, 000279.050, 176
Trd, 000279.167, 176
Trd, 000279.467, 177
Trd, 000279.600, 200
Trd, 000280.317, 175
Trd, 000280.483, 174
Trd, 000280.600, 171
Trd, 000281.317, 165
Trd, 000281.383, 168
Trd, 000281.400, 176
Trd, 000282.883, 173
Trd, 000283.250, 173
Trd, 000283.650, 165
Trd, 000283.867, 174
Trd, 000283.883, 164
Trd, 000284.000, 162
Trd, 000284.300, 163
Trd, 000284.817, 154
Trd, 000284.883, 179
Trd, 000285.783, 166
Trd, 000286.083, 179
Trd, 000286.267, 186
Trd, 000287.167, 182
Trd, 000287.750, 176
Trd, 000287.900, 180
Trd, 000287.917, 175
Trd, 000288.200, 175
Trd, 000288.367, 163
Trd, 000288.500, 174
Trd, 000288.533, 171
Trd, 000289.933, 187
Trd, 000290.267, 185
Trd, 000290.633, 190
Trd, 000292.017, 187
Trd, 000292.333, 187
Trd, 000292.350, 186
Trd, 000293.300, 187
Trd, 000293.667, 175
Trd, 000293.767, 173
Trd, 000294.017, 186
Trd, 000294.100, 201
Trd, 000294.500, 184
Trd, 000295.000, 187
Trd, 000295.267, 184
Trd, 000295.950, 184
Trd, 000296.450, 185
Trd, 000297.200, 184
Trd, 000297.250, 187
Trd, 000298.267, 185
Trd, 000298.350, 184
Trd, 000298.567, 172
Trd, 000298.750, 182
Trd, 000299.567, 184
Trd, 000299.633, 188
