Trd, 000001.517, 139
Trd, 000002.500, 148
Trd, 000002.983, 142
Trd, 000003.750, 147
Trd, 000003.883, 143
Trd, 000004.117, 142
Trd, 000004.800, 147
Trd, 000006.017, 146
Trd, 000006.300, 148
Trd, 000006.850, 151
Trd, 000007.650, 168
Trd, 000008.067, 161
Trd, 000008.267, 156
Trd, 000008.367, 153
Trd, 000009.333, 150
Trd, 000010.150, 149
Trd, 000010.433, 151
Trd, 000010.483, 152
Trd, 000010.650, 144
Trd, 000010.850, 152
Trd, 000011.033, 155
Trd, 000012.050, 149
Trd, 000012.133, 142
Trd, 000013.300, 150
Trd, 000014.000, 149
Trd, 000014.017, 149
Trd, 000014.800, 152
Trd, 000015.917, 154
Trd, 000016.300, 154
Trd, 000016.550, 151
Trd, 000016.567, 158
Trd, 000016.983, 164
Trd, 000017.050, 144
Trd, 000018.183, 163
Trd, 000019.283, 150
Trd, 000019.300, 148
Trd, 000020.533, 163
Trd, 000020.583, 165
Trd, 000022.433, 152
Trd, 000022.567, 153
Trd, 000022.600, 151
Trd, 000023.150, 153
Trd, 000023.617, 150
Trd, 000024.417, 149
Trd, 000024.433, 153
Trd, 000024.717, 146
Trd, 000025.867, 150
Trd, 000026.033, 151
Trd, 000026.300, 157
Trd, 000026.500, 151
Trd, 000027.000, 148
Trd, 000027.067, 143
Trd, 000027.283, 166
Trd, 000029.383, 163
Trd, 000029.550, 160
Trd, 000030.233, 169
Trd, 000030.833, 163
Trd, 000031.033, 158
Trd, 000031.617, 157
Trd, 000031.633, 152
Trd, 000031.883, 169
Trd, 000032.550, 151
Trd, 000033.050, 144
Trd, 000033.867, 156
Trd, 000034.667, 144
Trd, 000035.433, 153
Trd, 000035.583, 154
Trd, 000036.133, 151
Trd, 000036.667, 151
Trd, 000037.400, 155
Trd, 000038.183, 153
Trd, 000038.267, 150
Trd, 000039.050, 154
Trd, 000039.483, 153
Trd, 000040.033, 152
Trd, 000040.250, 153
Trd, 000040.500, 152
Trd, 000040.917, 151
Trd, 000041.850, 145
Trd, 000042.183, 152
Trd, 000043.200, 149
Trd, 000043.617, 147
Trd, 000044.683, 154
Trd, 000044.733, 155
Trd, 000045.300, 147
Trd, 000045.383, 148
Trd, 000045.967, 147
Trd, 000046.800, 150
Trd, 000046.950, 147
Trd, 000047.567, 156
Trd, 000048.083, 146
Trd, 000048.400, 142
Trd, 000048.983, 157
Trd, 000050.483, 156
Trd, 000051.383, 160
Trd, 000051.600, 162
Trd, 000052.133, 154
Trd, 000052.633, 149
Trd, 000052.717, 155
Trd, 000053.100, 156
Trd, 000053.150, 161
Trd, 000053.583, 152
Trd, 000053.650, 161
Trd, 000054.217, 171
Trd, 000054.717, 170
Trd, 000056.117, 163
Trd, 000057.583, 167
Trd, 000058.000, 167
Trd, 000058.133, 168
Trd, 000058.317, 160
Trd, 000058.600, 154
Trd, 000059.717, 146
Trd, 000059.833, 152
Trd, 000060.333, 149
Trd, 000060.367, 156
Trd, 000060.900, 157
Trd, 000061.567, 171
Trd, 000061.900, 174
Trd, 000063.350, 168
Trd, 000063.700, 165
Trd, 000064.283, 165
Trd, 000064.433, 164
Trd, 000064.467, 169
Trd, 000064.850, 161
Trd, 000066.217, 157
Trd, 000066.867, 158
Trd, 000066.900, 169
Trd, 000067.250, 172
Trd, 000068.400, 156
Trd, 000069.067, 154
Trd, 000069.150, 148
Trd, 000070.217, 151
Trd, 000070.517, 153
Trd, 000070.767, 155
Trd, 000072.117, 147
Trd, 000072.200, 158
Trd, 000072.317, 151
Trd, 000074.067, 144
Trd, 000074.133, 138
Trd, 000074.367, 166
Trd, 000075.250, 160
Trd, 000075.433, 167
Trd, 000075.883, 168
Trd, 000077.083, 163
Trd, 000077.417, 173
Trd, 000077.700, 172
Trd, 000077.933, 157
Trd, 000078.450, 159
Trd, 000078.850, 155
Trd, 000078.900, 176
Trd, 000080.117, 167
Trd, 000080.167, 157
Trd, 000081.300, 158
Trd, 000082.033, 157
Trd, 000082.883, 152
Trd, 000083.700, 152
Trd, 000083.933, 153
Trd, 000084.083, 145
Trd, 000084.333, 156
Trd, 000084.483, 141
Trd, 000084.733, 159
Trd, 000085.450, 175
Trd, 000086.200, 180
Trd, 000086.233, 154
Trd, 000086.383, 157
Trd, 000086.550, 181
Trd, 000088.117, 173
Trd, 000088.650, 171
Trd, 000088.750, 164
Trd, 000090.050, 168
Trd, 000090.317, 167
Trd, 000090.683, 161
Trd, 000091.267, 157
Trd, 000091.533, 154
Trd, 000092.200, 157
Trd, 000092.867, 148
Trd, 000093.083, 147
Trd, 000093.417, 157
Trd, 000094.150, 157
Trd, 000094.417, 160
Trd, 000095.900, 155
Trd, 000096.533, 171
Trd, 000096.567, 158
Trd, 000096.933, 156
Trd, 000097.383, 156
Trd, 000097.833, 154
Trd, 000098.400, 173
Trd, 000099.117, 159
Trd, 000099.167, 161
Trd, 000099.683, 176
Trd, 000099.800, 159
Trd, 000099.817, 158
Trd, 000100.300, 177
Trd, 000100.867, 158
Trd, 000102.017, 198
Trd, 000102.500, 151
Trd, 000103.067, 161
Trd, 000103.133, 158
Trd, 000103.250, 186
Trd, 000104.233, 149
Trd, 000105.250, 157
Trd, 000105.983, 158
Trd, 000106.617, 174
Trd, 000108.000, 168
Trd, 000108.183, 166
Trd, 000108.550, 175
Trd, 000108.700, 165
Trd, 000109.567, 160
Trd, 000109.650, 159
Trd, 000110.867, 166
Trd, 000110.967, 169
Trd, 000111.083, 174
Trd, 000112.300, 159
Trd, 000112.500, 157
Trd, 000113.350, 162
Trd, 000114.050, 166
Trd, 000115.417, 164
Trd, 000116.067, 163
Trd, 000116.217, 159
Trd, 000117.000, 164
Trd, 000117.117, 160
Trd, 000117.883, 165
Trd, 000118.417, 161
Trd, 000118.583, 169
Trd, 000119.233, 159
Trd, 000119.767, 174
Trd, 000120.117, 167
Trd, 000120.817, 175
Trd, 000121.083, 177
Trd, 000122.200, 177
Trd, 000122.633, 184
Trd, 000123.683, 194
Trd, 000123.767, 173
Trd, 000124.117, 185
Trd, 000124.233, 324.0
Trd, 000124.633, 344.0
Trd, 000125.617, 320
Trd, 000125.650, 321
Trd, 000127.033, 316
Trd, 000128.467, 321
Trd, 000128.700, 320
Trd, 000129.417, 320
Trd, 000130.100, 323.0
Trd, 000130.350, 324.0
Trd, 000131.150, 334
Trd, 000131.483, 344.0
Trd, 000132.067, 345
Trd, 000132.250, 348.0
Trd, 000132.583, 335.0
Trd, 000132.683, 351.0
Trd, 000132.700, 334
Trd, 000133.150, 334.0
Trd, 000133.817, 346
Trd, 000134.900, 345
Trd, 000135.133, 340.0
Trd, 000136.217, 343
Trd, 000136.617, 344.0
Trd, 000137.200, 339
Trd, 000137.350, 346
Trd, 000138.117, 348.0
Trd, 000138.467, 366
Trd, 000138.783, 355
Trd, 000138.817, 368.0
Trd, 000139.633, 343
Trd, 000139.800, 344.0
Trd, 000142.233, 347
Trd, 000142.533, 349
Trd, 000142.567, 350
Trd, 000142.700, 351
Trd, 000142.767, 346
Trd, 000144.550, 351.0
Trd, 000144.617, 349.0
Trd, 000144.800, 348.0
Trd, 000145.150, 365
Trd, 000145.267, 366
Trd, 000147.067, 344
Trd, 000148.433, 355.0
Trd, 000148.517, 344
Trd, 000148.983, 341.0
Trd, 000150.200, 341.0
Trd, 000150.500, 348.0
Trd, 000150.583, 344
Trd, 000150.783, 347.0
Trd, 000151.400, 346.0
Trd, 000152.667, 344
Trd, 000153.267, 341
Trd, 000153.367, 339
Trd, 000153.433, 348.0
Trd, 000154.517, 351.0
Trd, 000154.800, 349
Trd, 000154.900, 337.0
Trd, 000155.033, 351.0
Trd, 000155.767, 337
Trd, 000156.933, 344.0
Trd, 000157.183, 332.0
Trd, 000157.800, 351.0
Trd, 000159.117, 333.0
Trd, 000159.800, 348.0
Trd, 000159.933, 333
Trd, 000160.850, 368.0
Trd, 000161.150, 363
Trd, 000161.250, 380
Trd, 000161.917, 369
Trd, 000161.967, 360
Trd, 000163.667, 356.0
Trd, 000164.267, 356.0
Trd, 000164.400, 355.0
Trd, 000165.117, 354
Trd, 000165.183, 349
Trd, 000165.883, 348.0
Trd, 000165.917, 351
Trd, 000166.133, 352
Trd, 000166.650, 349
Trd, 000168.400, 349.0
Trd, 000168.417, 348.0
Trd, 000168.617, 350
Trd, 000168.633, 344
Trd, 000169.417, 344.0
Trd, 000171.150, 347.0
Trd, 000171.683, 346.0
Trd, 000171.733, 341.0
Trd, 000172.033, 348.0
Trd, 000172.300, 351.0
Trd, 000174.383, 352
Trd, 000175.050, 363
Trd, 000175.750, 355.0
Trd, 000176.067, 360
Trd, 000176.167, 359
Trd, 000176.400, 349
Trd, 000176.600, 359
Trd, 000177.167, 359
Trd, 000177.533, 355.0
Trd, 000178.333, 349.0
Trd, 000179.417, 351
Trd, 000179.883, 350
Trd, 000181.000, 358
Trd, 000181.217, 337.0
Trd, 000181.233, 334.0
Trd, 000181.500, 348.0
Trd, 000181.700, 350
Trd, 000181.800, 338
Trd, 000182.117, 331.0
Trd, 000182.333, 324.0
Trd, 000182.867, 305
Trd, 000183.083, 319
Trd, 000183.217, 302
Trd, 000183.383, 294
Trd, 000183.517, 343
Trd, 000183.567, 218
Trd, 000185.750, 173
Trd, 000185.917, 167
Trd, 000186.400, 172
Trd, 000186.950, 168
Trd, 000187.083, 168
Trd, 000187.133, 167
Trd, 000187.483, 167
Trd, 000187.750, 170
Trd, 000188.033, 170
Trd, 000189.367, 182
Trd, 000190.033, 171
Trd, 000190.267, 183
Trd, 000190.317, 184
Trd, 000191.533, 174
Trd, 000192.100, 187
Trd, 000192.517, 174
Trd, 000194.283, 178
Trd, 000194.567, 177
Trd, 000195.250, 174
Trd, 000195.550, 174
Trd, 000196.117, 179
Trd, 000196.483, 168
Trd, 000197.550, 174
Trd, 000198.183, 175
Trd, 000198.733, 174
Trd, 000198.850, 176
Trd, 000199.517, 170
Trd, 000199.950, 170
Trd, 000200.150, 184
Trd, 000200.167, 168
Trd, 000201.150, 175
Trd, 000201.817, 169
Trd, 000202.183, 165
Trd, 000203.167, 169
Trd, 000203.300, 170
Trd, 000203.350, 169
Trd, 000203.600, 168
Trd, 000203.683, 171
Trd, 000204.233, 172
Trd, 000204.633, 163
Trd, 000204.933, 168
Trd, 000205.650, 175
Trd, 000206.017, 185
Trd, 000206.817, 178
Trd, 000208.533, 180
Trd, 000208.767, 178
Trd, 000210.067, 178
Trd, 000210.783, 178
Trd, 000211.250, 177
Trd, 000211.383, 178
Trd, 000211.433, 176
Trd, 000213.283, 171
Trd, 000213.533, 172
Trd, 000213.733, 173
Trd, 000214.450, 170
Trd, 000214.583, 170
Trd, 000215.217, 173
Trd, 000216.033, 170
Trd, 000216.317, 170
Trd, 000216.450, 171
Trd, 000216.700, 169
Trd, 000218.300, 177
Trd, 000218.450, 173
Trd, 000218.517, 186
Trd, 000219.350, 172
Trd, 000219.983, 164
Trd, 000220.233, 173
Trd, 000220.333, 188
Trd, 000220.683, 170
Trd, 000221.250, 204
Trd, 000221.850, 201
Trd, 000221.883, 199
Trd, 000223.033, 185
Trd, 000223.867, 184
Trd, 000223.883, 189
Trd, 000224.283, 187
Trd, 000224.867, 186
Trd, 000224.883, 184
Trd, 000225.867, 177
Trd, 000226.550, 172
Trd, 000227.083, 185
Trd, 000227.917, 181
Trd, 000227.933, 179
Trd, 000228.017, 178
Trd, 000228.433, 186
Trd, 000228.750, 165
Trd, 000230.283, 187
Trd, 000230.333, 172
Trd, 000231.233, 171
Trd, 000231.650, 174
Trd, 000232.950, 171
Trd, 000233.283, 173
Trd, 000233.517, 171
Trd, 000234.367, 173
Trd, 000234.517, 174
Trd, 000234.533, 188
Trd, 000235.067, 169
Trd, 000236.100, 169
Trd, 000236.350, 176
Trd, 000236.750, 179
Trd, 000236.867, 168
Trd, 000237.867, 164
Trd, 000239.133, 161
Trd, 000239.833, 184
Trd, 000240.200, 174
Trd, 000240.883, 173
Trd, 000241.317, 173
Trd, 000241.617, 172
Trd, 000241.850, 172
Trd, 000241.900, 173
Trd, 000242.950, 179
Trd, 000243.200, 182
Trd, 000243.217, 172
Trd, 000243.533, 172
Trd, 000243.917, 181
Trd, 000244.433, 173
Trd, 000245.183, 167
Trd, 000245.217, 170
Trd, 000246.133, 174
Trd, 000246.350, 169
Trd, 000246.783, 175
Trd, 000247.250, 174
Trd, 000247.400, 193
Trd, 000247.800, 173
Trd, 000248.633, 183
Trd, 000248.717, 172
Trd, 000248.767, 165
Trd, 000248.933, 184
Trd, 000249.917, 183
Trd, 000250.317, 185
Trd, 000250.367, 180
Trd, 000251.133, 178
Trd, 000251.683, 175
Trd, 000251.883, 173
Trd, 000252.233, 171
Trd, 000253.117, 175
Trd, 000253.483, 173
Trd, 000253.683, 174
Trd, 000253.817, 172
Trd, 000254.750, 176
Trd, 000255.133, 190
Trd, 000255.567, 171
Trd, 000255.717, 174
Trd, 000255.900, 173
Trd, 000256.017, 173
Trd, 000256.150, 170
Trd, 000256.617, 167
Trd, 000256.650, 170
Trd, 000257.017, 169
Trd, 000258.000, 174
Trd, 000258.183, 170
Trd, 000258.567, 173
Trd, 000258.633, 175
Trd, 000258.667, 176
Trd, 000260.300, 174
Trd, 000260.733, 177
Trd, 000260.833, 174
Trd, 000260.933, 172
Trd, 000261.067, 178
Trd, 000261.317, 177
Trd, 000261.750, 171
Trd, 000261.850, 175
Trd, 000262.150, 181
Trd, 000263.233, 177
Trd, 000263.600, 181
Trd, 000263.633, 178
Trd, 000263.833, 175
Trd, 000264.533, 175
Trd, 000264.817, 174
Trd, 000264.983, 171
Trd, 000265.383, 168
Trd, 000265.467, 172
Trd, 000265.633, 177
Trd, 000265.900, 167
Trd, 000266.333, 163
Trd, 000266.533, 164
Trd, 000266.783, 162
Trd, 000266.850, 157
Trd, 000267.033, 168
Trd, 000267.483, 164
Trd, 000267.850, 167
Trd, 000267.950, 168
Trd, 000269.050, 157
Trd, 000269.333, 161
Trd, 000269.917, 163
Trd, 000269.983, 166
Trd, 000271.283, 169
Trd, 000271.350, 166
Trd, 000271.800, 165
Trd, 000271.850, 171
Trd, 000272.600, 175
Trd, 000272.633, 178
Trd, 000273.033, 192
Trd, 000273.333, 193
Trd, 000274.333, 189
Trd, 000274.367, 188
Trd, 000274.617, 186
Trd, 000274.750, 184
Trd, 000275.400, 185
Trd, 000276.167, 181
Trd, 000276.717, 176
Trd, 000276.833, 175
Trd, 000276.967, 182
Trd, 000277.217, 175
Trd, 000277.900, 180
Trd, 000277.950, 176
Trd, 000278.983, 174
Trd, 000279.083, 181
Trd, 000279.417, 172
Trd, 000280.400, 183
Trd, 000281.167, 185
Trd, 000281.367, 183
Trd, 000281.683, 169
Trd, 000281.800, 172
Trd, 000282.017, 166
Trd, 000282.067, 165
Trd, 000282.883, 172
Trd, 000283.483, 165
Trd, 000284.200, 170
Trd, 000285.167, 168
Trd, 000285.250, 168
Trd, 000285.400, 167
Trd, 000285.500, 169
Trd, 000285.767, 173
Trd, 000286.200, 168
Trd, 000286.850, 175
Trd, 000287.350, 176
Trd, 000287.733, 177
Trd, 000288.450, 176
Trd, 000288.733, 172
Trd, 000289.167, 175
Trd, 000289.183, 171
Trd, 000289.200, 170
Trd, 000289.417, 167
Trd, 000289.467, 166
Trd, 000289.750, 178
Trd, 000289.800, 180
Trd, 000290.317, 195
Trd, 000290.550, 184
Trd, 000291.050, 172
Trd, 000291.233, 175
Trd, 000291.583, 196
Trd, 000291.767, 175
Trd, 000292.017, 166
Trd, 000292.250, 160
Trd, 000292.800, 160
Trd, 000292.983, 174
Trd, 000293.483, 184
Trd, 000293.833, 195
Trd, 000294.100, 196
Trd, 000294.400, 193
Trd, 000294.917, 185
Trd, 000295.067, 182
Trd, 000295.283, 178
Trd, 000296.300, 192
Trd, 000296.433, 196
Trd, 000297.283, 167
Trd, 000297.633, 167
Trd, 000297.750, 171
Trd, 000298.183, 187
Trd, 000298.233, 188
Trd, 000298.317, 186
Trd, 000298.950, 198
Trd, 000299.500, 198
Trd, 000299.617, 192
