Trd, 000001.783, 136
Trd, 000002.900, 155
Trd, 000003.817, 157
Trd, 000004.117, 157
Trd, 000004.200, 158
Trd, 000005.117, 155
Trd, 000005.450, 148
Trd, 000005.933, 151
Trd, 000006.233, 151
Trd, 000007.567, 149
Trd, 000007.617, 152
Trd, 000008.100, 151
Trd, 000008.200, 150
Trd, 000008.367, 149
Trd, 000008.583, 150
Trd, 000010.033, 151
Trd, 000010.200, 155
Trd, 000010.633, 150
Trd, 000011.300, 152
Trd, 000012.217, 152
Trd, 000013.117, 150
Trd, 000013.300, 151
Trd, 000013.767, 151
Trd, 000014.167, 151
Trd, 000014.283, 154
Trd, 000014.867, 149
Trd, 000015.833, 152
Trd, 000016.367, 152
Trd, 000017.967, 152
Trd, 000017.983, 151
Trd, 000018.733, 153
Trd, 000019.717, 151
Trd, 000021.250, 151
Trd, 000022.367, 151
Trd, 000023.117, 150
Trd, 000024.017, 149
Trd, 000024.233, 150
Trd, 000024.467, 150
Trd, 000024.683, 150
Trd, 000024.717, 149
Trd, 000024.933, 149
Trd, 000025.283, 150
Trd, 000025.800, 152
Trd, 000026.083, 159
Trd, 000026.933, 157
Trd, 000027.033, 155
Trd, 000027.133, 154
Trd, 000027.833, 154
Trd, 000028.500, 154
Trd, 000029.700, 153
Trd, 000030.150, 152
Trd, 000030.417, 152
Trd, 000031.317, 151
Trd, 000032.067, 153
Trd, 000032.183, 149
Trd, 000032.667, 137
Trd, 000032.917, 151
Trd, 000033.583, 148
Trd, 000034.667, 149
Trd, 000035.183, 149
Trd, 000035.417, 148
Trd, 000035.667, 154
Trd, 000036.383, 151
Trd, 000036.667, 150
Trd, 000037.150, 150
Trd, 000037.933, 148
Trd, 000038.033, 149
Trd, 000040.150, 149
Trd, 000040.433, 149
Trd, 000040.783, 149
Trd, 000041.383, 150
Trd, 000042.467, 150
Trd, 000042.617, 151
Trd, 000042.683, 151
Trd, 000042.867, 151
Trd, 000042.883, 150
Trd, 000043.333, 148
Trd, 000045.383, 149
Trd, 000045.883, 148
Trd, 000045.983, 147
Trd, 000046.267, 148
Trd, 000046.633, 148
Trd, 000046.917, 147
Trd, 000047.100, 145
Trd, 000047.950, 148
Trd, 000048.183, 146
Trd, 000048.550, 149
Trd, 000049.350, 150
Trd, 000049.583, 149
Trd, 000050.283, 153
Trd, 000050.450, 159
Trd, 000050.583, 151
Trd, 000051.317, 152
Trd, 000051.467, 160
Trd, 000052.300, 152
Trd, 000052.683, 154
Trd, 000053.433, 156
Trd, 000053.900, 156
Trd, 000054.083, 157
Trd, 000054.933, 155
Trd, 000055.333, 153
Trd, 000055.467, 161
Trd, 000056.467, 154
Trd, 000057.350, 156
Trd, 000057.733, 157
Trd, 000057.750, 156
Trd, 000058.083, 156
Trd, 000058.450, 154
Trd, 000059.367, 155
Trd, 000059.650, 155
Trd, 000060.483, 157
Trd, 000060.867, 154
Trd, 000061.667, 156
Trd, 000061.917, 156
Trd, 000062.300, 154
Trd, 000063.017, 153
Trd, 000063.383, 154
Trd, 000064.467, 154
Trd, 000064.800, 154
Trd, 000065.167, 155
Trd, 000066.433, 155
Trd, 000067.000, 155
Trd, 000067.267, 156
Trd, 000068.533, 156
Trd, 000068.583, 157
Trd, 000069.017, 155
Trd, 000069.600, 154
Trd, 000070.450, 154
Trd, 000070.667, 154
Trd, 000070.783, 154
Trd, 000071.550, 156
Trd, 000071.917, 155
Trd, 000072.217, 152
Trd, 000072.750, 153
Trd, 000072.800, 153
Trd, 000073.050, 153
Trd, 000073.550, 152
Trd, 000074.500, 151
Trd, 000075.267, 152
Trd, 000075.900, 151
Trd, 000077.033, 151
Trd, 000077.150, 151
Trd, 000077.700, 151
Trd, 000078.700, 148
Trd, 000078.933, 148
Trd, 000079.333, 148
Trd, 000079.617, 150
Trd, 000080.150, 156
Trd, 000080.250, 153
Trd, 000080.417, 166
Trd, 000081.400, 155
Trd, 000082.167, 155
Trd, 000082.567, 154
Trd, 000083.467, 152
Trd, 000084.017, 152
Trd, 000084.367, 151
Trd, 000084.500, 149
Trd, 000084.917, 150
Trd, 000085.050, 151
Trd, 000085.767, 151
Trd, 000086.583, 153
Trd, 000087.167, 150
Trd, 000087.350, 153
Trd, 000088.033, 152
Trd, 000088.950, 155
Trd, 000090.167, 150
Trd, 000090.233, 153
Trd, 000090.533, 151
Trd, 000090.800, 151
Trd, 000091.267, 151
Trd, 000093.033, 148
Trd, 000093.083, 149
Trd, 000093.217, 150
Trd, 000093.267, 153
Trd, 000094.800, 150
Trd, 000095.200, 151
Trd, 000095.250, 149
Trd, 000096.067, 149
Trd, 000096.333, 148
Trd, 000097.050, 149
Trd, 000097.383, 150
Trd, 000097.550, 150
Trd, 000097.750, 152
Trd, 000098.283, 154
Trd, 000098.917, 149
Trd, 000099.867, 149
Trd, 000099.933, 149
Trd, 000100.350, 149
Trd, 000100.750, 148
Trd, 000102.083, 149
Trd, 000102.250, 148
Trd, 000102.750, 149
Trd, 000103.133, 151
Trd, 000103.383, 148
Trd, 000104.250, 149
Trd, 000104.500, 150
Trd, 000104.883, 154
Trd, 000105.067, 152
Trd, 000105.433, 149
Trd, 000106.150, 147
Trd, 000107.033, 163
Trd, 000107.550, 159
Trd, 000107.883, 155
Trd, 000109.033, 159
Trd, 000109.233, 159
Trd, 000109.500, 158
Trd, 000109.717, 158
Trd, 000109.883, 158
Trd, 000109.900, 157
Trd, 000111.850, 157
Trd, 000113.383, 155
Trd, 000113.583, 155
Trd, 000113.983, 156
Trd, 000114.667, 155
Trd, 000115.383, 155
Trd, 000116.033, 156
Trd, 000116.217, 156
Trd, 000116.583, 158
Trd, 000116.600, 156
Trd, 000118.383, 156
Trd, 000118.433, 157
Trd, 000118.750, 156
Trd, 000119.117, 155
Trd, 000119.183, 157
Trd, 000120.517, 161
Trd, 000120.567, 165
Trd, 000121.433, 173
Trd, 000122.117, 167
Trd, 000122.450, 172
Trd, 000122.967, 174
Trd, 000123.167, 174
Trd, 000123.567, 177
Trd, 000123.917, 180
Trd, 000124.200, 178
Trd, 000124.433, 197
Trd, 000124.683, 312
Trd, 000125.017, 313.0
Trd, 000125.117, 317.0
Trd, 000126.300, 324.0
Trd, 000126.833, 332
Trd, 000127.400, 326
Trd, 000127.433, 325
Trd, 000128.067, 334.0
Trd, 000128.683, 337
Trd, 000129.150, 338
Trd, 000130.100, 357.0
Trd, 000130.733, 358.0
Trd, 000130.967, 336
Trd, 000132.433, 344.0
Trd, 000133.750, 345
Trd, 000134.283, 345
Trd, 000134.550, 345
Trd, 000134.900, 346
Trd, 000135.050, 347
Trd, 000135.067, 341.0
Trd, 000135.817, 339
Trd, 000136.467, 340
Trd, 000137.000, 347
Trd, 000137.217, 339
Trd, 000137.783, 337
Trd, 000138.500, 358.0
Trd, 000139.217, 358.0
Trd, 000140.033, 349.0
Trd, 000140.400, 348.0
Trd, 000141.117, 347
Trd, 000141.450, 348
Trd, 000142.267, 350
Trd, 000142.650, 349
Trd, 000143.283, 349
Trd, 000143.367, 348.0
Trd, 000143.517, 349
Trd, 000144.033, 348
Trd, 000144.533, 349
Trd, 000145.383, 345
Trd, 000145.733, 344.0
Trd, 000146.267, 344
Trd, 000146.567, 344
Trd, 000148.017, 344.0
Trd, 000148.150, 345
Trd, 000148.267, 344
Trd, 000148.617, 343
Trd, 000149.250, 344
Trd, 000149.700, 342
Trd, 000149.717, 344
Trd, 000150.183, 338
Trd, 000151.467, 338
Trd, 000151.600, 342
Trd, 000152.050, 342
Trd, 000154.783, 338.0
Trd, 000155.067, 338
Trd, 000155.383, 337.0
Trd, 000155.567, 339
Trd, 000155.750, 338
Trd, 000155.917, 339
Trd, 000156.433, 338
Trd, 000156.600, 342
Trd, 000157.750, 344.0
Trd, 000158.100, 345
Trd, 000158.150, 344.0
Trd, 000158.617, 346
Trd, 000159.383, 345
Trd, 000159.817, 347
Trd, 000161.067, 346
Trd, 000161.283, 345
Trd, 000161.300, 341
Trd, 000162.100, 350
Trd, 000162.833, 352.0
Trd, 000162.850, 353
Trd, 000163.150, 351.0
Trd, 000163.667, 355
Trd, 000163.767, 348.0
Trd, 000165.500, 346
Trd, 000166.033, 349
Trd, 000167.250, 350.0
Trd, 000167.317, 348.0
Trd, 000168.017, 349
Trd, 000168.167, 349
Trd, 000168.667, 348
Trd, 000169.000, 348
Trd, 000169.017, 344.0
Trd, 000169.583, 347
Trd, 000169.883, 348
Trd, 000170.483, 346
Trd, 000172.367, 345
Trd, 000172.450, 345.0
Trd, 000172.717, 346
Trd, 000173.967, 345
Trd, 000175.417, 344
Trd, 000175.983, 345
Trd, 000176.150, 347
Trd, 000176.267, 354
Trd, 000177.667, 345
Trd, 000178.367, 347
Trd, 000178.533, 347
Trd, 000179.200, 348
Trd, 000179.233, 347
Trd, 000180.183, 349
Trd, 000180.433, 348
Trd, 000180.883, 351
Trd, 000181.050, 352
Trd, 000181.300, 351
Trd, 000181.717, 350
Trd, 000182.133, 348.0
Trd, 000182.150, 344.0
Trd, 000182.200, 334.0
Trd, 000182.500, 324.0
Trd, 000183.250, 300.0
Trd, 000183.967, 288
Trd, 000184.567, 254
Trd, 000184.817, 207
Trd, 000185.450, 197
Trd, 000185.783, 193
Trd, 000186.650, 190
Trd, 000188.600, 185
Trd, 000188.817, 167
Trd, 000188.883, 168
Trd, 000189.250, 166
Trd, 000189.450, 167
Trd, 000189.733, 180
Trd, 000191.333, 173
Trd, 000191.633, 172
Trd, 000192.250, 173
Trd, 000192.583, 172
Trd, 000193.850, 172
Trd, 000194.233, 173
Trd, 000194.567, 174
Trd, 000195.183, 173
Trd, 000195.767, 175
Trd, 000196.467, 175
Trd, 000196.517, 176
Trd, 000196.733, 172
Trd, 000197.083, 173
Trd, 000197.667, 171
Trd, 000199.117, 172
Trd, 000199.200, 173
Trd, 000200.133, 173
Trd, 000200.683, 173
Trd, 000201.300, 171
Trd, 000201.650, 170
Trd, 000201.833, 168
Trd, 000202.900, 170
Trd, 000203.267, 171
Trd, 000204.000, 169
Trd, 000204.033, 168
Trd, 000204.217, 168
Trd, 000204.667, 168
Trd, 000205.850, 169
Trd, 000205.900, 167
Trd, 000206.717, 168
Trd, 000206.783, 169
Trd, 000207.517, 169
Trd, 000208.850, 176
Trd, 000209.167, 179
Trd, 000209.800, 174
Trd, 000210.517, 173
Trd, 000211.000, 173
Trd, 000211.483, 173
Trd, 000211.967, 175
Trd, 000212.067, 172
Trd, 000212.533, 171
Trd, 000213.117, 174
Trd, 000214.250, 172
Trd, 000214.400, 169
Trd, 000214.950, 169
Trd, 000215.567, 171
Trd, 000215.783, 170
Trd, 000215.833, 167
Trd, 000217.283, 169
Trd, 000217.300, 171
Trd, 000218.617, 169
Trd, 000218.817, 167
Trd, 000219.833, 167
Trd, 000220.350, 168
Trd, 000220.483, 168
Trd, 000220.783, 168
Trd, 000221.050, 167
Trd, 000221.200, 167
Trd, 000221.250, 165
Trd, 000221.500, 168
Trd, 000222.217, 168
Trd, 000222.417, 166
Trd, 000223.333, 168
Trd, 000223.617, 166
Trd, 000224.367, 164
Trd, 000224.900, 169
Trd, 000225.217, 169
Trd, 000225.517, 166
Trd, 000225.783, 166
Trd, 000225.867, 167
Trd, 000226.050, 165
Trd, 000226.717, 164
Trd, 000227.417, 164
Trd, 000228.650, 168
Trd, 000229.300, 172
Trd, 000229.333, 181
Trd, 000230.417, 174
Trd, 000230.450, 174
Trd, 000230.617, 175
Trd, 000230.967, 175
Trd, 000231.517, 174
Trd, 000232.100, 174
Trd, 000232.733, 174
Trd, 000233.933, 172
Trd, 000234.083, 172
Trd, 000234.300, 173
Trd, 000235.150, 171
Trd, 000235.500, 171
Trd, 000235.817, 170
Trd, 000235.867, 169
Trd, 000235.917, 172
Trd, 000236.750, 174
Trd, 000237.133, 170
Trd, 000239.450, 175
Trd, 000239.750, 173
Trd, 000240.400, 174
Trd, 000240.600, 175
Trd, 000241.017, 175
Trd, 000241.150, 173
Trd, 000241.283, 176
Trd, 000241.867, 177
Trd, 000242.067, 180
Trd, 000242.317, 178
Trd, 000242.717, 178
Trd, 000243.000, 179
Trd, 000243.683, 180
Trd, 000244.067, 180
Trd, 000244.083, 178
Trd, 000244.733, 180
Trd, 000244.783, 182
Trd, 000245.100, 176
Trd, 000246.067, 179
Trd, 000246.417, 180
Trd, 000246.667, 181
Trd, 000247.333, 183
Trd, 000247.633, 183
Trd, 000248.400, 185
Trd, 000248.700, 186
Trd, 000249.133, 184
Trd, 000249.567, 185
Trd, 000250.300, 185
Trd, 000250.467, 182
Trd, 000250.850, 181
Trd, 000251.750, 182
Trd, 000251.767, 183
Trd, 000251.817, 180
Trd, 000252.533, 181
Trd, 000252.933, 180
Trd, 000253.067, 179
Trd, 000253.267, 173
Trd, 000254.083, 176
Trd, 000254.200, 176
Trd, 000254.483, 175
Trd, 000255.117, 175
Trd, 000255.167, 176
Trd, 000255.433, 175
Trd, 000255.467, 174
Trd, 000255.600, 178
Trd, 000257.167, 176
Trd, 000257.300, 177
Trd, 000257.483, 179
Trd, 000257.650, 177
Trd, 000258.150, 177
Trd, 000258.267, 176
Trd, 000258.533, 177
Trd, 000258.733, 178
Trd, 000260.100, 176
Trd, 000260.167, 177
Trd, 000260.500, 178
Trd, 000260.967, 177
Trd, 000261.700, 179
Trd, 000261.883, 180
Trd, 000262.250, 178
Trd, 000262.833, 177
Trd, 000262.917, 176
Trd, 000263.183, 177
Trd, 000263.483, 176
Trd, 000264.117, 178
Trd, 000264.667, 179
Trd, 000264.700, 177
Trd, 000264.950, 174
Trd, 000265.533, 177
Trd, 000265.567, 176
Trd, 000265.933, 177
Trd, 000266.433, 175
Trd, 000267.100, 175
Trd, 000267.800, 177
Trd, 000268.050, 175
Trd, 000268.100, 177
Trd, 000268.400, 179
Trd, 000268.617, 179
Trd, 000269.167, 177
Trd, 000269.383, 177
Trd, 000269.767, 178
Trd, 000270.250, 178
Trd, 000270.283, 175
Trd, 000271.767, 176
Trd, 000271.983, 177
Trd, 000273.250, 178
Trd, 000273.667, 177
Trd, 000274.267, 176
Trd, 000274.317, 175
Trd, 000274.783, 177
Trd, 000275.083, 178
Trd, 000276.050, 178
Trd, 000276.333, 179
Trd, 000276.783, 175
Trd, 000277.033, 175
Trd, 000277.317, 180
Trd, 000277.517, 179
Trd, 000277.567, 180
Trd, 000278.800, 193
Trd, 000279.567, 189
Trd, 000279.833, 189
Trd, 000279.850, 186
Trd, 000280.067, 189
Trd, 000280.867, 187
Trd, 000280.917, 183
Trd, 000280.933, 178
Trd, 000281.583, 175
Trd, 000282.017, 176
Trd, 000282.050, 178
Trd, 000282.167, 172
Trd, 000283.650, 175
Trd, 000283.750, 172
Trd, 000283.767, 176
Trd, 000284.400, 173
Trd, 000284.600, 176
Trd, 000284.883, 177
Trd, 000285.383, 171
Trd, 000286.250, 179
Trd, 000286.650, 178
Trd, 000286.767, 179
Trd, 000286.983, 176
Trd, 000287.233, 176
Trd, 000287.250, 180
Trd, 000287.467, 178
Trd, 000287.750, 180
Trd, 000287.767, 174
Trd, 000289.100, 186
Trd, 000289.400, 190
Trd, 000289.967, 194
Trd, 000290.350, 192
Trd, 000290.767, 192
Trd, 000290.917, 193
Trd, 000291.550, 190
Trd, 000292.617, 190
Trd, 000292.733, 190
Trd, 000292.967, 191
Trd, 000293.000, 191
Trd, 000293.050, 189
Trd, 000293.150, 185
Trd, 000293.367, 192
Trd, 000294.967, 186
Trd, 000295.567, 193
Trd, 000295.983, 186
Trd, 000296.033, 195
Trd, 000296.867, 190
Trd, 000298.083, 187
Trd, 000298.583, 189
Trd, 000298.633, 188
Trd, 000298.733, 188
Trd, 000298.967, 188
Trd, 000299.683, 192
