Trd, 000001.600, 134
Trd, 000002.283, 123
Trd, 000002.783, 175
Trd, 000004.450, 158
Trd, 000005.483, 157
Trd, 000005.733, 168
Trd, 000006.950, 164
Trd, 000007.750, 163
Trd, 000007.800, 162
Trd, 000008.083, 162
Trd, 000008.467, 165
Trd, 000009.133, 163
Trd, 000009.467, 164
Trd, 000009.700, 162
Trd, 000010.433, 163
Trd, 000010.633, 158
Trd, 000011.300, 149
Trd, 000012.867, 158
Trd, 000013.267, 157
Trd, 000013.483, 156
Trd, 000014.617, 159
Trd, 000015.483, 152
Trd, 000015.650, 158
Trd, 000016.567, 151
Trd, 000016.583, 150
Trd, 000017.117, 158
Trd, 000019.133, 157
Trd, 000019.250, 156
Trd, 000019.733, 155
Trd, 000020.050, 154
Trd, 000020.167, 153
Trd, 000022.067, 158
Trd, 000022.133, 155
Trd, 000022.167, 154
Trd, 000023.483, 154
Trd, 000025.017, 154
Trd, 000025.567, 153
Trd, 000026.200, 158
Trd, 000026.217, 152
Trd, 000026.250, 151
Trd, 000028.550, 153
Trd, 000029.067, 153
Trd, 000030.067, 156
Trd, 000030.083, 157
Trd, 000030.267, 154
Trd, 000030.367, 155
Trd, 000031.000, 155
Trd, 000032.233, 159
Trd, 000032.350, 155
Trd, 000032.483, 154
Trd, 000033.633, 153
Trd, 000034.567, 157
Trd, 000034.700, 157
Trd, 000034.800, 155
Trd, 000034.817, 154
Trd, 000034.983, 153
Trd, 000035.583, 152
Trd, 000036.800, 159
Trd, 000037.133, 152
Trd, 000037.650, 153
Trd, 000037.850, 160
Trd, 000038.733, 154
Trd, 000038.867, 154
Trd, 000040.033, 159
Trd, 000041.067, 156
Trd, 000041.717, 160
Trd, 000042.183, 162
Trd, 000044.000, 156
Trd, 000044.050, 155
Trd, 000044.600, 156
Trd, 000044.700, 154
Trd, 000045.933, 160
Trd, 000046.333, 156
Trd, 000047.017, 158
Trd, 000047.550, 158
Trd, 000049.167, 160
Trd, 000049.833, 159
Trd, 000050.333, 162
Trd, 000050.417, 159
Trd, 000051.400, 159
Trd, 000052.267, 162
Trd, 000052.350, 158
Trd, 000054.033, 160
Trd, 000054.533, 159
Trd, 000055.817, 162
Trd, 000056.583, 155
Trd, 000056.683, 163
Trd, 000057.417, 158
Trd, 000057.467, 156
Trd, 000057.850, 164
Trd, 000059.100, 155
Trd, 000059.850, 156
Trd, 000060.067, 156
Trd, 000061.133, 162
Trd, 000061.300, 171
Trd, 000062.550, 165
Trd, 000063.867, 163
Trd, 000064.200, 165
Trd, 000064.950, 164
Trd, 000065.267, 166
Trd, 000065.333, 165
Trd, 000065.400, 164
Trd, 000065.517, 171
Trd, 000066.450, 165
Trd, 000067.583, 166
Trd, 000068.017, 164
Trd, 000069.233, 166
Trd, 000069.333, 168
Trd, 000070.117, 171
Trd, 000070.267, 171
Trd, 000070.517, 165
Trd, 000071.933, 165
Trd, 000072.183, 163
Trd, 000073.000, 169
Trd, 000073.617, 167
Trd, 000074.283, 167
Trd, 000074.317, 166
Trd, 000074.483, 157
Trd, 000076.917, 159
Trd, 000077.717, 160
Trd, 000077.883, 166
Trd, 000078.100, 160
Trd, 000078.383, 160
Trd, 000079.117, 159
Trd, 000079.400, 157
Trd, 000082.350, 157
Trd, 000083.417, 163
Trd, 000084.217, 162
Trd, 000085.017, 158
Trd, 000085.250, 158
Trd, 000085.350, 157
Trd, 000085.983, 157
Trd, 000087.783, 158
Trd, 000088.567, 156
Trd, 000089.083, 163
Trd, 000089.950, 158
Trd, 000090.467, 160
Trd, 000090.483, 159
Trd, 000090.900, 163
Trd, 000091.183, 163
Trd, 000091.983, 159
Trd, 000092.367, 159
Trd, 000094.050, 160
Trd, 000096.167, 163
Trd, 000096.417, 164
Trd, 000096.733, 164
Trd, 000096.833, 167
Trd, 000097.333, 164
Trd, 000097.550, 163
Trd, 000098.650, 167
Trd, 000099.550, 166
Trd, 000100.017, 164
Trd, 000100.467, 164
Trd, 000101.967, 168
Trd, 000102.967, 164
Trd, 000103.367, 164
Trd, 000103.450, 168
Trd, 000103.667, 165
Trd, 000103.933, 160
Trd, 000104.650, 159
Trd, 000104.900, 158
Trd, 000105.383, 168
Trd, 000105.617, 169
Trd, 000106.933, 161
Trd, 000108.433, 164
Trd, 000109.083, 164
Trd, 000109.650, 164
Trd, 000111.117, 166
Trd, 000111.550, 168
Trd, 000111.883, 168
Trd, 000112.833, 166
Trd, 000114.183, 168
Trd, 000114.233, 168
Trd, 000114.717, 169
Trd, 000115.633, 168
Trd, 000116.367, 169
Trd, 000116.850, 166
Trd, 000116.933, 165
Trd, 000117.550, 175
Trd, 000118.367, 173
Trd, 000119.117, 164
Trd, 000121.000, 163
Trd, 000122.250, 172
Trd, 000122.333, 177
Trd, 000122.433, 184
Trd, 000122.450, 191
Trd, 000122.850, 194
Trd, 000123.633, 205
Trd, 000123.967, 304
Trd, 000124.267, 316
Trd, 000125.133, 341
Trd, 000125.183, 307
Trd, 000125.650, 328
Trd, 000126.517, 327.0
Trd, 000127.067, 319
Trd, 000127.383, 345
Trd, 000128.183, 348.0
Trd, 000129.050, 337.0
Trd, 000129.517, 341.0
Trd, 000129.583, 336.0
Trd, 000129.717, 334.0
Trd, 000130.200, 348
Trd, 000130.533, 335
Trd, 000131.183, 344
Trd, 000131.317, 348
Trd, 000131.867, 343
Trd, 000132.750, 344
Trd, 000133.517, 341
Trd, 000135.183, 342.0
Trd, 000135.533, 341.0
Trd, 000136.283, 340
Trd, 000136.600, 348
Trd, 000137.783, 348
Trd, 000137.800, 353
Trd, 000138.650, 341
Trd, 000139.900, 352
Trd, 000140.867, 349
Trd, 000142.233, 350
Trd, 000142.267, 354
Trd, 000143.150, 353
Trd, 000143.567, 356
Trd, 000144.017, 355
Trd, 000144.767, 359
Trd, 000144.867, 359
Trd, 000145.683, 361
Trd, 000146.167, 357
Trd, 000146.183, 348
Trd, 000146.850, 341.0
Trd, 000147.867, 355
Trd, 000148.917, 361
Trd, 000149.100, 360
Trd, 000149.433, 355
Trd, 000150.483, 356
Trd, 000150.633, 354
Trd, 000150.883, 355
Trd, 000150.933, 347
Trd, 000151.517, 348.0
Trd, 000152.467, 341.0
Trd, 000152.950, 340.0
Trd, 000154.300, 354
Trd, 000155.667, 356
Trd, 000156.033, 355
Trd, 000156.183, 358
Trd, 000157.817, 353
Trd, 000158.067, 349
Trd, 000158.133, 349
Trd, 000159.200, 348.0
Trd, 000160.267, 350
Trd, 000160.383, 349
Trd, 000160.817, 358
Trd, 000161.067, 348
Trd, 000162.233, 348
Trd, 000164.117, 348
Trd, 000165.133, 353
Trd, 000165.383, 352
Trd, 000165.733, 350
Trd, 000166.633, 350
Trd, 000166.983, 349
Trd, 000167.700, 343
Trd, 000168.533, 348.0
Trd, 000169.233, 357
Trd, 000170.317, 348
Trd, 000171.017, 350
Trd, 000172.200, 350
Trd, 000172.367, 349
Trd, 000174.250, 358.0
Trd, 000174.717, 352.0
Trd, 000174.867, 351.0
Trd, 000174.983, 358.0
Trd, 000175.200, 357
Trd, 000175.917, 360
Trd, 000176.533, 358
Trd, 000177.033, 357
Trd, 000177.150, 356
Trd, 000179.217, 358.0
Trd, 000180.017, 356
Trd, 000180.267, 357
Trd, 000180.550, 357
Trd, 000180.567, 354
Trd, 000181.483, 365
Trd, 000181.633, 355
Trd, 000181.750, 354
Trd, 000181.800, 349
Trd, 000182.350, 361
Trd, 000182.433, 341.0
Trd, 000182.467, 337.0
Trd, 000182.583, 334.0
Trd, 000182.767, 329
Trd, 000182.967, 345
Trd, 000183.467, 335
Trd, 000183.517, 326
Trd, 000185.100, 200
Trd, 000186.450, 197
Trd, 000187.100, 193
Trd, 000187.283, 191
Trd, 000188.833, 188
Trd, 000189.633, 190
Trd, 000189.967, 187
Trd, 000190.250, 187
Trd, 000191.183, 178
Trd, 000192.533, 176
Trd, 000194.533, 176
Trd, 000194.800, 177
Trd, 000195.083, 176
Trd, 000195.833, 175
Trd, 000196.183, 176
Trd, 000196.533, 174
Trd, 000197.067, 176
Trd, 000197.267, 177
Trd, 000197.417, 176
Trd, 000198.317, 178
Trd, 000199.033, 177
Trd, 000199.250, 170
Trd, 000200.900, 173
Trd, 000201.300, 173
Trd, 000203.000, 173
Trd, 000203.267, 178
Trd, 000204.283, 176
Trd, 000205.817, 177
Trd, 000206.033, 176
Trd, 000207.550, 177
Trd, 000208.483, 178
Trd, 000209.300, 179
Trd, 000209.317, 178
Trd, 000209.783, 176
Trd, 000210.333, 185
Trd, 000210.567, 176
Trd, 000211.117, 177
Trd, 000211.383, 176
Trd, 000212.633, 179
Trd, 000212.967, 173
Trd, 000213.667, 171
Trd, 000215.350, 166
Trd, 000216.733, 173
Trd, 000217.717, 177
Trd, 000218.783, 175
Trd, 000220.467, 176
Trd, 000220.633, 177
Trd, 000220.783, 175
Trd, 000222.300, 175
Trd, 000222.417, 174
Trd, 000223.383, 172
Trd, 000223.517, 177
Trd, 000223.917, 177
Trd, 000226.517, 176
Trd, 000226.917, 175
Trd, 000227.233, 176
Trd, 000228.117, 176
Trd, 000228.467, 176
Trd, 000228.867, 179
Trd, 000228.933, 181
Trd, 000229.567, 177
Trd, 000230.500, 180
Trd, 000231.067, 188
Trd, 000231.283, 184
Trd, 000231.550, 181
Trd, 000231.700, 180
Trd, 000231.750, 191
Trd, 000232.333, 178
Trd, 000232.467, 173
Trd, 000232.567, 172
Trd, 000233.317, 173
Trd, 000234.517, 186
Trd, 000236.783, 187
Trd, 000236.900, 183
Trd, 000237.517, 180
Trd, 000239.100, 187
Trd, 000239.333, 177
Trd, 000239.983, 176
Trd, 000240.067, 170
Trd, 000240.467, 172
Trd, 000240.583, 184
Trd, 000241.883, 171
Trd, 000242.183, 171
Trd, 000242.483, 172
Trd, 000242.550, 175
Trd, 000242.783, 174
Trd, 000243.067, 174
Trd, 000244.400, 177
Trd, 000245.183, 177
Trd, 000245.683, 175
Trd, 000245.900, 178
Trd, 000246.300, 176
Trd, 000246.800, 173
Trd, 000247.650, 175
Trd, 000247.717, 173
Trd, 000248.117, 173
Trd, 000248.600, 171
Trd, 000248.900, 178
Trd, 000249.417, 173
Trd, 000249.767, 176
Trd, 000250.517, 173
Trd, 000251.250, 175
Trd, 000251.817, 176
Trd, 000251.917, 173
Trd, 000252.017, 171
Trd, 000252.733, 170
Trd, 000253.883, 174
Trd, 000253.950, 176
Trd, 000254.500, 174
Trd, 000254.950, 176
Trd, 000255.633, 175
Trd, 000255.783, 177
Trd, 000256.017, 180
Trd, 000256.200, 175
Trd, 000256.533, 179
Trd, 000257.083, 175
Trd, 000258.083, 175
Trd, 000258.450, 175
Trd, 000258.683, 179
Trd, 000258.933, 174
Trd, 000258.983, 173
Trd, 000259.717, 171
Trd, 000260.017, 179
Trd, 000260.833, 178
Trd, 000261.350, 179
Trd, 000261.567, 179
Trd, 000261.983, 180
Trd, 000262.483, 180
Trd, 000262.883, 175
Trd, 000263.400, 175
Trd, 000263.750, 177
Trd, 000265.300, 179
Trd, 000265.633, 181
Trd, 000265.800, 179
Trd, 000266.000, 178
Trd, 000266.467, 179
Trd, 000267.200, 179
Trd, 000267.767, 182
Trd, 000268.217, 180
Trd, 000268.617, 184
Trd, 000268.983, 181
Trd, 000269.500, 181
Trd, 000269.700, 176
Trd, 000270.533, 176
Trd, 000270.867, 178
Trd, 000272.033, 177
Trd, 000272.567, 177
Trd, 000273.033, 178
Trd, 000273.067, 180
Trd, 000273.517, 176
Trd, 000273.867, 175
Trd, 000275.067, 175
Trd, 000275.200, 174
Trd, 000275.517, 176
Trd, 000275.933, 174
Trd, 000276.017, 173
Trd, 000276.767, 177
Trd, 000276.850, 180
Trd, 000277.767, 181
Trd, 000278.117, 175
Trd, 000278.333, 175
Trd, 000279.150, 177
Trd, 000279.550, 182
Trd, 000279.967, 171
Trd, 000280.000, 186
Trd, 000280.617, 193
Trd, 000280.633, 176
Trd, 000281.383, 178
Trd, 000281.467, 178
Trd, 000281.800, 184
Trd, 000282.033, 184
Trd, 000282.167, 183
Trd, 000282.400, 182
Trd, 000282.550, 176
Trd, 000282.700, 169
Trd, 000283.000, 172
Trd, 000283.283, 185
Trd, 000283.900, 181
Trd, 000283.950, 177
Trd, 000284.667, 185
Trd, 000285.117, 182
Trd, 000285.150, 183
Trd, 000285.650, 182
Trd, 000286.133, 183
Trd, 000286.533, 177
Trd, 000287.017, 176
Trd, 000288.367, 185
Trd, 000288.383, 186
Trd, 000288.683, 181
Trd, 000288.817, 175
Trd, 000290.383, 179
Trd, 000290.483, 178
Trd, 000290.733, 177
Trd, 000290.800, 184
Trd, 000290.917, 173
Trd, 000291.117, 164
Trd, 000292.267, 183
Trd, 000292.550, 174
Trd, 000293.050, 181
Trd, 000294.350, 177
Trd, 000294.400, 173
Trd, 000294.717, 174
Trd, 000295.283, 173
Trd, 000295.467, 178
Trd, 000295.667, 194
Trd, 000295.883, 197
Trd, 000295.950, 177
Trd, 000298.050, 184
Trd, 000298.317, 183
Trd, 000298.467, 180
Trd, 000298.550, 186
Trd, 000298.817, 187
Trd, 000299.067, 179
