Trd, 000001.983, 133
Trd, 000003.183, 152
Trd, 000003.617, 134
Trd, 000003.717, 153
Trd, 000004.300, 154
Trd, 000005.100, 153
Trd, 000005.217, 152
Trd, 000006.633, 150
Trd, 000007.500, 152
Trd, 000007.750, 151
Trd, 000008.400, 179
Trd, 000009.433, 156
Trd, 000009.617, 155
Trd, 000010.567, 157
Trd, 000010.867, 155
Trd, 000011.700, 156
Trd, 000012.433, 154
Trd, 000012.483, 155
Trd, 000013.333, 155
Trd, 000013.700, 156
Trd, 000014.133, 154
Trd, 000014.617, 152
Trd, 000016.150, 150
Trd, 000016.233, 153
Trd, 000016.250, 180
Trd, 000018.450, 159
Trd, 000018.800, 158
Trd, 000019.450, 154
Trd, 000019.550, 153
Trd, 000020.000, 155
Trd, 000020.117, 155
Trd, 000020.233, 154
Trd, 000021.917, 153
Trd, 000021.967, 154
Trd, 000022.083, 156
Trd, 000022.317, 181
Trd, 000022.600, 159
Trd, 000022.783, 181
Trd, 000023.483, 159
Trd, 000024.700, 162
Trd, 000025.183, 166
Trd, 000025.483, 157
Trd, 000025.817, 167
Trd, 000027.150, 161
Trd, 000028.100, 162
Trd, 000028.617, 162
Trd, 000029.617, 160
Trd, 000029.733, 160
Trd, 000029.900, 159
Trd, 000030.517, 159
Trd, 000032.050, 157
Trd, 000032.067, 160
Trd, 000032.467, 155
Trd, 000032.933, 155
Trd, 000033.117, 154
Trd, 000033.383, 144
Trd, 000034.217, 156
Trd, 000034.250, 155
Trd, 000034.267, 157
Trd, 000036.217, 159
Trd, 000036.750, 155
Trd, 000036.867, 184
Trd, 000037.617, 145
Trd, 000038.867, 172
Trd, 000040.817, 157
Trd, 000040.950, 158
Trd, 000041.083, 155
Trd, 000041.500, 157
Trd, 000042.183, 158
Trd, 000042.450, 158
Trd, 000042.600, 158
Trd, 000043.883, 157
Trd, 000044.350, 155
Trd, 000045.500, 156
Trd, 000045.967, 154
Trd, 000046.267, 155
Trd, 000046.433, 158
Trd, 000046.733, 154
Trd, 000047.333, 164
Trd, 000047.550, 166
Trd, 000047.767, 153
Trd, 000049.550, 157
Trd, 000050.100, 159
Trd, 000050.383, 157
Trd, 000051.650, 156
Trd, 000051.917, 155
Trd, 000052.150, 158
Trd, 000052.867, 158
Trd, 000055.100, 153
Trd, 000055.417, 156
Trd, 000055.550, 155
Trd, 000055.867, 172
Trd, 000056.767, 164
Trd, 000057.083, 162
Trd, 000057.850, 162
Trd, 000058.050, 165
Trd, 000058.433, 166
Trd, 000058.483, 158
Trd, 000058.817, 157
Trd, 000059.850, 147
Trd, 000061.950, 163
Trd, 000063.633, 171
Trd, 000063.700, 169
Trd, 000064.200, 169
Trd, 000064.300, 166
Trd, 000065.200, 170
Trd, 000066.017, 169
Trd, 000066.467, 169
Trd, 000067.233, 165
Trd, 000067.900, 170
Trd, 000068.717, 171
Trd, 000069.283, 171
Trd, 000069.517, 166
Trd, 000070.500, 169
Trd, 000072.250, 165
Trd, 000072.683, 163
Trd, 000073.050, 164
Trd, 000073.500, 165
Trd, 000073.567, 162
Trd, 000074.550, 172
Trd, 000074.900, 159
Trd, 000076.900, 164
Trd, 000077.033, 164
Trd, 000077.550, 163
Trd, 000078.400, 164
Trd, 000078.667, 164
Trd, 000079.417, 159
Trd, 000079.950, 165
Trd, 000080.500, 159
Trd, 000081.267, 154
Trd, 000081.383, 164
Trd, 000081.433, 153
Trd, 000082.450, 158
Trd, 000082.850, 158
Trd, 000083.950, 157
Trd, 000085.850, 154
Trd, 000086.750, 152
Trd, 000087.117, 151
Trd, 000087.633, 152
Trd, 000087.717, 152
Trd, 000087.900, 159
Trd, 000087.933, 151
Trd, 000088.633, 155
Trd, 000089.667, 155
Trd, 000090.983, 157
Trd, 000093.067, 156
Trd, 000093.183, 153
Trd, 000093.650, 157
Trd, 000093.800, 154
Trd, 000094.717, 157
Trd, 000095.183, 157
Trd, 000095.217, 158
Trd, 000095.700, 157
Trd, 000095.950, 156
Trd, 000097.967, 157
Trd, 000098.100, 158
Trd, 000098.867, 159
Trd, 000099.033, 183
Trd, 000099.183, 162
Trd, 000100.683, 168
Trd, 000101.517, 169
Trd, 000101.950, 169
Trd, 000102.317, 169
Trd, 000103.133, 170
Trd, 000103.200, 168
Trd, 000104.833, 186
Trd, 000105.017, 185
Trd, 000106.900, 182
Trd, 000107.567, 181
Trd, 000107.633, 179
Trd, 000108.033, 181
Trd, 000108.083, 182
Trd, 000109.150, 179
Trd, 000110.233, 183
Trd, 000110.900, 180
Trd, 000111.650, 178
Trd, 000114.100, 168
Trd, 000114.183, 167
Trd, 000114.550, 167
Trd, 000114.983, 166
Trd, 000115.350, 163
Trd, 000115.833, 162
Trd, 000116.117, 166
Trd, 000116.600, 167
Trd, 000116.983, 170
Trd, 000117.400, 159
Trd, 000118.333, 163
Trd, 000121.050, 154
Trd, 000121.183, 161
Trd, 000121.900, 159
Trd, 000122.883, 160
Trd, 000123.000, 169
Trd, 000123.267, 169
Trd, 000123.733, 202
Trd, 000124.500, 286
Trd, 000124.783, 313.0
Trd, 000125.300, 315
Trd, 000125.617, 341.0
Trd, 000126.917, 344.0
Trd, 000127.233, 348.0
Trd, 000127.250, 351.0
Trd, 000127.350, 335.0
Trd, 000127.850, 336.0
Trd, 000129.283, 340.0
Trd, 000129.583, 341
Trd, 000131.150, 345
Trd, 000131.350, 346
Trd, 000131.550, 346
Trd, 000131.783, 347
Trd, 000132.083, 347
Trd, 000132.650, 349
Trd, 000133.167, 349.0
Trd, 000134.550, 344.0
Trd, 000134.667, 346
Trd, 000134.883, 342
Trd, 000136.833, 345.0
Trd, 000137.150, 345.0
Trd, 000139.433, 347
Trd, 000139.450, 346.0
Trd, 000140.200, 347.0
Trd, 000140.450, 348.0
Trd, 000140.983, 346
Trd, 000142.033, 371
Trd, 000142.183, 352.0
Trd, 000142.400, 352
Trd, 000142.583, 372
Trd, 000143.100, 359
Trd, 000143.267, 351.0
Trd, 000143.433, 347
Trd, 000147.467, 355
Trd, 000148.067, 348.0
Trd, 000148.417, 346.0
Trd, 000148.800, 345.0
Trd, 000150.717, 347
Trd, 000151.017, 347
Trd, 000151.417, 344
Trd, 000151.617, 347.0
Trd, 000151.633, 341.0
Trd, 000151.717, 345
Trd, 000153.333, 348.0
Trd, 000154.517, 351.0
Trd, 000154.583, 350
Trd, 000154.700, 334.0
Trd, 000155.633, 351
Trd, 000156.117, 345.0
Trd, 000157.667, 350
Trd, 000158.917, 348
Trd, 000158.967, 346
Trd, 000159.500, 347
Trd, 000161.067, 350
Trd, 000162.317, 348.0
Trd, 000162.633, 347
Trd, 000163.083, 347.0
Trd, 000163.200, 346
Trd, 000163.267, 345
Trd, 000163.767, 349
Trd, 000163.833, 342.0
Trd, 000164.933, 343
Trd, 000165.100, 351.0
Trd, 000167.083, 347
Trd, 000167.100, 346
Trd, 000167.733, 341.0
Trd, 000168.017, 345
Trd, 000168.267, 344
Trd, 000168.633, 340
Trd, 000169.317, 341.0
Trd, 000169.983, 342
Trd, 000171.050, 348.0
Trd, 000172.083, 343
Trd, 000172.767, 349
Trd, 000173.867, 348
Trd, 000175.300, 347
Trd, 000175.550, 346
Trd, 000176.917, 348.0
Trd, 000177.217, 348.0
Trd, 000177.600, 348
Trd, 000177.850, 347
Trd, 000178.933, 348
Trd, 000179.100, 349
Trd, 000179.150, 348
Trd, 000179.817, 348.0
Trd, 000179.850, 347
Trd, 000179.867, 341.0
Trd, 000180.383, 351.0
Trd, 000181.300, 347
Trd, 000182.917, 337.0
Trd, 000183.533, 313.0
Trd, 000183.700, 306.0
Trd, 000183.817, 297
Trd, 000184.300, 267
Trd, 000184.900, 214
Trd, 000184.967, 190
Trd, 000185.017, 180
Trd, 000185.900, 200
Trd, 000186.067, 176
Trd, 000187.300, 190
Trd, 000187.733, 199
Trd, 000188.250, 198
Trd, 000189.233, 190
Trd, 000189.350, 188
Trd, 000190.817, 183
Trd, 000190.850, 177
Trd, 000191.433, 173
Trd, 000192.283, 173
Trd, 000192.433, 174
Trd, 000193.083, 170
Trd, 000193.683, 170
Trd, 000194.733, 166
Trd, 000195.167, 164
Trd, 000196.167, 167
Trd, 000196.217, 167
Trd, 000196.700, 168
Trd, 000196.833, 170
Trd, 000197.317, 167
Trd, 000199.267, 168
Trd, 000200.417, 168
Trd, 000200.617, 169
Trd, 000201.150, 167
Trd, 000201.500, 168
Trd, 000201.750, 169
Trd, 000202.183, 171
Trd, 000203.333, 173
Trd, 000203.583, 172
Trd, 000204.150, 173
Trd, 000204.700, 170
Trd, 000205.233, 172
Trd, 000205.617, 173
Trd, 000205.883, 173
Trd, 000206.833, 174
Trd, 000207.167, 173
Trd, 000208.450, 176
Trd, 000208.917, 172
Trd, 000208.933, 173
Trd, 000209.633, 178
Trd, 000209.667, 163
Trd, 000210.150, 178
Trd, 000210.500, 179
Trd, 000211.350, 175
Trd, 000212.433, 176
Trd, 000213.267, 175
Trd, 000214.067, 175
Trd, 000214.117, 176
Trd, 000214.283, 174
Trd, 000215.383, 180
Trd, 000216.200, 178
Trd, 000216.383, 178
Trd, 000216.800, 179
Trd, 000216.900, 180
Trd, 000217.733, 181
Trd, 000218.950, 198
Trd, 000219.283, 179
Trd, 000220.017, 179
Trd, 000221.750, 185
Trd, 000221.900, 186
Trd, 000221.983, 181
Trd, 000223.200, 183
Trd, 000223.433, 183
Trd, 000223.867, 182
Trd, 000224.467, 181
Trd, 000224.583, 179
Trd, 000225.417, 176
Trd, 000225.683, 173
Trd, 000225.967, 177
Trd, 000226.467, 175
Trd, 000227.567, 176
Trd, 000227.617, 174
Trd, 000227.700, 163
Trd, 000227.983, 174
Trd, 000229.383, 173
Trd, 000229.600, 200
Trd, 000230.083, 175
Trd, 000230.850, 189
Trd, 000232.667, 190
Trd, 000232.800, 191
Trd, 000233.467, 180
Trd, 000233.683, 180
Trd, 000233.817, 191
Trd, 000235.733, 192
Trd, 000236.833, 185
Trd, 000238.167, 187
Trd, 000238.383, 188
Trd, 000239.067, 189
Trd, 000240.033, 187
Trd, 000240.183, 186
Trd, 000240.433, 185
Trd, 000241.050, 182
Trd, 000241.167, 180
Trd, 000241.483, 175
Trd, 000241.850, 177
Trd, 000241.883, 179
Trd, 000242.300, 179
Trd, 000242.417, 175
Trd, 000242.617, 177
Trd, 000242.833, 177
Trd, 000243.100, 177
Trd, 000243.233, 177
Trd, 000243.800, 178
Trd, 000244.867, 178
Trd, 000245.317, 178
Trd, 000245.383, 176
Trd, 000245.800, 175
Trd, 000246.117, 172
Trd, 000246.350, 171
Trd, 000246.800, 171
Trd, 000246.917, 173
Trd, 000248.050, 169
Trd, 000248.733, 168
Trd, 000249.467, 168
Trd, 000249.717, 168
Trd, 000249.733, 169
Trd, 000250.033, 169
Trd, 000250.417, 167
Trd, 000250.600, 171
Trd, 000250.750, 166
Trd, 000252.017, 170
Trd, 000252.367, 172
Trd, 000252.633, 171
Trd, 000253.067, 168
Trd, 000253.200, 167
Trd, 000253.567, 171
Trd, 000253.933, 169
Trd, 000253.950, 173
Trd, 000254.233, 172
Trd, 000254.933, 173
Trd, 000255.217, 175
Trd, 000255.317, 173
Trd, 000255.517, 173
Trd, 000255.583, 175
Trd, 000256.217, 176
Trd, 000257.533, 176
Trd, 000257.900, 175
Trd, 000258.183, 176
Trd, 000258.733, 178
Trd, 000258.783, 188
Trd, 000260.183, 184
Trd, 000260.417, 180
Trd, 000260.567, 181
Trd, 000260.933, 185
Trd, 000261.467, 183
Trd, 000261.633, 181
Trd, 000261.950, 184
Trd, 000262.017, 181
Trd, 000262.300, 180
Trd, 000263.033, 182
Trd, 000263.083, 181
Trd, 000263.267, 181
Trd, 000263.317, 182
Trd, 000264.100, 177
Trd, 000264.333, 193
Trd, 000265.033, 174
Trd, 000266.167, 177
Trd, 000266.567, 174
Trd, 000266.633, 168
Trd, 000267.167, 173
Trd, 000267.517, 169
Trd, 000267.733, 173
Trd, 000267.950, 173
Trd, 000268.567, 174
Trd, 000268.600, 175
Trd, 000268.617, 175
Trd, 000268.817, 181
Trd, 000269.833, 186
Trd, 000270.483, 188
Trd, 000270.900, 186
Trd, 000271.533, 181
Trd, 000271.617, 187
Trd, 000272.933, 186
Trd, 000273.183, 187
Trd, 000274.067, 185
Trd, 000274.817, 185
Trd, 000274.900, 185
Trd, 000274.917, 182
Trd, 000275.167, 178
Trd, 000275.617, 175
Trd, 000275.817, 182
Trd, 000276.533, 181
Trd, 000276.550, 183
Trd, 000277.200, 180
Trd, 000277.417, 179
Trd, 000277.850, 178
Trd, 000278.133, 175
Trd, 000278.150, 179
Trd, 000278.367, 172
Trd, 000279.617, 174
Trd, 000279.917, 174
Trd, 000280.200, 174
Trd, 000280.233, 173
Trd, 000280.383, 177
Trd, 000280.767, 189
Trd, 000281.567, 174
Trd, 000282.800, 179
Trd, 000283.550, 181
Trd, 000283.717, 187
Trd, 000284.450, 187
Trd, 000285.483, 188
Trd, 000286.150, 189
Trd, 000286.233, 187
Trd, 000286.533, 189
Trd, 000286.667, 186
Trd, 000287.050, 184
Trd, 000287.500, 188
Trd, 000288.217, 184
Trd, 000288.800, 186
Trd, 000289.267, 187
Trd, 000289.400, 188
Trd, 000289.633, 190
Trd, 000290.367, 189
Trd, 000290.633, 180
Trd, 000291.783, 185
Trd, 000291.883, 183
Trd, 000292.200, 185
Trd, 000292.400, 177
Trd, 000292.883, 184
Trd, 000293.150, 185
Trd, 000293.667, 185
Trd, 000293.683, 177
Trd, 000293.933, 191
Trd, 000294.217, 185
Trd, 000294.250, 174
Trd, 000294.767, 174
Trd, 000294.783, 173
Trd, 000294.933, 170
Trd, 000296.450, 178
Trd, 000296.500, 178
Trd, 000297.200, 178
Trd, 000297.350, 173
Trd, 000297.983, 178
Trd, 000298.017, 171
Trd, 000298.550, 177
Trd, 000298.750, 178
Trd, 000299.033, 181
Trd, 000299.433, 172
Trd, 000299.750, 185
