Trd, 000000.800, 164
Trd, 000003.983, 160
Trd, 000004.000, 158
Trd, 000004.017, 157
Trd, 000004.117, 154
Trd, 000004.250, 137
Trd, 000004.967, 161
Trd, 000005.067, 143
Trd, 000005.217, 145
Trd, 000008.200, 155
Trd, 000009.117, 141
Trd, 000009.283, 150
Trd, 000009.667, 142
Trd, 000011.283, 149
Trd, 000011.367, 152
Trd, 000011.583, 156
Trd, 000013.600, 151
Trd, 000014.050, 151
Trd, 000014.100, 150
Trd, 000014.567, 148
Trd, 000015.300, 152
Trd, 000016.033, 148
Trd, 000016.617, 147
Trd, 000016.783, 147
Trd, 000018.067, 143
Trd, 000019.800, 152
Trd, 000020.333, 152
Trd, 000021.033, 148
Trd, 000021.317, 157
Trd, 000021.917, 164
Trd, 000022.033, 158
Trd, 000022.083, 155
Trd, 000022.450, 170
Trd, 000023.100, 157
Trd, 000024.600, 170
Trd, 000027.200, 164
Trd, 000027.367, 163
Trd, 000027.417, 159
Trd, 000027.833, 167
Trd, 000028.367, 148
Trd, 000029.083, 141
Trd, 000029.117, 148
Trd, 000029.517, 147
Trd, 000029.733, 141
Trd, 000029.783, 158
Trd, 000029.850, 158
Trd, 000031.800, 166
Trd, 000031.933, 148
Trd, 000032.250, 163
Trd, 000032.550, 156
Trd, 000033.633, 151
Trd, 000033.983, 158
Trd, 000034.483, 165
Trd, 000036.367, 168
Trd, 000036.500, 163
Trd, 000037.533, 162
Trd, 000037.733, 166
Trd, 000038.383, 160
Trd, 000038.433, 157
Trd, 000038.717, 152
Trd, 000038.767, 172
Trd, 000040.100, 141
Trd, 000040.300, 156
Trd, 000040.933, 156
Trd, 000041.217, 158
Trd, 000043.117, 159
Trd, 000043.267, 155
Trd, 000044.233, 154
Trd, 000044.700, 152
Trd, 000044.733, 153
Trd, 000046.067, 155
Trd, 000046.600, 158
Trd, 000047.183, 153
Trd, 000048.283, 157
Trd, 000048.700, 159
Trd, 000049.333, 155
Trd, 000049.467, 153
Trd, 000051.633, 155
Trd, 000052.550, 156
Trd, 000052.583, 164
Trd, 000052.617, 167
Trd, 000053.067, 155
Trd, 000053.667, 154
Trd, 000053.767, 152
Trd, 000054.017, 160
Trd, 000055.083, 156
Trd, 000057.300, 155
Trd, 000057.317, 157
Trd, 000058.083, 153
Trd, 000058.383, 152
Trd, 000058.700, 167
Trd, 000058.950, 135
Trd, 000060.200, 161
Trd, 000061.217, 150
Trd, 000061.483, 149
Trd, 000062.733, 151
Trd, 000063.967, 152
Trd, 000064.800, 156
Trd, 000065.367, 155
Trd, 000065.917, 154
Trd, 000066.117, 157
Trd, 000066.417, 153
Trd, 000066.533, 152
Trd, 000066.783, 158
Trd, 000067.417, 153
Trd, 000068.200, 162
Trd, 000069.550, 158
Trd, 000070.217, 161
Trd, 000070.433, 155
Trd, 000070.583, 154
Trd, 000070.617, 172
Trd, 000070.700, 169
Trd, 000071.817, 156
Trd, 000072.033, 156
Trd, 000072.217, 175
Trd, 000073.850, 156
Trd, 000075.633, 158
Trd, 000076.283, 156
Trd, 000076.333, 157
Trd, 000077.233, 162
Trd, 000077.667, 163
Trd, 000078.150, 155
Trd, 000078.400, 157
Trd, 000079.467, 163
Trd, 000080.600, 161
Trd, 000081.000, 161
Trd, 000081.683, 163
Trd, 000081.950, 160
Trd, 000082.583, 172
Trd, 000082.683, 160
Trd, 000083.067, 159
Trd, 000083.833, 163
Trd, 000084.667, 162
Trd, 000085.067, 163
Trd, 000086.817, 159
Trd, 000087.267, 160
Trd, 000087.617, 153
Trd, 000088.700, 156
Trd, 000089.433, 162
Trd, 000089.500, 164
Trd, 000089.617, 166
Trd, 000091.000, 171
Trd, 000093.750, 165
Trd, 000093.967, 165
Trd, 000094.783, 171
Trd, 000095.017, 174
Trd, 000095.100, 165
Trd, 000095.867, 164
Trd, 000096.533, 173
Trd, 000096.700, 163
Trd, 000097.517, 136
Trd, 000097.667, 173
Trd, 000098.950, 159
Trd, 000099.000, 172
Trd, 000100.117, 163
Trd, 000101.150, 161
Trd, 000102.433, 160
Trd, 000102.883, 161
Trd, 000104.067, 161
Trd, 000105.650, 162
Trd, 000105.783, 161
Trd, 000105.967, 172
Trd, 000106.300, 161
Trd, 000106.517, 179
Trd, 000107.500, 158
Trd, 000107.567, 166
Trd, 000108.450, 159
Trd, 000108.500, 179
Trd, 000109.483, 183
Trd, 000109.717, 166
Trd, 000110.133, 150
Trd, 000110.167, 169
Trd, 000111.767, 166
Trd, 000111.833, 171
Trd, 000112.167, 165
Trd, 000112.217, 165
Trd, 000114.133, 165
Trd, 000114.383, 171
Trd, 000114.850, 165
Trd, 000115.817, 166
Trd, 000116.133, 164
Trd, 000116.233, 174
Trd, 000116.283, 179
Trd, 000117.917, 168
Trd, 000118.100, 166
Trd, 000118.433, 166
Trd, 000119.383, 174
Trd, 000120.000, 167
Trd, 000120.333, 166
Trd, 000120.433, 176
Trd, 000121.367, 167
Trd, 000121.600, 177
Trd, 000121.667, 165
Trd, 000122.100, 187
Trd, 000122.150, 191
Trd, 000122.450, 194
Trd, 000122.917, 208
Trd, 000123.417, 293
Trd, 000123.483, 247
Trd, 000123.917, 306.0
Trd, 000124.000, 319
Trd, 000125.150, 320.0
Trd, 000125.450, 336
Trd, 000125.933, 319
Trd, 000126.267, 307
Trd, 000127.900, 347
Trd, 000130.300, 343
Trd, 000130.450, 342
Trd, 000130.800, 338
Trd, 000130.867, 347
Trd, 000131.750, 336
Trd, 000131.967, 351.0
Trd, 000134.450, 344
Trd, 000134.750, 341
Trd, 000134.900, 338.0
Trd, 000136.067, 339
Trd, 000136.117, 344
Trd, 000136.267, 346
Trd, 000136.983, 339
Trd, 000137.367, 337
Trd, 000137.817, 345
Trd, 000138.217, 351.0
Trd, 000139.200, 339
Trd, 000140.467, 338
Trd, 000140.717, 341
Trd, 000141.317, 338
Trd, 000142.433, 354.0
Trd, 000143.050, 343
Trd, 000143.067, 355.0
Trd, 000143.333, 362
Trd, 000144.083, 344
Trd, 000144.783, 341
Trd, 000145.450, 351
Trd, 000146.017, 338
Trd, 000147.333, 337.0
Trd, 000148.367, 339
Trd, 000148.983, 342
Trd, 000149.850, 347.0
Trd, 000151.550, 351.0
Trd, 000151.733, 342
Trd, 000152.117, 351
Trd, 000152.383, 344
Trd, 000153.017, 344
Trd, 000153.283, 355.0
Trd, 000154.767, 348
Trd, 000154.983, 355.0
Trd, 000155.317, 346
Trd, 000155.783, 346
Trd, 000156.783, 347
Trd, 000157.133, 345
Trd, 000157.883, 347
Trd, 000158.250, 358
Trd, 000158.417, 345
Trd, 000159.183, 355.0
Trd, 000160.883, 351
Trd, 000161.350, 350
Trd, 000161.450, 350
Trd, 000163.300, 347
Trd, 000163.467, 337.0
Trd, 000164.117, 348.0
Trd, 000164.167, 355.0
Trd, 000164.217, 338
Trd, 000165.733, 337.0
Trd, 000166.617, 341
Trd, 000166.800, 349
Trd, 000168.017, 349
Trd, 000169.750, 349.0
Trd, 000170.267, 346
Trd, 000171.000, 351.0
Trd, 000171.733, 348
Trd, 000171.783, 355.0
Trd, 000172.333, 362
Trd, 000172.533, 348.0
Trd, 000173.183, 362
Trd, 000173.333, 348
Trd, 000174.667, 348.0
Trd, 000175.100, 348
Trd, 000175.500, 347
Trd, 000177.400, 347.0
Trd, 000177.733, 346
Trd, 000178.000, 355.0
Trd, 000179.500, 359
Trd, 000179.900, 362
Trd, 000180.233, 349.0
Trd, 000180.667, 349
Trd, 000181.400, 348.0
Trd, 000181.683, 348
Trd, 000182.683, 347
Trd, 000182.700, 330
Trd, 000183.050, 326
Trd, 000183.900, 218
Trd, 000184.183, 207
Trd, 000184.517, 186
Trd, 000184.617, 295
Trd, 000185.650, 180
Trd, 000186.867, 191
Trd, 000187.200, 187
Trd, 000187.867, 166
Trd, 000188.700, 167
Trd, 000189.400, 165
Trd, 000189.433, 162
Trd, 000189.983, 150
Trd, 000191.000, 170
Trd, 000191.367, 156
Trd, 000191.550, 181
Trd, 000193.800, 177
Trd, 000194.950, 169
Trd, 000195.583, 172
Trd, 000195.667, 168
Trd, 000195.917, 182
Trd, 000196.800, 186
Trd, 000199.183, 168
Trd, 000199.700, 168
Trd, 000200.167, 170
Trd, 000200.250, 171
Trd, 000201.067, 168
Trd, 000201.400, 174
Trd, 000201.567, 150
Trd, 000201.700, 163
Trd, 000202.500, 157
Trd, 000202.717, 145
Trd, 000202.733, 182
Trd, 000204.783, 169
Trd, 000205.017, 170
Trd, 000205.867, 171
Trd, 000206.917, 183
Trd, 000208.200, 176
Trd, 000210.233, 178
Trd, 000210.883, 180
Trd, 000210.967, 179
Trd, 000211.100, 176
Trd, 000211.200, 171
Trd, 000211.333, 169
Trd, 000212.183, 179
Trd, 000213.550, 183
Trd, 000213.767, 186
Trd, 000214.383, 186
Trd, 000214.683, 178
Trd, 000214.700, 189
Trd, 000215.283, 178
Trd, 000215.333, 176
Trd, 000215.400, 175
Trd, 000215.800, 175
Trd, 000216.600, 169
Trd, 000217.633, 176
Trd, 000218.200, 175
Trd, 000218.400, 177
Trd, 000218.700, 175
Trd, 000219.967, 163
Trd, 000221.267, 171
Trd, 000221.333, 172
Trd, 000221.367, 173
Trd, 000222.383, 168
Trd, 000222.650, 185
Trd, 000223.133, 170
Trd, 000223.600, 173
Trd, 000223.867, 168
Trd, 000225.350, 172
Trd, 000226.400, 175
Trd, 000227.367, 177
Trd, 000227.533, 171
Trd, 000227.700, 184
Trd, 000228.900, 175
Trd, 000229.900, 185
Trd, 000230.200, 174
Trd, 000231.150, 177
Trd, 000233.383, 178
Trd, 000233.667, 178
Trd, 000233.817, 175
Trd, 000233.983, 172
Trd, 000234.000, 185
Trd, 000236.250, 192
Trd, 000236.750, 181
Trd, 000237.750, 174
Trd, 000237.767, 169
Trd, 000238.033, 175
Trd, 000238.633, 179
Trd, 000238.800, 178
Trd, 000239.317, 181
Trd, 000239.833, 191
Trd, 000241.200, 181
Trd, 000241.317, 181
Trd, 000241.583, 179
Trd, 000241.767, 180
Trd, 000241.833, 178
Trd, 000242.400, 185
Trd, 000242.817, 178
Trd, 000243.000, 186
Trd, 000243.550, 179
Trd, 000243.933, 177
Trd, 000245.500, 178
Trd, 000245.700, 179
Trd, 000246.367, 180
Trd, 000246.983, 182
Trd, 000247.133, 183
Trd, 000247.583, 186
Trd, 000248.133, 186
Trd, 000248.850, 187
Trd, 000249.283, 185
Trd, 000249.800, 189
Trd, 000250.000, 189
Trd, 000250.400, 189
Trd, 000251.017, 183
Trd, 000251.033, 181
Trd, 000251.467, 180
Trd, 000252.650, 176
Trd, 000253.183, 180
Trd, 000254.067, 173
Trd, 000254.533, 175
Trd, 000254.667, 176
Trd, 000254.917, 174
Trd, 000256.000, 177
Trd, 000256.267, 175
Trd, 000256.700, 177
Trd, 000256.717, 173
Trd, 000257.100, 187
Trd, 000257.483, 182
Trd, 000258.050, 181
Trd, 000258.617, 185
Trd, 000258.867, 175
Trd, 000259.600, 177
Trd, 000259.983, 178
Trd, 000260.483, 181
Trd, 000260.917, 184
Trd, 000261.017, 188
Trd, 000261.367, 195
Trd, 000261.683, 185
Trd, 000262.650, 189
Trd, 000262.883, 192
Trd, 000262.950, 193
Trd, 000263.983, 179
Trd, 000264.017, 185
Trd, 000264.367, 177
Trd, 000264.667, 187
Trd, 000264.900, 183
Trd, 000266.100, 173
Trd, 000266.517, 175
Trd, 000266.767, 178
Trd, 000267.750, 178
Trd, 000268.200, 179
Trd, 000268.333, 174
Trd, 000268.817, 180
Trd, 000268.833, 182
Trd, 000270.200, 189
Trd, 000270.233, 195
Trd, 000270.350, 185
Trd, 000271.033, 194
Trd, 000271.417, 190
Trd, 000271.767, 189
Trd, 000272.150, 187
Trd, 000272.200, 191
Trd, 000272.300, 193
Trd, 000272.333, 196
Trd, 000273.067, 190
Trd, 000273.200, 184
Trd, 000273.733, 187
Trd, 000273.833, 187
Trd, 000274.017, 178
Trd, 000274.850, 192
Trd, 000276.000, 186
Trd, 000277.250, 189
Trd, 000277.750, 189
Trd, 000277.967, 192
Trd, 000278.100, 192
Trd, 000278.183, 188
Trd, 000278.350, 185
Trd, 000278.683, 190
Trd, 000279.000, 189
Trd, 000279.683, 184
Trd, 000280.467, 191
Trd, 000280.767, 194
Trd, 000281.483, 196
Trd, 000281.500, 189
Trd, 000281.850, 183
Trd, 000281.950, 179
Trd, 000281.983, 185
Trd, 000283.050, 166
Trd, 000283.783, 175
Trd, 000284.883, 167
Trd, 000284.967, 169
Trd, 000285.050, 179
Trd, 000285.300, 183
Trd, 000285.567, 178
Trd, 000285.633, 176
Trd, 000286.617, 180
Trd, 000287.617, 170
Trd, 000287.633, 177
Trd, 000288.583, 192
Trd, 000288.950, 193
Trd, 000288.967, 193
Trd, 000289.017, 192
Trd, 000289.267, 179
Trd, 000290.083, 179
Trd, 000290.883, 184
Trd, 000291.183, 180
Trd, 000291.300, 187
Trd, 000291.317, 179
Trd, 000292.133, 179
Trd, 000292.600, 177
Trd, 000292.817, 177
Trd, 000293.917, 182
Trd, 000294.200, 180
Trd, 000294.983, 184
Trd, 000295.050, 192
Trd, 000295.133, 177
Trd, 000295.200, 194
Trd, 000295.433, 197
Trd, 000295.500, 180
Trd, 000296.817, 186
Trd, 000296.900, 181
Trd, 000297.867, 187
Trd, 000297.967, 181
Trd, 000298.200, 195
Trd, 000298.383, 183
Trd, 000298.517, 182
Trd, 000299.183, 181
Trd, 000299.300, 182
Trd, 000299.350, 197
Trd, 000299.617, 193
Trd, 000299.867, 181
