Trd, 000001.950, 155
Trd, 000003.167, 182
Trd, 000003.383, 165
Trd, 000004.650, 151
Trd, 000004.783, 141
Trd, 000005.350, 147
Trd, 000006.117, 147
Trd, 000007.217, 146
Trd, 000007.233, 141
Trd, 000007.967, 143
Trd, 000008.700, 141
Trd, 000008.967, 142
Trd, 000008.983, 145
Trd, 000010.367, 157
Trd, 000010.667, 162
Trd, 000011.467, 157
Trd, 000011.517, 149
Trd, 000012.850, 163
Trd, 000013.133, 158
Trd, 000013.267, 158
Trd, 000013.517, 156
Trd, 000013.667, 149
Trd, 000013.750, 164
Trd, 000015.350, 151
Trd, 000015.600, 150
Trd, 000015.683, 154
Trd, 000017.117, 154
Trd, 000017.417, 152
Trd, 000017.900, 151
Trd, 000018.500, 151
Trd, 000018.950, 152
Trd, 000019.233, 153
Trd, 000019.883, 152
Trd, 000021.400, 154
Trd, 000022.700, 153
Trd, 000022.767, 154
Trd, 000023.283, 155
Trd, 000023.567, 153
Trd, 000024.383, 160
Trd, 000025.350, 164
Trd, 000025.783, 157
Trd, 000026.283, 155
Trd, 000026.900, 158
Trd, 000028.217, 152
Trd, 000028.233, 156
Trd, 000028.750, 156
Trd, 000028.967, 156
Trd, 000030.133, 155
Trd, 000030.183, 151
Trd, 000031.083, 150
Trd, 000031.617, 151
Trd, 000032.150, 152
Trd, 000033.067, 153
Trd, 000033.250, 154
Trd, 000034.633, 154
Trd, 000035.950, 153
Trd, 000037.550, 152
Trd, 000038.083, 153
Trd, 000038.150, 160
Trd, 000038.650, 153
Trd, 000039.117, 153
Trd, 000039.383, 152
Trd, 000039.767, 156
Trd, 000041.650, 156
Trd, 000041.783, 162
Trd, 000043.067, 155
Trd, 000043.467, 153
Trd, 000043.650, 152
Trd, 000043.683, 155
Trd, 000044.433, 154
Trd, 000044.900, 150
Trd, 000045.350, 155
Trd, 000045.500, 157
Trd, 000045.967, 150
Trd, 000047.033, 153
Trd, 000047.933, 150
Trd, 000048.050, 150
Trd, 000050.000, 153
Trd, 000050.117, 153
Trd, 000051.333, 160
Trd, 000053.467, 162
Trd, 000054.367, 159
Trd, 000054.683, 163
Trd, 000055.333, 159
Trd, 000055.600, 156
Trd, 000055.750, 158
Trd, 000056.900, 153
Trd, 000057.150, 157
Trd, 000057.283, 158
Trd, 000058.400, 156
Trd, 000058.700, 155
Trd, 000059.017, 157
Trd, 000059.367, 155
Trd, 000060.400, 166
Trd, 000062.033, 162
Trd, 000062.383, 167
Trd, 000062.650, 168
Trd, 000063.133, 162
Trd, 000063.783, 158
Trd, 000065.367, 162
Trd, 000065.850, 160
Trd, 000066.883, 157
Trd, 000067.367, 159
Trd, 000068.833, 157
Trd, 000069.250, 157
Trd, 000069.400, 157
Trd, 000069.883, 158
Trd, 000070.033, 169
Trd, 000070.417, 156
Trd, 000071.117, 156
Trd, 000071.417, 167
Trd, 000071.700, 169
Trd, 000072.550, 174
Trd, 000073.000, 175
Trd, 000074.567, 162
Trd, 000075.483, 164
Trd, 000077.750, 165
Trd, 000079.050, 166
Trd, 000079.583, 166
Trd, 000079.850, 164
Trd, 000080.000, 166
Trd, 000081.650, 155
Trd, 000081.783, 155
Trd, 000081.850, 154
Trd, 000082.167, 156
Trd, 000082.483, 152
Trd, 000082.667, 167
Trd, 000082.700, 170
Trd, 000084.683, 152
Trd, 000086.233, 158
Trd, 000086.567, 160
Trd, 000086.883, 158
Trd, 000087.217, 158
Trd, 000087.233, 159
Trd, 000087.717, 157
Trd, 000088.283, 153
Trd, 000089.433, 153
Trd, 000089.583, 156
Trd, 000091.350, 163
Trd, 000091.800, 157
Trd, 000092.250, 157
Trd, 000092.400, 157
Trd, 000093.000, 158
Trd, 000093.500, 159
Trd, 000093.683, 160
Trd, 000095.133, 158
Trd, 000095.817, 158
Trd, 000095.867, 159
Trd, 000095.933, 162
Trd, 000096.433, 159
Trd, 000097.333, 158
Trd, 000097.600, 157
Trd, 000097.867, 160
Trd, 000098.883, 158
Trd, 000099.233, 160
Trd, 000099.650, 159
Trd, 000099.667, 168
Trd, 000099.850, 172
Trd, 000100.717, 175
Trd, 000102.183, 169
Trd, 000103.217, 165
Trd, 000104.833, 168
Trd, 000105.767, 167
Trd, 000107.133, 166
Trd, 000107.417, 167
Trd, 000107.667, 168
Trd, 000108.467, 169
Trd, 000109.000, 166
Trd, 000109.100, 159
Trd, 000110.233, 156
Trd, 000111.333, 164
Trd, 000111.467, 162
Trd, 000111.633, 166
Trd, 000112.467, 161
Trd, 000112.950, 166
Trd, 000114.450, 164
Trd, 000115.500, 162
Trd, 000115.800, 162
Trd, 000116.033, 162
Trd, 000116.133, 163
Trd, 000116.433, 163
Trd, 000117.117, 162
Trd, 000117.267, 161
Trd, 000117.317, 164
Trd, 000118.200, 172
Trd, 000121.100, 167
Trd, 000121.583, 167
Trd, 000121.750, 164
Trd, 000121.867, 171
Trd, 000122.417, 174
Trd, 000122.500, 194
Trd, 000122.717, 201
Trd, 000122.967, 196
Trd, 000123.250, 237
Trd, 000123.950, 317.0
Trd, 000124.167, 316
Trd, 000126.450, 313.0
Trd, 000126.917, 327.0
Trd, 000127.050, 328
Trd, 000128.100, 334
Trd, 000128.133, 344.0
Trd, 000128.383, 348.0
Trd, 000129.683, 344
Trd, 000130.083, 348.0
Trd, 000130.517, 350
Trd, 000131.017, 344.0
Trd, 000132.883, 348
Trd, 000134.000, 350
Trd, 000134.083, 352
Trd, 000134.517, 350
Trd, 000134.967, 354
Trd, 000135.367, 356
Trd, 000136.700, 358
Trd, 000136.717, 348
Trd, 000137.417, 361.0
Trd, 000138.450, 349
Trd, 000138.650, 348
Trd, 000138.783, 343
Trd, 000141.100, 355
Trd, 000141.333, 352
Trd, 000141.667, 351.0
Trd, 000142.833, 352
Trd, 000143.100, 358
Trd, 000143.117, 351
Trd, 000143.483, 348.0
Trd, 000143.550, 333
Trd, 000144.433, 354
Trd, 000146.317, 352
Trd, 000147.167, 352
Trd, 000147.483, 352
Trd, 000147.667, 344.0
Trd, 000148.150, 353
Trd, 000148.350, 358
Trd, 000148.950, 344
Trd, 000150.950, 349.0
Trd, 000151.133, 348.0
Trd, 000151.300, 352
Trd, 000151.867, 353
Trd, 000152.750, 354
Trd, 000153.533, 351.0
Trd, 000153.683, 351.0
Trd, 000153.717, 355
Trd, 000153.967, 348.0
Trd, 000154.917, 358
Trd, 000156.450, 345
Trd, 000157.167, 358
Trd, 000158.133, 348.0
Trd, 000158.967, 355.0
Trd, 000160.917, 351
Trd, 000162.583, 352.0
Trd, 000163.317, 354
Trd, 000163.633, 352.0
Trd, 000164.150, 351.0
Trd, 000164.517, 352
Trd, 000165.317, 348.0
Trd, 000166.217, 353
Trd, 000166.467, 360
Trd, 000167.283, 349
Trd, 000167.633, 354
Trd, 000169.200, 354
Trd, 000169.417, 352.0
Trd, 000170.250, 353.0
Trd, 000170.367, 351.0
Trd, 000170.700, 348.0
Trd, 000171.983, 348
Trd, 000172.067, 355
Trd, 000172.667, 348.0
Trd, 000173.700, 352
Trd, 000174.567, 353
Trd, 000175.117, 348.0
Trd, 000176.283, 355.0
Trd, 000176.950, 354
Trd, 000178.567, 354
Trd, 000178.850, 355
Trd, 000179.517, 358
Trd, 000180.167, 356
Trd, 000181.517, 357
Trd, 000182.200, 351.0
Trd, 000182.367, 342
Trd, 000182.450, 333
Trd, 000183.600, 327.0
Trd, 000184.350, 317.0
Trd, 000184.567, 285
Trd, 000185.117, 184
Trd, 000185.267, 183
Trd, 000185.450, 183
Trd, 000185.517, 173
Trd, 000186.783, 177
Trd, 000187.850, 169
Trd, 000187.883, 181
Trd, 000188.317, 169
Trd, 000188.367, 167
Trd, 000189.433, 167
Trd, 000190.600, 169
Trd, 000191.150, 176
Trd, 000191.750, 166
Trd, 000192.750, 170
Trd, 000193.117, 167
Trd, 000194.217, 168
Trd, 000194.950, 167
Trd, 000195.450, 168
Trd, 000195.600, 169
Trd, 000195.917, 169
Trd, 000196.717, 175
Trd, 000196.850, 168
Trd, 000198.150, 171
Trd, 000198.917, 171
Trd, 000199.433, 168
Trd, 000200.633, 170
Trd, 000200.850, 171
Trd, 000201.200, 168
Trd, 000202.017, 177
Trd, 000202.900, 178
Trd, 000203.450, 185
Trd, 000203.750, 188
Trd, 000204.100, 184
Trd, 000205.067, 175
Trd, 000205.150, 175
Trd, 000206.383, 176
Trd, 000206.650, 169
Trd, 000208.300, 176
Trd, 000209.533, 172
Trd, 000210.200, 173
Trd, 000210.483, 173
Trd, 000210.733, 171
Trd, 000212.117, 172
Trd, 000212.983, 172
Trd, 000213.167, 171
Trd, 000213.483, 170
Trd, 000213.617, 172
Trd, 000214.700, 176
Trd, 000215.700, 173
Trd, 000215.833, 179
Trd, 000216.100, 186
Trd, 000216.800, 174
Trd, 000217.483, 175
Trd, 000219.200, 174
Trd, 000219.250, 173
Trd, 000220.417, 174
Trd, 000220.433, 177
Trd, 000221.083, 175
Trd, 000221.217, 176
Trd, 000221.650, 177
Trd, 000222.267, 176
Trd, 000222.883, 177
Trd, 000223.550, 170
Trd, 000224.050, 177
Trd, 000224.650, 179
Trd, 000225.550, 179
Trd, 000227.133, 177
Trd, 000227.317, 181
Trd, 000227.667, 176
Trd, 000228.067, 176
Trd, 000229.500, 179
Trd, 000229.517, 174
Trd, 000230.050, 179
Trd, 000230.367, 172
Trd, 000233.350, 180
Trd, 000233.450, 180
Trd, 000234.167, 180
Trd, 000234.617, 178
Trd, 000234.750, 171
Trd, 000235.367, 172
Trd, 000235.617, 180
Trd, 000237.483, 179
Trd, 000237.567, 178
Trd, 000238.317, 177
Trd, 000238.900, 177
Trd, 000239.283, 188
Trd, 000239.933, 178
Trd, 000240.100, 177
Trd, 000240.233, 177
Trd, 000240.283, 175
Trd, 000240.467, 173
Trd, 000240.917, 175
Trd, 000241.467, 174
Trd, 000242.417, 175
Trd, 000243.050, 175
Trd, 000243.850, 175
Trd, 000244.317, 172
Trd, 000244.350, 175
Trd, 000244.667, 177
Trd, 000245.017, 176
Trd, 000245.550, 176
Trd, 000246.183, 179
Trd, 000246.400, 179
Trd, 000246.833, 181
Trd, 000247.133, 179
Trd, 000247.517, 179
Trd, 000247.817, 176
Trd, 000249.083, 177
Trd, 000250.017, 173
Trd, 000250.183, 179
Trd, 000250.300, 178
Trd, 000250.450, 183
Trd, 000250.883, 181
Trd, 000251.350, 179
Trd, 000251.633, 179
Trd, 000252.300, 180
Trd, 000252.850, 179
Trd, 000253.383, 176
Trd, 000253.700, 180
Trd, 000254.233, 180
Trd, 000254.383, 182
Trd, 000255.017, 179
Trd, 000255.050, 178
Trd, 000255.467, 182
Trd, 000255.633, 182
Trd, 000255.733, 177
Trd, 000255.767, 174
Trd, 000256.600, 183
Trd, 000258.483, 171
Trd, 000258.650, 173
Trd, 000258.867, 170
Trd, 000259.550, 170
Trd, 000259.800, 174
Trd, 000260.017, 174
Trd, 000260.567, 168
Trd, 000260.833, 174
Trd, 000260.883, 175
Trd, 000261.050, 172
Trd, 000262.500, 173
Trd, 000262.533, 172
Trd, 000263.350, 162
Trd, 000263.983, 169
Trd, 000264.667, 166
Trd, 000265.483, 162
Trd, 000265.783, 165
Trd, 000265.900, 162
Trd, 000266.000, 167
Trd, 000266.083, 168
Trd, 000266.117, 170
Trd, 000266.300, 174
Trd, 000267.000, 167
Trd, 000267.483, 169
Trd, 000267.617, 169
Trd, 000267.983, 168
Trd, 000268.200, 170
Trd, 000268.733, 171
Trd, 000269.850, 172
Trd, 000270.633, 173
Trd, 000270.750, 174
Trd, 000270.900, 175
Trd, 000272.050, 177
Trd, 000272.083, 178
Trd, 000272.200, 179
Trd, 000272.300, 177
Trd, 000272.550, 176
Trd, 000274.017, 175
Trd, 000274.467, 174
Trd, 000274.867, 171
Trd, 000275.033, 173
Trd, 000275.383, 171
Trd, 000275.467, 170
Trd, 000276.267, 175
Trd, 000276.567, 176
Trd, 000276.717, 178
Trd, 000277.217, 176
Trd, 000277.417, 185
Trd, 000277.867, 189
Trd, 000278.083, 176
Trd, 000278.583, 175
Trd, 000279.700, 183
Trd, 000279.717, 186
Trd, 000280.000, 185
Trd, 000280.050, 182
Trd, 000280.300, 181
Trd, 000281.350, 186
Trd, 000281.383, 180
Trd, 000282.267, 176
Trd, 000282.500, 183
Trd, 000282.983, 183
Trd, 000283.283, 183
Trd, 000283.433, 170
Trd, 000284.417, 183
Trd, 000284.550, 178
Trd, 000284.967, 175
Trd, 000285.150, 175
Trd, 000285.567, 172
Trd, 000285.967, 176
Trd, 000286.017, 181
Trd, 000286.050, 182
Trd, 000286.250, 173
Trd, 000286.483, 175
Trd, 000286.767, 173
Trd, 000286.950, 186
Trd, 000287.533, 181
Trd, 000288.433, 185
Trd, 000288.550, 184
Trd, 000288.967, 184
Trd, 000290.217, 172
Trd, 000290.267, 174
Trd, 000290.717, 175
Trd, 000290.867, 170
Trd, 000291.283, 173
Trd, 000291.700, 180
Trd, 000291.817, 178
Trd, 000292.467, 188
Trd, 000292.833, 177
Trd, 000293.550, 177
Trd, 000293.850, 177
Trd, 000293.933, 189
Trd, 000295.300, 175
Trd, 000295.483, 173
Trd, 000295.950, 173
Trd, 000296.017, 177
Trd, 000296.217, 177
Trd, 000296.383, 177
Trd, 000297.083, 177
Trd, 000297.233, 172
Trd, 000297.433, 179
Trd, 000297.550, 169
Trd, 000297.567, 180
Trd, 000298.200, 178
Trd, 000298.583, 165
Trd, 000298.967, 169
Trd, 000299.967, 174
