Trd, 000001.600, 134
Trd, 000002.833, 172
Trd, 000002.850, 158
Trd, 000004.733, 163
Trd, 000005.300, 164
Trd, 000005.383, 162
Trd, 000005.700, 158
Trd, 000006.683, 165
Trd, 000007.033, 160
Trd, 000007.667, 159
Trd, 000007.733, 156
Trd, 000007.983, 162
Trd, 000008.667, 156
Trd, 000009.533, 157
Trd, 000010.317, 154
Trd, 000011.067, 155
Trd, 000011.600, 149
Trd, 000011.733, 155
Trd, 000011.933, 152
Trd, 000012.900, 166
Trd, 000013.000, 148
Trd, 000013.417, 158
Trd, 000013.733, 158
Trd, 000014.117, 152
Trd, 000015.117, 157
Trd, 000016.400, 158
Trd, 000016.817, 157
Trd, 000017.067, 157
Trd, 000017.367, 153
Trd, 000017.933, 157
Trd, 000018.067, 136
Trd, 000019.383, 152
Trd, 000019.467, 156
Trd, 000019.883, 153
Trd, 000019.900, 156
Trd, 000021.567, 156
Trd, 000022.333, 157
Trd, 000022.917, 162
Trd, 000023.183, 163
Trd, 000023.583, 162
Trd, 000023.917, 162
Trd, 000024.000, 161
Trd, 000024.183, 160
Trd, 000026.567, 161
Trd, 000026.600, 160
Trd, 000027.583, 164
Trd, 000027.833, 164
Trd, 000028.100, 152
Trd, 000029.117, 156
Trd, 000029.233, 153
Trd, 000030.433, 153
Trd, 000030.583, 156
Trd, 000030.883, 165
Trd, 000031.067, 155
Trd, 000032.167, 156
Trd, 000032.833, 155
Trd, 000032.983, 134
Trd, 000033.950, 144
Trd, 000034.100, 154
Trd, 000034.183, 159
Trd, 000034.300, 168
Trd, 000035.633, 171
Trd, 000036.267, 160
Trd, 000036.567, 159
Trd, 000036.933, 158
Trd, 000037.667, 166
Trd, 000038.067, 161
Trd, 000038.533, 161
Trd, 000038.683, 162
Trd, 000039.400, 163
Trd, 000040.067, 162
Trd, 000042.217, 164
Trd, 000042.333, 166
Trd, 000043.250, 163
Trd, 000043.350, 163
Trd, 000043.650, 161
Trd, 000043.800, 163
Trd, 000043.950, 164
Trd, 000044.200, 165
Trd, 000044.550, 166
Trd, 000044.783, 162
Trd, 000045.817, 156
Trd, 000046.833, 170
Trd, 000047.583, 163
Trd, 000048.783, 168
Trd, 000049.600, 166
Trd, 000050.000, 165
Trd, 000050.517, 165
Trd, 000050.867, 164
Trd, 000050.917, 163
Trd, 000050.967, 161
Trd, 000052.667, 168
Trd, 000053.100, 168
Trd, 000053.917, 167
Trd, 000054.233, 163
Trd, 000054.533, 169
Trd, 000054.600, 163
Trd, 000056.067, 169
Trd, 000057.167, 169
Trd, 000057.333, 166
Trd, 000058.500, 168
Trd, 000058.567, 165
Trd, 000059.700, 166
Trd, 000060.250, 165
Trd, 000061.483, 167
Trd, 000062.367, 167
Trd, 000062.883, 167
Trd, 000063.283, 168
Trd, 000064.150, 167
Trd, 000065.100, 166
Trd, 000065.183, 168
Trd, 000065.567, 166
Trd, 000065.883, 165
Trd, 000066.083, 165
Trd, 000066.333, 165
Trd, 000067.317, 168
Trd, 000067.483, 167
Trd, 000067.883, 168
Trd, 000068.133, 167
Trd, 000069.383, 166
Trd, 000070.383, 165
Trd, 000070.500, 166
Trd, 000070.683, 166
Trd, 000071.283, 165
Trd, 000071.483, 164
Trd, 000072.200, 148
Trd, 000072.783, 157
Trd, 000074.367, 146
Trd, 000074.467, 149
Trd, 000075.233, 147
Trd, 000075.333, 147
Trd, 000075.400, 153
Trd, 000075.800, 155
Trd, 000076.617, 155
Trd, 000076.867, 147
Trd, 000077.200, 156
Trd, 000077.400, 170
Trd, 000079.150, 154
Trd, 000079.600, 156
Trd, 000080.400, 156
Trd, 000080.750, 157
Trd, 000081.133, 154
Trd, 000081.500, 159
Trd, 000082.700, 167
Trd, 000082.850, 164
Trd, 000084.317, 155
Trd, 000084.717, 156
Trd, 000085.183, 161
Trd, 000085.567, 157
Trd, 000086.050, 162
Trd, 000087.083, 159
Trd, 000087.183, 157
Trd, 000087.700, 158
Trd, 000088.000, 161
Trd, 000088.717, 159
Trd, 000089.100, 160
Trd, 000090.600, 164
Trd, 000091.417, 162
Trd, 000091.733, 158
Trd, 000091.867, 163
Trd, 000092.033, 158
Trd, 000092.417, 160
Trd, 000093.700, 161
Trd, 000093.717, 158
Trd, 000094.100, 161
Trd, 000094.117, 171
Trd, 000094.583, 174
Trd, 000095.300, 158
Trd, 000096.650, 166
Trd, 000097.533, 163
Trd, 000098.500, 167
Trd, 000099.483, 167
Trd, 000099.883, 167
Trd, 000100.050, 166
Trd, 000100.583, 168
Trd, 000101.183, 168
Trd, 000101.333, 166
Trd, 000101.717, 164
Trd, 000101.933, 169
Trd, 000102.967, 151
Trd, 000103.000, 167
Trd, 000103.400, 167
Trd, 000104.133, 168
Trd, 000104.150, 158
Trd, 000105.033, 162
Trd, 000106.133, 162
Trd, 000107.017, 162
Trd, 000107.533, 165
Trd, 000107.750, 161
Trd, 000107.967, 165
Trd, 000109.000, 163
Trd, 000109.150, 164
Trd, 000109.200, 166
Trd, 000109.800, 167
Trd, 000110.817, 168
Trd, 000111.167, 162
Trd, 000111.367, 169
Trd, 000111.917, 173
Trd, 000112.567, 163
Trd, 000113.050, 162
Trd, 000113.617, 169
Trd, 000113.933, 161
Trd, 000115.167, 168
Trd, 000115.683, 169
Trd, 000116.167, 165
Trd, 000116.883, 164
Trd, 000117.750, 166
Trd, 000118.083, 166
Trd, 000119.133, 168
Trd, 000119.533, 168
Trd, 000120.267, 166
Trd, 000120.750, 166
Trd, 000120.850, 168
Trd, 000121.133, 165
Trd, 000121.217, 165
Trd, 000121.317, 168
Trd, 000121.983, 164
Trd, 000122.333, 170
Trd, 000122.483, 177
Trd, 000122.567, 184
Trd, 000123.133, 194
Trd, 000123.150, 198
Trd, 000123.400, 201
Trd, 000123.733, 305.0
Trd, 000123.867, 306.0
Trd, 000124.383, 327.0
Trd, 000124.817, 363
Trd, 000125.483, 348.0
Trd, 000127.633, 343
Trd, 000128.717, 343
Trd, 000128.817, 340
Trd, 000129.250, 343
Trd, 000129.733, 342
Trd, 000129.833, 344
Trd, 000130.067, 343
Trd, 000131.083, 346
Trd, 000131.783, 345
Trd, 000132.350, 341
Trd, 000132.367, 348.0
Trd, 000133.433, 341.0
Trd, 000134.867, 349.0
Trd, 000135.083, 348
Trd, 000135.733, 349
Trd, 000137.583, 347
Trd, 000137.767, 347
Trd, 000138.417, 348
Trd, 000138.717, 345
Trd, 000138.917, 345
Trd, 000139.433, 346
Trd, 000139.717, 345
Trd, 000141.250, 348.0
Trd, 000144.833, 343
Trd, 000145.500, 342.0
Trd, 000145.883, 342
Trd, 000145.900, 341.0
Trd, 000146.017, 348.0
Trd, 000146.050, 349
Trd, 000146.500, 348.0
Trd, 000146.583, 340
Trd, 000146.750, 351.0
Trd, 000147.083, 337
Trd, 000149.433, 342
Trd, 000150.017, 355
Trd, 000150.333, 350
Trd, 000151.133, 351
Trd, 000152.683, 347
Trd, 000152.700, 355
Trd, 000153.183, 351.0
Trd, 000153.317, 348
Trd, 000153.783, 352
Trd, 000155.583, 351
Trd, 000156.633, 349
Trd, 000157.133, 350
Trd, 000157.500, 347
Trd, 000158.400, 349
Trd, 000159.267, 349
Trd, 000159.317, 359
Trd, 000160.583, 349
Trd, 000160.633, 350.0
Trd, 000161.083, 350
Trd, 000161.467, 351.0
Trd, 000161.800, 348
Trd, 000162.217, 351
Trd, 000162.233, 352
Trd, 000162.817, 349
Trd, 000163.433, 348
Trd, 000163.600, 349
Trd, 000163.633, 351.0
Trd, 000163.917, 341.0
Trd, 000168.283, 358.0
Trd, 000168.333, 359
Trd, 000169.550, 365
Trd, 000170.050, 363
Trd, 000170.533, 362
Trd, 000170.983, 363.0
Trd, 000171.383, 363
Trd, 000171.617, 362
Trd, 000171.700, 362.0
Trd, 000172.283, 360
Trd, 000173.050, 348.0
Trd, 000174.017, 347
Trd, 000174.567, 348.0
Trd, 000175.400, 351
Trd, 000175.933, 351
Trd, 000176.000, 352
Trd, 000177.250, 353
Trd, 000177.583, 352
Trd, 000177.833, 360
Trd, 000178.100, 365
Trd, 000178.150, 358
Trd, 000179.750, 351.0
Trd, 000179.833, 351
Trd, 000179.850, 350
Trd, 000181.183, 350
Trd, 000181.850, 346
Trd, 000182.700, 341.0
Trd, 000183.600, 331.0
Trd, 000183.783, 322
Trd, 000184.217, 319
Trd, 000184.533, 267
Trd, 000184.667, 190
Trd, 000185.050, 190
Trd, 000185.567, 186
Trd, 000186.083, 188
Trd, 000186.183, 186
Trd, 000186.283, 186
Trd, 000186.950, 181
Trd, 000187.417, 182
Trd, 000188.833, 181
Trd, 000189.450, 184
Trd, 000190.000, 180
Trd, 000190.717, 184
Trd, 000191.117, 181
Trd, 000191.883, 182
Trd, 000192.050, 180
Trd, 000192.367, 160
Trd, 000192.967, 163
Trd, 000193.000, 160
Trd, 000193.133, 153
Trd, 000193.250, 167
Trd, 000194.367, 166
Trd, 000195.150, 167
Trd, 000195.550, 169
Trd, 000195.600, 165
Trd, 000196.200, 166
Trd, 000196.583, 168
Trd, 000197.683, 167
Trd, 000197.783, 166
Trd, 000197.800, 165
Trd, 000197.900, 168
Trd, 000198.550, 168
Trd, 000199.950, 164
Trd, 000200.800, 171
Trd, 000202.083, 166
Trd, 000202.400, 168
Trd, 000202.783, 168
Trd, 000205.183, 166
Trd, 000205.600, 166
Trd, 000206.000, 166
Trd, 000206.050, 167
Trd, 000206.117, 168
Trd, 000206.833, 166
Trd, 000207.517, 179
Trd, 000207.833, 171
Trd, 000208.500, 172
Trd, 000209.750, 166
Trd, 000210.183, 162
Trd, 000210.550, 167
Trd, 000210.617, 169
Trd, 000212.217, 168
Trd, 000212.233, 185
Trd, 000212.433, 193
Trd, 000213.033, 172
Trd, 000213.650, 171
Trd, 000213.667, 168
Trd, 000213.700, 186
Trd, 000213.717, 165
Trd, 000215.367, 179
Trd, 000215.883, 179
Trd, 000216.433, 180
Trd, 000217.550, 179
Trd, 000217.950, 180
Trd, 000219.033, 180
Trd, 000219.467, 179
Trd, 000220.250, 179
Trd, 000221.217, 182
Trd, 000221.417, 181
Trd, 000222.033, 184
Trd, 000222.200, 186
Trd, 000222.700, 181
Trd, 000223.050, 185
Trd, 000223.383, 180
Trd, 000223.533, 179
Trd, 000224.500, 179
Trd, 000226.583, 177
Trd, 000227.300, 171
Trd, 000227.400, 178
Trd, 000227.867, 166
Trd, 000227.900, 176
Trd, 000229.833, 184
Trd, 000230.450, 173
Trd, 000230.917, 174
Trd, 000231.617, 178
Trd, 000231.817, 181
Trd, 000232.617, 188
Trd, 000232.833, 191
Trd, 000233.300, 185
Trd, 000233.950, 183
Trd, 000234.783, 184
Trd, 000235.033, 180
Trd, 000237.050, 170
Trd, 000237.083, 169
Trd, 000237.367, 174
Trd, 000237.817, 175
Trd, 000237.967, 182
Trd, 000238.800, 187
Trd, 000239.983, 186
Trd, 000240.283, 184
Trd, 000240.533, 183
Trd, 000240.550, 185
Trd, 000240.800, 182
Trd, 000240.967, 182
Trd, 000241.283, 183
Trd, 000241.450, 182
Trd, 000241.667, 185
Trd, 000242.000, 181
Trd, 000243.233, 189
Trd, 000244.050, 185
Trd, 000244.600, 183
Trd, 000244.900, 182
Trd, 000245.050, 184
Trd, 000245.183, 168
Trd, 000245.617, 178
Trd, 000246.583, 178
Trd, 000247.900, 175
Trd, 000248.483, 173
Trd, 000248.517, 175
Trd, 000248.700, 173
Trd, 000249.283, 176
Trd, 000250.533, 174
Trd, 000250.850, 173
Trd, 000251.117, 173
Trd, 000251.467, 177
Trd, 000251.517, 171
Trd, 000251.650, 178
Trd, 000251.800, 178
Trd, 000252.233, 169
Trd, 000252.317, 186
Trd, 000253.250, 176
Trd, 000253.433, 184
Trd, 000254.217, 187
Trd, 000255.267, 189
Trd, 000255.300, 183
Trd, 000256.350, 185
Trd, 000256.400, 184
Trd, 000256.600, 185
Trd, 000256.633, 184
Trd, 000257.400, 187
Trd, 000257.600, 187
Trd, 000258.483, 185
Trd, 000258.883, 183
Trd, 000259.033, 182
Trd, 000259.133, 185
Trd, 000260.817, 180
Trd, 000261.100, 177
Trd, 000261.500, 179
Trd, 000261.900, 177
Trd, 000261.983, 179
Trd, 000263.267, 170
Trd, 000263.417, 173
Trd, 000263.767, 168
Trd, 000263.833, 175
Trd, 000263.867, 176
Trd, 000264.067, 176
Trd, 000264.400, 174
Trd, 000264.717, 188
Trd, 000265.683, 184
Trd, 000266.417, 180
Trd, 000266.817, 180
Trd, 000268.767, 186
Trd, 000268.900, 185
Trd, 000269.333, 184
Trd, 000269.917, 183
Trd, 000270.117, 183
Trd, 000270.817, 182
Trd, 000271.517, 178
Trd, 000272.333, 172
Trd, 000272.483, 177
Trd, 000272.883, 172
Trd, 000273.717, 175
Trd, 000274.050, 176
Trd, 000274.250, 174
Trd, 000274.317, 178
Trd, 000274.917, 171
Trd, 000275.033, 172
Trd, 000275.883, 172
Trd, 000275.950, 171
Trd, 000276.183, 170
Trd, 000276.567, 168
Trd, 000276.617, 169
Trd, 000276.900, 167
Trd, 000277.833, 168
Trd, 000278.000, 166
Trd, 000278.500, 169
Trd, 000278.983, 179
Trd, 000279.383, 187
Trd, 000279.433, 193
Trd, 000279.633, 185
Trd, 000280.183, 186
Trd, 000280.467, 189
Trd, 000281.517, 190
Trd, 000281.600, 187
Trd, 000283.233, 188
Trd, 000283.383, 186
Trd, 000284.167, 187
Trd, 000284.550, 186
Trd, 000284.867, 186
Trd, 000284.967, 185
Trd, 000285.300, 186
Trd, 000285.850, 176
Trd, 000286.533, 177
Trd, 000286.767, 176
Trd, 000286.850, 185
Trd, 000287.667, 175
Trd, 000288.450, 184
Trd, 000288.500, 192
Trd, 000289.067, 184
Trd, 000289.200, 194
Trd, 000289.333, 183
Trd, 000289.500, 182
Trd, 000290.400, 181
Trd, 000291.133, 196
Trd, 000291.167, 198
Trd, 000291.733, 180
Trd, 000291.933, 175
Trd, 000292.783, 184
Trd, 000293.617, 184
Trd, 000293.700, 176
Trd, 000294.400, 177
Trd, 000294.633, 182
Trd, 000294.650, 176
Trd, 000295.083, 183
Trd, 000295.950, 176
Trd, 000295.983, 173
Trd, 000297.017, 178
Trd, 000298.383, 173
Trd, 000298.467, 174
Trd, 000298.617, 175
Trd, 000299.950, 174
