Trd, 000003.250, 141
Trd, 000003.467, 133
Trd, 000004.317, 150
Trd, 000006.300, 153
Trd, 000007.100, 153
Trd, 000007.650, 154
Trd, 000008.050, 153
Trd, 000008.300, 158
Trd, 000008.450, 154
Trd, 000008.583, 159
Trd, 000010.433, 156
Trd, 000011.667, 156
Trd, 000011.700, 156
Trd, 000011.717, 157
Trd, 000012.517, 156
Trd, 000012.867, 156
Trd, 000013.900, 156
Trd, 000014.400, 155
Trd, 000015.017, 156
Trd, 000015.850, 155
Trd, 000016.050, 155
Trd, 000016.550, 155
Trd, 000017.367, 155
Trd, 000018.100, 156
Trd, 000018.183, 155
Trd, 000019.067, 157
Trd, 000020.533, 156
Trd, 000020.850, 156
Trd, 000021.033, 157
Trd, 000021.317, 156
Trd, 000022.033, 157
Trd, 000022.133, 158
Trd, 000022.417, 160
Trd, 000022.783, 154
Trd, 000023.667, 158
Trd, 000024.917, 160
Trd, 000025.717, 161
Trd, 000027.350, 161
Trd, 000027.983, 161
Trd, 000028.800, 161
Trd, 000028.917, 162
Trd, 000028.967, 163
Trd, 000029.350, 159
Trd, 000030.017, 159
Trd, 000031.083, 160
Trd, 000031.583, 158
Trd, 000033.317, 158
Trd, 000033.450, 158
Trd, 000033.867, 157
Trd, 000034.117, 154
Trd, 000034.433, 157
Trd, 000035.650, 157
Trd, 000035.833, 165
Trd, 000037.383, 168
Trd, 000037.550, 167
Trd, 000038.767, 165
Trd, 000039.133, 166
Trd, 000039.833, 164
Trd, 000040.350, 163
Trd, 000040.767, 162
Trd, 000041.583, 161
Trd, 000042.583, 157
Trd, 000042.833, 160
Trd, 000044.117, 158
Trd, 000044.150, 157
Trd, 000044.417, 156
Trd, 000044.617, 157
Trd, 000046.100, 157
Trd, 000046.917, 156
Trd, 000047.700, 157
Trd, 000048.833, 158
Trd, 000048.850, 157
Trd, 000049.233, 160
Trd, 000050.250, 155
Trd, 000051.583, 156
Trd, 000052.033, 155
Trd, 000052.600, 154
Trd, 000053.867, 155
Trd, 000054.967, 158
Trd, 000055.783, 158
Trd, 000056.833, 159
Trd, 000056.983, 160
Trd, 000057.400, 159
Trd, 000058.150, 163
Trd, 000058.967, 161
Trd, 000059.833, 162
Trd, 000060.083, 162
Trd, 000060.600, 163
Trd, 000060.967, 162
Trd, 000062.200, 160
Trd, 000063.050, 161
Trd, 000063.500, 157
Trd, 000063.967, 162
Trd, 000065.483, 161
Trd, 000065.650, 160
Trd, 000065.850, 161
Trd, 000068.183, 160
Trd, 000068.483, 161
Trd, 000068.650, 161
Trd, 000068.883, 161
Trd, 000069.083, 160
Trd, 000070.567, 162
Trd, 000070.833, 167
Trd, 000071.733, 158
Trd, 000074.150, 161
Trd, 000074.167, 159
Trd, 000075.183, 160
Trd, 000075.333, 162
Trd, 000075.733, 162
Trd, 000075.900, 159
Trd, 000078.200, 165
Trd, 000078.633, 163
Trd, 000078.683, 160
Trd, 000078.817, 159
Trd, 000079.233, 159
Trd, 000080.450, 163
Trd, 000081.450, 160
Trd, 000081.983, 161
Trd, 000082.150, 160
Trd, 000082.217, 159
Trd, 000082.450, 162
Trd, 000083.833, 164
Trd, 000084.450, 165
Trd, 000084.750, 165
Trd, 000084.800, 160
Trd, 000086.883, 164
Trd, 000087.583, 161
Trd, 000087.767, 160
Trd, 000088.400, 143
Trd, 000089.300, 153
Trd, 000089.850, 152
Trd, 000090.000, 152
Trd, 000090.467, 152
Trd, 000091.067, 148
Trd, 000091.850, 157
Trd, 000091.967, 149
Trd, 000092.883, 149
Trd, 000093.817, 164
Trd, 000094.500, 164
Trd, 000094.783, 167
Trd, 000094.967, 186
Trd, 000095.733, 166
Trd, 000096.033, 164
Trd, 000096.983, 161
Trd, 000097.517, 160
Trd, 000097.867, 158
Trd, 000099.817, 149
Trd, 000100.483, 151
Trd, 000101.000, 154
Trd, 000101.183, 155
Trd, 000101.467, 155
Trd, 000102.350, 155
Trd, 000102.400, 157
Trd, 000103.233, 158
Trd, 000103.650, 158
Trd, 000103.800, 159
Trd, 000104.400, 160
Trd, 000106.267, 163
Trd, 000107.733, 167
Trd, 000107.933, 160
Trd, 000108.167, 167
Trd, 000109.217, 167
Trd, 000110.183, 162
Trd, 000110.200, 161
Trd, 000112.033, 165
Trd, 000112.150, 167
Trd, 000112.167, 167
Trd, 000112.950, 169
Trd, 000113.733, 170
Trd, 000114.067, 170
Trd, 000114.567, 167
Trd, 000114.683, 166
Trd, 000116.033, 168
Trd, 000116.650, 165
Trd, 000116.850, 165
Trd, 000119.000, 166
Trd, 000119.600, 165
Trd, 000120.383, 167
Trd, 000120.900, 165
Trd, 000121.117, 164
Trd, 000122.050, 166
Trd, 000122.433, 167
Trd, 000122.550, 189
Trd, 000122.600, 198
Trd, 000122.617, 203
Trd, 000123.083, 201
Trd, 000123.233, 205
Trd, 000123.533, 212
Trd, 000124.067, 228
Trd, 000124.333, 313.0
Trd, 000124.867, 263
Trd, 000124.933, 323
Trd, 000126.400, 335
Trd, 000127.083, 338
Trd, 000127.100, 350
Trd, 000128.167, 331
Trd, 000128.200, 354.0
Trd, 000128.817, 351
Trd, 000129.700, 347
Trd, 000130.067, 337
Trd, 000131.317, 346
Trd, 000131.600, 348
Trd, 000132.917, 348
Trd, 000133.350, 338
Trd, 000133.433, 334
Trd, 000134.033, 335
Trd, 000134.183, 337
Trd, 000134.533, 336
Trd, 000135.767, 337.0
Trd, 000137.633, 336
Trd, 000137.800, 337
Trd, 000138.183, 341
Trd, 000139.433, 337
Trd, 000139.567, 342
Trd, 000140.583, 342
Trd, 000140.733, 348
Trd, 000142.267, 341
Trd, 000142.717, 340
Trd, 000143.067, 338
Trd, 000144.067, 341
Trd, 000144.483, 339
Trd, 000145.000, 348
Trd, 000145.467, 344
Trd, 000146.117, 345
Trd, 000146.550, 355.0
Trd, 000149.900, 343
Trd, 000151.500, 346
Trd, 000151.917, 344
Trd, 000151.983, 344
Trd, 000152.083, 347
Trd, 000153.983, 346
Trd, 000154.317, 348
Trd, 000155.433, 345
Trd, 000155.483, 343
Trd, 000156.550, 343
Trd, 000156.683, 344
Trd, 000158.417, 345
Trd, 000158.583, 350
Trd, 000160.217, 347
Trd, 000160.317, 351
Trd, 000160.617, 346
Trd, 000161.367, 345
Trd, 000162.567, 346
Trd, 000162.717, 344
Trd, 000162.800, 347
Trd, 000162.833, 343
Trd, 000164.350, 343
Trd, 000164.533, 333
Trd, 000165.333, 334
Trd, 000166.967, 344
Trd, 000167.817, 344
Trd, 000168.667, 346
Trd, 000169.300, 345
Trd, 000170.367, 344
Trd, 000170.883, 349
Trd, 000171.183, 343
Trd, 000172.233, 343
Trd, 000173.283, 341
Trd, 000173.817, 351
Trd, 000173.850, 351
Trd, 000174.383, 341
Trd, 000174.967, 342
Trd, 000177.167, 344
Trd, 000177.700, 345
Trd, 000177.933, 343
Trd, 000177.983, 343
Trd, 000178.650, 342
Trd, 000178.833, 343
Trd, 000179.850, 346
Trd, 000179.900, 350
Trd, 000180.383, 334
Trd, 000182.000, 341
Trd, 000182.133, 339
Trd, 000182.150, 349
Trd, 000182.300, 340
Trd, 000182.367, 339
Trd, 000182.917, 332
Trd, 000183.467, 331.0
Trd, 000184.283, 327.0
Trd, 000184.317, 197
Trd, 000185.117, 185
Trd, 000185.217, 184
Trd, 000187.183, 165
Trd, 000187.850, 154
Trd, 000188.250, 166
Trd, 000188.700, 165
Trd, 000189.167, 181
Trd, 000190.283, 176
Trd, 000190.350, 175
Trd, 000191.167, 178
Trd, 000192.667, 168
Trd, 000192.717, 168
Trd, 000194.450, 168
Trd, 000194.917, 170
Trd, 000195.050, 169
Trd, 000196.500, 170
Trd, 000197.250, 170
Trd, 000197.283, 169
Trd, 000197.350, 171
Trd, 000198.550, 173
Trd, 000199.150, 170
Trd, 000199.633, 171
Trd, 000199.900, 172
Trd, 000200.367, 171
Trd, 000200.750, 174
Trd, 000201.217, 174
Trd, 000202.300, 175
Trd, 000203.317, 172
Trd, 000204.300, 174
Trd, 000204.817, 173
Trd, 000205.133, 173
Trd, 000205.950, 174
Trd, 000206.283, 172
Trd, 000206.400, 172
Trd, 000206.967, 173
Trd, 000207.000, 176
Trd, 000207.117, 178
Trd, 000208.033, 175
Trd, 000208.567, 175
Trd, 000209.633, 175
Trd, 000209.933, 174
Trd, 000210.650, 173
Trd, 000212.050, 159
Trd, 000212.250, 173
Trd, 000212.867, 165
Trd, 000213.183, 166
Trd, 000214.200, 164
Trd, 000214.367, 169
Trd, 000215.900, 166
Trd, 000216.033, 166
Trd, 000216.283, 167
Trd, 000217.300, 170
Trd, 000220.350, 171
Trd, 000220.817, 167
Trd, 000221.767, 171
Trd, 000221.967, 166
Trd, 000222.050, 169
Trd, 000222.283, 164
Trd, 000222.500, 170
Trd, 000222.700, 155
Trd, 000224.500, 166
Trd, 000225.983, 166
Trd, 000227.567, 165
Trd, 000227.800, 166
Trd, 000228.483, 168
Trd, 000228.517, 168
Trd, 000228.667, 168
Trd, 000228.983, 171
Trd, 000229.400, 167
Trd, 000230.950, 171
Trd, 000231.417, 171
Trd, 000231.867, 171
Trd, 000231.950, 171
Trd, 000232.517, 169
Trd, 000232.767, 170
Trd, 000234.417, 177
Trd, 000234.517, 178
Trd, 000235.217, 177
Trd, 000235.683, 180
Trd, 000236.217, 178
Trd, 000237.150, 178
Trd, 000237.500, 178
Trd, 000237.567, 178
Trd, 000238.417, 181
Trd, 000239.333, 178
Trd, 000240.217, 178
Trd, 000240.467, 177
Trd, 000240.617, 179
Trd, 000241.133, 178
Trd, 000241.200, 176
Trd, 000241.800, 176
Trd, 000241.867, 175
Trd, 000242.317, 176
Trd, 000243.117, 182
Trd, 000243.617, 161
Trd, 000244.983, 170
Trd, 000245.283, 171
Trd, 000245.783, 170
Trd, 000245.833, 169
Trd, 000246.250, 171
Trd, 000246.783, 170
Trd, 000246.933, 171
Trd, 000247.133, 174
Trd, 000247.400, 182
Trd, 000248.083, 182
Trd, 000248.367, 182
Trd, 000248.700, 180
Trd, 000249.550, 182
Trd, 000249.883, 183
Trd, 000251.083, 182
Trd, 000251.117, 181
Trd, 000251.833, 183
Trd, 000251.867, 184
Trd, 000252.083, 184
Trd, 000252.767, 181
Trd, 000253.483, 181
Trd, 000253.717, 184
Trd, 000253.783, 185
Trd, 000254.900, 183
Trd, 000255.883, 184
Trd, 000255.933, 182
Trd, 000256.517, 182
Trd, 000256.917, 181
Trd, 000258.383, 178
Trd, 000258.400, 184
Trd, 000258.633, 178
Trd, 000259.033, 175
Trd, 000259.700, 164
Trd, 000260.100, 167
Trd, 000260.150, 167
Trd, 000260.950, 165
Trd, 000261.200, 166
Trd, 000261.617, 174
Trd, 000261.633, 181
Trd, 000262.567, 170
Trd, 000263.667, 173
Trd, 000264.100, 174
Trd, 000264.683, 173
Trd, 000264.867, 174
Trd, 000264.917, 175
Trd, 000265.617, 184
Trd, 000265.650, 181
Trd, 000266.283, 182
Trd, 000266.350, 181
Trd, 000266.783, 182
Trd, 000266.800, 180
Trd, 000266.900, 180
Trd, 000268.167, 180
Trd, 000269.350, 179
Trd, 000269.417, 180
Trd, 000269.883, 178
Trd, 000270.300, 178
Trd, 000270.350, 180
Trd, 000270.900, 178
Trd, 000271.100, 181
Trd, 000271.183, 176
Trd, 000272.583, 177
Trd, 000272.817, 177
Trd, 000272.900, 182
Trd, 000272.917, 176
Trd, 000273.367, 180
Trd, 000273.600, 179
Trd, 000274.650, 180
Trd, 000274.917, 181
Trd, 000275.183, 181
Trd, 000275.433, 180
Trd, 000275.600, 178
Trd, 000275.733, 178
Trd, 000276.733, 182
Trd, 000276.967, 181
Trd, 000277.350, 183
Trd, 000277.817, 189
Trd, 000277.917, 185
Trd, 000278.567, 178
Trd, 000278.617, 180
Trd, 000279.800, 169
Trd, 000279.900, 176
Trd, 000280.017, 177
Trd, 000280.167, 178
Trd, 000280.367, 174
Trd, 000281.467, 168
Trd, 000281.800, 166
Trd, 000283.233, 170
Trd, 000283.417, 171
Trd, 000283.750, 179
Trd, 000284.333, 168
Trd, 000284.500, 165
Trd, 000284.800, 173
Trd, 000285.133, 183
Trd, 000285.283, 190
Trd, 000286.183, 172
Trd, 000287.117, 175
Trd, 000287.283, 183
Trd, 000288.867, 179
Trd, 000289.200, 181
Trd, 000289.317, 180
Trd, 000289.683, 179
Trd, 000289.750, 180
Trd, 000289.883, 178
Trd, 000290.150, 183
Trd, 000290.617, 179
Trd, 000290.750, 181
Trd, 000290.867, 178
Trd, 000291.417, 178
Trd, 000291.733, 166
Trd, 000292.517, 181
Trd, 000292.567, 184
Trd, 000293.050, 177
Trd, 000293.550, 177
Trd, 000293.583, 191
Trd, 000293.733, 169
Trd, 000294.083, 175
Trd, 000294.517, 181
Trd, 000295.817, 182
Trd, 000296.383, 182
Trd, 000297.050, 182
Trd, 000297.150, 181
Trd, 000297.300, 182
Trd, 000298.000, 181
