Trd, 000003.517, 137
Trd, 000003.683, 144
Trd, 000004.067, 151
Trd, 000004.433, 150
Trd, 000005.300, 152
Trd, 000006.067, 144
Trd, 000006.567, 168
Trd, 000007.000, 167
Trd, 000007.633, 145
Trd, 000008.717, 151
Trd, 000009.567, 147
Trd, 000010.333, 151
Trd, 000011.417, 152
Trd, 000013.533, 151
Trd, 000013.700, 159
Trd, 000013.783, 160
Trd, 000015.667, 154
Trd, 000015.933, 153
Trd, 000015.967, 155
Trd, 000016.133, 152
Trd, 000016.683, 159
Trd, 000017.167, 160
Trd, 000018.050, 164
Trd, 000018.617, 166
Trd, 000019.183, 162
Trd, 000020.233, 156
Trd, 000020.367, 155
Trd, 000021.433, 155
Trd, 000022.117, 161
Trd, 000022.133, 156
Trd, 000023.050, 170
Trd, 000023.783, 165
Trd, 000024.250, 174
Trd, 000024.967, 164
Trd, 000026.000, 164
Trd, 000027.017, 163
Trd, 000027.633, 166
Trd, 000028.950, 164
Trd, 000030.267, 166
Trd, 000031.050, 167
Trd, 000032.267, 166
Trd, 000032.783, 165
Trd, 000033.367, 166
Trd, 000034.283, 163
Trd, 000035.150, 161
Trd, 000035.433, 157
Trd, 000036.250, 165
Trd, 000036.883, 167
Trd, 000037.683, 167
Trd, 000037.967, 166
Trd, 000038.633, 164
Trd, 000039.433, 164
Trd, 000039.883, 158
Trd, 000040.333, 152
Trd, 000041.417, 162
Trd, 000041.983, 163
Trd, 000042.167, 163
Trd, 000042.767, 163
Trd, 000043.117, 160
Trd, 000043.617, 165
Trd, 000044.733, 172
Trd, 000044.817, 162
Trd, 000045.100, 160
Trd, 000045.700, 159
Trd, 000046.350, 157
Trd, 000046.533, 165
Trd, 000047.667, 172
Trd, 000048.000, 167
Trd, 000050.300, 169
Trd, 000050.333, 167
Trd, 000051.383, 166
Trd, 000052.517, 166
Trd, 000052.883, 165
Trd, 000053.300, 166
Trd, 000053.983, 165
Trd, 000054.817, 163
Trd, 000055.133, 162
Trd, 000056.683, 162
Trd, 000057.083, 161
Trd, 000057.600, 159
Trd, 000057.833, 160
Trd, 000058.050, 165
Trd, 000059.833, 138
Trd, 000060.150, 155
Trd, 000060.200, 157
Trd, 000060.400, 147
Trd, 000060.983, 155
Trd, 000061.283, 154
Trd, 000061.667, 151
Trd, 000062.617, 137
Trd, 000062.700, 157
Trd, 000063.417, 152
Trd, 000063.483, 153
Trd, 000064.050, 174
Trd, 000064.083, 155
Trd, 000064.700, 156
Trd, 000065.333, 165
Trd, 000066.333, 170
Trd, 000066.350, 169
Trd, 000067.450, 167
Trd, 000069.083, 168
Trd, 000069.167, 166
Trd, 000070.233, 168
Trd, 000071.300, 165
Trd, 000072.050, 167
Trd, 000072.850, 166
Trd, 000073.883, 163
Trd, 000074.517, 158
Trd, 000075.367, 156
Trd, 000075.800, 157
Trd, 000075.900, 158
Trd, 000077.883, 156
Trd, 000078.017, 151
Trd, 000078.317, 159
Trd, 000078.717, 166
Trd, 000078.817, 179
Trd, 000079.283, 145
Trd, 000082.067, 158
Trd, 000082.850, 159
Trd, 000083.400, 158
Trd, 000083.983, 156
Trd, 000084.300, 159
Trd, 000084.650, 158
Trd, 000084.717, 159
Trd, 000086.250, 166
Trd, 000086.767, 161
Trd, 000086.800, 158
Trd, 000088.300, 161
Trd, 000088.417, 161
Trd, 000088.583, 161
Trd, 000088.733, 162
Trd, 000089.100, 160
Trd, 000090.200, 158
Trd, 000090.567, 157
Trd, 000090.817, 164
Trd, 000090.967, 160
Trd, 000091.800, 167
Trd, 000092.800, 159
Trd, 000093.517, 164
Trd, 000093.883, 153
Trd, 000094.233, 164
Trd, 000094.617, 156
Trd, 000095.883, 166
Trd, 000096.217, 162
Trd, 000097.300, 163
Trd, 000097.617, 160
Trd, 000099.450, 158
Trd, 000099.833, 161
Trd, 000100.467, 178
Trd, 000101.150, 154
Trd, 000102.433, 163
Trd, 000102.883, 168
Trd, 000103.100, 163
Trd, 000104.033, 166
Trd, 000104.800, 168
Trd, 000106.167, 168
Trd, 000106.967, 167
Trd, 000107.083, 169
Trd, 000108.050, 170
Trd, 000108.150, 166
Trd, 000108.583, 165
Trd, 000108.800, 165
Trd, 000109.067, 168
Trd, 000110.900, 178
Trd, 000111.450, 176
Trd, 000112.033, 174
Trd, 000112.267, 179
Trd, 000112.283, 174
Trd, 000112.867, 173
Trd, 000113.450, 172
Trd, 000113.733, 172
Trd, 000115.917, 171
Trd, 000116.017, 175
Trd, 000116.517, 169
Trd, 000116.833, 163
Trd, 000117.417, 162
Trd, 000119.800, 167
Trd, 000120.700, 175
Trd, 000120.717, 174
Trd, 000121.150, 178
Trd, 000121.367, 175
Trd, 000121.550, 180
Trd, 000122.867, 182
Trd, 000123.017, 186
Trd, 000123.217, 191
Trd, 000123.233, 208
Trd, 000123.467, 211
Trd, 000124.183, 212
Trd, 000124.217, 309
Trd, 000124.400, 338
Trd, 000124.667, 275
Trd, 000124.833, 337
Trd, 000125.167, 344.0
Trd, 000126.083, 333
Trd, 000127.700, 330
Trd, 000128.250, 337.0
Trd, 000129.683, 344.0
Trd, 000129.750, 345
Trd, 000129.933, 334
Trd, 000130.433, 337.0
Trd, 000130.567, 339
Trd, 000132.233, 341
Trd, 000132.967, 348
Trd, 000133.017, 351.0
Trd, 000133.050, 375.0
Trd, 000135.267, 338
Trd, 000136.567, 350
Trd, 000136.650, 350.0
Trd, 000136.867, 342
Trd, 000138.000, 341
Trd, 000138.267, 341
Trd, 000138.367, 340
Trd, 000138.450, 350.0
Trd, 000138.550, 350
Trd, 000139.050, 342
Trd, 000140.550, 357
Trd, 000142.833, 354
Trd, 000143.767, 356
Trd, 000146.000, 347
Trd, 000146.617, 347
Trd, 000146.983, 348
Trd, 000147.417, 347
Trd, 000147.600, 346
Trd, 000147.650, 351.0
Trd, 000148.633, 347
Trd, 000149.617, 348
Trd, 000150.817, 347
Trd, 000151.567, 347
Trd, 000153.533, 345
Trd, 000153.617, 346
Trd, 000153.917, 342
Trd, 000154.317, 350.0
Trd, 000154.433, 344
Trd, 000155.200, 347
Trd, 000155.350, 345
Trd, 000155.567, 349.0
Trd, 000156.483, 344
Trd, 000156.567, 351.0
Trd, 000158.067, 351
Trd, 000158.383, 358
Trd, 000158.733, 351
Trd, 000158.900, 348.0
Trd, 000160.617, 347
Trd, 000161.217, 355
Trd, 000161.650, 324.0
Trd, 000161.950, 353
Trd, 000163.350, 345
Trd, 000164.800, 345
Trd, 000165.183, 349.0
Trd, 000165.217, 351.0
Trd, 000166.283, 347
Trd, 000167.683, 349
Trd, 000167.967, 347
Trd, 000169.083, 351
Trd, 000170.150, 349.0
Trd, 000170.417, 350.0
Trd, 000170.800, 348.0
Trd, 000170.900, 345
Trd, 000171.800, 342
Trd, 000172.067, 351.0
Trd, 000172.217, 350
Trd, 000172.317, 341
Trd, 000173.083, 358
Trd, 000174.033, 359.0
Trd, 000174.117, 358.0
Trd, 000174.433, 348
Trd, 000175.217, 361
Trd, 000177.700, 353
Trd, 000177.850, 351
Trd, 000178.767, 351.0
Trd, 000178.850, 349
Trd, 000179.500, 354
Trd, 000180.167, 351.0
Trd, 000180.283, 353
Trd, 000181.800, 351.0
Trd, 000181.917, 348.0
Trd, 000182.100, 345
Trd, 000182.200, 351
Trd, 000182.383, 327.0
Trd, 000182.500, 350
Trd, 000182.583, 327
Trd, 000182.700, 324.0
Trd, 000182.767, 319
Trd, 000183.367, 300.0
Trd, 000184.083, 293
Trd, 000184.100, 197
Trd, 000184.433, 180
Trd, 000184.867, 207
Trd, 000185.133, 168
Trd, 000186.733, 185
Trd, 000186.933, 186
Trd, 000187.667, 185
Trd, 000188.283, 190
Trd, 000188.967, 188
Trd, 000189.533, 181
Trd, 000190.583, 190
Trd, 000191.533, 170
Trd, 000193.217, 186
Trd, 000193.583, 169
Trd, 000194.467, 177
Trd, 000195.483, 179
Trd, 000196.083, 179
Trd, 000196.233, 180
Trd, 000197.017, 186
Trd, 000197.383, 179
Trd, 000198.700, 181
Trd, 000198.867, 180
Trd, 000200.017, 179
Trd, 000202.400, 179
Trd, 000202.433, 180
Trd, 000202.717, 178
Trd, 000203.250, 178
Trd, 000203.317, 180
Trd, 000204.567, 176
Trd, 000204.867, 174
Trd, 000204.900, 171
Trd, 000206.333, 172
Trd, 000206.900, 168
Trd, 000207.183, 172
Trd, 000207.900, 172
Trd, 000208.667, 171
Trd, 000209.133, 178
Trd, 000210.017, 174
Trd, 000210.050, 175
Trd, 000210.700, 174
Trd, 000210.950, 174
Trd, 000211.083, 176
Trd, 000211.350, 179
Trd, 000213.483, 176
Trd, 000214.317, 176
Trd, 000215.050, 175
Trd, 000215.150, 176
Trd, 000215.517, 174
Trd, 000215.733, 177
Trd, 000215.850, 176
Trd, 000216.400, 179
Trd, 000216.633, 173
Trd, 000218.717, 180
Trd, 000219.133, 190
Trd, 000219.400, 176
Trd, 000219.983, 184
Trd, 000221.583, 183
Trd, 000221.750, 182
Trd, 000222.367, 183
Trd, 000222.567, 186
Trd, 000223.433, 183
Trd, 000223.833, 182
Trd, 000223.967, 184
Trd, 000225.300, 181
Trd, 000227.417, 181
Trd, 000228.450, 182
Trd, 000229.150, 181
Trd, 000229.517, 179
Trd, 000230.617, 182
Trd, 000230.833, 184
Trd, 000231.250, 184
Trd, 000231.983, 184
Trd, 000233.383, 184
Trd, 000233.917, 184
Trd, 000234.267, 185
Trd, 000235.083, 186
Trd, 000235.583, 189
Trd, 000235.867, 183
Trd, 000239.200, 186
Trd, 000239.800, 186
Trd, 000240.017, 187
Trd, 000240.233, 188
Trd, 000240.383, 187
Trd, 000240.400, 186
Trd, 000240.817, 185
Trd, 000241.167, 186
Trd, 000241.583, 184
Trd, 000241.700, 185
Trd, 000241.833, 182
Trd, 000241.983, 186
Trd, 000243.017, 178
Trd, 000243.200, 172
Trd, 000243.800, 174
Trd, 000244.033, 181
Trd, 000244.117, 186
Trd, 000245.133, 179
Trd, 000245.167, 181
Trd, 000245.300, 182
Trd, 000245.817, 186
Trd, 000246.550, 186
Trd, 000248.133, 184
Trd, 000248.233, 187
Trd, 000248.650, 183
Trd, 000248.767, 181
Trd, 000249.033, 187
Trd, 000249.450, 187
Trd, 000249.733, 186
Trd, 000250.300, 184
Trd, 000250.367, 183
Trd, 000250.617, 183
Trd, 000250.650, 179
Trd, 000252.433, 181
Trd, 000252.517, 180
Trd, 000252.650, 174
Trd, 000253.133, 181
Trd, 000253.967, 179
Trd, 000254.300, 181
Trd, 000255.000, 186
Trd, 000255.633, 186
Trd, 000255.917, 184
Trd, 000256.400, 182
Trd, 000256.667, 181
Trd, 000256.983, 186
Trd, 000258.033, 180
Trd, 000258.317, 185
Trd, 000258.517, 185
Trd, 000258.600, 186
Trd, 000258.917, 180
Trd, 000259.333, 183
Trd, 000259.833, 183
Trd, 000260.133, 183
Trd, 000260.433, 179
Trd, 000261.433, 185
Trd, 000261.550, 184
Trd, 000261.650, 183
Trd, 000261.700, 182
Trd, 000263.000, 184
Trd, 000263.067, 179
Trd, 000263.650, 184
Trd, 000264.417, 184
Trd, 000264.917, 180
Trd, 000265.550, 183
Trd, 000265.733, 180
Trd, 000266.033, 181
Trd, 000267.850, 188
Trd, 000267.900, 181
Trd, 000268.567, 183
Trd, 000269.050, 185
Trd, 000269.267, 185
Trd, 000269.683, 186
Trd, 000269.900, 182
Trd, 000269.950, 181
Trd, 000270.467, 179
Trd, 000271.950, 184
Trd, 000272.283, 180
Trd, 000273.067, 180
Trd, 000273.683, 181
Trd, 000274.383, 178
Trd, 000274.767, 183
Trd, 000274.900, 178
Trd, 000275.717, 182
Trd, 000275.767, 182
Trd, 000276.017, 182
Trd, 000276.467, 189
Trd, 000276.750, 181
Trd, 000277.633, 179
Trd, 000278.083, 186
Trd, 000278.433, 186
Trd, 000278.767, 186
Trd, 000279.017, 189
Trd, 000279.133, 181
Trd, 000279.150, 185
Trd, 000279.817, 182
Trd, 000279.983, 189
Trd, 000282.050, 183
Trd, 000282.567, 183
Trd, 000282.667, 180
Trd, 000283.000, 187
Trd, 000283.067, 185
Trd, 000283.217, 176
Trd, 000284.217, 187
Trd, 000284.617, 186
Trd, 000284.950, 187
Trd, 000284.967, 180
Trd, 000285.150, 189
Trd, 000285.817, 190
Trd, 000286.383, 183
Trd, 000287.233, 190
Trd, 000287.450, 182
Trd, 000287.550, 182
Trd, 000288.017, 191
Trd, 000288.317, 181
Trd, 000288.600, 184
Trd, 000289.333, 183
Trd, 000290.617, 187
Trd, 000290.817, 189
Trd, 000291.100, 187
Trd, 000291.367, 186
Trd, 000291.400, 187
Trd, 000291.833, 180
Trd, 000291.933, 191
Trd, 000292.883, 196
Trd, 000293.300, 181
Trd, 000293.800, 180
Trd, 000294.300, 179
Trd, 000294.650, 179
Trd, 000294.833, 177
Trd, 000296.250, 173
Trd, 000296.483, 182
Trd, 000296.867, 180
Trd, 000297.267, 179
Trd, 000297.300, 170
Trd, 000297.383, 187
Trd, 000297.467, 168
Trd, 000297.750, 168
Trd, 000297.967, 188
Trd, 000298.817, 175
Trd, 000298.917, 174
