Trd, 000002.033, 115
Trd, 000002.250, 120
Trd, 000002.567, 128
Trd, 000002.667, 130
Trd, 000003.283, 137
Trd, 000003.900, 151
Trd, 000004.067, 155
Trd, 000005.583, 151
Trd, 000005.717, 158
Trd, 000005.750, 174
Trd, 000005.850, 150
Trd, 000006.950, 152
Trd, 000006.983, 175
Trd, 000007.050, 142
Trd, 000007.500, 160
Trd, 000008.200, 138
Trd, 000008.467, 135
Trd, 000009.050, 150
Trd, 000009.200, 152
Trd, 000009.683, 141
Trd, 000010.600, 143
Trd, 000011.583, 144
Trd, 000011.917, 144
Trd, 000012.017, 145
Trd, 000012.483, 145
Trd, 000013.283, 146
Trd, 000013.933, 156
Trd, 000014.500, 149
Trd, 000014.700, 150
Trd, 000014.867, 159
Trd, 000015.700, 155
Trd, 000016.367, 157
Trd, 000017.633, 157
Trd, 000018.217, 154
Trd, 000018.883, 156
Trd, 000018.950, 157
Trd, 000019.633, 155
Trd, 000020.300, 157
Trd, 000020.533, 155
Trd, 000020.900, 157
Trd, 000022.650, 158
Trd, 000023.050, 159
Trd, 000023.250, 156
Trd, 000023.817, 156
Trd, 000024.733, 155
Trd, 000024.767, 157
Trd, 000026.300, 159
Trd, 000026.400, 159
Trd, 000027.450, 158
Trd, 000027.650, 155
Trd, 000027.867, 153
Trd, 000028.200, 156
Trd, 000028.900, 146
Trd, 000028.983, 147
Trd, 000029.433, 159
Trd, 000030.100, 177
Trd, 000030.717, 160
Trd, 000031.033, 160
Trd, 000032.500, 155
Trd, 000033.200, 151
Trd, 000033.500, 153
Trd, 000034.150, 154
Trd, 000035.067, 152
Trd, 000035.567, 154
Trd, 000036.017, 155
Trd, 000036.083, 155
Trd, 000036.217, 158
Trd, 000036.417, 155
Trd, 000037.383, 152
Trd, 000038.683, 153
Trd, 000038.983, 154
Trd, 000039.967, 155
Trd, 000040.217, 152
Trd, 000040.233, 155
Trd, 000040.617, 157
Trd, 000041.667, 157
Trd, 000043.017, 158
Trd, 000043.100, 159
Trd, 000043.400, 154
Trd, 000044.700, 153
Trd, 000044.800, 162
Trd, 000044.817, 177
Trd, 000045.417, 155
Trd, 000045.617, 155
Trd, 000046.050, 156
Trd, 000046.383, 159
Trd, 000047.183, 156
Trd, 000047.617, 155
Trd, 000047.783, 160
Trd, 000049.250, 160
Trd, 000049.700, 160
Trd, 000051.317, 159
Trd, 000052.233, 157
Trd, 000052.683, 155
Trd, 000053.233, 155
Trd, 000054.317, 156
Trd, 000054.567, 154
Trd, 000055.083, 154
Trd, 000055.367, 157
Trd, 000055.667, 152
Trd, 000056.733, 157
Trd, 000057.450, 152
Trd, 000057.667, 153
Trd, 000057.817, 157
Trd, 000058.700, 160
Trd, 000058.850, 161
Trd, 000059.733, 164
Trd, 000059.817, 180
Trd, 000060.767, 157
Trd, 000061.583, 166
Trd, 000062.167, 166
Trd, 000063.000, 166
Trd, 000063.117, 167
Trd, 000064.067, 164
Trd, 000064.383, 168
Trd, 000064.700, 163
Trd, 000064.950, 163
Trd, 000065.067, 162
Trd, 000065.833, 163
Trd, 000065.867, 160
Trd, 000067.217, 162
Trd, 000067.417, 162
Trd, 000067.533, 148
Trd, 000067.683, 165
Trd, 000067.783, 142
Trd, 000069.483, 166
Trd, 000070.117, 180
Trd, 000070.733, 166
Trd, 000071.083, 165
Trd, 000071.617, 165
Trd, 000073.183, 164
Trd, 000073.367, 165
Trd, 000073.383, 164
Trd, 000074.200, 165
Trd, 000074.583, 163
Trd, 000075.117, 166
Trd, 000075.417, 167
Trd, 000076.017, 162
Trd, 000077.050, 168
Trd, 000077.400, 166
Trd, 000078.617, 169
Trd, 000078.983, 169
Trd, 000080.233, 169
Trd, 000080.550, 168
Trd, 000081.150, 166
Trd, 000081.183, 166
Trd, 000082.033, 169
Trd, 000084.050, 156
Trd, 000084.333, 161
Trd, 000084.400, 161
Trd, 000084.500, 163
Trd, 000085.100, 156
Trd, 000085.283, 159
Trd, 000085.433, 160
Trd, 000086.150, 160
Trd, 000086.283, 160
Trd, 000086.300, 162
Trd, 000086.350, 182
Trd, 000087.683, 157
Trd, 000088.117, 165
Trd, 000089.733, 165
Trd, 000090.083, 163
Trd, 000090.150, 162
Trd, 000090.600, 161
Trd, 000090.817, 161
Trd, 000092.500, 159
Trd, 000092.867, 158
Trd, 000094.417, 159
Trd, 000094.483, 160
Trd, 000094.933, 159
Trd, 000094.950, 160
Trd, 000096.067, 161
Trd, 000096.433, 160
Trd, 000097.217, 162
Trd, 000098.417, 159
Trd, 000098.467, 161
Trd, 000098.500, 165
Trd, 000099.800, 161
Trd, 000099.850, 161
Trd, 000099.867, 167
Trd, 000101.417, 166
Trd, 000102.617, 162
Trd, 000103.483, 163
Trd, 000103.817, 165
Trd, 000103.983, 162
Trd, 000104.333, 162
Trd, 000105.483, 157
Trd, 000105.617, 156
Trd, 000106.617, 157
Trd, 000108.250, 155
Trd, 000108.383, 158
Trd, 000108.583, 166
Trd, 000108.783, 167
Trd, 000110.067, 162
Trd, 000110.900, 158
Trd, 000111.317, 161
Trd, 000113.017, 160
Trd, 000113.683, 159
Trd, 000113.800, 160
Trd, 000113.933, 161
Trd, 000114.083, 166
Trd, 000114.433, 162
Trd, 000114.917, 162
Trd, 000115.183, 169
Trd, 000116.983, 184
Trd, 000117.250, 169
Trd, 000117.617, 170
Trd, 000118.067, 169
Trd, 000118.433, 172
Trd, 000119.183, 173
Trd, 000119.467, 168
Trd, 000120.200, 167
Trd, 000120.650, 169
Trd, 000121.317, 163
Trd, 000121.433, 163
Trd, 000121.633, 164
Trd, 000122.983, 187
Trd, 000123.000, 191
Trd, 000123.333, 206
Trd, 000123.533, 212
Trd, 000123.900, 260
Trd, 000124.550, 271
Trd, 000125.350, 320.0
Trd, 000125.433, 312
Trd, 000125.550, 321
Trd, 000126.733, 344.0
Trd, 000127.233, 343
Trd, 000127.517, 342.0
Trd, 000128.017, 350
Trd, 000128.900, 344.0
Trd, 000129.017, 348.0
Trd, 000130.050, 348.0
Trd, 000130.517, 347
Trd, 000130.567, 350
Trd, 000130.983, 343.0
Trd, 000132.150, 348.0
Trd, 000133.117, 353
Trd, 000133.683, 351
Trd, 000133.900, 344
Trd, 000135.833, 350.0
Trd, 000136.600, 347
Trd, 000136.683, 345
Trd, 000137.783, 348
Trd, 000138.867, 346
Trd, 000139.133, 342.0
Trd, 000139.817, 343.0
Trd, 000140.450, 344.0
Trd, 000141.117, 344
Trd, 000142.133, 350.0
Trd, 000142.383, 358.0
Trd, 000142.450, 375.0
Trd, 000144.133, 349
Trd, 000144.217, 351.0
Trd, 000146.150, 347.0
Trd, 000146.167, 351
Trd, 000146.350, 349
Trd, 000146.983, 348
Trd, 000147.167, 352
Trd, 000147.983, 345
Trd, 000148.300, 344.0
Trd, 000148.600, 344
Trd, 000149.067, 347
Trd, 000150.183, 343
Trd, 000150.783, 344.0
Trd, 000151.600, 342
Trd, 000151.617, 341
Trd, 000152.567, 342
Trd, 000153.033, 342
Trd, 000153.433, 343
Trd, 000153.767, 344.0
Trd, 000154.900, 343
Trd, 000155.450, 342
Trd, 000155.483, 342
Trd, 000155.833, 341.0
Trd, 000155.867, 347
Trd, 000158.233, 347
Trd, 000159.233, 344.0
Trd, 000159.317, 342
Trd, 000159.850, 344
Trd, 000160.183, 346
Trd, 000160.283, 344.0
Trd, 000161.533, 348
Trd, 000162.050, 347
Trd, 000163.017, 345
Trd, 000163.583, 349
Trd, 000164.217, 351.0
Trd, 000164.550, 354.0
Trd, 000164.850, 346
Trd, 000165.000, 355.0
Trd, 000165.683, 344
Trd, 000166.200, 344
Trd, 000167.067, 353
Trd, 000167.233, 347.0
Trd, 000168.350, 345
Trd, 000169.217, 344.0
Trd, 000169.500, 351
Trd, 000169.600, 353
Trd, 000172.150, 349.0
Trd, 000172.983, 346
Trd, 000173.667, 345
Trd, 000174.700, 349
Trd, 000175.567, 344
Trd, 000175.650, 344.0
Trd, 000175.767, 348
Trd, 000176.117, 346
Trd, 000177.017, 345
Trd, 000177.833, 344
Trd, 000177.867, 344
Trd, 000178.683, 346
Trd, 000179.400, 345
Trd, 000179.467, 348
Trd, 000180.267, 349
Trd, 000180.617, 351.0
Trd, 000180.633, 355.0
Trd, 000181.383, 344
Trd, 000181.783, 344.0
Trd, 000181.883, 343
Trd, 000181.900, 341.0
Trd, 000181.917, 333
Trd, 000182.033, 320.0
Trd, 000182.767, 327.0
Trd, 000183.083, 323
Trd, 000184.750, 207
Trd, 000184.850, 200
Trd, 000184.883, 330
Trd, 000185.717, 193
Trd, 000186.300, 191
Trd, 000187.267, 196
Trd, 000188.217, 182
Trd, 000188.550, 181
Trd, 000188.683, 194
Trd, 000188.950, 196
Trd, 000189.167, 198
Trd, 000189.317, 180
Trd, 000189.833, 177
Trd, 000190.533, 181
Trd, 000191.567, 181
Trd, 000192.467, 182
Trd, 000192.617, 176
Trd, 000192.783, 177
Trd, 000194.317, 175
Trd, 000194.767, 176
Trd, 000195.117, 167
Trd, 000195.133, 170
Trd, 000196.733, 168
Trd, 000196.883, 170
Trd, 000197.267, 169
Trd, 000198.117, 169
Trd, 000198.333, 169
Trd, 000198.517, 168
Trd, 000199.000, 169
Trd, 000199.767, 170
Trd, 000201.267, 171
Trd, 000201.600, 169
Trd, 000201.633, 171
Trd, 000201.983, 168
Trd, 000202.000, 168
Trd, 000202.250, 165
Trd, 000205.017, 164
Trd, 000205.333, 165
Trd, 000205.400, 167
Trd, 000206.433, 163
Trd, 000206.750, 164
Trd, 000206.783, 163
Trd, 000207.450, 164
Trd, 000208.767, 165
Trd, 000208.983, 162
Trd, 000209.150, 167
Trd, 000209.383, 175
Trd, 000209.717, 170
Trd, 000210.650, 176
Trd, 000210.867, 178
Trd, 000212.200, 176
Trd, 000212.500, 175
Trd, 000213.500, 177
Trd, 000213.650, 179
Trd, 000213.800, 178
Trd, 000214.500, 176
Trd, 000214.733, 177
Trd, 000215.533, 178
Trd, 000216.083, 176
Trd, 000216.917, 177
Trd, 000216.950, 179
Trd, 000217.600, 180
Trd, 000217.917, 179
Trd, 000218.533, 196
Trd, 000218.750, 191
Trd, 000218.817, 178
Trd, 000219.517, 189
Trd, 000219.967, 191
Trd, 000220.867, 187
Trd, 000220.950, 186
Trd, 000221.900, 164
Trd, 000222.367, 166
Trd, 000222.717, 174
Trd, 000222.850, 173
Trd, 000224.200, 174
Trd, 000224.317, 180
Trd, 000224.583, 193
Trd, 000226.217, 184
Trd, 000226.467, 184
Trd, 000226.967, 184
Trd, 000227.017, 182
Trd, 000227.567, 183
Trd, 000227.833, 186
Trd, 000228.050, 182
Trd, 000228.200, 181
Trd, 000229.383, 168
Trd, 000231.150, 184
Trd, 000231.200, 183
Trd, 000231.500, 180
Trd, 000231.783, 180
Trd, 000233.583, 178
Trd, 000234.400, 167
Trd, 000235.217, 170
Trd, 000235.633, 170
Trd, 000236.017, 169
Trd, 000236.967, 168
Trd, 000237.200, 170
Trd, 000237.233, 174
Trd, 000237.483, 179
Trd, 000238.800, 174
Trd, 000239.550, 179
Trd, 000239.633, 176
Trd, 000240.250, 179
Trd, 000240.633, 178
Trd, 000240.750, 179
Trd, 000240.817, 180
Trd, 000241.350, 179
Trd, 000241.850, 178
Trd, 000242.350, 178
Trd, 000242.533, 178
Trd, 000242.550, 177
Trd, 000242.633, 176
Trd, 000242.750, 176
Trd, 000243.150, 179
Trd, 000243.167, 178
Trd, 000244.167, 178
Trd, 000244.533, 178
Trd, 000244.717, 179
Trd, 000245.417, 176
Trd, 000245.567, 176
Trd, 000245.600, 182
Trd, 000246.733, 177
Trd, 000247.083, 176
Trd, 000247.267, 172
Trd, 000248.150, 176
Trd, 000248.433, 177
Trd, 000248.817, 173
Trd, 000249.667, 173
Trd, 000249.767, 180
Trd, 000250.650, 177
Trd, 000250.750, 176
Trd, 000251.267, 180
Trd, 000251.933, 176
Trd, 000252.150, 177
Trd, 000253.533, 179
Trd, 000253.567, 180
Trd, 000253.867, 178
Trd, 000255.000, 177
Trd, 000255.100, 178
Trd, 000255.233, 179
Trd, 000255.300, 176
Trd, 000256.300, 176
Trd, 000256.800, 179
Trd, 000256.817, 173
Trd, 000256.950, 180
Trd, 000257.333, 167
Trd, 000257.800, 168
Trd, 000258.550, 163
Trd, 000258.567, 159
Trd, 000258.667, 166
Trd, 000258.867, 169
Trd, 000259.567, 160
Trd, 000260.167, 164
Trd, 000260.533, 168
Trd, 000260.650, 170
Trd, 000262.033, 172
Trd, 000262.383, 176
Trd, 000262.867, 177
Trd, 000263.800, 174
Trd, 000263.883, 174
Trd, 000264.050, 170
Trd, 000265.017, 172
Trd, 000265.267, 176
Trd, 000265.550, 180
Trd, 000266.183, 181
Trd, 000266.917, 172
Trd, 000267.267, 183
Trd, 000267.783, 171
Trd, 000267.900, 182
Trd, 000268.267, 181
Trd, 000268.583, 183
Trd, 000270.100, 179
Trd, 000270.233, 185
Trd, 000270.267, 185
Trd, 000270.667, 186
Trd, 000271.450, 189
Trd, 000272.167, 187
Trd, 000272.433, 190
Trd, 000272.767, 185
Trd, 000273.183, 184
Trd, 000274.100, 179
Trd, 000274.167, 179
Trd, 000274.750, 175
Trd, 000275.217, 178
Trd, 000275.700, 176
Trd, 000275.783, 177
Trd, 000276.117, 181
Trd, 000276.633, 176
Trd, 000277.167, 179
Trd, 000277.200, 180
Trd, 000277.467, 178
Trd, 000277.483, 182
Trd, 000279.083, 179
Trd, 000279.483, 178
Trd, 000280.250, 178
Trd, 000280.333, 176
Trd, 000280.750, 180
Trd, 000281.100, 179
Trd, 000281.167, 180
Trd, 000281.433, 182
Trd, 000281.550, 183
Trd, 000281.667, 178
Trd, 000282.200, 176
Trd, 000282.933, 186
Trd, 000283.433, 188
Trd, 000284.517, 187
Trd, 000284.867, 186
Trd, 000285.000, 183
Trd, 000285.800, 177
Trd, 000285.883, 180
Trd, 000286.367, 176
Trd, 000286.650, 179
Trd, 000286.850, 177
Trd, 000287.017, 183
Trd, 000287.683, 180
Trd, 000288.517, 181
Trd, 000289.283, 180
Trd, 000290.100, 182
Trd, 000290.950, 180
Trd, 000291.283, 180
Trd, 000291.317, 181
Trd, 000291.583, 181
Trd, 000291.667, 184
Trd, 000292.583, 183
Trd, 000293.100, 179
Trd, 000293.133, 184
Trd, 000293.150, 184
Trd, 000294.400, 184
Trd, 000295.200, 185
Trd, 000295.233, 186
Trd, 000295.300, 180
Trd, 000295.500, 180
Trd, 000295.633, 187
Trd, 000296.783, 180
Trd, 000297.150, 180
Trd, 000297.433, 179
Trd, 000297.833, 181
Trd, 000298.017, 183
Trd, 000298.033, 178
Trd, 000298.633, 171
Trd, 000299.233, 164
Trd, 000299.883, 180
Trd, 000299.967, 169
