Trd, 000000.400, 144
Trd, 000000.883, 144
Trd, 000001.300, 127
Trd, 000002.083, 173
Trd, 000002.633, 175
Trd, 000003.783, 174
Trd, 000004.233, 173
Trd, 000004.583, 172
Trd, 000006.867, 168
Trd, 000007.100, 165
Trd, 000007.600, 165
Trd, 000007.983, 166
Trd, 000008.233, 169
Trd, 000009.583, 164
Trd, 000009.917, 166
Trd, 000011.433, 167
Trd, 000011.683, 164
Trd, 000012.350, 165
Trd, 000012.700, 149
Trd, 000012.983, 156
Trd, 000013.350, 170
Trd, 000013.717, 169
Trd, 000014.283, 164
Trd, 000014.567, 163
Trd, 000014.633, 156
Trd, 000014.933, 165
Trd, 000015.017, 149
Trd, 000017.150, 155
Trd, 000017.467, 162
Trd, 000018.533, 164
Trd, 000019.450, 165
Trd, 000019.533, 164
Trd, 000019.717, 165
Trd, 000020.333, 165
Trd, 000020.417, 164
Trd, 000021.150, 168
Trd, 000021.167, 165
Trd, 000021.267, 170
Trd, 000022.483, 164
Trd, 000022.600, 163
Trd, 000022.950, 150
Trd, 000023.817, 148
Trd, 000025.083, 150
Trd, 000025.450, 153
Trd, 000025.617, 148
Trd, 000026.367, 133
Trd, 000026.533, 154
Trd, 000026.950, 155
Trd, 000027.050, 158
Trd, 000028.167, 156
Trd, 000028.767, 167
Trd, 000030.250, 157
Trd, 000031.433, 158
Trd, 000031.583, 160
Trd, 000031.850, 161
Trd, 000032.617, 161
Trd, 000032.950, 158
Trd, 000033.067, 165
Trd, 000033.483, 146
Trd, 000034.117, 130
Trd, 000034.233, 165
Trd, 000034.867, 158
Trd, 000035.150, 170
Trd, 000036.717, 160
Trd, 000037.400, 160
Trd, 000037.483, 159
Trd, 000038.133, 161
Trd, 000038.250, 159
Trd, 000038.867, 154
Trd, 000039.617, 157
Trd, 000039.683, 156
Trd, 000040.450, 166
Trd, 000041.033, 161
Trd, 000041.650, 161
Trd, 000042.150, 162
Trd, 000043.750, 172
Trd, 000044.367, 160
Trd, 000044.867, 166
Trd, 000044.933, 160
Trd, 000045.300, 170
Trd, 000045.500, 162
Trd, 000045.517, 159
Trd, 000046.367, 132
Trd, 000046.383, 130
Trd, 000047.017, 135
Trd, 000047.033, 160
Trd, 000048.833, 157
Trd, 000049.167, 159
Trd, 000049.967, 160
Trd, 000050.783, 161
Trd, 000051.600, 161
Trd, 000051.650, 157
Trd, 000051.817, 163
Trd, 000051.950, 170
Trd, 000052.067, 170
Trd, 000053.183, 161
Trd, 000053.483, 164
Trd, 000055.050, 166
Trd, 000055.283, 165
Trd, 000055.350, 167
Trd, 000055.550, 164
Trd, 000055.633, 162
Trd, 000056.383, 164
Trd, 000057.600, 163
Trd, 000058.850, 155
Trd, 000058.867, 154
Trd, 000058.883, 162
Trd, 000059.167, 132
Trd, 000060.617, 158
Trd, 000060.950, 161
Trd, 000061.767, 161
Trd, 000062.517, 162
Trd, 000062.533, 161
Trd, 000063.433, 161
Trd, 000063.450, 164
Trd, 000063.867, 171
Trd, 000063.883, 168
Trd, 000064.783, 167
Trd, 000064.967, 168
Trd, 000065.033, 164
Trd, 000065.183, 169
Trd, 000065.383, 164
Trd, 000066.667, 162
Trd, 000067.783, 156
Trd, 000068.767, 163
Trd, 000069.217, 163
Trd, 000069.433, 165
Trd, 000070.267, 169
Trd, 000070.367, 162
Trd, 000070.650, 163
Trd, 000071.083, 169
Trd, 000071.733, 168
Trd, 000072.367, 169
Trd, 000072.750, 170
Trd, 000073.367, 169
Trd, 000074.433, 170
Trd, 000074.567, 169
Trd, 000074.767, 170
Trd, 000074.883, 168
Trd, 000076.033, 179
Trd, 000076.083, 165
Trd, 000076.850, 169
Trd, 000076.867, 156
Trd, 000077.217, 149
Trd, 000077.667, 169
Trd, 000078.567, 174
Trd, 000078.967, 165
Trd, 000079.567, 173
Trd, 000080.200, 166
Trd, 000080.217, 165
Trd, 000081.583, 164
Trd, 000082.617, 163
Trd, 000082.883, 158
Trd, 000082.983, 161
Trd, 000083.050, 166
Trd, 000083.950, 167
Trd, 000084.233, 170
Trd, 000084.733, 173
Trd, 000085.450, 168
Trd, 000085.950, 166
Trd, 000086.150, 174
Trd, 000086.400, 173
Trd, 000087.050, 172
Trd, 000087.533, 171
Trd, 000087.817, 174
Trd, 000087.967, 170
Trd, 000089.300, 177
Trd, 000089.933, 177
Trd, 000090.050, 176
Trd, 000090.183, 174
Trd, 000090.300, 174
Trd, 000091.233, 181
Trd, 000092.000, 174
Trd, 000092.233, 180
Trd, 000093.300, 174
Trd, 000093.417, 171
Trd, 000093.850, 169
Trd, 000093.917, 176
Trd, 000095.683, 172
Trd, 000095.900, 170
Trd, 000095.917, 168
Trd, 000096.383, 168
Trd, 000096.483, 166
Trd, 000098.317, 168
Trd, 000098.600, 169
Trd, 000098.700, 170
Trd, 000098.917, 165
Trd, 000099.100, 171
Trd, 000100.150, 172
Trd, 000100.533, 173
Trd, 000100.800, 178
Trd, 000101.867, 182
Trd, 000102.067, 165
Trd, 000102.150, 160
Trd, 000102.617, 158
Trd, 000104.283, 159
Trd, 000104.317, 144
Trd, 000104.333, 167
Trd, 000104.583, 163
Trd, 000105.350, 167
Trd, 000105.833, 158
Trd, 000106.917, 162
Trd, 000107.950, 162
Trd, 000108.083, 173
Trd, 000108.650, 174
Trd, 000109.383, 164
Trd, 000109.433, 163
Trd, 000109.667, 160
Trd, 000109.800, 173
Trd, 000109.817, 176
Trd, 000111.433, 169
Trd, 000111.750, 170
Trd, 000112.117, 169
Trd, 000112.850, 173
Trd, 000112.983, 166
Trd, 000114.600, 168
Trd, 000114.700, 169
Trd, 000114.967, 173
Trd, 000115.467, 176
Trd, 000115.950, 173
Trd, 000116.433, 172
Trd, 000116.467, 170
Trd, 000118.067, 170
Trd, 000118.267, 169
Trd, 000119.133, 170
Trd, 000119.250, 174
Trd, 000119.550, 168
Trd, 000119.983, 160
Trd, 000120.100, 170
Trd, 000120.900, 156
Trd, 000121.233, 175
Trd, 000121.267, 177
Trd, 000121.733, 180
Trd, 000121.983, 194
Trd, 000122.333, 205
Trd, 000122.367, 208
Trd, 000123.133, 169
Trd, 000123.167, 226
Trd, 000123.550, 228
Trd, 000124.083, 293
Trd, 000124.100, 306.0
Trd, 000125.233, 315
Trd, 000125.450, 320.0
Trd, 000126.350, 320.0
Trd, 000126.800, 324.0
Trd, 000127.067, 327.0
Trd, 000127.317, 355.0
Trd, 000128.450, 331
Trd, 000129.117, 356
Trd, 000130.567, 353.0
Trd, 000130.617, 356.0
Trd, 000130.883, 351.0
Trd, 000131.767, 350.0
Trd, 000133.433, 354
Trd, 000134.583, 354
Trd, 000134.667, 354
Trd, 000134.900, 357.0
Trd, 000135.600, 354
Trd, 000135.767, 358.0
Trd, 000136.300, 333
Trd, 000136.450, 360
Trd, 000137.367, 361
Trd, 000137.917, 336
Trd, 000138.250, 353
Trd, 000139.033, 347
Trd, 000139.100, 355.0
Trd, 000140.367, 352
Trd, 000141.233, 355
Trd, 000141.550, 351
Trd, 000143.400, 352
Trd, 000143.933, 356
Trd, 000144.317, 352
Trd, 000144.367, 351
Trd, 000145.033, 352
Trd, 000145.483, 348.0
Trd, 000145.933, 353
Trd, 000146.117, 355.0
Trd, 000146.517, 325.0
Trd, 000147.000, 324.0
Trd, 000147.067, 349
Trd, 000148.133, 358.0
Trd, 000148.217, 352
Trd, 000148.267, 351
Trd, 000149.167, 362
Trd, 000149.633, 362
Trd, 000150.183, 362
Trd, 000151.050, 358
Trd, 000151.117, 351
Trd, 000152.667, 356
Trd, 000152.983, 352
Trd, 000153.500, 353
Trd, 000153.717, 351
Trd, 000154.283, 354
Trd, 000155.383, 349
Trd, 000155.650, 354
Trd, 000157.117, 355.0
Trd, 000157.683, 358.0
Trd, 000158.067, 363.0
Trd, 000158.700, 362.0
Trd, 000159.150, 361
Trd, 000159.250, 360
Trd, 000159.550, 354
Trd, 000160.150, 362
Trd, 000160.400, 348.0
Trd, 000161.833, 350
Trd, 000162.350, 343
Trd, 000162.883, 352
Trd, 000163.383, 332
Trd, 000164.650, 348
Trd, 000165.517, 346
Trd, 000165.550, 346
Trd, 000165.867, 357.0
Trd, 000165.967, 348
Trd, 000166.000, 358.0
Trd, 000166.433, 365.0
Trd, 000166.567, 348
Trd, 000166.867, 349
Trd, 000167.117, 348
Trd, 000167.817, 357.0
Trd, 000168.233, 354
Trd, 000169.367, 358.0
Trd, 000169.400, 351
Trd, 000169.517, 350
Trd, 000170.617, 356
Trd, 000171.017, 361
Trd, 000171.550, 362
Trd, 000172.467, 359
Trd, 000173.250, 342
Trd, 000173.583, 347
Trd, 000173.900, 357.0
Trd, 000174.267, 358.0
Trd, 000175.817, 353
Trd, 000175.917, 352
Trd, 000176.233, 358
Trd, 000176.250, 350
Trd, 000176.333, 349
Trd, 000177.250, 351
Trd, 000177.600, 349.0
Trd, 000177.767, 360
Trd, 000177.983, 348.0
Trd, 000178.050, 346
Trd, 000178.667, 361
Trd, 000180.400, 357.0
Trd, 000180.500, 357
Trd, 000180.983, 357
Trd, 000181.317, 358.0
Trd, 000181.867, 355
Trd, 000182.333, 354
Trd, 000183.150, 348.0
Trd, 000183.167, 312
Trd, 000183.333, 306.0
Trd, 000183.350, 297
Trd, 000183.517, 326
Trd, 000184.450, 218
Trd, 000185.317, 207
Trd, 000186.600, 204
Trd, 000187.183, 206
Trd, 000187.633, 191
Trd, 000188.350, 188
Trd, 000189.867, 185
Trd, 000190.567, 186
Trd, 000190.767, 185
Trd, 000191.517, 190
Trd, 000191.617, 184
Trd, 000192.267, 186
Trd, 000192.333, 187
Trd, 000193.783, 185
Trd, 000194.567, 187
Trd, 000194.583, 186
Trd, 000194.750, 184
Trd, 000194.800, 184
Trd, 000195.200, 176
Trd, 000195.450, 170
Trd, 000195.550, 165
Trd, 000195.633, 185
Trd, 000196.917, 182
Trd, 000197.400, 184
Trd, 000198.317, 183
Trd, 000198.817, 182
Trd, 000199.117, 184
Trd, 000200.100, 179
Trd, 000200.367, 170
Trd, 000200.683, 179
Trd, 000201.000, 180
Trd, 000201.067, 175
Trd, 000203.017, 174
Trd, 000203.217, 172
Trd, 000205.350, 176
Trd, 000205.717, 177
Trd, 000206.133, 178
Trd, 000206.433, 179
Trd, 000206.517, 177
Trd, 000207.200, 182
Trd, 000208.000, 178
Trd, 000208.133, 179
Trd, 000208.217, 178
Trd, 000208.367, 185
Trd, 000208.983, 185
Trd, 000209.467, 183
Trd, 000210.100, 177
Trd, 000211.000, 171
Trd, 000211.217, 181
Trd, 000212.283, 169
Trd, 000212.667, 177
Trd, 000212.867, 177
Trd, 000213.067, 176
Trd, 000213.800, 178
Trd, 000214.867, 147
Trd, 000215.833, 167
Trd, 000215.967, 178
Trd, 000216.433, 179
Trd, 000216.700, 166
Trd, 000219.167, 184
Trd, 000219.567, 173
Trd, 000220.250, 175
Trd, 000221.083, 181
Trd, 000221.100, 177
Trd, 000221.500, 179
Trd, 000221.800, 180
Trd, 000222.133, 178
Trd, 000222.550, 178
Trd, 000223.233, 180
Trd, 000223.550, 184
Trd, 000223.700, 179
Trd, 000224.167, 181
Trd, 000225.583, 170
Trd, 000225.700, 176
Trd, 000225.833, 163
Trd, 000226.083, 169
Trd, 000226.300, 153
Trd, 000226.883, 150
Trd, 000227.150, 172
Trd, 000229.300, 152
Trd, 000229.367, 154
Trd, 000229.400, 177
Trd, 000230.333, 164
Trd, 000230.867, 167
Trd, 000231.150, 181
Trd, 000231.800, 181
Trd, 000232.550, 181
Trd, 000233.083, 180
Trd, 000233.183, 182
Trd, 000233.617, 183
Trd, 000233.717, 185
Trd, 000234.050, 180
Trd, 000235.400, 187
Trd, 000235.683, 188
Trd, 000235.867, 185
Trd, 000236.033, 182
Trd, 000236.100, 181
Trd, 000236.517, 181
Trd, 000237.150, 189
Trd, 000237.267, 181
Trd, 000237.783, 181
Trd, 000238.050, 180
Trd, 000239.100, 170
Trd, 000239.817, 170
Trd, 000240.800, 175
Trd, 000240.817, 177
Trd, 000241.050, 176
Trd, 000241.767, 175
Trd, 000241.917, 175
Trd, 000242.283, 175
Trd, 000242.700, 178
Trd, 000243.233, 177
Trd, 000243.300, 175
Trd, 000243.683, 182
Trd, 000243.800, 176
Trd, 000245.017, 182
Trd, 000245.150, 185
Trd, 000245.267, 176
Trd, 000245.533, 177
Trd, 000246.450, 175
Trd, 000246.500, 175
Trd, 000247.400, 175
Trd, 000247.867, 168
Trd, 000248.233, 172
Trd, 000248.317, 171
Trd, 000248.517, 176
Trd, 000249.900, 183
Trd, 000250.650, 188
Trd, 000250.883, 184
Trd, 000251.217, 185
Trd, 000251.500, 183
Trd, 000251.833, 182
Trd, 000252.433, 175
Trd, 000252.583, 174
Trd, 000252.700, 173
Trd, 000253.117, 177
Trd, 000253.250, 180
Trd, 000253.617, 168
Trd, 000254.617, 177
Trd, 000255.400, 180
Trd, 000255.600, 180
Trd, 000255.617, 178
Trd, 000255.883, 177
Trd, 000256.050, 179
Trd, 000256.183, 188
Trd, 000256.783, 173
Trd, 000257.317, 177
Trd, 000257.350, 176
Trd, 000257.550, 175
Trd, 000257.667, 177
Trd, 000258.117, 175
Trd, 000258.383, 179
Trd, 000258.800, 179
Trd, 000259.600, 177
Trd, 000259.733, 180
Trd, 000259.783, 182
Trd, 000260.950, 176
Trd, 000261.133, 176
Trd, 000261.650, 177
Trd, 000262.117, 178
Trd, 000262.300, 176
Trd, 000262.467, 176
Trd, 000262.783, 174
Trd, 000263.017, 183
Trd, 000263.783, 184
Trd, 000264.000, 181
Trd, 000265.117, 185
Trd, 000265.283, 183
Trd, 000265.650, 184
Trd, 000265.850, 185
Trd, 000266.000, 188
Trd, 000266.250, 183
Trd, 000266.933, 182
Trd, 000267.967, 184
Trd, 000268.117, 186
Trd, 000268.867, 182
Trd, 000269.350, 187
Trd, 000269.683, 188
Trd, 000270.200, 181
Trd, 000270.567, 176
Trd, 000270.967, 176
Trd, 000271.000, 175
Trd, 000271.667, 187
Trd, 000272.167, 188
Trd, 000272.183, 171
Trd, 000273.150, 174
Trd, 000273.717, 173
Trd, 000274.350, 179
Trd, 000274.367, 174
Trd, 000275.667, 176
Trd, 000275.700, 178
Trd, 000276.383, 176
Trd, 000276.417, 178
Trd, 000276.650, 175
Trd, 000276.783, 175
Trd, 000277.100, 187
Trd, 000277.450, 189
Trd, 000278.517, 182
Trd, 000278.600, 186
Trd, 000278.667, 181
Trd, 000278.767, 181
Trd, 000278.817, 173
Trd, 000278.833, 172
Trd, 000279.083, 184
Trd, 000279.233, 191
Trd, 000280.350, 186
Trd, 000281.717, 185
Trd, 000282.033, 185
Trd, 000282.133, 186
Trd, 000282.600, 184
Trd, 000282.850, 186
Trd, 000283.200, 187
Trd, 000283.567, 186
Trd, 000283.800, 191
Trd, 000283.967, 193
Trd, 000284.517, 184
Trd, 000284.667, 190
Trd, 000285.733, 183
Trd, 000285.933, 181
Trd, 000286.033, 180
Trd, 000286.133, 176
Trd, 000286.300, 183
Trd, 000286.517, 182
Trd, 000287.367, 190
Trd, 000287.533, 194
Trd, 000288.017, 179
Trd, 000289.067, 173
Trd, 000289.317, 168
Trd, 000289.517, 155
Trd, 000289.600, 156
Trd, 000289.750, 155
Trd, 000289.933, 153
Trd, 000289.983, 183
Trd, 000290.617, 184
Trd, 000290.833, 175
Trd, 000291.117, 186
Trd, 000291.333, 188
Trd, 000291.850, 185
Trd, 000292.217, 181
Trd, 000292.733, 180
Trd, 000292.750, 186
Trd, 000293.317, 180
Trd, 000294.317, 181
Trd, 000295.050, 179
Trd, 000295.533, 179
Trd, 000295.667, 179
Trd, 000295.800, 178
Trd, 000295.950, 183
Trd, 000296.200, 187
Trd, 000296.600, 178
Trd, 000297.350, 184
Trd, 000297.383, 188
Trd, 000297.900, 180
Trd, 000298.350, 178
Trd, 000298.517, 177
Trd, 000299.217, 179
Trd, 000299.400, 185
