Trd, 000001.167, 131
Trd, 000002.000, 172
Trd, 000003.650, 134
Trd, 000003.800, 164
Trd, 000003.883, 144
Trd, 000006.100, 145
Trd, 000006.317, 142
Trd, 000007.400, 146
Trd, 000007.833, 165
Trd, 000008.600, 152
Trd, 000009.750, 147
Trd, 000010.017, 147
Trd, 000010.817, 151
Trd, 000011.767, 147
Trd, 000012.217, 146
Trd, 000013.600, 148
Trd, 000013.617, 147
Trd, 000015.050, 146
Trd, 000015.200, 148
Trd, 000015.983, 145
Trd, 000016.050, 135
Trd, 000016.250, 131
Trd, 000016.783, 144
Trd, 000017.317, 143
Trd, 000017.883, 146
Trd, 000018.600, 147
Trd, 000018.633, 145
Trd, 000019.700, 147
Trd, 000021.117, 152
Trd, 000022.450, 147
Trd, 000022.983, 147
Trd, 000023.217, 149
Trd, 000024.183, 149
Trd, 000025.183, 148
Trd, 000025.333, 152
Trd, 000027.133, 155
Trd, 000027.617, 162
Trd, 000028.867, 163
Trd, 000028.883, 162
Trd, 000029.867, 159
Trd, 000029.950, 163
Trd, 000030.767, 147
Trd, 000031.583, 165
Trd, 000033.067, 160
Trd, 000034.200, 148
Trd, 000034.417, 154
Trd, 000035.383, 157
Trd, 000036.867, 157
Trd, 000038.683, 158
Trd, 000039.167, 158
Trd, 000039.200, 159
Trd, 000039.217, 157
Trd, 000039.367, 155
Trd, 000040.433, 156
Trd, 000042.833, 154
Trd, 000043.300, 155
Trd, 000043.717, 153
Trd, 000043.850, 153
Trd, 000043.917, 156
Trd, 000045.833, 153
Trd, 000046.017, 153
Trd, 000046.200, 154
Trd, 000047.400, 153
Trd, 000048.800, 153
Trd, 000049.250, 154
Trd, 000050.033, 149
Trd, 000050.933, 150
Trd, 000051.133, 146
Trd, 000052.083, 149
Trd, 000053.000, 150
Trd, 000053.950, 149
Trd, 000054.567, 159
Trd, 000054.683, 149
Trd, 000055.167, 159
Trd, 000055.250, 182
Trd, 000055.400, 149
Trd, 000056.267, 175
Trd, 000056.933, 154
Trd, 000058.600, 171
Trd, 000058.750, 170
Trd, 000059.650, 170
Trd, 000060.100, 168
Trd, 000060.717, 170
Trd, 000061.683, 165
Trd, 000063.133, 164
Trd, 000064.083, 150
Trd, 000064.867, 159
Trd, 000065.817, 161
Trd, 000067.833, 155
Trd, 000067.950, 157
Trd, 000068.300, 156
Trd, 000069.350, 155
Trd, 000069.567, 155
Trd, 000069.817, 155
Trd, 000070.667, 152
Trd, 000070.750, 151
Trd, 000070.817, 156
Trd, 000071.600, 148
Trd, 000074.800, 154
Trd, 000075.117, 154
Trd, 000075.750, 154
Trd, 000076.267, 153
Trd, 000076.517, 154
Trd, 000076.967, 152
Trd, 000077.683, 154
Trd, 000079.517, 168
Trd, 000080.683, 160
Trd, 000081.350, 158
Trd, 000082.383, 162
Trd, 000083.750, 167
Trd, 000084.050, 160
Trd, 000084.750, 164
Trd, 000084.767, 162
Trd, 000085.533, 161
Trd, 000087.067, 152
Trd, 000087.683, 160
Trd, 000088.000, 159
Trd, 000089.467, 147
Trd, 000089.633, 157
Trd, 000090.167, 154
Trd, 000090.550, 154
Trd, 000092.350, 153
Trd, 000092.433, 154
Trd, 000093.083, 158
Trd, 000094.017, 158
Trd, 000095.167, 154
Trd, 000095.700, 153
Trd, 000095.900, 155
Trd, 000096.033, 154
Trd, 000097.517, 155
Trd, 000098.350, 156
Trd, 000098.383, 157
Trd, 000098.867, 153
Trd, 000100.083, 153
Trd, 000100.317, 175
Trd, 000102.167, 161
Trd, 000102.333, 160
Trd, 000102.367, 159
Trd, 000102.533, 159
Trd, 000104.517, 158
Trd, 000105.150, 158
Trd, 000105.617, 159
Trd, 000106.150, 157
Trd, 000106.600, 158
Trd, 000107.217, 154
Trd, 000108.517, 155
Trd, 000109.667, 159
Trd, 000109.883, 158
Trd, 000110.300, 158
Trd, 000111.117, 159
Trd, 000111.417, 159
Trd, 000112.083, 160
Trd, 000113.683, 164
Trd, 000114.583, 162
Trd, 000114.967, 164
Trd, 000115.767, 160
Trd, 000116.017, 160
Trd, 000117.100, 160
Trd, 000118.083, 158
Trd, 000118.750, 158
Trd, 000119.333, 158
Trd, 000120.150, 157
Trd, 000120.217, 155
Trd, 000122.000, 158
Trd, 000122.667, 157
Trd, 000122.750, 159
Trd, 000122.767, 162
Trd, 000123.650, 188
Trd, 000123.817, 199
Trd, 000124.000, 240
Trd, 000124.050, 247
Trd, 000124.683, 260
Trd, 000124.883, 310.0
Trd, 000125.567, 331.0
Trd, 000125.767, 343
Trd, 000126.500, 350
Trd, 000126.750, 338
Trd, 000128.817, 342
Trd, 000129.933, 353
Trd, 000130.733, 345.0
Trd, 000131.150, 352
Trd, 000131.300, 345.0
Trd, 000131.333, 341.0
Trd, 000131.750, 345.0
Trd, 000132.867, 349
Trd, 000134.733, 347
Trd, 000134.867, 346
Trd, 000135.550, 346
Trd, 000136.483, 344.0
Trd, 000138.950, 343
Trd, 000139.217, 343
Trd, 000139.433, 342.0
Trd, 000140.467, 343
Trd, 000141.267, 344
Trd, 000141.967, 344
Trd, 000142.000, 343
Trd, 000142.850, 343
Trd, 000143.183, 347
Trd, 000143.600, 347
Trd, 000143.767, 346
Trd, 000144.333, 365.0
Trd, 000144.450, 347
Trd, 000146.833, 344.0
Trd, 000147.167, 343.0
Trd, 000147.733, 350
Trd, 000149.417, 346
Trd, 000151.300, 347
Trd, 000151.433, 364
Trd, 000152.483, 350
Trd, 000154.883, 352
Trd, 000155.450, 351
Trd, 000156.583, 352
Trd, 000156.733, 351
Trd, 000157.183, 352
Trd, 000157.533, 353
Trd, 000157.650, 353
Trd, 000159.850, 354
Trd, 000159.867, 351
Trd, 000159.900, 350
Trd, 000160.250, 345.0
Trd, 000162.333, 341.0
Trd, 000163.033, 334.0
Trd, 000163.683, 344.0
Trd, 000164.417, 346
Trd, 000165.517, 345
Trd, 000165.617, 345
Trd, 000166.417, 346
Trd, 000166.433, 341.0
Trd, 000168.017, 334.0
Trd, 000168.400, 344
Trd, 000170.033, 344.0
Trd, 000171.100, 343
Trd, 000171.333, 346
Trd, 000171.900, 344
Trd, 000172.267, 346
Trd, 000172.883, 346
Trd, 000173.367, 347
Trd, 000174.367, 347
Trd, 000174.517, 348
Trd, 000176.017, 348
Trd, 000176.633, 348
Trd, 000178.800, 344.0
Trd, 000180.050, 344.0
Trd, 000180.117, 345
Trd, 000180.133, 351
Trd, 000182.117, 347.0
Trd, 000182.767, 346
Trd, 000182.900, 330
Trd, 000183.150, 313.0
Trd, 000183.600, 324
Trd, 000183.633, 310.0
Trd, 000183.817, 303
Trd, 000183.950, 300.0
Trd, 000184.150, 285
Trd, 000185.383, 206
Trd, 000186.000, 205
Trd, 000186.133, 205
Trd, 000186.367, 204
Trd, 000187.167, 200
Trd, 000188.667, 177
Trd, 000189.633, 170
Trd, 000190.433, 171
Trd, 000190.700, 170
Trd, 000192.133, 167
Trd, 000192.267, 170
Trd, 000192.550, 170
Trd, 000193.333, 169
Trd, 000193.700, 164
Trd, 000193.733, 163
Trd, 000197.267, 168
Trd, 000197.400, 168
Trd, 000197.583, 169
Trd, 000198.833, 169
Trd, 000198.900, 168
Trd, 000199.367, 168
Trd, 000201.067, 169
Trd, 000202.017, 167
Trd, 000202.100, 168
Trd, 000202.217, 169
Trd, 000203.600, 165
Trd, 000205.717, 167
Trd, 000205.917, 167
Trd, 000205.983, 166
Trd, 000206.450, 167
Trd, 000207.050, 167
Trd, 000209.117, 168
Trd, 000209.217, 167
Trd, 000209.300, 171
Trd, 000209.333, 186
Trd, 000212.017, 172
Trd, 000213.767, 175
Trd, 000214.000, 174
Trd, 000214.867, 174
Trd, 000215.150, 173
Trd, 000217.583, 175
Trd, 000217.767, 176
Trd, 000218.367, 172
Trd, 000219.383, 172
Trd, 000220.883, 171
Trd, 000221.350, 167
Trd, 000222.100, 171
Trd, 000222.400, 169
Trd, 000224.817, 169
Trd, 000225.183, 170
Trd, 000225.517, 170
Trd, 000226.600, 173
Trd, 000226.767, 172
Trd, 000226.983, 173
Trd, 000227.317, 172
Trd, 000227.700, 186
Trd, 000230.500, 176
Trd, 000231.383, 177
Trd, 000231.417, 176
Trd, 000231.600, 171
Trd, 000232.083, 188
Trd, 000234.917, 176
Trd, 000235.267, 177
Trd, 000235.867, 178
Trd, 000236.567, 176
Trd, 000236.850, 175
Trd, 000238.800, 176
Trd, 000239.400, 171
Trd, 000239.867, 174
Trd, 000240.067, 169
Trd, 000240.450, 172
Trd, 000240.883, 171
Trd, 000241.150, 173
Trd, 000241.917, 174
Trd, 000242.000, 174
Trd, 000242.167, 173
Trd, 000242.333, 172
Trd, 000243.067, 189
Trd, 000244.017, 178
Trd, 000244.367, 179
Trd, 000244.633, 179
Trd, 000245.583, 179
Trd, 000247.000, 193
Trd, 000247.883, 187
Trd, 000248.033, 190
Trd, 000248.717, 187
Trd, 000248.867, 177
Trd, 000250.217, 185
Trd, 000250.650, 179
Trd, 000250.967, 176
Trd, 000251.067, 173
Trd, 000251.150, 176
Trd, 000251.900, 176
Trd, 000252.567, 180
Trd, 000252.633, 178
Trd, 000253.283, 188
Trd, 000253.483, 188
Trd, 000253.950, 188
Trd, 000254.317, 187
Trd, 000254.433, 186
Trd, 000255.067, 188
Trd, 000255.900, 186
Trd, 000256.200, 183
Trd, 000257.583, 174
Trd, 000257.767, 171
Trd, 000257.783, 170
Trd, 000258.850, 171
Trd, 000260.133, 173
Trd, 000260.733, 179
Trd, 000260.917, 175
Trd, 000261.517, 170
Trd, 000262.550, 172
Trd, 000263.200, 178
Trd, 000263.300, 177
Trd, 000263.700, 179
Trd, 000264.100, 176
Trd, 000265.117, 190
Trd, 000265.883, 186
Trd, 000266.667, 183
Trd, 000266.783, 182
Trd, 000266.900, 182
Trd, 000267.650, 187
Trd, 000268.517, 171
Trd, 000269.533, 186
Trd, 000269.650, 189
Trd, 000269.717, 185
Trd, 000270.083, 192
Trd, 000270.767, 188
Trd, 000270.917, 190
Trd, 000271.483, 189
Trd, 000271.767, 187
Trd, 000271.950, 186
Trd, 000272.967, 184
Trd, 000273.400, 180
Trd, 000273.933, 182
Trd, 000274.150, 179
Trd, 000274.983, 178
Trd, 000275.133, 180
Trd, 000276.350, 175
Trd, 000276.450, 169
Trd, 000276.917, 180
Trd, 000277.817, 178
Trd, 000278.850, 181
Trd, 000279.150, 188
Trd, 000279.467, 186
Trd, 000280.267, 191
Trd, 000280.450, 193
Trd, 000280.700, 193
Trd, 000281.750, 193
Trd, 000281.900, 172
Trd, 000282.767, 172
Trd, 000283.083, 171
Trd, 000283.567, 170
Trd, 000283.583, 169
Trd, 000283.733, 171
Trd, 000284.167, 170
Trd, 000284.567, 173
Trd, 000285.100, 169
Trd, 000285.283, 173
Trd, 000285.650, 162
Trd, 000286.017, 162
Trd, 000286.033, 167
Trd, 000287.300, 162
Trd, 000287.617, 165
Trd, 000287.967, 165
Trd, 000288.683, 163
Trd, 000289.033, 186
Trd, 000289.067, 187
Trd, 000289.233, 200
Trd, 000289.250, 199
Trd, 000289.867, 160
Trd, 000290.383, 190
Trd, 000290.800, 174
Trd, 000293.183, 183
Trd, 000293.300, 182
Trd, 000293.550, 180
Trd, 000293.750, 185
Trd, 000293.783, 181
Trd, 000294.633, 181
Trd, 000295.500, 180
Trd, 000295.850, 184
Trd, 000295.867, 180
Trd, 000296.683, 186
Trd, 000296.767, 188
Trd, 000296.833, 172
Trd, 000297.167, 201
Trd, 000297.833, 174
Trd, 000298.200, 188
Trd, 000298.250, 184
Trd, 000298.917, 195
Trd, 000299.050, 182
Trd, 000299.467, 176
Trd, 000299.750, 201
