Trd, 000001.433, 113
Trd, 000002.650, 143
Trd, 000003.700, 148
Trd, 000004.033, 144
Trd, 000005.200, 144
Trd, 000005.617, 144
Trd, 000005.750, 135
Trd, 000005.883, 148
Trd, 000005.983, 134
Trd, 000006.483, 151
Trd, 000008.667, 151
Trd, 000009.033, 152
Trd, 000009.100, 149
Trd, 000009.950, 152
Trd, 000010.400, 151
Trd, 000012.250, 150
Trd, 000012.733, 151
Trd, 000013.083, 149
Trd, 000013.233, 151
Trd, 000014.250, 148
Trd, 000014.583, 149
Trd, 000014.617, 148
Trd, 000014.717, 150
Trd, 000014.917, 144
Trd, 000015.167, 151
Trd, 000017.683, 150
Trd, 000017.950, 150
Trd, 000018.850, 152
Trd, 000019.017, 148
Trd, 000019.083, 152
Trd, 000019.500, 147
Trd, 000019.567, 145
Trd, 000019.783, 152
Trd, 000019.833, 153
Trd, 000020.733, 146
Trd, 000021.300, 154
Trd, 000021.633, 155
Trd, 000022.600, 154
Trd, 000022.667, 157
Trd, 000022.950, 145
Trd, 000023.350, 147
Trd, 000024.350, 146
Trd, 000026.533, 152
Trd, 000026.883, 153
Trd, 000027.750, 155
Trd, 000028.150, 150
Trd, 000028.367, 152
Trd, 000029.633, 168
Trd, 000030.583, 158
Trd, 000031.250, 158
Trd, 000031.450, 157
Trd, 000031.900, 156
Trd, 000032.233, 159
Trd, 000033.367, 155
Trd, 000034.250, 159
Trd, 000034.367, 158
Trd, 000034.667, 158
Trd, 000035.783, 159
Trd, 000036.817, 156
Trd, 000036.867, 157
Trd, 000037.433, 154
Trd, 000038.417, 156
Trd, 000038.767, 148
Trd, 000040.050, 155
Trd, 000040.800, 153
Trd, 000041.017, 156
Trd, 000041.750, 152
Trd, 000042.267, 156
Trd, 000042.433, 155
Trd, 000042.733, 156
Trd, 000044.117, 153
Trd, 000045.617, 155
Trd, 000045.717, 156
Trd, 000046.333, 153
Trd, 000046.350, 159
Trd, 000047.917, 156
Trd, 000048.050, 156
Trd, 000048.333, 152
Trd, 000048.467, 152
Trd, 000049.150, 152
Trd, 000049.517, 158
Trd, 000050.550, 159
Trd, 000051.400, 156
Trd, 000051.500, 160
Trd, 000052.533, 157
Trd, 000052.783, 161
Trd, 000053.133, 167
Trd, 000054.317, 159
Trd, 000054.633, 164
Trd, 000055.033, 166
Trd, 000056.717, 159
Trd, 000057.267, 161
Trd, 000057.517, 162
Trd, 000057.950, 158
Trd, 000058.583, 162
Trd, 000059.083, 159
Trd, 000059.367, 158
Trd, 000059.633, 153
Trd, 000060.833, 158
Trd, 000060.867, 159
Trd, 000061.433, 154
Trd, 000061.717, 152
Trd, 000063.083, 152
Trd, 000063.483, 152
Trd, 000064.733, 153
Trd, 000064.833, 154
Trd, 000066.000, 154
Trd, 000066.250, 155
Trd, 000066.583, 157
Trd, 000068.000, 153
Trd, 000068.283, 158
Trd, 000069.617, 158
Trd, 000069.683, 163
Trd, 000070.317, 153
Trd, 000071.017, 154
Trd, 000071.233, 153
Trd, 000071.633, 152
Trd, 000071.967, 155
Trd, 000072.917, 159
Trd, 000073.517, 153
Trd, 000074.183, 152
Trd, 000074.967, 154
Trd, 000075.633, 155
Trd, 000076.250, 152
Trd, 000077.083, 151
Trd, 000077.533, 151
Trd, 000077.767, 152
Trd, 000078.350, 154
Trd, 000078.933, 156
Trd, 000079.667, 153
Trd, 000080.600, 158
Trd, 000080.617, 153
Trd, 000080.667, 150
Trd, 000082.067, 151
Trd, 000083.033, 154
Trd, 000083.150, 146
Trd, 000083.667, 152
Trd, 000083.717, 155
Trd, 000084.533, 156
Trd, 000085.267, 154
Trd, 000086.017, 156
Trd, 000086.033, 152
Trd, 000087.283, 149
Trd, 000087.733, 156
Trd, 000088.067, 149
Trd, 000088.833, 150
Trd, 000089.117, 157
Trd, 000089.750, 152
Trd, 000090.167, 162
Trd, 000090.183, 152
Trd, 000090.283, 151
Trd, 000090.450, 149
Trd, 000090.800, 167
Trd, 000091.517, 160
Trd, 000092.533, 151
Trd, 000093.067, 152
Trd, 000094.950, 154
Trd, 000095.100, 154
Trd, 000096.017, 155
Trd, 000096.233, 156
Trd, 000096.583, 155
Trd, 000096.683, 157
Trd, 000098.683, 155
Trd, 000098.967, 153
Trd, 000099.167, 153
Trd, 000099.217, 152
Trd, 000099.467, 156
Trd, 000099.533, 159
Trd, 000100.833, 165
Trd, 000101.333, 157
Trd, 000101.833, 161
Trd, 000102.350, 164
Trd, 000102.500, 150
Trd, 000103.800, 159
Trd, 000104.600, 155
Trd, 000105.267, 157
Trd, 000105.900, 156
Trd, 000106.833, 158
Trd, 000107.733, 159
Trd, 000108.300, 160
Trd, 000108.633, 161
Trd, 000109.567, 169
Trd, 000110.217, 161
Trd, 000110.450, 162
Trd, 000111.950, 160
Trd, 000111.983, 160
Trd, 000113.383, 163
Trd, 000114.467, 163
Trd, 000114.550, 167
Trd, 000115.117, 166
Trd, 000115.350, 167
Trd, 000115.533, 162
Trd, 000115.817, 162
Trd, 000116.050, 154
Trd, 000116.717, 160
Trd, 000118.400, 161
Trd, 000119.167, 161
Trd, 000119.333, 163
Trd, 000119.700, 159
Trd, 000119.817, 158
Trd, 000120.283, 163
Trd, 000121.150, 163
Trd, 000121.167, 163
Trd, 000121.800, 164
Trd, 000122.417, 167
Trd, 000122.483, 170
Trd, 000122.633, 177
Trd, 000122.683, 187
Trd, 000123.000, 159
Trd, 000123.517, 189
Trd, 000123.633, 191
Trd, 000123.700, 194
Trd, 000124.167, 198
Trd, 000124.367, 234
Trd, 000124.650, 310
Trd, 000125.483, 308
Trd, 000125.550, 313.0
Trd, 000125.600, 329
Trd, 000126.000, 326
Trd, 000126.017, 335
Trd, 000127.033, 329
Trd, 000127.550, 344.0
Trd, 000128.350, 344
Trd, 000128.467, 343
Trd, 000128.550, 350
Trd, 000129.867, 337
Trd, 000130.183, 338
Trd, 000130.667, 326
Trd, 000130.900, 335
Trd, 000131.733, 334
Trd, 000133.250, 338
Trd, 000134.017, 337
Trd, 000135.150, 338
Trd, 000136.517, 344.0
Trd, 000136.533, 341
Trd, 000136.667, 337
Trd, 000137.117, 336
Trd, 000137.733, 341
Trd, 000138.633, 348.0
Trd, 000138.700, 340
Trd, 000139.767, 341
Trd, 000140.550, 342
Trd, 000142.283, 344
Trd, 000142.733, 343
Trd, 000143.717, 342
Trd, 000144.150, 344.0
Trd, 000144.467, 350.0
Trd, 000144.550, 344
Trd, 000145.317, 351.0
Trd, 000145.400, 342
Trd, 000145.517, 330
Trd, 000145.767, 342
Trd, 000146.650, 346
Trd, 000147.133, 351.0
Trd, 000148.067, 354
Trd, 000148.933, 341
Trd, 000149.167, 341
Trd, 000151.200, 344
Trd, 000151.433, 344
Trd, 000151.483, 339
Trd, 000151.650, 329
Trd, 000154.717, 342
Trd, 000154.883, 339
Trd, 000155.867, 343
Trd, 000156.167, 338
Trd, 000156.200, 344.0
Trd, 000156.567, 344
Trd, 000156.900, 348.0
Trd, 000157.800, 346
Trd, 000158.283, 351.0
Trd, 000158.400, 347
Trd, 000159.550, 346
Trd, 000160.033, 345
Trd, 000161.883, 346
Trd, 000164.083, 343
Trd, 000164.817, 347
Trd, 000166.100, 347
Trd, 000166.733, 342
Trd, 000166.867, 341
Trd, 000167.283, 347
Trd, 000167.750, 348
Trd, 000167.867, 341
Trd, 000168.233, 340
Trd, 000169.600, 347.0
Trd, 000171.350, 341
Trd, 000171.367, 345
Trd, 000171.967, 338
Trd, 000172.167, 333
Trd, 000173.050, 338
Trd, 000173.417, 337
Trd, 000173.650, 346
Trd, 000173.667, 348.0
Trd, 000174.267, 342
Trd, 000175.500, 346
Trd, 000175.717, 344
Trd, 000176.100, 344
Trd, 000176.800, 340
Trd, 000177.117, 346.0
Trd, 000177.183, 338
Trd, 000178.517, 345
Trd, 000178.867, 348.0
Trd, 000180.717, 345
Trd, 000181.400, 341
Trd, 000181.467, 341
Trd, 000181.667, 348
Trd, 000182.517, 341
Trd, 000183.067, 339
Trd, 000183.133, 330
Trd, 000183.250, 327.0
Trd, 000183.400, 317.0
Trd, 000183.483, 310.0
Trd, 000183.750, 196
Trd, 000183.817, 232
Trd, 000184.117, 192
Trd, 000184.567, 173
Trd, 000185.300, 197
Trd, 000186.683, 198
Trd, 000186.883, 199
Trd, 000187.083, 193
Trd, 000187.217, 180
Trd, 000188.950, 205
Trd, 000188.967, 176
Trd, 000189.017, 169
Trd, 000189.483, 183
Trd, 000189.633, 183
Trd, 000191.383, 175
Trd, 000192.000, 177
Trd, 000192.217, 180
Trd, 000192.400, 174
Trd, 000192.650, 172
Trd, 000195.033, 178
Trd, 000195.283, 183
Trd, 000195.950, 183
Trd, 000197.567, 176
Trd, 000198.117, 180
Trd, 000198.183, 184
Trd, 000198.267, 175
Trd, 000198.683, 184
Trd, 000199.750, 176
Trd, 000200.817, 175
Trd, 000201.217, 174
Trd, 000201.450, 171
Trd, 000202.100, 175
Trd, 000203.033, 169
Trd, 000203.783, 175
Trd, 000204.017, 172
Trd, 000205.483, 176
Trd, 000205.767, 171
Trd, 000205.850, 170
Trd, 000205.967, 177
Trd, 000206.067, 169
Trd, 000206.383, 175
Trd, 000208.167, 170
Trd, 000208.217, 169
Trd, 000208.500, 171
Trd, 000209.217, 172
Trd, 000209.417, 174
Trd, 000210.883, 173
Trd, 000211.750, 171
Trd, 000211.833, 170
Trd, 000212.383, 173
Trd, 000213.167, 171
Trd, 000213.283, 165
Trd, 000213.333, 173
Trd, 000214.250, 176
Trd, 000215.667, 168
Trd, 000215.867, 172
Trd, 000217.900, 170
Trd, 000218.050, 169
Trd, 000219.367, 169
Trd, 000219.917, 172
Trd, 000220.017, 173
Trd, 000220.767, 173
Trd, 000221.500, 168
Trd, 000221.533, 168
Trd, 000221.717, 165
Trd, 000222.467, 168
Trd, 000222.517, 157
Trd, 000223.283, 172
Trd, 000223.433, 164
Trd, 000223.533, 163
Trd, 000223.717, 168
Trd, 000225.117, 162
Trd, 000225.150, 168
Trd, 000226.050, 170
Trd, 000226.183, 161
Trd, 000226.883, 177
Trd, 000227.717, 173
Trd, 000228.883, 177
Trd, 000230.117, 173
Trd, 000230.150, 177
Trd, 000230.600, 168
Trd, 000231.667, 170
Trd, 000232.583, 169
Trd, 000232.683, 174
Trd, 000233.350, 171
Trd, 000233.583, 169
Trd, 000234.083, 170
Trd, 000234.267, 174
Trd, 000234.583, 168
Trd, 000235.133, 173
Trd, 000235.150, 168
Trd, 000235.917, 169
Trd, 000235.967, 167
Trd, 000237.700, 172
Trd, 000237.950, 172
Trd, 000237.967, 169
Trd, 000238.983, 174
Trd, 000239.517, 175
Trd, 000240.283, 170
Trd, 000240.700, 171
Trd, 000241.250, 175
Trd, 000241.650, 170
Trd, 000241.717, 177
Trd, 000241.983, 173
Trd, 000242.600, 176
Trd, 000242.700, 175
Trd, 000242.983, 175
Trd, 000243.017, 177
Trd, 000243.117, 186
Trd, 000244.467, 174
Trd, 000244.500, 173
Trd, 000244.517, 173
Trd, 000245.317, 175
Trd, 000245.600, 178
Trd, 000245.750, 179
Trd, 000245.817, 176
Trd, 000246.333, 179
Trd, 000246.550, 180
Trd, 000246.783, 182
Trd, 000247.900, 181
Trd, 000248.167, 176
Trd, 000248.667, 180
Trd, 000249.217, 179
Trd, 000250.517, 176
Trd, 000250.550, 178
Trd, 000250.750, 171
Trd, 000251.383, 176
Trd, 000251.567, 175
Trd, 000252.267, 177
Trd, 000252.733, 176
Trd, 000253.017, 179
Trd, 000253.483, 179
Trd, 000254.100, 176
Trd, 000254.150, 175
Trd, 000254.500, 175
Trd, 000254.650, 176
Trd, 000254.800, 174
Trd, 000255.833, 168
Trd, 000255.983, 167
Trd, 000256.167, 174
Trd, 000256.417, 169
Trd, 000256.650, 177
Trd, 000258.600, 176
Trd, 000258.883, 176
Trd, 000259.900, 174
Trd, 000260.117, 176
Trd, 000260.133, 173
Trd, 000260.150, 171
Trd, 000260.533, 173
Trd, 000260.683, 175
Trd, 000260.750, 172
Trd, 000261.033, 170
Trd, 000261.517, 177
Trd, 000261.783, 169
Trd, 000262.817, 171
Trd, 000263.350, 174
Trd, 000263.750, 173
Trd, 000263.867, 172
Trd, 000264.567, 173
Trd, 000264.617, 174
Trd, 000265.033, 184
Trd, 000265.817, 176
Trd, 000265.833, 180
Trd, 000267.583, 177
Trd, 000268.167, 176
Trd, 000268.800, 177
Trd, 000269.067, 178
Trd, 000269.183, 179
Trd, 000269.533, 174
Trd, 000269.683, 178
Trd, 000269.867, 173
Trd, 000270.317, 170
Trd, 000270.617, 168
Trd, 000271.600, 173
Trd, 000271.800, 172
Trd, 000271.917, 178
Trd, 000271.983, 180
Trd, 000272.183, 176
Trd, 000272.650, 172
Trd, 000272.800, 179
Trd, 000273.500, 176
Trd, 000275.050, 173
Trd, 000275.850, 178
Trd, 000276.117, 173
Trd, 000276.483, 176
Trd, 000276.850, 179
Trd, 000276.983, 182
Trd, 000277.350, 178
Trd, 000278.067, 178
Trd, 000279.067, 178
Trd, 000279.217, 177
Trd, 000279.283, 176
Trd, 000279.383, 174
Trd, 000279.467, 179
Trd, 000279.833, 173
Trd, 000280.150, 180
Trd, 000281.583, 178
Trd, 000281.700, 182
Trd, 000281.867, 179
Trd, 000282.283, 183
Trd, 000282.683, 186
Trd, 000282.900, 174
Trd, 000283.550, 172
Trd, 000284.050, 179
Trd, 000284.083, 179
Trd, 000284.467, 179
Trd, 000284.550, 190
Trd, 000285.133, 183
Trd, 000285.483, 177
Trd, 000285.783, 175
Trd, 000286.083, 179
Trd, 000286.500, 175
Trd, 000286.717, 177
Trd, 000287.100, 185
Trd, 000287.433, 175
Trd, 000287.517, 171
Trd, 000287.767, 187
Trd, 000289.300, 176
Trd, 000289.633, 186
Trd, 000289.683, 184
Trd, 000289.850, 187
Trd, 000290.400, 179
Trd, 000290.700, 179
Trd, 000290.800, 176
Trd, 000291.867, 180
Trd, 000292.750, 172
Trd, 000292.767, 157
Trd, 000293.633, 174
Trd, 000293.900, 172
Trd, 000294.300, 171
Trd, 000294.767, 170
Trd, 000294.867, 176
Trd, 000295.117, 177
Trd, 000295.133, 181
Trd, 000295.300, 181
Trd, 000295.683, 182
Trd, 000296.150, 172
Trd, 000297.550, 177
Trd, 000297.633, 178
Trd, 000299.050, 184
Trd, 000299.300, 178
Trd, 000299.733, 174
Trd, 000299.983, 174
