Trd, 000001.767, 162
Trd, 000002.150, 160
Trd, 000002.800, 155
Trd, 000003.217, 152
Trd, 000004.217, 158
Trd, 000004.550, 155
Trd, 000004.833, 156
Trd, 000005.133, 153
Trd, 000005.833, 153
Trd, 000006.100, 152
Trd, 000006.250, 151
Trd, 000006.317, 153
Trd, 000006.350, 147
Trd, 000006.833, 149
Trd, 000008.167, 151
Trd, 000009.417, 152
Trd, 000009.533, 151
Trd, 000010.083, 152
Trd, 000010.217, 150
Trd, 000010.400, 148
Trd, 000010.483, 148
Trd, 000010.600, 152
Trd, 000011.200, 151
Trd, 000011.767, 138
Trd, 000011.817, 148
Trd, 000012.250, 148
Trd, 000012.417, 149
Trd, 000013.567, 151
Trd, 000013.667, 163
Trd, 000014.250, 143
Trd, 000014.600, 146
Trd, 000014.950, 153
Trd, 000015.150, 138
Trd, 000015.467, 146
Trd, 000015.667, 145
Trd, 000015.850, 146
Trd, 000015.933, 154
Trd, 000017.083, 152
Trd, 000017.533, 150
Trd, 000018.217, 161
Trd, 000018.383, 161
Trd, 000019.567, 152
Trd, 000020.567, 156
Trd, 000020.833, 155
Trd, 000021.083, 156
Trd, 000021.133, 157
Trd, 000022.050, 154
Trd, 000022.467, 155
Trd, 000022.617, 154
Trd, 000023.133, 153
Trd, 000023.700, 149
Trd, 000023.783, 150
Trd, 000023.983, 150
Trd, 000024.533, 151
Trd, 000025.350, 149
Trd, 000025.750, 152
Trd, 000026.267, 153
Trd, 000026.300, 148
Trd, 000026.700, 148
Trd, 000026.917, 152
Trd, 000027.017, 147
Trd, 000028.183, 147
Trd, 000029.717, 150
Trd, 000029.917, 149
Trd, 000029.967, 150
Trd, 000030.067, 150
Trd, 000030.367, 147
Trd, 000030.683, 154
Trd, 000031.317, 147
Trd, 000032.400, 147
Trd, 000032.983, 146
Trd, 000033.117, 147
Trd, 000033.350, 148
Trd, 000033.600, 147
Trd, 000034.000, 147
Trd, 000034.350, 146
Trd, 000034.667, 147
Trd, 000035.167, 153
Trd, 000035.417, 146
Trd, 000036.333, 159
Trd, 000036.517, 154
Trd, 000037.433, 147
Trd, 000038.367, 140
Trd, 000038.667, 147
Trd, 000039.050, 148
Trd, 000039.433, 145
Trd, 000039.933, 144
Trd, 000040.150, 143
Trd, 000040.367, 144
Trd, 000041.800, 141
Trd, 000041.850, 142
Trd, 000041.900, 138
Trd, 000041.950, 143
Trd, 000042.217, 141
Trd, 000043.233, 143
Trd, 000043.500, 148
Trd, 000044.950, 144
Trd, 000045.050, 144
Trd, 000045.117, 145
Trd, 000045.200, 152
Trd, 000045.383, 169
Trd, 000046.233, 153
Trd, 000046.317, 144
Trd, 000047.067, 145
Trd, 000047.517, 154
Trd, 000048.783, 154
Trd, 000049.067, 155
Trd, 000049.733, 156
Trd, 000049.767, 153
Trd, 000050.200, 151
Trd, 000050.900, 151
Trd, 000050.933, 157
Trd, 000051.033, 158
Trd, 000051.467, 157
Trd, 000052.267, 157
Trd, 000052.767, 157
Trd, 000053.700, 150
Trd, 000054.350, 166
Trd, 000054.733, 159
Trd, 000054.817, 149
Trd, 000054.917, 160
Trd, 000054.983, 162
Trd, 000055.317, 141
Trd, 000055.350, 139
Trd, 000055.967, 164
Trd, 000056.067, 144
Trd, 000056.800, 162
Trd, 000056.833, 169
Trd, 000057.150, 159
Trd, 000058.917, 163
Trd, 000059.600, 162
Trd, 000059.833, 161
Trd, 000060.267, 160
Trd, 000060.417, 159
Trd, 000060.483, 158
Trd, 000060.533, 161
Trd, 000061.067, 160
Trd, 000061.567, 156
Trd, 000061.983, 153
Trd, 000062.800, 143
Trd, 000062.917, 156
Trd, 000063.600, 154
Trd, 000063.850, 157
Trd, 000064.200, 149
Trd, 000064.867, 149
Trd, 000066.717, 150
Trd, 000066.800, 148
Trd, 000067.233, 153
Trd, 000067.467, 154
Trd, 000067.683, 150
Trd, 000067.900, 148
Trd, 000068.267, 151
Trd, 000069.183, 149
Trd, 000069.633, 148
Trd, 000071.017, 148
Trd, 000071.150, 147
Trd, 000071.400, 148
Trd, 000072.117, 149
Trd, 000073.233, 149
Trd, 000074.300, 150
Trd, 000074.317, 149
Trd, 000074.467, 150
Trd, 000074.700, 151
Trd, 000074.767, 148
Trd, 000075.450, 147
Trd, 000077.367, 151
Trd, 000077.650, 149
Trd, 000078.167, 152
Trd, 000078.300, 152
Trd, 000079.783, 150
Trd, 000080.467, 152
Trd, 000080.750, 151
Trd, 000080.983, 150
Trd, 000081.050, 152
Trd, 000081.567, 153
Trd, 000081.817, 156
Trd, 000081.883, 149
Trd, 000082.050, 147
Trd, 000082.917, 152
Trd, 000083.000, 154
Trd, 000084.000, 157
Trd, 000084.450, 152
Trd, 000084.700, 153
Trd, 000085.133, 157
Trd, 000085.567, 151
Trd, 000086.117, 151
Trd, 000087.833, 151
Trd, 000087.933, 152
Trd, 000088.300, 144
Trd, 000088.600, 157
Trd, 000088.767, 159
Trd, 000088.917, 167
Trd, 000089.650, 145
Trd, 000090.150, 146
Trd, 000090.400, 149
Trd, 000090.617, 144
Trd, 000091.467, 148
Trd, 000092.050, 148
Trd, 000092.267, 145
Trd, 000093.483, 148
Trd, 000093.700, 149
Trd, 000093.783, 150
Trd, 000094.050, 147
Trd, 000094.167, 149
Trd, 000094.850, 151
Trd, 000095.183, 151
Trd, 000095.317, 148
Trd, 000095.550, 152
Trd, 000095.817, 153
Trd, 000096.100, 157
Trd, 000097.367, 146
Trd, 000097.917, 154
Trd, 000098.883, 147
Trd, 000099.300, 152
Trd, 000099.450, 152
Trd, 000099.483, 154
Trd, 000100.667, 153
Trd, 000100.983, 154
Trd, 000101.183, 154
Trd, 000101.683, 147
Trd, 000102.633, 156
Trd, 000103.300, 156
Trd, 000103.450, 152
Trd, 000103.517, 160
Trd, 000103.617, 161
Trd, 000103.667, 151
Trd, 000103.750, 149
Trd, 000103.867, 196
Trd, 000104.400, 189
Trd, 000105.517, 172
Trd, 000106.100, 154
Trd, 000106.333, 165
Trd, 000107.567, 163
Trd, 000107.867, 164
Trd, 000109.033, 157
Trd, 000109.417, 156
Trd, 000109.567, 155
Trd, 000109.667, 153
Trd, 000110.017, 158
Trd, 000110.217, 153
Trd, 000111.867, 153
Trd, 000111.950, 156
Trd, 000111.983, 156
Trd, 000112.333, 153
Trd, 000112.383, 152
Trd, 000112.867, 156
Trd, 000113.267, 159
Trd, 000113.700, 161
Trd, 000114.200, 154
Trd, 000114.800, 155
Trd, 000114.850, 159
Trd, 000115.283, 161
Trd, 000116.050, 154
Trd, 000116.550, 161
Trd, 000116.683, 157
Trd, 000116.850, 156
Trd, 000117.450, 160
Trd, 000117.917, 172
Trd, 000118.217, 158
Trd, 000118.367, 175
Trd, 000120.183, 169
Trd, 000120.750, 170
Trd, 000120.933, 169
Trd, 000121.450, 171
Trd, 000122.317, 171
Trd, 000122.433, 177
Trd, 000122.833, 181
Trd, 000123.400, 232
Trd, 000123.483, 317.0
Trd, 000124.367, 323.0
Trd, 000124.683, 324.0
Trd, 000125.250, 335
Trd, 000125.500, 337
Trd, 000125.650, 338
Trd, 000126.600, 343
Trd, 000127.283, 336
Trd, 000128.083, 343.0
Trd, 000128.150, 335.0
Trd, 000128.717, 348.0
Trd, 000128.750, 344
Trd, 000129.600, 340
Trd, 000130.400, 347
Trd, 000130.683, 348
Trd, 000131.333, 353
Trd, 000131.400, 352
Trd, 000131.950, 353
Trd, 000132.283, 354
Trd, 000132.350, 351
Trd, 000133.150, 355
Trd, 000133.917, 362
Trd, 000134.617, 361
Trd, 000134.733, 350
Trd, 000135.383, 336
Trd, 000135.433, 344.0
Trd, 000136.333, 340
Trd, 000137.267, 340
Trd, 000137.450, 342.0
Trd, 000137.867, 344.0
Trd, 000138.867, 342
Trd, 000139.367, 342
Trd, 000139.617, 340
Trd, 000139.933, 343
Trd, 000140.700, 344
Trd, 000140.833, 351
Trd, 000140.983, 350
Trd, 000141.317, 336
Trd, 000141.383, 334.0
Trd, 000141.500, 341
Trd, 000142.700, 340
Trd, 000144.067, 340
Trd, 000144.083, 341
Trd, 000144.367, 343
Trd, 000145.083, 344.0
Trd, 000145.767, 343
Trd, 000146.100, 342
Trd, 000146.383, 344
Trd, 000146.417, 335
Trd, 000146.600, 344
Trd, 000147.233, 340
Trd, 000148.217, 336
Trd, 000148.400, 348.0
Trd, 000148.950, 351.0
Trd, 000150.433, 342
Trd, 000150.567, 342
Trd, 000151.300, 337
Trd, 000151.450, 338
Trd, 000151.900, 335
Trd, 000152.083, 337
Trd, 000152.567, 338
Trd, 000152.933, 334.0
Trd, 000153.200, 333
Trd, 000154.600, 333
Trd, 000154.633, 332
Trd, 000155.450, 340
Trd, 000155.800, 340
Trd, 000156.333, 340
Trd, 000156.733, 340
Trd, 000156.950, 328
Trd, 000157.283, 334.0
Trd, 000157.483, 339
Trd, 000157.500, 339
Trd, 000157.533, 340
Trd, 000157.733, 341
Trd, 000160.017, 335
Trd, 000160.233, 338
Trd, 000160.983, 338
Trd, 000161.350, 340
Trd, 000161.983, 344.0
Trd, 000163.117, 339
Trd, 000163.183, 346
Trd, 000163.883, 338
Trd, 000164.050, 335
Trd, 000164.233, 338
Trd, 000164.350, 343
Trd, 000164.533, 334.0
Trd, 000165.500, 342
Trd, 000167.317, 340
Trd, 000167.467, 338
Trd, 000167.667, 337
Trd, 000168.567, 343.0
Trd, 000168.683, 344.0
Trd, 000169.433, 344
Trd, 000170.683, 341
Trd, 000170.833, 343
Trd, 000171.167, 336
Trd, 000171.700, 341
Trd, 000172.567, 337
Trd, 000172.783, 336
Trd, 000173.383, 335
Trd, 000173.467, 339
Trd, 000173.500, 342
Trd, 000173.567, 348.0
Trd, 000174.467, 338
Trd, 000174.533, 342.0
Trd, 000175.267, 344.0
Trd, 000175.317, 334.0
Trd, 000176.833, 329
Trd, 000177.000, 334
Trd, 000177.667, 335
Trd, 000177.883, 338
Trd, 000178.067, 342
Trd, 000178.333, 344
Trd, 000179.100, 342
Trd, 000179.567, 335.0
Trd, 000181.517, 341
Trd, 000182.200, 335
Trd, 000182.767, 335
Trd, 000182.783, 334
Trd, 000182.950, 327
Trd, 000183.150, 327.0
Trd, 000183.267, 332
Trd, 000183.333, 324.0
Trd, 000183.433, 320.0
Trd, 000183.517, 340
Trd, 000183.883, 306.0
Trd, 000184.433, 223
Trd, 000184.700, 211
Trd, 000185.083, 190
Trd, 000185.500, 183
Trd, 000186.417, 197
Trd, 000187.733, 185
Trd, 000187.817, 181
Trd, 000188.050, 174
Trd, 000189.383, 198
Trd, 000189.717, 196
Trd, 000190.550, 195
Trd, 000190.567, 196
Trd, 000191.183, 193
Trd, 000191.383, 192
Trd, 000192.717, 189
Trd, 000193.150, 192
Trd, 000194.267, 190
Trd, 000194.433, 188
Trd, 000194.450, 181
Trd, 000195.050, 174
Trd, 000195.917, 177
Trd, 000196.417, 177
Trd, 000196.717, 164
Trd, 000197.100, 178
Trd, 000197.217, 178
Trd, 000198.283, 171
Trd, 000198.483, 164
Trd, 000199.267, 174
Trd, 000199.500, 167
Trd, 000199.800, 172
Trd, 000199.933, 173
Trd, 000200.033, 174
Trd, 000202.700, 168
Trd, 000203.050, 169
Trd, 000203.333, 167
Trd, 000203.800, 167
Trd, 000204.167, 168
Trd, 000204.200, 166
Trd, 000204.783, 165
Trd, 000205.150, 166
Trd, 000205.550, 162
Trd, 000206.300, 166
Trd, 000206.750, 167
Trd, 000207.250, 168
Trd, 000207.300, 169
Trd, 000207.550, 171
Trd, 000208.467, 168
Trd, 000208.983, 169
Trd, 000209.783, 168
Trd, 000209.867, 167
Trd, 000209.883, 166
Trd, 000210.483, 164
Trd, 000210.983, 165
Trd, 000211.617, 165
Trd, 000211.717, 166
Trd, 000211.750, 169
Trd, 000212.450, 167
Trd, 000213.083, 166
Trd, 000213.217, 167
Trd, 000213.333, 169
Trd, 000215.783, 169
Trd, 000216.350, 168
Trd, 000216.533, 166
Trd, 000216.600, 169
Trd, 000216.800, 165
Trd, 000216.817, 168
Trd, 000217.783, 163
Trd, 000218.217, 162
Trd, 000218.967, 159
Trd, 000219.250, 165
Trd, 000219.350, 166
Trd, 000219.433, 170
Trd, 000220.100, 163
Trd, 000220.133, 172
Trd, 000220.950, 177
Trd, 000221.333, 170
Trd, 000221.933, 171
Trd, 000221.967, 171
Trd, 000222.850, 171
Trd, 000223.133, 169
Trd, 000223.550, 172
Trd, 000223.967, 168
Trd, 000224.383, 169
Trd, 000224.883, 167
Trd, 000225.100, 168
Trd, 000225.550, 169
Trd, 000225.617, 169
Trd, 000225.900, 170
Trd, 000225.917, 167
Trd, 000225.983, 156
Trd, 000226.200, 160
Trd, 000226.617, 159
Trd, 000226.733, 173
Trd, 000226.867, 159
Trd, 000227.367, 168
Trd, 000227.417, 169
Trd, 000228.317, 156
Trd, 000229.067, 165
Trd, 000229.550, 166
Trd, 000230.083, 169
Trd, 000230.217, 168
Trd, 000230.283, 170
Trd, 000230.967, 174
Trd, 000232.633, 170
Trd, 000232.667, 164
Trd, 000232.683, 170
Trd, 000233.633, 164
Trd, 000234.683, 166
Trd, 000235.167, 168
Trd, 000235.483, 168
Trd, 000236.233, 168
Trd, 000236.667, 168
Trd, 000237.583, 167
Trd, 000238.100, 168
Trd, 000238.200, 170
Trd, 000238.300, 171
Trd, 000239.700, 171
Trd, 000239.850, 172
Trd, 000240.050, 169
Trd, 000240.483, 170
Trd, 000241.467, 170
Trd, 000241.750, 171
Trd, 000242.050, 172
Trd, 000242.117, 171
Trd, 000242.133, 168
Trd, 000242.900, 173
Trd, 000242.950, 167
Trd, 000243.433, 172
Trd, 000243.650, 172
Trd, 000243.733, 175
Trd, 000243.767, 172
Trd, 000245.133, 172
Trd, 000245.200, 175
Trd, 000245.550, 179
Trd, 000245.933, 170
Trd, 000246.017, 182
Trd, 000246.833, 175
Trd, 000247.033, 172
Trd, 000247.800, 173
Trd, 000248.333, 174
Trd, 000248.550, 176
Trd, 000248.933, 172
Trd, 000249.850, 170
Trd, 000250.250, 177
Trd, 000250.900, 172
Trd, 000250.917, 173
Trd, 000252.517, 173
Trd, 000253.200, 173
Trd, 000253.283, 171
Trd, 000253.433, 171
Trd, 000253.717, 166
Trd, 000254.033, 172
Trd, 000254.100, 168
Trd, 000254.300, 166
Trd, 000254.383, 169
Trd, 000254.850, 169
Trd, 000255.667, 176
Trd, 000256.367, 172
Trd, 000257.017, 172
Trd, 000257.100, 171
Trd, 000257.433, 173
Trd, 000257.700, 177
Trd, 000258.067, 181
Trd, 000258.500, 181
Trd, 000258.850, 174
Trd, 000259.383, 181
Trd, 000259.867, 179
Trd, 000260.550, 180
Trd, 000261.417, 179
Trd, 000261.467, 175
Trd, 000262.150, 177
Trd, 000262.350, 175
Trd, 000262.567, 175
Trd, 000262.617, 177
Trd, 000262.833, 181
Trd, 000263.350, 179
Trd, 000263.683, 174
Trd, 000263.833, 174
Trd, 000263.983, 178
Trd, 000264.417, 178
Trd, 000265.033, 177
Trd, 000265.267, 181
Trd, 000265.367, 177
Trd, 000266.250, 177
Trd, 000267.017, 178
Trd, 000267.467, 178
Trd, 000267.800, 178
Trd, 000267.817, 174
Trd, 000267.950, 168
Trd, 000268.150, 167
Trd, 000268.867, 167
Trd, 000268.900, 169
Trd, 000269.150, 171
Trd, 000270.767, 164
Trd, 000271.300, 169
Trd, 000271.533, 169
Trd, 000271.633, 168
Trd, 000271.933, 172
Trd, 000272.100, 166
Trd, 000272.200, 172
Trd, 000274.150, 168
Trd, 000274.167, 169
Trd, 000274.417, 170
Trd, 000275.333, 170
Trd, 000275.833, 169
Trd, 000276.217, 170
Trd, 000276.950, 170
Trd, 000277.383, 169
Trd, 000277.700, 166
Trd, 000278.083, 170
Trd, 000278.600, 165
Trd, 000278.650, 164
Trd, 000279.133, 170
Trd, 000279.617, 170
Trd, 000279.667, 171
Trd, 000279.850, 172
Trd, 000280.250, 176
Trd, 000280.883, 174
Trd, 000281.317, 179
Trd, 000281.983, 183
Trd, 000282.033, 186
Trd, 000282.250, 176
Trd, 000283.200, 181
Trd, 000283.450, 182
Trd, 000284.033, 181
Trd, 000284.550, 180
Trd, 000284.783, 181
Trd, 000284.917, 177
Trd, 000286.050, 178
Trd, 000286.300, 174
Trd, 000287.033, 179
Trd, 000287.483, 171
Trd, 000287.500, 170
Trd, 000288.000, 174
Trd, 000288.133, 164
Trd, 000289.017, 174
Trd, 000289.217, 169
Trd, 000289.667, 175
Trd, 000290.433, 179
Trd, 000291.100, 171
Trd, 000291.167, 177
Trd, 000291.683, 172
Trd, 000291.850, 173
Trd, 000292.017, 178
Trd, 000292.917, 178
Trd, 000293.033, 180
Trd, 000293.167, 184
Trd, 000293.417, 173
Trd, 000294.567, 178
Trd, 000295.033, 171
Trd, 000295.117, 180
Trd, 000296.200, 177
Trd, 000296.283, 175
Trd, 000296.300, 180
Trd, 000296.583, 173
Trd, 000297.133, 172
Trd, 000297.500, 172
Trd, 000298.017, 177
Trd, 000298.133, 170
Trd, 000299.100, 178
Trd, 000299.167, 170
Trd, 000299.383, 178
