Trd, 000001.167, 147
Trd, 000002.233, 132
Trd, 000002.600, 139
Trd, 000003.350, 140
Trd, 000005.000, 130
Trd, 000005.683, 134
Trd, 000005.850, 135
Trd, 000006.700, 134
Trd, 000006.733, 135
Trd, 000006.933, 138
Trd, 000007.283, 121
Trd, 000007.900, 141
Trd, 000009.100, 142
Trd, 000009.417, 148
Trd, 000010.317, 143
Trd, 000010.583, 143
Trd, 000011.250, 142
Trd, 000012.183, 143
Trd, 000012.867, 144
Trd, 000013.700, 148
Trd, 000013.733, 149
Trd, 000013.900, 147
Trd, 000014.200, 146
Trd, 000014.750, 147
Trd, 000015.383, 146
Trd, 000015.417, 148
Trd, 000016.317, 147
Trd, 000017.150, 150
Trd, 000017.917, 150
Trd, 000019.117, 150
Trd, 000019.183, 146
Trd, 000019.350, 148
Trd, 000020.200, 146
Trd, 000020.650, 144
Trd, 000020.783, 144
Trd, 000021.200, 136
Trd, 000022.333, 140
Trd, 000022.700, 139
Trd, 000023.500, 140
Trd, 000023.550, 140
Trd, 000023.600, 138
Trd, 000024.583, 143
Trd, 000024.700, 157
Trd, 000025.550, 149
Trd, 000025.650, 147
Trd, 000027.500, 144
Trd, 000027.717, 143
Trd, 000027.800, 144
Trd, 000028.200, 145
Trd, 000028.317, 146
Trd, 000028.500, 146
Trd, 000028.917, 147
Trd, 000030.317, 149
Trd, 000031.300, 149
Trd, 000032.150, 149
Trd, 000032.233, 147
Trd, 000033.983, 148
Trd, 000034.250, 148
Trd, 000035.100, 147
Trd, 000035.267, 146
Trd, 000035.433, 148
Trd, 000036.083, 148
Trd, 000036.550, 148
Trd, 000037.150, 147
Trd, 000038.267, 147
Trd, 000038.367, 149
Trd, 000038.750, 149
Trd, 000039.050, 149
Trd, 000039.217, 151
Trd, 000039.383, 152
Trd, 000039.850, 151
Trd, 000040.133, 152
Trd, 000041.633, 147
Trd, 000042.050, 148
Trd, 000042.833, 149
Trd, 000043.600, 148
Trd, 000043.950, 149
Trd, 000046.250, 150
Trd, 000046.317, 148
Trd, 000046.750, 150
Trd, 000047.217, 147
Trd, 000047.517, 149
Trd, 000048.067, 146
Trd, 000048.933, 151
Trd, 000049.700, 148
Trd, 000050.250, 147
Trd, 000050.500, 151
Trd, 000051.600, 151
Trd, 000051.717, 153
Trd, 000052.117, 151
Trd, 000052.183, 150
Trd, 000052.750, 146
Trd, 000054.467, 148
Trd, 000054.567, 148
Trd, 000055.017, 150
Trd, 000055.333, 147
Trd, 000055.583, 149
Trd, 000056.333, 146
Trd, 000057.133, 149
Trd, 000057.667, 147
Trd, 000058.583, 148
Trd, 000059.133, 149
Trd, 000059.850, 148
Trd, 000059.883, 147
Trd, 000060.367, 149
Trd, 000060.733, 148
Trd, 000061.067, 153
Trd, 000062.600, 148
Trd, 000062.867, 147
Trd, 000062.883, 150
Trd, 000063.433, 153
Trd, 000063.783, 148
Trd, 000065.283, 151
Trd, 000065.533, 153
Trd, 000067.050, 150
Trd, 000067.817, 152
Trd, 000068.617, 151
Trd, 000068.767, 152
Trd, 000069.167, 152
Trd, 000069.400, 152
Trd, 000069.533, 151
Trd, 000070.367, 152
Trd, 000071.017, 151
Trd, 000071.867, 150
Trd, 000073.250, 151
Trd, 000073.667, 150
Trd, 000074.117, 151
Trd, 000074.433, 154
Trd, 000075.350, 149
Trd, 000075.900, 150
Trd, 000076.833, 150
Trd, 000077.267, 155
Trd, 000077.517, 150
Trd, 000077.783, 151
Trd, 000077.867, 153
Trd, 000078.300, 152
Trd, 000079.150, 152
Trd, 000079.467, 153
Trd, 000080.317, 153
Trd, 000080.817, 153
Trd, 000081.067, 154
Trd, 000082.867, 151
Trd, 000083.133, 150
Trd, 000083.383, 151
Trd, 000083.733, 152
Trd, 000083.767, 154
Trd, 000084.733, 152
Trd, 000085.800, 152
Trd, 000085.850, 153
Trd, 000085.883, 152
Trd, 000086.633, 151
Trd, 000087.233, 151
Trd, 000087.517, 153
Trd, 000088.883, 154
Trd, 000089.017, 153
Trd, 000089.600, 152
Trd, 000090.917, 150
Trd, 000092.817, 148
Trd, 000093.417, 150
Trd, 000094.117, 150
Trd, 000094.200, 150
Trd, 000094.817, 150
Trd, 000095.133, 152
Trd, 000095.800, 149
Trd, 000096.550, 150
Trd, 000096.683, 151
Trd, 000098.133, 153
Trd, 000098.500, 154
Trd, 000098.850, 152
Trd, 000100.567, 152
Trd, 000100.583, 153
Trd, 000100.783, 152
Trd, 000100.983, 152
Trd, 000101.500, 152
Trd, 000102.633, 151
Trd, 000102.833, 151
Trd, 000102.900, 155
Trd, 000103.267, 152
Trd, 000103.333, 156
Trd, 000104.050, 155
Trd, 000104.650, 156
Trd, 000105.633, 154
Trd, 000106.367, 156
Trd, 000108.233, 158
Trd, 000108.267, 159
Trd, 000108.400, 156
Trd, 000109.367, 160
Trd, 000110.050, 160
Trd, 000110.467, 159
Trd, 000111.250, 160
Trd, 000111.467, 157
Trd, 000112.017, 159
Trd, 000112.067, 160
Trd, 000113.217, 155
Trd, 000114.133, 155
Trd, 000114.400, 154
Trd, 000114.733, 153
Trd, 000114.767, 157
Trd, 000114.867, 157
Trd, 000116.067, 153
Trd, 000116.283, 156
Trd, 000117.467, 155
Trd, 000117.683, 151
Trd, 000118.950, 151
Trd, 000119.617, 152
Trd, 000119.683, 152
Trd, 000119.783, 150
Trd, 000120.600, 152
Trd, 000121.717, 154
Trd, 000122.333, 154
Trd, 000122.433, 155
Trd, 000123.000, 187
Trd, 000123.317, 177
Trd, 000123.500, 201
Trd, 000123.583, 212
Trd, 000123.650, 232
Trd, 000124.350, 306.0
Trd, 000124.583, 327.0
Trd, 000124.983, 348.0
Trd, 000126.500, 341
Trd, 000127.217, 343
Trd, 000128.600, 344
Trd, 000128.850, 348
Trd, 000131.400, 343
Trd, 000132.317, 342
Trd, 000132.417, 348.0
Trd, 000132.933, 350
Trd, 000134.633, 348.0
Trd, 000135.200, 349
Trd, 000135.317, 349
Trd, 000136.233, 348
Trd, 000136.283, 338
Trd, 000136.633, 340.0
Trd, 000137.333, 341.0
Trd, 000138.367, 340
Trd, 000139.300, 339
Trd, 000139.667, 343
Trd, 000140.300, 345
Trd, 000140.833, 341.0
Trd, 000141.783, 345.0
Trd, 000141.950, 339.0
Trd, 000144.250, 340
Trd, 000144.667, 340
Trd, 000144.933, 341
Trd, 000145.550, 340
Trd, 000146.367, 340
Trd, 000146.633, 341.0
Trd, 000146.817, 340
Trd, 000147.250, 342
Trd, 000147.317, 344
Trd, 000148.117, 343
Trd, 000149.200, 343
Trd, 000150.000, 342
Trd, 000150.400, 342
Trd, 000150.783, 342
Trd, 000150.933, 345
Trd, 000151.783, 345
Trd, 000151.850, 341
Trd, 000152.017, 341
Trd, 000154.150, 342
Trd, 000154.850, 341
Trd, 000155.083, 340.0
Trd, 000155.817, 341
Trd, 000156.067, 339
Trd, 000157.167, 341
Trd, 000158.717, 340
Trd, 000159.817, 338
Trd, 000159.833, 340
Trd, 000161.467, 337.0
Trd, 000162.200, 338
Trd, 000162.400, 340
Trd, 000162.917, 341.0
Trd, 000163.367, 339
Trd, 000163.917, 339
Trd, 000164.000, 341
Trd, 000164.267, 339
Trd, 000164.433, 340
Trd, 000164.483, 338
Trd, 000166.100, 338
Trd, 000167.283, 339
Trd, 000168.217, 338
Trd, 000168.567, 341.0
Trd, 000168.833, 348.0
Trd, 000169.233, 347
Trd, 000171.117, 346
Trd, 000171.183, 346
Trd, 000172.267, 347
Trd, 000172.633, 347
Trd, 000172.867, 346
Trd, 000173.217, 345
Trd, 000173.617, 345
Trd, 000174.367, 347
Trd, 000177.100, 344
Trd, 000177.617, 345
Trd, 000177.650, 346
Trd, 000178.783, 345
Trd, 000179.050, 347
Trd, 000180.283, 345
Trd, 000180.550, 341
Trd, 000180.600, 346
Trd, 000181.600, 340
Trd, 000181.667, 337.0
Trd, 000181.867, 337
Trd, 000182.267, 337
Trd, 000182.833, 334.0
Trd, 000182.967, 327.0
Trd, 000183.033, 300.0
Trd, 000183.267, 340.0
Trd, 000184.050, 266
Trd, 000184.083, 211
Trd, 000184.517, 173
Trd, 000185.650, 203
Trd, 000187.033, 183
Trd, 000187.683, 171
Trd, 000188.033, 177
Trd, 000189.050, 170
Trd, 000191.167, 174
Trd, 000191.317, 174
Trd, 000191.583, 175
Trd, 000191.617, 173
Trd, 000191.767, 160
Trd, 000192.133, 165
Trd, 000192.650, 161
Trd, 000193.267, 164
Trd, 000194.033, 162
Trd, 000194.683, 162
Trd, 000195.083, 162
Trd, 000195.300, 161
Trd, 000195.600, 163
Trd, 000196.150, 166
Trd, 000196.417, 165
Trd, 000199.033, 167
Trd, 000199.100, 166
Trd, 000199.233, 168
Trd, 000200.017, 167
Trd, 000200.350, 167
Trd, 000201.083, 168
Trd, 000201.667, 168
Trd, 000201.817, 169
Trd, 000202.050, 175
Trd, 000202.600, 165
Trd, 000203.183, 160
Trd, 000203.767, 161
Trd, 000205.450, 164
Trd, 000205.950, 164
Trd, 000206.100, 164
Trd, 000206.367, 162
Trd, 000206.900, 163
Trd, 000207.817, 162
Trd, 000208.350, 159
Trd, 000208.783, 162
Trd, 000210.383, 163
Trd, 000212.233, 162
Trd, 000212.617, 162
Trd, 000212.833, 163
Trd, 000213.050, 163
Trd, 000213.767, 161
Trd, 000213.850, 162
Trd, 000215.383, 162
Trd, 000215.583, 162
Trd, 000215.817, 161
Trd, 000215.850, 160
Trd, 000215.983, 163
Trd, 000216.000, 169
Trd, 000217.433, 161
Trd, 000218.950, 162
Trd, 000219.983, 162
Trd, 000220.267, 162
Trd, 000220.483, 163
Trd, 000220.517, 163
Trd, 000221.933, 162
Trd, 000222.300, 161
Trd, 000222.933, 161
Trd, 000223.183, 163
Trd, 000223.517, 163
Trd, 000223.867, 180
Trd, 000225.217, 161
Trd, 000225.867, 166
Trd, 000227.817, 159
Trd, 000228.600, 162
Trd, 000229.833, 162
Trd, 000230.333, 159
Trd, 000230.617, 161
Trd, 000230.817, 162
Trd, 000231.517, 161
Trd, 000232.817, 160
Trd, 000232.900, 161
Trd, 000234.150, 162
Trd, 000234.733, 164
Trd, 000235.467, 163
Trd, 000236.317, 162
Trd, 000236.483, 163
Trd, 000236.600, 160
Trd, 000236.800, 164
Trd, 000237.667, 167
Trd, 000237.867, 171
Trd, 000238.917, 179
Trd, 000240.050, 171
Trd, 000240.117, 171
Trd, 000240.267, 170
Trd, 000240.300, 171
Trd, 000240.400, 170
Trd, 000240.783, 171
Trd, 000240.850, 171
Trd, 000240.950, 179
Trd, 000241.817, 175
Trd, 000241.900, 173
Trd, 000242.583, 174
Trd, 000242.717, 177
Trd, 000243.050, 173
Trd, 000243.183, 176
Trd, 000243.283, 182
Trd, 000244.050, 172
Trd, 000244.250, 172
Trd, 000244.717, 179
Trd, 000244.917, 171
Trd, 000245.833, 172
Trd, 000246.567, 172
Trd, 000246.717, 172
Trd, 000246.750, 171
Trd, 000247.483, 174
Trd, 000248.150, 179
Trd, 000248.633, 176
Trd, 000249.017, 177
Trd, 000249.283, 176
Trd, 000249.883, 175
Trd, 000250.167, 174
Trd, 000250.333, 174
Trd, 000250.467, 173
Trd, 000250.500, 171
Trd, 000250.683, 174
Trd, 000251.533, 171
Trd, 000251.933, 173
Trd, 000252.467, 174
Trd, 000252.667, 175
Trd, 000252.800, 176
Trd, 000253.300, 173
Trd, 000253.550, 172
Trd, 000254.200, 171
Trd, 000254.233, 170
Trd, 000254.650, 169
Trd, 000254.983, 170
Trd, 000255.783, 167
Trd, 000255.833, 168
Trd, 000256.083, 167
Trd, 000256.333, 168
Trd, 000256.383, 180
Trd, 000256.483, 166
Trd, 000256.933, 166
Trd, 000257.267, 159
Trd, 000258.050, 167
Trd, 000258.250, 167
Trd, 000258.767, 169
Trd, 000258.933, 167
Trd, 000258.983, 170
Trd, 000259.133, 170
Trd, 000259.200, 168
Trd, 000260.500, 175
Trd, 000260.817, 174
Trd, 000261.050, 178
Trd, 000261.467, 177
Trd, 000262.133, 178
Trd, 000262.233, 174
Trd, 000262.333, 176
Trd, 000262.900, 177
Trd, 000263.000, 176
Trd, 000263.333, 181
Trd, 000264.400, 181
Trd, 000265.600, 180
Trd, 000265.917, 180
Trd, 000266.633, 180
Trd, 000267.200, 177
Trd, 000267.550, 176
Trd, 000268.400, 173
Trd, 000268.433, 174
Trd, 000269.150, 175
Trd, 000269.417, 175
Trd, 000269.500, 173
Trd, 000269.967, 173
Trd, 000270.100, 171
Trd, 000270.450, 172
Trd, 000270.667, 172
Trd, 000271.317, 171
Trd, 000271.367, 168
Trd, 000271.717, 169
Trd, 000271.783, 195
Trd, 000272.367, 172
Trd, 000272.517, 174
Trd, 000273.317, 181
Trd, 000273.500, 182
Trd, 000273.517, 179
Trd, 000273.850, 178
Trd, 000273.983, 178
Trd, 000275.300, 177
Trd, 000275.583, 177
Trd, 000276.000, 176
Trd, 000276.050, 180
Trd, 000276.100, 182
Trd, 000276.517, 177
Trd, 000277.050, 183
Trd, 000277.200, 179
Trd, 000277.517, 178
Trd, 000278.533, 182
Trd, 000278.833, 179
Trd, 000279.217, 182
Trd, 000280.017, 178
Trd, 000280.267, 177
Trd, 000280.350, 181
Trd, 000281.400, 178
Trd, 000281.467, 180
Trd, 000281.800, 179
Trd, 000281.850, 179
Trd, 000282.150, 182
Trd, 000282.383, 183
Trd, 000282.667, 182
Trd, 000282.933, 182
Trd, 000283.833, 185
Trd, 000284.183, 183
Trd, 000284.767, 185
Trd, 000286.133, 182
Trd, 000286.733, 181
Trd, 000287.233, 180
Trd, 000287.417, 172
Trd, 000287.833, 173
Trd, 000288.467, 166
Trd, 000288.533, 165
Trd, 000288.600, 170
Trd, 000288.767, 176
Trd, 000289.567, 173
Trd, 000289.950, 176
Trd, 000291.167, 169
Trd, 000291.350, 170
Trd, 000291.900, 173
Trd, 000291.967, 170
Trd, 000292.117, 173
Trd, 000292.500, 172
Trd, 000293.233, 171
Trd, 000293.300, 173
Trd, 000293.600, 170
Trd, 000294.567, 172
Trd, 000294.750, 168
Trd, 000295.017, 167
Trd, 000295.533, 173
Trd, 000295.833, 171
Trd, 000296.500, 173
Trd, 000296.933, 173
Trd, 000297.383, 174
Trd, 000297.517, 167
Trd, 000297.933, 170
Trd, 000298.300, 170
Trd, 000298.383, 177
Trd, 000298.417, 188
Trd, 000298.567, 167
Trd, 000299.350, 181
Trd, 000299.367, 182
Trd, 000299.450, 185
Trd, 000299.917, 193
