Trd, 000000.817, 183
Trd, 000002.483, 182
Trd, 000003.467, 179
Trd, 000003.567, 175
Trd, 000003.700, 186
Trd, 000003.800, 172
Trd, 000003.967, 165
Trd, 000004.100, 158
Trd, 000005.083, 155
Trd, 000006.567, 159
Trd, 000007.083, 163
Trd, 000007.383, 160
Trd, 000007.633, 159
Trd, 000007.917, 163
Trd, 000008.500, 156
Trd, 000008.883, 159
Trd, 000009.700, 162
Trd, 000009.967, 154
Trd, 000010.000, 160
Trd, 000010.167, 144
Trd, 000010.667, 129
Trd, 000012.300, 156
Trd, 000013.750, 154
Trd, 000013.917, 155
Trd, 000014.167, 156
Trd, 000014.350, 158
Trd, 000014.617, 160
Trd, 000014.633, 157
Trd, 000015.833, 160
Trd, 000016.033, 158
Trd, 000016.250, 152
Trd, 000016.550, 160
Trd, 000017.267, 145
Trd, 000017.800, 163
Trd, 000018.783, 170
Trd, 000019.050, 160
Trd, 000019.483, 157
Trd, 000019.533, 156
Trd, 000020.100, 157
Trd, 000020.433, 160
Trd, 000020.467, 161
Trd, 000020.667, 155
Trd, 000022.050, 159
Trd, 000022.350, 156
Trd, 000022.983, 160
Trd, 000023.467, 157
Trd, 000024.433, 159
Trd, 000024.750, 156
Trd, 000024.833, 155
Trd, 000025.050, 153
Trd, 000025.567, 158
Trd, 000025.633, 158
Trd, 000026.367, 154
Trd, 000026.433, 158
Trd, 000027.000, 154
Trd, 000027.550, 159
Trd, 000027.850, 159
Trd, 000028.983, 158
Trd, 000029.917, 158
Trd, 000030.667, 160
Trd, 000030.683, 161
Trd, 000031.417, 159
Trd, 000031.700, 157
Trd, 000032.333, 159
Trd, 000033.067, 159
Trd, 000033.667, 156
Trd, 000034.250, 165
Trd, 000034.450, 157
Trd, 000035.017, 158
Trd, 000035.617, 159
Trd, 000036.733, 161
Trd, 000036.800, 161
Trd, 000037.483, 162
Trd, 000037.867, 161
Trd, 000037.967, 159
Trd, 000037.983, 162
Trd, 000038.017, 153
Trd, 000038.883, 171
Trd, 000038.950, 168
Trd, 000039.883, 154
Trd, 000041.333, 161
Trd, 000041.717, 161
Trd, 000041.750, 160
Trd, 000041.900, 160
Trd, 000042.100, 162
Trd, 000042.583, 163
Trd, 000043.150, 161
Trd, 000043.350, 163
Trd, 000043.567, 161
Trd, 000043.750, 176
Trd, 000043.833, 178
Trd, 000044.517, 162
Trd, 000045.067, 164
Trd, 000045.433, 175
Trd, 000045.533, 159
Trd, 000046.550, 169
Trd, 000047.017, 167
Trd, 000047.583, 163
Trd, 000047.933, 160
Trd, 000049.067, 164
Trd, 000049.250, 161
Trd, 000049.633, 160
Trd, 000050.100, 160
Trd, 000050.483, 162
Trd, 000050.533, 159
Trd, 000050.917, 162
Trd, 000051.100, 162
Trd, 000051.367, 162
Trd, 000052.200, 158
Trd, 000052.383, 157
Trd, 000052.583, 157
Trd, 000052.883, 155
Trd, 000052.967, 167
Trd, 000054.300, 158
Trd, 000055.133, 158
Trd, 000055.533, 158
Trd, 000056.233, 157
Trd, 000056.550, 156
Trd, 000057.550, 158
Trd, 000058.600, 157
Trd, 000058.783, 159
Trd, 000059.250, 160
Trd, 000060.000, 161
Trd, 000061.217, 161
Trd, 000061.350, 168
Trd, 000061.383, 171
Trd, 000063.000, 165
Trd, 000063.017, 171
Trd, 000063.083, 165
Trd, 000063.533, 166
Trd, 000063.850, 164
Trd, 000064.317, 167
Trd, 000065.367, 164
Trd, 000065.917, 165
Trd, 000066.133, 163
Trd, 000066.233, 162
Trd, 000067.233, 161
Trd, 000067.917, 163
Trd, 000068.983, 166
Trd, 000069.283, 165
Trd, 000069.633, 168
Trd, 000070.050, 162
Trd, 000070.183, 161
Trd, 000071.233, 162
Trd, 000071.700, 162
Trd, 000072.133, 157
Trd, 000072.233, 165
Trd, 000072.350, 165
Trd, 000072.583, 150
Trd, 000072.750, 165
Trd, 000073.317, 138
Trd, 000074.450, 158
Trd, 000075.250, 165
Trd, 000075.333, 163
Trd, 000075.817, 165
Trd, 000076.133, 164
Trd, 000076.150, 165
Trd, 000076.283, 170
Trd, 000076.533, 165
Trd, 000076.550, 164
Trd, 000077.050, 165
Trd, 000077.750, 165
Trd, 000077.833, 171
Trd, 000079.700, 164
Trd, 000079.800, 163
Trd, 000080.067, 163
Trd, 000081.133, 163
Trd, 000082.167, 164
Trd, 000082.683, 162
Trd, 000083.133, 163
Trd, 000083.150, 166
Trd, 000083.400, 166
Trd, 000083.867, 165
Trd, 000084.133, 163
Trd, 000084.850, 164
Trd, 000085.817, 165
Trd, 000086.117, 166
Trd, 000086.733, 170
Trd, 000086.767, 176
Trd, 000086.967, 169
Trd, 000087.133, 166
Trd, 000087.200, 165
Trd, 000088.417, 180
Trd, 000088.667, 166
Trd, 000089.683, 172
Trd, 000090.167, 171
Trd, 000090.567, 170
Trd, 000090.767, 165
Trd, 000090.800, 164
Trd, 000091.967, 165
Trd, 000092.683, 170
Trd, 000092.983, 166
Trd, 000093.800, 170
Trd, 000093.900, 170
Trd, 000094.050, 170
Trd, 000095.333, 167
Trd, 000095.517, 169
Trd, 000095.817, 169
Trd, 000095.883, 168
Trd, 000096.600, 154
Trd, 000096.683, 169
Trd, 000096.717, 171
Trd, 000097.533, 171
Trd, 000098.400, 154
Trd, 000098.983, 158
Trd, 000100.467, 163
Trd, 000100.783, 162
Trd, 000101.050, 164
Trd, 000101.300, 160
Trd, 000101.317, 159
Trd, 000101.500, 154
Trd, 000102.433, 155
Trd, 000103.350, 160
Trd, 000104.250, 158
Trd, 000104.750, 159
Trd, 000104.917, 159
Trd, 000105.300, 157
Trd, 000105.733, 158
Trd, 000106.567, 158
Trd, 000106.667, 158
Trd, 000107.633, 157
Trd, 000107.750, 142
Trd, 000108.217, 158
Trd, 000109.467, 159
Trd, 000109.717, 158
Trd, 000110.117, 162
Trd, 000110.450, 161
Trd, 000111.550, 158
Trd, 000111.800, 177
Trd, 000112.017, 155
Trd, 000112.933, 160
Trd, 000113.567, 161
Trd, 000113.700, 163
Trd, 000113.750, 159
Trd, 000114.150, 179
Trd, 000114.283, 166
Trd, 000114.333, 154
Trd, 000115.600, 154
Trd, 000115.633, 167
Trd, 000116.117, 167
Trd, 000118.800, 164
Trd, 000118.900, 165
Trd, 000119.300, 164
Trd, 000119.583, 158
Trd, 000120.767, 163
Trd, 000120.850, 160
Trd, 000120.917, 159
Trd, 000121.050, 164
Trd, 000121.133, 174
Trd, 000121.817, 178
Trd, 000122.017, 162
Trd, 000122.050, 161
Trd, 000122.133, 180
Trd, 000122.850, 182
Trd, 000123.150, 165
Trd, 000123.350, 184
Trd, 000123.683, 187
Trd, 000124.050, 186
Trd, 000125.283, 320.0
Trd, 000125.550, 324.0
Trd, 000125.600, 325
Trd, 000125.683, 319
Trd, 000125.783, 334
Trd, 000126.433, 331.0
Trd, 000127.367, 331.0
Trd, 000128.217, 325
Trd, 000129.117, 357
Trd, 000129.583, 345
Trd, 000130.017, 344
Trd, 000130.200, 361.0
Trd, 000130.817, 354
Trd, 000131.033, 362.0
Trd, 000132.250, 358
Trd, 000132.550, 352
Trd, 000132.583, 360
Trd, 000133.150, 352
Trd, 000133.183, 350
Trd, 000133.450, 360
Trd, 000134.783, 362.0
Trd, 000135.400, 356
Trd, 000135.483, 354
Trd, 000136.600, 358
Trd, 000137.050, 361
Trd, 000137.483, 361
Trd, 000137.767, 360
Trd, 000138.050, 365.0
Trd, 000139.100, 364.0
Trd, 000139.350, 365
Trd, 000139.383, 361
Trd, 000139.717, 358.0
Trd, 000141.000, 355.0
Trd, 000141.600, 361
Trd, 000142.733, 353
Trd, 000143.183, 343
Trd, 000143.883, 358
Trd, 000144.150, 331.0
Trd, 000145.417, 341
Trd, 000145.500, 344
Trd, 000145.533, 344
Trd, 000146.817, 346
Trd, 000147.100, 344
Trd, 000147.733, 345
Trd, 000147.833, 346
Trd, 000148.933, 347
Trd, 000149.433, 348
Trd, 000150.117, 350
Trd, 000150.200, 349
Trd, 000150.267, 349
Trd, 000150.583, 350
Trd, 000150.767, 349
Trd, 000150.783, 343
Trd, 000151.883, 351
Trd, 000152.100, 345
Trd, 000152.167, 346
Trd, 000152.750, 362.0
Trd, 000153.767, 353
Trd, 000153.867, 346
Trd, 000154.533, 345
Trd, 000155.467, 353
Trd, 000155.867, 348
Trd, 000157.500, 352
Trd, 000157.817, 350
Trd, 000159.083, 350
Trd, 000159.467, 349
Trd, 000159.933, 350
Trd, 000160.383, 351
Trd, 000160.417, 350
Trd, 000160.700, 352
Trd, 000161.017, 348
Trd, 000161.317, 347
Trd, 000161.550, 343
Trd, 000161.767, 344
Trd, 000161.800, 352
Trd, 000162.283, 342
Trd, 000162.483, 345
Trd, 000163.200, 351
Trd, 000163.367, 353
Trd, 000163.950, 345
Trd, 000164.700, 351
Trd, 000164.750, 352
Trd, 000167.150, 351
Trd, 000167.350, 350
Trd, 000167.367, 349
Trd, 000167.900, 352
Trd, 000168.250, 365.0
Trd, 000168.667, 353
Trd, 000169.917, 355
Trd, 000170.217, 356
Trd, 000170.233, 355.0
Trd, 000170.550, 356
Trd, 000170.617, 353
Trd, 000171.050, 351
Trd, 000172.383, 352
Trd, 000173.683, 356
Trd, 000174.150, 355
Trd, 000174.183, 357
Trd, 000174.283, 364
Trd, 000174.367, 352
Trd, 000175.183, 359
Trd, 000175.567, 359
Trd, 000176.833, 349
Trd, 000177.183, 361
Trd, 000177.300, 352
Trd, 000177.633, 351
Trd, 000178.000, 352
Trd, 000178.017, 357
Trd, 000178.217, 361
Trd, 000178.833, 353
Trd, 000179.800, 366.0
Trd, 000180.200, 353
Trd, 000180.633, 352
Trd, 000180.833, 351
Trd, 000181.333, 350
Trd, 000181.550, 365
Trd, 000181.633, 344
Trd, 000182.117, 316
Trd, 000183.433, 292
Trd, 000183.600, 207
Trd, 000184.117, 211
Trd, 000184.400, 194
Trd, 000184.867, 191
Trd, 000184.900, 190
Trd, 000185.500, 206
Trd, 000185.717, 201
Trd, 000186.067, 200
Trd, 000186.117, 198
Trd, 000187.583, 184
Trd, 000188.683, 186
Trd, 000189.000, 183
Trd, 000190.017, 185
Trd, 000190.267, 185
Trd, 000190.967, 184
Trd, 000191.650, 181
Trd, 000191.700, 180
Trd, 000191.783, 177
Trd, 000191.933, 183
Trd, 000192.800, 177
Trd, 000193.583, 182
Trd, 000194.300, 177
Trd, 000195.267, 183
Trd, 000195.517, 178
Trd, 000196.283, 177
Trd, 000196.467, 177
Trd, 000196.517, 176
Trd, 000196.933, 177
Trd, 000197.100, 178
Trd, 000197.233, 178
Trd, 000197.333, 175
Trd, 000197.600, 177
Trd, 000197.700, 178
Trd, 000198.633, 187
Trd, 000198.700, 191
Trd, 000200.650, 179
Trd, 000201.317, 179
Trd, 000202.650, 179
Trd, 000202.783, 181
Trd, 000202.950, 180
Trd, 000203.350, 178
Trd, 000204.300, 179
Trd, 000204.350, 181
Trd, 000204.933, 181
Trd, 000205.000, 176
Trd, 000205.367, 175
Trd, 000205.750, 170
Trd, 000206.700, 172
Trd, 000207.350, 176
Trd, 000207.883, 175
Trd, 000208.233, 176
Trd, 000208.300, 174
Trd, 000209.433, 177
Trd, 000210.050, 175
Trd, 000210.183, 177
Trd, 000210.367, 177
Trd, 000210.600, 177
Trd, 000210.733, 183
Trd, 000210.817, 176
Trd, 000212.017, 176
Trd, 000212.083, 175
Trd, 000213.200, 173
Trd, 000213.283, 178
Trd, 000213.817, 174
Trd, 000213.917, 173
Trd, 000214.150, 178
Trd, 000214.483, 180
Trd, 000214.700, 173
Trd, 000216.117, 179
Trd, 000216.733, 179
Trd, 000218.417, 177
Trd, 000218.800, 176
Trd, 000219.283, 181
Trd, 000219.667, 177
Trd, 000220.500, 179
Trd, 000221.150, 178
Trd, 000221.683, 180
Trd, 000221.733, 184
Trd, 000222.550, 181
Trd, 000222.750, 180
Trd, 000223.417, 179
Trd, 000223.433, 182
Trd, 000223.783, 182
Trd, 000224.367, 180
Trd, 000224.983, 181
Trd, 000225.250, 181
Trd, 000225.317, 178
Trd, 000226.067, 177
Trd, 000226.783, 182
Trd, 000228.150, 179
Trd, 000228.717, 181
Trd, 000229.067, 182
Trd, 000229.300, 183
Trd, 000229.750, 183
Trd, 000229.767, 178
Trd, 000229.900, 173
Trd, 000230.217, 190
Trd, 000231.200, 169
Trd, 000231.767, 185
Trd, 000231.933, 184
Trd, 000233.133, 176
Trd, 000233.383, 177
Trd, 000234.050, 179
Trd, 000234.733, 178
Trd, 000235.733, 178
Trd, 000235.867, 179
Trd, 000236.400, 180
Trd, 000237.583, 175
Trd, 000237.650, 179
Trd, 000237.767, 180
Trd, 000237.867, 181
Trd, 000238.800, 177
Trd, 000238.983, 181
Trd, 000239.433, 181
Trd, 000240.050, 181
Trd, 000240.333, 181
Trd, 000240.917, 181
Trd, 000241.583, 179
Trd, 000241.700, 179
Trd, 000241.867, 181
Trd, 000242.400, 180
Trd, 000242.850, 181
Trd, 000243.333, 181
Trd, 000244.750, 179
Trd, 000245.100, 178
Trd, 000245.350, 180
Trd, 000245.450, 175
Trd, 000245.667, 181
Trd, 000246.283, 177
Trd, 000246.683, 179
Trd, 000246.983, 179
Trd, 000247.250, 182
Trd, 000247.983, 181
Trd, 000248.600, 177
Trd, 000248.633, 182
Trd, 000248.883, 179
Trd, 000249.233, 181
Trd, 000249.883, 178
Trd, 000250.417, 178
Trd, 000250.583, 175
Trd, 000250.650, 166
Trd, 000251.317, 178
Trd, 000251.450, 173
Trd, 000252.117, 177
Trd, 000252.967, 177
Trd, 000253.250, 176
Trd, 000253.350, 175
Trd, 000253.750, 174
Trd, 000253.833, 172
Trd, 000254.183, 177
Trd, 000254.367, 172
Trd, 000254.600, 171
Trd, 000255.267, 177
Trd, 000255.817, 177
Trd, 000256.333, 174
Trd, 000256.467, 174
Trd, 000256.950, 176
Trd, 000256.983, 174
Trd, 000257.000, 173
Trd, 000257.367, 173
Trd, 000257.800, 174
Trd, 000257.900, 173
Trd, 000258.983, 176
Trd, 000259.217, 175
Trd, 000259.400, 172
Trd, 000259.717, 171
Trd, 000261.417, 176
Trd, 000261.550, 174
Trd, 000262.533, 177
Trd, 000262.883, 175
Trd, 000262.917, 174
Trd, 000263.150, 175
Trd, 000263.900, 173
Trd, 000264.383, 174
Trd, 000264.850, 168
Trd, 000264.950, 177
Trd, 000265.317, 176
Trd, 000265.433, 167
Trd, 000265.917, 173
Trd, 000266.267, 170
Trd, 000266.283, 172
Trd, 000266.517, 172
Trd, 000267.683, 172
Trd, 000267.817, 173
Trd, 000268.200, 174
Trd, 000268.400, 174
Trd, 000269.650, 174
Trd, 000270.217, 172
Trd, 000270.317, 171
Trd, 000270.367, 170
Trd, 000270.500, 173
Trd, 000270.617, 175
Trd, 000270.817, 178
Trd, 000271.000, 174
Trd, 000272.267, 174
Trd, 000272.533, 175
Trd, 000273.300, 173
Trd, 000273.383, 185
Trd, 000273.933, 174
Trd, 000274.067, 173
Trd, 000274.650, 173
Trd, 000275.100, 174
Trd, 000275.433, 171
Trd, 000275.533, 175
Trd, 000275.583, 176
Trd, 000276.450, 176
Trd, 000277.350, 176
Trd, 000277.517, 176
Trd, 000278.333, 175
Trd, 000278.350, 174
Trd, 000278.367, 177
Trd, 000278.417, 185
Trd, 000278.600, 189
Trd, 000278.617, 173
Trd, 000280.367, 179
Trd, 000280.583, 181
Trd, 000280.867, 182
Trd, 000281.183, 183
Trd, 000281.317, 181
Trd, 000281.583, 181
Trd, 000282.283, 179
Trd, 000283.150, 181
Trd, 000283.450, 182
Trd, 000283.667, 181
Trd, 000284.700, 180
Trd, 000284.717, 179
Trd, 000284.883, 184
Trd, 000285.067, 179
Trd, 000286.133, 181
Trd, 000286.317, 181
Trd, 000286.800, 184
Trd, 000287.217, 187
Trd, 000287.383, 181
Trd, 000287.633, 186
Trd, 000288.967, 182
Trd, 000289.433, 180
Trd, 000289.650, 178
Trd, 000289.817, 189
Trd, 000290.067, 177
Trd, 000290.233, 172
Trd, 000290.750, 185
Trd, 000292.467, 184
Trd, 000292.533, 185
Trd, 000292.550, 185
Trd, 000292.933, 185
Trd, 000293.117, 185
Trd, 000293.167, 183
Trd, 000293.767, 182
Trd, 000294.100, 186
Trd, 000294.817, 183
Trd, 000295.050, 186
Trd, 000295.550, 183
Trd, 000295.683, 187
Trd, 000296.050, 187
Trd, 000296.800, 188
Trd, 000297.117, 191
Trd, 000297.250, 185
Trd, 000297.300, 179
Trd, 000297.617, 180
Trd, 000297.967, 179
Trd, 000298.367, 163
Trd, 000299.383, 173
Trd, 000299.533, 173
