Trd, 000001.767, 158
Trd, 000002.767, 129
Trd, 000003.250, 137
Trd, 000003.400, 161
Trd, 000004.033, 159
Trd, 000004.133, 141
Trd, 000004.833, 146
Trd, 000006.067, 147
Trd, 000006.233, 145
Trd, 000006.583, 146
Trd, 000006.633, 145
Trd, 000006.800, 148
Trd, 000006.933, 158
Trd, 000007.183, 138
Trd, 000007.850, 143
Trd, 000008.633, 162
Trd, 000009.050, 145
Trd, 000009.633, 148
Trd, 000010.133, 149
Trd, 000010.200, 147
Trd, 000010.317, 150
Trd, 000010.717, 142
Trd, 000012.317, 148
Trd, 000012.817, 147
Trd, 000013.300, 149
Trd, 000013.650, 148
Trd, 000013.700, 149
Trd, 000014.450, 146
Trd, 000014.533, 145
Trd, 000015.000, 148
Trd, 000016.317, 149
Trd, 000016.950, 145
Trd, 000017.117, 143
Trd, 000017.183, 149
Trd, 000018.517, 145
Trd, 000018.817, 146
Trd, 000019.500, 148
Trd, 000019.833, 149
Trd, 000020.483, 149
Trd, 000021.183, 149
Trd, 000021.867, 157
Trd, 000023.450, 149
Trd, 000023.467, 145
Trd, 000023.650, 143
Trd, 000023.783, 143
Trd, 000024.300, 142
Trd, 000024.517, 150
Trd, 000024.850, 142
Trd, 000025.000, 157
Trd, 000025.800, 142
Trd, 000026.017, 157
Trd, 000027.917, 148
Trd, 000028.050, 144
Trd, 000028.317, 157
Trd, 000028.483, 141
Trd, 000029.883, 150
Trd, 000030.517, 151
Trd, 000030.550, 150
Trd, 000031.133, 158
Trd, 000031.433, 161
Trd, 000031.983, 149
Trd, 000032.017, 164
Trd, 000032.233, 165
Trd, 000032.483, 151
Trd, 000032.800, 161
Trd, 000034.200, 153
Trd, 000034.683, 144
Trd, 000034.917, 140
Trd, 000035.600, 149
Trd, 000035.733, 154
Trd, 000035.983, 156
Trd, 000036.133, 143
Trd, 000036.800, 164
Trd, 000036.817, 165
Trd, 000037.700, 153
Trd, 000037.867, 162
Trd, 000038.800, 156
Trd, 000039.250, 159
Trd, 000039.417, 157
Trd, 000040.317, 154
Trd, 000040.600, 157
Trd, 000041.633, 163
Trd, 000042.283, 161
Trd, 000042.800, 161
Trd, 000043.367, 162
Trd, 000043.483, 159
Trd, 000044.383, 161
Trd, 000045.017, 166
Trd, 000045.617, 154
Trd, 000045.817, 169
Trd, 000046.167, 156
Trd, 000046.217, 138
Trd, 000046.333, 162
Trd, 000046.733, 142
Trd, 000048.267, 157
Trd, 000049.400, 157
Trd, 000049.583, 156
Trd, 000049.883, 152
Trd, 000050.000, 147
Trd, 000050.067, 146
Trd, 000050.733, 158
Trd, 000052.033, 160
Trd, 000052.433, 156
Trd, 000052.483, 155
Trd, 000053.067, 156
Trd, 000053.733, 157
Trd, 000053.933, 155
Trd, 000054.383, 153
Trd, 000054.533, 146
Trd, 000054.567, 163
Trd, 000054.883, 142
Trd, 000056.100, 142
Trd, 000056.383, 155
Trd, 000056.650, 139
Trd, 000057.367, 156
Trd, 000057.550, 161
Trd, 000057.850, 152
Trd, 000058.200, 153
Trd, 000058.767, 153
Trd, 000058.800, 154
Trd, 000059.850, 164
Trd, 000060.067, 155
Trd, 000061.183, 154
Trd, 000061.817, 157
Trd, 000061.950, 164
Trd, 000062.733, 164
Trd, 000062.967, 160
Trd, 000063.233, 159
Trd, 000063.900, 158
Trd, 000064.083, 154
Trd, 000064.383, 147
Trd, 000064.467, 164
Trd, 000065.750, 157
Trd, 000066.017, 153
Trd, 000067.767, 154
Trd, 000068.150, 152
Trd, 000068.417, 155
Trd, 000068.950, 151
Trd, 000069.667, 149
Trd, 000070.333, 160
Trd, 000070.783, 153
Trd, 000071.550, 154
Trd, 000071.667, 156
Trd, 000073.017, 155
Trd, 000073.233, 154
Trd, 000073.700, 162
Trd, 000074.017, 148
Trd, 000074.600, 150
Trd, 000075.167, 157
Trd, 000075.817, 162
Trd, 000076.050, 156
Trd, 000076.200, 156
Trd, 000076.383, 154
Trd, 000076.850, 167
Trd, 000077.483, 145
Trd, 000077.817, 151
Trd, 000077.850, 144
Trd, 000078.717, 147
Trd, 000079.233, 149
Trd, 000079.467, 149
Trd, 000079.567, 163
Trd, 000080.117, 166
Trd, 000080.900, 164
Trd, 000081.317, 146
Trd, 000082.067, 146
Trd, 000082.650, 158
Trd, 000083.250, 150
Trd, 000083.767, 162
Trd, 000084.283, 156
Trd, 000085.500, 155
Trd, 000085.717, 156
Trd, 000086.083, 155
Trd, 000086.217, 151
Trd, 000087.200, 152
Trd, 000087.250, 152
Trd, 000088.317, 158
Trd, 000088.717, 154
Trd, 000089.333, 158
Trd, 000090.067, 161
Trd, 000090.317, 164
Trd, 000090.350, 160
Trd, 000090.650, 161
Trd, 000091.617, 161
Trd, 000091.717, 161
Trd, 000092.833, 164
Trd, 000093.700, 160
Trd, 000093.817, 163
Trd, 000093.883, 159
Trd, 000094.367, 151
Trd, 000094.767, 164
Trd, 000095.567, 160
Trd, 000095.967, 158
Trd, 000096.817, 159
Trd, 000097.117, 163
Trd, 000097.683, 159
Trd, 000098.283, 158
Trd, 000098.333, 163
Trd, 000099.150, 165
Trd, 000099.950, 155
Trd, 000100.117, 169
Trd, 000100.417, 156
Trd, 000100.700, 152
Trd, 000101.583, 153
Trd, 000101.833, 168
Trd, 000102.067, 152
Trd, 000104.133, 154
Trd, 000104.200, 152
Trd, 000104.817, 151
Trd, 000105.683, 154
Trd, 000106.117, 157
Trd, 000106.717, 153
Trd, 000107.083, 157
Trd, 000107.367, 154
Trd, 000107.467, 153
Trd, 000108.400, 155
Trd, 000109.217, 155
Trd, 000109.633, 154
Trd, 000110.883, 155
Trd, 000110.967, 153
Trd, 000111.567, 157
Trd, 000112.200, 152
Trd, 000112.683, 159
Trd, 000112.833, 148
Trd, 000113.100, 167
Trd, 000115.083, 160
Trd, 000115.500, 161
Trd, 000115.683, 155
Trd, 000116.033, 155
Trd, 000116.100, 165
Trd, 000116.350, 166
Trd, 000117.050, 164
Trd, 000119.017, 166
Trd, 000119.033, 164
Trd, 000119.117, 161
Trd, 000119.400, 167
Trd, 000119.450, 149
Trd, 000120.333, 157
Trd, 000120.450, 153
Trd, 000120.467, 151
Trd, 000121.183, 166
Trd, 000121.433, 160
Trd, 000121.517, 167
Trd, 000121.933, 170
Trd, 000122.250, 174
Trd, 000122.950, 184
Trd, 000123.100, 184
Trd, 000123.267, 197
Trd, 000123.283, 209
Trd, 000123.667, 300.0
Trd, 000124.350, 291
Trd, 000125.983, 317.0
Trd, 000126.867, 324
Trd, 000127.583, 317
Trd, 000128.183, 330.0
Trd, 000128.250, 316
Trd, 000128.800, 331.0
Trd, 000129.983, 341
Trd, 000130.167, 342
Trd, 000130.500, 338
Trd, 000130.650, 338.0
Trd, 000130.750, 337.0
Trd, 000131.033, 345
Trd, 000131.533, 335
Trd, 000133.083, 344
Trd, 000133.217, 355
Trd, 000133.783, 348
Trd, 000133.867, 346
Trd, 000134.450, 346
Trd, 000135.017, 345
Trd, 000136.317, 343.0
Trd, 000136.450, 345
Trd, 000136.500, 341.0
Trd, 000136.717, 337.0
Trd, 000136.950, 345
Trd, 000137.183, 334.0
Trd, 000137.250, 346
Trd, 000137.900, 340
Trd, 000138.383, 342
Trd, 000139.233, 342
Trd, 000139.633, 339.0
Trd, 000140.883, 343
Trd, 000141.000, 342.0
Trd, 000141.600, 337.0
Trd, 000141.617, 337
Trd, 000142.833, 338
Trd, 000143.083, 336
Trd, 000144.617, 339
Trd, 000145.033, 339
Trd, 000145.250, 340.0
Trd, 000145.583, 338
Trd, 000145.867, 341.0
Trd, 000146.400, 345
Trd, 000148.250, 342.0
Trd, 000148.267, 343.0
Trd, 000148.300, 341.0
Trd, 000148.717, 341
Trd, 000148.767, 337.0
Trd, 000149.067, 334.0
Trd, 000149.117, 315
Trd, 000149.617, 307
Trd, 000151.650, 341.0
Trd, 000152.033, 339.0
Trd, 000152.217, 341
Trd, 000152.800, 344
Trd, 000153.417, 340
Trd, 000153.533, 338
Trd, 000155.283, 338.0
Trd, 000155.517, 342
Trd, 000156.017, 338.0
Trd, 000156.317, 337.0
Trd, 000156.433, 334.0
Trd, 000158.200, 344.0
Trd, 000158.350, 342.0
Trd, 000158.550, 341.0
Trd, 000159.567, 341
Trd, 000160.967, 338
Trd, 000161.150, 338.0
Trd, 000161.167, 341
Trd, 000161.467, 344
Trd, 000162.000, 337.0
Trd, 000162.817, 340
Trd, 000163.667, 338
Trd, 000163.950, 336
Trd, 000165.217, 343
Trd, 000165.917, 341.0
Trd, 000166.117, 338.0
Trd, 000167.117, 337.0
Trd, 000168.417, 335.0
Trd, 000168.783, 335
Trd, 000168.867, 334.0
Trd, 000168.933, 341.0
Trd, 000169.217, 327.0
Trd, 000170.583, 321
Trd, 000171.200, 342
Trd, 000171.733, 342.0
Trd, 000171.967, 341.0
Trd, 000172.383, 341
Trd, 000172.467, 344
Trd, 000173.000, 340
Trd, 000173.167, 337
Trd, 000173.433, 348.0
Trd, 000174.033, 334.0
Trd, 000175.250, 354
Trd, 000175.933, 354
Trd, 000177.617, 355
Trd, 000177.950, 348
Trd, 000178.483, 344
Trd, 000178.717, 353
Trd, 000180.067, 345.0
Trd, 000180.283, 350
Trd, 000181.100, 345
Trd, 000181.350, 346
Trd, 000181.700, 346.0
Trd, 000182.667, 345
Trd, 000182.683, 341.0
Trd, 000182.717, 337.0
Trd, 000182.867, 327.0
Trd, 000183.067, 316
Trd, 000183.900, 303.0
Trd, 000184.567, 272
Trd, 000184.617, 213
Trd, 000185.050, 217
Trd, 000185.367, 177
Trd, 000185.550, 173
Trd, 000186.567, 175
Trd, 000186.750, 174
Trd, 000187.250, 174
Trd, 000187.817, 163
Trd, 000188.033, 171
Trd, 000188.283, 160
Trd, 000188.867, 159
Trd, 000189.067, 156
Trd, 000189.533, 159
Trd, 000189.567, 175
Trd, 000189.750, 177
Trd, 000190.683, 177
Trd, 000191.700, 174
Trd, 000192.617, 175
Trd, 000192.950, 174
Trd, 000193.200, 174
Trd, 000193.617, 174
Trd, 000193.883, 160
Trd, 000193.950, 153
Trd, 000195.633, 163
Trd, 000195.800, 162
Trd, 000195.983, 177
Trd, 000197.033, 162
Trd, 000197.700, 168
Trd, 000197.950, 171
Trd, 000198.000, 174
Trd, 000199.233, 163
Trd, 000199.900, 167
Trd, 000200.083, 168
Trd, 000200.717, 164
Trd, 000200.783, 173
Trd, 000201.317, 167
Trd, 000201.567, 166
Trd, 000201.650, 172
Trd, 000202.850, 175
Trd, 000203.650, 171
Trd, 000204.633, 174
Trd, 000205.183, 173
Trd, 000205.633, 169
Trd, 000205.950, 169
Trd, 000206.150, 168
Trd, 000206.383, 174
Trd, 000206.450, 161
Trd, 000206.933, 166
Trd, 000207.133, 157
Trd, 000207.800, 175
Trd, 000207.883, 163
Trd, 000208.317, 174
Trd, 000208.983, 166
Trd, 000209.900, 170
Trd, 000210.617, 170
Trd, 000210.900, 174
Trd, 000211.117, 168
Trd, 000211.700, 162
Trd, 000211.767, 172
Trd, 000212.233, 168
Trd, 000214.767, 162
Trd, 000215.250, 169
Trd, 000216.167, 175
Trd, 000216.450, 174
Trd, 000216.583, 170
Trd, 000216.650, 168
Trd, 000216.783, 176
Trd, 000216.883, 168
Trd, 000217.183, 168
Trd, 000217.367, 170
Trd, 000218.783, 174
Trd, 000218.817, 173
Trd, 000220.867, 174
Trd, 000220.900, 173
Trd, 000221.217, 177
Trd, 000221.717, 172
Trd, 000223.133, 170
Trd, 000223.817, 171
Trd, 000223.833, 170
Trd, 000224.933, 173
Trd, 000225.917, 173
Trd, 000226.017, 171
Trd, 000226.267, 172
Trd, 000226.333, 173
Trd, 000226.417, 171
Trd, 000227.000, 165
Trd, 000228.683, 176
Trd, 000229.033, 169
Trd, 000230.283, 178
Trd, 000230.600, 168
Trd, 000231.700, 178
Trd, 000231.750, 168
Trd, 000231.817, 160
Trd, 000232.167, 157
Trd, 000232.183, 175
Trd, 000233.483, 167
Trd, 000234.283, 166
Trd, 000234.650, 168
Trd, 000234.917, 165
Trd, 000235.400, 170
Trd, 000236.683, 172
Trd, 000238.350, 182
Trd, 000238.467, 172
Trd, 000238.567, 172
Trd, 000238.833, 174
Trd, 000239.750, 185
Trd, 000239.867, 175
Trd, 000239.900, 175
Trd, 000240.333, 182
Trd, 000241.800, 178
Trd, 000242.117, 173
Trd, 000242.617, 175
Trd, 000242.650, 176
Trd, 000242.700, 173
Trd, 000242.750, 169
Trd, 000243.383, 169
Trd, 000243.950, 171
Trd, 000244.183, 168
Trd, 000244.450, 171
Trd, 000244.567, 165
Trd, 000244.967, 164
Trd, 000246.833, 170
Trd, 000246.933, 171
Trd, 000247.250, 172
Trd, 000247.567, 175
Trd, 000247.850, 177
Trd, 000249.033, 176
Trd, 000249.300, 175
Trd, 000249.367, 173
Trd, 000249.567, 172
Trd, 000250.150, 172
Trd, 000250.283, 168
Trd, 000250.350, 166
Trd, 000251.067, 175
Trd, 000251.333, 164
Trd, 000251.767, 165
Trd, 000252.300, 173
Trd, 000252.833, 176
Trd, 000253.900, 178
Trd, 000254.217, 176
Trd, 000254.283, 176
Trd, 000254.483, 177
Trd, 000254.850, 174
Trd, 000255.033, 181
Trd, 000255.050, 174
Trd, 000256.050, 174
Trd, 000257.017, 174
Trd, 000257.450, 175
Trd, 000257.750, 176
Trd, 000257.900, 175
Trd, 000258.217, 183
Trd, 000259.017, 180
Trd, 000259.350, 182
Trd, 000259.933, 181
Trd, 000260.417, 181
Trd, 000260.667, 183
Trd, 000260.850, 182
Trd, 000261.200, 181
Trd, 000261.967, 177
Trd, 000262.100, 176
Trd, 000262.833, 181
Trd, 000263.217, 183
Trd, 000263.250, 179
Trd, 000263.633, 177
Trd, 000264.000, 176
Trd, 000264.033, 183
Trd, 000264.250, 176
Trd, 000264.617, 184
Trd, 000264.983, 188
Trd, 000265.350, 185
Trd, 000265.550, 184
Trd, 000265.617, 183
Trd, 000266.117, 174
Trd, 000266.700, 170
Trd, 000267.083, 171
Trd, 000267.850, 175
Trd, 000268.500, 178
Trd, 000269.900, 177
Trd, 000270.233, 178
Trd, 000270.283, 177
Trd, 000270.983, 178
Trd, 000271.467, 182
Trd, 000271.650, 174
Trd, 000271.967, 169
Trd, 000272.217, 174
Trd, 000272.883, 172
Trd, 000272.983, 168
Trd, 000273.150, 180
Trd, 000273.467, 175
Trd, 000274.583, 178
Trd, 000276.333, 177
Trd, 000276.800, 176
Trd, 000277.000, 178
Trd, 000277.017, 176
Trd, 000277.600, 175
Trd, 000277.817, 178
Trd, 000278.133, 174
Trd, 000278.600, 178
Trd, 000278.800, 183
Trd, 000278.917, 173
Trd, 000279.050, 171
Trd, 000279.767, 185
Trd, 000279.800, 173
Trd, 000279.833, 164
Trd, 000279.983, 176
Trd, 000280.133, 170
Trd, 000280.367, 178
Trd, 000281.283, 190
Trd, 000281.867, 179
Trd, 000282.300, 179
Trd, 000282.350, 178
Trd, 000282.467, 181
Trd, 000282.550, 182
Trd, 000283.083, 186
Trd, 000283.933, 178
Trd, 000284.067, 177
Trd, 000284.583, 172
Trd, 000285.250, 177
Trd, 000285.967, 179
Trd, 000286.150, 180
Trd, 000286.467, 177
Trd, 000286.900, 177
Trd, 000287.250, 176
Trd, 000287.400, 179
Trd, 000287.533, 174
Trd, 000287.733, 180
Trd, 000288.433, 179
Trd, 000289.333, 176
Trd, 000289.383, 177
Trd, 000289.650, 178
Trd, 000290.433, 175
Trd, 000290.717, 180
Trd, 000290.750, 180
Trd, 000292.133, 184
Trd, 000292.450, 180
Trd, 000293.017, 186
Trd, 000294.283, 180
Trd, 000294.483, 187
Trd, 000294.617, 179
Trd, 000294.767, 177
Trd, 000295.267, 177
Trd, 000295.400, 168
Trd, 000295.483, 185
Trd, 000296.000, 171
Trd, 000296.100, 167
Trd, 000296.167, 181
Trd, 000296.483, 173
Trd, 000297.167, 190
Trd, 000297.450, 189
Trd, 000298.667, 182
Trd, 000298.833, 182
Trd, 000299.317, 192
