Trd, 000000.817, 193
Trd, 000003.083, 168
Trd, 000003.850, 163
Trd, 000004.450, 146
Trd, 000004.650, 144
Trd, 000005.050, 144
Trd, 000005.150, 143
Trd, 000005.800, 143
Trd, 000005.833, 144
Trd, 000006.550, 148
Trd, 000007.067, 139
Trd, 000007.700, 144
Trd, 000007.900, 147
Trd, 000008.367, 139
Trd, 000008.467, 140
Trd, 000008.983, 155
Trd, 000009.233, 140
Trd, 000009.283, 137
Trd, 000010.633, 150
Trd, 000010.833, 142
Trd, 000010.917, 141
Trd, 000011.150, 150
Trd, 000013.133, 144
Trd, 000013.783, 143
Trd, 000013.917, 143
Trd, 000014.217, 143
Trd, 000014.450, 142
Trd, 000014.783, 135
Trd, 000014.850, 143
Trd, 000014.867, 144
Trd, 000015.400, 156
Trd, 000015.950, 149
Trd, 000016.983, 152
Trd, 000017.183, 144
Trd, 000018.500, 150
Trd, 000018.983, 151
Trd, 000019.100, 150
Trd, 000019.433, 148
Trd, 000020.717, 147
Trd, 000021.533, 147
Trd, 000021.567, 148
Trd, 000021.933, 147
Trd, 000022.117, 150
Trd, 000022.567, 149
Trd, 000023.233, 150
Trd, 000023.667, 146
Trd, 000024.667, 148
Trd, 000025.550, 147
Trd, 000025.600, 149
Trd, 000026.233, 150
Trd, 000026.617, 148
Trd, 000026.800, 150
Trd, 000028.400, 149
Trd, 000028.717, 147
Trd, 000028.967, 152
Trd, 000029.150, 148
Trd, 000029.700, 156
Trd, 000030.200, 154
Trd, 000031.217, 150
Trd, 000031.383, 140
Trd, 000031.500, 154
Trd, 000032.250, 147
Trd, 000032.317, 147
Trd, 000033.000, 148
Trd, 000034.067, 152
Trd, 000034.633, 152
Trd, 000035.000, 151
Trd, 000035.033, 147
Trd, 000035.500, 152
Trd, 000035.800, 139
Trd, 000036.267, 151
Trd, 000037.250, 146
Trd, 000037.367, 146
Trd, 000037.767, 146
Trd, 000038.533, 146
Trd, 000039.783, 153
Trd, 000040.433, 147
Trd, 000041.383, 149
Trd, 000041.500, 148
Trd, 000041.600, 147
Trd, 000041.650, 148
Trd, 000041.917, 150
Trd, 000042.017, 152
Trd, 000042.450, 140
Trd, 000043.100, 144
Trd, 000043.233, 150
Trd, 000043.267, 144
Trd, 000044.033, 139
Trd, 000044.167, 149
Trd, 000044.817, 148
Trd, 000046.883, 150
Trd, 000047.800, 159
Trd, 000048.283, 159
Trd, 000049.017, 157
Trd, 000049.133, 156
Trd, 000049.750, 158
Trd, 000050.483, 156
Trd, 000051.533, 158
Trd, 000051.750, 155
Trd, 000052.183, 156
Trd, 000052.833, 156
Trd, 000054.283, 156
Trd, 000055.050, 155
Trd, 000055.400, 153
Trd, 000055.567, 154
Trd, 000055.917, 154
Trd, 000056.433, 154
Trd, 000056.700, 153
Trd, 000057.883, 152
Trd, 000058.683, 151
Trd, 000058.783, 151
Trd, 000059.333, 147
Trd, 000059.717, 144
Trd, 000059.833, 143
Trd, 000060.083, 152
Trd, 000060.100, 152
Trd, 000060.283, 142
Trd, 000060.467, 154
Trd, 000060.750, 161
Trd, 000062.883, 149
Trd, 000063.517, 152
Trd, 000063.900, 150
Trd, 000064.267, 152
Trd, 000065.100, 152
Trd, 000065.217, 150
Trd, 000065.517, 151
Trd, 000065.917, 150
Trd, 000066.333, 151
Trd, 000066.517, 149
Trd, 000067.150, 151
Trd, 000067.467, 149
Trd, 000068.317, 152
Trd, 000069.200, 153
Trd, 000069.600, 153
Trd, 000069.700, 151
Trd, 000069.917, 155
Trd, 000070.067, 175
Trd, 000071.033, 155
Trd, 000071.317, 161
Trd, 000072.567, 158
Trd, 000072.750, 157
Trd, 000072.917, 158
Trd, 000073.000, 160
Trd, 000073.050, 162
Trd, 000074.117, 157
Trd, 000074.267, 156
Trd, 000074.900, 157
Trd, 000075.350, 156
Trd, 000076.583, 155
Trd, 000076.817, 151
Trd, 000077.300, 144
Trd, 000077.483, 142
Trd, 000077.717, 155
Trd, 000078.633, 150
Trd, 000078.917, 149
Trd, 000079.033, 149
Trd, 000079.200, 147
Trd, 000080.217, 152
Trd, 000080.683, 152
Trd, 000081.067, 151
Trd, 000081.250, 152
Trd, 000081.367, 146
Trd, 000082.350, 146
Trd, 000082.800, 156
Trd, 000083.117, 164
Trd, 000083.667, 154
Trd, 000084.650, 146
Trd, 000084.917, 154
Trd, 000085.000, 156
Trd, 000085.967, 151
Trd, 000086.400, 147
Trd, 000087.750, 150
Trd, 000088.133, 154
Trd, 000088.150, 155
Trd, 000089.350, 155
Trd, 000089.500, 156
Trd, 000089.517, 151
Trd, 000089.600, 157
Trd, 000089.700, 150
Trd, 000090.150, 162
Trd, 000090.617, 164
Trd, 000090.667, 177
Trd, 000091.117, 160
Trd, 000091.183, 158
Trd, 000092.133, 161
Trd, 000092.200, 170
Trd, 000092.867, 157
Trd, 000093.217, 155
Trd, 000094.317, 157
Trd, 000094.667, 157
Trd, 000095.733, 159
Trd, 000095.783, 157
Trd, 000096.950, 156
Trd, 000097.100, 156
Trd, 000097.583, 159
Trd, 000097.767, 156
Trd, 000098.067, 153
Trd, 000099.800, 154
Trd, 000099.917, 158
Trd, 000100.333, 149
Trd, 000100.550, 156
Trd, 000101.150, 155
Trd, 000101.167, 155
Trd, 000101.250, 150
Trd, 000102.867, 155
Trd, 000103.100, 156
Trd, 000103.467, 154
Trd, 000104.367, 158
Trd, 000104.383, 156
Trd, 000105.267, 153
Trd, 000105.633, 154
Trd, 000106.583, 154
Trd, 000106.767, 155
Trd, 000106.883, 156
Trd, 000107.300, 156
Trd, 000107.383, 157
Trd, 000108.083, 156
Trd, 000108.550, 154
Trd, 000108.667, 147
Trd, 000108.733, 145
Trd, 000109.317, 131
Trd, 000109.817, 153
Trd, 000110.683, 140
Trd, 000111.217, 144
Trd, 000111.783, 152
Trd, 000112.067, 144
Trd, 000112.267, 159
Trd, 000112.367, 166
Trd, 000113.133, 158
Trd, 000113.517, 157
Trd, 000113.950, 157
Trd, 000113.983, 159
Trd, 000114.833, 155
Trd, 000115.733, 156
Trd, 000115.900, 156
Trd, 000116.550, 157
Trd, 000117.300, 155
Trd, 000117.700, 148
Trd, 000118.800, 155
Trd, 000119.350, 152
Trd, 000119.650, 154
Trd, 000119.900, 154
Trd, 000120.283, 155
Trd, 000120.967, 160
Trd, 000121.017, 167
Trd, 000121.500, 181
Trd, 000121.867, 184
Trd, 000122.150, 268
Trd, 000122.183, 164
Trd, 000122.883, 320.0
Trd, 000123.317, 341.0
Trd, 000124.733, 316
Trd, 000125.050, 322
Trd, 000125.200, 334.0
Trd, 000125.850, 317.0
Trd, 000126.450, 303.0
Trd, 000127.050, 306.0
Trd, 000127.783, 316
Trd, 000128.083, 320.0
Trd, 000128.217, 327
Trd, 000128.533, 334.0
Trd, 000128.583, 320.0
Trd, 000128.883, 341.0
Trd, 000130.800, 328
Trd, 000131.083, 336
Trd, 000131.383, 348.0
Trd, 000131.800, 338
Trd, 000132.400, 339
Trd, 000133.517, 340
Trd, 000133.650, 339
Trd, 000134.100, 340
Trd, 000134.450, 338
Trd, 000134.650, 339
Trd, 000135.017, 344
Trd, 000136.017, 338
Trd, 000136.150, 338
Trd, 000136.550, 334.0
Trd, 000136.700, 332
Trd, 000137.200, 346
Trd, 000137.800, 320.0
Trd, 000138.867, 347
Trd, 000140.683, 340
Trd, 000141.467, 341
Trd, 000141.633, 340.0
Trd, 000142.117, 343
Trd, 000142.283, 339
Trd, 000142.533, 335.0
Trd, 000142.583, 334.0
Trd, 000143.217, 343
Trd, 000144.383, 336
Trd, 000145.700, 343
Trd, 000146.783, 341
Trd, 000146.933, 339
Trd, 000147.117, 334
Trd, 000147.183, 342
Trd, 000148.500, 337.0
Trd, 000149.817, 341
Trd, 000149.850, 342
Trd, 000150.567, 346
Trd, 000151.617, 342
Trd, 000152.200, 346
Trd, 000152.217, 345
Trd, 000153.400, 345
Trd, 000153.900, 345
Trd, 000154.100, 336
Trd, 000154.933, 339
Trd, 000154.950, 344
Trd, 000155.100, 339
Trd, 000155.617, 340
Trd, 000156.083, 344
Trd, 000156.300, 343
Trd, 000156.683, 345
Trd, 000158.133, 345
Trd, 000158.267, 350
Trd, 000159.100, 348
Trd, 000159.117, 345
Trd, 000161.550, 349
Trd, 000161.750, 348.0
Trd, 000161.817, 349
Trd, 000162.933, 350.0
Trd, 000163.283, 347
Trd, 000163.367, 350.0
Trd, 000163.600, 346
Trd, 000163.983, 348
Trd, 000164.000, 346.0
Trd, 000164.500, 344.0
Trd, 000165.917, 344
Trd, 000166.817, 342
Trd, 000167.700, 341
Trd, 000167.733, 339
Trd, 000168.883, 337
Trd, 000169.000, 341
Trd, 000169.600, 338
Trd, 000170.333, 345
Trd, 000170.400, 337
Trd, 000170.600, 345
Trd, 000171.000, 348
Trd, 000171.150, 348.0
Trd, 000171.733, 342
Trd, 000172.967, 348
Trd, 000173.050, 345
Trd, 000173.083, 349
Trd, 000174.167, 345
Trd, 000174.617, 345
Trd, 000175.067, 345
Trd, 000175.417, 346
Trd, 000176.017, 345
Trd, 000176.450, 342
Trd, 000177.383, 340
Trd, 000178.217, 337
Trd, 000178.650, 347
Trd, 000179.350, 348.0
Trd, 000179.817, 339
Trd, 000180.750, 344
Trd, 000181.183, 345
Trd, 000181.617, 344
Trd, 000181.900, 338
Trd, 000182.017, 335
Trd, 000182.150, 346
Trd, 000182.600, 335.0
Trd, 000182.667, 334.0
Trd, 000182.817, 319
Trd, 000183.100, 318.0
Trd, 000183.383, 317.0
Trd, 000183.400, 305
Trd, 000183.500, 286
Trd, 000183.550, 231
Trd, 000183.867, 227
Trd, 000184.050, 180
Trd, 000185.233, 174
Trd, 000185.817, 193
Trd, 000186.850, 167
Trd, 000187.233, 163
Trd, 000187.350, 187
Trd, 000188.600, 183
Trd, 000188.917, 183
Trd, 000189.167, 174
Trd, 000189.617, 181
Trd, 000189.800, 167
Trd, 000191.533, 173
Trd, 000192.650, 163
Trd, 000192.917, 174
Trd, 000193.633, 173
Trd, 000193.900, 173
Trd, 000194.583, 171
Trd, 000195.750, 173
Trd, 000195.800, 170
Trd, 000196.700, 170
Trd, 000196.817, 169
Trd, 000197.400, 170
Trd, 000197.867, 169
Trd, 000198.550, 169
Trd, 000198.567, 170
Trd, 000199.017, 170
Trd, 000199.950, 164
Trd, 000200.050, 155
Trd, 000200.617, 167
Trd, 000202.800, 163
Trd, 000203.183, 162
Trd, 000203.200, 162
Trd, 000204.433, 167
Trd, 000204.517, 165
Trd, 000204.917, 164
Trd, 000205.150, 164
Trd, 000205.283, 161
Trd, 000205.317, 167
Trd, 000206.017, 167
Trd, 000206.433, 166
Trd, 000206.483, 167
Trd, 000206.883, 168
Trd, 000207.467, 173
Trd, 000208.133, 154
Trd, 000209.283, 172
Trd, 000209.817, 170
Trd, 000210.567, 171
Trd, 000210.867, 169
Trd, 000210.983, 167
Trd, 000211.017, 172
Trd, 000212.050, 169
Trd, 000212.683, 170
Trd, 000213.333, 170
Trd, 000214.200, 170
Trd, 000215.250, 170
Trd, 000216.233, 170
Trd, 000217.033, 169
Trd, 000217.250, 168
Trd, 000217.717, 169
Trd, 000219.267, 170
Trd, 000219.450, 170
Trd, 000219.767, 170
Trd, 000221.117, 170
Trd, 000221.367, 171
Trd, 000222.200, 171
Trd, 000222.317, 171
Trd, 000222.550, 169
Trd, 000223.517, 169
Trd, 000223.600, 167
Trd, 000223.850, 158
Trd, 000223.967, 172
Trd, 000225.350, 163
Trd, 000226.150, 168
Trd, 000226.333, 159
Trd, 000227.867, 167
Trd, 000228.050, 167
Trd, 000228.250, 167
Trd, 000228.367, 163
Trd, 000228.450, 168
Trd, 000229.817, 172
Trd, 000229.950, 175
Trd, 000230.200, 170
Trd, 000230.867, 171
Trd, 000232.650, 177
Trd, 000232.883, 174
Trd, 000233.150, 171
Trd, 000233.683, 173
Trd, 000234.317, 171
Trd, 000234.650, 171
Trd, 000235.783, 166
Trd, 000235.917, 160
Trd, 000236.083, 160
Trd, 000236.717, 164
Trd, 000237.150, 166
Trd, 000238.317, 166
Trd, 000238.417, 166
Trd, 000238.833, 167
Trd, 000239.017, 168
Trd, 000239.117, 160
Trd, 000240.583, 163
Trd, 000241.083, 167
Trd, 000241.200, 168
Trd, 000241.717, 166
Trd, 000242.033, 167
Trd, 000242.683, 168
Trd, 000243.783, 173
Trd, 000243.967, 174
Trd, 000244.433, 172
Trd, 000245.383, 174
Trd, 000245.417, 173
Trd, 000245.483, 174
Trd, 000245.617, 175
Trd, 000245.683, 174
Trd, 000246.083, 168
Trd, 000246.317, 179
Trd, 000246.417, 189
Trd, 000246.667, 190
Trd, 000247.333, 174
Trd, 000247.500, 175
Trd, 000248.183, 183
Trd, 000249.483, 179
Trd, 000249.800, 179
Trd, 000251.117, 179
Trd, 000251.533, 178
Trd, 000252.117, 177
Trd, 000252.583, 176
Trd, 000252.833, 177
Trd, 000252.983, 179
Trd, 000254.650, 179
Trd, 000255.050, 177
Trd, 000255.183, 180
Trd, 000255.283, 180
Trd, 000255.900, 189
Trd, 000255.983, 185
Trd, 000256.600, 187
Trd, 000256.817, 185
Trd, 000257.100, 175
Trd, 000257.750, 174
Trd, 000257.800, 178
Trd, 000257.850, 182
Trd, 000258.817, 179
Trd, 000259.133, 175
Trd, 000260.400, 174
Trd, 000260.567, 176
Trd, 000260.617, 174
Trd, 000260.817, 176
Trd, 000261.300, 178
Trd, 000261.500, 175
Trd, 000261.683, 177
Trd, 000262.317, 175
Trd, 000263.333, 174
Trd, 000263.383, 174
Trd, 000263.950, 170
Trd, 000264.267, 175
Trd, 000264.650, 174
Trd, 000265.167, 174
Trd, 000265.300, 170
Trd, 000265.383, 175
Trd, 000265.733, 170
Trd, 000266.000, 169
Trd, 000266.100, 176
Trd, 000266.800, 167
Trd, 000266.967, 177
Trd, 000267.600, 169
Trd, 000268.350, 175
Trd, 000268.483, 175
Trd, 000268.700, 176
Trd, 000269.850, 175
Trd, 000271.400, 174
Trd, 000271.883, 175
Trd, 000271.967, 177
Trd, 000272.283, 179
Trd, 000272.317, 182
Trd, 000272.667, 175
Trd, 000273.083, 180
Trd, 000273.883, 181
Trd, 000273.917, 182
Trd, 000274.367, 176
Trd, 000274.750, 180
Trd, 000275.000, 181
Trd, 000275.217, 180
Trd, 000275.333, 174
Trd, 000276.033, 185
Trd, 000276.783, 183
Trd, 000276.900, 184
Trd, 000277.933, 183
Trd, 000278.167, 192
Trd, 000278.217, 179
Trd, 000279.500, 185
Trd, 000280.450, 182
Trd, 000280.583, 185
Trd, 000281.283, 183
Trd, 000282.317, 182
Trd, 000282.333, 181
Trd, 000282.950, 180
Trd, 000283.117, 182
Trd, 000283.150, 183
Trd, 000283.400, 180
Trd, 000283.583, 179
Trd, 000283.917, 183
Trd, 000284.367, 177
Trd, 000284.617, 181
Trd, 000285.067, 180
Trd, 000285.650, 183
Trd, 000285.750, 176
Trd, 000285.917, 183
Trd, 000286.433, 172
Trd, 000287.033, 184
Trd, 000287.100, 193
Trd, 000287.850, 180
Trd, 000288.650, 181
Trd, 000289.150, 181
Trd, 000289.433, 180
Trd, 000290.167, 180
Trd, 000290.717, 179
Trd, 000291.217, 177
Trd, 000291.250, 180
Trd, 000291.433, 181
Trd, 000291.600, 177
Trd, 000291.883, 182
Trd, 000292.283, 178
Trd, 000292.467, 181
Trd, 000292.933, 181
Trd, 000293.183, 184
Trd, 000293.950, 197
Trd, 000295.217, 187
Trd, 000295.300, 179
Trd, 000295.750, 181
Trd, 000295.800, 180
Trd, 000296.350, 185
Trd, 000296.650, 181
Trd, 000296.717, 185
Trd, 000297.383, 183
Trd, 000297.933, 180
Trd, 000298.183, 180
Trd, 000298.467, 182
Trd, 000298.733, 184
Trd, 000299.017, 177
Trd, 000299.433, 183
