Trd, 000001.483, 149
Trd, 000002.750, 158
Trd, 000003.150, 153
Trd, 000003.717, 168
Trd, 000003.850, 147
Trd, 000004.050, 146
Trd, 000004.183, 144
Trd, 000004.517, 151
Trd, 000004.883, 141
Trd, 000004.983, 144
Trd, 000006.333, 146
Trd, 000007.000, 148
Trd, 000007.150, 148
Trd, 000007.267, 148
Trd, 000008.117, 160
Trd, 000008.167, 162
Trd, 000008.717, 151
Trd, 000008.917, 145
Trd, 000009.333, 171
Trd, 000009.683, 159
Trd, 000009.867, 159
Trd, 000010.450, 155
Trd, 000010.967, 148
Trd, 000011.183, 147
Trd, 000011.450, 146
Trd, 000011.683, 144
Trd, 000011.967, 142
Trd, 000012.883, 142
Trd, 000013.533, 145
Trd, 000013.683, 144
Trd, 000014.433, 143
Trd, 000014.717, 143
Trd, 000015.650, 144
Trd, 000016.200, 145
Trd, 000016.767, 143
Trd, 000016.850, 146
Trd, 000017.067, 142
Trd, 000017.133, 142
Trd, 000018.767, 147
Trd, 000019.517, 146
Trd, 000021.583, 148
Trd, 000022.217, 150
Trd, 000022.733, 148
Trd, 000022.933, 150
Trd, 000023.083, 161
Trd, 000024.667, 151
Trd, 000025.133, 152
Trd, 000025.450, 152
Trd, 000025.600, 155
Trd, 000026.167, 151
Trd, 000026.267, 150
Trd, 000026.600, 158
Trd, 000026.617, 150
Trd, 000027.567, 150
Trd, 000027.583, 150
Trd, 000028.267, 150
Trd, 000028.467, 148
Trd, 000028.633, 151
Trd, 000030.533, 147
Trd, 000031.000, 160
Trd, 000031.917, 155
Trd, 000032.417, 155
Trd, 000032.517, 152
Trd, 000032.933, 152
Trd, 000033.783, 151
Trd, 000034.133, 152
Trd, 000034.183, 154
Trd, 000034.233, 151
Trd, 000035.217, 153
Trd, 000035.933, 154
Trd, 000036.167, 168
Trd, 000036.650, 153
Trd, 000037.600, 148
Trd, 000038.600, 151
Trd, 000038.717, 150
Trd, 000039.100, 150
Trd, 000039.150, 153
Trd, 000039.450, 156
Trd, 000039.467, 150
Trd, 000039.617, 155
Trd, 000040.217, 163
Trd, 000041.033, 155
Trd, 000041.350, 150
Trd, 000041.367, 148
Trd, 000041.400, 147
Trd, 000041.633, 147
Trd, 000042.050, 152
Trd, 000043.667, 151
Trd, 000043.967, 152
Trd, 000044.267, 151
Trd, 000044.450, 153
Trd, 000045.400, 152
Trd, 000045.967, 152
Trd, 000046.467, 152
Trd, 000046.567, 152
Trd, 000046.583, 160
Trd, 000046.967, 167
Trd, 000047.550, 151
Trd, 000049.467, 161
Trd, 000049.750, 163
Trd, 000049.817, 150
Trd, 000050.183, 153
Trd, 000050.783, 169
Trd, 000050.800, 155
Trd, 000051.100, 149
Trd, 000052.417, 158
Trd, 000053.200, 165
Trd, 000054.500, 157
Trd, 000054.517, 156
Trd, 000054.717, 156
Trd, 000055.500, 156
Trd, 000056.183, 156
Trd, 000056.367, 157
Trd, 000056.450, 158
Trd, 000057.550, 156
Trd, 000057.583, 159
Trd, 000058.283, 159
Trd, 000058.350, 156
Trd, 000058.533, 154
Trd, 000058.650, 150
Trd, 000059.650, 150
Trd, 000059.767, 164
Trd, 000061.433, 157
Trd, 000062.667, 157
Trd, 000063.483, 157
Trd, 000064.167, 162
Trd, 000064.267, 158
Trd, 000064.650, 162
Trd, 000064.750, 158
Trd, 000065.350, 160
Trd, 000065.517, 159
Trd, 000065.533, 157
Trd, 000066.350, 157
Trd, 000066.400, 150
Trd, 000067.150, 165
Trd, 000068.483, 159
Trd, 000069.383, 163
Trd, 000070.333, 162
Trd, 000070.500, 162
Trd, 000071.333, 162
Trd, 000071.417, 160
Trd, 000072.017, 163
Trd, 000073.017, 162
Trd, 000073.433, 158
Trd, 000073.750, 176
Trd, 000074.567, 175
Trd, 000075.433, 158
Trd, 000076.217, 162
Trd, 000076.483, 159
Trd, 000076.650, 160
Trd, 000076.667, 151
Trd, 000077.183, 155
Trd, 000077.317, 148
Trd, 000078.133, 151
Trd, 000079.600, 152
Trd, 000080.100, 151
Trd, 000080.317, 150
Trd, 000080.717, 152
Trd, 000080.733, 170
Trd, 000080.900, 150
Trd, 000080.950, 156
Trd, 000082.483, 165
Trd, 000082.600, 165
Trd, 000083.350, 166
Trd, 000083.567, 164
Trd, 000083.583, 162
Trd, 000084.233, 161
Trd, 000085.400, 156
Trd, 000085.950, 155
Trd, 000086.117, 158
Trd, 000086.367, 157
Trd, 000086.550, 157
Trd, 000087.933, 156
Trd, 000088.250, 157
Trd, 000088.550, 153
Trd, 000088.667, 150
Trd, 000089.167, 150
Trd, 000089.217, 135
Trd, 000090.200, 146
Trd, 000091.033, 150
Trd, 000091.417, 153
Trd, 000091.867, 171
Trd, 000091.917, 169
Trd, 000092.017, 162
Trd, 000092.533, 155
Trd, 000093.383, 154
Trd, 000093.450, 136
Trd, 000093.533, 155
Trd, 000094.583, 150
Trd, 000095.567, 151
Trd, 000096.067, 152
Trd, 000096.683, 153
Trd, 000097.217, 157
Trd, 000097.367, 158
Trd, 000097.550, 153
Trd, 000097.617, 152
Trd, 000100.017, 157
Trd, 000100.283, 157
Trd, 000100.917, 156
Trd, 000101.367, 155
Trd, 000101.617, 154
Trd, 000101.717, 163
Trd, 000102.167, 157
Trd, 000102.467, 156
Trd, 000103.433, 160
Trd, 000104.100, 159
Trd, 000105.250, 156
Trd, 000105.300, 155
Trd, 000105.700, 154
Trd, 000106.717, 155
Trd, 000106.883, 157
Trd, 000107.067, 154
Trd, 000107.167, 159
Trd, 000107.567, 156
Trd, 000108.200, 171
Trd, 000108.500, 169
Trd, 000109.733, 155
Trd, 000110.500, 155
Trd, 000110.533, 158
Trd, 000110.650, 161
Trd, 000110.717, 152
Trd, 000111.783, 162
Trd, 000111.917, 157
Trd, 000113.800, 160
Trd, 000114.583, 162
Trd, 000114.867, 161
Trd, 000114.950, 160
Trd, 000115.067, 158
Trd, 000115.400, 169
Trd, 000115.817, 160
Trd, 000115.950, 159
Trd, 000116.017, 162
Trd, 000116.883, 163
Trd, 000116.983, 174
Trd, 000117.150, 160
Trd, 000117.483, 170
Trd, 000118.200, 172
Trd, 000118.867, 171
Trd, 000119.383, 164
Trd, 000119.700, 169
Trd, 000121.050, 165
Trd, 000121.267, 166
Trd, 000121.367, 164
Trd, 000122.650, 161
Trd, 000122.717, 165
Trd, 000122.750, 171
Trd, 000123.067, 191
Trd, 000123.083, 201
Trd, 000123.433, 287
Trd, 000123.750, 300.0
Trd, 000124.517, 319.0
Trd, 000124.800, 313.0
Trd, 000126.183, 311
Trd, 000126.550, 313
Trd, 000127.150, 320.0
Trd, 000127.383, 324.0
Trd, 000127.550, 328
Trd, 000127.733, 300.0
Trd, 000128.583, 330.0
Trd, 000128.617, 324.0
Trd, 000129.133, 336
Trd, 000130.950, 331.0
Trd, 000130.967, 329.0
Trd, 000131.017, 337.0
Trd, 000131.717, 330
Trd, 000133.617, 332
Trd, 000134.533, 330
Trd, 000134.717, 331
Trd, 000134.867, 333.0
Trd, 000134.883, 329
Trd, 000135.683, 335.0
Trd, 000136.733, 336
Trd, 000137.467, 341
Trd, 000138.217, 335
Trd, 000138.300, 341.0
Trd, 000139.617, 341.0
Trd, 000140.267, 342
Trd, 000140.367, 336
Trd, 000140.650, 335
Trd, 000140.717, 340.0
Trd, 000141.317, 341.0
Trd, 000142.300, 339
Trd, 000142.483, 343.0
Trd, 000142.700, 338
Trd, 000143.117, 337
Trd, 000143.350, 334
Trd, 000144.017, 343.0
Trd, 000144.133, 344.0
Trd, 000144.267, 338
Trd, 000145.217, 341
Trd, 000145.350, 339
Trd, 000145.450, 344
Trd, 000147.100, 341
Trd, 000147.433, 341.0
Trd, 000147.883, 327.0
Trd, 000148.217, 328
Trd, 000148.233, 331.0
Trd, 000148.283, 339
Trd, 000149.833, 341.0
Trd, 000150.017, 333
Trd, 000151.133, 341.0
Trd, 000151.433, 341.0
Trd, 000151.550, 343.0
Trd, 000151.650, 341
Trd, 000152.683, 344.0
Trd, 000152.733, 348.0
Trd, 000152.750, 337
Trd, 000153.167, 338
Trd, 000153.633, 337
Trd, 000154.467, 342
Trd, 000154.800, 341
Trd, 000154.867, 337
Trd, 000154.917, 342
Trd, 000155.483, 341.0
Trd, 000155.517, 337
Trd, 000155.583, 342
Trd, 000156.233, 343
Trd, 000157.033, 341
Trd, 000158.083, 344
Trd, 000158.150, 345.0
Trd, 000158.217, 348.0
Trd, 000158.233, 344
Trd, 000159.967, 336
Trd, 000160.383, 336
Trd, 000160.533, 344.0
Trd, 000162.517, 346
Trd, 000162.783, 344.0
Trd, 000163.517, 345
Trd, 000163.883, 339
Trd, 000164.133, 346
Trd, 000164.950, 341
Trd, 000164.967, 341.0
Trd, 000165.717, 340.0
Trd, 000166.483, 343.0
Trd, 000166.700, 340
Trd, 000166.767, 337
Trd, 000167.100, 343.0
Trd, 000167.450, 344.0
Trd, 000168.183, 337
Trd, 000168.350, 345.0
Trd, 000169.783, 344.0
Trd, 000170.067, 342.0
Trd, 000170.417, 341.0
Trd, 000170.933, 342
Trd, 000171.383, 340
Trd, 000171.583, 339
Trd, 000172.000, 338
Trd, 000172.400, 344.0
Trd, 000172.883, 342
Trd, 000173.650, 348.0
Trd, 000176.000, 349
Trd, 000176.100, 343.0
Trd, 000176.250, 341.0
Trd, 000176.667, 342
Trd, 000176.700, 343.0
Trd, 000177.000, 344.0
Trd, 000177.750, 341
Trd, 000179.300, 343.0
Trd, 000179.667, 342
Trd, 000179.983, 339
Trd, 000180.450, 339
Trd, 000180.683, 341.0
Trd, 000180.700, 341.0
Trd, 000181.017, 338
Trd, 000181.583, 334
Trd, 000182.100, 340.0
Trd, 000182.533, 327.0
Trd, 000182.650, 324.0
Trd, 000182.850, 320.0
Trd, 000183.083, 313.0
Trd, 000183.283, 230
Trd, 000184.017, 177
Trd, 000184.550, 176
Trd, 000184.850, 172
Trd, 000185.433, 169
Trd, 000185.617, 169
Trd, 000187.767, 187
Trd, 000188.100, 186
Trd, 000188.783, 173
Trd, 000188.933, 167
Trd, 000190.183, 178
Trd, 000191.033, 178
Trd, 000191.250, 177
Trd, 000191.783, 174
Trd, 000192.150, 173
Trd, 000192.183, 167
Trd, 000192.333, 165
Trd, 000192.350, 179
Trd, 000193.133, 178
Trd, 000193.767, 168
Trd, 000194.067, 168
Trd, 000195.050, 168
Trd, 000196.150, 163
Trd, 000196.500, 161
Trd, 000196.667, 154
Trd, 000196.750, 165
Trd, 000198.250, 162
Trd, 000198.367, 161
Trd, 000198.717, 163
Trd, 000198.867, 163
Trd, 000199.500, 161
Trd, 000200.433, 162
Trd, 000200.550, 163
Trd, 000201.433, 164
Trd, 000202.850, 168
Trd, 000203.250, 179
Trd, 000203.450, 164
Trd, 000203.783, 165
Trd, 000204.283, 168
Trd, 000204.333, 166
Trd, 000204.867, 167
Trd, 000204.950, 166
Trd, 000205.050, 168
Trd, 000205.283, 177
Trd, 000205.733, 179
Trd, 000207.117, 165
Trd, 000207.433, 163
Trd, 000208.333, 164
Trd, 000208.367, 180
Trd, 000210.233, 167
Trd, 000210.533, 169
Trd, 000210.967, 165
Trd, 000211.400, 173
Trd, 000212.000, 175
Trd, 000212.450, 174
Trd, 000212.483, 165
Trd, 000213.400, 169
Trd, 000213.867, 169
Trd, 000215.150, 168
Trd, 000215.467, 168
Trd, 000215.833, 169
Trd, 000216.417, 173
Trd, 000217.400, 167
Trd, 000217.817, 169
Trd, 000218.100, 167
Trd, 000218.850, 166
Trd, 000219.000, 166
Trd, 000219.017, 166
Trd, 000219.400, 170
Trd, 000219.933, 183
Trd, 000220.833, 171
Trd, 000220.933, 179
Trd, 000221.250, 175
Trd, 000221.583, 173
Trd, 000221.667, 170
Trd, 000222.083, 171
Trd, 000222.617, 175
Trd, 000224.333, 171
Trd, 000224.983, 170
Trd, 000225.050, 166
Trd, 000225.433, 169
Trd, 000226.083, 167
Trd, 000226.233, 167
Trd, 000226.500, 166
Trd, 000226.783, 166
Trd, 000227.233, 165
Trd, 000227.367, 166
Trd, 000228.667, 164
Trd, 000228.800, 164
Trd, 000229.017, 165
Trd, 000229.550, 164
Trd, 000230.017, 164
Trd, 000230.650, 167
Trd, 000231.300, 166
Trd, 000231.333, 171
Trd, 000231.400, 166
Trd, 000231.550, 165
Trd, 000232.733, 186
Trd, 000233.050, 181
Trd, 000233.383, 169
Trd, 000233.500, 171
Trd, 000234.167, 171
Trd, 000234.667, 171
Trd, 000235.417, 171
Trd, 000235.967, 171
Trd, 000236.150, 169
Trd, 000236.200, 170
Trd, 000236.317, 167
Trd, 000236.767, 166
Trd, 000237.783, 172
Trd, 000238.433, 183
Trd, 000238.500, 170
Trd, 000239.117, 170
Trd, 000239.233, 171
Trd, 000240.000, 170
Trd, 000240.267, 170
Trd, 000240.300, 171
Trd, 000240.433, 169
Trd, 000240.600, 172
Trd, 000240.683, 179
Trd, 000241.083, 186
Trd, 000242.317, 175
Trd, 000242.533, 184
Trd, 000242.750, 182
Trd, 000242.917, 175
Trd, 000243.317, 174
Trd, 000243.333, 177
Trd, 000243.867, 173
Trd, 000244.067, 178
Trd, 000244.433, 172
Trd, 000244.817, 174
Trd, 000245.667, 174
Trd, 000245.717, 173
Trd, 000246.633, 172
Trd, 000246.883, 174
Trd, 000247.617, 174
Trd, 000248.133, 171
Trd, 000248.550, 168
Trd, 000249.250, 173
Trd, 000249.433, 169
Trd, 000249.550, 172
Trd, 000249.750, 171
Trd, 000251.200, 172
Trd, 000251.433, 172
Trd, 000251.633, 171
Trd, 000251.983, 171
Trd, 000252.233, 169
Trd, 000252.317, 170
Trd, 000252.333, 166
Trd, 000252.750, 171
Trd, 000253.000, 173
Trd, 000253.083, 176
Trd, 000254.400, 172
Trd, 000254.483, 170
Trd, 000254.733, 174
Trd, 000255.033, 174
Trd, 000256.850, 172
Trd, 000256.867, 173
Trd, 000257.100, 174
Trd, 000257.233, 171
Trd, 000259.333, 174
Trd, 000259.400, 174
Trd, 000259.733, 175
Trd, 000259.767, 174
Trd, 000259.917, 177
Trd, 000260.017, 173
Trd, 000260.667, 175
Trd, 000261.550, 174
Trd, 000262.133, 177
Trd, 000262.383, 177
Trd, 000263.050, 177
Trd, 000263.233, 177
Trd, 000263.733, 175
Trd, 000264.367, 177
Trd, 000265.183, 179
Trd, 000265.233, 180
Trd, 000265.783, 181
Trd, 000265.800, 178
Trd, 000266.467, 173
Trd, 000266.583, 170
Trd, 000266.617, 181
Trd, 000266.817, 174
Trd, 000267.100, 175
Trd, 000267.500, 173
Trd, 000267.933, 177
Trd, 000267.983, 178
Trd, 000268.750, 175
Trd, 000268.917, 175
Trd, 000268.983, 172
Trd, 000269.450, 173
Trd, 000269.600, 171
Trd, 000269.983, 174
Trd, 000270.333, 175
Trd, 000270.783, 178
Trd, 000270.867, 180
Trd, 000271.433, 176
Trd, 000271.583, 182
Trd, 000272.483, 176
Trd, 000272.600, 189
Trd, 000273.333, 179
Trd, 000274.217, 178
Trd, 000274.333, 175
Trd, 000275.067, 175
Trd, 000275.133, 179
Trd, 000275.750, 173
Trd, 000275.883, 175
Trd, 000275.917, 169
Trd, 000275.950, 168
Trd, 000276.667, 172
Trd, 000277.267, 171
Trd, 000277.567, 171
Trd, 000277.617, 173
Trd, 000277.717, 170
Trd, 000277.817, 172
Trd, 000278.083, 169
Trd, 000278.267, 183
Trd, 000278.683, 186
Trd, 000279.167, 172
Trd, 000279.233, 164
Trd, 000280.433, 173
Trd, 000280.667, 173
Trd, 000281.267, 173
Trd, 000281.300, 173
Trd, 000281.400, 174
Trd, 000281.867, 174
Trd, 000282.050, 172
Trd, 000282.850, 177
Trd, 000283.167, 173
Trd, 000284.717, 175
Trd, 000285.133, 176
Trd, 000285.250, 172
Trd, 000285.933, 172
Trd, 000286.233, 177
Trd, 000286.450, 179
Trd, 000286.483, 171
Trd, 000286.650, 179
Trd, 000287.283, 171
Trd, 000287.367, 170
Trd, 000287.533, 169
Trd, 000287.883, 171
Trd, 000288.100, 168
Trd, 000288.233, 166
Trd, 000288.300, 173
Trd, 000289.583, 179
Trd, 000289.850, 180
Trd, 000290.467, 179
Trd, 000290.617, 177
Trd, 000291.867, 179
Trd, 000292.100, 190
Trd, 000292.733, 184
Trd, 000292.917, 176
Trd, 000293.200, 176
Trd, 000293.550, 183
Trd, 000294.050, 183
Trd, 000295.067, 180
Trd, 000295.167, 183
Trd, 000295.183, 178
Trd, 000295.600, 191
Trd, 000296.050, 179
Trd, 000296.067, 201
Trd, 000296.283, 181
Trd, 000296.550, 179
Trd, 000297.300, 178
Trd, 000297.617, 177
Trd, 000298.483, 184
Trd, 000298.617, 178
Trd, 000298.917, 176
Trd, 000299.433, 176
Trd, 000299.983, 170
