Trd, 000001.017, 144
Trd, 000002.000, 125
Trd, 000002.083, 154
Trd, 000002.567, 152
Trd, 000003.567, 157
Trd, 000003.650, 133
Trd, 000005.867, 140
Trd, 000006.250, 141
Trd, 000006.400, 141
Trd, 000006.550, 144
Trd, 000006.617, 148
Trd, 000008.250, 143
Trd, 000008.433, 142
Trd, 000008.817, 141
Trd, 000008.917, 143
Trd, 000009.433, 142
Trd, 000009.633, 141
Trd, 000010.333, 141
Trd, 000010.350, 142
Trd, 000011.917, 141
Trd, 000012.117, 140
Trd, 000012.283, 147
Trd, 000012.767, 142
Trd, 000013.867, 142
Trd, 000014.283, 141
Trd, 000014.783, 144
Trd, 000015.433, 142
Trd, 000016.483, 147
Trd, 000016.833, 148
Trd, 000017.650, 145
Trd, 000017.767, 147
Trd, 000017.817, 146
Trd, 000018.383, 147
Trd, 000018.533, 142
Trd, 000018.767, 147
Trd, 000019.267, 149
Trd, 000021.867, 148
Trd, 000021.950, 143
Trd, 000022.400, 149
Trd, 000023.667, 148
Trd, 000024.050, 144
Trd, 000024.250, 149
Trd, 000024.533, 149
Trd, 000024.583, 150
Trd, 000026.683, 156
Trd, 000026.850, 161
Trd, 000026.917, 156
Trd, 000027.083, 162
Trd, 000028.600, 160
Trd, 000028.717, 160
Trd, 000028.983, 161
Trd, 000029.000, 159
Trd, 000029.900, 153
Trd, 000030.200, 158
Trd, 000031.000, 150
Trd, 000032.950, 148
Trd, 000033.667, 148
Trd, 000034.250, 149
Trd, 000034.500, 149
Trd, 000034.650, 142
Trd, 000034.850, 142
Trd, 000035.033, 149
Trd, 000035.383, 151
Trd, 000035.483, 154
Trd, 000035.817, 158
Trd, 000035.983, 161
Trd, 000037.550, 158
Trd, 000037.683, 147
Trd, 000038.000, 167
Trd, 000038.800, 156
Trd, 000039.050, 149
Trd, 000041.250, 148
Trd, 000041.700, 150
Trd, 000042.067, 152
Trd, 000042.367, 153
Trd, 000042.600, 152
Trd, 000043.083, 153
Trd, 000043.217, 146
Trd, 000044.967, 150
Trd, 000045.533, 150
Trd, 000045.717, 150
Trd, 000046.167, 151
Trd, 000047.450, 151
Trd, 000047.700, 152
Trd, 000048.183, 152
Trd, 000048.717, 151
Trd, 000048.917, 152
Trd, 000049.767, 151
Trd, 000050.067, 149
Trd, 000050.550, 153
Trd, 000050.800, 152
Trd, 000053.367, 148
Trd, 000053.683, 148
Trd, 000053.733, 148
Trd, 000054.233, 148
Trd, 000054.533, 148
Trd, 000054.867, 150
Trd, 000054.883, 147
Trd, 000055.467, 153
Trd, 000056.017, 160
Trd, 000057.617, 154
Trd, 000057.650, 152
Trd, 000058.017, 156
Trd, 000058.783, 160
Trd, 000059.700, 154
Trd, 000059.867, 159
Trd, 000059.917, 160
Trd, 000060.467, 161
Trd, 000060.700, 160
Trd, 000063.200, 163
Trd, 000063.683, 163
Trd, 000063.700, 162
Trd, 000064.200, 162
Trd, 000065.117, 156
Trd, 000066.333, 158
Trd, 000066.617, 160
Trd, 000066.883, 151
Trd, 000067.117, 159
Trd, 000067.150, 160
Trd, 000067.733, 161
Trd, 000067.767, 155
Trd, 000069.933, 160
Trd, 000070.350, 160
Trd, 000071.550, 161
Trd, 000072.433, 160
Trd, 000073.183, 160
Trd, 000073.217, 159
Trd, 000073.250, 161
Trd, 000073.550, 161
Trd, 000073.950, 160
Trd, 000075.650, 159
Trd, 000076.517, 160
Trd, 000076.633, 162
Trd, 000077.033, 160
Trd, 000077.383, 159
Trd, 000077.750, 162
Trd, 000077.900, 163
Trd, 000079.350, 162
Trd, 000080.000, 161
Trd, 000080.133, 159
Trd, 000081.083, 161
Trd, 000081.367, 161
Trd, 000082.133, 161
Trd, 000082.717, 158
Trd, 000083.400, 158
Trd, 000083.767, 156
Trd, 000085.417, 155
Trd, 000085.467, 157
Trd, 000085.600, 155
Trd, 000085.800, 158
Trd, 000085.817, 159
Trd, 000086.133, 160
Trd, 000087.183, 143
Trd, 000087.217, 158
Trd, 000088.533, 149
Trd, 000088.550, 155
Trd, 000088.850, 162
Trd, 000089.567, 156
Trd, 000090.333, 153
Trd, 000090.983, 154
Trd, 000091.017, 157
Trd, 000091.033, 153
Trd, 000091.717, 155
Trd, 000092.517, 160
Trd, 000092.733, 164
Trd, 000093.300, 157
Trd, 000093.400, 155
Trd, 000094.850, 155
Trd, 000095.067, 155
Trd, 000095.283, 155
Trd, 000096.900, 154
Trd, 000097.167, 155
Trd, 000097.250, 156
Trd, 000097.267, 158
Trd, 000097.300, 149
Trd, 000098.100, 144
Trd, 000099.317, 157
Trd, 000100.583, 157
Trd, 000100.650, 158
Trd, 000101.167, 158
Trd, 000101.317, 157
Trd, 000102.083, 158
Trd, 000103.083, 156
Trd, 000103.317, 160
Trd, 000104.367, 159
Trd, 000104.817, 158
Trd, 000105.683, 158
Trd, 000106.317, 158
Trd, 000106.950, 159
Trd, 000107.000, 158
Trd, 000107.133, 159
Trd, 000107.517, 157
Trd, 000108.283, 157
Trd, 000109.433, 158
Trd, 000109.700, 159
Trd, 000109.900, 158
Trd, 000110.250, 157
Trd, 000110.900, 160
Trd, 000112.917, 159
Trd, 000113.100, 158
Trd, 000113.133, 155
Trd, 000113.800, 157
Trd, 000114.467, 157
Trd, 000114.833, 158
Trd, 000114.900, 157
Trd, 000115.050, 154
Trd, 000115.600, 158
Trd, 000116.500, 159
Trd, 000117.733, 157
Trd, 000118.883, 158
Trd, 000119.800, 158
Trd, 000120.067, 157
Trd, 000120.217, 156
Trd, 000120.967, 159
Trd, 000121.217, 163
Trd, 000121.817, 157
Trd, 000121.950, 167
Trd, 000122.167, 180
Trd, 000122.683, 160
Trd, 000122.750, 176
Trd, 000122.783, 187
Trd, 000123.317, 218
Trd, 000123.500, 243
Trd, 000123.583, 224
Trd, 000123.600, 309
Trd, 000123.667, 317
Trd, 000123.783, 327
Trd, 000123.883, 315
Trd, 000123.933, 363
Trd, 000124.317, 242
Trd, 000128.767, 339
Trd, 000129.000, 338.0
Trd, 000129.650, 340
Trd, 000129.783, 341.0
Trd, 000130.333, 341
Trd, 000130.667, 336
Trd, 000131.433, 353
Trd, 000131.517, 354
Trd, 000131.733, 346
Trd, 000133.900, 345
Trd, 000134.683, 347
Trd, 000134.800, 347
Trd, 000134.967, 348.0
Trd, 000136.133, 343
Trd, 000136.633, 342
Trd, 000136.833, 344
Trd, 000136.950, 341
Trd, 000137.867, 344
Trd, 000138.317, 344
Trd, 000138.500, 346
Trd, 000139.800, 349
Trd, 000140.017, 348
Trd, 000140.550, 350.0
Trd, 000141.167, 349
Trd, 000141.333, 350
Trd, 000141.550, 348
Trd, 000141.633, 352
Trd, 000141.917, 354
Trd, 000142.200, 346
Trd, 000142.367, 334.0
Trd, 000142.667, 352
Trd, 000143.800, 348
Trd, 000145.017, 344
Trd, 000145.100, 341
Trd, 000145.233, 336
Trd, 000145.983, 344
Trd, 000146.433, 345
Trd, 000148.550, 337.0
Trd, 000148.883, 339
Trd, 000150.483, 341.0
Trd, 000150.783, 340
Trd, 000151.050, 339
Trd, 000151.283, 338
Trd, 000151.300, 342
Trd, 000154.000, 341.0
Trd, 000154.050, 338
Trd, 000154.567, 340
Trd, 000154.983, 339
Trd, 000155.017, 343
Trd, 000155.150, 347.0
Trd, 000155.717, 348.0
Trd, 000156.200, 343
Trd, 000156.350, 350
Trd, 000156.417, 342
Trd, 000157.100, 351
Trd, 000157.667, 353
Trd, 000158.617, 351
Trd, 000158.850, 350
Trd, 000158.983, 351
Trd, 000159.433, 353
Trd, 000160.067, 349
Trd, 000160.767, 349
Trd, 000161.417, 352
Trd, 000162.367, 350
Trd, 000162.900, 350
Trd, 000163.267, 348.0
Trd, 000163.867, 344
Trd, 000164.883, 332.0
Trd, 000165.450, 343
Trd, 000166.900, 341
Trd, 000168.300, 338
Trd, 000168.600, 339
Trd, 000169.383, 337
Trd, 000169.883, 338
Trd, 000170.050, 345
Trd, 000170.267, 341
Trd, 000170.350, 339
Trd, 000172.350, 339
Trd, 000172.583, 337
Trd, 000172.850, 337
Trd, 000173.367, 341.0
Trd, 000175.650, 340
Trd, 000176.183, 339
Trd, 000177.067, 341
Trd, 000177.300, 341.0
Trd, 000177.900, 336.0
Trd, 000179.250, 336.0
Trd, 000179.983, 338
Trd, 000180.200, 338
Trd, 000180.367, 337
Trd, 000180.433, 339
Trd, 000181.650, 334
Trd, 000182.217, 334.0
Trd, 000182.617, 331
Trd, 000182.917, 323
Trd, 000183.033, 322
Trd, 000183.333, 320.0
Trd, 000183.700, 305
Trd, 000183.767, 298
Trd, 000184.867, 282
Trd, 000185.000, 211
Trd, 000185.017, 197
Trd, 000185.217, 193
Trd, 000186.733, 196
Trd, 000187.983, 198
Trd, 000188.483, 195
Trd, 000188.950, 194
Trd, 000189.033, 194
Trd, 000189.133, 190
Trd, 000189.367, 187
Trd, 000190.033, 180
Trd, 000190.500, 177
Trd, 000192.183, 181
Trd, 000193.117, 181
Trd, 000193.433, 181
Trd, 000193.483, 180
Trd, 000193.583, 178
Trd, 000193.883, 181
Trd, 000194.967, 177
Trd, 000195.167, 180
Trd, 000195.433, 178
Trd, 000196.300, 161
Trd, 000197.067, 172
Trd, 000197.350, 172
Trd, 000197.683, 173
Trd, 000198.117, 172
Trd, 000198.350, 172
Trd, 000199.900, 170
Trd, 000200.250, 154
Trd, 000200.867, 147
Trd, 000201.300, 154
Trd, 000201.450, 171
Trd, 000201.917, 154
Trd, 000203.350, 164
Trd, 000203.817, 163
Trd, 000204.150, 164
Trd, 000204.633, 163
Trd, 000205.150, 163
Trd, 000205.483, 164
Trd, 000206.250, 166
Trd, 000207.317, 164
Trd, 000207.367, 166
Trd, 000208.100, 165
Trd, 000208.483, 165
Trd, 000208.550, 164
Trd, 000208.750, 166
Trd, 000209.300, 169
Trd, 000210.383, 167
Trd, 000210.500, 166
Trd, 000211.250, 164
Trd, 000211.533, 168
Trd, 000213.967, 166
Trd, 000214.233, 168
Trd, 000214.417, 172
Trd, 000214.517, 176
Trd, 000214.717, 168
Trd, 000215.117, 189
Trd, 000216.883, 173
Trd, 000217.083, 172
Trd, 000218.117, 172
Trd, 000218.367, 173
Trd, 000218.967, 173
Trd, 000219.283, 172
Trd, 000219.967, 182
Trd, 000220.417, 181
Trd, 000220.467, 180
Trd, 000220.617, 194
Trd, 000220.700, 156
Trd, 000221.150, 170
Trd, 000223.050, 168
Trd, 000223.517, 172
Trd, 000223.683, 171
Trd, 000223.783, 167
Trd, 000224.533, 163
Trd, 000225.683, 166
Trd, 000225.917, 167
Trd, 000226.133, 163
Trd, 000226.317, 168
Trd, 000227.550, 162
Trd, 000228.850, 164
Trd, 000229.850, 165
Trd, 000230.783, 166
Trd, 000230.850, 163
Trd, 000231.800, 166
Trd, 000232.067, 162
Trd, 000232.550, 166
Trd, 000233.317, 166
Trd, 000233.533, 167
Trd, 000234.483, 166
Trd, 000234.667, 166
Trd, 000235.650, 166
Trd, 000236.117, 168
Trd, 000236.633, 164
Trd, 000237.017, 169
Trd, 000237.367, 171
Trd, 000240.033, 167
Trd, 000240.050, 169
Trd, 000240.383, 170
Trd, 000240.517, 169
Trd, 000241.150, 169
Trd, 000241.333, 171
Trd, 000241.683, 170
Trd, 000241.950, 171
Trd, 000242.650, 172
Trd, 000244.133, 170
Trd, 000244.400, 171
Trd, 000244.867, 171
Trd, 000245.800, 169
Trd, 000246.267, 166
Trd, 000246.400, 171
Trd, 000246.950, 170
Trd, 000247.933, 171
Trd, 000247.967, 172
Trd, 000248.083, 173
Trd, 000248.550, 173
Trd, 000248.850, 176
Trd, 000249.467, 181
Trd, 000249.617, 193
Trd, 000250.550, 182
Trd, 000250.767, 181
Trd, 000251.583, 180
Trd, 000251.850, 179
Trd, 000252.333, 178
Trd, 000253.200, 179
Trd, 000253.233, 180
Trd, 000253.867, 179
Trd, 000254.400, 180
Trd, 000254.850, 180
Trd, 000255.250, 179
Trd, 000255.633, 181
Trd, 000255.867, 178
Trd, 000256.033, 179
Trd, 000256.267, 182
Trd, 000257.000, 182
Trd, 000257.567, 179
Trd, 000258.617, 178
Trd, 000258.650, 179
Trd, 000259.367, 178
Trd, 000259.567, 182
Trd, 000259.750, 184
Trd, 000261.533, 182
Trd, 000261.800, 183
Trd, 000262.100, 183
Trd, 000262.117, 184
Trd, 000262.167, 184
Trd, 000262.567, 188
Trd, 000262.617, 183
Trd, 000263.700, 184
Trd, 000264.333, 184
Trd, 000264.650, 187
Trd, 000264.833, 188
Trd, 000265.450, 188
Trd, 000265.500, 182
Trd, 000265.867, 181
Trd, 000266.483, 180
Trd, 000266.733, 182
Trd, 000267.433, 182
Trd, 000268.083, 180
Trd, 000268.367, 179
Trd, 000268.733, 183
Trd, 000268.883, 183
Trd, 000269.450, 179
Trd, 000269.883, 181
Trd, 000272.050, 179
Trd, 000272.400, 178
Trd, 000272.417, 180
Trd, 000272.967, 177
Trd, 000273.450, 178
Trd, 000274.000, 177
Trd, 000274.067, 177
Trd, 000274.467, 175
Trd, 000274.667, 175
Trd, 000275.050, 175
Trd, 000275.683, 159
Trd, 000276.033, 174
Trd, 000277.250, 172
Trd, 000277.783, 172
Trd, 000279.150, 164
Trd, 000279.550, 169
Trd, 000279.633, 169
Trd, 000279.933, 172
Trd, 000280.117, 161
Trd, 000280.533, 173
Trd, 000280.617, 176
Trd, 000280.983, 181
Trd, 000281.000, 190
Trd, 000281.917, 177
Trd, 000282.133, 194
Trd, 000282.900, 193
Trd, 000283.433, 178
Trd, 000283.500, 193
Trd, 000283.883, 185
Trd, 000284.433, 186
Trd, 000285.133, 189
Trd, 000285.250, 180
Trd, 000285.383, 179
Trd, 000285.600, 178
Trd, 000285.617, 177
Trd, 000286.917, 185
Trd, 000287.983, 183
Trd, 000288.117, 182
Trd, 000288.650, 183
Trd, 000288.783, 184
Trd, 000289.283, 180
Trd, 000289.817, 183
Trd, 000291.100, 180
Trd, 000291.450, 180
Trd, 000291.917, 180
Trd, 000292.500, 179
Trd, 000292.567, 181
Trd, 000293.317, 181
Trd, 000293.533, 182
Trd, 000293.650, 171
Trd, 000294.667, 180
Trd, 000295.717, 176
Trd, 000296.000, 177
Trd, 000296.817, 177
Trd, 000297.250, 180
Trd, 000297.467, 179
Trd, 000297.700, 181
Trd, 000297.900, 184
Trd, 000298.550, 180
Trd, 000299.017, 178
Trd, 000299.300, 181
Trd, 000299.783, 182
