Trd, 000000.833, 193
Trd, 000002.250, 171
Trd, 000003.033, 160
Trd, 000003.250, 156
Trd, 000003.833, 172
Trd, 000004.133, 173
Trd, 000004.800, 157
Trd, 000005.217, 155
Trd, 000006.600, 159
Trd, 000007.400, 170
Trd, 000007.967, 167
Trd, 000008.017, 175
Trd, 000008.033, 156
Trd, 000009.867, 160
Trd, 000010.517, 166
Trd, 000011.583, 164
Trd, 000012.833, 161
Trd, 000013.700, 159
Trd, 000014.550, 159
Trd, 000014.983, 157
Trd, 000015.417, 158
Trd, 000015.600, 158
Trd, 000016.017, 156
Trd, 000017.467, 153
Trd, 000018.067, 147
Trd, 000018.717, 145
Trd, 000018.867, 144
Trd, 000018.950, 149
Trd, 000019.633, 163
Trd, 000020.767, 170
Trd, 000020.833, 157
Trd, 000023.067, 154
Trd, 000023.233, 139
Trd, 000023.317, 168
Trd, 000023.500, 170
Trd, 000023.800, 174
Trd, 000024.083, 172
Trd, 000026.867, 163
Trd, 000028.183, 163
Trd, 000028.317, 164
Trd, 000028.933, 166
Trd, 000029.883, 162
Trd, 000030.050, 160
Trd, 000030.150, 162
Trd, 000030.317, 161
Trd, 000030.533, 165
Trd, 000032.250, 159
Trd, 000032.467, 163
Trd, 000034.533, 161
Trd, 000034.800, 162
Trd, 000035.217, 160
Trd, 000035.650, 162
Trd, 000037.283, 160
Trd, 000038.867, 163
Trd, 000038.900, 160
Trd, 000039.367, 159
Trd, 000039.733, 158
Trd, 000039.867, 158
Trd, 000040.100, 158
Trd, 000040.383, 159
Trd, 000040.450, 161
Trd, 000041.983, 152
Trd, 000043.500, 161
Trd, 000043.650, 160
Trd, 000043.750, 160
Trd, 000043.800, 161
Trd, 000044.300, 169
Trd, 000044.550, 167
Trd, 000044.650, 172
Trd, 000046.117, 176
Trd, 000046.917, 174
Trd, 000047.617, 168
Trd, 000048.367, 179
Trd, 000048.850, 179
Trd, 000048.983, 180
Trd, 000051.317, 171
Trd, 000052.033, 171
Trd, 000052.117, 172
Trd, 000052.650, 169
Trd, 000052.667, 160
Trd, 000054.300, 166
Trd, 000054.550, 167
Trd, 000055.617, 165
Trd, 000055.800, 163
Trd, 000055.900, 166
Trd, 000057.617, 168
Trd, 000058.217, 168
Trd, 000059.450, 167
Trd, 000060.067, 166
Trd, 000060.217, 164
Trd, 000060.883, 164
Trd, 000060.967, 164
Trd, 000061.000, 168
Trd, 000063.317, 164
Trd, 000064.433, 162
Trd, 000064.983, 161
Trd, 000065.117, 162
Trd, 000065.333, 161
Trd, 000066.183, 160
Trd, 000066.333, 161
Trd, 000067.717, 157
Trd, 000067.967, 157
Trd, 000068.067, 152
Trd, 000068.100, 158
Trd, 000069.667, 154
Trd, 000069.850, 157
Trd, 000070.233, 170
Trd, 000071.650, 162
Trd, 000073.633, 163
Trd, 000073.933, 162
Trd, 000075.233, 160
Trd, 000075.417, 155
Trd, 000075.567, 161
Trd, 000076.067, 160
Trd, 000076.117, 162
Trd, 000076.133, 163
Trd, 000076.833, 162
Trd, 000077.333, 159
Trd, 000078.367, 161
Trd, 000078.383, 162
Trd, 000078.767, 165
Trd, 000080.200, 161
Trd, 000080.300, 162
Trd, 000080.617, 160
Trd, 000081.200, 163
Trd, 000083.317, 162
Trd, 000083.917, 161
Trd, 000084.433, 163
Trd, 000084.567, 160
Trd, 000085.533, 158
Trd, 000086.700, 160
Trd, 000086.850, 160
Trd, 000086.867, 162
Trd, 000087.800, 159
Trd, 000088.317, 163
Trd, 000088.783, 176
Trd, 000090.633, 168
Trd, 000091.350, 164
Trd, 000091.750, 168
Trd, 000092.633, 166
Trd, 000092.650, 165
Trd, 000093.400, 167
Trd, 000094.650, 165
Trd, 000095.200, 164
Trd, 000095.783, 164
Trd, 000097.117, 165
Trd, 000097.200, 166
Trd, 000097.583, 165
Trd, 000098.233, 158
Trd, 000098.283, 165
Trd, 000099.800, 163
Trd, 000100.317, 153
Trd, 000100.583, 163
Trd, 000101.400, 161
Trd, 000101.917, 162
Trd, 000102.267, 162
Trd, 000102.367, 162
Trd, 000102.800, 165
Trd, 000103.850, 164
Trd, 000104.050, 176
Trd, 000104.600, 168
Trd, 000105.783, 173
Trd, 000105.850, 165
Trd, 000106.233, 172
Trd, 000106.300, 176
Trd, 000108.267, 167
Trd, 000108.517, 172
Trd, 000109.183, 170
Trd, 000109.733, 169
Trd, 000110.000, 171
Trd, 000110.783, 168
Trd, 000111.983, 167
Trd, 000112.083, 171
Trd, 000115.017, 167
Trd, 000115.467, 167
Trd, 000116.050, 168
Trd, 000116.567, 168
Trd, 000117.100, 167
Trd, 000117.383, 168
Trd, 000118.067, 168
Trd, 000118.450, 167
Trd, 000119.017, 168
Trd, 000119.300, 180
Trd, 000120.167, 173
Trd, 000121.367, 172
Trd, 000121.433, 173
Trd, 000121.667, 169
Trd, 000121.767, 183
Trd, 000121.950, 187
Trd, 000122.033, 198
Trd, 000122.050, 201
Trd, 000122.983, 176
Trd, 000123.267, 191
Trd, 000123.850, 189
Trd, 000124.467, 208
Trd, 000124.633, 246
Trd, 000124.817, 313.0
Trd, 000125.267, 304
Trd, 000126.267, 321.0
Trd, 000126.450, 322.0
Trd, 000126.667, 336
Trd, 000126.717, 340
Trd, 000128.183, 324.0
Trd, 000128.717, 335
Trd, 000130.250, 326
Trd, 000130.467, 327
Trd, 000130.917, 338
Trd, 000131.433, 343.0
Trd, 000132.683, 341
Trd, 000133.483, 355.0
Trd, 000134.267, 370
Trd, 000134.633, 371.0
Trd, 000134.883, 375.0
Trd, 000135.717, 363
Trd, 000137.217, 354
Trd, 000137.883, 363
Trd, 000138.367, 364
Trd, 000138.750, 363
Trd, 000140.983, 343
Trd, 000141.083, 347
Trd, 000141.567, 347
Trd, 000142.067, 355.0
Trd, 000142.900, 350
Trd, 000143.300, 349
Trd, 000143.800, 346
Trd, 000144.583, 341
Trd, 000147.050, 356.0
Trd, 000147.750, 355.0
Trd, 000148.583, 349
Trd, 000149.117, 348
Trd, 000149.833, 348.0
Trd, 000149.933, 344
Trd, 000150.217, 345
Trd, 000151.100, 347
Trd, 000152.033, 349
Trd, 000152.400, 351
Trd, 000153.517, 348
Trd, 000155.383, 344
Trd, 000155.750, 344
Trd, 000156.117, 345
Trd, 000156.283, 352
Trd, 000156.983, 338
Trd, 000159.300, 346
Trd, 000160.700, 342
Trd, 000160.917, 343.0
Trd, 000161.467, 341
Trd, 000162.650, 341
Trd, 000162.750, 341
Trd, 000162.983, 344
Trd, 000163.500, 344.0
Trd, 000164.750, 351
Trd, 000165.483, 352
Trd, 000165.967, 365.0
Trd, 000167.167, 354
Trd, 000168.183, 354
Trd, 000168.950, 356
Trd, 000169.033, 352
Trd, 000169.567, 352
Trd, 000169.800, 352
Trd, 000170.183, 336
Trd, 000170.600, 345
Trd, 000173.533, 339
Trd, 000173.567, 344.0
Trd, 000174.033, 334
Trd, 000174.050, 342
Trd, 000174.167, 343
Trd, 000174.950, 344
Trd, 000175.683, 346
Trd, 000175.783, 361
Trd, 000177.367, 333
Trd, 000177.950, 342
Trd, 000180.283, 340
Trd, 000180.350, 341
Trd, 000180.533, 340
Trd, 000180.867, 340
Trd, 000181.150, 336
Trd, 000181.450, 341
Trd, 000182.117, 339
Trd, 000182.633, 331.0
Trd, 000183.500, 313.0
Trd, 000184.167, 300.0
Trd, 000184.617, 295
Trd, 000184.817, 188
Trd, 000185.067, 192
Trd, 000185.117, 194
Trd, 000185.333, 171
Trd, 000185.983, 184
Trd, 000186.333, 183
Trd, 000186.350, 176
Trd, 000186.933, 184
Trd, 000187.417, 177
Trd, 000188.250, 177
Trd, 000188.583, 181
Trd, 000190.800, 176
Trd, 000191.383, 174
Trd, 000193.033, 172
Trd, 000193.200, 155
Trd, 000194.000, 170
Trd, 000194.383, 155
Trd, 000194.617, 165
Trd, 000195.167, 163
Trd, 000196.167, 186
Trd, 000196.750, 172
Trd, 000197.300, 173
Trd, 000198.467, 171
Trd, 000198.683, 171
Trd, 000199.017, 171
Trd, 000199.033, 173
Trd, 000199.367, 188
Trd, 000200.250, 170
Trd, 000200.617, 176
Trd, 000201.600, 178
Trd, 000202.233, 177
Trd, 000204.917, 177
Trd, 000205.400, 192
Trd, 000205.767, 186
Trd, 000205.800, 187
Trd, 000205.950, 179
Trd, 000206.700, 178
Trd, 000206.950, 185
Trd, 000207.583, 183
Trd, 000208.217, 179
Trd, 000209.017, 182
Trd, 000210.150, 182
Trd, 000210.317, 182
Trd, 000210.600, 183
Trd, 000210.633, 178
Trd, 000210.950, 178
Trd, 000213.167, 177
Trd, 000213.500, 177
Trd, 000214.517, 176
Trd, 000215.733, 175
Trd, 000215.950, 175
Trd, 000216.383, 176
Trd, 000218.367, 176
Trd, 000218.567, 177
Trd, 000219.367, 177
Trd, 000219.500, 183
Trd, 000219.983, 177
Trd, 000220.217, 189
Trd, 000220.383, 188
Trd, 000220.500, 196
Trd, 000220.867, 175
Trd, 000222.717, 186
Trd, 000223.650, 176
Trd, 000224.733, 181
Trd, 000224.883, 178
Trd, 000225.417, 177
Trd, 000225.867, 180
Trd, 000226.000, 177
Trd, 000226.583, 177
Trd, 000227.033, 170
Trd, 000228.700, 167
Trd, 000228.867, 168
Trd, 000229.233, 169
Trd, 000229.500, 171
Trd, 000230.517, 178
Trd, 000230.700, 178
Trd, 000231.850, 175
Trd, 000232.650, 173
Trd, 000232.867, 175
Trd, 000233.950, 172
Trd, 000234.383, 173
Trd, 000234.417, 171
Trd, 000234.917, 171
Trd, 000236.033, 173
Trd, 000236.217, 176
Trd, 000236.833, 177
Trd, 000237.183, 191
Trd, 000237.350, 203
Trd, 000238.117, 203
Trd, 000238.717, 181
Trd, 000239.650, 191
Trd, 000240.633, 186
Trd, 000241.200, 184
Trd, 000241.450, 182
Trd, 000241.900, 182
Trd, 000242.017, 182
Trd, 000242.683, 182
Trd, 000243.033, 179
Trd, 000243.483, 181
Trd, 000243.533, 178
Trd, 000243.767, 181
Trd, 000243.817, 182
Trd, 000245.500, 175
Trd, 000245.767, 175
Trd, 000246.400, 175
Trd, 000246.650, 172
Trd, 000247.583, 170
Trd, 000247.683, 173
Trd, 000248.117, 176
Trd, 000248.950, 175
Trd, 000249.150, 179
Trd, 000250.517, 183
Trd, 000250.600, 182
Trd, 000250.717, 180
Trd, 000251.550, 176
Trd, 000251.833, 179
Trd, 000252.167, 178
Trd, 000252.417, 180
Trd, 000252.817, 179
Trd, 000253.167, 179
Trd, 000253.733, 177
Trd, 000254.133, 171
Trd, 000254.617, 167
Trd, 000254.650, 169
Trd, 000255.017, 169
Trd, 000255.033, 168
Trd, 000255.633, 165
Trd, 000256.117, 166
Trd, 000256.483, 167
Trd, 000257.217, 170
Trd, 000257.383, 171
Trd, 000258.183, 172
Trd, 000258.617, 172
Trd, 000259.233, 173
Trd, 000259.883, 176
Trd, 000260.350, 176
Trd, 000260.967, 174
Trd, 000261.317, 173
Trd, 000261.417, 173
Trd, 000261.733, 176
Trd, 000261.983, 173
Trd, 000262.167, 177
Trd, 000262.667, 176
Trd, 000262.717, 178
Trd, 000262.900, 175
Trd, 000263.367, 189
Trd, 000263.733, 174
Trd, 000264.150, 178
Trd, 000264.300, 176
Trd, 000264.867, 175
Trd, 000265.233, 179
Trd, 000265.817, 180
Trd, 000266.117, 175
Trd, 000266.550, 180
Trd, 000267.267, 178
Trd, 000267.550, 174
Trd, 000267.800, 180
Trd, 000268.067, 178
Trd, 000268.300, 180
Trd, 000269.200, 182
Trd, 000269.333, 184
Trd, 000270.667, 188
Trd, 000270.800, 195
Trd, 000271.333, 184
Trd, 000272.117, 183
Trd, 000272.200, 182
Trd, 000272.367, 183
Trd, 000272.817, 182
Trd, 000273.650, 179
Trd, 000274.400, 180
Trd, 000274.783, 179
Trd, 000274.867, 181
Trd, 000275.300, 181
Trd, 000275.500, 180
Trd, 000276.133, 178
Trd, 000276.450, 178
Trd, 000276.567, 179
Trd, 000276.750, 180
Trd, 000277.017, 180
Trd, 000277.667, 189
Trd, 000278.133, 179
Trd, 000278.517, 179
Trd, 000278.950, 181
Trd, 000278.967, 185
Trd, 000279.667, 184
Trd, 000279.867, 195
Trd, 000280.367, 183
Trd, 000280.650, 180
Trd, 000280.717, 188
Trd, 000280.817, 195
Trd, 000282.500, 190
Trd, 000282.667, 186
Trd, 000283.733, 186
Trd, 000283.800, 190
Trd, 000284.033, 185
Trd, 000284.283, 184
Trd, 000284.633, 182
Trd, 000285.100, 184
Trd, 000285.117, 176
Trd, 000285.367, 164
Trd, 000285.500, 184
Trd, 000285.933, 174
Trd, 000286.600, 184
Trd, 000286.733, 184
Trd, 000286.933, 184
Trd, 000287.250, 188
Trd, 000287.517, 196
Trd, 000289.667, 184
Trd, 000289.733, 181
Trd, 000289.833, 188
Trd, 000289.917, 188
Trd, 000290.083, 183
Trd, 000291.117, 181
Trd, 000291.150, 180
Trd, 000291.567, 184
Trd, 000292.167, 191
Trd, 000292.233, 186
Trd, 000293.350, 185
Trd, 000293.633, 180
Trd, 000294.600, 184
Trd, 000294.883, 183
Trd, 000294.983, 184
Trd, 000295.200, 184
Trd, 000295.367, 180
Trd, 000295.867, 184
Trd, 000296.333, 188
Trd, 000296.350, 189
Trd, 000296.450, 183
Trd, 000297.350, 193
Trd, 000298.100, 195
Trd, 000298.567, 198
Trd, 000299.417, 193
Trd, 000299.867, 192
