Trd, 000001.017, 110
Trd, 000003.867, 143
Trd, 000003.983, 146
Trd, 000004.333, 147
Trd, 000005.200, 145
Trd, 000005.433, 146
Trd, 000005.583, 144
Trd, 000005.717, 144
Trd, 000006.200, 144
Trd, 000006.550, 144
Trd, 000006.600, 141
Trd, 000006.700, 145
Trd, 000007.683, 146
Trd, 000007.783, 147
Trd, 000007.800, 149
Trd, 000008.217, 152
Trd, 000009.183, 143
Trd, 000010.833, 147
Trd, 000011.400, 151
Trd, 000011.600, 153
Trd, 000011.700, 150
Trd, 000012.183, 156
Trd, 000012.733, 151
Trd, 000013.283, 154
Trd, 000013.417, 154
Trd, 000013.800, 155
Trd, 000014.533, 156
Trd, 000015.283, 151
Trd, 000015.400, 149
Trd, 000015.767, 154
Trd, 000016.550, 155
Trd, 000017.367, 159
Trd, 000017.983, 161
Trd, 000018.050, 147
Trd, 000018.133, 143
Trd, 000018.467, 138
Trd, 000019.433, 154
Trd, 000020.067, 152
Trd, 000020.233, 146
Trd, 000020.350, 152
Trd, 000021.083, 152
Trd, 000021.533, 151
Trd, 000021.750, 153
Trd, 000022.250, 149
Trd, 000022.417, 143
Trd, 000022.983, 148
Trd, 000023.533, 148
Trd, 000023.550, 149
Trd, 000024.150, 139
Trd, 000024.700, 140
Trd, 000025.450, 153
Trd, 000026.550, 150
Trd, 000026.917, 158
Trd, 000027.017, 152
Trd, 000027.317, 154
Trd, 000027.500, 153
Trd, 000027.517, 152
Trd, 000028.017, 152
Trd, 000028.050, 159
Trd, 000029.933, 156
Trd, 000030.267, 156
Trd, 000030.433, 156
Trd, 000030.683, 157
Trd, 000031.067, 156
Trd, 000031.633, 157
Trd, 000032.033, 155
Trd, 000032.683, 153
Trd, 000033.150, 144
Trd, 000033.450, 139
Trd, 000033.617, 155
Trd, 000033.967, 143
Trd, 000036.133, 149
Trd, 000036.517, 145
Trd, 000036.633, 148
Trd, 000037.400, 145
Trd, 000037.450, 146
Trd, 000037.650, 148
Trd, 000038.467, 148
Trd, 000039.033, 150
Trd, 000039.517, 150
Trd, 000039.967, 150
Trd, 000040.250, 150
Trd, 000040.983, 141
Trd, 000042.733, 148
Trd, 000042.900, 148
Trd, 000043.200, 148
Trd, 000043.317, 145
Trd, 000043.617, 147
Trd, 000043.833, 147
Trd, 000044.567, 149
Trd, 000044.733, 148
Trd, 000045.050, 151
Trd, 000046.167, 152
Trd, 000046.633, 154
Trd, 000047.017, 150
Trd, 000047.517, 149
Trd, 000047.850, 155
Trd, 000048.500, 162
Trd, 000048.933, 161
Trd, 000050.167, 156
Trd, 000050.200, 151
Trd, 000051.217, 155
Trd, 000051.400, 154
Trd, 000052.733, 154
Trd, 000052.883, 155
Trd, 000053.217, 154
Trd, 000053.450, 157
Trd, 000053.500, 155
Trd, 000054.000, 154
Trd, 000054.033, 163
Trd, 000054.100, 152
Trd, 000054.450, 146
Trd, 000054.767, 134
Trd, 000056.467, 152
Trd, 000056.617, 145
Trd, 000057.150, 150
Trd, 000057.333, 148
Trd, 000058.267, 151
Trd, 000058.283, 147
Trd, 000058.350, 153
Trd, 000058.433, 143
Trd, 000059.617, 150
Trd, 000060.500, 151
Trd, 000060.917, 149
Trd, 000061.867, 151
Trd, 000062.433, 150
Trd, 000062.833, 150
Trd, 000062.850, 149
Trd, 000063.733, 154
Trd, 000064.050, 151
Trd, 000064.117, 152
Trd, 000064.317, 157
Trd, 000064.550, 151
Trd, 000066.817, 156
Trd, 000066.833, 157
Trd, 000068.433, 154
Trd, 000068.817, 154
Trd, 000069.967, 152
Trd, 000070.083, 151
Trd, 000070.417, 157
Trd, 000070.567, 152
Trd, 000070.583, 155
Trd, 000070.717, 151
Trd, 000070.767, 148
Trd, 000071.133, 154
Trd, 000071.267, 155
Trd, 000071.700, 156
Trd, 000072.200, 156
Trd, 000073.650, 152
Trd, 000074.050, 151
Trd, 000074.633, 151
Trd, 000075.367, 151
Trd, 000075.650, 150
Trd, 000075.967, 151
Trd, 000076.150, 153
Trd, 000076.400, 155
Trd, 000077.250, 159
Trd, 000077.317, 158
Trd, 000078.333, 163
Trd, 000078.633, 165
Trd, 000078.650, 162
Trd, 000078.950, 164
Trd, 000079.583, 163
Trd, 000079.800, 164
Trd, 000080.067, 160
Trd, 000080.783, 165
Trd, 000080.817, 166
Trd, 000081.250, 158
Trd, 000081.417, 164
Trd, 000081.700, 150
Trd, 000081.817, 149
Trd, 000083.183, 164
Trd, 000084.367, 164
Trd, 000085.100, 160
Trd, 000085.167, 160
Trd, 000085.733, 160
Trd, 000085.983, 160
Trd, 000086.133, 160
Trd, 000086.500, 154
Trd, 000086.817, 145
Trd, 000086.933, 165
Trd, 000088.717, 131
Trd, 000088.750, 136
Trd, 000088.950, 124
Trd, 000089.183, 162
Trd, 000089.583, 146
Trd, 000090.967, 139
Trd, 000091.283, 147
Trd, 000091.567, 142
Trd, 000092.183, 143
Trd, 000092.383, 160
Trd, 000092.767, 158
Trd, 000093.383, 148
Trd, 000093.433, 152
Trd, 000094.267, 151
Trd, 000095.400, 155
Trd, 000095.917, 156
Trd, 000096.350, 155
Trd, 000096.567, 154
Trd, 000096.750, 154
Trd, 000097.100, 154
Trd, 000097.250, 156
Trd, 000097.500, 154
Trd, 000097.700, 155
Trd, 000098.250, 153
Trd, 000098.833, 151
Trd, 000099.033, 145
Trd, 000099.417, 137
Trd, 000099.533, 156
Trd, 000099.850, 156
Trd, 000101.383, 150
Trd, 000102.450, 144
Trd, 000103.483, 143
Trd, 000103.617, 143
Trd, 000103.667, 149
Trd, 000103.967, 149
Trd, 000105.467, 149
Trd, 000105.950, 151
Trd, 000106.133, 150
Trd, 000106.600, 151
Trd, 000106.633, 152
Trd, 000107.000, 153
Trd, 000107.200, 154
Trd, 000108.633, 155
Trd, 000108.700, 154
Trd, 000109.800, 154
Trd, 000110.083, 154
Trd, 000110.250, 155
Trd, 000110.383, 161
Trd, 000110.483, 154
Trd, 000110.767, 152
Trd, 000110.833, 169
Trd, 000111.183, 162
Trd, 000112.167, 149
Trd, 000112.883, 153
Trd, 000113.550, 152
Trd, 000114.500, 156
Trd, 000115.117, 155
Trd, 000115.400, 157
Trd, 000115.800, 157
Trd, 000115.983, 156
Trd, 000116.000, 158
Trd, 000116.417, 154
Trd, 000116.767, 155
Trd, 000117.133, 156
Trd, 000117.800, 157
Trd, 000118.167, 158
Trd, 000118.500, 158
Trd, 000118.767, 159
Trd, 000119.133, 160
Trd, 000120.067, 159
Trd, 000120.250, 161
Trd, 000120.833, 160
Trd, 000123.000, 190
Trd, 000123.033, 205
Trd, 000123.200, 205
Trd, 000124.050, 266
Trd, 000124.667, 300.0
Trd, 000125.500, 303.0
Trd, 000125.567, 310.0
Trd, 000125.850, 317.0
Trd, 000126.033, 320.0
Trd, 000126.617, 320.0
Trd, 000127.150, 327.0
Trd, 000128.017, 341.0
Trd, 000128.133, 341.0
Trd, 000128.383, 330
Trd, 000129.283, 347
Trd, 000129.300, 348
Trd, 000129.850, 335
Trd, 000130.117, 332
Trd, 000130.317, 345
Trd, 000130.450, 346
Trd, 000130.883, 336
Trd, 000132.267, 338
Trd, 000132.383, 337
Trd, 000133.000, 342
Trd, 000134.000, 343
Trd, 000134.333, 342
Trd, 000134.350, 344
Trd, 000135.450, 342
Trd, 000135.717, 344.0
Trd, 000135.850, 341.0
Trd, 000136.217, 346
Trd, 000136.417, 347
Trd, 000136.967, 346
Trd, 000137.167, 348
Trd, 000137.483, 352
Trd, 000137.583, 344
Trd, 000139.183, 343
Trd, 000139.300, 345
Trd, 000139.483, 345
Trd, 000139.600, 345
Trd, 000140.267, 345
Trd, 000140.567, 345
Trd, 000141.283, 346
Trd, 000141.417, 347
Trd, 000142.750, 354
Trd, 000142.817, 356.0
Trd, 000143.733, 352
Trd, 000143.833, 362
Trd, 000144.417, 351
Trd, 000144.900, 350
Trd, 000145.517, 346
Trd, 000146.567, 347
Trd, 000146.933, 343
Trd, 000147.333, 343.0
Trd, 000148.100, 343.0
Trd, 000148.183, 343.0
Trd, 000148.417, 344
Trd, 000149.367, 344
Trd, 000149.400, 351
Trd, 000149.733, 346
Trd, 000149.883, 343.0
Trd, 000150.083, 347
Trd, 000150.250, 341.0
Trd, 000150.567, 348
Trd, 000151.450, 348
Trd, 000151.800, 346
Trd, 000151.850, 334
Trd, 000152.433, 350
Trd, 000153.633, 343.0
Trd, 000153.817, 342.0
Trd, 000153.967, 351
Trd, 000155.567, 349
Trd, 000156.217, 349
Trd, 000156.233, 350
Trd, 000156.783, 350
Trd, 000158.100, 352
Trd, 000158.400, 350
Trd, 000158.617, 358.0
Trd, 000158.633, 349
Trd, 000159.417, 356.0
Trd, 000160.350, 349
Trd, 000160.467, 351.0
Trd, 000160.850, 349
Trd, 000161.000, 348
Trd, 000162.233, 344
Trd, 000162.567, 343.0
Trd, 000162.683, 343.0
Trd, 000162.900, 334
Trd, 000164.200, 342.0
Trd, 000164.233, 343
Trd, 000164.350, 345
Trd, 000164.533, 348
Trd, 000165.550, 342.0
Trd, 000166.700, 342.0
Trd, 000166.717, 348
Trd, 000167.183, 340
Trd, 000168.083, 341
Trd, 000168.483, 343
Trd, 000168.517, 344
Trd, 000169.267, 342
Trd, 000169.750, 344
Trd, 000169.983, 344
Trd, 000170.100, 342.0
Trd, 000170.217, 341.0
Trd, 000170.500, 343.0
Trd, 000170.983, 344.0
Trd, 000171.867, 339
Trd, 000173.767, 339
Trd, 000173.967, 337
Trd, 000174.117, 339
Trd, 000174.283, 344
Trd, 000174.433, 344.0
Trd, 000174.833, 349
Trd, 000175.933, 341.0
Trd, 000175.967, 338
Trd, 000176.417, 346
Trd, 000177.067, 338
Trd, 000178.083, 338
Trd, 000179.167, 341
Trd, 000179.317, 346
Trd, 000179.767, 339
Trd, 000180.133, 348
Trd, 000180.667, 350
Trd, 000180.867, 342
Trd, 000181.033, 350
Trd, 000181.283, 342
Trd, 000181.417, 341
Trd, 000182.183, 342
Trd, 000182.333, 341
Trd, 000182.617, 314
Trd, 000182.800, 273
Trd, 000183.717, 231
Trd, 000184.217, 225
Trd, 000184.400, 198
Trd, 000184.583, 197
Trd, 000185.217, 207
Trd, 000185.383, 203
Trd, 000185.867, 194
Trd, 000186.217, 193
Trd, 000186.267, 190
Trd, 000186.350, 206
Trd, 000187.417, 181
Trd, 000187.517, 160
Trd, 000188.767, 169
Trd, 000189.050, 168
Trd, 000189.833, 168
Trd, 000190.433, 167
Trd, 000190.467, 168
Trd, 000190.783, 166
Trd, 000191.383, 167
Trd, 000191.517, 165
Trd, 000191.750, 163
Trd, 000193.150, 161
Trd, 000193.767, 162
Trd, 000194.217, 163
Trd, 000194.467, 161
Trd, 000195.717, 164
Trd, 000195.900, 165
Trd, 000196.500, 164
Trd, 000196.917, 163
Trd, 000197.500, 162
Trd, 000197.733, 162
Trd, 000198.233, 164
Trd, 000198.417, 167
Trd, 000198.633, 161
Trd, 000198.850, 162
Trd, 000198.900, 168
Trd, 000200.317, 178
Trd, 000200.500, 176
Trd, 000201.033, 178
Trd, 000201.733, 175
Trd, 000202.500, 160
Trd, 000203.017, 167
Trd, 000203.117, 168
Trd, 000203.517, 167
Trd, 000203.817, 168
Trd, 000203.833, 169
Trd, 000203.917, 169
Trd, 000204.133, 177
Trd, 000204.583, 177
Trd, 000205.167, 161
Trd, 000206.400, 169
Trd, 000207.867, 174
Trd, 000208.117, 173
Trd, 000208.467, 172
Trd, 000208.600, 171
Trd, 000210.217, 169
Trd, 000210.700, 170
Trd, 000210.817, 163
Trd, 000210.867, 171
Trd, 000210.883, 172
Trd, 000211.417, 164
Trd, 000212.033, 173
Trd, 000212.700, 167
Trd, 000213.083, 174
Trd, 000213.833, 177
Trd, 000214.550, 175
Trd, 000215.400, 172
Trd, 000215.517, 173
Trd, 000216.083, 171
Trd, 000216.367, 171
Trd, 000216.750, 172
Trd, 000216.767, 173
Trd, 000217.550, 173
Trd, 000217.600, 174
Trd, 000218.150, 174
Trd, 000218.967, 173
Trd, 000219.033, 172
Trd, 000219.533, 171
Trd, 000219.583, 164
Trd, 000219.700, 171
Trd, 000219.917, 180
Trd, 000220.117, 163
Trd, 000221.067, 172
Trd, 000221.083, 162
Trd, 000221.233, 161
Trd, 000221.967, 172
Trd, 000222.317, 170
Trd, 000222.550, 162
Trd, 000223.383, 152
Trd, 000223.600, 163
Trd, 000224.450, 165
Trd, 000224.833, 164
Trd, 000224.933, 166
Trd, 000225.300, 166
Trd, 000225.633, 169
Trd, 000226.333, 168
Trd, 000226.850, 169
Trd, 000227.083, 167
Trd, 000227.800, 168
Trd, 000228.067, 163
Trd, 000228.367, 170
Trd, 000229.217, 163
Trd, 000229.533, 169
Trd, 000230.000, 178
Trd, 000230.950, 178
Trd, 000231.250, 164
Trd, 000231.267, 159
Trd, 000231.600, 175
Trd, 000232.483, 173
Trd, 000233.317, 166
Trd, 000234.650, 166
Trd, 000235.500, 168
Trd, 000235.900, 167
Trd, 000236.183, 166
Trd, 000236.317, 169
Trd, 000236.650, 169
Trd, 000237.100, 170
Trd, 000237.467, 174
Trd, 000238.033, 174
Trd, 000238.417, 171
Trd, 000238.717, 171
Trd, 000239.000, 171
Trd, 000239.133, 169
Trd, 000239.767, 168
Trd, 000240.133, 171
Trd, 000240.383, 172
Trd, 000240.833, 173
Trd, 000241.633, 172
Trd, 000242.933, 172
Trd, 000242.983, 168
Trd, 000243.850, 166
Trd, 000244.683, 170
Trd, 000244.833, 172
Trd, 000244.883, 169
Trd, 000245.367, 170
Trd, 000245.533, 170
Trd, 000246.067, 171
Trd, 000246.467, 170
Trd, 000246.483, 169
Trd, 000246.500, 168
Trd, 000247.067, 172
Trd, 000248.500, 171
Trd, 000248.933, 172
Trd, 000249.100, 174
Trd, 000249.167, 173
Trd, 000250.067, 173
Trd, 000250.967, 174
Trd, 000251.300, 174
Trd, 000251.350, 175
Trd, 000252.750, 177
Trd, 000253.033, 176
Trd, 000253.250, 174
Trd, 000253.867, 173
Trd, 000254.117, 173
Trd, 000254.417, 173
Trd, 000255.633, 175
Trd, 000256.117, 174
Trd, 000256.300, 174
Trd, 000256.417, 173
Trd, 000257.017, 170
Trd, 000257.317, 174
Trd, 000257.633, 177
Trd, 000258.000, 173
Trd, 000258.033, 181
Trd, 000258.700, 177
Trd, 000259.333, 175
Trd, 000259.367, 174
Trd, 000259.617, 182
Trd, 000260.400, 180
Trd, 000260.633, 181
Trd, 000261.450, 172
Trd, 000262.467, 172
Trd, 000263.050, 178
Trd, 000263.150, 174
Trd, 000263.500, 175
Trd, 000264.100, 174
Trd, 000264.133, 174
Trd, 000264.600, 174
Trd, 000264.783, 173
Trd, 000265.567, 172
Trd, 000265.767, 172
Trd, 000265.817, 174
Trd, 000265.883, 179
Trd, 000266.183, 181
Trd, 000267.450, 180
Trd, 000267.467, 176
Trd, 000267.533, 181
Trd, 000267.833, 178
Trd, 000268.700, 177
Trd, 000269.000, 176
Trd, 000269.933, 177
Trd, 000270.350, 175
Trd, 000271.117, 175
Trd, 000271.183, 176
Trd, 000271.600, 178
Trd, 000271.883, 182
Trd, 000272.100, 178
Trd, 000272.267, 178
Trd, 000272.650, 178
Trd, 000273.050, 176
Trd, 000273.833, 177
Trd, 000274.333, 177
Trd, 000274.367, 176
Trd, 000274.417, 175
Trd, 000275.300, 176
Trd, 000275.600, 178
Trd, 000275.950, 175
Trd, 000276.767, 171
Trd, 000277.283, 170
Trd, 000277.817, 160
Trd, 000277.850, 175
Trd, 000277.950, 159
Trd, 000279.083, 171
Trd, 000279.783, 174
Trd, 000280.050, 171
Trd, 000280.617, 171
Trd, 000281.417, 171
Trd, 000281.483, 172
Trd, 000281.583, 172
Trd, 000281.833, 171
Trd, 000282.617, 170
Trd, 000283.367, 170
Trd, 000283.433, 169
Trd, 000283.483, 176
Trd, 000283.550, 179
Trd, 000284.883, 180
Trd, 000285.133, 183
Trd, 000285.417, 186
Trd, 000285.667, 185
Trd, 000286.150, 186
Trd, 000286.217, 185
Trd, 000286.533, 181
Trd, 000287.433, 183
Trd, 000288.800, 181
Trd, 000289.083, 180
Trd, 000289.367, 182
Trd, 000289.550, 180
Trd, 000289.700, 179
Trd, 000289.733, 178
Trd, 000290.933, 182
Trd, 000291.017, 182
Trd, 000291.083, 183
Trd, 000291.500, 183
Trd, 000291.733, 182
Trd, 000292.800, 182
Trd, 000293.833, 181
Trd, 000294.050, 182
Trd, 000294.350, 184
Trd, 000294.750, 187
Trd, 000295.583, 184
Trd, 000296.333, 185
Trd, 000296.483, 186
Trd, 000296.600, 188
Trd, 000296.683, 183
Trd, 000296.833, 189
Trd, 000296.983, 183
Trd, 000297.033, 182
Trd, 000297.083, 181
Trd, 000297.633, 190
Trd, 000298.750, 181
Trd, 000299.083, 180
Trd, 000299.417, 190
