Trd, 000002.833, 138
Trd, 000003.550, 168
Trd, 000004.400, 158
Trd, 000004.750, 153
Trd, 000004.900, 166
Trd, 000005.533, 152
Trd, 000005.617, 150
Trd, 000005.933, 148
Trd, 000005.967, 163
Trd, 000006.133, 163
Trd, 000006.233, 164
Trd, 000006.783, 162
Trd, 000007.017, 128
Trd, 000008.250, 149
Trd, 000009.100, 158
Trd, 000009.217, 152
Trd, 000009.950, 150
Trd, 000010.000, 150
Trd, 000010.400, 149
Trd, 000011.483, 148
Trd, 000011.783, 148
Trd, 000012.383, 134
Trd, 000013.100, 145
Trd, 000013.200, 146
Trd, 000013.567, 144
Trd, 000013.600, 147
Trd, 000014.067, 145
Trd, 000014.483, 145
Trd, 000015.267, 146
Trd, 000015.433, 152
Trd, 000016.033, 149
Trd, 000016.567, 150
Trd, 000016.683, 141
Trd, 000018.617, 148
Trd, 000019.200, 150
Trd, 000019.683, 144
Trd, 000019.917, 152
Trd, 000019.950, 153
Trd, 000020.383, 170
Trd, 000020.517, 168
Trd, 000021.333, 167
Trd, 000021.850, 164
Trd, 000022.467, 161
Trd, 000022.517, 160
Trd, 000023.233, 161
Trd, 000023.283, 163
Trd, 000024.750, 160
Trd, 000025.033, 156
Trd, 000025.483, 142
Trd, 000025.983, 156
Trd, 000027.583, 154
Trd, 000027.850, 151
Trd, 000028.450, 149
Trd, 000028.600, 153
Trd, 000028.833, 154
Trd, 000029.583, 154
Trd, 000030.050, 153
Trd, 000030.333, 155
Trd, 000030.417, 158
Trd, 000031.817, 156
Trd, 000032.067, 162
Trd, 000032.717, 169
Trd, 000033.533, 151
Trd, 000034.417, 166
Trd, 000036.150, 152
Trd, 000036.517, 151
Trd, 000036.600, 151
Trd, 000036.883, 157
Trd, 000037.000, 158
Trd, 000038.033, 158
Trd, 000039.400, 153
Trd, 000039.433, 152
Trd, 000039.700, 153
Trd, 000039.917, 155
Trd, 000039.950, 151
Trd, 000040.517, 155
Trd, 000040.950, 149
Trd, 000041.083, 148
Trd, 000042.017, 146
Trd, 000043.283, 145
Trd, 000043.600, 145
Trd, 000043.617, 146
Trd, 000043.933, 147
Trd, 000044.650, 147
Trd, 000044.733, 148
Trd, 000045.317, 163
Trd, 000045.650, 171
Trd, 000046.533, 171
Trd, 000047.517, 167
Trd, 000047.833, 163
Trd, 000049.183, 164
Trd, 000049.383, 163
Trd, 000049.400, 165
Trd, 000049.933, 164
Trd, 000050.533, 161
Trd, 000050.883, 162
Trd, 000051.500, 161
Trd, 000051.633, 162
Trd, 000052.400, 163
Trd, 000054.317, 163
Trd, 000055.650, 163
Trd, 000056.350, 161
Trd, 000056.617, 160
Trd, 000056.967, 159
Trd, 000057.083, 160
Trd, 000057.167, 153
Trd, 000058.117, 158
Trd, 000058.833, 158
Trd, 000059.200, 158
Trd, 000059.750, 157
Trd, 000060.583, 159
Trd, 000061.850, 158
Trd, 000062.400, 156
Trd, 000062.817, 154
Trd, 000063.617, 155
Trd, 000063.767, 158
Trd, 000063.917, 154
Trd, 000064.350, 150
Trd, 000065.867, 157
Trd, 000065.967, 155
Trd, 000066.200, 158
Trd, 000066.717, 160
Trd, 000067.033, 154
Trd, 000067.183, 159
Trd, 000068.600, 154
Trd, 000068.733, 155
Trd, 000068.950, 156
Trd, 000069.283, 158
Trd, 000069.300, 158
Trd, 000070.650, 154
Trd, 000070.817, 159
Trd, 000071.217, 162
Trd, 000072.100, 174
Trd, 000073.367, 162
Trd, 000074.000, 165
Trd, 000074.200, 166
Trd, 000074.317, 162
Trd, 000075.783, 166
Trd, 000075.967, 163
Trd, 000076.467, 161
Trd, 000076.533, 161
Trd, 000077.383, 161
Trd, 000077.650, 157
Trd, 000077.900, 152
Trd, 000078.167, 156
Trd, 000078.717, 151
Trd, 000078.850, 154
Trd, 000079.250, 155
Trd, 000079.650, 163
Trd, 000080.883, 155
Trd, 000082.250, 155
Trd, 000083.167, 154
Trd, 000083.217, 153
Trd, 000083.433, 159
Trd, 000083.700, 176
Trd, 000084.717, 162
Trd, 000084.983, 161
Trd, 000085.000, 163
Trd, 000087.333, 159
Trd, 000087.367, 159
Trd, 000087.850, 159
Trd, 000088.067, 159
Trd, 000088.483, 157
Trd, 000089.033, 157
Trd, 000089.100, 158
Trd, 000089.217, 159
Trd, 000089.983, 160
Trd, 000090.667, 153
Trd, 000091.417, 152
Trd, 000091.817, 154
Trd, 000091.950, 158
Trd, 000091.967, 140
Trd, 000093.383, 154
Trd, 000093.433, 155
Trd, 000093.667, 157
Trd, 000095.017, 155
Trd, 000095.283, 155
Trd, 000095.717, 146
Trd, 000096.017, 155
Trd, 000096.283, 142
Trd, 000097.150, 155
Trd, 000098.300, 154
Trd, 000098.667, 143
Trd, 000098.917, 153
Trd, 000099.783, 154
Trd, 000100.400, 157
Trd, 000101.183, 159
Trd, 000101.500, 159
Trd, 000101.567, 159
Trd, 000101.600, 158
Trd, 000102.183, 155
Trd, 000103.800, 159
Trd, 000103.917, 155
Trd, 000104.750, 159
Trd, 000105.167, 157
Trd, 000105.200, 158
Trd, 000106.183, 159
Trd, 000107.883, 160
Trd, 000107.950, 158
Trd, 000108.950, 160
Trd, 000109.717, 166
Trd, 000109.950, 178
Trd, 000110.050, 159
Trd, 000110.750, 159
Trd, 000111.317, 158
Trd, 000112.883, 161
Trd, 000113.083, 159
Trd, 000113.867, 161
Trd, 000115.167, 159
Trd, 000115.400, 160
Trd, 000115.967, 159
Trd, 000116.750, 159
Trd, 000116.783, 159
Trd, 000117.483, 159
Trd, 000117.833, 163
Trd, 000118.250, 164
Trd, 000118.517, 161
Trd, 000119.083, 160
Trd, 000119.117, 166
Trd, 000119.200, 167
Trd, 000119.250, 180
Trd, 000120.683, 145
Trd, 000121.917, 159
Trd, 000122.000, 166
Trd, 000122.500, 165
Trd, 000122.883, 184
Trd, 000122.933, 187
Trd, 000124.050, 205
Trd, 000124.367, 322
Trd, 000124.550, 331.0
Trd, 000124.733, 303.0
Trd, 000124.817, 337.0
Trd, 000125.017, 326.0
Trd, 000125.883, 327.0
Trd, 000126.367, 334
Trd, 000126.650, 344.0
Trd, 000127.083, 328
Trd, 000127.267, 325
Trd, 000127.317, 331.0
Trd, 000128.200, 344
Trd, 000128.700, 327.0
Trd, 000129.517, 332
Trd, 000129.900, 342
Trd, 000130.050, 344.0
Trd, 000130.667, 344
Trd, 000132.167, 338
Trd, 000133.267, 337
Trd, 000133.700, 337
Trd, 000133.767, 335
Trd, 000134.783, 339
Trd, 000134.883, 340
Trd, 000136.167, 341
Trd, 000136.467, 342
Trd, 000136.683, 335
Trd, 000137.200, 344.0
Trd, 000137.367, 337
Trd, 000138.800, 338
Trd, 000139.083, 344
Trd, 000139.150, 337
Trd, 000139.233, 335
Trd, 000139.350, 343
Trd, 000139.650, 344
Trd, 000139.817, 344
Trd, 000140.950, 333
Trd, 000141.533, 341
Trd, 000142.050, 333
Trd, 000143.100, 334
Trd, 000143.183, 340
Trd, 000143.267, 347
Trd, 000143.733, 351.0
Trd, 000143.767, 334
Trd, 000145.117, 349.0
Trd, 000145.350, 348.0
Trd, 000145.467, 349.0
Trd, 000147.783, 344
Trd, 000148.683, 344
Trd, 000149.167, 345
Trd, 000149.200, 347
Trd, 000149.517, 344
Trd, 000149.683, 335
Trd, 000150.450, 340
Trd, 000150.583, 349.0
Trd, 000151.500, 349
Trd, 000152.100, 340
Trd, 000152.750, 340
Trd, 000152.900, 339
Trd, 000153.217, 347
Trd, 000153.283, 350.0
Trd, 000154.067, 350.0
Trd, 000155.667, 349.0
Trd, 000156.000, 350
Trd, 000156.583, 348.0
Trd, 000156.600, 351
Trd, 000157.300, 340
Trd, 000157.517, 345
Trd, 000157.550, 348
Trd, 000158.817, 349
Trd, 000159.067, 343
Trd, 000159.667, 349
Trd, 000159.700, 348.0
Trd, 000160.383, 352.0
Trd, 000161.233, 349
Trd, 000162.367, 348
Trd, 000162.533, 347
Trd, 000162.767, 352
Trd, 000163.250, 344
Trd, 000163.917, 343
Trd, 000164.683, 342
Trd, 000165.033, 338
Trd, 000165.167, 344
Trd, 000165.650, 331
Trd, 000166.150, 345
Trd, 000167.117, 343
Trd, 000167.217, 344
Trd, 000167.683, 343
Trd, 000170.283, 341
Trd, 000171.433, 341
Trd, 000172.233, 341
Trd, 000172.717, 339
Trd, 000172.767, 340
Trd, 000172.867, 339
Trd, 000173.400, 342
Trd, 000174.167, 338
Trd, 000175.083, 339
Trd, 000175.283, 343
Trd, 000175.317, 336
Trd, 000175.950, 344.0
Trd, 000177.800, 335
Trd, 000178.250, 343
Trd, 000179.333, 337
Trd, 000179.767, 337.0
Trd, 000180.683, 337
Trd, 000181.183, 344.0
Trd, 000181.250, 338
Trd, 000181.333, 337
Trd, 000181.533, 334
Trd, 000181.633, 342
Trd, 000182.167, 333
Trd, 000182.700, 327.0
Trd, 000183.150, 324.0
Trd, 000183.267, 336
Trd, 000183.300, 320.0
Trd, 000183.517, 312
Trd, 000183.617, 303.0
Trd, 000184.217, 285
Trd, 000184.517, 268
Trd, 000184.767, 218
Trd, 000184.900, 211
Trd, 000187.250, 207
Trd, 000187.517, 206
Trd, 000187.983, 196
Trd, 000188.583, 189
Trd, 000188.900, 180
Trd, 000190.183, 184
Trd, 000190.433, 180
Trd, 000191.767, 177
Trd, 000192.983, 172
Trd, 000193.500, 172
Trd, 000194.083, 172
Trd, 000194.783, 172
Trd, 000194.850, 169
Trd, 000195.183, 172
Trd, 000195.433, 170
Trd, 000195.533, 167
Trd, 000195.767, 171
Trd, 000196.083, 173
Trd, 000196.683, 164
Trd, 000197.100, 171
Trd, 000197.517, 168
Trd, 000197.900, 167
Trd, 000198.633, 167
Trd, 000199.083, 165
Trd, 000199.683, 164
Trd, 000199.717, 166
Trd, 000199.967, 151
Trd, 000201.467, 163
Trd, 000201.817, 160
Trd, 000201.867, 162
Trd, 000202.267, 163
Trd, 000203.583, 164
Trd, 000203.800, 159
Trd, 000204.617, 175
Trd, 000205.467, 165
Trd, 000205.567, 168
Trd, 000205.767, 163
Trd, 000205.850, 175
Trd, 000206.050, 188
Trd, 000206.700, 174
Trd, 000207.567, 174
Trd, 000207.833, 162
Trd, 000209.100, 172
Trd, 000210.267, 170
Trd, 000210.900, 169
Trd, 000211.017, 171
Trd, 000211.083, 172
Trd, 000213.283, 166
Trd, 000214.150, 168
Trd, 000214.217, 168
Trd, 000215.433, 165
Trd, 000216.050, 165
Trd, 000216.333, 166
Trd, 000216.500, 165
Trd, 000216.583, 164
Trd, 000216.767, 161
Trd, 000217.033, 169
Trd, 000217.800, 165
Trd, 000217.817, 160
Trd, 000218.000, 164
Trd, 000218.450, 159
Trd, 000218.583, 172
Trd, 000219.617, 177
Trd, 000220.817, 153
Trd, 000221.567, 158
Trd, 000221.717, 158
Trd, 000221.983, 159
Trd, 000222.083, 164
Trd, 000222.400, 163
Trd, 000222.717, 162
Trd, 000223.100, 153
Trd, 000223.500, 170
Trd, 000224.433, 164
Trd, 000224.600, 164
Trd, 000225.683, 177
Trd, 000226.400, 171
Trd, 000226.467, 170
Trd, 000226.583, 159
Trd, 000226.817, 172
Trd, 000226.933, 174
Trd, 000228.083, 174
Trd, 000228.817, 173
Trd, 000229.050, 174
Trd, 000229.517, 171
Trd, 000230.750, 171
Trd, 000231.517, 172
Trd, 000231.617, 170
Trd, 000231.983, 172
Trd, 000232.317, 174
Trd, 000234.033, 176
Trd, 000234.150, 178
Trd, 000234.367, 177
Trd, 000234.600, 175
Trd, 000234.867, 171
Trd, 000236.083, 174
Trd, 000236.417, 175
Trd, 000236.733, 174
Trd, 000236.900, 167
Trd, 000237.333, 168
Trd, 000238.633, 167
Trd, 000239.683, 163
Trd, 000240.200, 156
Trd, 000240.217, 162
Trd, 000241.183, 163
Trd, 000241.417, 158
Trd, 000242.083, 163
Trd, 000242.533, 165
Trd, 000242.817, 171
Trd, 000243.750, 168
Trd, 000243.817, 164
Trd, 000244.917, 166
Trd, 000245.017, 167
Trd, 000245.350, 172
Trd, 000245.617, 175
Trd, 000246.000, 179
Trd, 000246.417, 176
Trd, 000246.617, 173
Trd, 000246.717, 193
Trd, 000247.000, 187
Trd, 000247.400, 169
Trd, 000248.417, 182
Trd, 000248.467, 187
Trd, 000249.033, 184
Trd, 000249.650, 185
Trd, 000249.950, 188
Trd, 000250.183, 189
Trd, 000250.233, 183
Trd, 000250.867, 185
Trd, 000251.517, 186
Trd, 000252.067, 185
Trd, 000252.850, 185
Trd, 000253.167, 185
Trd, 000253.717, 183
Trd, 000255.233, 181
Trd, 000255.467, 180
Trd, 000256.017, 181
Trd, 000256.283, 181
Trd, 000257.783, 179
Trd, 000257.833, 181
Trd, 000257.933, 181
Trd, 000258.600, 191
Trd, 000258.650, 189
Trd, 000259.467, 184
Trd, 000260.200, 180
Trd, 000260.317, 180
Trd, 000260.450, 180
Trd, 000260.483, 181
Trd, 000260.733, 174
Trd, 000261.133, 174
Trd, 000261.500, 174
Trd, 000262.167, 180
Trd, 000262.700, 179
Trd, 000263.067, 178
Trd, 000263.267, 178
Trd, 000263.500, 179
Trd, 000263.567, 175
Trd, 000263.750, 157
Trd, 000264.717, 175
Trd, 000264.983, 174
Trd, 000265.717, 174
Trd, 000265.967, 175
Trd, 000266.167, 175
Trd, 000266.683, 177
Trd, 000267.283, 177
Trd, 000268.283, 175
Trd, 000268.583, 176
Trd, 000269.067, 176
Trd, 000269.467, 176
Trd, 000269.800, 175
Trd, 000270.717, 174
Trd, 000270.800, 175
Trd, 000271.067, 174
Trd, 000271.100, 176
Trd, 000271.533, 177
Trd, 000272.833, 177
Trd, 000273.067, 177
Trd, 000273.467, 175
Trd, 000274.333, 177
Trd, 000274.950, 176
Trd, 000275.500, 174
Trd, 000275.617, 177
Trd, 000276.233, 177
Trd, 000277.250, 182
Trd, 000277.267, 181
Trd, 000278.417, 186
Trd, 000278.783, 190
Trd, 000278.867, 191
Trd, 000280.400, 186
Trd, 000280.733, 186
Trd, 000281.083, 186
Trd, 000281.183, 185
Trd, 000281.300, 181
Trd, 000281.750, 186
Trd, 000281.817, 182
Trd, 000281.917, 182
Trd, 000282.250, 182
Trd, 000282.533, 183
Trd, 000282.850, 182
Trd, 000283.050, 176
Trd, 000283.867, 180
Trd, 000283.933, 181
Trd, 000284.150, 182
Trd, 000284.867, 182
Trd, 000285.467, 178
Trd, 000286.133, 176
Trd, 000286.850, 178
Trd, 000287.067, 176
Trd, 000287.300, 178
Trd, 000287.600, 177
Trd, 000287.683, 182
Trd, 000288.100, 175
Trd, 000288.800, 183
Trd, 000289.133, 186
Trd, 000289.250, 175
Trd, 000289.600, 172
Trd, 000290.567, 175
Trd, 000291.283, 175
Trd, 000291.850, 176
Trd, 000292.000, 176
Trd, 000292.517, 177
Trd, 000293.000, 180
Trd, 000293.767, 178
Trd, 000294.250, 179
Trd, 000294.367, 182
Trd, 000294.383, 177
Trd, 000294.483, 184
Trd, 000294.867, 183
Trd, 000295.450, 177
Trd, 000295.600, 192
Trd, 000296.500, 176
Trd, 000298.550, 176
