Trd, 000001.700, 117
Trd, 000002.783, 127
Trd, 000003.083, 129
Trd, 000003.100, 155
Trd, 000003.650, 169
Trd, 000005.517, 171
Trd, 000007.150, 164
Trd, 000007.217, 159
Trd, 000007.767, 163
Trd, 000007.900, 162
Trd, 000008.000, 163
Trd, 000008.283, 161
Trd, 000008.850, 159
Trd, 000009.050, 153
Trd, 000009.567, 142
Trd, 000009.617, 155
Trd, 000009.800, 156
Trd, 000010.250, 163
Trd, 000012.150, 153
Trd, 000012.200, 152
Trd, 000013.183, 151
Trd, 000013.300, 160
Trd, 000013.717, 159
Trd, 000014.167, 150
Trd, 000014.617, 138
Trd, 000014.733, 132
Trd, 000016.717, 153
Trd, 000017.567, 148
Trd, 000017.617, 146
Trd, 000018.083, 158
Trd, 000018.567, 152
Trd, 000019.167, 150
Trd, 000019.500, 160
Trd, 000020.183, 153
Trd, 000020.283, 164
Trd, 000020.333, 151
Trd, 000021.350, 164
Trd, 000022.233, 159
Trd, 000022.800, 151
Trd, 000023.700, 157
Trd, 000023.750, 149
Trd, 000025.800, 150
Trd, 000027.183, 148
Trd, 000027.533, 148
Trd, 000028.183, 148
Trd, 000028.350, 145
Trd, 000029.300, 151
Trd, 000029.317, 151
Trd, 000029.917, 145
Trd, 000031.117, 147
Trd, 000034.300, 147
Trd, 000034.767, 147
Trd, 000035.250, 148
Trd, 000035.450, 151
Trd, 000036.383, 150
Trd, 000037.217, 151
Trd, 000037.450, 158
Trd, 000038.183, 158
Trd, 000039.633, 157
Trd, 000040.167, 159
Trd, 000040.350, 158
Trd, 000041.500, 161
Trd, 000041.633, 159
Trd, 000041.733, 156
Trd, 000042.350, 161
Trd, 000042.950, 157
Trd, 000043.667, 156
Trd, 000043.800, 162
Trd, 000045.917, 157
Trd, 000046.717, 163
Trd, 000047.050, 160
Trd, 000047.817, 162
Trd, 000047.833, 161
Trd, 000048.167, 157
Trd, 000048.200, 163
Trd, 000048.550, 149
Trd, 000049.000, 161
Trd, 000051.633, 159
Trd, 000051.650, 160
Trd, 000051.833, 157
Trd, 000053.400, 159
Trd, 000053.500, 157
Trd, 000054.483, 157
Trd, 000054.600, 156
Trd, 000055.033, 157
Trd, 000055.217, 154
Trd, 000057.600, 158
Trd, 000058.683, 157
Trd, 000059.067, 153
Trd, 000059.250, 158
Trd, 000059.850, 148
Trd, 000059.983, 160
Trd, 000060.067, 147
Trd, 000062.117, 161
Trd, 000062.333, 161
Trd, 000063.450, 163
Trd, 000064.600, 161
Trd, 000064.667, 164
Trd, 000064.933, 160
Trd, 000065.167, 168
Trd, 000065.417, 155
Trd, 000065.583, 161
Trd, 000065.700, 147
Trd, 000065.800, 162
Trd, 000066.517, 143
Trd, 000067.283, 150
Trd, 000067.550, 140
Trd, 000068.083, 170
Trd, 000068.183, 171
Trd, 000068.717, 146
Trd, 000069.950, 162
Trd, 000070.517, 162
Trd, 000070.550, 162
Trd, 000071.533, 162
Trd, 000071.783, 164
Trd, 000072.083, 160
Trd, 000072.283, 165
Trd, 000074.467, 162
Trd, 000074.700, 161
Trd, 000074.900, 165
Trd, 000075.317, 167
Trd, 000075.467, 158
Trd, 000075.833, 157
Trd, 000075.900, 157
Trd, 000077.700, 167
Trd, 000078.033, 171
Trd, 000078.617, 160
Trd, 000080.750, 163
Trd, 000081.500, 162
Trd, 000082.333, 161
Trd, 000082.967, 160
Trd, 000083.200, 165
Trd, 000085.083, 148
Trd, 000085.317, 157
Trd, 000085.517, 149
Trd, 000086.317, 148
Trd, 000086.400, 157
Trd, 000086.483, 158
Trd, 000087.400, 165
Trd, 000088.850, 164
Trd, 000090.783, 153
Trd, 000091.333, 157
Trd, 000091.833, 156
Trd, 000092.367, 158
Trd, 000092.417, 155
Trd, 000094.117, 165
Trd, 000094.333, 164
Trd, 000094.867, 166
Trd, 000095.533, 162
Trd, 000096.167, 156
Trd, 000096.717, 157
Trd, 000097.067, 164
Trd, 000097.583, 157
Trd, 000097.683, 157
Trd, 000098.283, 151
Trd, 000098.633, 165
Trd, 000102.250, 153
Trd, 000102.450, 157
Trd, 000102.800, 164
Trd, 000103.183, 161
Trd, 000103.917, 163
Trd, 000104.433, 160
Trd, 000105.067, 158
Trd, 000105.117, 167
Trd, 000106.383, 151
Trd, 000107.333, 153
Trd, 000108.100, 154
Trd, 000108.683, 159
Trd, 000109.000, 154
Trd, 000109.450, 164
Trd, 000109.717, 155
Trd, 000110.583, 166
Trd, 000111.083, 169
Trd, 000112.300, 157
Trd, 000112.450, 156
Trd, 000112.567, 158
Trd, 000112.933, 154
Trd, 000113.250, 159
Trd, 000113.467, 144
Trd, 000114.667, 165
Trd, 000115.050, 166
Trd, 000115.483, 147
Trd, 000115.833, 168
Trd, 000117.267, 169
Trd, 000118.567, 174
Trd, 000118.933, 173
Trd, 000119.100, 169
Trd, 000119.200, 168
Trd, 000120.200, 168
Trd, 000120.933, 167
Trd, 000120.967, 168
Trd, 000121.233, 165
Trd, 000121.433, 170
Trd, 000121.617, 187
Trd, 000121.783, 208
Trd, 000122.050, 153
Trd, 000122.167, 186
Trd, 000122.600, 212
Trd, 000122.733, 210
Trd, 000123.000, 286
Trd, 000123.583, 300.0
Trd, 000124.583, 316
Trd, 000125.050, 324.0
Trd, 000125.850, 327.0
Trd, 000126.383, 353
Trd, 000126.517, 355.0
Trd, 000126.967, 333
Trd, 000128.250, 334
Trd, 000130.167, 348.0
Trd, 000130.500, 335
Trd, 000130.667, 355.0
Trd, 000130.867, 337
Trd, 000132.033, 337
Trd, 000133.167, 339
Trd, 000133.217, 341
Trd, 000133.267, 338.0
Trd, 000133.567, 341
Trd, 000133.700, 355
Trd, 000134.783, 340
Trd, 000135.217, 344.0
Trd, 000137.550, 343.0
Trd, 000137.983, 342.0
Trd, 000138.050, 347
Trd, 000140.267, 347
Trd, 000140.500, 347
Trd, 000140.967, 348
Trd, 000142.483, 342
Trd, 000142.750, 341.0
Trd, 000144.483, 349
Trd, 000144.767, 347
Trd, 000145.250, 340
Trd, 000145.533, 347.0
Trd, 000145.783, 341
Trd, 000146.150, 341
Trd, 000146.850, 347.0
Trd, 000147.117, 340
Trd, 000148.117, 342
Trd, 000149.533, 348.0
Trd, 000151.117, 350
Trd, 000151.283, 356
Trd, 000151.717, 349
Trd, 000151.983, 357
Trd, 000152.400, 353
Trd, 000152.433, 349
Trd, 000154.017, 358
Trd, 000154.417, 353
Trd, 000155.083, 355
Trd, 000155.500, 355
Trd, 000155.667, 355
Trd, 000156.450, 340
Trd, 000157.550, 341
Trd, 000158.150, 341.0
Trd, 000158.250, 340.0
Trd, 000160.633, 345.0
Trd, 000160.700, 341.0
Trd, 000160.817, 348.0
Trd, 000161.917, 340
Trd, 000162.917, 346
Trd, 000163.233, 339
Trd, 000164.383, 346
Trd, 000164.517, 337.0
Trd, 000164.567, 336
Trd, 000165.350, 335
Trd, 000166.000, 342
Trd, 000166.733, 338
Trd, 000167.267, 348.0
Trd, 000167.817, 337
Trd, 000169.717, 343
Trd, 000170.217, 345
Trd, 000170.567, 342
Trd, 000173.017, 343
Trd, 000173.517, 342
Trd, 000174.250, 341.0
Trd, 000174.567, 348.0
Trd, 000174.783, 339
Trd, 000175.850, 342
Trd, 000176.917, 342.0
Trd, 000178.100, 343
Trd, 000178.483, 351
Trd, 000178.700, 355.0
Trd, 000179.867, 351
Trd, 000180.917, 349
Trd, 000181.217, 348
Trd, 000181.267, 351
Trd, 000182.217, 343
Trd, 000182.400, 338.0
Trd, 000182.867, 337.0
Trd, 000182.933, 326
Trd, 000183.033, 323
Trd, 000183.167, 322
Trd, 000183.200, 317.0
Trd, 000184.500, 312
Trd, 000185.550, 181
Trd, 000186.500, 178
Trd, 000186.983, 174
Trd, 000187.450, 175
Trd, 000187.633, 174
Trd, 000187.967, 176
Trd, 000188.817, 174
Trd, 000188.933, 181
Trd, 000190.967, 176
Trd, 000191.117, 182
Trd, 000191.633, 180
Trd, 000193.117, 173
Trd, 000193.300, 160
Trd, 000193.617, 167
Trd, 000194.067, 169
Trd, 000194.433, 179
Trd, 000194.450, 181
Trd, 000194.667, 169
Trd, 000195.200, 183
Trd, 000195.300, 168
Trd, 000195.533, 184
Trd, 000196.250, 166
Trd, 000196.300, 160
Trd, 000196.867, 156
Trd, 000197.117, 177
Trd, 000198.117, 152
Trd, 000198.467, 161
Trd, 000198.583, 150
Trd, 000198.717, 167
Trd, 000199.550, 168
Trd, 000199.750, 178
Trd, 000200.167, 162
Trd, 000201.050, 174
Trd, 000201.883, 177
Trd, 000202.283, 178
Trd, 000202.717, 169
Trd, 000202.883, 167
Trd, 000203.183, 161
Trd, 000203.550, 168
Trd, 000206.533, 171
Trd, 000207.283, 171
Trd, 000207.483, 170
Trd, 000207.550, 169
Trd, 000207.933, 166
Trd, 000209.200, 175
Trd, 000209.950, 170
Trd, 000211.283, 173
Trd, 000212.233, 171
Trd, 000212.317, 169
Trd, 000213.400, 175
Trd, 000213.667, 176
Trd, 000215.633, 177
Trd, 000216.000, 174
Trd, 000216.767, 174
Trd, 000217.050, 177
Trd, 000217.233, 173
Trd, 000218.300, 180
Trd, 000219.550, 180
Trd, 000219.617, 178
Trd, 000220.117, 177
Trd, 000220.917, 178
Trd, 000221.317, 179
Trd, 000221.783, 176
Trd, 000222.500, 176
Trd, 000222.933, 179
Trd, 000223.267, 174
Trd, 000223.467, 178
Trd, 000224.167, 176
Trd, 000224.583, 175
Trd, 000226.267, 176
Trd, 000226.367, 176
Trd, 000226.933, 178
Trd, 000227.200, 175
Trd, 000227.600, 171
Trd, 000228.800, 170
Trd, 000228.983, 178
Trd, 000229.133, 187
Trd, 000231.383, 183
Trd, 000231.850, 184
Trd, 000232.367, 175
Trd, 000233.717, 175
Trd, 000233.900, 176
Trd, 000234.317, 175
Trd, 000235.017, 180
Trd, 000235.233, 180
Trd, 000235.983, 180
Trd, 000236.883, 179
Trd, 000237.500, 174
Trd, 000238.367, 161
Trd, 000240.000, 179
Trd, 000240.667, 174
Trd, 000240.983, 177
Trd, 000241.133, 175
Trd, 000241.300, 172
Trd, 000241.400, 175
Trd, 000241.767, 168
Trd, 000242.733, 170
Trd, 000242.800, 171
Trd, 000243.083, 168
Trd, 000243.183, 161
Trd, 000243.733, 168
Trd, 000244.133, 167
Trd, 000245.200, 172
Trd, 000245.667, 172
Trd, 000245.767, 174
Trd, 000246.950, 172
Trd, 000247.133, 173
Trd, 000248.300, 171
Trd, 000248.767, 171
Trd, 000249.133, 172
Trd, 000249.767, 173
Trd, 000249.800, 170
Trd, 000250.100, 176
Trd, 000250.267, 180
Trd, 000250.300, 165
Trd, 000250.917, 172
Trd, 000251.100, 171
Trd, 000251.300, 170
Trd, 000251.817, 169
Trd, 000252.867, 172
Trd, 000253.067, 171
Trd, 000253.233, 170
Trd, 000253.467, 167
Trd, 000253.683, 171
Trd, 000254.750, 169
Trd, 000255.200, 168
Trd, 000255.700, 170
Trd, 000255.900, 171
Trd, 000256.250, 173
Trd, 000256.467, 176
Trd, 000256.983, 176
Trd, 000257.033, 180
Trd, 000257.183, 173
Trd, 000258.600, 183
Trd, 000258.800, 184
Trd, 000259.167, 180
Trd, 000259.300, 178
Trd, 000259.717, 173
Trd, 000259.883, 176
Trd, 000260.383, 174
Trd, 000260.450, 172
Trd, 000260.733, 166
Trd, 000261.567, 169
Trd, 000261.817, 170
Trd, 000263.117, 170
Trd, 000263.833, 169
Trd, 000263.867, 166
Trd, 000264.650, 165
Trd, 000264.667, 165
Trd, 000265.400, 168
Trd, 000265.650, 170
Trd, 000265.833, 174
Trd, 000266.250, 174
Trd, 000267.583, 169
Trd, 000268.017, 168
Trd, 000268.033, 167
Trd, 000268.100, 167
Trd, 000269.083, 173
Trd, 000269.150, 177
Trd, 000270.083, 176
Trd, 000270.217, 180
Trd, 000270.600, 178
Trd, 000270.767, 174
Trd, 000271.150, 173
Trd, 000271.367, 175
Trd, 000271.683, 180
Trd, 000272.083, 168
Trd, 000272.717, 165
Trd, 000273.700, 177
Trd, 000273.783, 178
Trd, 000273.933, 176
Trd, 000274.333, 175
Trd, 000274.567, 182
Trd, 000274.750, 185
Trd, 000274.883, 173
Trd, 000275.017, 189
Trd, 000276.083, 184
Trd, 000276.267, 183
Trd, 000276.850, 178
Trd, 000276.933, 180
Trd, 000277.417, 179
Trd, 000278.483, 186
Trd, 000278.883, 178
Trd, 000279.483, 168
Trd, 000279.733, 179
Trd, 000280.800, 184
Trd, 000280.900, 179
Trd, 000281.483, 179
Trd, 000282.100, 183
Trd, 000282.133, 184
Trd, 000282.200, 179
Trd, 000282.283, 184
Trd, 000282.450, 185
Trd, 000282.950, 176
Trd, 000283.283, 167
Trd, 000283.717, 172
Trd, 000284.533, 173
Trd, 000285.600, 170
Trd, 000286.167, 170
Trd, 000286.867, 177
Trd, 000286.950, 179
Trd, 000287.150, 172
Trd, 000287.383, 169
Trd, 000288.333, 175
Trd, 000289.383, 171
Trd, 000289.700, 180
Trd, 000290.367, 184
Trd, 000290.383, 187
Trd, 000290.717, 177
Trd, 000291.183, 181
Trd, 000291.600, 179
Trd, 000291.650, 178
Trd, 000292.700, 178
Trd, 000292.967, 183
Trd, 000293.050, 185
Trd, 000293.633, 178
Trd, 000293.717, 177
Trd, 000294.100, 176
Trd, 000294.217, 197
Trd, 000294.417, 174
Trd, 000294.500, 204
Trd, 000294.817, 195
Trd, 000295.850, 166
Trd, 000295.950, 197
Trd, 000296.367, 165
Trd, 000296.650, 178
Trd, 000296.667, 164
Trd, 000297.500, 176
Trd, 000297.567, 179
Trd, 000297.867, 168
Trd, 000298.067, 181
Trd, 000298.200, 185
Trd, 000298.333, 168
Trd, 000298.500, 167
Trd, 000298.567, 194
Trd, 000298.617, 163
