Trd, 000001.483, 133
Trd, 000002.200, 117
Trd, 000002.900, 163
Trd, 000003.750, 164
Trd, 000003.800, 158
Trd, 000004.950, 166
Trd, 000005.667, 168
Trd, 000005.917, 165
Trd, 000005.967, 148
Trd, 000006.500, 155
Trd, 000007.067, 144
Trd, 000008.250, 154
Trd, 000009.367, 151
Trd, 000009.467, 148
Trd, 000009.533, 154
Trd, 000010.450, 151
Trd, 000010.950, 151
Trd, 000011.583, 151
Trd, 000011.700, 152
Trd, 000012.100, 151
Trd, 000012.400, 154
Trd, 000013.517, 150
Trd, 000014.317, 150
Trd, 000014.350, 151
Trd, 000014.983, 151
Trd, 000015.050, 149
Trd, 000015.350, 149
Trd, 000016.517, 151
Trd, 000017.717, 150
Trd, 000017.733, 150
Trd, 000018.317, 151
Trd, 000018.717, 149
Trd, 000019.533, 150
Trd, 000019.967, 148
Trd, 000020.600, 157
Trd, 000020.617, 150
Trd, 000020.717, 147
Trd, 000020.917, 146
Trd, 000021.367, 166
Trd, 000022.567, 151
Trd, 000023.467, 146
Trd, 000024.100, 157
Trd, 000025.350, 153
Trd, 000026.333, 150
Trd, 000026.633, 150
Trd, 000027.800, 150
Trd, 000028.033, 151
Trd, 000028.600, 152
Trd, 000030.117, 151
Trd, 000030.200, 152
Trd, 000030.317, 153
Trd, 000030.767, 155
Trd, 000031.183, 151
Trd, 000031.283, 150
Trd, 000031.717, 148
Trd, 000032.017, 147
Trd, 000033.533, 146
Trd, 000034.217, 148
Trd, 000034.267, 147
Trd, 000034.283, 145
Trd, 000034.817, 148
Trd, 000034.900, 148
Trd, 000035.150, 149
Trd, 000035.183, 147
Trd, 000035.567, 149
Trd, 000035.650, 158
Trd, 000036.517, 155
Trd, 000038.633, 155
Trd, 000038.733, 152
Trd, 000039.083, 154
Trd, 000039.383, 152
Trd, 000039.450, 150
Trd, 000039.817, 151
Trd, 000040.350, 149
Trd, 000041.333, 157
Trd, 000042.100, 148
Trd, 000042.833, 149
Trd, 000044.633, 150
Trd, 000044.700, 151
Trd, 000045.367, 152
Trd, 000045.450, 153
Trd, 000045.700, 152
Trd, 000046.283, 151
Trd, 000048.567, 152
Trd, 000048.633, 151
Trd, 000048.783, 149
Trd, 000048.817, 154
Trd, 000049.033, 154
Trd, 000049.333, 150
Trd, 000049.433, 150
Trd, 000049.517, 160
Trd, 000049.650, 150
Trd, 000052.517, 141
Trd, 000052.700, 156
Trd, 000052.850, 139
Trd, 000052.900, 136
Trd, 000053.067, 156
Trd, 000054.550, 150
Trd, 000055.483, 153
Trd, 000055.883, 150
Trd, 000056.433, 151
Trd, 000057.083, 153
Trd, 000057.383, 156
Trd, 000059.633, 152
Trd, 000060.350, 156
Trd, 000060.433, 154
Trd, 000061.350, 155
Trd, 000061.783, 153
Trd, 000061.833, 154
Trd, 000062.400, 153
Trd, 000062.667, 152
Trd, 000063.200, 155
Trd, 000064.183, 155
Trd, 000064.967, 156
Trd, 000065.433, 155
Trd, 000067.350, 157
Trd, 000067.583, 158
Trd, 000069.317, 159
Trd, 000069.750, 160
Trd, 000070.167, 158
Trd, 000070.283, 165
Trd, 000071.433, 164
Trd, 000071.583, 162
Trd, 000071.650, 155
Trd, 000072.400, 157
Trd, 000073.150, 160
Trd, 000074.617, 161
Trd, 000074.983, 160
Trd, 000075.333, 162
Trd, 000075.667, 160
Trd, 000075.817, 161
Trd, 000076.333, 160
Trd, 000077.867, 159
Trd, 000078.533, 160
Trd, 000078.750, 163
Trd, 000079.267, 159
Trd, 000079.450, 157
Trd, 000079.833, 157
Trd, 000081.233, 159
Trd, 000081.383, 156
Trd, 000081.417, 163
Trd, 000083.533, 157
Trd, 000083.733, 160
Trd, 000083.783, 160
Trd, 000084.033, 161
Trd, 000085.083, 163
Trd, 000085.167, 158
Trd, 000085.483, 173
Trd, 000085.783, 160
Trd, 000085.817, 176
Trd, 000086.567, 164
Trd, 000087.050, 163
Trd, 000087.400, 157
Trd, 000087.767, 156
Trd, 000087.783, 164
Trd, 000088.833, 143
Trd, 000089.033, 167
Trd, 000089.500, 153
Trd, 000089.717, 152
Trd, 000091.117, 159
Trd, 000091.967, 158
Trd, 000092.267, 157
Trd, 000092.617, 156
Trd, 000093.117, 157
Trd, 000093.233, 158
Trd, 000093.600, 158
Trd, 000094.283, 156
Trd, 000094.350, 159
Trd, 000095.933, 161
Trd, 000096.700, 161
Trd, 000096.833, 153
Trd, 000097.967, 154
Trd, 000097.983, 144
Trd, 000098.567, 156
Trd, 000099.250, 156
Trd, 000099.967, 157
Trd, 000100.067, 155
Trd, 000100.300, 156
Trd, 000100.800, 155
Trd, 000102.267, 160
Trd, 000102.767, 155
Trd, 000103.767, 165
Trd, 000104.417, 167
Trd, 000104.600, 166
Trd, 000104.667, 165
Trd, 000105.100, 164
Trd, 000105.350, 165
Trd, 000106.033, 164
Trd, 000106.867, 165
Trd, 000107.317, 158
Trd, 000107.600, 159
Trd, 000108.033, 155
Trd, 000109.483, 157
Trd, 000110.067, 158
Trd, 000110.133, 158
Trd, 000110.150, 155
Trd, 000110.183, 155
Trd, 000111.083, 171
Trd, 000113.033, 158
Trd, 000113.283, 157
Trd, 000113.717, 158
Trd, 000114.150, 156
Trd, 000114.983, 156
Trd, 000115.367, 156
Trd, 000115.600, 155
Trd, 000115.717, 158
Trd, 000116.267, 156
Trd, 000116.833, 158
Trd, 000117.167, 158
Trd, 000118.150, 157
Trd, 000118.183, 156
Trd, 000118.350, 167
Trd, 000118.367, 157
Trd, 000118.517, 176
Trd, 000119.300, 161
Trd, 000120.150, 170
Trd, 000120.817, 170
Trd, 000121.783, 169
Trd, 000121.867, 170
Trd, 000121.917, 180
Trd, 000122.783, 211
Trd, 000123.100, 276
Trd, 000123.183, 306.0
Trd, 000123.583, 365.0
Trd, 000124.000, 330
Trd, 000124.267, 336
Trd, 000124.433, 353
Trd, 000124.700, 352
Trd, 000124.800, 323
Trd, 000125.517, 317.0
Trd, 000126.883, 353.0
Trd, 000127.850, 349
Trd, 000128.167, 348.0
Trd, 000128.283, 349.0
Trd, 000128.750, 341
Trd, 000128.850, 340
Trd, 000129.200, 344.0
Trd, 000129.333, 350.0
Trd, 000130.383, 343
Trd, 000132.550, 353.0
Trd, 000132.650, 350
Trd, 000133.100, 352
Trd, 000133.317, 351
Trd, 000133.533, 354
Trd, 000133.933, 353
Trd, 000134.500, 364
Trd, 000136.350, 352
Trd, 000136.400, 351
Trd, 000136.617, 351
Trd, 000137.800, 353
Trd, 000138.317, 348.0
Trd, 000138.867, 344.0
Trd, 000139.083, 345
Trd, 000141.117, 349
Trd, 000142.233, 350
Trd, 000142.567, 347
Trd, 000142.900, 350
Trd, 000143.450, 348
Trd, 000143.883, 347
Trd, 000143.917, 342
Trd, 000144.117, 331.0
Trd, 000145.300, 344.0
Trd, 000146.767, 348
Trd, 000147.283, 348.0
Trd, 000148.067, 348
Trd, 000148.517, 349
Trd, 000148.883, 350
Trd, 000148.933, 348.0
Trd, 000149.717, 350
Trd, 000149.800, 350
Trd, 000150.283, 352
Trd, 000151.333, 355.0
Trd, 000151.550, 347
Trd, 000151.700, 345.0
Trd, 000152.167, 344.0
Trd, 000152.850, 343
Trd, 000153.083, 335.0
Trd, 000153.300, 335.0
Trd, 000154.333, 348
Trd, 000156.467, 341
Trd, 000156.483, 344
Trd, 000156.683, 346
Trd, 000157.850, 352.0
Trd, 000158.050, 339
Trd, 000159.533, 350
Trd, 000159.650, 337.0
Trd, 000160.750, 344
Trd, 000160.883, 343
Trd, 000162.117, 345.0
Trd, 000162.267, 344.0
Trd, 000163.450, 349
Trd, 000163.650, 346
Trd, 000164.400, 348
Trd, 000164.750, 347
Trd, 000165.150, 348
Trd, 000165.383, 346
Trd, 000165.767, 346.0
Trd, 000166.217, 348
Trd, 000167.117, 353
Trd, 000168.083, 349
Trd, 000168.400, 355.0
Trd, 000169.533, 351
Trd, 000169.600, 348.0
Trd, 000170.350, 344.0
Trd, 000170.850, 354.0
Trd, 000171.950, 345.0
Trd, 000172.950, 347
Trd, 000173.500, 346
Trd, 000173.617, 355.0
Trd, 000174.567, 353
Trd, 000174.867, 346.0
Trd, 000175.217, 346
Trd, 000175.300, 345
Trd, 000175.450, 344
Trd, 000175.500, 340
Trd, 000175.967, 351
Trd, 000176.900, 344.0
Trd, 000177.583, 349
Trd, 000178.583, 340
Trd, 000178.817, 336
Trd, 000179.817, 348
Trd, 000180.500, 348
Trd, 000180.517, 347.0
Trd, 000181.700, 345
Trd, 000182.067, 345.0
Trd, 000182.183, 346
Trd, 000182.600, 344.0
Trd, 000183.083, 310
Trd, 000183.417, 303.0
Trd, 000183.833, 305
Trd, 000184.200, 304
Trd, 000184.383, 238
Trd, 000184.533, 206
Trd, 000184.600, 200
Trd, 000184.833, 204
Trd, 000185.467, 205
Trd, 000186.750, 214
Trd, 000187.933, 202
Trd, 000188.283, 193
Trd, 000188.667, 187
Trd, 000189.067, 183
Trd, 000189.683, 195
Trd, 000190.650, 186
Trd, 000190.917, 188
Trd, 000191.283, 180
Trd, 000191.917, 188
Trd, 000192.217, 187
Trd, 000192.600, 188
Trd, 000193.000, 184
Trd, 000193.800, 170
Trd, 000193.817, 167
Trd, 000194.750, 178
Trd, 000195.483, 174
Trd, 000195.950, 171
Trd, 000196.217, 170
Trd, 000196.367, 170
Trd, 000197.417, 168
Trd, 000198.483, 174
Trd, 000198.817, 172
Trd, 000198.900, 172
Trd, 000199.317, 171
Trd, 000199.533, 170
Trd, 000199.950, 167
Trd, 000200.817, 168
Trd, 000201.133, 168
Trd, 000201.483, 168
Trd, 000202.100, 166
Trd, 000202.683, 168
Trd, 000202.883, 168
Trd, 000203.433, 166
Trd, 000203.667, 164
Trd, 000204.433, 175
Trd, 000204.550, 168
Trd, 000205.183, 173
Trd, 000205.550, 176
Trd, 000205.650, 174
Trd, 000206.567, 183
Trd, 000207.333, 178
Trd, 000207.667, 178
Trd, 000207.900, 175
Trd, 000209.183, 176
Trd, 000210.433, 178
Trd, 000210.867, 177
Trd, 000210.933, 175
Trd, 000211.533, 179
Trd, 000211.767, 172
Trd, 000211.883, 177
Trd, 000212.633, 167
Trd, 000213.183, 173
Trd, 000214.200, 170
Trd, 000214.650, 174
Trd, 000215.000, 172
Trd, 000216.150, 171
Trd, 000216.483, 171
Trd, 000216.817, 170
Trd, 000216.933, 174
Trd, 000218.700, 170
Trd, 000219.483, 173
Trd, 000220.633, 170
Trd, 000220.817, 174
Trd, 000221.017, 169
Trd, 000221.767, 172
Trd, 000222.350, 170
Trd, 000222.950, 168
Trd, 000223.000, 170
Trd, 000223.183, 169
Trd, 000223.283, 168
Trd, 000224.267, 173
Trd, 000224.400, 169
Trd, 000224.783, 166
Trd, 000225.267, 167
Trd, 000225.900, 173
Trd, 000227.200, 171
Trd, 000227.700, 172
Trd, 000228.500, 170
Trd, 000229.033, 169
Trd, 000229.067, 171
Trd, 000229.317, 167
Trd, 000229.417, 171
Trd, 000230.350, 172
Trd, 000230.467, 171
Trd, 000231.033, 170
Trd, 000231.050, 172
Trd, 000231.267, 167
Trd, 000231.667, 170
Trd, 000232.417, 171
Trd, 000232.500, 172
Trd, 000233.167, 175
Trd, 000234.617, 175
Trd, 000235.433, 173
Trd, 000236.183, 177
Trd, 000236.467, 173
Trd, 000237.217, 173
Trd, 000237.500, 176
Trd, 000238.867, 178
Trd, 000238.900, 179
Trd, 000239.950, 180
Trd, 000240.083, 177
Trd, 000240.233, 177
Trd, 000240.367, 181
Trd, 000240.383, 174
Trd, 000240.400, 172
Trd, 000240.600, 158
Trd, 000241.367, 189
Trd, 000241.883, 187
Trd, 000242.167, 173
Trd, 000242.783, 177
Trd, 000243.100, 175
Trd, 000243.383, 169
Trd, 000243.517, 170
Trd, 000244.100, 172
Trd, 000244.450, 174
Trd, 000245.417, 173
Trd, 000245.533, 174
Trd, 000246.350, 172
Trd, 000246.667, 171
Trd, 000246.767, 171
Trd, 000247.600, 173
Trd, 000247.617, 170
Trd, 000248.417, 170
Trd, 000248.650, 169
Trd, 000249.200, 174
Trd, 000249.217, 166
Trd, 000250.100, 165
Trd, 000250.400, 165
Trd, 000250.967, 173
Trd, 000251.167, 169
Trd, 000251.267, 168
Trd, 000251.517, 166
Trd, 000252.217, 168
Trd, 000252.883, 169
Trd, 000253.517, 168
Trd, 000253.617, 167
Trd, 000253.933, 169
Trd, 000253.967, 165
Trd, 000254.500, 166
Trd, 000254.933, 165
Trd, 000255.250, 164
Trd, 000256.700, 172
Trd, 000257.200, 173
Trd, 000257.283, 171
Trd, 000257.900, 172
Trd, 000258.267, 170
Trd, 000258.617, 170
Trd, 000259.017, 170
Trd, 000259.133, 170
Trd, 000259.400, 169
Trd, 000260.050, 170
Trd, 000260.333, 172
Trd, 000261.483, 169
Trd, 000262.067, 171
Trd, 000262.383, 166
Trd, 000262.467, 160
Trd, 000263.033, 166
Trd, 000263.083, 161
Trd, 000263.233, 160
Trd, 000264.867, 172
Trd, 000265.183, 171
Trd, 000265.417, 172
Trd, 000265.850, 172
Trd, 000267.200, 173
Trd, 000267.750, 172
Trd, 000267.883, 173
Trd, 000268.383, 175
Trd, 000268.600, 178
Trd, 000268.817, 182
Trd, 000269.767, 178
Trd, 000269.900, 176
Trd, 000270.283, 182
Trd, 000270.350, 175
Trd, 000271.017, 178
Trd, 000271.533, 177
Trd, 000271.817, 183
Trd, 000271.983, 177
Trd, 000272.450, 178
Trd, 000273.000, 176
Trd, 000273.367, 177
Trd, 000273.550, 175
Trd, 000273.783, 173
Trd, 000274.050, 171
Trd, 000274.583, 176
Trd, 000275.033, 177
Trd, 000275.083, 171
Trd, 000275.633, 178
Trd, 000275.833, 173
Trd, 000276.117, 182
Trd, 000277.250, 174
Trd, 000278.200, 179
Trd, 000278.650, 180
Trd, 000278.900, 179
Trd, 000279.567, 180
Trd, 000279.600, 180
Trd, 000280.267, 180
Trd, 000280.600, 180
Trd, 000280.783, 181
Trd, 000281.067, 179
Trd, 000281.217, 176
Trd, 000281.950, 181
Trd, 000282.033, 172
Trd, 000282.933, 177
Trd, 000283.600, 175
Trd, 000283.967, 176
Trd, 000283.983, 174
Trd, 000284.933, 174
Trd, 000285.983, 174
Trd, 000286.450, 174
Trd, 000286.567, 175
Trd, 000286.750, 173
Trd, 000286.850, 172
Trd, 000286.917, 170
Trd, 000287.500, 167
Trd, 000288.533, 179
Trd, 000289.150, 171
Trd, 000289.617, 171
Trd, 000289.800, 170
Trd, 000290.050, 167
Trd, 000290.750, 173
Trd, 000290.967, 178
Trd, 000291.183, 174
Trd, 000291.483, 175
Trd, 000291.950, 176
Trd, 000292.067, 175
Trd, 000293.150, 173
Trd, 000293.183, 173
Trd, 000293.300, 173
Trd, 000294.050, 171
Trd, 000294.433, 177
Trd, 000295.033, 177
Trd, 000296.367, 179
Trd, 000296.667, 173
Trd, 000297.233, 170
Trd, 000297.767, 179
Trd, 000297.783, 181
Trd, 000297.883, 173
Trd, 000298.033, 171
Trd, 000298.333, 186
Trd, 000298.350, 173
Trd, 000298.867, 163
Trd, 000298.983, 160
