Trd, 000001.633, 152
Trd, 000003.533, 140
Trd, 000003.667, 141
Trd, 000003.900, 136
Trd, 000003.917, 161
Trd, 000004.183, 162
Trd, 000004.983, 160
Trd, 000006.617, 141
Trd, 000007.117, 140
Trd, 000007.283, 141
Trd, 000007.600, 141
Trd, 000008.317, 140
Trd, 000008.683, 137
Trd, 000009.717, 137
Trd, 000010.350, 139
Trd, 000010.867, 142
Trd, 000012.783, 141
Trd, 000013.683, 152
Trd, 000014.150, 148
Trd, 000014.200, 149
Trd, 000014.867, 149
Trd, 000015.400, 150
Trd, 000015.567, 160
Trd, 000015.917, 151
Trd, 000016.067, 163
Trd, 000017.167, 155
Trd, 000017.783, 156
Trd, 000017.900, 158
Trd, 000018.517, 159
Trd, 000018.950, 156
Trd, 000018.967, 160
Trd, 000020.350, 159
Trd, 000020.667, 162
Trd, 000020.833, 163
Trd, 000021.650, 160
Trd, 000022.550, 159
Trd, 000022.667, 159
Trd, 000022.933, 161
Trd, 000023.050, 158
Trd, 000023.333, 162
Trd, 000024.267, 162
Trd, 000024.433, 160
Trd, 000024.833, 162
Trd, 000025.433, 161
Trd, 000025.967, 162
Trd, 000026.583, 161
Trd, 000027.567, 160
Trd, 000027.900, 162
Trd, 000028.283, 159
Trd, 000028.467, 162
Trd, 000029.017, 164
Trd, 000029.717, 164
Trd, 000030.500, 161
Trd, 000030.783, 160
Trd, 000031.150, 161
Trd, 000031.633, 159
Trd, 000032.867, 158
Trd, 000033.300, 158
Trd, 000034.317, 144
Trd, 000034.967, 148
Trd, 000035.350, 149
Trd, 000035.433, 158
Trd, 000035.500, 143
Trd, 000035.617, 164
Trd, 000035.933, 162
Trd, 000036.650, 164
Trd, 000036.767, 146
Trd, 000037.783, 153
Trd, 000038.833, 151
Trd, 000039.217, 152
Trd, 000039.583, 164
Trd, 000041.483, 159
Trd, 000041.633, 160
Trd, 000042.667, 160
Trd, 000042.883, 160
Trd, 000044.267, 159
Trd, 000044.367, 159
Trd, 000044.433, 161
Trd, 000044.583, 162
Trd, 000045.067, 172
Trd, 000045.383, 159
Trd, 000046.417, 172
Trd, 000047.250, 172
Trd, 000048.133, 171
Trd, 000048.400, 171
Trd, 000048.683, 170
Trd, 000049.567, 173
Trd, 000050.283, 171
Trd, 000050.700, 172
Trd, 000050.833, 173
Trd, 000051.117, 171
Trd, 000051.617, 167
Trd, 000051.800, 172
Trd, 000052.583, 153
Trd, 000052.983, 167
Trd, 000053.050, 157
Trd, 000054.400, 160
Trd, 000054.950, 166
Trd, 000055.417, 160
Trd, 000055.767, 161
Trd, 000056.867, 160
Trd, 000058.000, 160
Trd, 000058.100, 160
Trd, 000058.350, 159
Trd, 000058.700, 157
Trd, 000059.217, 154
Trd, 000059.783, 153
Trd, 000059.883, 154
Trd, 000060.150, 152
Trd, 000060.500, 152
Trd, 000061.700, 151
Trd, 000062.217, 164
Trd, 000062.400, 167
Trd, 000063.317, 160
Trd, 000063.883, 160
Trd, 000064.633, 162
Trd, 000065.117, 154
Trd, 000065.450, 161
Trd, 000066.017, 162
Trd, 000066.333, 160
Trd, 000066.350, 156
Trd, 000066.950, 161
Trd, 000067.417, 161
Trd, 000067.867, 160
Trd, 000069.233, 159
Trd, 000069.450, 160
Trd, 000069.800, 160
Trd, 000070.117, 161
Trd, 000070.367, 162
Trd, 000071.617, 163
Trd, 000072.783, 164
Trd, 000073.067, 164
Trd, 000073.083, 165
Trd, 000074.300, 169
Trd, 000075.333, 164
Trd, 000075.650, 164
Trd, 000076.117, 165
Trd, 000076.150, 166
Trd, 000077.017, 167
Trd, 000077.900, 167
Trd, 000077.933, 165
Trd, 000078.433, 169
Trd, 000079.050, 167
Trd, 000080.233, 168
Trd, 000080.633, 165
Trd, 000080.650, 167
Trd, 000080.733, 163
Trd, 000081.567, 169
Trd, 000081.900, 169
Trd, 000082.183, 167
Trd, 000082.850, 165
Trd, 000083.133, 163
Trd, 000085.383, 170
Trd, 000086.283, 168
Trd, 000086.317, 166
Trd, 000086.333, 165
Trd, 000087.000, 167
Trd, 000088.267, 171
Trd, 000088.300, 176
Trd, 000088.367, 165
Trd, 000090.333, 172
Trd, 000091.000, 166
Trd, 000091.317, 165
Trd, 000091.833, 161
Trd, 000092.033, 161
Trd, 000092.417, 162
Trd, 000092.917, 162
Trd, 000092.950, 163
Trd, 000094.733, 163
Trd, 000095.383, 166
Trd, 000095.567, 167
Trd, 000096.533, 169
Trd, 000096.633, 167
Trd, 000096.667, 171
Trd, 000096.717, 177
Trd, 000098.300, 176
Trd, 000099.867, 176
Trd, 000100.100, 176
Trd, 000100.183, 175
Trd, 000100.267, 175
Trd, 000100.367, 174
Trd, 000100.383, 176
Trd, 000100.417, 195
Trd, 000101.967, 169
Trd, 000102.217, 170
Trd, 000103.550, 159
Trd, 000103.983, 159
Trd, 000104.867, 151
Trd, 000104.983, 151
Trd, 000105.283, 151
Trd, 000105.467, 169
Trd, 000106.183, 172
Trd, 000107.000, 183
Trd, 000107.467, 180
Trd, 000107.967, 179
Trd, 000108.383, 179
Trd, 000108.733, 176
Trd, 000108.967, 173
Trd, 000109.483, 174
Trd, 000109.683, 174
Trd, 000110.100, 166
Trd, 000110.850, 158
Trd, 000111.017, 150
Trd, 000111.133, 150
Trd, 000111.317, 151
Trd, 000111.417, 149
Trd, 000111.483, 152
Trd, 000112.350, 152
Trd, 000112.500, 151
Trd, 000114.067, 151
Trd, 000114.217, 152
Trd, 000114.383, 172
Trd, 000115.200, 173
Trd, 000116.850, 177
Trd, 000117.267, 173
Trd, 000118.400, 169
Trd, 000119.083, 169
Trd, 000119.233, 167
Trd, 000119.417, 165
Trd, 000120.583, 170
Trd, 000120.850, 170
Trd, 000121.017, 171
Trd, 000121.233, 174
Trd, 000122.400, 176
Trd, 000122.467, 180
Trd, 000123.667, 188
Trd, 000124.167, 199
Trd, 000124.817, 260
Trd, 000124.833, 300.0
Trd, 000125.150, 310.0
Trd, 000125.183, 313.0
Trd, 000125.517, 311
Trd, 000126.483, 320.0
Trd, 000126.550, 324.0
Trd, 000128.000, 339.0
Trd, 000128.100, 341.0
Trd, 000128.250, 344
Trd, 000128.917, 362.0
Trd, 000131.450, 352
Trd, 000131.683, 351
Trd, 000132.417, 351
Trd, 000132.800, 351
Trd, 000133.133, 350
Trd, 000134.267, 349
Trd, 000134.433, 351
Trd, 000135.050, 349
Trd, 000135.217, 352
Trd, 000135.467, 355
Trd, 000136.633, 353
Trd, 000136.833, 353
Trd, 000137.450, 349
Trd, 000137.867, 350
Trd, 000137.900, 356
Trd, 000138.883, 350
Trd, 000139.517, 352
Trd, 000140.200, 354
Trd, 000140.317, 354
Trd, 000141.867, 350
Trd, 000142.100, 350
Trd, 000142.717, 350
Trd, 000143.033, 354
Trd, 000143.567, 354
Trd, 000144.983, 353
Trd, 000145.583, 353
Trd, 000146.117, 352
Trd, 000146.150, 354
Trd, 000147.067, 352
Trd, 000148.117, 348
Trd, 000148.467, 349
Trd, 000148.567, 351
Trd, 000148.900, 348
Trd, 000150.917, 349
Trd, 000150.967, 350
Trd, 000151.517, 348
Trd, 000152.200, 353
Trd, 000152.517, 351
Trd, 000153.000, 358
Trd, 000154.767, 360
Trd, 000154.850, 360
Trd, 000155.083, 357
Trd, 000155.483, 360
Trd, 000155.733, 361.0
Trd, 000156.433, 361.0
Trd, 000156.600, 360
Trd, 000157.100, 357
Trd, 000157.300, 358.0
Trd, 000157.483, 357
Trd, 000157.633, 354
Trd, 000158.583, 353
Trd, 000159.617, 356.0
Trd, 000160.300, 355
Trd, 000160.500, 356.0
Trd, 000160.833, 361
Trd, 000161.250, 360
Trd, 000162.367, 359
Trd, 000163.617, 359
Trd, 000163.900, 360
Trd, 000164.117, 361.0
Trd, 000165.033, 361
Trd, 000165.550, 360
Trd, 000165.767, 359
Trd, 000166.350, 361
Trd, 000166.467, 358
Trd, 000167.183, 358
Trd, 000168.250, 362.0
Trd, 000168.583, 364
Trd, 000169.833, 362
Trd, 000170.217, 361
Trd, 000170.233, 362
Trd, 000170.783, 362
Trd, 000171.033, 361
Trd, 000171.100, 359
Trd, 000171.200, 368.0
Trd, 000172.367, 360
Trd, 000172.417, 362
Trd, 000173.367, 362.0
Trd, 000173.450, 363
Trd, 000173.483, 364
Trd, 000173.867, 361
Trd, 000174.150, 355
Trd, 000175.267, 368.0
Trd, 000176.617, 366
Trd, 000177.217, 362
Trd, 000177.367, 359
Trd, 000178.050, 362.0
Trd, 000179.733, 359
Trd, 000179.850, 357
Trd, 000179.983, 358
Trd, 000180.317, 356
Trd, 000180.383, 353
Trd, 000181.633, 346
Trd, 000181.650, 338
Trd, 000181.767, 336
Trd, 000181.783, 331.0
Trd, 000182.417, 346
Trd, 000182.650, 336
Trd, 000182.850, 320.0
Trd, 000182.967, 310.0
Trd, 000183.883, 218
Trd, 000184.017, 200
Trd, 000184.900, 190
Trd, 000185.700, 197
Trd, 000186.583, 195
Trd, 000187.400, 187
Trd, 000187.433, 187
Trd, 000188.183, 185
Trd, 000189.450, 183
Trd, 000189.467, 182
Trd, 000190.983, 180
Trd, 000191.083, 181
Trd, 000191.333, 181
Trd, 000191.350, 183
Trd, 000192.550, 182
Trd, 000192.983, 181
Trd, 000193.183, 182
Trd, 000193.217, 183
Trd, 000193.750, 182
Trd, 000194.617, 180
Trd, 000195.550, 181
Trd, 000195.750, 181
Trd, 000197.367, 184
Trd, 000197.750, 184
Trd, 000198.600, 184
Trd, 000199.333, 186
Trd, 000200.250, 185
Trd, 000200.383, 185
Trd, 000200.583, 185
Trd, 000200.667, 184
Trd, 000200.783, 186
Trd, 000202.267, 186
Trd, 000202.633, 186
Trd, 000203.250, 182
Trd, 000204.150, 188
Trd, 000204.467, 188
Trd, 000204.683, 183
Trd, 000205.400, 178
Trd, 000206.283, 181
Trd, 000206.367, 181
Trd, 000206.783, 179
Trd, 000206.900, 176
Trd, 000207.867, 178
Trd, 000208.117, 177
Trd, 000208.533, 178
Trd, 000210.017, 167
Trd, 000210.750, 175
Trd, 000211.033, 177
Trd, 000211.550, 162
Trd, 000211.633, 179
Trd, 000212.533, 176
Trd, 000213.683, 174
Trd, 000213.867, 172
Trd, 000213.900, 174
Trd, 000214.483, 174
Trd, 000214.550, 175
Trd, 000215.067, 179
Trd, 000215.533, 174
Trd, 000217.183, 179
Trd, 000217.433, 180
Trd, 000217.683, 180
Trd, 000218.383, 184
Trd, 000220.083, 182
Trd, 000220.250, 182
Trd, 000220.583, 180
Trd, 000220.950, 182
Trd, 000221.600, 181
Trd, 000222.033, 180
Trd, 000222.167, 179
Trd, 000223.217, 179
Trd, 000223.967, 181
Trd, 000224.417, 180
Trd, 000224.700, 180
Trd, 000225.450, 180
Trd, 000225.700, 182
Trd, 000225.783, 181
Trd, 000226.300, 183
Trd, 000226.517, 180
Trd, 000226.783, 184
Trd, 000226.900, 179
Trd, 000229.350, 182
Trd, 000229.683, 181
Trd, 000229.733, 181
Trd, 000230.350, 182
Trd, 000231.283, 182
Trd, 000231.833, 183
Trd, 000232.033, 181
Trd, 000232.733, 182
Trd, 000233.033, 185
Trd, 000233.533, 186
Trd, 000233.717, 186
Trd, 000234.767, 184
Trd, 000235.317, 185
Trd, 000235.633, 185
Trd, 000235.983, 184
Trd, 000236.550, 186
Trd, 000237.250, 184
Trd, 000237.983, 185
Trd, 000238.350, 184
Trd, 000238.783, 184
Trd, 000238.833, 183
Trd, 000238.933, 186
Trd, 000240.000, 183
Trd, 000240.133, 182
Trd, 000240.250, 181
Trd, 000240.333, 178
Trd, 000240.817, 177
Trd, 000242.650, 167
Trd, 000242.967, 167
Trd, 000243.133, 165
Trd, 000243.200, 165
Trd, 000243.350, 166
Trd, 000243.783, 181
Trd, 000244.150, 182
Trd, 000245.067, 178
Trd, 000245.200, 179
Trd, 000245.950, 177
Trd, 000245.983, 176
Trd, 000246.117, 183
Trd, 000246.383, 175
Trd, 000246.700, 180
Trd, 000246.850, 175
Trd, 000247.717, 178
Trd, 000249.250, 175
Trd, 000249.333, 174
Trd, 000250.017, 174
Trd, 000250.150, 175
Trd, 000250.417, 173
Trd, 000250.983, 170
Trd, 000251.283, 167
Trd, 000251.400, 169
Trd, 000251.550, 168
Trd, 000252.150, 168
Trd, 000252.233, 183
Trd, 000252.433, 168
Trd, 000253.583, 181
Trd, 000253.700, 172
Trd, 000254.333, 170
Trd, 000254.683, 170
Trd, 000255.417, 168
Trd, 000255.433, 170
Trd, 000255.950, 170
Trd, 000256.417, 163
Trd, 000257.183, 162
Trd, 000257.683, 164
Trd, 000258.100, 164
Trd, 000258.117, 165
Trd, 000258.717, 187
Trd, 000258.983, 191
Trd, 000259.783, 180
Trd, 000260.000, 179
Trd, 000260.100, 180
Trd, 000260.200, 176
Trd, 000260.733, 178
Trd, 000261.383, 177
Trd, 000261.617, 176
Trd, 000261.633, 177
Trd, 000262.883, 175
Trd, 000262.983, 175
Trd, 000263.333, 172
Trd, 000263.550, 180
Trd, 000263.583, 184
Trd, 000263.600, 188
Trd, 000264.750, 189
Trd, 000266.017, 188
Trd, 000266.600, 189
Trd, 000266.683, 187
Trd, 000267.533, 185
Trd, 000267.783, 186
Trd, 000268.383, 169
Trd, 000268.983, 167
Trd, 000269.167, 169
Trd, 000269.450, 164
Trd, 000269.600, 165
Trd, 000269.683, 167
Trd, 000270.017, 170
Trd, 000270.333, 168
Trd, 000271.433, 170
Trd, 000272.067, 168
Trd, 000272.733, 169
Trd, 000272.900, 168
Trd, 000272.933, 168
Trd, 000273.400, 169
Trd, 000273.433, 167
Trd, 000274.333, 168
Trd, 000274.417, 171
Trd, 000274.733, 168
Trd, 000275.333, 168
Trd, 000276.850, 178
Trd, 000276.967, 179
Trd, 000277.083, 180
Trd, 000277.167, 185
Trd, 000277.600, 183
Trd, 000278.450, 184
Trd, 000278.650, 184
Trd, 000278.733, 185
Trd, 000278.850, 186
Trd, 000279.950, 183
Trd, 000280.083, 182
Trd, 000281.100, 183
Trd, 000281.500, 186
Trd, 000281.683, 183
Trd, 000281.733, 182
Trd, 000282.283, 182
Trd, 000282.900, 184
Trd, 000284.017, 182
Trd, 000284.400, 183
Trd, 000284.533, 183
Trd, 000284.550, 181
Trd, 000285.050, 164
Trd, 000285.133, 169
Trd, 000285.517, 182
Trd, 000285.867, 174
Trd, 000285.917, 173
Trd, 000286.550, 174
Trd, 000286.617, 177
Trd, 000286.950, 178
Trd, 000287.550, 179
Trd, 000288.167, 187
Trd, 000288.250, 190
Trd, 000288.783, 175
Trd, 000289.167, 175
Trd, 000290.233, 175
Trd, 000290.467, 191
Trd, 000290.833, 177
Trd, 000291.883, 189
Trd, 000291.967, 181
Trd, 000292.150, 179
Trd, 000292.333, 184
Trd, 000292.850, 182
Trd, 000292.867, 183
Trd, 000293.850, 181
Trd, 000294.583, 179
Trd, 000294.917, 179
Trd, 000295.633, 178
Trd, 000295.717, 179
Trd, 000295.850, 177
Trd, 000296.217, 182
Trd, 000296.250, 188
Trd, 000296.517, 202
Trd, 000296.800, 183
Trd, 000297.450, 192
Trd, 000297.567, 189
Trd, 000298.667, 190
Trd, 000298.850, 190
Trd, 000299.667, 189
Trd, 000299.783, 187
