Trd, 000001.200, 107
Trd, 000001.433, 158
Trd, 000001.467, 141
Trd, 000002.717, 172
Trd, 000002.767, 154
Trd, 000004.383, 140
Trd, 000004.417, 139
Trd, 000004.817, 153
Trd, 000006.117, 138
Trd, 000006.667, 141
Trd, 000006.850, 144
Trd, 000007.717, 138
Trd, 000008.533, 148
Trd, 000008.850, 136
Trd, 000009.017, 145
Trd, 000009.450, 156
Trd, 000009.717, 151
Trd, 000011.083, 149
Trd, 000011.650, 145
Trd, 000011.933, 152
Trd, 000012.917, 167
Trd, 000013.200, 150
Trd, 000013.400, 154
Trd, 000014.950, 149
Trd, 000015.300, 149
Trd, 000016.083, 150
Trd, 000017.033, 150
Trd, 000017.083, 147
Trd, 000017.283, 149
Trd, 000017.717, 147
Trd, 000018.083, 148
Trd, 000018.367, 146
Trd, 000018.650, 147
Trd, 000018.767, 149
Trd, 000018.867, 153
Trd, 000019.400, 153
Trd, 000019.483, 142
Trd, 000019.633, 139
Trd, 000019.750, 141
Trd, 000019.767, 135
Trd, 000021.500, 153
Trd, 000022.467, 140
Trd, 000022.917, 149
Trd, 000022.983, 150
Trd, 000023.917, 139
Trd, 000024.717, 150
Trd, 000024.750, 151
Trd, 000024.767, 157
Trd, 000025.267, 154
Trd, 000027.267, 147
Trd, 000027.317, 157
Trd, 000027.467, 158
Trd, 000027.550, 149
Trd, 000028.633, 149
Trd, 000029.067, 148
Trd, 000029.633, 149
Trd, 000029.733, 157
Trd, 000029.883, 151
Trd, 000030.767, 153
Trd, 000030.833, 149
Trd, 000031.417, 155
Trd, 000032.900, 150
Trd, 000032.933, 155
Trd, 000034.067, 152
Trd, 000035.083, 150
Trd, 000035.317, 150
Trd, 000035.467, 149
Trd, 000036.667, 151
Trd, 000036.817, 150
Trd, 000036.867, 153
Trd, 000037.233, 148
Trd, 000037.683, 143
Trd, 000038.217, 154
Trd, 000038.883, 145
Trd, 000038.950, 146
Trd, 000040.267, 148
Trd, 000040.817, 151
Trd, 000041.150, 151
Trd, 000041.500, 150
Trd, 000042.283, 155
Trd, 000042.467, 158
Trd, 000042.900, 153
Trd, 000044.067, 152
Trd, 000044.100, 151
Trd, 000044.950, 157
Trd, 000046.233, 156
Trd, 000046.300, 152
Trd, 000046.850, 152
Trd, 000048.550, 155
Trd, 000048.900, 156
Trd, 000049.017, 150
Trd, 000050.283, 150
Trd, 000050.400, 155
Trd, 000051.250, 154
Trd, 000051.733, 156
Trd, 000051.750, 152
Trd, 000052.150, 151
Trd, 000052.950, 151
Trd, 000053.583, 151
Trd, 000054.717, 150
Trd, 000055.217, 153
Trd, 000055.233, 156
Trd, 000055.250, 149
Trd, 000055.517, 156
Trd, 000056.417, 156
Trd, 000056.717, 155
Trd, 000058.533, 154
Trd, 000058.583, 150
Trd, 000058.617, 149
Trd, 000059.267, 150
Trd, 000059.467, 149
Trd, 000059.567, 154
Trd, 000060.200, 152
Trd, 000061.100, 157
Trd, 000061.950, 161
Trd, 000062.050, 146
Trd, 000062.600, 150
Trd, 000063.350, 143
Trd, 000063.617, 144
Trd, 000064.467, 147
Trd, 000064.600, 150
Trd, 000065.517, 147
Trd, 000065.583, 146
Trd, 000066.417, 149
Trd, 000067.683, 152
Trd, 000068.417, 152
Trd, 000069.117, 151
Trd, 000069.767, 157
Trd, 000070.017, 156
Trd, 000070.100, 158
Trd, 000070.833, 159
Trd, 000071.267, 151
Trd, 000071.417, 158
Trd, 000071.767, 162
Trd, 000072.283, 154
Trd, 000072.883, 151
Trd, 000073.100, 158
Trd, 000073.250, 160
Trd, 000073.517, 152
Trd, 000074.050, 161
Trd, 000074.433, 147
Trd, 000075.750, 158
Trd, 000076.083, 159
Trd, 000076.950, 152
Trd, 000077.833, 155
Trd, 000078.233, 153
Trd, 000078.433, 156
Trd, 000078.800, 156
Trd, 000079.133, 153
Trd, 000079.533, 163
Trd, 000079.883, 159
Trd, 000080.750, 152
Trd, 000081.767, 157
Trd, 000082.133, 153
Trd, 000082.333, 152
Trd, 000083.117, 159
Trd, 000084.183, 156
Trd, 000084.867, 158
Trd, 000085.133, 158
Trd, 000085.633, 153
Trd, 000085.750, 152
Trd, 000085.917, 157
Trd, 000087.100, 153
Trd, 000087.450, 149
Trd, 000087.950, 160
Trd, 000088.067, 152
Trd, 000088.100, 148
Trd, 000088.117, 174
Trd, 000088.867, 164
Trd, 000089.467, 146
Trd, 000091.050, 163
Trd, 000091.383, 156
Trd, 000092.000, 161
Trd, 000092.283, 158
Trd, 000093.333, 155
Trd, 000094.550, 154
Trd, 000094.767, 153
Trd, 000095.367, 161
Trd, 000095.417, 153
Trd, 000096.433, 149
Trd, 000096.633, 162
Trd, 000097.333, 162
Trd, 000097.833, 164
Trd, 000098.217, 175
Trd, 000098.433, 157
Trd, 000098.850, 154
Trd, 000099.383, 154
Trd, 000099.900, 158
Trd, 000100.200, 153
Trd, 000100.667, 160
Trd, 000102.067, 154
Trd, 000103.000, 154
Trd, 000103.100, 154
Trd, 000103.800, 154
Trd, 000105.017, 154
Trd, 000105.600, 156
Trd, 000105.617, 152
Trd, 000105.750, 151
Trd, 000106.500, 156
Trd, 000107.183, 155
Trd, 000108.117, 154
Trd, 000108.133, 152
Trd, 000108.433, 157
Trd, 000108.450, 158
Trd, 000109.167, 159
Trd, 000111.200, 155
Trd, 000111.600, 155
Trd, 000112.183, 156
Trd, 000112.500, 156
Trd, 000112.600, 159
Trd, 000113.350, 160
Trd, 000113.900, 165
Trd, 000113.933, 169
Trd, 000114.183, 154
Trd, 000114.483, 150
Trd, 000114.950, 164
Trd, 000114.983, 166
Trd, 000116.567, 159
Trd, 000116.733, 156
Trd, 000117.067, 156
Trd, 000117.217, 155
Trd, 000117.517, 161
Trd, 000119.250, 162
Trd, 000119.317, 159
Trd, 000119.917, 158
Trd, 000121.417, 163
Trd, 000121.483, 163
Trd, 000121.900, 163
Trd, 000122.317, 167
Trd, 000122.333, 170
Trd, 000123.350, 177
Trd, 000123.717, 194
Trd, 000123.900, 201
Trd, 000124.167, 188
Trd, 000124.567, 323
Trd, 000124.833, 324.0
Trd, 000124.950, 320.0
Trd, 000125.367, 320.0
Trd, 000126.517, 331.0
Trd, 000126.683, 337.0
Trd, 000127.133, 344.0
Trd, 000127.533, 336
Trd, 000128.317, 334
Trd, 000128.383, 353
Trd, 000129.167, 349
Trd, 000131.383, 346
Trd, 000131.500, 345.0
Trd, 000132.617, 344.0
Trd, 000132.983, 346
Trd, 000133.833, 345
Trd, 000134.517, 348
Trd, 000134.717, 347
Trd, 000134.817, 355.0
Trd, 000136.050, 345
Trd, 000136.867, 344.0
Trd, 000137.500, 340
Trd, 000137.550, 348.0
Trd, 000137.717, 337.0
Trd, 000138.217, 345
Trd, 000138.517, 348.0
Trd, 000139.583, 348.0
Trd, 000139.800, 348
Trd, 000139.900, 338
Trd, 000139.967, 337.0
Trd, 000141.433, 337.0
Trd, 000141.717, 340
Trd, 000142.633, 348
Trd, 000142.667, 349
Trd, 000142.717, 344.0
Trd, 000144.633, 345
Trd, 000145.017, 349
Trd, 000145.167, 345
Trd, 000146.183, 349
Trd, 000147.650, 350
Trd, 000147.950, 349.0
Trd, 000148.067, 348.0
Trd, 000148.100, 344.0
Trd, 000149.467, 350
Trd, 000149.933, 340
Trd, 000150.117, 340
Trd, 000150.850, 355.0
Trd, 000152.717, 348
Trd, 000154.917, 350
Trd, 000154.933, 348.0
Trd, 000155.167, 346
Trd, 000155.633, 349
Trd, 000156.183, 346
Trd, 000156.500, 349
Trd, 000157.633, 345.0
Trd, 000158.000, 350
Trd, 000158.717, 347.0
Trd, 000158.900, 351
Trd, 000159.283, 344.0
Trd, 000159.800, 342
Trd, 000160.033, 338
Trd, 000160.533, 344.0
Trd, 000161.400, 348
Trd, 000162.233, 341
Trd, 000163.867, 337.0
Trd, 000164.017, 336
Trd, 000164.100, 344
Trd, 000164.833, 347
Trd, 000165.217, 349
Trd, 000165.717, 344.0
Trd, 000166.533, 344.0
Trd, 000168.150, 343
Trd, 000169.300, 344.0
Trd, 000170.250, 347.0
Trd, 000171.000, 348.0
Trd, 000171.067, 345.0
Trd, 000171.450, 344.0
Trd, 000171.617, 339
Trd, 000172.867, 344.0
Trd, 000173.183, 347
Trd, 000173.200, 337
Trd, 000173.383, 337
Trd, 000174.033, 339
Trd, 000175.183, 337
Trd, 000175.450, 340
Trd, 000175.850, 337
Trd, 000176.733, 337
Trd, 000176.983, 336
Trd, 000177.217, 336
Trd, 000178.283, 337
Trd, 000180.083, 336
Trd, 000180.633, 337.0
Trd, 000181.200, 341
Trd, 000181.300, 343
Trd, 000181.317, 344.0
Trd, 000181.933, 337
Trd, 000182.200, 335
Trd, 000182.667, 332
Trd, 000182.833, 317.0
Trd, 000183.250, 313.0
Trd, 000183.883, 226
Trd, 000184.117, 218
Trd, 000184.217, 190
Trd, 000184.800, 186
Trd, 000185.333, 180
Trd, 000185.717, 169
Trd, 000185.767, 166
Trd, 000186.950, 173
Trd, 000187.267, 179
Trd, 000188.217, 162
Trd, 000188.600, 156
Trd, 000188.633, 156
Trd, 000189.167, 156
Trd, 000189.283, 169
Trd, 000189.700, 161
Trd, 000190.217, 171
Trd, 000191.150, 167
Trd, 000191.200, 157
Trd, 000191.917, 165
Trd, 000192.417, 163
Trd, 000192.883, 165
Trd, 000194.250, 160
Trd, 000195.367, 173
Trd, 000195.433, 174
Trd, 000197.333, 171
Trd, 000197.783, 170
Trd, 000197.983, 168
Trd, 000198.100, 171
Trd, 000198.583, 170
Trd, 000199.733, 168
Trd, 000200.000, 170
Trd, 000200.517, 167
Trd, 000201.300, 168
Trd, 000201.567, 164
Trd, 000201.617, 171
Trd, 000201.800, 159
Trd, 000202.000, 171
Trd, 000202.383, 160
Trd, 000204.767, 167
Trd, 000205.283, 166
Trd, 000205.467, 167
Trd, 000205.500, 165
Trd, 000205.700, 168
Trd, 000206.033, 171
Trd, 000206.250, 166
Trd, 000206.750, 165
Trd, 000207.150, 165
Trd, 000207.200, 175
Trd, 000208.550, 165
Trd, 000208.783, 167
Trd, 000209.467, 164
Trd, 000211.100, 167
Trd, 000212.233, 164
Trd, 000212.550, 163
Trd, 000212.567, 164
Trd, 000213.467, 165
Trd, 000213.650, 164
Trd, 000213.933, 163
Trd, 000213.967, 161
Trd, 000214.883, 165
Trd, 000215.050, 169
Trd, 000216.383, 166
Trd, 000216.600, 168
Trd, 000216.867, 164
Trd, 000218.267, 163
Trd, 000218.683, 161
Trd, 000219.033, 173
Trd, 000219.600, 177
Trd, 000220.067, 165
Trd, 000221.250, 171
Trd, 000221.850, 169
Trd, 000222.183, 166
Trd, 000222.367, 171
Trd, 000222.800, 169
Trd, 000222.883, 173
Trd, 000223.200, 177
Trd, 000224.450, 180
Trd, 000225.533, 177
Trd, 000225.883, 170
Trd, 000226.383, 170
Trd, 000227.517, 166
Trd, 000227.917, 159
Trd, 000228.483, 168
Trd, 000228.833, 170
Trd, 000228.933, 172
Trd, 000229.417, 162
Trd, 000230.950, 168
Trd, 000231.783, 174
Trd, 000231.817, 167
Trd, 000232.483, 173
Trd, 000232.833, 167
Trd, 000233.900, 169
Trd, 000234.783, 173
Trd, 000235.583, 174
Trd, 000235.833, 170
Trd, 000236.583, 170
Trd, 000236.617, 167
Trd, 000238.483, 170
Trd, 000238.967, 172
Trd, 000239.233, 171
Trd, 000239.283, 162
Trd, 000239.450, 161
Trd, 000239.783, 168
Trd, 000240.167, 169
Trd, 000240.800, 160
Trd, 000240.950, 170
Trd, 000241.667, 165
Trd, 000242.433, 164
Trd, 000242.783, 165
Trd, 000242.817, 166
Trd, 000242.883, 172
Trd, 000243.233, 164
Trd, 000243.417, 163
Trd, 000243.967, 168
Trd, 000244.150, 172
Trd, 000244.783, 175
Trd, 000244.867, 174
Trd, 000245.167, 173
Trd, 000245.467, 187
Trd, 000245.917, 192
Trd, 000246.683, 179
Trd, 000246.717, 180
Trd, 000247.183, 183
Trd, 000248.250, 176
Trd, 000248.850, 180
Trd, 000249.000, 179
Trd, 000249.083, 181
Trd, 000249.250, 179
Trd, 000249.633, 163
Trd, 000249.667, 180
Trd, 000249.950, 188
Trd, 000250.417, 172
Trd, 000250.950, 167
Trd, 000250.967, 166
Trd, 000251.167, 169
Trd, 000251.217, 165
Trd, 000251.483, 163
Trd, 000252.133, 172
Trd, 000252.200, 173
Trd, 000252.367, 169
Trd, 000252.633, 174
Trd, 000252.883, 190
Trd, 000253.300, 174
Trd, 000253.850, 171
Trd, 000253.933, 179
Trd, 000255.883, 177
Trd, 000256.200, 175
Trd, 000256.250, 174
Trd, 000256.650, 174
Trd, 000257.483, 174
Trd, 000257.717, 174
Trd, 000257.767, 177
Trd, 000257.967, 171
Trd, 000258.133, 173
Trd, 000258.283, 177
Trd, 000258.400, 183
Trd, 000258.633, 173
Trd, 000258.783, 172
Trd, 000260.833, 177
Trd, 000261.033, 175
Trd, 000261.550, 176
Trd, 000261.733, 176
Trd, 000261.750, 177
Trd, 000261.900, 174
Trd, 000262.233, 179
Trd, 000262.667, 170
Trd, 000263.367, 167
Trd, 000263.667, 163
Trd, 000264.600, 162
Trd, 000265.017, 164
Trd, 000265.217, 164
Trd, 000265.300, 159
Trd, 000265.433, 169
Trd, 000265.550, 170
Trd, 000266.417, 171
Trd, 000267.033, 171
Trd, 000267.083, 175
Trd, 000267.283, 177
Trd, 000268.883, 173
Trd, 000268.900, 170
Trd, 000268.983, 176
Trd, 000269.050, 166
Trd, 000269.467, 179
Trd, 000270.033, 166
Trd, 000270.433, 171
Trd, 000271.050, 177
Trd, 000271.183, 182
Trd, 000271.417, 170
Trd, 000271.983, 172
Trd, 000272.667, 173
Trd, 000272.700, 175
Trd, 000273.000, 180
Trd, 000273.117, 178
Trd, 000274.783, 173
Trd, 000274.800, 171
Trd, 000275.083, 173
Trd, 000275.267, 172
Trd, 000275.350, 171
Trd, 000275.467, 173
Trd, 000275.983, 179
Trd, 000276.233, 179
Trd, 000276.500, 182
Trd, 000276.750, 183
Trd, 000277.500, 184
Trd, 000277.783, 178
Trd, 000277.917, 176
Trd, 000278.200, 183
Trd, 000278.467, 185
Trd, 000279.483, 176
Trd, 000279.733, 170
Trd, 000279.950, 185
Trd, 000280.650, 178
Trd, 000280.800, 174
Trd, 000280.833, 180
Trd, 000280.933, 174
Trd, 000281.767, 185
Trd, 000282.150, 186
Trd, 000282.450, 193
Trd, 000282.600, 186
Trd, 000283.500, 183
Trd, 000283.950, 189
Trd, 000285.633, 178
Trd, 000286.017, 180
Trd, 000286.067, 181
Trd, 000286.167, 177
Trd, 000286.483, 184
Trd, 000286.950, 173
Trd, 000287.300, 180
Trd, 000287.433, 172
Trd, 000287.750, 177
Trd, 000287.983, 177
Trd, 000288.200, 184
Trd, 000288.683, 173
Trd, 000288.933, 184
Trd, 000289.650, 174
Trd, 000290.100, 173
Trd, 000290.350, 179
Trd, 000290.450, 179
Trd, 000290.500, 166
Trd, 000290.917, 181
Trd, 000291.767, 166
Trd, 000291.950, 182
Trd, 000291.967, 179
Trd, 000292.233, 184
Trd, 000292.817, 176
Trd, 000292.867, 182
Trd, 000293.100, 175
Trd, 000293.500, 173
Trd, 000294.317, 165
Trd, 000294.450, 161
Trd, 000295.067, 166
Trd, 000295.500, 169
Trd, 000296.150, 164
Trd, 000296.367, 173
Trd, 000297.300, 169
Trd, 000297.333, 180
Trd, 000297.683, 166
Trd, 000297.850, 173
Trd, 000297.950, 181
Trd, 000298.167, 167
Trd, 000298.317, 175
Trd, 000299.100, 171
Trd, 000299.783, 174
