Trd, 000003.367, 141
Trd, 000004.183, 144
Trd, 000004.300, 143
Trd, 000004.667, 151
Trd, 000004.767, 152
Trd, 000005.550, 153
Trd, 000006.233, 151
Trd, 000007.017, 149
Trd, 000007.083, 151
Trd, 000007.700, 149
Trd, 000008.917, 150
Trd, 000009.017, 151
Trd, 000009.267, 151
Trd, 000009.350, 150
Trd, 000009.367, 149
Trd, 000009.933, 156
Trd, 000011.533, 151
Trd, 000011.933, 167
Trd, 000012.267, 151
Trd, 000012.750, 151
Trd, 000013.333, 152
Trd, 000014.850, 154
Trd, 000015.200, 151
Trd, 000016.133, 152
Trd, 000016.350, 150
Trd, 000017.083, 149
Trd, 000017.383, 152
Trd, 000017.767, 148
Trd, 000018.467, 148
Trd, 000019.683, 148
Trd, 000019.783, 151
Trd, 000020.100, 151
Trd, 000020.183, 153
Trd, 000020.650, 153
Trd, 000021.667, 155
Trd, 000022.200, 161
Trd, 000022.417, 156
Trd, 000023.383, 158
Trd, 000023.583, 158
Trd, 000024.550, 155
Trd, 000025.317, 155
Trd, 000028.300, 155
Trd, 000028.633, 155
Trd, 000028.783, 154
Trd, 000029.050, 154
Trd, 000029.700, 155
Trd, 000029.967, 158
Trd, 000030.867, 156
Trd, 000031.150, 156
Trd, 000031.267, 157
Trd, 000032.050, 158
Trd, 000032.283, 159
Trd, 000033.183, 163
Trd, 000033.733, 165
Trd, 000033.883, 164
Trd, 000034.900, 166
Trd, 000034.983, 165
Trd, 000035.033, 165
Trd, 000035.750, 171
Trd, 000035.800, 165
Trd, 000037.850, 165
Trd, 000038.033, 162
Trd, 000039.067, 155
Trd, 000039.150, 145
Trd, 000039.333, 148
Trd, 000039.450, 134
Trd, 000039.717, 160
Trd, 000040.000, 156
Trd, 000040.683, 157
Trd, 000040.867, 155
Trd, 000041.900, 156
Trd, 000042.550, 155
Trd, 000043.983, 156
Trd, 000044.333, 156
Trd, 000044.867, 154
Trd, 000045.067, 154
Trd, 000045.483, 152
Trd, 000046.483, 155
Trd, 000046.600, 151
Trd, 000046.917, 160
Trd, 000047.717, 158
Trd, 000048.683, 152
Trd, 000049.767, 154
Trd, 000050.500, 158
Trd, 000051.550, 160
Trd, 000051.817, 158
Trd, 000051.833, 156
Trd, 000052.517, 158
Trd, 000053.200, 157
Trd, 000053.950, 159
Trd, 000054.550, 159
Trd, 000054.733, 158
Trd, 000055.133, 158
Trd, 000055.900, 157
Trd, 000056.600, 157
Trd, 000056.733, 156
Trd, 000057.533, 156
Trd, 000058.100, 156
Trd, 000058.233, 155
Trd, 000059.433, 158
Trd, 000060.517, 159
Trd, 000061.250, 159
Trd, 000061.367, 160
Trd, 000062.917, 169
Trd, 000063.400, 158
Trd, 000063.833, 171
Trd, 000064.067, 160
Trd, 000064.367, 159
Trd, 000065.067, 157
Trd, 000066.917, 163
Trd, 000066.950, 158
Trd, 000067.717, 159
Trd, 000068.733, 163
Trd, 000070.150, 162
Trd, 000070.250, 163
Trd, 000070.583, 162
Trd, 000070.917, 161
Trd, 000071.533, 159
Trd, 000071.817, 158
Trd, 000072.033, 154
Trd, 000072.933, 157
Trd, 000073.033, 155
Trd, 000073.083, 160
Trd, 000073.917, 154
Trd, 000074.367, 153
Trd, 000074.650, 152
Trd, 000075.033, 158
Trd, 000075.533, 160
Trd, 000076.300, 154
Trd, 000076.700, 160
Trd, 000077.467, 154
Trd, 000077.850, 154
Trd, 000078.300, 154
Trd, 000078.867, 154
Trd, 000079.800, 155
Trd, 000080.767, 156
Trd, 000081.067, 157
Trd, 000081.117, 154
Trd, 000081.500, 150
Trd, 000081.650, 157
Trd, 000082.683, 160
Trd, 000082.967, 152
Trd, 000084.300, 156
Trd, 000085.033, 155
Trd, 000085.150, 153
Trd, 000086.467, 155
Trd, 000086.483, 152
Trd, 000088.017, 149
Trd, 000088.183, 156
Trd, 000088.483, 140
Trd, 000088.617, 169
Trd, 000088.667, 170
Trd, 000089.167, 154
Trd, 000089.250, 153
Trd, 000090.700, 156
Trd, 000090.933, 156
Trd, 000091.933, 159
Trd, 000092.150, 158
Trd, 000092.617, 159
Trd, 000092.767, 158
Trd, 000094.100, 162
Trd, 000094.283, 159
Trd, 000095.483, 160
Trd, 000095.933, 160
Trd, 000096.667, 162
Trd, 000097.033, 163
Trd, 000097.383, 161
Trd, 000098.233, 161
Trd, 000098.433, 160
Trd, 000099.467, 159
Trd, 000099.567, 161
Trd, 000100.333, 158
Trd, 000100.350, 160
Trd, 000100.817, 162
Trd, 000100.917, 162
Trd, 000102.967, 162
Trd, 000103.567, 162
Trd, 000103.950, 161
Trd, 000105.117, 163
Trd, 000105.317, 162
Trd, 000105.467, 163
Trd, 000106.350, 164
Trd, 000107.050, 163
Trd, 000107.217, 160
Trd, 000107.567, 165
Trd, 000107.833, 166
Trd, 000108.183, 162
Trd, 000109.967, 158
Trd, 000110.083, 159
Trd, 000110.483, 143
Trd, 000110.650, 160
Trd, 000111.417, 157
Trd, 000112.300, 161
Trd, 000112.483, 161
Trd, 000112.967, 159
Trd, 000112.983, 158
Trd, 000113.633, 158
Trd, 000114.050, 161
Trd, 000114.317, 160
Trd, 000114.483, 158
Trd, 000115.083, 161
Trd, 000116.133, 164
Trd, 000116.550, 166
Trd, 000116.900, 166
Trd, 000117.383, 158
Trd, 000118.583, 167
Trd, 000118.817, 166
Trd, 000119.767, 166
Trd, 000120.183, 166
Trd, 000120.300, 163
Trd, 000120.617, 167
Trd, 000121.767, 166
Trd, 000121.883, 166
Trd, 000122.183, 175
Trd, 000122.750, 184
Trd, 000123.283, 166
Trd, 000123.367, 187
Trd, 000123.467, 212
Trd, 000123.950, 282
Trd, 000124.133, 300.0
Trd, 000124.967, 286
Trd, 000125.150, 324.0
Trd, 000125.800, 332.0
Trd, 000126.200, 331.0
Trd, 000126.517, 334.0
Trd, 000127.733, 344.0
Trd, 000128.100, 327.0
Trd, 000128.967, 332.0
Trd, 000130.117, 338
Trd, 000130.333, 341.0
Trd, 000130.400, 331.0
Trd, 000131.133, 351.0
Trd, 000132.300, 343.0
Trd, 000132.550, 343.0
Trd, 000132.650, 344.0
Trd, 000132.767, 343
Trd, 000133.400, 348
Trd, 000133.867, 344
Trd, 000133.967, 358
Trd, 000134.633, 345
Trd, 000135.600, 345
Trd, 000135.817, 346
Trd, 000137.167, 348
Trd, 000137.283, 345
Trd, 000138.833, 344
Trd, 000138.917, 343
Trd, 000139.050, 349
Trd, 000140.317, 348
Trd, 000140.367, 345
Trd, 000140.433, 344
Trd, 000140.550, 342
Trd, 000142.467, 338
Trd, 000143.633, 341.0
Trd, 000143.933, 340
Trd, 000144.500, 343.0
Trd, 000145.267, 344.0
Trd, 000145.517, 342
Trd, 000145.617, 340
Trd, 000146.750, 341
Trd, 000146.783, 342
Trd, 000147.033, 338
Trd, 000147.200, 340
Trd, 000148.417, 339
Trd, 000149.250, 339
Trd, 000149.600, 340
Trd, 000150.183, 341
Trd, 000151.083, 338
Trd, 000151.183, 338
Trd, 000151.750, 351.0
Trd, 000152.483, 338
Trd, 000153.483, 341.0
Trd, 000154.400, 342.0
Trd, 000154.750, 341
Trd, 000155.033, 342
Trd, 000155.117, 336
Trd, 000155.683, 344.0
Trd, 000156.050, 350.0
Trd, 000156.433, 351.0
Trd, 000156.800, 353
Trd, 000157.083, 333.0
Trd, 000157.217, 344.0
Trd, 000159.100, 345
Trd, 000159.583, 361
Trd, 000160.017, 351.0
Trd, 000161.317, 351
Trd, 000162.250, 350
Trd, 000162.633, 349
Trd, 000163.933, 345
Trd, 000164.167, 346
Trd, 000164.550, 345
Trd, 000164.717, 341
Trd, 000166.017, 342
Trd, 000166.767, 346
Trd, 000167.350, 341
Trd, 000167.533, 349
Trd, 000168.117, 349
Trd, 000168.300, 346
Trd, 000170.233, 360
Trd, 000170.283, 355
Trd, 000170.417, 364
Trd, 000170.600, 355.0
Trd, 000170.967, 353.0
Trd, 000171.450, 355
Trd, 000172.050, 357
Trd, 000172.333, 356.0
Trd, 000172.417, 351.0
Trd, 000172.783, 350
Trd, 000174.183, 349
Trd, 000175.833, 351.0
Trd, 000175.933, 351
Trd, 000176.183, 351.0
Trd, 000176.217, 350
Trd, 000176.783, 349
Trd, 000177.550, 345
Trd, 000177.650, 351
Trd, 000177.700, 347
Trd, 000178.100, 332.0
Trd, 000179.683, 342
Trd, 000181.167, 334
Trd, 000181.183, 333.0
Trd, 000181.317, 336
Trd, 000182.283, 333
Trd, 000182.633, 331.0
Trd, 000182.667, 329
Trd, 000183.383, 326
Trd, 000183.533, 324.0
Trd, 000183.733, 322
Trd, 000183.783, 320.0
Trd, 000184.117, 294
Trd, 000184.250, 294
Trd, 000184.483, 207
Trd, 000185.600, 201
Trd, 000186.233, 197
Trd, 000186.550, 193
Trd, 000186.767, 190
Trd, 000187.150, 186
Trd, 000188.517, 186
Trd, 000190.017, 180
Trd, 000190.133, 174
Trd, 000190.583, 175
Trd, 000190.917, 179
Trd, 000190.950, 180
Trd, 000191.417, 175
Trd, 000193.100, 176
Trd, 000193.267, 178
Trd, 000193.433, 178
Trd, 000194.733, 173
Trd, 000195.000, 175
Trd, 000195.317, 175
Trd, 000196.283, 178
Trd, 000196.717, 178
Trd, 000196.900, 179
Trd, 000197.133, 178
Trd, 000197.883, 180
Trd, 000199.167, 177
Trd, 000199.233, 170
Trd, 000199.533, 181
Trd, 000200.000, 175
Trd, 000201.400, 176
Trd, 000202.017, 176
Trd, 000202.217, 173
Trd, 000202.550, 167
Trd, 000202.650, 177
Trd, 000202.733, 164
Trd, 000203.450, 172
Trd, 000203.683, 176
Trd, 000203.983, 172
Trd, 000204.417, 171
Trd, 000204.533, 170
Trd, 000207.000, 165
Trd, 000207.167, 165
Trd, 000207.233, 165
Trd, 000208.000, 159
Trd, 000209.200, 161
Trd, 000209.767, 162
Trd, 000210.183, 165
Trd, 000210.717, 165
Trd, 000210.850, 161
Trd, 000212.083, 167
Trd, 000212.600, 167
Trd, 000212.717, 171
Trd, 000212.833, 166
Trd, 000213.067, 172
Trd, 000213.417, 172
Trd, 000214.183, 176
Trd, 000215.100, 173
Trd, 000215.517, 173
Trd, 000215.983, 173
Trd, 000216.133, 174
Trd, 000216.500, 176
Trd, 000217.417, 169
Trd, 000218.017, 170
Trd, 000218.817, 168
Trd, 000219.483, 163
Trd, 000219.650, 166
Trd, 000219.833, 176
Trd, 000221.583, 170
Trd, 000221.750, 171
Trd, 000222.317, 173
Trd, 000222.783, 168
Trd, 000222.917, 166
Trd, 000223.600, 170
Trd, 000223.917, 170
Trd, 000225.183, 177
Trd, 000225.867, 173
Trd, 000227.300, 176
Trd, 000228.617, 175
Trd, 000228.650, 172
Trd, 000228.683, 177
Trd, 000230.767, 174
Trd, 000231.267, 174
Trd, 000231.550, 175
Trd, 000232.117, 174
Trd, 000232.750, 173
Trd, 000233.050, 172
Trd, 000233.517, 173
Trd, 000233.850, 178
Trd, 000234.317, 185
Trd, 000234.433, 180
Trd, 000234.533, 176
Trd, 000235.917, 176
Trd, 000236.683, 176
Trd, 000236.733, 177
Trd, 000236.817, 175
Trd, 000237.100, 170
Trd, 000237.950, 165
Trd, 000238.233, 175
Trd, 000240.417, 171
Trd, 000240.917, 171
Trd, 000240.967, 174
Trd, 000241.050, 175
Trd, 000241.167, 175
Trd, 000241.400, 177
Trd, 000241.817, 177
Trd, 000242.117, 179
Trd, 000242.383, 179
Trd, 000242.433, 178
Trd, 000242.700, 173
Trd, 000243.100, 180
Trd, 000243.250, 177
Trd, 000243.900, 186
Trd, 000244.350, 183
Trd, 000244.817, 181
Trd, 000245.050, 180
Trd, 000245.167, 179
Trd, 000245.267, 177
Trd, 000245.567, 180
Trd, 000245.733, 173
Trd, 000246.867, 175
Trd, 000246.967, 178
Trd, 000247.933, 180
Trd, 000248.333, 183
Trd, 000248.433, 180
Trd, 000248.700, 180
Trd, 000248.883, 181
Trd, 000249.717, 176
Trd, 000249.833, 175
Trd, 000250.067, 181
Trd, 000250.600, 180
Trd, 000251.067, 180
Trd, 000251.567, 180
Trd, 000251.583, 179
Trd, 000252.283, 177
Trd, 000252.750, 177
Trd, 000253.233, 175
Trd, 000253.283, 166
Trd, 000254.083, 169
Trd, 000254.500, 171
Trd, 000255.567, 171
Trd, 000255.767, 177
Trd, 000255.983, 175
Trd, 000256.267, 178
Trd, 000256.767, 180
Trd, 000257.033, 181
Trd, 000257.683, 181
Trd, 000257.950, 181
Trd, 000258.400, 177
Trd, 000258.550, 181
Trd, 000258.833, 176
Trd, 000259.800, 181
Trd, 000259.933, 177
Trd, 000260.733, 166
Trd, 000261.533, 167
Trd, 000261.650, 172
Trd, 000261.750, 165
Trd, 000261.850, 167
Trd, 000262.650, 173
Trd, 000262.767, 170
Trd, 000263.517, 177
Trd, 000264.333, 177
Trd, 000264.350, 176
Trd, 000264.817, 177
Trd, 000265.133, 178
Trd, 000265.583, 181
Trd, 000265.750, 176
Trd, 000266.133, 178
Trd, 000266.283, 181
Trd, 000266.567, 185
Trd, 000267.250, 177
Trd, 000267.517, 182
Trd, 000268.200, 185
Trd, 000268.533, 189
Trd, 000268.750, 189
Trd, 000269.000, 187
Trd, 000269.517, 186
Trd, 000269.883, 185
Trd, 000270.867, 185
Trd, 000270.917, 186
Trd, 000271.050, 186
Trd, 000271.367, 187
Trd, 000271.617, 185
Trd, 000272.550, 182
Trd, 000272.850, 178
Trd, 000273.233, 185
Trd, 000273.767, 185
Trd, 000274.483, 181
Trd, 000274.600, 180
Trd, 000274.917, 184
Trd, 000275.317, 183
Trd, 000275.333, 182
Trd, 000275.850, 182
Trd, 000276.083, 179
Trd, 000276.400, 184
Trd, 000276.567, 179
Trd, 000276.667, 182
Trd, 000277.400, 182
Trd, 000277.417, 181
Trd, 000278.500, 182
Trd, 000278.800, 176
Trd, 000279.183, 181
Trd, 000279.250, 181
Trd, 000279.667, 179
Trd, 000279.683, 182
Trd, 000280.450, 183
Trd, 000280.667, 184
Trd, 000280.867, 181
Trd, 000281.017, 179
Trd, 000281.450, 180
Trd, 000282.433, 180
Trd, 000283.700, 184
Trd, 000284.083, 180
Trd, 000284.200, 181
Trd, 000284.317, 179
Trd, 000285.217, 181
Trd, 000285.417, 183
Trd, 000285.533, 177
Trd, 000285.783, 175
Trd, 000286.067, 186
Trd, 000286.600, 176
Trd, 000287.183, 191
Trd, 000287.600, 180
Trd, 000287.750, 179
Trd, 000287.767, 181
Trd, 000287.967, 175
Trd, 000288.400, 182
Trd, 000288.700, 184
Trd, 000289.017, 179
Trd, 000289.617, 180
Trd, 000289.883, 180
Trd, 000289.917, 179
Trd, 000290.483, 176
Trd, 000290.817, 175
Trd, 000291.367, 185
Trd, 000292.550, 184
Trd, 000292.583, 183
Trd, 000293.667, 180
Trd, 000294.083, 180
Trd, 000294.233, 178
Trd, 000294.317, 177
Trd, 000295.233, 184
Trd, 000295.533, 182
Trd, 000295.667, 187
Trd, 000295.733, 181
Trd, 000296.100, 188
Trd, 000296.450, 180
Trd, 000297.133, 190
Trd, 000297.217, 191
Trd, 000297.783, 192
Trd, 000298.767, 186
Trd, 000299.300, 185
Trd, 000299.450, 188
