Trd, 000000.767, 134
Trd, 000002.500, 138
Trd, 000003.267, 144
Trd, 000003.533, 150
Trd, 000004.767, 139
Trd, 000005.167, 144
Trd, 000005.933, 141
Trd, 000006.117, 139
Trd, 000006.133, 138
Trd, 000006.767, 143
Trd, 000007.033, 138
Trd, 000008.550, 135
Trd, 000008.633, 135
Trd, 000009.483, 135
Trd, 000009.817, 137
Trd, 000010.833, 147
Trd, 000013.800, 147
Trd, 000014.483, 146
Trd, 000014.917, 145
Trd, 000015.183, 144
Trd, 000015.200, 143
Trd, 000015.850, 143
Trd, 000016.350, 148
Trd, 000016.650, 147
Trd, 000016.767, 145
Trd, 000016.800, 148
Trd, 000018.683, 147
Trd, 000018.700, 146
Trd, 000019.700, 147
Trd, 000019.767, 146
Trd, 000020.367, 150
Trd, 000020.617, 147
Trd, 000020.717, 150
Trd, 000020.783, 153
Trd, 000021.217, 146
Trd, 000022.900, 143
Trd, 000023.633, 143
Trd, 000024.567, 143
Trd, 000024.650, 142
Trd, 000024.867, 144
Trd, 000025.650, 145
Trd, 000026.233, 145
Trd, 000026.283, 144
Trd, 000027.717, 148
Trd, 000027.733, 149
Trd, 000028.383, 153
Trd, 000029.800, 151
Trd, 000029.967, 147
Trd, 000030.100, 154
Trd, 000030.433, 147
Trd, 000031.217, 152
Trd, 000031.367, 148
Trd, 000031.717, 146
Trd, 000032.717, 150
Trd, 000033.783, 148
Trd, 000033.917, 147
Trd, 000034.767, 144
Trd, 000035.200, 149
Trd, 000035.817, 143
Trd, 000035.900, 143
Trd, 000036.950, 143
Trd, 000037.867, 145
Trd, 000037.950, 150
Trd, 000038.050, 151
Trd, 000040.167, 146
Trd, 000040.383, 146
Trd, 000040.500, 147
Trd, 000040.650, 149
Trd, 000041.500, 149
Trd, 000041.667, 147
Trd, 000043.050, 147
Trd, 000043.417, 152
Trd, 000043.633, 147
Trd, 000044.167, 150
Trd, 000045.350, 147
Trd, 000045.433, 145
Trd, 000045.767, 146
Trd, 000045.900, 144
Trd, 000045.983, 155
Trd, 000046.167, 141
Trd, 000046.217, 159
Trd, 000046.233, 131
Trd, 000047.150, 154
Trd, 000048.383, 146
Trd, 000049.517, 145
Trd, 000050.417, 147
Trd, 000050.517, 144
Trd, 000051.133, 152
Trd, 000052.400, 153
Trd, 000052.433, 151
Trd, 000052.533, 150
Trd, 000053.567, 150
Trd, 000054.783, 152
Trd, 000054.933, 153
Trd, 000055.667, 152
Trd, 000055.750, 152
Trd, 000056.550, 158
Trd, 000056.833, 154
Trd, 000058.300, 157
Trd, 000058.700, 158
Trd, 000058.950, 159
Trd, 000059.233, 163
Trd, 000059.567, 167
Trd, 000060.067, 159
Trd, 000060.333, 158
Trd, 000060.817, 147
Trd, 000060.900, 143
Trd, 000061.350, 137
Trd, 000061.400, 158
Trd, 000061.750, 157
Trd, 000063.350, 148
Trd, 000063.600, 155
Trd, 000065.033, 152
Trd, 000065.100, 151
Trd, 000065.917, 149
Trd, 000066.167, 150
Trd, 000066.650, 149
Trd, 000067.883, 149
Trd, 000068.417, 150
Trd, 000068.933, 148
Trd, 000069.367, 155
Trd, 000070.350, 157
Trd, 000071.083, 155
Trd, 000071.450, 158
Trd, 000072.000, 164
Trd, 000072.017, 154
Trd, 000072.283, 155
Trd, 000072.817, 156
Trd, 000073.633, 157
Trd, 000074.017, 156
Trd, 000074.817, 155
Trd, 000075.267, 155
Trd, 000075.467, 156
Trd, 000075.667, 158
Trd, 000076.550, 155
Trd, 000076.733, 155
Trd, 000077.283, 154
Trd, 000078.067, 157
Trd, 000078.800, 156
Trd, 000079.417, 167
Trd, 000080.050, 171
Trd, 000080.400, 156
Trd, 000080.567, 167
Trd, 000081.550, 162
Trd, 000082.183, 165
Trd, 000082.283, 165
Trd, 000082.917, 165
Trd, 000083.367, 164
Trd, 000083.450, 165
Trd, 000083.467, 161
Trd, 000084.283, 161
Trd, 000084.817, 164
Trd, 000085.417, 160
Trd, 000085.633, 149
Trd, 000085.900, 146
Trd, 000086.250, 149
Trd, 000086.400, 150
Trd, 000087.167, 150
Trd, 000088.450, 151
Trd, 000088.750, 151
Trd, 000089.800, 147
Trd, 000090.117, 147
Trd, 000090.367, 145
Trd, 000090.733, 147
Trd, 000090.833, 140
Trd, 000091.683, 147
Trd, 000091.800, 160
Trd, 000092.217, 142
Trd, 000092.583, 167
Trd, 000092.633, 171
Trd, 000092.917, 153
Trd, 000093.283, 154
Trd, 000094.317, 155
Trd, 000094.867, 154
Trd, 000094.950, 157
Trd, 000095.650, 169
Trd, 000095.717, 171
Trd, 000096.417, 153
Trd, 000096.650, 152
Trd, 000097.217, 150
Trd, 000097.283, 149
Trd, 000099.250, 158
Trd, 000099.650, 155
Trd, 000099.900, 153
Trd, 000100.700, 157
Trd, 000100.717, 155
Trd, 000101.000, 155
Trd, 000101.100, 156
Trd, 000101.900, 155
Trd, 000102.117, 156
Trd, 000102.133, 153
Trd, 000102.183, 151
Trd, 000104.250, 164
Trd, 000105.133, 156
Trd, 000105.400, 156
Trd, 000105.733, 157
Trd, 000107.317, 157
Trd, 000107.500, 155
Trd, 000107.533, 159
Trd, 000108.383, 157
Trd, 000108.950, 159
Trd, 000109.483, 158
Trd, 000110.367, 157
Trd, 000110.650, 156
Trd, 000111.167, 157
Trd, 000111.283, 159
Trd, 000111.483, 161
Trd, 000111.750, 168
Trd, 000113.333, 156
Trd, 000113.533, 152
Trd, 000113.550, 157
Trd, 000114.133, 149
Trd, 000115.133, 153
Trd, 000115.350, 150
Trd, 000115.717, 148
Trd, 000116.333, 150
Trd, 000117.417, 150
Trd, 000117.550, 152
Trd, 000118.050, 152
Trd, 000119.083, 159
Trd, 000119.333, 154
Trd, 000119.950, 155
Trd, 000120.333, 157
Trd, 000121.183, 156
Trd, 000121.767, 154
Trd, 000121.900, 159
Trd, 000122.300, 160
Trd, 000122.317, 161
Trd, 000122.583, 163
Trd, 000122.867, 170
Trd, 000122.967, 176
Trd, 000123.567, 191
Trd, 000123.767, 178
Trd, 000124.217, 244
Trd, 000124.300, 193
Trd, 000124.933, 246
Trd, 000125.650, 300.0
Trd, 000125.933, 303.0
Trd, 000126.017, 306.0
Trd, 000126.233, 313.0
Trd, 000127.567, 324
Trd, 000128.500, 303.0
Trd, 000128.567, 326
Trd, 000129.567, 314
Trd, 000129.583, 325.0
Trd, 000129.600, 327.0
Trd, 000131.717, 329
Trd, 000131.850, 333.0
Trd, 000131.867, 334.0
Trd, 000132.617, 334
Trd, 000133.333, 333
Trd, 000134.300, 340
Trd, 000135.017, 341
Trd, 000135.050, 340
Trd, 000135.267, 346.0
Trd, 000135.433, 341
Trd, 000135.833, 346.0
Trd, 000135.867, 351.0
Trd, 000136.683, 339
Trd, 000137.033, 340
Trd, 000137.917, 340
Trd, 000138.450, 342.0
Trd, 000138.550, 343.0
Trd, 000138.933, 340
Trd, 000140.033, 342
Trd, 000140.150, 337
Trd, 000141.883, 339
Trd, 000142.050, 338.0
Trd, 000142.400, 340
Trd, 000142.867, 337.0
Trd, 000144.450, 338
Trd, 000144.800, 335
Trd, 000145.050, 337
Trd, 000145.200, 337
Trd, 000145.367, 333
Trd, 000145.583, 332
Trd, 000146.033, 336
Trd, 000146.717, 339
Trd, 000147.117, 334.0
Trd, 000147.833, 339
Trd, 000149.133, 335
Trd, 000150.017, 338
Trd, 000150.033, 339
Trd, 000150.933, 336
Trd, 000151.733, 333
Trd, 000151.800, 334.0
Trd, 000151.817, 333
Trd, 000151.917, 343
Trd, 000151.933, 343.0
Trd, 000151.967, 348.0
Trd, 000152.183, 356
Trd, 000152.783, 358
Trd, 000152.867, 364
Trd, 000154.100, 349
Trd, 000154.567, 349
Trd, 000155.133, 346
Trd, 000155.683, 344
Trd, 000155.817, 347
Trd, 000156.983, 343
Trd, 000157.117, 344
Trd, 000157.517, 343
Trd, 000157.950, 343
Trd, 000158.067, 337.0
Trd, 000159.417, 340
Trd, 000159.700, 347
Trd, 000160.817, 346
Trd, 000160.900, 342
Trd, 000160.967, 341
Trd, 000161.700, 344
Trd, 000162.533, 342
Trd, 000163.350, 343
Trd, 000163.450, 344
Trd, 000163.467, 337.0
Trd, 000164.800, 347
Trd, 000166.083, 345.0
Trd, 000166.283, 348.0
Trd, 000166.500, 339
Trd, 000166.883, 337.0
Trd, 000168.333, 337.0
Trd, 000168.367, 334
Trd, 000168.550, 342
Trd, 000169.550, 333
Trd, 000170.717, 334
Trd, 000171.467, 337
Trd, 000172.017, 338
Trd, 000172.167, 338
Trd, 000172.383, 335
Trd, 000172.667, 342
Trd, 000172.717, 334
Trd, 000172.833, 334
Trd, 000175.150, 341
Trd, 000175.367, 340
Trd, 000175.383, 342
Trd, 000176.533, 338.0
Trd, 000176.900, 340
Trd, 000177.283, 342
Trd, 000178.250, 340
Trd, 000178.650, 341
Trd, 000178.933, 340
Trd, 000179.333, 340
Trd, 000179.417, 347.0
Trd, 000179.467, 338
Trd, 000179.683, 337.0
Trd, 000181.350, 339
Trd, 000182.350, 340
Trd, 000182.583, 337.0
Trd, 000182.717, 342
Trd, 000183.150, 331.0
Trd, 000183.283, 327.0
Trd, 000183.317, 285
Trd, 000184.000, 202
Trd, 000184.233, 211
Trd, 000184.567, 229
Trd, 000185.050, 297
Trd, 000186.717, 180
Trd, 000186.817, 208
Trd, 000186.950, 173
Trd, 000187.283, 198
Trd, 000187.950, 165
Trd, 000188.250, 160
Trd, 000188.433, 188
Trd, 000188.633, 155
Trd, 000189.333, 166
Trd, 000189.567, 167
Trd, 000190.433, 167
Trd, 000190.500, 169
Trd, 000191.033, 167
Trd, 000191.217, 167
Trd, 000191.433, 169
Trd, 000192.283, 167
Trd, 000193.400, 170
Trd, 000193.517, 182
Trd, 000193.583, 170
Trd, 000193.700, 168
Trd, 000194.300, 156
Trd, 000195.167, 167
Trd, 000195.600, 160
Trd, 000195.933, 167
Trd, 000197.583, 161
Trd, 000198.083, 164
Trd, 000198.667, 160
Trd, 000199.350, 160
Trd, 000199.900, 160
Trd, 000200.633, 159
Trd, 000200.750, 160
Trd, 000201.250, 161
Trd, 000201.400, 164
Trd, 000201.600, 171
Trd, 000203.183, 165
Trd, 000203.267, 164
Trd, 000203.800, 166
Trd, 000204.083, 163
Trd, 000204.783, 168
Trd, 000205.050, 171
Trd, 000206.067, 168
Trd, 000207.767, 165
Trd, 000207.883, 167
Trd, 000208.350, 166
Trd, 000209.400, 168
Trd, 000210.683, 166
Trd, 000210.800, 166
Trd, 000210.967, 167
Trd, 000211.050, 164
Trd, 000211.467, 163
Trd, 000211.517, 168
Trd, 000212.033, 169
Trd, 000212.050, 172
Trd, 000213.217, 169
Trd, 000214.200, 164
Trd, 000214.567, 165
Trd, 000214.733, 168
Trd, 000214.900, 163
Trd, 000215.633, 165
Trd, 000216.550, 164
Trd, 000216.950, 169
Trd, 000217.083, 163
Trd, 000217.533, 171
Trd, 000218.050, 170
Trd, 000218.650, 165
Trd, 000219.300, 170
Trd, 000221.033, 170
Trd, 000222.150, 169
Trd, 000222.517, 170
Trd, 000222.917, 167
Trd, 000223.167, 167
Trd, 000223.267, 166
Trd, 000224.817, 169
Trd, 000225.217, 170
Trd, 000225.533, 174
Trd, 000225.567, 169
Trd, 000225.733, 169
Trd, 000226.000, 170
Trd, 000226.617, 172
Trd, 000227.350, 169
Trd, 000227.983, 168
Trd, 000228.583, 169
Trd, 000228.917, 170
Trd, 000228.983, 171
Trd, 000229.133, 169
Trd, 000230.000, 170
Trd, 000230.483, 173
Trd, 000230.750, 172
Trd, 000231.483, 176
Trd, 000231.583, 180
Trd, 000232.033, 177
Trd, 000233.250, 173
Trd, 000233.350, 178
Trd, 000233.550, 180
Trd, 000234.233, 172
Trd, 000235.233, 180
Trd, 000235.583, 174
Trd, 000236.450, 174
Trd, 000236.733, 172
Trd, 000236.783, 164
Trd, 000236.900, 161
Trd, 000237.400, 161
Trd, 000238.267, 171
Trd, 000239.900, 171
Trd, 000240.350, 172
Trd, 000240.367, 173
Trd, 000240.683, 170
Trd, 000241.217, 172
Trd, 000242.100, 175
Trd, 000242.517, 173
Trd, 000242.667, 179
Trd, 000242.717, 182
Trd, 000242.900, 186
Trd, 000243.067, 176
Trd, 000243.300, 190
Trd, 000243.317, 184
Trd, 000243.350, 175
Trd, 000243.450, 165
Trd, 000243.667, 173
Trd, 000245.050, 178
Trd, 000245.100, 179
Trd, 000246.317, 178
Trd, 000247.100, 177
Trd, 000247.217, 179
Trd, 000248.200, 177
Trd, 000248.583, 174
Trd, 000249.033, 178
Trd, 000249.217, 161
Trd, 000250.133, 165
Trd, 000250.717, 166
Trd, 000250.850, 163
Trd, 000251.100, 167
Trd, 000251.267, 168
Trd, 000251.850, 173
Trd, 000252.600, 178
Trd, 000253.117, 177
Trd, 000253.183, 180
Trd, 000253.833, 177
Trd, 000254.083, 180
Trd, 000254.283, 177
Trd, 000254.700, 181
Trd, 000255.117, 180
Trd, 000256.233, 177
Trd, 000256.650, 179
Trd, 000256.767, 176
Trd, 000257.850, 174
Trd, 000258.100, 174
Trd, 000258.900, 177
Trd, 000259.167, 177
Trd, 000259.883, 173
Trd, 000259.983, 178
Trd, 000261.017, 174
Trd, 000261.033, 175
Trd, 000261.233, 173
Trd, 000261.583, 175
Trd, 000261.633, 176
Trd, 000261.817, 174
Trd, 000262.333, 165
Trd, 000262.533, 177
Trd, 000262.567, 163
Trd, 000262.600, 160
Trd, 000262.967, 181
Trd, 000263.033, 160
Trd, 000263.567, 179
Trd, 000264.067, 185
Trd, 000265.017, 180
Trd, 000266.383, 188
Trd, 000266.550, 185
Trd, 000267.567, 179
Trd, 000267.650, 182
Trd, 000267.800, 183
Trd, 000268.050, 182
Trd, 000268.517, 183
Trd, 000268.817, 182
Trd, 000268.883, 184
Trd, 000269.750, 181
Trd, 000269.900, 183
Trd, 000270.017, 180
Trd, 000270.183, 167
Trd, 000270.967, 183
Trd, 000271.533, 178
Trd, 000271.767, 179
Trd, 000272.267, 177
Trd, 000272.283, 180
Trd, 000272.950, 178
Trd, 000272.967, 181
Trd, 000273.333, 181
Trd, 000273.750, 175
Trd, 000274.250, 175
Trd, 000275.867, 182
Trd, 000276.067, 180
Trd, 000276.217, 181
Trd, 000276.233, 182
Trd, 000276.567, 183
Trd, 000277.150, 184
Trd, 000277.500, 180
Trd, 000277.567, 179
Trd, 000277.617, 179
Trd, 000277.633, 179
Trd, 000278.350, 183
Trd, 000279.050, 179
Trd, 000279.667, 182
Trd, 000280.600, 179
Trd, 000280.717, 184
Trd, 000281.600, 182
Trd, 000281.667, 178
Trd, 000281.750, 178
Trd, 000282.067, 176
Trd, 000282.200, 179
Trd, 000282.467, 180
Trd, 000283.000, 180
Trd, 000283.050, 177
Trd, 000283.183, 183
Trd, 000283.417, 200
Trd, 000284.417, 186
Trd, 000285.317, 181
Trd, 000285.700, 177
Trd, 000285.717, 176
Trd, 000286.450, 176
Trd, 000286.767, 187
Trd, 000287.300, 177
Trd, 000287.767, 178
Trd, 000288.033, 182
Trd, 000288.500, 178
Trd, 000290.033, 178
Trd, 000290.167, 179
Trd, 000290.617, 177
Trd, 000291.233, 183
Trd, 000291.317, 183
Trd, 000291.533, 184
Trd, 000291.850, 178
Trd, 000293.033, 178
Trd, 000293.283, 184
Trd, 000293.750, 184
Trd, 000293.983, 177
Trd, 000294.000, 186
Trd, 000294.533, 178
Trd, 000295.483, 178
Trd, 000295.933, 178
Trd, 000295.967, 178
Trd, 000296.533, 177
Trd, 000296.750, 177
Trd, 000296.767, 178
Trd, 000296.900, 170
Trd, 000297.250, 178
Trd, 000297.333, 179
Trd, 000297.450, 181
Trd, 000298.600, 178
Trd, 000298.733, 180
Trd, 000298.817, 177
