Trd, 000001.983, 137
Trd, 000004.150, 155
Trd, 000005.367, 155
Trd, 000005.417, 156
Trd, 000005.633, 147
Trd, 000005.767, 146
Trd, 000006.267, 154
Trd, 000007.833, 154
Trd, 000008.250, 152
Trd, 000008.533, 150
Trd, 000009.800, 150
Trd, 000009.950, 151
Trd, 000010.133, 153
Trd, 000010.150, 154
Trd, 000010.400, 149
Trd, 000010.650, 143
Trd, 000011.017, 146
Trd, 000011.717, 152
Trd, 000011.867, 152
Trd, 000012.050, 144
Trd, 000012.667, 153
Trd, 000013.417, 152
Trd, 000014.967, 152
Trd, 000015.067, 152
Trd, 000015.300, 152
Trd, 000015.967, 151
Trd, 000016.167, 150
Trd, 000016.833, 151
Trd, 000017.333, 149
Trd, 000017.467, 149
Trd, 000017.533, 148
Trd, 000017.817, 147
Trd, 000018.033, 149
Trd, 000018.133, 152
Trd, 000019.383, 156
Trd, 000020.283, 153
Trd, 000020.317, 152
Trd, 000021.083, 152
Trd, 000021.283, 143
Trd, 000021.533, 154
Trd, 000021.700, 156
Trd, 000021.967, 155
Trd, 000022.767, 155
Trd, 000023.917, 149
Trd, 000023.933, 150
Trd, 000024.183, 152
Trd, 000024.900, 150
Trd, 000025.000, 149
Trd, 000025.383, 145
Trd, 000025.933, 150
Trd, 000026.283, 145
Trd, 000026.650, 154
Trd, 000027.850, 148
Trd, 000027.983, 149
Trd, 000028.333, 146
Trd, 000028.483, 151
Trd, 000028.717, 153
Trd, 000030.700, 158
Trd, 000031.200, 161
Trd, 000031.467, 161
Trd, 000032.667, 161
Trd, 000033.200, 158
Trd, 000033.250, 160
Trd, 000033.700, 160
Trd, 000033.767, 161
Trd, 000034.650, 158
Trd, 000035.150, 158
Trd, 000035.750, 155
Trd, 000036.117, 154
Trd, 000036.600, 152
Trd, 000038.067, 152
Trd, 000038.800, 148
Trd, 000038.850, 152
Trd, 000039.350, 150
Trd, 000039.967, 153
Trd, 000040.317, 153
Trd, 000040.500, 153
Trd, 000040.583, 152
Trd, 000040.633, 150
Trd, 000040.817, 155
Trd, 000041.867, 141
Trd, 000042.750, 151
Trd, 000042.783, 152
Trd, 000043.283, 152
Trd, 000044.233, 151
Trd, 000044.983, 152
Trd, 000045.967, 150
Trd, 000046.433, 150
Trd, 000046.767, 149
Trd, 000047.317, 152
Trd, 000047.367, 149
Trd, 000047.567, 153
Trd, 000047.750, 154
Trd, 000048.450, 154
Trd, 000048.883, 145
Trd, 000049.850, 154
Trd, 000050.500, 153
Trd, 000050.733, 153
Trd, 000050.833, 156
Trd, 000051.650, 152
Trd, 000052.500, 154
Trd, 000052.650, 149
Trd, 000053.000, 155
Trd, 000054.800, 149
Trd, 000055.533, 152
Trd, 000055.733, 152
Trd, 000055.767, 153
Trd, 000056.000, 153
Trd, 000056.367, 152
Trd, 000056.583, 152
Trd, 000057.017, 153
Trd, 000057.967, 155
Trd, 000058.817, 154
Trd, 000059.533, 155
Trd, 000059.817, 156
Trd, 000060.300, 156
Trd, 000060.933, 153
Trd, 000061.000, 151
Trd, 000061.100, 155
Trd, 000061.217, 153
Trd, 000061.783, 150
Trd, 000062.717, 154
Trd, 000063.617, 153
Trd, 000063.817, 154
Trd, 000063.900, 153
Trd, 000064.117, 156
Trd, 000064.683, 152
Trd, 000066.700, 152
Trd, 000067.217, 153
Trd, 000067.350, 152
Trd, 000067.600, 154
Trd, 000068.417, 154
Trd, 000069.883, 152
Trd, 000070.483, 152
Trd, 000070.550, 151
Trd, 000070.667, 149
Trd, 000071.700, 150
Trd, 000071.767, 150
Trd, 000072.050, 150
Trd, 000072.450, 156
Trd, 000072.933, 158
Trd, 000073.317, 148
Trd, 000073.333, 148
Trd, 000073.950, 154
Trd, 000075.583, 150
Trd, 000075.667, 149
Trd, 000075.917, 150
Trd, 000076.517, 148
Trd, 000077.267, 152
Trd, 000077.400, 152
Trd, 000078.300, 154
Trd, 000078.683, 159
Trd, 000079.133, 156
Trd, 000079.450, 157
Trd, 000079.833, 155
Trd, 000080.433, 161
Trd, 000080.767, 156
Trd, 000081.600, 161
Trd, 000082.917, 157
Trd, 000084.333, 157
Trd, 000084.417, 158
Trd, 000084.500, 159
Trd, 000084.917, 159
Trd, 000085.017, 163
Trd, 000085.117, 157
Trd, 000085.883, 156
Trd, 000086.000, 161
Trd, 000087.583, 158
Trd, 000088.400, 159
Trd, 000088.950, 158
Trd, 000089.117, 159
Trd, 000089.700, 158
Trd, 000090.217, 157
Trd, 000090.583, 157
Trd, 000090.600, 158
Trd, 000091.183, 158
Trd, 000091.433, 158
Trd, 000091.900, 157
Trd, 000092.133, 158
Trd, 000092.417, 154
Trd, 000092.633, 154
Trd, 000093.083, 153
Trd, 000093.467, 152
Trd, 000093.783, 160
Trd, 000094.200, 164
Trd, 000094.433, 174
Trd, 000097.383, 158
Trd, 000097.500, 156
Trd, 000097.950, 157
Trd, 000098.300, 156
Trd, 000098.333, 155
Trd, 000098.667, 156
Trd, 000098.950, 155
Trd, 000099.733, 153
Trd, 000100.367, 153
Trd, 000100.483, 154
Trd, 000101.967, 155
Trd, 000102.800, 154
Trd, 000102.933, 154
Trd, 000103.450, 153
Trd, 000103.850, 152
Trd, 000104.117, 153
Trd, 000104.533, 156
Trd, 000106.250, 152
Trd, 000106.533, 151
Trd, 000106.650, 150
Trd, 000106.733, 151
Trd, 000107.100, 151
Trd, 000107.600, 152
Trd, 000107.883, 154
Trd, 000107.900, 151
Trd, 000109.083, 154
Trd, 000109.583, 162
Trd, 000109.667, 174
Trd, 000109.900, 161
Trd, 000112.250, 166
Trd, 000112.450, 167
Trd, 000112.700, 161
Trd, 000113.133, 174
Trd, 000113.367, 176
Trd, 000115.067, 175
Trd, 000115.367, 175
Trd, 000115.800, 174
Trd, 000116.133, 169
Trd, 000116.600, 173
Trd, 000116.833, 173
Trd, 000117.083, 175
Trd, 000117.133, 174
Trd, 000117.550, 173
Trd, 000118.250, 173
Trd, 000118.433, 169
Trd, 000119.117, 168
Trd, 000119.383, 168
Trd, 000119.833, 168
Trd, 000119.867, 170
Trd, 000119.883, 173
Trd, 000120.633, 167
Trd, 000120.900, 172
Trd, 000121.083, 171
Trd, 000122.417, 173
Trd, 000122.600, 201
Trd, 000123.200, 206
Trd, 000123.250, 240
Trd, 000123.333, 258
Trd, 000124.050, 257
Trd, 000125.400, 315.0
Trd, 000125.817, 317.0
Trd, 000126.717, 327.0
Trd, 000126.733, 334
Trd, 000126.883, 337.0
Trd, 000127.250, 334.0
Trd, 000127.317, 340
Trd, 000127.417, 341.0
Trd, 000128.400, 344
Trd, 000129.400, 345
Trd, 000129.517, 342
Trd, 000129.683, 344
Trd, 000130.050, 352
Trd, 000130.117, 350
Trd, 000130.133, 352
Trd, 000132.000, 352.0
Trd, 000132.900, 351
Trd, 000133.100, 348
Trd, 000133.133, 352
Trd, 000133.700, 352
Trd, 000134.583, 352.0
Trd, 000134.850, 351
Trd, 000134.933, 350
Trd, 000135.200, 341.0
Trd, 000135.300, 352
Trd, 000135.517, 348
Trd, 000137.717, 345
Trd, 000137.767, 346
Trd, 000138.200, 346
Trd, 000138.467, 346
Trd, 000140.000, 346
Trd, 000140.617, 344
Trd, 000141.350, 348
Trd, 000141.867, 347
Trd, 000142.133, 349
Trd, 000142.317, 347
Trd, 000142.517, 351
Trd, 000144.467, 348
Trd, 000144.917, 352
Trd, 000145.683, 347
Trd, 000145.750, 348
Trd, 000146.967, 347
Trd, 000147.683, 348
Trd, 000147.967, 342.0
Trd, 000148.467, 347
Trd, 000148.733, 351
Trd, 000149.183, 344
Trd, 000149.217, 341.0
Trd, 000149.517, 347
Trd, 000151.183, 346
Trd, 000151.450, 347
Trd, 000151.567, 347
Trd, 000152.283, 346
Trd, 000152.633, 344
Trd, 000153.100, 345
Trd, 000154.550, 343.0
Trd, 000154.617, 342.0
Trd, 000154.767, 344
Trd, 000155.083, 341.0
Trd, 000156.567, 341
Trd, 000156.733, 340
Trd, 000157.533, 341
Trd, 000158.367, 340
Trd, 000158.733, 341
Trd, 000158.883, 341.0
Trd, 000159.100, 344
Trd, 000159.300, 344
Trd, 000160.167, 346
Trd, 000160.767, 344
Trd, 000160.867, 353
Trd, 000161.633, 352
Trd, 000163.767, 353.0
Trd, 000164.233, 347
Trd, 000164.450, 355.0
Trd, 000164.633, 351
Trd, 000165.350, 356
Trd, 000165.783, 356
Trd, 000166.367, 358
Trd, 000166.667, 357
Trd, 000167.500, 355
Trd, 000167.800, 354
Trd, 000167.933, 355
Trd, 000168.467, 341.0
Trd, 000169.300, 354
Trd, 000170.167, 347
Trd, 000170.300, 353
Trd, 000171.783, 352.0
Trd, 000171.983, 349
Trd, 000172.133, 352
Trd, 000172.483, 349
Trd, 000172.500, 327
Trd, 000173.767, 349
Trd, 000173.883, 351
Trd, 000176.333, 342
Trd, 000176.733, 338.0
Trd, 000177.583, 342.0
Trd, 000177.733, 341.0
Trd, 000177.750, 342
Trd, 000179.250, 345
Trd, 000179.733, 346
Trd, 000180.200, 345
Trd, 000180.233, 344
Trd, 000181.033, 343
Trd, 000181.433, 337
Trd, 000181.767, 342
Trd, 000181.983, 341
Trd, 000182.000, 353
Trd, 000182.017, 354.0
Trd, 000182.200, 334.0
Trd, 000182.600, 322
Trd, 000183.850, 312
Trd, 000184.133, 303.0
Trd, 000184.250, 221
Trd, 000184.383, 198
Trd, 000185.067, 186
Trd, 000185.233, 177
Trd, 000185.533, 197
Trd, 000186.100, 177
Trd, 000187.783, 177
Trd, 000188.133, 176
Trd, 000188.883, 179
Trd, 000189.017, 175
Trd, 000189.733, 178
Trd, 000190.400, 178
Trd, 000190.717, 178
Trd, 000191.133, 174
Trd, 000191.183, 177
Trd, 000191.417, 177
Trd, 000192.183, 178
Trd, 000192.800, 180
Trd, 000193.533, 184
Trd, 000193.683, 176
Trd, 000194.950, 174
Trd, 000196.200, 174
Trd, 000196.433, 174
Trd, 000196.733, 174
Trd, 000197.067, 174
Trd, 000197.250, 175
Trd, 000197.317, 173
Trd, 000197.483, 175
Trd, 000197.717, 184
Trd, 000198.917, 183
Trd, 000199.283, 181
Trd, 000200.100, 176
Trd, 000200.133, 178
Trd, 000201.117, 175
Trd, 000201.450, 176
Trd, 000201.650, 175
Trd, 000201.667, 175
Trd, 000202.350, 172
Trd, 000202.533, 174
Trd, 000202.833, 175
Trd, 000203.517, 173
Trd, 000204.833, 172
Trd, 000205.967, 172
Trd, 000206.167, 163
Trd, 000207.167, 169
Trd, 000207.183, 169
Trd, 000207.367, 169
Trd, 000208.833, 169
Trd, 000209.317, 167
Trd, 000209.933, 169
Trd, 000210.183, 161
Trd, 000210.617, 167
Trd, 000211.000, 167
Trd, 000211.483, 167
Trd, 000212.067, 167
Trd, 000212.250, 166
Trd, 000212.867, 166
Trd, 000213.467, 167
Trd, 000213.550, 165
Trd, 000214.167, 168
Trd, 000214.850, 168
Trd, 000215.267, 171
Trd, 000216.117, 167
Trd, 000217.750, 169
Trd, 000218.217, 169
Trd, 000218.267, 170
Trd, 000219.650, 168
Trd, 000220.867, 167
Trd, 000221.133, 166
Trd, 000221.383, 168
Trd, 000221.967, 173
Trd, 000223.517, 170
Trd, 000223.717, 168
Trd, 000224.067, 171
Trd, 000224.833, 169
Trd, 000225.233, 170
Trd, 000225.383, 170
Trd, 000225.667, 170
Trd, 000226.150, 167
Trd, 000227.000, 167
Trd, 000227.500, 168
Trd, 000228.083, 171
Trd, 000228.433, 169
Trd, 000228.533, 170
Trd, 000228.750, 170
Trd, 000229.167, 165
Trd, 000229.850, 166
Trd, 000230.250, 167
Trd, 000230.300, 164
Trd, 000230.600, 170
Trd, 000231.967, 170
Trd, 000232.117, 173
Trd, 000233.300, 173
Trd, 000233.383, 168
Trd, 000234.467, 172
Trd, 000235.267, 168
Trd, 000235.417, 169
Trd, 000236.200, 168
Trd, 000236.733, 169
Trd, 000236.800, 174
Trd, 000237.083, 173
Trd, 000237.117, 169
Trd, 000238.300, 179
Trd, 000238.817, 170
Trd, 000239.583, 167
Trd, 000240.183, 166
Trd, 000240.317, 169
Trd, 000240.383, 167
Trd, 000240.583, 166
Trd, 000240.867, 166
Trd, 000240.933, 165
Trd, 000240.983, 167
Trd, 000241.233, 168
Trd, 000241.700, 168
Trd, 000241.900, 169
Trd, 000242.250, 167
Trd, 000242.467, 170
Trd, 000242.800, 173
Trd, 000243.350, 175
Trd, 000243.450, 189
Trd, 000244.483, 187
Trd, 000244.683, 180
Trd, 000245.017, 182
Trd, 000245.633, 179
Trd, 000245.850, 171
Trd, 000246.167, 180
Trd, 000246.383, 177
Trd, 000247.600, 175
Trd, 000247.917, 173
Trd, 000248.200, 174
Trd, 000248.650, 169
Trd, 000249.067, 167
Trd, 000249.433, 167
Trd, 000250.150, 166
Trd, 000250.283, 165
Trd, 000250.650, 165
Trd, 000250.733, 172
Trd, 000251.450, 168
Trd, 000251.783, 168
Trd, 000251.983, 176
Trd, 000252.117, 177
Trd, 000252.150, 180
Trd, 000252.283, 167
Trd, 000252.417, 190
Trd, 000253.550, 177
Trd, 000253.967, 175
Trd, 000254.017, 174
Trd, 000254.167, 173
Trd, 000254.667, 174
Trd, 000255.667, 175
Trd, 000256.017, 171
Trd, 000256.133, 173
Trd, 000256.317, 170
Trd, 000256.350, 175
Trd, 000256.367, 177
Trd, 000256.600, 179
Trd, 000257.500, 169
Trd, 000257.600, 179
Trd, 000258.717, 169
Trd, 000259.433, 167
Trd, 000259.600, 165
Trd, 000259.633, 164
Trd, 000260.033, 164
Trd, 000260.733, 164
Trd, 000260.800, 167
Trd, 000261.067, 168
Trd, 000261.550, 170
Trd, 000261.900, 167
Trd, 000262.817, 170
Trd, 000263.000, 169
Trd, 000263.217, 169
Trd, 000263.417, 170
Trd, 000263.850, 176
Trd, 000264.217, 170
Trd, 000264.500, 172
Trd, 000265.083, 168
Trd, 000265.433, 169
Trd, 000265.650, 171
Trd, 000265.667, 172
Trd, 000266.133, 167
Trd, 000266.300, 164
Trd, 000266.683, 178
Trd, 000267.467, 173
Trd, 000268.250, 172
Trd, 000268.600, 171
Trd, 000268.900, 167
Trd, 000269.283, 178
Trd, 000270.867, 169
Trd, 000270.883, 171
Trd, 000271.050, 171
Trd, 000271.150, 168
Trd, 000271.217, 172
Trd, 000271.433, 169
Trd, 000271.600, 168
Trd, 000271.900, 167
Trd, 000271.967, 171
Trd, 000272.067, 167
Trd, 000272.350, 164
Trd, 000272.700, 168
Trd, 000272.883, 182
Trd, 000274.683, 176
Trd, 000274.700, 180
Trd, 000275.267, 178
Trd, 000275.617, 186
Trd, 000275.933, 187
Trd, 000277.183, 188
Trd, 000277.283, 184
Trd, 000277.600, 189
Trd, 000278.150, 190
Trd, 000278.233, 191
Trd, 000278.283, 191
Trd, 000278.417, 186
Trd, 000278.683, 184
Trd, 000278.917, 184
Trd, 000279.617, 190
Trd, 000280.300, 188
Trd, 000280.967, 187
Trd, 000281.583, 186
Trd, 000282.117, 183
Trd, 000282.433, 182
Trd, 000282.917, 184
Trd, 000283.300, 185
Trd, 000283.833, 183
Trd, 000284.550, 179
Trd, 000285.233, 179
Trd, 000285.350, 178
Trd, 000285.767, 176
Trd, 000286.500, 178
Trd, 000286.567, 176
Trd, 000287.383, 175
Trd, 000287.800, 173
Trd, 000288.217, 177
Trd, 000288.333, 179
Trd, 000289.433, 178
Trd, 000289.700, 180
Trd, 000289.750, 177
Trd, 000289.800, 179
Trd, 000289.933, 184
Trd, 000290.433, 182
Trd, 000290.550, 174
Trd, 000290.600, 183
Trd, 000291.117, 175
Trd, 000291.700, 177
Trd, 000292.217, 182
Trd, 000292.333, 193
Trd, 000292.500, 173
Trd, 000293.433, 179
Trd, 000293.867, 180
Trd, 000294.400, 179
Trd, 000294.583, 181
Trd, 000295.533, 181
Trd, 000295.750, 182
Trd, 000296.550, 180
Trd, 000296.617, 181
Trd, 000296.800, 177
Trd, 000297.100, 180
Trd, 000297.317, 179
Trd, 000297.817, 181
Trd, 000298.250, 178
Trd, 000299.400, 179
Trd, 000299.617, 177
Trd, 000299.733, 180
