Trd, 000001.733, 155
Trd, 000002.533, 119
Trd, 000002.817, 153
Trd, 000003.100, 140
Trd, 000003.317, 125
Trd, 000003.750, 165
Trd, 000005.183, 165
Trd, 000005.850, 151
Trd, 000005.950, 150
Trd, 000006.783, 146
Trd, 000007.500, 146
Trd, 000008.633, 148
Trd, 000008.717, 150
Trd, 000008.917, 148
Trd, 000009.367, 144
Trd, 000010.317, 145
Trd, 000011.400, 145
Trd, 000011.417, 144
Trd, 000011.633, 145
Trd, 000012.000, 143
Trd, 000012.350, 145
Trd, 000012.383, 149
Trd, 000013.467, 148
Trd, 000014.867, 154
Trd, 000015.067, 156
Trd, 000015.283, 154
Trd, 000015.350, 153
Trd, 000016.400, 154
Trd, 000017.333, 151
Trd, 000017.517, 152
Trd, 000017.617, 154
Trd, 000018.700, 153
Trd, 000018.733, 152
Trd, 000020.150, 151
Trd, 000020.867, 152
Trd, 000021.333, 153
Trd, 000021.883, 152
Trd, 000022.400, 152
Trd, 000022.533, 149
Trd, 000022.917, 152
Trd, 000023.567, 147
Trd, 000023.750, 150
Trd, 000023.833, 145
Trd, 000024.117, 152
Trd, 000026.717, 148
Trd, 000027.150, 147
Trd, 000027.417, 148
Trd, 000027.817, 144
Trd, 000028.067, 146
Trd, 000028.100, 147
Trd, 000029.333, 146
Trd, 000030.283, 147
Trd, 000030.350, 147
Trd, 000031.917, 148
Trd, 000032.667, 146
Trd, 000032.833, 144
Trd, 000033.033, 144
Trd, 000033.733, 142
Trd, 000034.567, 138
Trd, 000035.050, 140
Trd, 000036.050, 140
Trd, 000036.433, 141
Trd, 000037.317, 157
Trd, 000038.583, 153
Trd, 000039.017, 153
Trd, 000039.050, 154
Trd, 000039.183, 153
Trd, 000040.117, 155
Trd, 000040.167, 154
Trd, 000040.533, 154
Trd, 000040.750, 154
Trd, 000040.917, 152
Trd, 000041.800, 152
Trd, 000041.883, 153
Trd, 000041.933, 183
Trd, 000042.800, 140
Trd, 000043.033, 159
Trd, 000043.867, 154
Trd, 000043.950, 155
Trd, 000044.317, 154
Trd, 000044.883, 152
Trd, 000045.367, 155
Trd, 000047.467, 158
Trd, 000047.817, 160
Trd, 000048.350, 162
Trd, 000048.917, 166
Trd, 000048.983, 161
Trd, 000049.350, 158
Trd, 000050.017, 170
Trd, 000050.083, 167
Trd, 000050.933, 167
Trd, 000052.050, 166
Trd, 000052.450, 166
Trd, 000052.567, 165
Trd, 000052.700, 165
Trd, 000053.467, 163
Trd, 000053.733, 159
Trd, 000054.400, 159
Trd, 000055.133, 160
Trd, 000055.167, 159
Trd, 000055.933, 155
Trd, 000056.483, 159
Trd, 000057.000, 160
Trd, 000057.617, 159
Trd, 000058.217, 158
Trd, 000058.617, 159
Trd, 000058.883, 161
Trd, 000059.383, 162
Trd, 000059.650, 162
Trd, 000060.650, 160
Trd, 000061.250, 163
Trd, 000061.733, 161
Trd, 000062.083, 160
Trd, 000062.233, 166
Trd, 000063.450, 164
Trd, 000063.533, 163
Trd, 000063.850, 163
Trd, 000064.550, 162
Trd, 000065.633, 162
Trd, 000065.950, 163
Trd, 000066.567, 162
Trd, 000066.617, 169
Trd, 000066.867, 160
Trd, 000068.317, 167
Trd, 000069.433, 165
Trd, 000070.017, 165
Trd, 000071.117, 165
Trd, 000071.517, 166
Trd, 000072.400, 165
Trd, 000072.817, 164
Trd, 000072.900, 163
Trd, 000073.517, 164
Trd, 000074.117, 166
Trd, 000074.533, 169
Trd, 000074.900, 164
Trd, 000075.433, 165
Trd, 000076.317, 166
Trd, 000077.067, 167
Trd, 000077.383, 167
Trd, 000077.600, 169
Trd, 000078.117, 167
Trd, 000078.783, 165
Trd, 000078.850, 166
Trd, 000079.617, 166
Trd, 000079.717, 167
Trd, 000079.733, 166
Trd, 000079.850, 168
Trd, 000080.600, 158
Trd, 000082.100, 163
Trd, 000083.800, 159
Trd, 000084.200, 158
Trd, 000084.367, 160
Trd, 000084.833, 140
Trd, 000085.100, 155
Trd, 000085.250, 157
Trd, 000085.733, 147
Trd, 000086.133, 151
Trd, 000086.667, 148
Trd, 000086.833, 163
Trd, 000087.833, 153
Trd, 000088.600, 153
Trd, 000088.667, 152
Trd, 000089.317, 153
Trd, 000089.833, 152
Trd, 000089.917, 152
Trd, 000090.383, 152
Trd, 000090.600, 154
Trd, 000091.317, 151
Trd, 000091.633, 152
Trd, 000091.867, 153
Trd, 000093.017, 154
Trd, 000093.667, 153
Trd, 000093.850, 153
Trd, 000094.217, 153
Trd, 000095.083, 163
Trd, 000095.700, 158
Trd, 000096.650, 161
Trd, 000097.267, 160
Trd, 000098.633, 160
Trd, 000098.933, 162
Trd, 000099.200, 161
Trd, 000099.333, 163
Trd, 000099.700, 165
Trd, 000100.233, 166
Trd, 000100.367, 165
Trd, 000101.617, 164
Trd, 000102.100, 172
Trd, 000102.267, 179
Trd, 000102.683, 169
Trd, 000103.417, 167
Trd, 000103.667, 165
Trd, 000104.500, 174
Trd, 000104.650, 169
Trd, 000105.033, 162
Trd, 000106.200, 162
Trd, 000106.400, 162
Trd, 000106.633, 161
Trd, 000107.017, 160
Trd, 000108.117, 158
Trd, 000108.183, 156
Trd, 000108.350, 158
Trd, 000109.300, 156
Trd, 000110.100, 150
Trd, 000110.433, 144
Trd, 000110.567, 147
Trd, 000110.667, 150
Trd, 000111.417, 146
Trd, 000111.800, 145
Trd, 000111.867, 149
Trd, 000113.717, 148
Trd, 000114.200, 147
Trd, 000114.250, 146
Trd, 000114.817, 148
Trd, 000115.567, 149
Trd, 000116.900, 149
Trd, 000117.150, 147
Trd, 000117.817, 148
Trd, 000117.967, 148
Trd, 000118.300, 148
Trd, 000118.617, 152
Trd, 000119.267, 167
Trd, 000119.517, 160
Trd, 000119.717, 174
Trd, 000121.750, 163
Trd, 000122.017, 161
Trd, 000122.433, 189
Trd, 000122.450, 191
Trd, 000122.550, 201
Trd, 000123.783, 271
Trd, 000124.083, 303
Trd, 000124.133, 327.0
Trd, 000124.700, 389.0
Trd, 000125.633, 367
Trd, 000126.283, 317
Trd, 000127.683, 352.0
Trd, 000127.767, 346
Trd, 000128.567, 352
Trd, 000128.717, 350
Trd, 000129.367, 349
Trd, 000129.750, 348
Trd, 000130.067, 349.0
Trd, 000130.250, 349
Trd, 000130.667, 352
Trd, 000132.783, 346
Trd, 000133.050, 345
Trd, 000133.233, 347
Trd, 000133.433, 345
Trd, 000135.250, 342
Trd, 000135.917, 341
Trd, 000136.383, 346
Trd, 000137.017, 344
Trd, 000137.683, 339
Trd, 000137.933, 343
Trd, 000138.400, 339
Trd, 000139.817, 341
Trd, 000140.217, 342
Trd, 000140.433, 342
Trd, 000140.800, 340
Trd, 000140.900, 340
Trd, 000141.100, 341
Trd, 000141.300, 343
Trd, 000141.867, 344
Trd, 000143.033, 355.0
Trd, 000143.117, 362.0
Trd, 000143.917, 352
Trd, 000144.417, 352
Trd, 000145.867, 340
Trd, 000147.267, 347
Trd, 000147.283, 348
Trd, 000148.067, 348
Trd, 000148.400, 347
Trd, 000148.633, 348
Trd, 000149.517, 360.0
Trd, 000150.183, 347
Trd, 000150.200, 354
Trd, 000150.400, 361.0
Trd, 000152.550, 350
Trd, 000152.767, 350.0
Trd, 000152.867, 351.0
Trd, 000153.350, 348
Trd, 000153.483, 349
Trd, 000154.017, 355.0
Trd, 000154.633, 351
Trd, 000155.767, 350
Trd, 000156.450, 352
Trd, 000156.683, 350
Trd, 000157.367, 352
Trd, 000157.517, 351
Trd, 000157.667, 353
Trd, 000157.867, 354
Trd, 000159.533, 350
Trd, 000159.583, 342
Trd, 000159.600, 351
Trd, 000160.150, 355.0
Trd, 000161.617, 345
Trd, 000162.383, 355.0
Trd, 000164.133, 349
Trd, 000164.433, 351
Trd, 000164.683, 349
Trd, 000164.750, 353
Trd, 000164.933, 354
Trd, 000166.417, 353
Trd, 000167.117, 355
Trd, 000167.250, 355
Trd, 000167.517, 355
Trd, 000168.467, 354
Trd, 000168.700, 354
Trd, 000169.017, 353
Trd, 000171.200, 355.0
Trd, 000171.333, 352
Trd, 000171.933, 352
Trd, 000173.183, 350
Trd, 000174.117, 350
Trd, 000174.317, 352
Trd, 000174.867, 350
Trd, 000174.967, 350
Trd, 000175.167, 350
Trd, 000175.800, 350
Trd, 000176.467, 350
Trd, 000176.533, 355.0
Trd, 000177.050, 347
Trd, 000177.800, 356
Trd, 000178.717, 355
Trd, 000180.217, 351
Trd, 000180.350, 352
Trd, 000180.783, 355
Trd, 000181.567, 354
Trd, 000181.983, 351
Trd, 000182.000, 355
Trd, 000182.233, 351
Trd, 000182.417, 324.0
Trd, 000182.783, 323
Trd, 000182.967, 312
Trd, 000183.450, 272
Trd, 000184.083, 288
Trd, 000184.317, 247
Trd, 000184.433, 214
Trd, 000184.767, 207
Trd, 000185.350, 197
Trd, 000186.317, 195
Trd, 000186.900, 187
Trd, 000188.233, 190
Trd, 000189.367, 192
Trd, 000189.883, 190
Trd, 000190.300, 189
Trd, 000190.983, 189
Trd, 000191.000, 191
Trd, 000191.217, 187
Trd, 000191.533, 184
Trd, 000191.667, 181
Trd, 000192.117, 176
Trd, 000192.433, 176
Trd, 000192.500, 165
Trd, 000193.167, 176
Trd, 000194.450, 157
Trd, 000195.733, 170
Trd, 000196.467, 167
Trd, 000196.617, 167
Trd, 000197.200, 169
Trd, 000198.300, 163
Trd, 000198.600, 158
Trd, 000198.750, 161
Trd, 000199.100, 159
Trd, 000199.900, 174
Trd, 000200.483, 169
Trd, 000200.833, 170
Trd, 000201.133, 172
Trd, 000201.150, 173
Trd, 000202.467, 169
Trd, 000202.483, 167
Trd, 000203.200, 170
Trd, 000203.517, 170
Trd, 000203.600, 171
Trd, 000205.517, 173
Trd, 000206.300, 172
Trd, 000206.333, 173
Trd, 000206.483, 173
Trd, 000207.117, 174
Trd, 000207.417, 171
Trd, 000207.950, 175
Trd, 000209.000, 174
Trd, 000210.367, 174
Trd, 000210.833, 171
Trd, 000211.733, 173
Trd, 000211.883, 173
Trd, 000212.250, 172
Trd, 000212.333, 171
Trd, 000212.517, 173
Trd, 000213.200, 172
Trd, 000213.600, 169
Trd, 000214.800, 169
Trd, 000215.150, 169
Trd, 000215.483, 168
Trd, 000216.017, 170
Trd, 000216.267, 171
Trd, 000216.733, 172
Trd, 000218.450, 171
Trd, 000218.600, 170
Trd, 000219.983, 170
Trd, 000220.083, 170
Trd, 000220.350, 170
Trd, 000220.800, 170
Trd, 000221.567, 167
Trd, 000221.933, 171
Trd, 000223.283, 171
Trd, 000224.517, 169
Trd, 000225.350, 170
Trd, 000225.483, 169
Trd, 000225.633, 169
Trd, 000225.933, 170
Trd, 000226.867, 170
Trd, 000227.600, 171
Trd, 000227.967, 172
Trd, 000230.100, 173
Trd, 000230.617, 172
Trd, 000231.117, 172
Trd, 000231.717, 172
Trd, 000233.600, 172
Trd, 000234.183, 171
Trd, 000235.300, 172
Trd, 000235.700, 172
Trd, 000235.783, 173
Trd, 000235.817, 176
Trd, 000236.050, 178
Trd, 000236.300, 176
Trd, 000236.467, 173
Trd, 000236.750, 185
Trd, 000237.550, 171
Trd, 000239.133, 189
Trd, 000239.550, 189
Trd, 000240.767, 178
Trd, 000240.867, 178
Trd, 000240.917, 178
Trd, 000240.983, 177
Trd, 000241.267, 176
Trd, 000241.683, 177
Trd, 000241.983, 175
Trd, 000242.017, 175
Trd, 000243.067, 175
Trd, 000243.900, 175
Trd, 000243.950, 175
Trd, 000244.000, 175
Trd, 000244.033, 174
Trd, 000244.233, 178
Trd, 000245.367, 176
Trd, 000246.233, 175
Trd, 000246.267, 176
Trd, 000246.683, 179
Trd, 000246.750, 176
Trd, 000247.500, 177
Trd, 000247.533, 173
Trd, 000248.200, 175
Trd, 000248.250, 174
Trd, 000248.383, 173
Trd, 000248.967, 175
Trd, 000249.400, 176
Trd, 000249.433, 178
Trd, 000249.867, 172
Trd, 000250.017, 172
Trd, 000251.233, 167
Trd, 000251.350, 170
Trd, 000251.567, 171
Trd, 000251.633, 171
Trd, 000252.333, 175
Trd, 000252.567, 181
Trd, 000253.683, 179
Trd, 000253.783, 177
Trd, 000254.083, 179
Trd, 000254.217, 176
Trd, 000254.633, 180
Trd, 000255.333, 182
Trd, 000255.683, 182
Trd, 000256.033, 182
Trd, 000256.150, 183
Trd, 000257.150, 182
Trd, 000257.167, 181
Trd, 000257.183, 179
Trd, 000257.300, 181
Trd, 000257.500, 184
Trd, 000258.467, 181
Trd, 000259.117, 183
Trd, 000259.683, 182
Trd, 000260.417, 179
Trd, 000261.100, 180
Trd, 000261.350, 181
Trd, 000261.483, 181
Trd, 000261.567, 180
Trd, 000262.367, 181
Trd, 000262.817, 182
Trd, 000263.350, 184
Trd, 000264.000, 182
Trd, 000264.150, 181
Trd, 000265.000, 186
Trd, 000265.967, 183
Trd, 000266.167, 183
Trd, 000266.217, 185
Trd, 000266.600, 186
Trd, 000266.883, 181
Trd, 000266.950, 182
Trd, 000267.200, 188
Trd, 000267.600, 180
Trd, 000268.550, 180
Trd, 000268.633, 186
Trd, 000269.467, 185
Trd, 000269.667, 184
Trd, 000269.950, 186
Trd, 000270.383, 187
Trd, 000270.683, 185
Trd, 000270.933, 184
Trd, 000270.950, 183
Trd, 000271.067, 181
Trd, 000271.083, 189
Trd, 000271.383, 190
Trd, 000272.267, 192
Trd, 000272.767, 190
Trd, 000273.100, 181
Trd, 000273.367, 182
Trd, 000274.000, 185
Trd, 000274.900, 182
Trd, 000275.017, 185
Trd, 000275.167, 181
Trd, 000275.533, 180
Trd, 000275.783, 168
Trd, 000276.783, 183
Trd, 000276.800, 184
Trd, 000276.983, 184
Trd, 000277.450, 187
Trd, 000278.200, 187
Trd, 000278.250, 181
Trd, 000278.767, 188
Trd, 000278.917, 186
Trd, 000279.583, 188
Trd, 000279.717, 186
Trd, 000280.367, 189
Trd, 000280.467, 186
Trd, 000280.550, 189
Trd, 000280.783, 187
Trd, 000281.283, 185
Trd, 000282.367, 186
Trd, 000282.517, 188
Trd, 000282.567, 190
Trd, 000283.333, 185
Trd, 000283.583, 183
Trd, 000283.900, 178
Trd, 000284.300, 172
Trd, 000284.500, 177
Trd, 000284.617, 178
Trd, 000285.400, 185
Trd, 000286.700, 179
Trd, 000286.900, 180
Trd, 000287.117, 179
Trd, 000287.133, 180
Trd, 000287.417, 176
Trd, 000287.667, 175
Trd, 000287.833, 179
Trd, 000288.083, 175
Trd, 000288.167, 181
Trd, 000288.250, 184
Trd, 000289.233, 186
Trd, 000290.050, 182
Trd, 000290.367, 183
Trd, 000291.017, 184
Trd, 000291.183, 182
Trd, 000291.717, 184
Trd, 000291.750, 181
Trd, 000292.317, 184
Trd, 000292.550, 184
Trd, 000292.867, 186
Trd, 000293.117, 187
Trd, 000293.183, 180
Trd, 000294.183, 182
Trd, 000294.467, 180
Trd, 000294.867, 178
Trd, 000295.067, 184
Trd, 000295.700, 184
Trd, 000296.033, 182
Trd, 000296.433, 183
Trd, 000296.750, 188
Trd, 000297.017, 187
Trd, 000297.317, 182
Trd, 000297.833, 184
Trd, 000298.000, 187
Trd, 000298.650, 184
Trd, 000299.917, 184
