Trd, 000000.583, 168
Trd, 000001.033, 135
Trd, 000001.850, 148
Trd, 000003.133, 164
Trd, 000003.383, 135
Trd, 000003.683, 135
Trd, 000004.433, 149
Trd, 000004.917, 135
Trd, 000005.083, 151
Trd, 000006.517, 142
Trd, 000006.700, 137
Trd, 000007.350, 141
Trd, 000007.367, 142
Trd, 000007.517, 142
Trd, 000007.650, 143
Trd, 000009.150, 143
Trd, 000009.233, 145
Trd, 000009.317, 153
Trd, 000009.750, 141
Trd, 000009.817, 140
Trd, 000009.833, 138
Trd, 000010.933, 147
Trd, 000011.017, 152
Trd, 000011.617, 139
Trd, 000011.850, 140
Trd, 000012.183, 152
Trd, 000012.567, 145
Trd, 000014.417, 143
Trd, 000015.000, 169
Trd, 000015.167, 143
Trd, 000015.533, 149
Trd, 000015.950, 151
Trd, 000016.283, 144
Trd, 000016.383, 150
Trd, 000016.700, 149
Trd, 000017.233, 150
Trd, 000017.750, 149
Trd, 000017.767, 144
Trd, 000017.850, 149
Trd, 000018.650, 148
Trd, 000018.717, 144
Trd, 000018.783, 149
Trd, 000019.667, 148
Trd, 000019.883, 143
Trd, 000020.333, 148
Trd, 000020.550, 142
Trd, 000020.600, 141
Trd, 000022.767, 133
Trd, 000022.967, 131
Trd, 000023.000, 134
Trd, 000023.100, 136
Trd, 000023.367, 139
Trd, 000023.650, 132
Trd, 000024.400, 148
Trd, 000025.033, 150
Trd, 000025.167, 153
Trd, 000026.067, 152
Trd, 000026.550, 153
Trd, 000027.383, 154
Trd, 000027.933, 171
Trd, 000028.500, 156
Trd, 000028.767, 174
Trd, 000029.150, 156
Trd, 000029.333, 153
Trd, 000030.033, 144
Trd, 000030.883, 157
Trd, 000031.533, 152
Trd, 000031.983, 151
Trd, 000032.500, 149
Trd, 000032.767, 148
Trd, 000033.717, 144
Trd, 000033.833, 150
Trd, 000034.333, 138
Trd, 000034.733, 149
Trd, 000034.750, 150
Trd, 000035.883, 146
Trd, 000036.117, 147
Trd, 000036.650, 147
Trd, 000037.067, 151
Trd, 000037.500, 153
Trd, 000037.633, 153
Trd, 000038.050, 152
Trd, 000038.733, 152
Trd, 000040.433, 146
Trd, 000041.317, 147
Trd, 000041.367, 152
Trd, 000041.383, 152
Trd, 000041.733, 147
Trd, 000041.850, 152
Trd, 000042.050, 152
Trd, 000042.150, 147
Trd, 000043.133, 172
Trd, 000043.733, 155
Trd, 000044.750, 180
Trd, 000046.283, 144
Trd, 000046.883, 156
Trd, 000047.367, 154
Trd, 000047.650, 155
Trd, 000048.033, 158
Trd, 000049.017, 156
Trd, 000049.167, 155
Trd, 000049.200, 157
Trd, 000049.633, 153
Trd, 000049.950, 155
Trd, 000051.117, 147
Trd, 000051.633, 154
Trd, 000051.983, 147
Trd, 000052.483, 153
Trd, 000052.700, 146
Trd, 000052.933, 153
Trd, 000053.250, 145
Trd, 000053.317, 143
Trd, 000054.433, 131
Trd, 000054.467, 150
Trd, 000054.867, 149
Trd, 000054.933, 150
Trd, 000055.483, 156
Trd, 000055.550, 150
Trd, 000055.717, 146
Trd, 000057.400, 155
Trd, 000057.650, 149
Trd, 000057.867, 155
Trd, 000058.200, 170
Trd, 000058.650, 158
Trd, 000059.183, 180
Trd, 000059.783, 158
Trd, 000060.450, 158
Trd, 000061.067, 157
Trd, 000061.733, 149
Trd, 000062.217, 154
Trd, 000062.900, 159
Trd, 000063.100, 147
Trd, 000064.117, 149
Trd, 000065.067, 150
Trd, 000065.150, 148
Trd, 000065.317, 151
Trd, 000066.083, 147
Trd, 000066.233, 147
Trd, 000066.967, 149
Trd, 000067.033, 150
Trd, 000067.117, 154
Trd, 000067.733, 146
Trd, 000067.917, 152
Trd, 000068.717, 146
Trd, 000068.933, 146
Trd, 000069.350, 153
Trd, 000069.483, 141
Trd, 000069.683, 153
Trd, 000070.800, 153
Trd, 000071.850, 135
Trd, 000072.050, 136
Trd, 000072.333, 155
Trd, 000073.450, 134
Trd, 000074.050, 133
Trd, 000074.683, 154
Trd, 000074.750, 144
Trd, 000075.800, 136
Trd, 000076.000, 137
Trd, 000076.633, 138
Trd, 000076.750, 135
Trd, 000077.083, 141
Trd, 000078.917, 139
Trd, 000079.150, 140
Trd, 000079.333, 142
Trd, 000079.667, 144
Trd, 000079.700, 145
Trd, 000080.100, 144
Trd, 000080.633, 145
Trd, 000081.850, 148
Trd, 000082.083, 156
Trd, 000082.917, 151
Trd, 000083.217, 155
Trd, 000084.017, 153
Trd, 000084.033, 154
Trd, 000084.200, 151
Trd, 000085.700, 153
Trd, 000086.183, 151
Trd, 000086.233, 150
Trd, 000086.450, 149
Trd, 000086.567, 152
Trd, 000087.117, 149
Trd, 000087.650, 151
Trd, 000088.600, 150
Trd, 000089.383, 148
Trd, 000089.400, 149
Trd, 000089.417, 146
Trd, 000090.000, 149
Trd, 000090.033, 151
Trd, 000090.350, 154
Trd, 000090.500, 157
Trd, 000091.133, 160
Trd, 000092.133, 157
Trd, 000092.450, 156
Trd, 000093.767, 158
Trd, 000094.333, 157
Trd, 000095.050, 138
Trd, 000095.167, 138
Trd, 000095.483, 137
Trd, 000095.900, 137
Trd, 000095.933, 138
Trd, 000096.300, 144
Trd, 000097.067, 146
Trd, 000097.133, 153
Trd, 000097.850, 141
Trd, 000098.100, 140
Trd, 000098.383, 157
Trd, 000098.400, 140
Trd, 000098.417, 158
Trd, 000099.400, 157
Trd, 000100.133, 157
Trd, 000100.250, 146
Trd, 000100.983, 158
Trd, 000101.767, 157
Trd, 000103.300, 156
Trd, 000104.533, 154
Trd, 000104.617, 155
Trd, 000105.500, 153
Trd, 000105.700, 155
Trd, 000105.750, 157
Trd, 000105.783, 153
Trd, 000106.433, 159
Trd, 000106.617, 162
Trd, 000106.733, 154
Trd, 000106.800, 177
Trd, 000109.217, 186
Trd, 000109.433, 179
Trd, 000109.950, 167
Trd, 000110.400, 166
Trd, 000110.717, 165
Trd, 000110.850, 160
Trd, 000111.733, 159
Trd, 000111.767, 151
Trd, 000112.900, 154
Trd, 000113.033, 152
Trd, 000113.550, 156
Trd, 000113.800, 157
Trd, 000114.050, 157
Trd, 000115.367, 161
Trd, 000115.533, 161
Trd, 000116.067, 159
Trd, 000116.283, 158
Trd, 000116.400, 161
Trd, 000116.767, 162
Trd, 000117.483, 160
Trd, 000117.950, 161
Trd, 000118.167, 155
Trd, 000118.250, 147
Trd, 000118.817, 156
Trd, 000118.950, 138
Trd, 000120.833, 153
Trd, 000121.200, 153
Trd, 000121.533, 148
Trd, 000121.633, 154
Trd, 000121.700, 155
Trd, 000121.783, 163
Trd, 000121.850, 145
Trd, 000122.183, 191
Trd, 000122.917, 206
Trd, 000123.017, 243
Trd, 000123.683, 271
Trd, 000123.700, 294
Trd, 000124.067, 316.0
Trd, 000124.183, 317.0
Trd, 000125.383, 319.0
Trd, 000125.600, 320.0
Trd, 000125.650, 324.0
Trd, 000126.533, 331.0
Trd, 000126.600, 328
Trd, 000126.983, 334.0
Trd, 000127.133, 349
Trd, 000127.183, 350
Trd, 000128.550, 336
Trd, 000128.867, 336
Trd, 000129.217, 337
Trd, 000129.617, 336
Trd, 000131.367, 335
Trd, 000131.450, 336
Trd, 000132.117, 335
Trd, 000132.933, 335
Trd, 000133.483, 332
Trd, 000134.617, 331.0
Trd, 000135.317, 337
Trd, 000136.133, 341
Trd, 000136.283, 341
Trd, 000136.333, 333
Trd, 000136.683, 332
Trd, 000137.700, 330
Trd, 000137.800, 334.0
Trd, 000138.000, 334
Trd, 000138.150, 335
Trd, 000139.383, 334
Trd, 000140.367, 333
Trd, 000140.833, 331.0
Trd, 000140.867, 330
Trd, 000141.500, 334.0
Trd, 000142.783, 332
Trd, 000143.233, 332
Trd, 000143.383, 326
Trd, 000144.150, 326
Trd, 000144.583, 325.0
Trd, 000145.367, 325.0
Trd, 000145.983, 331.0
Trd, 000146.317, 334.0
Trd, 000146.417, 338
Trd, 000146.567, 329
Trd, 000147.233, 331.0
Trd, 000147.283, 323
Trd, 000147.700, 345
Trd, 000148.683, 324
Trd, 000148.750, 323.0
Trd, 000149.133, 348
Trd, 000151.450, 341
Trd, 000152.683, 335
Trd, 000153.233, 334
Trd, 000153.733, 333
Trd, 000153.833, 332
Trd, 000153.850, 336
Trd, 000155.217, 322
Trd, 000155.950, 325
Trd, 000156.333, 326.0
Trd, 000156.667, 325
Trd, 000157.367, 325
Trd, 000157.750, 327
Trd, 000158.367, 330.0
Trd, 000159.700, 331.0
Trd, 000159.900, 328
Trd, 000159.967, 327
Trd, 000161.333, 330
Trd, 000161.667, 332.0
Trd, 000161.750, 333.0
Trd, 000162.083, 334.0
Trd, 000162.533, 337
Trd, 000164.267, 333
Trd, 000165.083, 332
Trd, 000165.467, 333
Trd, 000165.533, 332
Trd, 000165.900, 333
Trd, 000166.350, 331.0
Trd, 000166.633, 334
Trd, 000167.617, 334.0
Trd, 000167.783, 332
Trd, 000168.333, 333
Trd, 000168.517, 337
Trd, 000169.333, 332
Trd, 000169.883, 330.0
Trd, 000170.483, 331.0
Trd, 000171.183, 333
Trd, 000171.300, 332
Trd, 000171.617, 345
Trd, 000171.950, 348
Trd, 000173.267, 335
Trd, 000173.667, 334
Trd, 000174.100, 342
Trd, 000174.767, 351.0
Trd, 000175.333, 367
Trd, 000175.350, 339
Trd, 000175.683, 338
Trd, 000176.150, 351
Trd, 000176.500, 351
Trd, 000176.900, 336
Trd, 000177.167, 334.0
Trd, 000177.617, 328
Trd, 000177.950, 331.0
Trd, 000178.483, 344
Trd, 000179.117, 344
Trd, 000180.033, 329
Trd, 000181.683, 341
Trd, 000181.883, 341
Trd, 000181.983, 340
Trd, 000182.283, 339
Trd, 000182.600, 339
Trd, 000183.150, 323
Trd, 000183.167, 316
Trd, 000183.467, 289
Trd, 000184.183, 289
Trd, 000184.550, 173
Trd, 000185.767, 204
Trd, 000185.967, 198
Trd, 000186.850, 187
Trd, 000187.183, 196
Trd, 000188.967, 193
Trd, 000189.000, 194
Trd, 000189.817, 184
Trd, 000189.917, 185
Trd, 000190.117, 186
Trd, 000190.400, 174
Trd, 000190.450, 173
Trd, 000191.883, 173
Trd, 000192.267, 170
Trd, 000194.333, 175
Trd, 000194.533, 173
Trd, 000194.800, 171
Trd, 000195.000, 170
Trd, 000195.450, 167
Trd, 000195.950, 171
Trd, 000196.117, 170
Trd, 000196.333, 162
Trd, 000197.383, 169
Trd, 000197.550, 170
Trd, 000198.050, 168
Trd, 000198.183, 170
Trd, 000199.050, 170
Trd, 000199.317, 163
Trd, 000199.983, 169
Trd, 000200.050, 162
Trd, 000200.183, 168
Trd, 000200.417, 161
Trd, 000200.583, 167
Trd, 000200.733, 146
Trd, 000200.750, 171
Trd, 000201.250, 176
Trd, 000202.500, 172
Trd, 000202.867, 173
Trd, 000203.033, 172
Trd, 000203.433, 171
Trd, 000204.133, 169
Trd, 000204.583, 171
Trd, 000205.300, 168
Trd, 000205.800, 168
Trd, 000206.100, 162
Trd, 000206.233, 171
Trd, 000206.600, 162
Trd, 000208.583, 161
Trd, 000208.817, 169
Trd, 000209.017, 158
Trd, 000209.100, 169
Trd, 000209.167, 170
Trd, 000209.450, 170
Trd, 000210.383, 170
Trd, 000210.517, 172
Trd, 000211.167, 172
Trd, 000212.133, 179
Trd, 000212.417, 180
Trd, 000214.233, 176
Trd, 000214.350, 169
Trd, 000214.850, 164
Trd, 000215.083, 175
Trd, 000215.433, 174
Trd, 000216.050, 171
Trd, 000216.167, 173
Trd, 000216.517, 174
Trd, 000217.033, 170
Trd, 000217.600, 169
Trd, 000217.950, 167
Trd, 000217.983, 163
Trd, 000219.017, 165
Trd, 000219.300, 167
Trd, 000219.350, 163
Trd, 000221.233, 169
Trd, 000221.583, 167
Trd, 000222.133, 170
Trd, 000222.867, 171
Trd, 000222.883, 171
Trd, 000222.950, 172
Trd, 000223.050, 171
Trd, 000223.183, 170
Trd, 000224.283, 171
Trd, 000224.700, 171
Trd, 000224.750, 170
Trd, 000225.383, 170
Trd, 000225.767, 163
Trd, 000225.917, 163
Trd, 000225.967, 181
Trd, 000226.033, 180
Trd, 000227.650, 172
Trd, 000228.367, 173
Trd, 000228.650, 171
Trd, 000229.033, 174
Trd, 000229.283, 178
Trd, 000229.750, 174
Trd, 000229.933, 178
Trd, 000230.267, 170
Trd, 000230.283, 169
Trd, 000230.717, 179
Trd, 000231.000, 164
Trd, 000232.783, 176
Trd, 000232.967, 151
Trd, 000233.117, 176
Trd, 000234.750, 172
Trd, 000235.533, 191
Trd, 000235.750, 171
Trd, 000235.817, 191
Trd, 000236.250, 172
Trd, 000236.867, 183
Trd, 000236.950, 171
Trd, 000237.683, 175
Trd, 000238.183, 184
Trd, 000238.617, 177
Trd, 000239.633, 175
Trd, 000239.767, 172
Trd, 000239.933, 172
Trd, 000240.050, 184
Trd, 000240.650, 174
Trd, 000241.783, 178
Trd, 000242.150, 176
Trd, 000242.550, 177
Trd, 000242.917, 173
Trd, 000243.967, 175
Trd, 000244.250, 176
Trd, 000245.050, 172
Trd, 000245.183, 175
Trd, 000245.317, 169
Trd, 000245.617, 173
Trd, 000245.750, 177
Trd, 000245.950, 177
Trd, 000245.983, 178
Trd, 000246.100, 179
Trd, 000247.150, 180
Trd, 000248.483, 196
Trd, 000248.833, 188
Trd, 000248.917, 176
Trd, 000249.583, 168
Trd, 000249.783, 173
Trd, 000249.900, 185
Trd, 000250.750, 170
Trd, 000251.433, 185
Trd, 000251.567, 171
Trd, 000252.067, 176
Trd, 000252.800, 175
Trd, 000252.967, 176
Trd, 000253.500, 176
Trd, 000253.967, 177
Trd, 000254.767, 175
Trd, 000254.783, 178
Trd, 000254.933, 173
Trd, 000255.233, 175
Trd, 000255.400, 169
Trd, 000255.433, 175
Trd, 000256.467, 173
Trd, 000256.717, 169
Trd, 000257.200, 168
Trd, 000257.567, 170
Trd, 000258.333, 172
Trd, 000258.550, 175
Trd, 000258.633, 176
Trd, 000259.033, 174
Trd, 000260.417, 172
Trd, 000260.717, 168
Trd, 000260.933, 173
Trd, 000261.783, 170
Trd, 000262.017, 172
Trd, 000262.500, 171
Trd, 000263.200, 170
Trd, 000263.267, 177
Trd, 000264.800, 179
Trd, 000265.300, 173
Trd, 000265.417, 170
Trd, 000265.650, 170
Trd, 000265.667, 169
Trd, 000265.883, 167
Trd, 000265.967, 171
Trd, 000266.017, 172
Trd, 000266.083, 173
Trd, 000266.317, 173
Trd, 000266.817, 177
Trd, 000267.033, 168
Trd, 000267.983, 178
Trd, 000268.517, 180
Trd, 000268.583, 181
Trd, 000268.733, 180
Trd, 000268.767, 181
Trd, 000268.983, 180
Trd, 000269.767, 175
Trd, 000270.117, 170
Trd, 000270.300, 181
Trd, 000270.867, 172
Trd, 000271.533, 168
Trd, 000272.000, 182
Trd, 000272.117, 176
Trd, 000273.217, 176
Trd, 000273.733, 174
Trd, 000274.017, 173
Trd, 000274.083, 168
Trd, 000274.300, 174
Trd, 000276.167, 169
Trd, 000276.367, 174
Trd, 000276.683, 175
Trd, 000276.767, 171
Trd, 000276.833, 178
Trd, 000276.950, 169
Trd, 000277.100, 175
Trd, 000277.217, 168
Trd, 000277.833, 177
Trd, 000278.617, 177
Trd, 000279.417, 166
Trd, 000279.733, 176
Trd, 000279.967, 177
Trd, 000280.783, 176
Trd, 000280.933, 176
Trd, 000281.067, 168
Trd, 000281.100, 177
Trd, 000282.167, 177
Trd, 000282.633, 178
Trd, 000282.933, 179
Trd, 000283.383, 183
Trd, 000283.633, 196
Trd, 000283.917, 176
Trd, 000284.583, 171
Trd, 000284.883, 190
Trd, 000285.133, 199
Trd, 000285.217, 193
Trd, 000285.750, 177
Trd, 000286.783, 170
Trd, 000287.533, 170
Trd, 000287.800, 167
Trd, 000287.983, 172
Trd, 000288.400, 171
Trd, 000289.283, 167
Trd, 000289.450, 166
Trd, 000289.583, 166
Trd, 000289.983, 166
Trd, 000291.050, 172
Trd, 000291.083, 178
Trd, 000291.967, 176
Trd, 000292.100, 165
Trd, 000292.267, 174
Trd, 000292.383, 184
Trd, 000292.800, 180
Trd, 000293.200, 194
Trd, 000293.800, 184
Trd, 000294.117, 185
Trd, 000295.133, 182
Trd, 000295.250, 180
Trd, 000295.367, 184
Trd, 000296.950, 181
Trd, 000296.967, 182
Trd, 000297.000, 178
Trd, 000297.600, 183
Trd, 000297.767, 187
Trd, 000298.700, 189
Trd, 000299.250, 209
Trd, 000299.417, 181
