Trd, 000001.483, 172
Trd, 000001.967, 168
Trd, 000002.500, 146
Trd, 000002.950, 180
Trd, 000003.800, 161
Trd, 000003.933, 157
Trd, 000004.567, 167
Trd, 000004.900, 144
Trd, 000005.633, 139
Trd, 000005.950, 159
Trd, 000006.467, 151
Trd, 000006.950, 156
Trd, 000007.083, 157
Trd, 000007.683, 140
Trd, 000007.900, 151
Trd, 000008.117, 151
Trd, 000009.467, 137
Trd, 000009.550, 144
Trd, 000010.017, 140
Trd, 000010.083, 140
Trd, 000010.883, 141
Trd, 000011.233, 141
Trd, 000011.433, 142
Trd, 000011.467, 153
Trd, 000012.100, 181
Trd, 000012.617, 180
Trd, 000013.017, 141
Trd, 000013.733, 140
Trd, 000013.817, 149
Trd, 000014.883, 141
Trd, 000015.100, 142
Trd, 000015.400, 139
Trd, 000015.483, 138
Trd, 000015.650, 138
Trd, 000016.450, 138
Trd, 000016.767, 139
Trd, 000017.433, 141
Trd, 000018.033, 139
Trd, 000018.050, 140
Trd, 000018.283, 138
Trd, 000018.467, 143
Trd, 000019.367, 142
Trd, 000020.250, 150
Trd, 000020.467, 140
Trd, 000020.617, 157
Trd, 000022.067, 148
Trd, 000022.650, 139
Trd, 000022.883, 147
Trd, 000023.150, 146
Trd, 000023.267, 146
Trd, 000024.850, 144
Trd, 000025.300, 142
Trd, 000025.617, 141
Trd, 000025.667, 142
Trd, 000025.817, 144
Trd, 000026.317, 145
Trd, 000027.933, 144
Trd, 000028.483, 145
Trd, 000028.900, 146
Trd, 000028.950, 146
Trd, 000029.250, 148
Trd, 000029.417, 147
Trd, 000029.650, 165
Trd, 000030.700, 147
Trd, 000030.750, 157
Trd, 000030.933, 143
Trd, 000031.117, 151
Trd, 000032.000, 148
Trd, 000032.400, 147
Trd, 000032.633, 146
Trd, 000033.000, 147
Trd, 000033.350, 148
Trd, 000033.967, 151
Trd, 000034.217, 145
Trd, 000034.983, 149
Trd, 000036.200, 146
Trd, 000036.783, 144
Trd, 000037.800, 141
Trd, 000038.033, 148
Trd, 000038.783, 142
Trd, 000038.950, 142
Trd, 000039.250, 144
Trd, 000039.350, 144
Trd, 000039.750, 144
Trd, 000039.850, 141
Trd, 000040.317, 144
Trd, 000040.933, 145
Trd, 000041.100, 152
Trd, 000041.700, 148
Trd, 000042.000, 142
Trd, 000043.083, 147
Trd, 000043.500, 151
Trd, 000043.933, 152
Trd, 000045.333, 151
Trd, 000045.783, 152
Trd, 000046.100, 153
Trd, 000046.117, 152
Trd, 000046.417, 144
Trd, 000046.533, 152
Trd, 000047.867, 153
Trd, 000048.417, 152
Trd, 000048.450, 150
Trd, 000048.833, 151
Trd, 000049.200, 152
Trd, 000049.433, 151
Trd, 000049.583, 149
Trd, 000050.600, 145
Trd, 000050.850, 150
Trd, 000051.317, 151
Trd, 000051.600, 146
Trd, 000051.833, 149
Trd, 000051.950, 151
Trd, 000052.100, 153
Trd, 000054.633, 148
Trd, 000055.217, 147
Trd, 000055.700, 147
Trd, 000056.400, 147
Trd, 000056.417, 148
Trd, 000056.917, 146
Trd, 000057.233, 147
Trd, 000057.750, 147
Trd, 000058.383, 146
Trd, 000058.533, 145
Trd, 000058.933, 144
Trd, 000059.217, 148
Trd, 000059.917, 146
Trd, 000059.933, 147
Trd, 000060.800, 144
Trd, 000061.033, 146
Trd, 000061.283, 150
Trd, 000062.367, 149
Trd, 000062.950, 149
Trd, 000063.650, 146
Trd, 000064.317, 146
Trd, 000064.750, 146
Trd, 000065.217, 145
Trd, 000065.500, 146
Trd, 000065.967, 147
Trd, 000066.150, 147
Trd, 000066.233, 148
Trd, 000067.050, 152
Trd, 000067.250, 144
Trd, 000067.700, 151
Trd, 000068.617, 142
Trd, 000069.283, 142
Trd, 000069.783, 143
Trd, 000069.833, 143
Trd, 000070.533, 143
Trd, 000071.450, 144
Trd, 000072.283, 145
Trd, 000072.483, 145
Trd, 000072.817, 148
Trd, 000073.050, 162
Trd, 000074.033, 153
Trd, 000074.450, 150
Trd, 000074.467, 151
Trd, 000074.767, 144
Trd, 000075.500, 142
Trd, 000076.683, 143
Trd, 000077.967, 143
Trd, 000078.267, 144
Trd, 000078.400, 145
Trd, 000078.883, 143
Trd, 000079.133, 132
Trd, 000079.367, 134
Trd, 000079.450, 141
Trd, 000079.683, 142
Trd, 000079.933, 149
Trd, 000080.317, 156
Trd, 000080.983, 173
Trd, 000082.983, 155
Trd, 000083.300, 154
Trd, 000083.683, 155
Trd, 000083.717, 153
Trd, 000084.417, 158
Trd, 000084.483, 156
Trd, 000084.583, 152
Trd, 000085.367, 151
Trd, 000085.683, 156
Trd, 000086.083, 157
Trd, 000087.183, 152
Trd, 000087.767, 155
Trd, 000088.583, 156
Trd, 000088.617, 157
Trd, 000090.633, 157
Trd, 000090.717, 154
Trd, 000091.467, 156
Trd, 000091.500, 157
Trd, 000091.967, 156
Trd, 000092.367, 153
Trd, 000093.117, 154
Trd, 000093.150, 153
Trd, 000093.317, 156
Trd, 000093.800, 149
Trd, 000094.200, 153
Trd, 000094.217, 145
Trd, 000094.900, 149
Trd, 000095.033, 144
Trd, 000095.450, 148
Trd, 000096.050, 146
Trd, 000096.283, 146
Trd, 000096.733, 145
Trd, 000097.233, 144
Trd, 000097.300, 144
Trd, 000097.667, 146
Trd, 000098.017, 158
Trd, 000098.300, 143
Trd, 000099.583, 154
Trd, 000099.800, 150
Trd, 000100.150, 155
Trd, 000100.983, 156
Trd, 000101.667, 157
Trd, 000103.283, 154
Trd, 000103.350, 154
Trd, 000103.400, 156
Trd, 000103.983, 150
Trd, 000104.333, 154
Trd, 000105.133, 153
Trd, 000105.983, 152
Trd, 000106.533, 152
Trd, 000106.717, 151
Trd, 000107.583, 151
Trd, 000108.167, 152
Trd, 000108.183, 153
Trd, 000108.317, 154
Trd, 000108.833, 165
Trd, 000109.167, 175
Trd, 000110.000, 159
Trd, 000110.800, 157
Trd, 000111.033, 158
Trd, 000111.167, 160
Trd, 000111.233, 161
Trd, 000111.750, 163
Trd, 000112.750, 158
Trd, 000114.250, 157
Trd, 000114.283, 156
Trd, 000115.650, 155
Trd, 000115.700, 157
Trd, 000115.950, 157
Trd, 000116.217, 152
Trd, 000116.567, 153
Trd, 000116.583, 154
Trd, 000116.900, 157
Trd, 000117.733, 152
Trd, 000118.467, 152
Trd, 000118.617, 151
Trd, 000118.717, 152
Trd, 000118.883, 153
Trd, 000119.050, 154
Trd, 000119.383, 160
Trd, 000120.017, 157
Trd, 000120.383, 157
Trd, 000120.750, 156
Trd, 000121.100, 177
Trd, 000121.550, 164
Trd, 000122.183, 207
Trd, 000122.267, 208
Trd, 000122.700, 231
Trd, 000123.733, 244
Trd, 000124.433, 291
Trd, 000124.617, 317.0
Trd, 000125.500, 315
Trd, 000126.317, 316
Trd, 000126.500, 324.0
Trd, 000128.067, 331.0
Trd, 000128.333, 325
Trd, 000128.450, 324
Trd, 000128.667, 334.0
Trd, 000129.033, 331.0
Trd, 000130.350, 328
Trd, 000130.567, 328
Trd, 000130.967, 329
Trd, 000131.400, 330
Trd, 000132.083, 329
Trd, 000132.183, 331
Trd, 000132.417, 337.0
Trd, 000133.117, 351
Trd, 000134.217, 342
Trd, 000135.683, 338.0
Trd, 000135.950, 339
Trd, 000136.033, 339
Trd, 000136.183, 337.0
Trd, 000137.783, 336
Trd, 000138.283, 335
Trd, 000138.350, 336
Trd, 000138.650, 335
Trd, 000139.233, 338
Trd, 000139.433, 334
Trd, 000139.750, 339
Trd, 000139.983, 342
Trd, 000140.317, 336.0
Trd, 000140.667, 347.0
Trd, 000140.983, 348.0
Trd, 000142.850, 347
Trd, 000144.033, 342
Trd, 000144.233, 343
Trd, 000144.350, 345
Trd, 000144.467, 346
Trd, 000144.500, 365.0
Trd, 000146.200, 346
Trd, 000146.867, 350
Trd, 000147.700, 347
Trd, 000147.867, 348.0
Trd, 000148.117, 346
Trd, 000148.400, 344.0
Trd, 000149.150, 345
Trd, 000149.833, 345
Trd, 000150.150, 345
Trd, 000150.900, 341
Trd, 000151.150, 341
Trd, 000151.317, 340
Trd, 000151.583, 337.0
Trd, 000152.300, 339
Trd, 000152.450, 340
Trd, 000152.683, 334
Trd, 000153.900, 334
Trd, 000154.000, 333
Trd, 000154.067, 334
Trd, 000154.817, 332
Trd, 000154.950, 354.0
Trd, 000156.750, 344
Trd, 000156.983, 341
Trd, 000158.400, 340
Trd, 000159.017, 337.0
Trd, 000159.533, 337
Trd, 000160.733, 337
Trd, 000161.000, 335.0
Trd, 000161.083, 338
Trd, 000161.300, 337
Trd, 000161.833, 335
Trd, 000162.483, 334.0
Trd, 000162.933, 340
Trd, 000163.250, 343
Trd, 000163.950, 348.0
Trd, 000164.550, 352.0
Trd, 000166.283, 342.0
Trd, 000166.400, 343.0
Trd, 000166.817, 343
Trd, 000167.283, 345.0
Trd, 000168.733, 345
Trd, 000169.317, 345
Trd, 000170.200, 344.0
Trd, 000170.217, 339
Trd, 000171.967, 343
Trd, 000172.683, 342
Trd, 000173.167, 340
Trd, 000173.700, 336
Trd, 000173.783, 340
Trd, 000173.800, 341
Trd, 000174.133, 341
Trd, 000174.783, 342
Trd, 000174.950, 347.0
Trd, 000177.067, 345
Trd, 000177.233, 344.0
Trd, 000177.283, 342
Trd, 000177.917, 346.0
Trd, 000178.000, 342
Trd, 000179.383, 344
Trd, 000179.617, 347.0
Trd, 000179.817, 348.0
Trd, 000180.700, 343
Trd, 000181.000, 344
Trd, 000181.100, 347
Trd, 000181.633, 346
Trd, 000181.783, 340
Trd, 000182.200, 337.0
Trd, 000182.783, 334.0
Trd, 000183.200, 317.0
Trd, 000183.283, 306.0
Trd, 000183.833, 207
Trd, 000184.267, 242
Trd, 000184.433, 316
Trd, 000184.800, 192
Trd, 000184.883, 186
Trd, 000186.767, 207
Trd, 000186.867, 191
Trd, 000188.250, 160
Trd, 000188.283, 157
Trd, 000188.800, 158
Trd, 000188.883, 159
Trd, 000189.083, 160
Trd, 000189.433, 159
Trd, 000189.567, 161
Trd, 000189.717, 157
Trd, 000189.867, 162
Trd, 000191.200, 162
Trd, 000191.417, 162
Trd, 000192.283, 162
Trd, 000193.733, 163
Trd, 000194.050, 165
Trd, 000194.300, 161
Trd, 000194.767, 164
Trd, 000195.567, 164
Trd, 000196.117, 164
Trd, 000196.133, 163
Trd, 000196.167, 167
Trd, 000196.733, 163
Trd, 000197.517, 162
Trd, 000197.583, 167
Trd, 000198.167, 168
Trd, 000198.750, 164
Trd, 000199.833, 165
Trd, 000199.967, 165
Trd, 000200.217, 167
Trd, 000200.850, 164
Trd, 000201.850, 166
Trd, 000203.033, 164
Trd, 000203.300, 163
Trd, 000203.550, 163
Trd, 000203.717, 167
Trd, 000204.167, 167
Trd, 000206.000, 162
Trd, 000206.133, 165
Trd, 000206.217, 157
Trd, 000206.417, 164
Trd, 000206.833, 157
Trd, 000207.083, 161
Trd, 000208.283, 158
Trd, 000208.400, 159
Trd, 000208.550, 160
Trd, 000208.883, 162
Trd, 000209.350, 158
Trd, 000209.717, 168
Trd, 000210.000, 165
Trd, 000210.467, 166
Trd, 000211.117, 166
Trd, 000212.500, 159
Trd, 000213.017, 159
Trd, 000213.150, 158
Trd, 000213.167, 158
Trd, 000213.433, 158
Trd, 000213.567, 159
Trd, 000213.733, 157
Trd, 000213.917, 161
Trd, 000215.267, 173
Trd, 000215.567, 166
Trd, 000215.867, 157
Trd, 000216.650, 168
Trd, 000216.783, 169
Trd, 000217.583, 170
Trd, 000219.867, 168
Trd, 000220.017, 169
Trd, 000220.100, 167
Trd, 000220.450, 166
Trd, 000221.483, 167
Trd, 000222.100, 164
Trd, 000222.167, 166
Trd, 000222.900, 166
Trd, 000223.167, 167
Trd, 000223.383, 166
Trd, 000223.700, 167
Trd, 000223.767, 164
Trd, 000225.817, 166
Trd, 000225.967, 166
Trd, 000226.267, 167
Trd, 000227.150, 169
Trd, 000228.067, 167
Trd, 000228.300, 168
Trd, 000228.417, 165
Trd, 000228.817, 168
Trd, 000228.983, 170
Trd, 000229.633, 171
Trd, 000230.700, 171
Trd, 000231.417, 169
Trd, 000231.867, 170
Trd, 000231.900, 169
Trd, 000232.667, 170
Trd, 000233.417, 170
Trd, 000233.467, 169
Trd, 000233.733, 169
Trd, 000234.400, 167
Trd, 000234.683, 168
Trd, 000234.983, 167
Trd, 000235.617, 167
Trd, 000235.933, 166
Trd, 000236.083, 163
Trd, 000236.300, 170
Trd, 000237.983, 165
Trd, 000238.283, 166
Trd, 000239.383, 167
Trd, 000239.533, 165
Trd, 000239.667, 164
Trd, 000239.733, 165
Trd, 000240.133, 165
Trd, 000240.633, 165
Trd, 000240.783, 165
Trd, 000240.800, 163
Trd, 000241.183, 163
Trd, 000241.600, 163
Trd, 000241.917, 165
Trd, 000242.517, 165
Trd, 000242.550, 167
Trd, 000243.050, 168
Trd, 000243.183, 166
Trd, 000243.383, 176
Trd, 000244.267, 170
Trd, 000244.283, 167
Trd, 000244.383, 164
Trd, 000245.700, 168
Trd, 000245.833, 169
Trd, 000246.683, 168
Trd, 000247.033, 168
Trd, 000247.250, 166
Trd, 000247.633, 168
Trd, 000247.950, 169
Trd, 000248.783, 169
Trd, 000249.150, 172
Trd, 000249.550, 173
Trd, 000249.767, 170
Trd, 000250.650, 172
Trd, 000250.883, 173
Trd, 000251.183, 171
Trd, 000252.167, 169
Trd, 000252.567, 169
Trd, 000252.817, 165
Trd, 000252.850, 169
Trd, 000253.850, 170
Trd, 000253.883, 168
Trd, 000254.083, 168
Trd, 000254.300, 168
Trd, 000254.633, 168
Trd, 000254.717, 169
Trd, 000255.000, 170
Trd, 000255.400, 169
Trd, 000255.767, 169
Trd, 000255.950, 168
Trd, 000256.467, 169
Trd, 000256.683, 167
Trd, 000256.967, 159
Trd, 000257.300, 171
Trd, 000257.517, 173
Trd, 000257.883, 180
Trd, 000259.383, 177
Trd, 000259.617, 186
Trd, 000260.383, 178
Trd, 000260.483, 177
Trd, 000260.983, 178
Trd, 000261.383, 178
Trd, 000261.600, 174
Trd, 000261.833, 178
Trd, 000261.967, 179
Trd, 000262.550, 170
Trd, 000263.183, 172
Trd, 000263.367, 170
Trd, 000263.600, 164
Trd, 000263.683, 163
Trd, 000263.717, 160
Trd, 000263.983, 164
Trd, 000264.183, 157
Trd, 000264.650, 158
Trd, 000265.250, 157
Trd, 000265.417, 159
Trd, 000265.517, 159
Trd, 000265.933, 162
Trd, 000266.167, 163
Trd, 000266.517, 167
Trd, 000266.900, 181
Trd, 000267.383, 174
Trd, 000267.933, 175
Trd, 000268.267, 191
Trd, 000268.500, 187
Trd, 000269.450, 192
Trd, 000269.750, 194
Trd, 000269.883, 194
Trd, 000271.067, 191
Trd, 000271.317, 191
Trd, 000271.700, 192
Trd, 000272.117, 189
Trd, 000272.650, 185
Trd, 000273.300, 169
Trd, 000273.550, 172
Trd, 000273.583, 167
Trd, 000274.017, 171
Trd, 000274.200, 172
Trd, 000274.333, 173
Trd, 000274.550, 176
Trd, 000274.900, 174
Trd, 000275.350, 175
Trd, 000275.767, 174
Trd, 000275.900, 168
Trd, 000276.317, 174
Trd, 000276.450, 174
Trd, 000276.633, 175
Trd, 000276.850, 179
Trd, 000277.667, 181
Trd, 000277.717, 171
Trd, 000278.067, 168
Trd, 000278.467, 180
Trd, 000278.950, 167
Trd, 000279.700, 172
Trd, 000279.867, 177
Trd, 000281.150, 182
Trd, 000281.600, 179
Trd, 000282.000, 181
Trd, 000282.050, 183
Trd, 000282.633, 180
Trd, 000283.183, 178
Trd, 000283.683, 174
Trd, 000283.733, 178
Trd, 000283.950, 172
Trd, 000284.217, 176
Trd, 000284.800, 173
Trd, 000285.317, 170
Trd, 000285.417, 171
Trd, 000285.717, 171
Trd, 000286.617, 170
Trd, 000286.733, 171
Trd, 000286.850, 172
Trd, 000286.917, 169
Trd, 000286.983, 172
Trd, 000287.800, 175
Trd, 000287.817, 173
Trd, 000288.300, 168
Trd, 000288.550, 174
Trd, 000288.667, 177
Trd, 000289.783, 171
Trd, 000289.800, 167
Trd, 000290.067, 172
Trd, 000290.367, 173
Trd, 000290.867, 173
Trd, 000291.100, 167
Trd, 000291.917, 170
Trd, 000291.933, 171
Trd, 000292.117, 177
Trd, 000292.367, 187
Trd, 000292.783, 173
Trd, 000292.933, 171
Trd, 000293.200, 166
Trd, 000293.217, 173
Trd, 000293.267, 163
Trd, 000293.783, 168
Trd, 000293.800, 174
Trd, 000294.117, 160
Trd, 000294.317, 190
Trd, 000294.450, 192
Trd, 000294.950, 166
Trd, 000296.433, 182
Trd, 000296.600, 182
Trd, 000296.700, 184
Trd, 000296.750, 190
Trd, 000297.583, 191
Trd, 000297.650, 191
Trd, 000297.717, 195
Trd, 000297.867, 172
Trd, 000298.850, 177
Trd, 000299.383, 172
Trd, 000299.717, 174
Trd, 000299.967, 177
