Trd, 000001.317, 100
Trd, 000001.750, 103
Trd, 000001.967, 134
Trd, 000003.867, 183
Trd, 000003.933, 182
Trd, 000004.117, 178
Trd, 000004.500, 174
Trd, 000004.883, 172
Trd, 000005.350, 162
Trd, 000006.033, 166
Trd, 000006.233, 139
Trd, 000007.400, 156
Trd, 000007.583, 155
Trd, 000007.667, 155
Trd, 000007.817, 157
Trd, 000009.500, 150
Trd, 000009.683, 154
Trd, 000009.717, 149
Trd, 000010.517, 152
Trd, 000012.283, 151
Trd, 000012.417, 149
Trd, 000012.583, 148
Trd, 000012.650, 152
Trd, 000013.267, 156
Trd, 000013.883, 136
Trd, 000014.133, 135
Trd, 000014.300, 139
Trd, 000014.667, 143
Trd, 000015.617, 140
Trd, 000015.967, 139
Trd, 000016.183, 139
Trd, 000016.800, 139
Trd, 000017.167, 139
Trd, 000017.517, 140
Trd, 000018.217, 156
Trd, 000018.700, 162
Trd, 000019.100, 148
Trd, 000019.750, 139
Trd, 000020.433, 140
Trd, 000021.233, 145
Trd, 000021.283, 146
Trd, 000021.950, 143
Trd, 000022.350, 144
Trd, 000022.367, 141
Trd, 000024.000, 145
Trd, 000024.117, 144
Trd, 000024.533, 142
Trd, 000025.100, 143
Trd, 000025.367, 143
Trd, 000025.550, 150
Trd, 000025.933, 157
Trd, 000026.367, 153
Trd, 000026.550, 153
Trd, 000027.150, 158
Trd, 000027.200, 153
Trd, 000027.383, 153
Trd, 000029.083, 156
Trd, 000029.217, 155
Trd, 000029.333, 158
Trd, 000029.450, 154
Trd, 000030.250, 161
Trd, 000030.867, 170
Trd, 000032.633, 154
Trd, 000033.150, 153
Trd, 000033.417, 150
Trd, 000033.883, 144
Trd, 000033.933, 149
Trd, 000034.550, 149
Trd, 000035.300, 150
Trd, 000035.450, 150
Trd, 000035.750, 150
Trd, 000036.617, 149
Trd, 000037.017, 149
Trd, 000037.083, 146
Trd, 000038.867, 147
Trd, 000039.067, 146
Trd, 000039.600, 148
Trd, 000040.417, 148
Trd, 000040.517, 147
Trd, 000041.267, 146
Trd, 000041.300, 147
Trd, 000041.733, 147
Trd, 000042.183, 149
Trd, 000042.583, 146
Trd, 000043.100, 146
Trd, 000043.833, 147
Trd, 000044.683, 145
Trd, 000044.850, 147
Trd, 000044.867, 144
Trd, 000045.033, 147
Trd, 000047.033, 147
Trd, 000047.217, 149
Trd, 000048.633, 152
Trd, 000048.667, 154
Trd, 000048.950, 151
Trd, 000049.267, 151
Trd, 000049.483, 151
Trd, 000049.683, 164
Trd, 000050.333, 149
Trd, 000051.333, 157
Trd, 000051.433, 158
Trd, 000051.767, 152
Trd, 000052.133, 152
Trd, 000052.700, 153
Trd, 000053.917, 153
Trd, 000054.517, 151
Trd, 000055.400, 145
Trd, 000055.650, 148
Trd, 000056.767, 147
Trd, 000057.400, 148
Trd, 000057.733, 148
Trd, 000057.833, 146
Trd, 000058.250, 147
Trd, 000059.283, 146
Trd, 000060.683, 147
Trd, 000060.733, 147
Trd, 000060.933, 146
Trd, 000061.067, 147
Trd, 000061.700, 149
Trd, 000062.083, 166
Trd, 000062.167, 152
Trd, 000062.283, 151
Trd, 000062.617, 154
Trd, 000063.317, 160
Trd, 000063.617, 160
Trd, 000063.983, 155
Trd, 000064.333, 140
Trd, 000064.667, 160
Trd, 000065.350, 158
Trd, 000065.617, 161
Trd, 000066.100, 161
Trd, 000067.150, 162
Trd, 000068.950, 166
Trd, 000069.650, 172
Trd, 000069.950, 171
Trd, 000070.017, 171
Trd, 000070.317, 171
Trd, 000070.333, 169
Trd, 000071.550, 170
Trd, 000071.617, 171
Trd, 000071.667, 168
Trd, 000072.333, 162
Trd, 000072.367, 171
Trd, 000073.400, 169
Trd, 000073.850, 169
Trd, 000075.100, 167
Trd, 000075.217, 165
Trd, 000075.900, 164
Trd, 000076.733, 165
Trd, 000077.167, 164
Trd, 000077.283, 163
Trd, 000078.233, 157
Trd, 000078.300, 143
Trd, 000079.067, 139
Trd, 000079.833, 156
Trd, 000080.133, 157
Trd, 000080.233, 161
Trd, 000081.250, 151
Trd, 000081.817, 163
Trd, 000082.017, 159
Trd, 000082.550, 154
Trd, 000083.567, 154
Trd, 000083.667, 156
Trd, 000084.533, 154
Trd, 000085.267, 154
Trd, 000085.367, 152
Trd, 000086.233, 154
Trd, 000086.333, 154
Trd, 000086.500, 155
Trd, 000087.400, 155
Trd, 000087.783, 156
Trd, 000088.000, 155
Trd, 000088.200, 161
Trd, 000088.433, 163
Trd, 000089.583, 156
Trd, 000089.800, 159
Trd, 000090.283, 159
Trd, 000090.383, 156
Trd, 000092.900, 155
Trd, 000093.267, 154
Trd, 000093.600, 152
Trd, 000093.850, 156
Trd, 000094.900, 152
Trd, 000095.417, 151
Trd, 000095.717, 151
Trd, 000095.900, 152
Trd, 000096.917, 150
Trd, 000097.550, 151
Trd, 000098.450, 145
Trd, 000098.483, 146
Trd, 000098.917, 145
Trd, 000099.350, 145
Trd, 000099.567, 145
Trd, 000100.200, 144
Trd, 000100.567, 147
Trd, 000102.167, 144
Trd, 000102.333, 145
Trd, 000103.017, 146
Trd, 000103.133, 146
Trd, 000103.467, 146
Trd, 000104.350, 146
Trd, 000104.933, 147
Trd, 000104.967, 145
Trd, 000106.050, 147
Trd, 000107.533, 148
Trd, 000107.667, 149
Trd, 000108.483, 148
Trd, 000108.533, 149
Trd, 000109.017, 148
Trd, 000109.917, 149
Trd, 000110.017, 151
Trd, 000110.867, 149
Trd, 000111.317, 150
Trd, 000111.583, 170
Trd, 000112.350, 162
Trd, 000112.817, 165
Trd, 000113.067, 160
Trd, 000113.933, 159
Trd, 000114.150, 160
Trd, 000114.883, 162
Trd, 000115.100, 163
Trd, 000115.683, 166
Trd, 000116.283, 159
Trd, 000117.767, 160
Trd, 000117.833, 163
Trd, 000117.917, 163
Trd, 000118.467, 162
Trd, 000118.933, 161
Trd, 000119.017, 159
Trd, 000119.567, 161
Trd, 000119.767, 161
Trd, 000120.033, 160
Trd, 000120.550, 161
Trd, 000120.717, 162
Trd, 000120.950, 162
Trd, 000121.367, 162
Trd, 000121.517, 167
Trd, 000121.833, 170
Trd, 000122.067, 191
Trd, 000122.150, 213
Trd, 000123.133, 292
Trd, 000123.233, 253
Trd, 000123.300, 313.0
Trd, 000124.000, 301.0
Trd, 000124.017, 300.0
Trd, 000124.533, 323.0
Trd, 000125.267, 316.0
Trd, 000125.300, 313.0
Trd, 000125.933, 322.0
Trd, 000126.350, 324.0
Trd, 000126.917, 342
Trd, 000127.200, 334.0
Trd, 000128.383, 336
Trd, 000128.850, 337
Trd, 000129.083, 335
Trd, 000129.733, 349
Trd, 000130.800, 352.0
Trd, 000130.867, 343
Trd, 000131.100, 352.0
Trd, 000133.183, 345
Trd, 000133.683, 345
Trd, 000134.433, 340
Trd, 000134.983, 342
Trd, 000135.000, 319
Trd, 000135.317, 342
Trd, 000136.383, 331.0
Trd, 000137.433, 329.0
Trd, 000137.467, 330.0
Trd, 000137.883, 331.0
Trd, 000137.967, 328.0
Trd, 000139.450, 330
Trd, 000139.767, 331
Trd, 000140.367, 331.0
Trd, 000140.600, 332.0
Trd, 000142.350, 330
Trd, 000142.833, 332.0
Trd, 000143.100, 332.0
Trd, 000143.150, 333.0
Trd, 000144.133, 330.0
Trd, 000144.400, 334
Trd, 000145.083, 334.0
Trd, 000146.067, 337
Trd, 000146.433, 331.0
Trd, 000146.917, 337
Trd, 000147.033, 338
Trd, 000147.333, 340
Trd, 000148.883, 339
Trd, 000148.983, 338
Trd, 000149.567, 337
Trd, 000149.800, 338
Trd, 000149.833, 337
Trd, 000150.533, 341
Trd, 000150.600, 357
Trd, 000151.333, 341
Trd, 000152.850, 340
Trd, 000153.067, 340
Trd, 000153.600, 338
Trd, 000154.400, 338
Trd, 000156.117, 337
Trd, 000156.167, 338
Trd, 000156.500, 337
Trd, 000156.617, 339
Trd, 000156.833, 335
Trd, 000157.350, 338
Trd, 000157.517, 339
Trd, 000159.083, 337
Trd, 000159.100, 338
Trd, 000159.533, 334
Trd, 000159.617, 339
Trd, 000160.333, 333
Trd, 000160.617, 334.0
Trd, 000160.767, 337
Trd, 000162.717, 341
Trd, 000163.800, 335
Trd, 000164.133, 339
Trd, 000164.600, 336
Trd, 000165.017, 339
Trd, 000165.183, 332
Trd, 000166.017, 334.0
Trd, 000166.500, 333
Trd, 000166.567, 333
Trd, 000167.300, 354.0
Trd, 000167.833, 335
Trd, 000168.350, 337
Trd, 000168.700, 338
Trd, 000169.050, 339
Trd, 000169.450, 338
Trd, 000169.917, 339
Trd, 000170.617, 335
Trd, 000172.083, 334
Trd, 000172.267, 327.0
Trd, 000172.517, 335
Trd, 000173.183, 333
Trd, 000173.833, 329
Trd, 000174.067, 334
Trd, 000175.200, 336
Trd, 000175.450, 337
Trd, 000175.950, 340
Trd, 000176.300, 341
Trd, 000176.750, 337
Trd, 000177.950, 342
Trd, 000178.933, 342
Trd, 000179.483, 343
Trd, 000179.733, 356
Trd, 000180.767, 342
Trd, 000180.833, 336
Trd, 000180.983, 352.0
Trd, 000181.167, 346
Trd, 000181.433, 332
Trd, 000182.483, 319
Trd, 000182.900, 317.0
Trd, 000182.967, 313.0
Trd, 000183.417, 276
Trd, 000183.700, 325
Trd, 000184.367, 218
Trd, 000185.283, 190
Trd, 000185.850, 185
Trd, 000186.100, 185
Trd, 000186.133, 201
Trd, 000186.683, 197
Trd, 000187.367, 182
Trd, 000188.400, 188
Trd, 000188.750, 187
Trd, 000188.867, 186
Trd, 000189.483, 183
Trd, 000189.783, 174
Trd, 000190.917, 171
Trd, 000191.467, 185
Trd, 000191.517, 172
Trd, 000193.167, 169
Trd, 000193.183, 153
Trd, 000193.433, 174
Trd, 000194.333, 172
Trd, 000195.217, 170
Trd, 000195.467, 171
Trd, 000196.083, 169
Trd, 000196.133, 169
Trd, 000196.367, 170
Trd, 000197.217, 171
Trd, 000197.900, 171
Trd, 000198.567, 168
Trd, 000198.667, 167
Trd, 000198.700, 169
Trd, 000199.583, 166
Trd, 000200.483, 165
Trd, 000201.083, 166
Trd, 000201.250, 166
Trd, 000201.800, 165
Trd, 000201.950, 167
Trd, 000202.117, 164
Trd, 000202.167, 161
Trd, 000203.083, 162
Trd, 000203.350, 161
Trd, 000203.567, 162
Trd, 000203.767, 164
Trd, 000204.417, 162
Trd, 000205.983, 164
Trd, 000206.650, 164
Trd, 000207.000, 164
Trd, 000207.817, 161
Trd, 000208.133, 167
Trd, 000209.033, 164
Trd, 000209.733, 164
Trd, 000209.767, 163
Trd, 000210.183, 166
Trd, 000210.400, 167
Trd, 000211.450, 196
Trd, 000212.333, 184
Trd, 000212.450, 183
Trd, 000212.733, 182
Trd, 000213.167, 182
Trd, 000213.350, 182
Trd, 000213.733, 179
Trd, 000213.983, 168
Trd, 000215.733, 174
Trd, 000216.250, 175
Trd, 000216.450, 174
Trd, 000217.667, 175
Trd, 000218.383, 176
Trd, 000218.517, 175
Trd, 000218.833, 175
Trd, 000218.883, 177
Trd, 000219.033, 161
Trd, 000219.717, 178
Trd, 000220.050, 177
Trd, 000220.417, 187
Trd, 000220.800, 177
Trd, 000221.833, 178
Trd, 000222.217, 177
Trd, 000222.967, 176
Trd, 000223.700, 174
Trd, 000224.800, 178
Trd, 000225.483, 175
Trd, 000225.900, 175
Trd, 000226.900, 174
Trd, 000227.333, 176
Trd, 000227.800, 177
Trd, 000228.117, 173
Trd, 000228.567, 176
Trd, 000228.800, 178
Trd, 000229.550, 178
Trd, 000230.267, 179
Trd, 000230.833, 177
Trd, 000231.133, 177
Trd, 000231.300, 177
Trd, 000231.567, 174
Trd, 000232.000, 177
Trd, 000232.367, 172
Trd, 000234.533, 174
Trd, 000236.067, 173
Trd, 000236.100, 174
Trd, 000236.733, 173
Trd, 000237.150, 174
Trd, 000237.250, 175
Trd, 000237.317, 175
Trd, 000237.383, 176
Trd, 000239.333, 174
Trd, 000239.517, 174
Trd, 000240.350, 175
Trd, 000240.517, 174
Trd, 000240.850, 175
Trd, 000241.183, 176
Trd, 000241.483, 175
Trd, 000241.617, 171
Trd, 000241.733, 168
Trd, 000243.067, 173
Trd, 000243.550, 172
Trd, 000244.400, 171
Trd, 000244.983, 170
Trd, 000245.250, 171
Trd, 000245.633, 169
Trd, 000245.767, 169
Trd, 000245.833, 172
Trd, 000246.417, 168
Trd, 000247.083, 169
Trd, 000247.317, 169
Trd, 000248.100, 172
Trd, 000248.400, 173
Trd, 000248.500, 173
Trd, 000249.667, 171
Trd, 000250.467, 179
Trd, 000250.950, 170
Trd, 000250.983, 180
Trd, 000251.017, 169
Trd, 000251.567, 175
Trd, 000251.967, 175
Trd, 000252.650, 173
Trd, 000252.800, 173
Trd, 000252.833, 176
Trd, 000253.150, 183
Trd, 000253.483, 177
Trd, 000253.633, 176
Trd, 000254.783, 177
Trd, 000254.817, 178
Trd, 000255.533, 178
Trd, 000255.567, 172
Trd, 000255.617, 180
Trd, 000257.117, 174
Trd, 000257.567, 172
Trd, 000257.900, 172
Trd, 000258.400, 180
Trd, 000259.083, 189
Trd, 000259.233, 182
Trd, 000259.967, 189
Trd, 000260.233, 198
Trd, 000260.250, 188
Trd, 000260.450, 188
Trd, 000261.067, 185
Trd, 000261.650, 177
Trd, 000261.800, 180
Trd, 000262.033, 179
Trd, 000262.283, 173
Trd, 000263.633, 178
Trd, 000264.717, 176
Trd, 000264.800, 177
Trd, 000265.200, 172
Trd, 000265.533, 175
Trd, 000265.917, 174
Trd, 000266.183, 175
Trd, 000266.233, 173
Trd, 000266.317, 179
Trd, 000266.633, 172
Trd, 000267.583, 179
Trd, 000268.600, 184
Trd, 000269.083, 182
Trd, 000269.150, 178
Trd, 000270.550, 179
Trd, 000270.700, 181
Trd, 000271.550, 179
Trd, 000271.750, 180
Trd, 000271.833, 178
Trd, 000272.483, 177
Trd, 000272.900, 176
Trd, 000273.150, 178
Trd, 000273.333, 182
Trd, 000273.383, 171
Trd, 000273.633, 182
Trd, 000273.700, 176
Trd, 000274.783, 178
Trd, 000274.850, 176
Trd, 000275.083, 177
Trd, 000275.117, 179
Trd, 000275.433, 183
Trd, 000276.800, 181
Trd, 000277.883, 184
Trd, 000278.083, 183
Trd, 000278.417, 184
Trd, 000278.650, 183
Trd, 000278.900, 180
Trd, 000279.333, 183
Trd, 000279.417, 185
Trd, 000280.167, 187
Trd, 000280.267, 191
Trd, 000280.967, 184
Trd, 000281.750, 183
Trd, 000282.433, 182
Trd, 000282.500, 181
Trd, 000283.100, 177
Trd, 000283.550, 177
Trd, 000284.300, 176
Trd, 000284.883, 175
Trd, 000284.933, 179
Trd, 000285.283, 174
Trd, 000285.783, 173
Trd, 000285.917, 174
Trd, 000287.067, 173
Trd, 000287.150, 175
Trd, 000287.317, 179
Trd, 000287.333, 180
Trd, 000288.583, 176
Trd, 000288.683, 178
Trd, 000288.783, 179
Trd, 000290.000, 184
Trd, 000290.233, 185
Trd, 000290.850, 178
Trd, 000290.950, 176
Trd, 000291.450, 174
Trd, 000291.900, 176
Trd, 000292.233, 175
Trd, 000292.583, 173
Trd, 000292.717, 175
Trd, 000292.783, 166
Trd, 000293.833, 176
Trd, 000294.583, 175
Trd, 000294.783, 177
Trd, 000295.133, 178
Trd, 000296.183, 178
Trd, 000296.367, 178
Trd, 000296.617, 179
Trd, 000297.433, 180
Trd, 000297.583, 181
Trd, 000297.767, 182
Trd, 000297.850, 183
Trd, 000298.017, 184
Trd, 000298.917, 187
Trd, 000299.133, 185
Trd, 000299.550, 184
