Trd, 000002.483, 169
Trd, 000002.517, 138
Trd, 000002.667, 196
Trd, 000003.317, 165
Trd, 000004.250, 134
Trd, 000004.333, 126
Trd, 000004.417, 134
Trd, 000004.450, 137
Trd, 000005.367, 144
Trd, 000005.450, 139
Trd, 000005.817, 155
Trd, 000006.567, 138
Trd, 000006.933, 149
Trd, 000007.383, 134
Trd, 000007.500, 149
Trd, 000007.900, 163
Trd, 000008.783, 142
Trd, 000009.217, 148
Trd, 000009.550, 162
Trd, 000009.767, 177
Trd, 000009.933, 178
Trd, 000011.783, 156
Trd, 000012.117, 159
Trd, 000012.767, 159
Trd, 000012.867, 160
Trd, 000012.900, 153
Trd, 000013.067, 153
Trd, 000013.217, 152
Trd, 000013.867, 135
Trd, 000014.117, 154
Trd, 000014.900, 145
Trd, 000015.183, 146
Trd, 000015.483, 144
Trd, 000015.633, 145
Trd, 000016.050, 166
Trd, 000016.717, 157
Trd, 000017.483, 176
Trd, 000017.800, 151
Trd, 000017.817, 150
Trd, 000018.100, 174
Trd, 000018.433, 151
Trd, 000018.700, 179
Trd, 000018.950, 163
Trd, 000020.333, 151
Trd, 000021.733, 154
Trd, 000022.100, 155
Trd, 000023.467, 156
Trd, 000023.850, 153
Trd, 000023.883, 157
Trd, 000024.017, 158
Trd, 000024.183, 160
Trd, 000024.667, 157
Trd, 000024.683, 154
Trd, 000024.717, 158
Trd, 000025.500, 153
Trd, 000025.850, 151
Trd, 000026.250, 156
Trd, 000026.617, 151
Trd, 000027.333, 151
Trd, 000027.433, 150
Trd, 000027.467, 153
Trd, 000027.617, 156
Trd, 000028.450, 140
Trd, 000028.717, 148
Trd, 000028.850, 149
Trd, 000029.717, 153
Trd, 000030.017, 148
Trd, 000031.283, 150
Trd, 000032.167, 151
Trd, 000032.533, 150
Trd, 000033.033, 151
Trd, 000033.233, 149
Trd, 000034.233, 158
Trd, 000034.550, 162
Trd, 000035.300, 156
Trd, 000035.400, 151
Trd, 000035.917, 152
Trd, 000037.183, 147
Trd, 000037.650, 145
Trd, 000038.417, 149
Trd, 000038.500, 156
Trd, 000038.683, 159
Trd, 000039.317, 153
Trd, 000039.517, 169
Trd, 000040.050, 149
Trd, 000040.517, 148
Trd, 000040.533, 137
Trd, 000040.783, 135
Trd, 000041.600, 141
Trd, 000041.717, 137
Trd, 000042.133, 138
Trd, 000042.867, 144
Trd, 000043.500, 143
Trd, 000043.550, 145
Trd, 000045.400, 144
Trd, 000045.433, 145
Trd, 000045.600, 146
Trd, 000045.617, 148
Trd, 000045.767, 141
Trd, 000045.817, 159
Trd, 000046.517, 141
Trd, 000047.450, 142
Trd, 000047.933, 149
Trd, 000048.283, 149
Trd, 000048.517, 141
Trd, 000049.300, 142
Trd, 000051.217, 146
Trd, 000051.483, 148
Trd, 000051.617, 149
Trd, 000051.917, 160
Trd, 000052.283, 141
Trd, 000052.833, 157
Trd, 000053.850, 147
Trd, 000055.117, 149
Trd, 000055.317, 147
Trd, 000055.700, 149
Trd, 000056.133, 147
Trd, 000056.733, 149
Trd, 000057.067, 151
Trd, 000057.317, 146
Trd, 000057.350, 161
Trd, 000057.467, 146
Trd, 000058.267, 153
Trd, 000059.400, 154
Trd, 000059.783, 147
Trd, 000060.383, 146
Trd, 000061.317, 147
Trd, 000062.133, 147
Trd, 000062.200, 146
Trd, 000062.383, 145
Trd, 000063.183, 160
Trd, 000063.450, 161
Trd, 000064.100, 147
Trd, 000064.217, 154
Trd, 000064.717, 145
Trd, 000065.167, 147
Trd, 000065.833, 155
Trd, 000065.983, 155
Trd, 000066.550, 163
Trd, 000067.150, 164
Trd, 000067.333, 153
Trd, 000068.533, 150
Trd, 000069.467, 149
Trd, 000069.500, 155
Trd, 000069.733, 159
Trd, 000070.167, 160
Trd, 000071.117, 158
Trd, 000071.400, 166
Trd, 000071.933, 157
Trd, 000072.067, 172
Trd, 000072.500, 154
Trd, 000074.150, 160
Trd, 000074.217, 159
Trd, 000074.383, 161
Trd, 000074.817, 159
Trd, 000075.367, 160
Trd, 000075.733, 158
Trd, 000075.883, 160
Trd, 000076.667, 158
Trd, 000076.717, 159
Trd, 000076.850, 158
Trd, 000076.867, 163
Trd, 000077.117, 172
Trd, 000078.167, 180
Trd, 000078.617, 182
Trd, 000078.817, 162
Trd, 000079.150, 168
Trd, 000079.533, 184
Trd, 000080.433, 163
Trd, 000082.067, 158
Trd, 000082.150, 162
Trd, 000083.300, 160
Trd, 000084.117, 159
Trd, 000084.450, 163
Trd, 000084.517, 160
Trd, 000084.550, 159
Trd, 000085.033, 147
Trd, 000085.050, 166
Trd, 000085.383, 152
Trd, 000085.533, 166
Trd, 000086.333, 168
Trd, 000087.633, 176
Trd, 000087.683, 153
Trd, 000088.850, 160
Trd, 000089.317, 164
Trd, 000089.883, 160
Trd, 000090.283, 164
Trd, 000090.533, 164
Trd, 000090.883, 164
Trd, 000091.417, 159
Trd, 000092.267, 158
Trd, 000092.583, 159
Trd, 000092.617, 163
Trd, 000093.167, 157
Trd, 000093.367, 162
Trd, 000094.050, 181
Trd, 000094.517, 142
Trd, 000094.850, 155
Trd, 000095.650, 154
Trd, 000096.800, 161
Trd, 000098.033, 163
Trd, 000100.033, 155
Trd, 000101.350, 160
Trd, 000101.433, 161
Trd, 000101.550, 157
Trd, 000101.767, 162
Trd, 000102.200, 159
Trd, 000102.867, 163
Trd, 000103.667, 157
Trd, 000104.033, 164
Trd, 000104.267, 165
Trd, 000104.833, 161
Trd, 000105.083, 164
Trd, 000105.883, 161
Trd, 000106.100, 163
Trd, 000106.600, 163
Trd, 000106.650, 161
Trd, 000107.300, 160
Trd, 000107.567, 161
Trd, 000107.817, 164
Trd, 000108.683, 161
Trd, 000108.800, 163
Trd, 000109.183, 160
Trd, 000109.333, 164
Trd, 000109.400, 159
Trd, 000110.483, 157
Trd, 000110.650, 147
Trd, 000110.783, 165
Trd, 000111.750, 157
Trd, 000111.767, 158
Trd, 000112.033, 166
Trd, 000112.067, 151
Trd, 000112.467, 159
Trd, 000112.950, 167
Trd, 000113.033, 151
Trd, 000113.083, 169
Trd, 000114.567, 169
Trd, 000115.200, 154
Trd, 000115.600, 154
Trd, 000115.967, 153
Trd, 000116.333, 157
Trd, 000116.417, 145
Trd, 000116.833, 146
Trd, 000117.483, 152
Trd, 000117.583, 156
Trd, 000117.750, 170
Trd, 000119.850, 160
Trd, 000120.433, 159
Trd, 000120.750, 159
Trd, 000121.200, 157
Trd, 000121.433, 158
Trd, 000121.600, 167
Trd, 000121.700, 177
Trd, 000122.000, 191
Trd, 000122.550, 198
Trd, 000123.000, 212
Trd, 000123.150, 267
Trd, 000123.400, 303.0
Trd, 000123.533, 306.0
Trd, 000123.950, 312
Trd, 000124.167, 337.0
Trd, 000124.683, 332
Trd, 000124.867, 353
Trd, 000126.150, 328
Trd, 000127.350, 334.0
Trd, 000127.433, 344.0
Trd, 000127.667, 329
Trd, 000127.700, 355.0
Trd, 000128.983, 347
Trd, 000129.783, 345
Trd, 000129.983, 356
Trd, 000130.583, 346
Trd, 000132.183, 344
Trd, 000132.233, 345
Trd, 000133.000, 340
Trd, 000133.300, 342
Trd, 000133.850, 340
Trd, 000133.883, 335.0
Trd, 000134.817, 341
Trd, 000134.950, 342
Trd, 000136.033, 344
Trd, 000136.383, 346
Trd, 000136.417, 339.0
Trd, 000136.600, 347
Trd, 000136.850, 348
Trd, 000137.850, 340
Trd, 000138.183, 339
Trd, 000138.300, 337
Trd, 000138.700, 349
Trd, 000140.567, 343
Trd, 000140.983, 344.0
Trd, 000141.067, 342
Trd, 000141.433, 340
Trd, 000141.950, 337
Trd, 000144.333, 343
Trd, 000144.833, 342
Trd, 000145.283, 337.0
Trd, 000145.317, 335
Trd, 000145.817, 344.0
Trd, 000146.950, 341
Trd, 000147.517, 338
Trd, 000148.633, 339
Trd, 000148.667, 337
Trd, 000148.750, 339
Trd, 000148.783, 331.0
Trd, 000149.183, 344
Trd, 000150.083, 344.0
Trd, 000150.250, 326
Trd, 000150.417, 337.0
Trd, 000150.817, 339
Trd, 000152.050, 334.0
Trd, 000152.300, 337
Trd, 000152.333, 340
Trd, 000152.367, 333
Trd, 000153.400, 343
Trd, 000154.100, 355.0
Trd, 000154.333, 337
Trd, 000155.733, 342
Trd, 000156.283, 345
Trd, 000157.133, 351
Trd, 000158.383, 348
Trd, 000158.750, 354.0
Trd, 000159.033, 343
Trd, 000159.583, 334.0
Trd, 000159.683, 344
Trd, 000159.883, 347
Trd, 000159.917, 333
Trd, 000160.217, 338
Trd, 000160.550, 350
Trd, 000161.350, 349
Trd, 000161.483, 346
Trd, 000161.933, 358
Trd, 000163.100, 350
Trd, 000163.533, 347
Trd, 000163.600, 346
Trd, 000163.883, 338
Trd, 000163.900, 349
Trd, 000164.300, 351
Trd, 000164.450, 364.0
Trd, 000165.017, 352
Trd, 000165.933, 337
Trd, 000166.983, 334
Trd, 000167.917, 345
Trd, 000168.667, 344.0
Trd, 000169.233, 342
Trd, 000169.283, 342
Trd, 000169.483, 346
Trd, 000170.283, 349
Trd, 000170.350, 342
Trd, 000171.133, 365.0
Trd, 000171.450, 364
Trd, 000171.733, 340
Trd, 000173.100, 355
Trd, 000173.183, 349
Trd, 000173.633, 351
Trd, 000173.933, 347
Trd, 000174.450, 344
Trd, 000174.933, 340
Trd, 000175.200, 337.0
Trd, 000175.350, 351
Trd, 000175.500, 358
Trd, 000176.450, 353
Trd, 000176.750, 352
Trd, 000176.933, 351
Trd, 000177.717, 352
Trd, 000177.833, 331.0
Trd, 000178.383, 352.0
Trd, 000179.067, 334.0
Trd, 000179.467, 337.0
Trd, 000180.267, 343
Trd, 000180.700, 344.0
Trd, 000180.883, 345
Trd, 000181.050, 355.0
Trd, 000182.217, 333
Trd, 000182.400, 332
Trd, 000182.667, 331.0
Trd, 000182.767, 330
Trd, 000183.367, 319
Trd, 000183.400, 310.0
Trd, 000183.667, 303.0
Trd, 000183.967, 289
Trd, 000184.283, 304
Trd, 000184.300, 258
Trd, 000184.733, 255
Trd, 000185.000, 213
Trd, 000186.050, 214
Trd, 000186.917, 208
Trd, 000187.333, 208
Trd, 000187.417, 207
Trd, 000187.767, 204
Trd, 000188.033, 201
Trd, 000188.350, 190
Trd, 000188.900, 199
Trd, 000189.217, 183
Trd, 000189.333, 198
Trd, 000190.100, 194
Trd, 000190.767, 191
Trd, 000191.467, 193
Trd, 000191.950, 184
Trd, 000192.550, 184
Trd, 000193.033, 184
Trd, 000193.817, 182
Trd, 000194.400, 183
Trd, 000194.550, 181
Trd, 000195.483, 184
Trd, 000195.650, 175
Trd, 000196.033, 174
Trd, 000196.117, 172
Trd, 000196.233, 168
Trd, 000196.650, 151
Trd, 000197.400, 162
Trd, 000197.483, 171
Trd, 000197.750, 154
Trd, 000198.167, 172
Trd, 000198.417, 197
Trd, 000198.717, 152
Trd, 000199.767, 183
Trd, 000200.033, 173
Trd, 000201.083, 170
Trd, 000201.267, 169
Trd, 000201.783, 171
Trd, 000201.850, 169
Trd, 000202.033, 172
Trd, 000202.433, 168
Trd, 000202.667, 179
Trd, 000203.033, 178
Trd, 000204.100, 154
Trd, 000204.450, 174
Trd, 000205.083, 175
Trd, 000205.133, 142
Trd, 000206.300, 158
Trd, 000206.917, 169
Trd, 000208.133, 171
Trd, 000208.517, 171
Trd, 000208.617, 172
Trd, 000208.850, 185
Trd, 000209.217, 185
Trd, 000209.883, 171
Trd, 000210.317, 169
Trd, 000210.683, 175
Trd, 000211.467, 172
Trd, 000211.550, 168
Trd, 000211.783, 155
Trd, 000212.217, 149
Trd, 000213.400, 162
Trd, 000213.633, 161
Trd, 000214.000, 170
Trd, 000214.333, 158
Trd, 000214.533, 163
Trd, 000214.817, 163
Trd, 000215.467, 179
Trd, 000215.767, 166
Trd, 000215.967, 179
Trd, 000216.983, 178
Trd, 000217.117, 154
Trd, 000217.667, 178
Trd, 000218.417, 179
Trd, 000218.483, 159
Trd, 000218.800, 177
Trd, 000218.883, 179
Trd, 000219.533, 167
Trd, 000219.783, 175
Trd, 000221.550, 173
Trd, 000221.983, 169
Trd, 000222.817, 171
Trd, 000222.850, 172
Trd, 000223.483, 172
Trd, 000223.817, 175
Trd, 000224.467, 172
Trd, 000225.317, 175
Trd, 000225.333, 176
Trd, 000226.333, 177
Trd, 000227.250, 175
Trd, 000227.317, 176
Trd, 000227.383, 180
Trd, 000228.817, 176
Trd, 000229.583, 160
Trd, 000229.600, 178
Trd, 000229.833, 180
Trd, 000230.917, 170
Trd, 000231.067, 169
Trd, 000232.100, 166
Trd, 000232.467, 169
Trd, 000232.517, 170
Trd, 000233.933, 154
Trd, 000234.667, 166
Trd, 000234.817, 157
Trd, 000234.917, 167
Trd, 000235.033, 166
Trd, 000235.117, 167
Trd, 000236.167, 170
Trd, 000236.250, 168
Trd, 000236.883, 166
Trd, 000237.733, 165
Trd, 000238.633, 164
Trd, 000239.150, 165
Trd, 000239.350, 166
Trd, 000239.800, 168
Trd, 000240.700, 174
Trd, 000240.717, 175
Trd, 000240.933, 173
Trd, 000241.300, 173
Trd, 000241.650, 172
Trd, 000241.967, 174
Trd, 000242.300, 176
Trd, 000242.700, 171
Trd, 000243.733, 173
Trd, 000243.767, 174
Trd, 000244.033, 176
Trd, 000244.383, 172
Trd, 000245.000, 179
Trd, 000245.233, 183
Trd, 000245.317, 180
Trd, 000245.883, 172
Trd, 000245.967, 191
Trd, 000246.350, 159
Trd, 000246.667, 172
Trd, 000246.817, 184
Trd, 000247.483, 171
Trd, 000247.867, 170
Trd, 000248.817, 170
Trd, 000249.067, 169
Trd, 000249.350, 169
Trd, 000249.600, 168
Trd, 000249.900, 162
Trd, 000250.117, 161
Trd, 000250.483, 177
Trd, 000250.683, 177
Trd, 000252.450, 170
Trd, 000252.617, 170
Trd, 000252.900, 160
Trd, 000253.200, 160
Trd, 000253.550, 156
Trd, 000254.417, 159
Trd, 000255.233, 165
Trd, 000255.267, 166
Trd, 000255.317, 171
Trd, 000256.233, 170
Trd, 000256.333, 171
Trd, 000256.450, 170
Trd, 000256.733, 173
Trd, 000257.117, 176
Trd, 000257.350, 177
Trd, 000257.617, 176
Trd, 000258.050, 180
Trd, 000258.267, 180
Trd, 000258.583, 183
Trd, 000259.183, 179
Trd, 000259.650, 179
Trd, 000259.833, 184
Trd, 000260.950, 184
Trd, 000261.200, 176
Trd, 000261.533, 175
Trd, 000261.750, 183
Trd, 000262.267, 173
Trd, 000263.500, 180
Trd, 000263.833, 177
Trd, 000263.950, 175
Trd, 000264.233, 177
Trd, 000265.367, 174
Trd, 000266.267, 175
Trd, 000266.317, 175
Trd, 000266.567, 177
Trd, 000266.600, 175
Trd, 000267.050, 176
Trd, 000267.067, 175
Trd, 000267.400, 177
Trd, 000267.600, 178
Trd, 000267.750, 176
Trd, 000268.033, 181
Trd, 000269.017, 185
Trd, 000269.150, 189
Trd, 000270.450, 181
Trd, 000270.550, 178
Trd, 000270.783, 178
Trd, 000271.233, 177
Trd, 000271.750, 176
Trd, 000271.783, 179
Trd, 000271.967, 171
Trd, 000272.533, 171
Trd, 000272.883, 180
Trd, 000273.700, 172
Trd, 000273.733, 182
Trd, 000274.217, 185
Trd, 000274.700, 179
Trd, 000274.800, 178
Trd, 000275.450, 178
Trd, 000275.867, 180
Trd, 000275.933, 177
Trd, 000276.067, 176
Trd, 000276.550, 179
Trd, 000276.967, 176
Trd, 000277.133, 179
Trd, 000277.767, 176
Trd, 000278.150, 175
Trd, 000278.417, 179
Trd, 000278.950, 182
Trd, 000279.633, 176
Trd, 000279.867, 174
Trd, 000280.183, 178
Trd, 000280.550, 176
Trd, 000281.183, 176
Trd, 000281.700, 177
Trd, 000281.783, 179
Trd, 000281.967, 173
Trd, 000282.150, 172
Trd, 000282.250, 183
Trd, 000282.667, 190
Trd, 000283.200, 188
Trd, 000283.300, 170
Trd, 000283.350, 183
Trd, 000284.650, 192
Trd, 000285.150, 176
Trd, 000285.217, 170
Trd, 000285.317, 182
Trd, 000285.667, 172
Trd, 000285.683, 183
Trd, 000286.617, 178
Trd, 000287.267, 177
Trd, 000288.217, 173
Trd, 000288.533, 173
Trd, 000288.583, 171
Trd, 000289.183, 175
Trd, 000289.750, 175
Trd, 000289.783, 176
Trd, 000290.000, 177
Trd, 000290.083, 177
Trd, 000291.017, 179
Trd, 000291.450, 174
Trd, 000291.467, 184
Trd, 000292.183, 180
Trd, 000292.317, 181
Trd, 000292.817, 177
Trd, 000293.500, 187
Trd, 000293.683, 180
Trd, 000294.600, 180
Trd, 000295.083, 177
Trd, 000295.333, 178
Trd, 000295.600, 180
Trd, 000295.883, 181
Trd, 000296.383, 178
Trd, 000296.883, 183
Trd, 000297.100, 183
Trd, 000297.650, 178
Trd, 000298.133, 183
Trd, 000298.717, 175
Trd, 000299.100, 185
Trd, 000299.400, 181
