Trd, 000001.383, 175
Trd, 000001.683, 200
Trd, 000001.883, 155
Trd, 000002.350, 144
Trd, 000004.250, 168
Trd, 000004.267, 155
Trd, 000004.533, 154
Trd, 000004.550, 151
Trd, 000004.650, 141
Trd, 000006.100, 123
Trd, 000006.467, 138
Trd, 000007.500, 119
Trd, 000007.783, 123
Trd, 000007.967, 125
Trd, 000008.467, 126
Trd, 000009.550, 128
Trd, 000010.333, 141
Trd, 000010.367, 149
Trd, 000011.200, 131
Trd, 000011.417, 159
Trd, 000011.717, 141
Trd, 000012.433, 145
Trd, 000013.050, 152
Trd, 000013.467, 135
Trd, 000013.867, 134
Trd, 000014.450, 156
Trd, 000016.033, 147
Trd, 000016.267, 148
Trd, 000017.500, 145
Trd, 000018.933, 149
Trd, 000019.600, 148
Trd, 000019.800, 146
Trd, 000020.283, 149
Trd, 000020.700, 150
Trd, 000021.367, 150
Trd, 000021.400, 147
Trd, 000022.150, 149
Trd, 000022.450, 147
Trd, 000023.083, 150
Trd, 000024.700, 149
Trd, 000025.550, 150
Trd, 000025.617, 164
Trd, 000025.867, 146
Trd, 000026.250, 157
Trd, 000026.550, 146
Trd, 000027.467, 148
Trd, 000028.050, 159
Trd, 000028.250, 148
Trd, 000029.117, 158
Trd, 000030.100, 149
Trd, 000030.617, 151
Trd, 000031.633, 151
Trd, 000031.900, 151
Trd, 000032.333, 155
Trd, 000032.500, 156
Trd, 000032.700, 158
Trd, 000033.650, 152
Trd, 000033.867, 158
Trd, 000034.450, 158
Trd, 000034.867, 150
Trd, 000035.200, 150
Trd, 000036.067, 156
Trd, 000037.083, 154
Trd, 000037.433, 155
Trd, 000037.650, 151
Trd, 000037.667, 147
Trd, 000038.150, 147
Trd, 000039.133, 151
Trd, 000040.700, 150
Trd, 000040.967, 152
Trd, 000040.983, 159
Trd, 000042.350, 159
Trd, 000043.050, 155
Trd, 000043.617, 155
Trd, 000043.817, 155
Trd, 000044.017, 151
Trd, 000044.700, 156
Trd, 000045.000, 172
Trd, 000045.717, 149
Trd, 000046.483, 166
Trd, 000047.267, 168
Trd, 000047.333, 151
Trd, 000048.183, 148
Trd, 000048.933, 172
Trd, 000048.983, 173
Trd, 000049.950, 158
Trd, 000050.350, 165
Trd, 000050.567, 169
Trd, 000050.983, 169
Trd, 000052.183, 165
Trd, 000053.150, 164
Trd, 000053.367, 163
Trd, 000053.700, 166
Trd, 000053.850, 160
Trd, 000054.733, 159
Trd, 000055.683, 160
Trd, 000056.883, 157
Trd, 000057.567, 156
Trd, 000057.650, 152
Trd, 000058.300, 156
Trd, 000058.367, 149
Trd, 000059.433, 157
Trd, 000060.400, 159
Trd, 000060.667, 153
Trd, 000061.733, 155
Trd, 000061.767, 155
Trd, 000061.917, 159
Trd, 000062.350, 154
Trd, 000063.817, 158
Trd, 000064.200, 159
Trd, 000065.450, 159
Trd, 000065.967, 161
Trd, 000066.050, 168
Trd, 000066.550, 174
Trd, 000068.450, 164
Trd, 000069.483, 163
Trd, 000069.650, 162
Trd, 000069.750, 158
Trd, 000069.983, 151
Trd, 000070.283, 167
Trd, 000070.383, 167
Trd, 000071.250, 155
Trd, 000072.183, 155
Trd, 000072.700, 156
Trd, 000073.050, 154
Trd, 000073.350, 155
Trd, 000074.567, 157
Trd, 000074.583, 159
Trd, 000075.383, 154
Trd, 000075.533, 153
Trd, 000075.750, 156
Trd, 000077.250, 162
Trd, 000077.483, 161
Trd, 000077.933, 160
Trd, 000078.317, 159
Trd, 000079.950, 155
Trd, 000080.417, 157
Trd, 000081.050, 158
Trd, 000081.350, 159
Trd, 000081.783, 159
Trd, 000082.067, 136
Trd, 000082.800, 136
Trd, 000084.267, 155
Trd, 000084.367, 150
Trd, 000084.650, 154
Trd, 000085.417, 149
Trd, 000085.500, 155
Trd, 000086.100, 148
Trd, 000087.817, 144
Trd, 000088.017, 154
Trd, 000088.167, 147
Trd, 000088.650, 127
Trd, 000089.417, 154
Trd, 000089.783, 154
Trd, 000090.233, 156
Trd, 000090.400, 153
Trd, 000091.100, 160
Trd, 000091.467, 156
Trd, 000091.967, 157
Trd, 000092.417, 136
Trd, 000093.300, 161
Trd, 000094.233, 154
Trd, 000094.683, 140
Trd, 000095.000, 155
Trd, 000095.367, 149
Trd, 000096.133, 151
Trd, 000096.350, 150
Trd, 000097.150, 150
Trd, 000097.867, 150
Trd, 000097.950, 151
Trd, 000098.267, 150
Trd, 000098.433, 158
Trd, 000100.000, 155
Trd, 000100.283, 154
Trd, 000101.700, 155
Trd, 000102.367, 157
Trd, 000102.733, 158
Trd, 000104.067, 164
Trd, 000104.083, 165
Trd, 000104.300, 172
Trd, 000104.667, 158
Trd, 000104.683, 164
Trd, 000104.883, 157
Trd, 000105.117, 156
Trd, 000106.533, 165
Trd, 000106.817, 177
Trd, 000107.533, 168
Trd, 000107.650, 167
Trd, 000107.900, 168
Trd, 000108.467, 166
Trd, 000108.500, 162
Trd, 000110.233, 159
Trd, 000110.633, 164
Trd, 000110.983, 166
Trd, 000111.233, 166
Trd, 000112.300, 167
Trd, 000112.583, 168
Trd, 000113.117, 171
Trd, 000113.517, 167
Trd, 000114.433, 170
Trd, 000114.533, 166
Trd, 000116.500, 167
Trd, 000116.750, 159
Trd, 000116.850, 155
Trd, 000117.333, 129
Trd, 000117.950, 160
Trd, 000118.100, 167
Trd, 000119.083, 155
Trd, 000119.333, 160
Trd, 000120.283, 135
Trd, 000120.483, 139
Trd, 000121.500, 171
Trd, 000121.933, 157
Trd, 000122.233, 172
Trd, 000122.400, 174
Trd, 000122.617, 187
Trd, 000122.883, 191
Trd, 000123.883, 194
Trd, 000124.033, 196
Trd, 000124.750, 311
Trd, 000125.833, 303.0
Trd, 000126.400, 317.0
Trd, 000127.550, 303.0
Trd, 000128.200, 320.0
Trd, 000128.233, 316
Trd, 000128.317, 321
Trd, 000128.767, 327.0
Trd, 000129.217, 345
Trd, 000129.383, 348.0
Trd, 000130.733, 345
Trd, 000130.817, 332
Trd, 000131.633, 330
Trd, 000131.717, 331
Trd, 000133.367, 330
Trd, 000133.417, 329
Trd, 000133.650, 353
Trd, 000133.783, 327
Trd, 000134.200, 344
Trd, 000134.217, 355
Trd, 000135.900, 337
Trd, 000136.283, 334
Trd, 000136.833, 343
Trd, 000137.450, 348.0
Trd, 000137.750, 334
Trd, 000138.283, 343
Trd, 000140.017, 334
Trd, 000141.467, 341
Trd, 000141.600, 342
Trd, 000142.167, 339
Trd, 000142.767, 340
Trd, 000142.900, 348.0
Trd, 000144.183, 346
Trd, 000144.683, 349
Trd, 000144.750, 348
Trd, 000145.000, 350
Trd, 000145.200, 335
Trd, 000145.517, 351
Trd, 000145.700, 355
Trd, 000147.100, 340
Trd, 000147.183, 338
Trd, 000147.283, 337
Trd, 000147.917, 345
Trd, 000148.783, 341
Trd, 000148.850, 342
Trd, 000149.050, 339
Trd, 000149.550, 336
Trd, 000150.433, 346.0
Trd, 000151.900, 348.0
Trd, 000152.400, 346
Trd, 000153.017, 348
Trd, 000153.533, 342
Trd, 000153.817, 343
Trd, 000154.650, 343
Trd, 000155.033, 341
Trd, 000156.017, 342
Trd, 000156.050, 343
Trd, 000157.433, 344
Trd, 000157.583, 341
Trd, 000158.000, 340
Trd, 000158.067, 348.0
Trd, 000159.600, 355
Trd, 000160.650, 348.0
Trd, 000160.783, 349
Trd, 000160.850, 350
Trd, 000161.233, 347
Trd, 000161.433, 350
Trd, 000163.283, 349
Trd, 000163.817, 350
Trd, 000165.433, 352
Trd, 000165.483, 344.0
Trd, 000165.683, 344
Trd, 000166.017, 348.0
Trd, 000166.067, 352
Trd, 000166.283, 368.0
Trd, 000166.483, 360
Trd, 000167.100, 326.0
Trd, 000167.233, 327.0
Trd, 000167.533, 330
Trd, 000168.717, 329
Trd, 000168.833, 328
Trd, 000169.717, 336
Trd, 000170.833, 337
Trd, 000171.050, 333
Trd, 000171.517, 333
Trd, 000171.550, 338
Trd, 000171.617, 340
Trd, 000173.367, 335
Trd, 000173.383, 334
Trd, 000174.117, 338
Trd, 000174.683, 339
Trd, 000175.667, 335
Trd, 000176.100, 339
Trd, 000176.933, 336
Trd, 000177.050, 341
Trd, 000177.133, 348.0
Trd, 000178.150, 342
Trd, 000179.317, 348.0
Trd, 000179.383, 336
Trd, 000179.883, 337
Trd, 000181.267, 345
Trd, 000181.350, 341
Trd, 000181.383, 340
Trd, 000181.617, 339
Trd, 000181.833, 332
Trd, 000182.350, 312
Trd, 000182.917, 324
Trd, 000183.350, 306.0
Trd, 000183.383, 292
Trd, 000183.400, 278
Trd, 000183.617, 245
Trd, 000183.867, 302
Trd, 000184.050, 204
Trd, 000185.283, 190
Trd, 000186.367, 173
Trd, 000186.717, 174
Trd, 000187.350, 172
Trd, 000188.017, 185
Trd, 000188.267, 186
Trd, 000188.283, 172
Trd, 000189.017, 173
Trd, 000189.317, 172
Trd, 000189.800, 191
Trd, 000190.433, 194
Trd, 000192.800, 185
Trd, 000192.917, 178
Trd, 000193.350, 177
Trd, 000195.883, 175
Trd, 000196.483, 178
Trd, 000197.167, 180
Trd, 000197.383, 177
Trd, 000197.817, 175
Trd, 000198.000, 167
Trd, 000198.017, 163
Trd, 000198.983, 176
Trd, 000199.167, 176
Trd, 000199.700, 177
Trd, 000199.817, 147
Trd, 000200.433, 176
Trd, 000201.883, 175
Trd, 000201.900, 171
Trd, 000202.567, 169
Trd, 000203.350, 182
Trd, 000204.217, 167
Trd, 000204.967, 167
Trd, 000205.250, 164
Trd, 000205.850, 163
Trd, 000206.067, 181
Trd, 000206.567, 177
Trd, 000207.133, 179
Trd, 000208.467, 147
Trd, 000208.550, 148
Trd, 000209.583, 178
Trd, 000209.800, 169
Trd, 000210.017, 179
Trd, 000210.717, 167
Trd, 000211.067, 168
Trd, 000211.933, 168
Trd, 000212.400, 167
Trd, 000212.467, 169
Trd, 000212.917, 168
Trd, 000213.017, 169
Trd, 000213.733, 170
Trd, 000214.150, 170
Trd, 000214.367, 176
Trd, 000215.517, 177
Trd, 000215.933, 171
Trd, 000217.283, 177
Trd, 000217.517, 181
Trd, 000218.250, 177
Trd, 000218.633, 174
Trd, 000219.533, 178
Trd, 000219.767, 173
Trd, 000219.917, 180
Trd, 000220.450, 172
Trd, 000221.183, 179
Trd, 000221.233, 179
Trd, 000221.317, 178
Trd, 000221.683, 189
Trd, 000222.317, 177
Trd, 000224.450, 177
Trd, 000225.117, 177
Trd, 000225.750, 175
Trd, 000226.050, 174
Trd, 000226.067, 179
Trd, 000226.467, 173
Trd, 000226.533, 167
Trd, 000226.850, 160
Trd, 000227.517, 150
Trd, 000228.117, 152
Trd, 000228.367, 152
Trd, 000228.867, 153
Trd, 000229.467, 146
Trd, 000229.950, 154
Trd, 000230.150, 154
Trd, 000230.517, 139
Trd, 000231.150, 181
Trd, 000232.517, 158
Trd, 000232.717, 157
Trd, 000233.067, 158
Trd, 000233.250, 158
Trd, 000233.500, 158
Trd, 000233.650, 159
Trd, 000234.033, 159
Trd, 000235.183, 171
Trd, 000236.000, 169
Trd, 000236.017, 180
Trd, 000237.167, 185
Trd, 000237.233, 179
Trd, 000237.367, 175
Trd, 000238.017, 192
Trd, 000238.383, 178
Trd, 000238.417, 175
Trd, 000239.733, 175
Trd, 000240.467, 179
Trd, 000240.667, 180
Trd, 000241.617, 180
Trd, 000242.217, 182
Trd, 000242.383, 186
Trd, 000242.550, 187
Trd, 000243.183, 190
Trd, 000243.333, 190
Trd, 000243.667, 189
Trd, 000243.883, 184
Trd, 000243.983, 184
Trd, 000245.033, 179
Trd, 000245.283, 175
Trd, 000245.450, 171
Trd, 000245.950, 161
Trd, 000246.083, 170
Trd, 000246.333, 170
Trd, 000247.133, 169
Trd, 000247.250, 168
Trd, 000247.550, 143
Trd, 000247.817, 167
Trd, 000248.667, 169
Trd, 000248.917, 170
Trd, 000249.683, 169
Trd, 000250.417, 177
Trd, 000250.467, 180
Trd, 000250.800, 169
Trd, 000251.133, 170
Trd, 000251.217, 173
Trd, 000251.417, 171
Trd, 000252.683, 171
Trd, 000252.800, 170
Trd, 000252.817, 169
Trd, 000252.883, 170
Trd, 000253.433, 173
Trd, 000254.317, 170
Trd, 000255.467, 173
Trd, 000255.833, 181
Trd, 000256.000, 181
Trd, 000256.500, 179
Trd, 000256.733, 178
Trd, 000256.817, 176
Trd, 000257.083, 181
Trd, 000257.500, 177
Trd, 000257.583, 176
Trd, 000257.617, 173
Trd, 000258.950, 180
Trd, 000259.133, 181
Trd, 000259.533, 180
Trd, 000259.767, 177
Trd, 000260.717, 173
Trd, 000260.983, 174
Trd, 000261.333, 177
Trd, 000261.417, 176
Trd, 000261.950, 181
Trd, 000262.033, 178
Trd, 000262.550, 177
Trd, 000262.600, 170
Trd, 000263.000, 186
Trd, 000263.800, 183
Trd, 000264.383, 187
Trd, 000264.467, 188
Trd, 000264.833, 188
Trd, 000265.133, 187
Trd, 000265.550, 186
Trd, 000265.700, 183
Trd, 000266.117, 177
Trd, 000266.867, 171
Trd, 000267.200, 175
Trd, 000267.550, 174
Trd, 000267.617, 175
Trd, 000267.767, 180
Trd, 000268.267, 184
Trd, 000268.900, 175
Trd, 000269.833, 171
Trd, 000270.083, 171
Trd, 000270.150, 170
Trd, 000271.117, 169
Trd, 000271.150, 169
Trd, 000271.167, 168
Trd, 000271.633, 178
Trd, 000271.850, 179
Trd, 000272.133, 182
Trd, 000272.217, 180
Trd, 000272.367, 179
Trd, 000273.383, 189
Trd, 000274.583, 181
Trd, 000275.350, 173
Trd, 000275.750, 165
Trd, 000276.233, 172
Trd, 000276.450, 165
Trd, 000276.617, 172
Trd, 000277.083, 169
Trd, 000277.917, 171
Trd, 000278.067, 165
Trd, 000278.100, 175
Trd, 000278.117, 164
Trd, 000278.333, 177
Trd, 000279.150, 180
Trd, 000279.783, 177
Trd, 000280.450, 172
Trd, 000280.767, 171
Trd, 000281.017, 173
Trd, 000281.383, 172
Trd, 000281.467, 174
Trd, 000281.817, 173
Trd, 000281.967, 172
Trd, 000282.317, 146
Trd, 000282.367, 174
Trd, 000282.717, 167
Trd, 000283.533, 176
Trd, 000284.250, 180
Trd, 000284.617, 183
Trd, 000285.783, 180
Trd, 000285.833, 190
Trd, 000286.017, 190
Trd, 000286.333, 184
Trd, 000286.400, 179
Trd, 000286.683, 188
Trd, 000286.883, 184
Trd, 000287.550, 185
Trd, 000288.133, 186
Trd, 000288.300, 184
Trd, 000288.417, 188
Trd, 000288.700, 180
Trd, 000289.033, 189
Trd, 000290.367, 184
Trd, 000290.567, 188
Trd, 000290.667, 187
Trd, 000290.767, 176
Trd, 000291.367, 179
Trd, 000291.767, 174
Trd, 000293.117, 175
Trd, 000293.283, 177
Trd, 000293.500, 178
Trd, 000293.533, 166
Trd, 000294.133, 178
Trd, 000294.550, 179
Trd, 000294.917, 177
Trd, 000294.983, 173
Trd, 000295.183, 177
Trd, 000295.800, 184
Trd, 000295.867, 173
Trd, 000296.067, 191
Trd, 000296.133, 175
Trd, 000296.167, 174
Trd, 000296.767, 173
Trd, 000297.667, 171
Trd, 000297.683, 170
Trd, 000298.033, 166
Trd, 000298.383, 178
Trd, 000299.150, 193
Trd, 000299.317, 197
Trd, 000299.567, 192
