Trd, 000000.667, 158
Trd, 000001.667, 125
Trd, 000001.850, 124
Trd, 000002.067, 130
Trd, 000002.367, 131
Trd, 000002.650, 171
Trd, 000003.800, 106
Trd, 000004.033, 173
Trd, 000004.933, 137
Trd, 000005.267, 134
Trd, 000006.967, 142
Trd, 000007.050, 143
Trd, 000008.267, 141
Trd, 000008.317, 144
Trd, 000009.017, 145
Trd, 000009.400, 145
Trd, 000009.500, 146
Trd, 000009.933, 152
Trd, 000010.333, 156
Trd, 000011.550, 156
Trd, 000011.717, 149
Trd, 000011.783, 149
Trd, 000011.900, 151
Trd, 000013.300, 156
Trd, 000013.633, 153
Trd, 000014.283, 152
Trd, 000014.650, 152
Trd, 000016.283, 154
Trd, 000016.783, 153
Trd, 000016.833, 154
Trd, 000016.900, 152
Trd, 000017.517, 155
Trd, 000017.567, 152
Trd, 000017.917, 157
Trd, 000018.033, 158
Trd, 000018.650, 160
Trd, 000021.133, 158
Trd, 000021.417, 154
Trd, 000021.550, 153
Trd, 000022.600, 153
Trd, 000023.750, 154
Trd, 000023.817, 155
Trd, 000025.217, 155
Trd, 000025.250, 153
Trd, 000025.750, 156
Trd, 000026.617, 155
Trd, 000026.817, 154
Trd, 000027.167, 154
Trd, 000027.967, 152
Trd, 000028.800, 155
Trd, 000029.250, 150
Trd, 000029.300, 154
Trd, 000030.267, 156
Trd, 000030.717, 158
Trd, 000030.933, 151
Trd, 000031.517, 158
Trd, 000031.567, 151
Trd, 000032.300, 149
Trd, 000032.333, 154
Trd, 000032.650, 154
Trd, 000034.083, 154
Trd, 000034.650, 154
Trd, 000035.200, 154
Trd, 000035.833, 152
Trd, 000037.333, 153
Trd, 000037.400, 154
Trd, 000037.900, 152
Trd, 000038.417, 151
Trd, 000038.833, 155
Trd, 000038.967, 155
Trd, 000040.317, 155
Trd, 000040.600, 155
Trd, 000041.217, 155
Trd, 000042.183, 155
Trd, 000042.933, 157
Trd, 000043.283, 166
Trd, 000043.933, 155
Trd, 000044.150, 155
Trd, 000044.167, 160
Trd, 000045.133, 154
Trd, 000045.267, 152
Trd, 000045.500, 138
Trd, 000046.433, 150
Trd, 000046.600, 149
Trd, 000047.217, 147
Trd, 000047.317, 150
Trd, 000047.650, 156
Trd, 000049.033, 152
Trd, 000049.450, 153
Trd, 000049.717, 150
Trd, 000050.683, 153
Trd, 000051.333, 151
Trd, 000051.450, 152
Trd, 000051.717, 150
Trd, 000052.550, 154
Trd, 000053.067, 153
Trd, 000054.017, 153
Trd, 000054.633, 154
Trd, 000054.883, 155
Trd, 000055.383, 151
Trd, 000055.517, 152
Trd, 000056.367, 151
Trd, 000056.567, 156
Trd, 000056.900, 152
Trd, 000057.417, 151
Trd, 000057.567, 150
Trd, 000058.283, 146
Trd, 000058.700, 161
Trd, 000058.967, 174
Trd, 000059.150, 150
Trd, 000059.617, 164
Trd, 000060.100, 192
Trd, 000060.900, 175
Trd, 000061.500, 179
Trd, 000061.550, 168
Trd, 000061.900, 166
Trd, 000062.117, 164
Trd, 000062.267, 157
Trd, 000063.167, 171
Trd, 000063.750, 165
Trd, 000063.800, 164
Trd, 000063.967, 157
Trd, 000064.267, 172
Trd, 000065.750, 170
Trd, 000066.817, 165
Trd, 000067.133, 166
Trd, 000067.600, 164
Trd, 000068.017, 161
Trd, 000068.100, 157
Trd, 000068.150, 154
Trd, 000068.183, 162
Trd, 000068.650, 163
Trd, 000068.867, 148
Trd, 000069.417, 131
Trd, 000069.650, 158
Trd, 000070.417, 155
Trd, 000070.883, 189
Trd, 000071.400, 163
Trd, 000072.067, 166
Trd, 000072.867, 180
Trd, 000074.000, 167
Trd, 000074.467, 165
Trd, 000074.833, 164
Trd, 000075.467, 165
Trd, 000075.600, 165
Trd, 000076.217, 160
Trd, 000077.500, 165
Trd, 000077.717, 160
Trd, 000077.883, 167
Trd, 000078.183, 159
Trd, 000079.750, 159
Trd, 000080.200, 150
Trd, 000080.600, 163
Trd, 000080.800, 160
Trd, 000082.750, 161
Trd, 000083.317, 160
Trd, 000083.483, 160
Trd, 000083.500, 162
Trd, 000083.733, 160
Trd, 000083.783, 159
Trd, 000083.883, 169
Trd, 000084.067, 186
Trd, 000085.067, 157
Trd, 000086.100, 156
Trd, 000086.350, 157
Trd, 000086.617, 156
Trd, 000086.700, 159
Trd, 000087.633, 154
Trd, 000088.433, 160
Trd, 000089.117, 160
Trd, 000089.550, 157
Trd, 000089.667, 159
Trd, 000090.083, 160
Trd, 000090.367, 159
Trd, 000090.833, 160
Trd, 000091.200, 158
Trd, 000092.367, 164
Trd, 000092.533, 171
Trd, 000093.000, 167
Trd, 000093.667, 179
Trd, 000094.733, 170
Trd, 000094.867, 167
Trd, 000095.017, 171
Trd, 000095.350, 164
Trd, 000095.983, 167
Trd, 000096.583, 165
Trd, 000097.217, 162
Trd, 000097.417, 164
Trd, 000098.283, 165
Trd, 000099.150, 164
Trd, 000099.867, 163
Trd, 000100.500, 165
Trd, 000100.667, 164
Trd, 000100.683, 165
Trd, 000101.067, 164
Trd, 000101.450, 161
Trd, 000101.750, 162
Trd, 000103.317, 163
Trd, 000103.550, 162
Trd, 000103.700, 151
Trd, 000105.083, 165
Trd, 000105.350, 162
Trd, 000105.850, 161
Trd, 000106.150, 164
Trd, 000107.467, 161
Trd, 000107.517, 159
Trd, 000107.733, 161
Trd, 000107.750, 162
Trd, 000108.050, 158
Trd, 000108.450, 164
Trd, 000108.933, 166
Trd, 000109.567, 158
Trd, 000110.983, 159
Trd, 000111.167, 158
Trd, 000111.667, 158
Trd, 000111.683, 160
Trd, 000111.933, 161
Trd, 000112.233, 162
Trd, 000112.350, 163
Trd, 000112.483, 157
Trd, 000113.683, 159
Trd, 000114.167, 161
Trd, 000116.150, 159
Trd, 000116.183, 158
Trd, 000116.350, 157
Trd, 000117.000, 160
Trd, 000117.500, 162
Trd, 000117.783, 162
Trd, 000119.033, 163
Trd, 000119.650, 156
Trd, 000119.850, 156
Trd, 000120.483, 163
Trd, 000120.767, 165
Trd, 000121.400, 167
Trd, 000121.800, 166
Trd, 000122.167, 195
Trd, 000122.450, 181
Trd, 000122.733, 199
Trd, 000122.900, 229
Trd, 000123.183, 306.0
Trd, 000123.217, 161
Trd, 000123.283, 317.0
Trd, 000123.383, 324.0
Trd, 000123.400, 338
Trd, 000125.117, 339.0
Trd, 000126.050, 343.0
Trd, 000126.083, 351.0
Trd, 000126.533, 342.0
Trd, 000126.900, 341.0
Trd, 000127.317, 350
Trd, 000128.650, 351.0
Trd, 000129.000, 341
Trd, 000129.017, 355.0
Trd, 000129.200, 362.0
Trd, 000129.467, 384
Trd, 000130.567, 358
Trd, 000130.700, 359.0
Trd, 000132.767, 367
Trd, 000132.950, 358.0
Trd, 000133.000, 357
Trd, 000133.317, 357
Trd, 000133.383, 355
Trd, 000133.933, 356
Trd, 000134.617, 358
Trd, 000135.750, 358.0
Trd, 000135.950, 359
Trd, 000136.950, 356
Trd, 000137.000, 351.0
Trd, 000138.217, 353
Trd, 000138.883, 355
Trd, 000139.167, 355
Trd, 000139.217, 352
Trd, 000139.300, 348.0
Trd, 000140.533, 350
Trd, 000141.117, 350
Trd, 000141.883, 350
Trd, 000142.050, 348.0
Trd, 000142.183, 337.0
Trd, 000143.050, 351.0
Trd, 000143.300, 340
Trd, 000144.150, 328
Trd, 000144.433, 330
Trd, 000145.067, 341
Trd, 000145.583, 351.0
Trd, 000146.950, 341
Trd, 000147.300, 347
Trd, 000147.483, 340
Trd, 000148.167, 341
Trd, 000148.433, 342
Trd, 000148.900, 342
Trd, 000148.967, 340
Trd, 000149.183, 345
Trd, 000150.583, 335.0
Trd, 000150.983, 334.0
Trd, 000151.367, 344
Trd, 000152.200, 335
Trd, 000153.117, 344
Trd, 000153.200, 345
Trd, 000153.583, 351.0
Trd, 000153.800, 341
Trd, 000154.917, 345
Trd, 000155.117, 348
Trd, 000156.650, 346
Trd, 000156.667, 345
Trd, 000157.017, 346
Trd, 000157.183, 351.0
Trd, 000157.683, 345
Trd, 000157.817, 353
Trd, 000158.917, 355.0
Trd, 000159.783, 351
Trd, 000160.917, 358
Trd, 000161.633, 354
Trd, 000161.733, 353
Trd, 000161.767, 360
Trd, 000161.950, 361
Trd, 000162.217, 350
Trd, 000162.850, 355.0
Trd, 000163.517, 349
Trd, 000163.533, 349
Trd, 000164.267, 351.0
Trd, 000164.483, 337.0
Trd, 000165.983, 344
Trd, 000166.133, 352
Trd, 000166.150, 341
Trd, 000167.633, 324.0
Trd, 000168.567, 330
Trd, 000168.717, 331
Trd, 000169.450, 336
Trd, 000169.483, 337.0
Trd, 000169.883, 336
Trd, 000170.083, 351.0
Trd, 000171.350, 341
Trd, 000174.783, 344
Trd, 000175.250, 344
Trd, 000175.283, 346
Trd, 000175.633, 345
Trd, 000175.733, 341
Trd, 000176.017, 351.0
Trd, 000176.217, 342.0
Trd, 000176.450, 341.0
Trd, 000177.250, 354.0
Trd, 000177.383, 362.0
Trd, 000177.617, 343
Trd, 000178.800, 352
Trd, 000179.217, 352
Trd, 000179.233, 350
Trd, 000179.583, 350
Trd, 000180.483, 354.0
Trd, 000181.033, 351.0
Trd, 000181.483, 355.0
Trd, 000181.683, 349.0
Trd, 000181.950, 348.0
Trd, 000182.033, 347
Trd, 000182.517, 341.0
Trd, 000182.667, 334.0
Trd, 000183.267, 319
Trd, 000184.550, 212
Trd, 000184.650, 211
Trd, 000185.000, 204
Trd, 000185.083, 166
Trd, 000185.900, 185
Trd, 000186.417, 191
Trd, 000186.750, 168
Trd, 000187.417, 171
Trd, 000187.900, 172
Trd, 000188.517, 170
Trd, 000188.933, 174
Trd, 000189.000, 166
Trd, 000189.033, 159
Trd, 000189.200, 181
Trd, 000190.550, 184
Trd, 000191.317, 180
Trd, 000191.783, 179
Trd, 000192.067, 179
Trd, 000192.567, 178
Trd, 000192.683, 178
Trd, 000193.100, 177
Trd, 000193.400, 170
Trd, 000193.733, 161
Trd, 000193.950, 179
Trd, 000194.083, 174
Trd, 000195.567, 179
Trd, 000195.733, 177
Trd, 000196.150, 171
Trd, 000197.167, 170
Trd, 000197.317, 169
Trd, 000197.417, 144
Trd, 000197.667, 170
Trd, 000198.067, 171
Trd, 000198.733, 171
Trd, 000199.667, 173
Trd, 000200.383, 173
Trd, 000201.600, 173
Trd, 000201.817, 173
Trd, 000202.533, 173
Trd, 000203.317, 172
Trd, 000203.700, 171
Trd, 000203.867, 172
Trd, 000205.300, 171
Trd, 000205.667, 176
Trd, 000205.950, 182
Trd, 000206.250, 170
Trd, 000206.550, 177
Trd, 000207.350, 176
Trd, 000208.217, 172
Trd, 000208.317, 179
Trd, 000208.533, 182
Trd, 000208.700, 168
Trd, 000209.067, 179
Trd, 000209.333, 169
Trd, 000209.550, 174
Trd, 000211.267, 173
Trd, 000211.483, 176
Trd, 000211.567, 175
Trd, 000212.650, 172
Trd, 000213.583, 172
Trd, 000213.617, 175
Trd, 000213.900, 170
Trd, 000213.950, 169
Trd, 000214.717, 171
Trd, 000215.100, 182
Trd, 000216.850, 172
Trd, 000217.550, 172
Trd, 000217.633, 173
Trd, 000218.483, 175
Trd, 000219.150, 172
Trd, 000219.483, 172
Trd, 000220.300, 170
Trd, 000220.567, 171
Trd, 000221.133, 171
Trd, 000221.500, 173
Trd, 000221.617, 171
Trd, 000221.783, 170
Trd, 000221.833, 163
Trd, 000223.333, 170
Trd, 000223.817, 175
Trd, 000224.233, 167
Trd, 000224.283, 177
Trd, 000225.233, 173
Trd, 000226.383, 174
Trd, 000226.617, 175
Trd, 000227.967, 176
Trd, 000228.017, 178
Trd, 000228.083, 174
Trd, 000229.450, 177
Trd, 000229.650, 173
Trd, 000229.967, 177
Trd, 000231.067, 175
Trd, 000231.517, 174
Trd, 000232.067, 178
Trd, 000232.283, 176
Trd, 000233.667, 179
Trd, 000233.883, 179
Trd, 000234.233, 177
Trd, 000234.267, 176
Trd, 000234.683, 174
Trd, 000234.783, 171
Trd, 000236.117, 170
Trd, 000236.600, 170
Trd, 000236.833, 171
Trd, 000237.100, 176
Trd, 000237.767, 175
Trd, 000238.167, 172
Trd, 000238.583, 174
Trd, 000238.650, 175
Trd, 000238.683, 178
Trd, 000240.617, 173
Trd, 000240.950, 175
Trd, 000241.183, 176
Trd, 000241.750, 172
Trd, 000241.800, 168
Trd, 000242.317, 170
Trd, 000243.117, 168
Trd, 000243.700, 170
Trd, 000243.850, 168
Trd, 000243.967, 171
Trd, 000244.650, 168
Trd, 000244.833, 167
Trd, 000245.250, 169
Trd, 000245.283, 182
Trd, 000245.333, 166
Trd, 000245.417, 165
Trd, 000245.867, 182
Trd, 000246.517, 179
Trd, 000246.733, 184
Trd, 000247.050, 184
Trd, 000248.000, 186
Trd, 000248.600, 187
Trd, 000248.633, 186
Trd, 000248.833, 189
Trd, 000248.867, 186
Trd, 000248.950, 173
Trd, 000249.500, 176
Trd, 000250.100, 182
Trd, 000251.367, 179
Trd, 000251.483, 180
Trd, 000251.617, 178
Trd, 000251.783, 178
Trd, 000251.833, 166
Trd, 000252.000, 180
Trd, 000253.183, 178
Trd, 000253.200, 174
Trd, 000253.783, 184
Trd, 000254.833, 185
Trd, 000254.967, 183
Trd, 000255.233, 184
Trd, 000255.417, 182
Trd, 000255.567, 176
Trd, 000256.217, 179
Trd, 000256.367, 182
Trd, 000256.533, 183
Trd, 000256.617, 173
Trd, 000257.233, 173
Trd, 000257.850, 175
Trd, 000258.067, 176
Trd, 000258.750, 176
Trd, 000258.933, 172
Trd, 000259.600, 175
Trd, 000259.700, 175
Trd, 000260.250, 174
Trd, 000260.300, 177
Trd, 000261.067, 174
Trd, 000261.317, 179
Trd, 000261.750, 180
Trd, 000262.200, 181
Trd, 000262.217, 181
Trd, 000262.483, 180
Trd, 000263.050, 180
Trd, 000263.483, 184
Trd, 000263.600, 184
Trd, 000264.283, 187
Trd, 000264.650, 183
Trd, 000265.183, 184
Trd, 000265.683, 180
Trd, 000265.767, 180
Trd, 000265.850, 182
Trd, 000266.483, 179
Trd, 000267.100, 183
Trd, 000267.150, 181
Trd, 000267.400, 176
Trd, 000267.533, 177
Trd, 000268.233, 178
Trd, 000268.483, 182
Trd, 000269.600, 179
Trd, 000269.700, 175
Trd, 000270.033, 178
Trd, 000270.767, 176
Trd, 000270.900, 176
Trd, 000271.183, 180
Trd, 000271.650, 178
Trd, 000272.033, 178
Trd, 000272.683, 176
Trd, 000272.817, 178
Trd, 000273.167, 182
Trd, 000274.017, 185
Trd, 000274.717, 182
Trd, 000274.967, 183
Trd, 000275.650, 182
Trd, 000276.217, 182
Trd, 000276.433, 179
Trd, 000276.817, 183
Trd, 000276.967, 177
Trd, 000277.083, 184
Trd, 000277.417, 182
Trd, 000277.450, 183
Trd, 000278.000, 179
Trd, 000278.117, 178
Trd, 000278.133, 177
Trd, 000278.867, 175
Trd, 000279.283, 176
Trd, 000279.400, 180
Trd, 000280.633, 182
Trd, 000280.967, 179
Trd, 000281.117, 173
Trd, 000281.667, 176
Trd, 000281.867, 179
Trd, 000282.300, 175
Trd, 000282.500, 174
Trd, 000282.817, 182
Trd, 000282.883, 183
Trd, 000284.633, 179
Trd, 000284.733, 176
Trd, 000284.950, 181
Trd, 000285.067, 183
Trd, 000285.433, 179
Trd, 000285.633, 179
Trd, 000285.667, 178
Trd, 000285.883, 173
Trd, 000286.267, 169
Trd, 000286.383, 165
Trd, 000287.683, 178
Trd, 000288.233, 177
Trd, 000288.550, 173
Trd, 000288.633, 165
Trd, 000288.983, 164
Trd, 000289.233, 163
Trd, 000289.283, 166
Trd, 000289.317, 164
Trd, 000289.617, 167
Trd, 000289.833, 166
Trd, 000290.500, 165
Trd, 000290.633, 170
Trd, 000291.400, 171
Trd, 000291.633, 173
Trd, 000291.667, 171
Trd, 000291.883, 184
Trd, 000292.150, 187
Trd, 000292.733, 173
Trd, 000293.900, 178
Trd, 000293.950, 180
Trd, 000294.317, 178
Trd, 000294.383, 182
Trd, 000294.850, 179
Trd, 000295.233, 177
Trd, 000295.267, 176
Trd, 000295.500, 181
Trd, 000296.333, 184
Trd, 000296.717, 185
Trd, 000297.000, 181
Trd, 000297.167, 175
Trd, 000297.217, 187
Trd, 000297.350, 204
Trd, 000297.917, 170
Trd, 000298.817, 172
Trd, 000299.117, 181
Trd, 000299.667, 182
