Trd, 000000.817, 150
Trd, 000002.000, 142
Trd, 000002.833, 139
Trd, 000003.233, 140
Trd, 000003.400, 124
Trd, 000003.800, 144
Trd, 000003.983, 147
Trd, 000005.683, 143
Trd, 000005.700, 142
Trd, 000006.067, 144
Trd, 000007.267, 143
Trd, 000007.400, 145
Trd, 000007.667, 141
Trd, 000008.883, 147
Trd, 000009.333, 151
Trd, 000009.433, 152
Trd, 000009.833, 154
Trd, 000010.250, 144
Trd, 000010.417, 152
Trd, 000010.567, 143
Trd, 000011.750, 145
Trd, 000013.067, 150
Trd, 000014.050, 148
Trd, 000014.517, 146
Trd, 000014.567, 142
Trd, 000015.067, 148
Trd, 000015.267, 147
Trd, 000015.900, 147
Trd, 000016.733, 156
Trd, 000017.033, 152
Trd, 000017.150, 148
Trd, 000017.833, 148
Trd, 000020.167, 148
Trd, 000020.417, 146
Trd, 000021.250, 146
Trd, 000021.500, 149
Trd, 000023.000, 144
Trd, 000023.400, 149
Trd, 000023.867, 143
Trd, 000024.750, 148
Trd, 000025.450, 149
Trd, 000025.850, 148
Trd, 000026.000, 157
Trd, 000026.433, 148
Trd, 000027.333, 152
Trd, 000028.383, 152
Trd, 000028.533, 150
Trd, 000029.400, 153
Trd, 000029.650, 147
Trd, 000030.050, 154
Trd, 000030.350, 149
Trd, 000030.833, 154
Trd, 000031.033, 158
Trd, 000032.183, 154
Trd, 000033.267, 153
Trd, 000033.817, 150
Trd, 000033.950, 150
Trd, 000034.267, 149
Trd, 000034.883, 144
Trd, 000034.933, 140
Trd, 000036.250, 148
Trd, 000037.117, 148
Trd, 000037.233, 147
Trd, 000037.417, 149
Trd, 000037.500, 149
Trd, 000038.233, 159
Trd, 000038.383, 154
Trd, 000039.167, 147
Trd, 000040.250, 146
Trd, 000040.483, 145
Trd, 000040.500, 150
Trd, 000040.817, 148
Trd, 000041.067, 149
Trd, 000041.317, 148
Trd, 000042.467, 149
Trd, 000042.617, 141
Trd, 000043.400, 133
Trd, 000043.867, 144
Trd, 000044.833, 140
Trd, 000045.100, 141
Trd, 000045.450, 143
Trd, 000045.683, 145
Trd, 000045.933, 138
Trd, 000046.367, 146
Trd, 000046.800, 142
Trd, 000047.383, 141
Trd, 000048.733, 145
Trd, 000048.867, 144
Trd, 000049.467, 137
Trd, 000049.617, 146
Trd, 000049.983, 139
Trd, 000050.217, 144
Trd, 000050.683, 143
Trd, 000051.033, 143
Trd, 000052.133, 134
Trd, 000052.333, 142
Trd, 000052.583, 146
Trd, 000053.100, 136
Trd, 000053.433, 146
Trd, 000053.800, 156
Trd, 000054.733, 162
Trd, 000054.967, 163
Trd, 000055.100, 147
Trd, 000056.667, 155
Trd, 000056.783, 156
Trd, 000057.083, 156
Trd, 000057.350, 152
Trd, 000057.667, 150
Trd, 000060.050, 152
Trd, 000060.433, 151
Trd, 000060.967, 155
Trd, 000061.633, 152
Trd, 000062.183, 150
Trd, 000062.633, 157
Trd, 000063.217, 159
Trd, 000063.667, 158
Trd, 000063.967, 160
Trd, 000064.400, 161
Trd, 000064.417, 164
Trd, 000065.333, 145
Trd, 000065.817, 155
Trd, 000066.000, 156
Trd, 000067.283, 154
Trd, 000068.900, 154
Trd, 000068.933, 153
Trd, 000069.200, 155
Trd, 000069.217, 153
Trd, 000070.517, 148
Trd, 000070.617, 152
Trd, 000070.667, 153
Trd, 000072.517, 153
Trd, 000072.633, 152
Trd, 000073.883, 151
Trd, 000074.917, 150
Trd, 000074.950, 153
Trd, 000075.183, 150
Trd, 000075.233, 153
Trd, 000075.750, 158
Trd, 000076.133, 148
Trd, 000076.367, 157
Trd, 000076.600, 144
Trd, 000077.017, 134
Trd, 000077.417, 158
Trd, 000078.350, 157
Trd, 000079.183, 156
Trd, 000079.550, 157
Trd, 000079.617, 159
Trd, 000080.400, 159
Trd, 000081.033, 158
Trd, 000081.250, 163
Trd, 000083.367, 156
Trd, 000084.383, 156
Trd, 000085.000, 154
Trd, 000085.050, 157
Trd, 000085.300, 149
Trd, 000085.500, 147
Trd, 000085.683, 158
Trd, 000085.950, 183
Trd, 000087.300, 159
Trd, 000087.333, 160
Trd, 000088.650, 160
Trd, 000088.833, 160
Trd, 000089.133, 159
Trd, 000090.100, 159
Trd, 000090.900, 157
Trd, 000091.100, 159
Trd, 000091.333, 160
Trd, 000091.650, 161
Trd, 000092.050, 153
Trd, 000092.433, 152
Trd, 000093.400, 151
Trd, 000094.550, 154
Trd, 000095.483, 154
Trd, 000095.617, 153
Trd, 000095.833, 153
Trd, 000096.667, 155
Trd, 000096.700, 154
Trd, 000096.800, 156
Trd, 000097.083, 156
Trd, 000097.483, 153
Trd, 000098.700, 150
Trd, 000098.833, 137
Trd, 000099.683, 151
Trd, 000099.750, 147
Trd, 000100.850, 154
Trd, 000101.583, 153
Trd, 000101.617, 159
Trd, 000101.967, 158
Trd, 000103.217, 157
Trd, 000103.533, 157
Trd, 000104.867, 158
Trd, 000105.567, 158
Trd, 000105.950, 156
Trd, 000105.983, 161
Trd, 000106.850, 168
Trd, 000106.983, 171
Trd, 000107.167, 172
Trd, 000107.533, 157
Trd, 000108.583, 159
Trd, 000108.967, 158
Trd, 000110.617, 159
Trd, 000111.050, 159
Trd, 000111.083, 157
Trd, 000111.350, 161
Trd, 000112.117, 161
Trd, 000112.267, 156
Trd, 000113.017, 157
Trd, 000113.083, 155
Trd, 000113.217, 160
Trd, 000113.883, 161
Trd, 000115.700, 158
Trd, 000116.000, 156
Trd, 000116.783, 159
Trd, 000117.133, 156
Trd, 000117.900, 156
Trd, 000118.133, 155
Trd, 000118.600, 159
Trd, 000119.117, 154
Trd, 000119.350, 158
Trd, 000120.117, 156
Trd, 000120.483, 154
Trd, 000120.833, 157
Trd, 000121.733, 157
Trd, 000122.083, 158
Trd, 000122.417, 167
Trd, 000122.467, 170
Trd, 000123.067, 202
Trd, 000123.183, 207
Trd, 000123.567, 208
Trd, 000123.583, 228
Trd, 000123.700, 300.0
Trd, 000124.183, 342
Trd, 000124.317, 348
Trd, 000124.350, 309
Trd, 000125.633, 334
Trd, 000126.633, 337.0
Trd, 000127.300, 328
Trd, 000127.583, 341.0
Trd, 000128.517, 337.0
Trd, 000128.617, 341
Trd, 000128.633, 331
Trd, 000129.133, 328
Trd, 000129.433, 317.0
Trd, 000129.850, 351.0
Trd, 000130.283, 330
Trd, 000130.683, 327.0
Trd, 000131.700, 328
Trd, 000131.983, 337.0
Trd, 000132.200, 340
Trd, 000132.317, 341
Trd, 000133.900, 341.0
Trd, 000134.200, 338
Trd, 000136.117, 338
Trd, 000136.367, 339
Trd, 000136.517, 340
Trd, 000136.550, 341
Trd, 000136.900, 338
Trd, 000137.183, 338
Trd, 000137.450, 343
Trd, 000138.617, 340
Trd, 000138.717, 337.0
Trd, 000139.400, 342
Trd, 000139.433, 327.0
Trd, 000139.767, 346
Trd, 000139.883, 347
Trd, 000139.983, 351.0
Trd, 000140.167, 313
Trd, 000142.633, 327
Trd, 000144.733, 345.0
Trd, 000145.217, 349
Trd, 000145.400, 350
Trd, 000145.450, 351.0
Trd, 000146.833, 351
Trd, 000146.967, 350
Trd, 000147.283, 351
Trd, 000147.400, 347
Trd, 000148.367, 351
Trd, 000149.433, 349
Trd, 000149.817, 350.0
Trd, 000149.833, 347
Trd, 000150.600, 344.0
Trd, 000151.283, 345
Trd, 000152.067, 349
Trd, 000152.850, 348
Trd, 000153.133, 349.0
Trd, 000153.767, 347
Trd, 000153.817, 344.0
Trd, 000154.083, 350.0
Trd, 000154.117, 341.0
Trd, 000155.683, 345
Trd, 000156.467, 339
Trd, 000157.733, 341.0
Trd, 000157.967, 342
Trd, 000158.233, 344
Trd, 000158.267, 340
Trd, 000158.983, 344
Trd, 000161.300, 343
Trd, 000161.383, 340
Trd, 000161.800, 342
Trd, 000162.067, 342
Trd, 000162.267, 343
Trd, 000162.567, 341.0
Trd, 000162.733, 337.0
Trd, 000162.950, 337
Trd, 000163.117, 327.0
Trd, 000163.383, 344
Trd, 000166.417, 336.0
Trd, 000166.583, 337
Trd, 000167.083, 337.0
Trd, 000167.100, 339
Trd, 000167.200, 341.0
Trd, 000168.067, 331
Trd, 000168.367, 351.0
Trd, 000168.717, 332
Trd, 000169.150, 334
Trd, 000169.817, 342
Trd, 000169.850, 344
Trd, 000170.650, 342
Trd, 000170.983, 351.0
Trd, 000171.767, 374
Trd, 000174.117, 351
Trd, 000174.233, 346
Trd, 000174.400, 350
Trd, 000175.667, 352
Trd, 000175.850, 353
Trd, 000176.050, 347
Trd, 000176.067, 344.0
Trd, 000176.167, 341.0
Trd, 000178.700, 348
Trd, 000178.733, 348
Trd, 000179.000, 342.0
Trd, 000179.167, 349
Trd, 000180.250, 341.0
Trd, 000181.383, 345
Trd, 000181.467, 344.0
Trd, 000182.267, 337
Trd, 000182.400, 337.0
Trd, 000182.650, 327.0
Trd, 000182.967, 336
Trd, 000183.333, 324.0
Trd, 000183.467, 335
Trd, 000183.517, 311
Trd, 000183.883, 307
Trd, 000184.183, 304
Trd, 000184.617, 218
Trd, 000185.433, 193
Trd, 000185.800, 180
Trd, 000186.767, 177
Trd, 000186.950, 175
Trd, 000187.933, 188
Trd, 000189.317, 182
Trd, 000189.383, 187
Trd, 000189.600, 181
Trd, 000189.817, 177
Trd, 000190.033, 162
Trd, 000191.283, 163
Trd, 000191.583, 166
Trd, 000192.450, 166
Trd, 000192.550, 167
Trd, 000193.117, 169
Trd, 000194.783, 167
Trd, 000195.100, 164
Trd, 000195.250, 163
Trd, 000195.433, 162
Trd, 000195.683, 161
Trd, 000195.700, 160
Trd, 000195.783, 167
Trd, 000196.283, 163
Trd, 000196.433, 166
Trd, 000198.400, 164
Trd, 000199.267, 165
Trd, 000199.450, 162
Trd, 000200.867, 164
Trd, 000201.067, 162
Trd, 000201.267, 166
Trd, 000201.467, 168
Trd, 000201.567, 161
Trd, 000201.867, 176
Trd, 000202.683, 161
Trd, 000203.500, 171
Trd, 000203.617, 165
Trd, 000204.033, 175
Trd, 000205.633, 170
Trd, 000206.617, 168
Trd, 000207.283, 169
Trd, 000207.783, 167
Trd, 000209.033, 170
Trd, 000209.050, 171
Trd, 000209.833, 171
Trd, 000210.483, 171
Trd, 000210.733, 170
Trd, 000210.867, 172
Trd, 000211.633, 186
Trd, 000212.317, 167
Trd, 000212.667, 175
Trd, 000213.367, 174
Trd, 000213.833, 167
Trd, 000214.333, 166
Trd, 000215.917, 165
Trd, 000216.283, 163
Trd, 000216.617, 158
Trd, 000217.233, 160
Trd, 000217.683, 147
Trd, 000218.433, 161
Trd, 000219.250, 160
Trd, 000219.283, 161
Trd, 000220.017, 169
Trd, 000220.283, 173
Trd, 000220.850, 162
Trd, 000220.883, 164
Trd, 000220.933, 159
Trd, 000221.450, 167
Trd, 000222.233, 174
Trd, 000223.033, 172
Trd, 000223.100, 171
Trd, 000223.350, 169
Trd, 000224.300, 166
Trd, 000224.750, 164
Trd, 000225.533, 168
Trd, 000225.950, 170
Trd, 000226.733, 165
Trd, 000227.383, 169
Trd, 000228.067, 171
Trd, 000228.967, 171
Trd, 000229.050, 177
Trd, 000230.083, 171
Trd, 000230.450, 173
Trd, 000231.367, 169
Trd, 000231.450, 167
Trd, 000232.883, 170
Trd, 000233.117, 166
Trd, 000233.283, 166
Trd, 000233.333, 164
Trd, 000233.767, 171
Trd, 000234.950, 167
Trd, 000235.167, 165
Trd, 000235.250, 168
Trd, 000235.833, 171
Trd, 000236.533, 171
Trd, 000236.900, 174
Trd, 000237.383, 164
Trd, 000237.850, 168
Trd, 000238.033, 162
Trd, 000239.050, 179
Trd, 000240.383, 175
Trd, 000240.683, 177
Trd, 000241.033, 179
Trd, 000241.067, 178
Trd, 000241.100, 182
Trd, 000241.617, 179
Trd, 000241.833, 175
Trd, 000242.467, 179
Trd, 000242.633, 180
Trd, 000242.983, 177
Trd, 000243.067, 184
Trd, 000244.450, 179
Trd, 000244.600, 176
Trd, 000244.717, 180
Trd, 000244.733, 182
Trd, 000245.483, 181
Trd, 000246.017, 178
Trd, 000246.067, 168
Trd, 000247.450, 176
Trd, 000247.517, 173
Trd, 000247.800, 181
Trd, 000248.000, 183
Trd, 000248.717, 183
Trd, 000249.933, 176
Trd, 000250.900, 176
Trd, 000250.933, 178
Trd, 000251.033, 178
Trd, 000251.233, 178
Trd, 000251.633, 180
Trd, 000251.950, 179
Trd, 000253.133, 181
Trd, 000253.367, 181
Trd, 000253.850, 181
Trd, 000253.967, 182
Trd, 000254.083, 183
Trd, 000254.333, 199
Trd, 000254.383, 200
Trd, 000255.183, 191
Trd, 000255.450, 189
Trd, 000255.867, 188
Trd, 000256.267, 169
Trd, 000257.833, 172
Trd, 000258.617, 176
Trd, 000259.250, 176
Trd, 000259.350, 177
Trd, 000259.667, 184
Trd, 000260.067, 179
Trd, 000260.283, 176
Trd, 000260.750, 175
Trd, 000260.950, 182
Trd, 000261.350, 181
Trd, 000261.933, 178
Trd, 000262.367, 174
Trd, 000262.783, 174
Trd, 000264.250, 172
Trd, 000264.450, 172
Trd, 000264.733, 171
Trd, 000264.933, 173
Trd, 000266.117, 174
Trd, 000266.200, 170
Trd, 000266.317, 167
Trd, 000266.367, 177
Trd, 000267.067, 178
Trd, 000267.367, 181
Trd, 000267.383, 176
Trd, 000267.633, 184
Trd, 000267.667, 176
Trd, 000267.683, 171
Trd, 000268.517, 184
Trd, 000269.950, 182
Trd, 000269.983, 180
Trd, 000270.683, 181
Trd, 000270.850, 180
Trd, 000271.017, 179
Trd, 000271.533, 183
Trd, 000272.017, 176
Trd, 000272.183, 184
Trd, 000272.200, 180
Trd, 000272.400, 180
Trd, 000272.750, 183
Trd, 000272.900, 177
Trd, 000273.983, 178
Trd, 000274.017, 179
Trd, 000274.867, 171
Trd, 000275.600, 179
Trd, 000275.650, 179
Trd, 000276.350, 181
Trd, 000277.033, 182
Trd, 000277.300, 182
Trd, 000278.417, 176
Trd, 000278.550, 181
Trd, 000279.433, 175
Trd, 000279.967, 177
Trd, 000280.050, 175
Trd, 000280.067, 179
Trd, 000280.633, 178
Trd, 000281.150, 177
Trd, 000281.517, 181
Trd, 000282.067, 180
Trd, 000282.283, 175
Trd, 000283.083, 179
Trd, 000283.850, 178
Trd, 000284.317, 176
Trd, 000284.867, 176
Trd, 000284.950, 176
Trd, 000285.233, 177
Trd, 000286.750, 178
Trd, 000286.767, 175
Trd, 000286.983, 179
Trd, 000287.017, 184
Trd, 000287.867, 180
Trd, 000287.950, 181
Trd, 000288.017, 186
Trd, 000288.133, 172
Trd, 000288.500, 190
Trd, 000289.117, 186
Trd, 000290.383, 173
Trd, 000290.850, 184
Trd, 000291.000, 184
Trd, 000292.333, 185
Trd, 000292.667, 187
Trd, 000292.883, 190
Trd, 000293.833, 191
Trd, 000294.083, 188
Trd, 000294.350, 197
Trd, 000294.400, 187
Trd, 000294.483, 184
Trd, 000294.633, 197
Trd, 000295.983, 184
Trd, 000296.150, 191
Trd, 000297.333, 192
Trd, 000297.533, 184
Trd, 000297.850, 191
Trd, 000298.167, 182
Trd, 000298.383, 190
Trd, 000298.667, 190
Trd, 000299.017, 195
Trd, 000299.550, 203
Trd, 000299.783, 184
