Trd, 000001.667, 127
Trd, 000002.533, 130
Trd, 000002.717, 124
Trd, 000004.417, 146
Trd, 000004.850, 151
Trd, 000005.567, 145
Trd, 000005.583, 146
Trd, 000007.083, 146
Trd, 000008.617, 146
Trd, 000009.333, 147
Trd, 000010.267, 145
Trd, 000010.950, 145
Trd, 000011.750, 146
Trd, 000012.800, 142
Trd, 000014.000, 145
Trd, 000014.567, 145
Trd, 000015.967, 146
Trd, 000016.117, 144
Trd, 000017.200, 147
Trd, 000018.517, 147
Trd, 000018.600, 144
Trd, 000019.700, 144
Trd, 000020.150, 144
Trd, 000020.733, 148
Trd, 000021.100, 148
Trd, 000021.567, 143
Trd, 000021.800, 143
Trd, 000023.167, 148
Trd, 000024.850, 146
Trd, 000026.367, 145
Trd, 000027.500, 148
Trd, 000027.683, 146
Trd, 000027.767, 147
Trd, 000027.950, 145
Trd, 000027.967, 145
Trd, 000029.133, 149
Trd, 000029.417, 149
Trd, 000030.683, 151
Trd, 000030.967, 147
Trd, 000031.100, 145
Trd, 000031.383, 144
Trd, 000032.400, 148
Trd, 000034.917, 147
Trd, 000035.983, 148
Trd, 000036.217, 149
Trd, 000036.450, 147
Trd, 000038.333, 148
Trd, 000038.433, 146
Trd, 000038.483, 149
Trd, 000040.433, 147
Trd, 000040.450, 147
Trd, 000041.000, 152
Trd, 000041.917, 151
Trd, 000041.983, 147
Trd, 000042.550, 155
Trd, 000043.650, 148
Trd, 000044.533, 146
Trd, 000046.600, 147
Trd, 000046.633, 151
Trd, 000047.083, 147
Trd, 000047.433, 146
Trd, 000047.517, 149
Trd, 000049.383, 149
Trd, 000049.517, 147
Trd, 000049.700, 151
Trd, 000051.717, 149
Trd, 000052.000, 148
Trd, 000053.117, 147
Trd, 000053.733, 146
Trd, 000054.050, 146
Trd, 000054.917, 137
Trd, 000054.983, 149
Trd, 000056.783, 146
Trd, 000056.833, 153
Trd, 000058.283, 146
Trd, 000058.817, 146
Trd, 000059.633, 151
Trd, 000060.400, 151
Trd, 000061.267, 154
Trd, 000061.800, 153
Trd, 000063.000, 150
Trd, 000064.500, 149
Trd, 000065.583, 150
Trd, 000065.667, 150
Trd, 000065.733, 147
Trd, 000066.533, 148
Trd, 000066.650, 151
Trd, 000069.250, 153
Trd, 000070.183, 155
Trd, 000070.617, 153
Trd, 000073.167, 152
Trd, 000073.333, 155
Trd, 000074.100, 155
Trd, 000074.667, 151
Trd, 000076.383, 151
Trd, 000079.750, 153
Trd, 000080.033, 152
Trd, 000080.350, 152
Trd, 000081.817, 152
Trd, 000082.250, 152
Trd, 000082.967, 152
Trd, 000083.050, 152
Trd, 000085.017, 154
Trd, 000085.033, 152
Trd, 000085.667, 151
Trd, 000085.967, 155
Trd, 000086.967, 151
Trd, 000087.350, 151
Trd, 000087.750, 156
Trd, 000089.583, 155
Trd, 000090.800, 154
Trd, 000090.933, 153
Trd, 000091.000, 152
Trd, 000093.717, 151
Trd, 000094.033, 153
Trd, 000094.883, 152
Trd, 000094.967, 150
Trd, 000095.250, 154
Trd, 000095.317, 157
Trd, 000096.500, 164
Trd, 000096.917, 155
Trd, 000097.583, 155
Trd, 000098.017, 154
Trd, 000100.200, 155
Trd, 000101.250, 156
Trd, 000102.117, 155
Trd, 000102.350, 156
Trd, 000102.433, 158
Trd, 000103.117, 158
Trd, 000105.133, 157
Trd, 000105.567, 157
Trd, 000105.717, 154
Trd, 000108.383, 154
Trd, 000109.250, 155
Trd, 000109.583, 155
Trd, 000109.800, 156
Trd, 000109.867, 159
Trd, 000110.200, 154
Trd, 000112.417, 158
Trd, 000112.983, 157
Trd, 000114.033, 153
Trd, 000114.250, 157
Trd, 000115.133, 152
Trd, 000115.283, 156
Trd, 000117.150, 155
Trd, 000117.533, 153
Trd, 000117.950, 157
Trd, 000119.617, 156
Trd, 000120.533, 156
Trd, 000120.667, 158
Trd, 000121.250, 156
Trd, 000121.800, 160
Trd, 000122.350, 170
Trd, 000122.917, 177
Trd, 000123.217, 187
Trd, 000123.583, 194
Trd, 000124.133, 194
Trd, 000124.783, 204
Trd, 000124.800, 205
Trd, 000125.017, 208
Trd, 000125.517, 300.0
Trd, 000125.617, 303.0
Trd, 000125.983, 310.0
Trd, 000127.283, 337
Trd, 000128.100, 337
Trd, 000128.883, 335.0
Trd, 000128.900, 348.0
Trd, 000130.733, 355
Trd, 000130.833, 344.0
Trd, 000131.400, 341.0
Trd, 000132.267, 334.0
Trd, 000132.500, 335
Trd, 000132.733, 336
Trd, 000132.917, 338
Trd, 000133.150, 337
Trd, 000133.583, 334
Trd, 000134.900, 341
Trd, 000136.167, 339
Trd, 000136.683, 336.0
Trd, 000138.000, 340
Trd, 000139.400, 341
Trd, 000140.617, 342
Trd, 000140.750, 339
Trd, 000141.017, 337
Trd, 000141.750, 336
Trd, 000143.217, 357
Trd, 000144.183, 337
Trd, 000144.433, 335
Trd, 000145.217, 344
Trd, 000145.900, 337.0
Trd, 000146.783, 335.0
Trd, 000148.333, 338
Trd, 000148.750, 336
Trd, 000148.867, 335
Trd, 000151.083, 337
Trd, 000151.383, 340
Trd, 000152.183, 337
Trd, 000153.167, 338
Trd, 000153.217, 340
Trd, 000153.633, 347.0
Trd, 000154.117, 334
Trd, 000156.267, 334
Trd, 000157.883, 337
Trd, 000158.883, 336
Trd, 000159.983, 341
Trd, 000160.667, 343
Trd, 000161.417, 341.0
Trd, 000161.617, 342
Trd, 000163.600, 344
Trd, 000164.250, 336
Trd, 000164.983, 337
Trd, 000165.533, 336
Trd, 000166.150, 342
Trd, 000166.383, 334.0
Trd, 000169.517, 343
Trd, 000169.983, 347.0
Trd, 000170.383, 348.0
Trd, 000170.767, 345
Trd, 000171.517, 344.0
Trd, 000172.200, 342
Trd, 000173.400, 340
Trd, 000173.567, 345
Trd, 000174.267, 340
Trd, 000176.567, 344.0
Trd, 000176.900, 344
Trd, 000177.067, 348.0
Trd, 000178.950, 343
Trd, 000179.550, 350
Trd, 000180.183, 341
Trd, 000181.000, 342.0
Trd, 000181.683, 342
Trd, 000182.383, 341.0
Trd, 000182.483, 320.0
Trd, 000182.933, 312
Trd, 000184.033, 310.0
Trd, 000184.317, 303.0
Trd, 000185.117, 301
Trd, 000185.167, 235
Trd, 000185.233, 206
Trd, 000186.383, 205
Trd, 000186.700, 204
Trd, 000187.150, 185
Trd, 000188.633, 177
Trd, 000189.500, 166
Trd, 000190.783, 175
Trd, 000190.817, 176
Trd, 000190.950, 175
Trd, 000192.733, 172
Trd, 000193.867, 167
Trd, 000194.000, 171
Trd, 000194.917, 163
Trd, 000196.083, 170
Trd, 000196.383, 170
Trd, 000196.500, 156
Trd, 000196.700, 154
Trd, 000197.117, 154
Trd, 000197.133, 171
Trd, 000197.833, 168
Trd, 000198.133, 171
Trd, 000199.317, 169
Trd, 000201.050, 168
Trd, 000202.383, 168
Trd, 000202.450, 169
Trd, 000203.100, 165
Trd, 000203.567, 164
Trd, 000204.800, 169
Trd, 000205.300, 165
Trd, 000205.550, 169
Trd, 000206.683, 169
Trd, 000207.117, 167
Trd, 000207.250, 169
Trd, 000208.350, 165
Trd, 000209.350, 168
Trd, 000211.183, 168
Trd, 000211.317, 169
Trd, 000212.433, 167
Trd, 000213.550, 165
Trd, 000214.900, 167
Trd, 000215.983, 165
Trd, 000216.250, 164
Trd, 000216.633, 167
Trd, 000217.267, 164
Trd, 000217.617, 165
Trd, 000218.133, 166
Trd, 000220.167, 165
Trd, 000220.583, 165
Trd, 000221.017, 166
Trd, 000221.800, 165
Trd, 000222.183, 166
Trd, 000223.000, 164
Trd, 000224.183, 164
Trd, 000224.700, 167
Trd, 000225.100, 163
Trd, 000225.650, 162
Trd, 000226.267, 170
Trd, 000227.750, 164
Trd, 000227.800, 168
Trd, 000230.100, 168
Trd, 000230.483, 166
Trd, 000231.167, 169
Trd, 000231.233, 166
Trd, 000231.683, 164
Trd, 000232.317, 168
Trd, 000232.800, 164
Trd, 000233.483, 167
Trd, 000234.083, 164
Trd, 000234.917, 165
Trd, 000238.783, 165
Trd, 000238.817, 163
Trd, 000238.850, 165
Trd, 000239.183, 164
Trd, 000239.267, 166
Trd, 000239.433, 172
Trd, 000240.033, 173
Trd, 000240.117, 174
Trd, 000240.133, 172
Trd, 000240.817, 174
Trd, 000241.083, 180
Trd, 000241.367, 179
Trd, 000242.367, 177
Trd, 000242.450, 172
Trd, 000242.900, 175
Trd, 000242.967, 174
Trd, 000243.383, 171
Trd, 000243.483, 171
Trd, 000243.833, 174
Trd, 000243.917, 174
Trd, 000244.883, 175
Trd, 000245.567, 184
Trd, 000246.233, 179
Trd, 000246.833, 178
Trd, 000247.417, 178
Trd, 000249.317, 182
Trd, 000249.400, 180
Trd, 000249.533, 173
Trd, 000250.050, 180
Trd, 000250.083, 169
Trd, 000250.450, 180
Trd, 000251.067, 179
Trd, 000251.333, 176
Trd, 000252.233, 177
Trd, 000252.600, 175
Trd, 000253.550, 175
Trd, 000254.383, 174
Trd, 000255.083, 174
Trd, 000255.150, 172
Trd, 000255.400, 171
Trd, 000255.717, 173
Trd, 000256.017, 172
Trd, 000256.333, 174
Trd, 000256.450, 176
Trd, 000256.717, 172
Trd, 000257.217, 174
Trd, 000257.233, 175
Trd, 000257.817, 179
Trd, 000258.217, 173
Trd, 000258.467, 175
Trd, 000258.567, 171
Trd, 000259.233, 177
Trd, 000259.867, 176
Trd, 000260.133, 177
Trd, 000260.633, 174
Trd, 000261.717, 176
Trd, 000262.050, 177
Trd, 000262.433, 175
Trd, 000262.683, 174
Trd, 000264.700, 174
Trd, 000265.133, 175
Trd, 000265.450, 176
Trd, 000265.700, 177
Trd, 000265.733, 173
Trd, 000266.283, 168
Trd, 000266.683, 173
Trd, 000266.817, 172
Trd, 000267.250, 177
Trd, 000268.233, 179
Trd, 000268.700, 175
Trd, 000269.150, 173
Trd, 000269.600, 172
Trd, 000269.917, 171
Trd, 000270.550, 175
Trd, 000271.083, 177
Trd, 000271.383, 176
Trd, 000272.350, 177
Trd, 000272.367, 172
Trd, 000272.733, 171
Trd, 000272.783, 172
Trd, 000272.800, 173
Trd, 000273.667, 175
Trd, 000274.033, 168
Trd, 000274.183, 161
Trd, 000274.417, 176
Trd, 000275.117, 174
Trd, 000275.233, 176
Trd, 000275.583, 170
Trd, 000276.033, 176
Trd, 000276.233, 175
Trd, 000277.617, 179
Trd, 000277.717, 179
Trd, 000278.183, 176
Trd, 000278.450, 172
Trd, 000278.500, 171
Trd, 000278.700, 162
Trd, 000279.017, 165
Trd, 000279.383, 181
Trd, 000280.017, 185
Trd, 000280.467, 181
Trd, 000281.383, 186
Trd, 000281.883, 188
Trd, 000282.200, 183
Trd, 000282.483, 181
Trd, 000282.817, 189
Trd, 000283.317, 183
Trd, 000284.500, 180
Trd, 000284.883, 179
Trd, 000284.933, 178
Trd, 000285.200, 177
Trd, 000285.650, 183
Trd, 000286.950, 184
Trd, 000287.400, 179
Trd, 000287.733, 183
Trd, 000287.917, 184
Trd, 000289.317, 183
Trd, 000289.400, 179
Trd, 000289.633, 162
Trd, 000289.850, 171
Trd, 000290.317, 176
Trd, 000290.583, 174
Trd, 000290.667, 177
Trd, 000291.017, 178
Trd, 000291.767, 180
Trd, 000291.867, 187
Trd, 000292.233, 173
Trd, 000292.850, 191
Trd, 000293.333, 185
Trd, 000293.800, 174
Trd, 000293.917, 174
Trd, 000293.950, 194
Trd, 000294.033, 196
Trd, 000295.867, 176
Trd, 000295.917, 175
Trd, 000296.867, 174
Trd, 000297.400, 173
Trd, 000298.200, 177
Trd, 000298.533, 178
Trd, 000298.883, 179
Trd, 000299.750, 176
Trd, 000299.883, 178
