Trd, 000000.783, 165
Trd, 000001.467, 200
Trd, 000001.983, 147
Trd, 000002.800, 148
Trd, 000003.150, 144
Trd, 000003.467, 131
Trd, 000005.017, 155
Trd, 000005.250, 165
Trd, 000005.650, 156
Trd, 000006.250, 155
Trd, 000007.417, 156
Trd, 000007.950, 160
Trd, 000008.050, 154
Trd, 000010.150, 156
Trd, 000010.367, 154
Trd, 000010.500, 161
Trd, 000011.067, 155
Trd, 000011.467, 157
Trd, 000011.883, 155
Trd, 000012.050, 166
Trd, 000012.383, 148
Trd, 000012.633, 150
Trd, 000013.067, 161
Trd, 000013.417, 159
Trd, 000013.617, 161
Trd, 000014.650, 155
Trd, 000014.750, 149
Trd, 000014.833, 158
Trd, 000014.967, 145
Trd, 000015.333, 159
Trd, 000016.217, 151
Trd, 000016.617, 166
Trd, 000017.917, 164
Trd, 000018.267, 158
Trd, 000018.667, 160
Trd, 000019.183, 160
Trd, 000019.833, 160
Trd, 000021.400, 161
Trd, 000021.517, 162
Trd, 000021.533, 158
Trd, 000022.517, 160
Trd, 000022.933, 161
Trd, 000023.300, 162
Trd, 000023.583, 160
Trd, 000023.933, 163
Trd, 000024.767, 167
Trd, 000025.467, 159
Trd, 000025.850, 159
Trd, 000025.900, 151
Trd, 000027.133, 157
Trd, 000027.217, 162
Trd, 000027.767, 152
Trd, 000028.767, 153
Trd, 000029.500, 154
Trd, 000030.033, 154
Trd, 000030.200, 153
Trd, 000030.233, 152
Trd, 000031.450, 154
Trd, 000031.733, 158
Trd, 000032.733, 156
Trd, 000033.083, 157
Trd, 000033.567, 156
Trd, 000033.833, 157
Trd, 000034.017, 153
Trd, 000034.550, 153
Trd, 000034.733, 152
Trd, 000034.933, 152
Trd, 000035.567, 151
Trd, 000036.000, 148
Trd, 000036.133, 147
Trd, 000036.417, 154
Trd, 000037.050, 155
Trd, 000037.167, 162
Trd, 000037.833, 157
Trd, 000038.167, 168
Trd, 000038.617, 156
Trd, 000039.267, 159
Trd, 000039.317, 172
Trd, 000039.683, 157
Trd, 000041.117, 154
Trd, 000041.800, 155
Trd, 000042.550, 159
Trd, 000043.467, 158
Trd, 000043.617, 159
Trd, 000043.750, 157
Trd, 000045.500, 160
Trd, 000045.717, 162
Trd, 000046.183, 159
Trd, 000046.750, 160
Trd, 000047.417, 169
Trd, 000047.533, 160
Trd, 000049.133, 160
Trd, 000049.367, 159
Trd, 000050.400, 155
Trd, 000050.617, 164
Trd, 000051.567, 164
Trd, 000051.600, 165
Trd, 000051.617, 164
Trd, 000052.650, 159
Trd, 000053.033, 162
Trd, 000053.283, 159
Trd, 000053.483, 158
Trd, 000054.650, 160
Trd, 000054.833, 153
Trd, 000055.133, 152
Trd, 000055.317, 162
Trd, 000055.817, 163
Trd, 000056.067, 159
Trd, 000056.783, 149
Trd, 000057.383, 163
Trd, 000057.650, 145
Trd, 000059.433, 156
Trd, 000059.633, 156
Trd, 000060.133, 160
Trd, 000060.217, 163
Trd, 000060.333, 155
Trd, 000060.500, 154
Trd, 000060.817, 154
Trd, 000060.867, 163
Trd, 000063.167, 162
Trd, 000063.717, 162
Trd, 000064.417, 159
Trd, 000065.083, 159
Trd, 000065.767, 159
Trd, 000066.333, 158
Trd, 000066.367, 156
Trd, 000066.967, 158
Trd, 000067.133, 161
Trd, 000067.500, 165
Trd, 000068.367, 173
Trd, 000068.767, 165
Trd, 000068.883, 160
Trd, 000069.250, 160
Trd, 000069.667, 151
Trd, 000069.983, 158
Trd, 000070.517, 160
Trd, 000070.850, 159
Trd, 000071.800, 172
Trd, 000072.683, 160
Trd, 000072.950, 168
Trd, 000073.067, 156
Trd, 000074.300, 161
Trd, 000074.983, 161
Trd, 000075.233, 167
Trd, 000076.283, 171
Trd, 000076.550, 165
Trd, 000076.667, 172
Trd, 000077.067, 172
Trd, 000078.550, 171
Trd, 000078.683, 168
Trd, 000078.750, 168
Trd, 000079.800, 172
Trd, 000080.500, 167
Trd, 000081.550, 168
Trd, 000081.600, 173
Trd, 000082.083, 169
Trd, 000082.333, 168
Trd, 000082.350, 166
Trd, 000082.867, 156
Trd, 000083.167, 164
Trd, 000083.283, 173
Trd, 000083.967, 175
Trd, 000084.533, 176
Trd, 000085.050, 171
Trd, 000085.583, 166
Trd, 000087.417, 173
Trd, 000087.450, 168
Trd, 000088.150, 173
Trd, 000088.200, 177
Trd, 000088.633, 166
Trd, 000088.933, 164
Trd, 000089.617, 168
Trd, 000090.283, 161
Trd, 000090.683, 159
Trd, 000091.317, 157
Trd, 000092.117, 156
Trd, 000092.817, 164
Trd, 000092.983, 159
Trd, 000093.817, 140
Trd, 000093.850, 141
Trd, 000094.000, 156
Trd, 000094.367, 159
Trd, 000095.267, 147
Trd, 000096.450, 149
Trd, 000096.683, 153
Trd, 000096.933, 149
Trd, 000097.217, 148
Trd, 000097.367, 141
Trd, 000098.250, 152
Trd, 000099.683, 151
Trd, 000100.250, 150
Trd, 000100.367, 151
Trd, 000100.500, 154
Trd, 000100.517, 148
Trd, 000100.950, 168
Trd, 000101.033, 154
Trd, 000101.583, 161
Trd, 000102.000, 165
Trd, 000102.250, 166
Trd, 000102.400, 160
Trd, 000102.433, 159
Trd, 000102.517, 158
Trd, 000102.667, 158
Trd, 000102.717, 175
Trd, 000105.300, 160
Trd, 000105.517, 161
Trd, 000105.900, 160
Trd, 000106.833, 162
Trd, 000107.767, 169
Trd, 000107.883, 162
Trd, 000108.300, 161
Trd, 000108.450, 165
Trd, 000108.583, 178
Trd, 000109.050, 175
Trd, 000109.750, 162
Trd, 000110.850, 169
Trd, 000111.200, 171
Trd, 000111.483, 167
Trd, 000111.817, 165
Trd, 000113.967, 169
Trd, 000114.433, 170
Trd, 000114.567, 168
Trd, 000114.900, 171
Trd, 000115.167, 167
Trd, 000115.517, 173
Trd, 000115.783, 176
Trd, 000116.350, 167
Trd, 000117.917, 171
Trd, 000118.017, 169
Trd, 000118.067, 167
Trd, 000118.117, 177
Trd, 000118.433, 171
Trd, 000119.167, 176
Trd, 000120.050, 174
Trd, 000120.133, 171
Trd, 000120.400, 170
Trd, 000120.850, 161
Trd, 000121.350, 177
Trd, 000122.017, 157
Trd, 000122.183, 168
Trd, 000122.333, 177
Trd, 000122.650, 180
Trd, 000123.033, 184
Trd, 000124.067, 201
Trd, 000124.800, 315.0
Trd, 000125.517, 324.0
Trd, 000125.733, 327.0
Trd, 000125.767, 334.0
Trd, 000126.317, 351
Trd, 000126.617, 345.0
Trd, 000126.867, 344.0
Trd, 000127.150, 326
Trd, 000127.583, 344
Trd, 000128.233, 345
Trd, 000128.717, 331
Trd, 000129.383, 345
Trd, 000129.850, 334.0
Trd, 000129.950, 344
Trd, 000130.067, 332.0
Trd, 000130.883, 357
Trd, 000131.350, 343
Trd, 000131.583, 339
Trd, 000132.750, 340
Trd, 000133.383, 348.0
Trd, 000133.417, 338
Trd, 000133.817, 332.0
Trd, 000133.967, 355
Trd, 000135.600, 337.0
Trd, 000135.633, 344.0
Trd, 000137.500, 344
Trd, 000137.950, 344
Trd, 000138.283, 358
Trd, 000138.367, 343
Trd, 000139.683, 352
Trd, 000140.167, 346
Trd, 000140.183, 345.0
Trd, 000140.667, 350
Trd, 000141.667, 349.0
Trd, 000142.133, 351
Trd, 000142.167, 350.0
Trd, 000142.317, 349.0
Trd, 000142.433, 368.0
Trd, 000142.933, 354
Trd, 000143.183, 348.0
Trd, 000144.400, 345.0
Trd, 000144.600, 345
Trd, 000145.033, 345.0
Trd, 000145.067, 344.0
Trd, 000145.417, 350
Trd, 000146.083, 358
Trd, 000146.800, 348.0
Trd, 000147.400, 346
Trd, 000148.350, 349
Trd, 000148.633, 368.0
Trd, 000148.800, 370
Trd, 000148.933, 355
Trd, 000150.550, 354
Trd, 000151.567, 353
Trd, 000152.100, 353
Trd, 000152.383, 345
Trd, 000152.917, 351
Trd, 000153.100, 349.0
Trd, 000154.150, 349.0
Trd, 000154.883, 356
Trd, 000155.567, 357
Trd, 000155.583, 348.0
Trd, 000155.883, 347
Trd, 000156.367, 358
Trd, 000156.850, 365.0
Trd, 000157.150, 364
Trd, 000157.467, 358.0
Trd, 000158.333, 355
Trd, 000159.483, 356
Trd, 000160.333, 364
Trd, 000160.900, 356
Trd, 000161.767, 358.0
Trd, 000161.950, 352
Trd, 000162.517, 355
Trd, 000162.533, 363
Trd, 000163.150, 348.0
Trd, 000163.850, 361
Trd, 000163.900, 360
Trd, 000164.367, 362
Trd, 000164.400, 356
Trd, 000165.650, 359
Trd, 000166.000, 361
Trd, 000166.283, 358
Trd, 000166.400, 344.0
Trd, 000167.050, 363
Trd, 000167.400, 373
Trd, 000167.500, 352
Trd, 000168.233, 344.0
Trd, 000168.450, 333.0
Trd, 000168.800, 339
Trd, 000168.850, 361
Trd, 000169.117, 331.0
Trd, 000171.400, 350
Trd, 000171.417, 349.0
Trd, 000172.033, 348.0
Trd, 000172.850, 339
Trd, 000173.517, 341
Trd, 000173.733, 341
Trd, 000173.967, 347
Trd, 000174.217, 351
Trd, 000174.717, 342
Trd, 000175.450, 343
Trd, 000175.550, 343
Trd, 000176.167, 344.0
Trd, 000176.633, 350
Trd, 000177.250, 358
Trd, 000177.467, 339
Trd, 000177.800, 359
Trd, 000178.033, 365.0
Trd, 000178.433, 344.0
Trd, 000180.333, 349
Trd, 000180.350, 349
Trd, 000180.617, 348.0
Trd, 000181.133, 348
Trd, 000181.267, 349
Trd, 000181.283, 345
Trd, 000181.300, 344.0
Trd, 000183.683, 320.0
Trd, 000183.800, 316
Trd, 000184.050, 298
Trd, 000184.083, 218
Trd, 000184.417, 207
Trd, 000185.383, 197
Trd, 000185.467, 193
Trd, 000186.650, 192
Trd, 000187.167, 201
Trd, 000187.550, 189
Trd, 000189.150, 189
Trd, 000189.683, 184
Trd, 000189.817, 183
Trd, 000190.383, 190
Trd, 000190.700, 177
Trd, 000190.783, 188
Trd, 000191.050, 169
Trd, 000192.983, 181
Trd, 000193.317, 181
Trd, 000193.567, 180
Trd, 000195.250, 179
Trd, 000196.167, 178
Trd, 000196.367, 177
Trd, 000196.733, 181
Trd, 000197.200, 168
Trd, 000197.300, 181
Trd, 000198.317, 183
Trd, 000198.467, 168
Trd, 000198.900, 184
Trd, 000199.117, 167
Trd, 000200.483, 171
Trd, 000200.750, 181
Trd, 000201.267, 175
Trd, 000201.883, 181
Trd, 000202.750, 174
Trd, 000203.133, 174
Trd, 000203.333, 171
Trd, 000203.633, 181
Trd, 000203.850, 181
Trd, 000204.100, 177
Trd, 000204.417, 181
Trd, 000204.800, 173
Trd, 000204.950, 168
Trd, 000206.317, 180
Trd, 000207.167, 180
Trd, 000207.450, 171
Trd, 000208.050, 171
Trd, 000208.100, 180
Trd, 000208.433, 170
Trd, 000208.800, 169
Trd, 000209.750, 182
Trd, 000211.567, 179
Trd, 000211.683, 182
Trd, 000211.883, 179
Trd, 000212.333, 178
Trd, 000212.867, 180
Trd, 000213.200, 189
Trd, 000214.083, 186
Trd, 000214.300, 185
Trd, 000215.133, 185
Trd, 000215.233, 184
Trd, 000216.333, 183
Trd, 000216.450, 170
Trd, 000216.517, 166
Trd, 000217.200, 171
Trd, 000217.633, 175
Trd, 000218.067, 184
Trd, 000218.450, 176
Trd, 000218.667, 186
Trd, 000219.467, 170
Trd, 000219.800, 173
Trd, 000221.633, 185
Trd, 000222.367, 180
Trd, 000223.383, 188
Trd, 000223.600, 180
Trd, 000223.617, 189
Trd, 000224.867, 180
Trd, 000226.000, 187
Trd, 000226.850, 180
Trd, 000228.083, 180
Trd, 000228.283, 181
Trd, 000228.817, 182
Trd, 000229.583, 182
Trd, 000230.700, 184
Trd, 000231.267, 185
Trd, 000231.283, 181
Trd, 000231.333, 181
Trd, 000231.800, 186
Trd, 000231.817, 171
Trd, 000232.383, 184
Trd, 000232.533, 177
Trd, 000233.333, 185
Trd, 000233.417, 179
Trd, 000233.567, 178
Trd, 000234.183, 184
Trd, 000234.650, 178
Trd, 000234.900, 171
Trd, 000235.817, 172
Trd, 000236.000, 167
Trd, 000236.250, 154
Trd, 000236.767, 154
Trd, 000236.783, 187
Trd, 000237.783, 152
Trd, 000237.850, 188
Trd, 000238.300, 161
Trd, 000240.467, 167
Trd, 000240.533, 181
Trd, 000241.433, 174
Trd, 000241.667, 172
Trd, 000241.700, 173
Trd, 000241.883, 175
Trd, 000242.150, 172
Trd, 000242.417, 176
Trd, 000242.467, 172
Trd, 000243.483, 178
Trd, 000243.983, 182
Trd, 000244.517, 181
Trd, 000244.533, 181
Trd, 000244.833, 182
Trd, 000245.367, 187
Trd, 000245.450, 186
Trd, 000245.750, 184
Trd, 000246.817, 189
Trd, 000247.883, 180
Trd, 000248.400, 179
Trd, 000249.267, 167
Trd, 000249.350, 166
Trd, 000249.933, 183
Trd, 000250.800, 179
Trd, 000251.300, 181
Trd, 000251.333, 180
Trd, 000251.600, 180
Trd, 000251.750, 179
Trd, 000251.950, 185
Trd, 000252.000, 190
Trd, 000253.233, 187
Trd, 000253.383, 190
Trd, 000254.033, 188
Trd, 000254.083, 187
Trd, 000255.017, 187
Trd, 000255.083, 188
Trd, 000255.283, 190
Trd, 000255.500, 191
Trd, 000256.317, 184
Trd, 000256.433, 183
Trd, 000257.583, 182
Trd, 000257.783, 183
Trd, 000257.800, 180
Trd, 000259.150, 190
Trd, 000259.467, 180
Trd, 000260.483, 186
Trd, 000260.983, 184
Trd, 000261.267, 186
Trd, 000261.483, 187
Trd, 000261.717, 188
Trd, 000261.783, 183
Trd, 000262.117, 174
Trd, 000262.333, 171
Trd, 000262.650, 168
Trd, 000262.883, 160
Trd, 000263.567, 170
Trd, 000264.100, 177
Trd, 000264.117, 162
Trd, 000264.300, 179
Trd, 000264.733, 176
Trd, 000265.533, 177
Trd, 000265.800, 177
Trd, 000266.283, 177
Trd, 000266.683, 184
Trd, 000267.617, 179
Trd, 000267.800, 183
Trd, 000268.033, 199
Trd, 000268.067, 179
Trd, 000268.900, 185
Trd, 000269.067, 177
Trd, 000269.617, 189
Trd, 000269.900, 189
Trd, 000270.933, 187
Trd, 000271.800, 183
Trd, 000271.850, 188
Trd, 000272.200, 182
Trd, 000272.317, 191
Trd, 000272.533, 182
Trd, 000272.667, 171
Trd, 000272.683, 170
Trd, 000273.200, 181
Trd, 000273.967, 186
Trd, 000274.850, 179
Trd, 000275.267, 185
Trd, 000275.417, 177
Trd, 000275.983, 178
Trd, 000276.117, 177
Trd, 000276.150, 176
Trd, 000276.450, 182
Trd, 000276.617, 183
Trd, 000277.217, 176
Trd, 000277.350, 175
Trd, 000277.600, 179
Trd, 000279.167, 178
Trd, 000279.317, 180
Trd, 000279.700, 176
Trd, 000280.117, 176
Trd, 000280.583, 180
Trd, 000281.083, 176
Trd, 000281.117, 176
Trd, 000281.783, 176
Trd, 000282.283, 180
Trd, 000282.667, 176
Trd, 000283.100, 181
Trd, 000283.617, 176
Trd, 000284.667, 182
Trd, 000285.017, 177
Trd, 000285.333, 176
Trd, 000285.767, 177
Trd, 000286.150, 181
Trd, 000286.867, 176
Trd, 000287.200, 177
Trd, 000287.417, 177
Trd, 000287.483, 180
Trd, 000288.067, 184
Trd, 000288.333, 192
Trd, 000288.500, 181
Trd, 000289.383, 187
Trd, 000289.750, 177
Trd, 000289.950, 175
Trd, 000289.983, 172
Trd, 000290.500, 172
Trd, 000290.633, 173
Trd, 000290.867, 170
Trd, 000291.350, 177
Trd, 000291.583, 194
Trd, 000292.167, 180
Trd, 000293.067, 191
Trd, 000293.183, 182
Trd, 000293.750, 183
Trd, 000294.600, 182
Trd, 000295.000, 165
Trd, 000295.800, 186
Trd, 000295.833, 194
Trd, 000296.617, 194
Trd, 000297.083, 193
Trd, 000297.100, 192
Trd, 000297.267, 194
Trd, 000297.950, 178
Trd, 000298.833, 184
Trd, 000299.133, 193
Trd, 000299.483, 181
Trd, 000299.650, 183
Trd, 000299.967, 194
