Trd, 000000.300, 124
Trd, 000002.067, 124
Trd, 000002.517, 131
Trd, 000002.700, 143
Trd, 000003.250, 126
Trd, 000004.633, 138
Trd, 000004.733, 139
Trd, 000004.767, 144
Trd, 000005.183, 129
Trd, 000005.300, 127
Trd, 000005.567, 156
Trd, 000006.767, 152
Trd, 000006.917, 140
Trd, 000007.600, 149
Trd, 000007.850, 149
Trd, 000008.450, 145
Trd, 000008.683, 148
Trd, 000009.800, 149
Trd, 000010.000, 147
Trd, 000010.500, 149
Trd, 000010.567, 150
Trd, 000010.850, 145
Trd, 000011.650, 144
Trd, 000011.717, 150
Trd, 000012.250, 141
Trd, 000012.650, 157
Trd, 000013.983, 140
Trd, 000014.267, 139
Trd, 000014.833, 149
Trd, 000015.367, 142
Trd, 000016.217, 143
Trd, 000016.317, 147
Trd, 000016.983, 143
Trd, 000017.017, 136
Trd, 000017.767, 140
Trd, 000017.783, 145
Trd, 000019.150, 146
Trd, 000020.100, 146
Trd, 000020.200, 150
Trd, 000021.050, 160
Trd, 000021.100, 145
Trd, 000021.183, 161
Trd, 000021.633, 155
Trd, 000022.167, 147
Trd, 000022.267, 146
Trd, 000023.033, 147
Trd, 000024.800, 156
Trd, 000025.517, 152
Trd, 000026.300, 150
Trd, 000026.667, 153
Trd, 000027.117, 146
Trd, 000027.567, 153
Trd, 000028.600, 150
Trd, 000028.883, 150
Trd, 000029.017, 151
Trd, 000030.200, 149
Trd, 000030.633, 147
Trd, 000030.783, 150
Trd, 000031.183, 147
Trd, 000033.133, 148
Trd, 000033.267, 145
Trd, 000033.400, 143
Trd, 000033.450, 149
Trd, 000033.583, 150
Trd, 000034.017, 151
Trd, 000034.533, 157
Trd, 000035.700, 162
Trd, 000035.767, 149
Trd, 000036.133, 148
Trd, 000036.233, 147
Trd, 000037.983, 148
Trd, 000038.883, 148
Trd, 000039.000, 156
Trd, 000040.417, 155
Trd, 000040.833, 155
Trd, 000041.717, 154
Trd, 000042.033, 150
Trd, 000042.367, 154
Trd, 000042.483, 155
Trd, 000043.333, 171
Trd, 000043.617, 148
Trd, 000045.267, 159
Trd, 000045.350, 155
Trd, 000046.500, 156
Trd, 000047.033, 156
Trd, 000047.433, 154
Trd, 000047.717, 153
Trd, 000048.183, 149
Trd, 000048.517, 157
Trd, 000048.783, 143
Trd, 000048.883, 159
Trd, 000050.000, 154
Trd, 000050.067, 158
Trd, 000051.617, 149
Trd, 000052.433, 158
Trd, 000052.533, 160
Trd, 000052.867, 149
Trd, 000053.867, 156
Trd, 000054.183, 151
Trd, 000055.067, 154
Trd, 000055.583, 153
Trd, 000055.667, 155
Trd, 000056.150, 160
Trd, 000056.483, 161
Trd, 000057.250, 163
Trd, 000058.767, 163
Trd, 000059.083, 162
Trd, 000059.517, 162
Trd, 000059.550, 160
Trd, 000059.617, 164
Trd, 000059.800, 150
Trd, 000059.833, 166
Trd, 000059.983, 174
Trd, 000060.167, 146
Trd, 000060.833, 150
Trd, 000061.183, 140
Trd, 000061.200, 158
Trd, 000062.083, 147
Trd, 000062.467, 156
Trd, 000062.667, 136
Trd, 000062.800, 137
Trd, 000063.500, 138
Trd, 000064.000, 136
Trd, 000064.183, 156
Trd, 000065.417, 161
Trd, 000066.567, 156
Trd, 000066.683, 153
Trd, 000067.117, 162
Trd, 000067.200, 163
Trd, 000067.250, 154
Trd, 000067.550, 164
Trd, 000067.917, 163
Trd, 000068.250, 153
Trd, 000070.017, 161
Trd, 000070.450, 149
Trd, 000071.450, 158
Trd, 000073.417, 153
Trd, 000073.517, 153
Trd, 000074.133, 152
Trd, 000075.083, 153
Trd, 000075.350, 154
Trd, 000075.483, 152
Trd, 000075.633, 155
Trd, 000075.783, 151
Trd, 000076.050, 178
Trd, 000077.017, 172
Trd, 000077.450, 173
Trd, 000077.467, 163
Trd, 000078.567, 148
Trd, 000078.850, 164
Trd, 000079.183, 157
Trd, 000079.617, 147
Trd, 000079.967, 152
Trd, 000080.300, 164
Trd, 000080.617, 153
Trd, 000080.883, 165
Trd, 000082.600, 147
Trd, 000082.733, 155
Trd, 000082.867, 156
Trd, 000083.867, 147
Trd, 000086.050, 154
Trd, 000086.533, 151
Trd, 000086.800, 154
Trd, 000087.733, 156
Trd, 000088.433, 152
Trd, 000088.550, 151
Trd, 000089.300, 153
Trd, 000089.717, 153
Trd, 000089.933, 157
Trd, 000089.983, 158
Trd, 000090.817, 165
Trd, 000091.350, 164
Trd, 000092.067, 166
Trd, 000093.150, 172
Trd, 000094.183, 169
Trd, 000094.800, 166
Trd, 000094.833, 165
Trd, 000094.950, 164
Trd, 000095.450, 165
Trd, 000095.833, 165
Trd, 000096.033, 164
Trd, 000096.083, 160
Trd, 000096.167, 153
Trd, 000096.233, 166
Trd, 000096.517, 163
Trd, 000098.983, 160
Trd, 000099.667, 159
Trd, 000099.717, 161
Trd, 000099.733, 162
Trd, 000099.950, 159
Trd, 000100.867, 154
Trd, 000101.617, 159
Trd, 000102.600, 156
Trd, 000102.667, 155
Trd, 000102.683, 156
Trd, 000103.800, 153
Trd, 000103.850, 154
Trd, 000104.317, 156
Trd, 000104.467, 156
Trd, 000105.367, 157
Trd, 000106.033, 157
Trd, 000107.600, 155
Trd, 000107.950, 154
Trd, 000108.067, 158
Trd, 000108.833, 165
Trd, 000108.983, 166
Trd, 000109.100, 153
Trd, 000109.450, 169
Trd, 000110.117, 151
Trd, 000110.683, 153
Trd, 000110.717, 145
Trd, 000110.833, 179
Trd, 000111.567, 155
Trd, 000112.050, 150
Trd, 000112.483, 164
Trd, 000112.883, 165
Trd, 000112.933, 179
Trd, 000113.267, 166
Trd, 000113.350, 190
Trd, 000114.000, 161
Trd, 000114.167, 155
Trd, 000115.167, 157
Trd, 000115.550, 151
Trd, 000116.517, 167
Trd, 000117.833, 152
Trd, 000118.583, 159
Trd, 000118.650, 159
Trd, 000118.667, 147
Trd, 000119.133, 158
Trd, 000119.283, 159
Trd, 000119.550, 159
Trd, 000120.300, 166
Trd, 000120.483, 141
Trd, 000120.883, 141
Trd, 000122.000, 162
Trd, 000123.350, 169
Trd, 000123.433, 178
Trd, 000123.750, 191
Trd, 000124.117, 244
Trd, 000124.133, 258
Trd, 000124.550, 261
Trd, 000124.717, 310.0
Trd, 000124.917, 318.0
Trd, 000124.950, 319.0
Trd, 000125.683, 320.0
Trd, 000126.000, 324.0
Trd, 000126.100, 342
Trd, 000126.517, 331.0
Trd, 000127.500, 311
Trd, 000128.283, 337
Trd, 000128.417, 336
Trd, 000128.633, 340.0
Trd, 000129.817, 339
Trd, 000130.433, 339.0
Trd, 000131.017, 344.0
Trd, 000131.150, 345
Trd, 000131.867, 348
Trd, 000132.250, 339
Trd, 000132.283, 349
Trd, 000133.800, 355
Trd, 000134.967, 346
Trd, 000135.033, 345
Trd, 000135.183, 344
Trd, 000135.650, 349
Trd, 000136.233, 340
Trd, 000136.367, 341
Trd, 000136.433, 334.0
Trd, 000137.133, 339
Trd, 000137.700, 348
Trd, 000139.517, 347
Trd, 000140.567, 346.0
Trd, 000140.650, 347
Trd, 000140.817, 349
Trd, 000140.867, 345
Trd, 000141.450, 348
Trd, 000141.917, 346
Trd, 000142.433, 355.0
Trd, 000143.300, 348
Trd, 000144.300, 347.0
Trd, 000144.717, 349
Trd, 000145.333, 334.0
Trd, 000145.500, 346
Trd, 000145.633, 327.0
Trd, 000146.050, 327
Trd, 000146.150, 348
Trd, 000146.833, 349
Trd, 000147.250, 350
Trd, 000147.450, 351
Trd, 000147.533, 355
Trd, 000148.850, 342
Trd, 000150.083, 352
Trd, 000151.067, 342
Trd, 000151.667, 344
Trd, 000151.900, 342
Trd, 000152.617, 340
Trd, 000153.267, 338
Trd, 000153.650, 335
Trd, 000154.867, 337
Trd, 000155.167, 344.0
Trd, 000155.467, 335
Trd, 000155.700, 344
Trd, 000155.833, 334.0
Trd, 000156.400, 346
Trd, 000156.450, 332
Trd, 000157.200, 338
Trd, 000157.250, 329
Trd, 000157.583, 348
Trd, 000158.200, 345
Trd, 000158.500, 346
Trd, 000160.017, 335.0
Trd, 000161.083, 342
Trd, 000161.400, 344
Trd, 000163.850, 344.0
Trd, 000164.017, 348
Trd, 000165.050, 343
Trd, 000165.150, 344
Trd, 000165.700, 340
Trd, 000165.950, 340
Trd, 000166.233, 340
Trd, 000166.350, 339
Trd, 000166.600, 338
Trd, 000166.700, 344
Trd, 000166.900, 345
Trd, 000167.900, 334.0
Trd, 000168.217, 333
Trd, 000168.817, 343
Trd, 000169.650, 338
Trd, 000170.317, 343.0
Trd, 000170.533, 344.0
Trd, 000170.550, 338
Trd, 000171.517, 346
Trd, 000172.233, 347
Trd, 000173.050, 339
Trd, 000173.100, 338
Trd, 000173.650, 345
Trd, 000173.967, 339
Trd, 000174.167, 338
Trd, 000175.850, 348
Trd, 000176.050, 349
Trd, 000176.800, 334.0
Trd, 000177.433, 347
Trd, 000178.733, 346
Trd, 000179.067, 341
Trd, 000179.150, 337
Trd, 000179.183, 335
Trd, 000179.917, 336
Trd, 000180.067, 335
Trd, 000180.117, 343
Trd, 000180.717, 343.0
Trd, 000181.950, 334
Trd, 000181.967, 341.0
Trd, 000182.083, 330
Trd, 000182.933, 327.0
Trd, 000183.650, 304
Trd, 000184.433, 254
Trd, 000184.867, 197
Trd, 000185.250, 190
Trd, 000186.133, 200
Trd, 000186.267, 198
Trd, 000186.283, 215
Trd, 000186.467, 185
Trd, 000187.150, 184
Trd, 000187.233, 173
Trd, 000187.783, 162
Trd, 000188.267, 193
Trd, 000189.183, 177
Trd, 000189.383, 174
Trd, 000191.500, 185
Trd, 000191.583, 181
Trd, 000193.233, 169
Trd, 000193.400, 165
Trd, 000193.433, 169
Trd, 000193.517, 170
Trd, 000194.067, 163
Trd, 000194.450, 169
Trd, 000194.950, 172
Trd, 000196.050, 161
Trd, 000196.550, 159
Trd, 000196.683, 153
Trd, 000197.667, 163
Trd, 000198.883, 157
Trd, 000199.600, 158
Trd, 000199.783, 156
Trd, 000199.883, 157
Trd, 000200.250, 158
Trd, 000200.967, 167
Trd, 000201.117, 157
Trd, 000201.383, 168
Trd, 000201.400, 181
Trd, 000201.450, 157
Trd, 000202.467, 171
Trd, 000204.083, 169
Trd, 000204.183, 175
Trd, 000204.367, 175
Trd, 000205.233, 164
Trd, 000205.567, 175
Trd, 000205.717, 165
Trd, 000206.317, 175
Trd, 000206.533, 174
Trd, 000207.383, 163
Trd, 000208.883, 165
Trd, 000209.217, 166
Trd, 000209.600, 168
Trd, 000210.167, 170
Trd, 000210.383, 167
Trd, 000210.417, 165
Trd, 000211.150, 166
Trd, 000211.667, 165
Trd, 000211.933, 170
Trd, 000212.367, 178
Trd, 000212.467, 188
Trd, 000213.383, 176
Trd, 000213.400, 163
Trd, 000215.467, 169
Trd, 000216.383, 169
Trd, 000216.483, 163
Trd, 000216.867, 170
Trd, 000217.117, 164
Trd, 000217.700, 161
Trd, 000217.750, 168
Trd, 000219.100, 169
Trd, 000219.650, 170
Trd, 000220.750, 171
Trd, 000220.967, 168
Trd, 000221.233, 178
Trd, 000221.750, 177
Trd, 000221.933, 183
Trd, 000222.017, 185
Trd, 000222.600, 177
Trd, 000223.150, 189
Trd, 000225.333, 176
Trd, 000225.350, 166
Trd, 000226.133, 170
Trd, 000226.233, 177
Trd, 000227.017, 178
Trd, 000227.317, 177
Trd, 000227.617, 177
Trd, 000228.000, 179
Trd, 000228.250, 176
Trd, 000228.533, 167
Trd, 000228.750, 190
Trd, 000229.400, 169
Trd, 000230.283, 171
Trd, 000231.850, 174
Trd, 000231.867, 174
Trd, 000232.400, 172
Trd, 000232.667, 173
Trd, 000233.517, 164
Trd, 000233.733, 163
Trd, 000234.250, 170
Trd, 000234.467, 170
Trd, 000236.517, 170
Trd, 000237.300, 174
Trd, 000237.450, 173
Trd, 000239.050, 173
Trd, 000239.183, 172
Trd, 000239.500, 174
Trd, 000239.717, 169
Trd, 000240.300, 173
Trd, 000240.517, 171
Trd, 000240.833, 172
Trd, 000240.883, 170
Trd, 000240.933, 170
Trd, 000241.333, 172
Trd, 000241.483, 173
Trd, 000241.717, 168
Trd, 000242.083, 164
Trd, 000243.117, 165
Trd, 000243.133, 164
Trd, 000243.583, 164
Trd, 000243.767, 165
Trd, 000244.233, 162
Trd, 000244.467, 163
Trd, 000244.650, 163
Trd, 000244.883, 158
Trd, 000245.200, 164
Trd, 000246.233, 168
Trd, 000246.833, 173
Trd, 000247.200, 174
Trd, 000247.233, 172
Trd, 000247.400, 175
Trd, 000247.567, 173
Trd, 000247.667, 173
Trd, 000247.750, 176
Trd, 000248.300, 177
Trd, 000248.417, 171
Trd, 000248.833, 176
Trd, 000249.733, 178
Trd, 000250.400, 177
Trd, 000251.117, 177
Trd, 000251.483, 177
Trd, 000251.767, 173
Trd, 000252.083, 179
Trd, 000253.350, 171
Trd, 000253.517, 171
Trd, 000253.583, 169
Trd, 000254.333, 174
Trd, 000254.450, 175
Trd, 000254.850, 176
Trd, 000255.383, 173
Trd, 000255.450, 174
Trd, 000256.083, 172
Trd, 000256.300, 168
Trd, 000257.633, 170
Trd, 000257.883, 173
Trd, 000257.917, 173
Trd, 000258.867, 176
Trd, 000259.150, 176
Trd, 000259.267, 179
Trd, 000259.367, 180
Trd, 000259.517, 181
Trd, 000260.183, 175
Trd, 000260.683, 174
Trd, 000261.717, 172
Trd, 000261.933, 173
Trd, 000262.200, 170
Trd, 000262.967, 168
Trd, 000263.317, 171
Trd, 000263.400, 170
Trd, 000263.583, 164
Trd, 000263.667, 172
Trd, 000264.317, 174
Trd, 000264.850, 173
Trd, 000264.917, 175
Trd, 000265.383, 170
Trd, 000265.650, 177
Trd, 000266.233, 170
Trd, 000267.000, 172
Trd, 000267.467, 171
Trd, 000268.417, 176
Trd, 000268.633, 177
Trd, 000268.833, 170
Trd, 000269.850, 168
Trd, 000270.067, 169
Trd, 000270.183, 178
Trd, 000270.600, 178
Trd, 000271.483, 169
Trd, 000271.517, 167
Trd, 000271.733, 172
Trd, 000271.850, 168
Trd, 000272.433, 174
Trd, 000272.567, 167
Trd, 000272.633, 174
Trd, 000272.900, 175
Trd, 000273.033, 172
Trd, 000273.483, 181
Trd, 000274.383, 179
Trd, 000275.050, 178
Trd, 000275.250, 177
Trd, 000275.283, 174
Trd, 000276.150, 179
Trd, 000276.517, 182
Trd, 000276.683, 182
Trd, 000277.450, 182
Trd, 000277.717, 175
Trd, 000278.150, 176
Trd, 000278.817, 183
Trd, 000279.083, 180
Trd, 000279.483, 186
Trd, 000279.750, 183
Trd, 000280.017, 180
Trd, 000280.400, 180
Trd, 000281.483, 179
Trd, 000281.850, 178
Trd, 000282.500, 176
Trd, 000283.200, 172
Trd, 000283.417, 177
Trd, 000283.433, 168
Trd, 000283.933, 171
Trd, 000284.400, 177
Trd, 000284.483, 179
Trd, 000284.950, 176
Trd, 000285.333, 172
Trd, 000285.850, 177
Trd, 000286.183, 178
Trd, 000286.500, 172
Trd, 000286.633, 179
Trd, 000287.400, 173
Trd, 000287.467, 174
Trd, 000287.550, 177
Trd, 000287.750, 172
Trd, 000288.750, 180
Trd, 000289.817, 177
Trd, 000289.917, 183
Trd, 000290.133, 176
Trd, 000290.967, 173
Trd, 000291.133, 173
Trd, 000291.150, 183
Trd, 000291.433, 178
Trd, 000291.883, 178
Trd, 000292.017, 177
Trd, 000292.517, 180
Trd, 000292.833, 180
Trd, 000293.350, 180
Trd, 000293.400, 177
Trd, 000293.483, 173
Trd, 000293.983, 181
Trd, 000294.050, 181
Trd, 000294.483, 180
Trd, 000296.067, 180
Trd, 000296.233, 181
Trd, 000296.417, 181
Trd, 000296.600, 182
Trd, 000296.633, 180
Trd, 000296.883, 177
Trd, 000297.100, 169
Trd, 000297.467, 184
Trd, 000298.967, 170
Trd, 000299.467, 170
Trd, 000299.767, 170
