Trd, 000001.967, 129
Trd, 000002.117, 144
Trd, 000002.750, 150
Trd, 000003.583, 135
Trd, 000004.617, 151
Trd, 000006.317, 135
Trd, 000006.500, 154
Trd, 000008.350, 152
Trd, 000008.533, 152
Trd, 000008.583, 171
Trd, 000009.400, 166
Trd, 000009.433, 170
Trd, 000009.583, 150
Trd, 000012.017, 152
Trd, 000012.217, 149
Trd, 000012.883, 147
Trd, 000013.050, 145
Trd, 000013.200, 155
Trd, 000013.250, 156
Trd, 000013.783, 135
Trd, 000014.083, 155
Trd, 000014.217, 163
Trd, 000014.800, 162
Trd, 000016.383, 152
Trd, 000016.550, 161
Trd, 000016.900, 162
Trd, 000017.467, 157
Trd, 000018.033, 152
Trd, 000018.533, 160
Trd, 000018.717, 153
Trd, 000019.200, 141
Trd, 000020.033, 146
Trd, 000021.733, 146
Trd, 000022.000, 148
Trd, 000022.467, 149
Trd, 000022.917, 146
Trd, 000023.033, 143
Trd, 000023.583, 142
Trd, 000023.750, 155
Trd, 000024.633, 141
Trd, 000025.850, 141
Trd, 000026.717, 148
Trd, 000026.733, 144
Trd, 000027.417, 144
Trd, 000028.117, 143
Trd, 000028.383, 152
Trd, 000029.217, 145
Trd, 000029.500, 154
Trd, 000029.550, 156
Trd, 000030.383, 153
Trd, 000031.050, 147
Trd, 000031.300, 146
Trd, 000031.367, 146
Trd, 000031.733, 147
Trd, 000031.850, 158
Trd, 000032.250, 163
Trd, 000032.683, 146
Trd, 000033.350, 143
Trd, 000034.367, 158
Trd, 000035.417, 157
Trd, 000036.350, 159
Trd, 000036.617, 163
Trd, 000037.133, 151
Trd, 000037.267, 150
Trd, 000037.433, 160
Trd, 000038.317, 165
Trd, 000038.883, 158
Trd, 000039.000, 169
Trd, 000041.833, 155
Trd, 000041.917, 162
Trd, 000042.833, 154
Trd, 000043.083, 151
Trd, 000043.400, 158
Trd, 000043.767, 159
Trd, 000044.050, 153
Trd, 000044.400, 148
Trd, 000046.133, 154
Trd, 000046.867, 152
Trd, 000047.183, 156
Trd, 000047.283, 163
Trd, 000048.617, 166
Trd, 000048.767, 171
Trd, 000049.217, 154
Trd, 000049.300, 154
Trd, 000049.700, 145
Trd, 000049.800, 160
Trd, 000050.367, 160
Trd, 000051.583, 167
Trd, 000052.517, 153
Trd, 000052.850, 158
Trd, 000053.633, 173
Trd, 000054.200, 155
Trd, 000054.383, 153
Trd, 000054.867, 152
Trd, 000056.250, 163
Trd, 000057.700, 161
Trd, 000058.617, 159
Trd, 000059.250, 155
Trd, 000059.333, 162
Trd, 000059.933, 155
Trd, 000060.383, 161
Trd, 000060.833, 174
Trd, 000061.583, 169
Trd, 000061.850, 153
Trd, 000062.400, 170
Trd, 000062.467, 171
Trd, 000062.883, 154
Trd, 000063.550, 161
Trd, 000065.000, 154
Trd, 000066.583, 154
Trd, 000066.600, 152
Trd, 000068.533, 159
Trd, 000068.583, 157
Trd, 000068.883, 156
Trd, 000069.083, 151
Trd, 000069.133, 162
Trd, 000069.450, 146
Trd, 000069.517, 166
Trd, 000070.300, 156
Trd, 000071.267, 166
Trd, 000073.900, 159
Trd, 000073.917, 155
Trd, 000074.050, 152
Trd, 000075.100, 158
Trd, 000075.500, 151
Trd, 000075.967, 148
Trd, 000076.267, 162
Trd, 000076.400, 166
Trd, 000076.917, 153
Trd, 000077.250, 167
Trd, 000077.367, 161
Trd, 000078.433, 170
Trd, 000078.950, 167
Trd, 000079.100, 180
Trd, 000079.450, 162
Trd, 000080.617, 161
Trd, 000080.950, 162
Trd, 000081.250, 168
Trd, 000081.833, 160
Trd, 000081.867, 163
Trd, 000082.133, 162
Trd, 000082.967, 152
Trd, 000085.850, 161
Trd, 000085.900, 158
Trd, 000086.467, 155
Trd, 000087.200, 148
Trd, 000088.633, 161
Trd, 000088.750, 168
Trd, 000088.950, 173
Trd, 000089.050, 165
Trd, 000089.517, 174
Trd, 000091.633, 167
Trd, 000092.133, 170
Trd, 000092.217, 171
Trd, 000093.200, 174
Trd, 000093.450, 168
Trd, 000093.650, 179
Trd, 000093.817, 181
Trd, 000093.900, 164
Trd, 000094.467, 180
Trd, 000094.950, 153
Trd, 000095.150, 149
Trd, 000096.033, 152
Trd, 000096.967, 161
Trd, 000097.733, 162
Trd, 000097.817, 172
Trd, 000097.917, 153
Trd, 000098.200, 169
Trd, 000099.583, 149
Trd, 000100.083, 156
Trd, 000100.550, 155
Trd, 000100.783, 154
Trd, 000100.917, 161
Trd, 000102.300, 164
Trd, 000103.483, 155
Trd, 000103.517, 155
Trd, 000103.967, 165
Trd, 000104.983, 170
Trd, 000106.033, 176
Trd, 000106.600, 160
Trd, 000106.983, 155
Trd, 000108.417, 168
Trd, 000109.217, 158
Trd, 000109.600, 161
Trd, 000109.667, 159
Trd, 000109.967, 158
Trd, 000110.933, 161
Trd, 000111.217, 162
Trd, 000112.200, 151
Trd, 000112.467, 161
Trd, 000113.050, 162
Trd, 000113.250, 155
Trd, 000113.317, 166
Trd, 000114.183, 169
Trd, 000114.233, 157
Trd, 000114.383, 174
Trd, 000115.450, 169
Trd, 000115.733, 173
Trd, 000115.817, 178
Trd, 000116.433, 162
Trd, 000116.717, 167
Trd, 000117.950, 165
Trd, 000118.783, 163
Trd, 000120.517, 161
Trd, 000120.867, 165
Trd, 000122.017, 167
Trd, 000122.433, 170
Trd, 000122.617, 175
Trd, 000122.817, 180
Trd, 000122.850, 180
Trd, 000123.000, 193
Trd, 000123.017, 194
Trd, 000123.283, 198
Trd, 000123.900, 175
Trd, 000124.350, 205
Trd, 000124.533, 208
Trd, 000125.067, 310.0
Trd, 000125.383, 334.0
Trd, 000125.450, 338
Trd, 000126.183, 300.0
Trd, 000126.933, 331
Trd, 000127.383, 351
Trd, 000127.833, 300.0
Trd, 000128.233, 336
Trd, 000128.500, 337
Trd, 000129.200, 334
Trd, 000129.250, 334
Trd, 000129.350, 342
Trd, 000129.450, 315
Trd, 000130.850, 355.0
Trd, 000130.983, 320
Trd, 000131.267, 322
Trd, 000133.167, 334
Trd, 000134.233, 346
Trd, 000134.517, 337
Trd, 000134.700, 348
Trd, 000135.033, 351
Trd, 000135.167, 337
Trd, 000135.833, 336
Trd, 000136.000, 355.0
Trd, 000136.500, 358
Trd, 000136.817, 338
Trd, 000138.783, 368
Trd, 000138.883, 338
Trd, 000139.633, 366.0
Trd, 000140.017, 365.0
Trd, 000140.433, 350
Trd, 000140.483, 346
Trd, 000141.167, 346
Trd, 000141.183, 334.0
Trd, 000142.017, 337
Trd, 000142.067, 344
Trd, 000142.400, 337
Trd, 000142.500, 354.0
Trd, 000143.183, 352
Trd, 000143.533, 335
Trd, 000144.850, 345
Trd, 000145.650, 354
Trd, 000146.333, 344.0
Trd, 000147.233, 355.0
Trd, 000147.333, 344.0
Trd, 000147.817, 354
Trd, 000149.067, 347
Trd, 000149.150, 346
Trd, 000150.517, 347
Trd, 000150.533, 353.0
Trd, 000150.617, 344
Trd, 000151.267, 345
Trd, 000151.517, 340
Trd, 000151.667, 355.0
Trd, 000153.117, 354
Trd, 000153.367, 363
Trd, 000153.500, 351
Trd, 000153.850, 357
Trd, 000154.333, 358
Trd, 000155.817, 342
Trd, 000156.100, 345
Trd, 000156.150, 354.0
Trd, 000156.183, 343
Trd, 000156.617, 342
Trd, 000157.017, 341
Trd, 000157.083, 343
Trd, 000158.067, 351
Trd, 000158.483, 340
Trd, 000158.667, 354
Trd, 000159.383, 355.0
Trd, 000159.767, 339
Trd, 000160.867, 339
Trd, 000161.200, 339
Trd, 000162.850, 353
Trd, 000162.867, 341
Trd, 000163.650, 354
Trd, 000164.050, 353
Trd, 000164.467, 357
Trd, 000164.800, 342
Trd, 000165.117, 342
Trd, 000165.867, 341
Trd, 000165.917, 334.0
Trd, 000167.083, 355.0
Trd, 000167.283, 337
Trd, 000167.467, 334.0
Trd, 000168.367, 358
Trd, 000169.300, 342
Trd, 000170.350, 358
Trd, 000170.600, 343
Trd, 000171.200, 354
Trd, 000171.283, 342
Trd, 000171.583, 339
Trd, 000171.683, 355.0
Trd, 000172.233, 357
Trd, 000172.350, 358
Trd, 000172.700, 341
Trd, 000173.700, 341
Trd, 000173.933, 340
Trd, 000175.550, 352
Trd, 000176.450, 344
Trd, 000177.000, 350
Trd, 000178.067, 349
Trd, 000178.650, 343
Trd, 000178.917, 350
Trd, 000178.983, 341
Trd, 000179.883, 351
Trd, 000180.150, 339
Trd, 000180.300, 336
Trd, 000180.333, 334.0
Trd, 000181.300, 345
Trd, 000182.067, 339
Trd, 000182.267, 340
Trd, 000182.483, 352
Trd, 000182.550, 331.0
Trd, 000183.217, 315.0
Trd, 000183.800, 295
Trd, 000184.083, 257
Trd, 000184.583, 298
Trd, 000185.183, 222
Trd, 000186.117, 218
Trd, 000186.333, 211
Trd, 000186.467, 183
Trd, 000186.583, 189
Trd, 000187.317, 201
Trd, 000189.133, 182
Trd, 000189.900, 180
Trd, 000190.900, 163
Trd, 000190.983, 178
Trd, 000191.100, 163
Trd, 000192.233, 159
Trd, 000192.617, 175
Trd, 000192.933, 174
Trd, 000193.150, 177
Trd, 000193.217, 178
Trd, 000193.833, 176
Trd, 000194.333, 172
Trd, 000195.183, 173
Trd, 000195.700, 171
Trd, 000196.167, 176
Trd, 000196.217, 167
Trd, 000197.633, 175
Trd, 000198.467, 176
Trd, 000199.083, 177
Trd, 000200.100, 171
Trd, 000201.383, 179
Trd, 000201.500, 176
Trd, 000202.150, 173
Trd, 000202.800, 176
Trd, 000203.050, 170
Trd, 000204.050, 174
Trd, 000204.183, 175
Trd, 000204.367, 185
Trd, 000205.267, 167
Trd, 000205.483, 164
Trd, 000206.000, 175
Trd, 000206.717, 176
Trd, 000208.317, 172
Trd, 000209.450, 171
Trd, 000209.833, 172
Trd, 000210.217, 175
Trd, 000210.683, 170
Trd, 000210.900, 179
Trd, 000211.233, 170
Trd, 000211.367, 176
Trd, 000211.800, 177
Trd, 000212.283, 176
Trd, 000212.383, 183
Trd, 000212.650, 184
Trd, 000213.000, 173
Trd, 000213.283, 168
Trd, 000215.383, 184
Trd, 000215.583, 188
Trd, 000215.633, 176
Trd, 000216.317, 176
Trd, 000216.933, 187
Trd, 000217.000, 176
Trd, 000217.500, 189
Trd, 000218.817, 176
Trd, 000218.933, 174
Trd, 000219.067, 191
Trd, 000219.117, 167
Trd, 000221.267, 182
Trd, 000221.400, 183
Trd, 000221.467, 190
Trd, 000221.733, 167
Trd, 000222.000, 191
Trd, 000222.217, 192
Trd, 000223.317, 184
Trd, 000224.150, 177
Trd, 000224.333, 175
Trd, 000224.833, 181
Trd, 000225.250, 166
Trd, 000225.967, 167
Trd, 000226.167, 176
Trd, 000226.183, 187
Trd, 000227.233, 173
Trd, 000229.117, 173
Trd, 000229.550, 177
Trd, 000229.767, 172
Trd, 000230.483, 178
Trd, 000231.767, 181
Trd, 000233.350, 181
Trd, 000234.283, 178
Trd, 000234.600, 188
Trd, 000235.000, 177
Trd, 000235.033, 190
Trd, 000235.517, 178
Trd, 000235.633, 176
Trd, 000236.417, 176
Trd, 000236.850, 171
Trd, 000237.417, 164
Trd, 000239.783, 179
Trd, 000239.850, 188
Trd, 000240.133, 189
Trd, 000240.500, 190
Trd, 000241.000, 192
Trd, 000241.867, 180
Trd, 000242.150, 182
Trd, 000242.200, 178
Trd, 000242.500, 177
Trd, 000242.700, 177
Trd, 000242.883, 184
Trd, 000243.567, 183
Trd, 000243.883, 175
Trd, 000244.583, 177
Trd, 000245.550, 178
Trd, 000245.800, 177
Trd, 000246.200, 176
Trd, 000246.633, 176
Trd, 000246.683, 176
Trd, 000247.100, 179
Trd, 000247.650, 176
Trd, 000247.833, 174
Trd, 000247.967, 175
Trd, 000248.883, 172
Trd, 000249.733, 180
Trd, 000249.983, 180
Trd, 000251.050, 176
Trd, 000251.617, 174
Trd, 000252.367, 174
Trd, 000252.400, 173
Trd, 000252.483, 177
Trd, 000252.617, 182
Trd, 000253.250, 179
Trd, 000253.300, 176
Trd, 000253.683, 183
Trd, 000253.933, 174
Trd, 000254.333, 179
Trd, 000255.283, 178
Trd, 000255.817, 177
Trd, 000255.883, 180
Trd, 000256.200, 184
Trd, 000256.267, 183
Trd, 000256.550, 175
Trd, 000256.633, 187
Trd, 000257.067, 172
Trd, 000257.117, 191
Trd, 000257.483, 190
Trd, 000258.850, 181
Trd, 000258.867, 177
Trd, 000259.450, 185
Trd, 000259.500, 186
Trd, 000259.833, 191
Trd, 000260.317, 177
Trd, 000260.717, 182
Trd, 000261.117, 178
Trd, 000261.200, 178
Trd, 000262.567, 178
Trd, 000262.583, 173
Trd, 000262.767, 178
Trd, 000263.267, 182
Trd, 000263.817, 182
Trd, 000264.433, 180
Trd, 000265.000, 170
Trd, 000265.383, 170
Trd, 000265.550, 170
Trd, 000266.183, 169
Trd, 000267.083, 173
Trd, 000267.283, 174
Trd, 000267.933, 181
Trd, 000268.133, 173
Trd, 000268.550, 183
Trd, 000269.433, 172
Trd, 000269.550, 171
Trd, 000269.650, 180
Trd, 000270.050, 180
Trd, 000270.117, 180
Trd, 000270.450, 178
Trd, 000271.217, 172
Trd, 000271.317, 182
Trd, 000272.467, 179
Trd, 000272.633, 180
Trd, 000273.883, 178
Trd, 000274.117, 176
Trd, 000274.167, 182
Trd, 000274.350, 179
Trd, 000275.167, 173
Trd, 000275.383, 172
Trd, 000275.867, 171
Trd, 000275.983, 185
Trd, 000276.400, 174
Trd, 000276.717, 167
Trd, 000276.983, 176
Trd, 000278.067, 180
Trd, 000278.233, 181
Trd, 000278.300, 189
Trd, 000278.700, 187
Trd, 000279.033, 172
Trd, 000279.483, 173
Trd, 000279.967, 172
Trd, 000280.317, 173
Trd, 000280.617, 172
Trd, 000280.833, 172
Trd, 000281.183, 172
Trd, 000281.967, 181
Trd, 000282.117, 174
Trd, 000282.867, 172
Trd, 000283.300, 181
Trd, 000283.500, 172
Trd, 000283.567, 188
Trd, 000284.200, 174
Trd, 000284.567, 176
Trd, 000285.200, 172
Trd, 000285.417, 165
Trd, 000285.917, 179
Trd, 000287.267, 178
Trd, 000287.500, 172
Trd, 000288.067, 179
Trd, 000288.583, 176
Trd, 000288.783, 172
Trd, 000288.833, 180
Trd, 000288.967, 177
Trd, 000289.667, 171
Trd, 000289.750, 184
Trd, 000290.017, 177
Trd, 000290.350, 169
Trd, 000290.850, 173
Trd, 000291.483, 173
Trd, 000291.833, 178
Trd, 000292.017, 171
Trd, 000292.400, 166
Trd, 000292.683, 163
Trd, 000293.067, 168
Trd, 000293.167, 186
Trd, 000293.183, 187
Trd, 000294.150, 174
Trd, 000294.883, 177
Trd, 000295.000, 194
Trd, 000295.617, 174
Trd, 000295.783, 184
Trd, 000296.750, 185
Trd, 000297.483, 185
Trd, 000298.033, 177
Trd, 000298.133, 186
Trd, 000298.233, 176
Trd, 000299.017, 176
Trd, 000299.067, 174
Trd, 000299.417, 178
Trd, 000299.883, 175
