Trd, 000001.817, 131
Trd, 000003.983, 160
Trd, 000004.450, 161
Trd, 000005.733, 161
Trd, 000006.000, 152
Trd, 000006.383, 151
Trd, 000007.067, 151
Trd, 000007.183, 155
Trd, 000007.933, 155
Trd, 000008.083, 150
Trd, 000008.200, 150
Trd, 000009.367, 156
Trd, 000010.217, 154
Trd, 000010.617, 156
Trd, 000010.800, 154
Trd, 000011.517, 153
Trd, 000011.883, 153
Trd, 000012.067, 152
Trd, 000012.700, 155
Trd, 000013.433, 157
Trd, 000013.883, 152
Trd, 000014.300, 152
Trd, 000014.850, 156
Trd, 000015.317, 151
Trd, 000015.967, 152
Trd, 000016.233, 150
Trd, 000016.333, 138
Trd, 000017.033, 133
Trd, 000017.367, 133
Trd, 000018.100, 142
Trd, 000018.700, 157
Trd, 000018.833, 153
Trd, 000019.033, 144
Trd, 000019.083, 160
Trd, 000019.617, 149
Trd, 000021.267, 154
Trd, 000021.767, 154
Trd, 000021.900, 154
Trd, 000022.167, 155
Trd, 000022.550, 153
Trd, 000022.583, 152
Trd, 000023.483, 154
Trd, 000024.517, 155
Trd, 000024.883, 151
Trd, 000025.133, 150
Trd, 000025.483, 150
Trd, 000025.667, 139
Trd, 000026.900, 154
Trd, 000028.267, 150
Trd, 000028.333, 150
Trd, 000028.633, 151
Trd, 000029.283, 150
Trd, 000029.850, 150
Trd, 000029.950, 151
Trd, 000030.083, 148
Trd, 000030.917, 146
Trd, 000031.150, 145
Trd, 000031.617, 158
Trd, 000031.983, 142
Trd, 000034.367, 149
Trd, 000034.417, 150
Trd, 000035.167, 150
Trd, 000035.250, 149
Trd, 000035.367, 151
Trd, 000035.583, 148
Trd, 000035.600, 147
Trd, 000036.483, 144
Trd, 000037.300, 147
Trd, 000037.833, 161
Trd, 000038.317, 162
Trd, 000038.333, 146
Trd, 000039.850, 151
Trd, 000039.983, 148
Trd, 000040.650, 156
Trd, 000041.000, 156
Trd, 000041.550, 157
Trd, 000043.067, 151
Trd, 000043.217, 155
Trd, 000044.450, 153
Trd, 000044.817, 153
Trd, 000044.867, 152
Trd, 000045.300, 154
Trd, 000045.317, 162
Trd, 000046.083, 151
Trd, 000046.367, 153
Trd, 000046.417, 159
Trd, 000047.033, 142
Trd, 000047.150, 144
Trd, 000047.750, 156
Trd, 000048.517, 151
Trd, 000049.150, 152
Trd, 000050.550, 154
Trd, 000050.967, 154
Trd, 000051.933, 136
Trd, 000052.417, 133
Trd, 000052.583, 140
Trd, 000052.733, 141
Trd, 000052.800, 142
Trd, 000055.050, 146
Trd, 000055.117, 145
Trd, 000055.783, 149
Trd, 000057.283, 148
Trd, 000057.467, 153
Trd, 000058.433, 154
Trd, 000058.883, 160
Trd, 000060.617, 155
Trd, 000061.200, 155
Trd, 000061.567, 158
Trd, 000061.700, 155
Trd, 000061.783, 154
Trd, 000063.467, 157
Trd, 000063.633, 154
Trd, 000064.083, 154
Trd, 000064.550, 151
Trd, 000064.633, 160
Trd, 000064.700, 143
Trd, 000066.350, 153
Trd, 000066.367, 152
Trd, 000066.583, 151
Trd, 000067.267, 154
Trd, 000068.900, 154
Trd, 000070.217, 158
Trd, 000071.333, 157
Trd, 000071.500, 156
Trd, 000072.383, 155
Trd, 000072.533, 162
Trd, 000072.750, 153
Trd, 000072.900, 165
Trd, 000073.167, 152
Trd, 000073.467, 151
Trd, 000074.350, 164
Trd, 000075.667, 161
Trd, 000075.800, 163
Trd, 000076.050, 162
Trd, 000076.133, 156
Trd, 000076.483, 155
Trd, 000076.883, 155
Trd, 000076.900, 144
Trd, 000078.217, 144
Trd, 000079.283, 145
Trd, 000079.600, 156
Trd, 000079.700, 157
Trd, 000081.417, 154
Trd, 000081.533, 153
Trd, 000082.617, 162
Trd, 000083.117, 162
Trd, 000083.550, 157
Trd, 000083.917, 156
Trd, 000084.017, 155
Trd, 000084.217, 153
Trd, 000084.867, 151
Trd, 000085.133, 151
Trd, 000086.300, 160
Trd, 000087.067, 143
Trd, 000087.700, 154
Trd, 000088.133, 152
Trd, 000089.200, 151
Trd, 000089.267, 155
Trd, 000090.367, 162
Trd, 000092.067, 160
Trd, 000092.483, 160
Trd, 000093.517, 164
Trd, 000093.533, 158
Trd, 000093.900, 157
Trd, 000094.233, 158
Trd, 000095.550, 158
Trd, 000095.783, 165
Trd, 000095.883, 167
Trd, 000096.017, 158
Trd, 000096.150, 157
Trd, 000096.183, 157
Trd, 000097.083, 161
Trd, 000097.383, 151
Trd, 000098.833, 153
Trd, 000099.350, 155
Trd, 000099.367, 152
Trd, 000100.300, 161
Trd, 000101.867, 159
Trd, 000102.033, 147
Trd, 000102.517, 161
Trd, 000103.017, 144
Trd, 000103.767, 158
Trd, 000104.350, 149
Trd, 000104.467, 157
Trd, 000105.300, 151
Trd, 000106.933, 150
Trd, 000107.683, 150
Trd, 000108.217, 155
Trd, 000108.567, 154
Trd, 000108.833, 153
Trd, 000109.667, 156
Trd, 000111.000, 158
Trd, 000112.100, 153
Trd, 000112.533, 152
Trd, 000114.150, 152
Trd, 000114.317, 151
Trd, 000114.650, 152
Trd, 000115.500, 153
Trd, 000115.767, 154
Trd, 000116.517, 149
Trd, 000117.483, 149
Trd, 000117.650, 138
Trd, 000117.783, 154
Trd, 000118.183, 150
Trd, 000118.500, 156
Trd, 000118.567, 159
Trd, 000119.933, 149
Trd, 000122.417, 160
Trd, 000123.983, 184
Trd, 000124.050, 187
Trd, 000124.150, 284
Trd, 000124.583, 320.0
Trd, 000125.100, 306.0
Trd, 000125.217, 326
Trd, 000125.400, 333.0
Trd, 000127.783, 334.0
Trd, 000128.833, 334.0
Trd, 000128.917, 337.0
Trd, 000129.417, 333.0
Trd, 000129.467, 338
Trd, 000129.617, 346
Trd, 000130.883, 333
Trd, 000131.233, 333
Trd, 000131.350, 334.0
Trd, 000132.567, 339
Trd, 000132.667, 337.0
Trd, 000132.717, 335
Trd, 000133.167, 334.0
Trd, 000133.700, 341
Trd, 000135.433, 337.0
Trd, 000135.617, 335.0
Trd, 000137.467, 339
Trd, 000137.750, 334
Trd, 000138.167, 344
Trd, 000139.167, 339
Trd, 000139.300, 337
Trd, 000140.250, 340
Trd, 000140.667, 338
Trd, 000141.300, 336.0
Trd, 000141.683, 337.0
Trd, 000141.733, 331.0
Trd, 000142.267, 345
Trd, 000142.400, 330
Trd, 000144.200, 351.0
Trd, 000145.000, 353
Trd, 000145.133, 352
Trd, 000145.167, 352
Trd, 000145.317, 354
Trd, 000145.467, 354
Trd, 000145.850, 355
Trd, 000146.900, 348
Trd, 000147.183, 344
Trd, 000147.500, 342
Trd, 000148.567, 341
Trd, 000149.150, 339
Trd, 000149.400, 341
Trd, 000151.467, 342
Trd, 000151.783, 355
Trd, 000153.767, 354
Trd, 000154.017, 350
Trd, 000154.417, 351
Trd, 000154.583, 360
Trd, 000154.750, 348.0
Trd, 000155.417, 348
Trd, 000155.517, 345
Trd, 000155.650, 351.0
Trd, 000156.700, 354
Trd, 000156.883, 355
Trd, 000158.850, 355
Trd, 000159.050, 355
Trd, 000160.317, 353.0
Trd, 000160.367, 351.0
Trd, 000160.567, 348
Trd, 000161.117, 348.0
Trd, 000161.183, 353.0
Trd, 000161.233, 342
Trd, 000161.950, 344
Trd, 000162.250, 356.0
Trd, 000163.017, 346
Trd, 000163.267, 346
Trd, 000164.567, 345
Trd, 000165.717, 339.0
Trd, 000166.117, 340
Trd, 000166.267, 344
Trd, 000166.600, 342
Trd, 000167.000, 348.0
Trd, 000168.083, 343
Trd, 000168.217, 350
Trd, 000169.483, 348
Trd, 000170.283, 348
Trd, 000170.700, 348.0
Trd, 000171.683, 346
Trd, 000171.783, 346
Trd, 000171.817, 341
Trd, 000172.800, 342
Trd, 000174.800, 340
Trd, 000175.083, 339
Trd, 000176.417, 339
Trd, 000176.800, 340
Trd, 000176.850, 338
Trd, 000177.017, 334
Trd, 000177.767, 333
Trd, 000178.817, 343
Trd, 000179.033, 340
Trd, 000179.267, 344
Trd, 000179.517, 348.0
Trd, 000180.233, 357.0
Trd, 000180.683, 349
Trd, 000181.383, 351.0
Trd, 000181.600, 353
Trd, 000181.783, 354
Trd, 000181.900, 348.0
Trd, 000181.967, 337.0
Trd, 000182.150, 327.0
Trd, 000182.500, 307
Trd, 000182.667, 300.0
Trd, 000182.700, 300
Trd, 000183.750, 220
Trd, 000185.100, 214
Trd, 000185.750, 190
Trd, 000186.050, 189
Trd, 000186.767, 176
Trd, 000186.900, 169
Trd, 000187.383, 166
Trd, 000188.433, 191
Trd, 000189.317, 196
Trd, 000189.617, 189
Trd, 000191.350, 187
Trd, 000191.633, 178
Trd, 000192.750, 179
Trd, 000192.800, 177
Trd, 000193.367, 173
Trd, 000194.067, 176
Trd, 000194.517, 174
Trd, 000194.617, 172
Trd, 000196.233, 170
Trd, 000197.250, 166
Trd, 000198.500, 171
Trd, 000198.733, 170
Trd, 000198.800, 171
Trd, 000200.150, 175
Trd, 000200.500, 169
Trd, 000201.183, 174
Trd, 000201.483, 173
Trd, 000202.100, 173
Trd, 000202.283, 171
Trd, 000203.083, 171
Trd, 000203.983, 173
Trd, 000205.033, 173
Trd, 000205.100, 172
Trd, 000205.467, 170
Trd, 000206.800, 169
Trd, 000207.033, 170
Trd, 000207.483, 170
Trd, 000207.983, 171
Trd, 000208.417, 169
Trd, 000209.183, 170
Trd, 000209.217, 171
Trd, 000209.367, 172
Trd, 000209.533, 175
Trd, 000210.967, 172
Trd, 000211.350, 176
Trd, 000211.517, 172
Trd, 000211.633, 171
Trd, 000212.083, 176
Trd, 000212.100, 170
Trd, 000212.917, 164
Trd, 000214.050, 166
Trd, 000214.350, 176
Trd, 000214.983, 173
Trd, 000215.350, 171
Trd, 000216.050, 170
Trd, 000216.167, 169
Trd, 000216.900, 173
Trd, 000217.167, 169
Trd, 000218.450, 172
Trd, 000218.833, 175
Trd, 000218.983, 178
Trd, 000219.500, 172
Trd, 000219.567, 172
Trd, 000220.517, 171
Trd, 000221.617, 170
Trd, 000221.733, 169
Trd, 000222.017, 169
Trd, 000222.350, 160
Trd, 000224.467, 171
Trd, 000225.117, 174
Trd, 000225.667, 178
Trd, 000226.217, 170
Trd, 000226.533, 168
Trd, 000226.667, 168
Trd, 000226.917, 171
Trd, 000227.667, 172
Trd, 000228.017, 171
Trd, 000228.867, 172
Trd, 000229.567, 172
Trd, 000230.733, 173
Trd, 000231.717, 176
Trd, 000231.883, 174
Trd, 000232.083, 173
Trd, 000232.950, 175
Trd, 000233.317, 171
Trd, 000233.900, 171
Trd, 000234.017, 176
Trd, 000234.100, 171
Trd, 000234.600, 171
Trd, 000234.617, 175
Trd, 000234.983, 176
Trd, 000236.967, 175
Trd, 000237.067, 175
Trd, 000237.267, 174
Trd, 000237.750, 172
Trd, 000238.100, 172
Trd, 000238.783, 173
Trd, 000239.483, 177
Trd, 000240.117, 173
Trd, 000240.400, 174
Trd, 000240.933, 172
Trd, 000241.050, 176
Trd, 000242.100, 178
Trd, 000242.683, 175
Trd, 000242.717, 172
Trd, 000243.017, 177
Trd, 000243.633, 175
Trd, 000243.933, 172
Trd, 000244.800, 171
Trd, 000244.833, 175
Trd, 000245.283, 173
Trd, 000245.583, 176
Trd, 000246.417, 180
Trd, 000246.717, 180
Trd, 000247.067, 182
Trd, 000247.167, 173
Trd, 000248.117, 178
Trd, 000248.783, 177
Trd, 000250.183, 179
Trd, 000250.200, 180
Trd, 000250.583, 178
Trd, 000250.767, 177
Trd, 000251.167, 176
Trd, 000251.400, 179
Trd, 000251.883, 177
Trd, 000252.167, 179
Trd, 000252.967, 176
Trd, 000253.067, 176
Trd, 000253.333, 175
Trd, 000253.750, 174
Trd, 000254.150, 173
Trd, 000255.333, 180
Trd, 000256.050, 180
Trd, 000256.150, 179
Trd, 000256.867, 183
Trd, 000257.733, 177
Trd, 000258.233, 169
Trd, 000259.017, 177
Trd, 000259.300, 179
Trd, 000259.833, 182
Trd, 000260.733, 179
Trd, 000261.383, 180
Trd, 000261.433, 181
Trd, 000261.667, 179
Trd, 000261.767, 179
Trd, 000262.583, 174
Trd, 000263.150, 170
Trd, 000263.367, 178
Trd, 000264.867, 177
Trd, 000264.883, 174
Trd, 000264.983, 173
Trd, 000265.017, 179
Trd, 000265.500, 182
Trd, 000265.950, 179
Trd, 000265.983, 178
Trd, 000266.517, 182
Trd, 000267.533, 182
Trd, 000268.100, 186
Trd, 000268.533, 180
Trd, 000269.017, 184
Trd, 000269.317, 185
Trd, 000269.717, 188
Trd, 000269.817, 185
Trd, 000270.083, 188
Trd, 000270.300, 187
Trd, 000270.750, 183
Trd, 000270.817, 182
Trd, 000270.900, 178
Trd, 000271.433, 175
Trd, 000271.917, 176
Trd, 000272.117, 169
Trd, 000273.450, 171
Trd, 000273.767, 185
Trd, 000273.800, 164
Trd, 000274.767, 174
Trd, 000275.317, 180
Trd, 000275.383, 180
Trd, 000275.450, 178
Trd, 000276.250, 182
Trd, 000276.350, 177
Trd, 000277.467, 179
Trd, 000277.533, 178
Trd, 000277.850, 179
Trd, 000279.150, 182
Trd, 000279.450, 181
Trd, 000279.483, 176
Trd, 000280.067, 176
Trd, 000280.167, 174
Trd, 000281.517, 180
Trd, 000281.583, 176
Trd, 000281.683, 181
Trd, 000281.867, 186
Trd, 000282.183, 185
Trd, 000282.533, 177
Trd, 000283.117, 180
Trd, 000283.167, 179
Trd, 000284.333, 172
Trd, 000285.367, 179
Trd, 000285.500, 176
Trd, 000285.967, 167
Trd, 000286.033, 180
Trd, 000286.617, 180
Trd, 000287.283, 180
Trd, 000288.250, 173
Trd, 000288.583, 180
Trd, 000289.333, 174
Trd, 000289.667, 178
Trd, 000290.683, 180
Trd, 000291.783, 177
Trd, 000291.850, 175
Trd, 000292.300, 175
Trd, 000292.367, 182
Trd, 000292.617, 174
Trd, 000293.017, 183
Trd, 000293.383, 184
Trd, 000293.683, 176
Trd, 000294.067, 181
Trd, 000294.250, 174
Trd, 000294.550, 162
Trd, 000294.783, 187
Trd, 000295.083, 189
Trd, 000295.367, 183
Trd, 000295.417, 180
Trd, 000295.667, 178
Trd, 000297.833, 178
Trd, 000298.800, 178
Trd, 000299.250, 179
Trd, 000299.450, 184
