Trd, 000000.600, 141
Trd, 000001.050, 123
Trd, 000002.650, 147
Trd, 000003.817, 148
Trd, 000003.867, 146
Trd, 000004.400, 156
Trd, 000004.667, 172
Trd, 000005.233, 169
Trd, 000005.767, 148
Trd, 000006.283, 166
Trd, 000007.383, 158
Trd, 000007.867, 158
Trd, 000008.217, 157
Trd, 000008.917, 157
Trd, 000009.067, 158
Trd, 000009.567, 156
Trd, 000009.800, 157
Trd, 000010.333, 155
Trd, 000011.217, 152
Trd, 000011.700, 146
Trd, 000012.517, 152
Trd, 000013.033, 152
Trd, 000013.083, 152
Trd, 000013.117, 150
Trd, 000014.133, 151
Trd, 000014.333, 152
Trd, 000014.867, 149
Trd, 000015.683, 149
Trd, 000016.117, 150
Trd, 000016.217, 153
Trd, 000018.400, 150
Trd, 000018.417, 150
Trd, 000018.783, 151
Trd, 000018.833, 150
Trd, 000019.017, 150
Trd, 000019.833, 153
Trd, 000021.367, 151
Trd, 000021.767, 149
Trd, 000023.383, 149
Trd, 000023.550, 150
Trd, 000023.717, 148
Trd, 000023.983, 147
Trd, 000024.100, 147
Trd, 000024.967, 149
Trd, 000025.300, 147
Trd, 000025.433, 147
Trd, 000025.650, 147
Trd, 000026.583, 146
Trd, 000027.333, 145
Trd, 000027.350, 145
Trd, 000028.583, 144
Trd, 000028.917, 144
Trd, 000029.083, 146
Trd, 000029.917, 149
Trd, 000030.300, 153
Trd, 000030.567, 152
Trd, 000030.833, 154
Trd, 000030.933, 152
Trd, 000031.000, 157
Trd, 000032.533, 146
Trd, 000032.767, 145
Trd, 000033.383, 144
Trd, 000033.933, 151
Trd, 000034.917, 148
Trd, 000035.017, 148
Trd, 000035.183, 148
Trd, 000035.800, 147
Trd, 000037.167, 149
Trd, 000037.533, 147
Trd, 000037.567, 146
Trd, 000037.950, 147
Trd, 000038.717, 146
Trd, 000039.083, 147
Trd, 000039.200, 145
Trd, 000039.267, 145
Trd, 000041.367, 149
Trd, 000041.550, 151
Trd, 000042.467, 154
Trd, 000042.700, 155
Trd, 000043.133, 153
Trd, 000043.217, 151
Trd, 000044.267, 152
Trd, 000044.850, 158
Trd, 000045.650, 155
Trd, 000045.900, 154
Trd, 000046.717, 153
Trd, 000047.300, 153
Trd, 000048.733, 153
Trd, 000049.150, 152
Trd, 000049.967, 151
Trd, 000050.200, 150
Trd, 000050.567, 152
Trd, 000051.183, 150
Trd, 000051.733, 149
Trd, 000052.117, 152
Trd, 000052.133, 148
Trd, 000052.933, 150
Trd, 000053.517, 148
Trd, 000053.683, 155
Trd, 000053.783, 146
Trd, 000054.017, 155
Trd, 000055.433, 151
Trd, 000056.450, 153
Trd, 000056.933, 152
Trd, 000058.417, 151
Trd, 000058.700, 151
Trd, 000058.833, 151
Trd, 000059.333, 151
Trd, 000059.367, 150
Trd, 000060.200, 150
Trd, 000060.450, 149
Trd, 000060.583, 148
Trd, 000060.950, 148
Trd, 000061.917, 149
Trd, 000061.967, 147
Trd, 000062.400, 151
Trd, 000062.517, 147
Trd, 000064.083, 157
Trd, 000065.250, 155
Trd, 000065.700, 157
Trd, 000066.733, 154
Trd, 000067.767, 154
Trd, 000067.883, 154
Trd, 000068.183, 154
Trd, 000068.433, 153
Trd, 000069.000, 154
Trd, 000069.283, 154
Trd, 000069.617, 162
Trd, 000071.733, 157
Trd, 000071.750, 158
Trd, 000072.133, 153
Trd, 000074.033, 152
Trd, 000074.850, 154
Trd, 000075.517, 153
Trd, 000075.683, 153
Trd, 000075.817, 152
Trd, 000075.850, 154
Trd, 000075.900, 152
Trd, 000077.167, 150
Trd, 000077.650, 154
Trd, 000078.250, 150
Trd, 000078.400, 151
Trd, 000078.767, 150
Trd, 000079.433, 151
Trd, 000079.783, 150
Trd, 000079.933, 153
Trd, 000082.717, 151
Trd, 000082.783, 152
Trd, 000083.000, 150
Trd, 000083.550, 150
Trd, 000083.867, 150
Trd, 000084.617, 152
Trd, 000084.700, 151
Trd, 000085.533, 151
Trd, 000086.467, 151
Trd, 000086.967, 151
Trd, 000087.250, 151
Trd, 000088.117, 151
Trd, 000088.567, 152
Trd, 000089.967, 154
Trd, 000090.550, 151
Trd, 000090.567, 151
Trd, 000090.650, 154
Trd, 000091.700, 153
Trd, 000091.883, 152
Trd, 000092.383, 159
Trd, 000092.533, 152
Trd, 000093.467, 156
Trd, 000093.833, 175
Trd, 000094.367, 164
Trd, 000094.783, 161
Trd, 000095.533, 160
Trd, 000096.167, 158
Trd, 000097.550, 160
Trd, 000098.183, 157
Trd, 000098.950, 160
Trd, 000098.967, 157
Trd, 000100.017, 157
Trd, 000100.167, 157
Trd, 000100.750, 156
Trd, 000101.567, 155
Trd, 000102.067, 154
Trd, 000102.117, 154
Trd, 000102.383, 154
Trd, 000102.850, 152
Trd, 000103.350, 155
Trd, 000103.950, 155
Trd, 000104.667, 152
Trd, 000105.050, 156
Trd, 000105.233, 161
Trd, 000106.567, 153
Trd, 000106.617, 152
Trd, 000107.150, 154
Trd, 000107.583, 155
Trd, 000108.150, 155
Trd, 000109.700, 159
Trd, 000110.150, 158
Trd, 000110.267, 158
Trd, 000110.283, 159
Trd, 000110.850, 161
Trd, 000111.117, 158
Trd, 000111.433, 159
Trd, 000111.733, 160
Trd, 000111.983, 159
Trd, 000112.150, 155
Trd, 000112.600, 160
Trd, 000113.117, 154
Trd, 000113.783, 159
Trd, 000114.883, 159
Trd, 000116.900, 157
Trd, 000117.133, 160
Trd, 000118.200, 163
Trd, 000119.500, 158
Trd, 000119.567, 158
Trd, 000119.617, 157
Trd, 000120.467, 158
Trd, 000121.567, 159
Trd, 000121.833, 159
Trd, 000121.967, 160
Trd, 000122.533, 191
Trd, 000122.800, 205
Trd, 000122.950, 220
Trd, 000123.000, 251
Trd, 000123.400, 298
Trd, 000123.417, 267
Trd, 000123.433, 303.0
Trd, 000123.617, 303
Trd, 000123.833, 307
Trd, 000123.967, 270
Trd, 000125.733, 331.0
Trd, 000125.800, 336.0
Trd, 000125.933, 336.0
Trd, 000126.783, 334.0
Trd, 000127.633, 336.0
Trd, 000127.700, 337.0
Trd, 000127.833, 341.0
Trd, 000129.867, 334
Trd, 000130.150, 334.0
Trd, 000130.600, 335.0
Trd, 000131.133, 335
Trd, 000131.383, 335
Trd, 000132.433, 335.0
Trd, 000133.067, 336.0
Trd, 000133.383, 334
Trd, 000133.950, 337.0
Trd, 000134.317, 333
Trd, 000135.283, 331
Trd, 000136.300, 331.0
Trd, 000136.550, 331
Trd, 000138.817, 335.0
Trd, 000138.967, 336.0
Trd, 000139.467, 337.0
Trd, 000139.867, 337
Trd, 000140.400, 337
Trd, 000140.600, 336.0
Trd, 000140.883, 335
Trd, 000141.333, 334.0
Trd, 000141.933, 334
Trd, 000142.067, 335
Trd, 000144.400, 334.0
Trd, 000144.417, 335
Trd, 000145.050, 336
Trd, 000145.783, 336
Trd, 000145.950, 335
Trd, 000146.617, 336
Trd, 000147.117, 335
Trd, 000147.167, 336.0
Trd, 000147.900, 337.0
Trd, 000148.817, 337
Trd, 000149.533, 336
Trd, 000150.017, 336
Trd, 000150.550, 336
Trd, 000150.950, 336
Trd, 000151.017, 337.0
Trd, 000151.817, 340.0
Trd, 000153.900, 337.0
Trd, 000154.717, 336
Trd, 000155.283, 337
Trd, 000155.950, 335
Trd, 000156.317, 336.0
Trd, 000156.883, 334
Trd, 000157.167, 337.0
Trd, 000158.417, 337
Trd, 000159.083, 338
Trd, 000159.300, 341.0
Trd, 000159.883, 338
Trd, 000160.400, 338
Trd, 000160.417, 350.0
Trd, 000160.600, 337
Trd, 000162.233, 340
Trd, 000163.300, 338
Trd, 000164.333, 336
Trd, 000164.683, 340.0
Trd, 000164.883, 341.0
Trd, 000165.283, 342
Trd, 000165.450, 340
Trd, 000165.550, 341
Trd, 000166.083, 350.0
Trd, 000167.250, 341
Trd, 000168.517, 347
Trd, 000169.133, 346
Trd, 000169.333, 345.0
Trd, 000169.667, 344.0
Trd, 000169.750, 341
Trd, 000170.783, 339
Trd, 000171.650, 344.0
Trd, 000172.150, 344.0
Trd, 000172.667, 346.0
Trd, 000172.733, 351.0
Trd, 000174.250, 344
Trd, 000174.783, 343
Trd, 000174.917, 341.0
Trd, 000176.183, 342
Trd, 000176.350, 342
Trd, 000176.617, 340
Trd, 000176.867, 340
Trd, 000177.217, 340
Trd, 000178.183, 343
Trd, 000178.283, 342
Trd, 000178.450, 343
Trd, 000178.783, 343
Trd, 000178.867, 343
Trd, 000179.833, 341
Trd, 000180.683, 341
Trd, 000181.500, 340
Trd, 000181.567, 338
Trd, 000182.000, 339
Trd, 000182.067, 336
Trd, 000182.217, 334.0
Trd, 000182.383, 333
Trd, 000183.150, 339
Trd, 000183.317, 324.0
Trd, 000184.033, 317.0
Trd, 000184.933, 327
Trd, 000185.217, 200
Trd, 000185.533, 197
Trd, 000185.800, 180
Trd, 000186.033, 169
Trd, 000186.567, 170
Trd, 000186.833, 169
Trd, 000188.900, 169
Trd, 000188.917, 169
Trd, 000189.500, 168
Trd, 000189.800, 171
Trd, 000190.717, 171
Trd, 000191.083, 172
Trd, 000191.233, 170
Trd, 000191.333, 169
Trd, 000192.217, 169
Trd, 000192.600, 168
Trd, 000192.967, 168
Trd, 000194.850, 170
Trd, 000194.883, 168
Trd, 000194.950, 166
Trd, 000195.133, 166
Trd, 000195.317, 166
Trd, 000196.517, 165
Trd, 000197.000, 164
Trd, 000197.067, 165
Trd, 000197.117, 166
Trd, 000198.233, 166
Trd, 000199.400, 164
Trd, 000199.700, 164
Trd, 000199.783, 168
Trd, 000200.583, 166
Trd, 000200.700, 164
Trd, 000200.750, 165
Trd, 000201.133, 163
Trd, 000201.400, 163
Trd, 000203.067, 164
Trd, 000203.600, 165
Trd, 000204.450, 162
Trd, 000204.517, 159
Trd, 000204.967, 162
Trd, 000205.800, 163
Trd, 000206.783, 162
Trd, 000207.017, 162
Trd, 000207.150, 161
Trd, 000207.683, 161
Trd, 000208.133, 163
Trd, 000209.167, 162
Trd, 000209.333, 166
Trd, 000210.433, 164
Trd, 000211.217, 164
Trd, 000211.483, 163
Trd, 000212.367, 167
Trd, 000212.450, 172
Trd, 000212.900, 169
Trd, 000213.850, 169
Trd, 000213.917, 167
Trd, 000214.783, 166
Trd, 000214.833, 167
Trd, 000215.783, 168
Trd, 000216.633, 165
Trd, 000217.950, 165
Trd, 000218.133, 166
Trd, 000218.267, 168
Trd, 000220.217, 164
Trd, 000220.267, 163
Trd, 000221.200, 165
Trd, 000221.267, 164
Trd, 000221.283, 164
Trd, 000222.283, 167
Trd, 000223.317, 167
Trd, 000224.217, 166
Trd, 000224.683, 167
Trd, 000224.850, 165
Trd, 000225.100, 164
Trd, 000225.650, 164
Trd, 000225.700, 167
Trd, 000227.950, 178
Trd, 000228.217, 177
Trd, 000228.250, 175
Trd, 000228.867, 178
Trd, 000228.933, 173
Trd, 000229.450, 171
Trd, 000230.017, 174
Trd, 000230.200, 174
Trd, 000231.200, 174
Trd, 000231.683, 173
Trd, 000231.900, 173
Trd, 000231.983, 172
Trd, 000232.700, 174
Trd, 000232.867, 185
Trd, 000233.583, 173
Trd, 000234.600, 172
Trd, 000235.300, 173
Trd, 000236.467, 172
Trd, 000236.967, 174
Trd, 000239.000, 174
Trd, 000240.033, 174
Trd, 000240.467, 175
Trd, 000240.550, 174
Trd, 000240.650, 174
Trd, 000240.733, 173
Trd, 000241.633, 175
Trd, 000241.667, 176
Trd, 000241.800, 177
Trd, 000242.217, 176
Trd, 000242.683, 175
Trd, 000242.767, 176
Trd, 000242.900, 175
Trd, 000245.100, 175
Trd, 000245.450, 178
Trd, 000245.650, 178
Trd, 000245.900, 177
Trd, 000246.117, 177
Trd, 000246.583, 176
Trd, 000246.733, 175
Trd, 000248.350, 174
Trd, 000248.917, 173
Trd, 000249.117, 174
Trd, 000249.200, 171
Trd, 000249.267, 173
Trd, 000250.850, 180
Trd, 000251.100, 179
Trd, 000251.733, 181
Trd, 000251.833, 179
Trd, 000251.933, 177
Trd, 000252.600, 180
Trd, 000252.617, 181
Trd, 000252.717, 184
Trd, 000253.200, 192
Trd, 000253.700, 191
Trd, 000253.983, 185
Trd, 000255.517, 185
Trd, 000255.633, 184
Trd, 000255.800, 184
Trd, 000255.933, 182
Trd, 000256.050, 182
Trd, 000257.700, 182
Trd, 000258.217, 181
Trd, 000258.750, 177
Trd, 000259.133, 176
Trd, 000259.150, 174
Trd, 000259.583, 171
Trd, 000260.283, 171
Trd, 000260.400, 174
Trd, 000260.650, 176
Trd, 000260.933, 177
Trd, 000261.483, 178
Trd, 000261.800, 181
Trd, 000262.150, 173
Trd, 000262.550, 187
Trd, 000263.383, 180
Trd, 000263.467, 181
Trd, 000264.400, 179
Trd, 000264.850, 176
Trd, 000265.183, 178
Trd, 000265.283, 176
Trd, 000265.517, 178
Trd, 000265.933, 178
Trd, 000267.517, 170
Trd, 000268.200, 175
Trd, 000269.317, 173
Trd, 000269.883, 174
Trd, 000270.117, 175
Trd, 000270.267, 172
Trd, 000270.567, 173
Trd, 000270.600, 171
Trd, 000270.650, 171
Trd, 000270.867, 175
Trd, 000272.417, 171
Trd, 000273.050, 170
Trd, 000273.883, 171
Trd, 000274.550, 169
Trd, 000276.083, 174
Trd, 000276.550, 170
Trd, 000277.083, 169
Trd, 000277.250, 173
Trd, 000277.767, 173
Trd, 000277.833, 173
Trd, 000278.800, 170
Trd, 000278.817, 169
Trd, 000280.233, 170
Trd, 000280.567, 176
Trd, 000281.683, 170
Trd, 000282.900, 170
Trd, 000282.967, 169
Trd, 000283.050, 168
Trd, 000283.583, 169
Trd, 000283.933, 171
Trd, 000284.083, 170
Trd, 000284.133, 178
Trd, 000284.333, 179
Trd, 000284.550, 169
Trd, 000284.633, 168
Trd, 000285.850, 176
Trd, 000285.867, 176
Trd, 000287.733, 180
Trd, 000288.883, 179
Trd, 000289.200, 177
Trd, 000289.283, 180
Trd, 000290.000, 174
Trd, 000290.517, 178
Trd, 000290.900, 182
Trd, 000291.367, 176
Trd, 000293.600, 181
Trd, 000293.700, 184
Trd, 000294.100, 183
Trd, 000294.633, 184
Trd, 000295.400, 188
Trd, 000295.517, 184
Trd, 000295.583, 183
Trd, 000295.900, 182
Trd, 000295.983, 189
Trd, 000296.800, 185
Trd, 000297.783, 186
Trd, 000297.850, 189
Trd, 000298.483, 180
Trd, 000299.250, 190
