Trd, 000001.500, 103
Trd, 000001.867, 108
Trd, 000002.033, 162
Trd, 000003.383, 151
Trd, 000003.967, 141
Trd, 000004.483, 158
Trd, 000004.817, 169
Trd, 000004.933, 170
Trd, 000005.083, 163
Trd, 000005.867, 173
Trd, 000006.250, 140
Trd, 000006.283, 138
Trd, 000006.633, 137
Trd, 000007.883, 174
Trd, 000008.850, 172
Trd, 000010.167, 165
Trd, 000010.583, 165
Trd, 000010.983, 171
Trd, 000011.200, 163
Trd, 000011.483, 158
Trd, 000011.717, 157
Trd, 000012.233, 166
Trd, 000012.850, 164
Trd, 000012.950, 165
Trd, 000013.200, 166
Trd, 000015.217, 163
Trd, 000015.533, 164
Trd, 000016.350, 161
Trd, 000016.867, 164
Trd, 000017.217, 163
Trd, 000018.000, 164
Trd, 000018.133, 160
Trd, 000018.750, 162
Trd, 000018.817, 153
Trd, 000019.417, 151
Trd, 000019.817, 163
Trd, 000019.850, 156
Trd, 000020.833, 161
Trd, 000021.033, 154
Trd, 000021.150, 138
Trd, 000021.417, 152
Trd, 000021.717, 159
Trd, 000022.117, 155
Trd, 000022.183, 144
Trd, 000022.733, 150
Trd, 000023.683, 167
Trd, 000024.717, 162
Trd, 000024.783, 157
Trd, 000025.300, 161
Trd, 000026.500, 165
Trd, 000027.200, 164
Trd, 000028.200, 174
Trd, 000028.850, 174
Trd, 000029.583, 164
Trd, 000029.867, 154
Trd, 000030.567, 140
Trd, 000030.700, 161
Trd, 000030.900, 149
Trd, 000031.033, 162
Trd, 000031.150, 163
Trd, 000031.700, 164
Trd, 000031.950, 167
Trd, 000032.500, 141
Trd, 000033.450, 159
Trd, 000033.467, 154
Trd, 000033.483, 153
Trd, 000034.133, 145
Trd, 000034.217, 123
Trd, 000035.017, 143
Trd, 000035.217, 149
Trd, 000035.233, 154
Trd, 000035.550, 149
Trd, 000036.483, 149
Trd, 000036.767, 150
Trd, 000037.000, 140
Trd, 000037.783, 152
Trd, 000038.350, 150
Trd, 000038.467, 160
Trd, 000039.767, 161
Trd, 000040.250, 160
Trd, 000040.483, 150
Trd, 000040.983, 162
Trd, 000041.167, 150
Trd, 000041.433, 159
Trd, 000041.633, 179
Trd, 000041.750, 144
Trd, 000043.333, 173
Trd, 000043.383, 190
Trd, 000043.767, 168
Trd, 000044.017, 155
Trd, 000044.550, 155
Trd, 000044.617, 141
Trd, 000044.650, 169
Trd, 000045.933, 162
Trd, 000046.900, 161
Trd, 000047.167, 147
Trd, 000047.283, 148
Trd, 000047.500, 143
Trd, 000048.017, 155
Trd, 000048.500, 155
Trd, 000049.233, 155
Trd, 000049.383, 154
Trd, 000049.433, 157
Trd, 000049.467, 150
Trd, 000050.483, 161
Trd, 000052.400, 152
Trd, 000053.333, 148
Trd, 000053.783, 149
Trd, 000054.167, 147
Trd, 000054.650, 148
Trd, 000054.700, 145
Trd, 000055.217, 149
Trd, 000055.250, 150
Trd, 000055.617, 150
Trd, 000055.883, 145
Trd, 000057.650, 145
Trd, 000057.700, 142
Trd, 000058.283, 151
Trd, 000058.383, 130
Trd, 000058.650, 157
Trd, 000059.083, 163
Trd, 000059.133, 159
Trd, 000059.683, 161
Trd, 000059.767, 161
Trd, 000060.000, 153
Trd, 000060.767, 157
Trd, 000060.867, 160
Trd, 000061.067, 164
Trd, 000061.733, 160
Trd, 000062.450, 156
Trd, 000062.683, 158
Trd, 000062.767, 159
Trd, 000063.183, 157
Trd, 000063.533, 158
Trd, 000063.633, 187
Trd, 000064.950, 156
Trd, 000065.817, 160
Trd, 000065.967, 157
Trd, 000066.917, 144
Trd, 000067.967, 158
Trd, 000068.000, 158
Trd, 000068.833, 148
Trd, 000068.850, 163
Trd, 000069.267, 150
Trd, 000069.683, 157
Trd, 000070.000, 147
Trd, 000070.167, 158
Trd, 000070.433, 158
Trd, 000070.583, 157
Trd, 000071.883, 153
Trd, 000072.483, 152
Trd, 000072.583, 147
Trd, 000072.617, 146
Trd, 000073.033, 150
Trd, 000073.667, 144
Trd, 000074.083, 149
Trd, 000074.700, 149
Trd, 000075.367, 151
Trd, 000075.600, 151
Trd, 000076.150, 145
Trd, 000076.700, 153
Trd, 000077.750, 152
Trd, 000077.900, 158
Trd, 000078.417, 156
Trd, 000078.483, 166
Trd, 000079.417, 160
Trd, 000080.500, 155
Trd, 000080.750, 156
Trd, 000081.400, 154
Trd, 000081.850, 157
Trd, 000082.333, 158
Trd, 000082.600, 154
Trd, 000084.333, 153
Trd, 000084.500, 148
Trd, 000084.567, 153
Trd, 000085.033, 145
Trd, 000085.167, 154
Trd, 000085.317, 154
Trd, 000085.883, 142
Trd, 000085.967, 155
Trd, 000086.000, 156
Trd, 000086.250, 148
Trd, 000086.350, 159
Trd, 000086.800, 167
Trd, 000088.033, 167
Trd, 000088.200, 149
Trd, 000088.367, 194
Trd, 000088.633, 146
Trd, 000088.750, 134
Trd, 000090.883, 149
Trd, 000090.900, 159
Trd, 000091.567, 148
Trd, 000092.467, 154
Trd, 000092.983, 150
Trd, 000093.483, 154
Trd, 000093.733, 149
Trd, 000093.950, 148
Trd, 000094.183, 156
Trd, 000094.633, 148
Trd, 000094.733, 146
Trd, 000094.900, 155
Trd, 000095.500, 155
Trd, 000095.533, 146
Trd, 000095.633, 160
Trd, 000096.517, 164
Trd, 000097.833, 155
Trd, 000098.150, 156
Trd, 000098.233, 157
Trd, 000098.383, 151
Trd, 000098.483, 156
Trd, 000098.750, 156
Trd, 000099.050, 149
Trd, 000099.117, 158
Trd, 000099.583, 167
Trd, 000099.717, 143
Trd, 000100.367, 141
Trd, 000100.550, 146
Trd, 000101.900, 156
Trd, 000102.383, 147
Trd, 000102.850, 154
Trd, 000103.250, 150
Trd, 000103.700, 146
Trd, 000104.383, 152
Trd, 000105.150, 153
Trd, 000105.250, 154
Trd, 000105.800, 161
Trd, 000105.817, 163
Trd, 000106.467, 145
Trd, 000106.950, 146
Trd, 000107.583, 157
Trd, 000107.700, 155
Trd, 000107.833, 145
Trd, 000108.317, 168
Trd, 000108.733, 162
Trd, 000109.800, 161
Trd, 000110.417, 158
Trd, 000110.667, 160
Trd, 000110.933, 156
Trd, 000110.950, 156
Trd, 000111.617, 157
Trd, 000111.933, 159
Trd, 000112.083, 160
Trd, 000114.067, 145
Trd, 000114.550, 149
Trd, 000114.650, 153
Trd, 000115.267, 161
Trd, 000115.350, 162
Trd, 000115.450, 159
Trd, 000115.600, 164
Trd, 000116.500, 193
Trd, 000117.000, 166
Trd, 000117.067, 161
Trd, 000118.483, 170
Trd, 000119.433, 163
Trd, 000119.567, 164
Trd, 000119.700, 170
Trd, 000120.317, 174
Trd, 000120.700, 163
Trd, 000121.017, 170
Trd, 000121.133, 171
Trd, 000121.800, 192
Trd, 000122.033, 184
Trd, 000122.500, 193
Trd, 000122.667, 194
Trd, 000123.000, 198
Trd, 000123.283, 208
Trd, 000123.433, 278
Trd, 000123.517, 280
Trd, 000124.617, 308.0
Trd, 000124.800, 313.0
Trd, 000125.433, 334.0
Trd, 000125.883, 337.0
Trd, 000126.783, 335
Trd, 000127.283, 336
Trd, 000128.000, 337
Trd, 000128.767, 338
Trd, 000128.917, 342
Trd, 000129.217, 324.0
Trd, 000130.300, 333
Trd, 000130.450, 330
Trd, 000130.767, 337
Trd, 000131.283, 335
Trd, 000132.000, 328
Trd, 000132.533, 341
Trd, 000132.917, 343
Trd, 000133.100, 346
Trd, 000133.500, 334.0
Trd, 000134.033, 345
Trd, 000134.067, 334
Trd, 000134.683, 345
Trd, 000135.033, 351.0
Trd, 000135.100, 353
Trd, 000136.633, 350
Trd, 000136.950, 350
Trd, 000137.350, 349
Trd, 000137.750, 357
Trd, 000137.850, 337.0
Trd, 000138.600, 335
Trd, 000138.700, 358
Trd, 000139.900, 353
Trd, 000140.267, 354
Trd, 000140.600, 354
Trd, 000141.433, 345
Trd, 000141.800, 351
Trd, 000141.867, 349
Trd, 000142.700, 350
Trd, 000142.967, 351
Trd, 000143.500, 351
Trd, 000143.517, 352
Trd, 000144.083, 351
Trd, 000144.850, 348
Trd, 000145.017, 345
Trd, 000145.183, 342
Trd, 000146.283, 343
Trd, 000146.667, 338
Trd, 000147.733, 337.0
Trd, 000149.033, 344
Trd, 000149.183, 345
Trd, 000149.400, 345
Trd, 000149.983, 345
Trd, 000150.050, 336
Trd, 000150.300, 344
Trd, 000150.467, 344
Trd, 000150.633, 351.0
Trd, 000150.683, 335
Trd, 000151.433, 343
Trd, 000151.783, 357
Trd, 000151.967, 342
Trd, 000152.750, 351
Trd, 000153.117, 345
Trd, 000153.583, 351
Trd, 000154.333, 351
Trd, 000154.433, 342
Trd, 000155.167, 340
Trd, 000156.000, 348
Trd, 000157.183, 345
Trd, 000157.633, 345
Trd, 000157.700, 339
Trd, 000158.017, 337.0
Trd, 000158.183, 346
Trd, 000158.417, 348
Trd, 000158.583, 349
Trd, 000159.067, 348
Trd, 000159.150, 349
Trd, 000159.883, 348
Trd, 000160.333, 339
Trd, 000160.667, 351.0
Trd, 000160.683, 337.0
Trd, 000160.883, 339
Trd, 000161.033, 337
Trd, 000162.433, 337
Trd, 000163.217, 325
Trd, 000163.417, 337
Trd, 000164.333, 334
Trd, 000164.367, 334.0
Trd, 000164.833, 338
Trd, 000164.850, 341
Trd, 000165.017, 332
Trd, 000165.950, 355
Trd, 000166.467, 347
Trd, 000167.267, 353
Trd, 000168.517, 349
Trd, 000169.067, 345
Trd, 000169.383, 340
Trd, 000169.450, 337.0
Trd, 000169.717, 324.0
Trd, 000169.967, 345
Trd, 000170.233, 346
Trd, 000170.283, 334
Trd, 000171.750, 346
Trd, 000172.783, 347
Trd, 000173.333, 341
Trd, 000173.867, 338
Trd, 000174.567, 340
Trd, 000174.883, 339
Trd, 000175.033, 337.0
Trd, 000176.600, 334.0
Trd, 000176.650, 337
Trd, 000177.433, 336
Trd, 000177.650, 334
Trd, 000178.750, 331
Trd, 000179.267, 340
Trd, 000179.300, 342
Trd, 000179.750, 341
Trd, 000180.167, 342
Trd, 000180.450, 339
Trd, 000180.467, 337
Trd, 000181.333, 332
Trd, 000181.750, 344
Trd, 000181.983, 321.0
Trd, 000182.150, 320.0
Trd, 000182.583, 329
Trd, 000182.600, 317.0
Trd, 000183.433, 309
Trd, 000183.467, 306.0
Trd, 000183.533, 286
Trd, 000184.000, 259
Trd, 000185.800, 204
Trd, 000186.150, 193
Trd, 000187.483, 180
Trd, 000188.467, 171
Trd, 000188.850, 191
Trd, 000189.250, 170
Trd, 000189.567, 199
Trd, 000189.683, 177
Trd, 000190.050, 200
Trd, 000190.483, 175
Trd, 000190.883, 181
Trd, 000191.617, 182
Trd, 000191.833, 181
Trd, 000192.183, 186
Trd, 000192.233, 187
Trd, 000192.367, 156
Trd, 000192.633, 155
Trd, 000192.900, 175
Trd, 000194.867, 174
Trd, 000194.917, 164
Trd, 000195.200, 174
Trd, 000196.050, 170
Trd, 000197.383, 169
Trd, 000197.633, 170
Trd, 000197.750, 164
Trd, 000198.333, 162
Trd, 000198.817, 169
Trd, 000199.033, 160
Trd, 000200.700, 168
Trd, 000200.867, 168
Trd, 000201.283, 167
Trd, 000201.467, 168
Trd, 000201.750, 168
Trd, 000201.767, 163
Trd, 000201.800, 171
Trd, 000201.867, 178
Trd, 000201.933, 158
Trd, 000202.517, 172
Trd, 000202.633, 173
Trd, 000202.867, 161
Trd, 000203.833, 158
Trd, 000204.200, 157
Trd, 000204.517, 168
Trd, 000205.667, 169
Trd, 000206.000, 169
Trd, 000206.050, 171
Trd, 000206.250, 159
Trd, 000206.833, 172
Trd, 000207.917, 171
Trd, 000208.333, 173
Trd, 000209.567, 171
Trd, 000210.150, 166
Trd, 000210.550, 171
Trd, 000210.883, 171
Trd, 000211.433, 171
Trd, 000211.600, 178
Trd, 000211.767, 178
Trd, 000211.783, 179
Trd, 000211.900, 165
Trd, 000213.133, 178
Trd, 000213.550, 161
Trd, 000214.983, 170
Trd, 000215.933, 170
Trd, 000216.450, 171
Trd, 000216.583, 169
Trd, 000217.450, 172
Trd, 000218.000, 179
Trd, 000218.283, 203
Trd, 000218.617, 173
Trd, 000218.833, 180
Trd, 000219.617, 171
Trd, 000220.083, 177
Trd, 000221.033, 174
Trd, 000221.167, 177
Trd, 000221.400, 179
Trd, 000221.517, 172
Trd, 000221.650, 170
Trd, 000221.883, 178
Trd, 000222.067, 162
Trd, 000222.867, 180
Trd, 000222.933, 164
Trd, 000223.600, 174
Trd, 000225.583, 167
Trd, 000225.817, 170
Trd, 000226.183, 170
Trd, 000226.517, 170
Trd, 000226.850, 168
Trd, 000227.200, 173
Trd, 000227.600, 172
Trd, 000227.983, 166
Trd, 000228.333, 163
Trd, 000228.650, 173
Trd, 000231.183, 160
Trd, 000231.217, 158
Trd, 000231.583, 174
Trd, 000232.133, 173
Trd, 000232.350, 173
Trd, 000232.417, 174
Trd, 000232.817, 163
Trd, 000232.867, 202
Trd, 000233.533, 163
Trd, 000233.617, 168
Trd, 000234.417, 174
Trd, 000234.517, 184
Trd, 000234.883, 195
Trd, 000235.317, 191
Trd, 000235.683, 205
Trd, 000235.850, 188
Trd, 000235.983, 187
Trd, 000237.150, 161
Trd, 000237.733, 181
Trd, 000237.933, 167
Trd, 000238.450, 160
Trd, 000239.233, 176
Trd, 000239.550, 175
Trd, 000240.367, 174
Trd, 000240.583, 174
Trd, 000240.617, 175
Trd, 000240.650, 175
Trd, 000240.817, 183
Trd, 000241.217, 177
Trd, 000241.267, 184
Trd, 000242.117, 185
Trd, 000242.867, 186
Trd, 000242.883, 199
Trd, 000243.100, 188
Trd, 000243.567, 182
Trd, 000243.650, 179
Trd, 000244.567, 180
Trd, 000244.633, 182
Trd, 000244.717, 183
Trd, 000244.800, 180
Trd, 000245.400, 175
Trd, 000245.583, 183
Trd, 000246.400, 180
Trd, 000246.617, 173
Trd, 000247.133, 184
Trd, 000247.200, 185
Trd, 000248.117, 186
Trd, 000248.300, 186
Trd, 000248.900, 185
Trd, 000249.100, 177
Trd, 000250.033, 174
Trd, 000250.600, 176
Trd, 000250.800, 165
Trd, 000251.017, 172
Trd, 000251.900, 168
Trd, 000252.367, 165
Trd, 000252.717, 169
Trd, 000253.000, 162
Trd, 000253.500, 179
Trd, 000253.833, 171
Trd, 000254.317, 166
Trd, 000255.983, 168
Trd, 000256.167, 169
Trd, 000256.433, 170
Trd, 000256.450, 171
Trd, 000256.583, 176
Trd, 000256.883, 174
Trd, 000256.950, 164
Trd, 000257.500, 166
Trd, 000257.550, 180
Trd, 000258.217, 170
Trd, 000258.333, 183
Trd, 000258.900, 168
Trd, 000259.150, 182
Trd, 000259.650, 188
Trd, 000260.167, 177
Trd, 000260.383, 177
Trd, 000260.667, 177
Trd, 000261.917, 178
Trd, 000262.017, 181
Trd, 000262.250, 184
Trd, 000262.917, 180
Trd, 000263.283, 181
Trd, 000263.383, 177
Trd, 000263.617, 181
Trd, 000264.350, 182
Trd, 000265.533, 178
Trd, 000265.800, 182
Trd, 000265.917, 181
Trd, 000266.383, 182
Trd, 000266.450, 182
Trd, 000266.583, 180
Trd, 000268.017, 183
Trd, 000268.100, 178
Trd, 000268.433, 178
Trd, 000268.867, 184
Trd, 000269.133, 184
Trd, 000269.350, 186
Trd, 000269.933, 171
Trd, 000270.067, 182
Trd, 000270.500, 184
Trd, 000271.067, 184
Trd, 000271.550, 188
Trd, 000271.900, 188
Trd, 000272.733, 185
Trd, 000272.883, 171
Trd, 000273.150, 185
Trd, 000273.733, 183
Trd, 000273.850, 184
Trd, 000274.017, 189
Trd, 000274.967, 189
Trd, 000275.500, 196
Trd, 000275.683, 192
Trd, 000275.733, 192
Trd, 000276.250, 178
Trd, 000276.583, 192
Trd, 000276.617, 181
Trd, 000277.317, 186
Trd, 000277.967, 187
Trd, 000278.650, 186
Trd, 000279.000, 185
Trd, 000279.300, 186
Trd, 000279.333, 183
Trd, 000280.200, 186
Trd, 000280.450, 172
Trd, 000280.817, 182
Trd, 000281.183, 166
Trd, 000281.350, 174
Trd, 000281.383, 183
Trd, 000281.400, 168
Trd, 000281.500, 155
Trd, 000281.867, 177
Trd, 000282.517, 162
Trd, 000282.833, 181
Trd, 000283.567, 175
Trd, 000283.850, 173
Trd, 000284.467, 177
Trd, 000284.600, 171
Trd, 000285.483, 177
Trd, 000285.517, 174
Trd, 000286.133, 179
Trd, 000287.450, 179
Trd, 000288.200, 180
Trd, 000288.717, 183
Trd, 000288.983, 183
Trd, 000289.133, 180
Trd, 000289.500, 186
Trd, 000289.600, 187
Trd, 000291.550, 178
Trd, 000292.117, 180
Trd, 000292.617, 177
Trd, 000292.700, 181
Trd, 000292.900, 183
Trd, 000292.983, 173
Trd, 000293.533, 169
Trd, 000293.550, 176
Trd, 000293.833, 180
Trd, 000293.933, 180
Trd, 000294.250, 181
Trd, 000294.650, 182
Trd, 000294.783, 166
Trd, 000295.200, 178
Trd, 000296.633, 172
Trd, 000296.650, 180
Trd, 000296.750, 181
Trd, 000296.767, 187
Trd, 000297.483, 186
Trd, 000297.717, 191
Trd, 000298.083, 204
Trd, 000298.367, 174
Trd, 000298.467, 185
Trd, 000298.800, 208
Trd, 000299.600, 193
