Trd, 000001.083, 178
Trd, 000002.750, 127
Trd, 000002.783, 147
Trd, 000003.100, 184
Trd, 000003.817, 130
Trd, 000003.933, 124
Trd, 000005.267, 139
Trd, 000006.350, 138
Trd, 000006.417, 134
Trd, 000006.600, 141
Trd, 000007.533, 148
Trd, 000008.150, 158
Trd, 000008.183, 155
Trd, 000008.617, 145
Trd, 000008.867, 144
Trd, 000008.967, 135
Trd, 000009.567, 141
Trd, 000010.800, 142
Trd, 000011.033, 140
Trd, 000011.450, 142
Trd, 000011.800, 143
Trd, 000012.717, 142
Trd, 000013.567, 140
Trd, 000014.367, 141
Trd, 000014.400, 139
Trd, 000014.883, 141
Trd, 000015.850, 138
Trd, 000016.317, 140
Trd, 000017.017, 143
Trd, 000017.300, 144
Trd, 000017.350, 149
Trd, 000018.217, 148
Trd, 000018.300, 149
Trd, 000018.567, 150
Trd, 000019.033, 143
Trd, 000019.783, 151
Trd, 000022.067, 150
Trd, 000022.467, 143
Trd, 000023.167, 143
Trd, 000023.367, 142
Trd, 000023.633, 143
Trd, 000023.700, 150
Trd, 000023.867, 141
Trd, 000024.667, 147
Trd, 000024.867, 141
Trd, 000025.167, 154
Trd, 000025.867, 149
Trd, 000026.367, 150
Trd, 000027.067, 134
Trd, 000027.233, 151
Trd, 000027.300, 151
Trd, 000028.750, 144
Trd, 000028.883, 143
Trd, 000030.050, 143
Trd, 000030.233, 151
Trd, 000030.467, 142
Trd, 000031.600, 161
Trd, 000032.383, 152
Trd, 000032.450, 155
Trd, 000032.583, 150
Trd, 000033.483, 177
Trd, 000034.167, 150
Trd, 000035.683, 149
Trd, 000035.833, 149
Trd, 000036.017, 148
Trd, 000036.250, 132
Trd, 000036.533, 154
Trd, 000037.417, 155
Trd, 000037.883, 141
Trd, 000038.467, 156
Trd, 000040.083, 140
Trd, 000040.167, 144
Trd, 000040.367, 145
Trd, 000040.833, 139
Trd, 000041.117, 132
Trd, 000041.383, 144
Trd, 000042.000, 142
Trd, 000042.867, 143
Trd, 000044.083, 142
Trd, 000044.817, 137
Trd, 000045.683, 142
Trd, 000046.050, 142
Trd, 000046.117, 162
Trd, 000046.367, 163
Trd, 000046.650, 156
Trd, 000047.517, 154
Trd, 000048.050, 155
Trd, 000048.233, 152
Trd, 000048.550, 152
Trd, 000049.517, 152
Trd, 000050.583, 153
Trd, 000051.117, 152
Trd, 000051.467, 153
Trd, 000051.717, 153
Trd, 000052.217, 148
Trd, 000052.867, 155
Trd, 000053.733, 157
Trd, 000054.050, 163
Trd, 000054.833, 158
Trd, 000055.033, 158
Trd, 000055.450, 158
Trd, 000056.050, 153
Trd, 000056.317, 153
Trd, 000057.433, 159
Trd, 000058.200, 159
Trd, 000059.033, 156
Trd, 000059.050, 153
Trd, 000059.200, 160
Trd, 000059.817, 163
Trd, 000060.417, 155
Trd, 000061.050, 158
Trd, 000061.483, 156
Trd, 000061.683, 154
Trd, 000061.817, 159
Trd, 000062.733, 155
Trd, 000063.200, 155
Trd, 000064.117, 154
Trd, 000064.600, 156
Trd, 000065.567, 155
Trd, 000065.850, 156
Trd, 000065.967, 156
Trd, 000065.983, 155
Trd, 000066.350, 164
Trd, 000068.300, 155
Trd, 000068.983, 155
Trd, 000070.117, 161
Trd, 000070.183, 160
Trd, 000070.283, 156
Trd, 000070.583, 163
Trd, 000071.000, 155
Trd, 000071.733, 161
Trd, 000072.850, 157
Trd, 000073.550, 156
Trd, 000073.767, 161
Trd, 000073.950, 160
Trd, 000074.583, 151
Trd, 000075.483, 152
Trd, 000075.967, 168
Trd, 000076.267, 161
Trd, 000078.633, 158
Trd, 000078.767, 157
Trd, 000079.467, 157
Trd, 000079.483, 158
Trd, 000079.783, 159
Trd, 000079.900, 159
Trd, 000079.983, 154
Trd, 000080.367, 150
Trd, 000080.850, 156
Trd, 000082.400, 155
Trd, 000082.933, 160
Trd, 000083.033, 156
Trd, 000084.267, 155
Trd, 000084.550, 156
Trd, 000084.783, 153
Trd, 000084.817, 153
Trd, 000085.550, 149
Trd, 000086.033, 150
Trd, 000086.183, 154
Trd, 000086.317, 166
Trd, 000087.883, 162
Trd, 000088.033, 158
Trd, 000088.867, 164
Trd, 000089.683, 156
Trd, 000090.000, 161
Trd, 000090.033, 139
Trd, 000090.483, 162
Trd, 000091.150, 160
Trd, 000091.983, 161
Trd, 000092.567, 162
Trd, 000092.850, 153
Trd, 000093.750, 155
Trd, 000094.517, 158
Trd, 000095.667, 159
Trd, 000095.750, 158
Trd, 000095.900, 157
Trd, 000096.800, 152
Trd, 000097.517, 151
Trd, 000098.017, 158
Trd, 000098.050, 159
Trd, 000100.167, 159
Trd, 000100.733, 158
Trd, 000101.233, 162
Trd, 000101.783, 157
Trd, 000102.983, 157
Trd, 000104.200, 155
Trd, 000104.350, 155
Trd, 000104.517, 158
Trd, 000105.067, 158
Trd, 000105.817, 154
Trd, 000106.150, 156
Trd, 000106.400, 155
Trd, 000106.900, 159
Trd, 000107.867, 154
Trd, 000108.133, 164
Trd, 000108.600, 160
Trd, 000110.233, 161
Trd, 000110.600, 159
Trd, 000110.783, 160
Trd, 000111.350, 159
Trd, 000111.500, 161
Trd, 000111.817, 158
Trd, 000112.933, 152
Trd, 000114.000, 138
Trd, 000114.850, 148
Trd, 000115.267, 154
Trd, 000115.767, 151
Trd, 000116.283, 151
Trd, 000117.133, 152
Trd, 000117.833, 167
Trd, 000119.767, 158
Trd, 000119.800, 157
Trd, 000120.600, 167
Trd, 000121.167, 166
Trd, 000121.233, 170
Trd, 000121.267, 158
Trd, 000121.433, 192
Trd, 000121.767, 157
Trd, 000122.117, 198
Trd, 000122.667, 205
Trd, 000122.717, 272
Trd, 000123.183, 249
Trd, 000123.217, 269
Trd, 000123.317, 310.0
Trd, 000123.633, 339
Trd, 000123.717, 340
Trd, 000124.033, 359.0
Trd, 000124.167, 358.0
Trd, 000124.217, 331
Trd, 000124.983, 327.0
Trd, 000125.617, 341.0
Trd, 000127.667, 341.0
Trd, 000128.383, 332
Trd, 000128.417, 355
Trd, 000129.633, 339
Trd, 000131.300, 349
Trd, 000131.433, 346
Trd, 000131.950, 344
Trd, 000132.017, 352
Trd, 000133.600, 347
Trd, 000133.767, 350
Trd, 000134.667, 348
Trd, 000134.850, 348
Trd, 000135.267, 349
Trd, 000136.233, 345
Trd, 000136.833, 345
Trd, 000137.050, 341
Trd, 000137.600, 346
Trd, 000138.183, 349
Trd, 000138.917, 348
Trd, 000139.133, 349
Trd, 000139.350, 345
Trd, 000139.967, 347
Trd, 000140.033, 352
Trd, 000142.567, 356
Trd, 000142.600, 355
Trd, 000143.150, 349
Trd, 000143.533, 345
Trd, 000144.500, 344
Trd, 000145.633, 346.0
Trd, 000146.700, 348.0
Trd, 000146.950, 342
Trd, 000147.000, 348
Trd, 000147.017, 342
Trd, 000148.200, 351
Trd, 000148.650, 345
Trd, 000148.667, 347
Trd, 000149.783, 344
Trd, 000150.333, 344
Trd, 000150.650, 346
Trd, 000150.933, 341
Trd, 000151.717, 358.0
Trd, 000152.583, 337
Trd, 000152.833, 346
Trd, 000153.233, 346
Trd, 000154.833, 320
Trd, 000155.633, 340.0
Trd, 000155.650, 341.0
Trd, 000156.117, 341
Trd, 000156.900, 339
Trd, 000157.400, 341.0
Trd, 000159.083, 342
Trd, 000160.283, 345
Trd, 000160.767, 339
Trd, 000161.117, 334
Trd, 000162.400, 342
Trd, 000163.267, 344
Trd, 000164.633, 337
Trd, 000165.417, 342
Trd, 000165.733, 339
Trd, 000166.117, 342
Trd, 000167.083, 342
Trd, 000167.783, 344
Trd, 000168.017, 338
Trd, 000169.267, 348.0
Trd, 000169.767, 341.0
Trd, 000170.700, 339
Trd, 000171.783, 343
Trd, 000171.917, 344
Trd, 000172.667, 338
Trd, 000173.583, 340
Trd, 000174.117, 341.0
Trd, 000174.167, 339
Trd, 000175.083, 340
Trd, 000176.150, 344
Trd, 000176.950, 341
Trd, 000177.133, 340
Trd, 000177.733, 335
Trd, 000178.533, 334
Trd, 000179.100, 329
Trd, 000180.350, 332
Trd, 000180.650, 326
Trd, 000180.667, 335
Trd, 000182.150, 333
Trd, 000182.517, 327.0
Trd, 000183.033, 320.0
Trd, 000183.067, 335
Trd, 000183.433, 306.0
Trd, 000183.483, 303.0
Trd, 000183.517, 300.0
Trd, 000184.133, 239
Trd, 000184.217, 214
Trd, 000184.733, 197
Trd, 000184.767, 267
Trd, 000185.900, 200
Trd, 000186.917, 166
Trd, 000187.100, 160
Trd, 000187.133, 177
Trd, 000187.583, 177
Trd, 000188.133, 161
Trd, 000188.450, 161
Trd, 000189.450, 163
Trd, 000189.567, 167
Trd, 000189.650, 169
Trd, 000191.617, 165
Trd, 000192.200, 164
Trd, 000192.833, 169
Trd, 000193.083, 162
Trd, 000193.317, 160
Trd, 000194.850, 167
Trd, 000195.033, 168
Trd, 000195.417, 165
Trd, 000196.133, 166
Trd, 000196.517, 164
Trd, 000196.917, 165
Trd, 000197.267, 165
Trd, 000197.483, 165
Trd, 000197.683, 163
Trd, 000197.800, 165
Trd, 000198.600, 177
Trd, 000198.883, 163
Trd, 000199.417, 170
Trd, 000200.017, 176
Trd, 000200.450, 165
Trd, 000201.300, 162
Trd, 000201.550, 172
Trd, 000202.567, 167
Trd, 000202.950, 161
Trd, 000203.933, 161
Trd, 000204.150, 143
Trd, 000204.167, 168
Trd, 000206.767, 158
Trd, 000207.767, 159
Trd, 000207.867, 158
Trd, 000208.317, 158
Trd, 000208.967, 159
Trd, 000209.183, 158
Trd, 000209.550, 158
Trd, 000210.017, 162
Trd, 000210.083, 169
Trd, 000211.567, 163
Trd, 000211.917, 164
Trd, 000212.250, 163
Trd, 000212.567, 165
Trd, 000213.567, 160
Trd, 000214.033, 166
Trd, 000214.600, 160
Trd, 000214.733, 161
Trd, 000215.067, 160
Trd, 000215.150, 162
Trd, 000215.217, 166
Trd, 000217.183, 165
Trd, 000217.583, 166
Trd, 000218.483, 188
Trd, 000219.333, 185
Trd, 000219.450, 182
Trd, 000219.800, 184
Trd, 000219.883, 186
Trd, 000220.383, 180
Trd, 000220.850, 195
Trd, 000221.150, 183
Trd, 000222.050, 176
Trd, 000222.717, 185
Trd, 000223.200, 177
Trd, 000224.333, 174
Trd, 000224.367, 177
Trd, 000225.183, 172
Trd, 000226.283, 177
Trd, 000226.717, 177
Trd, 000227.800, 175
Trd, 000227.900, 171
Trd, 000228.517, 172
Trd, 000228.600, 173
Trd, 000228.783, 171
Trd, 000229.400, 169
Trd, 000229.933, 151
Trd, 000230.817, 167
Trd, 000230.933, 168
Trd, 000231.867, 158
Trd, 000231.883, 150
Trd, 000232.133, 155
Trd, 000232.283, 161
Trd, 000232.917, 167
Trd, 000233.133, 163
Trd, 000234.017, 171
Trd, 000235.500, 163
Trd, 000236.167, 162
Trd, 000236.383, 165
Trd, 000236.933, 163
Trd, 000237.533, 166
Trd, 000237.933, 167
Trd, 000238.450, 176
Trd, 000239.133, 176
Trd, 000240.217, 182
Trd, 000240.700, 177
Trd, 000241.167, 192
Trd, 000241.400, 182
Trd, 000242.117, 178
Trd, 000242.633, 176
Trd, 000242.767, 176
Trd, 000242.833, 178
Trd, 000243.283, 175
Trd, 000243.383, 174
Trd, 000243.650, 171
Trd, 000244.400, 173
Trd, 000245.083, 181
Trd, 000245.550, 177
Trd, 000245.567, 176
Trd, 000245.600, 178
Trd, 000246.350, 174
Trd, 000246.550, 179
Trd, 000248.217, 173
Trd, 000248.600, 173
Trd, 000248.683, 172
Trd, 000249.383, 168
Trd, 000250.017, 167
Trd, 000250.267, 168
Trd, 000250.400, 167
Trd, 000250.517, 168
Trd, 000250.917, 169
Trd, 000251.467, 168
Trd, 000251.533, 170
Trd, 000251.600, 170
Trd, 000251.617, 182
Trd, 000252.750, 172
Trd, 000252.817, 169
Trd, 000252.967, 173
Trd, 000253.033, 175
Trd, 000255.650, 178
Trd, 000256.050, 178
Trd, 000256.217, 178
Trd, 000256.517, 182
Trd, 000256.833, 190
Trd, 000256.900, 177
Trd, 000257.133, 178
Trd, 000257.283, 183
Trd, 000257.517, 182
Trd, 000257.983, 184
Trd, 000259.200, 183
Trd, 000259.467, 179
Trd, 000259.633, 176
Trd, 000260.050, 180
Trd, 000260.167, 178
Trd, 000260.183, 188
Trd, 000262.467, 176
Trd, 000262.817, 175
Trd, 000263.617, 176
Trd, 000264.400, 174
Trd, 000265.233, 175
Trd, 000265.417, 173
Trd, 000265.433, 176
Trd, 000266.167, 178
Trd, 000266.300, 175
Trd, 000266.567, 177
Trd, 000266.750, 178
Trd, 000267.433, 176
Trd, 000267.550, 183
Trd, 000267.950, 179
Trd, 000268.817, 194
Trd, 000269.917, 184
Trd, 000270.333, 185
Trd, 000270.817, 185
Trd, 000270.867, 183
Trd, 000271.333, 180
Trd, 000272.633, 177
Trd, 000272.883, 180
Trd, 000273.150, 180
Trd, 000273.283, 181
Trd, 000273.333, 182
Trd, 000273.933, 176
Trd, 000274.133, 179
Trd, 000274.183, 175
Trd, 000274.283, 179
Trd, 000275.050, 178
Trd, 000275.267, 177
Trd, 000275.867, 178
Trd, 000277.583, 182
Trd, 000277.633, 180
Trd, 000277.683, 176
Trd, 000277.717, 183
Trd, 000278.367, 195
Trd, 000278.800, 177
Trd, 000279.500, 182
Trd, 000279.617, 183
Trd, 000279.933, 184
Trd, 000280.300, 185
Trd, 000280.500, 182
Trd, 000280.733, 183
Trd, 000281.733, 180
Trd, 000281.883, 186
Trd, 000282.100, 186
Trd, 000282.883, 187
Trd, 000283.033, 179
Trd, 000283.583, 188
Trd, 000283.600, 187
Trd, 000283.883, 178
Trd, 000284.033, 176
Trd, 000284.850, 181
Trd, 000285.017, 179
Trd, 000285.650, 190
Trd, 000285.750, 189
Trd, 000286.317, 203
Trd, 000286.867, 195
Trd, 000288.483, 191
Trd, 000288.550, 186
Trd, 000288.633, 180
Trd, 000288.817, 187
Trd, 000288.917, 191
Trd, 000290.167, 192
Trd, 000290.550, 188
Trd, 000290.583, 194
Trd, 000291.050, 191
Trd, 000291.517, 188
Trd, 000292.550, 187
Trd, 000292.650, 181
Trd, 000292.717, 186
Trd, 000292.900, 188
Trd, 000292.933, 187
Trd, 000293.367, 174
Trd, 000293.467, 173
Trd, 000293.650, 177
Trd, 000293.750, 194
Trd, 000294.417, 190
Trd, 000294.600, 192
Trd, 000295.083, 181
Trd, 000296.183, 180
Trd, 000296.650, 187
Trd, 000296.900, 178
Trd, 000297.750, 182
Trd, 000297.833, 179
Trd, 000297.850, 182
Trd, 000298.050, 178
Trd, 000298.367, 183
Trd, 000298.517, 177
Trd, 000299.250, 187
Trd, 000299.400, 176
Trd, 000299.533, 188
