Trd, 000002.117, 103
Trd, 000003.633, 126
Trd, 000003.867, 134
Trd, 000004.517, 136
Trd, 000004.933, 137
Trd, 000005.333, 132
Trd, 000005.733, 155
Trd, 000006.383, 132
Trd, 000007.383, 131
Trd, 000007.967, 135
Trd, 000008.017, 145
Trd, 000008.083, 133
Trd, 000009.067, 155
Trd, 000010.517, 167
Trd, 000011.550, 158
Trd, 000013.583, 155
Trd, 000013.750, 155
Trd, 000013.917, 152
Trd, 000013.950, 156
Trd, 000015.533, 154
Trd, 000015.683, 155
Trd, 000015.867, 156
Trd, 000016.033, 150
Trd, 000016.233, 155
Trd, 000016.650, 156
Trd, 000017.233, 157
Trd, 000017.300, 159
Trd, 000017.933, 163
Trd, 000018.250, 149
Trd, 000019.600, 152
Trd, 000019.650, 145
Trd, 000020.267, 163
Trd, 000021.450, 150
Trd, 000022.367, 148
Trd, 000023.950, 149
Trd, 000024.367, 148
Trd, 000024.800, 150
Trd, 000025.267, 149
Trd, 000025.633, 147
Trd, 000025.700, 155
Trd, 000025.850, 146
Trd, 000026.083, 157
Trd, 000026.150, 159
Trd, 000027.117, 159
Trd, 000027.317, 161
Trd, 000028.450, 161
Trd, 000029.050, 150
Trd, 000029.533, 162
Trd, 000030.150, 162
Trd, 000030.633, 159
Trd, 000030.850, 158
Trd, 000030.883, 163
Trd, 000031.550, 157
Trd, 000034.683, 156
Trd, 000034.983, 157
Trd, 000035.000, 157
Trd, 000035.083, 158
Trd, 000035.100, 159
Trd, 000035.467, 156
Trd, 000036.217, 160
Trd, 000036.233, 161
Trd, 000036.400, 162
Trd, 000036.933, 158
Trd, 000037.050, 154
Trd, 000038.683, 163
Trd, 000038.983, 154
Trd, 000039.267, 166
Trd, 000040.017, 156
Trd, 000041.100, 157
Trd, 000041.217, 153
Trd, 000041.700, 157
Trd, 000042.000, 162
Trd, 000042.317, 166
Trd, 000044.500, 160
Trd, 000044.917, 160
Trd, 000045.200, 152
Trd, 000046.817, 151
Trd, 000047.133, 154
Trd, 000047.367, 154
Trd, 000049.317, 152
Trd, 000049.383, 153
Trd, 000049.650, 152
Trd, 000049.683, 154
Trd, 000050.067, 152
Trd, 000050.233, 149
Trd, 000051.083, 153
Trd, 000051.250, 155
Trd, 000052.733, 158
Trd, 000053.650, 155
Trd, 000054.250, 156
Trd, 000054.917, 156
Trd, 000056.183, 154
Trd, 000056.533, 154
Trd, 000056.633, 153
Trd, 000058.050, 156
Trd, 000058.133, 159
Trd, 000058.167, 155
Trd, 000058.283, 161
Trd, 000059.017, 161
Trd, 000059.317, 155
Trd, 000059.983, 154
Trd, 000060.400, 162
Trd, 000060.750, 150
Trd, 000061.533, 157
Trd, 000063.050, 152
Trd, 000063.083, 153
Trd, 000063.417, 154
Trd, 000064.117, 152
Trd, 000065.017, 161
Trd, 000065.483, 153
Trd, 000066.117, 152
Trd, 000067.183, 154
Trd, 000067.500, 159
Trd, 000067.750, 162
Trd, 000069.133, 161
Trd, 000070.200, 164
Trd, 000070.250, 165
Trd, 000071.333, 161
Trd, 000072.067, 163
Trd, 000072.117, 159
Trd, 000072.250, 165
Trd, 000072.567, 170
Trd, 000074.317, 161
Trd, 000074.400, 161
Trd, 000074.583, 155
Trd, 000074.683, 150
Trd, 000075.150, 161
Trd, 000075.567, 161
Trd, 000075.750, 162
Trd, 000075.850, 154
Trd, 000077.100, 163
Trd, 000077.483, 163
Trd, 000078.217, 151
Trd, 000078.900, 159
Trd, 000079.267, 159
Trd, 000080.467, 155
Trd, 000081.667, 156
Trd, 000081.867, 157
Trd, 000081.917, 158
Trd, 000084.517, 158
Trd, 000084.667, 163
Trd, 000085.517, 156
Trd, 000085.600, 157
Trd, 000086.483, 156
Trd, 000086.667, 160
Trd, 000086.700, 158
Trd, 000086.850, 162
Trd, 000088.067, 163
Trd, 000089.750, 163
Trd, 000090.283, 162
Trd, 000091.050, 163
Trd, 000091.400, 161
Trd, 000091.800, 163
Trd, 000092.200, 160
Trd, 000092.383, 161
Trd, 000092.883, 153
Trd, 000093.500, 155
Trd, 000094.150, 152
Trd, 000094.433, 159
Trd, 000094.900, 159
Trd, 000095.667, 164
Trd, 000095.800, 154
Trd, 000095.833, 153
Trd, 000097.083, 152
Trd, 000098.567, 156
Trd, 000098.617, 154
Trd, 000099.283, 156
Trd, 000099.933, 155
Trd, 000100.267, 153
Trd, 000100.933, 157
Trd, 000101.017, 159
Trd, 000101.900, 166
Trd, 000102.883, 167
Trd, 000103.150, 163
Trd, 000103.383, 153
Trd, 000103.750, 167
Trd, 000105.317, 168
Trd, 000105.783, 159
Trd, 000106.233, 158
Trd, 000106.433, 166
Trd, 000106.550, 168
Trd, 000107.533, 158
Trd, 000107.883, 160
Trd, 000108.633, 163
Trd, 000109.000, 160
Trd, 000110.050, 160
Trd, 000110.650, 159
Trd, 000110.733, 160
Trd, 000112.433, 173
Trd, 000113.183, 167
Trd, 000113.350, 165
Trd, 000113.717, 174
Trd, 000113.850, 173
Trd, 000113.900, 159
Trd, 000114.400, 174
Trd, 000114.600, 154
Trd, 000115.033, 173
Trd, 000116.083, 168
Trd, 000116.167, 160
Trd, 000116.550, 169
Trd, 000116.600, 160
Trd, 000117.200, 163
Trd, 000118.367, 170
Trd, 000118.683, 180
Trd, 000119.833, 175
Trd, 000119.883, 174
Trd, 000119.900, 174
Trd, 000121.117, 173
Trd, 000121.183, 174
Trd, 000121.667, 170
Trd, 000121.733, 171
Trd, 000121.850, 191
Trd, 000122.433, 164
Trd, 000122.950, 208
Trd, 000123.400, 221
Trd, 000124.083, 310.0
Trd, 000124.250, 337.0
Trd, 000125.633, 335
Trd, 000125.850, 331
Trd, 000126.217, 340
Trd, 000126.583, 331
Trd, 000128.167, 355.0
Trd, 000128.417, 332
Trd, 000128.650, 333
Trd, 000129.617, 344
Trd, 000130.217, 342
Trd, 000131.317, 343
Trd, 000131.450, 343.0
Trd, 000131.800, 345
Trd, 000132.183, 347
Trd, 000133.667, 343
Trd, 000133.833, 344
Trd, 000134.250, 341
Trd, 000134.583, 341.0
Trd, 000135.067, 345
Trd, 000136.400, 355.0
Trd, 000136.750, 362
Trd, 000137.333, 343
Trd, 000137.367, 365
Trd, 000139.383, 345
Trd, 000139.433, 349
Trd, 000139.533, 348
Trd, 000140.083, 349
Trd, 000142.550, 349
Trd, 000142.583, 355.0
Trd, 000143.167, 357
Trd, 000143.883, 348.0
Trd, 000144.083, 347
Trd, 000144.100, 351
Trd, 000144.950, 354
Trd, 000146.000, 343
Trd, 000147.567, 355.0
Trd, 000147.767, 355.0
Trd, 000148.533, 355
Trd, 000149.717, 342
Trd, 000149.767, 343
Trd, 000150.883, 354
Trd, 000151.750, 343
Trd, 000151.900, 355.0
Trd, 000153.067, 346
Trd, 000154.200, 348
Trd, 000154.733, 344
Trd, 000155.350, 344
Trd, 000155.567, 344
Trd, 000155.667, 344
Trd, 000155.717, 346
Trd, 000155.967, 343
Trd, 000156.633, 347
Trd, 000156.833, 341.0
Trd, 000157.517, 336
Trd, 000157.933, 338
Trd, 000159.550, 348.0
Trd, 000159.567, 355.0
Trd, 000159.683, 341
Trd, 000161.717, 341
Trd, 000162.817, 342
Trd, 000162.850, 338
Trd, 000163.933, 334
Trd, 000165.050, 338
Trd, 000165.200, 341
Trd, 000165.367, 330
Trd, 000166.150, 337
Trd, 000167.133, 338
Trd, 000168.333, 339
Trd, 000168.350, 332
Trd, 000168.950, 334
Trd, 000169.017, 355.0
Trd, 000169.533, 358.0
Trd, 000170.283, 359
Trd, 000172.267, 354
Trd, 000173.450, 351
Trd, 000173.767, 350
Trd, 000174.650, 350
Trd, 000175.233, 351
Trd, 000175.767, 345
Trd, 000175.867, 348
Trd, 000175.917, 353
Trd, 000176.383, 354.0
Trd, 000177.450, 346
Trd, 000178.517, 342
Trd, 000179.250, 355.0
Trd, 000179.417, 357
Trd, 000179.700, 362
Trd, 000181.000, 355
Trd, 000181.250, 356
Trd, 000181.333, 358.0
Trd, 000181.767, 355
Trd, 000182.400, 341.0
Trd, 000182.483, 330
Trd, 000182.500, 323
Trd, 000182.633, 313.0
Trd, 000182.800, 310.0
Trd, 000183.383, 300.0
Trd, 000184.333, 207
Trd, 000184.750, 197
Trd, 000185.217, 202
Trd, 000185.233, 182
Trd, 000185.700, 188
Trd, 000186.017, 180
Trd, 000186.200, 204
Trd, 000187.383, 198
Trd, 000188.067, 167
Trd, 000188.283, 161
Trd, 000189.467, 185
Trd, 000190.050, 181
Trd, 000190.250, 179
Trd, 000191.267, 173
Trd, 000191.550, 174
Trd, 000192.033, 170
Trd, 000193.300, 162
Trd, 000193.450, 172
Trd, 000194.633, 169
Trd, 000196.550, 167
Trd, 000196.783, 168
Trd, 000197.367, 165
Trd, 000197.417, 168
Trd, 000197.483, 165
Trd, 000197.867, 161
Trd, 000198.450, 163
Trd, 000199.783, 174
Trd, 000201.050, 173
Trd, 000201.583, 168
Trd, 000202.233, 174
Trd, 000203.233, 174
Trd, 000205.117, 172
Trd, 000205.333, 172
Trd, 000205.767, 171
Trd, 000205.967, 168
Trd, 000207.300, 168
Trd, 000207.367, 171
Trd, 000208.117, 172
Trd, 000208.267, 163
Trd, 000209.017, 163
Trd, 000209.067, 176
Trd, 000210.400, 176
Trd, 000211.283, 172
Trd, 000211.567, 173
Trd, 000212.483, 166
Trd, 000212.867, 164
Trd, 000213.417, 167
Trd, 000213.917, 168
Trd, 000214.600, 165
Trd, 000215.817, 164
Trd, 000216.083, 152
Trd, 000217.283, 166
Trd, 000218.133, 161
Trd, 000219.067, 164
Trd, 000219.300, 163
Trd, 000220.000, 164
Trd, 000220.567, 164
Trd, 000221.317, 169
Trd, 000221.417, 180
Trd, 000221.883, 190
Trd, 000222.617, 168
Trd, 000222.950, 186
Trd, 000224.800, 176
Trd, 000224.883, 176
Trd, 000225.550, 176
Trd, 000226.150, 173
Trd, 000226.183, 177
Trd, 000226.850, 174
Trd, 000227.433, 185
Trd, 000228.417, 182
Trd, 000228.617, 184
Trd, 000228.967, 184
Trd, 000229.117, 185
Trd, 000229.533, 181
Trd, 000232.583, 182
Trd, 000232.700, 181
Trd, 000233.617, 177
Trd, 000233.633, 167
Trd, 000234.200, 174
Trd, 000234.367, 172
Trd, 000235.133, 170
Trd, 000235.350, 171
Trd, 000235.367, 176
Trd, 000237.450, 173
Trd, 000238.400, 166
Trd, 000238.583, 172
Trd, 000239.050, 173
Trd, 000239.533, 177
Trd, 000239.650, 179
Trd, 000240.067, 186
Trd, 000240.883, 174
Trd, 000241.217, 172
Trd, 000241.650, 172
Trd, 000242.250, 175
Trd, 000242.350, 173
Trd, 000243.250, 177
Trd, 000243.833, 179
Trd, 000244.850, 182
Trd, 000245.717, 182
Trd, 000245.900, 180
Trd, 000246.167, 183
Trd, 000246.183, 180
Trd, 000246.433, 180
Trd, 000246.567, 183
Trd, 000246.933, 180
Trd, 000247.367, 180
Trd, 000247.583, 180
Trd, 000247.733, 178
Trd, 000248.667, 177
Trd, 000248.883, 177
Trd, 000248.983, 184
Trd, 000249.083, 173
Trd, 000249.333, 184
Trd, 000249.967, 176
Trd, 000250.317, 168
Trd, 000251.833, 170
Trd, 000251.883, 169
Trd, 000252.667, 166
Trd, 000252.867, 171
Trd, 000253.500, 170
Trd, 000254.433, 175
Trd, 000254.950, 177
Trd, 000255.267, 179
Trd, 000255.317, 180
Trd, 000255.500, 179
Trd, 000255.867, 178
Trd, 000256.500, 183
Trd, 000256.933, 179
Trd, 000258.033, 179
Trd, 000258.150, 176
Trd, 000258.250, 174
Trd, 000258.400, 178
Trd, 000258.883, 183
Trd, 000259.167, 173
Trd, 000259.417, 175
Trd, 000259.450, 177
Trd, 000259.483, 173
Trd, 000260.150, 170
Trd, 000260.383, 169
Trd, 000261.150, 168
Trd, 000262.017, 168
Trd, 000262.050, 167
Trd, 000262.100, 169
Trd, 000262.533, 169
Trd, 000263.083, 173
Trd, 000263.967, 155
Trd, 000264.300, 157
Trd, 000264.483, 157
Trd, 000264.767, 163
Trd, 000265.217, 158
Trd, 000265.717, 163
Trd, 000267.217, 172
Trd, 000267.617, 172
Trd, 000267.633, 177
Trd, 000267.750, 171
Trd, 000268.117, 170
Trd, 000268.250, 173
Trd, 000268.667, 172
Trd, 000269.567, 170
Trd, 000269.650, 178
Trd, 000269.783, 182
Trd, 000270.100, 185
Trd, 000271.267, 178
Trd, 000271.450, 179
Trd, 000272.067, 177
Trd, 000272.283, 176
Trd, 000272.583, 170
Trd, 000273.217, 176
Trd, 000273.833, 176
Trd, 000273.883, 178
Trd, 000274.083, 182
Trd, 000274.417, 183
Trd, 000275.200, 181
Trd, 000275.267, 181
Trd, 000276.333, 181
Trd, 000276.417, 182
Trd, 000276.600, 178
Trd, 000276.800, 178
Trd, 000277.000, 179
Trd, 000278.000, 178
Trd, 000278.250, 189
Trd, 000278.583, 176
Trd, 000279.683, 179
Trd, 000279.750, 183
Trd, 000280.083, 184
Trd, 000280.633, 183
Trd, 000281.033, 173
Trd, 000281.167, 172
Trd, 000281.317, 168
Trd, 000281.767, 170
Trd, 000282.200, 170
Trd, 000282.617, 173
Trd, 000282.900, 179
Trd, 000284.067, 169
Trd, 000284.333, 179
Trd, 000285.000, 174
Trd, 000285.067, 173
Trd, 000285.450, 175
Trd, 000286.000, 180
Trd, 000286.517, 173
Trd, 000287.150, 166
Trd, 000287.200, 169
Trd, 000287.283, 172
Trd, 000288.150, 165
Trd, 000288.600, 171
Trd, 000288.900, 171
Trd, 000289.217, 170
Trd, 000289.633, 172
Trd, 000289.700, 183
Trd, 000290.050, 184
Trd, 000290.283, 187
Trd, 000291.167, 180
Trd, 000292.017, 176
Trd, 000292.400, 181
Trd, 000293.183, 180
Trd, 000293.567, 175
Trd, 000293.800, 176
Trd, 000294.167, 180
Trd, 000294.433, 178
Trd, 000294.450, 181
Trd, 000294.533, 174
Trd, 000295.533, 181
Trd, 000295.650, 172
Trd, 000295.783, 180
Trd, 000296.267, 170
Trd, 000297.033, 181
Trd, 000297.133, 172
Trd, 000298.100, 180
Trd, 000298.317, 184
Trd, 000298.583, 180
Trd, 000299.500, 181
Trd, 000299.683, 179
