Trd, 000001.367, 113
Trd, 000003.200, 149
Trd, 000003.333, 152
Trd, 000004.283, 132
Trd, 000004.350, 133
Trd, 000007.333, 152
Trd, 000007.933, 155
Trd, 000007.967, 157
Trd, 000008.250, 151
Trd, 000008.367, 163
Trd, 000009.350, 159
Trd, 000009.483, 158
Trd, 000009.967, 156
Trd, 000010.150, 151
Trd, 000010.467, 152
Trd, 000011.167, 158
Trd, 000011.783, 156
Trd, 000012.617, 158
Trd, 000012.967, 156
Trd, 000013.200, 172
Trd, 000013.417, 149
Trd, 000013.867, 166
Trd, 000014.367, 169
Trd, 000015.783, 154
Trd, 000016.217, 158
Trd, 000016.750, 158
Trd, 000017.783, 156
Trd, 000018.000, 157
Trd, 000018.200, 155
Trd, 000019.333, 155
Trd, 000019.517, 156
Trd, 000020.433, 157
Trd, 000020.817, 153
Trd, 000021.083, 160
Trd, 000021.867, 154
Trd, 000021.950, 145
Trd, 000022.267, 146
Trd, 000022.517, 144
Trd, 000022.883, 152
Trd, 000023.133, 143
Trd, 000023.250, 152
Trd, 000024.100, 135
Trd, 000025.150, 149
Trd, 000025.350, 148
Trd, 000025.550, 151
Trd, 000025.883, 154
Trd, 000026.350, 160
Trd, 000027.783, 155
Trd, 000027.950, 156
Trd, 000028.217, 155
Trd, 000028.417, 161
Trd, 000028.733, 165
Trd, 000030.250, 158
Trd, 000030.267, 159
Trd, 000031.933, 158
Trd, 000033.600, 161
Trd, 000033.950, 167
Trd, 000034.300, 160
Trd, 000035.233, 159
Trd, 000035.550, 158
Trd, 000035.633, 162
Trd, 000036.333, 159
Trd, 000036.417, 157
Trd, 000036.533, 161
Trd, 000036.633, 162
Trd, 000037.133, 161
Trd, 000037.617, 162
Trd, 000038.250, 158
Trd, 000039.333, 155
Trd, 000039.883, 149
Trd, 000039.933, 155
Trd, 000041.017, 156
Trd, 000041.050, 150
Trd, 000041.950, 153
Trd, 000042.000, 148
Trd, 000042.500, 161
Trd, 000044.200, 160
Trd, 000044.267, 166
Trd, 000044.850, 159
Trd, 000045.050, 157
Trd, 000045.100, 156
Trd, 000045.483, 160
Trd, 000045.783, 160
Trd, 000045.867, 161
Trd, 000046.083, 162
Trd, 000047.067, 149
Trd, 000047.217, 162
Trd, 000048.933, 152
Trd, 000049.150, 152
Trd, 000049.383, 156
Trd, 000049.800, 154
Trd, 000050.150, 158
Trd, 000051.083, 154
Trd, 000052.133, 155
Trd, 000053.083, 157
Trd, 000053.200, 157
Trd, 000053.833, 156
Trd, 000054.383, 159
Trd, 000055.417, 158
Trd, 000055.817, 158
Trd, 000056.283, 175
Trd, 000056.417, 166
Trd, 000056.800, 178
Trd, 000056.817, 158
Trd, 000057.050, 178
Trd, 000057.800, 156
Trd, 000057.833, 157
Trd, 000058.450, 144
Trd, 000059.600, 149
Trd, 000060.433, 164
Trd, 000060.917, 163
Trd, 000061.550, 160
Trd, 000061.600, 165
Trd, 000062.400, 155
Trd, 000062.567, 156
Trd, 000062.683, 150
Trd, 000063.833, 153
Trd, 000064.917, 156
Trd, 000065.033, 156
Trd, 000065.200, 157
Trd, 000065.283, 164
Trd, 000066.133, 161
Trd, 000066.317, 159
Trd, 000066.983, 161
Trd, 000068.050, 160
Trd, 000068.167, 162
Trd, 000069.717, 155
Trd, 000070.217, 156
Trd, 000070.300, 158
Trd, 000070.817, 158
Trd, 000072.283, 154
Trd, 000072.967, 148
Trd, 000073.100, 149
Trd, 000073.417, 149
Trd, 000074.483, 148
Trd, 000074.533, 149
Trd, 000075.200, 149
Trd, 000075.350, 149
Trd, 000075.750, 158
Trd, 000077.067, 152
Trd, 000077.750, 151
Trd, 000077.883, 153
Trd, 000078.133, 151
Trd, 000078.200, 148
Trd, 000078.333, 154
Trd, 000078.833, 154
Trd, 000080.633, 152
Trd, 000081.067, 153
Trd, 000081.167, 154
Trd, 000081.183, 159
Trd, 000081.933, 166
Trd, 000082.783, 156
Trd, 000083.033, 169
Trd, 000083.267, 162
Trd, 000083.533, 169
Trd, 000083.600, 154
Trd, 000085.583, 157
Trd, 000086.900, 155
Trd, 000087.183, 159
Trd, 000087.683, 160
Trd, 000088.417, 155
Trd, 000089.283, 159
Trd, 000090.267, 159
Trd, 000091.383, 157
Trd, 000091.517, 152
Trd, 000092.117, 156
Trd, 000092.533, 155
Trd, 000093.233, 152
Trd, 000094.083, 160
Trd, 000094.100, 159
Trd, 000094.233, 160
Trd, 000095.300, 162
Trd, 000095.567, 166
Trd, 000096.000, 164
Trd, 000098.000, 155
Trd, 000098.200, 164
Trd, 000098.733, 163
Trd, 000099.333, 156
Trd, 000099.783, 164
Trd, 000100.017, 165
Trd, 000100.450, 167
Trd, 000101.117, 160
Trd, 000101.350, 160
Trd, 000101.850, 159
Trd, 000102.417, 161
Trd, 000102.967, 163
Trd, 000103.233, 161
Trd, 000103.683, 160
Trd, 000104.633, 160
Trd, 000105.517, 160
Trd, 000105.583, 159
Trd, 000106.100, 159
Trd, 000106.233, 159
Trd, 000106.283, 158
Trd, 000106.967, 161
Trd, 000107.450, 160
Trd, 000108.333, 185
Trd, 000108.767, 179
Trd, 000108.867, 173
Trd, 000109.983, 169
Trd, 000110.017, 180
Trd, 000110.367, 168
Trd, 000111.383, 178
Trd, 000112.683, 177
Trd, 000112.833, 179
Trd, 000113.483, 169
Trd, 000113.600, 183
Trd, 000113.867, 183
Trd, 000115.467, 169
Trd, 000115.917, 173
Trd, 000116.083, 168
Trd, 000117.767, 170
Trd, 000118.200, 171
Trd, 000118.450, 170
Trd, 000118.567, 166
Trd, 000120.183, 169
Trd, 000120.217, 166
Trd, 000120.733, 158
Trd, 000121.267, 169
Trd, 000122.217, 170
Trd, 000122.300, 184
Trd, 000122.333, 187
Trd, 000122.850, 191
Trd, 000123.183, 177
Trd, 000123.200, 239
Trd, 000123.383, 242
Trd, 000123.550, 303
Trd, 000123.817, 304
Trd, 000124.000, 358.0
Trd, 000124.133, 290
Trd, 000125.350, 312.0
Trd, 000125.900, 313.0
Trd, 000125.983, 317
Trd, 000126.017, 320.0
Trd, 000127.700, 350.0
Trd, 000127.817, 351.0
Trd, 000128.900, 358.0
Trd, 000129.400, 362
Trd, 000130.950, 350
Trd, 000131.033, 350.0
Trd, 000131.417, 351
Trd, 000131.433, 350
Trd, 000131.983, 349
Trd, 000132.483, 346
Trd, 000132.867, 350
Trd, 000133.733, 345
Trd, 000134.633, 349
Trd, 000134.667, 351.0
Trd, 000134.833, 352
Trd, 000135.783, 347.0
Trd, 000137.417, 352.0
Trd, 000137.917, 352.0
Trd, 000138.633, 358.0
Trd, 000138.817, 351.0
Trd, 000139.233, 360.0
Trd, 000140.333, 356
Trd, 000140.767, 359
Trd, 000141.167, 359
Trd, 000142.050, 355.0
Trd, 000142.233, 352
Trd, 000143.000, 350
Trd, 000143.050, 347
Trd, 000143.750, 349.0
Trd, 000143.883, 355
Trd, 000144.283, 354
Trd, 000144.317, 348.0
Trd, 000145.917, 350
Trd, 000146.083, 352
Trd, 000146.883, 350
Trd, 000146.967, 347
Trd, 000148.200, 358.0
Trd, 000148.250, 372.0
Trd, 000148.317, 356
Trd, 000150.683, 352
Trd, 000152.183, 352
Trd, 000152.283, 352
Trd, 000153.233, 352
Trd, 000153.500, 349
Trd, 000153.833, 353
Trd, 000153.983, 354
Trd, 000154.600, 346
Trd, 000155.217, 347
Trd, 000155.700, 348
Trd, 000155.750, 347
Trd, 000156.483, 348
Trd, 000156.500, 350
Trd, 000157.317, 347.0
Trd, 000157.700, 344.0
Trd, 000157.867, 349
Trd, 000158.500, 350
Trd, 000160.350, 348
Trd, 000161.167, 348
Trd, 000163.817, 347
Trd, 000164.217, 348
Trd, 000165.550, 347
Trd, 000165.700, 347
Trd, 000166.333, 350
Trd, 000166.350, 351.0
Trd, 000166.433, 348
Trd, 000167.000, 347
Trd, 000167.400, 350
Trd, 000167.450, 345.0
Trd, 000167.650, 358.0
Trd, 000169.183, 351.0
Trd, 000169.900, 350
Trd, 000169.917, 351
Trd, 000170.367, 350
Trd, 000170.617, 348
Trd, 000171.767, 350
Trd, 000172.550, 350
Trd, 000173.350, 347
Trd, 000173.667, 351
Trd, 000174.200, 352
Trd, 000177.750, 347
Trd, 000177.883, 349.0
Trd, 000178.133, 351.0
Trd, 000179.317, 351
Trd, 000180.133, 351
Trd, 000180.167, 346
Trd, 000180.567, 353
Trd, 000180.917, 354
Trd, 000181.167, 353
Trd, 000181.283, 356
Trd, 000181.633, 344.0
Trd, 000181.967, 341.0
Trd, 000182.333, 330
Trd, 000182.917, 316
Trd, 000183.033, 306.0
Trd, 000183.150, 303.0
Trd, 000183.317, 217
Trd, 000183.683, 209
Trd, 000184.250, 205
Trd, 000185.367, 203
Trd, 000185.717, 199
Trd, 000186.350, 197
Trd, 000186.367, 190
Trd, 000186.683, 189
Trd, 000187.283, 188
Trd, 000187.433, 192
Trd, 000187.450, 193
Trd, 000188.050, 188
Trd, 000189.300, 186
Trd, 000190.117, 170
Trd, 000190.350, 164
Trd, 000191.117, 174
Trd, 000191.400, 174
Trd, 000192.017, 174
Trd, 000192.567, 167
Trd, 000192.917, 173
Trd, 000193.567, 170
Trd, 000194.367, 166
Trd, 000194.417, 169
Trd, 000195.067, 169
Trd, 000195.850, 169
Trd, 000196.700, 166
Trd, 000196.817, 168
Trd, 000196.900, 170
Trd, 000197.100, 171
Trd, 000197.450, 164
Trd, 000197.817, 160
Trd, 000198.517, 177
Trd, 000200.283, 173
Trd, 000200.650, 175
Trd, 000200.767, 172
Trd, 000201.033, 174
Trd, 000202.150, 175
Trd, 000202.517, 173
Trd, 000203.050, 175
Trd, 000203.617, 174
Trd, 000204.033, 175
Trd, 000205.300, 173
Trd, 000205.367, 176
Trd, 000205.700, 176
Trd, 000205.917, 175
Trd, 000206.717, 175
Trd, 000207.283, 176
Trd, 000209.183, 177
Trd, 000209.600, 175
Trd, 000210.133, 176
Trd, 000211.000, 177
Trd, 000212.033, 177
Trd, 000212.167, 176
Trd, 000212.383, 178
Trd, 000212.633, 178
Trd, 000213.500, 179
Trd, 000214.450, 177
Trd, 000214.583, 178
Trd, 000215.450, 178
Trd, 000215.700, 178
Trd, 000215.900, 176
Trd, 000216.033, 175
Trd, 000216.433, 181
Trd, 000216.967, 182
Trd, 000218.217, 178
Trd, 000218.633, 180
Trd, 000219.783, 178
Trd, 000220.050, 177
Trd, 000220.133, 179
Trd, 000220.550, 176
Trd, 000221.583, 177
Trd, 000222.100, 178
Trd, 000222.117, 179
Trd, 000222.300, 176
Trd, 000223.283, 175
Trd, 000223.633, 166
Trd, 000224.283, 176
Trd, 000224.683, 174
Trd, 000225.517, 173
Trd, 000225.617, 174
Trd, 000226.067, 174
Trd, 000226.150, 181
Trd, 000227.850, 173
Trd, 000228.200, 173
Trd, 000228.550, 172
Trd, 000229.300, 174
Trd, 000230.033, 174
Trd, 000230.083, 175
Trd, 000230.317, 178
Trd, 000230.467, 172
Trd, 000230.500, 185
Trd, 000231.217, 197
Trd, 000231.800, 198
Trd, 000232.267, 182
Trd, 000233.550, 175
Trd, 000234.100, 188
Trd, 000235.067, 187
Trd, 000235.967, 182
Trd, 000236.433, 178
Trd, 000236.583, 180
Trd, 000236.700, 189
Trd, 000237.450, 181
Trd, 000238.350, 179
Trd, 000238.500, 180
Trd, 000238.650, 183
Trd, 000239.700, 179
Trd, 000239.950, 181
Trd, 000240.200, 181
Trd, 000240.300, 181
Trd, 000240.400, 180
Trd, 000240.683, 173
Trd, 000240.700, 172
Trd, 000241.600, 175
Trd, 000241.850, 174
Trd, 000242.617, 175
Trd, 000242.933, 177
Trd, 000243.283, 182
Trd, 000243.383, 179
Trd, 000244.033, 169
Trd, 000244.350, 172
Trd, 000244.400, 175
Trd, 000244.983, 173
Trd, 000245.667, 174
Trd, 000246.017, 172
Trd, 000247.833, 173
Trd, 000248.083, 173
Trd, 000248.633, 173
Trd, 000248.700, 172
Trd, 000250.167, 174
Trd, 000250.267, 176
Trd, 000250.317, 176
Trd, 000251.050, 174
Trd, 000251.117, 177
Trd, 000251.217, 178
Trd, 000251.533, 177
Trd, 000251.667, 179
Trd, 000252.400, 178
Trd, 000253.700, 176
Trd, 000254.267, 177
Trd, 000254.433, 176
Trd, 000254.967, 177
Trd, 000255.083, 176
Trd, 000255.517, 177
Trd, 000255.567, 178
Trd, 000255.783, 176
Trd, 000256.217, 174
Trd, 000256.633, 174
Trd, 000256.817, 177
Trd, 000256.917, 183
Trd, 000257.083, 179
Trd, 000257.167, 182
Trd, 000257.650, 185
Trd, 000258.900, 187
Trd, 000259.850, 181
Trd, 000259.900, 180
Trd, 000260.817, 179
Trd, 000261.133, 184
Trd, 000261.300, 184
Trd, 000261.500, 183
Trd, 000262.017, 184
Trd, 000262.717, 177
Trd, 000262.733, 180
Trd, 000263.083, 181
Trd, 000263.133, 181
Trd, 000263.167, 184
Trd, 000263.333, 185
Trd, 000263.767, 174
Trd, 000264.517, 177
Trd, 000265.333, 176
Trd, 000266.117, 177
Trd, 000266.483, 177
Trd, 000267.717, 179
Trd, 000267.800, 180
Trd, 000268.167, 178
Trd, 000268.900, 176
Trd, 000268.967, 175
Trd, 000269.483, 179
Trd, 000270.533, 174
Trd, 000271.250, 178
Trd, 000271.317, 185
Trd, 000271.950, 199
Trd, 000272.033, 194
Trd, 000272.483, 184
Trd, 000272.733, 198
Trd, 000273.283, 195
Trd, 000274.050, 186
Trd, 000274.300, 186
Trd, 000275.217, 188
Trd, 000275.533, 185
Trd, 000275.633, 185
Trd, 000276.017, 182
Trd, 000276.117, 178
Trd, 000276.717, 183
Trd, 000277.267, 185
Trd, 000277.483, 175
Trd, 000278.350, 182
Trd, 000278.600, 184
Trd, 000278.633, 185
Trd, 000278.700, 187
Trd, 000278.717, 182
Trd, 000278.750, 188
Trd, 000278.800, 181
Trd, 000279.217, 189
Trd, 000280.350, 187
Trd, 000281.800, 181
Trd, 000281.867, 179
Trd, 000282.300, 185
Trd, 000282.633, 184
Trd, 000283.000, 182
Trd, 000283.233, 176
Trd, 000283.683, 180
Trd, 000284.317, 180
Trd, 000284.883, 180
Trd, 000285.050, 181
Trd, 000285.283, 181
Trd, 000286.200, 184
Trd, 000286.300, 185
Trd, 000286.400, 180
Trd, 000287.417, 180
Trd, 000287.650, 169
Trd, 000287.700, 186
Trd, 000288.083, 180
Trd, 000288.333, 188
Trd, 000288.867, 180
Trd, 000289.283, 181
Trd, 000289.533, 180
Trd, 000289.883, 190
Trd, 000290.550, 187
Trd, 000291.017, 182
Trd, 000291.100, 180
Trd, 000291.583, 177
Trd, 000291.767, 173
Trd, 000292.100, 177
Trd, 000292.350, 180
Trd, 000293.783, 179
Trd, 000294.350, 174
Trd, 000295.267, 179
Trd, 000295.800, 178
Trd, 000296.650, 180
Trd, 000297.067, 180
Trd, 000297.300, 180
Trd, 000297.383, 177
Trd, 000297.417, 181
Trd, 000297.600, 186
Trd, 000297.767, 178
Trd, 000297.883, 180
Trd, 000298.467, 181
Trd, 000298.767, 182
Trd, 000299.517, 177
Trd, 000299.867, 176
