Trd, 000001.700, 172
Trd, 000003.200, 151
Trd, 000003.217, 167
Trd, 000003.267, 139
Trd, 000003.733, 167
Trd, 000004.317, 166
Trd, 000004.883, 161
Trd, 000004.917, 148
Trd, 000004.983, 155
Trd, 000005.400, 168
Trd, 000006.917, 166
Trd, 000007.883, 163
Trd, 000008.500, 158
Trd, 000008.667, 157
Trd, 000009.017, 156
Trd, 000009.567, 161
Trd, 000010.133, 163
Trd, 000010.683, 157
Trd, 000010.783, 156
Trd, 000012.083, 156
Trd, 000012.333, 158
Trd, 000012.750, 142
Trd, 000013.417, 144
Trd, 000013.500, 137
Trd, 000014.150, 144
Trd, 000014.367, 156
Trd, 000016.283, 159
Trd, 000016.517, 171
Trd, 000016.617, 158
Trd, 000017.350, 163
Trd, 000018.050, 158
Trd, 000018.067, 157
Trd, 000020.517, 158
Trd, 000020.767, 158
Trd, 000021.233, 159
Trd, 000021.883, 158
Trd, 000021.950, 158
Trd, 000022.917, 159
Trd, 000023.233, 157
Trd, 000023.900, 156
Trd, 000024.050, 159
Trd, 000024.483, 156
Trd, 000025.300, 157
Trd, 000025.733, 156
Trd, 000026.200, 158
Trd, 000027.933, 155
Trd, 000027.950, 155
Trd, 000028.667, 157
Trd, 000029.183, 156
Trd, 000029.367, 155
Trd, 000029.850, 154
Trd, 000029.917, 158
Trd, 000030.767, 154
Trd, 000031.650, 155
Trd, 000031.933, 154
Trd, 000032.083, 153
Trd, 000032.200, 156
Trd, 000033.000, 155
Trd, 000034.983, 155
Trd, 000035.400, 156
Trd, 000035.417, 156
Trd, 000035.583, 156
Trd, 000035.750, 154
Trd, 000036.900, 155
Trd, 000037.017, 156
Trd, 000037.050, 155
Trd, 000038.300, 157
Trd, 000038.550, 157
Trd, 000039.417, 147
Trd, 000039.483, 148
Trd, 000039.850, 152
Trd, 000040.400, 155
Trd, 000041.067, 159
Trd, 000041.117, 160
Trd, 000042.367, 154
Trd, 000043.233, 159
Trd, 000043.433, 153
Trd, 000044.300, 154
Trd, 000045.000, 157
Trd, 000045.500, 156
Trd, 000045.650, 155
Trd, 000046.217, 156
Trd, 000046.750, 157
Trd, 000047.250, 163
Trd, 000048.833, 162
Trd, 000048.900, 165
Trd, 000049.167, 162
Trd, 000049.283, 161
Trd, 000049.400, 157
Trd, 000050.383, 161
Trd, 000051.517, 160
Trd, 000051.533, 159
Trd, 000051.550, 160
Trd, 000051.883, 167
Trd, 000053.250, 156
Trd, 000054.250, 151
Trd, 000054.300, 149
Trd, 000054.683, 153
Trd, 000055.450, 151
Trd, 000055.883, 156
Trd, 000056.117, 150
Trd, 000056.583, 156
Trd, 000058.233, 153
Trd, 000058.617, 153
Trd, 000059.200, 154
Trd, 000059.633, 158
Trd, 000060.383, 155
Trd, 000060.433, 153
Trd, 000060.517, 156
Trd, 000060.783, 147
Trd, 000061.550, 160
Trd, 000062.017, 161
Trd, 000062.133, 169
Trd, 000062.700, 161
Trd, 000063.300, 168
Trd, 000064.717, 160
Trd, 000064.733, 159
Trd, 000065.483, 159
Trd, 000066.100, 157
Trd, 000066.533, 157
Trd, 000066.550, 156
Trd, 000066.633, 162
Trd, 000067.650, 151
Trd, 000068.300, 154
Trd, 000068.417, 155
Trd, 000068.983, 179
Trd, 000069.300, 169
Trd, 000070.100, 160
Trd, 000071.367, 161
Trd, 000071.583, 179
Trd, 000071.950, 161
Trd, 000073.217, 189
Trd, 000073.250, 176
Trd, 000073.733, 177
Trd, 000074.133, 176
Trd, 000076.883, 170
Trd, 000077.267, 168
Trd, 000077.617, 168
Trd, 000078.083, 169
Trd, 000078.200, 164
Trd, 000078.683, 167
Trd, 000079.417, 169
Trd, 000079.933, 168
Trd, 000080.150, 166
Trd, 000080.933, 165
Trd, 000081.100, 165
Trd, 000082.250, 163
Trd, 000082.283, 167
Trd, 000083.633, 163
Trd, 000084.267, 164
Trd, 000084.483, 162
Trd, 000084.800, 160
Trd, 000085.617, 161
Trd, 000085.967, 159
Trd, 000086.017, 160
Trd, 000086.233, 162
Trd, 000088.067, 162
Trd, 000088.333, 163
Trd, 000088.533, 164
Trd, 000088.833, 156
Trd, 000089.000, 151
Trd, 000089.300, 166
Trd, 000090.717, 164
Trd, 000091.233, 165
Trd, 000092.250, 159
Trd, 000092.717, 162
Trd, 000092.983, 161
Trd, 000093.767, 160
Trd, 000094.300, 163
Trd, 000095.650, 163
Trd, 000095.700, 160
Trd, 000096.217, 160
Trd, 000097.050, 159
Trd, 000097.550, 160
Trd, 000098.067, 159
Trd, 000098.167, 161
Trd, 000098.817, 163
Trd, 000099.000, 159
Trd, 000099.450, 182
Trd, 000100.817, 168
Trd, 000102.067, 168
Trd, 000102.583, 168
Trd, 000102.717, 166
Trd, 000105.450, 165
Trd, 000105.867, 165
Trd, 000106.167, 163
Trd, 000107.500, 164
Trd, 000107.533, 162
Trd, 000107.600, 165
Trd, 000107.850, 164
Trd, 000108.467, 176
Trd, 000108.483, 182
Trd, 000110.133, 173
Trd, 000111.317, 169
Trd, 000112.083, 169
Trd, 000112.417, 170
Trd, 000113.683, 167
Trd, 000113.883, 167
Trd, 000114.800, 166
Trd, 000115.100, 166
Trd, 000115.350, 167
Trd, 000116.050, 166
Trd, 000117.167, 167
Trd, 000117.617, 165
Trd, 000118.117, 170
Trd, 000118.400, 171
Trd, 000118.483, 165
Trd, 000119.467, 167
Trd, 000120.667, 167
Trd, 000122.483, 169
Trd, 000122.650, 169
Trd, 000122.767, 175
Trd, 000122.867, 194
Trd, 000122.883, 198
Trd, 000122.983, 205
Trd, 000123.217, 212
Trd, 000123.567, 306.0
Trd, 000123.950, 303
Trd, 000124.050, 310.0
Trd, 000124.183, 335
Trd, 000124.767, 344.0
Trd, 000127.017, 353.0
Trd, 000128.817, 341
Trd, 000128.867, 342
Trd, 000129.817, 341.0
Trd, 000130.467, 342
Trd, 000131.483, 335.0
Trd, 000131.617, 342.0
Trd, 000132.183, 341
Trd, 000132.317, 341
Trd, 000132.333, 344.0
Trd, 000133.367, 351
Trd, 000133.600, 354.0
Trd, 000134.233, 355
Trd, 000134.567, 351.0
Trd, 000134.683, 351
Trd, 000135.783, 351
Trd, 000136.017, 355.0
Trd, 000136.417, 381.0
Trd, 000137.600, 356
Trd, 000138.067, 353.0
Trd, 000140.350, 356
Trd, 000140.650, 355
Trd, 000140.833, 349
Trd, 000141.583, 349
Trd, 000141.883, 355
Trd, 000141.917, 347
Trd, 000142.600, 352
Trd, 000142.900, 346
Trd, 000143.567, 350
Trd, 000143.650, 351
Trd, 000143.883, 350
Trd, 000144.483, 344
Trd, 000145.117, 342.0
Trd, 000146.583, 347
Trd, 000147.117, 347
Trd, 000148.383, 351
Trd, 000149.233, 348
Trd, 000149.867, 347
Trd, 000150.050, 348
Trd, 000150.317, 354
Trd, 000150.350, 355.0
Trd, 000150.783, 352
Trd, 000150.967, 352
Trd, 000152.850, 367
Trd, 000153.450, 351.0
Trd, 000153.800, 350
Trd, 000153.850, 347
Trd, 000154.283, 353
Trd, 000155.217, 352
Trd, 000155.333, 358
Trd, 000155.750, 351
Trd, 000156.567, 354.0
Trd, 000156.867, 346
Trd, 000157.450, 352
Trd, 000158.483, 352
Trd, 000158.733, 351
Trd, 000158.800, 351.0
Trd, 000159.667, 350
Trd, 000160.000, 350
Trd, 000160.717, 347
Trd, 000161.250, 344.0
Trd, 000161.350, 350
Trd, 000161.483, 334.0
Trd, 000161.800, 341.0
Trd, 000162.333, 343
Trd, 000162.383, 341
Trd, 000162.967, 344.0
Trd, 000163.467, 350
Trd, 000164.633, 342
Trd, 000164.650, 341
Trd, 000164.750, 340
Trd, 000165.150, 339
Trd, 000166.100, 343
Trd, 000166.717, 345
Trd, 000166.867, 345
Trd, 000168.333, 345
Trd, 000168.733, 346
Trd, 000169.533, 344
Trd, 000169.600, 346
Trd, 000169.850, 345
Trd, 000170.583, 346
Trd, 000171.517, 345
Trd, 000171.650, 348
Trd, 000171.750, 355.0
Trd, 000171.850, 372
Trd, 000173.083, 348
Trd, 000173.817, 348
Trd, 000173.867, 347
Trd, 000173.950, 360
Trd, 000174.683, 345
Trd, 000177.383, 353
Trd, 000177.633, 347
Trd, 000178.000, 347
Trd, 000179.033, 345
Trd, 000179.167, 344
Trd, 000179.867, 347
Trd, 000180.317, 347.0
Trd, 000180.550, 351
Trd, 000180.617, 355.0
Trd, 000181.817, 356
Trd, 000182.083, 346
Trd, 000182.350, 348
Trd, 000182.550, 344
Trd, 000182.867, 341.0
Trd, 000183.967, 320.0
Trd, 000184.067, 302
Trd, 000184.433, 290
Trd, 000184.550, 200
Trd, 000185.650, 193
Trd, 000186.533, 190
Trd, 000186.650, 177
Trd, 000186.800, 173
Trd, 000187.233, 191
Trd, 000187.883, 191
Trd, 000188.817, 179
Trd, 000189.600, 187
Trd, 000190.300, 174
Trd, 000190.883, 187
Trd, 000191.100, 188
Trd, 000192.517, 186
Trd, 000192.917, 182
Trd, 000193.033, 179
Trd, 000194.283, 180
Trd, 000194.683, 183
Trd, 000195.617, 179
Trd, 000196.267, 178
Trd, 000196.367, 177
Trd, 000197.033, 179
Trd, 000197.283, 175
Trd, 000198.583, 175
Trd, 000199.133, 177
Trd, 000199.500, 175
Trd, 000200.167, 175
Trd, 000201.517, 174
Trd, 000201.733, 173
Trd, 000201.900, 172
Trd, 000202.600, 174
Trd, 000203.250, 175
Trd, 000204.000, 175
Trd, 000204.100, 192
Trd, 000206.583, 174
Trd, 000207.833, 173
Trd, 000208.283, 174
Trd, 000209.417, 173
Trd, 000209.900, 174
Trd, 000209.967, 173
Trd, 000210.700, 174
Trd, 000210.900, 172
Trd, 000211.883, 172
Trd, 000211.900, 175
Trd, 000212.000, 170
Trd, 000212.050, 176
Trd, 000212.367, 177
Trd, 000215.633, 190
Trd, 000216.650, 181
Trd, 000217.267, 183
Trd, 000217.500, 182
Trd, 000217.783, 179
Trd, 000219.033, 180
Trd, 000219.183, 178
Trd, 000220.600, 177
Trd, 000221.167, 177
Trd, 000221.533, 176
Trd, 000222.200, 176
Trd, 000223.217, 176
Trd, 000223.950, 177
Trd, 000224.367, 176
Trd, 000225.017, 174
Trd, 000225.433, 174
Trd, 000225.767, 175
Trd, 000226.083, 174
Trd, 000227.017, 173
Trd, 000227.317, 173
Trd, 000228.267, 173
Trd, 000228.950, 171
Trd, 000229.100, 172
Trd, 000229.900, 172
Trd, 000230.483, 174
Trd, 000231.317, 175
Trd, 000231.517, 175
Trd, 000232.667, 174
Trd, 000234.717, 179
Trd, 000234.783, 178
Trd, 000235.167, 178
Trd, 000235.567, 179
Trd, 000235.700, 181
Trd, 000236.517, 179
Trd, 000236.650, 188
Trd, 000236.983, 189
Trd, 000237.017, 192
Trd, 000239.633, 196
Trd, 000239.933, 182
Trd, 000240.350, 187
Trd, 000240.850, 183
Trd, 000240.983, 184
Trd, 000241.267, 183
Trd, 000241.917, 181
Trd, 000242.033, 183
Trd, 000242.217, 181
Trd, 000242.300, 180
Trd, 000242.633, 182
Trd, 000243.117, 179
Trd, 000243.150, 180
Trd, 000243.533, 182
Trd, 000244.033, 178
Trd, 000244.550, 179
Trd, 000245.383, 176
Trd, 000245.767, 177
Trd, 000246.033, 176
Trd, 000246.383, 179
Trd, 000246.783, 176
Trd, 000246.950, 178
Trd, 000247.167, 178
Trd, 000247.233, 179
Trd, 000247.550, 179
Trd, 000248.200, 179
Trd, 000248.700, 176
Trd, 000248.783, 176
Trd, 000249.033, 175
Trd, 000249.383, 177
Trd, 000249.550, 177
Trd, 000249.967, 180
Trd, 000250.483, 177
Trd, 000250.833, 176
Trd, 000251.333, 181
Trd, 000252.133, 185
Trd, 000252.450, 182
Trd, 000253.467, 180
Trd, 000253.667, 176
Trd, 000253.900, 174
Trd, 000254.683, 170
Trd, 000254.983, 174
Trd, 000255.700, 173
Trd, 000255.717, 174
Trd, 000256.217, 175
Trd, 000256.267, 176
Trd, 000256.567, 171
Trd, 000257.850, 171
Trd, 000257.950, 170
Trd, 000258.117, 170
Trd, 000258.950, 172
Trd, 000259.467, 172
Trd, 000260.117, 175
Trd, 000260.417, 173
Trd, 000260.483, 170
Trd, 000260.500, 170
Trd, 000260.983, 177
Trd, 000261.000, 170
Trd, 000261.050, 178
Trd, 000261.467, 181
Trd, 000261.717, 191
Trd, 000262.883, 185
Trd, 000262.917, 186
Trd, 000263.717, 183
Trd, 000264.033, 179
Trd, 000264.283, 180
Trd, 000264.450, 184
Trd, 000264.483, 185
Trd, 000265.183, 179
Trd, 000266.150, 181
Trd, 000266.383, 180
Trd, 000266.583, 177
Trd, 000266.683, 176
Trd, 000267.183, 182
Trd, 000267.400, 179
Trd, 000268.267, 171
Trd, 000268.967, 176
Trd, 000271.017, 171
Trd, 000271.217, 170
Trd, 000271.267, 171
Trd, 000271.650, 173
Trd, 000271.833, 176
Trd, 000271.900, 177
Trd, 000272.083, 178
Trd, 000272.733, 178
Trd, 000273.117, 182
Trd, 000273.283, 180
Trd, 000273.833, 192
Trd, 000274.750, 179
Trd, 000274.867, 178
Trd, 000275.667, 178
Trd, 000275.883, 179
Trd, 000276.183, 178
Trd, 000276.533, 183
Trd, 000276.683, 179
Trd, 000276.700, 175
Trd, 000277.633, 171
Trd, 000277.833, 176
Trd, 000278.483, 177
Trd, 000278.750, 181
Trd, 000280.600, 177
Trd, 000280.850, 176
Trd, 000281.217, 176
Trd, 000281.367, 179
Trd, 000281.883, 179
Trd, 000282.567, 176
Trd, 000282.583, 177
Trd, 000282.650, 179
Trd, 000283.617, 188
Trd, 000284.400, 181
Trd, 000284.433, 179
Trd, 000284.650, 183
Trd, 000284.717, 184
Trd, 000284.917, 178
Trd, 000285.200, 173
Trd, 000285.433, 191
Trd, 000287.083, 185
Trd, 000287.817, 184
Trd, 000288.233, 186
Trd, 000288.283, 185
Trd, 000288.700, 184
Trd, 000289.133, 182
Trd, 000290.833, 183
Trd, 000290.850, 182
Trd, 000291.233, 184
Trd, 000291.367, 181
Trd, 000291.500, 183
Trd, 000291.533, 187
Trd, 000292.617, 181
Trd, 000292.767, 194
Trd, 000292.800, 202
Trd, 000293.833, 192
Trd, 000294.033, 193
Trd, 000294.333, 180
Trd, 000294.583, 180
Trd, 000295.183, 191
Trd, 000295.983, 183
Trd, 000296.233, 190
Trd, 000297.733, 186
Trd, 000297.883, 183
Trd, 000297.967, 183
Trd, 000298.850, 186
Trd, 000298.883, 187
Trd, 000298.917, 184
Trd, 000299.067, 187
Trd, 000299.100, 182
Trd, 000299.133, 181
Trd, 000299.200, 174
Trd, 000299.567, 171
