Trd, 000000.600, 137
Trd, 000001.383, 165
Trd, 000002.600, 159
Trd, 000004.783, 139
Trd, 000005.383, 147
Trd, 000005.483, 149
Trd, 000005.883, 148
Trd, 000007.183, 142
Trd, 000007.433, 141
Trd, 000008.033, 141
Trd, 000008.533, 144
Trd, 000008.550, 142
Trd, 000008.733, 144
Trd, 000008.817, 146
Trd, 000010.417, 146
Trd, 000010.550, 145
Trd, 000010.850, 142
Trd, 000011.433, 140
Trd, 000011.467, 145
Trd, 000011.950, 149
Trd, 000012.433, 142
Trd, 000012.967, 140
Trd, 000014.233, 145
Trd, 000015.167, 142
Trd, 000015.233, 144
Trd, 000015.400, 141
Trd, 000015.750, 138
Trd, 000015.850, 145
Trd, 000016.133, 151
Trd, 000016.617, 149
Trd, 000016.650, 156
Trd, 000018.367, 148
Trd, 000018.883, 149
Trd, 000019.000, 148
Trd, 000019.017, 152
Trd, 000019.650, 153
Trd, 000019.867, 152
Trd, 000019.967, 157
Trd, 000020.183, 147
Trd, 000022.550, 148
Trd, 000022.967, 152
Trd, 000023.183, 146
Trd, 000023.533, 153
Trd, 000023.567, 157
Trd, 000024.050, 153
Trd, 000024.267, 147
Trd, 000025.267, 147
Trd, 000025.333, 146
Trd, 000025.800, 151
Trd, 000025.950, 151
Trd, 000026.533, 151
Trd, 000026.600, 143
Trd, 000027.017, 140
Trd, 000027.550, 148
Trd, 000028.050, 149
Trd, 000029.667, 150
Trd, 000029.867, 150
Trd, 000031.867, 148
Trd, 000031.917, 149
Trd, 000031.933, 150
Trd, 000032.050, 148
Trd, 000032.267, 151
Trd, 000032.900, 147
Trd, 000033.250, 144
Trd, 000033.417, 152
Trd, 000033.767, 153
Trd, 000033.900, 154
Trd, 000034.583, 141
Trd, 000035.317, 141
Trd, 000035.583, 152
Trd, 000036.167, 141
Trd, 000037.550, 142
Trd, 000037.750, 149
Trd, 000038.567, 152
Trd, 000038.933, 141
Trd, 000039.633, 149
Trd, 000039.733, 138
Trd, 000040.683, 141
Trd, 000041.367, 142
Trd, 000041.600, 154
Trd, 000041.983, 155
Trd, 000042.967, 148
Trd, 000043.017, 144
Trd, 000043.317, 154
Trd, 000043.550, 154
Trd, 000043.900, 155
Trd, 000045.417, 149
Trd, 000046.567, 142
Trd, 000047.033, 141
Trd, 000047.200, 141
Trd, 000047.533, 138
Trd, 000048.183, 138
Trd, 000048.400, 141
Trd, 000048.567, 142
Trd, 000048.583, 145
Trd, 000049.800, 146
Trd, 000050.250, 149
Trd, 000051.333, 152
Trd, 000051.617, 153
Trd, 000051.800, 142
Trd, 000052.250, 149
Trd, 000053.083, 155
Trd, 000053.317, 142
Trd, 000053.500, 141
Trd, 000054.400, 155
Trd, 000055.700, 155
Trd, 000056.050, 150
Trd, 000056.250, 156
Trd, 000056.900, 153
Trd, 000056.933, 151
Trd, 000057.800, 157
Trd, 000058.083, 159
Trd, 000059.517, 154
Trd, 000060.283, 154
Trd, 000060.617, 155
Trd, 000062.233, 154
Trd, 000063.067, 152
Trd, 000063.100, 147
Trd, 000063.233, 153
Trd, 000063.683, 148
Trd, 000064.383, 143
Trd, 000064.483, 144
Trd, 000064.750, 150
Trd, 000065.067, 146
Trd, 000065.683, 157
Trd, 000065.733, 157
Trd, 000067.033, 154
Trd, 000067.300, 145
Trd, 000067.883, 144
Trd, 000068.033, 154
Trd, 000069.133, 152
Trd, 000069.967, 150
Trd, 000070.133, 148
Trd, 000070.233, 149
Trd, 000070.800, 151
Trd, 000071.250, 151
Trd, 000071.550, 150
Trd, 000071.867, 155
Trd, 000072.017, 150
Trd, 000072.183, 158
Trd, 000073.850, 150
Trd, 000074.083, 155
Trd, 000075.033, 154
Trd, 000075.533, 150
Trd, 000077.483, 147
Trd, 000078.433, 147
Trd, 000079.500, 151
Trd, 000080.150, 151
Trd, 000080.217, 150
Trd, 000080.283, 149
Trd, 000081.117, 149
Trd, 000081.300, 156
Trd, 000082.100, 151
Trd, 000082.450, 153
Trd, 000082.717, 151
Trd, 000083.583, 156
Trd, 000084.167, 157
Trd, 000084.517, 158
Trd, 000084.667, 153
Trd, 000085.500, 152
Trd, 000086.150, 149
Trd, 000086.333, 155
Trd, 000086.450, 145
Trd, 000087.650, 154
Trd, 000087.817, 155
Trd, 000088.717, 148
Trd, 000088.950, 156
Trd, 000090.183, 164
Trd, 000090.617, 162
Trd, 000091.333, 162
Trd, 000091.917, 162
Trd, 000091.967, 161
Trd, 000091.983, 157
Trd, 000092.600, 158
Trd, 000093.200, 163
Trd, 000094.567, 156
Trd, 000095.183, 155
Trd, 000095.600, 147
Trd, 000095.833, 160
Trd, 000095.883, 161
Trd, 000096.433, 148
Trd, 000096.767, 163
Trd, 000098.850, 163
Trd, 000099.150, 151
Trd, 000099.267, 165
Trd, 000100.467, 159
Trd, 000101.100, 159
Trd, 000103.167, 158
Trd, 000103.250, 159
Trd, 000103.583, 159
Trd, 000104.683, 159
Trd, 000104.767, 161
Trd, 000104.833, 158
Trd, 000105.100, 159
Trd, 000105.633, 163
Trd, 000106.667, 159
Trd, 000106.733, 164
Trd, 000107.183, 159
Trd, 000107.267, 158
Trd, 000107.867, 166
Trd, 000109.100, 168
Trd, 000110.583, 160
Trd, 000111.300, 159
Trd, 000111.517, 159
Trd, 000112.100, 160
Trd, 000113.183, 160
Trd, 000113.733, 162
Trd, 000113.850, 162
Trd, 000114.983, 163
Trd, 000115.017, 160
Trd, 000116.000, 164
Trd, 000117.067, 160
Trd, 000117.200, 161
Trd, 000117.317, 162
Trd, 000117.417, 159
Trd, 000117.533, 159
Trd, 000117.900, 152
Trd, 000118.683, 149
Trd, 000119.233, 161
Trd, 000119.650, 161
Trd, 000120.600, 154
Trd, 000120.717, 150
Trd, 000121.850, 156
Trd, 000122.067, 158
Trd, 000122.133, 166
Trd, 000122.550, 163
Trd, 000123.000, 167
Trd, 000123.100, 170
Trd, 000123.267, 213
Trd, 000123.450, 351.0
Trd, 000124.233, 325
Trd, 000124.567, 324.0
Trd, 000124.683, 330
Trd, 000125.617, 332
Trd, 000126.683, 337.0
Trd, 000128.383, 342.0
Trd, 000129.333, 355
Trd, 000129.917, 348.0
Trd, 000130.150, 345
Trd, 000130.300, 342
Trd, 000130.333, 350.0
Trd, 000130.633, 350.0
Trd, 000131.383, 351.0
Trd, 000132.050, 355.0
Trd, 000132.583, 342.0
Trd, 000132.950, 341.0
Trd, 000134.283, 342
Trd, 000135.417, 344
Trd, 000135.550, 343.0
Trd, 000135.667, 341.0
Trd, 000136.567, 343
Trd, 000136.767, 341
Trd, 000137.000, 342
Trd, 000137.283, 338.0
Trd, 000138.817, 342
Trd, 000139.717, 338
Trd, 000140.283, 341
Trd, 000140.717, 341.0
Trd, 000140.800, 343
Trd, 000140.917, 344.0
Trd, 000141.067, 340.0
Trd, 000141.133, 337.0
Trd, 000141.150, 336
Trd, 000142.000, 331.0
Trd, 000142.483, 337.0
Trd, 000142.983, 348
Trd, 000143.250, 351.0
Trd, 000143.333, 333
Trd, 000145.150, 343
Trd, 000145.450, 344
Trd, 000145.467, 345
Trd, 000145.717, 345
Trd, 000146.167, 338
Trd, 000147.650, 342.0
Trd, 000147.783, 345
Trd, 000148.033, 350.0
Trd, 000148.050, 351.0
Trd, 000148.117, 355.0
Trd, 000148.917, 344
Trd, 000150.950, 345
Trd, 000152.083, 343.0
Trd, 000152.100, 341.0
Trd, 000152.217, 346
Trd, 000152.300, 346
Trd, 000154.833, 339.0
Trd, 000154.933, 338.0
Trd, 000155.483, 338.0
Trd, 000156.317, 338.0
Trd, 000156.417, 340
Trd, 000157.000, 337.0
Trd, 000157.317, 336
Trd, 000157.717, 334
Trd, 000158.750, 339
Trd, 000159.583, 334
Trd, 000159.700, 348
Trd, 000159.850, 337.0
Trd, 000160.183, 342
Trd, 000160.217, 349.0
Trd, 000160.267, 351.0
Trd, 000161.283, 337
Trd, 000161.450, 336
Trd, 000162.650, 349.0
Trd, 000162.733, 335
Trd, 000163.200, 337.0
Trd, 000163.767, 344.0
Trd, 000165.467, 346
Trd, 000165.650, 339
Trd, 000166.117, 344
Trd, 000167.017, 342
Trd, 000167.500, 342
Trd, 000167.600, 343
Trd, 000167.683, 342
Trd, 000167.983, 342
Trd, 000168.533, 349
Trd, 000169.667, 344
Trd, 000169.900, 343
Trd, 000169.933, 343.0
Trd, 000170.183, 342
Trd, 000170.267, 344.0
Trd, 000170.317, 351.0
Trd, 000172.983, 342
Trd, 000173.483, 349
Trd, 000173.783, 343
Trd, 000173.867, 351
Trd, 000175.433, 345
Trd, 000175.683, 344
Trd, 000177.300, 347
Trd, 000177.317, 348
Trd, 000177.483, 349
Trd, 000177.667, 348
Trd, 000177.733, 347
Trd, 000178.150, 347
Trd, 000178.383, 351.0
Trd, 000178.600, 351
Trd, 000178.683, 344
Trd, 000179.683, 338.0
Trd, 000179.733, 337.0
Trd, 000180.950, 346
Trd, 000181.517, 349
Trd, 000182.367, 345
Trd, 000182.717, 339
Trd, 000183.217, 337.0
Trd, 000183.283, 326
Trd, 000183.683, 345
Trd, 000183.767, 302
Trd, 000184.433, 300.0
Trd, 000184.467, 238
Trd, 000184.783, 186
Trd, 000185.500, 218
Trd, 000185.817, 188
Trd, 000186.500, 186
Trd, 000187.867, 189
Trd, 000188.633, 183
Trd, 000189.133, 183
Trd, 000189.283, 181
Trd, 000189.467, 183
Trd, 000190.200, 174
Trd, 000190.667, 160
Trd, 000190.700, 174
Trd, 000191.100, 176
Trd, 000192.250, 160
Trd, 000192.550, 159
Trd, 000193.450, 166
Trd, 000193.900, 169
Trd, 000194.000, 169
Trd, 000194.467, 167
Trd, 000194.583, 169
Trd, 000194.750, 170
Trd, 000196.583, 170
Trd, 000197.267, 173
Trd, 000198.000, 171
Trd, 000198.333, 170
Trd, 000198.533, 174
Trd, 000199.767, 172
Trd, 000200.200, 175
Trd, 000200.783, 176
Trd, 000201.000, 170
Trd, 000201.200, 169
Trd, 000201.567, 168
Trd, 000202.683, 172
Trd, 000202.983, 171
Trd, 000203.483, 170
Trd, 000205.250, 170
Trd, 000205.450, 168
Trd, 000205.717, 171
Trd, 000206.033, 171
Trd, 000206.083, 171
Trd, 000206.667, 167
Trd, 000207.550, 167
Trd, 000207.567, 168
Trd, 000207.733, 171
Trd, 000207.833, 172
Trd, 000208.267, 172
Trd, 000208.417, 163
Trd, 000208.783, 158
Trd, 000209.317, 171
Trd, 000209.733, 162
Trd, 000210.200, 171
Trd, 000210.583, 162
Trd, 000211.950, 162
Trd, 000212.517, 170
Trd, 000214.167, 168
Trd, 000214.867, 167
Trd, 000215.300, 168
Trd, 000215.433, 169
Trd, 000215.767, 170
Trd, 000215.933, 166
Trd, 000216.133, 165
Trd, 000216.850, 171
Trd, 000216.983, 168
Trd, 000217.533, 167
Trd, 000217.917, 171
Trd, 000218.300, 172
Trd, 000218.367, 166
Trd, 000219.083, 172
Trd, 000219.217, 159
Trd, 000219.433, 174
Trd, 000222.200, 166
Trd, 000222.217, 165
Trd, 000222.733, 177
Trd, 000223.450, 173
Trd, 000224.167, 171
Trd, 000224.800, 171
Trd, 000225.383, 170
Trd, 000225.500, 171
Trd, 000225.767, 171
Trd, 000225.850, 169
Trd, 000226.467, 171
Trd, 000226.567, 173
Trd, 000227.617, 168
Trd, 000227.933, 160
Trd, 000227.967, 180
Trd, 000228.050, 188
Trd, 000229.833, 160
Trd, 000230.200, 177
Trd, 000230.400, 178
Trd, 000230.483, 181
Trd, 000230.567, 162
Trd, 000231.200, 178
Trd, 000231.483, 170
Trd, 000232.067, 168
Trd, 000232.483, 170
Trd, 000233.200, 166
Trd, 000233.500, 160
Trd, 000234.150, 167
Trd, 000234.200, 167
Trd, 000234.633, 164
Trd, 000234.767, 169
Trd, 000234.833, 171
Trd, 000234.883, 174
Trd, 000235.450, 164
Trd, 000238.867, 170
Trd, 000239.383, 170
Trd, 000239.500, 168
Trd, 000239.633, 167
Trd, 000240.233, 170
Trd, 000240.250, 171
Trd, 000240.533, 173
Trd, 000240.900, 163
Trd, 000241.283, 161
Trd, 000241.983, 169
Trd, 000242.867, 171
Trd, 000243.033, 170
Trd, 000243.150, 171
Trd, 000243.667, 171
Trd, 000243.867, 172
Trd, 000245.000, 173
Trd, 000245.217, 171
Trd, 000245.783, 172
Trd, 000246.017, 174
Trd, 000246.217, 179
Trd, 000246.283, 175
Trd, 000246.517, 174
Trd, 000246.783, 175
Trd, 000247.167, 175
Trd, 000247.433, 176
Trd, 000248.067, 164
Trd, 000248.267, 177
Trd, 000248.717, 162
Trd, 000249.800, 169
Trd, 000249.933, 171
Trd, 000250.733, 170
Trd, 000251.000, 174
Trd, 000251.217, 175
Trd, 000251.517, 173
Trd, 000252.033, 176
Trd, 000252.117, 172
Trd, 000252.283, 179
Trd, 000252.800, 175
Trd, 000253.117, 176
Trd, 000253.317, 171
Trd, 000253.817, 172
Trd, 000254.333, 176
Trd, 000254.733, 176
Trd, 000255.450, 177
Trd, 000255.483, 178
Trd, 000256.667, 173
Trd, 000256.917, 173
Trd, 000256.950, 173
Trd, 000257.617, 179
Trd, 000258.000, 168
Trd, 000258.383, 176
Trd, 000258.517, 177
Trd, 000258.700, 175
Trd, 000259.000, 176
Trd, 000259.367, 181
Trd, 000259.733, 177
Trd, 000259.817, 181
Trd, 000259.850, 183
Trd, 000259.933, 180
Trd, 000260.150, 177
Trd, 000260.833, 184
Trd, 000261.917, 176
Trd, 000262.483, 181
Trd, 000263.300, 175
Trd, 000263.717, 175
Trd, 000264.050, 174
Trd, 000264.550, 172
Trd, 000265.033, 177
Trd, 000265.850, 177
Trd, 000266.183, 178
Trd, 000266.533, 181
Trd, 000267.200, 183
Trd, 000267.833, 180
Trd, 000268.200, 176
Trd, 000268.567, 182
Trd, 000269.650, 184
Trd, 000270.117, 175
Trd, 000270.167, 174
Trd, 000271.300, 176
Trd, 000271.450, 176
Trd, 000271.717, 172
Trd, 000271.883, 176
Trd, 000271.933, 177
Trd, 000272.317, 177
Trd, 000272.417, 174
Trd, 000272.983, 171
Trd, 000273.167, 180
Trd, 000273.983, 168
Trd, 000274.050, 177
Trd, 000274.583, 178
Trd, 000274.633, 163
Trd, 000275.017, 178
Trd, 000275.117, 175
Trd, 000276.017, 175
Trd, 000276.200, 172
Trd, 000276.317, 175
Trd, 000276.650, 171
Trd, 000277.683, 175
Trd, 000277.833, 170
Trd, 000278.150, 165
Trd, 000278.217, 167
Trd, 000278.900, 174
Trd, 000280.617, 170
Trd, 000280.633, 176
Trd, 000280.733, 169
Trd, 000280.933, 173
Trd, 000281.117, 174
Trd, 000281.233, 179
Trd, 000281.283, 178
Trd, 000282.017, 182
Trd, 000282.100, 183
Trd, 000282.250, 186
Trd, 000282.767, 183
Trd, 000283.567, 174
Trd, 000285.133, 175
Trd, 000285.583, 174
Trd, 000285.633, 169
Trd, 000286.167, 170
Trd, 000286.833, 171
Trd, 000286.850, 172
Trd, 000287.033, 170
Trd, 000287.083, 170
Trd, 000287.283, 172
Trd, 000287.467, 173
Trd, 000287.567, 166
Trd, 000288.000, 175
Trd, 000288.200, 163
Trd, 000288.583, 177
Trd, 000289.433, 178
Trd, 000289.583, 162
Trd, 000290.383, 179
Trd, 000290.433, 165
Trd, 000290.567, 187
Trd, 000290.833, 191
Trd, 000291.000, 179
Trd, 000291.367, 171
Trd, 000291.650, 187
Trd, 000292.000, 183
Trd, 000292.433, 190
Trd, 000292.817, 185
Trd, 000293.217, 186
Trd, 000293.683, 183
Trd, 000293.717, 187
Trd, 000293.767, 167
Trd, 000294.033, 166
Trd, 000294.900, 180
Trd, 000295.000, 163
Trd, 000295.333, 179
Trd, 000295.933, 179
Trd, 000296.567, 172
Trd, 000297.250, 170
Trd, 000297.700, 178
Trd, 000297.883, 179
Trd, 000299.033, 177
Trd, 000299.317, 179
Trd, 000299.433, 179
Trd, 000299.833, 188
