Trd, 000001.433, 148
Trd, 000002.900, 160
Trd, 000004.383, 155
Trd, 000004.800, 163
Trd, 000005.050, 164
Trd, 000005.350, 162
Trd, 000005.833, 153
Trd, 000006.067, 149
Trd, 000006.167, 148
Trd, 000008.167, 156
Trd, 000008.550, 157
Trd, 000008.933, 154
Trd, 000010.233, 158
Trd, 000010.583, 154
Trd, 000010.883, 154
Trd, 000010.983, 158
Trd, 000011.050, 159
Trd, 000012.050, 153
Trd, 000012.300, 157
Trd, 000014.133, 157
Trd, 000014.533, 157
Trd, 000015.450, 155
Trd, 000015.483, 153
Trd, 000016.017, 152
Trd, 000016.433, 155
Trd, 000016.733, 152
Trd, 000017.617, 157
Trd, 000017.733, 159
Trd, 000018.167, 159
Trd, 000019.483, 152
Trd, 000019.633, 157
Trd, 000020.633, 151
Trd, 000021.000, 151
Trd, 000022.433, 151
Trd, 000022.617, 152
Trd, 000023.667, 159
Trd, 000023.967, 152
Trd, 000024.000, 150
Trd, 000024.100, 155
Trd, 000024.867, 160
Trd, 000025.333, 158
Trd, 000026.233, 170
Trd, 000026.633, 161
Trd, 000027.117, 162
Trd, 000027.483, 158
Trd, 000027.500, 164
Trd, 000028.350, 164
Trd, 000029.250, 151
Trd, 000031.017, 163
Trd, 000031.083, 162
Trd, 000031.533, 160
Trd, 000032.067, 162
Trd, 000033.033, 159
Trd, 000033.483, 146
Trd, 000034.033, 154
Trd, 000034.367, 155
Trd, 000035.000, 154
Trd, 000035.550, 154
Trd, 000035.833, 155
Trd, 000036.867, 153
Trd, 000037.450, 153
Trd, 000038.283, 162
Trd, 000039.733, 154
Trd, 000040.333, 152
Trd, 000040.350, 156
Trd, 000040.517, 156
Trd, 000041.250, 151
Trd, 000041.800, 139
Trd, 000041.867, 155
Trd, 000042.867, 155
Trd, 000043.733, 147
Trd, 000044.400, 151
Trd, 000044.417, 152
Trd, 000044.433, 156
Trd, 000044.983, 150
Trd, 000046.067, 153
Trd, 000046.450, 163
Trd, 000046.783, 148
Trd, 000047.183, 160
Trd, 000048.067, 160
Trd, 000049.583, 167
Trd, 000050.417, 159
Trd, 000051.650, 160
Trd, 000051.967, 158
Trd, 000052.200, 157
Trd, 000052.717, 159
Trd, 000052.850, 159
Trd, 000053.017, 154
Trd, 000053.567, 162
Trd, 000054.000, 153
Trd, 000055.400, 162
Trd, 000055.783, 163
Trd, 000058.150, 158
Trd, 000059.567, 156
Trd, 000060.300, 156
Trd, 000060.383, 157
Trd, 000060.783, 153
Trd, 000060.933, 155
Trd, 000061.117, 152
Trd, 000064.383, 152
Trd, 000064.683, 153
Trd, 000065.167, 151
Trd, 000065.333, 151
Trd, 000065.400, 155
Trd, 000065.483, 143
Trd, 000067.117, 155
Trd, 000067.633, 148
Trd, 000068.500, 157
Trd, 000068.533, 147
Trd, 000068.983, 149
Trd, 000069.067, 164
Trd, 000070.583, 169
Trd, 000070.750, 158
Trd, 000071.083, 156
Trd, 000072.267, 166
Trd, 000073.150, 156
Trd, 000074.017, 156
Trd, 000074.117, 159
Trd, 000074.500, 160
Trd, 000074.917, 155
Trd, 000076.550, 154
Trd, 000076.767, 154
Trd, 000078.133, 159
Trd, 000079.417, 158
Trd, 000079.950, 156
Trd, 000080.000, 157
Trd, 000080.417, 159
Trd, 000080.483, 161
Trd, 000080.567, 153
Trd, 000081.567, 166
Trd, 000081.950, 175
Trd, 000082.650, 180
Trd, 000083.383, 173
Trd, 000083.983, 173
Trd, 000084.533, 168
Trd, 000085.250, 171
Trd, 000085.800, 171
Trd, 000086.217, 169
Trd, 000086.383, 168
Trd, 000086.800, 158
Trd, 000088.017, 156
Trd, 000089.067, 162
Trd, 000089.917, 154
Trd, 000090.583, 159
Trd, 000090.683, 158
Trd, 000090.833, 155
Trd, 000091.583, 158
Trd, 000091.783, 159
Trd, 000091.967, 151
Trd, 000093.300, 167
Trd, 000093.433, 152
Trd, 000093.450, 150
Trd, 000094.433, 164
Trd, 000094.983, 161
Trd, 000095.617, 168
Trd, 000096.200, 152
Trd, 000097.450, 154
Trd, 000097.917, 153
Trd, 000098.633, 152
Trd, 000098.850, 161
Trd, 000100.467, 157
Trd, 000100.617, 156
Trd, 000100.950, 160
Trd, 000101.800, 159
Trd, 000102.250, 159
Trd, 000103.517, 157
Trd, 000103.550, 158
Trd, 000105.183, 157
Trd, 000105.883, 158
Trd, 000106.267, 161
Trd, 000106.583, 157
Trd, 000106.767, 168
Trd, 000107.133, 156
Trd, 000107.533, 153
Trd, 000108.683, 163
Trd, 000109.767, 163
Trd, 000109.983, 161
Trd, 000110.783, 165
Trd, 000111.967, 160
Trd, 000113.100, 160
Trd, 000113.633, 163
Trd, 000113.950, 162
Trd, 000114.383, 162
Trd, 000114.800, 159
Trd, 000115.017, 158
Trd, 000115.067, 163
Trd, 000115.300, 164
Trd, 000115.650, 164
Trd, 000116.567, 157
Trd, 000117.150, 157
Trd, 000117.400, 152
Trd, 000117.517, 169
Trd, 000119.350, 169
Trd, 000119.767, 157
Trd, 000121.117, 158
Trd, 000121.200, 167
Trd, 000121.417, 166
Trd, 000122.083, 168
Trd, 000122.100, 178
Trd, 000122.650, 191
Trd, 000123.667, 194
Trd, 000124.100, 303.0
Trd, 000124.900, 233
Trd, 000125.033, 310.0
Trd, 000125.083, 329
Trd, 000125.600, 348
Trd, 000126.083, 337.0
Trd, 000126.400, 347
Trd, 000127.400, 328.0
Trd, 000127.817, 329
Trd, 000129.083, 329.0
Trd, 000130.000, 334.0
Trd, 000130.467, 332
Trd, 000130.500, 337.0
Trd, 000131.500, 343
Trd, 000132.400, 341
Trd, 000132.550, 332.0
Trd, 000132.633, 326
Trd, 000133.067, 343
Trd, 000136.283, 344
Trd, 000137.500, 338.0
Trd, 000137.567, 346
Trd, 000137.900, 347
Trd, 000138.400, 337
Trd, 000138.650, 334.0
Trd, 000139.133, 338
Trd, 000140.800, 348
Trd, 000141.283, 338
Trd, 000141.833, 337
Trd, 000142.067, 350
Trd, 000142.333, 344
Trd, 000144.067, 352
Trd, 000144.417, 340
Trd, 000145.217, 349
Trd, 000145.283, 340.0
Trd, 000145.883, 338
Trd, 000146.817, 350
Trd, 000147.000, 351
Trd, 000149.333, 349
Trd, 000149.750, 343
Trd, 000150.350, 343
Trd, 000150.667, 354
Trd, 000150.950, 357
Trd, 000151.200, 355
Trd, 000151.250, 354
Trd, 000151.783, 358
Trd, 000152.267, 353
Trd, 000152.733, 347
Trd, 000153.933, 350
Trd, 000154.383, 348
Trd, 000154.650, 346
Trd, 000157.483, 351
Trd, 000157.617, 358
Trd, 000157.783, 346.0
Trd, 000158.517, 337.0
Trd, 000158.583, 352
Trd, 000159.100, 353
Trd, 000159.450, 349
Trd, 000161.450, 342
Trd, 000161.750, 343
Trd, 000162.500, 341
Trd, 000162.600, 340
Trd, 000163.400, 337.0
Trd, 000164.500, 339
Trd, 000165.700, 341.0
Trd, 000165.967, 347
Trd, 000166.083, 338.0
Trd, 000166.367, 337.0
Trd, 000166.783, 336
Trd, 000167.050, 334.0
Trd, 000167.867, 340
Trd, 000168.500, 344
Trd, 000168.917, 350
Trd, 000169.433, 353
Trd, 000169.867, 358
Trd, 000170.933, 349
Trd, 000171.267, 365.0
Trd, 000172.633, 349
Trd, 000172.733, 339
Trd, 000172.950, 354
Trd, 000173.400, 348.0
Trd, 000176.367, 353
Trd, 000176.500, 349
Trd, 000177.200, 350
Trd, 000177.417, 349
Trd, 000177.483, 347
Trd, 000178.983, 350
Trd, 000179.967, 344
Trd, 000180.717, 346
Trd, 000181.417, 349
Trd, 000181.433, 346
Trd, 000181.700, 344
Trd, 000181.817, 348
Trd, 000181.850, 349
Trd, 000182.233, 338.0
Trd, 000182.467, 337.0
Trd, 000182.650, 323
Trd, 000182.833, 313.0
Trd, 000182.950, 301
Trd, 000183.117, 300.0
Trd, 000183.350, 269
Trd, 000183.633, 316
Trd, 000185.683, 197
Trd, 000185.900, 179
Trd, 000185.917, 176
Trd, 000186.483, 180
Trd, 000187.683, 184
Trd, 000188.367, 187
Trd, 000189.433, 189
Trd, 000189.467, 184
Trd, 000190.350, 184
Trd, 000191.600, 183
Trd, 000192.450, 182
Trd, 000193.083, 181
Trd, 000193.650, 182
Trd, 000193.900, 181
Trd, 000194.383, 179
Trd, 000195.233, 181
Trd, 000196.633, 178
Trd, 000197.100, 179
Trd, 000198.350, 181
Trd, 000198.383, 178
Trd, 000200.317, 166
Trd, 000200.683, 174
Trd, 000201.783, 175
Trd, 000201.967, 173
Trd, 000202.317, 168
Trd, 000202.850, 175
Trd, 000203.517, 176
Trd, 000205.000, 174
Trd, 000205.417, 178
Trd, 000205.750, 188
Trd, 000205.967, 168
Trd, 000206.850, 175
Trd, 000206.967, 179
Trd, 000207.900, 179
Trd, 000208.433, 175
Trd, 000209.233, 178
Trd, 000210.100, 174
Trd, 000210.450, 178
Trd, 000211.267, 174
Trd, 000212.600, 168
Trd, 000212.783, 177
Trd, 000214.067, 177
Trd, 000214.267, 178
Trd, 000214.283, 172
Trd, 000214.650, 179
Trd, 000216.267, 176
Trd, 000216.900, 174
Trd, 000217.317, 173
Trd, 000218.000, 174
Trd, 000218.433, 176
Trd, 000218.883, 178
Trd, 000219.150, 180
Trd, 000219.950, 172
Trd, 000221.367, 176
Trd, 000221.433, 173
Trd, 000221.850, 172
Trd, 000223.117, 171
Trd, 000224.217, 170
Trd, 000224.400, 177
Trd, 000224.883, 184
Trd, 000225.000, 170
Trd, 000225.500, 178
Trd, 000226.117, 171
Trd, 000226.433, 160
Trd, 000226.517, 179
Trd, 000227.433, 179
Trd, 000227.783, 181
Trd, 000227.850, 162
Trd, 000230.200, 174
Trd, 000231.067, 183
Trd, 000231.717, 171
Trd, 000231.900, 171
Trd, 000233.100, 170
Trd, 000233.483, 157
Trd, 000234.467, 171
Trd, 000234.733, 172
Trd, 000234.817, 173
Trd, 000235.033, 173
Trd, 000235.583, 170
Trd, 000235.667, 175
Trd, 000236.633, 176
Trd, 000237.050, 175
Trd, 000237.683, 175
Trd, 000237.900, 173
Trd, 000238.733, 172
Trd, 000239.350, 172
Trd, 000240.167, 171
Trd, 000240.717, 169
Trd, 000240.817, 175
Trd, 000241.200, 173
Trd, 000241.650, 175
Trd, 000241.833, 174
Trd, 000242.450, 178
Trd, 000243.100, 174
Trd, 000244.183, 174
Trd, 000244.817, 174
Trd, 000245.050, 172
Trd, 000245.150, 174
Trd, 000245.817, 181
Trd, 000246.567, 178
Trd, 000246.767, 175
Trd, 000246.967, 176
Trd, 000246.983, 173
Trd, 000247.083, 179
Trd, 000248.217, 176
Trd, 000248.600, 177
Trd, 000248.767, 174
Trd, 000248.883, 173
Trd, 000249.383, 166
Trd, 000249.900, 174
Trd, 000250.017, 178
Trd, 000250.100, 171
Trd, 000250.950, 178
Trd, 000252.067, 174
Trd, 000252.600, 173
Trd, 000253.283, 181
Trd, 000254.067, 178
Trd, 000254.517, 180
Trd, 000255.617, 177
Trd, 000256.317, 176
Trd, 000256.983, 176
Trd, 000257.050, 176
Trd, 000257.283, 176
Trd, 000257.633, 173
Trd, 000258.050, 172
Trd, 000258.167, 165
Trd, 000258.800, 163
Trd, 000259.083, 173
Trd, 000260.083, 174
Trd, 000260.600, 174
Trd, 000261.083, 173
Trd, 000261.200, 172
Trd, 000261.317, 174
Trd, 000261.650, 174
Trd, 000262.150, 171
Trd, 000262.550, 171
Trd, 000262.800, 175
Trd, 000262.917, 177
Trd, 000263.100, 170
Trd, 000263.467, 180
Trd, 000264.483, 180
Trd, 000265.633, 178
Trd, 000265.800, 181
Trd, 000266.550, 184
Trd, 000266.700, 181
Trd, 000267.700, 181
Trd, 000267.900, 178
Trd, 000268.383, 181
Trd, 000269.550, 181
Trd, 000269.700, 179
Trd, 000270.150, 178
Trd, 000270.333, 181
Trd, 000271.500, 176
Trd, 000271.633, 175
Trd, 000271.900, 164
Trd, 000272.617, 180
Trd, 000272.633, 185
Trd, 000272.667, 185
Trd, 000273.583, 186
Trd, 000273.917, 187
Trd, 000274.467, 184
Trd, 000274.933, 186
Trd, 000275.100, 181
Trd, 000275.617, 178
Trd, 000275.667, 175
Trd, 000275.683, 183
Trd, 000276.417, 181
Trd, 000276.517, 179
Trd, 000277.000, 177
Trd, 000277.117, 184
Trd, 000277.783, 188
Trd, 000278.417, 183
Trd, 000278.983, 179
Trd, 000279.000, 183
Trd, 000279.567, 182
Trd, 000280.067, 186
Trd, 000280.250, 179
Trd, 000281.050, 186
Trd, 000281.117, 186
Trd, 000281.800, 178
Trd, 000282.483, 177
Trd, 000283.183, 186
Trd, 000283.700, 186
Trd, 000284.500, 176
Trd, 000284.650, 183
Trd, 000285.117, 165
Trd, 000285.483, 166
Trd, 000285.783, 189
Trd, 000286.367, 190
Trd, 000286.433, 186
Trd, 000286.867, 181
Trd, 000286.950, 190
Trd, 000287.567, 180
Trd, 000288.800, 182
Trd, 000288.817, 179
Trd, 000288.950, 184
Trd, 000289.050, 185
Trd, 000289.850, 179
Trd, 000289.883, 177
Trd, 000290.433, 177
Trd, 000290.467, 186
Trd, 000291.600, 184
Trd, 000291.867, 187
Trd, 000292.300, 166
Trd, 000292.833, 168
Trd, 000293.167, 188
Trd, 000293.333, 192
Trd, 000293.417, 196
Trd, 000294.117, 189
Trd, 000294.683, 177
Trd, 000295.050, 187
Trd, 000295.267, 178
Trd, 000295.450, 178
Trd, 000295.533, 177
Trd, 000296.217, 184
Trd, 000296.333, 183
Trd, 000297.417, 181
Trd, 000297.917, 185
Trd, 000298.050, 169
Trd, 000298.200, 188
Trd, 000298.283, 199
Trd, 000298.567, 167
Trd, 000299.483, 190
