Trd, 000001.467, 133
Trd, 000001.967, 134
Trd, 000003.333, 147
Trd, 000003.667, 131
Trd, 000003.883, 152
Trd, 000004.133, 134
Trd, 000005.733, 136
Trd, 000005.750, 169
Trd, 000006.583, 146
Trd, 000006.733, 148
Trd, 000006.917, 145
Trd, 000007.367, 145
Trd, 000008.800, 147
Trd, 000008.967, 161
Trd, 000009.100, 162
Trd, 000010.483, 136
Trd, 000012.300, 151
Trd, 000012.467, 151
Trd, 000013.667, 161
Trd, 000014.033, 161
Trd, 000014.483, 161
Trd, 000014.800, 158
Trd, 000015.300, 163
Trd, 000015.733, 166
Trd, 000015.883, 174
Trd, 000016.750, 162
Trd, 000017.133, 164
Trd, 000017.350, 155
Trd, 000018.350, 167
Trd, 000018.400, 151
Trd, 000018.867, 169
Trd, 000019.517, 148
Trd, 000020.783, 164
Trd, 000022.233, 160
Trd, 000022.817, 159
Trd, 000023.533, 152
Trd, 000023.583, 160
Trd, 000023.900, 152
Trd, 000024.050, 148
Trd, 000024.600, 148
Trd, 000025.150, 146
Trd, 000025.433, 148
Trd, 000025.633, 150
Trd, 000026.567, 162
Trd, 000026.883, 151
Trd, 000028.367, 152
Trd, 000028.533, 152
Trd, 000028.983, 153
Trd, 000030.250, 150
Trd, 000030.350, 165
Trd, 000030.417, 167
Trd, 000031.467, 152
Trd, 000031.783, 157
Trd, 000032.067, 158
Trd, 000032.217, 153
Trd, 000033.700, 153
Trd, 000034.100, 164
Trd, 000035.767, 152
Trd, 000036.000, 152
Trd, 000036.083, 158
Trd, 000037.817, 153
Trd, 000037.900, 156
Trd, 000038.017, 166
Trd, 000038.367, 150
Trd, 000039.083, 158
Trd, 000039.667, 140
Trd, 000040.100, 158
Trd, 000040.417, 159
Trd, 000040.817, 169
Trd, 000041.967, 159
Trd, 000042.983, 161
Trd, 000043.217, 160
Trd, 000043.467, 155
Trd, 000043.517, 161
Trd, 000044.100, 151
Trd, 000044.650, 160
Trd, 000045.617, 159
Trd, 000046.083, 165
Trd, 000047.250, 158
Trd, 000047.350, 155
Trd, 000047.483, 166
Trd, 000048.017, 155
Trd, 000048.233, 161
Trd, 000048.917, 155
Trd, 000049.550, 161
Trd, 000051.733, 157
Trd, 000051.833, 153
Trd, 000051.867, 157
Trd, 000052.950, 167
Trd, 000053.283, 168
Trd, 000054.033, 153
Trd, 000054.450, 152
Trd, 000055.883, 158
Trd, 000056.117, 160
Trd, 000057.400, 156
Trd, 000057.583, 153
Trd, 000057.600, 155
Trd, 000059.250, 152
Trd, 000059.683, 151
Trd, 000059.867, 152
Trd, 000059.883, 142
Trd, 000059.917, 156
Trd, 000059.950, 168
Trd, 000060.750, 142
Trd, 000061.250, 150
Trd, 000062.517, 171
Trd, 000062.817, 163
Trd, 000063.150, 154
Trd, 000064.000, 153
Trd, 000064.100, 168
Trd, 000064.983, 162
Trd, 000066.083, 163
Trd, 000067.567, 161
Trd, 000067.633, 157
Trd, 000067.817, 164
Trd, 000068.300, 166
Trd, 000068.917, 162
Trd, 000069.100, 163
Trd, 000069.883, 160
Trd, 000070.200, 157
Trd, 000071.967, 162
Trd, 000072.067, 154
Trd, 000072.117, 155
Trd, 000072.667, 160
Trd, 000072.983, 160
Trd, 000073.600, 158
Trd, 000073.683, 159
Trd, 000075.400, 156
Trd, 000076.017, 170
Trd, 000077.117, 166
Trd, 000077.250, 165
Trd, 000077.967, 163
Trd, 000078.017, 163
Trd, 000078.883, 167
Trd, 000079.317, 162
Trd, 000080.033, 159
Trd, 000080.217, 158
Trd, 000080.300, 163
Trd, 000080.317, 164
Trd, 000080.933, 155
Trd, 000082.000, 149
Trd, 000082.400, 156
Trd, 000082.500, 173
Trd, 000084.133, 151
Trd, 000084.367, 160
Trd, 000084.617, 161
Trd, 000084.767, 151
Trd, 000085.917, 160
Trd, 000086.350, 160
Trd, 000086.400, 148
Trd, 000086.567, 163
Trd, 000087.817, 160
Trd, 000089.233, 160
Trd, 000090.050, 161
Trd, 000090.950, 162
Trd, 000091.217, 169
Trd, 000092.450, 162
Trd, 000093.000, 164
Trd, 000093.883, 161
Trd, 000094.533, 160
Trd, 000095.450, 160
Trd, 000095.600, 158
Trd, 000096.200, 175
Trd, 000096.450, 144
Trd, 000096.717, 143
Trd, 000096.950, 159
Trd, 000097.183, 158
Trd, 000098.233, 157
Trd, 000098.300, 158
Trd, 000098.950, 151
Trd, 000099.633, 158
Trd, 000099.850, 152
Trd, 000100.850, 153
Trd, 000101.233, 176
Trd, 000102.033, 177
Trd, 000102.683, 173
Trd, 000102.800, 155
Trd, 000102.817, 177
Trd, 000103.617, 144
Trd, 000105.267, 170
Trd, 000106.133, 165
Trd, 000106.533, 159
Trd, 000107.450, 169
Trd, 000107.983, 163
Trd, 000108.783, 160
Trd, 000108.933, 165
Trd, 000109.550, 164
Trd, 000109.567, 165
Trd, 000109.833, 164
Trd, 000110.783, 173
Trd, 000112.200, 167
Trd, 000112.383, 171
Trd, 000113.200, 173
Trd, 000114.417, 170
Trd, 000115.550, 175
Trd, 000116.100, 172
Trd, 000116.783, 168
Trd, 000118.233, 176
Trd, 000118.717, 173
Trd, 000119.450, 177
Trd, 000119.533, 164
Trd, 000119.667, 184
Trd, 000120.050, 196
Trd, 000121.433, 167
Trd, 000121.450, 171
Trd, 000122.150, 171
Trd, 000122.783, 179
Trd, 000123.017, 196
Trd, 000123.183, 205
Trd, 000123.233, 216
Trd, 000123.550, 276
Trd, 000123.617, 246
Trd, 000124.200, 309
Trd, 000124.600, 317.0
Trd, 000124.667, 331.0
Trd, 000125.150, 334.0
Trd, 000126.167, 329
Trd, 000126.183, 336.0
Trd, 000126.833, 320
Trd, 000127.517, 335.0
Trd, 000128.017, 337.0
Trd, 000128.383, 349
Trd, 000128.400, 362.0
Trd, 000128.800, 334
Trd, 000129.633, 330
Trd, 000129.917, 331.0
Trd, 000130.183, 334.0
Trd, 000132.400, 332
Trd, 000132.767, 322
Trd, 000133.000, 335
Trd, 000133.800, 362.0
Trd, 000134.283, 332
Trd, 000134.900, 340
Trd, 000135.617, 359
Trd, 000136.050, 335
Trd, 000136.500, 335.0
Trd, 000136.817, 342
Trd, 000137.350, 342
Trd, 000137.933, 337
Trd, 000138.033, 336
Trd, 000138.200, 335
Trd, 000138.583, 338
Trd, 000138.600, 334.0
Trd, 000138.800, 333
Trd, 000139.467, 338
Trd, 000140.717, 339
Trd, 000141.317, 338
Trd, 000141.550, 339
Trd, 000143.167, 344
Trd, 000143.400, 359
Trd, 000143.783, 362.0
Trd, 000143.850, 365
Trd, 000144.583, 379
Trd, 000144.767, 349
Trd, 000145.717, 347
Trd, 000145.933, 352
Trd, 000146.517, 353
Trd, 000146.950, 350
Trd, 000148.250, 353
Trd, 000148.733, 353
Trd, 000148.817, 347
Trd, 000149.283, 353
Trd, 000150.433, 346
Trd, 000150.850, 354
Trd, 000150.917, 343
Trd, 000151.550, 338
Trd, 000152.183, 334.0
Trd, 000153.367, 349
Trd, 000153.733, 335.0
Trd, 000154.600, 350
Trd, 000155.950, 350
Trd, 000157.150, 348
Trd, 000157.383, 347
Trd, 000158.867, 348
Trd, 000159.017, 349
Trd, 000159.150, 346
Trd, 000159.783, 347
Trd, 000159.967, 346
Trd, 000160.167, 348
Trd, 000161.000, 344
Trd, 000161.250, 343
Trd, 000161.433, 347
Trd, 000161.983, 342
Trd, 000162.133, 348
Trd, 000162.300, 336.0
Trd, 000162.833, 343
Trd, 000163.767, 335.0
Trd, 000166.283, 341
Trd, 000166.300, 342
Trd, 000166.917, 345
Trd, 000167.167, 346
Trd, 000167.317, 339
Trd, 000168.267, 357
Trd, 000168.500, 349
Trd, 000168.767, 362.0
Trd, 000168.867, 339
Trd, 000169.683, 353
Trd, 000169.900, 363
Trd, 000171.567, 349
Trd, 000171.750, 343
Trd, 000171.933, 340
Trd, 000172.717, 335.0
Trd, 000173.600, 345
Trd, 000173.833, 343
Trd, 000173.950, 345
Trd, 000173.967, 336
Trd, 000175.883, 347
Trd, 000176.433, 345
Trd, 000176.933, 346
Trd, 000176.983, 362.0
Trd, 000178.133, 363
Trd, 000179.067, 348
Trd, 000179.500, 343
Trd, 000179.567, 331.0
Trd, 000179.967, 347
Trd, 000180.883, 348
Trd, 000181.117, 348
Trd, 000181.267, 340
Trd, 000182.050, 338
Trd, 000183.367, 334.0
Trd, 000183.683, 323
Trd, 000183.800, 317.0
Trd, 000184.033, 202
Trd, 000184.400, 195
Trd, 000184.683, 218
Trd, 000185.517, 189
Trd, 000185.950, 146
Trd, 000186.267, 153
Trd, 000186.417, 161
Trd, 000187.417, 188
Trd, 000187.483, 189
Trd, 000188.133, 180
Trd, 000188.183, 176
Trd, 000189.717, 182
Trd, 000189.783, 191
Trd, 000190.567, 202
Trd, 000191.217, 190
Trd, 000191.367, 180
Trd, 000192.317, 177
Trd, 000192.667, 178
Trd, 000192.983, 179
Trd, 000195.150, 174
Trd, 000195.367, 173
Trd, 000195.950, 168
Trd, 000195.983, 176
Trd, 000196.550, 154
Trd, 000197.250, 155
Trd, 000198.033, 154
Trd, 000198.850, 157
Trd, 000199.883, 164
Trd, 000200.083, 163
Trd, 000200.517, 164
Trd, 000200.883, 159
Trd, 000201.200, 183
Trd, 000201.317, 184
Trd, 000201.500, 167
Trd, 000201.600, 169
Trd, 000202.517, 170
Trd, 000202.717, 184
Trd, 000203.417, 172
Trd, 000203.883, 169
Trd, 000204.283, 166
Trd, 000205.050, 171
Trd, 000205.883, 169
Trd, 000206.150, 170
Trd, 000206.567, 185
Trd, 000206.983, 193
Trd, 000207.050, 207
Trd, 000207.783, 205
Trd, 000208.100, 184
Trd, 000208.800, 171
Trd, 000208.817, 169
Trd, 000210.033, 165
Trd, 000210.333, 155
Trd, 000211.133, 174
Trd, 000211.517, 175
Trd, 000211.650, 177
Trd, 000212.283, 172
Trd, 000213.233, 180
Trd, 000214.417, 175
Trd, 000214.850, 170
Trd, 000215.950, 173
Trd, 000216.517, 172
Trd, 000216.550, 173
Trd, 000216.633, 174
Trd, 000218.350, 179
Trd, 000220.200, 183
Trd, 000220.450, 181
Trd, 000220.533, 179
Trd, 000221.167, 171
Trd, 000222.733, 175
Trd, 000222.767, 176
Trd, 000222.933, 169
Trd, 000223.150, 166
Trd, 000223.950, 175
Trd, 000224.150, 174
Trd, 000225.433, 173
Trd, 000225.467, 174
Trd, 000225.483, 165
Trd, 000227.883, 174
Trd, 000228.117, 160
Trd, 000228.300, 175
Trd, 000228.317, 175
Trd, 000229.383, 188
Trd, 000229.983, 178
Trd, 000231.267, 177
Trd, 000232.317, 176
Trd, 000232.500, 173
Trd, 000232.983, 172
Trd, 000233.000, 173
Trd, 000233.217, 188
Trd, 000234.100, 183
Trd, 000235.183, 171
Trd, 000235.417, 187
Trd, 000235.567, 188
Trd, 000235.733, 170
Trd, 000235.850, 183
Trd, 000237.267, 158
Trd, 000238.317, 172
Trd, 000238.950, 172
Trd, 000239.250, 176
Trd, 000239.717, 177
Trd, 000240.033, 186
Trd, 000240.150, 196
Trd, 000240.317, 197
Trd, 000240.900, 180
Trd, 000241.983, 181
Trd, 000242.517, 180
Trd, 000242.617, 174
Trd, 000243.917, 171
Trd, 000244.267, 170
Trd, 000244.367, 172
Trd, 000244.483, 171
Trd, 000244.600, 172
Trd, 000244.833, 172
Trd, 000244.983, 171
Trd, 000245.067, 172
Trd, 000245.300, 169
Trd, 000245.533, 169
Trd, 000245.917, 183
Trd, 000246.000, 171
Trd, 000246.383, 177
Trd, 000247.367, 169
Trd, 000248.133, 169
Trd, 000248.367, 169
Trd, 000248.917, 169
Trd, 000249.000, 175
Trd, 000249.333, 172
Trd, 000249.417, 169
Trd, 000249.483, 186
Trd, 000250.983, 174
Trd, 000251.467, 171
Trd, 000252.250, 174
Trd, 000252.367, 176
Trd, 000252.617, 176
Trd, 000252.883, 176
Trd, 000253.317, 174
Trd, 000253.933, 176
Trd, 000254.800, 176
Trd, 000255.000, 179
Trd, 000257.050, 173
Trd, 000257.067, 177
Trd, 000257.283, 170
Trd, 000257.833, 172
Trd, 000257.867, 166
Trd, 000257.933, 159
Trd, 000258.850, 169
Trd, 000258.883, 171
Trd, 000259.433, 170
Trd, 000259.600, 171
Trd, 000259.767, 172
Trd, 000259.917, 174
Trd, 000261.200, 173
Trd, 000261.517, 173
Trd, 000261.933, 176
Trd, 000262.067, 175
Trd, 000262.133, 175
Trd, 000262.567, 173
Trd, 000262.683, 177
Trd, 000263.117, 170
Trd, 000263.300, 186
Trd, 000263.950, 164
Trd, 000264.117, 188
Trd, 000264.350, 183
Trd, 000265.783, 178
Trd, 000266.100, 178
Trd, 000266.517, 177
Trd, 000266.917, 177
Trd, 000267.317, 176
Trd, 000267.550, 178
Trd, 000268.017, 177
Trd, 000268.150, 181
Trd, 000268.600, 176
Trd, 000268.900, 173
Trd, 000269.300, 173
Trd, 000269.983, 177
Trd, 000270.100, 173
Trd, 000271.317, 173
Trd, 000271.583, 174
Trd, 000271.800, 173
Trd, 000271.967, 175
Trd, 000272.100, 177
Trd, 000272.983, 183
Trd, 000273.067, 173
Trd, 000273.083, 189
Trd, 000274.150, 192
Trd, 000274.200, 181
Trd, 000274.267, 202
Trd, 000275.117, 184
Trd, 000275.433, 180
Trd, 000275.717, 180
Trd, 000276.100, 172
Trd, 000276.217, 179
Trd, 000276.483, 178
Trd, 000277.150, 177
Trd, 000277.283, 172
Trd, 000277.467, 171
Trd, 000278.017, 177
Trd, 000278.817, 176
Trd, 000279.167, 177
Trd, 000279.400, 175
Trd, 000279.667, 169
Trd, 000280.483, 178
Trd, 000281.117, 173
Trd, 000281.200, 172
Trd, 000281.467, 172
Trd, 000281.983, 175
Trd, 000282.433, 176
Trd, 000283.667, 173
Trd, 000283.950, 177
Trd, 000284.100, 171
Trd, 000285.083, 176
Trd, 000285.133, 177
Trd, 000285.800, 184
Trd, 000286.200, 176
Trd, 000286.767, 177
Trd, 000286.783, 180
Trd, 000286.933, 176
Trd, 000287.233, 181
Trd, 000287.433, 181
Trd, 000287.650, 182
Trd, 000288.933, 180
Trd, 000289.083, 180
Trd, 000290.067, 180
Trd, 000290.183, 190
Trd, 000290.817, 176
Trd, 000291.033, 177
Trd, 000292.250, 182
Trd, 000292.533, 178
Trd, 000292.700, 185
Trd, 000293.000, 191
Trd, 000293.300, 194
Trd, 000294.117, 179
Trd, 000294.450, 185
Trd, 000294.517, 183
Trd, 000294.633, 185
Trd, 000294.750, 195
Trd, 000295.233, 179
Trd, 000295.617, 179
Trd, 000296.200, 180
Trd, 000296.333, 178
Trd, 000297.050, 186
Trd, 000297.583, 189
Trd, 000297.817, 190
Trd, 000298.050, 191
Trd, 000298.233, 192
Trd, 000298.333, 180
Trd, 000299.183, 184
Trd, 000299.733, 191
Trd, 000299.750, 203
Trd, 000299.833, 180
Trd, 000299.900, 179
