Trd, 000000.917, 116
Trd, 000001.383, 110
Trd, 000001.500, 161
Trd, 000001.533, 163
Trd, 000002.667, 160
Trd, 000003.467, 134
Trd, 000003.600, 135
Trd, 000004.733, 158
Trd, 000005.167, 163
Trd, 000006.017, 179
Trd, 000006.333, 158
Trd, 000007.217, 162
Trd, 000007.500, 155
Trd, 000007.550, 148
Trd, 000007.567, 147
Trd, 000007.917, 140
Trd, 000009.317, 172
Trd, 000009.533, 163
Trd, 000010.367, 171
Trd, 000010.883, 169
Trd, 000011.283, 166
Trd, 000011.700, 165
Trd, 000012.183, 159
Trd, 000012.733, 162
Trd, 000013.417, 163
Trd, 000013.533, 156
Trd, 000013.667, 165
Trd, 000013.800, 146
Trd, 000014.600, 168
Trd, 000014.633, 169
Trd, 000015.233, 166
Trd, 000016.617, 170
Trd, 000016.867, 163
Trd, 000018.000, 151
Trd, 000018.617, 160
Trd, 000019.350, 165
Trd, 000019.883, 160
Trd, 000020.317, 152
Trd, 000020.467, 162
Trd, 000020.933, 162
Trd, 000021.133, 152
Trd, 000022.100, 157
Trd, 000022.117, 157
Trd, 000022.250, 158
Trd, 000022.883, 160
Trd, 000023.500, 169
Trd, 000023.517, 154
Trd, 000023.633, 153
Trd, 000023.917, 170
Trd, 000024.183, 150
Trd, 000025.317, 155
Trd, 000025.650, 162
Trd, 000026.967, 158
Trd, 000027.017, 176
Trd, 000028.300, 154
Trd, 000028.433, 153
Trd, 000028.900, 177
Trd, 000030.450, 175
Trd, 000031.183, 171
Trd, 000031.217, 165
Trd, 000032.000, 164
Trd, 000032.250, 161
Trd, 000032.583, 172
Trd, 000034.300, 165
Trd, 000034.483, 166
Trd, 000034.867, 165
Trd, 000035.000, 170
Trd, 000035.483, 171
Trd, 000036.400, 171
Trd, 000036.967, 167
Trd, 000037.317, 162
Trd, 000038.333, 171
Trd, 000038.400, 172
Trd, 000038.433, 162
Trd, 000039.950, 169
Trd, 000040.000, 165
Trd, 000040.133, 162
Trd, 000040.583, 172
Trd, 000041.317, 168
Trd, 000042.050, 163
Trd, 000042.650, 164
Trd, 000042.750, 162
Trd, 000043.583, 179
Trd, 000043.983, 166
Trd, 000044.233, 161
Trd, 000044.367, 168
Trd, 000044.383, 161
Trd, 000045.067, 161
Trd, 000046.050, 163
Trd, 000047.633, 164
Trd, 000047.767, 163
Trd, 000047.850, 162
Trd, 000048.000, 165
Trd, 000048.050, 166
Trd, 000048.700, 173
Trd, 000048.800, 166
Trd, 000049.250, 171
Trd, 000049.800, 168
Trd, 000050.183, 169
Trd, 000050.217, 170
Trd, 000050.817, 171
Trd, 000052.033, 164
Trd, 000052.133, 165
Trd, 000052.700, 163
Trd, 000054.067, 165
Trd, 000054.183, 164
Trd, 000054.233, 170
Trd, 000054.983, 163
Trd, 000055.650, 164
Trd, 000055.717, 169
Trd, 000055.933, 169
Trd, 000056.083, 163
Trd, 000056.600, 173
Trd, 000057.300, 164
Trd, 000057.617, 164
Trd, 000059.017, 160
Trd, 000059.683, 175
Trd, 000059.750, 174
Trd, 000059.983, 161
Trd, 000060.550, 162
Trd, 000060.567, 174
Trd, 000061.250, 161
Trd, 000062.817, 171
Trd, 000063.083, 159
Trd, 000063.583, 183
Trd, 000063.850, 169
Trd, 000064.400, 174
Trd, 000065.283, 144
Trd, 000065.733, 162
Trd, 000066.183, 162
Trd, 000066.467, 163
Trd, 000066.650, 163
Trd, 000067.950, 163
Trd, 000068.033, 162
Trd, 000068.217, 160
Trd, 000068.667, 175
Trd, 000069.883, 172
Trd, 000070.083, 165
Trd, 000070.817, 162
Trd, 000071.233, 165
Trd, 000071.800, 165
Trd, 000072.250, 154
Trd, 000072.867, 163
Trd, 000073.233, 154
Trd, 000073.283, 163
Trd, 000074.417, 173
Trd, 000074.600, 169
Trd, 000075.417, 169
Trd, 000076.000, 166
Trd, 000076.267, 170
Trd, 000076.817, 173
Trd, 000079.733, 168
Trd, 000081.450, 167
Trd, 000081.483, 170
Trd, 000081.683, 167
Trd, 000082.217, 167
Trd, 000082.350, 166
Trd, 000082.517, 167
Trd, 000083.100, 167
Trd, 000083.533, 169
Trd, 000083.717, 173
Trd, 000084.433, 172
Trd, 000084.550, 153
Trd, 000084.717, 160
Trd, 000085.750, 154
Trd, 000085.900, 174
Trd, 000086.367, 166
Trd, 000086.850, 163
Trd, 000087.567, 164
Trd, 000087.583, 153
Trd, 000088.133, 145
Trd, 000089.167, 160
Trd, 000089.217, 165
Trd, 000089.367, 158
Trd, 000089.550, 161
Trd, 000090.233, 157
Trd, 000090.367, 167
Trd, 000090.550, 154
Trd, 000091.667, 153
Trd, 000092.050, 162
Trd, 000093.017, 173
Trd, 000094.767, 156
Trd, 000095.583, 164
Trd, 000095.617, 168
Trd, 000096.100, 157
Trd, 000096.267, 158
Trd, 000096.300, 157
Trd, 000096.567, 170
Trd, 000096.583, 177
Trd, 000098.150, 178
Trd, 000098.350, 155
Trd, 000098.633, 180
Trd, 000099.000, 170
Trd, 000100.133, 166
Trd, 000102.183, 171
Trd, 000102.683, 168
Trd, 000102.950, 169
Trd, 000104.067, 154
Trd, 000104.267, 153
Trd, 000104.500, 162
Trd, 000104.600, 162
Trd, 000105.383, 164
Trd, 000105.500, 167
Trd, 000106.100, 169
Trd, 000106.250, 178
Trd, 000106.283, 167
Trd, 000107.600, 189
Trd, 000110.317, 179
Trd, 000110.433, 176
Trd, 000110.867, 178
Trd, 000111.150, 180
Trd, 000111.483, 173
Trd, 000112.233, 178
Trd, 000112.533, 172
Trd, 000112.550, 179
Trd, 000112.700, 169
Trd, 000112.967, 179
Trd, 000113.917, 181
Trd, 000114.800, 170
Trd, 000115.850, 174
Trd, 000116.350, 170
Trd, 000116.617, 170
Trd, 000116.933, 169
Trd, 000118.000, 170
Trd, 000118.317, 176
Trd, 000119.817, 172
Trd, 000119.983, 172
Trd, 000120.083, 170
Trd, 000120.750, 170
Trd, 000121.567, 175
Trd, 000122.233, 180
Trd, 000122.450, 191
Trd, 000122.667, 205
Trd, 000122.733, 208
Trd, 000122.900, 221
Trd, 000123.233, 231
Trd, 000123.283, 233
Trd, 000123.433, 258
Trd, 000123.833, 310.0
Trd, 000124.017, 324.0
Trd, 000124.183, 354
Trd, 000124.583, 274
Trd, 000124.767, 300.0
Trd, 000125.150, 355
Trd, 000125.333, 276
Trd, 000126.150, 329
Trd, 000126.217, 313.0
Trd, 000127.617, 312.0
Trd, 000127.650, 313.0
Trd, 000128.417, 300.0
Trd, 000128.717, 331.0
Trd, 000129.067, 358.0
Trd, 000129.667, 349
Trd, 000130.200, 368.0
Trd, 000130.333, 350
Trd, 000130.567, 351
Trd, 000132.350, 358
Trd, 000134.000, 353
Trd, 000134.050, 354
Trd, 000134.283, 352
Trd, 000134.783, 353
Trd, 000135.233, 358
Trd, 000135.267, 359
Trd, 000135.450, 353
Trd, 000135.783, 343
Trd, 000136.600, 361
Trd, 000136.867, 362
Trd, 000137.700, 358.0
Trd, 000137.750, 331
Trd, 000139.033, 331.0
Trd, 000139.700, 351
Trd, 000140.850, 352
Trd, 000140.967, 355
Trd, 000142.750, 354
Trd, 000142.833, 354
Trd, 000142.917, 352
Trd, 000143.350, 359
Trd, 000143.417, 361
Trd, 000144.483, 354
Trd, 000145.317, 358
Trd, 000145.383, 353
Trd, 000146.567, 352
Trd, 000146.900, 352
Trd, 000147.800, 356
Trd, 000148.383, 347
Trd, 000148.583, 356
Trd, 000148.617, 337.0
Trd, 000149.383, 352
Trd, 000150.083, 365
Trd, 000150.183, 352
Trd, 000150.983, 359
Trd, 000151.833, 355
Trd, 000152.600, 355
Trd, 000152.833, 351
Trd, 000153.283, 351
Trd, 000153.583, 325.0
Trd, 000153.800, 355
Trd, 000153.850, 355
Trd, 000155.883, 354
Trd, 000156.517, 356
Trd, 000156.700, 354
Trd, 000157.533, 351
Trd, 000157.683, 350
Trd, 000158.733, 356
Trd, 000158.883, 353
Trd, 000159.150, 358.0
Trd, 000159.983, 354
Trd, 000160.600, 357
Trd, 000163.117, 354
Trd, 000163.217, 347
Trd, 000164.100, 354
Trd, 000164.300, 356
Trd, 000164.600, 357
Trd, 000165.150, 358.0
Trd, 000165.683, 359
Trd, 000165.933, 355.0
Trd, 000166.300, 360
Trd, 000166.317, 368
Trd, 000167.400, 363
Trd, 000167.833, 361
Trd, 000169.083, 364
Trd, 000169.233, 361.0
Trd, 000169.767, 359
Trd, 000170.267, 360
Trd, 000171.000, 358.0
Trd, 000171.033, 355.0
Trd, 000171.483, 355
Trd, 000172.217, 367
Trd, 000172.300, 355
Trd, 000172.383, 368
Trd, 000174.700, 349
Trd, 000174.867, 362
Trd, 000174.883, 348
Trd, 000175.267, 353
Trd, 000175.583, 357
Trd, 000175.650, 358.0
Trd, 000175.933, 351
Trd, 000176.717, 358
Trd, 000176.983, 347
Trd, 000177.517, 344
Trd, 000177.800, 356
Trd, 000178.550, 337.0
Trd, 000179.133, 360
Trd, 000179.433, 343
Trd, 000180.550, 358.0
Trd, 000181.233, 355
Trd, 000181.550, 357
Trd, 000181.633, 355
Trd, 000182.200, 353
Trd, 000183.067, 352
Trd, 000183.117, 352
Trd, 000183.867, 333
Trd, 000184.017, 325
Trd, 000184.550, 310.0
Trd, 000184.633, 298
Trd, 000184.667, 278
Trd, 000184.683, 268
Trd, 000186.067, 197
Trd, 000186.367, 188
Trd, 000186.717, 200
Trd, 000187.550, 180
Trd, 000187.600, 192
Trd, 000188.417, 177
Trd, 000188.667, 175
Trd, 000188.750, 165
Trd, 000188.850, 191
Trd, 000189.650, 187
Trd, 000189.983, 190
Trd, 000190.567, 187
Trd, 000190.583, 185
Trd, 000191.083, 181
Trd, 000191.117, 187
Trd, 000191.883, 182
Trd, 000192.517, 177
Trd, 000193.200, 164
Trd, 000193.267, 180
Trd, 000194.150, 172
Trd, 000195.050, 177
Trd, 000195.600, 176
Trd, 000195.683, 172
Trd, 000196.350, 166
Trd, 000196.967, 167
Trd, 000196.983, 157
Trd, 000197.567, 178
Trd, 000197.700, 178
Trd, 000198.867, 178
Trd, 000200.317, 174
Trd, 000200.417, 172
Trd, 000201.333, 174
Trd, 000201.767, 174
Trd, 000202.783, 188
Trd, 000202.967, 195
Trd, 000204.017, 182
Trd, 000204.700, 191
Trd, 000204.950, 182
Trd, 000205.767, 190
Trd, 000205.883, 178
Trd, 000206.150, 178
Trd, 000206.333, 178
Trd, 000206.617, 190
Trd, 000206.717, 175
Trd, 000207.350, 172
Trd, 000208.367, 174
Trd, 000208.700, 183
Trd, 000209.900, 180
Trd, 000210.167, 179
Trd, 000210.267, 179
Trd, 000210.533, 180
Trd, 000210.867, 184
Trd, 000211.383, 176
Trd, 000211.567, 189
Trd, 000213.083, 192
Trd, 000213.483, 177
Trd, 000214.433, 176
Trd, 000215.150, 186
Trd, 000215.400, 189
Trd, 000215.917, 184
Trd, 000216.083, 180
Trd, 000216.583, 194
Trd, 000217.217, 193
Trd, 000217.383, 190
Trd, 000218.800, 185
Trd, 000220.467, 184
Trd, 000221.183, 184
Trd, 000222.033, 182
Trd, 000222.167, 177
Trd, 000223.267, 185
Trd, 000224.450, 184
Trd, 000224.783, 180
Trd, 000224.983, 168
Trd, 000225.300, 178
Trd, 000225.717, 178
Trd, 000225.817, 179
Trd, 000226.150, 173
Trd, 000227.083, 181
Trd, 000228.300, 181
Trd, 000228.900, 186
Trd, 000229.017, 178
Trd, 000229.367, 170
Trd, 000230.883, 178
Trd, 000231.900, 176
Trd, 000232.550, 176
Trd, 000233.267, 175
Trd, 000233.367, 176
Trd, 000233.950, 172
Trd, 000234.117, 176
Trd, 000234.950, 182
Trd, 000235.150, 190
Trd, 000236.300, 179
Trd, 000236.383, 178
Trd, 000236.983, 182
Trd, 000237.417, 185
Trd, 000237.683, 200
Trd, 000237.967, 188
Trd, 000239.167, 188
Trd, 000239.867, 197
Trd, 000240.033, 196
Trd, 000240.467, 190
Trd, 000240.967, 186
Trd, 000241.133, 185
Trd, 000241.267, 183
Trd, 000241.333, 186
Trd, 000241.617, 184
Trd, 000241.933, 188
Trd, 000242.617, 182
Trd, 000243.650, 183
Trd, 000243.983, 181
Trd, 000244.233, 179
Trd, 000244.583, 182
Trd, 000244.700, 182
Trd, 000245.467, 181
Trd, 000245.633, 172
Trd, 000246.900, 174
Trd, 000246.950, 179
Trd, 000248.067, 178
Trd, 000248.150, 172
Trd, 000248.817, 174
Trd, 000249.367, 175
Trd, 000250.117, 172
Trd, 000250.900, 175
Trd, 000251.150, 174
Trd, 000251.467, 174
Trd, 000251.583, 175
Trd, 000251.733, 172
Trd, 000252.167, 171
Trd, 000252.633, 158
Trd, 000252.917, 162
Trd, 000253.417, 170
Trd, 000253.500, 170
Trd, 000253.700, 168
Trd, 000253.783, 181
Trd, 000254.433, 193
Trd, 000254.600, 158
Trd, 000255.350, 194
Trd, 000255.383, 200
Trd, 000255.433, 170
Trd, 000256.550, 176
Trd, 000256.967, 192
Trd, 000258.133, 184
Trd, 000258.317, 185
Trd, 000258.350, 190
Trd, 000259.367, 185
Trd, 000259.983, 187
Trd, 000260.617, 187
Trd, 000260.833, 187
Trd, 000261.217, 184
Trd, 000261.300, 189
Trd, 000261.850, 183
Trd, 000262.317, 189
Trd, 000263.033, 185
Trd, 000263.967, 186
Trd, 000264.317, 183
Trd, 000265.083, 175
Trd, 000265.317, 178
Trd, 000266.150, 180
Trd, 000266.183, 175
Trd, 000266.383, 181
Trd, 000266.467, 172
Trd, 000266.967, 169
Trd, 000267.050, 172
Trd, 000267.650, 171
Trd, 000267.950, 171
Trd, 000269.183, 171
Trd, 000269.350, 184
Trd, 000269.400, 185
Trd, 000270.067, 175
Trd, 000270.167, 188
Trd, 000271.283, 185
Trd, 000271.833, 186
Trd, 000271.883, 189
Trd, 000272.050, 185
Trd, 000272.467, 176
Trd, 000272.667, 175
Trd, 000273.050, 171
Trd, 000273.533, 171
Trd, 000274.217, 175
Trd, 000274.233, 176
Trd, 000274.383, 183
Trd, 000274.767, 173
Trd, 000275.200, 190
Trd, 000275.367, 191
Trd, 000275.933, 195
Trd, 000276.267, 197
Trd, 000277.017, 190
Trd, 000277.100, 189
Trd, 000277.433, 195
Trd, 000277.917, 188
Trd, 000277.933, 165
Trd, 000278.367, 195
Trd, 000278.567, 195
Trd, 000280.383, 179
Trd, 000280.950, 181
Trd, 000281.267, 178
Trd, 000281.783, 165
Trd, 000282.167, 172
Trd, 000282.200, 171
Trd, 000282.467, 181
Trd, 000282.633, 184
Trd, 000282.833, 171
Trd, 000283.500, 179
Trd, 000284.033, 175
Trd, 000284.183, 174
Trd, 000284.950, 186
Trd, 000285.683, 176
Trd, 000285.883, 185
Trd, 000286.100, 175
Trd, 000287.083, 186
Trd, 000287.617, 180
Trd, 000287.800, 188
Trd, 000287.850, 187
Trd, 000288.050, 192
Trd, 000288.300, 182
Trd, 000288.550, 193
Trd, 000288.733, 182
Trd, 000288.767, 183
Trd, 000289.100, 177
Trd, 000289.783, 175
Trd, 000290.167, 181
Trd, 000290.250, 187
Trd, 000290.900, 189
Trd, 000290.950, 187
Trd, 000291.433, 185
Trd, 000292.167, 187
Trd, 000292.333, 175
Trd, 000292.900, 175
Trd, 000293.000, 173
Trd, 000293.500, 167
Trd, 000293.583, 188
Trd, 000293.667, 167
Trd, 000294.583, 196
Trd, 000294.667, 197
Trd, 000295.633, 200
Trd, 000296.783, 192
Trd, 000296.967, 187
Trd, 000297.383, 188
Trd, 000297.433, 187
Trd, 000297.767, 174
Trd, 000298.283, 160
Trd, 000299.067, 175
Trd, 000299.783, 184
Trd, 000299.800, 165
