Trd, 000001.417, 144
Trd, 000002.783, 132
Trd, 000003.250, 141
Trd, 000004.033, 143
Trd, 000004.750, 141
Trd, 000004.967, 144
Trd, 000005.167, 145
Trd, 000005.417, 148
Trd, 000006.533, 148
Trd, 000006.550, 147
Trd, 000008.050, 149
Trd, 000008.367, 149
Trd, 000008.533, 149
Trd, 000008.783, 155
Trd, 000009.267, 148
Trd, 000010.333, 147
Trd, 000010.650, 153
Trd, 000011.167, 152
Trd, 000012.183, 153
Trd, 000012.600, 152
Trd, 000012.850, 153
Trd, 000013.417, 145
Trd, 000013.550, 149
Trd, 000013.833, 149
Trd, 000014.267, 152
Trd, 000014.417, 141
Trd, 000015.367, 147
Trd, 000015.717, 124
Trd, 000017.950, 140
Trd, 000018.067, 140
Trd, 000018.933, 140
Trd, 000019.800, 146
Trd, 000020.067, 145
Trd, 000020.317, 150
Trd, 000020.350, 157
Trd, 000021.267, 152
Trd, 000021.333, 151
Trd, 000022.167, 155
Trd, 000023.850, 160
Trd, 000024.333, 159
Trd, 000025.100, 159
Trd, 000025.167, 154
Trd, 000025.550, 157
Trd, 000026.417, 155
Trd, 000028.400, 158
Trd, 000028.450, 158
Trd, 000028.517, 152
Trd, 000028.833, 157
Trd, 000029.433, 151
Trd, 000030.250, 153
Trd, 000031.033, 154
Trd, 000031.650, 154
Trd, 000032.183, 155
Trd, 000032.267, 154
Trd, 000032.383, 151
Trd, 000032.517, 155
Trd, 000033.817, 145
Trd, 000034.083, 151
Trd, 000035.450, 154
Trd, 000035.650, 150
Trd, 000035.750, 154
Trd, 000035.967, 154
Trd, 000037.617, 156
Trd, 000037.667, 155
Trd, 000038.067, 154
Trd, 000038.200, 157
Trd, 000038.617, 153
Trd, 000038.817, 152
Trd, 000040.067, 153
Trd, 000040.583, 154
Trd, 000041.533, 155
Trd, 000041.700, 159
Trd, 000042.300, 154
Trd, 000043.333, 157
Trd, 000043.883, 157
Trd, 000045.133, 156
Trd, 000045.483, 155
Trd, 000046.333, 153
Trd, 000046.467, 152
Trd, 000046.783, 151
Trd, 000047.550, 150
Trd, 000047.733, 152
Trd, 000049.167, 155
Trd, 000049.183, 154
Trd, 000049.467, 153
Trd, 000049.983, 150
Trd, 000051.817, 150
Trd, 000051.850, 149
Trd, 000053.333, 150
Trd, 000053.900, 150
Trd, 000054.083, 150
Trd, 000054.850, 151
Trd, 000055.233, 152
Trd, 000055.383, 151
Trd, 000056.200, 150
Trd, 000056.417, 151
Trd, 000056.467, 150
Trd, 000056.733, 153
Trd, 000056.883, 149
Trd, 000057.800, 153
Trd, 000058.983, 154
Trd, 000059.000, 152
Trd, 000059.383, 152
Trd, 000059.683, 154
Trd, 000059.800, 152
Trd, 000059.900, 151
Trd, 000060.500, 152
Trd, 000061.100, 150
Trd, 000062.167, 150
Trd, 000062.867, 151
Trd, 000063.150, 151
Trd, 000063.333, 151
Trd, 000063.633, 143
Trd, 000064.217, 144
Trd, 000065.017, 154
Trd, 000065.317, 174
Trd, 000065.933, 133
Trd, 000066.700, 152
Trd, 000067.067, 152
Trd, 000067.167, 153
Trd, 000068.133, 160
Trd, 000069.100, 159
Trd, 000069.200, 159
Trd, 000070.117, 162
Trd, 000070.350, 162
Trd, 000070.450, 160
Trd, 000071.300, 161
Trd, 000072.350, 151
Trd, 000072.533, 159
Trd, 000074.667, 157
Trd, 000075.100, 158
Trd, 000075.183, 159
Trd, 000075.500, 158
Trd, 000076.317, 157
Trd, 000076.683, 158
Trd, 000076.800, 159
Trd, 000077.950, 159
Trd, 000078.133, 159
Trd, 000078.933, 160
Trd, 000079.017, 159
Trd, 000079.800, 161
Trd, 000080.250, 162
Trd, 000081.483, 160
Trd, 000081.783, 163
Trd, 000081.950, 163
Trd, 000082.017, 163
Trd, 000082.300, 160
Trd, 000082.450, 161
Trd, 000083.983, 157
Trd, 000084.333, 157
Trd, 000085.433, 158
Trd, 000086.833, 158
Trd, 000087.717, 157
Trd, 000088.117, 158
Trd, 000088.450, 157
Trd, 000088.550, 155
Trd, 000088.850, 155
Trd, 000089.317, 158
Trd, 000089.917, 149
Trd, 000090.150, 153
Trd, 000090.583, 131
Trd, 000090.783, 153
Trd, 000090.883, 154
Trd, 000091.017, 125
Trd, 000091.233, 155
Trd, 000092.617, 155
Trd, 000092.933, 155
Trd, 000093.967, 154
Trd, 000093.983, 155
Trd, 000094.183, 155
Trd, 000094.417, 157
Trd, 000095.200, 158
Trd, 000095.850, 155
Trd, 000095.933, 154
Trd, 000095.967, 152
Trd, 000097.100, 161
Trd, 000098.433, 154
Trd, 000099.733, 155
Trd, 000099.917, 156
Trd, 000100.333, 155
Trd, 000100.950, 154
Trd, 000101.783, 156
Trd, 000101.883, 157
Trd, 000102.817, 156
Trd, 000103.417, 157
Trd, 000103.633, 156
Trd, 000103.767, 155
Trd, 000104.017, 157
Trd, 000104.117, 155
Trd, 000105.667, 165
Trd, 000106.467, 179
Trd, 000107.017, 162
Trd, 000107.667, 163
Trd, 000107.700, 165
Trd, 000108.117, 162
Trd, 000109.767, 165
Trd, 000109.800, 164
Trd, 000110.250, 163
Trd, 000110.517, 165
Trd, 000110.867, 166
Trd, 000111.033, 162
Trd, 000111.267, 160
Trd, 000111.567, 155
Trd, 000112.400, 159
Trd, 000113.000, 151
Trd, 000113.583, 158
Trd, 000113.767, 159
Trd, 000113.950, 159
Trd, 000114.017, 166
Trd, 000115.600, 161
Trd, 000116.200, 158
Trd, 000117.150, 159
Trd, 000117.283, 158
Trd, 000118.500, 157
Trd, 000119.483, 159
Trd, 000120.133, 159
Trd, 000120.217, 159
Trd, 000120.350, 158
Trd, 000120.683, 157
Trd, 000120.933, 160
Trd, 000121.017, 160
Trd, 000121.533, 167
Trd, 000121.883, 174
Trd, 000122.083, 174
Trd, 000122.433, 178
Trd, 000122.600, 191
Trd, 000123.567, 205
Trd, 000123.583, 227
Trd, 000123.783, 306.0
Trd, 000124.217, 300
Trd, 000124.250, 221
Trd, 000124.750, 320.0
Trd, 000125.050, 324
Trd, 000126.533, 341
Trd, 000126.883, 340
Trd, 000127.350, 338
Trd, 000128.550, 341
Trd, 000128.917, 344.0
Trd, 000129.483, 347.0
Trd, 000130.067, 344
Trd, 000130.333, 343
Trd, 000130.767, 346.0
Trd, 000131.083, 341
Trd, 000131.217, 349
Trd, 000131.950, 347.0
Trd, 000132.383, 348.0
Trd, 000132.400, 352
Trd, 000132.850, 349.0
Trd, 000133.650, 351
Trd, 000133.983, 349.0
Trd, 000134.133, 348.0
Trd, 000134.583, 345.0
Trd, 000135.583, 354
Trd, 000136.783, 350.0
Trd, 000136.883, 351
Trd, 000138.500, 350
Trd, 000139.200, 354.0
Trd, 000139.250, 353
Trd, 000139.333, 352
Trd, 000139.350, 350
Trd, 000139.367, 344.0
Trd, 000141.383, 345.0
Trd, 000141.900, 346
Trd, 000142.650, 347
Trd, 000143.233, 340
Trd, 000143.500, 348.0
Trd, 000144.000, 349
Trd, 000144.050, 350
Trd, 000144.250, 346.0
Trd, 000146.100, 353
Trd, 000146.150, 353
Trd, 000146.300, 352
Trd, 000146.767, 347
Trd, 000147.250, 354
Trd, 000147.400, 344
Trd, 000147.883, 355
Trd, 000149.150, 349.0
Trd, 000149.300, 355.0
Trd, 000149.317, 347.0
Trd, 000150.883, 350
Trd, 000151.100, 349
Trd, 000151.500, 356
Trd, 000151.967, 357
Trd, 000152.667, 357
Trd, 000153.167, 348
Trd, 000154.133, 350
Trd, 000155.067, 351
Trd, 000155.167, 350
Trd, 000156.417, 349
Trd, 000156.767, 351
Trd, 000156.883, 353
Trd, 000157.683, 356
Trd, 000157.867, 350
Trd, 000158.250, 347
Trd, 000158.367, 354
Trd, 000160.533, 354
Trd, 000161.017, 355.0
Trd, 000162.867, 358.0
Trd, 000163.167, 355
Trd, 000163.367, 351.0
Trd, 000163.700, 357
Trd, 000164.567, 355
Trd, 000164.783, 347
Trd, 000164.983, 348.0
Trd, 000165.283, 350
Trd, 000165.917, 351
Trd, 000166.750, 353
Trd, 000167.500, 350
Trd, 000167.967, 355
Trd, 000168.050, 344.0
Trd, 000168.067, 340
Trd, 000169.667, 351
Trd, 000170.533, 351
Trd, 000170.650, 350.0
Trd, 000171.117, 347.0
Trd, 000171.250, 349
Trd, 000173.283, 347
Trd, 000173.417, 348
Trd, 000173.783, 349
Trd, 000174.833, 345.0
Trd, 000175.100, 344.0
Trd, 000175.383, 345
Trd, 000175.767, 345
Trd, 000175.983, 342
Trd, 000176.333, 343
Trd, 000177.100, 341
Trd, 000177.917, 347
Trd, 000178.100, 346
Trd, 000178.683, 345
Trd, 000178.883, 348.0
Trd, 000180.383, 347
Trd, 000180.450, 354.0
Trd, 000181.733, 349
Trd, 000181.950, 348
Trd, 000182.050, 344.0
Trd, 000182.083, 340
Trd, 000182.483, 313.0
Trd, 000182.667, 304
Trd, 000182.850, 299
Trd, 000183.667, 313
Trd, 000184.217, 221
Trd, 000184.250, 210
Trd, 000185.117, 190
Trd, 000185.500, 176
Trd, 000185.517, 184
Trd, 000186.467, 179
Trd, 000188.750, 177
Trd, 000188.883, 173
Trd, 000190.150, 176
Trd, 000190.333, 175
Trd, 000190.783, 172
Trd, 000191.250, 176
Trd, 000191.483, 174
Trd, 000191.517, 176
Trd, 000192.467, 174
Trd, 000192.717, 173
Trd, 000193.100, 174
Trd, 000193.400, 175
Trd, 000194.033, 172
Trd, 000194.717, 170
Trd, 000194.800, 168
Trd, 000195.783, 164
Trd, 000195.817, 163
Trd, 000196.150, 160
Trd, 000196.633, 159
Trd, 000196.900, 164
Trd, 000196.933, 149
Trd, 000197.000, 165
Trd, 000197.633, 157
Trd, 000197.717, 160
Trd, 000198.400, 152
Trd, 000199.600, 153
Trd, 000199.983, 155
Trd, 000200.650, 155
Trd, 000200.700, 157
Trd, 000201.000, 162
Trd, 000202.667, 161
Trd, 000203.867, 163
Trd, 000204.633, 164
Trd, 000204.683, 168
Trd, 000204.733, 163
Trd, 000205.300, 165
Trd, 000206.117, 166
Trd, 000206.200, 166
Trd, 000206.633, 168
Trd, 000207.267, 169
Trd, 000207.567, 168
Trd, 000207.833, 169
Trd, 000209.917, 167
Trd, 000210.133, 170
Trd, 000210.317, 171
Trd, 000211.033, 169
Trd, 000211.217, 169
Trd, 000211.283, 168
Trd, 000212.250, 168
Trd, 000212.333, 167
Trd, 000212.633, 175
Trd, 000212.867, 176
Trd, 000212.933, 166
Trd, 000213.900, 166
Trd, 000215.117, 173
Trd, 000216.217, 170
Trd, 000216.600, 171
Trd, 000216.817, 170
Trd, 000217.467, 170
Trd, 000217.800, 171
Trd, 000218.250, 170
Trd, 000218.983, 172
Trd, 000219.400, 172
Trd, 000219.483, 170
Trd, 000221.483, 167
Trd, 000222.200, 166
Trd, 000223.500, 168
Trd, 000223.517, 166
Trd, 000224.633, 155
Trd, 000224.733, 155
Trd, 000225.167, 159
Trd, 000225.433, 157
Trd, 000226.050, 157
Trd, 000226.183, 155
Trd, 000226.633, 157
Trd, 000227.400, 160
Trd, 000229.750, 166
Trd, 000229.833, 165
Trd, 000229.933, 165
Trd, 000230.717, 166
Trd, 000231.067, 166
Trd, 000231.267, 167
Trd, 000231.917, 168
Trd, 000232.067, 168
Trd, 000232.350, 177
Trd, 000233.000, 178
Trd, 000233.400, 191
Trd, 000233.650, 171
Trd, 000235.183, 173
Trd, 000235.400, 173
Trd, 000235.717, 174
Trd, 000236.500, 173
Trd, 000236.917, 177
Trd, 000236.967, 170
Trd, 000237.267, 170
Trd, 000240.067, 176
Trd, 000240.083, 176
Trd, 000240.117, 177
Trd, 000240.367, 175
Trd, 000240.450, 177
Trd, 000240.700, 175
Trd, 000241.050, 174
Trd, 000241.567, 177
Trd, 000241.583, 175
Trd, 000242.067, 175
Trd, 000242.117, 174
Trd, 000242.317, 180
Trd, 000242.783, 184
Trd, 000243.633, 180
Trd, 000244.200, 182
Trd, 000244.683, 179
Trd, 000245.033, 178
Trd, 000245.300, 181
Trd, 000246.017, 176
Trd, 000247.067, 178
Trd, 000247.117, 178
Trd, 000248.267, 181
Trd, 000248.550, 179
Trd, 000248.600, 178
Trd, 000248.650, 177
Trd, 000248.867, 183
Trd, 000249.067, 183
Trd, 000249.183, 180
Trd, 000249.567, 177
Trd, 000249.817, 176
Trd, 000251.117, 172
Trd, 000251.167, 176
Trd, 000251.433, 172
Trd, 000252.600, 173
Trd, 000252.683, 172
Trd, 000253.567, 172
Trd, 000253.583, 171
Trd, 000253.700, 169
Trd, 000254.150, 177
Trd, 000254.683, 178
Trd, 000255.750, 174
Trd, 000256.267, 176
Trd, 000256.383, 174
Trd, 000256.583, 177
Trd, 000256.850, 174
Trd, 000257.233, 178
Trd, 000257.867, 177
Trd, 000257.967, 179
Trd, 000259.150, 177
Trd, 000259.433, 178
Trd, 000259.500, 180
Trd, 000259.967, 177
Trd, 000260.350, 179
Trd, 000260.700, 181
Trd, 000260.950, 178
Trd, 000261.633, 182
Trd, 000261.700, 177
Trd, 000262.117, 180
Trd, 000262.883, 184
Trd, 000263.350, 184
Trd, 000263.533, 183
Trd, 000263.800, 182
Trd, 000264.467, 180
Trd, 000264.583, 181
Trd, 000264.883, 182
Trd, 000265.533, 181
Trd, 000266.050, 182
Trd, 000266.217, 180
Trd, 000266.383, 179
Trd, 000266.950, 181
Trd, 000267.100, 177
Trd, 000267.200, 175
Trd, 000267.417, 170
Trd, 000267.817, 172
Trd, 000267.850, 171
Trd, 000268.500, 169
Trd, 000269.683, 171
Trd, 000270.233, 173
Trd, 000270.517, 166
Trd, 000270.633, 175
Trd, 000271.083, 173
Trd, 000271.283, 175
Trd, 000272.133, 176
Trd, 000272.467, 176
Trd, 000272.983, 182
Trd, 000273.267, 177
Trd, 000273.283, 175
Trd, 000273.700, 175
Trd, 000274.350, 180
Trd, 000275.350, 180
Trd, 000275.650, 185
Trd, 000275.700, 181
Trd, 000276.033, 198
Trd, 000276.633, 186
Trd, 000276.717, 192
Trd, 000277.433, 192
Trd, 000277.483, 186
Trd, 000278.100, 196
Trd, 000278.400, 185
Trd, 000278.483, 183
Trd, 000278.683, 197
Trd, 000279.783, 188
Trd, 000279.950, 190
Trd, 000280.617, 188
Trd, 000281.217, 190
Trd, 000281.750, 189
Trd, 000282.050, 189
Trd, 000282.250, 190
Trd, 000282.517, 187
Trd, 000282.567, 186
Trd, 000283.817, 179
Trd, 000284.000, 180
Trd, 000284.883, 178
Trd, 000285.067, 183
Trd, 000285.250, 176
Trd, 000286.233, 177
Trd, 000286.417, 177
Trd, 000286.983, 177
Trd, 000287.667, 177
Trd, 000287.800, 174
Trd, 000287.850, 173
Trd, 000288.017, 178
Trd, 000288.317, 172
Trd, 000288.733, 177
Trd, 000288.800, 170
Trd, 000289.850, 172
Trd, 000289.983, 173
Trd, 000290.050, 174
Trd, 000290.367, 171
Trd, 000290.400, 169
Trd, 000291.450, 175
Trd, 000292.200, 173
Trd, 000292.417, 177
Trd, 000292.533, 177
Trd, 000292.733, 174
Trd, 000292.783, 183
Trd, 000293.017, 184
Trd, 000293.633, 173
Trd, 000294.433, 172
Trd, 000295.017, 173
Trd, 000296.067, 173
Trd, 000296.217, 174
Trd, 000296.267, 173
Trd, 000296.867, 174
Trd, 000297.483, 175
Trd, 000297.833, 177
Trd, 000298.617, 178
Trd, 000298.667, 176
Trd, 000298.867, 173
Trd, 000299.017, 177
Trd, 000299.267, 183
