Trd, 000003.033, 150
Trd, 000003.583, 171
Trd, 000003.817, 172
Trd, 000004.417, 151
Trd, 000004.683, 150
Trd, 000005.483, 150
Trd, 000005.917, 156
Trd, 000006.367, 151
Trd, 000006.883, 153
Trd, 000007.100, 155
Trd, 000007.500, 154
Trd, 000007.517, 151
Trd, 000007.717, 149
Trd, 000007.983, 155
Trd, 000008.033, 149
Trd, 000010.150, 157
Trd, 000010.467, 162
Trd, 000010.767, 152
Trd, 000010.983, 163
Trd, 000011.033, 179
Trd, 000011.100, 149
Trd, 000011.517, 151
Trd, 000012.267, 156
Trd, 000014.817, 156
Trd, 000015.267, 152
Trd, 000015.583, 150
Trd, 000016.200, 153
Trd, 000017.667, 150
Trd, 000017.783, 151
Trd, 000017.850, 152
Trd, 000018.050, 153
Trd, 000018.783, 152
Trd, 000018.850, 150
Trd, 000020.733, 153
Trd, 000021.333, 149
Trd, 000021.450, 154
Trd, 000022.200, 150
Trd, 000023.050, 153
Trd, 000024.483, 151
Trd, 000024.650, 152
Trd, 000025.133, 148
Trd, 000025.417, 150
Trd, 000026.283, 155
Trd, 000026.800, 150
Trd, 000027.267, 150
Trd, 000027.383, 145
Trd, 000027.733, 151
Trd, 000028.033, 154
Trd, 000028.517, 146
Trd, 000029.317, 153
Trd, 000029.650, 154
Trd, 000030.283, 149
Trd, 000030.467, 149
Trd, 000031.217, 151
Trd, 000031.683, 151
Trd, 000032.467, 153
Trd, 000033.800, 154
Trd, 000034.683, 155
Trd, 000035.200, 155
Trd, 000035.333, 154
Trd, 000035.567, 153
Trd, 000036.150, 153
Trd, 000038.167, 156
Trd, 000038.483, 158
Trd, 000038.733, 165
Trd, 000040.883, 162
Trd, 000041.117, 160
Trd, 000041.650, 162
Trd, 000041.950, 161
Trd, 000043.283, 161
Trd, 000043.517, 159
Trd, 000043.733, 161
Trd, 000045.067, 157
Trd, 000045.233, 159
Trd, 000045.467, 165
Trd, 000046.683, 163
Trd, 000047.483, 163
Trd, 000047.633, 164
Trd, 000047.950, 160
Trd, 000048.583, 160
Trd, 000048.683, 159
Trd, 000048.950, 159
Trd, 000049.350, 164
Trd, 000049.833, 156
Trd, 000050.333, 157
Trd, 000051.517, 160
Trd, 000052.267, 155
Trd, 000052.517, 153
Trd, 000053.650, 153
Trd, 000054.433, 157
Trd, 000055.617, 157
Trd, 000055.783, 151
Trd, 000056.917, 153
Trd, 000057.250, 152
Trd, 000057.383, 153
Trd, 000059.050, 157
Trd, 000059.383, 153
Trd, 000060.533, 154
Trd, 000060.967, 155
Trd, 000063.333, 155
Trd, 000063.967, 153
Trd, 000064.650, 156
Trd, 000064.667, 157
Trd, 000066.033, 156
Trd, 000066.817, 158
Trd, 000068.150, 158
Trd, 000068.183, 157
Trd, 000068.350, 156
Trd, 000068.550, 150
Trd, 000068.950, 157
Trd, 000069.283, 158
Trd, 000070.700, 169
Trd, 000071.400, 161
Trd, 000071.467, 158
Trd, 000071.833, 162
Trd, 000072.133, 157
Trd, 000073.233, 161
Trd, 000073.917, 160
Trd, 000073.933, 162
Trd, 000075.267, 159
Trd, 000076.150, 159
Trd, 000076.217, 160
Trd, 000076.467, 158
Trd, 000077.450, 158
Trd, 000078.550, 160
Trd, 000079.083, 159
Trd, 000079.250, 159
Trd, 000079.517, 156
Trd, 000081.150, 152
Trd, 000081.233, 164
Trd, 000081.700, 152
Trd, 000082.500, 159
Trd, 000083.783, 158
Trd, 000084.833, 153
Trd, 000084.867, 159
Trd, 000085.033, 152
Trd, 000085.283, 159
Trd, 000085.617, 159
Trd, 000086.050, 154
Trd, 000087.850, 154
Trd, 000088.767, 155
Trd, 000089.317, 154
Trd, 000089.767, 157
Trd, 000090.217, 158
Trd, 000091.033, 158
Trd, 000091.767, 158
Trd, 000092.267, 160
Trd, 000092.367, 162
Trd, 000093.667, 179
Trd, 000094.667, 166
Trd, 000094.733, 163
Trd, 000095.350, 164
Trd, 000095.433, 166
Trd, 000096.067, 168
Trd, 000096.783, 171
Trd, 000097.150, 166
Trd, 000097.717, 174
Trd, 000098.017, 164
Trd, 000098.817, 182
Trd, 000099.217, 175
Trd, 000099.467, 182
Trd, 000100.250, 164
Trd, 000103.517, 168
Trd, 000104.450, 169
Trd, 000104.750, 167
Trd, 000105.250, 167
Trd, 000105.867, 166
Trd, 000106.200, 166
Trd, 000107.050, 165
Trd, 000107.850, 164
Trd, 000108.133, 165
Trd, 000108.183, 161
Trd, 000108.350, 167
Trd, 000110.450, 164
Trd, 000111.083, 168
Trd, 000112.250, 162
Trd, 000112.267, 167
Trd, 000113.017, 164
Trd, 000113.217, 162
Trd, 000113.567, 164
Trd, 000115.067, 164
Trd, 000115.550, 161
Trd, 000116.833, 163
Trd, 000118.267, 163
Trd, 000118.683, 166
Trd, 000118.833, 163
Trd, 000119.983, 181
Trd, 000120.117, 175
Trd, 000121.233, 176
Trd, 000121.267, 170
Trd, 000121.700, 176
Trd, 000122.067, 178
Trd, 000122.733, 184
Trd, 000122.800, 166
Trd, 000123.417, 197
Trd, 000123.433, 200
Trd, 000123.767, 201
Trd, 000125.017, 208
Trd, 000125.117, 300.0
Trd, 000125.783, 320.0
Trd, 000126.100, 319
Trd, 000127.067, 321
Trd, 000127.183, 337.0
Trd, 000127.567, 342
Trd, 000128.383, 333
Trd, 000129.100, 337.0
Trd, 000130.067, 341
Trd, 000130.450, 336
Trd, 000131.667, 343
Trd, 000132.417, 346
Trd, 000132.883, 340.0
Trd, 000134.217, 343.0
Trd, 000134.567, 344
Trd, 000134.750, 351.0
Trd, 000135.467, 341
Trd, 000136.067, 340.0
Trd, 000137.300, 338
Trd, 000137.333, 342
Trd, 000137.800, 348
Trd, 000137.983, 348
Trd, 000139.450, 351
Trd, 000140.383, 351
Trd, 000140.400, 351.0
Trd, 000140.667, 343
Trd, 000141.817, 343
Trd, 000142.733, 344
Trd, 000142.817, 344
Trd, 000143.267, 351
Trd, 000143.667, 352
Trd, 000143.767, 358
Trd, 000144.450, 343
Trd, 000144.700, 341
Trd, 000146.283, 349
Trd, 000146.650, 349
Trd, 000147.100, 350
Trd, 000147.233, 349.0
Trd, 000148.067, 349
Trd, 000148.817, 352
Trd, 000149.083, 350.0
Trd, 000150.083, 356
Trd, 000150.900, 350.0
Trd, 000151.317, 348.0
Trd, 000151.383, 347
Trd, 000151.833, 347
Trd, 000152.150, 349.0
Trd, 000153.067, 344
Trd, 000153.900, 344
Trd, 000154.883, 347
Trd, 000155.233, 346
Trd, 000156.017, 349
Trd, 000156.217, 341
Trd, 000157.083, 343
Trd, 000157.217, 344
Trd, 000157.933, 351.0
Trd, 000159.400, 358
Trd, 000160.067, 357
Trd, 000160.100, 348
Trd, 000161.000, 350.0
Trd, 000161.400, 348.0
Trd, 000161.583, 349
Trd, 000161.683, 348
Trd, 000162.200, 354
Trd, 000164.000, 351
Trd, 000164.083, 351
Trd, 000164.200, 351.0
Trd, 000164.400, 350
Trd, 000164.650, 346
Trd, 000164.883, 345
Trd, 000165.133, 352
Trd, 000165.433, 344
Trd, 000166.433, 342
Trd, 000166.600, 362.0
Trd, 000167.400, 353
Trd, 000167.500, 357
Trd, 000167.667, 350
Trd, 000167.683, 347
Trd, 000170.467, 355
Trd, 000170.717, 354
Trd, 000170.733, 356
Trd, 000170.817, 358
Trd, 000171.650, 353
Trd, 000172.517, 351.0
Trd, 000174.050, 356
Trd, 000174.167, 359
Trd, 000175.383, 355
Trd, 000175.650, 356
Trd, 000176.000, 353
Trd, 000176.317, 355
Trd, 000176.433, 352
Trd, 000176.967, 357
Trd, 000177.483, 358
Trd, 000177.833, 357
Trd, 000178.850, 356.0
Trd, 000181.150, 354
Trd, 000182.467, 355
Trd, 000182.683, 354
Trd, 000183.033, 351.0
Trd, 000183.183, 348.0
Trd, 000183.233, 337.0
Trd, 000183.533, 300.0
Trd, 000183.633, 200
Trd, 000184.017, 169
Trd, 000184.800, 184
Trd, 000185.000, 190
Trd, 000185.067, 173
Trd, 000186.300, 166
Trd, 000186.517, 191
Trd, 000187.033, 194
Trd, 000187.767, 170
Trd, 000187.917, 171
Trd, 000190.350, 172
Trd, 000190.683, 172
Trd, 000191.033, 171
Trd, 000192.583, 170
Trd, 000192.667, 173
Trd, 000193.417, 171
Trd, 000193.467, 173
Trd, 000194.283, 170
Trd, 000195.100, 172
Trd, 000195.567, 172
Trd, 000195.783, 175
Trd, 000196.967, 173
Trd, 000197.433, 174
Trd, 000198.533, 173
Trd, 000198.617, 170
Trd, 000198.883, 170
Trd, 000199.100, 174
Trd, 000199.467, 168
Trd, 000201.183, 165
Trd, 000201.417, 173
Trd, 000201.983, 175
Trd, 000202.017, 175
Trd, 000203.033, 164
Trd, 000203.167, 182
Trd, 000203.700, 161
Trd, 000204.117, 162
Trd, 000204.417, 173
Trd, 000207.017, 166
Trd, 000207.450, 171
Trd, 000209.900, 170
Trd, 000210.083, 180
Trd, 000210.750, 176
Trd, 000211.267, 169
Trd, 000211.600, 167
Trd, 000211.633, 172
Trd, 000212.000, 182
Trd, 000212.283, 183
Trd, 000214.217, 176
Trd, 000214.567, 175
Trd, 000214.750, 175
Trd, 000215.450, 174
Trd, 000216.983, 172
Trd, 000217.017, 176
Trd, 000217.383, 175
Trd, 000219.067, 175
Trd, 000219.633, 172
Trd, 000220.200, 175
Trd, 000220.533, 173
Trd, 000220.783, 173
Trd, 000220.950, 174
Trd, 000221.417, 178
Trd, 000221.800, 165
Trd, 000223.033, 176
Trd, 000223.233, 177
Trd, 000223.717, 172
Trd, 000225.017, 172
Trd, 000226.200, 173
Trd, 000226.800, 170
Trd, 000227.833, 173
Trd, 000228.533, 173
Trd, 000228.817, 174
Trd, 000229.500, 184
Trd, 000229.967, 172
Trd, 000231.650, 175
Trd, 000232.717, 178
Trd, 000233.617, 174
Trd, 000234.733, 178
Trd, 000234.900, 178
Trd, 000235.117, 176
Trd, 000235.600, 176
Trd, 000235.750, 174
Trd, 000236.200, 177
Trd, 000236.783, 184
Trd, 000237.183, 175
Trd, 000237.467, 171
Trd, 000238.683, 170
Trd, 000239.033, 168
Trd, 000239.183, 168
Trd, 000240.667, 174
Trd, 000241.567, 174
Trd, 000242.000, 173
Trd, 000242.100, 175
Trd, 000242.450, 172
Trd, 000242.550, 167
Trd, 000243.033, 174
Trd, 000243.550, 174
Trd, 000243.900, 175
Trd, 000245.167, 172
Trd, 000245.317, 175
Trd, 000245.567, 172
Trd, 000245.833, 170
Trd, 000246.900, 183
Trd, 000247.733, 183
Trd, 000248.117, 185
Trd, 000248.450, 182
Trd, 000248.600, 186
Trd, 000248.850, 189
Trd, 000249.617, 189
Trd, 000250.567, 188
Trd, 000250.683, 190
Trd, 000251.433, 183
Trd, 000251.550, 183
Trd, 000252.650, 182
Trd, 000252.883, 183
Trd, 000254.167, 180
Trd, 000254.933, 179
Trd, 000255.050, 180
Trd, 000255.167, 176
Trd, 000255.817, 178
Trd, 000256.467, 177
Trd, 000256.800, 180
Trd, 000257.233, 180
Trd, 000258.133, 178
Trd, 000258.217, 180
Trd, 000258.233, 177
Trd, 000258.517, 181
Trd, 000258.950, 173
Trd, 000259.733, 180
Trd, 000259.833, 181
Trd, 000260.583, 179
Trd, 000260.850, 180
Trd, 000261.450, 178
Trd, 000261.700, 180
Trd, 000262.183, 177
Trd, 000262.850, 180
Trd, 000262.933, 188
Trd, 000263.817, 182
Trd, 000264.717, 184
Trd, 000264.750, 190
Trd, 000264.850, 180
Trd, 000265.383, 189
Trd, 000265.850, 178
Trd, 000266.517, 179
Trd, 000267.000, 175
Trd, 000267.583, 174
Trd, 000267.883, 173
Trd, 000268.183, 178
Trd, 000268.233, 179
Trd, 000268.833, 181
Trd, 000269.400, 182
Trd, 000269.467, 184
Trd, 000270.300, 184
Trd, 000271.617, 184
Trd, 000272.633, 181
Trd, 000273.367, 180
Trd, 000273.700, 185
Trd, 000273.800, 179
Trd, 000274.483, 185
Trd, 000275.300, 185
Trd, 000275.417, 183
Trd, 000275.433, 189
Trd, 000275.667, 182
Trd, 000275.783, 189
Trd, 000276.467, 188
Trd, 000276.800, 188
Trd, 000276.983, 192
Trd, 000277.100, 181
Trd, 000277.600, 185
Trd, 000277.800, 187
Trd, 000278.400, 180
Trd, 000278.933, 179
Trd, 000279.383, 187
Trd, 000279.617, 180
Trd, 000280.783, 180
Trd, 000281.083, 183
Trd, 000282.283, 182
Trd, 000283.617, 181
Trd, 000283.800, 179
Trd, 000284.050, 179
Trd, 000284.383, 180
Trd, 000284.433, 190
Trd, 000285.450, 181
Trd, 000285.767, 182
Trd, 000286.150, 176
Trd, 000286.367, 181
Trd, 000286.583, 180
Trd, 000286.633, 183
Trd, 000286.650, 179
Trd, 000286.933, 168
Trd, 000287.233, 183
Trd, 000287.400, 190
Trd, 000288.300, 194
Trd, 000288.467, 173
Trd, 000288.500, 197
Trd, 000288.950, 196
Trd, 000289.117, 178
Trd, 000290.300, 178
Trd, 000291.050, 179
Trd, 000291.517, 178
Trd, 000291.900, 189
Trd, 000292.433, 187
Trd, 000293.850, 186
Trd, 000294.067, 177
Trd, 000294.983, 185
Trd, 000295.700, 179
Trd, 000295.717, 182
Trd, 000295.850, 180
Trd, 000295.867, 183
Trd, 000295.950, 179
Trd, 000296.217, 184
Trd, 000296.233, 186
Trd, 000296.683, 191
Trd, 000297.617, 195
Trd, 000299.633, 194
Trd, 000299.650, 192
