Trd, 000002.683, 154
Trd, 000003.133, 153
Trd, 000003.700, 151
Trd, 000004.333, 155
Trd, 000004.933, 139
Trd, 000005.250, 142
Trd, 000005.783, 136
Trd, 000005.933, 143
Trd, 000006.533, 144
Trd, 000006.650, 138
Trd, 000007.100, 149
Trd, 000008.750, 152
Trd, 000009.017, 144
Trd, 000009.100, 147
Trd, 000009.483, 159
Trd, 000010.483, 151
Trd, 000010.667, 152
Trd, 000011.017, 150
Trd, 000011.683, 163
Trd, 000013.083, 153
Trd, 000013.533, 152
Trd, 000013.817, 152
Trd, 000013.867, 149
Trd, 000014.050, 155
Trd, 000014.067, 156
Trd, 000014.100, 149
Trd, 000015.050, 149
Trd, 000015.950, 149
Trd, 000016.183, 154
Trd, 000017.250, 153
Trd, 000017.350, 154
Trd, 000018.383, 148
Trd, 000018.983, 150
Trd, 000019.350, 153
Trd, 000019.650, 150
Trd, 000019.900, 150
Trd, 000020.583, 149
Trd, 000021.467, 148
Trd, 000022.933, 148
Trd, 000023.033, 149
Trd, 000023.100, 150
Trd, 000023.117, 147
Trd, 000023.700, 151
Trd, 000024.483, 150
Trd, 000025.250, 146
Trd, 000025.483, 150
Trd, 000025.600, 147
Trd, 000026.917, 151
Trd, 000027.417, 137
Trd, 000028.700, 145
Trd, 000029.550, 150
Trd, 000030.750, 148
Trd, 000031.033, 147
Trd, 000031.550, 147
Trd, 000032.200, 146
Trd, 000032.967, 149
Trd, 000033.167, 149
Trd, 000034.483, 149
Trd, 000034.667, 150
Trd, 000034.967, 150
Trd, 000035.100, 151
Trd, 000035.667, 148
Trd, 000037.117, 154
Trd, 000037.683, 153
Trd, 000038.533, 151
Trd, 000039.050, 150
Trd, 000040.350, 152
Trd, 000040.517, 151
Trd, 000040.783, 150
Trd, 000041.250, 152
Trd, 000041.300, 152
Trd, 000041.633, 150
Trd, 000042.700, 151
Trd, 000042.833, 150
Trd, 000042.883, 152
Trd, 000044.833, 149
Trd, 000044.983, 149
Trd, 000045.917, 149
Trd, 000046.317, 148
Trd, 000047.167, 151
Trd, 000048.233, 163
Trd, 000048.450, 165
Trd, 000049.833, 154
Trd, 000050.083, 154
Trd, 000050.317, 153
Trd, 000050.500, 156
Trd, 000051.450, 155
Trd, 000052.050, 156
Trd, 000053.017, 158
Trd, 000053.233, 156
Trd, 000054.900, 155
Trd, 000055.200, 156
Trd, 000055.500, 158
Trd, 000055.833, 158
Trd, 000056.267, 157
Trd, 000056.700, 157
Trd, 000056.750, 152
Trd, 000057.883, 157
Trd, 000058.950, 157
Trd, 000059.383, 156
Trd, 000060.133, 155
Trd, 000060.317, 156
Trd, 000060.450, 157
Trd, 000061.517, 157
Trd, 000061.917, 155
Trd, 000063.150, 156
Trd, 000063.300, 156
Trd, 000063.583, 157
Trd, 000064.350, 155
Trd, 000065.917, 156
Trd, 000066.700, 158
Trd, 000067.233, 180
Trd, 000069.167, 165
Trd, 000069.333, 164
Trd, 000069.383, 160
Trd, 000069.433, 154
Trd, 000071.600, 167
Trd, 000071.750, 167
Trd, 000071.850, 165
Trd, 000072.283, 166
Trd, 000072.367, 165
Trd, 000072.450, 165
Trd, 000072.650, 164
Trd, 000073.883, 158
Trd, 000074.267, 157
Trd, 000074.483, 160
Trd, 000075.200, 159
Trd, 000075.417, 158
Trd, 000076.700, 154
Trd, 000077.383, 155
Trd, 000077.817, 158
Trd, 000078.450, 154
Trd, 000078.783, 159
Trd, 000079.400, 158
Trd, 000079.750, 156
Trd, 000079.900, 155
Trd, 000081.617, 156
Trd, 000082.017, 154
Trd, 000082.150, 156
Trd, 000082.483, 158
Trd, 000082.650, 156
Trd, 000082.833, 154
Trd, 000083.433, 154
Trd, 000083.883, 159
Trd, 000084.350, 156
Trd, 000084.617, 153
Trd, 000086.183, 154
Trd, 000086.700, 157
Trd, 000086.933, 156
Trd, 000087.333, 157
Trd, 000087.900, 157
Trd, 000088.183, 158
Trd, 000088.200, 157
Trd, 000090.583, 159
Trd, 000090.700, 158
Trd, 000091.450, 159
Trd, 000092.267, 160
Trd, 000092.400, 158
Trd, 000093.117, 160
Trd, 000093.333, 162
Trd, 000093.467, 162
Trd, 000093.800, 159
Trd, 000096.517, 160
Trd, 000097.300, 156
Trd, 000097.350, 158
Trd, 000097.950, 157
Trd, 000098.383, 157
Trd, 000099.317, 156
Trd, 000100.133, 158
Trd, 000100.367, 156
Trd, 000100.767, 156
Trd, 000100.833, 159
Trd, 000101.150, 154
Trd, 000101.250, 141
Trd, 000102.050, 153
Trd, 000102.300, 153
Trd, 000102.633, 154
Trd, 000103.450, 154
Trd, 000105.533, 154
Trd, 000105.867, 155
Trd, 000106.450, 154
Trd, 000106.633, 155
Trd, 000107.267, 155
Trd, 000107.533, 154
Trd, 000107.917, 154
Trd, 000108.133, 154
Trd, 000108.233, 151
Trd, 000108.550, 154
Trd, 000110.217, 159
Trd, 000110.500, 151
Trd, 000111.517, 162
Trd, 000111.567, 148
Trd, 000112.467, 164
Trd, 000114.083, 163
Trd, 000114.667, 163
Trd, 000114.733, 162
Trd, 000115.100, 161
Trd, 000115.750, 162
Trd, 000116.333, 161
Trd, 000117.233, 163
Trd, 000117.867, 162
Trd, 000118.567, 160
Trd, 000118.783, 163
Trd, 000121.033, 162
Trd, 000121.433, 164
Trd, 000121.850, 165
Trd, 000121.883, 180
Trd, 000122.050, 187
Trd, 000122.383, 190
Trd, 000122.500, 191
Trd, 000122.717, 198
Trd, 000122.783, 216
Trd, 000123.400, 343.0
Trd, 000124.750, 324
Trd, 000124.850, 332
Trd, 000125.800, 332.0
Trd, 000127.100, 333.0
Trd, 000127.800, 333.0
Trd, 000127.817, 334.0
Trd, 000127.967, 332.0
Trd, 000128.250, 331.0
Trd, 000129.567, 331
Trd, 000129.717, 331
Trd, 000130.133, 334.0
Trd, 000130.700, 332.0
Trd, 000132.767, 334
Trd, 000133.100, 344.0
Trd, 000133.667, 338
Trd, 000134.717, 343.0
Trd, 000135.700, 343
Trd, 000136.133, 344.0
Trd, 000136.850, 340
Trd, 000137.517, 339
Trd, 000138.433, 344
Trd, 000139.717, 343
Trd, 000140.200, 344
Trd, 000140.667, 343.0
Trd, 000140.933, 343
Trd, 000141.017, 342
Trd, 000141.550, 342
Trd, 000141.950, 344
Trd, 000142.433, 334.0
Trd, 000143.717, 344.0
Trd, 000144.250, 338
Trd, 000144.517, 332.0
Trd, 000144.767, 339
Trd, 000144.967, 340
Trd, 000145.100, 339
Trd, 000146.717, 340
Trd, 000147.567, 339
Trd, 000147.583, 342
Trd, 000148.650, 337
Trd, 000149.400, 335
Trd, 000149.583, 338
Trd, 000151.000, 339
Trd, 000152.100, 340
Trd, 000152.250, 339
Trd, 000152.583, 341
Trd, 000154.817, 341.0
Trd, 000155.317, 340
Trd, 000155.833, 339.0
Trd, 000156.383, 339
Trd, 000157.433, 340
Trd, 000158.033, 340
Trd, 000158.283, 341
Trd, 000159.267, 340
Trd, 000160.100, 344.0
Trd, 000160.383, 345.0
Trd, 000160.433, 346
Trd, 000160.567, 344.0
Trd, 000162.850, 343
Trd, 000163.817, 343.0
Trd, 000164.100, 343
Trd, 000164.167, 341
Trd, 000165.133, 343.0
Trd, 000165.567, 342
Trd, 000165.850, 342
Trd, 000166.083, 344.0
Trd, 000167.200, 341
Trd, 000167.833, 332.0
Trd, 000168.083, 345
Trd, 000168.133, 345
Trd, 000169.033, 336
Trd, 000170.800, 342.0
Trd, 000170.817, 336
Trd, 000170.883, 343.0
Trd, 000172.117, 344.0
Trd, 000172.367, 336
Trd, 000172.517, 343
Trd, 000174.750, 344.0
Trd, 000175.217, 339
Trd, 000176.250, 338
Trd, 000176.767, 343
Trd, 000178.283, 340
Trd, 000178.733, 339
Trd, 000178.850, 342
Trd, 000180.667, 342
Trd, 000181.000, 342
Trd, 000181.217, 341
Trd, 000181.433, 337
Trd, 000181.783, 335
Trd, 000182.100, 342
Trd, 000182.200, 333
Trd, 000182.400, 331.0
Trd, 000182.917, 310.0
Trd, 000183.000, 300.0
Trd, 000183.500, 323
Trd, 000183.783, 249
Trd, 000183.833, 207
Trd, 000184.467, 204
Trd, 000184.900, 169
Trd, 000186.117, 162
Trd, 000186.367, 152
Trd, 000186.817, 157
Trd, 000187.333, 193
Trd, 000187.450, 170
Trd, 000187.783, 157
Trd, 000188.683, 166
Trd, 000190.617, 175
Trd, 000190.633, 170
Trd, 000191.283, 177
Trd, 000191.950, 175
Trd, 000192.050, 174
Trd, 000192.733, 174
Trd, 000192.983, 173
Trd, 000193.517, 173
Trd, 000194.683, 169
Trd, 000195.717, 168
Trd, 000196.100, 169
Trd, 000196.150, 169
Trd, 000196.533, 168
Trd, 000196.733, 166
Trd, 000197.383, 163
Trd, 000197.517, 168
Trd, 000198.583, 170
Trd, 000199.867, 170
Trd, 000200.717, 169
Trd, 000200.933, 169
Trd, 000201.783, 168
Trd, 000201.900, 169
Trd, 000203.550, 169
Trd, 000203.750, 170
Trd, 000204.050, 168
Trd, 000204.300, 168
Trd, 000204.983, 165
Trd, 000205.417, 188
Trd, 000205.700, 195
Trd, 000206.900, 181
Trd, 000207.350, 184
Trd, 000208.983, 181
Trd, 000210.317, 184
Trd, 000210.467, 183
Trd, 000210.600, 183
Trd, 000210.917, 181
Trd, 000211.900, 179
Trd, 000212.867, 178
Trd, 000213.667, 172
Trd, 000214.367, 174
Trd, 000214.550, 177
Trd, 000215.567, 173
Trd, 000216.067, 174
Trd, 000216.333, 172
Trd, 000216.400, 170
Trd, 000216.833, 174
Trd, 000216.917, 168
Trd, 000217.200, 166
Trd, 000217.367, 174
Trd, 000218.533, 175
Trd, 000219.533, 181
Trd, 000220.167, 180
Trd, 000220.200, 175
Trd, 000221.300, 178
Trd, 000221.833, 174
Trd, 000222.717, 175
Trd, 000223.667, 175
Trd, 000224.617, 175
Trd, 000225.050, 174
Trd, 000226.417, 174
Trd, 000227.783, 175
Trd, 000227.833, 174
Trd, 000228.067, 175
Trd, 000228.750, 173
Trd, 000228.800, 173
Trd, 000229.167, 166
Trd, 000230.833, 172
Trd, 000231.100, 173
Trd, 000231.350, 173
Trd, 000232.117, 172
Trd, 000233.000, 171
Trd, 000233.100, 171
Trd, 000233.750, 174
Trd, 000234.117, 171
Trd, 000234.450, 174
Trd, 000234.600, 175
Trd, 000234.967, 176
Trd, 000235.200, 170
Trd, 000235.967, 173
Trd, 000236.300, 169
Trd, 000237.483, 168
Trd, 000237.583, 175
Trd, 000237.667, 167
Trd, 000238.133, 173
Trd, 000238.617, 167
Trd, 000239.750, 167
Trd, 000239.817, 168
Trd, 000240.150, 170
Trd, 000241.200, 167
Trd, 000241.633, 167
Trd, 000241.667, 168
Trd, 000241.950, 168
Trd, 000242.017, 169
Trd, 000242.600, 179
Trd, 000242.883, 191
Trd, 000243.017, 178
Trd, 000243.433, 176
Trd, 000244.883, 179
Trd, 000245.500, 175
Trd, 000245.567, 171
Trd, 000245.933, 171
Trd, 000246.017, 172
Trd, 000246.533, 171
Trd, 000246.650, 172
Trd, 000246.750, 170
Trd, 000246.933, 176
Trd, 000247.217, 176
Trd, 000248.367, 174
Trd, 000248.400, 175
Trd, 000248.900, 172
Trd, 000249.550, 176
Trd, 000249.583, 176
Trd, 000249.767, 175
Trd, 000250.067, 174
Trd, 000250.633, 172
Trd, 000251.300, 173
Trd, 000251.333, 171
Trd, 000251.350, 174
Trd, 000251.517, 169
Trd, 000253.000, 162
Trd, 000254.100, 162
Trd, 000254.417, 162
Trd, 000254.783, 163
Trd, 000255.050, 163
Trd, 000255.233, 163
Trd, 000255.267, 169
Trd, 000255.500, 163
Trd, 000256.383, 168
Trd, 000256.867, 173
Trd, 000258.217, 174
Trd, 000258.333, 171
Trd, 000258.717, 172
Trd, 000258.883, 170
Trd, 000259.083, 170
Trd, 000259.900, 173
Trd, 000260.100, 170
Trd, 000260.650, 176
Trd, 000260.700, 177
Trd, 000260.917, 180
Trd, 000261.583, 176
Trd, 000261.667, 175
Trd, 000262.333, 177
Trd, 000262.700, 176
Trd, 000262.850, 174
Trd, 000263.967, 175
Trd, 000264.817, 173
Trd, 000264.850, 174
Trd, 000265.033, 176
Trd, 000265.167, 176
Trd, 000265.283, 173
Trd, 000265.567, 177
Trd, 000265.750, 171
Trd, 000266.800, 175
Trd, 000267.250, 170
Trd, 000267.717, 173
Trd, 000267.950, 162
Trd, 000268.750, 169
Trd, 000269.667, 170
Trd, 000269.833, 171
Trd, 000269.850, 172
Trd, 000270.133, 169
Trd, 000270.150, 168
Trd, 000270.600, 168
Trd, 000270.617, 170
Trd, 000271.067, 169
Trd, 000271.483, 169
Trd, 000271.783, 175
Trd, 000271.883, 178
Trd, 000273.267, 174
Trd, 000273.300, 170
Trd, 000274.467, 174
Trd, 000274.700, 175
Trd, 000274.833, 173
Trd, 000275.183, 177
Trd, 000275.683, 176
Trd, 000275.833, 177
Trd, 000276.333, 175
Trd, 000277.217, 174
Trd, 000278.400, 171
Trd, 000278.717, 172
Trd, 000278.900, 177
Trd, 000278.950, 178
Trd, 000279.383, 172
Trd, 000279.767, 176
Trd, 000280.467, 176
Trd, 000281.317, 175
Trd, 000281.583, 175
Trd, 000281.817, 176
Trd, 000282.067, 174
Trd, 000282.433, 172
Trd, 000283.067, 178
Trd, 000283.600, 179
Trd, 000284.317, 179
Trd, 000284.633, 167
Trd, 000285.017, 167
Trd, 000285.100, 166
Trd, 000285.117, 174
Trd, 000285.400, 179
Trd, 000285.617, 183
Trd, 000285.733, 187
Trd, 000286.467, 182
Trd, 000286.900, 187
Trd, 000287.117, 178
Trd, 000287.583, 182
Trd, 000287.883, 178
Trd, 000289.650, 182
Trd, 000289.733, 180
Trd, 000289.817, 178
Trd, 000290.400, 183
Trd, 000291.667, 182
Trd, 000292.083, 180
Trd, 000292.833, 179
Trd, 000293.017, 183
Trd, 000293.567, 182
Trd, 000293.833, 183
Trd, 000294.250, 185
Trd, 000294.267, 176
Trd, 000295.150, 196
Trd, 000295.600, 196
Trd, 000295.933, 195
Trd, 000296.483, 194
Trd, 000296.667, 188
Trd, 000297.117, 187
Trd, 000297.567, 185
Trd, 000297.767, 181
Trd, 000298.283, 176
Trd, 000299.117, 181
Trd, 000299.550, 181
Trd, 000299.867, 177
