Trd, 000002.650, 154
Trd, 000003.083, 155
Trd, 000003.250, 156
Trd, 000003.717, 147
Trd, 000003.983, 149
Trd, 000004.200, 158
Trd, 000004.267, 149
Trd, 000004.850, 162
Trd, 000005.167, 149
Trd, 000005.233, 160
Trd, 000005.417, 164
Trd, 000005.800, 165
Trd, 000006.950, 166
Trd, 000007.633, 154
Trd, 000008.383, 156
Trd, 000008.533, 156
Trd, 000009.017, 155
Trd, 000009.767, 155
Trd, 000010.500, 156
Trd, 000010.933, 154
Trd, 000012.067, 157
Trd, 000013.483, 155
Trd, 000013.783, 155
Trd, 000014.067, 157
Trd, 000015.250, 155
Trd, 000015.367, 155
Trd, 000015.800, 155
Trd, 000016.217, 156
Trd, 000016.633, 155
Trd, 000017.733, 155
Trd, 000018.067, 154
Trd, 000018.233, 158
Trd, 000018.517, 154
Trd, 000019.100, 152
Trd, 000019.350, 150
Trd, 000019.600, 150
Trd, 000020.750, 155
Trd, 000021.800, 155
Trd, 000022.367, 155
Trd, 000023.067, 154
Trd, 000023.183, 158
Trd, 000024.717, 160
Trd, 000024.983, 160
Trd, 000025.017, 160
Trd, 000025.300, 166
Trd, 000025.967, 162
Trd, 000025.983, 164
Trd, 000026.217, 165
Trd, 000027.400, 160
Trd, 000028.083, 159
Trd, 000028.800, 158
Trd, 000029.417, 157
Trd, 000029.833, 158
Trd, 000029.983, 153
Trd, 000030.100, 153
Trd, 000030.967, 155
Trd, 000031.867, 156
Trd, 000032.250, 156
Trd, 000032.600, 161
Trd, 000032.933, 165
Trd, 000033.183, 159
Trd, 000033.850, 159
Trd, 000034.583, 158
Trd, 000035.017, 158
Trd, 000035.833, 158
Trd, 000036.233, 156
Trd, 000037.050, 159
Trd, 000037.350, 159
Trd, 000037.383, 156
Trd, 000037.717, 168
Trd, 000037.850, 154
Trd, 000038.600, 153
Trd, 000038.833, 182
Trd, 000038.883, 182
Trd, 000040.650, 161
Trd, 000042.400, 165
Trd, 000042.633, 165
Trd, 000042.817, 166
Trd, 000042.833, 163
Trd, 000042.983, 166
Trd, 000043.167, 169
Trd, 000043.900, 176
Trd, 000044.417, 170
Trd, 000044.500, 161
Trd, 000046.183, 168
Trd, 000047.083, 167
Trd, 000047.350, 165
Trd, 000047.850, 163
Trd, 000048.500, 164
Trd, 000049.850, 163
Trd, 000050.300, 165
Trd, 000051.117, 163
Trd, 000051.200, 165
Trd, 000052.000, 164
Trd, 000052.617, 165
Trd, 000053.317, 165
Trd, 000054.017, 166
Trd, 000054.317, 166
Trd, 000054.533, 165
Trd, 000055.017, 166
Trd, 000055.150, 164
Trd, 000055.267, 163
Trd, 000056.233, 164
Trd, 000057.900, 157
Trd, 000057.950, 155
Trd, 000058.717, 161
Trd, 000059.317, 161
Trd, 000059.600, 161
Trd, 000061.383, 162
Trd, 000061.567, 162
Trd, 000062.067, 165
Trd, 000062.233, 164
Trd, 000062.717, 168
Trd, 000062.867, 166
Trd, 000063.100, 164
Trd, 000063.250, 171
Trd, 000064.050, 164
Trd, 000065.133, 164
Trd, 000066.017, 165
Trd, 000066.233, 162
Trd, 000068.067, 162
Trd, 000068.633, 163
Trd, 000068.800, 165
Trd, 000069.133, 163
Trd, 000069.367, 162
Trd, 000069.433, 155
Trd, 000069.517, 165
Trd, 000069.933, 151
Trd, 000070.383, 143
Trd, 000070.700, 151
Trd, 000073.333, 161
Trd, 000073.500, 162
Trd, 000073.650, 161
Trd, 000073.683, 157
Trd, 000073.800, 165
Trd, 000074.817, 159
Trd, 000074.967, 158
Trd, 000075.900, 162
Trd, 000075.967, 163
Trd, 000076.550, 159
Trd, 000076.733, 169
Trd, 000077.367, 164
Trd, 000077.533, 170
Trd, 000077.567, 172
Trd, 000079.150, 164
Trd, 000079.467, 163
Trd, 000080.750, 166
Trd, 000081.100, 165
Trd, 000081.733, 165
Trd, 000083.067, 165
Trd, 000083.183, 166
Trd, 000083.333, 165
Trd, 000083.417, 170
Trd, 000083.433, 161
Trd, 000084.283, 171
Trd, 000085.200, 172
Trd, 000085.317, 171
Trd, 000085.500, 170
Trd, 000086.317, 170
Trd, 000086.817, 171
Trd, 000088.483, 170
Trd, 000088.583, 171
Trd, 000088.767, 173
Trd, 000088.917, 169
Trd, 000090.317, 169
Trd, 000090.533, 178
Trd, 000090.600, 162
Trd, 000090.700, 161
Trd, 000091.550, 164
Trd, 000092.567, 167
Trd, 000092.617, 161
Trd, 000093.117, 168
Trd, 000093.650, 161
Trd, 000095.633, 162
Trd, 000095.900, 164
Trd, 000096.200, 161
Trd, 000096.367, 165
Trd, 000097.117, 165
Trd, 000097.517, 164
Trd, 000097.900, 161
Trd, 000099.917, 163
Trd, 000100.450, 161
Trd, 000100.650, 160
Trd, 000100.783, 162
Trd, 000100.950, 145
Trd, 000102.433, 160
Trd, 000102.567, 162
Trd, 000102.583, 164
Trd, 000103.217, 165
Trd, 000104.117, 166
Trd, 000105.000, 163
Trd, 000105.883, 167
Trd, 000106.667, 167
Trd, 000107.200, 165
Trd, 000107.300, 166
Trd, 000107.550, 165
Trd, 000108.650, 165
Trd, 000109.267, 165
Trd, 000110.083, 168
Trd, 000110.200, 169
Trd, 000112.250, 166
Trd, 000112.683, 166
Trd, 000113.300, 168
Trd, 000113.317, 167
Trd, 000113.517, 169
Trd, 000113.967, 190
Trd, 000114.517, 164
Trd, 000114.717, 163
Trd, 000116.200, 166
Trd, 000117.467, 167
Trd, 000117.633, 167
Trd, 000117.783, 173
Trd, 000118.333, 165
Trd, 000120.033, 169
Trd, 000120.267, 165
Trd, 000120.433, 166
Trd, 000120.967, 167
Trd, 000121.433, 168
Trd, 000121.783, 169
Trd, 000122.200, 170
Trd, 000122.483, 161
Trd, 000122.633, 174
Trd, 000122.833, 191
Trd, 000122.867, 201
Trd, 000123.067, 205
Trd, 000123.317, 215
Trd, 000124.283, 209
Trd, 000124.500, 317.0
Trd, 000124.533, 303.0
Trd, 000126.783, 341
Trd, 000127.217, 355.0
Trd, 000129.033, 350
Trd, 000129.200, 349.0
Trd, 000129.717, 350
Trd, 000130.417, 351
Trd, 000130.717, 351.0
Trd, 000131.467, 355.0
Trd, 000131.950, 351
Trd, 000132.450, 358.0
Trd, 000132.700, 352
Trd, 000133.000, 361
Trd, 000133.550, 361
Trd, 000134.500, 354.0
Trd, 000135.083, 354
Trd, 000135.933, 355.0
Trd, 000136.333, 355
Trd, 000137.267, 358.0
Trd, 000137.617, 356
Trd, 000138.483, 358
Trd, 000138.583, 362.0
Trd, 000139.400, 358
Trd, 000139.600, 357
Trd, 000142.633, 353
Trd, 000143.100, 352
Trd, 000143.367, 351.0
Trd, 000143.533, 351.0
Trd, 000143.750, 352
Trd, 000144.233, 350
Trd, 000144.750, 337
Trd, 000145.317, 332.0
Trd, 000145.700, 348
Trd, 000146.383, 345
Trd, 000146.767, 350
Trd, 000147.833, 351.0
Trd, 000147.967, 348.0
Trd, 000148.617, 344
Trd, 000148.867, 343
Trd, 000149.833, 344
Trd, 000150.083, 345
Trd, 000150.567, 351
Trd, 000150.733, 344
Trd, 000151.533, 346
Trd, 000151.850, 351.0
Trd, 000153.900, 351
Trd, 000154.400, 352
Trd, 000155.133, 351
Trd, 000155.183, 355.0
Trd, 000155.800, 354.0
Trd, 000156.400, 354.0
Trd, 000156.683, 355.0
Trd, 000156.967, 358.0
Trd, 000157.933, 355
Trd, 000157.967, 354.0
Trd, 000158.967, 353
Trd, 000159.750, 356
Trd, 000159.800, 352
Trd, 000160.450, 355
Trd, 000161.933, 351.0
Trd, 000162.483, 355
Trd, 000162.783, 356
Trd, 000163.300, 350.0
Trd, 000163.617, 355
Trd, 000164.383, 359
Trd, 000165.783, 354.0
Trd, 000166.100, 355.0
Trd, 000166.567, 355
Trd, 000166.833, 356
Trd, 000166.950, 355
Trd, 000168.700, 354
Trd, 000169.683, 353.0
Trd, 000170.400, 355.0
Trd, 000171.167, 356
Trd, 000171.750, 354
Trd, 000171.817, 351
Trd, 000172.767, 354
Trd, 000172.850, 352
Trd, 000173.050, 355.0
Trd, 000173.167, 354
Trd, 000174.183, 350
Trd, 000174.833, 351.0
Trd, 000175.317, 349
Trd, 000175.333, 350
Trd, 000176.483, 351
Trd, 000177.200, 358.0
Trd, 000177.583, 352
Trd, 000178.750, 353.0
Trd, 000179.950, 351.0
Trd, 000180.567, 348
Trd, 000181.033, 352.0
Trd, 000182.100, 350
Trd, 000182.200, 351.0
Trd, 000182.333, 349.0
Trd, 000182.650, 336
Trd, 000183.350, 319
Trd, 000183.583, 317
Trd, 000183.750, 316
Trd, 000184.150, 314
Trd, 000184.600, 313
Trd, 000184.850, 186
Trd, 000185.633, 183
Trd, 000185.817, 183
Trd, 000185.833, 182
Trd, 000187.033, 218
Trd, 000187.300, 180
Trd, 000187.900, 201
Trd, 000189.633, 206
Trd, 000190.283, 187
Trd, 000190.417, 198
Trd, 000191.533, 181
Trd, 000192.133, 180
Trd, 000192.250, 181
Trd, 000192.500, 178
Trd, 000192.817, 178
Trd, 000192.900, 182
Trd, 000193.400, 177
Trd, 000193.583, 182
Trd, 000193.717, 182
Trd, 000193.783, 170
Trd, 000194.233, 181
Trd, 000194.800, 167
Trd, 000195.400, 181
Trd, 000197.900, 178
Trd, 000198.350, 179
Trd, 000198.417, 180
Trd, 000198.467, 168
Trd, 000199.533, 179
Trd, 000199.683, 179
Trd, 000200.133, 174
Trd, 000202.383, 178
Trd, 000202.450, 179
Trd, 000202.733, 181
Trd, 000203.533, 181
Trd, 000203.917, 181
Trd, 000204.017, 182
Trd, 000204.150, 185
Trd, 000204.250, 184
Trd, 000205.150, 184
Trd, 000205.433, 183
Trd, 000205.783, 184
Trd, 000205.817, 182
Trd, 000206.217, 182
Trd, 000206.283, 178
Trd, 000208.517, 175
Trd, 000208.783, 181
Trd, 000210.000, 176
Trd, 000210.617, 179
Trd, 000211.300, 178
Trd, 000212.850, 179
Trd, 000213.150, 179
Trd, 000213.417, 180
Trd, 000213.517, 179
Trd, 000213.583, 175
Trd, 000214.067, 178
Trd, 000214.400, 179
Trd, 000214.950, 176
Trd, 000215.383, 179
Trd, 000217.100, 176
Trd, 000217.350, 176
Trd, 000217.983, 175
Trd, 000218.017, 177
Trd, 000218.333, 173
Trd, 000218.450, 179
Trd, 000219.417, 173
Trd, 000219.467, 179
Trd, 000219.650, 170
Trd, 000222.333, 176
Trd, 000222.817, 177
Trd, 000224.750, 177
Trd, 000224.850, 176
Trd, 000225.033, 177
Trd, 000225.483, 177
Trd, 000225.533, 178
Trd, 000226.250, 177
Trd, 000226.500, 175
Trd, 000226.767, 182
Trd, 000227.300, 175
Trd, 000227.817, 184
Trd, 000228.083, 187
Trd, 000228.117, 201
Trd, 000228.583, 175
Trd, 000229.117, 175
Trd, 000229.633, 174
Trd, 000229.817, 178
Trd, 000231.550, 176
Trd, 000231.867, 174
Trd, 000232.000, 178
Trd, 000233.750, 177
Trd, 000234.083, 176
Trd, 000234.667, 179
Trd, 000235.650, 178
Trd, 000235.800, 180
Trd, 000237.667, 177
Trd, 000238.083, 178
Trd, 000238.267, 177
Trd, 000238.283, 182
Trd, 000238.983, 178
Trd, 000239.383, 185
Trd, 000239.783, 188
Trd, 000240.067, 201
Trd, 000240.483, 181
Trd, 000240.600, 179
Trd, 000240.983, 179
Trd, 000241.633, 176
Trd, 000241.650, 175
Trd, 000242.067, 175
Trd, 000242.083, 174
Trd, 000242.117, 172
Trd, 000242.200, 179
Trd, 000242.250, 168
Trd, 000243.467, 161
Trd, 000243.783, 160
Trd, 000244.217, 160
Trd, 000244.550, 161
Trd, 000244.567, 155
Trd, 000245.767, 162
Trd, 000246.683, 165
Trd, 000246.733, 167
Trd, 000247.000, 168
Trd, 000247.817, 170
Trd, 000248.433, 177
Trd, 000249.433, 176
Trd, 000249.750, 175
Trd, 000250.000, 175
Trd, 000250.350, 175
Trd, 000251.367, 173
Trd, 000251.533, 174
Trd, 000251.550, 176
Trd, 000251.833, 176
Trd, 000253.067, 177
Trd, 000253.283, 177
Trd, 000253.683, 180
Trd, 000254.250, 180
Trd, 000254.350, 179
Trd, 000255.350, 177
Trd, 000255.600, 180
Trd, 000255.667, 178
Trd, 000255.800, 179
Trd, 000255.983, 177
Trd, 000256.083, 183
Trd, 000256.417, 182
Trd, 000257.067, 181
Trd, 000257.300, 181
Trd, 000258.083, 176
Trd, 000258.650, 178
Trd, 000258.800, 177
Trd, 000258.883, 179
Trd, 000258.983, 182
Trd, 000259.000, 175
Trd, 000260.133, 177
Trd, 000260.383, 178
Trd, 000260.533, 177
Trd, 000260.700, 178
Trd, 000263.017, 175
Trd, 000263.033, 177
Trd, 000263.683, 176
Trd, 000263.933, 174
Trd, 000264.100, 173
Trd, 000264.717, 174
Trd, 000265.150, 176
Trd, 000265.400, 177
Trd, 000265.600, 177
Trd, 000266.050, 174
Trd, 000266.567, 176
Trd, 000266.733, 176
Trd, 000267.150, 177
Trd, 000267.317, 175
Trd, 000268.017, 180
Trd, 000268.067, 181
Trd, 000268.467, 176
Trd, 000269.333, 185
Trd, 000270.767, 183
Trd, 000270.833, 182
Trd, 000271.083, 186
Trd, 000271.883, 184
Trd, 000272.433, 184
Trd, 000272.500, 185
Trd, 000273.117, 187
Trd, 000273.583, 187
Trd, 000273.833, 186
Trd, 000274.150, 187
Trd, 000274.400, 188
Trd, 000275.267, 187
Trd, 000275.400, 186
Trd, 000275.450, 185
Trd, 000275.667, 187
Trd, 000276.300, 178
Trd, 000277.517, 176
Trd, 000277.650, 175
Trd, 000277.683, 180
Trd, 000277.817, 180
Trd, 000278.100, 189
Trd, 000278.800, 188
Trd, 000279.983, 181
Trd, 000280.000, 180
Trd, 000280.550, 181
Trd, 000280.933, 180
Trd, 000280.967, 179
Trd, 000281.483, 183
Trd, 000281.883, 177
Trd, 000282.100, 186
Trd, 000282.150, 176
Trd, 000283.167, 182
Trd, 000284.667, 183
Trd, 000284.817, 179
Trd, 000285.283, 179
Trd, 000285.933, 179
Trd, 000286.367, 177
Trd, 000286.867, 179
Trd, 000286.900, 178
Trd, 000286.967, 176
Trd, 000287.767, 187
Trd, 000288.367, 182
Trd, 000288.700, 177
Trd, 000289.350, 180
Trd, 000289.400, 179
Trd, 000289.667, 180
Trd, 000290.433, 174
Trd, 000291.733, 179
Trd, 000291.750, 180
Trd, 000291.767, 179
Trd, 000291.783, 178
Trd, 000292.150, 184
Trd, 000292.600, 191
Trd, 000292.867, 188
Trd, 000293.600, 195
Trd, 000293.650, 187
Trd, 000294.317, 166
Trd, 000294.667, 177
Trd, 000295.500, 194
Trd, 000295.783, 178
Trd, 000296.067, 178
Trd, 000296.467, 177
Trd, 000296.733, 177
Trd, 000296.867, 178
Trd, 000297.567, 176
Trd, 000298.067, 182
Trd, 000298.317, 173
Trd, 000298.383, 182
Trd, 000298.883, 166
Trd, 000298.917, 180
