Trd, 000002.150, 139
Trd, 000002.217, 127
Trd, 000003.483, 145
Trd, 000003.583, 176
Trd, 000003.833, 143
Trd, 000004.133, 141
Trd, 000004.600, 142
Trd, 000005.050, 135
Trd, 000006.000, 142
Trd, 000006.633, 138
Trd, 000007.450, 137
Trd, 000008.167, 138
Trd, 000008.233, 143
Trd, 000009.117, 138
Trd, 000009.517, 142
Trd, 000010.417, 145
Trd, 000010.467, 138
Trd, 000011.133, 159
Trd, 000011.800, 155
Trd, 000011.950, 145
Trd, 000012.217, 149
Trd, 000012.367, 173
Trd, 000013.183, 136
Trd, 000013.683, 138
Trd, 000014.617, 151
Trd, 000014.917, 146
Trd, 000016.050, 147
Trd, 000016.117, 146
Trd, 000016.800, 147
Trd, 000016.883, 146
Trd, 000017.850, 148
Trd, 000018.350, 147
Trd, 000018.700, 147
Trd, 000019.117, 160
Trd, 000019.883, 148
Trd, 000019.917, 171
Trd, 000020.217, 150
Trd, 000020.500, 167
Trd, 000020.567, 172
Trd, 000021.250, 156
Trd, 000021.400, 155
Trd, 000021.467, 145
Trd, 000023.200, 153
Trd, 000024.717, 153
Trd, 000025.150, 153
Trd, 000025.917, 155
Trd, 000026.333, 154
Trd, 000026.600, 152
Trd, 000027.350, 153
Trd, 000027.950, 155
Trd, 000028.167, 152
Trd, 000028.933, 157
Trd, 000028.967, 160
Trd, 000031.100, 159
Trd, 000031.283, 158
Trd, 000031.433, 157
Trd, 000032.950, 157
Trd, 000033.283, 158
Trd, 000033.517, 136
Trd, 000034.167, 130
Trd, 000034.183, 156
Trd, 000034.617, 147
Trd, 000035.033, 145
Trd, 000035.100, 146
Trd, 000035.633, 146
Trd, 000037.000, 147
Trd, 000037.533, 147
Trd, 000037.683, 149
Trd, 000037.783, 146
Trd, 000038.383, 148
Trd, 000038.883, 148
Trd, 000039.650, 160
Trd, 000040.383, 150
Trd, 000042.183, 161
Trd, 000042.283, 154
Trd, 000042.900, 176
Trd, 000044.350, 170
Trd, 000044.933, 170
Trd, 000045.983, 168
Trd, 000046.083, 166
Trd, 000047.917, 166
Trd, 000048.133, 167
Trd, 000048.667, 165
Trd, 000049.150, 162
Trd, 000049.383, 162
Trd, 000049.900, 163
Trd, 000050.717, 164
Trd, 000051.117, 165
Trd, 000051.767, 162
Trd, 000051.917, 163
Trd, 000052.717, 166
Trd, 000053.233, 163
Trd, 000053.850, 165
Trd, 000054.533, 165
Trd, 000055.500, 162
Trd, 000055.583, 161
Trd, 000056.050, 161
Trd, 000057.267, 159
Trd, 000058.283, 159
Trd, 000058.317, 161
Trd, 000058.550, 159
Trd, 000058.883, 159
Trd, 000059.100, 158
Trd, 000059.533, 158
Trd, 000059.833, 158
Trd, 000060.200, 157
Trd, 000060.400, 160
Trd, 000061.450, 158
Trd, 000061.600, 161
Trd, 000061.633, 156
Trd, 000061.867, 149
Trd, 000062.150, 158
Trd, 000064.250, 157
Trd, 000064.367, 156
Trd, 000065.150, 157
Trd, 000065.900, 158
Trd, 000066.850, 164
Trd, 000068.583, 164
Trd, 000068.783, 163
Trd, 000069.583, 165
Trd, 000069.900, 175
Trd, 000070.133, 174
Trd, 000070.617, 170
Trd, 000070.700, 174
Trd, 000071.433, 172
Trd, 000072.000, 164
Trd, 000073.417, 168
Trd, 000074.767, 162
Trd, 000074.817, 161
Trd, 000075.000, 150
Trd, 000075.017, 176
Trd, 000075.250, 134
Trd, 000076.100, 174
Trd, 000077.433, 165
Trd, 000077.967, 172
Trd, 000078.083, 167
Trd, 000078.683, 165
Trd, 000079.367, 167
Trd, 000079.867, 167
Trd, 000080.567, 160
Trd, 000081.983, 160
Trd, 000082.417, 164
Trd, 000082.433, 162
Trd, 000082.883, 159
Trd, 000084.300, 161
Trd, 000084.867, 155
Trd, 000085.150, 156
Trd, 000085.333, 157
Trd, 000085.850, 155
Trd, 000086.017, 154
Trd, 000086.500, 155
Trd, 000086.867, 160
Trd, 000087.633, 165
Trd, 000088.833, 189
Trd, 000089.283, 167
Trd, 000089.467, 162
Trd, 000090.017, 164
Trd, 000090.050, 176
Trd, 000090.250, 172
Trd, 000090.783, 166
Trd, 000091.333, 167
Trd, 000091.950, 166
Trd, 000092.133, 164
Trd, 000092.383, 143
Trd, 000093.583, 166
Trd, 000094.533, 159
Trd, 000094.633, 164
Trd, 000094.817, 163
Trd, 000095.800, 165
Trd, 000096.233, 163
Trd, 000096.267, 180
Trd, 000096.383, 162
Trd, 000097.250, 167
Trd, 000097.517, 168
Trd, 000098.083, 160
Trd, 000098.233, 162
Trd, 000099.633, 156
Trd, 000099.967, 161
Trd, 000100.517, 160
Trd, 000100.667, 164
Trd, 000101.533, 162
Trd, 000102.583, 161
Trd, 000102.917, 160
Trd, 000103.600, 159
Trd, 000103.617, 158
Trd, 000104.183, 160
Trd, 000104.567, 159
Trd, 000105.217, 161
Trd, 000105.433, 163
Trd, 000105.483, 168
Trd, 000106.133, 159
Trd, 000106.317, 161
Trd, 000106.933, 167
Trd, 000107.683, 179
Trd, 000109.933, 172
Trd, 000109.950, 171
Trd, 000110.467, 177
Trd, 000111.167, 170
Trd, 000112.117, 174
Trd, 000112.800, 171
Trd, 000113.050, 170
Trd, 000113.283, 167
Trd, 000113.583, 166
Trd, 000114.317, 171
Trd, 000114.350, 168
Trd, 000115.633, 162
Trd, 000116.167, 169
Trd, 000116.217, 172
Trd, 000116.250, 163
Trd, 000116.367, 190
Trd, 000116.483, 154
Trd, 000117.550, 160
Trd, 000119.733, 175
Trd, 000119.783, 176
Trd, 000120.317, 172
Trd, 000120.400, 171
Trd, 000121.050, 168
Trd, 000121.867, 171
Trd, 000122.067, 172
Trd, 000122.317, 177
Trd, 000122.767, 184
Trd, 000123.233, 170
Trd, 000123.317, 185
Trd, 000123.483, 191
Trd, 000123.667, 202
Trd, 000124.667, 240
Trd, 000125.367, 324.0
Trd, 000125.683, 327.0
Trd, 000125.767, 324
Trd, 000127.100, 325
Trd, 000127.583, 331.0
Trd, 000128.600, 341.0
Trd, 000129.517, 331.0
Trd, 000129.767, 328.0
Trd, 000130.450, 340
Trd, 000131.717, 341.0
Trd, 000132.033, 340
Trd, 000133.267, 341.0
Trd, 000133.317, 344.0
Trd, 000133.933, 343
Trd, 000135.300, 341
Trd, 000135.983, 343
Trd, 000136.583, 336
Trd, 000137.583, 337
Trd, 000138.400, 338
Trd, 000138.517, 341.0
Trd, 000138.650, 336
Trd, 000139.217, 343.0
Trd, 000140.867, 339.0
Trd, 000141.250, 336
Trd, 000142.017, 339
Trd, 000142.883, 335
Trd, 000144.217, 335
Trd, 000145.633, 341.0
Trd, 000146.350, 341
Trd, 000146.833, 342
Trd, 000147.617, 342
Trd, 000148.333, 340
Trd, 000150.617, 339
Trd, 000151.083, 339
Trd, 000151.533, 341
Trd, 000151.550, 335.0
Trd, 000152.100, 335.0
Trd, 000152.250, 340.0
Trd, 000152.283, 341.0
Trd, 000152.617, 333
Trd, 000152.850, 333
Trd, 000155.083, 339.0
Trd, 000157.850, 336.0
Trd, 000158.183, 337
Trd, 000158.750, 341.0
Trd, 000159.167, 338.0
Trd, 000159.833, 339
Trd, 000159.983, 340
Trd, 000160.500, 340.0
Trd, 000161.167, 348
Trd, 000161.250, 342.0
Trd, 000161.650, 358.0
Trd, 000161.950, 365
Trd, 000162.400, 344.0
Trd, 000163.783, 342
Trd, 000164.033, 341
Trd, 000164.083, 344
Trd, 000164.283, 338
Trd, 000165.400, 336
Trd, 000167.183, 336
Trd, 000168.217, 341.0
Trd, 000169.633, 340.0
Trd, 000170.067, 338
Trd, 000172.400, 341
Trd, 000172.750, 340
Trd, 000173.217, 353
Trd, 000173.550, 358.0
Trd, 000174.333, 353
Trd, 000174.517, 370
Trd, 000175.150, 354
Trd, 000175.667, 356
Trd, 000176.133, 356
Trd, 000176.600, 353.0
Trd, 000177.217, 355.0
Trd, 000178.833, 355
Trd, 000179.333, 355
Trd, 000179.733, 353
Trd, 000179.767, 351.0
Trd, 000180.033, 344.0
Trd, 000180.883, 352
Trd, 000181.217, 350
Trd, 000181.350, 349
Trd, 000181.483, 343
Trd, 000181.783, 334.0
Trd, 000182.933, 335
Trd, 000183.383, 317.0
Trd, 000183.467, 313.0
Trd, 000184.167, 211
Trd, 000184.433, 232
Trd, 000184.783, 223
Trd, 000185.067, 218
Trd, 000185.633, 200
Trd, 000185.983, 189
Trd, 000186.500, 196
Trd, 000187.117, 184
Trd, 000187.233, 190
Trd, 000189.817, 183
Trd, 000189.900, 181
Trd, 000190.117, 187
Trd, 000190.967, 181
Trd, 000191.267, 186
Trd, 000192.517, 180
Trd, 000193.417, 177
Trd, 000194.200, 176
Trd, 000194.767, 170
Trd, 000195.050, 171
Trd, 000195.967, 163
Trd, 000195.983, 166
Trd, 000196.283, 166
Trd, 000196.300, 172
Trd, 000196.783, 177
Trd, 000197.567, 167
Trd, 000198.733, 170
Trd, 000198.983, 173
Trd, 000199.150, 169
Trd, 000199.450, 171
Trd, 000199.783, 171
Trd, 000200.133, 171
Trd, 000200.500, 171
Trd, 000201.133, 172
Trd, 000201.267, 178
Trd, 000201.700, 170
Trd, 000201.783, 169
Trd, 000203.267, 176
Trd, 000204.217, 176
Trd, 000204.800, 163
Trd, 000205.050, 176
Trd, 000205.467, 175
Trd, 000206.767, 153
Trd, 000207.317, 165
Trd, 000207.850, 152
Trd, 000207.983, 179
Trd, 000209.267, 170
Trd, 000209.917, 170
Trd, 000210.700, 175
Trd, 000210.867, 193
Trd, 000211.250, 187
Trd, 000211.417, 195
Trd, 000212.400, 196
Trd, 000212.683, 179
Trd, 000213.117, 193
Trd, 000214.133, 182
Trd, 000214.167, 181
Trd, 000214.250, 181
Trd, 000215.717, 180
Trd, 000215.883, 178
Trd, 000217.033, 176
Trd, 000218.633, 169
Trd, 000218.783, 178
Trd, 000219.350, 165
Trd, 000220.000, 180
Trd, 000220.950, 172
Trd, 000221.150, 176
Trd, 000221.833, 174
Trd, 000222.150, 174
Trd, 000222.367, 173
Trd, 000223.167, 174
Trd, 000223.333, 188
Trd, 000223.450, 173
Trd, 000224.817, 204
Trd, 000225.217, 202
Trd, 000225.400, 201
Trd, 000225.883, 185
Trd, 000226.217, 184
Trd, 000226.650, 182
Trd, 000226.767, 195
Trd, 000227.383, 187
Trd, 000227.617, 183
Trd, 000227.633, 180
Trd, 000227.950, 187
Trd, 000228.233, 189
Trd, 000229.600, 186
Trd, 000230.050, 185
Trd, 000231.050, 181
Trd, 000231.850, 181
Trd, 000232.067, 183
Trd, 000232.300, 180
Trd, 000233.433, 174
Trd, 000234.067, 165
Trd, 000234.117, 179
Trd, 000234.683, 179
Trd, 000235.550, 166
Trd, 000236.067, 167
Trd, 000236.800, 170
Trd, 000237.667, 170
Trd, 000238.017, 168
Trd, 000238.033, 168
Trd, 000238.933, 181
Trd, 000239.800, 182
Trd, 000240.567, 173
Trd, 000240.717, 172
Trd, 000240.950, 174
Trd, 000241.683, 173
Trd, 000242.033, 174
Trd, 000242.067, 175
Trd, 000242.167, 173
Trd, 000242.683, 172
Trd, 000242.933, 171
Trd, 000243.533, 173
Trd, 000244.033, 172
Trd, 000244.117, 173
Trd, 000244.183, 176
Trd, 000244.600, 178
Trd, 000245.250, 172
Trd, 000245.567, 167
Trd, 000245.767, 174
Trd, 000246.000, 175
Trd, 000246.283, 182
Trd, 000246.800, 177
Trd, 000247.100, 176
Trd, 000247.200, 177
Trd, 000247.250, 174
Trd, 000247.967, 173
Trd, 000248.200, 176
Trd, 000249.033, 174
Trd, 000249.767, 180
Trd, 000250.117, 186
Trd, 000250.517, 182
Trd, 000250.667, 189
Trd, 000251.500, 183
Trd, 000251.817, 187
Trd, 000252.117, 182
Trd, 000252.500, 182
Trd, 000252.917, 181
Trd, 000252.950, 176
Trd, 000254.167, 182
Trd, 000254.550, 180
Trd, 000255.333, 183
Trd, 000256.000, 177
Trd, 000256.017, 178
Trd, 000256.050, 184
Trd, 000256.600, 183
Trd, 000256.883, 176
Trd, 000257.100, 197
Trd, 000258.367, 188
Trd, 000258.550, 181
Trd, 000259.183, 181
Trd, 000259.250, 179
Trd, 000259.333, 177
Trd, 000260.250, 177
Trd, 000260.433, 178
Trd, 000260.550, 177
Trd, 000260.567, 174
Trd, 000262.000, 173
Trd, 000262.017, 174
Trd, 000262.317, 174
Trd, 000262.583, 169
Trd, 000262.967, 164
Trd, 000263.500, 170
Trd, 000263.733, 173
Trd, 000264.533, 172
Trd, 000264.567, 168
Trd, 000264.667, 168
Trd, 000264.783, 167
Trd, 000266.733, 167
Trd, 000267.083, 169
Trd, 000267.800, 172
Trd, 000267.967, 171
Trd, 000268.150, 170
Trd, 000268.167, 169
Trd, 000268.333, 169
Trd, 000269.733, 174
Trd, 000270.100, 185
Trd, 000270.450, 188
Trd, 000270.617, 178
Trd, 000270.933, 183
Trd, 000271.133, 183
Trd, 000271.400, 181
Trd, 000271.517, 184
Trd, 000272.750, 178
Trd, 000273.117, 178
Trd, 000273.350, 177
Trd, 000273.367, 177
Trd, 000273.600, 180
Trd, 000273.717, 185
Trd, 000274.483, 181
Trd, 000274.683, 177
Trd, 000275.300, 181
Trd, 000275.500, 176
Trd, 000276.933, 176
Trd, 000277.150, 179
Trd, 000277.783, 175
Trd, 000278.267, 176
Trd, 000278.333, 176
Trd, 000278.700, 177
Trd, 000278.867, 184
Trd, 000279.217, 177
Trd, 000279.817, 171
Trd, 000280.150, 170
Trd, 000280.917, 176
Trd, 000281.167, 173
Trd, 000281.750, 177
Trd, 000282.033, 173
Trd, 000282.183, 172
Trd, 000282.967, 170
Trd, 000284.150, 168
Trd, 000284.350, 171
Trd, 000284.783, 170
Trd, 000284.850, 172
Trd, 000285.400, 180
Trd, 000285.867, 186
Trd, 000286.317, 170
Trd, 000286.667, 173
Trd, 000286.717, 174
Trd, 000286.783, 169
Trd, 000287.283, 177
Trd, 000287.850, 179
Trd, 000288.067, 172
Trd, 000288.217, 171
Trd, 000289.300, 173
Trd, 000289.683, 174
Trd, 000290.200, 173
Trd, 000291.133, 175
Trd, 000291.367, 176
Trd, 000291.383, 175
Trd, 000292.133, 174
Trd, 000292.500, 177
Trd, 000292.950, 174
Trd, 000293.183, 172
Trd, 000293.217, 171
Trd, 000293.567, 180
Trd, 000293.967, 163
Trd, 000294.000, 187
Trd, 000294.233, 201
Trd, 000294.717, 195
Trd, 000295.467, 202
Trd, 000295.600, 180
Trd, 000296.200, 189
Trd, 000296.917, 183
Trd, 000297.050, 181
Trd, 000297.167, 181
Trd, 000297.200, 180
Trd, 000297.433, 184
Trd, 000297.667, 181
Trd, 000297.900, 180
Trd, 000298.200, 181
Trd, 000298.967, 183
Trd, 000299.133, 180
