Trd, 000001.450, 182
Trd, 000001.467, 153
Trd, 000001.850, 144
Trd, 000002.167, 132
Trd, 000003.650, 165
Trd, 000003.850, 168
Trd, 000004.233, 166
Trd, 000004.933, 166
Trd, 000005.117, 167
Trd, 000005.500, 168
Trd, 000005.633, 154
Trd, 000006.550, 168
Trd, 000007.867, 157
Trd, 000008.250, 157
Trd, 000009.350, 133
Trd, 000009.817, 132
Trd, 000009.867, 133
Trd, 000009.883, 135
Trd, 000010.183, 145
Trd, 000010.250, 157
Trd, 000010.433, 133
Trd, 000011.433, 159
Trd, 000011.450, 166
Trd, 000012.200, 144
Trd, 000012.483, 168
Trd, 000012.567, 183
Trd, 000013.517, 143
Trd, 000014.217, 144
Trd, 000014.617, 154
Trd, 000014.650, 160
Trd, 000015.200, 154
Trd, 000016.417, 149
Trd, 000016.650, 148
Trd, 000017.917, 136
Trd, 000018.133, 140
Trd, 000018.483, 152
Trd, 000018.600, 153
Trd, 000018.650, 153
Trd, 000019.417, 154
Trd, 000019.900, 152
Trd, 000020.683, 151
Trd, 000021.100, 151
Trd, 000021.517, 151
Trd, 000022.050, 152
Trd, 000022.083, 157
Trd, 000022.150, 150
Trd, 000022.450, 167
Trd, 000024.133, 156
Trd, 000024.617, 157
Trd, 000024.867, 158
Trd, 000025.133, 155
Trd, 000025.250, 167
Trd, 000025.650, 177
Trd, 000025.750, 154
Trd, 000026.133, 135
Trd, 000026.767, 141
Trd, 000026.967, 152
Trd, 000027.950, 145
Trd, 000028.133, 147
Trd, 000028.617, 139
Trd, 000028.767, 148
Trd, 000029.067, 168
Trd, 000029.983, 156
Trd, 000030.050, 144
Trd, 000030.917, 154
Trd, 000031.950, 154
Trd, 000031.967, 156
Trd, 000032.067, 158
Trd, 000033.683, 155
Trd, 000033.750, 168
Trd, 000034.283, 154
Trd, 000034.383, 153
Trd, 000036.033, 162
Trd, 000036.950, 158
Trd, 000037.050, 156
Trd, 000037.300, 160
Trd, 000037.317, 155
Trd, 000037.867, 151
Trd, 000038.583, 137
Trd, 000038.717, 138
Trd, 000038.983, 159
Trd, 000039.367, 160
Trd, 000039.383, 160
Trd, 000039.667, 161
Trd, 000041.600, 158
Trd, 000042.117, 155
Trd, 000042.533, 155
Trd, 000042.683, 153
Trd, 000042.883, 156
Trd, 000043.867, 153
Trd, 000044.017, 151
Trd, 000044.917, 156
Trd, 000045.417, 154
Trd, 000045.650, 155
Trd, 000045.667, 157
Trd, 000046.583, 169
Trd, 000047.150, 155
Trd, 000047.783, 155
Trd, 000047.917, 157
Trd, 000048.017, 154
Trd, 000049.517, 154
Trd, 000050.000, 151
Trd, 000050.200, 151
Trd, 000050.850, 151
Trd, 000051.250, 152
Trd, 000052.050, 151
Trd, 000052.183, 159
Trd, 000052.950, 160
Trd, 000053.150, 166
Trd, 000053.283, 153
Trd, 000053.917, 173
Trd, 000053.950, 154
Trd, 000054.700, 184
Trd, 000055.983, 166
Trd, 000056.167, 164
Trd, 000056.717, 167
Trd, 000056.800, 163
Trd, 000057.983, 166
Trd, 000058.400, 167
Trd, 000058.500, 169
Trd, 000059.550, 167
Trd, 000059.867, 167
Trd, 000061.433, 168
Trd, 000062.033, 171
Trd, 000062.117, 165
Trd, 000062.617, 181
Trd, 000062.833, 172
Trd, 000063.083, 171
Trd, 000064.467, 168
Trd, 000064.567, 167
Trd, 000064.750, 169
Trd, 000065.217, 170
Trd, 000065.317, 165
Trd, 000066.000, 171
Trd, 000066.333, 163
Trd, 000067.950, 164
Trd, 000067.983, 165
Trd, 000068.317, 164
Trd, 000068.600, 165
Trd, 000069.683, 165
Trd, 000070.017, 166
Trd, 000070.383, 165
Trd, 000070.983, 164
Trd, 000071.083, 172
Trd, 000071.183, 189
Trd, 000071.250, 155
Trd, 000071.350, 182
Trd, 000071.850, 139
Trd, 000072.833, 166
Trd, 000073.017, 155
Trd, 000073.167, 165
Trd, 000074.383, 156
Trd, 000074.467, 165
Trd, 000074.600, 167
Trd, 000075.117, 154
Trd, 000075.333, 165
Trd, 000076.417, 171
Trd, 000077.417, 159
Trd, 000078.817, 169
Trd, 000078.967, 167
Trd, 000079.567, 169
Trd, 000079.600, 158
Trd, 000080.217, 164
Trd, 000080.283, 162
Trd, 000081.650, 165
Trd, 000082.217, 158
Trd, 000082.233, 166
Trd, 000082.517, 153
Trd, 000083.883, 159
Trd, 000084.033, 160
Trd, 000084.700, 161
Trd, 000084.717, 163
Trd, 000085.017, 173
Trd, 000085.683, 188
Trd, 000086.567, 191
Trd, 000086.717, 183
Trd, 000087.017, 176
Trd, 000087.033, 167
Trd, 000087.133, 161
Trd, 000087.933, 171
Trd, 000088.633, 172
Trd, 000088.917, 172
Trd, 000089.533, 174
Trd, 000089.583, 177
Trd, 000090.183, 172
Trd, 000090.350, 166
Trd, 000090.967, 172
Trd, 000092.167, 172
Trd, 000092.267, 173
Trd, 000092.883, 168
Trd, 000093.467, 168
Trd, 000093.483, 170
Trd, 000094.000, 169
Trd, 000095.100, 169
Trd, 000095.350, 168
Trd, 000095.433, 167
Trd, 000095.567, 169
Trd, 000095.633, 166
Trd, 000096.317, 156
Trd, 000096.467, 167
Trd, 000096.750, 174
Trd, 000097.417, 146
Trd, 000099.650, 170
Trd, 000100.167, 158
Trd, 000101.117, 168
Trd, 000102.117, 168
Trd, 000102.650, 167
Trd, 000103.000, 167
Trd, 000103.517, 167
Trd, 000103.950, 167
Trd, 000104.150, 169
Trd, 000104.500, 166
Trd, 000104.633, 168
Trd, 000105.033, 169
Trd, 000105.133, 156
Trd, 000105.583, 174
Trd, 000105.850, 192
Trd, 000105.950, 192
Trd, 000107.533, 176
Trd, 000107.700, 166
Trd, 000107.933, 176
Trd, 000108.033, 166
Trd, 000108.400, 168
Trd, 000109.100, 176
Trd, 000110.317, 159
Trd, 000110.383, 164
Trd, 000110.450, 163
Trd, 000110.600, 156
Trd, 000110.683, 162
Trd, 000110.817, 162
Trd, 000112.467, 158
Trd, 000113.200, 166
Trd, 000113.867, 165
Trd, 000114.333, 166
Trd, 000114.683, 163
Trd, 000115.417, 164
Trd, 000115.433, 176
Trd, 000115.500, 164
Trd, 000116.533, 174
Trd, 000116.933, 163
Trd, 000117.467, 170
Trd, 000118.117, 170
Trd, 000118.217, 161
Trd, 000118.517, 159
Trd, 000118.750, 167
Trd, 000118.817, 168
Trd, 000120.850, 166
Trd, 000120.983, 164
Trd, 000121.067, 169
Trd, 000121.267, 175
Trd, 000122.233, 176
Trd, 000122.333, 177
Trd, 000123.617, 202
Trd, 000123.850, 289
Trd, 000124.417, 313.0
Trd, 000124.483, 327.0
Trd, 000125.117, 327
Trd, 000125.400, 331.0
Trd, 000125.917, 334.0
Trd, 000126.183, 354
Trd, 000126.417, 364.0
Trd, 000126.617, 364.0
Trd, 000126.967, 359
Trd, 000128.000, 347
Trd, 000128.383, 332
Trd, 000128.717, 333.0
Trd, 000128.983, 334.0
Trd, 000130.883, 352
Trd, 000132.100, 349
Trd, 000132.117, 347
Trd, 000132.933, 349
Trd, 000133.367, 349
Trd, 000133.417, 348
Trd, 000133.867, 350
Trd, 000134.650, 355
Trd, 000136.167, 356
Trd, 000136.683, 367.0
Trd, 000136.750, 365.0
Trd, 000137.050, 360
Trd, 000137.100, 344
Trd, 000137.417, 367
Trd, 000138.150, 365
Trd, 000139.183, 366
Trd, 000139.317, 366
Trd, 000139.450, 365.0
Trd, 000139.750, 349
Trd, 000140.183, 371
Trd, 000140.483, 365
Trd, 000141.133, 348
Trd, 000141.717, 345
Trd, 000143.617, 354
Trd, 000143.767, 355
Trd, 000144.533, 352
Trd, 000145.117, 351
Trd, 000145.450, 350
Trd, 000145.983, 349
Trd, 000146.083, 349
Trd, 000146.517, 349
Trd, 000146.950, 351
Trd, 000147.367, 348
Trd, 000147.917, 347
Trd, 000148.600, 342
Trd, 000148.783, 346
Trd, 000148.867, 349
Trd, 000149.800, 351
Trd, 000149.917, 356
Trd, 000150.250, 341
Trd, 000150.783, 359
Trd, 000151.233, 364.0
Trd, 000151.867, 334.0
Trd, 000152.017, 365.0
Trd, 000152.533, 372
Trd, 000152.650, 331.0
Trd, 000152.817, 330
Trd, 000153.850, 349
Trd, 000154.067, 351
Trd, 000154.617, 338
Trd, 000155.583, 357
Trd, 000155.833, 361
Trd, 000155.967, 341
Trd, 000156.883, 348
Trd, 000158.333, 347
Trd, 000158.367, 346
Trd, 000159.217, 346
Trd, 000160.067, 348
Trd, 000160.117, 353
Trd, 000160.283, 351
Trd, 000160.483, 357
Trd, 000161.217, 344
Trd, 000161.467, 365.0
Trd, 000161.867, 373
Trd, 000162.783, 364.0
Trd, 000162.800, 358
Trd, 000163.150, 360
Trd, 000164.017, 358
Trd, 000165.367, 360.0
Trd, 000165.450, 359
Trd, 000166.333, 360.0
Trd, 000167.000, 358
Trd, 000167.583, 356
Trd, 000168.467, 347
Trd, 000168.633, 356
Trd, 000169.733, 357
Trd, 000170.517, 350
Trd, 000170.633, 347
Trd, 000170.750, 351
Trd, 000170.833, 354
Trd, 000171.950, 349
Trd, 000172.067, 348
Trd, 000172.867, 353
Trd, 000173.067, 353
Trd, 000173.550, 350
Trd, 000173.617, 354
Trd, 000175.083, 364.0
Trd, 000175.100, 365.0
Trd, 000175.817, 358
Trd, 000176.017, 349
Trd, 000176.317, 348
Trd, 000176.750, 347
Trd, 000178.100, 344
Trd, 000178.117, 352
Trd, 000178.700, 354
Trd, 000179.017, 354
Trd, 000179.133, 343
Trd, 000179.283, 333
Trd, 000180.550, 341
Trd, 000181.017, 351
Trd, 000181.350, 340
Trd, 000181.733, 349
Trd, 000182.150, 340
Trd, 000183.017, 342
Trd, 000183.033, 327.0
Trd, 000183.200, 320.0
Trd, 000183.317, 307
Trd, 000183.400, 281
Trd, 000183.683, 306
Trd, 000185.417, 195
Trd, 000185.500, 193
Trd, 000186.617, 187
Trd, 000187.433, 188
Trd, 000187.567, 186
Trd, 000187.917, 188
Trd, 000188.000, 185
Trd, 000188.267, 188
Trd, 000189.317, 187
Trd, 000190.333, 187
Trd, 000190.500, 186
Trd, 000191.183, 185
Trd, 000191.333, 186
Trd, 000191.517, 187
Trd, 000192.000, 184
Trd, 000192.067, 176
Trd, 000192.133, 188
Trd, 000192.867, 184
Trd, 000192.983, 188
Trd, 000194.617, 177
Trd, 000195.150, 186
Trd, 000196.133, 187
Trd, 000196.667, 186
Trd, 000197.083, 184
Trd, 000197.300, 179
Trd, 000197.433, 185
Trd, 000197.517, 186
Trd, 000199.000, 187
Trd, 000199.650, 185
Trd, 000200.067, 183
Trd, 000200.167, 188
Trd, 000200.483, 182
Trd, 000200.883, 187
Trd, 000201.667, 181
Trd, 000202.983, 185
Trd, 000203.150, 185
Trd, 000203.450, 183
Trd, 000203.867, 183
Trd, 000204.017, 182
Trd, 000204.100, 181
Trd, 000204.267, 185
Trd, 000205.000, 184
Trd, 000205.067, 185
Trd, 000206.250, 179
Trd, 000206.567, 178
Trd, 000206.583, 186
Trd, 000207.000, 191
Trd, 000207.250, 177
Trd, 000208.083, 204
Trd, 000209.500, 183
Trd, 000209.683, 184
Trd, 000210.200, 180
Trd, 000210.300, 176
Trd, 000211.150, 182
Trd, 000211.300, 183
Trd, 000211.333, 183
Trd, 000211.400, 184
Trd, 000212.583, 182
Trd, 000213.017, 181
Trd, 000213.150, 182
Trd, 000213.633, 182
Trd, 000214.233, 183
Trd, 000214.650, 184
Trd, 000215.217, 182
Trd, 000215.917, 181
Trd, 000216.550, 183
Trd, 000217.383, 182
Trd, 000217.950, 180
Trd, 000218.533, 177
Trd, 000218.750, 165
Trd, 000219.000, 184
Trd, 000219.533, 173
Trd, 000219.817, 182
Trd, 000221.200, 181
Trd, 000221.833, 181
Trd, 000221.900, 181
Trd, 000222.183, 174
Trd, 000222.783, 181
Trd, 000223.600, 181
Trd, 000224.017, 177
Trd, 000224.350, 175
Trd, 000224.367, 169
Trd, 000225.217, 182
Trd, 000226.317, 188
Trd, 000226.367, 195
Trd, 000226.417, 204
Trd, 000227.933, 175
Trd, 000227.950, 174
Trd, 000228.333, 187
Trd, 000228.500, 188
Trd, 000229.733, 189
Trd, 000229.983, 180
Trd, 000230.850, 198
Trd, 000231.200, 192
Trd, 000231.417, 191
Trd, 000231.500, 193
Trd, 000233.117, 191
Trd, 000233.333, 185
Trd, 000233.700, 185
Trd, 000233.983, 186
Trd, 000234.500, 186
Trd, 000235.217, 188
Trd, 000235.800, 186
Trd, 000236.633, 184
Trd, 000236.933, 188
Trd, 000237.483, 188
Trd, 000237.600, 184
Trd, 000237.700, 179
Trd, 000237.767, 188
Trd, 000237.883, 161
Trd, 000238.883, 176
Trd, 000240.083, 174
Trd, 000240.367, 176
Trd, 000240.717, 175
Trd, 000240.733, 177
Trd, 000241.033, 176
Trd, 000241.133, 177
Trd, 000241.383, 178
Trd, 000241.617, 179
Trd, 000241.983, 182
Trd, 000242.300, 184
Trd, 000243.083, 181
Trd, 000243.583, 180
Trd, 000243.600, 179
Trd, 000243.650, 178
Trd, 000244.250, 180
Trd, 000245.483, 171
Trd, 000245.633, 171
Trd, 000245.883, 172
Trd, 000246.367, 172
Trd, 000246.850, 175
Trd, 000247.000, 173
Trd, 000247.067, 176
Trd, 000247.567, 173
Trd, 000248.000, 172
Trd, 000248.033, 177
Trd, 000249.533, 176
Trd, 000250.067, 175
Trd, 000250.600, 174
Trd, 000250.917, 173
Trd, 000251.450, 175
Trd, 000251.983, 174
Trd, 000252.100, 177
Trd, 000253.233, 173
Trd, 000253.267, 171
Trd, 000253.400, 174
Trd, 000253.717, 176
Trd, 000253.783, 178
Trd, 000254.117, 180
Trd, 000254.550, 171
Trd, 000254.567, 187
Trd, 000255.367, 190
Trd, 000255.450, 173
Trd, 000256.817, 173
Trd, 000256.933, 170
Trd, 000257.350, 183
Trd, 000258.833, 187
Trd, 000258.967, 183
Trd, 000259.350, 183
Trd, 000259.367, 177
Trd, 000259.500, 179
Trd, 000259.517, 180
Trd, 000260.383, 177
Trd, 000260.767, 181
Trd, 000261.100, 175
Trd, 000261.417, 176
Trd, 000262.117, 175
Trd, 000262.800, 174
Trd, 000263.100, 175
Trd, 000263.133, 176
Trd, 000263.983, 176
Trd, 000264.067, 177
Trd, 000264.517, 181
Trd, 000264.917, 180
Trd, 000265.100, 179
Trd, 000265.167, 186
Trd, 000265.583, 175
Trd, 000266.217, 188
Trd, 000266.383, 173
Trd, 000267.267, 174
Trd, 000267.683, 175
Trd, 000268.283, 178
Trd, 000268.633, 183
Trd, 000269.750, 193
Trd, 000270.000, 194
Trd, 000270.017, 192
Trd, 000270.083, 174
Trd, 000270.367, 187
Trd, 000271.350, 175
Trd, 000271.733, 174
Trd, 000271.767, 176
Trd, 000273.267, 179
Trd, 000273.450, 183
Trd, 000274.633, 178
Trd, 000274.717, 180
Trd, 000274.900, 181
Trd, 000275.267, 180
Trd, 000275.350, 185
Trd, 000275.367, 177
Trd, 000275.483, 178
Trd, 000275.900, 185
Trd, 000276.483, 179
Trd, 000277.200, 181
Trd, 000277.267, 181
Trd, 000277.950, 173
Trd, 000278.067, 177
Trd, 000278.367, 180
Trd, 000278.883, 179
Trd, 000279.083, 176
Trd, 000279.117, 183
Trd, 000280.183, 177
Trd, 000280.300, 180
Trd, 000280.467, 174
Trd, 000280.500, 193
Trd, 000280.983, 174
Trd, 000281.250, 176
Trd, 000282.067, 176
Trd, 000282.467, 174
Trd, 000283.100, 180
Trd, 000283.450, 187
Trd, 000283.750, 187
Trd, 000283.883, 181
Trd, 000284.317, 179
Trd, 000285.617, 182
Trd, 000285.783, 183
Trd, 000285.917, 184
Trd, 000286.033, 182
Trd, 000286.967, 185
Trd, 000287.300, 182
Trd, 000287.650, 183
Trd, 000287.850, 183
Trd, 000288.033, 180
Trd, 000288.183, 179
Trd, 000288.467, 183
Trd, 000288.550, 184
Trd, 000288.650, 181
Trd, 000290.850, 183
Trd, 000291.067, 184
Trd, 000291.617, 183
Trd, 000291.883, 184
Trd, 000291.900, 183
Trd, 000292.133, 185
Trd, 000292.317, 180
Trd, 000292.600, 177
Trd, 000292.983, 175
Trd, 000293.150, 188
Trd, 000293.983, 189
Trd, 000294.300, 183
Trd, 000295.217, 181
Trd, 000295.350, 188
Trd, 000295.750, 181
Trd, 000296.183, 188
Trd, 000296.500, 187
Trd, 000297.133, 188
Trd, 000298.317, 184
Trd, 000298.533, 189
Trd, 000298.583, 195
Trd, 000298.983, 189
Trd, 000299.400, 187
