Trd, 000002.883, 117
Trd, 000003.933, 126
Trd, 000005.217, 133
Trd, 000005.733, 132
Trd, 000006.083, 131
Trd, 000006.233, 134
Trd, 000006.683, 132
Trd, 000006.767, 133
Trd, 000007.400, 134
Trd, 000007.483, 135
Trd, 000007.550, 141
Trd, 000008.567, 152
Trd, 000008.750, 150
Trd, 000009.083, 149
Trd, 000010.417, 157
Trd, 000011.067, 144
Trd, 000011.833, 148
Trd, 000012.050, 125
Trd, 000012.333, 149
Trd, 000013.783, 147
Trd, 000014.600, 148
Trd, 000015.083, 149
Trd, 000015.450, 145
Trd, 000015.550, 142
Trd, 000016.400, 144
Trd, 000017.683, 169
Trd, 000018.033, 154
Trd, 000018.533, 154
Trd, 000018.667, 153
Trd, 000019.050, 157
Trd, 000020.433, 154
Trd, 000020.983, 158
Trd, 000021.417, 159
Trd, 000021.683, 151
Trd, 000021.817, 150
Trd, 000022.683, 176
Trd, 000023.367, 177
Trd, 000026.600, 154
Trd, 000026.700, 156
Trd, 000026.717, 158
Trd, 000027.000, 154
Trd, 000028.317, 155
Trd, 000028.850, 155
Trd, 000030.683, 154
Trd, 000030.783, 155
Trd, 000030.850, 153
Trd, 000031.500, 151
Trd, 000032.417, 153
Trd, 000032.650, 152
Trd, 000033.067, 152
Trd, 000033.417, 151
Trd, 000033.467, 152
Trd, 000034.017, 153
Trd, 000034.600, 153
Trd, 000034.650, 151
Trd, 000035.017, 146
Trd, 000035.467, 135
Trd, 000035.683, 151
Trd, 000036.933, 140
Trd, 000037.017, 145
Trd, 000038.100, 143
Trd, 000038.583, 144
Trd, 000039.133, 148
Trd, 000039.700, 144
Trd, 000040.100, 150
Trd, 000040.333, 143
Trd, 000042.567, 152
Trd, 000044.467, 153
Trd, 000044.767, 153
Trd, 000045.217, 157
Trd, 000045.667, 156
Trd, 000046.583, 148
Trd, 000047.133, 148
Trd, 000047.700, 152
Trd, 000047.800, 153
Trd, 000047.817, 136
Trd, 000048.133, 154
Trd, 000048.900, 153
Trd, 000049.117, 157
Trd, 000049.750, 155
Trd, 000051.900, 154
Trd, 000052.483, 154
Trd, 000052.633, 153
Trd, 000052.933, 151
Trd, 000053.667, 151
Trd, 000053.933, 150
Trd, 000055.717, 177
Trd, 000055.867, 179
Trd, 000056.317, 144
Trd, 000057.083, 159
Trd, 000057.300, 160
Trd, 000057.750, 155
Trd, 000059.350, 161
Trd, 000060.333, 177
Trd, 000060.367, 161
Trd, 000060.467, 180
Trd, 000060.517, 158
Trd, 000062.983, 160
Trd, 000063.850, 157
Trd, 000063.917, 158
Trd, 000064.483, 156
Trd, 000064.667, 156
Trd, 000064.783, 161
Trd, 000066.500, 158
Trd, 000066.567, 163
Trd, 000067.000, 180
Trd, 000067.133, 158
Trd, 000067.250, 180
Trd, 000069.967, 163
Trd, 000070.517, 161
Trd, 000070.567, 160
Trd, 000070.633, 163
Trd, 000071.950, 159
Trd, 000072.100, 156
Trd, 000073.500, 156
Trd, 000073.883, 157
Trd, 000074.267, 156
Trd, 000074.383, 155
Trd, 000074.533, 156
Trd, 000074.950, 157
Trd, 000075.467, 153
Trd, 000076.467, 158
Trd, 000076.967, 159
Trd, 000077.200, 162
Trd, 000077.233, 175
Trd, 000078.633, 180
Trd, 000078.667, 156
Trd, 000080.433, 160
Trd, 000080.483, 159
Trd, 000081.867, 161
Trd, 000082.217, 160
Trd, 000082.267, 160
Trd, 000082.750, 159
Trd, 000082.850, 156
Trd, 000083.333, 173
Trd, 000083.367, 159
Trd, 000084.483, 164
Trd, 000084.900, 159
Trd, 000086.067, 161
Trd, 000086.567, 161
Trd, 000086.967, 160
Trd, 000087.000, 161
Trd, 000087.367, 159
Trd, 000089.467, 158
Trd, 000089.783, 159
Trd, 000089.850, 158
Trd, 000090.000, 159
Trd, 000090.150, 164
Trd, 000091.950, 164
Trd, 000093.267, 161
Trd, 000093.783, 160
Trd, 000094.417, 161
Trd, 000094.783, 161
Trd, 000095.350, 161
Trd, 000095.683, 162
Trd, 000096.483, 162
Trd, 000096.750, 161
Trd, 000097.083, 162
Trd, 000098.317, 161
Trd, 000099.017, 161
Trd, 000099.933, 161
Trd, 000100.083, 161
Trd, 000100.550, 160
Trd, 000100.717, 158
Trd, 000102.750, 157
Trd, 000102.883, 158
Trd, 000103.533, 161
Trd, 000104.683, 165
Trd, 000104.967, 160
Trd, 000104.983, 161
Trd, 000107.050, 167
Trd, 000108.217, 167
Trd, 000108.450, 166
Trd, 000109.183, 166
Trd, 000109.867, 168
Trd, 000109.900, 182
Trd, 000110.450, 167
Trd, 000111.367, 170
Trd, 000111.567, 162
Trd, 000113.600, 167
Trd, 000114.033, 168
Trd, 000114.133, 166
Trd, 000114.183, 166
Trd, 000114.917, 164
Trd, 000115.117, 165
Trd, 000115.433, 183
Trd, 000115.733, 190
Trd, 000115.883, 162
Trd, 000117.100, 154
Trd, 000117.950, 165
Trd, 000118.000, 178
Trd, 000118.100, 187
Trd, 000119.100, 187
Trd, 000119.167, 166
Trd, 000119.533, 180
Trd, 000121.167, 175
Trd, 000121.483, 175
Trd, 000122.550, 175
Trd, 000123.067, 188
Trd, 000123.333, 168
Trd, 000123.367, 193
Trd, 000124.517, 201
Trd, 000124.633, 208
Trd, 000124.700, 218
Trd, 000125.667, 306.0
Trd, 000125.733, 307
Trd, 000126.433, 310.0
Trd, 000126.483, 317.0
Trd, 000126.517, 319
Trd, 000127.117, 331.0
Trd, 000129.667, 323.0
Trd, 000129.817, 329
Trd, 000129.900, 340.0
Trd, 000129.967, 341.0
Trd, 000130.217, 347
Trd, 000132.600, 334
Trd, 000132.650, 338
Trd, 000134.317, 337
Trd, 000134.417, 339
Trd, 000135.833, 341.0
Trd, 000136.300, 342
Trd, 000136.783, 338
Trd, 000136.967, 341.0
Trd, 000137.533, 342
Trd, 000137.567, 341
Trd, 000137.933, 342
Trd, 000138.983, 341
Trd, 000139.517, 342
Trd, 000139.667, 342
Trd, 000140.417, 340
Trd, 000140.850, 340
Trd, 000140.983, 341
Trd, 000142.100, 338
Trd, 000143.133, 334
Trd, 000143.417, 333
Trd, 000144.033, 335
Trd, 000144.333, 329
Trd, 000144.567, 335
Trd, 000144.800, 332
Trd, 000145.217, 324
Trd, 000146.200, 334
Trd, 000147.233, 334
Trd, 000147.783, 328
Trd, 000148.383, 334
Trd, 000149.167, 336
Trd, 000150.450, 336
Trd, 000151.317, 336
Trd, 000151.433, 337
Trd, 000152.400, 338
Trd, 000153.033, 339
Trd, 000153.233, 340.0
Trd, 000153.950, 338
Trd, 000154.283, 340
Trd, 000154.917, 341.0
Trd, 000155.350, 362
Trd, 000155.933, 353
Trd, 000156.483, 345
Trd, 000156.733, 353
Trd, 000159.250, 348
Trd, 000159.950, 346
Trd, 000160.250, 347
Trd, 000160.850, 348
Trd, 000160.867, 341
Trd, 000162.633, 342
Trd, 000163.233, 342
Trd, 000163.567, 343
Trd, 000163.717, 345
Trd, 000164.050, 342
Trd, 000165.000, 344
Trd, 000165.900, 340
Trd, 000166.400, 339
Trd, 000166.583, 345
Trd, 000166.600, 342
Trd, 000166.783, 336
Trd, 000167.633, 374
Trd, 000167.867, 378
Trd, 000169.550, 349
Trd, 000169.833, 350
Trd, 000170.100, 349
Trd, 000170.800, 340
Trd, 000171.567, 340
Trd, 000172.150, 341.0
Trd, 000172.300, 346
Trd, 000173.367, 339
Trd, 000173.467, 348
Trd, 000174.550, 353.0
Trd, 000174.650, 355.0
Trd, 000174.817, 373
Trd, 000176.450, 340.0
Trd, 000176.483, 341.0
Trd, 000177.167, 341
Trd, 000177.250, 344
Trd, 000177.933, 340
Trd, 000178.533, 338
Trd, 000179.133, 346
Trd, 000179.917, 346
Trd, 000180.950, 348.0
Trd, 000181.633, 349
Trd, 000182.250, 342
Trd, 000182.433, 332
Trd, 000182.767, 320.0
Trd, 000183.017, 317.0
Trd, 000183.050, 301
Trd, 000184.250, 302
Trd, 000184.467, 300.0
Trd, 000184.550, 285
Trd, 000184.583, 218
Trd, 000184.767, 197
Trd, 000186.150, 185
Trd, 000188.767, 187
Trd, 000189.117, 185
Trd, 000189.217, 183
Trd, 000189.833, 185
Trd, 000189.867, 186
Trd, 000190.200, 182
Trd, 000190.683, 170
Trd, 000191.767, 181
Trd, 000192.200, 176
Trd, 000192.700, 177
Trd, 000192.983, 175
Trd, 000194.300, 172
Trd, 000194.850, 174
Trd, 000194.933, 173
Trd, 000196.617, 173
Trd, 000197.083, 168
Trd, 000198.467, 162
Trd, 000199.767, 168
Trd, 000199.967, 168
Trd, 000200.350, 167
Trd, 000200.933, 157
Trd, 000201.300, 156
Trd, 000201.800, 157
Trd, 000202.733, 156
Trd, 000203.583, 159
Trd, 000203.900, 158
Trd, 000204.950, 160
Trd, 000205.467, 161
Trd, 000205.717, 174
Trd, 000206.167, 175
Trd, 000206.517, 169
Trd, 000208.100, 169
Trd, 000208.567, 175
Trd, 000208.933, 169
Trd, 000209.100, 176
Trd, 000209.250, 193
Trd, 000209.550, 180
Trd, 000210.500, 171
Trd, 000212.183, 179
Trd, 000212.217, 181
Trd, 000213.500, 182
Trd, 000213.933, 184
Trd, 000214.250, 183
Trd, 000214.817, 181
Trd, 000216.000, 181
Trd, 000216.333, 172
Trd, 000218.283, 171
Trd, 000219.283, 170
Trd, 000219.650, 168
Trd, 000220.467, 169
Trd, 000220.517, 169
Trd, 000220.667, 170
Trd, 000220.950, 176
Trd, 000221.533, 176
Trd, 000222.533, 172
Trd, 000222.867, 173
Trd, 000223.333, 177
Trd, 000223.800, 175
Trd, 000224.867, 176
Trd, 000224.917, 175
Trd, 000225.067, 177
Trd, 000226.200, 178
Trd, 000226.283, 173
Trd, 000228.783, 175
Trd, 000229.500, 178
Trd, 000230.317, 175
Trd, 000230.367, 171
Trd, 000230.900, 173
Trd, 000231.200, 172
Trd, 000231.500, 173
Trd, 000232.550, 173
Trd, 000232.883, 174
Trd, 000233.750, 174
Trd, 000235.300, 173
Trd, 000235.417, 176
Trd, 000235.650, 172
Trd, 000236.050, 172
Trd, 000236.217, 181
Trd, 000236.517, 182
Trd, 000237.783, 194
Trd, 000238.150, 176
Trd, 000238.600, 174
Trd, 000238.800, 182
Trd, 000239.400, 174
Trd, 000240.150, 177
Trd, 000240.383, 173
Trd, 000240.683, 172
Trd, 000240.767, 172
Trd, 000241.217, 172
Trd, 000241.233, 173
Trd, 000241.500, 173
Trd, 000241.533, 172
Trd, 000241.850, 177
Trd, 000242.183, 174
Trd, 000242.533, 172
Trd, 000243.683, 175
Trd, 000243.750, 174
Trd, 000244.250, 170
Trd, 000244.917, 173
Trd, 000245.150, 174
Trd, 000245.333, 172
Trd, 000245.467, 175
Trd, 000246.083, 176
Trd, 000247.083, 176
Trd, 000247.117, 183
Trd, 000248.150, 177
Trd, 000248.183, 182
Trd, 000248.250, 186
Trd, 000249.233, 185
Trd, 000250.033, 188
Trd, 000250.483, 182
Trd, 000250.800, 180
Trd, 000251.033, 179
Trd, 000251.233, 182
Trd, 000252.017, 181
Trd, 000252.517, 181
Trd, 000252.700, 184
Trd, 000252.833, 176
Trd, 000252.950, 184
Trd, 000253.600, 176
Trd, 000253.917, 175
Trd, 000254.017, 186
Trd, 000254.033, 180
Trd, 000254.567, 178
Trd, 000255.117, 180
Trd, 000256.133, 177
Trd, 000256.517, 178
Trd, 000257.050, 181
Trd, 000257.700, 182
Trd, 000257.917, 177
Trd, 000258.233, 174
Trd, 000259.367, 175
Trd, 000259.583, 176
Trd, 000260.050, 174
Trd, 000260.317, 173
Trd, 000260.467, 175
Trd, 000260.933, 175
Trd, 000261.350, 174
Trd, 000261.950, 175
Trd, 000262.233, 176
Trd, 000263.250, 176
Trd, 000263.600, 175
Trd, 000264.133, 173
Trd, 000264.550, 175
Trd, 000265.000, 177
Trd, 000265.467, 176
Trd, 000265.733, 181
Trd, 000265.817, 179
Trd, 000265.983, 177
Trd, 000266.417, 181
Trd, 000266.600, 179
Trd, 000267.367, 181
Trd, 000267.917, 184
Trd, 000268.250, 183
Trd, 000268.350, 179
Trd, 000269.433, 178
Trd, 000270.000, 181
Trd, 000270.083, 177
Trd, 000270.100, 178
Trd, 000270.683, 181
Trd, 000270.750, 182
Trd, 000271.167, 183
Trd, 000271.200, 182
Trd, 000271.233, 184
Trd, 000272.467, 182
Trd, 000273.600, 179
Trd, 000273.700, 180
Trd, 000274.000, 182
Trd, 000274.100, 182
Trd, 000274.567, 178
Trd, 000275.083, 183
Trd, 000275.483, 182
Trd, 000275.600, 176
Trd, 000275.683, 185
Trd, 000276.150, 189
Trd, 000276.533, 195
Trd, 000276.967, 190
Trd, 000277.483, 190
Trd, 000278.517, 190
Trd, 000278.767, 189
Trd, 000278.850, 186
Trd, 000278.900, 187
Trd, 000279.617, 179
Trd, 000279.667, 180
Trd, 000280.150, 185
Trd, 000280.367, 175
Trd, 000280.400, 194
Trd, 000280.433, 200
Trd, 000280.450, 171
Trd, 000281.500, 186
Trd, 000281.733, 189
Trd, 000281.850, 189
Trd, 000282.033, 190
Trd, 000282.183, 190
Trd, 000282.717, 177
Trd, 000283.033, 185
Trd, 000283.083, 186
Trd, 000284.500, 184
Trd, 000284.967, 184
Trd, 000285.283, 184
Trd, 000285.383, 185
Trd, 000285.683, 184
Trd, 000286.167, 185
Trd, 000286.317, 183
Trd, 000286.517, 186
Trd, 000287.317, 179
Trd, 000287.333, 179
Trd, 000287.383, 180
Trd, 000287.700, 171
Trd, 000289.217, 179
Trd, 000289.267, 180
Trd, 000290.850, 179
Trd, 000291.033, 180
Trd, 000291.083, 181
Trd, 000291.150, 183
Trd, 000291.217, 184
Trd, 000291.500, 180
Trd, 000291.700, 180
Trd, 000292.300, 179
Trd, 000292.317, 175
Trd, 000293.250, 185
Trd, 000294.283, 183
Trd, 000294.550, 180
Trd, 000295.000, 184
Trd, 000295.083, 184
Trd, 000296.017, 184
Trd, 000296.250, 182
Trd, 000296.417, 182
Trd, 000296.683, 181
Trd, 000296.900, 186
Trd, 000297.033, 181
Trd, 000297.083, 187
Trd, 000297.450, 190
Trd, 000298.233, 191
Trd, 000298.683, 201
Trd, 000299.450, 186
Trd, 000299.500, 197
Trd, 000299.517, 198
