Trd, 000001.250, 127
Trd, 000001.483, 186
Trd, 000003.150, 119
Trd, 000003.733, 133
Trd, 000003.983, 134
Trd, 000004.567, 155
Trd, 000005.433, 162
Trd, 000006.250, 155
Trd, 000006.350, 152
Trd, 000009.133, 155
Trd, 000009.867, 152
Trd, 000010.017, 154
Trd, 000010.133, 156
Trd, 000010.833, 157
Trd, 000011.467, 149
Trd, 000011.650, 152
Trd, 000012.400, 145
Trd, 000013.583, 154
Trd, 000013.867, 157
Trd, 000014.967, 150
Trd, 000015.250, 153
Trd, 000016.850, 148
Trd, 000018.250, 154
Trd, 000018.300, 155
Trd, 000019.667, 154
Trd, 000019.767, 153
Trd, 000020.383, 153
Trd, 000021.167, 152
Trd, 000021.467, 146
Trd, 000023.667, 144
Trd, 000023.883, 153
Trd, 000023.967, 153
Trd, 000025.033, 151
Trd, 000025.500, 153
Trd, 000026.050, 153
Trd, 000026.250, 146
Trd, 000026.367, 157
Trd, 000029.600, 152
Trd, 000029.967, 154
Trd, 000030.183, 151
Trd, 000031.017, 152
Trd, 000031.050, 154
Trd, 000031.517, 150
Trd, 000031.750, 153
Trd, 000033.133, 148
Trd, 000033.517, 149
Trd, 000034.183, 148
Trd, 000035.183, 149
Trd, 000035.450, 150
Trd, 000035.583, 151
Trd, 000037.533, 148
Trd, 000037.850, 151
Trd, 000037.950, 158
Trd, 000038.933, 153
Trd, 000039.200, 155
Trd, 000039.867, 151
Trd, 000041.117, 155
Trd, 000041.317, 154
Trd, 000041.467, 150
Trd, 000042.633, 155
Trd, 000042.733, 157
Trd, 000045.717, 150
Trd, 000047.033, 154
Trd, 000047.133, 152
Trd, 000047.317, 154
Trd, 000048.133, 153
Trd, 000048.850, 154
Trd, 000049.183, 158
Trd, 000050.267, 154
Trd, 000053.083, 155
Trd, 000053.150, 156
Trd, 000053.967, 164
Trd, 000054.067, 166
Trd, 000054.567, 160
Trd, 000055.267, 156
Trd, 000056.367, 159
Trd, 000057.183, 160
Trd, 000057.683, 156
Trd, 000057.933, 157
Trd, 000058.317, 149
Trd, 000059.350, 154
Trd, 000059.600, 154
Trd, 000061.483, 153
Trd, 000061.850, 156
Trd, 000062.117, 161
Trd, 000063.250, 159
Trd, 000064.167, 173
Trd, 000064.633, 158
Trd, 000065.567, 160
Trd, 000066.967, 159
Trd, 000067.117, 160
Trd, 000067.133, 159
Trd, 000067.283, 158
Trd, 000067.467, 151
Trd, 000067.850, 161
Trd, 000070.117, 157
Trd, 000070.850, 158
Trd, 000071.300, 157
Trd, 000071.433, 161
Trd, 000072.150, 159
Trd, 000072.900, 158
Trd, 000074.033, 161
Trd, 000076.167, 159
Trd, 000076.583, 161
Trd, 000076.733, 158
Trd, 000077.017, 160
Trd, 000078.617, 160
Trd, 000079.483, 159
Trd, 000081.983, 161
Trd, 000082.483, 161
Trd, 000082.883, 157
Trd, 000083.700, 153
Trd, 000084.333, 161
Trd, 000084.767, 149
Trd, 000084.867, 162
Trd, 000085.050, 169
Trd, 000085.950, 153
Trd, 000086.433, 157
Trd, 000086.783, 159
Trd, 000088.367, 154
Trd, 000088.633, 153
Trd, 000090.817, 156
Trd, 000091.100, 156
Trd, 000092.033, 154
Trd, 000092.917, 156
Trd, 000092.950, 157
Trd, 000093.100, 157
Trd, 000093.567, 153
Trd, 000095.717, 155
Trd, 000096.500, 157
Trd, 000097.117, 156
Trd, 000097.167, 158
Trd, 000097.833, 177
Trd, 000098.183, 155
Trd, 000098.400, 155
Trd, 000100.300, 162
Trd, 000100.550, 178
Trd, 000101.867, 164
Trd, 000102.083, 163
Trd, 000102.650, 163
Trd, 000104.650, 162
Trd, 000104.700, 165
Trd, 000105.167, 165
Trd, 000105.467, 172
Trd, 000106.100, 162
Trd, 000106.283, 167
Trd, 000106.517, 162
Trd, 000106.883, 162
Trd, 000110.317, 164
Trd, 000110.833, 164
Trd, 000111.667, 161
Trd, 000111.950, 164
Trd, 000112.467, 164
Trd, 000112.767, 164
Trd, 000113.550, 164
Trd, 000114.250, 162
Trd, 000115.950, 164
Trd, 000116.233, 164
Trd, 000116.617, 160
Trd, 000117.517, 165
Trd, 000118.317, 166
Trd, 000119.183, 161
Trd, 000120.733, 166
Trd, 000120.800, 167
Trd, 000120.967, 167
Trd, 000121.000, 167
Trd, 000121.333, 168
Trd, 000122.117, 170
Trd, 000122.583, 174
Trd, 000123.517, 194
Trd, 000124.267, 194
Trd, 000124.783, 208
Trd, 000124.917, 285
Trd, 000125.017, 303.0
Trd, 000125.783, 319.0
Trd, 000126.167, 320.0
Trd, 000126.400, 324
Trd, 000126.717, 325
Trd, 000127.467, 343
Trd, 000127.850, 333.0
Trd, 000128.167, 331.0
Trd, 000130.033, 338
Trd, 000130.417, 339
Trd, 000131.067, 351
Trd, 000132.933, 344.0
Trd, 000133.133, 343
Trd, 000134.883, 343.0
Trd, 000136.033, 340
Trd, 000136.150, 346
Trd, 000136.200, 346
Trd, 000137.100, 342
Trd, 000138.650, 361.0
Trd, 000139.083, 351
Trd, 000140.400, 351
Trd, 000140.867, 350
Trd, 000141.233, 350
Trd, 000141.517, 368.0
Trd, 000142.067, 352
Trd, 000142.083, 362.0
Trd, 000142.717, 349
Trd, 000143.817, 343.0
Trd, 000146.100, 351
Trd, 000146.483, 345
Trd, 000146.667, 342
Trd, 000147.200, 342.0
Trd, 000148.200, 341.0
Trd, 000148.700, 353
Trd, 000149.467, 347
Trd, 000150.150, 353
Trd, 000152.083, 349
Trd, 000152.583, 341
Trd, 000153.017, 349
Trd, 000155.017, 348
Trd, 000155.783, 346
Trd, 000156.233, 348
Trd, 000156.800, 346
Trd, 000157.650, 344.0
Trd, 000157.717, 346
Trd, 000157.883, 350
Trd, 000158.017, 347
Trd, 000159.983, 347
Trd, 000160.983, 344.0
Trd, 000161.033, 343
Trd, 000163.267, 343
Trd, 000163.600, 344
Trd, 000163.750, 348
Trd, 000164.633, 347
Trd, 000165.067, 348
Trd, 000165.650, 355.0
Trd, 000166.817, 345
Trd, 000167.017, 341.0
Trd, 000167.983, 342
Trd, 000168.333, 342
Trd, 000168.367, 349
Trd, 000168.867, 350
Trd, 000171.000, 347
Trd, 000172.383, 348
Trd, 000172.917, 348
Trd, 000173.100, 348
Trd, 000173.167, 341.0
Trd, 000175.633, 347
Trd, 000176.183, 348
Trd, 000176.500, 355.0
Trd, 000176.850, 347
Trd, 000177.000, 347
Trd, 000178.167, 351
Trd, 000178.250, 375
Trd, 000179.300, 346.0
Trd, 000179.667, 332.0
Trd, 000180.100, 353
Trd, 000181.533, 344
Trd, 000181.633, 343
Trd, 000182.250, 341.0
Trd, 000182.367, 327.0
Trd, 000183.450, 317.0
Trd, 000183.567, 306.0
Trd, 000183.933, 214
Trd, 000184.867, 191
Trd, 000185.050, 170
Trd, 000185.217, 169
Trd, 000185.850, 185
Trd, 000187.100, 171
Trd, 000188.917, 182
Trd, 000189.833, 183
Trd, 000190.550, 185
Trd, 000191.133, 187
Trd, 000191.717, 171
Trd, 000191.733, 173
Trd, 000191.883, 163
Trd, 000193.200, 171
Trd, 000193.850, 171
Trd, 000194.467, 172
Trd, 000195.183, 173
Trd, 000196.200, 172
Trd, 000197.850, 171
Trd, 000199.500, 174
Trd, 000199.900, 171
Trd, 000202.467, 171
Trd, 000202.783, 173
Trd, 000202.867, 171
Trd, 000203.450, 173
Trd, 000204.533, 174
Trd, 000204.550, 167
Trd, 000204.983, 174
Trd, 000205.733, 174
Trd, 000206.450, 173
Trd, 000208.067, 174
Trd, 000208.617, 182
Trd, 000209.417, 178
Trd, 000211.167, 176
Trd, 000211.200, 178
Trd, 000211.717, 181
Trd, 000211.917, 183
Trd, 000212.483, 176
Trd, 000212.517, 196
Trd, 000213.733, 178
Trd, 000216.683, 179
Trd, 000216.733, 181
Trd, 000217.433, 181
Trd, 000217.767, 177
Trd, 000218.733, 173
Trd, 000218.817, 171
Trd, 000219.883, 174
Trd, 000221.150, 169
Trd, 000221.350, 164
Trd, 000222.333, 165
Trd, 000223.450, 169
Trd, 000224.683, 169
Trd, 000225.483, 168
Trd, 000226.283, 169
Trd, 000226.800, 168
Trd, 000227.083, 168
Trd, 000227.817, 170
Trd, 000227.917, 178
Trd, 000228.483, 170
Trd, 000228.617, 172
Trd, 000229.517, 173
Trd, 000229.983, 173
Trd, 000231.517, 175
Trd, 000232.233, 174
Trd, 000232.900, 175
Trd, 000232.967, 175
Trd, 000233.800, 174
Trd, 000234.617, 173
Trd, 000235.133, 175
Trd, 000235.750, 171
Trd, 000236.050, 167
Trd, 000237.450, 171
Trd, 000237.800, 168
Trd, 000238.283, 166
Trd, 000240.117, 171
Trd, 000240.267, 171
Trd, 000240.400, 173
Trd, 000240.467, 170
Trd, 000240.583, 171
Trd, 000241.217, 169
Trd, 000241.700, 170
Trd, 000242.533, 171
Trd, 000242.833, 171
Trd, 000243.017, 172
Trd, 000243.133, 169
Trd, 000243.417, 171
Trd, 000243.583, 168
Trd, 000244.900, 172
Trd, 000245.083, 172
Trd, 000245.700, 172
Trd, 000245.717, 173
Trd, 000245.850, 173
Trd, 000245.933, 187
Trd, 000246.817, 185
Trd, 000247.533, 182
Trd, 000247.783, 185
Trd, 000248.200, 182
Trd, 000249.083, 185
Trd, 000249.333, 183
Trd, 000249.933, 184
Trd, 000250.417, 182
Trd, 000251.050, 181
Trd, 000251.417, 186
Trd, 000251.517, 183
Trd, 000252.017, 186
Trd, 000253.083, 190
Trd, 000253.550, 187
Trd, 000254.000, 185
Trd, 000254.067, 176
Trd, 000254.717, 180
Trd, 000255.317, 176
Trd, 000255.433, 169
Trd, 000255.667, 181
Trd, 000256.167, 175
Trd, 000256.867, 177
Trd, 000256.883, 180
Trd, 000257.033, 180
Trd, 000257.150, 181
Trd, 000257.250, 175
Trd, 000257.717, 173
Trd, 000257.917, 170
Trd, 000259.167, 165
Trd, 000259.533, 166
Trd, 000259.917, 167
Trd, 000260.033, 168
Trd, 000260.250, 166
Trd, 000260.617, 170
Trd, 000261.600, 169
Trd, 000262.550, 169
Trd, 000262.633, 168
Trd, 000262.700, 170
Trd, 000263.433, 170
Trd, 000264.867, 171
Trd, 000265.250, 174
Trd, 000265.550, 168
Trd, 000266.067, 167
Trd, 000266.233, 171
Trd, 000266.250, 171
Trd, 000266.817, 173
Trd, 000266.900, 172
Trd, 000267.917, 170
Trd, 000268.433, 175
Trd, 000268.900, 182
Trd, 000269.133, 189
Trd, 000269.433, 182
Trd, 000269.450, 194
Trd, 000270.183, 195
Trd, 000270.283, 190
Trd, 000270.617, 188
Trd, 000271.033, 182
Trd, 000271.400, 171
Trd, 000271.750, 175
Trd, 000271.867, 173
Trd, 000272.083, 168
Trd, 000272.317, 170
Trd, 000273.150, 173
Trd, 000273.667, 172
Trd, 000274.133, 172
Trd, 000274.350, 171
Trd, 000274.683, 170
Trd, 000275.683, 168
Trd, 000276.767, 167
Trd, 000276.867, 170
Trd, 000276.883, 173
Trd, 000277.083, 166
Trd, 000277.167, 173
Trd, 000277.617, 174
Trd, 000277.967, 175
Trd, 000279.250, 174
Trd, 000279.733, 182
Trd, 000280.600, 176
Trd, 000280.650, 176
Trd, 000280.817, 178
Trd, 000281.083, 186
Trd, 000281.567, 179
Trd, 000281.717, 175
Trd, 000281.767, 189
Trd, 000281.967, 172
Trd, 000282.467, 180
Trd, 000282.567, 173
Trd, 000282.733, 172
Trd, 000283.167, 179
Trd, 000283.283, 176
Trd, 000283.417, 180
Trd, 000283.433, 178
Trd, 000283.633, 183
Trd, 000284.817, 170
Trd, 000284.933, 179
Trd, 000285.217, 189
Trd, 000286.017, 175
Trd, 000286.350, 169
Trd, 000286.717, 180
Trd, 000287.483, 174
Trd, 000288.100, 177
Trd, 000288.517, 176
Trd, 000288.650, 173
Trd, 000288.867, 178
Trd, 000289.600, 179
Trd, 000289.867, 182
Trd, 000290.617, 178
Trd, 000291.033, 178
Trd, 000291.133, 179
Trd, 000291.183, 171
Trd, 000291.383, 177
Trd, 000291.550, 170
Trd, 000291.667, 169
Trd, 000292.233, 176
Trd, 000292.400, 184
Trd, 000293.350, 165
Trd, 000293.633, 175
Trd, 000294.017, 167
Trd, 000294.133, 175
Trd, 000294.367, 176
Trd, 000294.800, 163
Trd, 000295.400, 177
Trd, 000295.550, 160
Trd, 000295.683, 177
Trd, 000296.417, 177
Trd, 000296.833, 178
Trd, 000296.950, 188
Trd, 000296.967, 191
Trd, 000297.417, 178
Trd, 000297.900, 172
Trd, 000298.583, 175
Trd, 000298.733, 175
Trd, 000298.750, 180
Trd, 000299.167, 173
Trd, 000299.850, 179
Trd, 000299.950, 180
