Trd, 000002.500, 160
Trd, 000002.617, 158
Trd, 000004.200, 174
Trd, 000005.217, 163
Trd, 000005.600, 157
Trd, 000005.967, 161
Trd, 000006.083, 157
Trd, 000006.117, 160
Trd, 000006.200, 157
Trd, 000007.033, 157
Trd, 000008.017, 170
Trd, 000008.167, 156
Trd, 000009.367, 166
Trd, 000010.817, 158
Trd, 000010.917, 154
Trd, 000011.067, 140
Trd, 000011.600, 168
Trd, 000012.617, 146
Trd, 000013.217, 156
Trd, 000014.217, 158
Trd, 000014.517, 153
Trd, 000014.667, 139
Trd, 000015.017, 153
Trd, 000015.450, 154
Trd, 000016.250, 157
Trd, 000016.600, 157
Trd, 000016.800, 155
Trd, 000018.483, 157
Trd, 000018.650, 156
Trd, 000020.700, 156
Trd, 000020.933, 155
Trd, 000021.467, 157
Trd, 000022.017, 169
Trd, 000022.767, 166
Trd, 000023.083, 165
Trd, 000024.450, 165
Trd, 000024.817, 164
Trd, 000024.917, 162
Trd, 000025.250, 160
Trd, 000025.467, 157
Trd, 000025.717, 164
Trd, 000027.567, 167
Trd, 000028.183, 160
Trd, 000029.667, 168
Trd, 000030.050, 163
Trd, 000031.483, 164
Trd, 000031.500, 163
Trd, 000032.133, 164
Trd, 000032.333, 162
Trd, 000032.533, 161
Trd, 000032.883, 160
Trd, 000033.017, 157
Trd, 000033.833, 165
Trd, 000034.917, 154
Trd, 000035.533, 162
Trd, 000035.733, 163
Trd, 000036.083, 165
Trd, 000036.767, 170
Trd, 000036.950, 169
Trd, 000038.100, 165
Trd, 000038.450, 163
Trd, 000038.667, 162
Trd, 000038.933, 158
Trd, 000039.883, 159
Trd, 000039.900, 162
Trd, 000041.233, 159
Trd, 000041.917, 160
Trd, 000042.467, 167
Trd, 000043.150, 162
Trd, 000043.950, 161
Trd, 000044.767, 162
Trd, 000044.900, 161
Trd, 000045.050, 162
Trd, 000046.017, 172
Trd, 000046.950, 163
Trd, 000048.750, 165
Trd, 000048.800, 164
Trd, 000048.967, 164
Trd, 000049.350, 167
Trd, 000049.817, 170
Trd, 000050.000, 171
Trd, 000051.083, 169
Trd, 000051.450, 166
Trd, 000053.067, 166
Trd, 000053.367, 177
Trd, 000053.883, 171
Trd, 000053.950, 165
Trd, 000055.550, 169
Trd, 000055.750, 167
Trd, 000056.883, 168
Trd, 000056.983, 169
Trd, 000057.900, 170
Trd, 000058.200, 167
Trd, 000058.533, 173
Trd, 000059.650, 167
Trd, 000060.483, 171
Trd, 000060.617, 170
Trd, 000060.633, 172
Trd, 000062.633, 173
Trd, 000063.233, 181
Trd, 000063.617, 170
Trd, 000063.650, 169
Trd, 000065.133, 173
Trd, 000065.400, 173
Trd, 000066.650, 173
Trd, 000067.550, 171
Trd, 000067.850, 173
Trd, 000068.233, 170
Trd, 000068.533, 173
Trd, 000070.067, 165
Trd, 000070.367, 144
Trd, 000071.367, 162
Trd, 000072.367, 162
Trd, 000074.267, 162
Trd, 000074.500, 162
Trd, 000074.733, 165
Trd, 000075.033, 164
Trd, 000075.367, 175
Trd, 000076.133, 179
Trd, 000077.400, 169
Trd, 000078.483, 169
Trd, 000079.150, 172
Trd, 000079.167, 171
Trd, 000081.067, 170
Trd, 000081.467, 169
Trd, 000081.783, 168
Trd, 000082.100, 166
Trd, 000083.783, 167
Trd, 000084.233, 168
Trd, 000084.500, 167
Trd, 000085.833, 166
Trd, 000086.067, 169
Trd, 000086.100, 167
Trd, 000087.233, 166
Trd, 000088.333, 166
Trd, 000088.800, 169
Trd, 000089.750, 166
Trd, 000089.800, 168
Trd, 000090.033, 169
Trd, 000090.767, 167
Trd, 000091.483, 171
Trd, 000092.333, 172
Trd, 000092.700, 167
Trd, 000094.200, 168
Trd, 000095.100, 174
Trd, 000095.350, 169
Trd, 000096.200, 174
Trd, 000096.783, 177
Trd, 000096.950, 176
Trd, 000097.433, 175
Trd, 000098.383, 177
Trd, 000098.400, 167
Trd, 000098.917, 170
Trd, 000099.367, 170
Trd, 000100.833, 176
Trd, 000100.967, 168
Trd, 000101.450, 171
Trd, 000102.000, 168
Trd, 000102.850, 172
Trd, 000103.283, 174
Trd, 000103.533, 168
Trd, 000104.100, 167
Trd, 000105.100, 168
Trd, 000105.933, 171
Trd, 000105.950, 170
Trd, 000106.483, 170
Trd, 000107.983, 172
Trd, 000108.283, 175
Trd, 000109.167, 172
Trd, 000109.650, 172
Trd, 000110.517, 171
Trd, 000110.533, 171
Trd, 000110.767, 175
Trd, 000110.817, 171
Trd, 000111.833, 177
Trd, 000112.833, 179
Trd, 000112.917, 172
Trd, 000114.833, 170
Trd, 000115.100, 178
Trd, 000115.883, 177
Trd, 000116.350, 178
Trd, 000116.533, 174
Trd, 000116.983, 173
Trd, 000117.300, 172
Trd, 000118.317, 172
Trd, 000118.550, 175
Trd, 000118.833, 173
Trd, 000119.117, 175
Trd, 000119.600, 174
Trd, 000119.733, 176
Trd, 000120.267, 174
Trd, 000120.783, 173
Trd, 000121.150, 180
Trd, 000121.917, 184
Trd, 000122.050, 198
Trd, 000122.633, 205
Trd, 000122.950, 207
Trd, 000122.967, 208
Trd, 000123.400, 212
Trd, 000124.167, 314
Trd, 000124.250, 322
Trd, 000125.617, 335
Trd, 000126.767, 337.0
Trd, 000127.883, 336
Trd, 000128.317, 339
Trd, 000128.600, 348
Trd, 000129.750, 348.0
Trd, 000130.333, 355.0
Trd, 000130.583, 358.0
Trd, 000130.950, 342
Trd, 000131.800, 359
Trd, 000132.600, 350
Trd, 000132.900, 350
Trd, 000133.183, 350
Trd, 000134.250, 348
Trd, 000134.633, 358
Trd, 000134.950, 355.0
Trd, 000136.150, 350
Trd, 000136.283, 349
Trd, 000138.117, 351
Trd, 000138.650, 352
Trd, 000138.700, 355
Trd, 000139.733, 354
Trd, 000140.050, 352
Trd, 000140.500, 355
Trd, 000141.783, 355.0
Trd, 000141.817, 351
Trd, 000143.800, 357
Trd, 000145.000, 357
Trd, 000145.967, 356
Trd, 000146.100, 359
Trd, 000146.833, 354
Trd, 000146.867, 353
Trd, 000147.100, 363
Trd, 000147.283, 337.0
Trd, 000148.233, 365
Trd, 000148.450, 355.0
Trd, 000149.883, 356
Trd, 000150.717, 355
Trd, 000150.767, 354
Trd, 000150.883, 364
Trd, 000151.050, 352
Trd, 000151.717, 352
Trd, 000154.117, 348
Trd, 000154.533, 338
Trd, 000154.683, 350
Trd, 000155.133, 353
Trd, 000155.800, 349
Trd, 000156.000, 355
Trd, 000158.233, 355.0
Trd, 000158.450, 353
Trd, 000159.350, 349
Trd, 000160.833, 354
Trd, 000161.083, 355
Trd, 000161.200, 355.0
Trd, 000162.200, 358.0
Trd, 000162.950, 369
Trd, 000163.217, 355
Trd, 000163.267, 352
Trd, 000163.867, 351
Trd, 000164.817, 356
Trd, 000165.100, 354
Trd, 000165.917, 356
Trd, 000166.400, 353
Trd, 000166.883, 358
Trd, 000167.850, 357
Trd, 000168.700, 357
Trd, 000169.700, 360
Trd, 000170.433, 360
Trd, 000170.617, 360
Trd, 000172.050, 356
Trd, 000173.350, 353
Trd, 000173.483, 333
Trd, 000174.600, 355.0
Trd, 000175.167, 352
Trd, 000175.683, 354
Trd, 000176.367, 365
Trd, 000177.233, 351
Trd, 000177.533, 351
Trd, 000178.467, 355.0
Trd, 000178.667, 354
Trd, 000179.183, 357
Trd, 000179.900, 354
Trd, 000181.017, 354
Trd, 000181.050, 353
Trd, 000181.750, 352
Trd, 000181.767, 358.0
Trd, 000181.917, 331
Trd, 000182.383, 331.0
Trd, 000182.567, 355
Trd, 000182.633, 327.0
Trd, 000182.967, 319
Trd, 000183.033, 310.0
Trd, 000183.100, 261
Trd, 000185.083, 200
Trd, 000185.150, 197
Trd, 000185.717, 185
Trd, 000185.850, 177
Trd, 000188.433, 183
Trd, 000188.700, 179
Trd, 000189.150, 184
Trd, 000189.233, 177
Trd, 000189.667, 184
Trd, 000190.117, 172
Trd, 000190.217, 177
Trd, 000190.250, 181
Trd, 000191.050, 187
Trd, 000191.933, 173
Trd, 000193.083, 182
Trd, 000194.683, 180
Trd, 000194.950, 181
Trd, 000196.200, 179
Trd, 000196.483, 179
Trd, 000196.600, 178
Trd, 000196.700, 178
Trd, 000196.800, 183
Trd, 000197.150, 177
Trd, 000198.117, 174
Trd, 000198.783, 184
Trd, 000198.817, 188
Trd, 000198.833, 183
Trd, 000198.950, 182
Trd, 000199.800, 192
Trd, 000200.483, 191
Trd, 000200.850, 185
Trd, 000201.267, 184
Trd, 000202.050, 188
Trd, 000203.250, 182
Trd, 000203.350, 181
Trd, 000205.317, 181
Trd, 000205.367, 181
Trd, 000205.817, 181
Trd, 000205.967, 180
Trd, 000206.283, 186
Trd, 000206.483, 178
Trd, 000207.167, 180
Trd, 000207.517, 181
Trd, 000210.483, 183
Trd, 000210.933, 184
Trd, 000211.100, 184
Trd, 000212.017, 183
Trd, 000213.217, 183
Trd, 000213.917, 182
Trd, 000215.767, 184
Trd, 000216.550, 181
Trd, 000217.150, 185
Trd, 000217.167, 180
Trd, 000218.917, 180
Trd, 000219.683, 182
Trd, 000219.833, 182
Trd, 000220.317, 181
Trd, 000220.967, 181
Trd, 000221.333, 183
Trd, 000221.867, 182
Trd, 000223.033, 189
Trd, 000223.800, 186
Trd, 000224.033, 187
Trd, 000224.067, 188
Trd, 000224.650, 186
Trd, 000225.250, 180
Trd, 000225.883, 183
Trd, 000225.983, 194
Trd, 000227.167, 184
Trd, 000227.433, 190
Trd, 000227.500, 191
Trd, 000228.017, 191
Trd, 000229.583, 182
Trd, 000229.850, 182
Trd, 000229.983, 192
Trd, 000230.517, 182
Trd, 000231.283, 178
Trd, 000234.133, 182
Trd, 000234.333, 181
Trd, 000234.367, 184
Trd, 000234.400, 185
Trd, 000235.100, 185
Trd, 000235.500, 181
Trd, 000235.900, 186
Trd, 000237.233, 187
Trd, 000237.350, 185
Trd, 000238.033, 184
Trd, 000239.317, 187
Trd, 000240.567, 187
Trd, 000240.617, 183
Trd, 000240.900, 175
Trd, 000241.600, 181
Trd, 000241.767, 175
Trd, 000242.117, 174
Trd, 000243.200, 175
Trd, 000243.300, 176
Trd, 000243.733, 180
Trd, 000243.917, 175
Trd, 000244.700, 177
Trd, 000244.850, 177
Trd, 000245.533, 176
Trd, 000245.667, 175
Trd, 000245.733, 177
Trd, 000246.283, 176
Trd, 000246.617, 182
Trd, 000248.533, 177
Trd, 000248.950, 176
Trd, 000248.967, 175
Trd, 000249.133, 177
Trd, 000249.517, 178
Trd, 000249.883, 173
Trd, 000250.900, 176
Trd, 000251.400, 176
Trd, 000252.383, 176
Trd, 000252.517, 176
Trd, 000252.967, 178
Trd, 000253.117, 176
Trd, 000253.617, 175
Trd, 000254.383, 173
Trd, 000254.750, 179
Trd, 000255.750, 174
Trd, 000255.867, 171
Trd, 000255.883, 174
Trd, 000256.317, 165
Trd, 000256.883, 165
Trd, 000257.800, 178
Trd, 000258.283, 177
Trd, 000258.950, 178
Trd, 000259.217, 178
Trd, 000259.550, 177
Trd, 000259.700, 180
Trd, 000259.833, 183
Trd, 000259.917, 177
Trd, 000260.317, 180
Trd, 000260.883, 176
Trd, 000260.983, 174
Trd, 000261.900, 178
Trd, 000262.733, 179
Trd, 000263.017, 178
Trd, 000263.383, 181
Trd, 000264.433, 177
Trd, 000264.483, 177
Trd, 000264.850, 175
Trd, 000266.167, 177
Trd, 000266.350, 175
Trd, 000266.467, 175
Trd, 000266.700, 179
Trd, 000267.283, 179
Trd, 000268.200, 178
Trd, 000268.383, 179
Trd, 000268.567, 199
Trd, 000269.400, 181
Trd, 000269.567, 179
Trd, 000270.267, 180
Trd, 000270.400, 178
Trd, 000270.583, 178
Trd, 000271.217, 177
Trd, 000271.250, 180
Trd, 000272.300, 180
Trd, 000272.333, 178
Trd, 000272.433, 182
Trd, 000272.983, 175
Trd, 000273.883, 176
Trd, 000274.100, 177
Trd, 000274.250, 178
Trd, 000274.683, 179
Trd, 000274.917, 176
Trd, 000274.950, 164
Trd, 000275.283, 178
Trd, 000275.683, 182
Trd, 000275.900, 171
Trd, 000276.183, 176
Trd, 000277.467, 177
Trd, 000277.983, 177
Trd, 000278.133, 175
Trd, 000278.317, 175
Trd, 000279.167, 175
Trd, 000279.300, 174
Trd, 000279.417, 177
Trd, 000279.433, 185
Trd, 000280.550, 178
Trd, 000280.733, 181
Trd, 000281.167, 182
Trd, 000282.550, 182
Trd, 000282.617, 180
Trd, 000282.633, 183
Trd, 000283.433, 183
Trd, 000283.500, 179
Trd, 000284.017, 183
Trd, 000284.083, 179
Trd, 000284.317, 178
Trd, 000284.417, 185
Trd, 000284.467, 186
Trd, 000284.700, 177
Trd, 000285.133, 176
Trd, 000285.683, 175
Trd, 000286.483, 176
Trd, 000286.500, 165
Trd, 000288.083, 175
Trd, 000288.117, 177
Trd, 000288.817, 177
Trd, 000289.217, 175
Trd, 000289.250, 171
Trd, 000289.567, 164
Trd, 000289.900, 169
Trd, 000290.133, 164
Trd, 000290.350, 168
Trd, 000290.817, 162
Trd, 000291.850, 177
Trd, 000292.383, 172
Trd, 000292.700, 187
Trd, 000292.917, 178
Trd, 000293.767, 184
Trd, 000294.100, 183
Trd, 000294.500, 182
Trd, 000294.817, 181
Trd, 000295.467, 193
Trd, 000295.783, 193
Trd, 000296.400, 185
Trd, 000296.750, 195
Trd, 000297.517, 189
Trd, 000298.083, 187
Trd, 000298.383, 192
Trd, 000298.633, 185
Trd, 000298.917, 183
Trd, 000298.967, 177
Trd, 000299.583, 185
Trd, 000299.700, 184
Trd, 000299.967, 183
