Trd, 000002.017, 142
Trd, 000002.900, 120
Trd, 000003.800, 134
Trd, 000004.050, 149
Trd, 000004.767, 149
Trd, 000004.917, 150
Trd, 000005.233, 128
Trd, 000006.183, 152
Trd, 000007.450, 148
Trd, 000008.150, 151
Trd, 000008.450, 156
Trd, 000009.167, 153
Trd, 000009.717, 151
Trd, 000009.883, 154
Trd, 000010.600, 151
Trd, 000011.433, 150
Trd, 000011.583, 149
Trd, 000011.600, 148
Trd, 000011.650, 151
Trd, 000012.367, 159
Trd, 000012.867, 151
Trd, 000013.017, 149
Trd, 000014.167, 149
Trd, 000014.483, 148
Trd, 000015.167, 149
Trd, 000015.500, 150
Trd, 000015.967, 150
Trd, 000016.367, 147
Trd, 000016.767, 139
Trd, 000018.033, 146
Trd, 000018.100, 149
Trd, 000018.550, 138
Trd, 000019.733, 148
Trd, 000019.983, 150
Trd, 000020.917, 149
Trd, 000021.500, 160
Trd, 000022.283, 158
Trd, 000022.600, 158
Trd, 000022.883, 159
Trd, 000023.367, 157
Trd, 000023.650, 160
Trd, 000023.683, 155
Trd, 000023.800, 160
Trd, 000025.200, 156
Trd, 000025.433, 150
Trd, 000026.800, 150
Trd, 000027.900, 150
Trd, 000028.150, 151
Trd, 000028.467, 152
Trd, 000028.917, 147
Trd, 000029.050, 161
Trd, 000029.950, 163
Trd, 000032.367, 154
Trd, 000032.500, 152
Trd, 000032.633, 154
Trd, 000032.650, 155
Trd, 000033.317, 158
Trd, 000033.367, 151
Trd, 000033.650, 155
Trd, 000034.600, 160
Trd, 000035.650, 157
Trd, 000036.000, 160
Trd, 000036.200, 157
Trd, 000036.217, 158
Trd, 000037.967, 129
Trd, 000038.400, 155
Trd, 000038.567, 155
Trd, 000039.067, 154
Trd, 000039.550, 151
Trd, 000040.567, 142
Trd, 000041.767, 139
Trd, 000041.800, 148
Trd, 000041.967, 148
Trd, 000042.417, 148
Trd, 000043.400, 147
Trd, 000044.550, 146
Trd, 000044.883, 129
Trd, 000044.917, 152
Trd, 000045.233, 147
Trd, 000045.633, 158
Trd, 000045.867, 159
Trd, 000047.067, 154
Trd, 000047.350, 153
Trd, 000047.617, 159
Trd, 000047.800, 153
Trd, 000048.617, 159
Trd, 000049.417, 157
Trd, 000050.750, 158
Trd, 000052.267, 156
Trd, 000052.333, 156
Trd, 000052.567, 157
Trd, 000052.917, 158
Trd, 000053.267, 163
Trd, 000053.867, 165
Trd, 000054.200, 163
Trd, 000054.933, 159
Trd, 000055.883, 159
Trd, 000056.700, 159
Trd, 000057.033, 159
Trd, 000057.733, 160
Trd, 000057.767, 161
Trd, 000058.317, 158
Trd, 000058.500, 161
Trd, 000059.283, 158
Trd, 000059.433, 154
Trd, 000061.683, 160
Trd, 000061.867, 161
Trd, 000061.950, 162
Trd, 000062.367, 157
Trd, 000063.083, 160
Trd, 000064.167, 158
Trd, 000064.517, 158
Trd, 000065.000, 157
Trd, 000065.533, 157
Trd, 000066.650, 158
Trd, 000067.517, 159
Trd, 000067.783, 155
Trd, 000067.817, 162
Trd, 000068.000, 164
Trd, 000068.517, 157
Trd, 000070.283, 162
Trd, 000070.967, 157
Trd, 000071.400, 159
Trd, 000072.650, 157
Trd, 000072.933, 158
Trd, 000073.000, 157
Trd, 000073.033, 156
Trd, 000073.050, 159
Trd, 000074.183, 159
Trd, 000075.583, 156
Trd, 000075.800, 157
Trd, 000075.883, 158
Trd, 000076.533, 156
Trd, 000078.017, 155
Trd, 000078.467, 155
Trd, 000078.733, 155
Trd, 000079.383, 153
Trd, 000080.000, 154
Trd, 000081.167, 157
Trd, 000081.300, 158
Trd, 000081.450, 157
Trd, 000081.800, 158
Trd, 000082.200, 157
Trd, 000082.933, 161
Trd, 000083.450, 159
Trd, 000083.583, 161
Trd, 000084.000, 162
Trd, 000085.017, 161
Trd, 000086.050, 161
Trd, 000086.167, 162
Trd, 000086.750, 162
Trd, 000087.650, 162
Trd, 000089.050, 161
Trd, 000089.633, 162
Trd, 000090.133, 164
Trd, 000090.483, 165
Trd, 000091.017, 161
Trd, 000091.633, 163
Trd, 000092.250, 161
Trd, 000092.333, 162
Trd, 000093.917, 160
Trd, 000094.100, 161
Trd, 000094.667, 157
Trd, 000096.250, 160
Trd, 000096.683, 160
Trd, 000096.917, 161
Trd, 000098.400, 162
Trd, 000098.767, 161
Trd, 000099.367, 160
Trd, 000099.583, 162
Trd, 000099.850, 163
Trd, 000100.383, 161
Trd, 000102.067, 163
Trd, 000102.583, 162
Trd, 000103.433, 159
Trd, 000103.700, 167
Trd, 000103.833, 168
Trd, 000103.900, 169
Trd, 000105.367, 164
Trd, 000105.900, 160
Trd, 000106.150, 165
Trd, 000106.433, 166
Trd, 000107.400, 163
Trd, 000107.500, 162
Trd, 000109.417, 162
Trd, 000109.583, 162
Trd, 000109.800, 163
Trd, 000110.467, 166
Trd, 000111.117, 168
Trd, 000112.133, 164
Trd, 000113.000, 164
Trd, 000113.200, 164
Trd, 000113.517, 165
Trd, 000113.783, 166
Trd, 000114.850, 165
Trd, 000115.467, 162
Trd, 000115.483, 164
Trd, 000115.533, 166
Trd, 000115.817, 165
Trd, 000116.667, 166
Trd, 000117.683, 164
Trd, 000117.783, 160
Trd, 000119.600, 157
Trd, 000119.617, 157
Trd, 000119.983, 156
Trd, 000120.550, 159
Trd, 000120.983, 157
Trd, 000121.317, 166
Trd, 000121.483, 179
Trd, 000121.783, 161
Trd, 000122.133, 174
Trd, 000122.667, 198
Trd, 000123.200, 216
Trd, 000123.333, 243
Trd, 000124.383, 294
Trd, 000124.817, 244
Trd, 000125.300, 302
Trd, 000125.383, 303.0
Trd, 000125.983, 317.0
Trd, 000127.500, 317.0
Trd, 000127.650, 335.0
Trd, 000128.867, 336.0
Trd, 000129.667, 344
Trd, 000129.700, 345
Trd, 000129.733, 337
Trd, 000129.867, 336
Trd, 000130.183, 332
Trd, 000130.367, 348
Trd, 000134.017, 350.0
Trd, 000135.017, 339
Trd, 000135.150, 339
Trd, 000136.233, 341
Trd, 000136.417, 340
Trd, 000136.600, 341
Trd, 000136.750, 341
Trd, 000137.200, 340
Trd, 000137.333, 346
Trd, 000137.717, 345
Trd, 000137.733, 338
Trd, 000138.000, 348
Trd, 000139.100, 341
Trd, 000140.450, 341
Trd, 000140.667, 342
Trd, 000141.517, 342
Trd, 000142.483, 340
Trd, 000143.000, 348
Trd, 000143.917, 348
Trd, 000144.400, 344
Trd, 000144.900, 343
Trd, 000145.000, 344
Trd, 000145.017, 343
Trd, 000145.533, 343
Trd, 000146.083, 345
Trd, 000147.783, 344
Trd, 000147.883, 343
Trd, 000148.300, 342
Trd, 000148.450, 340
Trd, 000148.650, 338
Trd, 000149.500, 345
Trd, 000149.700, 346
Trd, 000149.783, 348
Trd, 000152.117, 337
Trd, 000154.067, 345
Trd, 000154.367, 337
Trd, 000154.650, 344
Trd, 000155.033, 339
Trd, 000156.067, 343
Trd, 000156.833, 340
Trd, 000157.150, 339
Trd, 000157.450, 347
Trd, 000158.933, 344
Trd, 000159.450, 344
Trd, 000159.717, 344
Trd, 000160.333, 345
Trd, 000160.950, 347
Trd, 000161.267, 347
Trd, 000162.767, 349
Trd, 000164.217, 343
Trd, 000164.283, 344
Trd, 000165.017, 343
Trd, 000165.033, 330
Trd, 000165.983, 343
Trd, 000166.350, 346
Trd, 000166.400, 348
Trd, 000166.900, 345
Trd, 000168.033, 352.0
Trd, 000168.367, 348
Trd, 000168.500, 349
Trd, 000168.717, 347
Trd, 000169.100, 345
Trd, 000169.217, 344
Trd, 000169.333, 353.0
Trd, 000169.500, 338
Trd, 000172.633, 350
Trd, 000172.933, 353
Trd, 000174.050, 347
Trd, 000174.967, 346
Trd, 000175.200, 346
Trd, 000176.367, 346
Trd, 000176.583, 348
Trd, 000176.800, 345
Trd, 000177.550, 348
Trd, 000177.600, 345
Trd, 000178.550, 348
Trd, 000179.333, 342
Trd, 000179.817, 342
Trd, 000180.250, 349
Trd, 000180.683, 349
Trd, 000181.833, 345
Trd, 000182.350, 345
Trd, 000183.133, 340
Trd, 000183.417, 344
Trd, 000183.567, 309
Trd, 000183.850, 309
Trd, 000183.950, 300.0
Trd, 000184.383, 303
Trd, 000184.517, 248
Trd, 000185.300, 197
Trd, 000185.900, 191
Trd, 000186.133, 190
Trd, 000187.017, 188
Trd, 000187.317, 192
Trd, 000187.783, 189
Trd, 000188.033, 186
Trd, 000188.200, 176
Trd, 000190.183, 198
Trd, 000190.383, 192
Trd, 000190.867, 196
Trd, 000191.417, 192
Trd, 000191.733, 187
Trd, 000191.933, 177
Trd, 000192.967, 176
Trd, 000193.400, 175
Trd, 000193.917, 175
Trd, 000194.467, 174
Trd, 000194.517, 176
Trd, 000194.567, 176
Trd, 000194.800, 167
Trd, 000195.933, 143
Trd, 000196.283, 151
Trd, 000196.367, 168
Trd, 000197.633, 174
Trd, 000198.150, 151
Trd, 000198.450, 170
Trd, 000199.417, 170
Trd, 000199.650, 170
Trd, 000200.017, 166
Trd, 000201.450, 164
Trd, 000202.167, 164
Trd, 000202.533, 163
Trd, 000203.017, 164
Trd, 000203.350, 161
Trd, 000204.600, 160
Trd, 000204.667, 161
Trd, 000204.700, 161
Trd, 000205.433, 168
Trd, 000206.117, 169
Trd, 000206.150, 165
Trd, 000206.683, 165
Trd, 000206.833, 167
Trd, 000206.933, 176
Trd, 000207.483, 166
Trd, 000208.400, 164
Trd, 000209.817, 165
Trd, 000209.867, 166
Trd, 000210.200, 171
Trd, 000210.483, 170
Trd, 000210.933, 176
Trd, 000211.533, 183
Trd, 000211.617, 179
Trd, 000211.633, 183
Trd, 000212.483, 175
Trd, 000212.833, 169
Trd, 000213.850, 175
Trd, 000214.467, 173
Trd, 000215.133, 172
Trd, 000215.250, 173
Trd, 000215.600, 171
Trd, 000215.750, 170
Trd, 000216.533, 172
Trd, 000217.033, 170
Trd, 000217.633, 167
Trd, 000217.850, 146
Trd, 000218.483, 164
Trd, 000218.983, 157
Trd, 000220.017, 157
Trd, 000220.367, 157
Trd, 000221.017, 157
Trd, 000221.550, 159
Trd, 000221.750, 160
Trd, 000222.250, 169
Trd, 000222.700, 160
Trd, 000223.017, 170
Trd, 000224.700, 172
Trd, 000225.350, 165
Trd, 000226.300, 163
Trd, 000226.350, 167
Trd, 000227.583, 166
Trd, 000227.650, 166
Trd, 000227.867, 166
Trd, 000228.217, 165
Trd, 000228.833, 164
Trd, 000229.133, 146
Trd, 000230.250, 155
Trd, 000230.667, 163
Trd, 000230.733, 163
Trd, 000231.600, 162
Trd, 000232.033, 161
Trd, 000232.933, 170
Trd, 000233.100, 164
Trd, 000233.950, 166
Trd, 000234.267, 171
Trd, 000235.267, 167
Trd, 000235.600, 167
Trd, 000235.867, 166
Trd, 000236.000, 165
Trd, 000236.883, 166
Trd, 000239.050, 166
Trd, 000239.117, 165
Trd, 000239.683, 166
Trd, 000239.917, 165
Trd, 000240.133, 167
Trd, 000240.500, 164
Trd, 000240.867, 168
Trd, 000241.633, 172
Trd, 000241.867, 174
Trd, 000242.250, 174
Trd, 000242.400, 175
Trd, 000242.550, 178
Trd, 000242.733, 171
Trd, 000243.650, 171
Trd, 000244.067, 172
Trd, 000244.567, 173
Trd, 000244.983, 173
Trd, 000245.083, 172
Trd, 000245.517, 170
Trd, 000245.850, 171
Trd, 000246.067, 178
Trd, 000246.850, 162
Trd, 000247.533, 169
Trd, 000248.617, 166
Trd, 000248.683, 170
Trd, 000248.867, 167
Trd, 000249.450, 174
Trd, 000250.767, 172
Trd, 000251.117, 173
Trd, 000251.550, 172
Trd, 000252.183, 172
Trd, 000252.333, 173
Trd, 000252.883, 174
Trd, 000253.417, 176
Trd, 000253.650, 176
Trd, 000254.300, 179
Trd, 000254.567, 174
Trd, 000254.983, 172
Trd, 000255.383, 174
Trd, 000255.933, 175
Trd, 000256.117, 177
Trd, 000256.233, 178
Trd, 000256.467, 173
Trd, 000256.750, 180
Trd, 000257.967, 179
Trd, 000258.150, 184
Trd, 000259.000, 173
Trd, 000259.783, 186
Trd, 000260.267, 174
Trd, 000260.917, 182
Trd, 000261.033, 181
Trd, 000261.317, 179
Trd, 000261.483, 179
Trd, 000262.067, 184
Trd, 000262.617, 185
Trd, 000262.917, 184
Trd, 000263.133, 181
Trd, 000263.867, 182
Trd, 000264.167, 180
Trd, 000264.250, 174
Trd, 000264.417, 183
Trd, 000265.083, 171
Trd, 000265.417, 172
Trd, 000266.250, 178
Trd, 000266.967, 178
Trd, 000268.200, 175
Trd, 000268.700, 176
Trd, 000268.767, 175
Trd, 000269.117, 178
Trd, 000269.233, 173
Trd, 000269.917, 178
Trd, 000270.083, 175
Trd, 000270.100, 174
Trd, 000270.400, 177
Trd, 000270.750, 177
Trd, 000270.933, 178
Trd, 000271.200, 173
Trd, 000271.283, 177
Trd, 000271.333, 178
Trd, 000271.533, 173
Trd, 000271.750, 179
Trd, 000271.967, 179
Trd, 000272.133, 182
Trd, 000272.167, 177
Trd, 000274.717, 180
Trd, 000274.867, 182
Trd, 000275.117, 184
Trd, 000275.233, 177
Trd, 000275.583, 188
Trd, 000275.633, 178
Trd, 000276.367, 176
Trd, 000277.183, 184
Trd, 000277.667, 184
Trd, 000277.900, 184
Trd, 000278.367, 179
Trd, 000279.983, 180
Trd, 000280.183, 176
Trd, 000280.500, 179
Trd, 000280.667, 180
Trd, 000281.250, 180
Trd, 000281.867, 178
Trd, 000282.250, 177
Trd, 000283.000, 179
Trd, 000283.033, 178
Trd, 000283.233, 178
Trd, 000283.700, 180
Trd, 000283.917, 185
Trd, 000284.183, 179
Trd, 000285.150, 180
Trd, 000285.250, 181
Trd, 000285.633, 183
Trd, 000285.883, 183
Trd, 000286.583, 182
Trd, 000286.617, 180
Trd, 000286.683, 180
Trd, 000286.783, 184
Trd, 000287.450, 179
Trd, 000288.083, 186
Trd, 000288.550, 178
Trd, 000288.700, 180
Trd, 000289.517, 185
Trd, 000290.083, 185
Trd, 000291.333, 184
Trd, 000291.667, 180
Trd, 000291.717, 178
Trd, 000291.783, 179
Trd, 000291.867, 180
Trd, 000292.117, 182
Trd, 000292.933, 178
Trd, 000293.667, 182
Trd, 000293.800, 178
Trd, 000296.000, 180
Trd, 000296.183, 181
Trd, 000296.683, 182
Trd, 000296.917, 181
Trd, 000297.100, 183
Trd, 000297.550, 182
Trd, 000298.000, 178
Trd, 000298.850, 183
Trd, 000299.067, 187
