Trd, 000000.500, 177
Trd, 000002.267, 151
Trd, 000002.400, 144
Trd, 000002.833, 182
Trd, 000003.067, 162
Trd, 000003.317, 133
Trd, 000005.000, 156
Trd, 000005.833, 161
Trd, 000005.867, 172
Trd, 000006.067, 158
Trd, 000007.633, 158
Trd, 000008.017, 159
Trd, 000008.133, 162
Trd, 000009.617, 156
Trd, 000010.033, 152
Trd, 000010.833, 159
Trd, 000011.217, 160
Trd, 000011.600, 154
Trd, 000014.200, 154
Trd, 000014.817, 155
Trd, 000015.933, 154
Trd, 000016.250, 153
Trd, 000016.533, 155
Trd, 000018.167, 153
Trd, 000018.300, 152
Trd, 000019.017, 154
Trd, 000019.150, 155
Trd, 000019.333, 153
Trd, 000019.733, 157
Trd, 000020.083, 155
Trd, 000020.233, 146
Trd, 000021.000, 138
Trd, 000021.250, 160
Trd, 000023.567, 156
Trd, 000024.467, 153
Trd, 000024.700, 157
Trd, 000025.683, 154
Trd, 000025.800, 152
Trd, 000026.467, 156
Trd, 000026.667, 164
Trd, 000027.150, 167
Trd, 000027.567, 174
Trd, 000028.033, 156
Trd, 000028.733, 156
Trd, 000030.300, 157
Trd, 000030.750, 154
Trd, 000031.000, 158
Trd, 000032.317, 159
Trd, 000032.833, 148
Trd, 000033.300, 159
Trd, 000034.467, 160
Trd, 000035.150, 156
Trd, 000035.433, 154
Trd, 000035.667, 159
Trd, 000035.783, 150
Trd, 000035.983, 158
Trd, 000038.183, 154
Trd, 000038.333, 157
Trd, 000038.950, 157
Trd, 000039.217, 156
Trd, 000039.367, 155
Trd, 000040.417, 158
Trd, 000041.117, 153
Trd, 000041.767, 156
Trd, 000041.800, 157
Trd, 000044.167, 156
Trd, 000045.583, 155
Trd, 000046.033, 154
Trd, 000046.300, 154
Trd, 000046.583, 155
Trd, 000046.683, 162
Trd, 000046.783, 153
Trd, 000046.833, 148
Trd, 000047.383, 167
Trd, 000047.517, 140
Trd, 000047.683, 171
Trd, 000048.383, 167
Trd, 000050.017, 167
Trd, 000051.333, 161
Trd, 000051.867, 160
Trd, 000052.417, 163
Trd, 000052.450, 165
Trd, 000053.900, 167
Trd, 000054.100, 160
Trd, 000054.300, 172
Trd, 000056.950, 163
Trd, 000057.667, 161
Trd, 000057.867, 158
Trd, 000058.050, 157
Trd, 000058.967, 162
Trd, 000059.133, 162
Trd, 000060.350, 159
Trd, 000060.450, 162
Trd, 000061.167, 158
Trd, 000061.383, 159
Trd, 000063.033, 161
Trd, 000063.167, 163
Trd, 000064.850, 160
Trd, 000065.583, 171
Trd, 000066.083, 168
Trd, 000066.817, 168
Trd, 000067.967, 168
Trd, 000068.200, 169
Trd, 000068.767, 168
Trd, 000069.267, 163
Trd, 000069.650, 164
Trd, 000069.917, 165
Trd, 000071.117, 164
Trd, 000071.483, 158
Trd, 000074.267, 160
Trd, 000074.600, 162
Trd, 000074.683, 163
Trd, 000074.800, 161
Trd, 000075.800, 165
Trd, 000076.617, 172
Trd, 000076.667, 162
Trd, 000077.667, 170
Trd, 000079.833, 167
Trd, 000081.033, 164
Trd, 000081.650, 159
Trd, 000082.350, 165
Trd, 000082.650, 162
Trd, 000082.967, 166
Trd, 000083.750, 166
Trd, 000086.200, 163
Trd, 000086.667, 163
Trd, 000087.250, 166
Trd, 000087.783, 171
Trd, 000087.967, 173
Trd, 000088.833, 162
Trd, 000090.517, 161
Trd, 000090.867, 164
Trd, 000092.167, 167
Trd, 000093.117, 163
Trd, 000093.650, 162
Trd, 000093.850, 164
Trd, 000093.950, 160
Trd, 000094.833, 165
Trd, 000094.850, 148
Trd, 000096.067, 166
Trd, 000096.633, 163
Trd, 000096.900, 171
Trd, 000097.567, 154
Trd, 000097.800, 146
Trd, 000097.950, 168
Trd, 000098.083, 175
Trd, 000098.250, 182
Trd, 000101.350, 167
Trd, 000102.100, 162
Trd, 000102.267, 164
Trd, 000104.167, 165
Trd, 000104.250, 161
Trd, 000105.000, 165
Trd, 000105.800, 168
Trd, 000106.717, 164
Trd, 000107.000, 159
Trd, 000107.567, 156
Trd, 000109.167, 163
Trd, 000110.233, 160
Trd, 000110.600, 159
Trd, 000110.733, 158
Trd, 000112.567, 157
Trd, 000112.900, 164
Trd, 000113.050, 169
Trd, 000113.600, 164
Trd, 000113.700, 162
Trd, 000113.933, 162
Trd, 000116.333, 163
Trd, 000116.850, 163
Trd, 000118.233, 163
Trd, 000118.350, 169
Trd, 000118.383, 169
Trd, 000120.283, 167
Trd, 000120.450, 167
Trd, 000120.833, 171
Trd, 000121.650, 170
Trd, 000122.150, 170
Trd, 000122.667, 170
Trd, 000123.883, 185
Trd, 000123.900, 191
Trd, 000123.967, 175
Trd, 000124.067, 194
Trd, 000124.600, 197
Trd, 000124.650, 205
Trd, 000124.900, 300
Trd, 000125.667, 310.0
Trd, 000125.883, 314
Trd, 000125.900, 318
Trd, 000125.917, 327.0
Trd, 000127.083, 341
Trd, 000127.267, 343
Trd, 000128.050, 350
Trd, 000128.150, 352
Trd, 000128.467, 344
Trd, 000128.733, 356
Trd, 000128.817, 320
Trd, 000129.417, 331
Trd, 000131.000, 337
Trd, 000132.433, 350
Trd, 000133.850, 352.0
Trd, 000133.967, 351.0
Trd, 000134.900, 352
Trd, 000135.283, 351
Trd, 000136.767, 352
Trd, 000137.167, 350
Trd, 000137.250, 351
Trd, 000137.900, 351.0
Trd, 000138.317, 350
Trd, 000139.467, 351
Trd, 000139.567, 355
Trd, 000139.683, 344.0
Trd, 000140.050, 357.0
Trd, 000141.317, 358.0
Trd, 000143.417, 344
Trd, 000144.667, 351.0
Trd, 000145.000, 348
Trd, 000145.083, 354
Trd, 000145.617, 355
Trd, 000145.767, 355
Trd, 000146.183, 353
Trd, 000146.933, 354
Trd, 000147.967, 357.0
Trd, 000148.217, 358.0
Trd, 000148.250, 353
Trd, 000148.767, 345.0
Trd, 000148.817, 362
Trd, 000148.883, 364
Trd, 000148.967, 344.0
Trd, 000150.133, 339
Trd, 000151.350, 336
Trd, 000151.633, 341
Trd, 000151.667, 344.0
Trd, 000152.050, 345
Trd, 000153.667, 327.0
Trd, 000154.000, 348
Trd, 000154.550, 350
Trd, 000155.050, 354
Trd, 000155.167, 358.0
Trd, 000155.917, 351
Trd, 000156.383, 356
Trd, 000156.967, 353
Trd, 000157.183, 349
Trd, 000157.350, 347
Trd, 000157.667, 344.0
Trd, 000158.133, 347
Trd, 000158.400, 353
Trd, 000158.933, 351.0
Trd, 000161.150, 354
Trd, 000161.533, 348
Trd, 000161.750, 350
Trd, 000162.717, 351
Trd, 000164.317, 354
Trd, 000164.633, 356.0
Trd, 000164.783, 358.0
Trd, 000165.383, 357
Trd, 000166.683, 355
Trd, 000167.233, 355
Trd, 000167.300, 359
Trd, 000168.033, 337
Trd, 000168.417, 335
Trd, 000169.350, 351.0
Trd, 000169.700, 349
Trd, 000170.817, 347
Trd, 000171.117, 347
Trd, 000171.900, 350
Trd, 000172.317, 349
Trd, 000173.483, 351
Trd, 000173.850, 357.0
Trd, 000174.400, 352
Trd, 000174.883, 351.0
Trd, 000175.067, 353
Trd, 000175.717, 351
Trd, 000176.583, 356.0
Trd, 000176.667, 358.0
Trd, 000177.333, 362.0
Trd, 000177.500, 365
Trd, 000177.633, 356
Trd, 000178.967, 363
Trd, 000179.283, 355
Trd, 000180.550, 362.0
Trd, 000180.850, 364
Trd, 000181.783, 352.0
Trd, 000181.800, 363
Trd, 000181.917, 351.0
Trd, 000182.083, 344.0
Trd, 000183.300, 296
Trd, 000183.583, 216
Trd, 000184.217, 304
Trd, 000184.633, 212
Trd, 000184.750, 204
Trd, 000184.900, 307
Trd, 000185.700, 200
Trd, 000186.067, 180
Trd, 000186.267, 169
Trd, 000186.883, 177
Trd, 000187.817, 176
Trd, 000188.183, 181
Trd, 000188.400, 174
Trd, 000190.550, 172
Trd, 000190.767, 175
Trd, 000191.733, 172
Trd, 000192.083, 181
Trd, 000193.483, 170
Trd, 000194.433, 177
Trd, 000194.583, 177
Trd, 000195.983, 179
Trd, 000196.000, 171
Trd, 000196.267, 180
Trd, 000197.917, 183
Trd, 000199.617, 172
Trd, 000199.983, 171
Trd, 000200.050, 176
Trd, 000202.200, 174
Trd, 000202.850, 174
Trd, 000203.100, 177
Trd, 000203.933, 177
Trd, 000204.350, 176
Trd, 000204.800, 177
Trd, 000204.917, 171
Trd, 000205.633, 178
Trd, 000206.233, 174
Trd, 000206.350, 179
Trd, 000208.250, 175
Trd, 000209.817, 173
Trd, 000209.983, 175
Trd, 000210.500, 174
Trd, 000211.083, 175
Trd, 000211.217, 176
Trd, 000211.483, 173
Trd, 000212.917, 172
Trd, 000214.167, 175
Trd, 000214.517, 176
Trd, 000214.967, 179
Trd, 000215.767, 174
Trd, 000216.067, 174
Trd, 000216.767, 174
Trd, 000216.850, 173
Trd, 000217.883, 174
Trd, 000218.100, 176
Trd, 000218.717, 182
Trd, 000219.850, 173
Trd, 000220.200, 170
Trd, 000220.600, 177
Trd, 000221.983, 171
Trd, 000223.450, 173
Trd, 000223.467, 174
Trd, 000223.833, 169
Trd, 000223.933, 166
Trd, 000224.583, 170
Trd, 000224.933, 170
Trd, 000225.817, 158
Trd, 000225.983, 171
Trd, 000226.800, 171
Trd, 000228.067, 171
Trd, 000228.517, 160
Trd, 000229.933, 169
Trd, 000230.050, 170
Trd, 000230.550, 171
Trd, 000230.633, 160
Trd, 000231.350, 181
Trd, 000232.617, 170
Trd, 000233.117, 168
Trd, 000235.200, 174
Trd, 000235.300, 173
Trd, 000235.433, 175
Trd, 000235.567, 180
Trd, 000236.583, 180
Trd, 000236.850, 177
Trd, 000237.517, 181
Trd, 000237.950, 186
Trd, 000239.317, 189
Trd, 000239.733, 187
Trd, 000240.117, 189
Trd, 000240.433, 190
Trd, 000240.617, 188
Trd, 000241.033, 187
Trd, 000241.267, 189
Trd, 000241.450, 181
Trd, 000242.983, 182
Trd, 000243.100, 180
Trd, 000243.267, 182
Trd, 000243.600, 182
Trd, 000244.050, 179
Trd, 000244.350, 179
Trd, 000244.483, 179
Trd, 000245.167, 178
Trd, 000246.600, 178
Trd, 000246.717, 184
Trd, 000246.933, 183
Trd, 000247.083, 180
Trd, 000247.200, 183
Trd, 000247.917, 184
Trd, 000248.833, 178
Trd, 000249.000, 177
Trd, 000249.767, 168
Trd, 000250.200, 179
Trd, 000250.900, 180
Trd, 000250.917, 181
Trd, 000251.200, 179
Trd, 000251.317, 176
Trd, 000252.217, 183
Trd, 000252.567, 184
Trd, 000252.700, 187
Trd, 000254.617, 183
Trd, 000254.817, 182
Trd, 000254.900, 183
Trd, 000255.383, 182
Trd, 000255.550, 180
Trd, 000256.183, 169
Trd, 000256.900, 175
Trd, 000257.383, 175
Trd, 000257.783, 176
Trd, 000257.800, 178
Trd, 000258.100, 175
Trd, 000258.633, 175
Trd, 000259.850, 174
Trd, 000259.900, 176
Trd, 000260.283, 177
Trd, 000260.600, 175
Trd, 000261.733, 177
Trd, 000262.283, 179
Trd, 000263.133, 183
Trd, 000263.900, 178
Trd, 000263.933, 177
Trd, 000264.267, 181
Trd, 000264.867, 180
Trd, 000265.950, 182
Trd, 000266.400, 177
Trd, 000266.750, 178
Trd, 000266.900, 179
Trd, 000267.533, 178
Trd, 000268.717, 190
Trd, 000268.933, 185
Trd, 000269.200, 182
Trd, 000269.583, 187
Trd, 000270.117, 183
Trd, 000270.183, 186
Trd, 000270.700, 183
Trd, 000272.100, 183
Trd, 000272.367, 184
Trd, 000272.400, 183
Trd, 000272.783, 185
Trd, 000273.450, 184
Trd, 000274.000, 186
Trd, 000274.333, 183
Trd, 000274.783, 187
Trd, 000275.083, 188
Trd, 000276.283, 186
Trd, 000276.567, 186
Trd, 000276.650, 183
Trd, 000277.650, 184
Trd, 000278.067, 187
Trd, 000278.467, 182
Trd, 000279.467, 184
Trd, 000279.733, 188
Trd, 000279.783, 189
Trd, 000280.300, 191
Trd, 000280.367, 187
Trd, 000281.333, 191
Trd, 000281.483, 186
Trd, 000281.567, 193
Trd, 000282.717, 193
Trd, 000282.917, 185
Trd, 000283.300, 183
Trd, 000284.017, 196
Trd, 000284.350, 196
Trd, 000284.683, 190
Trd, 000284.750, 187
Trd, 000285.717, 185
Trd, 000286.133, 198
Trd, 000286.483, 179
Trd, 000286.833, 199
Trd, 000287.017, 185
Trd, 000287.300, 189
Trd, 000287.433, 182
Trd, 000288.567, 169
Trd, 000288.883, 167
Trd, 000288.983, 173
Trd, 000289.517, 166
Trd, 000290.983, 168
Trd, 000291.383, 176
Trd, 000291.933, 171
Trd, 000292.067, 179
Trd, 000292.717, 180
Trd, 000293.067, 187
Trd, 000293.233, 178
Trd, 000293.683, 191
Trd, 000294.117, 178
Trd, 000294.417, 175
Trd, 000294.567, 170
Trd, 000294.950, 173
Trd, 000295.650, 178
Trd, 000296.150, 178
Trd, 000296.183, 193
Trd, 000296.617, 196
Trd, 000296.950, 172
Trd, 000297.617, 186
Trd, 000297.700, 181
Trd, 000297.850, 188
Trd, 000298.067, 168
Trd, 000298.350, 189
Trd, 000298.967, 187
Trd, 000299.600, 166
