Trd, 000001.650, 163
Trd, 000001.783, 106
Trd, 000002.917, 151
Trd, 000003.750, 146
Trd, 000003.833, 155
Trd, 000004.950, 152
Trd, 000005.083, 162
Trd, 000006.317, 151
Trd, 000007.183, 148
Trd, 000007.283, 159
Trd, 000007.400, 159
Trd, 000007.583, 142
Trd, 000008.850, 140
Trd, 000008.883, 160
Trd, 000009.867, 161
Trd, 000010.483, 156
Trd, 000011.233, 162
Trd, 000011.817, 161
Trd, 000012.117, 162
Trd, 000012.383, 161
Trd, 000012.433, 160
Trd, 000012.650, 163
Trd, 000012.917, 166
Trd, 000014.050, 160
Trd, 000014.367, 158
Trd, 000015.317, 160
Trd, 000015.483, 159
Trd, 000015.567, 157
Trd, 000015.867, 142
Trd, 000016.217, 157
Trd, 000017.467, 154
Trd, 000018.033, 135
Trd, 000018.067, 156
Trd, 000018.550, 156
Trd, 000018.933, 157
Trd, 000019.383, 159
Trd, 000021.417, 160
Trd, 000021.833, 159
Trd, 000022.200, 159
Trd, 000022.267, 158
Trd, 000022.400, 159
Trd, 000023.000, 159
Trd, 000023.883, 157
Trd, 000024.200, 157
Trd, 000024.633, 159
Trd, 000025.433, 161
Trd, 000026.117, 157
Trd, 000028.133, 149
Trd, 000028.550, 147
Trd, 000028.833, 149
Trd, 000029.167, 157
Trd, 000029.317, 157
Trd, 000029.933, 148
Trd, 000030.050, 157
Trd, 000030.350, 158
Trd, 000032.000, 149
Trd, 000032.117, 159
Trd, 000033.800, 157
Trd, 000033.917, 149
Trd, 000034.717, 154
Trd, 000034.883, 154
Trd, 000035.283, 145
Trd, 000035.867, 154
Trd, 000036.100, 158
Trd, 000036.133, 165
Trd, 000038.150, 163
Trd, 000038.717, 166
Trd, 000038.817, 160
Trd, 000039.050, 159
Trd, 000040.033, 165
Trd, 000040.217, 161
Trd, 000041.350, 162
Trd, 000041.467, 161
Trd, 000041.800, 159
Trd, 000041.817, 158
Trd, 000042.133, 145
Trd, 000043.150, 159
Trd, 000043.300, 172
Trd, 000043.650, 166
Trd, 000044.983, 164
Trd, 000045.317, 156
Trd, 000046.033, 163
Trd, 000046.683, 159
Trd, 000046.700, 162
Trd, 000047.517, 161
Trd, 000048.500, 160
Trd, 000048.567, 160
Trd, 000049.033, 161
Trd, 000049.767, 160
Trd, 000049.967, 167
Trd, 000050.167, 159
Trd, 000050.533, 156
Trd, 000051.567, 155
Trd, 000053.350, 156
Trd, 000053.367, 155
Trd, 000053.433, 159
Trd, 000054.617, 147
Trd, 000055.167, 152
Trd, 000055.800, 141
Trd, 000056.700, 145
Trd, 000057.900, 151
Trd, 000058.033, 146
Trd, 000058.717, 146
Trd, 000058.933, 156
Trd, 000060.000, 157
Trd, 000060.117, 148
Trd, 000060.317, 147
Trd, 000060.400, 157
Trd, 000060.800, 157
Trd, 000060.867, 168
Trd, 000061.050, 153
Trd, 000062.200, 155
Trd, 000062.500, 147
Trd, 000064.167, 157
Trd, 000064.650, 154
Trd, 000065.017, 159
Trd, 000065.667, 157
Trd, 000065.750, 154
Trd, 000066.550, 157
Trd, 000066.583, 157
Trd, 000067.500, 156
Trd, 000067.733, 160
Trd, 000067.967, 168
Trd, 000068.500, 167
Trd, 000068.900, 169
Trd, 000069.100, 159
Trd, 000069.200, 159
Trd, 000070.600, 160
Trd, 000070.900, 166
Trd, 000070.933, 160
Trd, 000072.100, 158
Trd, 000072.317, 151
Trd, 000073.367, 162
Trd, 000074.183, 160
Trd, 000075.167, 160
Trd, 000075.450, 159
Trd, 000075.467, 161
Trd, 000076.550, 159
Trd, 000077.267, 170
Trd, 000078.667, 161
Trd, 000078.717, 160
Trd, 000079.183, 168
Trd, 000079.567, 167
Trd, 000080.467, 170
Trd, 000081.100, 173
Trd, 000081.217, 165
Trd, 000081.317, 164
Trd, 000081.600, 172
Trd, 000081.817, 164
Trd, 000083.300, 176
Trd, 000083.683, 170
Trd, 000084.883, 170
Trd, 000085.000, 168
Trd, 000085.017, 166
Trd, 000085.417, 168
Trd, 000086.567, 167
Trd, 000087.650, 162
Trd, 000088.617, 156
Trd, 000088.700, 155
Trd, 000089.033, 160
Trd, 000089.317, 161
Trd, 000089.733, 151
Trd, 000090.467, 151
Trd, 000090.683, 150
Trd, 000090.700, 143
Trd, 000090.867, 157
Trd, 000091.583, 158
Trd, 000091.900, 151
Trd, 000092.150, 164
Trd, 000092.300, 126
Trd, 000092.467, 165
Trd, 000093.967, 164
Trd, 000094.083, 165
Trd, 000095.317, 157
Trd, 000096.417, 160
Trd, 000096.767, 162
Trd, 000097.417, 159
Trd, 000097.467, 163
Trd, 000098.717, 163
Trd, 000099.050, 160
Trd, 000099.100, 159
Trd, 000099.150, 158
Trd, 000099.217, 164
Trd, 000100.133, 163
Trd, 000101.617, 166
Trd, 000102.317, 167
Trd, 000102.383, 165
Trd, 000102.917, 168
Trd, 000103.500, 165
Trd, 000103.583, 164
Trd, 000103.950, 164
Trd, 000104.083, 164
Trd, 000104.917, 163
Trd, 000105.583, 162
Trd, 000106.050, 158
Trd, 000106.417, 156
Trd, 000107.317, 165
Trd, 000109.133, 161
Trd, 000109.650, 160
Trd, 000109.933, 162
Trd, 000110.033, 161
Trd, 000111.033, 159
Trd, 000111.467, 159
Trd, 000111.667, 162
Trd, 000112.400, 165
Trd, 000112.483, 164
Trd, 000113.683, 166
Trd, 000113.750, 173
Trd, 000114.583, 166
Trd, 000114.750, 161
Trd, 000115.467, 160
Trd, 000115.867, 160
Trd, 000116.083, 160
Trd, 000117.367, 167
Trd, 000118.783, 166
Trd, 000118.883, 166
Trd, 000119.217, 161
Trd, 000119.283, 160
Trd, 000119.367, 167
Trd, 000120.400, 160
Trd, 000120.617, 159
Trd, 000121.350, 167
Trd, 000121.383, 180
Trd, 000121.817, 187
Trd, 000122.800, 182
Trd, 000122.833, 205
Trd, 000122.883, 179
Trd, 000123.317, 221
Trd, 000123.367, 306.0
Trd, 000123.583, 310.0
Trd, 000124.150, 335.0
Trd, 000124.717, 334.0
Trd, 000124.783, 346
Trd, 000124.933, 360
Trd, 000125.050, 320
Trd, 000125.083, 361
Trd, 000127.600, 351.0
Trd, 000129.367, 344
Trd, 000129.450, 345
Trd, 000129.467, 341.0
Trd, 000129.900, 340
Trd, 000130.383, 339
Trd, 000130.533, 351
Trd, 000130.983, 355.0
Trd, 000131.333, 342
Trd, 000133.700, 351
Trd, 000134.133, 352
Trd, 000134.183, 341
Trd, 000135.017, 348
Trd, 000135.050, 350
Trd, 000135.633, 355.0
Trd, 000135.733, 346
Trd, 000135.850, 344
Trd, 000136.967, 344
Trd, 000137.567, 344
Trd, 000137.783, 341.0
Trd, 000138.717, 350
Trd, 000138.750, 351
Trd, 000139.533, 350
Trd, 000140.367, 355.0
Trd, 000140.983, 353
Trd, 000141.067, 355
Trd, 000141.150, 352
Trd, 000141.383, 351
Trd, 000141.850, 352
Trd, 000142.267, 354
Trd, 000142.533, 351
Trd, 000143.667, 354
Trd, 000144.083, 350
Trd, 000146.100, 353
Trd, 000146.250, 352
Trd, 000146.400, 353
Trd, 000147.300, 353
Trd, 000147.983, 353.0
Trd, 000148.233, 354.0
Trd, 000148.350, 352
Trd, 000148.800, 351
Trd, 000149.567, 348
Trd, 000150.050, 357
Trd, 000150.633, 348
Trd, 000151.067, 347
Trd, 000151.083, 341.0
Trd, 000151.233, 355
Trd, 000151.467, 362.0
Trd, 000151.550, 339
Trd, 000153.250, 363
Trd, 000153.450, 348
Trd, 000153.767, 348
Trd, 000155.450, 357.0
Trd, 000155.750, 350
Trd, 000155.933, 357.0
Trd, 000156.350, 351
Trd, 000156.683, 352
Trd, 000156.783, 350
Trd, 000156.800, 349
Trd, 000157.667, 344
Trd, 000158.117, 341.0
Trd, 000159.583, 348
Trd, 000159.917, 348
Trd, 000160.333, 349
Trd, 000160.550, 347
Trd, 000161.200, 347
Trd, 000161.267, 351.0
Trd, 000161.433, 347
Trd, 000163.783, 347
Trd, 000164.000, 348
Trd, 000164.217, 350
Trd, 000164.367, 351
Trd, 000164.800, 345
Trd, 000164.983, 341.0
Trd, 000165.533, 339
Trd, 000165.600, 351.0
Trd, 000166.717, 341
Trd, 000167.017, 341
Trd, 000167.733, 361
Trd, 000167.833, 342
Trd, 000168.333, 344
Trd, 000168.750, 354
Trd, 000168.900, 342.0
Trd, 000169.950, 353.0
Trd, 000171.267, 353.0
Trd, 000171.900, 349.0
Trd, 000171.967, 347.0
Trd, 000172.383, 355
Trd, 000172.633, 355.0
Trd, 000173.117, 349
Trd, 000173.167, 361
Trd, 000174.100, 362.0
Trd, 000175.650, 359
Trd, 000175.917, 357
Trd, 000176.217, 356
Trd, 000176.367, 355
Trd, 000176.767, 360
Trd, 000176.833, 362.0
Trd, 000178.267, 355
Trd, 000179.183, 355
Trd, 000179.550, 354
Trd, 000179.567, 357
Trd, 000179.917, 357
Trd, 000180.317, 350
Trd, 000180.583, 360
Trd, 000180.850, 347
Trd, 000182.267, 348
Trd, 000183.183, 341.0
Trd, 000183.500, 315
Trd, 000184.133, 266
Trd, 000184.950, 211
Trd, 000185.200, 197
Trd, 000185.267, 186
Trd, 000185.900, 197
Trd, 000186.250, 180
Trd, 000186.267, 169
Trd, 000187.400, 180
Trd, 000188.983, 176
Trd, 000189.117, 175
Trd, 000189.417, 173
Trd, 000190.433, 173
Trd, 000190.933, 177
Trd, 000191.267, 171
Trd, 000191.433, 177
Trd, 000191.683, 177
Trd, 000192.500, 178
Trd, 000193.967, 175
Trd, 000194.000, 176
Trd, 000194.833, 173
Trd, 000194.933, 172
Trd, 000195.183, 169
Trd, 000195.283, 173
Trd, 000195.800, 169
Trd, 000196.417, 176
Trd, 000196.883, 181
Trd, 000196.900, 185
Trd, 000197.950, 183
Trd, 000198.050, 155
Trd, 000198.717, 154
Trd, 000199.300, 165
Trd, 000199.783, 180
Trd, 000199.917, 175
Trd, 000200.067, 190
Trd, 000202.450, 160
Trd, 000202.667, 167
Trd, 000202.767, 170
Trd, 000202.867, 171
Trd, 000203.050, 172
Trd, 000203.983, 169
Trd, 000204.133, 167
Trd, 000205.233, 170
Trd, 000205.900, 163
Trd, 000206.783, 170
Trd, 000208.150, 164
Trd, 000208.850, 172
Trd, 000208.983, 163
Trd, 000209.550, 175
Trd, 000209.583, 175
Trd, 000210.833, 182
Trd, 000211.100, 166
Trd, 000211.533, 181
Trd, 000211.917, 182
Trd, 000211.950, 183
Trd, 000213.350, 181
Trd, 000213.617, 179
Trd, 000213.667, 162
Trd, 000214.267, 167
Trd, 000214.733, 167
Trd, 000214.750, 155
Trd, 000214.800, 151
Trd, 000215.900, 175
Trd, 000217.217, 170
Trd, 000217.417, 170
Trd, 000218.350, 173
Trd, 000218.483, 172
Trd, 000218.667, 172
Trd, 000219.133, 172
Trd, 000220.067, 171
Trd, 000220.800, 174
Trd, 000220.867, 175
Trd, 000221.167, 184
Trd, 000221.617, 171
Trd, 000221.783, 173
Trd, 000222.017, 177
Trd, 000223.233, 186
Trd, 000224.283, 183
Trd, 000225.200, 186
Trd, 000225.433, 185
Trd, 000225.617, 182
Trd, 000226.350, 187
Trd, 000227.300, 181
Trd, 000227.417, 182
Trd, 000228.267, 182
Trd, 000228.750, 173
Trd, 000229.567, 177
Trd, 000229.900, 183
Trd, 000230.067, 155
Trd, 000230.117, 184
Trd, 000230.183, 157
Trd, 000231.733, 169
Trd, 000231.900, 160
Trd, 000231.967, 175
Trd, 000232.683, 171
Trd, 000232.900, 168
Trd, 000234.967, 171
Trd, 000235.233, 170
Trd, 000235.683, 173
Trd, 000236.133, 177
Trd, 000236.533, 177
Trd, 000236.567, 178
Trd, 000237.217, 180
Trd, 000237.467, 175
Trd, 000238.250, 176
Trd, 000238.283, 166
Trd, 000238.617, 186
Trd, 000239.050, 187
Trd, 000239.800, 167
Trd, 000240.817, 174
Trd, 000240.833, 172
Trd, 000241.217, 174
Trd, 000241.317, 174
Trd, 000241.817, 172
Trd, 000241.850, 171
Trd, 000242.150, 165
Trd, 000243.050, 174
Trd, 000243.283, 175
Trd, 000243.800, 171
Trd, 000244.267, 175
Trd, 000244.867, 176
Trd, 000245.650, 179
Trd, 000246.150, 176
Trd, 000246.250, 173
Trd, 000246.283, 173
Trd, 000246.833, 175
Trd, 000247.067, 178
Trd, 000247.600, 175
Trd, 000248.383, 169
Trd, 000249.283, 177
Trd, 000249.333, 173
Trd, 000249.350, 178
Trd, 000249.450, 180
Trd, 000250.467, 174
Trd, 000251.083, 176
Trd, 000251.483, 176
Trd, 000251.633, 175
Trd, 000251.917, 174
Trd, 000251.950, 174
Trd, 000252.283, 175
Trd, 000252.483, 177
Trd, 000253.267, 169
Trd, 000254.567, 172
Trd, 000254.650, 171
Trd, 000254.917, 170
Trd, 000255.217, 169
Trd, 000255.533, 172
Trd, 000255.917, 177
Trd, 000256.233, 180
Trd, 000256.500, 190
Trd, 000257.150, 187
Trd, 000257.283, 183
Trd, 000257.550, 187
Trd, 000258.550, 190
Trd, 000258.817, 188
Trd, 000259.983, 188
Trd, 000260.233, 191
Trd, 000260.400, 187
Trd, 000260.550, 193
Trd, 000261.317, 187
Trd, 000261.350, 185
Trd, 000261.550, 184
Trd, 000261.883, 187
Trd, 000262.050, 186
Trd, 000262.100, 185
Trd, 000263.500, 184
Trd, 000263.733, 183
Trd, 000263.750, 181
Trd, 000264.000, 173
Trd, 000264.650, 186
Trd, 000264.750, 186
Trd, 000265.650, 184
Trd, 000265.767, 182
Trd, 000266.817, 184
Trd, 000266.833, 182
Trd, 000267.017, 182
Trd, 000267.300, 183
Trd, 000268.133, 182
Trd, 000268.167, 183
Trd, 000268.367, 183
Trd, 000269.050, 188
Trd, 000269.217, 192
Trd, 000269.467, 186
Trd, 000270.383, 188
Trd, 000270.433, 185
Trd, 000270.500, 185
Trd, 000271.200, 185
Trd, 000271.900, 184
Trd, 000272.183, 177
Trd, 000272.400, 187
Trd, 000272.500, 187
Trd, 000273.167, 182
Trd, 000273.350, 182
Trd, 000273.517, 182
Trd, 000274.600, 174
Trd, 000274.750, 177
Trd, 000275.050, 188
Trd, 000275.117, 189
Trd, 000275.583, 183
Trd, 000275.633, 183
Trd, 000275.817, 177
Trd, 000276.433, 172
Trd, 000276.883, 181
Trd, 000277.950, 177
Trd, 000278.483, 177
Trd, 000278.817, 176
Trd, 000279.417, 172
Trd, 000279.583, 169
Trd, 000279.817, 168
Trd, 000280.250, 172
Trd, 000280.467, 177
Trd, 000280.567, 179
Trd, 000281.167, 176
Trd, 000281.717, 183
Trd, 000282.250, 190
Trd, 000282.333, 189
Trd, 000282.567, 191
Trd, 000282.583, 180
Trd, 000282.950, 170
Trd, 000283.317, 184
Trd, 000283.650, 178
Trd, 000284.983, 180
Trd, 000285.000, 193
Trd, 000285.233, 196
Trd, 000286.417, 182
Trd, 000286.533, 180
Trd, 000286.833, 180
Trd, 000287.367, 172
Trd, 000288.083, 181
Trd, 000288.233, 171
Trd, 000288.283, 169
Trd, 000288.767, 163
Trd, 000289.500, 174
Trd, 000289.817, 178
Trd, 000290.083, 179
Trd, 000290.967, 176
Trd, 000291.083, 184
Trd, 000291.100, 173
Trd, 000291.250, 175
Trd, 000291.333, 173
Trd, 000291.450, 191
Trd, 000291.550, 194
Trd, 000291.900, 190
Trd, 000292.117, 170
Trd, 000292.917, 180
Trd, 000293.000, 175
Trd, 000293.083, 175
Trd, 000293.167, 177
Trd, 000293.767, 184
Trd, 000294.400, 186
Trd, 000294.433, 178
Trd, 000295.050, 195
Trd, 000295.467, 194
Trd, 000296.400, 181
Trd, 000297.167, 184
Trd, 000297.517, 178
Trd, 000298.017, 177
Trd, 000298.267, 177
Trd, 000298.700, 185
Trd, 000299.400, 174
Trd, 000299.600, 185
Trd, 000299.800, 185
Trd, 000299.867, 174
