Trd, 000001.467, 127
Trd, 000002.150, 162
Trd, 000002.267, 151
Trd, 000003.633, 165
Trd, 000004.367, 151
Trd, 000005.600, 153
Trd, 000005.917, 152
Trd, 000006.950, 158
Trd, 000008.150, 158
Trd, 000008.717, 153
Trd, 000009.367, 156
Trd, 000009.500, 158
Trd, 000009.900, 154
Trd, 000010.833, 152
Trd, 000011.267, 149
Trd, 000011.617, 158
Trd, 000012.483, 171
Trd, 000013.400, 146
Trd, 000013.500, 158
Trd, 000014.050, 159
Trd, 000014.483, 145
Trd, 000014.917, 159
Trd, 000015.200, 166
Trd, 000015.983, 152
Trd, 000016.150, 149
Trd, 000016.400, 152
Trd, 000019.033, 145
Trd, 000019.783, 160
Trd, 000019.867, 160
Trd, 000019.883, 148
Trd, 000020.567, 147
Trd, 000020.933, 147
Trd, 000021.183, 157
Trd, 000024.633, 154
Trd, 000024.983, 154
Trd, 000025.283, 154
Trd, 000025.300, 159
Trd, 000026.100, 154
Trd, 000026.917, 155
Trd, 000027.000, 156
Trd, 000027.250, 157
Trd, 000027.833, 153
Trd, 000028.067, 160
Trd, 000029.383, 160
Trd, 000030.083, 157
Trd, 000030.367, 153
Trd, 000031.533, 150
Trd, 000033.117, 159
Trd, 000033.233, 161
Trd, 000034.800, 168
Trd, 000035.333, 157
Trd, 000036.417, 168
Trd, 000036.467, 154
Trd, 000036.550, 150
Trd, 000038.417, 159
Trd, 000038.617, 160
Trd, 000038.650, 161
Trd, 000039.100, 161
Trd, 000039.483, 162
Trd, 000040.183, 158
Trd, 000040.767, 160
Trd, 000041.067, 167
Trd, 000041.483, 166
Trd, 000042.917, 172
Trd, 000043.600, 161
Trd, 000044.017, 158
Trd, 000045.367, 163
Trd, 000045.733, 161
Trd, 000045.917, 160
Trd, 000046.833, 162
Trd, 000047.750, 140
Trd, 000048.700, 166
Trd, 000049.333, 155
Trd, 000049.550, 162
Trd, 000049.717, 163
Trd, 000050.217, 155
Trd, 000050.367, 167
Trd, 000050.383, 155
Trd, 000050.933, 170
Trd, 000051.267, 168
Trd, 000051.500, 167
Trd, 000051.617, 168
Trd, 000052.267, 178
Trd, 000052.967, 167
Trd, 000053.917, 146
Trd, 000055.867, 167
Trd, 000056.300, 157
Trd, 000056.550, 163
Trd, 000056.700, 168
Trd, 000056.883, 156
Trd, 000059.333, 163
Trd, 000060.433, 159
Trd, 000061.017, 163
Trd, 000061.367, 158
Trd, 000063.650, 160
Trd, 000063.750, 161
Trd, 000065.017, 160
Trd, 000065.233, 163
Trd, 000066.067, 159
Trd, 000067.133, 158
Trd, 000067.250, 159
Trd, 000067.867, 160
Trd, 000068.633, 162
Trd, 000068.950, 165
Trd, 000070.033, 165
Trd, 000071.583, 161
Trd, 000072.500, 162
Trd, 000073.167, 165
Trd, 000073.833, 159
Trd, 000074.000, 159
Trd, 000074.317, 159
Trd, 000074.617, 158
Trd, 000075.467, 159
Trd, 000075.683, 157
Trd, 000075.817, 165
Trd, 000077.283, 175
Trd, 000077.383, 176
Trd, 000077.950, 155
Trd, 000078.250, 168
Trd, 000080.400, 167
Trd, 000080.783, 171
Trd, 000082.050, 170
Trd, 000082.867, 170
Trd, 000082.967, 162
Trd, 000083.600, 159
Trd, 000083.717, 152
Trd, 000083.900, 169
Trd, 000083.983, 149
Trd, 000084.350, 180
Trd, 000084.800, 150
Trd, 000085.200, 168
Trd, 000085.933, 178
Trd, 000086.017, 179
Trd, 000086.867, 160
Trd, 000087.033, 159
Trd, 000087.683, 164
Trd, 000089.650, 161
Trd, 000089.983, 154
Trd, 000090.200, 164
Trd, 000090.317, 167
Trd, 000090.900, 159
Trd, 000092.967, 158
Trd, 000093.050, 156
Trd, 000093.350, 158
Trd, 000093.783, 158
Trd, 000094.733, 160
Trd, 000095.650, 160
Trd, 000095.683, 160
Trd, 000095.767, 161
Trd, 000097.117, 169
Trd, 000098.417, 163
Trd, 000099.533, 168
Trd, 000099.583, 162
Trd, 000100.583, 182
Trd, 000100.967, 173
Trd, 000100.983, 182
Trd, 000101.450, 181
Trd, 000103.000, 165
Trd, 000103.367, 168
Trd, 000103.767, 164
Trd, 000103.983, 161
Trd, 000104.883, 159
Trd, 000105.450, 152
Trd, 000105.683, 160
Trd, 000105.917, 153
Trd, 000107.533, 155
Trd, 000107.783, 151
Trd, 000108.817, 155
Trd, 000109.050, 156
Trd, 000109.500, 169
Trd, 000110.100, 169
Trd, 000110.450, 155
Trd, 000110.550, 175
Trd, 000111.633, 173
Trd, 000111.917, 165
Trd, 000112.033, 176
Trd, 000112.917, 184
Trd, 000113.083, 186
Trd, 000113.250, 170
Trd, 000114.333, 171
Trd, 000115.467, 162
Trd, 000116.817, 163
Trd, 000118.283, 163
Trd, 000118.383, 162
Trd, 000118.983, 163
Trd, 000119.817, 164
Trd, 000119.933, 162
Trd, 000120.750, 156
Trd, 000121.150, 165
Trd, 000121.217, 155
Trd, 000121.233, 166
Trd, 000121.717, 168
Trd, 000121.733, 177
Trd, 000122.517, 184
Trd, 000123.017, 194
Trd, 000123.350, 259
Trd, 000124.117, 311
Trd, 000124.450, 324
Trd, 000124.967, 327.0
Trd, 000125.700, 330
Trd, 000126.083, 323
Trd, 000127.983, 327.0
Trd, 000129.200, 329
Trd, 000129.333, 331
Trd, 000130.550, 344
Trd, 000131.667, 351
Trd, 000132.000, 349
Trd, 000132.250, 345.0
Trd, 000133.250, 351.0
Trd, 000133.533, 353
Trd, 000133.817, 344.0
Trd, 000134.667, 343
Trd, 000134.900, 348
Trd, 000135.017, 343.0
Trd, 000135.350, 341.0
Trd, 000136.250, 349
Trd, 000137.767, 339
Trd, 000138.333, 333
Trd, 000138.367, 346
Trd, 000138.817, 346
Trd, 000140.000, 341.0
Trd, 000140.100, 349
Trd, 000140.417, 334
Trd, 000140.933, 335
Trd, 000141.333, 334
Trd, 000142.250, 341
Trd, 000142.400, 344
Trd, 000143.300, 343
Trd, 000143.617, 342.0
Trd, 000143.783, 341.0
Trd, 000143.917, 335
Trd, 000144.133, 344
Trd, 000144.183, 343
Trd, 000144.700, 358.0
Trd, 000145.117, 335
Trd, 000145.300, 364
Trd, 000145.600, 365.0
Trd, 000146.533, 338
Trd, 000147.317, 345.0
Trd, 000148.917, 351
Trd, 000149.717, 363.0
Trd, 000149.883, 363.0
Trd, 000149.967, 362.0
Trd, 000150.833, 352
Trd, 000152.217, 351.0
Trd, 000152.433, 354
Trd, 000152.983, 359
Trd, 000153.167, 362.0
Trd, 000153.383, 366
Trd, 000153.867, 352.0
Trd, 000154.400, 349
Trd, 000154.617, 344.0
Trd, 000154.733, 364
Trd, 000154.983, 341.0
Trd, 000155.750, 358.0
Trd, 000155.850, 359
Trd, 000156.050, 334
Trd, 000156.700, 333
Trd, 000156.933, 368
Trd, 000157.067, 372
Trd, 000157.683, 335
Trd, 000158.817, 358.0
Trd, 000158.850, 343
Trd, 000159.867, 357
Trd, 000160.100, 356
Trd, 000161.217, 344
Trd, 000162.067, 341.0
Trd, 000162.683, 332
Trd, 000162.900, 355
Trd, 000163.017, 358
Trd, 000163.050, 331
Trd, 000165.233, 341.0
Trd, 000166.133, 347
Trd, 000166.683, 348
Trd, 000166.700, 350
Trd, 000167.000, 357.0
Trd, 000168.267, 352
Trd, 000168.883, 351
Trd, 000169.650, 353
Trd, 000169.750, 352
Trd, 000169.883, 351.0
Trd, 000171.017, 341.0
Trd, 000171.333, 354.0
Trd, 000171.567, 358.0
Trd, 000171.717, 365.0
Trd, 000173.117, 359
Trd, 000173.950, 369
Trd, 000174.317, 369
Trd, 000174.583, 336
Trd, 000174.800, 336
Trd, 000175.550, 352
Trd, 000177.833, 344.0
Trd, 000178.183, 346
Trd, 000178.233, 344
Trd, 000178.750, 350
Trd, 000179.117, 344
Trd, 000179.950, 353
Trd, 000180.233, 342.0
Trd, 000180.333, 341.0
Trd, 000180.367, 333
Trd, 000182.417, 348
Trd, 000182.450, 344.0
Trd, 000183.567, 344.0
Trd, 000184.533, 341.0
Trd, 000184.883, 323
Trd, 000184.983, 218
Trd, 000185.067, 204
Trd, 000185.083, 200
Trd, 000185.983, 190
Trd, 000186.433, 180
Trd, 000186.483, 203
Trd, 000186.683, 169
Trd, 000188.200, 161
Trd, 000188.417, 160
Trd, 000189.233, 196
Trd, 000190.033, 187
Trd, 000190.417, 181
Trd, 000192.567, 175
Trd, 000192.833, 184
Trd, 000194.367, 176
Trd, 000194.833, 172
Trd, 000195.267, 177
Trd, 000195.333, 170
Trd, 000195.450, 180
Trd, 000196.467, 185
Trd, 000196.833, 155
Trd, 000197.783, 160
Trd, 000197.983, 178
Trd, 000199.583, 170
Trd, 000200.100, 167
Trd, 000200.717, 161
Trd, 000201.033, 162
Trd, 000201.650, 163
Trd, 000201.800, 165
Trd, 000201.983, 164
Trd, 000203.283, 164
Trd, 000203.767, 165
Trd, 000204.250, 164
Trd, 000204.467, 161
Trd, 000205.133, 190
Trd, 000205.717, 169
Trd, 000206.300, 178
Trd, 000206.600, 166
Trd, 000207.800, 177
Trd, 000208.217, 175
Trd, 000208.283, 165
Trd, 000209.050, 175
Trd, 000211.050, 176
Trd, 000211.067, 177
Trd, 000211.317, 171
Trd, 000211.983, 171
Trd, 000213.267, 172
Trd, 000213.717, 173
Trd, 000213.983, 168
Trd, 000214.100, 179
Trd, 000215.933, 174
Trd, 000216.033, 174
Trd, 000216.667, 169
Trd, 000218.267, 170
Trd, 000218.333, 179
Trd, 000218.733, 186
Trd, 000219.300, 185
Trd, 000219.733, 187
Trd, 000220.217, 185
Trd, 000220.517, 184
Trd, 000220.650, 191
Trd, 000221.800, 165
Trd, 000222.433, 163
Trd, 000223.017, 152
Trd, 000223.733, 177
Trd, 000224.100, 155
Trd, 000224.400, 177
Trd, 000224.883, 177
Trd, 000224.950, 179
Trd, 000225.350, 155
Trd, 000226.200, 154
Trd, 000227.983, 157
Trd, 000228.467, 165
Trd, 000229.550, 167
Trd, 000230.283, 193
Trd, 000230.767, 188
Trd, 000230.900, 193
Trd, 000231.533, 190
Trd, 000231.617, 185
Trd, 000232.033, 187
Trd, 000232.850, 178
Trd, 000234.033, 185
Trd, 000235.150, 187
Trd, 000235.717, 179
Trd, 000236.100, 178
Trd, 000236.450, 185
Trd, 000236.517, 177
Trd, 000237.133, 180
Trd, 000237.567, 181
Trd, 000238.783, 180
Trd, 000238.967, 171
Trd, 000239.950, 170
Trd, 000240.150, 178
Trd, 000240.467, 174
Trd, 000240.517, 169
Trd, 000240.650, 168
Trd, 000241.067, 175
Trd, 000241.783, 174
Trd, 000242.017, 173
Trd, 000242.783, 182
Trd, 000242.833, 182
Trd, 000243.100, 179
Trd, 000243.883, 176
Trd, 000244.533, 181
Trd, 000244.850, 180
Trd, 000245.150, 182
Trd, 000245.800, 186
Trd, 000245.933, 195
Trd, 000246.150, 187
Trd, 000246.467, 189
Trd, 000246.667, 192
Trd, 000246.967, 186
Trd, 000247.900, 182
Trd, 000248.367, 186
Trd, 000248.550, 187
Trd, 000249.583, 182
Trd, 000249.767, 181
Trd, 000250.617, 177
Trd, 000251.017, 180
Trd, 000251.067, 178
Trd, 000251.150, 179
Trd, 000252.367, 180
Trd, 000252.683, 180
Trd, 000252.800, 181
Trd, 000253.567, 177
Trd, 000253.750, 182
Trd, 000253.983, 180
Trd, 000255.317, 184
Trd, 000256.067, 187
Trd, 000256.217, 186
Trd, 000256.567, 187
Trd, 000256.600, 186
Trd, 000257.067, 186
Trd, 000257.083, 184
Trd, 000257.517, 180
Trd, 000258.067, 181
Trd, 000258.800, 181
Trd, 000259.667, 178
Trd, 000259.700, 184
Trd, 000259.867, 175
Trd, 000259.950, 182
Trd, 000260.483, 178
Trd, 000261.083, 180
Trd, 000261.533, 181
Trd, 000261.567, 182
Trd, 000262.300, 184
Trd, 000262.833, 187
Trd, 000262.967, 188
Trd, 000263.350, 185
Trd, 000263.783, 189
Trd, 000264.033, 189
Trd, 000264.083, 191
Trd, 000265.950, 189
Trd, 000266.000, 190
Trd, 000266.200, 190
Trd, 000266.233, 189
Trd, 000266.383, 193
Trd, 000266.433, 184
Trd, 000266.550, 181
Trd, 000267.283, 195
Trd, 000267.300, 198
Trd, 000267.683, 201
Trd, 000267.767, 205
Trd, 000267.950, 200
Trd, 000268.167, 189
Trd, 000268.600, 185
Trd, 000269.117, 187
Trd, 000269.150, 180
Trd, 000269.350, 178
Trd, 000270.467, 180
Trd, 000271.067, 186
Trd, 000271.550, 186
Trd, 000271.650, 182
Trd, 000272.067, 186
Trd, 000273.067, 178
Trd, 000273.383, 177
Trd, 000273.817, 189
Trd, 000273.867, 178
Trd, 000274.383, 171
Trd, 000275.233, 169
Trd, 000276.067, 185
Trd, 000276.500, 182
Trd, 000276.517, 185
Trd, 000276.833, 180
Trd, 000276.883, 184
Trd, 000277.367, 185
Trd, 000277.750, 179
Trd, 000278.050, 169
Trd, 000278.117, 186
Trd, 000278.450, 185
Trd, 000278.917, 192
Trd, 000279.133, 190
Trd, 000279.217, 200
Trd, 000280.333, 186
Trd, 000281.100, 185
Trd, 000281.150, 184
Trd, 000281.283, 182
Trd, 000281.333, 179
Trd, 000281.767, 188
Trd, 000281.867, 190
Trd, 000281.967, 181
Trd, 000282.850, 200
Trd, 000283.183, 199
Trd, 000283.817, 191
Trd, 000283.900, 193
Trd, 000284.533, 201
Trd, 000285.067, 198
Trd, 000285.167, 196
Trd, 000285.567, 190
Trd, 000286.483, 181
Trd, 000286.500, 180
Trd, 000287.683, 179
Trd, 000287.767, 175
Trd, 000287.867, 175
Trd, 000288.017, 184
Trd, 000288.633, 173
Trd, 000289.350, 183
Trd, 000289.383, 180
Trd, 000289.650, 183
Trd, 000290.500, 184
Trd, 000291.067, 184
Trd, 000291.500, 187
Trd, 000292.133, 190
Trd, 000292.433, 181
Trd, 000292.717, 193
Trd, 000292.750, 194
Trd, 000292.850, 180
Trd, 000293.650, 175
Trd, 000294.500, 176
Trd, 000294.650, 172
Trd, 000294.867, 171
Trd, 000295.317, 170
Trd, 000295.667, 177
Trd, 000295.850, 177
Trd, 000295.917, 177
Trd, 000296.833, 198
Trd, 000296.883, 192
Trd, 000297.000, 171
Trd, 000297.200, 188
Trd, 000297.383, 192
Trd, 000297.567, 209
Trd, 000298.300, 182
Trd, 000298.483, 183
Trd, 000298.533, 181
Trd, 000298.867, 183
Trd, 000299.150, 184
