Trd, 000002.533, 126
Trd, 000002.867, 131
Trd, 000003.100, 137
Trd, 000003.567, 127
Trd, 000003.833, 139
Trd, 000005.433, 139
Trd, 000005.967, 142
Trd, 000006.733, 134
Trd, 000007.517, 138
Trd, 000008.567, 140
Trd, 000009.350, 139
Trd, 000009.733, 141
Trd, 000010.083, 142
Trd, 000010.383, 142
Trd, 000010.550, 144
Trd, 000010.583, 138
Trd, 000012.367, 143
Trd, 000012.600, 145
Trd, 000013.000, 144
Trd, 000013.767, 145
Trd, 000014.167, 142
Trd, 000015.417, 142
Trd, 000016.100, 142
Trd, 000016.717, 144
Trd, 000016.733, 145
Trd, 000016.883, 145
Trd, 000018.600, 144
Trd, 000018.733, 148
Trd, 000018.850, 141
Trd, 000019.533, 152
Trd, 000019.850, 142
Trd, 000020.217, 145
Trd, 000021.417, 150
Trd, 000022.333, 147
Trd, 000023.050, 146
Trd, 000023.183, 145
Trd, 000024.783, 148
Trd, 000025.033, 149
Trd, 000025.683, 146
Trd, 000026.017, 149
Trd, 000026.500, 149
Trd, 000027.783, 148
Trd, 000028.417, 147
Trd, 000028.567, 146
Trd, 000028.833, 148
Trd, 000028.867, 148
Trd, 000029.450, 137
Trd, 000029.483, 149
Trd, 000030.017, 139
Trd, 000031.917, 143
Trd, 000032.900, 145
Trd, 000033.467, 145
Trd, 000033.650, 145
Trd, 000034.500, 147
Trd, 000035.333, 145
Trd, 000036.200, 144
Trd, 000036.817, 143
Trd, 000036.833, 145
Trd, 000037.583, 144
Trd, 000037.717, 145
Trd, 000038.017, 142
Trd, 000040.383, 144
Trd, 000041.117, 144
Trd, 000041.250, 143
Trd, 000041.283, 145
Trd, 000041.917, 142
Trd, 000042.383, 138
Trd, 000043.050, 133
Trd, 000043.200, 145
Trd, 000043.817, 147
Trd, 000044.533, 146
Trd, 000046.117, 140
Trd, 000047.300, 145
Trd, 000048.350, 146
Trd, 000048.717, 148
Trd, 000049.150, 149
Trd, 000049.350, 148
Trd, 000050.300, 149
Trd, 000050.317, 149
Trd, 000050.383, 150
Trd, 000051.633, 150
Trd, 000052.083, 151
Trd, 000052.683, 151
Trd, 000053.667, 152
Trd, 000053.800, 150
Trd, 000055.267, 149
Trd, 000055.483, 151
Trd, 000055.650, 148
Trd, 000056.550, 150
Trd, 000057.333, 149
Trd, 000057.417, 152
Trd, 000058.850, 149
Trd, 000059.117, 150
Trd, 000059.550, 150
Trd, 000060.417, 147
Trd, 000060.700, 151
Trd, 000061.700, 147
Trd, 000063.583, 150
Trd, 000064.000, 148
Trd, 000064.383, 145
Trd, 000065.233, 147
Trd, 000065.400, 147
Trd, 000066.133, 147
Trd, 000066.550, 147
Trd, 000067.367, 148
Trd, 000067.383, 147
Trd, 000067.800, 146
Trd, 000068.083, 145
Trd, 000069.967, 148
Trd, 000070.600, 147
Trd, 000071.050, 147
Trd, 000071.717, 146
Trd, 000072.333, 148
Trd, 000072.850, 145
Trd, 000073.750, 146
Trd, 000074.217, 144
Trd, 000074.817, 151
Trd, 000075.783, 147
Trd, 000075.867, 154
Trd, 000076.050, 152
Trd, 000077.317, 148
Trd, 000077.850, 150
Trd, 000079.250, 151
Trd, 000079.600, 151
Trd, 000080.850, 152
Trd, 000081.350, 151
Trd, 000081.750, 154
Trd, 000082.083, 153
Trd, 000082.767, 152
Trd, 000083.767, 156
Trd, 000083.933, 153
Trd, 000084.133, 153
Trd, 000084.400, 152
Trd, 000084.567, 178
Trd, 000084.850, 145
Trd, 000086.267, 157
Trd, 000086.833, 148
Trd, 000087.450, 150
Trd, 000088.733, 145
Trd, 000089.650, 146
Trd, 000089.900, 146
Trd, 000090.100, 145
Trd, 000091.683, 148
Trd, 000092.250, 150
Trd, 000092.650, 150
Trd, 000093.600, 148
Trd, 000093.983, 150
Trd, 000094.183, 151
Trd, 000094.250, 149
Trd, 000094.583, 148
Trd, 000096.067, 150
Trd, 000098.117, 149
Trd, 000098.200, 147
Trd, 000098.400, 150
Trd, 000100.083, 144
Trd, 000100.517, 149
Trd, 000101.150, 148
Trd, 000101.283, 148
Trd, 000101.317, 151
Trd, 000102.583, 149
Trd, 000104.567, 148
Trd, 000105.200, 146
Trd, 000105.783, 145
Trd, 000106.667, 147
Trd, 000107.617, 148
Trd, 000108.250, 148
Trd, 000109.283, 148
Trd, 000110.067, 147
Trd, 000110.450, 150
Trd, 000110.783, 151
Trd, 000110.933, 145
Trd, 000111.183, 155
Trd, 000112.450, 150
Trd, 000112.850, 151
Trd, 000112.983, 150
Trd, 000115.083, 151
Trd, 000115.100, 150
Trd, 000115.317, 152
Trd, 000115.350, 143
Trd, 000116.300, 138
Trd, 000117.733, 134
Trd, 000118.167, 135
Trd, 000118.717, 139
Trd, 000119.750, 140
Trd, 000119.783, 143
Trd, 000120.817, 146
Trd, 000121.383, 151
Trd, 000121.933, 160
Trd, 000122.050, 184
Trd, 000122.150, 187
Trd, 000122.467, 190
Trd, 000122.750, 205
Trd, 000122.967, 212
Trd, 000123.567, 287
Trd, 000123.833, 303.0
Trd, 000124.417, 312
Trd, 000125.333, 327.0
Trd, 000126.200, 330
Trd, 000126.217, 334.0
Trd, 000127.167, 338
Trd, 000128.100, 332
Trd, 000129.567, 336
Trd, 000129.983, 335.0
Trd, 000130.700, 334
Trd, 000130.833, 337
Trd, 000130.883, 342
Trd, 000131.733, 342
Trd, 000131.950, 344.0
Trd, 000135.783, 340
Trd, 000136.033, 339.0
Trd, 000136.783, 337
Trd, 000136.983, 335
Trd, 000137.750, 336
Trd, 000137.883, 334.0
Trd, 000138.817, 335
Trd, 000138.833, 328
Trd, 000140.883, 338
Trd, 000142.200, 338
Trd, 000142.400, 338
Trd, 000142.850, 337
Trd, 000143.533, 336
Trd, 000143.783, 337
Trd, 000143.900, 338
Trd, 000144.383, 336
Trd, 000144.783, 344.0
Trd, 000145.617, 338
Trd, 000148.567, 338
Trd, 000148.867, 339
Trd, 000149.300, 338
Trd, 000150.017, 338
Trd, 000150.550, 338
Trd, 000150.650, 337
Trd, 000152.050, 342
Trd, 000152.967, 341
Trd, 000153.467, 342
Trd, 000154.133, 343
Trd, 000154.200, 343
Trd, 000154.667, 343.0
Trd, 000154.983, 340
Trd, 000155.900, 341
Trd, 000156.233, 344.0
Trd, 000157.167, 348.0
Trd, 000157.867, 350
Trd, 000158.383, 349
Trd, 000158.633, 349
Trd, 000158.733, 348
Trd, 000158.917, 350
Trd, 000159.100, 369
Trd, 000160.917, 351
Trd, 000162.017, 347
Trd, 000162.167, 353
Trd, 000163.367, 345
Trd, 000163.800, 345
Trd, 000164.383, 346
Trd, 000164.917, 352
Trd, 000165.667, 345
Trd, 000165.767, 344
Trd, 000166.783, 348
Trd, 000168.050, 342
Trd, 000168.167, 340
Trd, 000168.400, 337
Trd, 000168.583, 322.0
Trd, 000169.833, 321.0
Trd, 000170.883, 334
Trd, 000171.417, 338
Trd, 000172.067, 329
Trd, 000173.000, 337
Trd, 000173.500, 331
Trd, 000173.767, 341
Trd, 000174.283, 344.0
Trd, 000174.483, 336
Trd, 000175.250, 338
Trd, 000176.867, 342
Trd, 000176.883, 342
Trd, 000177.633, 341
Trd, 000178.317, 339
Trd, 000180.383, 338
Trd, 000181.200, 341
Trd, 000181.300, 343
Trd, 000181.950, 335.0
Trd, 000181.983, 334.0
Trd, 000182.117, 327.0
Trd, 000182.317, 320.0
Trd, 000182.750, 320
Trd, 000183.200, 316
Trd, 000183.433, 306.0
Trd, 000183.567, 300.0
Trd, 000183.767, 288
Trd, 000184.350, 261
Trd, 000184.933, 200
Trd, 000184.967, 190
Trd, 000185.133, 189
Trd, 000186.233, 166
Trd, 000186.367, 164
Trd, 000187.217, 191
Trd, 000188.333, 182
Trd, 000189.967, 181
Trd, 000190.567, 181
Trd, 000190.700, 181
Trd, 000190.867, 172
Trd, 000191.333, 170
Trd, 000191.900, 175
Trd, 000192.550, 177
Trd, 000193.817, 178
Trd, 000194.083, 180
Trd, 000194.633, 177
Trd, 000194.683, 180
Trd, 000194.783, 176
Trd, 000195.100, 170
Trd, 000195.900, 179
Trd, 000196.500, 180
Trd, 000198.033, 174
Trd, 000198.217, 173
Trd, 000198.417, 173
Trd, 000198.733, 173
Trd, 000199.350, 172
Trd, 000199.483, 173
Trd, 000200.250, 171
Trd, 000201.183, 158
Trd, 000202.367, 164
Trd, 000202.650, 163
Trd, 000202.750, 154
Trd, 000203.250, 159
Trd, 000204.133, 149
Trd, 000205.450, 162
Trd, 000205.617, 164
Trd, 000207.200, 163
Trd, 000208.367, 160
Trd, 000209.050, 164
Trd, 000209.183, 162
Trd, 000210.300, 162
Trd, 000211.067, 161
Trd, 000211.283, 160
Trd, 000211.317, 161
Trd, 000211.983, 162
Trd, 000212.717, 162
Trd, 000213.767, 162
Trd, 000213.883, 161
Trd, 000214.283, 163
Trd, 000214.367, 159
Trd, 000214.700, 164
Trd, 000215.133, 155
Trd, 000215.383, 149
Trd, 000215.500, 165
Trd, 000218.067, 162
Trd, 000218.167, 164
Trd, 000219.050, 166
Trd, 000219.500, 164
Trd, 000220.817, 166
Trd, 000221.317, 165
Trd, 000221.400, 163
Trd, 000221.650, 166
Trd, 000222.883, 162
Trd, 000223.867, 165
Trd, 000225.217, 165
Trd, 000225.350, 164
Trd, 000225.633, 164
Trd, 000225.767, 163
Trd, 000227.067, 165
Trd, 000227.583, 164
Trd, 000228.117, 164
Trd, 000228.600, 164
Trd, 000228.633, 165
Trd, 000229.217, 167
Trd, 000230.017, 165
Trd, 000230.483, 166
Trd, 000231.017, 165
Trd, 000231.033, 160
Trd, 000232.067, 163
Trd, 000233.217, 159
Trd, 000233.983, 160
Trd, 000234.267, 157
Trd, 000236.000, 161
Trd, 000236.417, 161
Trd, 000237.283, 161
Trd, 000237.767, 159
Trd, 000238.300, 161
Trd, 000238.550, 161
Trd, 000238.833, 158
Trd, 000239.450, 162
Trd, 000240.367, 162
Trd, 000240.517, 163
Trd, 000240.783, 162
Trd, 000241.233, 163
Trd, 000241.383, 163
Trd, 000241.533, 162
Trd, 000241.783, 163
Trd, 000242.367, 164
Trd, 000242.617, 161
Trd, 000243.017, 165
Trd, 000243.283, 164
Trd, 000243.350, 168
Trd, 000244.133, 163
Trd, 000244.333, 163
Trd, 000245.417, 161
Trd, 000245.500, 163
Trd, 000245.583, 165
Trd, 000245.883, 166
Trd, 000246.833, 166
Trd, 000247.000, 167
Trd, 000247.050, 169
Trd, 000247.450, 170
Trd, 000247.883, 172
Trd, 000248.850, 171
Trd, 000249.033, 172
Trd, 000249.167, 172
Trd, 000249.400, 171
Trd, 000250.617, 185
Trd, 000250.783, 173
Trd, 000251.183, 175
Trd, 000251.867, 173
Trd, 000252.150, 172
Trd, 000252.533, 170
Trd, 000252.767, 169
Trd, 000253.283, 171
Trd, 000253.950, 170
Trd, 000254.900, 165
Trd, 000255.683, 167
Trd, 000256.000, 168
Trd, 000256.067, 168
Trd, 000256.133, 162
Trd, 000256.383, 168
Trd, 000257.417, 160
Trd, 000257.517, 160
Trd, 000257.850, 169
Trd, 000258.517, 171
Trd, 000258.800, 170
Trd, 000259.517, 174
Trd, 000260.267, 169
Trd, 000260.600, 169
Trd, 000261.283, 169
Trd, 000261.567, 168
Trd, 000261.750, 168
Trd, 000262.350, 170
Trd, 000262.483, 167
Trd, 000262.733, 170
Trd, 000263.283, 170
Trd, 000263.317, 174
Trd, 000263.833, 177
Trd, 000263.950, 178
Trd, 000264.033, 179
Trd, 000264.167, 175
Trd, 000264.883, 175
Trd, 000265.150, 174
Trd, 000265.950, 173
Trd, 000266.083, 171
Trd, 000267.233, 175
Trd, 000267.467, 175
Trd, 000267.817, 175
Trd, 000267.867, 170
Trd, 000268.067, 176
Trd, 000268.850, 172
Trd, 000268.900, 175
Trd, 000269.467, 176
Trd, 000270.233, 182
Trd, 000270.250, 181
Trd, 000270.283, 175
Trd, 000270.650, 180
Trd, 000271.000, 187
Trd, 000271.417, 175
Trd, 000271.883, 187
Trd, 000273.383, 181
Trd, 000273.850, 175
Trd, 000274.150, 177
Trd, 000275.317, 178
Trd, 000275.533, 174
Trd, 000275.650, 173
Trd, 000275.750, 172
Trd, 000276.333, 167
Trd, 000277.283, 171
Trd, 000277.317, 171
Trd, 000277.700, 172
Trd, 000277.833, 173
Trd, 000278.383, 174
Trd, 000278.483, 173
Trd, 000279.133, 181
Trd, 000279.167, 174
Trd, 000279.250, 182
Trd, 000280.033, 185
Trd, 000280.317, 184
Trd, 000280.700, 181
Trd, 000280.950, 175
Trd, 000282.467, 181
Trd, 000282.767, 182
Trd, 000283.050, 181
Trd, 000283.500, 182
Trd, 000283.683, 182
Trd, 000283.717, 183
Trd, 000283.950, 180
Trd, 000284.017, 186
Trd, 000284.733, 193
Trd, 000285.100, 190
Trd, 000285.533, 188
Trd, 000286.500, 183
Trd, 000286.633, 188
Trd, 000287.000, 182
Trd, 000287.350, 188
Trd, 000287.417, 189
Trd, 000287.850, 177
Trd, 000288.000, 182
Trd, 000289.583, 191
Trd, 000289.617, 177
Trd, 000290.317, 164
Trd, 000290.800, 164
Trd, 000290.900, 180
Trd, 000291.617, 175
Trd, 000291.733, 173
Trd, 000292.317, 168
Trd, 000292.600, 173
Trd, 000292.767, 164
Trd, 000293.217, 175
Trd, 000293.317, 163
Trd, 000293.567, 176
Trd, 000293.733, 163
Trd, 000294.233, 157
Trd, 000294.400, 177
Trd, 000294.583, 184
Trd, 000296.233, 170
Trd, 000296.350, 177
Trd, 000296.500, 169
Trd, 000296.967, 174
Trd, 000297.250, 174
Trd, 000297.767, 176
Trd, 000298.950, 171
Trd, 000299.167, 175
Trd, 000299.317, 178
Trd, 000299.550, 184
Trd, 000299.817, 183
