Trd, 000003.500, 134
Trd, 000003.967, 134
Trd, 000004.083, 138
Trd, 000005.017, 143
Trd, 000005.083, 136
Trd, 000005.317, 134
Trd, 000005.550, 135
Trd, 000006.733, 144
Trd, 000007.067, 145
Trd, 000007.550, 140
Trd, 000009.317, 138
Trd, 000009.817, 135
Trd, 000010.817, 135
Trd, 000011.383, 135
Trd, 000011.600, 134
Trd, 000012.567, 131
Trd, 000013.000, 140
Trd, 000013.583, 134
Trd, 000014.683, 134
Trd, 000015.017, 135
Trd, 000015.450, 136
Trd, 000016.850, 139
Trd, 000017.717, 150
Trd, 000018.083, 139
Trd, 000019.400, 134
Trd, 000019.500, 155
Trd, 000019.933, 146
Trd, 000020.133, 133
Trd, 000020.367, 141
Trd, 000020.383, 158
Trd, 000020.900, 141
Trd, 000021.017, 142
Trd, 000021.483, 146
Trd, 000023.083, 156
Trd, 000024.150, 153
Trd, 000024.433, 154
Trd, 000026.067, 147
Trd, 000026.283, 152
Trd, 000026.933, 151
Trd, 000028.583, 149
Trd, 000029.367, 138
Trd, 000029.633, 142
Trd, 000029.667, 144
Trd, 000029.717, 154
Trd, 000030.583, 141
Trd, 000030.883, 148
Trd, 000031.650, 141
Trd, 000032.483, 146
Trd, 000033.783, 144
Trd, 000033.867, 140
Trd, 000034.033, 145
Trd, 000034.117, 135
Trd, 000035.433, 140
Trd, 000036.783, 142
Trd, 000036.800, 143
Trd, 000037.583, 142
Trd, 000038.617, 143
Trd, 000038.650, 142
Trd, 000038.950, 138
Trd, 000039.300, 141
Trd, 000039.317, 145
Trd, 000040.067, 153
Trd, 000040.283, 164
Trd, 000041.633, 163
Trd, 000042.367, 155
Trd, 000043.083, 134
Trd, 000043.583, 142
Trd, 000043.717, 136
Trd, 000045.183, 153
Trd, 000045.317, 143
Trd, 000045.367, 167
Trd, 000046.533, 144
Trd, 000046.800, 164
Trd, 000047.533, 157
Trd, 000047.700, 160
Trd, 000048.133, 150
Trd, 000050.000, 145
Trd, 000050.233, 145
Trd, 000050.483, 143
Trd, 000050.583, 147
Trd, 000050.867, 142
Trd, 000051.150, 148
Trd, 000052.067, 145
Trd, 000052.183, 148
Trd, 000053.167, 144
Trd, 000053.583, 143
Trd, 000054.067, 146
Trd, 000054.300, 146
Trd, 000054.367, 147
Trd, 000056.667, 162
Trd, 000056.833, 149
Trd, 000057.517, 148
Trd, 000058.317, 154
Trd, 000058.350, 153
Trd, 000059.317, 152
Trd, 000060.617, 148
Trd, 000060.833, 153
Trd, 000062.033, 153
Trd, 000062.700, 148
Trd, 000064.250, 149
Trd, 000064.317, 146
Trd, 000064.650, 155
Trd, 000064.733, 144
Trd, 000065.500, 156
Trd, 000065.567, 161
Trd, 000066.083, 165
Trd, 000066.750, 145
Trd, 000066.783, 144
Trd, 000067.183, 146
Trd, 000067.683, 137
Trd, 000069.283, 165
Trd, 000070.750, 147
Trd, 000071.550, 158
Trd, 000071.650, 162
Trd, 000072.667, 151
Trd, 000074.200, 160
Trd, 000075.100, 156
Trd, 000075.317, 155
Trd, 000075.817, 153
Trd, 000075.867, 150
Trd, 000076.233, 149
Trd, 000078.617, 150
Trd, 000078.633, 148
Trd, 000078.667, 156
Trd, 000079.067, 157
Trd, 000079.133, 160
Trd, 000080.583, 148
Trd, 000080.867, 144
Trd, 000083.733, 158
Trd, 000084.850, 150
Trd, 000085.000, 148
Trd, 000085.350, 145
Trd, 000086.583, 148
Trd, 000087.100, 149
Trd, 000087.383, 147
Trd, 000088.667, 163
Trd, 000088.817, 154
Trd, 000089.433, 149
Trd, 000090.250, 164
Trd, 000090.967, 166
Trd, 000091.083, 151
Trd, 000091.383, 150
Trd, 000091.467, 167
Trd, 000091.517, 149
Trd, 000092.517, 148
Trd, 000093.267, 154
Trd, 000093.667, 146
Trd, 000094.483, 167
Trd, 000094.783, 168
Trd, 000095.950, 138
Trd, 000097.033, 151
Trd, 000097.217, 151
Trd, 000097.650, 150
Trd, 000097.817, 165
Trd, 000097.917, 146
Trd, 000098.750, 164
Trd, 000100.000, 152
Trd, 000100.283, 156
Trd, 000101.850, 152
Trd, 000102.333, 151
Trd, 000103.467, 152
Trd, 000104.433, 149
Trd, 000105.450, 152
Trd, 000105.950, 149
Trd, 000106.133, 147
Trd, 000106.333, 137
Trd, 000107.900, 148
Trd, 000107.933, 150
Trd, 000109.100, 151
Trd, 000109.517, 152
Trd, 000109.633, 151
Trd, 000109.867, 166
Trd, 000110.067, 167
Trd, 000110.450, 150
Trd, 000110.950, 150
Trd, 000111.367, 150
Trd, 000111.550, 159
Trd, 000112.017, 149
Trd, 000112.150, 160
Trd, 000113.250, 151
Trd, 000114.150, 166
Trd, 000115.450, 150
Trd, 000115.917, 155
Trd, 000117.383, 151
Trd, 000118.017, 152
Trd, 000118.933, 150
Trd, 000119.200, 152
Trd, 000120.150, 150
Trd, 000120.467, 150
Trd, 000120.550, 149
Trd, 000120.617, 143
Trd, 000120.683, 153
Trd, 000121.450, 169
Trd, 000121.483, 170
Trd, 000122.300, 185
Trd, 000122.383, 187
Trd, 000122.433, 202
Trd, 000123.367, 208
Trd, 000124.267, 251
Trd, 000124.400, 281
Trd, 000124.500, 291
Trd, 000125.883, 307
Trd, 000126.517, 313.0
Trd, 000126.700, 317.0
Trd, 000126.817, 320.0
Trd, 000127.133, 320
Trd, 000127.367, 324.0
Trd, 000127.833, 340
Trd, 000128.417, 325
Trd, 000129.117, 334.0
Trd, 000130.133, 337.0
Trd, 000131.317, 339.0
Trd, 000131.533, 329
Trd, 000132.000, 331
Trd, 000133.583, 341.0
Trd, 000133.600, 332.0
Trd, 000134.333, 332.0
Trd, 000134.417, 329
Trd, 000134.683, 333.0
Trd, 000135.850, 328.0
Trd, 000136.567, 334.0
Trd, 000136.850, 337
Trd, 000136.983, 342
Trd, 000137.683, 341
Trd, 000138.100, 328
Trd, 000138.717, 328.0
Trd, 000140.483, 337
Trd, 000141.200, 337.0
Trd, 000141.967, 330
Trd, 000143.200, 348
Trd, 000143.317, 335
Trd, 000144.617, 336
Trd, 000145.967, 340.0
Trd, 000145.983, 339.0
Trd, 000147.417, 338
Trd, 000147.883, 338
Trd, 000148.600, 343
Trd, 000148.933, 337.0
Trd, 000149.233, 341
Trd, 000149.950, 354
Trd, 000150.617, 360
Trd, 000150.633, 340
Trd, 000150.750, 338
Trd, 000151.133, 336
Trd, 000151.833, 370
Trd, 000152.183, 334
Trd, 000155.000, 330
Trd, 000155.133, 329
Trd, 000156.200, 330.0
Trd, 000156.367, 327.0
Trd, 000156.633, 331.0
Trd, 000157.433, 327
Trd, 000157.483, 327
Trd, 000157.717, 334.0
Trd, 000158.033, 341.0
Trd, 000158.483, 347
Trd, 000158.883, 328.0
Trd, 000159.317, 356
Trd, 000159.417, 329
Trd, 000160.367, 339.0
Trd, 000160.867, 337.0
Trd, 000161.617, 332
Trd, 000161.967, 329
Trd, 000162.200, 329
Trd, 000163.367, 332
Trd, 000163.517, 341.0
Trd, 000163.867, 329.0
Trd, 000163.967, 340
Trd, 000164.400, 337.0
Trd, 000164.917, 340
Trd, 000166.133, 332.0
Trd, 000166.650, 333.0
Trd, 000166.900, 329
Trd, 000169.417, 331.0
Trd, 000169.667, 331
Trd, 000169.983, 334.0
Trd, 000170.533, 337.0
Trd, 000170.667, 347
Trd, 000170.750, 328
Trd, 000172.100, 327.0
Trd, 000172.150, 345
Trd, 000172.800, 334
Trd, 000173.683, 326
Trd, 000174.567, 330
Trd, 000174.867, 330.0
Trd, 000175.067, 329.0
Trd, 000176.033, 328.0
Trd, 000176.117, 327.0
Trd, 000176.467, 327
Trd, 000178.217, 327
Trd, 000178.267, 329
Trd, 000178.933, 328
Trd, 000179.067, 327
Trd, 000179.750, 326
Trd, 000180.200, 326.0
Trd, 000180.950, 329
Trd, 000181.017, 325.0
Trd, 000181.567, 331.0
Trd, 000181.967, 324.0
Trd, 000182.700, 327.0
Trd, 000183.417, 312
Trd, 000183.633, 262
Trd, 000184.583, 194
Trd, 000185.000, 190
Trd, 000185.583, 206
Trd, 000185.783, 192
Trd, 000186.517, 190
Trd, 000186.883, 191
Trd, 000187.033, 180
Trd, 000187.300, 166
Trd, 000187.533, 156
Trd, 000188.000, 183
Trd, 000188.617, 185
Trd, 000189.200, 159
Trd, 000190.633, 157
Trd, 000191.850, 159
Trd, 000192.850, 164
Trd, 000193.600, 159
Trd, 000194.033, 174
Trd, 000194.200, 156
Trd, 000195.150, 172
Trd, 000196.000, 172
Trd, 000196.350, 172
Trd, 000196.433, 171
Trd, 000196.683, 170
Trd, 000196.883, 164
Trd, 000199.400, 172
Trd, 000200.367, 167
Trd, 000200.433, 168
Trd, 000200.783, 161
Trd, 000201.233, 167
Trd, 000201.283, 160
Trd, 000202.450, 166
Trd, 000202.867, 158
Trd, 000203.933, 165
Trd, 000205.300, 162
Trd, 000205.533, 159
Trd, 000205.867, 170
Trd, 000206.500, 175
Trd, 000206.550, 174
Trd, 000206.617, 160
Trd, 000207.967, 159
Trd, 000208.417, 171
Trd, 000210.017, 166
Trd, 000210.100, 165
Trd, 000210.900, 166
Trd, 000211.950, 165
Trd, 000211.967, 164
Trd, 000212.050, 167
Trd, 000212.350, 161
Trd, 000212.400, 176
Trd, 000212.583, 158
Trd, 000215.767, 164
Trd, 000215.917, 165
Trd, 000216.217, 166
Trd, 000216.883, 166
Trd, 000217.350, 164
Trd, 000217.467, 162
Trd, 000217.600, 158
Trd, 000218.533, 167
Trd, 000220.050, 173
Trd, 000220.917, 172
Trd, 000221.833, 171
Trd, 000221.917, 170
Trd, 000221.967, 165
Trd, 000222.850, 162
Trd, 000223.633, 159
Trd, 000223.800, 170
Trd, 000225.167, 171
Trd, 000225.200, 170
Trd, 000225.983, 194
Trd, 000226.483, 184
Trd, 000227.200, 168
Trd, 000227.300, 163
Trd, 000229.083, 178
Trd, 000229.117, 179
Trd, 000230.017, 170
Trd, 000230.333, 160
Trd, 000231.083, 170
Trd, 000231.150, 163
Trd, 000232.700, 162
Trd, 000232.733, 169
Trd, 000232.950, 178
Trd, 000233.100, 181
Trd, 000233.283, 161
Trd, 000233.667, 155
Trd, 000234.483, 153
Trd, 000236.533, 170
Trd, 000236.833, 162
Trd, 000237.917, 167
Trd, 000237.950, 166
Trd, 000238.383, 171
Trd, 000239.333, 160
Trd, 000239.483, 154
Trd, 000239.750, 152
Trd, 000240.333, 154
Trd, 000240.683, 170
Trd, 000240.783, 182
Trd, 000241.917, 178
Trd, 000242.017, 183
Trd, 000242.350, 185
Trd, 000242.950, 184
Trd, 000243.533, 183
Trd, 000244.600, 189
Trd, 000244.950, 189
Trd, 000245.300, 187
Trd, 000246.500, 188
Trd, 000246.750, 182
Trd, 000247.017, 188
Trd, 000248.300, 183
Trd, 000248.333, 183
Trd, 000248.600, 183
Trd, 000249.700, 182
Trd, 000249.967, 180
Trd, 000250.350, 175
Trd, 000250.683, 174
Trd, 000251.700, 180
Trd, 000251.750, 179
Trd, 000252.183, 181
Trd, 000252.317, 181
Trd, 000253.500, 180
Trd, 000254.617, 179
Trd, 000254.817, 176
Trd, 000255.233, 176
Trd, 000255.417, 174
Trd, 000255.917, 173
Trd, 000256.367, 165
Trd, 000257.083, 169
Trd, 000257.283, 170
Trd, 000257.450, 166
Trd, 000258.200, 166
Trd, 000258.333, 171
Trd, 000258.750, 172
Trd, 000259.433, 169
Trd, 000259.467, 168
Trd, 000260.283, 174
Trd, 000260.350, 177
Trd, 000260.567, 166
Trd, 000261.300, 166
Trd, 000262.183, 177
Trd, 000262.550, 158
Trd, 000263.500, 171
Trd, 000264.000, 167
Trd, 000265.000, 171
Trd, 000265.383, 172
Trd, 000265.450, 174
Trd, 000265.600, 176
Trd, 000265.667, 177
Trd, 000265.900, 174
Trd, 000265.917, 181
Trd, 000267.833, 174
Trd, 000267.917, 175
Trd, 000268.533, 166
Trd, 000269.517, 175
Trd, 000269.733, 165
Trd, 000269.767, 176
Trd, 000270.800, 176
Trd, 000270.917, 178
Trd, 000271.417, 181
Trd, 000272.083, 179
Trd, 000272.183, 179
Trd, 000272.200, 178
Trd, 000272.217, 181
Trd, 000272.617, 181
Trd, 000273.133, 177
Trd, 000273.700, 177
Trd, 000273.950, 175
Trd, 000274.133, 178
Trd, 000274.183, 167
Trd, 000274.983, 180
Trd, 000276.283, 171
Trd, 000276.683, 181
Trd, 000276.700, 182
Trd, 000276.933, 185
Trd, 000278.417, 187
Trd, 000278.600, 195
Trd, 000279.533, 185
Trd, 000279.700, 183
Trd, 000280.050, 181
Trd, 000280.367, 176
Trd, 000281.017, 168
Trd, 000281.633, 173
Trd, 000281.933, 175
Trd, 000282.150, 174
Trd, 000282.367, 168
Trd, 000282.567, 175
Trd, 000283.100, 183
Trd, 000283.783, 180
Trd, 000284.400, 186
Trd, 000284.500, 176
Trd, 000284.800, 181
Trd, 000285.850, 178
Trd, 000285.917, 177
Trd, 000286.850, 178
Trd, 000287.500, 169
Trd, 000287.917, 179
Trd, 000288.100, 168
Trd, 000288.233, 182
Trd, 000288.750, 183
Trd, 000288.850, 187
Trd, 000289.200, 180
Trd, 000289.983, 197
Trd, 000290.100, 194
Trd, 000290.167, 201
Trd, 000290.617, 184
Trd, 000290.633, 180
Trd, 000291.050, 177
Trd, 000291.283, 192
Trd, 000292.083, 182
Trd, 000292.767, 177
Trd, 000292.833, 183
Trd, 000292.917, 169
Trd, 000293.083, 182
Trd, 000293.283, 168
Trd, 000294.633, 181
Trd, 000294.717, 182
Trd, 000295.117, 184
Trd, 000295.633, 177
Trd, 000296.167, 169
Trd, 000296.983, 166
Trd, 000297.817, 172
Trd, 000297.933, 168
Trd, 000298.300, 180
Trd, 000298.600, 181
Trd, 000298.733, 177
Trd, 000298.900, 178
Trd, 000299.150, 188
Trd, 000299.467, 188
Trd, 000299.600, 185
