Trd, 000000.833, 136
Trd, 000002.017, 161
Trd, 000002.167, 162
Trd, 000003.067, 170
Trd, 000003.550, 159
Trd, 000003.900, 159
Trd, 000004.667, 162
Trd, 000005.317, 159
Trd, 000005.567, 157
Trd, 000005.967, 152
Trd, 000006.000, 160
Trd, 000006.417, 162
Trd, 000006.867, 163
Trd, 000007.200, 166
Trd, 000009.283, 161
Trd, 000009.483, 152
Trd, 000009.750, 151
Trd, 000010.483, 160
Trd, 000011.033, 157
Trd, 000011.417, 160
Trd, 000012.583, 159
Trd, 000012.867, 159
Trd, 000013.483, 149
Trd, 000014.550, 155
Trd, 000015.133, 155
Trd, 000015.800, 153
Trd, 000015.883, 154
Trd, 000016.250, 153
Trd, 000016.633, 164
Trd, 000017.617, 160
Trd, 000017.800, 156
Trd, 000018.333, 151
Trd, 000018.700, 157
Trd, 000019.150, 161
Trd, 000020.233, 157
Trd, 000020.633, 157
Trd, 000021.450, 156
Trd, 000021.517, 157
Trd, 000021.833, 153
Trd, 000021.867, 158
Trd, 000022.200, 156
Trd, 000023.183, 152
Trd, 000024.167, 153
Trd, 000024.783, 155
Trd, 000025.000, 156
Trd, 000027.533, 156
Trd, 000027.800, 152
Trd, 000029.133, 153
Trd, 000029.283, 154
Trd, 000029.550, 155
Trd, 000029.767, 165
Trd, 000029.950, 153
Trd, 000030.133, 151
Trd, 000030.300, 159
Trd, 000031.517, 153
Trd, 000032.417, 152
Trd, 000032.517, 151
Trd, 000032.883, 152
Trd, 000033.683, 148
Trd, 000033.833, 148
Trd, 000034.117, 151
Trd, 000034.250, 150
Trd, 000035.583, 149
Trd, 000035.850, 151
Trd, 000036.333, 152
Trd, 000036.833, 151
Trd, 000038.467, 151
Trd, 000038.833, 151
Trd, 000039.167, 150
Trd, 000039.333, 151
Trd, 000039.933, 152
Trd, 000040.567, 154
Trd, 000040.850, 153
Trd, 000042.050, 148
Trd, 000043.417, 147
Trd, 000043.900, 149
Trd, 000044.033, 152
Trd, 000044.733, 152
Trd, 000045.583, 153
Trd, 000045.983, 152
Trd, 000046.233, 152
Trd, 000046.800, 152
Trd, 000047.417, 153
Trd, 000047.567, 160
Trd, 000047.883, 160
Trd, 000048.300, 152
Trd, 000048.517, 153
Trd, 000049.733, 153
Trd, 000050.000, 154
Trd, 000050.933, 167
Trd, 000051.217, 157
Trd, 000051.733, 157
Trd, 000051.850, 162
Trd, 000053.817, 166
Trd, 000053.900, 170
Trd, 000054.250, 168
Trd, 000055.000, 155
Trd, 000057.217, 166
Trd, 000057.583, 171
Trd, 000057.617, 171
Trd, 000058.133, 163
Trd, 000058.517, 162
Trd, 000059.333, 174
Trd, 000059.867, 157
Trd, 000060.050, 182
Trd, 000060.700, 167
Trd, 000060.800, 168
Trd, 000062.283, 161
Trd, 000062.567, 163
Trd, 000062.983, 157
Trd, 000063.233, 162
Trd, 000063.633, 163
Trd, 000063.667, 154
Trd, 000065.667, 162
Trd, 000065.717, 161
Trd, 000065.817, 161
Trd, 000065.950, 168
Trd, 000067.267, 155
Trd, 000067.500, 163
Trd, 000067.767, 165
Trd, 000070.650, 158
Trd, 000070.833, 157
Trd, 000071.600, 158
Trd, 000071.650, 160
Trd, 000071.933, 160
Trd, 000072.900, 160
Trd, 000073.000, 161
Trd, 000073.933, 158
Trd, 000074.433, 160
Trd, 000074.550, 160
Trd, 000076.400, 161
Trd, 000076.667, 156
Trd, 000077.800, 161
Trd, 000078.150, 161
Trd, 000079.183, 159
Trd, 000079.550, 157
Trd, 000080.850, 159
Trd, 000081.000, 158
Trd, 000081.650, 158
Trd, 000082.933, 157
Trd, 000083.350, 158
Trd, 000083.500, 157
Trd, 000084.017, 156
Trd, 000084.900, 159
Trd, 000085.250, 158
Trd, 000086.067, 156
Trd, 000086.150, 155
Trd, 000086.833, 157
Trd, 000087.000, 157
Trd, 000087.983, 161
Trd, 000089.117, 162
Trd, 000089.583, 170
Trd, 000089.667, 181
Trd, 000090.200, 165
Trd, 000091.450, 162
Trd, 000092.400, 165
Trd, 000092.483, 166
Trd, 000092.700, 171
Trd, 000094.117, 162
Trd, 000095.217, 162
Trd, 000096.000, 158
Trd, 000096.183, 159
Trd, 000096.233, 160
Trd, 000096.950, 160
Trd, 000098.200, 160
Trd, 000098.583, 160
Trd, 000098.750, 160
Trd, 000099.017, 162
Trd, 000100.150, 159
Trd, 000100.933, 161
Trd, 000101.350, 161
Trd, 000101.433, 175
Trd, 000101.900, 163
Trd, 000102.650, 164
Trd, 000103.067, 162
Trd, 000103.117, 160
Trd, 000103.683, 158
Trd, 000104.150, 152
Trd, 000104.533, 151
Trd, 000104.900, 161
Trd, 000105.867, 153
Trd, 000106.117, 158
Trd, 000106.250, 158
Trd, 000107.467, 156
Trd, 000108.133, 157
Trd, 000108.200, 157
Trd, 000108.833, 158
Trd, 000108.950, 158
Trd, 000109.767, 157
Trd, 000109.950, 155
Trd, 000111.633, 158
Trd, 000111.717, 158
Trd, 000111.900, 156
Trd, 000113.267, 159
Trd, 000113.500, 173
Trd, 000113.617, 176
Trd, 000114.550, 159
Trd, 000115.583, 158
Trd, 000115.767, 157
Trd, 000115.900, 160
Trd, 000116.467, 156
Trd, 000117.033, 160
Trd, 000117.367, 162
Trd, 000117.917, 160
Trd, 000118.733, 160
Trd, 000119.300, 162
Trd, 000120.750, 161
Trd, 000121.383, 160
Trd, 000122.083, 174
Trd, 000122.100, 184
Trd, 000122.417, 187
Trd, 000122.850, 198
Trd, 000123.050, 205
Trd, 000123.483, 212
Trd, 000124.333, 320.0
Trd, 000124.767, 324.0
Trd, 000125.117, 327
Trd, 000125.233, 340
Trd, 000125.550, 344
Trd, 000127.050, 348.0
Trd, 000127.233, 341
Trd, 000127.750, 361.0
Trd, 000128.233, 350
Trd, 000128.367, 362.0
Trd, 000128.717, 351
Trd, 000129.883, 348.0
Trd, 000130.417, 354
Trd, 000130.517, 341
Trd, 000131.133, 344
Trd, 000131.667, 354
Trd, 000131.867, 356
Trd, 000132.350, 362.0
Trd, 000132.567, 364.0
Trd, 000133.833, 358
Trd, 000134.200, 347
Trd, 000134.500, 346
Trd, 000134.633, 358
Trd, 000135.800, 348.0
Trd, 000135.900, 359
Trd, 000136.267, 348.0
Trd, 000137.333, 347
Trd, 000138.017, 355
Trd, 000139.017, 358
Trd, 000139.133, 351
Trd, 000139.917, 351.0
Trd, 000140.250, 357
Trd, 000141.067, 351
Trd, 000141.133, 358
Trd, 000141.983, 358
Trd, 000142.217, 359
Trd, 000142.500, 348
Trd, 000142.750, 362.0
Trd, 000142.950, 348.0
Trd, 000143.083, 365.0
Trd, 000144.250, 365
Trd, 000144.917, 360
Trd, 000146.333, 350
Trd, 000146.417, 351
Trd, 000147.333, 352
Trd, 000147.617, 348
Trd, 000148.083, 359
Trd, 000148.717, 357
Trd, 000149.567, 346
Trd, 000150.700, 352
Trd, 000150.750, 353
Trd, 000152.550, 350
Trd, 000153.050, 352
Trd, 000153.183, 348.0
Trd, 000153.933, 348
Trd, 000154.100, 348
Trd, 000154.150, 345
Trd, 000154.417, 354
Trd, 000155.083, 352
Trd, 000157.100, 346
Trd, 000157.583, 344
Trd, 000157.667, 351
Trd, 000158.067, 352
Trd, 000159.700, 348.0
Trd, 000160.167, 352
Trd, 000160.433, 352
Trd, 000161.350, 349
Trd, 000161.650, 349
Trd, 000163.567, 352
Trd, 000164.633, 348
Trd, 000164.983, 351
Trd, 000165.750, 349
Trd, 000165.767, 353
Trd, 000165.850, 353
Trd, 000166.817, 348.0
Trd, 000167.500, 351
Trd, 000168.000, 350
Trd, 000169.750, 347.0
Trd, 000169.917, 342
Trd, 000170.583, 348.0
Trd, 000170.617, 344
Trd, 000171.367, 354
Trd, 000171.467, 355
Trd, 000173.717, 352
Trd, 000173.767, 351
Trd, 000174.033, 350
Trd, 000174.433, 348.0
Trd, 000175.050, 348.0
Trd, 000175.183, 356
Trd, 000175.233, 343
Trd, 000176.433, 349
Trd, 000177.800, 346
Trd, 000178.533, 347
Trd, 000179.583, 347
Trd, 000179.817, 347
Trd, 000179.917, 349
Trd, 000180.117, 362.0
Trd, 000180.650, 360
Trd, 000180.767, 363
Trd, 000182.200, 346
Trd, 000182.700, 345
Trd, 000183.667, 334
Trd, 000183.783, 283
Trd, 000184.167, 289
Trd, 000184.467, 218
Trd, 000184.883, 216
Trd, 000185.417, 193
Trd, 000186.050, 200
Trd, 000186.367, 186
Trd, 000186.667, 173
Trd, 000186.700, 170
Trd, 000187.400, 160
Trd, 000187.500, 174
Trd, 000187.750, 184
Trd, 000188.933, 187
Trd, 000189.600, 185
Trd, 000189.683, 184
Trd, 000189.867, 191
Trd, 000190.067, 167
Trd, 000190.917, 167
Trd, 000191.850, 178
Trd, 000192.700, 172
Trd, 000194.267, 170
Trd, 000195.100, 168
Trd, 000195.333, 167
Trd, 000195.483, 166
Trd, 000195.800, 169
Trd, 000196.217, 168
Trd, 000196.867, 169
Trd, 000197.717, 170
Trd, 000198.050, 170
Trd, 000198.700, 181
Trd, 000198.783, 185
Trd, 000199.000, 170
Trd, 000199.450, 181
Trd, 000199.900, 177
Trd, 000200.250, 185
Trd, 000202.550, 176
Trd, 000203.350, 175
Trd, 000205.167, 174
Trd, 000206.033, 171
Trd, 000206.067, 176
Trd, 000207.700, 174
Trd, 000208.317, 174
Trd, 000208.683, 175
Trd, 000208.750, 176
Trd, 000210.100, 174
Trd, 000210.650, 172
Trd, 000211.333, 173
Trd, 000211.667, 174
Trd, 000212.233, 171
Trd, 000212.867, 176
Trd, 000213.000, 186
Trd, 000213.867, 176
Trd, 000214.183, 173
Trd, 000214.733, 176
Trd, 000214.983, 180
Trd, 000217.350, 170
Trd, 000217.717, 170
Trd, 000217.767, 171
Trd, 000217.950, 170
Trd, 000217.983, 174
Trd, 000218.600, 165
Trd, 000218.833, 176
Trd, 000220.200, 172
Trd, 000220.383, 164
Trd, 000221.200, 172
Trd, 000221.483, 172
Trd, 000221.500, 172
Trd, 000222.100, 169
Trd, 000223.317, 181
Trd, 000224.767, 172
Trd, 000226.167, 171
Trd, 000226.250, 171
Trd, 000226.767, 171
Trd, 000227.050, 174
Trd, 000228.083, 174
Trd, 000228.400, 175
Trd, 000228.433, 171
Trd, 000228.633, 177
Trd, 000229.667, 182
Trd, 000230.000, 177
Trd, 000230.317, 174
Trd, 000231.500, 176
Trd, 000231.633, 174
Trd, 000232.383, 166
Trd, 000233.000, 171
Trd, 000233.583, 171
Trd, 000234.833, 171
Trd, 000235.033, 170
Trd, 000235.267, 170
Trd, 000236.000, 170
Trd, 000236.967, 171
Trd, 000237.083, 169
Trd, 000237.650, 185
Trd, 000238.800, 180
Trd, 000238.900, 189
Trd, 000239.100, 199
Trd, 000240.117, 172
Trd, 000240.617, 172
Trd, 000240.767, 173
Trd, 000241.383, 177
Trd, 000242.100, 175
Trd, 000242.650, 176
Trd, 000242.933, 178
Trd, 000243.417, 175
Trd, 000244.467, 175
Trd, 000245.300, 174
Trd, 000245.783, 172
Trd, 000246.100, 173
Trd, 000246.450, 186
Trd, 000246.533, 176
Trd, 000246.967, 185
Trd, 000247.850, 170
Trd, 000248.333, 169
Trd, 000248.533, 170
Trd, 000249.200, 170
Trd, 000249.233, 171
Trd, 000249.683, 171
Trd, 000249.800, 170
Trd, 000250.400, 170
Trd, 000250.767, 169
Trd, 000250.800, 170
Trd, 000250.817, 173
Trd, 000251.500, 176
Trd, 000251.917, 170
Trd, 000252.200, 176
Trd, 000252.300, 173
Trd, 000252.800, 168
Trd, 000253.917, 169
Trd, 000253.983, 167
Trd, 000254.633, 170
Trd, 000254.917, 170
Trd, 000255.017, 171
Trd, 000255.283, 169
Trd, 000255.450, 172
Trd, 000255.617, 169
Trd, 000256.550, 171
Trd, 000256.933, 172
Trd, 000257.367, 171
Trd, 000258.083, 171
Trd, 000258.467, 172
Trd, 000258.650, 173
Trd, 000259.633, 174
Trd, 000260.050, 174
Trd, 000260.533, 174
Trd, 000260.633, 173
Trd, 000260.700, 174
Trd, 000260.850, 173
Trd, 000261.700, 172
Trd, 000262.550, 173
Trd, 000264.017, 173
Trd, 000264.067, 173
Trd, 000264.450, 172
Trd, 000266.367, 174
Trd, 000266.433, 171
Trd, 000267.683, 171
Trd, 000267.800, 174
Trd, 000267.967, 173
Trd, 000268.183, 175
Trd, 000268.400, 172
Trd, 000268.633, 177
Trd, 000269.950, 164
Trd, 000270.367, 164
Trd, 000270.617, 165
Trd, 000270.800, 165
Trd, 000270.817, 170
Trd, 000271.417, 175
Trd, 000271.433, 171
Trd, 000271.600, 184
Trd, 000271.900, 183
Trd, 000272.583, 180
Trd, 000272.967, 175
Trd, 000273.033, 181
Trd, 000273.867, 177
Trd, 000274.667, 181
Trd, 000275.050, 178
Trd, 000275.400, 180
Trd, 000275.717, 181
Trd, 000275.833, 188
Trd, 000276.333, 179
Trd, 000277.150, 183
Trd, 000277.433, 185
Trd, 000278.000, 182
Trd, 000278.600, 186
Trd, 000279.133, 184
Trd, 000279.267, 185
Trd, 000279.783, 179
Trd, 000280.250, 188
Trd, 000281.167, 190
Trd, 000281.267, 190
Trd, 000281.283, 181
Trd, 000281.733, 171
Trd, 000281.767, 185
Trd, 000282.200, 176
Trd, 000283.783, 175
Trd, 000284.083, 174
Trd, 000284.383, 175
Trd, 000284.533, 179
Trd, 000284.633, 176
Trd, 000285.200, 178
Trd, 000286.800, 179
Trd, 000286.850, 178
Trd, 000287.300, 178
Trd, 000287.400, 179
Trd, 000287.450, 176
Trd, 000287.533, 181
Trd, 000287.750, 191
Trd, 000287.833, 171
Trd, 000288.150, 187
Trd, 000288.783, 177
Trd, 000289.367, 176
Trd, 000289.983, 177
Trd, 000290.000, 178
Trd, 000290.083, 175
Trd, 000290.183, 178
Trd, 000292.050, 172
Trd, 000292.700, 175
Trd, 000293.217, 171
Trd, 000293.450, 173
Trd, 000293.483, 171
Trd, 000293.550, 174
Trd, 000294.000, 173
Trd, 000294.150, 175
Trd, 000295.033, 178
Trd, 000295.333, 191
Trd, 000296.250, 177
Trd, 000296.683, 181
Trd, 000297.367, 180
Trd, 000298.500, 182
Trd, 000298.600, 182
Trd, 000299.517, 178
