Trd, 000002.400, 113
Trd, 000002.500, 116
Trd, 000002.667, 139
Trd, 000002.867, 140
Trd, 000004.017, 131
Trd, 000004.267, 130
Trd, 000004.450, 134
Trd, 000004.633, 137
Trd, 000004.867, 144
Trd, 000005.417, 132
Trd, 000006.350, 173
Trd, 000007.167, 174
Trd, 000007.917, 163
Trd, 000008.017, 163
Trd, 000008.083, 154
Trd, 000009.050, 166
Trd, 000009.150, 166
Trd, 000009.600, 149
Trd, 000009.750, 159
Trd, 000011.450, 161
Trd, 000011.617, 160
Trd, 000012.017, 159
Trd, 000012.650, 156
Trd, 000013.483, 154
Trd, 000014.100, 155
Trd, 000014.400, 155
Trd, 000014.667, 155
Trd, 000015.150, 155
Trd, 000015.550, 155
Trd, 000015.783, 154
Trd, 000016.483, 154
Trd, 000016.900, 150
Trd, 000016.933, 156
Trd, 000017.483, 163
Trd, 000018.200, 162
Trd, 000018.883, 162
Trd, 000018.967, 161
Trd, 000019.167, 165
Trd, 000020.267, 160
Trd, 000020.433, 162
Trd, 000020.917, 164
Trd, 000021.317, 161
Trd, 000021.650, 156
Trd, 000023.167, 175
Trd, 000023.500, 175
Trd, 000023.750, 174
Trd, 000024.367, 172
Trd, 000024.417, 153
Trd, 000024.600, 160
Trd, 000025.067, 153
Trd, 000025.483, 177
Trd, 000025.733, 154
Trd, 000026.617, 165
Trd, 000028.250, 164
Trd, 000028.700, 164
Trd, 000028.717, 165
Trd, 000029.017, 153
Trd, 000029.467, 155
Trd, 000030.667, 162
Trd, 000031.550, 161
Trd, 000032.200, 161
Trd, 000032.500, 158
Trd, 000032.650, 157
Trd, 000033.217, 157
Trd, 000033.383, 162
Trd, 000033.683, 153
Trd, 000033.900, 151
Trd, 000034.200, 161
Trd, 000036.167, 158
Trd, 000036.200, 159
Trd, 000036.683, 157
Trd, 000036.767, 155
Trd, 000037.400, 158
Trd, 000037.717, 158
Trd, 000038.367, 157
Trd, 000039.733, 157
Trd, 000040.133, 158
Trd, 000040.217, 159
Trd, 000040.283, 166
Trd, 000041.333, 155
Trd, 000041.950, 153
Trd, 000042.233, 152
Trd, 000042.300, 152
Trd, 000042.400, 170
Trd, 000043.217, 155
Trd, 000043.733, 154
Trd, 000043.917, 155
Trd, 000044.883, 155
Trd, 000044.950, 157
Trd, 000046.267, 156
Trd, 000046.533, 155
Trd, 000048.533, 156
Trd, 000048.683, 157
Trd, 000048.767, 158
Trd, 000049.417, 155
Trd, 000050.300, 155
Trd, 000050.383, 153
Trd, 000050.650, 153
Trd, 000051.283, 153
Trd, 000051.400, 154
Trd, 000052.800, 153
Trd, 000053.383, 152
Trd, 000053.550, 151
Trd, 000053.950, 153
Trd, 000054.017, 153
Trd, 000054.783, 154
Trd, 000055.517, 157
Trd, 000055.567, 154
Trd, 000056.333, 157
Trd, 000057.783, 159
Trd, 000058.433, 160
Trd, 000058.833, 157
Trd, 000059.167, 156
Trd, 000060.000, 157
Trd, 000060.167, 157
Trd, 000060.800, 158
Trd, 000061.000, 158
Trd, 000061.050, 159
Trd, 000061.083, 157
Trd, 000061.450, 164
Trd, 000062.383, 166
Trd, 000062.883, 167
Trd, 000063.567, 168
Trd, 000063.783, 167
Trd, 000064.417, 166
Trd, 000064.567, 162
Trd, 000064.767, 162
Trd, 000065.050, 165
Trd, 000066.367, 160
Trd, 000066.417, 165
Trd, 000066.667, 155
Trd, 000067.133, 164
Trd, 000067.883, 162
Trd, 000068.133, 161
Trd, 000068.600, 155
Trd, 000068.633, 153
Trd, 000069.083, 158
Trd, 000069.733, 157
Trd, 000069.950, 157
Trd, 000070.317, 157
Trd, 000070.367, 155
Trd, 000071.517, 157
Trd, 000071.617, 160
Trd, 000072.283, 157
Trd, 000072.383, 158
Trd, 000072.500, 158
Trd, 000074.050, 162
Trd, 000074.200, 161
Trd, 000075.267, 163
Trd, 000075.433, 166
Trd, 000075.900, 157
Trd, 000076.383, 159
Trd, 000076.900, 163
Trd, 000077.100, 158
Trd, 000077.200, 158
Trd, 000077.400, 165
Trd, 000077.600, 157
Trd, 000078.300, 167
Trd, 000078.733, 168
Trd, 000079.133, 166
Trd, 000080.567, 163
Trd, 000081.250, 162
Trd, 000082.333, 163
Trd, 000082.750, 162
Trd, 000083.383, 161
Trd, 000083.450, 162
Trd, 000083.750, 170
Trd, 000084.383, 166
Trd, 000084.783, 170
Trd, 000085.433, 170
Trd, 000085.783, 172
Trd, 000085.967, 172
Trd, 000086.050, 173
Trd, 000086.133, 173
Trd, 000086.333, 171
Trd, 000086.767, 162
Trd, 000087.983, 158
Trd, 000088.417, 164
Trd, 000089.267, 164
Trd, 000090.033, 158
Trd, 000090.350, 155
Trd, 000091.183, 156
Trd, 000091.267, 155
Trd, 000091.550, 156
Trd, 000091.883, 157
Trd, 000092.117, 153
Trd, 000092.350, 158
Trd, 000092.717, 156
Trd, 000094.150, 156
Trd, 000094.600, 155
Trd, 000094.917, 154
Trd, 000095.183, 155
Trd, 000095.467, 154
Trd, 000096.500, 164
Trd, 000096.767, 164
Trd, 000097.183, 171
Trd, 000097.933, 164
Trd, 000098.833, 160
Trd, 000098.983, 168
Trd, 000099.083, 169
Trd, 000099.100, 168
Trd, 000099.517, 170
Trd, 000100.483, 171
Trd, 000100.733, 161
Trd, 000101.283, 160
Trd, 000102.250, 161
Trd, 000103.367, 162
Trd, 000103.700, 166
Trd, 000104.783, 164
Trd, 000105.050, 166
Trd, 000105.417, 165
Trd, 000105.433, 164
Trd, 000106.083, 165
Trd, 000106.533, 165
Trd, 000106.867, 168
Trd, 000107.450, 166
Trd, 000107.617, 171
Trd, 000108.433, 171
Trd, 000109.267, 164
Trd, 000110.083, 166
Trd, 000110.350, 165
Trd, 000110.650, 166
Trd, 000110.883, 165
Trd, 000111.017, 168
Trd, 000111.383, 164
Trd, 000111.533, 164
Trd, 000112.083, 161
Trd, 000113.167, 166
Trd, 000113.600, 166
Trd, 000114.500, 166
Trd, 000114.700, 165
Trd, 000115.300, 165
Trd, 000115.367, 164
Trd, 000115.517, 163
Trd, 000115.550, 166
Trd, 000116.183, 161
Trd, 000116.967, 170
Trd, 000117.200, 173
Trd, 000118.000, 166
Trd, 000118.583, 166
Trd, 000118.900, 169
Trd, 000119.500, 167
Trd, 000119.683, 165
Trd, 000120.300, 165
Trd, 000120.683, 166
Trd, 000120.967, 165
Trd, 000121.150, 166
Trd, 000121.550, 170
Trd, 000122.083, 174
Trd, 000122.333, 180
Trd, 000123.033, 212
Trd, 000123.817, 278
Trd, 000123.900, 278
Trd, 000123.950, 289
Trd, 000124.633, 306.0
Trd, 000124.717, 309
Trd, 000124.850, 320.0
Trd, 000125.367, 303.0
Trd, 000125.550, 321
Trd, 000125.617, 327.0
Trd, 000125.717, 314
Trd, 000127.050, 318
Trd, 000127.283, 337.0
Trd, 000127.833, 329
Trd, 000128.150, 340.0
Trd, 000128.317, 327
Trd, 000128.583, 339.0
Trd, 000129.150, 339.0
Trd, 000129.883, 350.0
Trd, 000129.967, 353
Trd, 000130.417, 349.0
Trd, 000130.567, 348.0
Trd, 000131.450, 346
Trd, 000133.550, 354
Trd, 000133.750, 355
Trd, 000133.950, 354
Trd, 000134.150, 352
Trd, 000134.217, 362
Trd, 000134.367, 354
Trd, 000134.533, 353
Trd, 000134.567, 350
Trd, 000136.167, 358
Trd, 000136.267, 359
Trd, 000136.817, 353.0
Trd, 000137.267, 353.0
Trd, 000137.800, 354
Trd, 000137.867, 353.0
Trd, 000140.083, 357
Trd, 000140.367, 358
Trd, 000140.917, 352
Trd, 000141.267, 358.0
Trd, 000142.033, 358
Trd, 000142.267, 356
Trd, 000142.883, 355
Trd, 000143.017, 356
Trd, 000143.450, 355
Trd, 000144.200, 355
Trd, 000144.467, 355
Trd, 000144.900, 353
Trd, 000146.000, 355
Trd, 000146.233, 353
Trd, 000146.450, 348.0
Trd, 000147.217, 347
Trd, 000147.650, 357
Trd, 000149.183, 351.0
Trd, 000149.367, 355
Trd, 000149.400, 351.0
Trd, 000149.667, 349.0
Trd, 000150.833, 352
Trd, 000150.850, 348.0
Trd, 000151.383, 350
Trd, 000151.650, 351
Trd, 000152.167, 350
Trd, 000152.633, 350
Trd, 000154.267, 354
Trd, 000154.400, 358.0
Trd, 000154.517, 357
Trd, 000154.533, 353
Trd, 000154.550, 358
Trd, 000155.417, 355
Trd, 000155.950, 356
Trd, 000156.000, 357
Trd, 000156.167, 355
Trd, 000156.683, 354
Trd, 000157.617, 348.0
Trd, 000159.000, 343.0
Trd, 000159.150, 341.0
Trd, 000159.967, 344
Trd, 000160.283, 343
Trd, 000160.617, 343
Trd, 000160.733, 343
Trd, 000160.867, 346
Trd, 000161.367, 346
Trd, 000162.600, 353
Trd, 000162.683, 351
Trd, 000163.650, 350
Trd, 000163.733, 355
Trd, 000164.467, 352
Trd, 000165.233, 352
Trd, 000165.267, 350
Trd, 000165.400, 353
Trd, 000166.100, 350.0
Trd, 000167.183, 350
Trd, 000167.733, 351
Trd, 000168.033, 351
Trd, 000168.717, 352
Trd, 000168.950, 351
Trd, 000169.383, 351
Trd, 000170.017, 354
Trd, 000170.100, 354
Trd, 000170.150, 348.0
Trd, 000171.667, 355
Trd, 000172.017, 355
Trd, 000172.067, 356
Trd, 000172.650, 358.0
Trd, 000173.800, 356
Trd, 000174.033, 356
Trd, 000174.250, 354
Trd, 000174.733, 366
Trd, 000175.617, 356
Trd, 000175.883, 356
Trd, 000175.917, 353
Trd, 000176.233, 359
Trd, 000177.550, 355
Trd, 000178.333, 353
Trd, 000178.433, 355
Trd, 000179.067, 352
Trd, 000179.150, 350
Trd, 000179.433, 349
Trd, 000179.883, 358
Trd, 000180.067, 357
Trd, 000181.350, 352.0
Trd, 000182.317, 352.0
Trd, 000182.450, 351.0
Trd, 000182.650, 345
Trd, 000183.200, 344.0
Trd, 000183.400, 310
Trd, 000183.417, 309
Trd, 000183.550, 310
Trd, 000183.733, 214
Trd, 000185.167, 211
Trd, 000185.233, 194
Trd, 000185.700, 193
Trd, 000186.000, 194
Trd, 000186.767, 195
Trd, 000187.167, 194
Trd, 000188.050, 191
Trd, 000188.233, 190
Trd, 000188.967, 190
Trd, 000189.383, 189
Trd, 000189.650, 190
Trd, 000190.867, 189
Trd, 000190.967, 187
Trd, 000191.217, 187
Trd, 000191.600, 177
Trd, 000191.833, 189
Trd, 000192.900, 177
Trd, 000195.117, 182
Trd, 000196.667, 181
Trd, 000197.167, 180
Trd, 000197.600, 180
Trd, 000197.967, 180
Trd, 000198.733, 180
Trd, 000198.783, 180
Trd, 000199.383, 180
Trd, 000199.917, 178
Trd, 000199.967, 182
Trd, 000200.467, 175
Trd, 000201.967, 173
Trd, 000202.667, 178
Trd, 000202.800, 174
Trd, 000203.200, 178
Trd, 000204.117, 171
Trd, 000204.233, 182
Trd, 000204.833, 175
Trd, 000205.750, 179
Trd, 000205.817, 178
Trd, 000206.283, 177
Trd, 000206.600, 176
Trd, 000206.683, 174
Trd, 000208.450, 174
Trd, 000209.083, 174
Trd, 000209.150, 175
Trd, 000209.283, 176
Trd, 000209.700, 174
Trd, 000210.083, 173
Trd, 000210.150, 171
Trd, 000210.217, 180
Trd, 000210.733, 174
Trd, 000211.233, 173
Trd, 000211.250, 183
Trd, 000212.083, 169
Trd, 000213.117, 166
Trd, 000213.267, 165
Trd, 000213.767, 165
Trd, 000214.633, 177
Trd, 000214.983, 175
Trd, 000216.217, 171
Trd, 000216.383, 170
Trd, 000216.533, 171
Trd, 000217.500, 173
Trd, 000219.067, 172
Trd, 000219.783, 172
Trd, 000220.017, 173
Trd, 000220.050, 172
Trd, 000220.933, 172
Trd, 000221.133, 172
Trd, 000221.200, 173
Trd, 000221.733, 172
Trd, 000223.500, 181
Trd, 000223.517, 177
Trd, 000224.200, 177
Trd, 000224.533, 176
Trd, 000224.750, 175
Trd, 000225.233, 177
Trd, 000225.550, 179
Trd, 000225.567, 177
Trd, 000226.067, 184
Trd, 000226.333, 176
Trd, 000226.583, 173
Trd, 000226.883, 172
Trd, 000227.433, 171
Trd, 000228.033, 177
Trd, 000228.850, 176
Trd, 000229.633, 175
Trd, 000229.700, 176
Trd, 000230.217, 173
Trd, 000230.383, 175
Trd, 000231.533, 175
Trd, 000232.117, 173
Trd, 000232.167, 172
Trd, 000232.183, 171
Trd, 000233.067, 173
Trd, 000233.250, 172
Trd, 000234.100, 173
Trd, 000234.350, 174
Trd, 000235.183, 185
Trd, 000235.350, 178
Trd, 000235.767, 176
Trd, 000236.233, 176
Trd, 000237.167, 176
Trd, 000237.567, 175
Trd, 000237.883, 176
Trd, 000238.600, 174
Trd, 000239.033, 175
Trd, 000239.767, 175
Trd, 000239.950, 173
Trd, 000240.367, 174
Trd, 000240.683, 174
Trd, 000241.067, 174
Trd, 000241.267, 173
Trd, 000241.500, 173
Trd, 000241.817, 173
Trd, 000242.533, 172
Trd, 000243.167, 173
Trd, 000243.517, 174
Trd, 000243.683, 175
Trd, 000243.950, 173
Trd, 000244.233, 172
Trd, 000244.300, 171
Trd, 000245.067, 168
Trd, 000245.483, 171
Trd, 000245.817, 172
Trd, 000245.933, 175
Trd, 000246.433, 171
Trd, 000247.133, 172
Trd, 000247.317, 173
Trd, 000248.317, 172
Trd, 000248.817, 169
Trd, 000249.267, 171
Trd, 000249.317, 174
Trd, 000249.700, 174
Trd, 000249.733, 174
Trd, 000250.233, 172
Trd, 000250.533, 173
Trd, 000251.100, 174
Trd, 000251.483, 172
Trd, 000251.517, 173
Trd, 000252.150, 172
Trd, 000252.583, 172
Trd, 000253.367, 173
Trd, 000254.200, 173
Trd, 000254.333, 173
Trd, 000254.367, 170
Trd, 000255.017, 173
Trd, 000255.183, 171
Trd, 000255.667, 170
Trd, 000256.067, 170
Trd, 000256.133, 169
Trd, 000256.683, 169
Trd, 000256.783, 170
Trd, 000256.950, 174
Trd, 000257.650, 169
Trd, 000257.767, 167
Trd, 000257.800, 174
Trd, 000257.850, 174
Trd, 000258.733, 194
Trd, 000259.217, 197
Trd, 000259.433, 193
Trd, 000259.617, 193
Trd, 000259.650, 192
Trd, 000260.350, 198
Trd, 000260.817, 189
Trd, 000262.333, 187
Trd, 000262.700, 184
Trd, 000263.300, 185
Trd, 000263.550, 182
Trd, 000263.817, 183
Trd, 000264.000, 182
Trd, 000264.017, 184
Trd, 000264.300, 185
Trd, 000264.850, 181
Trd, 000266.117, 185
Trd, 000266.233, 185
Trd, 000266.700, 187
Trd, 000267.233, 180
Trd, 000267.483, 185
Trd, 000267.983, 179
Trd, 000268.017, 176
Trd, 000268.167, 175
Trd, 000268.350, 182
Trd, 000268.467, 170
Trd, 000268.983, 181
Trd, 000269.800, 175
Trd, 000270.133, 178
Trd, 000270.167, 180
Trd, 000271.017, 177
Trd, 000271.367, 175
Trd, 000271.933, 175
Trd, 000272.050, 176
Trd, 000272.383, 175
Trd, 000272.633, 175
Trd, 000272.750, 174
Trd, 000274.000, 176
Trd, 000274.117, 176
Trd, 000274.517, 174
Trd, 000274.617, 173
Trd, 000275.350, 175
Trd, 000275.417, 174
Trd, 000275.600, 176
Trd, 000276.000, 175
Trd, 000276.550, 176
Trd, 000277.583, 176
Trd, 000277.633, 176
Trd, 000277.667, 171
Trd, 000278.850, 178
Trd, 000278.900, 180
Trd, 000279.250, 176
Trd, 000279.267, 173
Trd, 000279.317, 173
Trd, 000280.250, 178
Trd, 000280.583, 172
Trd, 000281.383, 173
Trd, 000281.783, 176
Trd, 000281.933, 180
Trd, 000282.833, 172
Trd, 000284.067, 176
Trd, 000284.633, 175
Trd, 000285.100, 177
Trd, 000285.167, 176
Trd, 000285.600, 172
Trd, 000285.767, 171
Trd, 000285.817, 175
Trd, 000286.567, 174
Trd, 000286.800, 177
Trd, 000287.550, 177
Trd, 000288.000, 177
Trd, 000288.117, 174
Trd, 000288.467, 177
Trd, 000289.750, 175
Trd, 000289.833, 177
Trd, 000290.633, 175
Trd, 000291.483, 175
Trd, 000291.700, 175
Trd, 000291.800, 176
Trd, 000291.833, 174
Trd, 000291.883, 174
Trd, 000292.100, 176
Trd, 000292.433, 177
Trd, 000292.583, 177
Trd, 000292.800, 174
Trd, 000293.583, 175
Trd, 000294.550, 176
Trd, 000294.600, 173
Trd, 000294.800, 177
Trd, 000295.133, 170
Trd, 000295.783, 170
Trd, 000295.900, 176
Trd, 000296.917, 171
Trd, 000297.133, 176
Trd, 000297.533, 175
Trd, 000298.283, 173
Trd, 000298.633, 172
Trd, 000298.817, 172
Trd, 000299.083, 173
Trd, 000299.400, 174
