Trd, 000000.933, 111
Trd, 000001.250, 142
Trd, 000001.833, 165
Trd, 000003.217, 150
Trd, 000004.383, 143
Trd, 000004.733, 142
Trd, 000005.017, 144
Trd, 000006.483, 149
Trd, 000006.600, 158
Trd, 000007.950, 144
Trd, 000008.233, 143
Trd, 000008.533, 145
Trd, 000008.600, 143
Trd, 000009.183, 137
Trd, 000009.217, 151
Trd, 000009.783, 149
Trd, 000009.933, 141
Trd, 000010.833, 142
Trd, 000011.250, 143
Trd, 000011.450, 146
Trd, 000012.083, 148
Trd, 000012.233, 149
Trd, 000013.250, 148
Trd, 000013.500, 151
Trd, 000013.683, 149
Trd, 000014.033, 146
Trd, 000014.417, 147
Trd, 000014.667, 159
Trd, 000014.967, 143
Trd, 000015.700, 142
Trd, 000016.533, 149
Trd, 000016.767, 151
Trd, 000017.950, 163
Trd, 000018.350, 153
Trd, 000018.650, 158
Trd, 000019.100, 152
Trd, 000019.533, 154
Trd, 000019.800, 155
Trd, 000020.850, 162
Trd, 000021.150, 142
Trd, 000021.500, 164
Trd, 000022.150, 156
Trd, 000022.500, 151
Trd, 000023.017, 160
Trd, 000023.950, 169
Trd, 000024.733, 158
Trd, 000025.267, 157
Trd, 000025.283, 160
Trd, 000025.517, 160
Trd, 000025.783, 160
Trd, 000026.083, 160
Trd, 000026.650, 168
Trd, 000026.767, 169
Trd, 000027.483, 162
Trd, 000027.983, 154
Trd, 000028.400, 151
Trd, 000028.650, 164
Trd, 000029.567, 160
Trd, 000030.117, 158
Trd, 000030.733, 151
Trd, 000031.550, 156
Trd, 000031.983, 156
Trd, 000032.517, 156
Trd, 000033.383, 154
Trd, 000033.450, 155
Trd, 000033.783, 156
Trd, 000034.133, 159
Trd, 000034.250, 153
Trd, 000034.500, 161
Trd, 000035.467, 165
Trd, 000035.817, 160
Trd, 000036.083, 169
Trd, 000036.783, 169
Trd, 000036.817, 169
Trd, 000037.450, 161
Trd, 000038.117, 160
Trd, 000039.100, 162
Trd, 000039.483, 162
Trd, 000040.283, 163
Trd, 000040.650, 163
Trd, 000041.617, 160
Trd, 000042.400, 160
Trd, 000043.050, 160
Trd, 000043.150, 161
Trd, 000043.600, 161
Trd, 000043.900, 161
Trd, 000044.033, 159
Trd, 000044.283, 162
Trd, 000044.983, 166
Trd, 000045.200, 163
Trd, 000045.900, 163
Trd, 000046.333, 165
Trd, 000046.400, 162
Trd, 000046.550, 167
Trd, 000047.067, 170
Trd, 000048.383, 163
Trd, 000048.633, 162
Trd, 000049.800, 165
Trd, 000050.583, 165
Trd, 000050.700, 165
Trd, 000050.800, 166
Trd, 000051.150, 159
Trd, 000051.200, 163
Trd, 000051.300, 166
Trd, 000051.667, 157
Trd, 000052.750, 164
Trd, 000053.167, 162
Trd, 000053.300, 161
Trd, 000053.767, 162
Trd, 000054.000, 160
Trd, 000056.033, 158
Trd, 000056.167, 162
Trd, 000056.567, 162
Trd, 000056.900, 163
Trd, 000057.067, 159
Trd, 000059.750, 162
Trd, 000059.933, 161
Trd, 000059.967, 163
Trd, 000060.000, 164
Trd, 000060.567, 161
Trd, 000060.867, 162
Trd, 000060.900, 164
Trd, 000063.417, 150
Trd, 000063.467, 155
Trd, 000063.483, 148
Trd, 000064.200, 152
Trd, 000064.400, 157
Trd, 000064.467, 158
Trd, 000064.550, 159
Trd, 000065.700, 158
Trd, 000065.867, 159
Trd, 000066.033, 156
Trd, 000066.717, 155
Trd, 000067.133, 156
Trd, 000067.367, 155
Trd, 000067.500, 159
Trd, 000067.750, 174
Trd, 000067.900, 172
Trd, 000068.317, 175
Trd, 000068.350, 161
Trd, 000068.917, 165
Trd, 000068.950, 159
Trd, 000069.800, 137
Trd, 000072.367, 154
Trd, 000073.300, 154
Trd, 000073.583, 156
Trd, 000074.083, 156
Trd, 000074.150, 155
Trd, 000074.183, 156
Trd, 000074.333, 154
Trd, 000074.817, 156
Trd, 000076.317, 163
Trd, 000076.633, 164
Trd, 000076.983, 165
Trd, 000077.667, 163
Trd, 000078.133, 166
Trd, 000079.367, 168
Trd, 000079.633, 162
Trd, 000079.917, 169
Trd, 000079.967, 170
Trd, 000080.567, 164
Trd, 000080.850, 163
Trd, 000081.050, 155
Trd, 000081.067, 175
Trd, 000081.267, 166
Trd, 000082.150, 180
Trd, 000082.250, 167
Trd, 000082.967, 168
Trd, 000083.017, 166
Trd, 000083.067, 181
Trd, 000083.467, 148
Trd, 000083.683, 155
Trd, 000083.883, 163
Trd, 000084.717, 164
Trd, 000085.933, 164
Trd, 000086.000, 160
Trd, 000086.533, 161
Trd, 000087.283, 165
Trd, 000088.667, 157
Trd, 000088.900, 158
Trd, 000089.100, 159
Trd, 000089.433, 158
Trd, 000090.233, 154
Trd, 000090.433, 155
Trd, 000091.417, 158
Trd, 000091.600, 167
Trd, 000093.167, 166
Trd, 000093.200, 157
Trd, 000093.533, 167
Trd, 000093.700, 155
Trd, 000094.817, 150
Trd, 000095.017, 148
Trd, 000095.050, 151
Trd, 000095.217, 154
Trd, 000095.667, 177
Trd, 000096.950, 164
Trd, 000097.283, 164
Trd, 000097.567, 168
Trd, 000097.933, 171
Trd, 000098.400, 162
Trd, 000098.983, 154
Trd, 000099.767, 164
Trd, 000100.617, 163
Trd, 000101.017, 163
Trd, 000101.550, 162
Trd, 000101.817, 164
Trd, 000102.333, 168
Trd, 000102.683, 170
Trd, 000103.083, 162
Trd, 000103.267, 172
Trd, 000103.450, 172
Trd, 000104.867, 164
Trd, 000105.550, 165
Trd, 000105.650, 166
Trd, 000106.033, 166
Trd, 000106.300, 166
Trd, 000107.117, 165
Trd, 000107.400, 173
Trd, 000107.983, 168
Trd, 000109.100, 164
Trd, 000109.200, 167
Trd, 000109.250, 163
Trd, 000110.133, 166
Trd, 000110.467, 168
Trd, 000110.900, 167
Trd, 000110.983, 167
Trd, 000111.750, 168
Trd, 000112.667, 166
Trd, 000112.783, 167
Trd, 000112.800, 169
Trd, 000112.817, 173
Trd, 000113.750, 176
Trd, 000114.617, 179
Trd, 000115.717, 168
Trd, 000117.233, 172
Trd, 000117.833, 173
Trd, 000119.250, 171
Trd, 000119.400, 170
Trd, 000119.883, 171
Trd, 000120.350, 172
Trd, 000120.383, 171
Trd, 000120.633, 155
Trd, 000120.767, 172
Trd, 000121.517, 172
Trd, 000121.950, 156
Trd, 000123.033, 174
Trd, 000123.167, 187
Trd, 000123.183, 194
Trd, 000123.400, 198
Trd, 000123.950, 198
Trd, 000124.383, 199
Trd, 000124.683, 223
Trd, 000124.800, 301
Trd, 000125.067, 344.0
Trd, 000125.100, 362.0
Trd, 000126.317, 354
Trd, 000126.400, 357.0
Trd, 000126.883, 354
Trd, 000127.767, 356.0
Trd, 000127.867, 353
Trd, 000129.033, 332
Trd, 000129.917, 349
Trd, 000130.133, 349
Trd, 000130.250, 358.0
Trd, 000130.417, 362.0
Trd, 000131.167, 344.0
Trd, 000132.317, 346
Trd, 000132.550, 356
Trd, 000133.267, 358
Trd, 000133.583, 347
Trd, 000133.617, 346
Trd, 000135.033, 351
Trd, 000135.567, 352
Trd, 000136.983, 349
Trd, 000137.267, 351
Trd, 000138.683, 348
Trd, 000138.883, 352
Trd, 000139.300, 351
Trd, 000139.500, 358.0
Trd, 000139.867, 350
Trd, 000141.350, 356
Trd, 000141.417, 359
Trd, 000141.833, 356
Trd, 000141.917, 353
Trd, 000142.033, 352
Trd, 000144.117, 352
Trd, 000144.200, 353
Trd, 000144.617, 356
Trd, 000145.033, 353
Trd, 000145.500, 354
Trd, 000147.233, 356
Trd, 000147.367, 357
Trd, 000147.883, 352
Trd, 000148.417, 350
Trd, 000149.100, 355
Trd, 000149.133, 351
Trd, 000149.300, 356
Trd, 000149.533, 357
Trd, 000149.900, 358.0
Trd, 000150.083, 360.0
Trd, 000151.200, 344.0
Trd, 000151.367, 359
Trd, 000151.850, 353
Trd, 000152.633, 354
Trd, 000152.950, 347
Trd, 000154.133, 343
Trd, 000155.333, 342.0
Trd, 000155.417, 340
Trd, 000157.367, 344.0
Trd, 000157.517, 347
Trd, 000157.917, 342
Trd, 000158.000, 341
Trd, 000158.033, 346
Trd, 000158.133, 349
Trd, 000160.667, 343
Trd, 000160.950, 347
Trd, 000161.200, 347
Trd, 000161.633, 348
Trd, 000161.900, 341
Trd, 000162.817, 350
Trd, 000163.017, 358.0
Trd, 000164.683, 344.0
Trd, 000165.167, 349
Trd, 000165.367, 343
Trd, 000167.050, 346
Trd, 000168.150, 345
Trd, 000168.350, 345
Trd, 000168.767, 344
Trd, 000168.817, 341
Trd, 000168.900, 338
Trd, 000170.400, 343
Trd, 000170.417, 344
Trd, 000171.033, 343
Trd, 000171.217, 345
Trd, 000171.667, 343
Trd, 000172.217, 344
Trd, 000172.433, 349
Trd, 000172.917, 345
Trd, 000173.683, 348
Trd, 000173.933, 344
Trd, 000174.283, 340
Trd, 000175.333, 346
Trd, 000176.283, 349.0
Trd, 000176.850, 348.0
Trd, 000177.400, 346
Trd, 000177.533, 348
Trd, 000177.850, 346
Trd, 000178.067, 345
Trd, 000178.550, 347
Trd, 000179.300, 348
Trd, 000179.867, 340
Trd, 000180.917, 341.0
Trd, 000181.200, 343
Trd, 000181.450, 344.0
Trd, 000181.633, 341
Trd, 000182.200, 340
Trd, 000182.433, 329
Trd, 000182.950, 303.0
Trd, 000183.533, 259
Trd, 000183.567, 238
Trd, 000183.633, 237
Trd, 000183.950, 207
Trd, 000183.983, 215
Trd, 000184.717, 243
Trd, 000185.100, 178
Trd, 000185.200, 176
Trd, 000185.700, 171
Trd, 000186.667, 178
Trd, 000187.417, 181
Trd, 000187.850, 169
Trd, 000188.433, 177
Trd, 000190.017, 181
Trd, 000190.100, 178
Trd, 000190.133, 175
Trd, 000190.217, 173
Trd, 000190.650, 190
Trd, 000191.383, 185
Trd, 000192.067, 166
Trd, 000192.483, 178
Trd, 000192.600, 168
Trd, 000193.017, 181
Trd, 000194.267, 175
Trd, 000194.900, 177
Trd, 000195.200, 177
Trd, 000195.850, 177
Trd, 000196.033, 177
Trd, 000196.500, 179
Trd, 000196.917, 177
Trd, 000197.150, 178
Trd, 000197.950, 173
Trd, 000199.917, 176
Trd, 000200.050, 172
Trd, 000200.067, 177
Trd, 000200.650, 176
Trd, 000200.917, 177
Trd, 000201.100, 176
Trd, 000201.500, 182
Trd, 000202.250, 174
Trd, 000203.033, 182
Trd, 000203.417, 190
Trd, 000204.083, 180
Trd, 000204.200, 187
Trd, 000205.183, 182
Trd, 000205.417, 182
Trd, 000206.267, 181
Trd, 000206.317, 179
Trd, 000207.233, 179
Trd, 000207.450, 182
Trd, 000207.617, 175
Trd, 000207.767, 160
Trd, 000208.767, 165
Trd, 000209.417, 182
Trd, 000210.783, 176
Trd, 000212.083, 174
Trd, 000212.183, 174
Trd, 000212.667, 174
Trd, 000213.267, 174
Trd, 000213.717, 177
Trd, 000213.950, 177
Trd, 000214.150, 179
Trd, 000214.217, 171
Trd, 000215.367, 165
Trd, 000215.417, 163
Trd, 000216.483, 174
Trd, 000217.333, 173
Trd, 000217.350, 183
Trd, 000217.767, 173
Trd, 000218.717, 175
Trd, 000218.867, 176
Trd, 000219.050, 180
Trd, 000220.400, 180
Trd, 000220.967, 178
Trd, 000221.100, 179
Trd, 000221.367, 180
Trd, 000222.167, 180
Trd, 000222.450, 179
Trd, 000222.600, 181
Trd, 000223.700, 179
Trd, 000223.800, 178
Trd, 000223.900, 180
Trd, 000224.400, 179
Trd, 000224.983, 174
Trd, 000225.117, 180
Trd, 000225.583, 162
Trd, 000225.650, 179
Trd, 000225.883, 180
Trd, 000226.350, 180
Trd, 000226.517, 183
Trd, 000227.200, 184
Trd, 000228.033, 166
Trd, 000228.200, 183
Trd, 000228.867, 184
Trd, 000228.933, 181
Trd, 000230.450, 182
Trd, 000231.183, 180
Trd, 000231.317, 179
Trd, 000232.200, 179
Trd, 000233.267, 179
Trd, 000233.467, 179
Trd, 000235.167, 179
Trd, 000235.367, 178
Trd, 000235.483, 181
Trd, 000235.683, 185
Trd, 000235.950, 179
Trd, 000236.367, 168
Trd, 000236.833, 151
Trd, 000237.000, 168
Trd, 000237.350, 179
Trd, 000238.200, 179
Trd, 000238.333, 186
Trd, 000240.167, 175
Trd, 000240.583, 175
Trd, 000240.617, 174
Trd, 000240.900, 175
Trd, 000241.300, 176
Trd, 000242.017, 172
Trd, 000242.117, 171
Trd, 000242.250, 171
Trd, 000242.617, 168
Trd, 000242.750, 175
Trd, 000243.733, 172
Trd, 000244.117, 175
Trd, 000244.400, 175
Trd, 000244.667, 174
Trd, 000244.783, 171
Trd, 000245.800, 175
Trd, 000246.717, 178
Trd, 000246.933, 180
Trd, 000247.183, 182
Trd, 000248.033, 180
Trd, 000248.400, 180
Trd, 000248.567, 175
Trd, 000248.733, 177
Trd, 000248.983, 181
Trd, 000249.467, 181
Trd, 000249.500, 177
Trd, 000250.483, 178
Trd, 000250.500, 182
Trd, 000251.483, 183
Trd, 000251.817, 179
Trd, 000251.933, 178
Trd, 000252.067, 184
Trd, 000252.800, 177
Trd, 000253.717, 177
Trd, 000254.133, 176
Trd, 000254.317, 180
Trd, 000254.783, 179
Trd, 000254.883, 183
Trd, 000255.367, 190
Trd, 000255.783, 186
Trd, 000256.033, 185
Trd, 000256.467, 182
Trd, 000257.033, 182
Trd, 000257.200, 184
Trd, 000257.800, 183
Trd, 000259.617, 170
Trd, 000260.783, 175
Trd, 000261.033, 175
Trd, 000261.450, 172
Trd, 000261.867, 172
Trd, 000262.217, 174
Trd, 000262.233, 173
Trd, 000262.350, 175
Trd, 000262.450, 176
Trd, 000262.750, 177
Trd, 000263.067, 181
Trd, 000263.117, 184
Trd, 000264.567, 182
Trd, 000264.617, 181
Trd, 000265.033, 180
Trd, 000265.300, 179
Trd, 000265.583, 179
Trd, 000265.600, 184
Trd, 000265.650, 188
Trd, 000266.033, 183
Trd, 000266.383, 179
Trd, 000266.733, 181
Trd, 000267.617, 181
Trd, 000267.750, 178
Trd, 000268.550, 179
Trd, 000268.667, 170
Trd, 000269.083, 167
Trd, 000269.433, 182
Trd, 000270.167, 184
Trd, 000270.717, 184
Trd, 000270.833, 179
Trd, 000271.483, 179
Trd, 000272.050, 180
Trd, 000272.483, 179
Trd, 000272.817, 180
Trd, 000273.283, 181
Trd, 000273.483, 180
Trd, 000273.950, 178
Trd, 000274.000, 177
Trd, 000274.383, 172
Trd, 000274.483, 182
Trd, 000275.067, 185
Trd, 000276.333, 181
Trd, 000276.350, 181
Trd, 000276.600, 183
Trd, 000276.750, 185
Trd, 000277.317, 183
Trd, 000277.917, 183
Trd, 000278.433, 185
Trd, 000279.317, 192
Trd, 000279.350, 191
Trd, 000279.533, 185
Trd, 000280.383, 184
Trd, 000280.933, 185
Trd, 000281.467, 186
Trd, 000282.000, 186
Trd, 000282.600, 188
Trd, 000282.967, 185
Trd, 000283.333, 187
Trd, 000283.667, 187
Trd, 000283.683, 186
Trd, 000283.867, 187
Trd, 000284.050, 188
Trd, 000284.317, 190
Trd, 000285.517, 180
Trd, 000285.850, 179
Trd, 000286.000, 180
Trd, 000286.217, 184
Trd, 000286.383, 181
Trd, 000287.483, 179
Trd, 000287.717, 183
Trd, 000288.600, 184
Trd, 000288.733, 186
Trd, 000289.183, 187
Trd, 000290.350, 187
Trd, 000290.400, 180
Trd, 000290.667, 174
Trd, 000291.583, 184
Trd, 000291.733, 181
Trd, 000292.483, 179
Trd, 000292.733, 182
Trd, 000292.833, 183
Trd, 000293.017, 184
Trd, 000293.317, 180
Trd, 000294.817, 184
Trd, 000294.833, 184
Trd, 000294.917, 180
Trd, 000295.000, 179
Trd, 000295.417, 186
Trd, 000295.517, 182
Trd, 000295.717, 187
Trd, 000295.900, 181
Trd, 000296.383, 187
Trd, 000296.750, 188
Trd, 000298.400, 186
Trd, 000298.983, 186
Trd, 000299.050, 185
Trd, 000299.100, 182
Trd, 000299.150, 186
Trd, 000299.933, 185
