Trd, 000001.833, 117
Trd, 000002.433, 157
Trd, 000002.900, 158
Trd, 000002.983, 156
Trd, 000003.300, 155
Trd, 000003.817, 163
Trd, 000004.417, 151
Trd, 000005.000, 149
Trd, 000005.400, 163
Trd, 000005.850, 162
Trd, 000007.083, 167
Trd, 000008.133, 159
Trd, 000008.283, 158
Trd, 000009.400, 157
Trd, 000009.467, 156
Trd, 000009.833, 169
Trd, 000010.083, 159
Trd, 000010.783, 163
Trd, 000010.967, 161
Trd, 000011.433, 163
Trd, 000011.950, 163
Trd, 000013.000, 162
Trd, 000013.083, 160
Trd, 000013.150, 163
Trd, 000013.317, 159
Trd, 000013.583, 158
Trd, 000013.950, 145
Trd, 000014.983, 169
Trd, 000015.183, 155
Trd, 000015.717, 153
Trd, 000017.033, 151
Trd, 000017.200, 152
Trd, 000018.417, 153
Trd, 000018.650, 148
Trd, 000020.117, 159
Trd, 000020.217, 161
Trd, 000020.433, 161
Trd, 000020.517, 158
Trd, 000020.833, 162
Trd, 000021.417, 162
Trd, 000021.750, 164
Trd, 000021.767, 163
Trd, 000022.233, 161
Trd, 000022.917, 162
Trd, 000023.183, 157
Trd, 000024.983, 164
Trd, 000025.783, 159
Trd, 000025.867, 158
Trd, 000026.483, 159
Trd, 000026.617, 157
Trd, 000026.750, 157
Trd, 000027.033, 160
Trd, 000027.683, 147
Trd, 000028.017, 157
Trd, 000028.317, 161
Trd, 000028.367, 156
Trd, 000029.917, 147
Trd, 000030.100, 166
Trd, 000030.467, 149
Trd, 000031.000, 161
Trd, 000031.233, 154
Trd, 000031.333, 148
Trd, 000032.267, 151
Trd, 000032.317, 150
Trd, 000032.517, 152
Trd, 000034.083, 151
Trd, 000034.417, 151
Trd, 000035.433, 159
Trd, 000035.567, 158
Trd, 000035.800, 159
Trd, 000036.233, 163
Trd, 000036.367, 158
Trd, 000036.950, 154
Trd, 000037.133, 151
Trd, 000037.733, 147
Trd, 000038.033, 166
Trd, 000038.917, 163
Trd, 000039.750, 161
Trd, 000040.183, 160
Trd, 000040.483, 159
Trd, 000041.017, 161
Trd, 000041.417, 155
Trd, 000041.433, 152
Trd, 000042.867, 185
Trd, 000043.633, 183
Trd, 000044.083, 183
Trd, 000044.183, 181
Trd, 000044.433, 166
Trd, 000044.450, 162
Trd, 000045.317, 172
Trd, 000045.333, 174
Trd, 000046.233, 172
Trd, 000047.083, 171
Trd, 000047.850, 173
Trd, 000048.483, 171
Trd, 000048.500, 166
Trd, 000049.867, 164
Trd, 000050.233, 163
Trd, 000050.417, 160
Trd, 000050.583, 170
Trd, 000050.917, 159
Trd, 000051.633, 163
Trd, 000052.733, 160
Trd, 000053.583, 162
Trd, 000053.733, 161
Trd, 000054.717, 165
Trd, 000055.200, 165
Trd, 000055.500, 161
Trd, 000055.550, 158
Trd, 000055.667, 153
Trd, 000056.017, 165
Trd, 000056.433, 164
Trd, 000057.233, 159
Trd, 000058.350, 161
Trd, 000059.100, 159
Trd, 000059.950, 158
Trd, 000059.983, 160
Trd, 000060.883, 157
Trd, 000061.067, 158
Trd, 000061.400, 159
Trd, 000061.483, 160
Trd, 000063.617, 174
Trd, 000064.433, 170
Trd, 000064.967, 169
Trd, 000065.000, 167
Trd, 000065.067, 165
Trd, 000065.667, 164
Trd, 000065.767, 161
Trd, 000065.833, 149
Trd, 000066.950, 150
Trd, 000067.000, 166
Trd, 000067.017, 168
Trd, 000068.950, 155
Trd, 000069.850, 155
Trd, 000070.333, 158
Trd, 000070.550, 157
Trd, 000071.067, 158
Trd, 000071.533, 158
Trd, 000071.650, 156
Trd, 000072.533, 154
Trd, 000072.783, 151
Trd, 000072.867, 156
Trd, 000073.100, 149
Trd, 000073.433, 150
Trd, 000073.583, 157
Trd, 000074.083, 149
Trd, 000074.700, 157
Trd, 000074.850, 149
Trd, 000077.200, 157
Trd, 000077.917, 159
Trd, 000078.367, 151
Trd, 000078.500, 151
Trd, 000078.817, 159
Trd, 000078.883, 160
Trd, 000079.017, 150
Trd, 000079.450, 149
Trd, 000079.617, 170
Trd, 000080.717, 168
Trd, 000081.417, 167
Trd, 000081.917, 166
Trd, 000082.133, 164
Trd, 000082.250, 171
Trd, 000082.583, 168
Trd, 000082.717, 169
Trd, 000084.467, 169
Trd, 000085.400, 168
Trd, 000085.917, 167
Trd, 000085.933, 167
Trd, 000086.417, 164
Trd, 000086.983, 169
Trd, 000087.050, 180
Trd, 000088.250, 167
Trd, 000089.017, 165
Trd, 000089.400, 164
Trd, 000089.900, 191
Trd, 000090.133, 157
Trd, 000090.183, 153
Trd, 000090.533, 174
Trd, 000090.733, 137
Trd, 000090.983, 164
Trd, 000091.700, 166
Trd, 000092.233, 167
Trd, 000092.350, 155
Trd, 000092.600, 152
Trd, 000093.500, 160
Trd, 000093.683, 158
Trd, 000094.667, 159
Trd, 000095.117, 163
Trd, 000095.767, 159
Trd, 000096.467, 157
Trd, 000097.200, 160
Trd, 000097.283, 157
Trd, 000097.783, 156
Trd, 000097.900, 154
Trd, 000099.183, 156
Trd, 000099.967, 153
Trd, 000100.000, 151
Trd, 000100.617, 158
Trd, 000101.417, 156
Trd, 000101.783, 156
Trd, 000103.067, 149
Trd, 000103.700, 153
Trd, 000104.117, 165
Trd, 000104.783, 166
Trd, 000104.817, 166
Trd, 000104.967, 158
Trd, 000105.300, 156
Trd, 000105.433, 161
Trd, 000105.450, 155
Trd, 000106.000, 152
Trd, 000107.267, 161
Trd, 000107.350, 156
Trd, 000107.633, 162
Trd, 000107.717, 182
Trd, 000108.017, 155
Trd, 000109.617, 164
Trd, 000110.133, 165
Trd, 000110.150, 159
Trd, 000112.050, 165
Trd, 000112.283, 164
Trd, 000112.433, 163
Trd, 000112.850, 160
Trd, 000113.583, 160
Trd, 000114.100, 160
Trd, 000114.217, 159
Trd, 000114.617, 164
Trd, 000114.650, 167
Trd, 000115.133, 169
Trd, 000115.717, 169
Trd, 000115.917, 173
Trd, 000116.217, 158
Trd, 000116.917, 154
Trd, 000117.483, 164
Trd, 000118.167, 167
Trd, 000118.217, 167
Trd, 000118.400, 168
Trd, 000118.450, 184
Trd, 000118.850, 160
Trd, 000119.400, 163
Trd, 000119.783, 162
Trd, 000120.300, 160
Trd, 000120.383, 153
Trd, 000121.217, 180
Trd, 000121.900, 198
Trd, 000122.000, 202
Trd, 000122.017, 208
Trd, 000122.300, 211
Trd, 000122.617, 213
Trd, 000122.667, 220
Trd, 000122.883, 211
Trd, 000123.000, 249
Trd, 000123.567, 271
Trd, 000123.983, 306.0
Trd, 000124.133, 317.0
Trd, 000125.117, 332
Trd, 000127.033, 335
Trd, 000127.083, 336.0
Trd, 000127.367, 337.0
Trd, 000128.567, 341.0
Trd, 000128.700, 351.0
Trd, 000129.883, 352
Trd, 000129.933, 343
Trd, 000129.983, 354
Trd, 000130.000, 341
Trd, 000130.650, 342
Trd, 000130.817, 341
Trd, 000131.717, 338
Trd, 000131.833, 351
Trd, 000133.083, 344
Trd, 000133.450, 342.0
Trd, 000133.700, 341.0
Trd, 000134.067, 337
Trd, 000134.350, 348
Trd, 000135.083, 341
Trd, 000136.100, 344
Trd, 000136.583, 343
Trd, 000137.300, 342
Trd, 000137.817, 344
Trd, 000137.883, 342
Trd, 000138.167, 342
Trd, 000139.050, 343
Trd, 000139.583, 351.0
Trd, 000139.700, 353
Trd, 000140.217, 345
Trd, 000140.933, 345
Trd, 000141.400, 345
Trd, 000141.850, 344
Trd, 000142.050, 349
Trd, 000142.333, 346
Trd, 000143.467, 347
Trd, 000144.250, 348
Trd, 000144.433, 351.0
Trd, 000144.817, 346
Trd, 000145.200, 345
Trd, 000145.867, 346
Trd, 000146.900, 347
Trd, 000147.817, 348
Trd, 000148.200, 347
Trd, 000148.217, 341.0
Trd, 000149.350, 349
Trd, 000150.000, 345
Trd, 000150.817, 345
Trd, 000150.867, 344
Trd, 000150.933, 345
Trd, 000152.300, 345
Trd, 000152.967, 344
Trd, 000153.167, 346
Trd, 000153.317, 342.0
Trd, 000154.817, 348
Trd, 000155.717, 347
Trd, 000156.083, 345
Trd, 000156.167, 350.0
Trd, 000157.400, 346
Trd, 000158.100, 347.0
Trd, 000159.100, 346
Trd, 000159.133, 347
Trd, 000159.283, 348
Trd, 000159.550, 344
Trd, 000159.783, 343
Trd, 000159.983, 348
Trd, 000160.267, 349
Trd, 000160.750, 351.0
Trd, 000160.850, 347
Trd, 000162.600, 355.0
Trd, 000162.683, 358
Trd, 000162.750, 351
Trd, 000163.183, 351
Trd, 000163.783, 350
Trd, 000164.033, 348.0
Trd, 000164.950, 350.0
Trd, 000165.433, 351.0
Trd, 000166.417, 348
Trd, 000166.517, 344
Trd, 000167.783, 348
Trd, 000168.000, 353
Trd, 000168.200, 354
Trd, 000170.017, 353
Trd, 000170.050, 349
Trd, 000170.167, 351.0
Trd, 000170.500, 354
Trd, 000171.233, 350.0
Trd, 000171.617, 350
Trd, 000171.667, 348
Trd, 000172.133, 348.0
Trd, 000172.517, 346
Trd, 000174.067, 347
Trd, 000174.483, 347
Trd, 000174.700, 349
Trd, 000174.767, 344
Trd, 000174.817, 351.0
Trd, 000175.433, 342
Trd, 000176.133, 341.0
Trd, 000176.150, 350
Trd, 000176.950, 349
Trd, 000177.033, 350
Trd, 000178.000, 349
Trd, 000178.450, 340
Trd, 000178.633, 340
Trd, 000178.950, 349
Trd, 000179.983, 343
Trd, 000180.267, 343
Trd, 000180.650, 344
Trd, 000181.300, 346.0
Trd, 000181.733, 346.0
Trd, 000181.817, 347
Trd, 000182.183, 345.0
Trd, 000182.500, 335
Trd, 000182.517, 325
Trd, 000182.950, 342
Trd, 000184.133, 322
Trd, 000184.483, 176
Trd, 000185.883, 177
Trd, 000186.233, 187
Trd, 000186.283, 176
Trd, 000186.367, 201
Trd, 000186.400, 173
Trd, 000188.000, 166
Trd, 000188.150, 159
Trd, 000188.767, 156
Trd, 000189.233, 172
Trd, 000189.883, 179
Trd, 000189.917, 181
Trd, 000190.317, 170
Trd, 000191.200, 166
Trd, 000192.083, 170
Trd, 000192.250, 169
Trd, 000192.567, 168
Trd, 000194.017, 171
Trd, 000194.250, 169
Trd, 000194.883, 169
Trd, 000194.917, 168
Trd, 000194.933, 171
Trd, 000195.533, 167
Trd, 000195.967, 171
Trd, 000196.817, 171
Trd, 000197.033, 171
Trd, 000197.067, 172
Trd, 000197.317, 166
Trd, 000197.517, 166
Trd, 000197.767, 179
Trd, 000199.383, 178
Trd, 000199.717, 178
Trd, 000199.733, 175
Trd, 000201.300, 176
Trd, 000201.567, 174
Trd, 000201.967, 175
Trd, 000202.000, 179
Trd, 000202.317, 173
Trd, 000202.483, 172
Trd, 000203.050, 169
Trd, 000203.367, 176
Trd, 000203.617, 177
Trd, 000204.067, 185
Trd, 000204.317, 181
Trd, 000204.433, 171
Trd, 000204.783, 168
Trd, 000205.267, 178
Trd, 000205.383, 161
Trd, 000206.667, 189
Trd, 000207.533, 190
Trd, 000208.450, 178
Trd, 000209.050, 183
Trd, 000209.600, 169
Trd, 000209.883, 165
Trd, 000210.283, 177
Trd, 000210.333, 176
Trd, 000210.750, 177
Trd, 000211.050, 174
Trd, 000211.467, 177
Trd, 000211.483, 162
Trd, 000212.733, 158
Trd, 000212.833, 204
Trd, 000214.550, 189
Trd, 000214.783, 187
Trd, 000215.083, 181
Trd, 000216.233, 182
Trd, 000216.367, 180
Trd, 000216.567, 176
Trd, 000217.267, 184
Trd, 000217.900, 176
Trd, 000218.550, 182
Trd, 000219.800, 179
Trd, 000220.750, 180
Trd, 000220.867, 179
Trd, 000221.650, 180
Trd, 000221.783, 177
Trd, 000221.800, 170
Trd, 000222.583, 176
Trd, 000223.883, 171
Trd, 000224.717, 171
Trd, 000224.833, 169
Trd, 000224.850, 173
Trd, 000225.067, 172
Trd, 000225.417, 168
Trd, 000225.983, 172
Trd, 000226.067, 170
Trd, 000226.350, 174
Trd, 000226.867, 191
Trd, 000227.100, 183
Trd, 000227.850, 181
Trd, 000228.217, 180
Trd, 000228.317, 181
Trd, 000228.483, 179
Trd, 000228.500, 179
Trd, 000228.800, 183
Trd, 000229.550, 178
Trd, 000230.317, 178
Trd, 000231.517, 185
Trd, 000232.467, 185
Trd, 000232.783, 175
Trd, 000233.667, 179
Trd, 000233.900, 178
Trd, 000234.317, 182
Trd, 000234.383, 171
Trd, 000234.750, 183
Trd, 000234.767, 164
Trd, 000235.333, 167
Trd, 000235.650, 181
Trd, 000236.583, 182
Trd, 000237.517, 179
Trd, 000238.033, 178
Trd, 000238.750, 178
Trd, 000238.783, 173
Trd, 000238.817, 172
Trd, 000239.200, 165
Trd, 000240.467, 177
Trd, 000241.067, 179
Trd, 000241.083, 179
Trd, 000241.367, 179
Trd, 000241.383, 180
Trd, 000241.817, 182
Trd, 000242.083, 179
Trd, 000242.283, 182
Trd, 000242.583, 179
Trd, 000242.783, 181
Trd, 000242.883, 180
Trd, 000243.050, 175
Trd, 000243.783, 187
Trd, 000244.450, 188
Trd, 000244.550, 187
Trd, 000244.617, 199
Trd, 000245.183, 185
Trd, 000245.467, 179
Trd, 000245.917, 178
Trd, 000245.967, 168
Trd, 000246.567, 172
Trd, 000246.833, 175
Trd, 000247.467, 172
Trd, 000247.650, 172
Trd, 000248.100, 173
Trd, 000248.300, 183
Trd, 000248.350, 172
Trd, 000248.933, 171
Trd, 000250.617, 171
Trd, 000251.583, 170
Trd, 000251.783, 170
Trd, 000251.800, 169
Trd, 000252.333, 169
Trd, 000252.750, 168
Trd, 000252.950, 166
Trd, 000253.417, 168
Trd, 000254.367, 161
Trd, 000255.033, 168
Trd, 000255.733, 166
Trd, 000255.833, 166
Trd, 000256.267, 167
Trd, 000256.517, 171
Trd, 000256.583, 166
Trd, 000256.650, 165
Trd, 000256.917, 164
Trd, 000257.217, 164
Trd, 000258.033, 177
Trd, 000258.900, 182
Trd, 000259.067, 183
Trd, 000259.500, 183
Trd, 000259.550, 184
Trd, 000259.733, 181
Trd, 000260.100, 185
Trd, 000261.350, 179
Trd, 000261.633, 178
Trd, 000261.767, 185
Trd, 000262.017, 177
Trd, 000262.767, 177
Trd, 000262.950, 176
Trd, 000263.817, 176
Trd, 000263.950, 174
Trd, 000264.400, 176
Trd, 000264.417, 177
Trd, 000264.833, 170
Trd, 000265.550, 173
Trd, 000265.583, 171
Trd, 000265.700, 177
Trd, 000266.100, 179
Trd, 000266.500, 177
Trd, 000267.950, 182
Trd, 000268.583, 178
Trd, 000268.600, 168
Trd, 000268.650, 184
Trd, 000268.967, 183
Trd, 000269.600, 182
Trd, 000270.483, 180
Trd, 000270.750, 177
Trd, 000271.400, 178
Trd, 000272.050, 177
Trd, 000272.183, 175
Trd, 000272.233, 178
Trd, 000272.283, 175
Trd, 000272.583, 168
Trd, 000272.867, 178
Trd, 000273.300, 171
Trd, 000273.833, 178
Trd, 000274.350, 176
Trd, 000274.700, 171
Trd, 000274.950, 164
Trd, 000275.150, 164
Trd, 000275.917, 177
Trd, 000276.650, 177
Trd, 000277.050, 177
Trd, 000277.400, 179
Trd, 000277.600, 183
Trd, 000277.667, 178
Trd, 000278.017, 174
Trd, 000279.217, 178
Trd, 000279.383, 178
Trd, 000279.617, 177
Trd, 000279.733, 179
Trd, 000280.917, 181
Trd, 000281.217, 179
Trd, 000281.233, 172
Trd, 000281.733, 174
Trd, 000281.883, 181
Trd, 000282.500, 183
Trd, 000282.867, 165
Trd, 000283.483, 165
Trd, 000283.883, 167
Trd, 000284.067, 151
Trd, 000284.167, 170
Trd, 000284.233, 174
Trd, 000284.400, 165
Trd, 000284.983, 179
Trd, 000285.550, 183
Trd, 000286.867, 183
Trd, 000286.917, 182
Trd, 000287.300, 182
Trd, 000287.717, 181
Trd, 000287.783, 180
Trd, 000288.133, 179
Trd, 000289.050, 177
Trd, 000289.417, 180
Trd, 000289.767, 172
Trd, 000290.217, 180
Trd, 000290.367, 169
Trd, 000290.967, 181
Trd, 000291.417, 183
Trd, 000291.517, 184
Trd, 000291.733, 187
Trd, 000291.950, 181
Trd, 000292.017, 201
Trd, 000293.383, 179
Trd, 000294.033, 180
Trd, 000294.050, 180
Trd, 000294.683, 180
Trd, 000295.200, 181
Trd, 000295.583, 177
Trd, 000295.767, 173
Trd, 000296.283, 171
Trd, 000296.483, 184
Trd, 000296.733, 174
Trd, 000296.900, 183
Trd, 000297.733, 184
Trd, 000298.283, 184
Trd, 000298.550, 183
Trd, 000298.933, 184
Trd, 000299.250, 184
Trd, 000299.300, 184
Trd, 000299.350, 183
Trd, 000299.517, 185
Trd, 000299.750, 181
