Trd, 000001.317, 186
Trd, 000002.250, 118
Trd, 000003.433, 163
Trd, 000003.733, 148
Trd, 000004.100, 164
Trd, 000004.217, 161
Trd, 000004.467, 147
Trd, 000005.000, 157
Trd, 000006.167, 153
Trd, 000006.433, 160
Trd, 000006.783, 149
Trd, 000007.033, 168
Trd, 000007.650, 152
Trd, 000007.750, 149
Trd, 000009.483, 151
Trd, 000010.517, 150
Trd, 000010.900, 150
Trd, 000011.717, 141
Trd, 000012.683, 151
Trd, 000013.167, 149
Trd, 000013.250, 136
Trd, 000013.333, 152
Trd, 000013.467, 152
Trd, 000013.850, 145
Trd, 000015.300, 155
Trd, 000015.317, 156
Trd, 000016.650, 153
Trd, 000017.100, 152
Trd, 000017.167, 159
Trd, 000018.683, 156
Trd, 000019.083, 155
Trd, 000019.400, 156
Trd, 000019.950, 153
Trd, 000020.433, 152
Trd, 000020.483, 157
Trd, 000020.783, 150
Trd, 000020.983, 157
Trd, 000022.133, 153
Trd, 000022.850, 155
Trd, 000024.500, 151
Trd, 000024.700, 150
Trd, 000025.033, 150
Trd, 000025.217, 151
Trd, 000025.733, 154
Trd, 000026.183, 148
Trd, 000026.350, 153
Trd, 000026.683, 155
Trd, 000027.650, 149
Trd, 000028.500, 151
Trd, 000030.300, 154
Trd, 000030.717, 151
Trd, 000031.050, 150
Trd, 000031.267, 150
Trd, 000031.350, 151
Trd, 000032.183, 153
Trd, 000032.200, 140
Trd, 000032.750, 137
Trd, 000033.417, 149
Trd, 000033.450, 150
Trd, 000034.700, 168
Trd, 000035.017, 169
Trd, 000036.767, 153
Trd, 000036.867, 155
Trd, 000037.117, 152
Trd, 000037.783, 156
Trd, 000037.833, 157
Trd, 000037.917, 157
Trd, 000037.983, 151
Trd, 000039.417, 151
Trd, 000039.667, 151
Trd, 000039.900, 152
Trd, 000042.317, 154
Trd, 000042.717, 153
Trd, 000043.017, 154
Trd, 000043.250, 152
Trd, 000043.267, 152
Trd, 000043.517, 152
Trd, 000043.733, 152
Trd, 000043.867, 153
Trd, 000043.900, 155
Trd, 000043.950, 162
Trd, 000045.617, 157
Trd, 000045.867, 151
Trd, 000047.533, 153
Trd, 000048.550, 153
Trd, 000048.883, 154
Trd, 000048.983, 152
Trd, 000049.900, 153
Trd, 000050.817, 156
Trd, 000050.983, 152
Trd, 000051.983, 152
Trd, 000052.067, 153
Trd, 000052.083, 151
Trd, 000052.383, 153
Trd, 000052.783, 153
Trd, 000053.150, 154
Trd, 000053.267, 163
Trd, 000053.533, 161
Trd, 000054.333, 177
Trd, 000056.167, 159
Trd, 000057.283, 161
Trd, 000057.400, 161
Trd, 000057.833, 167
Trd, 000059.017, 163
Trd, 000059.533, 161
Trd, 000059.600, 157
Trd, 000060.067, 160
Trd, 000060.100, 163
Trd, 000060.650, 163
Trd, 000061.450, 161
Trd, 000062.150, 159
Trd, 000063.633, 159
Trd, 000063.750, 159
Trd, 000064.033, 154
Trd, 000064.850, 157
Trd, 000065.483, 155
Trd, 000065.867, 153
Trd, 000066.233, 155
Trd, 000066.567, 156
Trd, 000067.000, 154
Trd, 000067.750, 155
Trd, 000068.700, 153
Trd, 000068.833, 154
Trd, 000069.517, 149
Trd, 000070.450, 147
Trd, 000070.667, 144
Trd, 000070.767, 149
Trd, 000071.000, 153
Trd, 000071.367, 148
Trd, 000071.467, 165
Trd, 000072.067, 179
Trd, 000072.750, 150
Trd, 000072.800, 159
Trd, 000073.067, 162
Trd, 000074.617, 155
Trd, 000076.350, 175
Trd, 000076.400, 174
Trd, 000076.600, 166
Trd, 000077.033, 167
Trd, 000077.200, 173
Trd, 000077.750, 173
Trd, 000079.250, 166
Trd, 000079.483, 171
Trd, 000079.983, 166
Trd, 000080.050, 156
Trd, 000080.317, 167
Trd, 000080.900, 163
Trd, 000081.550, 161
Trd, 000083.583, 161
Trd, 000084.000, 162
Trd, 000084.317, 162
Trd, 000085.067, 160
Trd, 000085.200, 159
Trd, 000085.267, 161
Trd, 000085.700, 156
Trd, 000086.650, 155
Trd, 000087.067, 155
Trd, 000087.900, 154
Trd, 000087.950, 156
Trd, 000088.717, 148
Trd, 000089.067, 145
Trd, 000089.300, 157
Trd, 000089.633, 155
Trd, 000090.100, 156
Trd, 000090.267, 147
Trd, 000091.017, 143
Trd, 000091.033, 157
Trd, 000091.167, 167
Trd, 000091.783, 148
Trd, 000093.383, 154
Trd, 000093.433, 155
Trd, 000093.533, 181
Trd, 000093.767, 156
Trd, 000094.017, 157
Trd, 000095.417, 157
Trd, 000095.450, 151
Trd, 000096.317, 151
Trd, 000096.867, 154
Trd, 000097.067, 167
Trd, 000097.300, 181
Trd, 000098.383, 160
Trd, 000099.967, 161
Trd, 000100.167, 160
Trd, 000100.267, 161
Trd, 000100.317, 158
Trd, 000100.500, 165
Trd, 000103.250, 160
Trd, 000103.300, 161
Trd, 000103.483, 161
Trd, 000104.300, 157
Trd, 000105.017, 161
Trd, 000105.583, 160
Trd, 000106.317, 158
Trd, 000106.350, 157
Trd, 000106.700, 162
Trd, 000106.933, 177
Trd, 000106.950, 161
Trd, 000107.233, 159
Trd, 000107.533, 180
Trd, 000108.333, 161
Trd, 000110.917, 169
Trd, 000111.067, 165
Trd, 000112.367, 165
Trd, 000113.633, 169
Trd, 000114.567, 165
Trd, 000114.967, 165
Trd, 000115.133, 163
Trd, 000115.600, 162
Trd, 000115.917, 166
Trd, 000116.383, 167
Trd, 000116.433, 159
Trd, 000116.450, 156
Trd, 000118.400, 160
Trd, 000118.700, 159
Trd, 000118.883, 159
Trd, 000119.050, 152
Trd, 000119.133, 161
Trd, 000119.150, 162
Trd, 000120.217, 156
Trd, 000120.633, 163
Trd, 000121.550, 160
Trd, 000122.267, 184
Trd, 000122.533, 194
Trd, 000122.833, 201
Trd, 000123.050, 263
Trd, 000123.133, 271
Trd, 000124.000, 303.0
Trd, 000124.333, 315
Trd, 000124.383, 327.0
Trd, 000124.450, 331.0
Trd, 000124.517, 344
Trd, 000125.233, 313.0
Trd, 000125.267, 338
Trd, 000125.800, 338
Trd, 000126.150, 346.0
Trd, 000126.567, 351.0
Trd, 000128.017, 346.0
Trd, 000128.167, 348.0
Trd, 000129.750, 348.0
Trd, 000130.567, 348
Trd, 000130.733, 349
Trd, 000130.950, 349
Trd, 000131.750, 352
Trd, 000132.233, 346
Trd, 000132.317, 351
Trd, 000132.533, 346
Trd, 000134.450, 345
Trd, 000135.567, 344
Trd, 000135.950, 348.0
Trd, 000136.033, 344
Trd, 000136.250, 342
Trd, 000136.883, 348.0
Trd, 000137.100, 349
Trd, 000137.567, 351.0
Trd, 000138.933, 339
Trd, 000139.033, 347.0
Trd, 000139.383, 348.0
Trd, 000140.900, 346
Trd, 000142.100, 342
Trd, 000142.250, 344
Trd, 000142.967, 344
Trd, 000143.333, 346
Trd, 000144.067, 346
Trd, 000145.150, 342
Trd, 000146.250, 342
Trd, 000146.350, 342
Trd, 000146.433, 343
Trd, 000147.750, 342
Trd, 000148.667, 342
Trd, 000149.033, 343
Trd, 000149.450, 341
Trd, 000150.217, 341
Trd, 000150.433, 340
Trd, 000150.883, 338
Trd, 000151.233, 344
Trd, 000151.350, 339
Trd, 000151.783, 346
Trd, 000151.933, 340
Trd, 000152.567, 348.0
Trd, 000152.917, 358
Trd, 000153.100, 372.0
Trd, 000153.400, 337.0
Trd, 000154.083, 348.0
Trd, 000155.050, 346
Trd, 000156.233, 340
Trd, 000157.767, 345
Trd, 000157.900, 346
Trd, 000159.233, 347
Trd, 000159.917, 348.0
Trd, 000160.200, 342
Trd, 000160.900, 343
Trd, 000160.933, 340
Trd, 000161.017, 340
Trd, 000161.817, 346
Trd, 000162.450, 341
Trd, 000162.733, 346.0
Trd, 000163.500, 344
Trd, 000165.467, 345
Trd, 000165.883, 346
Trd, 000166.717, 344
Trd, 000167.433, 339
Trd, 000167.767, 344.0
Trd, 000168.283, 345.0
Trd, 000168.550, 342
Trd, 000169.300, 351.0
Trd, 000169.317, 358
Trd, 000170.200, 350
Trd, 000170.417, 354
Trd, 000171.183, 350
Trd, 000171.317, 348
Trd, 000171.700, 348.0
Trd, 000172.217, 357
Trd, 000174.017, 351.0
Trd, 000174.300, 351
Trd, 000174.817, 357
Trd, 000174.950, 353
Trd, 000177.133, 349
Trd, 000177.167, 351
Trd, 000178.933, 349
Trd, 000179.067, 348.0
Trd, 000179.400, 351
Trd, 000179.717, 345
Trd, 000179.983, 348.0
Trd, 000180.433, 350
Trd, 000180.500, 353
Trd, 000181.350, 340
Trd, 000182.250, 337
Trd, 000182.333, 337.0
Trd, 000182.417, 334.0
Trd, 000182.517, 327.0
Trd, 000183.400, 289
Trd, 000183.450, 213
Trd, 000184.550, 219
Trd, 000185.450, 207
Trd, 000185.967, 204
Trd, 000186.150, 203
Trd, 000186.267, 197
Trd, 000187.217, 179
Trd, 000187.583, 190
Trd, 000188.000, 180
Trd, 000188.400, 180
Trd, 000188.600, 188
Trd, 000188.783, 183
Trd, 000189.133, 187
Trd, 000189.283, 188
Trd, 000189.467, 170
Trd, 000189.600, 167
Trd, 000190.883, 174
Trd, 000192.467, 174
Trd, 000192.600, 174
Trd, 000194.400, 176
Trd, 000194.933, 175
Trd, 000195.450, 170
Trd, 000195.950, 172
Trd, 000196.517, 174
Trd, 000196.567, 178
Trd, 000197.300, 167
Trd, 000197.783, 168
Trd, 000197.900, 159
Trd, 000198.400, 166
Trd, 000199.100, 168
Trd, 000200.167, 166
Trd, 000200.267, 167
Trd, 000202.317, 166
Trd, 000202.550, 165
Trd, 000203.017, 165
Trd, 000204.933, 164
Trd, 000205.833, 163
Trd, 000206.017, 163
Trd, 000206.583, 163
Trd, 000206.983, 166
Trd, 000207.067, 166
Trd, 000207.500, 167
Trd, 000208.200, 167
Trd, 000208.300, 162
Trd, 000208.483, 168
Trd, 000208.733, 163
Trd, 000209.633, 168
Trd, 000210.500, 171
Trd, 000210.633, 180
Trd, 000211.567, 189
Trd, 000211.600, 172
Trd, 000211.950, 178
Trd, 000212.417, 179
Trd, 000212.817, 176
Trd, 000213.200, 171
Trd, 000213.500, 172
Trd, 000214.600, 173
Trd, 000215.900, 173
Trd, 000215.983, 174
Trd, 000216.850, 173
Trd, 000217.000, 172
Trd, 000217.750, 179
Trd, 000218.017, 193
Trd, 000218.067, 196
Trd, 000218.117, 199
Trd, 000218.717, 200
Trd, 000219.233, 175
Trd, 000220.833, 178
Trd, 000221.067, 178
Trd, 000221.250, 178
Trd, 000221.300, 186
Trd, 000221.833, 173
Trd, 000222.750, 170
Trd, 000223.917, 177
Trd, 000224.017, 173
Trd, 000225.133, 173
Trd, 000226.367, 175
Trd, 000226.583, 173
Trd, 000226.800, 171
Trd, 000226.900, 162
Trd, 000228.067, 173
Trd, 000228.717, 171
Trd, 000228.750, 172
Trd, 000230.017, 170
Trd, 000230.117, 169
Trd, 000230.267, 181
Trd, 000231.467, 174
Trd, 000231.517, 171
Trd, 000231.733, 175
Trd, 000232.850, 173
Trd, 000233.417, 174
Trd, 000233.767, 170
Trd, 000235.283, 171
Trd, 000235.550, 172
Trd, 000235.583, 169
Trd, 000235.850, 173
Trd, 000236.417, 174
Trd, 000236.500, 169
Trd, 000237.150, 171
Trd, 000238.683, 169
Trd, 000238.700, 171
Trd, 000238.883, 169
Trd, 000239.050, 169
Trd, 000239.783, 170
Trd, 000240.017, 171
Trd, 000240.200, 170
Trd, 000241.317, 169
Trd, 000241.433, 171
Trd, 000241.583, 172
Trd, 000242.350, 171
Trd, 000242.650, 167
Trd, 000242.950, 164
Trd, 000243.033, 161
Trd, 000243.267, 165
Trd, 000243.483, 169
Trd, 000243.533, 175
Trd, 000244.533, 172
Trd, 000244.950, 170
Trd, 000245.400, 169
Trd, 000246.200, 171
Trd, 000246.650, 169
Trd, 000246.717, 169
Trd, 000246.933, 172
Trd, 000247.367, 173
Trd, 000247.583, 175
Trd, 000248.367, 175
Trd, 000248.383, 170
Trd, 000248.633, 183
Trd, 000248.867, 162
Trd, 000249.850, 171
Trd, 000250.267, 168
Trd, 000250.817, 167
Trd, 000250.900, 173
Trd, 000251.300, 164
Trd, 000252.250, 167
Trd, 000252.767, 168
Trd, 000252.883, 163
Trd, 000253.450, 170
Trd, 000253.667, 171
Trd, 000254.083, 175
Trd, 000254.167, 167
Trd, 000255.400, 170
Trd, 000255.550, 173
Trd, 000256.400, 173
Trd, 000257.217, 172
Trd, 000257.717, 170
Trd, 000257.950, 168
Trd, 000258.333, 170
Trd, 000258.783, 167
Trd, 000259.783, 167
Trd, 000259.867, 169
Trd, 000260.400, 169
Trd, 000260.667, 171
Trd, 000260.817, 167
Trd, 000260.850, 174
Trd, 000261.467, 167
Trd, 000261.817, 177
Trd, 000262.783, 174
Trd, 000262.800, 175
Trd, 000264.033, 176
Trd, 000264.217, 167
Trd, 000264.400, 166
Trd, 000264.583, 174
Trd, 000264.983, 174
Trd, 000265.817, 175
Trd, 000266.050, 177
Trd, 000266.183, 177
Trd, 000267.167, 179
Trd, 000267.683, 178
Trd, 000268.517, 180
Trd, 000268.783, 176
Trd, 000269.300, 179
Trd, 000269.817, 178
Trd, 000270.000, 180
Trd, 000270.400, 177
Trd, 000270.733, 178
Trd, 000270.850, 179
Trd, 000271.000, 176
Trd, 000272.150, 175
Trd, 000272.333, 174
Trd, 000273.200, 178
Trd, 000274.067, 174
Trd, 000274.350, 171
Trd, 000274.583, 175
Trd, 000275.667, 172
Trd, 000276.183, 168
Trd, 000276.217, 167
Trd, 000276.233, 171
Trd, 000276.600, 173
Trd, 000276.717, 174
Trd, 000277.600, 168
Trd, 000278.167, 172
Trd, 000280.117, 168
Trd, 000280.367, 170
Trd, 000280.483, 176
Trd, 000281.017, 171
Trd, 000281.200, 166
Trd, 000281.817, 170
Trd, 000282.033, 169
Trd, 000282.200, 171
Trd, 000283.033, 172
Trd, 000283.833, 166
Trd, 000283.950, 166
Trd, 000284.250, 168
Trd, 000284.450, 166
Trd, 000284.583, 166
Trd, 000284.617, 172
Trd, 000285.133, 170
Trd, 000285.417, 165
Trd, 000285.533, 176
Trd, 000286.467, 172
Trd, 000286.750, 172
Trd, 000286.833, 174
Trd, 000287.067, 178
Trd, 000287.283, 178
Trd, 000288.633, 179
Trd, 000288.950, 177
Trd, 000289.650, 178
Trd, 000289.733, 173
Trd, 000289.983, 173
Trd, 000290.100, 172
Trd, 000291.267, 179
Trd, 000291.467, 180
Trd, 000292.850, 177
Trd, 000293.750, 171
Trd, 000294.250, 172
Trd, 000294.833, 175
Trd, 000295.300, 170
Trd, 000296.133, 171
Trd, 000296.250, 169
Trd, 000296.283, 169
Trd, 000296.817, 171
Trd, 000297.083, 173
Trd, 000298.017, 170
Trd, 000298.217, 167
Trd, 000298.683, 168
Trd, 000298.900, 167
Trd, 000299.217, 167
Trd, 000299.867, 169
Trd, 000299.900, 169
