Trd, 000001.683, 133
Trd, 000001.750, 134
Trd, 000003.417, 150
Trd, 000003.917, 151
Trd, 000005.117, 159
Trd, 000005.300, 159
Trd, 000005.833, 158
Trd, 000005.933, 157
Trd, 000006.367, 154
Trd, 000006.483, 157
Trd, 000006.600, 158
Trd, 000006.767, 158
Trd, 000009.183, 157
Trd, 000009.283, 158
Trd, 000010.083, 157
Trd, 000011.633, 157
Trd, 000011.900, 159
Trd, 000012.500, 159
Trd, 000013.433, 158
Trd, 000013.483, 158
Trd, 000015.083, 159
Trd, 000015.517, 159
Trd, 000016.350, 158
Trd, 000016.550, 157
Trd, 000017.433, 153
Trd, 000018.133, 147
Trd, 000018.200, 145
Trd, 000019.217, 148
Trd, 000019.817, 148
Trd, 000020.300, 148
Trd, 000021.150, 148
Trd, 000021.633, 148
Trd, 000022.333, 146
Trd, 000022.583, 149
Trd, 000022.817, 149
Trd, 000023.750, 149
Trd, 000024.133, 151
Trd, 000024.150, 152
Trd, 000024.767, 153
Trd, 000024.950, 154
Trd, 000026.483, 154
Trd, 000027.333, 165
Trd, 000027.367, 161
Trd, 000028.267, 162
Trd, 000028.367, 161
Trd, 000029.200, 160
Trd, 000029.883, 157
Trd, 000030.250, 154
Trd, 000030.283, 158
Trd, 000030.300, 149
Trd, 000030.733, 160
Trd, 000033.300, 151
Trd, 000033.733, 153
Trd, 000034.100, 154
Trd, 000034.183, 152
Trd, 000034.633, 151
Trd, 000034.750, 153
Trd, 000036.983, 151
Trd, 000037.600, 152
Trd, 000037.883, 150
Trd, 000038.717, 153
Trd, 000039.033, 153
Trd, 000040.350, 152
Trd, 000040.450, 152
Trd, 000040.533, 151
Trd, 000042.200, 152
Trd, 000042.233, 155
Trd, 000042.350, 150
Trd, 000043.850, 166
Trd, 000044.050, 167
Trd, 000045.483, 160
Trd, 000045.733, 159
Trd, 000046.183, 158
Trd, 000046.533, 157
Trd, 000046.683, 157
Trd, 000047.733, 159
Trd, 000047.867, 158
Trd, 000050.133, 153
Trd, 000050.233, 155
Trd, 000050.867, 156
Trd, 000050.967, 163
Trd, 000051.683, 157
Trd, 000052.133, 176
Trd, 000053.133, 163
Trd, 000053.483, 160
Trd, 000053.617, 159
Trd, 000053.833, 158
Trd, 000056.033, 158
Trd, 000058.617, 161
Trd, 000058.833, 161
Trd, 000059.267, 162
Trd, 000059.383, 164
Trd, 000059.417, 160
Trd, 000060.550, 159
Trd, 000061.867, 161
Trd, 000063.517, 160
Trd, 000063.967, 159
Trd, 000064.233, 160
Trd, 000064.600, 157
Trd, 000064.717, 161
Trd, 000065.833, 162
Trd, 000066.150, 156
Trd, 000066.733, 156
Trd, 000067.817, 151
Trd, 000068.683, 151
Trd, 000068.983, 154
Trd, 000069.167, 153
Trd, 000069.433, 152
Trd, 000069.517, 153
Trd, 000070.700, 153
Trd, 000071.500, 152
Trd, 000071.517, 153
Trd, 000072.067, 153
Trd, 000072.117, 151
Trd, 000072.150, 152
Trd, 000072.533, 158
Trd, 000074.950, 155
Trd, 000076.350, 156
Trd, 000077.117, 155
Trd, 000078.433, 155
Trd, 000079.300, 158
Trd, 000079.450, 158
Trd, 000079.650, 159
Trd, 000080.817, 158
Trd, 000081.100, 159
Trd, 000082.250, 158
Trd, 000082.600, 159
Trd, 000082.817, 160
Trd, 000083.817, 159
Trd, 000083.883, 161
Trd, 000084.883, 158
Trd, 000086.750, 160
Trd, 000087.017, 155
Trd, 000087.867, 159
Trd, 000088.983, 157
Trd, 000089.400, 156
Trd, 000089.417, 155
Trd, 000090.100, 159
Trd, 000090.133, 160
Trd, 000090.167, 158
Trd, 000090.883, 160
Trd, 000091.917, 167
Trd, 000092.700, 166
Trd, 000092.867, 166
Trd, 000093.033, 168
Trd, 000093.283, 165
Trd, 000094.517, 171
Trd, 000094.683, 173
Trd, 000095.433, 169
Trd, 000096.300, 168
Trd, 000096.533, 169
Trd, 000097.450, 163
Trd, 000098.883, 166
Trd, 000098.983, 154
Trd, 000099.767, 163
Trd, 000099.900, 164
Trd, 000100.383, 164
Trd, 000101.383, 162
Trd, 000103.300, 161
Trd, 000103.700, 164
Trd, 000104.500, 164
Trd, 000104.533, 166
Trd, 000104.850, 175
Trd, 000105.567, 164
Trd, 000106.183, 167
Trd, 000106.533, 166
Trd, 000106.633, 166
Trd, 000107.200, 164
Trd, 000107.983, 166
Trd, 000109.017, 166
Trd, 000109.150, 168
Trd, 000109.200, 170
Trd, 000109.400, 158
Trd, 000110.300, 158
Trd, 000110.633, 160
Trd, 000113.133, 156
Trd, 000113.433, 155
Trd, 000113.450, 148
Trd, 000113.617, 157
Trd, 000114.433, 155
Trd, 000114.667, 155
Trd, 000115.200, 156
Trd, 000115.983, 162
Trd, 000116.067, 176
Trd, 000116.783, 154
Trd, 000117.700, 149
Trd, 000118.417, 158
Trd, 000119.583, 160
Trd, 000120.400, 161
Trd, 000121.350, 162
Trd, 000121.983, 163
Trd, 000122.517, 175
Trd, 000122.883, 176
Trd, 000123.150, 177
Trd, 000124.000, 250
Trd, 000124.050, 289
Trd, 000124.367, 350.0
Trd, 000124.950, 342
Trd, 000125.383, 344
Trd, 000126.817, 339
Trd, 000127.200, 339
Trd, 000127.650, 338.0
Trd, 000129.300, 342
Trd, 000129.450, 345
Trd, 000129.500, 336
Trd, 000130.683, 344
Trd, 000131.933, 346
Trd, 000132.233, 344.0
Trd, 000133.583, 345
Trd, 000134.017, 344
Trd, 000134.483, 343
Trd, 000135.033, 344
Trd, 000135.567, 345
Trd, 000136.017, 347
Trd, 000137.283, 346
Trd, 000138.733, 346
Trd, 000138.950, 347
Trd, 000140.583, 347
Trd, 000141.133, 349.0
Trd, 000141.200, 345
Trd, 000141.283, 350.0
Trd, 000142.783, 347.0
Trd, 000142.917, 349
Trd, 000144.617, 346.0
Trd, 000146.033, 346
Trd, 000146.633, 345
Trd, 000146.667, 346
Trd, 000147.183, 350
Trd, 000148.000, 345.0
Trd, 000148.767, 344.0
Trd, 000149.083, 344
Trd, 000149.200, 344
Trd, 000151.100, 344
Trd, 000151.133, 345
Trd, 000152.683, 348
Trd, 000153.667, 337.0
Trd, 000154.167, 339
Trd, 000154.567, 340
Trd, 000155.033, 339
Trd, 000155.617, 339
Trd, 000157.817, 338
Trd, 000158.617, 338
Trd, 000158.633, 342
Trd, 000159.100, 351.0
Trd, 000160.833, 342
Trd, 000160.950, 347
Trd, 000161.033, 347
Trd, 000161.217, 348
Trd, 000161.767, 351.0
Trd, 000163.033, 348
Trd, 000163.367, 362
Trd, 000165.217, 353
Trd, 000165.250, 352
Trd, 000165.983, 356.0
Trd, 000166.483, 350
Trd, 000166.983, 351.0
Trd, 000168.100, 354
Trd, 000168.483, 352
Trd, 000169.617, 354
Trd, 000169.783, 357.0
Trd, 000171.267, 353
Trd, 000171.317, 347
Trd, 000172.333, 345.0
Trd, 000173.950, 348
Trd, 000174.450, 350
Trd, 000174.800, 351.0
Trd, 000175.600, 350
Trd, 000175.950, 348
Trd, 000175.967, 347
Trd, 000176.950, 347
Trd, 000178.917, 346
Trd, 000179.733, 347
Trd, 000180.117, 348
Trd, 000180.183, 347
Trd, 000181.483, 342
Trd, 000181.517, 341
Trd, 000182.267, 342
Trd, 000182.500, 334.0
Trd, 000182.750, 327
Trd, 000182.883, 326
Trd, 000183.450, 313.0
Trd, 000183.750, 274
Trd, 000184.117, 190
Trd, 000184.833, 180
Trd, 000187.233, 167
Trd, 000187.900, 167
Trd, 000188.733, 187
Trd, 000189.050, 182
Trd, 000189.333, 181
Trd, 000189.717, 182
Trd, 000190.733, 180
Trd, 000191.050, 184
Trd, 000192.683, 182
Trd, 000192.750, 179
Trd, 000193.817, 178
Trd, 000194.617, 178
Trd, 000195.117, 178
Trd, 000195.400, 177
Trd, 000195.733, 177
Trd, 000195.850, 177
Trd, 000196.467, 178
Trd, 000196.667, 178
Trd, 000198.533, 168
Trd, 000199.000, 178
Trd, 000199.150, 159
Trd, 000200.500, 169
Trd, 000201.350, 168
Trd, 000201.817, 168
Trd, 000202.150, 170
Trd, 000202.500, 169
Trd, 000203.133, 170
Trd, 000205.083, 169
Trd, 000205.750, 169
Trd, 000206.217, 168
Trd, 000206.717, 169
Trd, 000206.733, 171
Trd, 000209.850, 171
Trd, 000210.717, 170
Trd, 000210.817, 171
Trd, 000211.567, 169
Trd, 000211.783, 170
Trd, 000212.333, 171
Trd, 000213.333, 170
Trd, 000214.017, 169
Trd, 000214.267, 167
Trd, 000214.650, 170
Trd, 000215.633, 169
Trd, 000217.417, 165
Trd, 000218.317, 167
Trd, 000218.667, 166
Trd, 000218.800, 165
Trd, 000219.733, 167
Trd, 000220.550, 167
Trd, 000221.383, 171
Trd, 000223.800, 168
Trd, 000224.100, 168
Trd, 000224.533, 168
Trd, 000224.867, 168
Trd, 000225.017, 170
Trd, 000225.250, 170
Trd, 000226.433, 173
Trd, 000227.750, 174
Trd, 000227.767, 169
Trd, 000228.583, 174
Trd, 000228.900, 173
Trd, 000229.200, 173
Trd, 000229.483, 173
Trd, 000230.467, 172
Trd, 000231.683, 172
Trd, 000232.517, 172
Trd, 000233.333, 173
Trd, 000233.400, 174
Trd, 000233.567, 174
Trd, 000233.883, 181
Trd, 000234.633, 188
Trd, 000234.650, 172
Trd, 000235.283, 177
Trd, 000235.333, 176
Trd, 000236.883, 180
Trd, 000237.800, 179
Trd, 000238.283, 178
Trd, 000238.617, 178
Trd, 000239.483, 178
Trd, 000240.050, 176
Trd, 000240.400, 173
Trd, 000240.517, 173
Trd, 000240.617, 171
Trd, 000241.117, 173
Trd, 000241.600, 173
Trd, 000241.767, 175
Trd, 000241.900, 179
Trd, 000242.717, 180
Trd, 000242.850, 179
Trd, 000243.050, 178
Trd, 000243.417, 175
Trd, 000244.000, 172
Trd, 000245.117, 174
Trd, 000245.550, 172
Trd, 000245.800, 165
Trd, 000246.300, 173
Trd, 000247.283, 168
Trd, 000247.567, 174
Trd, 000248.217, 171
Trd, 000248.500, 171
Trd, 000249.117, 172
Trd, 000249.250, 169
Trd, 000250.167, 172
Trd, 000250.217, 174
Trd, 000250.533, 174
Trd, 000250.950, 172
Trd, 000251.600, 169
Trd, 000252.517, 173
Trd, 000252.783, 173
Trd, 000252.867, 172
Trd, 000253.617, 173
Trd, 000254.767, 180
Trd, 000255.100, 177
Trd, 000255.183, 183
Trd, 000255.467, 188
Trd, 000255.583, 189
Trd, 000255.783, 176
Trd, 000256.767, 185
Trd, 000257.350, 184
Trd, 000257.583, 185
Trd, 000258.033, 185
Trd, 000258.800, 183
Trd, 000258.817, 182
Trd, 000258.933, 181
Trd, 000259.417, 181
Trd, 000260.450, 174
Trd, 000261.000, 174
Trd, 000261.250, 175
Trd, 000261.717, 176
Trd, 000262.150, 177
Trd, 000262.500, 176
Trd, 000262.533, 177
Trd, 000262.667, 184
Trd, 000263.183, 179
Trd, 000263.967, 186
Trd, 000264.117, 185
Trd, 000264.233, 186
Trd, 000264.400, 188
Trd, 000265.383, 185
Trd, 000265.850, 185
Trd, 000266.100, 184
Trd, 000266.217, 184
Trd, 000266.600, 183
Trd, 000266.867, 182
Trd, 000268.250, 184
Trd, 000268.833, 187
Trd, 000269.133, 188
Trd, 000269.650, 186
Trd, 000270.067, 185
Trd, 000270.667, 180
Trd, 000270.800, 181
Trd, 000270.933, 185
Trd, 000270.983, 185
Trd, 000272.167, 182
Trd, 000272.183, 183
Trd, 000272.533, 180
Trd, 000273.967, 176
Trd, 000274.483, 175
Trd, 000274.533, 178
Trd, 000274.817, 179
Trd, 000274.917, 175
Trd, 000275.133, 178
Trd, 000275.533, 177
Trd, 000275.583, 174
Trd, 000275.967, 177
Trd, 000276.083, 174
Trd, 000277.217, 178
Trd, 000278.500, 177
Trd, 000279.467, 181
Trd, 000279.667, 184
Trd, 000280.083, 182
Trd, 000280.100, 186
Trd, 000280.433, 189
Trd, 000280.467, 181
Trd, 000281.517, 184
Trd, 000281.950, 188
Trd, 000282.917, 187
Trd, 000283.000, 188
Trd, 000283.417, 190
Trd, 000283.700, 184
Trd, 000284.017, 183
Trd, 000284.150, 180
Trd, 000285.067, 180
Trd, 000285.100, 179
Trd, 000285.450, 172
Trd, 000285.983, 175
Trd, 000286.400, 170
Trd, 000286.850, 170
Trd, 000287.400, 172
Trd, 000287.933, 175
Trd, 000288.683, 175
Trd, 000288.767, 175
Trd, 000289.033, 174
Trd, 000289.417, 176
Trd, 000289.717, 173
Trd, 000289.867, 179
Trd, 000290.667, 179
Trd, 000291.433, 177
Trd, 000291.483, 178
Trd, 000291.533, 177
Trd, 000291.667, 187
Trd, 000291.767, 191
Trd, 000292.233, 183
Trd, 000292.567, 182
Trd, 000293.200, 180
Trd, 000293.333, 179
Trd, 000293.783, 179
Trd, 000294.300, 180
Trd, 000295.517, 178
Trd, 000295.617, 178
Trd, 000296.400, 182
Trd, 000296.967, 177
Trd, 000297.267, 162
Trd, 000297.533, 186
Trd, 000298.533, 167
Trd, 000299.000, 167
Trd, 000299.400, 171
