Trd, 000001.983, 155
Trd, 000002.350, 196
Trd, 000002.450, 157
Trd, 000002.950, 165
Trd, 000004.083, 163
Trd, 000004.133, 162
Trd, 000004.733, 162
Trd, 000005.017, 165
Trd, 000005.567, 161
Trd, 000005.800, 158
Trd, 000005.817, 151
Trd, 000006.200, 143
Trd, 000007.400, 156
Trd, 000007.533, 148
Trd, 000008.567, 146
Trd, 000008.817, 138
Trd, 000009.383, 143
Trd, 000009.833, 144
Trd, 000010.583, 140
Trd, 000010.667, 145
Trd, 000011.800, 145
Trd, 000012.117, 144
Trd, 000012.250, 145
Trd, 000012.450, 143
Trd, 000013.200, 145
Trd, 000013.267, 145
Trd, 000013.467, 146
Trd, 000013.800, 149
Trd, 000014.467, 146
Trd, 000014.800, 155
Trd, 000015.517, 150
Trd, 000015.683, 151
Trd, 000015.950, 151
Trd, 000016.700, 148
Trd, 000017.567, 153
Trd, 000017.900, 149
Trd, 000018.850, 149
Trd, 000019.000, 149
Trd, 000019.200, 150
Trd, 000019.600, 155
Trd, 000020.050, 147
Trd, 000020.650, 143
Trd, 000020.833, 152
Trd, 000021.133, 152
Trd, 000021.217, 154
Trd, 000021.317, 144
Trd, 000022.117, 154
Trd, 000022.483, 154
Trd, 000023.183, 153
Trd, 000023.783, 153
Trd, 000024.300, 150
Trd, 000025.100, 148
Trd, 000025.267, 148
Trd, 000025.833, 144
Trd, 000026.650, 142
Trd, 000026.917, 144
Trd, 000026.933, 144
Trd, 000027.883, 144
Trd, 000028.583, 141
Trd, 000028.900, 143
Trd, 000029.217, 144
Trd, 000029.483, 146
Trd, 000029.683, 147
Trd, 000029.900, 147
Trd, 000030.133, 151
Trd, 000030.967, 147
Trd, 000031.200, 146
Trd, 000031.433, 148
Trd, 000032.883, 158
Trd, 000033.433, 150
Trd, 000033.550, 151
Trd, 000033.733, 158
Trd, 000034.133, 153
Trd, 000034.733, 153
Trd, 000035.000, 152
Trd, 000035.183, 155
Trd, 000036.050, 154
Trd, 000036.117, 156
Trd, 000036.550, 154
Trd, 000036.650, 159
Trd, 000037.450, 159
Trd, 000038.033, 158
Trd, 000038.317, 159
Trd, 000038.400, 158
Trd, 000038.800, 157
Trd, 000040.667, 151
Trd, 000040.750, 152
Trd, 000041.267, 151
Trd, 000041.700, 150
Trd, 000042.367, 146
Trd, 000042.433, 148
Trd, 000042.450, 149
Trd, 000042.850, 152
Trd, 000043.233, 149
Trd, 000043.583, 149
Trd, 000043.933, 149
Trd, 000044.483, 146
Trd, 000044.750, 143
Trd, 000045.533, 149
Trd, 000045.683, 143
Trd, 000046.167, 147
Trd, 000046.300, 148
Trd, 000048.950, 146
Trd, 000049.367, 146
Trd, 000049.417, 145
Trd, 000049.683, 145
Trd, 000049.733, 146
Trd, 000050.067, 147
Trd, 000050.383, 145
Trd, 000050.933, 144
Trd, 000051.150, 145
Trd, 000051.600, 147
Trd, 000051.783, 146
Trd, 000052.350, 148
Trd, 000052.633, 145
Trd, 000053.100, 142
Trd, 000054.033, 142
Trd, 000054.217, 141
Trd, 000054.533, 143
Trd, 000055.317, 143
Trd, 000055.450, 142
Trd, 000055.733, 146
Trd, 000056.133, 150
Trd, 000057.017, 147
Trd, 000057.800, 149
Trd, 000057.867, 148
Trd, 000058.483, 152
Trd, 000058.600, 154
Trd, 000059.800, 161
Trd, 000059.950, 159
Trd, 000060.550, 159
Trd, 000061.250, 169
Trd, 000061.733, 164
Trd, 000061.950, 166
Trd, 000062.167, 164
Trd, 000062.567, 161
Trd, 000062.783, 163
Trd, 000062.867, 148
Trd, 000063.183, 150
Trd, 000063.917, 149
Trd, 000064.083, 148
Trd, 000064.433, 149
Trd, 000065.233, 148
Trd, 000065.350, 144
Trd, 000065.700, 149
Trd, 000066.150, 150
Trd, 000066.350, 151
Trd, 000067.183, 162
Trd, 000067.417, 169
Trd, 000068.417, 154
Trd, 000069.467, 156
Trd, 000069.717, 157
Trd, 000070.167, 157
Trd, 000070.233, 158
Trd, 000070.317, 159
Trd, 000071.333, 160
Trd, 000071.633, 159
Trd, 000071.950, 161
Trd, 000072.383, 160
Trd, 000073.200, 161
Trd, 000073.817, 161
Trd, 000074.133, 161
Trd, 000074.333, 160
Trd, 000074.500, 161
Trd, 000074.550, 162
Trd, 000074.950, 158
Trd, 000075.500, 146
Trd, 000075.750, 151
Trd, 000076.367, 153
Trd, 000076.883, 154
Trd, 000077.683, 154
Trd, 000077.983, 151
Trd, 000078.000, 155
Trd, 000078.433, 151
Trd, 000078.467, 150
Trd, 000078.500, 148
Trd, 000079.650, 152
Trd, 000079.917, 153
Trd, 000080.233, 150
Trd, 000081.417, 149
Trd, 000081.517, 151
Trd, 000082.617, 150
Trd, 000082.883, 150
Trd, 000083.283, 149
Trd, 000083.500, 152
Trd, 000083.800, 156
Trd, 000083.983, 163
Trd, 000084.117, 144
Trd, 000084.133, 138
Trd, 000084.333, 173
Trd, 000085.550, 139
Trd, 000086.100, 133
Trd, 000086.500, 132
Trd, 000086.650, 138
Trd, 000087.283, 138
Trd, 000087.433, 140
Trd, 000087.700, 142
Trd, 000087.817, 146
Trd, 000087.883, 135
Trd, 000088.917, 161
Trd, 000089.067, 173
Trd, 000089.417, 161
Trd, 000090.083, 160
Trd, 000090.183, 160
Trd, 000090.417, 160
Trd, 000090.550, 159
Trd, 000091.217, 135
Trd, 000091.400, 154
Trd, 000091.667, 153
Trd, 000092.367, 128
Trd, 000092.533, 129
Trd, 000092.733, 131
Trd, 000092.850, 140
Trd, 000092.983, 143
Trd, 000093.650, 127
Trd, 000093.767, 129
Trd, 000095.700, 146
Trd, 000096.550, 146
Trd, 000096.850, 145
Trd, 000096.967, 151
Trd, 000097.683, 150
Trd, 000098.117, 157
Trd, 000098.867, 152
Trd, 000099.433, 152
Trd, 000099.567, 156
Trd, 000099.783, 156
Trd, 000099.967, 157
Trd, 000101.217, 158
Trd, 000101.767, 165
Trd, 000102.367, 161
Trd, 000102.433, 159
Trd, 000103.233, 151
Trd, 000103.300, 157
Trd, 000103.517, 146
Trd, 000104.000, 142
Trd, 000104.083, 144
Trd, 000104.133, 142
Trd, 000104.500, 158
Trd, 000104.817, 148
Trd, 000105.850, 147
Trd, 000106.083, 148
Trd, 000106.450, 151
Trd, 000106.683, 155
Trd, 000107.267, 153
Trd, 000108.267, 156
Trd, 000109.000, 156
Trd, 000109.383, 156
Trd, 000109.783, 159
Trd, 000109.850, 158
Trd, 000109.983, 158
Trd, 000110.217, 160
Trd, 000110.450, 161
Trd, 000110.717, 159
Trd, 000111.167, 159
Trd, 000111.233, 161
Trd, 000111.283, 174
Trd, 000112.150, 155
Trd, 000112.233, 165
Trd, 000113.200, 162
Trd, 000113.450, 165
Trd, 000113.733, 166
Trd, 000114.300, 151
Trd, 000114.583, 147
Trd, 000115.767, 162
Trd, 000115.833, 165
Trd, 000115.900, 150
Trd, 000116.700, 165
Trd, 000117.083, 158
Trd, 000118.200, 163
Trd, 000118.383, 164
Trd, 000119.150, 163
Trd, 000119.367, 164
Trd, 000119.517, 162
Trd, 000119.583, 161
Trd, 000119.767, 164
Trd, 000120.283, 160
Trd, 000121.317, 159
Trd, 000121.700, 162
Trd, 000122.083, 161
Trd, 000122.267, 160
Trd, 000122.333, 167
Trd, 000122.683, 174
Trd, 000122.983, 198
Trd, 000123.383, 288
Trd, 000123.733, 308
Trd, 000123.800, 320.0
Trd, 000124.050, 342
Trd, 000124.867, 322
Trd, 000125.417, 330.0
Trd, 000126.233, 329
Trd, 000126.683, 323
Trd, 000126.817, 331
Trd, 000126.983, 331.0
Trd, 000127.150, 334.0
Trd, 000127.233, 330
Trd, 000127.650, 337
Trd, 000127.783, 331
Trd, 000127.967, 342
Trd, 000128.617, 342.0
Trd, 000130.000, 345
Trd, 000130.583, 346.0
Trd, 000131.167, 347.0
Trd, 000131.800, 346
Trd, 000131.850, 347
Trd, 000132.400, 346
Trd, 000132.833, 347
Trd, 000132.900, 348.0
Trd, 000133.900, 344
Trd, 000134.000, 347.0
Trd, 000134.500, 339
Trd, 000135.483, 348.0
Trd, 000135.733, 349
Trd, 000136.200, 340
Trd, 000136.467, 339
Trd, 000137.133, 338
Trd, 000138.350, 337
Trd, 000138.500, 336
Trd, 000138.717, 343
Trd, 000139.050, 344
Trd, 000139.983, 341
Trd, 000141.317, 339
Trd, 000141.967, 341
Trd, 000142.117, 342
Trd, 000142.817, 344.0
Trd, 000143.000, 345
Trd, 000143.350, 345
Trd, 000143.383, 344
Trd, 000143.467, 354.0
Trd, 000144.500, 347
Trd, 000145.033, 336
Trd, 000145.450, 348.0
Trd, 000146.367, 346
Trd, 000146.867, 345
Trd, 000147.150, 351
Trd, 000147.167, 330
Trd, 000148.583, 345
Trd, 000148.717, 338
Trd, 000149.633, 345
Trd, 000150.183, 337
Trd, 000150.217, 344.0
Trd, 000150.417, 336
Trd, 000151.017, 344
Trd, 000151.450, 338
Trd, 000151.617, 348.0
Trd, 000152.550, 344
Trd, 000152.817, 345
Trd, 000154.300, 341
Trd, 000154.683, 340
Trd, 000155.400, 339
Trd, 000155.550, 343
Trd, 000155.567, 344.0
Trd, 000155.767, 339
Trd, 000157.433, 344
Trd, 000157.717, 344
Trd, 000157.800, 343
Trd, 000158.067, 348.0
Trd, 000158.150, 338
Trd, 000158.167, 355.0
Trd, 000158.533, 339
Trd, 000159.433, 337
Trd, 000159.883, 339
Trd, 000160.717, 338
Trd, 000161.083, 343
Trd, 000161.617, 338
Trd, 000162.167, 344.0
Trd, 000162.717, 340
Trd, 000163.533, 337
Trd, 000163.817, 337
Trd, 000164.417, 333
Trd, 000164.467, 334
Trd, 000164.883, 331.0
Trd, 000165.100, 329
Trd, 000165.117, 337
Trd, 000166.217, 340
Trd, 000166.267, 341
Trd, 000167.267, 338
Trd, 000167.600, 338
Trd, 000167.717, 339
Trd, 000168.350, 339
Trd, 000168.883, 337
Trd, 000169.033, 338
Trd, 000169.250, 335
Trd, 000171.000, 338
Trd, 000171.250, 339
Trd, 000172.233, 341
Trd, 000172.683, 342
Trd, 000173.017, 344.0
Trd, 000173.417, 348.0
Trd, 000173.717, 339
Trd, 000175.183, 335
Trd, 000175.883, 344
Trd, 000176.083, 342.0
Trd, 000176.450, 341
Trd, 000177.033, 337
Trd, 000177.217, 338
Trd, 000177.467, 336
Trd, 000178.467, 337
Trd, 000178.933, 339.0
Trd, 000179.200, 343
Trd, 000179.333, 344.0
Trd, 000179.567, 348.0
Trd, 000180.833, 344
Trd, 000180.900, 341
Trd, 000181.200, 339
Trd, 000181.617, 338
Trd, 000181.650, 337
Trd, 000182.000, 336
Trd, 000182.117, 320.0
Trd, 000182.600, 304
Trd, 000182.850, 302
Trd, 000182.917, 262
Trd, 000182.933, 244
Trd, 000185.000, 253
Trd, 000185.233, 214
Trd, 000185.267, 208
Trd, 000185.817, 208
Trd, 000186.100, 207
Trd, 000186.533, 186
Trd, 000186.933, 184
Trd, 000188.267, 183
Trd, 000189.017, 177
Trd, 000190.067, 179
Trd, 000190.167, 186
Trd, 000190.367, 177
Trd, 000192.050, 183
Trd, 000192.317, 181
Trd, 000192.683, 182
Trd, 000193.183, 180
Trd, 000193.533, 182
Trd, 000193.833, 181
Trd, 000194.067, 180
Trd, 000194.350, 179
Trd, 000194.683, 180
Trd, 000194.717, 177
Trd, 000195.050, 174
Trd, 000195.600, 170
Trd, 000196.467, 179
Trd, 000196.683, 178
Trd, 000196.733, 155
Trd, 000197.333, 156
Trd, 000198.783, 167
Trd, 000199.050, 159
Trd, 000199.450, 163
Trd, 000199.900, 163
Trd, 000200.150, 159
Trd, 000200.167, 158
Trd, 000200.483, 160
Trd, 000200.867, 161
Trd, 000201.367, 159
Trd, 000202.067, 161
Trd, 000202.117, 163
Trd, 000203.333, 157
Trd, 000203.483, 156
Trd, 000203.617, 158
Trd, 000203.683, 150
Trd, 000203.750, 164
Trd, 000203.900, 175
Trd, 000204.183, 167
Trd, 000204.783, 165
Trd, 000206.650, 160
Trd, 000206.850, 160
Trd, 000207.217, 161
Trd, 000207.417, 161
Trd, 000207.450, 160
Trd, 000209.350, 159
Trd, 000209.367, 162
Trd, 000210.083, 163
Trd, 000210.217, 157
Trd, 000210.683, 163
Trd, 000210.950, 164
Trd, 000211.017, 169
Trd, 000212.817, 160
Trd, 000213.233, 160
Trd, 000213.300, 161
Trd, 000213.800, 162
Trd, 000213.833, 162
Trd, 000213.917, 161
Trd, 000215.267, 162
Trd, 000215.333, 161
Trd, 000216.133, 163
Trd, 000216.833, 163
Trd, 000217.300, 163
Trd, 000217.983, 163
Trd, 000218.200, 163
Trd, 000218.533, 163
Trd, 000218.683, 164
Trd, 000218.883, 165
Trd, 000219.317, 169
Trd, 000219.567, 183
Trd, 000220.267, 171
Trd, 000220.467, 172
Trd, 000221.700, 173
Trd, 000221.900, 175
Trd, 000223.050, 176
Trd, 000223.383, 175
Trd, 000223.500, 177
Trd, 000223.750, 173
Trd, 000224.367, 173
Trd, 000224.400, 181
Trd, 000224.417, 171
Trd, 000225.433, 170
Trd, 000225.600, 163
Trd, 000226.167, 177
Trd, 000226.317, 171
Trd, 000227.517, 166
Trd, 000228.533, 165
Trd, 000228.667, 167
Trd, 000228.900, 167
Trd, 000229.100, 160
Trd, 000229.233, 170
Trd, 000229.517, 164
Trd, 000230.350, 164
Trd, 000230.517, 187
Trd, 000230.550, 161
Trd, 000231.100, 181
Trd, 000231.633, 167
Trd, 000231.933, 175
Trd, 000233.067, 172
Trd, 000233.583, 170
Trd, 000234.150, 169
Trd, 000234.733, 159
Trd, 000235.183, 171
Trd, 000235.600, 173
Trd, 000235.817, 178
Trd, 000236.650, 177
Trd, 000236.867, 180
Trd, 000236.967, 178
Trd, 000237.283, 178
Trd, 000237.750, 177
Trd, 000238.650, 179
Trd, 000238.767, 181
Trd, 000239.067, 182
Trd, 000239.100, 180
Trd, 000239.133, 179
Trd, 000240.183, 175
Trd, 000240.850, 178
Trd, 000241.667, 179
Trd, 000242.133, 175
Trd, 000242.633, 176
Trd, 000242.683, 177
Trd, 000243.250, 176
Trd, 000243.933, 175
Trd, 000243.950, 177
Trd, 000244.767, 178
Trd, 000245.400, 172
Trd, 000246.333, 167
Trd, 000246.367, 166
Trd, 000246.400, 170
Trd, 000246.583, 170
Trd, 000246.683, 160
Trd, 000246.850, 170
Trd, 000247.083, 173
Trd, 000247.550, 166
Trd, 000247.850, 165
Trd, 000248.550, 166
Trd, 000249.250, 159
Trd, 000249.633, 157
Trd, 000249.733, 160
Trd, 000250.100, 160
Trd, 000250.117, 154
Trd, 000250.917, 156
Trd, 000251.517, 159
Trd, 000251.717, 160
Trd, 000251.767, 169
Trd, 000252.733, 162
Trd, 000252.883, 162
Trd, 000253.050, 163
Trd, 000253.083, 165
Trd, 000254.567, 161
Trd, 000254.750, 163
Trd, 000254.933, 164
Trd, 000255.267, 162
Trd, 000255.400, 161
Trd, 000256.200, 165
Trd, 000256.550, 167
Trd, 000257.350, 169
Trd, 000258.100, 163
Trd, 000258.400, 163
Trd, 000258.750, 160
Trd, 000258.900, 159
Trd, 000258.983, 164
Trd, 000259.133, 164
Trd, 000259.483, 160
Trd, 000260.367, 163
Trd, 000260.483, 166
Trd, 000260.883, 170
Trd, 000261.450, 168
Trd, 000262.983, 171
Trd, 000263.100, 171
Trd, 000263.250, 172
Trd, 000264.150, 171
Trd, 000264.183, 171
Trd, 000264.583, 167
Trd, 000264.783, 171
Trd, 000265.350, 172
Trd, 000265.500, 173
Trd, 000265.700, 169
Trd, 000265.833, 173
Trd, 000265.950, 162
Trd, 000266.183, 174
Trd, 000267.700, 164
Trd, 000267.733, 165
Trd, 000268.200, 172
Trd, 000268.367, 172
Trd, 000268.783, 173
Trd, 000269.250, 173
Trd, 000269.767, 173
Trd, 000269.950, 175
Trd, 000270.033, 182
Trd, 000270.433, 172
Trd, 000270.467, 189
Trd, 000270.950, 180
Trd, 000271.400, 178
Trd, 000271.567, 179
Trd, 000272.000, 166
Trd, 000272.167, 178
Trd, 000273.500, 183
Trd, 000273.517, 178
Trd, 000274.083, 168
Trd, 000274.217, 174
Trd, 000274.367, 167
Trd, 000275.767, 170
Trd, 000276.133, 169
Trd, 000276.550, 169
Trd, 000276.667, 170
Trd, 000276.767, 165
Trd, 000276.883, 161
Trd, 000276.900, 171
Trd, 000277.767, 168
Trd, 000277.817, 167
Trd, 000277.900, 168
Trd, 000278.200, 187
Trd, 000278.400, 186
Trd, 000278.983, 164
Trd, 000279.850, 180
Trd, 000280.167, 176
Trd, 000280.283, 177
Trd, 000280.450, 179
Trd, 000280.467, 183
Trd, 000282.600, 175
Trd, 000282.667, 172
Trd, 000282.750, 178
Trd, 000282.983, 179
Trd, 000283.167, 180
Trd, 000283.500, 180
Trd, 000284.783, 181
Trd, 000284.917, 180
Trd, 000285.200, 179
Trd, 000285.250, 179
Trd, 000285.500, 181
Trd, 000285.700, 177
Trd, 000286.517, 175
Trd, 000286.550, 177
Trd, 000288.183, 171
Trd, 000288.250, 172
Trd, 000288.583, 164
Trd, 000288.967, 165
Trd, 000289.000, 173
Trd, 000290.317, 175
Trd, 000290.683, 173
Trd, 000290.900, 173
Trd, 000291.150, 174
Trd, 000291.750, 176
Trd, 000292.067, 177
Trd, 000292.483, 173
Trd, 000292.650, 179
Trd, 000293.050, 174
Trd, 000293.317, 173
Trd, 000293.900, 175
Trd, 000295.300, 171
Trd, 000295.583, 164
Trd, 000295.700, 163
Trd, 000295.950, 172
Trd, 000296.700, 171
Trd, 000296.900, 166
Trd, 000297.717, 165
Trd, 000298.467, 169
Trd, 000298.550, 168
Trd, 000298.767, 170
Trd, 000299.117, 166
Trd, 000299.483, 166
