Trd, 000000.967, 144
Trd, 000002.000, 193
Trd, 000002.800, 172
Trd, 000003.817, 151
Trd, 000003.850, 150
Trd, 000005.383, 134
Trd, 000005.433, 133
Trd, 000007.350, 145
Trd, 000008.533, 140
Trd, 000008.733, 152
Trd, 000008.767, 154
Trd, 000009.433, 158
Trd, 000010.000, 142
Trd, 000010.183, 144
Trd, 000010.217, 158
Trd, 000011.150, 144
Trd, 000011.283, 156
Trd, 000012.300, 157
Trd, 000013.400, 148
Trd, 000013.483, 156
Trd, 000013.667, 157
Trd, 000014.333, 145
Trd, 000014.350, 159
Trd, 000015.583, 140
Trd, 000016.000, 138
Trd, 000016.833, 149
Trd, 000016.917, 146
Trd, 000017.667, 145
Trd, 000017.750, 156
Trd, 000017.950, 160
Trd, 000018.317, 146
Trd, 000019.050, 158
Trd, 000019.367, 157
Trd, 000020.550, 149
Trd, 000022.150, 148
Trd, 000022.167, 148
Trd, 000022.317, 139
Trd, 000022.583, 152
Trd, 000022.850, 152
Trd, 000024.050, 146
Trd, 000025.017, 152
Trd, 000025.050, 145
Trd, 000025.867, 152
Trd, 000026.567, 153
Trd, 000026.767, 136
Trd, 000027.683, 151
Trd, 000027.783, 150
Trd, 000029.617, 158
Trd, 000030.167, 147
Trd, 000030.400, 134
Trd, 000030.600, 143
Trd, 000031.417, 143
Trd, 000031.500, 142
Trd, 000032.083, 141
Trd, 000033.417, 144
Trd, 000033.433, 158
Trd, 000034.667, 149
Trd, 000034.750, 147
Trd, 000034.900, 142
Trd, 000035.617, 148
Trd, 000035.867, 151
Trd, 000036.033, 154
Trd, 000036.183, 145
Trd, 000038.733, 148
Trd, 000039.167, 150
Trd, 000039.467, 152
Trd, 000039.683, 148
Trd, 000040.050, 154
Trd, 000040.450, 152
Trd, 000040.967, 147
Trd, 000041.200, 154
Trd, 000042.750, 154
Trd, 000043.100, 145
Trd, 000043.333, 157
Trd, 000043.617, 162
Trd, 000043.833, 142
Trd, 000043.883, 139
Trd, 000044.583, 171
Trd, 000045.600, 149
Trd, 000045.733, 171
Trd, 000046.717, 152
Trd, 000047.200, 151
Trd, 000048.183, 162
Trd, 000048.383, 163
Trd, 000049.867, 154
Trd, 000050.400, 156
Trd, 000050.717, 150
Trd, 000050.833, 155
Trd, 000051.750, 153
Trd, 000052.167, 152
Trd, 000052.900, 149
Trd, 000053.183, 159
Trd, 000054.133, 151
Trd, 000054.533, 152
Trd, 000054.817, 150
Trd, 000054.900, 156
Trd, 000056.100, 143
Trd, 000056.333, 142
Trd, 000056.933, 136
Trd, 000058.433, 136
Trd, 000058.617, 143
Trd, 000059.117, 132
Trd, 000059.533, 146
Trd, 000059.733, 147
Trd, 000060.233, 156
Trd, 000061.383, 155
Trd, 000061.583, 156
Trd, 000061.633, 154
Trd, 000061.833, 153
Trd, 000062.850, 150
Trd, 000062.867, 149
Trd, 000062.983, 159
Trd, 000063.450, 146
Trd, 000063.717, 160
Trd, 000064.550, 161
Trd, 000064.800, 148
Trd, 000066.000, 154
Trd, 000067.050, 152
Trd, 000068.450, 153
Trd, 000068.783, 158
Trd, 000068.967, 153
Trd, 000069.967, 162
Trd, 000070.300, 168
Trd, 000072.067, 160
Trd, 000073.433, 156
Trd, 000073.533, 151
Trd, 000073.950, 158
Trd, 000074.683, 145
Trd, 000075.067, 148
Trd, 000075.167, 158
Trd, 000075.500, 159
Trd, 000076.233, 155
Trd, 000076.583, 156
Trd, 000076.633, 159
Trd, 000076.717, 159
Trd, 000077.017, 162
Trd, 000077.617, 175
Trd, 000077.933, 148
Trd, 000078.400, 145
Trd, 000078.417, 138
Trd, 000078.983, 136
Trd, 000079.067, 163
Trd, 000080.217, 152
Trd, 000082.317, 153
Trd, 000082.467, 162
Trd, 000083.067, 153
Trd, 000083.250, 152
Trd, 000083.467, 161
Trd, 000083.750, 163
Trd, 000085.017, 155
Trd, 000085.083, 159
Trd, 000086.167, 154
Trd, 000086.200, 158
Trd, 000086.950, 162
Trd, 000087.667, 162
Trd, 000087.683, 163
Trd, 000088.367, 154
Trd, 000089.167, 164
Trd, 000089.483, 153
Trd, 000090.033, 157
Trd, 000091.200, 150
Trd, 000091.333, 145
Trd, 000092.267, 157
Trd, 000092.933, 158
Trd, 000093.233, 160
Trd, 000093.533, 164
Trd, 000094.133, 166
Trd, 000094.750, 154
Trd, 000095.300, 154
Trd, 000096.933, 155
Trd, 000098.033, 154
Trd, 000099.150, 152
Trd, 000099.383, 155
Trd, 000100.350, 158
Trd, 000100.600, 161
Trd, 000101.083, 164
Trd, 000101.467, 157
Trd, 000102.217, 158
Trd, 000102.817, 162
Trd, 000103.550, 160
Trd, 000103.667, 157
Trd, 000104.017, 154
Trd, 000104.167, 161
Trd, 000105.567, 151
Trd, 000105.650, 161
Trd, 000106.717, 150
Trd, 000107.400, 152
Trd, 000107.750, 153
Trd, 000108.000, 159
Trd, 000109.250, 160
Trd, 000109.600, 153
Trd, 000110.583, 157
Trd, 000110.900, 159
Trd, 000111.433, 160
Trd, 000111.567, 166
Trd, 000111.750, 169
Trd, 000113.350, 164
Trd, 000113.900, 159
Trd, 000114.283, 155
Trd, 000114.633, 149
Trd, 000115.733, 142
Trd, 000116.083, 149
Trd, 000117.000, 143
Trd, 000117.217, 147
Trd, 000117.367, 147
Trd, 000117.733, 144
Trd, 000118.600, 150
Trd, 000118.617, 152
Trd, 000118.917, 153
Trd, 000119.200, 163
Trd, 000120.267, 163
Trd, 000120.750, 156
Trd, 000121.250, 150
Trd, 000121.350, 162
Trd, 000121.767, 161
Trd, 000122.350, 167
Trd, 000122.583, 180
Trd, 000122.850, 205
Trd, 000123.817, 240
Trd, 000124.133, 320.0
Trd, 000124.317, 318
Trd, 000124.700, 326
Trd, 000124.817, 300.0
Trd, 000125.317, 341
Trd, 000126.533, 348.0
Trd, 000126.750, 349.0
Trd, 000127.700, 347
Trd, 000128.283, 336
Trd, 000130.000, 341.0
Trd, 000130.333, 337
Trd, 000130.883, 339.0
Trd, 000130.933, 333.0
Trd, 000131.233, 340.0
Trd, 000132.283, 341.0
Trd, 000132.450, 345
Trd, 000132.633, 342
Trd, 000133.217, 345
Trd, 000133.617, 346
Trd, 000134.867, 349.0
Trd, 000135.400, 347
Trd, 000135.717, 344.0
Trd, 000135.933, 342
Trd, 000137.067, 337.0
Trd, 000137.633, 346.0
Trd, 000137.783, 337
Trd, 000138.183, 345.0
Trd, 000138.217, 331.0
Trd, 000138.500, 351.0
Trd, 000138.683, 337
Trd, 000140.150, 350
Trd, 000140.200, 345
Trd, 000140.917, 344.0
Trd, 000141.967, 345
Trd, 000142.000, 344
Trd, 000142.017, 343
Trd, 000142.867, 345.0
Trd, 000143.200, 344.0
Trd, 000143.417, 344
Trd, 000144.800, 340
Trd, 000146.083, 349.0
Trd, 000146.300, 349
Trd, 000147.083, 341.0
Trd, 000148.817, 343
Trd, 000148.917, 345
Trd, 000149.167, 334.0
Trd, 000150.867, 346
Trd, 000151.450, 345.0
Trd, 000152.383, 352
Trd, 000152.867, 337
Trd, 000153.800, 352
Trd, 000153.850, 337.0
Trd, 000153.933, 352
Trd, 000154.217, 338
Trd, 000154.967, 339.0
Trd, 000155.317, 331.0
Trd, 000155.567, 341.0
Trd, 000155.600, 340
Trd, 000155.633, 328
Trd, 000156.367, 353
Trd, 000156.867, 327
Trd, 000159.117, 333.0
Trd, 000160.050, 339
Trd, 000160.083, 340
Trd, 000160.433, 339.0
Trd, 000160.767, 334.0
Trd, 000161.050, 339
Trd, 000162.867, 340.0
Trd, 000163.667, 334.0
Trd, 000164.050, 334.0
Trd, 000164.133, 341.0
Trd, 000165.300, 331.0
Trd, 000165.867, 330
Trd, 000166.550, 339
Trd, 000166.767, 355
Trd, 000167.817, 355
Trd, 000168.383, 333
Trd, 000169.017, 347
Trd, 000169.183, 347
Trd, 000169.867, 346
Trd, 000169.883, 348
Trd, 000169.900, 331.0
Trd, 000170.033, 341.0
Trd, 000170.500, 327
Trd, 000171.233, 326
Trd, 000171.250, 327
Trd, 000171.800, 333
Trd, 000172.367, 334
Trd, 000173.267, 331
Trd, 000173.550, 341.0
Trd, 000173.683, 351.0
Trd, 000173.717, 330
Trd, 000173.983, 355
Trd, 000176.067, 341
Trd, 000176.467, 331.0
Trd, 000177.000, 336
Trd, 000177.333, 335
Trd, 000177.933, 328
Trd, 000178.867, 327
Trd, 000179.850, 326
Trd, 000180.500, 327
Trd, 000180.700, 331
Trd, 000181.583, 326
Trd, 000181.800, 331.0
Trd, 000181.817, 324
Trd, 000182.383, 321
Trd, 000182.400, 319
Trd, 000182.817, 319
Trd, 000183.233, 330.0
Trd, 000183.350, 316
Trd, 000183.383, 332.0
Trd, 000183.583, 306.0
Trd, 000183.833, 300.0
Trd, 000184.033, 298
Trd, 000184.250, 211
Trd, 000184.667, 190
Trd, 000185.033, 186
Trd, 000185.117, 162
Trd, 000185.150, 151
Trd, 000186.533, 171
Trd, 000187.350, 163
Trd, 000187.517, 170
Trd, 000187.567, 154
Trd, 000187.783, 170
Trd, 000189.517, 161
Trd, 000189.783, 162
Trd, 000190.517, 163
Trd, 000191.667, 168
Trd, 000192.300, 169
Trd, 000192.467, 158
Trd, 000192.883, 174
Trd, 000193.883, 186
Trd, 000196.200, 177
Trd, 000196.383, 176
Trd, 000196.483, 166
Trd, 000197.367, 163
Trd, 000197.667, 164
Trd, 000197.900, 163
Trd, 000198.000, 164
Trd, 000198.633, 172
Trd, 000199.100, 173
Trd, 000199.433, 169
Trd, 000199.500, 174
Trd, 000200.433, 166
Trd, 000200.700, 177
Trd, 000201.250, 164
Trd, 000202.117, 176
Trd, 000203.333, 167
Trd, 000203.467, 175
Trd, 000205.900, 172
Trd, 000206.567, 172
Trd, 000206.633, 167
Trd, 000207.950, 169
Trd, 000208.067, 170
Trd, 000208.950, 167
Trd, 000209.150, 159
Trd, 000209.333, 160
Trd, 000209.817, 162
Trd, 000210.467, 155
Trd, 000210.683, 161
Trd, 000212.750, 169
Trd, 000212.950, 170
Trd, 000213.350, 172
Trd, 000213.600, 165
Trd, 000213.700, 176
Trd, 000214.083, 163
Trd, 000215.233, 177
Trd, 000215.333, 169
Trd, 000215.517, 165
Trd, 000215.850, 179
Trd, 000216.683, 164
Trd, 000216.817, 190
Trd, 000218.067, 176
Trd, 000218.900, 165
Trd, 000218.967, 174
Trd, 000219.183, 176
Trd, 000220.800, 173
Trd, 000221.200, 174
Trd, 000221.233, 167
Trd, 000221.367, 166
Trd, 000221.433, 159
Trd, 000222.233, 165
Trd, 000222.300, 177
Trd, 000223.033, 171
Trd, 000224.000, 184
Trd, 000224.717, 169
Trd, 000225.250, 178
Trd, 000226.717, 168
Trd, 000226.833, 177
Trd, 000226.933, 166
Trd, 000228.867, 162
Trd, 000229.233, 159
Trd, 000229.517, 163
Trd, 000229.667, 165
Trd, 000231.650, 167
Trd, 000232.683, 168
Trd, 000233.167, 161
Trd, 000233.300, 168
Trd, 000233.417, 170
Trd, 000233.617, 149
Trd, 000234.817, 159
Trd, 000234.917, 155
Trd, 000235.200, 173
Trd, 000235.817, 174
Trd, 000236.350, 174
Trd, 000236.550, 171
Trd, 000236.717, 180
Trd, 000237.400, 180
Trd, 000237.433, 168
Trd, 000238.400, 179
Trd, 000239.183, 177
Trd, 000239.583, 166
Trd, 000240.033, 163
Trd, 000240.233, 163
Trd, 000240.433, 175
Trd, 000241.200, 176
Trd, 000241.217, 171
Trd, 000241.967, 178
Trd, 000242.083, 175
Trd, 000242.583, 182
Trd, 000243.817, 176
Trd, 000243.867, 175
Trd, 000244.133, 171
Trd, 000244.433, 180
Trd, 000245.267, 179
Trd, 000245.683, 179
Trd, 000245.783, 173
Trd, 000246.083, 177
Trd, 000246.250, 175
Trd, 000246.500, 179
Trd, 000247.683, 177
Trd, 000248.467, 168
Trd, 000248.733, 166
Trd, 000249.500, 164
Trd, 000250.217, 166
Trd, 000250.950, 167
Trd, 000251.267, 164
Trd, 000251.383, 163
Trd, 000251.583, 167
Trd, 000251.667, 159
Trd, 000251.683, 156
Trd, 000252.983, 167
Trd, 000253.033, 170
Trd, 000253.350, 177
Trd, 000255.317, 180
Trd, 000255.450, 175
Trd, 000255.883, 180
Trd, 000256.233, 178
Trd, 000256.317, 177
Trd, 000256.967, 177
Trd, 000257.117, 176
Trd, 000257.700, 177
Trd, 000258.017, 169
Trd, 000258.583, 170
Trd, 000258.717, 174
Trd, 000258.817, 167
Trd, 000259.133, 167
Trd, 000259.300, 179
Trd, 000260.467, 180
Trd, 000260.550, 172
Trd, 000261.367, 176
Trd, 000261.617, 174
Trd, 000261.867, 170
Trd, 000262.017, 176
Trd, 000262.767, 177
Trd, 000263.700, 171
Trd, 000264.300, 176
Trd, 000264.417, 177
Trd, 000264.500, 174
Trd, 000265.933, 178
Trd, 000266.283, 173
Trd, 000266.350, 175
Trd, 000267.083, 171
Trd, 000267.217, 179
Trd, 000267.667, 167
Trd, 000268.133, 171
Trd, 000268.267, 167
Trd, 000269.133, 173
Trd, 000269.433, 174
Trd, 000269.683, 178
Trd, 000269.717, 170
Trd, 000270.567, 176
Trd, 000271.217, 177
Trd, 000271.300, 168
Trd, 000272.233, 167
Trd, 000273.783, 172
Trd, 000274.050, 173
Trd, 000274.183, 175
Trd, 000274.950, 164
Trd, 000275.200, 160
Trd, 000275.400, 175
Trd, 000275.450, 178
Trd, 000275.717, 169
Trd, 000276.200, 175
Trd, 000276.250, 173
Trd, 000276.483, 182
Trd, 000277.317, 170
Trd, 000277.500, 170
Trd, 000277.850, 170
Trd, 000278.000, 176
Trd, 000278.550, 185
Trd, 000278.833, 184
Trd, 000279.050, 183
Trd, 000279.167, 186
Trd, 000279.867, 191
Trd, 000279.967, 182
Trd, 000280.367, 171
Trd, 000280.517, 169
Trd, 000281.333, 172
Trd, 000281.450, 159
Trd, 000282.183, 173
Trd, 000282.617, 183
Trd, 000283.983, 173
Trd, 000284.750, 172
Trd, 000284.983, 172
Trd, 000285.233, 175
Trd, 000285.617, 172
Trd, 000286.283, 176
Trd, 000286.333, 179
Trd, 000286.517, 184
Trd, 000287.000, 185
Trd, 000287.067, 179
Trd, 000287.350, 185
Trd, 000288.067, 188
Trd, 000288.117, 167
Trd, 000288.283, 166
Trd, 000288.683, 168
Trd, 000289.033, 170
Trd, 000289.083, 188
Trd, 000289.683, 179
Trd, 000290.383, 178
Trd, 000291.033, 179
Trd, 000291.100, 180
Trd, 000292.033, 174
Trd, 000292.283, 173
Trd, 000292.633, 172
Trd, 000292.983, 180
Trd, 000293.950, 182
Trd, 000294.100, 183
Trd, 000296.033, 176
Trd, 000296.083, 181
Trd, 000296.217, 173
Trd, 000296.817, 176
Trd, 000297.317, 176
Trd, 000297.850, 178
Trd, 000298.100, 175
Trd, 000298.167, 174
Trd, 000298.400, 184
Trd, 000299.883, 178
