Trd, 000001.633, 131
Trd, 000002.150, 127
Trd, 000003.150, 140
Trd, 000004.150, 143
Trd, 000004.817, 137
Trd, 000005.100, 144
Trd, 000005.383, 137
Trd, 000006.400, 143
Trd, 000006.800, 142
Trd, 000007.700, 142
Trd, 000008.333, 142
Trd, 000008.500, 141
Trd, 000008.650, 145
Trd, 000009.850, 145
Trd, 000009.867, 149
Trd, 000011.050, 149
Trd, 000011.517, 147
Trd, 000011.583, 146
Trd, 000012.017, 169
Trd, 000012.717, 149
Trd, 000012.900, 173
Trd, 000013.167, 174
Trd, 000014.150, 169
Trd, 000015.283, 161
Trd, 000017.517, 161
Trd, 000017.683, 162
Trd, 000018.117, 161
Trd, 000018.533, 161
Trd, 000018.833, 162
Trd, 000018.850, 147
Trd, 000018.900, 146
Trd, 000019.950, 138
Trd, 000020.067, 169
Trd, 000021.083, 133
Trd, 000021.883, 174
Trd, 000023.700, 154
Trd, 000024.100, 154
Trd, 000024.267, 153
Trd, 000024.350, 153
Trd, 000024.400, 151
Trd, 000024.517, 155
Trd, 000024.733, 138
Trd, 000025.300, 146
Trd, 000025.667, 147
Trd, 000027.050, 147
Trd, 000027.150, 146
Trd, 000027.183, 157
Trd, 000028.667, 149
Trd, 000029.450, 149
Trd, 000029.633, 148
Trd, 000030.333, 153
Trd, 000031.450, 151
Trd, 000031.483, 153
Trd, 000031.850, 137
Trd, 000031.950, 136
Trd, 000033.733, 151
Trd, 000034.000, 140
Trd, 000036.000, 143
Trd, 000036.267, 144
Trd, 000036.350, 143
Trd, 000037.483, 142
Trd, 000038.583, 143
Trd, 000038.600, 148
Trd, 000039.650, 147
Trd, 000039.717, 152
Trd, 000040.000, 147
Trd, 000040.167, 159
Trd, 000040.667, 172
Trd, 000041.017, 148
Trd, 000042.267, 161
Trd, 000042.717, 178
Trd, 000042.967, 152
Trd, 000043.200, 151
Trd, 000044.417, 148
Trd, 000044.917, 147
Trd, 000045.100, 146
Trd, 000045.200, 156
Trd, 000046.517, 138
Trd, 000046.550, 172
Trd, 000047.450, 159
Trd, 000047.850, 155
Trd, 000048.933, 158
Trd, 000049.300, 158
Trd, 000050.267, 159
Trd, 000050.683, 156
Trd, 000050.767, 156
Trd, 000051.683, 161
Trd, 000052.517, 162
Trd, 000052.767, 164
Trd, 000053.700, 160
Trd, 000054.650, 160
Trd, 000054.667, 159
Trd, 000054.800, 162
Trd, 000054.833, 171
Trd, 000056.050, 156
Trd, 000056.317, 178
Trd, 000056.517, 159
Trd, 000056.800, 154
Trd, 000056.833, 148
Trd, 000057.033, 154
Trd, 000057.500, 133
Trd, 000057.750, 174
Trd, 000060.083, 159
Trd, 000060.367, 161
Trd, 000060.500, 163
Trd, 000061.317, 162
Trd, 000061.917, 162
Trd, 000062.117, 162
Trd, 000062.600, 161
Trd, 000063.700, 168
Trd, 000064.900, 169
Trd, 000065.300, 170
Trd, 000065.717, 181
Trd, 000067.367, 169
Trd, 000067.417, 168
Trd, 000068.283, 168
Trd, 000068.367, 158
Trd, 000068.433, 172
Trd, 000068.750, 150
Trd, 000069.183, 151
Trd, 000069.617, 155
Trd, 000070.850, 155
Trd, 000071.617, 154
Trd, 000071.900, 155
Trd, 000072.250, 153
Trd, 000072.983, 145
Trd, 000073.933, 175
Trd, 000074.217, 179
Trd, 000075.000, 153
Trd, 000075.233, 149
Trd, 000075.550, 155
Trd, 000075.633, 153
Trd, 000076.183, 139
Trd, 000076.883, 140
Trd, 000078.717, 147
Trd, 000079.333, 148
Trd, 000079.367, 152
Trd, 000079.983, 176
Trd, 000080.333, 173
Trd, 000080.550, 180
Trd, 000081.150, 153
Trd, 000081.900, 156
Trd, 000081.983, 176
Trd, 000083.067, 158
Trd, 000083.083, 156
Trd, 000083.233, 154
Trd, 000083.350, 157
Trd, 000083.950, 151
Trd, 000084.550, 158
Trd, 000084.733, 158
Trd, 000085.767, 153
Trd, 000086.650, 158
Trd, 000086.700, 154
Trd, 000086.750, 153
Trd, 000088.367, 153
Trd, 000088.567, 158
Trd, 000090.317, 160
Trd, 000090.467, 159
Trd, 000090.633, 160
Trd, 000090.983, 158
Trd, 000092.667, 158
Trd, 000093.100, 152
Trd, 000093.833, 149
Trd, 000095.383, 149
Trd, 000095.433, 141
Trd, 000095.817, 153
Trd, 000096.250, 157
Trd, 000096.883, 154
Trd, 000097.000, 165
Trd, 000097.733, 154
Trd, 000099.183, 157
Trd, 000099.250, 155
Trd, 000099.567, 154
Trd, 000099.683, 154
Trd, 000100.133, 157
Trd, 000100.650, 154
Trd, 000101.050, 158
Trd, 000102.483, 165
Trd, 000103.617, 162
Trd, 000104.000, 157
Trd, 000104.700, 156
Trd, 000104.767, 156
Trd, 000104.933, 155
Trd, 000105.150, 155
Trd, 000106.133, 156
Trd, 000106.233, 158
Trd, 000106.417, 160
Trd, 000106.783, 165
Trd, 000107.217, 161
Trd, 000107.633, 159
Trd, 000109.033, 160
Trd, 000109.100, 164
Trd, 000109.500, 161
Trd, 000110.950, 162
Trd, 000111.333, 160
Trd, 000112.033, 154
Trd, 000112.350, 143
Trd, 000113.600, 142
Trd, 000113.817, 143
Trd, 000114.050, 159
Trd, 000114.350, 143
Trd, 000115.067, 150
Trd, 000115.267, 150
Trd, 000115.750, 154
Trd, 000116.500, 154
Trd, 000116.533, 153
Trd, 000116.600, 155
Trd, 000117.267, 178
Trd, 000118.033, 153
Trd, 000118.383, 179
Trd, 000119.117, 171
Trd, 000119.383, 162
Trd, 000120.083, 165
Trd, 000120.767, 164
Trd, 000120.883, 164
Trd, 000121.100, 165
Trd, 000121.433, 166
Trd, 000122.150, 180
Trd, 000122.767, 194
Trd, 000123.033, 183
Trd, 000123.067, 209
Trd, 000123.383, 211
Trd, 000124.517, 320.0
Trd, 000124.550, 331.0
Trd, 000124.717, 336
Trd, 000125.300, 343
Trd, 000125.617, 344.0
Trd, 000127.850, 341.0
Trd, 000128.150, 324
Trd, 000128.467, 327.0
Trd, 000129.017, 331.0
Trd, 000130.567, 334
Trd, 000131.733, 340
Trd, 000131.833, 342
Trd, 000131.917, 337
Trd, 000132.300, 342
Trd, 000132.533, 342
Trd, 000132.750, 339
Trd, 000132.867, 344.0
Trd, 000134.000, 344.0
Trd, 000134.117, 345
Trd, 000135.767, 345
Trd, 000136.617, 347
Trd, 000136.767, 342
Trd, 000137.067, 347
Trd, 000138.600, 343
Trd, 000138.617, 345.0
Trd, 000138.650, 338
Trd, 000141.200, 348.0
Trd, 000141.583, 341
Trd, 000141.817, 340
Trd, 000142.600, 340
Trd, 000143.017, 344.0
Trd, 000143.450, 344
Trd, 000144.183, 344
Trd, 000144.350, 343
Trd, 000144.450, 344
Trd, 000146.467, 345
Trd, 000146.750, 347.0
Trd, 000147.883, 344
Trd, 000148.917, 346
Trd, 000149.217, 346
Trd, 000149.717, 324.0
Trd, 000149.833, 347.0
Trd, 000149.950, 348.0
Trd, 000151.050, 350
Trd, 000151.183, 350
Trd, 000153.400, 342.0
Trd, 000153.550, 341
Trd, 000153.933, 344
Trd, 000154.033, 348.0
Trd, 000154.200, 348
Trd, 000154.350, 341
Trd, 000154.567, 350
Trd, 000155.433, 338
Trd, 000156.000, 354.0
Trd, 000157.150, 343
Trd, 000157.683, 342
Trd, 000157.950, 343.0
Trd, 000159.450, 344
Trd, 000159.917, 342
Trd, 000161.133, 347.0
Trd, 000161.417, 347
Trd, 000162.317, 347
Trd, 000162.433, 348.0
Trd, 000162.717, 348
Trd, 000163.617, 351.0
Trd, 000163.717, 347
Trd, 000164.400, 346
Trd, 000166.167, 344.0
Trd, 000166.533, 342
Trd, 000167.050, 337
Trd, 000167.550, 336
Trd, 000168.300, 330.0
Trd, 000168.750, 330
Trd, 000169.167, 331
Trd, 000169.183, 331.0
Trd, 000170.850, 332
Trd, 000172.783, 342
Trd, 000173.600, 344
Trd, 000174.300, 344.0
Trd, 000174.900, 344
Trd, 000175.267, 348.0
Trd, 000175.350, 345
Trd, 000175.733, 346
Trd, 000176.817, 348
Trd, 000177.417, 348
Trd, 000177.483, 347
Trd, 000177.533, 351
Trd, 000178.183, 342
Trd, 000178.767, 350
Trd, 000179.033, 345
Trd, 000180.200, 352
Trd, 000180.383, 340
Trd, 000181.133, 344.0
Trd, 000181.617, 343
Trd, 000181.633, 341
Trd, 000182.133, 339
Trd, 000182.617, 316
Trd, 000182.633, 315
Trd, 000182.783, 310.0
Trd, 000183.800, 305
Trd, 000184.133, 291
Trd, 000185.217, 211
Trd, 000185.550, 207
Trd, 000186.083, 186
Trd, 000186.100, 180
Trd, 000186.483, 161
Trd, 000187.367, 204
Trd, 000188.333, 192
Trd, 000189.633, 192
Trd, 000189.733, 187
Trd, 000189.933, 185
Trd, 000189.950, 192
Trd, 000190.033, 191
Trd, 000190.783, 190
Trd, 000190.800, 181
Trd, 000191.467, 185
Trd, 000191.950, 163
Trd, 000192.117, 161
Trd, 000193.267, 158
Trd, 000194.067, 145
Trd, 000194.500, 146
Trd, 000194.600, 165
Trd, 000195.800, 155
Trd, 000196.067, 161
Trd, 000196.767, 191
Trd, 000197.150, 170
Trd, 000198.283, 187
Trd, 000198.517, 192
Trd, 000198.700, 173
Trd, 000198.733, 170
Trd, 000198.767, 170
Trd, 000201.483, 174
Trd, 000201.533, 172
Trd, 000202.383, 170
Trd, 000202.817, 175
Trd, 000203.750, 168
Trd, 000204.433, 167
Trd, 000204.617, 170
Trd, 000205.300, 166
Trd, 000205.333, 168
Trd, 000205.517, 165
Trd, 000206.833, 165
Trd, 000207.550, 165
Trd, 000208.183, 167
Trd, 000208.833, 168
Trd, 000210.233, 166
Trd, 000210.817, 169
Trd, 000211.867, 167
Trd, 000212.483, 169
Trd, 000212.867, 169
Trd, 000213.333, 170
Trd, 000213.950, 171
Trd, 000214.300, 169
Trd, 000214.750, 169
Trd, 000214.933, 168
Trd, 000215.217, 175
Trd, 000216.550, 167
Trd, 000218.033, 173
Trd, 000218.150, 170
Trd, 000218.500, 173
Trd, 000219.150, 174
Trd, 000220.133, 178
Trd, 000220.950, 195
Trd, 000221.700, 185
Trd, 000221.983, 184
Trd, 000222.167, 187
Trd, 000222.400, 183
Trd, 000222.850, 196
Trd, 000223.533, 192
Trd, 000223.583, 173
Trd, 000224.817, 180
Trd, 000225.617, 179
Trd, 000225.700, 178
Trd, 000226.500, 166
Trd, 000226.583, 165
Trd, 000227.333, 171
Trd, 000228.250, 168
Trd, 000228.500, 169
Trd, 000228.833, 171
Trd, 000229.083, 178
Trd, 000229.417, 169
Trd, 000229.933, 182
Trd, 000232.550, 181
Trd, 000232.683, 178
Trd, 000233.250, 178
Trd, 000233.550, 171
Trd, 000233.767, 178
Trd, 000235.050, 177
Trd, 000235.233, 176
Trd, 000235.450, 175
Trd, 000236.300, 175
Trd, 000236.600, 174
Trd, 000237.433, 172
Trd, 000237.967, 172
Trd, 000238.650, 172
Trd, 000238.683, 189
Trd, 000240.650, 175
Trd, 000240.750, 174
Trd, 000240.917, 173
Trd, 000241.300, 189
Trd, 000241.467, 172
Trd, 000241.617, 189
Trd, 000241.883, 172
Trd, 000242.617, 193
Trd, 000243.050, 174
Trd, 000243.317, 188
Trd, 000243.467, 174
Trd, 000243.750, 174
Trd, 000244.433, 175
Trd, 000244.467, 172
Trd, 000245.033, 181
Trd, 000245.933, 174
Trd, 000246.200, 171
Trd, 000246.767, 173
Trd, 000247.333, 173
Trd, 000247.500, 173
Trd, 000247.950, 167
Trd, 000248.550, 153
Trd, 000249.017, 175
Trd, 000250.600, 168
Trd, 000250.817, 168
Trd, 000250.950, 169
Trd, 000251.283, 168
Trd, 000251.500, 166
Trd, 000252.033, 158
Trd, 000252.283, 162
Trd, 000253.183, 169
Trd, 000253.367, 168
Trd, 000253.617, 167
Trd, 000254.683, 160
Trd, 000255.367, 166
Trd, 000255.983, 167
Trd, 000256.233, 167
Trd, 000256.500, 169
Trd, 000256.750, 177
Trd, 000257.150, 175
Trd, 000258.050, 186
Trd, 000258.600, 190
Trd, 000258.633, 192
Trd, 000258.883, 184
Trd, 000259.733, 186
Trd, 000259.917, 184
Trd, 000260.833, 177
Trd, 000261.817, 174
Trd, 000262.833, 174
Trd, 000263.050, 170
Trd, 000263.233, 173
Trd, 000263.267, 169
Trd, 000263.467, 174
Trd, 000263.817, 173
Trd, 000264.500, 172
Trd, 000265.467, 175
Trd, 000265.567, 173
Trd, 000265.717, 172
Trd, 000266.333, 174
Trd, 000266.583, 171
Trd, 000267.283, 172
Trd, 000267.767, 174
Trd, 000267.917, 175
Trd, 000268.800, 177
Trd, 000268.833, 172
Trd, 000269.117, 172
Trd, 000269.517, 171
Trd, 000270.150, 171
Trd, 000270.317, 158
Trd, 000270.817, 178
Trd, 000271.433, 166
Trd, 000272.300, 169
Trd, 000273.250, 167
Trd, 000273.300, 166
Trd, 000273.333, 165
Trd, 000274.250, 169
Trd, 000274.700, 171
Trd, 000275.400, 174
Trd, 000275.433, 175
Trd, 000275.583, 178
Trd, 000276.317, 168
Trd, 000276.733, 169
Trd, 000277.517, 173
Trd, 000277.983, 179
Trd, 000278.033, 178
Trd, 000278.450, 176
Trd, 000278.483, 173
Trd, 000278.600, 173
Trd, 000279.967, 174
Trd, 000280.083, 173
Trd, 000280.667, 183
Trd, 000281.233, 190
Trd, 000281.883, 177
Trd, 000282.050, 184
Trd, 000282.183, 176
Trd, 000282.583, 192
Trd, 000283.383, 181
Trd, 000283.517, 177
Trd, 000283.800, 178
Trd, 000284.433, 177
Trd, 000284.767, 177
Trd, 000285.450, 177
Trd, 000286.117, 183
Trd, 000286.200, 190
Trd, 000286.333, 189
Trd, 000286.950, 197
Trd, 000287.383, 196
Trd, 000287.567, 184
Trd, 000288.083, 194
Trd, 000288.150, 196
Trd, 000288.383, 180
Trd, 000289.233, 179
Trd, 000290.000, 179
Trd, 000290.400, 177
Trd, 000290.667, 177
Trd, 000290.900, 179
Trd, 000291.267, 180
Trd, 000291.667, 174
Trd, 000292.367, 191
Trd, 000293.133, 177
Trd, 000293.767, 178
Trd, 000294.017, 178
Trd, 000294.433, 179
Trd, 000295.133, 177
Trd, 000295.450, 177
Trd, 000296.700, 173
Trd, 000297.350, 178
Trd, 000297.450, 179
Trd, 000297.617, 180
Trd, 000298.500, 181
Trd, 000298.733, 190
Trd, 000298.900, 178
Trd, 000299.433, 178
Trd, 000299.583, 178
