Trd, 000001.467, 148
Trd, 000001.933, 144
Trd, 000002.067, 142
Trd, 000003.183, 156
Trd, 000003.200, 155
Trd, 000003.483, 152
Trd, 000003.783, 141
Trd, 000003.983, 157
Trd, 000004.067, 158
Trd, 000005.850, 160
Trd, 000006.617, 162
Trd, 000006.783, 161
Trd, 000007.817, 181
Trd, 000007.867, 167
Trd, 000008.217, 158
Trd, 000009.667, 160
Trd, 000009.883, 159
Trd, 000010.333, 159
Trd, 000011.150, 156
Trd, 000011.350, 160
Trd, 000012.300, 159
Trd, 000012.750, 158
Trd, 000012.783, 159
Trd, 000012.817, 157
Trd, 000012.833, 150
Trd, 000013.000, 149
Trd, 000013.967, 159
Trd, 000014.367, 160
Trd, 000015.167, 159
Trd, 000015.767, 162
Trd, 000016.267, 154
Trd, 000016.683, 160
Trd, 000017.200, 161
Trd, 000018.383, 162
Trd, 000018.767, 163
Trd, 000018.817, 158
Trd, 000019.783, 170
Trd, 000019.850, 162
Trd, 000020.183, 167
Trd, 000021.600, 161
Trd, 000022.783, 160
Trd, 000023.267, 169
Trd, 000023.467, 160
Trd, 000023.550, 158
Trd, 000023.783, 157
Trd, 000024.333, 156
Trd, 000024.367, 166
Trd, 000025.317, 164
Trd, 000026.667, 162
Trd, 000026.717, 164
Trd, 000027.383, 163
Trd, 000027.917, 162
Trd, 000028.950, 160
Trd, 000029.617, 159
Trd, 000029.633, 158
Trd, 000029.817, 162
Trd, 000030.267, 159
Trd, 000030.500, 161
Trd, 000030.533, 158
Trd, 000030.717, 151
Trd, 000030.950, 152
Trd, 000031.000, 157
Trd, 000031.383, 165
Trd, 000031.767, 161
Trd, 000031.967, 154
Trd, 000033.250, 162
Trd, 000033.750, 160
Trd, 000034.150, 158
Trd, 000034.800, 157
Trd, 000034.917, 160
Trd, 000035.367, 160
Trd, 000036.917, 160
Trd, 000037.800, 160
Trd, 000038.383, 159
Trd, 000038.533, 160
Trd, 000038.683, 162
Trd, 000039.150, 160
Trd, 000039.333, 154
Trd, 000039.983, 152
Trd, 000041.150, 153
Trd, 000041.550, 160
Trd, 000041.817, 159
Trd, 000041.950, 161
Trd, 000042.150, 162
Trd, 000042.417, 165
Trd, 000043.217, 165
Trd, 000043.317, 166
Trd, 000043.583, 178
Trd, 000043.700, 155
Trd, 000043.783, 154
Trd, 000044.933, 159
Trd, 000045.250, 163
Trd, 000045.533, 152
Trd, 000046.783, 154
Trd, 000047.400, 155
Trd, 000047.450, 155
Trd, 000047.483, 156
Trd, 000047.850, 160
Trd, 000048.217, 167
Trd, 000048.233, 156
Trd, 000048.817, 156
Trd, 000049.600, 163
Trd, 000052.167, 168
Trd, 000053.833, 163
Trd, 000053.983, 164
Trd, 000054.183, 160
Trd, 000055.117, 155
Trd, 000055.467, 164
Trd, 000055.550, 159
Trd, 000055.617, 165
Trd, 000056.167, 163
Trd, 000056.400, 154
Trd, 000056.550, 155
Trd, 000057.167, 164
Trd, 000057.333, 164
Trd, 000058.317, 163
Trd, 000058.983, 161
Trd, 000059.050, 156
Trd, 000059.250, 163
Trd, 000060.067, 155
Trd, 000060.750, 162
Trd, 000060.933, 163
Trd, 000061.333, 168
Trd, 000062.650, 186
Trd, 000062.700, 155
Trd, 000063.733, 161
Trd, 000063.950, 164
Trd, 000064.500, 156
Trd, 000064.783, 169
Trd, 000065.567, 160
Trd, 000066.117, 158
Trd, 000067.283, 157
Trd, 000067.983, 161
Trd, 000068.483, 157
Trd, 000068.500, 156
Trd, 000069.167, 155
Trd, 000069.217, 158
Trd, 000069.417, 160
Trd, 000069.467, 165
Trd, 000069.983, 164
Trd, 000071.000, 162
Trd, 000071.633, 162
Trd, 000071.917, 165
Trd, 000071.933, 162
Trd, 000073.000, 167
Trd, 000073.367, 167
Trd, 000073.983, 165
Trd, 000074.783, 165
Trd, 000074.950, 162
Trd, 000075.067, 167
Trd, 000075.367, 169
Trd, 000075.600, 169
Trd, 000075.683, 157
Trd, 000076.833, 156
Trd, 000077.683, 166
Trd, 000078.067, 175
Trd, 000078.800, 165
Trd, 000079.617, 168
Trd, 000079.967, 168
Trd, 000080.467, 167
Trd, 000080.600, 167
Trd, 000081.183, 163
Trd, 000081.317, 166
Trd, 000081.567, 159
Trd, 000081.583, 169
Trd, 000082.483, 169
Trd, 000084.017, 163
Trd, 000084.117, 169
Trd, 000084.167, 149
Trd, 000084.650, 166
Trd, 000085.050, 169
Trd, 000086.317, 169
Trd, 000086.917, 162
Trd, 000086.933, 160
Trd, 000087.067, 167
Trd, 000087.517, 161
Trd, 000087.950, 165
Trd, 000088.783, 167
Trd, 000089.900, 168
Trd, 000090.267, 171
Trd, 000090.550, 165
Trd, 000091.150, 176
Trd, 000092.617, 176
Trd, 000093.133, 173
Trd, 000093.550, 171
Trd, 000094.950, 173
Trd, 000095.483, 168
Trd, 000095.517, 174
Trd, 000096.150, 169
Trd, 000096.300, 167
Trd, 000096.317, 160
Trd, 000097.517, 169
Trd, 000097.617, 173
Trd, 000098.417, 173
Trd, 000099.350, 168
Trd, 000099.500, 166
Trd, 000099.883, 165
Trd, 000100.550, 161
Trd, 000100.717, 165
Trd, 000100.900, 165
Trd, 000100.950, 160
Trd, 000101.700, 164
Trd, 000102.300, 165
Trd, 000102.317, 164
Trd, 000103.200, 165
Trd, 000103.217, 162
Trd, 000103.367, 160
Trd, 000104.550, 166
Trd, 000105.433, 166
Trd, 000105.533, 162
Trd, 000105.900, 161
Trd, 000106.283, 158
Trd, 000106.533, 151
Trd, 000106.717, 164
Trd, 000108.433, 163
Trd, 000108.767, 165
Trd, 000109.233, 166
Trd, 000110.050, 162
Trd, 000110.167, 168
Trd, 000110.817, 166
Trd, 000111.183, 166
Trd, 000111.400, 172
Trd, 000112.100, 168
Trd, 000112.283, 166
Trd, 000112.850, 167
Trd, 000113.550, 169
Trd, 000114.150, 168
Trd, 000114.767, 170
Trd, 000115.200, 168
Trd, 000115.267, 170
Trd, 000116.683, 180
Trd, 000116.783, 174
Trd, 000117.117, 177
Trd, 000118.650, 169
Trd, 000119.167, 165
Trd, 000119.617, 169
Trd, 000119.667, 170
Trd, 000119.733, 194
Trd, 000120.567, 182
Trd, 000120.783, 180
Trd, 000121.667, 182
Trd, 000122.000, 180
Trd, 000122.317, 187
Trd, 000122.700, 201
Trd, 000122.783, 194
Trd, 000123.483, 215
Trd, 000123.533, 300.0
Trd, 000123.800, 255
Trd, 000124.017, 303
Trd, 000124.417, 320
Trd, 000125.200, 337.0
Trd, 000125.333, 355.0
Trd, 000125.800, 350.0
Trd, 000126.767, 357
Trd, 000127.050, 349.0
Trd, 000127.500, 348.0
Trd, 000127.750, 348
Trd, 000127.800, 334.0
Trd, 000127.967, 358.0
Trd, 000129.233, 362.0
Trd, 000130.617, 369
Trd, 000130.750, 362.0
Trd, 000131.083, 359.0
Trd, 000132.067, 358.0
Trd, 000132.700, 355.0
Trd, 000132.833, 356.0
Trd, 000133.500, 350
Trd, 000134.150, 355.0
Trd, 000135.150, 356
Trd, 000135.983, 352
Trd, 000136.500, 351
Trd, 000136.600, 355
Trd, 000137.850, 352
Trd, 000138.383, 351
Trd, 000138.617, 351
Trd, 000139.017, 352
Trd, 000140.183, 348
Trd, 000140.350, 349.0
Trd, 000140.817, 352
Trd, 000140.850, 348.0
Trd, 000141.267, 355.0
Trd, 000141.300, 358.0
Trd, 000141.583, 358.0
Trd, 000142.700, 344.0
Trd, 000143.367, 356.0
Trd, 000144.133, 357
Trd, 000144.233, 355.0
Trd, 000144.983, 357.0
Trd, 000145.367, 358.0
Trd, 000145.583, 353
Trd, 000145.767, 350
Trd, 000146.667, 358
Trd, 000146.983, 362.0
Trd, 000147.067, 348.0
Trd, 000147.617, 344.0
Trd, 000148.900, 343.0
Trd, 000149.883, 355
Trd, 000150.183, 358
Trd, 000151.667, 349
Trd, 000152.500, 351
Trd, 000152.733, 354.0
Trd, 000153.900, 355.0
Trd, 000154.067, 353
Trd, 000154.633, 358.0
Trd, 000154.650, 352
Trd, 000155.883, 357
Trd, 000156.217, 352
Trd, 000157.383, 356.0
Trd, 000157.550, 355.0
Trd, 000157.967, 348.0
Trd, 000158.233, 347
Trd, 000158.583, 355
Trd, 000159.117, 345
Trd, 000159.533, 354
Trd, 000160.033, 355.0
Trd, 000160.733, 349
Trd, 000160.767, 358
Trd, 000161.817, 346
Trd, 000162.383, 357
Trd, 000163.083, 351.0
Trd, 000163.917, 355
Trd, 000164.817, 348.0
Trd, 000165.267, 347
Trd, 000165.350, 354
Trd, 000166.117, 351
Trd, 000166.133, 344
Trd, 000166.200, 355
Trd, 000166.500, 341.0
Trd, 000167.033, 352
Trd, 000167.333, 358.0
Trd, 000167.533, 362.0
Trd, 000168.467, 350
Trd, 000169.800, 356
Trd, 000169.850, 358
Trd, 000170.617, 359
Trd, 000171.483, 354
Trd, 000172.467, 355.0
Trd, 000172.783, 351
Trd, 000173.233, 355
Trd, 000173.300, 356.0
Trd, 000173.767, 351
Trd, 000173.883, 348.0
Trd, 000174.350, 341.0
Trd, 000174.367, 357.0
Trd, 000175.117, 344.0
Trd, 000175.400, 353
Trd, 000177.817, 342
Trd, 000178.167, 351
Trd, 000179.533, 348.0
Trd, 000180.017, 343.0
Trd, 000180.117, 344.0
Trd, 000180.433, 342
Trd, 000180.650, 348.0
Trd, 000180.783, 353
Trd, 000180.867, 353
Trd, 000181.300, 342.0
Trd, 000181.350, 341.0
Trd, 000181.717, 340
Trd, 000184.100, 337.0
Trd, 000184.150, 334.0
Trd, 000184.633, 259
Trd, 000184.717, 185
Trd, 000185.167, 189
Trd, 000185.200, 176
Trd, 000185.983, 174
Trd, 000186.400, 180
Trd, 000186.800, 174
Trd, 000187.267, 190
Trd, 000187.483, 179
Trd, 000188.167, 178
Trd, 000188.300, 182
Trd, 000188.367, 177
Trd, 000189.233, 173
Trd, 000190.117, 167
Trd, 000190.467, 167
Trd, 000190.767, 168
Trd, 000190.900, 174
Trd, 000191.067, 181
Trd, 000192.050, 187
Trd, 000192.450, 184
Trd, 000193.333, 177
Trd, 000193.467, 179
Trd, 000194.317, 177
Trd, 000194.500, 174
Trd, 000195.183, 175
Trd, 000195.917, 175
Trd, 000195.983, 176
Trd, 000197.367, 174
Trd, 000198.300, 173
Trd, 000198.433, 175
Trd, 000198.900, 173
Trd, 000199.200, 173
Trd, 000199.333, 174
Trd, 000199.667, 181
Trd, 000200.350, 175
Trd, 000200.650, 182
Trd, 000201.017, 170
Trd, 000201.233, 178
Trd, 000201.300, 161
Trd, 000201.717, 169
Trd, 000201.850, 178
Trd, 000202.133, 177
Trd, 000204.317, 179
Trd, 000204.617, 182
Trd, 000205.867, 177
Trd, 000206.183, 176
Trd, 000206.567, 179
Trd, 000207.183, 175
Trd, 000207.400, 172
Trd, 000208.333, 169
Trd, 000208.467, 176
Trd, 000208.917, 176
Trd, 000209.867, 176
Trd, 000210.233, 175
Trd, 000210.533, 175
Trd, 000212.367, 177
Trd, 000212.800, 174
Trd, 000212.883, 174
Trd, 000213.350, 171
Trd, 000213.767, 176
Trd, 000214.267, 176
Trd, 000214.483, 179
Trd, 000215.700, 178
Trd, 000215.917, 173
Trd, 000216.150, 172
Trd, 000216.217, 182
Trd, 000217.167, 179
Trd, 000217.700, 172
Trd, 000218.283, 177
Trd, 000218.333, 176
Trd, 000218.917, 176
Trd, 000219.150, 180
Trd, 000219.417, 180
Trd, 000220.517, 183
Trd, 000221.067, 184
Trd, 000221.217, 189
Trd, 000222.483, 182
Trd, 000222.850, 177
Trd, 000223.117, 177
Trd, 000223.700, 183
Trd, 000224.550, 180
Trd, 000224.750, 182
Trd, 000225.050, 178
Trd, 000225.300, 176
Trd, 000227.000, 176
Trd, 000227.383, 176
Trd, 000227.433, 176
Trd, 000227.850, 177
Trd, 000227.950, 181
Trd, 000228.283, 176
Trd, 000228.433, 197
Trd, 000228.867, 174
Trd, 000228.917, 171
Trd, 000229.933, 199
Trd, 000230.317, 191
Trd, 000231.200, 191
Trd, 000232.433, 189
Trd, 000232.600, 190
Trd, 000233.300, 188
Trd, 000233.367, 187
Trd, 000233.383, 179
Trd, 000235.883, 184
Trd, 000236.083, 179
Trd, 000236.183, 179
Trd, 000236.600, 182
Trd, 000236.633, 183
Trd, 000237.900, 179
Trd, 000238.067, 180
Trd, 000238.867, 179
Trd, 000238.883, 180
Trd, 000239.900, 182
Trd, 000240.683, 182
Trd, 000241.567, 182
Trd, 000241.750, 180
Trd, 000241.933, 182
Trd, 000242.317, 180
Trd, 000242.600, 179
Trd, 000242.817, 172
Trd, 000243.050, 185
Trd, 000244.117, 182
Trd, 000244.617, 182
Trd, 000245.000, 182
Trd, 000245.033, 170
Trd, 000245.967, 179
Trd, 000246.033, 182
Trd, 000246.267, 181
Trd, 000246.467, 181
Trd, 000246.650, 180
Trd, 000247.050, 182
Trd, 000247.733, 183
Trd, 000248.883, 186
Trd, 000249.100, 185
Trd, 000249.617, 182
Trd, 000249.817, 186
Trd, 000250.333, 183
Trd, 000250.800, 183
Trd, 000251.017, 184
Trd, 000251.250, 183
Trd, 000251.267, 182
Trd, 000251.283, 180
Trd, 000251.467, 180
Trd, 000251.533, 187
Trd, 000252.000, 183
Trd, 000252.250, 193
Trd, 000253.350, 180
Trd, 000253.450, 175
Trd, 000254.000, 173
Trd, 000254.133, 166
Trd, 000254.383, 174
Trd, 000255.250, 177
Trd, 000255.567, 178
Trd, 000256.217, 178
Trd, 000256.267, 179
Trd, 000258.117, 180
Trd, 000259.533, 178
Trd, 000259.717, 179
Trd, 000259.783, 176
Trd, 000259.983, 180
Trd, 000260.000, 181
Trd, 000260.267, 180
Trd, 000260.283, 179
Trd, 000260.567, 184
Trd, 000260.850, 179
Trd, 000261.000, 176
Trd, 000261.250, 183
Trd, 000261.367, 178
Trd, 000263.517, 175
Trd, 000263.583, 175
Trd, 000264.550, 176
Trd, 000264.867, 178
Trd, 000264.933, 178
Trd, 000265.483, 174
Trd, 000265.717, 178
Trd, 000265.800, 167
Trd, 000265.867, 162
Trd, 000266.450, 189
Trd, 000266.783, 188
Trd, 000267.150, 192
Trd, 000267.317, 193
Trd, 000267.333, 194
Trd, 000267.717, 197
Trd, 000268.117, 191
Trd, 000268.150, 182
Trd, 000268.817, 186
Trd, 000269.417, 185
Trd, 000269.750, 185
Trd, 000270.117, 184
Trd, 000270.600, 185
Trd, 000270.900, 185
Trd, 000270.950, 187
Trd, 000271.383, 185
Trd, 000271.967, 195
Trd, 000272.150, 192
Trd, 000273.117, 191
Trd, 000273.900, 197
Trd, 000274.017, 183
Trd, 000274.033, 182
Trd, 000274.333, 199
Trd, 000274.617, 192
Trd, 000275.133, 186
Trd, 000276.133, 187
Trd, 000276.233, 186
Trd, 000276.250, 185
Trd, 000276.367, 186
Trd, 000276.817, 185
Trd, 000277.017, 187
Trd, 000277.300, 189
Trd, 000278.733, 183
Trd, 000279.117, 183
Trd, 000279.467, 179
Trd, 000279.550, 178
Trd, 000279.567, 183
Trd, 000280.117, 184
Trd, 000280.600, 182
Trd, 000280.900, 180
Trd, 000280.933, 179
Trd, 000281.067, 185
Trd, 000281.383, 186
Trd, 000281.450, 190
Trd, 000281.633, 176
Trd, 000282.267, 195
Trd, 000282.867, 192
Trd, 000283.100, 190
Trd, 000283.200, 190
Trd, 000284.300, 186
Trd, 000284.383, 183
Trd, 000285.950, 186
Trd, 000286.100, 182
Trd, 000286.333, 188
Trd, 000286.483, 189
Trd, 000286.733, 188
Trd, 000286.917, 179
Trd, 000287.017, 190
Trd, 000287.267, 196
Trd, 000288.050, 179
Trd, 000288.250, 183
Trd, 000289.050, 180
Trd, 000290.050, 184
Trd, 000290.083, 188
Trd, 000290.617, 189
Trd, 000290.683, 187
Trd, 000291.117, 184
Trd, 000291.617, 187
Trd, 000291.750, 187
Trd, 000291.917, 187
Trd, 000292.817, 187
Trd, 000293.917, 191
Trd, 000294.050, 186
Trd, 000294.817, 196
Trd, 000295.350, 183
Trd, 000295.717, 179
Trd, 000295.900, 170
Trd, 000296.350, 190
Trd, 000296.833, 191
Trd, 000298.367, 188
Trd, 000298.450, 192
Trd, 000298.683, 192
Trd, 000299.183, 188
Trd, 000299.383, 190
Trd, 000299.617, 188
Trd, 000299.733, 186
Trd, 000299.883, 185
