Trd, 000001.050, 155
Trd, 000001.750, 148
Trd, 000003.250, 150
Trd, 000003.383, 165
Trd, 000004.150, 138
Trd, 000004.500, 159
Trd, 000005.350, 167
Trd, 000005.383, 156
Trd, 000005.883, 150
Trd, 000005.917, 146
Trd, 000006.050, 137
Trd, 000006.200, 151
Trd, 000006.900, 148
Trd, 000006.917, 157
Trd, 000007.050, 156
Trd, 000007.667, 173
Trd, 000009.967, 145
Trd, 000010.917, 154
Trd, 000011.167, 150
Trd, 000011.783, 155
Trd, 000013.150, 151
Trd, 000013.483, 149
Trd, 000014.550, 151
Trd, 000014.717, 151
Trd, 000016.000, 150
Trd, 000016.117, 149
Trd, 000017.467, 148
Trd, 000018.050, 150
Trd, 000018.883, 170
Trd, 000019.567, 171
Trd, 000019.800, 157
Trd, 000021.967, 155
Trd, 000022.183, 155
Trd, 000022.367, 156
Trd, 000022.383, 157
Trd, 000023.500, 156
Trd, 000024.350, 153
Trd, 000024.433, 153
Trd, 000025.350, 152
Trd, 000025.550, 152
Trd, 000025.683, 153
Trd, 000025.983, 154
Trd, 000026.150, 155
Trd, 000026.900, 152
Trd, 000027.400, 151
Trd, 000028.267, 154
Trd, 000028.850, 148
Trd, 000029.100, 149
Trd, 000031.233, 146
Trd, 000032.400, 145
Trd, 000032.567, 148
Trd, 000033.500, 150
Trd, 000034.083, 151
Trd, 000034.117, 158
Trd, 000034.617, 165
Trd, 000035.000, 168
Trd, 000037.033, 162
Trd, 000037.200, 171
Trd, 000037.417, 164
Trd, 000038.117, 162
Trd, 000039.200, 162
Trd, 000039.467, 161
Trd, 000039.700, 165
Trd, 000041.167, 159
Trd, 000041.317, 155
Trd, 000041.967, 159
Trd, 000042.383, 159
Trd, 000043.000, 158
Trd, 000043.133, 159
Trd, 000043.150, 160
Trd, 000044.450, 159
Trd, 000044.867, 159
Trd, 000045.100, 156
Trd, 000045.900, 157
Trd, 000046.333, 169
Trd, 000047.133, 164
Trd, 000047.767, 161
Trd, 000048.067, 154
Trd, 000048.250, 142
Trd, 000048.800, 163
Trd, 000048.967, 164
Trd, 000049.500, 164
Trd, 000050.167, 153
Trd, 000050.917, 182
Trd, 000051.633, 177
Trd, 000051.983, 173
Trd, 000052.517, 174
Trd, 000052.800, 173
Trd, 000053.000, 171
Trd, 000053.417, 160
Trd, 000053.700, 160
Trd, 000054.233, 153
Trd, 000055.517, 153
Trd, 000056.417, 155
Trd, 000056.433, 157
Trd, 000056.817, 170
Trd, 000057.333, 167
Trd, 000058.650, 166
Trd, 000059.383, 160
Trd, 000059.500, 163
Trd, 000061.100, 151
Trd, 000062.100, 158
Trd, 000062.617, 155
Trd, 000063.983, 151
Trd, 000064.717, 151
Trd, 000065.467, 151
Trd, 000065.717, 151
Trd, 000065.867, 154
Trd, 000066.567, 155
Trd, 000067.283, 158
Trd, 000067.583, 160
Trd, 000067.833, 149
Trd, 000068.100, 161
Trd, 000068.650, 151
Trd, 000069.250, 155
Trd, 000069.517, 160
Trd, 000070.483, 162
Trd, 000071.750, 160
Trd, 000072.350, 162
Trd, 000072.733, 172
Trd, 000073.033, 172
Trd, 000073.400, 171
Trd, 000073.800, 169
Trd, 000073.983, 168
Trd, 000075.500, 168
Trd, 000075.633, 168
Trd, 000075.783, 163
Trd, 000076.483, 167
Trd, 000077.283, 152
Trd, 000078.067, 159
Trd, 000078.633, 158
Trd, 000079.167, 159
Trd, 000079.967, 158
Trd, 000080.733, 157
Trd, 000081.583, 156
Trd, 000082.100, 156
Trd, 000082.583, 154
Trd, 000083.033, 156
Trd, 000083.533, 156
Trd, 000083.667, 155
Trd, 000083.983, 156
Trd, 000085.300, 155
Trd, 000085.433, 146
Trd, 000086.400, 151
Trd, 000087.433, 150
Trd, 000087.933, 150
Trd, 000088.667, 152
Trd, 000089.050, 153
Trd, 000089.917, 157
Trd, 000090.433, 161
Trd, 000090.583, 162
Trd, 000091.600, 162
Trd, 000091.933, 160
Trd, 000093.350, 159
Trd, 000093.450, 160
Trd, 000093.867, 158
Trd, 000094.517, 158
Trd, 000094.967, 159
Trd, 000096.150, 160
Trd, 000096.517, 160
Trd, 000096.600, 160
Trd, 000097.367, 158
Trd, 000097.667, 160
Trd, 000097.850, 160
Trd, 000099.733, 158
Trd, 000100.133, 157
Trd, 000100.300, 156
Trd, 000100.400, 156
Trd, 000100.933, 158
Trd, 000102.283, 157
Trd, 000102.383, 158
Trd, 000103.450, 156
Trd, 000103.483, 155
Trd, 000104.433, 158
Trd, 000106.017, 156
Trd, 000106.650, 157
Trd, 000106.983, 165
Trd, 000107.017, 175
Trd, 000108.483, 158
Trd, 000109.433, 158
Trd, 000109.833, 157
Trd, 000110.050, 159
Trd, 000110.850, 156
Trd, 000111.317, 155
Trd, 000111.483, 157
Trd, 000112.633, 156
Trd, 000113.633, 156
Trd, 000114.200, 156
Trd, 000114.250, 154
Trd, 000115.100, 162
Trd, 000115.850, 160
Trd, 000116.200, 161
Trd, 000118.750, 157
Trd, 000119.100, 157
Trd, 000119.133, 158
Trd, 000120.267, 156
Trd, 000120.867, 157
Trd, 000121.000, 160
Trd, 000121.600, 167
Trd, 000121.917, 184
Trd, 000122.000, 160
Trd, 000122.050, 191
Trd, 000122.100, 194
Trd, 000122.433, 185
Trd, 000122.833, 161
Trd, 000123.267, 200
Trd, 000123.900, 193
Trd, 000124.850, 201
Trd, 000124.917, 303.0
Trd, 000125.600, 309
Trd, 000125.983, 310.0
Trd, 000126.617, 320.0
Trd, 000126.867, 321.0
Trd, 000127.000, 348.0
Trd, 000129.033, 353
Trd, 000130.067, 349
Trd, 000131.017, 344
Trd, 000131.517, 348
Trd, 000131.933, 348.0
Trd, 000132.283, 351
Trd, 000133.667, 346
Trd, 000133.817, 344
Trd, 000135.800, 341
Trd, 000136.283, 343
Trd, 000136.983, 340
Trd, 000137.433, 341
Trd, 000138.450, 338
Trd, 000138.633, 342
Trd, 000138.833, 336
Trd, 000139.033, 333
Trd, 000139.933, 345
Trd, 000140.833, 344
Trd, 000141.283, 344
Trd, 000142.817, 345
Trd, 000143.017, 348.0
Trd, 000143.150, 351
Trd, 000143.800, 364.0
Trd, 000144.650, 348
Trd, 000146.317, 353
Trd, 000147.517, 349
Trd, 000147.700, 347
Trd, 000148.133, 341.0
Trd, 000148.500, 353
Trd, 000148.533, 353
Trd, 000149.117, 338.0
Trd, 000149.267, 339
Trd, 000150.183, 339
Trd, 000150.917, 347
Trd, 000151.717, 341
Trd, 000152.017, 345
Trd, 000152.050, 349
Trd, 000152.333, 350
Trd, 000153.267, 343
Trd, 000153.650, 345
Trd, 000153.933, 346
Trd, 000154.633, 348.0
Trd, 000157.050, 349
Trd, 000157.083, 350
Trd, 000157.200, 355.0
Trd, 000158.650, 355.0
Trd, 000158.850, 354
Trd, 000159.317, 353
Trd, 000159.617, 348
Trd, 000160.100, 346
Trd, 000160.683, 345.0
Trd, 000160.733, 341
Trd, 000162.133, 341.0
Trd, 000162.183, 338
Trd, 000162.733, 344.0
Trd, 000163.433, 343.0
Trd, 000163.467, 344.0
Trd, 000164.017, 347
Trd, 000164.150, 338
Trd, 000164.433, 348.0
Trd, 000166.917, 339
Trd, 000167.450, 345
Trd, 000167.983, 339
Trd, 000168.500, 345
Trd, 000169.550, 345.0
Trd, 000171.100, 341.0
Trd, 000171.183, 341.0
Trd, 000171.867, 348.0
Trd, 000171.983, 344
Trd, 000172.800, 351
Trd, 000173.600, 348.0
Trd, 000174.367, 351
Trd, 000175.033, 352
Trd, 000175.783, 352
Trd, 000175.850, 345
Trd, 000177.050, 348.0
Trd, 000177.967, 346
Trd, 000177.983, 344
Trd, 000178.150, 347
Trd, 000178.700, 347
Trd, 000179.383, 347
Trd, 000180.033, 353
Trd, 000181.767, 346
Trd, 000182.817, 344
Trd, 000182.867, 341.0
Trd, 000183.117, 337.0
Trd, 000183.700, 330
Trd, 000183.783, 324.0
Trd, 000183.800, 320.0
Trd, 000184.183, 313.0
Trd, 000184.400, 240
Trd, 000184.750, 204
Trd, 000185.600, 200
Trd, 000185.767, 196
Trd, 000186.517, 207
Trd, 000187.400, 193
Trd, 000188.033, 189
Trd, 000188.883, 188
Trd, 000189.000, 185
Trd, 000189.567, 184
Trd, 000190.050, 185
Trd, 000190.800, 185
Trd, 000191.133, 186
Trd, 000191.650, 183
Trd, 000191.817, 171
Trd, 000192.200, 181
Trd, 000193.433, 175
Trd, 000194.183, 174
Trd, 000194.650, 168
Trd, 000195.133, 172
Trd, 000196.450, 171
Trd, 000197.517, 169
Trd, 000197.733, 170
Trd, 000198.150, 170
Trd, 000198.267, 168
Trd, 000198.567, 170
Trd, 000199.367, 167
Trd, 000199.450, 172
Trd, 000199.517, 175
Trd, 000200.200, 158
Trd, 000200.433, 158
Trd, 000201.783, 177
Trd, 000202.667, 181
Trd, 000202.750, 192
Trd, 000204.150, 171
Trd, 000204.283, 173
Trd, 000204.383, 178
Trd, 000204.817, 172
Trd, 000205.750, 175
Trd, 000205.800, 174
Trd, 000206.850, 173
Trd, 000207.900, 175
Trd, 000208.417, 174
Trd, 000208.583, 178
Trd, 000209.150, 179
Trd, 000209.167, 180
Trd, 000209.350, 171
Trd, 000209.567, 171
Trd, 000209.983, 173
Trd, 000210.050, 175
Trd, 000210.333, 176
Trd, 000211.150, 186
Trd, 000211.283, 190
Trd, 000212.583, 174
Trd, 000212.600, 172
Trd, 000214.617, 175
Trd, 000215.033, 174
Trd, 000215.417, 173
Trd, 000215.567, 174
Trd, 000216.267, 176
Trd, 000217.117, 175
Trd, 000217.633, 172
Trd, 000217.783, 170
Trd, 000217.917, 173
Trd, 000218.850, 176
Trd, 000218.917, 177
Trd, 000219.033, 177
Trd, 000221.000, 180
Trd, 000221.267, 172
Trd, 000221.367, 171
Trd, 000221.633, 179
Trd, 000222.833, 172
Trd, 000222.867, 176
Trd, 000223.217, 177
Trd, 000223.600, 177
Trd, 000224.217, 171
Trd, 000224.483, 169
Trd, 000226.033, 171
Trd, 000226.767, 172
Trd, 000226.850, 169
Trd, 000227.450, 173
Trd, 000228.200, 181
Trd, 000228.833, 171
Trd, 000229.083, 187
Trd, 000230.500, 171
Trd, 000231.183, 171
Trd, 000231.633, 172
Trd, 000233.367, 170
Trd, 000233.500, 171
Trd, 000234.233, 171
Trd, 000234.583, 174
Trd, 000235.250, 173
Trd, 000235.950, 169
Trd, 000236.567, 171
Trd, 000236.867, 173
Trd, 000236.900, 168
Trd, 000237.183, 174
Trd, 000237.350, 168
Trd, 000238.433, 171
Trd, 000239.833, 171
Trd, 000240.267, 170
Trd, 000240.400, 170
Trd, 000240.467, 172
Trd, 000240.883, 174
Trd, 000241.467, 173
Trd, 000242.017, 172
Trd, 000242.733, 170
Trd, 000244.000, 169
Trd, 000244.050, 170
Trd, 000245.367, 170
Trd, 000245.400, 171
Trd, 000245.850, 171
Trd, 000245.950, 172
Trd, 000247.000, 173
Trd, 000247.517, 176
Trd, 000247.900, 174
Trd, 000248.383, 174
Trd, 000248.467, 175
Trd, 000249.133, 179
Trd, 000249.817, 175
Trd, 000250.017, 174
Trd, 000250.067, 173
Trd, 000250.317, 174
Trd, 000252.033, 175
Trd, 000252.317, 172
Trd, 000252.383, 171
Trd, 000252.433, 171
Trd, 000252.850, 168
Trd, 000253.033, 176
Trd, 000253.133, 178
Trd, 000253.267, 177
Trd, 000253.800, 176
Trd, 000254.250, 173
Trd, 000254.383, 180
Trd, 000254.967, 177
Trd, 000255.500, 190
Trd, 000256.050, 183
Trd, 000256.333, 198
Trd, 000256.850, 189
Trd, 000257.233, 193
Trd, 000257.800, 186
Trd, 000257.867, 190
Trd, 000258.133, 191
Trd, 000259.083, 186
Trd, 000259.367, 184
Trd, 000259.433, 183
Trd, 000259.800, 180
Trd, 000260.167, 175
Trd, 000260.683, 181
Trd, 000260.933, 182
Trd, 000262.283, 181
Trd, 000263.017, 182
Trd, 000263.233, 183
Trd, 000263.583, 179
Trd, 000264.433, 181
Trd, 000264.550, 178
Trd, 000264.583, 182
Trd, 000264.783, 176
Trd, 000265.633, 178
Trd, 000266.183, 171
Trd, 000266.783, 168
Trd, 000266.983, 174
Trd, 000267.833, 170
Trd, 000267.883, 169
Trd, 000267.933, 172
Trd, 000268.050, 174
Trd, 000268.833, 181
Trd, 000269.417, 175
Trd, 000269.583, 181
Trd, 000270.317, 175
Trd, 000270.350, 174
Trd, 000271.917, 175
Trd, 000272.150, 175
Trd, 000272.217, 174
Trd, 000272.283, 175
Trd, 000272.683, 174
Trd, 000272.717, 176
Trd, 000273.750, 180
Trd, 000274.117, 180
Trd, 000274.933, 180
Trd, 000275.300, 178
Trd, 000275.600, 180
Trd, 000275.767, 180
Trd, 000276.200, 177
Trd, 000276.517, 176
Trd, 000276.633, 182
Trd, 000276.850, 182
Trd, 000277.617, 183
Trd, 000277.717, 199
Trd, 000278.067, 205
Trd, 000278.817, 186
Trd, 000280.200, 193
Trd, 000280.333, 184
Trd, 000280.733, 186
Trd, 000281.267, 197
Trd, 000281.533, 196
Trd, 000282.033, 189
Trd, 000282.050, 188
Trd, 000282.467, 182
Trd, 000282.867, 183
Trd, 000282.917, 177
Trd, 000283.233, 183
Trd, 000283.533, 184
Trd, 000284.100, 178
Trd, 000285.067, 176
Trd, 000285.950, 176
Trd, 000286.283, 178
Trd, 000286.883, 175
Trd, 000287.133, 172
Trd, 000287.317, 176
Trd, 000287.783, 169
Trd, 000287.967, 183
Trd, 000288.117, 173
Trd, 000288.517, 179
Trd, 000289.317, 174
Trd, 000289.517, 179
Trd, 000289.683, 175
Trd, 000290.017, 182
Trd, 000290.367, 183
Trd, 000290.567, 184
Trd, 000291.117, 201
Trd, 000291.150, 178
Trd, 000291.750, 177
Trd, 000291.900, 177
Trd, 000292.083, 190
Trd, 000292.483, 192
Trd, 000293.850, 175
Trd, 000293.900, 170
Trd, 000293.983, 186
Trd, 000294.567, 184
Trd, 000294.783, 194
Trd, 000295.417, 184
Trd, 000295.817, 186
Trd, 000296.017, 186
Trd, 000296.800, 185
Trd, 000296.950, 182
Trd, 000297.500, 181
Trd, 000297.600, 183
Trd, 000297.883, 184
Trd, 000297.933, 180
Trd, 000298.083, 178
Trd, 000298.217, 184
