Trd, 000001.183, 137
Trd, 000001.367, 143
Trd, 000002.400, 165
Trd, 000003.267, 162
Trd, 000004.333, 140
Trd, 000004.700, 140
Trd, 000005.433, 143
Trd, 000005.517, 143
Trd, 000006.383, 139
Trd, 000006.833, 140
Trd, 000007.917, 141
Trd, 000008.700, 142
Trd, 000008.967, 140
Trd, 000009.533, 142
Trd, 000009.850, 142
Trd, 000009.967, 143
Trd, 000010.000, 141
Trd, 000010.700, 142
Trd, 000011.150, 142
Trd, 000011.533, 144
Trd, 000011.583, 142
Trd, 000012.183, 143
Trd, 000012.983, 143
Trd, 000013.300, 142
Trd, 000013.783, 141
Trd, 000014.617, 140
Trd, 000015.000, 140
Trd, 000015.283, 141
Trd, 000015.417, 136
Trd, 000015.633, 145
Trd, 000016.367, 135
Trd, 000016.517, 144
Trd, 000017.150, 143
Trd, 000017.650, 142
Trd, 000017.700, 143
Trd, 000018.183, 143
Trd, 000018.383, 141
Trd, 000019.233, 144
Trd, 000019.667, 140
Trd, 000020.633, 145
Trd, 000021.667, 143
Trd, 000021.717, 144
Trd, 000022.083, 145
Trd, 000022.267, 142
Trd, 000022.550, 141
Trd, 000023.883, 143
Trd, 000024.133, 144
Trd, 000024.900, 142
Trd, 000025.867, 142
Trd, 000026.000, 145
Trd, 000026.083, 146
Trd, 000027.333, 146
Trd, 000027.783, 148
Trd, 000028.417, 165
Trd, 000028.500, 161
Trd, 000029.150, 156
Trd, 000029.300, 157
Trd, 000030.417, 155
Trd, 000030.900, 154
Trd, 000031.067, 154
Trd, 000031.833, 152
Trd, 000032.100, 149
Trd, 000032.350, 147
Trd, 000032.850, 136
Trd, 000032.950, 150
Trd, 000033.817, 147
Trd, 000034.183, 144
Trd, 000035.150, 143
Trd, 000035.767, 144
Trd, 000035.850, 143
Trd, 000036.033, 141
Trd, 000037.167, 139
Trd, 000037.617, 139
Trd, 000037.650, 139
Trd, 000039.383, 145
Trd, 000039.400, 140
Trd, 000039.817, 146
Trd, 000039.900, 147
Trd, 000040.250, 141
Trd, 000041.150, 141
Trd, 000041.550, 146
Trd, 000042.317, 147
Trd, 000043.367, 147
Trd, 000043.750, 146
Trd, 000044.050, 146
Trd, 000044.300, 145
Trd, 000044.633, 146
Trd, 000045.300, 146
Trd, 000045.450, 148
Trd, 000045.800, 150
Trd, 000045.983, 147
Trd, 000047.500, 146
Trd, 000047.900, 146
Trd, 000048.400, 142
Trd, 000049.100, 145
Trd, 000049.167, 143
Trd, 000050.267, 144
Trd, 000050.367, 143
Trd, 000050.717, 144
Trd, 000051.617, 144
Trd, 000052.050, 144
Trd, 000052.067, 143
Trd, 000052.083, 146
Trd, 000052.700, 149
Trd, 000054.017, 168
Trd, 000054.033, 167
Trd, 000055.100, 158
Trd, 000055.733, 157
Trd, 000055.867, 158
Trd, 000056.367, 159
Trd, 000056.383, 160
Trd, 000057.250, 159
Trd, 000058.367, 154
Trd, 000058.717, 155
Trd, 000059.517, 153
Trd, 000059.633, 140
Trd, 000060.650, 143
Trd, 000060.683, 150
Trd, 000062.150, 158
Trd, 000062.833, 155
Trd, 000062.933, 154
Trd, 000063.200, 148
Trd, 000063.500, 146
Trd, 000063.917, 162
Trd, 000064.100, 146
Trd, 000064.817, 157
Trd, 000065.867, 153
Trd, 000067.217, 148
Trd, 000067.650, 147
Trd, 000067.717, 141
Trd, 000068.650, 144
Trd, 000068.817, 145
Trd, 000069.600, 141
Trd, 000069.733, 141
Trd, 000070.117, 142
Trd, 000070.283, 142
Trd, 000071.417, 151
Trd, 000071.833, 147
Trd, 000072.667, 148
Trd, 000072.800, 149
Trd, 000073.300, 150
Trd, 000074.633, 148
Trd, 000074.833, 151
Trd, 000075.133, 150
Trd, 000075.817, 150
Trd, 000076.100, 150
Trd, 000077.133, 153
Trd, 000078.267, 154
Trd, 000078.317, 154
Trd, 000078.633, 142
Trd, 000078.717, 155
Trd, 000078.933, 154
Trd, 000079.133, 141
Trd, 000080.100, 150
Trd, 000080.400, 139
Trd, 000080.517, 152
Trd, 000081.767, 150
Trd, 000082.383, 149
Trd, 000082.400, 147
Trd, 000083.850, 143
Trd, 000084.100, 143
Trd, 000084.533, 145
Trd, 000084.733, 142
Trd, 000085.033, 143
Trd, 000086.433, 142
Trd, 000087.517, 143
Trd, 000087.717, 144
Trd, 000087.967, 144
Trd, 000088.033, 146
Trd, 000088.517, 145
Trd, 000089.217, 145
Trd, 000089.400, 153
Trd, 000090.950, 162
Trd, 000091.950, 163
Trd, 000092.200, 171
Trd, 000093.167, 163
Trd, 000093.700, 165
Trd, 000094.067, 173
Trd, 000094.617, 166
Trd, 000095.250, 165
Trd, 000095.533, 166
Trd, 000095.983, 166
Trd, 000096.217, 162
Trd, 000096.883, 154
Trd, 000097.500, 146
Trd, 000098.867, 146
Trd, 000099.033, 147
Trd, 000099.233, 152
Trd, 000099.767, 144
Trd, 000099.950, 155
Trd, 000101.717, 154
Trd, 000102.233, 151
Trd, 000102.533, 154
Trd, 000103.083, 153
Trd, 000104.033, 151
Trd, 000104.983, 150
Trd, 000105.067, 151
Trd, 000105.233, 143
Trd, 000106.500, 137
Trd, 000107.267, 144
Trd, 000107.333, 146
Trd, 000107.733, 143
Trd, 000107.783, 143
Trd, 000107.950, 143
Trd, 000108.300, 144
Trd, 000108.317, 142
Trd, 000108.667, 151
Trd, 000110.683, 148
Trd, 000110.767, 148
Trd, 000110.783, 145
Trd, 000111.283, 147
Trd, 000112.300, 144
Trd, 000112.733, 145
Trd, 000112.767, 146
Trd, 000113.000, 143
Trd, 000113.800, 151
Trd, 000114.350, 136
Trd, 000115.050, 152
Trd, 000116.050, 144
Trd, 000116.067, 147
Trd, 000116.300, 142
Trd, 000116.517, 149
Trd, 000116.733, 150
Trd, 000117.133, 151
Trd, 000118.517, 149
Trd, 000118.750, 149
Trd, 000119.117, 148
Trd, 000119.150, 146
Trd, 000119.417, 147
Trd, 000119.467, 149
Trd, 000119.700, 156
Trd, 000121.267, 186
Trd, 000121.300, 188
Trd, 000121.533, 188
Trd, 000122.033, 190
Trd, 000122.900, 180
Trd, 000123.083, 191
Trd, 000123.617, 251
Trd, 000123.767, 295
Trd, 000123.900, 316.0
Trd, 000124.450, 220
Trd, 000124.700, 313.0
Trd, 000125.083, 306.0
Trd, 000125.650, 316
Trd, 000126.100, 317.0
Trd, 000126.150, 321
Trd, 000126.167, 333
Trd, 000127.183, 333
Trd, 000127.633, 335.0
Trd, 000128.567, 336.0
Trd, 000128.733, 337.0
Trd, 000129.367, 340
Trd, 000130.267, 341.0
Trd, 000130.967, 333
Trd, 000131.333, 329
Trd, 000131.717, 330
Trd, 000131.850, 336.0
Trd, 000132.867, 334.0
Trd, 000132.950, 336
Trd, 000133.650, 331
Trd, 000133.750, 336.0
Trd, 000134.800, 335
Trd, 000134.933, 330
Trd, 000135.100, 337.0
Trd, 000137.517, 334
Trd, 000137.700, 334
Trd, 000138.083, 332
Trd, 000138.167, 336
Trd, 000139.800, 333.0
Trd, 000140.667, 334.0
Trd, 000141.517, 333
Trd, 000141.583, 335.0
Trd, 000142.733, 335
Trd, 000143.067, 332
Trd, 000144.133, 332
Trd, 000144.800, 334.0
Trd, 000144.900, 335.0
Trd, 000146.583, 334
Trd, 000146.733, 334.0
Trd, 000147.000, 336
Trd, 000147.017, 337.0
Trd, 000147.533, 328
Trd, 000148.150, 334
Trd, 000149.100, 330
Trd, 000149.400, 335
Trd, 000149.900, 338
Trd, 000150.433, 329
Trd, 000150.683, 339
Trd, 000150.700, 334
Trd, 000151.717, 337.0
Trd, 000152.633, 341.0
Trd, 000153.200, 337
Trd, 000153.367, 339
Trd, 000154.000, 336
Trd, 000154.600, 339.0
Trd, 000155.350, 337.0
Trd, 000155.500, 341.0
Trd, 000155.733, 342
Trd, 000156.233, 338
Trd, 000157.000, 342
Trd, 000157.050, 340
Trd, 000157.150, 342
Trd, 000157.533, 344
Trd, 000157.733, 339
Trd, 000158.317, 341
Trd, 000158.517, 343
Trd, 000159.000, 343
Trd, 000159.817, 341
Trd, 000161.150, 340
Trd, 000162.417, 340
Trd, 000162.483, 339
Trd, 000162.867, 342
Trd, 000163.000, 339
Trd, 000163.150, 342
Trd, 000163.383, 332
Trd, 000164.267, 342
Trd, 000165.983, 335.0
Trd, 000166.167, 328
Trd, 000167.267, 333
Trd, 000168.350, 334.0
Trd, 000168.750, 333
Trd, 000169.267, 334
Trd, 000169.733, 334.0
Trd, 000170.017, 331
Trd, 000170.200, 331
Trd, 000170.317, 334.0
Trd, 000170.883, 333
Trd, 000173.167, 329.0
Trd, 000173.267, 334
Trd, 000173.467, 334
Trd, 000174.167, 330
Trd, 000175.317, 331
Trd, 000175.517, 334
Trd, 000176.100, 330.0
Trd, 000176.150, 333.0
Trd, 000176.167, 334.0
Trd, 000177.217, 333
Trd, 000177.250, 332
Trd, 000177.350, 337.0
Trd, 000177.967, 341.0
Trd, 000179.133, 344
Trd, 000179.400, 357
Trd, 000179.833, 344
Trd, 000181.267, 332
Trd, 000181.850, 329
Trd, 000182.917, 326
Trd, 000182.950, 324.0
Trd, 000183.917, 316
Trd, 000184.283, 313.0
Trd, 000184.350, 300.0
Trd, 000184.367, 256
Trd, 000184.967, 204
Trd, 000186.017, 191
Trd, 000186.117, 193
Trd, 000186.667, 190
Trd, 000187.250, 184
Trd, 000187.833, 185
Trd, 000188.333, 184
Trd, 000188.733, 181
Trd, 000188.817, 177
Trd, 000190.183, 181
Trd, 000191.033, 180
Trd, 000192.150, 178
Trd, 000192.283, 172
Trd, 000193.300, 175
Trd, 000193.633, 166
Trd, 000194.300, 174
Trd, 000195.717, 171
Trd, 000196.167, 168
Trd, 000196.650, 171
Trd, 000197.283, 170
Trd, 000198.033, 153
Trd, 000198.067, 166
Trd, 000198.617, 162
Trd, 000199.033, 155
Trd, 000200.367, 156
Trd, 000200.667, 158
Trd, 000201.367, 159
Trd, 000201.683, 158
Trd, 000201.750, 159
Trd, 000202.433, 156
Trd, 000202.467, 157
Trd, 000202.600, 161
Trd, 000203.300, 155
Trd, 000203.733, 164
Trd, 000203.883, 188
Trd, 000204.667, 153
Trd, 000204.733, 166
Trd, 000206.183, 155
Trd, 000206.717, 157
Trd, 000206.817, 159
Trd, 000207.233, 158
Trd, 000207.567, 161
Trd, 000208.567, 191
Trd, 000209.483, 172
Trd, 000209.750, 172
Trd, 000209.883, 171
Trd, 000210.133, 165
Trd, 000210.883, 159
Trd, 000211.450, 172
Trd, 000212.183, 167
Trd, 000213.250, 155
Trd, 000213.583, 154
Trd, 000213.833, 162
Trd, 000214.200, 158
Trd, 000214.533, 160
Trd, 000214.767, 160
Trd, 000215.333, 161
Trd, 000215.433, 162
Trd, 000216.317, 162
Trd, 000217.517, 160
Trd, 000217.600, 160
Trd, 000217.717, 161
Trd, 000217.867, 163
Trd, 000218.650, 161
Trd, 000220.117, 163
Trd, 000220.200, 160
Trd, 000220.383, 164
Trd, 000220.633, 165
Trd, 000220.683, 166
Trd, 000221.183, 152
Trd, 000222.383, 187
Trd, 000222.567, 184
Trd, 000222.800, 176
Trd, 000223.067, 166
Trd, 000224.767, 164
Trd, 000225.033, 163
Trd, 000225.817, 169
Trd, 000225.983, 172
Trd, 000226.017, 174
Trd, 000226.167, 163
Trd, 000227.817, 186
Trd, 000228.083, 185
Trd, 000228.517, 190
Trd, 000228.550, 185
Trd, 000228.983, 181
Trd, 000230.317, 156
Trd, 000230.783, 159
Trd, 000230.917, 160
Trd, 000231.267, 164
Trd, 000231.467, 162
Trd, 000232.700, 143
Trd, 000234.217, 164
Trd, 000234.483, 164
Trd, 000234.950, 160
Trd, 000235.050, 164
Trd, 000235.683, 164
Trd, 000236.867, 165
Trd, 000237.600, 163
Trd, 000237.800, 162
Trd, 000237.833, 167
Trd, 000237.850, 161
Trd, 000237.950, 160
Trd, 000237.983, 168
Trd, 000240.133, 164
Trd, 000240.167, 163
Trd, 000240.267, 164
Trd, 000240.467, 165
Trd, 000240.567, 165
Trd, 000240.650, 166
Trd, 000241.800, 167
Trd, 000241.850, 165
Trd, 000241.900, 185
Trd, 000242.517, 175
Trd, 000243.183, 173
Trd, 000243.683, 173
Trd, 000244.117, 174
Trd, 000244.600, 184
Trd, 000245.350, 176
Trd, 000245.983, 176
Trd, 000246.083, 175
Trd, 000246.817, 173
Trd, 000247.733, 175
Trd, 000248.083, 175
Trd, 000248.283, 172
Trd, 000248.850, 162
Trd, 000248.900, 175
Trd, 000248.967, 160
Trd, 000249.300, 175
Trd, 000249.317, 176
Trd, 000251.167, 176
Trd, 000251.550, 172
Trd, 000251.883, 171
Trd, 000252.167, 171
Trd, 000252.650, 171
Trd, 000252.883, 170
Trd, 000253.217, 171
Trd, 000253.633, 171
Trd, 000254.333, 162
Trd, 000254.950, 172
Trd, 000255.067, 172
Trd, 000255.117, 174
Trd, 000255.500, 169
Trd, 000255.683, 174
Trd, 000255.800, 187
Trd, 000257.067, 178
Trd, 000257.500, 178
Trd, 000257.683, 181
Trd, 000257.767, 177
Trd, 000258.317, 177
Trd, 000258.817, 177
Trd, 000259.167, 177
Trd, 000259.817, 179
Trd, 000260.150, 179
Trd, 000260.983, 177
Trd, 000261.017, 178
Trd, 000262.050, 163
Trd, 000262.367, 166
Trd, 000262.600, 168
Trd, 000263.117, 168
Trd, 000263.150, 164
Trd, 000263.567, 174
Trd, 000263.800, 172
Trd, 000264.233, 167
Trd, 000264.350, 165
Trd, 000264.383, 172
Trd, 000264.883, 168
Trd, 000265.883, 167
Trd, 000266.150, 167
Trd, 000266.283, 168
Trd, 000267.000, 167
Trd, 000267.233, 168
Trd, 000267.717, 169
Trd, 000267.800, 171
Trd, 000268.300, 168
Trd, 000268.400, 165
Trd, 000268.833, 179
Trd, 000269.250, 175
Trd, 000269.700, 167
Trd, 000270.350, 169
Trd, 000271.067, 167
Trd, 000271.317, 168
Trd, 000271.550, 168
Trd, 000271.900, 168
Trd, 000272.033, 169
Trd, 000272.100, 167
Trd, 000272.117, 168
Trd, 000273.650, 172
Trd, 000274.417, 181
Trd, 000275.050, 171
Trd, 000275.350, 167
Trd, 000275.383, 170
Trd, 000275.533, 172
Trd, 000275.567, 160
Trd, 000275.783, 183
Trd, 000277.167, 166
Trd, 000277.400, 165
Trd, 000277.550, 190
Trd, 000278.183, 189
Trd, 000279.067, 187
Trd, 000279.533, 182
Trd, 000280.017, 186
Trd, 000280.383, 181
Trd, 000280.750, 186
Trd, 000281.700, 185
Trd, 000282.050, 186
Trd, 000282.183, 185
Trd, 000282.250, 186
Trd, 000282.533, 183
Trd, 000282.633, 180
Trd, 000283.333, 180
Trd, 000283.367, 176
Trd, 000283.783, 178
Trd, 000283.900, 181
Trd, 000284.567, 189
Trd, 000284.800, 184
Trd, 000285.617, 177
Trd, 000286.700, 180
Trd, 000286.917, 179
Trd, 000288.300, 177
Trd, 000288.833, 177
Trd, 000289.183, 168
Trd, 000289.217, 175
Trd, 000289.250, 178
Trd, 000290.067, 176
Trd, 000290.350, 168
Trd, 000290.483, 174
Trd, 000290.617, 174
Trd, 000290.683, 176
Trd, 000291.667, 169
Trd, 000292.317, 173
Trd, 000292.683, 167
Trd, 000292.700, 189
Trd, 000293.300, 170
Trd, 000294.483, 178
Trd, 000295.033, 180
Trd, 000295.150, 180
Trd, 000295.217, 177
Trd, 000295.450, 186
Trd, 000295.700, 169
Trd, 000295.933, 185
Trd, 000296.383, 187
Trd, 000297.200, 190
Trd, 000297.683, 174
Trd, 000299.167, 182
