Trd, 000001.300, 163
Trd, 000001.883, 158
Trd, 000004.267, 170
Trd, 000005.617, 160
Trd, 000005.700, 160
Trd, 000006.300, 161
Trd, 000006.483, 166
Trd, 000006.650, 159
Trd, 000006.667, 156
Trd, 000007.200, 160
Trd, 000009.233, 154
Trd, 000009.817, 155
Trd, 000010.967, 155
Trd, 000011.617, 155
Trd, 000011.867, 159
Trd, 000011.917, 155
Trd, 000012.567, 154
Trd, 000013.050, 156
Trd, 000013.217, 154
Trd, 000014.100, 153
Trd, 000014.367, 145
Trd, 000016.217, 158
Trd, 000017.400, 158
Trd, 000019.000, 159
Trd, 000019.150, 156
Trd, 000019.233, 143
Trd, 000019.250, 140
Trd, 000019.500, 159
Trd, 000021.533, 164
Trd, 000021.617, 157
Trd, 000021.717, 167
Trd, 000022.867, 156
Trd, 000023.383, 160
Trd, 000024.233, 157
Trd, 000024.983, 158
Trd, 000025.300, 158
Trd, 000025.450, 157
Trd, 000025.617, 157
Trd, 000026.483, 157
Trd, 000026.633, 158
Trd, 000026.817, 157
Trd, 000027.017, 160
Trd, 000027.117, 167
Trd, 000027.350, 157
Trd, 000028.083, 172
Trd, 000029.367, 158
Trd, 000029.550, 156
Trd, 000029.633, 166
Trd, 000029.867, 167
Trd, 000031.333, 162
Trd, 000031.450, 161
Trd, 000031.650, 159
Trd, 000032.683, 161
Trd, 000034.050, 161
Trd, 000034.367, 158
Trd, 000034.450, 163
Trd, 000035.067, 161
Trd, 000035.500, 161
Trd, 000035.667, 162
Trd, 000035.867, 163
Trd, 000036.217, 166
Trd, 000037.317, 164
Trd, 000037.400, 162
Trd, 000037.450, 159
Trd, 000040.367, 151
Trd, 000041.117, 162
Trd, 000041.200, 163
Trd, 000042.617, 163
Trd, 000042.983, 160
Trd, 000043.283, 159
Trd, 000043.467, 162
Trd, 000044.450, 169
Trd, 000044.867, 160
Trd, 000046.300, 163
Trd, 000046.350, 164
Trd, 000046.933, 150
Trd, 000047.383, 167
Trd, 000048.417, 166
Trd, 000048.600, 161
Trd, 000048.917, 167
Trd, 000049.700, 160
Trd, 000050.583, 161
Trd, 000050.933, 160
Trd, 000051.500, 159
Trd, 000052.050, 164
Trd, 000052.483, 158
Trd, 000053.883, 161
Trd, 000054.200, 161
Trd, 000054.267, 160
Trd, 000055.000, 161
Trd, 000055.967, 162
Trd, 000056.733, 162
Trd, 000057.150, 161
Trd, 000057.483, 163
Trd, 000058.533, 150
Trd, 000059.200, 158
Trd, 000060.417, 159
Trd, 000060.967, 162
Trd, 000061.250, 159
Trd, 000061.833, 162
Trd, 000062.117, 164
Trd, 000063.067, 155
Trd, 000063.467, 157
Trd, 000064.083, 156
Trd, 000064.400, 163
Trd, 000064.850, 159
Trd, 000065.767, 158
Trd, 000066.267, 159
Trd, 000066.517, 159
Trd, 000066.617, 153
Trd, 000066.800, 152
Trd, 000067.533, 148
Trd, 000068.933, 158
Trd, 000069.417, 161
Trd, 000069.833, 162
Trd, 000070.017, 161
Trd, 000070.850, 162
Trd, 000071.517, 160
Trd, 000071.683, 162
Trd, 000071.817, 165
Trd, 000072.317, 162
Trd, 000073.567, 169
Trd, 000074.583, 163
Trd, 000074.733, 165
Trd, 000076.000, 166
Trd, 000076.150, 168
Trd, 000076.333, 169
Trd, 000076.417, 170
Trd, 000077.883, 168
Trd, 000078.217, 168
Trd, 000079.033, 166
Trd, 000079.300, 166
Trd, 000079.817, 153
Trd, 000079.933, 150
Trd, 000079.983, 163
Trd, 000080.950, 161
Trd, 000081.067, 163
Trd, 000081.100, 150
Trd, 000082.417, 161
Trd, 000083.517, 164
Trd, 000083.867, 166
Trd, 000083.933, 170
Trd, 000084.000, 181
Trd, 000084.017, 163
Trd, 000084.267, 155
Trd, 000084.433, 149
Trd, 000084.583, 141
Trd, 000085.133, 185
Trd, 000085.700, 142
Trd, 000088.117, 162
Trd, 000088.267, 163
Trd, 000088.633, 161
Trd, 000088.717, 153
Trd, 000089.483, 155
Trd, 000089.650, 152
Trd, 000089.733, 161
Trd, 000090.317, 141
Trd, 000090.883, 161
Trd, 000091.117, 163
Trd, 000091.317, 172
Trd, 000091.950, 164
Trd, 000092.600, 167
Trd, 000093.250, 165
Trd, 000094.517, 172
Trd, 000096.017, 176
Trd, 000096.417, 176
Trd, 000096.967, 176
Trd, 000097.050, 175
Trd, 000097.383, 180
Trd, 000098.667, 175
Trd, 000099.050, 176
Trd, 000099.433, 174
Trd, 000100.533, 169
Trd, 000100.733, 174
Trd, 000101.183, 172
Trd, 000102.600, 170
Trd, 000103.233, 168
Trd, 000103.733, 171
Trd, 000104.017, 165
Trd, 000105.783, 165
Trd, 000106.417, 164
Trd, 000106.483, 163
Trd, 000106.583, 169
Trd, 000107.033, 169
Trd, 000107.367, 163
Trd, 000107.650, 171
Trd, 000109.467, 167
Trd, 000109.583, 169
Trd, 000109.950, 169
Trd, 000110.017, 170
Trd, 000110.083, 173
Trd, 000110.267, 176
Trd, 000112.150, 172
Trd, 000112.583, 166
Trd, 000113.233, 156
Trd, 000113.250, 183
Trd, 000113.917, 166
Trd, 000114.967, 169
Trd, 000116.233, 174
Trd, 000116.750, 173
Trd, 000117.850, 173
Trd, 000118.233, 174
Trd, 000118.283, 167
Trd, 000118.850, 175
Trd, 000118.933, 176
Trd, 000119.467, 170
Trd, 000119.950, 170
Trd, 000120.200, 174
Trd, 000120.517, 163
Trd, 000120.783, 173
Trd, 000121.383, 174
Trd, 000121.650, 177
Trd, 000121.883, 191
Trd, 000121.967, 200
Trd, 000122.067, 167
Trd, 000122.500, 216
Trd, 000122.733, 243
Trd, 000122.750, 279
Trd, 000122.967, 291
Trd, 000123.983, 296
Trd, 000125.050, 342.0
Trd, 000125.950, 337.0
Trd, 000125.983, 344.0
Trd, 000126.183, 334
Trd, 000126.367, 333
Trd, 000126.867, 337.0
Trd, 000127.350, 340
Trd, 000128.200, 359.0
Trd, 000129.850, 361
Trd, 000130.367, 361
Trd, 000130.983, 361.0
Trd, 000131.017, 360
Trd, 000131.883, 360
Trd, 000132.650, 359.0
Trd, 000133.300, 358.0
Trd, 000134.467, 355.0
Trd, 000134.783, 359
Trd, 000135.317, 344
Trd, 000136.050, 347
Trd, 000136.117, 358
Trd, 000137.167, 345
Trd, 000137.367, 358
Trd, 000138.067, 361.0
Trd, 000138.117, 363.0
Trd, 000139.750, 360
Trd, 000139.967, 360.0
Trd, 000140.000, 355.0
Trd, 000140.533, 359
Trd, 000141.150, 358.0
Trd, 000141.833, 355.0
Trd, 000142.633, 360
Trd, 000142.867, 362
Trd, 000143.700, 360.0
Trd, 000144.050, 360
Trd, 000144.350, 361
Trd, 000144.383, 362
Trd, 000144.450, 359
Trd, 000144.883, 358.0
Trd, 000145.317, 343
Trd, 000147.000, 376
Trd, 000148.017, 365
Trd, 000148.067, 373
Trd, 000148.950, 373
Trd, 000149.167, 373
Trd, 000149.367, 372
Trd, 000149.383, 371
Trd, 000149.733, 355.0
Trd, 000150.033, 358.0
Trd, 000150.200, 342.0
Trd, 000151.733, 371
Trd, 000151.817, 355
Trd, 000152.700, 366
Trd, 000154.033, 364.0
Trd, 000154.117, 361.0
Trd, 000154.883, 360.0
Trd, 000156.017, 359.0
Trd, 000156.933, 361
Trd, 000157.733, 358.0
Trd, 000157.883, 359
Trd, 000157.917, 355.0
Trd, 000158.983, 362
Trd, 000159.300, 357
Trd, 000159.333, 362
Trd, 000159.967, 359.0
Trd, 000160.000, 358.0
Trd, 000160.633, 363
Trd, 000161.317, 355
Trd, 000161.817, 355.0
Trd, 000162.750, 359
Trd, 000165.117, 359
Trd, 000165.450, 359
Trd, 000165.917, 356.0
Trd, 000166.550, 359.0
Trd, 000166.633, 358.0
Trd, 000168.717, 355.0
Trd, 000169.233, 345
Trd, 000170.433, 354
Trd, 000170.583, 355
Trd, 000171.133, 349
Trd, 000171.933, 351
Trd, 000172.183, 346
Trd, 000173.167, 351
Trd, 000173.300, 349
Trd, 000173.900, 352
Trd, 000173.950, 351
Trd, 000175.483, 353
Trd, 000175.833, 356
Trd, 000176.133, 358
Trd, 000176.250, 362
Trd, 000176.583, 345
Trd, 000177.167, 341.0
Trd, 000179.017, 358.0
Trd, 000180.283, 357
Trd, 000180.917, 355
Trd, 000180.967, 359
Trd, 000181.233, 354
Trd, 000181.600, 358
Trd, 000181.667, 359
Trd, 000181.950, 355.0
Trd, 000182.233, 351
Trd, 000182.917, 341.0
Trd, 000183.300, 333
Trd, 000183.450, 327.0
Trd, 000183.550, 324.0
Trd, 000183.650, 310.0
Trd, 000184.300, 306.0
Trd, 000184.833, 207
Trd, 000186.583, 192
Trd, 000187.117, 191
Trd, 000187.333, 174
Trd, 000188.467, 184
Trd, 000188.817, 185
Trd, 000188.867, 183
Trd, 000189.000, 186
Trd, 000189.200, 187
Trd, 000189.750, 188
Trd, 000189.783, 183
Trd, 000191.067, 184
Trd, 000191.800, 183
Trd, 000192.083, 184
Trd, 000192.617, 177
Trd, 000193.717, 177
Trd, 000194.000, 181
Trd, 000194.733, 181
Trd, 000195.083, 182
Trd, 000196.133, 179
Trd, 000196.167, 178
Trd, 000197.100, 177
Trd, 000197.183, 177
Trd, 000198.033, 172
Trd, 000198.333, 177
Trd, 000199.050, 179
Trd, 000199.833, 177
Trd, 000200.133, 177
Trd, 000200.283, 178
Trd, 000202.183, 178
Trd, 000202.600, 175
Trd, 000202.733, 175
Trd, 000205.050, 181
Trd, 000206.300, 179
Trd, 000206.383, 178
Trd, 000207.233, 180
Trd, 000207.733, 180
Trd, 000207.767, 182
Trd, 000208.100, 177
Trd, 000208.767, 178
Trd, 000209.967, 180
Trd, 000210.033, 179
Trd, 000210.567, 183
Trd, 000211.367, 186
Trd, 000211.817, 180
Trd, 000211.883, 183
Trd, 000212.067, 179
Trd, 000213.450, 179
Trd, 000213.733, 177
Trd, 000214.100, 177
Trd, 000214.967, 180
Trd, 000215.433, 181
Trd, 000215.833, 178
Trd, 000217.333, 181
Trd, 000217.950, 179
Trd, 000218.317, 179
Trd, 000218.500, 165
Trd, 000219.683, 177
Trd, 000220.000, 178
Trd, 000221.050, 163
Trd, 000221.117, 163
Trd, 000221.150, 177
Trd, 000221.217, 178
Trd, 000222.033, 182
Trd, 000222.350, 184
Trd, 000223.117, 181
Trd, 000224.000, 183
Trd, 000224.700, 181
Trd, 000225.650, 177
Trd, 000225.933, 182
Trd, 000226.450, 182
Trd, 000226.850, 164
Trd, 000227.033, 184
Trd, 000227.433, 172
Trd, 000229.067, 167
Trd, 000229.517, 180
Trd, 000229.533, 163
Trd, 000229.950, 181
Trd, 000230.950, 182
Trd, 000231.417, 181
Trd, 000232.650, 179
Trd, 000233.567, 178
Trd, 000233.717, 181
Trd, 000234.367, 179
Trd, 000234.733, 177
Trd, 000235.167, 182
Trd, 000236.100, 179
Trd, 000236.600, 185
Trd, 000239.067, 187
Trd, 000239.767, 187
Trd, 000240.350, 187
Trd, 000240.550, 186
Trd, 000240.567, 185
Trd, 000240.800, 187
Trd, 000240.867, 186
Trd, 000240.950, 189
Trd, 000241.233, 183
Trd, 000241.650, 182
Trd, 000242.483, 183
Trd, 000242.567, 182
Trd, 000242.667, 179
Trd, 000243.133, 165
Trd, 000243.733, 169
Trd, 000243.817, 172
Trd, 000244.000, 167
Trd, 000244.133, 174
Trd, 000244.767, 184
Trd, 000245.450, 183
Trd, 000245.500, 182
Trd, 000246.383, 182
Trd, 000246.417, 181
Trd, 000247.350, 176
Trd, 000247.733, 171
Trd, 000247.783, 167
Trd, 000247.817, 177
Trd, 000248.133, 174
Trd, 000248.150, 157
Trd, 000248.833, 175
Trd, 000249.750, 173
Trd, 000250.283, 172
Trd, 000250.700, 180
Trd, 000250.817, 173
Trd, 000251.367, 174
Trd, 000252.300, 175
Trd, 000252.317, 174
Trd, 000252.617, 176
Trd, 000253.883, 177
Trd, 000254.983, 180
Trd, 000255.117, 180
Trd, 000255.217, 182
Trd, 000255.333, 180
Trd, 000255.633, 178
Trd, 000256.467, 170
Trd, 000256.800, 172
Trd, 000256.817, 175
Trd, 000256.883, 184
Trd, 000257.083, 171
Trd, 000257.400, 183
Trd, 000257.433, 172
Trd, 000257.767, 181
Trd, 000258.183, 181
Trd, 000259.050, 175
Trd, 000259.417, 181
Trd, 000260.267, 176
Trd, 000260.317, 170
Trd, 000261.067, 183
Trd, 000261.833, 180
Trd, 000262.417, 175
Trd, 000262.517, 178
Trd, 000262.633, 174
Trd, 000262.783, 178
Trd, 000262.933, 178
Trd, 000263.383, 172
Trd, 000264.300, 176
Trd, 000264.717, 174
Trd, 000265.117, 179
Trd, 000265.300, 180
Trd, 000265.683, 169
Trd, 000266.733, 168
Trd, 000266.783, 158
Trd, 000267.533, 161
Trd, 000267.800, 163
Trd, 000267.917, 165
Trd, 000267.967, 158
Trd, 000268.167, 172
Trd, 000268.550, 156
Trd, 000269.267, 168
Trd, 000269.517, 171
Trd, 000269.733, 164
Trd, 000270.283, 160
Trd, 000270.333, 171
Trd, 000271.400, 170
Trd, 000271.950, 159
Trd, 000272.583, 174
Trd, 000272.883, 175
Trd, 000273.117, 175
Trd, 000273.667, 185
Trd, 000274.200, 188
Trd, 000274.700, 176
Trd, 000275.033, 175
Trd, 000275.483, 174
Trd, 000275.617, 179
Trd, 000275.850, 173
Trd, 000276.233, 179
Trd, 000276.517, 173
Trd, 000277.100, 171
Trd, 000277.917, 178
Trd, 000278.217, 176
Trd, 000278.417, 172
Trd, 000278.650, 179
Trd, 000278.950, 171
Trd, 000279.067, 169
Trd, 000279.267, 171
Trd, 000280.083, 161
Trd, 000280.367, 175
Trd, 000280.950, 175
Trd, 000280.983, 176
Trd, 000281.850, 172
Trd, 000282.283, 178
Trd, 000282.583, 186
Trd, 000283.167, 190
Trd, 000283.650, 193
Trd, 000284.633, 189
Trd, 000284.883, 178
Trd, 000285.200, 179
Trd, 000285.517, 178
Trd, 000285.650, 173
Trd, 000285.717, 172
Trd, 000285.933, 179
Trd, 000286.083, 175
Trd, 000286.400, 178
Trd, 000286.583, 169
Trd, 000287.017, 159
Trd, 000287.417, 161
Trd, 000287.800, 166
Trd, 000288.483, 175
Trd, 000289.250, 156
Trd, 000289.400, 163
Trd, 000289.883, 158
Trd, 000289.967, 156
Trd, 000290.050, 154
Trd, 000290.317, 163
Trd, 000290.767, 173
Trd, 000291.517, 187
Trd, 000291.633, 193
Trd, 000292.367, 193
Trd, 000292.517, 191
Trd, 000293.200, 190
Trd, 000293.900, 187
Trd, 000294.017, 187
Trd, 000294.100, 184
Trd, 000295.183, 171
Trd, 000295.533, 170
Trd, 000295.550, 185
Trd, 000296.000, 187
Trd, 000296.133, 175
Trd, 000296.167, 188
Trd, 000297.000, 186
Trd, 000297.050, 185
Trd, 000297.067, 188
Trd, 000297.300, 185
Trd, 000297.383, 192
Trd, 000297.917, 185
Trd, 000298.500, 193
Trd, 000299.867, 192
