Trd, 000000.683, 138
Trd, 000001.900, 162
Trd, 000002.300, 153
Trd, 000003.800, 155
Trd, 000004.067, 157
Trd, 000005.217, 155
Trd, 000005.367, 156
Trd, 000006.400, 155
Trd, 000007.100, 151
Trd, 000007.200, 157
Trd, 000007.617, 151
Trd, 000008.033, 158
Trd, 000008.533, 159
Trd, 000008.717, 151
Trd, 000008.750, 150
Trd, 000009.400, 159
Trd, 000010.100, 159
Trd, 000010.817, 152
Trd, 000011.800, 154
Trd, 000012.500, 155
Trd, 000012.600, 154
Trd, 000012.700, 155
Trd, 000012.850, 156
Trd, 000013.467, 152
Trd, 000013.667, 142
Trd, 000013.767, 159
Trd, 000014.517, 148
Trd, 000014.667, 161
Trd, 000014.900, 150
Trd, 000015.733, 149
Trd, 000017.533, 151
Trd, 000017.583, 155
Trd, 000019.600, 153
Trd, 000019.850, 153
Trd, 000020.583, 153
Trd, 000020.617, 154
Trd, 000021.083, 156
Trd, 000021.150, 154
Trd, 000021.450, 154
Trd, 000021.483, 153
Trd, 000023.067, 154
Trd, 000023.250, 156
Trd, 000023.617, 153
Trd, 000023.633, 156
Trd, 000023.667, 157
Trd, 000023.850, 152
Trd, 000024.433, 153
Trd, 000024.883, 150
Trd, 000026.683, 157
Trd, 000027.600, 156
Trd, 000027.617, 158
Trd, 000028.100, 157
Trd, 000028.633, 156
Trd, 000029.783, 155
Trd, 000030.600, 159
Trd, 000030.850, 160
Trd, 000030.967, 155
Trd, 000032.667, 154
Trd, 000032.833, 153
Trd, 000032.950, 159
Trd, 000033.083, 158
Trd, 000033.617, 152
Trd, 000035.967, 154
Trd, 000036.033, 156
Trd, 000036.600, 154
Trd, 000036.933, 153
Trd, 000037.383, 153
Trd, 000037.683, 153
Trd, 000038.083, 152
Trd, 000039.417, 152
Trd, 000039.433, 153
Trd, 000039.517, 151
Trd, 000039.900, 162
Trd, 000041.200, 157
Trd, 000041.817, 155
Trd, 000042.450, 163
Trd, 000042.983, 165
Trd, 000043.117, 165
Trd, 000043.683, 162
Trd, 000044.300, 159
Trd, 000044.467, 162
Trd, 000046.167, 160
Trd, 000046.500, 161
Trd, 000046.600, 159
Trd, 000046.817, 160
Trd, 000047.083, 158
Trd, 000047.133, 154
Trd, 000047.717, 162
Trd, 000049.283, 165
Trd, 000049.517, 157
Trd, 000050.100, 173
Trd, 000050.200, 156
Trd, 000050.950, 157
Trd, 000051.883, 164
Trd, 000052.400, 161
Trd, 000052.633, 165
Trd, 000053.033, 157
Trd, 000053.733, 162
Trd, 000054.267, 159
Trd, 000054.683, 158
Trd, 000054.700, 157
Trd, 000055.883, 161
Trd, 000056.317, 156
Trd, 000056.900, 157
Trd, 000056.967, 158
Trd, 000057.733, 161
Trd, 000058.783, 156
Trd, 000059.433, 157
Trd, 000059.450, 159
Trd, 000060.500, 162
Trd, 000060.733, 159
Trd, 000060.917, 158
Trd, 000061.350, 158
Trd, 000062.050, 164
Trd, 000062.750, 162
Trd, 000063.300, 160
Trd, 000064.150, 160
Trd, 000064.583, 161
Trd, 000064.850, 160
Trd, 000065.133, 158
Trd, 000066.017, 157
Trd, 000066.533, 158
Trd, 000066.733, 159
Trd, 000067.833, 160
Trd, 000068.017, 163
Trd, 000068.167, 167
Trd, 000068.317, 160
Trd, 000068.333, 159
Trd, 000069.150, 163
Trd, 000069.383, 168
Trd, 000070.767, 159
Trd, 000071.283, 157
Trd, 000072.050, 159
Trd, 000072.117, 164
Trd, 000072.750, 166
Trd, 000073.167, 167
Trd, 000073.783, 161
Trd, 000075.633, 164
Trd, 000075.833, 165
Trd, 000076.917, 169
Trd, 000077.267, 162
Trd, 000077.650, 163
Trd, 000077.783, 174
Trd, 000078.217, 160
Trd, 000078.417, 163
Trd, 000078.617, 162
Trd, 000081.183, 161
Trd, 000081.617, 159
Trd, 000082.133, 158
Trd, 000082.233, 156
Trd, 000082.683, 159
Trd, 000083.333, 158
Trd, 000083.967, 156
Trd, 000084.117, 155
Trd, 000085.050, 156
Trd, 000085.533, 154
Trd, 000085.567, 155
Trd, 000085.767, 156
Trd, 000086.400, 154
Trd, 000086.717, 166
Trd, 000086.800, 170
Trd, 000087.100, 158
Trd, 000087.567, 162
Trd, 000088.450, 161
Trd, 000088.900, 160
Trd, 000089.250, 161
Trd, 000089.433, 160
Trd, 000090.067, 167
Trd, 000090.783, 166
Trd, 000091.983, 167
Trd, 000092.483, 161
Trd, 000092.883, 171
Trd, 000094.283, 161
Trd, 000095.100, 161
Trd, 000095.467, 160
Trd, 000095.667, 163
Trd, 000096.917, 159
Trd, 000097.083, 161
Trd, 000097.317, 160
Trd, 000097.583, 163
Trd, 000098.350, 160
Trd, 000098.383, 160
Trd, 000098.533, 159
Trd, 000099.633, 162
Trd, 000100.150, 163
Trd, 000100.667, 161
Trd, 000100.783, 158
Trd, 000100.867, 161
Trd, 000101.550, 163
Trd, 000101.950, 159
Trd, 000102.383, 163
Trd, 000102.433, 165
Trd, 000103.267, 161
Trd, 000104.100, 154
Trd, 000104.450, 163
Trd, 000104.900, 160
Trd, 000106.050, 167
Trd, 000107.033, 168
Trd, 000107.567, 162
Trd, 000108.300, 170
Trd, 000109.017, 170
Trd, 000109.133, 167
Trd, 000109.800, 169
Trd, 000110.567, 167
Trd, 000110.633, 163
Trd, 000111.967, 168
Trd, 000112.100, 166
Trd, 000112.150, 165
Trd, 000113.117, 165
Trd, 000113.750, 167
Trd, 000114.367, 163
Trd, 000114.383, 162
Trd, 000114.850, 166
Trd, 000115.083, 167
Trd, 000116.133, 173
Trd, 000116.567, 163
Trd, 000116.650, 190
Trd, 000118.700, 175
Trd, 000118.883, 174
Trd, 000119.033, 171
Trd, 000120.083, 173
Trd, 000120.167, 173
Trd, 000121.467, 172
Trd, 000121.500, 173
Trd, 000121.933, 174
Trd, 000122.133, 177
Trd, 000122.167, 180
Trd, 000122.583, 195
Trd, 000122.700, 201
Trd, 000122.717, 227
Trd, 000122.817, 274
Trd, 000123.350, 362.0
Trd, 000123.667, 348.0
Trd, 000123.867, 349
Trd, 000124.467, 368.0
Trd, 000125.167, 361
Trd, 000125.750, 374
Trd, 000125.800, 368.0
Trd, 000125.900, 346
Trd, 000127.200, 317.0
Trd, 000127.800, 357
Trd, 000129.267, 324
Trd, 000130.033, 336
Trd, 000130.100, 337
Trd, 000130.783, 337
Trd, 000131.117, 330
Trd, 000132.000, 336
Trd, 000132.067, 347
Trd, 000132.733, 348.0
Trd, 000134.583, 342
Trd, 000134.833, 341
Trd, 000135.083, 340
Trd, 000135.167, 339
Trd, 000135.267, 333
Trd, 000135.917, 347
Trd, 000136.417, 348.0
Trd, 000136.483, 357
Trd, 000136.717, 358.0
Trd, 000136.983, 362.0
Trd, 000137.100, 361
Trd, 000138.333, 350
Trd, 000139.050, 352
Trd, 000140.150, 351.0
Trd, 000140.300, 348.0
Trd, 000140.367, 346
Trd, 000140.467, 338
Trd, 000141.500, 348
Trd, 000141.933, 341
Trd, 000142.367, 345.0
Trd, 000143.000, 345
Trd, 000143.667, 328
Trd, 000144.583, 344
Trd, 000145.017, 345
Trd, 000145.117, 348.0
Trd, 000146.150, 341
Trd, 000147.400, 339
Trd, 000147.417, 340
Trd, 000149.183, 345
Trd, 000149.217, 345
Trd, 000149.600, 347
Trd, 000149.933, 344
Trd, 000150.083, 348.0
Trd, 000150.100, 347
Trd, 000151.117, 347
Trd, 000151.333, 348
Trd, 000152.400, 344
Trd, 000152.683, 345
Trd, 000153.733, 346
Trd, 000154.300, 348
Trd, 000155.400, 346
Trd, 000156.250, 348.0
Trd, 000156.500, 348
Trd, 000156.667, 348
Trd, 000156.733, 349
Trd, 000156.750, 346
Trd, 000158.417, 349
Trd, 000158.750, 352
Trd, 000159.300, 348
Trd, 000159.533, 347
Trd, 000160.000, 345
Trd, 000160.383, 345
Trd, 000160.467, 352
Trd, 000160.833, 355
Trd, 000161.417, 346
Trd, 000161.617, 344
Trd, 000162.800, 340
Trd, 000163.167, 344
Trd, 000163.400, 352
Trd, 000164.017, 353
Trd, 000164.133, 353
Trd, 000164.183, 352
Trd, 000165.183, 354
Trd, 000165.567, 354
Trd, 000166.067, 353
Trd, 000166.483, 348.0
Trd, 000166.650, 358.0
Trd, 000167.017, 343
Trd, 000167.117, 361.0
Trd, 000168.217, 343
Trd, 000169.117, 357
Trd, 000169.250, 355
Trd, 000169.567, 340
Trd, 000171.383, 358.0
Trd, 000172.317, 352
Trd, 000172.583, 360
Trd, 000173.200, 352
Trd, 000175.100, 355
Trd, 000175.117, 350
Trd, 000175.283, 356.0
Trd, 000175.883, 350
Trd, 000176.600, 358.0
Trd, 000177.083, 353
Trd, 000177.117, 357
Trd, 000177.567, 358
Trd, 000179.350, 357
Trd, 000179.717, 357
Trd, 000179.867, 355
Trd, 000180.033, 357
Trd, 000180.600, 351
Trd, 000180.983, 352
Trd, 000181.533, 352
Trd, 000181.750, 358.0
Trd, 000181.783, 349
Trd, 000182.767, 349
Trd, 000183.483, 331.0
Trd, 000183.883, 303.0
Trd, 000184.050, 324
Trd, 000184.967, 271
Trd, 000185.417, 200
Trd, 000185.483, 197
Trd, 000185.600, 192
Trd, 000185.733, 199
Trd, 000185.767, 186
Trd, 000186.867, 182
Trd, 000187.383, 181
Trd, 000187.400, 181
Trd, 000187.750, 180
Trd, 000188.017, 181
Trd, 000188.250, 186
Trd, 000189.367, 179
Trd, 000190.283, 179
Trd, 000190.350, 181
Trd, 000190.367, 170
Trd, 000191.333, 186
Trd, 000193.333, 181
Trd, 000193.550, 179
Trd, 000193.600, 176
Trd, 000194.483, 174
Trd, 000195.967, 174
Trd, 000196.517, 172
Trd, 000197.883, 174
Trd, 000198.800, 174
Trd, 000199.550, 176
Trd, 000199.600, 174
Trd, 000200.383, 175
Trd, 000201.133, 171
Trd, 000201.367, 171
Trd, 000201.683, 170
Trd, 000201.833, 175
Trd, 000202.750, 171
Trd, 000203.000, 170
Trd, 000203.250, 171
Trd, 000203.517, 170
Trd, 000205.083, 169
Trd, 000205.583, 168
Trd, 000205.800, 171
Trd, 000205.917, 171
Trd, 000205.933, 168
Trd, 000207.067, 174
Trd, 000208.233, 170
Trd, 000208.900, 175
Trd, 000209.433, 179
Trd, 000209.633, 175
Trd, 000210.850, 182
Trd, 000211.100, 174
Trd, 000211.117, 173
Trd, 000211.533, 174
Trd, 000212.900, 177
Trd, 000212.933, 172
Trd, 000213.283, 171
Trd, 000214.600, 176
Trd, 000214.917, 177
Trd, 000214.967, 175
Trd, 000215.300, 172
Trd, 000215.583, 176
Trd, 000216.467, 172
Trd, 000216.583, 172
Trd, 000216.900, 178
Trd, 000217.833, 178
Trd, 000217.883, 172
Trd, 000218.700, 172
Trd, 000218.833, 178
Trd, 000219.650, 177
Trd, 000220.100, 183
Trd, 000220.367, 190
Trd, 000221.017, 182
Trd, 000221.283, 183
Trd, 000222.183, 183
Trd, 000222.900, 183
Trd, 000223.133, 181
Trd, 000224.017, 184
Trd, 000224.367, 183
Trd, 000224.500, 182
Trd, 000224.517, 181
Trd, 000224.533, 184
Trd, 000224.583, 170
Trd, 000225.250, 173
Trd, 000226.483, 181
Trd, 000226.767, 177
Trd, 000227.017, 171
Trd, 000228.650, 176
Trd, 000229.300, 174
Trd, 000230.017, 176
Trd, 000230.117, 176
Trd, 000230.717, 176
Trd, 000231.517, 176
Trd, 000231.567, 174
Trd, 000231.900, 185
Trd, 000232.100, 190
Trd, 000232.383, 191
Trd, 000232.917, 185
Trd, 000234.700, 179
Trd, 000235.000, 173
Trd, 000235.117, 171
Trd, 000236.550, 172
Trd, 000237.083, 172
Trd, 000237.400, 171
Trd, 000237.750, 175
Trd, 000237.767, 171
Trd, 000238.050, 176
Trd, 000239.283, 177
Trd, 000239.950, 176
Trd, 000240.133, 177
Trd, 000240.183, 175
Trd, 000240.383, 182
Trd, 000241.700, 181
Trd, 000241.783, 180
Trd, 000242.233, 182
Trd, 000242.400, 185
Trd, 000242.800, 181
Trd, 000242.883, 180
Trd, 000243.033, 186
Trd, 000243.550, 182
Trd, 000243.667, 182
Trd, 000244.267, 182
Trd, 000244.383, 181
Trd, 000244.867, 180
Trd, 000245.783, 175
Trd, 000245.983, 172
Trd, 000246.767, 168
Trd, 000247.217, 166
Trd, 000247.650, 164
Trd, 000248.000, 167
Trd, 000248.083, 166
Trd, 000248.217, 161
Trd, 000248.283, 173
Trd, 000249.117, 170
Trd, 000249.317, 173
Trd, 000249.667, 169
Trd, 000251.133, 175
Trd, 000251.567, 176
Trd, 000251.867, 175
Trd, 000252.250, 182
Trd, 000252.300, 183
Trd, 000252.333, 175
Trd, 000252.350, 187
Trd, 000252.450, 190
Trd, 000252.533, 193
Trd, 000253.567, 182
Trd, 000254.083, 183
Trd, 000254.333, 184
Trd, 000254.633, 187
Trd, 000254.817, 183
Trd, 000255.300, 183
Trd, 000255.667, 182
Trd, 000256.050, 182
Trd, 000257.383, 186
Trd, 000258.133, 186
Trd, 000258.150, 183
Trd, 000258.600, 184
Trd, 000259.050, 185
Trd, 000259.667, 184
Trd, 000260.267, 185
Trd, 000260.950, 188
Trd, 000260.967, 182
Trd, 000261.617, 182
Trd, 000261.633, 182
Trd, 000262.550, 181
Trd, 000262.650, 177
Trd, 000262.750, 174
Trd, 000263.300, 186
Trd, 000263.533, 185
Trd, 000264.550, 187
Trd, 000264.717, 178
Trd, 000264.833, 176
Trd, 000265.533, 181
Trd, 000265.567, 179
Trd, 000266.250, 175
Trd, 000266.433, 176
Trd, 000266.483, 178
Trd, 000266.917, 175
Trd, 000267.100, 174
Trd, 000267.517, 167
Trd, 000267.917, 172
Trd, 000269.017, 178
Trd, 000269.167, 173
Trd, 000269.567, 179
Trd, 000269.817, 177
Trd, 000270.000, 174
Trd, 000271.067, 173
Trd, 000271.167, 172
Trd, 000271.833, 170
Trd, 000272.300, 172
Trd, 000272.867, 172
Trd, 000273.117, 175
Trd, 000273.633, 178
Trd, 000273.817, 170
Trd, 000274.017, 185
Trd, 000274.083, 172
Trd, 000274.733, 170
Trd, 000275.383, 175
Trd, 000275.500, 177
Trd, 000275.933, 189
Trd, 000276.400, 187
Trd, 000276.900, 187
Trd, 000277.350, 184
Trd, 000277.617, 179
Trd, 000278.650, 184
Trd, 000278.683, 184
Trd, 000278.700, 181
Trd, 000279.000, 179
Trd, 000279.100, 190
Trd, 000279.783, 184
Trd, 000279.900, 185
Trd, 000279.933, 176
Trd, 000280.950, 185
Trd, 000281.500, 186
Trd, 000281.750, 188
Trd, 000282.617, 185
Trd, 000282.683, 183
Trd, 000283.050, 186
Trd, 000283.550, 183
Trd, 000283.650, 187
Trd, 000283.767, 189
Trd, 000283.933, 190
Trd, 000284.067, 181
Trd, 000284.500, 179
Trd, 000284.917, 190
Trd, 000285.450, 180
Trd, 000285.850, 179
Trd, 000287.417, 179
Trd, 000287.650, 184
Trd, 000289.217, 179
Trd, 000289.667, 178
Trd, 000289.683, 184
Trd, 000289.750, 185
Trd, 000289.900, 185
Trd, 000290.850, 179
Trd, 000290.983, 178
Trd, 000291.133, 183
Trd, 000291.600, 180
Trd, 000291.767, 178
Trd, 000292.067, 180
Trd, 000293.400, 179
Trd, 000293.417, 177
Trd, 000294.617, 179
Trd, 000294.667, 178
Trd, 000295.100, 178
Trd, 000295.167, 179
Trd, 000295.217, 179
Trd, 000295.783, 176
Trd, 000296.250, 178
Trd, 000296.533, 180
Trd, 000296.717, 186
Trd, 000296.750, 176
Trd, 000297.933, 187
Trd, 000298.467, 190
Trd, 000298.767, 178
Trd, 000298.800, 178
Trd, 000299.767, 180
