Trd, 000002.100, 137
Trd, 000002.683, 138
Trd, 000003.417, 140
Trd, 000003.717, 148
Trd, 000003.750, 158
Trd, 000003.850, 134
Trd, 000004.733, 155
Trd, 000005.433, 156
Trd, 000005.950, 138
Trd, 000006.033, 157
Trd, 000006.250, 137
Trd, 000007.267, 156
Trd, 000007.633, 156
Trd, 000009.450, 149
Trd, 000009.467, 148
Trd, 000010.017, 151
Trd, 000010.133, 159
Trd, 000010.283, 163
Trd, 000011.200, 158
Trd, 000011.850, 151
Trd, 000012.417, 151
Trd, 000012.833, 158
Trd, 000013.950, 157
Trd, 000014.117, 153
Trd, 000015.433, 158
Trd, 000016.150, 158
Trd, 000016.467, 157
Trd, 000016.533, 156
Trd, 000017.150, 158
Trd, 000017.517, 155
Trd, 000017.583, 157
Trd, 000017.900, 154
Trd, 000019.633, 158
Trd, 000020.467, 157
Trd, 000021.050, 158
Trd, 000021.700, 158
Trd, 000022.083, 160
Trd, 000022.650, 156
Trd, 000023.533, 157
Trd, 000023.583, 158
Trd, 000025.067, 158
Trd, 000025.283, 158
Trd, 000026.000, 159
Trd, 000026.667, 158
Trd, 000026.867, 159
Trd, 000027.517, 161
Trd, 000028.217, 159
Trd, 000028.833, 159
Trd, 000029.433, 158
Trd, 000029.500, 160
Trd, 000030.133, 158
Trd, 000030.950, 161
Trd, 000031.067, 163
Trd, 000032.767, 162
Trd, 000033.783, 162
Trd, 000033.983, 164
Trd, 000034.583, 164
Trd, 000035.183, 163
Trd, 000035.867, 165
Trd, 000035.883, 166
Trd, 000036.500, 162
Trd, 000036.533, 170
Trd, 000037.267, 171
Trd, 000037.700, 163
Trd, 000038.050, 171
Trd, 000039.250, 166
Trd, 000039.783, 167
Trd, 000040.550, 165
Trd, 000040.850, 166
Trd, 000041.017, 165
Trd, 000042.050, 161
Trd, 000042.433, 166
Trd, 000044.200, 164
Trd, 000044.233, 165
Trd, 000044.617, 165
Trd, 000044.650, 166
Trd, 000045.050, 163
Trd, 000046.417, 166
Trd, 000046.767, 164
Trd, 000047.117, 163
Trd, 000048.917, 164
Trd, 000048.967, 167
Trd, 000050.000, 167
Trd, 000050.067, 167
Trd, 000050.350, 164
Trd, 000051.817, 163
Trd, 000052.000, 164
Trd, 000052.467, 164
Trd, 000053.217, 163
Trd, 000053.917, 165
Trd, 000054.333, 165
Trd, 000054.533, 167
Trd, 000054.950, 167
Trd, 000055.650, 164
Trd, 000055.733, 153
Trd, 000056.533, 162
Trd, 000056.967, 165
Trd, 000057.617, 166
Trd, 000057.900, 160
Trd, 000058.117, 161
Trd, 000058.867, 164
Trd, 000059.167, 161
Trd, 000059.483, 163
Trd, 000059.750, 161
Trd, 000060.400, 161
Trd, 000060.517, 161
Trd, 000060.600, 160
Trd, 000060.850, 154
Trd, 000062.717, 161
Trd, 000063.733, 160
Trd, 000064.317, 161
Trd, 000064.467, 162
Trd, 000064.783, 160
Trd, 000065.167, 159
Trd, 000065.367, 159
Trd, 000065.983, 162
Trd, 000066.717, 162
Trd, 000066.917, 165
Trd, 000068.117, 159
Trd, 000068.717, 160
Trd, 000069.183, 160
Trd, 000069.517, 164
Trd, 000069.783, 160
Trd, 000070.867, 163
Trd, 000071.100, 161
Trd, 000072.017, 162
Trd, 000072.183, 165
Trd, 000074.367, 164
Trd, 000074.467, 163
Trd, 000074.683, 162
Trd, 000075.033, 163
Trd, 000075.117, 167
Trd, 000075.233, 169
Trd, 000076.217, 165
Trd, 000077.067, 171
Trd, 000077.350, 166
Trd, 000077.750, 171
Trd, 000078.167, 171
Trd, 000078.467, 169
Trd, 000078.950, 172
Trd, 000079.167, 173
Trd, 000079.517, 171
Trd, 000080.717, 172
Trd, 000081.600, 172
Trd, 000082.067, 172
Trd, 000083.050, 173
Trd, 000084.183, 171
Trd, 000084.683, 173
Trd, 000084.917, 173
Trd, 000085.067, 174
Trd, 000085.317, 173
Trd, 000085.700, 175
Trd, 000086.250, 171
Trd, 000087.050, 170
Trd, 000088.750, 172
Trd, 000088.767, 171
Trd, 000089.433, 170
Trd, 000090.133, 173
Trd, 000090.200, 174
Trd, 000090.650, 173
Trd, 000090.767, 171
Trd, 000091.200, 171
Trd, 000091.583, 172
Trd, 000092.417, 177
Trd, 000092.500, 169
Trd, 000093.333, 169
Trd, 000093.417, 167
Trd, 000093.883, 165
Trd, 000093.917, 166
Trd, 000094.050, 165
Trd, 000095.600, 163
Trd, 000096.000, 170
Trd, 000096.033, 168
Trd, 000096.517, 159
Trd, 000097.067, 164
Trd, 000097.767, 165
Trd, 000099.050, 165
Trd, 000099.183, 164
Trd, 000099.667, 165
Trd, 000099.850, 162
Trd, 000100.483, 166
Trd, 000101.483, 171
Trd, 000103.067, 170
Trd, 000103.583, 171
Trd, 000104.017, 168
Trd, 000104.633, 171
Trd, 000104.883, 167
Trd, 000105.000, 165
Trd, 000105.850, 168
Trd, 000106.350, 169
Trd, 000106.550, 170
Trd, 000107.317, 168
Trd, 000107.417, 159
Trd, 000107.550, 170
Trd, 000108.000, 171
Trd, 000109.267, 166
Trd, 000109.283, 166
Trd, 000109.983, 169
Trd, 000111.533, 169
Trd, 000111.683, 165
Trd, 000112.167, 166
Trd, 000112.700, 168
Trd, 000112.850, 167
Trd, 000113.300, 169
Trd, 000114.300, 169
Trd, 000114.650, 170
Trd, 000115.083, 173
Trd, 000116.433, 170
Trd, 000116.583, 172
Trd, 000116.983, 169
Trd, 000117.717, 169
Trd, 000117.950, 167
Trd, 000118.250, 172
Trd, 000118.283, 174
Trd, 000118.483, 169
Trd, 000118.567, 167
Trd, 000120.650, 173
Trd, 000121.150, 170
Trd, 000121.217, 173
Trd, 000121.967, 172
Trd, 000122.417, 172
Trd, 000122.667, 172
Trd, 000122.900, 177
Trd, 000122.950, 198
Trd, 000122.983, 201
Trd, 000123.683, 208
Trd, 000123.767, 212
Trd, 000124.067, 267
Trd, 000124.300, 268
Trd, 000124.467, 314
Trd, 000125.733, 317.0
Trd, 000125.767, 332
Trd, 000125.900, 336.0
Trd, 000126.383, 337.0
Trd, 000127.767, 356
Trd, 000128.567, 340.0
Trd, 000129.683, 344.0
Trd, 000129.967, 343.0
Trd, 000130.933, 346.0
Trd, 000131.167, 358.0
Trd, 000132.033, 346
Trd, 000133.700, 355
Trd, 000133.867, 356
Trd, 000135.067, 354
Trd, 000135.717, 356
Trd, 000135.950, 356
Trd, 000136.600, 356
Trd, 000136.833, 355.0
Trd, 000138.317, 355
Trd, 000138.450, 356
Trd, 000138.667, 356
Trd, 000138.917, 356
Trd, 000139.783, 355
Trd, 000140.500, 356
Trd, 000141.167, 355
Trd, 000141.800, 357
Trd, 000142.317, 356.0
Trd, 000143.017, 353
Trd, 000143.800, 357.0
Trd, 000144.000, 358.0
Trd, 000145.417, 358.0
Trd, 000145.683, 358
Trd, 000145.717, 359
Trd, 000148.267, 358
Trd, 000148.400, 359
Trd, 000148.583, 357
Trd, 000148.967, 357
Trd, 000149.117, 355.0
Trd, 000149.283, 356
Trd, 000149.333, 358.0
Trd, 000149.700, 355
Trd, 000149.767, 361
Trd, 000149.850, 348.0
Trd, 000151.933, 345
Trd, 000152.417, 337.0
Trd, 000152.500, 329
Trd, 000153.750, 348
Trd, 000154.183, 349
Trd, 000155.150, 349
Trd, 000157.100, 349
Trd, 000157.400, 348.0
Trd, 000158.567, 355
Trd, 000158.650, 354
Trd, 000158.717, 356.0
Trd, 000159.017, 356
Trd, 000159.367, 358.0
Trd, 000159.517, 359
Trd, 000159.800, 362.0
Trd, 000159.933, 354
Trd, 000162.183, 355
Trd, 000162.600, 361
Trd, 000162.867, 364
Trd, 000163.550, 365
Trd, 000163.817, 351.0
Trd, 000164.000, 350.0
Trd, 000164.717, 349.0
Trd, 000167.333, 358
Trd, 000167.450, 360.0
Trd, 000167.817, 356
Trd, 000168.400, 357
Trd, 000169.150, 356
Trd, 000169.433, 355
Trd, 000169.983, 359.0
Trd, 000170.450, 355
Trd, 000171.817, 361
Trd, 000171.900, 356.0
Trd, 000172.650, 355.0
Trd, 000173.650, 361.0
Trd, 000174.400, 362.0
Trd, 000174.867, 361
Trd, 000175.217, 361
Trd, 000175.433, 361
Trd, 000175.467, 362
Trd, 000176.250, 365
Trd, 000176.750, 363
Trd, 000176.933, 366
Trd, 000177.950, 365
Trd, 000178.083, 364
Trd, 000179.183, 357.0
Trd, 000179.200, 368.0
Trd, 000180.467, 368
Trd, 000181.167, 362.0
Trd, 000182.000, 358.0
Trd, 000182.183, 355.0
Trd, 000182.217, 345
Trd, 000182.517, 331.0
Trd, 000183.217, 326
Trd, 000183.317, 305
Trd, 000183.467, 228
Trd, 000184.533, 204
Trd, 000184.967, 190
Trd, 000185.333, 221
Trd, 000185.383, 189
Trd, 000185.567, 187
Trd, 000185.883, 186
Trd, 000186.433, 199
Trd, 000186.617, 186
Trd, 000187.233, 167
Trd, 000187.900, 186
Trd, 000188.117, 187
Trd, 000188.933, 187
Trd, 000189.700, 185
Trd, 000189.850, 182
Trd, 000190.233, 181
Trd, 000191.000, 182
Trd, 000191.733, 179
Trd, 000192.800, 180
Trd, 000193.400, 181
Trd, 000193.950, 179
Trd, 000194.333, 181
Trd, 000194.867, 180
Trd, 000194.967, 179
Trd, 000195.317, 181
Trd, 000197.200, 177
Trd, 000198.850, 176
Trd, 000199.833, 177
Trd, 000199.850, 178
Trd, 000200.283, 174
Trd, 000200.500, 168
Trd, 000200.717, 179
Trd, 000201.200, 156
Trd, 000202.817, 172
Trd, 000203.183, 171
Trd, 000203.233, 170
Trd, 000203.867, 176
Trd, 000204.717, 171
Trd, 000206.450, 174
Trd, 000206.983, 177
Trd, 000207.783, 177
Trd, 000208.083, 178
Trd, 000208.267, 175
Trd, 000208.450, 178
Trd, 000209.917, 174
Trd, 000210.417, 176
Trd, 000211.133, 177
Trd, 000212.517, 176
Trd, 000213.000, 175
Trd, 000213.300, 175
Trd, 000214.250, 173
Trd, 000214.717, 177
Trd, 000214.833, 177
Trd, 000214.950, 183
Trd, 000215.983, 178
Trd, 000216.467, 180
Trd, 000217.400, 177
Trd, 000217.650, 183
Trd, 000217.833, 183
Trd, 000218.983, 178
Trd, 000219.833, 180
Trd, 000220.017, 182
Trd, 000221.050, 179
Trd, 000221.433, 180
Trd, 000222.467, 181
Trd, 000222.800, 181
Trd, 000223.233, 177
Trd, 000223.433, 180
Trd, 000224.400, 179
Trd, 000225.417, 180
Trd, 000225.450, 178
Trd, 000225.483, 177
Trd, 000225.683, 182
Trd, 000226.983, 180
Trd, 000227.050, 179
Trd, 000227.833, 180
Trd, 000228.000, 184
Trd, 000228.083, 179
Trd, 000228.150, 178
Trd, 000228.833, 178
Trd, 000229.183, 188
Trd, 000231.183, 183
Trd, 000231.767, 183
Trd, 000231.800, 184
Trd, 000232.450, 182
Trd, 000232.733, 183
Trd, 000233.167, 184
Trd, 000234.233, 181
Trd, 000234.500, 182
Trd, 000235.850, 180
Trd, 000235.983, 181
Trd, 000236.117, 179
Trd, 000236.283, 178
Trd, 000236.317, 182
Trd, 000237.467, 182
Trd, 000238.100, 184
Trd, 000238.317, 182
Trd, 000239.517, 182
Trd, 000239.783, 182
Trd, 000239.833, 183
Trd, 000240.250, 181
Trd, 000240.333, 180
Trd, 000241.033, 182
Trd, 000241.317, 182
Trd, 000241.400, 183
Trd, 000241.417, 181
Trd, 000241.517, 179
Trd, 000242.633, 177
Trd, 000242.783, 177
Trd, 000242.950, 177
Trd, 000243.133, 179
Trd, 000243.550, 182
Trd, 000244.083, 176
Trd, 000244.400, 175
Trd, 000245.017, 177
Trd, 000245.183, 178
Trd, 000245.500, 179
Trd, 000246.233, 182
Trd, 000246.317, 181
Trd, 000246.417, 183
Trd, 000247.750, 179
Trd, 000247.917, 179
Trd, 000248.233, 178
Trd, 000248.433, 183
Trd, 000249.167, 173
Trd, 000249.583, 185
Trd, 000251.050, 180
Trd, 000251.117, 176
Trd, 000251.450, 179
Trd, 000251.850, 178
Trd, 000252.833, 178
Trd, 000253.150, 176
Trd, 000254.717, 177
Trd, 000255.333, 178
Trd, 000255.750, 177
Trd, 000256.033, 183
Trd, 000256.583, 178
Trd, 000256.867, 178
Trd, 000257.367, 183
Trd, 000257.483, 179
Trd, 000257.783, 184
Trd, 000258.267, 184
Trd, 000258.650, 180
Trd, 000258.717, 180
Trd, 000259.067, 178
Trd, 000259.467, 179
Trd, 000259.767, 180
Trd, 000260.083, 181
Trd, 000260.483, 180
Trd, 000260.667, 178
Trd, 000261.017, 178
Trd, 000261.183, 184
Trd, 000261.667, 177
Trd, 000261.733, 177
Trd, 000261.933, 181
Trd, 000262.900, 183
Trd, 000263.367, 181
Trd, 000263.383, 178
Trd, 000263.467, 178
Trd, 000263.850, 177
Trd, 000264.483, 178
Trd, 000265.717, 165
Trd, 000265.933, 179
Trd, 000266.550, 182
Trd, 000266.583, 176
Trd, 000267.200, 176
Trd, 000267.317, 175
Trd, 000267.617, 176
Trd, 000267.633, 175
Trd, 000268.317, 179
Trd, 000268.417, 181
Trd, 000269.483, 178
Trd, 000270.117, 182
Trd, 000270.867, 179
Trd, 000271.150, 182
Trd, 000272.200, 185
Trd, 000272.333, 187
Trd, 000272.800, 185
Trd, 000273.133, 182
Trd, 000273.800, 183
Trd, 000274.000, 188
Trd, 000274.217, 189
Trd, 000274.383, 182
Trd, 000274.667, 182
Trd, 000275.167, 181
Trd, 000275.583, 180
Trd, 000275.700, 180
Trd, 000276.933, 179
Trd, 000277.000, 179
Trd, 000277.800, 178
Trd, 000278.000, 179
Trd, 000278.100, 176
Trd, 000278.633, 173
Trd, 000279.033, 177
Trd, 000279.367, 175
Trd, 000279.617, 176
Trd, 000280.450, 175
Trd, 000281.283, 176
Trd, 000281.417, 177
Trd, 000281.600, 177
Trd, 000282.850, 181
Trd, 000283.483, 179
Trd, 000283.800, 180
Trd, 000284.150, 181
Trd, 000284.367, 176
Trd, 000284.400, 159
Trd, 000285.283, 167
Trd, 000285.317, 166
Trd, 000285.650, 155
Trd, 000285.700, 154
Trd, 000286.017, 162
Trd, 000286.483, 174
Trd, 000286.500, 183
Trd, 000287.383, 177
Trd, 000287.683, 174
Trd, 000287.983, 172
Trd, 000288.033, 186
Trd, 000288.533, 171
Trd, 000288.633, 180
Trd, 000288.650, 189
Trd, 000289.417, 183
Trd, 000289.533, 181
Trd, 000290.783, 185
Trd, 000290.917, 190
Trd, 000291.250, 184
Trd, 000291.800, 184
Trd, 000292.417, 186
Trd, 000292.867, 187
Trd, 000293.450, 189
Trd, 000293.950, 191
Trd, 000294.067, 186
Trd, 000294.250, 186
Trd, 000294.267, 183
Trd, 000294.333, 177
Trd, 000295.283, 166
Trd, 000296.850, 184
Trd, 000297.500, 186
Trd, 000297.650, 185
Trd, 000298.167, 186
Trd, 000298.200, 186
Trd, 000298.283, 187
Trd, 000299.817, 193
Trd, 000299.850, 185
