Trd, 000001.217, 196
Trd, 000003.317, 169
Trd, 000003.400, 168
Trd, 000003.450, 158
Trd, 000004.350, 159
Trd, 000005.067, 158
Trd, 000005.967, 154
Trd, 000006.500, 167
Trd, 000007.050, 156
Trd, 000007.717, 156
Trd, 000007.950, 155
Trd, 000008.517, 151
Trd, 000009.317, 159
Trd, 000009.883, 158
Trd, 000009.917, 155
Trd, 000010.067, 152
Trd, 000010.283, 151
Trd, 000011.467, 163
Trd, 000012.433, 156
Trd, 000013.117, 168
Trd, 000013.333, 169
Trd, 000013.567, 155
Trd, 000014.233, 173
Trd, 000014.900, 159
Trd, 000015.883, 157
Trd, 000016.850, 158
Trd, 000017.683, 162
Trd, 000018.133, 158
Trd, 000018.483, 154
Trd, 000018.717, 153
Trd, 000019.450, 156
Trd, 000019.817, 160
Trd, 000019.867, 135
Trd, 000020.750, 153
Trd, 000021.433, 153
Trd, 000021.483, 150
Trd, 000021.533, 136
Trd, 000021.567, 133
Trd, 000022.417, 154
Trd, 000022.833, 155
Trd, 000023.500, 154
Trd, 000024.067, 146
Trd, 000024.883, 168
Trd, 000025.450, 155
Trd, 000025.867, 154
Trd, 000026.167, 155
Trd, 000026.483, 157
Trd, 000027.400, 165
Trd, 000027.667, 164
Trd, 000028.150, 154
Trd, 000028.433, 154
Trd, 000028.933, 153
Trd, 000029.833, 153
Trd, 000030.983, 153
Trd, 000032.333, 154
Trd, 000032.667, 152
Trd, 000032.933, 137
Trd, 000033.417, 148
Trd, 000033.683, 134
Trd, 000033.967, 153
Trd, 000034.417, 144
Trd, 000035.000, 154
Trd, 000035.217, 154
Trd, 000035.600, 143
Trd, 000036.167, 127
Trd, 000037.183, 143
Trd, 000037.450, 138
Trd, 000038.217, 145
Trd, 000038.450, 141
Trd, 000038.683, 148
Trd, 000038.983, 166
Trd, 000039.300, 145
Trd, 000040.750, 145
Trd, 000041.433, 151
Trd, 000041.517, 150
Trd, 000042.033, 151
Trd, 000042.217, 162
Trd, 000042.417, 160
Trd, 000043.217, 140
Trd, 000043.567, 139
Trd, 000043.817, 166
Trd, 000043.867, 172
Trd, 000045.217, 148
Trd, 000045.983, 150
Trd, 000046.217, 136
Trd, 000046.467, 136
Trd, 000047.600, 173
Trd, 000047.950, 174
Trd, 000048.817, 157
Trd, 000050.417, 161
Trd, 000050.783, 171
Trd, 000051.167, 163
Trd, 000051.367, 161
Trd, 000051.917, 167
Trd, 000052.183, 160
Trd, 000053.050, 157
Trd, 000054.117, 160
Trd, 000054.350, 162
Trd, 000054.967, 160
Trd, 000055.400, 163
Trd, 000056.167, 170
Trd, 000056.250, 158
Trd, 000057.917, 168
Trd, 000059.050, 160
Trd, 000060.550, 160
Trd, 000061.333, 166
Trd, 000061.400, 164
Trd, 000064.200, 165
Trd, 000064.250, 167
Trd, 000064.633, 164
Trd, 000065.083, 167
Trd, 000065.267, 163
Trd, 000065.700, 161
Trd, 000066.683, 162
Trd, 000066.800, 157
Trd, 000067.033, 168
Trd, 000068.267, 165
Trd, 000068.417, 141
Trd, 000068.450, 169
Trd, 000068.717, 169
Trd, 000069.317, 141
Trd, 000069.367, 140
Trd, 000070.883, 155
Trd, 000070.967, 153
Trd, 000072.483, 157
Trd, 000072.750, 156
Trd, 000073.067, 154
Trd, 000073.683, 159
Trd, 000074.250, 156
Trd, 000074.383, 156
Trd, 000075.167, 156
Trd, 000075.267, 157
Trd, 000076.183, 157
Trd, 000077.467, 166
Trd, 000077.667, 168
Trd, 000078.083, 159
Trd, 000078.650, 164
Trd, 000079.117, 161
Trd, 000079.150, 160
Trd, 000080.050, 165
Trd, 000081.267, 160
Trd, 000081.800, 164
Trd, 000081.967, 158
Trd, 000083.267, 145
Trd, 000084.250, 156
Trd, 000084.767, 146
Trd, 000085.017, 157
Trd, 000085.983, 157
Trd, 000086.033, 150
Trd, 000086.067, 173
Trd, 000086.217, 176
Trd, 000086.400, 149
Trd, 000087.267, 141
Trd, 000087.467, 174
Trd, 000088.283, 166
Trd, 000089.167, 165
Trd, 000089.700, 149
Trd, 000090.317, 146
Trd, 000090.617, 165
Trd, 000091.283, 177
Trd, 000091.817, 164
Trd, 000092.783, 163
Trd, 000093.483, 172
Trd, 000093.683, 175
Trd, 000094.067, 168
Trd, 000094.250, 168
Trd, 000094.283, 167
Trd, 000094.933, 161
Trd, 000095.283, 154
Trd, 000096.217, 156
Trd, 000096.333, 143
Trd, 000096.917, 160
Trd, 000097.350, 173
Trd, 000098.033, 140
Trd, 000098.433, 174
Trd, 000099.267, 144
Trd, 000101.150, 155
Trd, 000101.833, 168
Trd, 000102.317, 162
Trd, 000102.950, 161
Trd, 000103.150, 155
Trd, 000103.933, 162
Trd, 000103.983, 163
Trd, 000104.900, 173
Trd, 000104.967, 175
Trd, 000105.350, 166
Trd, 000105.967, 174
Trd, 000106.067, 166
Trd, 000106.333, 165
Trd, 000106.917, 162
Trd, 000107.767, 165
Trd, 000108.217, 165
Trd, 000108.750, 164
Trd, 000109.000, 176
Trd, 000109.683, 146
Trd, 000109.833, 156
Trd, 000110.100, 155
Trd, 000110.167, 158
Trd, 000111.217, 156
Trd, 000112.933, 158
Trd, 000113.400, 158
Trd, 000113.450, 157
Trd, 000114.117, 157
Trd, 000114.250, 170
Trd, 000114.833, 158
Trd, 000115.100, 154
Trd, 000115.200, 166
Trd, 000115.667, 168
Trd, 000117.233, 160
Trd, 000118.400, 170
Trd, 000120.167, 170
Trd, 000120.700, 169
Trd, 000121.200, 168
Trd, 000121.733, 170
Trd, 000121.950, 172
Trd, 000122.283, 175
Trd, 000123.617, 177
Trd, 000123.850, 187
Trd, 000123.883, 201
Trd, 000124.300, 205
Trd, 000124.500, 220
Trd, 000124.683, 266
Trd, 000124.833, 320.0
Trd, 000124.867, 323
Trd, 000125.433, 313
Trd, 000125.733, 313.0
Trd, 000126.450, 331.0
Trd, 000126.833, 320
Trd, 000127.083, 319
Trd, 000127.150, 331.0
Trd, 000127.483, 327
Trd, 000128.667, 334.0
Trd, 000129.467, 333
Trd, 000129.950, 352
Trd, 000130.083, 327
Trd, 000130.217, 368.0
Trd, 000130.567, 326
Trd, 000131.950, 329
Trd, 000133.317, 334.0
Trd, 000133.800, 334
Trd, 000134.133, 333
Trd, 000136.367, 336
Trd, 000136.450, 335.0
Trd, 000136.917, 334.0
Trd, 000137.050, 335
Trd, 000137.133, 332
Trd, 000137.717, 358.0
Trd, 000139.000, 343
Trd, 000139.033, 342
Trd, 000139.083, 340
Trd, 000139.417, 344
Trd, 000139.833, 334
Trd, 000139.850, 362
Trd, 000141.750, 339
Trd, 000141.783, 331.0
Trd, 000142.417, 348
Trd, 000142.633, 352
Trd, 000145.083, 353
Trd, 000145.267, 340
Trd, 000146.050, 339
Trd, 000146.500, 338
Trd, 000146.833, 336
Trd, 000147.333, 335
Trd, 000147.450, 335.0
Trd, 000147.767, 341
Trd, 000148.333, 345
Trd, 000148.383, 349
Trd, 000149.683, 351
Trd, 000150.117, 337
Trd, 000152.017, 337
Trd, 000152.133, 337
Trd, 000152.583, 334.0
Trd, 000153.200, 334
Trd, 000154.983, 346
Trd, 000156.000, 335
Trd, 000156.183, 347
Trd, 000156.900, 348
Trd, 000157.583, 341
Trd, 000158.283, 346
Trd, 000158.683, 345
Trd, 000159.333, 344
Trd, 000159.350, 343
Trd, 000159.367, 342
Trd, 000160.250, 346
Trd, 000160.767, 344
Trd, 000161.117, 345
Trd, 000162.217, 362
Trd, 000162.333, 341
Trd, 000162.800, 348
Trd, 000163.017, 365.0
Trd, 000163.450, 358.0
Trd, 000163.933, 353
Trd, 000164.567, 362
Trd, 000165.733, 367.0
Trd, 000166.033, 358
Trd, 000167.817, 359
Trd, 000167.900, 360
Trd, 000169.167, 358
Trd, 000169.900, 359
Trd, 000170.383, 358
Trd, 000170.883, 358.0
Trd, 000171.667, 363.0
Trd, 000172.300, 365
Trd, 000173.100, 357
Trd, 000173.817, 355
Trd, 000174.033, 354
Trd, 000174.567, 365
Trd, 000175.083, 358
Trd, 000175.617, 355
Trd, 000176.017, 354
Trd, 000176.383, 354
Trd, 000177.050, 356
Trd, 000177.383, 336
Trd, 000178.517, 334.0
Trd, 000178.633, 355
Trd, 000178.867, 341
Trd, 000178.883, 331.0
Trd, 000179.317, 345
Trd, 000179.367, 324
Trd, 000179.733, 315
Trd, 000180.400, 345
Trd, 000181.217, 349
Trd, 000182.083, 342
Trd, 000182.100, 333.0
Trd, 000182.117, 333
Trd, 000182.400, 331.0
Trd, 000182.617, 322
Trd, 000182.700, 317.0
Trd, 000182.750, 316
Trd, 000183.983, 306.0
Trd, 000184.283, 176
Trd, 000184.567, 214
Trd, 000184.750, 195
Trd, 000185.083, 188
Trd, 000185.783, 188
Trd, 000185.950, 186
Trd, 000187.233, 169
Trd, 000187.933, 181
Trd, 000188.117, 152
Trd, 000188.867, 172
Trd, 000188.950, 158
Trd, 000189.217, 158
Trd, 000189.583, 182
Trd, 000189.767, 159
Trd, 000190.083, 177
Trd, 000190.700, 167
Trd, 000191.883, 166
Trd, 000192.000, 153
Trd, 000193.550, 171
Trd, 000195.383, 169
Trd, 000196.267, 181
Trd, 000196.517, 170
Trd, 000197.050, 172
Trd, 000197.317, 171
Trd, 000197.367, 169
Trd, 000197.900, 184
Trd, 000198.133, 167
Trd, 000199.583, 171
Trd, 000199.733, 180
Trd, 000199.817, 169
Trd, 000200.283, 168
Trd, 000200.800, 168
Trd, 000200.917, 154
Trd, 000201.100, 164
Trd, 000201.983, 154
Trd, 000202.917, 169
Trd, 000203.250, 179
Trd, 000203.300, 178
Trd, 000204.150, 182
Trd, 000204.400, 185
Trd, 000204.567, 167
Trd, 000204.750, 156
Trd, 000205.617, 156
Trd, 000206.083, 165
Trd, 000206.200, 156
Trd, 000207.600, 161
Trd, 000208.300, 179
Trd, 000208.400, 173
Trd, 000209.500, 172
Trd, 000209.667, 173
Trd, 000210.083, 174
Trd, 000210.383, 173
Trd, 000210.517, 172
Trd, 000211.050, 178
Trd, 000211.200, 171
Trd, 000212.100, 178
Trd, 000212.200, 155
Trd, 000213.500, 172
Trd, 000213.667, 172
Trd, 000214.317, 174
Trd, 000215.217, 182
Trd, 000216.567, 183
Trd, 000216.817, 176
Trd, 000216.867, 175
Trd, 000216.883, 172
Trd, 000217.600, 180
Trd, 000219.583, 189
Trd, 000220.067, 181
Trd, 000220.700, 186
Trd, 000221.267, 181
Trd, 000221.517, 180
Trd, 000221.650, 180
Trd, 000221.833, 186
Trd, 000222.383, 181
Trd, 000222.433, 179
Trd, 000223.233, 181
Trd, 000224.300, 185
Trd, 000224.967, 181
Trd, 000225.583, 185
Trd, 000225.883, 182
Trd, 000226.383, 181
Trd, 000227.050, 187
Trd, 000227.550, 187
Trd, 000228.500, 183
Trd, 000230.383, 192
Trd, 000230.617, 184
Trd, 000231.150, 183
Trd, 000231.917, 183
Trd, 000232.483, 183
Trd, 000232.517, 181
Trd, 000233.300, 174
Trd, 000234.233, 179
Trd, 000234.333, 187
Trd, 000235.450, 181
Trd, 000235.550, 188
Trd, 000235.967, 178
Trd, 000236.233, 174
Trd, 000236.517, 187
Trd, 000237.117, 188
Trd, 000237.183, 159
Trd, 000238.350, 174
Trd, 000238.667, 161
Trd, 000238.717, 195
Trd, 000240.500, 178
Trd, 000241.267, 177
Trd, 000241.333, 178
Trd, 000241.483, 177
Trd, 000241.700, 174
Trd, 000242.533, 177
Trd, 000242.683, 177
Trd, 000242.867, 179
Trd, 000243.233, 178
Trd, 000243.617, 182
Trd, 000243.817, 182
Trd, 000243.900, 189
Trd, 000244.150, 188
Trd, 000245.067, 177
Trd, 000245.817, 181
Trd, 000245.983, 183
Trd, 000246.283, 177
Trd, 000246.317, 178
Trd, 000246.467, 173
Trd, 000247.500, 178
Trd, 000247.600, 182
Trd, 000247.683, 185
Trd, 000248.183, 189
Trd, 000248.200, 174
Trd, 000249.383, 172
Trd, 000249.683, 181
Trd, 000249.850, 168
Trd, 000250.617, 174
Trd, 000250.933, 175
Trd, 000251.917, 177
Trd, 000251.950, 172
Trd, 000252.033, 171
Trd, 000252.483, 171
Trd, 000253.150, 170
Trd, 000253.517, 169
Trd, 000254.450, 171
Trd, 000254.533, 172
Trd, 000255.467, 172
Trd, 000255.933, 172
Trd, 000256.200, 169
Trd, 000256.267, 173
Trd, 000256.433, 177
Trd, 000256.583, 171
Trd, 000257.117, 169
Trd, 000258.217, 172
Trd, 000258.383, 170
Trd, 000259.050, 174
Trd, 000259.583, 173
Trd, 000259.767, 174
Trd, 000260.650, 180
Trd, 000260.733, 171
Trd, 000261.033, 180
Trd, 000261.550, 178
Trd, 000261.967, 174
Trd, 000262.983, 181
Trd, 000263.350, 177
Trd, 000264.233, 181
Trd, 000264.350, 184
Trd, 000264.383, 180
Trd, 000264.717, 177
Trd, 000264.800, 176
Trd, 000265.883, 180
Trd, 000266.133, 179
Trd, 000266.650, 179
Trd, 000266.733, 179
Trd, 000267.000, 179
Trd, 000267.450, 181
Trd, 000267.517, 179
Trd, 000267.650, 178
Trd, 000267.750, 174
Trd, 000268.517, 180
Trd, 000269.583, 178
Trd, 000270.017, 180
Trd, 000270.333, 182
Trd, 000270.367, 178
Trd, 000270.383, 185
Trd, 000271.133, 179
Trd, 000271.700, 178
Trd, 000271.717, 182
Trd, 000272.933, 180
Trd, 000273.367, 182
Trd, 000273.683, 180
Trd, 000274.533, 179
Trd, 000274.783, 180
Trd, 000274.950, 179
Trd, 000275.000, 182
Trd, 000275.667, 192
Trd, 000276.000, 181
Trd, 000276.050, 178
Trd, 000276.267, 186
Trd, 000276.667, 182
Trd, 000277.083, 180
Trd, 000277.217, 176
Trd, 000277.300, 181
Trd, 000278.083, 182
Trd, 000278.233, 185
Trd, 000278.400, 184
Trd, 000279.100, 183
Trd, 000279.250, 182
Trd, 000279.400, 176
Trd, 000280.667, 179
Trd, 000280.850, 179
Trd, 000281.533, 182
Trd, 000281.633, 183
Trd, 000282.483, 180
Trd, 000282.717, 186
Trd, 000283.900, 179
Trd, 000284.500, 183
Trd, 000285.000, 179
Trd, 000285.333, 179
Trd, 000285.400, 183
Trd, 000285.500, 176
Trd, 000285.833, 174
Trd, 000285.967, 177
Trd, 000286.233, 176
Trd, 000286.350, 186
Trd, 000287.000, 179
Trd, 000287.317, 178
Trd, 000287.350, 187
Trd, 000287.433, 190
Trd, 000287.467, 177
Trd, 000288.133, 188
Trd, 000288.283, 189
Trd, 000288.700, 179
Trd, 000289.650, 179
Trd, 000290.500, 179
Trd, 000291.583, 184
Trd, 000291.783, 186
Trd, 000292.033, 179
Trd, 000292.467, 179
Trd, 000292.483, 180
Trd, 000292.900, 187
Trd, 000293.217, 191
Trd, 000293.300, 194
Trd, 000293.433, 178
Trd, 000294.100, 178
Trd, 000294.317, 177
Trd, 000294.417, 170
Trd, 000294.517, 180
Trd, 000294.833, 201
Trd, 000295.933, 198
Trd, 000296.083, 197
Trd, 000296.567, 200
Trd, 000296.683, 199
Trd, 000297.100, 190
Trd, 000297.283, 199
Trd, 000297.733, 189
Trd, 000298.100, 189
Trd, 000298.183, 170
Trd, 000298.250, 163
Trd, 000299.250, 162
Trd, 000299.583, 164
Trd, 000299.933, 174
