Trd, 000002.233, 139
Trd, 000003.467, 129
Trd, 000003.750, 139
Trd, 000004.000, 117
Trd, 000004.100, 142
Trd, 000004.333, 143
Trd, 000004.917, 145
Trd, 000005.700, 147
Trd, 000005.900, 131
Trd, 000006.233, 149
Trd, 000006.900, 149
Trd, 000007.383, 162
Trd, 000008.933, 151
Trd, 000009.133, 148
Trd, 000009.517, 146
Trd, 000010.000, 147
Trd, 000010.250, 145
Trd, 000010.350, 149
Trd, 000010.867, 146
Trd, 000011.067, 155
Trd, 000011.517, 156
Trd, 000012.283, 155
Trd, 000013.567, 158
Trd, 000013.850, 169
Trd, 000015.350, 153
Trd, 000016.200, 156
Trd, 000016.733, 157
Trd, 000016.817, 159
Trd, 000016.850, 159
Trd, 000016.933, 160
Trd, 000017.283, 156
Trd, 000017.350, 162
Trd, 000018.867, 159
Trd, 000019.333, 158
Trd, 000021.133, 158
Trd, 000021.583, 157
Trd, 000022.950, 152
Trd, 000023.133, 152
Trd, 000024.433, 159
Trd, 000025.033, 158
Trd, 000025.183, 159
Trd, 000025.700, 156
Trd, 000026.467, 157
Trd, 000026.717, 157
Trd, 000027.283, 158
Trd, 000027.767, 159
Trd, 000027.817, 157
Trd, 000029.200, 159
Trd, 000029.700, 159
Trd, 000029.883, 160
Trd, 000030.217, 158
Trd, 000030.517, 161
Trd, 000030.883, 160
Trd, 000031.800, 159
Trd, 000032.317, 158
Trd, 000032.567, 160
Trd, 000032.683, 161
Trd, 000032.850, 158
Trd, 000034.217, 146
Trd, 000035.050, 147
Trd, 000035.683, 149
Trd, 000036.133, 146
Trd, 000036.400, 150
Trd, 000036.567, 150
Trd, 000037.150, 151
Trd, 000038.750, 144
Trd, 000038.817, 151
Trd, 000039.267, 152
Trd, 000039.333, 166
Trd, 000041.617, 164
Trd, 000042.133, 165
Trd, 000042.200, 168
Trd, 000042.267, 161
Trd, 000042.950, 166
Trd, 000043.383, 171
Trd, 000043.917, 161
Trd, 000045.517, 161
Trd, 000045.583, 165
Trd, 000045.933, 161
Trd, 000046.933, 163
Trd, 000047.067, 164
Trd, 000048.550, 162
Trd, 000048.700, 164
Trd, 000048.767, 172
Trd, 000049.150, 159
Trd, 000049.550, 157
Trd, 000050.433, 160
Trd, 000050.850, 165
Trd, 000050.917, 166
Trd, 000051.867, 166
Trd, 000052.567, 162
Trd, 000053.350, 161
Trd, 000053.400, 160
Trd, 000054.233, 144
Trd, 000054.350, 145
Trd, 000054.500, 139
Trd, 000055.317, 149
Trd, 000055.950, 149
Trd, 000056.217, 158
Trd, 000056.817, 167
Trd, 000057.450, 155
Trd, 000057.783, 168
Trd, 000058.150, 158
Trd, 000058.817, 156
Trd, 000059.683, 160
Trd, 000060.083, 160
Trd, 000060.117, 160
Trd, 000060.800, 160
Trd, 000060.850, 161
Trd, 000061.150, 163
Trd, 000061.367, 157
Trd, 000062.967, 164
Trd, 000063.450, 166
Trd, 000064.283, 162
Trd, 000066.500, 162
Trd, 000066.533, 166
Trd, 000066.917, 167
Trd, 000067.000, 161
Trd, 000067.367, 168
Trd, 000067.467, 161
Trd, 000068.617, 159
Trd, 000069.217, 162
Trd, 000071.383, 163
Trd, 000071.667, 161
Trd, 000072.467, 159
Trd, 000072.633, 160
Trd, 000072.733, 161
Trd, 000072.917, 162
Trd, 000073.200, 158
Trd, 000073.900, 155
Trd, 000074.750, 159
Trd, 000075.183, 157
Trd, 000075.317, 158
Trd, 000075.367, 156
Trd, 000076.083, 154
Trd, 000076.233, 154
Trd, 000076.633, 156
Trd, 000078.033, 158
Trd, 000078.833, 159
Trd, 000079.217, 159
Trd, 000079.350, 159
Trd, 000080.150, 160
Trd, 000080.317, 177
Trd, 000081.133, 163
Trd, 000081.200, 176
Trd, 000081.900, 163
Trd, 000082.300, 171
Trd, 000082.333, 163
Trd, 000084.267, 169
Trd, 000084.800, 163
Trd, 000086.183, 168
Trd, 000086.783, 165
Trd, 000087.533, 166
Trd, 000087.850, 164
Trd, 000087.900, 167
Trd, 000087.983, 166
Trd, 000088.733, 165
Trd, 000089.283, 167
Trd, 000089.500, 160
Trd, 000090.600, 164
Trd, 000091.167, 164
Trd, 000091.200, 163
Trd, 000091.567, 164
Trd, 000092.200, 162
Trd, 000092.550, 162
Trd, 000092.633, 163
Trd, 000092.717, 160
Trd, 000093.300, 160
Trd, 000093.867, 161
Trd, 000094.900, 162
Trd, 000095.517, 162
Trd, 000096.367, 159
Trd, 000096.850, 158
Trd, 000097.200, 158
Trd, 000097.617, 160
Trd, 000098.483, 160
Trd, 000098.883, 160
Trd, 000099.217, 158
Trd, 000099.300, 159
Trd, 000099.383, 158
Trd, 000100.583, 163
Trd, 000100.700, 172
Trd, 000102.367, 170
Trd, 000102.517, 172
Trd, 000103.583, 165
Trd, 000104.433, 171
Trd, 000105.000, 172
Trd, 000106.783, 165
Trd, 000106.900, 165
Trd, 000107.150, 164
Trd, 000107.200, 166
Trd, 000108.150, 166
Trd, 000108.917, 163
Trd, 000109.133, 168
Trd, 000109.450, 171
Trd, 000110.300, 170
Trd, 000110.567, 164
Trd, 000110.950, 171
Trd, 000111.783, 168
Trd, 000112.283, 170
Trd, 000112.450, 167
Trd, 000113.450, 169
Trd, 000113.567, 166
Trd, 000113.750, 171
Trd, 000114.083, 173
Trd, 000115.367, 171
Trd, 000116.633, 168
Trd, 000117.050, 167
Trd, 000117.700, 170
Trd, 000118.167, 153
Trd, 000118.450, 171
Trd, 000118.483, 173
Trd, 000118.750, 153
Trd, 000119.750, 171
Trd, 000119.883, 173
Trd, 000121.250, 180
Trd, 000121.383, 160
Trd, 000122.200, 172
Trd, 000122.317, 159
Trd, 000122.500, 184
Trd, 000123.000, 187
Trd, 000123.217, 194
Trd, 000123.467, 210
Trd, 000123.817, 197
Trd, 000124.017, 250
Trd, 000124.267, 300.0
Trd, 000124.333, 340
Trd, 000124.933, 339
Trd, 000125.150, 340
Trd, 000125.700, 339
Trd, 000126.467, 344.0
Trd, 000126.933, 340
Trd, 000127.100, 348.0
Trd, 000127.483, 356.0
Trd, 000128.667, 357
Trd, 000128.933, 360.0
Trd, 000130.467, 355.0
Trd, 000130.917, 351.0
Trd, 000130.983, 359.0
Trd, 000131.133, 348.0
Trd, 000133.367, 345
Trd, 000133.400, 348
Trd, 000134.517, 347.0
Trd, 000135.050, 344
Trd, 000135.067, 347.0
Trd, 000135.167, 348.0
Trd, 000136.967, 349
Trd, 000137.083, 346
Trd, 000137.250, 345
Trd, 000137.383, 348.0
Trd, 000138.367, 346
Trd, 000139.317, 346
Trd, 000139.350, 350
Trd, 000139.667, 350
Trd, 000140.167, 350
Trd, 000140.850, 347
Trd, 000142.317, 351
Trd, 000142.367, 352
Trd, 000142.733, 346
Trd, 000142.950, 345
Trd, 000144.500, 349
Trd, 000145.417, 355
Trd, 000145.500, 355.0
Trd, 000146.117, 353
Trd, 000146.233, 354
Trd, 000146.533, 353
Trd, 000146.667, 351.0
Trd, 000147.100, 351
Trd, 000147.367, 351
Trd, 000147.850, 353
Trd, 000148.033, 351
Trd, 000148.450, 349
Trd, 000148.683, 351
Trd, 000149.117, 354
Trd, 000149.367, 362.0
Trd, 000150.167, 361.0
Trd, 000150.817, 362.0
Trd, 000151.867, 363
Trd, 000152.533, 359
Trd, 000153.800, 360
Trd, 000153.817, 355.0
Trd, 000153.833, 368.0
Trd, 000155.017, 339
Trd, 000155.850, 349
Trd, 000156.050, 347
Trd, 000156.200, 344
Trd, 000157.233, 356
Trd, 000157.700, 355.0
Trd, 000159.117, 354
Trd, 000159.567, 354
Trd, 000159.600, 353
Trd, 000159.683, 355
Trd, 000160.783, 354
Trd, 000160.833, 355
Trd, 000161.283, 353
Trd, 000161.917, 351.0
Trd, 000162.067, 352
Trd, 000162.633, 339
Trd, 000163.383, 346
Trd, 000163.783, 350
Trd, 000164.650, 348.0
Trd, 000164.800, 346
Trd, 000165.433, 344
Trd, 000165.683, 345
Trd, 000165.800, 339
Trd, 000166.050, 337.0
Trd, 000167.150, 345
Trd, 000167.283, 345
Trd, 000167.617, 348.0
Trd, 000167.983, 348
Trd, 000169.800, 347
Trd, 000170.483, 346.0
Trd, 000170.800, 346.0
Trd, 000171.417, 346
Trd, 000171.600, 347
Trd, 000172.567, 355.0
Trd, 000172.833, 355
Trd, 000172.867, 345.0
Trd, 000173.467, 354
Trd, 000174.233, 343
Trd, 000174.333, 343
Trd, 000175.083, 348.0
Trd, 000175.617, 347
Trd, 000176.317, 346
Trd, 000176.517, 349
Trd, 000178.533, 345
Trd, 000178.850, 345
Trd, 000179.217, 345
Trd, 000179.867, 345
Trd, 000179.900, 346
Trd, 000179.967, 345
Trd, 000180.883, 346
Trd, 000181.283, 343
Trd, 000181.717, 340
Trd, 000182.233, 338
Trd, 000183.633, 310.0
Trd, 000183.933, 218
Trd, 000184.367, 211
Trd, 000185.900, 214
Trd, 000186.367, 197
Trd, 000186.817, 192
Trd, 000186.883, 191
Trd, 000187.117, 191
Trd, 000187.500, 179
Trd, 000187.617, 172
Trd, 000188.333, 174
Trd, 000188.750, 171
Trd, 000189.167, 169
Trd, 000189.450, 169
Trd, 000189.733, 170
Trd, 000190.283, 170
Trd, 000190.750, 168
Trd, 000191.150, 169
Trd, 000191.233, 181
Trd, 000192.833, 180
Trd, 000193.917, 174
Trd, 000194.217, 174
Trd, 000194.350, 177
Trd, 000195.333, 173
Trd, 000196.117, 172
Trd, 000196.283, 173
Trd, 000196.550, 173
Trd, 000197.217, 174
Trd, 000197.633, 176
Trd, 000198.383, 175
Trd, 000198.800, 176
Trd, 000199.233, 177
Trd, 000199.967, 181
Trd, 000200.317, 174
Trd, 000200.767, 182
Trd, 000201.033, 173
Trd, 000201.417, 171
Trd, 000201.867, 172
Trd, 000201.933, 171
Trd, 000203.233, 168
Trd, 000204.200, 161
Trd, 000204.217, 167
Trd, 000204.283, 168
Trd, 000204.467, 169
Trd, 000204.617, 169
Trd, 000205.050, 181
Trd, 000206.917, 176
Trd, 000207.900, 179
Trd, 000208.217, 178
Trd, 000208.733, 177
Trd, 000208.817, 176
Trd, 000209.600, 176
Trd, 000210.450, 177
Trd, 000211.100, 177
Trd, 000211.767, 176
Trd, 000212.083, 175
Trd, 000212.217, 176
Trd, 000213.233, 176
Trd, 000213.333, 177
Trd, 000214.167, 177
Trd, 000214.433, 176
Trd, 000214.500, 173
Trd, 000215.267, 173
Trd, 000215.533, 175
Trd, 000215.550, 183
Trd, 000217.250, 177
Trd, 000217.433, 175
Trd, 000217.483, 173
Trd, 000218.333, 176
Trd, 000219.133, 177
Trd, 000219.317, 173
Trd, 000220.617, 176
Trd, 000221.133, 177
Trd, 000221.483, 175
Trd, 000221.950, 173
Trd, 000222.033, 175
Trd, 000222.250, 173
Trd, 000223.967, 172
Trd, 000224.667, 171
Trd, 000225.000, 170
Trd, 000225.033, 171
Trd, 000225.550, 170
Trd, 000226.900, 168
Trd, 000227.283, 170
Trd, 000227.817, 193
Trd, 000227.917, 180
Trd, 000228.567, 182
Trd, 000229.117, 180
Trd, 000229.283, 182
Trd, 000229.383, 183
Trd, 000230.817, 183
Trd, 000232.117, 181
Trd, 000232.283, 180
Trd, 000232.500, 178
Trd, 000234.000, 180
Trd, 000234.450, 178
Trd, 000234.733, 182
Trd, 000235.217, 182
Trd, 000235.800, 178
Trd, 000236.250, 182
Trd, 000236.667, 177
Trd, 000237.050, 183
Trd, 000237.783, 184
Trd, 000238.700, 184
Trd, 000238.817, 185
Trd, 000239.500, 184
Trd, 000239.683, 183
Trd, 000240.100, 183
Trd, 000240.483, 183
Trd, 000240.750, 183
Trd, 000241.300, 184
Trd, 000241.317, 179
Trd, 000242.250, 184
Trd, 000242.467, 184
Trd, 000243.150, 185
Trd, 000243.717, 186
Trd, 000243.800, 183
Trd, 000243.917, 182
Trd, 000244.500, 182
Trd, 000244.950, 183
Trd, 000245.183, 180
Trd, 000245.417, 182
Trd, 000245.583, 181
Trd, 000246.083, 183
Trd, 000247.050, 181
Trd, 000247.200, 180
Trd, 000247.383, 182
Trd, 000247.683, 183
Trd, 000249.033, 182
Trd, 000249.567, 181
Trd, 000249.583, 180
Trd, 000250.350, 181
Trd, 000250.667, 180
Trd, 000250.767, 179
Trd, 000251.133, 176
Trd, 000251.250, 181
Trd, 000252.550, 179
Trd, 000252.983, 180
Trd, 000253.383, 179
Trd, 000253.767, 178
Trd, 000253.917, 173
Trd, 000254.667, 183
Trd, 000254.683, 175
Trd, 000255.217, 175
Trd, 000255.917, 176
Trd, 000256.150, 179
Trd, 000256.217, 168
Trd, 000257.500, 179
Trd, 000257.517, 179
Trd, 000257.683, 190
Trd, 000257.800, 182
Trd, 000258.117, 181
Trd, 000258.633, 180
Trd, 000258.717, 188
Trd, 000258.967, 182
Trd, 000259.333, 185
Trd, 000259.800, 184
Trd, 000260.100, 181
Trd, 000260.817, 182
Trd, 000261.550, 184
Trd, 000261.567, 186
Trd, 000262.433, 185
Trd, 000262.517, 179
Trd, 000263.333, 183
Trd, 000264.350, 181
Trd, 000264.500, 184
Trd, 000265.033, 188
Trd, 000265.250, 191
Trd, 000265.883, 183
Trd, 000265.933, 186
Trd, 000266.250, 182
Trd, 000266.533, 181
Trd, 000266.783, 186
Trd, 000267.200, 184
Trd, 000268.450, 182
Trd, 000268.617, 183
Trd, 000268.833, 183
Trd, 000269.183, 182
Trd, 000269.750, 182
Trd, 000270.117, 186
Trd, 000270.567, 182
Trd, 000272.067, 185
Trd, 000272.600, 185
Trd, 000272.950, 182
Trd, 000273.067, 181
Trd, 000273.350, 182
Trd, 000273.717, 178
Trd, 000273.983, 182
Trd, 000274.033, 192
Trd, 000274.633, 189
Trd, 000275.383, 181
Trd, 000275.967, 179
Trd, 000276.100, 179
Trd, 000276.250, 180
Trd, 000276.533, 185
Trd, 000276.683, 187
Trd, 000277.017, 183
Trd, 000277.083, 176
Trd, 000277.100, 184
Trd, 000277.383, 186
Trd, 000277.417, 189
Trd, 000277.967, 182
Trd, 000279.167, 182
Trd, 000279.350, 189
Trd, 000279.517, 190
Trd, 000279.667, 193
Trd, 000280.500, 190
Trd, 000280.817, 183
Trd, 000280.867, 179
Trd, 000281.517, 172
Trd, 000282.317, 179
Trd, 000282.633, 183
Trd, 000282.917, 182
Trd, 000282.933, 196
Trd, 000283.483, 187
Trd, 000283.650, 190
Trd, 000283.700, 182
Trd, 000285.317, 189
Trd, 000285.833, 182
Trd, 000286.100, 190
Trd, 000286.167, 183
Trd, 000286.383, 184
Trd, 000286.733, 189
Trd, 000286.933, 190
Trd, 000288.133, 184
Trd, 000288.233, 183
Trd, 000288.583, 187
Trd, 000289.067, 188
Trd, 000289.633, 183
Trd, 000289.867, 187
Trd, 000290.383, 189
Trd, 000290.533, 183
Trd, 000291.383, 182
Trd, 000291.700, 189
Trd, 000291.817, 190
Trd, 000291.883, 191
Trd, 000291.917, 194
Trd, 000292.033, 182
Trd, 000292.117, 180
Trd, 000293.133, 191
Trd, 000293.817, 189
Trd, 000294.200, 185
Trd, 000294.367, 190
Trd, 000294.983, 184
Trd, 000295.450, 190
Trd, 000296.400, 185
Trd, 000296.750, 191
Trd, 000297.867, 187
Trd, 000298.150, 185
Trd, 000298.300, 189
Trd, 000298.533, 185
Trd, 000299.000, 185
Trd, 000299.483, 189
