Trd, 000001.250, 134
Trd, 000001.533, 117
Trd, 000002.267, 152
Trd, 000002.450, 147
Trd, 000003.167, 129
Trd, 000003.583, 141
Trd, 000003.700, 144
Trd, 000004.217, 146
Trd, 000004.633, 143
Trd, 000007.517, 152
Trd, 000007.900, 155
Trd, 000008.000, 149
Trd, 000008.550, 146
Trd, 000008.917, 145
Trd, 000009.467, 145
Trd, 000009.933, 145
Trd, 000010.950, 150
Trd, 000012.250, 149
Trd, 000012.567, 154
Trd, 000012.800, 154
Trd, 000013.467, 155
Trd, 000013.817, 155
Trd, 000014.000, 153
Trd, 000014.933, 153
Trd, 000015.017, 154
Trd, 000015.317, 152
Trd, 000016.017, 152
Trd, 000018.817, 152
Trd, 000018.850, 152
Trd, 000019.317, 150
Trd, 000019.433, 152
Trd, 000020.333, 146
Trd, 000020.533, 147
Trd, 000020.750, 145
Trd, 000021.650, 148
Trd, 000022.233, 152
Trd, 000022.950, 149
Trd, 000024.683, 151
Trd, 000024.867, 150
Trd, 000024.967, 156
Trd, 000025.250, 150
Trd, 000025.950, 149
Trd, 000026.833, 151
Trd, 000027.583, 152
Trd, 000027.783, 152
Trd, 000027.983, 157
Trd, 000028.233, 152
Trd, 000029.167, 155
Trd, 000029.233, 153
Trd, 000030.500, 154
Trd, 000031.050, 153
Trd, 000031.200, 154
Trd, 000031.817, 153
Trd, 000033.000, 152
Trd, 000033.150, 151
Trd, 000033.183, 149
Trd, 000034.033, 142
Trd, 000035.050, 141
Trd, 000035.183, 148
Trd, 000035.833, 146
Trd, 000035.967, 149
Trd, 000036.200, 145
Trd, 000036.233, 150
Trd, 000036.417, 144
Trd, 000036.650, 142
Trd, 000037.917, 152
Trd, 000038.650, 152
Trd, 000038.917, 149
Trd, 000038.967, 148
Trd, 000039.000, 152
Trd, 000039.067, 153
Trd, 000040.600, 159
Trd, 000040.650, 152
Trd, 000042.250, 153
Trd, 000042.383, 152
Trd, 000043.733, 152
Trd, 000043.833, 153
Trd, 000044.600, 153
Trd, 000045.883, 152
Trd, 000046.433, 152
Trd, 000046.467, 151
Trd, 000048.133, 152
Trd, 000048.433, 152
Trd, 000050.067, 153
Trd, 000050.433, 151
Trd, 000051.150, 151
Trd, 000051.367, 154
Trd, 000051.417, 149
Trd, 000051.483, 155
Trd, 000052.200, 154
Trd, 000052.483, 150
Trd, 000052.533, 153
Trd, 000052.567, 147
Trd, 000052.900, 145
Trd, 000053.883, 152
Trd, 000055.917, 147
Trd, 000056.900, 148
Trd, 000057.150, 150
Trd, 000057.283, 151
Trd, 000057.433, 147
Trd, 000057.567, 145
Trd, 000057.750, 161
Trd, 000059.550, 155
Trd, 000060.633, 155
Trd, 000060.950, 154
Trd, 000062.000, 154
Trd, 000062.483, 153
Trd, 000062.767, 154
Trd, 000063.017, 153
Trd, 000063.233, 153
Trd, 000063.767, 158
Trd, 000065.300, 168
Trd, 000065.417, 154
Trd, 000067.250, 161
Trd, 000067.633, 161
Trd, 000068.033, 159
Trd, 000068.417, 162
Trd, 000068.550, 159
Trd, 000069.100, 158
Trd, 000070.033, 160
Trd, 000070.767, 159
Trd, 000071.400, 158
Trd, 000071.517, 158
Trd, 000072.217, 158
Trd, 000072.483, 159
Trd, 000072.767, 160
Trd, 000072.800, 158
Trd, 000073.217, 157
Trd, 000075.567, 159
Trd, 000076.117, 157
Trd, 000076.133, 155
Trd, 000076.250, 159
Trd, 000076.533, 163
Trd, 000078.533, 155
Trd, 000078.900, 154
Trd, 000079.150, 152
Trd, 000079.217, 161
Trd, 000080.317, 158
Trd, 000080.933, 156
Trd, 000082.633, 162
Trd, 000082.833, 162
Trd, 000082.900, 168
Trd, 000083.417, 161
Trd, 000084.133, 162
Trd, 000084.417, 160
Trd, 000084.467, 160
Trd, 000084.650, 157
Trd, 000084.700, 145
Trd, 000086.117, 161
Trd, 000087.767, 158
Trd, 000088.067, 157
Trd, 000088.117, 161
Trd, 000088.183, 163
Trd, 000088.333, 156
Trd, 000088.350, 156
Trd, 000089.233, 156
Trd, 000089.733, 161
Trd, 000091.267, 157
Trd, 000091.950, 161
Trd, 000092.967, 160
Trd, 000093.067, 159
Trd, 000093.250, 159
Trd, 000094.733, 159
Trd, 000095.250, 159
Trd, 000095.317, 157
Trd, 000095.900, 158
Trd, 000096.817, 158
Trd, 000097.167, 158
Trd, 000098.350, 158
Trd, 000098.750, 158
Trd, 000098.883, 155
Trd, 000099.033, 158
Trd, 000099.950, 159
Trd, 000100.567, 157
Trd, 000100.867, 160
Trd, 000101.200, 165
Trd, 000101.750, 155
Trd, 000102.733, 157
Trd, 000103.433, 158
Trd, 000104.567, 159
Trd, 000104.950, 158
Trd, 000105.100, 159
Trd, 000107.067, 157
Trd, 000107.217, 157
Trd, 000107.250, 158
Trd, 000107.767, 158
Trd, 000107.933, 160
Trd, 000108.133, 156
Trd, 000109.300, 159
Trd, 000110.217, 160
Trd, 000110.233, 162
Trd, 000110.700, 166
Trd, 000111.117, 173
Trd, 000112.833, 169
Trd, 000113.133, 167
Trd, 000113.550, 166
Trd, 000114.533, 165
Trd, 000115.233, 165
Trd, 000115.533, 166
Trd, 000116.250, 164
Trd, 000116.300, 163
Trd, 000116.500, 166
Trd, 000116.517, 164
Trd, 000117.450, 164
Trd, 000118.633, 165
Trd, 000120.300, 164
Trd, 000121.133, 165
Trd, 000121.667, 165
Trd, 000123.150, 174
Trd, 000123.300, 177
Trd, 000123.500, 201
Trd, 000123.683, 279
Trd, 000123.700, 338
Trd, 000124.467, 348
Trd, 000124.500, 338.0
Trd, 000125.117, 342
Trd, 000125.667, 337.0
Trd, 000125.767, 343
Trd, 000126.083, 354.0
Trd, 000127.983, 343
Trd, 000128.383, 343
Trd, 000129.000, 342
Trd, 000129.550, 342
Trd, 000129.733, 349
Trd, 000129.750, 347
Trd, 000130.217, 347
Trd, 000130.267, 344
Trd, 000131.733, 343
Trd, 000132.267, 343
Trd, 000132.967, 351
Trd, 000133.017, 342
Trd, 000133.667, 358
Trd, 000134.800, 350
Trd, 000135.033, 347
Trd, 000135.650, 345
Trd, 000137.000, 353.0
Trd, 000137.667, 354.0
Trd, 000139.017, 349.0
Trd, 000139.967, 348.0
Trd, 000140.117, 347
Trd, 000140.667, 345
Trd, 000141.367, 344.0
Trd, 000141.617, 348
Trd, 000142.733, 348.0
Trd, 000144.117, 344.0
Trd, 000145.500, 347
Trd, 000146.183, 349
Trd, 000146.283, 347
Trd, 000146.750, 348.0
Trd, 000147.083, 347
Trd, 000147.100, 345
Trd, 000147.900, 350
Trd, 000148.183, 349
Trd, 000148.683, 351
Trd, 000150.267, 350
Trd, 000151.467, 347
Trd, 000151.617, 347
Trd, 000152.417, 346
Trd, 000153.550, 347
Trd, 000153.667, 346
Trd, 000153.983, 346
Trd, 000154.717, 348.0
Trd, 000155.100, 349
Trd, 000156.700, 343
Trd, 000157.600, 348.0
Trd, 000158.350, 347
Trd, 000159.333, 349
Trd, 000160.033, 348
Trd, 000160.217, 348
Trd, 000161.267, 347
Trd, 000161.467, 349
Trd, 000161.767, 347
Trd, 000161.833, 349
Trd, 000163.000, 348.0
Trd, 000163.950, 344.0
Trd, 000164.983, 348
Trd, 000165.117, 345
Trd, 000165.133, 355.0
Trd, 000166.167, 352
Trd, 000166.350, 351
Trd, 000166.550, 343
Trd, 000167.883, 350
Trd, 000169.100, 348.0
Trd, 000169.633, 348
Trd, 000169.767, 347
Trd, 000169.883, 346
Trd, 000172.350, 348.0
Trd, 000172.417, 344.0
Trd, 000172.450, 349
Trd, 000172.967, 344
Trd, 000173.750, 344
Trd, 000173.900, 348
Trd, 000174.400, 345
Trd, 000174.500, 344
Trd, 000174.517, 344
Trd, 000175.617, 346
Trd, 000178.150, 348
Trd, 000178.400, 347
Trd, 000179.167, 344.0
Trd, 000179.400, 349
Trd, 000179.717, 350
Trd, 000179.883, 352
Trd, 000179.917, 343
Trd, 000180.733, 347
Trd, 000180.867, 342
Trd, 000181.367, 342
Trd, 000181.717, 346
Trd, 000182.217, 335.0
Trd, 000182.283, 334.0
Trd, 000182.650, 331
Trd, 000183.067, 345
Trd, 000183.533, 324.0
Trd, 000183.567, 320.0
Trd, 000183.667, 306.0
Trd, 000184.033, 303.0
Trd, 000184.167, 264
Trd, 000184.967, 191
Trd, 000185.183, 179
Trd, 000185.283, 176
Trd, 000185.500, 186
Trd, 000186.100, 185
Trd, 000186.967, 171
Trd, 000187.483, 179
Trd, 000188.033, 188
Trd, 000189.400, 194
Trd, 000189.750, 196
Trd, 000190.583, 192
Trd, 000190.867, 167
Trd, 000190.883, 163
Trd, 000191.750, 186
Trd, 000193.500, 176
Trd, 000193.583, 183
Trd, 000193.600, 175
Trd, 000193.683, 164
Trd, 000194.900, 175
Trd, 000195.600, 174
Trd, 000195.917, 173
Trd, 000196.083, 175
Trd, 000197.133, 174
Trd, 000197.600, 173
Trd, 000198.250, 173
Trd, 000198.517, 173
Trd, 000198.550, 172
Trd, 000199.050, 171
Trd, 000199.333, 170
Trd, 000200.283, 172
Trd, 000202.083, 168
Trd, 000202.117, 168
Trd, 000203.117, 171
Trd, 000203.383, 169
Trd, 000204.017, 168
Trd, 000204.033, 171
Trd, 000205.183, 171
Trd, 000205.317, 171
Trd, 000206.333, 166
Trd, 000206.650, 169
Trd, 000208.083, 171
Trd, 000208.117, 169
Trd, 000209.217, 172
Trd, 000210.417, 171
Trd, 000211.200, 172
Trd, 000211.483, 171
Trd, 000212.000, 170
Trd, 000212.650, 171
Trd, 000214.283, 170
Trd, 000214.300, 169
Trd, 000214.317, 172
Trd, 000215.900, 168
Trd, 000215.950, 168
Trd, 000216.000, 167
Trd, 000216.083, 176
Trd, 000217.117, 168
Trd, 000218.183, 175
Trd, 000218.417, 173
Trd, 000218.467, 177
Trd, 000219.633, 177
Trd, 000220.033, 176
Trd, 000220.650, 175
Trd, 000223.800, 175
Trd, 000224.933, 176
Trd, 000225.150, 174
Trd, 000225.583, 177
Trd, 000226.917, 175
Trd, 000227.400, 176
Trd, 000227.433, 174
Trd, 000228.433, 173
Trd, 000228.650, 178
Trd, 000230.033, 172
Trd, 000230.700, 178
Trd, 000231.033, 176
Trd, 000232.050, 176
Trd, 000232.567, 174
Trd, 000232.833, 176
Trd, 000233.650, 177
Trd, 000234.467, 174
Trd, 000234.517, 172
Trd, 000234.717, 171
Trd, 000234.750, 177
Trd, 000235.133, 174
Trd, 000236.283, 172
Trd, 000238.050, 176
Trd, 000238.067, 175
Trd, 000238.450, 173
Trd, 000239.150, 172
Trd, 000239.617, 173
Trd, 000239.633, 172
Trd, 000239.717, 170
Trd, 000239.900, 173
Trd, 000240.417, 172
Trd, 000240.833, 172
Trd, 000241.617, 173
Trd, 000242.267, 172
Trd, 000243.150, 175
Trd, 000243.583, 175
Trd, 000243.633, 173
Trd, 000243.867, 175
Trd, 000245.033, 177
Trd, 000245.417, 176
Trd, 000245.783, 175
Trd, 000246.267, 174
Trd, 000246.967, 173
Trd, 000247.883, 173
Trd, 000248.517, 174
Trd, 000249.233, 173
Trd, 000249.317, 176
Trd, 000249.733, 173
Trd, 000250.783, 176
Trd, 000251.300, 178
Trd, 000251.450, 174
Trd, 000251.600, 182
Trd, 000252.300, 180
Trd, 000252.367, 187
Trd, 000252.400, 175
Trd, 000253.267, 178
Trd, 000254.283, 176
Trd, 000254.433, 176
Trd, 000254.933, 176
Trd, 000255.600, 178
Trd, 000256.967, 175
Trd, 000257.267, 174
Trd, 000257.500, 177
Trd, 000258.700, 176
Trd, 000259.050, 176
Trd, 000259.217, 177
Trd, 000259.650, 174
Trd, 000260.433, 177
Trd, 000260.850, 177
Trd, 000261.367, 175
Trd, 000261.983, 174
Trd, 000262.783, 175
Trd, 000264.083, 174
Trd, 000264.100, 178
Trd, 000264.850, 173
Trd, 000265.200, 173
Trd, 000265.300, 174
Trd, 000265.567, 167
Trd, 000265.817, 167
Trd, 000265.900, 171
Trd, 000266.433, 165
Trd, 000267.183, 176
Trd, 000267.467, 177
Trd, 000267.900, 175
Trd, 000268.117, 178
Trd, 000268.217, 171
Trd, 000268.450, 170
Trd, 000269.750, 175
Trd, 000270.200, 177
Trd, 000270.517, 181
Trd, 000271.417, 176
Trd, 000272.117, 175
Trd, 000272.933, 176
Trd, 000273.283, 175
Trd, 000273.700, 176
Trd, 000273.983, 178
Trd, 000275.100, 173
Trd, 000275.183, 177
Trd, 000276.283, 177
Trd, 000276.683, 175
Trd, 000277.767, 176
Trd, 000277.900, 176
Trd, 000278.483, 178
Trd, 000278.583, 179
Trd, 000278.867, 180
Trd, 000279.000, 179
Trd, 000279.717, 178
Trd, 000280.233, 177
Trd, 000280.817, 178
Trd, 000280.933, 176
Trd, 000282.483, 177
Trd, 000282.967, 178
Trd, 000283.500, 177
Trd, 000284.050, 179
Trd, 000284.450, 180
Trd, 000285.200, 179
Trd, 000286.050, 176
Trd, 000286.617, 176
Trd, 000287.000, 177
Trd, 000287.400, 175
Trd, 000288.050, 172
Trd, 000288.217, 172
Trd, 000289.050, 171
Trd, 000289.233, 176
Trd, 000291.000, 177
Trd, 000291.583, 176
Trd, 000291.600, 173
Trd, 000291.617, 179
Trd, 000291.650, 173
Trd, 000292.983, 177
Trd, 000293.400, 175
Trd, 000293.650, 179
Trd, 000294.317, 174
Trd, 000294.417, 173
Trd, 000295.517, 174
Trd, 000295.617, 175
Trd, 000295.817, 178
Trd, 000295.933, 180
Trd, 000296.750, 180
Trd, 000297.933, 173
Trd, 000298.000, 180
Trd, 000299.533, 176
