Trd, 000001.267, 179
Trd, 000002.117, 143
Trd, 000003.267, 124
Trd, 000004.067, 140
Trd, 000005.133, 144
Trd, 000005.250, 144
Trd, 000005.500, 142
Trd, 000005.617, 141
Trd, 000006.117, 137
Trd, 000006.667, 143
Trd, 000006.817, 141
Trd, 000007.417, 142
Trd, 000007.633, 145
Trd, 000008.333, 144
Trd, 000008.400, 149
Trd, 000008.800, 146
Trd, 000008.983, 145
Trd, 000009.650, 145
Trd, 000009.683, 144
Trd, 000010.400, 142
Trd, 000012.167, 139
Trd, 000012.733, 141
Trd, 000012.783, 142
Trd, 000012.933, 143
Trd, 000013.300, 142
Trd, 000013.350, 143
Trd, 000013.883, 144
Trd, 000014.233, 142
Trd, 000014.583, 142
Trd, 000015.750, 141
Trd, 000016.100, 140
Trd, 000016.533, 142
Trd, 000017.517, 143
Trd, 000017.750, 144
Trd, 000018.083, 142
Trd, 000018.700, 140
Trd, 000019.317, 145
Trd, 000020.083, 145
Trd, 000020.433, 142
Trd, 000020.533, 141
Trd, 000020.633, 145
Trd, 000020.867, 145
Trd, 000021.500, 145
Trd, 000022.317, 139
Trd, 000023.750, 142
Trd, 000024.033, 142
Trd, 000024.200, 139
Trd, 000024.867, 142
Trd, 000025.133, 143
Trd, 000025.233, 141
Trd, 000025.517, 145
Trd, 000025.617, 146
Trd, 000026.200, 153
Trd, 000026.750, 148
Trd, 000026.900, 147
Trd, 000027.633, 149
Trd, 000027.750, 147
Trd, 000027.900, 152
Trd, 000028.667, 151
Trd, 000028.967, 154
Trd, 000029.183, 146
Trd, 000029.267, 147
Trd, 000031.967, 150
Trd, 000032.117, 150
Trd, 000032.650, 148
Trd, 000032.933, 149
Trd, 000033.017, 148
Trd, 000033.300, 149
Trd, 000033.417, 143
Trd, 000033.467, 134
Trd, 000034.167, 143
Trd, 000034.433, 141
Trd, 000034.533, 141
Trd, 000034.650, 147
Trd, 000034.667, 168
Trd, 000034.800, 178
Trd, 000035.600, 139
Trd, 000035.783, 137
Trd, 000036.267, 137
Trd, 000036.583, 140
Trd, 000037.767, 140
Trd, 000038.100, 139
Trd, 000038.133, 144
Trd, 000038.883, 151
Trd, 000039.167, 138
Trd, 000039.633, 138
Trd, 000040.450, 140
Trd, 000040.500, 141
Trd, 000040.567, 139
Trd, 000042.317, 140
Trd, 000042.367, 141
Trd, 000042.650, 141
Trd, 000042.883, 141
Trd, 000042.933, 141
Trd, 000043.117, 139
Trd, 000043.317, 141
Trd, 000043.683, 141
Trd, 000044.550, 148
Trd, 000044.883, 148
Trd, 000045.383, 145
Trd, 000045.467, 144
Trd, 000045.633, 152
Trd, 000046.167, 143
Trd, 000046.267, 142
Trd, 000047.267, 145
Trd, 000047.367, 146
Trd, 000047.583, 146
Trd, 000048.283, 147
Trd, 000048.767, 148
Trd, 000049.100, 149
Trd, 000049.617, 170
Trd, 000050.767, 151
Trd, 000051.083, 153
Trd, 000051.283, 150
Trd, 000052.250, 153
Trd, 000052.383, 152
Trd, 000052.450, 153
Trd, 000054.133, 150
Trd, 000054.167, 149
Trd, 000054.350, 149
Trd, 000054.367, 136
Trd, 000055.283, 147
Trd, 000055.533, 146
Trd, 000055.667, 144
Trd, 000055.817, 148
Trd, 000056.533, 144
Trd, 000057.083, 143
Trd, 000057.650, 146
Trd, 000058.000, 146
Trd, 000058.550, 147
Trd, 000059.017, 143
Trd, 000059.317, 148
Trd, 000059.350, 150
Trd, 000060.250, 145
Trd, 000060.733, 146
Trd, 000061.267, 146
Trd, 000062.200, 145
Trd, 000062.283, 147
Trd, 000062.550, 146
Trd, 000062.767, 146
Trd, 000063.900, 147
Trd, 000064.100, 143
Trd, 000064.717, 154
Trd, 000064.900, 150
Trd, 000065.050, 150
Trd, 000065.083, 146
Trd, 000066.133, 157
Trd, 000066.417, 151
Trd, 000066.433, 150
Trd, 000066.850, 171
Trd, 000067.267, 172
Trd, 000067.967, 147
Trd, 000068.600, 152
Trd, 000068.850, 153
Trd, 000069.700, 156
Trd, 000070.233, 154
Trd, 000070.400, 152
Trd, 000071.533, 152
Trd, 000071.600, 154
Trd, 000072.250, 151
Trd, 000072.850, 149
Trd, 000073.283, 150
Trd, 000073.317, 147
Trd, 000073.417, 150
Trd, 000073.633, 131
Trd, 000073.850, 148
Trd, 000074.250, 149
Trd, 000075.667, 147
Trd, 000076.767, 145
Trd, 000076.833, 147
Trd, 000076.867, 147
Trd, 000076.917, 143
Trd, 000077.333, 152
Trd, 000077.717, 150
Trd, 000078.617, 151
Trd, 000078.667, 151
Trd, 000078.767, 152
Trd, 000079.633, 151
Trd, 000080.583, 149
Trd, 000081.317, 150
Trd, 000081.767, 149
Trd, 000082.300, 148
Trd, 000082.333, 151
Trd, 000082.867, 151
Trd, 000083.050, 147
Trd, 000084.467, 145
Trd, 000084.517, 147
Trd, 000084.750, 142
Trd, 000084.867, 141
Trd, 000084.967, 149
Trd, 000085.783, 145
Trd, 000086.183, 144
Trd, 000087.367, 149
Trd, 000087.933, 149
Trd, 000088.750, 150
Trd, 000089.017, 145
Trd, 000089.250, 151
Trd, 000090.217, 159
Trd, 000091.100, 151
Trd, 000091.133, 147
Trd, 000091.533, 151
Trd, 000092.000, 149
Trd, 000092.017, 150
Trd, 000092.167, 148
Trd, 000094.267, 147
Trd, 000094.817, 149
Trd, 000095.050, 150
Trd, 000095.100, 148
Trd, 000095.350, 150
Trd, 000095.983, 147
Trd, 000096.117, 149
Trd, 000096.967, 145
Trd, 000097.717, 144
Trd, 000098.483, 148
Trd, 000098.950, 150
Trd, 000099.467, 150
Trd, 000099.617, 150
Trd, 000099.817, 150
Trd, 000099.967, 148
Trd, 000100.183, 151
Trd, 000100.400, 161
Trd, 000100.583, 153
Trd, 000101.450, 154
Trd, 000102.883, 168
Trd, 000103.117, 149
Trd, 000104.017, 148
Trd, 000104.050, 164
Trd, 000104.317, 147
Trd, 000105.200, 153
Trd, 000105.317, 158
Trd, 000105.600, 156
Trd, 000105.967, 157
Trd, 000106.400, 155
Trd, 000106.783, 155
Trd, 000107.517, 155
Trd, 000107.550, 152
Trd, 000108.383, 153
Trd, 000108.833, 151
Trd, 000108.900, 153
Trd, 000108.950, 151
Trd, 000109.133, 155
Trd, 000109.283, 151
Trd, 000109.500, 154
Trd, 000109.700, 142
Trd, 000110.517, 145
Trd, 000110.850, 148
Trd, 000111.750, 146
Trd, 000112.717, 147
Trd, 000112.933, 148
Trd, 000114.183, 148
Trd, 000114.450, 150
Trd, 000114.500, 148
Trd, 000115.233, 149
Trd, 000115.467, 150
Trd, 000115.967, 152
Trd, 000116.050, 156
Trd, 000116.267, 151
Trd, 000116.933, 153
Trd, 000117.017, 150
Trd, 000117.433, 162
Trd, 000117.733, 175
Trd, 000117.900, 171
Trd, 000119.233, 165
Trd, 000119.567, 165
Trd, 000120.350, 163
Trd, 000120.617, 159
Trd, 000120.667, 159
Trd, 000120.750, 165
Trd, 000121.400, 164
Trd, 000121.533, 165
Trd, 000121.883, 166
Trd, 000122.717, 175
Trd, 000122.867, 177
Trd, 000122.983, 284
Trd, 000123.383, 278
Trd, 000123.450, 310
Trd, 000123.617, 317.0
Trd, 000124.417, 265
Trd, 000125.067, 306.0
Trd, 000125.617, 324.0
Trd, 000125.683, 334.0
Trd, 000127.200, 336
Trd, 000127.217, 337.0
Trd, 000127.450, 344.0
Trd, 000127.533, 317.0
Trd, 000128.850, 331
Trd, 000129.250, 331
Trd, 000130.650, 330
Trd, 000131.183, 333.0
Trd, 000131.233, 331
Trd, 000131.633, 334.0
Trd, 000131.917, 337
Trd, 000132.617, 338
Trd, 000132.967, 335
Trd, 000134.133, 336
Trd, 000134.933, 335
Trd, 000135.300, 336
Trd, 000136.017, 337
Trd, 000136.983, 332
Trd, 000137.350, 338
Trd, 000138.033, 337
Trd, 000138.300, 334.0
Trd, 000138.533, 335
Trd, 000139.767, 336
Trd, 000140.000, 336
Trd, 000140.433, 335
Trd, 000141.450, 336
Trd, 000141.583, 338
Trd, 000141.600, 341.0
Trd, 000142.000, 344.0
Trd, 000142.133, 345
Trd, 000144.033, 341
Trd, 000144.633, 341.0
Trd, 000144.883, 341
Trd, 000145.217, 338
Trd, 000145.483, 342.0
Trd, 000146.133, 341.0
Trd, 000146.450, 342.0
Trd, 000146.933, 340
Trd, 000147.400, 340
Trd, 000147.783, 341.0
Trd, 000147.833, 331.0
Trd, 000147.967, 325.0
Trd, 000148.267, 338
Trd, 000148.467, 343
Trd, 000148.567, 344.0
Trd, 000150.983, 334.0
Trd, 000151.067, 337.0
Trd, 000152.483, 334
Trd, 000152.850, 335
Trd, 000152.933, 333
Trd, 000153.183, 334
Trd, 000154.017, 334
Trd, 000154.150, 332
Trd, 000154.600, 332
Trd, 000154.717, 331
Trd, 000155.283, 330
Trd, 000155.350, 333
Trd, 000156.333, 338.0
Trd, 000157.067, 341.0
Trd, 000157.233, 333.0
Trd, 000157.250, 334
Trd, 000157.400, 351
Trd, 000158.333, 334.0
Trd, 000159.750, 335
Trd, 000160.500, 341.0
Trd, 000160.983, 338
Trd, 000161.583, 336
Trd, 000161.633, 337
Trd, 000162.583, 333
Trd, 000163.500, 338
Trd, 000163.783, 337
Trd, 000164.267, 335
Trd, 000164.683, 335
Trd, 000164.800, 335.0
Trd, 000164.883, 337.0
Trd, 000166.117, 336
Trd, 000166.250, 335.0
Trd, 000167.183, 334
Trd, 000167.283, 334
Trd, 000167.633, 331
Trd, 000168.217, 335
Trd, 000168.250, 336
Trd, 000168.450, 335
Trd, 000169.533, 334
Trd, 000169.950, 337.0
Trd, 000170.583, 336
Trd, 000170.817, 339.0
Trd, 000170.933, 339
Trd, 000171.517, 341.0
Trd, 000171.867, 342
Trd, 000172.650, 341
Trd, 000172.767, 333
Trd, 000173.767, 343.0
Trd, 000173.883, 333
Trd, 000174.300, 340
Trd, 000175.083, 334
Trd, 000175.400, 336
Trd, 000175.800, 341
Trd, 000177.533, 337.0
Trd, 000177.950, 336
Trd, 000178.450, 334
Trd, 000178.550, 337
Trd, 000179.117, 335
Trd, 000179.400, 339.0
Trd, 000179.550, 340.0
Trd, 000181.167, 337
Trd, 000181.200, 336
Trd, 000181.467, 334
Trd, 000181.483, 331
Trd, 000181.867, 329
Trd, 000181.983, 317.0
Trd, 000182.433, 340
Trd, 000182.467, 312
Trd, 000182.650, 279
Trd, 000183.600, 236
Trd, 000184.300, 208
Trd, 000184.450, 218
Trd, 000185.267, 191
Trd, 000185.550, 198
Trd, 000185.617, 186
Trd, 000186.067, 183
Trd, 000186.867, 190
Trd, 000186.883, 188
Trd, 000186.900, 176
Trd, 000188.700, 160
Trd, 000188.767, 167
Trd, 000189.717, 166
Trd, 000189.783, 168
Trd, 000190.517, 164
Trd, 000191.600, 166
Trd, 000191.917, 164
Trd, 000192.083, 163
Trd, 000192.433, 163
Trd, 000192.450, 165
Trd, 000192.617, 170
Trd, 000192.983, 184
Trd, 000193.000, 161
Trd, 000194.183, 164
Trd, 000194.233, 165
Trd, 000194.300, 170
Trd, 000194.783, 188
Trd, 000194.900, 177
Trd, 000195.067, 164
Trd, 000196.750, 165
Trd, 000197.000, 172
Trd, 000197.050, 174
Trd, 000197.067, 174
Trd, 000199.233, 171
Trd, 000199.317, 172
Trd, 000199.533, 169
Trd, 000199.733, 167
Trd, 000199.833, 164
Trd, 000199.917, 158
Trd, 000200.800, 166
Trd, 000201.383, 162
Trd, 000201.450, 161
Trd, 000202.033, 164
Trd, 000203.083, 163
Trd, 000203.683, 161
Trd, 000203.817, 160
Trd, 000204.283, 161
Trd, 000204.650, 160
Trd, 000205.250, 159
Trd, 000205.333, 159
Trd, 000205.383, 160
Trd, 000206.617, 161
Trd, 000206.667, 165
Trd, 000206.750, 159
Trd, 000206.883, 164
Trd, 000207.283, 158
Trd, 000207.417, 171
Trd, 000207.833, 167
Trd, 000208.533, 160
Trd, 000210.050, 172
Trd, 000210.267, 165
Trd, 000210.517, 171
Trd, 000211.950, 161
Trd, 000212.250, 160
Trd, 000212.467, 162
Trd, 000212.500, 160
Trd, 000213.550, 152
Trd, 000213.633, 154
Trd, 000214.833, 159
Trd, 000215.217, 159
Trd, 000215.250, 160
Trd, 000216.050, 157
Trd, 000217.100, 157
Trd, 000217.567, 156
Trd, 000218.683, 158
Trd, 000219.033, 159
Trd, 000219.767, 159
Trd, 000220.367, 156
Trd, 000220.400, 160
Trd, 000221.367, 159
Trd, 000221.667, 158
Trd, 000221.850, 159
Trd, 000222.617, 161
Trd, 000222.800, 161
Trd, 000223.717, 159
Trd, 000223.767, 159
Trd, 000223.917, 161
Trd, 000224.133, 162
Trd, 000224.867, 163
Trd, 000224.967, 158
Trd, 000225.350, 166
Trd, 000225.500, 159
Trd, 000226.200, 164
Trd, 000226.250, 166
Trd, 000226.683, 173
Trd, 000226.850, 158
Trd, 000227.733, 159
Trd, 000228.567, 162
Trd, 000228.633, 168
Trd, 000228.883, 176
Trd, 000229.433, 167
Trd, 000229.600, 186
Trd, 000229.817, 171
Trd, 000231.450, 171
Trd, 000231.533, 184
Trd, 000232.367, 169
Trd, 000232.450, 170
Trd, 000232.700, 169
Trd, 000232.883, 172
Trd, 000233.017, 173
Trd, 000234.017, 169
Trd, 000234.033, 163
Trd, 000234.100, 169
Trd, 000235.350, 170
Trd, 000235.567, 169
Trd, 000235.783, 174
Trd, 000235.833, 167
Trd, 000236.050, 173
Trd, 000237.517, 166
Trd, 000238.917, 169
Trd, 000239.000, 164
Trd, 000239.183, 169
Trd, 000239.767, 164
Trd, 000239.833, 165
Trd, 000239.967, 168
Trd, 000240.100, 164
Trd, 000240.283, 165
Trd, 000240.467, 165
Trd, 000240.950, 166
Trd, 000241.633, 168
Trd, 000241.883, 174
Trd, 000242.467, 172
Trd, 000242.867, 173
Trd, 000242.950, 167
Trd, 000243.300, 167
Trd, 000243.967, 172
Trd, 000244.183, 172
Trd, 000245.000, 170
Trd, 000245.067, 171
Trd, 000245.167, 173
Trd, 000245.967, 173
Trd, 000246.033, 168
Trd, 000246.200, 176
Trd, 000246.417, 168
Trd, 000246.983, 168
Trd, 000247.133, 169
Trd, 000247.333, 169
Trd, 000247.783, 172
Trd, 000248.667, 172
Trd, 000248.883, 171
Trd, 000249.900, 171
Trd, 000249.950, 170
Trd, 000250.383, 167
Trd, 000251.033, 170
Trd, 000251.283, 170
Trd, 000251.500, 171
Trd, 000251.533, 172
Trd, 000252.367, 169
Trd, 000252.517, 168
Trd, 000252.767, 168
Trd, 000253.150, 169
Trd, 000253.233, 170
Trd, 000253.400, 171
Trd, 000254.150, 168
Trd, 000254.900, 169
Trd, 000255.600, 168
Trd, 000256.283, 168
Trd, 000256.367, 170
Trd, 000256.400, 171
Trd, 000256.483, 167
Trd, 000257.417, 176
Trd, 000257.450, 167
Trd, 000257.700, 177
Trd, 000258.033, 169
Trd, 000258.533, 170
Trd, 000258.800, 185
Trd, 000259.200, 181
Trd, 000259.733, 180
Trd, 000260.450, 184
Trd, 000260.767, 184
Trd, 000261.667, 185
Trd, 000262.417, 183
Trd, 000262.767, 185
Trd, 000263.417, 178
Trd, 000263.533, 174
Trd, 000263.550, 183
Trd, 000263.950, 183
Trd, 000264.200, 178
Trd, 000264.350, 183
Trd, 000265.333, 183
Trd, 000265.600, 184
Trd, 000265.783, 178
Trd, 000265.950, 177
Trd, 000266.033, 192
Trd, 000266.417, 193
Trd, 000267.517, 176
Trd, 000267.850, 171
Trd, 000269.083, 182
Trd, 000269.450, 182
Trd, 000269.733, 181
Trd, 000269.867, 182
Trd, 000270.683, 178
Trd, 000271.083, 183
Trd, 000271.367, 176
Trd, 000271.767, 174
Trd, 000272.683, 181
Trd, 000272.733, 177
Trd, 000272.933, 177
Trd, 000272.983, 178
Trd, 000273.083, 171
Trd, 000273.417, 168
Trd, 000273.583, 167
Trd, 000274.267, 178
Trd, 000274.950, 175
Trd, 000275.183, 176
Trd, 000276.033, 177
Trd, 000276.383, 178
Trd, 000276.550, 190
Trd, 000277.183, 184
Trd, 000278.117, 184
Trd, 000278.517, 184
Trd, 000278.650, 185
Trd, 000278.883, 187
Trd, 000279.383, 186
Trd, 000279.583, 181
Trd, 000280.217, 180
Trd, 000280.650, 175
Trd, 000280.700, 171
Trd, 000281.117, 187
Trd, 000282.283, 187
Trd, 000282.450, 187
Trd, 000282.633, 180
Trd, 000282.717, 188
Trd, 000282.883, 179
Trd, 000283.483, 186
Trd, 000283.750, 172
Trd, 000283.800, 185
Trd, 000284.567, 187
Trd, 000285.083, 180
Trd, 000285.150, 189
Trd, 000286.433, 182
Trd, 000286.767, 192
Trd, 000287.283, 181
Trd, 000287.850, 180
Trd, 000288.117, 191
Trd, 000288.933, 191
Trd, 000289.000, 190
Trd, 000289.050, 192
Trd, 000289.350, 173
Trd, 000290.400, 192
Trd, 000290.667, 193
Trd, 000290.867, 183
Trd, 000291.100, 179
Trd, 000292.133, 184
Trd, 000292.250, 174
Trd, 000292.667, 185
Trd, 000293.250, 184
Trd, 000293.550, 178
Trd, 000293.767, 196
Trd, 000293.967, 188
Trd, 000294.600, 181
Trd, 000295.317, 187
Trd, 000295.417, 189
Trd, 000295.833, 194
Trd, 000296.267, 183
Trd, 000296.400, 192
Trd, 000297.433, 187
Trd, 000298.650, 183
Trd, 000298.750, 186
Trd, 000299.250, 185
Trd, 000299.467, 182
Trd, 000299.567, 186
