Trd, 000001.700, 110
Trd, 000002.700, 121
Trd, 000003.233, 124
Trd, 000003.750, 151
Trd, 000005.650, 145
Trd, 000006.167, 145
Trd, 000006.267, 152
Trd, 000007.283, 157
Trd, 000007.367, 149
Trd, 000007.550, 166
Trd, 000007.733, 175
Trd, 000008.217, 167
Trd, 000008.400, 147
Trd, 000009.600, 159
Trd, 000010.133, 166
Trd, 000010.217, 140
Trd, 000012.667, 157
Trd, 000014.883, 157
Trd, 000015.283, 163
Trd, 000015.533, 155
Trd, 000016.633, 154
Trd, 000017.217, 146
Trd, 000017.400, 156
Trd, 000017.817, 150
Trd, 000018.150, 143
Trd, 000019.017, 153
Trd, 000019.667, 148
Trd, 000019.750, 153
Trd, 000019.867, 146
Trd, 000020.067, 139
Trd, 000021.100, 142
Trd, 000021.117, 161
Trd, 000021.617, 163
Trd, 000021.767, 136
Trd, 000023.267, 165
Trd, 000024.967, 154
Trd, 000024.983, 151
Trd, 000025.017, 164
Trd, 000025.400, 149
Trd, 000026.150, 143
Trd, 000026.633, 150
Trd, 000027.900, 151
Trd, 000028.600, 146
Trd, 000028.633, 141
Trd, 000028.667, 151
Trd, 000029.833, 151
Trd, 000030.250, 148
Trd, 000031.667, 158
Trd, 000031.933, 146
Trd, 000032.350, 153
Trd, 000033.483, 151
Trd, 000033.517, 145
Trd, 000034.133, 144
Trd, 000034.933, 152
Trd, 000035.017, 143
Trd, 000036.600, 153
Trd, 000037.383, 152
Trd, 000038.117, 155
Trd, 000038.200, 159
Trd, 000040.217, 149
Trd, 000040.467, 145
Trd, 000041.200, 155
Trd, 000041.400, 153
Trd, 000042.850, 151
Trd, 000042.867, 152
Trd, 000043.700, 151
Trd, 000043.950, 154
Trd, 000043.967, 159
Trd, 000044.933, 142
Trd, 000045.450, 154
Trd, 000045.783, 155
Trd, 000048.850, 158
Trd, 000049.017, 165
Trd, 000049.900, 160
Trd, 000049.983, 159
Trd, 000050.183, 159
Trd, 000050.200, 165
Trd, 000050.683, 164
Trd, 000051.083, 154
Trd, 000052.667, 156
Trd, 000053.650, 154
Trd, 000053.817, 149
Trd, 000054.017, 160
Trd, 000054.250, 153
Trd, 000055.000, 144
Trd, 000056.217, 152
Trd, 000056.300, 137
Trd, 000056.700, 152
Trd, 000057.067, 153
Trd, 000059.233, 164
Trd, 000059.550, 165
Trd, 000059.650, 160
Trd, 000059.850, 156
Trd, 000060.333, 168
Trd, 000061.667, 171
Trd, 000062.850, 161
Trd, 000063.133, 163
Trd, 000064.283, 162
Trd, 000064.433, 161
Trd, 000064.550, 164
Trd, 000064.583, 160
Trd, 000065.117, 164
Trd, 000065.167, 150
Trd, 000065.950, 149
Trd, 000066.650, 144
Trd, 000066.683, 161
Trd, 000068.550, 170
Trd, 000069.150, 148
Trd, 000070.267, 145
Trd, 000070.683, 157
Trd, 000071.600, 155
Trd, 000071.883, 148
Trd, 000072.450, 148
Trd, 000073.983, 152
Trd, 000074.117, 154
Trd, 000074.617, 153
Trd, 000074.900, 148
Trd, 000075.100, 158
Trd, 000076.983, 148
Trd, 000077.017, 156
Trd, 000078.833, 156
Trd, 000079.367, 157
Trd, 000079.850, 159
Trd, 000080.017, 150
Trd, 000080.417, 149
Trd, 000080.550, 149
Trd, 000081.000, 145
Trd, 000081.333, 156
Trd, 000081.800, 148
Trd, 000082.833, 157
Trd, 000083.850, 159
Trd, 000084.383, 172
Trd, 000084.867, 171
Trd, 000085.517, 149
Trd, 000086.067, 159
Trd, 000086.783, 156
Trd, 000086.983, 158
Trd, 000087.917, 156
Trd, 000088.267, 158
Trd, 000089.117, 153
Trd, 000089.633, 158
Trd, 000089.750, 159
Trd, 000090.483, 157
Trd, 000090.700, 153
Trd, 000091.133, 160
Trd, 000092.350, 148
Trd, 000092.483, 160
Trd, 000093.767, 149
Trd, 000093.900, 146
Trd, 000093.917, 149
Trd, 000094.117, 146
Trd, 000094.483, 150
Trd, 000095.083, 157
Trd, 000095.267, 153
Trd, 000095.950, 164
Trd, 000096.200, 172
Trd, 000097.600, 147
Trd, 000098.083, 161
Trd, 000098.550, 159
Trd, 000098.750, 147
Trd, 000099.750, 156
Trd, 000101.333, 151
Trd, 000102.767, 150
Trd, 000103.117, 150
Trd, 000103.200, 158
Trd, 000103.633, 149
Trd, 000104.350, 161
Trd, 000105.267, 163
Trd, 000105.600, 153
Trd, 000105.633, 165
Trd, 000107.217, 156
Trd, 000107.283, 156
Trd, 000107.400, 159
Trd, 000107.417, 160
Trd, 000109.750, 155
Trd, 000109.767, 156
Trd, 000110.133, 158
Trd, 000110.967, 155
Trd, 000111.167, 159
Trd, 000112.083, 149
Trd, 000113.467, 155
Trd, 000113.833, 162
Trd, 000114.183, 150
Trd, 000114.950, 166
Trd, 000115.217, 159
Trd, 000116.717, 168
Trd, 000116.750, 163
Trd, 000117.267, 163
Trd, 000118.183, 162
Trd, 000118.617, 160
Trd, 000119.350, 148
Trd, 000120.417, 161
Trd, 000120.750, 161
Trd, 000120.783, 162
Trd, 000121.533, 161
Trd, 000121.583, 163
Trd, 000121.933, 167
Trd, 000122.433, 174
Trd, 000122.683, 194
Trd, 000122.700, 200
Trd, 000122.967, 201
Trd, 000123.667, 165
Trd, 000123.733, 205
Trd, 000123.767, 321
Trd, 000124.617, 336.0
Trd, 000125.833, 333.0
Trd, 000126.167, 337.0
Trd, 000126.567, 333.0
Trd, 000127.083, 339
Trd, 000127.633, 333.0
Trd, 000127.867, 348.0
Trd, 000129.183, 331
Trd, 000129.817, 341
Trd, 000130.917, 341
Trd, 000131.700, 348.0
Trd, 000131.867, 346
Trd, 000132.717, 343
Trd, 000133.500, 341.0
Trd, 000133.617, 348.0
Trd, 000134.017, 338
Trd, 000134.900, 343
Trd, 000135.750, 344
Trd, 000136.233, 345
Trd, 000136.800, 349
Trd, 000138.100, 350.0
Trd, 000139.750, 342
Trd, 000140.800, 347
Trd, 000140.850, 342
Trd, 000141.083, 347
Trd, 000142.983, 348.0
Trd, 000143.050, 341
Trd, 000145.283, 351
Trd, 000145.850, 342
Trd, 000147.350, 346
Trd, 000147.367, 342
Trd, 000147.517, 347
Trd, 000148.717, 341.0
Trd, 000150.033, 341
Trd, 000150.883, 338.0
Trd, 000151.583, 348
Trd, 000152.267, 346.0
Trd, 000152.583, 340.0
Trd, 000153.383, 348.0
Trd, 000154.900, 350.0
Trd, 000155.433, 342
Trd, 000157.100, 343
Trd, 000157.233, 342
Trd, 000157.267, 341.0
Trd, 000157.733, 341
Trd, 000158.483, 337.0
Trd, 000159.550, 345
Trd, 000161.133, 341
Trd, 000161.833, 337
Trd, 000162.200, 342
Trd, 000162.350, 337
Trd, 000162.783, 346
Trd, 000163.650, 337
Trd, 000166.883, 345
Trd, 000167.050, 347.0
Trd, 000169.317, 344
Trd, 000169.850, 344.0
Trd, 000169.933, 342
Trd, 000169.967, 345.0
Trd, 000170.350, 348.0
Trd, 000171.083, 344
Trd, 000172.183, 340
Trd, 000172.750, 351
Trd, 000173.050, 351.0
Trd, 000173.433, 355.0
Trd, 000174.583, 347
Trd, 000174.833, 345
Trd, 000174.867, 342
Trd, 000176.083, 346.0
Trd, 000176.500, 341.0
Trd, 000176.950, 348.0
Trd, 000177.250, 337
Trd, 000178.900, 334.0
Trd, 000179.083, 347.0
Trd, 000179.783, 336
Trd, 000181.717, 342.0
Trd, 000181.767, 340
Trd, 000182.500, 342
Trd, 000182.517, 334.0
Trd, 000182.817, 329
Trd, 000182.900, 323
Trd, 000183.900, 327.0
Trd, 000185.067, 320.0
Trd, 000185.167, 305
Trd, 000185.183, 301
Trd, 000185.217, 190
Trd, 000185.583, 181
Trd, 000185.917, 210
Trd, 000186.433, 189
Trd, 000187.783, 166
Trd, 000187.817, 155
Trd, 000188.550, 167
Trd, 000188.817, 174
Trd, 000191.200, 169
Trd, 000192.000, 166
Trd, 000192.083, 156
Trd, 000192.617, 166
Trd, 000193.117, 166
Trd, 000193.250, 167
Trd, 000195.117, 162
Trd, 000196.200, 164
Trd, 000196.900, 174
Trd, 000198.350, 168
Trd, 000198.900, 162
Trd, 000198.967, 160
Trd, 000199.967, 165
Trd, 000200.017, 167
Trd, 000202.533, 170
Trd, 000202.850, 175
Trd, 000203.183, 171
Trd, 000203.283, 162
Trd, 000203.567, 168
Trd, 000204.717, 171
Trd, 000205.850, 178
Trd, 000206.450, 172
Trd, 000206.617, 180
Trd, 000208.017, 174
Trd, 000208.050, 171
Trd, 000209.117, 169
Trd, 000209.583, 169
Trd, 000210.517, 175
Trd, 000211.467, 171
Trd, 000211.683, 175
Trd, 000211.817, 175
Trd, 000212.083, 158
Trd, 000212.617, 178
Trd, 000215.133, 167
Trd, 000215.333, 169
Trd, 000215.400, 165
Trd, 000218.350, 166
Trd, 000218.600, 163
Trd, 000218.633, 159
Trd, 000218.900, 158
Trd, 000219.250, 169
Trd, 000219.517, 170
Trd, 000219.567, 170
Trd, 000220.433, 164
Trd, 000221.300, 172
Trd, 000221.667, 170
Trd, 000222.300, 173
Trd, 000223.700, 169
Trd, 000223.983, 172
Trd, 000224.017, 167
Trd, 000224.083, 166
Trd, 000225.000, 170
Trd, 000225.500, 177
Trd, 000226.883, 170
Trd, 000228.583, 168
Trd, 000228.617, 165
Trd, 000229.883, 165
Trd, 000230.200, 166
Trd, 000230.450, 171
Trd, 000231.300, 169
Trd, 000232.317, 174
Trd, 000233.950, 184
Trd, 000235.333, 169
Trd, 000235.733, 170
Trd, 000236.767, 165
Trd, 000237.567, 168
Trd, 000238.383, 165
Trd, 000240.133, 168
Trd, 000240.450, 167
Trd, 000240.483, 168
Trd, 000241.017, 167
Trd, 000241.100, 165
Trd, 000241.350, 172
Trd, 000241.967, 170
Trd, 000242.183, 172
Trd, 000242.300, 168
Trd, 000242.617, 171
Trd, 000242.650, 172
Trd, 000243.000, 173
Trd, 000244.050, 172
Trd, 000244.333, 175
Trd, 000244.500, 171
Trd, 000245.817, 176
Trd, 000245.983, 169
Trd, 000247.233, 172
Trd, 000247.550, 175
Trd, 000249.450, 180
Trd, 000249.567, 174
Trd, 000250.233, 179
Trd, 000250.317, 176
Trd, 000250.633, 176
Trd, 000251.217, 175
Trd, 000251.317, 180
Trd, 000251.800, 173
Trd, 000252.900, 173
Trd, 000253.400, 175
Trd, 000253.450, 172
Trd, 000253.683, 173
Trd, 000253.800, 175
Trd, 000255.017, 173
Trd, 000255.167, 174
Trd, 000255.317, 174
Trd, 000256.033, 172
Trd, 000256.150, 176
Trd, 000257.667, 177
Trd, 000257.883, 171
Trd, 000260.100, 173
Trd, 000260.683, 173
Trd, 000260.800, 171
Trd, 000260.983, 173
Trd, 000261.050, 170
Trd, 000261.300, 168
Trd, 000261.650, 174
Trd, 000262.283, 177
Trd, 000262.417, 179
Trd, 000262.983, 177
Trd, 000263.067, 179
Trd, 000263.317, 180
Trd, 000263.600, 177
Trd, 000263.900, 174
Trd, 000263.950, 167
Trd, 000264.450, 181
Trd, 000265.750, 175
Trd, 000266.567, 177
Trd, 000267.283, 178
Trd, 000267.583, 179
Trd, 000268.017, 183
Trd, 000268.033, 173
Trd, 000268.767, 161
Trd, 000269.400, 169
Trd, 000269.617, 170
Trd, 000269.833, 168
Trd, 000270.467, 175
Trd, 000270.967, 178
Trd, 000271.033, 182
Trd, 000271.783, 180
Trd, 000272.050, 184
Trd, 000272.667, 182
Trd, 000272.750, 179
Trd, 000273.317, 182
Trd, 000273.867, 181
Trd, 000273.983, 189
Trd, 000275.467, 161
Trd, 000275.867, 174
Trd, 000276.217, 175
Trd, 000276.283, 175
Trd, 000276.300, 172
Trd, 000276.683, 178
Trd, 000278.133, 172
Trd, 000278.183, 171
Trd, 000278.750, 183
Trd, 000279.833, 171
Trd, 000280.217, 174
Trd, 000280.650, 173
Trd, 000281.233, 172
Trd, 000281.550, 175
Trd, 000281.667, 175
Trd, 000281.783, 171
Trd, 000281.867, 175
Trd, 000282.367, 169
Trd, 000283.167, 167
Trd, 000283.533, 172
Trd, 000283.967, 173
Trd, 000284.483, 179
Trd, 000284.767, 176
Trd, 000284.833, 169
Trd, 000285.333, 170
Trd, 000285.733, 171
Trd, 000286.567, 178
Trd, 000286.967, 190
Trd, 000287.467, 181
Trd, 000287.683, 169
Trd, 000288.433, 190
Trd, 000288.483, 204
Trd, 000289.400, 191
Trd, 000290.117, 186
Trd, 000290.333, 193
Trd, 000290.483, 194
Trd, 000290.717, 193
Trd, 000291.650, 194
Trd, 000291.883, 188
Trd, 000292.300, 178
Trd, 000292.783, 188
Trd, 000293.817, 196
Trd, 000293.883, 201
Trd, 000294.233, 201
Trd, 000295.300, 192
Trd, 000296.467, 195
Trd, 000296.600, 177
Trd, 000296.700, 166
Trd, 000296.917, 169
Trd, 000296.983, 170
Trd, 000297.117, 171
Trd, 000297.333, 174
Trd, 000297.700, 184
Trd, 000298.267, 192
Trd, 000299.233, 193
Trd, 000299.667, 176
