Trd, 000002.183, 141
Trd, 000003.017, 137
Trd, 000003.067, 134
Trd, 000004.450, 135
Trd, 000004.700, 135
Trd, 000004.867, 137
Trd, 000005.283, 146
Trd, 000006.217, 154
Trd, 000006.533, 154
Trd, 000007.467, 154
Trd, 000008.100, 153
Trd, 000008.283, 155
Trd, 000008.500, 153
Trd, 000008.667, 145
Trd, 000010.583, 152
Trd, 000010.717, 151
Trd, 000011.133, 151
Trd, 000011.350, 150
Trd, 000012.150, 147
Trd, 000012.483, 149
Trd, 000013.450, 145
Trd, 000014.400, 144
Trd, 000014.600, 149
Trd, 000015.733, 147
Trd, 000015.800, 146
Trd, 000016.300, 155
Trd, 000016.767, 146
Trd, 000017.033, 150
Trd, 000019.250, 157
Trd, 000019.933, 157
Trd, 000020.483, 158
Trd, 000021.567, 159
Trd, 000021.983, 160
Trd, 000022.983, 146
Trd, 000023.017, 148
Trd, 000024.200, 155
Trd, 000024.383, 154
Trd, 000024.467, 153
Trd, 000024.700, 157
Trd, 000025.850, 152
Trd, 000027.067, 151
Trd, 000027.183, 150
Trd, 000027.450, 150
Trd, 000028.700, 150
Trd, 000029.567, 149
Trd, 000030.017, 147
Trd, 000031.100, 149
Trd, 000031.850, 148
Trd, 000032.533, 149
Trd, 000033.417, 150
Trd, 000033.950, 151
Trd, 000034.033, 147
Trd, 000035.083, 160
Trd, 000035.200, 156
Trd, 000035.450, 145
Trd, 000035.517, 144
Trd, 000036.233, 141
Trd, 000036.317, 157
Trd, 000036.833, 158
Trd, 000037.600, 153
Trd, 000037.900, 152
Trd, 000038.117, 152
Trd, 000039.183, 152
Trd, 000039.883, 155
Trd, 000040.700, 155
Trd, 000042.267, 154
Trd, 000042.500, 148
Trd, 000043.483, 153
Trd, 000044.350, 153
Trd, 000044.800, 153
Trd, 000044.867, 153
Trd, 000045.117, 154
Trd, 000045.400, 152
Trd, 000045.983, 154
Trd, 000046.833, 153
Trd, 000047.933, 152
Trd, 000048.733, 153
Trd, 000049.267, 156
Trd, 000049.300, 154
Trd, 000050.917, 155
Trd, 000051.350, 154
Trd, 000051.433, 153
Trd, 000051.717, 152
Trd, 000051.883, 152
Trd, 000052.367, 149
Trd, 000052.683, 152
Trd, 000052.733, 146
Trd, 000052.983, 152
Trd, 000053.483, 144
Trd, 000054.617, 145
Trd, 000056.067, 151
Trd, 000056.533, 147
Trd, 000056.783, 146
Trd, 000057.567, 150
Trd, 000058.650, 148
Trd, 000058.733, 150
Trd, 000059.850, 152
Trd, 000060.100, 148
Trd, 000061.500, 152
Trd, 000061.567, 159
Trd, 000061.833, 149
Trd, 000063.000, 155
Trd, 000063.417, 154
Trd, 000064.483, 153
Trd, 000064.783, 153
Trd, 000065.233, 152
Trd, 000065.333, 154
Trd, 000067.650, 156
Trd, 000068.000, 157
Trd, 000068.233, 156
Trd, 000069.267, 156
Trd, 000069.533, 156
Trd, 000070.283, 155
Trd, 000070.633, 162
Trd, 000070.850, 155
Trd, 000071.433, 157
Trd, 000072.267, 155
Trd, 000072.867, 155
Trd, 000073.633, 159
Trd, 000073.950, 160
Trd, 000075.800, 159
Trd, 000076.067, 159
Trd, 000076.367, 157
Trd, 000076.767, 156
Trd, 000077.517, 157
Trd, 000078.233, 156
Trd, 000078.600, 160
Trd, 000079.150, 155
Trd, 000079.683, 155
Trd, 000080.483, 155
Trd, 000080.667, 156
Trd, 000082.400, 152
Trd, 000082.583, 155
Trd, 000083.483, 152
Trd, 000084.217, 155
Trd, 000084.433, 152
Trd, 000085.200, 156
Trd, 000085.533, 158
Trd, 000085.817, 159
Trd, 000088.200, 158
Trd, 000089.650, 162
Trd, 000090.200, 161
Trd, 000090.483, 162
Trd, 000090.683, 163
Trd, 000091.017, 162
Trd, 000091.250, 160
Trd, 000092.100, 157
Trd, 000094.033, 162
Trd, 000094.250, 163
Trd, 000094.533, 162
Trd, 000094.650, 161
Trd, 000095.317, 158
Trd, 000095.367, 157
Trd, 000095.583, 157
Trd, 000095.833, 161
Trd, 000097.583, 158
Trd, 000098.267, 160
Trd, 000098.417, 157
Trd, 000098.933, 157
Trd, 000098.967, 163
Trd, 000099.583, 160
Trd, 000100.133, 161
Trd, 000100.583, 163
Trd, 000101.433, 162
Trd, 000102.217, 161
Trd, 000103.183, 159
Trd, 000104.667, 158
Trd, 000104.917, 157
Trd, 000105.300, 158
Trd, 000106.033, 159
Trd, 000106.283, 159
Trd, 000106.400, 157
Trd, 000107.167, 155
Trd, 000109.217, 158
Trd, 000109.567, 157
Trd, 000110.467, 159
Trd, 000111.667, 161
Trd, 000112.050, 162
Trd, 000112.133, 159
Trd, 000112.750, 159
Trd, 000114.317, 161
Trd, 000114.567, 160
Trd, 000114.750, 162
Trd, 000114.767, 159
Trd, 000116.517, 157
Trd, 000117.233, 160
Trd, 000118.250, 158
Trd, 000118.650, 159
Trd, 000119.667, 160
Trd, 000119.800, 162
Trd, 000120.017, 159
Trd, 000122.267, 161
Trd, 000122.583, 185
Trd, 000122.617, 160
Trd, 000122.767, 205
Trd, 000123.000, 208
Trd, 000123.317, 208
Trd, 000123.383, 277
Trd, 000124.200, 331.0
Trd, 000124.333, 337.0
Trd, 000124.667, 315
Trd, 000125.000, 341.0
Trd, 000125.500, 331
Trd, 000125.867, 334
Trd, 000127.317, 340.0
Trd, 000127.717, 344.0
Trd, 000127.783, 348.0
Trd, 000128.833, 341.0
Trd, 000129.433, 349.0
Trd, 000130.233, 350
Trd, 000130.400, 348.0
Trd, 000130.517, 355
Trd, 000130.600, 338
Trd, 000131.183, 342.0
Trd, 000133.167, 350
Trd, 000133.733, 350.0
Trd, 000134.667, 349.0
Trd, 000135.217, 349
Trd, 000135.583, 349.0
Trd, 000136.017, 348.0
Trd, 000136.733, 352
Trd, 000136.867, 348
Trd, 000137.267, 348.0
Trd, 000137.283, 341.0
Trd, 000138.033, 337.0
Trd, 000138.600, 344.0
Trd, 000140.117, 343
Trd, 000140.900, 343
Trd, 000140.933, 342
Trd, 000141.433, 341.0
Trd, 000142.467, 342
Trd, 000142.617, 343
Trd, 000143.383, 356.0
Trd, 000144.267, 355
Trd, 000144.383, 347
Trd, 000144.583, 353
Trd, 000145.583, 346.0
Trd, 000146.533, 353
Trd, 000146.683, 346.0
Trd, 000147.767, 347
Trd, 000148.000, 348
Trd, 000149.317, 346
Trd, 000149.750, 344
Trd, 000150.833, 347.0
Trd, 000150.917, 344.0
Trd, 000151.350, 350
Trd, 000151.767, 347
Trd, 000152.067, 344
Trd, 000153.483, 348.0
Trd, 000154.933, 348.0
Trd, 000155.300, 348
Trd, 000157.100, 350
Trd, 000157.250, 350
Trd, 000157.383, 345
Trd, 000158.017, 347
Trd, 000158.600, 344.0
Trd, 000159.000, 352
Trd, 000159.783, 341.0
Trd, 000160.383, 342
Trd, 000160.600, 344.0
Trd, 000161.250, 344.0
Trd, 000161.400, 348.0
Trd, 000162.683, 345
Trd, 000163.167, 346
Trd, 000165.450, 349
Trd, 000165.733, 346.0
Trd, 000166.100, 348
Trd, 000166.283, 350
Trd, 000166.950, 349
Trd, 000167.300, 349
Trd, 000167.417, 341.0
Trd, 000167.867, 344.0
Trd, 000168.333, 337.0
Trd, 000169.050, 347
Trd, 000169.150, 351
Trd, 000169.783, 345
Trd, 000171.733, 346
Trd, 000172.000, 350
Trd, 000172.233, 347
Trd, 000172.383, 345
Trd, 000173.083, 351
Trd, 000174.250, 352
Trd, 000174.683, 352
Trd, 000175.250, 350
Trd, 000176.067, 351
Trd, 000176.950, 352
Trd, 000177.083, 351
Trd, 000177.967, 354
Trd, 000178.217, 356
Trd, 000179.183, 348.0
Trd, 000179.900, 346
Trd, 000180.367, 351
Trd, 000180.567, 341.0
Trd, 000181.733, 344.0
Trd, 000182.417, 342
Trd, 000182.550, 337.0
Trd, 000182.600, 324.0
Trd, 000182.650, 353
Trd, 000182.800, 321.0
Trd, 000183.600, 321.0
Trd, 000183.667, 320.0
Trd, 000183.883, 295
Trd, 000184.083, 226
Trd, 000184.100, 218
Trd, 000184.667, 203
Trd, 000185.317, 194
Trd, 000185.383, 191
Trd, 000185.433, 186
Trd, 000186.733, 185
Trd, 000187.183, 184
Trd, 000187.850, 166
Trd, 000188.067, 177
Trd, 000189.600, 177
Trd, 000190.117, 175
Trd, 000190.550, 182
Trd, 000191.350, 178
Trd, 000192.383, 176
Trd, 000192.817, 174
Trd, 000192.883, 175
Trd, 000193.883, 168
Trd, 000193.967, 167
Trd, 000195.950, 170
Trd, 000196.400, 175
Trd, 000196.550, 170
Trd, 000196.700, 170
Trd, 000197.467, 171
Trd, 000197.600, 171
Trd, 000197.917, 171
Trd, 000198.883, 172
Trd, 000198.900, 171
Trd, 000199.183, 170
Trd, 000200.867, 168
Trd, 000201.567, 170
Trd, 000202.500, 169
Trd, 000202.917, 164
Trd, 000204.000, 161
Trd, 000204.850, 164
Trd, 000205.500, 165
Trd, 000206.183, 167
Trd, 000206.733, 168
Trd, 000207.067, 169
Trd, 000208.617, 170
Trd, 000209.767, 167
Trd, 000210.317, 167
Trd, 000210.550, 167
Trd, 000211.333, 166
Trd, 000212.967, 165
Trd, 000213.633, 167
Trd, 000213.733, 166
Trd, 000214.233, 167
Trd, 000214.417, 158
Trd, 000215.067, 159
Trd, 000216.050, 162
Trd, 000216.667, 164
Trd, 000217.033, 164
Trd, 000217.483, 163
Trd, 000218.267, 165
Trd, 000219.117, 164
Trd, 000220.550, 163
Trd, 000220.783, 168
Trd, 000221.367, 167
Trd, 000221.567, 167
Trd, 000222.367, 168
Trd, 000222.467, 170
Trd, 000223.350, 168
Trd, 000223.900, 167
Trd, 000225.783, 166
Trd, 000226.517, 170
Trd, 000227.283, 166
Trd, 000227.683, 168
Trd, 000228.717, 168
Trd, 000229.000, 167
Trd, 000229.200, 169
Trd, 000230.283, 169
Trd, 000231.267, 168
Trd, 000231.383, 178
Trd, 000232.433, 169
Trd, 000233.683, 175
Trd, 000234.367, 176
Trd, 000234.617, 176
Trd, 000234.650, 178
Trd, 000235.333, 174
Trd, 000236.050, 178
Trd, 000236.233, 175
Trd, 000238.500, 174
Trd, 000238.983, 172
Trd, 000239.017, 168
Trd, 000239.200, 164
Trd, 000239.550, 168
Trd, 000240.500, 173
Trd, 000240.983, 176
Trd, 000241.150, 175
Trd, 000241.483, 173
Trd, 000241.717, 174
Trd, 000242.083, 172
Trd, 000242.817, 179
Trd, 000243.117, 177
Trd, 000243.317, 176
Trd, 000243.917, 177
Trd, 000244.133, 176
Trd, 000244.467, 182
Trd, 000245.483, 181
Trd, 000245.633, 180
Trd, 000246.650, 180
Trd, 000246.833, 179
Trd, 000246.983, 180
Trd, 000247.133, 179
Trd, 000247.633, 181
Trd, 000248.033, 176
Trd, 000249.333, 176
Trd, 000249.600, 174
Trd, 000249.983, 174
Trd, 000250.333, 176
Trd, 000250.500, 178
Trd, 000250.833, 175
Trd, 000251.433, 169
Trd, 000251.517, 179
Trd, 000251.717, 182
Trd, 000252.250, 184
Trd, 000253.183, 175
Trd, 000253.417, 176
Trd, 000254.100, 175
Trd, 000254.533, 174
Trd, 000254.600, 173
Trd, 000254.817, 169
Trd, 000255.333, 181
Trd, 000256.333, 177
Trd, 000256.683, 176
Trd, 000256.933, 173
Trd, 000257.167, 174
Trd, 000257.233, 167
Trd, 000257.550, 174
Trd, 000257.667, 172
Trd, 000258.300, 173
Trd, 000258.367, 167
Trd, 000260.150, 176
Trd, 000260.433, 174
Trd, 000260.650, 174
Trd, 000260.800, 177
Trd, 000260.983, 179
Trd, 000261.333, 181
Trd, 000261.350, 180
Trd, 000262.150, 176
Trd, 000262.817, 177
Trd, 000263.067, 170
Trd, 000263.483, 180
Trd, 000263.700, 174
Trd, 000265.183, 179
Trd, 000265.600, 177
Trd, 000265.733, 181
Trd, 000265.950, 180
Trd, 000266.083, 172
Trd, 000266.483, 177
Trd, 000267.000, 176
Trd, 000267.033, 179
Trd, 000267.150, 175
Trd, 000267.350, 179
Trd, 000267.750, 179
Trd, 000268.533, 182
Trd, 000269.300, 179
Trd, 000269.450, 177
Trd, 000269.617, 180
Trd, 000270.233, 176
Trd, 000271.250, 181
Trd, 000272.083, 181
Trd, 000272.283, 177
Trd, 000272.583, 185
Trd, 000272.950, 178
Trd, 000273.067, 183
Trd, 000273.417, 182
Trd, 000273.483, 189
Trd, 000274.183, 181
Trd, 000275.367, 177
Trd, 000275.667, 177
Trd, 000275.983, 178
Trd, 000276.200, 175
Trd, 000276.333, 182
Trd, 000277.383, 177
Trd, 000277.467, 176
Trd, 000277.917, 173
Trd, 000278.833, 178
Trd, 000279.600, 176
Trd, 000279.633, 175
Trd, 000279.933, 172
Trd, 000280.050, 173
Trd, 000280.500, 176
Trd, 000280.950, 174
Trd, 000281.083, 177
Trd, 000281.100, 173
Trd, 000281.517, 172
Trd, 000281.817, 186
Trd, 000282.883, 179
Trd, 000283.383, 179
Trd, 000284.233, 172
Trd, 000284.317, 170
Trd, 000284.983, 185
Trd, 000285.050, 182
Trd, 000285.917, 190
Trd, 000286.217, 181
Trd, 000286.650, 180
Trd, 000287.300, 180
Trd, 000287.550, 177
Trd, 000287.600, 170
Trd, 000287.933, 173
Trd, 000288.600, 184
Trd, 000289.250, 182
Trd, 000289.267, 181
Trd, 000289.817, 178
Trd, 000290.567, 181
Trd, 000290.583, 183
Trd, 000290.633, 185
Trd, 000291.383, 185
Trd, 000291.600, 186
Trd, 000291.767, 184
Trd, 000292.300, 186
Trd, 000293.300, 187
Trd, 000293.500, 186
Trd, 000293.533, 187
Trd, 000294.100, 189
Trd, 000295.633, 188
Trd, 000295.750, 188
Trd, 000295.850, 187
Trd, 000296.417, 194
Trd, 000296.817, 186
Trd, 000297.583, 200
Trd, 000297.667, 184
Trd, 000298.483, 177
Trd, 000298.850, 178
Trd, 000299.233, 189
Trd, 000299.900, 181
Trd, 000299.983, 187
