Trd, 000001.400, 127
Trd, 000002.267, 156
Trd, 000002.650, 120
Trd, 000003.283, 144
Trd, 000003.617, 141
Trd, 000004.283, 149
Trd, 000004.583, 144
Trd, 000004.917, 151
Trd, 000005.050, 139
Trd, 000005.100, 138
Trd, 000005.967, 153
Trd, 000007.983, 152
Trd, 000008.333, 147
Trd, 000008.983, 146
Trd, 000009.733, 146
Trd, 000010.183, 151
Trd, 000010.317, 150
Trd, 000011.417, 146
Trd, 000011.467, 149
Trd, 000011.617, 145
Trd, 000012.017, 149
Trd, 000012.283, 150
Trd, 000012.683, 152
Trd, 000012.767, 152
Trd, 000013.183, 145
Trd, 000013.283, 142
Trd, 000014.200, 164
Trd, 000016.017, 151
Trd, 000016.383, 151
Trd, 000016.767, 145
Trd, 000016.933, 150
Trd, 000017.550, 150
Trd, 000017.683, 150
Trd, 000017.733, 152
Trd, 000017.933, 142
Trd, 000018.617, 145
Trd, 000019.033, 150
Trd, 000019.583, 144
Trd, 000019.883, 151
Trd, 000020.100, 143
Trd, 000020.467, 143
Trd, 000021.033, 148
Trd, 000021.083, 142
Trd, 000021.417, 139
Trd, 000021.450, 146
Trd, 000022.183, 146
Trd, 000022.633, 146
Trd, 000022.900, 139
Trd, 000023.550, 138
Trd, 000024.783, 141
Trd, 000025.533, 142
Trd, 000026.117, 142
Trd, 000026.767, 144
Trd, 000026.783, 143
Trd, 000026.900, 147
Trd, 000027.267, 144
Trd, 000027.417, 149
Trd, 000027.567, 150
Trd, 000027.917, 153
Trd, 000028.167, 150
Trd, 000028.617, 154
Trd, 000029.717, 159
Trd, 000029.850, 144
Trd, 000030.133, 158
Trd, 000030.283, 145
Trd, 000031.267, 155
Trd, 000031.467, 147
Trd, 000031.883, 156
Trd, 000032.200, 171
Trd, 000033.483, 146
Trd, 000033.517, 144
Trd, 000033.700, 143
Trd, 000034.417, 151
Trd, 000034.483, 152
Trd, 000035.017, 151
Trd, 000036.000, 145
Trd, 000036.833, 149
Trd, 000038.133, 146
Trd, 000038.567, 150
Trd, 000038.767, 150
Trd, 000039.100, 150
Trd, 000039.333, 151
Trd, 000039.417, 148
Trd, 000040.167, 152
Trd, 000040.367, 152
Trd, 000041.050, 149
Trd, 000041.100, 150
Trd, 000042.100, 148
Trd, 000043.950, 149
Trd, 000043.967, 148
Trd, 000044.033, 147
Trd, 000044.683, 147
Trd, 000044.700, 148
Trd, 000044.950, 146
Trd, 000045.117, 148
Trd, 000046.017, 154
Trd, 000046.450, 145
Trd, 000046.550, 145
Trd, 000046.583, 155
Trd, 000046.917, 145
Trd, 000047.450, 173
Trd, 000047.850, 156
Trd, 000048.317, 172
Trd, 000048.900, 159
Trd, 000049.450, 158
Trd, 000050.950, 156
Trd, 000051.500, 150
Trd, 000052.033, 157
Trd, 000053.083, 157
Trd, 000054.267, 151
Trd, 000054.650, 155
Trd, 000054.817, 150
Trd, 000054.950, 157
Trd, 000055.067, 158
Trd, 000055.550, 158
Trd, 000055.567, 159
Trd, 000056.467, 158
Trd, 000056.567, 159
Trd, 000057.150, 158
Trd, 000057.283, 157
Trd, 000057.917, 159
Trd, 000057.950, 147
Trd, 000060.150, 153
Trd, 000060.500, 154
Trd, 000060.600, 157
Trd, 000060.617, 153
Trd, 000061.383, 156
Trd, 000061.400, 152
Trd, 000061.683, 158
Trd, 000061.767, 147
Trd, 000062.100, 147
Trd, 000062.133, 143
Trd, 000062.250, 159
Trd, 000062.900, 159
Trd, 000063.700, 147
Trd, 000063.900, 173
Trd, 000065.150, 146
Trd, 000065.467, 155
Trd, 000065.617, 158
Trd, 000066.933, 153
Trd, 000067.933, 153
Trd, 000068.083, 153
Trd, 000068.733, 151
Trd, 000068.917, 151
Trd, 000069.367, 150
Trd, 000069.683, 151
Trd, 000070.417, 152
Trd, 000070.600, 155
Trd, 000071.217, 157
Trd, 000071.317, 151
Trd, 000071.400, 157
Trd, 000071.767, 150
Trd, 000074.167, 153
Trd, 000074.317, 153
Trd, 000074.400, 151
Trd, 000074.783, 153
Trd, 000075.333, 158
Trd, 000076.217, 156
Trd, 000076.300, 155
Trd, 000076.417, 156
Trd, 000076.817, 156
Trd, 000077.050, 152
Trd, 000077.450, 158
Trd, 000077.600, 151
Trd, 000079.183, 150
Trd, 000079.317, 157
Trd, 000079.750, 152
Trd, 000081.000, 152
Trd, 000081.083, 151
Trd, 000081.200, 150
Trd, 000081.583, 149
Trd, 000081.683, 153
Trd, 000082.300, 153
Trd, 000082.383, 153
Trd, 000082.400, 149
Trd, 000082.867, 147
Trd, 000082.967, 153
Trd, 000083.133, 145
Trd, 000083.400, 153
Trd, 000083.483, 143
Trd, 000084.050, 154
Trd, 000084.550, 148
Trd, 000085.583, 147
Trd, 000086.050, 149
Trd, 000086.733, 154
Trd, 000086.750, 154
Trd, 000088.133, 153
Trd, 000088.500, 152
Trd, 000088.617, 153
Trd, 000088.783, 154
Trd, 000089.917, 155
Trd, 000090.400, 157
Trd, 000090.767, 158
Trd, 000092.483, 157
Trd, 000092.500, 157
Trd, 000092.583, 152
Trd, 000092.633, 157
Trd, 000092.883, 150
Trd, 000093.367, 151
Trd, 000093.917, 151
Trd, 000094.100, 161
Trd, 000095.300, 154
Trd, 000095.800, 154
Trd, 000097.083, 154
Trd, 000097.283, 156
Trd, 000097.450, 153
Trd, 000097.550, 156
Trd, 000097.600, 157
Trd, 000097.900, 158
Trd, 000098.400, 191
Trd, 000098.867, 152
Trd, 000099.200, 155
Trd, 000100.383, 159
Trd, 000101.033, 154
Trd, 000101.067, 154
Trd, 000101.700, 158
Trd, 000102.017, 153
Trd, 000103.717, 154
Trd, 000103.867, 157
Trd, 000104.133, 155
Trd, 000105.050, 157
Trd, 000106.200, 155
Trd, 000106.550, 155
Trd, 000106.617, 156
Trd, 000107.200, 155
Trd, 000107.233, 157
Trd, 000107.400, 158
Trd, 000107.767, 153
Trd, 000108.667, 155
Trd, 000108.717, 157
Trd, 000110.350, 157
Trd, 000110.900, 162
Trd, 000111.017, 158
Trd, 000111.083, 157
Trd, 000111.100, 155
Trd, 000111.500, 168
Trd, 000112.283, 178
Trd, 000112.550, 179
Trd, 000112.650, 174
Trd, 000112.983, 193
Trd, 000113.300, 200
Trd, 000113.533, 185
Trd, 000114.033, 166
Trd, 000114.533, 200
Trd, 000114.900, 165
Trd, 000116.367, 167
Trd, 000117.700, 160
Trd, 000118.667, 159
Trd, 000119.333, 156
Trd, 000119.600, 156
Trd, 000119.717, 156
Trd, 000119.933, 154
Trd, 000120.283, 153
Trd, 000120.500, 152
Trd, 000120.833, 156
Trd, 000121.050, 153
Trd, 000121.500, 156
Trd, 000121.567, 160
Trd, 000121.850, 163
Trd, 000122.167, 180
Trd, 000122.200, 194
Trd, 000122.250, 204
Trd, 000122.633, 154
Trd, 000122.817, 208
Trd, 000123.017, 214
Trd, 000123.317, 247
Trd, 000123.967, 220
Trd, 000125.600, 320.0
Trd, 000125.750, 327.0
Trd, 000125.833, 314
Trd, 000126.183, 331.0
Trd, 000127.300, 334.0
Trd, 000127.517, 337
Trd, 000128.517, 335.0
Trd, 000128.583, 334.0
Trd, 000129.633, 336.0
Trd, 000129.667, 331.0
Trd, 000129.917, 337
Trd, 000129.933, 340
Trd, 000131.350, 340
Trd, 000131.567, 341
Trd, 000131.967, 345
Trd, 000132.167, 334
Trd, 000132.183, 334.0
Trd, 000132.433, 347
Trd, 000132.450, 348
Trd, 000132.683, 348.0
Trd, 000132.867, 336
Trd, 000133.433, 334.0
Trd, 000134.017, 341.0
Trd, 000135.367, 343
Trd, 000135.433, 346
Trd, 000136.383, 346
Trd, 000136.517, 345
Trd, 000137.183, 346
Trd, 000137.767, 345
Trd, 000137.833, 347
Trd, 000137.950, 348
Trd, 000138.667, 346.0
Trd, 000139.217, 344
Trd, 000139.850, 344.0
Trd, 000140.283, 345
Trd, 000140.350, 344
Trd, 000140.450, 342
Trd, 000140.583, 348.0
Trd, 000141.083, 361
Trd, 000141.200, 362
Trd, 000143.083, 350
Trd, 000143.150, 347
Trd, 000144.083, 345
Trd, 000144.100, 345
Trd, 000144.433, 346
Trd, 000144.850, 344.0
Trd, 000145.083, 342
Trd, 000145.117, 348
Trd, 000145.850, 348
Trd, 000146.850, 344
Trd, 000147.117, 344
Trd, 000148.500, 343.0
Trd, 000148.717, 344
Trd, 000149.783, 343
Trd, 000149.817, 341
Trd, 000150.100, 344
Trd, 000150.333, 341.0
Trd, 000151.150, 340
Trd, 000151.217, 339
Trd, 000151.333, 342
Trd, 000151.500, 335
Trd, 000151.850, 334.0
Trd, 000153.300, 346
Trd, 000154.533, 336
Trd, 000154.733, 341
Trd, 000154.967, 339
Trd, 000156.017, 345
Trd, 000156.250, 337
Trd, 000156.483, 345
Trd, 000156.500, 348.0
Trd, 000156.517, 350
Trd, 000157.083, 335
Trd, 000157.400, 335
Trd, 000157.567, 334.0
Trd, 000157.583, 333
Trd, 000157.933, 351
Trd, 000158.183, 355
Trd, 000158.933, 355
Trd, 000159.567, 353
Trd, 000159.967, 332
Trd, 000161.283, 341
Trd, 000161.333, 344
Trd, 000161.583, 344
Trd, 000162.500, 341.0
Trd, 000162.700, 347.0
Trd, 000163.750, 347
Trd, 000164.200, 344.0
Trd, 000164.717, 345
Trd, 000165.233, 346.0
Trd, 000165.633, 337
Trd, 000165.833, 349
Trd, 000167.583, 345
Trd, 000168.783, 341
Trd, 000169.083, 346
Trd, 000169.450, 341.0
Trd, 000169.567, 343
Trd, 000170.033, 341
Trd, 000170.683, 348
Trd, 000171.033, 345
Trd, 000172.483, 348
Trd, 000172.850, 343
Trd, 000172.883, 348
Trd, 000174.217, 341
Trd, 000174.283, 346
Trd, 000174.383, 340
Trd, 000174.450, 334.0
Trd, 000174.883, 332.0
Trd, 000174.933, 345
Trd, 000176.733, 342
Trd, 000177.950, 344
Trd, 000179.600, 341.0
Trd, 000179.700, 337.0
Trd, 000180.500, 341
Trd, 000180.867, 341
Trd, 000181.250, 344
Trd, 000181.600, 340
Trd, 000181.933, 334.0
Trd, 000182.200, 333
Trd, 000182.617, 320.0
Trd, 000182.800, 306
Trd, 000182.933, 301
Trd, 000183.283, 277
Trd, 000183.483, 204
Trd, 000183.867, 294
Trd, 000184.433, 223
Trd, 000184.650, 234
Trd, 000185.200, 218
Trd, 000185.683, 172
Trd, 000187.267, 219
Trd, 000187.767, 207
Trd, 000187.800, 163
Trd, 000188.150, 159
Trd, 000188.717, 197
Trd, 000189.533, 193
Trd, 000189.933, 178
Trd, 000190.633, 164
Trd, 000191.833, 166
Trd, 000192.067, 167
Trd, 000192.567, 165
Trd, 000192.917, 170
Trd, 000193.400, 164
Trd, 000194.100, 163
Trd, 000194.683, 164
Trd, 000194.883, 160
Trd, 000195.483, 167
Trd, 000196.767, 164
Trd, 000197.150, 161
Trd, 000197.250, 164
Trd, 000197.583, 161
Trd, 000197.717, 164
Trd, 000198.183, 165
Trd, 000200.100, 157
Trd, 000201.017, 165
Trd, 000201.233, 164
Trd, 000201.250, 156
Trd, 000201.633, 161
Trd, 000201.883, 167
Trd, 000203.250, 163
Trd, 000203.550, 165
Trd, 000203.617, 168
Trd, 000203.750, 162
Trd, 000204.483, 161
Trd, 000205.667, 166
Trd, 000205.767, 165
Trd, 000206.483, 166
Trd, 000207.000, 165
Trd, 000207.300, 162
Trd, 000208.133, 163
Trd, 000208.183, 162
Trd, 000208.600, 165
Trd, 000208.900, 166
Trd, 000209.300, 162
Trd, 000210.050, 165
Trd, 000210.267, 167
Trd, 000211.267, 164
Trd, 000211.333, 166
Trd, 000213.200, 166
Trd, 000213.317, 165
Trd, 000213.650, 165
Trd, 000214.083, 169
Trd, 000214.233, 169
Trd, 000214.317, 170
Trd, 000216.083, 172
Trd, 000216.150, 189
Trd, 000216.433, 189
Trd, 000216.633, 188
Trd, 000217.600, 180
Trd, 000217.717, 188
Trd, 000217.750, 166
Trd, 000218.533, 183
Trd, 000219.383, 177
Trd, 000220.817, 175
Trd, 000221.083, 173
Trd, 000221.867, 173
Trd, 000223.117, 168
Trd, 000224.100, 170
Trd, 000224.433, 167
Trd, 000224.633, 170
Trd, 000225.017, 171
Trd, 000225.267, 173
Trd, 000225.650, 166
Trd, 000226.200, 173
Trd, 000226.250, 173
Trd, 000226.467, 168
Trd, 000226.783, 174
Trd, 000227.217, 168
Trd, 000227.450, 167
Trd, 000227.817, 172
Trd, 000228.033, 173
Trd, 000229.083, 168
Trd, 000229.683, 172
Trd, 000230.117, 169
Trd, 000230.767, 191
Trd, 000231.317, 188
Trd, 000231.683, 168
Trd, 000232.000, 173
Trd, 000232.550, 176
Trd, 000232.717, 175
Trd, 000232.933, 175
Trd, 000233.233, 172
Trd, 000234.017, 201
Trd, 000234.067, 185
Trd, 000234.667, 171
Trd, 000235.083, 170
Trd, 000235.200, 167
Trd, 000235.333, 164
Trd, 000235.933, 185
Trd, 000236.600, 165
Trd, 000237.017, 167
Trd, 000237.433, 181
Trd, 000238.533, 173
Trd, 000240.633, 168
Trd, 000240.700, 169
Trd, 000240.767, 170
Trd, 000240.850, 171
Trd, 000241.167, 173
Trd, 000241.233, 168
Trd, 000241.333, 173
Trd, 000241.767, 168
Trd, 000242.550, 171
Trd, 000242.900, 172
Trd, 000243.217, 170
Trd, 000244.617, 170
Trd, 000244.717, 171
Trd, 000245.233, 172
Trd, 000245.283, 174
Trd, 000245.517, 170
Trd, 000246.917, 168
Trd, 000247.317, 171
Trd, 000247.550, 172
Trd, 000247.917, 174
Trd, 000248.533, 175
Trd, 000248.883, 191
Trd, 000249.417, 170
Trd, 000249.833, 167
Trd, 000250.283, 167
Trd, 000250.767, 170
Trd, 000251.317, 171
Trd, 000251.417, 172
Trd, 000251.567, 169
Trd, 000251.917, 172
Trd, 000252.150, 169
Trd, 000252.200, 173
Trd, 000253.883, 169
Trd, 000254.150, 172
Trd, 000255.367, 165
Trd, 000255.433, 162
Trd, 000256.467, 165
Trd, 000256.617, 164
Trd, 000256.650, 163
Trd, 000256.783, 163
Trd, 000256.933, 159
Trd, 000257.433, 163
Trd, 000257.683, 153
Trd, 000257.917, 165
Trd, 000258.050, 165
Trd, 000258.417, 169
Trd, 000259.250, 169
Trd, 000259.833, 160
Trd, 000259.917, 169
Trd, 000260.183, 166
Trd, 000260.450, 160
Trd, 000260.533, 170
Trd, 000260.833, 174
Trd, 000261.683, 166
Trd, 000261.850, 168
Trd, 000262.333, 166
Trd, 000262.633, 171
Trd, 000262.733, 166
Trd, 000263.833, 177
Trd, 000263.917, 181
Trd, 000264.067, 194
Trd, 000264.533, 181
Trd, 000264.750, 171
Trd, 000265.900, 168
Trd, 000266.200, 167
Trd, 000266.267, 177
Trd, 000266.567, 160
Trd, 000267.067, 168
Trd, 000268.050, 166
Trd, 000269.133, 165
Trd, 000269.383, 166
Trd, 000269.733, 165
Trd, 000269.750, 166
Trd, 000270.000, 171
Trd, 000270.367, 164
Trd, 000270.717, 170
Trd, 000272.050, 170
Trd, 000272.167, 172
Trd, 000273.650, 166
Trd, 000273.700, 171
Trd, 000273.750, 166
Trd, 000274.067, 174
Trd, 000274.300, 175
Trd, 000275.400, 170
Trd, 000275.800, 174
Trd, 000276.200, 175
Trd, 000276.367, 179
Trd, 000276.950, 175
Trd, 000277.050, 175
Trd, 000277.300, 169
Trd, 000277.783, 176
Trd, 000277.883, 169
Trd, 000279.083, 171
Trd, 000279.117, 176
Trd, 000279.800, 176
Trd, 000280.500, 175
Trd, 000280.633, 174
Trd, 000280.750, 179
Trd, 000280.783, 183
Trd, 000281.250, 180
Trd, 000281.783, 182
Trd, 000282.933, 177
Trd, 000283.033, 174
Trd, 000284.050, 174
Trd, 000284.083, 176
Trd, 000284.183, 176
Trd, 000284.400, 172
Trd, 000285.217, 177
Trd, 000285.917, 171
Trd, 000285.967, 175
Trd, 000286.583, 176
Trd, 000286.633, 170
Trd, 000288.033, 174
Trd, 000288.217, 176
Trd, 000288.350, 171
Trd, 000288.833, 170
Trd, 000289.200, 176
Trd, 000289.933, 176
Trd, 000290.200, 175
Trd, 000290.517, 170
Trd, 000291.050, 170
Trd, 000291.250, 168
Trd, 000291.283, 173
Trd, 000291.350, 168
Trd, 000292.300, 171
Trd, 000292.933, 170
Trd, 000293.133, 172
Trd, 000293.283, 174
Trd, 000293.583, 169
Trd, 000294.133, 168
Trd, 000294.417, 166
Trd, 000294.583, 163
Trd, 000294.850, 168
Trd, 000296.183, 171
Trd, 000296.267, 174
Trd, 000296.300, 165
Trd, 000296.583, 177
Trd, 000297.367, 174
Trd, 000298.783, 172
Trd, 000299.150, 175
Trd, 000299.333, 176
Trd, 000299.817, 181
