Trd, 000000.683, 196
Trd, 000001.233, 151
Trd, 000001.483, 137
Trd, 000003.400, 179
Trd, 000003.750, 171
Trd, 000004.517, 169
Trd, 000005.083, 167
Trd, 000005.900, 148
Trd, 000006.383, 165
Trd, 000006.450, 166
Trd, 000006.833, 144
Trd, 000007.533, 150
Trd, 000007.683, 166
Trd, 000009.800, 144
Trd, 000009.933, 137
Trd, 000010.317, 146
Trd, 000010.650, 146
Trd, 000010.717, 147
Trd, 000011.783, 149
Trd, 000012.267, 151
Trd, 000014.133, 153
Trd, 000014.150, 150
Trd, 000015.167, 151
Trd, 000015.800, 152
Trd, 000015.967, 150
Trd, 000016.733, 153
Trd, 000017.900, 152
Trd, 000018.950, 154
Trd, 000019.250, 151
Trd, 000019.733, 150
Trd, 000021.817, 151
Trd, 000022.150, 150
Trd, 000023.100, 150
Trd, 000023.283, 151
Trd, 000023.833, 150
Trd, 000023.983, 149
Trd, 000024.100, 148
Trd, 000024.233, 166
Trd, 000025.433, 151
Trd, 000026.433, 157
Trd, 000028.033, 153
Trd, 000028.233, 156
Trd, 000028.783, 155
Trd, 000029.733, 159
Trd, 000030.767, 157
Trd, 000030.933, 159
Trd, 000031.367, 157
Trd, 000031.433, 160
Trd, 000032.467, 158
Trd, 000032.817, 156
Trd, 000033.800, 154
Trd, 000034.683, 154
Trd, 000035.033, 153
Trd, 000035.833, 154
Trd, 000036.083, 157
Trd, 000036.417, 153
Trd, 000037.033, 153
Trd, 000038.500, 152
Trd, 000039.700, 151
Trd, 000040.150, 153
Trd, 000040.350, 152
Trd, 000040.883, 151
Trd, 000041.233, 152
Trd, 000041.250, 152
Trd, 000042.067, 153
Trd, 000042.167, 151
Trd, 000043.017, 151
Trd, 000043.700, 150
Trd, 000044.483, 151
Trd, 000045.233, 150
Trd, 000045.267, 153
Trd, 000046.867, 152
Trd, 000047.400, 151
Trd, 000047.967, 150
Trd, 000048.733, 149
Trd, 000049.200, 151
Trd, 000049.383, 139
Trd, 000049.583, 141
Trd, 000049.800, 145
Trd, 000050.200, 160
Trd, 000050.367, 167
Trd, 000051.283, 153
Trd, 000051.783, 159
Trd, 000052.183, 152
Trd, 000052.267, 160
Trd, 000053.100, 158
Trd, 000054.017, 160
Trd, 000054.817, 151
Trd, 000055.217, 151
Trd, 000055.550, 146
Trd, 000056.917, 157
Trd, 000057.450, 154
Trd, 000058.100, 155
Trd, 000058.683, 156
Trd, 000058.917, 156
Trd, 000059.533, 157
Trd, 000059.617, 161
Trd, 000061.033, 163
Trd, 000062.017, 155
Trd, 000062.817, 159
Trd, 000064.350, 156
Trd, 000064.600, 154
Trd, 000064.717, 154
Trd, 000064.900, 154
Trd, 000065.350, 153
Trd, 000065.433, 154
Trd, 000066.433, 152
Trd, 000066.467, 161
Trd, 000066.667, 149
Trd, 000067.867, 157
Trd, 000069.400, 171
Trd, 000069.483, 172
Trd, 000069.733, 158
Trd, 000070.617, 172
Trd, 000071.433, 170
Trd, 000072.183, 164
Trd, 000072.250, 164
Trd, 000072.967, 164
Trd, 000072.983, 164
Trd, 000074.467, 164
Trd, 000074.700, 163
Trd, 000074.733, 164
Trd, 000074.950, 156
Trd, 000075.000, 155
Trd, 000075.233, 159
Trd, 000076.017, 160
Trd, 000076.800, 158
Trd, 000077.417, 153
Trd, 000077.483, 157
Trd, 000078.133, 156
Trd, 000078.767, 155
Trd, 000080.250, 157
Trd, 000080.983, 156
Trd, 000081.117, 156
Trd, 000081.183, 156
Trd, 000082.267, 155
Trd, 000082.517, 149
Trd, 000083.867, 153
Trd, 000083.967, 156
Trd, 000085.167, 155
Trd, 000085.433, 155
Trd, 000085.767, 154
Trd, 000086.450, 154
Trd, 000086.633, 162
Trd, 000086.817, 153
Trd, 000087.333, 161
Trd, 000087.400, 152
Trd, 000087.983, 164
Trd, 000089.100, 171
Trd, 000090.333, 157
Trd, 000091.417, 158
Trd, 000091.517, 157
Trd, 000091.717, 159
Trd, 000091.783, 156
Trd, 000093.150, 157
Trd, 000093.667, 154
Trd, 000093.817, 154
Trd, 000094.117, 157
Trd, 000094.817, 158
Trd, 000094.867, 150
Trd, 000096.483, 155
Trd, 000096.883, 156
Trd, 000096.967, 155
Trd, 000098.383, 161
Trd, 000098.417, 158
Trd, 000099.817, 158
Trd, 000101.417, 157
Trd, 000102.850, 158
Trd, 000103.133, 156
Trd, 000103.733, 155
Trd, 000103.933, 157
Trd, 000104.067, 165
Trd, 000104.167, 152
Trd, 000105.167, 166
Trd, 000106.267, 161
Trd, 000106.583, 164
Trd, 000107.617, 166
Trd, 000108.133, 172
Trd, 000108.550, 175
Trd, 000108.767, 165
Trd, 000109.000, 164
Trd, 000110.767, 166
Trd, 000111.517, 165
Trd, 000112.750, 165
Trd, 000112.800, 164
Trd, 000112.833, 164
Trd, 000113.150, 164
Trd, 000114.133, 162
Trd, 000114.150, 163
Trd, 000114.183, 164
Trd, 000115.583, 162
Trd, 000115.800, 160
Trd, 000117.200, 165
Trd, 000117.233, 166
Trd, 000117.883, 161
Trd, 000118.033, 161
Trd, 000119.400, 178
Trd, 000121.283, 167
Trd, 000121.850, 169
Trd, 000121.867, 170
Trd, 000121.883, 174
Trd, 000122.167, 170
Trd, 000122.450, 168
Trd, 000123.333, 177
Trd, 000123.400, 180
Trd, 000124.033, 195
Trd, 000124.250, 208
Trd, 000124.617, 251
Trd, 000125.117, 295
Trd, 000125.717, 306.0
Trd, 000126.700, 323
Trd, 000128.383, 324.0
Trd, 000129.250, 323
Trd, 000129.317, 322
Trd, 000129.600, 326.0
Trd, 000129.617, 320
Trd, 000130.167, 327.0
Trd, 000130.583, 331.0
Trd, 000130.867, 324.0
Trd, 000132.017, 333.0
Trd, 000132.450, 332
Trd, 000132.583, 334.0
Trd, 000133.333, 333.0
Trd, 000133.983, 346
Trd, 000134.200, 348
Trd, 000135.367, 354.0
Trd, 000135.900, 348.0
Trd, 000137.550, 347
Trd, 000137.967, 346
Trd, 000139.767, 347
Trd, 000139.933, 346
Trd, 000140.217, 342
Trd, 000140.417, 341.0
Trd, 000140.750, 345
Trd, 000140.767, 346
Trd, 000140.983, 350
Trd, 000141.150, 338
Trd, 000141.550, 347
Trd, 000141.867, 341
Trd, 000142.983, 350
Trd, 000144.267, 347
Trd, 000144.317, 348
Trd, 000145.983, 351
Trd, 000146.650, 353.0
Trd, 000147.383, 362.0
Trd, 000147.883, 351
Trd, 000147.950, 351.0
Trd, 000149.650, 351
Trd, 000149.933, 352.0
Trd, 000150.500, 351.0
Trd, 000151.150, 348.0
Trd, 000151.283, 349
Trd, 000152.650, 347
Trd, 000153.000, 344
Trd, 000154.417, 349
Trd, 000155.333, 349.0
Trd, 000157.067, 348.0
Trd, 000157.200, 347
Trd, 000157.683, 348
Trd, 000158.850, 348
Trd, 000159.517, 348.0
Trd, 000159.967, 348
Trd, 000160.100, 346
Trd, 000160.217, 354
Trd, 000160.833, 353
Trd, 000160.883, 345
Trd, 000160.950, 341
Trd, 000161.217, 340
Trd, 000162.550, 344
Trd, 000162.767, 355.0
Trd, 000163.550, 364.0
Trd, 000163.900, 374.0
Trd, 000164.250, 364
Trd, 000165.200, 356
Trd, 000166.083, 355
Trd, 000166.900, 353
Trd, 000166.917, 356
Trd, 000167.350, 356
Trd, 000167.933, 348
Trd, 000168.467, 348
Trd, 000170.100, 350.0
Trd, 000170.167, 351
Trd, 000170.467, 353.0
Trd, 000172.017, 348.0
Trd, 000172.617, 349
Trd, 000172.667, 347
Trd, 000172.850, 355.0
Trd, 000174.550, 353
Trd, 000175.683, 346
Trd, 000175.933, 349
Trd, 000177.067, 348
Trd, 000177.117, 348.0
Trd, 000177.267, 349
Trd, 000178.083, 350
Trd, 000178.100, 351
Trd, 000178.317, 347
Trd, 000179.100, 346
Trd, 000179.733, 353.0
Trd, 000180.567, 355.0
Trd, 000181.433, 345
Trd, 000181.600, 348.0
Trd, 000181.700, 344
Trd, 000183.017, 348
Trd, 000183.483, 344
Trd, 000184.050, 341
Trd, 000184.333, 234
Trd, 000184.750, 214
Trd, 000184.783, 214
Trd, 000185.317, 203
Trd, 000186.133, 191
Trd, 000186.483, 190
Trd, 000187.150, 198
Trd, 000187.717, 191
Trd, 000188.600, 194
Trd, 000189.200, 177
Trd, 000189.717, 183
Trd, 000189.800, 170
Trd, 000190.533, 178
Trd, 000191.350, 178
Trd, 000191.400, 167
Trd, 000192.433, 171
Trd, 000193.633, 160
Trd, 000194.183, 165
Trd, 000194.783, 156
Trd, 000194.883, 153
Trd, 000195.633, 172
Trd, 000196.767, 172
Trd, 000197.450, 174
Trd, 000198.167, 175
Trd, 000198.450, 168
Trd, 000198.767, 168
Trd, 000199.117, 184
Trd, 000199.617, 184
Trd, 000199.867, 171
Trd, 000200.267, 170
Trd, 000200.350, 183
Trd, 000201.483, 180
Trd, 000203.133, 177
Trd, 000204.483, 180
Trd, 000205.200, 177
Trd, 000205.867, 176
Trd, 000207.117, 175
Trd, 000207.300, 171
Trd, 000207.400, 178
Trd, 000208.100, 175
Trd, 000209.183, 175
Trd, 000210.033, 174
Trd, 000210.133, 174
Trd, 000210.800, 176
Trd, 000210.967, 178
Trd, 000212.083, 173
Trd, 000212.533, 177
Trd, 000212.717, 178
Trd, 000212.900, 173
Trd, 000214.333, 176
Trd, 000215.167, 173
Trd, 000215.233, 173
Trd, 000215.367, 172
Trd, 000215.750, 174
Trd, 000216.183, 172
Trd, 000216.217, 172
Trd, 000216.917, 170
Trd, 000218.783, 170
Trd, 000219.783, 170
Trd, 000220.383, 172
Trd, 000220.950, 175
Trd, 000221.083, 177
Trd, 000221.967, 170
Trd, 000222.083, 170
Trd, 000222.583, 169
Trd, 000222.700, 170
Trd, 000223.150, 169
Trd, 000223.200, 184
Trd, 000223.800, 168
Trd, 000224.083, 168
Trd, 000226.183, 175
Trd, 000226.517, 175
Trd, 000226.767, 174
Trd, 000227.450, 174
Trd, 000227.667, 174
Trd, 000228.083, 173
Trd, 000228.600, 168
Trd, 000228.633, 170
Trd, 000229.633, 171
Trd, 000230.017, 174
Trd, 000230.283, 178
Trd, 000230.383, 171
Trd, 000231.183, 170
Trd, 000231.467, 177
Trd, 000234.783, 174
Trd, 000235.333, 172
Trd, 000236.133, 173
Trd, 000236.367, 172
Trd, 000236.833, 173
Trd, 000236.883, 172
Trd, 000237.050, 178
Trd, 000237.883, 177
Trd, 000238.483, 172
Trd, 000238.967, 173
Trd, 000239.167, 174
Trd, 000239.650, 172
Trd, 000239.883, 179
Trd, 000240.017, 172
Trd, 000240.083, 172
Trd, 000240.667, 176
Trd, 000240.733, 174
Trd, 000241.000, 174
Trd, 000241.667, 173
Trd, 000241.950, 174
Trd, 000242.000, 176
Trd, 000243.200, 174
Trd, 000243.717, 175
Trd, 000244.317, 177
Trd, 000244.550, 177
Trd, 000244.883, 177
Trd, 000245.617, 177
Trd, 000245.683, 176
Trd, 000246.083, 175
Trd, 000246.167, 172
Trd, 000246.367, 172
Trd, 000247.100, 173
Trd, 000247.800, 170
Trd, 000248.133, 169
Trd, 000248.633, 165
Trd, 000248.983, 166
Trd, 000249.200, 160
Trd, 000250.367, 168
Trd, 000251.083, 166
Trd, 000251.200, 167
Trd, 000251.267, 167
Trd, 000251.867, 165
Trd, 000252.367, 166
Trd, 000252.967, 164
Trd, 000253.150, 164
Trd, 000253.483, 166
Trd, 000254.333, 165
Trd, 000254.550, 168
Trd, 000254.817, 167
Trd, 000254.917, 169
Trd, 000255.450, 168
Trd, 000255.650, 166
Trd, 000255.783, 171
Trd, 000256.300, 173
Trd, 000256.350, 165
Trd, 000256.583, 171
Trd, 000256.883, 180
Trd, 000257.167, 189
Trd, 000258.167, 183
Trd, 000258.950, 180
Trd, 000259.367, 179
Trd, 000259.817, 179
Trd, 000260.050, 178
Trd, 000260.400, 177
Trd, 000260.433, 177
Trd, 000260.817, 178
Trd, 000260.867, 180
Trd, 000261.333, 179
Trd, 000262.450, 179
Trd, 000263.217, 178
Trd, 000264.133, 175
Trd, 000264.233, 174
Trd, 000264.367, 176
Trd, 000264.817, 179
Trd, 000265.667, 180
Trd, 000266.833, 177
Trd, 000267.083, 178
Trd, 000267.400, 179
Trd, 000268.267, 176
Trd, 000268.467, 179
Trd, 000268.567, 177
Trd, 000268.750, 175
Trd, 000269.017, 175
Trd, 000269.100, 171
Trd, 000269.200, 164
Trd, 000270.767, 178
Trd, 000270.900, 175
Trd, 000271.283, 177
Trd, 000272.433, 175
Trd, 000272.650, 176
Trd, 000273.317, 177
Trd, 000273.867, 179
Trd, 000274.233, 179
Trd, 000274.483, 182
Trd, 000274.700, 181
Trd, 000275.250, 178
Trd, 000275.400, 189
Trd, 000276.283, 177
Trd, 000276.433, 175
Trd, 000276.483, 175
Trd, 000277.433, 171
Trd, 000277.533, 169
Trd, 000277.867, 170
Trd, 000278.483, 185
Trd, 000278.933, 191
Trd, 000279.083, 189
Trd, 000279.500, 187
Trd, 000280.400, 182
Trd, 000280.617, 181
Trd, 000281.233, 182
Trd, 000281.583, 181
Trd, 000281.883, 176
Trd, 000282.133, 174
Trd, 000282.533, 173
Trd, 000282.567, 175
Trd, 000282.650, 172
Trd, 000283.250, 174
Trd, 000283.450, 176
Trd, 000284.383, 171
Trd, 000284.617, 173
Trd, 000285.250, 180
Trd, 000285.600, 183
Trd, 000285.633, 190
Trd, 000286.533, 174
Trd, 000286.800, 169
Trd, 000287.850, 175
Trd, 000287.900, 173
Trd, 000288.000, 173
Trd, 000288.033, 173
Trd, 000288.083, 174
Trd, 000289.017, 169
Trd, 000289.133, 170
Trd, 000289.617, 163
Trd, 000289.717, 160
Trd, 000290.350, 169
Trd, 000290.450, 170
Trd, 000291.383, 164
Trd, 000291.517, 173
Trd, 000291.533, 170
Trd, 000291.833, 184
Trd, 000292.767, 170
Trd, 000292.917, 169
Trd, 000293.367, 175
Trd, 000293.933, 173
Trd, 000294.217, 168
Trd, 000294.367, 166
Trd, 000294.833, 173
Trd, 000295.367, 167
Trd, 000296.083, 166
Trd, 000296.350, 175
Trd, 000296.417, 176
Trd, 000297.350, 184
Trd, 000297.383, 192
Trd, 000297.967, 181
Trd, 000298.450, 182
Trd, 000298.900, 194
Trd, 000299.117, 181
Trd, 000299.500, 190
Trd, 000299.867, 181
