Trd, 000001.750, 150
Trd, 000001.817, 141
Trd, 000002.683, 127
Trd, 000004.650, 154
Trd, 000004.667, 147
Trd, 000004.867, 154
Trd, 000005.017, 147
Trd, 000005.383, 146
Trd, 000005.567, 154
Trd, 000006.150, 154
Trd, 000007.983, 146
Trd, 000008.683, 147
Trd, 000009.233, 151
Trd, 000010.267, 152
Trd, 000010.417, 153
Trd, 000010.633, 148
Trd, 000010.817, 147
Trd, 000010.883, 147
Trd, 000011.283, 156
Trd, 000012.100, 153
Trd, 000013.867, 154
Trd, 000013.917, 163
Trd, 000014.117, 154
Trd, 000014.383, 154
Trd, 000014.700, 156
Trd, 000015.150, 156
Trd, 000015.833, 155
Trd, 000015.933, 154
Trd, 000016.067, 153
Trd, 000016.183, 145
Trd, 000016.850, 142
Trd, 000017.400, 148
Trd, 000017.700, 154
Trd, 000017.850, 157
Trd, 000018.567, 157
Trd, 000019.100, 155
Trd, 000021.117, 156
Trd, 000021.283, 157
Trd, 000021.617, 166
Trd, 000021.850, 155
Trd, 000023.917, 155
Trd, 000024.083, 154
Trd, 000024.283, 152
Trd, 000024.650, 151
Trd, 000025.067, 150
Trd, 000025.133, 152
Trd, 000025.267, 154
Trd, 000025.683, 144
Trd, 000026.633, 153
Trd, 000028.783, 148
Trd, 000028.850, 151
Trd, 000029.333, 148
Trd, 000029.533, 150
Trd, 000030.133, 149
Trd, 000030.650, 150
Trd, 000030.817, 157
Trd, 000031.750, 149
Trd, 000031.850, 158
Trd, 000032.450, 147
Trd, 000033.567, 149
Trd, 000033.617, 151
Trd, 000034.150, 149
Trd, 000034.650, 149
Trd, 000035.083, 148
Trd, 000035.483, 147
Trd, 000035.867, 150
Trd, 000036.750, 150
Trd, 000037.067, 150
Trd, 000037.083, 149
Trd, 000037.850, 150
Trd, 000038.033, 151
Trd, 000039.250, 172
Trd, 000039.350, 162
Trd, 000039.867, 150
Trd, 000040.300, 148
Trd, 000041.717, 152
Trd, 000042.000, 153
Trd, 000042.317, 152
Trd, 000042.967, 155
Trd, 000043.633, 152
Trd, 000043.817, 141
Trd, 000044.450, 133
Trd, 000045.000, 152
Trd, 000046.033, 152
Trd, 000046.367, 152
Trd, 000046.733, 151
Trd, 000047.650, 151
Trd, 000048.333, 154
Trd, 000049.400, 159
Trd, 000049.900, 153
Trd, 000050.183, 153
Trd, 000050.667, 156
Trd, 000051.117, 153
Trd, 000051.383, 156
Trd, 000051.883, 157
Trd, 000052.033, 156
Trd, 000053.183, 155
Trd, 000053.433, 156
Trd, 000053.617, 158
Trd, 000053.650, 160
Trd, 000053.783, 170
Trd, 000055.417, 155
Trd, 000055.983, 154
Trd, 000056.017, 153
Trd, 000057.167, 155
Trd, 000057.267, 153
Trd, 000057.733, 150
Trd, 000057.767, 154
Trd, 000057.983, 156
Trd, 000059.767, 150
Trd, 000060.350, 151
Trd, 000060.850, 151
Trd, 000061.567, 152
Trd, 000061.800, 151
Trd, 000062.067, 150
Trd, 000062.333, 148
Trd, 000062.633, 147
Trd, 000062.767, 152
Trd, 000062.817, 152
Trd, 000063.350, 139
Trd, 000064.333, 152
Trd, 000065.400, 171
Trd, 000066.217, 150
Trd, 000066.583, 152
Trd, 000067.400, 159
Trd, 000068.717, 157
Trd, 000068.950, 156
Trd, 000069.017, 156
Trd, 000069.167, 158
Trd, 000069.317, 159
Trd, 000069.433, 155
Trd, 000070.700, 158
Trd, 000071.517, 160
Trd, 000071.800, 157
Trd, 000071.867, 156
Trd, 000072.467, 155
Trd, 000072.967, 161
Trd, 000073.350, 156
Trd, 000073.717, 155
Trd, 000074.350, 158
Trd, 000074.750, 159
Trd, 000075.683, 159
Trd, 000075.850, 155
Trd, 000075.900, 155
Trd, 000076.567, 154
Trd, 000076.717, 159
Trd, 000076.800, 155
Trd, 000077.117, 160
Trd, 000077.400, 154
Trd, 000078.517, 154
Trd, 000079.450, 152
Trd, 000079.533, 158
Trd, 000080.233, 152
Trd, 000081.333, 155
Trd, 000082.017, 152
Trd, 000082.917, 151
Trd, 000082.983, 149
Trd, 000083.017, 151
Trd, 000083.983, 153
Trd, 000084.550, 163
Trd, 000084.633, 151
Trd, 000085.000, 154
Trd, 000085.250, 152
Trd, 000086.433, 152
Trd, 000086.817, 153
Trd, 000087.400, 152
Trd, 000087.467, 174
Trd, 000089.167, 154
Trd, 000089.200, 151
Trd, 000089.217, 151
Trd, 000090.100, 153
Trd, 000090.683, 153
Trd, 000091.200, 154
Trd, 000091.350, 155
Trd, 000091.683, 154
Trd, 000092.250, 153
Trd, 000092.450, 151
Trd, 000092.617, 155
Trd, 000093.350, 150
Trd, 000093.633, 164
Trd, 000095.017, 154
Trd, 000095.700, 153
Trd, 000096.450, 153
Trd, 000096.733, 154
Trd, 000097.000, 155
Trd, 000097.417, 156
Trd, 000097.833, 153
Trd, 000098.183, 171
Trd, 000098.333, 154
Trd, 000100.200, 160
Trd, 000100.417, 159
Trd, 000100.933, 159
Trd, 000101.267, 159
Trd, 000101.933, 160
Trd, 000102.667, 158
Trd, 000102.883, 158
Trd, 000103.450, 158
Trd, 000103.883, 157
Trd, 000103.917, 158
Trd, 000104.483, 156
Trd, 000104.850, 156
Trd, 000105.400, 157
Trd, 000105.517, 159
Trd, 000106.083, 155
Trd, 000106.800, 155
Trd, 000107.317, 154
Trd, 000108.017, 157
Trd, 000108.583, 155
Trd, 000108.917, 155
Trd, 000109.150, 154
Trd, 000109.400, 156
Trd, 000110.217, 156
Trd, 000110.967, 156
Trd, 000111.683, 156
Trd, 000111.833, 155
Trd, 000111.933, 156
Trd, 000112.133, 156
Trd, 000113.217, 157
Trd, 000113.383, 166
Trd, 000113.650, 155
Trd, 000114.500, 154
Trd, 000114.633, 152
Trd, 000115.117, 148
Trd, 000116.267, 157
Trd, 000116.317, 158
Trd, 000116.383, 158
Trd, 000116.517, 150
Trd, 000116.950, 175
Trd, 000117.300, 176
Trd, 000117.783, 156
Trd, 000118.233, 166
Trd, 000118.250, 148
Trd, 000118.883, 167
Trd, 000119.183, 145
Trd, 000119.683, 152
Trd, 000121.117, 164
Trd, 000121.433, 155
Trd, 000121.517, 163
Trd, 000122.217, 164
Trd, 000122.733, 166
Trd, 000122.950, 177
Trd, 000123.350, 184
Trd, 000123.600, 187
Trd, 000123.950, 196
Trd, 000124.150, 256
Trd, 000124.200, 303.0
Trd, 000124.867, 321
Trd, 000125.683, 313.0
Trd, 000125.750, 327.0
Trd, 000125.967, 337.0
Trd, 000126.317, 340
Trd, 000126.383, 341
Trd, 000127.467, 336
Trd, 000127.967, 355.0
Trd, 000128.400, 365.0
Trd, 000129.117, 343.0
Trd, 000129.167, 341.0
Trd, 000129.467, 337
Trd, 000130.200, 369
Trd, 000132.067, 359
Trd, 000132.450, 354
Trd, 000133.350, 360
Trd, 000133.450, 355
Trd, 000133.500, 354
Trd, 000133.850, 331
Trd, 000134.967, 328
Trd, 000135.033, 337
Trd, 000135.367, 338
Trd, 000135.433, 340
Trd, 000135.483, 355
Trd, 000136.917, 344
Trd, 000137.417, 364.0
Trd, 000137.533, 365.0
Trd, 000137.850, 350
Trd, 000137.933, 349
Trd, 000138.583, 356
Trd, 000138.783, 342
Trd, 000140.500, 344.0
Trd, 000140.900, 353
Trd, 000141.150, 345
Trd, 000141.450, 344
Trd, 000141.717, 343
Trd, 000142.300, 353
Trd, 000143.100, 346
Trd, 000143.533, 349
Trd, 000144.750, 346
Trd, 000144.917, 345
Trd, 000146.333, 348
Trd, 000147.050, 348
Trd, 000148.400, 345.0
Trd, 000148.433, 346
Trd, 000148.900, 346
Trd, 000149.800, 346
Trd, 000150.133, 355.0
Trd, 000150.233, 349
Trd, 000150.683, 349
Trd, 000151.300, 345
Trd, 000151.683, 343
Trd, 000152.183, 332
Trd, 000152.250, 364.0
Trd, 000152.350, 332
Trd, 000152.717, 362
Trd, 000153.283, 364.0
Trd, 000154.217, 345.0
Trd, 000154.667, 345
Trd, 000154.917, 344
Trd, 000156.250, 345.0
Trd, 000156.817, 346
Trd, 000156.933, 354
Trd, 000157.317, 346
Trd, 000157.367, 346
Trd, 000157.967, 354.0
Trd, 000158.100, 355.0
Trd, 000159.100, 344.0
Trd, 000160.150, 348
Trd, 000161.117, 348
Trd, 000161.583, 345
Trd, 000162.000, 352
Trd, 000162.100, 344.0
Trd, 000162.867, 351
Trd, 000163.900, 344
Trd, 000164.683, 343
Trd, 000165.300, 345
Trd, 000166.217, 345.0
Trd, 000166.250, 347
Trd, 000167.117, 344.0
Trd, 000167.333, 343
Trd, 000167.500, 345
Trd, 000167.917, 344
Trd, 000168.250, 346
Trd, 000168.517, 343
Trd, 000168.883, 354
Trd, 000169.050, 341.0
Trd, 000169.233, 339
Trd, 000170.700, 340
Trd, 000172.133, 343.0
Trd, 000172.583, 344.0
Trd, 000173.583, 342.0
Trd, 000173.967, 344
Trd, 000174.267, 344
Trd, 000174.583, 343
Trd, 000174.833, 345
Trd, 000175.100, 341
Trd, 000176.367, 342
Trd, 000176.733, 341.0
Trd, 000176.883, 343
Trd, 000178.233, 344
Trd, 000178.600, 345
Trd, 000178.883, 345
Trd, 000179.367, 346
Trd, 000179.400, 345.0
Trd, 000179.783, 344.0
Trd, 000180.000, 341.0
Trd, 000180.917, 344
Trd, 000181.150, 351.0
Trd, 000183.000, 346
Trd, 000183.583, 341
Trd, 000183.683, 340
Trd, 000183.733, 320.0
Trd, 000184.000, 289
Trd, 000184.367, 190
Trd, 000185.700, 200
Trd, 000186.283, 193
Trd, 000186.400, 197
Trd, 000186.500, 196
Trd, 000186.900, 177
Trd, 000187.667, 176
Trd, 000188.167, 176
Trd, 000188.717, 175
Trd, 000189.450, 174
Trd, 000189.650, 187
Trd, 000190.350, 177
Trd, 000190.633, 178
Trd, 000191.500, 183
Trd, 000191.850, 177
Trd, 000192.183, 177
Trd, 000193.783, 179
Trd, 000194.633, 179
Trd, 000195.167, 177
Trd, 000195.300, 179
Trd, 000195.383, 176
Trd, 000195.450, 180
Trd, 000196.283, 178
Trd, 000196.383, 174
Trd, 000196.767, 183
Trd, 000197.450, 185
Trd, 000199.183, 174
Trd, 000200.483, 175
Trd, 000201.367, 174
Trd, 000201.383, 173
Trd, 000201.750, 178
Trd, 000201.933, 178
Trd, 000202.167, 166
Trd, 000202.800, 166
Trd, 000202.967, 167
Trd, 000203.600, 164
Trd, 000203.700, 151
Trd, 000203.767, 161
Trd, 000205.300, 164
Trd, 000205.617, 155
Trd, 000205.867, 158
Trd, 000206.000, 157
Trd, 000206.283, 160
Trd, 000206.450, 161
Trd, 000207.483, 163
Trd, 000209.183, 164
Trd, 000209.300, 163
Trd, 000209.317, 163
Trd, 000210.067, 163
Trd, 000210.583, 161
Trd, 000210.733, 154
Trd, 000211.067, 164
Trd, 000211.250, 162
Trd, 000211.650, 162
Trd, 000212.567, 163
Trd, 000212.683, 161
Trd, 000213.300, 162
Trd, 000213.317, 165
Trd, 000213.650, 176
Trd, 000214.150, 169
Trd, 000215.467, 166
Trd, 000216.117, 170
Trd, 000216.250, 169
Trd, 000217.033, 169
Trd, 000217.233, 171
Trd, 000218.533, 158
Trd, 000219.500, 174
Trd, 000219.600, 169
Trd, 000219.917, 167
Trd, 000220.217, 167
Trd, 000220.567, 175
Trd, 000221.200, 172
Trd, 000221.883, 172
Trd, 000222.183, 172
Trd, 000222.450, 172
Trd, 000222.650, 173
Trd, 000222.983, 175
Trd, 000223.400, 171
Trd, 000224.383, 177
Trd, 000225.017, 173
Trd, 000225.133, 171
Trd, 000225.250, 168
Trd, 000226.200, 170
Trd, 000226.750, 167
Trd, 000226.833, 171
Trd, 000227.217, 170
Trd, 000227.633, 171
Trd, 000228.133, 170
Trd, 000228.233, 168
Trd, 000228.267, 187
Trd, 000229.067, 175
Trd, 000230.000, 195
Trd, 000230.233, 177
Trd, 000231.017, 178
Trd, 000231.517, 179
Trd, 000232.033, 179
Trd, 000232.600, 178
Trd, 000232.733, 178
Trd, 000232.800, 178
Trd, 000232.967, 177
Trd, 000233.017, 179
Trd, 000234.083, 167
Trd, 000234.317, 169
Trd, 000234.667, 173
Trd, 000234.767, 172
Trd, 000235.683, 164
Trd, 000236.367, 168
Trd, 000236.817, 167
Trd, 000236.883, 168
Trd, 000237.050, 157
Trd, 000237.217, 157
Trd, 000237.367, 168
Trd, 000238.267, 169
Trd, 000238.767, 173
Trd, 000239.083, 176
Trd, 000240.067, 175
Trd, 000240.117, 170
Trd, 000240.483, 173
Trd, 000241.333, 176
Trd, 000241.517, 178
Trd, 000241.650, 179
Trd, 000241.900, 179
Trd, 000242.017, 182
Trd, 000242.283, 180
Trd, 000242.317, 179
Trd, 000243.033, 180
Trd, 000243.167, 179
Trd, 000243.267, 186
Trd, 000244.300, 179
Trd, 000245.250, 178
Trd, 000245.367, 177
Trd, 000246.167, 172
Trd, 000246.250, 175
Trd, 000246.750, 175
Trd, 000247.167, 175
Trd, 000247.483, 176
Trd, 000248.033, 173
Trd, 000248.100, 176
Trd, 000248.433, 183
Trd, 000248.817, 173
Trd, 000249.050, 179
Trd, 000249.450, 178
Trd, 000250.567, 178
Trd, 000250.850, 178
Trd, 000250.933, 178
Trd, 000251.300, 177
Trd, 000251.950, 180
Trd, 000252.000, 176
Trd, 000252.400, 177
Trd, 000252.483, 177
Trd, 000253.050, 175
Trd, 000253.650, 175
Trd, 000253.767, 174
Trd, 000253.867, 173
Trd, 000254.717, 176
Trd, 000254.817, 178
Trd, 000255.750, 179
Trd, 000255.817, 173
Trd, 000256.033, 179
Trd, 000256.267, 180
Trd, 000256.317, 171
Trd, 000256.617, 170
Trd, 000257.333, 179
Trd, 000258.683, 176
Trd, 000258.700, 174
Trd, 000259.100, 176
Trd, 000259.533, 176
Trd, 000259.617, 179
Trd, 000259.700, 175
Trd, 000259.983, 174
Trd, 000260.350, 178
Trd, 000260.833, 178
Trd, 000261.000, 181
Trd, 000261.417, 178
Trd, 000261.617, 175
Trd, 000262.133, 176
Trd, 000262.467, 175
Trd, 000263.483, 181
Trd, 000263.883, 177
Trd, 000264.000, 178
Trd, 000264.283, 175
Trd, 000264.867, 179
Trd, 000264.933, 183
Trd, 000265.033, 184
Trd, 000265.333, 184
Trd, 000266.583, 183
Trd, 000266.917, 181
Trd, 000267.500, 183
Trd, 000268.117, 181
Trd, 000268.500, 174
Trd, 000269.233, 181
Trd, 000269.533, 182
Trd, 000270.133, 182
Trd, 000270.300, 185
Trd, 000270.583, 181
Trd, 000271.067, 185
Trd, 000271.417, 184
Trd, 000271.900, 188
Trd, 000272.250, 188
Trd, 000273.033, 183
Trd, 000273.150, 182
Trd, 000273.633, 175
Trd, 000273.650, 171
Trd, 000274.567, 181
Trd, 000274.767, 178
Trd, 000274.933, 181
Trd, 000275.433, 182
Trd, 000275.483, 177
Trd, 000276.017, 177
Trd, 000276.567, 181
Trd, 000276.817, 182
Trd, 000277.050, 176
Trd, 000277.383, 179
Trd, 000278.483, 178
Trd, 000278.650, 177
Trd, 000279.217, 179
Trd, 000279.317, 180
Trd, 000279.800, 179
Trd, 000280.100, 178
Trd, 000280.317, 176
Trd, 000280.583, 178
Trd, 000280.733, 178
Trd, 000281.150, 174
Trd, 000281.167, 172
Trd, 000281.533, 183
Trd, 000281.800, 179
Trd, 000282.450, 174
Trd, 000282.500, 165
Trd, 000282.550, 186
Trd, 000282.633, 190
Trd, 000283.650, 176
Trd, 000283.767, 173
Trd, 000284.867, 170
Trd, 000285.317, 171
Trd, 000285.483, 173
Trd, 000285.883, 179
Trd, 000286.417, 172
Trd, 000286.717, 171
Trd, 000287.033, 171
Trd, 000287.233, 174
Trd, 000287.350, 174
Trd, 000287.417, 177
Trd, 000288.267, 171
Trd, 000288.350, 170
Trd, 000288.600, 161
Trd, 000289.417, 173
Trd, 000289.450, 174
Trd, 000291.017, 172
Trd, 000291.133, 173
Trd, 000291.617, 170
Trd, 000291.667, 172
Trd, 000293.083, 177
Trd, 000293.717, 178
Trd, 000293.967, 179
Trd, 000294.150, 177
Trd, 000294.283, 177
Trd, 000294.767, 177
Trd, 000294.883, 180
Trd, 000295.600, 183
Trd, 000295.917, 177
Trd, 000296.017, 184
Trd, 000296.333, 176
Trd, 000297.383, 176
Trd, 000297.450, 202
Trd, 000297.950, 173
Trd, 000298.933, 188
Trd, 000299.033, 188
Trd, 000299.483, 189
Trd, 000299.667, 185
