Trd, 000002.500, 137
Trd, 000002.900, 138
Trd, 000004.333, 155
Trd, 000004.833, 143
Trd, 000004.933, 142
Trd, 000004.983, 142
Trd, 000005.933, 158
Trd, 000006.233, 158
Trd, 000006.483, 159
Trd, 000006.933, 160
Trd, 000007.667, 159
Trd, 000008.117, 158
Trd, 000009.017, 156
Trd, 000009.133, 156
Trd, 000009.183, 157
Trd, 000009.283, 156
Trd, 000009.683, 155
Trd, 000010.017, 142
Trd, 000011.083, 151
Trd, 000012.450, 154
Trd, 000013.000, 154
Trd, 000013.300, 153
Trd, 000014.017, 154
Trd, 000014.700, 155
Trd, 000015.717, 155
Trd, 000016.033, 156
Trd, 000016.267, 155
Trd, 000016.917, 153
Trd, 000020.033, 156
Trd, 000020.117, 157
Trd, 000021.683, 155
Trd, 000022.317, 156
Trd, 000022.767, 157
Trd, 000023.567, 157
Trd, 000024.283, 156
Trd, 000024.350, 155
Trd, 000024.683, 153
Trd, 000024.783, 157
Trd, 000026.433, 157
Trd, 000026.467, 157
Trd, 000028.250, 156
Trd, 000028.400, 156
Trd, 000029.583, 157
Trd, 000030.567, 159
Trd, 000030.733, 158
Trd, 000030.933, 156
Trd, 000031.233, 155
Trd, 000032.900, 160
Trd, 000032.917, 159
Trd, 000033.783, 160
Trd, 000033.817, 161
Trd, 000034.217, 161
Trd, 000034.250, 159
Trd, 000036.167, 159
Trd, 000036.250, 158
Trd, 000037.350, 159
Trd, 000039.367, 157
Trd, 000040.183, 160
Trd, 000040.267, 161
Trd, 000041.150, 163
Trd, 000041.333, 163
Trd, 000041.550, 162
Trd, 000041.700, 159
Trd, 000042.700, 163
Trd, 000043.283, 161
Trd, 000044.817, 159
Trd, 000045.933, 164
Trd, 000047.100, 170
Trd, 000047.200, 169
Trd, 000047.483, 167
Trd, 000048.217, 167
Trd, 000048.667, 168
Trd, 000050.450, 164
Trd, 000050.800, 161
Trd, 000050.883, 160
Trd, 000052.033, 162
Trd, 000052.183, 163
Trd, 000052.467, 163
Trd, 000052.900, 163
Trd, 000053.033, 164
Trd, 000055.100, 164
Trd, 000055.350, 164
Trd, 000056.267, 163
Trd, 000056.517, 163
Trd, 000056.800, 162
Trd, 000058.383, 161
Trd, 000058.417, 162
Trd, 000059.167, 163
Trd, 000060.067, 164
Trd, 000060.250, 163
Trd, 000060.917, 162
Trd, 000061.133, 165
Trd, 000061.617, 163
Trd, 000062.300, 162
Trd, 000063.000, 162
Trd, 000064.033, 162
Trd, 000064.133, 161
Trd, 000064.467, 159
Trd, 000065.217, 155
Trd, 000066.450, 160
Trd, 000066.600, 159
Trd, 000067.183, 160
Trd, 000067.767, 161
Trd, 000068.500, 163
Trd, 000069.000, 165
Trd, 000069.217, 162
Trd, 000069.967, 166
Trd, 000071.083, 163
Trd, 000071.583, 164
Trd, 000072.550, 165
Trd, 000073.183, 165
Trd, 000074.133, 164
Trd, 000074.250, 165
Trd, 000076.200, 165
Trd, 000076.233, 165
Trd, 000076.417, 163
Trd, 000076.767, 163
Trd, 000077.250, 163
Trd, 000077.517, 163
Trd, 000078.783, 164
Trd, 000079.100, 163
Trd, 000079.350, 163
Trd, 000080.650, 162
Trd, 000082.050, 162
Trd, 000082.683, 150
Trd, 000083.217, 159
Trd, 000083.867, 150
Trd, 000084.000, 159
Trd, 000085.167, 158
Trd, 000085.300, 156
Trd, 000085.983, 159
Trd, 000087.217, 159
Trd, 000087.333, 158
Trd, 000087.450, 164
Trd, 000088.783, 163
Trd, 000089.433, 164
Trd, 000089.867, 163
Trd, 000091.050, 164
Trd, 000091.150, 174
Trd, 000092.167, 167
Trd, 000092.667, 168
Trd, 000092.817, 167
Trd, 000092.850, 170
Trd, 000093.150, 170
Trd, 000094.950, 166
Trd, 000095.567, 170
Trd, 000096.183, 170
Trd, 000096.567, 166
Trd, 000097.550, 170
Trd, 000097.750, 171
Trd, 000098.817, 172
Trd, 000098.883, 173
Trd, 000099.100, 172
Trd, 000099.400, 170
Trd, 000101.100, 175
Trd, 000101.933, 168
Trd, 000103.017, 171
Trd, 000103.050, 172
Trd, 000103.433, 171
Trd, 000105.267, 169
Trd, 000105.783, 171
Trd, 000106.000, 170
Trd, 000107.533, 170
Trd, 000107.983, 170
Trd, 000109.000, 171
Trd, 000109.033, 170
Trd, 000109.433, 166
Trd, 000109.933, 168
Trd, 000110.267, 171
Trd, 000110.467, 169
Trd, 000111.550, 152
Trd, 000112.600, 163
Trd, 000113.733, 152
Trd, 000114.183, 149
Trd, 000114.650, 154
Trd, 000114.700, 150
Trd, 000115.017, 153
Trd, 000115.050, 156
Trd, 000117.533, 157
Trd, 000117.600, 157
Trd, 000118.700, 155
Trd, 000119.067, 155
Trd, 000119.383, 156
Trd, 000120.083, 157
Trd, 000120.567, 167
Trd, 000121.567, 170
Trd, 000121.667, 175
Trd, 000121.683, 165
Trd, 000122.450, 184
Trd, 000122.467, 187
Trd, 000122.567, 191
Trd, 000123.033, 170
Trd, 000124.167, 258
Trd, 000124.183, 299
Trd, 000124.583, 311
Trd, 000125.250, 312
Trd, 000125.500, 320.0
Trd, 000126.900, 353.0
Trd, 000127.600, 335
Trd, 000127.733, 341.0
Trd, 000128.133, 354.0
Trd, 000128.150, 336
Trd, 000130.750, 350
Trd, 000132.700, 357
Trd, 000133.117, 356
Trd, 000134.217, 361.0
Trd, 000134.250, 361
Trd, 000134.700, 361
Trd, 000134.717, 362
Trd, 000135.367, 358
Trd, 000136.283, 355
Trd, 000136.783, 356.0
Trd, 000138.133, 356.0
Trd, 000139.483, 358.0
Trd, 000140.667, 356.0
Trd, 000141.517, 355.0
Trd, 000141.800, 356
Trd, 000142.033, 346
Trd, 000143.367, 355.0
Trd, 000144.800, 355
Trd, 000145.167, 355
Trd, 000145.667, 356.0
Trd, 000145.700, 355
Trd, 000145.717, 352
Trd, 000145.800, 355
Trd, 000147.483, 353
Trd, 000147.600, 355
Trd, 000148.783, 354
Trd, 000148.900, 355
Trd, 000148.950, 354
Trd, 000151.100, 352
Trd, 000151.400, 355.0
Trd, 000151.767, 355
Trd, 000152.317, 351
Trd, 000152.600, 347
Trd, 000155.467, 352
Trd, 000155.533, 351
Trd, 000155.850, 356
Trd, 000156.067, 356
Trd, 000156.233, 355.0
Trd, 000158.133, 355
Trd, 000158.883, 355
Trd, 000159.217, 354
Trd, 000159.483, 352
Trd, 000159.733, 356
Trd, 000161.117, 355.0
Trd, 000163.067, 354
Trd, 000163.350, 352
Trd, 000163.467, 352
Trd, 000164.567, 353
Trd, 000164.967, 355.0
Trd, 000165.100, 352
Trd, 000166.033, 343.0
Trd, 000168.550, 352
Trd, 000169.100, 351
Trd, 000169.367, 350
Trd, 000169.600, 350
Trd, 000170.983, 351
Trd, 000171.233, 352
Trd, 000171.617, 350
Trd, 000172.067, 342.0
Trd, 000172.150, 341.0
Trd, 000172.317, 340
Trd, 000173.367, 346
Trd, 000175.383, 347
Trd, 000175.800, 348
Trd, 000176.033, 349
Trd, 000177.933, 351
Trd, 000178.167, 352
Trd, 000178.350, 351
Trd, 000178.617, 350
Trd, 000179.433, 348
Trd, 000180.350, 351
Trd, 000180.600, 352
Trd, 000181.133, 349
Trd, 000181.550, 347
Trd, 000182.267, 346
Trd, 000182.700, 333
Trd, 000182.750, 316
Trd, 000183.667, 341.0
Trd, 000184.017, 300.0
Trd, 000184.300, 268
Trd, 000184.533, 221
Trd, 000185.667, 218
Trd, 000185.817, 200
Trd, 000187.883, 194
Trd, 000188.117, 197
Trd, 000189.300, 190
Trd, 000189.717, 196
Trd, 000192.033, 191
Trd, 000192.400, 190
Trd, 000193.533, 181
Trd, 000194.817, 185
Trd, 000195.283, 186
Trd, 000195.683, 187
Trd, 000195.717, 186
Trd, 000195.900, 185
Trd, 000196.783, 184
Trd, 000197.850, 184
Trd, 000198.450, 184
Trd, 000198.550, 183
Trd, 000200.000, 183
Trd, 000200.100, 182
Trd, 000200.350, 184
Trd, 000201.700, 183
Trd, 000201.850, 181
Trd, 000202.567, 182
Trd, 000204.033, 181
Trd, 000204.317, 180
Trd, 000204.483, 179
Trd, 000205.800, 179
Trd, 000206.333, 179
Trd, 000206.683, 180
Trd, 000207.250, 178
Trd, 000208.183, 178
Trd, 000209.050, 176
Trd, 000209.917, 178
Trd, 000209.933, 177
Trd, 000210.667, 178
Trd, 000211.750, 179
Trd, 000212.350, 178
Trd, 000212.617, 177
Trd, 000214.633, 176
Trd, 000215.100, 176
Trd, 000215.300, 175
Trd, 000216.067, 178
Trd, 000216.250, 179
Trd, 000216.517, 181
Trd, 000217.217, 179
Trd, 000217.850, 180
Trd, 000218.683, 182
Trd, 000218.717, 180
Trd, 000220.000, 182
Trd, 000220.517, 182
Trd, 000221.033, 181
Trd, 000221.183, 182
Trd, 000222.083, 184
Trd, 000223.333, 186
Trd, 000223.717, 188
Trd, 000224.250, 188
Trd, 000224.900, 187
Trd, 000224.967, 187
Trd, 000226.333, 182
Trd, 000226.700, 177
Trd, 000227.917, 183
Trd, 000228.850, 181
Trd, 000229.750, 183
Trd, 000230.133, 182
Trd, 000230.683, 180
Trd, 000231.100, 179
Trd, 000231.633, 178
Trd, 000232.250, 178
Trd, 000232.450, 176
Trd, 000233.450, 178
Trd, 000234.350, 177
Trd, 000234.533, 178
Trd, 000234.967, 181
Trd, 000235.717, 178
Trd, 000237.417, 181
Trd, 000237.800, 182
Trd, 000238.250, 181
Trd, 000238.900, 182
Trd, 000238.917, 180
Trd, 000239.783, 182
Trd, 000239.967, 182
Trd, 000240.383, 181
Trd, 000240.450, 182
Trd, 000241.000, 181
Trd, 000241.383, 181
Trd, 000241.567, 179
Trd, 000241.867, 180
Trd, 000242.967, 179
Trd, 000243.350, 180
Trd, 000244.267, 179
Trd, 000244.650, 179
Trd, 000244.950, 180
Trd, 000245.150, 178
Trd, 000245.333, 179
Trd, 000246.083, 178
Trd, 000246.633, 180
Trd, 000246.900, 179
Trd, 000247.217, 178
Trd, 000247.300, 178
Trd, 000248.433, 177
Trd, 000248.767, 166
Trd, 000249.750, 165
Trd, 000250.200, 171
Trd, 000250.267, 171
Trd, 000250.617, 171
Trd, 000251.017, 170
Trd, 000251.483, 172
Trd, 000252.033, 173
Trd, 000252.567, 172
Trd, 000252.650, 173
Trd, 000252.850, 176
Trd, 000254.533, 180
Trd, 000254.917, 179
Trd, 000255.450, 181
Trd, 000255.650, 179
Trd, 000255.733, 178
Trd, 000257.150, 179
Trd, 000257.350, 181
Trd, 000257.600, 179
Trd, 000257.717, 177
Trd, 000257.850, 173
Trd, 000258.383, 174
Trd, 000259.133, 175
Trd, 000259.550, 176
Trd, 000260.533, 177
Trd, 000260.583, 178
Trd, 000260.850, 177
Trd, 000261.333, 177
Trd, 000261.750, 176
Trd, 000261.800, 180
Trd, 000261.900, 175
Trd, 000262.250, 181
Trd, 000262.783, 174
Trd, 000263.017, 178
Trd, 000264.400, 179
Trd, 000264.517, 178
Trd, 000264.983, 178
Trd, 000265.033, 177
Trd, 000265.683, 178
Trd, 000265.783, 182
Trd, 000266.817, 181
Trd, 000266.833, 177
Trd, 000267.767, 180
Trd, 000268.483, 184
Trd, 000268.917, 181
Trd, 000269.017, 180
Trd, 000270.783, 183
Trd, 000271.000, 182
Trd, 000271.100, 180
Trd, 000271.250, 184
Trd, 000271.300, 185
Trd, 000271.700, 182
Trd, 000271.850, 180
Trd, 000272.217, 182
Trd, 000272.600, 183
Trd, 000272.900, 184
Trd, 000273.300, 185
Trd, 000273.783, 189
Trd, 000273.800, 179
Trd, 000274.600, 181
Trd, 000274.850, 180
Trd, 000274.883, 178
Trd, 000275.833, 179
Trd, 000276.033, 180
Trd, 000276.283, 182
Trd, 000276.483, 178
Trd, 000278.233, 176
Trd, 000278.250, 179
Trd, 000278.967, 177
Trd, 000279.183, 173
Trd, 000279.467, 171
Trd, 000279.617, 179
Trd, 000280.567, 171
Trd, 000281.017, 179
Trd, 000281.233, 178
Trd, 000281.367, 173
Trd, 000282.117, 173
Trd, 000282.833, 178
Trd, 000283.617, 177
Trd, 000283.833, 177
Trd, 000284.217, 178
Trd, 000284.600, 176
Trd, 000284.900, 175
Trd, 000284.950, 174
Trd, 000285.567, 179
Trd, 000285.850, 183
Trd, 000286.650, 181
Trd, 000286.917, 180
Trd, 000287.550, 179
Trd, 000287.917, 178
Trd, 000289.050, 180
Trd, 000289.583, 180
Trd, 000290.017, 181
Trd, 000290.367, 179
Trd, 000290.433, 177
Trd, 000290.667, 182
Trd, 000291.750, 177
Trd, 000292.000, 180
Trd, 000292.400, 177
Trd, 000292.967, 179
Trd, 000293.867, 178
Trd, 000294.183, 179
Trd, 000294.500, 179
Trd, 000294.633, 183
Trd, 000295.567, 184
Trd, 000295.733, 179
Trd, 000296.167, 178
Trd, 000296.400, 178
Trd, 000296.617, 175
Trd, 000296.867, 181
Trd, 000296.883, 171
Trd, 000297.033, 185
Trd, 000297.383, 188
Trd, 000297.700, 177
Trd, 000298.267, 175
Trd, 000298.350, 180
Trd, 000298.733, 187
Trd, 000299.250, 181
Trd, 000299.367, 185
Trd, 000299.783, 181
