Trd, 000001.150, 158
Trd, 000003.100, 152
Trd, 000003.167, 148
Trd, 000004.183, 140
Trd, 000004.700, 140
Trd, 000004.750, 154
Trd, 000005.050, 154
Trd, 000005.167, 155
Trd, 000005.633, 137
Trd, 000008.633, 153
Trd, 000008.717, 152
Trd, 000008.950, 152
Trd, 000009.233, 150
Trd, 000009.283, 149
Trd, 000009.667, 151
Trd, 000009.917, 151
Trd, 000010.000, 153
Trd, 000010.333, 149
Trd, 000010.767, 150
Trd, 000011.500, 151
Trd, 000011.733, 151
Trd, 000011.767, 152
Trd, 000011.850, 138
Trd, 000012.833, 124
Trd, 000013.500, 128
Trd, 000014.550, 132
Trd, 000015.500, 141
Trd, 000016.300, 147
Trd, 000016.550, 149
Trd, 000017.017, 147
Trd, 000017.617, 149
Trd, 000018.033, 150
Trd, 000019.267, 155
Trd, 000019.917, 153
Trd, 000020.633, 154
Trd, 000020.817, 153
Trd, 000021.100, 153
Trd, 000021.333, 150
Trd, 000022.783, 146
Trd, 000022.883, 144
Trd, 000023.150, 142
Trd, 000023.500, 139
Trd, 000023.667, 133
Trd, 000023.700, 128
Trd, 000024.400, 158
Trd, 000025.550, 152
Trd, 000025.583, 152
Trd, 000027.050, 154
Trd, 000027.117, 157
Trd, 000027.283, 167
Trd, 000027.533, 152
Trd, 000027.783, 152
Trd, 000028.933, 161
Trd, 000029.450, 159
Trd, 000029.700, 157
Trd, 000029.950, 156
Trd, 000030.250, 155
Trd, 000030.383, 154
Trd, 000031.117, 153
Trd, 000031.600, 151
Trd, 000032.100, 151
Trd, 000033.050, 158
Trd, 000033.633, 156
Trd, 000033.733, 143
Trd, 000033.933, 140
Trd, 000034.233, 147
Trd, 000035.600, 151
Trd, 000035.683, 147
Trd, 000036.017, 148
Trd, 000036.433, 147
Trd, 000036.583, 149
Trd, 000036.667, 145
Trd, 000037.200, 150
Trd, 000038.133, 151
Trd, 000038.717, 152
Trd, 000038.900, 158
Trd, 000039.167, 143
Trd, 000039.767, 141
Trd, 000040.333, 140
Trd, 000040.783, 148
Trd, 000041.033, 147
Trd, 000042.017, 142
Trd, 000043.533, 148
Trd, 000043.783, 146
Trd, 000044.417, 149
Trd, 000044.467, 148
Trd, 000044.967, 152
Trd, 000045.117, 144
Trd, 000045.750, 152
Trd, 000046.733, 145
Trd, 000046.833, 151
Trd, 000047.567, 148
Trd, 000048.717, 150
Trd, 000048.817, 150
Trd, 000049.050, 149
Trd, 000049.067, 152
Trd, 000049.267, 148
Trd, 000049.367, 153
Trd, 000049.450, 159
Trd, 000051.000, 142
Trd, 000051.400, 145
Trd, 000051.483, 154
Trd, 000052.517, 150
Trd, 000053.500, 149
Trd, 000053.550, 150
Trd, 000054.767, 151
Trd, 000054.933, 150
Trd, 000056.383, 156
Trd, 000056.500, 160
Trd, 000057.083, 155
Trd, 000057.317, 155
Trd, 000059.017, 156
Trd, 000059.350, 155
Trd, 000059.950, 157
Trd, 000060.033, 155
Trd, 000060.617, 156
Trd, 000061.150, 154
Trd, 000061.400, 157
Trd, 000062.067, 153
Trd, 000063.133, 156
Trd, 000063.483, 158
Trd, 000063.817, 161
Trd, 000063.933, 163
Trd, 000064.050, 156
Trd, 000064.217, 131
Trd, 000065.533, 143
Trd, 000065.767, 144
Trd, 000065.933, 145
Trd, 000066.017, 171
Trd, 000066.567, 142
Trd, 000067.300, 147
Trd, 000067.883, 143
Trd, 000068.433, 148
Trd, 000069.767, 142
Trd, 000070.433, 142
Trd, 000070.500, 143
Trd, 000072.183, 144
Trd, 000072.967, 144
Trd, 000073.483, 143
Trd, 000074.167, 149
Trd, 000074.467, 145
Trd, 000075.567, 148
Trd, 000075.650, 147
Trd, 000076.517, 148
Trd, 000076.883, 162
Trd, 000077.583, 156
Trd, 000078.000, 148
Trd, 000078.383, 167
Trd, 000078.733, 147
Trd, 000079.267, 171
Trd, 000079.667, 157
Trd, 000079.717, 157
Trd, 000081.600, 166
Trd, 000081.750, 159
Trd, 000082.400, 162
Trd, 000082.800, 162
Trd, 000083.800, 162
Trd, 000083.817, 157
Trd, 000084.533, 160
Trd, 000085.117, 160
Trd, 000085.483, 159
Trd, 000086.300, 157
Trd, 000086.817, 157
Trd, 000087.167, 157
Trd, 000087.267, 156
Trd, 000087.333, 155
Trd, 000087.383, 160
Trd, 000087.600, 154
Trd, 000088.233, 148
Trd, 000089.350, 155
Trd, 000089.600, 150
Trd, 000090.100, 140
Trd, 000090.733, 156
Trd, 000091.900, 157
Trd, 000092.883, 157
Trd, 000093.033, 152
Trd, 000093.067, 158
Trd, 000093.100, 157
Trd, 000094.100, 160
Trd, 000095.317, 158
Trd, 000095.650, 155
Trd, 000097.083, 158
Trd, 000097.683, 156
Trd, 000097.867, 157
Trd, 000097.983, 134
Trd, 000098.733, 157
Trd, 000099.350, 158
Trd, 000099.600, 153
Trd, 000099.733, 156
Trd, 000100.517, 152
Trd, 000102.083, 155
Trd, 000102.267, 155
Trd, 000102.867, 150
Trd, 000102.967, 155
Trd, 000103.950, 158
Trd, 000104.733, 159
Trd, 000105.367, 157
Trd, 000105.783, 158
Trd, 000106.267, 157
Trd, 000106.333, 167
Trd, 000106.983, 162
Trd, 000107.017, 158
Trd, 000107.250, 158
Trd, 000107.517, 157
Trd, 000108.083, 147
Trd, 000109.500, 157
Trd, 000109.800, 154
Trd, 000110.400, 156
Trd, 000111.017, 157
Trd, 000111.300, 155
Trd, 000111.400, 157
Trd, 000111.417, 166
Trd, 000113.083, 160
Trd, 000113.283, 161
Trd, 000113.750, 161
Trd, 000114.983, 162
Trd, 000115.300, 160
Trd, 000115.333, 159
Trd, 000116.300, 157
Trd, 000116.767, 157
Trd, 000116.950, 156
Trd, 000117.433, 149
Trd, 000117.983, 148
Trd, 000118.167, 155
Trd, 000118.417, 157
Trd, 000119.650, 158
Trd, 000120.250, 159
Trd, 000120.683, 159
Trd, 000120.817, 160
Trd, 000120.917, 161
Trd, 000122.083, 167
Trd, 000122.567, 162
Trd, 000122.617, 177
Trd, 000122.750, 206
Trd, 000122.833, 211
Trd, 000122.950, 212
Trd, 000124.150, 320.0
Trd, 000125.867, 337.0
Trd, 000126.917, 340.0
Trd, 000127.100, 341.0
Trd, 000127.400, 340
Trd, 000127.800, 341
Trd, 000128.167, 340
Trd, 000130.267, 347.0
Trd, 000130.283, 348.0
Trd, 000131.017, 344
Trd, 000131.550, 342
Trd, 000131.667, 348
Trd, 000132.333, 341
Trd, 000133.033, 341
Trd, 000134.317, 347.0
Trd, 000134.550, 347.0
Trd, 000136.283, 348.0
Trd, 000136.383, 348
Trd, 000137.750, 346
Trd, 000137.850, 342
Trd, 000138.083, 347
Trd, 000138.217, 348.0
Trd, 000138.300, 348.0
Trd, 000138.933, 350
Trd, 000139.150, 350
Trd, 000139.267, 349
Trd, 000140.117, 347
Trd, 000141.067, 340
Trd, 000141.633, 352
Trd, 000143.200, 352
Trd, 000143.500, 353.0
Trd, 000143.533, 351
Trd, 000143.600, 348.0
Trd, 000143.617, 355.0
Trd, 000144.917, 350
Trd, 000144.967, 350
Trd, 000147.017, 349
Trd, 000147.700, 348
Trd, 000147.817, 345
Trd, 000148.000, 337.0
Trd, 000149.367, 342
Trd, 000150.000, 347
Trd, 000150.650, 347.0
Trd, 000150.833, 348.0
Trd, 000150.850, 341.0
Trd, 000153.367, 347
Trd, 000153.900, 345.0
Trd, 000154.017, 341
Trd, 000154.050, 345
Trd, 000154.133, 348.0
Trd, 000154.450, 349.0
Trd, 000154.650, 349.0
Trd, 000154.733, 348.0
Trd, 000155.717, 349
Trd, 000156.133, 341
Trd, 000156.400, 355.0
Trd, 000157.317, 337.0
Trd, 000157.433, 358
Trd, 000157.817, 336
Trd, 000158.483, 342
Trd, 000158.633, 341
Trd, 000159.700, 354.0
Trd, 000160.267, 353.0
Trd, 000160.950, 353.0
Trd, 000161.783, 352.0
Trd, 000162.217, 354.0
Trd, 000164.083, 332
Trd, 000164.250, 355.0
Trd, 000164.817, 347
Trd, 000165.150, 347.0
Trd, 000165.417, 348.0
Trd, 000165.750, 336
Trd, 000165.950, 335
Trd, 000166.017, 334
Trd, 000166.633, 349.0
Trd, 000167.783, 350
Trd, 000168.117, 349.0
Trd, 000168.833, 348.0
Trd, 000169.400, 350
Trd, 000169.717, 352
Trd, 000170.333, 347.0
Trd, 000170.667, 348.0
Trd, 000170.767, 346
Trd, 000172.650, 341
Trd, 000173.500, 341
Trd, 000174.050, 342
Trd, 000174.567, 341
Trd, 000175.117, 343
Trd, 000175.250, 344
Trd, 000176.100, 341
Trd, 000177.317, 348.0
Trd, 000177.800, 347
Trd, 000178.683, 355.0
Trd, 000178.717, 358
Trd, 000178.800, 352
Trd, 000179.600, 353
Trd, 000179.617, 352
Trd, 000180.033, 350.0
Trd, 000181.017, 352
Trd, 000181.183, 351
Trd, 000181.717, 353
Trd, 000182.067, 349
Trd, 000182.900, 348.0
Trd, 000182.917, 316
Trd, 000183.183, 306.0
Trd, 000183.683, 211
Trd, 000184.100, 204
Trd, 000184.167, 311
Trd, 000184.367, 200
Trd, 000184.400, 197
Trd, 000184.633, 158
Trd, 000186.033, 168
Trd, 000187.250, 175
Trd, 000187.883, 169
Trd, 000188.517, 175
Trd, 000189.100, 174
Trd, 000189.133, 174
Trd, 000189.300, 172
Trd, 000189.400, 166
Trd, 000190.083, 173
Trd, 000190.583, 170
Trd, 000191.533, 168
Trd, 000191.717, 174
Trd, 000192.933, 171
Trd, 000193.067, 170
Trd, 000193.600, 168
Trd, 000194.067, 167
Trd, 000195.267, 167
Trd, 000196.150, 164
Trd, 000196.450, 162
Trd, 000196.783, 156
Trd, 000196.867, 151
Trd, 000198.133, 157
Trd, 000198.217, 159
Trd, 000199.167, 159
Trd, 000199.417, 160
Trd, 000200.050, 157
Trd, 000201.333, 159
Trd, 000201.833, 161
Trd, 000201.850, 163
Trd, 000203.217, 160
Trd, 000203.400, 160
Trd, 000204.883, 159
Trd, 000204.967, 160
Trd, 000205.233, 157
Trd, 000205.333, 161
Trd, 000205.950, 161
Trd, 000206.150, 148
Trd, 000206.600, 166
Trd, 000206.917, 168
Trd, 000207.967, 169
Trd, 000208.467, 163
Trd, 000208.550, 162
Trd, 000209.000, 161
Trd, 000209.450, 165
Trd, 000209.850, 164
Trd, 000209.867, 166
Trd, 000209.883, 168
Trd, 000211.083, 168
Trd, 000211.300, 168
Trd, 000211.400, 165
Trd, 000211.550, 175
Trd, 000213.283, 152
Trd, 000213.500, 158
Trd, 000213.533, 162
Trd, 000214.350, 152
Trd, 000214.533, 166
Trd, 000214.783, 167
Trd, 000215.033, 158
Trd, 000216.233, 170
Trd, 000216.667, 170
Trd, 000216.750, 171
Trd, 000217.450, 167
Trd, 000217.817, 170
Trd, 000218.033, 165
Trd, 000218.550, 163
Trd, 000219.567, 168
Trd, 000220.583, 168
Trd, 000221.333, 166
Trd, 000221.950, 165
Trd, 000221.967, 166
Trd, 000222.967, 168
Trd, 000223.183, 167
Trd, 000223.650, 168
Trd, 000224.600, 169
Trd, 000224.900, 170
Trd, 000225.483, 170
Trd, 000225.650, 170
Trd, 000226.117, 167
Trd, 000227.067, 167
Trd, 000227.217, 166
Trd, 000228.300, 175
Trd, 000228.850, 175
Trd, 000229.150, 173
Trd, 000229.733, 172
Trd, 000230.767, 171
Trd, 000231.100, 173
Trd, 000231.817, 174
Trd, 000231.933, 174
Trd, 000232.467, 167
Trd, 000233.567, 164
Trd, 000233.667, 163
Trd, 000234.283, 161
Trd, 000234.517, 162
Trd, 000235.233, 161
Trd, 000235.250, 160
Trd, 000235.500, 162
Trd, 000236.150, 164
Trd, 000236.383, 178
Trd, 000236.533, 181
Trd, 000238.417, 170
Trd, 000239.783, 169
Trd, 000240.017, 169
Trd, 000240.200, 167
Trd, 000240.500, 168
Trd, 000240.700, 168
Trd, 000241.117, 167
Trd, 000241.783, 168
Trd, 000241.850, 166
Trd, 000242.117, 171
Trd, 000242.983, 172
Trd, 000244.400, 176
Trd, 000244.417, 175
Trd, 000244.633, 176
Trd, 000245.050, 177
Trd, 000245.317, 173
Trd, 000245.533, 172
Trd, 000246.617, 173
Trd, 000246.667, 171
Trd, 000246.733, 176
Trd, 000247.167, 173
Trd, 000247.483, 175
Trd, 000247.717, 172
Trd, 000247.983, 178
Trd, 000248.867, 180
Trd, 000249.883, 180
Trd, 000250.350, 182
Trd, 000250.483, 183
Trd, 000250.767, 182
Trd, 000253.300, 190
Trd, 000253.317, 189
Trd, 000254.250, 190
Trd, 000254.350, 188
Trd, 000254.733, 189
Trd, 000255.117, 189
Trd, 000255.300, 190
Trd, 000255.550, 189
Trd, 000255.667, 187
Trd, 000255.700, 187
Trd, 000256.250, 189
Trd, 000256.417, 186
Trd, 000256.533, 183
Trd, 000256.550, 180
Trd, 000257.050, 174
Trd, 000257.333, 169
Trd, 000257.650, 167
Trd, 000257.900, 170
Trd, 000258.633, 172
Trd, 000258.700, 172
Trd, 000258.750, 170
Trd, 000259.200, 174
Trd, 000259.817, 174
Trd, 000260.367, 175
Trd, 000260.700, 174
Trd, 000260.833, 173
Trd, 000261.567, 167
Trd, 000261.950, 167
Trd, 000262.900, 170
Trd, 000263.450, 167
Trd, 000263.650, 164
Trd, 000263.750, 171
Trd, 000263.983, 172
Trd, 000264.650, 174
Trd, 000265.100, 170
Trd, 000265.650, 176
Trd, 000265.683, 177
Trd, 000267.000, 182
Trd, 000267.100, 183
Trd, 000267.417, 177
Trd, 000268.517, 180
Trd, 000268.600, 181
Trd, 000268.783, 180
Trd, 000269.167, 180
Trd, 000270.100, 182
Trd, 000270.467, 185
Trd, 000270.500, 182
Trd, 000270.700, 176
Trd, 000271.550, 180
Trd, 000271.983, 179
Trd, 000272.717, 177
Trd, 000273.233, 178
Trd, 000274.100, 176
Trd, 000274.150, 180
Trd, 000274.583, 182
Trd, 000275.000, 192
Trd, 000275.817, 187
Trd, 000275.950, 185
Trd, 000276.017, 181
Trd, 000276.300, 179
Trd, 000277.117, 186
Trd, 000277.583, 183
Trd, 000277.617, 182
Trd, 000277.917, 187
Trd, 000279.100, 182
Trd, 000279.267, 183
Trd, 000279.800, 182
Trd, 000280.300, 182
Trd, 000280.350, 181
Trd, 000281.100, 178
Trd, 000281.500, 178
Trd, 000281.600, 178
Trd, 000282.917, 176
Trd, 000283.883, 177
Trd, 000284.050, 176
Trd, 000284.167, 178
Trd, 000284.283, 181
Trd, 000284.450, 181
Trd, 000285.050, 183
Trd, 000285.083, 186
Trd, 000285.183, 180
Trd, 000285.517, 179
Trd, 000285.600, 178
Trd, 000286.250, 177
Trd, 000286.333, 177
Trd, 000286.867, 185
Trd, 000287.033, 184
Trd, 000288.000, 184
Trd, 000288.017, 182
Trd, 000288.217, 180
Trd, 000288.783, 177
Trd, 000288.867, 183
Trd, 000289.550, 169
Trd, 000290.250, 182
Trd, 000290.833, 177
Trd, 000291.350, 181
Trd, 000291.883, 181
Trd, 000291.917, 180
Trd, 000292.117, 182
Trd, 000292.717, 183
Trd, 000292.850, 184
Trd, 000293.000, 182
Trd, 000293.033, 194
Trd, 000293.167, 182
Trd, 000293.283, 179
Trd, 000293.400, 189
Trd, 000293.550, 171
Trd, 000294.100, 176
Trd, 000294.800, 173
Trd, 000295.200, 171
Trd, 000295.783, 173
Trd, 000296.767, 177
Trd, 000296.900, 179
Trd, 000297.867, 177
Trd, 000298.367, 186
Trd, 000298.500, 188
Trd, 000298.683, 185
Trd, 000299.217, 203
