Trd, 000001.633, 119
Trd, 000001.700, 134
Trd, 000003.217, 133
Trd, 000003.267, 135
Trd, 000003.333, 136
Trd, 000003.733, 137
Trd, 000003.867, 144
Trd, 000004.183, 127
Trd, 000004.250, 148
Trd, 000004.367, 155
Trd, 000005.100, 131
Trd, 000006.533, 143
Trd, 000006.783, 145
Trd, 000006.917, 146
Trd, 000007.617, 144
Trd, 000008.067, 149
Trd, 000008.617, 160
Trd, 000008.717, 163
Trd, 000009.317, 164
Trd, 000009.433, 163
Trd, 000010.317, 152
Trd, 000010.417, 152
Trd, 000012.667, 154
Trd, 000013.217, 154
Trd, 000013.833, 152
Trd, 000013.867, 152
Trd, 000014.017, 153
Trd, 000014.550, 153
Trd, 000015.550, 153
Trd, 000015.800, 150
Trd, 000015.933, 145
Trd, 000016.300, 155
Trd, 000016.833, 149
Trd, 000017.917, 150
Trd, 000017.950, 156
Trd, 000018.767, 151
Trd, 000018.800, 140
Trd, 000018.917, 154
Trd, 000022.167, 150
Trd, 000022.283, 149
Trd, 000022.350, 148
Trd, 000022.750, 149
Trd, 000022.850, 148
Trd, 000025.317, 149
Trd, 000025.333, 147
Trd, 000025.550, 146
Trd, 000026.133, 149
Trd, 000026.317, 144
Trd, 000026.733, 145
Trd, 000026.933, 150
Trd, 000028.133, 145
Trd, 000029.067, 154
Trd, 000029.117, 159
Trd, 000029.683, 151
Trd, 000029.800, 150
Trd, 000030.033, 151
Trd, 000030.183, 152
Trd, 000030.533, 147
Trd, 000030.750, 151
Trd, 000031.100, 151
Trd, 000032.733, 150
Trd, 000032.983, 151
Trd, 000033.250, 150
Trd, 000033.500, 143
Trd, 000033.600, 152
Trd, 000033.950, 151
Trd, 000034.350, 152
Trd, 000035.350, 142
Trd, 000037.050, 147
Trd, 000037.100, 146
Trd, 000037.683, 144
Trd, 000038.233, 150
Trd, 000039.033, 147
Trd, 000041.017, 150
Trd, 000041.133, 151
Trd, 000041.433, 152
Trd, 000042.117, 152
Trd, 000042.567, 152
Trd, 000043.250, 150
Trd, 000043.667, 152
Trd, 000044.500, 151
Trd, 000044.950, 151
Trd, 000045.217, 151
Trd, 000045.233, 152
Trd, 000045.767, 152
Trd, 000046.667, 145
Trd, 000047.567, 151
Trd, 000047.667, 148
Trd, 000047.733, 152
Trd, 000048.467, 148
Trd, 000048.917, 144
Trd, 000049.883, 146
Trd, 000049.917, 153
Trd, 000050.300, 153
Trd, 000050.467, 153
Trd, 000050.667, 145
Trd, 000050.717, 153
Trd, 000051.633, 164
Trd, 000051.783, 149
Trd, 000051.883, 159
Trd, 000052.650, 150
Trd, 000052.800, 148
Trd, 000055.050, 153
Trd, 000055.417, 153
Trd, 000056.383, 153
Trd, 000056.467, 154
Trd, 000056.767, 158
Trd, 000058.333, 156
Trd, 000058.467, 155
Trd, 000058.700, 155
Trd, 000059.183, 150
Trd, 000059.400, 146
Trd, 000060.017, 155
Trd, 000060.433, 154
Trd, 000060.767, 143
Trd, 000061.900, 155
Trd, 000062.483, 150
Trd, 000063.700, 148
Trd, 000063.983, 150
Trd, 000065.317, 150
Trd, 000065.400, 153
Trd, 000066.450, 152
Trd, 000067.333, 153
Trd, 000067.433, 151
Trd, 000067.567, 149
Trd, 000067.967, 148
Trd, 000068.700, 151
Trd, 000069.467, 150
Trd, 000070.533, 151
Trd, 000070.550, 151
Trd, 000070.917, 150
Trd, 000071.067, 147
Trd, 000071.550, 151
Trd, 000072.283, 153
Trd, 000073.367, 149
Trd, 000073.567, 155
Trd, 000074.200, 145
Trd, 000075.133, 147
Trd, 000076.517, 146
Trd, 000076.617, 146
Trd, 000077.550, 147
Trd, 000077.633, 149
Trd, 000078.000, 146
Trd, 000078.400, 146
Trd, 000078.450, 152
Trd, 000079.050, 149
Trd, 000079.917, 146
Trd, 000080.200, 145
Trd, 000081.250, 145
Trd, 000081.600, 149
Trd, 000081.850, 152
Trd, 000081.950, 156
Trd, 000083.000, 145
Trd, 000083.417, 138
Trd, 000084.017, 150
Trd, 000084.400, 144
Trd, 000084.467, 150
Trd, 000084.667, 142
Trd, 000085.967, 151
Trd, 000086.033, 143
Trd, 000086.400, 152
Trd, 000087.883, 155
Trd, 000088.017, 154
Trd, 000088.117, 153
Trd, 000088.367, 157
Trd, 000090.417, 150
Trd, 000090.967, 155
Trd, 000091.033, 153
Trd, 000091.100, 148
Trd, 000091.350, 155
Trd, 000091.433, 156
Trd, 000092.017, 155
Trd, 000092.517, 147
Trd, 000092.767, 157
Trd, 000093.033, 157
Trd, 000093.600, 159
Trd, 000093.867, 147
Trd, 000094.300, 160
Trd, 000095.167, 162
Trd, 000095.683, 162
Trd, 000096.167, 168
Trd, 000097.000, 158
Trd, 000097.067, 163
Trd, 000097.417, 156
Trd, 000097.500, 157
Trd, 000098.017, 153
Trd, 000100.333, 154
Trd, 000100.467, 154
Trd, 000100.650, 157
Trd, 000100.867, 153
Trd, 000102.833, 157
Trd, 000102.967, 150
Trd, 000103.650, 157
Trd, 000104.217, 158
Trd, 000105.133, 160
Trd, 000105.567, 158
Trd, 000105.700, 158
Trd, 000105.783, 157
Trd, 000106.000, 156
Trd, 000106.117, 160
Trd, 000106.500, 160
Trd, 000107.867, 158
Trd, 000107.917, 159
Trd, 000107.933, 156
Trd, 000108.250, 154
Trd, 000109.100, 161
Trd, 000109.933, 161
Trd, 000110.883, 156
Trd, 000110.983, 155
Trd, 000111.267, 154
Trd, 000111.517, 161
Trd, 000112.767, 161
Trd, 000112.950, 162
Trd, 000113.800, 155
Trd, 000114.450, 154
Trd, 000114.650, 155
Trd, 000114.783, 157
Trd, 000116.083, 156
Trd, 000117.067, 153
Trd, 000117.633, 155
Trd, 000117.767, 155
Trd, 000117.917, 153
Trd, 000119.167, 155
Trd, 000119.200, 153
Trd, 000120.150, 154
Trd, 000120.233, 153
Trd, 000120.883, 156
Trd, 000122.050, 156
Trd, 000122.200, 164
Trd, 000122.317, 151
Trd, 000122.533, 171
Trd, 000122.617, 173
Trd, 000122.700, 174
Trd, 000123.117, 187
Trd, 000123.250, 205
Trd, 000123.283, 208
Trd, 000124.483, 318.0
Trd, 000124.583, 331.0
Trd, 000125.317, 336.0
Trd, 000125.567, 337.0
Trd, 000126.233, 338
Trd, 000126.367, 348.0
Trd, 000126.867, 353
Trd, 000127.067, 342
Trd, 000127.283, 341
Trd, 000127.417, 339
Trd, 000129.433, 341
Trd, 000129.817, 350
Trd, 000130.717, 343
Trd, 000131.017, 347.0
Trd, 000131.117, 347
Trd, 000131.367, 340
Trd, 000131.433, 348.0
Trd, 000132.900, 349
Trd, 000133.250, 341.0
Trd, 000134.650, 342
Trd, 000134.783, 346.0
Trd, 000135.367, 346.0
Trd, 000136.167, 345
Trd, 000136.633, 344.0
Trd, 000137.133, 347
Trd, 000138.367, 345
Trd, 000139.483, 346
Trd, 000139.617, 345
Trd, 000139.900, 344.0
Trd, 000140.400, 344.0
Trd, 000140.683, 345.0
Trd, 000140.883, 341
Trd, 000141.667, 346
Trd, 000142.000, 348.0
Trd, 000142.833, 345
Trd, 000142.883, 346
Trd, 000143.050, 343
Trd, 000143.283, 338
Trd, 000144.250, 340
Trd, 000145.250, 346
Trd, 000145.467, 342.0
Trd, 000146.033, 346
Trd, 000146.350, 348
Trd, 000147.033, 346
Trd, 000147.950, 344.0
Trd, 000148.317, 348
Trd, 000148.933, 342
Trd, 000149.200, 343
Trd, 000149.667, 342
Trd, 000150.667, 340
Trd, 000150.900, 347
Trd, 000151.717, 342
Trd, 000152.433, 339
Trd, 000152.833, 337.0
Trd, 000154.017, 332.0
Trd, 000154.250, 340
Trd, 000154.350, 341
Trd, 000154.500, 332.0
Trd, 000155.417, 341
Trd, 000156.017, 342
Trd, 000156.767, 337.0
Trd, 000157.233, 343
Trd, 000159.800, 344
Trd, 000159.817, 344
Trd, 000160.817, 345.0
Trd, 000161.050, 344.0
Trd, 000161.617, 347.0
Trd, 000161.900, 344
Trd, 000162.050, 348.0
Trd, 000162.450, 351
Trd, 000163.200, 343
Trd, 000163.983, 350
Trd, 000165.433, 350
Trd, 000165.467, 346
Trd, 000165.800, 350
Trd, 000165.883, 342
Trd, 000166.267, 351
Trd, 000166.700, 339
Trd, 000167.400, 348.0
Trd, 000167.433, 338.0
Trd, 000167.517, 348
Trd, 000167.967, 337.0
Trd, 000168.800, 339
Trd, 000169.050, 340
Trd, 000169.650, 344
Trd, 000170.100, 345
Trd, 000170.550, 341
Trd, 000173.333, 351
Trd, 000173.950, 345
Trd, 000175.167, 346.0
Trd, 000175.267, 345.0
Trd, 000175.483, 347
Trd, 000175.533, 344.0
Trd, 000176.167, 346
Trd, 000176.217, 342
Trd, 000176.350, 348.0
Trd, 000177.867, 340
Trd, 000177.983, 343
Trd, 000178.033, 340
Trd, 000178.567, 344
Trd, 000179.200, 337.0
Trd, 000181.483, 340
Trd, 000182.117, 340
Trd, 000182.367, 341
Trd, 000182.733, 340
Trd, 000183.150, 337
Trd, 000183.183, 340
Trd, 000183.583, 337
Trd, 000184.033, 336
Trd, 000184.433, 320.0
Trd, 000184.567, 312
Trd, 000185.000, 296
Trd, 000185.433, 320
Trd, 000186.067, 183
Trd, 000186.517, 176
Trd, 000186.800, 174
Trd, 000186.933, 170
Trd, 000187.567, 180
Trd, 000188.367, 173
Trd, 000189.117, 171
Trd, 000189.267, 172
Trd, 000189.633, 175
Trd, 000189.867, 175
Trd, 000190.383, 171
Trd, 000190.400, 170
Trd, 000190.533, 168
Trd, 000190.567, 181
Trd, 000190.983, 159
Trd, 000191.867, 158
Trd, 000191.967, 174
Trd, 000192.783, 174
Trd, 000192.950, 165
Trd, 000192.967, 158
Trd, 000193.150, 173
Trd, 000193.283, 180
Trd, 000195.267, 175
Trd, 000195.550, 175
Trd, 000195.850, 165
Trd, 000196.300, 161
Trd, 000196.583, 175
Trd, 000198.083, 168
Trd, 000198.817, 167
Trd, 000199.250, 168
Trd, 000200.550, 168
Trd, 000200.850, 167
Trd, 000201.317, 167
Trd, 000201.533, 160
Trd, 000202.100, 171
Trd, 000203.033, 168
Trd, 000203.617, 164
Trd, 000204.500, 164
Trd, 000204.700, 166
Trd, 000204.767, 167
Trd, 000205.700, 166
Trd, 000205.767, 160
Trd, 000206.167, 167
Trd, 000206.433, 158
Trd, 000207.367, 157
Trd, 000208.000, 158
Trd, 000208.483, 166
Trd, 000208.800, 165
Trd, 000209.217, 162
Trd, 000210.200, 167
Trd, 000210.900, 166
Trd, 000211.033, 168
Trd, 000211.083, 165
Trd, 000211.950, 166
Trd, 000212.300, 165
Trd, 000213.850, 165
Trd, 000214.350, 164
Trd, 000214.817, 165
Trd, 000214.933, 169
Trd, 000215.300, 169
Trd, 000215.733, 161
Trd, 000216.017, 158
Trd, 000216.217, 170
Trd, 000217.100, 170
Trd, 000217.317, 170
Trd, 000217.900, 169
Trd, 000218.500, 172
Trd, 000219.117, 167
Trd, 000220.017, 171
Trd, 000220.217, 168
Trd, 000220.750, 168
Trd, 000221.650, 168
Trd, 000221.667, 167
Trd, 000222.467, 168
Trd, 000222.500, 162
Trd, 000223.117, 160
Trd, 000223.333, 168
Trd, 000223.400, 159
Trd, 000224.450, 168
Trd, 000225.233, 169
Trd, 000226.217, 163
Trd, 000226.400, 168
Trd, 000227.033, 169
Trd, 000228.433, 168
Trd, 000228.667, 170
Trd, 000229.000, 168
Trd, 000229.117, 167
Trd, 000229.200, 171
Trd, 000230.200, 174
Trd, 000230.350, 175
Trd, 000231.333, 180
Trd, 000231.433, 174
Trd, 000232.017, 174
Trd, 000232.917, 160
Trd, 000234.217, 174
Trd, 000234.733, 168
Trd, 000234.767, 175
Trd, 000235.300, 175
Trd, 000236.567, 171
Trd, 000237.350, 178
Trd, 000237.567, 186
Trd, 000238.267, 174
Trd, 000240.067, 174
Trd, 000240.150, 174
Trd, 000240.950, 173
Trd, 000241.233, 171
Trd, 000241.583, 174
Trd, 000242.167, 172
Trd, 000242.233, 171
Trd, 000242.567, 171
Trd, 000242.650, 168
Trd, 000242.817, 172
Trd, 000244.200, 171
Trd, 000244.733, 170
Trd, 000245.317, 174
Trd, 000246.050, 173
Trd, 000246.133, 174
Trd, 000246.550, 177
Trd, 000247.467, 179
Trd, 000248.050, 182
Trd, 000248.267, 181
Trd, 000248.300, 183
Trd, 000248.317, 186
Trd, 000248.617, 172
Trd, 000249.017, 190
Trd, 000249.717, 183
Trd, 000249.933, 177
Trd, 000250.300, 176
Trd, 000250.350, 183
Trd, 000250.700, 178
Trd, 000252.033, 185
Trd, 000252.300, 180
Trd, 000252.317, 177
Trd, 000252.433, 186
Trd, 000253.617, 185
Trd, 000253.933, 186
Trd, 000254.067, 193
Trd, 000254.683, 191
Trd, 000255.800, 193
Trd, 000257.050, 188
Trd, 000257.100, 187
Trd, 000257.433, 177
Trd, 000257.967, 183
Trd, 000258.067, 174
Trd, 000258.450, 171
Trd, 000258.467, 170
Trd, 000258.600, 166
Trd, 000259.550, 170
Trd, 000259.833, 172
Trd, 000260.350, 173
Trd, 000260.933, 175
Trd, 000261.150, 176
Trd, 000261.333, 177
Trd, 000261.517, 175
Trd, 000261.617, 178
Trd, 000262.250, 181
Trd, 000262.400, 178
Trd, 000262.867, 182
Trd, 000263.133, 182
Trd, 000263.400, 173
Trd, 000263.867, 184
Trd, 000264.167, 188
Trd, 000264.217, 176
Trd, 000265.250, 180
Trd, 000265.867, 181
Trd, 000266.050, 185
Trd, 000266.467, 180
Trd, 000266.567, 191
Trd, 000266.833, 193
Trd, 000266.867, 186
Trd, 000267.100, 181
Trd, 000268.250, 183
Trd, 000268.667, 185
Trd, 000269.217, 185
Trd, 000270.950, 175
Trd, 000271.067, 174
Trd, 000271.850, 174
Trd, 000272.300, 172
Trd, 000272.383, 171
Trd, 000272.533, 176
Trd, 000272.600, 178
Trd, 000273.183, 178
Trd, 000273.650, 172
Trd, 000274.400, 175
Trd, 000274.617, 178
Trd, 000274.650, 172
Trd, 000276.183, 173
Trd, 000276.200, 174
Trd, 000276.550, 169
Trd, 000276.783, 174
Trd, 000277.783, 175
Trd, 000279.300, 174
Trd, 000279.633, 174
Trd, 000279.783, 175
Trd, 000279.817, 172
Trd, 000280.817, 184
Trd, 000280.900, 171
Trd, 000281.400, 177
Trd, 000281.833, 177
Trd, 000282.067, 178
Trd, 000282.267, 182
Trd, 000282.700, 190
Trd, 000283.033, 189
Trd, 000283.417, 186
Trd, 000284.283, 180
Trd, 000284.650, 183
Trd, 000284.717, 193
Trd, 000284.950, 182
Trd, 000285.100, 179
Trd, 000285.500, 178
Trd, 000287.333, 179
Trd, 000287.383, 180
Trd, 000287.883, 172
Trd, 000288.600, 172
Trd, 000288.650, 171
Trd, 000290.283, 172
Trd, 000290.967, 176
Trd, 000291.200, 178
Trd, 000291.333, 172
Trd, 000291.983, 169
Trd, 000292.000, 177
Trd, 000292.033, 177
Trd, 000292.083, 178
Trd, 000292.500, 166
Trd, 000293.400, 172
Trd, 000293.667, 173
Trd, 000294.083, 178
Trd, 000294.417, 157
Trd, 000294.900, 179
Trd, 000295.133, 166
Trd, 000296.367, 175
Trd, 000297.350, 176
Trd, 000297.417, 178
Trd, 000297.433, 187
Trd, 000297.483, 172
Trd, 000298.350, 192
Trd, 000298.367, 181
Trd, 000298.500, 174
Trd, 000298.750, 180
Trd, 000299.783, 175
