Trd, 000001.233, 189
Trd, 000002.633, 145
Trd, 000003.200, 144
Trd, 000004.150, 142
Trd, 000004.417, 142
Trd, 000004.750, 142
Trd, 000004.817, 140
Trd, 000005.400, 138
Trd, 000005.900, 141
Trd, 000006.200, 136
Trd, 000007.867, 153
Trd, 000008.167, 154
Trd, 000008.483, 155
Trd, 000008.750, 158
Trd, 000008.950, 155
Trd, 000009.000, 163
Trd, 000011.583, 154
Trd, 000011.933, 155
Trd, 000012.267, 156
Trd, 000012.400, 155
Trd, 000013.583, 155
Trd, 000013.800, 156
Trd, 000014.217, 157
Trd, 000014.750, 150
Trd, 000014.833, 162
Trd, 000014.967, 160
Trd, 000016.067, 163
Trd, 000016.300, 153
Trd, 000016.650, 145
Trd, 000016.717, 164
Trd, 000016.817, 139
Trd, 000017.700, 167
Trd, 000017.800, 169
Trd, 000018.350, 130
Trd, 000019.200, 166
Trd, 000020.783, 164
Trd, 000021.100, 158
Trd, 000022.083, 156
Trd, 000023.067, 159
Trd, 000023.350, 158
Trd, 000024.017, 159
Trd, 000024.200, 162
Trd, 000025.550, 157
Trd, 000026.017, 157
Trd, 000026.517, 158
Trd, 000026.767, 159
Trd, 000027.500, 164
Trd, 000027.700, 160
Trd, 000028.967, 165
Trd, 000029.233, 159
Trd, 000030.283, 165
Trd, 000030.333, 166
Trd, 000030.533, 160
Trd, 000031.717, 162
Trd, 000032.117, 163
Trd, 000032.167, 158
Trd, 000034.233, 159
Trd, 000034.600, 160
Trd, 000034.933, 159
Trd, 000035.817, 163
Trd, 000035.867, 164
Trd, 000036.083, 159
Trd, 000036.467, 159
Trd, 000036.633, 163
Trd, 000037.567, 162
Trd, 000038.483, 161
Trd, 000038.950, 161
Trd, 000039.233, 161
Trd, 000039.450, 161
Trd, 000039.867, 160
Trd, 000041.267, 159
Trd, 000042.833, 157
Trd, 000042.900, 148
Trd, 000043.100, 158
Trd, 000043.217, 133
Trd, 000045.600, 150
Trd, 000045.617, 153
Trd, 000045.883, 151
Trd, 000046.500, 164
Trd, 000046.767, 166
Trd, 000047.033, 167
Trd, 000048.050, 166
Trd, 000048.783, 164
Trd, 000049.317, 163
Trd, 000049.750, 165
Trd, 000049.800, 166
Trd, 000050.333, 167
Trd, 000050.500, 169
Trd, 000051.233, 160
Trd, 000052.383, 160
Trd, 000052.533, 161
Trd, 000052.817, 149
Trd, 000053.250, 162
Trd, 000054.650, 161
Trd, 000055.367, 162
Trd, 000055.783, 163
Trd, 000055.983, 167
Trd, 000056.833, 169
Trd, 000058.050, 168
Trd, 000058.117, 168
Trd, 000058.167, 171
Trd, 000059.383, 165
Trd, 000059.533, 165
Trd, 000059.683, 167
Trd, 000059.917, 161
Trd, 000059.967, 171
Trd, 000061.600, 161
Trd, 000061.967, 160
Trd, 000062.617, 164
Trd, 000063.367, 163
Trd, 000063.700, 163
Trd, 000064.717, 166
Trd, 000066.333, 168
Trd, 000066.367, 169
Trd, 000067.100, 164
Trd, 000067.333, 165
Trd, 000067.350, 166
Trd, 000067.533, 167
Trd, 000068.167, 161
Trd, 000068.467, 172
Trd, 000069.583, 162
Trd, 000070.750, 165
Trd, 000070.950, 164
Trd, 000071.800, 165
Trd, 000072.667, 165
Trd, 000072.833, 164
Trd, 000073.250, 164
Trd, 000073.717, 161
Trd, 000073.867, 169
Trd, 000074.483, 172
Trd, 000074.733, 162
Trd, 000075.133, 161
Trd, 000077.000, 164
Trd, 000077.300, 151
Trd, 000078.017, 167
Trd, 000078.033, 157
Trd, 000078.433, 147
Trd, 000078.467, 169
Trd, 000080.767, 163
Trd, 000081.283, 163
Trd, 000082.217, 163
Trd, 000082.750, 159
Trd, 000083.533, 160
Trd, 000084.417, 161
Trd, 000084.850, 160
Trd, 000084.950, 161
Trd, 000086.133, 159
Trd, 000086.433, 160
Trd, 000086.583, 160
Trd, 000086.683, 162
Trd, 000086.700, 170
Trd, 000087.017, 159
Trd, 000088.717, 163
Trd, 000088.850, 160
Trd, 000089.417, 162
Trd, 000089.533, 164
Trd, 000091.333, 162
Trd, 000091.833, 162
Trd, 000092.683, 162
Trd, 000093.083, 162
Trd, 000093.367, 162
Trd, 000093.617, 163
Trd, 000094.117, 163
Trd, 000094.250, 171
Trd, 000094.817, 171
Trd, 000095.083, 173
Trd, 000095.183, 169
Trd, 000095.383, 181
Trd, 000095.833, 166
Trd, 000096.967, 173
Trd, 000097.483, 173
Trd, 000097.667, 176
Trd, 000097.900, 172
Trd, 000097.967, 177
Trd, 000098.383, 166
Trd, 000100.333, 161
Trd, 000101.233, 162
Trd, 000101.450, 163
Trd, 000102.300, 167
Trd, 000103.633, 168
Trd, 000103.800, 162
Trd, 000104.567, 162
Trd, 000105.183, 170
Trd, 000106.417, 166
Trd, 000106.867, 165
Trd, 000107.050, 168
Trd, 000108.217, 164
Trd, 000109.717, 167
Trd, 000110.250, 166
Trd, 000110.650, 166
Trd, 000111.100, 167
Trd, 000112.483, 169
Trd, 000113.217, 165
Trd, 000113.567, 167
Trd, 000113.983, 168
Trd, 000114.717, 166
Trd, 000115.217, 166
Trd, 000116.050, 165
Trd, 000116.350, 166
Trd, 000116.567, 166
Trd, 000117.033, 167
Trd, 000118.983, 166
Trd, 000119.017, 168
Trd, 000119.333, 168
Trd, 000119.583, 169
Trd, 000120.267, 167
Trd, 000120.700, 167
Trd, 000120.817, 177
Trd, 000121.500, 180
Trd, 000122.100, 174
Trd, 000122.300, 183
Trd, 000122.467, 184
Trd, 000123.233, 198
Trd, 000123.300, 246
Trd, 000124.683, 303.0
Trd, 000124.967, 310.0
Trd, 000125.100, 313.0
Trd, 000126.900, 318
Trd, 000127.250, 320
Trd, 000127.500, 327.0
Trd, 000128.883, 321
Trd, 000129.017, 324
Trd, 000129.300, 325
Trd, 000129.883, 325
Trd, 000129.983, 325
Trd, 000130.700, 324
Trd, 000130.717, 327
Trd, 000131.317, 333
Trd, 000134.433, 337
Trd, 000134.567, 342
Trd, 000134.950, 339
Trd, 000135.167, 339
Trd, 000135.217, 337
Trd, 000135.417, 330
Trd, 000135.567, 343
Trd, 000135.833, 344.0
Trd, 000136.567, 362.0
Trd, 000138.017, 344.0
Trd, 000138.467, 344
Trd, 000138.950, 343
Trd, 000139.550, 343
Trd, 000139.950, 344
Trd, 000140.717, 347
Trd, 000141.183, 352
Trd, 000142.267, 350
Trd, 000142.583, 349
Trd, 000142.800, 355
Trd, 000143.417, 352
Trd, 000145.283, 353
Trd, 000145.633, 350
Trd, 000146.450, 351
Trd, 000146.500, 352
Trd, 000146.517, 353
Trd, 000147.400, 351
Trd, 000147.933, 352.0
Trd, 000148.650, 354.0
Trd, 000148.850, 354.0
Trd, 000149.133, 355
Trd, 000149.750, 357
Trd, 000149.933, 350
Trd, 000150.633, 350
Trd, 000151.317, 356
Trd, 000152.433, 357
Trd, 000152.517, 362.0
Trd, 000152.617, 352
Trd, 000152.817, 349
Trd, 000153.333, 363
Trd, 000154.850, 347
Trd, 000155.550, 347
Trd, 000156.133, 346
Trd, 000156.283, 337
Trd, 000157.433, 344
Trd, 000159.017, 358
Trd, 000160.417, 354
Trd, 000161.033, 351
Trd, 000161.050, 347.0
Trd, 000161.400, 345.0
Trd, 000162.550, 352
Trd, 000162.917, 352
Trd, 000164.050, 350
Trd, 000164.283, 349.0
Trd, 000164.783, 349
Trd, 000165.283, 348
Trd, 000165.700, 362
Trd, 000167.333, 350
Trd, 000167.700, 350
Trd, 000167.767, 354
Trd, 000169.183, 352
Trd, 000169.700, 348
Trd, 000170.517, 350
Trd, 000171.283, 351
Trd, 000171.917, 352
Trd, 000172.500, 350
Trd, 000172.600, 348
Trd, 000173.817, 354
Trd, 000173.833, 355
Trd, 000174.767, 355
Trd, 000175.067, 356
Trd, 000175.217, 356.0
Trd, 000175.317, 362.0
Trd, 000176.100, 352
Trd, 000176.317, 344.0
Trd, 000176.717, 330
Trd, 000177.850, 336
Trd, 000178.050, 333
Trd, 000178.483, 349
Trd, 000179.617, 345
Trd, 000180.667, 344
Trd, 000180.850, 343
Trd, 000181.233, 342
Trd, 000182.067, 342
Trd, 000182.267, 342
Trd, 000182.350, 340
Trd, 000182.433, 339
Trd, 000182.800, 316
Trd, 000182.983, 305
Trd, 000183.383, 295
Trd, 000183.800, 251
Trd, 000184.767, 186
Trd, 000184.917, 164
Trd, 000185.417, 162
Trd, 000185.850, 188
Trd, 000187.017, 187
Trd, 000188.167, 183
Trd, 000189.617, 182
Trd, 000189.700, 183
Trd, 000190.400, 180
Trd, 000190.667, 181
Trd, 000190.933, 177
Trd, 000191.267, 181
Trd, 000191.517, 179
Trd, 000191.633, 181
Trd, 000192.100, 179
Trd, 000192.167, 177
Trd, 000193.083, 176
Trd, 000193.183, 164
Trd, 000193.783, 172
Trd, 000194.083, 177
Trd, 000194.717, 178
Trd, 000195.883, 177
Trd, 000196.017, 180
Trd, 000196.033, 164
Trd, 000196.500, 181
Trd, 000196.850, 185
Trd, 000197.367, 143
Trd, 000198.383, 183
Trd, 000199.133, 154
Trd, 000199.733, 170
Trd, 000200.033, 168
Trd, 000200.217, 170
Trd, 000201.033, 162
Trd, 000201.450, 162
Trd, 000201.683, 165
Trd, 000203.033, 175
Trd, 000204.017, 164
Trd, 000204.717, 165
Trd, 000205.467, 166
Trd, 000205.883, 165
Trd, 000206.083, 150
Trd, 000206.100, 182
Trd, 000206.517, 141
Trd, 000208.333, 158
Trd, 000208.500, 159
Trd, 000208.633, 158
Trd, 000209.367, 157
Trd, 000210.383, 157
Trd, 000210.567, 158
Trd, 000210.600, 159
Trd, 000211.600, 153
Trd, 000213.617, 159
Trd, 000213.733, 160
Trd, 000213.750, 165
Trd, 000214.700, 180
Trd, 000214.867, 182
Trd, 000214.933, 158
Trd, 000215.717, 170
Trd, 000215.733, 159
Trd, 000215.783, 179
Trd, 000216.133, 183
Trd, 000216.483, 175
Trd, 000217.683, 179
Trd, 000217.983, 178
Trd, 000218.400, 177
Trd, 000218.483, 174
Trd, 000220.733, 178
Trd, 000220.783, 179
Trd, 000220.933, 177
Trd, 000221.300, 182
Trd, 000221.983, 178
Trd, 000222.150, 184
Trd, 000222.800, 178
Trd, 000224.000, 185
Trd, 000224.267, 176
Trd, 000224.950, 169
Trd, 000225.917, 172
Trd, 000226.017, 172
Trd, 000226.133, 176
Trd, 000226.683, 176
Trd, 000227.733, 176
Trd, 000227.783, 177
Trd, 000228.867, 173
Trd, 000229.300, 173
Trd, 000229.567, 177
Trd, 000230.000, 176
Trd, 000231.133, 177
Trd, 000231.350, 176
Trd, 000231.367, 185
Trd, 000232.517, 178
Trd, 000233.050, 176
Trd, 000233.833, 169
Trd, 000234.033, 187
Trd, 000234.867, 184
Trd, 000235.133, 185
Trd, 000235.833, 188
Trd, 000236.267, 195
Trd, 000236.800, 186
Trd, 000238.917, 180
Trd, 000238.950, 181
Trd, 000238.967, 180
Trd, 000240.217, 178
Trd, 000240.617, 176
Trd, 000240.800, 176
Trd, 000241.000, 176
Trd, 000241.250, 176
Trd, 000241.383, 176
Trd, 000241.617, 172
Trd, 000241.950, 172
Trd, 000242.767, 172
Trd, 000243.017, 171
Trd, 000243.333, 173
Trd, 000243.433, 182
Trd, 000244.533, 172
Trd, 000245.133, 173
Trd, 000245.617, 171
Trd, 000245.833, 184
Trd, 000246.117, 171
Trd, 000246.650, 176
Trd, 000247.133, 181
Trd, 000247.200, 166
Trd, 000247.767, 174
Trd, 000248.333, 176
Trd, 000248.383, 170
Trd, 000249.133, 178
Trd, 000249.967, 177
Trd, 000250.633, 176
Trd, 000251.350, 177
Trd, 000251.467, 177
Trd, 000251.850, 176
Trd, 000252.000, 175
Trd, 000252.500, 183
Trd, 000253.167, 176
Trd, 000253.283, 175
Trd, 000253.717, 175
Trd, 000253.800, 173
Trd, 000254.417, 158
Trd, 000254.667, 166
Trd, 000255.067, 181
Trd, 000256.533, 161
Trd, 000256.667, 176
Trd, 000256.933, 183
Trd, 000257.383, 187
Trd, 000257.450, 179
Trd, 000258.500, 180
Trd, 000258.533, 179
Trd, 000258.767, 178
Trd, 000258.883, 179
Trd, 000259.667, 175
Trd, 000259.717, 177
Trd, 000259.800, 184
Trd, 000260.217, 174
Trd, 000260.500, 187
Trd, 000260.883, 176
Trd, 000261.517, 177
Trd, 000262.383, 180
Trd, 000262.483, 180
Trd, 000262.983, 170
Trd, 000263.100, 177
Trd, 000263.300, 173
Trd, 000263.667, 168
Trd, 000263.900, 172
Trd, 000263.917, 164
Trd, 000264.083, 156
Trd, 000264.850, 170
Trd, 000266.467, 161
Trd, 000267.133, 164
Trd, 000267.217, 165
Trd, 000267.383, 168
Trd, 000267.417, 170
Trd, 000268.400, 166
Trd, 000268.467, 171
Trd, 000269.050, 184
Trd, 000269.233, 180
Trd, 000270.300, 175
Trd, 000270.933, 184
Trd, 000270.950, 183
Trd, 000271.033, 185
Trd, 000271.583, 191
Trd, 000272.183, 198
Trd, 000272.650, 191
Trd, 000272.700, 190
Trd, 000273.467, 185
Trd, 000274.067, 188
Trd, 000275.183, 181
Trd, 000275.567, 184
Trd, 000275.583, 179
Trd, 000275.767, 176
Trd, 000276.033, 184
Trd, 000276.900, 182
Trd, 000277.283, 181
Trd, 000277.333, 179
Trd, 000277.417, 177
Trd, 000277.450, 182
Trd, 000277.783, 178
Trd, 000278.033, 175
Trd, 000278.100, 171
Trd, 000278.933, 179
Trd, 000279.233, 180
Trd, 000280.483, 180
Trd, 000280.783, 180
Trd, 000280.967, 181
Trd, 000281.017, 186
Trd, 000282.000, 181
Trd, 000282.250, 179
Trd, 000282.717, 180
Trd, 000282.867, 181
Trd, 000282.883, 190
Trd, 000283.567, 177
Trd, 000283.617, 172
Trd, 000284.367, 186
Trd, 000284.900, 185
Trd, 000285.267, 191
Trd, 000285.333, 192
Trd, 000285.933, 187
Trd, 000286.417, 186
Trd, 000286.467, 187
Trd, 000287.117, 183
Trd, 000287.567, 191
Trd, 000287.733, 190
Trd, 000288.183, 187
Trd, 000288.367, 195
Trd, 000288.733, 197
Trd, 000288.767, 184
Trd, 000289.967, 192
Trd, 000291.083, 191
Trd, 000291.317, 189
Trd, 000291.933, 187
Trd, 000292.050, 187
Trd, 000292.783, 185
Trd, 000292.933, 178
Trd, 000293.317, 177
Trd, 000293.617, 183
Trd, 000294.500, 178
Trd, 000294.583, 180
Trd, 000295.917, 177
Trd, 000295.950, 170
Trd, 000296.733, 168
Trd, 000297.300, 167
Trd, 000297.417, 171
Trd, 000297.700, 165
Trd, 000297.750, 174
Trd, 000297.917, 186
Trd, 000298.033, 164
Trd, 000299.783, 168
Trd, 000299.833, 169
Trd, 000299.950, 167
