Trd, 000001.683, 151
Trd, 000002.800, 152
Trd, 000002.817, 157
Trd, 000003.433, 139
Trd, 000003.817, 140
Trd, 000004.083, 139
Trd, 000004.383, 144
Trd, 000005.183, 138
Trd, 000005.550, 138
Trd, 000007.350, 144
Trd, 000007.467, 150
Trd, 000008.783, 148
Trd, 000009.450, 149
Trd, 000009.950, 143
Trd, 000010.600, 145
Trd, 000011.650, 148
Trd, 000012.267, 148
Trd, 000012.400, 148
Trd, 000012.700, 147
Trd, 000012.817, 146
Trd, 000013.250, 148
Trd, 000014.333, 145
Trd, 000015.433, 147
Trd, 000015.567, 145
Trd, 000015.983, 147
Trd, 000016.067, 149
Trd, 000016.500, 135
Trd, 000017.900, 143
Trd, 000018.550, 144
Trd, 000019.183, 144
Trd, 000019.633, 145
Trd, 000019.783, 146
Trd, 000020.683, 147
Trd, 000020.733, 143
Trd, 000022.467, 143
Trd, 000022.533, 144
Trd, 000022.600, 143
Trd, 000023.150, 146
Trd, 000023.683, 146
Trd, 000024.300, 157
Trd, 000024.467, 142
Trd, 000025.433, 152
Trd, 000025.950, 152
Trd, 000026.450, 153
Trd, 000026.483, 149
Trd, 000027.483, 152
Trd, 000027.633, 154
Trd, 000028.200, 151
Trd, 000028.800, 147
Trd, 000029.267, 152
Trd, 000029.467, 157
Trd, 000030.800, 150
Trd, 000031.300, 155
Trd, 000031.450, 157
Trd, 000032.950, 152
Trd, 000033.533, 152
Trd, 000033.817, 155
Trd, 000034.067, 153
Trd, 000034.667, 152
Trd, 000034.733, 151
Trd, 000035.067, 152
Trd, 000036.267, 154
Trd, 000037.100, 155
Trd, 000037.717, 158
Trd, 000037.967, 151
Trd, 000038.250, 158
Trd, 000038.367, 160
Trd, 000038.383, 148
Trd, 000038.883, 162
Trd, 000039.000, 166
Trd, 000040.467, 141
Trd, 000040.550, 145
Trd, 000041.117, 145
Trd, 000041.467, 137
Trd, 000041.817, 146
Trd, 000043.550, 141
Trd, 000043.583, 142
Trd, 000043.617, 145
Trd, 000044.233, 143
Trd, 000044.250, 147
Trd, 000044.483, 148
Trd, 000045.967, 156
Trd, 000047.300, 149
Trd, 000047.483, 152
Trd, 000047.533, 146
Trd, 000047.567, 153
Trd, 000047.983, 145
Trd, 000048.650, 156
Trd, 000048.900, 156
Trd, 000049.667, 155
Trd, 000049.800, 155
Trd, 000050.467, 153
Trd, 000050.567, 153
Trd, 000050.833, 152
Trd, 000050.917, 155
Trd, 000052.950, 152
Trd, 000053.367, 151
Trd, 000053.817, 152
Trd, 000054.300, 151
Trd, 000054.467, 157
Trd, 000054.783, 158
Trd, 000055.067, 149
Trd, 000055.117, 160
Trd, 000055.183, 163
Trd, 000055.417, 149
Trd, 000056.733, 149
Trd, 000057.050, 150
Trd, 000057.867, 150
Trd, 000058.550, 148
Trd, 000058.900, 148
Trd, 000059.333, 145
Trd, 000060.500, 146
Trd, 000060.617, 146
Trd, 000060.700, 145
Trd, 000061.000, 143
Trd, 000063.017, 145
Trd, 000063.067, 149
Trd, 000063.750, 150
Trd, 000064.467, 156
Trd, 000064.683, 163
Trd, 000065.517, 158
Trd, 000065.650, 158
Trd, 000065.833, 158
Trd, 000065.933, 157
Trd, 000067.717, 158
Trd, 000068.183, 157
Trd, 000068.617, 157
Trd, 000068.700, 158
Trd, 000068.883, 151
Trd, 000069.350, 155
Trd, 000070.233, 156
Trd, 000071.433, 152
Trd, 000071.550, 151
Trd, 000071.817, 156
Trd, 000072.717, 155
Trd, 000072.867, 151
Trd, 000072.967, 161
Trd, 000073.333, 151
Trd, 000073.483, 160
Trd, 000075.333, 159
Trd, 000075.583, 155
Trd, 000076.583, 154
Trd, 000076.917, 156
Trd, 000076.983, 157
Trd, 000077.517, 153
Trd, 000078.433, 157
Trd, 000079.633, 152
Trd, 000079.933, 151
Trd, 000080.133, 154
Trd, 000080.983, 152
Trd, 000081.350, 155
Trd, 000082.067, 154
Trd, 000082.083, 153
Trd, 000082.650, 153
Trd, 000083.950, 155
Trd, 000083.983, 147
Trd, 000084.767, 157
Trd, 000085.133, 151
Trd, 000085.750, 152
Trd, 000086.367, 152
Trd, 000086.750, 150
Trd, 000087.267, 153
Trd, 000087.583, 151
Trd, 000089.217, 153
Trd, 000090.117, 153
Trd, 000090.283, 155
Trd, 000090.783, 162
Trd, 000091.500, 156
Trd, 000091.517, 164
Trd, 000091.617, 155
Trd, 000092.050, 157
Trd, 000093.700, 161
Trd, 000094.683, 161
Trd, 000094.933, 160
Trd, 000094.983, 158
Trd, 000095.167, 146
Trd, 000095.233, 161
Trd, 000095.467, 162
Trd, 000095.533, 142
Trd, 000095.817, 141
Trd, 000096.267, 168
Trd, 000096.683, 152
Trd, 000097.283, 161
Trd, 000097.433, 171
Trd, 000097.800, 154
Trd, 000098.633, 147
Trd, 000100.450, 154
Trd, 000100.533, 153
Trd, 000100.817, 153
Trd, 000101.050, 153
Trd, 000102.000, 152
Trd, 000103.017, 149
Trd, 000103.183, 149
Trd, 000103.583, 148
Trd, 000104.017, 150
Trd, 000104.467, 149
Trd, 000104.667, 148
Trd, 000105.900, 150
Trd, 000105.983, 154
Trd, 000107.067, 157
Trd, 000107.300, 152
Trd, 000108.900, 155
Trd, 000109.400, 152
Trd, 000109.583, 151
Trd, 000109.950, 153
Trd, 000110.450, 155
Trd, 000110.733, 160
Trd, 000111.367, 166
Trd, 000111.650, 165
Trd, 000111.767, 166
Trd, 000111.850, 155
Trd, 000111.933, 167
Trd, 000112.883, 157
Trd, 000114.550, 158
Trd, 000115.700, 158
Trd, 000115.783, 158
Trd, 000116.600, 158
Trd, 000117.200, 157
Trd, 000117.733, 159
Trd, 000118.667, 158
Trd, 000118.867, 156
Trd, 000119.633, 156
Trd, 000119.733, 159
Trd, 000119.950, 159
Trd, 000120.283, 155
Trd, 000120.417, 160
Trd, 000121.217, 161
Trd, 000121.450, 161
Trd, 000121.517, 170
Trd, 000122.033, 169
Trd, 000122.300, 174
Trd, 000122.333, 194
Trd, 000122.817, 201
Trd, 000123.133, 255
Trd, 000123.617, 262
Trd, 000124.217, 305
Trd, 000124.417, 306.0
Trd, 000125.517, 324
Trd, 000125.567, 324.0
Trd, 000125.967, 327.0
Trd, 000126.300, 334.0
Trd, 000126.450, 337.0
Trd, 000126.767, 333
Trd, 000128.500, 340
Trd, 000128.817, 341.0
Trd, 000129.100, 339
Trd, 000129.183, 344.0
Trd, 000130.083, 341
Trd, 000130.483, 352
Trd, 000131.967, 350
Trd, 000132.000, 351
Trd, 000133.767, 342
Trd, 000134.167, 344.0
Trd, 000134.267, 346
Trd, 000135.350, 339
Trd, 000136.083, 339
Trd, 000136.283, 338.0
Trd, 000136.467, 341
Trd, 000136.617, 343
Trd, 000137.267, 339.0
Trd, 000138.100, 345
Trd, 000138.817, 343.0
Trd, 000139.250, 342
Trd, 000140.133, 342
Trd, 000140.450, 342.0
Trd, 000141.383, 342
Trd, 000141.550, 343.0
Trd, 000142.167, 343.0
Trd, 000143.217, 342
Trd, 000143.250, 340
Trd, 000144.033, 339
Trd, 000144.833, 338.0
Trd, 000145.817, 338
Trd, 000146.217, 339.0
Trd, 000147.067, 343.0
Trd, 000148.667, 338
Trd, 000148.783, 341.0
Trd, 000150.150, 340.0
Trd, 000150.733, 338
Trd, 000151.050, 338.0
Trd, 000151.100, 339
Trd, 000151.633, 338
Trd, 000151.783, 340.0
Trd, 000151.983, 340.0
Trd, 000152.200, 344.0
Trd, 000152.583, 343
Trd, 000153.133, 352
Trd, 000153.783, 345
Trd, 000154.417, 349
Trd, 000155.100, 348
Trd, 000155.217, 349
Trd, 000155.333, 345
Trd, 000156.167, 345
Trd, 000157.083, 344.0
Trd, 000157.850, 341
Trd, 000157.983, 337.0
Trd, 000158.350, 334.0
Trd, 000158.833, 339
Trd, 000159.100, 339
Trd, 000159.800, 339
Trd, 000160.300, 336
Trd, 000160.500, 340
Trd, 000161.300, 344.0
Trd, 000161.417, 344
Trd, 000162.183, 354
Trd, 000162.750, 344
Trd, 000163.117, 347
Trd, 000163.417, 348
Trd, 000163.767, 346
Trd, 000163.867, 347
Trd, 000164.600, 344
Trd, 000164.683, 350
Trd, 000165.817, 344.0
Trd, 000166.467, 345
Trd, 000166.783, 344
Trd, 000168.217, 351
Trd, 000169.500, 349
Trd, 000169.633, 350
Trd, 000170.067, 351
Trd, 000170.500, 350
Trd, 000170.533, 347
Trd, 000170.800, 351
Trd, 000172.833, 349
Trd, 000173.483, 351
Trd, 000174.067, 347
Trd, 000174.717, 345
Trd, 000175.017, 345
Trd, 000175.050, 349
Trd, 000175.100, 344.0
Trd, 000175.117, 350
Trd, 000176.383, 341
Trd, 000176.883, 339
Trd, 000178.100, 339.0
Trd, 000178.533, 340
Trd, 000178.650, 341
Trd, 000178.683, 343
Trd, 000179.633, 344.0
Trd, 000180.183, 344
Trd, 000180.700, 348
Trd, 000181.533, 345
Trd, 000181.967, 336
Trd, 000182.217, 338
Trd, 000182.383, 333
Trd, 000183.167, 327.0
Trd, 000183.217, 324.0
Trd, 000183.317, 298
Trd, 000183.467, 307
Trd, 000183.583, 290
Trd, 000184.200, 264
Trd, 000184.433, 188
Trd, 000185.733, 197
Trd, 000186.700, 205
Trd, 000187.033, 189
Trd, 000187.483, 190
Trd, 000187.750, 204
Trd, 000188.250, 191
Trd, 000188.717, 198
Trd, 000189.083, 189
Trd, 000190.133, 189
Trd, 000190.467, 184
Trd, 000190.717, 174
Trd, 000192.167, 175
Trd, 000192.600, 168
Trd, 000192.717, 176
Trd, 000193.733, 166
Trd, 000194.133, 168
Trd, 000194.467, 163
Trd, 000195.250, 166
Trd, 000195.400, 165
Trd, 000195.733, 166
Trd, 000195.767, 168
Trd, 000196.083, 170
Trd, 000197.650, 165
Trd, 000198.717, 167
Trd, 000199.433, 169
Trd, 000199.450, 169
Trd, 000200.017, 168
Trd, 000200.400, 167
Trd, 000200.983, 166
Trd, 000201.083, 167
Trd, 000201.367, 166
Trd, 000201.733, 168
Trd, 000202.450, 165
Trd, 000202.833, 168
Trd, 000203.600, 170
Trd, 000203.967, 164
Trd, 000204.633, 172
Trd, 000204.683, 164
Trd, 000205.417, 162
Trd, 000206.300, 170
Trd, 000206.733, 170
Trd, 000207.367, 167
Trd, 000207.750, 167
Trd, 000208.433, 165
Trd, 000208.450, 166
Trd, 000208.567, 166
Trd, 000208.933, 166
Trd, 000209.033, 168
Trd, 000210.083, 168
Trd, 000210.467, 176
Trd, 000211.167, 172
Trd, 000211.467, 167
Trd, 000211.967, 169
Trd, 000212.483, 168
Trd, 000213.050, 167
Trd, 000214.750, 165
Trd, 000214.983, 158
Trd, 000215.133, 165
Trd, 000216.017, 163
Trd, 000216.150, 161
Trd, 000216.267, 161
Trd, 000216.917, 160
Trd, 000217.583, 160
Trd, 000217.633, 161
Trd, 000219.200, 163
Trd, 000219.300, 166
Trd, 000220.083, 164
Trd, 000220.850, 165
Trd, 000221.100, 168
Trd, 000221.500, 163
Trd, 000222.600, 164
Trd, 000222.983, 165
Trd, 000223.817, 164
Trd, 000224.117, 165
Trd, 000224.333, 164
Trd, 000224.467, 166
Trd, 000224.517, 172
Trd, 000226.267, 169
Trd, 000227.917, 168
Trd, 000228.067, 169
Trd, 000228.700, 170
Trd, 000229.500, 169
Trd, 000229.867, 172
Trd, 000230.117, 167
Trd, 000230.767, 167
Trd, 000231.400, 157
Trd, 000232.483, 167
Trd, 000232.600, 169
Trd, 000233.183, 157
Trd, 000233.950, 161
Trd, 000235.000, 160
Trd, 000235.117, 159
Trd, 000235.233, 158
Trd, 000235.650, 158
Trd, 000235.883, 157
Trd, 000235.967, 158
Trd, 000236.600, 159
Trd, 000237.283, 178
Trd, 000237.750, 166
Trd, 000238.933, 165
Trd, 000239.317, 164
Trd, 000240.050, 165
Trd, 000240.200, 163
Trd, 000240.333, 165
Trd, 000240.650, 165
Trd, 000240.983, 163
Trd, 000241.533, 164
Trd, 000241.717, 165
Trd, 000242.417, 175
Trd, 000243.033, 171
Trd, 000243.767, 172
Trd, 000243.783, 173
Trd, 000243.933, 171
Trd, 000244.067, 172
Trd, 000244.367, 174
Trd, 000245.217, 179
Trd, 000245.433, 181
Trd, 000245.717, 173
Trd, 000246.233, 186
Trd, 000246.517, 174
Trd, 000246.933, 178
Trd, 000248.217, 181
Trd, 000248.733, 182
Trd, 000248.750, 181
Trd, 000249.467, 189
Trd, 000250.650, 178
Trd, 000250.967, 180
Trd, 000251.583, 180
Trd, 000251.850, 180
Trd, 000251.983, 179
Trd, 000252.283, 177
Trd, 000253.133, 175
Trd, 000253.767, 176
Trd, 000254.550, 179
Trd, 000254.733, 179
Trd, 000254.867, 178
Trd, 000255.000, 179
Trd, 000255.467, 178
Trd, 000255.683, 177
Trd, 000256.000, 181
Trd, 000256.417, 183
Trd, 000256.750, 181
Trd, 000257.317, 183
Trd, 000257.650, 180
Trd, 000257.750, 176
Trd, 000258.583, 177
Trd, 000259.483, 176
Trd, 000259.883, 175
Trd, 000260.117, 176
Trd, 000260.383, 176
Trd, 000260.450, 174
Trd, 000260.783, 177
Trd, 000261.050, 180
Trd, 000261.550, 175
Trd, 000262.100, 179
Trd, 000262.333, 176
Trd, 000262.633, 181
Trd, 000263.133, 182
Trd, 000263.617, 184
Trd, 000263.667, 180
Trd, 000264.750, 183
Trd, 000264.917, 183
Trd, 000264.967, 181
Trd, 000265.200, 183
Trd, 000265.700, 184
Trd, 000265.767, 181
Trd, 000266.967, 183
Trd, 000267.300, 180
Trd, 000267.367, 184
Trd, 000267.567, 184
Trd, 000268.450, 177
Trd, 000268.650, 177
Trd, 000269.233, 184
Trd, 000270.150, 187
Trd, 000270.233, 189
Trd, 000271.100, 185
Trd, 000271.267, 183
Trd, 000271.850, 183
Trd, 000271.867, 184
Trd, 000272.200, 180
Trd, 000273.033, 182
Trd, 000273.183, 184
Trd, 000273.817, 185
Trd, 000274.433, 185
Trd, 000274.500, 184
Trd, 000274.733, 191
Trd, 000274.767, 192
Trd, 000274.967, 181
Trd, 000275.600, 177
Trd, 000276.250, 173
Trd, 000276.433, 185
Trd, 000276.883, 183
Trd, 000277.017, 174
Trd, 000277.400, 183
Trd, 000278.433, 180
Trd, 000279.000, 181
Trd, 000279.333, 187
Trd, 000279.533, 187
Trd, 000279.733, 189
Trd, 000280.350, 177
Trd, 000280.367, 179
Trd, 000280.983, 177
Trd, 000281.083, 172
Trd, 000281.783, 178
Trd, 000282.100, 183
Trd, 000282.167, 184
Trd, 000282.350, 185
Trd, 000282.650, 184
Trd, 000283.017, 186
Trd, 000284.417, 184
Trd, 000284.467, 183
Trd, 000284.483, 182
Trd, 000284.533, 185
Trd, 000285.317, 178
Trd, 000285.550, 184
Trd, 000285.983, 185
Trd, 000286.233, 186
Trd, 000286.733, 185
Trd, 000287.200, 193
Trd, 000287.333, 184
Trd, 000287.733, 190
Trd, 000287.883, 185
Trd, 000288.000, 183
Trd, 000288.050, 172
Trd, 000288.683, 191
Trd, 000289.167, 188
Trd, 000289.183, 173
Trd, 000289.717, 184
Trd, 000290.567, 176
Trd, 000291.000, 177
Trd, 000291.350, 178
Trd, 000291.433, 187
Trd, 000291.817, 187
Trd, 000292.167, 174
Trd, 000292.733, 178
Trd, 000293.417, 177
Trd, 000293.567, 184
Trd, 000293.900, 173
Trd, 000294.483, 176
Trd, 000294.517, 183
Trd, 000294.783, 184
Trd, 000294.917, 185
Trd, 000295.283, 191
Trd, 000296.617, 188
Trd, 000297.350, 180
Trd, 000297.800, 180
Trd, 000297.883, 181
Trd, 000298.267, 179
Trd, 000298.283, 182
Trd, 000299.217, 175
Trd, 000299.317, 174
Trd, 000299.983, 181
