Trd, 000000.700, 117
Trd, 000001.683, 124
Trd, 000003.150, 141
Trd, 000004.000, 143
Trd, 000004.017, 144
Trd, 000005.050, 148
Trd, 000005.333, 148
Trd, 000005.733, 143
Trd, 000006.083, 149
Trd, 000007.200, 144
Trd, 000007.633, 142
Trd, 000007.733, 143
Trd, 000008.900, 146
Trd, 000009.517, 144
Trd, 000010.400, 145
Trd, 000010.717, 146
Trd, 000010.950, 149
Trd, 000012.000, 149
Trd, 000012.100, 148
Trd, 000012.517, 150
Trd, 000012.750, 146
Trd, 000013.517, 145
Trd, 000013.833, 147
Trd, 000013.883, 148
Trd, 000013.933, 143
Trd, 000014.100, 138
Trd, 000016.133, 146
Trd, 000016.483, 147
Trd, 000016.983, 148
Trd, 000017.367, 149
Trd, 000017.500, 148
Trd, 000017.517, 144
Trd, 000017.683, 143
Trd, 000017.717, 142
Trd, 000018.033, 152
Trd, 000020.267, 147
Trd, 000020.800, 149
Trd, 000021.250, 143
Trd, 000022.117, 145
Trd, 000022.883, 146
Trd, 000022.950, 147
Trd, 000023.733, 147
Trd, 000023.833, 150
Trd, 000024.517, 153
Trd, 000024.867, 156
Trd, 000025.583, 149
Trd, 000025.983, 148
Trd, 000026.100, 150
Trd, 000026.583, 151
Trd, 000027.267, 154
Trd, 000027.350, 154
Trd, 000027.417, 152
Trd, 000027.600, 147
Trd, 000028.033, 155
Trd, 000028.517, 146
Trd, 000028.683, 153
Trd, 000028.750, 144
Trd, 000030.267, 147
Trd, 000030.317, 151
Trd, 000030.900, 151
Trd, 000032.433, 149
Trd, 000032.817, 150
Trd, 000033.583, 150
Trd, 000033.600, 151
Trd, 000033.833, 149
Trd, 000035.433, 151
Trd, 000035.700, 151
Trd, 000035.933, 148
Trd, 000036.533, 148
Trd, 000037.850, 150
Trd, 000037.867, 152
Trd, 000038.000, 148
Trd, 000039.400, 154
Trd, 000040.417, 148
Trd, 000040.433, 152
Trd, 000041.067, 150
Trd, 000042.033, 152
Trd, 000043.150, 153
Trd, 000043.533, 153
Trd, 000043.717, 152
Trd, 000044.267, 150
Trd, 000044.917, 150
Trd, 000044.933, 149
Trd, 000045.050, 150
Trd, 000045.233, 151
Trd, 000046.800, 148
Trd, 000047.083, 146
Trd, 000047.133, 148
Trd, 000047.217, 150
Trd, 000047.350, 145
Trd, 000048.533, 149
Trd, 000048.983, 149
Trd, 000050.600, 152
Trd, 000050.883, 147
Trd, 000051.083, 144
Trd, 000051.283, 152
Trd, 000052.317, 153
Trd, 000052.367, 153
Trd, 000052.567, 152
Trd, 000052.650, 151
Trd, 000053.717, 156
Trd, 000054.917, 152
Trd, 000055.850, 152
Trd, 000056.083, 160
Trd, 000057.233, 157
Trd, 000058.667, 155
Trd, 000059.117, 166
Trd, 000059.200, 163
Trd, 000059.250, 167
Trd, 000059.300, 156
Trd, 000060.067, 159
Trd, 000060.650, 155
Trd, 000060.717, 156
Trd, 000060.833, 147
Trd, 000061.633, 157
Trd, 000062.550, 151
Trd, 000063.483, 157
Trd, 000063.617, 147
Trd, 000064.817, 154
Trd, 000065.400, 152
Trd, 000065.433, 154
Trd, 000066.100, 153
Trd, 000066.150, 152
Trd, 000066.900, 153
Trd, 000067.133, 155
Trd, 000067.533, 157
Trd, 000067.950, 156
Trd, 000068.267, 169
Trd, 000069.817, 160
Trd, 000070.233, 160
Trd, 000071.350, 157
Trd, 000071.433, 154
Trd, 000071.700, 157
Trd, 000071.867, 157
Trd, 000071.983, 148
Trd, 000072.950, 153
Trd, 000073.417, 151
Trd, 000074.750, 153
Trd, 000075.583, 153
Trd, 000075.767, 156
Trd, 000075.900, 152
Trd, 000076.100, 158
Trd, 000076.683, 164
Trd, 000076.833, 174
Trd, 000077.433, 169
Trd, 000077.967, 170
Trd, 000078.850, 168
Trd, 000080.333, 158
Trd, 000080.450, 161
Trd, 000080.467, 163
Trd, 000080.517, 159
Trd, 000081.550, 160
Trd, 000081.933, 161
Trd, 000082.167, 160
Trd, 000083.067, 159
Trd, 000083.967, 158
Trd, 000084.800, 166
Trd, 000085.167, 165
Trd, 000085.250, 146
Trd, 000085.567, 165
Trd, 000086.717, 158
Trd, 000086.867, 159
Trd, 000087.467, 160
Trd, 000087.883, 152
Trd, 000088.133, 151
Trd, 000089.217, 153
Trd, 000089.400, 154
Trd, 000089.800, 150
Trd, 000090.550, 155
Trd, 000091.767, 154
Trd, 000092.500, 154
Trd, 000093.400, 154
Trd, 000093.450, 154
Trd, 000093.700, 153
Trd, 000093.800, 155
Trd, 000095.367, 156
Trd, 000095.950, 157
Trd, 000096.300, 157
Trd, 000096.833, 157
Trd, 000097.350, 156
Trd, 000098.733, 167
Trd, 000098.817, 159
Trd, 000099.750, 158
Trd, 000100.183, 158
Trd, 000101.000, 158
Trd, 000101.133, 154
Trd, 000102.000, 155
Trd, 000102.517, 158
Trd, 000103.617, 156
Trd, 000105.217, 153
Trd, 000105.750, 153
Trd, 000105.833, 154
Trd, 000105.850, 155
Trd, 000105.967, 156
Trd, 000106.300, 154
Trd, 000106.483, 154
Trd, 000106.617, 161
Trd, 000107.033, 153
Trd, 000107.350, 163
Trd, 000109.050, 165
Trd, 000109.067, 163
Trd, 000109.250, 166
Trd, 000109.483, 163
Trd, 000109.550, 179
Trd, 000110.000, 159
Trd, 000110.433, 154
Trd, 000111.133, 154
Trd, 000111.533, 158
Trd, 000111.717, 158
Trd, 000112.333, 157
Trd, 000113.583, 157
Trd, 000113.983, 157
Trd, 000114.067, 158
Trd, 000114.117, 156
Trd, 000114.450, 159
Trd, 000114.517, 153
Trd, 000114.850, 161
Trd, 000115.283, 161
Trd, 000116.500, 161
Trd, 000118.317, 160
Trd, 000118.517, 160
Trd, 000118.583, 157
Trd, 000120.050, 160
Trd, 000120.317, 158
Trd, 000120.367, 159
Trd, 000120.483, 153
Trd, 000120.900, 161
Trd, 000121.600, 161
Trd, 000121.817, 163
Trd, 000122.317, 179
Trd, 000122.517, 180
Trd, 000123.083, 182
Trd, 000123.217, 187
Trd, 000123.317, 201
Trd, 000124.000, 310.0
Trd, 000124.167, 324.0
Trd, 000124.217, 341.0
Trd, 000124.783, 312
Trd, 000125.167, 339
Trd, 000126.433, 339.0
Trd, 000126.517, 344.0
Trd, 000126.667, 345
Trd, 000128.267, 344
Trd, 000128.867, 349.0
Trd, 000129.267, 349.0
Trd, 000129.350, 345
Trd, 000129.617, 350.0
Trd, 000129.800, 355.0
Trd, 000130.133, 349
Trd, 000130.533, 345
Trd, 000130.983, 341.0
Trd, 000132.433, 350
Trd, 000132.533, 337.0
Trd, 000132.750, 350.0
Trd, 000134.033, 347
Trd, 000134.133, 352
Trd, 000134.300, 336
Trd, 000134.717, 341.0
Trd, 000136.633, 341
Trd, 000136.933, 342
Trd, 000138.150, 343
Trd, 000138.600, 344
Trd, 000138.650, 344.0
Trd, 000139.500, 342
Trd, 000140.417, 342
Trd, 000141.050, 341
Trd, 000141.933, 345
Trd, 000142.950, 346
Trd, 000143.367, 344.0
Trd, 000144.033, 341.0
Trd, 000145.017, 345
Trd, 000145.467, 345.0
Trd, 000145.950, 343
Trd, 000146.317, 340
Trd, 000149.067, 347
Trd, 000149.533, 342
Trd, 000149.700, 348.0
Trd, 000149.800, 341.0
Trd, 000150.967, 345
Trd, 000151.850, 345.0
Trd, 000152.317, 345.0
Trd, 000153.883, 350
Trd, 000154.667, 349
Trd, 000154.717, 349
Trd, 000154.867, 350
Trd, 000155.317, 348.0
Trd, 000155.683, 341
Trd, 000157.050, 341
Trd, 000157.667, 342
Trd, 000158.350, 344
Trd, 000158.917, 343
Trd, 000159.100, 341.0
Trd, 000160.567, 342.0
Trd, 000161.050, 339
Trd, 000161.417, 341
Trd, 000161.933, 344.0
Trd, 000162.600, 338.0
Trd, 000163.217, 340
Trd, 000163.383, 337.0
Trd, 000165.233, 338
Trd, 000166.083, 337
Trd, 000166.583, 337
Trd, 000166.600, 340.0
Trd, 000166.617, 340
Trd, 000167.533, 337.0
Trd, 000168.383, 341.0
Trd, 000169.267, 341.0
Trd, 000169.433, 340
Trd, 000169.483, 339
Trd, 000169.933, 342
Trd, 000170.883, 340
Trd, 000171.233, 338
Trd, 000171.300, 343.0
Trd, 000171.367, 344.0
Trd, 000171.450, 346
Trd, 000174.000, 344
Trd, 000174.167, 347.0
Trd, 000174.300, 344
Trd, 000174.383, 343
Trd, 000175.100, 343
Trd, 000175.483, 339
Trd, 000175.917, 344
Trd, 000175.967, 345
Trd, 000176.133, 347
Trd, 000178.333, 350.0
Trd, 000179.400, 348
Trd, 000179.883, 343.0
Trd, 000180.167, 346
Trd, 000180.233, 343.0
Trd, 000180.867, 344
Trd, 000180.917, 345
Trd, 000181.167, 342.0
Trd, 000181.217, 341.0
Trd, 000181.317, 340
Trd, 000181.667, 341
Trd, 000182.067, 337.0
Trd, 000182.183, 327.0
Trd, 000182.267, 323
Trd, 000182.317, 321
Trd, 000182.367, 319
Trd, 000183.117, 317.0
Trd, 000183.183, 313.0
Trd, 000183.300, 306.0
Trd, 000183.683, 288
Trd, 000184.617, 265
Trd, 000185.767, 218
Trd, 000186.700, 212
Trd, 000187.183, 204
Trd, 000187.317, 198
Trd, 000188.467, 196
Trd, 000188.633, 187
Trd, 000190.733, 190
Trd, 000190.933, 188
Trd, 000190.950, 191
Trd, 000191.000, 181
Trd, 000191.500, 174
Trd, 000193.017, 172
Trd, 000193.250, 171
Trd, 000193.450, 170
Trd, 000193.800, 170
Trd, 000194.233, 171
Trd, 000196.050, 173
Trd, 000196.883, 171
Trd, 000198.717, 169
Trd, 000198.750, 170
Trd, 000198.967, 174
Trd, 000199.067, 166
Trd, 000199.600, 161
Trd, 000199.733, 158
Trd, 000200.283, 169
Trd, 000200.383, 170
Trd, 000201.417, 169
Trd, 000201.550, 170
Trd, 000202.983, 169
Trd, 000203.083, 168
Trd, 000203.583, 171
Trd, 000204.267, 170
Trd, 000204.367, 175
Trd, 000204.800, 184
Trd, 000205.217, 168
Trd, 000205.700, 168
Trd, 000206.250, 181
Trd, 000207.083, 180
Trd, 000210.050, 175
Trd, 000210.233, 176
Trd, 000210.550, 170
Trd, 000211.000, 170
Trd, 000211.133, 171
Trd, 000211.200, 170
Trd, 000211.350, 171
Trd, 000211.900, 169
Trd, 000212.550, 170
Trd, 000212.600, 169
Trd, 000213.900, 168
Trd, 000215.433, 169
Trd, 000216.117, 170
Trd, 000216.300, 167
Trd, 000216.767, 163
Trd, 000216.783, 167
Trd, 000217.283, 166
Trd, 000217.383, 171
Trd, 000217.950, 164
Trd, 000218.767, 173
Trd, 000219.050, 172
Trd, 000219.817, 168
Trd, 000219.833, 170
Trd, 000220.067, 181
Trd, 000221.217, 175
Trd, 000221.600, 180
Trd, 000223.350, 167
Trd, 000224.167, 174
Trd, 000224.900, 168
Trd, 000225.867, 169
Trd, 000226.183, 168
Trd, 000227.217, 166
Trd, 000227.233, 167
Trd, 000228.633, 166
Trd, 000228.950, 166
Trd, 000229.067, 165
Trd, 000229.467, 167
Trd, 000230.217, 168
Trd, 000230.917, 169
Trd, 000230.950, 169
Trd, 000231.217, 171
Trd, 000232.083, 170
Trd, 000232.100, 168
Trd, 000232.450, 169
Trd, 000233.850, 169
Trd, 000234.433, 170
Trd, 000234.583, 170
Trd, 000235.383, 171
Trd, 000235.933, 171
Trd, 000236.183, 170
Trd, 000236.217, 170
Trd, 000236.700, 167
Trd, 000237.583, 168
Trd, 000237.633, 172
Trd, 000238.650, 169
Trd, 000238.700, 172
Trd, 000239.133, 175
Trd, 000240.067, 177
Trd, 000240.550, 174
Trd, 000240.817, 168
Trd, 000241.217, 166
Trd, 000241.967, 167
Trd, 000241.983, 168
Trd, 000242.533, 167
Trd, 000243.200, 165
Trd, 000243.967, 165
Trd, 000244.150, 166
Trd, 000245.267, 166
Trd, 000245.367, 168
Trd, 000245.517, 168
Trd, 000245.850, 166
Trd, 000245.933, 169
Trd, 000246.000, 172
Trd, 000246.633, 169
Trd, 000246.933, 167
Trd, 000247.183, 165
Trd, 000247.400, 168
Trd, 000248.067, 166
Trd, 000248.850, 166
Trd, 000249.133, 165
Trd, 000249.967, 167
Trd, 000251.033, 168
Trd, 000251.283, 168
Trd, 000251.300, 167
Trd, 000252.150, 167
Trd, 000252.333, 169
Trd, 000252.900, 169
Trd, 000253.200, 170
Trd, 000253.250, 176
Trd, 000253.867, 179
Trd, 000254.083, 179
Trd, 000254.600, 178
Trd, 000254.783, 175
Trd, 000255.867, 173
Trd, 000256.117, 173
Trd, 000256.167, 172
Trd, 000256.900, 171
Trd, 000257.267, 172
Trd, 000257.817, 171
Trd, 000258.050, 165
Trd, 000258.367, 173
Trd, 000259.183, 173
Trd, 000259.500, 175
Trd, 000260.683, 172
Trd, 000261.200, 171
Trd, 000261.500, 170
Trd, 000262.333, 171
Trd, 000262.600, 168
Trd, 000263.583, 169
Trd, 000263.817, 168
Trd, 000263.867, 167
Trd, 000265.200, 165
Trd, 000265.517, 165
Trd, 000265.550, 168
Trd, 000265.633, 170
Trd, 000265.867, 164
Trd, 000266.267, 165
Trd, 000266.300, 169
Trd, 000267.067, 171
Trd, 000268.017, 173
Trd, 000268.050, 174
Trd, 000268.950, 173
Trd, 000269.917, 170
Trd, 000270.500, 172
Trd, 000270.850, 174
Trd, 000271.067, 173
Trd, 000271.317, 171
Trd, 000271.633, 171
Trd, 000271.850, 171
Trd, 000271.867, 170
Trd, 000272.517, 174
Trd, 000272.667, 175
Trd, 000273.200, 175
Trd, 000273.833, 172
Trd, 000274.217, 172
Trd, 000274.650, 172
Trd, 000274.767, 173
Trd, 000275.683, 168
Trd, 000275.933, 168
Trd, 000276.517, 169
Trd, 000276.667, 172
Trd, 000276.783, 165
Trd, 000277.150, 171
Trd, 000277.783, 164
Trd, 000278.017, 170
Trd, 000279.200, 170
Trd, 000279.550, 163
Trd, 000280.133, 171
Trd, 000280.283, 172
Trd, 000280.583, 173
Trd, 000280.900, 176
Trd, 000281.083, 167
Trd, 000281.100, 178
Trd, 000281.583, 170
Trd, 000281.800, 165
Trd, 000282.417, 171
Trd, 000282.433, 170
Trd, 000283.183, 169
Trd, 000283.317, 170
Trd, 000283.633, 171
Trd, 000283.883, 162
Trd, 000284.600, 171
Trd, 000285.583, 164
Trd, 000285.633, 162
Trd, 000286.267, 171
Trd, 000286.583, 172
Trd, 000286.650, 177
Trd, 000286.667, 170
Trd, 000287.533, 179
Trd, 000288.800, 176
Trd, 000289.283, 177
Trd, 000289.500, 177
Trd, 000289.700, 178
Trd, 000290.000, 177
Trd, 000290.933, 174
Trd, 000291.450, 175
Trd, 000291.767, 174
Trd, 000292.083, 177
Trd, 000293.117, 175
Trd, 000293.450, 174
Trd, 000294.317, 173
Trd, 000294.400, 173
Trd, 000294.750, 173
Trd, 000294.800, 170
Trd, 000296.017, 173
Trd, 000296.567, 172
Trd, 000296.817, 170
Trd, 000297.700, 171
Trd, 000297.783, 167
Trd, 000298.017, 172
Trd, 000298.150, 168
Trd, 000299.933, 172
