Trd, 000001.533, 151
Trd, 000002.033, 131
Trd, 000002.750, 148
Trd, 000003.483, 147
Trd, 000003.883, 147
Trd, 000004.900, 136
Trd, 000005.267, 148
Trd, 000005.550, 148
Trd, 000007.117, 146
Trd, 000007.483, 143
Trd, 000007.533, 145
Trd, 000007.567, 152
Trd, 000007.917, 158
Trd, 000008.067, 138
Trd, 000008.200, 162
Trd, 000009.583, 151
Trd, 000010.117, 150
Trd, 000011.200, 153
Trd, 000011.383, 150
Trd, 000012.700, 156
Trd, 000013.117, 156
Trd, 000013.400, 157
Trd, 000013.533, 156
Trd, 000013.717, 173
Trd, 000014.000, 159
Trd, 000014.667, 158
Trd, 000015.300, 157
Trd, 000015.567, 157
Trd, 000016.200, 158
Trd, 000016.550, 159
Trd, 000016.983, 159
Trd, 000018.017, 158
Trd, 000018.167, 156
Trd, 000018.683, 154
Trd, 000019.400, 160
Trd, 000019.433, 155
Trd, 000019.533, 161
Trd, 000020.400, 154
Trd, 000020.683, 161
Trd, 000021.600, 160
Trd, 000021.717, 162
Trd, 000021.767, 162
Trd, 000022.133, 150
Trd, 000022.983, 152
Trd, 000023.033, 153
Trd, 000023.183, 151
Trd, 000024.167, 149
Trd, 000024.233, 149
Trd, 000025.667, 152
Trd, 000025.917, 150
Trd, 000026.300, 152
Trd, 000026.733, 150
Trd, 000027.517, 153
Trd, 000028.467, 154
Trd, 000028.533, 154
Trd, 000028.850, 151
Trd, 000029.183, 152
Trd, 000029.567, 151
Trd, 000029.617, 151
Trd, 000029.950, 151
Trd, 000030.267, 161
Trd, 000032.367, 156
Trd, 000032.667, 157
Trd, 000033.100, 153
Trd, 000033.150, 157
Trd, 000033.667, 154
Trd, 000033.850, 155
Trd, 000034.133, 154
Trd, 000034.233, 153
Trd, 000034.283, 151
Trd, 000034.500, 156
Trd, 000035.233, 161
Trd, 000036.550, 156
Trd, 000036.883, 157
Trd, 000037.333, 150
Trd, 000037.700, 145
Trd, 000037.867, 144
Trd, 000037.917, 143
Trd, 000038.350, 144
Trd, 000039.617, 148
Trd, 000040.567, 162
Trd, 000042.250, 159
Trd, 000042.683, 155
Trd, 000042.767, 153
Trd, 000043.550, 158
Trd, 000043.617, 162
Trd, 000043.933, 153
Trd, 000044.367, 154
Trd, 000045.133, 154
Trd, 000045.217, 155
Trd, 000046.167, 155
Trd, 000046.283, 154
Trd, 000046.417, 152
Trd, 000047.983, 153
Trd, 000048.267, 153
Trd, 000048.467, 156
Trd, 000048.500, 156
Trd, 000049.217, 155
Trd, 000049.400, 157
Trd, 000050.850, 156
Trd, 000051.283, 155
Trd, 000051.350, 157
Trd, 000051.950, 155
Trd, 000054.017, 157
Trd, 000054.333, 156
Trd, 000054.383, 163
Trd, 000055.233, 155
Trd, 000055.717, 156
Trd, 000056.350, 157
Trd, 000056.617, 158
Trd, 000058.033, 155
Trd, 000058.633, 156
Trd, 000059.000, 153
Trd, 000059.333, 151
Trd, 000060.083, 155
Trd, 000060.483, 154
Trd, 000060.933, 154
Trd, 000061.050, 154
Trd, 000061.550, 155
Trd, 000062.067, 153
Trd, 000062.167, 156
Trd, 000062.883, 153
Trd, 000063.050, 152
Trd, 000063.633, 152
Trd, 000063.650, 149
Trd, 000065.500, 151
Trd, 000066.567, 155
Trd, 000066.983, 153
Trd, 000068.117, 153
Trd, 000068.183, 152
Trd, 000068.683, 155
Trd, 000069.217, 156
Trd, 000069.717, 156
Trd, 000070.300, 156
Trd, 000070.350, 156
Trd, 000072.350, 157
Trd, 000072.417, 157
Trd, 000072.800, 156
Trd, 000073.200, 157
Trd, 000074.150, 158
Trd, 000074.750, 158
Trd, 000075.333, 156
Trd, 000075.417, 157
Trd, 000075.817, 155
Trd, 000076.533, 156
Trd, 000076.633, 155
Trd, 000076.933, 165
Trd, 000077.317, 155
Trd, 000077.683, 158
Trd, 000078.433, 166
Trd, 000079.433, 157
Trd, 000079.800, 158
Trd, 000080.250, 159
Trd, 000080.400, 160
Trd, 000081.167, 160
Trd, 000081.817, 159
Trd, 000082.100, 158
Trd, 000083.300, 158
Trd, 000083.400, 159
Trd, 000083.450, 156
Trd, 000083.700, 156
Trd, 000083.733, 159
Trd, 000083.750, 162
Trd, 000086.333, 162
Trd, 000087.217, 163
Trd, 000088.383, 165
Trd, 000088.617, 166
Trd, 000088.800, 165
Trd, 000089.500, 166
Trd, 000089.600, 167
Trd, 000091.017, 165
Trd, 000091.433, 163
Trd, 000091.500, 162
Trd, 000091.567, 165
Trd, 000092.917, 160
Trd, 000094.133, 160
Trd, 000094.383, 161
Trd, 000094.550, 159
Trd, 000095.317, 160
Trd, 000095.983, 160
Trd, 000096.017, 162
Trd, 000096.050, 158
Trd, 000096.550, 161
Trd, 000097.100, 168
Trd, 000097.167, 161
Trd, 000098.917, 166
Trd, 000099.133, 164
Trd, 000100.267, 166
Trd, 000100.300, 167
Trd, 000100.883, 165
Trd, 000101.900, 163
Trd, 000102.433, 162
Trd, 000102.833, 161
Trd, 000104.000, 163
Trd, 000104.300, 166
Trd, 000104.833, 164
Trd, 000104.900, 161
Trd, 000104.933, 159
Trd, 000105.167, 168
Trd, 000105.967, 159
Trd, 000106.117, 164
Trd, 000106.517, 158
Trd, 000106.617, 157
Trd, 000106.683, 146
Trd, 000108.100, 163
Trd, 000108.183, 159
Trd, 000109.550, 162
Trd, 000109.600, 161
Trd, 000109.883, 164
Trd, 000110.400, 164
Trd, 000111.167, 166
Trd, 000112.400, 166
Trd, 000112.450, 167
Trd, 000112.867, 165
Trd, 000112.883, 164
Trd, 000112.983, 169
Trd, 000113.250, 162
Trd, 000113.350, 169
Trd, 000114.000, 160
Trd, 000114.767, 143
Trd, 000115.717, 160
Trd, 000116.350, 158
Trd, 000116.950, 157
Trd, 000117.200, 156
Trd, 000117.300, 154
Trd, 000117.550, 148
Trd, 000118.700, 159
Trd, 000120.033, 159
Trd, 000120.050, 153
Trd, 000120.933, 157
Trd, 000121.150, 152
Trd, 000121.650, 157
Trd, 000121.800, 156
Trd, 000122.033, 158
Trd, 000122.133, 170
Trd, 000122.217, 174
Trd, 000122.450, 178
Trd, 000122.550, 187
Trd, 000122.817, 203
Trd, 000122.833, 300.0
Trd, 000123.233, 163
Trd, 000123.250, 189
Trd, 000124.050, 324
Trd, 000125.217, 341.0
Trd, 000127.633, 348.0
Trd, 000127.900, 349.0
Trd, 000128.300, 351.0
Trd, 000129.283, 351
Trd, 000129.517, 350
Trd, 000130.150, 348
Trd, 000130.250, 347
Trd, 000131.583, 346
Trd, 000132.050, 346
Trd, 000132.167, 350.0
Trd, 000132.217, 350
Trd, 000132.600, 346
Trd, 000132.767, 346
Trd, 000133.033, 351.0
Trd, 000134.633, 347
Trd, 000137.083, 347
Trd, 000137.267, 348
Trd, 000137.650, 348
Trd, 000137.900, 347
Trd, 000139.383, 349
Trd, 000139.500, 348
Trd, 000139.583, 346
Trd, 000140.050, 351.0
Trd, 000140.133, 351
Trd, 000141.250, 346
Trd, 000141.433, 348
Trd, 000141.633, 348.0
Trd, 000142.683, 346
Trd, 000142.933, 347
Trd, 000143.350, 341
Trd, 000143.833, 340
Trd, 000145.400, 341
Trd, 000145.600, 351.0
Trd, 000145.817, 351
Trd, 000146.400, 350
Trd, 000146.650, 351
Trd, 000146.750, 348.0
Trd, 000148.050, 351
Trd, 000149.417, 349
Trd, 000150.000, 345
Trd, 000150.567, 347
Trd, 000151.583, 348
Trd, 000152.017, 348
Trd, 000152.250, 346
Trd, 000152.517, 349
Trd, 000153.283, 347
Trd, 000153.700, 346
Trd, 000154.350, 349
Trd, 000154.533, 351.0
Trd, 000154.900, 353
Trd, 000156.567, 348
Trd, 000156.750, 348
Trd, 000157.217, 347
Trd, 000157.583, 344
Trd, 000157.650, 348
Trd, 000158.200, 343
Trd, 000158.617, 340
Trd, 000159.300, 349
Trd, 000160.167, 340
Trd, 000160.567, 341.0
Trd, 000160.983, 350.0
Trd, 000161.550, 351.0
Trd, 000162.250, 350.0
Trd, 000163.267, 352
Trd, 000163.300, 353
Trd, 000163.433, 354
Trd, 000165.150, 351.0
Trd, 000165.717, 353
Trd, 000165.750, 354
Trd, 000165.883, 351.0
Trd, 000167.100, 353
Trd, 000167.700, 352
Trd, 000168.183, 348.0
Trd, 000168.450, 344
Trd, 000169.333, 350
Trd, 000169.567, 349
Trd, 000169.700, 348.0
Trd, 000170.133, 350
Trd, 000170.417, 350
Trd, 000170.667, 351.0
Trd, 000171.500, 344
Trd, 000172.700, 348.0
Trd, 000172.850, 344
Trd, 000172.967, 350
Trd, 000173.183, 352
Trd, 000173.367, 353
Trd, 000174.200, 343
Trd, 000174.600, 355.0
Trd, 000174.867, 343
Trd, 000176.267, 346
Trd, 000176.367, 352
Trd, 000176.467, 352
Trd, 000177.050, 348
Trd, 000177.250, 346
Trd, 000177.517, 351.0
Trd, 000177.883, 350
Trd, 000178.083, 350
Trd, 000179.250, 346
Trd, 000179.917, 339
Trd, 000180.900, 339
Trd, 000181.350, 361.0
Trd, 000181.567, 342
Trd, 000181.833, 341
Trd, 000182.450, 338
Trd, 000182.550, 334
Trd, 000182.817, 334.0
Trd, 000183.050, 331.0
Trd, 000183.367, 226
Trd, 000183.400, 218
Trd, 000184.483, 245
Trd, 000185.133, 264
Trd, 000185.217, 231
Trd, 000185.367, 204
Trd, 000186.017, 186
Trd, 000186.250, 198
Trd, 000186.500, 183
Trd, 000187.700, 180
Trd, 000189.533, 173
Trd, 000189.983, 181
Trd, 000190.467, 176
Trd, 000190.933, 176
Trd, 000191.083, 175
Trd, 000191.250, 175
Trd, 000191.633, 175
Trd, 000191.833, 174
Trd, 000192.783, 175
Trd, 000193.867, 159
Trd, 000194.167, 159
Trd, 000194.533, 159
Trd, 000194.817, 159
Trd, 000195.167, 160
Trd, 000195.217, 160
Trd, 000195.350, 165
Trd, 000196.000, 167
Trd, 000196.100, 170
Trd, 000196.550, 177
Trd, 000197.233, 170
Trd, 000197.267, 169
Trd, 000197.833, 171
Trd, 000199.083, 169
Trd, 000200.567, 171
Trd, 000200.967, 172
Trd, 000201.200, 171
Trd, 000201.217, 173
Trd, 000203.100, 171
Trd, 000203.250, 170
Trd, 000203.933, 171
Trd, 000205.000, 170
Trd, 000205.683, 171
Trd, 000205.800, 171
Trd, 000205.850, 174
Trd, 000205.900, 171
Trd, 000205.967, 184
Trd, 000206.800, 172
Trd, 000207.000, 178
Trd, 000207.133, 172
Trd, 000208.217, 174
Trd, 000208.417, 175
Trd, 000208.817, 173
Trd, 000209.283, 162
Trd, 000210.433, 172
Trd, 000210.483, 170
Trd, 000210.633, 173
Trd, 000212.667, 183
Trd, 000213.367, 179
Trd, 000213.483, 171
Trd, 000213.833, 172
Trd, 000215.267, 173
Trd, 000215.683, 175
Trd, 000216.467, 176
Trd, 000216.967, 176
Trd, 000218.017, 179
Trd, 000218.300, 176
Trd, 000219.067, 178
Trd, 000219.400, 180
Trd, 000220.850, 178
Trd, 000221.050, 176
Trd, 000221.167, 180
Trd, 000221.400, 176
Trd, 000222.667, 176
Trd, 000222.917, 175
Trd, 000223.483, 179
Trd, 000223.517, 176
Trd, 000224.133, 178
Trd, 000225.100, 171
Trd, 000225.500, 178
Trd, 000226.167, 172
Trd, 000226.783, 172
Trd, 000227.400, 173
Trd, 000227.650, 174
Trd, 000228.083, 173
Trd, 000228.850, 172
Trd, 000229.550, 172
Trd, 000230.000, 171
Trd, 000230.683, 173
Trd, 000230.983, 176
Trd, 000232.133, 176
Trd, 000232.783, 173
Trd, 000233.600, 174
Trd, 000234.033, 174
Trd, 000234.067, 171
Trd, 000235.383, 172
Trd, 000235.467, 171
Trd, 000235.483, 173
Trd, 000235.633, 167
Trd, 000236.100, 173
Trd, 000237.117, 170
Trd, 000237.200, 174
Trd, 000237.417, 168
Trd, 000238.300, 169
Trd, 000238.867, 172
Trd, 000240.667, 173
Trd, 000240.900, 172
Trd, 000241.250, 171
Trd, 000241.417, 172
Trd, 000243.050, 168
Trd, 000243.300, 168
Trd, 000243.333, 168
Trd, 000243.517, 171
Trd, 000244.483, 171
Trd, 000245.167, 168
Trd, 000245.417, 170
Trd, 000245.917, 168
Trd, 000246.333, 170
Trd, 000246.400, 175
Trd, 000246.450, 183
Trd, 000247.100, 174
Trd, 000247.533, 174
Trd, 000247.767, 173
Trd, 000248.533, 173
Trd, 000248.983, 174
Trd, 000249.033, 175
Trd, 000250.117, 178
Trd, 000250.300, 179
Trd, 000250.833, 177
Trd, 000251.150, 181
Trd, 000251.367, 180
Trd, 000251.833, 180
Trd, 000252.017, 179
Trd, 000252.450, 179
Trd, 000252.567, 177
Trd, 000253.550, 178
Trd, 000253.583, 176
Trd, 000253.900, 175
Trd, 000254.217, 178
Trd, 000254.467, 181
Trd, 000255.417, 179
Trd, 000255.883, 178
Trd, 000256.800, 177
Trd, 000257.383, 176
Trd, 000257.717, 177
Trd, 000258.133, 176
Trd, 000258.767, 180
Trd, 000259.050, 180
Trd, 000260.133, 178
Trd, 000260.267, 177
Trd, 000261.500, 180
Trd, 000261.817, 177
Trd, 000263.517, 181
Trd, 000263.967, 182
Trd, 000264.067, 178
Trd, 000264.417, 178
Trd, 000264.533, 177
Trd, 000264.583, 188
Trd, 000264.700, 177
Trd, 000265.600, 187
Trd, 000265.617, 188
Trd, 000265.733, 184
Trd, 000265.817, 189
Trd, 000265.917, 181
Trd, 000266.817, 182
Trd, 000267.017, 180
Trd, 000267.583, 178
Trd, 000268.467, 184
Trd, 000268.550, 183
Trd, 000268.783, 178
Trd, 000269.617, 179
Trd, 000269.783, 179
Trd, 000270.733, 181
Trd, 000270.850, 182
Trd, 000270.933, 183
Trd, 000271.250, 195
Trd, 000272.383, 185
Trd, 000272.550, 184
Trd, 000272.817, 184
Trd, 000273.217, 185
Trd, 000273.733, 182
Trd, 000274.283, 182
Trd, 000274.950, 184
Trd, 000274.983, 184
Trd, 000275.600, 182
Trd, 000275.883, 183
Trd, 000276.333, 181
Trd, 000276.883, 183
Trd, 000277.250, 180
Trd, 000278.717, 182
Trd, 000278.967, 180
Trd, 000279.517, 179
Trd, 000279.683, 181
Trd, 000279.833, 181
Trd, 000280.233, 179
Trd, 000280.550, 177
Trd, 000281.650, 177
Trd, 000282.133, 177
Trd, 000282.633, 178
Trd, 000282.900, 177
Trd, 000284.267, 179
Trd, 000284.283, 177
Trd, 000284.650, 177
Trd, 000284.717, 178
Trd, 000284.733, 176
Trd, 000285.033, 179
Trd, 000285.200, 182
Trd, 000287.350, 182
Trd, 000287.567, 185
Trd, 000287.733, 181
Trd, 000288.150, 180
Trd, 000288.483, 180
Trd, 000289.467, 185
Trd, 000290.033, 187
Trd, 000290.050, 185
Trd, 000290.067, 187
Trd, 000291.100, 183
Trd, 000291.283, 194
Trd, 000291.383, 197
Trd, 000291.717, 201
Trd, 000292.367, 188
Trd, 000292.517, 186
Trd, 000293.250, 188
Trd, 000293.267, 189
Trd, 000294.800, 187
Trd, 000295.700, 184
Trd, 000295.767, 188
Trd, 000296.200, 183
Trd, 000297.067, 181
Trd, 000299.650, 182
Trd, 000299.817, 184
Trd, 000299.900, 183
