Trd, 000002.450, 134
Trd, 000002.617, 150
Trd, 000003.467, 146
Trd, 000003.683, 146
Trd, 000005.200, 153
Trd, 000005.317, 153
Trd, 000005.483, 152
Trd, 000005.633, 153
Trd, 000005.700, 149
Trd, 000006.433, 155
Trd, 000007.700, 157
Trd, 000008.250, 157
Trd, 000008.283, 151
Trd, 000008.917, 151
Trd, 000009.117, 148
Trd, 000009.983, 163
Trd, 000010.133, 163
Trd, 000010.200, 166
Trd, 000010.383, 160
Trd, 000011.517, 159
Trd, 000012.367, 155
Trd, 000012.900, 157
Trd, 000013.883, 156
Trd, 000014.033, 161
Trd, 000014.183, 155
Trd, 000014.583, 155
Trd, 000015.017, 155
Trd, 000015.300, 158
Trd, 000016.133, 153
Trd, 000016.167, 145
Trd, 000017.383, 155
Trd, 000017.617, 158
Trd, 000018.767, 160
Trd, 000019.333, 160
Trd, 000019.717, 161
Trd, 000019.883, 160
Trd, 000020.333, 161
Trd, 000020.967, 162
Trd, 000021.683, 160
Trd, 000022.500, 160
Trd, 000022.650, 160
Trd, 000022.883, 161
Trd, 000023.317, 161
Trd, 000023.583, 162
Trd, 000024.083, 160
Trd, 000024.367, 159
Trd, 000024.833, 159
Trd, 000025.217, 160
Trd, 000025.383, 149
Trd, 000026.200, 161
Trd, 000027.100, 151
Trd, 000027.383, 146
Trd, 000027.500, 164
Trd, 000028.617, 156
Trd, 000029.700, 161
Trd, 000030.050, 157
Trd, 000030.300, 155
Trd, 000031.450, 159
Trd, 000031.783, 160
Trd, 000032.100, 157
Trd, 000032.783, 158
Trd, 000032.933, 158
Trd, 000033.183, 159
Trd, 000033.600, 158
Trd, 000033.650, 157
Trd, 000035.283, 158
Trd, 000035.333, 160
Trd, 000035.683, 165
Trd, 000036.583, 156
Trd, 000038.333, 159
Trd, 000038.683, 158
Trd, 000039.467, 157
Trd, 000040.050, 156
Trd, 000040.133, 156
Trd, 000040.550, 156
Trd, 000040.583, 155
Trd, 000041.383, 165
Trd, 000041.583, 162
Trd, 000042.850, 153
Trd, 000043.950, 161
Trd, 000044.917, 156
Trd, 000044.950, 156
Trd, 000046.383, 161
Trd, 000046.617, 161
Trd, 000047.083, 160
Trd, 000047.883, 163
Trd, 000048.633, 164
Trd, 000048.667, 160
Trd, 000049.217, 165
Trd, 000049.717, 166
Trd, 000050.033, 165
Trd, 000050.433, 164
Trd, 000050.467, 167
Trd, 000050.533, 163
Trd, 000050.733, 163
Trd, 000051.217, 163
Trd, 000052.400, 163
Trd, 000052.683, 170
Trd, 000053.167, 167
Trd, 000055.033, 165
Trd, 000055.317, 164
Trd, 000055.583, 164
Trd, 000056.050, 163
Trd, 000056.717, 163
Trd, 000056.733, 165
Trd, 000057.033, 164
Trd, 000057.933, 153
Trd, 000057.950, 152
Trd, 000058.967, 152
Trd, 000059.467, 165
Trd, 000060.317, 153
Trd, 000060.833, 151
Trd, 000061.367, 154
Trd, 000061.800, 154
Trd, 000062.883, 159
Trd, 000063.167, 154
Trd, 000063.250, 167
Trd, 000064.017, 160
Trd, 000064.483, 159
Trd, 000065.517, 163
Trd, 000066.283, 159
Trd, 000067.150, 160
Trd, 000067.283, 158
Trd, 000067.817, 157
Trd, 000068.017, 160
Trd, 000069.850, 155
Trd, 000070.700, 159
Trd, 000071.100, 160
Trd, 000071.300, 159
Trd, 000071.817, 159
Trd, 000073.517, 160
Trd, 000073.700, 159
Trd, 000074.000, 164
Trd, 000074.033, 166
Trd, 000074.150, 154
Trd, 000075.400, 157
Trd, 000076.583, 164
Trd, 000077.250, 163
Trd, 000078.067, 161
Trd, 000078.117, 163
Trd, 000078.567, 162
Trd, 000078.983, 168
Trd, 000080.033, 173
Trd, 000080.267, 171
Trd, 000081.100, 175
Trd, 000081.233, 170
Trd, 000081.517, 165
Trd, 000082.033, 176
Trd, 000083.000, 174
Trd, 000083.183, 175
Trd, 000083.483, 175
Trd, 000083.950, 173
Trd, 000084.567, 169
Trd, 000085.717, 169
Trd, 000085.950, 168
Trd, 000086.633, 166
Trd, 000087.300, 171
Trd, 000087.333, 171
Trd, 000088.450, 170
Trd, 000088.867, 170
Trd, 000088.967, 167
Trd, 000089.267, 168
Trd, 000089.550, 169
Trd, 000089.950, 169
Trd, 000091.667, 168
Trd, 000092.267, 166
Trd, 000092.750, 158
Trd, 000093.383, 162
Trd, 000094.217, 158
Trd, 000094.283, 163
Trd, 000094.817, 163
Trd, 000095.267, 162
Trd, 000095.333, 163
Trd, 000095.917, 164
Trd, 000096.100, 159
Trd, 000097.317, 166
Trd, 000098.517, 166
Trd, 000098.733, 168
Trd, 000099.767, 169
Trd, 000100.017, 169
Trd, 000100.750, 169
Trd, 000100.883, 171
Trd, 000101.000, 168
Trd, 000101.017, 167
Trd, 000101.567, 167
Trd, 000102.717, 171
Trd, 000103.700, 171
Trd, 000104.133, 169
Trd, 000104.450, 170
Trd, 000104.800, 175
Trd, 000105.383, 170
Trd, 000105.567, 169
Trd, 000105.667, 173
Trd, 000106.217, 167
Trd, 000106.600, 169
Trd, 000107.467, 170
Trd, 000107.617, 165
Trd, 000107.933, 156
Trd, 000108.067, 178
Trd, 000108.750, 171
Trd, 000110.300, 177
Trd, 000110.767, 171
Trd, 000110.833, 173
Trd, 000110.917, 168
Trd, 000111.833, 170
Trd, 000112.000, 171
Trd, 000112.033, 169
Trd, 000113.533, 171
Trd, 000113.950, 170
Trd, 000114.033, 169
Trd, 000114.050, 166
Trd, 000114.183, 174
Trd, 000115.617, 158
Trd, 000116.433, 169
Trd, 000116.800, 167
Trd, 000117.050, 158
Trd, 000117.383, 167
Trd, 000118.600, 160
Trd, 000119.783, 163
Trd, 000120.383, 157
Trd, 000120.983, 156
Trd, 000122.050, 168
Trd, 000122.700, 174
Trd, 000122.950, 177
Trd, 000123.067, 180
Trd, 000123.817, 194
Trd, 000123.933, 203
Trd, 000124.417, 324
Trd, 000124.833, 300.0
Trd, 000125.267, 324.0
Trd, 000125.717, 327.0
Trd, 000125.883, 331
Trd, 000127.533, 334.0
Trd, 000128.033, 334.0
Trd, 000128.150, 336
Trd, 000128.267, 341
Trd, 000128.900, 332.0
Trd, 000129.367, 331.0
Trd, 000130.083, 338
Trd, 000130.500, 342
Trd, 000131.233, 349.0
Trd, 000131.283, 346
Trd, 000131.517, 343
Trd, 000132.283, 345
Trd, 000132.817, 346.0
Trd, 000133.800, 346
Trd, 000134.033, 348.0
Trd, 000135.600, 348
Trd, 000135.633, 345
Trd, 000135.650, 344.0
Trd, 000137.367, 344.0
Trd, 000137.900, 345.0
Trd, 000137.933, 347
Trd, 000138.900, 348.0
Trd, 000139.700, 348
Trd, 000140.100, 352.0
Trd, 000140.400, 352.0
Trd, 000141.133, 351
Trd, 000141.250, 352.0
Trd, 000141.550, 350
Trd, 000141.967, 360.0
Trd, 000142.783, 351
Trd, 000143.283, 351
Trd, 000143.767, 350
Trd, 000144.817, 349
Trd, 000145.367, 349
Trd, 000145.933, 353
Trd, 000146.000, 358.0
Trd, 000146.650, 351
Trd, 000146.733, 359
Trd, 000148.717, 357
Trd, 000149.017, 356
Trd, 000149.267, 358
Trd, 000149.567, 358
Trd, 000150.267, 358
Trd, 000150.467, 357
Trd, 000151.450, 357
Trd, 000152.250, 359
Trd, 000152.467, 361
Trd, 000153.500, 358.0
Trd, 000153.933, 347
Trd, 000155.183, 351
Trd, 000155.450, 353.0
Trd, 000156.017, 351
Trd, 000156.333, 349
Trd, 000157.783, 351
Trd, 000159.650, 351.0
Trd, 000159.783, 347.0
Trd, 000160.233, 346.0
Trd, 000160.383, 347.0
Trd, 000160.717, 348.0
Trd, 000161.583, 354.0
Trd, 000162.450, 352
Trd, 000162.900, 358.0
Trd, 000164.017, 356
Trd, 000164.717, 354.0
Trd, 000164.800, 355
Trd, 000165.150, 356
Trd, 000165.650, 354.0
Trd, 000166.217, 356
Trd, 000166.717, 342
Trd, 000166.800, 346
Trd, 000167.733, 345.0
Trd, 000169.033, 347
Trd, 000169.350, 344.0
Trd, 000169.817, 344
Trd, 000170.083, 339
Trd, 000170.250, 346
Trd, 000170.350, 336
Trd, 000170.983, 348.0
Trd, 000171.000, 335
Trd, 000171.683, 331.0
Trd, 000172.433, 352.0
Trd, 000174.300, 338.0
Trd, 000174.583, 340
Trd, 000174.633, 339
Trd, 000175.267, 334.0
Trd, 000175.667, 342
Trd, 000176.167, 343
Trd, 000177.200, 348.0
Trd, 000178.033, 342
Trd, 000179.483, 343.0
Trd, 000179.850, 343
Trd, 000180.383, 344
Trd, 000180.600, 345
Trd, 000181.033, 343
Trd, 000181.167, 341
Trd, 000181.700, 355
Trd, 000181.833, 336
Trd, 000182.233, 332.0
Trd, 000182.400, 350
Trd, 000182.450, 331.0
Trd, 000182.683, 315
Trd, 000182.933, 306.0
Trd, 000183.667, 303.0
Trd, 000184.433, 239
Trd, 000184.883, 238
Trd, 000184.933, 214
Trd, 000185.183, 211
Trd, 000185.750, 204
Trd, 000187.667, 199
Trd, 000187.967, 198
Trd, 000188.867, 192
Trd, 000189.350, 189
Trd, 000189.950, 187
Trd, 000191.633, 185
Trd, 000192.350, 185
Trd, 000192.450, 184
Trd, 000192.983, 184
Trd, 000194.117, 184
Trd, 000194.433, 180
Trd, 000195.217, 179
Trd, 000195.467, 181
Trd, 000196.533, 180
Trd, 000197.050, 180
Trd, 000197.217, 178
Trd, 000197.667, 178
Trd, 000198.633, 166
Trd, 000199.167, 175
Trd, 000199.200, 177
Trd, 000200.033, 176
Trd, 000200.283, 175
Trd, 000200.317, 178
Trd, 000201.467, 179
Trd, 000202.200, 182
Trd, 000202.700, 180
Trd, 000202.817, 177
Trd, 000204.300, 177
Trd, 000204.783, 182
Trd, 000204.867, 181
Trd, 000205.033, 187
Trd, 000205.117, 180
Trd, 000206.567, 181
Trd, 000206.667, 180
Trd, 000207.217, 181
Trd, 000207.767, 179
Trd, 000207.933, 181
Trd, 000208.217, 179
Trd, 000208.367, 178
Trd, 000208.483, 183
Trd, 000209.900, 170
Trd, 000210.917, 168
Trd, 000212.567, 177
Trd, 000212.600, 174
Trd, 000213.367, 172
Trd, 000213.400, 180
Trd, 000214.283, 181
Trd, 000215.283, 179
Trd, 000215.683, 179
Trd, 000215.900, 180
Trd, 000216.050, 179
Trd, 000216.117, 180
Trd, 000217.417, 179
Trd, 000218.083, 180
Trd, 000218.333, 177
Trd, 000218.933, 181
Trd, 000220.417, 183
Trd, 000220.817, 181
Trd, 000221.050, 180
Trd, 000222.500, 185
Trd, 000223.267, 179
Trd, 000223.583, 186
Trd, 000224.717, 184
Trd, 000225.083, 183
Trd, 000225.117, 180
Trd, 000225.333, 187
Trd, 000225.867, 182
Trd, 000226.717, 181
Trd, 000227.683, 179
Trd, 000228.667, 180
Trd, 000228.700, 180
Trd, 000228.867, 179
Trd, 000228.883, 173
Trd, 000229.500, 180
Trd, 000229.650, 181
Trd, 000229.750, 172
Trd, 000231.533, 181
Trd, 000232.067, 172
Trd, 000233.200, 175
Trd, 000233.367, 174
Trd, 000235.333, 177
Trd, 000235.450, 178
Trd, 000236.583, 177
Trd, 000237.783, 177
Trd, 000238.083, 176
Trd, 000238.183, 175
Trd, 000238.450, 177
Trd, 000238.833, 178
Trd, 000240.200, 174
Trd, 000240.333, 171
Trd, 000240.450, 180
Trd, 000240.617, 181
Trd, 000240.850, 159
Trd, 000241.300, 187
Trd, 000241.967, 190
Trd, 000242.500, 188
Trd, 000243.517, 181
Trd, 000243.833, 171
Trd, 000244.633, 181
Trd, 000244.967, 175
Trd, 000245.333, 176
Trd, 000245.350, 177
Trd, 000246.333, 174
Trd, 000246.750, 179
Trd, 000247.217, 179
Trd, 000247.333, 178
Trd, 000247.383, 177
Trd, 000247.750, 175
Trd, 000248.333, 176
Trd, 000248.717, 175
Trd, 000248.783, 174
Trd, 000249.833, 175
Trd, 000250.133, 176
Trd, 000250.267, 180
Trd, 000251.567, 179
Trd, 000251.750, 180
Trd, 000251.800, 179
Trd, 000252.900, 180
Trd, 000253.183, 179
Trd, 000253.217, 172
Trd, 000253.533, 178
Trd, 000255.250, 172
Trd, 000255.317, 173
Trd, 000255.533, 171
Trd, 000255.700, 175
Trd, 000257.050, 176
Trd, 000257.117, 174
Trd, 000257.300, 174
Trd, 000257.450, 174
Trd, 000258.400, 174
Trd, 000258.867, 176
Trd, 000258.950, 175
Trd, 000259.433, 178
Trd, 000260.150, 176
Trd, 000260.700, 180
Trd, 000260.883, 174
Trd, 000261.033, 173
Trd, 000261.400, 171
Trd, 000261.817, 173
Trd, 000263.067, 172
Trd, 000263.333, 170
Trd, 000263.400, 174
Trd, 000263.450, 177
Trd, 000263.933, 173
Trd, 000264.000, 174
Trd, 000265.700, 175
Trd, 000265.750, 174
Trd, 000265.867, 173
Trd, 000266.750, 177
Trd, 000267.533, 191
Trd, 000267.633, 191
Trd, 000267.767, 192
Trd, 000267.850, 191
Trd, 000268.100, 190
Trd, 000268.383, 190
Trd, 000268.667, 191
Trd, 000269.333, 185
Trd, 000269.367, 181
Trd, 000270.200, 179
Trd, 000271.267, 175
Trd, 000272.200, 176
Trd, 000272.267, 176
Trd, 000273.500, 174
Trd, 000273.933, 172
Trd, 000274.200, 171
Trd, 000274.317, 173
Trd, 000274.333, 174
Trd, 000274.917, 170
Trd, 000275.333, 168
Trd, 000275.783, 171
Trd, 000275.800, 175
Trd, 000276.783, 186
Trd, 000277.733, 182
Trd, 000277.917, 180
Trd, 000278.267, 186
Trd, 000278.450, 177
Trd, 000278.850, 187
Trd, 000279.483, 190
Trd, 000279.967, 186
Trd, 000280.267, 193
Trd, 000280.617, 184
Trd, 000281.283, 185
Trd, 000281.633, 185
Trd, 000282.367, 176
Trd, 000283.133, 182
Trd, 000283.317, 183
Trd, 000284.183, 184
Trd, 000285.383, 193
Trd, 000285.600, 188
Trd, 000285.633, 183
Trd, 000286.767, 188
Trd, 000286.883, 187
Trd, 000287.300, 185
Trd, 000288.083, 185
Trd, 000288.683, 188
Trd, 000288.817, 187
Trd, 000288.883, 188
Trd, 000289.517, 186
Trd, 000289.567, 190
Trd, 000289.883, 187
Trd, 000291.400, 187
Trd, 000292.550, 188
Trd, 000292.917, 187
Trd, 000293.300, 187
Trd, 000293.417, 188
Trd, 000294.700, 188
Trd, 000294.767, 191
Trd, 000294.783, 190
Trd, 000295.383, 187
Trd, 000295.400, 184
Trd, 000295.933, 192
Trd, 000296.383, 179
Trd, 000296.483, 177
Trd, 000297.600, 177
Trd, 000297.833, 183
Trd, 000298.017, 176
Trd, 000298.650, 185
Trd, 000299.100, 174
