Trd, 000002.150, 179
Trd, 000003.933, 137
Trd, 000004.650, 141
Trd, 000004.717, 137
Trd, 000004.767, 148
Trd, 000005.433, 134
Trd, 000005.733, 136
Trd, 000006.033, 163
Trd, 000006.133, 164
Trd, 000006.483, 152
Trd, 000006.567, 138
Trd, 000007.867, 149
Trd, 000008.667, 150
Trd, 000009.850, 150
Trd, 000010.650, 158
Trd, 000011.317, 158
Trd, 000011.583, 149
Trd, 000012.433, 149
Trd, 000012.900, 155
Trd, 000013.317, 149
Trd, 000013.833, 151
Trd, 000013.850, 152
Trd, 000016.250, 152
Trd, 000016.467, 153
Trd, 000016.517, 151
Trd, 000016.733, 167
Trd, 000018.150, 154
Trd, 000018.483, 154
Trd, 000019.033, 159
Trd, 000019.350, 169
Trd, 000020.233, 159
Trd, 000020.567, 165
Trd, 000020.833, 158
Trd, 000021.533, 156
Trd, 000021.567, 142
Trd, 000022.250, 165
Trd, 000022.667, 153
Trd, 000023.483, 150
Trd, 000023.617, 140
Trd, 000024.617, 160
Trd, 000024.683, 145
Trd, 000026.817, 157
Trd, 000027.150, 154
Trd, 000027.283, 168
Trd, 000028.183, 153
Trd, 000028.733, 169
Trd, 000030.000, 163
Trd, 000030.483, 157
Trd, 000030.900, 157
Trd, 000031.350, 153
Trd, 000031.600, 168
Trd, 000032.500, 166
Trd, 000032.533, 137
Trd, 000033.967, 151
Trd, 000034.483, 140
Trd, 000034.900, 146
Trd, 000035.300, 149
Trd, 000037.367, 145
Trd, 000037.400, 152
Trd, 000037.667, 160
Trd, 000038.100, 149
Trd, 000039.267, 161
Trd, 000039.567, 143
Trd, 000040.333, 158
Trd, 000041.283, 158
Trd, 000041.500, 162
Trd, 000041.800, 159
Trd, 000041.883, 170
Trd, 000042.267, 172
Trd, 000042.800, 159
Trd, 000042.867, 175
Trd, 000043.500, 157
Trd, 000044.050, 142
Trd, 000044.383, 155
Trd, 000044.550, 141
Trd, 000045.383, 139
Trd, 000046.550, 146
Trd, 000047.317, 148
Trd, 000048.483, 151
Trd, 000050.067, 150
Trd, 000050.667, 150
Trd, 000051.450, 149
Trd, 000052.250, 146
Trd, 000052.717, 153
Trd, 000053.050, 159
Trd, 000054.000, 146
Trd, 000054.300, 146
Trd, 000054.650, 145
Trd, 000055.183, 144
Trd, 000056.783, 144
Trd, 000057.217, 145
Trd, 000057.733, 146
Trd, 000057.800, 154
Trd, 000058.033, 143
Trd, 000058.867, 156
Trd, 000060.017, 157
Trd, 000062.133, 149
Trd, 000062.433, 148
Trd, 000062.517, 161
Trd, 000063.117, 151
Trd, 000063.183, 154
Trd, 000065.017, 160
Trd, 000065.500, 160
Trd, 000065.867, 159
Trd, 000067.833, 159
Trd, 000067.850, 144
Trd, 000069.067, 157
Trd, 000069.667, 160
Trd, 000069.883, 162
Trd, 000070.083, 152
Trd, 000072.033, 148
Trd, 000073.767, 168
Trd, 000073.983, 158
Trd, 000074.717, 155
Trd, 000075.033, 155
Trd, 000075.500, 155
Trd, 000076.033, 165
Trd, 000078.200, 168
Trd, 000078.433, 164
Trd, 000078.450, 161
Trd, 000079.017, 149
Trd, 000080.217, 170
Trd, 000080.550, 155
Trd, 000080.867, 176
Trd, 000081.733, 163
Trd, 000082.283, 178
Trd, 000082.333, 162
Trd, 000082.483, 161
Trd, 000082.800, 156
Trd, 000082.883, 148
Trd, 000083.900, 155
Trd, 000084.733, 165
Trd, 000085.367, 156
Trd, 000085.983, 166
Trd, 000086.400, 156
Trd, 000087.867, 166
Trd, 000088.500, 149
Trd, 000088.583, 150
Trd, 000089.900, 166
Trd, 000090.950, 169
Trd, 000091.333, 157
Trd, 000092.033, 156
Trd, 000092.617, 164
Trd, 000093.567, 157
Trd, 000093.867, 172
Trd, 000094.050, 162
Trd, 000094.933, 173
Trd, 000095.300, 165
Trd, 000096.033, 166
Trd, 000096.483, 163
Trd, 000096.900, 162
Trd, 000097.683, 172
Trd, 000098.233, 170
Trd, 000098.317, 173
Trd, 000098.750, 167
Trd, 000100.433, 153
Trd, 000100.483, 151
Trd, 000101.583, 153
Trd, 000101.833, 161
Trd, 000103.067, 158
Trd, 000103.717, 151
Trd, 000104.700, 164
Trd, 000105.433, 162
Trd, 000105.550, 165
Trd, 000105.700, 159
Trd, 000106.433, 157
Trd, 000107.733, 165
Trd, 000108.333, 164
Trd, 000108.500, 163
Trd, 000108.750, 159
Trd, 000110.550, 148
Trd, 000111.133, 151
Trd, 000112.567, 151
Trd, 000114.450, 159
Trd, 000114.817, 156
Trd, 000115.683, 159
Trd, 000116.000, 157
Trd, 000116.500, 156
Trd, 000116.533, 166
Trd, 000117.200, 162
Trd, 000117.300, 161
Trd, 000118.917, 163
Trd, 000119.467, 167
Trd, 000120.333, 164
Trd, 000120.633, 169
Trd, 000120.833, 163
Trd, 000120.900, 168
Trd, 000121.283, 170
Trd, 000121.750, 174
Trd, 000121.950, 180
Trd, 000122.317, 184
Trd, 000122.567, 198
Trd, 000122.717, 201
Trd, 000122.750, 205
Trd, 000122.800, 246
Trd, 000122.883, 269
Trd, 000123.267, 274
Trd, 000123.967, 296
Trd, 000124.117, 327.0
Trd, 000124.467, 341.0
Trd, 000125.683, 334
Trd, 000126.950, 337.0
Trd, 000127.767, 348.0
Trd, 000128.633, 341
Trd, 000129.267, 337
Trd, 000129.867, 337.0
Trd, 000131.567, 335.0
Trd, 000132.767, 335.0
Trd, 000133.967, 337.0
Trd, 000135.317, 347
Trd, 000135.767, 348
Trd, 000135.817, 342
Trd, 000137.433, 347.0
Trd, 000137.983, 348.0
Trd, 000138.967, 347
Trd, 000139.550, 351
Trd, 000139.717, 346
Trd, 000139.783, 345
Trd, 000140.183, 337.0
Trd, 000140.333, 351
Trd, 000143.367, 336.0
Trd, 000144.483, 337
Trd, 000144.850, 337.0
Trd, 000145.167, 340.0
Trd, 000145.667, 341.0
Trd, 000146.000, 336
Trd, 000146.300, 348.0
Trd, 000146.650, 335
Trd, 000147.150, 337.0
Trd, 000148.333, 340
Trd, 000148.750, 341.0
Trd, 000151.167, 347.0
Trd, 000151.683, 343
Trd, 000153.333, 341.0
Trd, 000153.833, 338.0
Trd, 000154.233, 340
Trd, 000154.417, 340
Trd, 000154.483, 339
Trd, 000157.550, 340
Trd, 000157.867, 341
Trd, 000159.167, 344.0
Trd, 000160.350, 345.0
Trd, 000162.617, 348.0
Trd, 000162.933, 340
Trd, 000164.983, 337
Trd, 000165.900, 341.0
Trd, 000166.750, 348.0
Trd, 000166.800, 350
Trd, 000168.317, 346
Trd, 000168.617, 346
Trd, 000168.900, 345
Trd, 000169.567, 341
Trd, 000170.683, 341
Trd, 000170.933, 337
Trd, 000175.267, 340
Trd, 000175.517, 339
Trd, 000175.850, 339.0
Trd, 000176.333, 341.0
Trd, 000176.883, 342
Trd, 000177.200, 348.0
Trd, 000178.167, 348.0
Trd, 000179.417, 345
Trd, 000179.917, 347
Trd, 000180.617, 346
Trd, 000181.183, 351
Trd, 000181.667, 344
Trd, 000182.150, 353
Trd, 000182.200, 343
Trd, 000182.717, 337
Trd, 000184.283, 334.0
Trd, 000184.317, 324
Trd, 000184.617, 337.0
Trd, 000185.433, 200
Trd, 000185.800, 197
Trd, 000185.933, 196
Trd, 000186.033, 196
Trd, 000186.217, 190
Trd, 000186.233, 172
Trd, 000186.317, 199
Trd, 000187.583, 184
Trd, 000188.033, 168
Trd, 000188.233, 160
Trd, 000189.400, 173
Trd, 000191.167, 172
Trd, 000191.500, 166
Trd, 000192.850, 171
Trd, 000193.650, 172
Trd, 000194.267, 171
Trd, 000194.917, 170
Trd, 000195.067, 169
Trd, 000195.150, 159
Trd, 000196.050, 175
Trd, 000196.567, 174
Trd, 000196.750, 165
Trd, 000197.350, 168
Trd, 000198.400, 166
Trd, 000198.833, 182
Trd, 000199.317, 162
Trd, 000199.367, 182
Trd, 000199.900, 164
Trd, 000201.283, 182
Trd, 000201.950, 183
Trd, 000202.000, 182
Trd, 000202.167, 180
Trd, 000202.483, 184
Trd, 000204.400, 176
Trd, 000205.617, 166
Trd, 000205.850, 160
Trd, 000207.383, 169
Trd, 000208.083, 168
Trd, 000208.233, 174
Trd, 000208.583, 182
Trd, 000209.500, 168
Trd, 000209.517, 168
Trd, 000210.467, 169
Trd, 000211.200, 167
Trd, 000212.483, 185
Trd, 000212.750, 168
Trd, 000212.833, 168
Trd, 000213.550, 182
Trd, 000214.283, 171
Trd, 000215.417, 180
Trd, 000215.500, 160
Trd, 000216.283, 168
Trd, 000217.300, 184
Trd, 000217.800, 180
Trd, 000218.583, 163
Trd, 000218.683, 163
Trd, 000218.900, 167
Trd, 000219.733, 165
Trd, 000220.583, 170
Trd, 000222.183, 179
Trd, 000222.267, 173
Trd, 000223.417, 180
Trd, 000223.850, 186
Trd, 000223.883, 187
Trd, 000224.433, 174
Trd, 000225.633, 174
Trd, 000227.250, 175
Trd, 000227.383, 171
Trd, 000227.517, 166
Trd, 000228.100, 167
Trd, 000229.750, 170
Trd, 000231.667, 169
Trd, 000232.483, 169
Trd, 000232.500, 187
Trd, 000233.433, 168
Trd, 000233.533, 171
Trd, 000234.567, 163
Trd, 000234.967, 163
Trd, 000235.617, 164
Trd, 000236.367, 165
Trd, 000236.567, 180
Trd, 000236.750, 189
Trd, 000237.900, 169
Trd, 000238.767, 167
Trd, 000239.317, 186
Trd, 000239.900, 185
Trd, 000239.917, 197
Trd, 000239.983, 180
Trd, 000240.500, 186
Trd, 000240.600, 184
Trd, 000240.983, 183
Trd, 000241.167, 187
Trd, 000241.767, 181
Trd, 000241.833, 182
Trd, 000242.517, 181
Trd, 000243.550, 184
Trd, 000243.900, 182
Trd, 000243.950, 187
Trd, 000244.133, 182
Trd, 000244.983, 179
Trd, 000245.017, 187
Trd, 000246.017, 180
Trd, 000246.400, 181
Trd, 000246.817, 183
Trd, 000246.983, 177
Trd, 000247.250, 174
Trd, 000247.567, 172
Trd, 000247.633, 178
Trd, 000247.750, 169
Trd, 000248.233, 174
Trd, 000248.350, 180
Trd, 000249.567, 182
Trd, 000250.183, 180
Trd, 000250.467, 180
Trd, 000250.517, 179
Trd, 000251.167, 172
Trd, 000251.183, 173
Trd, 000251.950, 174
Trd, 000253.050, 171
Trd, 000253.317, 170
Trd, 000253.400, 169
Trd, 000254.500, 165
Trd, 000254.950, 163
Trd, 000255.067, 166
Trd, 000255.350, 165
Trd, 000255.717, 169
Trd, 000256.400, 169
Trd, 000256.617, 170
Trd, 000257.550, 173
Trd, 000257.933, 169
Trd, 000258.100, 170
Trd, 000258.700, 174
Trd, 000259.283, 175
Trd, 000260.483, 187
Trd, 000260.850, 184
Trd, 000261.167, 185
Trd, 000261.350, 183
Trd, 000261.417, 181
Trd, 000262.083, 188
Trd, 000262.333, 181
Trd, 000262.933, 181
Trd, 000263.083, 179
Trd, 000263.117, 177
Trd, 000263.800, 185
Trd, 000264.317, 182
Trd, 000264.767, 184
Trd, 000265.233, 184
Trd, 000265.617, 184
Trd, 000266.117, 182
Trd, 000266.283, 181
Trd, 000266.983, 183
Trd, 000267.967, 188
Trd, 000268.767, 189
Trd, 000268.817, 188
Trd, 000269.033, 177
Trd, 000269.267, 188
Trd, 000269.283, 176
Trd, 000269.617, 178
Trd, 000270.700, 180
Trd, 000271.000, 172
Trd, 000271.100, 185
Trd, 000271.350, 171
Trd, 000271.783, 168
Trd, 000272.400, 170
Trd, 000273.300, 164
Trd, 000273.400, 168
Trd, 000273.700, 176
Trd, 000273.717, 168
Trd, 000274.083, 182
Trd, 000274.467, 184
Trd, 000275.150, 184
Trd, 000275.517, 190
Trd, 000275.700, 180
Trd, 000275.750, 182
Trd, 000276.533, 183
Trd, 000277.400, 184
Trd, 000278.050, 183
Trd, 000278.783, 183
Trd, 000278.883, 182
Trd, 000279.067, 178
Trd, 000279.233, 178
Trd, 000279.917, 171
Trd, 000280.733, 172
Trd, 000280.750, 171
Trd, 000280.767, 173
Trd, 000281.333, 174
Trd, 000282.017, 183
Trd, 000282.167, 180
Trd, 000282.233, 179
Trd, 000282.817, 190
Trd, 000282.850, 196
Trd, 000284.167, 181
Trd, 000284.217, 178
Trd, 000284.700, 179
Trd, 000284.850, 177
Trd, 000284.883, 186
Trd, 000284.983, 175
Trd, 000285.483, 174
Trd, 000285.800, 184
Trd, 000286.400, 174
Trd, 000287.100, 172
Trd, 000287.317, 177
Trd, 000287.800, 178
Trd, 000288.583, 168
Trd, 000289.617, 188
Trd, 000289.700, 189
Trd, 000289.900, 184
Trd, 000290.600, 178
Trd, 000290.750, 176
Trd, 000290.917, 186
Trd, 000291.717, 185
Trd, 000291.750, 178
Trd, 000291.767, 187
Trd, 000292.033, 175
Trd, 000292.467, 175
Trd, 000292.667, 173
Trd, 000292.883, 177
Trd, 000293.283, 173
Trd, 000293.533, 168
Trd, 000294.933, 181
Trd, 000294.950, 180
Trd, 000295.483, 180
Trd, 000295.517, 179
Trd, 000295.617, 191
Trd, 000295.817, 195
Trd, 000296.350, 179
Trd, 000296.633, 208
Trd, 000296.700, 201
Trd, 000296.867, 187
Trd, 000297.217, 196
Trd, 000298.033, 199
Trd, 000298.833, 192
Trd, 000298.900, 190
Trd, 000299.033, 187
Trd, 000299.100, 185
Trd, 000299.517, 174
Trd, 000299.583, 188
Trd, 000299.817, 178
Trd, 000299.950, 189
