Trd, 000001.967, 137
Trd, 000002.100, 138
Trd, 000002.383, 141
Trd, 000003.500, 165
Trd, 000004.883, 149
Trd, 000005.050, 150
Trd, 000005.350, 149
Trd, 000006.467, 156
Trd, 000006.517, 159
Trd, 000006.783, 148
Trd, 000007.517, 149
Trd, 000008.367, 149
Trd, 000008.550, 150
Trd, 000008.900, 149
Trd, 000009.767, 149
Trd, 000010.567, 148
Trd, 000010.683, 150
Trd, 000011.050, 152
Trd, 000011.317, 161
Trd, 000012.950, 156
Trd, 000013.250, 154
Trd, 000013.733, 154
Trd, 000013.883, 155
Trd, 000014.317, 156
Trd, 000015.683, 155
Trd, 000015.750, 156
Trd, 000016.767, 158
Trd, 000016.917, 158
Trd, 000017.750, 157
Trd, 000018.867, 159
Trd, 000019.433, 156
Trd, 000020.217, 161
Trd, 000021.667, 156
Trd, 000022.350, 159
Trd, 000022.400, 157
Trd, 000023.467, 160
Trd, 000024.050, 159
Trd, 000024.183, 159
Trd, 000025.000, 159
Trd, 000025.650, 159
Trd, 000025.917, 159
Trd, 000026.083, 162
Trd, 000027.183, 162
Trd, 000028.683, 161
Trd, 000029.233, 161
Trd, 000029.517, 161
Trd, 000029.733, 160
Trd, 000030.367, 160
Trd, 000030.400, 171
Trd, 000030.733, 158
Trd, 000031.000, 151
Trd, 000031.283, 162
Trd, 000031.733, 166
Trd, 000032.250, 157
Trd, 000033.317, 159
Trd, 000033.467, 157
Trd, 000035.117, 161
Trd, 000035.550, 157
Trd, 000035.967, 159
Trd, 000036.867, 156
Trd, 000037.300, 154
Trd, 000038.183, 156
Trd, 000039.683, 156
Trd, 000040.033, 154
Trd, 000040.150, 154
Trd, 000040.533, 157
Trd, 000040.617, 162
Trd, 000041.067, 155
Trd, 000043.550, 158
Trd, 000043.583, 159
Trd, 000043.950, 158
Trd, 000044.233, 160
Trd, 000044.283, 156
Trd, 000044.467, 154
Trd, 000046.867, 155
Trd, 000047.900, 162
Trd, 000048.950, 162
Trd, 000049.083, 163
Trd, 000049.617, 162
Trd, 000049.900, 161
Trd, 000050.167, 160
Trd, 000050.983, 161
Trd, 000051.083, 163
Trd, 000051.333, 161
Trd, 000051.667, 161
Trd, 000052.383, 160
Trd, 000052.550, 163
Trd, 000053.050, 164
Trd, 000055.767, 161
Trd, 000055.883, 160
Trd, 000056.183, 160
Trd, 000056.983, 159
Trd, 000057.450, 159
Trd, 000058.033, 155
Trd, 000059.233, 158
Trd, 000059.850, 160
Trd, 000060.017, 160
Trd, 000060.183, 158
Trd, 000060.283, 163
Trd, 000061.183, 168
Trd, 000061.733, 170
Trd, 000061.800, 155
Trd, 000061.817, 154
Trd, 000062.367, 161
Trd, 000063.417, 161
Trd, 000064.350, 162
Trd, 000064.433, 161
Trd, 000064.700, 164
Trd, 000065.167, 162
Trd, 000065.417, 159
Trd, 000066.750, 161
Trd, 000067.433, 159
Trd, 000067.933, 162
Trd, 000068.200, 161
Trd, 000069.267, 158
Trd, 000070.417, 163
Trd, 000070.583, 164
Trd, 000071.533, 163
Trd, 000071.567, 162
Trd, 000072.517, 160
Trd, 000072.967, 160
Trd, 000073.467, 158
Trd, 000074.033, 165
Trd, 000074.183, 168
Trd, 000074.200, 169
Trd, 000075.883, 166
Trd, 000076.250, 173
Trd, 000078.150, 167
Trd, 000078.367, 166
Trd, 000079.700, 164
Trd, 000080.750, 158
Trd, 000081.067, 162
Trd, 000081.500, 163
Trd, 000082.383, 163
Trd, 000082.717, 170
Trd, 000083.367, 168
Trd, 000083.533, 167
Trd, 000083.550, 165
Trd, 000083.583, 164
Trd, 000084.900, 165
Trd, 000085.817, 164
Trd, 000086.300, 165
Trd, 000087.183, 164
Trd, 000088.450, 164
Trd, 000088.900, 164
Trd, 000089.583, 163
Trd, 000089.983, 161
Trd, 000090.417, 161
Trd, 000090.467, 160
Trd, 000092.133, 167
Trd, 000092.817, 162
Trd, 000093.550, 160
Trd, 000093.883, 166
Trd, 000094.100, 160
Trd, 000095.200, 167
Trd, 000095.750, 166
Trd, 000096.017, 167
Trd, 000096.133, 165
Trd, 000096.983, 164
Trd, 000097.783, 157
Trd, 000098.367, 160
Trd, 000098.383, 154
Trd, 000099.067, 161
Trd, 000099.317, 161
Trd, 000099.567, 163
Trd, 000099.767, 168
Trd, 000101.150, 161
Trd, 000102.300, 163
Trd, 000103.267, 163
Trd, 000103.467, 164
Trd, 000103.533, 163
Trd, 000104.883, 166
Trd, 000105.133, 167
Trd, 000105.417, 165
Trd, 000105.617, 165
Trd, 000106.250, 159
Trd, 000107.133, 159
Trd, 000108.033, 168
Trd, 000108.550, 162
Trd, 000108.767, 162
Trd, 000110.033, 161
Trd, 000110.200, 162
Trd, 000111.700, 166
Trd, 000112.667, 163
Trd, 000113.550, 165
Trd, 000113.817, 169
Trd, 000114.633, 166
Trd, 000115.167, 165
Trd, 000115.333, 173
Trd, 000115.983, 166
Trd, 000116.983, 165
Trd, 000117.233, 164
Trd, 000118.750, 159
Trd, 000119.433, 163
Trd, 000119.583, 165
Trd, 000119.867, 164
Trd, 000120.283, 170
Trd, 000120.317, 170
Trd, 000121.017, 164
Trd, 000121.833, 172
Trd, 000122.100, 174
Trd, 000122.300, 180
Trd, 000122.367, 168
Trd, 000122.817, 183
Trd, 000123.133, 184
Trd, 000123.517, 198
Trd, 000123.917, 201
Trd, 000124.317, 205
Trd, 000124.533, 310.0
Trd, 000125.150, 311
Trd, 000125.267, 341
Trd, 000125.600, 341.0
Trd, 000126.250, 349.0
Trd, 000126.700, 351.0
Trd, 000126.883, 350.0
Trd, 000127.200, 353
Trd, 000128.433, 348.0
Trd, 000128.450, 336
Trd, 000129.067, 337
Trd, 000129.467, 341.0
Trd, 000130.917, 348.0
Trd, 000131.033, 341
Trd, 000133.400, 341
Trd, 000133.767, 341
Trd, 000133.783, 342.0
Trd, 000134.050, 349
Trd, 000135.767, 342
Trd, 000135.833, 341
Trd, 000136.917, 346
Trd, 000137.283, 343
Trd, 000137.383, 340
Trd, 000137.467, 346
Trd, 000138.350, 341
Trd, 000139.733, 344
Trd, 000140.750, 346
Trd, 000140.800, 347.0
Trd, 000141.217, 351.0
Trd, 000142.000, 349.0
Trd, 000142.067, 348.0
Trd, 000142.167, 348.0
Trd, 000142.950, 357
Trd, 000144.217, 349
Trd, 000145.017, 348
Trd, 000145.400, 351.0
Trd, 000145.450, 350
Trd, 000146.367, 352
Trd, 000146.433, 349
Trd, 000147.633, 355.0
Trd, 000147.717, 349
Trd, 000148.500, 351
Trd, 000149.350, 348.0
Trd, 000150.683, 349
Trd, 000150.800, 351.0
Trd, 000151.267, 351
Trd, 000151.867, 352
Trd, 000151.967, 351
Trd, 000152.750, 355
Trd, 000153.217, 352
Trd, 000153.750, 350
Trd, 000155.333, 355
Trd, 000156.483, 353
Trd, 000156.667, 353
Trd, 000156.750, 355
Trd, 000156.883, 356
Trd, 000157.950, 359
Trd, 000158.250, 359
Trd, 000158.350, 359
Trd, 000158.367, 360
Trd, 000160.667, 356
Trd, 000161.067, 356.0
Trd, 000161.267, 355.0
Trd, 000161.450, 354
Trd, 000162.233, 360
Trd, 000164.717, 359.0
Trd, 000164.783, 356.0
Trd, 000164.883, 355.0
Trd, 000165.467, 351
Trd, 000166.067, 349.0
Trd, 000166.467, 349.0
Trd, 000167.733, 351.0
Trd, 000167.867, 349.0
Trd, 000168.300, 350.0
Trd, 000168.417, 353
Trd, 000168.683, 355
Trd, 000169.467, 358
Trd, 000169.583, 352
Trd, 000171.117, 356
Trd, 000171.533, 350
Trd, 000171.983, 351
Trd, 000172.367, 341
Trd, 000174.383, 351.0
Trd, 000174.550, 353
Trd, 000174.800, 361
Trd, 000175.917, 354.0
Trd, 000176.850, 357
Trd, 000177.250, 353
Trd, 000177.400, 354
Trd, 000179.217, 358
Trd, 000180.350, 359.0
Trd, 000180.450, 360
Trd, 000180.833, 360.0
Trd, 000180.967, 359.0
Trd, 000181.183, 351
Trd, 000181.200, 362
Trd, 000181.283, 348.0
Trd, 000181.700, 345.0
Trd, 000182.050, 344.0
Trd, 000182.233, 343
Trd, 000182.467, 341
Trd, 000182.483, 340
Trd, 000183.383, 328
Trd, 000183.867, 308
Trd, 000183.917, 306.0
Trd, 000183.983, 300
Trd, 000184.017, 259
Trd, 000184.117, 204
Trd, 000184.517, 279
Trd, 000184.700, 276
Trd, 000185.117, 214
Trd, 000186.000, 197
Trd, 000186.083, 190
Trd, 000188.750, 188
Trd, 000188.883, 189
Trd, 000188.900, 185
Trd, 000189.983, 187
Trd, 000190.333, 184
Trd, 000190.483, 183
Trd, 000190.967, 187
Trd, 000191.367, 190
Trd, 000191.500, 180
Trd, 000191.683, 183
Trd, 000191.950, 174
Trd, 000193.400, 170
Trd, 000193.783, 167
Trd, 000194.283, 163
Trd, 000194.933, 169
Trd, 000195.317, 162
Trd, 000196.467, 169
Trd, 000197.250, 170
Trd, 000198.833, 171
Trd, 000199.100, 172
Trd, 000199.200, 168
Trd, 000200.300, 170
Trd, 000200.700, 171
Trd, 000201.050, 172
Trd, 000202.050, 176
Trd, 000202.250, 176
Trd, 000202.550, 171
Trd, 000202.683, 182
Trd, 000203.750, 177
Trd, 000204.850, 178
Trd, 000205.250, 176
Trd, 000206.067, 176
Trd, 000206.350, 175
Trd, 000206.700, 178
Trd, 000207.417, 176
Trd, 000208.417, 179
Trd, 000208.617, 181
Trd, 000209.817, 178
Trd, 000210.333, 176
Trd, 000210.633, 172
Trd, 000211.017, 175
Trd, 000211.750, 171
Trd, 000211.900, 171
Trd, 000211.967, 176
Trd, 000213.417, 171
Trd, 000215.300, 174
Trd, 000215.500, 174
Trd, 000215.600, 172
Trd, 000215.750, 171
Trd, 000216.167, 175
Trd, 000217.433, 172
Trd, 000218.167, 171
Trd, 000218.383, 171
Trd, 000219.117, 176
Trd, 000220.633, 172
Trd, 000221.617, 173
Trd, 000222.950, 172
Trd, 000223.000, 173
Trd, 000223.533, 175
Trd, 000223.750, 176
Trd, 000224.150, 173
Trd, 000225.900, 175
Trd, 000225.950, 176
Trd, 000226.000, 176
Trd, 000226.467, 174
Trd, 000226.817, 180
Trd, 000227.833, 174
Trd, 000228.467, 174
Trd, 000229.867, 174
Trd, 000230.033, 178
Trd, 000230.433, 181
Trd, 000230.950, 176
Trd, 000231.050, 176
Trd, 000231.500, 179
Trd, 000231.667, 179
Trd, 000232.067, 180
Trd, 000232.417, 192
Trd, 000233.950, 177
Trd, 000234.833, 178
Trd, 000235.600, 182
Trd, 000236.200, 177
Trd, 000236.333, 178
Trd, 000237.300, 181
Trd, 000237.417, 180
Trd, 000237.950, 179
Trd, 000238.483, 179
Trd, 000240.100, 178
Trd, 000240.133, 177
Trd, 000240.233, 179
Trd, 000240.967, 178
Trd, 000241.050, 176
Trd, 000241.250, 174
Trd, 000241.617, 176
Trd, 000241.883, 176
Trd, 000241.900, 177
Trd, 000242.017, 175
Trd, 000242.400, 186
Trd, 000242.817, 174
Trd, 000243.417, 177
Trd, 000243.617, 176
Trd, 000243.783, 174
Trd, 000244.783, 174
Trd, 000246.717, 175
Trd, 000246.783, 175
Trd, 000246.800, 177
Trd, 000247.167, 181
Trd, 000247.583, 180
Trd, 000247.767, 173
Trd, 000248.183, 180
Trd, 000248.933, 176
Trd, 000249.533, 174
Trd, 000249.650, 177
Trd, 000250.700, 181
Trd, 000250.783, 180
Trd, 000250.817, 186
Trd, 000251.917, 183
Trd, 000252.200, 180
Trd, 000252.617, 180
Trd, 000252.750, 180
Trd, 000253.100, 180
Trd, 000253.583, 183
Trd, 000254.600, 183
Trd, 000254.733, 182
Trd, 000254.933, 181
Trd, 000255.083, 180
Trd, 000255.483, 180
Trd, 000255.967, 182
Trd, 000256.433, 180
Trd, 000256.900, 183
Trd, 000256.917, 181
Trd, 000258.167, 184
Trd, 000258.450, 183
Trd, 000258.950, 185
Trd, 000259.500, 181
Trd, 000259.867, 177
Trd, 000261.417, 180
Trd, 000261.667, 178
Trd, 000262.400, 175
Trd, 000262.500, 175
Trd, 000262.883, 174
Trd, 000263.117, 177
Trd, 000263.400, 177
Trd, 000264.050, 174
Trd, 000264.233, 177
Trd, 000264.483, 182
Trd, 000264.517, 174
Trd, 000265.017, 173
Trd, 000265.233, 169
Trd, 000266.333, 174
Trd, 000266.600, 175
Trd, 000266.750, 177
Trd, 000267.000, 185
Trd, 000267.633, 183
Trd, 000267.800, 187
Trd, 000267.983, 182
Trd, 000268.417, 188
Trd, 000268.750, 185
Trd, 000269.617, 185
Trd, 000269.783, 183
Trd, 000269.983, 185
Trd, 000270.533, 176
Trd, 000270.900, 176
Trd, 000271.083, 178
Trd, 000271.883, 178
Trd, 000272.417, 175
Trd, 000273.083, 177
Trd, 000273.267, 178
Trd, 000274.550, 181
Trd, 000274.650, 185
Trd, 000275.050, 182
Trd, 000275.967, 187
Trd, 000275.983, 181
Trd, 000276.450, 184
Trd, 000276.667, 180
Trd, 000276.733, 185
Trd, 000276.817, 180
Trd, 000277.650, 182
Trd, 000277.700, 184
Trd, 000278.883, 178
Trd, 000279.017, 176
Trd, 000279.133, 179
Trd, 000279.700, 183
Trd, 000279.967, 199
Trd, 000280.017, 206
Trd, 000280.267, 190
Trd, 000280.717, 194
Trd, 000280.783, 195
Trd, 000280.883, 194
Trd, 000280.917, 189
Trd, 000282.250, 189
Trd, 000282.483, 188
Trd, 000282.750, 179
Trd, 000283.033, 176
Trd, 000283.167, 175
Trd, 000284.033, 176
Trd, 000284.983, 173
Trd, 000285.017, 172
Trd, 000285.833, 168
Trd, 000286.400, 180
Trd, 000286.700, 182
Trd, 000286.783, 173
Trd, 000286.883, 174
Trd, 000287.517, 182
Trd, 000287.800, 173
Trd, 000287.867, 180
Trd, 000289.383, 188
Trd, 000289.600, 189
Trd, 000289.633, 188
Trd, 000289.933, 191
Trd, 000290.333, 187
Trd, 000290.467, 197
Trd, 000290.500, 187
Trd, 000291.483, 187
Trd, 000291.717, 189
Trd, 000291.767, 187
Trd, 000292.200, 190
Trd, 000292.383, 186
Trd, 000293.533, 186
Trd, 000293.767, 184
Trd, 000293.933, 187
Trd, 000294.167, 200
Trd, 000295.433, 196
Trd, 000295.683, 197
Trd, 000296.250, 186
Trd, 000296.267, 195
Trd, 000296.283, 185
Trd, 000296.633, 185
Trd, 000297.017, 184
Trd, 000297.283, 195
Trd, 000297.467, 185
Trd, 000297.517, 184
Trd, 000297.883, 198
Trd, 000299.050, 195
Trd, 000299.333, 198
