Trd, 000002.200, 148
Trd, 000002.250, 132
Trd, 000002.267, 149
Trd, 000003.867, 141
Trd, 000003.950, 143
Trd, 000004.067, 134
Trd, 000006.183, 137
Trd, 000006.283, 138
Trd, 000007.283, 141
Trd, 000007.567, 149
Trd, 000007.667, 139
Trd, 000008.600, 158
Trd, 000009.233, 159
Trd, 000009.833, 154
Trd, 000010.533, 167
Trd, 000010.750, 155
Trd, 000011.200, 153
Trd, 000011.667, 155
Trd, 000012.017, 153
Trd, 000012.817, 156
Trd, 000013.250, 157
Trd, 000013.333, 153
Trd, 000013.450, 167
Trd, 000013.617, 152
Trd, 000013.967, 149
Trd, 000015.233, 157
Trd, 000015.583, 158
Trd, 000015.750, 157
Trd, 000015.900, 156
Trd, 000015.933, 144
Trd, 000017.700, 157
Trd, 000018.183, 159
Trd, 000018.317, 161
Trd, 000019.617, 161
Trd, 000019.700, 160
Trd, 000020.933, 159
Trd, 000022.233, 162
Trd, 000022.650, 161
Trd, 000022.817, 161
Trd, 000022.933, 160
Trd, 000023.633, 161
Trd, 000023.800, 162
Trd, 000023.850, 157
Trd, 000024.883, 163
Trd, 000025.367, 158
Trd, 000025.983, 153
Trd, 000026.267, 160
Trd, 000026.950, 160
Trd, 000026.967, 162
Trd, 000027.600, 154
Trd, 000028.850, 157
Trd, 000029.767, 157
Trd, 000030.217, 160
Trd, 000030.233, 155
Trd, 000030.267, 160
Trd, 000031.700, 160
Trd, 000031.800, 161
Trd, 000032.150, 159
Trd, 000032.200, 158
Trd, 000032.533, 154
Trd, 000033.733, 161
Trd, 000034.183, 161
Trd, 000034.817, 151
Trd, 000035.250, 150
Trd, 000035.633, 152
Trd, 000035.967, 152
Trd, 000036.967, 153
Trd, 000037.333, 161
Trd, 000038.983, 162
Trd, 000039.317, 159
Trd, 000039.367, 173
Trd, 000039.667, 158
Trd, 000040.933, 161
Trd, 000041.533, 162
Trd, 000042.150, 159
Trd, 000042.367, 161
Trd, 000042.817, 160
Trd, 000043.117, 161
Trd, 000043.550, 164
Trd, 000043.883, 175
Trd, 000044.133, 162
Trd, 000044.200, 161
Trd, 000044.717, 160
Trd, 000045.100, 159
Trd, 000045.433, 167
Trd, 000045.783, 155
Trd, 000046.817, 147
Trd, 000047.300, 145
Trd, 000048.450, 135
Trd, 000048.967, 146
Trd, 000049.583, 146
Trd, 000051.067, 148
Trd, 000051.750, 149
Trd, 000051.933, 149
Trd, 000052.600, 147
Trd, 000053.217, 147
Trd, 000054.283, 150
Trd, 000054.450, 153
Trd, 000054.817, 156
Trd, 000054.867, 149
Trd, 000055.250, 172
Trd, 000055.900, 163
Trd, 000056.233, 160
Trd, 000056.633, 164
Trd, 000056.900, 153
Trd, 000057.150, 154
Trd, 000058.033, 162
Trd, 000059.683, 171
Trd, 000060.950, 173
Trd, 000061.133, 164
Trd, 000061.400, 163
Trd, 000062.050, 164
Trd, 000062.350, 163
Trd, 000062.367, 161
Trd, 000062.617, 167
Trd, 000063.567, 166
Trd, 000063.833, 165
Trd, 000064.100, 165
Trd, 000064.333, 166
Trd, 000066.583, 167
Trd, 000066.700, 168
Trd, 000066.783, 167
Trd, 000067.217, 166
Trd, 000067.333, 164
Trd, 000068.150, 164
Trd, 000068.517, 161
Trd, 000069.267, 157
Trd, 000070.300, 155
Trd, 000070.383, 162
Trd, 000070.550, 165
Trd, 000070.800, 157
Trd, 000071.683, 162
Trd, 000073.050, 165
Trd, 000073.233, 155
Trd, 000073.317, 175
Trd, 000073.350, 155
Trd, 000074.750, 154
Trd, 000074.800, 152
Trd, 000075.033, 159
Trd, 000075.217, 158
Trd, 000075.233, 159
Trd, 000075.817, 158
Trd, 000076.700, 160
Trd, 000077.333, 158
Trd, 000077.433, 159
Trd, 000078.033, 165
Trd, 000078.133, 158
Trd, 000078.867, 167
Trd, 000079.700, 175
Trd, 000080.100, 177
Trd, 000080.350, 168
Trd, 000080.783, 179
Trd, 000081.033, 170
Trd, 000081.900, 166
Trd, 000082.500, 164
Trd, 000083.250, 163
Trd, 000083.700, 160
Trd, 000085.233, 168
Trd, 000085.317, 166
Trd, 000086.167, 159
Trd, 000086.633, 151
Trd, 000086.883, 169
Trd, 000087.417, 163
Trd, 000087.583, 169
Trd, 000088.267, 165
Trd, 000089.100, 164
Trd, 000089.183, 160
Trd, 000089.600, 167
Trd, 000090.233, 177
Trd, 000090.317, 152
Trd, 000090.900, 153
Trd, 000091.167, 157
Trd, 000091.567, 153
Trd, 000092.267, 159
Trd, 000092.617, 161
Trd, 000092.950, 155
Trd, 000093.300, 154
Trd, 000094.733, 161
Trd, 000095.467, 161
Trd, 000095.567, 162
Trd, 000095.600, 160
Trd, 000096.150, 188
Trd, 000096.250, 155
Trd, 000097.483, 165
Trd, 000097.783, 157
Trd, 000097.933, 158
Trd, 000098.450, 166
Trd, 000099.400, 156
Trd, 000100.417, 165
Trd, 000101.083, 161
Trd, 000101.133, 165
Trd, 000101.383, 161
Trd, 000101.500, 165
Trd, 000101.617, 168
Trd, 000101.683, 196
Trd, 000103.650, 171
Trd, 000103.717, 180
Trd, 000104.133, 174
Trd, 000104.367, 174
Trd, 000104.517, 172
Trd, 000105.733, 172
Trd, 000106.467, 175
Trd, 000106.483, 171
Trd, 000106.917, 168
Trd, 000107.167, 153
Trd, 000107.633, 174
Trd, 000108.867, 162
Trd, 000109.717, 161
Trd, 000109.750, 161
Trd, 000110.667, 162
Trd, 000110.833, 166
Trd, 000111.600, 168
Trd, 000112.133, 167
Trd, 000113.033, 165
Trd, 000113.817, 162
Trd, 000114.100, 166
Trd, 000115.217, 157
Trd, 000115.233, 156
Trd, 000115.983, 158
Trd, 000116.467, 159
Trd, 000117.283, 160
Trd, 000117.350, 158
Trd, 000117.517, 157
Trd, 000117.733, 160
Trd, 000118.000, 157
Trd, 000118.283, 155
Trd, 000119.167, 159
Trd, 000119.517, 158
Trd, 000119.750, 159
Trd, 000120.250, 158
Trd, 000121.167, 161
Trd, 000121.533, 170
Trd, 000121.950, 198
Trd, 000122.467, 211
Trd, 000123.167, 209
Trd, 000123.300, 313
Trd, 000123.817, 334.0
Trd, 000124.467, 345
Trd, 000125.800, 327.0
Trd, 000126.283, 341.0
Trd, 000127.483, 346
Trd, 000127.650, 341.0
Trd, 000128.817, 348.0
Trd, 000129.750, 340
Trd, 000129.867, 339
Trd, 000130.117, 357.0
Trd, 000130.467, 339
Trd, 000130.800, 351
Trd, 000132.133, 344
Trd, 000132.467, 348.0
Trd, 000133.133, 350
Trd, 000133.300, 350
Trd, 000133.983, 355
Trd, 000134.867, 356
Trd, 000135.100, 356
Trd, 000135.133, 355
Trd, 000135.383, 356
Trd, 000136.167, 358.0
Trd, 000137.133, 344
Trd, 000137.167, 343
Trd, 000138.317, 348.0
Trd, 000138.950, 350
Trd, 000138.983, 349
Trd, 000139.200, 348
Trd, 000139.817, 348
Trd, 000140.667, 352
Trd, 000140.817, 357
Trd, 000142.867, 364.0
Trd, 000143.800, 356
Trd, 000144.150, 352
Trd, 000145.483, 358
Trd, 000145.650, 353
Trd, 000146.433, 352
Trd, 000146.750, 358
Trd, 000146.917, 352.0
Trd, 000147.150, 355.0
Trd, 000147.633, 355
Trd, 000148.167, 358
Trd, 000148.717, 356.0
Trd, 000149.033, 355.0
Trd, 000149.083, 355.0
Trd, 000150.050, 360
Trd, 000151.783, 354
Trd, 000152.467, 358
Trd, 000152.850, 360
Trd, 000153.300, 359
Trd, 000153.867, 358
Trd, 000154.850, 359
Trd, 000155.067, 358.0
Trd, 000155.283, 357.0
Trd, 000155.400, 355.0
Trd, 000157.383, 354
Trd, 000157.483, 353.0
Trd, 000157.983, 361
Trd, 000158.250, 352
Trd, 000158.467, 352.0
Trd, 000158.750, 351.0
Trd, 000159.700, 345
Trd, 000159.733, 343
Trd, 000160.950, 351
Trd, 000162.383, 344
Trd, 000162.633, 350
Trd, 000163.083, 345
Trd, 000163.367, 345.0
Trd, 000164.683, 361
Trd, 000164.983, 355.0
Trd, 000165.150, 355
Trd, 000165.183, 344.0
Trd, 000165.217, 342
Trd, 000165.783, 355
Trd, 000167.200, 356
Trd, 000167.383, 345.0
Trd, 000168.283, 356
Trd, 000169.367, 357.0
Trd, 000170.483, 358.0
Trd, 000170.550, 359
Trd, 000170.967, 355.0
Trd, 000171.133, 354
Trd, 000172.200, 354
Trd, 000173.600, 359.0
Trd, 000174.167, 358.0
Trd, 000174.717, 358
Trd, 000174.767, 363
Trd, 000175.850, 359.0
Trd, 000177.000, 359.0
Trd, 000177.350, 355.0
Trd, 000177.450, 367
Trd, 000177.983, 351.0
Trd, 000178.983, 344
Trd, 000179.583, 358.0
Trd, 000180.633, 356
Trd, 000180.683, 355.0
Trd, 000181.250, 344
Trd, 000181.550, 343
Trd, 000182.483, 326
Trd, 000183.250, 270
Trd, 000183.600, 270
Trd, 000183.833, 279
Trd, 000184.633, 285
Trd, 000184.933, 241
Trd, 000185.167, 218
Trd, 000185.750, 206
Trd, 000186.700, 200
Trd, 000186.883, 197
Trd, 000187.067, 194
Trd, 000188.217, 183
Trd, 000188.650, 194
Trd, 000189.017, 182
Trd, 000190.750, 187
Trd, 000190.867, 186
Trd, 000191.667, 182
Trd, 000192.350, 181
Trd, 000193.117, 181
Trd, 000194.017, 182
Trd, 000194.117, 183
Trd, 000194.633, 179
Trd, 000194.667, 177
Trd, 000195.133, 176
Trd, 000196.133, 180
Trd, 000196.367, 178
Trd, 000197.017, 177
Trd, 000197.850, 188
Trd, 000197.883, 187
Trd, 000198.883, 184
Trd, 000199.233, 178
Trd, 000199.350, 188
Trd, 000199.667, 174
Trd, 000200.683, 174
Trd, 000201.250, 175
Trd, 000201.883, 175
Trd, 000202.200, 176
Trd, 000202.350, 174
Trd, 000204.267, 175
Trd, 000205.167, 176
Trd, 000205.650, 177
Trd, 000205.767, 178
Trd, 000206.467, 174
Trd, 000206.750, 171
Trd, 000207.067, 170
Trd, 000207.183, 176
Trd, 000207.400, 165
Trd, 000208.267, 177
Trd, 000208.450, 179
Trd, 000208.783, 181
Trd, 000210.500, 174
Trd, 000211.600, 183
Trd, 000212.183, 183
Trd, 000212.783, 187
Trd, 000212.900, 183
Trd, 000213.667, 187
Trd, 000214.233, 176
Trd, 000214.733, 183
Trd, 000215.800, 182
Trd, 000217.033, 177
Trd, 000217.467, 181
Trd, 000217.867, 180
Trd, 000218.583, 180
Trd, 000218.700, 172
Trd, 000220.317, 166
Trd, 000220.483, 175
Trd, 000220.883, 170
Trd, 000222.150, 171
Trd, 000222.300, 173
Trd, 000222.983, 174
Trd, 000223.567, 174
Trd, 000224.267, 174
Trd, 000224.567, 178
Trd, 000225.100, 166
Trd, 000225.250, 177
Trd, 000226.117, 169
Trd, 000226.583, 171
Trd, 000227.567, 166
Trd, 000228.883, 166
Trd, 000229.117, 166
Trd, 000229.150, 166
Trd, 000229.567, 171
Trd, 000230.050, 166
Trd, 000230.383, 171
Trd, 000230.733, 181
Trd, 000232.417, 178
Trd, 000232.533, 174
Trd, 000232.750, 174
Trd, 000233.267, 185
Trd, 000233.917, 166
Trd, 000234.483, 179
Trd, 000235.467, 184
Trd, 000235.967, 191
Trd, 000236.550, 186
Trd, 000236.700, 185
Trd, 000236.950, 183
Trd, 000237.617, 187
Trd, 000238.133, 185
Trd, 000239.100, 184
Trd, 000239.283, 183
Trd, 000240.200, 182
Trd, 000240.250, 184
Trd, 000240.417, 183
Trd, 000240.850, 183
Trd, 000241.583, 181
Trd, 000241.617, 180
Trd, 000241.817, 179
Trd, 000241.967, 173
Trd, 000242.667, 174
Trd, 000242.767, 173
Trd, 000243.250, 177
Trd, 000243.400, 178
Trd, 000244.083, 177
Trd, 000244.100, 172
Trd, 000244.333, 177
Trd, 000244.683, 173
Trd, 000245.867, 172
Trd, 000245.967, 171
Trd, 000246.617, 174
Trd, 000246.967, 175
Trd, 000247.100, 182
Trd, 000247.117, 174
Trd, 000247.417, 170
Trd, 000247.583, 168
Trd, 000248.167, 180
Trd, 000249.817, 174
Trd, 000250.050, 173
Trd, 000250.333, 176
Trd, 000251.067, 174
Trd, 000251.133, 174
Trd, 000251.267, 177
Trd, 000251.433, 173
Trd, 000251.500, 179
Trd, 000251.533, 172
Trd, 000251.700, 172
Trd, 000252.333, 166
Trd, 000252.467, 166
Trd, 000252.917, 155
Trd, 000253.800, 166
Trd, 000254.817, 164
Trd, 000254.850, 165
Trd, 000254.950, 171
Trd, 000255.233, 168
Trd, 000255.767, 171
Trd, 000255.900, 172
Trd, 000256.550, 170
Trd, 000257.133, 173
Trd, 000257.450, 171
Trd, 000257.583, 174
Trd, 000257.850, 172
Trd, 000258.550, 173
Trd, 000258.833, 176
Trd, 000259.567, 179
Trd, 000259.583, 177
Trd, 000260.083, 183
Trd, 000260.567, 177
Trd, 000260.800, 182
Trd, 000261.667, 177
Trd, 000262.233, 182
Trd, 000262.250, 184
Trd, 000262.317, 174
Trd, 000263.233, 155
Trd, 000263.367, 165
Trd, 000263.883, 166
Trd, 000264.033, 174
Trd, 000264.133, 165
Trd, 000264.550, 164
Trd, 000265.633, 163
Trd, 000265.883, 164
Trd, 000266.700, 185
Trd, 000266.950, 178
Trd, 000268.100, 183
Trd, 000268.333, 183
Trd, 000268.483, 182
Trd, 000268.567, 188
Trd, 000268.833, 180
Trd, 000269.117, 185
Trd, 000269.483, 187
Trd, 000269.517, 185
Trd, 000269.883, 186
Trd, 000270.067, 187
Trd, 000271.017, 187
Trd, 000271.500, 185
Trd, 000271.633, 184
Trd, 000272.550, 188
Trd, 000272.667, 187
Trd, 000272.683, 185
Trd, 000272.950, 183
Trd, 000273.400, 185
Trd, 000273.650, 187
Trd, 000274.467, 185
Trd, 000274.900, 185
Trd, 000275.033, 187
Trd, 000275.683, 186
Trd, 000275.700, 185
Trd, 000277.100, 182
Trd, 000277.800, 186
Trd, 000277.817, 187
Trd, 000278.067, 183
Trd, 000278.133, 178
Trd, 000278.617, 187
Trd, 000278.800, 183
Trd, 000278.950, 176
Trd, 000279.950, 181
Trd, 000280.550, 181
Trd, 000280.750, 187
Trd, 000280.950, 187
Trd, 000281.067, 186
Trd, 000281.767, 186
Trd, 000282.233, 179
Trd, 000282.817, 188
Trd, 000283.200, 172
Trd, 000283.367, 171
Trd, 000283.433, 176
Trd, 000284.167, 171
Trd, 000284.450, 170
Trd, 000284.983, 170
Trd, 000285.050, 171
Trd, 000285.617, 172
Trd, 000285.867, 186
Trd, 000286.500, 187
Trd, 000286.817, 184
Trd, 000287.150, 191
Trd, 000287.167, 176
Trd, 000287.817, 199
Trd, 000287.867, 187
Trd, 000289.033, 184
Trd, 000289.267, 180
Trd, 000289.733, 177
Trd, 000289.867, 184
Trd, 000290.700, 185
Trd, 000290.717, 180
Trd, 000291.467, 173
Trd, 000291.667, 186
Trd, 000291.850, 183
Trd, 000293.283, 172
Trd, 000293.950, 179
Trd, 000294.200, 179
Trd, 000294.317, 187
Trd, 000294.383, 171
Trd, 000294.433, 170
Trd, 000294.600, 186
Trd, 000294.983, 172
Trd, 000295.150, 171
Trd, 000296.100, 180
Trd, 000296.117, 178
Trd, 000297.217, 180
Trd, 000297.550, 180
Trd, 000297.650, 188
Trd, 000297.750, 191
Trd, 000298.150, 181
Trd, 000298.433, 178
Trd, 000299.317, 188
Trd, 000299.883, 186
