Trd, 000001.133, 179
Trd, 000001.800, 144
Trd, 000002.383, 109
Trd, 000002.950, 110
Trd, 000003.250, 113
Trd, 000003.950, 134
Trd, 000004.917, 135
Trd, 000006.133, 148
Trd, 000006.550, 174
Trd, 000006.800, 150
Trd, 000007.517, 151
Trd, 000007.717, 152
Trd, 000008.067, 152
Trd, 000008.750, 159
Trd, 000009.033, 158
Trd, 000010.967, 158
Trd, 000011.833, 157
Trd, 000012.100, 156
Trd, 000013.500, 156
Trd, 000013.650, 157
Trd, 000013.783, 158
Trd, 000014.083, 155
Trd, 000014.500, 159
Trd, 000014.750, 137
Trd, 000015.117, 157
Trd, 000015.317, 156
Trd, 000015.817, 146
Trd, 000016.383, 162
Trd, 000016.600, 152
Trd, 000016.650, 163
Trd, 000018.233, 158
Trd, 000018.617, 160
Trd, 000018.733, 159
Trd, 000019.933, 161
Trd, 000020.400, 157
Trd, 000021.533, 149
Trd, 000021.900, 147
Trd, 000021.967, 133
Trd, 000023.867, 137
Trd, 000024.167, 138
Trd, 000024.533, 139
Trd, 000024.667, 149
Trd, 000025.233, 145
Trd, 000025.300, 144
Trd, 000026.567, 145
Trd, 000027.133, 149
Trd, 000028.167, 147
Trd, 000029.583, 148
Trd, 000029.867, 149
Trd, 000029.983, 148
Trd, 000030.400, 147
Trd, 000030.617, 149
Trd, 000031.517, 151
Trd, 000031.833, 140
Trd, 000032.050, 165
Trd, 000033.217, 149
Trd, 000033.717, 175
Trd, 000033.917, 150
Trd, 000034.700, 152
Trd, 000035.967, 153
Trd, 000036.650, 152
Trd, 000037.300, 154
Trd, 000037.617, 152
Trd, 000039.033, 150
Trd, 000039.133, 146
Trd, 000039.667, 144
Trd, 000039.867, 148
Trd, 000039.883, 143
Trd, 000040.717, 147
Trd, 000040.933, 146
Trd, 000041.333, 141
Trd, 000041.667, 148
Trd, 000041.950, 148
Trd, 000042.367, 166
Trd, 000044.533, 147
Trd, 000045.750, 152
Trd, 000045.933, 150
Trd, 000045.967, 150
Trd, 000046.117, 149
Trd, 000046.750, 140
Trd, 000047.367, 150
Trd, 000047.717, 150
Trd, 000048.400, 150
Trd, 000049.133, 149
Trd, 000049.717, 150
Trd, 000050.800, 151
Trd, 000051.033, 151
Trd, 000051.383, 151
Trd, 000051.467, 153
Trd, 000052.117, 152
Trd, 000053.000, 152
Trd, 000055.050, 155
Trd, 000055.400, 157
Trd, 000055.750, 155
Trd, 000056.033, 159
Trd, 000056.517, 159
Trd, 000056.700, 159
Trd, 000057.567, 159
Trd, 000058.050, 158
Trd, 000058.967, 149
Trd, 000060.400, 153
Trd, 000061.083, 151
Trd, 000061.267, 150
Trd, 000061.650, 150
Trd, 000061.717, 152
Trd, 000062.183, 152
Trd, 000062.367, 149
Trd, 000063.917, 152
Trd, 000064.100, 151
Trd, 000064.633, 153
Trd, 000064.833, 151
Trd, 000064.983, 148
Trd, 000065.533, 156
Trd, 000066.667, 152
Trd, 000066.683, 154
Trd, 000067.950, 153
Trd, 000068.067, 154
Trd, 000068.200, 155
Trd, 000068.850, 169
Trd, 000069.450, 162
Trd, 000070.167, 158
Trd, 000071.283, 160
Trd, 000071.667, 160
Trd, 000072.000, 159
Trd, 000072.817, 160
Trd, 000073.450, 160
Trd, 000073.617, 161
Trd, 000074.200, 161
Trd, 000074.367, 160
Trd, 000074.750, 151
Trd, 000075.517, 143
Trd, 000076.100, 170
Trd, 000078.167, 162
Trd, 000078.267, 158
Trd, 000078.800, 167
Trd, 000078.933, 157
Trd, 000080.117, 160
Trd, 000080.450, 161
Trd, 000080.733, 163
Trd, 000080.950, 162
Trd, 000081.783, 161
Trd, 000082.167, 164
Trd, 000082.517, 169
Trd, 000082.583, 164
Trd, 000082.917, 162
Trd, 000083.883, 166
Trd, 000084.117, 169
Trd, 000085.217, 168
Trd, 000086.383, 168
Trd, 000086.683, 169
Trd, 000087.150, 170
Trd, 000087.767, 169
Trd, 000088.300, 168
Trd, 000088.517, 179
Trd, 000089.750, 169
Trd, 000090.000, 168
Trd, 000091.167, 167
Trd, 000091.950, 153
Trd, 000092.150, 170
Trd, 000092.533, 164
Trd, 000092.617, 169
Trd, 000094.583, 165
Trd, 000094.650, 163
Trd, 000095.683, 166
Trd, 000096.617, 167
Trd, 000096.717, 166
Trd, 000097.400, 171
Trd, 000097.833, 169
Trd, 000099.417, 170
Trd, 000100.267, 171
Trd, 000100.450, 169
Trd, 000100.517, 172
Trd, 000101.217, 167
Trd, 000102.583, 170
Trd, 000102.617, 169
Trd, 000103.067, 168
Trd, 000103.667, 167
Trd, 000104.333, 167
Trd, 000104.933, 169
Trd, 000105.700, 169
Trd, 000105.883, 168
Trd, 000106.250, 167
Trd, 000106.300, 169
Trd, 000107.200, 172
Trd, 000107.667, 172
Trd, 000107.750, 171
Trd, 000108.117, 165
Trd, 000109.233, 155
Trd, 000110.600, 168
Trd, 000110.983, 166
Trd, 000111.417, 166
Trd, 000113.000, 163
Trd, 000113.033, 151
Trd, 000113.067, 147
Trd, 000113.283, 164
Trd, 000113.400, 152
Trd, 000114.250, 162
Trd, 000114.400, 162
Trd, 000114.600, 152
Trd, 000115.867, 159
Trd, 000117.283, 159
Trd, 000117.383, 157
Trd, 000117.917, 160
Trd, 000117.983, 160
Trd, 000118.900, 159
Trd, 000118.917, 158
Trd, 000118.933, 160
Trd, 000121.100, 161
Trd, 000121.267, 161
Trd, 000121.283, 163
Trd, 000121.667, 169
Trd, 000121.867, 174
Trd, 000121.900, 184
Trd, 000122.117, 174
Trd, 000122.217, 187
Trd, 000123.067, 173
Trd, 000123.133, 174
Trd, 000123.217, 191
Trd, 000123.817, 194
Trd, 000123.867, 198
Trd, 000124.567, 325
Trd, 000125.067, 327.0
Trd, 000126.750, 313.0
Trd, 000127.117, 317
Trd, 000127.650, 325.0
Trd, 000127.667, 327.0
Trd, 000130.967, 324
Trd, 000131.783, 319
Trd, 000132.200, 324
Trd, 000132.267, 328
Trd, 000132.933, 331.0
Trd, 000133.617, 347.0
Trd, 000133.700, 348.0
Trd, 000134.550, 355.0
Trd, 000134.650, 331.0
Trd, 000134.883, 331.0
Trd, 000136.700, 345.0
Trd, 000137.350, 344.0
Trd, 000137.683, 357
Trd, 000138.783, 353
Trd, 000140.017, 349
Trd, 000140.100, 351
Trd, 000141.067, 348.0
Trd, 000141.200, 350.0
Trd, 000141.283, 349.0
Trd, 000141.550, 348.0
Trd, 000141.750, 345
Trd, 000142.867, 344.0
Trd, 000143.100, 342
Trd, 000143.333, 348
Trd, 000143.350, 335
Trd, 000143.367, 334
Trd, 000143.933, 334
Trd, 000145.000, 333
Trd, 000145.700, 327.0
Trd, 000146.150, 331
Trd, 000146.217, 321
Trd, 000147.533, 327.0
Trd, 000147.633, 327
Trd, 000148.183, 326
Trd, 000148.317, 329
Trd, 000148.767, 348.0
Trd, 000149.617, 348.0
Trd, 000151.050, 331
Trd, 000151.350, 331
Trd, 000152.567, 344
Trd, 000153.150, 347
Trd, 000153.767, 339
Trd, 000154.067, 337
Trd, 000154.533, 337
Trd, 000154.767, 336
Trd, 000155.100, 337
Trd, 000155.167, 336
Trd, 000156.367, 338
Trd, 000156.417, 341
Trd, 000157.050, 347.0
Trd, 000157.100, 338
Trd, 000159.800, 347.0
Trd, 000160.350, 348.0
Trd, 000160.417, 346.0
Trd, 000160.650, 345.0
Trd, 000160.967, 345.0
Trd, 000162.050, 351
Trd, 000162.883, 348
Trd, 000163.250, 350.0
Trd, 000163.350, 347.0
Trd, 000164.000, 347.0
Trd, 000164.133, 348.0
Trd, 000167.150, 347
Trd, 000167.467, 344
Trd, 000168.850, 349
Trd, 000169.583, 348
Trd, 000170.250, 347
Trd, 000171.017, 348
Trd, 000171.583, 348.0
Trd, 000171.733, 345.0
Trd, 000172.517, 345
Trd, 000173.600, 345
Trd, 000173.700, 345.0
Trd, 000175.217, 347
Trd, 000175.433, 346.0
Trd, 000176.033, 348.0
Trd, 000176.167, 348
Trd, 000176.800, 344.0
Trd, 000176.850, 338
Trd, 000178.017, 343
Trd, 000178.200, 340
Trd, 000178.500, 342
Trd, 000178.867, 336
Trd, 000179.783, 333.0
Trd, 000180.200, 337
Trd, 000180.217, 338
Trd, 000180.933, 338
Trd, 000181.117, 336
Trd, 000182.283, 337
Trd, 000182.550, 335
Trd, 000182.633, 331.0
Trd, 000182.767, 327.0
Trd, 000183.150, 312
Trd, 000183.667, 250
Trd, 000183.967, 209
Trd, 000184.233, 253
Trd, 000184.917, 236
Trd, 000185.600, 214
Trd, 000185.717, 211
Trd, 000185.983, 211
Trd, 000186.217, 204
Trd, 000186.333, 197
Trd, 000187.067, 190
Trd, 000187.500, 188
Trd, 000188.550, 177
Trd, 000189.583, 184
Trd, 000189.633, 184
Trd, 000190.283, 184
Trd, 000190.367, 186
Trd, 000191.733, 183
Trd, 000192.000, 185
Trd, 000192.483, 182
Trd, 000192.850, 179
Trd, 000193.467, 175
Trd, 000194.150, 176
Trd, 000195.433, 178
Trd, 000195.700, 176
Trd, 000195.967, 175
Trd, 000196.133, 174
Trd, 000196.333, 176
Trd, 000197.550, 175
Trd, 000199.033, 176
Trd, 000199.583, 176
Trd, 000199.833, 175
Trd, 000200.250, 174
Trd, 000200.517, 174
Trd, 000202.200, 172
Trd, 000202.217, 173
Trd, 000203.933, 181
Trd, 000203.983, 182
Trd, 000204.850, 184
Trd, 000204.967, 183
Trd, 000205.133, 188
Trd, 000206.367, 178
Trd, 000206.517, 177
Trd, 000207.017, 177
Trd, 000207.583, 185
Trd, 000208.150, 178
Trd, 000208.183, 177
Trd, 000208.600, 176
Trd, 000210.350, 169
Trd, 000210.567, 176
Trd, 000210.817, 175
Trd, 000211.017, 176
Trd, 000211.200, 174
Trd, 000211.833, 174
Trd, 000211.983, 165
Trd, 000212.700, 156
Trd, 000213.450, 176
Trd, 000213.667, 177
Trd, 000214.983, 169
Trd, 000215.017, 169
Trd, 000215.400, 171
Trd, 000216.300, 184
Trd, 000216.817, 178
Trd, 000217.650, 179
Trd, 000217.783, 178
Trd, 000218.217, 179
Trd, 000219.517, 179
Trd, 000220.400, 178
Trd, 000220.567, 178
Trd, 000220.583, 177
Trd, 000221.333, 177
Trd, 000221.633, 166
Trd, 000221.800, 159
Trd, 000222.817, 170
Trd, 000224.300, 174
Trd, 000224.383, 173
Trd, 000224.567, 172
Trd, 000224.900, 173
Trd, 000225.967, 171
Trd, 000226.083, 166
Trd, 000227.900, 175
Trd, 000227.933, 174
Trd, 000229.383, 172
Trd, 000230.233, 161
Trd, 000231.067, 171
Trd, 000231.383, 172
Trd, 000231.483, 171
Trd, 000231.583, 170
Trd, 000231.783, 171
Trd, 000233.183, 172
Trd, 000233.617, 172
Trd, 000233.733, 170
Trd, 000233.933, 173
Trd, 000234.067, 169
Trd, 000234.217, 168
Trd, 000235.817, 161
Trd, 000236.250, 167
Trd, 000237.783, 162
Trd, 000237.883, 163
Trd, 000237.933, 160
Trd, 000237.950, 159
Trd, 000238.467, 155
Trd, 000239.750, 162
Trd, 000239.950, 158
Trd, 000240.267, 171
Trd, 000240.333, 170
Trd, 000240.900, 172
Trd, 000241.467, 174
Trd, 000241.500, 173
Trd, 000241.933, 180
Trd, 000242.033, 175
Trd, 000242.583, 178
Trd, 000242.950, 184
Trd, 000243.017, 186
Trd, 000243.650, 186
Trd, 000244.933, 193
Trd, 000245.117, 193
Trd, 000245.533, 192
Trd, 000245.917, 189
Trd, 000246.500, 186
Trd, 000247.350, 189
Trd, 000248.867, 189
Trd, 000249.033, 188
Trd, 000249.083, 190
Trd, 000249.567, 189
Trd, 000249.633, 191
Trd, 000250.050, 189
Trd, 000250.433, 187
Trd, 000250.583, 183
Trd, 000251.050, 188
Trd, 000251.133, 189
Trd, 000251.367, 182
Trd, 000251.400, 180
Trd, 000252.000, 179
Trd, 000253.433, 181
Trd, 000253.650, 180
Trd, 000253.917, 178
Trd, 000254.583, 172
Trd, 000255.233, 173
Trd, 000255.500, 172
Trd, 000255.883, 170
Trd, 000256.467, 174
Trd, 000256.567, 179
Trd, 000257.233, 180
Trd, 000257.417, 176
Trd, 000258.583, 178
Trd, 000259.383, 181
Trd, 000259.450, 180
Trd, 000260.683, 180
Trd, 000261.350, 182
Trd, 000261.433, 181
Trd, 000261.850, 182
Trd, 000262.033, 183
Trd, 000262.167, 180
Trd, 000262.583, 181
Trd, 000263.000, 180
Trd, 000263.050, 177
Trd, 000264.150, 173
Trd, 000264.200, 172
Trd, 000265.150, 174
Trd, 000265.217, 172
Trd, 000265.517, 172
Trd, 000265.550, 174
Trd, 000266.783, 175
Trd, 000267.583, 177
Trd, 000267.900, 176
Trd, 000268.400, 173
Trd, 000268.583, 170
Trd, 000269.300, 164
Trd, 000269.817, 169
Trd, 000270.133, 169
Trd, 000270.517, 182
Trd, 000272.683, 180
Trd, 000272.750, 182
Trd, 000272.783, 179
Trd, 000272.917, 179
Trd, 000273.050, 178
Trd, 000273.767, 176
Trd, 000275.117, 177
Trd, 000275.533, 178
Trd, 000275.617, 181
Trd, 000275.667, 182
Trd, 000276.067, 181
Trd, 000276.317, 182
Trd, 000277.100, 177
Trd, 000277.967, 179
Trd, 000278.150, 176
Trd, 000279.100, 174
Trd, 000279.517, 171
Trd, 000279.783, 163
Trd, 000280.083, 168
Trd, 000280.367, 169
Trd, 000280.717, 173
Trd, 000280.783, 175
Trd, 000281.167, 177
Trd, 000282.283, 179
Trd, 000283.033, 183
Trd, 000283.233, 184
Trd, 000283.700, 184
Trd, 000283.783, 192
Trd, 000284.383, 189
Trd, 000284.500, 190
Trd, 000284.700, 188
Trd, 000284.950, 191
Trd, 000285.017, 182
Trd, 000286.133, 187
Trd, 000286.267, 186
Trd, 000286.683, 193
Trd, 000287.033, 185
Trd, 000287.183, 177
Trd, 000288.733, 173
Trd, 000289.417, 169
Trd, 000289.483, 173
Trd, 000290.050, 178
Trd, 000290.600, 185
Trd, 000290.717, 185
Trd, 000290.733, 184
Trd, 000291.517, 182
Trd, 000292.233, 189
Trd, 000292.750, 191
Trd, 000293.317, 187
Trd, 000293.467, 191
Trd, 000293.583, 196
Trd, 000293.800, 187
Trd, 000293.817, 185
Trd, 000294.117, 185
Trd, 000294.167, 184
Trd, 000294.833, 196
Trd, 000295.083, 197
Trd, 000295.750, 186
Trd, 000295.933, 185
Trd, 000296.083, 187
Trd, 000296.717, 161
Trd, 000297.017, 174
Trd, 000297.317, 176
Trd, 000297.733, 174
Trd, 000298.050, 177
Trd, 000298.383, 177
Trd, 000299.100, 172
Trd, 000299.217, 171
