Trd, 000001.750, 168
Trd, 000002.017, 156
Trd, 000002.200, 155
Trd, 000003.833, 163
Trd, 000003.883, 158
Trd, 000003.967, 154
Trd, 000005.683, 157
Trd, 000006.350, 156
Trd, 000006.850, 155
Trd, 000006.967, 155
Trd, 000007.250, 162
Trd, 000007.783, 140
Trd, 000008.133, 146
Trd, 000009.517, 157
Trd, 000010.050, 158
Trd, 000010.383, 160
Trd, 000010.583, 158
Trd, 000011.350, 160
Trd, 000012.000, 159
Trd, 000012.533, 163
Trd, 000013.133, 161
Trd, 000013.450, 157
Trd, 000013.650, 156
Trd, 000014.200, 152
Trd, 000014.817, 155
Trd, 000014.850, 157
Trd, 000014.867, 152
Trd, 000015.717, 153
Trd, 000015.950, 154
Trd, 000016.867, 154
Trd, 000017.117, 153
Trd, 000017.150, 152
Trd, 000017.217, 152
Trd, 000018.700, 154
Trd, 000020.083, 151
Trd, 000020.100, 152
Trd, 000020.167, 149
Trd, 000020.483, 148
Trd, 000020.833, 160
Trd, 000020.983, 134
Trd, 000021.950, 157
Trd, 000022.367, 158
Trd, 000022.400, 159
Trd, 000023.800, 163
Trd, 000023.983, 163
Trd, 000024.283, 162
Trd, 000024.333, 164
Trd, 000024.583, 162
Trd, 000025.200, 161
Trd, 000025.267, 160
Trd, 000026.133, 160
Trd, 000026.150, 158
Trd, 000027.133, 157
Trd, 000027.517, 161
Trd, 000028.333, 158
Trd, 000028.933, 157
Trd, 000029.333, 156
Trd, 000029.650, 157
Trd, 000030.750, 138
Trd, 000031.100, 147
Trd, 000031.467, 154
Trd, 000031.767, 155
Trd, 000033.983, 150
Trd, 000034.033, 149
Trd, 000034.683, 148
Trd, 000035.000, 142
Trd, 000035.117, 148
Trd, 000035.200, 149
Trd, 000035.433, 154
Trd, 000036.000, 143
Trd, 000036.350, 144
Trd, 000037.067, 144
Trd, 000037.300, 145
Trd, 000037.433, 143
Trd, 000037.833, 146
Trd, 000037.967, 147
Trd, 000039.350, 143
Trd, 000039.817, 151
Trd, 000039.933, 153
Trd, 000039.983, 155
Trd, 000040.500, 166
Trd, 000041.633, 145
Trd, 000043.267, 151
Trd, 000043.283, 144
Trd, 000043.333, 151
Trd, 000043.700, 172
Trd, 000043.950, 141
Trd, 000044.050, 175
Trd, 000044.850, 167
Trd, 000045.167, 166
Trd, 000045.233, 164
Trd, 000047.150, 165
Trd, 000047.450, 168
Trd, 000047.517, 166
Trd, 000047.617, 163
Trd, 000048.567, 158
Trd, 000048.683, 159
Trd, 000049.083, 158
Trd, 000050.283, 159
Trd, 000050.433, 159
Trd, 000050.633, 160
Trd, 000051.100, 158
Trd, 000052.183, 162
Trd, 000052.200, 160
Trd, 000052.300, 156
Trd, 000052.650, 167
Trd, 000054.550, 149
Trd, 000054.967, 155
Trd, 000055.550, 156
Trd, 000055.983, 169
Trd, 000056.033, 143
Trd, 000056.900, 165
Trd, 000057.283, 165
Trd, 000057.683, 161
Trd, 000057.917, 167
Trd, 000058.900, 166
Trd, 000060.033, 164
Trd, 000060.517, 164
Trd, 000060.767, 161
Trd, 000061.050, 159
Trd, 000061.217, 149
Trd, 000061.517, 160
Trd, 000062.267, 159
Trd, 000062.400, 144
Trd, 000062.650, 159
Trd, 000062.767, 160
Trd, 000063.283, 140
Trd, 000064.400, 147
Trd, 000064.933, 160
Trd, 000065.217, 159
Trd, 000066.150, 153
Trd, 000066.650, 156
Trd, 000067.233, 157
Trd, 000067.650, 157
Trd, 000068.233, 168
Trd, 000068.650, 155
Trd, 000068.950, 152
Trd, 000070.233, 166
Trd, 000070.917, 166
Trd, 000071.483, 166
Trd, 000071.617, 166
Trd, 000071.700, 167
Trd, 000072.000, 168
Trd, 000073.800, 167
Trd, 000073.950, 167
Trd, 000074.283, 167
Trd, 000075.383, 165
Trd, 000075.400, 165
Trd, 000075.483, 165
Trd, 000075.550, 166
Trd, 000076.333, 162
Trd, 000077.700, 162
Trd, 000077.833, 158
Trd, 000078.217, 162
Trd, 000079.883, 160
Trd, 000080.517, 160
Trd, 000080.600, 162
Trd, 000081.167, 162
Trd, 000081.667, 161
Trd, 000082.067, 168
Trd, 000082.533, 161
Trd, 000082.667, 167
Trd, 000083.350, 163
Trd, 000084.767, 160
Trd, 000085.800, 161
Trd, 000085.883, 163
Trd, 000085.900, 164
Trd, 000086.200, 164
Trd, 000086.817, 170
Trd, 000087.350, 163
Trd, 000088.017, 161
Trd, 000088.717, 164
Trd, 000088.867, 159
Trd, 000089.900, 158
Trd, 000090.133, 159
Trd, 000090.500, 150
Trd, 000091.233, 155
Trd, 000091.617, 152
Trd, 000091.850, 156
Trd, 000091.933, 148
Trd, 000092.567, 170
Trd, 000092.767, 147
Trd, 000092.883, 142
Trd, 000092.983, 157
Trd, 000093.283, 171
Trd, 000095.050, 141
Trd, 000095.200, 169
Trd, 000095.600, 168
Trd, 000096.367, 168
Trd, 000097.267, 168
Trd, 000097.417, 170
Trd, 000098.067, 168
Trd, 000098.183, 167
Trd, 000098.767, 165
Trd, 000098.917, 161
Trd, 000100.317, 178
Trd, 000100.333, 170
Trd, 000100.717, 179
Trd, 000100.900, 180
Trd, 000101.217, 176
Trd, 000102.450, 172
Trd, 000102.650, 169
Trd, 000103.017, 168
Trd, 000103.100, 165
Trd, 000104.083, 164
Trd, 000104.633, 161
Trd, 000104.883, 149
Trd, 000105.300, 163
Trd, 000105.450, 165
Trd, 000105.850, 169
Trd, 000107.067, 169
Trd, 000108.633, 174
Trd, 000108.717, 178
Trd, 000109.233, 179
Trd, 000109.333, 173
Trd, 000109.517, 172
Trd, 000110.300, 172
Trd, 000110.533, 171
Trd, 000111.117, 169
Trd, 000111.550, 172
Trd, 000112.150, 172
Trd, 000112.333, 175
Trd, 000112.883, 168
Trd, 000112.933, 168
Trd, 000113.050, 177
Trd, 000113.650, 182
Trd, 000114.567, 167
Trd, 000115.850, 169
Trd, 000116.417, 167
Trd, 000116.533, 162
Trd, 000117.033, 167
Trd, 000117.550, 146
Trd, 000117.650, 164
Trd, 000118.183, 158
Trd, 000118.700, 156
Trd, 000118.983, 158
Trd, 000119.233, 163
Trd, 000119.600, 175
Trd, 000121.183, 163
Trd, 000121.233, 174
Trd, 000121.767, 180
Trd, 000122.067, 169
Trd, 000122.433, 174
Trd, 000122.617, 184
Trd, 000123.500, 216
Trd, 000123.683, 259
Trd, 000123.950, 318
Trd, 000124.383, 324.0
Trd, 000124.767, 331.0
Trd, 000125.450, 343.0
Trd, 000125.717, 324.0
Trd, 000126.367, 337
Trd, 000126.467, 344.0
Trd, 000126.883, 351.0
Trd, 000127.000, 336
Trd, 000127.283, 334
Trd, 000127.983, 330
Trd, 000128.800, 350
Trd, 000130.150, 334
Trd, 000130.233, 335
Trd, 000130.317, 336
Trd, 000130.750, 333
Trd, 000131.333, 335
Trd, 000131.617, 341
Trd, 000132.633, 332
Trd, 000133.100, 344.0
Trd, 000133.217, 334
Trd, 000134.133, 335
Trd, 000134.533, 337
Trd, 000135.133, 342
Trd, 000135.683, 344.0
Trd, 000136.750, 336
Trd, 000137.533, 336
Trd, 000137.600, 338
Trd, 000137.683, 335
Trd, 000137.783, 331.0
Trd, 000138.400, 339
Trd, 000138.633, 335
Trd, 000138.817, 337
Trd, 000140.617, 335
Trd, 000140.917, 335
Trd, 000141.100, 334
Trd, 000141.400, 333
Trd, 000141.767, 326
Trd, 000142.150, 328
Trd, 000143.117, 333
Trd, 000143.283, 334
Trd, 000143.933, 332
Trd, 000145.183, 329
Trd, 000145.200, 332
Trd, 000146.900, 334.0
Trd, 000147.400, 338
Trd, 000147.767, 339
Trd, 000148.350, 335
Trd, 000148.533, 339
Trd, 000149.050, 340
Trd, 000149.150, 339
Trd, 000149.700, 341
Trd, 000149.883, 351.0
Trd, 000150.333, 364
Trd, 000150.450, 345
Trd, 000150.517, 339
Trd, 000151.200, 332
Trd, 000152.000, 355
Trd, 000152.717, 340
Trd, 000153.350, 355.0
Trd, 000153.883, 349
Trd, 000154.167, 347
Trd, 000154.433, 350
Trd, 000155.817, 332
Trd, 000156.567, 334.0
Trd, 000156.633, 343.0
Trd, 000156.700, 333
Trd, 000157.867, 342
Trd, 000157.917, 344.0
Trd, 000158.667, 343
Trd, 000159.267, 344
Trd, 000159.400, 347
Trd, 000160.050, 354
Trd, 000160.433, 341
Trd, 000160.833, 338
Trd, 000161.433, 353
Trd, 000162.400, 340
Trd, 000162.633, 352
Trd, 000162.667, 352
Trd, 000163.367, 353
Trd, 000163.917, 353
Trd, 000165.650, 352.0
Trd, 000166.183, 353
Trd, 000166.800, 353.0
Trd, 000167.367, 351.0
Trd, 000167.400, 350
Trd, 000167.550, 343
Trd, 000167.833, 352
Trd, 000168.100, 333
Trd, 000168.450, 352
Trd, 000168.650, 337
Trd, 000169.467, 346
Trd, 000169.567, 353
Trd, 000170.633, 339
Trd, 000171.083, 338
Trd, 000171.350, 346
Trd, 000171.850, 338
Trd, 000172.233, 339
Trd, 000173.267, 339
Trd, 000173.517, 344
Trd, 000173.567, 338
Trd, 000173.683, 333
Trd, 000174.000, 329
Trd, 000174.083, 346
Trd, 000175.767, 344
Trd, 000175.933, 345
Trd, 000176.017, 351.0
Trd, 000176.400, 348
Trd, 000176.667, 340
Trd, 000178.117, 361
Trd, 000178.533, 349
Trd, 000180.700, 344
Trd, 000180.733, 347
Trd, 000180.767, 348
Trd, 000181.783, 349
Trd, 000181.883, 326
Trd, 000181.983, 325.0
Trd, 000182.100, 324.0
Trd, 000182.917, 319
Trd, 000183.017, 306.0
Trd, 000183.117, 302
Trd, 000183.283, 287
Trd, 000183.517, 218
Trd, 000183.900, 200
Trd, 000184.267, 176
Trd, 000186.200, 178
Trd, 000186.333, 181
Trd, 000187.550, 179
Trd, 000187.717, 179
Trd, 000188.100, 178
Trd, 000188.333, 177
Trd, 000189.467, 178
Trd, 000190.467, 178
Trd, 000190.967, 178
Trd, 000191.150, 177
Trd, 000191.700, 176
Trd, 000192.233, 170
Trd, 000192.550, 145
Trd, 000193.600, 148
Trd, 000193.633, 149
Trd, 000193.867, 150
Trd, 000194.217, 156
Trd, 000194.733, 148
Trd, 000195.583, 159
Trd, 000195.617, 160
Trd, 000195.983, 160
Trd, 000196.650, 162
Trd, 000196.900, 162
Trd, 000197.417, 163
Trd, 000197.883, 162
Trd, 000199.233, 162
Trd, 000199.650, 166
Trd, 000200.167, 167
Trd, 000200.300, 162
Trd, 000200.867, 170
Trd, 000201.000, 183
Trd, 000201.683, 178
Trd, 000202.217, 176
Trd, 000202.383, 178
Trd, 000202.550, 176
Trd, 000202.667, 187
Trd, 000202.833, 175
Trd, 000203.450, 165
Trd, 000204.067, 173
Trd, 000206.433, 171
Trd, 000206.467, 172
Trd, 000206.750, 167
Trd, 000207.433, 168
Trd, 000207.650, 171
Trd, 000208.417, 173
Trd, 000209.633, 170
Trd, 000210.200, 170
Trd, 000210.650, 171
Trd, 000211.400, 170
Trd, 000211.467, 170
Trd, 000211.667, 172
Trd, 000212.283, 170
Trd, 000214.167, 171
Trd, 000214.967, 168
Trd, 000215.350, 168
Trd, 000215.550, 169
Trd, 000216.483, 169
Trd, 000216.700, 170
Trd, 000217.017, 168
Trd, 000217.417, 171
Trd, 000217.433, 167
Trd, 000218.650, 169
Trd, 000219.483, 170
Trd, 000219.833, 165
Trd, 000220.450, 167
Trd, 000220.500, 157
Trd, 000221.517, 163
Trd, 000221.800, 163
Trd, 000221.850, 168
Trd, 000221.950, 157
Trd, 000221.967, 173
Trd, 000223.617, 184
Trd, 000224.367, 177
Trd, 000224.583, 176
Trd, 000224.850, 183
Trd, 000224.967, 157
Trd, 000225.067, 184
Trd, 000225.567, 185
Trd, 000227.083, 176
Trd, 000227.817, 175
Trd, 000228.117, 174
Trd, 000228.817, 173
Trd, 000229.300, 165
Trd, 000229.433, 174
Trd, 000229.517, 165
Trd, 000229.650, 174
Trd, 000229.850, 191
Trd, 000230.600, 163
Trd, 000231.150, 163
Trd, 000232.100, 164
Trd, 000232.283, 167
Trd, 000232.750, 163
Trd, 000233.250, 156
Trd, 000233.283, 148
Trd, 000234.050, 164
Trd, 000235.133, 163
Trd, 000235.317, 164
Trd, 000235.367, 165
Trd, 000235.383, 162
Trd, 000235.900, 172
Trd, 000237.350, 174
Trd, 000237.917, 169
Trd, 000238.167, 190
Trd, 000238.233, 192
Trd, 000238.467, 193
Trd, 000238.533, 192
Trd, 000239.233, 188
Trd, 000239.833, 188
Trd, 000240.033, 187
Trd, 000240.433, 187
Trd, 000240.817, 186
Trd, 000241.500, 183
Trd, 000241.783, 184
Trd, 000242.083, 182
Trd, 000242.283, 185
Trd, 000243.683, 182
Trd, 000244.067, 183
Trd, 000245.067, 179
Trd, 000245.817, 179
Trd, 000245.833, 178
Trd, 000246.117, 180
Trd, 000246.433, 175
Trd, 000247.333, 177
Trd, 000247.717, 177
Trd, 000248.033, 178
Trd, 000248.483, 179
Trd, 000248.500, 180
Trd, 000249.250, 177
Trd, 000249.667, 174
Trd, 000249.833, 176
Trd, 000250.500, 176
Trd, 000250.600, 175
Trd, 000250.833, 175
Trd, 000250.917, 180
Trd, 000251.833, 175
Trd, 000251.850, 180
Trd, 000252.900, 178
Trd, 000253.467, 174
Trd, 000253.617, 177
Trd, 000254.367, 176
Trd, 000255.050, 178
Trd, 000255.183, 177
Trd, 000255.650, 177
Trd, 000256.083, 178
Trd, 000256.617, 176
Trd, 000256.683, 180
Trd, 000256.767, 180
Trd, 000256.983, 187
Trd, 000257.167, 174
Trd, 000257.600, 171
Trd, 000258.050, 190
Trd, 000258.300, 188
Trd, 000258.317, 184
Trd, 000259.967, 181
Trd, 000261.133, 176
Trd, 000261.333, 175
Trd, 000261.483, 175
Trd, 000261.567, 175
Trd, 000261.883, 175
Trd, 000262.683, 174
Trd, 000263.000, 176
Trd, 000263.100, 177
Trd, 000263.200, 171
Trd, 000264.000, 173
Trd, 000264.050, 174
Trd, 000264.267, 171
Trd, 000264.483, 174
Trd, 000265.117, 177
Trd, 000265.350, 190
Trd, 000265.950, 182
Trd, 000266.333, 179
Trd, 000266.617, 178
Trd, 000267.317, 178
Trd, 000267.850, 184
Trd, 000268.583, 189
Trd, 000269.000, 180
Trd, 000269.700, 166
Trd, 000270.483, 185
Trd, 000270.967, 182
Trd, 000271.167, 185
Trd, 000271.250, 164
Trd, 000272.333, 183
Trd, 000272.500, 190
Trd, 000273.050, 183
Trd, 000273.283, 182
Trd, 000275.683, 186
Trd, 000275.917, 185
Trd, 000276.217, 185
Trd, 000276.317, 186
Trd, 000277.500, 183
Trd, 000277.567, 182
Trd, 000277.917, 179
Trd, 000278.733, 178
Trd, 000278.817, 177
Trd, 000278.850, 179
Trd, 000279.783, 178
Trd, 000280.267, 178
Trd, 000280.333, 177
Trd, 000280.683, 178
Trd, 000280.817, 179
Trd, 000280.950, 176
Trd, 000282.150, 180
Trd, 000282.600, 180
Trd, 000282.800, 172
Trd, 000282.833, 180
Trd, 000283.283, 166
Trd, 000283.817, 183
Trd, 000285.033, 181
Trd, 000285.183, 180
Trd, 000285.650, 181
Trd, 000286.117, 180
Trd, 000286.250, 180
Trd, 000286.633, 180
Trd, 000287.817, 177
Trd, 000288.167, 177
Trd, 000288.467, 181
Trd, 000288.867, 180
Trd, 000289.483, 180
Trd, 000289.600, 178
Trd, 000290.067, 178
Trd, 000290.333, 175
Trd, 000290.533, 173
Trd, 000291.350, 183
Trd, 000291.600, 173
Trd, 000292.017, 184
Trd, 000292.317, 188
Trd, 000292.383, 187
Trd, 000292.800, 186
Trd, 000293.133, 186
Trd, 000293.517, 188
Trd, 000294.250, 182
Trd, 000294.483, 187
Trd, 000294.900, 161
Trd, 000295.800, 183
Trd, 000296.000, 183
Trd, 000296.950, 184
Trd, 000297.017, 178
Trd, 000297.567, 175
Trd, 000298.400, 182
Trd, 000298.517, 183
Trd, 000299.200, 172
Trd, 000299.783, 179
Trd, 000299.967, 183
