Trd, 000001.567, 197
Trd, 000002.583, 193
Trd, 000003.783, 135
Trd, 000004.633, 129
Trd, 000006.167, 134
Trd, 000006.200, 136
Trd, 000006.217, 137
Trd, 000006.850, 141
Trd, 000007.000, 151
Trd, 000007.700, 143
Trd, 000007.733, 168
Trd, 000009.817, 142
Trd, 000010.033, 138
Trd, 000010.167, 145
Trd, 000010.917, 152
Trd, 000011.267, 166
Trd, 000011.750, 146
Trd, 000012.083, 157
Trd, 000012.417, 165
Trd, 000012.983, 146
Trd, 000013.300, 165
Trd, 000014.133, 145
Trd, 000016.250, 152
Trd, 000016.367, 166
Trd, 000016.433, 166
Trd, 000017.583, 154
Trd, 000017.867, 151
Trd, 000018.117, 146
Trd, 000018.383, 146
Trd, 000019.667, 153
Trd, 000019.733, 154
Trd, 000020.200, 154
Trd, 000021.217, 152
Trd, 000021.433, 151
Trd, 000022.050, 151
Trd, 000022.550, 153
Trd, 000023.767, 166
Trd, 000024.217, 153
Trd, 000026.100, 158
Trd, 000027.400, 150
Trd, 000028.267, 153
Trd, 000029.167, 153
Trd, 000029.533, 154
Trd, 000029.550, 154
Trd, 000029.600, 153
Trd, 000030.617, 152
Trd, 000031.217, 160
Trd, 000032.150, 158
Trd, 000032.200, 152
Trd, 000032.650, 161
Trd, 000033.167, 152
Trd, 000033.250, 151
Trd, 000033.933, 160
Trd, 000034.700, 161
Trd, 000035.300, 166
Trd, 000036.933, 167
Trd, 000037.350, 166
Trd, 000037.650, 169
Trd, 000038.067, 172
Trd, 000039.083, 163
Trd, 000039.267, 173
Trd, 000039.300, 161
Trd, 000040.033, 184
Trd, 000040.683, 173
Trd, 000042.417, 176
Trd, 000044.133, 163
Trd, 000044.200, 162
Trd, 000044.467, 169
Trd, 000044.717, 161
Trd, 000044.950, 167
Trd, 000046.883, 165
Trd, 000046.917, 166
Trd, 000047.350, 153
Trd, 000048.350, 159
Trd, 000048.883, 153
Trd, 000049.233, 149
Trd, 000049.717, 155
Trd, 000050.383, 157
Trd, 000051.100, 157
Trd, 000051.167, 156
Trd, 000051.317, 163
Trd, 000052.433, 159
Trd, 000052.900, 155
Trd, 000053.950, 154
Trd, 000054.167, 153
Trd, 000054.583, 166
Trd, 000055.033, 168
Trd, 000056.067, 153
Trd, 000056.300, 149
Trd, 000056.850, 159
Trd, 000057.250, 150
Trd, 000058.200, 158
Trd, 000059.467, 157
Trd, 000060.500, 158
Trd, 000060.733, 153
Trd, 000061.100, 151
Trd, 000061.150, 150
Trd, 000062.233, 155
Trd, 000062.283, 155
Trd, 000062.600, 154
Trd, 000062.750, 155
Trd, 000063.000, 165
Trd, 000063.550, 171
Trd, 000065.267, 153
Trd, 000066.217, 150
Trd, 000066.917, 153
Trd, 000067.533, 154
Trd, 000068.283, 151
Trd, 000068.617, 155
Trd, 000069.233, 153
Trd, 000070.083, 158
Trd, 000070.217, 151
Trd, 000070.650, 172
Trd, 000071.250, 175
Trd, 000071.667, 141
Trd, 000073.283, 164
Trd, 000074.267, 167
Trd, 000074.933, 157
Trd, 000075.217, 170
Trd, 000075.317, 172
Trd, 000075.717, 157
Trd, 000075.783, 172
Trd, 000076.350, 174
Trd, 000076.617, 158
Trd, 000076.817, 179
Trd, 000077.450, 162
Trd, 000079.533, 160
Trd, 000080.467, 158
Trd, 000080.500, 157
Trd, 000082.117, 154
Trd, 000082.367, 157
Trd, 000082.817, 158
Trd, 000082.867, 169
Trd, 000083.100, 156
Trd, 000084.717, 163
Trd, 000085.000, 164
Trd, 000086.017, 161
Trd, 000086.917, 158
Trd, 000087.100, 166
Trd, 000087.267, 152
Trd, 000087.500, 151
Trd, 000087.833, 150
Trd, 000088.050, 151
Trd, 000088.467, 166
Trd, 000090.367, 162
Trd, 000091.833, 163
Trd, 000093.350, 164
Trd, 000094.067, 166
Trd, 000095.283, 167
Trd, 000095.333, 157
Trd, 000095.450, 156
Trd, 000095.467, 153
Trd, 000096.717, 159
Trd, 000097.167, 167
Trd, 000097.200, 158
Trd, 000098.017, 154
Trd, 000099.183, 163
Trd, 000099.400, 168
Trd, 000099.567, 175
Trd, 000100.033, 157
Trd, 000101.817, 161
Trd, 000102.000, 158
Trd, 000102.500, 161
Trd, 000102.867, 162
Trd, 000103.783, 167
Trd, 000103.883, 168
Trd, 000104.633, 160
Trd, 000105.600, 155
Trd, 000106.317, 161
Trd, 000106.900, 159
Trd, 000108.050, 157
Trd, 000109.517, 162
Trd, 000110.050, 165
Trd, 000111.367, 166
Trd, 000111.950, 162
Trd, 000112.150, 162
Trd, 000112.333, 155
Trd, 000113.350, 158
Trd, 000113.367, 162
Trd, 000113.667, 155
Trd, 000114.083, 168
Trd, 000115.067, 169
Trd, 000115.283, 160
Trd, 000115.333, 160
Trd, 000115.550, 159
Trd, 000116.250, 179
Trd, 000117.900, 162
Trd, 000119.083, 160
Trd, 000120.017, 167
Trd, 000120.067, 168
Trd, 000120.767, 161
Trd, 000120.833, 166
Trd, 000120.933, 168
Trd, 000121.433, 170
Trd, 000121.867, 178
Trd, 000121.967, 185
Trd, 000122.333, 164
Trd, 000122.800, 164
Trd, 000123.050, 192
Trd, 000123.100, 194
Trd, 000123.483, 198
Trd, 000123.817, 205
Trd, 000123.950, 203
Trd, 000124.117, 313.0
Trd, 000124.200, 320.0
Trd, 000125.000, 327.0
Trd, 000125.200, 335
Trd, 000126.317, 334
Trd, 000127.800, 340.0
Trd, 000127.900, 341.0
Trd, 000128.817, 344
Trd, 000129.017, 351.0
Trd, 000129.433, 363
Trd, 000130.800, 342
Trd, 000132.233, 341.0
Trd, 000132.567, 352
Trd, 000133.083, 352
Trd, 000133.317, 342
Trd, 000134.650, 335
Trd, 000135.800, 353
Trd, 000136.833, 339
Trd, 000137.217, 344
Trd, 000138.283, 347
Trd, 000139.600, 347
Trd, 000139.867, 343
Trd, 000140.883, 348
Trd, 000141.100, 349
Trd, 000141.567, 344.0
Trd, 000141.667, 348.0
Trd, 000143.000, 351.0
Trd, 000143.833, 358
Trd, 000144.283, 349
Trd, 000144.400, 347
Trd, 000144.433, 359
Trd, 000145.867, 346
Trd, 000145.950, 359
Trd, 000146.567, 344
Trd, 000146.800, 345
Trd, 000147.050, 341.0
Trd, 000149.433, 344.0
Trd, 000149.533, 344
Trd, 000150.117, 340
Trd, 000150.300, 347
Trd, 000151.117, 351.0
Trd, 000152.050, 350
Trd, 000152.133, 349
Trd, 000153.283, 347
Trd, 000153.717, 353
Trd, 000154.050, 354
Trd, 000154.167, 359
Trd, 000154.650, 344.0
Trd, 000156.850, 354
Trd, 000157.900, 352
Trd, 000158.267, 354
Trd, 000158.417, 359
Trd, 000159.017, 351
Trd, 000159.667, 362
Trd, 000160.600, 360
Trd, 000160.917, 350
Trd, 000161.167, 348
Trd, 000161.383, 361
Trd, 000161.917, 348
Trd, 000162.000, 355
Trd, 000162.867, 348
Trd, 000163.250, 356
Trd, 000165.167, 352
Trd, 000165.467, 353
Trd, 000165.550, 358
Trd, 000165.783, 346
Trd, 000166.517, 343
Trd, 000166.833, 348
Trd, 000169.233, 358
Trd, 000169.783, 359
Trd, 000170.033, 360
Trd, 000170.183, 344
Trd, 000170.367, 344.0
Trd, 000171.017, 343
Trd, 000171.367, 343
Trd, 000173.700, 353
Trd, 000174.850, 350
Trd, 000174.867, 349
Trd, 000174.950, 351.0
Trd, 000175.400, 352
Trd, 000176.283, 355
Trd, 000176.300, 356
Trd, 000177.517, 345
Trd, 000178.167, 346
Trd, 000178.667, 351.0
Trd, 000179.767, 347.0
Trd, 000180.950, 354
Trd, 000181.550, 344.0
Trd, 000181.733, 344
Trd, 000182.283, 341.0
Trd, 000182.300, 330
Trd, 000183.100, 331
Trd, 000183.250, 327.0
Trd, 000183.583, 296
Trd, 000183.600, 266
Trd, 000184.150, 301
Trd, 000185.150, 218
Trd, 000185.867, 197
Trd, 000185.983, 190
Trd, 000186.567, 212
Trd, 000187.100, 167
Trd, 000187.317, 212
Trd, 000187.783, 174
Trd, 000189.183, 184
Trd, 000189.233, 197
Trd, 000189.567, 175
Trd, 000189.883, 166
Trd, 000190.417, 164
Trd, 000191.400, 175
Trd, 000191.500, 176
Trd, 000194.283, 167
Trd, 000194.917, 170
Trd, 000195.033, 167
Trd, 000195.400, 166
Trd, 000195.817, 167
Trd, 000196.033, 160
Trd, 000196.733, 167
Trd, 000196.883, 170
Trd, 000198.517, 165
Trd, 000198.883, 169
Trd, 000199.683, 167
Trd, 000200.067, 169
Trd, 000201.117, 170
Trd, 000202.583, 171
Trd, 000202.600, 169
Trd, 000202.917, 177
Trd, 000203.017, 168
Trd, 000203.100, 167
Trd, 000205.850, 175
Trd, 000206.033, 167
Trd, 000206.350, 173
Trd, 000207.700, 174
Trd, 000207.850, 167
Trd, 000207.950, 175
Trd, 000208.167, 185
Trd, 000208.767, 166
Trd, 000208.817, 184
Trd, 000210.300, 185
Trd, 000210.483, 174
Trd, 000211.483, 180
Trd, 000212.500, 169
Trd, 000212.967, 178
Trd, 000213.117, 181
Trd, 000213.633, 182
Trd, 000213.717, 168
Trd, 000213.733, 186
Trd, 000214.200, 167
Trd, 000215.317, 189
Trd, 000216.850, 174
Trd, 000218.683, 170
Trd, 000219.150, 168
Trd, 000219.417, 171
Trd, 000219.700, 173
Trd, 000220.617, 180
Trd, 000221.217, 173
Trd, 000221.817, 173
Trd, 000223.333, 175
Trd, 000223.533, 172
Trd, 000224.233, 180
Trd, 000224.533, 181
Trd, 000224.683, 187
Trd, 000226.533, 180
Trd, 000226.733, 180
Trd, 000227.217, 184
Trd, 000228.650, 173
Trd, 000228.733, 185
Trd, 000228.900, 170
Trd, 000229.200, 185
Trd, 000229.433, 189
Trd, 000232.417, 178
Trd, 000232.917, 176
Trd, 000232.983, 183
Trd, 000233.383, 187
Trd, 000234.717, 174
Trd, 000235.233, 180
Trd, 000235.533, 185
Trd, 000235.717, 185
Trd, 000235.883, 176
Trd, 000236.033, 167
Trd, 000236.367, 168
Trd, 000236.617, 187
Trd, 000237.183, 189
Trd, 000237.767, 191
Trd, 000238.350, 190
Trd, 000238.550, 171
Trd, 000238.850, 170
Trd, 000239.300, 163
Trd, 000239.467, 186
Trd, 000240.600, 179
Trd, 000241.267, 181
Trd, 000241.517, 181
Trd, 000241.533, 182
Trd, 000241.550, 172
Trd, 000242.517, 176
Trd, 000243.033, 176
Trd, 000243.633, 181
Trd, 000243.783, 179
Trd, 000244.450, 175
Trd, 000245.067, 175
Trd, 000245.767, 172
Trd, 000245.950, 174
Trd, 000246.283, 174
Trd, 000246.683, 173
Trd, 000246.983, 170
Trd, 000247.067, 176
Trd, 000248.333, 176
Trd, 000248.583, 179
Trd, 000248.633, 177
Trd, 000248.833, 179
Trd, 000249.917, 174
Trd, 000249.983, 171
Trd, 000250.350, 179
Trd, 000251.783, 176
Trd, 000252.233, 177
Trd, 000252.517, 177
Trd, 000253.067, 180
Trd, 000253.117, 171
Trd, 000253.633, 181
Trd, 000255.283, 177
Trd, 000255.383, 181
Trd, 000255.500, 179
Trd, 000255.517, 182
Trd, 000255.650, 183
Trd, 000255.833, 181
Trd, 000256.350, 187
Trd, 000256.867, 175
Trd, 000257.433, 185
Trd, 000258.783, 181
Trd, 000258.833, 189
Trd, 000259.217, 190
Trd, 000259.533, 182
Trd, 000259.833, 185
Trd, 000260.333, 181
Trd, 000260.667, 185
Trd, 000261.100, 185
Trd, 000261.333, 181
Trd, 000261.383, 178
Trd, 000261.717, 176
Trd, 000262.717, 185
Trd, 000263.050, 188
Trd, 000263.067, 174
Trd, 000263.950, 180
Trd, 000263.967, 176
Trd, 000264.467, 181
Trd, 000264.733, 179
Trd, 000265.067, 177
Trd, 000265.650, 175
Trd, 000265.717, 179
Trd, 000265.883, 181
Trd, 000266.017, 183
Trd, 000266.633, 185
Trd, 000267.733, 184
Trd, 000267.917, 179
Trd, 000268.667, 180
Trd, 000268.983, 186
Trd, 000270.450, 178
Trd, 000270.733, 178
Trd, 000271.033, 177
Trd, 000272.117, 178
Trd, 000272.600, 186
Trd, 000273.233, 184
Trd, 000273.467, 189
Trd, 000273.683, 183
Trd, 000274.483, 178
Trd, 000274.600, 171
Trd, 000274.633, 185
Trd, 000274.667, 192
Trd, 000275.417, 198
Trd, 000275.667, 171
Trd, 000275.817, 196
Trd, 000276.267, 175
Trd, 000276.517, 183
Trd, 000276.683, 173
Trd, 000276.950, 175
Trd, 000277.283, 168
Trd, 000278.417, 163
Trd, 000278.967, 170
Trd, 000279.083, 170
Trd, 000279.600, 162
Trd, 000279.767, 178
Trd, 000279.883, 170
Trd, 000280.217, 178
Trd, 000281.567, 179
Trd, 000281.617, 183
Trd, 000282.100, 188
Trd, 000282.383, 176
Trd, 000283.467, 177
Trd, 000284.100, 180
Trd, 000284.533, 190
Trd, 000284.550, 190
Trd, 000284.633, 185
Trd, 000284.983, 186
Trd, 000285.833, 185
Trd, 000286.067, 182
Trd, 000286.350, 193
Trd, 000286.717, 185
Trd, 000287.067, 176
Trd, 000287.800, 172
Trd, 000287.850, 162
Trd, 000288.500, 169
Trd, 000288.517, 179
Trd, 000289.500, 179
Trd, 000289.650, 180
Trd, 000289.683, 180
Trd, 000289.800, 173
Trd, 000290.633, 186
Trd, 000291.100, 190
Trd, 000291.467, 191
Trd, 000291.900, 191
Trd, 000292.133, 194
Trd, 000292.417, 178
Trd, 000292.683, 184
Trd, 000293.033, 171
Trd, 000293.667, 171
Trd, 000293.883, 189
Trd, 000294.050, 189
Trd, 000295.183, 184
Trd, 000295.767, 184
Trd, 000296.150, 184
Trd, 000296.583, 176
Trd, 000296.600, 187
Trd, 000296.850, 174
Trd, 000297.500, 188
Trd, 000297.800, 176
Trd, 000297.983, 184
Trd, 000298.183, 183
Trd, 000298.367, 189
Trd, 000298.667, 191
Trd, 000299.450, 179
Trd, 000299.800, 178
