Trd, 000001.333, 176
Trd, 000001.933, 147
Trd, 000001.967, 117
Trd, 000002.533, 131
Trd, 000004.283, 119
Trd, 000005.317, 132
Trd, 000005.433, 135
Trd, 000005.833, 136
Trd, 000005.883, 132
Trd, 000006.533, 137
Trd, 000006.650, 145
Trd, 000006.800, 165
Trd, 000007.250, 138
Trd, 000007.733, 156
Trd, 000008.133, 162
Trd, 000008.200, 158
Trd, 000008.267, 132
Trd, 000008.883, 132
Trd, 000010.150, 162
Trd, 000010.350, 163
Trd, 000010.567, 160
Trd, 000010.983, 158
Trd, 000011.017, 167
Trd, 000011.050, 154
Trd, 000012.867, 180
Trd, 000013.350, 175
Trd, 000014.033, 159
Trd, 000014.217, 166
Trd, 000014.383, 156
Trd, 000015.367, 163
Trd, 000015.983, 165
Trd, 000016.533, 159
Trd, 000017.133, 157
Trd, 000017.233, 162
Trd, 000017.467, 155
Trd, 000017.783, 161
Trd, 000018.233, 152
Trd, 000018.500, 162
Trd, 000019.083, 162
Trd, 000020.033, 164
Trd, 000020.433, 159
Trd, 000020.517, 154
Trd, 000021.983, 158
Trd, 000022.100, 157
Trd, 000022.683, 161
Trd, 000023.383, 167
Trd, 000023.600, 162
Trd, 000023.833, 155
Trd, 000023.900, 163
Trd, 000023.917, 154
Trd, 000024.450, 163
Trd, 000025.433, 163
Trd, 000026.217, 153
Trd, 000026.333, 162
Trd, 000027.633, 152
Trd, 000027.750, 149
Trd, 000028.217, 151
Trd, 000028.900, 149
Trd, 000029.317, 144
Trd, 000030.250, 147
Trd, 000030.733, 148
Trd, 000031.167, 147
Trd, 000031.317, 146
Trd, 000031.533, 148
Trd, 000031.717, 163
Trd, 000032.383, 154
Trd, 000033.833, 154
Trd, 000034.200, 134
Trd, 000034.433, 142
Trd, 000034.750, 146
Trd, 000035.050, 145
Trd, 000035.367, 146
Trd, 000035.517, 162
Trd, 000035.833, 150
Trd, 000036.367, 158
Trd, 000037.400, 157
Trd, 000037.950, 156
Trd, 000038.950, 162
Trd, 000039.067, 164
Trd, 000039.200, 155
Trd, 000039.483, 154
Trd, 000040.217, 153
Trd, 000040.483, 153
Trd, 000041.633, 183
Trd, 000041.917, 167
Trd, 000042.417, 166
Trd, 000042.767, 155
Trd, 000043.850, 156
Trd, 000044.700, 158
Trd, 000044.783, 159
Trd, 000044.950, 156
Trd, 000045.433, 154
Trd, 000046.900, 156
Trd, 000047.767, 153
Trd, 000047.950, 155
Trd, 000047.983, 159
Trd, 000048.433, 154
Trd, 000049.783, 156
Trd, 000049.833, 153
Trd, 000051.267, 153
Trd, 000051.400, 155
Trd, 000051.433, 146
Trd, 000052.167, 155
Trd, 000053.617, 152
Trd, 000053.750, 148
Trd, 000053.767, 154
Trd, 000053.933, 163
Trd, 000054.300, 170
Trd, 000054.683, 184
Trd, 000055.367, 177
Trd, 000056.283, 159
Trd, 000056.483, 168
Trd, 000058.117, 162
Trd, 000058.250, 158
Trd, 000059.450, 147
Trd, 000059.867, 157
Trd, 000060.317, 160
Trd, 000060.933, 147
Trd, 000061.233, 160
Trd, 000061.633, 120
Trd, 000062.333, 159
Trd, 000062.467, 160
Trd, 000063.633, 149
Trd, 000063.867, 157
Trd, 000064.283, 157
Trd, 000064.817, 157
Trd, 000065.383, 153
Trd, 000066.167, 152
Trd, 000066.400, 158
Trd, 000066.617, 149
Trd, 000066.633, 164
Trd, 000067.217, 159
Trd, 000067.233, 151
Trd, 000067.717, 165
Trd, 000069.050, 163
Trd, 000069.517, 163
Trd, 000069.600, 186
Trd, 000069.683, 160
Trd, 000069.717, 158
Trd, 000070.167, 167
Trd, 000071.767, 174
Trd, 000071.817, 172
Trd, 000071.933, 175
Trd, 000074.050, 161
Trd, 000074.150, 173
Trd, 000075.067, 163
Trd, 000075.267, 160
Trd, 000075.417, 169
Trd, 000075.867, 160
Trd, 000076.067, 158
Trd, 000077.167, 157
Trd, 000077.367, 166
Trd, 000077.883, 156
Trd, 000078.217, 166
Trd, 000078.633, 167
Trd, 000079.983, 160
Trd, 000080.650, 156
Trd, 000081.433, 160
Trd, 000081.467, 159
Trd, 000081.550, 160
Trd, 000081.567, 155
Trd, 000082.950, 156
Trd, 000083.383, 156
Trd, 000084.833, 153
Trd, 000085.400, 156
Trd, 000085.533, 156
Trd, 000085.783, 153
Trd, 000087.000, 155
Trd, 000087.233, 153
Trd, 000087.267, 152
Trd, 000087.950, 155
Trd, 000088.100, 150
Trd, 000088.183, 156
Trd, 000089.000, 172
Trd, 000089.083, 174
Trd, 000091.483, 164
Trd, 000091.633, 167
Trd, 000091.683, 172
Trd, 000093.133, 168
Trd, 000093.317, 178
Trd, 000094.000, 175
Trd, 000094.183, 176
Trd, 000094.700, 171
Trd, 000095.550, 174
Trd, 000096.050, 189
Trd, 000096.200, 167
Trd, 000097.217, 164
Trd, 000098.200, 175
Trd, 000098.383, 163
Trd, 000099.000, 167
Trd, 000099.417, 165
Trd, 000099.667, 161
Trd, 000100.867, 170
Trd, 000101.783, 163
Trd, 000102.183, 169
Trd, 000102.783, 165
Trd, 000103.383, 166
Trd, 000104.067, 167
Trd, 000104.283, 167
Trd, 000104.900, 164
Trd, 000105.000, 168
Trd, 000105.383, 166
Trd, 000105.600, 162
Trd, 000105.933, 166
Trd, 000106.500, 161
Trd, 000107.433, 168
Trd, 000108.533, 169
Trd, 000108.767, 162
Trd, 000109.183, 160
Trd, 000109.583, 159
Trd, 000110.650, 152
Trd, 000110.683, 148
Trd, 000111.233, 143
Trd, 000112.033, 162
Trd, 000112.250, 164
Trd, 000112.717, 162
Trd, 000112.750, 171
Trd, 000112.933, 148
Trd, 000112.967, 147
Trd, 000114.400, 151
Trd, 000115.133, 151
Trd, 000115.333, 154
Trd, 000115.450, 149
Trd, 000115.700, 155
Trd, 000116.183, 145
Trd, 000116.483, 157
Trd, 000116.567, 171
Trd, 000117.033, 173
Trd, 000117.533, 161
Trd, 000118.167, 164
Trd, 000118.300, 170
Trd, 000120.550, 163
Trd, 000120.833, 162
Trd, 000120.850, 159
Trd, 000122.083, 163
Trd, 000122.117, 175
Trd, 000122.400, 205
Trd, 000122.900, 191
Trd, 000123.117, 205
Trd, 000123.133, 211
Trd, 000123.267, 285
Trd, 000123.383, 337.0
Trd, 000124.317, 248
Trd, 000124.567, 344.0
Trd, 000125.300, 330.0
Trd, 000125.933, 331.0
Trd, 000126.250, 378.0
Trd, 000126.283, 310.0
Trd, 000126.850, 320.0
Trd, 000127.100, 331.0
Trd, 000127.700, 333
Trd, 000128.083, 337.0
Trd, 000129.900, 365
Trd, 000130.767, 353.0
Trd, 000131.250, 354
Trd, 000131.417, 359
Trd, 000132.500, 363
Trd, 000133.100, 358
Trd, 000133.633, 365
Trd, 000133.750, 369
Trd, 000135.650, 372
Trd, 000135.833, 365
Trd, 000136.267, 369
Trd, 000137.000, 367
Trd, 000138.067, 365.0
Trd, 000139.150, 358.0
Trd, 000139.567, 354
Trd, 000139.950, 351.0
Trd, 000141.150, 360
Trd, 000141.217, 361
Trd, 000141.500, 365
Trd, 000142.300, 348
Trd, 000142.433, 348
Trd, 000143.600, 354
Trd, 000144.100, 354
Trd, 000144.250, 359
Trd, 000144.317, 362
Trd, 000144.767, 355
Trd, 000144.833, 353
Trd, 000147.417, 354
Trd, 000148.000, 352.0
Trd, 000148.600, 353
Trd, 000148.867, 354
Trd, 000148.883, 351.0
Trd, 000148.950, 351
Trd, 000149.483, 358
Trd, 000150.050, 358
Trd, 000150.583, 349
Trd, 000150.950, 359
Trd, 000151.617, 379.0
Trd, 000152.467, 365.0
Trd, 000153.333, 358.0
Trd, 000153.350, 331.0
Trd, 000153.750, 325
Trd, 000154.150, 348
Trd, 000154.733, 358
Trd, 000155.167, 351.0
Trd, 000155.983, 353
Trd, 000156.233, 346
Trd, 000157.900, 348
Trd, 000158.250, 343
Trd, 000159.450, 343
Trd, 000160.117, 347
Trd, 000160.483, 348
Trd, 000160.583, 350
Trd, 000161.283, 346.0
Trd, 000161.650, 342
Trd, 000162.350, 349
Trd, 000162.433, 344
Trd, 000162.517, 354
Trd, 000162.567, 358
Trd, 000163.533, 351.0
Trd, 000164.250, 354
Trd, 000164.717, 344
Trd, 000166.083, 355
Trd, 000166.333, 347
Trd, 000166.767, 342.0
Trd, 000167.033, 341.0
Trd, 000167.633, 341
Trd, 000167.833, 356
Trd, 000168.250, 340
Trd, 000169.683, 353
Trd, 000169.850, 351
Trd, 000169.983, 353
Trd, 000171.100, 353
Trd, 000171.733, 351.0
Trd, 000172.450, 362
Trd, 000172.750, 362
Trd, 000173.200, 362
Trd, 000174.167, 354
Trd, 000174.317, 351
Trd, 000175.317, 352.0
Trd, 000175.933, 358
Trd, 000176.333, 350
Trd, 000177.233, 358
Trd, 000177.517, 357
Trd, 000177.850, 351.0
Trd, 000178.383, 346
Trd, 000178.400, 351
Trd, 000178.800, 373
Trd, 000179.500, 354
Trd, 000179.767, 365.0
Trd, 000179.867, 342.0
Trd, 000180.683, 331.0
Trd, 000180.750, 326
Trd, 000181.183, 321
Trd, 000181.433, 321
Trd, 000182.150, 354
Trd, 000182.233, 319
Trd, 000182.400, 313.0
Trd, 000182.467, 310.0
Trd, 000184.133, 338
Trd, 000184.167, 336
Trd, 000184.467, 197
Trd, 000185.067, 211
Trd, 000185.183, 213
Trd, 000185.817, 211
Trd, 000186.067, 183
Trd, 000186.183, 176
Trd, 000186.667, 177
Trd, 000187.100, 198
Trd, 000187.933, 186
Trd, 000188.583, 173
Trd, 000189.167, 179
Trd, 000190.600, 181
Trd, 000191.083, 180
Trd, 000191.350, 172
Trd, 000191.950, 171
Trd, 000192.733, 170
Trd, 000192.933, 173
Trd, 000193.717, 175
Trd, 000194.433, 152
Trd, 000194.600, 173
Trd, 000195.067, 173
Trd, 000196.450, 171
Trd, 000197.083, 172
Trd, 000197.633, 173
Trd, 000198.117, 173
Trd, 000198.400, 171
Trd, 000199.000, 174
Trd, 000199.800, 172
Trd, 000199.833, 171
Trd, 000200.450, 176
Trd, 000200.950, 178
Trd, 000201.200, 182
Trd, 000202.217, 177
Trd, 000202.317, 182
Trd, 000202.583, 199
Trd, 000203.483, 175
Trd, 000203.700, 187
Trd, 000204.283, 184
Trd, 000204.383, 173
Trd, 000204.417, 172
Trd, 000204.467, 182
Trd, 000205.367, 184
Trd, 000206.333, 172
Trd, 000206.717, 179
Trd, 000207.017, 176
Trd, 000208.050, 176
Trd, 000208.483, 174
Trd, 000209.367, 180
Trd, 000210.267, 162
Trd, 000210.933, 156
Trd, 000210.950, 158
Trd, 000210.967, 165
Trd, 000211.300, 162
Trd, 000211.417, 173
Trd, 000212.233, 168
Trd, 000212.867, 156
Trd, 000213.050, 152
Trd, 000213.950, 167
Trd, 000214.217, 169
Trd, 000214.683, 179
Trd, 000214.933, 180
Trd, 000215.017, 179
Trd, 000215.167, 172
Trd, 000215.200, 183
Trd, 000216.483, 187
Trd, 000217.883, 187
Trd, 000218.017, 186
Trd, 000218.533, 187
Trd, 000219.083, 201
Trd, 000219.517, 187
Trd, 000220.550, 197
Trd, 000221.833, 187
Trd, 000223.083, 180
Trd, 000223.717, 175
Trd, 000224.250, 173
Trd, 000224.350, 186
Trd, 000224.617, 188
Trd, 000225.183, 169
Trd, 000225.400, 185
Trd, 000226.033, 169
Trd, 000226.233, 186
Trd, 000226.733, 170
Trd, 000226.817, 181
Trd, 000226.900, 189
Trd, 000228.833, 175
Trd, 000228.917, 183
Trd, 000229.467, 174
Trd, 000229.683, 172
Trd, 000230.717, 170
Trd, 000230.967, 177
Trd, 000231.967, 178
Trd, 000232.183, 181
Trd, 000233.067, 179
Trd, 000233.100, 174
Trd, 000233.267, 168
Trd, 000234.633, 202
Trd, 000234.917, 188
Trd, 000235.317, 197
Trd, 000235.950, 183
Trd, 000236.050, 164
Trd, 000236.617, 158
Trd, 000237.350, 183
Trd, 000238.200, 181
Trd, 000238.367, 174
Trd, 000239.033, 172
Trd, 000239.050, 182
Trd, 000239.167, 184
Trd, 000239.917, 172
Trd, 000240.300, 203
Trd, 000240.617, 202
Trd, 000241.117, 189
Trd, 000241.467, 185
Trd, 000241.567, 168
Trd, 000242.950, 172
Trd, 000243.200, 172
Trd, 000243.717, 173
Trd, 000243.983, 168
Trd, 000244.333, 168
Trd, 000244.633, 172
Trd, 000245.717, 171
Trd, 000246.450, 168
Trd, 000246.583, 172
Trd, 000246.750, 173
Trd, 000247.067, 175
Trd, 000247.517, 180
Trd, 000247.533, 183
Trd, 000248.767, 171
Trd, 000249.183, 173
Trd, 000249.450, 174
Trd, 000249.650, 170
Trd, 000249.783, 169
Trd, 000249.850, 168
Trd, 000250.133, 166
Trd, 000250.733, 169
Trd, 000250.767, 170
Trd, 000250.783, 173
Trd, 000251.183, 176
Trd, 000251.483, 180
Trd, 000251.783, 179
Trd, 000252.600, 168
Trd, 000252.883, 183
Trd, 000253.450, 169
Trd, 000253.800, 176
Trd, 000254.750, 169
Trd, 000254.817, 181
Trd, 000255.350, 186
Trd, 000256.550, 180
Trd, 000256.917, 180
Trd, 000257.583, 179
Trd, 000257.850, 177
Trd, 000258.217, 192
Trd, 000258.417, 171
Trd, 000259.083, 181
Trd, 000259.517, 177
Trd, 000260.133, 177
Trd, 000260.550, 174
Trd, 000260.867, 177
Trd, 000261.367, 177
Trd, 000261.683, 173
Trd, 000261.850, 177
Trd, 000262.500, 161
Trd, 000262.683, 160
Trd, 000263.267, 175
Trd, 000263.517, 175
Trd, 000264.433, 171
Trd, 000265.733, 173
Trd, 000266.400, 173
Trd, 000266.583, 174
Trd, 000267.317, 173
Trd, 000267.950, 173
Trd, 000268.900, 174
Trd, 000268.967, 170
Trd, 000269.267, 182
Trd, 000269.317, 178
Trd, 000269.583, 184
Trd, 000269.667, 190
Trd, 000270.250, 179
Trd, 000270.700, 194
Trd, 000271.467, 176
Trd, 000272.283, 182
Trd, 000272.700, 177
Trd, 000272.767, 182
Trd, 000272.933, 182
Trd, 000273.300, 185
Trd, 000273.633, 199
Trd, 000273.950, 176
Trd, 000274.317, 174
Trd, 000274.500, 191
Trd, 000276.167, 173
Trd, 000276.283, 172
Trd, 000276.767, 186
Trd, 000277.050, 190
Trd, 000277.600, 180
Trd, 000277.800, 186
Trd, 000277.833, 181
Trd, 000278.283, 172
Trd, 000278.617, 182
Trd, 000278.800, 179
Trd, 000279.333, 162
Trd, 000279.350, 181
Trd, 000279.917, 179
Trd, 000281.450, 181
Trd, 000281.517, 182
Trd, 000282.233, 182
Trd, 000283.367, 183
Trd, 000283.517, 177
Trd, 000283.783, 186
Trd, 000283.917, 178
Trd, 000284.050, 175
Trd, 000284.767, 172
Trd, 000285.150, 172
Trd, 000285.217, 181
Trd, 000285.967, 179
Trd, 000286.283, 180
Trd, 000286.433, 182
Trd, 000286.933, 183
Trd, 000287.350, 184
Trd, 000287.850, 183
Trd, 000288.750, 180
Trd, 000289.000, 183
Trd, 000289.850, 182
Trd, 000290.200, 182
Trd, 000290.350, 180
Trd, 000290.650, 180
Trd, 000290.750, 178
Trd, 000291.100, 173
Trd, 000291.450, 181
Trd, 000292.283, 174
Trd, 000292.300, 171
Trd, 000292.767, 184
Trd, 000293.100, 180
Trd, 000293.217, 180
Trd, 000295.317, 184
Trd, 000295.767, 191
Trd, 000295.967, 178
Trd, 000296.417, 190
Trd, 000296.733, 181
Trd, 000296.967, 191
Trd, 000297.717, 182
Trd, 000297.817, 174
Trd, 000298.600, 180
Trd, 000298.817, 179
Trd, 000298.867, 174
Trd, 000299.083, 181
Trd, 000299.383, 175
