Trd, 000001.583, 134
Trd, 000002.950, 137
Trd, 000003.450, 136
Trd, 000003.600, 140
Trd, 000003.733, 136
Trd, 000003.983, 141
Trd, 000004.467, 136
Trd, 000004.583, 135
Trd, 000005.783, 137
Trd, 000006.400, 140
Trd, 000006.517, 135
Trd, 000006.833, 139
Trd, 000007.117, 140
Trd, 000007.683, 138
Trd, 000008.083, 141
Trd, 000008.733, 139
Trd, 000009.167, 141
Trd, 000009.800, 141
Trd, 000010.333, 142
Trd, 000011.133, 148
Trd, 000012.533, 149
Trd, 000012.633, 147
Trd, 000013.067, 170
Trd, 000013.700, 156
Trd, 000013.883, 162
Trd, 000014.700, 161
Trd, 000015.750, 157
Trd, 000015.883, 155
Trd, 000016.500, 155
Trd, 000016.650, 152
Trd, 000016.750, 155
Trd, 000017.600, 153
Trd, 000019.117, 152
Trd, 000019.150, 150
Trd, 000020.000, 151
Trd, 000020.317, 146
Trd, 000020.500, 147
Trd, 000021.833, 142
Trd, 000021.950, 150
Trd, 000022.233, 149
Trd, 000022.783, 151
Trd, 000023.067, 149
Trd, 000023.950, 145
Trd, 000024.833, 149
Trd, 000025.700, 145
Trd, 000025.817, 150
Trd, 000026.050, 145
Trd, 000026.550, 143
Trd, 000027.300, 145
Trd, 000027.767, 146
Trd, 000028.000, 144
Trd, 000028.083, 143
Trd, 000028.367, 145
Trd, 000028.767, 164
Trd, 000029.117, 140
Trd, 000029.283, 153
Trd, 000030.983, 153
Trd, 000031.000, 143
Trd, 000031.650, 158
Trd, 000032.617, 161
Trd, 000032.867, 149
Trd, 000033.400, 144
Trd, 000033.583, 161
Trd, 000035.033, 155
Trd, 000036.417, 153
Trd, 000036.933, 149
Trd, 000037.100, 149
Trd, 000038.200, 153
Trd, 000039.117, 154
Trd, 000039.583, 149
Trd, 000040.150, 153
Trd, 000040.217, 154
Trd, 000040.467, 148
Trd, 000040.783, 156
Trd, 000040.800, 144
Trd, 000041.367, 163
Trd, 000041.717, 147
Trd, 000041.883, 146
Trd, 000043.117, 153
Trd, 000044.433, 145
Trd, 000045.133, 140
Trd, 000045.150, 141
Trd, 000045.317, 138
Trd, 000045.433, 139
Trd, 000046.767, 140
Trd, 000047.000, 141
Trd, 000047.017, 142
Trd, 000047.200, 142
Trd, 000047.267, 140
Trd, 000048.517, 141
Trd, 000048.783, 142
Trd, 000048.867, 141
Trd, 000049.117, 142
Trd, 000050.300, 145
Trd, 000050.383, 146
Trd, 000051.317, 165
Trd, 000051.767, 149
Trd, 000052.133, 154
Trd, 000052.317, 149
Trd, 000052.783, 167
Trd, 000053.433, 152
Trd, 000053.567, 154
Trd, 000054.517, 150
Trd, 000054.633, 145
Trd, 000056.633, 146
Trd, 000056.650, 145
Trd, 000057.283, 145
Trd, 000057.350, 145
Trd, 000057.767, 143
Trd, 000058.417, 142
Trd, 000058.933, 143
Trd, 000059.083, 143
Trd, 000059.467, 144
Trd, 000060.050, 146
Trd, 000062.350, 154
Trd, 000062.683, 152
Trd, 000062.983, 161
Trd, 000063.067, 150
Trd, 000063.267, 157
Trd, 000063.683, 168
Trd, 000065.200, 161
Trd, 000065.467, 158
Trd, 000066.333, 158
Trd, 000066.800, 156
Trd, 000067.367, 151
Trd, 000067.867, 148
Trd, 000068.200, 157
Trd, 000068.867, 147
Trd, 000069.583, 153
Trd, 000070.233, 148
Trd, 000070.567, 147
Trd, 000071.783, 151
Trd, 000072.050, 151
Trd, 000072.117, 152
Trd, 000072.250, 150
Trd, 000072.400, 151
Trd, 000072.700, 151
Trd, 000073.050, 150
Trd, 000073.300, 147
Trd, 000073.467, 146
Trd, 000075.667, 148
Trd, 000076.367, 148
Trd, 000076.533, 153
Trd, 000078.183, 168
Trd, 000078.567, 151
Trd, 000078.983, 149
Trd, 000080.950, 152
Trd, 000081.567, 154
Trd, 000081.617, 152
Trd, 000082.667, 155
Trd, 000083.217, 153
Trd, 000083.317, 156
Trd, 000084.100, 153
Trd, 000085.633, 156
Trd, 000085.767, 156
Trd, 000086.150, 159
Trd, 000086.250, 155
Trd, 000087.800, 156
Trd, 000088.183, 156
Trd, 000088.350, 155
Trd, 000088.450, 155
Trd, 000088.567, 155
Trd, 000089.150, 154
Trd, 000089.383, 154
Trd, 000089.400, 153
Trd, 000089.733, 148
Trd, 000091.117, 168
Trd, 000091.450, 159
Trd, 000092.133, 150
Trd, 000092.700, 149
Trd, 000093.117, 157
Trd, 000093.800, 148
Trd, 000095.367, 148
Trd, 000095.633, 147
Trd, 000095.717, 150
Trd, 000096.583, 149
Trd, 000096.733, 148
Trd, 000097.450, 150
Trd, 000097.633, 151
Trd, 000098.133, 148
Trd, 000098.367, 148
Trd, 000098.517, 150
Trd, 000098.700, 151
Trd, 000098.733, 144
Trd, 000100.150, 153
Trd, 000100.200, 172
Trd, 000101.800, 165
Trd, 000101.917, 156
Trd, 000102.167, 151
Trd, 000102.267, 150
Trd, 000102.700, 153
Trd, 000103.367, 164
Trd, 000105.483, 159
Trd, 000105.867, 158
Trd, 000106.100, 158
Trd, 000106.317, 158
Trd, 000106.533, 157
Trd, 000106.567, 172
Trd, 000106.617, 166
Trd, 000107.150, 155
Trd, 000108.600, 162
Trd, 000109.750, 152
Trd, 000110.050, 151
Trd, 000110.533, 158
Trd, 000111.167, 157
Trd, 000111.567, 155
Trd, 000111.717, 159
Trd, 000112.583, 155
Trd, 000113.217, 171
Trd, 000113.617, 154
Trd, 000114.283, 155
Trd, 000115.200, 155
Trd, 000115.367, 158
Trd, 000115.533, 154
Trd, 000116.750, 151
Trd, 000118.133, 153
Trd, 000118.367, 153
Trd, 000119.083, 153
Trd, 000119.917, 153
Trd, 000120.133, 155
Trd, 000120.633, 153
Trd, 000121.300, 152
Trd, 000121.417, 157
Trd, 000121.617, 184
Trd, 000122.267, 155
Trd, 000122.300, 174
Trd, 000122.967, 198
Trd, 000123.433, 219
Trd, 000123.767, 274
Trd, 000123.850, 305
Trd, 000124.300, 306.0
Trd, 000124.850, 304
Trd, 000125.583, 311
Trd, 000126.050, 327.0
Trd, 000126.167, 325
Trd, 000126.917, 327
Trd, 000127.467, 327
Trd, 000127.933, 329.0
Trd, 000128.500, 330.0
Trd, 000128.817, 331.0
Trd, 000129.817, 331
Trd, 000129.833, 335
Trd, 000129.850, 337.0
Trd, 000131.067, 330
Trd, 000131.450, 331
Trd, 000131.500, 331
Trd, 000132.133, 333.0
Trd, 000132.700, 334.0
Trd, 000132.717, 341.0
Trd, 000134.000, 342
Trd, 000135.233, 340
Trd, 000135.800, 339
Trd, 000135.917, 339
Trd, 000136.117, 337.0
Trd, 000136.383, 338
Trd, 000137.567, 340.0
Trd, 000137.967, 341.0
Trd, 000138.183, 341.0
Trd, 000138.467, 349
Trd, 000138.617, 341.0
Trd, 000138.850, 342
Trd, 000139.000, 341.0
Trd, 000139.583, 337.0
Trd, 000141.417, 359.0
Trd, 000141.800, 341
Trd, 000141.883, 359.0
Trd, 000142.717, 338
Trd, 000143.117, 361
Trd, 000144.417, 361.0
Trd, 000145.283, 355.0
Trd, 000145.867, 346
Trd, 000146.000, 346
Trd, 000146.633, 355
Trd, 000146.800, 345
Trd, 000147.450, 349
Trd, 000148.267, 345
Trd, 000148.867, 354
Trd, 000149.817, 344.0
Trd, 000150.133, 345
Trd, 000151.650, 342
Trd, 000152.733, 344
Trd, 000152.967, 345
Trd, 000153.250, 343
Trd, 000154.150, 339
Trd, 000154.433, 346
Trd, 000154.567, 347
Trd, 000154.650, 348
Trd, 000155.883, 340
Trd, 000156.050, 342
Trd, 000156.283, 343
Trd, 000156.917, 340
Trd, 000157.483, 340
Trd, 000157.750, 338
Trd, 000157.883, 341
Trd, 000158.050, 339
Trd, 000159.367, 338.0
Trd, 000160.033, 341.0
Trd, 000160.367, 338
Trd, 000161.383, 339
Trd, 000162.250, 337.0
Trd, 000162.867, 338
Trd, 000164.133, 336
Trd, 000164.383, 337.0
Trd, 000164.450, 339
Trd, 000164.933, 344
Trd, 000165.283, 344
Trd, 000165.300, 336.0
Trd, 000166.367, 335.0
Trd, 000167.033, 334.0
Trd, 000167.067, 342
Trd, 000167.467, 338
Trd, 000167.783, 336
Trd, 000168.083, 340
Trd, 000170.133, 338
Trd, 000170.400, 338.0
Trd, 000170.783, 337
Trd, 000171.233, 337.0
Trd, 000171.417, 340
Trd, 000171.483, 337
Trd, 000172.650, 335
Trd, 000172.983, 334
Trd, 000173.567, 335.0
Trd, 000174.317, 335.0
Trd, 000174.367, 336.0
Trd, 000174.617, 337.0
Trd, 000175.733, 335.0
Trd, 000177.400, 336
Trd, 000177.550, 337
Trd, 000177.883, 336
Trd, 000177.933, 336
Trd, 000178.550, 337
Trd, 000178.600, 337
Trd, 000178.967, 340.0
Trd, 000179.850, 336.0
Trd, 000179.933, 337.0
Trd, 000180.217, 335.0
Trd, 000180.250, 340
Trd, 000181.000, 338
Trd, 000181.483, 334.0
Trd, 000182.050, 332
Trd, 000182.633, 286
Trd, 000182.733, 317
Trd, 000183.117, 205
Trd, 000184.183, 204
Trd, 000184.200, 193
Trd, 000185.000, 175
Trd, 000185.133, 173
Trd, 000185.217, 169
Trd, 000185.633, 178
Trd, 000187.300, 156
Trd, 000187.950, 158
Trd, 000188.283, 156
Trd, 000188.617, 155
Trd, 000188.750, 153
Trd, 000189.383, 158
Trd, 000189.833, 155
Trd, 000190.033, 153
Trd, 000191.100, 157
Trd, 000191.617, 153
Trd, 000192.500, 156
Trd, 000192.517, 157
Trd, 000192.767, 156
Trd, 000192.950, 156
Trd, 000193.333, 153
Trd, 000193.400, 154
Trd, 000195.067, 153
Trd, 000195.150, 152
Trd, 000195.533, 152
Trd, 000196.017, 154
Trd, 000196.217, 155
Trd, 000197.050, 160
Trd, 000198.733, 157
Trd, 000199.183, 157
Trd, 000199.450, 157
Trd, 000199.483, 155
Trd, 000199.717, 153
Trd, 000200.700, 157
Trd, 000200.950, 157
Trd, 000201.217, 155
Trd, 000201.650, 154
Trd, 000201.800, 157
Trd, 000202.783, 176
Trd, 000204.583, 175
Trd, 000205.067, 171
Trd, 000205.150, 166
Trd, 000205.367, 174
Trd, 000206.067, 173
Trd, 000206.483, 168
Trd, 000207.450, 172
Trd, 000208.517, 174
Trd, 000208.833, 162
Trd, 000208.883, 161
Trd, 000209.333, 159
Trd, 000209.517, 162
Trd, 000210.083, 171
Trd, 000210.700, 168
Trd, 000210.800, 162
Trd, 000212.150, 168
Trd, 000212.500, 163
Trd, 000213.350, 167
Trd, 000213.400, 167
Trd, 000213.433, 170
Trd, 000213.950, 166
Trd, 000214.067, 183
Trd, 000214.700, 165
Trd, 000216.017, 165
Trd, 000217.650, 166
Trd, 000217.683, 168
Trd, 000217.933, 169
Trd, 000218.000, 164
Trd, 000218.133, 163
Trd, 000219.100, 163
Trd, 000219.333, 172
Trd, 000219.833, 162
Trd, 000220.600, 159
Trd, 000221.183, 163
Trd, 000221.950, 163
Trd, 000222.567, 162
Trd, 000223.217, 163
Trd, 000223.467, 156
Trd, 000224.400, 156
Trd, 000224.700, 155
Trd, 000225.000, 156
Trd, 000225.250, 155
Trd, 000225.283, 156
Trd, 000225.500, 154
Trd, 000225.650, 154
Trd, 000225.783, 155
Trd, 000225.917, 160
Trd, 000226.167, 163
Trd, 000228.267, 170
Trd, 000228.383, 170
Trd, 000228.933, 169
Trd, 000229.017, 168
Trd, 000229.850, 175
Trd, 000230.167, 167
Trd, 000230.300, 166
Trd, 000230.700, 174
Trd, 000231.217, 173
Trd, 000232.617, 170
Trd, 000233.917, 170
Trd, 000234.033, 168
Trd, 000234.283, 166
Trd, 000234.517, 163
Trd, 000235.483, 166
Trd, 000235.717, 169
Trd, 000235.733, 165
Trd, 000237.333, 164
Trd, 000237.400, 164
Trd, 000238.550, 163
Trd, 000238.850, 163
Trd, 000238.967, 162
Trd, 000239.367, 165
Trd, 000240.083, 179
Trd, 000240.550, 174
Trd, 000240.900, 173
Trd, 000241.083, 178
Trd, 000241.850, 176
Trd, 000242.217, 175
Trd, 000242.233, 176
Trd, 000242.483, 174
Trd, 000242.650, 174
Trd, 000242.767, 173
Trd, 000242.933, 175
Trd, 000243.300, 173
Trd, 000243.617, 171
Trd, 000243.717, 168
Trd, 000244.667, 172
Trd, 000244.733, 172
Trd, 000245.267, 174
Trd, 000245.983, 174
Trd, 000246.267, 173
Trd, 000246.883, 174
Trd, 000247.217, 175
Trd, 000247.433, 172
Trd, 000247.633, 171
Trd, 000247.783, 168
Trd, 000247.950, 174
Trd, 000248.850, 163
Trd, 000249.683, 164
Trd, 000249.833, 165
Trd, 000249.850, 167
Trd, 000250.400, 167
Trd, 000250.900, 168
Trd, 000251.283, 170
Trd, 000251.450, 170
Trd, 000251.467, 174
Trd, 000251.800, 169
Trd, 000252.417, 168
Trd, 000253.167, 170
Trd, 000253.750, 167
Trd, 000254.500, 170
Trd, 000254.700, 171
Trd, 000255.000, 172
Trd, 000255.250, 170
Trd, 000255.350, 170
Trd, 000255.983, 169
Trd, 000256.917, 171
Trd, 000257.033, 172
Trd, 000257.700, 169
Trd, 000258.000, 171
Trd, 000258.217, 166
Trd, 000259.400, 168
Trd, 000259.467, 169
Trd, 000259.917, 168
Trd, 000259.967, 171
Trd, 000260.300, 169
Trd, 000260.550, 172
Trd, 000261.050, 177
Trd, 000261.500, 186
Trd, 000261.517, 188
Trd, 000262.150, 190
Trd, 000262.483, 188
Trd, 000263.067, 191
Trd, 000263.133, 182
Trd, 000263.850, 195
Trd, 000264.033, 188
Trd, 000264.350, 189
Trd, 000264.417, 184
Trd, 000264.733, 184
Trd, 000265.133, 185
Trd, 000265.217, 185
Trd, 000265.283, 177
Trd, 000266.633, 172
Trd, 000267.117, 172
Trd, 000267.233, 168
Trd, 000267.333, 167
Trd, 000267.767, 163
Trd, 000268.117, 177
Trd, 000268.283, 171
Trd, 000268.633, 171
Trd, 000268.917, 171
Trd, 000269.217, 172
Trd, 000269.383, 173
Trd, 000269.517, 182
Trd, 000270.483, 188
Trd, 000270.583, 192
Trd, 000270.983, 187
Trd, 000271.100, 177
Trd, 000271.133, 171
Trd, 000271.883, 181
Trd, 000272.133, 177
Trd, 000272.683, 176
Trd, 000273.350, 178
Trd, 000273.850, 176
Trd, 000273.883, 181
Trd, 000274.233, 182
Trd, 000274.933, 188
Trd, 000274.967, 185
Trd, 000275.350, 189
Trd, 000275.583, 191
Trd, 000275.667, 174
Trd, 000276.033, 173
Trd, 000276.067, 172
Trd, 000276.150, 170
Trd, 000276.700, 170
Trd, 000276.783, 178
Trd, 000276.850, 184
Trd, 000278.050, 169
Trd, 000278.167, 168
Trd, 000278.433, 173
Trd, 000278.667, 177
Trd, 000278.917, 176
Trd, 000278.983, 176
Trd, 000279.100, 178
Trd, 000279.367, 168
Trd, 000279.383, 165
Trd, 000279.567, 159
Trd, 000279.883, 160
Trd, 000280.033, 168
Trd, 000280.833, 164
Trd, 000281.233, 158
Trd, 000281.500, 162
Trd, 000282.100, 179
Trd, 000282.550, 193
Trd, 000282.767, 192
Trd, 000283.333, 192
Trd, 000283.650, 186
Trd, 000283.733, 183
Trd, 000283.817, 184
Trd, 000284.167, 179
Trd, 000284.817, 174
Trd, 000285.817, 165
Trd, 000285.950, 166
Trd, 000285.983, 159
Trd, 000286.633, 162
Trd, 000287.383, 169
Trd, 000288.000, 170
Trd, 000288.200, 172
Trd, 000288.367, 165
Trd, 000288.667, 178
Trd, 000288.717, 165
Trd, 000289.350, 170
Trd, 000289.867, 183
Trd, 000290.550, 194
Trd, 000290.917, 192
Trd, 000291.500, 188
Trd, 000291.767, 181
Trd, 000291.800, 180
Trd, 000291.917, 188
Trd, 000292.983, 186
Trd, 000293.133, 176
Trd, 000293.533, 174
Trd, 000293.600, 180
Trd, 000293.717, 187
Trd, 000293.983, 191
Trd, 000295.283, 197
Trd, 000295.333, 181
Trd, 000295.383, 181
Trd, 000295.967, 191
Trd, 000296.283, 173
Trd, 000296.583, 168
Trd, 000296.783, 193
Trd, 000296.867, 194
Trd, 000296.933, 167
Trd, 000297.367, 194
Trd, 000297.567, 163
Trd, 000299.067, 169
Trd, 000299.533, 169
Trd, 000299.583, 170
