Trd, 000001.400, 159
Trd, 000001.450, 155
Trd, 000001.767, 151
Trd, 000003.033, 161
Trd, 000003.350, 149
Trd, 000003.417, 148
Trd, 000004.933, 137
Trd, 000004.983, 161
Trd, 000005.067, 162
Trd, 000006.300, 159
Trd, 000007.917, 151
Trd, 000007.950, 149
Trd, 000008.633, 150
Trd, 000008.967, 149
Trd, 000009.150, 148
Trd, 000009.800, 149
Trd, 000010.000, 160
Trd, 000010.517, 157
Trd, 000011.883, 173
Trd, 000012.150, 158
Trd, 000012.450, 163
Trd, 000013.017, 156
Trd, 000013.117, 154
Trd, 000013.217, 154
Trd, 000014.400, 149
Trd, 000014.417, 150
Trd, 000014.483, 160
Trd, 000014.817, 142
Trd, 000015.717, 153
Trd, 000016.500, 157
Trd, 000016.750, 153
Trd, 000017.317, 150
Trd, 000018.167, 152
Trd, 000018.650, 156
Trd, 000019.083, 158
Trd, 000019.750, 155
Trd, 000020.150, 153
Trd, 000021.017, 153
Trd, 000022.450, 150
Trd, 000023.183, 151
Trd, 000023.367, 152
Trd, 000023.433, 150
Trd, 000024.683, 152
Trd, 000025.150, 152
Trd, 000025.733, 149
Trd, 000025.833, 173
Trd, 000026.900, 152
Trd, 000027.733, 151
Trd, 000027.850, 152
Trd, 000028.000, 152
Trd, 000029.017, 142
Trd, 000029.250, 141
Trd, 000029.950, 143
Trd, 000030.417, 148
Trd, 000033.233, 148
Trd, 000033.433, 147
Trd, 000033.550, 141
Trd, 000034.267, 150
Trd, 000034.650, 154
Trd, 000035.483, 164
Trd, 000035.500, 148
Trd, 000036.750, 159
Trd, 000037.117, 162
Trd, 000037.750, 164
Trd, 000038.150, 159
Trd, 000038.817, 158
Trd, 000039.133, 145
Trd, 000039.800, 151
Trd, 000039.850, 158
Trd, 000040.650, 155
Trd, 000041.017, 165
Trd, 000041.217, 160
Trd, 000041.417, 159
Trd, 000042.917, 163
Trd, 000044.733, 155
Trd, 000044.983, 158
Trd, 000045.017, 158
Trd, 000045.967, 155
Trd, 000046.350, 153
Trd, 000046.917, 154
Trd, 000047.050, 166
Trd, 000047.333, 172
Trd, 000048.083, 155
Trd, 000048.650, 156
Trd, 000048.783, 153
Trd, 000049.100, 159
Trd, 000049.517, 162
Trd, 000049.583, 153
Trd, 000049.767, 154
Trd, 000050.033, 163
Trd, 000052.717, 156
Trd, 000052.733, 146
Trd, 000052.817, 142
Trd, 000053.517, 162
Trd, 000053.833, 163
Trd, 000054.300, 163
Trd, 000054.350, 160
Trd, 000054.517, 164
Trd, 000054.733, 159
Trd, 000056.333, 164
Trd, 000057.067, 158
Trd, 000057.283, 158
Trd, 000057.850, 154
Trd, 000058.883, 163
Trd, 000059.483, 163
Trd, 000059.683, 164
Trd, 000059.950, 157
Trd, 000060.483, 164
Trd, 000060.950, 167
Trd, 000061.433, 157
Trd, 000061.767, 161
Trd, 000062.583, 158
Trd, 000062.883, 161
Trd, 000064.167, 159
Trd, 000064.483, 157
Trd, 000064.850, 156
Trd, 000065.833, 161
Trd, 000068.350, 161
Trd, 000069.150, 161
Trd, 000069.583, 157
Trd, 000069.867, 156
Trd, 000070.050, 158
Trd, 000070.250, 149
Trd, 000070.300, 148
Trd, 000070.450, 144
Trd, 000070.650, 155
Trd, 000071.250, 145
Trd, 000072.350, 169
Trd, 000072.583, 162
Trd, 000073.100, 151
Trd, 000074.150, 157
Trd, 000074.183, 158
Trd, 000074.917, 157
Trd, 000075.617, 160
Trd, 000076.133, 161
Trd, 000076.800, 160
Trd, 000076.817, 159
Trd, 000077.067, 167
Trd, 000077.150, 166
Trd, 000077.583, 168
Trd, 000077.700, 153
Trd, 000078.400, 170
Trd, 000080.383, 166
Trd, 000080.433, 168
Trd, 000080.817, 167
Trd, 000080.950, 166
Trd, 000082.533, 168
Trd, 000082.567, 165
Trd, 000083.383, 164
Trd, 000084.050, 167
Trd, 000084.300, 163
Trd, 000084.317, 167
Trd, 000085.100, 163
Trd, 000085.933, 156
Trd, 000086.367, 160
Trd, 000086.483, 167
Trd, 000087.000, 168
Trd, 000087.617, 164
Trd, 000090.200, 167
Trd, 000090.733, 163
Trd, 000090.783, 169
Trd, 000090.833, 163
Trd, 000091.150, 160
Trd, 000091.550, 157
Trd, 000092.000, 170
Trd, 000092.483, 168
Trd, 000092.800, 161
Trd, 000094.817, 162
Trd, 000095.450, 161
Trd, 000095.633, 160
Trd, 000095.750, 169
Trd, 000095.967, 169
Trd, 000096.167, 164
Trd, 000096.367, 171
Trd, 000097.150, 160
Trd, 000097.883, 168
Trd, 000098.883, 159
Trd, 000100.367, 156
Trd, 000100.417, 156
Trd, 000100.850, 154
Trd, 000100.933, 157
Trd, 000101.217, 161
Trd, 000101.533, 153
Trd, 000101.617, 170
Trd, 000101.650, 152
Trd, 000103.483, 156
Trd, 000105.167, 161
Trd, 000105.983, 158
Trd, 000106.817, 167
Trd, 000107.333, 166
Trd, 000107.467, 166
Trd, 000108.067, 168
Trd, 000108.300, 164
Trd, 000109.733, 162
Trd, 000109.967, 168
Trd, 000111.167, 169
Trd, 000111.400, 162
Trd, 000111.633, 169
Trd, 000111.983, 162
Trd, 000113.033, 160
Trd, 000114.717, 162
Trd, 000115.200, 169
Trd, 000115.233, 161
Trd, 000115.617, 160
Trd, 000116.683, 167
Trd, 000118.100, 160
Trd, 000118.133, 168
Trd, 000119.450, 167
Trd, 000119.650, 171
Trd, 000121.117, 169
Trd, 000121.633, 170
Trd, 000121.700, 172
Trd, 000121.800, 166
Trd, 000121.917, 174
Trd, 000121.933, 179
Trd, 000122.500, 180
Trd, 000122.633, 186
Trd, 000122.800, 187
Trd, 000123.467, 194
Trd, 000124.650, 306.0
Trd, 000124.750, 337.0
Trd, 000126.000, 348
Trd, 000126.300, 339
Trd, 000127.550, 326.0
Trd, 000128.383, 343
Trd, 000128.667, 330
Trd, 000128.850, 334
Trd, 000128.983, 342
Trd, 000129.400, 337.0
Trd, 000131.167, 344
Trd, 000131.900, 351.0
Trd, 000132.167, 355.0
Trd, 000133.200, 349
Trd, 000133.217, 342
Trd, 000133.717, 344
Trd, 000134.883, 358
Trd, 000135.583, 351
Trd, 000135.950, 345
Trd, 000136.333, 344
Trd, 000136.817, 344
Trd, 000137.667, 350
Trd, 000137.767, 343
Trd, 000138.517, 350
Trd, 000139.667, 347.0
Trd, 000139.683, 342.0
Trd, 000140.450, 349.0
Trd, 000140.583, 342
Trd, 000140.633, 351.0
Trd, 000141.300, 350
Trd, 000141.517, 351
Trd, 000143.083, 351.0
Trd, 000143.700, 354
Trd, 000143.717, 347
Trd, 000144.383, 347
Trd, 000145.233, 349
Trd, 000146.083, 359.0
Trd, 000146.533, 351.0
Trd, 000147.333, 349
Trd, 000147.400, 351
Trd, 000147.867, 348
Trd, 000147.883, 341.0
Trd, 000148.100, 337.0
Trd, 000150.133, 349
Trd, 000150.367, 351
Trd, 000151.600, 344
Trd, 000152.567, 351
Trd, 000153.100, 351.0
Trd, 000154.650, 351.0
Trd, 000156.033, 349
Trd, 000156.183, 348
Trd, 000156.383, 345
Trd, 000156.567, 341.0
Trd, 000156.933, 348
Trd, 000157.550, 346
Trd, 000157.967, 347
Trd, 000158.150, 352
Trd, 000158.250, 351.0
Trd, 000159.983, 351.0
Trd, 000160.683, 355.0
Trd, 000161.383, 354
Trd, 000162.200, 355
Trd, 000162.633, 346
Trd, 000164.100, 345
Trd, 000164.467, 346.0
Trd, 000164.750, 347.0
Trd, 000165.183, 351.0
Trd, 000165.233, 344
Trd, 000165.350, 341.0
Trd, 000166.400, 351.0
Trd, 000166.983, 346
Trd, 000168.817, 345
Trd, 000169.183, 348
Trd, 000169.283, 349
Trd, 000169.433, 351.0
Trd, 000169.600, 355.0
Trd, 000171.417, 350
Trd, 000172.033, 348
Trd, 000172.383, 349
Trd, 000173.167, 350
Trd, 000173.300, 349.0
Trd, 000173.483, 348.0
Trd, 000175.383, 347
Trd, 000175.700, 350.0
Trd, 000175.767, 351.0
Trd, 000176.183, 347
Trd, 000176.450, 350
Trd, 000176.950, 349.0
Trd, 000177.050, 351.0
Trd, 000177.250, 345
Trd, 000177.550, 361.0
Trd, 000178.633, 345
Trd, 000179.083, 361.0
Trd, 000180.600, 351.0
Trd, 000180.917, 355.0
Trd, 000181.017, 346
Trd, 000182.167, 350
Trd, 000182.233, 337.0
Trd, 000183.700, 334.0
Trd, 000184.067, 324.0
Trd, 000184.217, 319
Trd, 000184.233, 310.0
Trd, 000184.983, 302
Trd, 000185.083, 211
Trd, 000186.100, 190
Trd, 000186.400, 190
Trd, 000186.867, 186
Trd, 000187.567, 193
Trd, 000189.117, 182
Trd, 000189.467, 173
Trd, 000189.767, 170
Trd, 000190.233, 172
Trd, 000190.683, 179
Trd, 000191.150, 175
Trd, 000191.433, 181
Trd, 000191.500, 174
Trd, 000192.833, 175
Trd, 000193.233, 174
Trd, 000193.700, 174
Trd, 000193.817, 174
Trd, 000194.867, 175
Trd, 000195.850, 172
Trd, 000196.350, 171
Trd, 000198.033, 175
Trd, 000198.917, 171
Trd, 000199.050, 172
Trd, 000199.233, 175
Trd, 000200.750, 171
Trd, 000201.783, 175
Trd, 000202.050, 176
Trd, 000202.450, 171
Trd, 000202.717, 172
Trd, 000202.933, 171
Trd, 000203.133, 173
Trd, 000203.383, 168
Trd, 000203.667, 182
Trd, 000204.733, 170
Trd, 000205.083, 177
Trd, 000206.183, 174
Trd, 000206.567, 171
Trd, 000206.667, 171
Trd, 000207.050, 169
Trd, 000207.283, 172
Trd, 000208.317, 170
Trd, 000208.633, 168
Trd, 000209.667, 172
Trd, 000209.683, 172
Trd, 000210.267, 170
Trd, 000211.150, 172
Trd, 000211.167, 175
Trd, 000212.083, 172
Trd, 000212.733, 172
Trd, 000212.950, 181
Trd, 000213.433, 172
Trd, 000214.267, 171
Trd, 000216.583, 173
Trd, 000216.600, 175
Trd, 000216.833, 172
Trd, 000216.883, 171
Trd, 000217.283, 164
Trd, 000217.433, 175
Trd, 000218.667, 171
Trd, 000219.450, 170
Trd, 000219.783, 172
Trd, 000220.167, 173
Trd, 000221.217, 170
Trd, 000221.567, 175
Trd, 000221.667, 172
Trd, 000221.800, 170
Trd, 000222.317, 177
Trd, 000223.200, 171
Trd, 000223.983, 171
Trd, 000224.283, 173
Trd, 000224.400, 173
Trd, 000224.933, 170
Trd, 000225.350, 183
Trd, 000225.467, 184
Trd, 000226.867, 193
Trd, 000227.300, 194
Trd, 000227.667, 193
Trd, 000228.500, 189
Trd, 000228.917, 186
Trd, 000230.000, 185
Trd, 000230.167, 185
Trd, 000231.267, 184
Trd, 000232.417, 188
Trd, 000232.900, 185
Trd, 000233.250, 183
Trd, 000234.183, 183
Trd, 000234.700, 178
Trd, 000234.767, 174
Trd, 000236.367, 175
Trd, 000236.483, 175
Trd, 000236.783, 182
Trd, 000237.283, 179
Trd, 000238.067, 172
Trd, 000238.383, 179
Trd, 000239.283, 185
Trd, 000239.567, 183
Trd, 000240.033, 181
Trd, 000240.483, 179
Trd, 000240.950, 176
Trd, 000241.183, 175
Trd, 000241.800, 170
Trd, 000241.900, 171
Trd, 000242.083, 175
Trd, 000242.783, 172
Trd, 000243.250, 173
Trd, 000243.317, 169
Trd, 000243.567, 175
Trd, 000243.650, 175
Trd, 000244.883, 180
Trd, 000245.283, 184
Trd, 000245.383, 182
Trd, 000245.800, 182
Trd, 000246.400, 182
Trd, 000246.917, 179
Trd, 000247.150, 177
Trd, 000247.967, 172
Trd, 000248.000, 179
Trd, 000248.433, 179
Trd, 000249.350, 169
Trd, 000249.700, 170
Trd, 000249.900, 167
Trd, 000250.367, 168
Trd, 000251.083, 166
Trd, 000251.117, 171
Trd, 000251.217, 175
Trd, 000252.850, 171
Trd, 000253.967, 176
Trd, 000254.067, 177
Trd, 000255.717, 174
Trd, 000255.850, 174
Trd, 000256.283, 174
Trd, 000256.483, 173
Trd, 000256.567, 172
Trd, 000256.733, 177
Trd, 000257.733, 173
Trd, 000258.200, 172
Trd, 000258.267, 171
Trd, 000258.733, 172
Trd, 000258.817, 172
Trd, 000258.883, 177
Trd, 000259.767, 174
Trd, 000259.867, 187
Trd, 000260.733, 187
Trd, 000261.100, 175
Trd, 000261.350, 177
Trd, 000262.167, 184
Trd, 000262.333, 184
Trd, 000262.600, 181
Trd, 000262.967, 178
Trd, 000263.267, 177
Trd, 000263.417, 186
Trd, 000263.450, 177
Trd, 000263.467, 188
Trd, 000263.700, 186
Trd, 000264.517, 177
Trd, 000265.600, 176
Trd, 000266.150, 175
Trd, 000266.367, 174
Trd, 000267.133, 170
Trd, 000267.367, 164
Trd, 000267.667, 180
Trd, 000268.950, 171
Trd, 000269.033, 170
Trd, 000269.600, 172
Trd, 000269.717, 180
Trd, 000270.183, 184
Trd, 000270.333, 188
Trd, 000270.600, 179
Trd, 000271.667, 183
Trd, 000271.783, 183
Trd, 000272.717, 180
Trd, 000273.400, 185
Trd, 000273.683, 178
Trd, 000274.733, 183
Trd, 000275.000, 182
Trd, 000275.050, 178
Trd, 000275.450, 186
Trd, 000275.683, 177
Trd, 000277.017, 186
Trd, 000277.050, 178
Trd, 000277.567, 186
Trd, 000277.817, 181
Trd, 000278.200, 175
Trd, 000278.383, 183
Trd, 000279.133, 179
Trd, 000279.283, 178
Trd, 000280.500, 181
Trd, 000280.600, 183
Trd, 000281.500, 178
Trd, 000281.800, 183
Trd, 000282.017, 176
Trd, 000282.833, 183
Trd, 000283.767, 185
Trd, 000283.800, 177
Trd, 000285.150, 179
Trd, 000285.367, 176
Trd, 000285.683, 179
Trd, 000286.983, 172
Trd, 000287.533, 179
Trd, 000288.050, 176
Trd, 000288.300, 171
Trd, 000288.683, 182
Trd, 000288.883, 185
Trd, 000289.133, 176
Trd, 000290.133, 187
Trd, 000290.667, 179
Trd, 000290.933, 179
Trd, 000291.500, 179
Trd, 000291.650, 177
Trd, 000291.883, 173
Trd, 000292.517, 170
Trd, 000294.233, 179
Trd, 000294.750, 166
Trd, 000295.100, 178
Trd, 000295.150, 180
Trd, 000295.683, 184
Trd, 000296.033, 181
Trd, 000296.117, 176
Trd, 000296.567, 176
Trd, 000296.867, 179
Trd, 000297.133, 179
Trd, 000297.583, 177
Trd, 000298.933, 181
Trd, 000299.217, 181
Trd, 000299.233, 177
Trd, 000299.550, 174
Trd, 000299.700, 171
