Trd, 000001.700, 144
Trd, 000002.833, 175
Trd, 000003.333, 160
Trd, 000003.833, 170
Trd, 000003.950, 171
Trd, 000005.283, 162
Trd, 000005.300, 160
Trd, 000005.783, 172
Trd, 000005.967, 172
Trd, 000007.617, 158
Trd, 000009.050, 163
Trd, 000009.417, 167
Trd, 000009.750, 161
Trd, 000009.867, 161
Trd, 000011.667, 159
Trd, 000011.700, 161
Trd, 000012.600, 163
Trd, 000012.683, 157
Trd, 000013.900, 163
Trd, 000015.150, 162
Trd, 000015.250, 163
Trd, 000015.717, 163
Trd, 000015.867, 161
Trd, 000017.233, 163
Trd, 000018.317, 162
Trd, 000018.367, 163
Trd, 000018.383, 169
Trd, 000019.667, 166
Trd, 000019.850, 164
Trd, 000020.483, 160
Trd, 000020.717, 157
Trd, 000022.800, 160
Trd, 000023.133, 161
Trd, 000023.367, 160
Trd, 000024.200, 161
Trd, 000024.917, 159
Trd, 000025.783, 160
Trd, 000026.300, 159
Trd, 000026.317, 158
Trd, 000026.500, 158
Trd, 000027.767, 158
Trd, 000028.050, 158
Trd, 000028.233, 156
Trd, 000028.767, 154
Trd, 000029.950, 169
Trd, 000030.117, 168
Trd, 000031.417, 161
Trd, 000031.817, 155
Trd, 000033.317, 157
Trd, 000033.733, 153
Trd, 000033.850, 155
Trd, 000033.900, 157
Trd, 000034.150, 158
Trd, 000035.433, 157
Trd, 000035.733, 159
Trd, 000035.933, 159
Trd, 000036.150, 170
Trd, 000036.667, 158
Trd, 000037.417, 175
Trd, 000037.950, 165
Trd, 000038.967, 163
Trd, 000039.650, 173
Trd, 000039.900, 163
Trd, 000040.667, 163
Trd, 000040.967, 169
Trd, 000041.050, 169
Trd, 000041.083, 159
Trd, 000042.917, 164
Trd, 000043.617, 162
Trd, 000043.833, 163
Trd, 000043.917, 159
Trd, 000044.067, 154
Trd, 000045.100, 163
Trd, 000045.567, 157
Trd, 000046.017, 162
Trd, 000046.100, 156
Trd, 000046.233, 164
Trd, 000046.917, 173
Trd, 000047.900, 163
Trd, 000048.400, 160
Trd, 000048.883, 157
Trd, 000050.883, 164
Trd, 000051.017, 163
Trd, 000051.633, 161
Trd, 000052.767, 164
Trd, 000052.967, 164
Trd, 000053.033, 164
Trd, 000053.050, 165
Trd, 000053.567, 166
Trd, 000053.750, 177
Trd, 000055.567, 170
Trd, 000056.017, 169
Trd, 000056.200, 164
Trd, 000058.300, 167
Trd, 000058.500, 165
Trd, 000058.550, 173
Trd, 000059.433, 164
Trd, 000060.017, 169
Trd, 000060.050, 162
Trd, 000060.333, 170
Trd, 000062.000, 167
Trd, 000062.083, 168
Trd, 000062.450, 164
Trd, 000063.400, 164
Trd, 000063.950, 164
Trd, 000064.550, 164
Trd, 000065.467, 164
Trd, 000065.617, 164
Trd, 000065.800, 165
Trd, 000066.117, 161
Trd, 000066.367, 156
Trd, 000067.700, 162
Trd, 000068.850, 166
Trd, 000068.950, 167
Trd, 000069.250, 175
Trd, 000071.150, 168
Trd, 000071.567, 167
Trd, 000071.633, 166
Trd, 000072.667, 169
Trd, 000073.100, 166
Trd, 000073.733, 155
Trd, 000074.467, 165
Trd, 000074.717, 166
Trd, 000075.233, 158
Trd, 000075.250, 166
Trd, 000076.033, 162
Trd, 000076.450, 157
Trd, 000076.733, 164
Trd, 000077.283, 163
Trd, 000077.500, 156
Trd, 000078.017, 163
Trd, 000078.867, 156
Trd, 000080.117, 161
Trd, 000080.400, 162
Trd, 000080.467, 162
Trd, 000080.633, 160
Trd, 000080.700, 162
Trd, 000082.550, 164
Trd, 000082.683, 163
Trd, 000083.667, 162
Trd, 000084.400, 164
Trd, 000085.383, 161
Trd, 000085.550, 164
Trd, 000085.633, 167
Trd, 000085.800, 160
Trd, 000086.767, 160
Trd, 000087.933, 169
Trd, 000088.067, 162
Trd, 000089.083, 166
Trd, 000089.417, 168
Trd, 000090.100, 166
Trd, 000090.600, 168
Trd, 000090.800, 164
Trd, 000091.933, 164
Trd, 000093.233, 166
Trd, 000093.483, 166
Trd, 000093.983, 164
Trd, 000094.083, 160
Trd, 000094.450, 159
Trd, 000095.650, 162
Trd, 000095.883, 161
Trd, 000096.200, 162
Trd, 000096.767, 163
Trd, 000097.200, 164
Trd, 000097.650, 166
Trd, 000098.867, 170
Trd, 000099.567, 169
Trd, 000099.733, 169
Trd, 000099.800, 169
Trd, 000100.100, 173
Trd, 000100.450, 168
Trd, 000100.500, 160
Trd, 000100.600, 171
Trd, 000101.683, 164
Trd, 000101.950, 161
Trd, 000101.967, 165
Trd, 000102.033, 160
Trd, 000102.533, 162
Trd, 000102.833, 164
Trd, 000104.000, 165
Trd, 000104.783, 161
Trd, 000105.200, 162
Trd, 000105.967, 160
Trd, 000106.617, 158
Trd, 000107.700, 158
Trd, 000108.117, 153
Trd, 000108.300, 158
Trd, 000108.483, 157
Trd, 000108.683, 155
Trd, 000108.783, 159
Trd, 000109.633, 162
Trd, 000109.817, 158
Trd, 000110.850, 169
Trd, 000111.217, 168
Trd, 000111.600, 178
Trd, 000112.450, 179
Trd, 000113.950, 178
Trd, 000114.067, 170
Trd, 000114.167, 169
Trd, 000115.267, 172
Trd, 000115.450, 172
Trd, 000116.450, 166
Trd, 000116.950, 163
Trd, 000118.233, 165
Trd, 000118.450, 165
Trd, 000118.850, 162
Trd, 000119.417, 161
Trd, 000119.783, 164
Trd, 000120.217, 160
Trd, 000120.683, 161
Trd, 000121.417, 161
Trd, 000121.917, 162
Trd, 000121.933, 163
Trd, 000123.150, 180
Trd, 000123.233, 184
Trd, 000123.817, 205
Trd, 000124.300, 259
Trd, 000124.417, 267
Trd, 000125.433, 300.0
Trd, 000125.550, 306.0
Trd, 000125.917, 310.0
Trd, 000127.833, 305.0
Trd, 000128.817, 306.0
Trd, 000128.933, 313.0
Trd, 000129.633, 314.0
Trd, 000129.717, 315.0
Trd, 000130.167, 317.0
Trd, 000130.833, 331
Trd, 000131.250, 337
Trd, 000132.417, 344.0
Trd, 000133.017, 327
Trd, 000133.167, 351
Trd, 000133.350, 327
Trd, 000134.750, 338
Trd, 000135.350, 339
Trd, 000135.533, 340
Trd, 000135.917, 340
Trd, 000136.183, 344.0
Trd, 000136.533, 337
Trd, 000136.650, 336
Trd, 000136.683, 343
Trd, 000138.483, 341
Trd, 000138.617, 338
Trd, 000138.883, 340.0
Trd, 000139.483, 339
Trd, 000139.583, 344.0
Trd, 000140.300, 346
Trd, 000140.800, 341
Trd, 000140.817, 348
Trd, 000142.033, 344
Trd, 000142.200, 368
Trd, 000142.817, 362
Trd, 000142.950, 347
Trd, 000143.233, 343
Trd, 000143.350, 344.0
Trd, 000144.167, 354
Trd, 000144.350, 349
Trd, 000145.033, 379.0
Trd, 000146.550, 360
Trd, 000147.383, 360.0
Trd, 000148.300, 357.0
Trd, 000149.217, 355.0
Trd, 000149.350, 361.0
Trd, 000149.917, 358.0
Trd, 000150.383, 360
Trd, 000150.700, 358
Trd, 000151.317, 357
Trd, 000152.050, 356
Trd, 000152.317, 357
Trd, 000152.433, 370
Trd, 000152.650, 355
Trd, 000152.667, 355.0
Trd, 000154.233, 363
Trd, 000154.933, 361
Trd, 000155.767, 359
Trd, 000156.267, 350
Trd, 000156.567, 359
Trd, 000159.217, 358
Trd, 000159.483, 358.0
Trd, 000159.667, 357
Trd, 000159.967, 357
Trd, 000160.083, 355
Trd, 000160.200, 355.0
Trd, 000160.500, 358
Trd, 000161.500, 359
Trd, 000161.983, 351
Trd, 000162.850, 351
Trd, 000162.900, 350
Trd, 000163.050, 353
Trd, 000164.300, 354
Trd, 000164.633, 350
Trd, 000165.333, 355.0
Trd, 000165.383, 355
Trd, 000167.100, 355
Trd, 000167.117, 356
Trd, 000167.200, 350.0
Trd, 000167.600, 369
Trd, 000167.817, 349
Trd, 000167.917, 348.0
Trd, 000168.300, 317.0
Trd, 000168.533, 344.0
Trd, 000168.817, 342
Trd, 000169.617, 353
Trd, 000170.850, 350
Trd, 000171.817, 351
Trd, 000171.883, 352
Trd, 000172.267, 352
Trd, 000172.317, 348.0
Trd, 000172.483, 344
Trd, 000174.600, 353
Trd, 000174.633, 356
Trd, 000175.317, 354
Trd, 000175.617, 354
Trd, 000175.950, 356
Trd, 000176.567, 355
Trd, 000176.667, 358
Trd, 000176.733, 355.0
Trd, 000177.500, 366
Trd, 000178.267, 352
Trd, 000178.483, 350
Trd, 000178.750, 349
Trd, 000179.167, 357
Trd, 000179.983, 349.0
Trd, 000180.000, 348.0
Trd, 000181.467, 349
Trd, 000181.800, 349
Trd, 000182.017, 348
Trd, 000182.167, 341
Trd, 000182.233, 331.0
Trd, 000182.650, 306
Trd, 000183.033, 214
Trd, 000183.183, 205
Trd, 000183.500, 176
Trd, 000184.050, 175
Trd, 000185.067, 200
Trd, 000185.967, 175
Trd, 000187.183, 190
Trd, 000188.383, 183
Trd, 000188.533, 182
Trd, 000189.317, 175
Trd, 000189.333, 174
Trd, 000190.533, 176
Trd, 000191.583, 178
Trd, 000193.117, 177
Trd, 000193.200, 174
Trd, 000193.217, 179
Trd, 000193.383, 189
Trd, 000193.533, 172
Trd, 000193.883, 169
Trd, 000193.933, 177
Trd, 000196.100, 179
Trd, 000196.567, 178
Trd, 000196.600, 179
Trd, 000197.167, 176
Trd, 000197.567, 176
Trd, 000198.833, 178
Trd, 000198.983, 178
Trd, 000200.200, 176
Trd, 000200.467, 175
Trd, 000201.650, 173
Trd, 000202.000, 179
Trd, 000202.817, 175
Trd, 000203.633, 177
Trd, 000203.817, 176
Trd, 000204.000, 179
Trd, 000204.450, 178
Trd, 000205.133, 175
Trd, 000205.967, 174
Trd, 000206.283, 168
Trd, 000207.483, 178
Trd, 000209.050, 171
Trd, 000209.883, 174
Trd, 000210.100, 173
Trd, 000210.250, 164
Trd, 000210.450, 167
Trd, 000210.783, 174
Trd, 000211.133, 174
Trd, 000211.617, 176
Trd, 000213.050, 170
Trd, 000213.383, 171
Trd, 000213.567, 171
Trd, 000213.867, 170
Trd, 000214.433, 172
Trd, 000214.483, 173
Trd, 000215.050, 172
Trd, 000215.483, 174
Trd, 000215.667, 171
Trd, 000216.567, 173
Trd, 000217.400, 180
Trd, 000218.817, 181
Trd, 000219.450, 179
Trd, 000219.550, 171
Trd, 000220.533, 183
Trd, 000220.550, 177
Trd, 000220.767, 185
Trd, 000221.367, 172
Trd, 000222.183, 179
Trd, 000223.450, 177
Trd, 000223.817, 165
Trd, 000224.600, 175
Trd, 000224.867, 176
Trd, 000225.950, 173
Trd, 000226.050, 175
Trd, 000226.600, 172
Trd, 000228.100, 173
Trd, 000228.400, 176
Trd, 000228.700, 177
Trd, 000229.100, 178
Trd, 000230.183, 191
Trd, 000230.800, 177
Trd, 000231.467, 177
Trd, 000231.650, 178
Trd, 000232.000, 174
Trd, 000232.067, 188
Trd, 000232.683, 181
Trd, 000232.900, 188
Trd, 000234.017, 179
Trd, 000235.733, 179
Trd, 000236.200, 183
Trd, 000237.117, 178
Trd, 000237.883, 181
Trd, 000238.283, 181
Trd, 000238.850, 178
Trd, 000239.333, 177
Trd, 000240.050, 178
Trd, 000240.333, 176
Trd, 000240.933, 174
Trd, 000241.283, 174
Trd, 000241.300, 176
Trd, 000241.450, 175
Trd, 000241.617, 172
Trd, 000242.200, 173
Trd, 000242.267, 170
Trd, 000242.717, 175
Trd, 000243.433, 172
Trd, 000243.767, 174
Trd, 000244.083, 174
Trd, 000244.167, 172
Trd, 000244.500, 168
Trd, 000244.550, 156
Trd, 000245.283, 169
Trd, 000245.433, 166
Trd, 000245.750, 166
Trd, 000246.133, 167
Trd, 000246.333, 165
Trd, 000246.650, 171
Trd, 000246.750, 164
Trd, 000247.700, 173
Trd, 000247.817, 170
Trd, 000248.450, 176
Trd, 000248.733, 171
Trd, 000249.500, 176
Trd, 000249.867, 180
Trd, 000250.233, 194
Trd, 000250.567, 176
Trd, 000250.767, 195
Trd, 000251.200, 180
Trd, 000251.650, 181
Trd, 000251.983, 178
Trd, 000252.750, 178
Trd, 000253.017, 175
Trd, 000253.250, 173
Trd, 000253.433, 168
Trd, 000254.500, 162
Trd, 000254.567, 164
Trd, 000254.750, 167
Trd, 000255.100, 173
Trd, 000255.650, 176
Trd, 000255.783, 180
Trd, 000256.200, 178
Trd, 000256.717, 187
Trd, 000256.967, 185
Trd, 000257.033, 178
Trd, 000258.000, 181
Trd, 000258.033, 177
Trd, 000258.783, 174
Trd, 000258.817, 177
Trd, 000259.317, 178
Trd, 000259.533, 179
Trd, 000259.767, 179
Trd, 000260.733, 179
Trd, 000261.050, 187
Trd, 000261.850, 184
Trd, 000261.967, 184
Trd, 000262.267, 182
Trd, 000262.967, 184
Trd, 000263.150, 187
Trd, 000263.367, 190
Trd, 000264.083, 191
Trd, 000264.400, 188
Trd, 000264.433, 189
Trd, 000264.867, 184
Trd, 000265.283, 183
Trd, 000265.583, 187
Trd, 000266.833, 181
Trd, 000266.983, 176
Trd, 000268.333, 177
Trd, 000268.650, 175
Trd, 000269.100, 176
Trd, 000269.133, 181
Trd, 000269.817, 191
Trd, 000270.450, 192
Trd, 000271.300, 196
Trd, 000271.783, 192
Trd, 000271.950, 187
Trd, 000272.000, 182
Trd, 000272.333, 177
Trd, 000272.417, 192
Trd, 000272.950, 181
Trd, 000273.100, 187
Trd, 000273.483, 182
Trd, 000274.067, 187
Trd, 000274.267, 184
Trd, 000274.450, 183
Trd, 000274.483, 183
Trd, 000274.650, 175
Trd, 000275.817, 181
Trd, 000276.467, 182
Trd, 000276.767, 180
Trd, 000277.133, 183
Trd, 000277.733, 177
Trd, 000279.317, 186
Trd, 000279.433, 183
Trd, 000279.783, 186
Trd, 000279.817, 178
Trd, 000280.117, 186
Trd, 000280.417, 183
Trd, 000281.150, 184
Trd, 000281.267, 183
Trd, 000281.850, 176
Trd, 000282.033, 185
Trd, 000282.667, 185
Trd, 000283.083, 175
Trd, 000283.183, 185
Trd, 000283.750, 181
Trd, 000284.167, 177
Trd, 000284.383, 182
Trd, 000284.650, 182
Trd, 000284.767, 184
Trd, 000285.283, 187
Trd, 000285.317, 192
Trd, 000285.367, 193
Trd, 000285.517, 186
Trd, 000286.133, 196
Trd, 000286.800, 196
Trd, 000287.300, 185
Trd, 000287.650, 184
Trd, 000289.000, 180
Trd, 000289.217, 179
Trd, 000289.350, 186
Trd, 000289.933, 177
Trd, 000290.133, 183
Trd, 000290.150, 184
Trd, 000290.417, 176
Trd, 000290.650, 172
Trd, 000290.767, 182
Trd, 000291.183, 182
Trd, 000291.250, 184
Trd, 000291.317, 162
Trd, 000292.250, 192
Trd, 000292.800, 187
Trd, 000293.983, 190
Trd, 000294.100, 189
Trd, 000294.333, 188
Trd, 000295.433, 189
Trd, 000295.533, 187
Trd, 000295.833, 185
Trd, 000296.167, 179
Trd, 000296.667, 190
Trd, 000296.767, 185
Trd, 000297.233, 186
Trd, 000297.433, 193
Trd, 000297.567, 194
Trd, 000297.800, 178
Trd, 000298.750, 162
Trd, 000298.883, 185
Trd, 000299.050, 188
Trd, 000299.383, 185
Trd, 000299.483, 196
