Trd, 000002.183, 163
Trd, 000004.000, 165
Trd, 000004.017, 171
Trd, 000004.483, 163
Trd, 000004.550, 162
Trd, 000004.783, 158
Trd, 000005.150, 157
Trd, 000005.400, 159
Trd, 000005.967, 148
Trd, 000006.700, 152
Trd, 000006.733, 133
Trd, 000006.783, 155
Trd, 000008.317, 152
Trd, 000008.883, 139
Trd, 000009.317, 156
Trd, 000009.517, 158
Trd, 000011.233, 156
Trd, 000011.333, 157
Trd, 000012.100, 157
Trd, 000012.233, 163
Trd, 000012.483, 156
Trd, 000012.550, 155
Trd, 000013.117, 125
Trd, 000013.233, 132
Trd, 000015.000, 142
Trd, 000015.400, 139
Trd, 000016.417, 141
Trd, 000017.500, 141
Trd, 000017.833, 142
Trd, 000018.250, 155
Trd, 000019.183, 136
Trd, 000019.700, 139
Trd, 000020.467, 158
Trd, 000021.300, 163
Trd, 000022.717, 154
Trd, 000023.017, 154
Trd, 000023.567, 161
Trd, 000023.883, 159
Trd, 000025.450, 165
Trd, 000025.500, 165
Trd, 000025.533, 164
Trd, 000025.767, 161
Trd, 000026.467, 160
Trd, 000026.567, 159
Trd, 000027.200, 157
Trd, 000027.967, 137
Trd, 000028.033, 134
Trd, 000028.200, 138
Trd, 000028.817, 161
Trd, 000029.083, 162
Trd, 000029.217, 147
Trd, 000029.500, 158
Trd, 000030.450, 158
Trd, 000031.133, 147
Trd, 000032.150, 152
Trd, 000032.267, 157
Trd, 000032.800, 157
Trd, 000033.550, 151
Trd, 000035.133, 159
Trd, 000035.667, 159
Trd, 000035.967, 158
Trd, 000036.350, 156
Trd, 000036.600, 161
Trd, 000037.783, 133
Trd, 000039.183, 163
Trd, 000039.283, 164
Trd, 000040.067, 164
Trd, 000040.200, 161
Trd, 000040.467, 162
Trd, 000040.550, 162
Trd, 000040.733, 159
Trd, 000042.400, 161
Trd, 000042.750, 166
Trd, 000043.117, 166
Trd, 000043.183, 161
Trd, 000043.583, 159
Trd, 000043.717, 172
Trd, 000044.100, 160
Trd, 000047.483, 167
Trd, 000047.750, 164
Trd, 000048.550, 165
Trd, 000049.117, 164
Trd, 000049.150, 163
Trd, 000049.217, 162
Trd, 000050.350, 160
Trd, 000051.150, 125
Trd, 000051.300, 135
Trd, 000052.683, 136
Trd, 000052.867, 146
Trd, 000053.167, 163
Trd, 000053.217, 164
Trd, 000055.317, 151
Trd, 000055.600, 150
Trd, 000055.783, 164
Trd, 000056.083, 163
Trd, 000056.350, 167
Trd, 000056.850, 162
Trd, 000057.983, 162
Trd, 000058.317, 170
Trd, 000059.967, 166
Trd, 000060.033, 168
Trd, 000060.433, 170
Trd, 000061.250, 170
Trd, 000061.383, 168
Trd, 000061.417, 166
Trd, 000061.850, 171
Trd, 000062.383, 168
Trd, 000062.717, 165
Trd, 000062.883, 163
Trd, 000062.967, 161
Trd, 000063.283, 128
Trd, 000064.000, 168
Trd, 000066.150, 165
Trd, 000066.467, 165
Trd, 000067.083, 166
Trd, 000067.917, 166
Trd, 000068.283, 165
Trd, 000069.100, 164
Trd, 000070.117, 164
Trd, 000070.383, 165
Trd, 000070.683, 164
Trd, 000071.317, 165
Trd, 000071.483, 167
Trd, 000072.550, 164
Trd, 000072.617, 162
Trd, 000074.400, 161
Trd, 000075.283, 166
Trd, 000076.133, 165
Trd, 000076.367, 165
Trd, 000076.383, 167
Trd, 000076.850, 163
Trd, 000077.900, 172
Trd, 000078.500, 168
Trd, 000079.383, 166
Trd, 000079.417, 171
Trd, 000079.500, 163
Trd, 000080.233, 170
Trd, 000081.283, 168
Trd, 000081.367, 167
Trd, 000082.800, 165
Trd, 000083.367, 169
Trd, 000083.700, 171
Trd, 000085.250, 170
Trd, 000086.383, 167
Trd, 000087.167, 167
Trd, 000087.450, 171
Trd, 000088.483, 171
Trd, 000088.650, 168
Trd, 000088.733, 165
Trd, 000088.900, 164
Trd, 000089.467, 167
Trd, 000089.967, 163
Trd, 000090.883, 170
Trd, 000091.617, 170
Trd, 000092.283, 171
Trd, 000092.750, 165
Trd, 000093.933, 168
Trd, 000094.567, 169
Trd, 000094.817, 170
Trd, 000095.133, 164
Trd, 000095.567, 164
Trd, 000095.583, 163
Trd, 000096.583, 177
Trd, 000096.700, 164
Trd, 000097.133, 166
Trd, 000098.317, 165
Trd, 000098.917, 141
Trd, 000099.083, 170
Trd, 000099.783, 165
Trd, 000100.967, 168
Trd, 000100.983, 169
Trd, 000101.100, 161
Trd, 000101.467, 160
Trd, 000102.017, 159
Trd, 000103.417, 172
Trd, 000105.117, 164
Trd, 000105.867, 164
Trd, 000105.883, 165
Trd, 000107.467, 168
Trd, 000107.767, 168
Trd, 000108.083, 168
Trd, 000108.417, 169
Trd, 000109.250, 167
Trd, 000109.550, 166
Trd, 000109.917, 164
Trd, 000110.050, 166
Trd, 000110.233, 165
Trd, 000110.867, 170
Trd, 000113.250, 168
Trd, 000113.367, 166
Trd, 000114.067, 165
Trd, 000114.967, 170
Trd, 000115.417, 172
Trd, 000115.450, 167
Trd, 000115.550, 173
Trd, 000116.283, 166
Trd, 000116.883, 168
Trd, 000117.267, 166
Trd, 000117.667, 166
Trd, 000119.133, 169
Trd, 000119.300, 167
Trd, 000119.983, 168
Trd, 000120.900, 168
Trd, 000121.567, 163
Trd, 000122.150, 172
Trd, 000122.450, 174
Trd, 000123.867, 198
Trd, 000123.900, 205
Trd, 000124.133, 212
Trd, 000124.283, 234
Trd, 000124.600, 300.0
Trd, 000124.867, 317.0
Trd, 000125.083, 320.0
Trd, 000125.200, 331.0
Trd, 000125.367, 339
Trd, 000125.833, 322
Trd, 000126.450, 361.0
Trd, 000126.767, 362.0
Trd, 000127.250, 362
Trd, 000128.100, 362.0
Trd, 000128.417, 366
Trd, 000128.867, 363
Trd, 000130.133, 348
Trd, 000130.417, 355.0
Trd, 000131.050, 350
Trd, 000133.467, 360.0
Trd, 000134.000, 361.0
Trd, 000134.400, 359.0
Trd, 000134.550, 358.0
Trd, 000134.617, 362.0
Trd, 000134.883, 355
Trd, 000136.283, 357
Trd, 000136.783, 358
Trd, 000137.333, 359
Trd, 000137.683, 355.0
Trd, 000138.300, 358
Trd, 000139.100, 359.0
Trd, 000139.150, 361
Trd, 000139.267, 355
Trd, 000140.900, 357
Trd, 000141.783, 358
Trd, 000142.717, 360
Trd, 000142.800, 362.0
Trd, 000143.500, 367.0
Trd, 000144.200, 362
Trd, 000144.900, 362
Trd, 000146.200, 363.0
Trd, 000146.467, 362.0
Trd, 000147.133, 363
Trd, 000147.800, 365
Trd, 000148.017, 365
Trd, 000148.967, 362.0
Trd, 000149.367, 361
Trd, 000149.383, 357
Trd, 000149.917, 355.0
Trd, 000151.050, 360
Trd, 000151.300, 355
Trd, 000152.517, 354
Trd, 000153.283, 332
Trd, 000153.317, 331
Trd, 000153.583, 355.0
Trd, 000154.167, 357
Trd, 000155.117, 349
Trd, 000155.683, 342
Trd, 000156.067, 355
Trd, 000156.333, 359
Trd, 000156.483, 362.0
Trd, 000156.533, 340
Trd, 000156.600, 330
Trd, 000157.750, 331.0
Trd, 000158.000, 330
Trd, 000158.700, 366.0
Trd, 000159.617, 355.0
Trd, 000159.867, 362.0
Trd, 000160.417, 361
Trd, 000162.083, 366
Trd, 000162.617, 364
Trd, 000162.783, 363
Trd, 000163.467, 360
Trd, 000163.800, 361
Trd, 000163.933, 362.0
Trd, 000164.450, 361
Trd, 000164.733, 360
Trd, 000165.183, 361
Trd, 000166.483, 360
Trd, 000169.067, 359
Trd, 000169.167, 361
Trd, 000169.717, 360
Trd, 000170.400, 361
Trd, 000170.750, 358
Trd, 000171.633, 361.0
Trd, 000171.667, 355.0
Trd, 000173.067, 355.0
Trd, 000173.300, 357
Trd, 000173.583, 357
Trd, 000174.550, 357
Trd, 000174.850, 354
Trd, 000174.883, 358.0
Trd, 000175.267, 354
Trd, 000176.200, 348
Trd, 000177.183, 331
Trd, 000177.683, 356
Trd, 000177.800, 329
Trd, 000179.767, 333
Trd, 000180.200, 345
Trd, 000180.217, 326.0
Trd, 000180.583, 362.0
Trd, 000181.317, 356.0
Trd, 000181.617, 355.0
Trd, 000182.083, 362
Trd, 000182.500, 354
Trd, 000182.783, 322
Trd, 000183.667, 320.0
Trd, 000183.700, 269
Trd, 000183.750, 250
Trd, 000184.000, 266
Trd, 000184.083, 211
Trd, 000184.617, 211
Trd, 000184.633, 190
Trd, 000185.583, 183
Trd, 000185.817, 211
Trd, 000186.367, 182
Trd, 000186.683, 181
Trd, 000187.833, 181
Trd, 000188.117, 180
Trd, 000188.600, 174
Trd, 000188.633, 173
Trd, 000190.550, 176
Trd, 000190.633, 170
Trd, 000190.750, 181
Trd, 000191.500, 192
Trd, 000192.317, 177
Trd, 000193.050, 181
Trd, 000193.333, 179
Trd, 000194.033, 180
Trd, 000195.000, 180
Trd, 000195.367, 180
Trd, 000195.767, 179
Trd, 000197.183, 178
Trd, 000197.417, 179
Trd, 000197.800, 175
Trd, 000197.850, 180
Trd, 000198.867, 177
Trd, 000198.917, 174
Trd, 000199.717, 180
Trd, 000199.900, 174
Trd, 000200.267, 174
Trd, 000201.250, 178
Trd, 000201.967, 175
Trd, 000202.950, 172
Trd, 000203.100, 171
Trd, 000203.217, 159
Trd, 000203.650, 153
Trd, 000204.217, 155
Trd, 000204.900, 178
Trd, 000205.317, 182
Trd, 000206.850, 178
Trd, 000207.417, 178
Trd, 000207.483, 176
Trd, 000209.167, 185
Trd, 000209.367, 185
Trd, 000209.567, 183
Trd, 000210.267, 185
Trd, 000211.300, 183
Trd, 000212.067, 183
Trd, 000212.367, 182
Trd, 000212.683, 180
Trd, 000212.933, 177
Trd, 000213.133, 156
Trd, 000213.167, 175
Trd, 000213.267, 147
Trd, 000213.933, 182
Trd, 000215.700, 177
Trd, 000216.000, 176
Trd, 000217.017, 177
Trd, 000217.033, 173
Trd, 000217.933, 174
Trd, 000218.150, 180
Trd, 000218.817, 181
Trd, 000219.167, 173
Trd, 000220.433, 180
Trd, 000220.833, 174
Trd, 000221.333, 180
Trd, 000221.350, 181
Trd, 000221.783, 180
Trd, 000222.450, 184
Trd, 000223.000, 183
Trd, 000223.133, 180
Trd, 000223.650, 181
Trd, 000223.717, 180
Trd, 000224.750, 178
Trd, 000225.433, 177
Trd, 000225.933, 159
Trd, 000227.667, 180
Trd, 000228.367, 180
Trd, 000228.733, 184
Trd, 000228.933, 178
Trd, 000230.000, 182
Trd, 000230.567, 175
Trd, 000231.750, 178
Trd, 000233.000, 181
Trd, 000233.717, 181
Trd, 000233.900, 181
Trd, 000234.300, 180
Trd, 000234.650, 182
Trd, 000234.867, 184
Trd, 000235.117, 180
Trd, 000235.217, 179
Trd, 000235.350, 185
Trd, 000236.667, 180
Trd, 000237.167, 179
Trd, 000237.417, 187
Trd, 000239.600, 181
Trd, 000240.083, 182
Trd, 000240.167, 182
Trd, 000240.333, 180
Trd, 000240.567, 181
Trd, 000240.633, 180
Trd, 000240.817, 179
Trd, 000241.317, 180
Trd, 000241.633, 178
Trd, 000242.383, 177
Trd, 000242.917, 179
Trd, 000243.317, 180
Trd, 000243.983, 179
Trd, 000244.117, 177
Trd, 000244.883, 177
Trd, 000245.333, 177
Trd, 000245.417, 178
Trd, 000246.167, 176
Trd, 000246.367, 175
Trd, 000246.517, 179
Trd, 000246.533, 172
Trd, 000247.667, 177
Trd, 000248.667, 180
Trd, 000249.500, 178
Trd, 000249.750, 176
Trd, 000250.617, 178
Trd, 000250.933, 176
Trd, 000251.117, 177
Trd, 000251.133, 178
Trd, 000251.250, 180
Trd, 000251.450, 177
Trd, 000251.533, 175
Trd, 000251.950, 174
Trd, 000252.200, 177
Trd, 000253.033, 177
Trd, 000253.250, 176
Trd, 000253.333, 174
Trd, 000253.433, 173
Trd, 000253.733, 173
Trd, 000253.833, 172
Trd, 000254.167, 179
Trd, 000254.483, 175
Trd, 000254.567, 180
Trd, 000255.333, 177
Trd, 000255.633, 184
Trd, 000255.800, 184
Trd, 000257.733, 178
Trd, 000258.567, 184
Trd, 000258.833, 180
Trd, 000259.050, 179
Trd, 000259.283, 179
Trd, 000259.433, 178
Trd, 000259.450, 180
Trd, 000259.783, 188
Trd, 000260.100, 177
Trd, 000260.183, 176
Trd, 000260.383, 174
Trd, 000260.667, 181
Trd, 000261.300, 174
Trd, 000261.450, 173
Trd, 000262.183, 177
Trd, 000263.283, 190
Trd, 000264.267, 190
Trd, 000264.417, 198
Trd, 000264.667, 188
Trd, 000265.033, 187
Trd, 000265.550, 183
Trd, 000265.833, 185
Trd, 000265.883, 184
Trd, 000266.083, 183
Trd, 000266.133, 182
Trd, 000267.117, 181
Trd, 000267.700, 181
Trd, 000268.100, 181
Trd, 000268.200, 180
Trd, 000268.533, 182
Trd, 000268.817, 169
Trd, 000268.967, 164
Trd, 000269.467, 181
Trd, 000270.033, 182
Trd, 000271.283, 175
Trd, 000271.350, 174
Trd, 000271.633, 174
Trd, 000272.567, 183
Trd, 000273.350, 185
Trd, 000273.933, 182
Trd, 000274.017, 181
Trd, 000274.050, 180
Trd, 000274.650, 177
Trd, 000274.883, 164
Trd, 000275.450, 180
Trd, 000275.783, 175
Trd, 000276.717, 180
Trd, 000276.750, 186
Trd, 000277.233, 179
Trd, 000277.250, 182
Trd, 000277.717, 176
Trd, 000278.367, 175
Trd, 000279.117, 177
Trd, 000279.200, 158
Trd, 000280.083, 179
Trd, 000280.433, 174
Trd, 000280.517, 181
Trd, 000280.800, 181
Trd, 000280.967, 183
Trd, 000281.300, 175
Trd, 000281.383, 179
Trd, 000281.967, 174
Trd, 000282.033, 173
Trd, 000282.617, 177
Trd, 000282.833, 178
Trd, 000282.900, 176
Trd, 000283.083, 183
Trd, 000284.350, 180
Trd, 000284.817, 179
Trd, 000284.967, 187
Trd, 000284.983, 178
Trd, 000285.317, 176
Trd, 000285.933, 183
Trd, 000286.850, 188
Trd, 000286.867, 180
Trd, 000287.167, 190
Trd, 000287.333, 191
Trd, 000287.400, 179
Trd, 000288.183, 185
Trd, 000288.667, 186
Trd, 000289.250, 182
Trd, 000289.883, 191
Trd, 000290.517, 179
Trd, 000290.917, 191
Trd, 000291.250, 191
Trd, 000291.550, 191
Trd, 000291.650, 188
Trd, 000292.500, 184
Trd, 000292.550, 190
Trd, 000292.667, 177
Trd, 000292.750, 166
Trd, 000293.233, 188
Trd, 000293.267, 189
Trd, 000294.017, 180
Trd, 000294.233, 178
Trd, 000294.417, 175
Trd, 000294.767, 190
Trd, 000295.683, 176
Trd, 000295.717, 173
Trd, 000296.750, 178
Trd, 000296.933, 179
Trd, 000297.033, 179
Trd, 000297.517, 178
Trd, 000297.700, 166
Trd, 000298.033, 171
Trd, 000298.117, 185
Trd, 000298.367, 165
Trd, 000299.267, 167
