Trd, 000001.333, 132
Trd, 000001.517, 156
Trd, 000001.800, 158
Trd, 000002.400, 170
Trd, 000003.433, 156
Trd, 000004.400, 152
Trd, 000004.433, 145
Trd, 000005.133, 163
Trd, 000006.317, 162
Trd, 000006.700, 162
Trd, 000007.550, 145
Trd, 000008.250, 138
Trd, 000008.300, 150
Trd, 000008.550, 166
Trd, 000009.717, 142
Trd, 000010.250, 143
Trd, 000010.633, 142
Trd, 000011.183, 145
Trd, 000012.267, 149
Trd, 000012.700, 149
Trd, 000012.967, 150
Trd, 000013.217, 150
Trd, 000013.367, 150
Trd, 000013.600, 137
Trd, 000014.633, 146
Trd, 000014.950, 146
Trd, 000015.267, 149
Trd, 000015.283, 145
Trd, 000015.533, 168
Trd, 000016.183, 145
Trd, 000016.650, 168
Trd, 000018.683, 160
Trd, 000018.750, 156
Trd, 000018.983, 156
Trd, 000019.433, 168
Trd, 000019.733, 157
Trd, 000020.100, 156
Trd, 000021.617, 133
Trd, 000021.633, 158
Trd, 000022.500, 150
Trd, 000023.083, 146
Trd, 000023.700, 154
Trd, 000024.567, 151
Trd, 000024.750, 150
Trd, 000024.883, 151
Trd, 000025.333, 149
Trd, 000026.367, 148
Trd, 000027.000, 147
Trd, 000027.750, 147
Trd, 000028.600, 147
Trd, 000028.617, 151
Trd, 000029.833, 157
Trd, 000030.383, 156
Trd, 000030.400, 152
Trd, 000031.317, 153
Trd, 000031.683, 153
Trd, 000032.033, 153
Trd, 000032.333, 150
Trd, 000032.383, 153
Trd, 000032.600, 147
Trd, 000033.383, 145
Trd, 000033.400, 156
Trd, 000034.733, 144
Trd, 000034.867, 144
Trd, 000035.367, 145
Trd, 000036.617, 147
Trd, 000038.683, 149
Trd, 000038.700, 140
Trd, 000040.150, 152
Trd, 000040.433, 151
Trd, 000040.700, 171
Trd, 000041.267, 149
Trd, 000041.650, 148
Trd, 000042.033, 151
Trd, 000042.483, 155
Trd, 000042.617, 149
Trd, 000044.017, 152
Trd, 000044.367, 149
Trd, 000045.300, 150
Trd, 000045.733, 150
Trd, 000045.967, 149
Trd, 000048.117, 150
Trd, 000048.300, 150
Trd, 000048.717, 149
Trd, 000048.933, 149
Trd, 000049.300, 147
Trd, 000050.033, 147
Trd, 000050.183, 146
Trd, 000050.617, 149
Trd, 000050.650, 163
Trd, 000051.433, 148
Trd, 000051.617, 149
Trd, 000052.233, 150
Trd, 000052.417, 163
Trd, 000053.350, 150
Trd, 000053.750, 150
Trd, 000053.933, 149
Trd, 000053.983, 151
Trd, 000054.733, 148
Trd, 000055.483, 149
Trd, 000056.583, 149
Trd, 000056.783, 150
Trd, 000057.300, 148
Trd, 000057.750, 147
Trd, 000058.050, 147
Trd, 000058.133, 148
Trd, 000059.450, 156
Trd, 000060.433, 151
Trd, 000061.500, 152
Trd, 000061.950, 150
Trd, 000062.033, 137
Trd, 000062.100, 153
Trd, 000063.933, 147
Trd, 000064.250, 144
Trd, 000064.767, 144
Trd, 000064.850, 143
Trd, 000065.000, 142
Trd, 000065.167, 144
Trd, 000066.900, 148
Trd, 000067.050, 150
Trd, 000068.150, 146
Trd, 000068.350, 146
Trd, 000068.883, 144
Trd, 000069.100, 147
Trd, 000069.133, 148
Trd, 000069.750, 150
Trd, 000070.167, 151
Trd, 000070.850, 144
Trd, 000073.283, 155
Trd, 000073.717, 152
Trd, 000074.650, 151
Trd, 000074.983, 151
Trd, 000075.033, 149
Trd, 000075.550, 151
Trd, 000076.417, 149
Trd, 000077.850, 150
Trd, 000078.617, 151
Trd, 000078.683, 152
Trd, 000079.017, 151
Trd, 000079.617, 152
Trd, 000080.600, 176
Trd, 000080.817, 155
Trd, 000082.200, 157
Trd, 000082.983, 156
Trd, 000083.250, 157
Trd, 000083.933, 157
Trd, 000084.100, 157
Trd, 000084.167, 158
Trd, 000084.200, 159
Trd, 000084.450, 157
Trd, 000085.133, 155
Trd, 000085.317, 155
Trd, 000085.367, 165
Trd, 000086.933, 164
Trd, 000086.950, 162
Trd, 000087.167, 153
Trd, 000088.417, 163
Trd, 000088.783, 166
Trd, 000090.983, 158
Trd, 000091.033, 162
Trd, 000091.117, 161
Trd, 000092.183, 159
Trd, 000093.300, 157
Trd, 000094.083, 157
Trd, 000094.400, 157
Trd, 000094.683, 157
Trd, 000095.133, 156
Trd, 000095.367, 154
Trd, 000095.600, 155
Trd, 000096.283, 167
Trd, 000097.217, 154
Trd, 000097.583, 156
Trd, 000098.117, 158
Trd, 000098.450, 155
Trd, 000098.900, 155
Trd, 000099.367, 154
Trd, 000099.917, 154
Trd, 000100.033, 154
Trd, 000100.083, 153
Trd, 000101.350, 155
Trd, 000101.917, 167
Trd, 000102.900, 156
Trd, 000103.467, 156
Trd, 000104.533, 157
Trd, 000104.617, 163
Trd, 000104.800, 156
Trd, 000105.150, 156
Trd, 000105.383, 155
Trd, 000106.117, 154
Trd, 000106.750, 158
Trd, 000107.050, 154
Trd, 000108.667, 157
Trd, 000108.917, 158
Trd, 000108.933, 157
Trd, 000109.017, 169
Trd, 000109.800, 158
Trd, 000110.650, 155
Trd, 000111.500, 157
Trd, 000112.417, 154
Trd, 000112.717, 153
Trd, 000112.767, 142
Trd, 000113.233, 155
Trd, 000113.517, 157
Trd, 000114.200, 166
Trd, 000115.533, 149
Trd, 000116.467, 163
Trd, 000116.917, 154
Trd, 000117.100, 154
Trd, 000119.483, 156
Trd, 000119.567, 156
Trd, 000120.017, 156
Trd, 000120.450, 156
Trd, 000120.467, 157
Trd, 000121.067, 162
Trd, 000122.617, 166
Trd, 000122.717, 165
Trd, 000123.350, 180
Trd, 000123.417, 199
Trd, 000123.800, 208
Trd, 000124.033, 207
Trd, 000124.450, 228
Trd, 000124.967, 310.0
Trd, 000125.300, 313.0
Trd, 000125.350, 317.0
Trd, 000126.100, 324.0
Trd, 000126.150, 327.0
Trd, 000126.400, 332.0
Trd, 000126.950, 317.0
Trd, 000127.483, 330.0
Trd, 000128.200, 328.0
Trd, 000128.450, 329.0
Trd, 000129.833, 339.0
Trd, 000130.200, 340.0
Trd, 000130.567, 331.0
Trd, 000130.767, 344.0
Trd, 000131.133, 336
Trd, 000132.400, 345.0
Trd, 000132.567, 344.0
Trd, 000132.783, 336
Trd, 000134.767, 338
Trd, 000134.850, 338
Trd, 000134.950, 339
Trd, 000135.733, 344.0
Trd, 000136.733, 352
Trd, 000138.117, 355
Trd, 000138.217, 356.0
Trd, 000138.733, 356
Trd, 000139.183, 354
Trd, 000139.817, 355
Trd, 000140.283, 357.0
Trd, 000140.533, 351
Trd, 000141.100, 357.0
Trd, 000141.500, 346
Trd, 000141.767, 358.0
Trd, 000141.883, 344.0
Trd, 000142.367, 360
Trd, 000143.033, 343
Trd, 000144.733, 336
Trd, 000144.933, 338
Trd, 000145.100, 335
Trd, 000145.233, 341.0
Trd, 000145.317, 342.0
Trd, 000146.100, 341.0
Trd, 000146.117, 343.0
Trd, 000146.733, 332.0
Trd, 000147.317, 337
Trd, 000147.867, 331.0
Trd, 000149.250, 343.0
Trd, 000149.633, 343.0
Trd, 000150.667, 333
Trd, 000151.017, 338.0
Trd, 000151.550, 333
Trd, 000151.583, 337.0
Trd, 000151.900, 335
Trd, 000152.617, 339.0
Trd, 000153.817, 338
Trd, 000153.983, 334
Trd, 000154.400, 336
Trd, 000154.683, 337
Trd, 000155.650, 336
Trd, 000155.667, 337
Trd, 000156.300, 341
Trd, 000156.883, 340.0
Trd, 000157.167, 341.0
Trd, 000157.783, 340.0
Trd, 000158.567, 339
Trd, 000158.750, 336
Trd, 000159.050, 344.0
Trd, 000159.083, 335
Trd, 000160.883, 344
Trd, 000161.717, 340
Trd, 000161.817, 341
Trd, 000162.150, 334
Trd, 000162.283, 332
Trd, 000164.467, 340
Trd, 000164.767, 339
Trd, 000164.933, 340
Trd, 000165.983, 339
Trd, 000166.433, 335
Trd, 000166.767, 338
Trd, 000167.583, 335
Trd, 000167.983, 335
Trd, 000168.167, 333
Trd, 000168.600, 336
Trd, 000169.850, 340
Trd, 000170.217, 344.0
Trd, 000171.050, 346
Trd, 000172.050, 338
Trd, 000172.117, 338
Trd, 000173.183, 342
Trd, 000173.467, 342
Trd, 000173.717, 343
Trd, 000174.850, 341
Trd, 000175.300, 354
Trd, 000175.917, 344
Trd, 000177.550, 346.0
Trd, 000177.600, 344.0
Trd, 000177.950, 342
Trd, 000178.267, 344.0
Trd, 000178.367, 340
Trd, 000178.550, 345
Trd, 000179.567, 343
Trd, 000180.300, 342
Trd, 000180.617, 342
Trd, 000181.067, 341
Trd, 000181.583, 338
Trd, 000181.667, 336
Trd, 000181.883, 336
Trd, 000182.383, 331.0
Trd, 000182.517, 313.0
Trd, 000182.700, 315
Trd, 000182.917, 303.0
Trd, 000183.283, 300
Trd, 000183.683, 232
Trd, 000184.067, 214
Trd, 000184.150, 200
Trd, 000184.783, 203
Trd, 000185.883, 197
Trd, 000187.583, 189
Trd, 000187.767, 191
Trd, 000188.800, 187
Trd, 000188.900, 189
Trd, 000189.250, 189
Trd, 000189.267, 183
Trd, 000189.433, 187
Trd, 000189.550, 180
Trd, 000190.467, 182
Trd, 000190.967, 182
Trd, 000191.500, 163
Trd, 000192.700, 178
Trd, 000192.917, 182
Trd, 000193.133, 187
Trd, 000193.317, 155
Trd, 000195.383, 161
Trd, 000195.917, 162
Trd, 000196.167, 161
Trd, 000196.550, 162
Trd, 000196.583, 163
Trd, 000197.900, 171
Trd, 000198.167, 168
Trd, 000198.967, 167
Trd, 000199.650, 168
Trd, 000200.167, 165
Trd, 000200.450, 164
Trd, 000201.133, 165
Trd, 000201.217, 163
Trd, 000201.333, 162
Trd, 000202.950, 168
Trd, 000203.183, 164
Trd, 000204.900, 171
Trd, 000205.433, 167
Trd, 000205.517, 171
Trd, 000205.567, 166
Trd, 000206.500, 173
Trd, 000207.083, 171
Trd, 000208.700, 175
Trd, 000208.850, 175
Trd, 000209.000, 178
Trd, 000210.783, 175
Trd, 000210.833, 175
Trd, 000211.750, 175
Trd, 000211.833, 174
Trd, 000211.933, 172
Trd, 000212.733, 173
Trd, 000213.067, 174
Trd, 000213.350, 171
Trd, 000213.883, 170
Trd, 000214.517, 170
Trd, 000214.933, 168
Trd, 000215.167, 171
Trd, 000216.283, 184
Trd, 000216.317, 168
Trd, 000216.833, 188
Trd, 000218.100, 174
Trd, 000218.683, 174
Trd, 000219.250, 172
Trd, 000219.667, 167
Trd, 000220.200, 167
Trd, 000220.933, 172
Trd, 000221.267, 170
Trd, 000221.300, 169
Trd, 000221.833, 169
Trd, 000222.617, 168
Trd, 000223.667, 168
Trd, 000224.167, 165
Trd, 000224.450, 166
Trd, 000224.983, 166
Trd, 000225.133, 166
Trd, 000225.150, 161
Trd, 000225.917, 166
Trd, 000226.650, 166
Trd, 000228.200, 163
Trd, 000228.417, 164
Trd, 000228.633, 163
Trd, 000228.867, 167
Trd, 000229.333, 178
Trd, 000229.550, 176
Trd, 000229.983, 175
Trd, 000230.800, 171
Trd, 000231.967, 168
Trd, 000232.333, 168
Trd, 000232.617, 167
Trd, 000232.867, 165
Trd, 000233.767, 162
Trd, 000233.850, 163
Trd, 000233.983, 164
Trd, 000235.050, 159
Trd, 000235.683, 166
Trd, 000236.100, 160
Trd, 000237.150, 209
Trd, 000237.250, 194
Trd, 000237.433, 193
Trd, 000237.617, 193
Trd, 000237.850, 191
Trd, 000238.183, 174
Trd, 000238.433, 182
Trd, 000239.150, 186
Trd, 000239.667, 180
Trd, 000240.067, 197
Trd, 000240.233, 186
Trd, 000241.817, 188
Trd, 000242.400, 190
Trd, 000242.667, 188
Trd, 000242.967, 188
Trd, 000243.333, 189
Trd, 000243.533, 186
Trd, 000243.700, 175
Trd, 000244.250, 189
Trd, 000244.317, 190
Trd, 000244.350, 172
Trd, 000244.433, 168
Trd, 000245.117, 155
Trd, 000245.417, 165
Trd, 000245.850, 168
Trd, 000246.033, 166
Trd, 000246.483, 167
Trd, 000246.850, 167
Trd, 000247.350, 167
Trd, 000247.433, 164
Trd, 000248.183, 166
Trd, 000248.350, 169
Trd, 000248.667, 174
Trd, 000249.633, 172
Trd, 000249.733, 174
Trd, 000250.933, 174
Trd, 000251.350, 177
Trd, 000251.617, 178
Trd, 000251.900, 174
Trd, 000252.767, 179
Trd, 000253.217, 177
Trd, 000253.333, 176
Trd, 000253.400, 174
Trd, 000253.650, 177
Trd, 000253.917, 174
Trd, 000255.717, 175
Trd, 000255.850, 176
Trd, 000256.550, 174
Trd, 000257.233, 175
Trd, 000258.050, 174
Trd, 000258.067, 175
Trd, 000258.533, 173
Trd, 000259.217, 184
Trd, 000260.433, 177
Trd, 000260.750, 179
Trd, 000261.017, 177
Trd, 000261.050, 176
Trd, 000261.433, 174
Trd, 000261.450, 174
Trd, 000261.950, 175
Trd, 000262.800, 174
Trd, 000262.817, 175
Trd, 000262.900, 174
Trd, 000262.933, 173
Trd, 000263.533, 173
Trd, 000263.983, 173
Trd, 000264.133, 176
Trd, 000264.783, 173
Trd, 000264.967, 172
Trd, 000266.417, 171
Trd, 000266.550, 170
Trd, 000267.317, 171
Trd, 000267.817, 171
Trd, 000268.167, 183
Trd, 000269.683, 183
Trd, 000269.900, 181
Trd, 000270.350, 183
Trd, 000270.883, 180
Trd, 000271.517, 180
Trd, 000271.767, 180
Trd, 000271.883, 178
Trd, 000272.400, 177
Trd, 000272.533, 178
Trd, 000272.550, 179
Trd, 000273.400, 177
Trd, 000273.750, 179
Trd, 000274.167, 177
Trd, 000274.183, 176
Trd, 000274.783, 175
Trd, 000274.800, 177
Trd, 000275.250, 173
Trd, 000276.233, 169
Trd, 000276.450, 166
Trd, 000276.833, 170
Trd, 000277.783, 183
Trd, 000278.167, 185
Trd, 000279.033, 179
Trd, 000279.050, 176
Trd, 000279.167, 190
Trd, 000279.817, 178
Trd, 000280.933, 177
Trd, 000281.067, 179
Trd, 000281.117, 178
Trd, 000281.650, 179
Trd, 000281.983, 179
Trd, 000282.150, 181
Trd, 000283.383, 176
Trd, 000283.817, 176
Trd, 000284.033, 174
Trd, 000284.483, 173
Trd, 000284.817, 172
Trd, 000285.067, 173
Trd, 000285.350, 177
Trd, 000286.650, 176
Trd, 000287.017, 172
Trd, 000287.700, 174
Trd, 000287.733, 178
Trd, 000287.750, 172
Trd, 000288.000, 173
Trd, 000288.167, 180
Trd, 000288.567, 172
Trd, 000288.800, 171
Trd, 000289.100, 185
Trd, 000290.017, 177
Trd, 000290.317, 188
Trd, 000290.917, 167
Trd, 000291.200, 191
Trd, 000291.850, 165
Trd, 000293.233, 194
Trd, 000293.633, 192
Trd, 000294.250, 192
Trd, 000294.500, 188
Trd, 000294.517, 177
Trd, 000294.750, 192
Trd, 000294.783, 198
Trd, 000295.367, 182
Trd, 000296.000, 174
Trd, 000296.217, 173
Trd, 000296.583, 176
Trd, 000297.067, 169
Trd, 000297.800, 175
Trd, 000298.067, 178
Trd, 000299.517, 184
Trd, 000299.750, 183
