Trd, 000001.850, 175
Trd, 000002.850, 179
Trd, 000004.167, 161
Trd, 000004.517, 156
Trd, 000004.567, 156
Trd, 000004.917, 155
Trd, 000005.850, 152
Trd, 000006.500, 158
Trd, 000006.700, 157
Trd, 000007.100, 151
Trd, 000007.483, 156
Trd, 000007.517, 156
Trd, 000007.883, 162
Trd, 000009.500, 152
Trd, 000009.900, 153
Trd, 000011.600, 152
Trd, 000011.650, 151
Trd, 000012.983, 152
Trd, 000013.750, 146
Trd, 000013.833, 151
Trd, 000014.650, 147
Trd, 000015.983, 147
Trd, 000016.033, 146
Trd, 000016.833, 148
Trd, 000017.350, 149
Trd, 000017.900, 149
Trd, 000019.450, 157
Trd, 000019.667, 160
Trd, 000021.017, 149
Trd, 000021.167, 147
Trd, 000021.650, 150
Trd, 000021.950, 153
Trd, 000022.117, 147
Trd, 000022.917, 150
Trd, 000025.017, 146
Trd, 000025.650, 148
Trd, 000026.200, 145
Trd, 000026.533, 149
Trd, 000026.983, 147
Trd, 000028.517, 146
Trd, 000029.050, 146
Trd, 000029.267, 147
Trd, 000029.933, 149
Trd, 000029.967, 151
Trd, 000030.583, 145
Trd, 000031.733, 152
Trd, 000032.050, 154
Trd, 000032.217, 146
Trd, 000032.700, 155
Trd, 000033.050, 153
Trd, 000033.600, 145
Trd, 000035.850, 145
Trd, 000036.533, 153
Trd, 000036.967, 154
Trd, 000038.567, 154
Trd, 000039.300, 153
Trd, 000040.517, 153
Trd, 000040.683, 155
Trd, 000041.000, 155
Trd, 000041.600, 156
Trd, 000043.250, 155
Trd, 000043.467, 154
Trd, 000044.167, 158
Trd, 000044.650, 153
Trd, 000044.700, 155
Trd, 000044.933, 152
Trd, 000045.500, 155
Trd, 000045.883, 151
Trd, 000046.200, 155
Trd, 000046.650, 149
Trd, 000047.983, 155
Trd, 000048.117, 159
Trd, 000049.950, 156
Trd, 000050.567, 158
Trd, 000051.700, 157
Trd, 000053.050, 154
Trd, 000053.167, 153
Trd, 000053.467, 155
Trd, 000054.200, 156
Trd, 000054.483, 153
Trd, 000056.033, 156
Trd, 000056.333, 157
Trd, 000057.000, 154
Trd, 000058.367, 155
Trd, 000058.417, 157
Trd, 000058.433, 154
Trd, 000060.700, 153
Trd, 000060.833, 155
Trd, 000061.450, 153
Trd, 000062.633, 151
Trd, 000063.033, 152
Trd, 000064.917, 154
Trd, 000065.017, 155
Trd, 000065.350, 156
Trd, 000066.367, 151
Trd, 000066.617, 161
Trd, 000067.000, 168
Trd, 000067.933, 157
Trd, 000069.283, 153
Trd, 000069.983, 156
Trd, 000072.433, 152
Trd, 000073.250, 155
Trd, 000073.900, 155
Trd, 000074.950, 155
Trd, 000075.067, 153
Trd, 000076.067, 156
Trd, 000076.100, 157
Trd, 000076.167, 164
Trd, 000076.967, 162
Trd, 000077.567, 154
Trd, 000078.250, 159
Trd, 000078.933, 163
Trd, 000080.233, 163
Trd, 000082.583, 157
Trd, 000083.267, 156
Trd, 000083.517, 159
Trd, 000084.700, 157
Trd, 000085.333, 155
Trd, 000086.217, 157
Trd, 000086.517, 155
Trd, 000086.600, 156
Trd, 000087.333, 156
Trd, 000087.500, 156
Trd, 000087.867, 159
Trd, 000088.400, 153
Trd, 000089.067, 163
Trd, 000090.100, 160
Trd, 000090.883, 158
Trd, 000091.667, 157
Trd, 000092.467, 155
Trd, 000094.100, 157
Trd, 000094.667, 156
Trd, 000095.133, 159
Trd, 000095.650, 159
Trd, 000096.050, 159
Trd, 000096.317, 159
Trd, 000097.550, 160
Trd, 000098.267, 160
Trd, 000098.283, 157
Trd, 000098.300, 161
Trd, 000098.500, 164
Trd, 000099.933, 163
Trd, 000100.433, 164
Trd, 000101.350, 164
Trd, 000102.800, 161
Trd, 000102.983, 160
Trd, 000103.267, 165
Trd, 000103.483, 165
Trd, 000104.933, 166
Trd, 000105.183, 167
Trd, 000105.633, 159
Trd, 000105.783, 167
Trd, 000106.033, 161
Trd, 000107.650, 162
Trd, 000107.967, 165
Trd, 000108.100, 161
Trd, 000108.733, 167
Trd, 000108.950, 160
Trd, 000109.633, 160
Trd, 000112.533, 161
Trd, 000112.700, 157
Trd, 000114.400, 158
Trd, 000114.700, 159
Trd, 000115.350, 157
Trd, 000115.933, 158
Trd, 000116.600, 159
Trd, 000118.083, 157
Trd, 000119.517, 155
Trd, 000119.867, 156
Trd, 000120.117, 163
Trd, 000121.100, 158
Trd, 000121.233, 156
Trd, 000121.800, 160
Trd, 000122.433, 170
Trd, 000122.550, 177
Trd, 000122.567, 184
Trd, 000123.150, 191
Trd, 000123.800, 200
Trd, 000123.833, 201
Trd, 000124.067, 306.0
Trd, 000124.500, 301
Trd, 000125.417, 318
Trd, 000125.533, 327.0
Trd, 000125.667, 350
Trd, 000126.133, 331
Trd, 000126.667, 351.0
Trd, 000126.983, 350
Trd, 000129.333, 349
Trd, 000129.450, 337
Trd, 000130.933, 346
Trd, 000131.167, 347
Trd, 000131.183, 337
Trd, 000132.983, 346
Trd, 000133.733, 347
Trd, 000136.133, 347
Trd, 000137.600, 346
Trd, 000137.783, 346
Trd, 000138.100, 351.0
Trd, 000138.283, 349
Trd, 000139.233, 346
Trd, 000139.867, 346
Trd, 000139.950, 347
Trd, 000140.567, 355.0
Trd, 000141.500, 355
Trd, 000143.067, 352
Trd, 000143.367, 359
Trd, 000144.050, 352
Trd, 000145.033, 355.0
Trd, 000145.483, 352
Trd, 000147.300, 349
Trd, 000148.067, 350
Trd, 000150.483, 349
Trd, 000150.517, 351
Trd, 000150.917, 344.0
Trd, 000151.850, 350.0
Trd, 000152.250, 351.0
Trd, 000152.600, 351
Trd, 000153.217, 355.0
Trd, 000154.550, 349
Trd, 000154.983, 351.0
Trd, 000155.050, 349
Trd, 000155.717, 350
Trd, 000157.150, 349
Trd, 000157.267, 345
Trd, 000157.417, 350
Trd, 000158.567, 340.0
Trd, 000159.083, 343
Trd, 000159.617, 345
Trd, 000159.800, 347
Trd, 000162.650, 344
Trd, 000163.150, 343
Trd, 000164.717, 344
Trd, 000164.800, 347
Trd, 000164.883, 340
Trd, 000164.933, 348
Trd, 000167.267, 348
Trd, 000167.383, 350
Trd, 000169.900, 344
Trd, 000170.367, 348
Trd, 000170.883, 351.0
Trd, 000171.783, 346
Trd, 000172.217, 349
Trd, 000172.933, 350
Trd, 000174.633, 351
Trd, 000175.283, 348
Trd, 000176.200, 351
Trd, 000176.683, 350
Trd, 000176.867, 351.0
Trd, 000178.283, 351.0
Trd, 000178.317, 349
Trd, 000178.333, 345
Trd, 000179.500, 350
Trd, 000181.683, 349
Trd, 000182.650, 345
Trd, 000182.883, 344
Trd, 000182.967, 327.0
Trd, 000183.517, 311.0
Trd, 000184.333, 310.0
Trd, 000184.450, 306.0
Trd, 000184.733, 184
Trd, 000185.133, 173
Trd, 000186.100, 183
Trd, 000186.483, 183
Trd, 000186.733, 170
Trd, 000187.250, 173
Trd, 000187.967, 165
Trd, 000189.450, 161
Trd, 000189.667, 164
Trd, 000190.100, 162
Trd, 000191.050, 166
Trd, 000191.483, 168
Trd, 000191.683, 174
Trd, 000191.767, 177
Trd, 000192.067, 165
Trd, 000192.217, 169
Trd, 000192.600, 169
Trd, 000192.883, 174
Trd, 000192.933, 174
Trd, 000193.517, 170
Trd, 000194.350, 172
Trd, 000195.317, 165
Trd, 000197.267, 166
Trd, 000197.883, 166
Trd, 000198.233, 167
Trd, 000198.900, 167
Trd, 000199.700, 167
Trd, 000200.017, 168
Trd, 000200.317, 166
Trd, 000200.983, 169
Trd, 000201.933, 168
Trd, 000202.233, 171
Trd, 000202.750, 169
Trd, 000204.150, 170
Trd, 000204.350, 165
Trd, 000205.417, 171
Trd, 000205.900, 164
Trd, 000206.233, 164
Trd, 000207.450, 172
Trd, 000209.233, 170
Trd, 000209.433, 165
Trd, 000209.917, 170
Trd, 000210.083, 175
Trd, 000210.317, 176
Trd, 000211.067, 172
Trd, 000212.267, 173
Trd, 000212.983, 172
Trd, 000214.400, 173
Trd, 000214.583, 173
Trd, 000215.617, 173
Trd, 000216.200, 174
Trd, 000216.283, 176
Trd, 000217.233, 173
Trd, 000217.983, 178
Trd, 000218.533, 174
Trd, 000219.567, 178
Trd, 000221.700, 178
Trd, 000222.683, 177
Trd, 000222.983, 173
Trd, 000223.483, 177
Trd, 000223.500, 178
Trd, 000223.533, 173
Trd, 000224.733, 176
Trd, 000225.050, 172
Trd, 000225.233, 166
Trd, 000226.800, 174
Trd, 000227.900, 173
Trd, 000229.450, 170
Trd, 000230.350, 170
Trd, 000230.433, 171
Trd, 000231.750, 170
Trd, 000231.883, 172
Trd, 000232.683, 173
Trd, 000232.933, 169
Trd, 000235.050, 173
Trd, 000235.317, 168
Trd, 000236.583, 169
Trd, 000237.217, 169
Trd, 000237.767, 171
Trd, 000237.917, 168
Trd, 000238.367, 172
Trd, 000240.117, 170
Trd, 000240.317, 172
Trd, 000240.633, 171
Trd, 000240.800, 171
Trd, 000240.900, 170
Trd, 000242.067, 169
Trd, 000242.233, 169
Trd, 000242.450, 168
Trd, 000242.833, 170
Trd, 000243.733, 170
Trd, 000244.283, 169
Trd, 000244.350, 168
Trd, 000244.600, 168
Trd, 000245.017, 170
Trd, 000245.483, 172
Trd, 000246.000, 175
Trd, 000246.033, 179
Trd, 000246.233, 176
Trd, 000246.433, 178
Trd, 000247.383, 174
Trd, 000247.600, 176
Trd, 000248.233, 174
Trd, 000248.850, 180
Trd, 000249.083, 180
Trd, 000249.617, 180
Trd, 000249.800, 179
Trd, 000250.267, 181
Trd, 000250.367, 178
Trd, 000250.383, 178
Trd, 000250.400, 177
Trd, 000252.083, 183
Trd, 000252.617, 186
Trd, 000254.067, 180
Trd, 000254.383, 181
Trd, 000254.417, 180
Trd, 000255.117, 177
Trd, 000255.983, 178
Trd, 000256.150, 175
Trd, 000256.200, 179
Trd, 000256.767, 180
Trd, 000257.433, 179
Trd, 000257.583, 177
Trd, 000257.617, 183
Trd, 000258.283, 184
Trd, 000259.100, 180
Trd, 000259.783, 178
Trd, 000260.733, 178
Trd, 000260.867, 179
Trd, 000260.917, 181
Trd, 000261.817, 178
Trd, 000262.067, 176
Trd, 000262.450, 175
Trd, 000262.767, 176
Trd, 000262.900, 160
Trd, 000263.417, 180
Trd, 000264.667, 183
Trd, 000264.750, 184
Trd, 000265.100, 182
Trd, 000265.367, 183
Trd, 000265.967, 177
Trd, 000266.367, 177
Trd, 000267.083, 176
Trd, 000267.233, 175
Trd, 000267.267, 178
Trd, 000267.567, 177
Trd, 000268.217, 177
Trd, 000268.367, 177
Trd, 000268.467, 178
Trd, 000268.600, 181
Trd, 000269.350, 181
Trd, 000269.767, 177
Trd, 000270.217, 185
Trd, 000270.483, 176
Trd, 000270.967, 182
Trd, 000271.467, 177
Trd, 000271.700, 177
Trd, 000272.817, 175
Trd, 000273.483, 176
Trd, 000273.617, 174
Trd, 000273.667, 176
Trd, 000273.967, 177
Trd, 000273.983, 173
Trd, 000275.400, 173
Trd, 000276.550, 176
Trd, 000277.250, 178
Trd, 000277.617, 178
Trd, 000277.833, 181
Trd, 000278.083, 176
Trd, 000278.117, 171
Trd, 000279.600, 179
Trd, 000279.633, 179
Trd, 000279.683, 176
Trd, 000280.300, 176
Trd, 000280.783, 176
Trd, 000280.933, 168
Trd, 000281.033, 169
Trd, 000282.000, 175
Trd, 000282.317, 178
Trd, 000282.617, 183
Trd, 000283.967, 182
Trd, 000285.033, 179
Trd, 000285.383, 178
Trd, 000285.550, 181
Trd, 000285.617, 176
Trd, 000285.717, 173
Trd, 000286.133, 179
Trd, 000286.883, 180
Trd, 000287.400, 182
Trd, 000287.483, 177
Trd, 000287.700, 174
Trd, 000287.917, 183
Trd, 000288.017, 172
Trd, 000289.117, 179
Trd, 000289.500, 174
Trd, 000289.550, 180
Trd, 000290.083, 178
Trd, 000291.383, 187
Trd, 000292.033, 194
Trd, 000292.167, 194
Trd, 000292.333, 184
Trd, 000292.450, 187
Trd, 000292.933, 179
Trd, 000292.983, 184
Trd, 000293.533, 180
Trd, 000294.300, 178
Trd, 000294.500, 190
Trd, 000294.950, 191
Trd, 000296.100, 184
Trd, 000296.733, 178
Trd, 000296.817, 177
Trd, 000296.967, 185
Trd, 000297.367, 186
Trd, 000298.400, 173
Trd, 000298.767, 185
Trd, 000298.783, 185
Trd, 000299.450, 181
