Trd, 000003.533, 139
Trd, 000003.850, 141
Trd, 000004.100, 138
Trd, 000004.167, 148
Trd, 000004.250, 165
Trd, 000004.783, 138
Trd, 000004.983, 164
Trd, 000005.067, 158
Trd, 000005.283, 157
Trd, 000005.700, 159
Trd, 000006.700, 160
Trd, 000007.200, 154
Trd, 000008.533, 152
Trd, 000009.100, 155
Trd, 000009.333, 154
Trd, 000010.017, 152
Trd, 000010.067, 150
Trd, 000010.117, 145
Trd, 000011.167, 151
Trd, 000011.383, 151
Trd, 000011.533, 152
Trd, 000011.617, 148
Trd, 000013.250, 148
Trd, 000013.800, 149
Trd, 000014.200, 148
Trd, 000014.450, 145
Trd, 000015.033, 152
Trd, 000015.900, 153
Trd, 000016.967, 147
Trd, 000017.517, 147
Trd, 000018.250, 151
Trd, 000018.567, 152
Trd, 000019.417, 150
Trd, 000020.200, 150
Trd, 000020.283, 153
Trd, 000020.783, 152
Trd, 000020.900, 149
Trd, 000021.433, 149
Trd, 000021.583, 153
Trd, 000022.983, 149
Trd, 000023.683, 149
Trd, 000023.867, 147
Trd, 000024.983, 143
Trd, 000025.267, 140
Trd, 000025.317, 139
Trd, 000025.550, 139
Trd, 000025.817, 139
Trd, 000026.517, 153
Trd, 000026.683, 160
Trd, 000027.067, 155
Trd, 000028.883, 143
Trd, 000029.817, 145
Trd, 000029.950, 144
Trd, 000030.233, 147
Trd, 000030.633, 144
Trd, 000030.783, 143
Trd, 000031.267, 144
Trd, 000031.550, 149
Trd, 000032.467, 147
Trd, 000033.233, 146
Trd, 000034.200, 148
Trd, 000034.517, 148
Trd, 000035.250, 148
Trd, 000035.317, 146
Trd, 000035.533, 145
Trd, 000035.617, 145
Trd, 000036.333, 149
Trd, 000036.950, 146
Trd, 000037.083, 140
Trd, 000037.500, 141
Trd, 000037.650, 145
Trd, 000038.250, 148
Trd, 000038.850, 147
Trd, 000039.883, 143
Trd, 000041.500, 145
Trd, 000042.150, 144
Trd, 000042.283, 146
Trd, 000042.400, 144
Trd, 000043.317, 152
Trd, 000044.133, 150
Trd, 000044.300, 149
Trd, 000044.733, 149
Trd, 000045.067, 149
Trd, 000045.317, 150
Trd, 000045.517, 149
Trd, 000045.733, 148
Trd, 000045.983, 152
Trd, 000046.667, 150
Trd, 000046.917, 155
Trd, 000048.467, 150
Trd, 000048.583, 156
Trd, 000048.733, 152
Trd, 000049.217, 152
Trd, 000049.750, 143
Trd, 000050.133, 153
Trd, 000050.850, 151
Trd, 000051.633, 149
Trd, 000051.900, 153
Trd, 000053.583, 151
Trd, 000053.600, 150
Trd, 000053.783, 152
Trd, 000053.883, 149
Trd, 000054.433, 148
Trd, 000054.467, 154
Trd, 000054.767, 147
Trd, 000055.483, 149
Trd, 000057.067, 152
Trd, 000057.283, 155
Trd, 000058.133, 155
Trd, 000058.233, 157
Trd, 000058.417, 152
Trd, 000059.050, 161
Trd, 000060.183, 154
Trd, 000060.333, 154
Trd, 000061.283, 157
Trd, 000061.433, 155
Trd, 000062.317, 157
Trd, 000063.000, 156
Trd, 000064.167, 154
Trd, 000064.183, 157
Trd, 000064.217, 157
Trd, 000064.383, 151
Trd, 000064.950, 143
Trd, 000065.933, 147
Trd, 000065.983, 145
Trd, 000067.133, 148
Trd, 000067.633, 151
Trd, 000069.250, 152
Trd, 000069.383, 151
Trd, 000069.650, 149
Trd, 000070.150, 148
Trd, 000070.717, 155
Trd, 000071.200, 157
Trd, 000071.283, 158
Trd, 000071.417, 165
Trd, 000072.150, 159
Trd, 000072.683, 165
Trd, 000073.933, 171
Trd, 000074.383, 159
Trd, 000075.850, 162
Trd, 000076.017, 161
Trd, 000076.350, 162
Trd, 000076.400, 158
Trd, 000076.433, 163
Trd, 000076.600, 158
Trd, 000077.450, 163
Trd, 000078.817, 159
Trd, 000079.667, 161
Trd, 000080.450, 160
Trd, 000080.500, 159
Trd, 000081.217, 158
Trd, 000081.300, 159
Trd, 000081.833, 152
Trd, 000082.850, 155
Trd, 000082.900, 156
Trd, 000083.367, 154
Trd, 000083.417, 153
Trd, 000083.700, 152
Trd, 000085.133, 148
Trd, 000085.250, 154
Trd, 000085.383, 155
Trd, 000085.400, 144
Trd, 000086.883, 156
Trd, 000087.583, 157
Trd, 000088.783, 156
Trd, 000088.883, 155
Trd, 000089.683, 159
Trd, 000089.867, 153
Trd, 000090.150, 153
Trd, 000091.983, 156
Trd, 000092.033, 153
Trd, 000093.283, 154
Trd, 000093.450, 155
Trd, 000093.983, 156
Trd, 000094.383, 156
Trd, 000094.800, 152
Trd, 000094.883, 157
Trd, 000095.150, 160
Trd, 000096.967, 158
Trd, 000097.200, 159
Trd, 000097.367, 160
Trd, 000097.550, 157
Trd, 000098.783, 156
Trd, 000100.150, 157
Trd, 000100.433, 158
Trd, 000101.817, 157
Trd, 000101.900, 156
Trd, 000102.517, 158
Trd, 000102.700, 158
Trd, 000103.450, 159
Trd, 000103.617, 161
Trd, 000103.917, 157
Trd, 000103.967, 161
Trd, 000103.983, 154
Trd, 000104.133, 163
Trd, 000104.900, 155
Trd, 000106.083, 162
Trd, 000106.767, 161
Trd, 000107.117, 160
Trd, 000108.167, 160
Trd, 000108.833, 160
Trd, 000109.183, 169
Trd, 000109.817, 174
Trd, 000109.983, 163
Trd, 000110.533, 162
Trd, 000110.583, 148
Trd, 000110.883, 153
Trd, 000111.033, 155
Trd, 000111.317, 155
Trd, 000113.067, 157
Trd, 000113.633, 153
Trd, 000114.900, 152
Trd, 000115.000, 155
Trd, 000115.217, 152
Trd, 000115.333, 156
Trd, 000115.500, 156
Trd, 000115.817, 138
Trd, 000116.833, 151
Trd, 000117.183, 150
Trd, 000117.583, 157
Trd, 000117.600, 159
Trd, 000119.150, 159
Trd, 000119.300, 160
Trd, 000119.550, 159
Trd, 000120.467, 160
Trd, 000120.833, 159
Trd, 000120.917, 160
Trd, 000121.200, 163
Trd, 000121.317, 164
Trd, 000121.600, 167
Trd, 000122.067, 173
Trd, 000122.650, 177
Trd, 000122.717, 184
Trd, 000123.050, 191
Trd, 000123.083, 191
Trd, 000123.200, 203
Trd, 000124.183, 224
Trd, 000124.283, 267
Trd, 000124.417, 320.0
Trd, 000124.617, 314
Trd, 000125.533, 324
Trd, 000126.050, 330
Trd, 000126.350, 329
Trd, 000127.617, 336.0
Trd, 000128.350, 330
Trd, 000129.517, 337.0
Trd, 000129.533, 341.0
Trd, 000129.883, 342
Trd, 000130.633, 342
Trd, 000130.833, 346
Trd, 000131.450, 350.0
Trd, 000132.117, 341.0
Trd, 000132.617, 351.0
Trd, 000133.183, 354
Trd, 000133.450, 340.0
Trd, 000133.500, 358
Trd, 000134.017, 342
Trd, 000135.467, 344
Trd, 000135.533, 350
Trd, 000136.350, 345
Trd, 000136.683, 346
Trd, 000137.050, 344.0
Trd, 000138.200, 342
Trd, 000138.400, 341
Trd, 000139.283, 340
Trd, 000140.550, 340
Trd, 000140.733, 342
Trd, 000140.900, 342
Trd, 000140.967, 341
Trd, 000141.083, 347
Trd, 000141.550, 342
Trd, 000141.633, 348.0
Trd, 000141.650, 340
Trd, 000142.500, 344
Trd, 000142.517, 341
Trd, 000143.817, 348
Trd, 000145.767, 345.0
Trd, 000146.033, 346
Trd, 000146.050, 347
Trd, 000146.567, 348.0
Trd, 000147.000, 344
Trd, 000147.867, 346
Trd, 000148.333, 344.0
Trd, 000148.983, 348
Trd, 000149.067, 345
Trd, 000149.717, 347
Trd, 000151.533, 346
Trd, 000151.667, 347.0
Trd, 000151.883, 346
Trd, 000152.283, 348.0
Trd, 000152.533, 348
Trd, 000152.650, 344.0
Trd, 000153.067, 346
Trd, 000153.150, 347
Trd, 000153.667, 346
Trd, 000153.800, 338.0
Trd, 000154.400, 344.0
Trd, 000157.717, 340.0
Trd, 000158.350, 340
Trd, 000158.733, 341.0
Trd, 000158.750, 346
Trd, 000158.817, 348.0
Trd, 000159.950, 338.0
Trd, 000161.583, 344.0
Trd, 000162.133, 343
Trd, 000162.217, 347
Trd, 000163.583, 346
Trd, 000163.667, 345
Trd, 000165.083, 346
Trd, 000165.850, 350.0
Trd, 000165.900, 345
Trd, 000166.383, 345
Trd, 000167.317, 345.0
Trd, 000168.500, 350
Trd, 000169.250, 350.0
Trd, 000169.367, 348.0
Trd, 000169.767, 350
Trd, 000170.000, 351.0
Trd, 000170.233, 352
Trd, 000170.417, 350
Trd, 000170.950, 351
Trd, 000171.367, 351
Trd, 000171.500, 350
Trd, 000171.700, 350
Trd, 000173.267, 351
Trd, 000173.417, 350
Trd, 000173.817, 352
Trd, 000174.317, 351
Trd, 000174.333, 358
Trd, 000175.083, 351
Trd, 000175.300, 350
Trd, 000176.250, 348
Trd, 000177.133, 347
Trd, 000177.700, 352
Trd, 000177.717, 345
Trd, 000178.383, 343
Trd, 000178.833, 353
Trd, 000178.850, 356
Trd, 000179.033, 351
Trd, 000179.150, 356
Trd, 000179.517, 355
Trd, 000179.600, 355
Trd, 000181.550, 350
Trd, 000181.617, 348
Trd, 000181.750, 351
Trd, 000182.233, 344.0
Trd, 000182.650, 334.0
Trd, 000183.083, 305
Trd, 000184.250, 238
Trd, 000184.483, 218
Trd, 000184.700, 214
Trd, 000184.967, 208
Trd, 000185.050, 206
Trd, 000185.600, 227
Trd, 000186.683, 197
Trd, 000187.050, 193
Trd, 000187.100, 188
Trd, 000187.833, 193
Trd, 000188.133, 169
Trd, 000188.433, 168
Trd, 000188.650, 163
Trd, 000189.367, 170
Trd, 000190.667, 164
Trd, 000190.733, 164
Trd, 000191.467, 164
Trd, 000192.117, 160
Trd, 000192.400, 165
Trd, 000192.650, 158
Trd, 000192.950, 157
Trd, 000193.017, 156
Trd, 000193.350, 165
Trd, 000194.933, 161
Trd, 000195.583, 164
Trd, 000195.633, 167
Trd, 000196.117, 163
Trd, 000196.667, 167
Trd, 000197.517, 166
Trd, 000198.450, 166
Trd, 000199.283, 168
Trd, 000199.500, 168
Trd, 000199.633, 168
Trd, 000200.033, 171
Trd, 000200.067, 167
Trd, 000200.333, 169
Trd, 000201.117, 164
Trd, 000201.550, 170
Trd, 000202.850, 169
Trd, 000203.000, 169
Trd, 000203.233, 168
Trd, 000203.867, 170
Trd, 000204.117, 164
Trd, 000204.750, 171
Trd, 000205.017, 171
Trd, 000205.733, 170
Trd, 000206.417, 170
Trd, 000206.800, 169
Trd, 000207.367, 169
Trd, 000207.467, 170
Trd, 000207.483, 172
Trd, 000208.833, 180
Trd, 000209.367, 191
Trd, 000210.633, 175
Trd, 000211.400, 176
Trd, 000211.650, 179
Trd, 000211.950, 178
Trd, 000212.450, 178
Trd, 000212.950, 178
Trd, 000213.583, 177
Trd, 000214.083, 178
Trd, 000215.033, 174
Trd, 000215.350, 173
Trd, 000216.167, 165
Trd, 000216.183, 165
Trd, 000216.800, 166
Trd, 000216.867, 171
Trd, 000217.083, 163
Trd, 000217.217, 158
Trd, 000217.250, 172
Trd, 000217.967, 172
Trd, 000219.083, 169
Trd, 000219.883, 169
Trd, 000220.200, 169
Trd, 000221.100, 166
Trd, 000221.167, 170
Trd, 000221.367, 165
Trd, 000221.383, 170
Trd, 000221.433, 159
Trd, 000222.650, 169
Trd, 000223.383, 173
Trd, 000223.500, 165
Trd, 000224.500, 166
Trd, 000226.300, 169
Trd, 000227.217, 167
Trd, 000227.233, 168
Trd, 000227.567, 170
Trd, 000228.050, 168
Trd, 000228.250, 170
Trd, 000229.450, 172
Trd, 000229.467, 171
Trd, 000229.633, 169
Trd, 000229.817, 173
Trd, 000230.150, 170
Trd, 000230.433, 169
Trd, 000230.867, 168
Trd, 000232.350, 167
Trd, 000233.217, 170
Trd, 000233.650, 167
Trd, 000234.467, 169
Trd, 000234.600, 171
Trd, 000235.300, 170
Trd, 000235.400, 169
Trd, 000235.583, 174
Trd, 000236.033, 168
Trd, 000237.000, 173
Trd, 000237.183, 171
Trd, 000237.317, 172
Trd, 000237.333, 173
Trd, 000237.733, 173
Trd, 000237.933, 167
Trd, 000238.733, 173
Trd, 000239.250, 175
Trd, 000240.217, 171
Trd, 000240.417, 173
Trd, 000240.917, 171
Trd, 000241.017, 172
Trd, 000241.067, 170
Trd, 000241.300, 171
Trd, 000241.467, 170
Trd, 000242.150, 165
Trd, 000242.350, 168
Trd, 000242.767, 168
Trd, 000242.900, 164
Trd, 000243.867, 167
Trd, 000244.000, 161
Trd, 000244.933, 161
Trd, 000244.950, 166
Trd, 000245.533, 164
Trd, 000245.767, 164
Trd, 000245.900, 166
Trd, 000245.950, 175
Trd, 000246.483, 167
Trd, 000247.800, 171
Trd, 000247.900, 172
Trd, 000248.417, 173
Trd, 000248.483, 174
Trd, 000248.717, 176
Trd, 000248.900, 175
Trd, 000249.200, 175
Trd, 000249.933, 179
Trd, 000250.100, 179
Trd, 000250.450, 178
Trd, 000251.083, 179
Trd, 000251.183, 177
Trd, 000251.700, 178
Trd, 000251.717, 181
Trd, 000252.183, 183
Trd, 000252.600, 184
Trd, 000253.150, 182
Trd, 000253.483, 181
Trd, 000254.483, 179
Trd, 000254.533, 178
Trd, 000254.583, 177
Trd, 000255.050, 177
Trd, 000256.150, 176
Trd, 000256.850, 177
Trd, 000257.033, 176
Trd, 000257.633, 169
Trd, 000258.117, 169
Trd, 000259.333, 177
Trd, 000259.500, 174
Trd, 000259.600, 177
Trd, 000260.017, 176
Trd, 000260.700, 175
Trd, 000260.867, 177
Trd, 000261.433, 174
Trd, 000261.600, 175
Trd, 000261.683, 179
Trd, 000262.067, 174
Trd, 000263.133, 176
Trd, 000263.683, 176
Trd, 000263.833, 177
Trd, 000263.883, 174
Trd, 000264.283, 178
Trd, 000264.667, 172
Trd, 000265.383, 175
Trd, 000265.433, 173
Trd, 000266.000, 173
Trd, 000266.267, 173
Trd, 000266.283, 175
Trd, 000267.133, 169
Trd, 000267.250, 164
Trd, 000268.050, 171
Trd, 000268.750, 174
Trd, 000269.400, 171
Trd, 000269.517, 172
Trd, 000269.817, 174
Trd, 000270.133, 178
Trd, 000270.700, 185
Trd, 000270.800, 181
Trd, 000271.533, 190
Trd, 000271.983, 186
Trd, 000272.283, 186
Trd, 000272.583, 185
Trd, 000272.617, 186
Trd, 000272.983, 185
Trd, 000274.217, 178
Trd, 000274.550, 182
Trd, 000275.117, 180
Trd, 000275.433, 183
Trd, 000276.167, 169
Trd, 000277.233, 169
Trd, 000277.500, 172
Trd, 000277.517, 179
Trd, 000277.750, 175
Trd, 000277.850, 175
Trd, 000278.050, 176
Trd, 000278.317, 170
Trd, 000279.017, 179
Trd, 000279.667, 187
Trd, 000279.700, 176
Trd, 000280.383, 176
Trd, 000280.650, 185
Trd, 000281.417, 190
Trd, 000281.817, 189
Trd, 000282.467, 190
Trd, 000283.867, 189
Trd, 000283.967, 188
Trd, 000284.117, 187
Trd, 000284.350, 187
Trd, 000284.567, 186
Trd, 000284.967, 188
Trd, 000286.000, 188
Trd, 000286.017, 189
Trd, 000286.050, 185
Trd, 000286.133, 190
Trd, 000286.333, 187
Trd, 000286.400, 193
Trd, 000286.883, 187
Trd, 000287.500, 180
Trd, 000287.950, 178
Trd, 000288.117, 180
Trd, 000288.350, 178
Trd, 000288.900, 166
Trd, 000289.067, 173
Trd, 000289.383, 166
Trd, 000289.683, 166
Trd, 000290.017, 167
Trd, 000290.767, 163
Trd, 000291.067, 165
Trd, 000291.617, 165
Trd, 000291.733, 166
Trd, 000291.817, 180
Trd, 000292.067, 187
Trd, 000292.467, 188
Trd, 000292.800, 178
Trd, 000293.050, 177
Trd, 000293.517, 187
Trd, 000293.583, 186
Trd, 000294.417, 180
Trd, 000294.533, 189
Trd, 000295.233, 174
Trd, 000295.417, 173
Trd, 000296.300, 185
Trd, 000296.367, 166
Trd, 000296.667, 188
Trd, 000297.267, 190
Trd, 000297.317, 175
Trd, 000297.333, 195
Trd, 000297.683, 170
Trd, 000298.600, 182
Trd, 000298.800, 195
