Trd, 000002.817, 168
Trd, 000003.050, 159
Trd, 000003.767, 147
Trd, 000005.533, 145
Trd, 000005.550, 145
Trd, 000005.583, 155
Trd, 000006.267, 140
Trd, 000006.333, 138
Trd, 000007.100, 139
Trd, 000008.333, 166
Trd, 000009.667, 145
Trd, 000010.500, 148
Trd, 000010.700, 144
Trd, 000010.800, 149
Trd, 000010.817, 144
Trd, 000011.133, 148
Trd, 000011.200, 145
Trd, 000012.217, 147
Trd, 000012.733, 146
Trd, 000012.950, 155
Trd, 000014.200, 152
Trd, 000014.650, 151
Trd, 000014.917, 149
Trd, 000015.167, 148
Trd, 000016.433, 156
Trd, 000017.283, 163
Trd, 000017.817, 156
Trd, 000018.267, 159
Trd, 000018.533, 158
Trd, 000018.700, 158
Trd, 000018.833, 159
Trd, 000019.583, 167
Trd, 000020.533, 165
Trd, 000021.567, 161
Trd, 000021.600, 159
Trd, 000021.983, 161
Trd, 000022.050, 158
Trd, 000022.333, 157
Trd, 000022.617, 162
Trd, 000022.750, 157
Trd, 000024.600, 159
Trd, 000025.100, 158
Trd, 000025.267, 157
Trd, 000026.300, 156
Trd, 000026.517, 158
Trd, 000026.533, 159
Trd, 000027.450, 155
Trd, 000029.533, 154
Trd, 000029.550, 156
Trd, 000029.667, 157
Trd, 000029.717, 151
Trd, 000029.900, 156
Trd, 000030.733, 155
Trd, 000031.317, 156
Trd, 000032.383, 156
Trd, 000032.550, 165
Trd, 000033.200, 153
Trd, 000035.283, 156
Trd, 000035.350, 158
Trd, 000035.400, 158
Trd, 000035.900, 159
Trd, 000036.100, 159
Trd, 000036.517, 158
Trd, 000036.733, 162
Trd, 000037.300, 160
Trd, 000038.433, 160
Trd, 000039.950, 161
Trd, 000040.033, 159
Trd, 000040.183, 159
Trd, 000040.683, 160
Trd, 000041.567, 159
Trd, 000041.933, 152
Trd, 000042.350, 141
Trd, 000042.650, 149
Trd, 000042.767, 150
Trd, 000043.000, 149
Trd, 000043.067, 142
Trd, 000043.400, 143
Trd, 000043.617, 159
Trd, 000046.017, 155
Trd, 000047.533, 156
Trd, 000048.150, 156
Trd, 000048.317, 146
Trd, 000048.767, 157
Trd, 000050.217, 158
Trd, 000050.833, 156
Trd, 000051.100, 156
Trd, 000051.300, 158
Trd, 000051.467, 153
Trd, 000051.817, 159
Trd, 000052.533, 145
Trd, 000053.217, 159
Trd, 000053.833, 158
Trd, 000055.817, 154
Trd, 000056.767, 156
Trd, 000057.250, 157
Trd, 000058.250, 158
Trd, 000058.583, 156
Trd, 000059.517, 160
Trd, 000059.783, 161
Trd, 000060.350, 161
Trd, 000060.467, 160
Trd, 000060.717, 163
Trd, 000061.800, 162
Trd, 000062.233, 168
Trd, 000063.150, 163
Trd, 000063.433, 162
Trd, 000063.650, 164
Trd, 000064.683, 163
Trd, 000064.700, 161
Trd, 000065.617, 160
Trd, 000066.717, 160
Trd, 000067.133, 157
Trd, 000067.233, 155
Trd, 000067.317, 162
Trd, 000068.167, 158
Trd, 000070.550, 161
Trd, 000071.033, 161
Trd, 000071.600, 160
Trd, 000071.700, 162
Trd, 000073.300, 159
Trd, 000073.500, 157
Trd, 000074.133, 157
Trd, 000074.333, 158
Trd, 000074.817, 162
Trd, 000075.917, 158
Trd, 000076.083, 160
Trd, 000076.383, 160
Trd, 000077.217, 159
Trd, 000077.717, 158
Trd, 000078.783, 153
Trd, 000079.383, 157
Trd, 000079.517, 156
Trd, 000079.733, 156
Trd, 000080.150, 157
Trd, 000082.483, 158
Trd, 000082.500, 157
Trd, 000082.767, 158
Trd, 000083.217, 156
Trd, 000084.150, 157
Trd, 000085.100, 157
Trd, 000085.850, 158
Trd, 000086.533, 161
Trd, 000087.767, 162
Trd, 000087.833, 163
Trd, 000087.983, 160
Trd, 000088.317, 160
Trd, 000089.667, 163
Trd, 000090.200, 160
Trd, 000090.233, 157
Trd, 000091.167, 164
Trd, 000091.917, 161
Trd, 000093.083, 159
Trd, 000093.600, 162
Trd, 000093.850, 162
Trd, 000093.900, 161
Trd, 000094.150, 160
Trd, 000094.267, 165
Trd, 000096.217, 163
Trd, 000096.867, 163
Trd, 000097.467, 162
Trd, 000097.650, 162
Trd, 000098.517, 161
Trd, 000098.967, 164
Trd, 000099.317, 162
Trd, 000100.183, 165
Trd, 000101.133, 162
Trd, 000102.033, 166
Trd, 000102.833, 164
Trd, 000104.267, 164
Trd, 000104.317, 163
Trd, 000104.500, 164
Trd, 000104.717, 163
Trd, 000105.867, 164
Trd, 000105.933, 165
Trd, 000107.533, 165
Trd, 000107.650, 162
Trd, 000109.017, 164
Trd, 000109.717, 165
Trd, 000110.267, 166
Trd, 000111.117, 164
Trd, 000111.417, 164
Trd, 000111.667, 163
Trd, 000111.867, 159
Trd, 000112.533, 165
Trd, 000113.100, 165
Trd, 000113.133, 164
Trd, 000113.967, 166
Trd, 000114.300, 164
Trd, 000115.300, 165
Trd, 000116.150, 166
Trd, 000116.650, 164
Trd, 000116.750, 162
Trd, 000117.283, 160
Trd, 000119.133, 166
Trd, 000119.633, 164
Trd, 000120.400, 165
Trd, 000120.933, 165
Trd, 000121.117, 166
Trd, 000121.400, 166
Trd, 000121.967, 174
Trd, 000122.033, 177
Trd, 000123.200, 184
Trd, 000123.933, 191
Trd, 000124.050, 219
Trd, 000124.183, 293
Trd, 000124.467, 303.0
Trd, 000124.733, 319
Trd, 000125.433, 318
Trd, 000126.050, 327.0
Trd, 000126.717, 336
Trd, 000127.350, 337.0
Trd, 000128.067, 340.0
Trd, 000128.267, 337.0
Trd, 000128.500, 355.0
Trd, 000129.200, 338
Trd, 000130.383, 348
Trd, 000131.700, 346
Trd, 000131.783, 341
Trd, 000131.967, 348
Trd, 000132.583, 347
Trd, 000133.083, 342
Trd, 000133.283, 350
Trd, 000134.000, 346
Trd, 000134.183, 344
Trd, 000134.683, 350
Trd, 000135.383, 347
Trd, 000136.250, 351
Trd, 000136.283, 349
Trd, 000137.117, 346
Trd, 000137.550, 343
Trd, 000137.917, 341
Trd, 000138.650, 339
Trd, 000140.250, 338
Trd, 000140.767, 346
Trd, 000141.450, 343.0
Trd, 000141.617, 344
Trd, 000142.233, 343
Trd, 000142.617, 345
Trd, 000143.500, 343
Trd, 000143.650, 346
Trd, 000144.717, 351
Trd, 000145.933, 353
Trd, 000146.667, 351.0
Trd, 000146.867, 355.0
Trd, 000148.767, 353
Trd, 000149.117, 357
Trd, 000150.350, 355
Trd, 000150.667, 354
Trd, 000150.817, 354
Trd, 000151.550, 358
Trd, 000152.267, 352
Trd, 000153.333, 362
Trd, 000153.550, 351
Trd, 000154.050, 351
Trd, 000155.317, 359
Trd, 000156.350, 359
Trd, 000157.900, 350
Trd, 000158.017, 354
Trd, 000158.267, 349
Trd, 000159.500, 350
Trd, 000160.333, 347
Trd, 000161.583, 351
Trd, 000162.567, 349
Trd, 000163.450, 351
Trd, 000163.467, 356
Trd, 000163.633, 349
Trd, 000166.167, 349.0
Trd, 000166.183, 348.0
Trd, 000166.750, 352
Trd, 000167.100, 354
Trd, 000168.083, 347
Trd, 000169.500, 351
Trd, 000169.550, 350
Trd, 000169.700, 354
Trd, 000170.033, 350
Trd, 000170.450, 349
Trd, 000170.550, 355.0
Trd, 000171.383, 348.0
Trd, 000171.583, 357
Trd, 000172.250, 350
Trd, 000173.767, 350
Trd, 000174.100, 347
Trd, 000174.400, 353
Trd, 000175.483, 350
Trd, 000175.600, 340
Trd, 000176.767, 343
Trd, 000177.517, 349
Trd, 000177.917, 343
Trd, 000178.483, 347
Trd, 000179.200, 346
Trd, 000179.250, 347
Trd, 000179.650, 352
Trd, 000180.550, 348
Trd, 000181.233, 349
Trd, 000181.867, 349.0
Trd, 000182.100, 348.0
Trd, 000182.233, 352
Trd, 000183.417, 347
Trd, 000183.567, 347
Trd, 000183.667, 313.0
Trd, 000184.067, 310.0
Trd, 000184.300, 303.0
Trd, 000184.567, 242
Trd, 000185.533, 204
Trd, 000185.883, 193
Trd, 000186.050, 188
Trd, 000186.350, 186
Trd, 000187.200, 184
Trd, 000187.333, 181
Trd, 000187.500, 183
Trd, 000189.867, 177
Trd, 000189.883, 178
Trd, 000190.000, 176
Trd, 000190.883, 182
Trd, 000191.550, 177
Trd, 000191.667, 182
Trd, 000192.183, 183
Trd, 000192.783, 172
Trd, 000194.150, 178
Trd, 000194.467, 176
Trd, 000195.333, 176
Trd, 000195.467, 175
Trd, 000195.867, 175
Trd, 000196.933, 165
Trd, 000197.600, 163
Trd, 000199.000, 168
Trd, 000199.583, 169
Trd, 000199.700, 169
Trd, 000199.733, 171
Trd, 000200.367, 168
Trd, 000201.600, 172
Trd, 000202.100, 172
Trd, 000202.133, 175
Trd, 000202.633, 175
Trd, 000203.067, 175
Trd, 000203.217, 173
Trd, 000203.467, 187
Trd, 000205.067, 173
Trd, 000205.133, 173
Trd, 000205.350, 175
Trd, 000206.433, 175
Trd, 000206.683, 174
Trd, 000207.183, 178
Trd, 000208.100, 174
Trd, 000209.000, 182
Trd, 000209.717, 175
Trd, 000210.000, 181
Trd, 000211.733, 176
Trd, 000211.950, 183
Trd, 000213.150, 176
Trd, 000214.717, 175
Trd, 000215.433, 177
Trd, 000216.233, 176
Trd, 000217.633, 176
Trd, 000217.717, 177
Trd, 000218.183, 175
Trd, 000218.733, 177
Trd, 000218.767, 178
Trd, 000218.917, 183
Trd, 000220.533, 179
Trd, 000221.333, 176
Trd, 000221.967, 179
Trd, 000223.900, 180
Trd, 000223.917, 178
Trd, 000224.050, 180
Trd, 000224.283, 179
Trd, 000224.900, 178
Trd, 000226.133, 176
Trd, 000226.600, 177
Trd, 000226.817, 179
Trd, 000227.483, 179
Trd, 000227.833, 178
Trd, 000228.683, 183
Trd, 000228.750, 185
Trd, 000229.850, 176
Trd, 000230.700, 176
Trd, 000231.017, 175
Trd, 000231.683, 172
Trd, 000232.133, 176
Trd, 000232.933, 178
Trd, 000234.400, 179
Trd, 000235.117, 177
Trd, 000235.900, 177
Trd, 000236.050, 176
Trd, 000237.533, 176
Trd, 000237.967, 177
Trd, 000238.367, 178
Trd, 000238.667, 177
Trd, 000238.750, 178
Trd, 000238.967, 174
Trd, 000239.017, 167
Trd, 000239.850, 165
Trd, 000240.167, 176
Trd, 000241.000, 172
Trd, 000242.333, 171
Trd, 000242.967, 172
Trd, 000243.383, 174
Trd, 000243.783, 174
Trd, 000243.817, 173
Trd, 000244.017, 175
Trd, 000244.167, 174
Trd, 000244.217, 176
Trd, 000244.500, 173
Trd, 000244.550, 175
Trd, 000244.583, 177
Trd, 000245.017, 172
Trd, 000246.733, 176
Trd, 000247.283, 179
Trd, 000247.617, 187
Trd, 000248.700, 179
Trd, 000249.033, 177
Trd, 000249.250, 176
Trd, 000250.067, 176
Trd, 000250.183, 179
Trd, 000250.250, 176
Trd, 000250.917, 176
Trd, 000251.100, 178
Trd, 000251.217, 178
Trd, 000251.383, 179
Trd, 000251.583, 177
Trd, 000251.700, 173
Trd, 000252.567, 181
Trd, 000253.383, 178
Trd, 000253.800, 177
Trd, 000253.817, 176
Trd, 000254.383, 178
Trd, 000254.933, 178
Trd, 000255.483, 179
Trd, 000256.800, 183
Trd, 000257.400, 178
Trd, 000257.550, 177
Trd, 000258.050, 183
Trd, 000258.567, 182
Trd, 000258.833, 185
Trd, 000258.967, 183
Trd, 000259.233, 187
Trd, 000259.833, 185
Trd, 000259.933, 186
Trd, 000260.667, 187
Trd, 000261.217, 184
Trd, 000261.467, 183
Trd, 000261.967, 186
Trd, 000262.233, 183
Trd, 000262.300, 182
Trd, 000263.133, 186
Trd, 000263.267, 169
Trd, 000263.800, 183
Trd, 000264.317, 172
Trd, 000265.567, 180
Trd, 000265.933, 179
Trd, 000265.950, 180
Trd, 000266.117, 177
Trd, 000266.250, 174
Trd, 000266.300, 168
Trd, 000266.850, 163
Trd, 000267.367, 164
Trd, 000268.300, 181
Trd, 000268.517, 164
Trd, 000269.083, 164
Trd, 000270.083, 166
Trd, 000270.133, 169
Trd, 000271.033, 171
Trd, 000271.167, 173
Trd, 000271.633, 172
Trd, 000271.900, 174
Trd, 000271.983, 175
Trd, 000272.133, 174
Trd, 000273.533, 172
Trd, 000273.683, 171
Trd, 000274.267, 171
Trd, 000274.450, 179
Trd, 000276.367, 175
Trd, 000276.800, 175
Trd, 000277.067, 176
Trd, 000277.467, 173
Trd, 000277.533, 176
Trd, 000277.750, 175
Trd, 000278.383, 176
Trd, 000278.450, 176
Trd, 000278.667, 175
Trd, 000279.067, 176
Trd, 000279.333, 172
Trd, 000279.517, 182
Trd, 000279.883, 182
Trd, 000281.783, 181
Trd, 000281.967, 182
Trd, 000282.317, 189
Trd, 000282.750, 187
Trd, 000282.883, 181
Trd, 000283.750, 182
Trd, 000284.183, 184
Trd, 000284.700, 184
Trd, 000284.800, 186
Trd, 000285.733, 186
Trd, 000286.083, 184
Trd, 000286.567, 187
Trd, 000286.767, 183
Trd, 000286.883, 186
Trd, 000287.883, 187
Trd, 000288.500, 185
Trd, 000289.217, 184
Trd, 000289.350, 183
Trd, 000289.950, 186
Trd, 000289.983, 188
Trd, 000290.533, 185
Trd, 000290.850, 185
Trd, 000291.183, 188
Trd, 000291.700, 194
Trd, 000292.183, 177
Trd, 000292.200, 172
Trd, 000292.417, 165
Trd, 000292.900, 166
Trd, 000293.033, 191
Trd, 000293.667, 183
Trd, 000295.167, 183
Trd, 000295.550, 183
Trd, 000295.650, 183
Trd, 000296.217, 183
Trd, 000296.650, 183
Trd, 000296.767, 181
Trd, 000297.667, 183
Trd, 000297.850, 181
Trd, 000297.867, 178
Trd, 000298.250, 184
