Trd, 000002.617, 142
Trd, 000003.100, 142
Trd, 000003.883, 129
Trd, 000004.283, 129
Trd, 000004.867, 142
Trd, 000005.133, 129
Trd, 000005.817, 141
Trd, 000006.233, 142
Trd, 000006.850, 132
Trd, 000007.150, 133
Trd, 000007.583, 132
Trd, 000007.600, 131
Trd, 000008.017, 131
Trd, 000008.833, 133
Trd, 000008.983, 134
Trd, 000009.517, 135
Trd, 000009.750, 135
Trd, 000009.867, 145
Trd, 000010.533, 135
Trd, 000011.717, 136
Trd, 000011.867, 135
Trd, 000012.033, 133
Trd, 000013.583, 136
Trd, 000014.650, 133
Trd, 000014.900, 135
Trd, 000015.300, 135
Trd, 000016.183, 134
Trd, 000016.550, 142
Trd, 000016.683, 136
Trd, 000017.067, 138
Trd, 000017.300, 146
Trd, 000018.717, 138
Trd, 000020.383, 142
Trd, 000021.483, 142
Trd, 000021.650, 143
Trd, 000022.500, 145
Trd, 000023.133, 137
Trd, 000023.150, 136
Trd, 000024.100, 137
Trd, 000025.850, 142
Trd, 000026.700, 140
Trd, 000026.950, 142
Trd, 000027.300, 140
Trd, 000027.683, 141
Trd, 000028.183, 142
Trd, 000028.567, 140
Trd, 000028.700, 144
Trd, 000030.250, 142
Trd, 000030.450, 141
Trd, 000031.850, 142
Trd, 000032.150, 141
Trd, 000032.333, 141
Trd, 000032.583, 140
Trd, 000033.183, 139
Trd, 000033.200, 140
Trd, 000033.317, 139
Trd, 000033.550, 140
Trd, 000035.483, 144
Trd, 000038.033, 143
Trd, 000038.467, 145
Trd, 000038.700, 145
Trd, 000039.617, 145
Trd, 000039.683, 152
Trd, 000040.167, 151
Trd, 000040.433, 148
Trd, 000040.900, 152
Trd, 000041.250, 150
Trd, 000041.550, 149
Trd, 000041.833, 139
Trd, 000042.483, 138
Trd, 000042.850, 144
Trd, 000043.600, 139
Trd, 000044.600, 138
Trd, 000044.983, 144
Trd, 000045.767, 141
Trd, 000047.000, 143
Trd, 000047.300, 143
Trd, 000047.683, 145
Trd, 000047.900, 149
Trd, 000049.750, 145
Trd, 000050.167, 146
Trd, 000050.883, 149
Trd, 000051.250, 147
Trd, 000051.417, 149
Trd, 000051.683, 146
Trd, 000052.083, 147
Trd, 000053.800, 148
Trd, 000054.700, 148
Trd, 000055.067, 148
Trd, 000055.100, 149
Trd, 000055.150, 147
Trd, 000055.500, 145
Trd, 000055.783, 147
Trd, 000056.450, 141
Trd, 000059.200, 144
Trd, 000059.417, 143
Trd, 000060.017, 145
Trd, 000060.317, 144
Trd, 000060.400, 143
Trd, 000061.383, 146
Trd, 000061.467, 144
Trd, 000061.633, 145
Trd, 000062.200, 143
Trd, 000062.917, 144
Trd, 000063.883, 144
Trd, 000064.333, 145
Trd, 000065.517, 146
Trd, 000065.967, 146
Trd, 000066.650, 146
Trd, 000067.083, 147
Trd, 000067.400, 147
Trd, 000067.817, 149
Trd, 000067.833, 151
Trd, 000069.667, 148
Trd, 000069.800, 149
Trd, 000070.917, 149
Trd, 000071.133, 150
Trd, 000071.567, 148
Trd, 000071.617, 148
Trd, 000074.017, 149
Trd, 000074.067, 150
Trd, 000074.133, 149
Trd, 000074.567, 149
Trd, 000074.800, 149
Trd, 000076.283, 149
Trd, 000076.433, 149
Trd, 000076.733, 146
Trd, 000077.267, 151
Trd, 000077.433, 145
Trd, 000077.967, 149
Trd, 000078.583, 148
Trd, 000078.600, 152
Trd, 000080.100, 152
Trd, 000080.633, 150
Trd, 000081.517, 152
Trd, 000082.633, 148
Trd, 000082.650, 147
Trd, 000084.450, 148
Trd, 000084.733, 149
Trd, 000084.867, 150
Trd, 000085.417, 149
Trd, 000087.067, 148
Trd, 000088.083, 150
Trd, 000088.367, 149
Trd, 000089.100, 149
Trd, 000089.283, 150
Trd, 000089.967, 148
Trd, 000090.950, 149
Trd, 000092.050, 149
Trd, 000092.267, 149
Trd, 000092.867, 151
Trd, 000092.950, 148
Trd, 000094.567, 152
Trd, 000094.783, 152
Trd, 000095.583, 152
Trd, 000095.767, 153
Trd, 000096.033, 157
Trd, 000096.667, 150
Trd, 000097.050, 150
Trd, 000097.750, 152
Trd, 000097.833, 148
Trd, 000099.650, 150
Trd, 000099.800, 151
Trd, 000100.633, 151
Trd, 000101.150, 152
Trd, 000101.883, 154
Trd, 000102.233, 150
Trd, 000102.483, 154
Trd, 000104.067, 152
Trd, 000105.483, 151
Trd, 000105.633, 151
Trd, 000105.783, 152
Trd, 000106.150, 151
Trd, 000106.217, 149
Trd, 000106.267, 154
Trd, 000106.850, 145
Trd, 000108.967, 147
Trd, 000109.500, 152
Trd, 000110.433, 150
Trd, 000111.117, 148
Trd, 000111.700, 147
Trd, 000111.833, 149
Trd, 000111.850, 151
Trd, 000113.017, 149
Trd, 000114.400, 147
Trd, 000115.167, 147
Trd, 000115.817, 148
Trd, 000116.033, 147
Trd, 000117.383, 146
Trd, 000117.567, 149
Trd, 000117.783, 146
Trd, 000117.883, 146
Trd, 000118.217, 148
Trd, 000119.567, 147
Trd, 000119.750, 148
Trd, 000120.200, 150
Trd, 000121.150, 151
Trd, 000122.533, 152
Trd, 000122.633, 152
Trd, 000122.650, 153
Trd, 000122.933, 156
Trd, 000122.983, 160
Trd, 000123.633, 184
Trd, 000123.800, 194
Trd, 000123.983, 215
Trd, 000124.817, 310
Trd, 000124.983, 320.0
Trd, 000125.417, 324.0
Trd, 000126.933, 324
Trd, 000128.550, 336
Trd, 000129.550, 340
Trd, 000129.567, 337
Trd, 000130.533, 340
Trd, 000130.650, 339
Trd, 000131.083, 339
Trd, 000131.167, 338
Trd, 000131.700, 340
Trd, 000132.133, 341
Trd, 000132.767, 335
Trd, 000133.267, 337
Trd, 000134.950, 335
Trd, 000135.517, 337
Trd, 000135.833, 341
Trd, 000135.867, 335.0
Trd, 000139.133, 337
Trd, 000139.550, 337.0
Trd, 000139.783, 336.0
Trd, 000140.350, 335
Trd, 000140.433, 334.0
Trd, 000140.700, 338
Trd, 000140.733, 339
Trd, 000140.750, 344.0
Trd, 000141.483, 324.0
Trd, 000142.833, 329
Trd, 000143.350, 334
Trd, 000145.867, 334.0
Trd, 000146.033, 336
Trd, 000146.883, 337.0
Trd, 000147.017, 337
Trd, 000147.750, 336
Trd, 000148.583, 339
Trd, 000148.683, 337
Trd, 000149.333, 340
Trd, 000150.233, 337.0
Trd, 000151.567, 339
Trd, 000151.650, 336
Trd, 000151.833, 341
Trd, 000152.233, 334.0
Trd, 000153.417, 334
Trd, 000153.450, 329
Trd, 000155.600, 334
Trd, 000156.133, 330
Trd, 000156.433, 331
Trd, 000156.500, 336
Trd, 000157.417, 331
Trd, 000158.133, 332
Trd, 000159.183, 335
Trd, 000159.583, 334
Trd, 000159.833, 339
Trd, 000159.867, 334
Trd, 000160.633, 335
Trd, 000161.583, 337
Trd, 000162.817, 336
Trd, 000163.300, 335
Trd, 000163.967, 335
Trd, 000163.983, 331
Trd, 000165.183, 335
Trd, 000165.467, 342
Trd, 000166.650, 334
Trd, 000166.700, 329
Trd, 000166.850, 331
Trd, 000167.400, 339
Trd, 000167.500, 321.0
Trd, 000168.567, 337
Trd, 000168.833, 339
Trd, 000172.150, 337
Trd, 000172.200, 338
Trd, 000172.833, 336
Trd, 000172.933, 335
Trd, 000173.517, 344
Trd, 000173.717, 336
Trd, 000175.133, 336
Trd, 000175.433, 337
Trd, 000177.117, 340
Trd, 000177.150, 338
Trd, 000177.417, 337
Trd, 000179.583, 335
Trd, 000180.167, 336
Trd, 000181.100, 335.0
Trd, 000181.717, 337
Trd, 000182.700, 335
Trd, 000183.433, 334.0
Trd, 000183.600, 305
Trd, 000183.800, 277
Trd, 000184.500, 238
Trd, 000184.617, 207
Trd, 000184.900, 204
Trd, 000185.200, 190
Trd, 000185.633, 173
Trd, 000185.750, 165
Trd, 000185.917, 167
Trd, 000186.567, 155
Trd, 000186.800, 160
Trd, 000188.367, 189
Trd, 000188.917, 160
Trd, 000189.267, 176
Trd, 000191.000, 167
Trd, 000191.483, 167
Trd, 000191.567, 166
Trd, 000191.633, 168
Trd, 000191.750, 163
Trd, 000191.900, 163
Trd, 000192.050, 147
Trd, 000193.333, 160
Trd, 000193.533, 156
Trd, 000194.233, 155
Trd, 000195.000, 157
Trd, 000196.800, 157
Trd, 000197.800, 158
Trd, 000198.000, 157
Trd, 000198.750, 159
Trd, 000198.950, 160
Trd, 000199.800, 161
Trd, 000201.583, 160
Trd, 000202.583, 159
Trd, 000203.050, 163
Trd, 000203.083, 164
Trd, 000203.867, 160
Trd, 000204.150, 157
Trd, 000204.250, 156
Trd, 000205.183, 162
Trd, 000206.600, 158
Trd, 000206.983, 162
Trd, 000207.683, 161
Trd, 000208.117, 160
Trd, 000208.283, 164
Trd, 000209.833, 163
Trd, 000210.700, 162
Trd, 000210.767, 163
Trd, 000211.233, 163
Trd, 000211.400, 155
Trd, 000211.483, 158
Trd, 000212.700, 164
Trd, 000213.000, 156
Trd, 000213.583, 156
Trd, 000213.833, 142
Trd, 000214.600, 158
Trd, 000214.733, 160
Trd, 000215.033, 149
Trd, 000215.767, 156
Trd, 000216.217, 157
Trd, 000217.650, 158
Trd, 000219.083, 159
Trd, 000219.367, 162
Trd, 000219.883, 159
Trd, 000219.967, 157
Trd, 000220.100, 164
Trd, 000220.783, 163
Trd, 000221.000, 162
Trd, 000221.200, 161
Trd, 000221.467, 161
Trd, 000221.717, 160
Trd, 000223.433, 161
Trd, 000223.583, 162
Trd, 000223.600, 163
Trd, 000223.750, 166
Trd, 000224.467, 161
Trd, 000226.133, 163
Trd, 000226.267, 164
Trd, 000227.117, 164
Trd, 000227.517, 164
Trd, 000227.933, 163
Trd, 000228.650, 163
Trd, 000229.000, 165
Trd, 000230.100, 165
Trd, 000230.450, 163
Trd, 000231.583, 164
Trd, 000231.717, 165
Trd, 000233.100, 166
Trd, 000233.167, 165
Trd, 000233.667, 166
Trd, 000233.867, 162
Trd, 000234.250, 161
Trd, 000234.367, 166
Trd, 000234.450, 159
Trd, 000236.300, 159
Trd, 000237.767, 162
Trd, 000238.017, 160
Trd, 000238.050, 159
Trd, 000238.117, 165
Trd, 000239.167, 165
Trd, 000240.017, 160
Trd, 000240.283, 162
Trd, 000240.383, 163
Trd, 000240.633, 162
Trd, 000240.817, 162
Trd, 000241.067, 160
Trd, 000241.617, 163
Trd, 000241.983, 163
Trd, 000242.400, 165
Trd, 000244.167, 170
Trd, 000244.517, 170
Trd, 000244.800, 170
Trd, 000244.983, 170
Trd, 000245.000, 169
Trd, 000245.100, 167
Trd, 000245.583, 166
Trd, 000245.683, 168
Trd, 000245.717, 169
Trd, 000246.633, 171
Trd, 000247.600, 175
Trd, 000247.933, 166
Trd, 000249.050, 165
Trd, 000249.517, 171
Trd, 000249.617, 170
Trd, 000249.817, 171
Trd, 000250.067, 168
Trd, 000250.300, 166
Trd, 000250.850, 165
Trd, 000251.450, 167
Trd, 000251.550, 173
Trd, 000252.150, 173
Trd, 000252.433, 173
Trd, 000252.783, 173
Trd, 000252.867, 174
Trd, 000252.950, 175
Trd, 000253.367, 175
Trd, 000254.400, 172
Trd, 000254.683, 172
Trd, 000256.100, 172
Trd, 000256.150, 173
Trd, 000256.800, 174
Trd, 000256.950, 175
Trd, 000257.183, 174
Trd, 000257.250, 176
Trd, 000258.000, 172
Trd, 000258.817, 169
Trd, 000259.033, 170
Trd, 000259.450, 173
Trd, 000259.817, 171
Trd, 000259.900, 169
Trd, 000260.267, 169
Trd, 000260.300, 172
Trd, 000260.367, 168
Trd, 000261.017, 168
Trd, 000262.433, 167
Trd, 000262.733, 162
Trd, 000263.783, 168
Trd, 000264.417, 167
Trd, 000264.683, 169
Trd, 000264.750, 170
Trd, 000265.217, 174
Trd, 000265.417, 177
Trd, 000265.583, 182
Trd, 000266.083, 182
Trd, 000266.100, 178
Trd, 000266.833, 189
Trd, 000267.017, 191
Trd, 000267.133, 190
Trd, 000267.400, 185
Trd, 000268.300, 189
Trd, 000269.450, 192
Trd, 000269.533, 191
Trd, 000270.150, 195
Trd, 000270.350, 190
Trd, 000270.933, 190
Trd, 000271.450, 190
Trd, 000271.983, 187
Trd, 000272.200, 187
Trd, 000272.233, 184
Trd, 000272.517, 183
Trd, 000272.983, 182
Trd, 000273.533, 179
Trd, 000274.083, 174
Trd, 000274.733, 175
Trd, 000274.850, 175
Trd, 000275.500, 167
Trd, 000275.667, 173
Trd, 000276.567, 170
Trd, 000277.067, 170
Trd, 000277.300, 169
Trd, 000277.367, 171
Trd, 000277.650, 165
Trd, 000277.850, 168
Trd, 000277.883, 169
Trd, 000278.300, 174
Trd, 000278.350, 179
Trd, 000279.117, 173
Trd, 000279.167, 179
Trd, 000279.800, 179
Trd, 000280.500, 185
Trd, 000280.650, 166
Trd, 000281.633, 183
Trd, 000281.750, 181
Trd, 000281.950, 173
Trd, 000283.117, 173
Trd, 000284.183, 174
Trd, 000284.600, 171
Trd, 000284.867, 174
Trd, 000285.183, 173
Trd, 000285.583, 163
Trd, 000285.683, 172
Trd, 000285.767, 172
Trd, 000285.967, 173
Trd, 000286.600, 176
Trd, 000287.067, 179
Trd, 000287.283, 176
Trd, 000288.333, 186
Trd, 000288.600, 180
Trd, 000288.633, 179
Trd, 000288.950, 179
Trd, 000289.000, 180
Trd, 000289.450, 179
Trd, 000289.683, 179
Trd, 000290.150, 179
Trd, 000290.367, 178
Trd, 000290.617, 191
Trd, 000292.533, 179
Trd, 000292.667, 180
Trd, 000293.000, 182
Trd, 000293.450, 182
Trd, 000294.367, 186
Trd, 000294.467, 191
Trd, 000294.983, 194
Trd, 000295.500, 193
Trd, 000295.833, 184
Trd, 000295.933, 193
Trd, 000296.200, 193
Trd, 000296.383, 196
Trd, 000297.117, 209
Trd, 000297.150, 192
Trd, 000298.283, 194
Trd, 000298.467, 198
Trd, 000299.167, 202
Trd, 000299.683, 201
Trd, 000299.917, 188
