Trd, 000001.767, 127
Trd, 000004.183, 156
Trd, 000004.617, 155
Trd, 000004.667, 164
Trd, 000005.233, 153
Trd, 000005.417, 152
Trd, 000005.567, 150
Trd, 000006.683, 144
Trd, 000007.067, 145
Trd, 000007.100, 146
Trd, 000007.167, 148
Trd, 000007.383, 144
Trd, 000009.250, 147
Trd, 000009.817, 143
Trd, 000010.067, 145
Trd, 000010.383, 147
Trd, 000010.983, 144
Trd, 000011.183, 149
Trd, 000011.817, 147
Trd, 000012.333, 147
Trd, 000012.567, 149
Trd, 000013.267, 149
Trd, 000014.683, 149
Trd, 000015.650, 153
Trd, 000016.700, 150
Trd, 000016.933, 151
Trd, 000017.300, 149
Trd, 000017.367, 152
Trd, 000017.567, 153
Trd, 000018.633, 155
Trd, 000019.467, 155
Trd, 000019.700, 154
Trd, 000021.367, 157
Trd, 000021.517, 157
Trd, 000023.467, 153
Trd, 000024.167, 149
Trd, 000024.317, 155
Trd, 000025.200, 149
Trd, 000025.433, 151
Trd, 000025.600, 150
Trd, 000025.983, 148
Trd, 000027.200, 152
Trd, 000027.917, 149
Trd, 000028.083, 143
Trd, 000029.050, 144
Trd, 000030.167, 142
Trd, 000030.617, 145
Trd, 000031.050, 145
Trd, 000031.317, 146
Trd, 000031.817, 146
Trd, 000031.967, 168
Trd, 000032.617, 145
Trd, 000032.717, 151
Trd, 000033.283, 151
Trd, 000034.717, 167
Trd, 000036.117, 156
Trd, 000036.633, 158
Trd, 000036.883, 160
Trd, 000037.300, 159
Trd, 000037.367, 158
Trd, 000038.783, 166
Trd, 000039.133, 175
Trd, 000039.667, 161
Trd, 000040.183, 161
Trd, 000040.233, 161
Trd, 000040.267, 159
Trd, 000040.400, 159
Trd, 000040.717, 160
Trd, 000040.867, 161
Trd, 000041.500, 159
Trd, 000042.050, 151
Trd, 000042.150, 160
Trd, 000044.317, 158
Trd, 000044.700, 159
Trd, 000045.133, 159
Trd, 000045.350, 160
Trd, 000045.800, 158
Trd, 000045.883, 151
Trd, 000046.600, 169
Trd, 000046.950, 172
Trd, 000046.967, 176
Trd, 000047.583, 155
Trd, 000049.567, 168
Trd, 000050.083, 167
Trd, 000050.550, 167
Trd, 000050.583, 161
Trd, 000050.817, 170
Trd, 000051.583, 160
Trd, 000051.983, 160
Trd, 000052.333, 151
Trd, 000054.200, 156
Trd, 000054.233, 154
Trd, 000054.900, 152
Trd, 000055.183, 153
Trd, 000055.350, 146
Trd, 000055.983, 142
Trd, 000056.167, 151
Trd, 000056.900, 147
Trd, 000057.917, 150
Trd, 000058.300, 149
Trd, 000059.050, 152
Trd, 000059.750, 154
Trd, 000060.367, 152
Trd, 000061.417, 154
Trd, 000061.650, 157
Trd, 000061.767, 173
Trd, 000062.400, 162
Trd, 000063.483, 173
Trd, 000064.850, 168
Trd, 000065.483, 165
Trd, 000065.633, 168
Trd, 000065.817, 163
Trd, 000066.083, 161
Trd, 000066.350, 164
Trd, 000067.567, 156
Trd, 000067.850, 155
Trd, 000068.000, 154
Trd, 000068.700, 162
Trd, 000069.033, 162
Trd, 000070.417, 161
Trd, 000071.050, 160
Trd, 000071.300, 158
Trd, 000071.833, 157
Trd, 000072.233, 153
Trd, 000072.867, 148
Trd, 000072.983, 145
Trd, 000073.233, 157
Trd, 000073.333, 160
Trd, 000073.817, 168
Trd, 000074.967, 163
Trd, 000075.550, 163
Trd, 000075.850, 164
Trd, 000076.317, 165
Trd, 000076.417, 162
Trd, 000077.750, 157
Trd, 000079.133, 142
Trd, 000080.183, 144
Trd, 000080.367, 148
Trd, 000081.133, 149
Trd, 000081.383, 180
Trd, 000082.567, 165
Trd, 000082.750, 166
Trd, 000083.133, 163
Trd, 000083.367, 165
Trd, 000084.067, 156
Trd, 000084.917, 156
Trd, 000085.083, 156
Trd, 000085.383, 156
Trd, 000085.867, 169
Trd, 000085.917, 168
Trd, 000086.100, 156
Trd, 000086.783, 170
Trd, 000088.350, 164
Trd, 000088.700, 163
Trd, 000089.583, 157
Trd, 000090.050, 155
Trd, 000090.650, 153
Trd, 000090.967, 174
Trd, 000092.367, 157
Trd, 000092.633, 152
Trd, 000092.833, 161
Trd, 000093.217, 153
Trd, 000093.817, 165
Trd, 000094.317, 164
Trd, 000094.617, 167
Trd, 000094.650, 151
Trd, 000095.667, 165
Trd, 000096.633, 166
Trd, 000097.017, 167
Trd, 000097.650, 167
Trd, 000098.983, 171
Trd, 000099.950, 169
Trd, 000100.450, 170
Trd, 000100.567, 168
Trd, 000101.300, 168
Trd, 000102.750, 169
Trd, 000103.000, 168
Trd, 000103.283, 167
Trd, 000105.167, 165
Trd, 000105.233, 167
Trd, 000105.600, 169
Trd, 000107.733, 166
Trd, 000107.883, 163
Trd, 000107.917, 166
Trd, 000108.617, 167
Trd, 000108.633, 163
Trd, 000109.833, 166
Trd, 000110.317, 164
Trd, 000110.417, 164
Trd, 000110.933, 172
Trd, 000111.867, 166
Trd, 000112.550, 172
Trd, 000113.017, 171
Trd, 000113.700, 172
Trd, 000114.417, 173
Trd, 000114.450, 171
Trd, 000114.900, 170
Trd, 000116.017, 159
Trd, 000116.717, 166
Trd, 000117.217, 138
Trd, 000117.700, 150
Trd, 000118.717, 157
Trd, 000118.767, 156
Trd, 000120.183, 155
Trd, 000121.533, 158
Trd, 000122.050, 159
Trd, 000122.133, 160
Trd, 000122.967, 184
Trd, 000123.000, 187
Trd, 000123.350, 191
Trd, 000123.667, 198
Trd, 000123.867, 205
Trd, 000124.467, 286
Trd, 000124.750, 337.0
Trd, 000125.250, 330
Trd, 000126.517, 344.0
Trd, 000127.450, 344.0
Trd, 000128.250, 346.0
Trd, 000128.533, 344.0
Trd, 000128.817, 345.0
Trd, 000128.850, 343.0
Trd, 000130.617, 344
Trd, 000131.533, 341.0
Trd, 000131.667, 341
Trd, 000131.817, 342
Trd, 000132.517, 341
Trd, 000132.800, 348.0
Trd, 000134.250, 346
Trd, 000135.050, 342
Trd, 000136.117, 343
Trd, 000136.817, 346
Trd, 000137.717, 342.0
Trd, 000138.367, 343
Trd, 000139.733, 347
Trd, 000139.867, 347
Trd, 000140.333, 348
Trd, 000140.467, 349
Trd, 000140.617, 348
Trd, 000140.967, 365
Trd, 000141.150, 345
Trd, 000141.983, 345
Trd, 000143.550, 345
Trd, 000143.983, 346.0
Trd, 000144.833, 348.0
Trd, 000145.400, 347
Trd, 000146.317, 348
Trd, 000146.583, 349
Trd, 000146.600, 346
Trd, 000146.617, 344
Trd, 000148.133, 342.0
Trd, 000150.150, 341.0
Trd, 000150.633, 343
Trd, 000150.833, 343
Trd, 000150.950, 344
Trd, 000152.600, 343
Trd, 000153.083, 343
Trd, 000153.667, 345
Trd, 000154.050, 346
Trd, 000154.550, 345
Trd, 000154.817, 344
Trd, 000155.033, 347.0
Trd, 000155.100, 341
Trd, 000156.450, 347.0
Trd, 000158.550, 347
Trd, 000159.200, 348.0
Trd, 000159.533, 344
Trd, 000159.833, 341.0
Trd, 000160.867, 340
Trd, 000161.650, 343
Trd, 000162.133, 344
Trd, 000162.833, 342
Trd, 000163.233, 343
Trd, 000165.000, 341
Trd, 000165.083, 341.0
Trd, 000165.350, 336
Trd, 000165.567, 335
Trd, 000166.783, 366
Trd, 000167.333, 343
Trd, 000167.783, 348.0
Trd, 000168.050, 341.0
Trd, 000168.283, 340
Trd, 000168.517, 334
Trd, 000170.650, 345
Trd, 000171.117, 346
Trd, 000171.717, 342
Trd, 000172.700, 345
Trd, 000172.900, 344
Trd, 000174.283, 344
Trd, 000174.600, 343
Trd, 000176.350, 346
Trd, 000177.067, 347.0
Trd, 000177.350, 348.0
Trd, 000179.017, 347
Trd, 000179.567, 348.0
Trd, 000179.617, 346
Trd, 000180.217, 365
Trd, 000180.567, 345
Trd, 000181.233, 344
Trd, 000181.283, 347
Trd, 000181.433, 342
Trd, 000182.133, 327.0
Trd, 000182.183, 323
Trd, 000182.550, 341.0
Trd, 000182.600, 320.0
Trd, 000182.917, 306.0
Trd, 000183.283, 275
Trd, 000183.683, 252
Trd, 000183.733, 316
Trd, 000183.883, 211
Trd, 000184.400, 197
Trd, 000184.933, 190
Trd, 000185.933, 196
Trd, 000187.050, 176
Trd, 000187.167, 173
Trd, 000187.183, 192
Trd, 000187.233, 197
Trd, 000187.817, 181
Trd, 000188.600, 185
Trd, 000189.267, 183
Trd, 000190.333, 182
Trd, 000191.333, 181
Trd, 000191.950, 179
Trd, 000192.867, 177
Trd, 000193.333, 178
Trd, 000194.000, 180
Trd, 000195.883, 178
Trd, 000195.900, 176
Trd, 000196.200, 179
Trd, 000196.450, 176
Trd, 000197.217, 174
Trd, 000197.583, 167
Trd, 000199.317, 175
Trd, 000199.733, 173
Trd, 000200.333, 174
Trd, 000200.633, 185
Trd, 000200.817, 173
Trd, 000201.933, 172
Trd, 000202.183, 170
Trd, 000202.650, 173
Trd, 000202.983, 172
Trd, 000203.333, 178
Trd, 000203.600, 172
Trd, 000203.733, 171
Trd, 000205.100, 175
Trd, 000206.600, 177
Trd, 000207.117, 186
Trd, 000208.250, 183
Trd, 000208.400, 178
Trd, 000209.150, 177
Trd, 000209.350, 179
Trd, 000211.717, 183
Trd, 000212.217, 180
Trd, 000212.400, 180
Trd, 000212.783, 184
Trd, 000212.850, 186
Trd, 000212.933, 180
Trd, 000213.283, 180
Trd, 000215.367, 181
Trd, 000216.200, 180
Trd, 000218.550, 180
Trd, 000218.967, 180
Trd, 000219.400, 178
Trd, 000220.100, 179
Trd, 000220.400, 178
Trd, 000220.583, 181
Trd, 000221.617, 169
Trd, 000223.117, 170
Trd, 000224.050, 167
Trd, 000224.067, 172
Trd, 000225.500, 170
Trd, 000225.533, 171
Trd, 000226.717, 169
Trd, 000227.033, 171
Trd, 000227.300, 170
Trd, 000227.517, 172
Trd, 000227.617, 170
Trd, 000228.183, 170
Trd, 000228.267, 170
Trd, 000229.300, 169
Trd, 000230.117, 170
Trd, 000231.217, 186
Trd, 000231.350, 170
Trd, 000231.483, 169
Trd, 000231.933, 169
Trd, 000232.250, 188
Trd, 000235.717, 168
Trd, 000236.050, 170
Trd, 000236.483, 171
Trd, 000236.567, 170
Trd, 000237.117, 170
Trd, 000237.617, 171
Trd, 000237.800, 170
Trd, 000237.983, 190
Trd, 000238.083, 169
Trd, 000238.483, 179
Trd, 000239.117, 167
Trd, 000239.617, 183
Trd, 000240.050, 182
Trd, 000240.100, 183
Trd, 000240.500, 181
Trd, 000241.183, 179
Trd, 000242.417, 173
Trd, 000242.483, 176
Trd, 000242.600, 174
Trd, 000243.500, 174
Trd, 000243.633, 172
Trd, 000245.267, 176
Trd, 000245.300, 178
Trd, 000245.467, 175
Trd, 000245.733, 166
Trd, 000246.533, 168
Trd, 000246.717, 168
Trd, 000247.150, 165
Trd, 000247.500, 170
Trd, 000247.850, 170
Trd, 000248.117, 169
Trd, 000248.617, 169
Trd, 000248.700, 172
Trd, 000249.083, 173
Trd, 000249.550, 190
Trd, 000250.017, 184
Trd, 000251.167, 181
Trd, 000251.217, 180
Trd, 000251.467, 169
Trd, 000251.983, 177
Trd, 000252.350, 173
Trd, 000253.617, 173
Trd, 000254.083, 173
Trd, 000255.533, 183
Trd, 000256.033, 182
Trd, 000256.500, 183
Trd, 000256.750, 186
Trd, 000257.767, 186
Trd, 000258.150, 188
Trd, 000258.700, 187
Trd, 000258.817, 189
Trd, 000259.283, 190
Trd, 000260.117, 190
Trd, 000260.400, 192
Trd, 000261.733, 190
Trd, 000261.917, 188
Trd, 000262.517, 182
Trd, 000263.117, 181
Trd, 000263.233, 182
Trd, 000263.483, 172
Trd, 000263.933, 181
Trd, 000264.950, 176
Trd, 000265.100, 176
Trd, 000265.383, 177
Trd, 000266.167, 178
Trd, 000266.300, 177
Trd, 000266.417, 176
Trd, 000266.633, 175
Trd, 000266.767, 178
Trd, 000266.983, 177
Trd, 000267.550, 187
Trd, 000267.833, 184
Trd, 000268.600, 178
Trd, 000268.683, 177
Trd, 000268.700, 174
Trd, 000269.633, 183
Trd, 000269.900, 178
Trd, 000269.983, 182
Trd, 000270.133, 183
Trd, 000270.767, 180
Trd, 000272.583, 186
Trd, 000272.933, 181
Trd, 000273.150, 179
Trd, 000273.250, 178
Trd, 000273.783, 175
Trd, 000273.883, 176
Trd, 000274.333, 176
Trd, 000274.750, 174
Trd, 000274.867, 174
Trd, 000275.850, 171
Trd, 000275.900, 173
Trd, 000277.533, 174
Trd, 000278.067, 175
Trd, 000278.517, 183
Trd, 000278.883, 195
Trd, 000279.050, 198
Trd, 000280.033, 187
Trd, 000280.500, 180
Trd, 000280.617, 183
Trd, 000280.933, 190
Trd, 000281.167, 189
Trd, 000282.017, 190
Trd, 000282.283, 189
Trd, 000282.367, 187
Trd, 000282.617, 183
Trd, 000283.083, 173
Trd, 000284.000, 186
Trd, 000284.283, 190
Trd, 000285.850, 189
Trd, 000285.917, 192
Trd, 000286.200, 193
Trd, 000286.550, 190
Trd, 000286.817, 189
Trd, 000289.117, 191
Trd, 000289.300, 193
Trd, 000289.717, 192
Trd, 000289.883, 191
Trd, 000289.983, 184
Trd, 000290.767, 170
Trd, 000290.800, 184
Trd, 000290.867, 169
Trd, 000291.300, 177
Trd, 000292.067, 188
Trd, 000292.650, 180
Trd, 000293.250, 191
Trd, 000293.550, 193
Trd, 000293.767, 191
Trd, 000294.100, 194
Trd, 000294.900, 183
Trd, 000295.333, 184
Trd, 000295.383, 191
Trd, 000295.567, 180
Trd, 000296.733, 178
Trd, 000296.750, 174
Trd, 000297.333, 180
Trd, 000297.600, 179
Trd, 000297.933, 180
Trd, 000298.333, 170
Trd, 000298.550, 174
Trd, 000299.000, 170
Trd, 000299.217, 171
Trd, 000299.317, 174
