Trd, 000001.533, 175
Trd, 000001.567, 124
Trd, 000003.167, 172
Trd, 000003.583, 176
Trd, 000004.367, 144
Trd, 000004.383, 155
Trd, 000004.483, 143
Trd, 000005.183, 165
Trd, 000005.483, 158
Trd, 000006.467, 156
Trd, 000007.950, 149
Trd, 000008.783, 149
Trd, 000009.033, 150
Trd, 000009.433, 151
Trd, 000009.783, 152
Trd, 000009.800, 151
Trd, 000010.333, 152
Trd, 000011.100, 152
Trd, 000011.700, 149
Trd, 000011.900, 150
Trd, 000013.000, 138
Trd, 000013.683, 139
Trd, 000014.000, 144
Trd, 000015.033, 142
Trd, 000015.100, 140
Trd, 000015.317, 168
Trd, 000015.783, 141
Trd, 000016.000, 156
Trd, 000017.383, 163
Trd, 000017.717, 164
Trd, 000018.233, 166
Trd, 000018.883, 164
Trd, 000018.983, 163
Trd, 000019.050, 164
Trd, 000019.533, 162
Trd, 000020.233, 157
Trd, 000020.567, 163
Trd, 000022.167, 159
Trd, 000022.183, 162
Trd, 000022.617, 158
Trd, 000023.183, 150
Trd, 000023.333, 156
Trd, 000023.383, 163
Trd, 000023.733, 156
Trd, 000024.400, 143
Trd, 000025.150, 151
Trd, 000025.983, 148
Trd, 000026.900, 151
Trd, 000027.450, 151
Trd, 000027.650, 152
Trd, 000027.767, 153
Trd, 000027.867, 149
Trd, 000029.267, 153
Trd, 000029.783, 150
Trd, 000030.150, 139
Trd, 000030.483, 152
Trd, 000031.033, 149
Trd, 000031.433, 150
Trd, 000032.000, 150
Trd, 000032.933, 150
Trd, 000033.733, 151
Trd, 000033.817, 171
Trd, 000034.633, 159
Trd, 000035.050, 158
Trd, 000035.217, 154
Trd, 000035.567, 151
Trd, 000036.000, 152
Trd, 000037.183, 152
Trd, 000037.283, 151
Trd, 000037.433, 138
Trd, 000038.267, 148
Trd, 000038.517, 137
Trd, 000039.117, 130
Trd, 000039.533, 151
Trd, 000040.200, 151
Trd, 000040.500, 141
Trd, 000041.500, 150
Trd, 000041.550, 150
Trd, 000042.250, 146
Trd, 000042.900, 152
Trd, 000042.967, 155
Trd, 000044.183, 159
Trd, 000044.233, 159
Trd, 000044.583, 171
Trd, 000044.950, 158
Trd, 000045.650, 157
Trd, 000045.917, 156
Trd, 000046.183, 140
Trd, 000046.200, 138
Trd, 000046.417, 169
Trd, 000046.583, 170
Trd, 000048.150, 181
Trd, 000049.117, 180
Trd, 000051.083, 171
Trd, 000052.117, 171
Trd, 000052.217, 172
Trd, 000052.733, 171
Trd, 000052.750, 174
Trd, 000054.200, 167
Trd, 000054.350, 160
Trd, 000055.683, 153
Trd, 000055.750, 152
Trd, 000056.383, 144
Trd, 000056.500, 140
Trd, 000056.533, 151
Trd, 000057.767, 150
Trd, 000057.867, 151
Trd, 000058.367, 150
Trd, 000058.550, 154
Trd, 000060.817, 149
Trd, 000061.150, 151
Trd, 000061.333, 150
Trd, 000061.633, 150
Trd, 000062.033, 152
Trd, 000062.283, 152
Trd, 000062.367, 157
Trd, 000063.450, 172
Trd, 000065.283, 173
Trd, 000066.233, 174
Trd, 000066.283, 173
Trd, 000066.383, 168
Trd, 000066.850, 167
Trd, 000067.400, 169
Trd, 000067.867, 168
Trd, 000068.583, 170
Trd, 000069.500, 168
Trd, 000069.633, 161
Trd, 000070.567, 162
Trd, 000071.250, 155
Trd, 000071.500, 156
Trd, 000071.600, 154
Trd, 000071.850, 157
Trd, 000072.000, 155
Trd, 000072.117, 160
Trd, 000072.133, 153
Trd, 000074.217, 155
Trd, 000075.000, 156
Trd, 000075.683, 157
Trd, 000075.767, 158
Trd, 000076.333, 159
Trd, 000076.350, 156
Trd, 000077.000, 171
Trd, 000078.267, 172
Trd, 000078.317, 169
Trd, 000078.350, 175
Trd, 000079.317, 171
Trd, 000079.700, 172
Trd, 000080.883, 170
Trd, 000081.167, 170
Trd, 000081.500, 170
Trd, 000081.583, 171
Trd, 000082.067, 169
Trd, 000084.133, 172
Trd, 000085.017, 171
Trd, 000085.483, 170
Trd, 000085.833, 172
Trd, 000085.967, 175
Trd, 000086.567, 163
Trd, 000086.933, 158
Trd, 000087.050, 159
Trd, 000087.217, 163
Trd, 000087.633, 157
Trd, 000087.733, 156
Trd, 000088.167, 164
Trd, 000089.300, 149
Trd, 000090.117, 145
Trd, 000090.883, 146
Trd, 000090.950, 148
Trd, 000091.067, 145
Trd, 000091.417, 133
Trd, 000091.633, 153
Trd, 000092.833, 150
Trd, 000092.850, 151
Trd, 000093.383, 153
Trd, 000094.750, 151
Trd, 000094.967, 155
Trd, 000095.683, 154
Trd, 000095.900, 154
Trd, 000096.317, 155
Trd, 000096.783, 155
Trd, 000097.000, 156
Trd, 000098.117, 170
Trd, 000098.267, 172
Trd, 000098.300, 163
Trd, 000098.583, 162
Trd, 000099.383, 162
Trd, 000100.017, 163
Trd, 000100.533, 167
Trd, 000101.300, 176
Trd, 000102.267, 165
Trd, 000102.417, 163
Trd, 000104.550, 167
Trd, 000104.833, 169
Trd, 000104.850, 164
Trd, 000105.467, 165
Trd, 000105.767, 163
Trd, 000107.267, 166
Trd, 000107.767, 168
Trd, 000107.883, 169
Trd, 000108.033, 179
Trd, 000108.550, 166
Trd, 000108.850, 167
Trd, 000109.600, 176
Trd, 000109.867, 186
Trd, 000110.050, 168
Trd, 000111.067, 170
Trd, 000111.467, 167
Trd, 000111.900, 173
Trd, 000112.017, 166
Trd, 000113.367, 187
Trd, 000114.150, 175
Trd, 000114.683, 172
Trd, 000115.683, 175
Trd, 000116.167, 174
Trd, 000116.317, 174
Trd, 000116.517, 172
Trd, 000117.733, 177
Trd, 000117.983, 175
Trd, 000118.067, 176
Trd, 000118.817, 176
Trd, 000119.283, 175
Trd, 000119.350, 174
Trd, 000120.933, 167
Trd, 000121.017, 175
Trd, 000121.483, 175
Trd, 000121.533, 179
Trd, 000121.750, 180
Trd, 000121.767, 194
Trd, 000121.867, 203
Trd, 000122.150, 208
Trd, 000122.750, 163
Trd, 000123.600, 307
Trd, 000123.783, 313.0
Trd, 000124.450, 320.0
Trd, 000124.767, 324.0
Trd, 000124.800, 318
Trd, 000125.967, 328
Trd, 000126.283, 331
Trd, 000126.433, 324.0
Trd, 000127.567, 325
Trd, 000127.933, 340
Trd, 000128.083, 336
Trd, 000129.367, 337
Trd, 000129.817, 338
Trd, 000130.183, 340
Trd, 000132.083, 344.0
Trd, 000132.133, 341
Trd, 000132.567, 346
Trd, 000133.617, 348.0
Trd, 000134.183, 351.0
Trd, 000134.533, 358
Trd, 000135.350, 349
Trd, 000135.717, 349
Trd, 000136.067, 349
Trd, 000136.083, 356
Trd, 000137.217, 351.0
Trd, 000138.100, 352
Trd, 000138.833, 350
Trd, 000139.017, 350
Trd, 000139.650, 348.0
Trd, 000140.033, 349
Trd, 000140.300, 350
Trd, 000141.000, 350
Trd, 000141.133, 347
Trd, 000141.200, 334.0
Trd, 000142.400, 346
Trd, 000142.967, 345
Trd, 000143.533, 348.0
Trd, 000143.617, 346
Trd, 000144.150, 348
Trd, 000145.700, 354
Trd, 000146.133, 365.0
Trd, 000147.050, 360
Trd, 000147.200, 361
Trd, 000147.400, 355
Trd, 000147.450, 355
Trd, 000147.900, 360
Trd, 000149.150, 352.0
Trd, 000149.333, 354
Trd, 000149.450, 352.0
Trd, 000150.500, 352.0
Trd, 000150.550, 358
Trd, 000152.483, 351.0
Trd, 000153.567, 349.0
Trd, 000153.900, 351
Trd, 000154.583, 349
Trd, 000154.750, 350
Trd, 000155.100, 350.0
Trd, 000155.217, 348.0
Trd, 000155.533, 325
Trd, 000157.867, 348.0
Trd, 000157.933, 347
Trd, 000159.233, 348
Trd, 000159.950, 348
Trd, 000160.983, 347
Trd, 000161.600, 347
Trd, 000161.700, 346
Trd, 000162.467, 348
Trd, 000162.917, 348
Trd, 000163.250, 349
Trd, 000164.033, 348
Trd, 000164.600, 346
Trd, 000164.800, 349
Trd, 000166.050, 345
Trd, 000166.583, 350
Trd, 000167.033, 351.0
Trd, 000167.333, 368.0
Trd, 000167.500, 349
Trd, 000168.400, 380
Trd, 000168.483, 356
Trd, 000168.517, 351
Trd, 000169.217, 351
Trd, 000169.767, 380
Trd, 000169.967, 354
Trd, 000170.183, 354
Trd, 000170.983, 356
Trd, 000172.533, 356
Trd, 000172.833, 358
Trd, 000173.350, 359
Trd, 000173.950, 359
Trd, 000174.450, 360
Trd, 000174.867, 359
Trd, 000175.367, 359
Trd, 000176.367, 357
Trd, 000177.083, 355.0
Trd, 000177.650, 355
Trd, 000178.450, 350
Trd, 000179.800, 356
Trd, 000179.883, 356
Trd, 000180.183, 357
Trd, 000181.067, 353
Trd, 000181.267, 354
Trd, 000181.717, 354
Trd, 000182.100, 354
Trd, 000182.550, 353
Trd, 000183.050, 348.0
Trd, 000183.067, 344
Trd, 000183.867, 324.0
Trd, 000184.233, 281
Trd, 000184.600, 211
Trd, 000185.433, 212
Trd, 000185.583, 193
Trd, 000185.700, 181
Trd, 000186.033, 183
Trd, 000186.633, 180
Trd, 000186.950, 194
Trd, 000188.150, 194
Trd, 000189.133, 187
Trd, 000189.150, 187
Trd, 000189.617, 186
Trd, 000189.667, 181
Trd, 000190.017, 187
Trd, 000191.133, 186
Trd, 000191.200, 185
Trd, 000191.750, 174
Trd, 000192.300, 178
Trd, 000192.833, 168
Trd, 000192.900, 178
Trd, 000193.033, 178
Trd, 000193.867, 170
Trd, 000194.000, 167
Trd, 000195.217, 172
Trd, 000195.850, 177
Trd, 000195.933, 157
Trd, 000197.717, 169
Trd, 000198.150, 172
Trd, 000198.800, 170
Trd, 000199.050, 170
Trd, 000199.467, 168
Trd, 000199.617, 172
Trd, 000199.983, 173
Trd, 000200.133, 166
Trd, 000200.983, 166
Trd, 000201.100, 171
Trd, 000201.417, 172
Trd, 000202.100, 172
Trd, 000203.183, 172
Trd, 000203.700, 173
Trd, 000204.367, 174
Trd, 000204.967, 180
Trd, 000205.000, 178
Trd, 000205.600, 179
Trd, 000206.683, 178
Trd, 000206.700, 178
Trd, 000206.783, 179
Trd, 000208.367, 177
Trd, 000208.667, 176
Trd, 000208.917, 178
Trd, 000209.267, 175
Trd, 000209.983, 174
Trd, 000210.200, 174
Trd, 000210.850, 174
Trd, 000211.167, 175
Trd, 000211.883, 174
Trd, 000212.333, 174
Trd, 000212.717, 173
Trd, 000212.733, 189
Trd, 000212.783, 173
Trd, 000214.450, 181
Trd, 000215.150, 174
Trd, 000215.783, 173
Trd, 000215.883, 177
Trd, 000215.983, 172
Trd, 000216.483, 175
Trd, 000216.700, 176
Trd, 000216.983, 173
Trd, 000217.200, 188
Trd, 000219.667, 187
Trd, 000221.200, 179
Trd, 000221.350, 179
Trd, 000221.583, 179
Trd, 000221.833, 180
Trd, 000222.800, 184
Trd, 000223.383, 186
Trd, 000224.300, 184
Trd, 000224.317, 182
Trd, 000224.850, 181
Trd, 000226.100, 181
Trd, 000226.167, 182
Trd, 000226.417, 181
Trd, 000226.683, 180
Trd, 000227.467, 179
Trd, 000228.417, 180
Trd, 000229.267, 181
Trd, 000229.400, 180
Trd, 000229.800, 183
Trd, 000230.400, 179
Trd, 000230.667, 180
Trd, 000231.100, 177
Trd, 000231.417, 191
Trd, 000231.617, 172
Trd, 000232.567, 198
Trd, 000233.300, 187
Trd, 000234.567, 185
Trd, 000234.583, 183
Trd, 000234.933, 186
Trd, 000235.450, 183
Trd, 000236.267, 185
Trd, 000236.417, 184
Trd, 000236.650, 184
Trd, 000236.767, 184
Trd, 000237.100, 183
Trd, 000237.117, 186
Trd, 000238.517, 179
Trd, 000240.083, 180
Trd, 000240.183, 179
Trd, 000240.250, 178
Trd, 000240.683, 179
Trd, 000241.067, 178
Trd, 000241.167, 179
Trd, 000242.067, 173
Trd, 000242.200, 158
Trd, 000242.333, 176
Trd, 000242.833, 171
Trd, 000243.700, 162
Trd, 000244.800, 165
Trd, 000245.183, 160
Trd, 000245.483, 158
Trd, 000245.800, 164
Trd, 000246.100, 163
Trd, 000246.150, 165
Trd, 000246.733, 163
Trd, 000247.933, 167
Trd, 000248.150, 166
Trd, 000248.483, 167
Trd, 000248.633, 166
Trd, 000248.850, 169
Trd, 000249.200, 167
Trd, 000249.217, 166
Trd, 000249.650, 176
Trd, 000250.183, 190
Trd, 000250.733, 176
Trd, 000250.900, 174
Trd, 000252.417, 175
Trd, 000252.800, 175
Trd, 000252.917, 174
Trd, 000253.050, 176
Trd, 000253.150, 175
Trd, 000254.083, 176
Trd, 000254.650, 171
Trd, 000255.867, 184
Trd, 000256.050, 180
Trd, 000256.400, 180
Trd, 000256.483, 190
Trd, 000257.500, 179
Trd, 000257.800, 183
Trd, 000257.933, 184
Trd, 000258.033, 183
Trd, 000258.500, 178
Trd, 000258.833, 176
Trd, 000259.233, 175
Trd, 000259.267, 177
Trd, 000259.583, 176
Trd, 000259.883, 175
Trd, 000260.500, 174
Trd, 000260.550, 175
Trd, 000260.833, 176
Trd, 000261.067, 174
Trd, 000261.167, 177
Trd, 000262.467, 177
Trd, 000262.567, 184
Trd, 000263.283, 177
Trd, 000263.883, 178
Trd, 000263.917, 177
Trd, 000263.967, 179
Trd, 000264.483, 177
Trd, 000264.750, 154
Trd, 000264.917, 162
Trd, 000265.400, 173
Trd, 000265.433, 169
Trd, 000265.483, 176
Trd, 000267.283, 171
Trd, 000267.800, 170
Trd, 000268.950, 169
Trd, 000269.333, 172
Trd, 000269.650, 170
Trd, 000270.150, 171
Trd, 000270.367, 170
Trd, 000270.783, 172
Trd, 000270.833, 171
Trd, 000271.333, 168
Trd, 000271.450, 172
Trd, 000271.733, 168
Trd, 000272.033, 173
Trd, 000272.183, 175
Trd, 000273.167, 174
Trd, 000273.433, 178
Trd, 000273.567, 178
Trd, 000273.950, 173
Trd, 000274.283, 168
Trd, 000274.500, 165
Trd, 000275.217, 176
Trd, 000276.600, 175
Trd, 000276.883, 174
Trd, 000276.967, 171
Trd, 000277.217, 175
Trd, 000277.600, 176
Trd, 000277.617, 172
Trd, 000278.233, 176
Trd, 000278.417, 176
Trd, 000278.450, 172
Trd, 000279.117, 177
Trd, 000280.100, 178
Trd, 000280.667, 194
Trd, 000280.867, 187
Trd, 000280.983, 184
Trd, 000282.183, 185
Trd, 000282.200, 188
Trd, 000282.283, 184
Trd, 000283.233, 189
Trd, 000283.417, 184
Trd, 000283.950, 183
Trd, 000284.500, 182
Trd, 000284.650, 181
Trd, 000284.700, 187
Trd, 000285.600, 180
Trd, 000285.633, 181
Trd, 000285.750, 191
Trd, 000286.867, 185
Trd, 000287.500, 184
Trd, 000287.700, 184
Trd, 000287.967, 184
Trd, 000289.450, 183
Trd, 000289.533, 181
Trd, 000289.983, 181
Trd, 000290.333, 177
Trd, 000290.600, 180
Trd, 000291.050, 172
Trd, 000291.450, 181
Trd, 000291.950, 173
Trd, 000292.767, 178
Trd, 000293.400, 177
Trd, 000293.800, 178
Trd, 000294.600, 178
Trd, 000294.650, 179
Trd, 000294.833, 177
Trd, 000295.117, 174
Trd, 000295.250, 180
Trd, 000295.917, 180
Trd, 000296.050, 174
Trd, 000296.133, 174
Trd, 000296.283, 172
Trd, 000297.150, 180
Trd, 000297.517, 173
Trd, 000298.150, 178
Trd, 000298.167, 179
Trd, 000298.950, 172
Trd, 000299.317, 175
Trd, 000299.533, 174
Trd, 000299.650, 176
Trd, 000299.850, 171
Trd, 000299.900, 177
