Trd, 000002.050, 141
Trd, 000002.317, 168
Trd, 000002.417, 138
Trd, 000003.283, 142
Trd, 000003.583, 137
Trd, 000003.883, 161
Trd, 000004.317, 158
Trd, 000004.417, 162
Trd, 000004.750, 171
Trd, 000004.933, 152
Trd, 000005.033, 135
Trd, 000006.133, 144
Trd, 000006.333, 140
Trd, 000006.783, 144
Trd, 000007.017, 159
Trd, 000008.300, 142
Trd, 000008.350, 142
Trd, 000008.733, 157
Trd, 000010.117, 163
Trd, 000010.500, 148
Trd, 000010.683, 148
Trd, 000011.117, 156
Trd, 000011.400, 150
Trd, 000011.500, 148
Trd, 000012.050, 157
Trd, 000013.583, 157
Trd, 000013.667, 159
Trd, 000013.833, 156
Trd, 000014.150, 164
Trd, 000014.400, 157
Trd, 000014.450, 166
Trd, 000015.133, 156
Trd, 000015.667, 158
Trd, 000016.050, 156
Trd, 000016.283, 159
Trd, 000017.183, 156
Trd, 000017.350, 163
Trd, 000017.617, 157
Trd, 000017.950, 158
Trd, 000018.717, 159
Trd, 000020.333, 157
Trd, 000020.350, 156
Trd, 000020.683, 149
Trd, 000020.700, 160
Trd, 000022.750, 141
Trd, 000023.217, 143
Trd, 000023.250, 146
Trd, 000023.833, 156
Trd, 000024.050, 154
Trd, 000024.500, 152
Trd, 000024.667, 164
Trd, 000024.717, 150
Trd, 000024.900, 167
Trd, 000025.817, 150
Trd, 000026.000, 165
Trd, 000026.733, 162
Trd, 000026.817, 159
Trd, 000026.900, 169
Trd, 000027.317, 151
Trd, 000027.833, 159
Trd, 000028.033, 159
Trd, 000030.000, 163
Trd, 000030.233, 161
Trd, 000030.517, 150
Trd, 000030.650, 161
Trd, 000030.700, 164
Trd, 000031.150, 165
Trd, 000031.333, 162
Trd, 000033.533, 162
Trd, 000034.450, 162
Trd, 000034.717, 161
Trd, 000034.750, 159
Trd, 000034.967, 164
Trd, 000035.450, 161
Trd, 000035.667, 159
Trd, 000035.917, 140
Trd, 000036.450, 159
Trd, 000036.933, 145
Trd, 000037.017, 138
Trd, 000037.617, 155
Trd, 000038.017, 153
Trd, 000039.217, 161
Trd, 000039.333, 152
Trd, 000040.100, 160
Trd, 000041.633, 155
Trd, 000042.017, 155
Trd, 000042.067, 157
Trd, 000042.150, 155
Trd, 000042.217, 153
Trd, 000043.983, 157
Trd, 000044.100, 155
Trd, 000044.867, 155
Trd, 000044.950, 156
Trd, 000045.417, 158
Trd, 000045.600, 166
Trd, 000045.817, 169
Trd, 000046.017, 162
Trd, 000046.533, 158
Trd, 000046.600, 157
Trd, 000046.867, 152
Trd, 000047.400, 152
Trd, 000047.600, 151
Trd, 000049.300, 163
Trd, 000049.783, 162
Trd, 000050.483, 160
Trd, 000050.500, 159
Trd, 000050.783, 163
Trd, 000051.283, 163
Trd, 000051.567, 159
Trd, 000052.367, 158
Trd, 000052.717, 158
Trd, 000052.783, 158
Trd, 000053.133, 161
Trd, 000053.767, 158
Trd, 000054.100, 163
Trd, 000056.000, 161
Trd, 000056.150, 162
Trd, 000056.467, 163
Trd, 000056.950, 169
Trd, 000057.800, 168
Trd, 000057.983, 166
Trd, 000058.050, 161
Trd, 000058.917, 153
Trd, 000059.300, 170
Trd, 000059.983, 168
Trd, 000060.800, 166
Trd, 000061.367, 165
Trd, 000061.617, 165
Trd, 000061.650, 163
Trd, 000061.833, 168
Trd, 000061.867, 168
Trd, 000062.450, 143
Trd, 000064.017, 147
Trd, 000064.317, 154
Trd, 000064.817, 148
Trd, 000064.933, 146
Trd, 000064.950, 161
Trd, 000065.083, 164
Trd, 000066.017, 154
Trd, 000066.150, 155
Trd, 000066.883, 156
Trd, 000067.117, 158
Trd, 000067.783, 155
Trd, 000068.400, 158
Trd, 000068.800, 159
Trd, 000069.067, 159
Trd, 000069.350, 155
Trd, 000070.050, 156
Trd, 000070.933, 157
Trd, 000071.050, 155
Trd, 000071.217, 163
Trd, 000072.083, 165
Trd, 000072.783, 171
Trd, 000073.033, 172
Trd, 000073.217, 179
Trd, 000073.550, 169
Trd, 000074.433, 165
Trd, 000074.583, 166
Trd, 000075.783, 167
Trd, 000076.217, 156
Trd, 000077.033, 167
Trd, 000077.700, 165
Trd, 000077.817, 154
Trd, 000077.833, 145
Trd, 000079.367, 167
Trd, 000079.783, 136
Trd, 000080.433, 166
Trd, 000081.833, 164
Trd, 000082.017, 164
Trd, 000082.250, 155
Trd, 000082.817, 155
Trd, 000082.883, 155
Trd, 000082.983, 154
Trd, 000083.050, 148
Trd, 000084.267, 153
Trd, 000085.150, 155
Trd, 000085.600, 152
Trd, 000086.133, 155
Trd, 000086.350, 155
Trd, 000086.667, 156
Trd, 000086.850, 155
Trd, 000087.233, 167
Trd, 000087.783, 152
Trd, 000088.967, 155
Trd, 000089.267, 154
Trd, 000090.717, 156
Trd, 000090.833, 155
Trd, 000090.983, 169
Trd, 000091.417, 171
Trd, 000091.783, 166
Trd, 000091.817, 163
Trd, 000091.950, 172
Trd, 000092.100, 163
Trd, 000092.267, 160
Trd, 000092.667, 171
Trd, 000093.033, 146
Trd, 000093.417, 164
Trd, 000093.800, 135
Trd, 000094.083, 150
Trd, 000094.117, 143
Trd, 000094.367, 150
Trd, 000095.133, 151
Trd, 000095.683, 154
Trd, 000097.517, 155
Trd, 000097.583, 168
Trd, 000098.150, 162
Trd, 000098.517, 154
Trd, 000098.883, 160
Trd, 000099.000, 174
Trd, 000099.950, 161
Trd, 000101.000, 162
Trd, 000101.167, 162
Trd, 000101.267, 169
Trd, 000101.350, 170
Trd, 000101.933, 172
Trd, 000102.300, 161
Trd, 000102.933, 167
Trd, 000103.117, 163
Trd, 000103.900, 159
Trd, 000104.083, 157
Trd, 000104.167, 157
Trd, 000106.483, 160
Trd, 000106.750, 163
Trd, 000107.833, 164
Trd, 000108.483, 159
Trd, 000109.100, 158
Trd, 000109.767, 156
Trd, 000109.817, 164
Trd, 000110.050, 169
Trd, 000110.083, 173
Trd, 000110.900, 157
Trd, 000111.967, 160
Trd, 000112.733, 159
Trd, 000113.150, 161
Trd, 000113.583, 149
Trd, 000113.850, 153
Trd, 000114.783, 154
Trd, 000114.800, 151
Trd, 000115.183, 160
Trd, 000116.000, 173
Trd, 000116.233, 178
Trd, 000116.583, 152
Trd, 000118.033, 153
Trd, 000118.067, 155
Trd, 000118.183, 152
Trd, 000118.583, 152
Trd, 000119.083, 156
Trd, 000119.583, 156
Trd, 000119.783, 161
Trd, 000119.800, 170
Trd, 000120.667, 153
Trd, 000120.733, 176
Trd, 000121.550, 177
Trd, 000121.850, 180
Trd, 000122.067, 184
Trd, 000122.800, 194
Trd, 000123.200, 222
Trd, 000123.267, 223
Trd, 000123.950, 253
Trd, 000124.850, 220
Trd, 000124.900, 300.0
Trd, 000125.183, 311
Trd, 000125.350, 335
Trd, 000126.283, 339
Trd, 000126.700, 341.0
Trd, 000127.067, 341
Trd, 000127.117, 340
Trd, 000127.583, 344.0
Trd, 000128.400, 339
Trd, 000129.900, 363.0
Trd, 000129.933, 364
Trd, 000130.233, 362.0
Trd, 000130.300, 367.0
Trd, 000130.350, 355.0
Trd, 000130.567, 337.0
Trd, 000131.200, 356.0
Trd, 000132.200, 338
Trd, 000133.950, 354.0
Trd, 000134.483, 350
Trd, 000134.717, 351
Trd, 000135.067, 354.0
Trd, 000135.600, 352
Trd, 000136.767, 352
Trd, 000137.400, 352
Trd, 000137.533, 354
Trd, 000138.800, 352
Trd, 000139.633, 354
Trd, 000140.050, 353
Trd, 000140.400, 347
Trd, 000140.533, 355
Trd, 000140.567, 356
Trd, 000140.900, 347
Trd, 000141.000, 354
Trd, 000141.783, 345
Trd, 000141.883, 357.0
Trd, 000141.950, 358.0
Trd, 000142.050, 338.0
Trd, 000143.600, 366.0
Trd, 000144.200, 347
Trd, 000145.200, 344
Trd, 000145.600, 360
Trd, 000146.083, 360
Trd, 000146.333, 343
Trd, 000146.600, 359
Trd, 000146.700, 365.0
Trd, 000147.067, 317.0
Trd, 000147.483, 316
Trd, 000148.533, 337
Trd, 000148.750, 337.0
Trd, 000148.867, 333
Trd, 000150.517, 353.0
Trd, 000151.017, 337
Trd, 000152.217, 344.0
Trd, 000152.700, 339
Trd, 000153.083, 340
Trd, 000153.233, 343
Trd, 000153.783, 341.0
Trd, 000154.183, 339.0
Trd, 000155.683, 344
Trd, 000156.017, 341.0
Trd, 000156.033, 343
Trd, 000156.200, 345
Trd, 000157.050, 346
Trd, 000157.500, 343
Trd, 000157.783, 342
Trd, 000158.467, 344
Trd, 000159.550, 349
Trd, 000159.783, 350
Trd, 000160.217, 347
Trd, 000160.283, 360
Trd, 000161.183, 342
Trd, 000161.800, 358.0
Trd, 000161.983, 337.0
Trd, 000162.317, 339
Trd, 000162.367, 358
Trd, 000162.633, 338
Trd, 000163.200, 336
Trd, 000163.783, 335
Trd, 000164.500, 344.0
Trd, 000165.483, 340.0
Trd, 000165.567, 341.0
Trd, 000165.817, 339
Trd, 000166.333, 347
Trd, 000167.783, 344
Trd, 000167.817, 341.0
Trd, 000168.317, 343
Trd, 000169.067, 358.0
Trd, 000169.317, 340.0
Trd, 000169.983, 349
Trd, 000170.817, 354
Trd, 000171.033, 354
Trd, 000171.967, 349
Trd, 000172.383, 355
Trd, 000172.500, 358
Trd, 000172.933, 360
Trd, 000172.950, 350
Trd, 000173.133, 362
Trd, 000173.183, 350
Trd, 000173.683, 351
Trd, 000174.533, 349
Trd, 000174.917, 356
Trd, 000175.350, 350
Trd, 000175.733, 349
Trd, 000177.350, 350
Trd, 000178.300, 351
Trd, 000178.883, 348
Trd, 000179.000, 345
Trd, 000179.450, 337.0
Trd, 000179.583, 350
Trd, 000180.550, 353
Trd, 000180.967, 355
Trd, 000181.017, 362
Trd, 000182.050, 345
Trd, 000182.233, 345
Trd, 000182.750, 344
Trd, 000183.133, 342
Trd, 000183.517, 320
Trd, 000183.533, 313.0
Trd, 000183.817, 303
Trd, 000184.483, 207
Trd, 000185.100, 216
Trd, 000185.467, 211
Trd, 000186.183, 205
Trd, 000186.433, 190
Trd, 000187.300, 187
Trd, 000187.367, 184
Trd, 000187.783, 188
Trd, 000187.867, 190
Trd, 000188.183, 180
Trd, 000188.467, 190
Trd, 000188.950, 188
Trd, 000189.317, 186
Trd, 000190.483, 187
Trd, 000190.950, 184
Trd, 000190.967, 181
Trd, 000191.117, 164
Trd, 000191.617, 184
Trd, 000192.550, 184
Trd, 000192.817, 165
Trd, 000193.350, 182
Trd, 000193.683, 181
Trd, 000194.550, 181
Trd, 000194.750, 181
Trd, 000194.883, 182
Trd, 000195.167, 179
Trd, 000195.367, 179
Trd, 000195.433, 179
Trd, 000195.450, 174
Trd, 000196.083, 170
Trd, 000196.133, 183
Trd, 000196.367, 162
Trd, 000197.500, 173
Trd, 000197.600, 177
Trd, 000197.700, 178
Trd, 000198.517, 172
Trd, 000199.267, 187
Trd, 000199.483, 159
Trd, 000199.717, 178
Trd, 000199.883, 187
Trd, 000200.683, 182
Trd, 000201.400, 165
Trd, 000202.500, 169
Trd, 000202.550, 179
Trd, 000202.733, 167
Trd, 000204.467, 177
Trd, 000205.050, 177
Trd, 000205.133, 171
Trd, 000206.117, 178
Trd, 000206.150, 180
Trd, 000206.900, 176
Trd, 000207.383, 175
Trd, 000207.917, 176
Trd, 000208.117, 175
Trd, 000208.700, 180
Trd, 000208.767, 181
Trd, 000209.167, 181
Trd, 000209.533, 183
Trd, 000210.017, 171
Trd, 000210.050, 169
Trd, 000210.100, 167
Trd, 000210.700, 179
Trd, 000211.467, 186
Trd, 000213.050, 181
Trd, 000214.183, 178
Trd, 000214.300, 177
Trd, 000214.867, 183
Trd, 000215.067, 176
Trd, 000215.767, 178
Trd, 000215.917, 182
Trd, 000217.017, 180
Trd, 000217.417, 180
Trd, 000217.700, 180
Trd, 000218.383, 184
Trd, 000218.450, 184
Trd, 000219.133, 184
Trd, 000219.450, 181
Trd, 000220.667, 183
Trd, 000220.700, 182
Trd, 000221.483, 184
Trd, 000221.917, 184
Trd, 000222.333, 181
Trd, 000223.000, 182
Trd, 000224.400, 181
Trd, 000224.867, 182
Trd, 000225.483, 181
Trd, 000226.450, 181
Trd, 000226.583, 182
Trd, 000226.833, 179
Trd, 000227.000, 177
Trd, 000227.217, 178
Trd, 000227.483, 170
Trd, 000227.650, 180
Trd, 000227.850, 187
Trd, 000228.317, 170
Trd, 000228.817, 168
Trd, 000230.333, 163
Trd, 000230.583, 178
Trd, 000230.967, 166
Trd, 000231.233, 181
Trd, 000231.500, 175
Trd, 000231.950, 186
Trd, 000232.950, 179
Trd, 000233.000, 178
Trd, 000233.733, 182
Trd, 000234.317, 179
Trd, 000234.617, 183
Trd, 000235.233, 178
Trd, 000235.667, 185
Trd, 000236.483, 179
Trd, 000237.517, 180
Trd, 000237.683, 178
Trd, 000238.033, 178
Trd, 000238.833, 181
Trd, 000239.033, 186
Trd, 000239.200, 177
Trd, 000239.767, 184
Trd, 000240.400, 181
Trd, 000240.767, 180
Trd, 000241.367, 181
Trd, 000241.583, 180
Trd, 000241.633, 179
Trd, 000242.133, 186
Trd, 000242.350, 186
Trd, 000242.450, 179
Trd, 000242.483, 189
Trd, 000242.600, 178
Trd, 000243.167, 179
Trd, 000243.300, 182
Trd, 000244.100, 184
Trd, 000244.683, 185
Trd, 000245.383, 181
Trd, 000245.683, 183
Trd, 000245.917, 181
Trd, 000246.600, 182
Trd, 000246.733, 179
Trd, 000248.083, 177
Trd, 000248.367, 178
Trd, 000248.933, 178
Trd, 000249.267, 182
Trd, 000250.033, 180
Trd, 000250.600, 173
Trd, 000250.633, 177
Trd, 000250.950, 173
Trd, 000251.200, 172
Trd, 000251.567, 173
Trd, 000251.867, 176
Trd, 000252.400, 176
Trd, 000252.867, 175
Trd, 000254.083, 175
Trd, 000254.983, 176
Trd, 000255.017, 159
Trd, 000255.650, 176
Trd, 000255.833, 183
Trd, 000256.150, 174
Trd, 000257.050, 179
Trd, 000257.967, 180
Trd, 000258.017, 179
Trd, 000258.350, 181
Trd, 000258.433, 179
Trd, 000258.917, 178
Trd, 000259.050, 183
Trd, 000259.867, 184
Trd, 000260.833, 182
Trd, 000260.850, 178
Trd, 000260.950, 188
Trd, 000261.250, 179
Trd, 000262.283, 176
Trd, 000262.733, 183
Trd, 000263.333, 184
Trd, 000263.400, 184
Trd, 000263.617, 187
Trd, 000265.433, 184
Trd, 000265.617, 183
Trd, 000265.800, 183
Trd, 000265.883, 185
Trd, 000266.083, 182
Trd, 000266.300, 182
Trd, 000266.367, 181
Trd, 000267.550, 183
Trd, 000267.917, 184
Trd, 000268.300, 186
Trd, 000268.383, 188
Trd, 000268.817, 188
Trd, 000269.600, 183
Trd, 000270.367, 186
Trd, 000270.750, 182
Trd, 000270.917, 181
Trd, 000271.483, 180
Trd, 000271.817, 180
Trd, 000271.967, 174
Trd, 000272.217, 168
Trd, 000272.250, 163
Trd, 000273.450, 181
Trd, 000273.650, 181
Trd, 000275.017, 174
Trd, 000276.033, 173
Trd, 000276.050, 175
Trd, 000276.450, 174
Trd, 000276.567, 178
Trd, 000276.733, 176
Trd, 000276.900, 179
Trd, 000277.350, 174
Trd, 000277.367, 173
Trd, 000277.667, 179
Trd, 000277.717, 173
Trd, 000278.600, 179
Trd, 000279.450, 176
Trd, 000279.733, 193
Trd, 000279.833, 178
Trd, 000279.867, 193
Trd, 000280.217, 178
Trd, 000280.233, 177
Trd, 000280.967, 186
Trd, 000281.567, 185
Trd, 000282.500, 180
Trd, 000282.567, 169
Trd, 000283.483, 165
Trd, 000284.417, 170
Trd, 000284.583, 181
Trd, 000284.617, 182
Trd, 000285.550, 186
Trd, 000285.800, 170
Trd, 000286.083, 169
Trd, 000286.117, 170
Trd, 000286.367, 173
Trd, 000287.733, 181
Trd, 000288.267, 181
Trd, 000288.450, 181
Trd, 000288.500, 180
Trd, 000288.783, 185
Trd, 000288.917, 179
Trd, 000290.117, 177
Trd, 000291.017, 180
Trd, 000291.167, 180
Trd, 000291.500, 183
Trd, 000292.200, 191
Trd, 000292.283, 176
Trd, 000292.617, 186
Trd, 000292.850, 180
Trd, 000292.900, 193
Trd, 000293.933, 191
Trd, 000294.383, 194
Trd, 000294.700, 185
Trd, 000295.667, 187
Trd, 000295.900, 186
Trd, 000296.000, 191
Trd, 000296.300, 186
Trd, 000296.633, 185
Trd, 000296.933, 194
Trd, 000297.167, 184
Trd, 000298.017, 184
Trd, 000299.067, 189
Trd, 000299.083, 184
Trd, 000299.350, 189
Trd, 000299.533, 184
Trd, 000299.817, 176
