Trd, 000002.267, 148
Trd, 000002.850, 151
Trd, 000002.917, 144
Trd, 000003.383, 154
Trd, 000005.100, 145
Trd, 000005.533, 143
Trd, 000005.550, 145
Trd, 000006.367, 152
Trd, 000006.650, 153
Trd, 000006.983, 155
Trd, 000007.317, 168
Trd, 000007.483, 152
Trd, 000007.800, 158
Trd, 000008.100, 165
Trd, 000008.733, 154
Trd, 000009.250, 166
Trd, 000009.667, 151
Trd, 000010.167, 161
Trd, 000010.517, 157
Trd, 000010.800, 161
Trd, 000011.067, 160
Trd, 000011.450, 157
Trd, 000011.650, 149
Trd, 000011.750, 145
Trd, 000011.967, 168
Trd, 000012.533, 153
Trd, 000014.383, 160
Trd, 000015.167, 155
Trd, 000015.750, 154
Trd, 000016.500, 156
Trd, 000016.683, 153
Trd, 000016.717, 154
Trd, 000017.367, 154
Trd, 000017.933, 155
Trd, 000018.267, 157
Trd, 000019.350, 154
Trd, 000019.750, 155
Trd, 000019.983, 155
Trd, 000020.000, 154
Trd, 000020.150, 156
Trd, 000020.300, 167
Trd, 000021.067, 155
Trd, 000021.133, 161
Trd, 000021.617, 155
Trd, 000022.267, 153
Trd, 000022.817, 151
Trd, 000023.383, 153
Trd, 000023.467, 150
Trd, 000024.050, 150
Trd, 000024.850, 154
Trd, 000025.833, 152
Trd, 000025.850, 154
Trd, 000026.317, 157
Trd, 000026.750, 155
Trd, 000026.767, 161
Trd, 000028.217, 155
Trd, 000029.150, 155
Trd, 000029.867, 156
Trd, 000030.567, 154
Trd, 000030.733, 154
Trd, 000032.050, 155
Trd, 000032.267, 156
Trd, 000032.600, 155
Trd, 000033.100, 155
Trd, 000034.667, 153
Trd, 000035.217, 156
Trd, 000035.417, 157
Trd, 000035.650, 153
Trd, 000035.817, 158
Trd, 000036.550, 156
Trd, 000036.933, 159
Trd, 000037.083, 161
Trd, 000037.583, 159
Trd, 000037.750, 153
Trd, 000038.117, 155
Trd, 000039.233, 161
Trd, 000039.817, 161
Trd, 000041.400, 154
Trd, 000042.517, 160
Trd, 000042.567, 153
Trd, 000042.683, 152
Trd, 000043.867, 161
Trd, 000044.133, 161
Trd, 000045.200, 155
Trd, 000045.333, 155
Trd, 000045.550, 157
Trd, 000046.083, 159
Trd, 000047.150, 156
Trd, 000047.433, 155
Trd, 000047.550, 156
Trd, 000047.850, 160
Trd, 000048.283, 163
Trd, 000048.600, 155
Trd, 000050.350, 155
Trd, 000050.433, 164
Trd, 000052.217, 160
Trd, 000052.433, 161
Trd, 000053.583, 155
Trd, 000053.667, 160
Trd, 000054.850, 155
Trd, 000055.383, 156
Trd, 000056.133, 156
Trd, 000057.267, 156
Trd, 000057.550, 157
Trd, 000057.583, 156
Trd, 000057.617, 156
Trd, 000057.850, 157
Trd, 000057.917, 160
Trd, 000058.417, 171
Trd, 000058.817, 174
Trd, 000059.267, 161
Trd, 000060.033, 164
Trd, 000060.750, 159
Trd, 000060.767, 158
Trd, 000061.033, 154
Trd, 000061.083, 160
Trd, 000062.267, 154
Trd, 000062.417, 142
Trd, 000063.400, 157
Trd, 000064.533, 157
Trd, 000065.217, 157
Trd, 000066.133, 158
Trd, 000067.333, 161
Trd, 000068.500, 157
Trd, 000069.283, 156
Trd, 000069.850, 158
Trd, 000070.733, 158
Trd, 000070.767, 155
Trd, 000071.333, 155
Trd, 000071.417, 158
Trd, 000071.500, 155
Trd, 000072.267, 156
Trd, 000072.383, 159
Trd, 000072.983, 158
Trd, 000074.067, 155
Trd, 000074.217, 156
Trd, 000075.250, 154
Trd, 000076.633, 156
Trd, 000078.117, 155
Trd, 000078.167, 156
Trd, 000078.933, 157
Trd, 000079.700, 159
Trd, 000079.900, 156
Trd, 000079.983, 156
Trd, 000080.067, 157
Trd, 000080.650, 154
Trd, 000081.017, 159
Trd, 000081.517, 158
Trd, 000081.850, 154
Trd, 000083.050, 156
Trd, 000083.667, 156
Trd, 000083.750, 158
Trd, 000083.850, 158
Trd, 000084.133, 163
Trd, 000084.167, 166
Trd, 000085.050, 154
Trd, 000085.150, 154
Trd, 000085.483, 154
Trd, 000085.550, 153
Trd, 000085.800, 156
Trd, 000088.500, 153
Trd, 000089.117, 153
Trd, 000089.300, 153
Trd, 000089.500, 152
Trd, 000089.767, 156
Trd, 000089.917, 157
Trd, 000090.117, 160
Trd, 000090.850, 161
Trd, 000092.350, 156
Trd, 000093.567, 156
Trd, 000094.617, 156
Trd, 000094.700, 155
Trd, 000095.783, 153
Trd, 000095.917, 157
Trd, 000096.550, 157
Trd, 000097.033, 154
Trd, 000098.200, 158
Trd, 000098.700, 158
Trd, 000098.900, 159
Trd, 000099.733, 155
Trd, 000100.250, 157
Trd, 000100.917, 158
Trd, 000101.150, 161
Trd, 000102.433, 164
Trd, 000103.083, 165
Trd, 000104.233, 164
Trd, 000104.950, 161
Trd, 000105.583, 159
Trd, 000105.900, 160
Trd, 000106.183, 161
Trd, 000106.850, 159
Trd, 000107.300, 161
Trd, 000107.400, 162
Trd, 000108.167, 164
Trd, 000108.483, 164
Trd, 000108.500, 163
Trd, 000108.900, 161
Trd, 000110.200, 161
Trd, 000110.283, 169
Trd, 000110.600, 176
Trd, 000111.083, 178
Trd, 000111.100, 160
Trd, 000112.017, 169
Trd, 000113.450, 166
Trd, 000114.283, 164
Trd, 000114.783, 163
Trd, 000114.833, 161
Trd, 000115.133, 160
Trd, 000115.300, 160
Trd, 000115.617, 163
Trd, 000115.717, 165
Trd, 000115.850, 167
Trd, 000117.200, 159
Trd, 000117.750, 160
Trd, 000118.617, 160
Trd, 000120.117, 162
Trd, 000120.133, 163
Trd, 000120.600, 161
Trd, 000121.467, 162
Trd, 000121.567, 162
Trd, 000121.800, 165
Trd, 000121.950, 167
Trd, 000122.917, 170
Trd, 000122.950, 162
Trd, 000123.317, 177
Trd, 000123.767, 210
Trd, 000123.967, 211
Trd, 000124.333, 233
Trd, 000124.617, 283
Trd, 000124.767, 303.0
Trd, 000125.083, 320.0
Trd, 000125.733, 331.0
Trd, 000126.067, 333.0
Trd, 000126.483, 337.0
Trd, 000127.183, 334.0
Trd, 000127.583, 335
Trd, 000129.133, 348.0
Trd, 000129.583, 351.0
Trd, 000130.050, 344.0
Trd, 000131.083, 348.0
Trd, 000133.250, 347.0
Trd, 000134.250, 348.0
Trd, 000135.133, 348.0
Trd, 000135.467, 351.0
Trd, 000135.667, 348.0
Trd, 000136.517, 355
Trd, 000136.567, 350
Trd, 000136.867, 356
Trd, 000137.383, 357
Trd, 000137.633, 349
Trd, 000138.117, 356
Trd, 000138.450, 348.0
Trd, 000139.650, 348
Trd, 000139.750, 351.0
Trd, 000140.700, 348
Trd, 000142.400, 350
Trd, 000142.650, 353
Trd, 000144.683, 350.0
Trd, 000144.800, 349
Trd, 000144.900, 347
Trd, 000145.133, 348
Trd, 000145.417, 351.0
Trd, 000145.783, 348
Trd, 000146.600, 349
Trd, 000148.483, 349
Trd, 000149.083, 349
Trd, 000149.450, 350.0
Trd, 000150.283, 351.0
Trd, 000150.400, 355.0
Trd, 000151.050, 358
Trd, 000151.183, 348
Trd, 000151.400, 358
Trd, 000151.700, 351.0
Trd, 000151.867, 365
Trd, 000153.333, 348.0
Trd, 000153.467, 348
Trd, 000154.700, 349
Trd, 000154.983, 351.0
Trd, 000155.100, 351
Trd, 000156.717, 348
Trd, 000156.850, 351
Trd, 000157.017, 349
Trd, 000157.150, 355.0
Trd, 000158.783, 352
Trd, 000158.933, 353
Trd, 000159.017, 350
Trd, 000159.133, 355
Trd, 000159.367, 345
Trd, 000159.633, 345.0
Trd, 000162.933, 354
Trd, 000164.600, 351.0
Trd, 000164.850, 348.0
Trd, 000165.667, 345
Trd, 000165.683, 353
Trd, 000165.817, 354.0
Trd, 000166.117, 349
Trd, 000166.133, 344.0
Trd, 000166.917, 347
Trd, 000168.733, 347
Trd, 000168.950, 348
Trd, 000169.800, 347.0
Trd, 000169.817, 348.0
Trd, 000169.867, 346
Trd, 000169.900, 344
Trd, 000170.200, 350.0
Trd, 000171.600, 348.0
Trd, 000172.767, 350.0
Trd, 000173.367, 351.0
Trd, 000173.683, 347
Trd, 000173.833, 346
Trd, 000174.317, 352
Trd, 000174.667, 355.0
Trd, 000175.433, 345
Trd, 000175.483, 344
Trd, 000176.383, 346.0
Trd, 000176.900, 348.0
Trd, 000176.950, 354.0
Trd, 000177.550, 349
Trd, 000178.183, 355.0
Trd, 000178.283, 358
Trd, 000179.250, 348.0
Trd, 000180.800, 349.0
Trd, 000181.133, 349
Trd, 000181.250, 350
Trd, 000181.800, 350
Trd, 000182.167, 348
Trd, 000182.983, 344.0
Trd, 000183.233, 317.0
Trd, 000183.917, 331.0
Trd, 000184.083, 306.0
Trd, 000184.650, 300.0
Trd, 000184.783, 211
Trd, 000184.883, 197
Trd, 000185.067, 201
Trd, 000185.167, 198
Trd, 000185.450, 190
Trd, 000185.733, 187
Trd, 000187.083, 180
Trd, 000188.167, 171
Trd, 000189.150, 171
Trd, 000189.967, 171
Trd, 000190.417, 173
Trd, 000190.550, 174
Trd, 000190.767, 177
Trd, 000190.933, 169
Trd, 000191.383, 168
Trd, 000191.500, 168
Trd, 000191.900, 170
Trd, 000192.750, 182
Trd, 000194.417, 184
Trd, 000195.333, 174
Trd, 000195.817, 178
Trd, 000195.967, 173
Trd, 000196.183, 173
Trd, 000196.450, 172
Trd, 000196.950, 171
Trd, 000197.133, 170
Trd, 000197.583, 171
Trd, 000198.750, 163
Trd, 000199.483, 167
Trd, 000199.733, 168
Trd, 000200.183, 175
Trd, 000200.417, 169
Trd, 000200.650, 178
Trd, 000200.950, 166
Trd, 000201.567, 164
Trd, 000203.217, 176
Trd, 000203.400, 185
Trd, 000203.750, 188
Trd, 000204.367, 176
Trd, 000204.833, 174
Trd, 000205.050, 173
Trd, 000205.083, 174
Trd, 000205.350, 171
Trd, 000205.600, 175
Trd, 000206.400, 176
Trd, 000206.633, 178
Trd, 000206.967, 172
Trd, 000208.017, 174
Trd, 000208.917, 173
Trd, 000209.033, 169
Trd, 000210.267, 176
Trd, 000210.667, 176
Trd, 000211.067, 172
Trd, 000211.767, 171
Trd, 000212.067, 170
Trd, 000212.850, 169
Trd, 000213.733, 172
Trd, 000214.100, 171
Trd, 000214.483, 172
Trd, 000214.950, 172
Trd, 000215.483, 172
Trd, 000216.367, 169
Trd, 000217.050, 169
Trd, 000218.050, 169
Trd, 000218.950, 167
Trd, 000219.817, 170
Trd, 000220.217, 173
Trd, 000220.917, 169
Trd, 000221.183, 172
Trd, 000221.650, 173
Trd, 000221.950, 170
Trd, 000222.600, 175
Trd, 000222.850, 172
Trd, 000223.317, 180
Trd, 000223.450, 189
Trd, 000223.717, 172
Trd, 000223.767, 190
Trd, 000223.967, 171
Trd, 000224.233, 171
Trd, 000226.033, 170
Trd, 000227.117, 171
Trd, 000227.550, 170
Trd, 000228.517, 171
Trd, 000228.717, 171
Trd, 000229.233, 170
Trd, 000229.333, 171
Trd, 000229.783, 170
Trd, 000230.133, 173
Trd, 000230.500, 177
Trd, 000230.600, 178
Trd, 000230.900, 171
Trd, 000231.850, 169
Trd, 000232.583, 171
Trd, 000234.533, 170
Trd, 000234.667, 174
Trd, 000235.000, 174
Trd, 000235.817, 171
Trd, 000236.400, 176
Trd, 000237.017, 171
Trd, 000237.367, 171
Trd, 000237.383, 170
Trd, 000237.417, 170
Trd, 000237.833, 172
Trd, 000238.167, 175
Trd, 000238.917, 172
Trd, 000239.000, 170
Trd, 000239.350, 174
Trd, 000240.500, 173
Trd, 000240.800, 172
Trd, 000240.967, 171
Trd, 000241.800, 170
Trd, 000241.817, 171
Trd, 000243.883, 172
Trd, 000244.083, 170
Trd, 000244.383, 169
Trd, 000244.417, 170
Trd, 000245.583, 174
Trd, 000245.783, 173
Trd, 000246.383, 171
Trd, 000246.683, 170
Trd, 000246.867, 175
Trd, 000247.200, 182
Trd, 000248.217, 174
Trd, 000248.383, 170
Trd, 000248.700, 171
Trd, 000249.567, 174
Trd, 000249.817, 176
Trd, 000250.567, 173
Trd, 000250.833, 177
Trd, 000251.467, 177
Trd, 000251.650, 176
Trd, 000252.800, 174
Trd, 000252.950, 174
Trd, 000253.150, 176
Trd, 000253.450, 180
Trd, 000254.200, 180
Trd, 000254.233, 183
Trd, 000254.483, 174
Trd, 000255.767, 176
Trd, 000256.233, 186
Trd, 000256.250, 187
Trd, 000256.667, 182
Trd, 000257.167, 182
Trd, 000257.583, 182
Trd, 000257.683, 182
Trd, 000258.217, 182
Trd, 000258.767, 179
Trd, 000259.183, 183
Trd, 000259.517, 179
Trd, 000259.633, 191
Trd, 000260.233, 185
Trd, 000260.583, 185
Trd, 000260.700, 180
Trd, 000261.533, 184
Trd, 000261.750, 186
Trd, 000261.767, 180
Trd, 000261.783, 180
Trd, 000262.783, 176
Trd, 000262.867, 174
Trd, 000263.283, 170
Trd, 000263.833, 174
Trd, 000264.000, 160
Trd, 000265.717, 176
Trd, 000266.433, 176
Trd, 000266.833, 174
Trd, 000268.133, 176
Trd, 000268.517, 176
Trd, 000268.733, 178
Trd, 000269.017, 181
Trd, 000270.367, 177
Trd, 000270.667, 175
Trd, 000271.067, 173
Trd, 000271.133, 174
Trd, 000271.467, 172
Trd, 000271.683, 181
Trd, 000272.117, 172
Trd, 000272.650, 172
Trd, 000272.967, 171
Trd, 000272.983, 175
Trd, 000273.100, 182
Trd, 000273.267, 179
Trd, 000274.150, 180
Trd, 000274.700, 182
Trd, 000275.167, 181
Trd, 000275.267, 180
Trd, 000275.950, 180
Trd, 000276.083, 171
Trd, 000276.717, 179
Trd, 000276.933, 178
Trd, 000276.950, 176
Trd, 000277.283, 180
Trd, 000277.750, 181
Trd, 000277.883, 183
Trd, 000278.667, 189
Trd, 000279.217, 177
Trd, 000279.600, 176
Trd, 000279.767, 176
Trd, 000280.900, 177
Trd, 000281.333, 177
Trd, 000281.500, 174
Trd, 000282.150, 179
Trd, 000282.233, 182
Trd, 000282.483, 174
Trd, 000282.683, 183
Trd, 000284.200, 186
Trd, 000285.183, 182
Trd, 000285.433, 182
Trd, 000285.517, 176
Trd, 000286.000, 180
Trd, 000286.583, 178
Trd, 000286.767, 178
Trd, 000287.033, 177
Trd, 000287.350, 177
Trd, 000287.733, 183
Trd, 000287.933, 176
Trd, 000288.567, 176
Trd, 000288.667, 182
Trd, 000288.883, 184
Trd, 000289.067, 190
Trd, 000289.217, 194
Trd, 000291.167, 177
Trd, 000291.350, 179
Trd, 000291.583, 177
Trd, 000291.783, 178
Trd, 000292.683, 179
Trd, 000293.000, 179
Trd, 000293.117, 179
Trd, 000293.267, 177
Trd, 000293.833, 178
Trd, 000293.900, 182
Trd, 000294.050, 184
Trd, 000294.133, 187
Trd, 000294.150, 177
Trd, 000295.117, 176
Trd, 000295.817, 176
Trd, 000295.833, 177
Trd, 000296.567, 173
Trd, 000296.733, 174
Trd, 000296.883, 180
Trd, 000297.683, 182
Trd, 000298.267, 173
Trd, 000298.633, 192
Trd, 000298.800, 178
Trd, 000298.867, 174
Trd, 000299.167, 184
Trd, 000299.783, 178
Trd, 000299.950, 185
