Trd, 000002.150, 171
Trd, 000002.733, 168
Trd, 000002.867, 165
Trd, 000003.417, 158
Trd, 000003.750, 169
Trd, 000004.333, 162
Trd, 000004.350, 161
Trd, 000004.650, 161
Trd, 000004.817, 151
Trd, 000005.167, 167
Trd, 000006.250, 153
Trd, 000006.467, 144
Trd, 000007.250, 147
Trd, 000007.633, 146
Trd, 000007.667, 147
Trd, 000008.467, 148
Trd, 000009.817, 149
Trd, 000009.933, 149
Trd, 000010.283, 150
Trd, 000010.533, 151
Trd, 000011.550, 152
Trd, 000013.217, 155
Trd, 000013.550, 154
Trd, 000013.600, 158
Trd, 000014.450, 157
Trd, 000014.483, 160
Trd, 000014.650, 162
Trd, 000014.900, 163
Trd, 000016.700, 161
Trd, 000017.000, 162
Trd, 000017.683, 163
Trd, 000017.900, 164
Trd, 000018.350, 162
Trd, 000018.367, 160
Trd, 000019.417, 165
Trd, 000022.283, 161
Trd, 000022.517, 161
Trd, 000023.383, 158
Trd, 000023.933, 162
Trd, 000024.083, 164
Trd, 000024.583, 157
Trd, 000025.250, 158
Trd, 000025.417, 159
Trd, 000026.067, 159
Trd, 000026.600, 159
Trd, 000027.300, 158
Trd, 000027.450, 164
Trd, 000028.317, 166
Trd, 000028.867, 156
Trd, 000029.950, 156
Trd, 000030.083, 157
Trd, 000030.467, 158
Trd, 000031.333, 158
Trd, 000031.817, 159
Trd, 000031.983, 156
Trd, 000033.000, 165
Trd, 000035.083, 157
Trd, 000035.983, 157
Trd, 000036.083, 156
Trd, 000036.283, 160
Trd, 000036.983, 139
Trd, 000037.583, 158
Trd, 000038.633, 155
Trd, 000038.933, 154
Trd, 000039.633, 154
Trd, 000040.133, 155
Trd, 000040.433, 155
Trd, 000041.183, 154
Trd, 000041.217, 153
Trd, 000041.333, 153
Trd, 000042.100, 155
Trd, 000042.133, 153
Trd, 000042.250, 169
Trd, 000042.483, 169
Trd, 000042.767, 160
Trd, 000043.133, 162
Trd, 000043.950, 176
Trd, 000044.150, 180
Trd, 000045.200, 170
Trd, 000045.750, 172
Trd, 000045.800, 168
Trd, 000047.683, 169
Trd, 000047.883, 163
Trd, 000048.717, 169
Trd, 000049.183, 170
Trd, 000049.583, 168
Trd, 000050.717, 168
Trd, 000050.883, 169
Trd, 000051.667, 170
Trd, 000051.800, 169
Trd, 000052.150, 170
Trd, 000052.233, 170
Trd, 000052.367, 169
Trd, 000052.667, 168
Trd, 000052.950, 167
Trd, 000053.317, 168
Trd, 000053.500, 168
Trd, 000054.717, 163
Trd, 000055.850, 152
Trd, 000056.017, 161
Trd, 000057.417, 161
Trd, 000057.533, 160
Trd, 000058.067, 161
Trd, 000058.467, 175
Trd, 000059.500, 166
Trd, 000059.617, 166
Trd, 000060.117, 167
Trd, 000060.317, 168
Trd, 000060.800, 168
Trd, 000061.783, 172
Trd, 000062.100, 172
Trd, 000063.117, 171
Trd, 000063.683, 171
Trd, 000064.033, 170
Trd, 000065.333, 170
Trd, 000065.683, 171
Trd, 000066.233, 170
Trd, 000066.700, 169
Trd, 000067.050, 169
Trd, 000067.117, 169
Trd, 000068.050, 164
Trd, 000069.283, 167
Trd, 000069.333, 166
Trd, 000069.950, 165
Trd, 000070.033, 165
Trd, 000070.267, 167
Trd, 000070.783, 165
Trd, 000070.900, 164
Trd, 000071.267, 165
Trd, 000072.200, 159
Trd, 000073.983, 160
Trd, 000074.283, 161
Trd, 000074.350, 159
Trd, 000075.250, 158
Trd, 000075.400, 159
Trd, 000076.000, 159
Trd, 000076.867, 161
Trd, 000077.417, 161
Trd, 000077.850, 162
Trd, 000078.033, 169
Trd, 000078.533, 163
Trd, 000079.350, 163
Trd, 000080.783, 164
Trd, 000081.100, 165
Trd, 000081.183, 163
Trd, 000081.933, 164
Trd, 000082.233, 163
Trd, 000083.067, 164
Trd, 000084.183, 163
Trd, 000084.450, 167
Trd, 000085.567, 162
Trd, 000085.683, 164
Trd, 000085.700, 162
Trd, 000085.917, 163
Trd, 000086.400, 164
Trd, 000086.683, 164
Trd, 000086.950, 163
Trd, 000087.833, 171
Trd, 000088.900, 168
Trd, 000089.283, 169
Trd, 000089.367, 167
Trd, 000090.217, 167
Trd, 000090.633, 168
Trd, 000091.467, 165
Trd, 000092.867, 166
Trd, 000092.917, 161
Trd, 000093.350, 167
Trd, 000093.550, 167
Trd, 000094.233, 166
Trd, 000094.467, 166
Trd, 000094.683, 165
Trd, 000095.300, 164
Trd, 000095.850, 175
Trd, 000097.250, 172
Trd, 000097.650, 172
Trd, 000098.017, 172
Trd, 000098.850, 173
Trd, 000099.150, 172
Trd, 000099.883, 172
Trd, 000100.233, 171
Trd, 000100.483, 171
Trd, 000100.767, 173
Trd, 000100.783, 171
Trd, 000100.800, 168
Trd, 000101.633, 174
Trd, 000102.617, 172
Trd, 000103.317, 170
Trd, 000103.917, 169
Trd, 000104.400, 171
Trd, 000105.267, 171
Trd, 000105.700, 169
Trd, 000105.850, 170
Trd, 000106.050, 168
Trd, 000106.133, 171
Trd, 000106.167, 172
Trd, 000107.000, 171
Trd, 000107.350, 173
Trd, 000108.200, 168
Trd, 000109.017, 173
Trd, 000111.267, 170
Trd, 000112.167, 170
Trd, 000112.600, 171
Trd, 000112.683, 170
Trd, 000112.933, 169
Trd, 000113.000, 173
Trd, 000113.150, 172
Trd, 000113.183, 176
Trd, 000113.567, 168
Trd, 000114.817, 172
Trd, 000116.233, 171
Trd, 000117.200, 172
Trd, 000118.067, 172
Trd, 000118.333, 172
Trd, 000118.933, 171
Trd, 000119.800, 171
Trd, 000120.400, 174
Trd, 000120.800, 171
Trd, 000120.917, 170
Trd, 000121.800, 171
Trd, 000121.967, 169
Trd, 000122.900, 177
Trd, 000123.117, 184
Trd, 000123.267, 191
Trd, 000123.800, 190
Trd, 000124.417, 247
Trd, 000124.650, 300.0
Trd, 000124.933, 303.0
Trd, 000125.517, 306.0
Trd, 000125.550, 327
Trd, 000125.750, 327.0
Trd, 000126.550, 306
Trd, 000126.633, 351.0
Trd, 000128.600, 336
Trd, 000128.883, 339
Trd, 000128.983, 340
Trd, 000130.067, 348
Trd, 000130.600, 349.0
Trd, 000131.067, 350.0
Trd, 000131.200, 351.0
Trd, 000131.983, 354
Trd, 000132.450, 357
Trd, 000133.000, 348.0
Trd, 000134.567, 352.0
Trd, 000135.550, 351
Trd, 000135.750, 351.0
Trd, 000135.783, 352
Trd, 000136.300, 350
Trd, 000136.767, 349
Trd, 000136.783, 350
Trd, 000138.417, 346
Trd, 000139.100, 346
Trd, 000139.167, 347
Trd, 000139.883, 349
Trd, 000140.583, 359.0
Trd, 000140.633, 358.0
Trd, 000141.000, 357
Trd, 000143.033, 359
Trd, 000143.433, 359.0
Trd, 000143.450, 363.0
Trd, 000143.833, 358.0
Trd, 000143.950, 361.0
Trd, 000145.283, 361.0
Trd, 000145.800, 362.0
Trd, 000146.217, 358.0
Trd, 000146.950, 354
Trd, 000147.617, 359
Trd, 000148.017, 358.0
Trd, 000148.033, 359
Trd, 000149.183, 357
Trd, 000149.800, 359
Trd, 000152.950, 358
Trd, 000153.400, 354
Trd, 000153.800, 354
Trd, 000154.017, 352.0
Trd, 000154.917, 357
Trd, 000155.017, 358
Trd, 000156.050, 359
Trd, 000156.633, 355
Trd, 000157.550, 357
Trd, 000157.883, 357
Trd, 000158.083, 355
Trd, 000159.300, 358.0
Trd, 000159.350, 360.0
Trd, 000159.800, 361.0
Trd, 000160.117, 364
Trd, 000160.383, 357
Trd, 000161.000, 357
Trd, 000162.367, 362.0
Trd, 000162.800, 358
Trd, 000162.883, 356
Trd, 000164.417, 358
Trd, 000164.733, 352
Trd, 000165.917, 358
Trd, 000166.500, 354
Trd, 000166.983, 358
Trd, 000167.817, 357
Trd, 000168.017, 358
Trd, 000169.200, 353.0
Trd, 000170.500, 353
Trd, 000170.517, 352
Trd, 000170.717, 357
Trd, 000171.017, 357
Trd, 000171.133, 351
Trd, 000171.917, 353
Trd, 000173.167, 355
Trd, 000173.850, 355
Trd, 000174.117, 352
Trd, 000174.550, 351
Trd, 000175.017, 348
Trd, 000176.367, 357
Trd, 000176.517, 359
Trd, 000177.517, 356
Trd, 000177.800, 355
Trd, 000178.117, 353
Trd, 000178.367, 359.0
Trd, 000178.717, 353
Trd, 000179.717, 359
Trd, 000180.200, 358.0
Trd, 000181.300, 355
Trd, 000181.467, 357.0
Trd, 000181.767, 353
Trd, 000182.400, 353
Trd, 000182.500, 351
Trd, 000182.850, 351.0
Trd, 000182.867, 350
Trd, 000182.950, 334.0
Trd, 000183.400, 330
Trd, 000183.667, 327.0
Trd, 000183.800, 215
Trd, 000183.850, 214
Trd, 000184.750, 207
Trd, 000184.983, 193
Trd, 000186.000, 199
Trd, 000186.150, 196
Trd, 000187.000, 190
Trd, 000188.233, 186
Trd, 000188.833, 187
Trd, 000188.983, 184
Trd, 000190.150, 187
Trd, 000190.300, 188
Trd, 000191.350, 184
Trd, 000192.050, 185
Trd, 000192.317, 184
Trd, 000192.783, 184
Trd, 000192.850, 184
Trd, 000193.450, 184
Trd, 000194.217, 191
Trd, 000194.700, 185
Trd, 000195.433, 184
Trd, 000196.033, 185
Trd, 000196.233, 184
Trd, 000196.717, 177
Trd, 000197.100, 186
Trd, 000197.717, 185
Trd, 000198.383, 181
Trd, 000198.800, 183
Trd, 000199.067, 182
Trd, 000199.617, 182
Trd, 000199.883, 182
Trd, 000201.117, 181
Trd, 000202.067, 181
Trd, 000202.267, 180
Trd, 000202.733, 182
Trd, 000204.283, 181
Trd, 000204.450, 180
Trd, 000205.350, 180
Trd, 000205.550, 180
Trd, 000206.133, 179
Trd, 000206.317, 179
Trd, 000206.433, 180
Trd, 000207.367, 178
Trd, 000208.550, 178
Trd, 000208.750, 179
Trd, 000208.783, 177
Trd, 000209.333, 177
Trd, 000211.183, 177
Trd, 000211.250, 179
Trd, 000211.650, 178
Trd, 000211.983, 177
Trd, 000212.150, 177
Trd, 000212.633, 176
Trd, 000212.933, 177
Trd, 000213.217, 183
Trd, 000215.867, 178
Trd, 000216.217, 180
Trd, 000216.650, 178
Trd, 000216.967, 178
Trd, 000217.417, 175
Trd, 000218.583, 174
Trd, 000218.750, 173
Trd, 000220.367, 176
Trd, 000220.583, 171
Trd, 000221.033, 179
Trd, 000221.567, 173
Trd, 000221.650, 183
Trd, 000223.317, 177
Trd, 000223.367, 178
Trd, 000223.400, 178
Trd, 000223.600, 175
Trd, 000224.117, 180
Trd, 000225.067, 176
Trd, 000225.367, 183
Trd, 000225.683, 184
Trd, 000227.617, 184
Trd, 000228.517, 180
Trd, 000229.683, 180
Trd, 000229.817, 181
Trd, 000229.850, 181
Trd, 000230.067, 180
Trd, 000230.150, 179
Trd, 000230.550, 180
Trd, 000231.083, 180
Trd, 000232.650, 179
Trd, 000232.900, 178
Trd, 000233.900, 180
Trd, 000234.233, 181
Trd, 000234.567, 180
Trd, 000235.283, 180
Trd, 000235.550, 181
Trd, 000235.783, 179
Trd, 000236.317, 188
Trd, 000236.700, 199
Trd, 000237.100, 188
Trd, 000238.400, 189
Trd, 000238.867, 189
Trd, 000239.000, 189
Trd, 000240.117, 187
Trd, 000240.683, 187
Trd, 000241.150, 186
Trd, 000241.483, 185
Trd, 000241.633, 186
Trd, 000241.800, 182
Trd, 000243.133, 186
Trd, 000243.567, 187
Trd, 000244.433, 186
Trd, 000245.567, 187
Trd, 000245.683, 188
Trd, 000246.133, 189
Trd, 000246.317, 188
Trd, 000246.733, 186
Trd, 000246.900, 186
Trd, 000247.367, 182
Trd, 000247.467, 184
Trd, 000247.567, 183
Trd, 000248.050, 183
Trd, 000249.100, 182
Trd, 000249.517, 181
Trd, 000249.833, 183
Trd, 000250.850, 182
Trd, 000251.067, 181
Trd, 000251.600, 182
Trd, 000251.767, 184
Trd, 000252.617, 183
Trd, 000252.800, 184
Trd, 000253.100, 185
Trd, 000253.483, 181
Trd, 000253.800, 182
Trd, 000254.500, 179
Trd, 000255.550, 179
Trd, 000255.900, 182
Trd, 000256.017, 184
Trd, 000256.267, 178
Trd, 000257.517, 180
Trd, 000258.050, 183
Trd, 000258.133, 184
Trd, 000258.783, 184
Trd, 000259.300, 182
Trd, 000259.517, 187
Trd, 000260.450, 182
Trd, 000260.533, 186
Trd, 000261.283, 182
Trd, 000261.433, 181
Trd, 000261.500, 188
Trd, 000261.900, 181
Trd, 000261.917, 177
Trd, 000262.900, 183
Trd, 000263.050, 183
Trd, 000263.400, 182
Trd, 000263.933, 178
Trd, 000264.233, 179
Trd, 000264.750, 178
Trd, 000265.133, 179
Trd, 000265.933, 178
Trd, 000266.100, 180
Trd, 000266.117, 177
Trd, 000266.500, 179
Trd, 000266.667, 182
Trd, 000266.950, 178
Trd, 000267.550, 178
Trd, 000267.783, 181
Trd, 000268.600, 177
Trd, 000269.167, 183
Trd, 000269.500, 177
Trd, 000270.167, 180
Trd, 000270.633, 181
Trd, 000270.967, 181
Trd, 000271.283, 183
Trd, 000271.783, 193
Trd, 000272.150, 193
Trd, 000272.383, 192
Trd, 000272.650, 188
Trd, 000273.067, 188
Trd, 000273.300, 187
Trd, 000274.400, 189
Trd, 000275.183, 188
Trd, 000275.517, 189
Trd, 000275.583, 190
Trd, 000276.417, 189
Trd, 000276.517, 189
Trd, 000276.600, 190
Trd, 000276.967, 186
Trd, 000277.417, 186
Trd, 000277.867, 190
Trd, 000278.000, 186
Trd, 000278.850, 191
Trd, 000279.150, 186
Trd, 000280.717, 191
Trd, 000281.367, 190
Trd, 000281.700, 187
Trd, 000281.817, 191
Trd, 000282.000, 186
Trd, 000282.250, 186
Trd, 000283.033, 183
Trd, 000283.917, 177
Trd, 000284.017, 178
Trd, 000284.217, 179
Trd, 000284.383, 180
Trd, 000284.433, 183
Trd, 000284.833, 182
Trd, 000285.100, 192
Trd, 000285.450, 187
Trd, 000286.917, 189
Trd, 000287.050, 190
Trd, 000287.483, 190
Trd, 000289.067, 188
Trd, 000289.200, 187
Trd, 000289.267, 188
Trd, 000289.417, 187
Trd, 000290.033, 188
Trd, 000290.117, 186
Trd, 000290.800, 190
Trd, 000291.050, 190
Trd, 000291.517, 188
Trd, 000291.717, 189
Trd, 000292.333, 187
Trd, 000292.600, 191
Trd, 000293.167, 187
Trd, 000294.150, 184
Trd, 000294.550, 184
Trd, 000295.067, 189
Trd, 000295.200, 189
Trd, 000296.067, 181
Trd, 000297.217, 181
Trd, 000297.583, 182
Trd, 000297.900, 181
Trd, 000297.967, 180
Trd, 000298.200, 182
Trd, 000299.400, 191
Trd, 000299.567, 185
