Trd, 000001.900, 175
Trd, 000002.383, 126
Trd, 000002.483, 116
Trd, 000002.550, 176
Trd, 000002.917, 162
Trd, 000002.950, 162
Trd, 000003.300, 145
Trd, 000003.350, 182
Trd, 000003.783, 129
Trd, 000004.567, 147
Trd, 000007.317, 148
Trd, 000007.567, 137
Trd, 000009.700, 145
Trd, 000010.017, 145
Trd, 000010.033, 140
Trd, 000010.050, 147
Trd, 000010.500, 149
Trd, 000011.067, 151
Trd, 000011.167, 141
Trd, 000011.300, 148
Trd, 000011.350, 138
Trd, 000011.450, 135
Trd, 000011.567, 156
Trd, 000011.850, 157
Trd, 000012.733, 158
Trd, 000013.867, 149
Trd, 000014.233, 148
Trd, 000014.333, 149
Trd, 000015.233, 148
Trd, 000015.483, 145
Trd, 000016.717, 148
Trd, 000017.100, 145
Trd, 000017.750, 149
Trd, 000018.133, 146
Trd, 000018.550, 156
Trd, 000018.750, 146
Trd, 000018.783, 145
Trd, 000019.467, 142
Trd, 000019.533, 141
Trd, 000019.950, 157
Trd, 000020.950, 139
Trd, 000021.417, 129
Trd, 000022.183, 143
Trd, 000022.267, 139
Trd, 000023.167, 145
Trd, 000023.317, 145
Trd, 000023.500, 146
Trd, 000024.033, 146
Trd, 000024.450, 150
Trd, 000024.950, 141
Trd, 000025.167, 141
Trd, 000025.800, 153
Trd, 000025.817, 145
Trd, 000026.500, 140
Trd, 000026.683, 158
Trd, 000027.450, 155
Trd, 000028.033, 161
Trd, 000028.433, 161
Trd, 000028.633, 160
Trd, 000029.500, 155
Trd, 000030.800, 152
Trd, 000031.767, 143
Trd, 000031.950, 141
Trd, 000032.183, 140
Trd, 000032.367, 132
Trd, 000034.317, 144
Trd, 000034.350, 146
Trd, 000034.850, 146
Trd, 000034.983, 146
Trd, 000035.133, 144
Trd, 000035.867, 143
Trd, 000036.200, 151
Trd, 000036.883, 143
Trd, 000037.233, 144
Trd, 000037.817, 143
Trd, 000037.967, 150
Trd, 000038.200, 154
Trd, 000038.600, 145
Trd, 000039.283, 154
Trd, 000039.650, 155
Trd, 000040.150, 152
Trd, 000040.167, 144
Trd, 000040.850, 144
Trd, 000041.683, 148
Trd, 000042.400, 141
Trd, 000042.767, 151
Trd, 000043.550, 144
Trd, 000043.617, 152
Trd, 000044.133, 143
Trd, 000044.167, 150
Trd, 000044.733, 142
Trd, 000044.750, 141
Trd, 000045.383, 149
Trd, 000045.417, 155
Trd, 000047.317, 159
Trd, 000047.617, 162
Trd, 000047.817, 148
Trd, 000048.350, 175
Trd, 000049.550, 149
Trd, 000050.050, 148
Trd, 000050.400, 147
Trd, 000051.033, 154
Trd, 000051.450, 152
Trd, 000051.483, 153
Trd, 000051.800, 139
Trd, 000052.467, 152
Trd, 000052.867, 153
Trd, 000053.233, 155
Trd, 000053.250, 145
Trd, 000053.283, 156
Trd, 000053.750, 150
Trd, 000054.667, 149
Trd, 000054.700, 147
Trd, 000055.133, 147
Trd, 000055.317, 145
Trd, 000055.700, 142
Trd, 000056.900, 154
Trd, 000058.133, 144
Trd, 000058.150, 147
Trd, 000058.967, 148
Trd, 000059.133, 149
Trd, 000059.800, 147
Trd, 000060.167, 150
Trd, 000060.550, 143
Trd, 000060.900, 144
Trd, 000061.617, 150
Trd, 000062.050, 146
Trd, 000063.383, 148
Trd, 000063.467, 147
Trd, 000064.133, 147
Trd, 000065.200, 146
Trd, 000065.350, 148
Trd, 000065.583, 146
Trd, 000065.950, 151
Trd, 000066.117, 146
Trd, 000066.850, 154
Trd, 000067.400, 157
Trd, 000067.667, 148
Trd, 000067.783, 149
Trd, 000069.017, 160
Trd, 000069.800, 151
Trd, 000070.000, 151
Trd, 000070.383, 152
Trd, 000070.517, 157
Trd, 000070.650, 162
Trd, 000071.817, 148
Trd, 000072.117, 161
Trd, 000072.517, 148
Trd, 000072.583, 147
Trd, 000072.667, 144
Trd, 000074.017, 153
Trd, 000075.600, 153
Trd, 000076.267, 147
Trd, 000076.733, 154
Trd, 000076.783, 148
Trd, 000076.917, 156
Trd, 000077.000, 147
Trd, 000077.583, 159
Trd, 000078.217, 148
Trd, 000078.400, 161
Trd, 000079.000, 148
Trd, 000079.050, 158
Trd, 000079.833, 166
Trd, 000079.883, 165
Trd, 000081.033, 157
Trd, 000082.033, 168
Trd, 000082.050, 156
Trd, 000082.567, 168
Trd, 000083.267, 163
Trd, 000083.300, 170
Trd, 000083.383, 174
Trd, 000083.933, 169
Trd, 000084.050, 147
Trd, 000084.450, 139
Trd, 000085.417, 143
Trd, 000085.750, 139
Trd, 000086.417, 144
Trd, 000087.633, 152
Trd, 000087.650, 152
Trd, 000087.683, 145
Trd, 000088.067, 144
Trd, 000088.817, 153
Trd, 000090.183, 148
Trd, 000090.550, 153
Trd, 000090.767, 149
Trd, 000091.750, 149
Trd, 000092.667, 151
Trd, 000094.067, 151
Trd, 000094.167, 149
Trd, 000094.333, 152
Trd, 000094.383, 147
Trd, 000094.517, 146
Trd, 000095.017, 141
Trd, 000095.450, 151
Trd, 000096.150, 148
Trd, 000096.683, 152
Trd, 000097.683, 150
Trd, 000099.017, 151
Trd, 000099.700, 151
Trd, 000100.000, 152
Trd, 000100.617, 154
Trd, 000102.567, 157
Trd, 000102.817, 158
Trd, 000102.883, 155
Trd, 000103.433, 156
Trd, 000103.550, 154
Trd, 000103.783, 165
Trd, 000104.117, 153
Trd, 000104.550, 167
Trd, 000104.600, 153
Trd, 000104.817, 149
Trd, 000104.833, 168
Trd, 000106.550, 149
Trd, 000107.183, 161
Trd, 000107.467, 162
Trd, 000108.100, 164
Trd, 000108.433, 150
Trd, 000108.983, 165
Trd, 000109.483, 155
Trd, 000110.150, 148
Trd, 000110.633, 149
Trd, 000111.333, 150
Trd, 000112.550, 150
Trd, 000112.833, 162
Trd, 000112.917, 162
Trd, 000114.117, 162
Trd, 000114.167, 148
Trd, 000114.400, 140
Trd, 000114.767, 161
Trd, 000115.400, 162
Trd, 000115.433, 160
Trd, 000115.533, 162
Trd, 000115.950, 156
Trd, 000117.317, 153
Trd, 000117.383, 152
Trd, 000118.133, 154
Trd, 000118.233, 154
Trd, 000118.850, 153
Trd, 000119.100, 154
Trd, 000119.533, 160
Trd, 000120.100, 163
Trd, 000120.450, 167
Trd, 000120.650, 155
Trd, 000121.367, 161
Trd, 000121.633, 151
Trd, 000122.217, 169
Trd, 000122.867, 177
Trd, 000123.183, 184
Trd, 000123.500, 206
Trd, 000123.833, 270
Trd, 000124.067, 300.0
Trd, 000124.600, 309
Trd, 000124.883, 321
Trd, 000125.433, 324.0
Trd, 000125.683, 331.0
Trd, 000126.483, 310.0
Trd, 000127.133, 316
Trd, 000127.567, 334.0
Trd, 000128.717, 323
Trd, 000130.050, 324.0
Trd, 000130.150, 331.0
Trd, 000130.583, 334.0
Trd, 000130.667, 320
Trd, 000131.167, 319
Trd, 000131.900, 343
Trd, 000132.333, 338.0
Trd, 000132.450, 344
Trd, 000132.483, 338.0
Trd, 000133.467, 341
Trd, 000133.483, 351.0
Trd, 000133.800, 347
Trd, 000133.883, 354
Trd, 000134.383, 355.0
Trd, 000134.717, 358.0
Trd, 000136.017, 345
Trd, 000136.333, 339
Trd, 000138.667, 343
Trd, 000138.867, 343
Trd, 000138.983, 342
Trd, 000139.850, 339
Trd, 000139.883, 342
Trd, 000140.233, 344
Trd, 000140.650, 338.0
Trd, 000140.667, 337.0
Trd, 000141.450, 348.0
Trd, 000141.683, 349
Trd, 000144.067, 337.0
Trd, 000144.183, 329
Trd, 000144.300, 344
Trd, 000145.267, 336.0
Trd, 000145.450, 346
Trd, 000145.817, 351.0
Trd, 000146.400, 334
Trd, 000146.617, 350.0
Trd, 000146.683, 351.0
Trd, 000147.000, 352.0
Trd, 000147.917, 334.0
Trd, 000147.983, 355.0
Trd, 000148.550, 333
Trd, 000149.267, 338.0
Trd, 000149.667, 338.0
Trd, 000150.417, 342
Trd, 000151.083, 350
Trd, 000151.500, 340
Trd, 000152.367, 350
Trd, 000153.433, 348
Trd, 000153.683, 340
Trd, 000154.783, 340
Trd, 000155.000, 338
Trd, 000155.167, 338
Trd, 000155.450, 348.0
Trd, 000155.517, 337.0
Trd, 000157.433, 346
Trd, 000158.350, 339
Trd, 000158.850, 339
Trd, 000159.550, 343
Trd, 000159.833, 344
Trd, 000160.700, 341
Trd, 000160.817, 351.0
Trd, 000161.467, 342
Trd, 000161.833, 340
Trd, 000162.117, 337.0
Trd, 000162.217, 327.0
Trd, 000162.817, 349
Trd, 000163.183, 329
Trd, 000163.333, 350
Trd, 000163.783, 350.0
Trd, 000164.617, 332
Trd, 000164.883, 351.0
Trd, 000165.333, 335
Trd, 000165.900, 334
Trd, 000167.200, 348.0
Trd, 000168.050, 338.0
Trd, 000168.083, 337.0
Trd, 000168.233, 334
Trd, 000168.550, 347
Trd, 000170.050, 347
Trd, 000170.433, 337
Trd, 000170.450, 348.0
Trd, 000171.400, 341
Trd, 000171.433, 337.0
Trd, 000172.500, 332
Trd, 000173.383, 342
Trd, 000173.417, 344
Trd, 000173.750, 342
Trd, 000174.300, 344
Trd, 000174.850, 341
Trd, 000174.950, 340
Trd, 000175.217, 339
Trd, 000175.350, 337.0
Trd, 000175.683, 345
Trd, 000177.700, 349.0
Trd, 000179.467, 346
Trd, 000179.650, 338
Trd, 000180.133, 337
Trd, 000180.350, 336
Trd, 000180.567, 348
Trd, 000180.767, 330.0
Trd, 000181.483, 339
Trd, 000181.583, 324
Trd, 000181.733, 324
Trd, 000182.233, 330
Trd, 000182.450, 323
Trd, 000182.650, 310
Trd, 000183.017, 337.0
Trd, 000183.150, 322
Trd, 000183.283, 303.0
Trd, 000183.567, 300.0
Trd, 000183.850, 214
Trd, 000184.400, 337
Trd, 000184.717, 204
Trd, 000185.033, 193
Trd, 000185.283, 186
Trd, 000185.350, 180
Trd, 000186.283, 173
Trd, 000186.700, 194
Trd, 000187.000, 193
Trd, 000187.117, 176
Trd, 000187.233, 155
Trd, 000187.317, 175
Trd, 000187.567, 152
Trd, 000189.917, 171
Trd, 000190.633, 172
Trd, 000190.750, 169
Trd, 000191.083, 169
Trd, 000192.150, 168
Trd, 000192.700, 166
Trd, 000192.917, 165
Trd, 000193.317, 159
Trd, 000193.850, 167
Trd, 000194.167, 167
Trd, 000194.550, 168
Trd, 000195.383, 158
Trd, 000196.250, 167
Trd, 000196.583, 167
Trd, 000196.883, 162
Trd, 000197.750, 164
Trd, 000197.817, 165
Trd, 000198.167, 164
Trd, 000198.633, 160
Trd, 000199.717, 166
Trd, 000200.067, 159
Trd, 000200.500, 147
Trd, 000201.167, 161
Trd, 000201.483, 149
Trd, 000202.667, 162
Trd, 000203.317, 162
Trd, 000203.450, 161
Trd, 000203.633, 159
Trd, 000204.583, 158
Trd, 000205.050, 162
Trd, 000205.183, 157
Trd, 000205.417, 164
Trd, 000205.717, 159
Trd, 000205.783, 168
Trd, 000206.050, 175
Trd, 000207.050, 176
Trd, 000207.767, 174
Trd, 000208.500, 176
Trd, 000208.550, 178
Trd, 000208.900, 179
Trd, 000209.717, 181
Trd, 000210.783, 172
Trd, 000210.850, 171
Trd, 000211.467, 171
Trd, 000212.467, 171
Trd, 000212.650, 172
Trd, 000212.700, 164
Trd, 000213.183, 161
Trd, 000214.033, 158
Trd, 000214.367, 148
Trd, 000214.583, 169
Trd, 000215.350, 166
Trd, 000215.433, 167
Trd, 000215.883, 156
Trd, 000216.833, 158
Trd, 000218.333, 159
Trd, 000218.483, 148
Trd, 000218.950, 166
Trd, 000219.200, 166
Trd, 000219.433, 159
Trd, 000220.017, 156
Trd, 000220.183, 165
Trd, 000222.083, 163
Trd, 000222.967, 160
Trd, 000223.450, 164
Trd, 000223.967, 161
Trd, 000224.317, 172
Trd, 000224.367, 173
Trd, 000224.700, 162
Trd, 000226.117, 164
Trd, 000226.583, 162
Trd, 000228.650, 167
Trd, 000228.800, 168
Trd, 000229.100, 171
Trd, 000229.567, 174
Trd, 000229.683, 177
Trd, 000229.983, 164
Trd, 000230.183, 164
Trd, 000230.883, 162
Trd, 000232.167, 162
Trd, 000232.917, 167
Trd, 000233.083, 169
Trd, 000233.200, 170
Trd, 000233.467, 174
Trd, 000233.550, 178
Trd, 000233.817, 181
Trd, 000234.000, 162
Trd, 000235.617, 165
Trd, 000235.733, 170
Trd, 000235.817, 163
Trd, 000235.950, 161
Trd, 000236.583, 160
Trd, 000236.933, 170
Trd, 000237.933, 172
Trd, 000238.450, 168
Trd, 000238.733, 169
Trd, 000239.767, 169
Trd, 000241.217, 165
Trd, 000241.683, 166
Trd, 000241.800, 169
Trd, 000242.417, 169
Trd, 000242.467, 168
Trd, 000242.650, 171
Trd, 000242.783, 172
Trd, 000242.983, 170
Trd, 000243.333, 167
Trd, 000243.967, 175
Trd, 000244.333, 168
Trd, 000245.083, 168
Trd, 000245.483, 170
Trd, 000245.500, 171
Trd, 000246.300, 175
Trd, 000246.383, 173
Trd, 000246.717, 173
Trd, 000246.883, 172
Trd, 000247.000, 174
Trd, 000247.233, 179
Trd, 000247.767, 182
Trd, 000248.733, 186
Trd, 000248.983, 183
Trd, 000249.100, 178
Trd, 000249.433, 178
Trd, 000249.450, 180
Trd, 000249.583, 176
Trd, 000249.867, 175
Trd, 000250.400, 168
Trd, 000251.500, 175
Trd, 000253.033, 173
Trd, 000253.900, 168
Trd, 000254.267, 173
Trd, 000254.300, 174
Trd, 000254.850, 172
Trd, 000255.700, 174
Trd, 000255.750, 173
Trd, 000255.883, 175
Trd, 000256.383, 175
Trd, 000256.767, 176
Trd, 000256.867, 181
Trd, 000257.033, 175
Trd, 000257.217, 180
Trd, 000257.383, 163
Trd, 000257.483, 165
Trd, 000257.800, 160
Trd, 000257.817, 156
Trd, 000259.017, 173
Trd, 000259.517, 174
Trd, 000259.633, 174
Trd, 000259.750, 175
Trd, 000260.033, 181
Trd, 000261.267, 178
Trd, 000261.833, 173
Trd, 000261.950, 178
Trd, 000262.083, 172
Trd, 000262.317, 175
Trd, 000262.533, 173
Trd, 000262.717, 177
Trd, 000263.933, 183
Trd, 000264.750, 175
Trd, 000264.767, 183
Trd, 000265.200, 184
Trd, 000265.717, 177
Trd, 000266.167, 177
Trd, 000267.067, 180
Trd, 000267.467, 175
Trd, 000267.667, 176
Trd, 000268.217, 171
Trd, 000268.983, 176
Trd, 000269.467, 178
Trd, 000269.767, 179
Trd, 000270.583, 177
Trd, 000270.600, 178
Trd, 000271.417, 182
Trd, 000271.717, 176
Trd, 000271.817, 175
Trd, 000271.933, 171
Trd, 000272.083, 170
Trd, 000272.183, 189
Trd, 000272.383, 173
Trd, 000273.717, 169
Trd, 000274.400, 175
Trd, 000275.050, 176
Trd, 000276.317, 173
Trd, 000276.467, 175
Trd, 000276.583, 172
Trd, 000276.683, 171
Trd, 000276.833, 176
Trd, 000276.967, 171
Trd, 000277.733, 169
Trd, 000278.167, 176
Trd, 000278.250, 177
Trd, 000278.950, 178
Trd, 000279.000, 176
Trd, 000279.883, 172
Trd, 000280.017, 171
Trd, 000280.083, 180
Trd, 000280.483, 169
Trd, 000280.850, 180
Trd, 000281.033, 181
Trd, 000281.550, 168
Trd, 000282.033, 172
Trd, 000282.250, 181
Trd, 000282.400, 183
Trd, 000283.150, 186
Trd, 000283.750, 168
Trd, 000284.383, 182
Trd, 000284.967, 182
Trd, 000285.650, 180
Trd, 000285.833, 178
Trd, 000285.967, 181
Trd, 000286.033, 179
Trd, 000286.183, 178
Trd, 000286.217, 176
Trd, 000286.733, 171
Trd, 000286.983, 180
Trd, 000287.583, 179
Trd, 000288.167, 177
Trd, 000288.800, 178
Trd, 000288.867, 177
Trd, 000289.267, 180
Trd, 000289.683, 173
Trd, 000290.050, 180
Trd, 000290.783, 178
Trd, 000291.167, 178
Trd, 000291.367, 179
Trd, 000291.633, 183
Trd, 000291.850, 167
Trd, 000293.017, 179
Trd, 000293.167, 180
Trd, 000293.517, 180
Trd, 000293.617, 179
Trd, 000293.750, 184
Trd, 000293.833, 187
Trd, 000294.867, 178
Trd, 000295.100, 184
Trd, 000296.033, 177
Trd, 000296.300, 190
Trd, 000296.433, 169
Trd, 000296.617, 166
Trd, 000296.983, 167
Trd, 000297.183, 191
Trd, 000297.383, 194
Trd, 000297.750, 195
Trd, 000297.933, 198
Trd, 000299.183, 184
Trd, 000299.417, 185
Trd, 000299.767, 182
Trd, 000299.817, 180
Trd, 000299.883, 183
Trd, 000299.933, 178
