Trd, 000001.550, 110
Trd, 000001.667, 124
Trd, 000001.917, 155
Trd, 000003.450, 136
Trd, 000003.517, 137
Trd, 000003.600, 127
Trd, 000003.800, 123
Trd, 000005.400, 144
Trd, 000006.250, 148
Trd, 000007.233, 142
Trd, 000007.833, 138
Trd, 000008.850, 150
Trd, 000009.250, 138
Trd, 000010.767, 143
Trd, 000010.967, 141
Trd, 000011.350, 142
Trd, 000013.067, 142
Trd, 000013.900, 139
Trd, 000014.300, 141
Trd, 000014.400, 142
Trd, 000014.417, 143
Trd, 000015.533, 156
Trd, 000015.783, 159
Trd, 000016.550, 143
Trd, 000016.717, 140
Trd, 000016.833, 139
Trd, 000016.900, 158
Trd, 000017.350, 162
Trd, 000018.500, 154
Trd, 000019.633, 141
Trd, 000020.867, 149
Trd, 000020.933, 151
Trd, 000020.983, 161
Trd, 000021.667, 145
Trd, 000022.533, 155
Trd, 000022.883, 157
Trd, 000025.100, 152
Trd, 000025.850, 149
Trd, 000026.900, 150
Trd, 000027.700, 149
Trd, 000027.900, 148
Trd, 000028.817, 151
Trd, 000029.000, 152
Trd, 000029.283, 158
Trd, 000029.617, 160
Trd, 000030.133, 147
Trd, 000031.033, 161
Trd, 000031.767, 153
Trd, 000033.300, 152
Trd, 000033.550, 151
Trd, 000033.617, 147
Trd, 000033.750, 157
Trd, 000034.133, 156
Trd, 000035.083, 145
Trd, 000036.700, 155
Trd, 000037.667, 158
Trd, 000037.717, 158
Trd, 000037.917, 146
Trd, 000039.233, 149
Trd, 000040.400, 152
Trd, 000042.183, 149
Trd, 000042.283, 149
Trd, 000042.350, 148
Trd, 000042.750, 150
Trd, 000043.317, 151
Trd, 000043.367, 161
Trd, 000044.817, 155
Trd, 000045.533, 150
Trd, 000046.017, 156
Trd, 000046.383, 159
Trd, 000047.050, 150
Trd, 000047.750, 160
Trd, 000048.317, 149
Trd, 000048.983, 152
Trd, 000049.017, 157
Trd, 000049.133, 158
Trd, 000050.917, 159
Trd, 000051.633, 160
Trd, 000051.800, 153
Trd, 000052.083, 162
Trd, 000052.217, 163
Trd, 000052.883, 167
Trd, 000053.917, 155
Trd, 000055.267, 148
Trd, 000056.200, 149
Trd, 000057.467, 151
Trd, 000057.783, 150
Trd, 000057.917, 153
Trd, 000058.533, 152
Trd, 000059.117, 154
Trd, 000059.717, 154
Trd, 000060.517, 159
Trd, 000061.083, 155
Trd, 000062.350, 155
Trd, 000062.433, 161
Trd, 000062.467, 153
Trd, 000062.817, 152
Trd, 000063.267, 164
Trd, 000065.250, 158
Trd, 000066.700, 154
Trd, 000068.333, 157
Trd, 000069.383, 147
Trd, 000069.533, 155
Trd, 000069.867, 156
Trd, 000070.483, 158
Trd, 000070.717, 148
Trd, 000070.917, 175
Trd, 000071.217, 152
Trd, 000072.167, 153
Trd, 000072.233, 153
Trd, 000072.283, 152
Trd, 000073.033, 151
Trd, 000074.100, 150
Trd, 000074.583, 153
Trd, 000075.167, 154
Trd, 000076.583, 158
Trd, 000077.283, 155
Trd, 000077.333, 152
Trd, 000077.433, 151
Trd, 000078.717, 161
Trd, 000078.750, 157
Trd, 000079.633, 161
Trd, 000080.117, 161
Trd, 000081.400, 161
Trd, 000081.467, 165
Trd, 000081.600, 166
Trd, 000082.417, 165
Trd, 000083.600, 156
Trd, 000085.633, 155
Trd, 000086.083, 153
Trd, 000086.317, 157
Trd, 000086.550, 165
Trd, 000087.033, 154
Trd, 000087.350, 166
Trd, 000087.467, 155
Trd, 000088.017, 153
Trd, 000088.833, 155
Trd, 000089.633, 155
Trd, 000091.050, 161
Trd, 000091.200, 151
Trd, 000091.267, 162
Trd, 000092.250, 163
Trd, 000094.133, 159
Trd, 000094.317, 160
Trd, 000094.883, 155
Trd, 000096.167, 154
Trd, 000096.450, 157
Trd, 000097.133, 154
Trd, 000097.467, 156
Trd, 000099.183, 155
Trd, 000100.217, 154
Trd, 000100.917, 154
Trd, 000101.033, 155
Trd, 000101.050, 158
Trd, 000101.217, 151
Trd, 000104.067, 152
Trd, 000104.317, 153
Trd, 000104.367, 154
Trd, 000104.483, 156
Trd, 000105.017, 165
Trd, 000105.183, 153
Trd, 000105.733, 162
Trd, 000105.767, 168
Trd, 000105.933, 153
Trd, 000107.067, 158
Trd, 000107.917, 154
Trd, 000109.217, 156
Trd, 000110.250, 154
Trd, 000110.350, 153
Trd, 000111.000, 154
Trd, 000111.517, 160
Trd, 000111.533, 169
Trd, 000111.783, 153
Trd, 000111.900, 172
Trd, 000113.700, 152
Trd, 000114.317, 150
Trd, 000114.550, 168
Trd, 000116.167, 161
Trd, 000117.917, 157
Trd, 000120.150, 155
Trd, 000120.883, 156
Trd, 000121.317, 157
Trd, 000121.350, 160
Trd, 000122.267, 158
Trd, 000122.433, 171
Trd, 000122.483, 174
Trd, 000122.817, 184
Trd, 000123.000, 175
Trd, 000123.500, 232
Trd, 000123.833, 246
Trd, 000124.000, 300.0
Trd, 000124.433, 310.0
Trd, 000124.817, 317.0
Trd, 000125.450, 348.0
Trd, 000126.133, 342.0
Trd, 000126.183, 351
Trd, 000126.767, 342
Trd, 000128.467, 355.0
Trd, 000128.633, 343.0
Trd, 000128.817, 341.0
Trd, 000129.350, 338
Trd, 000131.167, 340
Trd, 000132.483, 340
Trd, 000132.650, 338
Trd, 000133.283, 343
Trd, 000133.733, 342
Trd, 000134.033, 344
Trd, 000134.800, 341
Trd, 000135.483, 348
Trd, 000137.800, 343
Trd, 000138.033, 347
Trd, 000138.367, 341.0
Trd, 000138.650, 341
Trd, 000139.167, 343
Trd, 000142.017, 347
Trd, 000142.183, 351
Trd, 000142.867, 356
Trd, 000143.417, 347
Trd, 000143.517, 355
Trd, 000144.667, 346
Trd, 000145.100, 344
Trd, 000145.500, 344.0
Trd, 000146.200, 344
Trd, 000146.783, 342.0
Trd, 000147.550, 352
Trd, 000147.967, 347
Trd, 000148.017, 346
Trd, 000148.433, 352
Trd, 000148.667, 358
Trd, 000149.417, 343.0
Trd, 000149.850, 352
Trd, 000151.267, 342
Trd, 000151.817, 341.0
Trd, 000154.083, 346
Trd, 000154.517, 346
Trd, 000154.533, 344
Trd, 000154.733, 341
Trd, 000154.933, 338
Trd, 000155.367, 348
Trd, 000156.783, 341.0
Trd, 000157.300, 336
Trd, 000157.700, 342.0
Trd, 000157.867, 351
Trd, 000157.950, 355
Trd, 000158.017, 358
Trd, 000159.900, 357
Trd, 000160.200, 348
Trd, 000161.217, 348
Trd, 000161.900, 348
Trd, 000162.833, 343
Trd, 000162.850, 335
Trd, 000162.883, 344
Trd, 000164.650, 342
Trd, 000164.983, 346
Trd, 000167.583, 344
Trd, 000168.100, 342.0
Trd, 000168.183, 347.0
Trd, 000168.683, 347
Trd, 000168.750, 341.0
Trd, 000169.800, 342
Trd, 000169.833, 344
Trd, 000170.433, 341.0
Trd, 000171.633, 338
Trd, 000171.733, 339
Trd, 000171.900, 343
Trd, 000171.950, 336
Trd, 000172.417, 344
Trd, 000172.650, 348.0
Trd, 000173.200, 346
Trd, 000173.267, 330
Trd, 000173.933, 336
Trd, 000176.817, 346
Trd, 000178.983, 350
Trd, 000179.733, 355.0
Trd, 000179.800, 349
Trd, 000180.000, 358
Trd, 000180.900, 350
Trd, 000181.217, 344.0
Trd, 000181.483, 341.0
Trd, 000181.933, 340
Trd, 000183.000, 336
Trd, 000183.467, 330
Trd, 000183.517, 338
Trd, 000183.633, 324.0
Trd, 000183.833, 320.0
Trd, 000183.900, 317.0
Trd, 000184.350, 221
Trd, 000184.433, 220
Trd, 000184.533, 218
Trd, 000184.983, 284
Trd, 000185.017, 202
Trd, 000185.033, 199
Trd, 000185.667, 200
Trd, 000186.533, 174
Trd, 000186.617, 187
Trd, 000187.283, 191
Trd, 000188.333, 201
Trd, 000189.083, 169
Trd, 000190.450, 186
Trd, 000191.767, 172
Trd, 000192.383, 172
Trd, 000192.833, 166
Trd, 000193.050, 155
Trd, 000193.417, 175
Trd, 000193.917, 167
Trd, 000195.167, 167
Trd, 000195.217, 163
Trd, 000195.750, 167
Trd, 000196.933, 169
Trd, 000197.050, 176
Trd, 000197.217, 165
Trd, 000197.767, 174
Trd, 000199.550, 175
Trd, 000199.767, 175
Trd, 000200.400, 166
Trd, 000203.217, 174
Trd, 000203.267, 164
Trd, 000203.900, 169
Trd, 000204.500, 171
Trd, 000204.600, 176
Trd, 000205.900, 172
Trd, 000206.150, 175
Trd, 000206.517, 165
Trd, 000206.817, 164
Trd, 000207.733, 161
Trd, 000207.817, 169
Trd, 000207.950, 170
Trd, 000208.033, 173
Trd, 000208.183, 155
Trd, 000209.817, 171
Trd, 000210.350, 165
Trd, 000210.483, 168
Trd, 000211.333, 165
Trd, 000211.350, 168
Trd, 000212.167, 167
Trd, 000212.183, 168
Trd, 000212.233, 166
Trd, 000212.567, 167
Trd, 000212.717, 169
Trd, 000213.633, 179
Trd, 000214.500, 166
Trd, 000216.900, 168
Trd, 000217.167, 167
Trd, 000219.100, 166
Trd, 000219.633, 167
Trd, 000219.817, 166
Trd, 000220.117, 165
Trd, 000220.167, 157
Trd, 000220.250, 166
Trd, 000220.900, 170
Trd, 000221.200, 177
Trd, 000221.517, 180
Trd, 000221.550, 184
Trd, 000222.517, 193
Trd, 000223.100, 162
Trd, 000223.333, 191
Trd, 000225.283, 187
Trd, 000225.417, 193
Trd, 000226.200, 170
Trd, 000227.350, 174
Trd, 000227.533, 177
Trd, 000227.783, 177
Trd, 000228.133, 168
Trd, 000229.267, 178
Trd, 000230.983, 178
Trd, 000231.233, 173
Trd, 000231.500, 179
Trd, 000231.767, 173
Trd, 000232.250, 179
Trd, 000232.900, 178
Trd, 000233.133, 172
Trd, 000234.000, 180
Trd, 000235.067, 179
Trd, 000235.367, 171
Trd, 000235.633, 170
Trd, 000236.167, 178
Trd, 000236.400, 172
Trd, 000237.250, 176
Trd, 000237.967, 181
Trd, 000238.917, 173
Trd, 000240.183, 175
Trd, 000240.317, 175
Trd, 000240.550, 173
Trd, 000240.633, 168
Trd, 000241.133, 170
Trd, 000241.300, 174
Trd, 000241.750, 171
Trd, 000242.400, 172
Trd, 000243.083, 172
Trd, 000243.150, 174
Trd, 000243.517, 174
Trd, 000243.717, 175
Trd, 000243.800, 175
Trd, 000244.250, 172
Trd, 000244.867, 171
Trd, 000245.567, 168
Trd, 000245.733, 170
Trd, 000245.933, 169
Trd, 000246.317, 171
Trd, 000247.017, 172
Trd, 000247.300, 178
Trd, 000247.650, 170
Trd, 000247.833, 168
Trd, 000248.450, 178
Trd, 000248.600, 165
Trd, 000249.167, 158
Trd, 000249.750, 175
Trd, 000250.300, 177
Trd, 000250.367, 178
Trd, 000250.850, 175
Trd, 000251.150, 178
Trd, 000251.583, 178
Trd, 000252.033, 177
Trd, 000252.717, 172
Trd, 000252.900, 166
Trd, 000253.733, 167
Trd, 000253.883, 176
Trd, 000254.383, 176
Trd, 000255.100, 169
Trd, 000255.117, 169
Trd, 000255.800, 168
Trd, 000256.933, 172
Trd, 000257.633, 174
Trd, 000258.083, 175
Trd, 000258.900, 175
Trd, 000258.967, 172
Trd, 000260.217, 176
Trd, 000261.217, 177
Trd, 000261.283, 181
Trd, 000261.583, 172
Trd, 000261.700, 175
Trd, 000261.833, 171
Trd, 000262.900, 172
Trd, 000263.183, 168
Trd, 000263.700, 169
Trd, 000264.133, 169
Trd, 000264.667, 167
Trd, 000265.133, 167
Trd, 000265.783, 168
Trd, 000266.417, 169
Trd, 000266.550, 166
Trd, 000266.683, 170
Trd, 000266.800, 164
Trd, 000266.967, 158
Trd, 000267.950, 175
Trd, 000268.883, 172
Trd, 000270.617, 173
Trd, 000271.050, 171
Trd, 000271.300, 178
Trd, 000272.000, 182
Trd, 000272.417, 183
Trd, 000272.500, 181
Trd, 000272.917, 184
Trd, 000273.600, 185
Trd, 000274.350, 184
Trd, 000274.833, 177
Trd, 000275.017, 176
Trd, 000275.033, 185
Trd, 000275.733, 179
Trd, 000276.233, 181
Trd, 000276.417, 168
Trd, 000277.433, 173
Trd, 000278.350, 174
Trd, 000278.483, 174
Trd, 000278.617, 165
Trd, 000278.650, 176
Trd, 000279.183, 189
Trd, 000280.100, 182
Trd, 000280.467, 179
Trd, 000280.817, 173
Trd, 000280.850, 172
Trd, 000281.500, 171
Trd, 000281.900, 170
Trd, 000282.350, 169
Trd, 000282.600, 176
Trd, 000283.150, 170
Trd, 000283.467, 175
Trd, 000283.600, 173
Trd, 000284.350, 176
Trd, 000285.200, 183
Trd, 000285.717, 178
Trd, 000286.583, 179
Trd, 000286.917, 180
Trd, 000286.983, 172
Trd, 000287.367, 178
Trd, 000287.783, 179
Trd, 000287.817, 176
Trd, 000287.950, 175
Trd, 000288.450, 173
Trd, 000288.500, 179
Trd, 000288.717, 184
Trd, 000289.100, 187
Trd, 000289.550, 176
Trd, 000289.750, 180
Trd, 000289.800, 170
Trd, 000290.400, 164
Trd, 000291.500, 184
Trd, 000293.450, 174
Trd, 000293.750, 174
Trd, 000293.767, 177
Trd, 000294.417, 177
Trd, 000294.583, 172
Trd, 000296.483, 176
Trd, 000296.800, 177
Trd, 000296.817, 177
Trd, 000297.150, 174
Trd, 000297.333, 181
Trd, 000297.533, 171
Trd, 000297.833, 171
Trd, 000297.950, 165
Trd, 000298.283, 187
Trd, 000298.550, 188
Trd, 000298.567, 191
Trd, 000298.817, 197
Trd, 000299.867, 178
