Trd, 000002.133, 138
Trd, 000002.733, 141
Trd, 000003.617, 158
Trd, 000004.850, 151
Trd, 000005.017, 137
Trd, 000005.050, 151
Trd, 000005.350, 138
Trd, 000005.517, 148
Trd, 000006.000, 155
Trd, 000006.317, 148
Trd, 000006.350, 153
Trd, 000007.667, 151
Trd, 000008.083, 152
Trd, 000008.833, 152
Trd, 000009.000, 156
Trd, 000009.183, 155
Trd, 000009.667, 153
Trd, 000011.233, 153
Trd, 000011.400, 152
Trd, 000011.583, 153
Trd, 000012.400, 154
Trd, 000012.550, 151
Trd, 000012.900, 156
Trd, 000013.400, 155
Trd, 000013.767, 156
Trd, 000013.883, 156
Trd, 000014.133, 156
Trd, 000014.167, 155
Trd, 000014.900, 152
Trd, 000015.367, 157
Trd, 000016.917, 158
Trd, 000018.067, 158
Trd, 000018.717, 159
Trd, 000018.967, 160
Trd, 000019.450, 156
Trd, 000020.433, 155
Trd, 000020.733, 157
Trd, 000021.017, 156
Trd, 000021.467, 155
Trd, 000021.883, 156
Trd, 000022.050, 154
Trd, 000022.483, 156
Trd, 000022.550, 155
Trd, 000022.750, 154
Trd, 000023.083, 154
Trd, 000023.517, 153
Trd, 000024.150, 153
Trd, 000024.383, 131
Trd, 000025.033, 153
Trd, 000025.300, 154
Trd, 000025.533, 136
Trd, 000025.867, 156
Trd, 000026.417, 151
Trd, 000028.900, 148
Trd, 000029.067, 150
Trd, 000029.200, 147
Trd, 000029.633, 151
Trd, 000030.317, 146
Trd, 000031.300, 149
Trd, 000032.033, 149
Trd, 000032.367, 149
Trd, 000032.667, 147
Trd, 000033.083, 146
Trd, 000034.550, 144
Trd, 000034.767, 146
Trd, 000034.783, 150
Trd, 000034.850, 151
Trd, 000034.983, 145
Trd, 000035.067, 161
Trd, 000035.683, 178
Trd, 000035.883, 159
Trd, 000035.900, 158
Trd, 000037.650, 162
Trd, 000038.217, 162
Trd, 000038.350, 160
Trd, 000038.517, 160
Trd, 000039.917, 161
Trd, 000039.950, 159
Trd, 000040.750, 155
Trd, 000040.833, 160
Trd, 000040.917, 155
Trd, 000041.350, 153
Trd, 000041.767, 157
Trd, 000041.783, 155
Trd, 000042.033, 153
Trd, 000042.600, 153
Trd, 000043.117, 142
Trd, 000043.250, 146
Trd, 000043.433, 148
Trd, 000043.767, 146
Trd, 000044.067, 147
Trd, 000044.817, 162
Trd, 000046.533, 160
Trd, 000047.117, 176
Trd, 000047.300, 183
Trd, 000047.567, 189
Trd, 000047.583, 152
Trd, 000048.050, 169
Trd, 000049.483, 169
Trd, 000050.517, 169
Trd, 000051.033, 168
Trd, 000051.133, 167
Trd, 000052.383, 165
Trd, 000052.617, 165
Trd, 000052.817, 164
Trd, 000053.000, 164
Trd, 000053.200, 163
Trd, 000054.817, 160
Trd, 000055.217, 156
Trd, 000055.617, 153
Trd, 000055.767, 151
Trd, 000056.583, 152
Trd, 000056.600, 156
Trd, 000057.250, 162
Trd, 000057.933, 147
Trd, 000057.950, 146
Trd, 000058.583, 153
Trd, 000058.967, 152
Trd, 000059.433, 153
Trd, 000059.833, 154
Trd, 000061.833, 157
Trd, 000062.317, 159
Trd, 000062.633, 157
Trd, 000063.067, 159
Trd, 000064.150, 157
Trd, 000064.717, 158
Trd, 000065.283, 159
Trd, 000065.433, 158
Trd, 000065.583, 157
Trd, 000065.800, 157
Trd, 000066.067, 156
Trd, 000066.917, 156
Trd, 000067.000, 159
Trd, 000067.733, 160
Trd, 000067.850, 161
Trd, 000067.983, 155
Trd, 000068.533, 156
Trd, 000069.900, 158
Trd, 000070.167, 157
Trd, 000070.333, 158
Trd, 000070.567, 155
Trd, 000071.100, 141
Trd, 000071.817, 162
Trd, 000072.183, 150
Trd, 000072.867, 154
Trd, 000074.133, 151
Trd, 000074.183, 154
Trd, 000074.700, 155
Trd, 000074.850, 161
Trd, 000075.117, 151
Trd, 000075.217, 156
Trd, 000075.467, 150
Trd, 000076.567, 152
Trd, 000076.783, 152
Trd, 000077.300, 155
Trd, 000077.667, 152
Trd, 000078.400, 157
Trd, 000079.317, 162
Trd, 000079.617, 163
Trd, 000079.717, 166
Trd, 000079.950, 155
Trd, 000080.733, 153
Trd, 000081.517, 155
Trd, 000081.700, 156
Trd, 000081.800, 151
Trd, 000083.283, 162
Trd, 000083.833, 163
Trd, 000084.100, 154
Trd, 000084.183, 152
Trd, 000084.650, 163
Trd, 000084.850, 164
Trd, 000085.867, 163
Trd, 000086.683, 160
Trd, 000086.783, 159
Trd, 000087.317, 160
Trd, 000087.600, 158
Trd, 000088.217, 158
Trd, 000088.767, 156
Trd, 000089.367, 157
Trd, 000089.450, 157
Trd, 000090.300, 156
Trd, 000090.433, 157
Trd, 000090.900, 160
Trd, 000091.183, 164
Trd, 000091.767, 160
Trd, 000092.783, 158
Trd, 000093.283, 164
Trd, 000094.150, 158
Trd, 000094.567, 159
Trd, 000094.833, 157
Trd, 000095.383, 157
Trd, 000095.817, 157
Trd, 000096.100, 157
Trd, 000096.200, 160
Trd, 000096.833, 160
Trd, 000097.083, 157
Trd, 000097.733, 162
Trd, 000098.417, 151
Trd, 000099.383, 155
Trd, 000100.283, 156
Trd, 000100.450, 156
Trd, 000101.267, 155
Trd, 000101.317, 155
Trd, 000101.717, 156
Trd, 000101.750, 158
Trd, 000103.183, 157
Trd, 000103.267, 164
Trd, 000103.550, 152
Trd, 000104.183, 164
Trd, 000104.967, 156
Trd, 000105.100, 156
Trd, 000105.350, 154
Trd, 000105.900, 160
Trd, 000106.267, 160
Trd, 000106.333, 165
Trd, 000106.350, 168
Trd, 000108.183, 166
Trd, 000108.200, 162
Trd, 000108.267, 167
Trd, 000109.567, 167
Trd, 000109.883, 160
Trd, 000110.300, 167
Trd, 000110.350, 168
Trd, 000110.850, 162
Trd, 000110.967, 168
Trd, 000111.083, 176
Trd, 000111.200, 162
Trd, 000111.317, 166
Trd, 000112.083, 161
Trd, 000114.133, 159
Trd, 000114.650, 159
Trd, 000115.117, 158
Trd, 000115.167, 160
Trd, 000116.300, 159
Trd, 000116.433, 162
Trd, 000116.683, 160
Trd, 000116.717, 156
Trd, 000118.483, 166
Trd, 000118.533, 170
Trd, 000118.900, 170
Trd, 000119.567, 168
Trd, 000119.867, 169
Trd, 000119.983, 167
Trd, 000120.550, 166
Trd, 000120.700, 163
Trd, 000121.450, 166
Trd, 000121.833, 167
Trd, 000122.067, 177
Trd, 000123.183, 198
Trd, 000123.250, 212
Trd, 000123.650, 255
Trd, 000123.717, 268
Trd, 000124.067, 317
Trd, 000124.183, 333
Trd, 000125.233, 334.0
Trd, 000126.217, 337
Trd, 000127.267, 336
Trd, 000127.533, 335
Trd, 000128.833, 340.0
Trd, 000129.400, 344.0
Trd, 000129.900, 341.0
Trd, 000131.000, 337.0
Trd, 000131.917, 340
Trd, 000131.950, 342
Trd, 000132.133, 344.0
Trd, 000132.367, 348.0
Trd, 000133.200, 338.0
Trd, 000134.800, 343
Trd, 000135.400, 339
Trd, 000135.983, 340
Trd, 000136.417, 338
Trd, 000136.600, 335
Trd, 000136.917, 335
Trd, 000137.050, 337
Trd, 000137.667, 339
Trd, 000138.117, 339.0
Trd, 000138.500, 341.0
Trd, 000138.700, 341
Trd, 000139.683, 335
Trd, 000140.050, 341
Trd, 000140.167, 334.0
Trd, 000140.983, 342.0
Trd, 000141.067, 344.0
Trd, 000141.867, 341.0
Trd, 000142.083, 348.0
Trd, 000142.750, 348.0
Trd, 000143.500, 348
Trd, 000143.717, 349
Trd, 000144.067, 354.0
Trd, 000144.183, 340
Trd, 000144.783, 355.0
Trd, 000145.517, 349
Trd, 000145.650, 348
Trd, 000145.917, 353
Trd, 000146.000, 342
Trd, 000147.867, 346
Trd, 000148.417, 345
Trd, 000148.783, 348
Trd, 000149.100, 355.0
Trd, 000149.133, 365.0
Trd, 000149.467, 344
Trd, 000149.650, 358.0
Trd, 000149.750, 359
Trd, 000149.983, 355.0
Trd, 000150.183, 348.0
Trd, 000151.667, 348.0
Trd, 000152.333, 348
Trd, 000152.667, 353.0
Trd, 000153.167, 351.0
Trd, 000155.067, 352
Trd, 000155.167, 354
Trd, 000155.583, 351.0
Trd, 000155.667, 354.0
Trd, 000156.050, 349
Trd, 000157.083, 352
Trd, 000157.617, 354
Trd, 000158.167, 354.0
Trd, 000158.200, 348
Trd, 000158.467, 355.0
Trd, 000159.350, 335
Trd, 000159.717, 358
Trd, 000160.267, 358.0
Trd, 000160.600, 341.0
Trd, 000161.617, 344.0
Trd, 000162.217, 348.0
Trd, 000162.833, 343
Trd, 000162.917, 338
Trd, 000164.133, 341.0
Trd, 000164.150, 339
Trd, 000165.150, 341
Trd, 000165.367, 341
Trd, 000166.050, 348
Trd, 000166.800, 341
Trd, 000166.933, 355.0
Trd, 000169.950, 340.0
Trd, 000170.117, 341.0
Trd, 000170.700, 341
Trd, 000170.917, 344.0
Trd, 000171.217, 337
Trd, 000171.750, 345
Trd, 000171.867, 346
Trd, 000172.400, 345.0
Trd, 000172.567, 346.0
Trd, 000173.033, 339
Trd, 000173.533, 348
Trd, 000173.683, 338
Trd, 000175.967, 348.0
Trd, 000176.467, 344
Trd, 000176.583, 345
Trd, 000176.667, 341
Trd, 000177.033, 350
Trd, 000177.483, 343
Trd, 000177.633, 342
Trd, 000177.750, 347
Trd, 000178.150, 349
Trd, 000180.567, 353
Trd, 000180.983, 355
Trd, 000181.150, 351
Trd, 000181.467, 346
Trd, 000181.750, 344
Trd, 000181.767, 343
Trd, 000182.217, 321
Trd, 000182.633, 312
Trd, 000182.700, 310.0
Trd, 000184.183, 237
Trd, 000184.217, 204
Trd, 000184.300, 273
Trd, 000184.817, 182
Trd, 000185.050, 176
Trd, 000185.200, 205
Trd, 000185.383, 173
Trd, 000187.300, 174
Trd, 000187.367, 175
Trd, 000187.833, 174
Trd, 000187.883, 177
Trd, 000189.583, 177
Trd, 000189.667, 174
Trd, 000189.800, 183
Trd, 000189.883, 174
Trd, 000190.033, 171
Trd, 000190.867, 172
Trd, 000192.000, 173
Trd, 000192.200, 171
Trd, 000192.500, 170
Trd, 000192.833, 170
Trd, 000193.183, 172
Trd, 000193.433, 169
Trd, 000194.217, 169
Trd, 000194.767, 159
Trd, 000195.100, 162
Trd, 000195.267, 160
Trd, 000195.917, 161
Trd, 000198.783, 168
Trd, 000200.217, 166
Trd, 000200.500, 165
Trd, 000200.633, 166
Trd, 000200.850, 168
Trd, 000200.950, 168
Trd, 000201.400, 165
Trd, 000201.617, 164
Trd, 000202.233, 162
Trd, 000202.400, 170
Trd, 000202.667, 175
Trd, 000202.950, 161
Trd, 000203.117, 177
Trd, 000204.867, 175
Trd, 000205.467, 176
Trd, 000206.033, 175
Trd, 000206.417, 178
Trd, 000206.450, 178
Trd, 000207.483, 185
Trd, 000207.817, 179
Trd, 000208.083, 178
Trd, 000208.433, 177
Trd, 000208.733, 183
Trd, 000208.967, 172
Trd, 000209.950, 152
Trd, 000210.067, 162
Trd, 000210.617, 164
Trd, 000210.933, 162
Trd, 000212.133, 164
Trd, 000212.200, 165
Trd, 000213.800, 165
Trd, 000214.117, 162
Trd, 000215.267, 162
Trd, 000215.750, 161
Trd, 000216.183, 163
Trd, 000216.233, 162
Trd, 000216.333, 163
Trd, 000216.483, 161
Trd, 000216.617, 162
Trd, 000216.700, 165
Trd, 000216.883, 169
Trd, 000217.350, 179
Trd, 000217.450, 186
Trd, 000218.233, 180
Trd, 000218.583, 198
Trd, 000219.050, 186
Trd, 000219.100, 185
Trd, 000219.900, 175
Trd, 000221.517, 189
Trd, 000221.667, 182
Trd, 000221.967, 189
Trd, 000222.450, 183
Trd, 000224.000, 181
Trd, 000224.350, 182
Trd, 000225.217, 182
Trd, 000225.333, 180
Trd, 000225.500, 177
Trd, 000225.767, 179
Trd, 000226.383, 176
Trd, 000226.433, 176
Trd, 000226.517, 173
Trd, 000227.150, 172
Trd, 000228.117, 164
Trd, 000229.983, 160
Trd, 000230.000, 159
Trd, 000230.050, 161
Trd, 000230.150, 162
Trd, 000231.117, 164
Trd, 000231.167, 165
Trd, 000231.217, 171
Trd, 000231.583, 178
Trd, 000232.083, 178
Trd, 000232.250, 180
Trd, 000232.333, 165
Trd, 000233.383, 174
Trd, 000233.783, 168
Trd, 000234.217, 173
Trd, 000235.083, 175
Trd, 000235.650, 175
Trd, 000236.367, 172
Trd, 000237.833, 173
Trd, 000237.883, 176
Trd, 000237.917, 171
Trd, 000238.700, 175
Trd, 000238.950, 176
Trd, 000239.033, 178
Trd, 000239.317, 178
Trd, 000239.533, 181
Trd, 000240.483, 177
Trd, 000240.950, 175
Trd, 000241.183, 174
Trd, 000241.767, 170
Trd, 000241.800, 172
Trd, 000242.083, 172
Trd, 000242.350, 172
Trd, 000242.700, 173
Trd, 000243.150, 177
Trd, 000243.850, 179
Trd, 000244.133, 172
Trd, 000244.783, 172
Trd, 000245.133, 172
Trd, 000245.517, 178
Trd, 000245.817, 172
Trd, 000246.150, 171
Trd, 000247.117, 172
Trd, 000247.367, 172
Trd, 000247.650, 172
Trd, 000247.733, 171
Trd, 000247.900, 169
Trd, 000248.150, 172
Trd, 000248.667, 181
Trd, 000250.600, 173
Trd, 000250.817, 171
Trd, 000251.217, 171
Trd, 000251.683, 173
Trd, 000251.917, 171
Trd, 000251.933, 170
Trd, 000252.100, 169
Trd, 000252.283, 168
Trd, 000253.550, 164
Trd, 000254.067, 166
Trd, 000254.317, 173
Trd, 000254.417, 183
Trd, 000255.817, 167
Trd, 000255.867, 170
Trd, 000256.067, 171
Trd, 000256.383, 169
Trd, 000256.500, 171
Trd, 000256.733, 173
Trd, 000257.533, 170
Trd, 000257.600, 173
Trd, 000257.650, 168
Trd, 000258.467, 174
Trd, 000258.783, 170
Trd, 000259.100, 170
Trd, 000259.700, 161
Trd, 000260.233, 167
Trd, 000260.350, 171
Trd, 000260.367, 174
Trd, 000260.667, 181
Trd, 000261.067, 178
Trd, 000261.500, 177
Trd, 000262.267, 175
Trd, 000262.783, 179
Trd, 000263.100, 179
Trd, 000263.167, 177
Trd, 000264.350, 179
Trd, 000264.483, 176
Trd, 000264.900, 178
Trd, 000265.050, 181
Trd, 000265.067, 177
Trd, 000265.750, 176
Trd, 000265.867, 180
Trd, 000266.000, 181
Trd, 000266.033, 177
Trd, 000266.333, 176
Trd, 000266.600, 179
Trd, 000267.600, 182
Trd, 000267.717, 184
Trd, 000268.400, 182
Trd, 000269.650, 180
Trd, 000269.767, 183
Trd, 000269.950, 180
Trd, 000270.100, 180
Trd, 000270.317, 179
Trd, 000270.917, 178
Trd, 000271.267, 176
Trd, 000271.400, 178
Trd, 000271.433, 180
Trd, 000271.883, 182
Trd, 000272.100, 174
Trd, 000273.067, 164
Trd, 000273.217, 168
Trd, 000274.067, 173
Trd, 000274.567, 173
Trd, 000275.217, 174
Trd, 000275.250, 174
Trd, 000275.350, 175
Trd, 000275.400, 173
Trd, 000275.583, 170
Trd, 000275.683, 173
Trd, 000276.667, 176
Trd, 000277.717, 170
Trd, 000277.800, 174
Trd, 000278.117, 176
Trd, 000278.600, 167
Trd, 000279.267, 166
Trd, 000279.883, 165
Trd, 000280.000, 161
Trd, 000280.250, 164
Trd, 000280.650, 165
Trd, 000281.317, 163
Trd, 000281.567, 168
Trd, 000281.867, 165
Trd, 000282.433, 167
Trd, 000282.650, 163
Trd, 000283.450, 167
Trd, 000283.500, 168
Trd, 000283.567, 168
Trd, 000283.633, 169
Trd, 000283.683, 172
Trd, 000283.883, 176
Trd, 000285.133, 180
Trd, 000285.800, 164
Trd, 000286.417, 165
Trd, 000286.767, 170
Trd, 000287.083, 167
Trd, 000287.650, 166
Trd, 000288.117, 167
Trd, 000288.800, 166
Trd, 000289.217, 168
Trd, 000289.400, 171
Trd, 000289.850, 173
Trd, 000289.883, 175
Trd, 000289.933, 175
Trd, 000290.183, 177
Trd, 000290.767, 166
Trd, 000291.050, 170
Trd, 000292.283, 167
Trd, 000292.300, 166
Trd, 000292.383, 169
Trd, 000292.400, 174
Trd, 000292.450, 183
Trd, 000292.867, 177
Trd, 000292.900, 166
Trd, 000293.450, 167
Trd, 000293.950, 182
Trd, 000294.050, 184
Trd, 000294.317, 194
Trd, 000294.883, 176
Trd, 000295.267, 175
Trd, 000295.717, 175
Trd, 000296.083, 175
Trd, 000296.100, 176
Trd, 000296.383, 177
Trd, 000296.500, 173
Trd, 000297.833, 173
Trd, 000298.250, 171
Trd, 000298.900, 171
Trd, 000298.983, 171
Trd, 000299.167, 175
Trd, 000299.317, 175
Trd, 000299.367, 159
Trd, 000299.433, 185
