Trd, 000001.133, 175
Trd, 000001.500, 159
Trd, 000002.333, 129
Trd, 000002.683, 151
Trd, 000003.133, 156
Trd, 000003.300, 172
Trd, 000004.883, 168
Trd, 000005.633, 169
Trd, 000006.100, 170
Trd, 000006.267, 172
Trd, 000006.483, 168
Trd, 000008.000, 168
Trd, 000009.117, 168
Trd, 000009.367, 166
Trd, 000009.750, 160
Trd, 000010.600, 162
Trd, 000011.083, 159
Trd, 000011.617, 158
Trd, 000011.650, 156
Trd, 000012.317, 157
Trd, 000012.567, 156
Trd, 000012.983, 157
Trd, 000013.017, 159
Trd, 000013.650, 156
Trd, 000013.967, 155
Trd, 000014.000, 158
Trd, 000014.050, 161
Trd, 000014.600, 149
Trd, 000015.267, 135
Trd, 000016.733, 133
Trd, 000017.367, 163
Trd, 000018.550, 160
Trd, 000018.967, 146
Trd, 000019.617, 147
Trd, 000020.233, 147
Trd, 000020.433, 150
Trd, 000021.167, 146
Trd, 000021.950, 150
Trd, 000022.400, 153
Trd, 000022.983, 151
Trd, 000023.233, 160
Trd, 000024.017, 151
Trd, 000024.417, 151
Trd, 000024.550, 158
Trd, 000025.283, 152
Trd, 000027.000, 156
Trd, 000027.017, 155
Trd, 000028.083, 158
Trd, 000028.767, 160
Trd, 000029.100, 155
Trd, 000029.367, 161
Trd, 000030.350, 161
Trd, 000031.583, 163
Trd, 000031.967, 161
Trd, 000032.817, 163
Trd, 000033.817, 163
Trd, 000034.467, 160
Trd, 000034.750, 151
Trd, 000035.050, 140
Trd, 000035.167, 161
Trd, 000035.600, 135
Trd, 000036.067, 148
Trd, 000036.417, 162
Trd, 000037.383, 156
Trd, 000037.667, 162
Trd, 000037.750, 154
Trd, 000037.883, 152
Trd, 000038.133, 152
Trd, 000039.350, 161
Trd, 000040.500, 161
Trd, 000040.650, 160
Trd, 000041.083, 158
Trd, 000041.367, 162
Trd, 000041.683, 157
Trd, 000042.517, 161
Trd, 000042.733, 162
Trd, 000043.033, 156
Trd, 000044.183, 159
Trd, 000044.600, 160
Trd, 000044.900, 159
Trd, 000045.650, 159
Trd, 000046.350, 158
Trd, 000047.267, 172
Trd, 000047.617, 166
Trd, 000047.833, 167
Trd, 000048.833, 166
Trd, 000048.950, 169
Trd, 000049.600, 172
Trd, 000050.483, 169
Trd, 000051.117, 171
Trd, 000051.283, 172
Trd, 000051.367, 173
Trd, 000051.833, 169
Trd, 000052.333, 168
Trd, 000052.600, 167
Trd, 000053.067, 165
Trd, 000055.733, 166
Trd, 000055.917, 167
Trd, 000056.000, 162
Trd, 000056.017, 160
Trd, 000057.100, 154
Trd, 000057.250, 159
Trd, 000058.633, 159
Trd, 000058.767, 159
Trd, 000059.750, 160
Trd, 000060.300, 161
Trd, 000060.450, 160
Trd, 000060.800, 162
Trd, 000061.417, 162
Trd, 000061.600, 161
Trd, 000061.617, 164
Trd, 000062.617, 164
Trd, 000062.933, 163
Trd, 000063.917, 160
Trd, 000066.000, 161
Trd, 000066.033, 160
Trd, 000066.050, 155
Trd, 000066.617, 158
Trd, 000067.067, 162
Trd, 000067.300, 163
Trd, 000069.267, 161
Trd, 000069.383, 158
Trd, 000069.483, 158
Trd, 000069.683, 157
Trd, 000069.800, 162
Trd, 000070.017, 158
Trd, 000070.417, 163
Trd, 000071.667, 162
Trd, 000071.917, 164
Trd, 000072.267, 161
Trd, 000072.333, 165
Trd, 000073.850, 161
Trd, 000073.933, 163
Trd, 000074.083, 160
Trd, 000074.317, 158
Trd, 000074.650, 164
Trd, 000075.433, 164
Trd, 000075.617, 158
Trd, 000075.683, 164
Trd, 000076.650, 162
Trd, 000076.967, 157
Trd, 000078.150, 161
Trd, 000078.350, 156
Trd, 000078.550, 163
Trd, 000078.667, 156
Trd, 000080.533, 158
Trd, 000081.083, 159
Trd, 000081.450, 164
Trd, 000082.583, 164
Trd, 000082.817, 164
Trd, 000083.250, 160
Trd, 000084.417, 160
Trd, 000084.433, 163
Trd, 000084.700, 159
Trd, 000085.133, 160
Trd, 000085.633, 163
Trd, 000086.117, 164
Trd, 000087.633, 167
Trd, 000088.033, 163
Trd, 000088.217, 170
Trd, 000088.600, 164
Trd, 000088.733, 162
Trd, 000089.100, 166
Trd, 000089.333, 168
Trd, 000091.200, 170
Trd, 000091.433, 171
Trd, 000091.683, 167
Trd, 000092.433, 166
Trd, 000093.150, 153
Trd, 000093.417, 162
Trd, 000093.733, 166
Trd, 000094.117, 163
Trd, 000094.550, 163
Trd, 000094.733, 162
Trd, 000097.017, 162
Trd, 000097.167, 161
Trd, 000097.767, 163
Trd, 000098.333, 160
Trd, 000100.117, 161
Trd, 000100.300, 162
Trd, 000100.867, 160
Trd, 000101.900, 161
Trd, 000102.283, 160
Trd, 000102.350, 158
Trd, 000103.067, 162
Trd, 000105.367, 161
Trd, 000105.617, 163
Trd, 000105.817, 163
Trd, 000105.883, 160
Trd, 000106.150, 169
Trd, 000106.917, 163
Trd, 000107.300, 168
Trd, 000109.150, 168
Trd, 000109.200, 167
Trd, 000109.583, 166
Trd, 000109.933, 165
Trd, 000110.717, 168
Trd, 000111.017, 165
Trd, 000111.167, 168
Trd, 000112.017, 168
Trd, 000112.183, 169
Trd, 000112.583, 170
Trd, 000113.017, 166
Trd, 000113.083, 159
Trd, 000113.617, 173
Trd, 000115.350, 167
Trd, 000115.450, 165
Trd, 000116.633, 163
Trd, 000117.233, 165
Trd, 000117.283, 166
Trd, 000117.550, 164
Trd, 000117.633, 166
Trd, 000118.667, 165
Trd, 000119.033, 165
Trd, 000121.133, 164
Trd, 000121.767, 165
Trd, 000121.800, 170
Trd, 000122.083, 174
Trd, 000123.083, 180
Trd, 000123.233, 191
Trd, 000123.917, 207
Trd, 000123.983, 208
Trd, 000124.100, 217
Trd, 000124.833, 171
Trd, 000124.867, 240
Trd, 000124.950, 331.0
Trd, 000125.400, 349
Trd, 000125.733, 351
Trd, 000125.800, 358.0
Trd, 000126.417, 332
Trd, 000126.983, 354
Trd, 000127.383, 353
Trd, 000129.733, 349
Trd, 000129.767, 348.0
Trd, 000129.800, 351
Trd, 000129.983, 347
Trd, 000130.517, 354
Trd, 000130.800, 354
Trd, 000130.983, 352
Trd, 000131.350, 326
Trd, 000132.917, 356
Trd, 000133.000, 340
Trd, 000133.850, 355
Trd, 000134.333, 355
Trd, 000136.050, 346
Trd, 000136.217, 348.0
Trd, 000136.883, 356
Trd, 000136.917, 332.0
Trd, 000137.317, 351
Trd, 000137.733, 352
Trd, 000139.883, 348
Trd, 000140.700, 353
Trd, 000141.150, 352.0
Trd, 000141.317, 353
Trd, 000141.617, 358.0
Trd, 000141.983, 357
Trd, 000142.217, 348
Trd, 000142.983, 353
Trd, 000143.533, 350.0
Trd, 000143.983, 370
Trd, 000145.050, 351
Trd, 000145.367, 356.0
Trd, 000146.317, 354
Trd, 000146.383, 354
Trd, 000147.550, 356
Trd, 000147.767, 350
Trd, 000149.433, 357.0
Trd, 000149.450, 358.0
Trd, 000149.583, 355
Trd, 000149.967, 349.0
Trd, 000151.233, 355
Trd, 000151.300, 351
Trd, 000152.000, 354
Trd, 000152.550, 348.0
Trd, 000153.117, 354
Trd, 000153.483, 357
Trd, 000153.550, 358.0
Trd, 000153.867, 349
Trd, 000155.900, 352
Trd, 000156.267, 350
Trd, 000156.933, 353
Trd, 000157.117, 351
Trd, 000157.900, 349
Trd, 000158.233, 349
Trd, 000158.300, 348
Trd, 000158.750, 355
Trd, 000160.117, 357
Trd, 000160.200, 350.0
Trd, 000161.083, 348
Trd, 000161.267, 342
Trd, 000162.733, 349
Trd, 000162.933, 348.0
Trd, 000164.100, 342
Trd, 000164.433, 344
Trd, 000164.467, 355
Trd, 000165.317, 353
Trd, 000166.517, 344.0
Trd, 000166.633, 355
Trd, 000168.133, 345
Trd, 000168.183, 344
Trd, 000168.400, 331.0
Trd, 000168.767, 349
Trd, 000170.083, 347
Trd, 000170.150, 351
Trd, 000170.650, 353
Trd, 000171.517, 348
Trd, 000171.900, 358.0
Trd, 000171.933, 359
Trd, 000173.633, 352
Trd, 000174.167, 356
Trd, 000174.367, 351
Trd, 000174.883, 356
Trd, 000176.067, 354
Trd, 000176.967, 350
Trd, 000177.083, 358.0
Trd, 000177.317, 348
Trd, 000177.533, 348.0
Trd, 000178.533, 347
Trd, 000178.717, 357
Trd, 000179.483, 344
Trd, 000180.800, 346
Trd, 000181.050, 355
Trd, 000181.433, 357.0
Trd, 000181.667, 342
Trd, 000181.817, 332.0
Trd, 000182.617, 341
Trd, 000182.767, 331.0
Trd, 000182.883, 326
Trd, 000183.300, 298
Trd, 000184.067, 250
Trd, 000184.933, 273
Trd, 000185.317, 207
Trd, 000186.017, 191
Trd, 000186.067, 186
Trd, 000186.183, 174
Trd, 000186.500, 177
Trd, 000186.700, 187
Trd, 000186.967, 173
Trd, 000187.600, 172
Trd, 000187.667, 177
Trd, 000188.000, 169
Trd, 000188.450, 168
Trd, 000188.950, 169
Trd, 000190.383, 177
Trd, 000191.683, 174
Trd, 000192.250, 174
Trd, 000193.583, 174
Trd, 000193.683, 176
Trd, 000194.233, 180
Trd, 000194.467, 170
Trd, 000194.900, 171
Trd, 000195.150, 181
Trd, 000195.717, 172
Trd, 000195.783, 177
Trd, 000197.150, 185
Trd, 000197.400, 172
Trd, 000197.833, 181
Trd, 000197.933, 174
Trd, 000198.117, 182
Trd, 000198.200, 187
Trd, 000200.567, 176
Trd, 000200.650, 177
Trd, 000200.700, 176
Trd, 000201.333, 174
Trd, 000201.517, 178
Trd, 000201.800, 170
Trd, 000202.400, 164
Trd, 000202.667, 169
Trd, 000202.783, 169
Trd, 000202.833, 182
Trd, 000205.600, 164
Trd, 000205.767, 168
Trd, 000205.850, 166
Trd, 000206.317, 176
Trd, 000207.617, 176
Trd, 000207.650, 180
Trd, 000208.433, 179
Trd, 000208.883, 179
Trd, 000209.183, 177
Trd, 000210.100, 179
Trd, 000211.083, 178
Trd, 000211.600, 178
Trd, 000213.067, 183
Trd, 000213.217, 180
Trd, 000213.300, 176
Trd, 000213.333, 177
Trd, 000213.633, 175
Trd, 000213.967, 176
Trd, 000214.250, 169
Trd, 000214.767, 193
Trd, 000216.200, 173
Trd, 000216.433, 178
Trd, 000217.883, 179
Trd, 000218.417, 177
Trd, 000218.650, 175
Trd, 000218.667, 173
Trd, 000219.333, 170
Trd, 000219.967, 180
Trd, 000220.033, 169
Trd, 000220.600, 178
Trd, 000221.950, 176
Trd, 000223.117, 174
Trd, 000223.133, 171
Trd, 000224.883, 174
Trd, 000225.133, 171
Trd, 000225.750, 174
Trd, 000225.883, 173
Trd, 000225.900, 170
Trd, 000226.033, 174
Trd, 000226.600, 173
Trd, 000227.167, 176
Trd, 000228.133, 178
Trd, 000228.150, 180
Trd, 000228.283, 184
Trd, 000229.200, 178
Trd, 000229.367, 177
Trd, 000230.250, 176
Trd, 000231.233, 176
Trd, 000231.667, 152
Trd, 000232.883, 162
Trd, 000233.150, 164
Trd, 000233.217, 173
Trd, 000234.767, 168
Trd, 000234.967, 176
Trd, 000235.117, 167
Trd, 000235.933, 172
Trd, 000236.150, 180
Trd, 000236.667, 182
Trd, 000237.267, 180
Trd, 000238.217, 174
Trd, 000238.417, 174
Trd, 000239.067, 181
Trd, 000240.300, 176
Trd, 000240.567, 175
Trd, 000240.683, 174
Trd, 000240.733, 174
Trd, 000241.117, 173
Trd, 000241.233, 176
Trd, 000241.317, 172
Trd, 000241.950, 174
Trd, 000242.200, 172
Trd, 000242.433, 174
Trd, 000242.450, 175
Trd, 000242.967, 172
Trd, 000244.200, 173
Trd, 000244.350, 173
Trd, 000245.033, 172
Trd, 000245.200, 172
Trd, 000245.583, 169
Trd, 000245.967, 171
Trd, 000246.033, 174
Trd, 000247.200, 175
Trd, 000247.217, 175
Trd, 000247.367, 173
Trd, 000248.650, 170
Trd, 000248.733, 173
Trd, 000249.033, 166
Trd, 000249.233, 165
Trd, 000249.400, 176
Trd, 000250.683, 170
Trd, 000251.067, 170
Trd, 000251.367, 171
Trd, 000251.417, 170
Trd, 000252.367, 167
Trd, 000252.400, 168
Trd, 000252.500, 167
Trd, 000253.483, 176
Trd, 000253.583, 183
Trd, 000253.783, 174
Trd, 000253.867, 169
Trd, 000254.750, 175
Trd, 000255.033, 178
Trd, 000255.083, 173
Trd, 000256.200, 174
Trd, 000256.400, 174
Trd, 000256.700, 176
Trd, 000257.683, 175
Trd, 000258.333, 176
Trd, 000258.383, 174
Trd, 000258.917, 174
Trd, 000259.000, 172
Trd, 000260.133, 175
Trd, 000260.317, 173
Trd, 000260.800, 167
Trd, 000260.833, 166
Trd, 000261.017, 170
Trd, 000261.750, 169
Trd, 000262.267, 168
Trd, 000262.450, 170
Trd, 000263.517, 175
Trd, 000264.333, 184
Trd, 000264.517, 183
Trd, 000264.683, 185
Trd, 000264.700, 183
Trd, 000264.850, 189
Trd, 000265.017, 181
Trd, 000265.183, 175
Trd, 000265.500, 194
Trd, 000266.250, 175
Trd, 000266.467, 177
Trd, 000266.617, 171
Trd, 000267.483, 176
Trd, 000267.633, 175
Trd, 000268.033, 175
Trd, 000268.667, 177
Trd, 000268.850, 174
Trd, 000269.333, 171
Trd, 000269.400, 163
Trd, 000270.083, 172
Trd, 000270.100, 178
Trd, 000270.733, 179
Trd, 000270.850, 177
Trd, 000271.483, 177
Trd, 000271.567, 174
Trd, 000271.783, 172
Trd, 000271.967, 185
Trd, 000272.433, 174
Trd, 000272.767, 181
Trd, 000273.650, 178
Trd, 000274.083, 177
Trd, 000274.200, 176
Trd, 000274.517, 175
Trd, 000274.800, 173
Trd, 000275.300, 166
Trd, 000275.633, 177
Trd, 000276.717, 176
Trd, 000276.767, 184
Trd, 000277.717, 165
Trd, 000278.083, 166
Trd, 000278.267, 172
Trd, 000278.500, 165
Trd, 000278.950, 168
Trd, 000279.500, 170
Trd, 000280.083, 169
Trd, 000280.483, 169
Trd, 000280.550, 169
Trd, 000280.717, 179
Trd, 000280.933, 176
Trd, 000282.333, 178
Trd, 000282.400, 177
Trd, 000282.733, 186
Trd, 000283.117, 176
Trd, 000283.233, 172
Trd, 000283.417, 173
Trd, 000283.467, 181
Trd, 000283.917, 179
Trd, 000284.067, 181
Trd, 000284.250, 178
Trd, 000284.350, 176
Trd, 000284.433, 190
Trd, 000285.133, 161
Trd, 000285.250, 182
Trd, 000286.000, 173
Trd, 000287.367, 175
Trd, 000287.900, 182
Trd, 000288.017, 180
Trd, 000288.483, 185
Trd, 000288.683, 179
Trd, 000289.450, 187
Trd, 000289.517, 179
Trd, 000290.433, 178
Trd, 000291.167, 177
Trd, 000291.600, 177
Trd, 000292.133, 186
Trd, 000292.317, 187
Trd, 000292.367, 177
Trd, 000292.567, 177
Trd, 000292.667, 176
Trd, 000292.933, 188
Trd, 000293.617, 168
Trd, 000294.267, 160
Trd, 000294.617, 163
Trd, 000295.450, 160
Trd, 000295.550, 161
Trd, 000296.983, 166
Trd, 000297.433, 164
Trd, 000297.550, 171
Trd, 000297.567, 184
Trd, 000298.117, 178
Trd, 000298.300, 169
Trd, 000298.333, 163
Trd, 000298.817, 177
Trd, 000299.500, 177
Trd, 000299.867, 167
