Trd, 000000.333, 158
Trd, 000002.383, 163
Trd, 000002.800, 155
Trd, 000004.000, 155
Trd, 000004.017, 166
Trd, 000004.167, 168
Trd, 000004.900, 163
Trd, 000005.783, 159
Trd, 000006.100, 169
Trd, 000006.817, 172
Trd, 000008.350, 167
Trd, 000009.583, 167
Trd, 000009.967, 166
Trd, 000010.300, 166
Trd, 000010.333, 165
Trd, 000010.450, 163
Trd, 000011.517, 165
Trd, 000013.050, 162
Trd, 000013.717, 161
Trd, 000014.083, 162
Trd, 000014.333, 159
Trd, 000015.233, 159
Trd, 000016.683, 161
Trd, 000016.950, 162
Trd, 000017.850, 163
Trd, 000018.633, 167
Trd, 000019.667, 165
Trd, 000019.833, 163
Trd, 000020.000, 162
Trd, 000020.200, 153
Trd, 000020.883, 160
Trd, 000021.317, 164
Trd, 000021.450, 167
Trd, 000022.683, 160
Trd, 000023.033, 159
Trd, 000023.517, 161
Trd, 000024.983, 159
Trd, 000025.033, 160
Trd, 000026.483, 159
Trd, 000026.850, 165
Trd, 000027.367, 158
Trd, 000027.800, 157
Trd, 000028.850, 160
Trd, 000029.167, 159
Trd, 000030.083, 159
Trd, 000030.233, 159
Trd, 000030.383, 168
Trd, 000030.900, 164
Trd, 000033.133, 168
Trd, 000033.350, 169
Trd, 000034.217, 168
Trd, 000034.833, 168
Trd, 000034.917, 168
Trd, 000035.217, 169
Trd, 000035.350, 167
Trd, 000035.883, 166
Trd, 000036.883, 162
Trd, 000038.083, 165
Trd, 000039.000, 164
Trd, 000039.117, 162
Trd, 000040.517, 162
Trd, 000040.867, 162
Trd, 000041.500, 161
Trd, 000042.050, 158
Trd, 000042.550, 158
Trd, 000042.667, 158
Trd, 000042.883, 159
Trd, 000043.267, 155
Trd, 000044.250, 156
Trd, 000044.633, 164
Trd, 000045.167, 162
Trd, 000046.850, 163
Trd, 000047.017, 168
Trd, 000047.817, 162
Trd, 000048.017, 165
Trd, 000048.350, 166
Trd, 000048.967, 165
Trd, 000049.967, 170
Trd, 000050.100, 163
Trd, 000050.733, 177
Trd, 000051.150, 166
Trd, 000052.167, 170
Trd, 000053.600, 169
Trd, 000053.700, 166
Trd, 000054.033, 166
Trd, 000055.083, 165
Trd, 000055.750, 165
Trd, 000057.217, 166
Trd, 000057.417, 164
Trd, 000057.800, 163
Trd, 000057.833, 164
Trd, 000058.183, 161
Trd, 000058.500, 165
Trd, 000058.817, 167
Trd, 000060.317, 166
Trd, 000060.983, 166
Trd, 000061.517, 169
Trd, 000061.667, 168
Trd, 000061.767, 164
Trd, 000061.817, 157
Trd, 000062.633, 170
Trd, 000063.450, 171
Trd, 000063.933, 169
Trd, 000064.550, 168
Trd, 000065.383, 167
Trd, 000065.833, 167
Trd, 000065.933, 166
Trd, 000066.133, 164
Trd, 000066.167, 162
Trd, 000067.417, 161
Trd, 000068.300, 170
Trd, 000069.850, 171
Trd, 000070.217, 166
Trd, 000070.583, 165
Trd, 000070.733, 172
Trd, 000071.333, 171
Trd, 000072.850, 167
Trd, 000073.550, 166
Trd, 000073.967, 165
Trd, 000074.617, 168
Trd, 000074.783, 170
Trd, 000074.950, 170
Trd, 000075.717, 171
Trd, 000077.333, 170
Trd, 000077.767, 168
Trd, 000078.300, 166
Trd, 000078.700, 159
Trd, 000079.467, 169
Trd, 000079.733, 173
Trd, 000081.083, 176
Trd, 000081.283, 174
Trd, 000081.867, 173
Trd, 000082.167, 173
Trd, 000082.600, 173
Trd, 000083.683, 173
Trd, 000084.100, 173
Trd, 000084.550, 173
Trd, 000084.833, 172
Trd, 000084.950, 172
Trd, 000085.883, 170
Trd, 000087.817, 168
Trd, 000087.883, 169
Trd, 000088.183, 168
Trd, 000088.517, 167
Trd, 000090.033, 165
Trd, 000090.450, 169
Trd, 000090.500, 170
Trd, 000090.517, 172
Trd, 000091.433, 174
Trd, 000091.467, 164
Trd, 000091.967, 165
Trd, 000092.100, 164
Trd, 000092.567, 174
Trd, 000092.983, 162
Trd, 000093.050, 176
Trd, 000093.900, 174
Trd, 000096.067, 171
Trd, 000097.083, 169
Trd, 000097.650, 167
Trd, 000098.500, 169
Trd, 000099.733, 170
Trd, 000100.017, 175
Trd, 000100.133, 175
Trd, 000102.800, 173
Trd, 000103.033, 173
Trd, 000103.417, 171
Trd, 000103.600, 171
Trd, 000104.267, 171
Trd, 000105.100, 168
Trd, 000106.283, 168
Trd, 000106.433, 170
Trd, 000106.733, 176
Trd, 000107.300, 169
Trd, 000107.867, 174
Trd, 000108.367, 173
Trd, 000109.367, 175
Trd, 000109.533, 174
Trd, 000110.100, 174
Trd, 000110.333, 175
Trd, 000110.550, 162
Trd, 000110.567, 152
Trd, 000111.183, 172
Trd, 000111.267, 157
Trd, 000112.383, 170
Trd, 000112.850, 170
Trd, 000112.967, 173
Trd, 000113.133, 179
Trd, 000113.733, 188
Trd, 000115.167, 169
Trd, 000115.800, 169
Trd, 000117.050, 171
Trd, 000117.950, 171
Trd, 000118.033, 172
Trd, 000118.233, 177
Trd, 000118.850, 173
Trd, 000119.333, 175
Trd, 000121.583, 177
Trd, 000122.400, 198
Trd, 000122.800, 176
Trd, 000123.383, 194
Trd, 000123.733, 208
Trd, 000124.617, 251
Trd, 000124.700, 306.0
Trd, 000125.250, 310.0
Trd, 000125.300, 331.0
Trd, 000125.883, 344.0
Trd, 000126.283, 342
Trd, 000126.500, 348.0
Trd, 000126.633, 300.0
Trd, 000127.200, 369
Trd, 000127.517, 368
Trd, 000127.700, 367.0
Trd, 000128.000, 368
Trd, 000128.317, 365.0
Trd, 000130.450, 364
Trd, 000130.667, 364
Trd, 000131.333, 364
Trd, 000131.517, 362.0
Trd, 000131.683, 364
Trd, 000132.517, 359
Trd, 000132.583, 368.0
Trd, 000134.500, 358.0
Trd, 000135.317, 362
Trd, 000135.900, 359
Trd, 000136.817, 364
Trd, 000137.600, 359
Trd, 000137.683, 360
Trd, 000138.150, 360
Trd, 000138.350, 359.0
Trd, 000138.467, 358.0
Trd, 000139.017, 360.0
Trd, 000139.633, 358
Trd, 000140.767, 358.0
Trd, 000141.483, 359
Trd, 000141.650, 356
Trd, 000142.067, 361
Trd, 000142.983, 358.0
Trd, 000143.600, 357
Trd, 000144.500, 355.0
Trd, 000146.583, 357.0
Trd, 000147.183, 354
Trd, 000147.200, 355
Trd, 000147.300, 353
Trd, 000147.550, 364.0
Trd, 000148.733, 352
Trd, 000148.767, 351.0
Trd, 000148.833, 341.0
Trd, 000151.133, 361
Trd, 000151.417, 358.0
Trd, 000152.267, 358
Trd, 000152.450, 359
Trd, 000153.117, 355
Trd, 000153.283, 353
Trd, 000154.667, 355
Trd, 000155.417, 351.0
Trd, 000155.650, 362.0
Trd, 000155.933, 361
Trd, 000156.100, 365.0
Trd, 000156.267, 341.0
Trd, 000156.733, 342
Trd, 000157.883, 347
Trd, 000158.050, 368.0
Trd, 000158.500, 358.0
Trd, 000159.983, 360
Trd, 000160.050, 355
Trd, 000160.517, 357
Trd, 000161.217, 356
Trd, 000162.533, 353
Trd, 000163.633, 356
Trd, 000164.383, 354
Trd, 000165.667, 352
Trd, 000165.833, 353
Trd, 000165.983, 352.0
Trd, 000167.100, 353
Trd, 000167.117, 354
Trd, 000167.167, 359
Trd, 000167.250, 352
Trd, 000168.500, 351.0
Trd, 000169.600, 353
Trd, 000169.933, 356.0
Trd, 000170.100, 357.0
Trd, 000170.867, 352
Trd, 000171.800, 359.0
Trd, 000171.850, 358.0
Trd, 000172.283, 359
Trd, 000172.683, 357
Trd, 000173.050, 357
Trd, 000173.650, 360.0
Trd, 000173.667, 354
Trd, 000174.383, 361.0
Trd, 000174.917, 356
Trd, 000175.083, 360
Trd, 000176.867, 360
Trd, 000177.567, 358.0
Trd, 000177.583, 360
Trd, 000178.217, 356
Trd, 000178.750, 358.0
Trd, 000179.050, 355
Trd, 000179.683, 357
Trd, 000180.000, 356
Trd, 000180.083, 356
Trd, 000180.433, 355
Trd, 000180.467, 351.0
Trd, 000181.233, 350
Trd, 000182.117, 353
Trd, 000182.467, 336
Trd, 000182.683, 336
Trd, 000183.117, 303
Trd, 000183.633, 310.0
Trd, 000184.167, 303.0
Trd, 000184.217, 298
Trd, 000184.800, 204
Trd, 000184.983, 198
Trd, 000185.733, 193
Trd, 000185.800, 170
Trd, 000188.367, 185
Trd, 000188.683, 184
Trd, 000188.783, 184
Trd, 000189.050, 183
Trd, 000189.633, 184
Trd, 000190.483, 184
Trd, 000191.400, 184
Trd, 000192.217, 181
Trd, 000192.483, 182
Trd, 000193.350, 181
Trd, 000194.367, 179
Trd, 000194.883, 181
Trd, 000195.950, 181
Trd, 000196.317, 182
Trd, 000197.100, 186
Trd, 000197.167, 177
Trd, 000197.750, 185
Trd, 000199.783, 182
Trd, 000200.117, 181
Trd, 000200.517, 179
Trd, 000201.433, 181
Trd, 000202.150, 180
Trd, 000202.867, 180
Trd, 000203.817, 180
Trd, 000203.833, 183
Trd, 000204.483, 180
Trd, 000205.183, 182
Trd, 000205.750, 181
Trd, 000206.567, 180
Trd, 000206.883, 171
Trd, 000207.367, 180
Trd, 000208.200, 179
Trd, 000208.733, 178
Trd, 000208.783, 177
Trd, 000209.750, 175
Trd, 000210.117, 179
Trd, 000210.500, 175
Trd, 000211.217, 180
Trd, 000211.267, 179
Trd, 000211.450, 180
Trd, 000212.950, 179
Trd, 000213.317, 185
Trd, 000213.633, 178
Trd, 000214.750, 179
Trd, 000214.983, 180
Trd, 000215.300, 182
Trd, 000215.850, 181
Trd, 000216.567, 180
Trd, 000216.600, 179
Trd, 000216.717, 181
Trd, 000217.033, 186
Trd, 000219.483, 179
Trd, 000219.900, 180
Trd, 000220.517, 178
Trd, 000221.250, 178
Trd, 000221.633, 178
Trd, 000221.800, 177
Trd, 000221.833, 178
Trd, 000222.333, 179
Trd, 000223.483, 180
Trd, 000223.700, 178
Trd, 000224.100, 187
Trd, 000224.533, 190
Trd, 000224.917, 179
Trd, 000226.367, 186
Trd, 000227.117, 183
Trd, 000227.217, 186
Trd, 000227.900, 185
Trd, 000228.283, 185
Trd, 000229.450, 186
Trd, 000229.717, 187
Trd, 000229.917, 186
Trd, 000230.567, 187
Trd, 000231.200, 185
Trd, 000232.000, 183
Trd, 000232.933, 185
Trd, 000233.383, 184
Trd, 000233.933, 185
Trd, 000235.183, 182
Trd, 000236.067, 181
Trd, 000236.767, 182
Trd, 000237.167, 182
Trd, 000237.917, 181
Trd, 000238.050, 174
Trd, 000238.283, 184
Trd, 000238.767, 183
Trd, 000239.067, 184
Trd, 000239.583, 186
Trd, 000240.367, 182
Trd, 000240.533, 181
Trd, 000240.617, 179
Trd, 000241.283, 179
Trd, 000241.333, 178
Trd, 000241.417, 175
Trd, 000241.567, 169
Trd, 000241.717, 171
Trd, 000242.233, 166
Trd, 000242.400, 167
Trd, 000242.700, 170
Trd, 000243.200, 166
Trd, 000243.417, 168
Trd, 000244.050, 169
Trd, 000244.567, 171
Trd, 000244.867, 172
Trd, 000244.933, 175
Trd, 000245.017, 168
Trd, 000246.900, 174
Trd, 000247.067, 173
Trd, 000247.350, 171
Trd, 000247.633, 170
Trd, 000248.033, 176
Trd, 000249.050, 173
Trd, 000249.433, 175
Trd, 000250.033, 174
Trd, 000250.483, 175
Trd, 000251.017, 173
Trd, 000251.083, 173
Trd, 000252.000, 174
Trd, 000252.300, 173
Trd, 000252.600, 170
Trd, 000252.717, 175
Trd, 000252.750, 176
Trd, 000254.233, 171
Trd, 000254.967, 170
Trd, 000255.050, 171
Trd, 000255.300, 169
Trd, 000255.383, 171
Trd, 000255.700, 170
Trd, 000255.833, 168
Trd, 000256.300, 166
Trd, 000256.700, 169
Trd, 000256.917, 167
Trd, 000257.700, 166
Trd, 000258.033, 161
Trd, 000259.033, 160
Trd, 000259.283, 161
Trd, 000259.467, 161
Trd, 000259.850, 167
Trd, 000260.283, 160
Trd, 000260.950, 163
Trd, 000261.050, 163
Trd, 000262.133, 167
Trd, 000262.250, 167
Trd, 000262.567, 167
Trd, 000262.783, 174
Trd, 000262.933, 176
Trd, 000263.167, 177
Trd, 000263.383, 174
Trd, 000264.383, 176
Trd, 000264.517, 176
Trd, 000264.600, 176
Trd, 000264.617, 175
Trd, 000264.633, 180
Trd, 000265.017, 187
Trd, 000265.500, 191
Trd, 000266.200, 177
Trd, 000267.033, 177
Trd, 000267.633, 175
Trd, 000267.933, 184
Trd, 000268.467, 170
Trd, 000268.983, 166
Trd, 000269.350, 163
Trd, 000270.050, 163
Trd, 000270.350, 163
Trd, 000271.117, 163
Trd, 000271.250, 164
Trd, 000271.333, 157
Trd, 000271.533, 169
Trd, 000271.700, 171
Trd, 000271.833, 170
Trd, 000272.500, 160
Trd, 000272.733, 172
Trd, 000273.550, 165
Trd, 000274.083, 165
Trd, 000274.133, 164
Trd, 000274.567, 166
Trd, 000275.017, 171
Trd, 000275.633, 165
Trd, 000275.683, 170
Trd, 000277.000, 168
Trd, 000277.300, 171
Trd, 000277.433, 173
Trd, 000277.767, 176
Trd, 000277.783, 178
Trd, 000279.683, 180
Trd, 000279.933, 180
Trd, 000279.967, 182
Trd, 000280.117, 183
Trd, 000280.317, 180
Trd, 000280.383, 179
Trd, 000280.417, 184
Trd, 000280.683, 178
Trd, 000280.717, 172
Trd, 000281.583, 184
Trd, 000282.817, 178
Trd, 000282.950, 177
Trd, 000283.083, 164
Trd, 000283.800, 172
Trd, 000284.033, 159
Trd, 000284.317, 193
Trd, 000284.567, 196
Trd, 000285.417, 183
Trd, 000286.050, 187
Trd, 000286.233, 180
Trd, 000286.333, 207
Trd, 000287.417, 202
Trd, 000287.867, 203
Trd, 000288.050, 200
Trd, 000288.117, 199
Trd, 000288.233, 191
Trd, 000288.533, 193
Trd, 000288.917, 196
Trd, 000289.317, 187
Trd, 000289.750, 191
Trd, 000290.267, 188
Trd, 000291.167, 173
Trd, 000291.450, 187
Trd, 000291.600, 187
Trd, 000292.100, 173
Trd, 000292.117, 170
Trd, 000292.283, 167
Trd, 000292.317, 179
Trd, 000292.433, 179
Trd, 000292.883, 180
Trd, 000293.567, 171
Trd, 000294.000, 170
Trd, 000294.117, 169
Trd, 000294.683, 194
Trd, 000295.400, 171
Trd, 000295.583, 177
Trd, 000295.967, 181
Trd, 000296.817, 178
Trd, 000297.183, 183
Trd, 000298.033, 195
Trd, 000298.833, 187
Trd, 000299.317, 178
Trd, 000299.400, 177
Trd, 000299.667, 177
Trd, 000299.750, 182
Trd, 000299.833, 177
