Trd, 000001.250, 140
Trd, 000001.817, 124
Trd, 000002.733, 164
Trd, 000003.167, 151
Trd, 000003.367, 150
Trd, 000003.733, 151
Trd, 000005.067, 139
Trd, 000005.500, 157
Trd, 000007.367, 152
Trd, 000007.433, 151
Trd, 000008.533, 153
Trd, 000008.583, 154
Trd, 000009.000, 156
Trd, 000009.217, 153
Trd, 000009.850, 154
Trd, 000010.117, 166
Trd, 000010.433, 161
Trd, 000010.467, 152
Trd, 000010.950, 161
Trd, 000011.800, 161
Trd, 000012.867, 158
Trd, 000013.117, 160
Trd, 000013.467, 153
Trd, 000013.483, 161
Trd, 000013.533, 147
Trd, 000015.633, 159
Trd, 000015.883, 160
Trd, 000016.733, 159
Trd, 000017.700, 165
Trd, 000018.767, 165
Trd, 000018.883, 164
Trd, 000019.300, 165
Trd, 000019.517, 167
Trd, 000020.217, 167
Trd, 000020.533, 166
Trd, 000020.933, 164
Trd, 000023.050, 167
Trd, 000023.200, 164
Trd, 000023.383, 166
Trd, 000023.950, 164
Trd, 000024.167, 164
Trd, 000024.400, 167
Trd, 000025.033, 167
Trd, 000025.750, 165
Trd, 000025.833, 164
Trd, 000026.083, 168
Trd, 000026.300, 168
Trd, 000026.383, 169
Trd, 000027.883, 166
Trd, 000028.117, 165
Trd, 000028.300, 164
Trd, 000029.117, 165
Trd, 000029.233, 165
Trd, 000029.383, 164
Trd, 000030.850, 175
Trd, 000031.267, 168
Trd, 000031.750, 169
Trd, 000032.183, 161
Trd, 000032.967, 144
Trd, 000033.067, 146
Trd, 000033.267, 139
Trd, 000034.533, 145
Trd, 000034.983, 144
Trd, 000035.300, 146
Trd, 000035.517, 146
Trd, 000037.233, 147
Trd, 000037.333, 147
Trd, 000037.383, 154
Trd, 000038.217, 144
Trd, 000039.633, 147
Trd, 000040.200, 149
Trd, 000041.400, 146
Trd, 000042.500, 151
Trd, 000042.600, 152
Trd, 000043.450, 150
Trd, 000043.617, 152
Trd, 000043.650, 150
Trd, 000043.783, 153
Trd, 000044.800, 147
Trd, 000044.833, 146
Trd, 000046.533, 148
Trd, 000047.900, 150
Trd, 000048.700, 168
Trd, 000049.350, 167
Trd, 000049.400, 170
Trd, 000049.850, 169
Trd, 000050.517, 167
Trd, 000050.800, 167
Trd, 000050.983, 170
Trd, 000051.317, 172
Trd, 000052.117, 169
Trd, 000052.567, 170
Trd, 000052.750, 170
Trd, 000053.417, 171
Trd, 000053.933, 171
Trd, 000055.700, 169
Trd, 000055.817, 167
Trd, 000057.000, 171
Trd, 000057.183, 172
Trd, 000057.650, 168
Trd, 000058.167, 173
Trd, 000059.033, 166
Trd, 000059.600, 167
Trd, 000059.767, 164
Trd, 000061.083, 164
Trd, 000061.417, 168
Trd, 000062.600, 166
Trd, 000062.700, 167
Trd, 000062.883, 166
Trd, 000063.017, 164
Trd, 000063.383, 170
Trd, 000064.267, 168
Trd, 000064.450, 171
Trd, 000064.650, 178
Trd, 000064.867, 163
Trd, 000065.967, 169
Trd, 000066.633, 170
Trd, 000066.767, 169
Trd, 000067.000, 150
Trd, 000067.117, 171
Trd, 000069.233, 166
Trd, 000069.967, 166
Trd, 000070.433, 170
Trd, 000070.700, 170
Trd, 000071.083, 166
Trd, 000071.900, 169
Trd, 000072.633, 167
Trd, 000072.833, 168
Trd, 000073.617, 172
Trd, 000073.667, 171
Trd, 000074.117, 171
Trd, 000075.283, 171
Trd, 000075.850, 172
Trd, 000075.967, 172
Trd, 000077.100, 170
Trd, 000078.300, 171
Trd, 000078.867, 171
Trd, 000080.283, 172
Trd, 000080.733, 171
Trd, 000080.750, 170
Trd, 000081.167, 173
Trd, 000081.417, 170
Trd, 000083.567, 172
Trd, 000083.767, 173
Trd, 000084.267, 173
Trd, 000085.733, 172
Trd, 000086.117, 174
Trd, 000088.050, 170
Trd, 000088.467, 172
Trd, 000088.883, 174
Trd, 000089.517, 173
Trd, 000090.800, 173
Trd, 000090.867, 171
Trd, 000090.900, 171
Trd, 000093.600, 171
Trd, 000093.650, 174
Trd, 000094.167, 172
Trd, 000094.483, 171
Trd, 000094.767, 171
Trd, 000094.783, 168
Trd, 000094.800, 172
Trd, 000095.433, 174
Trd, 000097.283, 167
Trd, 000097.533, 168
Trd, 000098.233, 154
Trd, 000098.600, 153
Trd, 000098.917, 165
Trd, 000098.950, 167
Trd, 000099.217, 157
Trd, 000100.167, 160
Trd, 000100.283, 162
Trd, 000100.867, 162
Trd, 000101.783, 162
Trd, 000102.233, 161
Trd, 000102.267, 164
Trd, 000104.400, 166
Trd, 000104.467, 164
Trd, 000104.517, 162
Trd, 000104.817, 162
Trd, 000105.750, 165
Trd, 000105.817, 175
Trd, 000106.900, 183
Trd, 000107.050, 177
Trd, 000107.833, 171
Trd, 000107.967, 178
Trd, 000108.483, 169
Trd, 000109.850, 178
Trd, 000110.100, 173
Trd, 000110.133, 169
Trd, 000110.600, 172
Trd, 000111.167, 176
Trd, 000112.000, 171
Trd, 000112.200, 170
Trd, 000112.583, 155
Trd, 000114.133, 168
Trd, 000115.200, 166
Trd, 000115.567, 167
Trd, 000115.850, 165
Trd, 000116.317, 164
Trd, 000116.567, 163
Trd, 000116.900, 169
Trd, 000117.433, 164
Trd, 000118.917, 165
Trd, 000119.600, 165
Trd, 000119.617, 164
Trd, 000120.033, 177
Trd, 000121.133, 173
Trd, 000121.583, 165
Trd, 000121.783, 187
Trd, 000121.950, 191
Trd, 000122.117, 181
Trd, 000122.267, 194
Trd, 000123.400, 205
Trd, 000123.650, 206
Trd, 000123.783, 208
Trd, 000124.150, 209
Trd, 000124.367, 221
Trd, 000124.667, 251
Trd, 000124.950, 312
Trd, 000125.133, 313.0
Trd, 000125.267, 324.0
Trd, 000125.600, 326
Trd, 000125.933, 351.0
Trd, 000126.867, 338
Trd, 000128.983, 335
Trd, 000129.083, 336
Trd, 000129.850, 345
Trd, 000131.133, 337
Trd, 000131.517, 339
Trd, 000133.400, 343
Trd, 000133.417, 346
Trd, 000134.200, 345
Trd, 000134.317, 344
Trd, 000134.583, 345
Trd, 000134.867, 347
Trd, 000135.083, 365.0
Trd, 000135.500, 372.0
Trd, 000135.567, 343
Trd, 000135.683, 352
Trd, 000135.900, 333
Trd, 000136.300, 350
Trd, 000138.917, 348
Trd, 000139.000, 349
Trd, 000139.117, 344
Trd, 000139.867, 348.0
Trd, 000140.133, 347
Trd, 000140.333, 349
Trd, 000140.417, 345
Trd, 000141.817, 351
Trd, 000142.317, 351.0
Trd, 000142.333, 347
Trd, 000142.700, 365.0
Trd, 000143.083, 349
Trd, 000145.100, 354
Trd, 000145.200, 355
Trd, 000145.683, 353
Trd, 000147.050, 360
Trd, 000147.233, 361
Trd, 000147.917, 354
Trd, 000148.350, 352
Trd, 000148.783, 359
Trd, 000149.133, 354
Trd, 000149.283, 356
Trd, 000149.833, 351
Trd, 000150.300, 350
Trd, 000150.833, 344.0
Trd, 000152.533, 352
Trd, 000152.567, 350
Trd, 000153.617, 349
Trd, 000155.550, 351.0
Trd, 000157.500, 351
Trd, 000157.767, 351
Trd, 000157.883, 350.0
Trd, 000157.900, 349.0
Trd, 000158.633, 350
Trd, 000158.917, 351.0
Trd, 000158.983, 346
Trd, 000160.417, 348
Trd, 000160.600, 350
Trd, 000161.333, 353
Trd, 000161.467, 352
Trd, 000163.000, 362.0
Trd, 000163.233, 356
Trd, 000163.633, 354.0
Trd, 000164.417, 351
Trd, 000164.950, 351
Trd, 000165.367, 349
Trd, 000165.850, 344.0
Trd, 000166.700, 347
Trd, 000167.567, 346
Trd, 000167.717, 345
Trd, 000168.633, 347
Trd, 000168.917, 348
Trd, 000169.000, 355
Trd, 000169.250, 346
Trd, 000169.950, 351.0
Trd, 000171.550, 354
Trd, 000172.650, 350
Trd, 000173.933, 354
Trd, 000173.950, 351
Trd, 000174.383, 351
Trd, 000175.183, 355
Trd, 000175.917, 351
Trd, 000176.600, 351
Trd, 000176.917, 355
Trd, 000177.350, 355
Trd, 000177.450, 353
Trd, 000178.017, 348
Trd, 000179.250, 347
Trd, 000179.417, 348
Trd, 000179.900, 351
Trd, 000181.483, 349
Trd, 000181.683, 348
Trd, 000182.567, 344.0
Trd, 000182.583, 336
Trd, 000182.800, 343
Trd, 000183.200, 333
Trd, 000183.233, 328
Trd, 000183.517, 343
Trd, 000183.867, 259
Trd, 000184.033, 218
Trd, 000184.483, 207
Trd, 000184.617, 204
Trd, 000185.633, 206
Trd, 000186.767, 197
Trd, 000187.067, 194
Trd, 000187.700, 191
Trd, 000187.833, 190
Trd, 000189.133, 191
Trd, 000189.500, 190
Trd, 000189.783, 191
Trd, 000190.050, 181
Trd, 000191.067, 177
Trd, 000192.117, 183
Trd, 000193.767, 181
Trd, 000193.883, 182
Trd, 000194.733, 181
Trd, 000194.867, 182
Trd, 000194.983, 179
Trd, 000195.733, 180
Trd, 000196.100, 184
Trd, 000196.867, 179
Trd, 000198.933, 182
Trd, 000199.567, 180
Trd, 000199.667, 182
Trd, 000199.750, 183
Trd, 000202.100, 183
Trd, 000202.767, 182
Trd, 000203.317, 181
Trd, 000204.500, 180
Trd, 000204.750, 183
Trd, 000205.667, 183
Trd, 000206.167, 182
Trd, 000206.983, 180
Trd, 000207.317, 179
Trd, 000208.217, 178
Trd, 000208.683, 182
Trd, 000209.500, 185
Trd, 000210.033, 185
Trd, 000210.233, 186
Trd, 000210.800, 190
Trd, 000210.833, 192
Trd, 000211.367, 189
Trd, 000212.517, 189
Trd, 000212.850, 191
Trd, 000214.567, 188
Trd, 000215.117, 188
Trd, 000215.517, 187
Trd, 000216.367, 181
Trd, 000216.733, 169
Trd, 000217.033, 170
Trd, 000217.250, 166
Trd, 000217.517, 170
Trd, 000217.583, 172
Trd, 000218.467, 178
Trd, 000219.217, 193
Trd, 000219.417, 177
Trd, 000219.583, 182
Trd, 000220.250, 184
Trd, 000221.400, 187
Trd, 000221.633, 183
Trd, 000221.650, 182
Trd, 000222.450, 182
Trd, 000222.633, 180
Trd, 000223.000, 184
Trd, 000225.050, 185
Trd, 000225.450, 188
Trd, 000227.433, 187
Trd, 000228.467, 188
Trd, 000228.500, 185
Trd, 000228.700, 189
Trd, 000228.900, 184
Trd, 000229.567, 189
Trd, 000230.767, 187
Trd, 000231.000, 189
Trd, 000231.117, 190
Trd, 000232.150, 186
Trd, 000233.233, 186
Trd, 000233.517, 187
Trd, 000233.750, 185
Trd, 000234.583, 190
Trd, 000234.600, 186
Trd, 000234.833, 190
Trd, 000235.683, 188
Trd, 000237.450, 188
Trd, 000237.883, 188
Trd, 000239.017, 186
Trd, 000239.100, 190
Trd, 000239.800, 186
Trd, 000239.933, 186
Trd, 000241.017, 173
Trd, 000241.317, 174
Trd, 000241.450, 173
Trd, 000241.950, 171
Trd, 000242.250, 174
Trd, 000243.450, 175
Trd, 000243.650, 174
Trd, 000243.733, 177
Trd, 000245.233, 179
Trd, 000245.650, 179
Trd, 000246.017, 175
Trd, 000246.133, 180
Trd, 000246.283, 176
Trd, 000246.350, 179
Trd, 000247.317, 179
Trd, 000247.633, 178
Trd, 000247.933, 178
Trd, 000248.100, 180
Trd, 000249.367, 179
Trd, 000250.150, 178
Trd, 000250.700, 179
Trd, 000250.817, 177
Trd, 000251.300, 176
Trd, 000251.933, 177
Trd, 000251.950, 182
Trd, 000252.217, 179
Trd, 000253.183, 182
Trd, 000253.333, 180
Trd, 000253.383, 180
Trd, 000253.750, 182
Trd, 000254.633, 182
Trd, 000255.283, 181
Trd, 000255.733, 182
Trd, 000256.067, 181
Trd, 000256.567, 181
Trd, 000257.200, 180
Trd, 000259.033, 181
Trd, 000259.217, 182
Trd, 000259.450, 184
Trd, 000259.683, 194
Trd, 000260.317, 188
Trd, 000260.717, 185
Trd, 000261.067, 180
Trd, 000261.317, 180
Trd, 000262.200, 178
Trd, 000262.483, 183
Trd, 000262.617, 181
Trd, 000262.667, 179
Trd, 000262.933, 183
Trd, 000263.233, 184
Trd, 000263.383, 174
Trd, 000264.483, 185
Trd, 000264.683, 185
Trd, 000264.900, 178
Trd, 000265.717, 178
Trd, 000265.867, 183
Trd, 000266.217, 181
Trd, 000266.950, 180
Trd, 000267.817, 183
Trd, 000268.283, 182
Trd, 000268.667, 182
Trd, 000268.733, 184
Trd, 000269.533, 184
Trd, 000270.050, 183
Trd, 000270.200, 181
Trd, 000271.050, 180
Trd, 000271.333, 179
Trd, 000271.933, 183
Trd, 000272.533, 183
Trd, 000272.933, 180
Trd, 000273.700, 182
Trd, 000274.433, 183
Trd, 000274.683, 182
Trd, 000274.733, 178
Trd, 000274.983, 177
Trd, 000275.383, 178
Trd, 000276.150, 182
Trd, 000276.283, 182
Trd, 000276.450, 183
Trd, 000276.783, 179
Trd, 000277.650, 181
Trd, 000277.783, 178
Trd, 000278.933, 181
Trd, 000279.583, 182
Trd, 000279.817, 182
Trd, 000280.000, 186
Trd, 000281.400, 182
Trd, 000281.417, 181
Trd, 000281.467, 180
Trd, 000281.650, 183
Trd, 000282.300, 183
Trd, 000282.567, 183
Trd, 000282.750, 180
Trd, 000283.200, 183
Trd, 000283.583, 190
Trd, 000284.067, 185
Trd, 000284.233, 183
Trd, 000284.717, 183
Trd, 000285.483, 187
Trd, 000286.133, 184
Trd, 000286.283, 186
Trd, 000286.917, 183
Trd, 000287.317, 184
Trd, 000288.050, 184
Trd, 000288.817, 184
Trd, 000288.900, 183
Trd, 000289.083, 187
Trd, 000290.650, 181
Trd, 000290.683, 186
Trd, 000291.417, 186
Trd, 000291.533, 180
Trd, 000291.900, 186
Trd, 000292.233, 187
Trd, 000292.400, 184
Trd, 000292.667, 174
Trd, 000292.950, 187
Trd, 000293.300, 180
Trd, 000294.133, 187
Trd, 000294.383, 187
Trd, 000295.083, 183
Trd, 000295.167, 182
Trd, 000295.217, 186
Trd, 000295.633, 184
Trd, 000296.050, 184
Trd, 000297.067, 185
Trd, 000297.400, 186
Trd, 000297.817, 184
Trd, 000298.050, 192
Trd, 000298.117, 181
Trd, 000298.150, 170
Trd, 000299.117, 188
Trd, 000299.200, 175
