Trd, 000001.867, 186
Trd, 000002.183, 179
Trd, 000002.217, 172
Trd, 000002.383, 151
Trd, 000002.633, 172
Trd, 000003.133, 172
Trd, 000004.550, 169
Trd, 000004.667, 165
Trd, 000004.867, 151
Trd, 000005.350, 158
Trd, 000005.817, 158
Trd, 000006.733, 152
Trd, 000007.083, 144
Trd, 000007.967, 152
Trd, 000008.667, 151
Trd, 000009.167, 152
Trd, 000009.867, 152
Trd, 000010.233, 153
Trd, 000010.717, 152
Trd, 000010.983, 152
Trd, 000011.017, 153
Trd, 000011.200, 152
Trd, 000011.983, 153
Trd, 000012.417, 151
Trd, 000012.533, 162
Trd, 000012.733, 162
Trd, 000013.033, 163
Trd, 000014.117, 154
Trd, 000014.133, 152
Trd, 000014.583, 154
Trd, 000014.733, 158
Trd, 000015.133, 150
Trd, 000015.500, 157
Trd, 000016.867, 158
Trd, 000017.217, 156
Trd, 000017.333, 153
Trd, 000017.567, 157
Trd, 000018.117, 157
Trd, 000018.400, 155
Trd, 000018.783, 156
Trd, 000019.217, 154
Trd, 000019.867, 157
Trd, 000020.933, 154
Trd, 000022.150, 156
Trd, 000022.433, 155
Trd, 000022.633, 155
Trd, 000022.950, 159
Trd, 000023.367, 154
Trd, 000023.967, 157
Trd, 000024.217, 158
Trd, 000024.600, 153
Trd, 000024.683, 157
Trd, 000025.350, 158
Trd, 000025.850, 140
Trd, 000025.967, 158
Trd, 000026.417, 147
Trd, 000027.133, 159
Trd, 000027.300, 146
Trd, 000028.717, 147
Trd, 000029.700, 151
Trd, 000029.817, 150
Trd, 000030.967, 150
Trd, 000031.333, 149
Trd, 000031.750, 152
Trd, 000031.983, 151
Trd, 000032.000, 154
Trd, 000033.567, 151
Trd, 000034.167, 151
Trd, 000034.617, 150
Trd, 000035.283, 150
Trd, 000036.133, 148
Trd, 000036.550, 147
Trd, 000037.250, 149
Trd, 000037.700, 148
Trd, 000037.733, 149
Trd, 000038.350, 147
Trd, 000038.900, 149
Trd, 000039.600, 146
Trd, 000039.783, 145
Trd, 000039.933, 149
Trd, 000040.550, 148
Trd, 000040.633, 149
Trd, 000041.117, 149
Trd, 000041.283, 149
Trd, 000042.733, 147
Trd, 000043.100, 145
Trd, 000043.650, 146
Trd, 000044.117, 145
Trd, 000044.200, 144
Trd, 000044.367, 146
Trd, 000044.433, 148
Trd, 000044.817, 159
Trd, 000044.867, 166
Trd, 000045.383, 155
Trd, 000046.300, 149
Trd, 000046.733, 167
Trd, 000046.883, 145
Trd, 000047.050, 168
Trd, 000048.900, 158
Trd, 000049.617, 156
Trd, 000050.300, 156
Trd, 000050.383, 156
Trd, 000050.817, 157
Trd, 000050.917, 154
Trd, 000052.550, 155
Trd, 000052.683, 153
Trd, 000052.733, 153
Trd, 000052.917, 156
Trd, 000053.767, 149
Trd, 000053.833, 155
Trd, 000054.450, 156
Trd, 000055.050, 150
Trd, 000055.883, 152
Trd, 000056.067, 153
Trd, 000056.383, 155
Trd, 000056.967, 155
Trd, 000057.150, 153
Trd, 000057.500, 152
Trd, 000057.750, 153
Trd, 000058.950, 154
Trd, 000059.767, 153
Trd, 000059.883, 154
Trd, 000059.917, 153
Trd, 000060.183, 154
Trd, 000060.333, 153
Trd, 000061.900, 150
Trd, 000062.133, 153
Trd, 000063.183, 148
Trd, 000063.533, 149
Trd, 000063.633, 150
Trd, 000064.233, 151
Trd, 000064.317, 150
Trd, 000064.850, 151
Trd, 000064.967, 152
Trd, 000065.167, 147
Trd, 000066.267, 156
Trd, 000066.883, 156
Trd, 000066.933, 162
Trd, 000067.483, 153
Trd, 000069.050, 155
Trd, 000069.317, 156
Trd, 000069.383, 154
Trd, 000069.550, 152
Trd, 000069.767, 157
Trd, 000070.167, 169
Trd, 000070.333, 153
Trd, 000071.467, 156
Trd, 000071.500, 155
Trd, 000072.217, 155
Trd, 000072.767, 155
Trd, 000072.950, 154
Trd, 000073.333, 154
Trd, 000073.367, 152
Trd, 000073.750, 154
Trd, 000074.650, 152
Trd, 000074.817, 156
Trd, 000075.350, 156
Trd, 000075.733, 152
Trd, 000076.433, 155
Trd, 000077.567, 147
Trd, 000077.583, 150
Trd, 000077.800, 155
Trd, 000078.150, 152
Trd, 000078.800, 154
Trd, 000079.133, 152
Trd, 000079.650, 153
Trd, 000079.850, 154
Trd, 000081.200, 163
Trd, 000081.317, 152
Trd, 000081.400, 151
Trd, 000081.433, 170
Trd, 000082.250, 153
Trd, 000083.783, 155
Trd, 000083.950, 154
Trd, 000084.183, 155
Trd, 000084.783, 156
Trd, 000085.183, 156
Trd, 000085.450, 159
Trd, 000085.850, 152
Trd, 000085.950, 159
Trd, 000087.100, 159
Trd, 000087.867, 156
Trd, 000089.617, 156
Trd, 000089.750, 156
Trd, 000089.817, 157
Trd, 000089.933, 159
Trd, 000090.250, 156
Trd, 000090.267, 161
Trd, 000090.567, 161
Trd, 000090.717, 160
Trd, 000091.050, 161
Trd, 000091.333, 158
Trd, 000092.550, 160
Trd, 000092.900, 159
Trd, 000093.017, 159
Trd, 000093.150, 160
Trd, 000093.217, 162
Trd, 000094.700, 160
Trd, 000095.200, 162
Trd, 000095.483, 163
Trd, 000095.667, 159
Trd, 000096.867, 163
Trd, 000097.383, 163
Trd, 000097.467, 161
Trd, 000097.717, 162
Trd, 000098.167, 164
Trd, 000098.933, 160
Trd, 000100.217, 160
Trd, 000100.350, 161
Trd, 000100.883, 159
Trd, 000101.567, 158
Trd, 000101.633, 161
Trd, 000102.167, 162
Trd, 000102.567, 154
Trd, 000103.400, 158
Trd, 000104.767, 156
Trd, 000104.783, 157
Trd, 000105.317, 157
Trd, 000105.367, 156
Trd, 000105.383, 158
Trd, 000105.617, 157
Trd, 000105.667, 156
Trd, 000105.800, 172
Trd, 000106.317, 174
Trd, 000108.517, 166
Trd, 000108.967, 164
Trd, 000109.267, 162
Trd, 000109.467, 162
Trd, 000110.167, 161
Trd, 000110.350, 161
Trd, 000110.600, 160
Trd, 000110.733, 161
Trd, 000110.867, 162
Trd, 000111.250, 163
Trd, 000111.500, 162
Trd, 000111.517, 159
Trd, 000112.583, 146
Trd, 000114.433, 162
Trd, 000115.267, 159
Trd, 000115.417, 160
Trd, 000115.533, 160
Trd, 000115.967, 159
Trd, 000116.317, 158
Trd, 000117.167, 157
Trd, 000117.433, 157
Trd, 000117.733, 158
Trd, 000117.767, 157
Trd, 000119.083, 158
Trd, 000119.133, 157
Trd, 000119.367, 156
Trd, 000119.583, 157
Trd, 000120.033, 156
Trd, 000120.067, 158
Trd, 000121.250, 161
Trd, 000121.817, 160
Trd, 000121.917, 163
Trd, 000122.350, 167
Trd, 000123.133, 171
Trd, 000123.267, 174
Trd, 000123.533, 184
Trd, 000124.000, 210
Trd, 000124.067, 241
Trd, 000124.200, 303.0
Trd, 000124.250, 306.0
Trd, 000124.283, 241
Trd, 000124.450, 331.0
Trd, 000125.917, 322
Trd, 000126.367, 337.0
Trd, 000127.067, 341.0
Trd, 000127.883, 355.0
Trd, 000128.617, 364
Trd, 000128.717, 367.0
Trd, 000128.767, 353
Trd, 000129.683, 339.0
Trd, 000129.950, 359
Trd, 000130.783, 346
Trd, 000131.767, 350
Trd, 000131.917, 344
Trd, 000133.633, 348
Trd, 000133.783, 344
Trd, 000134.233, 345
Trd, 000134.567, 344
Trd, 000134.650, 343
Trd, 000135.217, 340
Trd, 000135.283, 347
Trd, 000136.083, 346
Trd, 000137.033, 341
Trd, 000137.267, 337.0
Trd, 000137.700, 346
Trd, 000138.083, 344
Trd, 000139.250, 344.0
Trd, 000139.567, 344.0
Trd, 000140.183, 339
Trd, 000140.633, 341.0
Trd, 000141.350, 339
Trd, 000141.433, 341
Trd, 000141.450, 334.0
Trd, 000142.250, 338.0
Trd, 000142.400, 338
Trd, 000143.117, 343
Trd, 000143.667, 339
Trd, 000144.900, 340
Trd, 000145.000, 342
Trd, 000145.367, 341
Trd, 000145.633, 342.0
Trd, 000145.817, 344
Trd, 000146.150, 342
Trd, 000146.283, 343
Trd, 000147.367, 346
Trd, 000147.700, 346
Trd, 000148.733, 346
Trd, 000149.750, 348
Trd, 000150.367, 349.0
Trd, 000150.683, 347
Trd, 000150.933, 347
Trd, 000151.167, 349
Trd, 000151.600, 347
Trd, 000152.700, 349
Trd, 000153.533, 350
Trd, 000154.200, 347.0
Trd, 000154.700, 344.0
Trd, 000155.200, 337.0
Trd, 000155.600, 345
Trd, 000155.833, 349
Trd, 000155.883, 350
Trd, 000156.483, 345
Trd, 000157.417, 345
Trd, 000158.717, 341
Trd, 000158.817, 344
Trd, 000158.850, 347
Trd, 000159.167, 350
Trd, 000159.817, 350
Trd, 000161.117, 349
Trd, 000161.200, 345.0
Trd, 000161.267, 344.0
Trd, 000161.533, 348
Trd, 000161.817, 349
Trd, 000162.733, 349
Trd, 000162.983, 349
Trd, 000163.150, 347
Trd, 000163.250, 350
Trd, 000163.400, 347
Trd, 000163.650, 345
Trd, 000163.850, 355.0
Trd, 000164.283, 334.0
Trd, 000164.400, 314
Trd, 000165.617, 341
Trd, 000166.117, 341
Trd, 000166.200, 342
Trd, 000166.750, 343
Trd, 000166.967, 345
Trd, 000167.383, 340
Trd, 000167.883, 344
Trd, 000168.233, 339.0
Trd, 000168.683, 345
Trd, 000169.850, 344
Trd, 000170.000, 343
Trd, 000171.067, 342.0
Trd, 000171.933, 342.0
Trd, 000172.717, 341.0
Trd, 000173.367, 342
Trd, 000173.467, 340
Trd, 000173.567, 343
Trd, 000174.000, 343
Trd, 000174.017, 337
Trd, 000174.233, 335.0
Trd, 000175.933, 337.0
Trd, 000176.050, 343
Trd, 000177.300, 344
Trd, 000177.800, 346
Trd, 000177.850, 355.0
Trd, 000178.550, 362
Trd, 000179.033, 363.0
Trd, 000179.150, 361
Trd, 000179.283, 361
Trd, 000179.500, 352
Trd, 000179.617, 365.0
Trd, 000179.817, 352
Trd, 000180.517, 352
Trd, 000181.900, 352
Trd, 000182.350, 351.0
Trd, 000182.533, 344.0
Trd, 000183.367, 355
Trd, 000183.417, 337.0
Trd, 000183.567, 313
Trd, 000184.050, 313.0
Trd, 000184.367, 305
Trd, 000185.183, 204
Trd, 000185.350, 197
Trd, 000185.617, 196
Trd, 000186.133, 190
Trd, 000186.450, 192
Trd, 000187.650, 199
Trd, 000188.083, 198
Trd, 000188.617, 197
Trd, 000189.850, 183
Trd, 000189.950, 170
Trd, 000190.833, 178
Trd, 000190.850, 174
Trd, 000191.483, 175
Trd, 000191.783, 173
Trd, 000191.917, 173
Trd, 000192.533, 173
Trd, 000192.983, 169
Trd, 000193.100, 163
Trd, 000193.800, 157
Trd, 000194.217, 173
Trd, 000194.250, 173
Trd, 000194.733, 173
Trd, 000195.217, 170
Trd, 000195.533, 171
Trd, 000195.850, 170
Trd, 000197.517, 171
Trd, 000197.917, 172
Trd, 000198.300, 171
Trd, 000198.850, 175
Trd, 000199.717, 173
Trd, 000200.317, 175
Trd, 000200.500, 172
Trd, 000200.550, 171
Trd, 000201.517, 175
Trd, 000201.650, 182
Trd, 000202.167, 170
Trd, 000202.950, 169
Trd, 000204.567, 173
Trd, 000204.750, 171
Trd, 000205.000, 172
Trd, 000205.100, 171
Trd, 000205.267, 170
Trd, 000205.333, 168
Trd, 000205.683, 162
Trd, 000205.983, 171
Trd, 000206.117, 157
Trd, 000208.067, 170
Trd, 000208.383, 170
Trd, 000208.417, 169
Trd, 000209.067, 168
Trd, 000209.083, 167
Trd, 000210.983, 168
Trd, 000211.083, 166
Trd, 000211.617, 169
Trd, 000212.700, 169
Trd, 000213.017, 169
Trd, 000213.467, 167
Trd, 000213.800, 168
Trd, 000214.200, 170
Trd, 000215.417, 170
Trd, 000215.717, 169
Trd, 000216.000, 172
Trd, 000216.350, 181
Trd, 000217.233, 180
Trd, 000217.267, 170
Trd, 000217.983, 179
Trd, 000218.067, 179
Trd, 000219.483, 175
Trd, 000219.567, 179
Trd, 000220.633, 177
Trd, 000221.517, 177
Trd, 000222.050, 176
Trd, 000222.300, 174
Trd, 000222.517, 173
Trd, 000222.683, 166
Trd, 000224.817, 168
Trd, 000225.067, 167
Trd, 000225.583, 167
Trd, 000226.200, 168
Trd, 000226.233, 171
Trd, 000226.500, 167
Trd, 000226.650, 171
Trd, 000227.400, 170
Trd, 000227.617, 171
Trd, 000228.217, 172
Trd, 000228.600, 173
Trd, 000229.900, 173
Trd, 000230.067, 173
Trd, 000230.717, 174
Trd, 000231.283, 174
Trd, 000231.567, 176
Trd, 000231.600, 178
Trd, 000231.817, 173
Trd, 000231.833, 170
Trd, 000232.267, 180
Trd, 000233.650, 174
Trd, 000233.667, 183
Trd, 000234.900, 179
Trd, 000234.950, 178
Trd, 000235.067, 179
Trd, 000236.200, 177
Trd, 000237.183, 177
Trd, 000237.967, 177
Trd, 000237.983, 178
Trd, 000238.267, 176
Trd, 000239.733, 177
Trd, 000239.900, 178
Trd, 000239.950, 175
Trd, 000240.300, 177
Trd, 000240.667, 179
Trd, 000240.883, 179
Trd, 000241.683, 175
Trd, 000241.917, 176
Trd, 000242.217, 172
Trd, 000242.667, 173
Trd, 000242.817, 174
Trd, 000243.783, 173
Trd, 000244.667, 175
Trd, 000244.700, 178
Trd, 000245.483, 178
Trd, 000245.700, 161
Trd, 000245.950, 156
Trd, 000246.000, 173
Trd, 000246.350, 162
Trd, 000246.583, 172
Trd, 000248.800, 165
Trd, 000249.650, 161
Trd, 000249.700, 165
Trd, 000250.017, 161
Trd, 000250.233, 162
Trd, 000250.300, 160
Trd, 000250.850, 165
Trd, 000251.333, 166
Trd, 000251.350, 165
Trd, 000251.500, 166
Trd, 000251.700, 167
Trd, 000251.983, 167
Trd, 000252.400, 171
Trd, 000252.833, 170
Trd, 000253.317, 173
Trd, 000253.383, 180
Trd, 000254.217, 172
Trd, 000254.500, 175
Trd, 000255.433, 176
Trd, 000255.633, 176
Trd, 000256.750, 176
Trd, 000256.933, 177
Trd, 000257.033, 179
Trd, 000257.217, 174
Trd, 000257.817, 174
Trd, 000258.183, 172
Trd, 000258.667, 172
Trd, 000259.400, 170
Trd, 000259.717, 172
Trd, 000259.800, 177
Trd, 000261.000, 173
Trd, 000261.417, 174
Trd, 000261.733, 176
Trd, 000262.633, 172
Trd, 000262.750, 172
Trd, 000262.850, 172
Trd, 000262.950, 171
Trd, 000263.883, 171
Trd, 000263.967, 172
Trd, 000264.033, 172
Trd, 000264.117, 170
Trd, 000264.400, 169
Trd, 000264.617, 170
Trd, 000264.950, 174
Trd, 000265.533, 177
Trd, 000266.150, 186
Trd, 000266.400, 180
Trd, 000267.500, 180
Trd, 000267.967, 180
Trd, 000268.000, 179
Trd, 000268.233, 184
Trd, 000268.517, 188
Trd, 000268.900, 171
Trd, 000269.267, 178
Trd, 000269.617, 182
Trd, 000270.083, 178
Trd, 000270.933, 169
Trd, 000271.317, 172
Trd, 000272.800, 171
Trd, 000273.017, 171
Trd, 000273.283, 171
Trd, 000273.567, 171
Trd, 000273.733, 171
Trd, 000274.150, 172
Trd, 000274.467, 175
Trd, 000275.167, 182
Trd, 000275.183, 175
Trd, 000275.550, 182
Trd, 000275.800, 182
Trd, 000276.600, 181
Trd, 000276.983, 182
Trd, 000277.000, 171
Trd, 000277.517, 177
Trd, 000277.967, 182
Trd, 000278.367, 178
Trd, 000278.633, 183
Trd, 000279.283, 184
Trd, 000279.567, 184
Trd, 000279.917, 176
Trd, 000281.083, 173
Trd, 000281.100, 185
Trd, 000282.050, 179
Trd, 000282.650, 177
Trd, 000282.800, 173
Trd, 000283.083, 180
Trd, 000283.333, 176
Trd, 000284.583, 177
Trd, 000284.700, 177
Trd, 000285.267, 176
Trd, 000285.417, 176
Trd, 000285.633, 178
Trd, 000285.917, 176
Trd, 000286.167, 175
Trd, 000286.367, 177
Trd, 000287.067, 178
Trd, 000288.483, 175
Trd, 000288.533, 177
Trd, 000288.883, 178
Trd, 000289.867, 176
Trd, 000290.383, 175
Trd, 000291.017, 176
Trd, 000291.450, 175
Trd, 000292.067, 174
Trd, 000292.117, 175
Trd, 000292.150, 176
Trd, 000292.267, 173
Trd, 000292.617, 166
Trd, 000293.200, 171
Trd, 000293.233, 168
Trd, 000294.233, 171
Trd, 000294.300, 164
Trd, 000294.450, 171
Trd, 000295.300, 170
Trd, 000295.450, 169
Trd, 000295.600, 177
Trd, 000296.417, 170
Trd, 000296.867, 173
Trd, 000296.900, 168
Trd, 000297.283, 174
Trd, 000297.317, 175
Trd, 000297.700, 177
Trd, 000298.000, 177
Trd, 000298.200, 170
Trd, 000298.583, 179
Trd, 000298.817, 167
Trd, 000298.900, 180
Trd, 000299.300, 165
Trd, 000299.450, 178
