Trd, 000001.133, 146
Trd, 000002.883, 144
Trd, 000002.933, 155
Trd, 000003.167, 142
Trd, 000003.883, 132
Trd, 000004.067, 156
Trd, 000004.333, 153
Trd, 000004.850, 152
Trd, 000005.967, 151
Trd, 000007.117, 145
Trd, 000007.700, 145
Trd, 000008.083, 146
Trd, 000008.300, 146
Trd, 000009.700, 148
Trd, 000010.350, 149
Trd, 000010.467, 150
Trd, 000011.200, 150
Trd, 000012.433, 147
Trd, 000013.250, 150
Trd, 000013.617, 150
Trd, 000014.250, 147
Trd, 000014.550, 151
Trd, 000015.033, 148
Trd, 000015.767, 152
Trd, 000016.883, 148
Trd, 000016.933, 148
Trd, 000017.717, 151
Trd, 000018.217, 148
Trd, 000018.400, 156
Trd, 000019.133, 147
Trd, 000020.033, 149
Trd, 000020.050, 146
Trd, 000020.800, 146
Trd, 000021.717, 151
Trd, 000022.150, 148
Trd, 000022.400, 146
Trd, 000023.433, 147
Trd, 000023.750, 150
Trd, 000024.233, 149
Trd, 000024.733, 154
Trd, 000026.333, 150
Trd, 000026.383, 151
Trd, 000026.500, 152
Trd, 000026.550, 147
Trd, 000026.800, 158
Trd, 000028.750, 147
Trd, 000029.283, 153
Trd, 000030.633, 136
Trd, 000030.767, 135
Trd, 000030.850, 138
Trd, 000031.333, 134
Trd, 000031.600, 138
Trd, 000031.617, 142
Trd, 000031.917, 147
Trd, 000031.983, 131
Trd, 000032.717, 136
Trd, 000032.800, 139
Trd, 000032.983, 152
Trd, 000034.150, 145
Trd, 000034.450, 144
Trd, 000034.483, 140
Trd, 000035.300, 158
Trd, 000035.617, 160
Trd, 000035.800, 157
Trd, 000037.017, 157
Trd, 000037.517, 150
Trd, 000037.950, 153
Trd, 000038.233, 153
Trd, 000039.100, 148
Trd, 000039.517, 153
Trd, 000039.800, 153
Trd, 000040.150, 145
Trd, 000040.167, 135
Trd, 000040.550, 151
Trd, 000041.250, 157
Trd, 000042.067, 162
Trd, 000042.150, 147
Trd, 000042.667, 137
Trd, 000042.867, 166
Trd, 000043.350, 160
Trd, 000045.050, 156
Trd, 000046.017, 156
Trd, 000046.067, 162
Trd, 000046.167, 162
Trd, 000046.333, 151
Trd, 000046.583, 150
Trd, 000047.950, 157
Trd, 000048.167, 159
Trd, 000048.417, 159
Trd, 000048.867, 159
Trd, 000049.817, 154
Trd, 000050.017, 153
Trd, 000051.017, 158
Trd, 000051.950, 154
Trd, 000052.500, 152
Trd, 000053.133, 151
Trd, 000053.183, 149
Trd, 000054.467, 153
Trd, 000054.633, 153
Trd, 000055.000, 154
Trd, 000055.300, 154
Trd, 000055.617, 149
Trd, 000056.283, 154
Trd, 000056.867, 150
Trd, 000058.300, 151
Trd, 000058.350, 150
Trd, 000058.483, 149
Trd, 000058.867, 152
Trd, 000058.900, 153
Trd, 000059.650, 149
Trd, 000060.200, 154
Trd, 000061.167, 154
Trd, 000061.700, 135
Trd, 000062.133, 149
Trd, 000062.500, 144
Trd, 000062.550, 161
Trd, 000062.867, 151
Trd, 000063.983, 150
Trd, 000064.367, 143
Trd, 000065.050, 140
Trd, 000066.183, 147
Trd, 000066.800, 147
Trd, 000067.550, 149
Trd, 000068.017, 151
Trd, 000069.017, 162
Trd, 000069.283, 155
Trd, 000069.567, 155
Trd, 000069.933, 156
Trd, 000070.433, 157
Trd, 000070.467, 155
Trd, 000070.767, 151
Trd, 000071.967, 152
Trd, 000074.417, 144
Trd, 000075.250, 143
Trd, 000075.267, 145
Trd, 000075.483, 148
Trd, 000075.917, 145
Trd, 000076.583, 151
Trd, 000076.933, 148
Trd, 000077.117, 147
Trd, 000077.133, 146
Trd, 000077.267, 152
Trd, 000077.567, 155
Trd, 000078.800, 163
Trd, 000080.867, 152
Trd, 000082.867, 149
Trd, 000083.117, 147
Trd, 000083.817, 149
Trd, 000084.083, 146
Trd, 000084.883, 149
Trd, 000085.400, 146
Trd, 000085.850, 149
Trd, 000085.883, 156
Trd, 000086.283, 163
Trd, 000087.283, 165
Trd, 000087.450, 147
Trd, 000087.617, 166
Trd, 000087.883, 153
Trd, 000088.117, 156
Trd, 000088.283, 162
Trd, 000089.317, 155
Trd, 000089.717, 155
Trd, 000090.833, 156
Trd, 000091.733, 158
Trd, 000091.867, 156
Trd, 000092.533, 154
Trd, 000092.850, 155
Trd, 000092.967, 157
Trd, 000094.183, 154
Trd, 000094.533, 154
Trd, 000094.950, 154
Trd, 000096.617, 148
Trd, 000096.667, 148
Trd, 000097.167, 149
Trd, 000098.667, 158
Trd, 000099.733, 153
Trd, 000099.817, 154
Trd, 000099.917, 157
Trd, 000100.267, 165
Trd, 000100.533, 168
Trd, 000100.883, 175
Trd, 000102.000, 158
Trd, 000102.150, 175
Trd, 000102.867, 157
Trd, 000103.900, 159
Trd, 000104.700, 162
Trd, 000105.350, 163
Trd, 000105.500, 158
Trd, 000105.783, 165
Trd, 000106.433, 165
Trd, 000107.833, 163
Trd, 000109.233, 163
Trd, 000109.583, 164
Trd, 000110.383, 162
Trd, 000111.717, 163
Trd, 000111.917, 160
Trd, 000112.900, 162
Trd, 000113.367, 163
Trd, 000113.483, 160
Trd, 000113.583, 163
Trd, 000113.900, 155
Trd, 000114.550, 160
Trd, 000115.400, 166
Trd, 000116.483, 162
Trd, 000118.633, 161
Trd, 000118.900, 162
Trd, 000119.817, 158
Trd, 000119.917, 157
Trd, 000120.367, 156
Trd, 000121.183, 162
Trd, 000121.300, 162
Trd, 000121.367, 163
Trd, 000122.617, 167
Trd, 000123.350, 170
Trd, 000123.950, 177
Trd, 000124.217, 180
Trd, 000124.267, 191
Trd, 000124.400, 201
Trd, 000124.650, 239
Trd, 000124.717, 273
Trd, 000125.017, 306.0
Trd, 000125.367, 310.0
Trd, 000125.717, 324
Trd, 000126.500, 331.0
Trd, 000128.200, 320
Trd, 000128.450, 320
Trd, 000128.650, 331
Trd, 000129.850, 331.0
Trd, 000130.483, 327
Trd, 000130.500, 334
Trd, 000130.867, 331
Trd, 000131.050, 343
Trd, 000131.233, 329
Trd, 000131.533, 342.0
Trd, 000132.833, 348
Trd, 000133.517, 334
Trd, 000133.633, 333
Trd, 000134.267, 339
Trd, 000134.533, 338
Trd, 000135.517, 341
Trd, 000135.767, 339
Trd, 000136.167, 339
Trd, 000136.450, 344.0
Trd, 000136.533, 336
Trd, 000137.933, 338
Trd, 000138.033, 340
Trd, 000138.500, 340
Trd, 000139.083, 339
Trd, 000139.333, 339
Trd, 000139.550, 338
Trd, 000139.733, 341
Trd, 000139.967, 344.0
Trd, 000139.983, 331
Trd, 000141.283, 357.0
Trd, 000141.467, 339
Trd, 000141.583, 337
Trd, 000142.183, 342
Trd, 000144.033, 344
Trd, 000145.583, 342.0
Trd, 000146.333, 342.0
Trd, 000146.717, 345
Trd, 000147.533, 344
Trd, 000147.650, 347
Trd, 000147.750, 348
Trd, 000148.350, 344
Trd, 000148.667, 353
Trd, 000149.050, 355.0
Trd, 000150.600, 351
Trd, 000150.883, 357.0
Trd, 000152.683, 348
Trd, 000153.150, 347
Trd, 000153.183, 350
Trd, 000153.317, 344.0
Trd, 000154.333, 344.0
Trd, 000154.933, 348
Trd, 000155.483, 348
Trd, 000156.200, 346
Trd, 000156.617, 347
Trd, 000156.733, 344
Trd, 000157.783, 344
Trd, 000157.800, 347
Trd, 000158.317, 328.0
Trd, 000158.900, 328.0
Trd, 000159.083, 328
Trd, 000159.950, 343
Trd, 000160.300, 344.0
Trd, 000160.333, 348
Trd, 000161.083, 345
Trd, 000161.417, 355.0
Trd, 000161.983, 351
Trd, 000162.550, 357.0
Trd, 000162.783, 339
Trd, 000164.117, 342
Trd, 000165.083, 341
Trd, 000165.283, 348
Trd, 000166.417, 343
Trd, 000166.600, 342
Trd, 000168.517, 344.0
Trd, 000168.850, 346
Trd, 000170.267, 347
Trd, 000170.500, 347
Trd, 000171.050, 346
Trd, 000171.133, 349
Trd, 000171.767, 344.0
Trd, 000172.683, 344.0
Trd, 000173.083, 343
Trd, 000174.167, 343
Trd, 000174.450, 344
Trd, 000174.667, 342
Trd, 000174.717, 348
Trd, 000176.283, 343
Trd, 000176.350, 341
Trd, 000177.717, 344
Trd, 000177.800, 345
Trd, 000177.883, 348
Trd, 000177.900, 358.0
Trd, 000178.417, 341
Trd, 000178.733, 344.0
Trd, 000179.983, 347
Trd, 000180.100, 341
Trd, 000181.933, 329.0
Trd, 000181.950, 335
Trd, 000182.200, 327.0
Trd, 000182.267, 326
Trd, 000182.667, 317.0
Trd, 000183.050, 334
Trd, 000183.283, 310.0
Trd, 000183.550, 333
Trd, 000183.883, 306.0
Trd, 000184.767, 218
Trd, 000185.067, 200
Trd, 000185.217, 234
Trd, 000185.617, 190
Trd, 000186.950, 194
Trd, 000187.067, 184
Trd, 000187.150, 180
Trd, 000188.133, 203
Trd, 000189.817, 186
Trd, 000190.867, 190
Trd, 000191.250, 184
Trd, 000191.417, 179
Trd, 000192.383, 183
Trd, 000193.200, 181
Trd, 000193.967, 180
Trd, 000194.033, 179
Trd, 000194.300, 180
Trd, 000194.533, 178
Trd, 000195.383, 166
Trd, 000195.883, 177
Trd, 000196.417, 175
Trd, 000196.533, 177
Trd, 000197.733, 176
Trd, 000197.767, 177
Trd, 000197.833, 178
Trd, 000199.083, 176
Trd, 000199.700, 181
Trd, 000200.267, 155
Trd, 000201.467, 170
Trd, 000201.750, 168
Trd, 000202.817, 168
Trd, 000202.983, 161
Trd, 000203.200, 169
Trd, 000204.400, 168
Trd, 000204.867, 169
Trd, 000204.967, 169
Trd, 000205.183, 175
Trd, 000206.017, 170
Trd, 000206.050, 169
Trd, 000206.767, 168
Trd, 000207.717, 171
Trd, 000208.400, 168
Trd, 000208.633, 168
Trd, 000209.117, 170
Trd, 000210.400, 165
Trd, 000210.600, 170
Trd, 000211.683, 168
Trd, 000211.933, 169
Trd, 000213.150, 169
Trd, 000213.450, 168
Trd, 000213.983, 169
Trd, 000214.833, 168
Trd, 000215.083, 166
Trd, 000215.567, 167
Trd, 000215.967, 168
Trd, 000216.100, 169
Trd, 000216.817, 169
Trd, 000217.033, 169
Trd, 000217.700, 170
Trd, 000217.933, 168
Trd, 000218.850, 167
Trd, 000218.983, 166
Trd, 000219.233, 169
Trd, 000219.317, 169
Trd, 000220.583, 170
Trd, 000220.817, 166
Trd, 000221.367, 170
Trd, 000221.500, 171
Trd, 000221.667, 176
Trd, 000222.983, 170
Trd, 000223.233, 172
Trd, 000223.567, 169
Trd, 000223.883, 149
Trd, 000224.517, 169
Trd, 000225.233, 171
Trd, 000225.350, 171
Trd, 000226.217, 168
Trd, 000226.267, 168
Trd, 000226.300, 166
Trd, 000226.383, 172
Trd, 000226.617, 165
Trd, 000227.000, 175
Trd, 000227.800, 164
Trd, 000228.650, 156
Trd, 000228.967, 157
Trd, 000229.350, 157
Trd, 000230.533, 166
Trd, 000231.150, 159
Trd, 000231.283, 162
Trd, 000232.133, 159
Trd, 000232.200, 167
Trd, 000232.450, 171
Trd, 000232.950, 178
Trd, 000232.983, 164
Trd, 000234.350, 166
Trd, 000234.817, 166
Trd, 000235.283, 167
Trd, 000236.817, 171
Trd, 000237.150, 171
Trd, 000237.183, 181
Trd, 000237.367, 169
Trd, 000237.700, 166
Trd, 000238.383, 191
Trd, 000238.683, 168
Trd, 000239.583, 180
Trd, 000241.167, 171
Trd, 000241.717, 173
Trd, 000241.817, 173
Trd, 000241.967, 172
Trd, 000241.983, 176
Trd, 000242.700, 181
Trd, 000242.883, 178
Trd, 000243.933, 178
Trd, 000244.167, 181
Trd, 000244.483, 177
Trd, 000244.500, 177
Trd, 000244.583, 176
Trd, 000245.367, 181
Trd, 000245.517, 179
Trd, 000245.983, 176
Trd, 000246.167, 172
Trd, 000246.483, 171
Trd, 000247.617, 170
Trd, 000247.650, 168
Trd, 000247.967, 171
Trd, 000248.133, 177
Trd, 000248.333, 158
Trd, 000249.383, 171
Trd, 000249.433, 170
Trd, 000249.550, 169
Trd, 000250.017, 168
Trd, 000250.700, 168
Trd, 000251.517, 169
Trd, 000252.050, 170
Trd, 000252.533, 171
Trd, 000252.717, 168
Trd, 000253.000, 171
Trd, 000253.750, 169
Trd, 000254.067, 168
Trd, 000254.083, 167
Trd, 000254.300, 169
Trd, 000255.200, 175
Trd, 000255.467, 182
Trd, 000255.650, 183
Trd, 000256.250, 190
Trd, 000256.933, 184
Trd, 000257.233, 174
Trd, 000257.450, 180
Trd, 000257.900, 173
Trd, 000258.467, 171
Trd, 000258.567, 182
Trd, 000258.850, 174
Trd, 000259.450, 172
Trd, 000259.467, 181
Trd, 000260.233, 175
Trd, 000260.650, 172
Trd, 000261.700, 175
Trd, 000261.833, 176
Trd, 000262.150, 173
Trd, 000262.867, 176
Trd, 000263.117, 177
Trd, 000264.100, 184
Trd, 000264.767, 177
Trd, 000265.050, 175
Trd, 000265.250, 180
Trd, 000265.650, 174
Trd, 000265.917, 173
Trd, 000266.100, 174
Trd, 000266.567, 179
Trd, 000267.083, 179
Trd, 000267.517, 174
Trd, 000267.850, 180
Trd, 000267.883, 181
Trd, 000267.917, 181
Trd, 000269.050, 180
Trd, 000269.250, 178
Trd, 000270.167, 177
Trd, 000270.200, 177
Trd, 000270.417, 178
Trd, 000270.983, 177
Trd, 000272.367, 180
Trd, 000272.633, 175
Trd, 000272.817, 182
Trd, 000272.967, 176
Trd, 000274.000, 176
Trd, 000274.017, 182
Trd, 000274.083, 174
Trd, 000274.600, 184
Trd, 000274.867, 171
Trd, 000274.983, 183
Trd, 000275.817, 185
Trd, 000276.617, 184
Trd, 000276.733, 178
Trd, 000276.833, 177
Trd, 000277.083, 176
Trd, 000277.300, 185
Trd, 000277.533, 185
Trd, 000278.267, 177
Trd, 000278.367, 182
Trd, 000278.450, 188
Trd, 000279.633, 183
Trd, 000279.933, 184
Trd, 000280.317, 184
Trd, 000280.700, 181
Trd, 000280.817, 185
Trd, 000280.850, 186
Trd, 000281.317, 180
Trd, 000281.917, 176
Trd, 000282.100, 172
Trd, 000282.433, 172
Trd, 000283.483, 166
Trd, 000284.200, 169
Trd, 000284.650, 172
Trd, 000284.783, 170
Trd, 000285.183, 167
Trd, 000285.217, 176
Trd, 000285.483, 181
Trd, 000285.500, 183
Trd, 000285.967, 181
Trd, 000286.750, 172
Trd, 000286.850, 169
Trd, 000287.050, 169
Trd, 000287.317, 174
Trd, 000287.733, 167
Trd, 000287.917, 174
Trd, 000288.750, 170
Trd, 000289.383, 171
Trd, 000289.617, 169
Trd, 000289.750, 172
Trd, 000290.083, 173
Trd, 000290.217, 177
Trd, 000290.250, 184
Trd, 000290.750, 175
Trd, 000291.283, 187
Trd, 000291.500, 169
Trd, 000292.150, 170
Trd, 000293.050, 173
Trd, 000293.233, 173
Trd, 000294.250, 177
Trd, 000294.567, 179
Trd, 000294.733, 178
Trd, 000295.083, 175
Trd, 000295.150, 173
Trd, 000295.200, 173
Trd, 000295.350, 184
Trd, 000295.383, 190
Trd, 000295.767, 178
Trd, 000296.300, 173
Trd, 000298.200, 182
Trd, 000298.650, 188
Trd, 000299.217, 191
Trd, 000299.433, 180
Trd, 000299.517, 192
Trd, 000299.733, 179
