Trd, 000001.983, 184
Trd, 000002.200, 182
Trd, 000003.283, 183
Trd, 000003.467, 166
Trd, 000003.550, 131
Trd, 000004.400, 147
Trd, 000004.683, 123
Trd, 000006.800, 162
Trd, 000007.250, 161
Trd, 000007.667, 159
Trd, 000007.683, 168
Trd, 000007.717, 155
Trd, 000007.917, 168
Trd, 000008.383, 156
Trd, 000009.833, 161
Trd, 000010.400, 161
Trd, 000011.883, 159
Trd, 000012.217, 162
Trd, 000013.117, 162
Trd, 000013.150, 169
Trd, 000013.833, 162
Trd, 000013.883, 159
Trd, 000014.083, 158
Trd, 000014.167, 163
Trd, 000014.433, 162
Trd, 000014.983, 158
Trd, 000015.717, 159
Trd, 000016.317, 156
Trd, 000017.017, 152
Trd, 000017.300, 151
Trd, 000019.067, 151
Trd, 000019.250, 157
Trd, 000019.333, 158
Trd, 000019.350, 147
Trd, 000020.033, 146
Trd, 000021.083, 159
Trd, 000021.100, 157
Trd, 000022.733, 158
Trd, 000023.517, 158
Trd, 000024.450, 159
Trd, 000024.817, 157
Trd, 000025.133, 160
Trd, 000025.883, 161
Trd, 000026.400, 164
Trd, 000026.800, 161
Trd, 000027.100, 160
Trd, 000028.267, 164
Trd, 000028.467, 161
Trd, 000029.567, 161
Trd, 000030.100, 162
Trd, 000030.567, 160
Trd, 000030.683, 163
Trd, 000032.067, 159
Trd, 000032.483, 163
Trd, 000032.583, 160
Trd, 000033.250, 161
Trd, 000033.833, 160
Trd, 000034.250, 158
Trd, 000035.300, 159
Trd, 000036.000, 157
Trd, 000036.500, 157
Trd, 000036.917, 157
Trd, 000037.117, 156
Trd, 000037.617, 156
Trd, 000037.767, 157
Trd, 000038.050, 154
Trd, 000038.367, 153
Trd, 000038.683, 159
Trd, 000039.317, 160
Trd, 000040.150, 162
Trd, 000041.767, 166
Trd, 000043.500, 160
Trd, 000043.917, 162
Trd, 000043.933, 162
Trd, 000044.433, 160
Trd, 000044.467, 156
Trd, 000044.600, 165
Trd, 000045.633, 159
Trd, 000045.750, 166
Trd, 000045.933, 153
Trd, 000046.117, 166
Trd, 000046.517, 167
Trd, 000047.050, 160
Trd, 000047.600, 160
Trd, 000049.150, 163
Trd, 000049.383, 163
Trd, 000049.500, 161
Trd, 000051.150, 164
Trd, 000051.400, 159
Trd, 000051.717, 160
Trd, 000053.100, 162
Trd, 000053.133, 167
Trd, 000053.317, 173
Trd, 000054.117, 164
Trd, 000054.550, 164
Trd, 000054.783, 163
Trd, 000055.067, 163
Trd, 000055.750, 163
Trd, 000056.383, 162
Trd, 000056.667, 164
Trd, 000057.133, 163
Trd, 000057.167, 161
Trd, 000057.667, 161
Trd, 000057.917, 154
Trd, 000058.600, 164
Trd, 000059.517, 158
Trd, 000060.267, 166
Trd, 000061.317, 161
Trd, 000061.867, 163
Trd, 000062.500, 163
Trd, 000063.700, 164
Trd, 000063.850, 164
Trd, 000064.283, 161
Trd, 000064.550, 164
Trd, 000064.683, 159
Trd, 000065.333, 159
Trd, 000065.950, 159
Trd, 000066.250, 166
Trd, 000067.417, 159
Trd, 000067.567, 159
Trd, 000067.617, 162
Trd, 000069.100, 162
Trd, 000069.267, 175
Trd, 000069.867, 177
Trd, 000071.183, 161
Trd, 000071.267, 160
Trd, 000071.400, 160
Trd, 000071.867, 159
Trd, 000072.133, 168
Trd, 000074.417, 161
Trd, 000074.450, 160
Trd, 000074.883, 164
Trd, 000075.467, 164
Trd, 000075.667, 175
Trd, 000075.750, 158
Trd, 000076.100, 163
Trd, 000077.383, 163
Trd, 000077.583, 162
Trd, 000078.317, 170
Trd, 000078.467, 163
Trd, 000078.783, 147
Trd, 000079.750, 158
Trd, 000079.883, 162
Trd, 000079.917, 145
Trd, 000080.200, 145
Trd, 000081.000, 169
Trd, 000082.117, 166
Trd, 000083.267, 164
Trd, 000083.583, 163
Trd, 000084.000, 166
Trd, 000084.033, 163
Trd, 000084.867, 166
Trd, 000086.083, 162
Trd, 000086.250, 166
Trd, 000088.067, 165
Trd, 000088.617, 171
Trd, 000088.750, 161
Trd, 000089.300, 170
Trd, 000089.833, 171
Trd, 000090.217, 166
Trd, 000090.600, 166
Trd, 000090.933, 171
Trd, 000091.450, 165
Trd, 000092.283, 165
Trd, 000093.700, 171
Trd, 000094.267, 164
Trd, 000094.917, 167
Trd, 000095.400, 166
Trd, 000095.750, 167
Trd, 000096.250, 168
Trd, 000096.433, 166
Trd, 000096.617, 165
Trd, 000097.200, 169
Trd, 000097.600, 165
Trd, 000098.467, 170
Trd, 000099.083, 165
Trd, 000099.650, 171
Trd, 000102.000, 165
Trd, 000102.033, 165
Trd, 000102.700, 168
Trd, 000103.000, 166
Trd, 000103.600, 167
Trd, 000105.033, 165
Trd, 000105.217, 169
Trd, 000105.333, 165
Trd, 000105.717, 169
Trd, 000106.183, 167
Trd, 000108.300, 165
Trd, 000108.600, 169
Trd, 000110.217, 168
Trd, 000110.467, 167
Trd, 000110.850, 169
Trd, 000111.317, 168
Trd, 000111.817, 170
Trd, 000112.883, 171
Trd, 000113.333, 169
Trd, 000113.917, 168
Trd, 000114.017, 168
Trd, 000114.467, 168
Trd, 000115.733, 167
Trd, 000115.933, 166
Trd, 000117.067, 169
Trd, 000117.117, 166
Trd, 000118.583, 167
Trd, 000119.000, 167
Trd, 000119.817, 169
Trd, 000120.317, 167
Trd, 000120.583, 165
Trd, 000121.067, 170
Trd, 000121.083, 174
Trd, 000121.483, 173
Trd, 000121.850, 182
Trd, 000122.083, 194
Trd, 000122.267, 198
Trd, 000122.350, 216
Trd, 000122.567, 169
Trd, 000122.750, 216
Trd, 000123.000, 191
Trd, 000123.250, 261
Trd, 000123.967, 209
Trd, 000124.117, 300.0
Trd, 000124.833, 324
Trd, 000125.533, 331.0
Trd, 000125.583, 334.0
Trd, 000126.567, 336
Trd, 000126.700, 336.0
Trd, 000127.867, 367.0
Trd, 000128.133, 360
Trd, 000128.417, 349
Trd, 000129.067, 349
Trd, 000130.533, 359.0
Trd, 000131.117, 357.0
Trd, 000131.583, 356.0
Trd, 000131.717, 355.0
Trd, 000132.900, 356
Trd, 000134.017, 357
Trd, 000134.050, 352
Trd, 000134.300, 358
Trd, 000134.350, 359
Trd, 000136.017, 360.0
Trd, 000136.533, 356.0
Trd, 000136.700, 355.0
Trd, 000137.367, 355
Trd, 000137.733, 353
Trd, 000138.350, 359
Trd, 000139.767, 354
Trd, 000140.300, 356
Trd, 000140.917, 357
Trd, 000141.550, 354
Trd, 000141.600, 353
Trd, 000142.133, 356
Trd, 000143.100, 355.0
Trd, 000144.533, 356
Trd, 000145.133, 354
Trd, 000146.033, 355
Trd, 000146.283, 362.0
Trd, 000146.383, 353
Trd, 000147.083, 354
Trd, 000147.350, 358
Trd, 000147.467, 359
Trd, 000148.800, 358
Trd, 000150.867, 359
Trd, 000151.017, 361
Trd, 000151.650, 359
Trd, 000152.550, 359
Trd, 000152.617, 362.0
Trd, 000153.433, 355.0
Trd, 000153.700, 357
Trd, 000153.783, 354
Trd, 000154.100, 353
Trd, 000154.733, 351
Trd, 000155.433, 350
Trd, 000155.917, 352
Trd, 000156.433, 351
Trd, 000156.767, 348.0
Trd, 000157.383, 347
Trd, 000158.250, 351
Trd, 000158.483, 351
Trd, 000159.050, 354
Trd, 000159.633, 349.0
Trd, 000160.650, 349.0
Trd, 000160.900, 358
Trd, 000163.050, 355.0
Trd, 000163.200, 356
Trd, 000164.000, 353
Trd, 000164.717, 354
Trd, 000165.717, 354
Trd, 000166.450, 355
Trd, 000166.883, 354
Trd, 000167.067, 349.0
Trd, 000167.817, 350
Trd, 000168.067, 358
Trd, 000168.283, 359
Trd, 000168.967, 349
Trd, 000170.767, 348.0
Trd, 000171.250, 354
Trd, 000171.283, 347
Trd, 000172.017, 348
Trd, 000172.233, 347
Trd, 000172.333, 345
Trd, 000172.950, 347.0
Trd, 000174.417, 359
Trd, 000175.000, 355
Trd, 000175.417, 358
Trd, 000175.450, 360
Trd, 000175.617, 348
Trd, 000176.417, 360
Trd, 000176.700, 350
Trd, 000178.400, 356
Trd, 000179.283, 355.0
Trd, 000179.350, 357
Trd, 000179.550, 368.0
Trd, 000179.700, 378
Trd, 000180.117, 350
Trd, 000180.617, 350
Trd, 000180.800, 362.0
Trd, 000181.300, 348.0
Trd, 000181.450, 348
Trd, 000182.550, 346
Trd, 000182.667, 344.0
Trd, 000182.833, 334.0
Trd, 000182.933, 330
Trd, 000183.733, 324.0
Trd, 000183.817, 320.0
Trd, 000184.917, 207
Trd, 000185.150, 206
Trd, 000186.017, 200
Trd, 000186.283, 212
Trd, 000186.533, 195
Trd, 000188.533, 202
Trd, 000188.783, 202
Trd, 000188.967, 201
Trd, 000190.350, 192
Trd, 000190.600, 193
Trd, 000191.867, 190
Trd, 000191.883, 183
Trd, 000192.267, 180
Trd, 000192.933, 181
Trd, 000193.283, 181
Trd, 000193.383, 191
Trd, 000194.117, 178
Trd, 000194.783, 178
Trd, 000195.400, 169
Trd, 000196.183, 181
Trd, 000196.483, 179
Trd, 000196.600, 179
Trd, 000196.700, 176
Trd, 000196.783, 175
Trd, 000197.883, 168
Trd, 000198.800, 174
Trd, 000198.850, 175
Trd, 000199.000, 179
Trd, 000199.117, 164
Trd, 000200.800, 176
Trd, 000201.867, 180
Trd, 000202.233, 180
Trd, 000202.867, 177
Trd, 000203.667, 181
Trd, 000204.350, 177
Trd, 000204.800, 177
Trd, 000205.567, 180
Trd, 000206.150, 181
Trd, 000206.783, 176
Trd, 000207.483, 182
Trd, 000207.633, 176
Trd, 000207.817, 176
Trd, 000208.983, 180
Trd, 000209.250, 178
Trd, 000209.450, 193
Trd, 000210.067, 178
Trd, 000211.233, 177
Trd, 000211.283, 177
Trd, 000211.850, 178
Trd, 000212.133, 180
Trd, 000212.500, 176
Trd, 000212.633, 169
Trd, 000213.033, 168
Trd, 000214.150, 182
Trd, 000214.483, 183
Trd, 000215.633, 184
Trd, 000215.783, 185
Trd, 000215.833, 183
Trd, 000217.233, 182
Trd, 000217.400, 178
Trd, 000217.450, 184
Trd, 000219.983, 180
Trd, 000220.283, 184
Trd, 000220.583, 179
Trd, 000221.800, 182
Trd, 000222.267, 183
Trd, 000223.383, 185
Trd, 000224.167, 181
Trd, 000224.300, 181
Trd, 000224.350, 180
Trd, 000225.233, 181
Trd, 000225.517, 183
Trd, 000225.850, 179
Trd, 000226.217, 184
Trd, 000228.233, 178
Trd, 000228.450, 177
Trd, 000228.750, 166
Trd, 000228.883, 178
Trd, 000229.500, 180
Trd, 000229.967, 177
Trd, 000230.067, 176
Trd, 000231.633, 178
Trd, 000231.733, 177
Trd, 000232.450, 177
Trd, 000233.633, 178
Trd, 000234.900, 173
Trd, 000235.850, 173
Trd, 000235.883, 177
Trd, 000236.017, 173
Trd, 000236.317, 178
Trd, 000236.450, 178
Trd, 000237.000, 176
Trd, 000237.033, 181
Trd, 000238.150, 175
Trd, 000238.517, 174
Trd, 000238.817, 171
Trd, 000238.900, 182
Trd, 000239.383, 184
Trd, 000240.700, 174
Trd, 000241.267, 176
Trd, 000241.333, 175
Trd, 000242.033, 176
Trd, 000242.333, 173
Trd, 000242.367, 173
Trd, 000242.433, 172
Trd, 000242.750, 172
Trd, 000243.133, 173
Trd, 000243.617, 179
Trd, 000243.783, 182
Trd, 000244.083, 172
Trd, 000244.783, 171
Trd, 000245.000, 174
Trd, 000245.500, 171
Trd, 000245.933, 171
Trd, 000246.600, 171
Trd, 000247.167, 171
Trd, 000247.600, 168
Trd, 000247.717, 168
Trd, 000248.467, 174
Trd, 000249.050, 177
Trd, 000249.067, 180
Trd, 000249.650, 169
Trd, 000249.733, 168
Trd, 000251.067, 172
Trd, 000251.233, 179
Trd, 000252.267, 177
Trd, 000252.617, 176
Trd, 000253.333, 176
Trd, 000254.083, 175
Trd, 000254.583, 174
Trd, 000255.000, 175
Trd, 000255.150, 172
Trd, 000255.333, 174
Trd, 000255.450, 180
Trd, 000255.533, 179
Trd, 000255.933, 186
Trd, 000256.450, 184
Trd, 000256.583, 175
Trd, 000257.267, 181
Trd, 000257.483, 175
Trd, 000257.817, 173
Trd, 000258.117, 170
Trd, 000258.217, 167
Trd, 000258.667, 181
Trd, 000260.233, 174
Trd, 000260.467, 171
Trd, 000260.567, 172
Trd, 000261.183, 181
Trd, 000262.767, 177
Trd, 000263.467, 177
Trd, 000263.967, 177
Trd, 000264.433, 178
Trd, 000264.567, 180
Trd, 000265.350, 177
Trd, 000265.450, 181
Trd, 000265.917, 175
Trd, 000266.017, 181
Trd, 000266.250, 174
Trd, 000266.617, 174
Trd, 000268.083, 174
Trd, 000268.150, 181
Trd, 000269.367, 174
Trd, 000269.517, 171
Trd, 000269.950, 182
Trd, 000270.200, 174
Trd, 000270.233, 180
Trd, 000271.100, 173
Trd, 000271.783, 174
Trd, 000271.817, 173
Trd, 000272.433, 175
Trd, 000272.883, 178
Trd, 000273.533, 181
Trd, 000274.450, 175
Trd, 000274.500, 173
Trd, 000274.567, 181
Trd, 000275.200, 181
Trd, 000275.267, 173
Trd, 000275.617, 172
Trd, 000277.033, 172
Trd, 000277.717, 172
Trd, 000277.867, 171
Trd, 000278.583, 169
Trd, 000279.017, 172
Trd, 000279.150, 169
Trd, 000279.367, 168
Trd, 000279.433, 174
Trd, 000279.767, 182
Trd, 000280.100, 185
Trd, 000280.350, 189
Trd, 000281.517, 183
Trd, 000282.533, 180
Trd, 000282.650, 172
Trd, 000283.483, 176
Trd, 000283.883, 172
Trd, 000284.350, 170
Trd, 000285.083, 171
Trd, 000285.533, 173
Trd, 000285.933, 176
Trd, 000286.233, 177
Trd, 000286.650, 183
Trd, 000287.050, 175
Trd, 000287.467, 173
Trd, 000288.533, 173
Trd, 000289.400, 174
Trd, 000290.150, 174
Trd, 000290.600, 173
Trd, 000290.733, 174
Trd, 000290.850, 170
Trd, 000291.133, 167
Trd, 000291.417, 166
Trd, 000292.150, 173
Trd, 000292.167, 177
Trd, 000292.333, 184
Trd, 000292.433, 172
Trd, 000292.583, 171
Trd, 000293.150, 187
Trd, 000293.350, 191
Trd, 000293.583, 197
Trd, 000294.100, 178
Trd, 000296.600, 179
Trd, 000297.300, 179
Trd, 000297.350, 179
Trd, 000297.683, 177
Trd, 000298.350, 178
Trd, 000298.717, 177
Trd, 000298.900, 176
Trd, 000299.483, 176
Trd, 000299.733, 179
Trd, 000299.833, 175
