Trd, 000002.650, 144
Trd, 000002.833, 145
Trd, 000003.383, 144
Trd, 000003.567, 151
Trd, 000003.733, 141
Trd, 000004.150, 154
Trd, 000004.183, 139
Trd, 000004.617, 138
Trd, 000004.833, 165
Trd, 000004.933, 168
Trd, 000005.350, 168
Trd, 000005.750, 169
Trd, 000007.267, 165
Trd, 000007.417, 175
Trd, 000008.117, 173
Trd, 000008.167, 165
Trd, 000008.700, 172
Trd, 000009.883, 166
Trd, 000010.217, 161
Trd, 000010.550, 152
Trd, 000010.733, 132
Trd, 000010.783, 153
Trd, 000011.800, 161
Trd, 000012.267, 166
Trd, 000013.117, 157
Trd, 000013.400, 155
Trd, 000014.050, 155
Trd, 000015.233, 152
Trd, 000015.917, 161
Trd, 000016.600, 164
Trd, 000016.950, 154
Trd, 000017.150, 166
Trd, 000017.783, 158
Trd, 000017.833, 157
Trd, 000018.817, 157
Trd, 000019.450, 163
Trd, 000019.983, 158
Trd, 000020.783, 165
Trd, 000020.833, 166
Trd, 000020.917, 161
Trd, 000021.733, 159
Trd, 000021.917, 158
Trd, 000022.750, 135
Trd, 000022.883, 164
Trd, 000023.217, 166
Trd, 000023.933, 156
Trd, 000024.683, 156
Trd, 000025.267, 162
Trd, 000026.033, 164
Trd, 000026.300, 154
Trd, 000026.450, 155
Trd, 000027.983, 145
Trd, 000028.567, 154
Trd, 000028.667, 166
Trd, 000029.883, 143
Trd, 000030.050, 161
Trd, 000030.533, 156
Trd, 000030.633, 145
Trd, 000031.133, 145
Trd, 000032.233, 141
Trd, 000033.117, 152
Trd, 000033.500, 168
Trd, 000033.717, 171
Trd, 000034.250, 160
Trd, 000034.417, 153
Trd, 000035.233, 166
Trd, 000035.350, 150
Trd, 000035.517, 149
Trd, 000036.667, 151
Trd, 000037.883, 164
Trd, 000037.900, 154
Trd, 000038.183, 165
Trd, 000038.217, 166
Trd, 000039.250, 165
Trd, 000039.633, 168
Trd, 000040.317, 163
Trd, 000040.717, 160
Trd, 000040.817, 158
Trd, 000041.650, 159
Trd, 000042.400, 167
Trd, 000043.333, 162
Trd, 000043.600, 163
Trd, 000044.933, 165
Trd, 000045.183, 166
Trd, 000045.467, 167
Trd, 000045.817, 157
Trd, 000046.333, 156
Trd, 000046.967, 155
Trd, 000047.000, 168
Trd, 000047.900, 153
Trd, 000048.450, 145
Trd, 000048.583, 146
Trd, 000049.333, 166
Trd, 000049.383, 168
Trd, 000050.517, 152
Trd, 000051.633, 158
Trd, 000052.267, 158
Trd, 000053.100, 170
Trd, 000053.250, 158
Trd, 000053.817, 170
Trd, 000054.033, 156
Trd, 000054.433, 156
Trd, 000054.600, 155
Trd, 000055.000, 155
Trd, 000055.667, 156
Trd, 000056.417, 162
Trd, 000057.150, 166
Trd, 000058.200, 149
Trd, 000058.517, 157
Trd, 000059.133, 156
Trd, 000059.217, 155
Trd, 000059.433, 155
Trd, 000060.367, 160
Trd, 000061.100, 163
Trd, 000061.550, 164
Trd, 000061.967, 157
Trd, 000062.817, 158
Trd, 000063.050, 157
Trd, 000063.650, 158
Trd, 000064.433, 156
Trd, 000065.283, 161
Trd, 000066.067, 156
Trd, 000066.133, 169
Trd, 000066.650, 169
Trd, 000066.700, 166
Trd, 000066.867, 170
Trd, 000067.033, 168
Trd, 000067.333, 169
Trd, 000067.667, 168
Trd, 000068.150, 169
Trd, 000068.167, 172
Trd, 000070.317, 168
Trd, 000070.433, 169
Trd, 000070.650, 162
Trd, 000072.233, 164
Trd, 000072.400, 163
Trd, 000072.983, 160
Trd, 000073.250, 138
Trd, 000073.817, 147
Trd, 000074.517, 148
Trd, 000075.617, 151
Trd, 000076.267, 153
Trd, 000076.683, 154
Trd, 000077.000, 159
Trd, 000077.750, 160
Trd, 000078.300, 161
Trd, 000080.300, 171
Trd, 000080.650, 173
Trd, 000080.767, 161
Trd, 000080.800, 174
Trd, 000081.317, 176
Trd, 000081.367, 160
Trd, 000081.483, 159
Trd, 000082.167, 141
Trd, 000082.383, 142
Trd, 000083.267, 177
Trd, 000083.550, 156
Trd, 000083.967, 158
Trd, 000084.950, 173
Trd, 000085.250, 166
Trd, 000085.483, 167
Trd, 000086.000, 155
Trd, 000086.217, 139
Trd, 000087.217, 159
Trd, 000087.333, 160
Trd, 000087.733, 153
Trd, 000088.150, 173
Trd, 000088.450, 151
Trd, 000088.567, 151
Trd, 000088.783, 151
Trd, 000088.950, 152
Trd, 000089.617, 172
Trd, 000090.433, 159
Trd, 000091.850, 147
Trd, 000092.250, 160
Trd, 000092.500, 161
Trd, 000092.900, 163
Trd, 000093.683, 161
Trd, 000093.883, 173
Trd, 000094.117, 158
Trd, 000094.733, 159
Trd, 000095.217, 161
Trd, 000095.500, 163
Trd, 000095.533, 165
Trd, 000096.633, 163
Trd, 000096.967, 161
Trd, 000098.300, 165
Trd, 000098.517, 166
Trd, 000098.567, 164
Trd, 000099.233, 164
Trd, 000099.667, 161
Trd, 000099.950, 169
Trd, 000100.267, 162
Trd, 000100.867, 172
Trd, 000101.333, 175
Trd, 000101.400, 161
Trd, 000101.933, 169
Trd, 000102.133, 159
Trd, 000102.900, 171
Trd, 000103.617, 175
Trd, 000103.800, 160
Trd, 000105.050, 169
Trd, 000105.117, 161
Trd, 000105.450, 160
Trd, 000106.183, 150
Trd, 000106.367, 162
Trd, 000106.667, 165
Trd, 000108.100, 167
Trd, 000108.433, 173
Trd, 000108.767, 178
Trd, 000108.967, 157
Trd, 000109.467, 162
Trd, 000110.083, 175
Trd, 000110.233, 168
Trd, 000111.050, 168
Trd, 000112.167, 170
Trd, 000112.967, 170
Trd, 000113.633, 168
Trd, 000113.700, 171
Trd, 000114.133, 162
Trd, 000114.233, 175
Trd, 000115.017, 173
Trd, 000115.683, 166
Trd, 000115.800, 162
Trd, 000116.583, 174
Trd, 000116.700, 146
Trd, 000117.050, 173
Trd, 000117.900, 175
Trd, 000118.933, 163
Trd, 000119.117, 172
Trd, 000119.150, 179
Trd, 000119.467, 162
Trd, 000120.483, 163
Trd, 000120.600, 177
Trd, 000120.950, 178
Trd, 000121.133, 180
Trd, 000121.950, 178
Trd, 000122.317, 181
Trd, 000122.700, 184
Trd, 000123.183, 178
Trd, 000124.183, 187
Trd, 000124.267, 299
Trd, 000124.467, 303.0
Trd, 000126.133, 306.0
Trd, 000126.650, 328
Trd, 000126.750, 329
Trd, 000126.783, 335
Trd, 000127.133, 328
Trd, 000127.233, 341.0
Trd, 000127.583, 342
Trd, 000128.267, 330
Trd, 000128.967, 342
Trd, 000129.633, 344
Trd, 000132.333, 336
Trd, 000133.167, 344
Trd, 000134.583, 342
Trd, 000134.617, 341
Trd, 000134.967, 343
Trd, 000135.017, 337
Trd, 000135.417, 335
Trd, 000136.017, 337
Trd, 000136.117, 334
Trd, 000136.667, 337
Trd, 000136.867, 336
Trd, 000137.183, 341.0
Trd, 000138.000, 345
Trd, 000138.533, 347
Trd, 000138.833, 348
Trd, 000139.617, 340
Trd, 000140.033, 333.0
Trd, 000140.267, 334.0
Trd, 000141.933, 340
Trd, 000142.250, 340.0
Trd, 000142.617, 339
Trd, 000142.783, 336
Trd, 000143.267, 335
Trd, 000143.383, 341.0
Trd, 000143.700, 346
Trd, 000143.950, 349
Trd, 000144.083, 338
Trd, 000144.650, 351.0
Trd, 000144.717, 352
Trd, 000146.400, 343
Trd, 000146.600, 342
Trd, 000147.117, 350
Trd, 000147.367, 340
Trd, 000147.833, 337
Trd, 000148.583, 348.0
Trd, 000150.683, 344.0
Trd, 000151.483, 341
Trd, 000152.283, 345
Trd, 000153.133, 345
Trd, 000153.200, 344
Trd, 000153.267, 342
Trd, 000153.383, 346
Trd, 000153.800, 346
Trd, 000154.233, 341
Trd, 000155.683, 351.0
Trd, 000155.983, 348
Trd, 000156.200, 352
Trd, 000156.417, 365.0
Trd, 000156.767, 368.0
Trd, 000157.200, 351
Trd, 000158.250, 351.0
Trd, 000159.083, 352
Trd, 000159.167, 341.0
Trd, 000160.100, 331.0
Trd, 000160.367, 334
Trd, 000160.400, 349.0
Trd, 000160.467, 351.0
Trd, 000161.767, 354
Trd, 000163.083, 353
Trd, 000163.167, 353
Trd, 000163.400, 352
Trd, 000163.500, 348
Trd, 000163.833, 354
Trd, 000164.250, 355
Trd, 000164.850, 330
Trd, 000165.183, 329
Trd, 000165.667, 352
Trd, 000166.200, 333
Trd, 000166.467, 353
Trd, 000166.650, 360
Trd, 000166.900, 354
Trd, 000167.033, 353
Trd, 000167.100, 360
Trd, 000169.200, 341
Trd, 000169.383, 343
Trd, 000169.850, 339
Trd, 000170.167, 334
Trd, 000170.200, 345
Trd, 000171.183, 340.0
Trd, 000171.700, 332.0
Trd, 000171.983, 351.0
Trd, 000172.150, 352
Trd, 000172.183, 331.0
Trd, 000172.417, 342
Trd, 000174.583, 337
Trd, 000175.100, 329
Trd, 000175.717, 338
Trd, 000175.783, 339
Trd, 000176.033, 341.0
Trd, 000176.900, 349.0
Trd, 000177.650, 351.0
Trd, 000177.750, 333
Trd, 000178.017, 332
Trd, 000178.033, 331.0
Trd, 000178.483, 340
Trd, 000179.800, 347
Trd, 000180.283, 346
Trd, 000180.433, 351.0
Trd, 000180.967, 351
Trd, 000181.517, 350
Trd, 000182.150, 348
Trd, 000182.183, 331.0
Trd, 000182.367, 326
Trd, 000182.383, 325
Trd, 000182.400, 320.0
Trd, 000182.817, 313.0
Trd, 000183.233, 253
Trd, 000184.183, 218
Trd, 000184.400, 197
Trd, 000184.450, 197
Trd, 000185.067, 176
Trd, 000185.783, 190
Trd, 000186.200, 186
Trd, 000186.500, 191
Trd, 000187.417, 182
Trd, 000188.050, 170
Trd, 000188.433, 169
Trd, 000188.450, 180
Trd, 000189.083, 169
Trd, 000191.133, 178
Trd, 000191.667, 178
Trd, 000191.733, 168
Trd, 000191.850, 181
Trd, 000193.133, 179
Trd, 000194.300, 175
Trd, 000194.667, 175
Trd, 000194.717, 177
Trd, 000194.767, 177
Trd, 000195.083, 181
Trd, 000195.400, 176
Trd, 000195.817, 175
Trd, 000196.433, 176
Trd, 000197.200, 178
Trd, 000197.450, 176
Trd, 000198.067, 174
Trd, 000198.083, 158
Trd, 000198.617, 161
Trd, 000198.933, 185
Trd, 000199.733, 158
Trd, 000200.333, 176
Trd, 000200.483, 182
Trd, 000200.867, 159
Trd, 000201.050, 159
Trd, 000202.583, 170
Trd, 000203.117, 170
Trd, 000203.317, 168
Trd, 000203.883, 167
Trd, 000205.883, 155
Trd, 000205.983, 157
Trd, 000206.200, 159
Trd, 000206.667, 161
Trd, 000207.317, 168
Trd, 000207.733, 162
Trd, 000207.750, 172
Trd, 000208.317, 166
Trd, 000208.517, 167
Trd, 000208.550, 164
Trd, 000208.717, 162
Trd, 000209.567, 168
Trd, 000210.100, 163
Trd, 000210.467, 171
Trd, 000211.233, 164
Trd, 000211.383, 171
Trd, 000211.967, 173
Trd, 000212.667, 182
Trd, 000213.517, 161
Trd, 000214.250, 161
Trd, 000214.450, 161
Trd, 000215.150, 162
Trd, 000215.483, 165
Trd, 000215.517, 160
Trd, 000216.483, 165
Trd, 000216.967, 161
Trd, 000217.033, 162
Trd, 000217.100, 167
Trd, 000217.600, 166
Trd, 000218.833, 160
Trd, 000220.983, 167
Trd, 000221.517, 174
Trd, 000221.833, 177
Trd, 000222.550, 173
Trd, 000222.617, 173
Trd, 000222.700, 169
Trd, 000222.767, 176
Trd, 000222.800, 171
Trd, 000223.150, 173
Trd, 000224.217, 169
Trd, 000225.467, 184
Trd, 000226.167, 184
Trd, 000226.983, 175
Trd, 000227.300, 175
Trd, 000227.400, 184
Trd, 000228.017, 185
Trd, 000229.467, 182
Trd, 000230.217, 183
Trd, 000230.283, 176
Trd, 000230.400, 174
Trd, 000230.567, 173
Trd, 000231.167, 176
Trd, 000231.483, 175
Trd, 000231.700, 156
Trd, 000232.483, 154
Trd, 000232.933, 185
Trd, 000233.950, 187
Trd, 000234.133, 179
Trd, 000234.533, 188
Trd, 000235.267, 177
Trd, 000235.300, 178
Trd, 000235.383, 156
Trd, 000235.533, 180
Trd, 000235.617, 155
Trd, 000236.600, 188
Trd, 000236.950, 165
Trd, 000237.200, 188
Trd, 000239.433, 175
Trd, 000240.233, 175
Trd, 000240.350, 176
Trd, 000240.517, 176
Trd, 000240.617, 168
Trd, 000240.750, 179
Trd, 000240.767, 167
Trd, 000240.967, 186
Trd, 000241.250, 164
Trd, 000242.317, 175
Trd, 000242.983, 181
Trd, 000243.583, 179
Trd, 000243.917, 176
Trd, 000244.117, 175
Trd, 000244.467, 179
Trd, 000244.783, 180
Trd, 000244.983, 179
Trd, 000245.167, 182
Trd, 000245.333, 183
Trd, 000245.717, 185
Trd, 000245.800, 182
Trd, 000245.900, 182
Trd, 000246.750, 182
Trd, 000247.350, 183
Trd, 000248.533, 182
Trd, 000248.583, 182
Trd, 000248.667, 180
Trd, 000249.017, 185
Trd, 000250.167, 187
Trd, 000250.500, 188
Trd, 000250.700, 187
Trd, 000251.383, 193
Trd, 000251.500, 193
Trd, 000251.583, 183
Trd, 000251.600, 180
Trd, 000252.250, 185
Trd, 000252.317, 177
Trd, 000252.667, 186
Trd, 000253.117, 186
Trd, 000253.267, 184
Trd, 000253.517, 182
Trd, 000254.117, 161
Trd, 000254.700, 166
Trd, 000256.067, 171
Trd, 000256.667, 179
Trd, 000257.150, 183
Trd, 000257.317, 177
Trd, 000257.450, 185
Trd, 000257.783, 188
Trd, 000258.333, 185
Trd, 000258.583, 179
Trd, 000258.717, 178
Trd, 000258.750, 177
Trd, 000259.033, 188
Trd, 000259.567, 187
Trd, 000259.817, 191
Trd, 000261.050, 186
Trd, 000261.550, 188
Trd, 000262.133, 187
Trd, 000262.183, 192
Trd, 000262.300, 184
Trd, 000262.783, 157
Trd, 000263.717, 176
Trd, 000264.050, 177
Trd, 000265.150, 178
Trd, 000265.217, 177
Trd, 000265.317, 189
Trd, 000265.583, 181
Trd, 000265.950, 183
Trd, 000266.033, 191
Trd, 000266.567, 185
Trd, 000266.817, 185
Trd, 000266.900, 180
Trd, 000267.633, 189
Trd, 000268.150, 184
Trd, 000268.750, 184
Trd, 000268.850, 185
Trd, 000268.883, 188
Trd, 000268.917, 195
Trd, 000269.800, 183
Trd, 000269.817, 192
Trd, 000270.333, 188
Trd, 000271.283, 195
Trd, 000271.417, 183
Trd, 000273.667, 186
Trd, 000273.733, 186
Trd, 000273.950, 190
Trd, 000273.967, 186
Trd, 000274.133, 191
Trd, 000274.433, 185
Trd, 000274.633, 182
Trd, 000275.150, 185
Trd, 000275.900, 189
Trd, 000276.217, 183
Trd, 000276.367, 183
Trd, 000277.067, 180
Trd, 000277.167, 182
Trd, 000277.567, 183
Trd, 000277.900, 193
Trd, 000277.933, 179
Trd, 000278.367, 199
Trd, 000278.933, 196
Trd, 000279.700, 196
Trd, 000279.783, 188
Trd, 000279.800, 187
Trd, 000280.817, 198
Trd, 000280.867, 190
Trd, 000280.933, 189
Trd, 000281.417, 193
Trd, 000281.617, 188
Trd, 000281.917, 179
Trd, 000282.533, 177
Trd, 000283.033, 183
Trd, 000284.567, 178
Trd, 000284.867, 188
Trd, 000285.150, 190
Trd, 000285.617, 187
Trd, 000286.250, 178
Trd, 000286.467, 187
Trd, 000286.650, 187
Trd, 000286.767, 190
Trd, 000287.333, 183
Trd, 000287.417, 180
Trd, 000288.317, 191
Trd, 000289.300, 192
Trd, 000289.367, 181
Trd, 000289.450, 180
Trd, 000289.533, 196
Trd, 000289.717, 159
Trd, 000289.867, 181
Trd, 000290.267, 184
Trd, 000290.567, 180
Trd, 000291.167, 187
Trd, 000291.767, 187
Trd, 000291.867, 184
Trd, 000292.267, 183
Trd, 000292.517, 182
Trd, 000292.917, 188
Trd, 000293.083, 160
Trd, 000293.917, 189
Trd, 000294.217, 191
Trd, 000294.450, 194
Trd, 000294.467, 194
Trd, 000294.600, 188
Trd, 000294.817, 187
Trd, 000295.600, 186
Trd, 000296.167, 175
Trd, 000297.633, 185
Trd, 000297.783, 181
Trd, 000297.867, 187
Trd, 000298.183, 184
Trd, 000298.317, 183
Trd, 000298.550, 184
Trd, 000298.983, 185
Trd, 000299.517, 192
Trd, 000299.633, 183
