Trd, 000000.600, 130
Trd, 000001.500, 131
Trd, 000001.700, 117
Trd, 000001.750, 162
Trd, 000002.167, 165
Trd, 000004.067, 128
Trd, 000004.233, 136
Trd, 000004.250, 127
Trd, 000005.317, 145
Trd, 000006.033, 146
Trd, 000006.200, 155
Trd, 000006.367, 162
Trd, 000006.850, 176
Trd, 000007.000, 177
Trd, 000007.150, 172
Trd, 000008.117, 165
Trd, 000008.333, 164
Trd, 000008.850, 172
Trd, 000009.017, 165
Trd, 000011.083, 163
Trd, 000011.517, 160
Trd, 000011.750, 160
Trd, 000011.817, 163
Trd, 000012.200, 156
Trd, 000013.200, 149
Trd, 000014.050, 158
Trd, 000014.167, 160
Trd, 000014.883, 158
Trd, 000014.967, 158
Trd, 000015.067, 156
Trd, 000015.117, 159
Trd, 000016.233, 154
Trd, 000016.550, 180
Trd, 000016.833, 173
Trd, 000017.450, 171
Trd, 000018.583, 171
Trd, 000019.450, 171
Trd, 000019.900, 171
Trd, 000020.000, 170
Trd, 000020.600, 164
Trd, 000021.117, 170
Trd, 000021.433, 167
Trd, 000021.633, 172
Trd, 000021.767, 165
Trd, 000022.500, 168
Trd, 000022.533, 169
Trd, 000022.617, 170
Trd, 000023.733, 164
Trd, 000023.900, 163
Trd, 000024.067, 157
Trd, 000024.317, 150
Trd, 000024.383, 146
Trd, 000024.500, 166
Trd, 000025.867, 142
Trd, 000026.617, 146
Trd, 000027.900, 154
Trd, 000027.917, 154
Trd, 000028.167, 155
Trd, 000028.317, 156
Trd, 000028.350, 155
Trd, 000028.483, 158
Trd, 000028.550, 149
Trd, 000029.533, 153
Trd, 000030.300, 159
Trd, 000030.717, 166
Trd, 000031.533, 165
Trd, 000031.700, 165
Trd, 000032.300, 164
Trd, 000032.417, 158
Trd, 000032.617, 151
Trd, 000033.200, 178
Trd, 000034.217, 167
Trd, 000034.483, 176
Trd, 000034.950, 175
Trd, 000035.383, 178
Trd, 000035.767, 173
Trd, 000037.367, 174
Trd, 000037.667, 178
Trd, 000038.167, 174
Trd, 000038.650, 176
Trd, 000038.700, 172
Trd, 000039.750, 168
Trd, 000039.783, 177
Trd, 000040.383, 168
Trd, 000040.600, 159
Trd, 000042.917, 166
Trd, 000043.467, 165
Trd, 000043.867, 164
Trd, 000044.183, 166
Trd, 000044.233, 164
Trd, 000044.717, 163
Trd, 000044.850, 164
Trd, 000044.983, 167
Trd, 000045.017, 169
Trd, 000046.550, 167
Trd, 000046.833, 166
Trd, 000047.367, 190
Trd, 000048.567, 177
Trd, 000048.633, 160
Trd, 000048.783, 156
Trd, 000049.083, 177
Trd, 000050.000, 160
Trd, 000050.517, 169
Trd, 000050.817, 163
Trd, 000052.317, 161
Trd, 000053.417, 160
Trd, 000053.517, 161
Trd, 000054.017, 159
Trd, 000054.083, 161
Trd, 000055.183, 161
Trd, 000055.633, 160
Trd, 000056.017, 159
Trd, 000056.150, 158
Trd, 000056.650, 162
Trd, 000056.833, 162
Trd, 000057.233, 161
Trd, 000057.633, 164
Trd, 000058.067, 158
Trd, 000058.400, 158
Trd, 000058.467, 163
Trd, 000059.017, 153
Trd, 000059.250, 159
Trd, 000059.483, 154
Trd, 000059.567, 154
Trd, 000059.600, 160
Trd, 000061.350, 157
Trd, 000061.400, 161
Trd, 000061.917, 150
Trd, 000062.800, 181
Trd, 000062.867, 178
Trd, 000064.150, 174
Trd, 000064.200, 171
Trd, 000064.233, 170
Trd, 000065.267, 169
Trd, 000065.550, 174
Trd, 000065.783, 177
Trd, 000066.333, 168
Trd, 000066.600, 166
Trd, 000067.500, 175
Trd, 000068.150, 175
Trd, 000068.683, 168
Trd, 000068.867, 174
Trd, 000068.883, 171
Trd, 000068.900, 167
Trd, 000069.567, 173
Trd, 000070.083, 162
Trd, 000070.683, 165
Trd, 000071.567, 166
Trd, 000072.900, 162
Trd, 000073.550, 158
Trd, 000073.850, 160
Trd, 000074.000, 161
Trd, 000074.350, 160
Trd, 000074.367, 156
Trd, 000074.783, 161
Trd, 000075.133, 155
Trd, 000075.950, 157
Trd, 000076.033, 161
Trd, 000076.600, 172
Trd, 000076.783, 182
Trd, 000077.100, 160
Trd, 000077.333, 176
Trd, 000077.567, 180
Trd, 000078.667, 163
Trd, 000078.683, 136
Trd, 000080.717, 155
Trd, 000081.167, 156
Trd, 000081.650, 173
Trd, 000081.683, 163
Trd, 000083.100, 163
Trd, 000084.150, 163
Trd, 000084.667, 180
Trd, 000085.100, 178
Trd, 000085.483, 164
Trd, 000086.350, 165
Trd, 000086.633, 172
Trd, 000086.867, 173
Trd, 000086.917, 187
Trd, 000087.067, 160
Trd, 000087.350, 165
Trd, 000088.167, 165
Trd, 000088.233, 172
Trd, 000088.267, 174
Trd, 000088.717, 188
Trd, 000090.317, 162
Trd, 000090.450, 164
Trd, 000091.267, 164
Trd, 000091.767, 168
Trd, 000093.300, 167
Trd, 000093.333, 163
Trd, 000093.767, 168
Trd, 000093.983, 171
Trd, 000094.033, 164
Trd, 000094.233, 164
Trd, 000094.550, 163
Trd, 000095.400, 160
Trd, 000095.450, 172
Trd, 000096.417, 165
Trd, 000096.533, 193
Trd, 000097.517, 178
Trd, 000098.617, 177
Trd, 000098.650, 165
Trd, 000099.100, 165
Trd, 000099.183, 165
Trd, 000099.383, 162
Trd, 000100.850, 172
Trd, 000101.017, 167
Trd, 000101.783, 165
Trd, 000102.583, 169
Trd, 000102.733, 164
Trd, 000103.333, 170
Trd, 000104.267, 170
Trd, 000104.833, 170
Trd, 000105.017, 185
Trd, 000105.483, 171
Trd, 000106.267, 179
Trd, 000106.400, 186
Trd, 000106.933, 183
Trd, 000107.933, 180
Trd, 000108.233, 179
Trd, 000108.467, 165
Trd, 000109.350, 161
Trd, 000109.617, 178
Trd, 000110.150, 163
Trd, 000110.350, 176
Trd, 000110.817, 177
Trd, 000111.433, 167
Trd, 000112.850, 166
Trd, 000113.300, 167
Trd, 000114.000, 167
Trd, 000114.033, 168
Trd, 000114.333, 167
Trd, 000114.467, 166
Trd, 000115.050, 170
Trd, 000115.333, 167
Trd, 000115.617, 165
Trd, 000116.467, 159
Trd, 000118.333, 164
Trd, 000118.933, 160
Trd, 000119.367, 163
Trd, 000119.900, 163
Trd, 000120.350, 163
Trd, 000120.933, 170
Trd, 000121.000, 167
Trd, 000121.383, 185
Trd, 000121.417, 175
Trd, 000121.733, 186
Trd, 000121.983, 188
Trd, 000122.117, 167
Trd, 000122.550, 191
Trd, 000122.833, 198
Trd, 000123.233, 207
Trd, 000123.350, 208
Trd, 000124.233, 364.0
Trd, 000124.400, 326
Trd, 000124.750, 312.0
Trd, 000124.983, 313
Trd, 000125.867, 355.0
Trd, 000126.200, 357
Trd, 000127.133, 361
Trd, 000127.350, 320.0
Trd, 000127.533, 329
Trd, 000127.667, 331.0
Trd, 000128.267, 355.0
Trd, 000128.667, 330
Trd, 000129.900, 355
Trd, 000130.033, 344
Trd, 000130.217, 338
Trd, 000130.650, 359
Trd, 000131.000, 365.0
Trd, 000133.350, 360
Trd, 000134.317, 356.0
Trd, 000135.133, 355.0
Trd, 000135.350, 354
Trd, 000135.567, 357
Trd, 000135.650, 347
Trd, 000136.050, 355
Trd, 000136.100, 346
Trd, 000136.750, 353
Trd, 000136.883, 363
Trd, 000137.083, 348
Trd, 000137.367, 347
Trd, 000138.650, 349
Trd, 000139.183, 355.0
Trd, 000139.583, 357
Trd, 000140.133, 354
Trd, 000141.133, 350
Trd, 000141.783, 353
Trd, 000143.667, 355
Trd, 000144.350, 355.0
Trd, 000144.500, 357
Trd, 000144.683, 346
Trd, 000144.833, 345
Trd, 000144.900, 361
Trd, 000145.450, 348
Trd, 000145.533, 348.0
Trd, 000146.550, 364.0
Trd, 000146.833, 365
Trd, 000147.000, 350
Trd, 000147.100, 348
Trd, 000148.017, 362
Trd, 000148.083, 364.0
Trd, 000148.600, 363
Trd, 000149.800, 350
Trd, 000150.017, 355.0
Trd, 000150.800, 348
Trd, 000150.933, 358
Trd, 000151.533, 355.0
Trd, 000151.767, 349
Trd, 000153.000, 355
Trd, 000153.483, 355.0
Trd, 000154.350, 354
Trd, 000154.650, 355.0
Trd, 000154.733, 357
Trd, 000155.183, 357
Trd, 000155.700, 353
Trd, 000155.883, 344.0
Trd, 000156.367, 331.0
Trd, 000156.550, 355.0
Trd, 000157.600, 343
Trd, 000158.250, 344
Trd, 000158.383, 345
Trd, 000159.183, 344
Trd, 000159.733, 344
Trd, 000159.783, 348
Trd, 000159.967, 342
Trd, 000160.867, 343
Trd, 000161.317, 345
Trd, 000161.400, 338
Trd, 000161.667, 348
Trd, 000162.267, 351
Trd, 000162.400, 352
Trd, 000162.583, 331.0
Trd, 000163.467, 333
Trd, 000163.933, 355.0
Trd, 000165.050, 339
Trd, 000165.283, 353
Trd, 000165.333, 328
Trd, 000165.617, 353
Trd, 000165.917, 354
Trd, 000166.167, 353
Trd, 000166.883, 365.0
Trd, 000167.767, 355.0
Trd, 000168.183, 359
Trd, 000168.400, 349
Trd, 000168.700, 360
Trd, 000170.717, 354.0
Trd, 000170.733, 353.0
Trd, 000170.983, 352
Trd, 000171.033, 350
Trd, 000171.783, 353.0
Trd, 000171.950, 354
Trd, 000172.133, 355.0
Trd, 000172.483, 350
Trd, 000172.633, 349
Trd, 000174.200, 352.0
Trd, 000174.217, 355.0
Trd, 000174.700, 355.0
Trd, 000175.783, 357
Trd, 000175.933, 355
Trd, 000175.983, 365.0
Trd, 000176.633, 360
Trd, 000176.850, 355
Trd, 000178.750, 357
Trd, 000178.867, 356
Trd, 000179.133, 359
Trd, 000179.633, 360
Trd, 000180.033, 359
Trd, 000180.083, 361
Trd, 000180.417, 355.0
Trd, 000180.650, 353
Trd, 000180.750, 351
Trd, 000180.850, 361
Trd, 000181.050, 365.0
Trd, 000181.383, 349
Trd, 000181.433, 345.0
Trd, 000182.333, 344.0
Trd, 000182.533, 339
Trd, 000182.800, 355
Trd, 000182.850, 326
Trd, 000182.900, 310.0
Trd, 000183.017, 302
Trd, 000183.333, 283
Trd, 000183.467, 228
Trd, 000184.150, 204
Trd, 000184.800, 186
Trd, 000185.283, 190
Trd, 000186.100, 205
Trd, 000186.633, 199
Trd, 000187.017, 182
Trd, 000188.317, 191
Trd, 000188.933, 181
Trd, 000190.083, 185
Trd, 000190.500, 175
Trd, 000191.033, 174
Trd, 000191.200, 168
Trd, 000191.217, 174
Trd, 000191.467, 179
Trd, 000191.783, 178
Trd, 000191.817, 179
Trd, 000192.083, 180
Trd, 000192.950, 190
Trd, 000193.167, 195
Trd, 000193.417, 188
Trd, 000194.167, 197
Trd, 000194.617, 192
Trd, 000195.067, 191
Trd, 000195.550, 179
Trd, 000195.600, 174
Trd, 000197.583, 183
Trd, 000197.767, 181
Trd, 000198.417, 179
Trd, 000199.017, 168
Trd, 000199.417, 176
Trd, 000200.050, 185
Trd, 000200.783, 181
Trd, 000200.867, 182
Trd, 000200.950, 177
Trd, 000201.117, 177
Trd, 000201.233, 177
Trd, 000201.517, 183
Trd, 000202.000, 183
Trd, 000202.750, 190
Trd, 000202.783, 176
Trd, 000203.400, 191
Trd, 000203.800, 190
Trd, 000203.817, 180
Trd, 000204.117, 208
Trd, 000205.533, 179
Trd, 000206.750, 180
Trd, 000207.850, 194
Trd, 000207.983, 195
Trd, 000208.183, 199
Trd, 000208.833, 189
Trd, 000209.267, 184
Trd, 000209.283, 182
Trd, 000209.350, 176
Trd, 000210.467, 196
Trd, 000211.417, 193
Trd, 000211.683, 187
Trd, 000212.100, 191
Trd, 000212.917, 190
Trd, 000213.000, 187
Trd, 000213.117, 190
Trd, 000213.183, 185
Trd, 000213.917, 145
Trd, 000214.500, 178
Trd, 000215.233, 177
Trd, 000216.250, 177
Trd, 000216.783, 177
Trd, 000217.850, 177
Trd, 000217.900, 178
Trd, 000218.083, 174
Trd, 000218.283, 177
Trd, 000218.333, 178
Trd, 000218.433, 184
Trd, 000218.500, 174
Trd, 000219.883, 190
Trd, 000220.900, 190
Trd, 000221.383, 188
Trd, 000221.833, 182
Trd, 000221.967, 172
Trd, 000222.283, 170
Trd, 000223.217, 186
Trd, 000223.333, 192
Trd, 000224.117, 182
Trd, 000225.017, 187
Trd, 000225.067, 183
Trd, 000225.483, 182
Trd, 000226.133, 185
Trd, 000226.867, 179
Trd, 000226.950, 177
Trd, 000227.033, 183
Trd, 000227.200, 166
Trd, 000227.767, 175
Trd, 000227.833, 172
Trd, 000227.867, 158
Trd, 000228.250, 182
Trd, 000228.633, 177
Trd, 000229.867, 176
Trd, 000230.000, 178
Trd, 000230.133, 188
Trd, 000231.467, 178
Trd, 000231.600, 176
Trd, 000232.100, 175
Trd, 000232.700, 176
Trd, 000232.867, 172
Trd, 000233.417, 176
Trd, 000234.017, 175
Trd, 000234.417, 179
Trd, 000234.500, 178
Trd, 000235.933, 181
Trd, 000236.667, 192
Trd, 000236.717, 193
Trd, 000237.300, 190
Trd, 000237.350, 182
Trd, 000237.367, 181
Trd, 000237.583, 180
Trd, 000239.383, 184
Trd, 000239.450, 180
Trd, 000240.400, 183
Trd, 000240.467, 179
Trd, 000240.667, 184
Trd, 000240.850, 185
Trd, 000241.767, 189
Trd, 000242.800, 181
Trd, 000243.183, 182
Trd, 000243.267, 180
Trd, 000243.383, 172
Trd, 000243.867, 176
Trd, 000244.100, 176
Trd, 000244.233, 179
Trd, 000244.850, 181
Trd, 000245.567, 180
Trd, 000245.850, 179
Trd, 000246.000, 185
Trd, 000246.100, 178
Trd, 000247.250, 177
Trd, 000248.167, 173
Trd, 000249.050, 175
Trd, 000249.200, 175
Trd, 000249.433, 173
Trd, 000249.567, 174
Trd, 000249.783, 175
Trd, 000249.817, 173
Trd, 000250.133, 176
Trd, 000250.167, 178
Trd, 000250.917, 175
Trd, 000251.250, 169
Trd, 000251.367, 178
Trd, 000251.883, 177
Trd, 000251.900, 180
Trd, 000252.000, 190
Trd, 000252.450, 204
Trd, 000252.500, 197
Trd, 000253.000, 207
Trd, 000253.367, 170
Trd, 000254.533, 170
Trd, 000255.717, 178
Trd, 000255.933, 180
Trd, 000256.717, 178
Trd, 000256.733, 179
Trd, 000257.033, 174
Trd, 000257.250, 178
Trd, 000257.883, 181
Trd, 000258.383, 188
Trd, 000258.517, 177
Trd, 000259.800, 176
Trd, 000260.017, 169
Trd, 000260.233, 180
Trd, 000260.583, 170
Trd, 000260.867, 172
Trd, 000261.033, 173
Trd, 000261.100, 172
Trd, 000261.350, 175
Trd, 000261.800, 171
Trd, 000262.183, 170
Trd, 000262.833, 167
Trd, 000263.117, 171
Trd, 000263.367, 175
Trd, 000263.833, 178
Trd, 000264.017, 169
Trd, 000264.283, 184
Trd, 000264.933, 169
Trd, 000265.217, 170
Trd, 000265.500, 169
Trd, 000265.700, 173
Trd, 000265.833, 179
Trd, 000266.200, 171
Trd, 000266.367, 171
Trd, 000266.600, 176
Trd, 000266.900, 181
Trd, 000267.300, 171
Trd, 000268.350, 171
Trd, 000269.000, 175
Trd, 000269.550, 173
Trd, 000270.267, 177
Trd, 000270.767, 176
Trd, 000270.850, 179
Trd, 000271.167, 175
Trd, 000271.267, 176
Trd, 000271.600, 180
Trd, 000272.067, 177
Trd, 000272.467, 179
Trd, 000272.533, 175
Trd, 000272.650, 182
Trd, 000272.800, 192
Trd, 000273.233, 185
Trd, 000273.833, 184
Trd, 000274.533, 194
Trd, 000274.800, 189
Trd, 000275.133, 195
Trd, 000275.433, 184
Trd, 000275.917, 188
Trd, 000276.767, 185
Trd, 000276.900, 184
Trd, 000276.950, 183
Trd, 000277.150, 182
Trd, 000277.167, 175
Trd, 000277.200, 169
Trd, 000277.767, 161
Trd, 000277.950, 177
Trd, 000278.050, 178
Trd, 000278.667, 182
Trd, 000279.683, 169
Trd, 000279.783, 171
Trd, 000279.800, 159
Trd, 000280.083, 176
Trd, 000281.133, 173
Trd, 000281.717, 167
Trd, 000281.933, 167
Trd, 000281.950, 173
Trd, 000282.083, 167
Trd, 000282.467, 167
Trd, 000282.883, 179
Trd, 000284.517, 171
Trd, 000285.250, 172
Trd, 000285.400, 179
Trd, 000285.750, 177
Trd, 000286.317, 183
Trd, 000286.883, 178
Trd, 000287.117, 177
Trd, 000287.783, 178
Trd, 000288.000, 179
Trd, 000288.850, 177
Trd, 000288.917, 175
Trd, 000288.933, 174
Trd, 000289.383, 173
Trd, 000289.567, 172
Trd, 000290.150, 178
Trd, 000290.533, 177
Trd, 000291.133, 175
Trd, 000291.167, 178
Trd, 000291.900, 171
Trd, 000291.933, 177
Trd, 000292.333, 177
Trd, 000292.500, 180
Trd, 000292.850, 171
Trd, 000293.117, 180
Trd, 000293.500, 171
Trd, 000293.667, 170
Trd, 000294.633, 177
Trd, 000294.683, 192
Trd, 000294.850, 173
Trd, 000294.867, 194
Trd, 000295.650, 184
Trd, 000295.883, 182
Trd, 000296.717, 174
Trd, 000297.033, 173
Trd, 000297.517, 183
Trd, 000297.650, 174
Trd, 000298.033, 195
Trd, 000298.483, 201
Trd, 000299.067, 176
Trd, 000299.883, 178
Trd, 000299.933, 176
