Trd, 000000.767, 103
Trd, 000001.283, 144
Trd, 000002.167, 106
Trd, 000002.650, 117
Trd, 000003.033, 156
Trd, 000005.150, 147
Trd, 000005.400, 146
Trd, 000006.750, 147
Trd, 000008.167, 146
Trd, 000009.100, 146
Trd, 000009.150, 147
Trd, 000010.100, 147
Trd, 000010.217, 146
Trd, 000010.783, 146
Trd, 000011.150, 146
Trd, 000011.717, 146
Trd, 000012.883, 145
Trd, 000013.000, 147
Trd, 000014.033, 147
Trd, 000014.967, 146
Trd, 000015.683, 147
Trd, 000015.967, 146
Trd, 000016.550, 145
Trd, 000017.017, 147
Trd, 000017.950, 155
Trd, 000017.967, 147
Trd, 000019.067, 146
Trd, 000019.533, 152
Trd, 000020.667, 148
Trd, 000021.550, 147
Trd, 000022.300, 148
Trd, 000022.683, 147
Trd, 000023.033, 146
Trd, 000023.183, 145
Trd, 000023.333, 148
Trd, 000023.433, 142
Trd, 000023.617, 141
Trd, 000024.200, 157
Trd, 000025.600, 150
Trd, 000025.817, 154
Trd, 000026.217, 151
Trd, 000027.433, 142
Trd, 000028.650, 151
Trd, 000028.683, 151
Trd, 000028.750, 150
Trd, 000029.550, 151
Trd, 000030.133, 151
Trd, 000030.667, 152
Trd, 000031.867, 157
Trd, 000032.000, 158
Trd, 000032.517, 147
Trd, 000033.583, 165
Trd, 000034.283, 153
Trd, 000035.350, 158
Trd, 000035.417, 157
Trd, 000035.450, 156
Trd, 000036.183, 159
Trd, 000036.533, 157
Trd, 000036.900, 158
Trd, 000038.000, 159
Trd, 000038.367, 158
Trd, 000039.200, 148
Trd, 000039.283, 160
Trd, 000040.500, 153
Trd, 000041.133, 151
Trd, 000042.083, 151
Trd, 000042.183, 144
Trd, 000043.317, 148
Trd, 000044.650, 149
Trd, 000045.150, 152
Trd, 000045.717, 152
Trd, 000047.183, 155
Trd, 000047.233, 151
Trd, 000047.267, 150
Trd, 000047.717, 149
Trd, 000048.617, 148
Trd, 000048.833, 154
Trd, 000049.850, 156
Trd, 000050.067, 151
Trd, 000051.333, 152
Trd, 000051.800, 160
Trd, 000052.067, 152
Trd, 000053.100, 154
Trd, 000053.633, 154
Trd, 000054.400, 153
Trd, 000054.517, 162
Trd, 000054.600, 150
Trd, 000056.433, 155
Trd, 000056.567, 157
Trd, 000056.600, 154
Trd, 000056.983, 149
Trd, 000057.733, 161
Trd, 000059.167, 155
Trd, 000059.333, 153
Trd, 000059.983, 151
Trd, 000060.883, 156
Trd, 000061.600, 152
Trd, 000061.983, 152
Trd, 000062.483, 152
Trd, 000063.067, 156
Trd, 000063.317, 166
Trd, 000063.467, 158
Trd, 000063.567, 150
Trd, 000063.917, 150
Trd, 000064.867, 158
Trd, 000065.383, 161
Trd, 000067.050, 164
Trd, 000067.500, 154
Trd, 000067.550, 153
Trd, 000069.083, 154
Trd, 000069.567, 155
Trd, 000069.583, 159
Trd, 000069.700, 154
Trd, 000070.683, 154
Trd, 000071.267, 159
Trd, 000071.917, 159
Trd, 000072.500, 155
Trd, 000073.000, 153
Trd, 000073.583, 162
Trd, 000074.233, 161
Trd, 000074.733, 155
Trd, 000074.850, 154
Trd, 000074.883, 154
Trd, 000075.767, 155
Trd, 000076.150, 161
Trd, 000077.233, 159
Trd, 000077.550, 159
Trd, 000077.883, 161
Trd, 000078.383, 158
Trd, 000080.317, 158
Trd, 000080.350, 156
Trd, 000081.767, 157
Trd, 000081.833, 157
Trd, 000082.767, 155
Trd, 000083.500, 156
Trd, 000083.833, 155
Trd, 000085.500, 163
Trd, 000085.833, 155
Trd, 000087.183, 153
Trd, 000088.617, 154
Trd, 000089.250, 154
Trd, 000089.733, 152
Trd, 000090.317, 153
Trd, 000090.400, 153
Trd, 000091.817, 155
Trd, 000092.000, 154
Trd, 000092.617, 158
Trd, 000093.183, 159
Trd, 000093.467, 157
Trd, 000093.683, 163
Trd, 000093.833, 156
Trd, 000094.183, 164
Trd, 000095.533, 156
Trd, 000095.700, 154
Trd, 000096.033, 153
Trd, 000096.333, 172
Trd, 000096.767, 152
Trd, 000098.017, 150
Trd, 000098.167, 161
Trd, 000098.183, 162
Trd, 000100.333, 159
Trd, 000100.767, 160
Trd, 000101.017, 160
Trd, 000101.933, 161
Trd, 000102.283, 161
Trd, 000102.733, 162
Trd, 000103.583, 154
Trd, 000103.917, 158
Trd, 000104.617, 150
Trd, 000105.050, 149
Trd, 000105.683, 163
Trd, 000106.267, 150
Trd, 000106.550, 130
Trd, 000106.883, 148
Trd, 000107.867, 152
Trd, 000109.317, 152
Trd, 000110.783, 164
Trd, 000111.700, 176
Trd, 000111.883, 173
Trd, 000112.117, 175
Trd, 000112.283, 171
Trd, 000112.517, 167
Trd, 000113.600, 155
Trd, 000115.333, 163
Trd, 000115.467, 167
Trd, 000115.483, 162
Trd, 000115.533, 167
Trd, 000115.700, 160
Trd, 000116.533, 168
Trd, 000116.733, 150
Trd, 000118.017, 148
Trd, 000118.967, 156
Trd, 000119.900, 153
Trd, 000120.017, 152
Trd, 000120.850, 162
Trd, 000120.983, 151
Trd, 000121.367, 162
Trd, 000121.717, 162
Trd, 000121.817, 169
Trd, 000121.917, 180
Trd, 000123.833, 181
Trd, 000123.850, 184
Trd, 000123.933, 198
Trd, 000124.167, 201
Trd, 000124.333, 242
Trd, 000124.700, 253
Trd, 000126.683, 303.0
Trd, 000127.583, 306.0
Trd, 000127.917, 306.0
Trd, 000128.417, 317.0
Trd, 000129.400, 324.0
Trd, 000129.750, 333
Trd, 000130.750, 334
Trd, 000132.567, 341.0
Trd, 000133.433, 344.0
Trd, 000134.217, 338
Trd, 000134.500, 338
Trd, 000135.433, 342
Trd, 000136.200, 344
Trd, 000136.250, 346
Trd, 000136.417, 344
Trd, 000136.783, 354
Trd, 000137.233, 344.0
Trd, 000137.283, 340
Trd, 000139.483, 344.0
Trd, 000139.750, 351
Trd, 000140.333, 346
Trd, 000140.633, 346
Trd, 000142.217, 349
Trd, 000142.383, 348
Trd, 000142.583, 346
Trd, 000143.683, 343
Trd, 000144.133, 341
Trd, 000144.367, 339
Trd, 000144.567, 315.0
Trd, 000144.600, 345
Trd, 000145.850, 331
Trd, 000146.167, 340
Trd, 000146.450, 350
Trd, 000147.850, 334
Trd, 000149.033, 334
Trd, 000149.117, 333
Trd, 000149.217, 332
Trd, 000149.717, 339
Trd, 000151.583, 336
Trd, 000152.500, 335.0
Trd, 000152.683, 338
Trd, 000152.717, 336
Trd, 000153.683, 337
Trd, 000154.000, 341.0
Trd, 000154.683, 340
Trd, 000155.500, 339
Trd, 000156.150, 341
Trd, 000156.333, 342
Trd, 000156.817, 342
Trd, 000157.567, 342
Trd, 000158.467, 336
Trd, 000158.483, 335
Trd, 000158.733, 330
Trd, 000159.117, 344.0
Trd, 000159.533, 333
Trd, 000160.433, 333
Trd, 000160.567, 352
Trd, 000161.167, 354
Trd, 000161.717, 337
Trd, 000163.067, 344
Trd, 000163.750, 344.0
Trd, 000163.867, 344
Trd, 000164.033, 345
Trd, 000164.150, 344
Trd, 000165.100, 343
Trd, 000165.250, 350
Trd, 000165.533, 345
Trd, 000166.733, 348
Trd, 000167.150, 344
Trd, 000167.767, 341
Trd, 000167.850, 337
Trd, 000168.683, 349
Trd, 000170.483, 347
Trd, 000171.317, 345.0
Trd, 000172.533, 344
Trd, 000172.700, 342
Trd, 000173.000, 341
Trd, 000173.417, 341
Trd, 000173.550, 341
Trd, 000173.850, 344
Trd, 000174.267, 344.0
Trd, 000175.383, 341
Trd, 000175.617, 343
Trd, 000175.817, 343
Trd, 000175.867, 340
Trd, 000177.117, 337
Trd, 000177.500, 352
Trd, 000178.483, 338
Trd, 000178.783, 331.0
Trd, 000179.783, 344
Trd, 000181.300, 341
Trd, 000181.417, 344
Trd, 000181.783, 341
Trd, 000182.050, 339
Trd, 000182.100, 335
Trd, 000182.133, 313.0
Trd, 000182.633, 322
Trd, 000183.217, 320.0
Trd, 000183.283, 317.0
Trd, 000184.050, 175
Trd, 000185.667, 186
Trd, 000186.217, 168
Trd, 000186.417, 167
Trd, 000187.550, 178
Trd, 000187.683, 163
Trd, 000188.050, 150
Trd, 000188.833, 168
Trd, 000189.050, 163
Trd, 000190.317, 170
Trd, 000190.633, 171
Trd, 000191.517, 171
Trd, 000191.917, 176
Trd, 000192.233, 179
Trd, 000192.417, 178
Trd, 000194.133, 176
Trd, 000194.550, 174
Trd, 000194.633, 174
Trd, 000194.883, 173
Trd, 000195.283, 177
Trd, 000195.983, 173
Trd, 000197.000, 164
Trd, 000197.500, 175
Trd, 000198.450, 175
Trd, 000198.767, 167
Trd, 000199.050, 172
Trd, 000199.433, 166
Trd, 000201.500, 176
Trd, 000202.067, 176
Trd, 000202.733, 172
Trd, 000203.250, 176
Trd, 000204.100, 174
Trd, 000204.233, 173
Trd, 000204.350, 171
Trd, 000204.550, 171
Trd, 000204.717, 171
Trd, 000205.400, 164
Trd, 000206.033, 160
Trd, 000207.317, 169
Trd, 000207.783, 163
Trd, 000208.367, 163
Trd, 000208.867, 164
Trd, 000209.367, 165
Trd, 000209.383, 166
Trd, 000209.533, 173
Trd, 000211.467, 165
Trd, 000211.700, 166
Trd, 000212.333, 165
Trd, 000213.000, 166
Trd, 000213.517, 182
Trd, 000213.817, 182
Trd, 000213.950, 166
Trd, 000214.433, 165
Trd, 000214.483, 180
Trd, 000215.767, 165
Trd, 000216.283, 164
Trd, 000217.100, 165
Trd, 000217.483, 174
Trd, 000218.467, 176
Trd, 000218.650, 184
Trd, 000219.333, 174
Trd, 000219.717, 172
Trd, 000219.900, 188
Trd, 000220.533, 170
Trd, 000223.383, 172
Trd, 000223.833, 168
Trd, 000223.867, 166
Trd, 000225.117, 168
Trd, 000225.183, 173
Trd, 000225.467, 167
Trd, 000225.667, 166
Trd, 000226.217, 173
Trd, 000226.333, 174
Trd, 000226.550, 167
Trd, 000228.400, 171
Trd, 000229.817, 171
Trd, 000230.967, 174
Trd, 000231.150, 171
Trd, 000231.183, 170
Trd, 000231.333, 169
Trd, 000231.467, 178
Trd, 000231.583, 179
Trd, 000231.983, 169
Trd, 000232.533, 185
Trd, 000233.150, 168
Trd, 000234.400, 170
Trd, 000236.217, 171
Trd, 000236.850, 169
Trd, 000237.033, 169
Trd, 000237.600, 171
Trd, 000238.267, 170
Trd, 000238.433, 171
Trd, 000238.867, 168
Trd, 000240.183, 169
Trd, 000240.750, 171
Trd, 000240.767, 173
Trd, 000241.250, 171
Trd, 000241.650, 168
Trd, 000241.833, 167
Trd, 000243.000, 169
Trd, 000243.133, 167
Trd, 000243.733, 171
Trd, 000244.267, 172
Trd, 000244.383, 172
Trd, 000245.583, 176
Trd, 000245.783, 175
Trd, 000246.017, 173
Trd, 000246.283, 175
Trd, 000246.383, 165
Trd, 000246.683, 178
Trd, 000247.217, 180
Trd, 000248.083, 171
Trd, 000248.200, 169
Trd, 000248.383, 165
Trd, 000248.683, 186
Trd, 000249.983, 178
Trd, 000250.317, 179
Trd, 000250.800, 178
Trd, 000251.183, 177
Trd, 000251.267, 176
Trd, 000251.683, 184
Trd, 000252.417, 182
Trd, 000252.867, 183
Trd, 000253.283, 180
Trd, 000253.300, 179
Trd, 000253.333, 174
Trd, 000254.017, 176
Trd, 000254.317, 177
Trd, 000254.417, 170
Trd, 000255.350, 177
Trd, 000255.417, 172
Trd, 000255.750, 176
Trd, 000255.983, 175
Trd, 000256.600, 174
Trd, 000257.417, 175
Trd, 000257.867, 174
Trd, 000258.083, 173
Trd, 000258.400, 176
Trd, 000258.517, 177
Trd, 000259.117, 176
Trd, 000259.567, 175
Trd, 000259.583, 169
Trd, 000259.850, 160
Trd, 000260.700, 177
Trd, 000261.000, 179
Trd, 000261.533, 177
Trd, 000261.750, 176
Trd, 000262.433, 179
Trd, 000262.717, 184
Trd, 000262.767, 178
Trd, 000264.483, 180
Trd, 000264.583, 180
Trd, 000264.667, 177
Trd, 000264.883, 176
Trd, 000265.067, 170
Trd, 000265.450, 180
Trd, 000265.750, 165
Trd, 000267.300, 174
Trd, 000267.917, 173
Trd, 000268.233, 173
Trd, 000268.617, 175
Trd, 000269.300, 176
Trd, 000269.500, 171
Trd, 000269.583, 177
Trd, 000269.850, 182
Trd, 000269.867, 172
Trd, 000270.767, 181
Trd, 000270.783, 181
Trd, 000271.200, 182
Trd, 000271.250, 189
Trd, 000271.500, 181
Trd, 000271.783, 195
Trd, 000272.450, 188
Trd, 000272.617, 180
Trd, 000273.350, 182
Trd, 000273.850, 187
Trd, 000274.367, 183
Trd, 000274.717, 182
Trd, 000274.883, 178
Trd, 000275.217, 171
Trd, 000275.283, 173
Trd, 000275.800, 175
Trd, 000276.983, 173
Trd, 000277.267, 169
Trd, 000278.200, 171
Trd, 000278.300, 174
Trd, 000278.333, 175
Trd, 000279.067, 177
Trd, 000279.217, 172
Trd, 000279.650, 172
Trd, 000280.133, 176
Trd, 000281.217, 174
Trd, 000281.817, 173
Trd, 000282.533, 178
Trd, 000282.767, 182
Trd, 000283.017, 173
Trd, 000283.267, 180
Trd, 000283.350, 172
Trd, 000284.183, 174
Trd, 000285.617, 181
Trd, 000285.833, 182
Trd, 000286.433, 179
Trd, 000286.583, 178
Trd, 000286.983, 179
Trd, 000287.067, 181
Trd, 000287.600, 183
Trd, 000287.833, 181
Trd, 000288.067, 182
Trd, 000288.617, 173
Trd, 000288.917, 169
Trd, 000289.067, 184
Trd, 000289.600, 177
Trd, 000289.767, 177
Trd, 000289.800, 163
Trd, 000289.917, 160
Trd, 000291.000, 163
Trd, 000291.100, 181
Trd, 000291.483, 182
Trd, 000291.900, 181
Trd, 000291.950, 168
Trd, 000292.550, 180
Trd, 000292.617, 161
Trd, 000293.600, 172
Trd, 000294.250, 171
Trd, 000294.833, 169
Trd, 000295.367, 172
Trd, 000295.450, 167
Trd, 000295.667, 173
Trd, 000296.183, 176
Trd, 000297.233, 184
Trd, 000297.350, 189
Trd, 000297.550, 184
Trd, 000298.067, 181
Trd, 000298.150, 177
Trd, 000298.217, 190
Trd, 000298.717, 176
Trd, 000299.317, 176
Trd, 000299.600, 169
Trd, 000299.867, 191
