Trd, 000003.733, 152
Trd, 000003.867, 151
Trd, 000003.883, 165
Trd, 000003.967, 146
Trd, 000004.117, 158
Trd, 000004.200, 175
Trd, 000004.617, 180
Trd, 000005.050, 147
Trd, 000005.067, 141
Trd, 000005.133, 172
Trd, 000005.667, 182
Trd, 000005.767, 186
Trd, 000006.050, 131
Trd, 000007.950, 138
Trd, 000007.967, 143
Trd, 000008.183, 142
Trd, 000008.400, 135
Trd, 000008.583, 134
Trd, 000008.667, 141
Trd, 000009.117, 142
Trd, 000009.283, 142
Trd, 000010.100, 152
Trd, 000010.550, 137
Trd, 000010.700, 135
Trd, 000010.750, 166
Trd, 000011.067, 160
Trd, 000011.433, 183
Trd, 000012.667, 156
Trd, 000013.017, 162
Trd, 000013.250, 149
Trd, 000013.350, 153
Trd, 000013.700, 161
Trd, 000014.100, 160
Trd, 000014.917, 151
Trd, 000015.417, 153
Trd, 000015.433, 156
Trd, 000015.633, 158
Trd, 000016.367, 159
Trd, 000017.850, 158
Trd, 000017.900, 157
Trd, 000018.150, 159
Trd, 000018.617, 167
Trd, 000018.700, 157
Trd, 000019.117, 157
Trd, 000019.283, 156
Trd, 000019.483, 174
Trd, 000020.667, 171
Trd, 000020.833, 170
Trd, 000020.950, 150
Trd, 000021.050, 143
Trd, 000021.167, 171
Trd, 000021.500, 150
Trd, 000023.567, 143
Trd, 000024.767, 142
Trd, 000024.900, 140
Trd, 000025.417, 141
Trd, 000025.517, 141
Trd, 000025.650, 142
Trd, 000025.683, 153
Trd, 000026.133, 167
Trd, 000026.550, 170
Trd, 000026.833, 155
Trd, 000027.450, 152
Trd, 000028.483, 175
Trd, 000030.150, 155
Trd, 000030.167, 151
Trd, 000030.483, 159
Trd, 000030.567, 146
Trd, 000031.117, 158
Trd, 000031.450, 158
Trd, 000031.583, 159
Trd, 000032.267, 145
Trd, 000033.467, 159
Trd, 000034.033, 159
Trd, 000034.417, 156
Trd, 000034.533, 159
Trd, 000035.400, 156
Trd, 000035.650, 161
Trd, 000035.900, 164
Trd, 000035.950, 165
Trd, 000036.483, 161
Trd, 000037.117, 158
Trd, 000037.917, 152
Trd, 000038.033, 155
Trd, 000038.083, 137
Trd, 000038.767, 155
Trd, 000039.267, 155
Trd, 000039.467, 152
Trd, 000039.783, 153
Trd, 000040.467, 152
Trd, 000040.817, 152
Trd, 000041.633, 154
Trd, 000041.750, 151
Trd, 000041.800, 149
Trd, 000042.067, 152
Trd, 000042.933, 152
Trd, 000043.167, 153
Trd, 000043.700, 153
Trd, 000044.150, 155
Trd, 000044.617, 186
Trd, 000045.067, 152
Trd, 000046.333, 152
Trd, 000047.000, 154
Trd, 000047.083, 158
Trd, 000047.333, 160
Trd, 000047.583, 169
Trd, 000049.350, 164
Trd, 000049.400, 159
Trd, 000049.933, 159
Trd, 000050.033, 163
Trd, 000050.100, 164
Trd, 000050.867, 163
Trd, 000051.217, 164
Trd, 000051.417, 163
Trd, 000051.517, 153
Trd, 000051.533, 146
Trd, 000051.633, 165
Trd, 000053.350, 163
Trd, 000053.867, 160
Trd, 000054.700, 155
Trd, 000054.833, 153
Trd, 000056.300, 154
Trd, 000056.667, 154
Trd, 000056.750, 154
Trd, 000057.583, 155
Trd, 000057.717, 146
Trd, 000057.750, 155
Trd, 000058.667, 155
Trd, 000059.267, 155
Trd, 000059.550, 151
Trd, 000059.683, 143
Trd, 000060.233, 148
Trd, 000061.317, 148
Trd, 000061.433, 149
Trd, 000063.083, 155
Trd, 000063.583, 154
Trd, 000063.883, 152
Trd, 000064.283, 153
Trd, 000064.983, 154
Trd, 000065.200, 154
Trd, 000065.933, 157
Trd, 000066.033, 163
Trd, 000066.667, 159
Trd, 000067.050, 172
Trd, 000067.150, 158
Trd, 000067.267, 188
Trd, 000067.417, 161
Trd, 000068.467, 154
Trd, 000068.483, 176
Trd, 000069.450, 158
Trd, 000070.217, 159
Trd, 000070.500, 167
Trd, 000070.617, 168
Trd, 000072.000, 165
Trd, 000072.267, 157
Trd, 000072.917, 155
Trd, 000073.283, 157
Trd, 000074.383, 154
Trd, 000074.433, 154
Trd, 000074.550, 158
Trd, 000075.233, 152
Trd, 000076.033, 155
Trd, 000076.133, 151
Trd, 000076.967, 150
Trd, 000077.700, 151
Trd, 000078.017, 150
Trd, 000078.117, 149
Trd, 000078.250, 150
Trd, 000078.650, 156
Trd, 000078.667, 141
Trd, 000079.967, 146
Trd, 000080.250, 151
Trd, 000080.383, 152
Trd, 000080.400, 159
Trd, 000081.367, 159
Trd, 000081.517, 151
Trd, 000083.017, 150
Trd, 000083.283, 156
Trd, 000084.367, 153
Trd, 000084.800, 152
Trd, 000084.883, 153
Trd, 000086.167, 156
Trd, 000087.033, 156
Trd, 000087.500, 156
Trd, 000087.783, 154
Trd, 000088.200, 157
Trd, 000088.400, 157
Trd, 000088.650, 154
Trd, 000089.600, 157
Trd, 000091.250, 160
Trd, 000091.417, 155
Trd, 000091.883, 154
Trd, 000092.283, 158
Trd, 000092.467, 158
Trd, 000092.583, 159
Trd, 000092.717, 159
Trd, 000093.583, 159
Trd, 000094.000, 157
Trd, 000094.650, 157
Trd, 000094.667, 160
Trd, 000095.283, 159
Trd, 000096.117, 161
Trd, 000096.333, 157
Trd, 000096.550, 149
Trd, 000096.650, 161
Trd, 000097.417, 160
Trd, 000097.983, 175
Trd, 000098.050, 176
Trd, 000099.500, 157
Trd, 000099.633, 156
Trd, 000100.767, 158
Trd, 000100.917, 161
Trd, 000101.133, 153
Trd, 000101.183, 158
Trd, 000102.500, 159
Trd, 000102.617, 160
Trd, 000103.117, 192
Trd, 000104.167, 156
Trd, 000104.233, 155
Trd, 000104.533, 153
Trd, 000105.367, 156
Trd, 000105.617, 155
Trd, 000106.017, 156
Trd, 000106.317, 152
Trd, 000108.167, 140
Trd, 000108.400, 142
Trd, 000108.867, 144
Trd, 000109.367, 147
Trd, 000109.767, 147
Trd, 000110.267, 146
Trd, 000110.533, 147
Trd, 000110.550, 148
Trd, 000111.183, 144
Trd, 000111.267, 159
Trd, 000111.883, 144
Trd, 000112.617, 160
Trd, 000113.083, 160
Trd, 000114.083, 156
Trd, 000114.183, 158
Trd, 000114.617, 159
Trd, 000114.650, 152
Trd, 000115.100, 158
Trd, 000115.667, 157
Trd, 000116.333, 157
Trd, 000116.917, 155
Trd, 000117.450, 160
Trd, 000117.883, 163
Trd, 000118.483, 162
Trd, 000118.867, 159
Trd, 000118.900, 164
Trd, 000119.467, 161
Trd, 000120.350, 164
Trd, 000120.450, 154
Trd, 000120.650, 165
Trd, 000120.717, 159
Trd, 000120.917, 166
Trd, 000121.267, 170
Trd, 000121.533, 153
Trd, 000121.550, 177
Trd, 000122.183, 194
Trd, 000123.483, 201
Trd, 000123.683, 260
Trd, 000124.333, 295
Trd, 000124.517, 351.0
Trd, 000124.817, 331.0
Trd, 000125.467, 355
Trd, 000125.533, 353
Trd, 000125.583, 341.0
Trd, 000125.850, 356
Trd, 000126.117, 306.0
Trd, 000126.817, 321
Trd, 000127.467, 321
Trd, 000128.200, 322
Trd, 000128.817, 324
Trd, 000128.833, 316
Trd, 000129.200, 337
Trd, 000129.533, 351.0
Trd, 000130.367, 358
Trd, 000130.750, 331.0
Trd, 000131.567, 340
Trd, 000132.667, 333
Trd, 000133.633, 333
Trd, 000133.783, 330
Trd, 000134.567, 334
Trd, 000134.933, 333
Trd, 000136.000, 334
Trd, 000136.233, 337
Trd, 000136.500, 351.0
Trd, 000136.900, 382.0
Trd, 000137.483, 341.0
Trd, 000137.967, 343
Trd, 000138.817, 347
Trd, 000139.050, 348.0
Trd, 000139.517, 349
Trd, 000140.233, 349
Trd, 000140.467, 348.0
Trd, 000140.533, 350
Trd, 000141.617, 344
Trd, 000142.017, 344
Trd, 000142.267, 349.0
Trd, 000142.450, 348
Trd, 000142.517, 332.0
Trd, 000143.700, 347
Trd, 000143.800, 343
Trd, 000144.633, 347.0
Trd, 000145.700, 345
Trd, 000145.767, 347.0
Trd, 000145.950, 344
Trd, 000146.383, 348.0
Trd, 000146.767, 351.0
Trd, 000147.100, 347
Trd, 000147.583, 363.0
Trd, 000148.250, 349
Trd, 000148.267, 347
Trd, 000148.733, 348
Trd, 000149.017, 361
Trd, 000149.950, 350
Trd, 000151.583, 346
Trd, 000152.200, 346
Trd, 000152.667, 345
Trd, 000153.500, 344
Trd, 000153.667, 345
Trd, 000153.817, 347
Trd, 000154.517, 345.0
Trd, 000155.683, 351
Trd, 000156.783, 350.0
Trd, 000157.433, 349.0
Trd, 000158.867, 349.0
Trd, 000158.883, 346
Trd, 000159.183, 351.0
Trd, 000159.650, 351
Trd, 000160.167, 346
Trd, 000160.183, 352
Trd, 000160.617, 348.0
Trd, 000160.950, 346
Trd, 000161.300, 351
Trd, 000162.233, 349
Trd, 000162.267, 351
Trd, 000162.817, 348.0
Trd, 000162.850, 365.0
Trd, 000163.383, 346
Trd, 000164.167, 351
Trd, 000164.550, 351
Trd, 000165.683, 348
Trd, 000165.817, 341.0
Trd, 000166.783, 348
Trd, 000167.383, 346
Trd, 000168.617, 348
Trd, 000168.650, 344
Trd, 000169.000, 348
Trd, 000169.317, 343
Trd, 000170.133, 346
Trd, 000170.600, 348.0
Trd, 000171.900, 342.0
Trd, 000171.917, 350.0
Trd, 000173.450, 345
Trd, 000175.417, 346
Trd, 000175.850, 342.0
Trd, 000176.383, 345
Trd, 000176.567, 343.0
Trd, 000177.067, 343
Trd, 000177.433, 342
Trd, 000177.817, 365
Trd, 000178.000, 386.0
Trd, 000178.067, 386.0
Trd, 000179.067, 348.0
Trd, 000180.067, 353
Trd, 000181.567, 351.0
Trd, 000181.950, 351
Trd, 000182.083, 348.0
Trd, 000182.233, 346
Trd, 000182.350, 341.0
Trd, 000182.433, 320.0
Trd, 000182.533, 309
Trd, 000183.700, 305
Trd, 000183.950, 214
Trd, 000184.517, 204
Trd, 000184.967, 188
Trd, 000185.400, 172
Trd, 000185.850, 210
Trd, 000186.133, 177
Trd, 000186.567, 207
Trd, 000187.433, 181
Trd, 000187.533, 174
Trd, 000187.650, 178
Trd, 000187.783, 166
Trd, 000188.133, 182
Trd, 000188.617, 182
Trd, 000188.950, 184
Trd, 000189.333, 180
Trd, 000190.200, 178
Trd, 000190.217, 173
Trd, 000190.600, 180
Trd, 000191.200, 191
Trd, 000191.867, 191
Trd, 000192.250, 200
Trd, 000193.833, 178
Trd, 000193.933, 171
Trd, 000194.050, 181
Trd, 000195.200, 169
Trd, 000195.217, 168
Trd, 000195.767, 170
Trd, 000196.067, 177
Trd, 000197.117, 174
Trd, 000197.133, 173
Trd, 000197.517, 172
Trd, 000197.667, 178
Trd, 000197.883, 171
Trd, 000198.033, 180
Trd, 000199.317, 165
Trd, 000199.650, 165
Trd, 000199.933, 167
Trd, 000200.250, 171
Trd, 000200.383, 185
Trd, 000201.350, 202
Trd, 000201.667, 193
Trd, 000201.733, 192
Trd, 000201.817, 173
Trd, 000202.750, 172
Trd, 000204.067, 200
Trd, 000204.200, 171
Trd, 000205.200, 168
Trd, 000205.883, 166
Trd, 000206.217, 167
Trd, 000206.267, 167
Trd, 000207.150, 154
Trd, 000207.500, 161
Trd, 000207.717, 160
Trd, 000208.367, 161
Trd, 000209.183, 161
Trd, 000209.700, 155
Trd, 000209.817, 157
Trd, 000210.850, 157
Trd, 000210.883, 153
Trd, 000211.550, 151
Trd, 000212.117, 157
Trd, 000212.200, 156
Trd, 000212.783, 156
Trd, 000212.983, 157
Trd, 000213.200, 169
Trd, 000213.233, 172
Trd, 000214.350, 157
Trd, 000214.367, 165
Trd, 000214.733, 180
Trd, 000216.400, 183
Trd, 000217.117, 178
Trd, 000217.633, 173
Trd, 000218.150, 179
Trd, 000218.550, 171
Trd, 000218.817, 179
Trd, 000219.033, 171
Trd, 000219.400, 171
Trd, 000220.400, 179
Trd, 000221.750, 177
Trd, 000222.267, 171
Trd, 000223.300, 170
Trd, 000223.717, 169
Trd, 000224.067, 170
Trd, 000224.833, 171
Trd, 000225.117, 170
Trd, 000225.233, 172
Trd, 000225.600, 168
Trd, 000225.950, 163
Trd, 000226.500, 173
Trd, 000226.683, 173
Trd, 000227.433, 174
Trd, 000228.200, 169
Trd, 000228.300, 171
Trd, 000228.600, 169
Trd, 000229.300, 169
Trd, 000229.400, 174
Trd, 000229.850, 169
Trd, 000230.050, 173
Trd, 000230.933, 176
Trd, 000232.617, 174
Trd, 000233.283, 172
Trd, 000233.600, 167
Trd, 000233.817, 170
Trd, 000234.250, 171
Trd, 000234.267, 161
Trd, 000234.683, 170
Trd, 000235.050, 170
Trd, 000235.350, 167
Trd, 000236.083, 170
Trd, 000236.100, 171
Trd, 000237.717, 173
Trd, 000238.567, 170
Trd, 000239.017, 171
Trd, 000239.133, 172
Trd, 000239.417, 174
Trd, 000239.967, 171
Trd, 000240.200, 170
Trd, 000240.717, 174
Trd, 000241.333, 175
Trd, 000241.417, 184
Trd, 000241.900, 172
Trd, 000242.717, 171
Trd, 000243.400, 182
Trd, 000244.167, 172
Trd, 000245.717, 172
Trd, 000246.050, 171
Trd, 000246.433, 172
Trd, 000246.700, 170
Trd, 000246.733, 173
Trd, 000246.833, 169
Trd, 000247.217, 169
Trd, 000247.417, 168
Trd, 000247.600, 169
Trd, 000248.333, 172
Trd, 000248.650, 169
Trd, 000248.783, 166
Trd, 000249.567, 168
Trd, 000249.683, 170
Trd, 000249.850, 170
Trd, 000250.717, 171
Trd, 000250.767, 173
Trd, 000251.450, 174
Trd, 000251.950, 170
Trd, 000252.417, 170
Trd, 000252.817, 172
Trd, 000253.150, 182
Trd, 000253.283, 183
Trd, 000254.350, 173
Trd, 000254.933, 174
Trd, 000255.083, 175
Trd, 000255.700, 176
Trd, 000255.717, 183
Trd, 000256.450, 174
Trd, 000256.717, 173
Trd, 000257.467, 177
Trd, 000259.117, 173
Trd, 000259.250, 172
Trd, 000259.717, 174
Trd, 000259.783, 177
Trd, 000259.900, 178
Trd, 000259.950, 180
Trd, 000260.733, 183
Trd, 000261.000, 179
Trd, 000261.050, 178
Trd, 000261.133, 184
Trd, 000262.717, 186
Trd, 000263.300, 180
Trd, 000263.333, 187
Trd, 000263.400, 178
Trd, 000263.717, 184
Trd, 000263.817, 185
Trd, 000264.217, 176
Trd, 000264.233, 174
Trd, 000264.550, 184
Trd, 000266.067, 178
Trd, 000266.533, 177
Trd, 000266.633, 177
Trd, 000267.117, 181
Trd, 000268.133, 179
Trd, 000269.033, 177
Trd, 000269.217, 176
Trd, 000269.400, 176
Trd, 000270.500, 177
Trd, 000270.800, 178
Trd, 000271.267, 178
Trd, 000272.250, 177
Trd, 000272.767, 177
Trd, 000272.800, 175
Trd, 000273.000, 175
Trd, 000273.367, 177
Trd, 000274.033, 178
Trd, 000274.517, 174
Trd, 000274.567, 171
Trd, 000274.900, 179
Trd, 000275.050, 183
Trd, 000275.250, 185
Trd, 000276.517, 179
Trd, 000276.650, 176
Trd, 000276.983, 185
Trd, 000277.967, 181
Trd, 000278.017, 183
Trd, 000278.450, 179
Trd, 000278.933, 180
Trd, 000279.167, 180
Trd, 000279.183, 182
Trd, 000280.217, 172
Trd, 000280.717, 174
Trd, 000281.100, 181
Trd, 000281.267, 170
Trd, 000281.650, 180
Trd, 000282.000, 173
Trd, 000282.333, 172
Trd, 000283.417, 174
Trd, 000284.233, 170
Trd, 000284.950, 170
Trd, 000285.233, 172
Trd, 000285.367, 172
Trd, 000286.033, 169
Trd, 000286.517, 171
Trd, 000286.600, 171
Trd, 000286.683, 173
Trd, 000286.767, 176
Trd, 000286.783, 179
Trd, 000286.917, 191
Trd, 000288.117, 183
Trd, 000288.850, 177
Trd, 000288.867, 182
Trd, 000289.450, 177
Trd, 000289.550, 180
Trd, 000290.467, 181
Trd, 000290.717, 182
Trd, 000290.783, 180
Trd, 000291.133, 180
Trd, 000291.550, 179
Trd, 000293.450, 177
Trd, 000294.050, 176
Trd, 000294.283, 176
Trd, 000294.633, 177
Trd, 000294.700, 177
Trd, 000295.483, 179
Trd, 000296.067, 180
Trd, 000296.533, 187
Trd, 000296.583, 177
Trd, 000296.650, 195
Trd, 000296.833, 191
Trd, 000296.933, 177
Trd, 000297.300, 181
Trd, 000298.033, 179
Trd, 000298.083, 192
Trd, 000299.800, 181
