Trd, 000001.433, 161
Trd, 000002.067, 166
Trd, 000003.067, 162
Trd, 000004.483, 158
Trd, 000004.933, 165
Trd, 000006.283, 151
Trd, 000006.933, 158
Trd, 000007.150, 159
Trd, 000007.950, 163
Trd, 000008.533, 164
Trd, 000008.767, 168
Trd, 000009.650, 164
Trd, 000010.533, 164
Trd, 000010.650, 163
Trd, 000010.950, 159
Trd, 000011.183, 165
Trd, 000012.583, 163
Trd, 000012.750, 155
Trd, 000013.367, 154
Trd, 000014.283, 161
Trd, 000015.467, 161
Trd, 000016.200, 166
Trd, 000016.367, 159
Trd, 000016.517, 163
Trd, 000016.933, 164
Trd, 000018.200, 158
Trd, 000018.883, 162
Trd, 000019.350, 163
Trd, 000021.817, 164
Trd, 000022.400, 163
Trd, 000022.417, 164
Trd, 000022.900, 164
Trd, 000023.033, 160
Trd, 000024.450, 160
Trd, 000025.050, 160
Trd, 000025.500, 164
Trd, 000026.600, 161
Trd, 000027.000, 160
Trd, 000027.883, 159
Trd, 000028.350, 162
Trd, 000028.717, 165
Trd, 000029.533, 165
Trd, 000030.600, 162
Trd, 000030.717, 168
Trd, 000031.500, 161
Trd, 000032.967, 165
Trd, 000033.600, 164
Trd, 000034.067, 161
Trd, 000034.333, 164
Trd, 000036.000, 165
Trd, 000036.183, 161
Trd, 000036.383, 162
Trd, 000037.983, 160
Trd, 000038.600, 162
Trd, 000038.717, 158
Trd, 000038.850, 164
Trd, 000039.317, 155
Trd, 000039.600, 165
Trd, 000039.750, 166
Trd, 000040.967, 165
Trd, 000041.233, 166
Trd, 000042.033, 168
Trd, 000042.683, 169
Trd, 000042.850, 164
Trd, 000044.650, 165
Trd, 000045.100, 163
Trd, 000045.267, 164
Trd, 000045.433, 165
Trd, 000046.650, 166
Trd, 000046.850, 167
Trd, 000047.367, 163
Trd, 000047.433, 168
Trd, 000047.633, 158
Trd, 000048.883, 163
Trd, 000049.433, 166
Trd, 000050.500, 158
Trd, 000051.783, 162
Trd, 000052.633, 163
Trd, 000053.350, 162
Trd, 000053.733, 159
Trd, 000054.083, 163
Trd, 000054.300, 163
Trd, 000054.683, 164
Trd, 000055.000, 156
Trd, 000055.617, 155
Trd, 000056.600, 153
Trd, 000057.167, 168
Trd, 000057.700, 166
Trd, 000059.333, 166
Trd, 000060.033, 167
Trd, 000060.517, 167
Trd, 000060.700, 171
Trd, 000061.000, 174
Trd, 000061.167, 164
Trd, 000061.683, 174
Trd, 000065.150, 166
Trd, 000065.650, 166
Trd, 000066.550, 167
Trd, 000067.350, 165
Trd, 000067.800, 161
Trd, 000068.500, 158
Trd, 000068.550, 155
Trd, 000068.733, 165
Trd, 000069.117, 166
Trd, 000070.983, 164
Trd, 000071.067, 166
Trd, 000072.183, 172
Trd, 000072.350, 179
Trd, 000073.067, 163
Trd, 000073.650, 169
Trd, 000073.883, 168
Trd, 000074.950, 167
Trd, 000075.750, 167
Trd, 000075.867, 165
Trd, 000077.433, 173
Trd, 000077.483, 172
Trd, 000078.717, 169
Trd, 000079.033, 167
Trd, 000079.117, 170
Trd, 000079.550, 166
Trd, 000079.600, 162
Trd, 000079.800, 170
Trd, 000081.117, 171
Trd, 000081.333, 172
Trd, 000081.867, 172
Trd, 000082.317, 172
Trd, 000082.917, 172
Trd, 000083.933, 170
Trd, 000084.317, 166
Trd, 000085.033, 159
Trd, 000085.583, 163
Trd, 000086.450, 173
Trd, 000087.767, 170
Trd, 000088.283, 164
Trd, 000089.483, 167
Trd, 000089.633, 167
Trd, 000090.933, 164
Trd, 000090.983, 171
Trd, 000091.267, 171
Trd, 000092.333, 162
Trd, 000092.567, 169
Trd, 000092.700, 162
Trd, 000092.750, 169
Trd, 000093.250, 171
Trd, 000093.400, 174
Trd, 000094.433, 173
Trd, 000095.467, 157
Trd, 000095.767, 170
Trd, 000095.933, 171
Trd, 000096.983, 161
Trd, 000098.317, 169
Trd, 000099.267, 172
Trd, 000099.333, 172
Trd, 000099.683, 172
Trd, 000100.217, 172
Trd, 000102.483, 169
Trd, 000103.650, 170
Trd, 000104.967, 169
Trd, 000105.183, 169
Trd, 000105.783, 168
Trd, 000105.900, 169
Trd, 000106.283, 166
Trd, 000106.967, 164
Trd, 000107.033, 168
Trd, 000108.417, 170
Trd, 000109.300, 169
Trd, 000109.400, 170
Trd, 000109.567, 169
Trd, 000110.133, 167
Trd, 000110.533, 173
Trd, 000111.567, 173
Trd, 000112.483, 169
Trd, 000112.983, 170
Trd, 000113.267, 176
Trd, 000115.233, 172
Trd, 000116.067, 170
Trd, 000116.217, 168
Trd, 000116.383, 165
Trd, 000116.717, 169
Trd, 000117.717, 170
Trd, 000118.400, 173
Trd, 000119.333, 170
Trd, 000119.850, 167
Trd, 000120.867, 170
Trd, 000121.050, 170
Trd, 000121.983, 171
Trd, 000122.200, 174
Trd, 000123.750, 177
Trd, 000123.767, 180
Trd, 000123.933, 203
Trd, 000125.033, 311
Trd, 000125.067, 327.0
Trd, 000125.150, 332
Trd, 000125.600, 333
Trd, 000125.717, 349
Trd, 000126.133, 351
Trd, 000126.150, 332.0
Trd, 000126.967, 358.0
Trd, 000128.367, 337
Trd, 000128.600, 362.0
Trd, 000128.867, 358.0
Trd, 000129.017, 361
Trd, 000129.500, 337
Trd, 000130.533, 356
Trd, 000131.017, 345
Trd, 000131.317, 344
Trd, 000131.617, 364.0
Trd, 000132.583, 360
Trd, 000133.050, 359
Trd, 000134.067, 358.0
Trd, 000134.967, 360
Trd, 000135.517, 358.0
Trd, 000136.517, 364.0
Trd, 000136.933, 362.0
Trd, 000138.267, 364.0
Trd, 000138.517, 362
Trd, 000138.867, 357
Trd, 000138.967, 355
Trd, 000139.000, 363
Trd, 000141.150, 357
Trd, 000141.683, 354
Trd, 000142.050, 357
Trd, 000142.883, 354.0
Trd, 000143.100, 351.0
Trd, 000145.050, 358.0
Trd, 000145.883, 355
Trd, 000146.567, 354
Trd, 000146.833, 354
Trd, 000147.600, 351
Trd, 000149.067, 362.0
Trd, 000151.050, 358.0
Trd, 000151.133, 354
Trd, 000151.250, 361
Trd, 000151.317, 364
Trd, 000151.533, 365.0
Trd, 000152.333, 362
Trd, 000152.350, 364
Trd, 000153.350, 365
Trd, 000154.400, 352
Trd, 000154.850, 363.0
Trd, 000154.983, 351.0
Trd, 000155.583, 363
Trd, 000156.050, 363
Trd, 000156.350, 365.0
Trd, 000156.517, 362.0
Trd, 000157.167, 346.0
Trd, 000158.733, 358.0
Trd, 000159.933, 359.0
Trd, 000160.000, 360.0
Trd, 000160.867, 360
Trd, 000161.400, 351.0
Trd, 000162.150, 358.0
Trd, 000164.050, 360
Trd, 000165.017, 360.0
Trd, 000165.817, 356
Trd, 000165.850, 359
Trd, 000166.067, 362.0
Trd, 000166.217, 357
Trd, 000167.267, 363
Trd, 000168.100, 354
Trd, 000168.433, 351.0
Trd, 000169.100, 361
Trd, 000169.450, 362.0
Trd, 000169.483, 365.0
Trd, 000170.433, 361.0
Trd, 000172.133, 358.0
Trd, 000172.800, 362.0
Trd, 000172.883, 356
Trd, 000174.433, 361.0
Trd, 000174.633, 355
Trd, 000174.783, 358.0
Trd, 000175.167, 360
Trd, 000175.417, 362
Trd, 000177.333, 358
Trd, 000178.117, 354
Trd, 000179.633, 358.0
Trd, 000180.117, 351.0
Trd, 000180.683, 359.0
Trd, 000181.533, 351
Trd, 000181.800, 352
Trd, 000182.083, 344.0
Trd, 000182.617, 340
Trd, 000182.717, 331.0
Trd, 000182.950, 319
Trd, 000183.533, 326
Trd, 000183.617, 313.0
Trd, 000183.733, 264
Trd, 000183.950, 312
Trd, 000184.517, 200
Trd, 000184.783, 180
Trd, 000185.533, 202
Trd, 000185.867, 209
Trd, 000185.967, 193
Trd, 000186.933, 191
Trd, 000187.017, 174
Trd, 000188.833, 188
Trd, 000188.933, 180
Trd, 000190.467, 179
Trd, 000191.917, 177
Trd, 000193.400, 177
Trd, 000194.333, 181
Trd, 000195.633, 180
Trd, 000195.683, 177
Trd, 000195.750, 181
Trd, 000197.833, 181
Trd, 000197.983, 182
Trd, 000198.117, 183
Trd, 000198.533, 184
Trd, 000199.400, 183
Trd, 000200.667, 185
Trd, 000201.133, 184
Trd, 000201.383, 181
Trd, 000202.300, 183
Trd, 000202.483, 178
Trd, 000202.567, 184
Trd, 000202.800, 183
Trd, 000203.517, 182
Trd, 000204.367, 181
Trd, 000204.750, 182
Trd, 000205.300, 182
Trd, 000205.783, 183
Trd, 000206.800, 182
Trd, 000207.433, 181
Trd, 000207.717, 182
Trd, 000208.783, 185
Trd, 000210.500, 183
Trd, 000210.817, 179
Trd, 000210.833, 183
Trd, 000211.283, 183
Trd, 000211.867, 180
Trd, 000212.467, 181
Trd, 000213.683, 179
Trd, 000214.050, 179
Trd, 000214.067, 181
Trd, 000216.400, 180
Trd, 000216.667, 180
Trd, 000217.083, 181
Trd, 000217.233, 183
Trd, 000217.683, 175
Trd, 000218.667, 184
Trd, 000220.733, 183
Trd, 000220.767, 181
Trd, 000221.467, 180
Trd, 000222.033, 173
Trd, 000222.267, 180
Trd, 000223.500, 180
Trd, 000223.800, 181
Trd, 000223.883, 173
Trd, 000225.167, 181
Trd, 000225.367, 174
Trd, 000225.433, 183
Trd, 000227.200, 176
Trd, 000227.350, 173
Trd, 000228.300, 185
Trd, 000229.483, 186
Trd, 000229.817, 187
Trd, 000231.933, 187
Trd, 000232.383, 185
Trd, 000233.183, 186
Trd, 000233.467, 185
Trd, 000233.500, 183
Trd, 000234.867, 181
Trd, 000235.500, 184
Trd, 000235.800, 179
Trd, 000236.717, 183
Trd, 000237.017, 180
Trd, 000237.550, 182
Trd, 000238.150, 183
Trd, 000238.450, 185
Trd, 000239.150, 179
Trd, 000239.400, 185
Trd, 000239.733, 188
Trd, 000240.100, 180
Trd, 000240.417, 180
Trd, 000240.483, 181
Trd, 000240.600, 182
Trd, 000240.833, 179
Trd, 000241.083, 181
Trd, 000242.317, 179
Trd, 000242.983, 185
Trd, 000243.050, 184
Trd, 000243.167, 189
Trd, 000243.300, 179
Trd, 000243.667, 181
Trd, 000245.150, 180
Trd, 000245.483, 177
Trd, 000245.767, 181
Trd, 000245.867, 181
Trd, 000246.000, 175
Trd, 000246.867, 181
Trd, 000247.683, 183
Trd, 000247.867, 183
Trd, 000249.150, 179
Trd, 000249.333, 173
Trd, 000249.533, 175
Trd, 000249.867, 165
Trd, 000250.417, 175
Trd, 000250.433, 184
Trd, 000250.500, 186
Trd, 000251.783, 184
Trd, 000252.133, 186
Trd, 000252.167, 187
Trd, 000252.400, 187
Trd, 000254.067, 188
Trd, 000254.383, 187
Trd, 000254.867, 190
Trd, 000255.050, 187
Trd, 000255.667, 176
Trd, 000256.050, 180
Trd, 000256.617, 179
Trd, 000256.633, 182
Trd, 000257.250, 183
Trd, 000257.350, 183
Trd, 000257.933, 197
Trd, 000259.550, 186
Trd, 000259.817, 179
Trd, 000260.367, 181
Trd, 000260.383, 183
Trd, 000260.867, 177
Trd, 000261.050, 174
Trd, 000261.733, 176
Trd, 000261.900, 177
Trd, 000262.417, 177
Trd, 000262.833, 184
Trd, 000262.900, 184
Trd, 000263.533, 184
Trd, 000263.600, 188
Trd, 000265.717, 177
Trd, 000265.867, 178
Trd, 000266.100, 181
Trd, 000266.417, 183
Trd, 000266.683, 184
Trd, 000266.817, 178
Trd, 000266.933, 184
Trd, 000268.633, 183
Trd, 000269.117, 179
Trd, 000269.133, 180
Trd, 000269.467, 174
Trd, 000269.567, 180
Trd, 000269.600, 185
Trd, 000271.483, 172
Trd, 000271.583, 174
Trd, 000271.633, 175
Trd, 000271.650, 177
Trd, 000272.017, 176
Trd, 000272.500, 173
Trd, 000274.033, 178
Trd, 000274.350, 179
Trd, 000274.717, 189
Trd, 000274.733, 192
Trd, 000275.167, 185
Trd, 000275.867, 192
Trd, 000276.300, 180
Trd, 000276.733, 180
Trd, 000276.850, 179
Trd, 000276.983, 183
Trd, 000277.250, 176
Trd, 000277.350, 174
Trd, 000277.933, 185
Trd, 000278.283, 173
Trd, 000278.633, 185
Trd, 000279.567, 182
Trd, 000279.983, 179
Trd, 000280.400, 186
Trd, 000280.717, 188
Trd, 000281.667, 178
Trd, 000282.100, 177
Trd, 000283.383, 175
Trd, 000283.450, 172
Trd, 000283.600, 176
Trd, 000283.783, 177
Trd, 000283.967, 175
Trd, 000284.867, 179
Trd, 000285.100, 173
Trd, 000285.150, 172
Trd, 000285.433, 186
Trd, 000286.500, 188
Trd, 000287.250, 187
Trd, 000287.283, 190
Trd, 000287.433, 182
Trd, 000288.583, 193
Trd, 000289.033, 187
Trd, 000289.583, 183
Trd, 000289.967, 190
Trd, 000290.000, 191
Trd, 000290.117, 190
Trd, 000290.217, 189
Trd, 000290.233, 191
Trd, 000291.000, 179
Trd, 000291.217, 191
Trd, 000291.367, 177
Trd, 000292.150, 195
Trd, 000292.367, 182
Trd, 000292.933, 177
Trd, 000293.383, 176
Trd, 000294.033, 177
Trd, 000294.933, 184
Trd, 000294.967, 186
Trd, 000295.117, 179
Trd, 000295.200, 185
Trd, 000295.367, 194
Trd, 000297.167, 182
Trd, 000297.283, 192
Trd, 000298.533, 180
Trd, 000298.783, 191
Trd, 000299.100, 178
Trd, 000299.400, 190
Trd, 000299.633, 191
Trd, 000299.717, 209
Trd, 000299.767, 174
