Trd, 000000.517, 132
Trd, 000001.983, 176
Trd, 000003.300, 153
Trd, 000003.633, 152
Trd, 000004.000, 151
Trd, 000004.267, 141
Trd, 000005.100, 142
Trd, 000005.900, 140
Trd, 000006.333, 141
Trd, 000006.750, 140
Trd, 000007.267, 137
Trd, 000008.533, 142
Trd, 000009.783, 139
Trd, 000009.900, 147
Trd, 000010.233, 138
Trd, 000010.583, 148
Trd, 000010.950, 138
Trd, 000011.100, 145
Trd, 000012.283, 149
Trd, 000012.583, 149
Trd, 000012.667, 143
Trd, 000013.783, 145
Trd, 000013.883, 148
Trd, 000014.300, 152
Trd, 000014.817, 151
Trd, 000015.150, 152
Trd, 000015.883, 146
Trd, 000016.400, 150
Trd, 000016.800, 147
Trd, 000016.883, 153
Trd, 000019.083, 149
Trd, 000019.250, 147
Trd, 000020.483, 147
Trd, 000020.600, 147
Trd, 000021.900, 149
Trd, 000022.500, 149
Trd, 000022.717, 149
Trd, 000022.917, 170
Trd, 000023.117, 148
Trd, 000024.283, 150
Trd, 000024.767, 149
Trd, 000024.933, 154
Trd, 000025.383, 153
Trd, 000026.283, 150
Trd, 000026.650, 155
Trd, 000026.733, 149
Trd, 000026.817, 157
Trd, 000026.900, 149
Trd, 000027.500, 149
Trd, 000028.317, 151
Trd, 000028.683, 152
Trd, 000028.950, 150
Trd, 000029.817, 152
Trd, 000030.067, 152
Trd, 000032.417, 152
Trd, 000032.500, 170
Trd, 000033.450, 155
Trd, 000033.750, 159
Trd, 000034.650, 158
Trd, 000034.767, 158
Trd, 000035.000, 160
Trd, 000035.783, 157
Trd, 000037.033, 156
Trd, 000037.283, 160
Trd, 000037.650, 171
Trd, 000038.083, 158
Trd, 000038.100, 156
Trd, 000038.283, 154
Trd, 000038.900, 159
Trd, 000039.817, 166
Trd, 000040.317, 161
Trd, 000040.517, 161
Trd, 000041.017, 155
Trd, 000041.500, 160
Trd, 000042.033, 160
Trd, 000042.950, 151
Trd, 000043.917, 155
Trd, 000044.333, 155
Trd, 000044.717, 153
Trd, 000044.883, 152
Trd, 000045.367, 153
Trd, 000045.767, 153
Trd, 000046.200, 149
Trd, 000046.617, 152
Trd, 000046.667, 154
Trd, 000047.250, 146
Trd, 000048.217, 169
Trd, 000049.267, 161
Trd, 000049.933, 165
Trd, 000050.600, 157
Trd, 000051.400, 158
Trd, 000051.417, 156
Trd, 000051.533, 156
Trd, 000052.517, 160
Trd, 000053.233, 162
Trd, 000053.650, 162
Trd, 000054.517, 161
Trd, 000054.850, 161
Trd, 000055.150, 159
Trd, 000055.867, 158
Trd, 000057.583, 160
Trd, 000057.667, 160
Trd, 000057.917, 160
Trd, 000058.400, 159
Trd, 000058.933, 158
Trd, 000059.050, 158
Trd, 000060.167, 158
Trd, 000060.333, 157
Trd, 000060.500, 161
Trd, 000061.467, 159
Trd, 000061.700, 166
Trd, 000062.617, 159
Trd, 000062.850, 158
Trd, 000064.483, 160
Trd, 000064.567, 161
Trd, 000065.000, 160
Trd, 000065.217, 161
Trd, 000066.667, 159
Trd, 000066.733, 159
Trd, 000067.000, 160
Trd, 000067.483, 158
Trd, 000067.983, 161
Trd, 000068.067, 159
Trd, 000069.817, 159
Trd, 000070.550, 160
Trd, 000070.567, 161
Trd, 000070.783, 164
Trd, 000071.483, 160
Trd, 000071.933, 163
Trd, 000073.917, 162
Trd, 000074.500, 160
Trd, 000075.750, 159
Trd, 000076.617, 159
Trd, 000076.783, 159
Trd, 000076.917, 158
Trd, 000077.183, 160
Trd, 000077.500, 158
Trd, 000077.717, 159
Trd, 000077.867, 158
Trd, 000078.150, 157
Trd, 000078.233, 159
Trd, 000078.517, 152
Trd, 000079.650, 153
Trd, 000080.233, 152
Trd, 000080.300, 157
Trd, 000081.050, 150
Trd, 000081.717, 158
Trd, 000082.667, 171
Trd, 000084.267, 163
Trd, 000084.417, 164
Trd, 000084.533, 160
Trd, 000084.883, 160
Trd, 000085.883, 159
Trd, 000085.950, 159
Trd, 000087.017, 157
Trd, 000087.217, 158
Trd, 000087.767, 146
Trd, 000088.083, 160
Trd, 000088.217, 161
Trd, 000089.000, 161
Trd, 000089.500, 161
Trd, 000089.633, 160
Trd, 000089.767, 158
Trd, 000090.350, 159
Trd, 000090.633, 158
Trd, 000090.667, 153
Trd, 000090.933, 159
Trd, 000092.150, 158
Trd, 000092.567, 156
Trd, 000092.583, 146
Trd, 000094.050, 139
Trd, 000094.350, 140
Trd, 000094.400, 154
Trd, 000095.000, 143
Trd, 000096.583, 148
Trd, 000096.650, 156
Trd, 000096.850, 161
Trd, 000096.950, 147
Trd, 000097.267, 162
Trd, 000099.050, 151
Trd, 000099.600, 154
Trd, 000099.783, 152
Trd, 000099.817, 151
Trd, 000100.733, 150
Trd, 000100.750, 152
Trd, 000100.967, 156
Trd, 000101.800, 154
Trd, 000104.100, 152
Trd, 000104.150, 153
Trd, 000104.433, 154
Trd, 000105.150, 154
Trd, 000105.350, 153
Trd, 000106.383, 153
Trd, 000107.417, 156
Trd, 000107.567, 154
Trd, 000108.033, 155
Trd, 000108.050, 160
Trd, 000108.133, 155
Trd, 000108.417, 172
Trd, 000108.683, 154
Trd, 000110.300, 161
Trd, 000110.450, 159
Trd, 000111.967, 158
Trd, 000112.250, 158
Trd, 000112.567, 156
Trd, 000113.250, 159
Trd, 000113.383, 157
Trd, 000113.767, 164
Trd, 000113.817, 172
Trd, 000114.200, 155
Trd, 000114.400, 163
Trd, 000114.600, 148
Trd, 000115.650, 162
Trd, 000116.117, 163
Trd, 000116.400, 164
Trd, 000117.550, 166
Trd, 000118.733, 163
Trd, 000118.900, 156
Trd, 000119.500, 160
Trd, 000120.233, 159
Trd, 000120.417, 159
Trd, 000120.633, 159
Trd, 000121.683, 160
Trd, 000121.717, 163
Trd, 000121.917, 173
Trd, 000122.733, 174
Trd, 000122.983, 189
Trd, 000123.217, 191
Trd, 000123.283, 314
Trd, 000123.867, 300.0
Trd, 000124.167, 310.0
Trd, 000124.567, 321.0
Trd, 000124.817, 325
Trd, 000125.367, 322.0
Trd, 000125.533, 331
Trd, 000126.167, 335
Trd, 000127.783, 325.0
Trd, 000127.817, 341.0
Trd, 000129.450, 341
Trd, 000129.683, 330
Trd, 000129.950, 343.0
Trd, 000130.783, 339.0
Trd, 000131.483, 350
Trd, 000131.933, 340.0
Trd, 000133.850, 342
Trd, 000134.000, 341
Trd, 000135.550, 349
Trd, 000135.617, 351
Trd, 000135.650, 344.0
Trd, 000136.667, 350
Trd, 000138.267, 347
Trd, 000138.767, 348
Trd, 000139.383, 347
Trd, 000139.567, 346
Trd, 000139.633, 344
Trd, 000140.600, 356
Trd, 000140.683, 348
Trd, 000140.883, 344.0
Trd, 000141.067, 337.0
Trd, 000141.600, 362
Trd, 000142.683, 356
Trd, 000143.483, 359
Trd, 000145.217, 359
Trd, 000145.317, 352.0
Trd, 000145.400, 359
Trd, 000145.800, 352
Trd, 000146.583, 354
Trd, 000147.067, 353
Trd, 000147.233, 352.0
Trd, 000148.633, 354
Trd, 000148.950, 353
Trd, 000148.967, 352
Trd, 000149.250, 354
Trd, 000149.417, 354
Trd, 000149.950, 354
Trd, 000150.517, 351.0
Trd, 000152.217, 354
Trd, 000152.450, 354
Trd, 000152.617, 350
Trd, 000154.833, 349
Trd, 000155.183, 349
Trd, 000155.467, 351
Trd, 000155.550, 350
Trd, 000155.567, 351
Trd, 000155.667, 347
Trd, 000155.700, 344.0
Trd, 000155.817, 338.0
Trd, 000156.283, 337.0
Trd, 000157.483, 331
Trd, 000158.350, 345
Trd, 000158.383, 349
Trd, 000158.733, 351.0
Trd, 000158.750, 326.0
Trd, 000159.667, 342
Trd, 000160.033, 346
Trd, 000160.517, 345
Trd, 000161.183, 342
Trd, 000161.283, 345
Trd, 000161.633, 341
Trd, 000162.133, 342
Trd, 000162.550, 344
Trd, 000163.850, 354
Trd, 000165.433, 347
Trd, 000166.533, 349
Trd, 000167.500, 348
Trd, 000168.217, 348
Trd, 000168.883, 347
Trd, 000169.017, 350
Trd, 000169.800, 346
Trd, 000170.400, 345
Trd, 000170.583, 349
Trd, 000171.467, 348
Trd, 000171.817, 348
Trd, 000172.133, 347
Trd, 000172.717, 348
Trd, 000173.200, 347
Trd, 000173.267, 343
Trd, 000174.283, 342
Trd, 000174.517, 347
Trd, 000174.933, 342
Trd, 000175.900, 348
Trd, 000176.800, 347
Trd, 000177.067, 346
Trd, 000177.133, 347
Trd, 000178.533, 348
Trd, 000179.267, 346
Trd, 000179.767, 354
Trd, 000180.533, 354
Trd, 000180.617, 348
Trd, 000181.167, 348
Trd, 000181.717, 346
Trd, 000181.983, 344.0
Trd, 000182.067, 340
Trd, 000182.383, 337.0
Trd, 000182.583, 324.0
Trd, 000182.717, 320.0
Trd, 000182.867, 315
Trd, 000183.267, 313.0
Trd, 000183.333, 305
Trd, 000183.533, 212
Trd, 000184.350, 175
Trd, 000184.400, 180
Trd, 000184.750, 188
Trd, 000185.000, 162
Trd, 000185.750, 165
Trd, 000185.767, 163
Trd, 000185.917, 166
Trd, 000186.833, 185
Trd, 000187.067, 186
Trd, 000187.500, 173
Trd, 000188.200, 172
Trd, 000188.450, 170
Trd, 000188.600, 163
Trd, 000189.383, 167
Trd, 000189.500, 169
Trd, 000190.600, 170
Trd, 000191.100, 170
Trd, 000192.200, 172
Trd, 000193.483, 172
Trd, 000193.650, 170
Trd, 000195.100, 171
Trd, 000195.283, 170
Trd, 000195.367, 169
Trd, 000195.650, 169
Trd, 000195.867, 167
Trd, 000195.917, 169
Trd, 000196.617, 169
Trd, 000197.483, 172
Trd, 000197.933, 167
Trd, 000198.133, 173
Trd, 000198.350, 168
Trd, 000199.517, 169
Trd, 000199.633, 166
Trd, 000200.750, 169
Trd, 000201.583, 170
Trd, 000202.250, 168
Trd, 000202.700, 167
Trd, 000203.450, 168
Trd, 000203.950, 164
Trd, 000204.367, 164
Trd, 000204.967, 166
Trd, 000204.983, 165
Trd, 000205.417, 167
Trd, 000205.900, 162
Trd, 000206.150, 167
Trd, 000206.317, 161
Trd, 000207.650, 169
Trd, 000208.850, 161
Trd, 000208.950, 167
Trd, 000209.683, 160
Trd, 000209.900, 167
Trd, 000211.233, 163
Trd, 000211.467, 161
Trd, 000212.067, 162
Trd, 000212.133, 172
Trd, 000212.450, 160
Trd, 000213.850, 166
Trd, 000214.283, 159
Trd, 000214.350, 169
Trd, 000214.867, 167
Trd, 000216.000, 161
Trd, 000216.717, 162
Trd, 000216.750, 161
Trd, 000217.400, 166
Trd, 000218.950, 166
Trd, 000219.400, 171
Trd, 000220.000, 170
Trd, 000220.983, 170
Trd, 000221.250, 169
Trd, 000221.350, 172
Trd, 000221.800, 173
Trd, 000222.000, 175
Trd, 000222.083, 169
Trd, 000222.883, 171
Trd, 000225.117, 186
Trd, 000225.233, 185
Trd, 000225.350, 195
Trd, 000225.433, 183
Trd, 000225.500, 179
Trd, 000227.300, 177
Trd, 000227.433, 183
Trd, 000227.983, 182
Trd, 000228.667, 178
Trd, 000229.017, 179
Trd, 000229.950, 176
Trd, 000230.117, 178
Trd, 000230.567, 174
Trd, 000231.333, 176
Trd, 000231.717, 175
Trd, 000232.033, 176
Trd, 000232.433, 160
Trd, 000233.117, 175
Trd, 000233.333, 178
Trd, 000233.367, 170
Trd, 000234.650, 173
Trd, 000235.467, 173
Trd, 000235.550, 174
Trd, 000236.000, 175
Trd, 000236.983, 172
Trd, 000237.200, 171
Trd, 000237.733, 174
Trd, 000238.100, 168
Trd, 000239.400, 175
Trd, 000239.767, 175
Trd, 000240.167, 173
Trd, 000240.500, 172
Trd, 000240.783, 174
Trd, 000240.950, 173
Trd, 000241.150, 172
Trd, 000241.550, 170
Trd, 000242.200, 171
Trd, 000242.400, 173
Trd, 000242.617, 171
Trd, 000242.817, 172
Trd, 000243.183, 171
Trd, 000243.483, 171
Trd, 000243.683, 173
Trd, 000243.800, 168
Trd, 000243.900, 148
Trd, 000245.417, 171
Trd, 000245.517, 164
Trd, 000246.100, 174
Trd, 000246.683, 172
Trd, 000247.183, 173
Trd, 000247.517, 175
Trd, 000247.717, 175
Trd, 000247.867, 178
Trd, 000248.750, 174
Trd, 000248.850, 170
Trd, 000250.333, 173
Trd, 000250.367, 171
Trd, 000250.650, 176
Trd, 000250.983, 173
Trd, 000251.317, 172
Trd, 000252.433, 173
Trd, 000253.017, 170
Trd, 000253.800, 169
Trd, 000254.667, 169
Trd, 000255.283, 166
Trd, 000255.417, 167
Trd, 000255.733, 166
Trd, 000255.783, 169
Trd, 000256.117, 169
Trd, 000256.367, 171
Trd, 000257.150, 172
Trd, 000257.450, 171
Trd, 000257.500, 170
Trd, 000258.200, 174
Trd, 000258.300, 171
Trd, 000258.600, 176
Trd, 000258.883, 180
Trd, 000259.417, 184
Trd, 000259.800, 177
Trd, 000261.000, 177
Trd, 000261.117, 175
Trd, 000261.183, 172
Trd, 000261.600, 176
Trd, 000262.417, 173
Trd, 000262.733, 176
Trd, 000263.883, 176
Trd, 000264.200, 174
Trd, 000264.400, 174
Trd, 000264.833, 175
Trd, 000265.450, 173
Trd, 000265.500, 172
Trd, 000265.633, 171
Trd, 000265.983, 170
Trd, 000266.017, 163
Trd, 000266.550, 175
Trd, 000266.650, 180
Trd, 000268.800, 179
Trd, 000269.133, 172
Trd, 000269.300, 175
Trd, 000270.000, 176
Trd, 000270.633, 176
Trd, 000271.083, 173
Trd, 000271.233, 172
Trd, 000271.283, 176
Trd, 000271.650, 175
Trd, 000271.683, 171
Trd, 000271.717, 178
Trd, 000272.550, 172
Trd, 000272.633, 168
Trd, 000273.000, 165
Trd, 000273.550, 170
Trd, 000273.750, 171
Trd, 000273.967, 165
Trd, 000274.850, 164
Trd, 000274.917, 163
Trd, 000275.667, 170
Trd, 000275.983, 178
Trd, 000276.333, 179
Trd, 000276.783, 177
Trd, 000277.133, 175
Trd, 000277.233, 183
Trd, 000278.050, 179
Trd, 000278.650, 166
Trd, 000278.950, 171
Trd, 000278.967, 178
Trd, 000278.983, 181
Trd, 000279.583, 183
Trd, 000279.783, 191
Trd, 000279.850, 189
Trd, 000279.933, 173
Trd, 000280.683, 167
Trd, 000281.683, 173
Trd, 000281.717, 166
Trd, 000282.183, 165
Trd, 000282.767, 172
Trd, 000282.850, 172
Trd, 000282.900, 165
Trd, 000283.200, 159
Trd, 000283.417, 176
Trd, 000283.767, 170
Trd, 000283.950, 176
Trd, 000284.033, 162
Trd, 000284.300, 179
Trd, 000285.600, 173
Trd, 000285.967, 174
Trd, 000286.617, 171
Trd, 000287.367, 171
Trd, 000287.467, 172
Trd, 000287.967, 175
Trd, 000288.033, 171
Trd, 000288.683, 172
Trd, 000289.217, 173
Trd, 000290.133, 173
Trd, 000290.517, 171
Trd, 000290.633, 171
Trd, 000290.867, 175
Trd, 000290.883, 178
Trd, 000291.167, 180
Trd, 000291.333, 183
Trd, 000291.517, 180
Trd, 000292.117, 171
Trd, 000292.583, 184
Trd, 000292.783, 174
Trd, 000293.133, 177
Trd, 000293.383, 167
Trd, 000293.900, 188
Trd, 000295.267, 183
Trd, 000295.750, 183
Trd, 000296.183, 184
Trd, 000296.250, 183
Trd, 000296.550, 182
Trd, 000297.133, 180
Trd, 000297.300, 178
Trd, 000297.467, 173
Trd, 000297.533, 181
Trd, 000298.167, 175
Trd, 000298.183, 187
Trd, 000298.333, 174
Trd, 000298.417, 168
Trd, 000298.550, 195
Trd, 000299.367, 192
Trd, 000299.650, 171
