Trd, 000002.717, 150
Trd, 000003.167, 168
Trd, 000003.467, 164
Trd, 000004.017, 162
Trd, 000004.433, 156
Trd, 000004.783, 148
Trd, 000005.183, 155
Trd, 000006.067, 147
Trd, 000006.933, 152
Trd, 000008.100, 157
Trd, 000009.083, 151
Trd, 000009.300, 149
Trd, 000011.100, 152
Trd, 000011.367, 151
Trd, 000011.750, 156
Trd, 000012.283, 152
Trd, 000013.033, 151
Trd, 000013.633, 160
Trd, 000015.183, 151
Trd, 000016.100, 156
Trd, 000017.300, 152
Trd, 000017.683, 153
Trd, 000017.900, 151
Trd, 000018.983, 151
Trd, 000020.117, 157
Trd, 000021.333, 157
Trd, 000022.150, 160
Trd, 000023.583, 157
Trd, 000023.950, 158
Trd, 000024.550, 158
Trd, 000025.033, 160
Trd, 000025.567, 157
Trd, 000025.733, 156
Trd, 000026.133, 156
Trd, 000026.917, 157
Trd, 000028.483, 156
Trd, 000028.567, 150
Trd, 000029.283, 159
Trd, 000029.783, 153
Trd, 000030.267, 161
Trd, 000030.917, 154
Trd, 000031.317, 156
Trd, 000032.350, 157
Trd, 000033.017, 158
Trd, 000033.833, 156
Trd, 000034.417, 155
Trd, 000035.183, 158
Trd, 000036.050, 159
Trd, 000036.700, 160
Trd, 000036.933, 159
Trd, 000037.617, 157
Trd, 000038.000, 156
Trd, 000038.283, 157
Trd, 000038.533, 158
Trd, 000040.650, 157
Trd, 000041.550, 157
Trd, 000042.033, 157
Trd, 000042.300, 156
Trd, 000043.950, 158
Trd, 000044.167, 158
Trd, 000045.117, 158
Trd, 000045.467, 163
Trd, 000045.633, 158
Trd, 000046.250, 159
Trd, 000046.283, 159
Trd, 000047.217, 160
Trd, 000047.817, 161
Trd, 000047.850, 160
Trd, 000047.950, 158
Trd, 000048.450, 164
Trd, 000048.933, 153
Trd, 000049.283, 162
Trd, 000050.317, 148
Trd, 000051.883, 156
Trd, 000052.383, 160
Trd, 000053.333, 153
Trd, 000054.767, 157
Trd, 000055.750, 161
Trd, 000055.933, 159
Trd, 000056.133, 163
Trd, 000056.517, 159
Trd, 000057.233, 156
Trd, 000057.667, 159
Trd, 000058.083, 161
Trd, 000058.483, 160
Trd, 000059.933, 161
Trd, 000059.967, 160
Trd, 000059.983, 166
Trd, 000062.583, 162
Trd, 000062.683, 160
Trd, 000062.733, 154
Trd, 000063.633, 158
Trd, 000063.883, 151
Trd, 000065.883, 161
Trd, 000065.967, 158
Trd, 000067.150, 162
Trd, 000067.317, 157
Trd, 000068.300, 161
Trd, 000069.617, 163
Trd, 000069.683, 164
Trd, 000069.833, 158
Trd, 000070.400, 165
Trd, 000071.417, 162
Trd, 000071.650, 162
Trd, 000073.400, 164
Trd, 000073.983, 165
Trd, 000074.350, 164
Trd, 000074.650, 165
Trd, 000075.550, 164
Trd, 000077.233, 168
Trd, 000078.133, 168
Trd, 000078.317, 167
Trd, 000079.733, 169
Trd, 000080.100, 165
Trd, 000080.583, 149
Trd, 000081.650, 159
Trd, 000081.883, 160
Trd, 000082.150, 163
Trd, 000082.717, 162
Trd, 000083.933, 166
Trd, 000086.400, 163
Trd, 000088.017, 164
Trd, 000088.783, 165
Trd, 000089.083, 165
Trd, 000089.500, 165
Trd, 000090.117, 170
Trd, 000090.617, 171
Trd, 000092.617, 167
Trd, 000093.717, 170
Trd, 000094.517, 167
Trd, 000095.383, 166
Trd, 000095.433, 169
Trd, 000095.817, 166
Trd, 000096.633, 170
Trd, 000099.050, 170
Trd, 000100.083, 169
Trd, 000100.650, 170
Trd, 000100.867, 169
Trd, 000101.100, 172
Trd, 000101.233, 168
Trd, 000102.117, 168
Trd, 000103.167, 170
Trd, 000103.533, 169
Trd, 000103.767, 169
Trd, 000104.117, 171
Trd, 000105.150, 169
Trd, 000105.517, 167
Trd, 000108.017, 163
Trd, 000108.500, 167
Trd, 000108.667, 167
Trd, 000108.750, 161
Trd, 000108.967, 160
Trd, 000109.267, 165
Trd, 000109.633, 161
Trd, 000111.333, 161
Trd, 000111.867, 160
Trd, 000112.450, 159
Trd, 000112.817, 163
Trd, 000113.400, 158
Trd, 000113.500, 152
Trd, 000114.883, 164
Trd, 000116.500, 164
Trd, 000116.583, 170
Trd, 000116.867, 165
Trd, 000117.583, 168
Trd, 000117.850, 173
Trd, 000117.933, 167
Trd, 000120.417, 168
Trd, 000121.217, 169
Trd, 000121.267, 172
Trd, 000121.300, 174
Trd, 000122.183, 177
Trd, 000122.883, 169
Trd, 000123.050, 184
Trd, 000123.533, 188
Trd, 000123.833, 191
Trd, 000123.967, 194
Trd, 000125.367, 320.0
Trd, 000125.917, 326
Trd, 000126.233, 327.0
Trd, 000126.783, 325
Trd, 000128.100, 342
Trd, 000128.550, 355
Trd, 000129.000, 334.0
Trd, 000130.283, 333
Trd, 000130.833, 334
Trd, 000130.883, 324.0
Trd, 000131.817, 337.0
Trd, 000132.517, 334
Trd, 000132.783, 357.0
Trd, 000133.017, 358.0
Trd, 000134.233, 342.0
Trd, 000134.250, 341.0
Trd, 000135.350, 365.0
Trd, 000136.367, 344
Trd, 000138.233, 349.0
Trd, 000138.317, 348.0
Trd, 000138.400, 341.0
Trd, 000138.900, 343
Trd, 000139.733, 349
Trd, 000140.183, 348.0
Trd, 000140.633, 350
Trd, 000141.017, 354
Trd, 000142.983, 355
Trd, 000143.733, 361
Trd, 000144.750, 345
Trd, 000145.333, 344
Trd, 000145.433, 346
Trd, 000146.217, 347
Trd, 000147.267, 352
Trd, 000148.467, 353
Trd, 000150.600, 353
Trd, 000150.833, 350
Trd, 000151.033, 350
Trd, 000151.050, 348
Trd, 000151.133, 354.0
Trd, 000151.450, 347
Trd, 000152.100, 357
Trd, 000152.283, 348.0
Trd, 000152.467, 347
Trd, 000155.083, 348
Trd, 000155.250, 348
Trd, 000155.267, 345
Trd, 000156.617, 354
Trd, 000157.233, 357.0
Trd, 000157.367, 347.0
Trd, 000159.117, 354
Trd, 000159.300, 353.0
Trd, 000159.550, 348.0
Trd, 000159.600, 356
Trd, 000160.133, 357.0
Trd, 000160.167, 348.0
Trd, 000161.050, 348
Trd, 000162.817, 350
Trd, 000163.317, 348
Trd, 000163.683, 348.0
Trd, 000164.983, 358.0
Trd, 000165.117, 350
Trd, 000166.617, 353
Trd, 000168.300, 353
Trd, 000169.283, 346
Trd, 000169.933, 355
Trd, 000170.100, 347
Trd, 000170.617, 348.0
Trd, 000171.050, 347
Trd, 000171.250, 344.0
Trd, 000171.450, 343
Trd, 000171.733, 346
Trd, 000172.183, 358.0
Trd, 000173.317, 358
Trd, 000174.417, 344
Trd, 000175.450, 346
Trd, 000175.800, 348.0
Trd, 000175.900, 353
Trd, 000176.300, 354
Trd, 000177.067, 346
Trd, 000177.467, 346
Trd, 000177.567, 345
Trd, 000178.983, 341.0
Trd, 000179.900, 347
Trd, 000180.450, 345
Trd, 000180.850, 358.0
Trd, 000182.200, 346
Trd, 000182.333, 344
Trd, 000182.417, 342
Trd, 000182.517, 324.0
Trd, 000182.833, 320.0
Trd, 000183.233, 310.0
Trd, 000183.350, 283
Trd, 000184.033, 210
Trd, 000184.767, 193
Trd, 000185.183, 182
Trd, 000186.633, 183
Trd, 000187.300, 181
Trd, 000187.517, 181
Trd, 000187.850, 182
Trd, 000190.033, 180
Trd, 000190.917, 182
Trd, 000191.133, 181
Trd, 000192.033, 180
Trd, 000193.317, 181
Trd, 000193.767, 181
Trd, 000194.417, 181
Trd, 000194.817, 180
Trd, 000194.850, 178
Trd, 000196.050, 176
Trd, 000197.550, 177
Trd, 000197.700, 179
Trd, 000198.267, 176
Trd, 000198.717, 168
Trd, 000199.867, 177
Trd, 000200.833, 178
Trd, 000200.850, 179
Trd, 000201.400, 179
Trd, 000201.500, 174
Trd, 000202.233, 177
Trd, 000203.550, 179
Trd, 000203.717, 174
Trd, 000204.533, 173
Trd, 000205.900, 173
Trd, 000206.050, 172
Trd, 000206.817, 174
Trd, 000208.783, 176
Trd, 000210.183, 176
Trd, 000210.233, 179
Trd, 000210.500, 182
Trd, 000210.583, 176
Trd, 000211.483, 175
Trd, 000213.017, 177
Trd, 000213.050, 176
Trd, 000214.517, 179
Trd, 000214.700, 180
Trd, 000214.783, 175
Trd, 000214.933, 169
Trd, 000217.750, 177
Trd, 000217.967, 178
Trd, 000218.067, 183
Trd, 000218.783, 180
Trd, 000220.633, 181
Trd, 000220.783, 184
Trd, 000220.900, 180
Trd, 000221.550, 178
Trd, 000222.250, 177
Trd, 000222.283, 170
Trd, 000222.800, 163
Trd, 000223.367, 180
Trd, 000225.683, 179
Trd, 000225.917, 178
Trd, 000226.050, 179
Trd, 000226.733, 179
Trd, 000227.083, 180
Trd, 000227.100, 179
Trd, 000227.500, 178
Trd, 000228.100, 177
Trd, 000228.600, 171
Trd, 000229.683, 171
Trd, 000229.767, 171
Trd, 000230.717, 177
Trd, 000231.033, 166
Trd, 000231.417, 165
Trd, 000234.717, 174
Trd, 000235.450, 174
Trd, 000235.917, 173
Trd, 000237.950, 176
Trd, 000238.183, 175
Trd, 000238.917, 172
Trd, 000238.950, 172
Trd, 000239.800, 176
Trd, 000240.200, 174
Trd, 000240.400, 173
Trd, 000240.700, 175
Trd, 000241.150, 174
Trd, 000241.383, 174
Trd, 000241.783, 175
Trd, 000243.133, 175
Trd, 000243.917, 175
Trd, 000244.300, 177
Trd, 000244.883, 178
Trd, 000245.517, 178
Trd, 000246.367, 177
Trd, 000246.750, 181
Trd, 000246.800, 176
Trd, 000246.900, 179
Trd, 000247.400, 178
Trd, 000247.433, 179
Trd, 000247.767, 177
Trd, 000248.033, 176
Trd, 000248.633, 181
Trd, 000248.717, 182
Trd, 000248.767, 183
Trd, 000248.983, 175
Trd, 000249.233, 174
Trd, 000249.467, 185
Trd, 000251.133, 176
Trd, 000251.750, 180
Trd, 000252.283, 181
Trd, 000253.433, 183
Trd, 000253.450, 182
Trd, 000254.567, 181
Trd, 000255.033, 181
Trd, 000255.150, 183
Trd, 000255.667, 180
Trd, 000256.083, 178
Trd, 000256.283, 178
Trd, 000257.433, 178
Trd, 000258.517, 178
Trd, 000258.633, 177
Trd, 000259.083, 178
Trd, 000259.750, 180
Trd, 000259.833, 180
Trd, 000260.317, 180
Trd, 000260.583, 184
Trd, 000260.700, 179
Trd, 000260.867, 183
Trd, 000260.967, 180
Trd, 000261.300, 178
Trd, 000262.383, 177
Trd, 000262.983, 178
Trd, 000263.117, 181
Trd, 000263.800, 178
Trd, 000264.350, 177
Trd, 000264.583, 178
Trd, 000265.033, 184
Trd, 000265.450, 184
Trd, 000265.867, 188
Trd, 000266.217, 183
Trd, 000267.733, 179
Trd, 000268.100, 180
Trd, 000268.167, 184
Trd, 000268.783, 180
Trd, 000269.417, 179
Trd, 000269.483, 182
Trd, 000269.600, 178
Trd, 000270.217, 180
Trd, 000270.483, 178
Trd, 000270.683, 182
Trd, 000271.250, 185
Trd, 000271.533, 180
Trd, 000271.567, 179
Trd, 000271.617, 187
Trd, 000272.950, 178
Trd, 000273.283, 179
Trd, 000274.217, 185
Trd, 000274.350, 179
Trd, 000274.833, 179
Trd, 000275.283, 184
Trd, 000275.517, 180
Trd, 000276.117, 179
Trd, 000276.133, 183
Trd, 000276.350, 179
Trd, 000276.667, 175
Trd, 000277.200, 189
Trd, 000277.267, 168
Trd, 000278.917, 176
Trd, 000279.433, 178
Trd, 000280.050, 178
Trd, 000280.100, 177
Trd, 000280.117, 179
Trd, 000281.067, 177
Trd, 000281.833, 184
Trd, 000281.850, 177
Trd, 000282.650, 177
Trd, 000282.667, 176
Trd, 000283.000, 169
Trd, 000283.150, 172
Trd, 000283.300, 166
Trd, 000283.717, 172
Trd, 000283.917, 175
Trd, 000284.217, 176
Trd, 000285.350, 181
Trd, 000285.817, 182
Trd, 000286.033, 180
Trd, 000286.383, 180
Trd, 000286.917, 182
Trd, 000287.917, 182
Trd, 000288.283, 190
Trd, 000288.500, 181
Trd, 000288.583, 180
Trd, 000288.733, 193
Trd, 000288.950, 180
Trd, 000289.000, 179
Trd, 000289.933, 186
Trd, 000290.817, 178
Trd, 000291.117, 173
Trd, 000291.283, 170
Trd, 000291.567, 187
Trd, 000291.667, 191
Trd, 000292.783, 183
Trd, 000293.267, 190
Trd, 000293.383, 186
Trd, 000293.733, 191
Trd, 000293.800, 185
Trd, 000294.467, 184
Trd, 000294.683, 183
Trd, 000296.067, 178
Trd, 000296.550, 177
Trd, 000297.417, 175
Trd, 000297.433, 184
Trd, 000298.100, 173
Trd, 000298.517, 187
Trd, 000299.050, 181
Trd, 000299.133, 191
Trd, 000299.700, 178
