Trd, 000002.417, 167
Trd, 000002.550, 166
Trd, 000003.067, 159
Trd, 000003.083, 168
Trd, 000004.317, 155
Trd, 000005.317, 156
Trd, 000005.383, 156
Trd, 000005.833, 156
Trd, 000005.900, 157
Trd, 000006.500, 158
Trd, 000007.300, 154
Trd, 000007.583, 153
Trd, 000007.850, 152
Trd, 000008.133, 152
Trd, 000008.350, 142
Trd, 000009.617, 148
Trd, 000009.683, 147
Trd, 000010.150, 146
Trd, 000010.633, 149
Trd, 000010.667, 148
Trd, 000010.917, 144
Trd, 000010.933, 135
Trd, 000012.000, 148
Trd, 000012.850, 152
Trd, 000013.683, 144
Trd, 000014.367, 148
Trd, 000014.550, 147
Trd, 000015.117, 148
Trd, 000015.617, 147
Trd, 000016.067, 147
Trd, 000016.133, 148
Trd, 000016.733, 147
Trd, 000017.783, 151
Trd, 000018.117, 151
Trd, 000018.133, 146
Trd, 000018.167, 152
Trd, 000018.183, 156
Trd, 000018.233, 146
Trd, 000018.567, 148
Trd, 000018.850, 147
Trd, 000020.417, 153
Trd, 000020.817, 154
Trd, 000021.467, 149
Trd, 000021.900, 150
Trd, 000023.300, 150
Trd, 000023.533, 148
Trd, 000023.667, 147
Trd, 000025.050, 148
Trd, 000025.433, 146
Trd, 000025.967, 148
Trd, 000026.167, 149
Trd, 000026.700, 151
Trd, 000027.967, 151
Trd, 000028.267, 151
Trd, 000029.067, 154
Trd, 000030.200, 153
Trd, 000030.417, 154
Trd, 000030.500, 154
Trd, 000031.067, 153
Trd, 000031.483, 153
Trd, 000031.917, 153
Trd, 000033.250, 154
Trd, 000033.500, 153
Trd, 000034.517, 152
Trd, 000034.600, 151
Trd, 000034.717, 137
Trd, 000035.150, 143
Trd, 000037.567, 143
Trd, 000038.083, 144
Trd, 000038.767, 145
Trd, 000039.800, 145
Trd, 000040.433, 145
Trd, 000040.583, 145
Trd, 000041.033, 146
Trd, 000041.250, 147
Trd, 000041.633, 145
Trd, 000042.500, 144
Trd, 000043.000, 144
Trd, 000044.033, 145
Trd, 000044.733, 143
Trd, 000044.867, 143
Trd, 000045.617, 144
Trd, 000046.033, 147
Trd, 000048.517, 144
Trd, 000049.000, 143
Trd, 000049.033, 143
Trd, 000049.250, 145
Trd, 000049.300, 147
Trd, 000049.667, 149
Trd, 000050.283, 148
Trd, 000050.667, 146
Trd, 000050.750, 144
Trd, 000051.300, 144
Trd, 000051.433, 146
Trd, 000051.500, 156
Trd, 000052.583, 150
Trd, 000053.250, 152
Trd, 000054.050, 153
Trd, 000055.033, 152
Trd, 000055.417, 151
Trd, 000055.750, 149
Trd, 000055.950, 152
Trd, 000056.433, 144
Trd, 000057.200, 150
Trd, 000057.383, 146
Trd, 000058.950, 150
Trd, 000058.983, 149
Trd, 000059.283, 147
Trd, 000059.767, 148
Trd, 000060.017, 150
Trd, 000060.633, 154
Trd, 000061.250, 152
Trd, 000062.767, 148
Trd, 000063.233, 149
Trd, 000063.617, 152
Trd, 000063.983, 153
Trd, 000064.417, 150
Trd, 000065.033, 151
Trd, 000065.650, 151
Trd, 000065.750, 156
Trd, 000066.117, 156
Trd, 000066.633, 156
Trd, 000069.667, 153
Trd, 000069.867, 154
Trd, 000069.933, 156
Trd, 000069.950, 153
Trd, 000070.367, 155
Trd, 000070.600, 154
Trd, 000071.917, 152
Trd, 000072.033, 152
Trd, 000072.167, 153
Trd, 000072.300, 153
Trd, 000073.167, 156
Trd, 000073.333, 151
Trd, 000073.533, 162
Trd, 000074.267, 155
Trd, 000075.117, 154
Trd, 000075.150, 154
Trd, 000075.667, 156
Trd, 000076.250, 155
Trd, 000076.317, 156
Trd, 000076.350, 158
Trd, 000077.017, 155
Trd, 000077.200, 141
Trd, 000078.400, 152
Trd, 000078.567, 146
Trd, 000078.633, 145
Trd, 000080.033, 151
Trd, 000080.183, 151
Trd, 000080.950, 152
Trd, 000081.367, 151
Trd, 000081.717, 151
Trd, 000082.117, 152
Trd, 000082.367, 148
Trd, 000083.367, 152
Trd, 000084.300, 152
Trd, 000085.033, 154
Trd, 000085.967, 152
Trd, 000086.550, 153
Trd, 000086.733, 151
Trd, 000086.967, 159
Trd, 000087.250, 154
Trd, 000087.900, 160
Trd, 000087.967, 159
Trd, 000088.583, 156
Trd, 000088.967, 156
Trd, 000089.000, 161
Trd, 000091.333, 160
Trd, 000091.550, 162
Trd, 000092.100, 159
Trd, 000094.400, 159
Trd, 000094.683, 159
Trd, 000095.133, 158
Trd, 000095.617, 158
Trd, 000095.850, 157
Trd, 000095.917, 146
Trd, 000096.433, 144
Trd, 000096.700, 154
Trd, 000097.050, 154
Trd, 000097.367, 154
Trd, 000097.467, 157
Trd, 000099.200, 153
Trd, 000099.933, 152
Trd, 000100.233, 153
Trd, 000100.817, 154
Trd, 000100.833, 154
Trd, 000101.317, 154
Trd, 000101.633, 155
Trd, 000102.183, 156
Trd, 000102.367, 161
Trd, 000102.600, 164
Trd, 000103.400, 158
Trd, 000104.467, 158
Trd, 000105.417, 158
Trd, 000105.850, 158
Trd, 000106.500, 158
Trd, 000106.667, 160
Trd, 000107.917, 157
Trd, 000108.033, 159
Trd, 000108.733, 162
Trd, 000109.567, 155
Trd, 000110.750, 156
Trd, 000111.083, 160
Trd, 000112.467, 157
Trd, 000113.067, 158
Trd, 000113.317, 156
Trd, 000113.750, 157
Trd, 000114.483, 156
Trd, 000114.783, 153
Trd, 000115.200, 145
Trd, 000115.717, 154
Trd, 000116.300, 155
Trd, 000116.817, 155
Trd, 000118.467, 165
Trd, 000118.533, 164
Trd, 000118.767, 166
Trd, 000119.033, 160
Trd, 000119.483, 161
Trd, 000120.033, 162
Trd, 000120.267, 162
Trd, 000120.283, 165
Trd, 000121.017, 164
Trd, 000121.250, 164
Trd, 000121.550, 161
Trd, 000121.683, 167
Trd, 000121.867, 174
Trd, 000121.983, 175
Trd, 000122.333, 180
Trd, 000122.467, 184
Trd, 000122.500, 256
Trd, 000122.667, 163
Trd, 000122.700, 292
Trd, 000123.083, 296
Trd, 000123.483, 306.0
Trd, 000123.617, 331.0
Trd, 000124.333, 315
Trd, 000125.367, 317.0
Trd, 000126.500, 327.0
Trd, 000126.583, 340
Trd, 000126.900, 344.0
Trd, 000128.783, 339
Trd, 000129.033, 337.0
Trd, 000130.733, 339
Trd, 000130.933, 343
Trd, 000131.383, 338
Trd, 000131.483, 334.0
Trd, 000133.617, 341
Trd, 000134.100, 336
Trd, 000135.017, 336
Trd, 000135.617, 340
Trd, 000136.367, 341
Trd, 000137.750, 339
Trd, 000137.833, 343
Trd, 000137.867, 336
Trd, 000138.183, 342
Trd, 000139.017, 342
Trd, 000140.500, 339
Trd, 000141.533, 340.0
Trd, 000143.817, 341
Trd, 000143.883, 342
Trd, 000144.117, 339
Trd, 000144.933, 341
Trd, 000145.000, 340
Trd, 000145.683, 343.0
Trd, 000146.217, 341
Trd, 000147.650, 338
Trd, 000148.133, 342
Trd, 000149.000, 342
Trd, 000149.133, 342
Trd, 000150.117, 343
Trd, 000150.600, 344.0
Trd, 000150.867, 344
Trd, 000153.567, 344
Trd, 000154.333, 346
Trd, 000154.633, 344
Trd, 000155.467, 344
Trd, 000155.967, 345
Trd, 000156.483, 342
Trd, 000156.850, 340
Trd, 000158.483, 342
Trd, 000159.700, 342
Trd, 000159.733, 343
Trd, 000160.183, 342
Trd, 000160.600, 341
Trd, 000161.000, 342
Trd, 000161.083, 343
Trd, 000161.133, 336
Trd, 000161.817, 336
Trd, 000162.350, 344
Trd, 000164.767, 338
Trd, 000165.483, 335
Trd, 000166.183, 339
Trd, 000166.333, 341
Trd, 000166.633, 334
Trd, 000166.833, 336
Trd, 000167.050, 335
Trd, 000167.483, 334
Trd, 000167.600, 334.0
Trd, 000167.967, 335
Trd, 000168.033, 337
Trd, 000168.133, 333
Trd, 000170.283, 337
Trd, 000171.683, 338
Trd, 000171.983, 339
Trd, 000172.033, 339
Trd, 000172.267, 344.0
Trd, 000172.733, 335.0
Trd, 000174.050, 341
Trd, 000174.433, 341
Trd, 000174.650, 340
Trd, 000174.800, 340
Trd, 000177.533, 339
Trd, 000178.033, 339
Trd, 000178.550, 337
Trd, 000178.933, 338
Trd, 000179.100, 341
Trd, 000179.800, 341
Trd, 000180.183, 339
Trd, 000180.217, 337
Trd, 000180.233, 343
Trd, 000182.200, 339
Trd, 000182.400, 337.0
Trd, 000182.750, 334.0
Trd, 000182.783, 324.0
Trd, 000183.883, 313.0
Trd, 000184.233, 310.0
Trd, 000184.383, 252
Trd, 000185.417, 211
Trd, 000185.617, 204
Trd, 000185.767, 192
Trd, 000186.900, 200
Trd, 000187.017, 192
Trd, 000187.300, 189
Trd, 000187.683, 175
Trd, 000188.883, 177
Trd, 000189.567, 178
Trd, 000189.817, 174
Trd, 000190.667, 175
Trd, 000191.567, 171
Trd, 000191.767, 174
Trd, 000192.067, 173
Trd, 000192.250, 171
Trd, 000193.033, 169
Trd, 000193.050, 160
Trd, 000194.217, 164
Trd, 000194.683, 165
Trd, 000195.333, 159
Trd, 000196.017, 159
Trd, 000196.083, 160
Trd, 000196.433, 160
Trd, 000196.467, 161
Trd, 000196.883, 159
Trd, 000197.467, 159
Trd, 000198.250, 156
Trd, 000198.350, 163
Trd, 000199.350, 164
Trd, 000200.417, 167
Trd, 000200.783, 163
Trd, 000201.200, 164
Trd, 000201.433, 165
Trd, 000201.467, 163
Trd, 000201.833, 166
Trd, 000202.183, 162
Trd, 000202.250, 167
Trd, 000203.533, 165
Trd, 000204.117, 163
Trd, 000204.433, 164
Trd, 000205.583, 164
Trd, 000205.667, 163
Trd, 000206.683, 163
Trd, 000207.250, 162
Trd, 000207.667, 164
Trd, 000208.267, 161
Trd, 000209.383, 164
Trd, 000209.717, 164
Trd, 000210.200, 163
Trd, 000211.233, 164
Trd, 000211.333, 165
Trd, 000211.550, 172
Trd, 000211.950, 163
Trd, 000212.150, 161
Trd, 000214.400, 172
Trd, 000215.350, 172
Trd, 000216.017, 170
Trd, 000216.550, 170
Trd, 000217.067, 170
Trd, 000217.133, 169
Trd, 000217.433, 171
Trd, 000217.533, 169
Trd, 000219.517, 171
Trd, 000219.883, 172
Trd, 000219.933, 170
Trd, 000220.100, 170
Trd, 000220.200, 165
Trd, 000221.617, 172
Trd, 000222.967, 172
Trd, 000223.800, 173
Trd, 000224.483, 171
Trd, 000224.567, 172
Trd, 000224.950, 170
Trd, 000225.367, 169
Trd, 000225.550, 174
Trd, 000225.683, 159
Trd, 000226.167, 175
Trd, 000226.983, 174
Trd, 000228.250, 174
Trd, 000229.250, 170
Trd, 000229.450, 170
Trd, 000229.600, 171
Trd, 000229.717, 172
Trd, 000229.950, 172
Trd, 000230.000, 171
Trd, 000231.850, 168
Trd, 000234.217, 168
Trd, 000234.433, 168
Trd, 000234.683, 171
Trd, 000234.917, 170
Trd, 000235.133, 168
Trd, 000235.383, 168
Trd, 000236.283, 168
Trd, 000236.433, 168
Trd, 000237.417, 165
Trd, 000237.983, 168
Trd, 000238.233, 164
Trd, 000239.667, 167
Trd, 000239.733, 166
Trd, 000240.500, 166
Trd, 000240.783, 168
Trd, 000241.033, 168
Trd, 000241.233, 169
Trd, 000241.517, 168
Trd, 000241.533, 164
Trd, 000241.950, 165
Trd, 000243.083, 162
Trd, 000243.317, 168
Trd, 000244.267, 167
Trd, 000244.383, 169
Trd, 000244.433, 175
Trd, 000244.783, 178
Trd, 000244.850, 179
Trd, 000245.350, 174
Trd, 000247.083, 175
Trd, 000247.333, 175
Trd, 000247.483, 180
Trd, 000248.283, 175
Trd, 000248.483, 176
Trd, 000248.850, 177
Trd, 000249.367, 175
Trd, 000249.883, 174
Trd, 000250.000, 176
Trd, 000250.483, 180
Trd, 000250.767, 178
Trd, 000250.783, 180
Trd, 000250.800, 174
Trd, 000251.767, 177
Trd, 000252.267, 177
Trd, 000252.433, 181
Trd, 000253.333, 178
Trd, 000253.767, 179
Trd, 000254.067, 178
Trd, 000254.267, 183
Trd, 000254.850, 176
Trd, 000255.367, 173
Trd, 000256.100, 176
Trd, 000256.583, 174
Trd, 000256.933, 174
Trd, 000257.300, 170
Trd, 000257.517, 170
Trd, 000257.950, 175
Trd, 000258.350, 175
Trd, 000258.400, 171
Trd, 000259.300, 162
Trd, 000260.367, 170
Trd, 000260.483, 174
Trd, 000260.767, 175
Trd, 000261.567, 175
Trd, 000261.900, 177
Trd, 000262.550, 179
Trd, 000262.833, 175
Trd, 000263.883, 178
Trd, 000264.583, 178
Trd, 000265.267, 179
Trd, 000265.383, 177
Trd, 000265.433, 176
Trd, 000265.600, 177
Trd, 000265.817, 181
Trd, 000266.150, 177
Trd, 000266.450, 177
Trd, 000266.850, 175
Trd, 000267.333, 175
Trd, 000268.067, 180
Trd, 000268.950, 182
Trd, 000269.167, 182
Trd, 000269.850, 178
Trd, 000270.367, 178
Trd, 000270.533, 178
Trd, 000271.500, 178
Trd, 000271.683, 177
Trd, 000271.750, 176
Trd, 000272.067, 177
Trd, 000272.700, 178
Trd, 000272.833, 177
Trd, 000273.450, 176
Trd, 000273.767, 178
Trd, 000274.833, 176
Trd, 000275.650, 177
Trd, 000275.833, 176
Trd, 000277.100, 178
Trd, 000277.117, 178
Trd, 000277.633, 176
Trd, 000278.567, 178
Trd, 000278.783, 178
Trd, 000279.433, 180
Trd, 000280.233, 180
Trd, 000280.383, 182
Trd, 000280.750, 181
Trd, 000280.900, 182
Trd, 000281.317, 176
Trd, 000281.583, 166
Trd, 000281.617, 179
Trd, 000281.833, 175
Trd, 000282.417, 179
Trd, 000282.833, 178
Trd, 000283.000, 179
Trd, 000283.350, 165
Trd, 000283.900, 171
Trd, 000284.383, 170
Trd, 000284.983, 171
Trd, 000285.750, 172
Trd, 000285.883, 171
Trd, 000286.433, 170
Trd, 000286.667, 172
Trd, 000286.900, 174
Trd, 000287.867, 172
Trd, 000287.917, 171
Trd, 000289.667, 173
Trd, 000290.100, 172
Trd, 000291.033, 172
Trd, 000291.250, 174
Trd, 000292.083, 175
Trd, 000292.100, 177
Trd, 000292.483, 173
Trd, 000293.200, 179
Trd, 000293.617, 178
Trd, 000293.933, 178
Trd, 000295.050, 178
Trd, 000295.233, 178
Trd, 000295.617, 179
Trd, 000295.783, 177
Trd, 000296.350, 178
Trd, 000296.617, 179
Trd, 000298.100, 179
Trd, 000298.733, 178
Trd, 000298.883, 177
Trd, 000299.083, 177
Trd, 000299.450, 181
