Trd, 000002.567, 156
Trd, 000003.300, 155
Trd, 000003.350, 158
Trd, 000004.200, 166
Trd, 000004.250, 157
Trd, 000004.783, 148
Trd, 000005.317, 144
Trd, 000005.633, 139
Trd, 000006.467, 141
Trd, 000007.433, 138
Trd, 000008.533, 157
Trd, 000009.083, 157
Trd, 000009.167, 151
Trd, 000010.267, 157
Trd, 000010.700, 157
Trd, 000011.050, 158
Trd, 000011.217, 166
Trd, 000012.133, 158
Trd, 000012.783, 156
Trd, 000013.433, 156
Trd, 000013.700, 158
Trd, 000013.833, 159
Trd, 000014.450, 148
Trd, 000015.150, 148
Trd, 000015.317, 141
Trd, 000016.217, 147
Trd, 000016.550, 140
Trd, 000016.933, 148
Trd, 000018.233, 145
Trd, 000018.467, 146
Trd, 000020.050, 144
Trd, 000021.183, 145
Trd, 000021.517, 147
Trd, 000021.533, 148
Trd, 000022.283, 144
Trd, 000022.350, 147
Trd, 000022.383, 148
Trd, 000022.600, 153
Trd, 000023.450, 160
Trd, 000024.483, 157
Trd, 000025.800, 161
Trd, 000026.017, 161
Trd, 000026.450, 159
Trd, 000026.883, 162
Trd, 000028.333, 160
Trd, 000028.533, 160
Trd, 000028.783, 161
Trd, 000029.100, 159
Trd, 000030.167, 161
Trd, 000030.617, 162
Trd, 000030.817, 162
Trd, 000030.833, 158
Trd, 000031.500, 151
Trd, 000032.450, 157
Trd, 000032.833, 158
Trd, 000034.517, 143
Trd, 000034.567, 130
Trd, 000035.083, 160
Trd, 000035.500, 146
Trd, 000035.517, 145
Trd, 000036.817, 151
Trd, 000037.650, 140
Trd, 000037.683, 151
Trd, 000039.533, 148
Trd, 000039.917, 144
Trd, 000040.650, 146
Trd, 000040.917, 148
Trd, 000041.150, 148
Trd, 000041.883, 162
Trd, 000043.467, 164
Trd, 000043.783, 168
Trd, 000044.000, 172
Trd, 000044.117, 162
Trd, 000044.233, 160
Trd, 000045.017, 167
Trd, 000045.517, 159
Trd, 000046.617, 160
Trd, 000046.683, 162
Trd, 000047.333, 158
Trd, 000048.167, 161
Trd, 000048.450, 162
Trd, 000048.900, 159
Trd, 000050.450, 160
Trd, 000052.033, 161
Trd, 000052.483, 153
Trd, 000053.000, 160
Trd, 000053.133, 145
Trd, 000053.533, 160
Trd, 000054.933, 156
Trd, 000055.183, 157
Trd, 000055.783, 154
Trd, 000056.000, 153
Trd, 000056.050, 157
Trd, 000056.233, 158
Trd, 000056.617, 159
Trd, 000056.733, 145
Trd, 000058.183, 146
Trd, 000059.500, 154
Trd, 000060.683, 154
Trd, 000061.167, 152
Trd, 000061.417, 153
Trd, 000062.200, 151
Trd, 000063.967, 151
Trd, 000064.333, 149
Trd, 000064.567, 150
Trd, 000064.767, 149
Trd, 000065.667, 149
Trd, 000066.000, 149
Trd, 000066.417, 151
Trd, 000066.650, 150
Trd, 000066.717, 151
Trd, 000067.567, 149
Trd, 000067.733, 148
Trd, 000067.800, 143
Trd, 000069.833, 151
Trd, 000071.400, 151
Trd, 000071.517, 162
Trd, 000071.683, 165
Trd, 000071.983, 162
Trd, 000072.317, 173
Trd, 000072.850, 188
Trd, 000075.317, 161
Trd, 000075.650, 164
Trd, 000075.750, 161
Trd, 000076.717, 155
Trd, 000078.017, 156
Trd, 000078.167, 154
Trd, 000079.200, 152
Trd, 000079.500, 148
Trd, 000079.900, 153
Trd, 000079.950, 146
Trd, 000080.083, 154
Trd, 000080.300, 166
Trd, 000080.933, 161
Trd, 000081.050, 166
Trd, 000082.300, 163
Trd, 000082.533, 166
Trd, 000083.883, 161
Trd, 000084.900, 148
Trd, 000084.983, 164
Trd, 000085.133, 165
Trd, 000085.650, 158
Trd, 000086.100, 164
Trd, 000087.617, 159
Trd, 000087.983, 162
Trd, 000089.000, 164
Trd, 000089.017, 174
Trd, 000089.533, 157
Trd, 000089.983, 174
Trd, 000091.033, 160
Trd, 000091.500, 147
Trd, 000092.267, 146
Trd, 000092.417, 139
Trd, 000092.433, 157
Trd, 000093.150, 154
Trd, 000093.533, 155
Trd, 000093.700, 151
Trd, 000094.367, 155
Trd, 000094.883, 155
Trd, 000095.633, 149
Trd, 000096.583, 148
Trd, 000097.967, 167
Trd, 000098.367, 159
Trd, 000099.433, 167
Trd, 000100.567, 165
Trd, 000100.850, 163
Trd, 000101.467, 162
Trd, 000101.767, 164
Trd, 000102.583, 166
Trd, 000102.767, 167
Trd, 000103.350, 168
Trd, 000105.367, 167
Trd, 000105.900, 167
Trd, 000106.333, 168
Trd, 000106.383, 165
Trd, 000106.867, 158
Trd, 000107.533, 170
Trd, 000107.750, 172
Trd, 000109.883, 170
Trd, 000110.083, 166
Trd, 000110.683, 169
Trd, 000110.817, 176
Trd, 000111.033, 151
Trd, 000112.917, 158
Trd, 000113.500, 159
Trd, 000113.917, 168
Trd, 000114.750, 158
Trd, 000117.067, 163
Trd, 000117.367, 162
Trd, 000117.400, 163
Trd, 000118.083, 169
Trd, 000118.200, 161
Trd, 000118.833, 160
Trd, 000120.750, 167
Trd, 000121.233, 170
Trd, 000122.200, 166
Trd, 000122.317, 167
Trd, 000122.383, 170
Trd, 000122.750, 171
Trd, 000123.050, 198
Trd, 000123.533, 199
Trd, 000123.967, 201
Trd, 000124.150, 300.0
Trd, 000124.533, 306
Trd, 000125.450, 334.0
Trd, 000126.067, 313.0
Trd, 000126.433, 338.0
Trd, 000126.633, 352
Trd, 000128.050, 356.0
Trd, 000128.117, 355.0
Trd, 000128.667, 350
Trd, 000129.450, 355.0
Trd, 000129.550, 350.0
Trd, 000129.650, 356.0
Trd, 000130.817, 358.0
Trd, 000130.917, 361
Trd, 000131.433, 341
Trd, 000131.800, 339
Trd, 000132.883, 338.0
Trd, 000133.650, 343
Trd, 000133.767, 344
Trd, 000133.900, 344.0
Trd, 000135.000, 343
Trd, 000135.333, 342.0
Trd, 000136.167, 339
Trd, 000136.800, 344
Trd, 000137.300, 342
Trd, 000137.467, 348
Trd, 000139.317, 340
Trd, 000140.067, 339
Trd, 000140.467, 347
Trd, 000140.783, 349
Trd, 000141.450, 351
Trd, 000143.767, 346
Trd, 000143.850, 345
Trd, 000144.200, 347
Trd, 000144.300, 344
Trd, 000144.517, 347
Trd, 000145.117, 337.0
Trd, 000145.817, 345
Trd, 000146.417, 342
Trd, 000147.867, 354
Trd, 000148.450, 353
Trd, 000148.733, 355.0
Trd, 000148.850, 347
Trd, 000149.900, 356.0
Trd, 000150.400, 358.0
Trd, 000150.467, 355.0
Trd, 000151.067, 360
Trd, 000152.367, 351
Trd, 000152.567, 349
Trd, 000152.733, 348.0
Trd, 000152.817, 361
Trd, 000153.517, 365
Trd, 000153.750, 341
Trd, 000154.600, 364
Trd, 000156.983, 357.0
Trd, 000157.233, 356.0
Trd, 000157.500, 355.0
Trd, 000157.717, 358.0
Trd, 000157.933, 352
Trd, 000159.083, 356
Trd, 000159.500, 353
Trd, 000159.633, 342
Trd, 000160.700, 340
Trd, 000161.083, 340
Trd, 000162.600, 340
Trd, 000162.767, 337.0
Trd, 000163.250, 331
Trd, 000163.583, 332
Trd, 000163.633, 330
Trd, 000164.383, 336
Trd, 000165.000, 334
Trd, 000165.183, 335
Trd, 000165.217, 336
Trd, 000165.333, 344.0
Trd, 000166.000, 350
Trd, 000166.067, 360
Trd, 000167.300, 349
Trd, 000167.700, 336
Trd, 000167.733, 347
Trd, 000168.367, 358.0
Trd, 000171.483, 346
Trd, 000171.600, 343
Trd, 000172.683, 344
Trd, 000174.267, 340
Trd, 000174.550, 343
Trd, 000175.517, 343
Trd, 000175.533, 344
Trd, 000176.333, 357.0
Trd, 000176.600, 343
Trd, 000176.733, 341
Trd, 000177.217, 348
Trd, 000177.433, 349
Trd, 000177.800, 348
Trd, 000178.050, 347
Trd, 000178.350, 338.0
Trd, 000179.633, 349
Trd, 000180.317, 365
Trd, 000181.700, 340
Trd, 000181.833, 340
Trd, 000182.017, 337.0
Trd, 000182.433, 330
Trd, 000183.367, 323
Trd, 000183.583, 317.0
Trd, 000184.117, 305
Trd, 000184.283, 218
Trd, 000185.167, 204
Trd, 000186.000, 190
Trd, 000186.400, 173
Trd, 000186.417, 172
Trd, 000186.533, 171
Trd, 000188.267, 177
Trd, 000188.317, 175
Trd, 000188.750, 178
Trd, 000188.917, 174
Trd, 000189.300, 177
Trd, 000189.883, 184
Trd, 000192.367, 170
Trd, 000193.100, 172
Trd, 000193.900, 170
Trd, 000194.300, 170
Trd, 000194.317, 171
Trd, 000194.883, 169
Trd, 000194.900, 167
Trd, 000196.767, 168
Trd, 000197.517, 169
Trd, 000198.050, 171
Trd, 000198.733, 178
Trd, 000198.917, 160
Trd, 000199.650, 175
Trd, 000201.400, 171
Trd, 000201.550, 168
Trd, 000202.267, 169
Trd, 000203.400, 169
Trd, 000203.950, 166
Trd, 000204.100, 167
Trd, 000204.250, 167
Trd, 000204.867, 160
Trd, 000205.633, 166
Trd, 000205.850, 168
Trd, 000205.983, 178
Trd, 000206.283, 166
Trd, 000206.783, 186
Trd, 000209.033, 173
Trd, 000209.300, 173
Trd, 000209.833, 173
Trd, 000209.983, 172
Trd, 000210.117, 174
Trd, 000211.017, 173
Trd, 000212.433, 172
Trd, 000213.033, 171
Trd, 000213.133, 170
Trd, 000213.367, 171
Trd, 000213.717, 179
Trd, 000213.933, 171
Trd, 000214.117, 158
Trd, 000214.200, 188
Trd, 000215.267, 187
Trd, 000216.500, 184
Trd, 000217.283, 170
Trd, 000217.567, 179
Trd, 000220.183, 178
Trd, 000220.317, 174
Trd, 000220.467, 176
Trd, 000221.350, 178
Trd, 000222.250, 174
Trd, 000222.417, 176
Trd, 000223.133, 175
Trd, 000223.417, 170
Trd, 000223.700, 178
Trd, 000224.300, 180
Trd, 000225.517, 180
Trd, 000225.767, 166
Trd, 000226.717, 181
Trd, 000227.200, 166
Trd, 000228.417, 166
Trd, 000229.200, 173
Trd, 000229.467, 173
Trd, 000229.633, 175
Trd, 000230.750, 180
Trd, 000232.200, 181
Trd, 000233.600, 182
Trd, 000233.800, 182
Trd, 000234.517, 180
Trd, 000234.817, 180
Trd, 000234.833, 181
Trd, 000235.000, 178
Trd, 000235.533, 179
Trd, 000236.700, 178
Trd, 000237.217, 178
Trd, 000237.250, 179
Trd, 000237.733, 172
Trd, 000238.100, 179
Trd, 000238.583, 186
Trd, 000238.817, 184
Trd, 000240.400, 179
Trd, 000240.550, 180
Trd, 000240.717, 179
Trd, 000241.183, 180
Trd, 000241.483, 181
Trd, 000241.983, 183
Trd, 000242.650, 186
Trd, 000243.233, 185
Trd, 000243.317, 184
Trd, 000243.933, 185
Trd, 000245.150, 203
Trd, 000245.250, 203
Trd, 000245.600, 197
Trd, 000245.983, 196
Trd, 000246.000, 182
Trd, 000246.350, 179
Trd, 000248.083, 187
Trd, 000248.700, 191
Trd, 000248.867, 191
Trd, 000249.233, 190
Trd, 000249.383, 191
Trd, 000250.167, 187
Trd, 000251.250, 186
Trd, 000251.450, 186
Trd, 000251.717, 183
Trd, 000252.233, 190
Trd, 000252.783, 186
Trd, 000253.483, 183
Trd, 000253.833, 183
Trd, 000253.933, 181
Trd, 000254.117, 193
Trd, 000254.217, 176
Trd, 000254.883, 179
Trd, 000255.550, 174
Trd, 000256.083, 179
Trd, 000256.767, 192
Trd, 000256.950, 180
Trd, 000257.100, 199
Trd, 000258.333, 181
Trd, 000259.233, 188
Trd, 000259.433, 184
Trd, 000260.050, 202
Trd, 000260.333, 187
Trd, 000261.017, 185
Trd, 000261.167, 184
Trd, 000261.300, 181
Trd, 000262.983, 185
Trd, 000263.400, 183
Trd, 000263.567, 185
Trd, 000263.867, 181
Trd, 000265.367, 174
Trd, 000265.850, 177
Trd, 000266.000, 177
Trd, 000266.017, 178
Trd, 000266.500, 181
Trd, 000266.650, 180
Trd, 000268.067, 180
Trd, 000268.167, 181
Trd, 000268.300, 180
Trd, 000269.083, 177
Trd, 000269.567, 183
Trd, 000269.900, 191
Trd, 000269.933, 182
Trd, 000270.350, 178
Trd, 000270.600, 178
Trd, 000271.200, 175
Trd, 000271.850, 173
Trd, 000271.900, 167
Trd, 000272.250, 174
Trd, 000272.650, 174
Trd, 000273.050, 182
Trd, 000273.317, 175
Trd, 000273.450, 174
Trd, 000273.617, 160
Trd, 000274.083, 168
Trd, 000274.800, 166
Trd, 000275.450, 174
Trd, 000275.467, 185
Trd, 000276.217, 189
Trd, 000276.783, 190
Trd, 000276.867, 191
Trd, 000276.933, 183
Trd, 000277.050, 181
Trd, 000277.900, 167
Trd, 000278.300, 180
Trd, 000278.767, 183
Trd, 000279.150, 182
Trd, 000279.317, 183
Trd, 000279.500, 175
Trd, 000279.517, 183
Trd, 000279.617, 196
Trd, 000280.533, 182
Trd, 000281.383, 183
Trd, 000281.717, 183
Trd, 000281.767, 179
Trd, 000282.283, 185
Trd, 000282.867, 191
Trd, 000283.667, 186
Trd, 000283.733, 193
Trd, 000284.000, 186
Trd, 000284.483, 194
Trd, 000284.750, 185
Trd, 000284.900, 184
Trd, 000285.067, 187
Trd, 000285.767, 184
Trd, 000286.067, 179
Trd, 000286.183, 176
Trd, 000286.383, 183
Trd, 000286.450, 187
Trd, 000287.417, 197
Trd, 000287.483, 196
Trd, 000287.900, 187
Trd, 000288.000, 185
Trd, 000288.117, 197
Trd, 000288.900, 184
Trd, 000289.233, 185
Trd, 000289.883, 184
Trd, 000290.167, 183
Trd, 000290.633, 194
Trd, 000291.817, 183
Trd, 000292.200, 192
Trd, 000292.750, 185
Trd, 000292.867, 187
Trd, 000292.950, 180
Trd, 000293.233, 177
Trd, 000293.717, 184
Trd, 000294.100, 183
Trd, 000294.483, 179
Trd, 000294.517, 184
Trd, 000295.000, 170
Trd, 000296.267, 181
Trd, 000296.600, 192
Trd, 000296.883, 192
Trd, 000297.067, 188
Trd, 000297.183, 198
Trd, 000297.583, 180
Trd, 000297.717, 178
Trd, 000299.050, 186
Trd, 000299.433, 186
Trd, 000299.767, 187
