Trd, 000001.533, 134
Trd, 000002.517, 118
Trd, 000003.250, 184
Trd, 000003.750, 146
Trd, 000004.617, 160
Trd, 000006.250, 143
Trd, 000006.750, 144
Trd, 000007.617, 143
Trd, 000007.717, 142
Trd, 000008.033, 143
Trd, 000008.367, 143
Trd, 000009.233, 144
Trd, 000009.783, 144
Trd, 000010.200, 145
Trd, 000010.833, 143
Trd, 000011.617, 142
Trd, 000012.067, 144
Trd, 000013.383, 145
Trd, 000013.717, 144
Trd, 000013.917, 145
Trd, 000014.000, 143
Trd, 000014.583, 143
Trd, 000015.600, 143
Trd, 000016.467, 145
Trd, 000017.083, 145
Trd, 000017.550, 144
Trd, 000017.883, 143
Trd, 000018.333, 146
Trd, 000018.617, 146
Trd, 000019.900, 147
Trd, 000020.250, 145
Trd, 000020.850, 146
Trd, 000021.300, 145
Trd, 000021.650, 148
Trd, 000023.150, 147
Trd, 000023.500, 146
Trd, 000024.183, 148
Trd, 000024.583, 149
Trd, 000024.667, 147
Trd, 000024.950, 149
Trd, 000026.400, 152
Trd, 000026.517, 151
Trd, 000027.583, 153
Trd, 000027.883, 151
Trd, 000027.967, 151
Trd, 000028.083, 149
Trd, 000029.067, 145
Trd, 000029.150, 149
Trd, 000029.750, 143
Trd, 000029.933, 143
Trd, 000030.333, 145
Trd, 000030.600, 144
Trd, 000031.317, 144
Trd, 000031.800, 143
Trd, 000032.133, 147
Trd, 000033.233, 145
Trd, 000034.233, 145
Trd, 000034.300, 146
Trd, 000034.317, 147
Trd, 000034.600, 145
Trd, 000035.217, 145
Trd, 000035.933, 145
Trd, 000036.417, 147
Trd, 000037.533, 150
Trd, 000037.650, 168
Trd, 000037.817, 149
Trd, 000039.600, 155
Trd, 000040.350, 151
Trd, 000040.850, 152
Trd, 000040.883, 151
Trd, 000041.433, 148
Trd, 000041.500, 149
Trd, 000041.600, 150
Trd, 000041.833, 150
Trd, 000043.217, 146
Trd, 000043.850, 149
Trd, 000044.417, 141
Trd, 000044.750, 135
Trd, 000045.183, 147
Trd, 000045.500, 148
Trd, 000046.367, 146
Trd, 000046.617, 148
Trd, 000047.300, 148
Trd, 000048.150, 149
Trd, 000048.167, 147
Trd, 000048.883, 149
Trd, 000049.817, 150
Trd, 000049.983, 148
Trd, 000050.500, 149
Trd, 000050.983, 147
Trd, 000051.400, 147
Trd, 000052.017, 147
Trd, 000052.933, 149
Trd, 000053.700, 149
Trd, 000053.783, 149
Trd, 000054.167, 148
Trd, 000055.933, 149
Trd, 000056.117, 150
Trd, 000056.950, 150
Trd, 000057.133, 147
Trd, 000057.283, 146
Trd, 000057.417, 149
Trd, 000057.650, 150
Trd, 000058.017, 143
Trd, 000058.717, 143
Trd, 000059.350, 145
Trd, 000059.933, 159
Trd, 000060.467, 159
Trd, 000060.633, 143
Trd, 000060.650, 166
Trd, 000062.833, 149
Trd, 000063.200, 150
Trd, 000063.250, 150
Trd, 000063.333, 150
Trd, 000064.000, 151
Trd, 000064.983, 157
Trd, 000065.283, 157
Trd, 000065.650, 156
Trd, 000065.933, 171
Trd, 000066.733, 156
Trd, 000067.117, 154
Trd, 000067.650, 155
Trd, 000068.483, 156
Trd, 000068.733, 159
Trd, 000069.700, 159
Trd, 000069.850, 156
Trd, 000070.050, 154
Trd, 000070.150, 159
Trd, 000070.467, 162
Trd, 000072.950, 154
Trd, 000073.367, 162
Trd, 000073.617, 153
Trd, 000074.017, 160
Trd, 000074.533, 159
Trd, 000074.733, 159
Trd, 000075.400, 159
Trd, 000075.717, 158
Trd, 000076.267, 157
Trd, 000076.850, 159
Trd, 000077.517, 160
Trd, 000078.150, 160
Trd, 000078.233, 161
Trd, 000079.417, 169
Trd, 000079.700, 160
Trd, 000081.083, 162
Trd, 000081.100, 161
Trd, 000081.217, 160
Trd, 000081.600, 160
Trd, 000081.783, 159
Trd, 000082.617, 155
Trd, 000082.867, 149
Trd, 000084.400, 152
Trd, 000084.550, 151
Trd, 000085.200, 152
Trd, 000085.250, 152
Trd, 000086.083, 152
Trd, 000087.000, 168
Trd, 000087.050, 152
Trd, 000088.017, 157
Trd, 000089.233, 159
Trd, 000089.567, 158
Trd, 000090.367, 156
Trd, 000090.817, 156
Trd, 000091.783, 157
Trd, 000091.967, 156
Trd, 000092.017, 158
Trd, 000093.367, 157
Trd, 000093.583, 157
Trd, 000094.300, 156
Trd, 000094.483, 155
Trd, 000094.517, 154
Trd, 000096.417, 156
Trd, 000097.250, 155
Trd, 000097.800, 155
Trd, 000097.817, 151
Trd, 000099.250, 154
Trd, 000099.417, 155
Trd, 000099.717, 154
Trd, 000100.183, 153
Trd, 000100.983, 156
Trd, 000101.183, 162
Trd, 000101.267, 151
Trd, 000102.317, 153
Trd, 000102.783, 160
Trd, 000104.900, 162
Trd, 000105.283, 161
Trd, 000105.800, 162
Trd, 000106.800, 162
Trd, 000106.883, 160
Trd, 000107.250, 160
Trd, 000107.983, 160
Trd, 000108.333, 164
Trd, 000108.833, 163
Trd, 000109.600, 161
Trd, 000109.633, 160
Trd, 000109.800, 159
Trd, 000109.967, 160
Trd, 000111.150, 173
Trd, 000111.233, 176
Trd, 000112.050, 159
Trd, 000112.633, 158
Trd, 000113.533, 156
Trd, 000115.150, 159
Trd, 000115.267, 158
Trd, 000115.717, 159
Trd, 000116.033, 157
Trd, 000116.467, 157
Trd, 000116.533, 159
Trd, 000116.617, 160
Trd, 000116.750, 153
Trd, 000117.350, 152
Trd, 000118.100, 159
Trd, 000118.683, 160
Trd, 000119.300, 162
Trd, 000120.233, 167
Trd, 000120.783, 166
Trd, 000120.867, 165
Trd, 000122.033, 166
Trd, 000122.117, 201
Trd, 000123.800, 205
Trd, 000123.867, 205
Trd, 000123.883, 226
Trd, 000124.250, 285
Trd, 000124.383, 306.0
Trd, 000124.617, 301
Trd, 000125.633, 315
Trd, 000125.883, 315
Trd, 000126.250, 322
Trd, 000126.617, 340.0
Trd, 000127.217, 317.0
Trd, 000127.383, 310
Trd, 000127.533, 331
Trd, 000128.933, 324
Trd, 000129.833, 331
Trd, 000130.067, 338
Trd, 000130.550, 341.0
Trd, 000130.817, 341.0
Trd, 000132.650, 339
Trd, 000132.733, 338
Trd, 000133.417, 340
Trd, 000133.933, 341.0
Trd, 000134.167, 344.0
Trd, 000134.833, 343
Trd, 000135.900, 343
Trd, 000136.217, 344
Trd, 000137.450, 341.0
Trd, 000138.000, 342
Trd, 000138.300, 344
Trd, 000138.567, 341
Trd, 000139.600, 344.0
Trd, 000139.933, 343
Trd, 000140.933, 344
Trd, 000141.133, 343
Trd, 000141.200, 345
Trd, 000141.700, 338
Trd, 000143.050, 346
Trd, 000143.367, 348
Trd, 000144.917, 347
Trd, 000145.117, 346
Trd, 000145.350, 350
Trd, 000146.033, 343
Trd, 000146.617, 348
Trd, 000147.000, 347
Trd, 000148.200, 345.0
Trd, 000148.300, 346
Trd, 000148.883, 345
Trd, 000149.417, 347
Trd, 000150.250, 348
Trd, 000150.500, 347.0
Trd, 000152.133, 346.0
Trd, 000152.650, 347
Trd, 000152.817, 346.0
Trd, 000153.300, 346
Trd, 000153.817, 347
Trd, 000154.350, 347
Trd, 000155.133, 345
Trd, 000155.217, 341.0
Trd, 000156.400, 345
Trd, 000156.533, 349
Trd, 000157.350, 346
Trd, 000158.533, 350
Trd, 000158.783, 356
Trd, 000159.683, 361.0
Trd, 000159.800, 352
Trd, 000161.750, 357
Trd, 000161.917, 353
Trd, 000162.050, 352
Trd, 000162.817, 352
Trd, 000163.150, 351
Trd, 000163.217, 347
Trd, 000164.600, 349
Trd, 000164.700, 348
Trd, 000165.667, 343.0
Trd, 000165.933, 351
Trd, 000166.567, 352
Trd, 000167.383, 343.0
Trd, 000167.767, 337.0
Trd, 000168.583, 349
Trd, 000169.333, 344.0
Trd, 000169.600, 346
Trd, 000170.000, 346
Trd, 000170.533, 343.0
Trd, 000170.633, 341.0
Trd, 000172.117, 342
Trd, 000172.633, 347
Trd, 000172.867, 340
Trd, 000173.183, 347
Trd, 000174.183, 350
Trd, 000175.167, 359
Trd, 000175.917, 356.0
Trd, 000176.917, 357.0
Trd, 000177.267, 355.0
Trd, 000177.933, 347
Trd, 000179.617, 352
Trd, 000179.667, 356
Trd, 000179.900, 347
Trd, 000179.950, 357
Trd, 000181.133, 342.0
Trd, 000181.150, 341.0
Trd, 000181.867, 343
Trd, 000181.950, 337.0
Trd, 000182.067, 331
Trd, 000182.450, 320.0
Trd, 000182.617, 302
Trd, 000182.817, 300
Trd, 000183.000, 273
Trd, 000183.017, 273
Trd, 000183.233, 223
Trd, 000183.500, 211
Trd, 000183.617, 197
Trd, 000184.083, 196
Trd, 000184.233, 197
Trd, 000184.350, 187
Trd, 000185.400, 186
Trd, 000185.500, 181
Trd, 000186.933, 173
Trd, 000188.450, 181
Trd, 000189.700, 162
Trd, 000189.767, 164
Trd, 000190.567, 162
Trd, 000190.950, 162
Trd, 000191.017, 161
Trd, 000192.283, 163
Trd, 000192.483, 163
Trd, 000193.000, 162
Trd, 000193.233, 159
Trd, 000193.250, 162
Trd, 000193.833, 160
Trd, 000194.317, 161
Trd, 000194.433, 163
Trd, 000194.867, 181
Trd, 000196.200, 168
Trd, 000197.100, 169
Trd, 000197.450, 169
Trd, 000198.750, 168
Trd, 000199.017, 169
Trd, 000200.100, 167
Trd, 000200.300, 168
Trd, 000200.683, 167
Trd, 000200.800, 166
Trd, 000201.100, 165
Trd, 000201.433, 161
Trd, 000201.550, 169
Trd, 000202.133, 169
Trd, 000204.683, 168
Trd, 000204.867, 168
Trd, 000204.967, 182
Trd, 000205.700, 172
Trd, 000205.867, 171
Trd, 000206.367, 166
Trd, 000206.400, 165
Trd, 000206.550, 161
Trd, 000207.567, 162
Trd, 000207.650, 171
Trd, 000208.650, 167
Trd, 000209.167, 167
Trd, 000210.483, 165
Trd, 000210.917, 165
Trd, 000211.467, 167
Trd, 000211.883, 167
Trd, 000212.017, 166
Trd, 000212.767, 162
Trd, 000214.000, 165
Trd, 000214.300, 164
Trd, 000214.600, 164
Trd, 000215.017, 164
Trd, 000215.383, 162
Trd, 000215.933, 165
Trd, 000216.483, 165
Trd, 000217.300, 166
Trd, 000217.733, 166
Trd, 000217.767, 166
Trd, 000219.100, 167
Trd, 000219.133, 166
Trd, 000219.567, 167
Trd, 000219.583, 166
Trd, 000219.767, 169
Trd, 000221.600, 172
Trd, 000221.767, 168
Trd, 000221.917, 168
Trd, 000222.983, 176
Trd, 000224.650, 168
Trd, 000224.950, 168
Trd, 000225.283, 168
Trd, 000225.367, 167
Trd, 000225.483, 166
Trd, 000226.150, 166
Trd, 000226.567, 167
Trd, 000227.233, 182
Trd, 000228.050, 182
Trd, 000229.983, 177
Trd, 000230.417, 177
Trd, 000230.450, 176
Trd, 000230.733, 185
Trd, 000231.833, 175
Trd, 000232.617, 170
Trd, 000234.633, 180
Trd, 000234.750, 180
Trd, 000235.067, 178
Trd, 000235.250, 180
Trd, 000236.217, 180
Trd, 000236.633, 179
Trd, 000237.233, 179
Trd, 000237.800, 178
Trd, 000237.983, 179
Trd, 000238.150, 178
Trd, 000238.733, 178
Trd, 000239.100, 177
Trd, 000239.800, 174
Trd, 000240.200, 173
Trd, 000240.600, 171
Trd, 000240.617, 172
Trd, 000241.500, 172
Trd, 000241.600, 171
Trd, 000241.767, 173
Trd, 000241.883, 173
Trd, 000242.533, 173
Trd, 000243.650, 168
Trd, 000244.000, 174
Trd, 000244.400, 166
Trd, 000244.717, 168
Trd, 000246.050, 172
Trd, 000246.200, 173
Trd, 000246.417, 174
Trd, 000246.800, 173
Trd, 000247.467, 179
Trd, 000247.650, 180
Trd, 000248.217, 179
Trd, 000248.500, 177
Trd, 000249.000, 176
Trd, 000249.267, 174
Trd, 000249.883, 175
Trd, 000250.083, 176
Trd, 000250.133, 176
Trd, 000250.733, 174
Trd, 000250.867, 186
Trd, 000252.583, 177
Trd, 000253.767, 176
Trd, 000253.983, 175
Trd, 000254.183, 174
Trd, 000254.417, 177
Trd, 000254.567, 176
Trd, 000255.767, 175
Trd, 000255.867, 176
Trd, 000256.500, 177
Trd, 000256.933, 177
Trd, 000257.500, 176
Trd, 000257.600, 176
Trd, 000257.617, 177
Trd, 000257.733, 176
Trd, 000258.017, 177
Trd, 000258.533, 177
Trd, 000259.183, 175
Trd, 000259.467, 179
Trd, 000260.400, 177
Trd, 000260.500, 173
Trd, 000261.067, 177
Trd, 000262.167, 177
Trd, 000262.467, 178
Trd, 000262.733, 178
Trd, 000263.917, 178
Trd, 000264.117, 181
Trd, 000264.233, 171
Trd, 000264.517, 181
Trd, 000265.200, 177
Trd, 000265.367, 175
Trd, 000265.700, 174
Trd, 000265.783, 177
Trd, 000266.300, 177
Trd, 000266.633, 178
Trd, 000266.700, 173
Trd, 000268.067, 174
Trd, 000268.583, 175
Trd, 000268.967, 177
Trd, 000269.217, 170
Trd, 000269.433, 172
Trd, 000269.467, 168
Trd, 000270.150, 167
Trd, 000270.233, 168
Trd, 000270.583, 169
Trd, 000271.267, 173
Trd, 000271.383, 172
Trd, 000272.367, 172
Trd, 000272.750, 169
Trd, 000272.917, 172
Trd, 000273.283, 172
Trd, 000273.600, 173
Trd, 000273.783, 178
Trd, 000273.917, 173
Trd, 000274.117, 191
Trd, 000274.200, 172
Trd, 000275.167, 171
Trd, 000275.533, 171
Trd, 000276.267, 176
Trd, 000276.450, 175
Trd, 000276.783, 177
Trd, 000277.783, 178
Trd, 000278.900, 176
Trd, 000278.967, 176
Trd, 000279.183, 175
Trd, 000279.583, 174
Trd, 000280.083, 176
Trd, 000280.600, 176
Trd, 000280.867, 174
Trd, 000280.883, 174
Trd, 000281.067, 177
Trd, 000281.217, 179
Trd, 000282.283, 178
Trd, 000283.183, 190
Trd, 000283.583, 184
Trd, 000283.817, 177
Trd, 000284.000, 175
Trd, 000284.967, 171
Trd, 000285.233, 175
Trd, 000285.600, 175
Trd, 000285.833, 180
Trd, 000286.550, 180
Trd, 000286.917, 193
Trd, 000288.050, 187
Trd, 000288.417, 184
Trd, 000288.817, 185
Trd, 000289.083, 186
Trd, 000289.283, 184
Trd, 000289.300, 188
Trd, 000289.517, 183
Trd, 000289.833, 174
Trd, 000290.300, 173
Trd, 000290.650, 187
Trd, 000291.000, 190
Trd, 000291.233, 190
Trd, 000291.850, 190
Trd, 000292.083, 179
Trd, 000293.233, 194
Trd, 000293.650, 178
Trd, 000293.900, 191
Trd, 000294.100, 191
Trd, 000294.400, 189
Trd, 000294.950, 188
Trd, 000295.467, 184
Trd, 000295.650, 183
Trd, 000296.017, 186
Trd, 000296.567, 185
Trd, 000296.700, 186
Trd, 000297.583, 185
Trd, 000298.267, 185
Trd, 000299.117, 181
Trd, 000299.183, 185
Trd, 000299.367, 177
