Trd, 000001.067, 137
Trd, 000002.267, 155
Trd, 000002.300, 118
Trd, 000002.817, 158
Trd, 000003.417, 134
Trd, 000003.850, 150
Trd, 000004.700, 151
Trd, 000005.817, 150
Trd, 000006.050, 150
Trd, 000006.067, 131
Trd, 000006.633, 152
Trd, 000007.733, 145
Trd, 000008.217, 151
Trd, 000008.483, 147
Trd, 000008.700, 148
Trd, 000009.400, 147
Trd, 000009.533, 148
Trd, 000010.167, 154
Trd, 000011.550, 156
Trd, 000011.700, 150
Trd, 000012.450, 158
Trd, 000012.717, 153
Trd, 000012.867, 132
Trd, 000013.917, 146
Trd, 000015.200, 147
Trd, 000016.083, 149
Trd, 000016.250, 146
Trd, 000016.667, 150
Trd, 000016.717, 151
Trd, 000017.200, 135
Trd, 000018.267, 148
Trd, 000018.617, 142
Trd, 000018.933, 141
Trd, 000019.367, 141
Trd, 000020.183, 146
Trd, 000020.317, 139
Trd, 000020.933, 142
Trd, 000021.900, 134
Trd, 000022.083, 139
Trd, 000022.567, 135
Trd, 000023.233, 140
Trd, 000023.333, 143
Trd, 000023.350, 151
Trd, 000024.100, 141
Trd, 000024.317, 149
Trd, 000024.900, 142
Trd, 000027.133, 146
Trd, 000027.350, 146
Trd, 000027.583, 144
Trd, 000029.583, 148
Trd, 000029.883, 144
Trd, 000030.567, 144
Trd, 000031.350, 149
Trd, 000031.833, 150
Trd, 000031.900, 158
Trd, 000033.183, 157
Trd, 000033.617, 151
Trd, 000034.267, 157
Trd, 000034.833, 150
Trd, 000034.917, 148
Trd, 000035.417, 147
Trd, 000035.617, 134
Trd, 000035.700, 157
Trd, 000036.733, 149
Trd, 000037.633, 145
Trd, 000038.500, 147
Trd, 000038.567, 146
Trd, 000039.433, 143
Trd, 000039.600, 140
Trd, 000039.700, 140
Trd, 000040.433, 146
Trd, 000040.850, 148
Trd, 000040.867, 152
Trd, 000042.000, 143
Trd, 000043.700, 159
Trd, 000043.983, 152
Trd, 000044.583, 150
Trd, 000045.233, 160
Trd, 000045.300, 149
Trd, 000045.700, 161
Trd, 000046.150, 161
Trd, 000046.167, 152
Trd, 000046.967, 149
Trd, 000047.067, 148
Trd, 000047.350, 159
Trd, 000047.983, 160
Trd, 000048.900, 141
Trd, 000049.017, 153
Trd, 000049.483, 143
Trd, 000050.967, 147
Trd, 000050.983, 148
Trd, 000051.133, 145
Trd, 000054.017, 145
Trd, 000054.133, 148
Trd, 000055.583, 145
Trd, 000055.900, 147
Trd, 000056.717, 148
Trd, 000056.833, 148
Trd, 000057.033, 144
Trd, 000058.000, 149
Trd, 000058.217, 151
Trd, 000059.667, 150
Trd, 000059.783, 152
Trd, 000060.067, 153
Trd, 000060.117, 146
Trd, 000061.283, 149
Trd, 000061.767, 149
Trd, 000061.817, 147
Trd, 000063.383, 150
Trd, 000063.550, 163
Trd, 000064.100, 150
Trd, 000064.567, 152
Trd, 000064.783, 152
Trd, 000066.183, 150
Trd, 000066.200, 149
Trd, 000067.667, 148
Trd, 000067.733, 147
Trd, 000068.083, 149
Trd, 000068.100, 151
Trd, 000068.467, 145
Trd, 000069.150, 147
Trd, 000069.183, 149
Trd, 000069.750, 151
Trd, 000070.350, 153
Trd, 000071.750, 150
Trd, 000072.233, 149
Trd, 000072.317, 151
Trd, 000073.217, 155
Trd, 000073.817, 162
Trd, 000074.300, 148
Trd, 000074.450, 159
Trd, 000075.717, 146
Trd, 000076.633, 159
Trd, 000076.650, 149
Trd, 000077.950, 152
Trd, 000078.067, 156
Trd, 000078.133, 157
Trd, 000078.817, 158
Trd, 000078.950, 162
Trd, 000079.333, 160
Trd, 000079.417, 158
Trd, 000079.783, 156
Trd, 000080.167, 154
Trd, 000080.683, 166
Trd, 000082.900, 158
Trd, 000083.483, 159
Trd, 000084.200, 159
Trd, 000084.233, 172
Trd, 000084.550, 177
Trd, 000084.900, 157
Trd, 000085.100, 155
Trd, 000085.567, 151
Trd, 000086.217, 165
Trd, 000086.700, 175
Trd, 000087.167, 160
Trd, 000088.933, 161
Trd, 000089.467, 163
Trd, 000090.383, 163
Trd, 000090.583, 160
Trd, 000090.600, 167
Trd, 000091.083, 160
Trd, 000091.367, 159
Trd, 000091.550, 153
Trd, 000091.767, 144
Trd, 000092.300, 160
Trd, 000093.300, 159
Trd, 000094.167, 166
Trd, 000095.267, 152
Trd, 000095.633, 151
Trd, 000096.050, 160
Trd, 000096.617, 159
Trd, 000096.900, 160
Trd, 000096.950, 151
Trd, 000097.583, 153
Trd, 000099.483, 155
Trd, 000099.950, 159
Trd, 000100.383, 159
Trd, 000100.567, 155
Trd, 000100.583, 154
Trd, 000102.217, 152
Trd, 000102.450, 148
Trd, 000103.217, 159
Trd, 000103.317, 160
Trd, 000103.467, 161
Trd, 000104.133, 150
Trd, 000105.800, 162
Trd, 000105.867, 153
Trd, 000107.283, 163
Trd, 000107.783, 158
Trd, 000108.217, 156
Trd, 000108.433, 164
Trd, 000109.800, 159
Trd, 000110.167, 157
Trd, 000111.767, 163
Trd, 000111.850, 160
Trd, 000112.017, 158
Trd, 000113.167, 158
Trd, 000113.283, 155
Trd, 000113.633, 155
Trd, 000114.667, 156
Trd, 000114.883, 155
Trd, 000115.333, 158
Trd, 000115.667, 159
Trd, 000116.233, 155
Trd, 000117.267, 148
Trd, 000117.367, 160
Trd, 000117.400, 132
Trd, 000117.450, 160
Trd, 000117.567, 166
Trd, 000118.100, 146
Trd, 000118.533, 140
Trd, 000119.400, 146
Trd, 000120.517, 148
Trd, 000120.733, 151
Trd, 000120.817, 166
Trd, 000121.000, 163
Trd, 000121.383, 167
Trd, 000121.833, 168
Trd, 000122.133, 179
Trd, 000123.417, 198
Trd, 000123.850, 224
Trd, 000124.017, 293
Trd, 000124.300, 300.0
Trd, 000124.317, 310.0
Trd, 000125.267, 327.0
Trd, 000126.217, 344.0
Trd, 000126.783, 341
Trd, 000127.083, 340
Trd, 000127.217, 338.0
Trd, 000127.883, 339
Trd, 000128.100, 345
Trd, 000128.433, 348
Trd, 000128.717, 349
Trd, 000129.133, 340.0
Trd, 000130.117, 339.0
Trd, 000130.900, 337
Trd, 000132.617, 344
Trd, 000133.150, 350
Trd, 000133.800, 337
Trd, 000134.567, 341
Trd, 000134.700, 337.0
Trd, 000134.900, 331.0
Trd, 000136.250, 330
Trd, 000136.883, 329
Trd, 000137.867, 344
Trd, 000138.000, 344.0
Trd, 000138.967, 342
Trd, 000139.233, 340
Trd, 000141.700, 343
Trd, 000141.917, 343
Trd, 000143.450, 342
Trd, 000144.183, 345
Trd, 000144.567, 341
Trd, 000144.650, 347
Trd, 000145.317, 337.0
Trd, 000146.000, 336
Trd, 000147.033, 337
Trd, 000147.583, 344.0
Trd, 000148.500, 339.0
Trd, 000149.217, 344
Trd, 000149.283, 344.0
Trd, 000149.300, 355.0
Trd, 000149.750, 344
Trd, 000150.500, 341.0
Trd, 000150.733, 337.0
Trd, 000151.950, 332
Trd, 000153.600, 335.0
Trd, 000153.633, 342
Trd, 000154.717, 349
Trd, 000155.050, 337.0
Trd, 000155.333, 337.0
Trd, 000156.050, 350
Trd, 000156.167, 349
Trd, 000156.817, 348
Trd, 000156.917, 331.0
Trd, 000157.083, 351
Trd, 000157.550, 355
Trd, 000157.817, 339.0
Trd, 000160.050, 343.0
Trd, 000160.233, 337.0
Trd, 000162.583, 338
Trd, 000163.433, 338
Trd, 000164.417, 344.0
Trd, 000164.633, 343
Trd, 000164.883, 350
Trd, 000164.983, 354.0
Trd, 000165.133, 353
Trd, 000165.417, 340.0
Trd, 000165.850, 339.0
Trd, 000165.967, 337.0
Trd, 000166.467, 331.0
Trd, 000167.050, 338
Trd, 000168.667, 339
Trd, 000169.867, 337.0
Trd, 000170.350, 340
Trd, 000170.933, 341
Trd, 000171.267, 342
Trd, 000171.433, 341
Trd, 000171.900, 344.0
Trd, 000172.633, 344
Trd, 000172.850, 341
Trd, 000173.000, 349
Trd, 000173.467, 355.0
Trd, 000174.183, 341
Trd, 000174.533, 337.0
Trd, 000176.250, 353
Trd, 000177.333, 346
Trd, 000178.000, 350
Trd, 000178.333, 351
Trd, 000178.567, 352
Trd, 000179.050, 353
Trd, 000179.450, 345
Trd, 000179.717, 345.0
Trd, 000180.450, 349
Trd, 000180.600, 344.0
Trd, 000181.217, 332.0
Trd, 000181.717, 331.0
Trd, 000181.933, 353
Trd, 000182.233, 337.0
Trd, 000182.450, 326
Trd, 000182.650, 320.0
Trd, 000183.367, 310.0
Trd, 000183.667, 306.0
Trd, 000183.833, 299
Trd, 000184.217, 223
Trd, 000184.400, 189
Trd, 000184.617, 187
Trd, 000185.200, 186
Trd, 000185.283, 176
Trd, 000185.833, 162
Trd, 000187.483, 158
Trd, 000187.800, 157
Trd, 000188.067, 154
Trd, 000188.350, 162
Trd, 000188.500, 163
Trd, 000188.533, 174
Trd, 000189.733, 161
Trd, 000190.417, 160
Trd, 000190.817, 161
Trd, 000191.000, 156
Trd, 000191.600, 162
Trd, 000192.133, 155
Trd, 000192.217, 140
Trd, 000192.533, 130
Trd, 000193.650, 163
Trd, 000193.683, 164
Trd, 000194.517, 163
Trd, 000195.533, 161
Trd, 000195.817, 163
Trd, 000196.167, 160
Trd, 000196.483, 164
Trd, 000197.933, 165
Trd, 000198.833, 164
Trd, 000199.333, 167
Trd, 000199.600, 178
Trd, 000200.783, 172
Trd, 000201.033, 171
Trd, 000201.117, 182
Trd, 000201.833, 178
Trd, 000201.950, 169
Trd, 000202.417, 176
Trd, 000203.000, 177
Trd, 000204.000, 169
Trd, 000207.617, 174
Trd, 000207.817, 173
Trd, 000208.033, 174
Trd, 000208.267, 173
Trd, 000208.333, 177
Trd, 000208.983, 174
Trd, 000209.050, 169
Trd, 000209.133, 158
Trd, 000209.650, 163
Trd, 000210.300, 157
Trd, 000210.717, 166
Trd, 000211.683, 158
Trd, 000212.700, 157
Trd, 000212.767, 165
Trd, 000212.883, 165
Trd, 000213.833, 160
Trd, 000214.850, 158
Trd, 000214.983, 156
Trd, 000216.000, 165
Trd, 000216.267, 169
Trd, 000217.300, 159
Trd, 000218.283, 164
Trd, 000218.600, 162
Trd, 000218.900, 166
Trd, 000219.033, 168
Trd, 000219.250, 162
Trd, 000219.633, 162
Trd, 000220.150, 168
Trd, 000221.183, 166
Trd, 000221.683, 161
Trd, 000221.767, 159
Trd, 000222.600, 156
Trd, 000223.867, 158
Trd, 000225.183, 163
Trd, 000226.100, 165
Trd, 000227.750, 166
Trd, 000227.767, 167
Trd, 000228.000, 165
Trd, 000228.550, 163
Trd, 000229.467, 167
Trd, 000229.650, 167
Trd, 000230.817, 165
Trd, 000231.133, 161
Trd, 000231.233, 169
Trd, 000232.633, 171
Trd, 000234.233, 168
Trd, 000234.333, 166
Trd, 000234.683, 160
Trd, 000235.667, 161
Trd, 000235.683, 155
Trd, 000235.800, 157
Trd, 000235.900, 143
Trd, 000236.583, 165
Trd, 000236.800, 164
Trd, 000237.100, 167
Trd, 000237.117, 172
Trd, 000237.733, 178
Trd, 000238.167, 181
Trd, 000238.533, 182
Trd, 000238.633, 167
Trd, 000240.067, 168
Trd, 000240.500, 174
Trd, 000241.100, 179
Trd, 000241.300, 179
Trd, 000241.317, 180
Trd, 000241.433, 182
Trd, 000242.017, 185
Trd, 000242.200, 184
Trd, 000242.450, 183
Trd, 000243.333, 180
Trd, 000243.367, 180
Trd, 000243.733, 181
Trd, 000244.233, 179
Trd, 000244.367, 168
Trd, 000244.933, 179
Trd, 000245.117, 169
Trd, 000245.233, 168
Trd, 000245.483, 178
Trd, 000245.600, 186
Trd, 000245.783, 165
Trd, 000247.067, 182
Trd, 000247.433, 182
Trd, 000247.483, 181
Trd, 000247.550, 178
Trd, 000248.100, 180
Trd, 000248.400, 186
Trd, 000249.583, 180
Trd, 000249.667, 181
Trd, 000249.683, 183
Trd, 000249.717, 183
Trd, 000250.783, 187
Trd, 000251.183, 178
Trd, 000251.350, 172
Trd, 000252.200, 172
Trd, 000253.283, 182
Trd, 000253.333, 183
Trd, 000253.417, 182
Trd, 000254.183, 179
Trd, 000254.433, 181
Trd, 000255.233, 182
Trd, 000255.617, 179
Trd, 000255.933, 183
Trd, 000256.067, 177
Trd, 000256.733, 180
Trd, 000257.300, 175
Trd, 000257.667, 174
Trd, 000257.700, 180
Trd, 000258.033, 181
Trd, 000259.100, 171
Trd, 000260.200, 174
Trd, 000260.400, 171
Trd, 000261.017, 175
Trd, 000261.133, 174
Trd, 000261.217, 171
Trd, 000261.317, 175
Trd, 000261.567, 184
Trd, 000262.517, 172
Trd, 000262.783, 174
Trd, 000262.883, 175
Trd, 000262.933, 170
Trd, 000263.233, 168
Trd, 000263.283, 164
Trd, 000263.400, 176
Trd, 000265.017, 171
Trd, 000265.217, 168
Trd, 000265.600, 176
Trd, 000267.083, 176
Trd, 000267.183, 177
Trd, 000267.250, 181
Trd, 000268.250, 174
Trd, 000268.317, 172
Trd, 000268.600, 171
Trd, 000268.667, 164
Trd, 000268.983, 147
Trd, 000269.617, 164
Trd, 000270.200, 163
Trd, 000271.317, 168
Trd, 000271.550, 169
Trd, 000271.683, 182
Trd, 000272.167, 178
Trd, 000272.283, 173
Trd, 000272.900, 185
Trd, 000273.200, 188
Trd, 000273.267, 186
Trd, 000273.817, 185
Trd, 000274.217, 189
Trd, 000275.017, 190
Trd, 000275.200, 191
Trd, 000275.733, 192
Trd, 000276.650, 192
Trd, 000276.767, 188
Trd, 000278.117, 190
Trd, 000279.267, 189
Trd, 000279.300, 190
Trd, 000279.533, 186
Trd, 000280.683, 188
Trd, 000281.050, 186
Trd, 000281.133, 183
Trd, 000281.550, 172
Trd, 000281.833, 159
Trd, 000282.100, 187
Trd, 000282.333, 188
Trd, 000282.650, 186
Trd, 000282.683, 190
Trd, 000282.883, 189
Trd, 000283.283, 189
Trd, 000284.100, 178
Trd, 000284.300, 181
Trd, 000284.683, 186
Trd, 000284.850, 165
Trd, 000286.050, 161
Trd, 000286.133, 173
Trd, 000286.600, 173
Trd, 000286.683, 186
Trd, 000286.883, 173
Trd, 000286.967, 171
Trd, 000287.967, 181
Trd, 000287.983, 181
Trd, 000288.233, 179
Trd, 000288.267, 180
Trd, 000288.350, 184
Trd, 000288.450, 190
Trd, 000288.983, 187
Trd, 000289.467, 180
Trd, 000289.767, 179
Trd, 000290.350, 178
Trd, 000291.083, 185
Trd, 000291.100, 187
Trd, 000291.617, 188
Trd, 000292.000, 169
Trd, 000292.717, 173
Trd, 000292.750, 178
Trd, 000293.167, 166
Trd, 000293.367, 167
Trd, 000293.733, 178
Trd, 000294.633, 177
Trd, 000295.217, 178
Trd, 000295.800, 179
Trd, 000296.133, 184
Trd, 000296.517, 188
Trd, 000296.717, 177
Trd, 000296.950, 193
Trd, 000297.067, 177
Trd, 000297.300, 175
Trd, 000298.050, 192
Trd, 000298.100, 171
Trd, 000299.083, 187
Trd, 000299.167, 188
Trd, 000299.700, 189
Trd, 000299.750, 188
