Trd, 000000.767, 124
Trd, 000003.250, 164
Trd, 000003.500, 158
Trd, 000003.817, 171
Trd, 000004.500, 152
Trd, 000005.150, 157
Trd, 000005.200, 161
Trd, 000005.650, 153
Trd, 000005.883, 161
Trd, 000007.867, 153
Trd, 000008.100, 148
Trd, 000008.917, 149
Trd, 000009.617, 147
Trd, 000009.733, 150
Trd, 000010.317, 149
Trd, 000010.600, 146
Trd, 000011.217, 147
Trd, 000011.483, 146
Trd, 000012.200, 146
Trd, 000012.417, 146
Trd, 000012.600, 145
Trd, 000012.933, 147
Trd, 000013.650, 149
Trd, 000013.750, 151
Trd, 000016.433, 148
Trd, 000017.433, 151
Trd, 000017.800, 151
Trd, 000018.017, 151
Trd, 000019.050, 151
Trd, 000019.150, 152
Trd, 000019.633, 153
Trd, 000019.750, 154
Trd, 000020.200, 164
Trd, 000022.350, 154
Trd, 000022.833, 158
Trd, 000023.483, 159
Trd, 000023.733, 158
Trd, 000024.567, 165
Trd, 000024.600, 155
Trd, 000025.300, 149
Trd, 000025.600, 164
Trd, 000026.067, 164
Trd, 000028.300, 151
Trd, 000028.650, 152
Trd, 000029.050, 154
Trd, 000029.317, 151
Trd, 000029.617, 158
Trd, 000030.133, 150
Trd, 000030.150, 147
Trd, 000030.967, 152
Trd, 000031.617, 157
Trd, 000031.817, 158
Trd, 000033.183, 152
Trd, 000033.367, 157
Trd, 000033.567, 154
Trd, 000034.667, 155
Trd, 000034.950, 157
Trd, 000035.100, 158
Trd, 000035.617, 156
Trd, 000035.650, 157
Trd, 000037.117, 158
Trd, 000037.300, 165
Trd, 000037.617, 156
Trd, 000038.917, 160
Trd, 000039.250, 157
Trd, 000039.783, 156
Trd, 000040.233, 156
Trd, 000040.417, 149
Trd, 000041.717, 155
Trd, 000041.883, 154
Trd, 000041.983, 155
Trd, 000042.200, 153
Trd, 000043.450, 158
Trd, 000044.433, 154
Trd, 000044.633, 155
Trd, 000044.867, 154
Trd, 000045.400, 153
Trd, 000045.550, 152
Trd, 000047.333, 152
Trd, 000048.083, 148
Trd, 000048.667, 152
Trd, 000048.733, 153
Trd, 000049.000, 152
Trd, 000049.083, 149
Trd, 000049.100, 146
Trd, 000051.083, 150
Trd, 000051.983, 150
Trd, 000052.117, 148
Trd, 000052.317, 152
Trd, 000053.850, 146
Trd, 000054.217, 138
Trd, 000054.533, 144
Trd, 000055.417, 146
Trd, 000055.600, 153
Trd, 000056.050, 153
Trd, 000056.067, 153
Trd, 000058.300, 154
Trd, 000058.417, 153
Trd, 000059.283, 152
Trd, 000059.367, 151
Trd, 000060.500, 154
Trd, 000061.167, 153
Trd, 000061.667, 155
Trd, 000063.250, 155
Trd, 000063.667, 153
Trd, 000063.933, 154
Trd, 000064.050, 156
Trd, 000064.233, 156
Trd, 000065.400, 157
Trd, 000065.567, 154
Trd, 000067.267, 157
Trd, 000067.450, 152
Trd, 000067.867, 162
Trd, 000068.217, 131
Trd, 000069.067, 163
Trd, 000069.483, 164
Trd, 000070.283, 155
Trd, 000070.867, 154
Trd, 000072.350, 158
Trd, 000072.433, 156
Trd, 000073.267, 159
Trd, 000074.217, 157
Trd, 000074.717, 158
Trd, 000075.233, 156
Trd, 000075.983, 154
Trd, 000076.017, 155
Trd, 000076.817, 155
Trd, 000077.183, 155
Trd, 000078.050, 154
Trd, 000079.067, 160
Trd, 000080.067, 154
Trd, 000080.183, 152
Trd, 000080.383, 159
Trd, 000080.700, 152
Trd, 000081.833, 156
Trd, 000082.017, 154
Trd, 000082.150, 155
Trd, 000082.950, 152
Trd, 000083.583, 153
Trd, 000083.900, 151
Trd, 000084.900, 154
Trd, 000086.233, 155
Trd, 000086.650, 155
Trd, 000087.283, 156
Trd, 000087.783, 154
Trd, 000088.767, 157
Trd, 000088.900, 164
Trd, 000090.033, 154
Trd, 000090.550, 166
Trd, 000091.450, 159
Trd, 000091.750, 164
Trd, 000092.500, 158
Trd, 000093.200, 155
Trd, 000093.933, 137
Trd, 000094.383, 159
Trd, 000096.350, 156
Trd, 000097.167, 155
Trd, 000097.700, 156
Trd, 000097.850, 157
Trd, 000097.933, 156
Trd, 000098.683, 171
Trd, 000099.183, 159
Trd, 000100.967, 163
Trd, 000102.283, 163
Trd, 000102.450, 164
Trd, 000102.900, 163
Trd, 000103.133, 162
Trd, 000103.200, 165
Trd, 000104.650, 162
Trd, 000104.800, 160
Trd, 000105.967, 156
Trd, 000107.117, 159
Trd, 000107.567, 159
Trd, 000107.883, 158
Trd, 000108.683, 165
Trd, 000110.850, 160
Trd, 000111.150, 161
Trd, 000111.333, 161
Trd, 000112.350, 164
Trd, 000113.467, 165
Trd, 000114.000, 162
Trd, 000114.050, 155
Trd, 000114.100, 149
Trd, 000114.733, 153
Trd, 000115.417, 153
Trd, 000115.733, 156
Trd, 000116.400, 152
Trd, 000117.850, 158
Trd, 000118.250, 159
Trd, 000118.650, 157
Trd, 000118.700, 157
Trd, 000120.017, 165
Trd, 000120.583, 174
Trd, 000121.100, 171
Trd, 000121.367, 175
Trd, 000121.617, 171
Trd, 000121.933, 180
Trd, 000122.233, 197
Trd, 000122.250, 205
Trd, 000123.233, 208
Trd, 000123.400, 198
Trd, 000123.633, 198
Trd, 000125.350, 303.0
Trd, 000125.650, 313
Trd, 000125.667, 324.0
Trd, 000127.000, 331.0
Trd, 000127.367, 341.0
Trd, 000127.817, 337
Trd, 000128.583, 344
Trd, 000129.083, 346
Trd, 000129.617, 338
Trd, 000132.350, 346.0
Trd, 000132.833, 347
Trd, 000133.033, 348.0
Trd, 000133.650, 345
Trd, 000134.100, 346
Trd, 000134.183, 354
Trd, 000134.983, 346
Trd, 000135.183, 355
Trd, 000135.967, 351
Trd, 000138.017, 352
Trd, 000138.133, 353
Trd, 000138.233, 353
Trd, 000139.117, 350
Trd, 000140.033, 351
Trd, 000140.750, 349
Trd, 000140.800, 348
Trd, 000141.267, 347
Trd, 000141.317, 347
Trd, 000142.400, 347
Trd, 000142.700, 351
Trd, 000143.433, 344.0
Trd, 000143.850, 344
Trd, 000145.950, 347
Trd, 000146.117, 344
Trd, 000146.217, 344.0
Trd, 000146.267, 347
Trd, 000147.983, 342
Trd, 000148.800, 340
Trd, 000149.067, 333
Trd, 000149.317, 342
Trd, 000151.400, 340
Trd, 000151.450, 338
Trd, 000151.750, 341.0
Trd, 000151.917, 348.0
Trd, 000152.083, 351.0
Trd, 000152.967, 344.0
Trd, 000154.900, 350
Trd, 000155.317, 348
Trd, 000156.733, 348
Trd, 000156.967, 349
Trd, 000158.200, 348
Trd, 000159.483, 345
Trd, 000159.650, 344
Trd, 000160.033, 345.0
Trd, 000160.617, 345
Trd, 000160.733, 345
Trd, 000161.417, 344.0
Trd, 000161.467, 345
Trd, 000162.200, 348.0
Trd, 000162.317, 345
Trd, 000162.400, 341
Trd, 000163.850, 350.0
Trd, 000165.350, 361
Trd, 000165.517, 349.0
Trd, 000165.533, 347
Trd, 000165.850, 345.0
Trd, 000166.017, 355
Trd, 000168.067, 347
Trd, 000168.517, 346
Trd, 000169.500, 349
Trd, 000170.483, 346
Trd, 000170.650, 345
Trd, 000170.883, 349
Trd, 000171.917, 345.0
Trd, 000172.417, 345.0
Trd, 000174.233, 345.0
Trd, 000175.283, 344.0
Trd, 000175.600, 346
Trd, 000175.750, 354
Trd, 000178.017, 346
Trd, 000179.050, 344.0
Trd, 000180.433, 344
Trd, 000180.683, 348
Trd, 000180.767, 349
Trd, 000181.767, 344
Trd, 000182.050, 343
Trd, 000182.517, 341
Trd, 000182.867, 330
Trd, 000183.000, 327.0
Trd, 000183.083, 320.0
Trd, 000183.317, 308
Trd, 000183.417, 303.0
Trd, 000183.567, 228
Trd, 000184.583, 180
Trd, 000185.683, 203
Trd, 000185.800, 202
Trd, 000186.583, 200
Trd, 000187.767, 188
Trd, 000188.533, 187
Trd, 000189.200, 183
Trd, 000191.383, 178
Trd, 000191.700, 178
Trd, 000192.333, 175
Trd, 000192.800, 175
Trd, 000193.100, 172
Trd, 000193.433, 173
Trd, 000193.583, 176
Trd, 000193.650, 179
Trd, 000193.733, 181
Trd, 000194.683, 175
Trd, 000194.950, 171
Trd, 000196.950, 170
Trd, 000197.150, 171
Trd, 000197.167, 171
Trd, 000197.283, 172
Trd, 000197.317, 170
Trd, 000198.017, 169
Trd, 000198.383, 172
Trd, 000200.383, 174
Trd, 000200.817, 175
Trd, 000201.567, 175
Trd, 000202.550, 174
Trd, 000203.483, 173
Trd, 000203.633, 173
Trd, 000203.817, 175
Trd, 000204.083, 169
Trd, 000205.283, 169
Trd, 000205.417, 171
Trd, 000205.667, 172
Trd, 000206.017, 170
Trd, 000206.217, 174
Trd, 000206.517, 169
Trd, 000208.050, 171
Trd, 000208.117, 172
Trd, 000209.283, 168
Trd, 000210.483, 172
Trd, 000210.833, 172
Trd, 000211.383, 170
Trd, 000212.050, 173
Trd, 000212.300, 171
Trd, 000213.467, 171
Trd, 000214.117, 182
Trd, 000216.350, 173
Trd, 000216.750, 173
Trd, 000216.867, 172
Trd, 000217.350, 171
Trd, 000218.467, 171
Trd, 000218.517, 173
Trd, 000219.767, 170
Trd, 000219.850, 170
Trd, 000220.300, 168
Trd, 000221.667, 168
Trd, 000221.750, 176
Trd, 000223.267, 172
Trd, 000223.567, 171
Trd, 000223.900, 169
Trd, 000223.917, 170
Trd, 000224.133, 154
Trd, 000224.267, 171
Trd, 000224.883, 173
Trd, 000225.083, 173
Trd, 000226.833, 177
Trd, 000228.633, 174
Trd, 000228.717, 175
Trd, 000228.867, 170
Trd, 000229.983, 172
Trd, 000230.267, 173
Trd, 000230.333, 171
Trd, 000230.767, 173
Trd, 000231.033, 172
Trd, 000231.550, 172
Trd, 000231.917, 178
Trd, 000232.067, 171
Trd, 000233.450, 170
Trd, 000233.800, 167
Trd, 000235.550, 174
Trd, 000236.450, 171
Trd, 000236.500, 170
Trd, 000236.750, 173
Trd, 000237.083, 171
Trd, 000238.300, 169
Trd, 000238.850, 172
Trd, 000239.550, 169
Trd, 000240.117, 171
Trd, 000240.517, 172
Trd, 000240.617, 172
Trd, 000240.950, 174
Trd, 000241.083, 175
Trd, 000241.667, 172
Trd, 000241.833, 171
Trd, 000242.517, 174
Trd, 000242.917, 172
Trd, 000243.050, 170
Trd, 000243.383, 170
Trd, 000244.067, 170
Trd, 000244.300, 173
Trd, 000244.400, 172
Trd, 000244.817, 173
Trd, 000245.600, 174
Trd, 000245.700, 171
Trd, 000246.017, 172
Trd, 000246.200, 172
Trd, 000247.033, 172
Trd, 000248.117, 175
Trd, 000248.217, 177
Trd, 000248.917, 177
Trd, 000249.050, 178
Trd, 000249.617, 176
Trd, 000250.217, 177
Trd, 000250.817, 176
Trd, 000251.267, 175
Trd, 000251.683, 169
Trd, 000252.400, 167
Trd, 000252.750, 168
Trd, 000253.133, 171
Trd, 000253.150, 177
Trd, 000253.533, 171
Trd, 000253.800, 173
Trd, 000254.033, 173
Trd, 000254.933, 172
Trd, 000255.450, 170
Trd, 000256.400, 169
Trd, 000256.983, 169
Trd, 000257.417, 170
Trd, 000257.633, 170
Trd, 000257.750, 169
Trd, 000257.850, 170
Trd, 000258.017, 173
Trd, 000258.317, 174
Trd, 000258.333, 180
Trd, 000259.100, 173
Trd, 000259.950, 175
Trd, 000260.183, 183
Trd, 000260.333, 181
Trd, 000261.317, 182
Trd, 000261.883, 179
Trd, 000262.117, 179
Trd, 000262.233, 181
Trd, 000263.117, 178
Trd, 000263.583, 177
Trd, 000263.883, 181
Trd, 000264.650, 177
Trd, 000265.200, 177
Trd, 000265.633, 175
Trd, 000266.667, 174
Trd, 000266.750, 174
Trd, 000267.600, 174
Trd, 000268.250, 173
Trd, 000268.317, 175
Trd, 000268.800, 173
Trd, 000269.533, 174
Trd, 000270.017, 177
Trd, 000270.050, 173
Trd, 000270.533, 171
Trd, 000270.650, 178
Trd, 000271.167, 178
Trd, 000271.333, 178
Trd, 000272.383, 176
Trd, 000272.400, 177
Trd, 000272.750, 173
Trd, 000272.833, 175
Trd, 000273.100, 181
Trd, 000274.550, 189
Trd, 000274.700, 184
Trd, 000274.817, 192
Trd, 000275.500, 187
Trd, 000276.567, 183
Trd, 000277.233, 183
Trd, 000277.867, 183
Trd, 000277.967, 185
Trd, 000278.917, 181
Trd, 000279.133, 179
Trd, 000279.667, 179
Trd, 000280.117, 180
Trd, 000280.217, 178
Trd, 000280.383, 184
Trd, 000280.933, 174
Trd, 000281.217, 181
Trd, 000281.583, 180
Trd, 000281.833, 173
Trd, 000282.083, 182
Trd, 000282.500, 176
Trd, 000282.550, 175
Trd, 000282.883, 174
Trd, 000283.150, 168
Trd, 000283.600, 176
Trd, 000284.100, 177
Trd, 000284.800, 177
Trd, 000284.817, 179
Trd, 000285.750, 190
Trd, 000286.083, 186
Trd, 000286.283, 194
Trd, 000286.750, 189
Trd, 000287.017, 188
Trd, 000287.450, 186
Trd, 000287.650, 187
Trd, 000288.133, 193
Trd, 000288.600, 194
Trd, 000289.267, 191
Trd, 000289.567, 188
Trd, 000289.617, 186
Trd, 000290.450, 194
Trd, 000290.500, 194
Trd, 000291.200, 184
Trd, 000291.283, 187
Trd, 000291.617, 188
Trd, 000291.700, 183
Trd, 000292.617, 193
Trd, 000292.817, 175
Trd, 000293.183, 182
Trd, 000293.217, 191
Trd, 000293.633, 186
Trd, 000295.400, 182
Trd, 000295.567, 183
Trd, 000295.933, 183
Trd, 000296.400, 179
Trd, 000296.833, 176
Trd, 000296.933, 176
Trd, 000297.300, 174
Trd, 000297.717, 182
Trd, 000298.400, 177
Trd, 000299.217, 178
Trd, 000299.300, 181
Trd, 000299.500, 179
Trd, 000299.900, 182
