Trd, 000003.250, 172
Trd, 000003.583, 159
Trd, 000004.250, 164
Trd, 000005.200, 145
Trd, 000006.183, 146
Trd, 000007.100, 147
Trd, 000007.167, 151
Trd, 000007.200, 151
Trd, 000007.800, 157
Trd, 000007.883, 150
Trd, 000008.533, 152
Trd, 000009.033, 151
Trd, 000012.150, 152
Trd, 000012.250, 154
Trd, 000012.667, 150
Trd, 000012.833, 154
Trd, 000013.483, 159
Trd, 000013.600, 164
Trd, 000014.217, 159
Trd, 000014.567, 159
Trd, 000015.933, 161
Trd, 000016.700, 163
Trd, 000016.933, 164
Trd, 000017.083, 162
Trd, 000017.217, 156
Trd, 000019.233, 161
Trd, 000019.667, 161
Trd, 000020.567, 160
Trd, 000020.867, 164
Trd, 000021.383, 165
Trd, 000021.717, 159
Trd, 000021.900, 167
Trd, 000022.633, 159
Trd, 000022.983, 160
Trd, 000023.317, 157
Trd, 000023.917, 142
Trd, 000025.183, 142
Trd, 000025.933, 165
Trd, 000027.450, 147
Trd, 000028.400, 152
Trd, 000029.017, 157
Trd, 000030.100, 157
Trd, 000030.633, 158
Trd, 000031.017, 160
Trd, 000031.083, 161
Trd, 000031.617, 166
Trd, 000031.717, 160
Trd, 000032.483, 162
Trd, 000032.850, 166
Trd, 000033.183, 168
Trd, 000033.267, 161
Trd, 000034.100, 175
Trd, 000034.200, 161
Trd, 000034.300, 158
Trd, 000035.900, 140
Trd, 000036.117, 160
Trd, 000036.200, 137
Trd, 000036.917, 128
Trd, 000037.133, 158
Trd, 000037.567, 155
Trd, 000037.867, 155
Trd, 000041.683, 156
Trd, 000041.783, 156
Trd, 000042.317, 158
Trd, 000043.567, 157
Trd, 000043.633, 153
Trd, 000043.967, 152
Trd, 000044.133, 160
Trd, 000045.017, 146
Trd, 000045.183, 161
Trd, 000045.217, 162
Trd, 000045.750, 144
Trd, 000047.433, 149
Trd, 000048.117, 149
Trd, 000048.800, 155
Trd, 000048.850, 156
Trd, 000049.533, 151
Trd, 000049.600, 158
Trd, 000049.767, 157
Trd, 000051.017, 154
Trd, 000051.117, 161
Trd, 000052.667, 157
Trd, 000052.750, 158
Trd, 000052.800, 167
Trd, 000052.850, 157
Trd, 000053.750, 158
Trd, 000055.450, 161
Trd, 000056.850, 161
Trd, 000057.083, 160
Trd, 000057.117, 163
Trd, 000058.283, 161
Trd, 000058.350, 162
Trd, 000058.717, 161
Trd, 000058.917, 163
Trd, 000059.917, 160
Trd, 000060.433, 161
Trd, 000060.733, 161
Trd, 000061.700, 162
Trd, 000062.600, 161
Trd, 000063.400, 160
Trd, 000064.217, 154
Trd, 000064.233, 153
Trd, 000064.333, 164
Trd, 000067.100, 165
Trd, 000067.333, 158
Trd, 000068.383, 161
Trd, 000068.867, 165
Trd, 000069.267, 164
Trd, 000069.783, 163
Trd, 000070.083, 165
Trd, 000071.600, 165
Trd, 000072.033, 166
Trd, 000072.117, 168
Trd, 000073.233, 163
Trd, 000073.817, 163
Trd, 000074.483, 165
Trd, 000074.650, 162
Trd, 000074.767, 162
Trd, 000075.017, 166
Trd, 000075.750, 175
Trd, 000076.117, 173
Trd, 000076.967, 182
Trd, 000077.317, 156
Trd, 000078.283, 149
Trd, 000078.417, 186
Trd, 000078.617, 142
Trd, 000080.150, 155
Trd, 000082.317, 156
Trd, 000082.667, 159
Trd, 000084.100, 160
Trd, 000084.500, 158
Trd, 000084.883, 156
Trd, 000085.383, 158
Trd, 000085.617, 159
Trd, 000085.750, 147
Trd, 000086.867, 147
Trd, 000088.467, 152
Trd, 000088.967, 151
Trd, 000089.350, 152
Trd, 000089.400, 152
Trd, 000089.950, 153
Trd, 000090.117, 152
Trd, 000090.833, 174
Trd, 000091.000, 177
Trd, 000091.850, 155
Trd, 000092.667, 156
Trd, 000092.967, 153
Trd, 000093.733, 158
Trd, 000094.833, 150
Trd, 000095.550, 165
Trd, 000095.733, 166
Trd, 000095.800, 167
Trd, 000095.850, 176
Trd, 000097.100, 152
Trd, 000097.900, 163
Trd, 000098.117, 160
Trd, 000098.617, 164
Trd, 000098.700, 169
Trd, 000100.250, 167
Trd, 000100.900, 150
Trd, 000101.000, 166
Trd, 000102.350, 164
Trd, 000102.467, 165
Trd, 000103.783, 165
Trd, 000104.217, 168
Trd, 000104.317, 166
Trd, 000104.450, 169
Trd, 000104.767, 164
Trd, 000105.200, 171
Trd, 000105.700, 173
Trd, 000107.433, 174
Trd, 000108.100, 174
Trd, 000108.683, 173
Trd, 000109.950, 172
Trd, 000110.250, 168
Trd, 000110.567, 151
Trd, 000110.650, 175
Trd, 000111.950, 162
Trd, 000115.000, 162
Trd, 000115.283, 163
Trd, 000115.450, 164
Trd, 000115.850, 165
Trd, 000115.867, 173
Trd, 000116.817, 168
Trd, 000117.167, 168
Trd, 000119.000, 167
Trd, 000120.183, 168
Trd, 000120.400, 168
Trd, 000120.650, 169
Trd, 000120.967, 170
Trd, 000121.167, 174
Trd, 000121.617, 167
Trd, 000121.883, 161
Trd, 000121.917, 177
Trd, 000122.250, 180
Trd, 000122.967, 163
Trd, 000123.650, 191
Trd, 000124.233, 201
Trd, 000124.417, 201
Trd, 000124.583, 173
Trd, 000124.717, 300.0
Trd, 000125.183, 303.0
Trd, 000125.750, 332
Trd, 000125.850, 333
Trd, 000125.967, 347
Trd, 000126.100, 319
Trd, 000126.567, 356.0
Trd, 000127.183, 352
Trd, 000127.417, 353
Trd, 000127.600, 353
Trd, 000127.683, 354.0
Trd, 000129.417, 356
Trd, 000129.750, 355
Trd, 000129.783, 356.0
Trd, 000130.667, 340.0
Trd, 000131.433, 356.0
Trd, 000132.100, 352
Trd, 000133.350, 351.0
Trd, 000133.433, 348.0
Trd, 000134.567, 351.0
Trd, 000135.117, 349.0
Trd, 000135.300, 339
Trd, 000136.850, 340
Trd, 000136.983, 338
Trd, 000138.750, 337.0
Trd, 000139.717, 346
Trd, 000139.950, 345
Trd, 000139.967, 340.0
Trd, 000140.517, 343
Trd, 000141.400, 343.0
Trd, 000141.567, 341.0
Trd, 000141.750, 339
Trd, 000142.700, 344
Trd, 000143.583, 346
Trd, 000145.517, 347
Trd, 000146.400, 351
Trd, 000146.483, 351
Trd, 000146.517, 352
Trd, 000147.083, 353.0
Trd, 000147.100, 354.0
Trd, 000147.550, 358.0
Trd, 000149.300, 355
Trd, 000149.467, 354
Trd, 000149.550, 349
Trd, 000149.983, 358.0
Trd, 000150.533, 336.0
Trd, 000151.117, 344
Trd, 000151.600, 334.0
Trd, 000152.250, 335
Trd, 000152.583, 316
Trd, 000153.183, 351
Trd, 000154.850, 342
Trd, 000154.967, 348
Trd, 000155.867, 346
Trd, 000155.933, 346
Trd, 000156.517, 346
Trd, 000156.550, 344
Trd, 000157.933, 343
Trd, 000158.217, 347
Trd, 000158.717, 344
Trd, 000158.817, 362
Trd, 000159.567, 351
Trd, 000160.000, 351
Trd, 000161.383, 349
Trd, 000161.733, 352.0
Trd, 000162.550, 353
Trd, 000162.833, 353
Trd, 000163.500, 355.0
Trd, 000163.867, 355
Trd, 000163.967, 357.0
Trd, 000165.250, 356
Trd, 000165.900, 340
Trd, 000166.733, 351
Trd, 000167.017, 353
Trd, 000167.400, 350
Trd, 000167.633, 348
Trd, 000167.717, 358.0
Trd, 000168.250, 363
Trd, 000169.450, 357
Trd, 000171.017, 355.0
Trd, 000171.133, 356.0
Trd, 000171.267, 358.0
Trd, 000171.717, 339
Trd, 000172.283, 358
Trd, 000172.750, 334.0
Trd, 000174.167, 358
Trd, 000175.267, 356
Trd, 000175.583, 355
Trd, 000175.733, 353
Trd, 000175.950, 352
Trd, 000176.100, 352
Trd, 000176.617, 351
Trd, 000176.783, 358.0
Trd, 000178.050, 363
Trd, 000178.783, 358.0
Trd, 000179.750, 353
Trd, 000180.217, 355
Trd, 000180.367, 354
Trd, 000181.267, 353
Trd, 000182.183, 350
Trd, 000182.217, 339
Trd, 000182.233, 334.0
Trd, 000183.200, 311
Trd, 000183.817, 309
Trd, 000184.100, 300.0
Trd, 000184.450, 322
Trd, 000185.067, 321
Trd, 000185.100, 290
Trd, 000185.383, 214
Trd, 000185.483, 211
Trd, 000185.533, 204
Trd, 000185.733, 197
Trd, 000186.750, 202
Trd, 000187.467, 192
Trd, 000188.050, 203
Trd, 000188.600, 184
Trd, 000189.017, 179
Trd, 000189.533, 180
Trd, 000189.667, 173
Trd, 000190.017, 187
Trd, 000190.567, 192
Trd, 000191.450, 192
Trd, 000192.383, 193
Trd, 000192.650, 194
Trd, 000192.900, 193
Trd, 000194.433, 180
Trd, 000195.433, 184
Trd, 000195.750, 184
Trd, 000196.117, 184
Trd, 000197.083, 157
Trd, 000198.033, 154
Trd, 000198.117, 158
Trd, 000198.300, 154
Trd, 000198.350, 178
Trd, 000200.233, 184
Trd, 000200.900, 169
Trd, 000201.450, 169
Trd, 000202.617, 169
Trd, 000203.017, 167
Trd, 000203.450, 167
Trd, 000204.483, 170
Trd, 000204.683, 171
Trd, 000205.783, 183
Trd, 000206.150, 170
Trd, 000206.350, 159
Trd, 000206.467, 185
Trd, 000207.800, 164
Trd, 000208.017, 164
Trd, 000208.983, 165
Trd, 000209.150, 179
Trd, 000209.617, 165
Trd, 000210.267, 172
Trd, 000211.333, 166
Trd, 000212.850, 179
Trd, 000212.883, 177
Trd, 000212.917, 176
Trd, 000213.817, 183
Trd, 000216.367, 183
Trd, 000216.433, 185
Trd, 000216.467, 178
Trd, 000218.350, 187
Trd, 000218.533, 179
Trd, 000218.883, 187
Trd, 000219.400, 178
Trd, 000220.700, 163
Trd, 000221.083, 171
Trd, 000221.817, 183
Trd, 000222.300, 174
Trd, 000222.750, 175
Trd, 000222.900, 179
Trd, 000223.850, 180
Trd, 000224.567, 181
Trd, 000225.050, 182
Trd, 000226.083, 181
Trd, 000226.817, 179
Trd, 000227.300, 180
Trd, 000227.450, 179
Trd, 000227.600, 178
Trd, 000228.033, 183
Trd, 000228.917, 181
Trd, 000230.083, 178
Trd, 000230.833, 165
Trd, 000232.300, 173
Trd, 000232.867, 174
Trd, 000232.967, 164
Trd, 000234.183, 171
Trd, 000236.267, 173
Trd, 000236.317, 172
Trd, 000236.333, 181
Trd, 000237.417, 186
Trd, 000238.567, 189
Trd, 000238.950, 181
Trd, 000239.483, 190
Trd, 000240.133, 180
Trd, 000240.467, 179
Trd, 000240.717, 175
Trd, 000241.200, 176
Trd, 000241.450, 177
Trd, 000241.967, 176
Trd, 000242.067, 175
Trd, 000242.100, 178
Trd, 000242.783, 178
Trd, 000243.583, 176
Trd, 000243.700, 176
Trd, 000243.817, 175
Trd, 000243.867, 179
Trd, 000244.683, 177
Trd, 000244.933, 176
Trd, 000245.183, 177
Trd, 000245.567, 178
Trd, 000246.450, 178
Trd, 000247.267, 178
Trd, 000247.367, 177
Trd, 000247.517, 176
Trd, 000248.150, 177
Trd, 000248.550, 180
Trd, 000249.400, 180
Trd, 000249.450, 183
Trd, 000249.683, 178
Trd, 000250.367, 165
Trd, 000250.517, 181
Trd, 000250.617, 187
Trd, 000250.633, 159
Trd, 000252.867, 185
Trd, 000253.117, 184
Trd, 000253.333, 182
Trd, 000253.867, 185
Trd, 000254.033, 179
Trd, 000254.767, 188
Trd, 000255.117, 180
Trd, 000255.650, 181
Trd, 000255.900, 179
Trd, 000256.267, 183
Trd, 000257.150, 179
Trd, 000257.400, 181
Trd, 000257.783, 184
Trd, 000258.350, 182
Trd, 000258.900, 183
Trd, 000258.933, 187
Trd, 000258.983, 182
Trd, 000259.850, 181
Trd, 000261.250, 182
Trd, 000261.283, 181
Trd, 000262.250, 183
Trd, 000262.267, 181
Trd, 000262.600, 183
Trd, 000263.000, 179
Trd, 000263.167, 174
Trd, 000263.500, 174
Trd, 000264.250, 175
Trd, 000264.750, 174
Trd, 000265.117, 172
Trd, 000265.183, 170
Trd, 000265.600, 167
Trd, 000265.783, 167
Trd, 000266.383, 178
Trd, 000266.700, 178
Trd, 000267.283, 179
Trd, 000267.467, 179
Trd, 000268.267, 184
Trd, 000268.533, 177
Trd, 000269.350, 181
Trd, 000269.517, 185
Trd, 000269.733, 177
Trd, 000269.883, 189
Trd, 000270.067, 181
Trd, 000270.200, 176
Trd, 000270.717, 176
Trd, 000271.000, 176
Trd, 000272.783, 182
Trd, 000272.817, 181
Trd, 000272.833, 184
Trd, 000273.300, 178
Trd, 000273.517, 178
Trd, 000274.233, 163
Trd, 000274.650, 169
Trd, 000274.867, 168
Trd, 000275.533, 170
Trd, 000276.067, 173
Trd, 000277.000, 174
Trd, 000277.167, 176
Trd, 000277.350, 178
Trd, 000277.683, 178
Trd, 000277.900, 177
Trd, 000278.850, 186
Trd, 000278.950, 190
Trd, 000279.867, 186
Trd, 000280.383, 187
Trd, 000280.517, 187
Trd, 000281.033, 185
Trd, 000281.317, 185
Trd, 000281.417, 184
Trd, 000281.900, 186
Trd, 000282.950, 186
Trd, 000283.200, 189
Trd, 000283.217, 190
Trd, 000284.000, 183
Trd, 000284.033, 189
Trd, 000284.333, 193
Trd, 000284.917, 195
Trd, 000284.983, 191
Trd, 000285.317, 193
Trd, 000286.017, 190
Trd, 000286.817, 191
Trd, 000286.950, 191
Trd, 000287.250, 190
Trd, 000287.467, 190
Trd, 000287.900, 192
Trd, 000287.933, 187
Trd, 000288.167, 183
Trd, 000289.100, 181
Trd, 000289.417, 192
Trd, 000290.500, 179
Trd, 000291.067, 182
Trd, 000291.117, 177
Trd, 000291.483, 190
Trd, 000291.583, 192
Trd, 000291.767, 182
Trd, 000292.567, 187
Trd, 000293.433, 180
Trd, 000293.917, 169
Trd, 000294.850, 186
Trd, 000295.033, 180
Trd, 000295.350, 179
Trd, 000295.600, 188
Trd, 000296.250, 183
Trd, 000296.917, 186
Trd, 000297.150, 186
Trd, 000297.200, 185
Trd, 000297.250, 175
Trd, 000297.367, 192
Trd, 000297.383, 197
Trd, 000297.433, 201
Trd, 000298.350, 197
Trd, 000298.817, 181
Trd, 000299.200, 187
Trd, 000299.867, 179
