Trd, 000002.483, 152
Trd, 000002.700, 151
Trd, 000002.817, 149
Trd, 000003.800, 163
Trd, 000003.917, 155
Trd, 000004.733, 154
Trd, 000004.967, 162
Trd, 000005.100, 163
Trd, 000005.150, 154
Trd, 000005.250, 148
Trd, 000006.100, 153
Trd, 000006.317, 145
Trd, 000007.950, 153
Trd, 000009.133, 151
Trd, 000009.217, 149
Trd, 000009.417, 143
Trd, 000009.533, 151
Trd, 000009.567, 134
Trd, 000010.417, 132
Trd, 000010.883, 135
Trd, 000011.167, 134
Trd, 000011.383, 134
Trd, 000011.817, 135
Trd, 000012.883, 143
Trd, 000012.967, 145
Trd, 000013.767, 145
Trd, 000015.733, 143
Trd, 000015.917, 143
Trd, 000016.150, 145
Trd, 000016.217, 145
Trd, 000016.433, 142
Trd, 000016.883, 156
Trd, 000018.100, 159
Trd, 000018.333, 166
Trd, 000019.317, 162
Trd, 000019.550, 164
Trd, 000019.667, 162
Trd, 000020.017, 163
Trd, 000020.233, 161
Trd, 000020.383, 165
Trd, 000020.400, 166
Trd, 000021.300, 158
Trd, 000022.100, 163
Trd, 000023.083, 159
Trd, 000024.317, 159
Trd, 000024.433, 158
Trd, 000025.200, 156
Trd, 000025.333, 156
Trd, 000025.783, 156
Trd, 000025.983, 150
Trd, 000026.067, 144
Trd, 000026.633, 154
Trd, 000028.700, 152
Trd, 000029.833, 154
Trd, 000029.983, 154
Trd, 000030.050, 156
Trd, 000030.400, 153
Trd, 000031.967, 155
Trd, 000032.467, 156
Trd, 000032.717, 153
Trd, 000032.833, 152
Trd, 000032.850, 155
Trd, 000032.933, 151
Trd, 000033.783, 150
Trd, 000034.317, 151
Trd, 000034.833, 150
Trd, 000034.933, 158
Trd, 000035.050, 149
Trd, 000036.050, 148
Trd, 000036.300, 146
Trd, 000037.417, 139
Trd, 000037.533, 149
Trd, 000038.633, 149
Trd, 000039.100, 153
Trd, 000039.533, 150
Trd, 000039.933, 167
Trd, 000040.350, 151
Trd, 000040.617, 156
Trd, 000041.800, 154
Trd, 000042.700, 152
Trd, 000042.733, 151
Trd, 000042.950, 151
Trd, 000043.117, 150
Trd, 000044.217, 151
Trd, 000044.300, 150
Trd, 000044.500, 151
Trd, 000044.633, 150
Trd, 000045.750, 147
Trd, 000045.850, 150
Trd, 000046.767, 159
Trd, 000047.833, 159
Trd, 000047.917, 159
Trd, 000048.600, 160
Trd, 000048.750, 159
Trd, 000049.533, 159
Trd, 000049.617, 152
Trd, 000050.267, 159
Trd, 000050.950, 156
Trd, 000052.150, 157
Trd, 000052.967, 157
Trd, 000053.117, 156
Trd, 000053.617, 160
Trd, 000054.250, 169
Trd, 000055.850, 159
Trd, 000056.650, 161
Trd, 000056.667, 160
Trd, 000057.017, 160
Trd, 000057.300, 161
Trd, 000057.333, 159
Trd, 000057.683, 160
Trd, 000058.250, 162
Trd, 000059.217, 161
Trd, 000059.733, 160
Trd, 000059.983, 159
Trd, 000060.600, 159
Trd, 000061.717, 155
Trd, 000062.883, 150
Trd, 000063.167, 149
Trd, 000063.283, 154
Trd, 000063.333, 155
Trd, 000064.717, 137
Trd, 000066.050, 146
Trd, 000066.667, 148
Trd, 000066.967, 148
Trd, 000067.083, 147
Trd, 000067.333, 146
Trd, 000067.500, 147
Trd, 000067.783, 146
Trd, 000068.750, 145
Trd, 000068.800, 147
Trd, 000069.983, 145
Trd, 000070.400, 146
Trd, 000070.817, 148
Trd, 000071.433, 147
Trd, 000071.833, 148
Trd, 000072.167, 151
Trd, 000072.217, 147
Trd, 000073.450, 150
Trd, 000073.917, 150
Trd, 000074.083, 168
Trd, 000075.583, 165
Trd, 000075.833, 164
Trd, 000076.167, 164
Trd, 000078.317, 168
Trd, 000078.400, 167
Trd, 000078.700, 173
Trd, 000078.717, 183
Trd, 000079.567, 166
Trd, 000080.650, 169
Trd, 000080.717, 169
Trd, 000080.883, 167
Trd, 000081.817, 167
Trd, 000082.150, 166
Trd, 000082.733, 164
Trd, 000083.267, 163
Trd, 000083.417, 165
Trd, 000083.733, 167
Trd, 000085.133, 164
Trd, 000085.433, 163
Trd, 000086.217, 166
Trd, 000086.883, 165
Trd, 000088.167, 161
Trd, 000088.617, 165
Trd, 000089.450, 165
Trd, 000090.050, 165
Trd, 000090.383, 164
Trd, 000090.617, 165
Trd, 000090.850, 162
Trd, 000090.900, 161
Trd, 000091.250, 163
Trd, 000091.450, 135
Trd, 000092.817, 152
Trd, 000093.183, 152
Trd, 000093.367, 150
Trd, 000093.783, 152
Trd, 000094.050, 153
Trd, 000094.550, 161
Trd, 000094.867, 152
Trd, 000095.783, 161
Trd, 000097.017, 157
Trd, 000097.833, 158
Trd, 000097.900, 163
Trd, 000098.917, 163
Trd, 000099.167, 161
Trd, 000099.300, 160
Trd, 000101.150, 165
Trd, 000101.483, 158
Trd, 000102.783, 161
Trd, 000102.883, 160
Trd, 000103.933, 159
Trd, 000104.067, 158
Trd, 000104.717, 159
Trd, 000105.233, 160
Trd, 000105.633, 158
Trd, 000105.783, 159
Trd, 000105.883, 157
Trd, 000106.633, 165
Trd, 000106.650, 192
Trd, 000106.967, 166
Trd, 000107.800, 163
Trd, 000107.867, 166
Trd, 000108.467, 186
Trd, 000110.950, 175
Trd, 000111.183, 175
Trd, 000111.583, 170
Trd, 000111.767, 170
Trd, 000112.017, 170
Trd, 000112.933, 170
Trd, 000113.333, 169
Trd, 000113.517, 172
Trd, 000114.167, 169
Trd, 000114.967, 169
Trd, 000115.200, 168
Trd, 000116.133, 166
Trd, 000116.450, 156
Trd, 000117.100, 154
Trd, 000117.650, 145
Trd, 000118.267, 167
Trd, 000118.950, 153
Trd, 000119.950, 162
Trd, 000121.133, 160
Trd, 000121.217, 161
Trd, 000121.483, 161
Trd, 000121.550, 177
Trd, 000121.583, 189
Trd, 000121.633, 161
Trd, 000121.883, 157
Trd, 000122.017, 213
Trd, 000122.667, 236
Trd, 000122.950, 237
Trd, 000123.050, 277
Trd, 000123.500, 331.0
Trd, 000123.817, 337
Trd, 000125.533, 331
Trd, 000125.933, 334.0
Trd, 000125.983, 330
Trd, 000126.250, 337
Trd, 000127.000, 342
Trd, 000127.100, 343
Trd, 000127.367, 341
Trd, 000127.817, 355.0
Trd, 000129.750, 353
Trd, 000129.867, 365.0
Trd, 000130.567, 345
Trd, 000130.717, 344
Trd, 000130.900, 343
Trd, 000131.067, 343
Trd, 000132.950, 355
Trd, 000133.033, 352
Trd, 000133.150, 353
Trd, 000134.117, 347
Trd, 000135.550, 352
Trd, 000135.883, 351
Trd, 000135.933, 354.0
Trd, 000136.367, 353
Trd, 000136.483, 352
Trd, 000136.633, 354
Trd, 000136.933, 343
Trd, 000137.350, 341
Trd, 000137.950, 354
Trd, 000138.450, 341
Trd, 000138.900, 337.0
Trd, 000139.167, 336.0
Trd, 000139.400, 324
Trd, 000140.917, 346
Trd, 000141.500, 345
Trd, 000141.800, 345
Trd, 000143.167, 334.0
Trd, 000143.783, 337
Trd, 000143.800, 338
Trd, 000144.850, 333
Trd, 000145.333, 330.0
Trd, 000145.550, 331.0
Trd, 000145.883, 343
Trd, 000146.033, 331
Trd, 000146.200, 342
Trd, 000147.600, 351.0
Trd, 000148.567, 365.0
Trd, 000148.967, 360
Trd, 000149.617, 345
Trd, 000149.800, 345
Trd, 000150.917, 356.0
Trd, 000151.000, 355.0
Trd, 000151.167, 354
Trd, 000151.317, 355.0
Trd, 000151.450, 352
Trd, 000151.883, 359
Trd, 000151.950, 352
Trd, 000152.117, 359
Trd, 000153.683, 351
Trd, 000155.000, 352
Trd, 000155.633, 352
Trd, 000156.117, 349.0
Trd, 000157.033, 351.0
Trd, 000157.117, 354.0
Trd, 000158.333, 352.0
Trd, 000159.117, 354
Trd, 000159.467, 352
Trd, 000159.583, 355.0
Trd, 000159.600, 351
Trd, 000160.483, 350
Trd, 000160.867, 350
Trd, 000161.750, 349
Trd, 000162.350, 349.0
Trd, 000163.067, 351
Trd, 000163.383, 352
Trd, 000163.433, 350.0
Trd, 000164.050, 348.0
Trd, 000164.733, 347
Trd, 000164.950, 345
Trd, 000165.433, 355.0
Trd, 000165.517, 355
Trd, 000167.033, 348
Trd, 000167.283, 350
Trd, 000167.400, 349
Trd, 000167.500, 345
Trd, 000168.050, 346
Trd, 000168.250, 344
Trd, 000170.050, 344
Trd, 000170.133, 345
Trd, 000170.317, 343
Trd, 000171.167, 345
Trd, 000172.267, 348
Trd, 000172.783, 347
Trd, 000173.400, 347
Trd, 000173.633, 355.0
Trd, 000175.150, 359
Trd, 000176.083, 357.0
Trd, 000176.500, 356.0
Trd, 000176.683, 355.0
Trd, 000177.550, 356
Trd, 000177.950, 356
Trd, 000177.983, 365.0
Trd, 000178.850, 364
Trd, 000179.700, 359
Trd, 000179.800, 357
Trd, 000180.417, 359
Trd, 000181.567, 359
Trd, 000181.983, 357
Trd, 000182.050, 358.0
Trd, 000182.833, 353
Trd, 000183.167, 336
Trd, 000183.233, 334.0
Trd, 000183.500, 317.0
Trd, 000183.550, 281
Trd, 000183.650, 273
Trd, 000184.400, 282
Trd, 000185.183, 243
Trd, 000185.750, 179
Trd, 000185.800, 178
Trd, 000186.533, 201
Trd, 000187.217, 189
Trd, 000188.283, 201
Trd, 000188.483, 194
Trd, 000188.667, 188
Trd, 000190.333, 189
Trd, 000191.167, 192
Trd, 000191.317, 190
Trd, 000191.800, 187
Trd, 000193.617, 186
Trd, 000193.733, 183
Trd, 000193.817, 179
Trd, 000194.483, 182
Trd, 000195.267, 180
Trd, 000195.317, 175
Trd, 000195.567, 174
Trd, 000196.000, 179
Trd, 000197.617, 172
Trd, 000198.533, 172
Trd, 000198.767, 169
Trd, 000199.150, 169
Trd, 000199.800, 169
Trd, 000200.250, 168
Trd, 000200.383, 170
Trd, 000200.700, 175
Trd, 000201.317, 171
Trd, 000201.800, 174
Trd, 000203.483, 172
Trd, 000203.833, 173
Trd, 000204.667, 171
Trd, 000204.833, 170
Trd, 000206.117, 161
Trd, 000206.217, 161
Trd, 000206.483, 161
Trd, 000206.767, 161
Trd, 000207.117, 162
Trd, 000207.500, 163
Trd, 000207.750, 163
Trd, 000208.300, 163
Trd, 000208.600, 164
Trd, 000208.617, 166
Trd, 000209.017, 165
Trd, 000209.317, 163
Trd, 000210.250, 175
Trd, 000210.883, 176
Trd, 000211.533, 170
Trd, 000211.833, 170
Trd, 000212.167, 169
Trd, 000212.567, 176
Trd, 000212.583, 164
Trd, 000213.250, 170
Trd, 000213.983, 166
Trd, 000216.117, 173
Trd, 000216.167, 174
Trd, 000216.250, 175
Trd, 000216.383, 176
Trd, 000216.517, 172
Trd, 000217.700, 176
Trd, 000217.717, 170
Trd, 000217.933, 176
Trd, 000218.650, 175
Trd, 000218.917, 176
Trd, 000219.067, 177
Trd, 000219.733, 179
Trd, 000220.467, 178
Trd, 000220.700, 178
Trd, 000222.217, 179
Trd, 000223.383, 179
Trd, 000223.600, 180
Trd, 000224.050, 179
Trd, 000224.100, 179
Trd, 000224.217, 178
Trd, 000224.767, 172
Trd, 000225.600, 177
Trd, 000225.767, 173
Trd, 000226.250, 173
Trd, 000226.417, 176
Trd, 000227.517, 176
Trd, 000228.933, 177
Trd, 000229.467, 181
Trd, 000229.867, 180
Trd, 000230.183, 178
Trd, 000230.333, 178
Trd, 000230.383, 181
Trd, 000231.650, 178
Trd, 000232.633, 176
Trd, 000232.983, 172
Trd, 000233.533, 171
Trd, 000233.950, 172
Trd, 000234.117, 174
Trd, 000234.683, 166
Trd, 000234.933, 169
Trd, 000235.083, 171
Trd, 000235.150, 172
Trd, 000236.267, 171
Trd, 000236.950, 173
Trd, 000237.600, 173
Trd, 000237.817, 173
Trd, 000239.017, 170
Trd, 000239.383, 167
Trd, 000240.750, 181
Trd, 000241.000, 184
Trd, 000241.050, 186
Trd, 000241.383, 186
Trd, 000241.517, 185
Trd, 000242.000, 185
Trd, 000242.033, 183
Trd, 000242.083, 186
Trd, 000242.333, 187
Trd, 000243.917, 187
Trd, 000244.067, 184
Trd, 000244.367, 182
Trd, 000245.400, 181
Trd, 000245.417, 181
Trd, 000245.867, 188
Trd, 000245.967, 183
Trd, 000246.217, 178
Trd, 000246.683, 180
Trd, 000247.633, 179
Trd, 000248.067, 182
Trd, 000248.183, 178
Trd, 000249.017, 181
Trd, 000249.150, 179
Trd, 000249.717, 177
Trd, 000249.917, 180
Trd, 000250.133, 180
Trd, 000250.217, 182
Trd, 000251.200, 183
Trd, 000251.317, 178
Trd, 000253.050, 178
Trd, 000253.900, 176
Trd, 000253.917, 179
Trd, 000254.433, 180
Trd, 000254.867, 176
Trd, 000255.583, 177
Trd, 000256.033, 177
Trd, 000256.350, 176
Trd, 000256.433, 179
Trd, 000257.050, 180
Trd, 000257.150, 180
Trd, 000258.083, 180
Trd, 000258.117, 181
Trd, 000258.183, 184
Trd, 000258.650, 180
Trd, 000258.700, 177
Trd, 000260.017, 184
Trd, 000260.300, 185
Trd, 000260.733, 184
Trd, 000260.900, 182
Trd, 000261.250, 182
Trd, 000261.483, 182
Trd, 000261.600, 180
Trd, 000261.750, 177
Trd, 000262.150, 169
Trd, 000263.350, 172
Trd, 000263.650, 171
Trd, 000263.683, 175
Trd, 000264.133, 174
Trd, 000264.750, 169
Trd, 000265.883, 173
Trd, 000266.150, 172
Trd, 000266.300, 173
Trd, 000266.483, 171
Trd, 000266.983, 169
Trd, 000267.067, 168
Trd, 000267.250, 173
Trd, 000268.233, 175
Trd, 000268.533, 171
Trd, 000268.717, 179
Trd, 000268.983, 182
Trd, 000269.050, 185
Trd, 000269.483, 186
Trd, 000269.517, 177
Trd, 000269.983, 187
Trd, 000271.033, 185
Trd, 000271.167, 184
Trd, 000272.267, 183
Trd, 000272.500, 183
Trd, 000273.833, 183
Trd, 000274.167, 182
Trd, 000274.367, 178
Trd, 000275.283, 181
Trd, 000275.567, 180
Trd, 000275.667, 181
Trd, 000275.683, 180
Trd, 000275.717, 182
Trd, 000276.550, 178
Trd, 000277.017, 180
Trd, 000278.683, 180
Trd, 000279.200, 181
Trd, 000279.367, 186
Trd, 000279.467, 179
Trd, 000279.883, 183
Trd, 000281.483, 181
Trd, 000281.817, 181
Trd, 000282.250, 181
Trd, 000282.317, 182
Trd, 000282.367, 183
Trd, 000282.983, 182
Trd, 000283.767, 181
Trd, 000284.267, 181
Trd, 000284.750, 182
Trd, 000284.967, 176
Trd, 000285.117, 183
Trd, 000285.367, 160
Trd, 000285.967, 173
Trd, 000286.183, 174
Trd, 000286.283, 170
Trd, 000286.617, 184
Trd, 000286.633, 180
Trd, 000287.183, 179
Trd, 000287.517, 179
Trd, 000288.000, 181
Trd, 000288.200, 182
Trd, 000289.433, 182
Trd, 000289.650, 183
Trd, 000290.067, 184
Trd, 000290.083, 181
Trd, 000290.200, 180
Trd, 000290.650, 182
Trd, 000291.900, 184
Trd, 000291.950, 180
Trd, 000292.400, 185
Trd, 000292.533, 187
Trd, 000292.800, 188
Trd, 000292.883, 180
Trd, 000293.417, 192
Trd, 000293.683, 193
Trd, 000294.417, 191
Trd, 000295.133, 182
Trd, 000295.283, 181
Trd, 000296.100, 182
Trd, 000296.717, 185
Trd, 000296.750, 181
Trd, 000297.050, 180
Trd, 000297.517, 182
Trd, 000298.050, 195
Trd, 000298.617, 187
Trd, 000298.833, 188
Trd, 000299.083, 186
Trd, 000299.300, 187
