Trd, 000001.700, 152
Trd, 000004.350, 168
Trd, 000004.500, 167
Trd, 000005.417, 162
Trd, 000005.550, 144
Trd, 000005.800, 161
Trd, 000006.333, 150
Trd, 000006.617, 156
Trd, 000007.617, 152
Trd, 000008.417, 152
Trd, 000008.550, 144
Trd, 000010.350, 150
Trd, 000010.433, 149
Trd, 000011.200, 149
Trd, 000011.400, 148
Trd, 000011.483, 153
Trd, 000012.633, 147
Trd, 000014.567, 148
Trd, 000014.900, 146
Trd, 000015.400, 147
Trd, 000015.467, 147
Trd, 000015.500, 146
Trd, 000015.683, 147
Trd, 000016.717, 147
Trd, 000018.067, 152
Trd, 000018.817, 152
Trd, 000020.117, 151
Trd, 000020.217, 150
Trd, 000020.917, 156
Trd, 000021.083, 157
Trd, 000022.067, 157
Trd, 000022.233, 155
Trd, 000022.333, 160
Trd, 000023.717, 158
Trd, 000024.100, 157
Trd, 000024.533, 164
Trd, 000024.950, 161
Trd, 000026.150, 160
Trd, 000027.350, 144
Trd, 000028.817, 157
Trd, 000029.150, 157
Trd, 000029.517, 159
Trd, 000030.050, 157
Trd, 000030.183, 158
Trd, 000030.500, 156
Trd, 000030.650, 158
Trd, 000031.183, 158
Trd, 000032.500, 156
Trd, 000032.683, 158
Trd, 000033.150, 157
Trd, 000034.150, 155
Trd, 000034.667, 154
Trd, 000035.333, 153
Trd, 000036.917, 153
Trd, 000036.983, 151
Trd, 000037.200, 150
Trd, 000037.800, 152
Trd, 000039.117, 149
Trd, 000039.867, 149
Trd, 000040.300, 149
Trd, 000040.383, 148
Trd, 000040.567, 150
Trd, 000041.333, 150
Trd, 000041.817, 150
Trd, 000042.400, 153
Trd, 000043.533, 166
Trd, 000043.617, 169
Trd, 000043.700, 146
Trd, 000044.883, 155
Trd, 000045.817, 153
Trd, 000047.183, 155
Trd, 000047.867, 154
Trd, 000048.300, 152
Trd, 000049.317, 153
Trd, 000049.383, 154
Trd, 000050.400, 153
Trd, 000050.750, 151
Trd, 000051.650, 152
Trd, 000052.567, 150
Trd, 000052.783, 151
Trd, 000053.183, 149
Trd, 000053.383, 151
Trd, 000053.400, 147
Trd, 000054.600, 160
Trd, 000055.383, 153
Trd, 000056.183, 154
Trd, 000058.167, 154
Trd, 000058.367, 161
Trd, 000058.933, 153
Trd, 000059.050, 147
Trd, 000059.417, 154
Trd, 000060.600, 147
Trd, 000060.850, 148
Trd, 000061.383, 150
Trd, 000062.617, 150
Trd, 000062.700, 150
Trd, 000063.500, 154
Trd, 000064.083, 153
Trd, 000064.450, 154
Trd, 000064.783, 153
Trd, 000065.267, 168
Trd, 000065.450, 165
Trd, 000065.750, 166
Trd, 000067.083, 164
Trd, 000068.217, 160
Trd, 000069.000, 148
Trd, 000069.083, 165
Trd, 000069.267, 142
Trd, 000069.383, 171
Trd, 000069.533, 169
Trd, 000071.333, 172
Trd, 000072.233, 170
Trd, 000072.583, 170
Trd, 000073.000, 168
Trd, 000073.517, 167
Trd, 000073.800, 168
Trd, 000074.167, 152
Trd, 000075.050, 164
Trd, 000076.283, 158
Trd, 000076.617, 159
Trd, 000077.550, 161
Trd, 000078.833, 161
Trd, 000079.550, 164
Trd, 000080.733, 166
Trd, 000080.833, 165
Trd, 000081.067, 166
Trd, 000081.967, 166
Trd, 000082.950, 166
Trd, 000083.450, 166
Trd, 000083.767, 167
Trd, 000083.817, 168
Trd, 000084.167, 165
Trd, 000085.533, 165
Trd, 000086.333, 165
Trd, 000087.300, 164
Trd, 000088.650, 160
Trd, 000088.783, 161
Trd, 000089.050, 152
Trd, 000089.283, 150
Trd, 000090.033, 151
Trd, 000090.050, 161
Trd, 000091.067, 158
Trd, 000091.600, 157
Trd, 000091.667, 157
Trd, 000092.550, 158
Trd, 000092.917, 156
Trd, 000093.583, 156
Trd, 000094.533, 156
Trd, 000095.833, 158
Trd, 000096.000, 157
Trd, 000096.550, 159
Trd, 000098.117, 158
Trd, 000098.300, 158
Trd, 000100.350, 159
Trd, 000100.667, 158
Trd, 000101.033, 156
Trd, 000101.467, 158
Trd, 000101.700, 158
Trd, 000101.883, 157
Trd, 000102.000, 155
Trd, 000102.583, 154
Trd, 000103.000, 156
Trd, 000104.650, 156
Trd, 000105.883, 175
Trd, 000106.517, 174
Trd, 000107.150, 176
Trd, 000107.650, 175
Trd, 000108.617, 175
Trd, 000109.350, 176
Trd, 000109.733, 179
Trd, 000110.150, 178
Trd, 000110.217, 175
Trd, 000110.317, 173
Trd, 000110.533, 178
Trd, 000110.950, 155
Trd, 000111.250, 177
Trd, 000112.683, 155
Trd, 000113.983, 169
Trd, 000115.600, 167
Trd, 000116.300, 167
Trd, 000116.583, 170
Trd, 000117.167, 170
Trd, 000117.600, 172
Trd, 000118.017, 174
Trd, 000118.633, 170
Trd, 000119.417, 171
Trd, 000119.583, 169
Trd, 000120.717, 158
Trd, 000120.900, 168
Trd, 000121.017, 169
Trd, 000122.217, 169
Trd, 000122.250, 167
Trd, 000123.033, 182
Trd, 000123.233, 183
Trd, 000123.800, 208
Trd, 000123.833, 317.0
Trd, 000124.733, 336
Trd, 000125.067, 345
Trd, 000126.250, 343
Trd, 000126.450, 343
Trd, 000126.833, 330.0
Trd, 000127.233, 329.0
Trd, 000128.483, 330.0
Trd, 000129.800, 331.0
Trd, 000130.200, 355.0
Trd, 000130.250, 331.0
Trd, 000130.583, 331.0
Trd, 000132.033, 344
Trd, 000132.483, 345
Trd, 000132.750, 341.0
Trd, 000134.100, 341
Trd, 000134.250, 337
Trd, 000134.383, 337
Trd, 000135.317, 337
Trd, 000135.800, 337
Trd, 000137.033, 340
Trd, 000137.450, 334.0
Trd, 000137.717, 340
Trd, 000137.983, 331
Trd, 000138.517, 342
Trd, 000139.000, 364.0
Trd, 000139.200, 341.0
Trd, 000139.617, 336
Trd, 000140.100, 343
Trd, 000141.233, 340
Trd, 000141.267, 340
Trd, 000141.733, 340
Trd, 000142.067, 339
Trd, 000143.117, 345
Trd, 000143.600, 358
Trd, 000145.400, 350
Trd, 000145.583, 348
Trd, 000146.483, 344
Trd, 000146.667, 345
Trd, 000147.267, 343
Trd, 000149.033, 339
Trd, 000149.400, 341
Trd, 000149.617, 336
Trd, 000149.850, 354
Trd, 000150.500, 349
Trd, 000150.767, 336
Trd, 000151.267, 336
Trd, 000152.700, 349
Trd, 000153.017, 349
Trd, 000154.817, 346.0
Trd, 000155.117, 347
Trd, 000156.233, 345
Trd, 000157.250, 346
Trd, 000157.450, 345.0
Trd, 000157.850, 347
Trd, 000158.150, 355.0
Trd, 000158.167, 346
Trd, 000158.850, 359
Trd, 000159.100, 358
Trd, 000160.467, 353
Trd, 000160.483, 344.0
Trd, 000161.100, 352
Trd, 000162.133, 354
Trd, 000162.583, 343
Trd, 000163.600, 344
Trd, 000165.300, 345
Trd, 000166.350, 345
Trd, 000166.750, 346
Trd, 000167.017, 344
Trd, 000167.767, 344
Trd, 000168.000, 350
Trd, 000168.700, 342
Trd, 000168.800, 343
Trd, 000170.033, 341.0
Trd, 000170.450, 339
Trd, 000170.700, 345
Trd, 000171.083, 342.0
Trd, 000172.917, 342
Trd, 000174.133, 343
Trd, 000174.600, 341.0
Trd, 000174.617, 342
Trd, 000175.217, 343
Trd, 000175.600, 342
Trd, 000176.033, 341
Trd, 000176.117, 340
Trd, 000177.067, 340
Trd, 000177.583, 341
Trd, 000178.917, 341
Trd, 000179.233, 340
Trd, 000179.767, 341.0
Trd, 000179.950, 343
Trd, 000180.617, 341
Trd, 000180.700, 347
Trd, 000182.167, 340
Trd, 000182.300, 345
Trd, 000182.933, 340
Trd, 000183.150, 336
Trd, 000183.217, 259
Trd, 000183.333, 216
Trd, 000183.367, 200
Trd, 000183.733, 173
Trd, 000184.817, 193
Trd, 000185.250, 192
Trd, 000185.400, 183
Trd, 000185.800, 192
Trd, 000186.267, 181
Trd, 000187.233, 190
Trd, 000188.200, 184
Trd, 000188.233, 181
Trd, 000188.683, 181
Trd, 000189.133, 157
Trd, 000189.483, 170
Trd, 000191.083, 172
Trd, 000191.317, 173
Trd, 000191.683, 174
Trd, 000192.150, 171
Trd, 000193.333, 171
Trd, 000193.983, 170
Trd, 000194.383, 170
Trd, 000195.083, 169
Trd, 000195.150, 170
Trd, 000195.433, 166
Trd, 000195.767, 171
Trd, 000196.683, 172
Trd, 000198.117, 172
Trd, 000198.783, 173
Trd, 000199.017, 172
Trd, 000199.250, 173
Trd, 000199.833, 171
Trd, 000199.917, 171
Trd, 000200.817, 170
Trd, 000201.667, 172
Trd, 000201.733, 168
Trd, 000202.300, 164
Trd, 000202.933, 184
Trd, 000203.467, 183
Trd, 000204.167, 182
Trd, 000205.067, 182
Trd, 000205.700, 179
Trd, 000206.650, 178
Trd, 000207.467, 178
Trd, 000207.583, 180
Trd, 000207.650, 178
Trd, 000209.667, 179
Trd, 000209.883, 179
Trd, 000209.917, 180
Trd, 000210.217, 178
Trd, 000210.683, 179
Trd, 000211.467, 180
Trd, 000212.867, 177
Trd, 000212.917, 178
Trd, 000212.983, 180
Trd, 000214.983, 165
Trd, 000215.983, 175
Trd, 000216.083, 177
Trd, 000216.933, 171
Trd, 000217.417, 172
Trd, 000218.083, 170
Trd, 000218.417, 175
Trd, 000219.183, 173
Trd, 000219.450, 175
Trd, 000219.633, 173
Trd, 000220.017, 164
Trd, 000220.317, 170
Trd, 000220.400, 163
Trd, 000221.333, 171
Trd, 000222.550, 171
Trd, 000223.700, 160
Trd, 000224.250, 170
Trd, 000225.383, 165
Trd, 000225.533, 164
Trd, 000225.900, 170
Trd, 000226.900, 169
Trd, 000227.917, 165
Trd, 000228.800, 164
Trd, 000229.117, 167
Trd, 000229.350, 168
Trd, 000229.417, 168
Trd, 000229.583, 172
Trd, 000230.167, 164
Trd, 000230.867, 168
Trd, 000231.417, 168
Trd, 000231.617, 168
Trd, 000231.983, 166
Trd, 000232.517, 165
Trd, 000232.600, 167
Trd, 000233.083, 169
Trd, 000233.483, 169
Trd, 000236.050, 171
Trd, 000236.817, 171
Trd, 000236.867, 172
Trd, 000237.617, 171
Trd, 000238.600, 171
Trd, 000239.700, 172
Trd, 000239.750, 173
Trd, 000240.617, 173
Trd, 000240.750, 171
Trd, 000241.133, 175
Trd, 000241.467, 178
Trd, 000242.167, 176
Trd, 000242.550, 179
Trd, 000242.900, 183
Trd, 000242.933, 176
Trd, 000243.317, 187
Trd, 000244.250, 181
Trd, 000244.550, 188
Trd, 000244.683, 187
Trd, 000245.217, 185
Trd, 000245.783, 186
Trd, 000246.167, 184
Trd, 000247.433, 184
Trd, 000247.450, 165
Trd, 000247.817, 160
Trd, 000249.283, 169
Trd, 000249.383, 169
Trd, 000249.583, 168
Trd, 000249.850, 168
Trd, 000250.083, 170
Trd, 000250.100, 171
Trd, 000250.183, 168
Trd, 000250.517, 166
Trd, 000250.817, 171
Trd, 000251.167, 172
Trd, 000251.783, 179
Trd, 000252.633, 180
Trd, 000253.650, 178
Trd, 000254.250, 178
Trd, 000254.417, 177
Trd, 000254.850, 177
Trd, 000255.117, 176
Trd, 000255.133, 178
Trd, 000255.867, 179
Trd, 000256.233, 180
Trd, 000256.617, 190
Trd, 000256.633, 181
Trd, 000256.867, 175
Trd, 000258.533, 179
Trd, 000258.867, 176
Trd, 000259.633, 177
Trd, 000259.700, 175
Trd, 000259.850, 180
Trd, 000259.883, 181
Trd, 000260.700, 181
Trd, 000260.717, 180
Trd, 000260.900, 182
Trd, 000262.900, 181
Trd, 000262.967, 179
Trd, 000263.850, 181
Trd, 000264.033, 181
Trd, 000265.433, 177
Trd, 000265.967, 178
Trd, 000266.150, 174
Trd, 000266.333, 170
Trd, 000266.533, 173
Trd, 000266.617, 172
Trd, 000267.350, 182
Trd, 000268.517, 181
Trd, 000268.617, 179
Trd, 000269.050, 189
Trd, 000269.467, 184
Trd, 000270.050, 183
Trd, 000270.167, 184
Trd, 000270.600, 180
Trd, 000271.083, 180
Trd, 000271.350, 190
Trd, 000271.367, 176
Trd, 000272.083, 183
Trd, 000272.733, 183
Trd, 000273.133, 182
Trd, 000273.317, 182
Trd, 000273.717, 181
Trd, 000274.033, 180
Trd, 000274.783, 171
Trd, 000275.583, 179
Trd, 000275.783, 180
Trd, 000276.550, 179
Trd, 000277.883, 179
Trd, 000278.800, 180
Trd, 000278.900, 178
Trd, 000278.917, 182
Trd, 000279.817, 183
Trd, 000280.300, 185
Trd, 000280.733, 179
Trd, 000281.533, 182
Trd, 000281.717, 183
Trd, 000281.967, 183
Trd, 000282.117, 180
Trd, 000282.300, 176
Trd, 000282.467, 182
Trd, 000283.117, 191
Trd, 000283.767, 162
Trd, 000283.867, 188
Trd, 000286.067, 182
Trd, 000286.283, 182
Trd, 000286.500, 182
Trd, 000286.650, 183
Trd, 000287.317, 180
Trd, 000287.517, 178
Trd, 000287.833, 176
Trd, 000287.900, 176
Trd, 000288.300, 191
Trd, 000288.917, 172
Trd, 000289.750, 188
Trd, 000289.783, 189
Trd, 000290.500, 187
Trd, 000290.583, 190
Trd, 000290.933, 191
Trd, 000292.917, 192
Trd, 000293.050, 192
Trd, 000293.150, 193
Trd, 000293.983, 192
Trd, 000294.383, 193
Trd, 000294.483, 194
Trd, 000295.217, 193
Trd, 000295.467, 194
Trd, 000295.550, 197
Trd, 000296.483, 191
Trd, 000297.050, 190
Trd, 000297.250, 177
Trd, 000299.000, 191
Trd, 000299.200, 184
Trd, 000299.250, 191
Trd, 000299.767, 179
