Trd, 000001.133, 196
Trd, 000003.767, 159
Trd, 000003.867, 151
Trd, 000004.333, 149
Trd, 000004.533, 148
Trd, 000004.867, 141
Trd, 000005.967, 151
Trd, 000006.183, 138
Trd, 000006.967, 137
Trd, 000007.283, 138
Trd, 000007.517, 128
Trd, 000007.783, 140
Trd, 000008.267, 131
Trd, 000008.367, 145
Trd, 000008.417, 177
Trd, 000009.283, 142
Trd, 000009.750, 149
Trd, 000010.450, 137
Trd, 000012.083, 139
Trd, 000012.117, 142
Trd, 000012.750, 142
Trd, 000012.883, 140
Trd, 000014.017, 142
Trd, 000014.267, 138
Trd, 000014.617, 145
Trd, 000014.650, 149
Trd, 000015.283, 142
Trd, 000015.350, 146
Trd, 000015.767, 148
Trd, 000015.983, 172
Trd, 000017.783, 163
Trd, 000018.050, 163
Trd, 000018.167, 162
Trd, 000018.217, 173
Trd, 000019.150, 163
Trd, 000019.567, 178
Trd, 000020.283, 160
Trd, 000020.400, 168
Trd, 000020.483, 150
Trd, 000020.967, 143
Trd, 000023.117, 137
Trd, 000023.250, 139
Trd, 000024.000, 137
Trd, 000024.517, 132
Trd, 000024.650, 137
Trd, 000024.817, 137
Trd, 000025.100, 150
Trd, 000025.983, 146
Trd, 000026.017, 144
Trd, 000026.650, 130
Trd, 000026.767, 125
Trd, 000027.017, 142
Trd, 000027.733, 141
Trd, 000028.467, 139
Trd, 000029.267, 139
Trd, 000030.600, 140
Trd, 000030.900, 140
Trd, 000031.217, 141
Trd, 000032.200, 147
Trd, 000032.383, 171
Trd, 000032.750, 146
Trd, 000032.800, 145
Trd, 000033.067, 144
Trd, 000033.300, 151
Trd, 000033.567, 150
Trd, 000033.983, 151
Trd, 000034.083, 182
Trd, 000036.217, 159
Trd, 000036.383, 156
Trd, 000036.850, 154
Trd, 000036.917, 157
Trd, 000037.667, 156
Trd, 000037.850, 163
Trd, 000038.000, 151
Trd, 000038.333, 165
Trd, 000039.150, 153
Trd, 000039.917, 154
Trd, 000040.233, 154
Trd, 000040.383, 152
Trd, 000040.833, 159
Trd, 000041.167, 147
Trd, 000041.983, 152
Trd, 000043.000, 149
Trd, 000043.117, 151
Trd, 000043.767, 151
Trd, 000044.600, 151
Trd, 000045.433, 152
Trd, 000045.600, 148
Trd, 000045.783, 149
Trd, 000046.533, 154
Trd, 000046.817, 156
Trd, 000047.083, 172
Trd, 000047.183, 153
Trd, 000047.550, 156
Trd, 000047.717, 145
Trd, 000048.000, 162
Trd, 000048.600, 152
Trd, 000049.500, 156
Trd, 000049.617, 151
Trd, 000049.800, 156
Trd, 000050.850, 152
Trd, 000051.683, 149
Trd, 000052.100, 151
Trd, 000052.717, 153
Trd, 000053.067, 156
Trd, 000053.467, 156
Trd, 000053.717, 163
Trd, 000054.433, 156
Trd, 000054.900, 155
Trd, 000055.283, 154
Trd, 000055.900, 154
Trd, 000056.967, 154
Trd, 000057.333, 146
Trd, 000057.500, 142
Trd, 000058.933, 137
Trd, 000059.167, 139
Trd, 000059.200, 140
Trd, 000059.483, 141
Trd, 000060.017, 137
Trd, 000060.050, 150
Trd, 000061.850, 146
Trd, 000062.267, 153
Trd, 000062.317, 140
Trd, 000062.817, 154
Trd, 000062.933, 138
Trd, 000064.067, 155
Trd, 000065.233, 174
Trd, 000065.400, 154
Trd, 000065.817, 158
Trd, 000067.067, 171
Trd, 000067.133, 158
Trd, 000068.117, 157
Trd, 000068.217, 158
Trd, 000068.417, 160
Trd, 000068.433, 144
Trd, 000069.600, 144
Trd, 000070.300, 138
Trd, 000070.350, 170
Trd, 000072.000, 172
Trd, 000072.083, 170
Trd, 000072.417, 170
Trd, 000073.317, 156
Trd, 000074.017, 150
Trd, 000074.667, 153
Trd, 000075.617, 152
Trd, 000075.933, 150
Trd, 000076.633, 153
Trd, 000076.950, 151
Trd, 000077.217, 152
Trd, 000077.367, 152
Trd, 000078.050, 151
Trd, 000078.550, 152
Trd, 000078.567, 149
Trd, 000079.367, 154
Trd, 000079.800, 151
Trd, 000080.417, 155
Trd, 000081.033, 154
Trd, 000081.117, 154
Trd, 000081.250, 156
Trd, 000081.667, 156
Trd, 000082.150, 176
Trd, 000083.033, 163
Trd, 000083.150, 162
Trd, 000083.917, 157
Trd, 000084.033, 156
Trd, 000084.150, 156
Trd, 000084.733, 155
Trd, 000084.967, 145
Trd, 000085.400, 156
Trd, 000085.633, 157
Trd, 000085.750, 158
Trd, 000086.633, 153
Trd, 000087.983, 150
Trd, 000088.367, 153
Trd, 000089.233, 155
Trd, 000089.917, 153
Trd, 000090.283, 150
Trd, 000090.600, 156
Trd, 000090.733, 157
Trd, 000091.250, 148
Trd, 000091.533, 157
Trd, 000091.967, 156
Trd, 000092.200, 157
Trd, 000092.283, 156
Trd, 000092.600, 146
Trd, 000092.650, 132
Trd, 000093.550, 161
Trd, 000093.750, 158
Trd, 000094.783, 173
Trd, 000096.100, 163
Trd, 000097.083, 174
Trd, 000098.083, 168
Trd, 000098.367, 168
Trd, 000098.500, 166
Trd, 000098.967, 161
Trd, 000099.667, 158
Trd, 000100.433, 164
Trd, 000100.550, 164
Trd, 000101.000, 147
Trd, 000101.667, 160
Trd, 000101.750, 150
Trd, 000101.967, 147
Trd, 000102.783, 158
Trd, 000103.217, 159
Trd, 000104.567, 151
Trd, 000105.350, 154
Trd, 000105.917, 152
Trd, 000106.017, 151
Trd, 000106.567, 151
Trd, 000106.750, 151
Trd, 000107.033, 155
Trd, 000107.350, 152
Trd, 000108.500, 154
Trd, 000108.817, 147
Trd, 000109.350, 135
Trd, 000109.400, 145
Trd, 000110.867, 145
Trd, 000111.267, 146
Trd, 000111.783, 147
Trd, 000112.083, 148
Trd, 000112.283, 148
Trd, 000112.650, 148
Trd, 000112.767, 148
Trd, 000112.783, 155
Trd, 000113.550, 147
Trd, 000114.333, 148
Trd, 000114.767, 149
Trd, 000114.850, 150
Trd, 000115.967, 157
Trd, 000116.350, 159
Trd, 000117.000, 155
Trd, 000117.667, 151
Trd, 000118.000, 172
Trd, 000118.017, 178
Trd, 000118.333, 152
Trd, 000119.650, 159
Trd, 000119.683, 154
Trd, 000120.750, 159
Trd, 000120.867, 156
Trd, 000121.200, 157
Trd, 000121.217, 158
Trd, 000122.433, 160
Trd, 000122.517, 180
Trd, 000122.617, 154
Trd, 000122.783, 200
Trd, 000122.967, 281
Trd, 000123.083, 281
Trd, 000123.400, 306.0
Trd, 000123.650, 328
Trd, 000124.850, 342
Trd, 000125.233, 344.0
Trd, 000125.883, 348.0
Trd, 000126.400, 351.0
Trd, 000126.700, 369
Trd, 000127.467, 366
Trd, 000128.700, 355.0
Trd, 000128.983, 355.0
Trd, 000129.433, 356
Trd, 000129.450, 350
Trd, 000131.317, 342.0
Trd, 000131.500, 341.0
Trd, 000132.033, 348.0
Trd, 000132.050, 349
Trd, 000132.650, 345
Trd, 000133.267, 337.0
Trd, 000134.367, 326
Trd, 000135.117, 343
Trd, 000135.400, 343
Trd, 000135.633, 342.0
Trd, 000135.950, 346.0
Trd, 000136.650, 346.0
Trd, 000136.850, 344
Trd, 000137.867, 347
Trd, 000138.117, 348.0
Trd, 000138.933, 348.0
Trd, 000139.483, 349
Trd, 000139.717, 342.0
Trd, 000140.583, 346
Trd, 000140.900, 347
Trd, 000141.367, 341.0
Trd, 000141.617, 338.0
Trd, 000142.167, 347
Trd, 000142.333, 338.0
Trd, 000144.483, 346.0
Trd, 000144.900, 342.0
Trd, 000145.500, 348
Trd, 000145.633, 346
Trd, 000145.950, 341.0
Trd, 000145.967, 338
Trd, 000146.017, 347
Trd, 000146.583, 348
Trd, 000147.250, 345
Trd, 000147.650, 346
Trd, 000147.800, 348.0
Trd, 000148.000, 341.0
Trd, 000148.217, 339.0
Trd, 000148.583, 353
Trd, 000148.617, 368
Trd, 000150.600, 351
Trd, 000152.567, 348.0
Trd, 000153.417, 349.0
Trd, 000153.467, 352
Trd, 000153.750, 349.0
Trd, 000153.933, 348.0
Trd, 000154.150, 353
Trd, 000154.850, 348.0
Trd, 000155.050, 352
Trd, 000155.417, 348
Trd, 000156.500, 348.0
Trd, 000157.217, 344
Trd, 000157.833, 349
Trd, 000157.883, 341.0
Trd, 000158.817, 337.0
Trd, 000159.617, 330
Trd, 000160.350, 329
Trd, 000160.383, 327
Trd, 000161.300, 329
Trd, 000161.933, 331.0
Trd, 000163.000, 332
Trd, 000163.583, 335
Trd, 000163.800, 336
Trd, 000164.050, 344.0
Trd, 000164.133, 348.0
Trd, 000165.033, 344
Trd, 000165.333, 341.0
Trd, 000165.667, 360
Trd, 000165.717, 338.0
Trd, 000165.767, 338
Trd, 000167.483, 345
Trd, 000168.067, 344
Trd, 000168.750, 345
Trd, 000168.850, 346
Trd, 000168.883, 340
Trd, 000168.983, 345
Trd, 000169.583, 333
Trd, 000170.933, 329
Trd, 000171.733, 323
Trd, 000172.683, 330.0
Trd, 000173.367, 328
Trd, 000174.083, 330.0
Trd, 000174.200, 335
Trd, 000175.000, 331.0
Trd, 000175.050, 332
Trd, 000175.100, 330
Trd, 000175.650, 335
Trd, 000175.983, 337.0
Trd, 000176.683, 338
Trd, 000176.833, 344
Trd, 000177.000, 344.0
Trd, 000177.317, 348.0
Trd, 000178.517, 343
Trd, 000178.717, 343
Trd, 000179.400, 343.0
Trd, 000179.467, 341
Trd, 000179.833, 343.0
Trd, 000179.900, 346
Trd, 000181.533, 341.0
Trd, 000182.433, 338.0
Trd, 000182.550, 337.0
Trd, 000182.717, 323
Trd, 000182.817, 319
Trd, 000183.233, 312
Trd, 000183.600, 334
Trd, 000183.667, 303
Trd, 000183.800, 298
Trd, 000183.917, 214
Trd, 000183.967, 232
Trd, 000184.283, 207
Trd, 000184.933, 167
Trd, 000185.967, 182
Trd, 000186.450, 187
Trd, 000187.267, 184
Trd, 000187.283, 183
Trd, 000188.350, 177
Trd, 000188.683, 182
Trd, 000189.017, 185
Trd, 000189.483, 187
Trd, 000189.633, 169
Trd, 000191.100, 183
Trd, 000191.150, 173
Trd, 000192.533, 172
Trd, 000192.617, 172
Trd, 000193.067, 177
Trd, 000194.017, 170
Trd, 000194.050, 171
Trd, 000194.233, 169
Trd, 000195.100, 171
Trd, 000195.833, 171
Trd, 000195.983, 169
Trd, 000196.333, 167
Trd, 000196.500, 169
Trd, 000197.667, 158
Trd, 000198.200, 163
Trd, 000198.750, 164
Trd, 000198.933, 161
Trd, 000199.233, 166
Trd, 000200.317, 164
Trd, 000200.483, 164
Trd, 000200.767, 164
Trd, 000200.967, 165
Trd, 000201.367, 168
Trd, 000202.167, 187
Trd, 000202.483, 171
Trd, 000203.017, 186
Trd, 000204.583, 178
Trd, 000205.083, 179
Trd, 000205.200, 177
Trd, 000205.383, 193
Trd, 000206.383, 162
Trd, 000207.467, 148
Trd, 000207.817, 152
Trd, 000207.850, 163
Trd, 000210.167, 168
Trd, 000210.283, 169
Trd, 000210.400, 169
Trd, 000210.967, 169
Trd, 000211.033, 169
Trd, 000211.333, 169
Trd, 000211.983, 168
Trd, 000212.217, 163
Trd, 000212.433, 171
Trd, 000212.583, 189
Trd, 000212.667, 194
Trd, 000212.983, 200
Trd, 000213.417, 164
Trd, 000215.200, 172
Trd, 000215.883, 178
Trd, 000215.950, 170
Trd, 000216.617, 175
Trd, 000216.950, 176
Trd, 000217.383, 170
Trd, 000217.967, 171
Trd, 000218.383, 170
Trd, 000219.467, 165
Trd, 000219.833, 166
Trd, 000219.883, 165
Trd, 000220.167, 168
Trd, 000220.450, 163
Trd, 000221.033, 159
Trd, 000221.500, 161
Trd, 000221.767, 159
Trd, 000222.383, 160
Trd, 000222.983, 158
Trd, 000223.050, 161
Trd, 000223.300, 161
Trd, 000224.750, 159
Trd, 000225.333, 153
Trd, 000225.417, 159
Trd, 000225.833, 160
Trd, 000226.333, 164
Trd, 000226.983, 164
Trd, 000228.400, 163
Trd, 000230.083, 163
Trd, 000230.350, 164
Trd, 000230.783, 162
Trd, 000231.000, 165
Trd, 000231.067, 164
Trd, 000231.483, 160
Trd, 000231.617, 165
Trd, 000231.717, 170
Trd, 000231.733, 171
Trd, 000232.417, 192
Trd, 000232.867, 177
Trd, 000233.350, 195
Trd, 000235.067, 172
Trd, 000235.117, 171
Trd, 000236.250, 166
Trd, 000236.617, 167
Trd, 000236.650, 170
Trd, 000237.017, 164
Trd, 000237.083, 171
Trd, 000237.183, 161
Trd, 000237.650, 171
Trd, 000238.417, 170
Trd, 000239.733, 155
Trd, 000239.950, 153
Trd, 000240.000, 171
Trd, 000240.700, 156
Trd, 000240.783, 158
Trd, 000240.850, 157
Trd, 000241.583, 160
Trd, 000241.833, 159
Trd, 000241.867, 160
Trd, 000241.983, 158
Trd, 000242.167, 161
Trd, 000242.683, 168
Trd, 000242.900, 163
Trd, 000243.383, 171
Trd, 000243.433, 172
Trd, 000244.183, 168
Trd, 000244.517, 172
Trd, 000244.800, 173
Trd, 000244.850, 180
Trd, 000245.300, 181
Trd, 000245.367, 186
Trd, 000245.583, 165
Trd, 000246.283, 188
Trd, 000246.750, 157
Trd, 000247.000, 159
Trd, 000248.767, 171
Trd, 000249.467, 171
Trd, 000249.550, 169
Trd, 000249.667, 166
Trd, 000250.017, 172
Trd, 000250.300, 169
Trd, 000250.650, 171
Trd, 000250.667, 173
Trd, 000250.867, 173
Trd, 000251.083, 172
Trd, 000251.583, 170
Trd, 000251.950, 175
Trd, 000252.067, 176
Trd, 000252.600, 176
Trd, 000252.767, 175
Trd, 000253.350, 173
Trd, 000253.983, 177
Trd, 000254.233, 178
Trd, 000254.333, 187
Trd, 000254.550, 190
Trd, 000254.733, 173
Trd, 000255.867, 197
Trd, 000256.017, 188
Trd, 000256.167, 175
Trd, 000257.500, 188
Trd, 000257.717, 171
Trd, 000258.267, 182
Trd, 000258.917, 176
Trd, 000259.167, 172
Trd, 000259.350, 173
Trd, 000259.900, 172
Trd, 000260.717, 170
Trd, 000261.017, 172
Trd, 000261.150, 170
Trd, 000261.383, 174
Trd, 000262.117, 173
Trd, 000262.767, 175
Trd, 000263.117, 171
Trd, 000263.650, 173
Trd, 000264.283, 174
Trd, 000264.350, 176
Trd, 000264.650, 177
Trd, 000265.183, 175
Trd, 000265.967, 171
Trd, 000266.117, 174
Trd, 000266.633, 172
Trd, 000266.817, 170
Trd, 000267.533, 171
Trd, 000267.600, 169
Trd, 000268.017, 171
Trd, 000268.950, 168
Trd, 000269.250, 167
Trd, 000269.550, 166
Trd, 000269.817, 171
Trd, 000269.867, 171
Trd, 000269.933, 173
Trd, 000270.250, 174
Trd, 000270.733, 173
Trd, 000270.950, 174
Trd, 000271.000, 178
Trd, 000271.617, 179
Trd, 000272.883, 179
Trd, 000274.117, 192
Trd, 000274.200, 191
Trd, 000274.333, 177
Trd, 000274.717, 175
Trd, 000275.283, 180
Trd, 000275.483, 171
Trd, 000275.700, 174
Trd, 000276.167, 175
Trd, 000276.250, 176
Trd, 000276.667, 176
Trd, 000276.733, 177
Trd, 000277.133, 170
Trd, 000277.217, 168
Trd, 000278.567, 173
Trd, 000278.600, 174
Trd, 000278.700, 177
Trd, 000279.183, 182
Trd, 000279.550, 179
Trd, 000279.917, 176
Trd, 000280.150, 172
Trd, 000280.433, 169
Trd, 000280.783, 184
Trd, 000281.267, 176
Trd, 000281.367, 177
Trd, 000281.817, 180
Trd, 000282.133, 176
Trd, 000282.150, 174
Trd, 000282.267, 178
Trd, 000282.583, 165
Trd, 000283.200, 178
Trd, 000283.267, 178
Trd, 000283.633, 196
Trd, 000285.017, 177
Trd, 000285.117, 172
Trd, 000285.450, 170
Trd, 000285.750, 172
Trd, 000286.100, 178
Trd, 000286.283, 176
Trd, 000286.517, 179
Trd, 000287.050, 175
Trd, 000288.017, 178
Trd, 000288.100, 176
Trd, 000288.267, 175
Trd, 000288.383, 180
Trd, 000288.400, 181
Trd, 000289.300, 195
Trd, 000289.933, 201
Trd, 000290.233, 188
Trd, 000290.717, 184
Trd, 000291.000, 177
Trd, 000291.100, 188
Trd, 000291.417, 196
Trd, 000292.183, 175
Trd, 000292.400, 173
Trd, 000292.617, 167
Trd, 000293.300, 190
Trd, 000293.867, 191
Trd, 000293.967, 177
Trd, 000294.733, 173
Trd, 000295.083, 170
Trd, 000296.050, 177
Trd, 000296.317, 177
Trd, 000297.317, 177
Trd, 000297.350, 178
Trd, 000297.567, 178
Trd, 000297.967, 177
Trd, 000298.467, 174
Trd, 000298.767, 178
Trd, 000298.950, 167
