Trd, 000001.567, 175
Trd, 000003.317, 189
Trd, 000004.083, 172
Trd, 000004.283, 149
Trd, 000005.000, 141
Trd, 000005.017, 134
Trd, 000006.183, 143
Trd, 000006.967, 143
Trd, 000007.150, 142
Trd, 000007.450, 144
Trd, 000008.100, 138
Trd, 000008.600, 143
Trd, 000009.550, 140
Trd, 000009.950, 141
Trd, 000010.383, 145
Trd, 000011.017, 145
Trd, 000011.100, 149
Trd, 000012.650, 137
Trd, 000012.667, 145
Trd, 000013.450, 142
Trd, 000013.967, 142
Trd, 000014.367, 140
Trd, 000015.700, 141
Trd, 000016.050, 139
Trd, 000016.817, 142
Trd, 000017.100, 137
Trd, 000017.883, 144
Trd, 000018.283, 144
Trd, 000019.533, 145
Trd, 000021.000, 147
Trd, 000021.633, 147
Trd, 000021.867, 150
Trd, 000022.583, 148
Trd, 000022.683, 145
Trd, 000023.383, 150
Trd, 000023.467, 146
Trd, 000023.633, 151
Trd, 000024.317, 147
Trd, 000025.017, 148
Trd, 000025.217, 148
Trd, 000025.567, 160
Trd, 000025.883, 166
Trd, 000026.333, 161
Trd, 000026.783, 155
Trd, 000028.100, 155
Trd, 000028.200, 155
Trd, 000028.600, 155
Trd, 000028.967, 156
Trd, 000029.833, 154
Trd, 000030.650, 156
Trd, 000030.717, 157
Trd, 000030.983, 153
Trd, 000031.317, 166
Trd, 000031.683, 168
Trd, 000032.683, 157
Trd, 000033.450, 144
Trd, 000033.550, 137
Trd, 000034.333, 148
Trd, 000034.767, 149
Trd, 000035.450, 148
Trd, 000035.933, 147
Trd, 000036.117, 149
Trd, 000036.817, 147
Trd, 000037.967, 148
Trd, 000038.000, 149
Trd, 000039.167, 149
Trd, 000039.433, 150
Trd, 000039.900, 147
Trd, 000039.967, 147
Trd, 000041.100, 148
Trd, 000041.400, 152
Trd, 000041.583, 145
Trd, 000043.217, 145
Trd, 000043.333, 149
Trd, 000043.750, 150
Trd, 000043.967, 149
Trd, 000044.083, 146
Trd, 000044.567, 149
Trd, 000044.850, 150
Trd, 000046.250, 150
Trd, 000047.483, 148
Trd, 000048.217, 150
Trd, 000048.517, 150
Trd, 000048.700, 152
Trd, 000049.600, 149
Trd, 000050.033, 148
Trd, 000050.567, 147
Trd, 000051.167, 147
Trd, 000052.217, 147
Trd, 000052.283, 150
Trd, 000052.517, 152
Trd, 000054.017, 150
Trd, 000054.683, 151
Trd, 000055.100, 153
Trd, 000055.883, 161
Trd, 000057.417, 158
Trd, 000057.717, 162
Trd, 000058.267, 155
Trd, 000058.667, 153
Trd, 000059.067, 160
Trd, 000060.417, 154
Trd, 000060.767, 159
Trd, 000063.183, 153
Trd, 000063.367, 152
Trd, 000064.250, 151
Trd, 000064.450, 154
Trd, 000065.567, 161
Trd, 000065.867, 155
Trd, 000066.717, 155
Trd, 000067.233, 155
Trd, 000067.450, 155
Trd, 000067.617, 156
Trd, 000067.750, 165
Trd, 000068.133, 159
Trd, 000069.267, 160
Trd, 000069.300, 159
Trd, 000069.650, 161
Trd, 000070.450, 157
Trd, 000072.183, 161
Trd, 000073.017, 161
Trd, 000073.183, 160
Trd, 000074.550, 159
Trd, 000074.867, 160
Trd, 000075.383, 160
Trd, 000075.450, 161
Trd, 000075.467, 159
Trd, 000076.133, 160
Trd, 000076.200, 166
Trd, 000077.400, 160
Trd, 000077.500, 161
Trd, 000078.167, 162
Trd, 000078.417, 164
Trd, 000078.700, 161
Trd, 000079.183, 167
Trd, 000079.933, 160
Trd, 000080.550, 158
Trd, 000080.683, 166
Trd, 000083.133, 158
Trd, 000083.583, 161
Trd, 000084.233, 160
Trd, 000085.500, 162
Trd, 000086.267, 158
Trd, 000086.833, 160
Trd, 000087.317, 157
Trd, 000087.533, 161
Trd, 000087.883, 158
Trd, 000087.933, 163
Trd, 000088.767, 163
Trd, 000090.017, 163
Trd, 000090.483, 164
Trd, 000091.900, 164
Trd, 000092.267, 162
Trd, 000092.350, 150
Trd, 000092.717, 159
Trd, 000092.950, 161
Trd, 000093.667, 143
Trd, 000094.000, 160
Trd, 000095.917, 155
Trd, 000096.233, 154
Trd, 000096.283, 156
Trd, 000097.050, 155
Trd, 000097.600, 153
Trd, 000097.967, 155
Trd, 000098.600, 156
Trd, 000099.833, 154
Trd, 000100.400, 155
Trd, 000100.500, 154
Trd, 000100.983, 156
Trd, 000101.400, 158
Trd, 000102.667, 158
Trd, 000102.783, 155
Trd, 000103.300, 166
Trd, 000103.567, 155
Trd, 000104.233, 161
Trd, 000104.900, 158
Trd, 000106.133, 159
Trd, 000106.733, 155
Trd, 000106.817, 158
Trd, 000107.867, 156
Trd, 000109.567, 155
Trd, 000109.617, 152
Trd, 000110.400, 155
Trd, 000110.417, 158
Trd, 000110.983, 154
Trd, 000111.800, 155
Trd, 000112.883, 155
Trd, 000112.917, 154
Trd, 000113.517, 155
Trd, 000114.117, 156
Trd, 000115.150, 153
Trd, 000115.317, 156
Trd, 000115.683, 153
Trd, 000115.933, 157
Trd, 000116.283, 159
Trd, 000118.350, 168
Trd, 000118.467, 162
Trd, 000118.733, 169
Trd, 000119.067, 160
Trd, 000119.650, 158
Trd, 000120.167, 166
Trd, 000120.917, 165
Trd, 000121.100, 170
Trd, 000121.750, 174
Trd, 000122.750, 173
Trd, 000122.933, 177
Trd, 000123.417, 208
Trd, 000124.033, 242
Trd, 000124.367, 250
Trd, 000125.267, 303.0
Trd, 000125.317, 327.0
Trd, 000125.900, 300.0
Trd, 000126.217, 333.0
Trd, 000127.467, 334.0
Trd, 000127.817, 344
Trd, 000129.250, 348
Trd, 000129.300, 355.0
Trd, 000130.317, 354.0
Trd, 000130.383, 348
Trd, 000130.617, 354
Trd, 000131.800, 346.0
Trd, 000131.850, 348.0
Trd, 000132.850, 347
Trd, 000133.317, 348
Trd, 000134.017, 345
Trd, 000135.000, 343
Trd, 000135.517, 341
Trd, 000135.933, 341.0
Trd, 000136.433, 343
Trd, 000137.517, 344
Trd, 000138.050, 345
Trd, 000138.700, 358.0
Trd, 000139.517, 344
Trd, 000140.467, 346
Trd, 000140.650, 345
Trd, 000141.267, 346.0
Trd, 000141.717, 341.0
Trd, 000142.767, 342
Trd, 000143.533, 342
Trd, 000143.667, 340
Trd, 000144.050, 339
Trd, 000144.900, 340
Trd, 000145.083, 341
Trd, 000145.800, 340
Trd, 000146.483, 342
Trd, 000146.983, 344
Trd, 000148.367, 346
Trd, 000148.450, 338
Trd, 000149.733, 346
Trd, 000150.133, 344
Trd, 000150.483, 343.0
Trd, 000150.900, 341.0
Trd, 000151.933, 344
Trd, 000152.500, 346
Trd, 000152.967, 348.0
Trd, 000153.300, 343
Trd, 000153.450, 341.0
Trd, 000154.467, 348
Trd, 000154.833, 345
Trd, 000156.867, 340
Trd, 000157.233, 341
Trd, 000157.917, 341
Trd, 000159.100, 339
Trd, 000159.250, 340
Trd, 000159.383, 347.0
Trd, 000161.083, 346
Trd, 000162.783, 346
Trd, 000163.250, 347
Trd, 000165.717, 347
Trd, 000166.200, 342.0
Trd, 000166.250, 341.0
Trd, 000166.567, 347
Trd, 000167.267, 348.0
Trd, 000168.000, 341.0
Trd, 000168.433, 344
Trd, 000168.917, 343
Trd, 000169.267, 343
Trd, 000169.500, 343
Trd, 000169.950, 340
Trd, 000170.983, 340
Trd, 000172.033, 348.0
Trd, 000172.417, 341
Trd, 000173.467, 348.0
Trd, 000173.967, 342
Trd, 000175.183, 347
Trd, 000175.683, 346
Trd, 000176.250, 343
Trd, 000176.750, 344
Trd, 000176.967, 347
Trd, 000177.933, 348.0
Trd, 000178.050, 349
Trd, 000178.883, 343
Trd, 000181.083, 343.0
Trd, 000181.433, 346
Trd, 000181.883, 346
Trd, 000182.033, 343
Trd, 000182.083, 342
Trd, 000182.733, 341.0
Trd, 000182.867, 341
Trd, 000183.233, 334.0
Trd, 000183.517, 303.0
Trd, 000183.550, 300.0
Trd, 000183.633, 295
Trd, 000184.750, 284
Trd, 000185.017, 269
Trd, 000185.350, 207
Trd, 000185.917, 190
Trd, 000187.883, 194
Trd, 000188.367, 177
Trd, 000189.367, 175
Trd, 000190.117, 175
Trd, 000190.417, 175
Trd, 000190.850, 176
Trd, 000191.200, 177
Trd, 000191.483, 174
Trd, 000192.350, 167
Trd, 000192.733, 172
Trd, 000192.933, 163
Trd, 000193.317, 169
Trd, 000193.700, 170
Trd, 000194.650, 168
Trd, 000195.117, 169
Trd, 000195.383, 168
Trd, 000196.900, 168
Trd, 000197.017, 167
Trd, 000197.400, 168
Trd, 000197.833, 165
Trd, 000198.083, 168
Trd, 000198.550, 166
Trd, 000199.367, 167
Trd, 000200.050, 167
Trd, 000200.500, 167
Trd, 000202.600, 165
Trd, 000203.017, 166
Trd, 000203.700, 166
Trd, 000204.167, 164
Trd, 000204.683, 165
Trd, 000205.033, 166
Trd, 000205.350, 168
Trd, 000206.350, 167
Trd, 000208.350, 168
Trd, 000208.383, 168
Trd, 000208.800, 169
Trd, 000209.817, 169
Trd, 000210.100, 168
Trd, 000210.767, 170
Trd, 000210.950, 167
Trd, 000212.583, 167
Trd, 000212.950, 169
Trd, 000213.083, 169
Trd, 000213.367, 169
Trd, 000214.083, 167
Trd, 000214.433, 169
Trd, 000215.200, 167
Trd, 000215.317, 178
Trd, 000217.983, 173
Trd, 000218.250, 179
Trd, 000219.750, 176
Trd, 000219.883, 172
Trd, 000219.983, 177
Trd, 000220.633, 181
Trd, 000220.967, 184
Trd, 000221.467, 187
Trd, 000221.750, 174
Trd, 000222.367, 170
Trd, 000223.183, 173
Trd, 000223.250, 180
Trd, 000223.717, 178
Trd, 000224.883, 178
Trd, 000225.250, 172
Trd, 000226.533, 178
Trd, 000226.717, 178
Trd, 000229.033, 176
Trd, 000229.300, 175
Trd, 000229.517, 174
Trd, 000230.517, 175
Trd, 000230.683, 172
Trd, 000231.150, 176
Trd, 000231.983, 176
Trd, 000232.733, 176
Trd, 000233.300, 177
Trd, 000233.450, 180
Trd, 000234.000, 176
Trd, 000234.083, 181
Trd, 000235.017, 177
Trd, 000235.983, 177
Trd, 000236.333, 176
Trd, 000236.500, 177
Trd, 000238.167, 176
Trd, 000238.367, 175
Trd, 000238.867, 177
Trd, 000239.500, 174
Trd, 000240.000, 176
Trd, 000240.117, 175
Trd, 000240.200, 176
Trd, 000240.267, 177
Trd, 000240.517, 182
Trd, 000241.567, 177
Trd, 000241.750, 179
Trd, 000242.083, 176
Trd, 000242.583, 176
Trd, 000242.883, 174
Trd, 000243.333, 173
Trd, 000244.083, 174
Trd, 000244.333, 174
Trd, 000244.800, 175
Trd, 000245.217, 171
Trd, 000245.333, 173
Trd, 000246.117, 168
Trd, 000246.217, 165
Trd, 000246.383, 167
Trd, 000246.567, 167
Trd, 000247.267, 170
Trd, 000247.400, 169
Trd, 000247.883, 170
Trd, 000248.167, 170
Trd, 000250.033, 169
Trd, 000250.117, 171
Trd, 000250.283, 169
Trd, 000250.433, 169
Trd, 000250.900, 169
Trd, 000250.933, 172
Trd, 000251.617, 169
Trd, 000251.850, 168
Trd, 000252.067, 170
Trd, 000252.250, 173
Trd, 000253.233, 169
Trd, 000253.367, 169
Trd, 000253.917, 169
Trd, 000254.150, 170
Trd, 000254.883, 170
Trd, 000255.017, 168
Trd, 000255.500, 169
Trd, 000255.633, 172
Trd, 000255.933, 173
Trd, 000257.433, 173
Trd, 000257.533, 168
Trd, 000258.333, 170
Trd, 000258.367, 169
Trd, 000258.817, 168
Trd, 000259.267, 168
Trd, 000259.467, 167
Trd, 000259.667, 168
Trd, 000259.700, 169
Trd, 000260.683, 168
Trd, 000260.783, 167
Trd, 000261.133, 167
Trd, 000261.200, 171
Trd, 000261.233, 169
Trd, 000262.700, 180
Trd, 000262.750, 179
Trd, 000262.767, 178
Trd, 000263.517, 182
Trd, 000264.350, 183
Trd, 000264.667, 178
Trd, 000264.733, 176
Trd, 000265.667, 170
Trd, 000266.150, 163
Trd, 000266.350, 167
Trd, 000266.417, 160
Trd, 000266.600, 168
Trd, 000267.083, 171
Trd, 000268.150, 168
Trd, 000268.217, 171
Trd, 000268.400, 174
Trd, 000268.950, 174
Trd, 000269.117, 167
Trd, 000269.750, 173
Trd, 000269.867, 170
Trd, 000270.133, 174
Trd, 000271.050, 170
Trd, 000271.500, 169
Trd, 000272.417, 168
Trd, 000272.817, 167
Trd, 000273.500, 163
Trd, 000273.667, 163
Trd, 000273.783, 167
Trd, 000274.300, 171
Trd, 000274.467, 172
Trd, 000275.733, 174
Trd, 000275.917, 172
Trd, 000276.233, 178
Trd, 000276.767, 174
Trd, 000276.967, 173
Trd, 000277.233, 172
Trd, 000277.667, 175
Trd, 000277.733, 176
Trd, 000278.217, 175
Trd, 000279.367, 171
Trd, 000280.500, 171
Trd, 000280.650, 171
Trd, 000280.950, 170
Trd, 000281.417, 170
Trd, 000282.017, 169
Trd, 000282.450, 171
Trd, 000282.467, 174
Trd, 000282.517, 176
Trd, 000282.867, 168
Trd, 000282.917, 162
Trd, 000283.233, 179
Trd, 000283.817, 169
Trd, 000284.250, 165
Trd, 000284.833, 169
Trd, 000284.983, 173
Trd, 000285.267, 165
Trd, 000285.917, 172
Trd, 000286.233, 171
Trd, 000286.467, 173
Trd, 000286.650, 168
Trd, 000286.983, 168
Trd, 000287.283, 175
Trd, 000287.433, 167
Trd, 000288.783, 175
Trd, 000289.000, 187
Trd, 000290.683, 174
Trd, 000291.317, 175
Trd, 000291.617, 173
Trd, 000291.750, 175
Trd, 000291.800, 170
Trd, 000292.167, 170
Trd, 000292.333, 169
Trd, 000292.967, 177
Trd, 000293.950, 174
Trd, 000293.983, 168
Trd, 000294.233, 165
Trd, 000294.533, 166
Trd, 000294.900, 167
Trd, 000295.033, 168
Trd, 000295.867, 169
Trd, 000296.167, 170
Trd, 000296.400, 171
Trd, 000296.783, 173
Trd, 000297.067, 166
Trd, 000298.117, 171
Trd, 000298.267, 173
Trd, 000298.617, 172
Trd, 000298.633, 174
Trd, 000298.683, 169
Trd, 000299.483, 174
Trd, 000299.767, 187
