Trd, 000001.767, 134
Trd, 000001.783, 140
Trd, 000001.800, 122
Trd, 000003.083, 144
Trd, 000003.367, 147
Trd, 000004.483, 143
Trd, 000005.233, 148
Trd, 000005.817, 156
Trd, 000007.150, 172
Trd, 000007.217, 163
Trd, 000007.950, 158
Trd, 000008.583, 158
Trd, 000009.067, 157
Trd, 000010.467, 156
Trd, 000010.733, 149
Trd, 000011.567, 147
Trd, 000012.617, 138
Trd, 000012.817, 145
Trd, 000014.633, 140
Trd, 000015.233, 142
Trd, 000015.400, 145
Trd, 000015.767, 142
Trd, 000016.300, 141
Trd, 000016.967, 148
Trd, 000017.983, 158
Trd, 000018.000, 159
Trd, 000018.183, 158
Trd, 000018.833, 157
Trd, 000018.983, 159
Trd, 000019.367, 155
Trd, 000020.517, 158
Trd, 000021.367, 128
Trd, 000021.583, 160
Trd, 000022.333, 157
Trd, 000023.383, 131
Trd, 000024.267, 151
Trd, 000025.350, 136
Trd, 000025.433, 142
Trd, 000025.517, 144
Trd, 000026.683, 140
Trd, 000026.817, 142
Trd, 000027.300, 139
Trd, 000027.317, 162
Trd, 000028.400, 139
Trd, 000028.433, 148
Trd, 000028.600, 138
Trd, 000028.900, 151
Trd, 000030.317, 139
Trd, 000031.050, 169
Trd, 000031.167, 171
Trd, 000032.083, 136
Trd, 000033.050, 137
Trd, 000033.400, 144
Trd, 000033.467, 147
Trd, 000034.467, 147
Trd, 000035.350, 145
Trd, 000035.817, 146
Trd, 000036.083, 147
Trd, 000036.617, 141
Trd, 000037.750, 147
Trd, 000040.667, 142
Trd, 000040.917, 143
Trd, 000041.133, 145
Trd, 000042.583, 148
Trd, 000042.767, 152
Trd, 000042.967, 145
Trd, 000043.200, 144
Trd, 000044.250, 162
Trd, 000044.817, 160
Trd, 000045.817, 165
Trd, 000046.417, 163
Trd, 000046.667, 165
Trd, 000047.667, 163
Trd, 000048.700, 162
Trd, 000048.983, 161
Trd, 000050.167, 160
Trd, 000051.650, 160
Trd, 000051.733, 146
Trd, 000052.967, 150
Trd, 000053.283, 150
Trd, 000054.033, 150
Trd, 000054.117, 135
Trd, 000054.133, 153
Trd, 000054.333, 163
Trd, 000056.250, 150
Trd, 000056.850, 149
Trd, 000057.067, 138
Trd, 000057.700, 139
Trd, 000057.917, 145
Trd, 000058.467, 146
Trd, 000059.383, 146
Trd, 000060.283, 140
Trd, 000061.050, 139
Trd, 000063.017, 146
Trd, 000063.117, 146
Trd, 000063.850, 146
Trd, 000063.900, 147
Trd, 000064.983, 153
Trd, 000065.200, 154
Trd, 000065.850, 137
Trd, 000066.483, 140
Trd, 000067.817, 142
Trd, 000068.283, 140
Trd, 000069.517, 141
Trd, 000069.567, 142
Trd, 000070.783, 150
Trd, 000071.017, 151
Trd, 000071.433, 155
Trd, 000072.417, 144
Trd, 000073.400, 147
Trd, 000073.550, 148
Trd, 000074.517, 148
Trd, 000074.767, 146
Trd, 000075.333, 141
Trd, 000076.133, 150
Trd, 000076.433, 151
Trd, 000077.483, 155
Trd, 000078.300, 164
Trd, 000078.317, 170
Trd, 000079.033, 156
Trd, 000079.200, 168
Trd, 000079.550, 156
Trd, 000079.867, 156
Trd, 000080.967, 163
Trd, 000081.900, 161
Trd, 000083.700, 144
Trd, 000084.283, 156
Trd, 000084.733, 156
Trd, 000085.100, 156
Trd, 000086.167, 163
Trd, 000086.250, 154
Trd, 000086.333, 166
Trd, 000087.417, 155
Trd, 000087.867, 162
Trd, 000088.183, 154
Trd, 000088.983, 164
Trd, 000089.550, 167
Trd, 000089.900, 158
Trd, 000090.733, 162
Trd, 000092.333, 161
Trd, 000092.667, 163
Trd, 000093.500, 161
Trd, 000093.667, 162
Trd, 000095.667, 172
Trd, 000095.883, 171
Trd, 000096.167, 170
Trd, 000097.050, 169
Trd, 000097.650, 169
Trd, 000098.183, 168
Trd, 000098.433, 167
Trd, 000099.950, 165
Trd, 000100.617, 158
Trd, 000101.017, 164
Trd, 000102.083, 143
Trd, 000102.550, 151
Trd, 000102.600, 151
Trd, 000103.933, 144
Trd, 000104.767, 136
Trd, 000105.550, 136
Trd, 000106.400, 144
Trd, 000106.467, 134
Trd, 000107.883, 141
Trd, 000108.050, 142
Trd, 000109.450, 145
Trd, 000109.783, 152
Trd, 000111.217, 147
Trd, 000111.367, 149
Trd, 000112.117, 146
Trd, 000112.167, 159
Trd, 000112.350, 168
Trd, 000113.817, 168
Trd, 000114.033, 146
Trd, 000114.233, 152
Trd, 000116.783, 149
Trd, 000117.300, 149
Trd, 000118.467, 149
Trd, 000119.167, 150
Trd, 000119.733, 150
Trd, 000120.250, 153
Trd, 000120.800, 154
Trd, 000121.183, 152
Trd, 000121.700, 151
Trd, 000121.783, 142
Trd, 000121.883, 160
Trd, 000122.333, 171
Trd, 000122.700, 177
Trd, 000122.733, 184
Trd, 000123.050, 194
Trd, 000123.383, 194
Trd, 000124.017, 201
Trd, 000125.533, 300.0
Trd, 000125.583, 341.0
Trd, 000125.900, 325.0
Trd, 000126.083, 326
Trd, 000127.883, 325.0
Trd, 000130.317, 333
Trd, 000131.017, 332.0
Trd, 000131.183, 334.0
Trd, 000131.350, 342
Trd, 000131.783, 344.0
Trd, 000132.200, 348.0
Trd, 000133.683, 334.0
Trd, 000134.633, 339.0
Trd, 000135.750, 336.0
Trd, 000137.317, 339
Trd, 000137.533, 340
Trd, 000137.750, 341
Trd, 000138.017, 341.0
Trd, 000138.983, 334.0
Trd, 000139.417, 339
Trd, 000139.500, 330
Trd, 000139.800, 339
Trd, 000143.067, 331
Trd, 000143.900, 334.0
Trd, 000144.433, 336
Trd, 000144.633, 337
Trd, 000144.850, 348.0
Trd, 000145.950, 335.0
Trd, 000145.983, 360
Trd, 000146.783, 327
Trd, 000148.183, 334.0
Trd, 000148.817, 338
Trd, 000149.183, 331
Trd, 000149.383, 341.0
Trd, 000150.650, 334
Trd, 000151.817, 341.0
Trd, 000153.200, 342.0
Trd, 000154.300, 336
Trd, 000155.400, 336
Trd, 000156.317, 339
Trd, 000156.867, 338
Trd, 000157.483, 337
Trd, 000158.950, 337
Trd, 000159.450, 341.0
Trd, 000160.283, 358.0
Trd, 000161.033, 338
Trd, 000161.317, 337
Trd, 000162.000, 325.0
Trd, 000162.100, 347
Trd, 000162.433, 335
Trd, 000162.533, 346
Trd, 000162.583, 324.0
Trd, 000162.667, 348
Trd, 000164.150, 326
Trd, 000164.733, 348.0
Trd, 000165.583, 357
Trd, 000165.917, 345
Trd, 000166.467, 345
Trd, 000166.850, 328
Trd, 000167.950, 351
Trd, 000168.083, 347
Trd, 000168.500, 339
Trd, 000169.617, 330
Trd, 000171.167, 338
Trd, 000171.467, 330
Trd, 000172.300, 331
Trd, 000172.650, 339
Trd, 000173.133, 341.0
Trd, 000174.700, 331
Trd, 000176.483, 339
Trd, 000176.883, 341
Trd, 000177.283, 343.0
Trd, 000177.683, 336
Trd, 000177.900, 335
Trd, 000178.567, 332
Trd, 000178.617, 338
Trd, 000179.517, 334.0
Trd, 000181.217, 329.0
Trd, 000181.233, 335
Trd, 000181.733, 325.0
Trd, 000182.183, 334
Trd, 000182.783, 324.0
Trd, 000182.850, 319
Trd, 000183.133, 316
Trd, 000183.417, 306
Trd, 000183.633, 300.0
Trd, 000183.650, 297
Trd, 000184.217, 281
Trd, 000184.583, 181
Trd, 000185.100, 180
Trd, 000185.367, 173
Trd, 000186.833, 195
Trd, 000187.383, 184
Trd, 000187.933, 181
Trd, 000187.967, 177
Trd, 000188.217, 175
Trd, 000188.767, 175
Trd, 000189.500, 174
Trd, 000191.083, 170
Trd, 000192.000, 173
Trd, 000192.083, 174
Trd, 000193.167, 172
Trd, 000194.567, 172
Trd, 000194.983, 171
Trd, 000195.433, 167
Trd, 000195.467, 159
Trd, 000196.817, 166
Trd, 000197.217, 166
Trd, 000197.833, 168
Trd, 000198.433, 149
Trd, 000199.000, 154
Trd, 000199.300, 162
Trd, 000200.883, 153
Trd, 000201.533, 154
Trd, 000202.067, 159
Trd, 000202.167, 161
Trd, 000204.633, 157
Trd, 000204.850, 154
Trd, 000205.533, 158
Trd, 000205.867, 158
Trd, 000206.233, 163
Trd, 000207.017, 157
Trd, 000207.817, 163
Trd, 000208.200, 164
Trd, 000209.867, 161
Trd, 000212.433, 157
Trd, 000213.033, 161
Trd, 000214.083, 161
Trd, 000214.500, 162
Trd, 000215.033, 163
Trd, 000215.567, 169
Trd, 000215.700, 160
Trd, 000216.267, 163
Trd, 000216.317, 164
Trd, 000216.367, 165
Trd, 000216.950, 170
Trd, 000219.367, 180
Trd, 000220.833, 183
Trd, 000221.067, 182
Trd, 000221.100, 178
Trd, 000221.733, 180
Trd, 000223.033, 180
Trd, 000223.200, 168
Trd, 000223.917, 180
Trd, 000224.250, 177
Trd, 000225.950, 175
Trd, 000226.100, 173
Trd, 000226.350, 176
Trd, 000226.650, 170
Trd, 000227.450, 171
Trd, 000228.167, 172
Trd, 000228.867, 172
Trd, 000229.417, 171
Trd, 000229.483, 170
Trd, 000230.533, 167
Trd, 000230.700, 165
Trd, 000230.950, 171
Trd, 000231.300, 171
Trd, 000231.417, 181
Trd, 000232.400, 159
Trd, 000233.083, 162
Trd, 000234.117, 165
Trd, 000234.333, 167
Trd, 000235.183, 164
Trd, 000235.933, 164
Trd, 000236.467, 164
Trd, 000236.633, 165
Trd, 000238.400, 169
Trd, 000238.717, 172
Trd, 000238.767, 166
Trd, 000239.517, 179
Trd, 000240.050, 172
Trd, 000240.200, 172
Trd, 000240.333, 170
Trd, 000240.417, 171
Trd, 000240.533, 170
Trd, 000240.633, 169
Trd, 000241.450, 171
Trd, 000242.167, 182
Trd, 000242.767, 182
Trd, 000243.100, 183
Trd, 000243.467, 185
Trd, 000243.533, 191
Trd, 000243.783, 192
Trd, 000244.433, 186
Trd, 000245.400, 186
Trd, 000245.783, 185
Trd, 000246.217, 183
Trd, 000246.733, 182
Trd, 000246.783, 188
Trd, 000246.850, 187
Trd, 000247.417, 182
Trd, 000247.633, 179
Trd, 000249.150, 178
Trd, 000249.650, 175
Trd, 000250.217, 179
Trd, 000250.500, 180
Trd, 000250.517, 182
Trd, 000250.967, 183
Trd, 000251.650, 183
Trd, 000251.900, 178
Trd, 000252.417, 182
Trd, 000252.750, 180
Trd, 000252.983, 182
Trd, 000253.350, 183
Trd, 000253.600, 181
Trd, 000253.967, 180
Trd, 000253.983, 179
Trd, 000254.517, 176
Trd, 000255.217, 177
Trd, 000255.400, 181
Trd, 000256.050, 157
Trd, 000256.983, 153
Trd, 000258.317, 162
Trd, 000258.917, 163
Trd, 000259.317, 160
Trd, 000260.350, 160
Trd, 000261.183, 159
Trd, 000261.200, 160
Trd, 000261.217, 163
Trd, 000261.517, 170
Trd, 000262.217, 166
Trd, 000262.567, 167
Trd, 000263.233, 174
Trd, 000263.317, 174
Trd, 000263.617, 175
Trd, 000263.733, 181
Trd, 000264.250, 180
Trd, 000264.700, 184
Trd, 000264.983, 185
Trd, 000265.333, 187
Trd, 000265.433, 186
Trd, 000266.567, 188
Trd, 000266.800, 187
Trd, 000266.850, 188
Trd, 000267.383, 184
Trd, 000267.433, 184
Trd, 000268.083, 183
Trd, 000268.167, 182
Trd, 000268.250, 185
Trd, 000268.867, 181
Trd, 000269.267, 180
Trd, 000269.517, 190
Trd, 000270.150, 188
Trd, 000270.350, 185
Trd, 000270.933, 186
Trd, 000270.967, 182
Trd, 000271.717, 175
Trd, 000272.317, 181
Trd, 000272.983, 176
Trd, 000273.033, 182
Trd, 000273.317, 183
Trd, 000273.533, 185
Trd, 000274.483, 182
Trd, 000274.800, 191
Trd, 000274.967, 185
Trd, 000275.267, 184
Trd, 000275.583, 183
Trd, 000276.383, 175
Trd, 000277.233, 176
Trd, 000277.283, 172
Trd, 000277.467, 171
Trd, 000277.500, 174
Trd, 000277.767, 192
Trd, 000278.050, 196
Trd, 000278.150, 190
Trd, 000278.783, 187
Trd, 000278.817, 194
Trd, 000279.617, 193
Trd, 000279.817, 186
Trd, 000280.467, 183
Trd, 000280.500, 182
Trd, 000280.717, 178
Trd, 000280.900, 185
Trd, 000281.750, 179
Trd, 000282.833, 175
Trd, 000282.983, 176
Trd, 000283.300, 182
Trd, 000283.483, 174
Trd, 000283.733, 174
Trd, 000283.900, 173
Trd, 000284.017, 175
Trd, 000284.617, 172
Trd, 000284.833, 177
Trd, 000285.133, 176
Trd, 000285.500, 172
Trd, 000286.133, 169
Trd, 000286.817, 174
Trd, 000287.250, 163
Trd, 000287.650, 169
Trd, 000287.700, 169
Trd, 000288.083, 170
Trd, 000288.150, 168
Trd, 000288.417, 171
Trd, 000288.900, 184
Trd, 000289.850, 188
Trd, 000289.950, 195
Trd, 000290.317, 185
Trd, 000290.533, 185
Trd, 000291.600, 184
Trd, 000292.133, 180
Trd, 000292.417, 187
Trd, 000292.783, 177
Trd, 000293.550, 175
Trd, 000293.567, 172
Trd, 000293.850, 153
Trd, 000294.200, 153
Trd, 000294.233, 170
Trd, 000294.800, 172
Trd, 000295.033, 173
Trd, 000295.233, 188
Trd, 000296.350, 197
Trd, 000296.517, 194
Trd, 000296.600, 181
Trd, 000296.883, 177
Trd, 000297.283, 194
Trd, 000297.550, 188
Trd, 000297.867, 182
Trd, 000297.900, 181
Trd, 000298.100, 181
Trd, 000299.067, 194
Trd, 000299.250, 188
Trd, 000299.450, 178
