Trd, 000001.033, 143
Trd, 000003.183, 148
Trd, 000003.883, 137
Trd, 000004.217, 136
Trd, 000004.833, 137
Trd, 000005.050, 137
Trd, 000005.283, 144
Trd, 000006.250, 148
Trd, 000006.267, 147
Trd, 000007.183, 149
Trd, 000007.267, 151
Trd, 000008.367, 147
Trd, 000009.383, 149
Trd, 000009.900, 150
Trd, 000010.000, 152
Trd, 000010.633, 146
Trd, 000011.967, 149
Trd, 000012.100, 147
Trd, 000012.400, 149
Trd, 000012.683, 151
Trd, 000012.933, 146
Trd, 000013.383, 152
Trd, 000014.367, 151
Trd, 000015.050, 152
Trd, 000015.583, 151
Trd, 000016.017, 150
Trd, 000016.750, 151
Trd, 000018.200, 150
Trd, 000018.517, 151
Trd, 000019.167, 149
Trd, 000019.300, 150
Trd, 000020.383, 153
Trd, 000022.017, 152
Trd, 000023.767, 151
Trd, 000024.100, 152
Trd, 000026.217, 151
Trd, 000026.617, 150
Trd, 000027.083, 149
Trd, 000027.117, 148
Trd, 000028.317, 151
Trd, 000029.100, 152
Trd, 000030.450, 147
Trd, 000030.683, 153
Trd, 000031.750, 150
Trd, 000033.250, 139
Trd, 000034.133, 145
Trd, 000034.217, 145
Trd, 000034.467, 147
Trd, 000036.200, 147
Trd, 000036.267, 148
Trd, 000036.950, 146
Trd, 000037.150, 148
Trd, 000037.717, 150
Trd, 000041.050, 147
Trd, 000041.133, 148
Trd, 000041.167, 148
Trd, 000041.250, 150
Trd, 000041.567, 152
Trd, 000043.800, 149
Trd, 000044.350, 148
Trd, 000045.650, 147
Trd, 000046.283, 146
Trd, 000046.567, 149
Trd, 000046.817, 147
Trd, 000049.933, 142
Trd, 000050.450, 145
Trd, 000051.217, 144
Trd, 000051.283, 148
Trd, 000051.517, 149
Trd, 000052.050, 153
Trd, 000053.050, 145
Trd, 000053.467, 152
Trd, 000053.733, 153
Trd, 000055.467, 150
Trd, 000055.483, 149
Trd, 000055.500, 147
Trd, 000055.700, 152
Trd, 000056.417, 153
Trd, 000057.917, 151
Trd, 000059.750, 147
Trd, 000059.983, 150
Trd, 000060.383, 146
Trd, 000060.550, 146
Trd, 000060.683, 146
Trd, 000062.083, 147
Trd, 000062.533, 148
Trd, 000062.667, 150
Trd, 000063.650, 154
Trd, 000064.717, 152
Trd, 000065.033, 155
Trd, 000065.450, 156
Trd, 000065.600, 156
Trd, 000066.050, 157
Trd, 000066.300, 156
Trd, 000066.833, 154
Trd, 000067.050, 155
Trd, 000067.450, 156
Trd, 000067.583, 162
Trd, 000067.833, 169
Trd, 000068.550, 155
Trd, 000070.317, 157
Trd, 000070.400, 158
Trd, 000070.667, 157
Trd, 000071.517, 155
Trd, 000073.267, 155
Trd, 000073.283, 154
Trd, 000073.933, 155
Trd, 000074.817, 149
Trd, 000075.800, 150
Trd, 000077.283, 149
Trd, 000078.117, 151
Trd, 000078.183, 152
Trd, 000078.200, 154
Trd, 000078.483, 155
Trd, 000078.883, 149
Trd, 000079.417, 154
Trd, 000080.100, 155
Trd, 000080.467, 155
Trd, 000080.917, 156
Trd, 000082.167, 152
Trd, 000082.683, 153
Trd, 000082.733, 154
Trd, 000083.750, 154
Trd, 000083.833, 156
Trd, 000084.333, 151
Trd, 000085.100, 150
Trd, 000085.417, 152
Trd, 000086.133, 153
Trd, 000086.483, 153
Trd, 000086.567, 157
Trd, 000087.017, 158
Trd, 000087.083, 159
Trd, 000089.150, 161
Trd, 000089.183, 156
Trd, 000090.983, 159
Trd, 000091.350, 159
Trd, 000092.517, 159
Trd, 000093.200, 155
Trd, 000093.300, 157
Trd, 000094.050, 155
Trd, 000095.000, 153
Trd, 000095.933, 151
Trd, 000096.067, 152
Trd, 000096.633, 152
Trd, 000096.833, 154
Trd, 000098.133, 154
Trd, 000098.700, 155
Trd, 000100.150, 156
Trd, 000100.483, 154
Trd, 000100.867, 153
Trd, 000101.533, 150
Trd, 000101.800, 152
Trd, 000101.967, 154
Trd, 000102.917, 156
Trd, 000102.950, 156
Trd, 000103.833, 161
Trd, 000105.733, 158
Trd, 000106.567, 159
Trd, 000107.833, 158
Trd, 000108.733, 157
Trd, 000109.600, 159
Trd, 000110.350, 161
Trd, 000111.500, 158
Trd, 000111.717, 156
Trd, 000112.017, 147
Trd, 000112.050, 158
Trd, 000112.617, 158
Trd, 000113.933, 153
Trd, 000114.617, 154
Trd, 000114.817, 153
Trd, 000115.667, 155
Trd, 000115.783, 155
Trd, 000116.167, 154
Trd, 000116.750, 155
Trd, 000116.850, 155
Trd, 000120.217, 156
Trd, 000120.433, 155
Trd, 000120.500, 160
Trd, 000120.867, 156
Trd, 000121.550, 161
Trd, 000122.250, 167
Trd, 000122.267, 180
Trd, 000122.567, 173
Trd, 000122.617, 187
Trd, 000122.883, 209
Trd, 000123.067, 206
Trd, 000123.267, 246
Trd, 000123.300, 296
Trd, 000123.950, 327.0
Trd, 000124.367, 335
Trd, 000125.100, 331
Trd, 000125.467, 348.0
Trd, 000127.167, 344.0
Trd, 000128.067, 347.0
Trd, 000129.183, 342
Trd, 000129.483, 341
Trd, 000130.583, 339
Trd, 000130.900, 339
Trd, 000133.017, 340
Trd, 000133.083, 342
Trd, 000134.150, 337
Trd, 000134.850, 342.0
Trd, 000135.900, 343.0
Trd, 000135.983, 342
Trd, 000137.033, 344.0
Trd, 000137.467, 347
Trd, 000138.350, 348.0
Trd, 000139.267, 341
Trd, 000139.467, 343
Trd, 000142.400, 342
Trd, 000142.483, 344.0
Trd, 000142.683, 336
Trd, 000142.800, 335
Trd, 000144.083, 344.0
Trd, 000144.683, 342
Trd, 000145.067, 339
Trd, 000146.583, 337
Trd, 000147.583, 338
Trd, 000148.850, 334
Trd, 000149.167, 337
Trd, 000149.800, 340
Trd, 000149.833, 340
Trd, 000151.083, 344.0
Trd, 000152.867, 343
Trd, 000153.567, 344
Trd, 000153.683, 348
Trd, 000155.133, 345
Trd, 000155.483, 341
Trd, 000155.933, 342
Trd, 000156.517, 346.0
Trd, 000157.650, 342
Trd, 000158.833, 346
Trd, 000160.067, 343
Trd, 000160.083, 344
Trd, 000160.633, 344.0
Trd, 000163.650, 343.0
Trd, 000165.400, 343
Trd, 000165.417, 344.0
Trd, 000166.167, 342
Trd, 000166.200, 343
Trd, 000166.367, 344
Trd, 000168.050, 346
Trd, 000168.367, 344
Trd, 000169.733, 343
Trd, 000170.267, 343
Trd, 000170.667, 348.0
Trd, 000170.950, 346
Trd, 000171.050, 341
Trd, 000172.467, 346
Trd, 000172.567, 347
Trd, 000173.183, 343
Trd, 000173.383, 344.0
Trd, 000174.900, 342
Trd, 000175.567, 337
Trd, 000175.967, 346
Trd, 000176.950, 334
Trd, 000177.867, 347
Trd, 000178.550, 347.0
Trd, 000178.983, 346
Trd, 000179.900, 339
Trd, 000180.200, 343
Trd, 000181.017, 343
Trd, 000181.917, 338
Trd, 000183.667, 335
Trd, 000183.817, 334.0
Trd, 000184.217, 329
Trd, 000184.233, 327.0
Trd, 000184.567, 319
Trd, 000185.050, 322
Trd, 000185.217, 193
Trd, 000185.267, 190
Trd, 000185.817, 177
Trd, 000186.467, 190
Trd, 000187.067, 189
Trd, 000188.183, 184
Trd, 000188.717, 183
Trd, 000189.533, 177
Trd, 000191.283, 172
Trd, 000192.267, 167
Trd, 000192.617, 157
Trd, 000192.733, 162
Trd, 000193.133, 161
Trd, 000194.833, 162
Trd, 000195.550, 160
Trd, 000196.250, 157
Trd, 000196.733, 157
Trd, 000196.867, 158
Trd, 000197.967, 156
Trd, 000199.617, 157
Trd, 000199.683, 159
Trd, 000201.217, 159
Trd, 000201.733, 160
Trd, 000203.167, 158
Trd, 000204.433, 158
Trd, 000204.467, 159
Trd, 000205.617, 161
Trd, 000206.000, 158
Trd, 000206.367, 158
Trd, 000206.983, 165
Trd, 000209.300, 169
Trd, 000209.817, 169
Trd, 000210.867, 169
Trd, 000211.283, 165
Trd, 000211.400, 167
Trd, 000212.700, 166
Trd, 000212.717, 166
Trd, 000214.150, 170
Trd, 000214.883, 169
Trd, 000215.017, 168
Trd, 000215.300, 166
Trd, 000215.600, 167
Trd, 000216.317, 168
Trd, 000216.833, 168
Trd, 000217.533, 166
Trd, 000217.567, 166
Trd, 000219.850, 166
Trd, 000220.267, 172
Trd, 000220.550, 170
Trd, 000220.733, 166
Trd, 000221.033, 171
Trd, 000221.800, 173
Trd, 000222.317, 168
Trd, 000222.383, 183
Trd, 000224.317, 170
Trd, 000225.867, 173
Trd, 000226.117, 172
Trd, 000226.267, 173
Trd, 000227.450, 172
Trd, 000227.483, 173
Trd, 000228.100, 176
Trd, 000228.283, 177
Trd, 000229.483, 177
Trd, 000229.850, 174
Trd, 000230.800, 172
Trd, 000231.483, 174
Trd, 000231.983, 173
Trd, 000232.767, 171
Trd, 000233.683, 168
Trd, 000234.367, 174
Trd, 000235.150, 171
Trd, 000235.783, 171
Trd, 000237.383, 171
Trd, 000238.400, 172
Trd, 000239.183, 172
Trd, 000239.650, 173
Trd, 000239.783, 174
Trd, 000240.850, 173
Trd, 000240.867, 172
Trd, 000241.467, 174
Trd, 000242.000, 172
Trd, 000242.533, 179
Trd, 000242.867, 175
Trd, 000243.383, 179
Trd, 000243.783, 177
Trd, 000244.350, 176
Trd, 000244.800, 176
Trd, 000245.900, 175
Trd, 000246.167, 175
Trd, 000246.300, 172
Trd, 000246.817, 173
Trd, 000247.583, 176
Trd, 000248.633, 172
Trd, 000248.700, 175
Trd, 000249.000, 176
Trd, 000249.500, 179
Trd, 000250.233, 179
Trd, 000250.417, 175
Trd, 000250.867, 180
Trd, 000251.617, 177
Trd, 000251.750, 178
Trd, 000251.900, 179
Trd, 000252.883, 180
Trd, 000253.283, 182
Trd, 000253.667, 180
Trd, 000253.867, 178
Trd, 000255.217, 177
Trd, 000255.383, 176
Trd, 000255.733, 177
Trd, 000256.650, 177
Trd, 000256.833, 180
Trd, 000257.217, 177
Trd, 000257.317, 177
Trd, 000257.983, 177
Trd, 000258.100, 174
Trd, 000259.000, 181
Trd, 000259.483, 182
Trd, 000260.233, 184
Trd, 000261.183, 177
Trd, 000261.550, 176
Trd, 000262.017, 179
Trd, 000262.883, 176
Trd, 000263.400, 178
Trd, 000263.617, 176
Trd, 000263.917, 177
Trd, 000263.967, 176
Trd, 000264.017, 181
Trd, 000264.617, 178
Trd, 000265.250, 181
Trd, 000265.600, 181
Trd, 000265.617, 182
Trd, 000265.833, 178
Trd, 000267.267, 178
Trd, 000268.000, 177
Trd, 000268.400, 177
Trd, 000269.200, 176
Trd, 000269.383, 177
Trd, 000270.083, 174
Trd, 000270.183, 176
Trd, 000270.200, 178
Trd, 000270.333, 181
Trd, 000270.383, 175
Trd, 000271.067, 173
Trd, 000272.483, 174
Trd, 000273.100, 178
Trd, 000273.300, 182
Trd, 000274.600, 172
Trd, 000275.050, 173
Trd, 000275.150, 175
Trd, 000275.250, 175
Trd, 000275.700, 176
Trd, 000275.850, 183
Trd, 000276.000, 169
Trd, 000276.133, 172
Trd, 000276.150, 178
Trd, 000277.533, 172
Trd, 000277.617, 171
Trd, 000278.000, 170
Trd, 000278.917, 174
Trd, 000279.700, 172
Trd, 000279.800, 174
Trd, 000280.650, 176
Trd, 000281.417, 176
Trd, 000281.500, 169
Trd, 000282.217, 170
Trd, 000282.550, 174
Trd, 000282.900, 176
Trd, 000283.533, 179
Trd, 000283.833, 179
Trd, 000283.933, 180
Trd, 000284.167, 178
Trd, 000284.317, 179
Trd, 000285.950, 179
Trd, 000286.233, 178
Trd, 000286.650, 177
Trd, 000286.833, 179
Trd, 000287.283, 184
Trd, 000287.400, 177
Trd, 000287.533, 185
Trd, 000288.183, 184
Trd, 000288.717, 182
Trd, 000289.067, 180
Trd, 000289.100, 189
Trd, 000291.467, 181
Trd, 000291.567, 180
Trd, 000291.733, 177
Trd, 000291.767, 182
Trd, 000292.200, 180
Trd, 000293.767, 180
Trd, 000294.533, 181
Trd, 000294.617, 180
Trd, 000294.650, 182
Trd, 000295.367, 178
Trd, 000295.450, 184
Trd, 000296.950, 171
Trd, 000297.067, 173
Trd, 000297.517, 187
Trd, 000298.467, 175
Trd, 000298.667, 173
Trd, 000299.283, 176
Trd, 000299.767, 184
