Trd, 000001.100, 141
Trd, 000001.267, 173
Trd, 000002.183, 151
Trd, 000003.100, 162
Trd, 000003.800, 139
Trd, 000004.217, 152
Trd, 000004.583, 110
Trd, 000005.233, 163
Trd, 000005.333, 164
Trd, 000005.383, 165
Trd, 000005.733, 168
Trd, 000005.833, 146
Trd, 000006.967, 145
Trd, 000007.833, 157
Trd, 000009.633, 152
Trd, 000009.783, 151
Trd, 000009.800, 153
Trd, 000009.833, 146
Trd, 000010.033, 145
Trd, 000010.450, 146
Trd, 000010.950, 145
Trd, 000011.050, 148
Trd, 000011.817, 148
Trd, 000012.767, 148
Trd, 000013.350, 148
Trd, 000014.183, 166
Trd, 000014.583, 149
Trd, 000015.283, 152
Trd, 000015.417, 155
Trd, 000015.983, 165
Trd, 000016.483, 156
Trd, 000016.733, 170
Trd, 000018.067, 153
Trd, 000018.817, 161
Trd, 000019.583, 157
Trd, 000019.833, 158
Trd, 000020.317, 160
Trd, 000020.533, 157
Trd, 000020.600, 155
Trd, 000020.783, 160
Trd, 000021.633, 157
Trd, 000022.083, 157
Trd, 000022.400, 165
Trd, 000022.867, 167
Trd, 000023.467, 156
Trd, 000024.583, 161
Trd, 000025.500, 159
Trd, 000026.383, 155
Trd, 000027.000, 155
Trd, 000027.183, 161
Trd, 000027.800, 161
Trd, 000029.067, 156
Trd, 000029.517, 160
Trd, 000029.700, 161
Trd, 000029.733, 168
Trd, 000030.267, 157
Trd, 000030.617, 157
Trd, 000031.083, 156
Trd, 000031.350, 167
Trd, 000031.850, 164
Trd, 000032.183, 160
Trd, 000032.817, 158
Trd, 000033.117, 164
Trd, 000033.133, 157
Trd, 000033.300, 165
Trd, 000034.650, 163
Trd, 000034.883, 150
Trd, 000035.833, 162
Trd, 000036.983, 162
Trd, 000038.217, 159
Trd, 000038.667, 166
Trd, 000038.800, 167
Trd, 000039.350, 169
Trd, 000040.233, 162
Trd, 000040.433, 161
Trd, 000041.850, 162
Trd, 000043.850, 164
Trd, 000043.900, 165
Trd, 000044.267, 166
Trd, 000044.567, 161
Trd, 000045.117, 160
Trd, 000046.217, 165
Trd, 000047.667, 167
Trd, 000047.817, 161
Trd, 000047.850, 167
Trd, 000048.017, 169
Trd, 000048.250, 161
Trd, 000048.633, 160
Trd, 000048.867, 170
Trd, 000049.883, 165
Trd, 000051.017, 165
Trd, 000051.750, 166
Trd, 000052.567, 166
Trd, 000053.283, 165
Trd, 000053.500, 163
Trd, 000054.083, 167
Trd, 000055.133, 161
Trd, 000055.350, 164
Trd, 000055.450, 163
Trd, 000055.767, 165
Trd, 000055.867, 170
Trd, 000056.417, 167
Trd, 000056.467, 171
Trd, 000057.283, 168
Trd, 000057.783, 161
Trd, 000058.350, 161
Trd, 000058.383, 160
Trd, 000058.667, 170
Trd, 000059.250, 148
Trd, 000059.733, 164
Trd, 000061.300, 161
Trd, 000061.350, 159
Trd, 000062.300, 159
Trd, 000063.000, 164
Trd, 000063.167, 156
Trd, 000064.333, 165
Trd, 000064.667, 156
Trd, 000064.983, 157
Trd, 000065.350, 162
Trd, 000065.850, 160
Trd, 000065.950, 160
Trd, 000067.033, 164
Trd, 000067.350, 169
Trd, 000067.600, 172
Trd, 000068.017, 158
Trd, 000068.683, 170
Trd, 000069.233, 167
Trd, 000069.533, 162
Trd, 000070.883, 166
Trd, 000071.450, 163
Trd, 000071.883, 167
Trd, 000072.117, 166
Trd, 000073.200, 170
Trd, 000073.317, 164
Trd, 000073.650, 175
Trd, 000073.750, 163
Trd, 000073.783, 162
Trd, 000074.083, 172
Trd, 000074.117, 161
Trd, 000074.950, 161
Trd, 000075.583, 163
Trd, 000076.600, 150
Trd, 000076.717, 145
Trd, 000077.217, 158
Trd, 000077.683, 159
Trd, 000077.783, 162
Trd, 000078.467, 163
Trd, 000078.583, 174
Trd, 000078.950, 175
Trd, 000081.800, 169
Trd, 000082.083, 161
Trd, 000082.150, 173
Trd, 000082.333, 170
Trd, 000082.750, 161
Trd, 000082.767, 147
Trd, 000083.967, 168
Trd, 000085.167, 162
Trd, 000085.200, 170
Trd, 000086.600, 161
Trd, 000086.883, 165
Trd, 000087.017, 165
Trd, 000088.450, 161
Trd, 000089.067, 161
Trd, 000089.333, 162
Trd, 000089.400, 151
Trd, 000089.550, 165
Trd, 000089.633, 161
Trd, 000090.400, 153
Trd, 000090.950, 165
Trd, 000091.667, 162
Trd, 000092.217, 163
Trd, 000092.233, 174
Trd, 000092.517, 160
Trd, 000093.817, 162
Trd, 000094.183, 160
Trd, 000096.117, 164
Trd, 000096.517, 162
Trd, 000096.833, 146
Trd, 000096.900, 163
Trd, 000097.433, 159
Trd, 000097.883, 157
Trd, 000098.033, 153
Trd, 000098.700, 134
Trd, 000099.433, 146
Trd, 000099.967, 145
Trd, 000100.400, 146
Trd, 000100.933, 145
Trd, 000101.550, 142
Trd, 000102.150, 144
Trd, 000102.300, 145
Trd, 000102.833, 160
Trd, 000103.750, 175
Trd, 000104.317, 162
Trd, 000104.783, 157
Trd, 000105.033, 178
Trd, 000106.367, 161
Trd, 000107.133, 162
Trd, 000107.317, 163
Trd, 000107.650, 164
Trd, 000107.900, 167
Trd, 000108.433, 158
Trd, 000108.817, 172
Trd, 000108.850, 159
Trd, 000110.317, 173
Trd, 000110.450, 166
Trd, 000111.333, 165
Trd, 000112.050, 173
Trd, 000113.400, 167
Trd, 000113.667, 169
Trd, 000113.717, 176
Trd, 000113.950, 167
Trd, 000114.150, 179
Trd, 000116.017, 166
Trd, 000116.283, 166
Trd, 000116.817, 171
Trd, 000117.283, 166
Trd, 000118.700, 169
Trd, 000119.050, 171
Trd, 000120.383, 171
Trd, 000120.483, 166
Trd, 000120.733, 172
Trd, 000120.933, 174
Trd, 000121.300, 165
Trd, 000121.383, 165
Trd, 000121.500, 173
Trd, 000121.550, 176
Trd, 000122.767, 180
Trd, 000123.500, 191
Trd, 000123.883, 201
Trd, 000124.333, 208
Trd, 000124.500, 285
Trd, 000124.617, 223
Trd, 000124.850, 324.0
Trd, 000124.883, 327
Trd, 000125.383, 330
Trd, 000125.783, 331.0
Trd, 000126.133, 336
Trd, 000127.267, 336
Trd, 000127.300, 348
Trd, 000127.883, 345
Trd, 000128.850, 342
Trd, 000129.000, 345
Trd, 000129.467, 329
Trd, 000130.467, 332
Trd, 000130.900, 342
Trd, 000130.933, 343
Trd, 000132.183, 343
Trd, 000132.500, 344
Trd, 000132.533, 345
Trd, 000133.083, 365.0
Trd, 000133.383, 342
Trd, 000133.500, 367
Trd, 000134.083, 339
Trd, 000134.267, 356
Trd, 000136.283, 353
Trd, 000136.417, 340
Trd, 000136.717, 355
Trd, 000137.700, 354
Trd, 000138.500, 354
Trd, 000139.083, 347
Trd, 000139.817, 350
Trd, 000140.017, 356
Trd, 000140.517, 361
Trd, 000140.950, 362
Trd, 000141.250, 365.0
Trd, 000142.050, 350
Trd, 000142.183, 367
Trd, 000142.200, 348
Trd, 000143.817, 361
Trd, 000144.983, 351
Trd, 000145.517, 361
Trd, 000146.967, 360.0
Trd, 000147.000, 351
Trd, 000147.250, 349
Trd, 000147.967, 361
Trd, 000149.167, 350
Trd, 000149.767, 349
Trd, 000149.917, 358
Trd, 000150.783, 350
Trd, 000151.167, 356
Trd, 000151.400, 357
Trd, 000151.533, 343
Trd, 000151.833, 323
Trd, 000152.733, 357
Trd, 000152.800, 365.0
Trd, 000153.900, 368.0
Trd, 000153.917, 371.0
Trd, 000155.600, 350
Trd, 000156.050, 364
Trd, 000156.583, 355
Trd, 000157.450, 362
Trd, 000158.117, 357
Trd, 000158.750, 357
Trd, 000159.333, 357
Trd, 000159.450, 362
Trd, 000160.550, 358
Trd, 000160.700, 353
Trd, 000161.317, 357
Trd, 000161.833, 363
Trd, 000162.367, 359
Trd, 000162.867, 358
Trd, 000163.250, 362
Trd, 000164.167, 355
Trd, 000165.967, 356
Trd, 000166.583, 356.0
Trd, 000167.083, 365
Trd, 000167.217, 365.0
Trd, 000167.583, 356
Trd, 000167.633, 366
Trd, 000169.317, 366
Trd, 000169.467, 355.0
Trd, 000169.967, 361
Trd, 000170.350, 354
Trd, 000171.983, 360
Trd, 000172.100, 353
Trd, 000172.317, 343
Trd, 000172.900, 355
Trd, 000173.333, 339.0
Trd, 000173.700, 337.0
Trd, 000173.883, 353
Trd, 000175.050, 351
Trd, 000176.550, 362
Trd, 000176.833, 358
Trd, 000176.967, 349
Trd, 000177.917, 363
Trd, 000178.983, 360
Trd, 000179.400, 363
Trd, 000180.400, 355.0
Trd, 000180.917, 353
Trd, 000181.050, 357
Trd, 000182.150, 360
Trd, 000182.417, 343
Trd, 000182.533, 337.0
Trd, 000182.950, 346
Trd, 000183.133, 313.0
Trd, 000183.683, 300.0
Trd, 000184.517, 193
Trd, 000185.350, 214
Trd, 000185.867, 204
Trd, 000186.567, 193
Trd, 000186.600, 186
Trd, 000186.900, 183
Trd, 000186.967, 180
Trd, 000187.100, 160
Trd, 000187.350, 181
Trd, 000187.467, 157
Trd, 000188.050, 174
Trd, 000189.433, 181
Trd, 000190.117, 184
Trd, 000190.167, 193
Trd, 000190.933, 187
Trd, 000191.050, 184
Trd, 000191.733, 181
Trd, 000192.217, 183
Trd, 000192.900, 182
Trd, 000193.133, 165
Trd, 000193.983, 174
Trd, 000194.183, 158
Trd, 000194.650, 175
Trd, 000195.767, 174
Trd, 000195.950, 175
Trd, 000196.350, 174
Trd, 000196.550, 175
Trd, 000196.600, 176
Trd, 000197.667, 176
Trd, 000197.800, 198
Trd, 000198.433, 182
Trd, 000200.317, 175
Trd, 000200.367, 174
Trd, 000200.617, 179
Trd, 000200.683, 174
Trd, 000200.867, 180
Trd, 000201.083, 180
Trd, 000203.067, 173
Trd, 000203.233, 173
Trd, 000203.450, 180
Trd, 000203.600, 182
Trd, 000204.217, 185
Trd, 000204.517, 172
Trd, 000205.483, 173
Trd, 000205.567, 182
Trd, 000205.883, 182
Trd, 000206.650, 183
Trd, 000206.750, 183
Trd, 000206.950, 184
Trd, 000207.367, 185
Trd, 000207.800, 186
Trd, 000209.033, 177
Trd, 000209.783, 178
Trd, 000210.750, 185
Trd, 000210.883, 185
Trd, 000211.067, 186
Trd, 000211.333, 176
Trd, 000212.000, 176
Trd, 000212.117, 184
Trd, 000212.667, 184
Trd, 000213.000, 184
Trd, 000214.783, 183
Trd, 000215.400, 184
Trd, 000216.033, 184
Trd, 000216.083, 184
Trd, 000216.367, 178
Trd, 000217.133, 177
Trd, 000217.667, 177
Trd, 000218.117, 185
Trd, 000218.383, 176
Trd, 000218.700, 185
Trd, 000219.383, 185
Trd, 000219.600, 185
Trd, 000219.733, 159
Trd, 000220.150, 186
Trd, 000220.783, 186
Trd, 000222.817, 184
Trd, 000223.133, 186
Trd, 000223.767, 177
Trd, 000224.083, 177
Trd, 000224.250, 186
Trd, 000225.383, 185
Trd, 000225.450, 185
Trd, 000226.000, 177
Trd, 000226.517, 186
Trd, 000226.617, 186
Trd, 000227.433, 177
Trd, 000228.033, 176
Trd, 000228.167, 188
Trd, 000229.633, 178
Trd, 000229.683, 190
Trd, 000230.767, 189
Trd, 000231.200, 188
Trd, 000231.850, 190
Trd, 000231.883, 190
Trd, 000232.800, 189
Trd, 000233.033, 190
Trd, 000233.450, 188
Trd, 000233.650, 187
Trd, 000236.567, 183
Trd, 000237.133, 182
Trd, 000237.267, 179
Trd, 000237.700, 189
Trd, 000238.050, 190
Trd, 000239.050, 189
Trd, 000239.267, 187
Trd, 000240.417, 180
Trd, 000241.167, 176
Trd, 000241.400, 172
Trd, 000241.933, 172
Trd, 000242.300, 173
Trd, 000242.500, 174
Trd, 000242.650, 170
Trd, 000242.833, 167
Trd, 000242.917, 173
Trd, 000243.617, 179
Trd, 000243.967, 185
Trd, 000244.517, 172
Trd, 000244.700, 177
Trd, 000245.283, 172
Trd, 000245.700, 185
Trd, 000246.917, 178
Trd, 000247.100, 177
Trd, 000248.217, 183
Trd, 000248.350, 185
Trd, 000248.750, 180
Trd, 000248.800, 183
Trd, 000249.317, 179
Trd, 000250.617, 178
Trd, 000250.633, 177
Trd, 000250.933, 183
Trd, 000251.050, 177
Trd, 000251.450, 190
Trd, 000252.267, 175
Trd, 000252.567, 187
Trd, 000252.733, 189
Trd, 000253.433, 172
Trd, 000254.017, 171
Trd, 000254.283, 168
Trd, 000254.533, 169
Trd, 000255.417, 166
Trd, 000255.533, 169
Trd, 000255.833, 172
Trd, 000255.917, 171
Trd, 000256.117, 162
Trd, 000257.667, 164
Trd, 000258.167, 164
Trd, 000258.283, 167
Trd, 000258.517, 166
Trd, 000258.567, 168
Trd, 000258.683, 164
Trd, 000259.450, 167
Trd, 000259.917, 168
Trd, 000260.367, 183
Trd, 000260.717, 176
Trd, 000261.517, 172
Trd, 000261.783, 175
Trd, 000261.867, 168
Trd, 000262.350, 174
Trd, 000262.600, 176
Trd, 000263.150, 184
Trd, 000263.717, 179
Trd, 000264.583, 179
Trd, 000265.233, 180
Trd, 000265.433, 183
Trd, 000266.283, 181
Trd, 000266.850, 183
Trd, 000266.867, 185
Trd, 000266.900, 178
Trd, 000268.383, 177
Trd, 000268.650, 176
Trd, 000269.200, 176
Trd, 000269.333, 173
Trd, 000269.583, 178
Trd, 000269.750, 178
Trd, 000270.233, 183
Trd, 000270.483, 175
Trd, 000271.433, 176
Trd, 000271.617, 181
Trd, 000272.150, 175
Trd, 000272.917, 181
Trd, 000273.033, 172
Trd, 000273.433, 170
Trd, 000273.600, 180
Trd, 000274.250, 176
Trd, 000274.683, 175
Trd, 000275.100, 176
Trd, 000275.200, 175
Trd, 000275.317, 178
Trd, 000275.850, 174
Trd, 000276.750, 176
Trd, 000277.533, 174
Trd, 000277.800, 177
Trd, 000278.300, 173
Trd, 000278.500, 172
Trd, 000278.533, 178
Trd, 000278.717, 178
Trd, 000278.833, 177
Trd, 000279.100, 179
Trd, 000280.333, 180
Trd, 000280.600, 178
Trd, 000281.300, 186
Trd, 000281.550, 183
Trd, 000282.450, 190
Trd, 000282.483, 176
Trd, 000283.050, 178
Trd, 000283.683, 193
Trd, 000284.083, 183
Trd, 000284.133, 182
Trd, 000284.317, 183
Trd, 000285.033, 190
Trd, 000285.517, 182
Trd, 000285.800, 188
Trd, 000285.933, 182
Trd, 000286.200, 189
Trd, 000286.717, 176
Trd, 000287.200, 173
Trd, 000287.450, 172
Trd, 000287.550, 170
Trd, 000288.117, 173
Trd, 000288.767, 162
Trd, 000289.067, 166
Trd, 000289.283, 155
Trd, 000289.483, 170
Trd, 000289.917, 169
Trd, 000290.167, 188
Trd, 000290.183, 191
Trd, 000291.567, 169
Trd, 000291.883, 178
Trd, 000292.200, 177
Trd, 000292.267, 174
Trd, 000292.783, 178
Trd, 000293.600, 174
Trd, 000294.067, 173
Trd, 000294.233, 173
Trd, 000294.617, 176
Trd, 000295.100, 176
Trd, 000295.400, 177
Trd, 000295.450, 191
Trd, 000295.750, 174
Trd, 000296.533, 172
Trd, 000297.233, 184
Trd, 000297.600, 171
Trd, 000298.233, 169
Trd, 000298.850, 166
Trd, 000299.283, 173
Trd, 000299.567, 184
