Trd, 000002.233, 126
Trd, 000002.333, 126
Trd, 000002.517, 127
Trd, 000002.700, 125
Trd, 000002.783, 151
Trd, 000003.367, 182
Trd, 000004.700, 176
Trd, 000004.983, 175
Trd, 000006.233, 167
Trd, 000006.350, 164
Trd, 000006.500, 162
Trd, 000006.950, 153
Trd, 000007.950, 158
Trd, 000008.433, 157
Trd, 000008.617, 156
Trd, 000009.317, 158
Trd, 000009.783, 154
Trd, 000010.467, 156
Trd, 000011.667, 159
Trd, 000012.117, 160
Trd, 000012.450, 160
Trd, 000012.900, 160
Trd, 000013.150, 159
Trd, 000013.667, 161
Trd, 000014.867, 160
Trd, 000015.000, 158
Trd, 000015.483, 158
Trd, 000016.250, 157
Trd, 000016.783, 156
Trd, 000018.400, 158
Trd, 000018.483, 156
Trd, 000018.783, 157
Trd, 000019.600, 155
Trd, 000020.000, 156
Trd, 000020.100, 153
Trd, 000020.500, 156
Trd, 000020.783, 153
Trd, 000020.950, 160
Trd, 000022.367, 164
Trd, 000022.733, 165
Trd, 000024.333, 159
Trd, 000024.867, 159
Trd, 000026.917, 159
Trd, 000027.000, 161
Trd, 000027.117, 159
Trd, 000027.183, 161
Trd, 000027.417, 160
Trd, 000027.867, 160
Trd, 000028.383, 159
Trd, 000028.717, 157
Trd, 000030.533, 157
Trd, 000030.967, 159
Trd, 000031.217, 155
Trd, 000031.800, 158
Trd, 000032.233, 159
Trd, 000032.267, 154
Trd, 000032.800, 158
Trd, 000033.450, 158
Trd, 000034.133, 157
Trd, 000034.483, 157
Trd, 000034.983, 157
Trd, 000035.683, 156
Trd, 000036.267, 157
Trd, 000037.533, 156
Trd, 000037.833, 160
Trd, 000038.733, 156
Trd, 000039.400, 155
Trd, 000039.417, 156
Trd, 000040.200, 157
Trd, 000040.350, 159
Trd, 000040.750, 156
Trd, 000041.850, 155
Trd, 000042.000, 159
Trd, 000043.183, 158
Trd, 000043.367, 157
Trd, 000043.583, 155
Trd, 000044.283, 156
Trd, 000045.683, 155
Trd, 000045.883, 157
Trd, 000046.417, 156
Trd, 000047.033, 155
Trd, 000048.483, 155
Trd, 000048.933, 155
Trd, 000049.083, 154
Trd, 000049.700, 155
Trd, 000050.517, 157
Trd, 000050.683, 157
Trd, 000050.850, 156
Trd, 000051.233, 162
Trd, 000053.200, 166
Trd, 000053.233, 165
Trd, 000053.283, 163
Trd, 000054.000, 162
Trd, 000054.783, 160
Trd, 000055.150, 162
Trd, 000055.400, 164
Trd, 000056.433, 161
Trd, 000056.717, 160
Trd, 000057.083, 162
Trd, 000057.150, 157
Trd, 000058.083, 156
Trd, 000058.567, 170
Trd, 000059.333, 157
Trd, 000059.650, 170
Trd, 000061.033, 161
Trd, 000061.567, 159
Trd, 000061.700, 158
Trd, 000061.717, 163
Trd, 000062.283, 161
Trd, 000063.117, 157
Trd, 000063.667, 160
Trd, 000063.717, 161
Trd, 000064.483, 157
Trd, 000065.033, 157
Trd, 000065.933, 161
Trd, 000067.150, 158
Trd, 000067.500, 158
Trd, 000067.517, 157
Trd, 000067.617, 157
Trd, 000069.117, 157
Trd, 000069.183, 158
Trd, 000069.650, 157
Trd, 000070.350, 156
Trd, 000070.367, 157
Trd, 000071.317, 156
Trd, 000071.517, 157
Trd, 000071.750, 155
Trd, 000071.967, 158
Trd, 000072.800, 171
Trd, 000073.800, 162
Trd, 000074.217, 158
Trd, 000074.567, 162
Trd, 000074.817, 162
Trd, 000074.917, 163
Trd, 000075.133, 159
Trd, 000075.417, 157
Trd, 000076.483, 163
Trd, 000077.567, 163
Trd, 000077.617, 164
Trd, 000077.800, 166
Trd, 000078.850, 161
Trd, 000078.917, 175
Trd, 000079.717, 162
Trd, 000081.117, 163
Trd, 000081.517, 162
Trd, 000081.567, 162
Trd, 000081.700, 159
Trd, 000082.000, 163
Trd, 000082.017, 166
Trd, 000084.500, 165
Trd, 000084.750, 165
Trd, 000085.317, 164
Trd, 000085.750, 164
Trd, 000086.500, 164
Trd, 000087.083, 166
Trd, 000087.283, 166
Trd, 000087.450, 165
Trd, 000087.517, 168
Trd, 000087.683, 164
Trd, 000089.383, 166
Trd, 000089.417, 164
Trd, 000089.850, 164
Trd, 000089.883, 163
Trd, 000090.150, 166
Trd, 000090.433, 163
Trd, 000091.033, 166
Trd, 000091.967, 166
Trd, 000092.000, 164
Trd, 000092.633, 163
Trd, 000092.917, 161
Trd, 000093.217, 160
Trd, 000093.433, 165
Trd, 000094.683, 159
Trd, 000094.783, 161
Trd, 000094.833, 162
Trd, 000095.567, 160
Trd, 000095.683, 157
Trd, 000097.317, 160
Trd, 000097.400, 157
Trd, 000097.633, 168
Trd, 000098.150, 175
Trd, 000098.750, 158
Trd, 000099.733, 161
Trd, 000100.950, 167
Trd, 000101.333, 167
Trd, 000101.450, 166
Trd, 000101.933, 165
Trd, 000102.133, 164
Trd, 000102.867, 167
Trd, 000102.917, 163
Trd, 000103.483, 161
Trd, 000103.767, 161
Trd, 000104.533, 165
Trd, 000105.750, 165
Trd, 000105.983, 165
Trd, 000106.133, 166
Trd, 000106.400, 167
Trd, 000108.333, 168
Trd, 000108.517, 166
Trd, 000108.867, 165
Trd, 000109.333, 165
Trd, 000109.933, 168
Trd, 000111.000, 164
Trd, 000111.250, 159
Trd, 000111.600, 166
Trd, 000113.300, 168
Trd, 000113.550, 167
Trd, 000113.567, 166
Trd, 000113.900, 163
Trd, 000114.150, 174
Trd, 000115.150, 162
Trd, 000115.500, 164
Trd, 000116.500, 164
Trd, 000116.850, 159
Trd, 000117.517, 156
Trd, 000117.817, 168
Trd, 000118.117, 168
Trd, 000118.400, 167
Trd, 000119.283, 166
Trd, 000120.033, 162
Trd, 000120.600, 161
Trd, 000121.283, 164
Trd, 000121.550, 164
Trd, 000121.733, 177
Trd, 000122.333, 187
Trd, 000122.733, 191
Trd, 000122.950, 194
Trd, 000123.233, 205
Trd, 000123.617, 274
Trd, 000124.233, 307
Trd, 000124.383, 317.0
Trd, 000124.633, 318
Trd, 000125.617, 306
Trd, 000125.733, 320.0
Trd, 000126.267, 327.0
Trd, 000126.950, 334
Trd, 000127.633, 344.0
Trd, 000128.167, 339
Trd, 000128.250, 344
Trd, 000128.650, 345
Trd, 000129.000, 340
Trd, 000129.567, 345.0
Trd, 000130.083, 344
Trd, 000130.100, 348.0
Trd, 000130.450, 343
Trd, 000130.467, 348
Trd, 000131.650, 349.0
Trd, 000131.967, 344
Trd, 000132.167, 348
Trd, 000132.750, 344
Trd, 000132.900, 344
Trd, 000133.367, 344
Trd, 000133.650, 343
Trd, 000133.917, 342
Trd, 000134.683, 346
Trd, 000134.733, 367
Trd, 000135.433, 355.0
Trd, 000135.583, 351.0
Trd, 000137.667, 350.0
Trd, 000137.717, 351
Trd, 000138.533, 365
Trd, 000138.833, 348
Trd, 000139.550, 351
Trd, 000139.600, 351.0
Trd, 000140.867, 349
Trd, 000141.367, 352.0
Trd, 000142.567, 354
Trd, 000142.583, 353
Trd, 000143.867, 352
Trd, 000144.083, 355
Trd, 000144.133, 351
Trd, 000144.567, 351
Trd, 000144.583, 363
Trd, 000144.733, 350
Trd, 000145.233, 364
Trd, 000146.433, 355.0
Trd, 000147.133, 351.0
Trd, 000148.100, 361
Trd, 000149.383, 361
Trd, 000149.667, 361
Trd, 000149.933, 360.0
Trd, 000150.133, 355.0
Trd, 000152.233, 354
Trd, 000152.283, 355
Trd, 000153.200, 353
Trd, 000153.300, 353
Trd, 000153.450, 351
Trd, 000154.117, 353
Trd, 000154.600, 355.0
Trd, 000154.667, 356
Trd, 000156.267, 363
Trd, 000156.433, 354
Trd, 000157.333, 357
Trd, 000157.400, 355
Trd, 000158.567, 356
Trd, 000159.433, 355
Trd, 000159.783, 364
Trd, 000160.467, 365
Trd, 000161.133, 363
Trd, 000161.317, 355
Trd, 000163.083, 361.0
Trd, 000163.350, 361.0
Trd, 000163.983, 356
Trd, 000164.750, 355.0
Trd, 000165.183, 358
Trd, 000166.467, 356
Trd, 000166.867, 355.0
Trd, 000167.050, 361
Trd, 000167.133, 365
Trd, 000167.950, 360
Trd, 000168.567, 361
Trd, 000168.767, 356
Trd, 000169.567, 355
Trd, 000169.683, 355
Trd, 000170.300, 355.0
Trd, 000170.600, 355
Trd, 000170.933, 354
Trd, 000171.083, 352
Trd, 000172.633, 351
Trd, 000172.733, 351.0
Trd, 000173.750, 356
Trd, 000174.250, 355
Trd, 000174.633, 353
Trd, 000175.417, 350
Trd, 000175.583, 350
Trd, 000175.900, 346
Trd, 000176.767, 348.0
Trd, 000176.933, 349
Trd, 000177.133, 340
Trd, 000178.133, 346
Trd, 000178.317, 343
Trd, 000179.750, 344
Trd, 000180.067, 351.0
Trd, 000180.467, 343
Trd, 000181.117, 344
Trd, 000181.400, 342
Trd, 000181.567, 342
Trd, 000181.950, 342
Trd, 000182.150, 342
Trd, 000182.217, 335
Trd, 000182.817, 306.0
Trd, 000183.233, 286
Trd, 000183.983, 203
Trd, 000184.000, 263
Trd, 000184.083, 198
Trd, 000184.383, 192
Trd, 000184.633, 166
Trd, 000184.750, 193
Trd, 000184.850, 162
Trd, 000185.533, 160
Trd, 000186.033, 179
Trd, 000186.617, 169
Trd, 000187.283, 187
Trd, 000187.400, 186
Trd, 000188.017, 185
Trd, 000188.433, 184
Trd, 000188.767, 167
Trd, 000190.117, 177
Trd, 000190.200, 176
Trd, 000191.083, 176
Trd, 000191.117, 174
Trd, 000191.333, 178
Trd, 000191.617, 178
Trd, 000193.600, 174
Trd, 000194.350, 179
Trd, 000194.683, 174
Trd, 000195.117, 175
Trd, 000195.183, 175
Trd, 000195.900, 176
Trd, 000196.100, 175
Trd, 000196.367, 176
Trd, 000196.917, 176
Trd, 000197.333, 175
Trd, 000197.717, 174
Trd, 000199.633, 176
Trd, 000200.000, 176
Trd, 000200.350, 178
Trd, 000200.550, 175
Trd, 000200.667, 174
Trd, 000201.117, 176
Trd, 000201.450, 175
Trd, 000201.717, 173
Trd, 000201.850, 176
Trd, 000203.567, 176
Trd, 000203.633, 177
Trd, 000204.017, 177
Trd, 000204.417, 176
Trd, 000204.917, 175
Trd, 000206.333, 177
Trd, 000206.400, 175
Trd, 000207.433, 172
Trd, 000207.650, 172
Trd, 000207.967, 174
Trd, 000208.983, 172
Trd, 000209.167, 171
Trd, 000209.400, 175
Trd, 000210.050, 172
Trd, 000210.650, 170
Trd, 000211.000, 172
Trd, 000211.183, 171
Trd, 000211.250, 177
Trd, 000211.733, 169
Trd, 000212.417, 172
Trd, 000212.433, 177
Trd, 000212.533, 170
Trd, 000212.967, 176
Trd, 000213.133, 177
Trd, 000215.250, 179
Trd, 000215.283, 180
Trd, 000215.733, 177
Trd, 000216.017, 175
Trd, 000216.867, 187
Trd, 000217.350, 181
Trd, 000218.950, 180
Trd, 000219.217, 179
Trd, 000219.483, 178
Trd, 000219.733, 178
Trd, 000219.900, 177
Trd, 000220.800, 177
Trd, 000220.933, 177
Trd, 000221.517, 177
Trd, 000222.050, 176
Trd, 000222.583, 170
Trd, 000223.267, 173
Trd, 000224.183, 178
Trd, 000224.767, 177
Trd, 000225.333, 179
Trd, 000225.550, 176
Trd, 000226.183, 175
Trd, 000226.367, 175
Trd, 000226.617, 176
Trd, 000226.750, 174
Trd, 000228.400, 174
Trd, 000228.417, 176
Trd, 000228.617, 173
Trd, 000228.700, 171
Trd, 000231.083, 179
Trd, 000231.533, 175
Trd, 000231.917, 179
Trd, 000232.333, 175
Trd, 000233.417, 178
Trd, 000233.500, 178
Trd, 000233.667, 174
Trd, 000233.800, 174
Trd, 000235.050, 175
Trd, 000235.067, 174
Trd, 000235.083, 176
Trd, 000236.367, 174
Trd, 000236.900, 174
Trd, 000237.650, 176
Trd, 000238.500, 174
Trd, 000238.633, 173
Trd, 000239.433, 175
Trd, 000240.417, 172
Trd, 000240.550, 169
Trd, 000240.783, 171
Trd, 000240.800, 170
Trd, 000241.600, 171
Trd, 000241.800, 173
Trd, 000242.017, 171
Trd, 000243.517, 171
Trd, 000243.733, 169
Trd, 000243.750, 172
Trd, 000243.767, 173
Trd, 000243.883, 169
Trd, 000243.950, 173
Trd, 000244.783, 174
Trd, 000245.050, 185
Trd, 000245.417, 178
Trd, 000245.617, 180
Trd, 000246.067, 180
Trd, 000247.033, 181
Trd, 000247.150, 180
Trd, 000247.300, 179
Trd, 000247.667, 180
Trd, 000247.950, 179
Trd, 000249.033, 175
Trd, 000249.050, 176
Trd, 000249.250, 180
Trd, 000250.600, 189
Trd, 000250.633, 188
Trd, 000251.250, 185
Trd, 000251.683, 184
Trd, 000252.067, 182
Trd, 000253.067, 181
Trd, 000253.150, 181
Trd, 000253.233, 177
Trd, 000253.700, 175
Trd, 000254.267, 177
Trd, 000254.617, 177
Trd, 000254.867, 178
Trd, 000255.233, 175
Trd, 000255.900, 175
Trd, 000255.983, 178
Trd, 000256.650, 176
Trd, 000256.967, 178
Trd, 000257.233, 180
Trd, 000257.517, 190
Trd, 000257.850, 175
Trd, 000257.883, 173
Trd, 000258.283, 174
Trd, 000258.617, 171
Trd, 000259.400, 171
Trd, 000259.633, 172
Trd, 000259.933, 172
Trd, 000260.317, 167
Trd, 000261.250, 172
Trd, 000261.300, 175
Trd, 000261.883, 184
Trd, 000262.850, 181
Trd, 000263.333, 179
Trd, 000263.850, 175
Trd, 000263.967, 174
Trd, 000264.450, 173
Trd, 000265.383, 174
Trd, 000265.700, 174
Trd, 000265.900, 176
Trd, 000266.067, 173
Trd, 000266.150, 172
Trd, 000266.617, 188
Trd, 000266.883, 188
Trd, 000266.950, 178
Trd, 000268.167, 182
Trd, 000268.700, 187
Trd, 000269.483, 185
Trd, 000269.633, 182
Trd, 000270.233, 181
Trd, 000270.333, 180
Trd, 000270.417, 180
Trd, 000271.450, 182
Trd, 000272.300, 179
Trd, 000272.383, 179
Trd, 000272.683, 181
Trd, 000273.517, 178
Trd, 000273.717, 175
Trd, 000274.333, 176
Trd, 000274.350, 178
Trd, 000274.517, 179
Trd, 000274.633, 170
Trd, 000274.733, 168
Trd, 000275.750, 179
Trd, 000275.767, 180
Trd, 000276.033, 178
Trd, 000276.933, 177
Trd, 000277.683, 179
Trd, 000277.717, 177
Trd, 000277.917, 176
Trd, 000278.033, 176
Trd, 000278.533, 176
Trd, 000278.767, 176
Trd, 000278.850, 177
Trd, 000279.100, 177
Trd, 000279.983, 176
Trd, 000280.117, 175
Trd, 000280.167, 177
Trd, 000280.517, 178
Trd, 000280.800, 175
Trd, 000280.967, 179
Trd, 000281.600, 180
Trd, 000281.683, 193
Trd, 000282.867, 196
Trd, 000283.650, 195
Trd, 000283.967, 194
Trd, 000284.233, 191
Trd, 000284.300, 191
Trd, 000284.367, 188
Trd, 000284.850, 194
Trd, 000285.150, 177
Trd, 000285.883, 178
Trd, 000286.317, 180
Trd, 000287.317, 189
Trd, 000287.800, 188
Trd, 000288.083, 187
Trd, 000288.183, 185
Trd, 000288.633, 185
Trd, 000289.117, 184
Trd, 000289.383, 181
Trd, 000289.800, 185
Trd, 000289.833, 183
Trd, 000290.817, 184
Trd, 000290.983, 184
Trd, 000291.100, 185
Trd, 000291.267, 177
Trd, 000292.917, 194
Trd, 000294.067, 184
Trd, 000294.250, 184
Trd, 000294.500, 184
Trd, 000295.167, 185
Trd, 000295.333, 187
Trd, 000295.800, 184
Trd, 000295.933, 189
Trd, 000296.133, 189
Trd, 000296.200, 183
Trd, 000296.517, 178
Trd, 000296.583, 174
Trd, 000297.750, 181
Trd, 000298.617, 187
Trd, 000299.100, 187
Trd, 000299.733, 186
Trd, 000299.750, 188
Trd, 000299.917, 185
