Trd, 000000.817, 176
Trd, 000002.100, 140
Trd, 000002.117, 155
Trd, 000003.183, 140
Trd, 000003.267, 139
Trd, 000005.250, 145
Trd, 000005.433, 134
Trd, 000006.483, 147
Trd, 000006.917, 143
Trd, 000007.950, 135
Trd, 000008.483, 137
Trd, 000009.100, 138
Trd, 000009.283, 136
Trd, 000009.983, 135
Trd, 000010.000, 140
Trd, 000010.483, 141
Trd, 000010.650, 143
Trd, 000011.100, 142
Trd, 000011.833, 141
Trd, 000012.000, 143
Trd, 000012.117, 146
Trd, 000012.900, 142
Trd, 000013.983, 143
Trd, 000014.067, 142
Trd, 000015.550, 142
Trd, 000016.100, 141
Trd, 000017.000, 143
Trd, 000017.100, 141
Trd, 000017.400, 142
Trd, 000017.800, 142
Trd, 000018.467, 143
Trd, 000019.783, 147
Trd, 000020.467, 143
Trd, 000020.600, 146
Trd, 000020.800, 150
Trd, 000021.200, 153
Trd, 000022.183, 149
Trd, 000023.200, 148
Trd, 000023.250, 149
Trd, 000023.450, 149
Trd, 000023.633, 145
Trd, 000023.683, 153
Trd, 000025.233, 147
Trd, 000025.967, 154
Trd, 000027.100, 154
Trd, 000027.450, 153
Trd, 000028.100, 150
Trd, 000028.483, 154
Trd, 000028.667, 150
Trd, 000029.533, 154
Trd, 000030.250, 155
Trd, 000030.483, 144
Trd, 000031.850, 152
Trd, 000032.017, 152
Trd, 000032.467, 154
Trd, 000033.217, 151
Trd, 000034.583, 152
Trd, 000034.700, 154
Trd, 000035.217, 155
Trd, 000035.683, 154
Trd, 000036.217, 158
Trd, 000036.983, 155
Trd, 000037.217, 154
Trd, 000037.933, 150
Trd, 000038.150, 149
Trd, 000038.617, 150
Trd, 000039.567, 151
Trd, 000040.267, 151
Trd, 000040.350, 152
Trd, 000040.933, 155
Trd, 000041.950, 152
Trd, 000043.417, 153
Trd, 000044.167, 154
Trd, 000044.367, 150
Trd, 000044.633, 152
Trd, 000044.917, 151
Trd, 000045.050, 150
Trd, 000045.433, 149
Trd, 000046.167, 149
Trd, 000047.317, 152
Trd, 000047.733, 151
Trd, 000048.017, 152
Trd, 000048.617, 149
Trd, 000048.767, 152
Trd, 000049.033, 153
Trd, 000049.650, 141
Trd, 000050.100, 159
Trd, 000050.417, 160
Trd, 000050.583, 146
Trd, 000051.000, 166
Trd, 000051.483, 177
Trd, 000051.983, 163
Trd, 000052.150, 162
Trd, 000052.517, 153
Trd, 000053.317, 159
Trd, 000054.317, 158
Trd, 000055.300, 158
Trd, 000055.333, 160
Trd, 000055.733, 157
Trd, 000056.267, 157
Trd, 000057.050, 156
Trd, 000057.283, 155
Trd, 000058.200, 155
Trd, 000058.417, 149
Trd, 000058.883, 142
Trd, 000058.983, 145
Trd, 000059.317, 146
Trd, 000060.333, 151
Trd, 000060.383, 148
Trd, 000060.800, 155
Trd, 000060.850, 143
Trd, 000061.200, 157
Trd, 000062.800, 148
Trd, 000062.967, 154
Trd, 000063.467, 157
Trd, 000063.650, 165
Trd, 000065.400, 157
Trd, 000066.167, 155
Trd, 000066.567, 157
Trd, 000066.900, 158
Trd, 000067.517, 160
Trd, 000068.517, 159
Trd, 000068.650, 157
Trd, 000068.950, 155
Trd, 000069.167, 159
Trd, 000069.767, 154
Trd, 000071.383, 156
Trd, 000071.683, 155
Trd, 000072.017, 156
Trd, 000072.100, 162
Trd, 000072.267, 158
Trd, 000073.717, 156
Trd, 000073.833, 156
Trd, 000073.867, 162
Trd, 000074.750, 177
Trd, 000075.533, 167
Trd, 000075.600, 165
Trd, 000076.117, 146
Trd, 000077.217, 145
Trd, 000078.900, 154
Trd, 000079.917, 155
Trd, 000080.050, 156
Trd, 000080.233, 154
Trd, 000081.017, 154
Trd, 000081.067, 155
Trd, 000081.233, 153
Trd, 000081.450, 155
Trd, 000082.183, 153
Trd, 000082.733, 156
Trd, 000082.867, 156
Trd, 000083.383, 158
Trd, 000084.117, 158
Trd, 000084.533, 158
Trd, 000084.717, 159
Trd, 000084.850, 162
Trd, 000085.350, 180
Trd, 000085.433, 153
Trd, 000085.750, 143
Trd, 000086.600, 145
Trd, 000086.733, 162
Trd, 000087.333, 155
Trd, 000087.350, 139
Trd, 000088.033, 154
Trd, 000089.250, 146
Trd, 000089.417, 151
Trd, 000089.600, 153
Trd, 000090.600, 154
Trd, 000092.733, 146
Trd, 000093.333, 150
Trd, 000093.517, 149
Trd, 000094.133, 147
Trd, 000094.267, 147
Trd, 000094.733, 154
Trd, 000095.517, 154
Trd, 000095.967, 157
Trd, 000096.400, 163
Trd, 000096.583, 149
Trd, 000097.517, 161
Trd, 000097.917, 165
Trd, 000098.750, 165
Trd, 000099.050, 163
Trd, 000099.200, 162
Trd, 000100.783, 162
Trd, 000100.933, 161
Trd, 000102.950, 154
Trd, 000103.667, 150
Trd, 000103.750, 155
Trd, 000103.850, 154
Trd, 000104.450, 156
Trd, 000105.017, 158
Trd, 000105.067, 151
Trd, 000105.317, 160
Trd, 000105.817, 162
Trd, 000106.717, 162
Trd, 000107.033, 161
Trd, 000107.600, 162
Trd, 000108.100, 163
Trd, 000109.033, 161
Trd, 000109.683, 159
Trd, 000110.600, 162
Trd, 000110.650, 164
Trd, 000111.500, 162
Trd, 000111.633, 166
Trd, 000111.700, 162
Trd, 000111.900, 167
Trd, 000112.583, 177
Trd, 000112.667, 174
Trd, 000113.333, 164
Trd, 000113.400, 165
Trd, 000113.867, 165
Trd, 000114.867, 164
Trd, 000115.067, 162
Trd, 000116.067, 147
Trd, 000116.333, 164
Trd, 000117.083, 155
Trd, 000117.383, 156
Trd, 000118.483, 139
Trd, 000119.800, 162
Trd, 000119.967, 154
Trd, 000120.867, 160
Trd, 000121.550, 160
Trd, 000121.933, 159
Trd, 000122.150, 164
Trd, 000122.217, 167
Trd, 000122.483, 159
Trd, 000123.167, 166
Trd, 000123.700, 187
Trd, 000123.833, 247
Trd, 000123.900, 286
Trd, 000125.117, 317.0
Trd, 000125.583, 304
Trd, 000125.850, 322
Trd, 000125.983, 324.0
Trd, 000127.017, 327
Trd, 000127.900, 323
Trd, 000128.050, 327.0
Trd, 000128.583, 315
Trd, 000129.500, 325
Trd, 000129.900, 324
Trd, 000130.700, 332
Trd, 000131.450, 343
Trd, 000131.983, 327.0
Trd, 000132.233, 334.0
Trd, 000132.267, 327.0
Trd, 000132.383, 342
Trd, 000133.217, 327
Trd, 000133.683, 345
Trd, 000135.450, 345
Trd, 000136.117, 339
Trd, 000136.200, 345
Trd, 000136.267, 338
Trd, 000137.067, 337
Trd, 000137.317, 342
Trd, 000137.950, 345
Trd, 000138.500, 347
Trd, 000140.033, 340
Trd, 000140.717, 341
Trd, 000141.000, 343
Trd, 000141.533, 339
Trd, 000142.533, 339
Trd, 000143.167, 345
Trd, 000143.217, 338
Trd, 000143.267, 337
Trd, 000143.433, 346
Trd, 000143.483, 348.0
Trd, 000144.167, 320.0
Trd, 000144.567, 335
Trd, 000146.350, 342
Trd, 000146.567, 343
Trd, 000147.200, 334
Trd, 000148.617, 335
Trd, 000148.867, 335
Trd, 000148.967, 336
Trd, 000149.850, 334
Trd, 000150.517, 336
Trd, 000151.383, 337
Trd, 000152.217, 338
Trd, 000152.867, 337
Trd, 000153.067, 335
Trd, 000153.317, 340
Trd, 000153.700, 335
Trd, 000154.350, 341
Trd, 000155.817, 337
Trd, 000156.333, 339
Trd, 000156.550, 346
Trd, 000157.700, 337
Trd, 000158.433, 335
Trd, 000159.400, 339
Trd, 000159.917, 340
Trd, 000160.867, 338
Trd, 000161.750, 340
Trd, 000161.950, 339
Trd, 000162.000, 343
Trd, 000162.283, 345
Trd, 000163.983, 346.0
Trd, 000165.117, 346.0
Trd, 000165.533, 344
Trd, 000165.817, 344
Trd, 000165.883, 353
Trd, 000167.400, 347.0
Trd, 000167.783, 345
Trd, 000167.883, 344
Trd, 000168.817, 347
Trd, 000169.783, 340
Trd, 000169.900, 346
Trd, 000170.617, 341
Trd, 000170.933, 345
Trd, 000171.083, 346
Trd, 000171.250, 347
Trd, 000172.600, 347
Trd, 000172.883, 343
Trd, 000173.283, 347.0
Trd, 000175.517, 342
Trd, 000176.433, 345.0
Trd, 000177.100, 346
Trd, 000177.350, 347
Trd, 000177.883, 342
Trd, 000178.083, 348.0
Trd, 000178.167, 342
Trd, 000178.600, 341
Trd, 000179.000, 335
Trd, 000181.000, 339
Trd, 000181.417, 339
Trd, 000181.500, 343
Trd, 000181.583, 335
Trd, 000182.883, 330
Trd, 000183.400, 328
Trd, 000183.750, 320.0
Trd, 000183.917, 306.0
Trd, 000183.967, 268
Trd, 000184.217, 218
Trd, 000184.483, 200
Trd, 000185.033, 197
Trd, 000185.067, 193
Trd, 000185.217, 183
Trd, 000185.317, 207
Trd, 000187.600, 207
Trd, 000187.683, 191
Trd, 000188.283, 169
Trd, 000189.100, 198
Trd, 000189.600, 198
Trd, 000189.700, 191
Trd, 000190.150, 197
Trd, 000190.700, 198
Trd, 000190.717, 182
Trd, 000191.267, 199
Trd, 000191.467, 179
Trd, 000191.517, 180
Trd, 000192.350, 180
Trd, 000193.083, 170
Trd, 000194.233, 151
Trd, 000194.650, 160
Trd, 000195.317, 157
Trd, 000195.400, 153
Trd, 000195.467, 158
Trd, 000195.650, 160
Trd, 000196.733, 174
Trd, 000198.600, 161
Trd, 000199.633, 162
Trd, 000199.717, 155
Trd, 000199.917, 164
Trd, 000200.583, 162
Trd, 000201.200, 160
Trd, 000201.317, 162
Trd, 000201.383, 156
Trd, 000201.800, 162
Trd, 000202.250, 157
Trd, 000202.333, 162
Trd, 000202.500, 155
Trd, 000203.217, 164
Trd, 000204.100, 167
Trd, 000205.000, 161
Trd, 000206.567, 164
Trd, 000207.533, 164
Trd, 000207.550, 166
Trd, 000208.133, 166
Trd, 000209.217, 166
Trd, 000209.333, 163
Trd, 000210.383, 161
Trd, 000210.517, 167
Trd, 000212.733, 165
Trd, 000212.917, 160
Trd, 000213.850, 162
Trd, 000214.167, 160
Trd, 000214.417, 164
Trd, 000214.467, 167
Trd, 000215.317, 166
Trd, 000215.817, 161
Trd, 000216.950, 168
Trd, 000218.883, 169
Trd, 000219.050, 167
Trd, 000219.383, 170
Trd, 000219.750, 166
Trd, 000219.867, 177
Trd, 000220.533, 169
Trd, 000222.017, 171
Trd, 000222.083, 170
Trd, 000222.650, 170
Trd, 000222.933, 166
Trd, 000223.550, 170
Trd, 000223.583, 171
Trd, 000223.783, 159
Trd, 000223.917, 172
Trd, 000225.350, 167
Trd, 000226.633, 167
Trd, 000227.217, 169
Trd, 000227.300, 174
Trd, 000227.417, 166
Trd, 000227.617, 168
Trd, 000228.083, 173
Trd, 000228.383, 171
Trd, 000229.383, 173
Trd, 000231.450, 170
Trd, 000231.700, 170
Trd, 000231.850, 171
Trd, 000232.600, 171
Trd, 000232.733, 170
Trd, 000233.467, 170
Trd, 000234.300, 170
Trd, 000234.367, 169
Trd, 000234.617, 171
Trd, 000236.283, 167
Trd, 000237.100, 167
Trd, 000237.217, 160
Trd, 000237.633, 168
Trd, 000237.800, 172
Trd, 000238.017, 171
Trd, 000238.600, 164
Trd, 000239.983, 169
Trd, 000240.083, 168
Trd, 000240.200, 169
Trd, 000240.467, 170
Trd, 000240.650, 171
Trd, 000240.983, 168
Trd, 000241.233, 172
Trd, 000242.017, 173
Trd, 000243.783, 172
Trd, 000244.067, 171
Trd, 000245.117, 172
Trd, 000245.167, 175
Trd, 000245.667, 174
Trd, 000246.200, 178
Trd, 000246.300, 173
Trd, 000246.800, 179
Trd, 000247.217, 179
Trd, 000247.767, 177
Trd, 000248.167, 176
Trd, 000249.317, 176
Trd, 000249.517, 176
Trd, 000250.067, 176
Trd, 000250.717, 175
Trd, 000250.983, 175
Trd, 000251.167, 174
Trd, 000251.883, 169
Trd, 000252.100, 180
Trd, 000252.950, 172
Trd, 000252.983, 162
Trd, 000253.033, 173
Trd, 000253.567, 173
Trd, 000253.600, 187
Trd, 000253.917, 197
Trd, 000254.567, 172
Trd, 000255.000, 173
Trd, 000255.117, 170
Trd, 000255.500, 169
Trd, 000256.067, 174
Trd, 000256.483, 174
Trd, 000256.600, 175
Trd, 000257.200, 174
Trd, 000257.233, 171
Trd, 000257.933, 173
Trd, 000258.033, 174
Trd, 000258.833, 175
Trd, 000259.033, 177
Trd, 000259.067, 177
Trd, 000259.833, 188
Trd, 000260.533, 179
Trd, 000260.850, 180
Trd, 000261.417, 179
Trd, 000261.933, 178
Trd, 000262.633, 181
Trd, 000263.933, 182
Trd, 000264.117, 179
Trd, 000264.550, 174
Trd, 000264.817, 172
Trd, 000265.450, 162
Trd, 000265.467, 177
Trd, 000266.483, 171
Trd, 000266.517, 176
Trd, 000266.867, 176
Trd, 000267.450, 177
Trd, 000268.033, 177
Trd, 000268.883, 175
Trd, 000269.833, 175
Trd, 000270.000, 175
Trd, 000270.317, 176
Trd, 000270.533, 175
Trd, 000270.583, 176
Trd, 000270.950, 173
Trd, 000271.367, 177
Trd, 000271.667, 182
Trd, 000272.733, 175
Trd, 000273.217, 173
Trd, 000274.467, 181
Trd, 000274.783, 182
Trd, 000275.333, 180
Trd, 000275.367, 178
Trd, 000275.550, 178
Trd, 000275.933, 178
Trd, 000275.967, 180
Trd, 000275.983, 177
Trd, 000276.283, 181
Trd, 000277.417, 178
Trd, 000277.500, 179
Trd, 000277.650, 183
Trd, 000278.200, 179
Trd, 000278.517, 177
Trd, 000279.050, 181
Trd, 000279.300, 182
Trd, 000279.333, 183
Trd, 000280.667, 185
Trd, 000280.950, 182
Trd, 000281.183, 181
Trd, 000281.350, 179
Trd, 000283.150, 175
Trd, 000283.900, 176
Trd, 000284.967, 174
Trd, 000285.050, 173
Trd, 000285.417, 171
Trd, 000285.783, 173
Trd, 000286.083, 172
Trd, 000286.283, 156
Trd, 000286.400, 173
Trd, 000286.533, 173
Trd, 000286.800, 176
Trd, 000287.333, 179
Trd, 000287.850, 167
Trd, 000289.467, 173
Trd, 000289.683, 174
Trd, 000289.950, 174
Trd, 000290.100, 173
Trd, 000290.450, 173
Trd, 000290.783, 174
Trd, 000291.083, 173
Trd, 000291.267, 172
Trd, 000291.567, 174
Trd, 000291.833, 170
Trd, 000291.900, 177
Trd, 000292.050, 180
Trd, 000292.450, 180
Trd, 000293.250, 184
Trd, 000294.333, 182
Trd, 000294.600, 180
Trd, 000294.900, 186
Trd, 000295.333, 188
Trd, 000296.000, 190
Trd, 000296.150, 185
Trd, 000296.217, 185
Trd, 000296.983, 183
Trd, 000297.250, 182
Trd, 000298.683, 182
Trd, 000299.550, 178
Trd, 000299.800, 174
