Trd, 000001.300, 108
Trd, 000002.583, 124
Trd, 000002.717, 151
Trd, 000003.083, 133
Trd, 000004.550, 144
Trd, 000005.567, 152
Trd, 000006.183, 152
Trd, 000006.400, 152
Trd, 000006.917, 151
Trd, 000007.167, 152
Trd, 000007.500, 150
Trd, 000008.067, 146
Trd, 000009.083, 141
Trd, 000009.100, 141
Trd, 000009.600, 152
Trd, 000009.950, 140
Trd, 000010.017, 153
Trd, 000010.467, 156
Trd, 000010.867, 145
Trd, 000011.800, 146
Trd, 000012.033, 144
Trd, 000013.783, 143
Trd, 000014.117, 129
Trd, 000014.550, 140
Trd, 000015.167, 140
Trd, 000015.350, 142
Trd, 000015.417, 144
Trd, 000015.483, 139
Trd, 000015.850, 155
Trd, 000016.350, 156
Trd, 000017.167, 140
Trd, 000017.517, 165
Trd, 000019.217, 148
Trd, 000019.633, 146
Trd, 000019.783, 149
Trd, 000020.967, 148
Trd, 000021.000, 147
Trd, 000021.583, 163
Trd, 000022.483, 145
Trd, 000024.783, 149
Trd, 000025.200, 148
Trd, 000025.367, 151
Trd, 000025.467, 147
Trd, 000027.067, 150
Trd, 000028.483, 150
Trd, 000028.733, 150
Trd, 000029.150, 151
Trd, 000029.183, 150
Trd, 000029.383, 150
Trd, 000030.000, 148
Trd, 000030.083, 146
Trd, 000030.233, 151
Trd, 000030.333, 150
Trd, 000031.300, 150
Trd, 000031.900, 157
Trd, 000032.017, 157
Trd, 000032.183, 146
Trd, 000032.300, 145
Trd, 000032.433, 147
Trd, 000032.500, 158
Trd, 000032.583, 146
Trd, 000033.350, 175
Trd, 000034.733, 154
Trd, 000036.700, 146
Trd, 000039.200, 149
Trd, 000039.600, 159
Trd, 000039.983, 165
Trd, 000040.667, 153
Trd, 000040.767, 155
Trd, 000041.050, 154
Trd, 000041.117, 157
Trd, 000041.517, 166
Trd, 000042.050, 156
Trd, 000042.433, 155
Trd, 000043.333, 172
Trd, 000043.517, 160
Trd, 000043.667, 154
Trd, 000043.750, 145
Trd, 000045.450, 147
Trd, 000045.650, 148
Trd, 000045.883, 157
Trd, 000046.333, 152
Trd, 000046.350, 151
Trd, 000047.067, 153
Trd, 000048.267, 163
Trd, 000048.567, 157
Trd, 000049.983, 170
Trd, 000050.467, 156
Trd, 000051.783, 155
Trd, 000051.850, 146
Trd, 000052.700, 154
Trd, 000052.733, 155
Trd, 000053.400, 156
Trd, 000053.617, 159
Trd, 000055.017, 155
Trd, 000055.600, 160
Trd, 000057.117, 155
Trd, 000057.467, 157
Trd, 000058.250, 157
Trd, 000058.400, 156
Trd, 000059.117, 159
Trd, 000059.450, 154
Trd, 000059.833, 152
Trd, 000060.750, 150
Trd, 000060.917, 156
Trd, 000061.050, 147
Trd, 000061.983, 153
Trd, 000062.933, 145
Trd, 000062.983, 123
Trd, 000064.033, 144
Trd, 000064.583, 136
Trd, 000065.383, 143
Trd, 000065.550, 140
Trd, 000065.700, 146
Trd, 000065.750, 147
Trd, 000066.667, 141
Trd, 000067.733, 140
Trd, 000068.817, 145
Trd, 000069.517, 144
Trd, 000070.183, 145
Trd, 000071.050, 147
Trd, 000071.383, 148
Trd, 000071.450, 146
Trd, 000071.500, 148
Trd, 000071.767, 151
Trd, 000072.200, 148
Trd, 000072.667, 150
Trd, 000073.333, 151
Trd, 000073.550, 151
Trd, 000075.000, 161
Trd, 000075.417, 162
Trd, 000075.817, 148
Trd, 000076.167, 168
Trd, 000076.467, 151
Trd, 000076.583, 152
Trd, 000077.083, 169
Trd, 000077.933, 163
Trd, 000079.617, 153
Trd, 000079.700, 159
Trd, 000081.250, 156
Trd, 000081.617, 163
Trd, 000081.800, 164
Trd, 000082.017, 163
Trd, 000082.417, 158
Trd, 000082.450, 170
Trd, 000083.617, 159
Trd, 000084.133, 158
Trd, 000085.050, 157
Trd, 000085.233, 162
Trd, 000085.283, 164
Trd, 000087.400, 160
Trd, 000087.483, 160
Trd, 000087.817, 161
Trd, 000088.400, 162
Trd, 000089.017, 162
Trd, 000089.283, 163
Trd, 000090.217, 161
Trd, 000090.933, 160
Trd, 000091.133, 164
Trd, 000093.283, 162
Trd, 000093.333, 164
Trd, 000094.017, 164
Trd, 000094.550, 161
Trd, 000094.633, 161
Trd, 000095.367, 161
Trd, 000095.533, 164
Trd, 000096.700, 170
Trd, 000096.767, 171
Trd, 000097.517, 168
Trd, 000097.817, 168
Trd, 000098.133, 163
Trd, 000099.550, 163
Trd, 000100.283, 161
Trd, 000100.650, 161
Trd, 000101.033, 162
Trd, 000101.483, 163
Trd, 000102.183, 164
Trd, 000102.400, 165
Trd, 000102.800, 159
Trd, 000103.183, 164
Trd, 000103.783, 151
Trd, 000104.733, 152
Trd, 000105.500, 152
Trd, 000105.517, 163
Trd, 000105.783, 165
Trd, 000106.283, 162
Trd, 000106.500, 162
Trd, 000106.633, 152
Trd, 000107.017, 155
Trd, 000108.733, 153
Trd, 000108.867, 154
Trd, 000109.367, 155
Trd, 000110.033, 152
Trd, 000110.533, 152
Trd, 000111.733, 154
Trd, 000111.833, 153
Trd, 000112.650, 153
Trd, 000112.767, 151
Trd, 000113.383, 154
Trd, 000114.067, 155
Trd, 000114.383, 155
Trd, 000114.467, 154
Trd, 000114.717, 150
Trd, 000115.533, 155
Trd, 000115.883, 164
Trd, 000117.017, 169
Trd, 000117.600, 165
Trd, 000117.867, 163
Trd, 000118.100, 162
Trd, 000118.150, 175
Trd, 000118.867, 153
Trd, 000118.900, 175
Trd, 000119.717, 145
Trd, 000120.050, 176
Trd, 000121.033, 183
Trd, 000121.350, 164
Trd, 000121.400, 183
Trd, 000121.517, 171
Trd, 000121.583, 191
Trd, 000122.300, 200
Trd, 000122.767, 168
Trd, 000123.033, 169
Trd, 000123.467, 208
Trd, 000123.783, 314
Trd, 000124.000, 200
Trd, 000124.733, 320.0
Trd, 000125.967, 324.0
Trd, 000126.350, 336
Trd, 000126.717, 306
Trd, 000128.883, 322
Trd, 000129.217, 318.0
Trd, 000129.867, 325.0
Trd, 000129.900, 324.0
Trd, 000130.383, 333
Trd, 000130.850, 335
Trd, 000131.333, 337.0
Trd, 000131.450, 340
Trd, 000131.800, 333
Trd, 000132.217, 344.0
Trd, 000133.283, 333
Trd, 000133.817, 342
Trd, 000134.117, 341.0
Trd, 000134.817, 339
Trd, 000134.983, 344.0
Trd, 000135.450, 325.0
Trd, 000136.667, 352
Trd, 000137.333, 332
Trd, 000137.733, 335
Trd, 000138.050, 339
Trd, 000138.250, 338
Trd, 000138.350, 341
Trd, 000139.783, 341.0
Trd, 000139.983, 350
Trd, 000140.150, 339
Trd, 000140.900, 341
Trd, 000141.950, 339
Trd, 000142.100, 324.0
Trd, 000142.783, 339
Trd, 000143.933, 321
Trd, 000144.367, 339
Trd, 000144.417, 327
Trd, 000144.633, 340
Trd, 000144.883, 342
Trd, 000145.050, 345
Trd, 000146.817, 333
Trd, 000147.033, 333
Trd, 000147.117, 342
Trd, 000147.250, 344.0
Trd, 000147.267, 332
Trd, 000147.983, 344
Trd, 000149.067, 331
Trd, 000150.267, 341.0
Trd, 000150.283, 342
Trd, 000150.833, 337
Trd, 000151.250, 355.0
Trd, 000152.150, 344.0
Trd, 000152.200, 339
Trd, 000152.500, 361.0
Trd, 000153.767, 351
Trd, 000155.267, 346
Trd, 000155.617, 347
Trd, 000155.817, 346
Trd, 000155.917, 348
Trd, 000156.050, 339
Trd, 000156.583, 334
Trd, 000156.800, 349
Trd, 000157.917, 342.0
Trd, 000159.367, 342.0
Trd, 000160.100, 344.0
Trd, 000160.217, 343.0
Trd, 000160.400, 355.0
Trd, 000161.900, 343
Trd, 000161.917, 341.0
Trd, 000161.967, 346
Trd, 000162.150, 340
Trd, 000162.900, 335
Trd, 000164.500, 347
Trd, 000164.917, 341.0
Trd, 000164.967, 361.0
Trd, 000165.017, 342
Trd, 000165.517, 345
Trd, 000166.117, 350
Trd, 000166.350, 339
Trd, 000166.783, 340
Trd, 000167.217, 340
Trd, 000168.450, 347
Trd, 000168.500, 343
Trd, 000169.100, 341.0
Trd, 000169.583, 343.0
Trd, 000169.833, 341
Trd, 000170.117, 344.0
Trd, 000171.750, 347
Trd, 000172.767, 361.0
Trd, 000173.183, 346
Trd, 000173.633, 346
Trd, 000174.617, 343
Trd, 000175.300, 340
Trd, 000175.817, 341.0
Trd, 000176.050, 346
Trd, 000176.383, 340
Trd, 000176.617, 341
Trd, 000176.733, 344.0
Trd, 000177.983, 347
Trd, 000179.083, 344
Trd, 000179.250, 343
Trd, 000179.583, 348
Trd, 000179.767, 348
Trd, 000180.233, 344
Trd, 000180.667, 340
Trd, 000181.017, 343
Trd, 000181.983, 342.0
Trd, 000182.800, 342
Trd, 000182.917, 324.0
Trd, 000183.133, 317.0
Trd, 000183.333, 310.0
Trd, 000183.883, 210
Trd, 000183.933, 211
Trd, 000184.367, 297
Trd, 000184.583, 193
Trd, 000184.883, 190
Trd, 000185.517, 204
Trd, 000186.050, 197
Trd, 000186.417, 169
Trd, 000186.850, 200
Trd, 000187.900, 194
Trd, 000188.817, 189
Trd, 000189.267, 197
Trd, 000190.067, 195
Trd, 000190.500, 190
Trd, 000190.667, 170
Trd, 000191.000, 170
Trd, 000191.233, 167
Trd, 000191.450, 160
Trd, 000191.467, 155
Trd, 000194.050, 145
Trd, 000194.583, 163
Trd, 000195.600, 161
Trd, 000195.700, 163
Trd, 000196.667, 160
Trd, 000196.683, 164
Trd, 000197.117, 163
Trd, 000198.017, 162
Trd, 000198.883, 162
Trd, 000198.917, 163
Trd, 000199.450, 164
Trd, 000199.767, 174
Trd, 000200.017, 161
Trd, 000201.100, 179
Trd, 000201.117, 162
Trd, 000202.300, 164
Trd, 000202.450, 169
Trd, 000203.117, 166
Trd, 000203.817, 168
Trd, 000205.633, 165
Trd, 000205.733, 164
Trd, 000205.750, 165
Trd, 000206.050, 175
Trd, 000207.183, 168
Trd, 000207.567, 169
Trd, 000207.683, 168
Trd, 000208.100, 162
Trd, 000208.750, 170
Trd, 000209.317, 168
Trd, 000209.333, 167
Trd, 000209.667, 168
Trd, 000210.233, 162
Trd, 000210.983, 164
Trd, 000211.450, 159
Trd, 000211.900, 165
Trd, 000213.217, 163
Trd, 000215.033, 161
Trd, 000215.500, 163
Trd, 000216.650, 162
Trd, 000216.933, 165
Trd, 000217.200, 162
Trd, 000218.800, 164
Trd, 000219.483, 164
Trd, 000219.550, 166
Trd, 000219.883, 163
Trd, 000219.950, 163
Trd, 000220.017, 171
Trd, 000220.150, 163
Trd, 000220.250, 172
Trd, 000220.700, 177
Trd, 000220.833, 166
Trd, 000222.433, 165
Trd, 000223.967, 163
Trd, 000224.050, 164
Trd, 000224.517, 166
Trd, 000224.583, 168
Trd, 000225.350, 167
Trd, 000225.367, 183
Trd, 000225.867, 170
Trd, 000226.700, 171
Trd, 000227.000, 171
Trd, 000227.350, 172
Trd, 000227.733, 172
Trd, 000228.483, 172
Trd, 000228.917, 173
Trd, 000229.283, 174
Trd, 000229.517, 172
Trd, 000229.833, 174
Trd, 000230.283, 178
Trd, 000231.250, 171
Trd, 000231.367, 164
Trd, 000232.350, 164
Trd, 000232.767, 175
Trd, 000233.933, 167
Trd, 000234.150, 185
Trd, 000234.867, 179
Trd, 000235.717, 177
Trd, 000235.950, 185
Trd, 000236.017, 176
Trd, 000236.617, 168
Trd, 000237.550, 172
Trd, 000237.617, 171
Trd, 000237.967, 170
Trd, 000239.167, 168
Trd, 000239.750, 167
Trd, 000240.133, 167
Trd, 000240.517, 167
Trd, 000240.583, 165
Trd, 000240.750, 157
Trd, 000241.183, 164
Trd, 000241.417, 168
Trd, 000241.633, 165
Trd, 000241.883, 168
Trd, 000242.717, 167
Trd, 000243.233, 167
Trd, 000243.433, 168
Trd, 000243.517, 167
Trd, 000243.783, 179
Trd, 000243.983, 182
Trd, 000244.367, 167
Trd, 000244.400, 167
Trd, 000245.450, 168
Trd, 000245.617, 169
Trd, 000245.767, 169
Trd, 000246.050, 172
Trd, 000246.950, 174
Trd, 000247.633, 176
Trd, 000248.100, 176
Trd, 000248.450, 186
Trd, 000248.617, 186
Trd, 000249.133, 184
Trd, 000249.533, 175
Trd, 000250.233, 187
Trd, 000250.567, 179
Trd, 000251.000, 178
Trd, 000251.033, 192
Trd, 000251.067, 178
Trd, 000251.233, 176
Trd, 000251.300, 193
Trd, 000253.183, 188
Trd, 000253.750, 186
Trd, 000254.233, 183
Trd, 000254.333, 172
Trd, 000255.700, 181
Trd, 000255.733, 178
Trd, 000255.933, 177
Trd, 000256.217, 181
Trd, 000256.800, 181
Trd, 000256.850, 180
Trd, 000256.983, 180
Trd, 000257.900, 181
Trd, 000258.467, 179
Trd, 000259.700, 177
Trd, 000259.850, 182
Trd, 000260.517, 174
Trd, 000260.550, 183
Trd, 000261.017, 175
Trd, 000261.283, 184
Trd, 000261.567, 173
Trd, 000261.700, 170
Trd, 000261.750, 186
Trd, 000262.633, 180
Trd, 000262.683, 181
Trd, 000263.567, 176
Trd, 000263.783, 175
Trd, 000264.183, 179
Trd, 000264.333, 180
Trd, 000264.917, 174
Trd, 000266.033, 171
Trd, 000266.333, 174
Trd, 000266.567, 176
Trd, 000267.483, 172
Trd, 000267.883, 169
Trd, 000268.383, 173
Trd, 000268.700, 169
Trd, 000269.117, 174
Trd, 000269.433, 174
Trd, 000269.533, 173
Trd, 000269.567, 178
Trd, 000270.050, 184
Trd, 000270.267, 168
Trd, 000270.500, 161
Trd, 000271.317, 166
Trd, 000272.217, 171
Trd, 000272.783, 161
Trd, 000273.050, 172
Trd, 000273.217, 151
Trd, 000273.750, 168
Trd, 000274.267, 171
Trd, 000274.367, 176
Trd, 000274.383, 154
Trd, 000274.817, 181
Trd, 000276.067, 174
Trd, 000276.217, 170
Trd, 000276.267, 176
Trd, 000276.683, 176
Trd, 000277.333, 170
Trd, 000277.900, 182
Trd, 000278.483, 186
Trd, 000278.733, 192
Trd, 000279.967, 195
Trd, 000280.033, 196
Trd, 000280.133, 191
Trd, 000280.750, 188
Trd, 000281.000, 187
Trd, 000281.317, 185
Trd, 000281.400, 181
Trd, 000281.433, 179
Trd, 000281.600, 186
Trd, 000281.833, 179
Trd, 000282.250, 176
Trd, 000282.400, 169
Trd, 000282.567, 187
Trd, 000282.900, 184
Trd, 000283.133, 175
Trd, 000283.233, 186
Trd, 000283.633, 162
Trd, 000284.367, 183
Trd, 000285.583, 183
Trd, 000285.600, 180
Trd, 000286.033, 183
Trd, 000287.333, 180
Trd, 000287.517, 181
Trd, 000287.783, 180
Trd, 000288.133, 183
Trd, 000288.400, 187
Trd, 000288.483, 186
Trd, 000288.600, 183
Trd, 000289.767, 177
Trd, 000290.283, 173
Trd, 000290.950, 179
Trd, 000291.517, 179
Trd, 000292.300, 182
Trd, 000292.517, 183
Trd, 000293.133, 186
Trd, 000293.700, 185
Trd, 000293.783, 191
Trd, 000293.833, 185
Trd, 000294.050, 187
Trd, 000294.067, 183
Trd, 000294.683, 178
Trd, 000294.883, 177
Trd, 000295.433, 181
Trd, 000295.767, 171
Trd, 000295.850, 184
Trd, 000295.867, 170
Trd, 000297.167, 171
Trd, 000298.150, 170
Trd, 000298.283, 173
Trd, 000298.383, 165
Trd, 000298.433, 171
Trd, 000299.283, 171
Trd, 000299.333, 173
Trd, 000299.550, 165
Trd, 000299.717, 174
Trd, 000299.800, 163
Trd, 000299.967, 173
