Trd, 000000.717, 171
Trd, 000001.333, 200
Trd, 000002.300, 140
Trd, 000003.200, 130
Trd, 000003.550, 141
Trd, 000005.450, 136
Trd, 000005.550, 137
Trd, 000005.983, 144
Trd, 000006.183, 148
Trd, 000006.983, 144
Trd, 000007.533, 143
Trd, 000008.133, 143
Trd, 000009.033, 145
Trd, 000009.183, 156
Trd, 000009.633, 146
Trd, 000009.883, 150
Trd, 000010.667, 149
Trd, 000010.800, 145
Trd, 000010.883, 152
Trd, 000012.567, 150
Trd, 000012.767, 150
Trd, 000014.083, 149
Trd, 000014.117, 149
Trd, 000014.433, 149
Trd, 000015.050, 148
Trd, 000015.550, 148
Trd, 000016.267, 150
Trd, 000016.583, 149
Trd, 000016.817, 150
Trd, 000017.117, 150
Trd, 000018.383, 150
Trd, 000018.450, 149
Trd, 000018.817, 151
Trd, 000020.283, 149
Trd, 000020.350, 150
Trd, 000021.133, 149
Trd, 000021.667, 157
Trd, 000022.750, 150
Trd, 000022.867, 150
Trd, 000023.200, 152
Trd, 000023.867, 151
Trd, 000024.233, 149
Trd, 000025.200, 151
Trd, 000025.317, 152
Trd, 000025.900, 153
Trd, 000026.733, 155
Trd, 000026.933, 155
Trd, 000027.500, 155
Trd, 000027.817, 156
Trd, 000027.900, 158
Trd, 000029.517, 156
Trd, 000029.533, 157
Trd, 000030.850, 156
Trd, 000031.083, 158
Trd, 000031.433, 154
Trd, 000031.500, 152
Trd, 000031.783, 157
Trd, 000032.050, 158
Trd, 000033.233, 152
Trd, 000033.617, 153
Trd, 000034.183, 163
Trd, 000034.417, 152
Trd, 000034.733, 151
Trd, 000036.200, 155
Trd, 000037.300, 153
Trd, 000037.533, 152
Trd, 000037.700, 152
Trd, 000037.767, 153
Trd, 000038.217, 151
Trd, 000038.467, 152
Trd, 000038.700, 152
Trd, 000038.983, 154
Trd, 000040.350, 151
Trd, 000041.000, 145
Trd, 000041.033, 135
Trd, 000041.267, 148
Trd, 000041.433, 134
Trd, 000041.667, 154
Trd, 000042.133, 159
Trd, 000042.750, 153
Trd, 000043.367, 150
Trd, 000044.167, 152
Trd, 000044.483, 150
Trd, 000044.517, 159
Trd, 000047.017, 168
Trd, 000047.117, 179
Trd, 000048.400, 170
Trd, 000048.500, 169
Trd, 000049.083, 168
Trd, 000049.283, 167
Trd, 000049.600, 151
Trd, 000049.783, 168
Trd, 000050.533, 166
Trd, 000051.367, 159
Trd, 000051.550, 156
Trd, 000053.550, 154
Trd, 000053.983, 157
Trd, 000054.083, 157
Trd, 000054.200, 153
Trd, 000055.050, 157
Trd, 000055.400, 158
Trd, 000055.667, 157
Trd, 000055.917, 158
Trd, 000057.200, 157
Trd, 000057.300, 155
Trd, 000057.667, 159
Trd, 000057.900, 154
Trd, 000057.983, 154
Trd, 000058.933, 156
Trd, 000059.017, 158
Trd, 000059.467, 153
Trd, 000062.083, 155
Trd, 000062.433, 157
Trd, 000063.083, 157
Trd, 000063.433, 157
Trd, 000063.900, 156
Trd, 000063.917, 153
Trd, 000064.333, 156
Trd, 000064.700, 155
Trd, 000064.917, 157
Trd, 000065.700, 161
Trd, 000066.033, 168
Trd, 000067.150, 157
Trd, 000067.700, 158
Trd, 000068.067, 162
Trd, 000068.400, 163
Trd, 000068.967, 160
Trd, 000070.150, 161
Trd, 000070.300, 162
Trd, 000070.350, 159
Trd, 000071.200, 160
Trd, 000071.617, 161
Trd, 000071.883, 162
Trd, 000072.633, 159
Trd, 000073.233, 158
Trd, 000073.333, 159
Trd, 000073.417, 158
Trd, 000073.800, 159
Trd, 000073.983, 158
Trd, 000075.200, 160
Trd, 000075.967, 158
Trd, 000076.333, 157
Trd, 000077.217, 150
Trd, 000077.367, 151
Trd, 000077.867, 154
Trd, 000077.967, 155
Trd, 000078.433, 156
Trd, 000079.250, 152
Trd, 000080.133, 157
Trd, 000080.433, 153
Trd, 000082.033, 159
Trd, 000082.050, 158
Trd, 000082.083, 163
Trd, 000082.250, 157
Trd, 000084.267, 160
Trd, 000084.783, 161
Trd, 000085.417, 159
Trd, 000085.850, 157
Trd, 000086.250, 158
Trd, 000086.700, 158
Trd, 000088.150, 157
Trd, 000088.450, 157
Trd, 000088.533, 142
Trd, 000088.800, 158
Trd, 000090.200, 151
Trd, 000090.367, 160
Trd, 000090.683, 159
Trd, 000091.367, 164
Trd, 000091.650, 162
Trd, 000091.867, 153
Trd, 000092.817, 154
Trd, 000092.867, 152
Trd, 000093.367, 152
Trd, 000094.800, 153
Trd, 000095.133, 152
Trd, 000095.333, 151
Trd, 000095.817, 153
Trd, 000097.317, 156
Trd, 000098.300, 154
Trd, 000098.350, 155
Trd, 000098.900, 156
Trd, 000099.133, 158
Trd, 000099.150, 160
Trd, 000100.300, 157
Trd, 000100.683, 158
Trd, 000101.133, 159
Trd, 000101.250, 158
Trd, 000101.467, 165
Trd, 000102.000, 154
Trd, 000102.567, 158
Trd, 000102.800, 148
Trd, 000103.883, 153
Trd, 000103.917, 154
Trd, 000104.533, 152
Trd, 000104.683, 172
Trd, 000105.600, 151
Trd, 000105.917, 154
Trd, 000107.317, 153
Trd, 000107.367, 159
Trd, 000109.483, 155
Trd, 000109.567, 154
Trd, 000109.867, 153
Trd, 000110.067, 156
Trd, 000110.117, 154
Trd, 000110.550, 154
Trd, 000110.733, 155
Trd, 000110.983, 159
Trd, 000111.383, 155
Trd, 000111.583, 157
Trd, 000112.483, 159
Trd, 000112.900, 159
Trd, 000113.483, 160
Trd, 000114.283, 159
Trd, 000114.367, 157
Trd, 000115.433, 158
Trd, 000115.867, 159
Trd, 000116.250, 160
Trd, 000116.717, 160
Trd, 000117.517, 173
Trd, 000118.000, 167
Trd, 000119.633, 167
Trd, 000119.783, 165
Trd, 000119.983, 168
Trd, 000120.733, 169
Trd, 000120.867, 168
Trd, 000121.000, 167
Trd, 000121.150, 169
Trd, 000121.450, 170
Trd, 000121.683, 174
Trd, 000122.033, 193
Trd, 000123.083, 194
Trd, 000123.283, 201
Trd, 000123.350, 205
Trd, 000123.383, 287
Trd, 000123.500, 303.0
Trd, 000123.667, 308
Trd, 000125.083, 319
Trd, 000125.117, 318
Trd, 000126.150, 327.0
Trd, 000126.433, 337.0
Trd, 000128.150, 341.0
Trd, 000129.650, 336
Trd, 000130.533, 340.0
Trd, 000130.933, 341
Trd, 000132.133, 342
Trd, 000132.650, 341.0
Trd, 000133.317, 344
Trd, 000133.783, 343
Trd, 000134.317, 347
Trd, 000134.483, 346
Trd, 000134.517, 338
Trd, 000134.750, 354.0
Trd, 000135.967, 349
Trd, 000136.400, 351
Trd, 000136.733, 352
Trd, 000137.667, 346
Trd, 000139.450, 348
Trd, 000139.933, 353
Trd, 000140.400, 354
Trd, 000140.533, 347
Trd, 000140.967, 348
Trd, 000141.367, 352
Trd, 000141.450, 349
Trd, 000142.917, 348
Trd, 000142.967, 347
Trd, 000144.167, 352.0
Trd, 000144.367, 345
Trd, 000145.117, 350
Trd, 000145.600, 349
Trd, 000146.000, 349
Trd, 000146.167, 355.0
Trd, 000146.317, 345
Trd, 000146.750, 340
Trd, 000147.333, 342
Trd, 000148.483, 341
Trd, 000148.617, 346
Trd, 000148.750, 347
Trd, 000148.850, 341
Trd, 000150.517, 342
Trd, 000151.417, 343
Trd, 000152.533, 344
Trd, 000153.017, 347.0
Trd, 000153.517, 344.0
Trd, 000153.783, 347
Trd, 000154.150, 347.0
Trd, 000154.683, 343.0
Trd, 000155.883, 347.0
Trd, 000156.117, 348.0
Trd, 000156.200, 342.0
Trd, 000156.533, 348
Trd, 000158.467, 344
Trd, 000158.500, 341.0
Trd, 000158.850, 351
Trd, 000159.467, 344
Trd, 000160.033, 344.0
Trd, 000160.250, 354
Trd, 000162.417, 347
Trd, 000163.117, 349
Trd, 000163.667, 348
Trd, 000163.850, 349
Trd, 000163.983, 350
Trd, 000164.167, 354
Trd, 000165.833, 349
Trd, 000166.933, 349
Trd, 000167.500, 351
Trd, 000167.567, 342
Trd, 000167.817, 341.0
Trd, 000169.017, 344.0
Trd, 000169.733, 343
Trd, 000169.850, 344
Trd, 000169.967, 341
Trd, 000170.450, 346
Trd, 000170.800, 337
Trd, 000171.467, 346
Trd, 000173.217, 345
Trd, 000174.583, 341
Trd, 000175.467, 334
Trd, 000175.683, 337.0
Trd, 000176.300, 337
Trd, 000176.350, 340
Trd, 000176.533, 338
Trd, 000177.050, 342
Trd, 000177.817, 337
Trd, 000178.200, 338
Trd, 000178.433, 339
Trd, 000178.500, 337
Trd, 000179.250, 336
Trd, 000179.383, 337
Trd, 000179.850, 336
Trd, 000180.233, 342.0
Trd, 000180.417, 337.0
Trd, 000181.133, 334
Trd, 000181.283, 333
Trd, 000183.017, 328
Trd, 000183.300, 327.0
Trd, 000183.817, 326
Trd, 000184.367, 341
Trd, 000184.633, 310
Trd, 000185.083, 218
Trd, 000185.300, 190
Trd, 000185.650, 189
Trd, 000185.717, 199
Trd, 000185.883, 180
Trd, 000187.617, 203
Trd, 000188.483, 199
Trd, 000188.850, 194
Trd, 000189.317, 191
Trd, 000189.350, 203
Trd, 000189.700, 189
Trd, 000190.833, 194
Trd, 000191.700, 194
Trd, 000192.283, 191
Trd, 000192.850, 195
Trd, 000193.317, 186
Trd, 000194.733, 194
Trd, 000195.650, 189
Trd, 000195.983, 191
Trd, 000196.650, 190
Trd, 000196.700, 189
Trd, 000196.750, 186
Trd, 000196.917, 191
Trd, 000197.233, 186
Trd, 000198.033, 183
Trd, 000198.300, 181
Trd, 000199.133, 185
Trd, 000199.600, 166
Trd, 000199.867, 163
Trd, 000200.583, 177
Trd, 000200.967, 178
Trd, 000201.117, 177
Trd, 000201.883, 164
Trd, 000203.133, 164
Trd, 000203.383, 169
Trd, 000203.400, 171
Trd, 000205.300, 166
Trd, 000205.400, 168
Trd, 000205.417, 165
Trd, 000205.533, 169
Trd, 000205.767, 162
Trd, 000206.133, 169
Trd, 000207.317, 173
Trd, 000208.017, 169
Trd, 000208.333, 173
Trd, 000208.517, 171
Trd, 000208.800, 174
Trd, 000209.350, 171
Trd, 000210.117, 173
Trd, 000210.133, 172
Trd, 000210.917, 173
Trd, 000211.050, 174
Trd, 000211.433, 173
Trd, 000211.850, 174
Trd, 000212.783, 175
Trd, 000213.267, 174
Trd, 000214.133, 173
Trd, 000214.850, 172
Trd, 000215.633, 170
Trd, 000215.850, 174
Trd, 000215.983, 176
Trd, 000216.633, 163
Trd, 000216.650, 176
Trd, 000216.750, 165
Trd, 000217.650, 171
Trd, 000217.817, 175
Trd, 000220.100, 173
Trd, 000220.517, 172
Trd, 000220.567, 172
Trd, 000220.600, 173
Trd, 000220.750, 171
Trd, 000222.067, 171
Trd, 000223.317, 169
Trd, 000223.500, 170
Trd, 000223.567, 169
Trd, 000224.117, 169
Trd, 000224.400, 170
Trd, 000225.217, 170
Trd, 000225.433, 166
Trd, 000226.050, 174
Trd, 000226.483, 169
Trd, 000227.117, 177
Trd, 000227.583, 168
Trd, 000229.067, 171
Trd, 000229.333, 171
Trd, 000229.717, 175
Trd, 000230.267, 177
Trd, 000231.150, 178
Trd, 000231.400, 175
Trd, 000232.067, 175
Trd, 000232.200, 174
Trd, 000233.183, 175
Trd, 000233.217, 174
Trd, 000233.500, 172
Trd, 000234.300, 176
Trd, 000234.500, 176
Trd, 000234.983, 170
Trd, 000235.017, 177
Trd, 000236.483, 169
Trd, 000237.517, 171
Trd, 000237.817, 170
Trd, 000238.083, 171
Trd, 000238.833, 172
Trd, 000239.167, 198
Trd, 000239.200, 176
Trd, 000239.983, 179
Trd, 000240.217, 179
Trd, 000240.817, 181
Trd, 000241.333, 179
Trd, 000241.983, 181
Trd, 000243.717, 179
Trd, 000243.783, 180
Trd, 000243.883, 179
Trd, 000244.183, 181
Trd, 000245.117, 186
Trd, 000245.150, 190
Trd, 000245.217, 192
Trd, 000245.700, 181
Trd, 000245.967, 181
Trd, 000246.517, 182
Trd, 000246.633, 183
Trd, 000247.217, 182
Trd, 000247.633, 182
Trd, 000247.750, 183
Trd, 000247.833, 175
Trd, 000248.833, 180
Trd, 000249.167, 181
Trd, 000250.017, 180
Trd, 000250.150, 178
Trd, 000250.367, 180
Trd, 000251.450, 173
Trd, 000251.833, 170
Trd, 000252.400, 173
Trd, 000252.750, 172
Trd, 000254.900, 180
Trd, 000255.283, 180
Trd, 000255.450, 181
Trd, 000255.767, 182
Trd, 000255.933, 186
Trd, 000256.200, 185
Trd, 000256.217, 182
Trd, 000256.450, 186
Trd, 000256.717, 183
Trd, 000256.883, 179
Trd, 000257.150, 178
Trd, 000257.717, 187
Trd, 000258.033, 196
Trd, 000258.250, 178
Trd, 000259.700, 184
Trd, 000259.783, 187
Trd, 000260.117, 185
Trd, 000260.417, 184
Trd, 000261.267, 182
Trd, 000262.383, 176
Trd, 000262.833, 181
Trd, 000262.933, 183
Trd, 000262.983, 182
Trd, 000263.400, 179
Trd, 000263.717, 177
Trd, 000263.917, 181
Trd, 000264.950, 181
Trd, 000265.067, 183
Trd, 000265.517, 184
Trd, 000266.350, 198
Trd, 000266.400, 182
Trd, 000266.567, 182
Trd, 000267.917, 181
Trd, 000268.300, 179
Trd, 000268.667, 180
Trd, 000268.967, 182
Trd, 000269.617, 181
Trd, 000270.317, 180
Trd, 000270.550, 178
Trd, 000270.867, 179
Trd, 000270.917, 175
Trd, 000271.550, 178
Trd, 000271.600, 177
Trd, 000271.933, 176
Trd, 000272.133, 177
Trd, 000272.500, 177
Trd, 000272.600, 175
Trd, 000273.050, 179
Trd, 000273.700, 178
Trd, 000274.400, 177
Trd, 000274.417, 182
Trd, 000275.400, 183
Trd, 000276.517, 182
Trd, 000277.200, 179
Trd, 000277.350, 180
Trd, 000278.133, 179
Trd, 000278.350, 180
Trd, 000278.483, 178
Trd, 000279.433, 179
Trd, 000280.417, 177
Trd, 000280.483, 176
Trd, 000280.850, 177
Trd, 000280.900, 177
Trd, 000281.050, 177
Trd, 000281.317, 177
Trd, 000283.083, 177
Trd, 000283.833, 182
Trd, 000284.033, 176
Trd, 000284.433, 178
Trd, 000284.450, 185
Trd, 000284.600, 188
Trd, 000284.867, 184
Trd, 000285.867, 183
Trd, 000286.200, 183
Trd, 000286.567, 182
Trd, 000286.583, 181
Trd, 000287.450, 178
Trd, 000287.750, 178
Trd, 000288.167, 179
Trd, 000288.867, 179
Trd, 000289.083, 180
Trd, 000289.150, 182
Trd, 000289.250, 179
Trd, 000289.550, 179
Trd, 000289.917, 179
Trd, 000290.333, 178
Trd, 000290.683, 183
Trd, 000291.067, 183
Trd, 000291.133, 177
Trd, 000291.600, 176
Trd, 000292.267, 175
Trd, 000292.433, 178
Trd, 000293.583, 181
Trd, 000295.083, 181
Trd, 000295.633, 180
Trd, 000295.650, 179
Trd, 000295.967, 180
Trd, 000296.500, 181
Trd, 000297.283, 180
Trd, 000297.650, 178
Trd, 000297.867, 178
Trd, 000297.883, 181
Trd, 000298.000, 184
Trd, 000298.267, 179
Trd, 000298.483, 178
Trd, 000299.450, 178
