Trd, 000001.117, 179
Trd, 000002.467, 168
Trd, 000003.283, 172
Trd, 000004.183, 165
Trd, 000005.333, 164
Trd, 000006.133, 161
Trd, 000006.433, 162
Trd, 000006.600, 161
Trd, 000006.917, 160
Trd, 000007.450, 161
Trd, 000007.967, 162
Trd, 000008.317, 163
Trd, 000008.983, 164
Trd, 000009.583, 166
Trd, 000010.033, 166
Trd, 000010.167, 161
Trd, 000010.233, 158
Trd, 000010.850, 148
Trd, 000011.200, 160
Trd, 000012.783, 155
Trd, 000013.133, 154
Trd, 000013.283, 160
Trd, 000013.883, 158
Trd, 000013.917, 159
Trd, 000014.150, 160
Trd, 000016.233, 157
Trd, 000016.433, 159
Trd, 000017.317, 159
Trd, 000017.333, 156
Trd, 000017.700, 156
Trd, 000018.550, 159
Trd, 000019.050, 157
Trd, 000019.983, 160
Trd, 000020.133, 158
Trd, 000020.317, 159
Trd, 000021.450, 159
Trd, 000021.967, 157
Trd, 000022.233, 157
Trd, 000022.683, 160
Trd, 000022.750, 152
Trd, 000023.100, 162
Trd, 000023.717, 160
Trd, 000023.917, 144
Trd, 000024.733, 158
Trd, 000026.500, 153
Trd, 000026.700, 156
Trd, 000026.983, 155
Trd, 000029.433, 155
Trd, 000029.483, 154
Trd, 000029.533, 155
Trd, 000029.717, 155
Trd, 000030.517, 155
Trd, 000030.650, 156
Trd, 000030.867, 154
Trd, 000030.917, 153
Trd, 000031.467, 158
Trd, 000032.400, 156
Trd, 000032.450, 161
Trd, 000032.683, 168
Trd, 000033.600, 169
Trd, 000034.317, 170
Trd, 000034.783, 168
Trd, 000035.667, 164
Trd, 000035.717, 170
Trd, 000037.117, 166
Trd, 000037.400, 164
Trd, 000037.717, 166
Trd, 000037.950, 167
Trd, 000039.000, 166
Trd, 000039.067, 167
Trd, 000040.100, 166
Trd, 000040.300, 161
Trd, 000040.500, 170
Trd, 000041.050, 159
Trd, 000041.900, 167
Trd, 000041.950, 167
Trd, 000042.083, 162
Trd, 000042.233, 169
Trd, 000043.350, 166
Trd, 000043.567, 165
Trd, 000044.600, 166
Trd, 000044.700, 164
Trd, 000045.617, 163
Trd, 000045.933, 163
Trd, 000046.317, 168
Trd, 000046.383, 169
Trd, 000046.800, 163
Trd, 000046.967, 163
Trd, 000048.783, 164
Trd, 000049.233, 163
Trd, 000049.267, 164
Trd, 000050.783, 163
Trd, 000051.500, 163
Trd, 000051.933, 164
Trd, 000052.150, 165
Trd, 000052.350, 162
Trd, 000052.567, 160
Trd, 000053.433, 161
Trd, 000053.800, 162
Trd, 000054.733, 163
Trd, 000055.500, 160
Trd, 000056.100, 161
Trd, 000056.567, 161
Trd, 000057.417, 162
Trd, 000057.683, 161
Trd, 000058.050, 160
Trd, 000058.150, 162
Trd, 000058.783, 163
Trd, 000059.417, 161
Trd, 000060.200, 160
Trd, 000060.567, 161
Trd, 000061.267, 160
Trd, 000061.300, 159
Trd, 000062.083, 159
Trd, 000062.500, 160
Trd, 000064.183, 160
Trd, 000064.767, 159
Trd, 000065.067, 160
Trd, 000065.483, 160
Trd, 000065.917, 153
Trd, 000065.967, 160
Trd, 000067.067, 164
Trd, 000067.717, 168
Trd, 000068.117, 166
Trd, 000068.133, 167
Trd, 000068.700, 161
Trd, 000069.417, 169
Trd, 000069.850, 163
Trd, 000071.067, 168
Trd, 000071.983, 166
Trd, 000072.000, 167
Trd, 000072.783, 166
Trd, 000072.833, 167
Trd, 000072.917, 163
Trd, 000072.933, 169
Trd, 000072.967, 172
Trd, 000076.433, 164
Trd, 000076.900, 165
Trd, 000077.100, 165
Trd, 000079.650, 167
Trd, 000080.117, 166
Trd, 000080.300, 165
Trd, 000080.417, 166
Trd, 000080.717, 169
Trd, 000080.733, 170
Trd, 000080.917, 175
Trd, 000081.850, 167
Trd, 000083.083, 168
Trd, 000083.950, 167
Trd, 000085.033, 168
Trd, 000085.333, 169
Trd, 000085.417, 173
Trd, 000085.517, 167
Trd, 000085.683, 167
Trd, 000086.567, 171
Trd, 000086.717, 171
Trd, 000087.933, 168
Trd, 000088.533, 169
Trd, 000088.800, 168
Trd, 000089.450, 169
Trd, 000089.933, 168
Trd, 000090.450, 169
Trd, 000090.550, 167
Trd, 000091.217, 167
Trd, 000091.250, 171
Trd, 000091.333, 172
Trd, 000092.700, 166
Trd, 000092.750, 167
Trd, 000093.467, 164
Trd, 000093.617, 157
Trd, 000094.233, 163
Trd, 000094.283, 162
Trd, 000094.617, 162
Trd, 000094.750, 164
Trd, 000094.783, 164
Trd, 000094.883, 161
Trd, 000095.733, 164
Trd, 000096.850, 160
Trd, 000097.117, 161
Trd, 000097.583, 161
Trd, 000098.167, 161
Trd, 000098.400, 164
Trd, 000098.700, 175
Trd, 000099.467, 166
Trd, 000100.750, 166
Trd, 000100.850, 165
Trd, 000101.500, 164
Trd, 000101.950, 163
Trd, 000103.000, 160
Trd, 000103.717, 161
Trd, 000104.117, 162
Trd, 000104.467, 164
Trd, 000105.200, 163
Trd, 000105.300, 165
Trd, 000105.533, 161
Trd, 000106.383, 162
Trd, 000106.533, 167
Trd, 000107.050, 168
Trd, 000108.383, 165
Trd, 000109.833, 169
Trd, 000109.867, 169
Trd, 000110.167, 169
Trd, 000110.667, 169
Trd, 000110.683, 170
Trd, 000110.850, 170
Trd, 000111.283, 168
Trd, 000112.517, 166
Trd, 000112.633, 169
Trd, 000113.200, 168
Trd, 000113.617, 167
Trd, 000113.800, 166
Trd, 000114.333, 169
Trd, 000115.250, 166
Trd, 000115.583, 166
Trd, 000116.667, 168
Trd, 000116.750, 170
Trd, 000117.000, 177
Trd, 000117.933, 177
Trd, 000118.900, 179
Trd, 000119.700, 178
Trd, 000120.867, 178
Trd, 000120.900, 178
Trd, 000121.250, 179
Trd, 000121.617, 177
Trd, 000121.800, 179
Trd, 000121.883, 180
Trd, 000122.317, 180
Trd, 000122.367, 181
Trd, 000122.567, 192
Trd, 000122.700, 208
Trd, 000123.033, 218
Trd, 000124.367, 266
Trd, 000124.433, 284
Trd, 000124.550, 306.0
Trd, 000125.967, 310.0
Trd, 000126.233, 313.0
Trd, 000126.300, 324.0
Trd, 000126.750, 334.0
Trd, 000127.100, 344
Trd, 000127.833, 344
Trd, 000128.217, 320.0
Trd, 000129.600, 336
Trd, 000129.900, 335
Trd, 000130.183, 334
Trd, 000131.033, 337
Trd, 000131.383, 341
Trd, 000132.067, 344
Trd, 000132.350, 338
Trd, 000132.733, 346
Trd, 000133.217, 352
Trd, 000135.017, 349
Trd, 000135.433, 343
Trd, 000135.583, 343
Trd, 000136.867, 350
Trd, 000137.100, 345.0
Trd, 000137.400, 355
Trd, 000137.650, 345
Trd, 000139.033, 355
Trd, 000139.317, 353
Trd, 000139.617, 349
Trd, 000141.033, 347
Trd, 000141.450, 351
Trd, 000141.833, 350
Trd, 000142.833, 350
Trd, 000143.083, 348
Trd, 000143.350, 347
Trd, 000143.683, 347
Trd, 000143.883, 347
Trd, 000144.133, 348
Trd, 000144.350, 351
Trd, 000145.250, 357
Trd, 000145.850, 350
Trd, 000148.133, 359
Trd, 000148.700, 362
Trd, 000148.817, 366
Trd, 000149.050, 357
Trd, 000149.233, 355
Trd, 000150.900, 356.0
Trd, 000151.000, 355.0
Trd, 000151.167, 360
Trd, 000151.917, 356
Trd, 000152.450, 355
Trd, 000152.800, 356
Trd, 000153.100, 355.0
Trd, 000153.533, 358
Trd, 000153.600, 355
Trd, 000154.250, 352
Trd, 000155.017, 352
Trd, 000155.467, 353
Trd, 000155.933, 350
Trd, 000156.133, 347
Trd, 000157.033, 343
Trd, 000157.233, 342
Trd, 000157.467, 343
Trd, 000158.017, 344
Trd, 000159.450, 348
Trd, 000159.733, 358
Trd, 000160.250, 344.0
Trd, 000160.583, 346
Trd, 000161.083, 342
Trd, 000161.567, 354
Trd, 000163.833, 349
Trd, 000163.983, 349
Trd, 000165.067, 350
Trd, 000165.467, 358
Trd, 000166.200, 349
Trd, 000166.217, 348
Trd, 000166.583, 354
Trd, 000166.633, 348
Trd, 000166.900, 345
Trd, 000167.333, 356
Trd, 000168.700, 351
Trd, 000168.917, 351
Trd, 000169.650, 354
Trd, 000170.933, 353
Trd, 000171.483, 353
Trd, 000171.583, 353
Trd, 000171.717, 352
Trd, 000171.767, 345
Trd, 000172.983, 356
Trd, 000173.133, 341.0
Trd, 000173.300, 357
Trd, 000173.350, 358
Trd, 000173.417, 359
Trd, 000175.333, 358
Trd, 000175.767, 359
Trd, 000175.867, 348
Trd, 000176.933, 349
Trd, 000177.233, 349
Trd, 000177.800, 354
Trd, 000178.350, 351
Trd, 000178.383, 357
Trd, 000179.517, 354
Trd, 000179.567, 352
Trd, 000179.833, 352
Trd, 000180.267, 347
Trd, 000180.900, 350
Trd, 000181.333, 347
Trd, 000181.383, 341.0
Trd, 000182.183, 318.0
Trd, 000182.300, 317.0
Trd, 000182.567, 317
Trd, 000182.917, 326
Trd, 000183.033, 306.0
Trd, 000183.233, 311
Trd, 000183.700, 319
Trd, 000185.150, 299
Trd, 000185.850, 203
Trd, 000186.200, 200
Trd, 000187.050, 200
Trd, 000187.767, 198
Trd, 000189.550, 194
Trd, 000189.850, 192
Trd, 000189.883, 187
Trd, 000189.967, 193
Trd, 000190.467, 185
Trd, 000191.200, 184
Trd, 000191.233, 179
Trd, 000191.633, 180
Trd, 000192.533, 179
Trd, 000192.633, 177
Trd, 000192.750, 179
Trd, 000192.883, 175
Trd, 000193.433, 175
Trd, 000193.750, 175
Trd, 000194.050, 174
Trd, 000194.183, 174
Trd, 000194.433, 175
Trd, 000195.300, 176
Trd, 000196.033, 175
Trd, 000196.467, 178
Trd, 000196.800, 182
Trd, 000197.433, 183
Trd, 000197.950, 183
Trd, 000198.350, 178
Trd, 000198.683, 177
Trd, 000199.083, 177
Trd, 000199.250, 176
Trd, 000199.300, 181
Trd, 000199.667, 176
Trd, 000199.917, 183
Trd, 000201.750, 177
Trd, 000201.883, 177
Trd, 000201.933, 175
Trd, 000202.600, 177
Trd, 000202.617, 176
Trd, 000203.550, 178
Trd, 000204.167, 177
Trd, 000204.833, 175
Trd, 000206.100, 175
Trd, 000206.150, 176
Trd, 000207.350, 175
Trd, 000207.567, 175
Trd, 000207.733, 175
Trd, 000208.583, 178
Trd, 000208.883, 176
Trd, 000208.983, 176
Trd, 000209.217, 175
Trd, 000209.750, 179
Trd, 000210.350, 179
Trd, 000210.417, 173
Trd, 000210.683, 179
Trd, 000211.117, 185
Trd, 000211.933, 171
Trd, 000212.683, 188
Trd, 000213.383, 186
Trd, 000213.867, 178
Trd, 000215.550, 184
Trd, 000215.667, 181
Trd, 000216.383, 181
Trd, 000217.167, 182
Trd, 000217.567, 182
Trd, 000218.567, 181
Trd, 000218.983, 182
Trd, 000219.700, 179
Trd, 000219.800, 178
Trd, 000219.900, 180
Trd, 000220.200, 182
Trd, 000221.283, 178
Trd, 000221.900, 180
Trd, 000222.350, 178
Trd, 000223.217, 178
Trd, 000224.350, 177
Trd, 000224.817, 177
Trd, 000225.833, 176
Trd, 000226.400, 177
Trd, 000226.567, 178
Trd, 000226.700, 176
Trd, 000226.967, 178
Trd, 000227.617, 177
Trd, 000227.667, 178
Trd, 000228.333, 179
Trd, 000228.683, 181
Trd, 000228.783, 179
Trd, 000228.850, 178
Trd, 000229.600, 177
Trd, 000229.633, 170
Trd, 000230.333, 181
Trd, 000230.717, 175
Trd, 000231.867, 176
Trd, 000232.100, 177
Trd, 000232.700, 178
Trd, 000233.783, 177
Trd, 000234.417, 176
Trd, 000234.517, 177
Trd, 000234.733, 176
Trd, 000234.917, 181
Trd, 000235.217, 188
Trd, 000236.067, 181
Trd, 000236.700, 183
Trd, 000236.883, 182
Trd, 000237.733, 182
Trd, 000238.033, 182
Trd, 000238.233, 181
Trd, 000238.950, 171
Trd, 000239.250, 174
Trd, 000239.850, 181
Trd, 000240.667, 178
Trd, 000241.083, 177
Trd, 000242.267, 177
Trd, 000242.533, 176
Trd, 000242.883, 179
Trd, 000243.283, 176
Trd, 000243.300, 176
Trd, 000243.350, 181
Trd, 000243.483, 182
Trd, 000243.950, 179
Trd, 000244.083, 179
Trd, 000244.350, 178
Trd, 000245.050, 179
Trd, 000245.383, 179
Trd, 000246.400, 179
Trd, 000246.500, 182
Trd, 000246.733, 190
Trd, 000247.417, 188
Trd, 000247.717, 188
Trd, 000247.767, 186
Trd, 000249.333, 182
Trd, 000249.767, 182
Trd, 000250.083, 182
Trd, 000250.367, 182
Trd, 000250.533, 185
Trd, 000250.817, 182
Trd, 000251.150, 180
Trd, 000251.467, 180
Trd, 000252.800, 179
Trd, 000253.250, 178
Trd, 000253.367, 179
Trd, 000253.550, 176
Trd, 000254.933, 175
Trd, 000255.317, 177
Trd, 000256.333, 178
Trd, 000256.767, 179
Trd, 000256.800, 178
Trd, 000257.233, 175
Trd, 000258.433, 174
Trd, 000259.400, 175
Trd, 000259.433, 174
Trd, 000259.817, 174
Trd, 000259.833, 173
Trd, 000260.017, 174
Trd, 000260.133, 173
Trd, 000260.333, 173
Trd, 000260.417, 174
Trd, 000260.517, 170
Trd, 000260.667, 178
Trd, 000261.783, 181
Trd, 000262.683, 180
Trd, 000263.433, 182
Trd, 000264.050, 180
Trd, 000264.267, 183
Trd, 000264.283, 181
Trd, 000264.983, 185
Trd, 000265.950, 178
Trd, 000266.267, 178
Trd, 000266.583, 183
Trd, 000266.667, 182
Trd, 000266.750, 175
Trd, 000267.500, 174
Trd, 000267.683, 163
Trd, 000268.383, 182
Trd, 000268.850, 181
Trd, 000269.083, 185
Trd, 000269.950, 174
Trd, 000270.250, 183
Trd, 000270.583, 174
Trd, 000270.900, 182
Trd, 000272.250, 182
Trd, 000272.483, 183
Trd, 000272.950, 181
Trd, 000273.417, 182
Trd, 000273.717, 183
Trd, 000274.250, 184
Trd, 000274.650, 183
Trd, 000274.750, 179
Trd, 000275.167, 185
Trd, 000276.667, 184
Trd, 000276.767, 187
Trd, 000277.267, 183
Trd, 000277.867, 183
Trd, 000278.317, 180
Trd, 000278.667, 179
Trd, 000279.283, 172
Trd, 000279.333, 179
Trd, 000279.683, 180
Trd, 000279.933, 171
Trd, 000280.533, 171
Trd, 000280.550, 179
Trd, 000280.933, 181
Trd, 000280.967, 176
Trd, 000281.600, 175
Trd, 000282.133, 179
Trd, 000282.583, 182
Trd, 000283.017, 183
Trd, 000283.200, 186
Trd, 000284.000, 176
Trd, 000284.417, 177
Trd, 000284.700, 176
Trd, 000285.683, 175
Trd, 000285.917, 183
Trd, 000286.017, 183
Trd, 000286.067, 183
Trd, 000286.267, 174
Trd, 000286.550, 173
Trd, 000287.317, 182
Trd, 000287.433, 181
Trd, 000287.950, 181
Trd, 000288.683, 182
Trd, 000289.067, 182
Trd, 000289.217, 186
Trd, 000289.500, 187
Trd, 000290.083, 183
Trd, 000290.317, 183
Trd, 000290.483, 182
Trd, 000290.767, 187
Trd, 000290.933, 186
Trd, 000291.650, 186
Trd, 000292.350, 181
Trd, 000292.800, 181
Trd, 000293.867, 186
Trd, 000294.283, 197
Trd, 000295.250, 179
Trd, 000295.583, 189
Trd, 000296.317, 188
Trd, 000296.717, 181
Trd, 000297.417, 181
Trd, 000297.517, 183
Trd, 000298.183, 183
Trd, 000298.500, 182
Trd, 000298.567, 181
Trd, 000299.467, 183
Trd, 000299.517, 182
Trd, 000299.800, 180
