Trd, 000000.817, 121
Trd, 000001.433, 134
Trd, 000002.000, 150
Trd, 000002.200, 152
Trd, 000002.550, 167
Trd, 000003.850, 157
Trd, 000004.300, 152
Trd, 000004.417, 113
Trd, 000004.933, 172
Trd, 000005.500, 152
Trd, 000005.933, 156
Trd, 000007.383, 169
Trd, 000008.100, 167
Trd, 000008.183, 166
Trd, 000008.267, 159
Trd, 000009.750, 142
Trd, 000009.917, 150
Trd, 000010.467, 150
Trd, 000010.983, 155
Trd, 000011.000, 156
Trd, 000011.633, 159
Trd, 000011.883, 171
Trd, 000013.050, 156
Trd, 000013.650, 161
Trd, 000013.700, 156
Trd, 000014.417, 162
Trd, 000014.617, 155
Trd, 000015.033, 135
Trd, 000016.550, 136
Trd, 000016.967, 138
Trd, 000017.450, 142
Trd, 000019.000, 140
Trd, 000019.317, 142
Trd, 000019.850, 142
Trd, 000020.067, 141
Trd, 000020.483, 140
Trd, 000020.717, 142
Trd, 000020.750, 142
Trd, 000020.767, 150
Trd, 000022.250, 158
Trd, 000022.500, 157
Trd, 000023.350, 135
Trd, 000023.367, 136
Trd, 000023.600, 138
Trd, 000024.133, 139
Trd, 000024.617, 138
Trd, 000025.683, 139
Trd, 000026.033, 141
Trd, 000026.783, 152
Trd, 000027.533, 156
Trd, 000027.600, 157
Trd, 000028.217, 141
Trd, 000029.300, 142
Trd, 000029.533, 156
Trd, 000031.283, 147
Trd, 000031.517, 147
Trd, 000031.867, 147
Trd, 000032.117, 145
Trd, 000032.250, 157
Trd, 000032.333, 158
Trd, 000032.767, 152
Trd, 000034.533, 157
Trd, 000034.783, 154
Trd, 000035.367, 156
Trd, 000036.067, 157
Trd, 000036.950, 156
Trd, 000037.233, 155
Trd, 000037.567, 159
Trd, 000037.767, 165
Trd, 000038.300, 162
Trd, 000038.367, 163
Trd, 000039.467, 163
Trd, 000039.500, 161
Trd, 000039.517, 170
Trd, 000040.167, 160
Trd, 000041.300, 178
Trd, 000041.467, 176
Trd, 000043.233, 165
Trd, 000043.850, 173
Trd, 000044.317, 171
Trd, 000044.983, 169
Trd, 000045.100, 167
Trd, 000045.283, 162
Trd, 000045.367, 159
Trd, 000045.783, 170
Trd, 000046.733, 166
Trd, 000047.383, 165
Trd, 000048.183, 142
Trd, 000048.967, 159
Trd, 000048.983, 130
Trd, 000049.533, 167
Trd, 000049.950, 146
Trd, 000050.650, 158
Trd, 000050.717, 159
Trd, 000051.667, 150
Trd, 000051.783, 155
Trd, 000052.383, 157
Trd, 000052.467, 150
Trd, 000052.617, 171
Trd, 000052.783, 145
Trd, 000053.900, 151
Trd, 000054.067, 153
Trd, 000054.217, 154
Trd, 000055.567, 160
Trd, 000056.567, 152
Trd, 000056.783, 162
Trd, 000057.700, 144
Trd, 000057.917, 161
Trd, 000058.150, 149
Trd, 000058.467, 162
Trd, 000059.183, 143
Trd, 000059.667, 151
Trd, 000060.250, 159
Trd, 000060.400, 161
Trd, 000060.417, 131
Trd, 000061.017, 168
Trd, 000061.433, 171
Trd, 000061.867, 164
Trd, 000062.167, 140
Trd, 000062.550, 141
Trd, 000062.717, 143
Trd, 000064.000, 163
Trd, 000064.283, 161
Trd, 000064.700, 157
Trd, 000065.733, 165
Trd, 000067.383, 161
Trd, 000068.117, 162
Trd, 000068.467, 158
Trd, 000068.583, 160
Trd, 000068.917, 158
Trd, 000069.917, 162
Trd, 000069.950, 163
Trd, 000070.033, 158
Trd, 000070.733, 159
Trd, 000070.783, 162
Trd, 000071.200, 169
Trd, 000072.267, 158
Trd, 000072.433, 157
Trd, 000073.250, 157
Trd, 000073.267, 168
Trd, 000073.533, 167
Trd, 000073.700, 154
Trd, 000075.433, 160
Trd, 000075.700, 162
Trd, 000076.533, 164
Trd, 000076.800, 163
Trd, 000076.850, 157
Trd, 000077.417, 138
Trd, 000077.783, 144
Trd, 000078.000, 145
Trd, 000078.300, 147
Trd, 000078.583, 147
Trd, 000079.117, 148
Trd, 000079.200, 146
Trd, 000080.783, 153
Trd, 000081.317, 166
Trd, 000082.233, 156
Trd, 000082.433, 137
Trd, 000082.483, 170
Trd, 000082.917, 167
Trd, 000083.417, 170
Trd, 000083.583, 167
Trd, 000084.717, 166
Trd, 000085.000, 170
Trd, 000085.033, 165
Trd, 000085.300, 163
Trd, 000085.633, 163
Trd, 000086.433, 167
Trd, 000088.517, 129
Trd, 000088.533, 140
Trd, 000089.183, 141
Trd, 000089.283, 171
Trd, 000090.317, 127
Trd, 000090.467, 129
Trd, 000090.533, 143
Trd, 000090.683, 132
Trd, 000090.833, 141
Trd, 000091.050, 143
Trd, 000091.667, 144
Trd, 000092.483, 134
Trd, 000093.333, 142
Trd, 000093.767, 142
Trd, 000093.950, 137
Trd, 000094.317, 146
Trd, 000094.800, 170
Trd, 000095.067, 172
Trd, 000095.433, 174
Trd, 000096.150, 177
Trd, 000097.000, 159
Trd, 000097.200, 160
Trd, 000097.383, 166
Trd, 000097.467, 161
Trd, 000097.933, 161
Trd, 000098.783, 163
Trd, 000098.800, 162
Trd, 000099.517, 162
Trd, 000100.400, 170
Trd, 000100.533, 165
Trd, 000101.867, 168
Trd, 000101.900, 171
Trd, 000102.083, 172
Trd, 000102.183, 168
Trd, 000102.200, 166
Trd, 000102.717, 178
Trd, 000102.800, 166
Trd, 000103.533, 176
Trd, 000104.167, 175
Trd, 000105.117, 175
Trd, 000105.267, 174
Trd, 000105.700, 169
Trd, 000105.833, 168
Trd, 000106.150, 167
Trd, 000106.833, 172
Trd, 000106.950, 166
Trd, 000107.600, 175
Trd, 000108.383, 187
Trd, 000109.117, 186
Trd, 000109.583, 184
Trd, 000109.617, 183
Trd, 000110.283, 176
Trd, 000110.833, 171
Trd, 000111.583, 169
Trd, 000111.883, 178
Trd, 000113.483, 174
Trd, 000114.017, 176
Trd, 000114.383, 175
Trd, 000114.667, 176
Trd, 000114.933, 172
Trd, 000115.017, 176
Trd, 000115.117, 176
Trd, 000115.500, 177
Trd, 000115.950, 169
Trd, 000115.967, 176
Trd, 000116.683, 168
Trd, 000117.717, 171
Trd, 000118.217, 171
Trd, 000119.300, 175
Trd, 000119.400, 175
Trd, 000119.800, 170
Trd, 000120.067, 177
Trd, 000120.133, 167
Trd, 000121.133, 143
Trd, 000121.417, 143
Trd, 000121.617, 146
Trd, 000121.767, 166
Trd, 000121.800, 170
Trd, 000121.817, 194
Trd, 000122.267, 201
Trd, 000122.517, 205
Trd, 000122.583, 212
Trd, 000122.917, 228
Trd, 000123.167, 181
Trd, 000123.417, 334.0
Trd, 000124.400, 335
Trd, 000124.667, 318
Trd, 000125.017, 305
Trd, 000126.083, 340
Trd, 000126.133, 343
Trd, 000126.533, 338
Trd, 000126.867, 347.0
Trd, 000127.267, 348.0
Trd, 000129.317, 328
Trd, 000129.483, 334.0
Trd, 000129.850, 337.0
Trd, 000130.000, 336
Trd, 000130.233, 361
Trd, 000131.350, 342
Trd, 000132.400, 358
Trd, 000133.067, 356
Trd, 000133.200, 355.0
Trd, 000133.600, 356
Trd, 000133.683, 354
Trd, 000134.300, 363
Trd, 000135.100, 354
Trd, 000136.650, 348.0
Trd, 000136.750, 330
Trd, 000137.233, 337.0
Trd, 000138.250, 344
Trd, 000139.433, 354
Trd, 000139.550, 355
Trd, 000139.600, 356
Trd, 000140.017, 355
Trd, 000140.083, 343
Trd, 000140.933, 351
Trd, 000141.767, 351
Trd, 000141.917, 352
Trd, 000142.283, 350
Trd, 000142.917, 350
Trd, 000142.950, 351
Trd, 000144.067, 352
Trd, 000144.333, 334.0
Trd, 000145.633, 347
Trd, 000146.967, 343
Trd, 000147.017, 355
Trd, 000147.133, 342
Trd, 000148.017, 358
Trd, 000148.933, 355.0
Trd, 000149.167, 357
Trd, 000149.833, 342
Trd, 000150.133, 328
Trd, 000150.617, 334.0
Trd, 000151.683, 341
Trd, 000152.300, 329
Trd, 000152.550, 335.0
Trd, 000152.567, 337.0
Trd, 000153.833, 337
Trd, 000154.283, 341
Trd, 000154.900, 346
Trd, 000155.133, 347.0
Trd, 000155.183, 340
Trd, 000155.733, 344
Trd, 000156.817, 345
Trd, 000157.250, 348.0
Trd, 000157.717, 346
Trd, 000158.083, 344
Trd, 000158.100, 350
Trd, 000158.217, 355
Trd, 000158.667, 362
Trd, 000158.800, 344
Trd, 000160.433, 337.0
Trd, 000161.850, 335
Trd, 000162.150, 338
Trd, 000163.100, 337.0
Trd, 000163.517, 336
Trd, 000164.267, 336
Trd, 000164.283, 335.0
Trd, 000165.300, 348.0
Trd, 000165.567, 336.0
Trd, 000165.783, 334.0
Trd, 000166.933, 338
Trd, 000168.200, 336
Trd, 000168.650, 352
Trd, 000169.517, 336.0
Trd, 000169.633, 337.0
Trd, 000170.017, 334
Trd, 000170.217, 333
Trd, 000170.600, 338
Trd, 000170.700, 339
Trd, 000170.783, 348.0
Trd, 000172.533, 334.0
Trd, 000172.667, 340
Trd, 000173.333, 337
Trd, 000173.933, 340
Trd, 000174.900, 346
Trd, 000175.300, 344
Trd, 000176.133, 337
Trd, 000176.433, 334.0
Trd, 000177.017, 343
Trd, 000177.250, 337
Trd, 000178.483, 337
Trd, 000178.950, 340
Trd, 000179.033, 348.0
Trd, 000179.983, 359.0
Trd, 000180.583, 360
Trd, 000180.883, 358.0
Trd, 000180.917, 355
Trd, 000180.950, 360
Trd, 000181.083, 353
Trd, 000181.317, 331
Trd, 000181.867, 324.0
Trd, 000182.167, 316
Trd, 000182.533, 313.0
Trd, 000182.633, 304
Trd, 000183.167, 301
Trd, 000183.233, 300.0
Trd, 000183.817, 294
Trd, 000184.333, 287
Trd, 000184.583, 264
Trd, 000185.000, 211
Trd, 000185.250, 193
Trd, 000186.650, 192
Trd, 000187.133, 192
Trd, 000187.167, 190
Trd, 000187.300, 190
Trd, 000188.050, 191
Trd, 000190.700, 186
Trd, 000191.017, 176
Trd, 000191.083, 191
Trd, 000191.283, 174
Trd, 000191.483, 191
Trd, 000192.150, 180
Trd, 000192.533, 178
Trd, 000193.267, 179
Trd, 000193.767, 179
Trd, 000195.350, 179
Trd, 000195.567, 178
Trd, 000195.633, 179
Trd, 000195.900, 180
Trd, 000195.933, 181
Trd, 000196.300, 177
Trd, 000196.500, 177
Trd, 000198.933, 177
Trd, 000199.150, 178
Trd, 000199.583, 179
Trd, 000200.567, 177
Trd, 000200.900, 177
Trd, 000201.050, 178
Trd, 000201.350, 176
Trd, 000201.950, 176
Trd, 000202.700, 177
Trd, 000202.933, 178
Trd, 000203.100, 177
Trd, 000203.183, 182
Trd, 000204.950, 195
Trd, 000205.017, 177
Trd, 000205.983, 183
Trd, 000206.317, 183
Trd, 000207.117, 181
Trd, 000207.417, 182
Trd, 000208.050, 176
Trd, 000208.967, 179
Trd, 000209.467, 179
Trd, 000210.533, 167
Trd, 000210.617, 169
Trd, 000210.850, 181
Trd, 000210.950, 175
Trd, 000211.500, 176
Trd, 000212.150, 178
Trd, 000213.000, 174
Trd, 000213.533, 173
Trd, 000213.617, 174
Trd, 000213.850, 175
Trd, 000214.167, 176
Trd, 000214.433, 182
Trd, 000214.817, 169
Trd, 000215.400, 168
Trd, 000215.417, 176
Trd, 000215.600, 155
Trd, 000215.933, 145
Trd, 000216.433, 155
Trd, 000216.817, 156
Trd, 000218.017, 182
Trd, 000219.200, 141
Trd, 000219.767, 158
Trd, 000220.217, 156
Trd, 000220.367, 170
Trd, 000220.733, 178
Trd, 000221.400, 183
Trd, 000221.517, 184
Trd, 000223.233, 166
Trd, 000223.500, 166
Trd, 000223.800, 169
Trd, 000225.000, 168
Trd, 000225.150, 179
Trd, 000226.267, 180
Trd, 000226.617, 184
Trd, 000226.683, 180
Trd, 000226.700, 179
Trd, 000226.850, 185
Trd, 000227.483, 162
Trd, 000227.633, 180
Trd, 000228.067, 186
Trd, 000228.383, 186
Trd, 000228.767, 177
Trd, 000229.617, 186
Trd, 000229.633, 176
Trd, 000229.750, 188
Trd, 000230.050, 175
Trd, 000231.683, 178
Trd, 000233.433, 176
Trd, 000233.750, 178
Trd, 000233.933, 179
Trd, 000233.967, 159
Trd, 000234.133, 181
Trd, 000234.617, 170
Trd, 000235.067, 181
Trd, 000235.867, 161
Trd, 000237.117, 161
Trd, 000238.000, 167
Trd, 000238.083, 182
Trd, 000238.217, 186
Trd, 000239.367, 172
Trd, 000239.883, 168
Trd, 000240.033, 167
Trd, 000240.833, 171
Trd, 000240.950, 171
Trd, 000241.067, 172
Trd, 000241.517, 171
Trd, 000241.900, 174
Trd, 000241.917, 172
Trd, 000242.417, 169
Trd, 000243.233, 175
Trd, 000243.400, 170
Trd, 000243.517, 179
Trd, 000244.567, 169
Trd, 000244.750, 176
Trd, 000244.883, 179
Trd, 000245.350, 180
Trd, 000245.867, 185
Trd, 000246.600, 189
Trd, 000246.817, 186
Trd, 000247.017, 166
Trd, 000248.400, 162
Trd, 000249.000, 178
Trd, 000249.150, 180
Trd, 000249.450, 181
Trd, 000249.700, 168
Trd, 000249.767, 181
Trd, 000250.200, 173
Trd, 000250.417, 189
Trd, 000251.017, 186
Trd, 000251.867, 191
Trd, 000252.667, 189
Trd, 000253.583, 190
Trd, 000254.000, 190
Trd, 000254.133, 188
Trd, 000254.417, 187
Trd, 000254.433, 185
Trd, 000254.750, 180
Trd, 000255.417, 172
Trd, 000256.033, 182
Trd, 000256.967, 189
Trd, 000257.050, 183
Trd, 000257.717, 167
Trd, 000257.967, 178
Trd, 000258.017, 180
Trd, 000258.167, 175
Trd, 000258.267, 177
Trd, 000259.033, 174
Trd, 000259.417, 173
Trd, 000260.250, 174
Trd, 000260.750, 171
Trd, 000260.767, 167
Trd, 000261.517, 179
Trd, 000261.533, 163
Trd, 000262.667, 176
Trd, 000263.883, 176
Trd, 000264.050, 175
Trd, 000264.850, 174
Trd, 000264.883, 167
Trd, 000265.217, 174
Trd, 000265.350, 176
Trd, 000266.083, 181
Trd, 000266.317, 183
Trd, 000266.783, 179
Trd, 000267.817, 181
Trd, 000267.867, 181
Trd, 000268.067, 178
Trd, 000268.500, 176
Trd, 000268.950, 177
Trd, 000269.633, 168
Trd, 000270.767, 168
Trd, 000271.183, 170
Trd, 000271.600, 175
Trd, 000271.667, 178
Trd, 000271.783, 177
Trd, 000272.317, 178
Trd, 000272.800, 180
Trd, 000272.833, 182
Trd, 000272.933, 189
Trd, 000274.283, 182
Trd, 000274.483, 181
Trd, 000274.517, 183
Trd, 000274.683, 180
Trd, 000275.250, 176
Trd, 000275.717, 171
Trd, 000276.067, 172
Trd, 000276.350, 168
Trd, 000276.767, 171
Trd, 000276.983, 173
Trd, 000277.750, 170
Trd, 000278.367, 176
Trd, 000278.950, 173
Trd, 000279.350, 174
Trd, 000279.500, 178
Trd, 000280.017, 171
Trd, 000280.333, 170
Trd, 000280.583, 173
Trd, 000281.050, 166
Trd, 000281.133, 176
Trd, 000281.950, 170
Trd, 000282.167, 175
Trd, 000282.250, 176
Trd, 000283.600, 175
Trd, 000283.900, 165
Trd, 000284.833, 164
Trd, 000284.883, 165
Trd, 000285.233, 165
Trd, 000285.517, 169
Trd, 000285.817, 173
Trd, 000286.317, 172
Trd, 000286.650, 176
Trd, 000286.750, 178
Trd, 000286.917, 184
Trd, 000287.683, 178
Trd, 000287.817, 180
Trd, 000287.883, 172
Trd, 000288.250, 189
Trd, 000288.517, 181
Trd, 000289.633, 179
Trd, 000289.967, 187
Trd, 000290.083, 189
Trd, 000290.350, 190
Trd, 000290.467, 194
Trd, 000291.033, 196
Trd, 000291.167, 197
Trd, 000291.983, 186
Trd, 000292.667, 183
Trd, 000292.950, 190
Trd, 000293.033, 189
Trd, 000293.200, 170
Trd, 000294.783, 187
Trd, 000295.150, 184
Trd, 000295.350, 167
Trd, 000295.367, 165
Trd, 000295.767, 166
Trd, 000296.450, 176
Trd, 000296.467, 171
Trd, 000296.717, 178
Trd, 000297.400, 176
Trd, 000298.117, 175
Trd, 000298.817, 167
Trd, 000299.417, 167
Trd, 000299.533, 176
