Trd, 000001.617, 138
Trd, 000002.400, 150
Trd, 000002.983, 149
Trd, 000004.167, 154
Trd, 000004.417, 145
Trd, 000004.717, 112
Trd, 000004.750, 164
Trd, 000005.733, 160
Trd, 000006.250, 162
Trd, 000006.767, 161
Trd, 000007.433, 156
Trd, 000007.533, 162
Trd, 000008.083, 157
Trd, 000008.700, 160
Trd, 000008.850, 162
Trd, 000008.900, 139
Trd, 000009.000, 130
Trd, 000011.817, 161
Trd, 000011.967, 166
Trd, 000012.150, 166
Trd, 000012.333, 149
Trd, 000012.833, 157
Trd, 000012.867, 156
Trd, 000013.017, 153
Trd, 000013.400, 168
Trd, 000013.817, 157
Trd, 000014.000, 144
Trd, 000015.750, 168
Trd, 000016.200, 161
Trd, 000016.250, 166
Trd, 000016.983, 162
Trd, 000017.633, 166
Trd, 000018.500, 162
Trd, 000018.833, 163
Trd, 000019.333, 164
Trd, 000019.400, 163
Trd, 000019.900, 160
Trd, 000020.200, 157
Trd, 000021.067, 162
Trd, 000021.667, 163
Trd, 000022.450, 150
Trd, 000023.200, 160
Trd, 000023.250, 157
Trd, 000023.567, 142
Trd, 000024.583, 156
Trd, 000024.817, 157
Trd, 000025.033, 159
Trd, 000025.367, 165
Trd, 000025.667, 160
Trd, 000025.883, 167
Trd, 000026.067, 160
Trd, 000026.283, 161
Trd, 000026.383, 171
Trd, 000026.717, 159
Trd, 000027.517, 161
Trd, 000027.883, 166
Trd, 000028.000, 161
Trd, 000028.367, 164
Trd, 000028.650, 167
Trd, 000029.417, 163
Trd, 000029.767, 164
Trd, 000030.050, 161
Trd, 000030.467, 166
Trd, 000030.967, 161
Trd, 000031.200, 166
Trd, 000031.917, 161
Trd, 000032.883, 161
Trd, 000033.033, 163
Trd, 000033.517, 165
Trd, 000033.967, 142
Trd, 000034.383, 166
Trd, 000034.417, 158
Trd, 000035.267, 155
Trd, 000036.533, 158
Trd, 000036.667, 139
Trd, 000037.183, 156
Trd, 000037.633, 152
Trd, 000037.967, 151
Trd, 000038.100, 155
Trd, 000038.350, 167
Trd, 000038.550, 148
Trd, 000039.867, 170
Trd, 000040.117, 170
Trd, 000040.183, 150
Trd, 000040.500, 152
Trd, 000041.033, 166
Trd, 000041.267, 172
Trd, 000042.517, 178
Trd, 000043.717, 167
Trd, 000045.000, 166
Trd, 000045.117, 166
Trd, 000045.483, 162
Trd, 000045.650, 159
Trd, 000046.267, 164
Trd, 000046.383, 162
Trd, 000048.167, 163
Trd, 000048.183, 164
Trd, 000048.400, 167
Trd, 000049.117, 161
Trd, 000049.400, 160
Trd, 000049.483, 170
Trd, 000049.650, 153
Trd, 000049.950, 161
Trd, 000050.700, 163
Trd, 000051.750, 168
Trd, 000052.450, 168
Trd, 000053.033, 165
Trd, 000053.567, 162
Trd, 000053.667, 167
Trd, 000054.017, 163
Trd, 000054.133, 162
Trd, 000054.317, 165
Trd, 000055.000, 160
Trd, 000055.617, 165
Trd, 000056.367, 161
Trd, 000057.033, 162
Trd, 000057.133, 160
Trd, 000058.183, 169
Trd, 000058.233, 154
Trd, 000059.600, 159
Trd, 000059.817, 171
Trd, 000060.417, 169
Trd, 000060.833, 169
Trd, 000061.050, 163
Trd, 000061.150, 162
Trd, 000061.183, 170
Trd, 000061.933, 169
Trd, 000062.500, 170
Trd, 000062.783, 167
Trd, 000065.050, 167
Trd, 000065.217, 165
Trd, 000065.317, 167
Trd, 000065.450, 164
Trd, 000065.867, 170
Trd, 000066.067, 162
Trd, 000066.350, 158
Trd, 000066.433, 146
Trd, 000067.417, 164
Trd, 000067.533, 162
Trd, 000069.717, 162
Trd, 000069.917, 155
Trd, 000070.650, 170
Trd, 000070.917, 160
Trd, 000071.017, 170
Trd, 000071.150, 171
Trd, 000072.133, 159
Trd, 000072.567, 170
Trd, 000072.883, 158
Trd, 000073.117, 161
Trd, 000073.367, 171
Trd, 000074.533, 171
Trd, 000075.450, 167
Trd, 000075.983, 169
Trd, 000076.650, 163
Trd, 000077.050, 162
Trd, 000077.117, 162
Trd, 000077.783, 169
Trd, 000078.083, 170
Trd, 000078.600, 163
Trd, 000078.733, 156
Trd, 000078.850, 152
Trd, 000080.433, 158
Trd, 000080.767, 148
Trd, 000081.133, 162
Trd, 000081.317, 157
Trd, 000082.033, 139
Trd, 000082.583, 142
Trd, 000082.650, 125
Trd, 000083.150, 143
Trd, 000083.183, 144
Trd, 000083.200, 145
Trd, 000083.300, 146
Trd, 000083.750, 170
Trd, 000085.283, 171
Trd, 000085.533, 165
Trd, 000086.367, 170
Trd, 000087.050, 167
Trd, 000087.433, 174
Trd, 000087.550, 175
Trd, 000088.083, 168
Trd, 000089.217, 174
Trd, 000090.117, 171
Trd, 000091.050, 169
Trd, 000091.567, 172
Trd, 000091.617, 171
Trd, 000091.733, 168
Trd, 000092.500, 168
Trd, 000093.433, 168
Trd, 000093.717, 173
Trd, 000093.900, 167
Trd, 000094.033, 167
Trd, 000094.850, 169
Trd, 000095.050, 169
Trd, 000095.267, 174
Trd, 000096.417, 167
Trd, 000097.050, 167
Trd, 000099.017, 166
Trd, 000099.350, 165
Trd, 000099.450, 166
Trd, 000099.617, 169
Trd, 000099.667, 172
Trd, 000100.333, 165
Trd, 000100.583, 166
Trd, 000100.600, 159
Trd, 000100.967, 158
Trd, 000101.867, 150
Trd, 000103.500, 155
Trd, 000103.917, 161
Trd, 000104.217, 175
Trd, 000104.533, 152
Trd, 000104.700, 153
Trd, 000105.100, 168
Trd, 000106.067, 166
Trd, 000106.450, 165
Trd, 000108.067, 169
Trd, 000108.300, 172
Trd, 000109.267, 169
Trd, 000109.750, 169
Trd, 000109.767, 166
Trd, 000109.800, 171
Trd, 000109.950, 173
Trd, 000110.000, 159
Trd, 000110.050, 179
Trd, 000111.567, 179
Trd, 000111.800, 164
Trd, 000113.350, 165
Trd, 000113.833, 162
Trd, 000114.300, 164
Trd, 000114.500, 160
Trd, 000114.733, 161
Trd, 000114.900, 164
Trd, 000115.200, 159
Trd, 000115.600, 165
Trd, 000115.700, 168
Trd, 000116.617, 163
Trd, 000116.700, 173
Trd, 000117.200, 167
Trd, 000117.650, 172
Trd, 000117.750, 166
Trd, 000117.767, 166
Trd, 000118.600, 173
Trd, 000119.433, 173
Trd, 000119.933, 152
Trd, 000119.983, 173
Trd, 000121.017, 159
Trd, 000121.317, 173
Trd, 000121.600, 148
Trd, 000122.300, 175
Trd, 000122.833, 177
Trd, 000122.933, 193
Trd, 000122.950, 198
Trd, 000123.467, 213
Trd, 000123.850, 243
Trd, 000123.917, 274
Trd, 000124.800, 214
Trd, 000125.083, 300.0
Trd, 000125.433, 306.0
Trd, 000125.717, 310.0
Trd, 000125.767, 313.0
Trd, 000125.817, 334.0
Trd, 000125.900, 351.0
Trd, 000126.500, 366
Trd, 000126.900, 307
Trd, 000127.583, 324.0
Trd, 000128.567, 317
Trd, 000129.550, 319
Trd, 000129.633, 351
Trd, 000130.050, 353
Trd, 000131.067, 367
Trd, 000131.500, 368
Trd, 000131.917, 351.0
Trd, 000132.017, 360
Trd, 000132.150, 365
Trd, 000133.800, 348.0
Trd, 000134.400, 355.0
Trd, 000134.417, 363
Trd, 000135.083, 363
Trd, 000135.600, 354
Trd, 000135.650, 364.0
Trd, 000135.867, 353
Trd, 000136.817, 348.0
Trd, 000137.283, 361
Trd, 000137.550, 363
Trd, 000138.667, 364
Trd, 000138.833, 350.0
Trd, 000139.550, 351
Trd, 000140.217, 359.0
Trd, 000140.533, 354
Trd, 000140.900, 351
Trd, 000141.150, 355.0
Trd, 000142.200, 350
Trd, 000142.900, 354
Trd, 000143.567, 356
Trd, 000144.150, 343
Trd, 000144.617, 360
Trd, 000144.800, 348.0
Trd, 000145.150, 362
Trd, 000146.083, 355.0
Trd, 000147.267, 358
Trd, 000149.300, 359
Trd, 000149.633, 361
Trd, 000149.783, 363
Trd, 000149.800, 357
Trd, 000150.000, 356
Trd, 000150.533, 361
Trd, 000150.717, 356.0
Trd, 000151.383, 355.0
Trd, 000151.633, 359
Trd, 000151.850, 360
Trd, 000152.700, 360
Trd, 000152.900, 361
Trd, 000152.917, 359
Trd, 000153.433, 358
Trd, 000154.267, 362
Trd, 000154.633, 358
Trd, 000154.750, 360
Trd, 000155.467, 357
Trd, 000155.867, 359
Trd, 000156.300, 355.0
Trd, 000156.317, 353
Trd, 000157.700, 350
Trd, 000158.267, 352
Trd, 000158.717, 357
Trd, 000158.867, 357
Trd, 000159.500, 355
Trd, 000160.167, 358
Trd, 000160.483, 353
Trd, 000160.800, 361
Trd, 000161.167, 351
Trd, 000161.400, 348
Trd, 000162.483, 364
Trd, 000163.850, 350
Trd, 000164.067, 348.0
Trd, 000164.267, 361.0
Trd, 000164.783, 355.0
Trd, 000165.133, 345
Trd, 000165.450, 349
Trd, 000165.583, 342
Trd, 000165.900, 340
Trd, 000166.617, 336
Trd, 000167.517, 324.0
Trd, 000167.533, 350
Trd, 000167.850, 323.0
Trd, 000167.883, 317.0
Trd, 000168.167, 324.0
Trd, 000169.517, 338
Trd, 000170.683, 351.0
Trd, 000171.067, 333
Trd, 000171.100, 329
Trd, 000171.567, 363
Trd, 000171.983, 349
Trd, 000172.667, 365.0
Trd, 000173.450, 351
Trd, 000174.033, 356
Trd, 000174.517, 359
Trd, 000175.300, 350
Trd, 000175.367, 363
Trd, 000176.333, 352
Trd, 000177.050, 355.0
Trd, 000177.617, 352
Trd, 000177.900, 356
Trd, 000178.017, 351
Trd, 000178.717, 350
Trd, 000179.050, 358
Trd, 000179.767, 359
Trd, 000180.417, 353
Trd, 000180.783, 352.0
Trd, 000181.933, 357
Trd, 000182.250, 355.0
Trd, 000182.283, 358
Trd, 000182.717, 336
Trd, 000182.867, 324.0
Trd, 000184.233, 347
Trd, 000184.550, 317.0
Trd, 000184.833, 296
Trd, 000184.883, 271
Trd, 000185.367, 243
Trd, 000185.483, 214
Trd, 000185.567, 176
Trd, 000185.983, 207
Trd, 000186.717, 201
Trd, 000187.400, 196
Trd, 000187.450, 193
Trd, 000187.467, 206
Trd, 000187.600, 187
Trd, 000188.367, 186
Trd, 000189.233, 186
Trd, 000189.500, 177
Trd, 000189.933, 180
Trd, 000190.033, 174
Trd, 000190.617, 184
Trd, 000191.050, 175
Trd, 000191.083, 183
Trd, 000191.600, 180
Trd, 000191.883, 183
Trd, 000192.633, 184
Trd, 000193.250, 174
Trd, 000193.817, 146
Trd, 000194.150, 150
Trd, 000194.250, 151
Trd, 000194.350, 143
Trd, 000194.750, 150
Trd, 000194.867, 184
Trd, 000195.833, 168
Trd, 000197.183, 170
Trd, 000197.633, 173
Trd, 000197.917, 174
Trd, 000198.633, 170
Trd, 000198.817, 168
Trd, 000198.867, 166
Trd, 000198.933, 181
Trd, 000200.350, 175
Trd, 000200.583, 172
Trd, 000201.200, 182
Trd, 000202.200, 185
Trd, 000202.267, 196
Trd, 000203.050, 173
Trd, 000203.250, 174
Trd, 000203.467, 187
Trd, 000204.533, 175
Trd, 000205.183, 178
Trd, 000205.283, 178
Trd, 000205.433, 182
Trd, 000206.767, 184
Trd, 000206.883, 185
Trd, 000206.983, 189
Trd, 000207.050, 178
Trd, 000207.217, 175
Trd, 000208.283, 169
Trd, 000208.383, 198
Trd, 000211.217, 177
Trd, 000211.383, 157
Trd, 000211.750, 175
Trd, 000212.417, 173
Trd, 000213.167, 176
Trd, 000213.700, 177
Trd, 000213.883, 177
Trd, 000214.267, 178
Trd, 000214.517, 174
Trd, 000215.367, 183
Trd, 000215.433, 186
Trd, 000217.133, 177
Trd, 000218.483, 178
Trd, 000218.883, 177
Trd, 000219.067, 184
Trd, 000219.267, 185
Trd, 000219.350, 177
Trd, 000220.217, 184
Trd, 000220.617, 180
Trd, 000220.717, 170
Trd, 000221.283, 184
Trd, 000221.867, 164
Trd, 000223.600, 174
Trd, 000223.867, 172
Trd, 000224.317, 178
Trd, 000224.950, 178
Trd, 000225.950, 174
Trd, 000226.617, 170
Trd, 000226.800, 177
Trd, 000227.133, 181
Trd, 000228.050, 185
Trd, 000229.083, 184
Trd, 000229.267, 187
Trd, 000229.850, 187
Trd, 000230.167, 187
Trd, 000230.833, 188
Trd, 000231.083, 191
Trd, 000231.317, 186
Trd, 000231.550, 192
Trd, 000232.033, 186
Trd, 000232.600, 202
Trd, 000233.250, 186
Trd, 000233.267, 181
Trd, 000233.483, 203
Trd, 000234.100, 178
Trd, 000235.883, 182
Trd, 000236.683, 187
Trd, 000236.733, 188
Trd, 000237.400, 182
Trd, 000237.600, 179
Trd, 000237.767, 173
Trd, 000238.333, 190
Trd, 000238.683, 185
Trd, 000239.483, 182
Trd, 000239.867, 181
Trd, 000240.417, 184
Trd, 000240.667, 183
Trd, 000240.717, 180
Trd, 000240.783, 185
Trd, 000240.883, 179
Trd, 000241.433, 177
Trd, 000242.033, 175
Trd, 000242.417, 178
Trd, 000242.700, 179
Trd, 000242.900, 175
Trd, 000243.567, 173
Trd, 000244.067, 172
Trd, 000244.300, 172
Trd, 000244.617, 168
Trd, 000245.233, 162
Trd, 000245.867, 164
Trd, 000246.100, 165
Trd, 000246.367, 176
Trd, 000246.500, 180
Trd, 000246.550, 173
Trd, 000247.500, 178
Trd, 000248.000, 164
Trd, 000248.183, 159
Trd, 000248.233, 149
Trd, 000248.517, 184
Trd, 000248.867, 187
Trd, 000249.183, 183
Trd, 000249.850, 181
Trd, 000250.033, 180
Trd, 000250.233, 190
Trd, 000251.133, 183
Trd, 000251.483, 182
Trd, 000251.500, 179
Trd, 000251.517, 176
Trd, 000251.700, 181
Trd, 000253.333, 173
Trd, 000253.817, 173
Trd, 000254.650, 169
Trd, 000255.200, 170
Trd, 000255.300, 172
Trd, 000255.383, 173
Trd, 000255.567, 174
Trd, 000256.083, 176
Trd, 000256.150, 169
Trd, 000256.233, 187
Trd, 000256.883, 182
Trd, 000257.750, 180
Trd, 000257.933, 181
Trd, 000258.517, 182
Trd, 000259.083, 179
Trd, 000259.700, 178
Trd, 000259.783, 175
Trd, 000260.467, 178
Trd, 000260.617, 175
Trd, 000260.900, 180
Trd, 000261.033, 181
Trd, 000261.167, 174
Trd, 000262.250, 178
Trd, 000263.550, 181
Trd, 000263.683, 180
Trd, 000263.800, 176
Trd, 000264.617, 174
Trd, 000264.700, 167
Trd, 000265.183, 166
Trd, 000265.217, 162
Trd, 000265.583, 176
Trd, 000266.017, 177
Trd, 000266.133, 175
Trd, 000266.417, 177
Trd, 000267.183, 175
Trd, 000267.417, 173
Trd, 000267.483, 166
Trd, 000267.650, 165
Trd, 000268.033, 163
Trd, 000268.500, 166
Trd, 000268.517, 178
Trd, 000268.817, 181
Trd, 000269.267, 177
Trd, 000270.150, 183
Trd, 000270.583, 187
Trd, 000271.383, 182
Trd, 000272.600, 182
Trd, 000272.700, 188
Trd, 000272.833, 183
Trd, 000272.883, 178
Trd, 000272.900, 189
Trd, 000274.400, 181
Trd, 000274.417, 184
Trd, 000274.550, 187
Trd, 000275.133, 193
Trd, 000275.517, 184
Trd, 000275.950, 183
Trd, 000276.300, 182
Trd, 000276.500, 167
Trd, 000276.533, 177
Trd, 000276.667, 184
Trd, 000276.817, 173
Trd, 000276.850, 162
Trd, 000277.117, 183
Trd, 000277.200, 185
Trd, 000278.033, 184
Trd, 000278.083, 191
Trd, 000278.333, 192
Trd, 000280.067, 184
Trd, 000280.367, 183
Trd, 000280.417, 191
Trd, 000280.867, 191
Trd, 000281.183, 180
Trd, 000281.317, 187
Trd, 000281.950, 184
Trd, 000282.183, 183
Trd, 000282.350, 182
Trd, 000282.717, 178
Trd, 000282.767, 176
Trd, 000283.283, 181
Trd, 000283.433, 182
Trd, 000283.867, 179
Trd, 000284.400, 188
Trd, 000285.000, 184
Trd, 000285.467, 188
Trd, 000285.800, 185
Trd, 000285.950, 183
Trd, 000285.983, 190
Trd, 000286.067, 178
Trd, 000286.433, 194
Trd, 000286.583, 169
Trd, 000287.633, 194
Trd, 000288.650, 162
Trd, 000288.683, 179
Trd, 000289.583, 161
Trd, 000289.617, 183
Trd, 000289.867, 177
Trd, 000290.600, 179
Trd, 000290.967, 178
Trd, 000291.483, 174
Trd, 000291.783, 177
Trd, 000292.100, 179
Trd, 000292.183, 182
Trd, 000292.500, 177
Trd, 000292.517, 184
Trd, 000292.617, 176
Trd, 000292.983, 183
Trd, 000293.383, 175
Trd, 000294.317, 177
Trd, 000294.383, 173
Trd, 000294.550, 169
Trd, 000294.700, 170
Trd, 000295.383, 179
Trd, 000295.933, 169
Trd, 000296.050, 178
Trd, 000296.183, 168
Trd, 000296.483, 180
Trd, 000297.517, 166
Trd, 000297.767, 163
Trd, 000297.833, 171
Trd, 000297.917, 177
Trd, 000298.500, 184
Trd, 000299.717, 176
Trd, 000299.833, 177
