Trd, 000001.183, 187
Trd, 000001.650, 168
Trd, 000002.100, 148
Trd, 000002.233, 128
Trd, 000002.633, 152
Trd, 000004.050, 131
Trd, 000004.500, 148
Trd, 000005.150, 154
Trd, 000005.550, 168
Trd, 000005.883, 153
Trd, 000007.050, 154
Trd, 000008.033, 155
Trd, 000008.250, 164
Trd, 000008.417, 152
Trd, 000008.750, 162
Trd, 000008.967, 152
Trd, 000009.433, 163
Trd, 000010.500, 155
Trd, 000010.867, 152
Trd, 000011.033, 154
Trd, 000011.667, 155
Trd, 000011.717, 156
Trd, 000014.350, 157
Trd, 000014.600, 156
Trd, 000014.617, 154
Trd, 000014.833, 167
Trd, 000014.917, 155
Trd, 000014.983, 154
Trd, 000015.450, 167
Trd, 000015.833, 159
Trd, 000016.067, 152
Trd, 000017.067, 164
Trd, 000017.467, 159
Trd, 000018.200, 158
Trd, 000018.883, 167
Trd, 000019.483, 162
Trd, 000019.783, 166
Trd, 000020.150, 166
Trd, 000020.633, 164
Trd, 000021.017, 157
Trd, 000022.533, 156
Trd, 000022.700, 153
Trd, 000022.867, 150
Trd, 000023.367, 142
Trd, 000023.417, 158
Trd, 000023.583, 158
Trd, 000023.850, 160
Trd, 000024.717, 171
Trd, 000024.833, 170
Trd, 000025.650, 157
Trd, 000025.700, 140
Trd, 000026.567, 157
Trd, 000027.117, 143
Trd, 000028.567, 151
Trd, 000028.650, 155
Trd, 000029.350, 154
Trd, 000030.250, 154
Trd, 000030.400, 153
Trd, 000030.600, 154
Trd, 000030.667, 153
Trd, 000031.100, 158
Trd, 000031.417, 171
Trd, 000031.817, 152
Trd, 000031.933, 170
Trd, 000033.400, 157
Trd, 000033.617, 157
Trd, 000034.883, 155
Trd, 000035.017, 154
Trd, 000035.317, 153
Trd, 000035.633, 154
Trd, 000036.783, 154
Trd, 000036.867, 151
Trd, 000037.417, 154
Trd, 000037.800, 145
Trd, 000038.400, 152
Trd, 000038.833, 152
Trd, 000039.250, 153
Trd, 000040.017, 148
Trd, 000040.533, 151
Trd, 000040.633, 153
Trd, 000041.500, 157
Trd, 000042.300, 154
Trd, 000042.883, 169
Trd, 000043.183, 172
Trd, 000043.200, 152
Trd, 000043.533, 156
Trd, 000043.650, 156
Trd, 000044.667, 158
Trd, 000045.450, 157
Trd, 000045.750, 159
Trd, 000046.283, 157
Trd, 000046.550, 159
Trd, 000047.767, 159
Trd, 000048.317, 160
Trd, 000048.483, 156
Trd, 000048.650, 157
Trd, 000049.300, 163
Trd, 000049.500, 160
Trd, 000050.850, 161
Trd, 000051.267, 161
Trd, 000051.933, 156
Trd, 000052.033, 174
Trd, 000053.567, 157
Trd, 000053.767, 160
Trd, 000054.200, 157
Trd, 000055.117, 157
Trd, 000055.367, 156
Trd, 000055.383, 158
Trd, 000055.733, 157
Trd, 000056.400, 155
Trd, 000056.800, 155
Trd, 000057.083, 155
Trd, 000057.167, 156
Trd, 000057.367, 158
Trd, 000057.900, 154
Trd, 000058.667, 159
Trd, 000059.000, 160
Trd, 000059.433, 158
Trd, 000060.000, 159
Trd, 000060.417, 157
Trd, 000061.400, 157
Trd, 000062.317, 151
Trd, 000062.450, 152
Trd, 000062.583, 151
Trd, 000062.683, 155
Trd, 000063.667, 148
Trd, 000064.050, 150
Trd, 000064.067, 146
Trd, 000065.333, 151
Trd, 000065.350, 153
Trd, 000065.600, 161
Trd, 000065.917, 155
Trd, 000066.650, 156
Trd, 000067.167, 159
Trd, 000067.250, 171
Trd, 000067.950, 159
Trd, 000068.483, 160
Trd, 000068.533, 167
Trd, 000068.750, 172
Trd, 000069.267, 162
Trd, 000070.067, 160
Trd, 000070.733, 159
Trd, 000070.833, 174
Trd, 000072.017, 174
Trd, 000072.283, 166
Trd, 000072.567, 162
Trd, 000072.883, 158
Trd, 000074.417, 165
Trd, 000074.733, 169
Trd, 000075.083, 160
Trd, 000075.633, 167
Trd, 000075.850, 158
Trd, 000075.883, 155
Trd, 000076.350, 167
Trd, 000077.200, 168
Trd, 000078.500, 159
Trd, 000078.717, 158
Trd, 000078.933, 163
Trd, 000079.933, 159
Trd, 000080.150, 159
Trd, 000080.183, 148
Trd, 000081.400, 163
Trd, 000081.600, 150
Trd, 000081.817, 152
Trd, 000082.500, 157
Trd, 000082.983, 163
Trd, 000083.000, 164
Trd, 000083.200, 173
Trd, 000083.633, 175
Trd, 000083.717, 159
Trd, 000083.867, 156
Trd, 000084.467, 171
Trd, 000085.817, 164
Trd, 000086.233, 164
Trd, 000086.550, 161
Trd, 000086.583, 171
Trd, 000087.383, 163
Trd, 000089.567, 165
Trd, 000089.983, 165
Trd, 000090.117, 165
Trd, 000090.183, 163
Trd, 000090.200, 160
Trd, 000090.750, 155
Trd, 000090.800, 158
Trd, 000090.900, 164
Trd, 000091.067, 149
Trd, 000091.367, 174
Trd, 000091.717, 151
Trd, 000092.483, 158
Trd, 000092.700, 157
Trd, 000093.900, 143
Trd, 000094.867, 159
Trd, 000096.100, 158
Trd, 000096.600, 159
Trd, 000096.683, 160
Trd, 000097.583, 154
Trd, 000097.717, 153
Trd, 000099.133, 152
Trd, 000099.233, 159
Trd, 000099.617, 151
Trd, 000099.800, 158
Trd, 000099.833, 150
Trd, 000100.167, 165
Trd, 000100.300, 175
Trd, 000100.533, 169
Trd, 000100.833, 161
Trd, 000102.267, 167
Trd, 000102.850, 164
Trd, 000102.867, 165
Trd, 000103.817, 164
Trd, 000104.150, 164
Trd, 000104.250, 165
Trd, 000105.300, 163
Trd, 000107.650, 166
Trd, 000108.250, 163
Trd, 000108.533, 162
Trd, 000108.850, 159
Trd, 000109.183, 163
Trd, 000109.550, 163
Trd, 000109.567, 148
Trd, 000110.317, 162
Trd, 000111.100, 166
Trd, 000111.567, 162
Trd, 000111.583, 166
Trd, 000111.667, 166
Trd, 000112.550, 167
Trd, 000112.650, 163
Trd, 000114.350, 163
Trd, 000115.217, 163
Trd, 000115.300, 165
Trd, 000115.500, 162
Trd, 000115.600, 162
Trd, 000116.033, 164
Trd, 000117.283, 162
Trd, 000117.300, 159
Trd, 000117.533, 151
Trd, 000118.767, 160
Trd, 000118.800, 162
Trd, 000119.233, 166
Trd, 000119.717, 164
Trd, 000120.933, 167
Trd, 000121.133, 167
Trd, 000121.850, 174
Trd, 000123.250, 175
Trd, 000123.383, 191
Trd, 000123.583, 194
Trd, 000123.633, 200
Trd, 000123.917, 275
Trd, 000123.983, 335
Trd, 000125.317, 331.0
Trd, 000125.333, 323
Trd, 000125.850, 315
Trd, 000125.883, 322
Trd, 000125.900, 348.0
Trd, 000127.683, 337
Trd, 000127.967, 339
Trd, 000128.050, 346
Trd, 000128.100, 332
Trd, 000129.317, 334
Trd, 000129.600, 334.0
Trd, 000129.783, 337.0
Trd, 000130.467, 338
Trd, 000130.850, 344
Trd, 000131.317, 348.0
Trd, 000131.850, 353.0
Trd, 000132.033, 354.0
Trd, 000132.150, 353.0
Trd, 000133.550, 353
Trd, 000133.750, 351
Trd, 000133.850, 353.0
Trd, 000134.783, 351.0
Trd, 000135.433, 342
Trd, 000135.833, 349
Trd, 000136.517, 349
Trd, 000137.383, 351.0
Trd, 000137.533, 352
Trd, 000137.783, 355.0
Trd, 000137.967, 368
Trd, 000138.950, 365
Trd, 000139.450, 366
Trd, 000139.667, 348
Trd, 000139.967, 362
Trd, 000139.983, 349
Trd, 000140.050, 348
Trd, 000140.500, 359
Trd, 000141.350, 354.0
Trd, 000141.850, 348.0
Trd, 000142.000, 337.0
Trd, 000142.800, 338
Trd, 000143.250, 353
Trd, 000143.600, 355.0
Trd, 000144.433, 341
Trd, 000144.550, 352
Trd, 000144.717, 339
Trd, 000144.750, 351
Trd, 000146.250, 349.0
Trd, 000147.100, 349
Trd, 000147.817, 348.0
Trd, 000148.200, 349
Trd, 000149.033, 340
Trd, 000149.483, 351
Trd, 000149.533, 339
Trd, 000149.717, 351.0
Trd, 000150.133, 351
Trd, 000150.283, 352
Trd, 000150.400, 337.0
Trd, 000151.717, 352
Trd, 000152.250, 351
Trd, 000152.283, 353
Trd, 000152.417, 340
Trd, 000153.267, 348.0
Trd, 000154.117, 355.0
Trd, 000154.483, 348
Trd, 000154.650, 356
Trd, 000155.667, 351.0
Trd, 000155.883, 355
Trd, 000156.033, 365
Trd, 000157.017, 363
Trd, 000157.183, 365
Trd, 000158.117, 352
Trd, 000159.550, 353.0
Trd, 000160.033, 352
Trd, 000161.033, 354.0
Trd, 000161.300, 353.0
Trd, 000161.700, 351.0
Trd, 000161.883, 354.0
Trd, 000161.983, 348.0
Trd, 000162.533, 348
Trd, 000162.733, 353
Trd, 000163.283, 351.0
Trd, 000163.450, 351
Trd, 000164.417, 355.0
Trd, 000165.600, 357
Trd, 000165.783, 348.0
Trd, 000165.833, 348
Trd, 000166.700, 354
Trd, 000166.883, 355
Trd, 000168.417, 348
Trd, 000168.450, 346
Trd, 000168.533, 355
Trd, 000169.417, 340
Trd, 000169.450, 339
Trd, 000169.517, 343
Trd, 000170.033, 353
Trd, 000171.067, 352
Trd, 000172.100, 352
Trd, 000172.167, 351.0
Trd, 000173.100, 349
Trd, 000173.800, 351
Trd, 000174.067, 345
Trd, 000174.183, 348
Trd, 000175.483, 349.0
Trd, 000176.483, 349.0
Trd, 000177.233, 360
Trd, 000177.500, 355.0
Trd, 000177.567, 352
Trd, 000177.617, 361
Trd, 000179.367, 356
Trd, 000179.817, 353.0
Trd, 000179.917, 351.0
Trd, 000181.017, 354
Trd, 000181.483, 351
Trd, 000181.500, 350
Trd, 000181.733, 349.0
Trd, 000181.750, 348.0
Trd, 000181.917, 340
Trd, 000181.950, 351
Trd, 000182.900, 316
Trd, 000182.967, 327
Trd, 000183.100, 315
Trd, 000184.450, 306.0
Trd, 000184.483, 207
Trd, 000184.767, 231
Trd, 000186.467, 194
Trd, 000188.067, 187
Trd, 000188.250, 186
Trd, 000188.483, 184
Trd, 000189.233, 178
Trd, 000189.683, 182
Trd, 000189.833, 181
Trd, 000190.417, 180
Trd, 000191.100, 171
Trd, 000191.350, 172
Trd, 000191.517, 172
Trd, 000191.600, 182
Trd, 000191.900, 170
Trd, 000193.967, 167
Trd, 000194.667, 174
Trd, 000194.883, 175
Trd, 000196.633, 176
Trd, 000196.783, 177
Trd, 000197.750, 178
Trd, 000197.800, 177
Trd, 000198.033, 177
Trd, 000198.167, 178
Trd, 000198.633, 175
Trd, 000199.417, 173
Trd, 000199.533, 160
Trd, 000199.683, 167
Trd, 000200.817, 172
Trd, 000201.300, 172
Trd, 000202.117, 171
Trd, 000202.550, 171
Trd, 000202.817, 174
Trd, 000203.283, 173
Trd, 000205.067, 170
Trd, 000205.233, 171
Trd, 000206.050, 172
Trd, 000207.067, 172
Trd, 000207.083, 173
Trd, 000207.233, 171
Trd, 000208.500, 172
Trd, 000208.767, 173
Trd, 000209.267, 174
Trd, 000209.550, 176
Trd, 000210.750, 174
Trd, 000211.317, 176
Trd, 000211.900, 173
Trd, 000212.150, 172
Trd, 000212.383, 177
Trd, 000212.467, 177
Trd, 000213.617, 178
Trd, 000214.933, 175
Trd, 000215.367, 176
Trd, 000215.900, 179
Trd, 000216.467, 186
Trd, 000216.883, 183
Trd, 000217.317, 181
Trd, 000217.400, 180
Trd, 000217.533, 177
Trd, 000218.433, 185
Trd, 000218.783, 176
Trd, 000219.583, 186
Trd, 000219.617, 173
Trd, 000220.000, 184
Trd, 000220.417, 186
Trd, 000220.450, 188
Trd, 000220.533, 179
Trd, 000220.700, 170
Trd, 000221.183, 181
Trd, 000223.050, 173
Trd, 000223.250, 167
Trd, 000223.533, 173
Trd, 000223.667, 173
Trd, 000224.200, 177
Trd, 000225.500, 175
Trd, 000226.217, 175
Trd, 000226.550, 175
Trd, 000227.033, 174
Trd, 000227.233, 175
Trd, 000227.283, 176
Trd, 000228.600, 176
Trd, 000228.683, 174
Trd, 000229.533, 174
Trd, 000230.267, 174
Trd, 000230.300, 175
Trd, 000230.350, 178
Trd, 000230.500, 163
Trd, 000230.633, 169
Trd, 000231.350, 184
Trd, 000231.917, 174
Trd, 000232.000, 171
Trd, 000232.417, 188
Trd, 000233.817, 169
Trd, 000234.067, 178
Trd, 000234.983, 178
Trd, 000235.883, 173
Trd, 000235.900, 175
Trd, 000235.950, 178
Trd, 000236.117, 171
Trd, 000236.500, 177
Trd, 000236.767, 177
Trd, 000237.167, 179
Trd, 000238.350, 179
Trd, 000239.133, 177
Trd, 000239.350, 188
Trd, 000239.667, 188
Trd, 000240.367, 178
Trd, 000240.800, 178
Trd, 000240.817, 177
Trd, 000241.083, 178
Trd, 000242.000, 173
Trd, 000242.133, 178
Trd, 000242.483, 178
Trd, 000242.567, 178
Trd, 000242.650, 177
Trd, 000242.700, 179
Trd, 000243.150, 172
Trd, 000243.383, 187
Trd, 000243.567, 190
Trd, 000244.600, 169
Trd, 000244.767, 168
Trd, 000245.550, 180
Trd, 000246.633, 177
Trd, 000246.783, 180
Trd, 000247.683, 177
Trd, 000248.317, 177
Trd, 000248.417, 178
Trd, 000248.433, 179
Trd, 000248.800, 181
Trd, 000249.550, 177
Trd, 000249.817, 176
Trd, 000250.100, 179
Trd, 000250.217, 178
Trd, 000250.367, 178
Trd, 000251.167, 175
Trd, 000252.450, 177
Trd, 000252.550, 176
Trd, 000252.700, 174
Trd, 000252.933, 178
Trd, 000253.433, 174
Trd, 000253.683, 178
Trd, 000253.817, 180
Trd, 000253.900, 180
Trd, 000253.950, 173
Trd, 000254.833, 176
Trd, 000255.467, 173
Trd, 000256.667, 174
Trd, 000257.000, 179
Trd, 000257.817, 180
Trd, 000258.867, 179
Trd, 000259.033, 175
Trd, 000259.433, 166
Trd, 000259.950, 173
Trd, 000260.033, 171
Trd, 000260.050, 177
Trd, 000260.600, 183
Trd, 000261.517, 176
Trd, 000261.750, 174
Trd, 000262.350, 171
Trd, 000262.567, 175
Trd, 000262.583, 174
Trd, 000262.917, 170
Trd, 000262.933, 176
Trd, 000263.300, 175
Trd, 000264.217, 174
Trd, 000264.483, 174
Trd, 000265.250, 157
Trd, 000265.300, 161
Trd, 000265.567, 160
Trd, 000265.600, 162
Trd, 000266.167, 174
Trd, 000266.400, 171
Trd, 000266.850, 173
Trd, 000267.700, 172
Trd, 000267.833, 174
Trd, 000268.017, 184
Trd, 000268.717, 171
Trd, 000269.433, 182
Trd, 000269.483, 188
Trd, 000270.150, 175
Trd, 000270.383, 170
Trd, 000270.950, 177
Trd, 000271.317, 175
Trd, 000271.817, 178
Trd, 000272.000, 179
Trd, 000272.183, 180
Trd, 000273.500, 178
Trd, 000273.600, 182
Trd, 000274.000, 189
Trd, 000274.383, 176
Trd, 000274.483, 175
Trd, 000275.133, 178
Trd, 000275.800, 177
Trd, 000275.933, 178
Trd, 000276.300, 179
Trd, 000276.600, 180
Trd, 000277.133, 180
Trd, 000277.583, 182
Trd, 000277.917, 179
Trd, 000278.567, 185
Trd, 000279.033, 195
Trd, 000280.350, 184
Trd, 000280.967, 183
Trd, 000281.033, 183
Trd, 000281.050, 185
Trd, 000281.483, 185
Trd, 000281.983, 185
Trd, 000282.050, 176
Trd, 000282.133, 177
Trd, 000282.900, 177
Trd, 000282.967, 172
Trd, 000283.150, 183
Trd, 000284.283, 176
Trd, 000284.467, 182
Trd, 000284.633, 186
Trd, 000285.200, 184
Trd, 000285.267, 185
Trd, 000285.350, 186
Trd, 000286.417, 184
Trd, 000287.050, 183
Trd, 000287.583, 191
Trd, 000287.617, 183
Trd, 000287.750, 169
Trd, 000288.633, 188
Trd, 000288.883, 192
Trd, 000289.017, 193
Trd, 000289.200, 173
Trd, 000289.300, 196
Trd, 000289.933, 180
Trd, 000290.283, 183
Trd, 000290.417, 179
Trd, 000290.700, 168
Trd, 000290.850, 183
Trd, 000291.450, 182
Trd, 000291.533, 184
Trd, 000293.050, 184
Trd, 000293.183, 177
Trd, 000293.483, 170
Trd, 000293.517, 184
Trd, 000294.083, 181
Trd, 000294.367, 181
Trd, 000294.667, 181
Trd, 000294.683, 180
Trd, 000294.800, 177
Trd, 000295.383, 173
Trd, 000295.600, 184
Trd, 000296.450, 182
Trd, 000296.550, 195
Trd, 000298.083, 187
Trd, 000298.233, 188
Trd, 000298.400, 180
Trd, 000298.417, 178
Trd, 000298.550, 188
Trd, 000298.650, 204
Trd, 000298.783, 208
Trd, 000299.033, 168
Trd, 000299.333, 169
