Trd, 000001.817, 124
Trd, 000002.100, 171
Trd, 000002.333, 168
Trd, 000002.467, 149
Trd, 000003.233, 149
Trd, 000003.833, 152
Trd, 000004.083, 151
Trd, 000004.117, 141
Trd, 000004.633, 147
Trd, 000006.550, 137
Trd, 000006.750, 134
Trd, 000007.067, 147
Trd, 000008.500, 146
Trd, 000008.867, 153
Trd, 000008.950, 156
Trd, 000011.150, 150
Trd, 000011.550, 149
Trd, 000011.667, 149
Trd, 000012.000, 152
Trd, 000012.650, 157
Trd, 000013.567, 170
Trd, 000013.750, 169
Trd, 000014.100, 164
Trd, 000014.850, 167
Trd, 000015.050, 166
Trd, 000015.283, 165
Trd, 000016.383, 137
Trd, 000016.617, 138
Trd, 000016.717, 135
Trd, 000017.050, 152
Trd, 000017.417, 137
Trd, 000018.583, 151
Trd, 000018.833, 152
Trd, 000019.383, 151
Trd, 000019.533, 152
Trd, 000021.167, 145
Trd, 000021.500, 151
Trd, 000022.233, 147
Trd, 000022.450, 151
Trd, 000023.067, 150
Trd, 000023.517, 149
Trd, 000024.167, 150
Trd, 000024.250, 139
Trd, 000024.583, 149
Trd, 000024.683, 146
Trd, 000025.900, 143
Trd, 000026.450, 145
Trd, 000026.917, 151
Trd, 000027.083, 178
Trd, 000028.967, 156
Trd, 000029.617, 153
Trd, 000030.700, 155
Trd, 000031.167, 150
Trd, 000031.583, 151
Trd, 000031.650, 151
Trd, 000031.683, 149
Trd, 000032.583, 148
Trd, 000033.833, 147
Trd, 000034.167, 148
Trd, 000035.400, 147
Trd, 000036.000, 146
Trd, 000037.367, 145
Trd, 000037.433, 143
Trd, 000037.717, 140
Trd, 000038.817, 145
Trd, 000039.317, 142
Trd, 000039.583, 144
Trd, 000039.717, 146
Trd, 000039.850, 144
Trd, 000040.150, 144
Trd, 000041.167, 145
Trd, 000043.167, 145
Trd, 000043.533, 146
Trd, 000043.933, 144
Trd, 000044.000, 147
Trd, 000044.300, 143
Trd, 000044.633, 159
Trd, 000044.717, 141
Trd, 000045.800, 150
Trd, 000046.150, 152
Trd, 000046.217, 154
Trd, 000046.650, 155
Trd, 000047.433, 156
Trd, 000049.917, 154
Trd, 000050.300, 153
Trd, 000050.383, 154
Trd, 000050.617, 154
Trd, 000051.567, 155
Trd, 000052.217, 155
Trd, 000052.600, 154
Trd, 000052.667, 157
Trd, 000052.917, 154
Trd, 000053.683, 160
Trd, 000054.633, 155
Trd, 000055.300, 169
Trd, 000055.717, 160
Trd, 000055.733, 162
Trd, 000056.450, 160
Trd, 000056.667, 164
Trd, 000057.500, 162
Trd, 000057.567, 163
Trd, 000058.433, 163
Trd, 000058.983, 166
Trd, 000059.167, 165
Trd, 000060.850, 161
Trd, 000060.933, 180
Trd, 000060.950, 157
Trd, 000060.983, 140
Trd, 000061.117, 181
Trd, 000061.200, 129
Trd, 000062.000, 155
Trd, 000062.850, 144
Trd, 000064.317, 145
Trd, 000065.150, 149
Trd, 000066.317, 148
Trd, 000066.950, 149
Trd, 000067.100, 148
Trd, 000067.383, 148
Trd, 000068.100, 148
Trd, 000068.850, 148
Trd, 000069.000, 149
Trd, 000069.667, 149
Trd, 000070.267, 147
Trd, 000070.817, 145
Trd, 000071.033, 144
Trd, 000072.000, 159
Trd, 000072.783, 155
Trd, 000073.150, 162
Trd, 000074.583, 158
Trd, 000075.050, 156
Trd, 000076.083, 156
Trd, 000077.367, 153
Trd, 000077.567, 149
Trd, 000077.883, 146
Trd, 000078.117, 149
Trd, 000078.417, 162
Trd, 000078.700, 159
Trd, 000078.950, 146
Trd, 000079.233, 163
Trd, 000080.783, 164
Trd, 000080.967, 145
Trd, 000081.150, 170
Trd, 000082.650, 179
Trd, 000083.150, 178
Trd, 000083.300, 176
Trd, 000084.000, 175
Trd, 000084.017, 173
Trd, 000084.950, 173
Trd, 000085.233, 170
Trd, 000086.500, 168
Trd, 000087.050, 170
Trd, 000087.283, 169
Trd, 000087.600, 168
Trd, 000088.283, 173
Trd, 000088.717, 169
Trd, 000088.833, 167
Trd, 000090.317, 167
Trd, 000091.100, 167
Trd, 000092.083, 150
Trd, 000092.167, 163
Trd, 000092.233, 165
Trd, 000093.300, 160
Trd, 000093.317, 164
Trd, 000094.400, 161
Trd, 000095.300, 161
Trd, 000095.550, 156
Trd, 000096.767, 159
Trd, 000097.200, 160
Trd, 000097.267, 159
Trd, 000097.533, 162
Trd, 000099.100, 161
Trd, 000099.300, 159
Trd, 000099.400, 161
Trd, 000099.783, 162
Trd, 000099.983, 159
Trd, 000100.383, 161
Trd, 000101.650, 165
Trd, 000102.667, 161
Trd, 000104.433, 163
Trd, 000104.783, 163
Trd, 000104.917, 165
Trd, 000105.850, 162
Trd, 000106.033, 163
Trd, 000106.583, 165
Trd, 000106.767, 166
Trd, 000106.933, 166
Trd, 000108.233, 166
Trd, 000108.283, 165
Trd, 000109.617, 168
Trd, 000110.033, 169
Trd, 000110.750, 164
Trd, 000111.167, 159
Trd, 000111.883, 160
Trd, 000112.117, 161
Trd, 000112.933, 150
Trd, 000113.650, 152
Trd, 000114.450, 159
Trd, 000114.750, 158
Trd, 000114.833, 159
Trd, 000115.050, 159
Trd, 000115.350, 158
Trd, 000116.900, 165
Trd, 000117.183, 165
Trd, 000117.217, 164
Trd, 000118.233, 163
Trd, 000118.533, 162
Trd, 000118.700, 165
Trd, 000119.300, 165
Trd, 000119.833, 166
Trd, 000120.050, 149
Trd, 000120.600, 166
Trd, 000120.783, 147
Trd, 000120.867, 146
Trd, 000121.467, 167
Trd, 000121.983, 168
Trd, 000122.350, 174
Trd, 000122.917, 184
Trd, 000123.233, 191
Trd, 000123.450, 212
Trd, 000124.083, 317.0
Trd, 000124.533, 318
Trd, 000125.133, 331
Trd, 000125.217, 337.0
Trd, 000126.833, 341
Trd, 000127.400, 342
Trd, 000127.500, 337.0
Trd, 000127.600, 334.0
Trd, 000128.017, 332
Trd, 000128.067, 343
Trd, 000128.100, 345
Trd, 000129.717, 328
Trd, 000130.250, 355.0
Trd, 000130.767, 362.0
Trd, 000131.333, 351
Trd, 000133.017, 346
Trd, 000133.217, 350
Trd, 000133.350, 351
Trd, 000133.700, 354
Trd, 000134.000, 372
Trd, 000134.400, 360
Trd, 000136.050, 359
Trd, 000136.583, 358
Trd, 000136.967, 357
Trd, 000138.617, 350
Trd, 000139.900, 355
Trd, 000140.117, 353
Trd, 000140.600, 354
Trd, 000140.900, 357
Trd, 000141.017, 357
Trd, 000141.633, 361.0
Trd, 000141.767, 356
Trd, 000141.933, 355
Trd, 000142.583, 355
Trd, 000142.983, 353
Trd, 000143.450, 354
Trd, 000144.483, 353
Trd, 000144.500, 355
Trd, 000145.350, 355.0
Trd, 000145.383, 340.0
Trd, 000146.933, 347
Trd, 000148.083, 346.0
Trd, 000148.300, 349
Trd, 000149.917, 343
Trd, 000150.033, 354
Trd, 000150.350, 341.0
Trd, 000150.833, 342.0
Trd, 000151.567, 353.0
Trd, 000151.600, 343.0
Trd, 000153.417, 346
Trd, 000154.000, 346
Trd, 000154.083, 351
Trd, 000154.300, 345
Trd, 000155.850, 344
Trd, 000156.733, 349
Trd, 000157.850, 351
Trd, 000158.000, 349
Trd, 000158.350, 351
Trd, 000159.533, 349
Trd, 000159.683, 347
Trd, 000159.833, 337.0
Trd, 000161.117, 346
Trd, 000161.317, 345
Trd, 000161.483, 343
Trd, 000162.083, 355.0
Trd, 000162.683, 362.0
Trd, 000165.450, 350
Trd, 000166.233, 349
Trd, 000167.100, 351
Trd, 000167.250, 352
Trd, 000167.317, 350
Trd, 000167.617, 351
Trd, 000168.167, 351
Trd, 000168.250, 353
Trd, 000168.833, 354
Trd, 000168.950, 355.0
Trd, 000169.767, 351
Trd, 000170.067, 348
Trd, 000171.067, 352
Trd, 000172.367, 354
Trd, 000172.700, 351
Trd, 000174.383, 351
Trd, 000175.117, 350
Trd, 000175.433, 350
Trd, 000175.833, 351
Trd, 000176.000, 349
Trd, 000177.200, 338.0
Trd, 000180.250, 343.0
Trd, 000180.317, 344
Trd, 000180.917, 344
Trd, 000180.967, 349
Trd, 000181.417, 345
Trd, 000182.833, 343
Trd, 000182.867, 337.0
Trd, 000182.983, 334.0
Trd, 000183.117, 326
Trd, 000183.150, 323
Trd, 000183.517, 310.0
Trd, 000183.650, 251
Trd, 000184.033, 235
Trd, 000184.133, 193
Trd, 000185.267, 207
Trd, 000186.200, 190
Trd, 000186.233, 191
Trd, 000186.933, 190
Trd, 000186.967, 192
Trd, 000187.250, 166
Trd, 000187.733, 184
Trd, 000188.183, 156
Trd, 000189.617, 188
Trd, 000189.650, 187
Trd, 000190.583, 157
Trd, 000190.633, 165
Trd, 000192.667, 171
Trd, 000192.733, 169
Trd, 000193.317, 168
Trd, 000193.383, 157
Trd, 000194.100, 170
Trd, 000194.483, 153
Trd, 000195.300, 166
Trd, 000195.617, 167
Trd, 000195.833, 168
Trd, 000196.533, 168
Trd, 000196.633, 169
Trd, 000197.650, 171
Trd, 000198.300, 175
Trd, 000199.483, 172
Trd, 000199.717, 173
Trd, 000199.883, 171
Trd, 000200.750, 173
Trd, 000201.033, 174
Trd, 000201.533, 157
Trd, 000201.717, 174
Trd, 000201.967, 168
Trd, 000202.983, 163
Trd, 000203.633, 173
Trd, 000204.233, 163
Trd, 000205.483, 164
Trd, 000205.650, 165
Trd, 000205.750, 162
Trd, 000206.600, 164
Trd, 000206.983, 165
Trd, 000207.583, 165
Trd, 000207.850, 165
Trd, 000207.933, 167
Trd, 000208.467, 161
Trd, 000210.417, 166
Trd, 000211.100, 165
Trd, 000211.183, 163
Trd, 000212.117, 164
Trd, 000213.350, 165
Trd, 000213.783, 163
Trd, 000214.200, 162
Trd, 000214.400, 165
Trd, 000214.783, 159
Trd, 000215.267, 176
Trd, 000216.683, 170
Trd, 000216.867, 168
Trd, 000217.633, 168
Trd, 000217.783, 169
Trd, 000218.183, 170
Trd, 000219.533, 171
Trd, 000219.733, 171
Trd, 000220.433, 171
Trd, 000220.500, 170
Trd, 000220.867, 172
Trd, 000220.933, 169
Trd, 000222.383, 172
Trd, 000223.667, 170
Trd, 000223.983, 177
Trd, 000225.150, 171
Trd, 000225.267, 173
Trd, 000225.383, 173
Trd, 000226.033, 170
Trd, 000226.183, 160
Trd, 000228.617, 166
Trd, 000228.667, 167
Trd, 000229.333, 161
Trd, 000229.517, 164
Trd, 000230.067, 163
Trd, 000230.133, 166
Trd, 000230.150, 173
Trd, 000230.200, 161
Trd, 000231.367, 175
Trd, 000232.117, 176
Trd, 000233.350, 173
Trd, 000234.300, 172
Trd, 000234.467, 173
Trd, 000234.717, 169
Trd, 000235.433, 169
Trd, 000236.100, 171
Trd, 000236.283, 171
Trd, 000236.983, 172
Trd, 000238.217, 169
Trd, 000238.733, 168
Trd, 000239.700, 170
Trd, 000240.017, 170
Trd, 000240.100, 171
Trd, 000240.333, 171
Trd, 000240.383, 170
Trd, 000241.133, 168
Trd, 000241.283, 173
Trd, 000242.367, 168
Trd, 000242.883, 172
Trd, 000242.933, 171
Trd, 000243.683, 173
Trd, 000244.150, 169
Trd, 000244.883, 177
Trd, 000245.083, 178
Trd, 000245.600, 177
Trd, 000246.467, 180
Trd, 000246.633, 186
Trd, 000247.567, 180
Trd, 000247.617, 180
Trd, 000247.750, 181
Trd, 000247.900, 182
Trd, 000248.267, 183
Trd, 000248.833, 184
Trd, 000249.500, 183
Trd, 000249.833, 185
Trd, 000250.550, 183
Trd, 000251.283, 179
Trd, 000251.500, 182
Trd, 000252.350, 180
Trd, 000252.400, 179
Trd, 000252.533, 179
Trd, 000252.700, 185
Trd, 000252.783, 178
Trd, 000253.800, 179
Trd, 000254.383, 178
Trd, 000255.217, 180
Trd, 000255.250, 176
Trd, 000255.617, 181
Trd, 000255.883, 179
Trd, 000256.483, 179
Trd, 000256.517, 178
Trd, 000256.633, 182
Trd, 000258.300, 183
Trd, 000258.683, 178
Trd, 000258.817, 179
Trd, 000259.350, 179
Trd, 000259.583, 178
Trd, 000259.667, 179
Trd, 000260.117, 179
Trd, 000260.417, 179
Trd, 000261.000, 179
Trd, 000261.233, 177
Trd, 000262.367, 180
Trd, 000262.650, 178
Trd, 000262.683, 177
Trd, 000263.500, 175
Trd, 000264.617, 179
Trd, 000264.767, 181
Trd, 000265.517, 177
Trd, 000265.617, 181
Trd, 000265.967, 181
Trd, 000266.617, 181
Trd, 000267.533, 178
Trd, 000267.633, 178
Trd, 000267.650, 177
Trd, 000267.883, 182
Trd, 000268.650, 177
Trd, 000269.817, 177
Trd, 000270.133, 176
Trd, 000270.567, 176
Trd, 000270.600, 176
Trd, 000270.833, 181
Trd, 000271.200, 185
Trd, 000271.733, 189
Trd, 000272.650, 196
Trd, 000273.167, 194
Trd, 000273.250, 192
Trd, 000273.417, 189
Trd, 000273.767, 193
Trd, 000273.800, 187
Trd, 000275.100, 192
Trd, 000275.733, 171
Trd, 000276.433, 176
Trd, 000276.517, 176
Trd, 000276.667, 183
Trd, 000276.900, 183
Trd, 000277.600, 181
Trd, 000277.850, 183
Trd, 000278.217, 183
Trd, 000279.950, 183
Trd, 000280.117, 190
Trd, 000280.767, 185
Trd, 000281.183, 187
Trd, 000281.317, 188
Trd, 000281.500, 186
Trd, 000281.517, 185
Trd, 000281.783, 188
Trd, 000282.117, 188
Trd, 000282.917, 187
Trd, 000283.567, 186
Trd, 000283.850, 187
Trd, 000284.650, 186
Trd, 000284.783, 186
Trd, 000285.300, 183
Trd, 000285.367, 183
Trd, 000285.900, 179
Trd, 000286.350, 174
Trd, 000286.650, 179
Trd, 000286.733, 179
Trd, 000287.967, 180
Trd, 000288.067, 180
Trd, 000288.817, 179
Trd, 000288.983, 175
Trd, 000289.450, 178
Trd, 000290.083, 182
Trd, 000290.250, 180
Trd, 000290.917, 182
Trd, 000291.317, 183
Trd, 000291.367, 182
Trd, 000292.300, 183
Trd, 000292.583, 182
Trd, 000293.167, 182
Trd, 000293.750, 186
Trd, 000293.817, 191
Trd, 000294.583, 185
Trd, 000294.650, 184
Trd, 000294.700, 189
Trd, 000295.300, 205
Trd, 000295.450, 186
Trd, 000296.233, 190
Trd, 000296.467, 189
Trd, 000296.933, 174
Trd, 000297.167, 191
Trd, 000297.233, 167
Trd, 000298.867, 184
Trd, 000299.533, 189
