Trd, 000002.033, 162
Trd, 000002.967, 165
Trd, 000003.117, 146
Trd, 000004.133, 144
Trd, 000004.717, 154
Trd, 000004.767, 147
Trd, 000004.983, 144
Trd, 000005.150, 172
Trd, 000005.717, 165
Trd, 000005.883, 134
Trd, 000005.983, 146
Trd, 000006.650, 136
Trd, 000007.950, 148
Trd, 000008.000, 147
Trd, 000008.017, 149
Trd, 000008.183, 147
Trd, 000008.533, 149
Trd, 000008.633, 151
Trd, 000009.200, 146
Trd, 000009.217, 156
Trd, 000009.867, 152
Trd, 000010.283, 145
Trd, 000011.500, 136
Trd, 000012.233, 144
Trd, 000012.450, 142
Trd, 000012.683, 141
Trd, 000013.033, 141
Trd, 000014.350, 144
Trd, 000014.850, 144
Trd, 000016.300, 145
Trd, 000017.367, 143
Trd, 000018.000, 146
Trd, 000018.033, 143
Trd, 000018.683, 148
Trd, 000019.300, 148
Trd, 000019.467, 149
Trd, 000020.200, 148
Trd, 000020.217, 149
Trd, 000021.383, 151
Trd, 000021.583, 145
Trd, 000024.050, 148
Trd, 000024.417, 149
Trd, 000024.750, 150
Trd, 000027.050, 148
Trd, 000027.100, 149
Trd, 000027.417, 150
Trd, 000027.500, 149
Trd, 000028.333, 150
Trd, 000028.900, 151
Trd, 000029.017, 151
Trd, 000030.050, 153
Trd, 000030.117, 154
Trd, 000030.233, 154
Trd, 000030.367, 149
Trd, 000031.183, 150
Trd, 000032.083, 150
Trd, 000032.933, 149
Trd, 000033.667, 149
Trd, 000034.050, 150
Trd, 000034.450, 148
Trd, 000035.583, 147
Trd, 000036.150, 146
Trd, 000036.900, 146
Trd, 000037.300, 144
Trd, 000037.467, 151
Trd, 000037.950, 150
Trd, 000038.167, 151
Trd, 000038.800, 149
Trd, 000039.233, 144
Trd, 000040.717, 146
Trd, 000041.617, 147
Trd, 000041.833, 145
Trd, 000042.783, 147
Trd, 000043.167, 145
Trd, 000043.633, 147
Trd, 000043.850, 148
Trd, 000044.167, 146
Trd, 000044.500, 155
Trd, 000044.917, 159
Trd, 000045.117, 146
Trd, 000045.450, 146
Trd, 000045.567, 145
Trd, 000046.017, 143
Trd, 000046.467, 153
Trd, 000046.817, 159
Trd, 000046.850, 141
Trd, 000047.217, 160
Trd, 000048.733, 145
Trd, 000049.967, 145
Trd, 000050.833, 154
Trd, 000050.900, 155
Trd, 000051.433, 153
Trd, 000052.050, 155
Trd, 000052.500, 148
Trd, 000054.700, 152
Trd, 000055.467, 156
Trd, 000055.933, 152
Trd, 000056.083, 151
Trd, 000056.750, 150
Trd, 000057.667, 150
Trd, 000059.033, 152
Trd, 000059.550, 150
Trd, 000059.800, 153
Trd, 000059.833, 148
Trd, 000059.950, 142
Trd, 000060.517, 146
Trd, 000060.967, 149
Trd, 000061.083, 149
Trd, 000061.200, 152
Trd, 000061.817, 147
Trd, 000061.867, 146
Trd, 000062.050, 157
Trd, 000063.400, 161
Trd, 000063.617, 149
Trd, 000064.450, 152
Trd, 000064.767, 160
Trd, 000065.650, 161
Trd, 000065.900, 153
Trd, 000065.950, 160
Trd, 000066.283, 151
Trd, 000068.167, 157
Trd, 000068.383, 151
Trd, 000068.817, 160
Trd, 000068.983, 158
Trd, 000069.450, 157
Trd, 000070.533, 151
Trd, 000070.833, 152
Trd, 000071.433, 151
Trd, 000072.300, 152
Trd, 000072.533, 146
Trd, 000072.583, 169
Trd, 000072.783, 144
Trd, 000073.383, 151
Trd, 000073.750, 154
Trd, 000074.117, 142
Trd, 000074.350, 182
Trd, 000076.733, 159
Trd, 000076.767, 153
Trd, 000077.717, 151
Trd, 000078.367, 153
Trd, 000078.667, 153
Trd, 000079.183, 145
Trd, 000079.900, 152
Trd, 000080.117, 152
Trd, 000080.517, 150
Trd, 000081.267, 150
Trd, 000082.600, 152
Trd, 000083.150, 153
Trd, 000084.450, 152
Trd, 000084.800, 152
Trd, 000085.017, 151
Trd, 000085.450, 154
Trd, 000086.917, 158
Trd, 000087.183, 152
Trd, 000087.633, 153
Trd, 000087.683, 159
Trd, 000087.783, 183
Trd, 000088.200, 165
Trd, 000088.617, 153
Trd, 000090.617, 159
Trd, 000091.183, 154
Trd, 000093.333, 156
Trd, 000094.033, 156
Trd, 000094.367, 157
Trd, 000094.400, 156
Trd, 000095.400, 156
Trd, 000095.817, 155
Trd, 000095.917, 157
Trd, 000096.683, 160
Trd, 000096.850, 154
Trd, 000096.900, 161
Trd, 000097.817, 162
Trd, 000099.383, 159
Trd, 000099.983, 156
Trd, 000100.133, 158
Trd, 000100.200, 159
Trd, 000101.217, 156
Trd, 000103.250, 158
Trd, 000103.300, 155
Trd, 000103.550, 152
Trd, 000104.100, 154
Trd, 000104.117, 159
Trd, 000104.200, 160
Trd, 000104.317, 161
Trd, 000104.750, 153
Trd, 000104.933, 152
Trd, 000104.983, 161
Trd, 000106.467, 159
Trd, 000107.467, 159
Trd, 000107.900, 159
Trd, 000108.200, 154
Trd, 000108.333, 153
Trd, 000108.467, 151
Trd, 000109.100, 155
Trd, 000109.467, 158
Trd, 000109.733, 151
Trd, 000110.800, 166
Trd, 000111.217, 185
Trd, 000111.667, 152
Trd, 000112.417, 158
Trd, 000113.833, 158
Trd, 000114.033, 159
Trd, 000114.117, 154
Trd, 000114.167, 162
Trd, 000114.333, 167
Trd, 000114.367, 155
Trd, 000116.417, 148
Trd, 000116.967, 152
Trd, 000117.700, 154
Trd, 000117.800, 154
Trd, 000118.733, 152
Trd, 000119.367, 152
Trd, 000119.933, 149
Trd, 000121.583, 153
Trd, 000121.800, 155
Trd, 000122.283, 174
Trd, 000122.383, 187
Trd, 000122.483, 198
Trd, 000122.950, 163
Trd, 000123.083, 212
Trd, 000123.150, 274
Trd, 000123.817, 310.0
Trd, 000124.033, 317.0
Trd, 000124.317, 337
Trd, 000124.567, 334.0
Trd, 000125.283, 327.0
Trd, 000125.900, 324.0
Trd, 000127.067, 317.0
Trd, 000127.183, 335
Trd, 000128.100, 328
Trd, 000128.800, 330
Trd, 000129.083, 328
Trd, 000129.233, 327
Trd, 000129.300, 331
Trd, 000129.800, 331
Trd, 000130.483, 337
Trd, 000130.733, 334.0
Trd, 000132.883, 339
Trd, 000134.017, 339
Trd, 000135.250, 338
Trd, 000135.283, 336
Trd, 000135.317, 334.0
Trd, 000136.067, 334
Trd, 000137.600, 338
Trd, 000139.500, 335
Trd, 000140.517, 338
Trd, 000140.567, 337
Trd, 000141.383, 338
Trd, 000141.483, 342
Trd, 000141.883, 337
Trd, 000143.167, 338
Trd, 000143.367, 344.0
Trd, 000143.717, 334
Trd, 000144.233, 334.0
Trd, 000145.183, 338
Trd, 000146.083, 338
Trd, 000146.933, 332.0
Trd, 000147.200, 335
Trd, 000147.483, 333
Trd, 000147.733, 336
Trd, 000147.767, 337
Trd, 000148.567, 334
Trd, 000148.867, 337
Trd, 000148.967, 334.0
Trd, 000150.000, 338
Trd, 000150.683, 334
Trd, 000151.750, 341
Trd, 000153.267, 337
Trd, 000153.367, 341
Trd, 000153.950, 344.0
Trd, 000154.300, 349
Trd, 000154.833, 342
Trd, 000155.117, 335
Trd, 000157.400, 344.0
Trd, 000158.583, 344.0
Trd, 000159.117, 343
Trd, 000159.183, 344
Trd, 000159.317, 339.0
Trd, 000159.850, 344
Trd, 000160.250, 341
Trd, 000160.683, 343
Trd, 000161.233, 339
Trd, 000161.800, 339
Trd, 000162.150, 341
Trd, 000162.600, 344.0
Trd, 000163.833, 345
Trd, 000164.000, 346
Trd, 000164.483, 336
Trd, 000165.800, 338
Trd, 000166.650, 336
Trd, 000167.883, 336
Trd, 000168.450, 335
Trd, 000168.733, 337
Trd, 000169.067, 334.0
Trd, 000169.100, 333
Trd, 000170.533, 331.0
Trd, 000172.067, 336
Trd, 000172.167, 331
Trd, 000172.950, 339
Trd, 000173.350, 335
Trd, 000173.433, 336
Trd, 000175.467, 336
Trd, 000175.633, 335
Trd, 000176.317, 344.0
Trd, 000177.500, 342
Trd, 000177.667, 338
Trd, 000178.050, 338
Trd, 000179.217, 342
Trd, 000179.483, 348.0
Trd, 000179.717, 351.0
Trd, 000180.100, 339
Trd, 000180.633, 344
Trd, 000180.950, 341
Trd, 000181.250, 340
Trd, 000181.933, 337
Trd, 000182.217, 336
Trd, 000182.233, 334.0
Trd, 000182.783, 331.0
Trd, 000183.183, 324.0
Trd, 000183.200, 347
Trd, 000183.483, 317.0
Trd, 000184.283, 327
Trd, 000185.783, 205
Trd, 000185.900, 204
Trd, 000186.100, 195
Trd, 000186.217, 171
Trd, 000186.567, 162
Trd, 000186.917, 162
Trd, 000187.467, 183
Trd, 000187.733, 175
Trd, 000188.683, 154
Trd, 000189.300, 181
Trd, 000190.017, 170
Trd, 000191.017, 176
Trd, 000192.083, 174
Trd, 000193.450, 169
Trd, 000193.467, 170
Trd, 000193.817, 170
Trd, 000193.950, 169
Trd, 000194.117, 167
Trd, 000195.183, 167
Trd, 000196.117, 168
Trd, 000196.250, 166
Trd, 000196.617, 167
Trd, 000198.517, 161
Trd, 000198.817, 166
Trd, 000198.883, 166
Trd, 000200.367, 164
Trd, 000200.667, 165
Trd, 000200.883, 163
Trd, 000201.017, 168
Trd, 000201.817, 163
Trd, 000201.983, 163
Trd, 000203.000, 168
Trd, 000204.000, 165
Trd, 000204.200, 163
Trd, 000204.600, 167
Trd, 000204.917, 163
Trd, 000204.950, 168
Trd, 000206.217, 168
Trd, 000206.533, 169
Trd, 000206.650, 171
Trd, 000207.850, 182
Trd, 000208.417, 195
Trd, 000209.333, 173
Trd, 000209.433, 182
Trd, 000210.217, 181
Trd, 000210.500, 181
Trd, 000211.317, 175
Trd, 000211.783, 159
Trd, 000212.117, 170
Trd, 000212.633, 157
Trd, 000214.617, 166
Trd, 000215.033, 166
Trd, 000216.433, 167
Trd, 000216.550, 168
Trd, 000216.883, 165
Trd, 000217.250, 168
Trd, 000218.150, 167
Trd, 000218.517, 166
Trd, 000218.650, 165
Trd, 000219.700, 164
Trd, 000221.533, 163
Trd, 000222.433, 161
Trd, 000223.883, 164
Trd, 000224.000, 164
Trd, 000224.083, 165
Trd, 000224.100, 165
Trd, 000224.283, 167
Trd, 000226.300, 172
Trd, 000227.317, 170
Trd, 000227.567, 171
Trd, 000227.767, 169
Trd, 000227.783, 169
Trd, 000227.850, 167
Trd, 000228.983, 170
Trd, 000230.200, 166
Trd, 000230.500, 168
Trd, 000231.433, 167
Trd, 000231.483, 168
Trd, 000232.000, 167
Trd, 000232.067, 168
Trd, 000233.517, 167
Trd, 000233.750, 167
Trd, 000233.767, 169
Trd, 000235.183, 169
Trd, 000235.450, 178
Trd, 000235.467, 167
Trd, 000235.917, 168
Trd, 000236.050, 176
Trd, 000236.317, 168
Trd, 000236.650, 159
Trd, 000236.733, 185
Trd, 000237.200, 181
Trd, 000237.400, 164
Trd, 000237.667, 174
Trd, 000240.183, 173
Trd, 000240.733, 172
Trd, 000241.067, 171
Trd, 000241.450, 170
Trd, 000241.917, 171
Trd, 000242.600, 172
Trd, 000242.667, 173
Trd, 000242.817, 172
Trd, 000243.950, 175
Trd, 000244.500, 169
Trd, 000246.300, 172
Trd, 000246.317, 173
Trd, 000246.483, 175
Trd, 000247.033, 171
Trd, 000247.200, 175
Trd, 000247.383, 173
Trd, 000247.650, 176
Trd, 000248.483, 176
Trd, 000248.667, 174
Trd, 000248.683, 176
Trd, 000248.983, 173
Trd, 000249.383, 173
Trd, 000250.100, 175
Trd, 000250.417, 168
Trd, 000251.583, 176
Trd, 000251.600, 175
Trd, 000252.200, 173
Trd, 000252.483, 169
Trd, 000253.017, 173
Trd, 000253.050, 170
Trd, 000253.333, 174
Trd, 000253.783, 172
Trd, 000254.567, 170
Trd, 000256.567, 173
Trd, 000256.833, 169
Trd, 000257.233, 170
Trd, 000257.250, 173
Trd, 000257.633, 169
Trd, 000257.850, 176
Trd, 000257.933, 177
Trd, 000258.700, 178
Trd, 000259.167, 175
Trd, 000259.750, 179
Trd, 000259.833, 180
Trd, 000260.917, 184
Trd, 000261.767, 179
Trd, 000262.250, 175
Trd, 000262.867, 176
Trd, 000262.967, 176
Trd, 000263.267, 176
Trd, 000263.383, 175
Trd, 000263.817, 170
Trd, 000265.367, 177
Trd, 000265.533, 175
Trd, 000265.950, 174
Trd, 000266.650, 173
Trd, 000266.667, 171
Trd, 000266.867, 176
Trd, 000268.567, 171
Trd, 000268.850, 175
Trd, 000269.433, 173
Trd, 000269.733, 176
Trd, 000269.933, 175
Trd, 000271.100, 176
Trd, 000271.517, 177
Trd, 000271.700, 175
Trd, 000272.033, 175
Trd, 000272.450, 175
Trd, 000273.417, 173
Trd, 000273.567, 177
Trd, 000273.833, 171
Trd, 000274.267, 168
Trd, 000275.417, 171
Trd, 000276.383, 173
Trd, 000276.400, 174
Trd, 000276.917, 170
Trd, 000278.400, 175
Trd, 000278.467, 172
Trd, 000278.583, 175
Trd, 000278.783, 172
Trd, 000278.817, 170
Trd, 000279.050, 176
Trd, 000280.383, 174
Trd, 000280.717, 173
Trd, 000282.167, 170
Trd, 000282.533, 171
Trd, 000282.667, 170
Trd, 000282.750, 174
Trd, 000283.467, 170
Trd, 000283.683, 173
Trd, 000283.983, 171
Trd, 000285.033, 173
Trd, 000285.617, 176
Trd, 000285.650, 179
Trd, 000286.250, 170
Trd, 000286.650, 181
Trd, 000287.567, 183
Trd, 000287.683, 186
Trd, 000288.117, 188
Trd, 000288.217, 176
Trd, 000288.483, 190
Trd, 000288.650, 198
Trd, 000289.300, 193
Trd, 000289.867, 190
Trd, 000290.150, 186
Trd, 000290.433, 189
Trd, 000291.017, 186
Trd, 000292.450, 178
Trd, 000294.117, 167
Trd, 000294.517, 175
Trd, 000294.683, 176
Trd, 000295.017, 175
Trd, 000295.383, 176
Trd, 000296.550, 177
Trd, 000296.817, 178
Trd, 000297.083, 179
Trd, 000297.300, 178
Trd, 000297.433, 179
Trd, 000297.850, 176
Trd, 000298.133, 178
Trd, 000298.700, 178
Trd, 000299.150, 180
