Trd, 000002.817, 130
Trd, 000003.117, 130
Trd, 000003.667, 110
Trd, 000004.267, 127
Trd, 000004.667, 131
Trd, 000005.650, 134
Trd, 000005.817, 144
Trd, 000006.117, 151
Trd, 000007.333, 143
Trd, 000007.567, 144
Trd, 000007.717, 161
Trd, 000010.167, 149
Trd, 000010.800, 145
Trd, 000010.867, 139
Trd, 000011.900, 147
Trd, 000011.983, 150
Trd, 000012.267, 141
Trd, 000012.433, 159
Trd, 000012.633, 138
Trd, 000013.883, 157
Trd, 000014.083, 145
Trd, 000014.617, 166
Trd, 000015.567, 173
Trd, 000016.083, 144
Trd, 000016.800, 157
Trd, 000018.033, 157
Trd, 000019.050, 155
Trd, 000019.917, 157
Trd, 000020.100, 153
Trd, 000020.133, 150
Trd, 000020.617, 150
Trd, 000020.833, 146
Trd, 000021.417, 156
Trd, 000022.517, 146
Trd, 000022.800, 133
Trd, 000024.233, 143
Trd, 000024.600, 142
Trd, 000024.867, 143
Trd, 000025.300, 137
Trd, 000025.617, 143
Trd, 000025.717, 146
Trd, 000026.083, 159
Trd, 000026.183, 135
Trd, 000026.400, 136
Trd, 000027.850, 136
Trd, 000028.633, 137
Trd, 000028.733, 135
Trd, 000029.617, 141
Trd, 000029.883, 143
Trd, 000030.950, 140
Trd, 000031.150, 147
Trd, 000031.600, 161
Trd, 000031.667, 165
Trd, 000032.050, 173
Trd, 000032.417, 152
Trd, 000033.200, 147
Trd, 000033.250, 161
Trd, 000034.067, 145
Trd, 000035.833, 143
Trd, 000036.133, 143
Trd, 000036.600, 154
Trd, 000038.367, 148
Trd, 000039.317, 152
Trd, 000040.400, 152
Trd, 000040.433, 153
Trd, 000041.950, 145
Trd, 000042.833, 144
Trd, 000042.967, 141
Trd, 000044.150, 145
Trd, 000044.783, 142
Trd, 000045.133, 143
Trd, 000045.283, 145
Trd, 000045.317, 145
Trd, 000047.267, 138
Trd, 000048.450, 139
Trd, 000048.567, 141
Trd, 000049.100, 147
Trd, 000049.250, 149
Trd, 000049.917, 156
Trd, 000050.300, 150
Trd, 000050.450, 145
Trd, 000051.117, 136
Trd, 000051.967, 137
Trd, 000052.017, 142
Trd, 000053.167, 144
Trd, 000053.833, 156
Trd, 000053.917, 163
Trd, 000054.950, 139
Trd, 000055.283, 165
Trd, 000055.700, 140
Trd, 000056.733, 154
Trd, 000056.767, 163
Trd, 000057.117, 146
Trd, 000057.417, 142
Trd, 000059.550, 157
Trd, 000060.383, 153
Trd, 000060.433, 148
Trd, 000060.483, 154
Trd, 000060.517, 155
Trd, 000062.867, 154
Trd, 000062.900, 156
Trd, 000063.000, 150
Trd, 000064.150, 155
Trd, 000064.233, 150
Trd, 000064.917, 148
Trd, 000065.233, 143
Trd, 000065.317, 142
Trd, 000065.950, 162
Trd, 000066.050, 143
Trd, 000067.217, 146
Trd, 000067.717, 153
Trd, 000067.967, 146
Trd, 000068.200, 144
Trd, 000069.050, 140
Trd, 000069.767, 152
Trd, 000069.817, 154
Trd, 000071.967, 151
Trd, 000072.100, 149
Trd, 000074.200, 151
Trd, 000074.467, 151
Trd, 000074.550, 152
Trd, 000075.033, 153
Trd, 000075.550, 150
Trd, 000076.317, 154
Trd, 000076.667, 149
Trd, 000076.817, 154
Trd, 000077.133, 145
Trd, 000077.950, 145
Trd, 000079.317, 162
Trd, 000079.617, 170
Trd, 000079.867, 179
Trd, 000080.383, 168
Trd, 000080.733, 162
Trd, 000080.900, 159
Trd, 000081.283, 160
Trd, 000081.533, 159
Trd, 000082.083, 152
Trd, 000083.967, 159
Trd, 000084.650, 145
Trd, 000085.250, 159
Trd, 000085.750, 164
Trd, 000086.633, 163
Trd, 000086.750, 181
Trd, 000087.300, 181
Trd, 000089.100, 162
Trd, 000089.333, 155
Trd, 000091.267, 159
Trd, 000091.367, 159
Trd, 000091.617, 163
Trd, 000091.733, 146
Trd, 000092.417, 155
Trd, 000093.033, 143
Trd, 000093.150, 153
Trd, 000094.467, 142
Trd, 000094.633, 143
Trd, 000094.667, 142
Trd, 000095.617, 140
Trd, 000095.883, 143
Trd, 000095.917, 167
Trd, 000098.067, 168
Trd, 000098.267, 171
Trd, 000098.717, 141
Trd, 000100.417, 154
Trd, 000100.800, 155
Trd, 000100.967, 151
Trd, 000101.067, 147
Trd, 000101.633, 143
Trd, 000101.750, 157
Trd, 000104.300, 154
Trd, 000104.317, 150
Trd, 000104.417, 155
Trd, 000105.417, 146
Trd, 000106.217, 144
Trd, 000106.417, 142
Trd, 000106.983, 143
Trd, 000107.200, 142
Trd, 000107.283, 138
Trd, 000108.383, 140
Trd, 000108.467, 148
Trd, 000108.850, 149
Trd, 000109.283, 155
Trd, 000109.567, 169
Trd, 000111.183, 155
Trd, 000111.600, 150
Trd, 000112.317, 178
Trd, 000113.450, 174
Trd, 000113.717, 164
Trd, 000113.783, 183
Trd, 000113.850, 155
Trd, 000114.950, 167
Trd, 000115.817, 158
Trd, 000115.933, 162
Trd, 000116.600, 157
Trd, 000117.617, 158
Trd, 000117.750, 160
Trd, 000118.417, 169
Trd, 000119.700, 157
Trd, 000119.733, 156
Trd, 000120.417, 161
Trd, 000120.433, 149
Trd, 000121.450, 145
Trd, 000121.500, 158
Trd, 000121.900, 159
Trd, 000121.967, 163
Trd, 000123.117, 191
Trd, 000123.433, 199
Trd, 000123.533, 209
Trd, 000124.333, 216
Trd, 000124.483, 217
Trd, 000124.550, 327.0
Trd, 000125.050, 334.0
Trd, 000125.067, 344.0
Trd, 000125.283, 327
Trd, 000125.817, 326
Trd, 000125.950, 331.0
Trd, 000126.883, 323
Trd, 000127.733, 325
Trd, 000128.100, 337
Trd, 000128.433, 340
Trd, 000128.883, 334.0
Trd, 000129.083, 344.0
Trd, 000129.133, 331.0
Trd, 000130.017, 325
Trd, 000132.500, 337
Trd, 000132.600, 331
Trd, 000132.767, 337
Trd, 000133.650, 334
Trd, 000133.850, 333.0
Trd, 000134.217, 331.0
Trd, 000134.283, 342.0
Trd, 000136.117, 338
Trd, 000137.000, 338
Trd, 000137.167, 334
Trd, 000138.183, 351.0
Trd, 000138.283, 336
Trd, 000139.017, 344.0
Trd, 000140.050, 352.0
Trd, 000140.333, 353.0
Trd, 000140.517, 354.0
Trd, 000140.817, 343
Trd, 000141.267, 342
Trd, 000141.467, 355
Trd, 000143.150, 356.0
Trd, 000144.483, 351.0
Trd, 000144.717, 344.0
Trd, 000144.950, 344
Trd, 000147.867, 341
Trd, 000148.150, 344.0
Trd, 000149.367, 345
Trd, 000149.650, 335
Trd, 000150.000, 341
Trd, 000150.350, 332
Trd, 000150.467, 331.0
Trd, 000150.483, 343
Trd, 000154.717, 333.0
Trd, 000154.800, 332
Trd, 000155.233, 332
Trd, 000155.867, 333.0
Trd, 000156.083, 334.0
Trd, 000156.250, 337
Trd, 000156.350, 337
Trd, 000157.800, 355
Trd, 000158.433, 345
Trd, 000158.500, 344.0
Trd, 000160.067, 343
Trd, 000160.283, 346.0
Trd, 000160.900, 346.0
Trd, 000161.117, 350.0
Trd, 000161.983, 337.0
Trd, 000162.933, 349
Trd, 000163.483, 344
Trd, 000163.817, 344.0
Trd, 000163.883, 352
Trd, 000164.050, 358.0
Trd, 000164.783, 337.0
Trd, 000165.133, 351.0
Trd, 000165.500, 334
Trd, 000165.967, 331.0
Trd, 000166.317, 357.0
Trd, 000166.933, 356.0
Trd, 000167.350, 331
Trd, 000167.750, 334
Trd, 000169.083, 353.0
Trd, 000169.183, 351.0
Trd, 000170.850, 337.0
Trd, 000171.100, 335
Trd, 000172.817, 344.0
Trd, 000175.267, 335
Trd, 000175.467, 339
Trd, 000175.800, 337
Trd, 000176.017, 338
Trd, 000176.117, 344.0
Trd, 000176.167, 334
Trd, 000176.617, 340
Trd, 000177.567, 338
Trd, 000177.700, 337.0
Trd, 000178.883, 340
Trd, 000179.450, 334.0
Trd, 000181.750, 339
Trd, 000182.417, 332
Trd, 000182.817, 335
Trd, 000182.900, 332
Trd, 000182.933, 331.0
Trd, 000183.617, 327.0
Trd, 000183.633, 316
Trd, 000184.183, 314
Trd, 000184.817, 261
Trd, 000185.400, 194
Trd, 000185.767, 184
Trd, 000186.067, 174
Trd, 000186.383, 170
Trd, 000187.067, 184
Trd, 000187.100, 157
Trd, 000187.500, 184
Trd, 000188.183, 170
Trd, 000188.917, 173
Trd, 000189.833, 163
Trd, 000190.683, 171
Trd, 000191.417, 153
Trd, 000191.550, 165
Trd, 000192.117, 170
Trd, 000192.267, 164
Trd, 000193.250, 171
Trd, 000193.317, 163
Trd, 000193.650, 156
Trd, 000194.667, 157
Trd, 000195.033, 152
Trd, 000195.467, 153
Trd, 000195.517, 157
Trd, 000196.200, 166
Trd, 000196.783, 164
Trd, 000197.100, 162
Trd, 000197.150, 178
Trd, 000198.800, 160
Trd, 000198.867, 159
Trd, 000198.933, 153
Trd, 000200.667, 160
Trd, 000200.850, 162
Trd, 000201.233, 155
Trd, 000201.583, 163
Trd, 000202.133, 164
Trd, 000202.517, 165
Trd, 000202.717, 158
Trd, 000203.667, 165
Trd, 000204.017, 171
Trd, 000204.217, 176
Trd, 000204.600, 175
Trd, 000205.917, 162
Trd, 000205.933, 157
Trd, 000206.500, 157
Trd, 000207.500, 160
Trd, 000207.767, 151
Trd, 000207.917, 160
Trd, 000208.267, 152
Trd, 000209.083, 153
Trd, 000210.883, 155
Trd, 000211.100, 154
Trd, 000211.183, 154
Trd, 000211.533, 158
Trd, 000212.050, 163
Trd, 000212.200, 165
Trd, 000213.783, 164
Trd, 000213.933, 178
Trd, 000214.683, 163
Trd, 000215.433, 172
Trd, 000216.783, 173
Trd, 000216.833, 174
Trd, 000217.567, 175
Trd, 000217.833, 168
Trd, 000219.550, 178
Trd, 000220.433, 176
Trd, 000221.217, 175
Trd, 000221.317, 173
Trd, 000221.900, 170
Trd, 000223.333, 174
Trd, 000223.583, 173
Trd, 000223.900, 166
Trd, 000224.367, 166
Trd, 000224.983, 174
Trd, 000225.483, 179
Trd, 000226.383, 155
Trd, 000226.567, 163
Trd, 000227.750, 167
Trd, 000228.100, 178
Trd, 000228.467, 171
Trd, 000230.367, 174
Trd, 000230.900, 175
Trd, 000231.250, 174
Trd, 000231.700, 170
Trd, 000232.000, 176
Trd, 000232.433, 163
Trd, 000232.833, 173
Trd, 000233.617, 168
Trd, 000234.150, 166
Trd, 000234.333, 160
Trd, 000235.233, 163
Trd, 000235.317, 167
Trd, 000236.117, 174
Trd, 000236.333, 181
Trd, 000236.717, 204
Trd, 000237.883, 168
Trd, 000238.633, 167
Trd, 000239.400, 175
Trd, 000239.900, 175
Trd, 000240.383, 171
Trd, 000240.600, 171
Trd, 000240.867, 174
Trd, 000241.250, 172
Trd, 000241.417, 170
Trd, 000241.783, 169
Trd, 000242.100, 172
Trd, 000243.033, 171
Trd, 000243.183, 178
Trd, 000243.317, 168
Trd, 000243.667, 175
Trd, 000244.783, 173
Trd, 000245.033, 171
Trd, 000245.167, 174
Trd, 000245.533, 169
Trd, 000246.133, 170
Trd, 000246.233, 169
Trd, 000246.250, 168
Trd, 000246.483, 169
Trd, 000247.117, 160
Trd, 000247.700, 170
Trd, 000248.300, 169
Trd, 000248.717, 170
Trd, 000248.817, 171
Trd, 000248.983, 170
Trd, 000249.183, 169
Trd, 000249.717, 166
Trd, 000249.917, 162
Trd, 000250.450, 164
Trd, 000250.800, 159
Trd, 000251.133, 176
Trd, 000252.550, 168
Trd, 000252.700, 169
Trd, 000253.033, 170
Trd, 000253.217, 173
Trd, 000254.267, 169
Trd, 000254.900, 172
Trd, 000255.250, 173
Trd, 000255.517, 173
Trd, 000256.067, 173
Trd, 000256.550, 172
Trd, 000256.717, 176
Trd, 000256.833, 170
Trd, 000257.067, 174
Trd, 000257.450, 179
Trd, 000257.550, 171
Trd, 000257.700, 163
Trd, 000257.983, 180
Trd, 000259.383, 174
Trd, 000259.450, 175
Trd, 000259.650, 177
Trd, 000260.983, 171
Trd, 000261.300, 174
Trd, 000261.533, 174
Trd, 000262.017, 177
Trd, 000263.100, 177
Trd, 000263.517, 174
Trd, 000263.533, 172
Trd, 000263.583, 179
Trd, 000264.067, 174
Trd, 000264.083, 176
Trd, 000264.733, 179
Trd, 000265.350, 174
Trd, 000266.283, 178
Trd, 000266.550, 177
Trd, 000267.000, 176
Trd, 000267.367, 174
Trd, 000267.567, 175
Trd, 000267.600, 170
Trd, 000267.650, 167
Trd, 000267.717, 162
Trd, 000268.317, 168
Trd, 000268.400, 171
Trd, 000269.117, 172
Trd, 000269.150, 174
Trd, 000269.867, 172
Trd, 000269.883, 173
Trd, 000270.483, 174
Trd, 000270.733, 175
Trd, 000271.817, 174
Trd, 000272.433, 173
Trd, 000272.583, 171
Trd, 000272.667, 174
Trd, 000273.267, 171
Trd, 000273.583, 178
Trd, 000273.833, 181
Trd, 000274.533, 176
Trd, 000274.700, 182
Trd, 000275.283, 175
Trd, 000275.500, 170
Trd, 000275.600, 182
Trd, 000275.767, 180
Trd, 000276.350, 178
Trd, 000276.783, 176
Trd, 000276.800, 183
Trd, 000277.283, 183
Trd, 000277.483, 184
Trd, 000278.283, 172
Trd, 000278.433, 183
Trd, 000279.233, 176
Trd, 000279.317, 174
Trd, 000279.767, 175
Trd, 000280.183, 174
Trd, 000281.067, 175
Trd, 000281.150, 176
Trd, 000281.667, 178
Trd, 000282.467, 179
Trd, 000282.617, 186
Trd, 000283.000, 176
Trd, 000283.450, 190
Trd, 000284.000, 186
Trd, 000284.250, 185
Trd, 000284.500, 185
Trd, 000284.600, 185
Trd, 000284.783, 191
Trd, 000285.167, 172
Trd, 000285.217, 200
Trd, 000285.250, 210
Trd, 000286.050, 177
Trd, 000286.183, 166
Trd, 000286.917, 171
Trd, 000287.017, 160
Trd, 000287.817, 172
Trd, 000288.533, 177
Trd, 000289.100, 176
Trd, 000289.200, 180
Trd, 000289.533, 180
Trd, 000290.050, 183
Trd, 000290.417, 175
Trd, 000290.567, 173
Trd, 000290.733, 184
Trd, 000291.183, 184
Trd, 000291.300, 170
Trd, 000291.500, 187
Trd, 000291.700, 174
Trd, 000292.733, 188
Trd, 000292.833, 185
Trd, 000293.483, 186
Trd, 000293.850, 170
Trd, 000294.450, 180
Trd, 000294.967, 166
Trd, 000295.150, 177
Trd, 000296.100, 177
Trd, 000296.483, 178
Trd, 000296.750, 179
Trd, 000297.633, 178
Trd, 000297.683, 172
Trd, 000298.150, 180
Trd, 000298.200, 184
Trd, 000298.450, 178
Trd, 000298.500, 174
Trd, 000298.917, 181
Trd, 000299.267, 174
Trd, 000299.467, 173
Trd, 000299.717, 182
