Trd, 000002.083, 112
Trd, 000003.200, 152
Trd, 000003.300, 153
Trd, 000003.450, 152
Trd, 000003.667, 151
Trd, 000004.150, 153
Trd, 000004.817, 151
Trd, 000004.883, 168
Trd, 000006.467, 162
Trd, 000006.517, 168
Trd, 000006.867, 169
Trd, 000008.450, 159
Trd, 000008.717, 164
Trd, 000008.917, 172
Trd, 000009.233, 159
Trd, 000010.150, 168
Trd, 000010.667, 166
Trd, 000011.867, 166
Trd, 000012.583, 166
Trd, 000014.300, 161
Trd, 000014.517, 168
Trd, 000015.500, 165
Trd, 000015.633, 166
Trd, 000016.233, 164
Trd, 000017.233, 163
Trd, 000017.383, 165
Trd, 000017.650, 165
Trd, 000018.033, 163
Trd, 000018.967, 167
Trd, 000020.950, 165
Trd, 000021.483, 164
Trd, 000021.667, 163
Trd, 000021.767, 160
Trd, 000021.950, 165
Trd, 000022.217, 157
Trd, 000023.017, 162
Trd, 000024.200, 162
Trd, 000024.417, 163
Trd, 000024.550, 161
Trd, 000024.717, 163
Trd, 000024.967, 160
Trd, 000025.467, 160
Trd, 000026.300, 158
Trd, 000026.833, 158
Trd, 000027.433, 158
Trd, 000027.550, 158
Trd, 000028.483, 160
Trd, 000029.067, 158
Trd, 000030.350, 159
Trd, 000031.017, 160
Trd, 000031.283, 159
Trd, 000031.533, 161
Trd, 000031.650, 158
Trd, 000032.533, 159
Trd, 000033.150, 158
Trd, 000033.600, 158
Trd, 000034.850, 159
Trd, 000036.083, 158
Trd, 000036.367, 157
Trd, 000036.383, 157
Trd, 000036.550, 158
Trd, 000036.750, 158
Trd, 000037.450, 156
Trd, 000039.133, 159
Trd, 000039.733, 158
Trd, 000040.583, 158
Trd, 000041.600, 158
Trd, 000041.733, 158
Trd, 000041.783, 159
Trd, 000041.933, 160
Trd, 000042.717, 159
Trd, 000043.183, 161
Trd, 000043.800, 159
Trd, 000044.467, 156
Trd, 000044.750, 155
Trd, 000045.317, 155
Trd, 000046.333, 157
Trd, 000046.667, 155
Trd, 000047.667, 158
Trd, 000049.383, 160
Trd, 000049.600, 158
Trd, 000049.867, 156
Trd, 000051.133, 156
Trd, 000051.867, 159
Trd, 000051.933, 160
Trd, 000052.250, 162
Trd, 000052.450, 161
Trd, 000052.717, 162
Trd, 000053.417, 160
Trd, 000053.767, 173
Trd, 000055.250, 163
Trd, 000057.183, 164
Trd, 000057.950, 163
Trd, 000058.700, 162
Trd, 000059.000, 162
Trd, 000059.650, 164
Trd, 000059.933, 161
Trd, 000060.000, 162
Trd, 000060.500, 164
Trd, 000060.883, 163
Trd, 000061.817, 163
Trd, 000061.833, 164
Trd, 000061.867, 158
Trd, 000062.267, 157
Trd, 000062.783, 163
Trd, 000063.167, 154
Trd, 000063.650, 157
Trd, 000063.667, 149
Trd, 000063.800, 176
Trd, 000066.650, 163
Trd, 000067.400, 165
Trd, 000069.100, 165
Trd, 000069.200, 164
Trd, 000069.750, 162
Trd, 000069.767, 162
Trd, 000070.800, 164
Trd, 000071.333, 162
Trd, 000071.700, 161
Trd, 000072.767, 160
Trd, 000073.083, 159
Trd, 000073.750, 160
Trd, 000073.800, 162
Trd, 000074.650, 162
Trd, 000074.733, 158
Trd, 000075.267, 159
Trd, 000076.183, 158
Trd, 000076.367, 157
Trd, 000078.033, 159
Trd, 000078.050, 165
Trd, 000079.033, 164
Trd, 000079.267, 162
Trd, 000079.350, 176
Trd, 000079.967, 172
Trd, 000080.300, 162
Trd, 000080.567, 162
Trd, 000080.950, 168
Trd, 000081.367, 161
Trd, 000081.383, 156
Trd, 000084.317, 164
Trd, 000084.417, 165
Trd, 000084.733, 164
Trd, 000086.167, 166
Trd, 000086.333, 164
Trd, 000086.533, 176
Trd, 000087.067, 163
Trd, 000087.717, 160
Trd, 000087.817, 159
Trd, 000090.450, 166
Trd, 000090.550, 165
Trd, 000090.683, 167
Trd, 000090.800, 166
Trd, 000091.017, 169
Trd, 000092.667, 168
Trd, 000093.217, 168
Trd, 000093.583, 167
Trd, 000094.117, 168
Trd, 000094.800, 168
Trd, 000095.233, 164
Trd, 000096.067, 164
Trd, 000096.600, 165
Trd, 000096.650, 168
Trd, 000097.083, 166
Trd, 000099.700, 169
Trd, 000099.967, 168
Trd, 000100.333, 167
Trd, 000101.233, 171
Trd, 000102.150, 166
Trd, 000102.233, 165
Trd, 000103.267, 172
Trd, 000103.283, 165
Trd, 000103.367, 164
Trd, 000104.683, 165
Trd, 000105.317, 176
Trd, 000107.467, 172
Trd, 000107.800, 168
Trd, 000107.950, 169
Trd, 000108.483, 169
Trd, 000108.867, 171
Trd, 000108.983, 168
Trd, 000109.267, 168
Trd, 000110.817, 169
Trd, 000110.867, 168
Trd, 000111.067, 162
Trd, 000111.317, 159
Trd, 000112.867, 156
Trd, 000113.683, 163
Trd, 000113.967, 162
Trd, 000116.467, 162
Trd, 000116.850, 166
Trd, 000116.917, 169
Trd, 000116.967, 163
Trd, 000117.100, 162
Trd, 000118.450, 166
Trd, 000119.050, 165
Trd, 000119.917, 166
Trd, 000120.700, 166
Trd, 000121.433, 168
Trd, 000122.633, 180
Trd, 000122.700, 190
Trd, 000123.300, 182
Trd, 000123.450, 191
Trd, 000123.500, 206
Trd, 000124.033, 276
Trd, 000124.050, 299
Trd, 000124.750, 300.0
Trd, 000125.150, 308
Trd, 000125.450, 320
Trd, 000126.050, 324
Trd, 000126.217, 331.0
Trd, 000126.483, 334.0
Trd, 000127.717, 348.0
Trd, 000127.800, 348
Trd, 000127.850, 347
Trd, 000128.567, 351.0
Trd, 000129.733, 352
Trd, 000130.217, 356
Trd, 000130.433, 351
Trd, 000131.567, 353
Trd, 000131.650, 354
Trd, 000133.183, 359
Trd, 000133.200, 356
Trd, 000133.250, 355.0
Trd, 000133.600, 353
Trd, 000133.717, 370
Trd, 000134.650, 358
Trd, 000135.017, 357
Trd, 000135.800, 356
Trd, 000136.033, 367
Trd, 000136.150, 356
Trd, 000136.700, 355
Trd, 000139.500, 358
Trd, 000139.833, 357
Trd, 000140.217, 359
Trd, 000140.350, 358
Trd, 000140.700, 355.0
Trd, 000141.517, 365
Trd, 000141.733, 353
Trd, 000141.817, 366
Trd, 000141.917, 370
Trd, 000143.233, 356.0
Trd, 000144.217, 355.0
Trd, 000146.983, 354.0
Trd, 000147.133, 356
Trd, 000147.967, 354.0
Trd, 000148.167, 356
Trd, 000148.317, 353
Trd, 000149.400, 354
Trd, 000149.617, 356
Trd, 000150.233, 357
Trd, 000150.883, 356.0
Trd, 000151.517, 355.0
Trd, 000152.050, 352
Trd, 000153.183, 353
Trd, 000153.217, 357
Trd, 000153.967, 358
Trd, 000154.317, 355
Trd, 000155.050, 366.0
Trd, 000155.217, 354
Trd, 000155.567, 353
Trd, 000155.583, 351.0
Trd, 000155.933, 348
Trd, 000156.267, 348.0
Trd, 000158.717, 351
Trd, 000159.100, 346
Trd, 000159.667, 345
Trd, 000159.917, 351.0
Trd, 000160.750, 352
Trd, 000161.317, 351
Trd, 000161.550, 349
Trd, 000161.867, 351.0
Trd, 000163.683, 356
Trd, 000164.133, 358
Trd, 000165.217, 367
Trd, 000165.583, 358.0
Trd, 000165.600, 357.0
Trd, 000166.650, 357
Trd, 000167.483, 362
Trd, 000168.083, 358.0
Trd, 000168.800, 359
Trd, 000168.983, 358.0
Trd, 000169.700, 363
Trd, 000169.967, 355.0
Trd, 000170.033, 354
Trd, 000171.533, 363
Trd, 000171.867, 355
Trd, 000173.483, 360
Trd, 000173.550, 359
Trd, 000173.567, 351.0
Trd, 000174.050, 352
Trd, 000174.550, 351.0
Trd, 000175.017, 359
Trd, 000176.150, 355
Trd, 000176.517, 354
Trd, 000177.050, 358
Trd, 000177.100, 357
Trd, 000178.967, 360
Trd, 000179.417, 358
Trd, 000179.750, 361
Trd, 000180.150, 361
Trd, 000180.350, 360.0
Trd, 000182.033, 358.0
Trd, 000182.783, 355
Trd, 000183.150, 348.0
Trd, 000183.333, 343
Trd, 000183.667, 301
Trd, 000183.867, 207
Trd, 000184.733, 197
Trd, 000185.050, 176
Trd, 000185.400, 169
Trd, 000185.533, 175
Trd, 000185.767, 167
Trd, 000186.917, 179
Trd, 000187.417, 178
Trd, 000187.817, 185
Trd, 000189.117, 180
Trd, 000189.467, 181
Trd, 000189.683, 180
Trd, 000190.400, 180
Trd, 000190.467, 181
Trd, 000191.700, 178
Trd, 000192.167, 183
Trd, 000192.433, 175
Trd, 000192.783, 187
Trd, 000192.833, 174
Trd, 000192.933, 189
Trd, 000194.350, 178
Trd, 000194.867, 179
Trd, 000197.083, 180
Trd, 000197.850, 179
Trd, 000198.100, 174
Trd, 000198.567, 180
Trd, 000199.067, 178
Trd, 000200.883, 179
Trd, 000201.200, 179
Trd, 000201.633, 179
Trd, 000201.833, 179
Trd, 000202.533, 178
Trd, 000202.633, 178
Trd, 000203.000, 179
Trd, 000204.250, 178
Trd, 000204.700, 177
Trd, 000204.833, 175
Trd, 000205.483, 179
Trd, 000206.433, 175
Trd, 000207.433, 176
Trd, 000207.833, 175
Trd, 000207.850, 179
Trd, 000208.050, 171
Trd, 000210.333, 191
Trd, 000210.833, 193
Trd, 000211.017, 191
Trd, 000211.500, 186
Trd, 000211.667, 185
Trd, 000211.817, 182
Trd, 000212.100, 179
Trd, 000212.650, 165
Trd, 000213.850, 176
Trd, 000213.867, 176
Trd, 000214.150, 186
Trd, 000214.783, 186
Trd, 000216.300, 180
Trd, 000217.350, 186
Trd, 000218.383, 182
Trd, 000219.900, 181
Trd, 000221.233, 180
Trd, 000221.967, 180
Trd, 000222.267, 178
Trd, 000223.367, 179
Trd, 000223.900, 179
Trd, 000224.283, 180
Trd, 000224.367, 178
Trd, 000224.400, 177
Trd, 000224.467, 173
Trd, 000224.600, 180
Trd, 000226.950, 178
Trd, 000227.117, 177
Trd, 000227.200, 180
Trd, 000227.583, 181
Trd, 000227.783, 177
Trd, 000228.667, 189
Trd, 000229.150, 195
Trd, 000229.367, 178
Trd, 000229.867, 177
Trd, 000231.483, 183
Trd, 000232.767, 184
Trd, 000233.000, 181
Trd, 000234.083, 183
Trd, 000234.433, 182
Trd, 000234.650, 184
Trd, 000234.783, 181
Trd, 000234.950, 181
Trd, 000236.133, 181
Trd, 000236.600, 182
Trd, 000236.633, 181
Trd, 000237.167, 179
Trd, 000238.600, 178
Trd, 000239.167, 178
Trd, 000239.467, 178
Trd, 000239.567, 179
Trd, 000240.100, 179
Trd, 000240.167, 174
Trd, 000240.617, 182
Trd, 000241.283, 179
Trd, 000241.317, 179
Trd, 000241.550, 178
Trd, 000241.617, 178
Trd, 000241.917, 179
Trd, 000242.667, 181
Trd, 000242.933, 180
Trd, 000243.200, 179
Trd, 000243.483, 182
Trd, 000243.817, 179
Trd, 000244.250, 181
Trd, 000244.533, 181
Trd, 000244.600, 179
Trd, 000244.833, 175
Trd, 000245.633, 178
Trd, 000245.817, 175
Trd, 000246.200, 174
Trd, 000246.600, 174
Trd, 000246.800, 176
Trd, 000247.500, 173
Trd, 000247.817, 174
Trd, 000249.650, 174
Trd, 000249.667, 176
Trd, 000250.733, 176
Trd, 000250.917, 177
Trd, 000251.150, 179
Trd, 000251.267, 177
Trd, 000251.583, 173
Trd, 000252.000, 180
Trd, 000252.583, 179
Trd, 000252.633, 176
Trd, 000252.983, 175
Trd, 000253.050, 179
Trd, 000253.317, 177
Trd, 000253.500, 177
Trd, 000254.267, 176
Trd, 000254.417, 175
Trd, 000255.067, 176
Trd, 000255.433, 177
Trd, 000255.583, 176
Trd, 000255.667, 183
Trd, 000256.833, 180
Trd, 000256.867, 179
Trd, 000257.000, 183
Trd, 000257.083, 193
Trd, 000258.633, 180
Trd, 000258.800, 180
Trd, 000258.950, 181
Trd, 000259.217, 179
Trd, 000259.283, 179
Trd, 000259.767, 177
Trd, 000260.600, 177
Trd, 000260.700, 179
Trd, 000260.800, 176
Trd, 000261.033, 174
Trd, 000261.550, 170
Trd, 000262.650, 178
Trd, 000262.967, 177
Trd, 000263.500, 175
Trd, 000263.900, 176
Trd, 000264.417, 177
Trd, 000264.633, 177
Trd, 000264.900, 177
Trd, 000265.117, 177
Trd, 000265.450, 176
Trd, 000265.867, 181
Trd, 000266.217, 174
Trd, 000266.250, 174
Trd, 000267.150, 177
Trd, 000267.250, 176
Trd, 000267.700, 175
Trd, 000267.800, 178
Trd, 000268.333, 180
Trd, 000268.367, 184
Trd, 000268.517, 189
Trd, 000269.417, 180
Trd, 000269.783, 175
Trd, 000270.467, 181
Trd, 000271.367, 183
Trd, 000271.383, 184
Trd, 000271.550, 182
Trd, 000271.633, 185
Trd, 000272.717, 170
Trd, 000273.033, 176
Trd, 000273.167, 174
Trd, 000273.517, 174
Trd, 000273.967, 175
Trd, 000274.317, 169
Trd, 000274.717, 172
Trd, 000276.167, 172
Trd, 000276.450, 171
Trd, 000276.867, 170
Trd, 000276.917, 169
Trd, 000277.033, 169
Trd, 000277.433, 167
Trd, 000277.650, 172
Trd, 000278.033, 165
Trd, 000278.167, 172
Trd, 000278.683, 170
Trd, 000278.933, 170
Trd, 000279.350, 179
Trd, 000280.083, 169
Trd, 000280.150, 185
Trd, 000280.883, 178
Trd, 000281.033, 171
Trd, 000281.433, 176
Trd, 000282.283, 184
Trd, 000282.483, 185
Trd, 000282.617, 186
Trd, 000282.833, 196
Trd, 000283.733, 189
Trd, 000285.017, 189
Trd, 000285.250, 190
Trd, 000285.633, 189
Trd, 000286.333, 191
Trd, 000286.367, 189
Trd, 000286.383, 189
Trd, 000286.633, 186
Trd, 000286.733, 180
Trd, 000287.533, 177
Trd, 000287.650, 181
Trd, 000287.717, 171
Trd, 000287.867, 170
Trd, 000288.550, 169
Trd, 000288.650, 170
Trd, 000288.917, 170
Trd, 000290.133, 186
Trd, 000290.300, 185
Trd, 000290.417, 184
Trd, 000290.517, 184
Trd, 000290.967, 181
Trd, 000291.117, 187
Trd, 000291.333, 180
Trd, 000291.433, 197
Trd, 000291.817, 191
Trd, 000291.867, 186
Trd, 000293.433, 198
Trd, 000294.050, 197
Trd, 000294.400, 191
Trd, 000294.517, 185
Trd, 000295.683, 192
Trd, 000296.233, 192
Trd, 000296.383, 191
Trd, 000296.450, 192
Trd, 000296.567, 187
Trd, 000296.733, 187
Trd, 000297.083, 180
Trd, 000298.050, 185
Trd, 000298.400, 190
Trd, 000298.583, 186
Trd, 000298.817, 185
Trd, 000298.850, 184
Trd, 000299.667, 184
