Trd, 000001.200, 141
Trd, 000001.467, 134
Trd, 000003.650, 149
Trd, 000003.983, 148
Trd, 000004.067, 149
Trd, 000004.517, 137
Trd, 000004.717, 142
Trd, 000004.800, 155
Trd, 000005.017, 154
Trd, 000007.183, 148
Trd, 000007.817, 148
Trd, 000008.200, 154
Trd, 000009.350, 156
Trd, 000009.433, 155
Trd, 000009.983, 161
Trd, 000010.283, 160
Trd, 000010.567, 147
Trd, 000010.900, 143
Trd, 000012.017, 164
Trd, 000012.317, 159
Trd, 000013.000, 156
Trd, 000013.517, 143
Trd, 000014.800, 145
Trd, 000016.733, 150
Trd, 000017.217, 151
Trd, 000018.350, 160
Trd, 000018.650, 149
Trd, 000019.167, 163
Trd, 000019.733, 163
Trd, 000020.133, 145
Trd, 000020.383, 137
Trd, 000021.067, 139
Trd, 000021.133, 148
Trd, 000021.433, 147
Trd, 000022.117, 155
Trd, 000023.133, 158
Trd, 000023.483, 159
Trd, 000024.200, 160
Trd, 000024.300, 159
Trd, 000025.050, 145
Trd, 000026.533, 158
Trd, 000027.100, 158
Trd, 000028.017, 153
Trd, 000028.367, 152
Trd, 000028.550, 147
Trd, 000028.783, 156
Trd, 000029.483, 149
Trd, 000030.933, 154
Trd, 000031.350, 152
Trd, 000031.817, 154
Trd, 000032.283, 158
Trd, 000032.517, 146
Trd, 000033.133, 155
Trd, 000034.350, 153
Trd, 000035.050, 154
Trd, 000035.150, 148
Trd, 000035.583, 152
Trd, 000036.217, 150
Trd, 000036.367, 149
Trd, 000036.550, 154
Trd, 000037.417, 154
Trd, 000037.550, 155
Trd, 000038.017, 159
Trd, 000038.333, 155
Trd, 000039.483, 155
Trd, 000040.317, 153
Trd, 000040.550, 154
Trd, 000041.250, 151
Trd, 000043.900, 148
Trd, 000044.233, 151
Trd, 000044.717, 151
Trd, 000045.200, 150
Trd, 000045.517, 149
Trd, 000045.983, 150
Trd, 000046.833, 152
Trd, 000046.933, 149
Trd, 000047.367, 160
Trd, 000047.517, 151
Trd, 000048.033, 149
Trd, 000048.050, 148
Trd, 000048.417, 155
Trd, 000049.250, 165
Trd, 000049.483, 164
Trd, 000050.133, 146
Trd, 000051.050, 162
Trd, 000051.233, 153
Trd, 000051.683, 147
Trd, 000052.083, 162
Trd, 000052.383, 163
Trd, 000052.417, 148
Trd, 000053.467, 151
Trd, 000053.967, 154
Trd, 000053.983, 156
Trd, 000054.517, 153
Trd, 000055.667, 159
Trd, 000055.867, 151
Trd, 000056.883, 160
Trd, 000057.450, 155
Trd, 000058.267, 156
Trd, 000058.317, 155
Trd, 000058.633, 153
Trd, 000059.267, 147
Trd, 000059.900, 150
Trd, 000060.267, 150
Trd, 000060.717, 151
Trd, 000060.750, 161
Trd, 000061.267, 156
Trd, 000061.367, 168
Trd, 000061.717, 155
Trd, 000062.267, 153
Trd, 000062.350, 164
Trd, 000063.167, 147
Trd, 000063.300, 159
Trd, 000065.033, 153
Trd, 000065.767, 155
Trd, 000066.100, 158
Trd, 000067.650, 157
Trd, 000067.800, 155
Trd, 000068.617, 153
Trd, 000068.867, 159
Trd, 000069.217, 162
Trd, 000069.300, 150
Trd, 000070.667, 151
Trd, 000071.317, 157
Trd, 000071.450, 160
Trd, 000073.667, 158
Trd, 000073.900, 157
Trd, 000074.100, 156
Trd, 000074.333, 158
Trd, 000074.600, 162
Trd, 000074.900, 151
Trd, 000075.783, 161
Trd, 000076.800, 152
Trd, 000076.833, 160
Trd, 000077.033, 151
Trd, 000077.067, 148
Trd, 000077.233, 145
Trd, 000077.933, 154
Trd, 000078.867, 154
Trd, 000079.317, 153
Trd, 000079.950, 152
Trd, 000080.217, 149
Trd, 000080.367, 156
Trd, 000080.650, 158
Trd, 000080.683, 149
Trd, 000081.167, 160
Trd, 000081.950, 160
Trd, 000082.317, 157
Trd, 000082.700, 170
Trd, 000083.283, 167
Trd, 000084.583, 166
Trd, 000084.733, 165
Trd, 000085.583, 172
Trd, 000086.033, 155
Trd, 000086.067, 154
Trd, 000086.100, 157
Trd, 000088.417, 159
Trd, 000088.583, 161
Trd, 000088.983, 160
Trd, 000089.333, 161
Trd, 000089.500, 164
Trd, 000090.167, 163
Trd, 000090.233, 159
Trd, 000090.733, 156
Trd, 000091.183, 168
Trd, 000091.900, 169
Trd, 000092.100, 169
Trd, 000092.150, 173
Trd, 000092.317, 167
Trd, 000092.950, 158
Trd, 000094.133, 160
Trd, 000094.683, 152
Trd, 000095.450, 153
Trd, 000096.117, 164
Trd, 000097.133, 159
Trd, 000097.950, 154
Trd, 000098.317, 159
Trd, 000098.833, 152
Trd, 000099.517, 155
Trd, 000100.633, 160
Trd, 000100.900, 155
Trd, 000101.033, 161
Trd, 000101.317, 163
Trd, 000102.633, 155
Trd, 000103.167, 155
Trd, 000103.333, 152
Trd, 000103.650, 162
Trd, 000103.900, 162
Trd, 000105.200, 172
Trd, 000105.300, 171
Trd, 000105.550, 161
Trd, 000106.133, 165
Trd, 000106.617, 166
Trd, 000106.833, 162
Trd, 000107.883, 163
Trd, 000108.267, 162
Trd, 000108.833, 161
Trd, 000110.083, 163
Trd, 000110.100, 152
Trd, 000110.733, 163
Trd, 000111.333, 162
Trd, 000111.517, 163
Trd, 000111.817, 168
Trd, 000113.583, 156
Trd, 000114.250, 173
Trd, 000114.417, 169
Trd, 000114.733, 168
Trd, 000115.083, 155
Trd, 000115.183, 153
Trd, 000115.567, 173
Trd, 000116.067, 166
Trd, 000116.550, 161
Trd, 000116.583, 159
Trd, 000117.183, 166
Trd, 000117.350, 171
Trd, 000117.817, 160
Trd, 000117.917, 159
Trd, 000119.967, 163
Trd, 000120.667, 170
Trd, 000121.000, 174
Trd, 000121.100, 161
Trd, 000121.350, 172
Trd, 000121.867, 176
Trd, 000122.050, 174
Trd, 000122.350, 177
Trd, 000122.367, 189
Trd, 000122.450, 161
Trd, 000122.800, 195
Trd, 000122.917, 205
Trd, 000123.483, 214
Trd, 000123.517, 312
Trd, 000124.483, 334.0
Trd, 000124.617, 337.0
Trd, 000125.317, 341.0
Trd, 000125.800, 323
Trd, 000126.467, 336
Trd, 000127.067, 341.0
Trd, 000128.583, 340
Trd, 000128.650, 348
Trd, 000128.717, 340
Trd, 000129.817, 343.0
Trd, 000131.283, 347
Trd, 000132.400, 351
Trd, 000132.783, 350
Trd, 000132.833, 343
Trd, 000134.050, 346
Trd, 000135.333, 349
Trd, 000136.550, 349
Trd, 000136.700, 347
Trd, 000136.733, 342.0
Trd, 000136.850, 344
Trd, 000137.700, 348
Trd, 000137.783, 362.0
Trd, 000138.083, 341.0
Trd, 000138.917, 340
Trd, 000140.750, 341.0
Trd, 000141.167, 349
Trd, 000143.117, 347
Trd, 000143.267, 347
Trd, 000143.767, 347
Trd, 000144.150, 341.0
Trd, 000144.500, 350
Trd, 000145.233, 359
Trd, 000145.500, 342
Trd, 000146.317, 343
Trd, 000147.783, 350
Trd, 000147.917, 350.0
Trd, 000147.933, 356
Trd, 000149.133, 350.0
Trd, 000149.217, 342.0
Trd, 000149.817, 346
Trd, 000150.717, 345
Trd, 000151.250, 348
Trd, 000152.500, 344
Trd, 000152.983, 347
Trd, 000154.533, 344.0
Trd, 000154.617, 341.0
Trd, 000155.667, 345
Trd, 000155.700, 346
Trd, 000155.833, 343
Trd, 000155.917, 340
Trd, 000156.650, 346
Trd, 000157.267, 341.0
Trd, 000158.167, 341
Trd, 000158.333, 339
Trd, 000158.600, 341
Trd, 000159.183, 341.0
Trd, 000160.017, 340.0
Trd, 000161.433, 343.0
Trd, 000161.533, 343
Trd, 000162.133, 344.0
Trd, 000162.950, 348
Trd, 000163.683, 355
Trd, 000164.483, 345.0
Trd, 000164.517, 341.0
Trd, 000164.833, 337.0
Trd, 000164.933, 357
Trd, 000166.233, 340.0
Trd, 000166.767, 341.0
Trd, 000166.967, 345
Trd, 000168.683, 348
Trd, 000168.817, 348
Trd, 000168.967, 341.0
Trd, 000169.417, 353
Trd, 000169.700, 354
Trd, 000169.867, 357
Trd, 000170.133, 349
Trd, 000172.000, 346
Trd, 000173.433, 353
Trd, 000174.133, 351
Trd, 000174.717, 349
Trd, 000175.317, 349
Trd, 000175.500, 347
Trd, 000175.517, 341.0
Trd, 000175.683, 355
Trd, 000175.767, 340
Trd, 000176.067, 352
Trd, 000176.867, 342
Trd, 000177.550, 353
Trd, 000177.883, 338
Trd, 000179.283, 337.0
Trd, 000179.617, 345
Trd, 000181.133, 343.0
Trd, 000181.750, 340.0
Trd, 000181.850, 339.0
Trd, 000182.083, 337.0
Trd, 000182.367, 341.0
Trd, 000182.383, 335
Trd, 000182.750, 334.0
Trd, 000183.033, 340
Trd, 000183.817, 307
Trd, 000184.383, 340
Trd, 000184.800, 207
Trd, 000185.117, 200
Trd, 000185.917, 177
Trd, 000186.250, 193
Trd, 000186.533, 180
Trd, 000186.850, 178
Trd, 000187.450, 177
Trd, 000187.800, 176
Trd, 000188.000, 179
Trd, 000188.017, 162
Trd, 000188.217, 184
Trd, 000188.350, 173
Trd, 000189.267, 168
Trd, 000190.400, 184
Trd, 000190.817, 183
Trd, 000191.050, 180
Trd, 000191.617, 178
Trd, 000191.783, 185
Trd, 000191.950, 177
Trd, 000194.517, 178
Trd, 000194.983, 165
Trd, 000195.583, 180
Trd, 000196.083, 180
Trd, 000196.183, 181
Trd, 000196.300, 181
Trd, 000196.500, 184
Trd, 000197.950, 183
Trd, 000198.617, 178
Trd, 000199.217, 171
Trd, 000199.483, 161
Trd, 000199.800, 171
Trd, 000200.417, 158
Trd, 000201.550, 173
Trd, 000203.300, 169
Trd, 000203.333, 168
Trd, 000205.267, 169
Trd, 000205.933, 170
Trd, 000206.217, 170
Trd, 000206.817, 168
Trd, 000206.883, 163
Trd, 000207.050, 172
Trd, 000207.750, 170
Trd, 000208.000, 161
Trd, 000208.800, 162
Trd, 000208.850, 168
Trd, 000208.867, 161
Trd, 000210.600, 164
Trd, 000211.350, 166
Trd, 000211.800, 165
Trd, 000211.900, 169
Trd, 000212.050, 164
Trd, 000212.233, 176
Trd, 000212.567, 169
Trd, 000214.500, 173
Trd, 000215.467, 173
Trd, 000215.500, 169
Trd, 000215.683, 169
Trd, 000215.950, 167
Trd, 000216.133, 164
Trd, 000216.267, 175
Trd, 000217.167, 169
Trd, 000218.250, 173
Trd, 000218.283, 175
Trd, 000218.500, 176
Trd, 000219.050, 176
Trd, 000220.133, 180
Trd, 000220.917, 178
Trd, 000220.950, 178
Trd, 000221.433, 178
Trd, 000222.900, 183
Trd, 000223.017, 180
Trd, 000224.100, 177
Trd, 000224.350, 176
Trd, 000224.750, 169
Trd, 000225.133, 169
Trd, 000226.200, 177
Trd, 000226.533, 167
Trd, 000226.583, 178
Trd, 000226.950, 164
Trd, 000227.783, 175
Trd, 000228.050, 177
Trd, 000228.267, 164
Trd, 000229.550, 171
Trd, 000229.850, 172
Trd, 000230.517, 175
Trd, 000230.600, 180
Trd, 000231.050, 174
Trd, 000231.283, 185
Trd, 000232.267, 180
Trd, 000232.367, 179
Trd, 000232.483, 166
Trd, 000233.100, 180
Trd, 000233.550, 181
Trd, 000234.200, 166
Trd, 000234.400, 181
Trd, 000235.550, 173
Trd, 000236.083, 167
Trd, 000236.933, 169
Trd, 000237.650, 168
Trd, 000239.133, 169
Trd, 000239.217, 168
Trd, 000240.083, 174
Trd, 000240.367, 177
Trd, 000240.400, 179
Trd, 000240.717, 179
Trd, 000240.850, 177
Trd, 000241.117, 180
Trd, 000241.767, 170
Trd, 000242.500, 169
Trd, 000242.983, 173
Trd, 000243.483, 175
Trd, 000243.667, 169
Trd, 000243.867, 168
Trd, 000243.933, 173
Trd, 000244.750, 166
Trd, 000245.000, 171
Trd, 000245.050, 166
Trd, 000245.533, 169
Trd, 000245.917, 174
Trd, 000246.767, 175
Trd, 000246.983, 176
Trd, 000247.367, 177
Trd, 000247.450, 177
Trd, 000248.267, 171
Trd, 000248.783, 174
Trd, 000248.883, 177
Trd, 000249.950, 179
Trd, 000250.383, 178
Trd, 000251.067, 173
Trd, 000251.133, 169
Trd, 000251.283, 176
Trd, 000251.350, 177
Trd, 000251.483, 169
Trd, 000252.850, 168
Trd, 000252.933, 179
Trd, 000253.350, 167
Trd, 000253.433, 168
Trd, 000254.117, 174
Trd, 000255.517, 172
Trd, 000255.583, 171
Trd, 000256.083, 170
Trd, 000256.650, 170
Trd, 000256.683, 171
Trd, 000257.300, 174
Trd, 000257.783, 170
Trd, 000257.950, 171
Trd, 000258.400, 171
Trd, 000258.900, 171
Trd, 000259.100, 172
Trd, 000259.533, 176
Trd, 000260.083, 168
Trd, 000260.200, 168
Trd, 000260.283, 167
Trd, 000260.583, 171
Trd, 000260.600, 173
Trd, 000261.983, 172
Trd, 000262.183, 175
Trd, 000262.517, 173
Trd, 000263.050, 171
Trd, 000263.117, 177
Trd, 000263.850, 164
Trd, 000264.717, 166
Trd, 000264.850, 164
Trd, 000265.083, 165
Trd, 000265.167, 163
Trd, 000265.717, 167
Trd, 000265.933, 163
Trd, 000266.133, 170
Trd, 000266.233, 165
Trd, 000266.633, 167
Trd, 000267.600, 167
Trd, 000267.767, 166
Trd, 000267.983, 166
Trd, 000268.650, 171
Trd, 000268.933, 167
Trd, 000270.000, 172
Trd, 000270.300, 172
Trd, 000270.383, 171
Trd, 000270.533, 168
Trd, 000270.900, 175
Trd, 000270.950, 178
Trd, 000271.067, 181
Trd, 000271.733, 181
Trd, 000272.767, 171
Trd, 000272.783, 168
Trd, 000273.650, 169
Trd, 000274.400, 168
Trd, 000274.483, 169
Trd, 000274.567, 174
Trd, 000274.850, 175
Trd, 000275.500, 174
Trd, 000275.633, 177
Trd, 000276.217, 174
Trd, 000276.400, 169
Trd, 000277.317, 169
Trd, 000277.367, 169
Trd, 000277.700, 168
Trd, 000278.767, 168
Trd, 000279.783, 169
Trd, 000279.833, 172
Trd, 000280.017, 168
Trd, 000280.500, 174
Trd, 000280.567, 169
Trd, 000280.617, 176
Trd, 000281.000, 179
Trd, 000281.150, 178
Trd, 000281.267, 177
Trd, 000282.167, 169
Trd, 000282.917, 173
Trd, 000283.717, 170
Trd, 000283.833, 176
Trd, 000283.917, 178
Trd, 000284.417, 173
Trd, 000284.467, 178
Trd, 000284.750, 179
Trd, 000284.950, 191
Trd, 000285.183, 185
Trd, 000285.783, 174
Trd, 000286.283, 173
Trd, 000286.667, 181
Trd, 000287.317, 174
Trd, 000287.733, 178
Trd, 000287.883, 173
Trd, 000288.183, 171
Trd, 000288.817, 171
Trd, 000288.983, 173
Trd, 000289.167, 171
Trd, 000289.400, 170
Trd, 000290.333, 168
Trd, 000290.533, 166
Trd, 000291.583, 177
Trd, 000291.750, 176
Trd, 000292.267, 171
Trd, 000292.300, 179
Trd, 000292.683, 180
Trd, 000293.383, 174
Trd, 000293.517, 167
Trd, 000294.200, 178
Trd, 000294.517, 164
Trd, 000294.650, 164
Trd, 000294.783, 179
Trd, 000295.817, 171
Trd, 000296.200, 173
Trd, 000296.367, 180
Trd, 000296.550, 172
Trd, 000296.700, 181
Trd, 000296.983, 181
Trd, 000297.500, 186
Trd, 000297.983, 178
Trd, 000298.683, 180
Trd, 000299.083, 183
Trd, 000299.383, 176
Trd, 000299.633, 174
Trd, 000299.783, 174
