Trd, 000002.650, 140
Trd, 000003.400, 141
Trd, 000003.617, 141
Trd, 000003.667, 137
Trd, 000004.200, 142
Trd, 000004.367, 136
Trd, 000005.967, 138
Trd, 000006.133, 138
Trd, 000007.033, 153
Trd, 000008.017, 143
Trd, 000008.533, 140
Trd, 000008.667, 141
Trd, 000008.800, 142
Trd, 000009.000, 135
Trd, 000009.250, 141
Trd, 000010.350, 142
Trd, 000011.400, 140
Trd, 000011.467, 146
Trd, 000011.650, 139
Trd, 000011.850, 146
Trd, 000013.100, 143
Trd, 000013.850, 145
Trd, 000014.967, 146
Trd, 000015.883, 146
Trd, 000016.000, 146
Trd, 000016.283, 149
Trd, 000016.933, 145
Trd, 000017.150, 143
Trd, 000017.300, 141
Trd, 000017.733, 147
Trd, 000018.450, 143
Trd, 000018.917, 143
Trd, 000018.933, 145
Trd, 000018.983, 142
Trd, 000020.733, 142
Trd, 000021.083, 146
Trd, 000021.783, 181
Trd, 000024.283, 149
Trd, 000024.550, 150
Trd, 000024.917, 149
Trd, 000024.933, 146
Trd, 000025.417, 146
Trd, 000025.767, 148
Trd, 000026.533, 144
Trd, 000026.817, 143
Trd, 000027.083, 145
Trd, 000027.300, 147
Trd, 000027.367, 149
Trd, 000028.283, 154
Trd, 000030.300, 151
Trd, 000031.300, 152
Trd, 000032.233, 149
Trd, 000032.533, 151
Trd, 000033.317, 151
Trd, 000033.350, 150
Trd, 000033.917, 152
Trd, 000034.467, 149
Trd, 000034.717, 151
Trd, 000035.200, 148
Trd, 000036.017, 147
Trd, 000037.133, 147
Trd, 000038.117, 146
Trd, 000038.283, 146
Trd, 000039.000, 149
Trd, 000039.100, 149
Trd, 000039.400, 147
Trd, 000041.183, 148
Trd, 000041.533, 152
Trd, 000042.017, 152
Trd, 000042.100, 150
Trd, 000042.150, 149
Trd, 000042.417, 151
Trd, 000042.700, 151
Trd, 000042.900, 147
Trd, 000043.217, 148
Trd, 000046.183, 150
Trd, 000046.800, 149
Trd, 000047.867, 149
Trd, 000048.017, 148
Trd, 000048.617, 146
Trd, 000048.883, 144
Trd, 000049.083, 149
Trd, 000049.467, 152
Trd, 000050.000, 149
Trd, 000050.283, 152
Trd, 000050.683, 147
Trd, 000051.617, 147
Trd, 000051.850, 152
Trd, 000052.867, 146
Trd, 000053.650, 149
Trd, 000053.867, 148
Trd, 000054.750, 145
Trd, 000055.267, 144
Trd, 000055.733, 146
Trd, 000057.117, 146
Trd, 000057.217, 149
Trd, 000057.483, 145
Trd, 000057.533, 164
Trd, 000058.217, 147
Trd, 000058.883, 151
Trd, 000059.217, 150
Trd, 000059.750, 151
Trd, 000060.100, 150
Trd, 000060.583, 150
Trd, 000061.817, 151
Trd, 000062.467, 150
Trd, 000062.833, 150
Trd, 000062.867, 152
Trd, 000063.167, 149
Trd, 000065.100, 148
Trd, 000065.350, 148
Trd, 000065.700, 149
Trd, 000065.833, 147
Trd, 000065.983, 152
Trd, 000066.300, 146
Trd, 000066.933, 154
Trd, 000067.200, 144
Trd, 000068.250, 141
Trd, 000069.133, 141
Trd, 000069.667, 146
Trd, 000070.550, 145
Trd, 000070.583, 146
Trd, 000070.900, 147
Trd, 000071.050, 144
Trd, 000072.417, 148
Trd, 000073.383, 148
Trd, 000073.767, 148
Trd, 000073.783, 146
Trd, 000074.050, 146
Trd, 000075.000, 149
Trd, 000075.283, 151
Trd, 000075.833, 149
Trd, 000076.267, 146
Trd, 000076.917, 147
Trd, 000077.150, 146
Trd, 000077.800, 149
Trd, 000078.617, 154
Trd, 000079.650, 153
Trd, 000079.983, 152
Trd, 000080.167, 172
Trd, 000080.683, 152
Trd, 000080.867, 155
Trd, 000081.317, 157
Trd, 000081.467, 145
Trd, 000082.550, 146
Trd, 000082.633, 147
Trd, 000083.950, 148
Trd, 000084.017, 145
Trd, 000084.283, 138
Trd, 000085.200, 148
Trd, 000086.300, 149
Trd, 000086.317, 147
Trd, 000086.583, 146
Trd, 000087.133, 149
Trd, 000087.817, 150
Trd, 000087.950, 150
Trd, 000088.467, 150
Trd, 000089.600, 149
Trd, 000089.717, 153
Trd, 000090.033, 157
Trd, 000090.200, 157
Trd, 000091.317, 177
Trd, 000092.667, 176
Trd, 000093.667, 163
Trd, 000094.267, 162
Trd, 000095.233, 157
Trd, 000095.483, 162
Trd, 000095.583, 155
Trd, 000096.067, 161
Trd, 000096.333, 162
Trd, 000096.367, 156
Trd, 000096.400, 163
Trd, 000098.367, 159
Trd, 000098.767, 161
Trd, 000099.267, 158
Trd, 000099.983, 157
Trd, 000100.317, 160
Trd, 000100.533, 155
Trd, 000100.733, 154
Trd, 000101.683, 158
Trd, 000103.367, 154
Trd, 000104.950, 155
Trd, 000105.167, 157
Trd, 000105.367, 154
Trd, 000105.600, 154
Trd, 000106.083, 158
Trd, 000106.183, 153
Trd, 000106.733, 151
Trd, 000107.333, 150
Trd, 000107.350, 151
Trd, 000108.300, 151
Trd, 000108.650, 149
Trd, 000108.733, 152
Trd, 000109.700, 152
Trd, 000110.117, 152
Trd, 000110.183, 155
Trd, 000111.233, 165
Trd, 000111.833, 163
Trd, 000113.033, 159
Trd, 000113.383, 161
Trd, 000114.733, 160
Trd, 000114.933, 161
Trd, 000115.400, 160
Trd, 000115.467, 161
Trd, 000116.500, 160
Trd, 000116.600, 162
Trd, 000116.650, 158
Trd, 000116.917, 164
Trd, 000117.217, 156
Trd, 000118.117, 151
Trd, 000118.217, 149
Trd, 000120.367, 155
Trd, 000121.233, 158
Trd, 000121.250, 154
Trd, 000121.267, 159
Trd, 000121.700, 159
Trd, 000121.950, 160
Trd, 000122.167, 182
Trd, 000123.417, 191
Trd, 000123.633, 199
Trd, 000124.067, 208
Trd, 000124.133, 238
Trd, 000125.200, 288
Trd, 000125.933, 322.0
Trd, 000126.350, 324.0
Trd, 000126.500, 331
Trd, 000126.567, 322.0
Trd, 000126.700, 333.0
Trd, 000127.283, 328
Trd, 000127.783, 328
Trd, 000127.950, 333.0
Trd, 000128.550, 327
Trd, 000128.583, 334
Trd, 000128.800, 337.0
Trd, 000130.600, 329
Trd, 000130.917, 331
Trd, 000132.350, 333
Trd, 000132.633, 334.0
Trd, 000132.983, 340
Trd, 000134.417, 341.0
Trd, 000135.533, 335
Trd, 000135.767, 336
Trd, 000136.350, 327.0
Trd, 000137.233, 338.0
Trd, 000137.400, 337.0
Trd, 000137.417, 327
Trd, 000138.550, 338
Trd, 000139.350, 343
Trd, 000140.883, 334.0
Trd, 000141.683, 337
Trd, 000142.367, 336
Trd, 000142.750, 334
Trd, 000142.883, 336
Trd, 000143.150, 333
Trd, 000144.467, 339.0
Trd, 000145.050, 339
Trd, 000145.067, 340.0
Trd, 000146.050, 340
Trd, 000147.200, 339
Trd, 000147.433, 339
Trd, 000147.967, 335
Trd, 000148.750, 337.0
Trd, 000148.817, 339
Trd, 000149.283, 338
Trd, 000152.967, 337
Trd, 000153.033, 337
Trd, 000153.250, 341.0
Trd, 000154.517, 337
Trd, 000154.533, 341
Trd, 000155.367, 341
Trd, 000155.783, 339
Trd, 000155.950, 344
Trd, 000156.083, 339
Trd, 000156.683, 339
Trd, 000157.367, 347.0
Trd, 000158.700, 344
Trd, 000159.767, 343
Trd, 000159.833, 342
Trd, 000161.000, 341
Trd, 000161.300, 340
Trd, 000161.517, 337.0
Trd, 000161.550, 343
Trd, 000161.933, 331
Trd, 000163.017, 340
Trd, 000163.217, 330
Trd, 000163.533, 341
Trd, 000164.333, 341.0
Trd, 000164.650, 333
Trd, 000166.867, 339.0
Trd, 000167.417, 338.0
Trd, 000168.950, 337
Trd, 000169.133, 334.0
Trd, 000169.700, 341.0
Trd, 000170.267, 341
Trd, 000171.583, 339
Trd, 000171.817, 335
Trd, 000171.917, 344
Trd, 000172.650, 336
Trd, 000172.917, 337
Trd, 000173.250, 336
Trd, 000173.750, 336
Trd, 000175.283, 330
Trd, 000175.683, 337
Trd, 000177.283, 338
Trd, 000177.867, 338.0
Trd, 000178.050, 337.0
Trd, 000178.217, 338
Trd, 000178.483, 337
Trd, 000180.867, 336
Trd, 000181.433, 338
Trd, 000181.533, 334
Trd, 000181.617, 334.0
Trd, 000181.650, 330
Trd, 000181.683, 327.0
Trd, 000182.600, 326.0
Trd, 000182.617, 340.0
Trd, 000183.350, 324.0
Trd, 000183.700, 320.0
Trd, 000184.300, 242
Trd, 000184.383, 232
Trd, 000184.400, 227
Trd, 000184.433, 179
Trd, 000185.000, 196
Trd, 000185.617, 190
Trd, 000186.500, 170
Trd, 000187.467, 183
Trd, 000188.367, 165
Trd, 000188.617, 175
Trd, 000189.067, 164
Trd, 000189.867, 161
Trd, 000190.483, 168
Trd, 000191.417, 163
Trd, 000192.300, 167
Trd, 000193.283, 164
Trd, 000193.350, 165
Trd, 000194.217, 165
Trd, 000195.883, 167
Trd, 000195.983, 166
Trd, 000196.117, 165
Trd, 000196.250, 168
Trd, 000196.800, 165
Trd, 000196.917, 164
Trd, 000197.733, 163
Trd, 000198.917, 164
Trd, 000199.733, 164
Trd, 000200.383, 165
Trd, 000200.483, 164
Trd, 000201.400, 162
Trd, 000201.800, 161
Trd, 000202.550, 161
Trd, 000203.150, 164
Trd, 000203.333, 161
Trd, 000203.583, 164
Trd, 000203.783, 160
Trd, 000204.000, 159
Trd, 000204.500, 157
Trd, 000205.433, 150
Trd, 000205.733, 164
Trd, 000206.883, 190
Trd, 000208.383, 179
Trd, 000208.683, 167
Trd, 000209.867, 162
Trd, 000210.567, 167
Trd, 000210.917, 166
Trd, 000211.933, 167
Trd, 000212.567, 168
Trd, 000212.583, 166
Trd, 000213.700, 166
Trd, 000213.867, 166
Trd, 000214.117, 169
Trd, 000214.183, 165
Trd, 000214.267, 161
Trd, 000215.317, 162
Trd, 000216.567, 166
Trd, 000216.600, 161
Trd, 000217.117, 164
Trd, 000217.783, 163
Trd, 000218.500, 168
Trd, 000219.417, 167
Trd, 000219.483, 200
Trd, 000219.983, 178
Trd, 000220.083, 167
Trd, 000221.567, 178
Trd, 000221.600, 166
Trd, 000224.533, 173
Trd, 000224.583, 172
Trd, 000224.683, 178
Trd, 000225.000, 169
Trd, 000225.567, 168
Trd, 000226.000, 173
Trd, 000226.483, 169
Trd, 000226.767, 171
Trd, 000227.583, 169
Trd, 000227.667, 159
Trd, 000228.217, 164
Trd, 000228.817, 172
Trd, 000229.217, 172
Trd, 000230.200, 172
Trd, 000230.317, 172
Trd, 000231.017, 168
Trd, 000231.550, 171
Trd, 000231.817, 171
Trd, 000231.867, 168
Trd, 000231.917, 171
Trd, 000232.417, 170
Trd, 000234.900, 169
Trd, 000235.400, 168
Trd, 000235.683, 167
Trd, 000235.733, 166
Trd, 000237.117, 165
Trd, 000237.183, 167
Trd, 000237.450, 166
Trd, 000237.650, 163
Trd, 000237.933, 160
Trd, 000238.267, 165
Trd, 000239.800, 165
Trd, 000239.933, 164
Trd, 000240.367, 166
Trd, 000240.383, 165
Trd, 000241.033, 166
Trd, 000241.467, 168
Trd, 000241.500, 164
Trd, 000241.717, 169
Trd, 000241.900, 172
Trd, 000241.933, 175
Trd, 000242.500, 169
Trd, 000242.683, 168
Trd, 000243.050, 169
Trd, 000243.650, 166
Trd, 000244.050, 165
Trd, 000244.433, 162
Trd, 000245.717, 162
Trd, 000245.883, 164
Trd, 000246.050, 164
Trd, 000246.350, 168
Trd, 000247.550, 167
Trd, 000247.617, 168
Trd, 000248.183, 166
Trd, 000248.517, 165
Trd, 000248.583, 176
Trd, 000248.750, 171
Trd, 000248.883, 170
Trd, 000249.800, 171
Trd, 000250.183, 172
Trd, 000250.367, 170
Trd, 000250.633, 173
Trd, 000251.217, 169
Trd, 000251.717, 159
Trd, 000253.183, 167
Trd, 000253.317, 168
Trd, 000254.283, 170
Trd, 000254.667, 171
Trd, 000255.150, 172
Trd, 000255.450, 171
Trd, 000255.833, 170
Trd, 000256.233, 173
Trd, 000256.250, 170
Trd, 000256.567, 176
Trd, 000256.600, 171
Trd, 000256.717, 169
Trd, 000257.117, 181
Trd, 000257.750, 176
Trd, 000257.833, 172
Trd, 000258.333, 166
Trd, 000258.683, 165
Trd, 000259.300, 166
Trd, 000259.500, 170
Trd, 000259.650, 171
Trd, 000260.300, 176
Trd, 000260.483, 177
Trd, 000261.833, 180
Trd, 000262.150, 177
Trd, 000262.550, 180
Trd, 000262.700, 176
Trd, 000263.917, 180
Trd, 000263.983, 176
Trd, 000264.033, 177
Trd, 000264.083, 177
Trd, 000264.567, 175
Trd, 000264.633, 171
Trd, 000264.883, 198
Trd, 000265.133, 173
Trd, 000265.650, 171
Trd, 000268.083, 186
Trd, 000268.583, 186
Trd, 000269.017, 185
Trd, 000269.067, 182
Trd, 000269.450, 176
Trd, 000270.200, 176
Trd, 000270.383, 173
Trd, 000270.517, 177
Trd, 000270.900, 174
Trd, 000271.500, 174
Trd, 000272.250, 173
Trd, 000272.567, 171
Trd, 000272.867, 172
Trd, 000272.967, 172
Trd, 000273.583, 170
Trd, 000273.600, 172
Trd, 000273.917, 169
Trd, 000274.300, 175
Trd, 000275.217, 178
Trd, 000275.417, 189
Trd, 000275.633, 189
Trd, 000275.750, 189
Trd, 000276.117, 193
Trd, 000277.483, 182
Trd, 000277.667, 179
Trd, 000277.967, 179
Trd, 000278.000, 178
Trd, 000278.017, 172
Trd, 000278.700, 182
Trd, 000279.033, 177
Trd, 000280.000, 169
Trd, 000280.117, 171
Trd, 000280.867, 177
Trd, 000280.950, 177
Trd, 000281.933, 179
Trd, 000282.167, 178
Trd, 000282.200, 179
Trd, 000283.117, 177
Trd, 000283.450, 181
Trd, 000283.483, 198
Trd, 000283.967, 181
Trd, 000284.017, 179
Trd, 000284.433, 200
Trd, 000285.217, 205
Trd, 000285.250, 200
Trd, 000285.733, 195
Trd, 000286.067, 200
Trd, 000286.500, 187
Trd, 000287.217, 201
Trd, 000287.333, 201
Trd, 000287.550, 190
Trd, 000288.017, 187
Trd, 000289.250, 195
Trd, 000289.617, 194
Trd, 000290.083, 191
Trd, 000290.183, 186
Trd, 000290.783, 184
Trd, 000291.500, 185
Trd, 000291.550, 173
Trd, 000292.100, 186
Trd, 000292.717, 185
Trd, 000292.750, 187
Trd, 000293.233, 179
Trd, 000293.617, 178
Trd, 000293.750, 184
Trd, 000293.783, 183
Trd, 000294.333, 182
Trd, 000294.567, 178
Trd, 000295.350, 177
Trd, 000295.633, 168
Trd, 000295.733, 179
Trd, 000295.817, 181
Trd, 000295.917, 166
Trd, 000296.867, 180
Trd, 000297.467, 178
Trd, 000297.600, 179
Trd, 000298.350, 176
Trd, 000298.517, 174
Trd, 000298.767, 173
Trd, 000298.850, 179
Trd, 000299.350, 179
Trd, 000299.533, 172
Trd, 000299.650, 179
Trd, 000299.683, 173
