Trd, 000001.417, 165
Trd, 000002.517, 138
Trd, 000002.583, 159
Trd, 000002.617, 137
Trd, 000003.033, 163
Trd, 000004.817, 136
Trd, 000004.917, 133
Trd, 000005.133, 133
Trd, 000005.583, 138
Trd, 000005.933, 144
Trd, 000007.117, 146
Trd, 000007.350, 145
Trd, 000007.550, 160
Trd, 000008.650, 157
Trd, 000009.367, 146
Trd, 000010.950, 149
Trd, 000011.050, 149
Trd, 000011.367, 149
Trd, 000011.817, 149
Trd, 000012.050, 150
Trd, 000012.233, 149
Trd, 000012.500, 151
Trd, 000013.250, 150
Trd, 000013.317, 148
Trd, 000013.533, 146
Trd, 000013.717, 152
Trd, 000013.917, 159
Trd, 000014.117, 141
Trd, 000014.167, 153
Trd, 000015.117, 156
Trd, 000017.217, 151
Trd, 000018.267, 154
Trd, 000018.583, 151
Trd, 000018.600, 154
Trd, 000018.650, 150
Trd, 000018.733, 155
Trd, 000020.817, 156
Trd, 000021.150, 155
Trd, 000021.467, 157
Trd, 000021.667, 158
Trd, 000022.117, 154
Trd, 000022.383, 161
Trd, 000023.817, 154
Trd, 000023.917, 154
Trd, 000024.267, 153
Trd, 000025.250, 151
Trd, 000025.450, 150
Trd, 000026.067, 160
Trd, 000026.700, 158
Trd, 000027.200, 160
Trd, 000027.783, 158
Trd, 000028.117, 156
Trd, 000028.133, 158
Trd, 000028.283, 156
Trd, 000028.567, 139
Trd, 000030.183, 154
Trd, 000030.450, 157
Trd, 000030.700, 158
Trd, 000031.750, 147
Trd, 000032.250, 147
Trd, 000034.917, 149
Trd, 000035.200, 148
Trd, 000035.333, 149
Trd, 000035.600, 149
Trd, 000035.967, 153
Trd, 000037.250, 148
Trd, 000037.267, 147
Trd, 000039.700, 151
Trd, 000040.050, 159
Trd, 000040.717, 153
Trd, 000041.133, 160
Trd, 000041.467, 157
Trd, 000041.800, 156
Trd, 000041.933, 160
Trd, 000042.933, 161
Trd, 000043.317, 162
Trd, 000043.467, 169
Trd, 000043.850, 159
Trd, 000043.867, 158
Trd, 000044.800, 161
Trd, 000045.383, 157
Trd, 000046.383, 158
Trd, 000047.150, 159
Trd, 000047.183, 162
Trd, 000048.817, 158
Trd, 000049.033, 157
Trd, 000049.767, 154
Trd, 000050.467, 153
Trd, 000050.567, 142
Trd, 000051.100, 149
Trd, 000051.600, 145
Trd, 000052.917, 151
Trd, 000053.600, 143
Trd, 000054.467, 150
Trd, 000054.867, 151
Trd, 000055.150, 148
Trd, 000055.883, 155
Trd, 000056.033, 156
Trd, 000057.617, 156
Trd, 000058.383, 157
Trd, 000058.750, 156
Trd, 000058.817, 154
Trd, 000059.467, 154
Trd, 000060.450, 153
Trd, 000060.667, 154
Trd, 000060.967, 149
Trd, 000061.083, 157
Trd, 000061.650, 148
Trd, 000063.317, 148
Trd, 000063.633, 150
Trd, 000064.150, 149
Trd, 000065.700, 148
Trd, 000066.233, 150
Trd, 000066.283, 162
Trd, 000067.567, 156
Trd, 000067.817, 162
Trd, 000068.133, 155
Trd, 000068.300, 157
Trd, 000069.617, 157
Trd, 000069.750, 159
Trd, 000071.167, 157
Trd, 000071.367, 155
Trd, 000071.517, 155
Trd, 000072.400, 161
Trd, 000072.783, 162
Trd, 000073.750, 160
Trd, 000074.783, 158
Trd, 000075.367, 156
Trd, 000075.967, 156
Trd, 000076.150, 155
Trd, 000076.267, 158
Trd, 000077.733, 152
Trd, 000078.367, 155
Trd, 000078.950, 156
Trd, 000079.383, 163
Trd, 000079.867, 148
Trd, 000080.250, 166
Trd, 000081.167, 166
Trd, 000082.033, 156
Trd, 000082.683, 156
Trd, 000083.817, 152
Trd, 000084.100, 156
Trd, 000085.100, 156
Trd, 000085.233, 150
Trd, 000085.800, 152
Trd, 000086.550, 154
Trd, 000087.383, 158
Trd, 000087.617, 159
Trd, 000087.867, 164
Trd, 000088.317, 159
Trd, 000088.433, 157
Trd, 000089.783, 160
Trd, 000090.683, 160
Trd, 000090.750, 160
Trd, 000090.783, 165
Trd, 000091.267, 159
Trd, 000093.300, 159
Trd, 000093.633, 157
Trd, 000094.233, 162
Trd, 000095.817, 158
Trd, 000095.867, 157
Trd, 000095.967, 159
Trd, 000096.067, 160
Trd, 000096.600, 156
Trd, 000097.100, 155
Trd, 000097.567, 164
Trd, 000097.700, 175
Trd, 000099.350, 159
Trd, 000100.150, 161
Trd, 000100.417, 161
Trd, 000101.100, 158
Trd, 000101.400, 160
Trd, 000101.583, 160
Trd, 000102.067, 161
Trd, 000102.250, 158
Trd, 000102.283, 162
Trd, 000102.917, 157
Trd, 000104.100, 160
Trd, 000104.367, 156
Trd, 000105.517, 155
Trd, 000106.383, 154
Trd, 000107.750, 153
Trd, 000107.950, 148
Trd, 000108.133, 143
Trd, 000108.833, 153
Trd, 000110.417, 161
Trd, 000110.500, 156
Trd, 000110.917, 155
Trd, 000112.033, 162
Trd, 000112.550, 158
Trd, 000113.433, 161
Trd, 000113.900, 161
Trd, 000114.217, 160
Trd, 000114.733, 162
Trd, 000115.050, 159
Trd, 000115.150, 163
Trd, 000115.217, 166
Trd, 000115.467, 163
Trd, 000116.750, 166
Trd, 000116.950, 165
Trd, 000117.800, 169
Trd, 000118.233, 168
Trd, 000118.867, 167
Trd, 000119.133, 169
Trd, 000119.483, 170
Trd, 000119.900, 166
Trd, 000119.950, 164
Trd, 000121.067, 175
Trd, 000121.500, 177
Trd, 000121.950, 171
Trd, 000122.300, 171
Trd, 000122.633, 180
Trd, 000123.283, 184
Trd, 000123.317, 208
Trd, 000123.650, 246
Trd, 000123.717, 303
Trd, 000125.967, 317.0
Trd, 000125.983, 320.0
Trd, 000126.550, 317.0
Trd, 000126.767, 320
Trd, 000127.400, 317
Trd, 000128.500, 329
Trd, 000128.567, 331.0
Trd, 000129.900, 330.0
Trd, 000130.133, 329
Trd, 000130.383, 331.0
Trd, 000130.583, 334.0
Trd, 000131.383, 335
Trd, 000132.300, 339
Trd, 000133.150, 335
Trd, 000133.367, 335.0
Trd, 000134.617, 343.0
Trd, 000135.400, 344.0
Trd, 000135.433, 341
Trd, 000135.983, 337
Trd, 000137.900, 345
Trd, 000138.150, 347.0
Trd, 000138.667, 342
Trd, 000139.267, 342
Trd, 000139.517, 342
Trd, 000139.950, 339
Trd, 000140.117, 344.0
Trd, 000141.183, 351.0
Trd, 000141.400, 355
Trd, 000141.633, 344
Trd, 000142.650, 344
Trd, 000143.750, 346.0
Trd, 000143.967, 351.0
Trd, 000144.417, 347
Trd, 000145.817, 342
Trd, 000146.300, 337
Trd, 000146.500, 330
Trd, 000146.933, 331.0
Trd, 000147.467, 340
Trd, 000147.950, 331
Trd, 000148.333, 344
Trd, 000148.533, 330
Trd, 000148.883, 344.0
Trd, 000151.617, 341
Trd, 000151.767, 338
Trd, 000152.217, 337
Trd, 000154.283, 341
Trd, 000154.450, 342
Trd, 000155.167, 337
Trd, 000155.317, 344.0
Trd, 000155.517, 332
Trd, 000156.333, 331.0
Trd, 000156.733, 334
Trd, 000157.517, 337
Trd, 000157.850, 337
Trd, 000157.983, 339
Trd, 000158.567, 342.0
Trd, 000159.250, 337.0
Trd, 000159.367, 344.0
Trd, 000159.883, 336
Trd, 000159.933, 342
Trd, 000160.683, 351.0
Trd, 000162.217, 344.0
Trd, 000162.767, 343
Trd, 000163.950, 341
Trd, 000164.700, 340
Trd, 000164.833, 339
Trd, 000165.867, 342
Trd, 000166.000, 338.0
Trd, 000167.233, 343
Trd, 000167.667, 339.0
Trd, 000168.417, 343
Trd, 000169.083, 344.0
Trd, 000171.217, 347
Trd, 000171.550, 348.0
Trd, 000171.833, 346
Trd, 000172.317, 346
Trd, 000173.033, 340.0
Trd, 000173.417, 344.0
Trd, 000174.933, 346
Trd, 000175.367, 345
Trd, 000175.483, 342
Trd, 000176.450, 346
Trd, 000177.050, 349
Trd, 000177.217, 349
Trd, 000177.533, 349
Trd, 000177.767, 348.0
Trd, 000178.667, 349.0
Trd, 000179.250, 343
Trd, 000179.967, 343
Trd, 000180.717, 344.0
Trd, 000181.267, 347
Trd, 000181.400, 349
Trd, 000181.417, 345
Trd, 000182.233, 344
Trd, 000182.567, 342
Trd, 000182.633, 337
Trd, 000183.050, 337.0
Trd, 000183.167, 330
Trd, 000183.233, 324.0
Trd, 000183.600, 317.0
Trd, 000184.217, 268
Trd, 000184.483, 183
Trd, 000185.433, 177
Trd, 000186.433, 181
Trd, 000186.850, 180
Trd, 000187.283, 182
Trd, 000188.083, 183
Trd, 000188.517, 180
Trd, 000189.667, 177
Trd, 000190.933, 177
Trd, 000190.967, 178
Trd, 000191.483, 174
Trd, 000191.683, 163
Trd, 000191.883, 162
Trd, 000192.983, 173
Trd, 000194.933, 168
Trd, 000194.967, 173
Trd, 000195.300, 173
Trd, 000195.350, 169
Trd, 000196.533, 173
Trd, 000197.900, 173
Trd, 000198.133, 171
Trd, 000198.150, 167
Trd, 000198.600, 174
Trd, 000199.300, 171
Trd, 000199.700, 171
Trd, 000200.167, 168
Trd, 000200.383, 167
Trd, 000201.200, 159
Trd, 000202.500, 166
Trd, 000203.500, 164
Trd, 000204.133, 165
Trd, 000204.533, 166
Trd, 000204.650, 163
Trd, 000204.867, 162
Trd, 000205.717, 164
Trd, 000206.300, 164
Trd, 000207.483, 175
Trd, 000207.767, 180
Trd, 000208.300, 167
Trd, 000208.500, 170
Trd, 000208.817, 170
Trd, 000208.883, 166
Trd, 000210.450, 169
Trd, 000210.983, 169
Trd, 000211.417, 171
Trd, 000211.783, 175
Trd, 000212.217, 172
Trd, 000212.233, 171
Trd, 000212.417, 173
Trd, 000212.567, 158
Trd, 000212.833, 173
Trd, 000213.717, 168
Trd, 000214.300, 163
Trd, 000214.533, 177
Trd, 000215.367, 177
Trd, 000216.400, 177
Trd, 000216.517, 178
Trd, 000218.150, 177
Trd, 000218.417, 178
Trd, 000218.700, 181
Trd, 000218.717, 176
Trd, 000220.100, 182
Trd, 000220.783, 182
Trd, 000222.783, 180
Trd, 000223.000, 179
Trd, 000223.167, 181
Trd, 000223.317, 179
Trd, 000223.433, 182
Trd, 000223.850, 177
Trd, 000223.950, 185
Trd, 000224.283, 180
Trd, 000224.617, 173
Trd, 000224.733, 171
Trd, 000224.950, 170
Trd, 000226.183, 185
Trd, 000227.417, 186
Trd, 000228.750, 182
Trd, 000229.150, 183
Trd, 000230.050, 184
Trd, 000231.733, 182
Trd, 000231.750, 181
Trd, 000231.867, 178
Trd, 000233.067, 174
Trd, 000234.733, 182
Trd, 000235.050, 179
Trd, 000235.283, 178
Trd, 000235.833, 180
Trd, 000236.600, 180
Trd, 000237.567, 178
Trd, 000237.667, 179
Trd, 000238.550, 181
Trd, 000239.300, 183
Trd, 000239.483, 171
Trd, 000239.750, 181
Trd, 000240.417, 178
Trd, 000240.533, 179
Trd, 000240.667, 180
Trd, 000240.817, 178
Trd, 000241.217, 175
Trd, 000241.500, 173
Trd, 000241.717, 173
Trd, 000241.817, 172
Trd, 000241.967, 173
Trd, 000242.550, 173
Trd, 000242.983, 175
Trd, 000243.133, 172
Trd, 000243.617, 171
Trd, 000244.433, 175
Trd, 000244.567, 167
Trd, 000244.733, 175
Trd, 000246.067, 173
Trd, 000246.083, 171
Trd, 000246.467, 171
Trd, 000246.500, 172
Trd, 000247.533, 174
Trd, 000247.783, 176
Trd, 000248.417, 176
Trd, 000248.517, 175
Trd, 000249.283, 177
Trd, 000250.417, 176
Trd, 000250.667, 175
Trd, 000250.700, 183
Trd, 000250.917, 175
Trd, 000251.250, 176
Trd, 000251.900, 177
Trd, 000251.933, 176
Trd, 000251.950, 173
Trd, 000252.217, 175
Trd, 000252.267, 178
Trd, 000252.550, 177
Trd, 000253.550, 172
Trd, 000254.050, 175
Trd, 000254.833, 177
Trd, 000255.000, 172
Trd, 000255.617, 175
Trd, 000255.817, 190
Trd, 000256.183, 184
Trd, 000256.717, 181
Trd, 000257.850, 179
Trd, 000258.383, 177
Trd, 000258.433, 183
Trd, 000258.917, 176
Trd, 000259.100, 182
Trd, 000260.733, 178
Trd, 000261.100, 180
Trd, 000261.450, 177
Trd, 000261.733, 175
Trd, 000261.783, 174
Trd, 000261.917, 170
Trd, 000262.133, 176
Trd, 000262.600, 167
Trd, 000263.433, 174
Trd, 000264.733, 167
Trd, 000265.633, 169
Trd, 000266.233, 170
Trd, 000266.467, 171
Trd, 000266.583, 177
Trd, 000267.100, 180
Trd, 000267.850, 178
Trd, 000267.950, 181
Trd, 000268.467, 181
Trd, 000268.683, 181
Trd, 000268.733, 180
Trd, 000269.467, 178
Trd, 000269.583, 175
Trd, 000270.417, 182
Trd, 000270.917, 180
Trd, 000270.967, 185
Trd, 000271.417, 184
Trd, 000272.233, 180
Trd, 000272.317, 178
Trd, 000272.933, 183
Trd, 000273.000, 184
Trd, 000274.167, 180
Trd, 000274.250, 179
Trd, 000275.183, 179
Trd, 000275.583, 183
Trd, 000276.150, 178
Trd, 000276.450, 177
Trd, 000276.550, 182
Trd, 000276.800, 178
Trd, 000277.650, 175
Trd, 000277.850, 180
Trd, 000277.900, 181
Trd, 000278.367, 181
Trd, 000278.867, 186
Trd, 000280.067, 182
Trd, 000280.167, 180
Trd, 000280.250, 176
Trd, 000280.283, 175
Trd, 000280.567, 174
Trd, 000281.450, 172
Trd, 000281.750, 165
Trd, 000281.900, 162
Trd, 000282.833, 173
Trd, 000283.417, 172
Trd, 000283.850, 174
Trd, 000283.983, 182
Trd, 000284.900, 176
Trd, 000285.067, 175
Trd, 000285.733, 175
Trd, 000285.767, 176
Trd, 000286.033, 177
Trd, 000286.217, 179
Trd, 000286.400, 174
Trd, 000287.000, 175
Trd, 000287.083, 182
Trd, 000287.567, 184
Trd, 000287.833, 180
Trd, 000288.083, 178
Trd, 000289.133, 188
Trd, 000289.633, 182
Trd, 000289.700, 181
Trd, 000289.867, 187
Trd, 000290.150, 181
Trd, 000290.800, 172
Trd, 000292.433, 178
Trd, 000292.783, 175
Trd, 000292.900, 166
Trd, 000293.183, 165
Trd, 000293.617, 174
Trd, 000293.650, 180
Trd, 000294.600, 187
Trd, 000294.783, 180
Trd, 000294.917, 179
Trd, 000295.600, 192
Trd, 000295.617, 174
Trd, 000296.483, 178
Trd, 000297.500, 174
Trd, 000297.617, 180
Trd, 000297.900, 180
Trd, 000298.300, 181
Trd, 000298.350, 175
Trd, 000298.567, 175
Trd, 000298.967, 173
Trd, 000299.000, 167
Trd, 000299.467, 178
