Trd, 000002.217, 172
Trd, 000002.750, 163
Trd, 000002.883, 163
Trd, 000003.033, 162
Trd, 000003.050, 157
Trd, 000004.100, 163
Trd, 000004.550, 162
Trd, 000005.083, 141
Trd, 000005.950, 163
Trd, 000006.283, 142
Trd, 000008.250, 161
Trd, 000008.683, 162
Trd, 000009.050, 167
Trd, 000009.700, 164
Trd, 000010.067, 160
Trd, 000010.267, 160
Trd, 000011.367, 160
Trd, 000011.967, 156
Trd, 000012.050, 157
Trd, 000013.483, 159
Trd, 000013.950, 159
Trd, 000014.300, 160
Trd, 000014.750, 157
Trd, 000015.100, 162
Trd, 000015.167, 142
Trd, 000016.150, 161
Trd, 000016.817, 161
Trd, 000017.467, 160
Trd, 000018.033, 146
Trd, 000019.500, 157
Trd, 000019.767, 155
Trd, 000019.900, 156
Trd, 000020.217, 155
Trd, 000021.033, 150
Trd, 000021.367, 157
Trd, 000022.100, 143
Trd, 000022.133, 164
Trd, 000023.917, 161
Trd, 000024.133, 160
Trd, 000024.333, 158
Trd, 000025.033, 164
Trd, 000025.633, 156
Trd, 000025.867, 153
Trd, 000028.350, 150
Trd, 000028.367, 155
Trd, 000028.883, 150
Trd, 000029.050, 154
Trd, 000030.150, 154
Trd, 000030.250, 155
Trd, 000031.050, 154
Trd, 000032.217, 155
Trd, 000033.383, 156
Trd, 000033.883, 157
Trd, 000034.150, 158
Trd, 000035.333, 157
Trd, 000036.083, 155
Trd, 000036.267, 156
Trd, 000036.600, 158
Trd, 000036.867, 156
Trd, 000037.850, 158
Trd, 000038.567, 156
Trd, 000038.733, 152
Trd, 000039.900, 155
Trd, 000040.133, 156
Trd, 000040.850, 156
Trd, 000041.200, 148
Trd, 000041.750, 150
Trd, 000041.833, 157
Trd, 000043.433, 148
Trd, 000045.367, 159
Trd, 000045.633, 157
Trd, 000046.367, 157
Trd, 000047.217, 161
Trd, 000047.867, 160
Trd, 000048.467, 160
Trd, 000048.817, 160
Trd, 000049.833, 161
Trd, 000050.350, 167
Trd, 000050.800, 168
Trd, 000051.333, 164
Trd, 000051.550, 163
Trd, 000053.167, 164
Trd, 000053.400, 164
Trd, 000053.867, 163
Trd, 000054.133, 164
Trd, 000054.450, 165
Trd, 000054.967, 167
Trd, 000055.100, 162
Trd, 000055.183, 161
Trd, 000056.417, 172
Trd, 000058.383, 168
Trd, 000058.550, 168
Trd, 000058.800, 167
Trd, 000059.700, 166
Trd, 000060.117, 164
Trd, 000060.283, 167
Trd, 000060.517, 170
Trd, 000061.083, 165
Trd, 000062.150, 165
Trd, 000062.900, 168
Trd, 000062.917, 165
Trd, 000064.150, 168
Trd, 000064.750, 167
Trd, 000065.750, 164
Trd, 000065.850, 163
Trd, 000066.150, 165
Trd, 000067.567, 163
Trd, 000067.950, 164
Trd, 000069.333, 161
Trd, 000069.450, 148
Trd, 000069.950, 143
Trd, 000071.683, 161
Trd, 000072.600, 160
Trd, 000072.633, 161
Trd, 000073.133, 162
Trd, 000073.267, 161
Trd, 000073.950, 169
Trd, 000074.000, 163
Trd, 000074.267, 173
Trd, 000074.450, 174
Trd, 000075.500, 166
Trd, 000077.083, 167
Trd, 000077.100, 166
Trd, 000077.217, 168
Trd, 000078.033, 165
Trd, 000079.250, 164
Trd, 000079.550, 166
Trd, 000080.667, 154
Trd, 000080.867, 162
Trd, 000081.117, 163
Trd, 000083.650, 156
Trd, 000083.750, 157
Trd, 000083.817, 158
Trd, 000083.967, 155
Trd, 000084.067, 152
Trd, 000084.717, 162
Trd, 000084.800, 150
Trd, 000085.517, 163
Trd, 000086.767, 156
Trd, 000087.333, 162
Trd, 000090.017, 163
Trd, 000090.083, 167
Trd, 000090.250, 166
Trd, 000091.017, 166
Trd, 000091.233, 167
Trd, 000091.967, 171
Trd, 000092.167, 170
Trd, 000092.217, 165
Trd, 000093.050, 181
Trd, 000093.750, 154
Trd, 000094.083, 163
Trd, 000096.300, 162
Trd, 000096.367, 156
Trd, 000097.133, 161
Trd, 000097.783, 160
Trd, 000098.200, 165
Trd, 000099.317, 162
Trd, 000099.767, 159
Trd, 000100.700, 162
Trd, 000101.050, 160
Trd, 000101.117, 172
Trd, 000101.267, 160
Trd, 000101.650, 159
Trd, 000101.917, 175
Trd, 000103.333, 174
Trd, 000104.383, 175
Trd, 000105.317, 173
Trd, 000106.067, 172
Trd, 000106.083, 175
Trd, 000107.150, 168
Trd, 000107.600, 173
Trd, 000107.933, 173
Trd, 000108.533, 173
Trd, 000108.750, 171
Trd, 000109.200, 172
Trd, 000109.467, 158
Trd, 000110.417, 167
Trd, 000112.367, 161
Trd, 000112.600, 160
Trd, 000113.150, 162
Trd, 000113.483, 154
Trd, 000115.300, 157
Trd, 000115.333, 158
Trd, 000115.383, 159
Trd, 000116.050, 163
Trd, 000117.617, 175
Trd, 000117.650, 176
Trd, 000117.800, 174
Trd, 000117.867, 165
Trd, 000119.150, 163
Trd, 000120.550, 166
Trd, 000121.217, 165
Trd, 000121.683, 165
Trd, 000121.700, 170
Trd, 000122.250, 169
Trd, 000123.083, 184
Trd, 000123.183, 194
Trd, 000123.267, 199
Trd, 000123.417, 205
Trd, 000123.583, 212
Trd, 000124.317, 311
Trd, 000124.383, 317.0
Trd, 000124.817, 269
Trd, 000125.750, 336.0
Trd, 000125.983, 325.0
Trd, 000127.550, 331.0
Trd, 000127.817, 330.0
Trd, 000127.917, 336.0
Trd, 000128.200, 325.0
Trd, 000128.233, 337.0
Trd, 000129.967, 344.0
Trd, 000130.017, 355.0
Trd, 000131.733, 347.0
Trd, 000132.833, 349.0
Trd, 000132.917, 347.0
Trd, 000133.217, 345
Trd, 000134.050, 353
Trd, 000134.400, 345
Trd, 000135.200, 350
Trd, 000136.617, 347.0
Trd, 000138.383, 344.0
Trd, 000138.600, 346
Trd, 000138.983, 350
Trd, 000140.033, 352
Trd, 000140.383, 348
Trd, 000141.450, 352
Trd, 000141.800, 352
Trd, 000142.033, 355.0
Trd, 000142.333, 349
Trd, 000143.000, 352
Trd, 000144.233, 362.0
Trd, 000144.750, 355
Trd, 000145.550, 359
Trd, 000145.950, 358
Trd, 000146.250, 357
Trd, 000147.117, 357
Trd, 000147.467, 356
Trd, 000147.617, 344.0
Trd, 000147.783, 358
Trd, 000148.117, 348
Trd, 000148.483, 357
Trd, 000148.833, 346
Trd, 000149.267, 344.0
Trd, 000150.750, 342.0
Trd, 000150.833, 341.0
Trd, 000152.500, 354
Trd, 000152.583, 355.0
Trd, 000153.000, 343.0
Trd, 000153.100, 341.0
Trd, 000154.867, 354.0
Trd, 000157.017, 350
Trd, 000157.467, 347
Trd, 000157.633, 344
Trd, 000158.183, 346
Trd, 000158.517, 348
Trd, 000158.583, 345.0
Trd, 000159.433, 348
Trd, 000159.483, 345.0
Trd, 000160.667, 346
Trd, 000161.167, 347
Trd, 000161.550, 346.0
Trd, 000162.033, 355.0
Trd, 000162.367, 344.0
Trd, 000162.533, 341.0
Trd, 000163.483, 346.0
Trd, 000165.250, 349
Trd, 000166.383, 345.0
Trd, 000166.417, 346
Trd, 000166.667, 346
Trd, 000166.700, 347
Trd, 000166.733, 353
Trd, 000167.483, 344.0
Trd, 000168.217, 352
Trd, 000169.317, 350
Trd, 000170.083, 351
Trd, 000170.217, 350
Trd, 000170.333, 348
Trd, 000170.683, 354.0
Trd, 000173.500, 354
Trd, 000173.567, 353
Trd, 000173.900, 359
Trd, 000174.033, 362.0
Trd, 000174.300, 349
Trd, 000175.283, 363.0
Trd, 000175.583, 352
Trd, 000175.900, 349
Trd, 000176.850, 346.0
Trd, 000177.383, 348
Trd, 000178.133, 349
Trd, 000178.567, 349
Trd, 000179.150, 350
Trd, 000180.050, 352
Trd, 000180.433, 351
Trd, 000180.717, 351
Trd, 000181.100, 349
Trd, 000181.417, 347
Trd, 000182.933, 344.0
Trd, 000183.133, 334.0
Trd, 000183.950, 330
Trd, 000184.800, 329
Trd, 000185.117, 325
Trd, 000185.283, 301
Trd, 000185.450, 228
Trd, 000185.833, 214
Trd, 000186.133, 211
Trd, 000186.533, 183
Trd, 000186.617, 180
Trd, 000187.100, 179
Trd, 000187.400, 178
Trd, 000187.517, 190
Trd, 000188.717, 179
Trd, 000189.600, 178
Trd, 000190.083, 178
Trd, 000190.317, 181
Trd, 000190.383, 177
Trd, 000191.600, 173
Trd, 000192.317, 170
Trd, 000193.867, 172
Trd, 000194.200, 167
Trd, 000195.100, 173
Trd, 000195.983, 174
Trd, 000196.183, 170
Trd, 000196.717, 179
Trd, 000197.083, 177
Trd, 000198.217, 174
Trd, 000198.550, 168
Trd, 000198.850, 162
Trd, 000199.867, 171
Trd, 000200.850, 170
Trd, 000201.683, 167
Trd, 000202.017, 168
Trd, 000202.050, 173
Trd, 000202.167, 167
Trd, 000203.100, 174
Trd, 000203.600, 175
Trd, 000204.250, 182
Trd, 000207.000, 177
Trd, 000207.267, 176
Trd, 000207.767, 178
Trd, 000207.983, 179
Trd, 000208.283, 182
Trd, 000209.017, 183
Trd, 000209.667, 179
Trd, 000209.850, 174
Trd, 000210.250, 184
Trd, 000211.083, 178
Trd, 000211.383, 182
Trd, 000211.617, 177
Trd, 000211.800, 174
Trd, 000213.000, 170
Trd, 000213.117, 170
Trd, 000213.267, 169
Trd, 000213.300, 171
Trd, 000215.733, 174
Trd, 000216.183, 175
Trd, 000216.433, 176
Trd, 000216.567, 166
Trd, 000217.017, 166
Trd, 000219.000, 171
Trd, 000219.617, 170
Trd, 000219.800, 172
Trd, 000219.917, 180
Trd, 000219.950, 165
Trd, 000220.000, 181
Trd, 000220.733, 165
Trd, 000220.800, 184
Trd, 000221.517, 187
Trd, 000223.483, 174
Trd, 000224.283, 175
Trd, 000224.750, 174
Trd, 000225.750, 180
Trd, 000226.000, 175
Trd, 000227.000, 177
Trd, 000227.083, 166
Trd, 000227.433, 178
Trd, 000229.933, 177
Trd, 000230.267, 174
Trd, 000231.283, 175
Trd, 000232.317, 175
Trd, 000232.433, 175
Trd, 000233.517, 190
Trd, 000234.200, 189
Trd, 000234.633, 178
Trd, 000235.867, 186
Trd, 000236.117, 179
Trd, 000236.567, 182
Trd, 000237.767, 181
Trd, 000238.150, 182
Trd, 000238.683, 181
Trd, 000239.067, 181
Trd, 000239.267, 180
Trd, 000239.300, 186
Trd, 000240.733, 181
Trd, 000240.767, 174
Trd, 000241.333, 179
Trd, 000242.283, 172
Trd, 000242.467, 170
Trd, 000242.733, 172
Trd, 000242.917, 173
Trd, 000243.617, 175
Trd, 000244.250, 175
Trd, 000244.283, 174
Trd, 000244.583, 172
Trd, 000244.983, 176
Trd, 000245.600, 172
Trd, 000245.900, 173
Trd, 000246.133, 177
Trd, 000246.300, 175
Trd, 000246.500, 172
Trd, 000246.617, 180
Trd, 000246.767, 185
Trd, 000248.000, 184
Trd, 000249.000, 183
Trd, 000249.133, 182
Trd, 000249.917, 181
Trd, 000250.200, 177
Trd, 000250.867, 179
Trd, 000251.250, 177
Trd, 000251.600, 177
Trd, 000252.667, 179
Trd, 000253.517, 181
Trd, 000253.733, 180
Trd, 000253.850, 187
Trd, 000254.267, 190
Trd, 000254.317, 193
Trd, 000254.700, 191
Trd, 000254.750, 183
Trd, 000255.950, 184
Trd, 000256.033, 180
Trd, 000256.467, 183
Trd, 000256.850, 182
Trd, 000257.700, 179
Trd, 000257.900, 179
Trd, 000258.717, 178
Trd, 000259.033, 177
Trd, 000259.950, 179
Trd, 000260.183, 174
Trd, 000260.250, 178
Trd, 000260.667, 178
Trd, 000260.767, 184
Trd, 000261.183, 178
Trd, 000261.950, 179
Trd, 000262.033, 177
Trd, 000262.050, 179
Trd, 000262.100, 177
Trd, 000263.567, 176
Trd, 000263.933, 173
Trd, 000264.517, 181
Trd, 000265.033, 187
Trd, 000265.167, 178
Trd, 000265.533, 179
Trd, 000265.583, 177
Trd, 000266.200, 181
Trd, 000266.317, 179
Trd, 000266.850, 180
Trd, 000267.067, 179
Trd, 000267.783, 181
Trd, 000269.367, 182
Trd, 000269.617, 181
Trd, 000270.400, 179
Trd, 000270.517, 183
Trd, 000270.783, 180
Trd, 000271.300, 179
Trd, 000271.683, 180
Trd, 000271.750, 178
Trd, 000272.050, 182
Trd, 000272.967, 171
Trd, 000273.183, 171
Trd, 000274.133, 168
Trd, 000274.467, 176
Trd, 000274.950, 181
Trd, 000275.117, 178
Trd, 000275.150, 168
Trd, 000276.333, 176
Trd, 000276.583, 175
Trd, 000276.700, 174
Trd, 000277.150, 162
Trd, 000277.700, 169
Trd, 000278.200, 164
Trd, 000279.233, 169
Trd, 000279.250, 183
Trd, 000279.917, 168
Trd, 000280.483, 164
Trd, 000280.967, 165
Trd, 000281.167, 170
Trd, 000281.683, 172
Trd, 000281.733, 170
Trd, 000282.367, 179
Trd, 000283.100, 182
Trd, 000283.233, 183
Trd, 000283.417, 179
Trd, 000283.550, 185
Trd, 000284.117, 178
Trd, 000284.850, 179
Trd, 000285.067, 176
Trd, 000285.283, 179
Trd, 000286.783, 182
Trd, 000286.867, 185
Trd, 000287.133, 190
Trd, 000287.183, 181
Trd, 000288.400, 178
Trd, 000288.450, 177
Trd, 000289.033, 177
Trd, 000289.350, 182
Trd, 000289.417, 177
Trd, 000289.933, 183
Trd, 000290.283, 177
Trd, 000290.567, 177
Trd, 000290.950, 176
Trd, 000291.400, 180
Trd, 000291.883, 184
Trd, 000292.050, 194
Trd, 000292.333, 176
Trd, 000292.817, 173
Trd, 000292.917, 163
Trd, 000293.617, 192
Trd, 000293.633, 194
Trd, 000294.617, 176
Trd, 000295.417, 172
Trd, 000295.567, 179
Trd, 000296.117, 177
Trd, 000296.250, 176
Trd, 000296.583, 176
Trd, 000297.083, 178
Trd, 000297.483, 177
Trd, 000298.233, 181
Trd, 000298.350, 190
Trd, 000298.683, 180
Trd, 000299.417, 182
