Trd, 000000.617, 144
Trd, 000003.033, 106
Trd, 000003.083, 121
Trd, 000003.533, 120
Trd, 000003.567, 115
Trd, 000006.417, 139
Trd, 000006.800, 143
Trd, 000006.867, 140
Trd, 000007.967, 141
Trd, 000008.000, 142
Trd, 000008.900, 146
Trd, 000009.317, 146
Trd, 000009.417, 145
Trd, 000010.533, 149
Trd, 000011.000, 149
Trd, 000011.133, 146
Trd, 000011.750, 144
Trd, 000011.817, 156
Trd, 000012.283, 148
Trd, 000013.183, 154
Trd, 000013.717, 149
Trd, 000014.067, 152
Trd, 000015.567, 148
Trd, 000016.200, 150
Trd, 000016.383, 148
Trd, 000016.650, 151
Trd, 000018.767, 148
Trd, 000018.800, 151
Trd, 000020.333, 149
Trd, 000020.350, 151
Trd, 000020.433, 148
Trd, 000020.633, 151
Trd, 000020.950, 152
Trd, 000022.900, 148
Trd, 000023.033, 147
Trd, 000024.450, 148
Trd, 000025.067, 147
Trd, 000026.400, 147
Trd, 000026.567, 148
Trd, 000026.650, 149
Trd, 000026.833, 153
Trd, 000027.000, 146
Trd, 000027.100, 146
Trd, 000029.017, 154
Trd, 000029.667, 151
Trd, 000029.750, 152
Trd, 000030.200, 156
Trd, 000030.250, 150
Trd, 000030.300, 157
Trd, 000031.750, 149
Trd, 000032.000, 151
Trd, 000033.167, 149
Trd, 000033.383, 148
Trd, 000033.583, 147
Trd, 000033.650, 148
Trd, 000034.550, 147
Trd, 000034.583, 134
Trd, 000034.667, 150
Trd, 000034.733, 154
Trd, 000035.100, 146
Trd, 000036.600, 147
Trd, 000037.050, 145
Trd, 000038.067, 145
Trd, 000039.117, 145
Trd, 000039.167, 146
Trd, 000039.517, 145
Trd, 000039.767, 145
Trd, 000040.367, 148
Trd, 000040.617, 144
Trd, 000041.317, 146
Trd, 000042.067, 147
Trd, 000043.950, 148
Trd, 000044.450, 147
Trd, 000044.800, 148
Trd, 000044.817, 150
Trd, 000045.450, 147
Trd, 000046.417, 150
Trd, 000046.517, 151
Trd, 000047.400, 151
Trd, 000048.050, 150
Trd, 000048.900, 152
Trd, 000049.250, 151
Trd, 000050.517, 150
Trd, 000051.133, 149
Trd, 000051.517, 152
Trd, 000051.750, 149
Trd, 000052.283, 152
Trd, 000052.867, 150
Trd, 000053.617, 155
Trd, 000054.450, 150
Trd, 000055.517, 159
Trd, 000056.367, 153
Trd, 000056.717, 155
Trd, 000057.133, 156
Trd, 000057.217, 156
Trd, 000057.483, 152
Trd, 000059.083, 152
Trd, 000059.583, 155
Trd, 000060.200, 152
Trd, 000060.450, 152
Trd, 000060.900, 156
Trd, 000061.983, 153
Trd, 000062.250, 154
Trd, 000062.417, 150
Trd, 000062.433, 149
Trd, 000062.700, 133
Trd, 000064.067, 137
Trd, 000064.467, 148
Trd, 000064.900, 149
Trd, 000065.483, 147
Trd, 000066.667, 154
Trd, 000067.283, 148
Trd, 000067.517, 147
Trd, 000067.983, 150
Trd, 000068.250, 148
Trd, 000068.383, 149
Trd, 000068.900, 148
Trd, 000069.367, 147
Trd, 000070.983, 152
Trd, 000071.150, 146
Trd, 000073.017, 149
Trd, 000073.150, 147
Trd, 000074.000, 148
Trd, 000074.300, 150
Trd, 000074.317, 147
Trd, 000076.283, 148
Trd, 000076.933, 146
Trd, 000077.050, 146
Trd, 000077.567, 148
Trd, 000077.683, 159
Trd, 000079.267, 155
Trd, 000079.717, 151
Trd, 000079.900, 156
Trd, 000080.100, 151
Trd, 000081.450, 152
Trd, 000081.767, 151
Trd, 000082.450, 153
Trd, 000082.717, 152
Trd, 000083.150, 158
Trd, 000084.417, 153
Trd, 000084.550, 153
Trd, 000084.750, 154
Trd, 000085.083, 152
Trd, 000085.167, 159
Trd, 000086.733, 155
Trd, 000087.017, 154
Trd, 000088.133, 155
Trd, 000089.133, 154
Trd, 000089.550, 155
Trd, 000090.450, 153
Trd, 000090.467, 151
Trd, 000090.567, 152
Trd, 000090.750, 156
Trd, 000091.683, 154
Trd, 000092.183, 153
Trd, 000092.433, 151
Trd, 000092.850, 151
Trd, 000093.800, 141
Trd, 000094.500, 141
Trd, 000095.033, 145
Trd, 000095.367, 147
Trd, 000095.433, 150
Trd, 000095.783, 159
Trd, 000098.233, 153
Trd, 000098.333, 153
Trd, 000099.233, 152
Trd, 000100.633, 153
Trd, 000100.667, 152
Trd, 000101.433, 151
Trd, 000101.450, 151
Trd, 000101.483, 150
Trd, 000102.767, 149
Trd, 000102.850, 148
Trd, 000103.300, 151
Trd, 000103.867, 160
Trd, 000104.400, 157
Trd, 000105.317, 156
Trd, 000105.633, 151
Trd, 000105.833, 157
Trd, 000106.150, 149
Trd, 000106.600, 161
Trd, 000106.683, 152
Trd, 000108.950, 153
Trd, 000109.250, 151
Trd, 000109.300, 151
Trd, 000109.417, 152
Trd, 000109.583, 149
Trd, 000110.300, 143
Trd, 000111.417, 152
Trd, 000111.500, 146
Trd, 000111.600, 155
Trd, 000112.567, 160
Trd, 000112.850, 153
Trd, 000113.067, 162
Trd, 000113.733, 166
Trd, 000113.833, 144
Trd, 000115.033, 149
Trd, 000115.467, 160
Trd, 000116.917, 153
Trd, 000117.767, 153
Trd, 000117.800, 154
Trd, 000118.250, 156
Trd, 000118.300, 152
Trd, 000119.667, 154
Trd, 000119.833, 154
Trd, 000120.100, 155
Trd, 000120.317, 152
Trd, 000120.817, 157
Trd, 000121.200, 170
Trd, 000121.383, 177
Trd, 000121.900, 177
Trd, 000122.667, 181
Trd, 000123.000, 202
Trd, 000123.733, 225
Trd, 000124.400, 306.0
Trd, 000124.567, 310.0
Trd, 000124.750, 317.0
Trd, 000125.483, 320.0
Trd, 000126.167, 306.0
Trd, 000126.267, 324.0
Trd, 000127.050, 337
Trd, 000127.250, 351.0
Trd, 000128.600, 344
Trd, 000129.700, 343
Trd, 000129.733, 339
Trd, 000130.300, 338
Trd, 000130.567, 334
Trd, 000130.617, 331.0
Trd, 000131.217, 327.0
Trd, 000131.700, 331
Trd, 000132.983, 331
Trd, 000133.267, 332
Trd, 000133.933, 333
Trd, 000133.983, 338
Trd, 000134.383, 331.0
Trd, 000135.250, 333
Trd, 000135.967, 329
Trd, 000135.983, 333
Trd, 000139.517, 333
Trd, 000139.783, 335
Trd, 000140.267, 334
Trd, 000140.567, 335
Trd, 000141.917, 335
Trd, 000142.250, 332
Trd, 000142.467, 337
Trd, 000142.483, 338
Trd, 000143.750, 334
Trd, 000143.817, 334
Trd, 000144.133, 341
Trd, 000145.083, 343
Trd, 000146.350, 338
Trd, 000146.467, 339
Trd, 000146.717, 337
Trd, 000147.550, 343
Trd, 000147.967, 346
Trd, 000148.467, 336
Trd, 000149.500, 342
Trd, 000149.933, 340
Trd, 000150.033, 339
Trd, 000150.867, 339
Trd, 000151.317, 342
Trd, 000151.917, 339
Trd, 000152.950, 333
Trd, 000153.117, 332.0
Trd, 000155.917, 339
Trd, 000156.100, 337
Trd, 000156.417, 340
Trd, 000157.267, 339
Trd, 000157.367, 340
Trd, 000158.050, 337
Trd, 000160.817, 338
Trd, 000161.833, 337
Trd, 000161.917, 335
Trd, 000162.367, 337
Trd, 000162.383, 338
Trd, 000163.750, 336
Trd, 000164.733, 337
Trd, 000164.783, 348
Trd, 000165.483, 345
Trd, 000166.050, 336
Trd, 000166.917, 336
Trd, 000167.617, 342
Trd, 000168.633, 340
Trd, 000168.917, 340
Trd, 000169.283, 339
Trd, 000169.350, 335
Trd, 000170.100, 341
Trd, 000170.217, 342
Trd, 000171.050, 336
Trd, 000171.217, 337
Trd, 000172.217, 338
Trd, 000172.417, 338
Trd, 000172.483, 339
Trd, 000172.583, 351.0
Trd, 000173.683, 335
Trd, 000175.517, 340
Trd, 000175.950, 341
Trd, 000176.117, 340
Trd, 000177.050, 338
Trd, 000177.217, 338
Trd, 000178.217, 337
Trd, 000178.483, 337
Trd, 000178.600, 338
Trd, 000178.633, 355
Trd, 000179.050, 342
Trd, 000180.050, 335
Trd, 000180.083, 358
Trd, 000181.450, 333.0
Trd, 000182.383, 345
Trd, 000182.417, 334
Trd, 000182.483, 331.0
Trd, 000182.983, 327.0
Trd, 000183.033, 324.0
Trd, 000184.183, 306.0
Trd, 000185.483, 240
Trd, 000185.783, 199
Trd, 000185.800, 194
Trd, 000186.000, 181
Trd, 000186.283, 180
Trd, 000186.767, 170
Trd, 000186.983, 186
Trd, 000188.767, 170
Trd, 000189.183, 162
Trd, 000189.617, 154
Trd, 000190.317, 160
Trd, 000190.383, 151
Trd, 000192.100, 154
Trd, 000192.233, 156
Trd, 000192.383, 154
Trd, 000192.883, 154
Trd, 000193.533, 157
Trd, 000193.967, 155
Trd, 000193.983, 158
Trd, 000195.067, 153
Trd, 000195.750, 160
Trd, 000196.067, 170
Trd, 000196.350, 161
Trd, 000197.933, 163
Trd, 000199.050, 165
Trd, 000199.633, 163
Trd, 000199.933, 162
Trd, 000201.067, 163
Trd, 000201.117, 161
Trd, 000201.450, 165
Trd, 000201.650, 166
Trd, 000203.867, 169
Trd, 000204.333, 170
Trd, 000204.467, 169
Trd, 000204.833, 170
Trd, 000204.850, 166
Trd, 000204.950, 171
Trd, 000205.283, 167
Trd, 000205.783, 163
Trd, 000207.050, 165
Trd, 000207.383, 165
Trd, 000208.067, 153
Trd, 000208.233, 168
Trd, 000208.833, 163
Trd, 000209.617, 174
Trd, 000210.583, 166
Trd, 000210.667, 152
Trd, 000211.400, 151
Trd, 000211.950, 160
Trd, 000212.950, 159
Trd, 000213.200, 160
Trd, 000213.483, 166
Trd, 000214.333, 148
Trd, 000214.933, 163
Trd, 000215.450, 174
Trd, 000217.150, 176
Trd, 000217.850, 177
Trd, 000218.200, 178
Trd, 000218.567, 179
Trd, 000218.783, 179
Trd, 000219.983, 172
Trd, 000220.283, 177
Trd, 000220.367, 171
Trd, 000221.617, 174
Trd, 000222.067, 175
Trd, 000222.100, 172
Trd, 000222.450, 174
Trd, 000223.350, 170
Trd, 000223.917, 174
Trd, 000224.200, 172
Trd, 000224.300, 169
Trd, 000225.667, 170
Trd, 000227.167, 169
Trd, 000227.600, 169
Trd, 000228.283, 168
Trd, 000228.500, 167
Trd, 000228.967, 166
Trd, 000229.233, 168
Trd, 000229.917, 157
Trd, 000231.000, 166
Trd, 000231.717, 164
Trd, 000232.650, 164
Trd, 000232.883, 163
Trd, 000233.050, 176
Trd, 000233.450, 177
Trd, 000233.983, 159
Trd, 000234.383, 161
Trd, 000235.300, 170
Trd, 000235.500, 171
Trd, 000235.633, 163
Trd, 000236.400, 163
Trd, 000237.617, 170
Trd, 000237.950, 172
Trd, 000239.367, 164
Trd, 000240.583, 173
Trd, 000240.950, 170
Trd, 000241.250, 171
Trd, 000241.300, 174
Trd, 000241.483, 169
Trd, 000242.350, 176
Trd, 000242.633, 175
Trd, 000243.133, 173
Trd, 000243.667, 173
Trd, 000243.950, 174
Trd, 000244.100, 173
Trd, 000244.417, 173
Trd, 000245.067, 179
Trd, 000245.817, 179
Trd, 000245.967, 177
Trd, 000246.017, 180
Trd, 000246.250, 187
Trd, 000246.767, 171
Trd, 000247.400, 185
Trd, 000247.600, 183
Trd, 000248.133, 182
Trd, 000248.950, 178
Trd, 000248.983, 179
Trd, 000249.417, 178
Trd, 000249.483, 158
Trd, 000249.817, 179
Trd, 000250.100, 151
Trd, 000250.917, 171
Trd, 000251.183, 178
Trd, 000252.033, 168
Trd, 000252.250, 170
Trd, 000253.467, 167
Trd, 000253.967, 180
Trd, 000254.583, 183
Trd, 000254.850, 173
Trd, 000255.133, 178
Trd, 000256.450, 175
Trd, 000256.600, 176
Trd, 000256.783, 177
Trd, 000256.817, 172
Trd, 000257.717, 176
Trd, 000258.033, 178
Trd, 000258.067, 179
Trd, 000258.767, 174
Trd, 000258.967, 178
Trd, 000259.183, 182
Trd, 000259.400, 182
Trd, 000259.583, 181
Trd, 000260.067, 181
Trd, 000260.700, 182
Trd, 000261.367, 183
Trd, 000261.400, 177
Trd, 000261.717, 184
Trd, 000261.750, 176
Trd, 000262.717, 177
Trd, 000262.917, 174
Trd, 000263.250, 177
Trd, 000263.800, 177
Trd, 000264.150, 176
Trd, 000264.183, 173
Trd, 000264.600, 177
Trd, 000265.083, 173
Trd, 000265.417, 172
Trd, 000266.400, 171
Trd, 000266.717, 171
Trd, 000267.567, 170
Trd, 000267.683, 169
Trd, 000268.067, 169
Trd, 000268.233, 168
Trd, 000268.950, 171
Trd, 000269.533, 168
Trd, 000270.167, 174
Trd, 000270.233, 176
Trd, 000270.267, 178
Trd, 000270.300, 182
Trd, 000270.833, 184
Trd, 000270.967, 185
Trd, 000270.983, 183
Trd, 000272.233, 185
Trd, 000272.350, 183
Trd, 000272.383, 184
Trd, 000272.400, 188
Trd, 000273.400, 189
Trd, 000274.317, 187
Trd, 000275.000, 185
Trd, 000275.283, 182
Trd, 000275.550, 181
Trd, 000275.817, 185
Trd, 000276.133, 182
Trd, 000276.850, 184
Trd, 000277.650, 185
Trd, 000278.517, 180
Trd, 000278.683, 182
Trd, 000279.550, 184
Trd, 000279.617, 183
Trd, 000280.283, 176
Trd, 000280.633, 175
Trd, 000280.683, 177
Trd, 000281.550, 177
Trd, 000281.733, 184
Trd, 000281.850, 186
Trd, 000282.217, 180
Trd, 000282.317, 185
Trd, 000282.383, 178
Trd, 000282.750, 190
Trd, 000282.983, 190
Trd, 000283.367, 186
Trd, 000284.417, 184
Trd, 000284.500, 183
Trd, 000284.750, 187
Trd, 000285.500, 176
Trd, 000285.650, 176
Trd, 000286.200, 171
Trd, 000286.417, 169
Trd, 000286.733, 180
Trd, 000287.017, 179
Trd, 000287.267, 183
Trd, 000287.683, 194
Trd, 000287.817, 159
Trd, 000287.900, 152
Trd, 000289.183, 190
Trd, 000289.817, 188
Trd, 000290.367, 186
Trd, 000290.450, 176
Trd, 000290.750, 184
Trd, 000291.100, 183
Trd, 000291.683, 181
Trd, 000292.017, 183
Trd, 000292.550, 180
Trd, 000292.667, 181
Trd, 000293.367, 184
Trd, 000293.500, 185
Trd, 000293.667, 185
Trd, 000294.033, 178
Trd, 000294.050, 177
Trd, 000294.767, 184
Trd, 000294.933, 176
Trd, 000295.100, 186
Trd, 000295.433, 187
Trd, 000296.017, 172
Trd, 000297.533, 175
Trd, 000297.983, 182
Trd, 000298.167, 183
Trd, 000298.433, 185
Trd, 000298.983, 185
Trd, 000299.150, 188
Trd, 000299.250, 187
Trd, 000299.650, 184
Trd, 000299.783, 181
