Trd, 000000.717, 193
Trd, 000002.167, 196
Trd, 000002.200, 151
Trd, 000003.800, 171
Trd, 000004.100, 171
Trd, 000004.150, 169
Trd, 000004.900, 162
Trd, 000005.133, 162
Trd, 000005.650, 155
Trd, 000007.300, 162
Trd, 000008.633, 156
Trd, 000008.850, 153
Trd, 000010.017, 153
Trd, 000010.067, 154
Trd, 000010.417, 152
Trd, 000011.483, 151
Trd, 000011.950, 152
Trd, 000013.167, 153
Trd, 000013.350, 152
Trd, 000013.450, 151
Trd, 000014.183, 154
Trd, 000014.467, 144
Trd, 000015.150, 153
Trd, 000016.417, 145
Trd, 000016.583, 144
Trd, 000016.900, 152
Trd, 000017.217, 153
Trd, 000017.900, 167
Trd, 000019.033, 151
Trd, 000019.300, 156
Trd, 000020.150, 155
Trd, 000020.650, 153
Trd, 000021.333, 155
Trd, 000022.517, 154
Trd, 000022.700, 153
Trd, 000023.200, 153
Trd, 000023.283, 152
Trd, 000023.617, 154
Trd, 000024.617, 151
Trd, 000024.817, 153
Trd, 000024.967, 152
Trd, 000025.433, 142
Trd, 000026.300, 153
Trd, 000026.867, 154
Trd, 000027.300, 154
Trd, 000028.333, 156
Trd, 000028.717, 157
Trd, 000028.733, 170
Trd, 000029.183, 148
Trd, 000029.450, 157
Trd, 000030.767, 155
Trd, 000031.500, 154
Trd, 000031.717, 154
Trd, 000032.533, 143
Trd, 000032.717, 146
Trd, 000033.017, 137
Trd, 000033.667, 146
Trd, 000033.733, 143
Trd, 000034.733, 154
Trd, 000035.233, 156
Trd, 000035.483, 144
Trd, 000035.717, 154
Trd, 000037.083, 155
Trd, 000039.133, 155
Trd, 000039.300, 153
Trd, 000039.617, 154
Trd, 000040.250, 154
Trd, 000041.717, 153
Trd, 000041.817, 155
Trd, 000041.867, 152
Trd, 000042.083, 151
Trd, 000042.117, 144
Trd, 000043.300, 155
Trd, 000043.483, 150
Trd, 000043.500, 148
Trd, 000044.733, 148
Trd, 000045.317, 153
Trd, 000045.333, 153
Trd, 000046.900, 149
Trd, 000047.767, 152
Trd, 000047.933, 153
Trd, 000048.800, 149
Trd, 000049.150, 154
Trd, 000049.200, 148
Trd, 000049.250, 154
Trd, 000049.417, 155
Trd, 000050.250, 147
Trd, 000050.683, 156
Trd, 000051.167, 147
Trd, 000051.200, 172
Trd, 000052.600, 156
Trd, 000054.317, 156
Trd, 000054.900, 152
Trd, 000055.533, 151
Trd, 000056.200, 148
Trd, 000057.083, 142
Trd, 000057.400, 143
Trd, 000058.133, 148
Trd, 000058.233, 151
Trd, 000059.467, 149
Trd, 000059.767, 156
Trd, 000060.517, 152
Trd, 000060.533, 174
Trd, 000060.817, 157
Trd, 000060.883, 152
Trd, 000061.783, 181
Trd, 000061.833, 146
Trd, 000063.017, 155
Trd, 000063.917, 148
Trd, 000064.750, 155
Trd, 000065.217, 155
Trd, 000066.333, 155
Trd, 000066.533, 152
Trd, 000066.900, 151
Trd, 000067.167, 151
Trd, 000067.967, 155
Trd, 000068.300, 148
Trd, 000068.767, 155
Trd, 000070.000, 155
Trd, 000070.183, 149
Trd, 000070.483, 155
Trd, 000070.883, 147
Trd, 000073.117, 155
Trd, 000073.133, 158
Trd, 000073.467, 151
Trd, 000074.083, 151
Trd, 000074.350, 149
Trd, 000074.733, 149
Trd, 000075.000, 156
Trd, 000075.750, 148
Trd, 000076.000, 155
Trd, 000076.083, 156
Trd, 000076.583, 162
Trd, 000078.000, 150
Trd, 000079.217, 151
Trd, 000079.683, 151
Trd, 000080.100, 157
Trd, 000080.150, 158
Trd, 000081.333, 158
Trd, 000081.367, 152
Trd, 000081.567, 159
Trd, 000081.900, 159
Trd, 000082.383, 160
Trd, 000082.683, 142
Trd, 000083.000, 147
Trd, 000083.283, 159
Trd, 000083.483, 147
Trd, 000086.233, 151
Trd, 000086.533, 150
Trd, 000086.950, 158
Trd, 000087.283, 150
Trd, 000087.783, 158
Trd, 000088.667, 143
Trd, 000089.150, 152
Trd, 000089.383, 156
Trd, 000090.183, 147
Trd, 000090.633, 153
Trd, 000091.100, 149
Trd, 000092.067, 148
Trd, 000092.833, 148
Trd, 000094.683, 151
Trd, 000094.867, 153
Trd, 000095.050, 160
Trd, 000095.333, 148
Trd, 000095.583, 155
Trd, 000096.400, 155
Trd, 000096.500, 152
Trd, 000096.517, 151
Trd, 000096.933, 149
Trd, 000097.850, 156
Trd, 000100.750, 156
Trd, 000101.467, 155
Trd, 000101.633, 155
Trd, 000102.067, 156
Trd, 000102.333, 152
Trd, 000102.450, 156
Trd, 000102.967, 156
Trd, 000103.033, 161
Trd, 000103.583, 164
Trd, 000104.267, 156
Trd, 000104.500, 159
Trd, 000105.550, 157
Trd, 000106.533, 157
Trd, 000106.833, 159
Trd, 000107.450, 155
Trd, 000109.117, 156
Trd, 000110.283, 160
Trd, 000110.567, 158
Trd, 000110.750, 161
Trd, 000111.283, 157
Trd, 000111.533, 161
Trd, 000112.083, 158
Trd, 000112.600, 155
Trd, 000112.817, 161
Trd, 000112.983, 153
Trd, 000113.000, 162
Trd, 000113.517, 162
Trd, 000114.567, 151
Trd, 000114.917, 161
Trd, 000114.983, 161
Trd, 000115.917, 162
Trd, 000116.933, 158
Trd, 000118.000, 155
Trd, 000118.150, 166
Trd, 000118.317, 156
Trd, 000120.683, 161
Trd, 000121.150, 162
Trd, 000121.200, 163
Trd, 000121.383, 157
Trd, 000122.100, 162
Trd, 000123.117, 165
Trd, 000123.417, 189
Trd, 000123.467, 194
Trd, 000123.733, 212
Trd, 000123.883, 188
Trd, 000124.067, 337
Trd, 000124.900, 337.0
Trd, 000126.050, 353.0
Trd, 000126.367, 340
Trd, 000127.217, 339
Trd, 000127.283, 338
Trd, 000127.300, 367.0
Trd, 000127.650, 329
Trd, 000127.717, 340
Trd, 000128.517, 354
Trd, 000128.817, 345
Trd, 000129.267, 351.0
Trd, 000129.517, 344
Trd, 000130.350, 351
Trd, 000130.783, 351.0
Trd, 000130.983, 368.0
Trd, 000131.317, 381
Trd, 000131.767, 340
Trd, 000132.933, 340
Trd, 000133.683, 342
Trd, 000134.067, 348
Trd, 000135.017, 337.0
Trd, 000136.433, 349
Trd, 000136.783, 345
Trd, 000136.933, 350
Trd, 000137.017, 340
Trd, 000137.267, 335.0
Trd, 000137.500, 349
Trd, 000137.800, 334.0
Trd, 000138.583, 329
Trd, 000139.300, 339
Trd, 000139.950, 338
Trd, 000141.933, 340
Trd, 000142.433, 341
Trd, 000143.083, 338
Trd, 000144.150, 341
Trd, 000144.383, 338
Trd, 000144.400, 337
Trd, 000145.283, 342
Trd, 000146.667, 338
Trd, 000147.050, 341
Trd, 000147.283, 351.0
Trd, 000147.383, 340
Trd, 000147.883, 344
Trd, 000147.967, 355.0
Trd, 000148.517, 342
Trd, 000150.583, 345
Trd, 000152.683, 344
Trd, 000153.250, 340
Trd, 000153.333, 339
Trd, 000153.700, 344
Trd, 000154.233, 337.0
Trd, 000154.317, 344
Trd, 000155.033, 334.0
Trd, 000155.050, 347
Trd, 000155.133, 348
Trd, 000155.300, 337
Trd, 000157.033, 341
Trd, 000158.217, 343
Trd, 000159.000, 341
Trd, 000159.350, 345
Trd, 000159.400, 346
Trd, 000160.317, 342
Trd, 000160.700, 345
Trd, 000160.967, 346
Trd, 000162.500, 346
Trd, 000163.250, 343
Trd, 000163.583, 347
Trd, 000164.417, 355
Trd, 000164.983, 345
Trd, 000165.100, 344
Trd, 000165.267, 351.0
Trd, 000165.783, 338
Trd, 000165.933, 338
Trd, 000167.150, 338
Trd, 000167.917, 338
Trd, 000167.967, 346
Trd, 000168.767, 334.0
Trd, 000168.900, 346
Trd, 000169.450, 332
Trd, 000170.033, 334.0
Trd, 000170.300, 337.0
Trd, 000170.583, 339
Trd, 000171.767, 342
Trd, 000172.233, 334.0
Trd, 000172.350, 341
Trd, 000172.717, 337
Trd, 000172.800, 344
Trd, 000173.133, 345
Trd, 000174.450, 338
Trd, 000175.017, 347
Trd, 000176.183, 344
Trd, 000176.550, 350.0
Trd, 000177.117, 338
Trd, 000177.267, 335
Trd, 000177.700, 345
Trd, 000178.550, 335
Trd, 000179.283, 334.0
Trd, 000179.617, 334
Trd, 000179.833, 343
Trd, 000180.133, 345
Trd, 000181.350, 334.0
Trd, 000181.617, 333
Trd, 000181.983, 334
Trd, 000182.217, 333
Trd, 000182.333, 329
Trd, 000182.533, 327.0
Trd, 000183.400, 309
Trd, 000183.500, 303
Trd, 000183.967, 306
Trd, 000184.667, 214
Trd, 000184.850, 180
Trd, 000185.667, 211
Trd, 000185.717, 200
Trd, 000185.733, 199
Trd, 000186.750, 197
Trd, 000187.550, 190
Trd, 000188.133, 193
Trd, 000188.150, 189
Trd, 000188.483, 181
Trd, 000188.600, 197
Trd, 000190.283, 182
Trd, 000190.600, 187
Trd, 000190.667, 169
Trd, 000190.883, 199
Trd, 000192.200, 175
Trd, 000192.367, 170
Trd, 000193.050, 188
Trd, 000193.317, 158
Trd, 000194.083, 162
Trd, 000194.700, 180
Trd, 000195.567, 158
Trd, 000195.617, 177
Trd, 000196.800, 168
Trd, 000197.033, 169
Trd, 000197.550, 160
Trd, 000197.817, 171
Trd, 000199.083, 164
Trd, 000199.900, 163
Trd, 000199.933, 171
Trd, 000200.633, 171
Trd, 000200.733, 170
Trd, 000201.083, 163
Trd, 000201.150, 171
Trd, 000201.583, 172
Trd, 000201.933, 164
Trd, 000202.867, 173
Trd, 000204.467, 168
Trd, 000204.733, 161
Trd, 000204.833, 171
Trd, 000205.483, 160
Trd, 000206.383, 161
Trd, 000206.450, 160
Trd, 000207.133, 160
Trd, 000207.900, 168
Trd, 000209.083, 169
Trd, 000209.383, 160
Trd, 000209.467, 159
Trd, 000209.617, 169
Trd, 000209.850, 171
Trd, 000209.883, 172
Trd, 000211.550, 164
Trd, 000211.717, 171
Trd, 000212.833, 177
Trd, 000213.333, 186
Trd, 000213.800, 191
Trd, 000213.950, 199
Trd, 000214.200, 190
Trd, 000214.250, 186
Trd, 000214.633, 183
Trd, 000215.233, 183
Trd, 000215.633, 161
Trd, 000216.267, 171
Trd, 000216.700, 173
Trd, 000217.433, 178
Trd, 000217.833, 158
Trd, 000218.250, 159
Trd, 000218.450, 180
Trd, 000219.483, 167
Trd, 000220.550, 164
Trd, 000221.633, 174
Trd, 000221.683, 175
Trd, 000223.100, 174
Trd, 000223.333, 173
Trd, 000223.433, 171
Trd, 000224.100, 173
Trd, 000225.150, 173
Trd, 000226.083, 172
Trd, 000226.233, 171
Trd, 000226.733, 168
Trd, 000227.717, 167
Trd, 000228.317, 169
Trd, 000228.550, 173
Trd, 000229.217, 169
Trd, 000230.583, 173
Trd, 000230.650, 171
Trd, 000231.683, 174
Trd, 000231.767, 170
Trd, 000233.767, 170
Trd, 000233.933, 171
Trd, 000234.283, 168
Trd, 000235.117, 167
Trd, 000235.617, 170
Trd, 000235.633, 166
Trd, 000236.167, 157
Trd, 000236.817, 171
Trd, 000238.600, 172
Trd, 000239.017, 169
Trd, 000239.117, 172
Trd, 000239.150, 172
Trd, 000239.267, 165
Trd, 000240.333, 170
Trd, 000240.400, 168
Trd, 000240.767, 170
Trd, 000241.733, 178
Trd, 000241.800, 179
Trd, 000242.483, 176
Trd, 000242.617, 175
Trd, 000242.683, 175
Trd, 000243.367, 172
Trd, 000244.100, 174
Trd, 000244.400, 175
Trd, 000244.667, 172
Trd, 000245.167, 173
Trd, 000245.467, 171
Trd, 000245.617, 173
Trd, 000245.683, 165
Trd, 000245.767, 164
Trd, 000245.783, 177
Trd, 000245.800, 182
Trd, 000247.483, 174
Trd, 000247.733, 172
Trd, 000248.050, 170
Trd, 000248.250, 186
Trd, 000249.733, 176
Trd, 000249.950, 179
Trd, 000250.267, 181
Trd, 000250.700, 175
Trd, 000251.600, 177
Trd, 000252.217, 177
Trd, 000252.367, 178
Trd, 000252.933, 180
Trd, 000252.983, 177
Trd, 000253.817, 176
Trd, 000254.017, 175
Trd, 000254.433, 175
Trd, 000254.783, 176
Trd, 000255.500, 174
Trd, 000255.733, 176
Trd, 000255.883, 173
Trd, 000256.150, 173
Trd, 000256.617, 168
Trd, 000256.950, 162
Trd, 000257.100, 169
Trd, 000257.267, 170
Trd, 000257.667, 169
Trd, 000257.783, 165
Trd, 000258.300, 170
Trd, 000258.317, 163
Trd, 000258.867, 175
Trd, 000258.983, 177
Trd, 000259.033, 181
Trd, 000259.617, 175
Trd, 000260.300, 175
Trd, 000261.333, 176
Trd, 000261.550, 173
Trd, 000262.600, 176
Trd, 000263.467, 176
Trd, 000263.683, 177
Trd, 000264.400, 175
Trd, 000265.100, 174
Trd, 000265.300, 177
Trd, 000266.333, 173
Trd, 000266.433, 177
Trd, 000266.867, 172
Trd, 000267.067, 177
Trd, 000267.683, 178
Trd, 000268.033, 182
Trd, 000268.233, 177
Trd, 000268.417, 178
Trd, 000269.217, 175
Trd, 000269.783, 173
Trd, 000270.100, 172
Trd, 000270.117, 179
Trd, 000270.383, 178
Trd, 000270.950, 178
Trd, 000271.117, 174
Trd, 000272.067, 175
Trd, 000272.383, 174
Trd, 000272.433, 180
Trd, 000272.833, 177
Trd, 000273.317, 178
Trd, 000273.583, 175
Trd, 000274.333, 173
Trd, 000274.900, 172
Trd, 000276.250, 174
Trd, 000277.217, 175
Trd, 000277.433, 176
Trd, 000277.867, 174
Trd, 000278.167, 178
Trd, 000278.550, 174
Trd, 000279.367, 174
Trd, 000279.900, 184
Trd, 000280.150, 182
Trd, 000280.383, 182
Trd, 000280.950, 174
Trd, 000281.583, 180
Trd, 000281.700, 180
Trd, 000281.833, 179
Trd, 000282.367, 178
Trd, 000282.550, 176
Trd, 000282.633, 182
Trd, 000283.067, 193
Trd, 000283.150, 178
Trd, 000283.183, 173
Trd, 000283.750, 179
Trd, 000283.767, 177
Trd, 000283.867, 187
Trd, 000284.233, 176
Trd, 000285.367, 182
Trd, 000285.600, 179
Trd, 000286.100, 178
Trd, 000286.717, 178
Trd, 000286.767, 179
Trd, 000287.217, 180
Trd, 000288.783, 180
Trd, 000288.800, 179
Trd, 000288.917, 180
Trd, 000290.450, 180
Trd, 000290.617, 177
Trd, 000290.767, 180
Trd, 000291.333, 175
Trd, 000291.600, 180
Trd, 000291.667, 180
Trd, 000291.683, 182
Trd, 000292.117, 166
Trd, 000292.250, 163
Trd, 000292.467, 160
Trd, 000292.983, 163
Trd, 000294.017, 164
Trd, 000294.500, 163
Trd, 000294.550, 166
Trd, 000295.417, 169
Trd, 000295.717, 171
Trd, 000296.100, 163
Trd, 000296.133, 177
Trd, 000296.317, 167
Trd, 000296.433, 166
Trd, 000296.633, 172
Trd, 000298.450, 170
Trd, 000298.767, 169
Trd, 000299.167, 180
Trd, 000299.183, 185
Trd, 000299.217, 167
Trd, 000299.900, 187
