Trd, 000002.867, 140
Trd, 000003.550, 150
Trd, 000004.333, 141
Trd, 000004.450, 139
Trd, 000004.900, 144
Trd, 000005.150, 143
Trd, 000005.317, 144
Trd, 000005.350, 139
Trd, 000005.733, 139
Trd, 000006.867, 136
Trd, 000006.983, 144
Trd, 000007.033, 131
Trd, 000007.900, 138
Trd, 000008.783, 140
Trd, 000008.950, 142
Trd, 000009.050, 142
Trd, 000009.817, 139
Trd, 000009.950, 140
Trd, 000009.967, 145
Trd, 000010.383, 139
Trd, 000011.583, 138
Trd, 000013.817, 142
Trd, 000013.917, 139
Trd, 000014.000, 144
Trd, 000014.783, 144
Trd, 000014.817, 141
Trd, 000015.167, 145
Trd, 000015.200, 145
Trd, 000015.350, 155
Trd, 000015.900, 145
Trd, 000016.333, 148
Trd, 000016.500, 143
Trd, 000017.350, 141
Trd, 000017.417, 141
Trd, 000017.550, 143
Trd, 000017.717, 146
Trd, 000018.283, 147
Trd, 000019.567, 152
Trd, 000019.900, 145
Trd, 000020.533, 151
Trd, 000021.483, 146
Trd, 000021.500, 152
Trd, 000021.650, 152
Trd, 000022.700, 146
Trd, 000023.300, 145
Trd, 000024.000, 144
Trd, 000024.300, 145
Trd, 000024.650, 148
Trd, 000025.317, 144
Trd, 000025.567, 146
Trd, 000026.483, 147
Trd, 000026.533, 142
Trd, 000027.100, 152
Trd, 000027.433, 150
Trd, 000027.550, 152
Trd, 000027.717, 143
Trd, 000028.400, 142
Trd, 000028.650, 142
Trd, 000029.567, 142
Trd, 000029.650, 142
Trd, 000030.317, 140
Trd, 000030.450, 136
Trd, 000030.483, 134
Trd, 000030.517, 154
Trd, 000030.733, 154
Trd, 000032.317, 144
Trd, 000032.983, 148
Trd, 000033.950, 146
Trd, 000034.183, 145
Trd, 000034.383, 147
Trd, 000034.517, 147
Trd, 000034.550, 149
Trd, 000034.783, 144
Trd, 000036.550, 159
Trd, 000036.683, 171
Trd, 000037.400, 169
Trd, 000037.650, 150
Trd, 000037.750, 146
Trd, 000038.667, 148
Trd, 000039.667, 149
Trd, 000039.733, 149
Trd, 000039.817, 151
Trd, 000039.950, 151
Trd, 000040.017, 146
Trd, 000040.433, 145
Trd, 000041.850, 159
Trd, 000042.067, 177
Trd, 000042.550, 144
Trd, 000043.233, 158
Trd, 000043.433, 153
Trd, 000044.833, 156
Trd, 000045.067, 160
Trd, 000045.383, 160
Trd, 000045.550, 157
Trd, 000046.133, 160
Trd, 000046.833, 161
Trd, 000046.967, 144
Trd, 000047.417, 158
Trd, 000047.483, 147
Trd, 000048.300, 159
Trd, 000048.617, 144
Trd, 000049.233, 133
Trd, 000049.283, 139
Trd, 000049.800, 141
Trd, 000050.117, 143
Trd, 000050.417, 156
Trd, 000050.583, 156
Trd, 000050.700, 143
Trd, 000051.000, 155
Trd, 000051.867, 157
Trd, 000052.150, 160
Trd, 000052.633, 173
Trd, 000053.467, 152
Trd, 000053.817, 152
Trd, 000053.950, 160
Trd, 000054.383, 151
Trd, 000054.500, 140
Trd, 000054.517, 159
Trd, 000054.950, 160
Trd, 000055.433, 159
Trd, 000055.717, 157
Trd, 000055.767, 156
Trd, 000056.117, 161
Trd, 000057.217, 166
Trd, 000057.567, 156
Trd, 000057.650, 145
Trd, 000058.150, 148
Trd, 000058.883, 158
Trd, 000059.200, 163
Trd, 000059.383, 156
Trd, 000059.717, 188
Trd, 000059.933, 158
Trd, 000059.950, 157
Trd, 000060.483, 170
Trd, 000061.483, 169
Trd, 000062.750, 165
Trd, 000063.000, 165
Trd, 000064.100, 160
Trd, 000064.283, 159
Trd, 000064.300, 157
Trd, 000065.017, 155
Trd, 000065.150, 153
Trd, 000065.467, 162
Trd, 000065.983, 164
Trd, 000066.867, 152
Trd, 000066.917, 171
Trd, 000068.633, 163
Trd, 000069.333, 160
Trd, 000069.717, 159
Trd, 000069.800, 162
Trd, 000069.917, 158
Trd, 000069.983, 150
Trd, 000070.450, 134
Trd, 000071.083, 150
Trd, 000071.500, 152
Trd, 000072.383, 151
Trd, 000072.950, 152
Trd, 000072.983, 153
Trd, 000073.017, 154
Trd, 000073.317, 150
Trd, 000073.817, 150
Trd, 000074.117, 149
Trd, 000074.217, 151
Trd, 000074.517, 147
Trd, 000074.833, 147
Trd, 000075.250, 152
Trd, 000075.867, 139
Trd, 000076.600, 158
Trd, 000077.200, 152
Trd, 000077.233, 161
Trd, 000077.917, 148
Trd, 000078.283, 160
Trd, 000078.350, 159
Trd, 000079.267, 160
Trd, 000079.367, 162
Trd, 000080.067, 169
Trd, 000080.250, 164
Trd, 000081.583, 164
Trd, 000082.083, 163
Trd, 000082.333, 162
Trd, 000082.617, 180
Trd, 000082.717, 159
Trd, 000083.033, 154
Trd, 000083.367, 170
Trd, 000084.117, 151
Trd, 000085.433, 142
Trd, 000085.883, 147
Trd, 000086.067, 149
Trd, 000086.983, 150
Trd, 000087.017, 159
Trd, 000087.117, 146
Trd, 000087.550, 156
Trd, 000087.767, 164
Trd, 000088.133, 145
Trd, 000088.600, 179
Trd, 000088.800, 164
Trd, 000089.083, 163
Trd, 000090.217, 149
Trd, 000090.567, 146
Trd, 000091.200, 160
Trd, 000091.267, 146
Trd, 000091.483, 160
Trd, 000091.600, 161
Trd, 000092.550, 161
Trd, 000093.117, 160
Trd, 000093.633, 155
Trd, 000094.317, 155
Trd, 000094.517, 159
Trd, 000094.567, 154
Trd, 000094.700, 153
Trd, 000095.683, 157
Trd, 000095.950, 158
Trd, 000096.100, 151
Trd, 000096.500, 160
Trd, 000097.467, 160
Trd, 000098.100, 161
Trd, 000098.500, 161
Trd, 000098.650, 160
Trd, 000098.900, 153
Trd, 000099.717, 160
Trd, 000100.017, 155
Trd, 000100.033, 159
Trd, 000100.383, 158
Trd, 000100.417, 157
Trd, 000100.483, 155
Trd, 000100.867, 150
Trd, 000102.117, 154
Trd, 000102.467, 149
Trd, 000102.667, 155
Trd, 000102.750, 156
Trd, 000104.200, 162
Trd, 000104.283, 163
Trd, 000104.583, 154
Trd, 000104.717, 165
Trd, 000104.983, 151
Trd, 000105.550, 142
Trd, 000105.950, 162
Trd, 000106.133, 145
Trd, 000107.033, 155
Trd, 000107.633, 154
Trd, 000108.183, 163
Trd, 000108.483, 162
Trd, 000109.150, 153
Trd, 000109.600, 159
Trd, 000111.233, 157
Trd, 000111.450, 158
Trd, 000111.667, 159
Trd, 000111.767, 156
Trd, 000112.083, 162
Trd, 000112.117, 165
Trd, 000112.233, 166
Trd, 000112.317, 154
Trd, 000113.133, 174
Trd, 000114.483, 167
Trd, 000114.550, 171
Trd, 000114.883, 182
Trd, 000115.333, 153
Trd, 000115.350, 151
Trd, 000116.000, 147
Trd, 000116.533, 149
Trd, 000116.967, 157
Trd, 000117.817, 153
Trd, 000118.283, 153
Trd, 000118.550, 152
Trd, 000119.017, 154
Trd, 000119.217, 155
Trd, 000119.250, 155
Trd, 000120.983, 155
Trd, 000121.067, 156
Trd, 000121.517, 151
Trd, 000121.533, 156
Trd, 000121.567, 163
Trd, 000121.617, 167
Trd, 000122.100, 183
Trd, 000122.150, 194
Trd, 000122.400, 206
Trd, 000122.450, 212
Trd, 000122.850, 241
Trd, 000122.967, 320.0
Trd, 000123.517, 304
Trd, 000123.683, 318
Trd, 000124.467, 321
Trd, 000124.900, 337.0
Trd, 000126.167, 329
Trd, 000126.217, 332
Trd, 000126.483, 333
Trd, 000128.167, 333.0
Trd, 000128.500, 333
Trd, 000130.383, 332.0
Trd, 000130.650, 333
Trd, 000131.000, 334.0
Trd, 000131.800, 337.0
Trd, 000131.933, 338
Trd, 000133.767, 336
Trd, 000134.517, 336
Trd, 000134.950, 335
Trd, 000135.217, 334
Trd, 000135.650, 337.0
Trd, 000136.500, 335
Trd, 000136.533, 337
Trd, 000137.017, 335
Trd, 000137.283, 341
Trd, 000138.750, 341.0
Trd, 000139.183, 361
Trd, 000139.400, 361
Trd, 000139.600, 351.0
Trd, 000139.883, 337.0
Trd, 000140.483, 344.0
Trd, 000140.567, 342
Trd, 000141.350, 330.0
Trd, 000141.733, 337
Trd, 000141.833, 332
Trd, 000142.717, 330
Trd, 000143.200, 331
Trd, 000143.783, 332
Trd, 000143.883, 334.0
Trd, 000144.383, 337.0
Trd, 000145.983, 331.0
Trd, 000146.067, 341.0
Trd, 000146.617, 333
Trd, 000146.900, 336
Trd, 000147.083, 331.0
Trd, 000147.633, 334.0
Trd, 000149.817, 338
Trd, 000150.300, 341.0
Trd, 000151.467, 345
Trd, 000151.933, 350
Trd, 000151.950, 343
Trd, 000152.150, 344.0
Trd, 000152.367, 343
Trd, 000152.933, 343
Trd, 000153.000, 345
Trd, 000153.117, 340
Trd, 000153.517, 339
Trd, 000153.700, 351.0
Trd, 000153.767, 352
Trd, 000154.367, 355.0
Trd, 000154.783, 337
Trd, 000155.733, 338
Trd, 000155.833, 335
Trd, 000157.583, 341.0
Trd, 000157.717, 338
Trd, 000158.100, 337
Trd, 000158.400, 338
Trd, 000158.433, 339
Trd, 000158.617, 344.0
Trd, 000159.000, 333.0
Trd, 000160.317, 344
Trd, 000160.733, 339
Trd, 000160.900, 345
Trd, 000162.317, 337
Trd, 000162.650, 336
Trd, 000162.733, 339
Trd, 000162.783, 335
Trd, 000164.233, 337
Trd, 000164.883, 336
Trd, 000164.983, 337
Trd, 000165.000, 344.0
Trd, 000165.333, 335
Trd, 000165.683, 333
Trd, 000166.100, 341
Trd, 000167.650, 339
Trd, 000169.533, 337.0
Trd, 000170.133, 340
Trd, 000170.200, 339
Trd, 000170.333, 341
Trd, 000170.567, 336
Trd, 000172.267, 332
Trd, 000172.350, 334.0
Trd, 000172.650, 341.0
Trd, 000174.117, 337
Trd, 000174.517, 332
Trd, 000175.033, 336
Trd, 000175.283, 337.0
Trd, 000175.833, 338
Trd, 000176.117, 331.0
Trd, 000178.467, 341.0
Trd, 000178.717, 334.0
Trd, 000178.867, 337
Trd, 000179.517, 337.0
Trd, 000180.567, 337
Trd, 000180.683, 333
Trd, 000180.817, 338
Trd, 000181.483, 341.0
Trd, 000181.517, 332
Trd, 000182.000, 331.0
Trd, 000182.900, 329
Trd, 000183.317, 327.0
Trd, 000183.467, 317.0
Trd, 000183.750, 156
Trd, 000184.533, 186
Trd, 000184.650, 170
Trd, 000184.800, 169
Trd, 000186.017, 199
Trd, 000186.317, 198
Trd, 000186.933, 161
Trd, 000187.317, 157
Trd, 000187.550, 194
Trd, 000189.133, 161
Trd, 000189.200, 157
Trd, 000189.350, 163
Trd, 000189.833, 169
Trd, 000190.633, 159
Trd, 000191.367, 163
Trd, 000191.567, 159
Trd, 000191.833, 169
Trd, 000192.550, 159
Trd, 000192.967, 165
Trd, 000193.267, 168
Trd, 000193.650, 158
Trd, 000194.733, 165
Trd, 000194.950, 166
Trd, 000195.400, 163
Trd, 000196.033, 167
Trd, 000196.617, 164
Trd, 000196.767, 168
Trd, 000196.983, 170
Trd, 000197.083, 173
Trd, 000197.233, 174
Trd, 000197.683, 163
Trd, 000198.217, 161
Trd, 000198.250, 159
Trd, 000198.900, 163
Trd, 000199.850, 163
Trd, 000199.983, 161
Trd, 000200.000, 160
Trd, 000200.383, 163
Trd, 000200.800, 163
Trd, 000201.333, 154
Trd, 000201.483, 161
Trd, 000202.183, 155
Trd, 000203.283, 157
Trd, 000204.783, 157
Trd, 000205.033, 157
Trd, 000205.350, 157
Trd, 000205.417, 161
Trd, 000206.217, 162
Trd, 000206.500, 164
Trd, 000206.867, 161
Trd, 000206.900, 169
Trd, 000207.017, 175
Trd, 000207.033, 160
Trd, 000207.467, 188
Trd, 000207.817, 162
Trd, 000208.733, 184
Trd, 000209.400, 182
Trd, 000210.600, 171
Trd, 000210.850, 181
Trd, 000211.067, 183
Trd, 000211.283, 168
Trd, 000211.850, 182
Trd, 000213.083, 179
Trd, 000213.300, 180
Trd, 000213.617, 190
Trd, 000213.767, 180
Trd, 000213.850, 178
Trd, 000214.867, 174
Trd, 000215.483, 172
Trd, 000215.617, 181
Trd, 000216.067, 169
Trd, 000216.517, 167
Trd, 000216.683, 174
Trd, 000217.100, 164
Trd, 000217.550, 173
Trd, 000218.000, 176
Trd, 000218.217, 188
Trd, 000218.317, 165
Trd, 000220.867, 169
Trd, 000220.950, 171
Trd, 000221.183, 173
Trd, 000221.800, 168
Trd, 000221.833, 171
Trd, 000222.217, 173
Trd, 000222.333, 165
Trd, 000222.833, 164
Trd, 000223.783, 170
Trd, 000224.183, 159
Trd, 000224.833, 171
Trd, 000225.900, 160
Trd, 000226.083, 167
Trd, 000226.200, 159
Trd, 000226.433, 162
Trd, 000226.900, 163
Trd, 000227.117, 164
Trd, 000227.500, 172
Trd, 000227.617, 178
Trd, 000228.783, 175
Trd, 000230.450, 169
Trd, 000230.567, 168
Trd, 000230.700, 172
Trd, 000231.033, 167
Trd, 000231.283, 166
Trd, 000231.733, 166
Trd, 000232.650, 172
Trd, 000233.300, 166
Trd, 000233.350, 167
Trd, 000233.433, 166
Trd, 000233.483, 174
Trd, 000233.700, 163
Trd, 000233.850, 166
Trd, 000234.033, 167
Trd, 000234.533, 176
Trd, 000235.100, 163
Trd, 000235.433, 161
Trd, 000235.650, 171
Trd, 000236.883, 170
Trd, 000236.900, 171
Trd, 000236.983, 172
Trd, 000237.650, 179
Trd, 000238.267, 191
Trd, 000239.333, 171
Trd, 000239.850, 170
Trd, 000240.433, 176
Trd, 000240.900, 176
Trd, 000241.100, 175
Trd, 000241.267, 178
Trd, 000241.650, 170
Trd, 000242.083, 179
Trd, 000242.133, 179
Trd, 000242.500, 168
Trd, 000242.850, 167
Trd, 000242.917, 166
Trd, 000243.217, 177
Trd, 000244.400, 165
Trd, 000244.883, 168
Trd, 000244.967, 168
Trd, 000245.050, 179
Trd, 000245.483, 176
Trd, 000245.900, 175
Trd, 000246.083, 177
Trd, 000246.483, 176
Trd, 000246.700, 178
Trd, 000247.650, 178
Trd, 000248.783, 178
Trd, 000248.833, 178
Trd, 000249.150, 176
Trd, 000249.533, 176
Trd, 000250.300, 179
Trd, 000250.683, 176
Trd, 000250.733, 175
Trd, 000250.783, 174
Trd, 000250.950, 179
Trd, 000251.017, 172
Trd, 000251.667, 169
Trd, 000251.767, 176
Trd, 000251.967, 178
Trd, 000252.183, 177
Trd, 000252.367, 180
Trd, 000252.383, 177
Trd, 000252.817, 187
Trd, 000254.483, 182
Trd, 000254.600, 186
Trd, 000254.700, 193
Trd, 000255.767, 186
Trd, 000255.933, 183
Trd, 000256.233, 183
Trd, 000256.350, 184
Trd, 000256.483, 176
Trd, 000256.550, 171
Trd, 000256.817, 168
Trd, 000257.783, 166
Trd, 000257.950, 170
Trd, 000258.167, 173
Trd, 000258.283, 172
Trd, 000258.767, 172
Trd, 000258.950, 173
Trd, 000259.133, 174
Trd, 000259.767, 169
Trd, 000260.467, 166
Trd, 000261.850, 169
Trd, 000262.100, 169
Trd, 000262.600, 171
Trd, 000262.767, 168
Trd, 000263.000, 170
Trd, 000264.350, 171
Trd, 000264.433, 174
Trd, 000264.567, 169
Trd, 000264.683, 173
Trd, 000265.167, 177
Trd, 000265.233, 181
Trd, 000265.667, 173
Trd, 000265.983, 174
Trd, 000266.117, 177
Trd, 000266.267, 177
Trd, 000266.317, 172
Trd, 000266.967, 168
Trd, 000267.217, 173
Trd, 000268.100, 174
Trd, 000268.817, 171
Trd, 000269.033, 169
Trd, 000269.467, 169
Trd, 000269.483, 170
Trd, 000269.950, 169
Trd, 000270.067, 165
Trd, 000270.167, 165
Trd, 000270.383, 163
Trd, 000270.983, 170
Trd, 000271.033, 169
Trd, 000273.300, 194
Trd, 000273.867, 179
Trd, 000274.050, 187
Trd, 000274.433, 183
Trd, 000274.600, 179
Trd, 000274.683, 182
Trd, 000274.800, 179
Trd, 000275.167, 178
Trd, 000275.700, 173
Trd, 000276.350, 180
Trd, 000276.850, 177
Trd, 000276.983, 179
Trd, 000277.383, 170
Trd, 000277.433, 180
Trd, 000278.117, 172
Trd, 000278.400, 174
Trd, 000278.433, 179
Trd, 000278.750, 167
Trd, 000279.450, 180
Trd, 000279.717, 183
Trd, 000279.967, 171
Trd, 000280.117, 170
Trd, 000280.783, 176
Trd, 000282.083, 185
Trd, 000282.333, 181
Trd, 000282.383, 181
Trd, 000282.400, 188
Trd, 000282.833, 190
Trd, 000283.417, 185
Trd, 000283.617, 191
Trd, 000284.183, 181
Trd, 000284.617, 190
Trd, 000284.883, 190
Trd, 000284.917, 185
Trd, 000285.533, 189
Trd, 000285.783, 183
Trd, 000286.300, 185
Trd, 000286.783, 182
Trd, 000287.150, 193
Trd, 000287.367, 192
Trd, 000288.500, 194
Trd, 000288.733, 188
Trd, 000289.817, 187
Trd, 000289.883, 182
Trd, 000290.783, 190
Trd, 000290.883, 176
Trd, 000291.133, 188
Trd, 000291.483, 167
Trd, 000291.783, 163
Trd, 000292.067, 178
Trd, 000292.283, 184
Trd, 000293.083, 180
Trd, 000293.100, 181
Trd, 000293.150, 188
Trd, 000293.417, 180
Trd, 000294.067, 179
Trd, 000294.183, 177
Trd, 000294.333, 175
Trd, 000294.450, 191
Trd, 000295.583, 181
Trd, 000295.683, 182
Trd, 000295.900, 172
Trd, 000295.983, 169
Trd, 000296.467, 177
Trd, 000296.533, 172
Trd, 000297.000, 182
Trd, 000297.033, 182
Trd, 000297.083, 181
Trd, 000297.617, 181
Trd, 000297.717, 183
Trd, 000297.817, 177
Trd, 000298.000, 184
Trd, 000298.900, 164
Trd, 000299.283, 187
Trd, 000299.483, 171
