Trd, 000002.217, 144
Trd, 000002.467, 155
Trd, 000004.050, 152
Trd, 000004.417, 152
Trd, 000005.017, 153
Trd, 000005.467, 151
Trd, 000007.233, 157
Trd, 000007.717, 156
Trd, 000007.850, 156
Trd, 000008.400, 169
Trd, 000008.733, 176
Trd, 000009.033, 183
Trd, 000009.200, 154
Trd, 000009.783, 164
Trd, 000011.933, 160
Trd, 000012.317, 159
Trd, 000012.967, 159
Trd, 000013.667, 164
Trd, 000013.833, 165
Trd, 000014.667, 159
Trd, 000014.767, 157
Trd, 000015.267, 156
Trd, 000016.033, 163
Trd, 000016.100, 159
Trd, 000016.233, 152
Trd, 000016.283, 164
Trd, 000016.833, 146
Trd, 000018.417, 158
Trd, 000018.733, 159
Trd, 000019.917, 158
Trd, 000021.267, 159
Trd, 000021.583, 157
Trd, 000021.967, 157
Trd, 000023.633, 157
Trd, 000023.783, 159
Trd, 000024.267, 157
Trd, 000024.817, 155
Trd, 000026.533, 157
Trd, 000026.633, 157
Trd, 000026.817, 160
Trd, 000027.433, 155
Trd, 000028.067, 162
Trd, 000028.633, 171
Trd, 000028.833, 155
Trd, 000028.967, 173
Trd, 000029.567, 161
Trd, 000029.783, 162
Trd, 000030.717, 156
Trd, 000031.083, 158
Trd, 000031.833, 159
Trd, 000031.917, 157
Trd, 000032.900, 156
Trd, 000033.867, 157
Trd, 000034.650, 161
Trd, 000034.900, 158
Trd, 000035.167, 158
Trd, 000035.667, 159
Trd, 000036.783, 157
Trd, 000037.317, 155
Trd, 000038.033, 159
Trd, 000039.117, 159
Trd, 000039.183, 159
Trd, 000039.317, 160
Trd, 000039.633, 162
Trd, 000040.417, 172
Trd, 000040.433, 160
Trd, 000043.533, 161
Trd, 000044.433, 162
Trd, 000044.917, 162
Trd, 000045.083, 163
Trd, 000045.283, 161
Trd, 000046.950, 163
Trd, 000047.083, 164
Trd, 000048.633, 165
Trd, 000048.817, 171
Trd, 000049.417, 166
Trd, 000049.817, 164
Trd, 000050.017, 164
Trd, 000050.117, 163
Trd, 000050.983, 169
Trd, 000051.117, 173
Trd, 000051.217, 162
Trd, 000051.567, 161
Trd, 000052.167, 169
Trd, 000053.100, 170
Trd, 000053.750, 164
Trd, 000054.250, 165
Trd, 000055.117, 167
Trd, 000056.033, 164
Trd, 000056.867, 164
Trd, 000059.233, 163
Trd, 000060.567, 161
Trd, 000060.917, 161
Trd, 000061.333, 162
Trd, 000061.817, 164
Trd, 000062.117, 161
Trd, 000062.800, 162
Trd, 000063.017, 163
Trd, 000063.183, 162
Trd, 000063.617, 164
Trd, 000063.833, 169
Trd, 000065.217, 162
Trd, 000065.550, 161
Trd, 000067.167, 161
Trd, 000067.833, 164
Trd, 000068.683, 158
Trd, 000070.733, 157
Trd, 000070.783, 161
Trd, 000070.850, 162
Trd, 000070.950, 151
Trd, 000071.100, 162
Trd, 000071.783, 162
Trd, 000072.500, 165
Trd, 000072.533, 159
Trd, 000072.967, 163
Trd, 000073.033, 162
Trd, 000074.233, 162
Trd, 000075.033, 161
Trd, 000076.867, 162
Trd, 000077.600, 162
Trd, 000078.950, 162
Trd, 000079.133, 163
Trd, 000079.500, 162
Trd, 000079.667, 163
Trd, 000079.983, 163
Trd, 000080.900, 164
Trd, 000081.317, 162
Trd, 000081.550, 164
Trd, 000081.800, 166
Trd, 000082.350, 160
Trd, 000083.250, 163
Trd, 000083.350, 161
Trd, 000083.767, 159
Trd, 000083.850, 158
Trd, 000084.767, 156
Trd, 000085.700, 163
Trd, 000085.833, 162
Trd, 000087.267, 159
Trd, 000087.617, 175
Trd, 000088.300, 165
Trd, 000089.333, 166
Trd, 000089.383, 167
Trd, 000089.400, 164
Trd, 000090.683, 164
Trd, 000091.317, 164
Trd, 000091.633, 164
Trd, 000092.667, 165
Trd, 000093.700, 165
Trd, 000093.850, 164
Trd, 000095.117, 167
Trd, 000095.267, 166
Trd, 000095.483, 164
Trd, 000095.567, 163
Trd, 000097.550, 166
Trd, 000098.000, 167
Trd, 000099.117, 163
Trd, 000099.300, 168
Trd, 000099.433, 165
Trd, 000100.983, 165
Trd, 000101.833, 162
Trd, 000102.333, 162
Trd, 000102.500, 161
Trd, 000102.533, 165
Trd, 000103.067, 165
Trd, 000103.267, 168
Trd, 000103.383, 165
Trd, 000105.000, 164
Trd, 000105.017, 163
Trd, 000105.067, 161
Trd, 000106.333, 162
Trd, 000106.900, 154
Trd, 000107.667, 162
Trd, 000108.100, 156
Trd, 000108.450, 154
Trd, 000108.467, 163
Trd, 000108.883, 169
Trd, 000109.533, 155
Trd, 000110.217, 166
Trd, 000110.250, 158
Trd, 000110.467, 167
Trd, 000110.983, 159
Trd, 000111.450, 163
Trd, 000111.967, 168
Trd, 000112.100, 179
Trd, 000112.150, 166
Trd, 000113.600, 155
Trd, 000114.483, 166
Trd, 000115.200, 163
Trd, 000115.650, 163
Trd, 000116.617, 167
Trd, 000118.217, 167
Trd, 000120.383, 167
Trd, 000120.750, 165
Trd, 000121.283, 165
Trd, 000121.917, 167
Trd, 000122.300, 169
Trd, 000122.467, 170
Trd, 000123.267, 184
Trd, 000123.567, 187
Trd, 000123.583, 202
Trd, 000123.717, 172
Trd, 000123.833, 328
Trd, 000125.233, 331.0
Trd, 000125.950, 335
Trd, 000126.283, 332
Trd, 000126.400, 337.0
Trd, 000127.383, 337
Trd, 000127.917, 344.0
Trd, 000128.267, 351.0
Trd, 000128.883, 331.0
Trd, 000129.150, 357
Trd, 000130.900, 339
Trd, 000131.100, 341
Trd, 000131.283, 345
Trd, 000131.883, 345
Trd, 000132.450, 342
Trd, 000132.900, 344
Trd, 000134.433, 347
Trd, 000134.600, 352
Trd, 000134.967, 355.0
Trd, 000135.667, 353
Trd, 000135.983, 348
Trd, 000136.883, 355
Trd, 000136.933, 355.0
Trd, 000137.667, 352
Trd, 000138.033, 354
Trd, 000139.600, 355.0
Trd, 000139.883, 352
Trd, 000140.083, 352
Trd, 000141.283, 351
Trd, 000141.717, 354
Trd, 000142.150, 355
Trd, 000142.350, 356
Trd, 000142.450, 354.0
Trd, 000143.367, 356
Trd, 000143.433, 353
Trd, 000144.550, 355.0
Trd, 000145.267, 354
Trd, 000147.533, 356
Trd, 000148.283, 356
Trd, 000149.100, 355.0
Trd, 000149.133, 353
Trd, 000149.933, 355.0
Trd, 000150.333, 356
Trd, 000150.483, 357.0
Trd, 000150.900, 355.0
Trd, 000151.133, 351.0
Trd, 000152.333, 358.0
Trd, 000153.417, 349
Trd, 000153.950, 355
Trd, 000154.117, 349
Trd, 000154.283, 348
Trd, 000155.383, 355.0
Trd, 000155.617, 357
Trd, 000156.433, 351.0
Trd, 000156.833, 346
Trd, 000157.350, 353
Trd, 000157.717, 355
Trd, 000157.783, 348
Trd, 000159.667, 351.0
Trd, 000160.467, 347
Trd, 000161.600, 354
Trd, 000161.633, 345.0
Trd, 000162.367, 354
Trd, 000162.583, 351
Trd, 000164.067, 351
Trd, 000164.200, 348.0
Trd, 000164.283, 344.0
Trd, 000165.850, 348
Trd, 000165.900, 346
Trd, 000167.950, 348
Trd, 000169.033, 349
Trd, 000169.100, 348
Trd, 000169.167, 346
Trd, 000170.367, 355.0
Trd, 000170.567, 351.0
Trd, 000171.817, 352
Trd, 000171.867, 341.0
Trd, 000172.117, 333
Trd, 000172.483, 336
Trd, 000172.967, 344.0
Trd, 000173.350, 338
Trd, 000173.433, 347
Trd, 000173.967, 351
Trd, 000175.467, 355.0
Trd, 000176.533, 352
Trd, 000179.467, 353.0
Trd, 000179.767, 354.0
Trd, 000180.450, 348
Trd, 000181.483, 351
Trd, 000181.617, 351.0
Trd, 000181.800, 353
Trd, 000182.083, 347
Trd, 000182.200, 355.0
Trd, 000182.333, 344.0
Trd, 000182.600, 345
Trd, 000184.567, 341.0
Trd, 000184.700, 332
Trd, 000184.750, 316
Trd, 000184.867, 310.0
Trd, 000185.033, 232
Trd, 000185.500, 218
Trd, 000185.617, 214
Trd, 000185.900, 207
Trd, 000186.467, 176
Trd, 000187.600, 187
Trd, 000188.083, 188
Trd, 000188.667, 175
Trd, 000189.183, 175
Trd, 000189.650, 200
Trd, 000189.700, 174
Trd, 000190.050, 174
Trd, 000191.100, 172
Trd, 000191.317, 179
Trd, 000191.833, 176
Trd, 000191.950, 176
Trd, 000192.283, 170
Trd, 000192.800, 182
Trd, 000192.833, 160
Trd, 000194.217, 172
Trd, 000194.383, 163
Trd, 000194.783, 171
Trd, 000196.700, 171
Trd, 000197.367, 171
Trd, 000197.467, 174
Trd, 000198.633, 175
Trd, 000199.650, 172
Trd, 000200.367, 171
Trd, 000200.383, 174
Trd, 000200.733, 171
Trd, 000201.000, 173
Trd, 000202.367, 172
Trd, 000202.400, 174
Trd, 000202.467, 174
Trd, 000203.450, 175
Trd, 000203.617, 174
Trd, 000203.633, 171
Trd, 000204.183, 171
Trd, 000205.017, 169
Trd, 000205.700, 170
Trd, 000206.083, 172
Trd, 000206.833, 171
Trd, 000207.367, 166
Trd, 000208.083, 165
Trd, 000209.483, 176
Trd, 000209.950, 172
Trd, 000210.050, 167
Trd, 000210.417, 167
Trd, 000210.850, 172
Trd, 000210.867, 166
Trd, 000211.533, 171
Trd, 000211.817, 172
Trd, 000213.617, 171
Trd, 000213.950, 179
Trd, 000215.167, 169
Trd, 000215.383, 168
Trd, 000215.667, 165
Trd, 000216.183, 162
Trd, 000219.017, 169
Trd, 000219.533, 173
Trd, 000219.717, 172
Trd, 000221.200, 172
Trd, 000221.833, 173
Trd, 000222.467, 173
Trd, 000222.600, 174
Trd, 000223.200, 173
Trd, 000224.983, 175
Trd, 000225.500, 175
Trd, 000225.983, 175
Trd, 000226.100, 177
Trd, 000226.567, 175
Trd, 000227.433, 176
Trd, 000227.833, 174
Trd, 000229.550, 174
Trd, 000230.517, 177
Trd, 000230.967, 178
Trd, 000231.167, 174
Trd, 000231.600, 179
Trd, 000231.983, 180
Trd, 000232.133, 178
Trd, 000232.533, 177
Trd, 000233.067, 177
Trd, 000233.650, 178
Trd, 000233.950, 174
Trd, 000234.067, 174
Trd, 000235.317, 176
Trd, 000235.350, 177
Trd, 000236.500, 175
Trd, 000236.883, 176
Trd, 000237.850, 175
Trd, 000238.150, 178
Trd, 000239.833, 175
Trd, 000240.133, 175
Trd, 000240.150, 176
Trd, 000240.350, 178
Trd, 000241.083, 178
Trd, 000241.867, 174
Trd, 000242.267, 176
Trd, 000242.317, 173
Trd, 000242.583, 179
Trd, 000242.883, 182
Trd, 000243.400, 176
Trd, 000243.633, 178
Trd, 000244.883, 178
Trd, 000245.267, 178
Trd, 000245.433, 177
Trd, 000245.517, 175
Trd, 000245.783, 173
Trd, 000247.117, 174
Trd, 000249.000, 168
Trd, 000249.183, 167
Trd, 000249.533, 169
Trd, 000249.850, 172
Trd, 000250.783, 172
Trd, 000251.250, 170
Trd, 000252.050, 171
Trd, 000252.400, 176
Trd, 000252.433, 176
Trd, 000252.683, 174
Trd, 000253.000, 174
Trd, 000253.483, 172
Trd, 000253.933, 176
Trd, 000254.250, 177
Trd, 000254.300, 173
Trd, 000254.383, 171
Trd, 000254.783, 180
Trd, 000255.717, 179
Trd, 000255.933, 173
Trd, 000256.317, 177
Trd, 000257.117, 176
Trd, 000257.233, 178
Trd, 000257.317, 184
Trd, 000257.550, 175
Trd, 000257.583, 170
Trd, 000259.500, 166
Trd, 000259.650, 165
Trd, 000259.783, 167
Trd, 000260.033, 170
Trd, 000260.933, 178
Trd, 000260.950, 177
Trd, 000261.033, 179
Trd, 000261.150, 170
Trd, 000261.517, 168
Trd, 000261.933, 177
Trd, 000262.750, 169
Trd, 000262.767, 170
Trd, 000263.333, 157
Trd, 000264.650, 163
Trd, 000264.933, 166
Trd, 000265.100, 167
Trd, 000265.383, 166
Trd, 000265.650, 168
Trd, 000266.150, 178
Trd, 000266.317, 166
Trd, 000266.833, 176
Trd, 000268.517, 194
Trd, 000268.600, 191
Trd, 000268.667, 185
Trd, 000269.117, 195
Trd, 000269.767, 185
Trd, 000270.517, 184
Trd, 000270.600, 182
Trd, 000270.800, 178
Trd, 000271.550, 172
Trd, 000271.933, 177
Trd, 000272.550, 176
Trd, 000272.583, 173
Trd, 000272.850, 172
Trd, 000273.650, 173
Trd, 000273.933, 173
Trd, 000275.700, 173
Trd, 000276.433, 179
Trd, 000276.583, 178
Trd, 000276.750, 178
Trd, 000276.767, 172
Trd, 000276.783, 179
Trd, 000276.900, 182
Trd, 000277.467, 172
Trd, 000277.500, 186
Trd, 000277.867, 179
Trd, 000279.450, 182
Trd, 000279.467, 193
Trd, 000279.750, 160
Trd, 000280.217, 168
Trd, 000280.983, 169
Trd, 000281.433, 171
Trd, 000281.983, 176
Trd, 000282.000, 180
Trd, 000282.167, 174
Trd, 000282.317, 181
Trd, 000282.817, 181
Trd, 000284.033, 179
Trd, 000284.333, 172
Trd, 000284.567, 172
Trd, 000285.483, 171
Trd, 000286.050, 170
Trd, 000286.067, 169
Trd, 000286.300, 170
Trd, 000286.333, 169
Trd, 000286.900, 176
Trd, 000287.417, 180
Trd, 000288.633, 166
Trd, 000289.200, 179
Trd, 000289.467, 173
Trd, 000289.800, 180
Trd, 000289.933, 176
Trd, 000289.950, 175
Trd, 000290.367, 184
Trd, 000291.683, 187
Trd, 000291.717, 178
Trd, 000292.083, 177
Trd, 000292.850, 182
Trd, 000293.450, 180
Trd, 000293.550, 178
Trd, 000293.850, 184
Trd, 000294.267, 177
Trd, 000294.467, 176
Trd, 000295.133, 180
Trd, 000295.383, 175
Trd, 000295.650, 182
Trd, 000295.683, 183
Trd, 000296.583, 174
Trd, 000297.817, 175
Trd, 000299.283, 184
Trd, 000299.500, 174
Trd, 000299.933, 173
