Trd, 000002.217, 110
Trd, 000002.267, 131
Trd, 000002.433, 141
Trd, 000003.183, 124
Trd, 000003.250, 144
Trd, 000003.650, 129
Trd, 000004.700, 158
Trd, 000004.900, 168
Trd, 000006.300, 145
Trd, 000006.467, 148
Trd, 000006.800, 147
Trd, 000007.100, 146
Trd, 000007.300, 141
Trd, 000007.400, 152
Trd, 000007.683, 136
Trd, 000007.783, 165
Trd, 000008.167, 164
Trd, 000009.217, 157
Trd, 000009.233, 147
Trd, 000009.333, 150
Trd, 000009.400, 143
Trd, 000009.417, 159
Trd, 000009.900, 142
Trd, 000010.867, 163
Trd, 000011.267, 157
Trd, 000012.067, 156
Trd, 000012.767, 159
Trd, 000013.417, 152
Trd, 000013.900, 142
Trd, 000013.983, 161
Trd, 000015.150, 149
Trd, 000015.683, 151
Trd, 000015.717, 157
Trd, 000016.317, 166
Trd, 000016.333, 152
Trd, 000016.733, 153
Trd, 000017.433, 155
Trd, 000018.667, 146
Trd, 000019.767, 145
Trd, 000020.400, 149
Trd, 000020.783, 149
Trd, 000021.167, 150
Trd, 000022.133, 148
Trd, 000022.333, 147
Trd, 000022.483, 149
Trd, 000022.900, 146
Trd, 000022.917, 149
Trd, 000023.733, 145
Trd, 000023.933, 138
Trd, 000024.267, 150
Trd, 000025.750, 143
Trd, 000026.250, 142
Trd, 000026.617, 143
Trd, 000028.217, 139
Trd, 000028.250, 143
Trd, 000028.383, 139
Trd, 000028.417, 144
Trd, 000028.550, 143
Trd, 000028.883, 148
Trd, 000028.900, 138
Trd, 000030.200, 147
Trd, 000031.567, 146
Trd, 000031.683, 151
Trd, 000032.167, 147
Trd, 000032.833, 149
Trd, 000033.050, 146
Trd, 000033.633, 144
Trd, 000034.450, 146
Trd, 000035.133, 144
Trd, 000036.400, 147
Trd, 000036.567, 144
Trd, 000036.933, 144
Trd, 000037.567, 140
Trd, 000040.217, 136
Trd, 000040.500, 136
Trd, 000040.533, 138
Trd, 000040.950, 141
Trd, 000040.967, 145
Trd, 000041.667, 136
Trd, 000041.700, 138
Trd, 000042.333, 138
Trd, 000042.600, 141
Trd, 000042.800, 144
Trd, 000043.950, 139
Trd, 000045.233, 143
Trd, 000046.200, 144
Trd, 000046.433, 141
Trd, 000046.700, 145
Trd, 000046.817, 148
Trd, 000047.217, 149
Trd, 000047.300, 141
Trd, 000049.150, 147
Trd, 000049.467, 149
Trd, 000049.517, 152
Trd, 000049.867, 148
Trd, 000050.617, 150
Trd, 000050.950, 149
Trd, 000051.167, 167
Trd, 000051.683, 146
Trd, 000052.000, 152
Trd, 000052.133, 141
Trd, 000052.500, 129
Trd, 000053.983, 150
Trd, 000054.517, 142
Trd, 000054.767, 147
Trd, 000055.167, 147
Trd, 000055.950, 151
Trd, 000056.233, 150
Trd, 000056.617, 152
Trd, 000057.167, 145
Trd, 000057.500, 153
Trd, 000058.333, 147
Trd, 000058.733, 164
Trd, 000058.767, 150
Trd, 000059.317, 143
Trd, 000060.133, 151
Trd, 000061.150, 153
Trd, 000061.550, 154
Trd, 000061.617, 153
Trd, 000062.033, 153
Trd, 000062.150, 155
Trd, 000063.900, 160
Trd, 000064.100, 157
Trd, 000064.217, 171
Trd, 000065.150, 161
Trd, 000065.167, 157
Trd, 000065.250, 141
Trd, 000065.733, 162
Trd, 000065.800, 136
Trd, 000066.233, 148
Trd, 000066.933, 153
Trd, 000067.283, 131
Trd, 000067.550, 154
Trd, 000068.800, 144
Trd, 000069.133, 146
Trd, 000069.533, 143
Trd, 000070.100, 146
Trd, 000070.483, 145
Trd, 000070.650, 147
Trd, 000072.017, 145
Trd, 000072.033, 146
Trd, 000072.483, 144
Trd, 000073.200, 142
Trd, 000073.783, 148
Trd, 000074.133, 140
Trd, 000075.267, 148
Trd, 000075.500, 147
Trd, 000075.650, 148
Trd, 000075.933, 153
Trd, 000076.417, 145
Trd, 000077.167, 152
Trd, 000077.400, 144
Trd, 000077.533, 152
Trd, 000078.117, 145
Trd, 000078.667, 152
Trd, 000079.317, 148
Trd, 000079.850, 150
Trd, 000079.967, 152
Trd, 000080.100, 149
Trd, 000080.117, 147
Trd, 000081.017, 150
Trd, 000081.667, 156
Trd, 000082.533, 157
Trd, 000083.183, 156
Trd, 000083.283, 152
Trd, 000083.350, 144
Trd, 000083.867, 161
Trd, 000084.233, 155
Trd, 000084.500, 156
Trd, 000084.667, 151
Trd, 000085.200, 157
Trd, 000085.617, 158
Trd, 000085.950, 171
Trd, 000086.433, 169
Trd, 000086.600, 149
Trd, 000087.467, 149
Trd, 000087.683, 150
Trd, 000088.083, 151
Trd, 000088.367, 157
Trd, 000089.333, 155
Trd, 000089.983, 154
Trd, 000090.033, 153
Trd, 000090.083, 155
Trd, 000091.800, 153
Trd, 000093.050, 154
Trd, 000093.100, 152
Trd, 000093.317, 151
Trd, 000093.717, 175
Trd, 000094.417, 150
Trd, 000095.633, 153
Trd, 000095.883, 152
Trd, 000095.983, 157
Trd, 000096.100, 151
Trd, 000096.600, 157
Trd, 000096.633, 157
Trd, 000097.800, 160
Trd, 000098.050, 161
Trd, 000099.283, 166
Trd, 000099.783, 174
Trd, 000101.183, 165
Trd, 000101.317, 163
Trd, 000101.650, 164
Trd, 000102.183, 157
Trd, 000102.500, 157
Trd, 000103.250, 157
Trd, 000103.433, 158
Trd, 000103.833, 154
Trd, 000103.933, 160
Trd, 000105.433, 171
Trd, 000105.550, 166
Trd, 000105.700, 187
Trd, 000106.150, 161
Trd, 000106.250, 160
Trd, 000106.667, 159
Trd, 000107.767, 189
Trd, 000108.000, 173
Trd, 000109.600, 165
Trd, 000109.667, 158
Trd, 000110.850, 161
Trd, 000111.067, 168
Trd, 000111.233, 168
Trd, 000111.300, 161
Trd, 000112.250, 166
Trd, 000112.517, 167
Trd, 000112.917, 167
Trd, 000112.933, 163
Trd, 000113.083, 166
Trd, 000113.167, 162
Trd, 000113.400, 162
Trd, 000113.833, 162
Trd, 000114.783, 161
Trd, 000115.783, 155
Trd, 000116.050, 166
Trd, 000117.033, 167
Trd, 000117.467, 166
Trd, 000118.633, 157
Trd, 000118.917, 153
Trd, 000119.383, 158
Trd, 000119.750, 154
Trd, 000120.983, 156
Trd, 000121.333, 155
Trd, 000121.350, 154
Trd, 000121.933, 154
Trd, 000122.167, 156
Trd, 000122.350, 160
Trd, 000123.583, 177
Trd, 000123.733, 252
Trd, 000124.250, 341
Trd, 000125.117, 306.0
Trd, 000125.183, 310.0
Trd, 000125.350, 341.0
Trd, 000127.067, 340
Trd, 000127.400, 339
Trd, 000127.533, 343.0
Trd, 000127.917, 344.0
Trd, 000128.250, 340
Trd, 000128.583, 343
Trd, 000129.633, 343
Trd, 000129.700, 342
Trd, 000130.067, 324.0
Trd, 000130.100, 347.0
Trd, 000130.267, 348.0
Trd, 000130.767, 349
Trd, 000131.767, 359
Trd, 000131.900, 342
Trd, 000132.867, 341.0
Trd, 000133.000, 365.0
Trd, 000133.900, 340
Trd, 000134.767, 344
Trd, 000135.533, 344
Trd, 000135.733, 341.0
Trd, 000137.400, 343
Trd, 000137.950, 342
Trd, 000138.067, 344.0
Trd, 000138.083, 341.0
Trd, 000138.133, 347
Trd, 000139.100, 345
Trd, 000139.250, 339
Trd, 000140.950, 341.0
Trd, 000141.100, 336
Trd, 000141.817, 341.0
Trd, 000142.150, 343
Trd, 000142.317, 344.0
Trd, 000142.683, 344
Trd, 000143.283, 347
Trd, 000143.567, 348
Trd, 000143.750, 346
Trd, 000143.933, 345
Trd, 000144.200, 348
Trd, 000144.767, 350
Trd, 000144.983, 341
Trd, 000146.317, 339
Trd, 000146.367, 333
Trd, 000146.650, 330
Trd, 000147.550, 332.0
Trd, 000147.700, 326.0
Trd, 000148.217, 333
Trd, 000148.333, 324.0
Trd, 000149.900, 333
Trd, 000151.833, 334.0
Trd, 000152.267, 341.0
Trd, 000152.467, 336
Trd, 000152.633, 336
Trd, 000153.083, 336
Trd, 000153.350, 338
Trd, 000154.667, 337
Trd, 000154.933, 337
Trd, 000155.383, 332
Trd, 000155.650, 335
Trd, 000156.600, 340
Trd, 000157.083, 328
Trd, 000159.650, 332
Trd, 000159.783, 330
Trd, 000160.067, 331
Trd, 000160.200, 324.0
Trd, 000160.333, 332
Trd, 000160.917, 333.0
Trd, 000161.600, 334.0
Trd, 000162.383, 337
Trd, 000162.717, 341.0
Trd, 000162.883, 348.0
Trd, 000164.167, 335
Trd, 000164.350, 334
Trd, 000164.833, 343
Trd, 000165.083, 332
Trd, 000165.283, 342
Trd, 000165.383, 364
Trd, 000165.917, 356
Trd, 000166.433, 348
Trd, 000168.033, 347
Trd, 000168.433, 340
Trd, 000169.267, 347
Trd, 000169.867, 346
Trd, 000170.117, 345
Trd, 000171.100, 344
Trd, 000171.217, 341.0
Trd, 000171.317, 337
Trd, 000171.683, 333.0
Trd, 000171.950, 334.0
Trd, 000172.767, 338
Trd, 000173.083, 336
Trd, 000173.183, 328
Trd, 000173.550, 339
Trd, 000175.217, 339
Trd, 000176.000, 340
Trd, 000176.800, 364.0
Trd, 000176.833, 340
Trd, 000177.200, 338
Trd, 000177.783, 341.0
Trd, 000179.217, 343
Trd, 000179.750, 347.0
Trd, 000180.033, 347
Trd, 000180.600, 346
Trd, 000180.950, 348
Trd, 000181.050, 346
Trd, 000181.767, 345
Trd, 000182.017, 347.0
Trd, 000182.150, 343
Trd, 000182.267, 341.0
Trd, 000182.717, 339
Trd, 000183.083, 327
Trd, 000183.450, 324.0
Trd, 000184.217, 317.0
Trd, 000184.417, 313.0
Trd, 000184.717, 299
Trd, 000184.867, 260
Trd, 000185.583, 177
Trd, 000186.267, 191
Trd, 000186.383, 198
Trd, 000187.533, 192
Trd, 000187.817, 182
Trd, 000187.867, 169
Trd, 000188.350, 192
Trd, 000188.500, 196
Trd, 000188.717, 191
Trd, 000189.750, 186
Trd, 000190.333, 185
Trd, 000191.583, 167
Trd, 000192.167, 165
Trd, 000192.483, 165
Trd, 000192.850, 175
Trd, 000193.900, 166
Trd, 000194.150, 166
Trd, 000194.550, 164
Trd, 000195.833, 165
Trd, 000195.950, 166
Trd, 000196.583, 160
Trd, 000196.600, 155
Trd, 000197.167, 164
Trd, 000197.817, 166
Trd, 000198.467, 167
Trd, 000198.717, 167
Trd, 000198.833, 166
Trd, 000199.717, 168
Trd, 000199.967, 167
Trd, 000199.983, 167
Trd, 000201.067, 168
Trd, 000201.267, 167
Trd, 000201.600, 166
Trd, 000201.633, 161
Trd, 000202.350, 167
Trd, 000202.400, 166
Trd, 000203.167, 167
Trd, 000204.050, 168
Trd, 000204.133, 167
Trd, 000205.283, 168
Trd, 000205.317, 164
Trd, 000205.733, 165
Trd, 000205.850, 163
Trd, 000206.483, 166
Trd, 000206.750, 167
Trd, 000206.850, 168
Trd, 000207.650, 167
Trd, 000207.800, 166
Trd, 000208.050, 169
Trd, 000208.217, 162
Trd, 000208.633, 161
Trd, 000210.600, 168
Trd, 000210.950, 167
Trd, 000211.383, 174
Trd, 000212.000, 166
Trd, 000212.500, 168
Trd, 000212.933, 169
Trd, 000213.900, 178
Trd, 000214.533, 173
Trd, 000214.933, 180
Trd, 000215.900, 184
Trd, 000215.950, 185
Trd, 000216.367, 182
Trd, 000216.767, 173
Trd, 000216.867, 172
Trd, 000217.267, 180
Trd, 000217.883, 180
Trd, 000219.883, 173
Trd, 000220.317, 172
Trd, 000220.400, 171
Trd, 000220.500, 158
Trd, 000221.617, 158
Trd, 000221.683, 159
Trd, 000221.700, 148
Trd, 000221.883, 146
Trd, 000222.317, 162
Trd, 000222.700, 161
Trd, 000223.100, 163
Trd, 000223.650, 146
Trd, 000224.300, 155
Trd, 000224.400, 154
Trd, 000224.767, 156
Trd, 000225.633, 148
Trd, 000226.033, 156
Trd, 000226.983, 160
Trd, 000227.050, 154
Trd, 000228.317, 158
Trd, 000228.750, 153
Trd, 000229.450, 156
Trd, 000229.617, 157
Trd, 000229.933, 158
Trd, 000230.100, 164
Trd, 000231.067, 167
Trd, 000232.167, 161
Trd, 000232.700, 162
Trd, 000232.950, 163
Trd, 000233.617, 159
Trd, 000235.783, 160
Trd, 000236.250, 161
Trd, 000236.467, 161
Trd, 000236.733, 157
Trd, 000237.217, 158
Trd, 000237.767, 158
Trd, 000238.133, 161
Trd, 000239.600, 158
Trd, 000239.650, 160
Trd, 000240.200, 158
Trd, 000240.400, 158
Trd, 000240.483, 160
Trd, 000240.567, 162
Trd, 000240.600, 168
Trd, 000240.850, 170
Trd, 000240.917, 165
Trd, 000241.000, 160
Trd, 000241.583, 160
Trd, 000242.250, 172
Trd, 000243.267, 169
Trd, 000243.517, 173
Trd, 000243.800, 177
Trd, 000244.250, 178
Trd, 000244.317, 181
Trd, 000244.600, 176
Trd, 000244.783, 178
Trd, 000245.567, 178
Trd, 000245.900, 176
Trd, 000246.317, 175
Trd, 000247.383, 176
Trd, 000247.883, 171
Trd, 000248.267, 172
Trd, 000248.433, 170
Trd, 000248.717, 173
Trd, 000249.200, 169
Trd, 000249.267, 171
Trd, 000250.400, 170
Trd, 000250.517, 171
Trd, 000250.533, 169
Trd, 000250.733, 166
Trd, 000251.700, 172
Trd, 000252.700, 172
Trd, 000253.133, 170
Trd, 000253.433, 171
Trd, 000253.700, 172
Trd, 000253.900, 170
Trd, 000254.817, 170
Trd, 000255.050, 173
Trd, 000255.200, 172
Trd, 000255.550, 170
Trd, 000255.667, 169
Trd, 000256.000, 173
Trd, 000256.333, 174
Trd, 000256.483, 175
Trd, 000257.833, 172
Trd, 000257.933, 166
Trd, 000259.283, 174
Trd, 000259.333, 176
Trd, 000259.883, 178
Trd, 000260.600, 176
Trd, 000261.283, 177
Trd, 000261.417, 181
Trd, 000261.617, 180
Trd, 000261.650, 177
Trd, 000261.833, 176
Trd, 000262.517, 176
Trd, 000262.617, 176
Trd, 000263.283, 176
Trd, 000263.317, 175
Trd, 000263.450, 170
Trd, 000263.783, 172
Trd, 000264.633, 171
Trd, 000265.483, 170
Trd, 000265.967, 176
Trd, 000266.450, 181
Trd, 000266.967, 179
Trd, 000268.350, 180
Trd, 000268.700, 178
Trd, 000268.767, 180
Trd, 000269.050, 176
Trd, 000269.083, 182
Trd, 000269.317, 183
Trd, 000269.533, 182
Trd, 000269.717, 184
Trd, 000270.033, 185
Trd, 000270.617, 183
Trd, 000270.883, 187
Trd, 000271.100, 182
Trd, 000271.217, 178
Trd, 000271.467, 175
Trd, 000272.050, 178
Trd, 000272.850, 172
Trd, 000273.317, 176
Trd, 000273.333, 177
Trd, 000274.033, 174
Trd, 000274.583, 175
Trd, 000275.100, 174
Trd, 000275.117, 171
Trd, 000275.317, 168
Trd, 000275.967, 163
Trd, 000276.850, 175
Trd, 000277.167, 177
Trd, 000277.567, 178
Trd, 000278.750, 177
Trd, 000278.883, 180
Trd, 000279.000, 177
Trd, 000279.150, 171
Trd, 000279.483, 164
Trd, 000279.617, 179
Trd, 000280.333, 176
Trd, 000280.900, 175
Trd, 000280.950, 172
Trd, 000281.267, 172
Trd, 000281.350, 170
Trd, 000281.950, 169
Trd, 000282.483, 172
Trd, 000282.500, 165
Trd, 000283.667, 172
Trd, 000284.317, 172
Trd, 000285.117, 169
Trd, 000285.267, 172
Trd, 000285.533, 172
Trd, 000285.967, 172
Trd, 000286.100, 170
Trd, 000286.617, 172
Trd, 000286.800, 173
Trd, 000286.933, 170
Trd, 000287.417, 165
Trd, 000287.767, 167
Trd, 000287.850, 170
Trd, 000288.650, 170
Trd, 000289.617, 170
Trd, 000289.717, 171
Trd, 000290.050, 168
Trd, 000290.233, 167
Trd, 000290.333, 166
Trd, 000290.767, 176
Trd, 000290.900, 177
Trd, 000291.067, 177
Trd, 000292.450, 174
Trd, 000293.150, 174
Trd, 000293.417, 179
Trd, 000294.533, 173
Trd, 000294.650, 174
Trd, 000294.700, 169
Trd, 000294.900, 168
Trd, 000295.333, 170
Trd, 000295.433, 154
Trd, 000295.500, 170
Trd, 000295.750, 170
Trd, 000296.000, 175
Trd, 000296.150, 184
Trd, 000296.483, 177
Trd, 000296.517, 171
Trd, 000296.900, 178
Trd, 000297.167, 170
Trd, 000297.217, 166
Trd, 000297.300, 179
Trd, 000297.667, 181
Trd, 000298.067, 158
Trd, 000298.533, 180
Trd, 000299.200, 185
Trd, 000299.283, 180
