Trd, 000001.583, 196
Trd, 000002.267, 179
Trd, 000003.100, 163
Trd, 000003.300, 162
Trd, 000004.100, 163
Trd, 000005.183, 153
Trd, 000005.900, 150
Trd, 000007.300, 151
Trd, 000007.333, 153
Trd, 000007.667, 144
Trd, 000007.767, 166
Trd, 000008.733, 143
Trd, 000009.167, 165
Trd, 000011.667, 153
Trd, 000012.700, 151
Trd, 000013.017, 153
Trd, 000013.817, 152
Trd, 000014.350, 151
Trd, 000014.367, 154
Trd, 000014.417, 150
Trd, 000015.200, 145
Trd, 000015.900, 142
Trd, 000016.317, 134
Trd, 000016.467, 134
Trd, 000017.250, 144
Trd, 000017.667, 152
Trd, 000018.067, 171
Trd, 000018.233, 158
Trd, 000019.200, 144
Trd, 000020.367, 148
Trd, 000020.683, 148
Trd, 000021.267, 151
Trd, 000022.050, 151
Trd, 000022.100, 150
Trd, 000022.783, 152
Trd, 000022.900, 153
Trd, 000023.267, 154
Trd, 000024.300, 157
Trd, 000024.833, 159
Trd, 000025.200, 158
Trd, 000025.833, 159
Trd, 000027.217, 160
Trd, 000028.183, 144
Trd, 000029.467, 152
Trd, 000029.783, 147
Trd, 000030.400, 146
Trd, 000030.617, 145
Trd, 000030.833, 147
Trd, 000031.900, 144
Trd, 000031.967, 145
Trd, 000032.150, 145
Trd, 000032.883, 156
Trd, 000033.400, 144
Trd, 000033.733, 144
Trd, 000034.233, 162
Trd, 000034.700, 157
Trd, 000035.067, 165
Trd, 000035.483, 147
Trd, 000035.833, 165
Trd, 000037.783, 161
Trd, 000038.233, 162
Trd, 000038.400, 159
Trd, 000038.650, 160
Trd, 000039.033, 158
Trd, 000039.133, 161
Trd, 000040.883, 160
Trd, 000041.783, 159
Trd, 000041.817, 161
Trd, 000042.283, 159
Trd, 000044.283, 152
Trd, 000044.383, 153
Trd, 000044.800, 152
Trd, 000044.817, 154
Trd, 000045.400, 151
Trd, 000045.617, 154
Trd, 000046.133, 172
Trd, 000046.300, 176
Trd, 000047.000, 166
Trd, 000048.383, 156
Trd, 000048.883, 152
Trd, 000049.917, 158
Trd, 000050.650, 154
Trd, 000050.800, 156
Trd, 000051.983, 154
Trd, 000052.083, 148
Trd, 000052.283, 156
Trd, 000052.333, 158
Trd, 000054.617, 168
Trd, 000054.933, 167
Trd, 000055.267, 159
Trd, 000055.433, 155
Trd, 000056.717, 155
Trd, 000056.900, 163
Trd, 000058.517, 145
Trd, 000058.717, 159
Trd, 000058.783, 144
Trd, 000059.117, 162
Trd, 000059.817, 168
Trd, 000060.517, 161
Trd, 000060.850, 153
Trd, 000061.900, 160
Trd, 000062.150, 149
Trd, 000063.317, 157
Trd, 000065.417, 152
Trd, 000065.467, 153
Trd, 000065.517, 154
Trd, 000066.383, 151
Trd, 000066.617, 151
Trd, 000066.817, 152
Trd, 000066.933, 150
Trd, 000067.050, 153
Trd, 000067.583, 151
Trd, 000067.783, 151
Trd, 000067.883, 152
Trd, 000068.750, 152
Trd, 000069.883, 158
Trd, 000071.133, 157
Trd, 000071.850, 170
Trd, 000071.900, 171
Trd, 000071.967, 169
Trd, 000072.067, 151
Trd, 000072.733, 171
Trd, 000072.850, 155
Trd, 000074.250, 167
Trd, 000074.717, 165
Trd, 000076.150, 158
Trd, 000076.383, 158
Trd, 000076.833, 157
Trd, 000076.933, 158
Trd, 000077.583, 152
Trd, 000077.750, 158
Trd, 000077.767, 158
Trd, 000078.600, 155
Trd, 000078.700, 150
Trd, 000079.333, 157
Trd, 000080.600, 156
Trd, 000081.650, 158
Trd, 000081.850, 180
Trd, 000082.350, 171
Trd, 000083.050, 168
Trd, 000083.383, 165
Trd, 000083.817, 162
Trd, 000084.600, 162
Trd, 000084.733, 162
Trd, 000086.050, 160
Trd, 000086.617, 160
Trd, 000086.700, 153
Trd, 000087.800, 150
Trd, 000088.700, 161
Trd, 000089.800, 157
Trd, 000091.000, 156
Trd, 000091.083, 157
Trd, 000091.400, 153
Trd, 000091.883, 158
Trd, 000092.333, 161
Trd, 000092.533, 152
Trd, 000093.633, 156
Trd, 000093.800, 157
Trd, 000094.667, 172
Trd, 000095.033, 152
Trd, 000095.183, 153
Trd, 000095.933, 150
Trd, 000096.050, 160
Trd, 000096.567, 162
Trd, 000097.133, 163
Trd, 000097.633, 162
Trd, 000099.133, 173
Trd, 000099.250, 172
Trd, 000100.817, 171
Trd, 000101.800, 158
Trd, 000102.233, 161
Trd, 000103.400, 163
Trd, 000103.500, 164
Trd, 000103.800, 162
Trd, 000103.950, 172
Trd, 000103.983, 172
Trd, 000104.667, 162
Trd, 000107.233, 157
Trd, 000107.667, 162
Trd, 000107.883, 163
Trd, 000108.067, 158
Trd, 000108.717, 164
Trd, 000108.817, 166
Trd, 000109.483, 165
Trd, 000109.550, 166
Trd, 000110.333, 166
Trd, 000111.350, 166
Trd, 000112.667, 166
Trd, 000113.767, 167
Trd, 000114.300, 173
Trd, 000115.017, 167
Trd, 000115.633, 168
Trd, 000115.717, 167
Trd, 000116.900, 167
Trd, 000116.983, 165
Trd, 000117.033, 155
Trd, 000118.267, 162
Trd, 000118.300, 165
Trd, 000118.617, 158
Trd, 000118.833, 155
Trd, 000119.033, 156
Trd, 000120.200, 161
Trd, 000120.533, 162
Trd, 000121.317, 159
Trd, 000121.367, 161
Trd, 000122.017, 163
Trd, 000122.200, 164
Trd, 000122.850, 180
Trd, 000123.033, 245
Trd, 000123.800, 313.0
Trd, 000124.750, 304.0
Trd, 000125.150, 327.0
Trd, 000126.550, 341
Trd, 000126.967, 343.0
Trd, 000127.433, 344.0
Trd, 000128.850, 348
Trd, 000129.750, 349
Trd, 000129.883, 351
Trd, 000130.850, 346
Trd, 000131.250, 350
Trd, 000131.333, 341.0
Trd, 000132.050, 348
Trd, 000132.950, 344
Trd, 000133.450, 343
Trd, 000133.550, 341
Trd, 000134.083, 343
Trd, 000134.317, 344
Trd, 000135.850, 342
Trd, 000135.967, 342.0
Trd, 000136.067, 344.0
Trd, 000136.283, 341
Trd, 000137.883, 342
Trd, 000138.717, 350
Trd, 000139.267, 349
Trd, 000139.567, 354
Trd, 000140.417, 365
Trd, 000140.450, 350
Trd, 000140.683, 344
Trd, 000141.133, 345
Trd, 000141.267, 352
Trd, 000142.033, 347
Trd, 000142.667, 342
Trd, 000143.133, 351
Trd, 000143.500, 350
Trd, 000143.983, 350
Trd, 000145.283, 346.0
Trd, 000145.600, 345.0
Trd, 000146.133, 347
Trd, 000146.767, 350
Trd, 000146.917, 351
Trd, 000147.800, 345
Trd, 000148.400, 343
Trd, 000149.550, 342
Trd, 000150.100, 342
Trd, 000150.200, 340
Trd, 000150.283, 341
Trd, 000151.633, 340.0
Trd, 000151.917, 340
Trd, 000152.083, 339.0
Trd, 000152.233, 342
Trd, 000152.700, 342
Trd, 000153.383, 343
Trd, 000154.317, 344
Trd, 000154.450, 344.0
Trd, 000156.450, 350
Trd, 000157.117, 349
Trd, 000157.200, 348
Trd, 000157.283, 349
Trd, 000158.000, 344
Trd, 000158.950, 346
Trd, 000159.633, 345
Trd, 000160.100, 345
Trd, 000160.700, 346
Trd, 000161.467, 345
Trd, 000161.617, 343
Trd, 000162.250, 348
Trd, 000163.633, 345
Trd, 000164.967, 344
Trd, 000165.133, 350
Trd, 000165.800, 343
Trd, 000166.000, 349
Trd, 000166.517, 352
Trd, 000166.800, 353
Trd, 000167.117, 341.0
Trd, 000167.733, 351
Trd, 000168.850, 344.0
Trd, 000169.350, 342
Trd, 000169.467, 343
Trd, 000169.517, 344
Trd, 000169.733, 339
Trd, 000170.033, 337.0
Trd, 000170.867, 343
Trd, 000171.067, 335
Trd, 000171.933, 352
Trd, 000173.250, 344.0
Trd, 000173.467, 339
Trd, 000174.117, 344
Trd, 000174.850, 342
Trd, 000175.833, 339.0
Trd, 000176.800, 340
Trd, 000177.350, 340.0
Trd, 000178.533, 340
Trd, 000178.633, 341
Trd, 000179.083, 343
Trd, 000179.500, 344.0
Trd, 000179.983, 346
Trd, 000181.133, 346
Trd, 000181.217, 346
Trd, 000181.567, 345
Trd, 000181.950, 346
Trd, 000182.183, 342
Trd, 000182.317, 341.0
Trd, 000182.700, 315
Trd, 000183.050, 313.0
Trd, 000183.183, 312
Trd, 000183.250, 263
Trd, 000183.333, 197
Trd, 000183.967, 255
Trd, 000184.083, 214
Trd, 000184.917, 241
Trd, 000184.950, 186
Trd, 000185.417, 180
Trd, 000186.467, 200
Trd, 000187.383, 168
Trd, 000187.767, 160
Trd, 000188.583, 173
Trd, 000189.067, 181
Trd, 000189.583, 174
Trd, 000189.683, 173
Trd, 000190.083, 163
Trd, 000190.150, 169
Trd, 000190.533, 160
Trd, 000190.567, 159
Trd, 000190.583, 186
Trd, 000192.267, 175
Trd, 000193.983, 175
Trd, 000194.033, 170
Trd, 000194.617, 175
Trd, 000194.700, 174
Trd, 000196.267, 178
Trd, 000196.317, 173
Trd, 000198.067, 169
Trd, 000198.183, 171
Trd, 000199.300, 171
Trd, 000199.800, 170
Trd, 000199.883, 167
Trd, 000201.017, 164
Trd, 000201.367, 165
Trd, 000201.383, 166
Trd, 000203.100, 163
Trd, 000203.200, 164
Trd, 000203.633, 164
Trd, 000204.700, 169
Trd, 000206.167, 167
Trd, 000206.750, 163
Trd, 000208.533, 166
Trd, 000209.133, 166
Trd, 000209.333, 165
Trd, 000209.733, 172
Trd, 000209.767, 170
Trd, 000211.383, 184
Trd, 000212.150, 185
Trd, 000212.533, 185
Trd, 000212.983, 184
Trd, 000213.767, 183
Trd, 000213.917, 184
Trd, 000214.417, 180
Trd, 000214.683, 186
Trd, 000216.033, 186
Trd, 000216.617, 183
Trd, 000218.500, 180
Trd, 000218.583, 180
Trd, 000218.733, 178
Trd, 000218.783, 175
Trd, 000218.917, 181
Trd, 000219.067, 182
Trd, 000219.233, 165
Trd, 000219.917, 178
Trd, 000221.100, 166
Trd, 000221.683, 167
Trd, 000221.733, 166
Trd, 000222.833, 163
Trd, 000223.100, 172
Trd, 000223.667, 165
Trd, 000224.017, 166
Trd, 000224.717, 174
Trd, 000226.333, 172
Trd, 000226.567, 173
Trd, 000226.633, 170
Trd, 000227.000, 172
Trd, 000227.017, 174
Trd, 000227.400, 174
Trd, 000227.933, 175
Trd, 000228.467, 188
Trd, 000228.667, 191
Trd, 000229.783, 182
Trd, 000231.400, 183
Trd, 000231.867, 179
Trd, 000232.717, 180
Trd, 000233.250, 177
Trd, 000233.383, 166
Trd, 000234.417, 178
Trd, 000234.433, 180
Trd, 000234.500, 182
Trd, 000235.083, 182
Trd, 000236.217, 177
Trd, 000236.383, 181
Trd, 000237.217, 178
Trd, 000237.233, 180
Trd, 000237.400, 177
Trd, 000237.483, 179
Trd, 000237.717, 167
Trd, 000238.117, 179
Trd, 000238.133, 183
Trd, 000238.367, 188
Trd, 000240.133, 183
Trd, 000241.267, 177
Trd, 000241.567, 176
Trd, 000241.733, 176
Trd, 000242.933, 175
Trd, 000243.517, 176
Trd, 000243.533, 173
Trd, 000244.300, 175
Trd, 000244.400, 176
Trd, 000245.033, 174
Trd, 000245.300, 172
Trd, 000245.433, 175
Trd, 000245.633, 167
Trd, 000246.200, 167
Trd, 000246.683, 165
Trd, 000246.883, 169
Trd, 000247.183, 176
Trd, 000248.017, 173
Trd, 000248.167, 176
Trd, 000249.083, 173
Trd, 000249.417, 172
Trd, 000249.917, 170
Trd, 000249.983, 170
Trd, 000250.167, 172
Trd, 000251.000, 172
Trd, 000251.400, 172
Trd, 000251.783, 174
Trd, 000252.350, 177
Trd, 000253.583, 173
Trd, 000254.300, 174
Trd, 000254.350, 173
Trd, 000254.567, 175
Trd, 000255.300, 175
Trd, 000255.367, 175
Trd, 000255.817, 177
Trd, 000256.050, 179
Trd, 000256.967, 172
Trd, 000257.217, 172
Trd, 000257.667, 173
Trd, 000257.783, 175
Trd, 000258.317, 173
Trd, 000258.717, 175
Trd, 000259.050, 177
Trd, 000259.317, 174
Trd, 000259.483, 174
Trd, 000260.667, 178
Trd, 000260.717, 181
Trd, 000261.133, 176
Trd, 000261.383, 177
Trd, 000261.467, 176
Trd, 000261.967, 174
Trd, 000263.033, 175
Trd, 000263.350, 173
Trd, 000263.950, 173
Trd, 000264.150, 170
Trd, 000264.300, 173
Trd, 000264.917, 173
Trd, 000265.133, 173
Trd, 000265.267, 169
Trd, 000265.833, 174
Trd, 000266.117, 172
Trd, 000266.417, 173
Trd, 000266.500, 174
Trd, 000268.100, 175
Trd, 000268.717, 171
Trd, 000268.983, 171
Trd, 000269.200, 172
Trd, 000269.217, 174
Trd, 000269.267, 176
Trd, 000269.417, 181
Trd, 000270.133, 187
Trd, 000270.417, 186
Trd, 000271.633, 175
Trd, 000271.783, 171
Trd, 000271.900, 169
Trd, 000272.700, 181
Trd, 000272.950, 195
Trd, 000274.167, 181
Trd, 000274.283, 182
Trd, 000275.350, 181
Trd, 000276.200, 180
Trd, 000276.417, 182
Trd, 000276.683, 178
Trd, 000276.767, 178
Trd, 000276.817, 182
Trd, 000277.550, 180
Trd, 000277.700, 176
Trd, 000277.950, 175
Trd, 000278.217, 176
Trd, 000279.000, 179
Trd, 000279.067, 178
Trd, 000279.983, 178
Trd, 000280.183, 179
Trd, 000280.517, 181
Trd, 000280.833, 175
Trd, 000281.133, 196
Trd, 000281.750, 189
Trd, 000282.350, 192
Trd, 000282.817, 186
Trd, 000283.100, 196
Trd, 000283.450, 190
Trd, 000284.200, 188
Trd, 000284.217, 181
Trd, 000284.283, 179
Trd, 000284.550, 189
Trd, 000285.150, 175
Trd, 000285.850, 173
Trd, 000286.067, 167
Trd, 000286.933, 177
Trd, 000287.717, 171
Trd, 000287.983, 171
Trd, 000288.100, 170
Trd, 000289.233, 172
Trd, 000289.333, 173
Trd, 000289.617, 180
Trd, 000290.100, 184
Trd, 000290.250, 170
Trd, 000290.367, 173
Trd, 000290.500, 169
Trd, 000291.100, 168
Trd, 000291.283, 172
Trd, 000292.117, 170
Trd, 000292.217, 169
Trd, 000292.400, 168
Trd, 000292.417, 197
Trd, 000293.533, 181
Trd, 000293.950, 183
Trd, 000294.150, 180
Trd, 000294.533, 183
Trd, 000295.517, 183
Trd, 000295.833, 181
Trd, 000295.850, 178
Trd, 000296.300, 181
Trd, 000296.467, 178
Trd, 000296.717, 180
Trd, 000296.917, 182
Trd, 000297.633, 183
Trd, 000298.733, 181
Trd, 000298.933, 182
Trd, 000299.200, 179
Trd, 000299.333, 178
