Trd, 000001.217, 200
Trd, 000001.417, 162
Trd, 000001.550, 158
Trd, 000002.383, 152
Trd, 000003.500, 174
Trd, 000003.833, 179
Trd, 000005.217, 169
Trd, 000005.450, 170
Trd, 000006.567, 170
Trd, 000007.433, 169
Trd, 000007.550, 169
Trd, 000007.950, 163
Trd, 000008.233, 173
Trd, 000008.250, 161
Trd, 000010.200, 158
Trd, 000010.483, 160
Trd, 000010.533, 162
Trd, 000011.133, 155
Trd, 000011.467, 156
Trd, 000011.567, 160
Trd, 000011.633, 168
Trd, 000012.033, 149
Trd, 000014.167, 158
Trd, 000014.333, 160
Trd, 000015.267, 156
Trd, 000015.483, 155
Trd, 000015.617, 160
Trd, 000016.383, 158
Trd, 000017.033, 170
Trd, 000017.050, 158
Trd, 000017.200, 177
Trd, 000017.433, 155
Trd, 000017.733, 149
Trd, 000017.933, 168
Trd, 000018.067, 153
Trd, 000020.517, 167
Trd, 000021.033, 165
Trd, 000022.433, 166
Trd, 000022.567, 167
Trd, 000022.650, 166
Trd, 000022.783, 167
Trd, 000022.883, 169
Trd, 000023.133, 164
Trd, 000023.383, 150
Trd, 000024.967, 168
Trd, 000025.167, 169
Trd, 000025.350, 164
Trd, 000025.400, 167
Trd, 000026.650, 170
Trd, 000027.300, 165
Trd, 000028.250, 164
Trd, 000028.283, 165
Trd, 000029.533, 165
Trd, 000029.933, 166
Trd, 000030.533, 164
Trd, 000030.750, 166
Trd, 000031.067, 158
Trd, 000031.367, 163
Trd, 000032.100, 151
Trd, 000032.167, 154
Trd, 000032.267, 150
Trd, 000032.550, 163
Trd, 000032.600, 164
Trd, 000033.433, 171
Trd, 000033.900, 157
Trd, 000034.767, 171
Trd, 000035.883, 168
Trd, 000036.450, 168
Trd, 000036.967, 169
Trd, 000037.733, 167
Trd, 000038.050, 166
Trd, 000038.850, 168
Trd, 000039.150, 160
Trd, 000039.250, 158
Trd, 000040.517, 163
Trd, 000042.750, 158
Trd, 000043.550, 155
Trd, 000043.883, 152
Trd, 000044.133, 151
Trd, 000044.400, 154
Trd, 000044.650, 155
Trd, 000044.767, 138
Trd, 000044.867, 149
Trd, 000044.883, 156
Trd, 000045.150, 151
Trd, 000046.033, 171
Trd, 000046.400, 151
Trd, 000047.100, 169
Trd, 000047.383, 150
Trd, 000047.450, 145
Trd, 000047.600, 144
Trd, 000047.783, 161
Trd, 000048.883, 163
Trd, 000049.083, 173
Trd, 000049.267, 180
Trd, 000049.517, 184
Trd, 000050.767, 166
Trd, 000050.917, 166
Trd, 000051.667, 164
Trd, 000052.200, 165
Trd, 000053.317, 163
Trd, 000053.567, 164
Trd, 000054.517, 163
Trd, 000054.650, 162
Trd, 000054.817, 167
Trd, 000055.167, 173
Trd, 000055.733, 165
Trd, 000056.033, 163
Trd, 000056.250, 173
Trd, 000056.350, 174
Trd, 000056.833, 162
Trd, 000057.350, 162
Trd, 000058.117, 171
Trd, 000058.383, 174
Trd, 000058.650, 169
Trd, 000059.833, 168
Trd, 000060.250, 167
Trd, 000060.383, 168
Trd, 000061.367, 167
Trd, 000061.567, 169
Trd, 000062.683, 169
Trd, 000064.117, 168
Trd, 000064.200, 166
Trd, 000065.250, 167
Trd, 000065.500, 167
Trd, 000065.600, 168
Trd, 000065.833, 160
Trd, 000066.300, 172
Trd, 000066.417, 168
Trd, 000066.750, 167
Trd, 000067.083, 175
Trd, 000067.617, 160
Trd, 000068.067, 160
Trd, 000068.117, 172
Trd, 000068.400, 174
Trd, 000068.433, 169
Trd, 000068.850, 155
Trd, 000069.300, 175
Trd, 000071.000, 171
Trd, 000071.783, 170
Trd, 000071.950, 169
Trd, 000073.750, 167
Trd, 000074.317, 167
Trd, 000074.383, 165
Trd, 000074.417, 163
Trd, 000074.800, 175
Trd, 000075.150, 170
Trd, 000075.233, 171
Trd, 000076.550, 162
Trd, 000078.600, 171
Trd, 000079.217, 164
Trd, 000079.400, 171
Trd, 000079.667, 162
Trd, 000080.133, 172
Trd, 000081.017, 171
Trd, 000081.717, 172
Trd, 000081.767, 170
Trd, 000082.600, 168
Trd, 000083.750, 167
Trd, 000083.817, 153
Trd, 000083.967, 150
Trd, 000083.983, 168
Trd, 000084.150, 169
Trd, 000084.167, 164
Trd, 000085.317, 169
Trd, 000085.467, 165
Trd, 000086.683, 167
Trd, 000087.517, 164
Trd, 000087.533, 167
Trd, 000087.600, 167
Trd, 000088.733, 165
Trd, 000088.783, 166
Trd, 000088.950, 162
Trd, 000089.533, 163
Trd, 000089.617, 167
Trd, 000090.233, 163
Trd, 000090.733, 171
Trd, 000090.833, 163
Trd, 000091.033, 160
Trd, 000091.500, 195
Trd, 000092.083, 184
Trd, 000092.833, 184
Trd, 000094.067, 181
Trd, 000094.150, 177
Trd, 000094.317, 172
Trd, 000095.167, 174
Trd, 000095.683, 172
Trd, 000095.833, 178
Trd, 000096.183, 171
Trd, 000097.533, 175
Trd, 000097.833, 171
Trd, 000098.300, 167
Trd, 000099.050, 173
Trd, 000099.133, 175
Trd, 000099.733, 172
Trd, 000100.033, 173
Trd, 000100.767, 167
Trd, 000101.067, 175
Trd, 000101.517, 166
Trd, 000102.333, 171
Trd, 000102.883, 164
Trd, 000103.217, 171
Trd, 000104.067, 169
Trd, 000104.633, 165
Trd, 000105.367, 165
Trd, 000105.700, 165
Trd, 000106.067, 166
Trd, 000106.133, 168
Trd, 000107.017, 166
Trd, 000107.533, 168
Trd, 000107.600, 165
Trd, 000107.900, 166
Trd, 000108.683, 176
Trd, 000109.083, 176
Trd, 000109.367, 179
Trd, 000110.133, 174
Trd, 000110.533, 173
Trd, 000112.117, 168
Trd, 000112.283, 145
Trd, 000112.317, 170
Trd, 000112.617, 169
Trd, 000114.567, 169
Trd, 000114.833, 168
Trd, 000114.933, 164
Trd, 000115.267, 163
Trd, 000115.617, 163
Trd, 000115.700, 169
Trd, 000116.233, 170
Trd, 000117.000, 171
Trd, 000117.567, 165
Trd, 000117.700, 159
Trd, 000117.967, 153
Trd, 000118.300, 177
Trd, 000119.133, 174
Trd, 000120.750, 168
Trd, 000120.800, 169
Trd, 000120.817, 172
Trd, 000121.750, 180
Trd, 000122.550, 170
Trd, 000122.983, 191
Trd, 000123.017, 201
Trd, 000123.133, 178
Trd, 000123.417, 313.0
Trd, 000123.550, 327.0
Trd, 000123.750, 330
Trd, 000124.200, 362.0
Trd, 000124.750, 358
Trd, 000125.767, 342.0
Trd, 000126.283, 367
Trd, 000127.350, 352
Trd, 000127.433, 363
Trd, 000127.750, 367
Trd, 000127.767, 350
Trd, 000127.833, 349
Trd, 000129.600, 348.0
Trd, 000131.000, 345.0
Trd, 000131.017, 364
Trd, 000131.183, 363
Trd, 000131.533, 362.0
Trd, 000131.933, 362
Trd, 000132.167, 361
Trd, 000133.367, 358
Trd, 000133.550, 360
Trd, 000134.950, 367
Trd, 000134.983, 358
Trd, 000135.883, 354
Trd, 000136.900, 365
Trd, 000137.500, 355
Trd, 000139.000, 363
Trd, 000139.333, 358
Trd, 000139.533, 363
Trd, 000139.583, 354
Trd, 000139.633, 353
Trd, 000139.933, 364
Trd, 000140.700, 362
Trd, 000140.883, 350
Trd, 000141.267, 343.0
Trd, 000142.567, 347
Trd, 000142.650, 348.0
Trd, 000143.067, 345
Trd, 000143.533, 344
Trd, 000143.700, 348
Trd, 000143.833, 349
Trd, 000144.000, 360
Trd, 000144.233, 334.0
Trd, 000144.683, 359
Trd, 000144.783, 331
Trd, 000147.367, 346
Trd, 000148.033, 358
Trd, 000148.983, 355
Trd, 000149.517, 355
Trd, 000149.583, 356
Trd, 000149.733, 347
Trd, 000150.450, 348
Trd, 000150.483, 357
Trd, 000150.583, 347
Trd, 000151.333, 368.0
Trd, 000152.217, 368
Trd, 000152.550, 357
Trd, 000153.133, 377.0
Trd, 000153.183, 352
Trd, 000153.417, 378.0
Trd, 000154.183, 351
Trd, 000156.700, 349.0
Trd, 000156.833, 368
Trd, 000157.067, 368.0
Trd, 000157.217, 348.0
Trd, 000157.833, 348
Trd, 000158.367, 348
Trd, 000158.683, 353
Trd, 000158.983, 345
Trd, 000159.250, 344
Trd, 000160.083, 341
Trd, 000161.283, 346
Trd, 000162.933, 343
Trd, 000162.967, 342
Trd, 000163.167, 343
Trd, 000163.500, 344
Trd, 000163.933, 345
Trd, 000164.050, 348.0
Trd, 000164.483, 362.0
Trd, 000165.350, 349
Trd, 000165.500, 355
Trd, 000166.217, 354
Trd, 000166.667, 352
Trd, 000167.967, 353
Trd, 000168.583, 355
Trd, 000169.400, 353
Trd, 000170.133, 354
Trd, 000170.183, 354
Trd, 000170.533, 354
Trd, 000170.700, 355
Trd, 000170.883, 368
Trd, 000171.683, 352
Trd, 000171.800, 353
Trd, 000171.867, 363
Trd, 000172.100, 353
Trd, 000172.267, 368
Trd, 000172.433, 348.0
Trd, 000173.050, 325.0
Trd, 000174.483, 359
Trd, 000175.550, 354
Trd, 000175.783, 353
Trd, 000176.017, 354
Trd, 000176.200, 346
Trd, 000176.567, 352
Trd, 000177.317, 362.0
Trd, 000177.733, 361
Trd, 000177.800, 360
Trd, 000177.817, 348
Trd, 000178.883, 347
Trd, 000179.383, 365
Trd, 000179.667, 351
Trd, 000179.700, 341
Trd, 000179.967, 363
Trd, 000180.017, 364
Trd, 000180.650, 368
Trd, 000182.433, 334.0
Trd, 000182.750, 324.0
Trd, 000183.283, 273
Trd, 000183.367, 261
Trd, 000183.533, 204
Trd, 000184.000, 213
Trd, 000184.050, 213
Trd, 000185.150, 197
Trd, 000186.933, 190
Trd, 000187.283, 186
Trd, 000189.333, 184
Trd, 000189.550, 185
Trd, 000190.267, 184
Trd, 000190.283, 187
Trd, 000191.400, 182
Trd, 000191.850, 181
Trd, 000192.833, 180
Trd, 000192.917, 181
Trd, 000193.200, 176
Trd, 000194.017, 167
Trd, 000194.700, 176
Trd, 000194.867, 177
Trd, 000195.483, 176
Trd, 000196.783, 175
Trd, 000197.267, 174
Trd, 000197.333, 176
Trd, 000198.150, 177
Trd, 000199.300, 188
Trd, 000200.000, 176
Trd, 000200.600, 188
Trd, 000201.450, 182
Trd, 000203.167, 185
Trd, 000203.733, 181
Trd, 000203.750, 180
Trd, 000205.017, 183
Trd, 000205.167, 182
Trd, 000206.300, 186
Trd, 000206.850, 180
Trd, 000207.483, 175
Trd, 000207.900, 176
Trd, 000208.233, 169
Trd, 000208.833, 172
Trd, 000209.250, 171
Trd, 000209.350, 171
Trd, 000210.000, 171
Trd, 000210.683, 170
Trd, 000211.233, 170
Trd, 000212.367, 186
Trd, 000213.517, 184
Trd, 000214.683, 184
Trd, 000214.850, 183
Trd, 000215.117, 175
Trd, 000215.567, 177
Trd, 000215.717, 177
Trd, 000216.083, 181
Trd, 000216.117, 189
Trd, 000216.333, 196
Trd, 000218.017, 198
Trd, 000219.500, 190
Trd, 000219.667, 184
Trd, 000220.283, 192
Trd, 000220.883, 187
Trd, 000220.950, 186
Trd, 000221.517, 185
Trd, 000222.317, 176
Trd, 000222.450, 181
Trd, 000222.583, 170
Trd, 000223.733, 171
Trd, 000223.817, 174
Trd, 000223.933, 176
Trd, 000224.150, 171
Trd, 000224.733, 174
Trd, 000225.300, 174
Trd, 000227.333, 168
Trd, 000227.383, 172
Trd, 000227.683, 166
Trd, 000228.067, 170
Trd, 000229.083, 170
Trd, 000229.100, 167
Trd, 000229.833, 171
Trd, 000229.967, 167
Trd, 000230.283, 170
Trd, 000231.267, 166
Trd, 000231.450, 167
Trd, 000231.683, 171
Trd, 000232.400, 167
Trd, 000233.167, 167
Trd, 000235.100, 185
Trd, 000235.250, 173
Trd, 000235.417, 172
Trd, 000236.033, 173
Trd, 000236.217, 184
Trd, 000236.433, 186
Trd, 000236.983, 182
Trd, 000237.550, 171
Trd, 000237.917, 164
Trd, 000238.200, 165
Trd, 000238.867, 157
Trd, 000239.183, 176
Trd, 000239.450, 188
Trd, 000240.183, 186
Trd, 000240.667, 171
Trd, 000241.133, 175
Trd, 000241.400, 176
Trd, 000241.883, 174
Trd, 000241.917, 177
Trd, 000243.183, 175
Trd, 000243.333, 177
Trd, 000243.750, 175
Trd, 000243.983, 182
Trd, 000244.283, 192
Trd, 000245.667, 187
Trd, 000245.800, 188
Trd, 000245.867, 189
Trd, 000246.367, 188
Trd, 000246.733, 186
Trd, 000247.233, 186
Trd, 000247.583, 185
Trd, 000247.667, 180
Trd, 000248.400, 183
Trd, 000248.650, 177
Trd, 000248.717, 182
Trd, 000249.083, 180
Trd, 000249.117, 166
Trd, 000250.317, 178
Trd, 000251.050, 178
Trd, 000251.250, 179
Trd, 000251.400, 177
Trd, 000252.200, 180
Trd, 000252.300, 180
Trd, 000252.583, 183
Trd, 000252.967, 182
Trd, 000253.517, 178
Trd, 000253.833, 182
Trd, 000253.967, 178
Trd, 000254.117, 180
Trd, 000254.967, 176
Trd, 000255.767, 179
Trd, 000255.883, 179
Trd, 000257.317, 177
Trd, 000257.367, 178
Trd, 000257.917, 178
Trd, 000258.983, 179
Trd, 000259.250, 180
Trd, 000259.683, 183
Trd, 000260.117, 185
Trd, 000260.667, 177
Trd, 000260.683, 176
Trd, 000261.050, 177
Trd, 000261.133, 185
Trd, 000262.433, 177
Trd, 000262.800, 176
Trd, 000263.067, 174
Trd, 000263.550, 175
Trd, 000264.050, 174
Trd, 000264.083, 175
Trd, 000264.350, 176
Trd, 000264.933, 173
Trd, 000265.217, 171
Trd, 000265.617, 174
Trd, 000265.967, 173
Trd, 000266.067, 181
Trd, 000266.633, 177
Trd, 000267.167, 184
Trd, 000268.733, 178
Trd, 000268.833, 176
Trd, 000268.883, 176
Trd, 000269.017, 175
Trd, 000269.117, 178
Trd, 000269.550, 179
Trd, 000269.600, 174
Trd, 000269.950, 178
Trd, 000270.317, 185
Trd, 000270.333, 176
Trd, 000271.350, 176
Trd, 000271.383, 177
Trd, 000271.483, 182
Trd, 000272.133, 190
Trd, 000272.683, 185
Trd, 000272.733, 172
Trd, 000272.867, 177
Trd, 000273.300, 193
Trd, 000274.000, 169
Trd, 000274.067, 174
Trd, 000274.117, 175
Trd, 000274.567, 182
Trd, 000274.950, 185
Trd, 000275.217, 182
Trd, 000275.417, 178
Trd, 000275.883, 187
Trd, 000276.150, 175
Trd, 000276.183, 168
Trd, 000276.950, 172
Trd, 000277.367, 188
Trd, 000277.583, 193
Trd, 000277.617, 195
Trd, 000278.767, 197
Trd, 000279.417, 191
Trd, 000279.867, 190
Trd, 000279.950, 191
Trd, 000280.550, 188
Trd, 000281.583, 184
Trd, 000281.733, 177
Trd, 000281.800, 176
Trd, 000281.900, 183
Trd, 000282.067, 178
Trd, 000282.100, 169
Trd, 000282.767, 181
Trd, 000284.333, 177
Trd, 000284.350, 179
Trd, 000285.233, 176
Trd, 000285.833, 179
Trd, 000286.150, 177
Trd, 000286.483, 176
Trd, 000286.583, 176
Trd, 000287.133, 178
Trd, 000288.250, 179
Trd, 000288.367, 181
Trd, 000288.883, 183
Trd, 000289.717, 183
Trd, 000290.017, 177
Trd, 000290.783, 184
Trd, 000291.200, 177
Trd, 000291.567, 178
Trd, 000291.583, 177
Trd, 000291.800, 184
Trd, 000292.567, 180
Trd, 000292.617, 184
Trd, 000293.267, 178
Trd, 000293.517, 180
Trd, 000293.633, 183
Trd, 000293.750, 184
Trd, 000294.417, 184
Trd, 000294.667, 183
Trd, 000294.917, 185
Trd, 000295.433, 180
Trd, 000295.800, 186
Trd, 000296.250, 180
Trd, 000296.800, 180
Trd, 000297.250, 180
Trd, 000297.300, 167
Trd, 000297.567, 181
Trd, 000297.750, 178
Trd, 000299.817, 174
