Trd, 000000.683, 193
Trd, 000001.767, 143
Trd, 000002.283, 143
Trd, 000002.850, 151
Trd, 000003.667, 137
Trd, 000004.083, 151
Trd, 000005.033, 161
Trd, 000005.200, 162
Trd, 000005.567, 141
Trd, 000006.817, 146
Trd, 000006.983, 152
Trd, 000007.817, 148
Trd, 000008.000, 148
Trd, 000010.800, 154
Trd, 000011.583, 167
Trd, 000011.867, 154
Trd, 000012.367, 157
Trd, 000012.783, 157
Trd, 000012.933, 157
Trd, 000014.500, 156
Trd, 000015.400, 157
Trd, 000015.533, 156
Trd, 000015.700, 158
Trd, 000016.233, 156
Trd, 000016.683, 155
Trd, 000016.783, 168
Trd, 000019.350, 166
Trd, 000019.833, 167
Trd, 000020.667, 162
Trd, 000020.767, 166
Trd, 000021.650, 161
Trd, 000022.083, 162
Trd, 000022.283, 167
Trd, 000023.467, 166
Trd, 000024.383, 162
Trd, 000024.650, 164
Trd, 000025.383, 161
Trd, 000025.900, 159
Trd, 000026.017, 146
Trd, 000027.567, 163
Trd, 000027.917, 159
Trd, 000028.967, 145
Trd, 000029.000, 159
Trd, 000029.550, 154
Trd, 000030.417, 159
Trd, 000030.867, 157
Trd, 000031.667, 160
Trd, 000032.100, 156
Trd, 000032.650, 161
Trd, 000033.100, 156
Trd, 000033.650, 161
Trd, 000033.950, 158
Trd, 000034.350, 161
Trd, 000034.417, 155
Trd, 000035.100, 161
Trd, 000036.533, 161
Trd, 000036.650, 147
Trd, 000037.400, 162
Trd, 000038.250, 154
Trd, 000039.433, 156
Trd, 000039.800, 155
Trd, 000041.200, 161
Trd, 000042.233, 161
Trd, 000042.550, 159
Trd, 000043.883, 157
Trd, 000044.800, 161
Trd, 000045.000, 156
Trd, 000045.133, 154
Trd, 000045.317, 148
Trd, 000046.017, 153
Trd, 000046.117, 162
Trd, 000046.450, 170
Trd, 000048.133, 152
Trd, 000048.400, 156
Trd, 000049.850, 160
Trd, 000050.283, 159
Trd, 000050.417, 161
Trd, 000051.000, 154
Trd, 000051.600, 156
Trd, 000052.817, 155
Trd, 000053.467, 159
Trd, 000053.900, 154
Trd, 000054.900, 162
Trd, 000055.300, 154
Trd, 000055.317, 161
Trd, 000057.233, 153
Trd, 000057.967, 163
Trd, 000058.033, 149
Trd, 000058.150, 157
Trd, 000058.733, 164
Trd, 000058.800, 144
Trd, 000060.667, 153
Trd, 000060.933, 160
Trd, 000061.267, 164
Trd, 000063.567, 161
Trd, 000063.817, 162
Trd, 000064.400, 159
Trd, 000064.600, 164
Trd, 000066.950, 163
Trd, 000068.367, 165
Trd, 000068.533, 166
Trd, 000070.183, 169
Trd, 000070.200, 170
Trd, 000070.267, 166
Trd, 000071.050, 165
Trd, 000071.200, 164
Trd, 000071.400, 164
Trd, 000072.033, 168
Trd, 000072.633, 164
Trd, 000073.000, 162
Trd, 000074.300, 152
Trd, 000074.467, 158
Trd, 000074.883, 152
Trd, 000075.750, 160
Trd, 000076.600, 161
Trd, 000076.733, 155
Trd, 000077.817, 159
Trd, 000078.050, 139
Trd, 000078.500, 149
Trd, 000079.517, 173
Trd, 000079.917, 159
Trd, 000080.050, 179
Trd, 000081.117, 159
Trd, 000081.467, 158
Trd, 000083.133, 158
Trd, 000083.183, 159
Trd, 000083.217, 159
Trd, 000084.117, 159
Trd, 000084.967, 157
Trd, 000085.083, 166
Trd, 000085.600, 160
Trd, 000086.517, 178
Trd, 000087.750, 174
Trd, 000087.883, 167
Trd, 000088.000, 176
Trd, 000088.067, 177
Trd, 000090.150, 171
Trd, 000090.767, 172
Trd, 000090.867, 169
Trd, 000091.100, 168
Trd, 000093.717, 168
Trd, 000094.500, 170
Trd, 000094.750, 168
Trd, 000094.783, 167
Trd, 000095.167, 169
Trd, 000095.683, 167
Trd, 000096.450, 174
Trd, 000096.933, 177
Trd, 000097.700, 173
Trd, 000098.483, 168
Trd, 000098.683, 167
Trd, 000098.983, 167
Trd, 000100.033, 175
Trd, 000100.933, 175
Trd, 000101.650, 168
Trd, 000102.833, 168
Trd, 000103.900, 172
Trd, 000104.250, 168
Trd, 000104.400, 167
Trd, 000104.883, 173
Trd, 000104.917, 165
Trd, 000105.433, 147
Trd, 000105.483, 172
Trd, 000105.550, 172
Trd, 000106.267, 164
Trd, 000107.767, 172
Trd, 000108.050, 178
Trd, 000108.433, 172
Trd, 000110.050, 173
Trd, 000110.150, 174
Trd, 000110.817, 176
Trd, 000111.717, 173
Trd, 000112.800, 178
Trd, 000113.333, 176
Trd, 000113.467, 177
Trd, 000113.483, 179
Trd, 000114.017, 172
Trd, 000114.133, 172
Trd, 000114.683, 178
Trd, 000114.783, 172
Trd, 000116.267, 157
Trd, 000116.817, 155
Trd, 000119.267, 171
Trd, 000119.400, 177
Trd, 000119.433, 179
Trd, 000119.917, 180
Trd, 000120.267, 177
Trd, 000120.517, 172
Trd, 000120.800, 170
Trd, 000121.200, 169
Trd, 000121.383, 192
Trd, 000123.267, 198
Trd, 000123.417, 204
Trd, 000123.467, 205
Trd, 000123.517, 197
Trd, 000123.717, 213
Trd, 000123.967, 237
Trd, 000124.067, 257
Trd, 000124.450, 266
Trd, 000124.583, 265
Trd, 000124.733, 300
Trd, 000124.950, 324.0
Trd, 000125.567, 331.0
Trd, 000126.317, 337.0
Trd, 000127.017, 330
Trd, 000129.267, 336
Trd, 000129.617, 341
Trd, 000129.700, 333
Trd, 000130.083, 351.0
Trd, 000130.100, 334
Trd, 000131.183, 358.0
Trd, 000131.250, 347
Trd, 000131.567, 353
Trd, 000133.300, 348
Trd, 000133.433, 351
Trd, 000133.883, 347
Trd, 000134.100, 343
Trd, 000135.017, 347
Trd, 000136.233, 344
Trd, 000136.700, 351.0
Trd, 000136.900, 354
Trd, 000137.050, 353
Trd, 000137.583, 364
Trd, 000138.567, 364
Trd, 000138.600, 358.0
Trd, 000138.917, 347
Trd, 000139.050, 351.0
Trd, 000139.083, 344.0
Trd, 000139.600, 344
Trd, 000140.217, 338.0
Trd, 000141.200, 343
Trd, 000142.683, 347
Trd, 000142.950, 343
Trd, 000144.417, 345
Trd, 000144.950, 348
Trd, 000145.067, 343
Trd, 000146.233, 348
Trd, 000146.383, 351.0
Trd, 000146.517, 344
Trd, 000146.633, 344
Trd, 000148.083, 344
Trd, 000148.250, 344
Trd, 000149.017, 351.0
Trd, 000149.100, 352
Trd, 000149.833, 345.0
Trd, 000150.117, 344.0
Trd, 000150.317, 351
Trd, 000151.867, 343
Trd, 000152.517, 351
Trd, 000153.233, 342
Trd, 000154.083, 343
Trd, 000155.167, 338.0
Trd, 000155.250, 342
Trd, 000155.533, 338.0
Trd, 000156.083, 345
Trd, 000156.167, 337.0
Trd, 000156.450, 351.0
Trd, 000157.717, 338
Trd, 000158.700, 351
Trd, 000160.000, 344
Trd, 000160.900, 344
Trd, 000161.083, 351.0
Trd, 000161.950, 350
Trd, 000163.400, 351.0
Trd, 000163.483, 358.0
Trd, 000163.967, 346
Trd, 000164.217, 376
Trd, 000164.383, 344
Trd, 000165.817, 347
Trd, 000166.717, 349
Trd, 000166.733, 347
Trd, 000168.017, 357
Trd, 000168.250, 357
Trd, 000168.850, 347
Trd, 000169.650, 346
Trd, 000171.000, 356
Trd, 000171.467, 346
Trd, 000171.667, 345
Trd, 000171.733, 357
Trd, 000172.850, 348
Trd, 000173.017, 350
Trd, 000173.050, 351.0
Trd, 000174.100, 355
Trd, 000174.300, 355
Trd, 000174.733, 351
Trd, 000174.967, 358.0
Trd, 000175.150, 350
Trd, 000177.133, 350
Trd, 000177.583, 349
Trd, 000178.017, 344.0
Trd, 000179.667, 351.0
Trd, 000180.400, 346
Trd, 000180.450, 356
Trd, 000181.183, 348
Trd, 000181.250, 356
Trd, 000181.333, 347
Trd, 000181.450, 337.0
Trd, 000181.817, 347
Trd, 000182.133, 333.0
Trd, 000182.167, 331.0
Trd, 000182.400, 319
Trd, 000182.433, 317.0
Trd, 000182.867, 300
Trd, 000183.133, 263
Trd, 000184.083, 184
Trd, 000184.333, 155
Trd, 000184.650, 163
Trd, 000184.667, 176
Trd, 000185.600, 211
Trd, 000185.750, 172
Trd, 000185.967, 184
Trd, 000186.583, 162
Trd, 000187.950, 170
Trd, 000188.667, 164
Trd, 000188.717, 162
Trd, 000190.200, 165
Trd, 000190.367, 170
Trd, 000191.183, 172
Trd, 000191.833, 165
Trd, 000191.950, 164
Trd, 000191.983, 187
Trd, 000193.117, 198
Trd, 000193.217, 164
Trd, 000195.067, 180
Trd, 000195.783, 181
Trd, 000196.033, 184
Trd, 000196.267, 169
Trd, 000196.450, 171
Trd, 000197.700, 177
Trd, 000197.733, 170
Trd, 000197.883, 178
Trd, 000199.650, 171
Trd, 000199.883, 177
Trd, 000200.617, 187
Trd, 000200.983, 173
Trd, 000201.483, 172
Trd, 000202.000, 171
Trd, 000203.400, 170
Trd, 000204.467, 173
Trd, 000204.967, 172
Trd, 000205.650, 172
Trd, 000205.800, 173
Trd, 000206.083, 174
Trd, 000206.733, 171
Trd, 000207.117, 172
Trd, 000207.617, 171
Trd, 000207.800, 171
Trd, 000209.667, 171
Trd, 000209.850, 178
Trd, 000210.417, 186
Trd, 000210.700, 171
Trd, 000211.133, 170
Trd, 000212.017, 178
Trd, 000212.267, 169
Trd, 000212.800, 178
Trd, 000212.967, 178
Trd, 000215.217, 176
Trd, 000215.233, 173
Trd, 000215.950, 174
Trd, 000216.583, 173
Trd, 000216.867, 178
Trd, 000217.867, 160
Trd, 000219.067, 173
Trd, 000219.700, 171
Trd, 000219.850, 172
Trd, 000220.300, 174
Trd, 000221.967, 175
Trd, 000222.250, 174
Trd, 000222.350, 173
Trd, 000223.567, 173
Trd, 000223.950, 172
Trd, 000224.350, 175
Trd, 000225.200, 174
Trd, 000225.700, 173
Trd, 000226.183, 180
Trd, 000228.667, 172
Trd, 000228.950, 176
Trd, 000229.500, 174
Trd, 000230.950, 176
Trd, 000232.750, 174
Trd, 000232.817, 173
Trd, 000234.517, 176
Trd, 000235.300, 176
Trd, 000235.967, 174
Trd, 000236.883, 175
Trd, 000237.050, 176
Trd, 000238.417, 179
Trd, 000238.783, 178
Trd, 000238.983, 175
Trd, 000239.233, 181
Trd, 000239.250, 174
Trd, 000239.983, 173
Trd, 000240.983, 182
Trd, 000241.167, 182
Trd, 000241.633, 174
Trd, 000241.900, 172
Trd, 000242.117, 173
Trd, 000242.483, 175
Trd, 000243.367, 173
Trd, 000243.817, 173
Trd, 000244.283, 175
Trd, 000244.517, 176
Trd, 000244.900, 177
Trd, 000245.083, 174
Trd, 000245.100, 171
Trd, 000245.467, 175
Trd, 000246.400, 171
Trd, 000246.783, 170
Trd, 000246.950, 177
Trd, 000247.633, 178
Trd, 000247.833, 180
Trd, 000248.617, 174
Trd, 000249.300, 174
Trd, 000249.867, 171
Trd, 000249.883, 177
Trd, 000250.000, 171
Trd, 000250.083, 170
Trd, 000250.233, 174
Trd, 000251.283, 172
Trd, 000252.500, 171
Trd, 000253.200, 173
Trd, 000253.250, 173
Trd, 000253.617, 169
Trd, 000254.100, 170
Trd, 000254.300, 171
Trd, 000255.100, 173
Trd, 000255.433, 174
Trd, 000255.483, 173
Trd, 000256.117, 176
Trd, 000256.850, 171
Trd, 000257.467, 169
Trd, 000257.483, 170
Trd, 000257.550, 184
Trd, 000257.983, 173
Trd, 000258.067, 177
Trd, 000258.133, 181
Trd, 000258.150, 173
Trd, 000258.350, 169
Trd, 000259.567, 167
Trd, 000259.650, 167
Trd, 000260.100, 163
Trd, 000261.383, 167
Trd, 000262.100, 174
Trd, 000262.150, 174
Trd, 000262.417, 174
Trd, 000262.900, 175
Trd, 000263.667, 175
Trd, 000263.717, 174
Trd, 000263.883, 172
Trd, 000264.267, 172
Trd, 000264.333, 181
Trd, 000265.150, 191
Trd, 000265.600, 173
Trd, 000266.450, 179
Trd, 000266.633, 183
Trd, 000267.100, 184
Trd, 000267.367, 184
Trd, 000268.033, 183
Trd, 000268.467, 180
Trd, 000268.550, 171
Trd, 000269.117, 175
Trd, 000270.150, 175
Trd, 000270.750, 176
Trd, 000270.767, 177
Trd, 000270.867, 175
Trd, 000271.750, 164
Trd, 000272.250, 168
Trd, 000272.767, 171
Trd, 000272.800, 176
Trd, 000273.317, 178
Trd, 000273.450, 182
Trd, 000274.183, 192
Trd, 000274.367, 179
Trd, 000274.517, 184
Trd, 000275.417, 182
Trd, 000275.517, 179
Trd, 000276.433, 183
Trd, 000276.450, 181
Trd, 000276.667, 178
Trd, 000277.183, 194
Trd, 000277.633, 177
Trd, 000277.817, 178
Trd, 000277.967, 171
Trd, 000279.550, 159
Trd, 000280.250, 165
Trd, 000280.417, 164
Trd, 000280.717, 162
Trd, 000281.467, 169
Trd, 000282.050, 168
Trd, 000282.450, 172
Trd, 000283.067, 167
Trd, 000283.317, 176
Trd, 000283.417, 175
Trd, 000284.100, 169
Trd, 000284.733, 169
Trd, 000284.900, 179
Trd, 000285.683, 176
Trd, 000285.767, 183
Trd, 000286.500, 175
Trd, 000286.617, 173
Trd, 000286.950, 172
Trd, 000287.300, 161
Trd, 000288.300, 183
Trd, 000288.500, 186
Trd, 000288.633, 183
Trd, 000289.517, 180
Trd, 000290.100, 184
Trd, 000290.133, 184
Trd, 000290.583, 179
Trd, 000290.800, 179
Trd, 000291.250, 182
Trd, 000291.267, 178
Trd, 000291.367, 187
Trd, 000291.717, 176
Trd, 000292.567, 180
Trd, 000292.683, 188
Trd, 000292.733, 189
Trd, 000293.383, 180
Trd, 000294.783, 173
Trd, 000295.133, 174
Trd, 000295.167, 167
Trd, 000295.900, 167
Trd, 000295.917, 196
Trd, 000296.200, 197
Trd, 000296.333, 175
Trd, 000297.033, 166
Trd, 000297.067, 185
Trd, 000297.400, 173
Trd, 000298.167, 168
Trd, 000298.400, 174
Trd, 000299.233, 175
Trd, 000299.267, 178
Trd, 000299.283, 181
Trd, 000299.900, 192
