Trd, 000001.967, 169
Trd, 000002.950, 112
Trd, 000003.017, 113
Trd, 000003.383, 142
Trd, 000004.133, 110
Trd, 000005.117, 110
Trd, 000005.483, 144
Trd, 000005.983, 148
Trd, 000006.250, 131
Trd, 000007.183, 146
Trd, 000007.300, 173
Trd, 000007.683, 138
Trd, 000008.267, 149
Trd, 000008.883, 145
Trd, 000009.117, 148
Trd, 000009.750, 150
Trd, 000010.000, 150
Trd, 000011.183, 150
Trd, 000011.567, 150
Trd, 000011.767, 150
Trd, 000012.067, 149
Trd, 000013.183, 152
Trd, 000013.883, 163
Trd, 000014.350, 153
Trd, 000015.017, 148
Trd, 000015.400, 150
Trd, 000015.467, 149
Trd, 000015.967, 148
Trd, 000016.033, 153
Trd, 000016.400, 153
Trd, 000016.650, 153
Trd, 000016.917, 149
Trd, 000017.050, 149
Trd, 000018.967, 152
Trd, 000019.767, 150
Trd, 000020.483, 150
Trd, 000021.133, 151
Trd, 000022.017, 150
Trd, 000022.800, 150
Trd, 000023.383, 151
Trd, 000023.717, 150
Trd, 000023.767, 148
Trd, 000024.550, 141
Trd, 000024.900, 152
Trd, 000027.900, 145
Trd, 000028.367, 147
Trd, 000028.500, 149
Trd, 000028.650, 154
Trd, 000029.267, 144
Trd, 000030.217, 149
Trd, 000030.550, 151
Trd, 000032.283, 148
Trd, 000032.883, 149
Trd, 000034.083, 151
Trd, 000034.217, 151
Trd, 000034.517, 151
Trd, 000035.167, 150
Trd, 000035.383, 148
Trd, 000035.517, 154
Trd, 000036.000, 166
Trd, 000036.467, 148
Trd, 000036.867, 153
Trd, 000037.017, 152
Trd, 000038.017, 156
Trd, 000038.250, 159
Trd, 000038.917, 151
Trd, 000039.433, 146
Trd, 000041.800, 151
Trd, 000042.017, 153
Trd, 000042.400, 152
Trd, 000042.633, 151
Trd, 000042.900, 152
Trd, 000043.167, 155
Trd, 000043.900, 149
Trd, 000044.517, 166
Trd, 000044.867, 153
Trd, 000045.100, 156
Trd, 000045.467, 144
Trd, 000046.367, 152
Trd, 000047.017, 153
Trd, 000047.583, 148
Trd, 000048.400, 145
Trd, 000048.433, 147
Trd, 000048.683, 146
Trd, 000049.650, 144
Trd, 000050.100, 148
Trd, 000050.450, 149
Trd, 000050.833, 156
Trd, 000051.450, 167
Trd, 000052.117, 146
Trd, 000052.217, 144
Trd, 000053.750, 149
Trd, 000054.200, 148
Trd, 000055.683, 145
Trd, 000056.367, 149
Trd, 000057.483, 146
Trd, 000057.683, 147
Trd, 000059.533, 148
Trd, 000059.950, 150
Trd, 000060.167, 149
Trd, 000061.400, 151
Trd, 000062.150, 152
Trd, 000062.167, 150
Trd, 000062.233, 156
Trd, 000062.400, 150
Trd, 000062.767, 152
Trd, 000062.833, 157
Trd, 000064.283, 153
Trd, 000064.417, 154
Trd, 000064.633, 168
Trd, 000064.967, 159
Trd, 000065.300, 152
Trd, 000065.533, 159
Trd, 000065.950, 172
Trd, 000066.450, 156
Trd, 000066.583, 153
Trd, 000067.433, 172
Trd, 000068.767, 173
Trd, 000069.083, 155
Trd, 000069.983, 152
Trd, 000070.367, 155
Trd, 000071.167, 166
Trd, 000071.417, 166
Trd, 000073.167, 165
Trd, 000073.367, 165
Trd, 000073.467, 164
Trd, 000073.733, 175
Trd, 000073.833, 168
Trd, 000074.883, 170
Trd, 000076.233, 169
Trd, 000077.167, 169
Trd, 000077.267, 170
Trd, 000077.400, 167
Trd, 000078.067, 156
Trd, 000079.450, 164
Trd, 000079.617, 165
Trd, 000079.917, 157
Trd, 000080.067, 168
Trd, 000080.717, 157
Trd, 000082.667, 158
Trd, 000082.900, 159
Trd, 000083.117, 156
Trd, 000083.300, 169
Trd, 000083.467, 176
Trd, 000084.067, 157
Trd, 000084.433, 155
Trd, 000084.467, 164
Trd, 000084.500, 144
Trd, 000085.400, 164
Trd, 000086.767, 155
Trd, 000088.400, 157
Trd, 000089.367, 161
Trd, 000089.433, 164
Trd, 000089.567, 156
Trd, 000089.783, 164
Trd, 000090.183, 178
Trd, 000090.833, 157
Trd, 000090.950, 153
Trd, 000091.017, 174
Trd, 000091.467, 149
Trd, 000092.700, 178
Trd, 000093.183, 181
Trd, 000094.633, 167
Trd, 000094.700, 175
Trd, 000095.217, 165
Trd, 000095.900, 158
Trd, 000096.067, 157
Trd, 000096.167, 170
Trd, 000097.067, 160
Trd, 000097.867, 168
Trd, 000097.917, 158
Trd, 000099.583, 166
Trd, 000099.617, 168
Trd, 000099.900, 160
Trd, 000100.350, 159
Trd, 000101.100, 167
Trd, 000101.550, 161
Trd, 000101.817, 160
Trd, 000102.667, 163
Trd, 000102.867, 163
Trd, 000103.400, 163
Trd, 000104.083, 159
Trd, 000104.250, 158
Trd, 000104.783, 173
Trd, 000105.783, 163
Trd, 000106.433, 162
Trd, 000106.550, 164
Trd, 000106.600, 157
Trd, 000106.617, 148
Trd, 000107.750, 163
Trd, 000108.850, 151
Trd, 000109.517, 163
Trd, 000109.683, 162
Trd, 000109.750, 158
Trd, 000109.900, 155
Trd, 000110.550, 150
Trd, 000110.700, 163
Trd, 000110.917, 164
Trd, 000111.217, 163
Trd, 000111.250, 173
Trd, 000112.517, 152
Trd, 000113.350, 157
Trd, 000114.233, 159
Trd, 000115.433, 158
Trd, 000115.550, 154
Trd, 000115.683, 153
Trd, 000116.000, 159
Trd, 000116.383, 156
Trd, 000116.533, 153
Trd, 000117.150, 159
Trd, 000117.250, 175
Trd, 000117.417, 177
Trd, 000117.533, 183
Trd, 000119.533, 170
Trd, 000119.850, 163
Trd, 000120.583, 159
Trd, 000120.617, 158
Trd, 000120.850, 154
Trd, 000121.667, 159
Trd, 000122.683, 159
Trd, 000123.167, 160
Trd, 000123.283, 164
Trd, 000123.317, 174
Trd, 000123.567, 187
Trd, 000124.200, 210
Trd, 000124.767, 303.0
Trd, 000124.933, 313.0
Trd, 000125.467, 310.0
Trd, 000125.633, 337.0
Trd, 000126.900, 344.0
Trd, 000127.567, 310.0
Trd, 000127.833, 348.0
Trd, 000128.633, 357
Trd, 000128.650, 358
Trd, 000128.717, 368.0
Trd, 000129.217, 344.0
Trd, 000130.800, 347
Trd, 000130.967, 347
Trd, 000131.467, 353
Trd, 000131.483, 358
Trd, 000131.750, 348
Trd, 000131.833, 345
Trd, 000132.417, 368.0
Trd, 000133.467, 339
Trd, 000134.200, 339
Trd, 000135.600, 342
Trd, 000136.133, 340
Trd, 000137.017, 341.0
Trd, 000137.617, 344
Trd, 000137.817, 343.0
Trd, 000138.550, 342.0
Trd, 000138.983, 344.0
Trd, 000139.850, 345
Trd, 000140.450, 348.0
Trd, 000141.683, 348
Trd, 000141.717, 345
Trd, 000142.117, 347
Trd, 000143.050, 336
Trd, 000143.300, 331
Trd, 000143.800, 347
Trd, 000143.883, 333
Trd, 000144.467, 348
Trd, 000144.533, 347
Trd, 000144.733, 344
Trd, 000145.550, 348.0
Trd, 000147.217, 340
Trd, 000147.717, 352
Trd, 000147.967, 372
Trd, 000148.317, 350
Trd, 000148.433, 349
Trd, 000148.483, 363
Trd, 000149.683, 341
Trd, 000150.100, 344.0
Trd, 000150.567, 347.0
Trd, 000151.150, 342
Trd, 000151.217, 339
Trd, 000152.583, 343
Trd, 000153.367, 344.0
Trd, 000153.833, 348.0
Trd, 000153.933, 342
Trd, 000154.367, 351
Trd, 000155.017, 352
Trd, 000155.800, 351
Trd, 000156.433, 353
Trd, 000158.083, 345
Trd, 000158.400, 352
Trd, 000158.683, 346
Trd, 000159.483, 350
Trd, 000159.750, 349
Trd, 000159.817, 350
Trd, 000160.050, 353
Trd, 000160.483, 357
Trd, 000160.983, 348
Trd, 000161.567, 346
Trd, 000164.817, 346
Trd, 000165.100, 344
Trd, 000165.850, 344.0
Trd, 000165.900, 342
Trd, 000165.917, 335
Trd, 000165.983, 346.0
Trd, 000166.067, 348.0
Trd, 000166.333, 348
Trd, 000167.700, 352
Trd, 000167.750, 339
Trd, 000167.917, 336
Trd, 000168.583, 342.0
Trd, 000169.367, 344.0
Trd, 000170.183, 344
Trd, 000170.450, 353
Trd, 000170.700, 345
Trd, 000170.950, 360
Trd, 000171.950, 351
Trd, 000172.883, 354
Trd, 000172.967, 352
Trd, 000172.983, 372.0
Trd, 000173.383, 372.0
Trd, 000173.867, 355
Trd, 000174.167, 355
Trd, 000174.533, 339
Trd, 000174.567, 338
Trd, 000176.017, 346.0
Trd, 000176.900, 345
Trd, 000177.400, 347.0
Trd, 000179.217, 348.0
Trd, 000179.250, 345
Trd, 000179.567, 344
Trd, 000180.067, 343
Trd, 000180.567, 343
Trd, 000181.400, 340
Trd, 000181.500, 344.0
Trd, 000181.700, 340
Trd, 000182.050, 336
Trd, 000182.167, 343
Trd, 000182.217, 344
Trd, 000182.400, 333
Trd, 000183.033, 325.0
Trd, 000183.217, 324.0
Trd, 000183.933, 309
Trd, 000184.050, 306.0
Trd, 000184.350, 287
Trd, 000184.367, 207
Trd, 000185.033, 194
Trd, 000185.333, 193
Trd, 000186.217, 192
Trd, 000186.400, 173
Trd, 000186.833, 188
Trd, 000188.117, 187
Trd, 000188.467, 188
Trd, 000189.767, 188
Trd, 000190.517, 187
Trd, 000191.317, 189
Trd, 000191.333, 178
Trd, 000191.567, 170
Trd, 000191.650, 166
Trd, 000192.250, 185
Trd, 000192.533, 187
Trd, 000193.250, 163
Trd, 000193.950, 182
Trd, 000195.217, 186
Trd, 000195.233, 173
Trd, 000195.783, 182
Trd, 000196.933, 163
Trd, 000197.367, 163
Trd, 000197.650, 157
Trd, 000198.117, 163
Trd, 000198.833, 163
Trd, 000199.600, 163
Trd, 000199.650, 164
Trd, 000199.667, 165
Trd, 000199.933, 159
Trd, 000200.300, 171
Trd, 000202.517, 166
Trd, 000202.933, 165
Trd, 000203.917, 167
Trd, 000204.033, 171
Trd, 000205.217, 184
Trd, 000205.933, 167
Trd, 000206.717, 168
Trd, 000207.117, 168
Trd, 000207.300, 167
Trd, 000207.417, 165
Trd, 000207.450, 169
Trd, 000207.733, 156
Trd, 000208.517, 169
Trd, 000208.967, 170
Trd, 000209.017, 172
Trd, 000209.433, 164
Trd, 000210.400, 167
Trd, 000212.450, 169
Trd, 000212.617, 172
Trd, 000212.783, 168
Trd, 000213.283, 172
Trd, 000213.350, 184
Trd, 000213.917, 168
Trd, 000214.267, 161
Trd, 000216.183, 163
Trd, 000216.467, 165
Trd, 000217.533, 165
Trd, 000218.367, 166
Trd, 000218.417, 170
Trd, 000218.450, 160
Trd, 000219.233, 168
Trd, 000220.900, 168
Trd, 000220.950, 169
Trd, 000221.067, 171
Trd, 000222.200, 167
Trd, 000222.367, 167
Trd, 000223.250, 170
Trd, 000223.433, 170
Trd, 000223.583, 171
Trd, 000224.467, 184
Trd, 000224.817, 181
Trd, 000224.833, 179
Trd, 000225.067, 182
Trd, 000225.350, 169
Trd, 000225.933, 174
Trd, 000226.183, 168
Trd, 000226.317, 162
Trd, 000226.683, 170
Trd, 000228.400, 164
Trd, 000229.083, 167
Trd, 000229.550, 172
Trd, 000229.683, 174
Trd, 000229.917, 183
Trd, 000230.700, 167
Trd, 000231.367, 167
Trd, 000231.600, 171
Trd, 000233.833, 172
Trd, 000234.167, 182
Trd, 000234.700, 172
Trd, 000236.167, 174
Trd, 000236.417, 174
Trd, 000236.483, 173
Trd, 000236.617, 175
Trd, 000236.883, 175
Trd, 000237.167, 176
Trd, 000237.917, 173
Trd, 000238.417, 172
Trd, 000239.100, 172
Trd, 000240.200, 172
Trd, 000240.400, 183
Trd, 000241.183, 177
Trd, 000241.300, 175
Trd, 000241.567, 178
Trd, 000242.017, 174
Trd, 000242.317, 177
Trd, 000242.467, 177
Trd, 000242.600, 182
Trd, 000242.850, 181
Trd, 000242.917, 186
Trd, 000243.100, 184
Trd, 000243.750, 177
Trd, 000243.800, 192
Trd, 000244.133, 176
Trd, 000245.050, 179
Trd, 000245.383, 164
Trd, 000245.650, 168
Trd, 000246.100, 168
Trd, 000246.900, 167
Trd, 000247.100, 166
Trd, 000247.133, 169
Trd, 000248.333, 160
Trd, 000249.883, 164
Trd, 000250.083, 165
Trd, 000250.533, 168
Trd, 000250.967, 168
Trd, 000251.333, 168
Trd, 000251.367, 169
Trd, 000251.433, 176
Trd, 000252.500, 167
Trd, 000253.267, 172
Trd, 000253.700, 166
Trd, 000254.267, 173
Trd, 000254.317, 181
Trd, 000254.583, 178
Trd, 000254.950, 172
Trd, 000255.267, 173
Trd, 000255.500, 174
Trd, 000255.917, 176
Trd, 000256.133, 170
Trd, 000256.583, 181
Trd, 000256.883, 172
Trd, 000257.367, 178
Trd, 000257.767, 179
Trd, 000258.083, 186
Trd, 000258.233, 181
Trd, 000259.333, 175
Trd, 000259.633, 172
Trd, 000259.783, 175
Trd, 000260.117, 179
Trd, 000260.383, 176
Trd, 000261.300, 157
Trd, 000262.617, 167
Trd, 000262.867, 168
Trd, 000263.317, 170
Trd, 000263.400, 174
Trd, 000264.083, 169
Trd, 000264.683, 171
Trd, 000265.183, 166
Trd, 000265.267, 170
Trd, 000266.133, 170
Trd, 000266.733, 173
Trd, 000268.083, 187
Trd, 000268.467, 182
Trd, 000269.000, 182
Trd, 000269.050, 181
Trd, 000269.617, 188
Trd, 000269.867, 195
Trd, 000269.967, 186
Trd, 000270.017, 188
Trd, 000270.050, 180
Trd, 000270.617, 174
Trd, 000271.217, 199
Trd, 000271.700, 177
Trd, 000272.567, 177
Trd, 000272.833, 183
Trd, 000273.167, 183
Trd, 000273.317, 181
Trd, 000273.383, 178
Trd, 000274.333, 177
Trd, 000274.450, 173
Trd, 000276.083, 166
Trd, 000276.600, 168
Trd, 000276.783, 171
Trd, 000276.800, 174
Trd, 000277.567, 176
Trd, 000277.617, 179
Trd, 000278.667, 175
Trd, 000278.767, 176
Trd, 000279.000, 190
Trd, 000279.567, 181
Trd, 000279.617, 174
Trd, 000280.433, 186
Trd, 000280.717, 172
Trd, 000280.883, 179
Trd, 000281.083, 176
Trd, 000281.967, 177
Trd, 000282.017, 177
Trd, 000282.717, 169
Trd, 000282.783, 178
Trd, 000282.867, 168
Trd, 000282.983, 184
Trd, 000283.050, 186
Trd, 000283.767, 168
Trd, 000283.900, 185
Trd, 000284.017, 164
Trd, 000285.167, 172
Trd, 000285.200, 174
Trd, 000285.283, 176
Trd, 000285.800, 169
Trd, 000286.450, 168
Trd, 000286.633, 176
Trd, 000286.967, 189
Trd, 000288.300, 171
Trd, 000288.383, 170
Trd, 000288.433, 169
Trd, 000288.783, 162
Trd, 000289.567, 174
Trd, 000290.317, 172
Trd, 000290.767, 173
Trd, 000290.817, 173
Trd, 000290.933, 177
Trd, 000291.167, 174
Trd, 000291.700, 176
Trd, 000291.883, 169
Trd, 000292.117, 197
Trd, 000293.050, 177
Trd, 000293.217, 189
Trd, 000293.233, 168
Trd, 000294.433, 187
Trd, 000295.200, 185
Trd, 000295.283, 187
Trd, 000295.600, 190
Trd, 000295.750, 184
Trd, 000295.967, 188
Trd, 000296.400, 180
Trd, 000296.467, 174
Trd, 000296.500, 168
Trd, 000297.283, 188
Trd, 000297.900, 170
Trd, 000298.183, 169
Trd, 000298.817, 185
Trd, 000299.067, 165
Trd, 000299.083, 187
Trd, 000299.100, 160
