Trd, 000000.933, 137
Trd, 000001.333, 181
Trd, 000002.667, 137
Trd, 000003.117, 162
Trd, 000004.400, 162
Trd, 000004.933, 160
Trd, 000005.500, 160
Trd, 000005.917, 158
Trd, 000006.450, 158
Trd, 000006.600, 159
Trd, 000006.967, 159
Trd, 000007.317, 159
Trd, 000008.817, 163
Trd, 000008.950, 160
Trd, 000009.317, 164
Trd, 000010.533, 159
Trd, 000011.433, 161
Trd, 000011.633, 166
Trd, 000011.850, 132
Trd, 000012.517, 151
Trd, 000013.167, 151
Trd, 000014.183, 150
Trd, 000014.433, 152
Trd, 000014.583, 152
Trd, 000014.867, 152
Trd, 000014.933, 155
Trd, 000016.117, 152
Trd, 000016.900, 153
Trd, 000017.450, 160
Trd, 000017.967, 163
Trd, 000019.133, 157
Trd, 000019.350, 156
Trd, 000019.783, 163
Trd, 000019.883, 172
Trd, 000020.183, 162
Trd, 000021.267, 163
Trd, 000021.400, 164
Trd, 000021.800, 165
Trd, 000022.800, 164
Trd, 000023.333, 164
Trd, 000023.467, 165
Trd, 000024.450, 162
Trd, 000024.733, 161
Trd, 000024.817, 160
Trd, 000025.167, 160
Trd, 000025.417, 161
Trd, 000026.883, 162
Trd, 000027.500, 162
Trd, 000028.417, 163
Trd, 000028.867, 164
Trd, 000029.517, 162
Trd, 000029.733, 161
Trd, 000029.833, 161
Trd, 000030.417, 155
Trd, 000030.783, 161
Trd, 000031.683, 160
Trd, 000031.700, 161
Trd, 000031.783, 158
Trd, 000033.083, 158
Trd, 000033.383, 159
Trd, 000034.183, 157
Trd, 000034.700, 159
Trd, 000035.450, 157
Trd, 000035.683, 160
Trd, 000035.783, 161
Trd, 000036.650, 175
Trd, 000037.533, 164
Trd, 000037.583, 167
Trd, 000039.233, 165
Trd, 000039.383, 162
Trd, 000039.583, 166
Trd, 000039.667, 162
Trd, 000039.867, 167
Trd, 000040.783, 162
Trd, 000040.950, 160
Trd, 000041.250, 165
Trd, 000042.333, 160
Trd, 000042.850, 160
Trd, 000043.483, 160
Trd, 000043.967, 159
Trd, 000044.150, 159
Trd, 000044.633, 160
Trd, 000044.800, 166
Trd, 000045.667, 164
Trd, 000047.450, 163
Trd, 000047.550, 162
Trd, 000047.800, 164
Trd, 000047.850, 167
Trd, 000048.200, 142
Trd, 000049.650, 157
Trd, 000049.967, 155
Trd, 000050.533, 162
Trd, 000051.017, 146
Trd, 000051.600, 147
Trd, 000052.767, 157
Trd, 000053.100, 159
Trd, 000053.783, 162
Trd, 000053.850, 151
Trd, 000056.150, 164
Trd, 000056.400, 164
Trd, 000056.433, 154
Trd, 000056.917, 155
Trd, 000057.767, 156
Trd, 000058.300, 161
Trd, 000058.433, 157
Trd, 000059.233, 157
Trd, 000059.683, 157
Trd, 000059.733, 158
Trd, 000060.333, 162
Trd, 000061.733, 157
Trd, 000062.383, 162
Trd, 000063.117, 159
Trd, 000063.567, 162
Trd, 000064.417, 160
Trd, 000064.883, 159
Trd, 000065.050, 160
Trd, 000065.300, 157
Trd, 000065.850, 164
Trd, 000066.900, 164
Trd, 000066.983, 168
Trd, 000067.000, 161
Trd, 000068.333, 165
Trd, 000068.650, 160
Trd, 000069.233, 161
Trd, 000070.417, 161
Trd, 000071.000, 159
Trd, 000071.150, 158
Trd, 000071.367, 159
Trd, 000072.283, 156
Trd, 000073.817, 155
Trd, 000074.233, 157
Trd, 000075.033, 163
Trd, 000075.483, 165
Trd, 000076.483, 167
Trd, 000077.383, 167
Trd, 000077.433, 165
Trd, 000077.450, 165
Trd, 000077.583, 166
Trd, 000078.550, 169
Trd, 000078.783, 166
Trd, 000079.817, 166
Trd, 000080.417, 166
Trd, 000080.767, 165
Trd, 000081.250, 170
Trd, 000082.483, 169
Trd, 000083.500, 169
Trd, 000083.550, 168
Trd, 000083.933, 167
Trd, 000084.033, 169
Trd, 000084.717, 169
Trd, 000085.217, 168
Trd, 000086.517, 166
Trd, 000086.933, 170
Trd, 000087.500, 167
Trd, 000088.350, 166
Trd, 000088.600, 169
Trd, 000088.683, 170
Trd, 000088.883, 171
Trd, 000088.900, 165
Trd, 000088.983, 162
Trd, 000089.817, 155
Trd, 000089.867, 150
Trd, 000089.983, 149
Trd, 000090.367, 156
Trd, 000091.950, 146
Trd, 000093.950, 152
Trd, 000094.483, 154
Trd, 000095.050, 153
Trd, 000095.133, 152
Trd, 000095.917, 149
Trd, 000096.267, 152
Trd, 000096.400, 154
Trd, 000096.717, 167
Trd, 000098.050, 168
Trd, 000098.250, 150
Trd, 000098.750, 167
Trd, 000098.917, 168
Trd, 000100.300, 157
Trd, 000100.767, 163
Trd, 000101.433, 163
Trd, 000102.917, 160
Trd, 000103.100, 162
Trd, 000104.000, 158
Trd, 000105.150, 159
Trd, 000106.350, 163
Trd, 000106.400, 164
Trd, 000108.433, 167
Trd, 000108.867, 167
Trd, 000109.167, 167
Trd, 000109.383, 168
Trd, 000109.833, 167
Trd, 000110.317, 162
Trd, 000110.467, 170
Trd, 000110.867, 163
Trd, 000112.250, 170
Trd, 000112.383, 171
Trd, 000113.133, 170
Trd, 000113.367, 165
Trd, 000114.050, 171
Trd, 000114.867, 171
Trd, 000115.067, 171
Trd, 000115.900, 171
Trd, 000116.833, 173
Trd, 000117.050, 170
Trd, 000117.317, 169
Trd, 000117.983, 171
Trd, 000118.917, 170
Trd, 000119.700, 169
Trd, 000119.983, 168
Trd, 000120.567, 171
Trd, 000120.850, 167
Trd, 000121.683, 173
Trd, 000122.017, 175
Trd, 000123.167, 171
Trd, 000123.217, 174
Trd, 000123.883, 187
Trd, 000124.150, 205
Trd, 000124.183, 245
Trd, 000124.500, 327.0
Trd, 000124.650, 331.0
Trd, 000125.400, 360
Trd, 000125.717, 362
Trd, 000125.983, 366
Trd, 000126.083, 373
Trd, 000127.100, 359
Trd, 000127.517, 362
Trd, 000128.383, 359
Trd, 000128.500, 360
Trd, 000128.733, 361
Trd, 000128.867, 360
Trd, 000130.233, 360
Trd, 000131.283, 365
Trd, 000132.033, 360
Trd, 000132.200, 364
Trd, 000132.550, 358.0
Trd, 000132.967, 364
Trd, 000133.517, 365
Trd, 000133.583, 369
Trd, 000135.783, 363
Trd, 000135.967, 369
Trd, 000136.617, 363
Trd, 000137.250, 366
Trd, 000137.433, 369
Trd, 000137.750, 362
Trd, 000138.367, 365
Trd, 000138.983, 361
Trd, 000139.217, 363
Trd, 000141.150, 362
Trd, 000142.133, 361
Trd, 000142.517, 356
Trd, 000144.500, 359.0
Trd, 000144.883, 365
Trd, 000144.950, 358.0
Trd, 000145.150, 366
Trd, 000145.450, 358
Trd, 000146.067, 357
Trd, 000146.150, 355
Trd, 000146.233, 367
Trd, 000147.767, 364
Trd, 000147.900, 366
Trd, 000148.333, 363
Trd, 000148.967, 364
Trd, 000149.000, 365
Trd, 000149.567, 366
Trd, 000149.767, 360
Trd, 000150.250, 364
Trd, 000150.267, 360
Trd, 000151.533, 359.0
Trd, 000152.367, 358
Trd, 000154.067, 360
Trd, 000154.183, 364
Trd, 000154.633, 365
Trd, 000155.650, 366
Trd, 000156.517, 365
Trd, 000157.500, 368
Trd, 000157.833, 366
Trd, 000157.933, 365
Trd, 000158.767, 363
Trd, 000159.100, 370
Trd, 000160.150, 364
Trd, 000160.733, 363
Trd, 000161.150, 369
Trd, 000161.383, 362
Trd, 000161.833, 361
Trd, 000162.500, 359
Trd, 000162.533, 358
Trd, 000162.817, 368
Trd, 000163.133, 359
Trd, 000163.300, 366
Trd, 000164.517, 369
Trd, 000165.183, 372
Trd, 000166.500, 365
Trd, 000166.567, 366
Trd, 000167.683, 367
Trd, 000167.900, 367.0
Trd, 000168.017, 368
Trd, 000168.067, 366.0
Trd, 000168.617, 361
Trd, 000170.683, 361
Trd, 000171.383, 360
Trd, 000171.450, 361
Trd, 000171.683, 360
Trd, 000172.283, 360
Trd, 000173.600, 358.0
Trd, 000174.150, 357
Trd, 000174.950, 357
Trd, 000175.150, 355
Trd, 000175.767, 355
Trd, 000175.983, 356
Trd, 000176.400, 365
Trd, 000176.450, 357
Trd, 000176.633, 372
Trd, 000177.467, 355
Trd, 000178.267, 365
Trd, 000178.600, 366
Trd, 000179.883, 356
Trd, 000179.967, 354
Trd, 000180.267, 334
Trd, 000180.467, 365
Trd, 000181.633, 363
Trd, 000181.850, 360.0
Trd, 000182.433, 358.0
Trd, 000182.850, 357
Trd, 000182.917, 355
Trd, 000183.217, 347
Trd, 000183.850, 327
Trd, 000184.267, 326
Trd, 000184.550, 317.0
Trd, 000184.600, 285
Trd, 000185.033, 289
Trd, 000185.417, 218
Trd, 000186.400, 214
Trd, 000186.700, 190
Trd, 000188.117, 187
Trd, 000188.483, 185
Trd, 000189.383, 185
Trd, 000190.217, 187
Trd, 000190.267, 188
Trd, 000190.583, 191
Trd, 000190.717, 184
Trd, 000192.250, 185
Trd, 000193.317, 187
Trd, 000193.433, 180
Trd, 000194.167, 188
Trd, 000194.233, 182
Trd, 000195.200, 181
Trd, 000195.750, 190
Trd, 000199.150, 183
Trd, 000199.817, 189
Trd, 000200.417, 186
Trd, 000200.933, 186
Trd, 000201.267, 187
Trd, 000201.367, 185
Trd, 000201.500, 184
Trd, 000202.367, 182
Trd, 000203.550, 179
Trd, 000204.033, 179
Trd, 000204.717, 179
Trd, 000205.350, 177
Trd, 000206.017, 176
Trd, 000206.500, 176
Trd, 000207.417, 177
Trd, 000207.533, 180
Trd, 000207.983, 193
Trd, 000208.367, 179
Trd, 000208.400, 171
Trd, 000209.500, 181
Trd, 000210.550, 175
Trd, 000211.033, 174
Trd, 000212.383, 174
Trd, 000212.700, 173
Trd, 000213.417, 172
Trd, 000214.150, 174
Trd, 000214.167, 175
Trd, 000214.350, 179
Trd, 000215.567, 178
Trd, 000216.500, 181
Trd, 000217.800, 190
Trd, 000217.817, 185
Trd, 000217.917, 184
Trd, 000220.133, 184
Trd, 000221.083, 184
Trd, 000221.100, 185
Trd, 000221.500, 185
Trd, 000222.150, 185
Trd, 000222.800, 186
Trd, 000224.000, 186
Trd, 000224.667, 187
Trd, 000225.067, 186
Trd, 000225.650, 187
Trd, 000226.450, 187
Trd, 000227.283, 185
Trd, 000227.450, 185
Trd, 000227.850, 185
Trd, 000229.383, 185
Trd, 000229.550, 186
Trd, 000229.567, 182
Trd, 000229.617, 181
Trd, 000230.950, 169
Trd, 000231.217, 173
Trd, 000231.550, 178
Trd, 000232.467, 178
Trd, 000232.783, 179
Trd, 000233.400, 180
Trd, 000233.483, 181
Trd, 000233.833, 177
Trd, 000234.083, 178
Trd, 000234.383, 185
Trd, 000236.083, 176
Trd, 000236.833, 176
Trd, 000237.367, 176
Trd, 000238.983, 169
Trd, 000239.733, 173
Trd, 000239.883, 166
Trd, 000240.333, 170
Trd, 000240.483, 169
Trd, 000240.750, 168
Trd, 000240.917, 167
Trd, 000240.933, 168
Trd, 000241.250, 169
Trd, 000241.383, 167
Trd, 000241.500, 180
Trd, 000241.733, 183
Trd, 000241.950, 182
Trd, 000242.500, 182
Trd, 000242.883, 184
Trd, 000243.900, 181
Trd, 000244.833, 181
Trd, 000245.133, 182
Trd, 000245.217, 180
Trd, 000245.350, 179
Trd, 000245.583, 178
Trd, 000246.250, 180
Trd, 000246.567, 181
Trd, 000246.900, 184
Trd, 000247.900, 185
Trd, 000248.383, 185
Trd, 000248.967, 185
Trd, 000249.600, 187
Trd, 000249.983, 186
Trd, 000250.500, 189
Trd, 000250.567, 186
Trd, 000250.783, 185
Trd, 000250.900, 183
Trd, 000251.667, 183
Trd, 000251.767, 185
Trd, 000252.167, 180
Trd, 000252.367, 181
Trd, 000252.683, 180
Trd, 000253.283, 181
Trd, 000253.350, 180
Trd, 000254.283, 183
Trd, 000254.450, 181
Trd, 000255.617, 180
Trd, 000255.667, 181
Trd, 000256.433, 181
Trd, 000256.617, 183
Trd, 000257.167, 179
Trd, 000257.533, 181
Trd, 000257.683, 181
Trd, 000257.967, 184
Trd, 000258.700, 181
Trd, 000260.117, 181
Trd, 000261.300, 181
Trd, 000261.617, 181
Trd, 000262.067, 178
Trd, 000262.150, 181
Trd, 000262.583, 180
Trd, 000263.017, 182
Trd, 000263.083, 179
Trd, 000263.567, 180
Trd, 000263.850, 177
Trd, 000264.033, 180
Trd, 000265.350, 162
Trd, 000265.817, 163
Trd, 000266.067, 182
Trd, 000266.517, 173
Trd, 000266.617, 171
Trd, 000266.733, 181
Trd, 000267.533, 179
Trd, 000267.567, 184
Trd, 000268.583, 184
Trd, 000268.717, 177
Trd, 000268.800, 185
Trd, 000269.567, 185
Trd, 000270.350, 190
Trd, 000270.483, 185
Trd, 000271.317, 187
Trd, 000271.850, 189
Trd, 000272.050, 185
Trd, 000272.700, 189
Trd, 000273.017, 185
Trd, 000273.600, 185
Trd, 000274.017, 184
Trd, 000274.250, 184
Trd, 000274.683, 185
Trd, 000275.183, 183
Trd, 000275.283, 182
Trd, 000275.850, 186
Trd, 000276.583, 188
Trd, 000276.600, 189
Trd, 000276.783, 185
Trd, 000276.967, 192
Trd, 000277.083, 166
Trd, 000278.017, 183
Trd, 000278.067, 178
Trd, 000279.550, 182
Trd, 000279.817, 182
Trd, 000280.333, 187
Trd, 000280.667, 182
Trd, 000281.450, 181
Trd, 000281.717, 186
Trd, 000282.000, 187
Trd, 000282.067, 184
Trd, 000282.117, 188
Trd, 000282.383, 192
Trd, 000283.333, 192
Trd, 000284.017, 186
Trd, 000284.283, 185
Trd, 000284.733, 188
Trd, 000285.100, 189
Trd, 000285.367, 183
Trd, 000286.800, 183
Trd, 000287.350, 183
Trd, 000287.617, 162
Trd, 000287.733, 166
Trd, 000288.417, 171
Trd, 000289.333, 188
Trd, 000289.600, 184
Trd, 000289.700, 183
Trd, 000290.283, 164
Trd, 000290.767, 171
Trd, 000290.783, 172
Trd, 000290.967, 189
Trd, 000291.533, 179
Trd, 000291.767, 191
Trd, 000292.250, 194
Trd, 000292.450, 187
Trd, 000292.700, 185
Trd, 000293.150, 200
Trd, 000293.800, 201
Trd, 000294.067, 186
Trd, 000294.617, 201
Trd, 000296.000, 189
Trd, 000296.083, 189
Trd, 000296.200, 191
Trd, 000296.800, 193
Trd, 000296.983, 188
Trd, 000297.867, 193
Trd, 000297.983, 194
Trd, 000298.217, 194
Trd, 000298.367, 187
Trd, 000298.600, 187
Trd, 000298.650, 173
Trd, 000299.517, 182
