Trd, 000002.050, 148
Trd, 000002.583, 146
Trd, 000003.050, 155
Trd, 000003.550, 165
Trd, 000004.483, 150
Trd, 000004.500, 151
Trd, 000004.533, 148
Trd, 000004.700, 151
Trd, 000004.817, 148
Trd, 000005.583, 156
Trd, 000006.117, 152
Trd, 000007.050, 147
Trd, 000007.483, 150
Trd, 000007.783, 137
Trd, 000007.900, 141
Trd, 000008.033, 142
Trd, 000008.450, 151
Trd, 000009.200, 148
Trd, 000010.650, 144
Trd, 000010.700, 149
Trd, 000011.150, 149
Trd, 000011.567, 152
Trd, 000012.317, 166
Trd, 000012.500, 151
Trd, 000012.517, 150
Trd, 000013.183, 153
Trd, 000013.517, 170
Trd, 000014.433, 176
Trd, 000014.817, 165
Trd, 000016.267, 165
Trd, 000016.583, 170
Trd, 000017.650, 159
Trd, 000018.133, 167
Trd, 000018.600, 167
Trd, 000019.350, 173
Trd, 000019.517, 162
Trd, 000019.717, 161
Trd, 000020.483, 165
Trd, 000020.550, 159
Trd, 000020.750, 166
Trd, 000021.333, 173
Trd, 000022.417, 151
Trd, 000023.083, 153
Trd, 000023.517, 165
Trd, 000023.767, 156
Trd, 000024.900, 148
Trd, 000025.567, 149
Trd, 000025.633, 147
Trd, 000025.767, 150
Trd, 000026.183, 158
Trd, 000026.267, 170
Trd, 000027.267, 159
Trd, 000029.183, 151
Trd, 000029.200, 155
Trd, 000029.217, 155
Trd, 000029.433, 151
Trd, 000030.450, 152
Trd, 000030.967, 153
Trd, 000031.333, 154
Trd, 000032.933, 153
Trd, 000033.317, 154
Trd, 000033.500, 154
Trd, 000033.833, 153
Trd, 000034.917, 152
Trd, 000035.167, 152
Trd, 000035.350, 154
Trd, 000035.600, 151
Trd, 000035.800, 149
Trd, 000037.117, 156
Trd, 000037.133, 168
Trd, 000037.750, 179
Trd, 000038.000, 160
Trd, 000038.650, 166
Trd, 000038.667, 159
Trd, 000038.700, 147
Trd, 000040.367, 159
Trd, 000040.983, 163
Trd, 000041.067, 173
Trd, 000042.767, 169
Trd, 000042.867, 158
Trd, 000043.717, 167
Trd, 000044.367, 168
Trd, 000044.417, 169
Trd, 000044.700, 171
Trd, 000044.917, 161
Trd, 000046.183, 186
Trd, 000046.217, 160
Trd, 000046.483, 160
Trd, 000047.000, 171
Trd, 000047.350, 160
Trd, 000048.733, 159
Trd, 000048.833, 158
Trd, 000049.717, 164
Trd, 000050.950, 160
Trd, 000051.033, 162
Trd, 000051.083, 160
Trd, 000052.717, 161
Trd, 000052.783, 160
Trd, 000052.867, 160
Trd, 000053.250, 160
Trd, 000053.350, 159
Trd, 000053.367, 157
Trd, 000055.017, 162
Trd, 000055.083, 162
Trd, 000055.500, 174
Trd, 000057.117, 168
Trd, 000057.383, 179
Trd, 000058.250, 166
Trd, 000058.383, 163
Trd, 000058.900, 171
Trd, 000059.367, 163
Trd, 000059.450, 172
Trd, 000059.983, 161
Trd, 000060.383, 171
Trd, 000062.067, 167
Trd, 000062.167, 169
Trd, 000062.400, 165
Trd, 000062.517, 171
Trd, 000062.783, 174
Trd, 000063.900, 181
Trd, 000064.600, 174
Trd, 000065.067, 162
Trd, 000065.200, 157
Trd, 000065.500, 165
Trd, 000066.250, 157
Trd, 000066.367, 165
Trd, 000067.350, 168
Trd, 000067.550, 157
Trd, 000067.800, 167
Trd, 000068.083, 163
Trd, 000068.267, 155
Trd, 000068.633, 149
Trd, 000068.650, 156
Trd, 000069.967, 157
Trd, 000070.550, 158
Trd, 000070.883, 160
Trd, 000071.517, 157
Trd, 000072.317, 158
Trd, 000073.167, 159
Trd, 000073.183, 158
Trd, 000073.650, 159
Trd, 000073.800, 159
Trd, 000074.200, 156
Trd, 000075.000, 173
Trd, 000076.183, 171
Trd, 000077.417, 164
Trd, 000077.517, 164
Trd, 000077.917, 160
Trd, 000078.317, 171
Trd, 000079.100, 176
Trd, 000079.317, 177
Trd, 000079.467, 160
Trd, 000080.000, 159
Trd, 000080.483, 159
Trd, 000081.467, 168
Trd, 000081.533, 169
Trd, 000081.967, 170
Trd, 000081.983, 183
Trd, 000084.167, 173
Trd, 000084.533, 169
Trd, 000085.217, 169
Trd, 000085.467, 167
Trd, 000085.600, 165
Trd, 000086.517, 167
Trd, 000087.517, 166
Trd, 000087.917, 167
Trd, 000088.367, 167
Trd, 000088.433, 166
Trd, 000089.217, 164
Trd, 000090.083, 163
Trd, 000090.117, 167
Trd, 000090.183, 168
Trd, 000090.533, 160
Trd, 000090.967, 167
Trd, 000091.783, 177
Trd, 000093.450, 160
Trd, 000094.000, 167
Trd, 000094.083, 162
Trd, 000094.850, 162
Trd, 000095.200, 164
Trd, 000095.250, 162
Trd, 000095.700, 163
Trd, 000095.983, 165
Trd, 000096.567, 160
Trd, 000096.750, 166
Trd, 000097.817, 164
Trd, 000098.333, 161
Trd, 000098.450, 160
Trd, 000099.033, 162
Trd, 000099.083, 165
Trd, 000100.133, 161
Trd, 000100.483, 158
Trd, 000101.167, 153
Trd, 000101.283, 162
Trd, 000101.617, 151
Trd, 000101.783, 162
Trd, 000103.350, 158
Trd, 000104.033, 160
Trd, 000104.050, 159
Trd, 000104.100, 161
Trd, 000104.533, 162
Trd, 000105.583, 165
Trd, 000107.800, 159
Trd, 000107.850, 159
Trd, 000108.117, 162
Trd, 000108.433, 163
Trd, 000108.567, 166
Trd, 000108.967, 158
Trd, 000109.050, 159
Trd, 000109.950, 161
Trd, 000110.733, 158
Trd, 000111.000, 155
Trd, 000111.150, 179
Trd, 000111.767, 159
Trd, 000112.817, 167
Trd, 000112.883, 178
Trd, 000113.933, 178
Trd, 000114.183, 179
Trd, 000114.600, 165
Trd, 000115.933, 168
Trd, 000116.050, 166
Trd, 000116.183, 166
Trd, 000116.200, 168
Trd, 000116.517, 168
Trd, 000116.600, 170
Trd, 000116.917, 171
Trd, 000116.933, 165
Trd, 000117.333, 164
Trd, 000118.450, 167
Trd, 000119.767, 168
Trd, 000120.600, 166
Trd, 000121.083, 168
Trd, 000121.117, 169
Trd, 000121.583, 191
Trd, 000122.033, 201
Trd, 000122.583, 205
Trd, 000123.533, 233
Trd, 000124.183, 245
Trd, 000124.600, 307
Trd, 000124.950, 341.0
Trd, 000124.967, 338.0
Trd, 000125.667, 345
Trd, 000126.000, 338.0
Trd, 000126.217, 351.0
Trd, 000126.567, 349
Trd, 000126.600, 355.0
Trd, 000127.467, 376
Trd, 000127.950, 366
Trd, 000128.700, 365.0
Trd, 000129.167, 375
Trd, 000129.400, 366
Trd, 000131.083, 364
Trd, 000131.183, 363
Trd, 000132.017, 366
Trd, 000132.150, 355
Trd, 000132.850, 356.0
Trd, 000134.067, 362
Trd, 000134.117, 358
Trd, 000134.317, 363
Trd, 000135.317, 363
Trd, 000135.883, 363
Trd, 000136.700, 366
Trd, 000136.800, 357
Trd, 000137.617, 365.0
Trd, 000137.783, 355.0
Trd, 000137.950, 350.0
Trd, 000139.250, 348.0
Trd, 000139.900, 346
Trd, 000140.450, 351.0
Trd, 000140.867, 351
Trd, 000141.367, 353
Trd, 000142.083, 350
Trd, 000142.383, 360
Trd, 000142.517, 361
Trd, 000143.150, 357
Trd, 000143.483, 365
Trd, 000143.867, 367
Trd, 000144.550, 355.0
Trd, 000145.267, 351
Trd, 000145.517, 349
Trd, 000146.783, 365.0
Trd, 000147.833, 366
Trd, 000148.483, 367
Trd, 000148.683, 356
Trd, 000149.417, 365
Trd, 000149.883, 366
Trd, 000150.017, 353
Trd, 000150.717, 354
Trd, 000150.933, 346
Trd, 000151.200, 347.0
Trd, 000152.000, 349
Trd, 000152.283, 344.0
Trd, 000152.667, 349
Trd, 000152.783, 350
Trd, 000153.867, 348
Trd, 000154.317, 351.0
Trd, 000154.533, 353
Trd, 000156.167, 350
Trd, 000156.483, 347
Trd, 000156.500, 353
Trd, 000156.850, 355.0
Trd, 000157.217, 345
Trd, 000158.100, 349.0
Trd, 000160.350, 350
Trd, 000160.433, 346.0
Trd, 000161.067, 348.0
Trd, 000162.183, 349
Trd, 000162.750, 352
Trd, 000162.883, 351
Trd, 000162.917, 368
Trd, 000163.917, 355
Trd, 000164.450, 354
Trd, 000164.567, 362
Trd, 000165.183, 356
Trd, 000165.867, 356
Trd, 000166.733, 355
Trd, 000166.983, 370
Trd, 000168.150, 356
Trd, 000168.400, 358
Trd, 000168.617, 360
Trd, 000170.517, 355.0
Trd, 000170.717, 355
Trd, 000171.250, 361
Trd, 000171.950, 353
Trd, 000172.067, 359
Trd, 000172.383, 350
Trd, 000173.467, 356
Trd, 000174.067, 354
Trd, 000174.883, 353
Trd, 000175.033, 349
Trd, 000175.500, 355
Trd, 000175.783, 365
Trd, 000176.150, 366
Trd, 000176.783, 362
Trd, 000176.867, 368
Trd, 000177.033, 352
Trd, 000177.317, 348
Trd, 000177.517, 362
Trd, 000177.600, 346
Trd, 000180.200, 368
Trd, 000180.850, 365.0
Trd, 000180.883, 357
Trd, 000181.933, 362
Trd, 000182.150, 355.0
Trd, 000182.183, 354
Trd, 000182.467, 352
Trd, 000182.733, 344.0
Trd, 000183.367, 330
Trd, 000183.717, 303.0
Trd, 000184.050, 299
Trd, 000184.267, 211
Trd, 000185.650, 211
Trd, 000185.917, 196
Trd, 000186.017, 193
Trd, 000186.150, 191
Trd, 000186.383, 186
Trd, 000186.783, 185
Trd, 000186.933, 183
Trd, 000187.333, 184
Trd, 000189.033, 192
Trd, 000189.233, 185
Trd, 000189.967, 176
Trd, 000190.067, 181
Trd, 000190.633, 171
Trd, 000191.283, 188
Trd, 000191.600, 190
Trd, 000192.000, 190
Trd, 000193.000, 186
Trd, 000194.467, 189
Trd, 000194.500, 185
Trd, 000194.817, 190
Trd, 000194.833, 184
Trd, 000195.517, 198
Trd, 000195.550, 184
Trd, 000195.800, 194
Trd, 000196.117, 188
Trd, 000197.183, 198
Trd, 000198.067, 195
Trd, 000198.217, 188
Trd, 000199.450, 186
Trd, 000199.700, 187
Trd, 000200.150, 185
Trd, 000200.167, 177
Trd, 000200.567, 170
Trd, 000201.383, 167
Trd, 000201.633, 168
Trd, 000202.233, 171
Trd, 000202.433, 168
Trd, 000203.400, 178
Trd, 000204.000, 175
Trd, 000204.750, 181
Trd, 000206.183, 176
Trd, 000206.483, 177
Trd, 000206.550, 175
Trd, 000208.417, 179
Trd, 000208.867, 180
Trd, 000209.250, 179
Trd, 000209.367, 189
Trd, 000210.233, 189
Trd, 000210.583, 189
Trd, 000211.367, 192
Trd, 000211.433, 189
Trd, 000211.600, 188
Trd, 000211.867, 187
Trd, 000211.983, 178
Trd, 000212.533, 172
Trd, 000212.883, 186
Trd, 000213.100, 171
Trd, 000214.517, 176
Trd, 000215.300, 175
Trd, 000215.983, 175
Trd, 000216.083, 165
Trd, 000217.017, 175
Trd, 000217.050, 171
Trd, 000217.733, 175
Trd, 000218.233, 174
Trd, 000218.500, 174
Trd, 000219.650, 170
Trd, 000219.717, 171
Trd, 000220.350, 169
Trd, 000221.300, 173
Trd, 000221.900, 173
Trd, 000222.333, 172
Trd, 000223.167, 171
Trd, 000223.417, 171
Trd, 000223.483, 173
Trd, 000223.733, 170
Trd, 000223.867, 169
Trd, 000224.133, 173
Trd, 000224.800, 177
Trd, 000225.483, 174
Trd, 000226.100, 193
Trd, 000226.167, 174
Trd, 000227.267, 201
Trd, 000227.383, 181
Trd, 000227.617, 175
Trd, 000228.183, 171
Trd, 000229.400, 200
Trd, 000231.267, 185
Trd, 000232.250, 188
Trd, 000232.750, 189
Trd, 000232.983, 188
Trd, 000233.533, 189
Trd, 000233.933, 190
Trd, 000234.283, 190
Trd, 000235.500, 180
Trd, 000235.783, 178
Trd, 000236.300, 173
Trd, 000236.567, 172
Trd, 000236.633, 173
Trd, 000238.533, 176
Trd, 000238.783, 172
Trd, 000239.467, 173
Trd, 000239.683, 177
Trd, 000240.350, 173
Trd, 000240.850, 175
Trd, 000241.150, 173
Trd, 000241.200, 172
Trd, 000241.583, 171
Trd, 000241.600, 174
Trd, 000242.117, 174
Trd, 000242.217, 173
Trd, 000242.233, 172
Trd, 000243.400, 172
Trd, 000243.700, 173
Trd, 000243.917, 170
Trd, 000244.217, 175
Trd, 000244.783, 171
Trd, 000245.067, 172
Trd, 000245.183, 170
Trd, 000245.450, 171
Trd, 000245.600, 173
Trd, 000246.083, 175
Trd, 000246.783, 173
Trd, 000247.000, 176
Trd, 000247.667, 176
Trd, 000247.900, 175
Trd, 000248.817, 177
Trd, 000249.317, 177
Trd, 000249.617, 170
Trd, 000250.117, 170
Trd, 000250.367, 173
Trd, 000250.633, 170
Trd, 000250.917, 175
Trd, 000251.567, 171
Trd, 000251.900, 171
Trd, 000252.033, 174
Trd, 000252.683, 175
Trd, 000252.983, 177
Trd, 000253.867, 175
Trd, 000254.650, 175
Trd, 000255.067, 193
Trd, 000255.417, 179
Trd, 000255.650, 178
Trd, 000255.800, 185
Trd, 000256.200, 178
Trd, 000256.517, 178
Trd, 000256.833, 179
Trd, 000257.200, 180
Trd, 000257.667, 178
Trd, 000257.967, 181
Trd, 000258.233, 180
Trd, 000258.783, 179
Trd, 000258.833, 178
Trd, 000258.983, 177
Trd, 000259.617, 176
Trd, 000259.850, 177
Trd, 000259.950, 180
Trd, 000260.033, 175
Trd, 000260.283, 178
Trd, 000261.117, 176
Trd, 000261.400, 175
Trd, 000261.650, 177
Trd, 000262.300, 175
Trd, 000262.317, 170
Trd, 000263.050, 178
Trd, 000263.317, 173
Trd, 000263.767, 171
Trd, 000264.650, 172
Trd, 000264.683, 171
Trd, 000264.917, 174
Trd, 000265.583, 177
Trd, 000267.017, 175
Trd, 000267.033, 172
Trd, 000267.583, 173
Trd, 000268.300, 173
Trd, 000268.400, 174
Trd, 000268.567, 176
Trd, 000269.083, 175
Trd, 000269.650, 172
Trd, 000270.017, 174
Trd, 000270.350, 173
Trd, 000270.383, 172
Trd, 000270.700, 177
Trd, 000271.567, 176
Trd, 000271.717, 175
Trd, 000271.783, 178
Trd, 000271.867, 182
Trd, 000272.117, 199
Trd, 000272.800, 180
Trd, 000273.250, 178
Trd, 000273.300, 175
Trd, 000274.033, 185
Trd, 000274.417, 180
Trd, 000274.867, 175
Trd, 000274.900, 174
Trd, 000275.083, 171
Trd, 000275.250, 175
Trd, 000275.767, 175
Trd, 000276.683, 176
Trd, 000277.700, 178
Trd, 000278.000, 178
Trd, 000278.483, 178
Trd, 000278.683, 179
Trd, 000278.817, 177
Trd, 000278.867, 177
Trd, 000278.983, 180
Trd, 000279.033, 181
Trd, 000279.383, 181
Trd, 000280.200, 178
Trd, 000280.383, 175
Trd, 000280.917, 174
Trd, 000280.967, 182
Trd, 000281.750, 182
Trd, 000281.767, 183
Trd, 000282.033, 198
Trd, 000282.717, 185
Trd, 000282.783, 178
Trd, 000283.950, 196
Trd, 000284.317, 193
Trd, 000284.967, 188
Trd, 000284.983, 184
Trd, 000285.217, 189
Trd, 000285.317, 197
Trd, 000285.600, 170
Trd, 000285.917, 203
Trd, 000286.550, 176
Trd, 000286.717, 176
Trd, 000286.833, 177
Trd, 000287.200, 176
Trd, 000287.567, 179
Trd, 000288.217, 179
Trd, 000289.350, 180
Trd, 000289.367, 183
Trd, 000289.600, 183
Trd, 000289.883, 179
Trd, 000290.617, 178
Trd, 000291.183, 176
Trd, 000291.317, 180
Trd, 000291.467, 176
Trd, 000291.533, 177
Trd, 000292.300, 179
Trd, 000292.400, 175
Trd, 000293.617, 178
Trd, 000294.017, 177
Trd, 000294.250, 178
Trd, 000294.600, 180
Trd, 000295.100, 173
Trd, 000295.267, 170
Trd, 000295.733, 183
Trd, 000295.767, 170
Trd, 000296.250, 183
Trd, 000296.333, 172
Trd, 000296.733, 195
Trd, 000297.100, 184
Trd, 000297.150, 171
Trd, 000297.650, 185
Trd, 000298.067, 170
Trd, 000299.550, 183
Trd, 000299.600, 184
