Trd, 000001.150, 153
Trd, 000001.200, 167
Trd, 000001.850, 145
Trd, 000003.500, 147
Trd, 000004.050, 139
Trd, 000005.050, 140
Trd, 000005.083, 141
Trd, 000006.467, 147
Trd, 000006.600, 148
Trd, 000007.233, 161
Trd, 000008.350, 149
Trd, 000008.567, 148
Trd, 000008.850, 156
Trd, 000009.433, 158
Trd, 000009.467, 148
Trd, 000010.867, 152
Trd, 000010.883, 154
Trd, 000011.600, 149
Trd, 000013.450, 149
Trd, 000014.133, 153
Trd, 000015.517, 153
Trd, 000015.600, 154
Trd, 000015.783, 154
Trd, 000015.817, 152
Trd, 000016.133, 157
Trd, 000016.450, 153
Trd, 000016.967, 157
Trd, 000017.000, 153
Trd, 000018.467, 158
Trd, 000019.217, 153
Trd, 000019.783, 152
Trd, 000023.317, 153
Trd, 000023.550, 153
Trd, 000024.283, 154
Trd, 000024.967, 152
Trd, 000025.700, 153
Trd, 000025.817, 152
Trd, 000026.100, 153
Trd, 000026.250, 152
Trd, 000026.567, 151
Trd, 000027.783, 151
Trd, 000028.067, 152
Trd, 000028.400, 153
Trd, 000029.333, 151
Trd, 000029.633, 147
Trd, 000029.767, 151
Trd, 000031.283, 147
Trd, 000031.483, 148
Trd, 000031.750, 147
Trd, 000032.117, 147
Trd, 000032.600, 161
Trd, 000034.450, 151
Trd, 000035.933, 149
Trd, 000036.017, 150
Trd, 000036.400, 151
Trd, 000036.767, 152
Trd, 000037.033, 152
Trd, 000037.450, 148
Trd, 000038.483, 149
Trd, 000038.567, 149
Trd, 000038.883, 146
Trd, 000039.067, 148
Trd, 000039.150, 152
Trd, 000039.567, 152
Trd, 000040.000, 150
Trd, 000040.400, 149
Trd, 000041.833, 146
Trd, 000042.833, 149
Trd, 000043.033, 149
Trd, 000043.433, 149
Trd, 000044.117, 150
Trd, 000044.533, 150
Trd, 000044.983, 150
Trd, 000045.183, 151
Trd, 000046.383, 150
Trd, 000046.967, 152
Trd, 000047.817, 152
Trd, 000048.533, 151
Trd, 000048.717, 153
Trd, 000048.800, 153
Trd, 000048.950, 155
Trd, 000049.550, 155
Trd, 000050.083, 157
Trd, 000050.350, 151
Trd, 000051.467, 161
Trd, 000052.017, 154
Trd, 000052.367, 153
Trd, 000053.567, 154
Trd, 000053.950, 152
Trd, 000054.617, 150
Trd, 000054.667, 149
Trd, 000055.150, 150
Trd, 000055.333, 151
Trd, 000055.600, 151
Trd, 000056.767, 151
Trd, 000057.167, 154
Trd, 000057.483, 151
Trd, 000058.733, 150
Trd, 000059.017, 149
Trd, 000060.300, 150
Trd, 000060.333, 150
Trd, 000060.700, 149
Trd, 000060.833, 154
Trd, 000061.417, 149
Trd, 000061.733, 148
Trd, 000062.033, 152
Trd, 000063.250, 162
Trd, 000063.950, 153
Trd, 000065.283, 151
Trd, 000065.333, 153
Trd, 000065.583, 150
Trd, 000065.917, 149
Trd, 000067.567, 150
Trd, 000068.050, 150
Trd, 000068.183, 150
Trd, 000068.400, 149
Trd, 000068.417, 152
Trd, 000068.733, 153
Trd, 000068.883, 155
Trd, 000070.750, 155
Trd, 000071.850, 153
Trd, 000072.350, 153
Trd, 000072.700, 151
Trd, 000073.600, 151
Trd, 000074.400, 152
Trd, 000074.783, 152
Trd, 000075.400, 153
Trd, 000076.483, 151
Trd, 000076.500, 155
Trd, 000077.867, 155
Trd, 000078.000, 155
Trd, 000078.917, 155
Trd, 000079.217, 166
Trd, 000080.167, 156
Trd, 000080.533, 156
Trd, 000080.850, 156
Trd, 000081.683, 155
Trd, 000081.883, 155
Trd, 000082.133, 156
Trd, 000082.350, 152
Trd, 000083.000, 156
Trd, 000083.917, 150
Trd, 000084.350, 151
Trd, 000084.650, 151
Trd, 000084.683, 152
Trd, 000084.967, 154
Trd, 000086.100, 154
Trd, 000086.200, 153
Trd, 000087.133, 155
Trd, 000087.883, 154
Trd, 000088.483, 155
Trd, 000088.950, 167
Trd, 000090.500, 155
Trd, 000090.650, 155
Trd, 000091.117, 157
Trd, 000091.250, 155
Trd, 000091.683, 154
Trd, 000092.550, 154
Trd, 000092.717, 153
Trd, 000093.483, 151
Trd, 000093.900, 152
Trd, 000096.817, 148
Trd, 000097.167, 150
Trd, 000097.333, 150
Trd, 000097.433, 150
Trd, 000097.683, 151
Trd, 000098.467, 152
Trd, 000099.467, 153
Trd, 000099.733, 153
Trd, 000099.900, 152
Trd, 000100.200, 154
Trd, 000100.383, 152
Trd, 000100.800, 156
Trd, 000100.833, 158
Trd, 000101.300, 203
Trd, 000102.683, 167
Trd, 000102.783, 168
Trd, 000103.867, 163
Trd, 000105.800, 164
Trd, 000105.900, 161
Trd, 000105.983, 165
Trd, 000107.267, 165
Trd, 000107.350, 169
Trd, 000107.650, 163
Trd, 000109.367, 164
Trd, 000109.517, 162
Trd, 000110.083, 163
Trd, 000111.233, 161
Trd, 000111.517, 161
Trd, 000112.300, 162
Trd, 000112.650, 160
Trd, 000113.333, 161
Trd, 000113.550, 163
Trd, 000114.100, 164
Trd, 000115.683, 165
Trd, 000115.883, 166
Trd, 000116.883, 164
Trd, 000117.517, 163
Trd, 000118.083, 163
Trd, 000118.867, 161
Trd, 000119.350, 161
Trd, 000119.500, 162
Trd, 000119.517, 164
Trd, 000119.717, 159
Trd, 000121.150, 157
Trd, 000121.967, 158
Trd, 000122.433, 158
Trd, 000122.483, 160
Trd, 000122.583, 177
Trd, 000122.617, 180
Trd, 000123.200, 191
Trd, 000123.217, 208
Trd, 000123.567, 228
Trd, 000123.617, 235
Trd, 000124.133, 323
Trd, 000124.550, 305.0
Trd, 000127.017, 324.0
Trd, 000127.767, 325
Trd, 000129.150, 332.0
Trd, 000129.517, 331
Trd, 000129.533, 333.0
Trd, 000129.700, 334.0
Trd, 000130.783, 334
Trd, 000131.083, 334
Trd, 000131.317, 341.0
Trd, 000131.883, 343
Trd, 000133.900, 347
Trd, 000134.317, 347
Trd, 000134.600, 348.0
Trd, 000134.700, 347
Trd, 000135.267, 344.0
Trd, 000136.033, 346
Trd, 000136.900, 345
Trd, 000136.917, 344
Trd, 000137.717, 345
Trd, 000138.283, 345
Trd, 000138.450, 345.0
Trd, 000138.883, 347
Trd, 000139.817, 346
Trd, 000141.150, 344.0
Trd, 000141.867, 344
Trd, 000142.783, 344
Trd, 000143.283, 343
Trd, 000144.850, 346
Trd, 000145.150, 345.0
Trd, 000145.283, 346.0
Trd, 000145.350, 345
Trd, 000146.367, 351
Trd, 000146.400, 357.0
Trd, 000146.867, 350
Trd, 000149.200, 348.0
Trd, 000149.217, 347.0
Trd, 000150.367, 347
Trd, 000150.883, 347
Trd, 000152.067, 344.0
Trd, 000152.233, 344
Trd, 000152.767, 346
Trd, 000153.650, 345
Trd, 000154.250, 348
Trd, 000154.667, 348.0
Trd, 000155.033, 347
Trd, 000155.617, 350
Trd, 000156.433, 346
Trd, 000156.817, 344
Trd, 000158.217, 344
Trd, 000159.300, 341
Trd, 000159.350, 342
Trd, 000159.633, 343
Trd, 000159.933, 339
Trd, 000160.267, 338
Trd, 000161.083, 339
Trd, 000161.750, 338
Trd, 000162.750, 341.0
Trd, 000163.333, 341
Trd, 000163.717, 345
Trd, 000163.850, 344
Trd, 000164.867, 344
Trd, 000165.350, 341
Trd, 000166.917, 340
Trd, 000167.817, 340
Trd, 000168.017, 341.0
Trd, 000169.750, 345.0
Trd, 000170.033, 346
Trd, 000170.100, 342
Trd, 000170.450, 341
Trd, 000170.583, 343
Trd, 000172.433, 345
Trd, 000172.517, 347
Trd, 000173.033, 345
Trd, 000173.233, 348.0
Trd, 000173.283, 352
Trd, 000175.017, 348
Trd, 000175.567, 347
Trd, 000176.000, 350
Trd, 000177.133, 346
Trd, 000178.100, 348.0
Trd, 000178.333, 348
Trd, 000179.517, 347
Trd, 000180.250, 347
Trd, 000181.067, 345
Trd, 000181.167, 346
Trd, 000181.300, 344.0
Trd, 000181.867, 342
Trd, 000182.667, 330
Trd, 000183.550, 327.0
Trd, 000183.750, 171
Trd, 000184.050, 154
Trd, 000185.633, 159
Trd, 000185.900, 161
Trd, 000185.917, 162
Trd, 000186.000, 159
Trd, 000188.033, 162
Trd, 000189.000, 164
Trd, 000189.217, 163
Trd, 000189.767, 162
Trd, 000190.267, 156
Trd, 000190.367, 154
Trd, 000190.733, 160
Trd, 000191.000, 160
Trd, 000191.717, 163
Trd, 000192.700, 167
Trd, 000194.050, 174
Trd, 000194.317, 167
Trd, 000194.400, 170
Trd, 000194.500, 167
Trd, 000194.950, 169
Trd, 000195.767, 169
Trd, 000196.000, 168
Trd, 000196.600, 168
Trd, 000198.150, 171
Trd, 000198.367, 170
Trd, 000198.650, 168
Trd, 000199.967, 166
Trd, 000200.267, 170
Trd, 000200.583, 171
Trd, 000200.617, 171
Trd, 000201.883, 170
Trd, 000202.450, 167
Trd, 000203.417, 170
Trd, 000203.483, 178
Trd, 000203.933, 167
Trd, 000204.233, 185
Trd, 000205.850, 173
Trd, 000206.717, 174
Trd, 000207.683, 172
Trd, 000208.150, 171
Trd, 000208.483, 171
Trd, 000209.617, 168
Trd, 000210.000, 167
Trd, 000210.717, 166
Trd, 000211.333, 155
Trd, 000211.700, 167
Trd, 000211.967, 169
Trd, 000212.300, 169
Trd, 000212.650, 163
Trd, 000213.367, 167
Trd, 000213.867, 179
Trd, 000214.933, 170
Trd, 000215.850, 168
Trd, 000216.250, 168
Trd, 000216.650, 168
Trd, 000217.117, 168
Trd, 000219.183, 168
Trd, 000219.467, 169
Trd, 000219.650, 169
Trd, 000219.883, 168
Trd, 000219.967, 169
Trd, 000220.917, 169
Trd, 000221.417, 167
Trd, 000222.883, 167
Trd, 000223.383, 169
Trd, 000223.983, 170
Trd, 000224.450, 170
Trd, 000225.350, 168
Trd, 000225.983, 168
Trd, 000226.100, 168
Trd, 000226.483, 169
Trd, 000226.517, 170
Trd, 000226.533, 168
Trd, 000227.983, 171
Trd, 000228.350, 168
Trd, 000229.200, 169
Trd, 000229.583, 171
Trd, 000230.800, 169
Trd, 000231.033, 170
Trd, 000231.217, 170
Trd, 000232.200, 170
Trd, 000232.350, 170
Trd, 000232.867, 172
Trd, 000234.083, 171
Trd, 000234.117, 173
Trd, 000234.367, 175
Trd, 000236.133, 173
Trd, 000236.367, 170
Trd, 000238.267, 174
Trd, 000238.483, 175
Trd, 000238.717, 175
Trd, 000238.950, 175
Trd, 000239.067, 175
Trd, 000239.300, 170
Trd, 000239.567, 176
Trd, 000239.800, 174
Trd, 000240.300, 174
Trd, 000240.383, 176
Trd, 000240.983, 176
Trd, 000242.567, 172
Trd, 000243.500, 175
Trd, 000243.800, 174
Trd, 000243.983, 175
Trd, 000244.083, 175
Trd, 000244.367, 175
Trd, 000244.400, 173
Trd, 000245.317, 176
Trd, 000246.050, 177
Trd, 000246.350, 177
Trd, 000246.717, 176
Trd, 000247.283, 173
Trd, 000247.333, 177
Trd, 000247.433, 171
Trd, 000247.817, 175
Trd, 000248.833, 178
Trd, 000249.550, 183
Trd, 000250.133, 189
Trd, 000250.717, 186
Trd, 000250.733, 190
Trd, 000251.767, 187
Trd, 000251.950, 183
Trd, 000252.233, 185
Trd, 000252.467, 182
Trd, 000253.317, 176
Trd, 000253.900, 173
Trd, 000254.433, 176
Trd, 000254.717, 172
Trd, 000255.567, 174
Trd, 000255.917, 176
Trd, 000256.133, 176
Trd, 000256.550, 176
Trd, 000256.733, 177
Trd, 000256.850, 184
Trd, 000257.283, 174
Trd, 000257.417, 190
Trd, 000258.200, 185
Trd, 000260.067, 178
Trd, 000260.283, 181
Trd, 000260.583, 181
Trd, 000260.683, 179
Trd, 000261.383, 178
Trd, 000261.517, 177
Trd, 000262.033, 173
Trd, 000263.083, 170
Trd, 000263.767, 169
Trd, 000264.133, 167
Trd, 000264.417, 168
Trd, 000264.450, 169
Trd, 000264.500, 167
Trd, 000264.783, 170
Trd, 000266.117, 167
Trd, 000266.867, 169
Trd, 000266.933, 170
Trd, 000267.000, 170
Trd, 000267.600, 171
Trd, 000267.900, 170
Trd, 000268.250, 169
Trd, 000268.800, 170
Trd, 000269.383, 169
Trd, 000269.900, 169
Trd, 000270.150, 171
Trd, 000271.017, 175
Trd, 000271.267, 176
Trd, 000271.567, 175
Trd, 000272.867, 175
Trd, 000273.033, 178
Trd, 000273.467, 175
Trd, 000273.583, 185
Trd, 000274.383, 175
Trd, 000274.600, 174
Trd, 000275.633, 175
Trd, 000276.000, 174
Trd, 000276.083, 176
Trd, 000276.367, 178
Trd, 000276.617, 177
Trd, 000276.667, 176
Trd, 000277.267, 176
Trd, 000277.683, 181
Trd, 000279.150, 177
Trd, 000279.233, 176
Trd, 000280.183, 177
Trd, 000280.650, 179
Trd, 000281.450, 177
Trd, 000281.467, 180
Trd, 000282.383, 174
Trd, 000282.533, 172
Trd, 000282.567, 176
Trd, 000283.817, 178
Trd, 000284.250, 178
Trd, 000284.300, 178
Trd, 000284.417, 175
Trd, 000285.317, 174
Trd, 000286.117, 176
Trd, 000286.550, 175
Trd, 000288.033, 176
Trd, 000288.217, 174
Trd, 000288.850, 173
Trd, 000289.083, 174
Trd, 000289.133, 173
Trd, 000289.550, 174
Trd, 000289.817, 176
Trd, 000290.567, 176
Trd, 000292.083, 173
Trd, 000292.250, 172
Trd, 000292.717, 176
Trd, 000294.083, 175
Trd, 000294.750, 175
Trd, 000295.033, 170
Trd, 000295.600, 176
Trd, 000295.950, 175
Trd, 000296.167, 176
Trd, 000296.683, 177
Trd, 000296.700, 178
Trd, 000297.533, 174
Trd, 000298.633, 175
Trd, 000299.167, 176
Trd, 000299.233, 177
Trd, 000299.333, 175
