Trd, 000002.717, 148
Trd, 000002.933, 131
Trd, 000002.967, 128
Trd, 000003.233, 142
Trd, 000004.417, 144
Trd, 000004.617, 141
Trd, 000004.817, 162
Trd, 000004.950, 162
Trd, 000005.283, 157
Trd, 000006.450, 162
Trd, 000007.050, 161
Trd, 000007.233, 158
Trd, 000007.483, 156
Trd, 000009.117, 160
Trd, 000009.300, 161
Trd, 000009.500, 162
Trd, 000009.633, 163
Trd, 000010.250, 159
Trd, 000011.267, 155
Trd, 000012.483, 157
Trd, 000013.117, 157
Trd, 000013.833, 157
Trd, 000013.933, 156
Trd, 000014.217, 152
Trd, 000015.717, 164
Trd, 000016.250, 165
Trd, 000017.733, 162
Trd, 000017.867, 160
Trd, 000018.283, 160
Trd, 000018.433, 161
Trd, 000019.083, 158
Trd, 000019.517, 159
Trd, 000020.133, 159
Trd, 000020.800, 160
Trd, 000021.467, 161
Trd, 000022.250, 159
Trd, 000022.683, 160
Trd, 000023.117, 160
Trd, 000025.350, 160
Trd, 000025.967, 161
Trd, 000026.150, 164
Trd, 000026.383, 158
Trd, 000026.500, 157
Trd, 000027.517, 154
Trd, 000028.017, 157
Trd, 000028.383, 156
Trd, 000029.150, 155
Trd, 000029.217, 144
Trd, 000029.367, 158
Trd, 000030.017, 148
Trd, 000030.767, 156
Trd, 000030.833, 158
Trd, 000031.217, 164
Trd, 000033.017, 157
Trd, 000033.900, 164
Trd, 000034.483, 154
Trd, 000035.333, 156
Trd, 000036.517, 157
Trd, 000036.683, 158
Trd, 000037.583, 158
Trd, 000038.033, 166
Trd, 000038.217, 168
Trd, 000039.100, 159
Trd, 000040.267, 157
Trd, 000040.783, 158
Trd, 000042.333, 158
Trd, 000043.050, 157
Trd, 000043.817, 157
Trd, 000044.250, 157
Trd, 000044.900, 155
Trd, 000045.433, 157
Trd, 000045.800, 157
Trd, 000047.133, 158
Trd, 000047.717, 157
Trd, 000047.917, 158
Trd, 000048.383, 158
Trd, 000048.817, 154
Trd, 000049.350, 167
Trd, 000049.833, 165
Trd, 000050.100, 155
Trd, 000051.683, 159
Trd, 000052.467, 166
Trd, 000053.083, 160
Trd, 000054.033, 166
Trd, 000054.800, 163
Trd, 000055.317, 161
Trd, 000055.567, 167
Trd, 000056.283, 171
Trd, 000057.233, 163
Trd, 000057.650, 164
Trd, 000057.900, 164
Trd, 000058.383, 163
Trd, 000059.383, 164
Trd, 000059.667, 164
Trd, 000060.067, 163
Trd, 000061.717, 162
Trd, 000063.633, 162
Trd, 000064.033, 163
Trd, 000064.633, 163
Trd, 000064.900, 164
Trd, 000065.750, 163
Trd, 000066.317, 164
Trd, 000067.767, 161
Trd, 000067.900, 163
Trd, 000069.050, 160
Trd, 000069.417, 161
Trd, 000069.483, 152
Trd, 000069.833, 164
Trd, 000071.200, 169
Trd, 000071.917, 161
Trd, 000071.933, 162
Trd, 000072.283, 163
Trd, 000072.750, 164
Trd, 000073.183, 163
Trd, 000073.400, 164
Trd, 000075.083, 163
Trd, 000075.467, 162
Trd, 000076.567, 163
Trd, 000077.267, 163
Trd, 000077.383, 169
Trd, 000078.050, 163
Trd, 000078.783, 166
Trd, 000080.250, 165
Trd, 000080.467, 166
Trd, 000080.733, 165
Trd, 000081.333, 164
Trd, 000081.400, 162
Trd, 000081.733, 166
Trd, 000083.450, 163
Trd, 000084.233, 162
Trd, 000084.500, 163
Trd, 000084.517, 164
Trd, 000085.483, 163
Trd, 000086.133, 165
Trd, 000086.750, 169
Trd, 000087.883, 165
Trd, 000088.133, 165
Trd, 000088.367, 167
Trd, 000089.733, 163
Trd, 000090.417, 163
Trd, 000090.650, 162
Trd, 000090.800, 167
Trd, 000091.267, 168
Trd, 000092.483, 165
Trd, 000092.833, 163
Trd, 000093.183, 165
Trd, 000093.767, 164
Trd, 000094.267, 165
Trd, 000094.567, 165
Trd, 000094.633, 168
Trd, 000095.733, 163
Trd, 000096.967, 170
Trd, 000097.383, 172
Trd, 000097.483, 170
Trd, 000098.283, 170
Trd, 000098.383, 167
Trd, 000099.300, 165
Trd, 000100.533, 170
Trd, 000100.717, 170
Trd, 000100.783, 171
Trd, 000101.350, 171
Trd, 000102.183, 170
Trd, 000102.250, 166
Trd, 000102.600, 167
Trd, 000102.950, 156
Trd, 000104.333, 168
Trd, 000104.717, 167
Trd, 000104.750, 168
Trd, 000104.800, 164
Trd, 000106.150, 164
Trd, 000106.817, 161
Trd, 000107.233, 162
Trd, 000108.250, 157
Trd, 000108.633, 158
Trd, 000109.950, 157
Trd, 000110.683, 159
Trd, 000110.700, 159
Trd, 000111.083, 159
Trd, 000111.333, 160
Trd, 000111.867, 160
Trd, 000112.300, 160
Trd, 000112.483, 170
Trd, 000112.967, 160
Trd, 000114.383, 161
Trd, 000114.783, 160
Trd, 000115.333, 163
Trd, 000116.167, 161
Trd, 000116.333, 162
Trd, 000117.117, 163
Trd, 000118.100, 163
Trd, 000118.433, 163
Trd, 000118.500, 164
Trd, 000119.617, 165
Trd, 000121.067, 165
Trd, 000122.467, 165
Trd, 000122.683, 166
Trd, 000123.067, 177
Trd, 000123.417, 199
Trd, 000123.467, 209
Trd, 000124.117, 259
Trd, 000124.333, 321
Trd, 000124.950, 218
Trd, 000124.967, 217
Trd, 000125.367, 325
Trd, 000125.400, 344.0
Trd, 000125.467, 348.0
Trd, 000126.067, 350.0
Trd, 000127.183, 350.0
Trd, 000127.233, 362.0
Trd, 000127.267, 365.0
Trd, 000127.850, 335.0
Trd, 000128.100, 331.0
Trd, 000128.883, 341
Trd, 000129.783, 342
Trd, 000131.450, 349.0
Trd, 000133.183, 358
Trd, 000133.967, 356
Trd, 000134.400, 352
Trd, 000134.900, 350.0
Trd, 000135.700, 351.0
Trd, 000135.850, 359
Trd, 000137.133, 351
Trd, 000137.200, 357.0
Trd, 000137.950, 352
Trd, 000139.700, 358
Trd, 000139.967, 354
Trd, 000140.400, 358.0
Trd, 000141.083, 358.0
Trd, 000141.367, 357
Trd, 000141.550, 355
Trd, 000143.333, 355
Trd, 000143.600, 354
Trd, 000144.100, 358
Trd, 000144.583, 357
Trd, 000144.917, 357
Trd, 000146.033, 354
Trd, 000146.117, 344.0
Trd, 000146.217, 358
Trd, 000146.917, 351
Trd, 000148.150, 349
Trd, 000148.883, 350.0
Trd, 000149.567, 351.0
Trd, 000149.600, 354
Trd, 000151.133, 353
Trd, 000151.200, 359.0
Trd, 000152.500, 353
Trd, 000152.867, 356
Trd, 000154.100, 355
Trd, 000154.167, 350
Trd, 000154.917, 353
Trd, 000155.467, 348
Trd, 000156.167, 353
Trd, 000158.300, 352
Trd, 000158.600, 347
Trd, 000159.467, 350.0
Trd, 000159.867, 346.0
Trd, 000160.583, 349
Trd, 000160.667, 350
Trd, 000161.650, 350
Trd, 000161.867, 350.0
Trd, 000162.367, 349
Trd, 000162.567, 351.0
Trd, 000164.133, 354
Trd, 000165.733, 350
Trd, 000165.833, 350.0
Trd, 000167.517, 349
Trd, 000168.767, 349
Trd, 000169.317, 351.0
Trd, 000169.567, 351
Trd, 000171.067, 350
Trd, 000171.500, 348
Trd, 000171.683, 345
Trd, 000172.383, 346.0
Trd, 000172.750, 347
Trd, 000172.883, 350
Trd, 000173.767, 354
Trd, 000175.450, 351
Trd, 000176.017, 351
Trd, 000176.750, 351
Trd, 000177.483, 351.0
Trd, 000177.800, 359.0
Trd, 000178.533, 355
Trd, 000178.700, 354
Trd, 000179.667, 354
Trd, 000180.850, 357.0
Trd, 000181.533, 352
Trd, 000181.733, 357
Trd, 000182.050, 348
Trd, 000182.067, 339
Trd, 000182.533, 331.0
Trd, 000182.867, 338
Trd, 000182.900, 330
Trd, 000183.083, 311
Trd, 000183.317, 295
Trd, 000183.433, 292
Trd, 000184.033, 193
Trd, 000185.450, 190
Trd, 000186.617, 198
Trd, 000186.650, 193
Trd, 000187.633, 192
Trd, 000189.400, 192
Trd, 000189.817, 186
Trd, 000190.133, 187
Trd, 000191.333, 183
Trd, 000191.550, 184
Trd, 000191.767, 184
Trd, 000191.917, 181
Trd, 000192.167, 185
Trd, 000193.500, 182
Trd, 000193.717, 181
Trd, 000195.383, 170
Trd, 000196.050, 175
Trd, 000196.667, 173
Trd, 000197.983, 172
Trd, 000198.633, 169
Trd, 000198.800, 169
Trd, 000200.017, 168
Trd, 000200.750, 165
Trd, 000201.350, 164
Trd, 000201.367, 169
Trd, 000201.633, 168
Trd, 000201.967, 168
Trd, 000203.250, 168
Trd, 000203.733, 168
Trd, 000204.317, 167
Trd, 000204.333, 168
Trd, 000205.567, 169
Trd, 000205.683, 170
Trd, 000206.633, 171
Trd, 000206.867, 169
Trd, 000207.117, 182
Trd, 000208.533, 173
Trd, 000208.867, 184
Trd, 000209.667, 174
Trd, 000209.950, 174
Trd, 000211.483, 174
Trd, 000212.450, 175
Trd, 000212.683, 182
Trd, 000213.567, 180
Trd, 000213.633, 178
Trd, 000214.183, 178
Trd, 000214.967, 177
Trd, 000215.067, 179
Trd, 000216.267, 185
Trd, 000216.733, 184
Trd, 000217.917, 178
Trd, 000218.900, 181
Trd, 000218.950, 179
Trd, 000219.017, 178
Trd, 000219.133, 177
Trd, 000220.750, 167
Trd, 000221.167, 166
Trd, 000221.367, 169
Trd, 000222.017, 169
Trd, 000222.567, 170
Trd, 000223.683, 172
Trd, 000223.750, 167
Trd, 000225.417, 170
Trd, 000225.783, 170
Trd, 000226.767, 170
Trd, 000226.900, 171
Trd, 000227.517, 170
Trd, 000227.733, 173
Trd, 000228.100, 173
Trd, 000228.517, 185
Trd, 000229.350, 174
Trd, 000229.483, 176
Trd, 000229.500, 177
Trd, 000230.217, 171
Trd, 000230.917, 174
Trd, 000232.417, 170
Trd, 000233.117, 176
Trd, 000234.083, 177
Trd, 000235.500, 182
Trd, 000235.967, 181
Trd, 000236.350, 181
Trd, 000236.883, 179
Trd, 000238.000, 181
Trd, 000238.383, 182
Trd, 000238.583, 179
Trd, 000239.183, 178
Trd, 000240.183, 178
Trd, 000240.233, 180
Trd, 000240.267, 181
Trd, 000240.833, 184
Trd, 000241.333, 182
Trd, 000241.533, 183
Trd, 000241.617, 183
Trd, 000241.817, 182
Trd, 000242.433, 179
Trd, 000243.433, 181
Trd, 000243.967, 175
Trd, 000245.367, 177
Trd, 000245.667, 178
Trd, 000246.300, 180
Trd, 000246.500, 178
Trd, 000247.117, 179
Trd, 000247.767, 178
Trd, 000247.900, 176
Trd, 000247.933, 179
Trd, 000248.133, 179
Trd, 000249.500, 178
Trd, 000249.683, 180
Trd, 000250.100, 178
Trd, 000250.317, 177
Trd, 000250.767, 180
Trd, 000251.417, 180
Trd, 000251.917, 180
Trd, 000252.050, 178
Trd, 000252.433, 179
Trd, 000252.833, 180
Trd, 000253.300, 180
Trd, 000253.667, 181
Trd, 000253.683, 177
Trd, 000254.700, 177
Trd, 000255.083, 178
Trd, 000256.200, 190
Trd, 000256.383, 182
Trd, 000257.533, 181
Trd, 000257.933, 182
Trd, 000258.500, 184
Trd, 000258.567, 181
Trd, 000258.933, 181
Trd, 000259.450, 183
Trd, 000259.567, 184
Trd, 000261.517, 185
Trd, 000262.333, 186
Trd, 000262.667, 185
Trd, 000263.650, 186
Trd, 000263.783, 186
Trd, 000263.917, 181
Trd, 000263.983, 181
Trd, 000264.517, 185
Trd, 000264.833, 182
Trd, 000265.100, 181
Trd, 000265.183, 179
Trd, 000266.000, 184
Trd, 000266.367, 186
Trd, 000266.533, 181
Trd, 000266.667, 180
Trd, 000266.950, 183
Trd, 000267.883, 183
Trd, 000268.283, 182
Trd, 000268.317, 180
Trd, 000268.583, 178
Trd, 000268.950, 177
Trd, 000269.017, 182
Trd, 000270.417, 181
Trd, 000271.133, 178
Trd, 000271.233, 177
Trd, 000271.850, 176
Trd, 000272.050, 178
Trd, 000273.017, 178
Trd, 000273.450, 179
Trd, 000273.733, 177
Trd, 000274.683, 177
Trd, 000274.767, 178
Trd, 000275.450, 175
Trd, 000275.650, 178
Trd, 000276.100, 171
Trd, 000276.233, 168
Trd, 000276.750, 165
Trd, 000277.083, 172
Trd, 000277.583, 170
Trd, 000278.517, 173
Trd, 000278.867, 173
Trd, 000279.217, 172
Trd, 000279.333, 173
Trd, 000279.617, 173
Trd, 000280.183, 173
Trd, 000280.600, 175
Trd, 000280.850, 176
Trd, 000280.933, 179
Trd, 000281.967, 189
Trd, 000283.067, 175
Trd, 000283.817, 175
Trd, 000284.383, 175
Trd, 000285.250, 176
Trd, 000285.583, 178
Trd, 000285.617, 175
Trd, 000285.633, 174
Trd, 000286.100, 180
Trd, 000287.233, 178
Trd, 000287.317, 180
Trd, 000288.017, 175
Trd, 000288.133, 180
Trd, 000288.233, 175
Trd, 000288.250, 173
Trd, 000289.017, 179
Trd, 000289.283, 178
Trd, 000289.517, 179
Trd, 000289.967, 173
Trd, 000290.400, 177
Trd, 000291.033, 177
Trd, 000291.517, 174
Trd, 000292.250, 177
Trd, 000292.367, 175
Trd, 000292.683, 177
Trd, 000293.817, 175
Trd, 000293.933, 177
Trd, 000295.017, 176
Trd, 000295.333, 174
Trd, 000296.100, 174
Trd, 000297.217, 174
Trd, 000297.383, 173
Trd, 000297.683, 176
Trd, 000297.717, 174
Trd, 000298.167, 172
Trd, 000298.333, 176
Trd, 000299.433, 175
Trd, 000299.550, 176
Trd, 000299.700, 174
Trd, 000299.717, 177
Trd, 000299.767, 174
Trd, 000299.850, 181
