Trd, 000001.333, 175
Trd, 000001.400, 143
Trd, 000004.733, 158
Trd, 000005.150, 156
Trd, 000005.850, 152
Trd, 000006.233, 156
Trd, 000006.417, 157
Trd, 000006.483, 145
Trd, 000008.383, 147
Trd, 000008.667, 148
Trd, 000009.317, 144
Trd, 000010.550, 148
Trd, 000010.767, 148
Trd, 000011.050, 148
Trd, 000011.367, 158
Trd, 000011.850, 152
Trd, 000012.183, 151
Trd, 000012.700, 151
Trd, 000013.733, 152
Trd, 000014.150, 151
Trd, 000014.467, 151
Trd, 000015.583, 145
Trd, 000016.217, 143
Trd, 000016.350, 149
Trd, 000017.000, 146
Trd, 000017.050, 145
Trd, 000017.100, 146
Trd, 000018.183, 147
Trd, 000018.283, 150
Trd, 000018.983, 157
Trd, 000019.383, 150
Trd, 000020.133, 144
Trd, 000021.917, 150
Trd, 000022.500, 147
Trd, 000022.733, 151
Trd, 000023.517, 152
Trd, 000024.567, 157
Trd, 000024.717, 162
Trd, 000025.150, 157
Trd, 000026.183, 155
Trd, 000026.933, 151
Trd, 000027.233, 146
Trd, 000028.317, 153
Trd, 000029.000, 149
Trd, 000029.233, 153
Trd, 000029.350, 154
Trd, 000030.250, 154
Trd, 000031.917, 156
Trd, 000032.550, 154
Trd, 000032.833, 154
Trd, 000032.867, 156
Trd, 000033.917, 152
Trd, 000035.050, 152
Trd, 000035.217, 153
Trd, 000035.783, 152
Trd, 000035.983, 153
Trd, 000037.383, 151
Trd, 000038.283, 150
Trd, 000038.983, 153
Trd, 000039.000, 151
Trd, 000039.600, 148
Trd, 000040.300, 152
Trd, 000041.000, 151
Trd, 000041.317, 151
Trd, 000042.383, 154
Trd, 000042.550, 153
Trd, 000043.600, 148
Trd, 000043.633, 155
Trd, 000043.733, 156
Trd, 000044.017, 147
Trd, 000044.050, 159
Trd, 000046.683, 149
Trd, 000047.033, 141
Trd, 000047.433, 146
Trd, 000048.767, 149
Trd, 000048.900, 146
Trd, 000049.600, 148
Trd, 000050.900, 146
Trd, 000051.383, 148
Trd, 000052.467, 149
Trd, 000052.617, 148
Trd, 000052.650, 149
Trd, 000053.433, 150
Trd, 000053.617, 158
Trd, 000054.417, 156
Trd, 000055.200, 157
Trd, 000055.817, 159
Trd, 000056.517, 148
Trd, 000056.650, 160
Trd, 000057.167, 162
Trd, 000057.817, 160
Trd, 000057.867, 147
Trd, 000058.733, 159
Trd, 000059.783, 157
Trd, 000060.417, 156
Trd, 000061.167, 158
Trd, 000062.033, 158
Trd, 000063.050, 158
Trd, 000063.167, 159
Trd, 000063.533, 157
Trd, 000063.933, 155
Trd, 000064.500, 150
Trd, 000065.950, 156
Trd, 000066.150, 150
Trd, 000066.433, 157
Trd, 000067.250, 149
Trd, 000067.850, 157
Trd, 000069.433, 155
Trd, 000070.417, 154
Trd, 000070.483, 157
Trd, 000070.933, 157
Trd, 000071.717, 156
Trd, 000072.600, 156
Trd, 000072.767, 156
Trd, 000072.983, 157
Trd, 000073.283, 172
Trd, 000073.967, 154
Trd, 000074.400, 165
Trd, 000075.183, 162
Trd, 000075.850, 156
Trd, 000076.567, 160
Trd, 000077.350, 159
Trd, 000077.467, 155
Trd, 000079.500, 157
Trd, 000079.617, 157
Trd, 000079.800, 161
Trd, 000080.717, 153
Trd, 000081.967, 159
Trd, 000082.333, 152
Trd, 000082.483, 159
Trd, 000084.483, 157
Trd, 000085.433, 154
Trd, 000086.117, 154
Trd, 000086.133, 154
Trd, 000086.433, 153
Trd, 000086.900, 156
Trd, 000087.733, 152
Trd, 000088.117, 155
Trd, 000088.650, 157
Trd, 000089.167, 151
Trd, 000090.083, 160
Trd, 000090.367, 162
Trd, 000091.583, 153
Trd, 000091.900, 162
Trd, 000092.250, 156
Trd, 000093.600, 157
Trd, 000094.133, 155
Trd, 000094.150, 157
Trd, 000094.250, 154
Trd, 000095.183, 154
Trd, 000095.200, 153
Trd, 000095.633, 153
Trd, 000095.933, 151
Trd, 000096.117, 150
Trd, 000097.550, 153
Trd, 000098.117, 153
Trd, 000098.983, 151
Trd, 000099.133, 153
Trd, 000100.917, 153
Trd, 000101.050, 154
Trd, 000101.683, 154
Trd, 000101.717, 153
Trd, 000102.050, 154
Trd, 000102.100, 152
Trd, 000102.483, 151
Trd, 000102.983, 154
Trd, 000105.033, 157
Trd, 000105.667, 156
Trd, 000106.783, 154
Trd, 000107.550, 147
Trd, 000108.033, 152
Trd, 000108.733, 153
Trd, 000109.200, 152
Trd, 000109.967, 154
Trd, 000110.050, 155
Trd, 000110.567, 165
Trd, 000111.067, 157
Trd, 000111.217, 167
Trd, 000111.483, 155
Trd, 000111.567, 156
Trd, 000111.900, 152
Trd, 000112.333, 161
Trd, 000112.400, 162
Trd, 000114.433, 151
Trd, 000114.633, 152
Trd, 000115.017, 148
Trd, 000115.117, 154
Trd, 000115.983, 155
Trd, 000116.167, 149
Trd, 000116.750, 154
Trd, 000117.183, 165
Trd, 000117.917, 157
Trd, 000119.667, 154
Trd, 000120.250, 156
Trd, 000120.533, 156
Trd, 000120.767, 158
Trd, 000120.933, 155
Trd, 000121.300, 154
Trd, 000121.517, 153
Trd, 000123.400, 184
Trd, 000123.500, 201
Trd, 000123.667, 208
Trd, 000123.683, 214
Trd, 000123.933, 292
Trd, 000124.217, 205
Trd, 000126.000, 316
Trd, 000126.250, 317
Trd, 000126.750, 337
Trd, 000126.850, 337
Trd, 000126.867, 341.0
Trd, 000127.583, 350
Trd, 000127.900, 338
Trd, 000129.067, 343.0
Trd, 000129.617, 344.0
Trd, 000129.883, 345
Trd, 000130.350, 345.0
Trd, 000130.583, 344.0
Trd, 000130.950, 347
Trd, 000131.750, 341.0
Trd, 000132.967, 346
Trd, 000135.100, 343
Trd, 000135.500, 342
Trd, 000135.750, 344
Trd, 000136.433, 344.0
Trd, 000136.450, 342
Trd, 000136.700, 343
Trd, 000136.867, 345
Trd, 000136.917, 353
Trd, 000138.500, 344.0
Trd, 000138.550, 345
Trd, 000138.600, 347
Trd, 000138.650, 346
Trd, 000139.767, 345
Trd, 000140.350, 347
Trd, 000140.467, 344
Trd, 000141.300, 343
Trd, 000141.717, 339
Trd, 000141.900, 341.0
Trd, 000144.983, 345
Trd, 000145.300, 349
Trd, 000146.033, 345
Trd, 000146.733, 347
Trd, 000147.267, 344
Trd, 000147.550, 344.0
Trd, 000148.533, 345
Trd, 000149.667, 347
Trd, 000149.817, 348
Trd, 000150.400, 335
Trd, 000150.717, 347
Trd, 000151.600, 344
Trd, 000151.817, 340
Trd, 000152.200, 342
Trd, 000153.533, 343.0
Trd, 000153.783, 342.0
Trd, 000155.050, 355
Trd, 000155.083, 342
Trd, 000156.683, 353
Trd, 000156.883, 352
Trd, 000157.667, 349
Trd, 000157.850, 344.0
Trd, 000158.200, 344.0
Trd, 000158.517, 340
Trd, 000160.367, 345
Trd, 000160.617, 346
Trd, 000161.450, 344.0
Trd, 000161.717, 345
Trd, 000162.667, 344
Trd, 000162.933, 342.0
Trd, 000163.050, 345
Trd, 000163.183, 341.0
Trd, 000163.317, 338
Trd, 000164.717, 343.0
Trd, 000164.783, 344
Trd, 000167.217, 343.0
Trd, 000167.367, 344
Trd, 000168.150, 343.0
Trd, 000168.550, 342.0
Trd, 000168.900, 344.0
Trd, 000169.150, 359
Trd, 000169.783, 344
Trd, 000170.283, 346
Trd, 000171.500, 346
Trd, 000171.667, 345.0
Trd, 000171.800, 346
Trd, 000173.700, 346
Trd, 000173.950, 349
Trd, 000174.233, 344.0
Trd, 000174.383, 341.0
Trd, 000174.867, 347
Trd, 000175.183, 355
Trd, 000175.650, 341
Trd, 000176.500, 351
Trd, 000177.167, 355
Trd, 000177.317, 356
Trd, 000178.217, 353
Trd, 000179.183, 341.0
Trd, 000180.050, 344
Trd, 000180.600, 352
Trd, 000181.633, 343
Trd, 000182.117, 341
Trd, 000182.400, 341
Trd, 000183.000, 345
Trd, 000183.417, 336
Trd, 000183.433, 336
Trd, 000184.350, 330
Trd, 000185.233, 218
Trd, 000186.100, 193
Trd, 000186.167, 194
Trd, 000187.300, 183
Trd, 000187.983, 184
Trd, 000188.033, 175
Trd, 000188.117, 163
Trd, 000188.617, 182
Trd, 000189.550, 171
Trd, 000189.650, 183
Trd, 000191.533, 180
Trd, 000192.367, 179
Trd, 000193.333, 179
Trd, 000193.717, 162
Trd, 000194.100, 166
Trd, 000194.583, 169
Trd, 000195.667, 175
Trd, 000195.817, 184
Trd, 000196.167, 168
Trd, 000197.517, 173
Trd, 000198.067, 175
Trd, 000198.533, 170
Trd, 000198.700, 169
Trd, 000198.950, 173
Trd, 000199.167, 169
Trd, 000200.300, 171
Trd, 000200.900, 168
Trd, 000201.417, 168
Trd, 000202.133, 167
Trd, 000203.750, 169
Trd, 000204.033, 167
Trd, 000204.100, 167
Trd, 000204.633, 166
Trd, 000205.133, 164
Trd, 000205.317, 168
Trd, 000206.183, 162
Trd, 000206.750, 167
Trd, 000206.850, 161
Trd, 000207.400, 168
Trd, 000207.533, 168
Trd, 000207.633, 169
Trd, 000208.150, 162
Trd, 000210.000, 170
Trd, 000210.967, 167
Trd, 000211.767, 166
Trd, 000211.950, 169
Trd, 000213.167, 168
Trd, 000213.267, 165
Trd, 000214.467, 170
Trd, 000215.133, 172
Trd, 000215.383, 172
Trd, 000215.600, 174
Trd, 000216.017, 176
Trd, 000216.383, 172
Trd, 000216.867, 174
Trd, 000216.883, 186
Trd, 000218.633, 175
Trd, 000219.183, 173
Trd, 000219.300, 165
Trd, 000219.867, 169
Trd, 000221.833, 167
Trd, 000222.833, 166
Trd, 000223.100, 166
Trd, 000224.317, 164
Trd, 000224.483, 166
Trd, 000225.450, 166
Trd, 000226.417, 177
Trd, 000226.950, 174
Trd, 000227.150, 173
Trd, 000227.517, 188
Trd, 000227.950, 171
Trd, 000228.083, 167
Trd, 000229.383, 169
Trd, 000229.783, 171
Trd, 000230.050, 172
Trd, 000230.167, 174
Trd, 000230.500, 169
Trd, 000232.300, 169
Trd, 000232.483, 168
Trd, 000233.433, 170
Trd, 000234.367, 171
Trd, 000234.550, 170
Trd, 000235.317, 173
Trd, 000235.683, 171
Trd, 000235.883, 167
Trd, 000236.283, 172
Trd, 000237.433, 175
Trd, 000237.967, 176
Trd, 000239.550, 172
Trd, 000239.650, 174
Trd, 000239.733, 176
Trd, 000240.017, 170
Trd, 000240.467, 170
Trd, 000240.667, 172
Trd, 000241.017, 170
Trd, 000241.800, 173
Trd, 000241.950, 172
Trd, 000242.717, 171
Trd, 000243.217, 172
Trd, 000244.500, 177
Trd, 000245.067, 177
Trd, 000245.367, 174
Trd, 000245.717, 166
Trd, 000246.150, 175
Trd, 000246.917, 173
Trd, 000247.183, 172
Trd, 000248.550, 172
Trd, 000248.667, 172
Trd, 000249.200, 171
Trd, 000249.917, 171
Trd, 000250.233, 172
Trd, 000250.267, 176
Trd, 000250.567, 172
Trd, 000250.633, 190
Trd, 000251.417, 183
Trd, 000251.783, 172
Trd, 000252.833, 166
Trd, 000252.883, 162
Trd, 000254.083, 175
Trd, 000254.633, 172
Trd, 000254.700, 172
Trd, 000255.317, 172
Trd, 000255.683, 172
Trd, 000255.883, 172
Trd, 000256.850, 173
Trd, 000256.933, 174
Trd, 000257.567, 176
Trd, 000257.917, 180
Trd, 000259.600, 185
Trd, 000259.733, 189
Trd, 000259.983, 183
Trd, 000260.183, 182
Trd, 000261.100, 180
Trd, 000261.283, 182
Trd, 000261.300, 177
Trd, 000261.367, 176
Trd, 000261.850, 180
Trd, 000262.050, 174
Trd, 000263.183, 172
Trd, 000264.267, 175
Trd, 000264.433, 171
Trd, 000265.017, 175
Trd, 000265.400, 174
Trd, 000265.417, 176
Trd, 000265.467, 170
Trd, 000266.033, 181
Trd, 000266.800, 171
Trd, 000267.433, 169
Trd, 000267.667, 171
Trd, 000267.850, 168
Trd, 000267.950, 173
Trd, 000268.200, 168
Trd, 000269.383, 183
Trd, 000270.267, 177
Trd, 000270.350, 180
Trd, 000270.383, 181
Trd, 000270.850, 183
Trd, 000271.800, 182
Trd, 000272.150, 179
Trd, 000272.167, 183
Trd, 000272.583, 184
Trd, 000272.900, 178
Trd, 000273.850, 176
Trd, 000274.317, 183
Trd, 000274.600, 176
Trd, 000275.450, 174
Trd, 000275.650, 178
Trd, 000275.750, 179
Trd, 000275.767, 182
Trd, 000275.900, 177
Trd, 000277.033, 180
Trd, 000277.067, 174
Trd, 000277.700, 175
Trd, 000277.733, 178
Trd, 000277.933, 184
Trd, 000278.417, 174
Trd, 000279.033, 193
Trd, 000279.233, 176
Trd, 000279.367, 199
Trd, 000280.417, 191
Trd, 000280.983, 188
Trd, 000281.467, 172
Trd, 000281.950, 172
Trd, 000282.117, 173
Trd, 000283.133, 170
Trd, 000283.150, 174
Trd, 000283.733, 169
Trd, 000283.967, 169
Trd, 000284.717, 170
Trd, 000284.917, 171
Trd, 000285.150, 169
Trd, 000286.417, 167
Trd, 000286.550, 174
Trd, 000286.733, 182
Trd, 000287.333, 167
Trd, 000287.433, 184
Trd, 000288.033, 167
Trd, 000288.533, 184
Trd, 000288.950, 179
Trd, 000288.983, 180
Trd, 000289.517, 180
Trd, 000289.783, 181
Trd, 000290.233, 164
Trd, 000290.817, 164
Trd, 000291.050, 168
Trd, 000291.133, 170
Trd, 000291.267, 171
Trd, 000292.100, 174
Trd, 000292.267, 166
Trd, 000292.500, 175
Trd, 000293.383, 171
Trd, 000293.400, 184
Trd, 000294.317, 170
Trd, 000295.467, 182
Trd, 000296.750, 184
Trd, 000297.250, 183
Trd, 000297.483, 183
Trd, 000297.833, 181
Trd, 000298.433, 182
Trd, 000298.467, 182
Trd, 000298.800, 184
Trd, 000298.833, 185
Trd, 000299.017, 180
Trd, 000299.300, 183
Trd, 000299.400, 172
Trd, 000299.650, 183
