Trd, 000001.517, 186
Trd, 000001.583, 140
Trd, 000002.800, 162
Trd, 000003.433, 156
Trd, 000003.800, 155
Trd, 000004.783, 158
Trd, 000006.167, 158
Trd, 000006.650, 158
Trd, 000007.233, 157
Trd, 000007.667, 156
Trd, 000008.233, 155
Trd, 000008.733, 155
Trd, 000008.933, 155
Trd, 000009.650, 154
Trd, 000009.867, 155
Trd, 000010.617, 154
Trd, 000011.133, 156
Trd, 000011.233, 153
Trd, 000011.400, 157
Trd, 000011.767, 156
Trd, 000011.833, 157
Trd, 000013.267, 155
Trd, 000014.400, 155
Trd, 000015.083, 155
Trd, 000015.200, 155
Trd, 000015.967, 159
Trd, 000016.350, 160
Trd, 000016.433, 154
Trd, 000016.450, 153
Trd, 000017.200, 160
Trd, 000018.267, 158
Trd, 000018.833, 154
Trd, 000019.600, 158
Trd, 000019.617, 157
Trd, 000020.767, 160
Trd, 000021.233, 160
Trd, 000023.083, 159
Trd, 000023.383, 159
Trd, 000024.850, 158
Trd, 000025.333, 159
Trd, 000026.100, 158
Trd, 000026.467, 157
Trd, 000027.067, 157
Trd, 000027.850, 158
Trd, 000028.083, 157
Trd, 000028.767, 158
Trd, 000029.067, 159
Trd, 000029.467, 160
Trd, 000030.167, 160
Trd, 000030.650, 161
Trd, 000031.550, 161
Trd, 000031.817, 165
Trd, 000032.100, 161
Trd, 000033.983, 163
Trd, 000034.550, 164
Trd, 000035.700, 162
Trd, 000036.067, 160
Trd, 000037.300, 164
Trd, 000037.733, 160
Trd, 000038.300, 160
Trd, 000038.967, 161
Trd, 000040.000, 159
Trd, 000040.283, 161
Trd, 000041.300, 160
Trd, 000042.150, 159
Trd, 000042.633, 160
Trd, 000042.650, 159
Trd, 000043.383, 158
Trd, 000044.517, 161
Trd, 000044.933, 161
Trd, 000045.167, 162
Trd, 000045.600, 161
Trd, 000046.050, 161
Trd, 000046.667, 160
Trd, 000046.967, 160
Trd, 000047.050, 159
Trd, 000047.200, 167
Trd, 000047.750, 168
Trd, 000047.817, 168
Trd, 000048.000, 158
Trd, 000048.200, 169
Trd, 000051.183, 166
Trd, 000051.283, 164
Trd, 000051.650, 167
Trd, 000052.533, 164
Trd, 000053.150, 165
Trd, 000053.783, 165
Trd, 000055.867, 166
Trd, 000056.183, 166
Trd, 000056.233, 165
Trd, 000056.367, 162
Trd, 000056.517, 167
Trd, 000056.783, 162
Trd, 000058.183, 162
Trd, 000058.483, 161
Trd, 000058.717, 161
Trd, 000058.800, 161
Trd, 000058.950, 161
Trd, 000059.367, 163
Trd, 000060.433, 163
Trd, 000061.700, 164
Trd, 000063.300, 162
Trd, 000063.583, 161
Trd, 000063.867, 163
Trd, 000064.833, 161
Trd, 000065.050, 162
Trd, 000065.433, 161
Trd, 000066.017, 162
Trd, 000066.217, 162
Trd, 000066.783, 161
Trd, 000066.900, 162
Trd, 000067.983, 164
Trd, 000068.100, 161
Trd, 000069.433, 161
Trd, 000070.500, 162
Trd, 000070.717, 163
Trd, 000070.950, 161
Trd, 000071.233, 163
Trd, 000071.650, 163
Trd, 000072.000, 162
Trd, 000072.783, 163
Trd, 000073.783, 165
Trd, 000073.833, 164
Trd, 000074.083, 165
Trd, 000074.783, 162
Trd, 000074.850, 166
Trd, 000076.383, 164
Trd, 000077.000, 164
Trd, 000077.033, 166
Trd, 000078.567, 163
Trd, 000079.500, 164
Trd, 000080.533, 163
Trd, 000080.783, 162
Trd, 000081.200, 162
Trd, 000081.250, 161
Trd, 000082.367, 160
Trd, 000082.817, 162
Trd, 000083.767, 162
Trd, 000084.567, 160
Trd, 000085.017, 159
Trd, 000085.333, 147
Trd, 000086.900, 157
Trd, 000087.017, 164
Trd, 000087.050, 170
Trd, 000087.533, 165
Trd, 000088.733, 163
Trd, 000089.100, 160
Trd, 000089.783, 160
Trd, 000091.000, 162
Trd, 000091.300, 162
Trd, 000091.417, 163
Trd, 000091.533, 166
Trd, 000092.483, 166
Trd, 000093.467, 161
Trd, 000094.033, 160
Trd, 000094.233, 162
Trd, 000096.050, 162
Trd, 000096.133, 161
Trd, 000096.483, 163
Trd, 000096.600, 164
Trd, 000096.767, 160
Trd, 000098.633, 161
Trd, 000099.600, 161
Trd, 000099.650, 163
Trd, 000099.667, 159
Trd, 000100.050, 165
Trd, 000100.750, 165
Trd, 000101.683, 163
Trd, 000103.267, 163
Trd, 000103.850, 164
Trd, 000103.900, 163
Trd, 000104.150, 165
Trd, 000105.700, 163
Trd, 000105.833, 164
Trd, 000106.117, 166
Trd, 000106.533, 167
Trd, 000106.633, 162
Trd, 000107.883, 162
Trd, 000108.867, 165
Trd, 000110.017, 165
Trd, 000110.183, 166
Trd, 000110.533, 165
Trd, 000111.067, 166
Trd, 000111.250, 163
Trd, 000113.017, 164
Trd, 000113.100, 165
Trd, 000114.133, 165
Trd, 000115.117, 166
Trd, 000115.133, 166
Trd, 000115.467, 169
Trd, 000116.883, 165
Trd, 000117.017, 169
Trd, 000117.483, 167
Trd, 000117.900, 165
Trd, 000118.400, 169
Trd, 000118.733, 170
Trd, 000119.483, 168
Trd, 000120.067, 169
Trd, 000121.033, 170
Trd, 000121.617, 169
Trd, 000122.167, 173
Trd, 000122.233, 177
Trd, 000122.300, 180
Trd, 000122.600, 185
Trd, 000122.617, 170
Trd, 000123.383, 205
Trd, 000124.417, 247
Trd, 000124.733, 303.0
Trd, 000124.833, 317.0
Trd, 000125.183, 333
Trd, 000125.650, 343.0
Trd, 000127.967, 344.0
Trd, 000128.300, 358.0
Trd, 000129.183, 359
Trd, 000129.400, 345.0
Trd, 000130.317, 355.0
Trd, 000130.650, 361.0
Trd, 000132.117, 355
Trd, 000135.067, 355
Trd, 000135.267, 356
Trd, 000135.750, 354
Trd, 000135.783, 355
Trd, 000136.483, 353
Trd, 000136.967, 355
Trd, 000137.233, 354
Trd, 000137.267, 355
Trd, 000138.117, 352
Trd, 000138.383, 353
Trd, 000138.483, 358.0
Trd, 000139.017, 357
Trd, 000139.333, 357
Trd, 000140.733, 356
Trd, 000140.917, 357
Trd, 000141.683, 355
Trd, 000142.183, 354
Trd, 000142.850, 358
Trd, 000143.233, 358
Trd, 000143.500, 355
Trd, 000144.717, 354
Trd, 000144.850, 354.0
Trd, 000145.450, 354
Trd, 000146.517, 358.0
Trd, 000146.583, 357
Trd, 000147.833, 356
Trd, 000148.700, 356
Trd, 000148.983, 355.0
Trd, 000149.050, 352
Trd, 000149.100, 349
Trd, 000149.900, 357
Trd, 000151.650, 354
Trd, 000151.900, 354
Trd, 000153.033, 348
Trd, 000153.183, 353
Trd, 000153.433, 347
Trd, 000153.683, 352
Trd, 000155.017, 353
Trd, 000155.333, 354
Trd, 000155.883, 351
Trd, 000156.417, 355
Trd, 000157.200, 354
Trd, 000157.283, 355
Trd, 000158.550, 354
Trd, 000158.983, 355
Trd, 000159.600, 354
Trd, 000160.717, 354
Trd, 000161.017, 349
Trd, 000161.250, 354
Trd, 000161.817, 354
Trd, 000162.150, 348
Trd, 000162.350, 348
Trd, 000164.500, 357.0
Trd, 000165.983, 354
Trd, 000166.933, 351
Trd, 000167.267, 352.0
Trd, 000168.200, 353.0
Trd, 000168.367, 354.0
Trd, 000169.933, 354
Trd, 000170.117, 354
Trd, 000170.217, 355
Trd, 000171.367, 351
Trd, 000171.400, 355
Trd, 000171.500, 337.0
Trd, 000173.117, 347
Trd, 000174.267, 350
Trd, 000174.983, 353
Trd, 000177.783, 349
Trd, 000178.383, 353
Trd, 000179.567, 353
Trd, 000179.600, 351
Trd, 000179.717, 351
Trd, 000179.983, 348
Trd, 000180.667, 353
Trd, 000181.233, 354
Trd, 000181.717, 348
Trd, 000182.267, 347
Trd, 000182.400, 347
Trd, 000182.617, 352
Trd, 000182.733, 337.0
Trd, 000183.250, 316
Trd, 000183.350, 313.0
Trd, 000183.567, 310.0
Trd, 000184.117, 310
Trd, 000184.500, 207
Trd, 000184.700, 204
Trd, 000184.767, 189
Trd, 000186.033, 188
Trd, 000187.150, 189
Trd, 000188.217, 187
Trd, 000189.567, 176
Trd, 000190.050, 177
Trd, 000190.350, 176
Trd, 000190.617, 177
Trd, 000191.250, 175
Trd, 000191.350, 178
Trd, 000191.383, 180
Trd, 000191.583, 175
Trd, 000192.317, 174
Trd, 000192.400, 174
Trd, 000193.817, 180
Trd, 000194.233, 173
Trd, 000195.583, 174
Trd, 000195.867, 174
Trd, 000196.067, 175
Trd, 000197.083, 175
Trd, 000197.467, 176
Trd, 000198.267, 176
Trd, 000198.917, 176
Trd, 000199.483, 176
Trd, 000200.783, 176
Trd, 000201.283, 175
Trd, 000201.600, 178
Trd, 000201.617, 175
Trd, 000202.400, 174
Trd, 000202.600, 177
Trd, 000203.950, 178
Trd, 000204.433, 178
Trd, 000205.717, 177
Trd, 000205.933, 178
Trd, 000205.983, 175
Trd, 000206.883, 175
Trd, 000208.083, 174
Trd, 000208.167, 177
Trd, 000209.250, 173
Trd, 000209.633, 174
Trd, 000210.317, 173
Trd, 000211.150, 176
Trd, 000211.550, 177
Trd, 000212.367, 173
Trd, 000213.033, 175
Trd, 000213.133, 175
Trd, 000213.217, 174
Trd, 000214.683, 175
Trd, 000215.800, 176
Trd, 000216.283, 177
Trd, 000216.850, 177
Trd, 000217.600, 177
Trd, 000218.383, 178
Trd, 000219.483, 177
Trd, 000220.583, 176
Trd, 000220.933, 177
Trd, 000221.400, 178
Trd, 000221.750, 177
Trd, 000222.600, 177
Trd, 000223.067, 176
Trd, 000223.217, 177
Trd, 000223.983, 176
Trd, 000224.017, 177
Trd, 000224.683, 180
Trd, 000226.617, 181
Trd, 000227.067, 180
Trd, 000227.983, 181
Trd, 000228.450, 180
Trd, 000229.317, 180
Trd, 000229.633, 181
Trd, 000230.400, 182
Trd, 000231.117, 181
Trd, 000231.300, 180
Trd, 000231.717, 181
Trd, 000232.100, 181
Trd, 000232.633, 181
Trd, 000233.200, 181
Trd, 000233.367, 182
Trd, 000234.683, 180
Trd, 000235.333, 179
Trd, 000235.917, 181
Trd, 000237.083, 179
Trd, 000237.633, 179
Trd, 000238.483, 180
Trd, 000239.667, 182
Trd, 000240.333, 181
Trd, 000240.533, 179
Trd, 000240.550, 179
Trd, 000240.833, 180
Trd, 000241.433, 179
Trd, 000241.533, 181
Trd, 000241.550, 182
Trd, 000241.583, 186
Trd, 000243.183, 181
Trd, 000243.333, 181
Trd, 000244.400, 181
Trd, 000244.600, 180
Trd, 000245.083, 181
Trd, 000245.383, 181
Trd, 000245.617, 180
Trd, 000245.850, 180
Trd, 000246.900, 179
Trd, 000247.150, 182
Trd, 000248.583, 181
Trd, 000249.650, 180
Trd, 000250.800, 179
Trd, 000251.383, 179
Trd, 000251.600, 178
Trd, 000251.800, 179
Trd, 000252.567, 177
Trd, 000252.883, 178
Trd, 000253.200, 179
Trd, 000253.317, 178
Trd, 000253.633, 177
Trd, 000254.133, 176
Trd, 000254.300, 179
Trd, 000254.417, 175
Trd, 000255.400, 177
Trd, 000256.300, 176
Trd, 000256.517, 176
Trd, 000256.800, 175
Trd, 000257.367, 175
Trd, 000257.383, 176
Trd, 000258.183, 174
Trd, 000258.400, 175
Trd, 000258.500, 174
Trd, 000259.367, 174
Trd, 000260.017, 175
Trd, 000260.533, 177
Trd, 000260.850, 180
Trd, 000261.950, 181
Trd, 000262.733, 182
Trd, 000263.167, 183
Trd, 000264.033, 181
Trd, 000264.200, 182
Trd, 000264.617, 181
Trd, 000264.733, 182
Trd, 000266.100, 181
Trd, 000266.183, 180
Trd, 000266.633, 178
Trd, 000266.783, 182
Trd, 000267.033, 177
Trd, 000267.250, 179
Trd, 000268.600, 181
Trd, 000268.683, 178
Trd, 000268.750, 182
Trd, 000269.467, 181
Trd, 000270.083, 180
Trd, 000270.267, 178
Trd, 000270.717, 178
Trd, 000271.733, 176
Trd, 000272.100, 179
Trd, 000272.450, 179
Trd, 000272.517, 178
Trd, 000273.883, 177
Trd, 000274.117, 178
Trd, 000274.617, 178
Trd, 000274.650, 179
Trd, 000275.033, 178
Trd, 000276.150, 179
Trd, 000276.400, 178
Trd, 000277.117, 181
Trd, 000277.367, 177
Trd, 000277.683, 176
Trd, 000278.433, 179
Trd, 000280.483, 181
Trd, 000280.533, 183
Trd, 000280.633, 186
Trd, 000281.283, 181
Trd, 000283.167, 184
Trd, 000283.317, 182
Trd, 000283.350, 181
Trd, 000283.700, 183
Trd, 000284.283, 183
Trd, 000284.600, 181
Trd, 000286.683, 183
Trd, 000287.083, 181
Trd, 000287.417, 183
Trd, 000287.917, 183
Trd, 000288.350, 184
Trd, 000288.983, 184
Trd, 000289.350, 182
Trd, 000289.633, 181
Trd, 000289.650, 183
Trd, 000290.783, 181
Trd, 000292.283, 183
Trd, 000292.383, 184
Trd, 000293.733, 185
Trd, 000293.750, 187
Trd, 000294.333, 184
Trd, 000294.433, 184
Trd, 000294.967, 183
Trd, 000295.017, 183
Trd, 000295.933, 184
Trd, 000296.017, 185
Trd, 000296.217, 183
Trd, 000296.333, 185
Trd, 000296.817, 188
Trd, 000297.050, 182
Trd, 000297.317, 189
Trd, 000297.483, 182
Trd, 000297.750, 181
Trd, 000298.733, 186
Trd, 000298.883, 186
Trd, 000299.433, 185
Trd, 000299.783, 185
