Trd, 000002.717, 137
Trd, 000002.883, 176
Trd, 000003.500, 145
Trd, 000004.183, 152
Trd, 000005.400, 155
Trd, 000006.000, 156
Trd, 000006.217, 157
Trd, 000007.100, 152
Trd, 000007.317, 156
Trd, 000007.350, 151
Trd, 000007.567, 145
Trd, 000008.550, 138
Trd, 000009.183, 143
Trd, 000009.450, 155
Trd, 000010.350, 152
Trd, 000013.267, 149
Trd, 000013.867, 148
Trd, 000014.333, 147
Trd, 000014.483, 148
Trd, 000015.350, 147
Trd, 000015.367, 146
Trd, 000016.117, 145
Trd, 000016.783, 146
Trd, 000017.450, 147
Trd, 000017.567, 146
Trd, 000017.600, 149
Trd, 000018.933, 150
Trd, 000019.333, 162
Trd, 000019.583, 136
Trd, 000020.967, 166
Trd, 000021.333, 164
Trd, 000022.400, 163
Trd, 000022.783, 157
Trd, 000023.467, 156
Trd, 000023.933, 160
Trd, 000024.383, 157
Trd, 000024.783, 157
Trd, 000025.267, 156
Trd, 000025.483, 154
Trd, 000025.583, 146
Trd, 000026.383, 140
Trd, 000027.267, 150
Trd, 000027.567, 145
Trd, 000027.667, 151
Trd, 000027.683, 156
Trd, 000028.550, 157
Trd, 000029.850, 149
Trd, 000030.683, 154
Trd, 000031.033, 154
Trd, 000031.333, 158
Trd, 000031.450, 152
Trd, 000033.883, 152
Trd, 000035.100, 151
Trd, 000035.167, 150
Trd, 000035.250, 147
Trd, 000035.467, 141
Trd, 000035.933, 145
Trd, 000037.283, 146
Trd, 000038.150, 146
Trd, 000038.817, 146
Trd, 000039.450, 145
Trd, 000039.667, 141
Trd, 000039.950, 126
Trd, 000040.483, 152
Trd, 000040.700, 147
Trd, 000042.500, 145
Trd, 000042.683, 160
Trd, 000043.650, 145
Trd, 000044.483, 155
Trd, 000044.517, 162
Trd, 000044.667, 148
Trd, 000045.183, 145
Trd, 000045.450, 167
Trd, 000046.550, 157
Trd, 000047.050, 159
Trd, 000048.600, 152
Trd, 000048.967, 151
Trd, 000049.650, 149
Trd, 000050.717, 158
Trd, 000050.750, 151
Trd, 000052.517, 150
Trd, 000053.417, 152
Trd, 000053.683, 145
Trd, 000054.217, 153
Trd, 000055.383, 155
Trd, 000055.517, 156
Trd, 000056.183, 170
Trd, 000057.417, 155
Trd, 000057.600, 151
Trd, 000057.917, 150
Trd, 000057.933, 149
Trd, 000057.950, 142
Trd, 000059.117, 143
Trd, 000059.200, 163
Trd, 000060.200, 161
Trd, 000060.300, 162
Trd, 000061.033, 164
Trd, 000062.200, 152
Trd, 000063.000, 160
Trd, 000063.633, 153
Trd, 000064.933, 154
Trd, 000065.167, 153
Trd, 000065.900, 153
Trd, 000066.033, 152
Trd, 000066.267, 153
Trd, 000066.517, 164
Trd, 000067.283, 143
Trd, 000068.233, 141
Trd, 000068.900, 142
Trd, 000069.183, 144
Trd, 000069.900, 150
Trd, 000071.183, 153
Trd, 000071.300, 151
Trd, 000071.633, 151
Trd, 000071.900, 151
Trd, 000072.267, 151
Trd, 000072.600, 151
Trd, 000073.183, 131
Trd, 000073.450, 144
Trd, 000075.033, 162
Trd, 000075.367, 138
Trd, 000075.933, 160
Trd, 000076.350, 161
Trd, 000077.500, 144
Trd, 000077.683, 145
Trd, 000077.933, 166
Trd, 000080.100, 149
Trd, 000080.167, 146
Trd, 000080.200, 146
Trd, 000081.050, 145
Trd, 000081.567, 147
Trd, 000081.667, 151
Trd, 000083.550, 169
Trd, 000083.600, 148
Trd, 000083.867, 148
Trd, 000084.300, 172
Trd, 000084.517, 151
Trd, 000085.633, 169
Trd, 000086.083, 152
Trd, 000086.483, 161
Trd, 000086.600, 150
Trd, 000088.183, 155
Trd, 000088.217, 157
Trd, 000089.217, 157
Trd, 000090.817, 155
Trd, 000090.983, 157
Trd, 000093.533, 156
Trd, 000094.083, 160
Trd, 000094.100, 162
Trd, 000094.150, 154
Trd, 000094.683, 154
Trd, 000096.183, 156
Trd, 000096.200, 158
Trd, 000096.467, 154
Trd, 000096.900, 153
Trd, 000097.533, 155
Trd, 000098.250, 155
Trd, 000099.533, 154
Trd, 000099.733, 148
Trd, 000100.150, 158
Trd, 000101.900, 159
Trd, 000102.550, 157
Trd, 000102.800, 154
Trd, 000103.383, 165
Trd, 000103.850, 155
Trd, 000104.833, 162
Trd, 000104.867, 154
Trd, 000106.583, 162
Trd, 000106.750, 156
Trd, 000106.967, 163
Trd, 000107.483, 156
Trd, 000107.583, 155
Trd, 000107.983, 155
Trd, 000109.767, 162
Trd, 000111.033, 162
Trd, 000111.183, 145
Trd, 000111.217, 131
Trd, 000112.117, 152
Trd, 000112.200, 157
Trd, 000112.650, 151
Trd, 000113.167, 157
Trd, 000114.550, 151
Trd, 000115.183, 154
Trd, 000115.917, 151
Trd, 000116.167, 155
Trd, 000117.900, 151
Trd, 000118.383, 150
Trd, 000119.400, 151
Trd, 000119.483, 150
Trd, 000120.367, 153
Trd, 000120.500, 154
Trd, 000121.133, 151
Trd, 000121.667, 154
Trd, 000122.450, 155
Trd, 000122.750, 160
Trd, 000123.117, 181
Trd, 000123.200, 207
Trd, 000123.333, 207
Trd, 000123.350, 208
Trd, 000123.733, 290
Trd, 000124.667, 305.0
Trd, 000125.083, 306.0
Trd, 000125.200, 317.0
Trd, 000126.800, 314
Trd, 000127.233, 314
Trd, 000127.267, 327.0
Trd, 000127.983, 331.0
Trd, 000128.067, 336
Trd, 000129.667, 335.0
Trd, 000130.350, 336.0
Trd, 000131.083, 336.0
Trd, 000132.117, 337.0
Trd, 000133.017, 335
Trd, 000133.717, 342
Trd, 000134.067, 348.0
Trd, 000135.033, 348
Trd, 000135.700, 358
Trd, 000136.250, 345
Trd, 000137.000, 342
Trd, 000137.150, 357
Trd, 000137.450, 342
Trd, 000138.217, 352
Trd, 000138.567, 344.0
Trd, 000138.750, 358.0
Trd, 000139.233, 341
Trd, 000141.383, 342
Trd, 000141.683, 341
Trd, 000142.083, 343
Trd, 000142.417, 342
Trd, 000142.717, 342
Trd, 000143.183, 338.0
Trd, 000144.950, 337.0
Trd, 000145.217, 345
Trd, 000145.933, 337.0
Trd, 000147.533, 332
Trd, 000149.017, 337.0
Trd, 000149.683, 341
Trd, 000149.767, 341
Trd, 000150.067, 340
Trd, 000150.400, 342
Trd, 000150.467, 345
Trd, 000150.500, 340
Trd, 000150.867, 338
Trd, 000151.467, 338
Trd, 000152.283, 337.0
Trd, 000152.817, 336.0
Trd, 000154.183, 335
Trd, 000155.233, 337.0
Trd, 000156.050, 336.0
Trd, 000156.633, 339.0
Trd, 000156.650, 336
Trd, 000156.967, 341
Trd, 000157.217, 337
Trd, 000157.517, 348.0
Trd, 000158.817, 338
Trd, 000159.067, 337.0
Trd, 000160.550, 355.0
Trd, 000161.633, 343
Trd, 000162.233, 340
Trd, 000162.950, 350
Trd, 000163.450, 350
Trd, 000164.067, 348
Trd, 000166.283, 344.0
Trd, 000167.183, 344
Trd, 000167.617, 343
Trd, 000167.683, 340
Trd, 000168.700, 343
Trd, 000168.850, 344
Trd, 000168.983, 336.0
Trd, 000169.000, 344
Trd, 000169.967, 337.0
Trd, 000170.133, 344
Trd, 000171.550, 339
Trd, 000171.933, 337.0
Trd, 000172.683, 337
Trd, 000174.283, 340
Trd, 000174.950, 340
Trd, 000176.183, 341
Trd, 000177.133, 340.0
Trd, 000178.500, 342
Trd, 000178.617, 343
Trd, 000179.967, 344.0
Trd, 000180.833, 339
Trd, 000181.683, 338
Trd, 000181.767, 344.0
Trd, 000181.783, 337
Trd, 000182.283, 348.0
Trd, 000182.550, 337.0
Trd, 000182.783, 320.0
Trd, 000182.917, 317.0
Trd, 000182.933, 310.0
Trd, 000183.250, 355
Trd, 000183.700, 303.0
Trd, 000183.917, 230
Trd, 000184.017, 270
Trd, 000184.233, 293
Trd, 000184.767, 184
Trd, 000184.833, 186
Trd, 000185.600, 213
Trd, 000186.267, 198
Trd, 000187.167, 179
Trd, 000187.767, 180
Trd, 000187.967, 179
Trd, 000188.100, 178
Trd, 000188.567, 178
Trd, 000189.333, 162
Trd, 000191.000, 178
Trd, 000192.067, 169
Trd, 000192.817, 177
Trd, 000192.833, 163
Trd, 000194.017, 163
Trd, 000195.050, 162
Trd, 000195.417, 158
Trd, 000195.833, 164
Trd, 000197.250, 167
Trd, 000197.367, 166
Trd, 000197.633, 166
Trd, 000197.983, 165
Trd, 000198.100, 165
Trd, 000198.883, 166
Trd, 000198.983, 167
Trd, 000199.667, 168
Trd, 000199.717, 165
Trd, 000200.167, 163
Trd, 000200.517, 169
Trd, 000202.100, 165
Trd, 000203.400, 164
Trd, 000204.000, 170
Trd, 000204.350, 164
Trd, 000207.167, 173
Trd, 000207.467, 175
Trd, 000208.183, 171
Trd, 000209.633, 171
Trd, 000209.733, 166
Trd, 000210.200, 171
Trd, 000210.217, 178
Trd, 000211.517, 172
Trd, 000212.200, 170
Trd, 000212.433, 166
Trd, 000213.067, 173
Trd, 000213.117, 175
Trd, 000213.433, 175
Trd, 000214.083, 168
Trd, 000214.683, 168
Trd, 000217.500, 167
Trd, 000217.667, 171
Trd, 000218.783, 166
Trd, 000219.133, 167
Trd, 000219.267, 170
Trd, 000219.767, 166
Trd, 000220.083, 171
Trd, 000220.350, 172
Trd, 000221.133, 165
Trd, 000222.650, 167
Trd, 000224.367, 168
Trd, 000224.467, 178
Trd, 000226.633, 181
Trd, 000226.833, 180
Trd, 000226.850, 180
Trd, 000227.450, 179
Trd, 000227.517, 180
Trd, 000229.100, 184
Trd, 000229.150, 183
Trd, 000229.367, 188
Trd, 000229.583, 157
Trd, 000231.400, 173
Trd, 000231.450, 174
Trd, 000232.233, 161
Trd, 000232.600, 160
Trd, 000233.350, 173
Trd, 000233.600, 172
Trd, 000233.617, 173
Trd, 000233.817, 178
Trd, 000235.367, 165
Trd, 000236.933, 177
Trd, 000238.250, 177
Trd, 000238.550, 169
Trd, 000239.500, 169
Trd, 000240.133, 173
Trd, 000241.000, 185
Trd, 000241.817, 177
Trd, 000242.067, 179
Trd, 000242.583, 182
Trd, 000242.983, 180
Trd, 000243.167, 177
Trd, 000243.350, 176
Trd, 000243.767, 175
Trd, 000244.133, 176
Trd, 000244.333, 174
Trd, 000244.600, 177
Trd, 000244.733, 178
Trd, 000245.783, 176
Trd, 000246.083, 175
Trd, 000246.617, 172
Trd, 000247.250, 173
Trd, 000247.383, 176
Trd, 000248.500, 178
Trd, 000248.733, 179
Trd, 000248.867, 176
Trd, 000249.283, 178
Trd, 000249.483, 177
Trd, 000250.533, 180
Trd, 000251.000, 178
Trd, 000251.667, 176
Trd, 000252.450, 181
Trd, 000252.600, 190
Trd, 000253.400, 169
Trd, 000254.033, 188
Trd, 000254.117, 163
Trd, 000254.983, 185
Trd, 000256.067, 171
Trd, 000256.767, 174
Trd, 000256.833, 177
Trd, 000256.933, 176
Trd, 000257.067, 172
Trd, 000257.350, 175
Trd, 000257.650, 169
Trd, 000258.817, 173
Trd, 000259.617, 171
Trd, 000259.850, 170
Trd, 000260.583, 170
Trd, 000260.917, 173
Trd, 000261.067, 174
Trd, 000261.300, 178
Trd, 000262.950, 177
Trd, 000263.583, 175
Trd, 000263.733, 174
Trd, 000263.800, 178
Trd, 000263.917, 172
Trd, 000264.500, 177
Trd, 000264.600, 175
Trd, 000264.867, 175
Trd, 000265.317, 178
Trd, 000265.783, 174
Trd, 000265.800, 181
Trd, 000267.383, 183
Trd, 000267.800, 182
Trd, 000267.950, 186
Trd, 000268.550, 193
Trd, 000269.333, 195
Trd, 000269.767, 192
Trd, 000270.200, 190
Trd, 000270.483, 189
Trd, 000270.600, 185
Trd, 000270.700, 170
Trd, 000271.150, 183
Trd, 000272.267, 182
Trd, 000272.600, 174
Trd, 000272.700, 182
Trd, 000273.150, 177
Trd, 000273.683, 179
Trd, 000274.050, 172
Trd, 000274.717, 177
Trd, 000275.633, 174
Trd, 000275.850, 174
Trd, 000276.300, 171
Trd, 000276.867, 170
Trd, 000278.317, 173
Trd, 000278.517, 172
Trd, 000278.850, 171
Trd, 000280.033, 173
Trd, 000280.283, 174
Trd, 000280.600, 175
Trd, 000280.883, 172
Trd, 000281.083, 172
Trd, 000281.300, 171
Trd, 000282.117, 172
Trd, 000282.133, 171
Trd, 000282.200, 176
Trd, 000282.400, 183
Trd, 000283.450, 186
Trd, 000284.250, 189
Trd, 000284.400, 178
Trd, 000284.467, 172
Trd, 000284.967, 171
Trd, 000285.333, 180
Trd, 000285.617, 181
Trd, 000285.733, 180
Trd, 000286.633, 181
Trd, 000287.150, 181
Trd, 000287.217, 184
Trd, 000287.783, 183
Trd, 000288.317, 183
Trd, 000288.700, 182
Trd, 000288.883, 179
Trd, 000289.900, 179
Trd, 000290.117, 184
Trd, 000291.400, 176
Trd, 000291.417, 177
Trd, 000291.650, 178
Trd, 000291.950, 179
Trd, 000291.967, 167
Trd, 000292.083, 170
Trd, 000292.533, 169
Trd, 000293.650, 185
Trd, 000293.867, 183
Trd, 000293.950, 187
Trd, 000295.183, 188
Trd, 000295.683, 174
Trd, 000296.950, 179
Trd, 000297.200, 178
Trd, 000297.283, 173
Trd, 000298.283, 177
Trd, 000298.367, 179
Trd, 000298.650, 176
Trd, 000298.667, 177
Trd, 000298.767, 180
Trd, 000299.700, 184
