Trd, 000003.433, 142
Trd, 000003.583, 150
Trd, 000004.117, 151
Trd, 000005.583, 150
Trd, 000005.733, 151
Trd, 000006.350, 152
Trd, 000006.417, 151
Trd, 000006.483, 150
Trd, 000006.950, 152
Trd, 000008.500, 152
Trd, 000008.533, 153
Trd, 000008.667, 151
Trd, 000008.883, 148
Trd, 000010.517, 144
Trd, 000010.550, 149
Trd, 000010.850, 150
Trd, 000010.983, 147
Trd, 000011.950, 148
Trd, 000013.800, 151
Trd, 000014.283, 147
Trd, 000014.950, 147
Trd, 000015.617, 146
Trd, 000016.317, 146
Trd, 000016.383, 149
Trd, 000016.583, 150
Trd, 000017.067, 149
Trd, 000017.267, 153
Trd, 000017.750, 146
Trd, 000017.983, 146
Trd, 000018.067, 151
Trd, 000018.750, 155
Trd, 000020.550, 151
Trd, 000020.617, 150
Trd, 000020.750, 150
Trd, 000021.233, 153
Trd, 000022.400, 149
Trd, 000023.367, 151
Trd, 000023.500, 153
Trd, 000023.833, 150
Trd, 000024.183, 152
Trd, 000025.017, 149
Trd, 000025.633, 151
Trd, 000026.117, 152
Trd, 000026.283, 150
Trd, 000027.417, 151
Trd, 000029.167, 148
Trd, 000029.950, 148
Trd, 000029.983, 148
Trd, 000030.067, 147
Trd, 000030.467, 149
Trd, 000030.900, 150
Trd, 000030.917, 152
Trd, 000031.483, 151
Trd, 000031.683, 151
Trd, 000031.717, 150
Trd, 000032.583, 151
Trd, 000032.850, 151
Trd, 000033.950, 151
Trd, 000034.400, 148
Trd, 000034.550, 147
Trd, 000034.617, 145
Trd, 000035.200, 149
Trd, 000036.433, 150
Trd, 000036.567, 147
Trd, 000037.200, 147
Trd, 000037.933, 151
Trd, 000038.850, 149
Trd, 000039.583, 151
Trd, 000039.733, 149
Trd, 000039.767, 158
Trd, 000040.750, 159
Trd, 000041.317, 152
Trd, 000042.550, 155
Trd, 000042.967, 152
Trd, 000043.417, 153
Trd, 000043.617, 153
Trd, 000044.567, 155
Trd, 000044.783, 155
Trd, 000045.483, 154
Trd, 000045.717, 155
Trd, 000045.833, 154
Trd, 000047.150, 154
Trd, 000047.417, 154
Trd, 000047.683, 153
Trd, 000048.200, 155
Trd, 000048.883, 152
Trd, 000049.617, 155
Trd, 000050.300, 152
Trd, 000050.617, 154
Trd, 000050.683, 155
Trd, 000051.133, 152
Trd, 000051.900, 154
Trd, 000052.200, 152
Trd, 000052.667, 152
Trd, 000054.783, 152
Trd, 000055.533, 151
Trd, 000055.550, 150
Trd, 000055.950, 153
Trd, 000056.217, 149
Trd, 000057.417, 150
Trd, 000057.550, 153
Trd, 000058.083, 153
Trd, 000059.450, 153
Trd, 000059.500, 152
Trd, 000059.617, 152
Trd, 000059.667, 151
Trd, 000059.700, 154
Trd, 000060.783, 154
Trd, 000061.067, 150
Trd, 000061.150, 154
Trd, 000061.633, 153
Trd, 000062.183, 149
Trd, 000062.383, 154
Trd, 000063.400, 149
Trd, 000063.517, 147
Trd, 000063.883, 154
Trd, 000064.367, 156
Trd, 000064.450, 156
Trd, 000064.783, 149
Trd, 000065.317, 157
Trd, 000065.417, 148
Trd, 000066.533, 154
Trd, 000067.050, 151
Trd, 000067.133, 150
Trd, 000068.017, 151
Trd, 000068.833, 149
Trd, 000068.883, 148
Trd, 000069.700, 162
Trd, 000069.717, 193
Trd, 000070.750, 166
Trd, 000071.017, 166
Trd, 000071.167, 169
Trd, 000071.900, 161
Trd, 000073.067, 160
Trd, 000073.667, 152
Trd, 000073.700, 161
Trd, 000074.600, 158
Trd, 000074.883, 159
Trd, 000075.333, 159
Trd, 000075.800, 158
Trd, 000076.250, 160
Trd, 000076.283, 160
Trd, 000076.567, 161
Trd, 000076.767, 155
Trd, 000077.233, 155
Trd, 000077.800, 159
Trd, 000078.950, 150
Trd, 000079.700, 157
Trd, 000080.000, 158
Trd, 000080.017, 158
Trd, 000081.767, 157
Trd, 000081.867, 156
Trd, 000081.883, 155
Trd, 000082.017, 166
Trd, 000082.583, 160
Trd, 000083.033, 160
Trd, 000083.417, 160
Trd, 000083.517, 163
Trd, 000084.317, 159
Trd, 000085.233, 159
Trd, 000086.000, 158
Trd, 000086.217, 160
Trd, 000086.633, 157
Trd, 000087.833, 153
Trd, 000088.533, 157
Trd, 000088.717, 160
Trd, 000090.350, 159
Trd, 000090.533, 158
Trd, 000090.817, 158
Trd, 000090.967, 157
Trd, 000091.233, 157
Trd, 000091.533, 153
Trd, 000092.117, 158
Trd, 000092.133, 150
Trd, 000092.233, 159
Trd, 000093.017, 159
Trd, 000094.200, 153
Trd, 000094.500, 150
Trd, 000094.950, 156
Trd, 000097.833, 154
Trd, 000098.250, 154
Trd, 000098.617, 153
Trd, 000099.033, 156
Trd, 000099.050, 155
Trd, 000100.317, 157
Trd, 000100.717, 157
Trd, 000100.767, 155
Trd, 000100.867, 156
Trd, 000101.100, 156
Trd, 000101.167, 158
Trd, 000101.500, 159
Trd, 000102.467, 157
Trd, 000102.767, 158
Trd, 000103.067, 161
Trd, 000103.083, 162
Trd, 000103.733, 165
Trd, 000105.300, 163
Trd, 000105.467, 162
Trd, 000105.617, 161
Trd, 000105.883, 160
Trd, 000106.567, 158
Trd, 000107.033, 159
Trd, 000107.117, 166
Trd, 000107.267, 162
Trd, 000107.950, 160
Trd, 000108.333, 161
Trd, 000108.900, 151
Trd, 000109.083, 138
Trd, 000109.200, 136
Trd, 000110.367, 145
Trd, 000110.417, 148
Trd, 000111.150, 154
Trd, 000111.433, 144
Trd, 000112.967, 163
Trd, 000113.300, 161
Trd, 000113.483, 160
Trd, 000114.050, 160
Trd, 000114.517, 156
Trd, 000115.167, 159
Trd, 000115.650, 158
Trd, 000116.150, 162
Trd, 000116.333, 158
Trd, 000116.550, 156
Trd, 000117.067, 166
Trd, 000118.383, 168
Trd, 000119.683, 168
Trd, 000120.017, 170
Trd, 000120.700, 168
Trd, 000120.900, 170
Trd, 000120.917, 169
Trd, 000121.483, 168
Trd, 000121.800, 174
Trd, 000121.950, 177
Trd, 000121.983, 167
Trd, 000122.333, 194
Trd, 000122.417, 194
Trd, 000122.483, 198
Trd, 000122.617, 212
Trd, 000122.783, 220
Trd, 000123.067, 262
Trd, 000123.083, 266
Trd, 000123.783, 212
Trd, 000124.050, 300.0
Trd, 000124.350, 324
Trd, 000124.833, 305.0
Trd, 000125.267, 306.0
Trd, 000125.383, 317
Trd, 000125.783, 321
Trd, 000125.867, 333
Trd, 000127.133, 333
Trd, 000127.333, 327
Trd, 000129.167, 336
Trd, 000129.200, 348.0
Trd, 000129.617, 341.0
Trd, 000131.133, 343
Trd, 000131.933, 343
Trd, 000132.133, 347
Trd, 000132.367, 350
Trd, 000132.700, 351.0
Trd, 000134.233, 352
Trd, 000134.400, 351
Trd, 000134.550, 352
Trd, 000134.617, 355
Trd, 000135.200, 353
Trd, 000135.800, 350
Trd, 000136.033, 345
Trd, 000136.083, 358
Trd, 000136.167, 344
Trd, 000136.783, 345.0
Trd, 000136.950, 344.0
Trd, 000137.867, 343.0
Trd, 000137.917, 342.0
Trd, 000138.517, 347
Trd, 000140.750, 346
Trd, 000140.850, 348
Trd, 000141.400, 349
Trd, 000141.967, 346
Trd, 000142.000, 344
Trd, 000142.300, 350.0
Trd, 000142.783, 341.0
Trd, 000143.200, 341
Trd, 000143.950, 344
Trd, 000143.983, 342
Trd, 000144.200, 346
Trd, 000145.167, 343
Trd, 000145.417, 344
Trd, 000147.583, 350
Trd, 000147.750, 349
Trd, 000148.467, 351.0
Trd, 000148.633, 350
Trd, 000148.817, 354
Trd, 000148.967, 355
Trd, 000150.450, 353
Trd, 000150.517, 351
Trd, 000150.750, 354
Trd, 000151.000, 352
Trd, 000152.300, 352
Trd, 000152.350, 354
Trd, 000153.000, 350
Trd, 000153.233, 349
Trd, 000153.900, 362.0
Trd, 000154.017, 351
Trd, 000155.950, 357
Trd, 000156.717, 354
Trd, 000156.833, 352
Trd, 000156.900, 352
Trd, 000156.917, 344.0
Trd, 000157.867, 353
Trd, 000160.067, 348.0
Trd, 000160.417, 350.0
Trd, 000160.967, 348
Trd, 000161.167, 349
Trd, 000161.233, 351
Trd, 000162.000, 351.0
Trd, 000162.433, 349
Trd, 000163.117, 351
Trd, 000163.200, 350
Trd, 000163.717, 347
Trd, 000164.333, 347
Trd, 000164.567, 344
Trd, 000164.933, 347
Trd, 000166.000, 347
Trd, 000166.617, 350
Trd, 000166.633, 343.0
Trd, 000167.550, 344
Trd, 000167.650, 343
Trd, 000168.067, 348
Trd, 000168.850, 346
Trd, 000169.433, 345.0
Trd, 000169.767, 347.0
Trd, 000170.133, 347.0
Trd, 000170.783, 348.0
Trd, 000170.900, 347.0
Trd, 000172.733, 346
Trd, 000172.867, 346
Trd, 000172.933, 345
Trd, 000173.800, 345
Trd, 000173.900, 349.0
Trd, 000174.167, 345
Trd, 000175.317, 344
Trd, 000175.350, 345
Trd, 000176.933, 346.0
Trd, 000177.000, 347
Trd, 000177.483, 347
Trd, 000178.083, 347.0
Trd, 000178.100, 344.0
Trd, 000178.217, 349
Trd, 000179.033, 348
Trd, 000179.333, 351.0
Trd, 000180.917, 350
Trd, 000181.200, 347
Trd, 000182.483, 346
Trd, 000182.533, 354
Trd, 000182.900, 351.0
Trd, 000182.917, 341.0
Trd, 000183.300, 330
Trd, 000183.633, 303
Trd, 000183.667, 287
Trd, 000184.883, 310
Trd, 000184.917, 300.0
Trd, 000185.317, 218
Trd, 000185.450, 214
Trd, 000185.500, 211
Trd, 000185.817, 206
Trd, 000185.833, 204
Trd, 000186.167, 196
Trd, 000187.033, 187
Trd, 000188.383, 187
Trd, 000189.133, 192
Trd, 000189.550, 193
Trd, 000190.100, 192
Trd, 000190.367, 191
Trd, 000190.850, 190
Trd, 000191.283, 190
Trd, 000191.567, 186
Trd, 000192.550, 185
Trd, 000192.783, 177
Trd, 000193.133, 160
Trd, 000194.200, 175
Trd, 000194.683, 179
Trd, 000194.917, 179
Trd, 000195.683, 176
Trd, 000196.050, 175
Trd, 000196.117, 174
Trd, 000197.233, 172
Trd, 000197.600, 172
Trd, 000197.917, 172
Trd, 000198.450, 174
Trd, 000198.567, 171
Trd, 000198.683, 175
Trd, 000198.867, 175
Trd, 000199.333, 175
Trd, 000199.633, 171
Trd, 000201.300, 173
Trd, 000201.600, 173
Trd, 000201.617, 172
Trd, 000201.983, 175
Trd, 000202.900, 175
Trd, 000203.100, 173
Trd, 000203.617, 172
Trd, 000203.633, 175
Trd, 000204.583, 174
Trd, 000204.933, 174
Trd, 000205.183, 173
Trd, 000206.200, 176
Trd, 000206.617, 174
Trd, 000206.883, 174
Trd, 000208.583, 176
Trd, 000208.683, 177
Trd, 000208.700, 178
Trd, 000209.167, 174
Trd, 000209.433, 173
Trd, 000209.450, 165
Trd, 000210.067, 167
Trd, 000210.717, 176
Trd, 000211.767, 170
Trd, 000211.800, 171
Trd, 000211.867, 169
Trd, 000212.100, 172
Trd, 000212.917, 173
Trd, 000213.883, 171
Trd, 000214.450, 169
Trd, 000214.583, 170
Trd, 000215.183, 170
Trd, 000215.650, 172
Trd, 000216.000, 172
Trd, 000216.433, 174
Trd, 000216.883, 176
Trd, 000217.533, 174
Trd, 000217.983, 173
Trd, 000218.100, 173
Trd, 000218.467, 173
Trd, 000219.600, 172
Trd, 000219.850, 170
Trd, 000219.867, 163
Trd, 000220.767, 159
Trd, 000221.700, 166
Trd, 000222.133, 152
Trd, 000222.200, 157
Trd, 000222.483, 160
Trd, 000222.700, 164
Trd, 000223.000, 165
Trd, 000223.267, 187
Trd, 000224.533, 169
Trd, 000224.633, 168
Trd, 000225.950, 171
Trd, 000226.533, 171
Trd, 000226.750, 174
Trd, 000227.133, 172
Trd, 000227.167, 170
Trd, 000228.317, 171
Trd, 000228.767, 172
Trd, 000229.983, 172
Trd, 000230.050, 170
Trd, 000230.917, 171
Trd, 000231.600, 172
Trd, 000231.667, 174
Trd, 000232.483, 172
Trd, 000233.233, 171
Trd, 000233.633, 171
Trd, 000234.750, 170
Trd, 000235.267, 172
Trd, 000235.350, 171
Trd, 000235.667, 173
Trd, 000236.167, 170
Trd, 000236.317, 167
Trd, 000237.500, 174
Trd, 000237.600, 166
Trd, 000238.067, 173
Trd, 000238.433, 171
Trd, 000238.783, 173
Trd, 000239.433, 173
Trd, 000239.700, 174
Trd, 000239.950, 173
Trd, 000240.283, 175
Trd, 000241.550, 175
Trd, 000241.883, 176
Trd, 000242.183, 172
Trd, 000242.283, 171
Trd, 000242.983, 165
Trd, 000243.483, 153
Trd, 000244.150, 171
Trd, 000244.517, 168
Trd, 000244.883, 171
Trd, 000245.717, 169
Trd, 000246.433, 168
Trd, 000246.933, 173
Trd, 000247.350, 176
Trd, 000247.633, 178
Trd, 000248.117, 178
Trd, 000248.217, 180
Trd, 000248.650, 178
Trd, 000249.800, 181
Trd, 000249.833, 175
Trd, 000251.417, 181
Trd, 000251.767, 181
Trd, 000252.083, 180
Trd, 000252.100, 181
Trd, 000253.267, 185
Trd, 000253.433, 186
Trd, 000253.533, 185
Trd, 000253.783, 187
Trd, 000254.067, 187
Trd, 000254.367, 185
Trd, 000255.283, 188
Trd, 000255.933, 186
Trd, 000256.083, 180
Trd, 000256.717, 185
Trd, 000256.817, 181
Trd, 000258.483, 180
Trd, 000258.983, 179
Trd, 000259.400, 170
Trd, 000259.500, 181
Trd, 000259.567, 169
Trd, 000260.083, 179
Trd, 000260.233, 175
Trd, 000261.633, 174
Trd, 000261.833, 171
Trd, 000262.100, 174
Trd, 000262.183, 171
Trd, 000262.883, 173
Trd, 000263.983, 172
Trd, 000264.733, 174
Trd, 000264.800, 173
Trd, 000265.500, 172
Trd, 000265.650, 174
Trd, 000266.633, 176
Trd, 000266.767, 177
Trd, 000266.783, 171
Trd, 000266.883, 170
Trd, 000267.200, 167
Trd, 000267.283, 166
Trd, 000268.283, 177
Trd, 000268.550, 171
Trd, 000268.683, 170
Trd, 000269.383, 175
Trd, 000269.417, 175
Trd, 000270.400, 176
Trd, 000271.117, 177
Trd, 000271.167, 174
Trd, 000271.383, 178
Trd, 000271.850, 175
Trd, 000272.500, 175
Trd, 000272.883, 174
Trd, 000273.600, 175
Trd, 000273.700, 176
Trd, 000273.817, 174
Trd, 000274.033, 177
Trd, 000275.467, 177
Trd, 000275.867, 174
Trd, 000275.900, 172
Trd, 000276.450, 182
Trd, 000277.367, 186
Trd, 000277.783, 188
Trd, 000278.383, 184
Trd, 000278.600, 183
Trd, 000279.583, 189
Trd, 000280.900, 188
Trd, 000280.983, 188
Trd, 000281.317, 187
Trd, 000281.800, 186
Trd, 000282.017, 183
Trd, 000282.717, 182
Trd, 000282.833, 182
Trd, 000283.467, 182
Trd, 000283.517, 182
Trd, 000283.567, 181
Trd, 000284.533, 179
Trd, 000284.567, 178
Trd, 000284.800, 176
Trd, 000285.017, 180
Trd, 000285.050, 169
Trd, 000285.400, 179
Trd, 000288.167, 176
Trd, 000288.317, 178
Trd, 000288.950, 173
Trd, 000289.667, 172
Trd, 000289.700, 172
Trd, 000289.883, 177
Trd, 000290.517, 171
Trd, 000290.883, 173
Trd, 000290.917, 175
Trd, 000292.133, 175
Trd, 000292.250, 176
Trd, 000292.633, 173
Trd, 000292.983, 172
Trd, 000294.117, 176
Trd, 000294.350, 172
Trd, 000294.800, 172
Trd, 000295.233, 177
Trd, 000295.583, 177
Trd, 000295.783, 179
Trd, 000295.983, 178
Trd, 000296.367, 177
Trd, 000296.467, 176
Trd, 000297.300, 178
Trd, 000297.500, 184
Trd, 000297.900, 176
Trd, 000298.767, 179
Trd, 000298.800, 176
Trd, 000299.633, 179
Trd, 000299.700, 176
