Trd, 000001.650, 117
Trd, 000002.183, 126
Trd, 000002.333, 139
Trd, 000003.567, 129
Trd, 000005.033, 140
Trd, 000005.317, 144
Trd, 000006.300, 142
Trd, 000006.950, 151
Trd, 000007.617, 145
Trd, 000008.767, 146
Trd, 000009.100, 146
Trd, 000009.333, 147
Trd, 000009.450, 146
Trd, 000009.533, 149
Trd, 000009.900, 145
Trd, 000012.133, 149
Trd, 000012.833, 147
Trd, 000013.650, 146
Trd, 000013.867, 147
Trd, 000014.550, 148
Trd, 000015.517, 145
Trd, 000015.983, 146
Trd, 000017.483, 146
Trd, 000017.817, 146
Trd, 000018.100, 146
Trd, 000018.583, 147
Trd, 000018.867, 147
Trd, 000019.283, 148
Trd, 000020.400, 148
Trd, 000020.683, 144
Trd, 000020.750, 148
Trd, 000022.433, 153
Trd, 000022.450, 148
Trd, 000023.633, 147
Trd, 000023.800, 146
Trd, 000024.900, 147
Trd, 000025.067, 147
Trd, 000025.500, 146
Trd, 000025.800, 149
Trd, 000026.000, 147
Trd, 000027.350, 147
Trd, 000027.900, 146
Trd, 000028.600, 146
Trd, 000029.017, 145
Trd, 000029.367, 147
Trd, 000029.750, 147
Trd, 000030.783, 145
Trd, 000031.167, 146
Trd, 000031.333, 147
Trd, 000031.500, 147
Trd, 000031.933, 147
Trd, 000032.300, 148
Trd, 000033.200, 148
Trd, 000033.617, 151
Trd, 000034.383, 150
Trd, 000035.450, 150
Trd, 000035.550, 149
Trd, 000037.433, 148
Trd, 000037.850, 148
Trd, 000038.533, 147
Trd, 000038.600, 150
Trd, 000039.000, 151
Trd, 000039.550, 150
Trd, 000039.883, 152
Trd, 000040.550, 155
Trd, 000040.933, 154
Trd, 000042.050, 151
Trd, 000042.183, 153
Trd, 000044.100, 152
Trd, 000045.950, 153
Trd, 000046.100, 151
Trd, 000046.900, 154
Trd, 000047.383, 153
Trd, 000047.667, 153
Trd, 000048.183, 154
Trd, 000050.400, 154
Trd, 000050.683, 153
Trd, 000052.050, 153
Trd, 000052.317, 155
Trd, 000052.733, 154
Trd, 000052.950, 159
Trd, 000053.450, 154
Trd, 000053.750, 153
Trd, 000054.050, 154
Trd, 000055.233, 154
Trd, 000055.367, 154
Trd, 000056.650, 156
Trd, 000057.233, 156
Trd, 000057.467, 155
Trd, 000057.967, 156
Trd, 000058.617, 156
Trd, 000058.967, 154
Trd, 000059.683, 156
Trd, 000060.250, 155
Trd, 000060.550, 157
Trd, 000061.217, 153
Trd, 000062.567, 157
Trd, 000063.017, 157
Trd, 000063.300, 156
Trd, 000064.250, 157
Trd, 000065.083, 156
Trd, 000066.600, 155
Trd, 000067.867, 155
Trd, 000067.917, 156
Trd, 000068.683, 157
Trd, 000068.800, 169
Trd, 000069.300, 162
Trd, 000069.683, 160
Trd, 000070.200, 161
Trd, 000070.383, 162
Trd, 000071.617, 160
Trd, 000072.133, 157
Trd, 000073.233, 158
Trd, 000073.467, 159
Trd, 000074.583, 159
Trd, 000075.800, 159
Trd, 000076.317, 159
Trd, 000076.400, 158
Trd, 000076.483, 159
Trd, 000076.667, 157
Trd, 000076.967, 151
Trd, 000077.167, 156
Trd, 000078.683, 150
Trd, 000079.300, 150
Trd, 000080.200, 150
Trd, 000080.417, 152
Trd, 000081.183, 152
Trd, 000081.317, 150
Trd, 000081.700, 153
Trd, 000082.733, 150
Trd, 000083.867, 149
Trd, 000084.300, 151
Trd, 000084.733, 151
Trd, 000085.083, 150
Trd, 000086.083, 152
Trd, 000087.050, 155
Trd, 000087.833, 154
Trd, 000087.883, 152
Trd, 000088.167, 152
Trd, 000089.133, 153
Trd, 000090.583, 155
Trd, 000092.483, 155
Trd, 000092.817, 157
Trd, 000093.017, 157
Trd, 000093.833, 159
Trd, 000094.150, 159
Trd, 000094.367, 159
Trd, 000094.383, 158
Trd, 000094.933, 160
Trd, 000095.267, 160
Trd, 000095.400, 157
Trd, 000095.417, 157
Trd, 000096.267, 158
Trd, 000096.667, 158
Trd, 000097.167, 153
Trd, 000098.217, 160
Trd, 000098.450, 137
Trd, 000099.933, 152
Trd, 000100.233, 153
Trd, 000100.650, 153
Trd, 000103.467, 154
Trd, 000104.033, 154
Trd, 000104.717, 155
Trd, 000105.300, 154
Trd, 000105.500, 160
Trd, 000106.000, 160
Trd, 000106.383, 159
Trd, 000107.183, 158
Trd, 000107.767, 159
Trd, 000107.950, 160
Trd, 000108.067, 159
Trd, 000108.433, 159
Trd, 000109.017, 158
Trd, 000109.133, 158
Trd, 000110.433, 158
Trd, 000111.167, 156
Trd, 000111.367, 158
Trd, 000111.717, 159
Trd, 000111.867, 159
Trd, 000112.783, 155
Trd, 000113.367, 155
Trd, 000113.833, 154
Trd, 000114.333, 156
Trd, 000114.467, 155
Trd, 000114.917, 155
Trd, 000117.467, 155
Trd, 000117.683, 159
Trd, 000118.667, 157
Trd, 000119.517, 155
Trd, 000120.100, 157
Trd, 000120.633, 156
Trd, 000120.733, 155
Trd, 000121.733, 156
Trd, 000122.050, 155
Trd, 000122.067, 156
Trd, 000122.167, 160
Trd, 000122.317, 163
Trd, 000122.333, 174
Trd, 000122.400, 177
Trd, 000123.100, 191
Trd, 000123.450, 194
Trd, 000123.483, 201
Trd, 000123.533, 248
Trd, 000124.333, 280
Trd, 000124.850, 300.0
Trd, 000125.450, 317.0
Trd, 000126.433, 330.0
Trd, 000126.767, 329.0
Trd, 000127.233, 329
Trd, 000127.317, 344.0
Trd, 000129.467, 336.0
Trd, 000129.833, 341
Trd, 000130.033, 342
Trd, 000131.550, 348.0
Trd, 000132.017, 348
Trd, 000132.167, 352
Trd, 000132.250, 344
Trd, 000132.667, 344
Trd, 000133.017, 343
Trd, 000134.733, 348
Trd, 000134.883, 348
Trd, 000136.350, 346
Trd, 000136.750, 345
Trd, 000137.150, 348
Trd, 000137.217, 349
Trd, 000138.150, 344
Trd, 000138.850, 342
Trd, 000139.717, 342
Trd, 000140.833, 341.0
Trd, 000141.367, 341
Trd, 000142.633, 344
Trd, 000143.017, 342
Trd, 000143.617, 346
Trd, 000143.783, 343
Trd, 000144.017, 342
Trd, 000145.467, 347
Trd, 000145.767, 346
Trd, 000146.317, 347
Trd, 000146.867, 347
Trd, 000147.400, 348.0
Trd, 000147.967, 348
Trd, 000148.133, 349
Trd, 000149.633, 346
Trd, 000150.150, 344
Trd, 000151.133, 344
Trd, 000152.817, 344
Trd, 000153.033, 344
Trd, 000153.300, 345
Trd, 000153.600, 348.0
Trd, 000154.933, 348
Trd, 000155.167, 348
Trd, 000155.350, 348.0
Trd, 000156.333, 347
Trd, 000156.500, 348.0
Trd, 000156.867, 348
Trd, 000157.150, 348
Trd, 000157.617, 342
Trd, 000158.233, 341
Trd, 000159.633, 345
Trd, 000160.017, 344.0
Trd, 000160.350, 347
Trd, 000160.917, 345
Trd, 000161.250, 347
Trd, 000162.917, 347
Trd, 000163.200, 347
Trd, 000163.650, 345
Trd, 000163.817, 348.0
Trd, 000163.967, 342
Trd, 000164.617, 342
Trd, 000166.133, 344
Trd, 000168.167, 341
Trd, 000168.183, 342
Trd, 000168.650, 342.0
Trd, 000168.783, 341.0
Trd, 000169.767, 342
Trd, 000170.050, 341
Trd, 000170.950, 342.0
Trd, 000171.167, 342
Trd, 000171.433, 344.0
Trd, 000171.967, 342
Trd, 000173.733, 342
Trd, 000174.283, 342
Trd, 000174.600, 344
Trd, 000175.050, 344
Trd, 000175.417, 349
Trd, 000175.683, 345
Trd, 000175.850, 348
Trd, 000177.000, 345
Trd, 000177.283, 346
Trd, 000178.300, 353
Trd, 000180.333, 347.0
Trd, 000180.467, 348.0
Trd, 000180.583, 346
Trd, 000180.650, 345
Trd, 000181.000, 346
Trd, 000181.367, 342
Trd, 000182.250, 336
Trd, 000183.333, 324.0
Trd, 000184.133, 283
Trd, 000184.283, 218
Trd, 000184.417, 211
Trd, 000184.483, 207
Trd, 000184.867, 262
Trd, 000185.033, 206
Trd, 000185.333, 200
Trd, 000185.733, 173
Trd, 000186.300, 183
Trd, 000186.533, 171
Trd, 000187.267, 167
Trd, 000187.417, 159
Trd, 000188.717, 167
Trd, 000189.033, 166
Trd, 000189.750, 167
Trd, 000189.783, 168
Trd, 000190.150, 168
Trd, 000191.083, 170
Trd, 000192.133, 170
Trd, 000192.850, 172
Trd, 000192.933, 170
Trd, 000192.950, 169
Trd, 000194.300, 171
Trd, 000194.317, 170
Trd, 000195.367, 168
Trd, 000196.317, 168
Trd, 000196.667, 167
Trd, 000196.917, 169
Trd, 000197.633, 168
Trd, 000198.183, 167
Trd, 000198.817, 168
Trd, 000199.100, 166
Trd, 000199.150, 165
Trd, 000199.767, 169
Trd, 000199.917, 170
Trd, 000201.650, 167
Trd, 000202.633, 167
Trd, 000203.100, 168
Trd, 000203.933, 168
Trd, 000204.733, 167
Trd, 000204.883, 168
Trd, 000205.417, 169
Trd, 000206.217, 171
Trd, 000206.883, 177
Trd, 000207.067, 174
Trd, 000207.683, 173
Trd, 000208.017, 171
Trd, 000208.667, 179
Trd, 000208.983, 172
Trd, 000209.400, 178
Trd, 000209.733, 171
Trd, 000211.867, 174
Trd, 000212.133, 175
Trd, 000212.300, 173
Trd, 000212.650, 174
Trd, 000213.317, 174
Trd, 000214.900, 175
Trd, 000214.933, 174
Trd, 000215.483, 174
Trd, 000216.433, 170
Trd, 000216.867, 164
Trd, 000217.617, 175
Trd, 000217.800, 168
Trd, 000219.983, 173
Trd, 000220.433, 172
Trd, 000221.667, 173
Trd, 000221.867, 173
Trd, 000221.950, 171
Trd, 000222.183, 172
Trd, 000222.750, 170
Trd, 000224.817, 169
Trd, 000225.383, 168
Trd, 000225.450, 167
Trd, 000225.717, 169
Trd, 000226.100, 169
Trd, 000227.467, 167
Trd, 000227.483, 168
Trd, 000228.833, 169
Trd, 000228.967, 170
Trd, 000228.983, 170
Trd, 000229.533, 170
Trd, 000229.817, 169
Trd, 000230.000, 169
Trd, 000230.767, 166
Trd, 000230.850, 170
Trd, 000230.983, 174
Trd, 000231.867, 170
Trd, 000232.350, 171
Trd, 000232.983, 172
Trd, 000233.150, 172
Trd, 000233.283, 171
Trd, 000234.133, 171
Trd, 000235.450, 171
Trd, 000235.567, 171
Trd, 000236.717, 171
Trd, 000236.750, 170
Trd, 000237.200, 171
Trd, 000237.400, 170
Trd, 000237.750, 171
Trd, 000237.967, 171
Trd, 000238.567, 169
Trd, 000240.250, 171
Trd, 000240.300, 169
Trd, 000240.483, 171
Trd, 000240.633, 170
Trd, 000242.683, 172
Trd, 000243.383, 175
Trd, 000243.800, 174
Trd, 000244.950, 174
Trd, 000245.350, 173
Trd, 000245.833, 174
Trd, 000246.183, 174
Trd, 000246.333, 175
Trd, 000246.383, 176
Trd, 000247.400, 175
Trd, 000247.517, 175
Trd, 000247.567, 174
Trd, 000248.467, 174
Trd, 000249.683, 175
Trd, 000249.933, 176
Trd, 000250.050, 176
Trd, 000250.433, 177
Trd, 000250.833, 176
Trd, 000252.717, 183
Trd, 000252.900, 178
Trd, 000254.733, 180
Trd, 000254.950, 180
Trd, 000255.283, 180
Trd, 000255.383, 179
Trd, 000255.483, 178
Trd, 000255.650, 179
Trd, 000256.233, 179
Trd, 000256.883, 176
Trd, 000257.367, 179
Trd, 000257.467, 175
Trd, 000258.050, 175
Trd, 000258.133, 176
Trd, 000258.250, 179
Trd, 000259.450, 178
Trd, 000260.483, 176
Trd, 000260.583, 176
Trd, 000260.683, 178
Trd, 000261.450, 179
Trd, 000261.650, 178
Trd, 000261.933, 180
Trd, 000262.267, 174
Trd, 000262.500, 165
Trd, 000263.133, 175
Trd, 000263.183, 174
Trd, 000263.600, 174
Trd, 000264.867, 174
Trd, 000265.550, 174
Trd, 000265.733, 173
Trd, 000266.183, 174
Trd, 000266.617, 173
Trd, 000267.917, 174
Trd, 000268.017, 175
Trd, 000268.083, 174
Trd, 000269.400, 174
Trd, 000269.517, 174
Trd, 000269.550, 175
Trd, 000270.533, 174
Trd, 000270.583, 175
Trd, 000271.167, 173
Trd, 000271.267, 176
Trd, 000271.800, 192
Trd, 000272.017, 189
Trd, 000273.017, 190
Trd, 000273.583, 182
Trd, 000273.783, 192
Trd, 000274.283, 191
Trd, 000274.317, 186
Trd, 000274.650, 195
Trd, 000276.017, 175
Trd, 000276.600, 176
Trd, 000277.217, 180
Trd, 000277.300, 179
Trd, 000277.517, 178
Trd, 000279.100, 181
Trd, 000279.567, 180
Trd, 000279.833, 177
Trd, 000280.333, 182
Trd, 000280.783, 183
Trd, 000281.083, 184
Trd, 000281.100, 184
Trd, 000282.083, 182
Trd, 000282.200, 183
Trd, 000283.633, 182
Trd, 000284.450, 186
Trd, 000285.117, 183
Trd, 000285.583, 179
Trd, 000285.917, 179
Trd, 000286.083, 178
Trd, 000287.117, 182
Trd, 000288.333, 182
Trd, 000288.400, 181
Trd, 000288.867, 182
Trd, 000288.950, 184
Trd, 000289.033, 185
Trd, 000289.983, 181
Trd, 000290.000, 180
Trd, 000290.533, 180
Trd, 000290.717, 179
Trd, 000290.917, 178
Trd, 000292.700, 180
Trd, 000292.867, 180
Trd, 000293.450, 179
Trd, 000294.150, 180
Trd, 000295.233, 177
Trd, 000295.783, 180
Trd, 000295.883, 179
Trd, 000296.050, 178
Trd, 000296.133, 177
Trd, 000296.350, 181
Trd, 000296.667, 181
Trd, 000296.750, 178
Trd, 000298.250, 180
Trd, 000299.083, 181
Trd, 000299.117, 182
Trd, 000299.600, 181
