Trd, 000001.200, 142
Trd, 000002.033, 139
Trd, 000002.200, 150
Trd, 000002.433, 137
Trd, 000004.267, 175
Trd, 000004.450, 182
Trd, 000004.883, 167
Trd, 000005.000, 164
Trd, 000005.400, 163
Trd, 000006.367, 157
Trd, 000006.433, 148
Trd, 000006.967, 147
Trd, 000007.483, 157
Trd, 000009.600, 153
Trd, 000009.750, 151
Trd, 000010.617, 149
Trd, 000010.633, 141
Trd, 000010.817, 150
Trd, 000011.017, 153
Trd, 000011.217, 156
Trd, 000011.650, 148
Trd, 000012.300, 152
Trd, 000013.100, 149
Trd, 000013.333, 154
Trd, 000013.567, 149
Trd, 000013.967, 145
Trd, 000015.017, 151
Trd, 000015.200, 146
Trd, 000017.183, 155
Trd, 000017.733, 156
Trd, 000017.783, 149
Trd, 000018.700, 149
Trd, 000018.983, 147
Trd, 000020.100, 148
Trd, 000020.333, 149
Trd, 000020.817, 154
Trd, 000021.000, 143
Trd, 000021.450, 157
Trd, 000021.600, 152
Trd, 000021.783, 146
Trd, 000021.850, 157
Trd, 000023.533, 156
Trd, 000024.733, 145
Trd, 000025.317, 146
Trd, 000025.333, 145
Trd, 000025.400, 158
Trd, 000025.733, 145
Trd, 000026.550, 156
Trd, 000026.950, 160
Trd, 000028.750, 150
Trd, 000029.050, 147
Trd, 000029.267, 157
Trd, 000029.583, 158
Trd, 000029.600, 149
Trd, 000030.533, 143
Trd, 000030.700, 140
Trd, 000030.900, 157
Trd, 000031.450, 157
Trd, 000032.383, 149
Trd, 000032.400, 158
Trd, 000032.850, 150
Trd, 000033.883, 157
Trd, 000034.667, 151
Trd, 000034.683, 150
Trd, 000034.733, 149
Trd, 000035.733, 150
Trd, 000035.783, 147
Trd, 000036.283, 154
Trd, 000036.783, 143
Trd, 000037.300, 159
Trd, 000037.500, 140
Trd, 000039.017, 145
Trd, 000039.117, 142
Trd, 000039.817, 141
Trd, 000039.850, 157
Trd, 000040.133, 142
Trd, 000040.683, 154
Trd, 000041.033, 156
Trd, 000041.183, 159
Trd, 000041.733, 153
Trd, 000042.500, 151
Trd, 000044.333, 156
Trd, 000045.367, 152
Trd, 000045.617, 150
Trd, 000046.017, 156
Trd, 000046.567, 149
Trd, 000048.000, 154
Trd, 000048.050, 148
Trd, 000048.500, 148
Trd, 000048.883, 159
Trd, 000049.033, 148
Trd, 000049.517, 156
Trd, 000049.700, 145
Trd, 000050.350, 154
Trd, 000050.900, 147
Trd, 000052.700, 154
Trd, 000053.350, 158
Trd, 000053.500, 147
Trd, 000053.633, 146
Trd, 000054.317, 160
Trd, 000054.983, 156
Trd, 000055.267, 146
Trd, 000055.667, 153
Trd, 000056.483, 146
Trd, 000057.033, 157
Trd, 000057.217, 146
Trd, 000057.417, 146
Trd, 000057.667, 145
Trd, 000057.950, 142
Trd, 000059.717, 147
Trd, 000060.317, 149
Trd, 000061.133, 150
Trd, 000062.433, 151
Trd, 000062.933, 147
Trd, 000063.050, 146
Trd, 000063.117, 157
Trd, 000063.300, 158
Trd, 000063.817, 146
Trd, 000064.133, 146
Trd, 000064.867, 146
Trd, 000065.883, 153
Trd, 000066.217, 161
Trd, 000066.467, 158
Trd, 000066.650, 148
Trd, 000066.767, 146
Trd, 000066.933, 151
Trd, 000067.283, 148
Trd, 000067.867, 148
Trd, 000067.967, 147
Trd, 000069.700, 152
Trd, 000071.250, 153
Trd, 000072.033, 161
Trd, 000072.217, 162
Trd, 000072.300, 154
Trd, 000072.967, 160
Trd, 000073.250, 154
Trd, 000073.633, 164
Trd, 000075.333, 154
Trd, 000075.900, 153
Trd, 000076.433, 154
Trd, 000076.883, 154
Trd, 000077.183, 153
Trd, 000077.967, 155
Trd, 000078.300, 157
Trd, 000079.367, 149
Trd, 000079.900, 152
Trd, 000080.050, 156
Trd, 000080.433, 149
Trd, 000080.633, 160
Trd, 000081.950, 155
Trd, 000083.350, 157
Trd, 000083.500, 163
Trd, 000084.500, 152
Trd, 000084.867, 152
Trd, 000084.883, 151
Trd, 000084.933, 164
Trd, 000085.083, 151
Trd, 000085.650, 156
Trd, 000087.333, 152
Trd, 000087.950, 164
Trd, 000087.983, 154
Trd, 000088.833, 165
Trd, 000089.750, 155
Trd, 000090.767, 155
Trd, 000092.400, 160
Trd, 000092.567, 163
Trd, 000092.683, 160
Trd, 000093.300, 157
Trd, 000093.350, 163
Trd, 000093.400, 164
Trd, 000093.550, 156
Trd, 000094.433, 153
Trd, 000095.700, 163
Trd, 000095.733, 168
Trd, 000095.800, 159
Trd, 000096.133, 163
Trd, 000096.333, 163
Trd, 000096.767, 153
Trd, 000097.833, 166
Trd, 000097.883, 149
Trd, 000098.300, 147
Trd, 000098.533, 143
Trd, 000099.983, 149
Trd, 000100.183, 151
Trd, 000100.250, 151
Trd, 000100.317, 163
Trd, 000100.583, 161
Trd, 000100.767, 151
Trd, 000100.950, 166
Trd, 000102.283, 157
Trd, 000103.383, 160
Trd, 000103.433, 163
Trd, 000104.217, 154
Trd, 000104.800, 153
Trd, 000104.867, 165
Trd, 000105.033, 168
Trd, 000105.200, 153
Trd, 000105.633, 154
Trd, 000107.633, 155
Trd, 000107.717, 154
Trd, 000108.950, 153
Trd, 000109.067, 159
Trd, 000111.017, 157
Trd, 000111.100, 154
Trd, 000111.200, 153
Trd, 000112.117, 155
Trd, 000112.167, 157
Trd, 000112.383, 164
Trd, 000112.933, 151
Trd, 000114.100, 152
Trd, 000114.133, 146
Trd, 000115.583, 158
Trd, 000115.750, 157
Trd, 000116.017, 158
Trd, 000116.200, 152
Trd, 000117.417, 157
Trd, 000118.883, 156
Trd, 000118.967, 152
Trd, 000119.567, 153
Trd, 000120.083, 156
Trd, 000120.183, 163
Trd, 000120.533, 153
Trd, 000121.017, 153
Trd, 000121.417, 157
Trd, 000121.633, 167
Trd, 000122.117, 164
Trd, 000122.817, 165
Trd, 000123.567, 170
Trd, 000123.733, 177
Trd, 000124.300, 300.0
Trd, 000124.683, 340
Trd, 000125.167, 341.0
Trd, 000125.517, 310
Trd, 000125.917, 304
Trd, 000126.100, 333
Trd, 000126.800, 304
Trd, 000127.900, 309
Trd, 000128.100, 316.0
Trd, 000128.167, 317.0
Trd, 000128.483, 332
Trd, 000129.550, 310
Trd, 000129.950, 334
Trd, 000130.600, 341.0
Trd, 000130.950, 373
Trd, 000131.200, 353
Trd, 000131.533, 334
Trd, 000131.783, 365
Trd, 000132.433, 334
Trd, 000133.133, 356
Trd, 000133.667, 338
Trd, 000135.617, 348.0
Trd, 000135.717, 341
Trd, 000135.767, 341.0
Trd, 000136.650, 354
Trd, 000136.917, 353
Trd, 000137.767, 344.0
Trd, 000138.650, 344
Trd, 000139.600, 352
Trd, 000139.917, 344
Trd, 000139.967, 339
Trd, 000140.267, 337.0
Trd, 000140.700, 336
Trd, 000140.967, 348
Trd, 000142.017, 348.0
Trd, 000142.317, 340.0
Trd, 000142.500, 332.0
Trd, 000143.167, 341.0
Trd, 000143.467, 336
Trd, 000145.000, 338
Trd, 000145.583, 337
Trd, 000146.417, 337
Trd, 000147.467, 341.0
Trd, 000147.933, 337
Trd, 000149.000, 347
Trd, 000149.317, 351
Trd, 000149.867, 335
Trd, 000150.350, 335
Trd, 000150.867, 335
Trd, 000152.517, 345
Trd, 000152.550, 347
Trd, 000152.683, 338
Trd, 000152.900, 348
Trd, 000153.617, 337
Trd, 000155.067, 339.0
Trd, 000155.233, 338.0
Trd, 000155.500, 341.0
Trd, 000155.667, 337.0
Trd, 000157.900, 341
Trd, 000158.250, 340
Trd, 000158.867, 341.0
Trd, 000158.983, 342
Trd, 000159.500, 339
Trd, 000160.967, 342
Trd, 000161.383, 338
Trd, 000161.433, 344
Trd, 000161.883, 340
Trd, 000162.150, 335
Trd, 000162.917, 337.0
Trd, 000163.300, 335
Trd, 000166.033, 336
Trd, 000166.567, 336
Trd, 000167.050, 335
Trd, 000168.750, 336
Trd, 000169.100, 338
Trd, 000169.283, 341.0
Trd, 000169.500, 366
Trd, 000170.150, 342
Trd, 000170.883, 340
Trd, 000171.717, 339
Trd, 000172.250, 341.0
Trd, 000172.317, 342
Trd, 000172.417, 340
Trd, 000172.600, 338.0
Trd, 000174.283, 339.0
Trd, 000175.083, 337
Trd, 000177.183, 337
Trd, 000177.233, 337.0
Trd, 000177.567, 337
Trd, 000177.983, 337
Trd, 000178.517, 337
Trd, 000178.617, 341.0
Trd, 000179.150, 339
Trd, 000180.283, 339
Trd, 000180.567, 340
Trd, 000181.267, 338
Trd, 000181.367, 337.0
Trd, 000182.183, 336
Trd, 000182.250, 333
Trd, 000182.667, 331.0
Trd, 000183.133, 309
Trd, 000183.217, 300.0
Trd, 000183.683, 320
Trd, 000184.183, 202
Trd, 000184.817, 200
Trd, 000184.900, 193
Trd, 000185.517, 176
Trd, 000185.683, 171
Trd, 000185.717, 166
Trd, 000188.550, 171
Trd, 000189.367, 159
Trd, 000189.517, 160
Trd, 000189.567, 158
Trd, 000190.550, 159
Trd, 000190.850, 172
Trd, 000191.167, 159
Trd, 000191.483, 158
Trd, 000191.633, 173
Trd, 000191.917, 157
Trd, 000192.033, 174
Trd, 000193.750, 161
Trd, 000194.967, 163
Trd, 000195.300, 159
Trd, 000195.717, 169
Trd, 000195.867, 156
Trd, 000196.050, 171
Trd, 000196.433, 161
Trd, 000196.850, 160
Trd, 000197.033, 174
Trd, 000197.400, 174
Trd, 000198.533, 170
Trd, 000198.617, 168
Trd, 000199.183, 162
Trd, 000199.333, 170
Trd, 000199.500, 160
Trd, 000200.200, 160
Trd, 000200.750, 169
Trd, 000200.950, 171
Trd, 000201.117, 171
Trd, 000202.117, 160
Trd, 000202.817, 170
Trd, 000203.100, 170
Trd, 000204.367, 174
Trd, 000205.967, 171
Trd, 000206.233, 172
Trd, 000206.467, 168
Trd, 000207.517, 167
Trd, 000208.183, 172
Trd, 000208.333, 172
Trd, 000208.650, 167
Trd, 000209.117, 164
Trd, 000209.450, 161
Trd, 000209.967, 176
Trd, 000211.117, 163
Trd, 000211.217, 158
Trd, 000212.683, 177
Trd, 000212.967, 165
Trd, 000213.700, 164
Trd, 000214.433, 162
Trd, 000214.800, 183
Trd, 000214.933, 160
Trd, 000215.383, 163
Trd, 000215.917, 162
Trd, 000217.017, 175
Trd, 000217.483, 174
Trd, 000218.400, 175
Trd, 000218.800, 170
Trd, 000218.967, 170
Trd, 000219.517, 162
Trd, 000219.533, 159
Trd, 000219.717, 177
Trd, 000220.333, 164
Trd, 000221.183, 164
Trd, 000221.400, 176
Trd, 000221.533, 179
Trd, 000222.833, 165
Trd, 000223.283, 166
Trd, 000223.367, 165
Trd, 000224.567, 177
Trd, 000225.033, 164
Trd, 000226.200, 165
Trd, 000226.267, 165
Trd, 000226.300, 162
Trd, 000226.750, 154
Trd, 000227.417, 158
Trd, 000227.567, 157
Trd, 000227.617, 170
Trd, 000227.833, 171
Trd, 000228.217, 154
Trd, 000228.583, 175
Trd, 000230.000, 173
Trd, 000230.233, 180
Trd, 000231.633, 164
Trd, 000231.983, 171
Trd, 000232.583, 164
Trd, 000233.767, 172
Trd, 000233.983, 167
Trd, 000234.500, 166
Trd, 000236.050, 170
Trd, 000238.250, 170
Trd, 000238.383, 169
Trd, 000239.017, 169
Trd, 000239.083, 169
Trd, 000240.350, 170
Trd, 000240.800, 175
Trd, 000240.850, 170
Trd, 000241.133, 170
Trd, 000241.533, 173
Trd, 000241.650, 179
Trd, 000242.650, 174
Trd, 000242.733, 167
Trd, 000242.917, 163
Trd, 000243.733, 166
Trd, 000244.217, 161
Trd, 000244.867, 165
Trd, 000245.750, 167
Trd, 000245.867, 165
Trd, 000246.483, 167
Trd, 000246.633, 168
Trd, 000246.800, 170
Trd, 000246.817, 166
Trd, 000246.833, 163
Trd, 000247.667, 166
Trd, 000248.567, 170
Trd, 000248.750, 165
Trd, 000248.933, 162
Trd, 000249.417, 171
Trd, 000250.067, 173
Trd, 000250.433, 174
Trd, 000250.450, 169
Trd, 000250.583, 168
Trd, 000251.267, 165
Trd, 000252.117, 169
Trd, 000253.217, 167
Trd, 000253.700, 165
Trd, 000253.750, 166
Trd, 000253.783, 169
Trd, 000254.583, 166
Trd, 000255.217, 169
Trd, 000256.267, 165
Trd, 000256.733, 170
Trd, 000256.800, 169
Trd, 000257.367, 180
Trd, 000257.483, 168
Trd, 000258.267, 171
Trd, 000258.367, 170
Trd, 000258.967, 172
Trd, 000259.083, 174
Trd, 000259.667, 177
Trd, 000260.067, 175
Trd, 000260.117, 181
Trd, 000260.350, 170
Trd, 000260.750, 166
Trd, 000261.500, 168
Trd, 000262.217, 176
Trd, 000262.900, 172
Trd, 000263.700, 173
Trd, 000263.733, 170
Trd, 000263.850, 171
Trd, 000264.150, 170
Trd, 000264.167, 163
Trd, 000265.350, 172
Trd, 000266.250, 171
Trd, 000266.300, 180
Trd, 000266.583, 170
Trd, 000266.950, 171
Trd, 000267.250, 174
Trd, 000268.100, 173
Trd, 000268.400, 175
Trd, 000268.633, 180
Trd, 000269.083, 172
Trd, 000270.150, 172
Trd, 000270.233, 177
Trd, 000270.800, 180
Trd, 000270.883, 171
Trd, 000270.917, 182
Trd, 000271.100, 171
Trd, 000271.233, 174
Trd, 000273.700, 180
Trd, 000274.467, 179
Trd, 000274.617, 173
Trd, 000274.733, 179
Trd, 000275.050, 172
Trd, 000275.100, 171
Trd, 000275.533, 167
Trd, 000275.700, 164
Trd, 000276.050, 179
Trd, 000276.100, 170
Trd, 000276.317, 176
Trd, 000276.600, 183
Trd, 000277.783, 174
Trd, 000277.850, 167
Trd, 000278.150, 161
Trd, 000278.500, 162
Trd, 000278.783, 161
Trd, 000279.117, 165
Trd, 000279.567, 174
Trd, 000280.033, 160
Trd, 000280.050, 169
Trd, 000280.417, 179
Trd, 000280.483, 183
Trd, 000280.767, 167
Trd, 000281.617, 175
Trd, 000282.150, 172
Trd, 000282.683, 172
Trd, 000282.783, 180
Trd, 000283.200, 182
Trd, 000283.400, 183
Trd, 000283.917, 181
Trd, 000284.233, 175
Trd, 000285.033, 177
Trd, 000285.250, 176
Trd, 000285.950, 175
Trd, 000285.983, 182
Trd, 000286.517, 183
Trd, 000287.133, 172
Trd, 000287.850, 171
Trd, 000288.283, 181
Trd, 000288.400, 184
Trd, 000288.750, 194
Trd, 000288.800, 177
Trd, 000289.183, 176
Trd, 000289.433, 166
Trd, 000289.767, 189
Trd, 000290.383, 201
Trd, 000290.700, 175
Trd, 000291.267, 168
Trd, 000291.600, 168
Trd, 000291.700, 170
Trd, 000292.383, 166
Trd, 000292.700, 181
Trd, 000292.817, 167
Trd, 000293.183, 160
Trd, 000293.250, 160
Trd, 000294.283, 167
Trd, 000294.517, 170
Trd, 000295.983, 184
Trd, 000296.083, 185
Trd, 000296.100, 180
Trd, 000296.200, 169
Trd, 000296.367, 182
Trd, 000296.417, 169
Trd, 000296.900, 176
Trd, 000296.950, 173
Trd, 000297.017, 187
Trd, 000297.467, 194
Trd, 000297.483, 171
Trd, 000297.783, 184
Trd, 000299.083, 171
Trd, 000299.567, 167
Trd, 000299.800, 187
Trd, 000299.883, 180
Trd, 000299.900, 169
