Trd, 000003.567, 115
Trd, 000003.883, 117
Trd, 000004.433, 125
Trd, 000004.767, 127
Trd, 000004.800, 115
Trd, 000004.867, 131
Trd, 000005.400, 118
Trd, 000005.967, 137
Trd, 000006.500, 149
Trd, 000008.283, 156
Trd, 000009.250, 156
Trd, 000009.617, 156
Trd, 000009.733, 152
Trd, 000010.000, 163
Trd, 000010.300, 157
Trd, 000010.750, 149
Trd, 000011.133, 166
Trd, 000012.300, 156
Trd, 000013.600, 158
Trd, 000015.133, 157
Trd, 000015.217, 157
Trd, 000015.683, 152
Trd, 000016.283, 151
Trd, 000017.233, 158
Trd, 000017.750, 151
Trd, 000018.600, 153
Trd, 000018.833, 151
Trd, 000018.900, 160
Trd, 000019.150, 166
Trd, 000020.217, 150
Trd, 000021.067, 152
Trd, 000021.883, 158
Trd, 000022.000, 153
Trd, 000022.233, 159
Trd, 000022.933, 151
Trd, 000023.233, 150
Trd, 000023.383, 146
Trd, 000024.550, 145
Trd, 000024.750, 158
Trd, 000025.350, 155
Trd, 000025.750, 157
Trd, 000026.267, 145
Trd, 000026.583, 158
Trd, 000027.283, 158
Trd, 000028.650, 159
Trd, 000028.900, 157
Trd, 000030.350, 158
Trd, 000030.400, 154
Trd, 000031.283, 159
Trd, 000032.067, 157
Trd, 000032.183, 153
Trd, 000033.067, 151
Trd, 000033.783, 145
Trd, 000033.850, 144
Trd, 000035.033, 149
Trd, 000035.683, 156
Trd, 000036.483, 155
Trd, 000037.783, 153
Trd, 000037.850, 156
Trd, 000038.350, 151
Trd, 000038.800, 155
Trd, 000039.850, 151
Trd, 000040.567, 141
Trd, 000041.367, 148
Trd, 000041.800, 146
Trd, 000042.583, 148
Trd, 000043.017, 144
Trd, 000044.517, 150
Trd, 000044.683, 151
Trd, 000045.200, 152
Trd, 000045.383, 148
Trd, 000045.850, 148
Trd, 000046.100, 166
Trd, 000046.633, 167
Trd, 000046.733, 154
Trd, 000046.950, 172
Trd, 000048.617, 164
Trd, 000050.033, 166
Trd, 000050.117, 169
Trd, 000050.150, 165
Trd, 000050.733, 169
Trd, 000052.217, 164
Trd, 000052.267, 156
Trd, 000052.433, 149
Trd, 000052.483, 142
Trd, 000054.050, 153
Trd, 000054.083, 158
Trd, 000055.850, 164
Trd, 000056.567, 159
Trd, 000057.017, 162
Trd, 000057.217, 163
Trd, 000057.900, 162
Trd, 000058.367, 158
Trd, 000058.800, 160
Trd, 000059.083, 168
Trd, 000059.500, 154
Trd, 000061.183, 161
Trd, 000061.967, 162
Trd, 000062.217, 158
Trd, 000062.783, 157
Trd, 000063.800, 162
Trd, 000064.933, 157
Trd, 000065.300, 157
Trd, 000065.400, 151
Trd, 000065.717, 158
Trd, 000066.183, 158
Trd, 000066.300, 154
Trd, 000066.467, 160
Trd, 000068.483, 159
Trd, 000069.133, 158
Trd, 000069.433, 155
Trd, 000069.883, 160
Trd, 000070.633, 156
Trd, 000070.700, 160
Trd, 000070.717, 151
Trd, 000071.500, 155
Trd, 000071.567, 162
Trd, 000072.600, 161
Trd, 000073.117, 144
Trd, 000073.467, 149
Trd, 000073.933, 167
Trd, 000075.783, 152
Trd, 000076.117, 155
Trd, 000076.317, 149
Trd, 000076.833, 152
Trd, 000077.750, 156
Trd, 000078.317, 159
Trd, 000078.617, 159
Trd, 000078.917, 158
Trd, 000078.983, 166
Trd, 000079.383, 158
Trd, 000079.900, 156
Trd, 000080.083, 149
Trd, 000080.600, 157
Trd, 000080.750, 159
Trd, 000080.783, 163
Trd, 000081.017, 170
Trd, 000082.050, 147
Trd, 000082.167, 176
Trd, 000083.367, 165
Trd, 000083.750, 180
Trd, 000083.833, 189
Trd, 000084.667, 158
Trd, 000084.867, 156
Trd, 000084.900, 146
Trd, 000085.567, 159
Trd, 000086.767, 148
Trd, 000087.017, 160
Trd, 000087.200, 165
Trd, 000088.150, 160
Trd, 000089.350, 158
Trd, 000089.617, 155
Trd, 000089.767, 159
Trd, 000090.233, 167
Trd, 000091.083, 158
Trd, 000092.117, 159
Trd, 000092.317, 157
Trd, 000092.433, 160
Trd, 000092.633, 171
Trd, 000093.000, 173
Trd, 000093.833, 167
Trd, 000094.183, 181
Trd, 000094.317, 154
Trd, 000094.617, 153
Trd, 000096.550, 167
Trd, 000096.600, 166
Trd, 000096.850, 165
Trd, 000099.633, 161
Trd, 000100.033, 167
Trd, 000100.767, 168
Trd, 000101.100, 172
Trd, 000101.233, 162
Trd, 000101.583, 160
Trd, 000101.833, 169
Trd, 000102.400, 161
Trd, 000102.850, 158
Trd, 000103.833, 159
Trd, 000104.450, 158
Trd, 000104.717, 157
Trd, 000105.267, 154
Trd, 000105.367, 158
Trd, 000106.900, 159
Trd, 000106.933, 160
Trd, 000107.250, 168
Trd, 000108.033, 154
Trd, 000108.350, 154
Trd, 000109.500, 159
Trd, 000109.833, 160
Trd, 000110.167, 157
Trd, 000111.150, 161
Trd, 000111.300, 159
Trd, 000111.550, 157
Trd, 000111.583, 169
Trd, 000111.833, 155
Trd, 000112.183, 173
Trd, 000114.967, 177
Trd, 000115.700, 176
Trd, 000116.317, 163
Trd, 000116.617, 162
Trd, 000117.433, 167
Trd, 000118.017, 163
Trd, 000118.883, 163
Trd, 000119.050, 163
Trd, 000119.800, 162
Trd, 000119.817, 162
Trd, 000119.833, 160
Trd, 000121.600, 167
Trd, 000121.750, 168
Trd, 000122.133, 170
Trd, 000122.433, 174
Trd, 000122.517, 180
Trd, 000122.600, 184
Trd, 000122.717, 187
Trd, 000122.983, 193
Trd, 000123.017, 207
Trd, 000123.167, 208
Trd, 000123.967, 235
Trd, 000124.317, 286
Trd, 000125.317, 317.0
Trd, 000127.217, 322
Trd, 000127.417, 324
Trd, 000127.733, 327.0
Trd, 000127.750, 331.0
Trd, 000128.633, 337
Trd, 000129.533, 348.0
Trd, 000129.933, 331
Trd, 000130.417, 334
Trd, 000131.800, 346
Trd, 000133.117, 340.0
Trd, 000133.200, 341
Trd, 000133.317, 341
Trd, 000133.383, 348.0
Trd, 000133.633, 343.0
Trd, 000134.333, 347
Trd, 000135.083, 355
Trd, 000135.383, 349
Trd, 000135.783, 344.0
Trd, 000137.233, 327.0
Trd, 000138.000, 344
Trd, 000138.150, 351
Trd, 000138.750, 356
Trd, 000139.917, 334
Trd, 000140.250, 351.0
Trd, 000140.317, 351
Trd, 000140.550, 350
Trd, 000140.700, 341.0
Trd, 000140.983, 343
Trd, 000142.217, 337.0
Trd, 000142.917, 348.0
Trd, 000143.733, 349
Trd, 000144.117, 329.0
Trd, 000145.633, 333
Trd, 000145.800, 334
Trd, 000147.083, 340
Trd, 000147.267, 339
Trd, 000147.283, 358.0
Trd, 000147.483, 344
Trd, 000149.967, 351.0
Trd, 000150.333, 348.0
Trd, 000150.367, 343
Trd, 000150.900, 344
Trd, 000151.183, 353
Trd, 000151.683, 354
Trd, 000152.417, 345
Trd, 000152.550, 345
Trd, 000153.317, 341.0
Trd, 000153.350, 354
Trd, 000153.517, 337.0
Trd, 000154.367, 351.0
Trd, 000155.717, 352
Trd, 000155.883, 353
Trd, 000156.483, 353
Trd, 000156.867, 348
Trd, 000157.983, 353
Trd, 000158.083, 348
Trd, 000159.017, 346
Trd, 000159.217, 344.0
Trd, 000159.650, 351.0
Trd, 000160.633, 359
Trd, 000160.717, 350
Trd, 000161.633, 349
Trd, 000162.867, 349
Trd, 000163.150, 350
Trd, 000163.167, 344
Trd, 000163.850, 348.0
Trd, 000164.233, 343
Trd, 000165.717, 341.0
Trd, 000165.950, 341
Trd, 000166.900, 347
Trd, 000167.100, 342
Trd, 000167.750, 338.0
Trd, 000168.100, 346
Trd, 000169.150, 342.0
Trd, 000170.333, 342.0
Trd, 000170.500, 343
Trd, 000170.617, 342
Trd, 000172.017, 343
Trd, 000173.167, 344
Trd, 000174.517, 346
Trd, 000174.683, 341
Trd, 000175.717, 343
Trd, 000175.950, 342.0
Trd, 000176.267, 342
Trd, 000176.750, 343
Trd, 000177.350, 358.0
Trd, 000177.700, 347.0
Trd, 000178.733, 344.0
Trd, 000179.150, 343
Trd, 000179.583, 341.0
Trd, 000179.833, 344
Trd, 000181.450, 340
Trd, 000181.633, 346
Trd, 000182.533, 340
Trd, 000182.900, 337.0
Trd, 000183.400, 324.0
Trd, 000183.467, 314
Trd, 000183.517, 306.0
Trd, 000183.567, 300.0
Trd, 000184.700, 279
Trd, 000185.200, 218
Trd, 000185.300, 202
Trd, 000185.550, 169
Trd, 000185.717, 181
Trd, 000186.433, 169
Trd, 000187.083, 166
Trd, 000188.283, 178
Trd, 000188.583, 179
Trd, 000190.033, 171
Trd, 000190.600, 170
Trd, 000190.700, 180
Trd, 000191.217, 170
Trd, 000191.633, 168
Trd, 000192.183, 166
Trd, 000193.100, 174
Trd, 000193.700, 174
Trd, 000193.733, 175
Trd, 000194.283, 177
Trd, 000194.333, 181
Trd, 000194.817, 173
Trd, 000195.867, 171
Trd, 000196.883, 177
Trd, 000197.800, 181
Trd, 000198.433, 177
Trd, 000200.100, 178
Trd, 000200.500, 177
Trd, 000200.533, 179
Trd, 000200.567, 181
Trd, 000201.767, 171
Trd, 000202.750, 172
Trd, 000203.500, 177
Trd, 000203.600, 164
Trd, 000204.683, 171
Trd, 000204.800, 166
Trd, 000204.867, 178
Trd, 000206.833, 172
Trd, 000207.467, 178
Trd, 000208.000, 175
Trd, 000208.133, 176
Trd, 000208.600, 177
Trd, 000209.683, 177
Trd, 000210.600, 168
Trd, 000210.967, 163
Trd, 000212.083, 168
Trd, 000213.717, 167
Trd, 000213.817, 170
Trd, 000214.167, 173
Trd, 000214.183, 168
Trd, 000214.533, 172
Trd, 000214.667, 167
Trd, 000215.217, 167
Trd, 000216.300, 162
Trd, 000216.450, 184
Trd, 000218.600, 169
Trd, 000218.983, 167
Trd, 000219.183, 166
Trd, 000219.650, 164
Trd, 000219.967, 170
Trd, 000220.700, 170
Trd, 000221.533, 178
Trd, 000221.683, 180
Trd, 000222.017, 170
Trd, 000222.150, 169
Trd, 000222.767, 182
Trd, 000223.983, 175
Trd, 000224.200, 175
Trd, 000224.400, 175
Trd, 000224.783, 168
Trd, 000226.083, 171
Trd, 000226.433, 170
Trd, 000226.883, 174
Trd, 000227.300, 167
Trd, 000228.183, 166
Trd, 000228.383, 165
Trd, 000228.883, 166
Trd, 000229.183, 170
Trd, 000229.800, 170
Trd, 000230.233, 170
Trd, 000230.717, 169
Trd, 000230.817, 170
Trd, 000231.483, 168
Trd, 000232.167, 165
Trd, 000232.217, 164
Trd, 000233.267, 162
Trd, 000234.417, 168
Trd, 000235.083, 168
Trd, 000236.317, 168
Trd, 000236.667, 166
Trd, 000237.183, 171
Trd, 000237.200, 172
Trd, 000237.583, 165
Trd, 000238.950, 171
Trd, 000239.183, 172
Trd, 000239.517, 180
Trd, 000239.917, 186
Trd, 000240.300, 181
Trd, 000240.483, 181
Trd, 000240.633, 181
Trd, 000240.717, 194
Trd, 000240.817, 196
Trd, 000241.383, 195
Trd, 000242.133, 189
Trd, 000242.633, 189
Trd, 000242.717, 188
Trd, 000242.967, 186
Trd, 000243.300, 185
Trd, 000244.750, 179
Trd, 000244.850, 175
Trd, 000245.200, 174
Trd, 000245.583, 174
Trd, 000245.683, 175
Trd, 000246.100, 176
Trd, 000246.333, 175
Trd, 000246.933, 175
Trd, 000247.617, 176
Trd, 000247.883, 176
Trd, 000248.567, 176
Trd, 000248.917, 173
Trd, 000249.350, 170
Trd, 000250.317, 175
Trd, 000250.567, 178
Trd, 000250.850, 176
Trd, 000251.283, 175
Trd, 000252.167, 176
Trd, 000252.400, 178
Trd, 000253.133, 178
Trd, 000253.900, 169
Trd, 000253.950, 177
Trd, 000254.133, 178
Trd, 000254.617, 176
Trd, 000255.167, 170
Trd, 000255.750, 173
Trd, 000256.317, 176
Trd, 000256.600, 190
Trd, 000256.733, 179
Trd, 000257.483, 180
Trd, 000257.783, 178
Trd, 000258.283, 173
Trd, 000258.650, 177
Trd, 000258.983, 170
Trd, 000259.450, 170
Trd, 000259.600, 166
Trd, 000259.833, 162
Trd, 000260.317, 170
Trd, 000260.617, 170
Trd, 000260.950, 167
Trd, 000261.067, 171
Trd, 000261.600, 170
Trd, 000261.717, 165
Trd, 000261.833, 174
Trd, 000262.700, 173
Trd, 000263.083, 177
Trd, 000263.800, 181
Trd, 000264.150, 186
Trd, 000264.683, 187
Trd, 000264.867, 183
Trd, 000265.067, 183
Trd, 000265.517, 177
Trd, 000266.050, 174
Trd, 000266.567, 177
Trd, 000267.417, 173
Trd, 000267.433, 171
Trd, 000267.450, 170
Trd, 000267.717, 174
Trd, 000268.117, 168
Trd, 000268.250, 174
Trd, 000268.467, 167
Trd, 000268.583, 176
Trd, 000268.717, 172
Trd, 000269.217, 175
Trd, 000269.283, 164
Trd, 000270.217, 175
Trd, 000270.783, 174
Trd, 000270.917, 178
Trd, 000271.533, 175
Trd, 000271.667, 174
Trd, 000271.717, 177
Trd, 000273.400, 187
Trd, 000273.517, 189
Trd, 000273.733, 178
Trd, 000274.183, 186
Trd, 000274.933, 192
Trd, 000275.050, 187
Trd, 000275.633, 188
Trd, 000275.650, 187
Trd, 000275.783, 189
Trd, 000275.917, 185
Trd, 000275.983, 175
Trd, 000276.083, 190
Trd, 000276.533, 171
Trd, 000277.317, 185
Trd, 000277.633, 168
Trd, 000277.783, 186
Trd, 000278.317, 175
Trd, 000279.450, 180
Trd, 000280.200, 180
Trd, 000280.567, 185
Trd, 000281.083, 185
Trd, 000281.150, 186
Trd, 000281.233, 187
Trd, 000281.567, 179
Trd, 000282.300, 178
Trd, 000282.450, 183
Trd, 000282.717, 176
Trd, 000283.933, 181
Trd, 000284.450, 175
Trd, 000284.583, 173
Trd, 000284.783, 176
Trd, 000285.067, 179
Trd, 000285.767, 172
Trd, 000286.050, 180
Trd, 000286.467, 173
Trd, 000287.017, 174
Trd, 000287.883, 180
Trd, 000287.967, 186
Trd, 000288.067, 184
Trd, 000288.867, 191
Trd, 000288.883, 184
Trd, 000289.083, 192
Trd, 000289.100, 184
Trd, 000289.233, 193
Trd, 000289.900, 182
Trd, 000291.083, 177
Trd, 000291.417, 178
Trd, 000292.050, 180
Trd, 000292.433, 174
Trd, 000292.683, 180
Trd, 000293.367, 174
Trd, 000294.300, 173
Trd, 000294.483, 181
Trd, 000294.600, 170
Trd, 000294.633, 167
Trd, 000295.433, 166
Trd, 000295.483, 166
Trd, 000296.033, 176
Trd, 000296.067, 176
Trd, 000296.350, 175
Trd, 000296.433, 176
Trd, 000296.667, 177
Trd, 000296.733, 187
Trd, 000297.333, 192
Trd, 000297.517, 174
Trd, 000298.017, 181
Trd, 000298.050, 195
Trd, 000298.600, 193
Trd, 000298.650, 197
Trd, 000298.967, 185
Trd, 000299.767, 176
Trd, 000299.817, 181
