Trd, 000001.450, 165
Trd, 000002.433, 168
Trd, 000002.667, 148
Trd, 000004.867, 153
Trd, 000004.967, 152
Trd, 000005.067, 144
Trd, 000005.867, 148
Trd, 000006.533, 162
Trd, 000007.517, 150
Trd, 000008.150, 152
Trd, 000008.683, 157
Trd, 000009.200, 158
Trd, 000010.083, 157
Trd, 000010.267, 153
Trd, 000011.533, 153
Trd, 000011.650, 159
Trd, 000011.800, 152
Trd, 000012.300, 153
Trd, 000012.700, 158
Trd, 000012.917, 163
Trd, 000013.617, 154
Trd, 000014.233, 156
Trd, 000015.183, 159
Trd, 000015.600, 159
Trd, 000016.883, 162
Trd, 000017.017, 158
Trd, 000019.200, 160
Trd, 000019.717, 160
Trd, 000019.833, 162
Trd, 000020.767, 160
Trd, 000021.217, 160
Trd, 000021.500, 159
Trd, 000022.350, 159
Trd, 000022.900, 161
Trd, 000023.617, 159
Trd, 000023.700, 161
Trd, 000023.967, 162
Trd, 000024.850, 164
Trd, 000025.267, 182
Trd, 000025.483, 161
Trd, 000025.950, 164
Trd, 000025.983, 167
Trd, 000027.267, 168
Trd, 000027.883, 171
Trd, 000028.683, 170
Trd, 000029.150, 170
Trd, 000029.550, 173
Trd, 000029.967, 169
Trd, 000030.683, 169
Trd, 000031.700, 171
Trd, 000031.833, 170
Trd, 000032.300, 169
Trd, 000032.483, 169
Trd, 000032.617, 168
Trd, 000033.317, 168
Trd, 000033.817, 166
Trd, 000034.917, 167
Trd, 000036.767, 168
Trd, 000037.050, 167
Trd, 000037.150, 168
Trd, 000038.383, 164
Trd, 000038.433, 163
Trd, 000039.667, 164
Trd, 000040.900, 167
Trd, 000040.917, 162
Trd, 000041.817, 166
Trd, 000042.117, 156
Trd, 000042.633, 157
Trd, 000043.233, 163
Trd, 000043.317, 166
Trd, 000044.750, 161
Trd, 000045.350, 164
Trd, 000045.517, 163
Trd, 000046.883, 164
Trd, 000047.267, 163
Trd, 000047.500, 162
Trd, 000047.617, 167
Trd, 000047.700, 162
Trd, 000050.367, 166
Trd, 000050.850, 167
Trd, 000051.033, 167
Trd, 000051.483, 170
Trd, 000051.717, 180
Trd, 000052.533, 169
Trd, 000052.917, 170
Trd, 000053.233, 169
Trd, 000054.183, 169
Trd, 000055.117, 172
Trd, 000055.467, 171
Trd, 000055.567, 166
Trd, 000055.800, 163
Trd, 000056.067, 156
Trd, 000056.633, 154
Trd, 000056.917, 162
Trd, 000057.333, 159
Trd, 000058.200, 160
Trd, 000058.367, 159
Trd, 000059.383, 159
Trd, 000060.250, 164
Trd, 000060.683, 171
Trd, 000061.067, 161
Trd, 000061.650, 161
Trd, 000061.967, 160
Trd, 000062.383, 166
Trd, 000062.950, 167
Trd, 000063.150, 164
Trd, 000063.667, 162
Trd, 000064.617, 161
Trd, 000065.217, 160
Trd, 000065.517, 166
Trd, 000066.150, 159
Trd, 000066.933, 144
Trd, 000067.917, 169
Trd, 000068.117, 158
Trd, 000068.367, 171
Trd, 000069.267, 159
Trd, 000070.617, 160
Trd, 000070.800, 162
Trd, 000071.267, 160
Trd, 000071.417, 163
Trd, 000071.783, 164
Trd, 000072.817, 160
Trd, 000072.883, 159
Trd, 000073.117, 165
Trd, 000073.283, 158
Trd, 000075.167, 163
Trd, 000075.783, 164
Trd, 000075.933, 169
Trd, 000076.317, 172
Trd, 000077.233, 177
Trd, 000078.433, 177
Trd, 000078.650, 176
Trd, 000079.200, 176
Trd, 000080.233, 175
Trd, 000080.417, 174
Trd, 000080.767, 174
Trd, 000081.467, 173
Trd, 000082.433, 173
Trd, 000082.833, 175
Trd, 000083.233, 176
Trd, 000083.533, 173
Trd, 000083.750, 166
Trd, 000083.883, 162
Trd, 000084.217, 156
Trd, 000085.967, 175
Trd, 000087.550, 171
Trd, 000087.817, 170
Trd, 000088.550, 170
Trd, 000089.217, 170
Trd, 000089.333, 167
Trd, 000089.450, 172
Trd, 000089.600, 174
Trd, 000089.700, 167
Trd, 000090.983, 172
Trd, 000091.683, 169
Trd, 000091.950, 173
Trd, 000092.433, 170
Trd, 000093.017, 170
Trd, 000093.600, 185
Trd, 000093.933, 174
Trd, 000093.950, 174
Trd, 000095.183, 184
Trd, 000096.150, 187
Trd, 000096.467, 179
Trd, 000097.183, 182
Trd, 000098.350, 175
Trd, 000098.467, 178
Trd, 000098.950, 164
Trd, 000099.100, 175
Trd, 000100.117, 170
Trd, 000101.167, 175
Trd, 000101.367, 175
Trd, 000102.633, 176
Trd, 000103.367, 174
Trd, 000104.133, 173
Trd, 000104.367, 172
Trd, 000104.817, 170
Trd, 000105.017, 175
Trd, 000106.933, 171
Trd, 000107.233, 169
Trd, 000107.467, 168
Trd, 000108.183, 173
Trd, 000108.833, 175
Trd, 000109.083, 170
Trd, 000109.183, 170
Trd, 000110.317, 174
Trd, 000110.700, 172
Trd, 000111.350, 169
Trd, 000111.600, 173
Trd, 000113.650, 173
Trd, 000113.983, 170
Trd, 000115.250, 173
Trd, 000115.750, 172
Trd, 000115.983, 171
Trd, 000117.117, 174
Trd, 000117.150, 170
Trd, 000117.583, 174
Trd, 000117.633, 169
Trd, 000119.450, 174
Trd, 000119.617, 171
Trd, 000119.783, 170
Trd, 000120.167, 176
Trd, 000120.283, 169
Trd, 000120.550, 177
Trd, 000121.867, 179
Trd, 000122.067, 178
Trd, 000122.283, 189
Trd, 000122.300, 194
Trd, 000122.350, 198
Trd, 000122.900, 195
Trd, 000122.967, 196
Trd, 000123.067, 201
Trd, 000123.917, 300.0
Trd, 000124.100, 284
Trd, 000124.200, 306
Trd, 000124.267, 340
Trd, 000124.750, 323
Trd, 000125.683, 351.0
Trd, 000126.200, 332
Trd, 000126.717, 362.0
Trd, 000129.517, 368
Trd, 000129.967, 367.0
Trd, 000130.217, 369
Trd, 000130.583, 382.0
Trd, 000130.900, 368
Trd, 000131.450, 367
Trd, 000131.583, 366
Trd, 000131.800, 365.0
Trd, 000132.100, 359.0
Trd, 000132.483, 364
Trd, 000132.550, 365.0
Trd, 000132.700, 358.0
Trd, 000133.133, 365.0
Trd, 000134.050, 361
Trd, 000135.317, 361
Trd, 000135.417, 357
Trd, 000136.083, 356
Trd, 000136.800, 362
Trd, 000137.233, 365
Trd, 000139.433, 362
Trd, 000139.717, 359.0
Trd, 000140.083, 358.0
Trd, 000140.500, 362
Trd, 000140.533, 363.0
Trd, 000141.050, 359
Trd, 000141.117, 363
Trd, 000142.417, 360
Trd, 000142.867, 362
Trd, 000144.500, 360
Trd, 000145.500, 362
Trd, 000145.567, 359
Trd, 000146.033, 365.0
Trd, 000146.300, 358
Trd, 000146.767, 360
Trd, 000146.917, 358.0
Trd, 000147.383, 357
Trd, 000147.767, 348.0
Trd, 000148.083, 361
Trd, 000149.850, 359
Trd, 000150.533, 357
Trd, 000150.767, 360
Trd, 000151.317, 361
Trd, 000151.567, 362.0
Trd, 000152.433, 358
Trd, 000152.600, 358.0
Trd, 000152.667, 365.0
Trd, 000153.367, 375
Trd, 000153.633, 356
Trd, 000154.050, 358
Trd, 000155.583, 358
Trd, 000156.650, 363.0
Trd, 000158.100, 363
Trd, 000158.183, 358
Trd, 000158.283, 358
Trd, 000159.367, 361
Trd, 000159.417, 358
Trd, 000159.833, 358
Trd, 000160.417, 357
Trd, 000160.667, 357
Trd, 000161.417, 358
Trd, 000161.600, 360
Trd, 000161.783, 357
Trd, 000161.850, 365.0
Trd, 000162.283, 356
Trd, 000164.433, 362
Trd, 000164.483, 358
Trd, 000166.033, 358
Trd, 000166.200, 356
Trd, 000166.417, 355
Trd, 000166.433, 354
Trd, 000168.883, 351
Trd, 000169.283, 353
Trd, 000169.933, 357
Trd, 000170.650, 357
Trd, 000170.767, 359
Trd, 000171.200, 360
Trd, 000172.267, 357
Trd, 000172.767, 353
Trd, 000172.800, 362.0
Trd, 000173.733, 354
Trd, 000175.867, 360
Trd, 000175.967, 356
Trd, 000176.817, 359
Trd, 000176.967, 362
Trd, 000177.050, 355
Trd, 000177.650, 355
Trd, 000178.817, 360
Trd, 000179.050, 357
Trd, 000180.100, 358.0
Trd, 000180.833, 361
Trd, 000181.500, 358
Trd, 000181.917, 354
Trd, 000182.150, 348.0
Trd, 000182.717, 334.0
Trd, 000182.850, 324.0
Trd, 000183.450, 353
Trd, 000183.817, 321
Trd, 000183.833, 309
Trd, 000184.017, 313.0
Trd, 000184.083, 218
Trd, 000184.383, 205
Trd, 000184.950, 273
Trd, 000185.033, 200
Trd, 000185.350, 195
Trd, 000186.267, 190
Trd, 000187.067, 189
Trd, 000188.017, 190
Trd, 000189.317, 190
Trd, 000190.433, 189
Trd, 000190.467, 189
Trd, 000190.567, 189
Trd, 000190.883, 184
Trd, 000191.250, 190
Trd, 000191.450, 170
Trd, 000192.417, 193
Trd, 000193.500, 191
Trd, 000193.600, 188
Trd, 000194.000, 188
Trd, 000194.483, 187
Trd, 000194.967, 188
Trd, 000195.617, 187
Trd, 000195.750, 192
Trd, 000196.533, 187
Trd, 000196.917, 185
Trd, 000197.050, 184
Trd, 000198.000, 188
Trd, 000198.900, 187
Trd, 000199.017, 186
Trd, 000200.033, 187
Trd, 000200.067, 186
Trd, 000200.183, 185
Trd, 000200.200, 178
Trd, 000201.267, 189
Trd, 000201.500, 189
Trd, 000202.467, 184
Trd, 000203.300, 185
Trd, 000203.467, 188
Trd, 000203.833, 184
Trd, 000205.250, 183
Trd, 000205.717, 184
Trd, 000206.167, 184
Trd, 000206.317, 183
Trd, 000207.000, 188
Trd, 000207.417, 200
Trd, 000207.883, 190
Trd, 000209.500, 188
Trd, 000209.800, 189
Trd, 000209.933, 187
Trd, 000210.083, 186
Trd, 000210.183, 178
Trd, 000211.217, 190
Trd, 000211.767, 190
Trd, 000212.433, 190
Trd, 000212.717, 189
Trd, 000213.200, 188
Trd, 000213.417, 188
Trd, 000214.250, 187
Trd, 000215.333, 188
Trd, 000216.217, 191
Trd, 000216.583, 191
Trd, 000216.767, 189
Trd, 000217.183, 186
Trd, 000217.383, 191
Trd, 000217.533, 186
Trd, 000217.833, 185
Trd, 000218.517, 185
Trd, 000219.483, 186
Trd, 000219.800, 187
Trd, 000220.517, 186
Trd, 000220.983, 189
Trd, 000221.017, 189
Trd, 000221.767, 186
Trd, 000222.017, 189
Trd, 000222.617, 186
Trd, 000222.933, 186
Trd, 000223.083, 185
Trd, 000223.367, 186
Trd, 000224.417, 185
Trd, 000224.467, 183
Trd, 000225.933, 187
Trd, 000226.033, 183
Trd, 000227.500, 182
Trd, 000228.350, 181
Trd, 000229.150, 181
Trd, 000230.367, 188
Trd, 000230.983, 185
Trd, 000231.200, 188
Trd, 000231.267, 185
Trd, 000232.383, 188
Trd, 000232.883, 185
Trd, 000232.917, 191
Trd, 000233.750, 188
Trd, 000234.433, 188
Trd, 000235.317, 190
Trd, 000235.467, 189
Trd, 000236.183, 186
Trd, 000236.933, 189
Trd, 000237.117, 186
Trd, 000237.417, 186
Trd, 000238.150, 190
Trd, 000238.333, 189
Trd, 000238.467, 187
Trd, 000239.083, 191
Trd, 000239.800, 189
Trd, 000240.300, 189
Trd, 000241.117, 187
Trd, 000241.467, 186
Trd, 000241.650, 185
Trd, 000241.917, 182
Trd, 000243.367, 178
Trd, 000243.767, 182
Trd, 000244.133, 181
Trd, 000244.283, 180
Trd, 000244.750, 180
Trd, 000244.883, 176
Trd, 000245.817, 193
Trd, 000246.283, 186
Trd, 000246.650, 181
Trd, 000246.933, 181
Trd, 000247.200, 180
Trd, 000247.683, 181
Trd, 000248.250, 181
Trd, 000248.350, 180
Trd, 000248.900, 182
Trd, 000249.167, 180
Trd, 000249.317, 183
Trd, 000249.550, 179
Trd, 000250.450, 179
Trd, 000250.667, 179
Trd, 000251.000, 177
Trd, 000251.300, 177
Trd, 000251.633, 177
Trd, 000251.950, 176
Trd, 000252.400, 190
Trd, 000253.217, 178
Trd, 000254.733, 176
Trd, 000254.950, 175
Trd, 000254.967, 173
Trd, 000255.300, 170
Trd, 000255.533, 170
Trd, 000255.833, 176
Trd, 000256.183, 179
Trd, 000256.517, 187
Trd, 000256.533, 178
Trd, 000256.850, 170
Trd, 000256.867, 177
Trd, 000257.167, 173
Trd, 000257.750, 177
Trd, 000258.667, 171
Trd, 000258.950, 173
Trd, 000259.100, 175
Trd, 000259.217, 173
Trd, 000260.400, 175
Trd, 000260.417, 177
Trd, 000260.533, 184
Trd, 000260.683, 174
Trd, 000261.667, 173
Trd, 000261.867, 174
Trd, 000262.033, 180
Trd, 000262.217, 174
Trd, 000263.467, 177
Trd, 000264.350, 178
Trd, 000264.567, 178
Trd, 000264.783, 177
Trd, 000264.900, 178
Trd, 000265.167, 179
Trd, 000265.517, 188
Trd, 000266.533, 178
Trd, 000267.217, 177
Trd, 000267.250, 177
Trd, 000267.433, 176
Trd, 000267.983, 176
Trd, 000268.433, 176
Trd, 000268.583, 178
Trd, 000268.983, 179
Trd, 000269.533, 177
Trd, 000269.817, 176
Trd, 000269.867, 176
Trd, 000269.917, 180
Trd, 000270.517, 176
Trd, 000270.833, 175
Trd, 000271.117, 174
Trd, 000271.517, 161
Trd, 000272.817, 175
Trd, 000273.133, 174
Trd, 000273.383, 174
Trd, 000273.533, 175
Trd, 000274.033, 181
Trd, 000274.750, 189
Trd, 000275.317, 180
Trd, 000275.433, 178
Trd, 000275.817, 176
Trd, 000276.200, 178
Trd, 000276.500, 179
Trd, 000276.733, 181
Trd, 000276.783, 192
Trd, 000277.300, 178
Trd, 000278.150, 183
Trd, 000278.617, 183
Trd, 000278.717, 181
Trd, 000278.967, 181
Trd, 000279.133, 183
Trd, 000279.183, 180
Trd, 000279.700, 179
Trd, 000280.417, 179
Trd, 000280.933, 184
Trd, 000281.033, 175
Trd, 000282.350, 175
Trd, 000282.650, 167
Trd, 000283.800, 176
Trd, 000283.833, 182
Trd, 000285.150, 179
Trd, 000285.200, 179
Trd, 000285.717, 181
Trd, 000285.850, 180
Trd, 000285.967, 179
Trd, 000286.183, 179
Trd, 000286.450, 176
Trd, 000286.717, 182
Trd, 000286.900, 180
Trd, 000287.317, 180
Trd, 000287.350, 181
Trd, 000287.467, 179
Trd, 000288.050, 183
Trd, 000288.733, 181
Trd, 000288.783, 183
Trd, 000288.917, 181
Trd, 000289.117, 179
Trd, 000289.800, 163
Trd, 000290.333, 177
Trd, 000290.500, 176
Trd, 000291.417, 177
Trd, 000291.967, 179
Trd, 000293.050, 178
Trd, 000293.067, 191
Trd, 000293.200, 178
Trd, 000293.400, 178
Trd, 000293.550, 176
Trd, 000294.900, 177
Trd, 000295.750, 176
Trd, 000295.800, 166
Trd, 000296.767, 180
Trd, 000296.883, 174
Trd, 000297.100, 173
Trd, 000297.167, 172
Trd, 000298.133, 175
Trd, 000298.383, 175
Trd, 000298.400, 177
Trd, 000298.817, 177
Trd, 000299.400, 181
