Trd, 000002.200, 132
Trd, 000002.217, 142
Trd, 000002.867, 150
Trd, 000004.317, 151
Trd, 000004.467, 154
Trd, 000005.983, 152
Trd, 000006.917, 153
Trd, 000007.167, 157
Trd, 000008.017, 156
Trd, 000008.150, 154
Trd, 000008.717, 157
Trd, 000008.900, 149
Trd, 000010.300, 157
Trd, 000010.933, 152
Trd, 000011.367, 154
Trd, 000012.900, 155
Trd, 000013.517, 155
Trd, 000013.933, 155
Trd, 000014.100, 155
Trd, 000014.800, 158
Trd, 000015.183, 154
Trd, 000015.700, 151
Trd, 000015.783, 159
Trd, 000018.067, 154
Trd, 000019.333, 155
Trd, 000019.450, 153
Trd, 000019.517, 157
Trd, 000019.650, 156
Trd, 000020.300, 156
Trd, 000020.933, 156
Trd, 000021.183, 157
Trd, 000021.483, 159
Trd, 000022.017, 159
Trd, 000022.350, 152
Trd, 000022.467, 160
Trd, 000025.350, 161
Trd, 000025.850, 160
Trd, 000026.017, 160
Trd, 000026.350, 161
Trd, 000026.467, 163
Trd, 000027.867, 163
Trd, 000028.067, 164
Trd, 000028.533, 163
Trd, 000029.500, 162
Trd, 000029.733, 160
Trd, 000030.017, 161
Trd, 000030.267, 160
Trd, 000030.667, 161
Trd, 000031.100, 166
Trd, 000032.417, 168
Trd, 000033.783, 164
Trd, 000033.950, 162
Trd, 000035.017, 159
Trd, 000035.083, 160
Trd, 000035.433, 159
Trd, 000035.850, 158
Trd, 000036.050, 159
Trd, 000036.600, 168
Trd, 000036.833, 170
Trd, 000037.033, 157
Trd, 000037.517, 155
Trd, 000040.083, 164
Trd, 000040.117, 163
Trd, 000040.167, 160
Trd, 000040.567, 161
Trd, 000040.633, 160
Trd, 000042.267, 160
Trd, 000042.683, 154
Trd, 000043.417, 159
Trd, 000043.817, 158
Trd, 000044.250, 159
Trd, 000044.483, 161
Trd, 000045.050, 157
Trd, 000045.217, 160
Trd, 000045.533, 159
Trd, 000045.567, 153
Trd, 000045.700, 153
Trd, 000045.983, 162
Trd, 000047.317, 170
Trd, 000049.167, 170
Trd, 000050.000, 169
Trd, 000050.167, 169
Trd, 000050.450, 165
Trd, 000051.067, 166
Trd, 000051.700, 166
Trd, 000052.400, 165
Trd, 000053.467, 163
Trd, 000053.483, 165
Trd, 000053.817, 162
Trd, 000054.050, 160
Trd, 000054.267, 160
Trd, 000055.633, 159
Trd, 000055.667, 160
Trd, 000056.367, 160
Trd, 000057.750, 149
Trd, 000058.467, 155
Trd, 000059.667, 156
Trd, 000060.067, 155
Trd, 000060.500, 157
Trd, 000061.867, 154
Trd, 000062.250, 155
Trd, 000062.483, 152
Trd, 000062.767, 155
Trd, 000063.333, 156
Trd, 000063.667, 157
Trd, 000064.733, 164
Trd, 000065.017, 159
Trd, 000065.500, 164
Trd, 000066.167, 172
Trd, 000066.433, 172
Trd, 000067.783, 166
Trd, 000068.100, 165
Trd, 000068.333, 165
Trd, 000068.733, 165
Trd, 000068.783, 164
Trd, 000070.267, 163
Trd, 000070.600, 162
Trd, 000071.350, 162
Trd, 000071.500, 162
Trd, 000071.817, 161
Trd, 000072.067, 162
Trd, 000072.900, 163
Trd, 000073.183, 165
Trd, 000073.783, 165
Trd, 000076.117, 167
Trd, 000076.400, 166
Trd, 000076.950, 165
Trd, 000077.617, 167
Trd, 000077.867, 168
Trd, 000078.833, 163
Trd, 000079.650, 163
Trd, 000079.683, 168
Trd, 000081.300, 164
Trd, 000081.967, 165
Trd, 000081.983, 165
Trd, 000083.667, 164
Trd, 000084.100, 163
Trd, 000084.217, 163
Trd, 000084.800, 164
Trd, 000085.117, 163
Trd, 000085.300, 166
Trd, 000085.467, 158
Trd, 000087.883, 161
Trd, 000087.967, 161
Trd, 000088.033, 160
Trd, 000088.083, 163
Trd, 000088.200, 159
Trd, 000089.267, 162
Trd, 000089.783, 159
Trd, 000090.400, 162
Trd, 000090.617, 162
Trd, 000091.517, 163
Trd, 000091.633, 164
Trd, 000091.667, 167
Trd, 000093.667, 164
Trd, 000093.767, 172
Trd, 000094.167, 162
Trd, 000094.517, 162
Trd, 000095.233, 165
Trd, 000097.133, 164
Trd, 000098.217, 165
Trd, 000098.267, 165
Trd, 000098.667, 166
Trd, 000099.033, 168
Trd, 000099.583, 169
Trd, 000099.617, 175
Trd, 000101.017, 178
Trd, 000101.650, 165
Trd, 000101.950, 173
Trd, 000102.100, 171
Trd, 000102.583, 171
Trd, 000103.700, 165
Trd, 000103.817, 165
Trd, 000104.983, 165
Trd, 000105.317, 168
Trd, 000105.467, 164
Trd, 000106.333, 168
Trd, 000107.583, 168
Trd, 000107.733, 168
Trd, 000108.217, 167
Trd, 000108.333, 176
Trd, 000108.433, 167
Trd, 000108.500, 167
Trd, 000108.567, 160
Trd, 000110.350, 169
Trd, 000110.667, 171
Trd, 000111.700, 171
Trd, 000112.367, 172
Trd, 000112.950, 172
Trd, 000113.767, 171
Trd, 000114.667, 169
Trd, 000115.067, 161
Trd, 000115.667, 159
Trd, 000116.033, 152
Trd, 000116.800, 160
Trd, 000116.850, 151
Trd, 000117.100, 169
Trd, 000117.550, 166
Trd, 000118.433, 163
Trd, 000118.900, 167
Trd, 000119.033, 161
Trd, 000119.950, 162
Trd, 000120.400, 162
Trd, 000121.233, 163
Trd, 000121.383, 163
Trd, 000121.650, 167
Trd, 000122.017, 168
Trd, 000122.200, 170
Trd, 000122.450, 177
Trd, 000122.583, 181
Trd, 000122.800, 184
Trd, 000122.900, 187
Trd, 000122.933, 197
Trd, 000123.000, 198
Trd, 000123.917, 317.0
Trd, 000125.483, 329
Trd, 000126.583, 351.0
Trd, 000126.983, 354.0
Trd, 000128.033, 349.0
Trd, 000128.050, 351
Trd, 000128.200, 364.0
Trd, 000128.533, 362
Trd, 000129.017, 350
Trd, 000131.617, 358.0
Trd, 000131.933, 355.0
Trd, 000132.467, 358
Trd, 000133.800, 356
Trd, 000133.833, 359.0
Trd, 000135.567, 356.0
Trd, 000135.733, 355
Trd, 000136.033, 356
Trd, 000136.300, 356
Trd, 000136.667, 355
Trd, 000136.883, 355.0
Trd, 000137.333, 354
Trd, 000138.167, 356
Trd, 000138.450, 365.0
Trd, 000139.283, 350
Trd, 000139.750, 348.0
Trd, 000140.267, 360
Trd, 000140.733, 347
Trd, 000140.750, 353
Trd, 000141.683, 346
Trd, 000142.533, 348.0
Trd, 000142.733, 351
Trd, 000143.133, 349
Trd, 000143.517, 351
Trd, 000143.800, 357.0
Trd, 000144.500, 357.0
Trd, 000144.667, 357.0
Trd, 000145.750, 357.0
Trd, 000146.483, 356
Trd, 000146.700, 355.0
Trd, 000146.867, 356
Trd, 000148.100, 358.0
Trd, 000148.250, 349
Trd, 000148.350, 348.0
Trd, 000149.100, 359
Trd, 000149.617, 361
Trd, 000150.000, 359.0
Trd, 000150.600, 361
Trd, 000150.700, 358.0
Trd, 000151.850, 356.0
Trd, 000153.450, 358.0
Trd, 000153.550, 357.0
Trd, 000153.883, 357
Trd, 000153.967, 355.0
Trd, 000154.500, 344
Trd, 000154.967, 358
Trd, 000155.567, 347
Trd, 000155.850, 365.0
Trd, 000156.683, 356
Trd, 000157.067, 355.0
Trd, 000157.467, 356
Trd, 000158.850, 357
Trd, 000160.583, 357.0
Trd, 000160.683, 358
Trd, 000160.950, 355.0
Trd, 000161.517, 356
Trd, 000161.600, 358
Trd, 000161.983, 348
Trd, 000163.550, 354.0
Trd, 000163.650, 355
Trd, 000164.550, 354.0
Trd, 000165.633, 356
Trd, 000165.983, 356
Trd, 000166.200, 354
Trd, 000166.833, 352
Trd, 000167.067, 354
Trd, 000167.300, 355.0
Trd, 000168.617, 355
Trd, 000169.800, 358.0
Trd, 000170.283, 353
Trd, 000170.467, 355
Trd, 000170.483, 351
Trd, 000170.617, 358
Trd, 000171.567, 358
Trd, 000172.067, 356.0
Trd, 000174.483, 356
Trd, 000174.667, 355.0
Trd, 000174.833, 359.0
Trd, 000175.467, 359.0
Trd, 000175.867, 355
Trd, 000177.717, 359.0
Trd, 000178.283, 358
Trd, 000178.633, 363
Trd, 000179.600, 361
Trd, 000179.767, 362.0
Trd, 000180.183, 359.0
Trd, 000180.617, 363.0
Trd, 000180.783, 358.0
Trd, 000181.250, 360
Trd, 000181.867, 357
Trd, 000182.183, 350
Trd, 000182.417, 327.0
Trd, 000182.483, 355.0
Trd, 000182.550, 302
Trd, 000182.617, 296
Trd, 000183.933, 218
Trd, 000184.450, 224
Trd, 000184.750, 200
Trd, 000185.867, 197
Trd, 000186.633, 198
Trd, 000188.117, 190
Trd, 000189.017, 179
Trd, 000189.083, 185
Trd, 000189.767, 181
Trd, 000190.667, 181
Trd, 000191.217, 180
Trd, 000191.333, 180
Trd, 000191.367, 181
Trd, 000191.383, 183
Trd, 000193.567, 182
Trd, 000193.933, 183
Trd, 000194.667, 181
Trd, 000194.783, 184
Trd, 000194.817, 177
Trd, 000196.900, 178
Trd, 000197.433, 180
Trd, 000198.133, 175
Trd, 000198.183, 177
Trd, 000198.283, 174
Trd, 000198.950, 176
Trd, 000199.283, 175
Trd, 000199.317, 177
Trd, 000200.950, 183
Trd, 000202.467, 182
Trd, 000202.833, 182
Trd, 000203.383, 181
Trd, 000203.550, 178
Trd, 000204.450, 179
Trd, 000204.867, 180
Trd, 000205.767, 179
Trd, 000206.600, 177
Trd, 000207.550, 178
Trd, 000207.600, 177
Trd, 000208.033, 176
Trd, 000209.533, 176
Trd, 000209.783, 175
Trd, 000210.617, 175
Trd, 000210.650, 176
Trd, 000210.767, 176
Trd, 000212.583, 173
Trd, 000213.433, 173
Trd, 000214.000, 176
Trd, 000214.233, 179
Trd, 000215.467, 179
Trd, 000216.383, 179
Trd, 000217.017, 180
Trd, 000217.317, 180
Trd, 000218.650, 181
Trd, 000219.033, 180
Trd, 000220.500, 179
Trd, 000220.617, 178
Trd, 000220.767, 181
Trd, 000221.683, 187
Trd, 000222.300, 179
Trd, 000222.467, 185
Trd, 000222.783, 177
Trd, 000222.833, 187
Trd, 000224.500, 178
Trd, 000225.483, 189
Trd, 000227.200, 184
Trd, 000227.617, 179
Trd, 000228.100, 182
Trd, 000228.283, 181
Trd, 000228.600, 183
Trd, 000229.833, 181
Trd, 000229.950, 181
Trd, 000230.317, 180
Trd, 000231.300, 178
Trd, 000231.383, 183
Trd, 000231.700, 173
Trd, 000232.550, 179
Trd, 000232.833, 172
Trd, 000233.683, 176
Trd, 000233.900, 174
Trd, 000234.167, 176
Trd, 000234.650, 173
Trd, 000235.217, 175
Trd, 000235.633, 172
Trd, 000235.750, 173
Trd, 000236.350, 178
Trd, 000236.467, 177
Trd, 000236.500, 181
Trd, 000236.650, 192
Trd, 000237.950, 174
Trd, 000237.983, 184
Trd, 000239.050, 184
Trd, 000240.250, 184
Trd, 000240.550, 182
Trd, 000240.750, 182
Trd, 000240.933, 180
Trd, 000241.000, 179
Trd, 000241.267, 178
Trd, 000241.400, 186
Trd, 000241.500, 175
Trd, 000241.533, 174
Trd, 000242.667, 179
Trd, 000243.367, 179
Trd, 000243.517, 177
Trd, 000244.000, 182
Trd, 000244.150, 175
Trd, 000244.217, 172
Trd, 000244.917, 170
Trd, 000245.033, 166
Trd, 000245.383, 170
Trd, 000245.800, 169
Trd, 000246.067, 173
Trd, 000246.217, 172
Trd, 000246.617, 175
Trd, 000247.317, 176
Trd, 000248.383, 179
Trd, 000248.667, 173
Trd, 000248.983, 180
Trd, 000249.217, 182
Trd, 000250.267, 181
Trd, 000250.350, 181
Trd, 000250.650, 182
Trd, 000251.567, 180
Trd, 000252.200, 181
Trd, 000252.583, 178
Trd, 000252.650, 180
Trd, 000252.750, 181
Trd, 000253.433, 177
Trd, 000253.767, 175
Trd, 000255.333, 171
Trd, 000256.000, 171
Trd, 000256.100, 173
Trd, 000256.583, 175
Trd, 000256.783, 176
Trd, 000256.950, 176
Trd, 000257.200, 175
Trd, 000257.500, 184
Trd, 000257.883, 175
Trd, 000258.183, 176
Trd, 000258.500, 187
Trd, 000259.833, 185
Trd, 000260.200, 186
Trd, 000260.350, 184
Trd, 000260.767, 182
Trd, 000261.867, 186
Trd, 000262.017, 188
Trd, 000262.800, 186
Trd, 000263.067, 183
Trd, 000264.450, 183
Trd, 000264.483, 184
Trd, 000264.750, 185
Trd, 000265.017, 182
Trd, 000265.333, 181
Trd, 000265.417, 180
Trd, 000265.600, 177
Trd, 000266.717, 176
Trd, 000267.033, 175
Trd, 000267.067, 176
Trd, 000267.400, 177
Trd, 000267.933, 182
Trd, 000268.283, 174
Trd, 000268.750, 169
Trd, 000269.083, 168
Trd, 000269.117, 167
Trd, 000270.183, 187
Trd, 000270.667, 176
Trd, 000271.167, 180
Trd, 000271.700, 181
Trd, 000272.167, 181
Trd, 000272.417, 180
Trd, 000273.150, 182
Trd, 000273.933, 182
Trd, 000274.217, 182
Trd, 000274.267, 182
Trd, 000274.667, 182
Trd, 000275.317, 181
Trd, 000275.400, 183
Trd, 000276.250, 185
Trd, 000276.517, 184
Trd, 000277.083, 181
Trd, 000277.183, 179
Trd, 000277.667, 185
Trd, 000278.017, 185
Trd, 000278.117, 177
Trd, 000278.300, 176
Trd, 000278.850, 176
Trd, 000279.233, 183
Trd, 000279.883, 184
Trd, 000280.600, 184
Trd, 000280.833, 186
Trd, 000281.083, 184
Trd, 000281.117, 183
Trd, 000281.650, 182
Trd, 000283.283, 189
Trd, 000283.333, 190
Trd, 000283.450, 193
Trd, 000283.617, 198
Trd, 000284.250, 195
Trd, 000284.483, 196
Trd, 000284.600, 190
Trd, 000284.817, 189
Trd, 000284.900, 186
Trd, 000285.317, 186
Trd, 000285.333, 190
Trd, 000286.867, 183
Trd, 000287.067, 184
Trd, 000287.967, 178
Trd, 000288.367, 182
Trd, 000288.433, 183
Trd, 000288.683, 181
Trd, 000289.450, 183
Trd, 000289.583, 187
Trd, 000289.717, 191
Trd, 000290.900, 184
Trd, 000291.200, 182
Trd, 000291.417, 190
Trd, 000292.267, 184
Trd, 000292.467, 183
Trd, 000292.917, 193
Trd, 000293.917, 188
Trd, 000294.233, 181
Trd, 000295.333, 185
Trd, 000295.600, 184
Trd, 000296.133, 184
Trd, 000296.417, 185
Trd, 000296.483, 183
Trd, 000297.000, 187
Trd, 000297.100, 181
Trd, 000298.050, 185
Trd, 000298.650, 184
Trd, 000299.233, 185
Trd, 000299.483, 183
Trd, 000299.517, 190
Trd, 000299.617, 183
Trd, 000299.967, 191
