Trd, 000001.917, 182
Trd, 000002.750, 159
Trd, 000002.783, 158
Trd, 000003.400, 158
Trd, 000004.533, 173
Trd, 000005.283, 162
Trd, 000005.300, 152
Trd, 000005.783, 144
Trd, 000005.967, 165
Trd, 000006.017, 151
Trd, 000006.383, 177
Trd, 000007.983, 164
Trd, 000008.167, 163
Trd, 000009.900, 164
Trd, 000010.633, 163
Trd, 000011.083, 159
Trd, 000011.167, 159
Trd, 000011.750, 158
Trd, 000012.417, 159
Trd, 000012.950, 160
Trd, 000013.350, 159
Trd, 000014.633, 158
Trd, 000014.883, 162
Trd, 000015.167, 163
Trd, 000015.200, 166
Trd, 000015.850, 156
Trd, 000016.833, 161
Trd, 000017.600, 160
Trd, 000018.183, 159
Trd, 000018.817, 159
Trd, 000018.850, 154
Trd, 000019.333, 160
Trd, 000019.817, 162
Trd, 000020.717, 160
Trd, 000021.233, 162
Trd, 000021.450, 164
Trd, 000023.533, 165
Trd, 000024.200, 161
Trd, 000024.417, 158
Trd, 000024.650, 166
Trd, 000025.017, 159
Trd, 000026.500, 158
Trd, 000027.083, 157
Trd, 000027.133, 154
Trd, 000027.483, 161
Trd, 000027.833, 162
Trd, 000029.517, 161
Trd, 000030.000, 158
Trd, 000030.067, 157
Trd, 000031.300, 159
Trd, 000031.667, 160
Trd, 000032.233, 158
Trd, 000032.583, 161
Trd, 000033.500, 159
Trd, 000033.533, 158
Trd, 000033.817, 161
Trd, 000034.017, 160
Trd, 000034.100, 162
Trd, 000034.833, 165
Trd, 000035.467, 163
Trd, 000035.867, 165
Trd, 000035.983, 159
Trd, 000036.817, 166
Trd, 000037.000, 162
Trd, 000037.117, 169
Trd, 000038.150, 175
Trd, 000038.717, 163
Trd, 000040.967, 164
Trd, 000042.017, 167
Trd, 000042.717, 164
Trd, 000043.150, 163
Trd, 000043.400, 164
Trd, 000043.867, 162
Trd, 000045.017, 162
Trd, 000045.250, 163
Trd, 000045.700, 164
Trd, 000046.517, 164
Trd, 000046.917, 163
Trd, 000048.067, 164
Trd, 000048.217, 162
Trd, 000048.850, 161
Trd, 000049.233, 166
Trd, 000049.300, 167
Trd, 000049.467, 163
Trd, 000050.000, 169
Trd, 000051.150, 167
Trd, 000052.000, 166
Trd, 000053.117, 165
Trd, 000053.133, 160
Trd, 000053.500, 168
Trd, 000054.217, 162
Trd, 000054.783, 165
Trd, 000055.250, 166
Trd, 000055.950, 162
Trd, 000056.383, 160
Trd, 000056.617, 163
Trd, 000057.067, 164
Trd, 000057.367, 160
Trd, 000057.567, 170
Trd, 000057.900, 171
Trd, 000059.967, 162
Trd, 000060.083, 171
Trd, 000060.633, 164
Trd, 000060.667, 163
Trd, 000061.200, 165
Trd, 000061.967, 167
Trd, 000062.850, 165
Trd, 000063.083, 164
Trd, 000064.050, 165
Trd, 000064.367, 164
Trd, 000065.233, 166
Trd, 000065.417, 171
Trd, 000066.100, 173
Trd, 000067.167, 175
Trd, 000067.483, 165
Trd, 000068.500, 173
Trd, 000069.367, 157
Trd, 000069.550, 160
Trd, 000069.783, 160
Trd, 000070.583, 160
Trd, 000071.650, 159
Trd, 000071.833, 168
Trd, 000073.717, 160
Trd, 000074.917, 164
Trd, 000075.050, 161
Trd, 000075.200, 163
Trd, 000075.600, 165
Trd, 000076.350, 166
Trd, 000076.633, 167
Trd, 000077.333, 169
Trd, 000077.633, 166
Trd, 000078.050, 164
Trd, 000078.383, 169
Trd, 000079.000, 163
Trd, 000080.233, 166
Trd, 000080.633, 164
Trd, 000081.900, 166
Trd, 000082.000, 150
Trd, 000083.567, 164
Trd, 000083.633, 163
Trd, 000084.067, 162
Trd, 000084.233, 164
Trd, 000085.033, 164
Trd, 000085.467, 164
Trd, 000086.133, 166
Trd, 000087.083, 163
Trd, 000088.617, 164
Trd, 000089.200, 167
Trd, 000089.300, 167
Trd, 000090.450, 169
Trd, 000090.550, 170
Trd, 000090.567, 171
Trd, 000091.783, 171
Trd, 000092.217, 170
Trd, 000092.433, 168
Trd, 000093.367, 167
Trd, 000094.167, 169
Trd, 000094.633, 166
Trd, 000094.667, 164
Trd, 000095.500, 167
Trd, 000096.967, 167
Trd, 000097.317, 167
Trd, 000098.100, 156
Trd, 000098.383, 167
Trd, 000098.983, 168
Trd, 000099.283, 151
Trd, 000101.150, 160
Trd, 000101.717, 154
Trd, 000102.900, 171
Trd, 000103.033, 161
Trd, 000103.250, 171
Trd, 000103.500, 161
Trd, 000103.867, 172
Trd, 000104.317, 170
Trd, 000104.400, 169
Trd, 000104.850, 162
Trd, 000105.533, 172
Trd, 000105.550, 173
Trd, 000106.583, 173
Trd, 000107.267, 172
Trd, 000107.533, 171
Trd, 000107.567, 171
Trd, 000107.900, 173
Trd, 000108.583, 175
Trd, 000110.383, 169
Trd, 000110.667, 166
Trd, 000111.083, 170
Trd, 000112.600, 156
Trd, 000113.267, 160
Trd, 000113.833, 166
Trd, 000114.250, 167
Trd, 000114.917, 168
Trd, 000115.350, 160
Trd, 000115.517, 169
Trd, 000116.667, 174
Trd, 000116.683, 158
Trd, 000117.583, 161
Trd, 000117.917, 173
Trd, 000117.950, 174
Trd, 000118.383, 160
Trd, 000119.200, 173
Trd, 000119.567, 172
Trd, 000119.700, 160
Trd, 000120.517, 170
Trd, 000121.083, 170
Trd, 000121.833, 187
Trd, 000122.250, 191
Trd, 000122.850, 194
Trd, 000122.883, 179
Trd, 000123.000, 198
Trd, 000123.100, 205
Trd, 000123.150, 212
Trd, 000123.350, 276
Trd, 000123.967, 308
Trd, 000124.667, 334.0
Trd, 000125.983, 355
Trd, 000126.200, 355
Trd, 000126.400, 353
Trd, 000126.433, 359
Trd, 000126.683, 351.0
Trd, 000126.800, 359
Trd, 000127.217, 342.0
Trd, 000129.150, 341.0
Trd, 000130.583, 341.0
Trd, 000130.750, 340
Trd, 000130.783, 344.0
Trd, 000130.883, 349
Trd, 000131.200, 355
Trd, 000132.183, 362.0
Trd, 000132.983, 358.0
Trd, 000133.633, 349
Trd, 000133.983, 357
Trd, 000134.567, 358
Trd, 000135.700, 351
Trd, 000135.783, 358.0
Trd, 000136.217, 348
Trd, 000137.050, 345
Trd, 000137.633, 361.0
Trd, 000138.300, 358.0
Trd, 000138.533, 360.0
Trd, 000139.500, 358
Trd, 000139.867, 361.0
Trd, 000140.183, 355.0
Trd, 000140.200, 361.0
Trd, 000140.633, 361
Trd, 000140.750, 355
Trd, 000143.467, 361
Trd, 000144.283, 359.0
Trd, 000144.783, 361.0
Trd, 000144.900, 358.0
Trd, 000146.350, 362.0
Trd, 000146.733, 360
Trd, 000147.033, 357
Trd, 000147.083, 355.0
Trd, 000147.567, 357
Trd, 000147.950, 357
Trd, 000148.817, 351.0
Trd, 000148.883, 350
Trd, 000149.667, 348
Trd, 000150.250, 358.0
Trd, 000150.400, 361
Trd, 000151.150, 358.0
Trd, 000152.867, 356
Trd, 000153.400, 365.0
Trd, 000153.500, 358.0
Trd, 000153.750, 365
Trd, 000153.900, 356
Trd, 000154.300, 355
Trd, 000154.950, 357
Trd, 000156.017, 359.0
Trd, 000157.017, 358.0
Trd, 000158.383, 356
Trd, 000158.917, 357
Trd, 000158.933, 362.0
Trd, 000160.167, 356.0
Trd, 000160.883, 358
Trd, 000161.083, 357
Trd, 000161.133, 355.0
Trd, 000161.467, 359
Trd, 000162.100, 356
Trd, 000163.700, 361
Trd, 000164.633, 352
Trd, 000164.850, 353
Trd, 000165.383, 357
Trd, 000166.283, 361
Trd, 000166.433, 359
Trd, 000167.267, 358.0
Trd, 000168.000, 351.0
Trd, 000168.850, 358
Trd, 000168.967, 344
Trd, 000169.117, 359
Trd, 000169.367, 342.0
Trd, 000169.650, 355
Trd, 000169.683, 358
Trd, 000169.883, 344.0
Trd, 000172.233, 360.0
Trd, 000172.900, 352
Trd, 000174.183, 355
Trd, 000175.367, 359
Trd, 000175.533, 358.0
Trd, 000176.367, 358.0
Trd, 000176.500, 357
Trd, 000176.867, 358
Trd, 000177.383, 357
Trd, 000177.433, 356
Trd, 000177.583, 357.0
Trd, 000178.333, 355.0
Trd, 000180.200, 359.0
Trd, 000180.833, 359
Trd, 000181.167, 359
Trd, 000181.367, 358.0
Trd, 000181.517, 361.0
Trd, 000181.933, 342.0
Trd, 000182.850, 341.0
Trd, 000183.133, 338
Trd, 000183.433, 317.0
Trd, 000183.917, 310.0
Trd, 000184.533, 305
Trd, 000184.617, 216
Trd, 000184.650, 207
Trd, 000185.633, 216
Trd, 000185.900, 210
Trd, 000187.050, 201
Trd, 000187.733, 183
Trd, 000188.133, 180
Trd, 000188.217, 207
Trd, 000188.367, 176
Trd, 000188.633, 166
Trd, 000190.350, 182
Trd, 000190.817, 183
Trd, 000190.900, 180
Trd, 000191.150, 177
Trd, 000192.717, 176
Trd, 000192.850, 176
Trd, 000192.933, 174
Trd, 000193.167, 177
Trd, 000194.350, 179
Trd, 000195.350, 178
Trd, 000195.500, 171
Trd, 000196.033, 169
Trd, 000196.283, 173
Trd, 000196.750, 168
Trd, 000197.033, 175
Trd, 000197.267, 165
Trd, 000197.583, 178
Trd, 000197.883, 181
Trd, 000197.917, 177
Trd, 000199.233, 165
Trd, 000200.517, 166
Trd, 000200.900, 165
Trd, 000201.550, 172
Trd, 000201.617, 174
Trd, 000202.150, 176
Trd, 000202.200, 166
Trd, 000203.383, 175
Trd, 000203.750, 179
Trd, 000204.733, 185
Trd, 000205.617, 176
Trd, 000205.933, 178
Trd, 000206.083, 179
Trd, 000206.783, 179
Trd, 000207.933, 175
Trd, 000209.400, 180
Trd, 000209.467, 181
Trd, 000210.417, 183
Trd, 000210.833, 185
Trd, 000211.017, 196
Trd, 000211.900, 182
Trd, 000212.483, 185
Trd, 000213.067, 176
Trd, 000213.917, 181
Trd, 000214.150, 179
Trd, 000215.200, 184
Trd, 000215.833, 183
Trd, 000215.950, 184
Trd, 000216.317, 184
Trd, 000216.383, 182
Trd, 000216.867, 180
Trd, 000217.033, 179
Trd, 000219.000, 178
Trd, 000219.017, 180
Trd, 000219.400, 177
Trd, 000221.083, 180
Trd, 000221.617, 178
Trd, 000222.000, 178
Trd, 000223.283, 182
Trd, 000223.383, 181
Trd, 000223.983, 177
Trd, 000224.467, 186
Trd, 000225.833, 180
Trd, 000226.167, 184
Trd, 000226.767, 182
Trd, 000226.950, 181
Trd, 000227.050, 185
Trd, 000228.833, 182
Trd, 000229.383, 181
Trd, 000229.700, 182
Trd, 000231.333, 184
Trd, 000231.800, 185
Trd, 000232.017, 181
Trd, 000233.000, 181
Trd, 000233.183, 186
Trd, 000233.983, 187
Trd, 000234.333, 183
Trd, 000234.700, 182
Trd, 000235.333, 183
Trd, 000235.633, 181
Trd, 000235.750, 184
Trd, 000236.283, 188
Trd, 000236.667, 181
Trd, 000237.650, 182
Trd, 000237.783, 194
Trd, 000237.800, 196
Trd, 000239.633, 190
Trd, 000240.500, 184
Trd, 000240.833, 183
Trd, 000240.883, 182
Trd, 000241.133, 170
Trd, 000241.950, 174
Trd, 000242.083, 175
Trd, 000242.183, 174
Trd, 000243.150, 175
Trd, 000244.133, 175
Trd, 000244.683, 176
Trd, 000244.850, 174
Trd, 000245.033, 176
Trd, 000245.050, 182
Trd, 000246.050, 185
Trd, 000246.183, 182
Trd, 000246.550, 183
Trd, 000247.617, 184
Trd, 000247.783, 189
Trd, 000248.017, 180
Trd, 000248.650, 183
Trd, 000249.250, 177
Trd, 000249.467, 182
Trd, 000249.733, 166
Trd, 000250.167, 172
Trd, 000250.633, 168
Trd, 000250.833, 169
Trd, 000251.150, 172
Trd, 000251.517, 170
Trd, 000252.417, 175
Trd, 000252.867, 177
Trd, 000253.067, 174
Trd, 000253.833, 174
Trd, 000253.967, 173
Trd, 000254.183, 183
Trd, 000254.617, 170
Trd, 000254.717, 185
Trd, 000254.800, 187
Trd, 000255.083, 190
Trd, 000255.900, 174
Trd, 000256.300, 174
Trd, 000257.150, 177
Trd, 000257.650, 177
Trd, 000257.817, 179
Trd, 000258.000, 176
Trd, 000259.117, 177
Trd, 000259.133, 181
Trd, 000259.467, 181
Trd, 000259.783, 179
Trd, 000259.967, 177
Trd, 000260.150, 177
Trd, 000260.617, 172
Trd, 000261.633, 178
Trd, 000261.733, 180
Trd, 000261.933, 173
Trd, 000262.450, 178
Trd, 000262.833, 180
Trd, 000263.717, 178
Trd, 000263.817, 180
Trd, 000264.167, 180
Trd, 000264.617, 182
Trd, 000264.717, 177
Trd, 000265.033, 184
Trd, 000265.583, 176
Trd, 000266.183, 175
Trd, 000266.750, 175
Trd, 000266.967, 170
Trd, 000267.117, 167
Trd, 000267.400, 165
Trd, 000267.800, 161
Trd, 000268.700, 161
Trd, 000268.733, 168
Trd, 000269.033, 168
Trd, 000269.883, 171
Trd, 000270.667, 171
Trd, 000271.150, 185
Trd, 000271.950, 191
Trd, 000272.217, 179
Trd, 000272.667, 181
Trd, 000273.167, 181
Trd, 000273.467, 189
Trd, 000274.167, 190
Trd, 000274.883, 185
Trd, 000274.967, 180
Trd, 000275.167, 181
Trd, 000275.333, 183
Trd, 000275.750, 178
Trd, 000276.433, 178
Trd, 000276.733, 176
Trd, 000277.117, 179
Trd, 000277.567, 175
Trd, 000277.683, 174
Trd, 000278.467, 174
Trd, 000278.600, 169
Trd, 000278.850, 172
Trd, 000279.283, 184
Trd, 000279.367, 173
Trd, 000280.517, 177
Trd, 000280.683, 176
Trd, 000281.633, 173
Trd, 000282.267, 176
Trd, 000282.517, 186
Trd, 000282.600, 181
Trd, 000283.050, 185
Trd, 000283.433, 193
Trd, 000284.317, 182
Trd, 000284.500, 187
Trd, 000284.700, 181
Trd, 000285.117, 183
Trd, 000285.133, 185
Trd, 000285.500, 182
Trd, 000285.650, 192
Trd, 000286.283, 178
Trd, 000287.233, 167
Trd, 000287.567, 170
Trd, 000287.667, 182
Trd, 000287.850, 187
Trd, 000288.750, 190
Trd, 000289.367, 192
Trd, 000289.400, 189
Trd, 000289.433, 193
Trd, 000289.733, 184
Trd, 000290.250, 187
Trd, 000290.817, 185
Trd, 000291.483, 181
Trd, 000291.833, 173
Trd, 000292.300, 182
Trd, 000292.833, 172
Trd, 000293.700, 172
Trd, 000293.717, 173
Trd, 000294.050, 171
Trd, 000295.033, 173
Trd, 000295.300, 175
Trd, 000295.417, 175
Trd, 000295.550, 180
Trd, 000295.833, 191
Trd, 000296.883, 185
Trd, 000297.250, 182
Trd, 000298.000, 182
Trd, 000298.250, 186
Trd, 000298.783, 188
Trd, 000298.850, 182
Trd, 000299.683, 192
