Trd, 000002.417, 144
Trd, 000003.300, 182
Trd, 000003.350, 172
Trd, 000003.750, 168
Trd, 000003.800, 166
Trd, 000004.217, 166
Trd, 000004.700, 167
Trd, 000004.800, 164
Trd, 000005.933, 149
Trd, 000006.600, 138
Trd, 000006.983, 134
Trd, 000007.467, 135
Trd, 000008.000, 136
Trd, 000008.317, 136
Trd, 000008.400, 138
Trd, 000008.867, 149
Trd, 000010.450, 145
Trd, 000010.617, 152
Trd, 000010.767, 164
Trd, 000011.400, 144
Trd, 000011.533, 158
Trd, 000013.083, 145
Trd, 000013.333, 147
Trd, 000013.633, 145
Trd, 000014.300, 144
Trd, 000014.667, 145
Trd, 000015.317, 150
Trd, 000017.017, 145
Trd, 000017.400, 148
Trd, 000017.650, 149
Trd, 000017.733, 149
Trd, 000018.417, 145
Trd, 000018.500, 148
Trd, 000018.800, 150
Trd, 000018.817, 153
Trd, 000019.100, 146
Trd, 000020.017, 145
Trd, 000020.500, 145
Trd, 000021.183, 153
Trd, 000021.367, 152
Trd, 000021.717, 158
Trd, 000022.267, 152
Trd, 000022.750, 151
Trd, 000023.650, 150
Trd, 000023.750, 151
Trd, 000024.567, 153
Trd, 000025.533, 155
Trd, 000026.083, 145
Trd, 000026.133, 155
Trd, 000027.533, 149
Trd, 000027.917, 155
Trd, 000028.050, 150
Trd, 000028.633, 151
Trd, 000028.750, 153
Trd, 000029.183, 153
Trd, 000029.500, 155
Trd, 000029.817, 158
Trd, 000030.350, 158
Trd, 000031.217, 157
Trd, 000032.433, 157
Trd, 000032.600, 157
Trd, 000032.650, 159
Trd, 000032.817, 157
Trd, 000033.400, 144
Trd, 000035.217, 140
Trd, 000035.583, 148
Trd, 000035.717, 149
Trd, 000035.883, 150
Trd, 000035.983, 153
Trd, 000037.150, 138
Trd, 000037.367, 152
Trd, 000037.400, 155
Trd, 000038.433, 159
Trd, 000038.583, 171
Trd, 000039.000, 153
Trd, 000039.267, 156
Trd, 000039.867, 147
Trd, 000041.150, 145
Trd, 000041.233, 151
Trd, 000041.767, 152
Trd, 000043.450, 150
Trd, 000043.683, 148
Trd, 000044.100, 147
Trd, 000044.517, 144
Trd, 000044.883, 151
Trd, 000045.150, 151
Trd, 000046.417, 149
Trd, 000046.950, 146
Trd, 000047.600, 149
Trd, 000047.917, 151
Trd, 000047.967, 152
Trd, 000048.233, 155
Trd, 000048.550, 168
Trd, 000049.533, 145
Trd, 000051.950, 148
Trd, 000052.400, 148
Trd, 000052.667, 147
Trd, 000052.833, 148
Trd, 000053.183, 146
Trd, 000053.317, 153
Trd, 000053.417, 156
Trd, 000054.700, 146
Trd, 000055.417, 148
Trd, 000055.867, 151
Trd, 000056.567, 151
Trd, 000056.883, 143
Trd, 000057.100, 158
Trd, 000057.600, 157
Trd, 000058.667, 152
Trd, 000058.933, 155
Trd, 000059.233, 160
Trd, 000060.183, 150
Trd, 000060.500, 150
Trd, 000061.300, 153
Trd, 000061.583, 154
Trd, 000061.983, 149
Trd, 000062.117, 156
Trd, 000062.717, 147
Trd, 000063.200, 159
Trd, 000064.083, 150
Trd, 000064.817, 151
Trd, 000065.733, 150
Trd, 000066.017, 148
Trd, 000066.500, 151
Trd, 000067.750, 153
Trd, 000068.600, 154
Trd, 000069.250, 151
Trd, 000069.433, 151
Trd, 000069.500, 150
Trd, 000069.567, 155
Trd, 000069.900, 155
Trd, 000070.900, 153
Trd, 000071.000, 153
Trd, 000072.017, 154
Trd, 000072.033, 148
Trd, 000072.233, 148
Trd, 000072.400, 155
Trd, 000073.450, 154
Trd, 000074.083, 157
Trd, 000075.483, 156
Trd, 000076.217, 153
Trd, 000076.317, 155
Trd, 000077.833, 152
Trd, 000078.150, 152
Trd, 000078.517, 156
Trd, 000079.050, 156
Trd, 000079.767, 157
Trd, 000080.000, 156
Trd, 000080.183, 159
Trd, 000080.900, 159
Trd, 000080.917, 160
Trd, 000081.217, 160
Trd, 000081.767, 158
Trd, 000082.783, 163
Trd, 000083.517, 162
Trd, 000083.767, 180
Trd, 000084.033, 161
Trd, 000084.050, 149
Trd, 000084.800, 142
Trd, 000084.983, 153
Trd, 000085.417, 151
Trd, 000086.283, 164
Trd, 000086.450, 158
Trd, 000086.583, 167
Trd, 000087.833, 159
Trd, 000087.850, 162
Trd, 000088.517, 162
Trd, 000088.700, 159
Trd, 000088.800, 158
Trd, 000089.283, 158
Trd, 000090.050, 159
Trd, 000090.567, 157
Trd, 000090.867, 157
Trd, 000091.300, 158
Trd, 000092.150, 156
Trd, 000092.250, 151
Trd, 000093.483, 150
Trd, 000093.750, 146
Trd, 000095.133, 153
Trd, 000095.267, 153
Trd, 000096.000, 149
Trd, 000096.100, 148
Trd, 000096.367, 151
Trd, 000097.133, 149
Trd, 000097.383, 153
Trd, 000097.483, 146
Trd, 000097.617, 157
Trd, 000098.217, 155
Trd, 000098.267, 144
Trd, 000099.217, 150
Trd, 000100.467, 153
Trd, 000100.667, 156
Trd, 000100.683, 158
Trd, 000101.400, 158
Trd, 000101.750, 156
Trd, 000102.900, 152
Trd, 000102.967, 154
Trd, 000104.200, 153
Trd, 000104.800, 153
Trd, 000105.333, 154
Trd, 000105.483, 152
Trd, 000107.433, 155
Trd, 000108.450, 158
Trd, 000109.250, 160
Trd, 000109.867, 166
Trd, 000109.917, 186
Trd, 000110.400, 172
Trd, 000110.550, 171
Trd, 000110.733, 155
Trd, 000110.800, 155
Trd, 000111.767, 158
Trd, 000112.117, 155
Trd, 000112.450, 154
Trd, 000113.817, 155
Trd, 000113.917, 153
Trd, 000114.200, 153
Trd, 000114.383, 154
Trd, 000114.550, 155
Trd, 000115.033, 155
Trd, 000115.800, 156
Trd, 000116.517, 162
Trd, 000116.867, 156
Trd, 000118.717, 159
Trd, 000118.767, 160
Trd, 000119.167, 157
Trd, 000119.350, 159
Trd, 000120.233, 158
Trd, 000120.850, 161
Trd, 000120.983, 167
Trd, 000121.117, 187
Trd, 000121.583, 201
Trd, 000121.733, 205
Trd, 000121.917, 198
Trd, 000122.150, 162
Trd, 000122.383, 208
Trd, 000122.483, 292
Trd, 000122.833, 295
Trd, 000123.217, 241
Trd, 000123.333, 317
Trd, 000124.383, 329
Trd, 000124.750, 330
Trd, 000126.217, 331.0
Trd, 000127.300, 325.0
Trd, 000128.150, 333
Trd, 000128.583, 334.0
Trd, 000128.900, 337
Trd, 000129.617, 344.0
Trd, 000130.000, 341.0
Trd, 000130.117, 347
Trd, 000130.500, 346.0
Trd, 000131.967, 347
Trd, 000132.017, 338
Trd, 000132.200, 337
Trd, 000133.017, 351.0
Trd, 000133.483, 344.0
Trd, 000134.917, 345
Trd, 000135.083, 341
Trd, 000135.617, 341
Trd, 000136.183, 342
Trd, 000136.317, 343
Trd, 000136.767, 346
Trd, 000137.200, 340
Trd, 000137.367, 348.0
Trd, 000137.800, 351.0
Trd, 000138.917, 353
Trd, 000139.700, 344.0
Trd, 000140.633, 341.0
Trd, 000140.967, 342
Trd, 000141.200, 353
Trd, 000142.100, 348.0
Trd, 000142.350, 345
Trd, 000142.400, 347
Trd, 000142.683, 344
Trd, 000142.817, 350
Trd, 000143.933, 348
Trd, 000144.167, 346
Trd, 000144.917, 348
Trd, 000145.317, 353
Trd, 000146.583, 353
Trd, 000146.767, 354
Trd, 000147.033, 352
Trd, 000147.433, 353
Trd, 000148.200, 352
Trd, 000148.600, 352
Trd, 000148.617, 354
Trd, 000149.017, 349
Trd, 000149.333, 354
Trd, 000150.200, 375
Trd, 000151.517, 349
Trd, 000152.000, 349
Trd, 000152.467, 352
Trd, 000152.583, 350
Trd, 000152.767, 348.0
Trd, 000153.217, 343.0
Trd, 000153.350, 341.0
Trd, 000154.517, 338.0
Trd, 000155.450, 333
Trd, 000155.533, 338
Trd, 000155.550, 343
Trd, 000155.717, 344.0
Trd, 000158.000, 342.0
Trd, 000158.117, 341.0
Trd, 000158.767, 343
Trd, 000159.067, 340
Trd, 000159.783, 341.0
Trd, 000159.950, 341
Trd, 000160.150, 344.0
Trd, 000160.383, 348.0
Trd, 000161.350, 348
Trd, 000161.850, 351.0
Trd, 000162.150, 337
Trd, 000162.683, 355
Trd, 000162.800, 334
Trd, 000163.700, 349
Trd, 000164.533, 349
Trd, 000165.917, 342
Trd, 000166.533, 343
Trd, 000166.950, 343
Trd, 000166.967, 344.0
Trd, 000167.350, 342.0
Trd, 000167.600, 341.0
Trd, 000167.667, 345
Trd, 000169.100, 341.0
Trd, 000169.750, 344.0
Trd, 000169.767, 345.0
Trd, 000170.200, 346.0
Trd, 000171.200, 342
Trd, 000171.517, 344
Trd, 000173.200, 346
Trd, 000174.417, 345
Trd, 000175.183, 345
Trd, 000175.250, 348.0
Trd, 000175.600, 344
Trd, 000175.833, 348
Trd, 000176.300, 346
Trd, 000176.333, 345
Trd, 000176.750, 337.0
Trd, 000176.783, 346
Trd, 000177.483, 343
Trd, 000177.733, 341.0
Trd, 000178.383, 350.0
Trd, 000179.117, 344.0
Trd, 000179.217, 341
Trd, 000179.633, 333
Trd, 000180.933, 348.0
Trd, 000181.850, 344
Trd, 000182.400, 343
Trd, 000182.500, 343
Trd, 000182.583, 337.0
Trd, 000183.550, 330
Trd, 000183.633, 324.0
Trd, 000184.500, 321
Trd, 000184.633, 306.0
Trd, 000184.700, 197
Trd, 000185.200, 186
Trd, 000185.250, 183
Trd, 000185.983, 168
Trd, 000186.700, 167
Trd, 000187.200, 172
Trd, 000187.350, 174
Trd, 000187.433, 162
Trd, 000188.050, 163
Trd, 000188.500, 160
Trd, 000188.917, 169
Trd, 000189.450, 170
Trd, 000189.883, 187
Trd, 000190.800, 176
Trd, 000191.750, 175
Trd, 000191.817, 176
Trd, 000191.833, 177
Trd, 000192.017, 160
Trd, 000193.017, 161
Trd, 000193.283, 163
Trd, 000194.333, 163
Trd, 000194.933, 164
Trd, 000195.033, 165
Trd, 000195.333, 160
Trd, 000195.767, 166
Trd, 000195.883, 167
Trd, 000196.300, 175
Trd, 000197.833, 163
Trd, 000198.867, 167
Trd, 000199.150, 168
Trd, 000199.867, 168
Trd, 000200.083, 162
Trd, 000201.417, 166
Trd, 000203.783, 171
Trd, 000204.050, 178
Trd, 000204.217, 177
Trd, 000204.333, 176
Trd, 000204.800, 176
Trd, 000205.350, 176
Trd, 000205.467, 177
Trd, 000205.500, 176
Trd, 000206.367, 170
Trd, 000207.133, 176
Trd, 000208.383, 169
Trd, 000208.433, 173
Trd, 000209.417, 171
Trd, 000209.583, 170
Trd, 000210.267, 170
Trd, 000210.367, 169
Trd, 000210.900, 163
Trd, 000211.083, 163
Trd, 000211.267, 161
Trd, 000211.483, 163
Trd, 000211.983, 158
Trd, 000212.450, 169
Trd, 000212.600, 172
Trd, 000213.150, 203
Trd, 000213.767, 182
Trd, 000214.350, 181
Trd, 000214.450, 199
Trd, 000214.483, 200
Trd, 000215.500, 181
Trd, 000215.917, 192
Trd, 000216.683, 192
Trd, 000217.883, 196
Trd, 000218.367, 191
Trd, 000218.550, 190
Trd, 000219.000, 162
Trd, 000219.733, 179
Trd, 000220.100, 178
Trd, 000220.333, 179
Trd, 000220.817, 174
Trd, 000220.983, 178
Trd, 000221.400, 174
Trd, 000221.717, 178
Trd, 000223.433, 174
Trd, 000223.967, 160
Trd, 000225.000, 168
Trd, 000225.117, 170
Trd, 000225.867, 167
Trd, 000226.217, 171
Trd, 000226.433, 171
Trd, 000227.117, 166
Trd, 000227.967, 169
Trd, 000228.300, 170
Trd, 000228.733, 170
Trd, 000229.233, 171
Trd, 000229.417, 168
Trd, 000230.483, 168
Trd, 000230.933, 169
Trd, 000231.200, 171
Trd, 000231.333, 167
Trd, 000231.367, 167
Trd, 000231.383, 174
Trd, 000232.133, 178
Trd, 000234.050, 178
Trd, 000234.200, 175
Trd, 000234.817, 177
Trd, 000234.900, 178
Trd, 000235.000, 171
Trd, 000235.933, 184
Trd, 000236.117, 208
Trd, 000236.300, 192
Trd, 000236.567, 178
Trd, 000236.817, 197
Trd, 000238.450, 196
Trd, 000238.500, 193
Trd, 000238.633, 193
Trd, 000239.017, 192
Trd, 000239.467, 197
Trd, 000239.767, 195
Trd, 000240.017, 193
Trd, 000240.400, 190
Trd, 000240.983, 179
Trd, 000241.000, 181
Trd, 000242.150, 176
Trd, 000242.300, 176
Trd, 000242.583, 175
Trd, 000243.050, 172
Trd, 000243.550, 174
Trd, 000244.217, 173
Trd, 000244.317, 176
Trd, 000244.517, 175
Trd, 000244.617, 172
Trd, 000245.350, 173
Trd, 000245.717, 172
Trd, 000245.750, 176
Trd, 000246.883, 179
Trd, 000247.717, 187
Trd, 000248.633, 181
Trd, 000249.333, 181
Trd, 000249.450, 180
Trd, 000250.017, 180
Trd, 000250.367, 178
Trd, 000250.750, 172
Trd, 000250.867, 169
Trd, 000250.950, 181
Trd, 000251.183, 168
Trd, 000251.350, 166
Trd, 000252.167, 169
Trd, 000252.267, 166
Trd, 000252.967, 173
Trd, 000253.150, 175
Trd, 000254.083, 165
Trd, 000254.350, 173
Trd, 000254.417, 176
Trd, 000254.883, 177
Trd, 000255.567, 176
Trd, 000255.717, 177
Trd, 000255.900, 175
Trd, 000255.983, 172
Trd, 000256.767, 172
Trd, 000257.317, 171
Trd, 000257.333, 174
Trd, 000257.483, 174
Trd, 000257.767, 180
Trd, 000258.600, 193
Trd, 000259.200, 184
Trd, 000259.717, 181
Trd, 000260.233, 182
Trd, 000260.667, 180
Trd, 000260.833, 182
Trd, 000261.017, 184
Trd, 000261.100, 178
Trd, 000262.017, 179
Trd, 000262.083, 180
Trd, 000262.167, 177
Trd, 000262.500, 180
Trd, 000262.967, 175
Trd, 000263.050, 175
Trd, 000263.200, 174
Trd, 000263.550, 170
Trd, 000264.317, 171
Trd, 000264.600, 160
Trd, 000265.133, 169
Trd, 000265.483, 161
Trd, 000265.500, 168
Trd, 000266.367, 170
Trd, 000266.717, 171
Trd, 000267.267, 171
Trd, 000267.650, 174
Trd, 000267.667, 177
Trd, 000268.233, 172
Trd, 000268.683, 199
Trd, 000270.100, 175
Trd, 000270.383, 174
Trd, 000270.533, 172
Trd, 000270.767, 174
Trd, 000271.000, 172
Trd, 000271.050, 175
Trd, 000271.900, 171
Trd, 000272.017, 173
Trd, 000272.583, 170
Trd, 000272.667, 171
Trd, 000273.083, 169
Trd, 000273.533, 169
Trd, 000273.600, 171
Trd, 000273.833, 176
Trd, 000274.150, 178
Trd, 000274.417, 182
Trd, 000274.700, 197
Trd, 000274.717, 182
Trd, 000274.833, 190
Trd, 000275.033, 185
Trd, 000275.183, 188
Trd, 000275.317, 189
Trd, 000276.000, 185
Trd, 000276.717, 179
Trd, 000277.733, 171
Trd, 000277.817, 172
Trd, 000278.033, 169
Trd, 000279.067, 179
Trd, 000279.450, 177
Trd, 000279.533, 176
Trd, 000279.750, 178
Trd, 000280.367, 176
Trd, 000280.817, 178
Trd, 000281.250, 178
Trd, 000281.517, 175
Trd, 000281.800, 178
Trd, 000282.567, 176
Trd, 000282.717, 179
Trd, 000282.917, 179
Trd, 000283.083, 174
Trd, 000284.250, 170
Trd, 000284.450, 170
Trd, 000284.583, 170
Trd, 000284.600, 173
Trd, 000285.367, 169
Trd, 000285.400, 174
Trd, 000286.200, 177
Trd, 000286.433, 178
Trd, 000286.850, 176
Trd, 000286.950, 179
Trd, 000287.350, 177
Trd, 000287.517, 177
Trd, 000287.800, 179
Trd, 000287.950, 174
Trd, 000288.183, 173
Trd, 000288.850, 183
Trd, 000289.217, 175
Trd, 000289.467, 175
Trd, 000289.717, 184
Trd, 000290.217, 175
Trd, 000291.183, 177
Trd, 000291.533, 184
Trd, 000291.633, 184
Trd, 000291.967, 183
Trd, 000292.300, 185
Trd, 000292.333, 201
Trd, 000292.633, 178
Trd, 000292.650, 184
Trd, 000293.217, 183
Trd, 000293.433, 184
Trd, 000294.100, 184
Trd, 000294.383, 184
Trd, 000294.850, 183
Trd, 000295.950, 178
Trd, 000296.000, 177
Trd, 000296.533, 197
Trd, 000296.867, 174
Trd, 000297.117, 183
Trd, 000297.350, 174
Trd, 000297.633, 174
Trd, 000298.083, 181
Trd, 000298.100, 183
Trd, 000298.233, 183
Trd, 000298.850, 185
Trd, 000299.717, 186
