Trd, 000002.267, 164
Trd, 000003.533, 153
Trd, 000003.767, 158
Trd, 000003.817, 162
Trd, 000003.950, 157
Trd, 000004.250, 148
Trd, 000004.400, 142
Trd, 000004.583, 144
Trd, 000005.867, 139
Trd, 000006.017, 145
Trd, 000006.100, 144
Trd, 000006.350, 140
Trd, 000007.350, 145
Trd, 000008.050, 146
Trd, 000008.200, 147
Trd, 000008.550, 142
Trd, 000008.633, 142
Trd, 000008.750, 149
Trd, 000009.433, 143
Trd, 000010.483, 151
Trd, 000010.950, 142
Trd, 000012.317, 145
Trd, 000012.633, 145
Trd, 000013.083, 148
Trd, 000013.450, 150
Trd, 000013.933, 147
Trd, 000014.567, 148
Trd, 000014.933, 147
Trd, 000015.867, 148
Trd, 000015.933, 149
Trd, 000016.217, 147
Trd, 000016.533, 147
Trd, 000017.533, 149
Trd, 000018.500, 153
Trd, 000018.950, 159
Trd, 000019.983, 171
Trd, 000020.217, 170
Trd, 000020.400, 169
Trd, 000020.633, 167
Trd, 000020.800, 168
Trd, 000021.050, 168
Trd, 000021.583, 168
Trd, 000021.817, 167
Trd, 000021.983, 157
Trd, 000023.700, 158
Trd, 000023.733, 158
Trd, 000023.783, 154
Trd, 000024.200, 160
Trd, 000025.167, 157
Trd, 000025.433, 156
Trd, 000025.817, 157
Trd, 000026.283, 160
Trd, 000027.067, 171
Trd, 000027.183, 168
Trd, 000027.367, 184
Trd, 000028.067, 161
Trd, 000029.450, 161
Trd, 000029.617, 159
Trd, 000030.533, 165
Trd, 000030.883, 165
Trd, 000031.017, 160
Trd, 000031.100, 159
Trd, 000033.067, 159
Trd, 000033.167, 160
Trd, 000033.900, 160
Trd, 000034.050, 161
Trd, 000034.917, 160
Trd, 000035.667, 161
Trd, 000036.067, 160
Trd, 000036.833, 157
Trd, 000037.133, 153
Trd, 000038.200, 154
Trd, 000039.200, 147
Trd, 000039.683, 147
Trd, 000040.150, 145
Trd, 000040.467, 151
Trd, 000040.933, 149
Trd, 000041.250, 150
Trd, 000041.450, 148
Trd, 000042.117, 148
Trd, 000042.667, 149
Trd, 000043.600, 152
Trd, 000043.683, 149
Trd, 000043.750, 148
Trd, 000043.833, 155
Trd, 000044.467, 173
Trd, 000045.117, 149
Trd, 000045.267, 158
Trd, 000045.467, 159
Trd, 000046.467, 148
Trd, 000047.050, 149
Trd, 000047.083, 148
Trd, 000047.417, 160
Trd, 000047.533, 148
Trd, 000047.983, 161
Trd, 000048.467, 162
Trd, 000048.650, 146
Trd, 000049.100, 162
Trd, 000049.417, 146
Trd, 000049.600, 165
Trd, 000050.883, 170
Trd, 000051.883, 170
Trd, 000052.233, 168
Trd, 000052.317, 168
Trd, 000052.917, 168
Trd, 000053.083, 169
Trd, 000053.600, 174
Trd, 000054.050, 169
Trd, 000054.867, 161
Trd, 000054.933, 159
Trd, 000055.217, 173
Trd, 000056.567, 162
Trd, 000057.283, 161
Trd, 000058.067, 160
Trd, 000058.150, 159
Trd, 000058.383, 159
Trd, 000058.400, 162
Trd, 000059.233, 161
Trd, 000059.683, 162
Trd, 000059.983, 159
Trd, 000060.150, 155
Trd, 000060.350, 161
Trd, 000060.950, 149
Trd, 000061.833, 162
Trd, 000062.700, 149
Trd, 000062.750, 146
Trd, 000063.550, 157
Trd, 000064.200, 158
Trd, 000064.467, 150
Trd, 000064.750, 150
Trd, 000065.483, 158
Trd, 000065.617, 159
Trd, 000065.733, 153
Trd, 000066.100, 152
Trd, 000067.217, 154
Trd, 000067.717, 155
Trd, 000068.183, 154
Trd, 000068.283, 153
Trd, 000068.950, 153
Trd, 000069.050, 153
Trd, 000069.733, 153
Trd, 000070.583, 152
Trd, 000070.667, 153
Trd, 000070.733, 152
Trd, 000070.817, 155
Trd, 000071.517, 151
Trd, 000071.583, 165
Trd, 000072.583, 150
Trd, 000072.917, 161
Trd, 000072.950, 147
Trd, 000073.017, 142
Trd, 000073.783, 163
Trd, 000075.417, 150
Trd, 000075.550, 161
Trd, 000076.167, 152
Trd, 000077.183, 152
Trd, 000077.750, 158
Trd, 000078.467, 158
Trd, 000078.683, 157
Trd, 000079.150, 154
Trd, 000079.700, 154
Trd, 000079.900, 153
Trd, 000080.117, 156
Trd, 000080.550, 158
Trd, 000080.800, 159
Trd, 000081.300, 153
Trd, 000083.750, 158
Trd, 000084.267, 155
Trd, 000084.417, 155
Trd, 000084.817, 155
Trd, 000085.017, 154
Trd, 000085.250, 156
Trd, 000085.883, 155
Trd, 000086.000, 156
Trd, 000086.700, 153
Trd, 000086.783, 151
Trd, 000087.317, 156
Trd, 000088.350, 153
Trd, 000088.367, 153
Trd, 000088.417, 156
Trd, 000088.917, 158
Trd, 000089.350, 160
Trd, 000089.450, 161
Trd, 000090.300, 165
Trd, 000091.533, 156
Trd, 000092.533, 157
Trd, 000093.100, 155
Trd, 000093.800, 160
Trd, 000094.233, 161
Trd, 000094.550, 154
Trd, 000094.583, 152
Trd, 000094.800, 149
Trd, 000095.167, 161
Trd, 000095.767, 148
Trd, 000096.217, 157
Trd, 000096.617, 150
Trd, 000096.767, 157
Trd, 000098.583, 149
Trd, 000099.350, 149
Trd, 000100.300, 156
Trd, 000100.867, 153
Trd, 000101.267, 154
Trd, 000101.317, 152
Trd, 000101.417, 157
Trd, 000102.167, 153
Trd, 000102.350, 152
Trd, 000102.450, 158
Trd, 000102.983, 158
Trd, 000103.100, 180
Trd, 000103.250, 153
Trd, 000103.967, 154
Trd, 000105.383, 160
Trd, 000105.650, 156
Trd, 000106.300, 160
Trd, 000106.783, 153
Trd, 000107.067, 160
Trd, 000107.467, 151
Trd, 000107.567, 161
Trd, 000108.000, 169
Trd, 000108.300, 151
Trd, 000109.083, 152
Trd, 000110.050, 161
Trd, 000111.033, 152
Trd, 000111.783, 157
Trd, 000112.117, 154
Trd, 000112.667, 159
Trd, 000113.717, 155
Trd, 000114.483, 153
Trd, 000114.783, 158
Trd, 000115.117, 158
Trd, 000115.700, 156
Trd, 000116.083, 155
Trd, 000116.617, 157
Trd, 000117.183, 158
Trd, 000117.683, 157
Trd, 000117.767, 156
Trd, 000117.850, 159
Trd, 000118.717, 155
Trd, 000119.750, 159
Trd, 000120.050, 160
Trd, 000120.467, 155
Trd, 000120.933, 155
Trd, 000121.350, 155
Trd, 000122.567, 160
Trd, 000122.600, 162
Trd, 000122.933, 170
Trd, 000123.083, 156
Trd, 000123.200, 181
Trd, 000123.267, 198
Trd, 000123.417, 214
Trd, 000123.567, 259
Trd, 000123.683, 282
Trd, 000124.483, 317.0
Trd, 000124.983, 309
Trd, 000126.050, 327.0
Trd, 000126.567, 329
Trd, 000127.200, 330
Trd, 000127.283, 314
Trd, 000127.583, 327.0
Trd, 000128.000, 330
Trd, 000128.200, 331.0
Trd, 000128.300, 341.0
Trd, 000128.883, 340
Trd, 000130.083, 326
Trd, 000130.517, 335
Trd, 000131.633, 331
Trd, 000133.133, 334
Trd, 000133.333, 336
Trd, 000134.550, 333
Trd, 000135.333, 336
Trd, 000135.917, 341.0
Trd, 000136.300, 344.0
Trd, 000136.550, 338.0
Trd, 000137.033, 337
Trd, 000137.983, 339
Trd, 000139.100, 345.0
Trd, 000139.167, 341
Trd, 000139.483, 340
Trd, 000139.817, 348.0
Trd, 000139.950, 339
Trd, 000140.450, 337
Trd, 000140.933, 347
Trd, 000140.950, 351
Trd, 000141.167, 336
Trd, 000141.933, 368
Trd, 000142.600, 366
Trd, 000142.767, 366.0
Trd, 000142.917, 365.0
Trd, 000143.183, 358.0
Trd, 000143.550, 368
Trd, 000143.567, 369
Trd, 000144.133, 349
Trd, 000145.733, 353
Trd, 000146.317, 358.0
Trd, 000146.400, 350
Trd, 000146.917, 359
Trd, 000147.250, 349
Trd, 000148.917, 357
Trd, 000149.350, 353
Trd, 000149.650, 352
Trd, 000149.717, 343
Trd, 000150.433, 340
Trd, 000151.017, 344
Trd, 000151.150, 345
Trd, 000151.233, 336.0
Trd, 000151.317, 346
Trd, 000151.633, 348
Trd, 000152.650, 344
Trd, 000153.517, 342
Trd, 000153.567, 345.0
Trd, 000155.817, 346
Trd, 000155.833, 348
Trd, 000156.550, 348.0
Trd, 000156.667, 349
Trd, 000157.900, 352
Trd, 000157.983, 343
Trd, 000158.633, 344
Trd, 000159.700, 344
Trd, 000159.783, 356.0
Trd, 000160.517, 356.0
Trd, 000160.567, 340
Trd, 000161.183, 338
Trd, 000161.367, 354
Trd, 000161.383, 336.0
Trd, 000161.683, 356
Trd, 000161.817, 335.0
Trd, 000162.567, 353
Trd, 000163.217, 339
Trd, 000163.600, 348
Trd, 000165.233, 344
Trd, 000165.433, 349
Trd, 000165.550, 349
Trd, 000165.583, 346
Trd, 000166.650, 349
Trd, 000166.767, 346
Trd, 000166.917, 345
Trd, 000168.217, 345
Trd, 000168.417, 346
Trd, 000168.550, 345
Trd, 000168.600, 342
Trd, 000168.783, 347
Trd, 000169.400, 342
Trd, 000170.417, 340
Trd, 000170.500, 334.0
Trd, 000170.817, 331.0
Trd, 000171.567, 343
Trd, 000172.217, 347
Trd, 000172.567, 334.0
Trd, 000174.267, 335
Trd, 000174.667, 344
Trd, 000175.417, 343
Trd, 000175.750, 340
Trd, 000175.950, 340
Trd, 000176.100, 338
Trd, 000176.417, 335
Trd, 000177.067, 341
Trd, 000177.200, 342
Trd, 000177.317, 335.0
Trd, 000177.617, 367
Trd, 000178.033, 335.0
Trd, 000178.850, 348
Trd, 000179.300, 340
Trd, 000180.400, 343
Trd, 000181.183, 341
Trd, 000181.467, 340
Trd, 000181.717, 340
Trd, 000181.900, 343
Trd, 000182.900, 341
Trd, 000183.033, 340
Trd, 000183.150, 339
Trd, 000183.700, 320
Trd, 000183.850, 294
Trd, 000184.067, 214
Trd, 000184.350, 298
Trd, 000184.833, 211
Trd, 000186.083, 209
Trd, 000186.817, 204
Trd, 000186.967, 193
Trd, 000188.067, 205
Trd, 000188.100, 198
Trd, 000188.567, 194
Trd, 000188.833, 208
Trd, 000189.950, 192
Trd, 000190.350, 191
Trd, 000190.850, 177
Trd, 000191.000, 164
Trd, 000192.917, 176
Trd, 000193.367, 173
Trd, 000193.400, 173
Trd, 000194.283, 167
Trd, 000194.300, 172
Trd, 000194.617, 163
Trd, 000194.650, 173
Trd, 000195.650, 177
Trd, 000195.733, 168
Trd, 000196.983, 175
Trd, 000197.400, 175
Trd, 000198.167, 174
Trd, 000198.333, 175
Trd, 000198.467, 176
Trd, 000199.050, 175
Trd, 000199.300, 175
Trd, 000200.033, 170
Trd, 000201.450, 164
Trd, 000202.333, 169
Trd, 000202.667, 163
Trd, 000202.867, 170
Trd, 000203.683, 168
Trd, 000204.483, 166
Trd, 000205.000, 166
Trd, 000205.283, 167
Trd, 000205.400, 166
Trd, 000205.700, 171
Trd, 000205.717, 166
Trd, 000206.700, 175
Trd, 000207.200, 169
Trd, 000207.383, 169
Trd, 000208.450, 187
Trd, 000208.617, 180
Trd, 000209.017, 180
Trd, 000209.433, 188
Trd, 000209.467, 180
Trd, 000210.150, 186
Trd, 000210.233, 179
Trd, 000211.250, 179
Trd, 000212.083, 178
Trd, 000212.317, 171
Trd, 000213.583, 188
Trd, 000214.517, 173
Trd, 000214.533, 183
Trd, 000214.733, 181
Trd, 000214.900, 172
Trd, 000215.800, 175
Trd, 000216.467, 178
Trd, 000217.167, 176
Trd, 000217.800, 177
Trd, 000218.750, 177
Trd, 000219.083, 176
Trd, 000219.167, 175
Trd, 000220.450, 175
Trd, 000221.000, 174
Trd, 000221.100, 175
Trd, 000222.433, 175
Trd, 000222.483, 176
Trd, 000222.600, 176
Trd, 000223.083, 178
Trd, 000223.117, 180
Trd, 000223.400, 205
Trd, 000223.467, 180
Trd, 000224.250, 183
Trd, 000224.283, 182
Trd, 000225.050, 184
Trd, 000225.550, 178
Trd, 000227.000, 172
Trd, 000227.083, 174
Trd, 000227.117, 180
Trd, 000227.533, 172
Trd, 000227.867, 179
Trd, 000229.033, 170
Trd, 000229.900, 169
Trd, 000230.783, 171
Trd, 000230.983, 170
Trd, 000231.217, 170
Trd, 000231.850, 169
Trd, 000232.333, 165
Trd, 000233.083, 166
Trd, 000233.433, 168
Trd, 000233.650, 167
Trd, 000233.933, 171
Trd, 000234.417, 173
Trd, 000234.767, 165
Trd, 000235.083, 174
Trd, 000235.783, 164
Trd, 000236.650, 171
Trd, 000236.683, 172
Trd, 000237.850, 174
Trd, 000238.083, 174
Trd, 000238.117, 173
Trd, 000238.367, 174
Trd, 000239.750, 176
Trd, 000240.067, 177
Trd, 000240.467, 178
Trd, 000240.500, 177
Trd, 000240.667, 177
Trd, 000240.950, 177
Trd, 000241.317, 178
Trd, 000241.500, 177
Trd, 000242.533, 176
Trd, 000242.583, 177
Trd, 000242.983, 180
Trd, 000243.133, 181
Trd, 000243.883, 180
Trd, 000244.417, 182
Trd, 000244.567, 186
Trd, 000245.700, 182
Trd, 000246.083, 180
Trd, 000246.283, 178
Trd, 000246.350, 185
Trd, 000247.300, 180
Trd, 000247.717, 178
Trd, 000248.150, 178
Trd, 000248.450, 179
Trd, 000248.800, 179
Trd, 000249.217, 180
Trd, 000250.617, 180
Trd, 000251.033, 178
Trd, 000251.067, 179
Trd, 000251.250, 180
Trd, 000251.433, 178
Trd, 000251.767, 180
Trd, 000251.917, 180
Trd, 000252.067, 177
Trd, 000252.650, 174
Trd, 000252.667, 174
Trd, 000253.233, 175
Trd, 000253.617, 175
Trd, 000253.717, 162
Trd, 000254.433, 165
Trd, 000254.967, 164
Trd, 000255.417, 173
Trd, 000255.450, 174
Trd, 000255.750, 175
Trd, 000256.117, 176
Trd, 000256.550, 177
Trd, 000256.950, 178
Trd, 000257.250, 175
Trd, 000257.267, 182
Trd, 000257.300, 183
Trd, 000258.483, 176
Trd, 000258.850, 175
Trd, 000259.017, 176
Trd, 000259.283, 175
Trd, 000259.867, 178
Trd, 000260.067, 178
Trd, 000260.133, 178
Trd, 000260.317, 172
Trd, 000260.617, 178
Trd, 000260.733, 168
Trd, 000261.450, 171
Trd, 000261.917, 178
Trd, 000262.267, 174
Trd, 000262.500, 191
Trd, 000263.300, 188
Trd, 000263.517, 187
Trd, 000263.783, 191
Trd, 000264.617, 180
Trd, 000265.083, 183
Trd, 000265.233, 179
Trd, 000266.067, 185
Trd, 000266.983, 183
Trd, 000267.383, 182
Trd, 000267.833, 176
Trd, 000268.083, 176
Trd, 000268.333, 175
Trd, 000269.000, 175
Trd, 000269.283, 176
Trd, 000269.383, 176
Trd, 000270.350, 180
Trd, 000270.550, 184
Trd, 000270.583, 175
Trd, 000271.483, 178
Trd, 000271.900, 183
Trd, 000272.050, 185
Trd, 000272.633, 183
Trd, 000272.683, 184
Trd, 000272.833, 179
Trd, 000273.933, 181
Trd, 000274.183, 182
Trd, 000274.217, 179
Trd, 000274.933, 177
Trd, 000275.233, 172
Trd, 000275.300, 180
Trd, 000276.167, 175
Trd, 000276.200, 172
Trd, 000276.817, 170
Trd, 000276.883, 167
Trd, 000276.900, 175
Trd, 000277.283, 173
Trd, 000277.867, 167
Trd, 000278.367, 176
Trd, 000278.633, 177
Trd, 000278.767, 177
Trd, 000279.017, 174
Trd, 000279.200, 179
Trd, 000279.217, 174
Trd, 000279.667, 176
Trd, 000279.700, 174
Trd, 000279.883, 176
Trd, 000280.100, 177
Trd, 000280.150, 174
Trd, 000280.283, 178
Trd, 000280.750, 174
Trd, 000280.833, 177
Trd, 000283.350, 184
Trd, 000283.483, 170
Trd, 000283.533, 186
Trd, 000284.067, 169
Trd, 000284.167, 168
Trd, 000284.367, 196
Trd, 000285.267, 188
Trd, 000285.400, 190
Trd, 000286.183, 190
Trd, 000286.700, 191
Trd, 000286.800, 190
Trd, 000286.817, 193
Trd, 000287.217, 191
Trd, 000287.833, 192
Trd, 000288.000, 191
Trd, 000288.450, 191
Trd, 000288.583, 190
Trd, 000288.750, 187
Trd, 000288.783, 179
Trd, 000289.300, 170
Trd, 000289.717, 179
Trd, 000290.033, 168
Trd, 000290.300, 168
Trd, 000290.533, 182
Trd, 000290.950, 173
Trd, 000291.083, 179
Trd, 000291.600, 170
Trd, 000291.750, 178
Trd, 000292.117, 180
Trd, 000292.750, 187
Trd, 000292.867, 177
Trd, 000292.883, 193
Trd, 000293.183, 177
Trd, 000293.317, 197
Trd, 000293.800, 187
Trd, 000294.033, 177
Trd, 000294.350, 191
Trd, 000295.450, 179
Trd, 000295.750, 179
Trd, 000296.550, 176
Trd, 000296.600, 181
Trd, 000296.883, 173
Trd, 000297.117, 180
Trd, 000298.433, 179
Trd, 000298.583, 174
Trd, 000299.317, 176
Trd, 000299.783, 173
Trd, 000299.900, 177
