Trd, 000002.367, 175
Trd, 000003.033, 155
Trd, 000003.250, 141
Trd, 000003.450, 153
Trd, 000005.333, 141
Trd, 000007.450, 152
Trd, 000007.567, 152
Trd, 000007.600, 145
Trd, 000007.983, 154
Trd, 000008.083, 158
Trd, 000008.700, 168
Trd, 000008.800, 167
Trd, 000008.883, 146
Trd, 000010.567, 155
Trd, 000010.733, 145
Trd, 000012.317, 133
Trd, 000012.500, 135
Trd, 000012.767, 137
Trd, 000013.467, 130
Trd, 000013.683, 136
Trd, 000014.500, 159
Trd, 000014.750, 155
Trd, 000015.467, 145
Trd, 000016.000, 147
Trd, 000016.667, 141
Trd, 000016.833, 136
Trd, 000017.217, 160
Trd, 000017.817, 146
Trd, 000018.183, 139
Trd, 000019.550, 149
Trd, 000020.167, 147
Trd, 000021.283, 151
Trd, 000021.533, 148
Trd, 000023.267, 147
Trd, 000023.433, 149
Trd, 000023.717, 148
Trd, 000023.817, 146
Trd, 000024.517, 146
Trd, 000024.950, 146
Trd, 000025.683, 149
Trd, 000025.850, 145
Trd, 000026.733, 146
Trd, 000028.200, 140
Trd, 000028.967, 145
Trd, 000029.283, 145
Trd, 000029.633, 148
Trd, 000030.250, 151
Trd, 000030.450, 145
Trd, 000030.650, 146
Trd, 000030.933, 144
Trd, 000031.517, 178
Trd, 000031.933, 157
Trd, 000033.667, 152
Trd, 000034.517, 151
Trd, 000034.967, 144
Trd, 000035.683, 140
Trd, 000036.483, 148
Trd, 000037.500, 143
Trd, 000037.567, 140
Trd, 000038.333, 139
Trd, 000039.033, 147
Trd, 000039.550, 155
Trd, 000040.267, 143
Trd, 000040.767, 149
Trd, 000041.483, 143
Trd, 000042.867, 148
Trd, 000043.517, 143
Trd, 000043.767, 146
Trd, 000045.183, 144
Trd, 000045.567, 145
Trd, 000046.333, 145
Trd, 000046.817, 146
Trd, 000047.067, 149
Trd, 000047.617, 146
Trd, 000048.300, 155
Trd, 000048.317, 163
Trd, 000048.400, 147
Trd, 000049.583, 158
Trd, 000050.200, 156
Trd, 000051.117, 155
Trd, 000051.383, 158
Trd, 000051.417, 153
Trd, 000051.600, 151
Trd, 000052.583, 150
Trd, 000053.300, 148
Trd, 000053.600, 149
Trd, 000053.817, 148
Trd, 000054.583, 150
Trd, 000054.600, 156
Trd, 000056.050, 164
Trd, 000056.150, 147
Trd, 000057.300, 168
Trd, 000058.317, 161
Trd, 000059.717, 155
Trd, 000059.817, 154
Trd, 000060.450, 161
Trd, 000060.683, 163
Trd, 000061.000, 155
Trd, 000062.167, 159
Trd, 000062.900, 160
Trd, 000064.033, 160
Trd, 000064.717, 160
Trd, 000065.383, 155
Trd, 000066.217, 154
Trd, 000066.783, 162
Trd, 000067.017, 150
Trd, 000068.017, 154
Trd, 000068.250, 147
Trd, 000069.533, 155
Trd, 000069.817, 154
Trd, 000070.433, 157
Trd, 000070.733, 154
Trd, 000071.017, 151
Trd, 000071.317, 165
Trd, 000071.683, 166
Trd, 000071.750, 150
Trd, 000072.750, 148
Trd, 000073.533, 145
Trd, 000074.217, 161
Trd, 000074.783, 151
Trd, 000075.283, 150
Trd, 000075.550, 159
Trd, 000077.017, 160
Trd, 000077.350, 152
Trd, 000077.433, 159
Trd, 000077.883, 163
Trd, 000078.100, 148
Trd, 000078.717, 150
Trd, 000078.783, 147
Trd, 000079.183, 151
Trd, 000081.233, 151
Trd, 000081.833, 149
Trd, 000082.917, 149
Trd, 000082.933, 152
Trd, 000083.083, 149
Trd, 000083.400, 149
Trd, 000083.567, 150
Trd, 000084.250, 151
Trd, 000084.283, 159
Trd, 000084.350, 167
Trd, 000086.283, 165
Trd, 000086.717, 167
Trd, 000086.933, 168
Trd, 000087.950, 168
Trd, 000088.967, 164
Trd, 000089.200, 158
Trd, 000089.783, 150
Trd, 000089.883, 150
Trd, 000091.550, 155
Trd, 000093.467, 153
Trd, 000093.850, 156
Trd, 000094.867, 157
Trd, 000094.950, 154
Trd, 000095.083, 154
Trd, 000095.100, 153
Trd, 000095.550, 151
Trd, 000096.133, 153
Trd, 000096.483, 157
Trd, 000096.950, 160
Trd, 000097.483, 159
Trd, 000098.767, 152
Trd, 000099.117, 163
Trd, 000099.533, 167
Trd, 000101.100, 165
Trd, 000101.533, 162
Trd, 000101.783, 167
Trd, 000101.817, 161
Trd, 000103.217, 153
Trd, 000103.500, 151
Trd, 000103.683, 154
Trd, 000104.483, 161
Trd, 000104.567, 164
Trd, 000105.217, 165
Trd, 000106.000, 159
Trd, 000106.600, 161
Trd, 000106.850, 161
Trd, 000106.900, 151
Trd, 000107.467, 164
Trd, 000108.000, 156
Trd, 000109.583, 162
Trd, 000110.200, 160
Trd, 000110.767, 154
Trd, 000111.850, 159
Trd, 000112.567, 156
Trd, 000113.000, 155
Trd, 000113.683, 161
Trd, 000113.817, 155
Trd, 000113.967, 162
Trd, 000114.483, 160
Trd, 000116.300, 158
Trd, 000117.483, 161
Trd, 000117.700, 159
Trd, 000118.033, 157
Trd, 000118.133, 155
Trd, 000119.250, 156
Trd, 000120.067, 156
Trd, 000120.883, 156
Trd, 000121.267, 156
Trd, 000121.283, 156
Trd, 000121.317, 158
Trd, 000121.817, 163
Trd, 000122.533, 180
Trd, 000122.850, 190
Trd, 000122.883, 208
Trd, 000123.250, 212
Trd, 000123.833, 331
Trd, 000124.350, 332
Trd, 000125.683, 317.0
Trd, 000125.700, 316
Trd, 000126.133, 333
Trd, 000126.783, 334.0
Trd, 000127.033, 344.0
Trd, 000128.633, 343
Trd, 000129.183, 336
Trd, 000129.483, 335
Trd, 000129.567, 351.0
Trd, 000132.183, 336
Trd, 000132.517, 343
Trd, 000133.433, 334
Trd, 000133.683, 332
Trd, 000133.700, 340
Trd, 000134.767, 334
Trd, 000134.950, 341
Trd, 000135.433, 338
Trd, 000136.000, 342
Trd, 000136.233, 344.0
Trd, 000136.650, 341
Trd, 000138.033, 341
Trd, 000139.100, 341
Trd, 000139.600, 340
Trd, 000140.217, 342
Trd, 000140.667, 343
Trd, 000142.383, 344.0
Trd, 000142.683, 336
Trd, 000143.633, 344
Trd, 000143.900, 344
Trd, 000144.083, 351.0
Trd, 000144.367, 350
Trd, 000146.150, 350
Trd, 000146.200, 349
Trd, 000146.450, 357
Trd, 000146.550, 358
Trd, 000146.600, 341
Trd, 000146.967, 340
Trd, 000147.100, 344.0
Trd, 000147.317, 340
Trd, 000148.083, 335
Trd, 000150.183, 348
Trd, 000150.367, 328.0
Trd, 000151.833, 341
Trd, 000151.867, 344
Trd, 000152.417, 344
Trd, 000152.667, 339
Trd, 000153.150, 342
Trd, 000154.133, 341.0
Trd, 000154.233, 344.0
Trd, 000155.733, 332
Trd, 000155.833, 338
Trd, 000156.450, 335
Trd, 000157.417, 334
Trd, 000157.867, 334.0
Trd, 000158.017, 333.0
Trd, 000160.150, 334
Trd, 000160.400, 333.0
Trd, 000160.517, 336
Trd, 000161.700, 336
Trd, 000162.700, 337
Trd, 000163.833, 337
Trd, 000164.000, 337
Trd, 000164.467, 335
Trd, 000164.817, 336
Trd, 000166.050, 335
Trd, 000166.683, 336
Trd, 000166.933, 344.0
Trd, 000167.483, 351.0
Trd, 000169.233, 348
Trd, 000169.800, 349
Trd, 000169.817, 337
Trd, 000170.000, 336
Trd, 000170.083, 358
Trd, 000170.750, 350
Trd, 000171.500, 355
Trd, 000172.283, 344.0
Trd, 000172.567, 338
Trd, 000172.750, 359
Trd, 000173.500, 341
Trd, 000173.983, 355
Trd, 000174.217, 343
Trd, 000174.533, 355
Trd, 000176.817, 351
Trd, 000176.867, 344
Trd, 000177.933, 341.0
Trd, 000178.483, 344.0
Trd, 000178.800, 350
Trd, 000178.817, 342
Trd, 000179.117, 351.0
Trd, 000179.200, 355
Trd, 000180.017, 381
Trd, 000180.583, 347
Trd, 000181.150, 353
Trd, 000182.933, 343
Trd, 000183.067, 335
Trd, 000183.117, 331.0
Trd, 000183.767, 327.0
Trd, 000183.883, 324.0
Trd, 000184.017, 320.0
Trd, 000184.133, 303.0
Trd, 000185.267, 193
Trd, 000185.650, 174
Trd, 000185.850, 173
Trd, 000186.333, 203
Trd, 000187.150, 201
Trd, 000187.467, 194
Trd, 000187.833, 177
Trd, 000188.100, 196
Trd, 000190.333, 174
Trd, 000190.600, 177
Trd, 000191.050, 177
Trd, 000191.850, 175
Trd, 000192.467, 169
Trd, 000193.050, 171
Trd, 000193.133, 162
Trd, 000193.200, 171
Trd, 000193.367, 174
Trd, 000193.583, 153
Trd, 000194.767, 158
Trd, 000196.350, 176
Trd, 000196.400, 175
Trd, 000196.617, 160
Trd, 000196.883, 177
Trd, 000197.283, 169
Trd, 000198.083, 165
Trd, 000198.317, 168
Trd, 000199.617, 175
Trd, 000199.817, 188
Trd, 000200.000, 191
Trd, 000200.467, 163
Trd, 000201.383, 177
Trd, 000201.400, 156
Trd, 000203.317, 173
Trd, 000203.767, 172
Trd, 000204.267, 170
Trd, 000205.083, 168
Trd, 000206.283, 162
Trd, 000206.767, 170
Trd, 000206.817, 174
Trd, 000207.850, 167
Trd, 000208.333, 172
Trd, 000208.667, 178
Trd, 000208.950, 156
Trd, 000209.267, 165
Trd, 000209.917, 169
Trd, 000210.033, 169
Trd, 000210.567, 165
Trd, 000210.600, 179
Trd, 000212.650, 172
Trd, 000212.767, 177
Trd, 000213.283, 165
Trd, 000214.000, 176
Trd, 000214.683, 174
Trd, 000215.067, 174
Trd, 000215.133, 171
Trd, 000217.317, 170
Trd, 000217.500, 165
Trd, 000218.117, 171
Trd, 000218.700, 172
Trd, 000219.783, 170
Trd, 000220.017, 171
Trd, 000220.167, 169
Trd, 000220.783, 164
Trd, 000220.917, 172
Trd, 000221.017, 173
Trd, 000221.367, 173
Trd, 000221.683, 166
Trd, 000221.783, 174
Trd, 000221.800, 163
Trd, 000223.050, 167
Trd, 000223.767, 171
Trd, 000224.117, 167
Trd, 000224.183, 165
Trd, 000224.483, 166
Trd, 000227.067, 168
Trd, 000227.500, 165
Trd, 000227.667, 169
Trd, 000228.250, 164
Trd, 000228.883, 170
Trd, 000228.900, 170
Trd, 000229.467, 164
Trd, 000229.700, 167
Trd, 000231.867, 167
Trd, 000232.000, 166
Trd, 000233.183, 170
Trd, 000234.050, 170
Trd, 000234.483, 168
Trd, 000235.300, 167
Trd, 000236.050, 168
Trd, 000236.067, 169
Trd, 000236.200, 174
Trd, 000237.317, 179
Trd, 000238.167, 181
Trd, 000238.367, 170
Trd, 000239.383, 182
Trd, 000240.083, 179
Trd, 000240.283, 167
Trd, 000240.633, 177
Trd, 000240.883, 176
Trd, 000241.183, 175
Trd, 000241.350, 176
Trd, 000241.417, 174
Trd, 000241.600, 172
Trd, 000242.133, 172
Trd, 000243.367, 171
Trd, 000243.667, 170
Trd, 000244.017, 171
Trd, 000244.400, 170
Trd, 000244.417, 167
Trd, 000244.617, 172
Trd, 000245.033, 175
Trd, 000245.650, 174
Trd, 000245.817, 171
Trd, 000246.383, 169
Trd, 000246.717, 176
Trd, 000248.100, 177
Trd, 000248.117, 177
Trd, 000248.383, 180
Trd, 000249.800, 181
Trd, 000249.900, 183
Trd, 000250.033, 184
Trd, 000251.067, 181
Trd, 000251.100, 175
Trd, 000251.683, 180
Trd, 000252.067, 178
Trd, 000252.817, 176
Trd, 000253.050, 178
Trd, 000253.533, 177
Trd, 000253.933, 178
Trd, 000254.117, 174
Trd, 000254.317, 174
Trd, 000255.017, 182
Trd, 000256.033, 170
Trd, 000256.250, 174
Trd, 000256.933, 174
Trd, 000257.067, 171
Trd, 000257.117, 177
Trd, 000257.650, 174
Trd, 000257.783, 177
Trd, 000258.350, 176
Trd, 000258.750, 177
Trd, 000258.850, 177
Trd, 000259.467, 182
Trd, 000259.833, 180
Trd, 000260.217, 179
Trd, 000260.733, 181
Trd, 000260.750, 176
Trd, 000260.983, 175
Trd, 000261.617, 175
Trd, 000262.233, 173
Trd, 000262.250, 176
Trd, 000262.900, 177
Trd, 000263.117, 184
Trd, 000263.767, 183
Trd, 000264.100, 180
Trd, 000264.750, 184
Trd, 000265.000, 184
Trd, 000265.867, 182
Trd, 000265.983, 180
Trd, 000266.100, 183
Trd, 000266.117, 169
Trd, 000267.350, 174
Trd, 000268.667, 171
Trd, 000268.783, 171
Trd, 000269.083, 172
Trd, 000269.817, 184
Trd, 000269.850, 185
Trd, 000270.150, 185
Trd, 000270.400, 191
Trd, 000270.900, 188
Trd, 000271.067, 183
Trd, 000272.083, 188
Trd, 000273.383, 182
Trd, 000273.533, 182
Trd, 000273.983, 187
Trd, 000274.000, 188
Trd, 000274.767, 169
Trd, 000275.200, 170
Trd, 000276.267, 177
Trd, 000276.967, 172
Trd, 000277.167, 173
Trd, 000277.317, 169
Trd, 000277.750, 171
Trd, 000278.383, 176
Trd, 000278.467, 175
Trd, 000278.500, 178
Trd, 000279.083, 178
Trd, 000279.233, 180
Trd, 000280.300, 190
Trd, 000280.500, 177
Trd, 000281.083, 179
Trd, 000281.633, 183
Trd, 000281.667, 178
Trd, 000281.783, 171
Trd, 000281.883, 176
Trd, 000282.267, 189
Trd, 000282.700, 185
Trd, 000283.233, 169
Trd, 000283.333, 195
Trd, 000283.850, 172
Trd, 000284.583, 179
Trd, 000285.017, 175
Trd, 000285.950, 172
Trd, 000286.033, 172
Trd, 000286.483, 172
Trd, 000286.717, 173
Trd, 000286.900, 180
Trd, 000287.233, 171
Trd, 000287.450, 170
Trd, 000287.700, 175
Trd, 000287.717, 165
Trd, 000288.000, 185
Trd, 000288.800, 187
Trd, 000288.850, 184
Trd, 000289.533, 165
Trd, 000290.117, 178
Trd, 000290.167, 178
Trd, 000290.467, 193
Trd, 000291.217, 172
Trd, 000291.600, 170
Trd, 000292.517, 174
Trd, 000292.833, 180
Trd, 000293.383, 170
Trd, 000293.617, 179
Trd, 000293.750, 180
Trd, 000294.183, 173
Trd, 000294.783, 197
Trd, 000294.850, 210
Trd, 000295.617, 174
Trd, 000295.900, 172
Trd, 000296.650, 180
Trd, 000296.783, 179
Trd, 000296.883, 173
Trd, 000296.933, 171
Trd, 000297.233, 165
Trd, 000297.267, 161
Trd, 000297.617, 157
Trd, 000297.950, 181
Trd, 000299.300, 170
Trd, 000299.450, 190
