Trd, 000000.450, 158
Trd, 000003.483, 196
Trd, 000003.617, 193
Trd, 000003.750, 182
Trd, 000004.600, 179
Trd, 000005.167, 162
Trd, 000005.283, 151
Trd, 000005.517, 172
Trd, 000005.683, 141
Trd, 000006.150, 142
Trd, 000006.550, 163
Trd, 000007.133, 135
Trd, 000008.033, 148
Trd, 000009.400, 140
Trd, 000009.833, 149
Trd, 000010.117, 144
Trd, 000010.483, 143
Trd, 000011.400, 148
Trd, 000012.283, 144
Trd, 000013.883, 147
Trd, 000014.067, 146
Trd, 000014.367, 148
Trd, 000014.583, 147
Trd, 000014.667, 148
Trd, 000014.767, 144
Trd, 000014.783, 152
Trd, 000015.083, 153
Trd, 000016.717, 151
Trd, 000017.067, 145
Trd, 000017.967, 152
Trd, 000018.300, 142
Trd, 000019.033, 144
Trd, 000019.867, 134
Trd, 000020.300, 139
Trd, 000020.617, 139
Trd, 000020.833, 141
Trd, 000020.967, 143
Trd, 000021.867, 164
Trd, 000022.200, 162
Trd, 000022.217, 160
Trd, 000022.350, 153
Trd, 000022.900, 160
Trd, 000023.583, 160
Trd, 000024.033, 155
Trd, 000025.300, 139
Trd, 000026.217, 164
Trd, 000026.333, 162
Trd, 000026.867, 161
Trd, 000027.217, 158
Trd, 000027.517, 139
Trd, 000028.033, 133
Trd, 000028.317, 169
Trd, 000028.917, 154
Trd, 000029.350, 157
Trd, 000030.167, 147
Trd, 000030.517, 171
Trd, 000033.083, 158
Trd, 000033.200, 159
Trd, 000033.533, 159
Trd, 000033.983, 162
Trd, 000034.217, 171
Trd, 000034.417, 162
Trd, 000034.900, 161
Trd, 000035.583, 157
Trd, 000035.667, 154
Trd, 000036.567, 150
Trd, 000036.683, 148
Trd, 000036.733, 145
Trd, 000038.617, 156
Trd, 000038.783, 157
Trd, 000039.233, 157
Trd, 000039.650, 146
Trd, 000039.717, 146
Trd, 000040.783, 145
Trd, 000040.900, 144
Trd, 000041.233, 157
Trd, 000041.517, 156
Trd, 000042.533, 161
Trd, 000043.317, 159
Trd, 000043.383, 160
Trd, 000044.350, 163
Trd, 000044.517, 162
Trd, 000045.767, 162
Trd, 000046.400, 167
Trd, 000047.050, 152
Trd, 000047.300, 151
Trd, 000048.767, 167
Trd, 000049.600, 164
Trd, 000049.617, 157
Trd, 000050.483, 157
Trd, 000050.517, 144
Trd, 000051.367, 163
Trd, 000052.050, 160
Trd, 000052.683, 155
Trd, 000053.367, 165
Trd, 000053.500, 163
Trd, 000054.617, 160
Trd, 000054.917, 160
Trd, 000054.950, 144
Trd, 000055.350, 157
Trd, 000056.633, 146
Trd, 000057.417, 147
Trd, 000057.617, 157
Trd, 000057.933, 144
Trd, 000059.100, 146
Trd, 000059.967, 147
Trd, 000060.417, 154
Trd, 000061.067, 153
Trd, 000062.417, 151
Trd, 000062.733, 150
Trd, 000064.267, 152
Trd, 000064.700, 153
Trd, 000064.783, 153
Trd, 000065.900, 155
Trd, 000065.967, 158
Trd, 000066.517, 160
Trd, 000068.217, 167
Trd, 000068.350, 168
Trd, 000068.400, 165
Trd, 000068.583, 174
Trd, 000068.633, 178
Trd, 000069.917, 163
Trd, 000070.550, 169
Trd, 000070.950, 162
Trd, 000070.983, 162
Trd, 000072.367, 164
Trd, 000072.983, 164
Trd, 000073.883, 155
Trd, 000074.100, 165
Trd, 000074.617, 158
Trd, 000075.100, 162
Trd, 000075.967, 162
Trd, 000075.983, 162
Trd, 000076.100, 152
Trd, 000077.083, 162
Trd, 000077.400, 162
Trd, 000077.583, 169
Trd, 000077.850, 161
Trd, 000077.883, 160
Trd, 000079.517, 166
Trd, 000079.933, 161
Trd, 000081.017, 162
Trd, 000081.600, 160
Trd, 000082.483, 163
Trd, 000082.550, 143
Trd, 000083.800, 142
Trd, 000084.133, 144
Trd, 000084.183, 145
Trd, 000084.883, 152
Trd, 000085.100, 140
Trd, 000085.200, 156
Trd, 000085.550, 151
Trd, 000085.733, 143
Trd, 000087.350, 139
Trd, 000087.900, 150
Trd, 000088.283, 149
Trd, 000088.383, 170
Trd, 000088.783, 148
Trd, 000089.117, 169
Trd, 000090.400, 164
Trd, 000091.050, 171
Trd, 000091.967, 164
Trd, 000092.517, 165
Trd, 000092.917, 148
Trd, 000093.033, 156
Trd, 000093.150, 158
Trd, 000094.050, 149
Trd, 000094.417, 156
Trd, 000095.483, 156
Trd, 000096.433, 156
Trd, 000096.450, 161
Trd, 000097.250, 161
Trd, 000097.333, 157
Trd, 000097.867, 171
Trd, 000097.883, 177
Trd, 000099.350, 159
Trd, 000099.850, 162
Trd, 000101.167, 156
Trd, 000101.417, 161
Trd, 000101.467, 156
Trd, 000102.117, 161
Trd, 000103.283, 166
Trd, 000103.417, 172
Trd, 000104.483, 169
Trd, 000104.917, 166
Trd, 000105.583, 165
Trd, 000105.633, 174
Trd, 000106.033, 164
Trd, 000106.283, 160
Trd, 000106.433, 160
Trd, 000106.950, 162
Trd, 000109.050, 160
Trd, 000109.117, 159
Trd, 000109.983, 161
Trd, 000110.583, 162
Trd, 000110.700, 158
Trd, 000111.500, 158
Trd, 000111.983, 162
Trd, 000113.083, 162
Trd, 000113.367, 162
Trd, 000114.583, 161
Trd, 000114.950, 160
Trd, 000115.150, 152
Trd, 000115.483, 162
Trd, 000115.800, 164
Trd, 000116.083, 165
Trd, 000116.317, 156
Trd, 000117.217, 170
Trd, 000117.567, 159
Trd, 000117.683, 151
Trd, 000118.167, 165
Trd, 000119.067, 167
Trd, 000119.883, 169
Trd, 000120.033, 170
Trd, 000120.067, 164
Trd, 000120.933, 171
Trd, 000121.917, 174
Trd, 000122.517, 184
Trd, 000123.017, 186
Trd, 000123.117, 189
Trd, 000124.300, 219
Trd, 000124.417, 314
Trd, 000124.450, 341
Trd, 000124.550, 340
Trd, 000125.000, 341.0
Trd, 000126.083, 300.0
Trd, 000128.150, 324.0
Trd, 000128.567, 336.0
Trd, 000129.183, 336.0
Trd, 000129.900, 337.0
Trd, 000130.450, 335
Trd, 000130.950, 346
Trd, 000131.517, 337
Trd, 000131.783, 358.0
Trd, 000132.200, 341.0
Trd, 000132.733, 341
Trd, 000132.767, 351
Trd, 000133.083, 352
Trd, 000134.183, 347
Trd, 000134.200, 342
Trd, 000134.233, 364
Trd, 000136.850, 344
Trd, 000136.983, 342
Trd, 000137.050, 350
Trd, 000137.783, 341
Trd, 000138.700, 349
Trd, 000139.850, 350
Trd, 000140.100, 353
Trd, 000140.250, 362
Trd, 000141.100, 352
Trd, 000141.300, 352
Trd, 000141.867, 355
Trd, 000142.083, 365.0
Trd, 000142.583, 352
Trd, 000142.700, 351
Trd, 000143.567, 351.0
Trd, 000143.800, 363
Trd, 000144.200, 347
Trd, 000145.983, 363
Trd, 000146.433, 359
Trd, 000147.283, 359.0
Trd, 000147.667, 359
Trd, 000147.867, 358.0
Trd, 000147.933, 356
Trd, 000148.600, 355.0
Trd, 000148.783, 340
Trd, 000150.283, 329
Trd, 000150.300, 349
Trd, 000150.733, 350
Trd, 000150.783, 353
Trd, 000150.883, 329
Trd, 000152.717, 340.0
Trd, 000154.700, 339.0
Trd, 000155.333, 340
Trd, 000155.367, 341.0
Trd, 000155.383, 339
Trd, 000155.467, 352
Trd, 000156.267, 368.0
Trd, 000156.533, 372.0
Trd, 000157.817, 353
Trd, 000159.250, 345
Trd, 000159.400, 352
Trd, 000159.450, 353
Trd, 000159.517, 358.0
Trd, 000159.583, 343
Trd, 000159.867, 338
Trd, 000159.950, 331.0
Trd, 000160.483, 360
Trd, 000161.050, 355.0
Trd, 000161.700, 351
Trd, 000161.917, 341.0
Trd, 000162.450, 340
Trd, 000163.500, 338
Trd, 000163.733, 341.0
Trd, 000164.750, 331
Trd, 000165.033, 348
Trd, 000165.133, 354
Trd, 000166.000, 350
Trd, 000167.467, 349
Trd, 000167.867, 357.0
Trd, 000168.067, 355.0
Trd, 000168.317, 352.0
Trd, 000170.083, 359.0
Trd, 000170.100, 360
Trd, 000170.400, 358.0
Trd, 000170.667, 351.0
Trd, 000171.917, 352
Trd, 000172.150, 354
Trd, 000173.200, 356
Trd, 000173.483, 355
Trd, 000173.933, 357
Trd, 000174.233, 340
Trd, 000174.917, 359
Trd, 000175.950, 356
Trd, 000176.767, 357
Trd, 000176.967, 358
Trd, 000177.317, 363
Trd, 000177.683, 339.0
Trd, 000178.267, 357
Trd, 000178.867, 340.0
Trd, 000180.333, 340
Trd, 000180.417, 341.0
Trd, 000180.517, 355
Trd, 000181.417, 339.0
Trd, 000181.733, 353
Trd, 000182.317, 336
Trd, 000182.333, 331.0
Trd, 000182.400, 322
Trd, 000183.583, 299
Trd, 000183.683, 274
Trd, 000183.767, 211
Trd, 000183.783, 200
Trd, 000184.483, 297
Trd, 000185.600, 197
Trd, 000186.017, 181
Trd, 000186.367, 180
Trd, 000187.600, 175
Trd, 000187.867, 181
Trd, 000188.083, 183
Trd, 000188.783, 192
Trd, 000189.400, 178
Trd, 000189.817, 177
Trd, 000191.000, 176
Trd, 000191.867, 175
Trd, 000191.983, 174
Trd, 000193.100, 176
Trd, 000193.550, 177
Trd, 000193.633, 171
Trd, 000193.967, 170
Trd, 000194.050, 159
Trd, 000194.700, 170
Trd, 000195.050, 176
Trd, 000195.350, 181
Trd, 000195.717, 175
Trd, 000196.300, 167
Trd, 000196.883, 175
Trd, 000197.500, 175
Trd, 000198.167, 171
Trd, 000199.333, 186
Trd, 000199.367, 187
Trd, 000200.367, 161
Trd, 000200.683, 184
Trd, 000201.750, 179
Trd, 000204.050, 181
Trd, 000204.100, 176
Trd, 000204.933, 178
Trd, 000205.667, 180
Trd, 000206.333, 182
Trd, 000206.583, 176
Trd, 000206.867, 171
Trd, 000207.917, 162
Trd, 000208.033, 176
Trd, 000208.567, 163
Trd, 000208.583, 174
Trd, 000209.283, 176
Trd, 000209.733, 159
Trd, 000209.850, 177
Trd, 000210.850, 160
Trd, 000211.850, 159
Trd, 000212.450, 158
Trd, 000212.533, 162
Trd, 000213.467, 158
Trd, 000215.067, 160
Trd, 000215.233, 180
Trd, 000215.333, 163
Trd, 000216.450, 161
Trd, 000217.217, 168
Trd, 000217.983, 164
Trd, 000219.000, 163
Trd, 000219.350, 164
Trd, 000219.667, 164
Trd, 000220.067, 173
Trd, 000220.667, 165
Trd, 000220.683, 183
Trd, 000220.783, 164
Trd, 000221.400, 184
Trd, 000221.767, 177
Trd, 000222.250, 163
Trd, 000222.583, 163
Trd, 000223.217, 165
Trd, 000223.250, 164
Trd, 000224.867, 159
Trd, 000225.217, 162
Trd, 000225.350, 162
Trd, 000225.433, 164
Trd, 000226.000, 160
Trd, 000227.050, 173
Trd, 000227.450, 181
Trd, 000227.833, 183
Trd, 000230.200, 182
Trd, 000230.550, 181
Trd, 000230.967, 183
Trd, 000231.067, 182
Trd, 000231.217, 178
Trd, 000231.383, 174
Trd, 000231.617, 185
Trd, 000231.650, 191
Trd, 000231.700, 167
Trd, 000231.933, 195
Trd, 000232.067, 167
Trd, 000233.217, 170
Trd, 000233.917, 167
Trd, 000234.083, 164
Trd, 000235.333, 162
Trd, 000235.733, 166
Trd, 000236.717, 173
Trd, 000236.783, 174
Trd, 000236.967, 176
Trd, 000237.250, 177
Trd, 000237.433, 164
Trd, 000238.350, 179
Trd, 000239.783, 165
Trd, 000240.350, 175
Trd, 000240.967, 175
Trd, 000241.267, 170
Trd, 000241.433, 169
Trd, 000241.617, 174
Trd, 000241.983, 173
Trd, 000242.417, 175
Trd, 000243.167, 190
Trd, 000243.450, 189
Trd, 000243.900, 186
Trd, 000244.500, 183
Trd, 000244.533, 186
Trd, 000244.767, 167
Trd, 000245.850, 182
Trd, 000245.967, 187
Trd, 000246.183, 167
Trd, 000247.333, 172
Trd, 000247.883, 177
Trd, 000247.983, 179
Trd, 000248.217, 170
Trd, 000248.383, 182
Trd, 000249.383, 170
Trd, 000249.833, 181
Trd, 000250.367, 185
Trd, 000250.467, 184
Trd, 000250.767, 184
Trd, 000251.267, 186
Trd, 000251.467, 182
Trd, 000251.817, 185
Trd, 000253.467, 185
Trd, 000254.000, 183
Trd, 000254.050, 184
Trd, 000254.283, 183
Trd, 000254.583, 183
Trd, 000255.683, 180
Trd, 000255.817, 185
Trd, 000256.300, 183
Trd, 000256.650, 184
Trd, 000257.117, 176
Trd, 000257.433, 184
Trd, 000257.833, 181
Trd, 000258.250, 182
Trd, 000258.617, 184
Trd, 000258.883, 186
Trd, 000259.833, 185
Trd, 000259.850, 184
Trd, 000260.633, 186
Trd, 000260.817, 183
Trd, 000262.233, 190
Trd, 000262.517, 182
Trd, 000263.450, 183
Trd, 000264.367, 180
Trd, 000264.400, 177
Trd, 000265.100, 174
Trd, 000265.933, 177
Trd, 000266.217, 175
Trd, 000266.333, 180
Trd, 000266.517, 174
Trd, 000266.950, 180
Trd, 000266.983, 180
Trd, 000267.433, 185
Trd, 000267.883, 184
Trd, 000268.050, 184
Trd, 000268.750, 188
Trd, 000268.933, 183
Trd, 000269.317, 189
Trd, 000269.417, 175
Trd, 000269.483, 186
Trd, 000270.333, 176
Trd, 000270.583, 176
Trd, 000271.117, 182
Trd, 000271.900, 189
Trd, 000272.217, 181
Trd, 000273.367, 177
Trd, 000273.533, 183
Trd, 000274.117, 179
Trd, 000274.800, 184
Trd, 000275.167, 183
Trd, 000275.883, 190
Trd, 000275.900, 192
Trd, 000275.933, 195
Trd, 000276.400, 190
Trd, 000276.717, 185
Trd, 000277.017, 185
Trd, 000277.217, 186
Trd, 000277.850, 186
Trd, 000278.000, 188
Trd, 000278.967, 182
Trd, 000279.083, 186
Trd, 000279.633, 179
Trd, 000279.933, 176
Trd, 000280.450, 171
Trd, 000280.517, 184
Trd, 000281.533, 181
Trd, 000281.683, 176
Trd, 000282.750, 180
Trd, 000282.950, 174
Trd, 000283.017, 180
Trd, 000283.067, 180
Trd, 000283.367, 169
Trd, 000284.233, 190
Trd, 000284.500, 169
Trd, 000284.883, 191
Trd, 000285.550, 188
Trd, 000285.817, 192
Trd, 000286.417, 182
Trd, 000286.683, 181
Trd, 000286.783, 180
Trd, 000287.633, 185
Trd, 000288.050, 188
Trd, 000288.483, 186
Trd, 000288.667, 187
Trd, 000289.483, 193
Trd, 000289.983, 187
Trd, 000290.150, 189
Trd, 000290.617, 184
Trd, 000291.533, 191
Trd, 000291.850, 180
Trd, 000292.017, 193
Trd, 000292.283, 179
Trd, 000293.467, 191
Trd, 000293.933, 193
Trd, 000294.183, 179
Trd, 000294.450, 194
Trd, 000294.933, 194
Trd, 000295.500, 195
Trd, 000295.517, 188
Trd, 000296.450, 189
Trd, 000296.883, 187
Trd, 000296.900, 192
Trd, 000297.317, 190
Trd, 000297.383, 191
Trd, 000297.867, 188
Trd, 000297.900, 192
Trd, 000298.400, 184
Trd, 000298.467, 193
Trd, 000299.350, 185
Trd, 000299.683, 194
