Trd, 000001.617, 115
Trd, 000002.117, 141
Trd, 000002.650, 163
Trd, 000003.483, 179
Trd, 000003.783, 162
Trd, 000004.317, 164
Trd, 000005.083, 162
Trd, 000005.500, 168
Trd, 000005.583, 161
Trd, 000006.217, 142
Trd, 000006.950, 166
Trd, 000009.000, 160
Trd, 000009.617, 159
Trd, 000010.750, 158
Trd, 000011.900, 159
Trd, 000012.400, 159
Trd, 000012.600, 158
Trd, 000013.300, 160
Trd, 000013.933, 159
Trd, 000014.267, 159
Trd, 000014.400, 159
Trd, 000014.600, 160
Trd, 000014.767, 158
Trd, 000015.633, 159
Trd, 000016.650, 159
Trd, 000017.300, 158
Trd, 000017.500, 158
Trd, 000018.150, 157
Trd, 000018.517, 157
Trd, 000019.900, 153
Trd, 000019.933, 150
Trd, 000020.817, 154
Trd, 000022.117, 153
Trd, 000022.267, 152
Trd, 000022.300, 154
Trd, 000023.650, 148
Trd, 000023.983, 147
Trd, 000024.967, 149
Trd, 000025.183, 152
Trd, 000025.833, 151
Trd, 000026.700, 152
Trd, 000026.900, 152
Trd, 000026.933, 150
Trd, 000027.583, 150
Trd, 000027.867, 152
Trd, 000028.800, 150
Trd, 000029.550, 152
Trd, 000030.067, 151
Trd, 000031.183, 150
Trd, 000031.733, 152
Trd, 000032.267, 150
Trd, 000032.883, 150
Trd, 000033.000, 149
Trd, 000033.183, 151
Trd, 000034.333, 150
Trd, 000035.133, 151
Trd, 000035.150, 153
Trd, 000036.467, 153
Trd, 000036.650, 152
Trd, 000038.200, 154
Trd, 000038.300, 155
Trd, 000038.850, 155
Trd, 000038.933, 157
Trd, 000039.350, 158
Trd, 000040.167, 157
Trd, 000041.433, 156
Trd, 000042.333, 156
Trd, 000042.650, 156
Trd, 000043.200, 156
Trd, 000043.617, 155
Trd, 000044.700, 157
Trd, 000045.433, 155
Trd, 000045.483, 154
Trd, 000045.967, 157
Trd, 000047.733, 155
Trd, 000047.750, 154
Trd, 000047.833, 153
Trd, 000048.533, 155
Trd, 000048.600, 154
Trd, 000049.550, 154
Trd, 000049.917, 153
Trd, 000050.783, 153
Trd, 000050.967, 154
Trd, 000051.267, 153
Trd, 000051.633, 152
Trd, 000052.083, 153
Trd, 000052.467, 154
Trd, 000053.667, 153
Trd, 000054.133, 153
Trd, 000054.750, 152
Trd, 000055.167, 153
Trd, 000055.567, 152
Trd, 000055.617, 153
Trd, 000056.350, 153
Trd, 000056.417, 153
Trd, 000056.933, 152
Trd, 000057.033, 151
Trd, 000057.100, 156
Trd, 000057.467, 151
Trd, 000057.733, 151
Trd, 000059.233, 156
Trd, 000060.183, 158
Trd, 000061.333, 157
Trd, 000061.733, 172
Trd, 000062.467, 163
Trd, 000063.250, 166
Trd, 000064.233, 158
Trd, 000064.783, 159
Trd, 000066.100, 158
Trd, 000066.250, 159
Trd, 000066.383, 157
Trd, 000066.917, 159
Trd, 000067.900, 159
Trd, 000068.383, 159
Trd, 000068.983, 160
Trd, 000069.050, 160
Trd, 000069.750, 159
Trd, 000070.850, 159
Trd, 000071.283, 158
Trd, 000071.450, 159
Trd, 000072.483, 157
Trd, 000072.750, 158
Trd, 000073.000, 155
Trd, 000073.700, 154
Trd, 000074.333, 154
Trd, 000074.633, 153
Trd, 000074.650, 154
Trd, 000075.033, 155
Trd, 000075.233, 155
Trd, 000077.067, 155
Trd, 000077.883, 158
Trd, 000078.183, 157
Trd, 000079.167, 158
Trd, 000079.300, 156
Trd, 000079.600, 158
Trd, 000079.833, 156
Trd, 000081.600, 156
Trd, 000081.617, 157
Trd, 000081.900, 156
Trd, 000083.300, 157
Trd, 000084.017, 155
Trd, 000084.300, 152
Trd, 000084.533, 156
Trd, 000085.400, 155
Trd, 000086.050, 155
Trd, 000086.200, 159
Trd, 000086.317, 158
Trd, 000086.750, 157
Trd, 000086.967, 156
Trd, 000088.550, 157
Trd, 000088.700, 158
Trd, 000088.833, 159
Trd, 000088.967, 156
Trd, 000090.133, 156
Trd, 000091.083, 156
Trd, 000091.217, 158
Trd, 000091.650, 158
Trd, 000092.100, 157
Trd, 000092.400, 157
Trd, 000092.467, 158
Trd, 000093.100, 158
Trd, 000093.233, 157
Trd, 000093.500, 157
Trd, 000094.517, 157
Trd, 000095.150, 158
Trd, 000096.367, 158
Trd, 000096.850, 158
Trd, 000097.650, 165
Trd, 000097.967, 162
Trd, 000098.333, 157
Trd, 000098.383, 161
Trd, 000099.883, 161
Trd, 000100.017, 160
Trd, 000100.683, 159
Trd, 000100.867, 159
Trd, 000102.017, 161
Trd, 000102.217, 158
Trd, 000103.733, 161
Trd, 000103.767, 158
Trd, 000104.817, 159
Trd, 000104.950, 158
Trd, 000105.433, 158
Trd, 000105.650, 159
Trd, 000105.667, 157
Trd, 000106.067, 157
Trd, 000106.567, 158
Trd, 000107.983, 156
Trd, 000108.983, 163
Trd, 000109.333, 162
Trd, 000109.583, 164
Trd, 000110.067, 163
Trd, 000110.600, 162
Trd, 000111.017, 161
Trd, 000111.917, 162
Trd, 000112.500, 162
Trd, 000113.033, 162
Trd, 000113.083, 161
Trd, 000113.733, 164
Trd, 000113.950, 161
Trd, 000114.017, 159
Trd, 000114.750, 161
Trd, 000115.683, 161
Trd, 000117.250, 161
Trd, 000117.883, 161
Trd, 000118.933, 162
Trd, 000119.067, 162
Trd, 000119.683, 160
Trd, 000119.750, 160
Trd, 000120.017, 160
Trd, 000120.133, 159
Trd, 000120.800, 159
Trd, 000121.200, 160
Trd, 000121.300, 161
Trd, 000121.317, 163
Trd, 000122.317, 166
Trd, 000123.150, 198
Trd, 000123.333, 214
Trd, 000123.600, 170
Trd, 000123.917, 271
Trd, 000124.117, 274
Trd, 000124.433, 289
Trd, 000124.867, 290
Trd, 000124.933, 300.0
Trd, 000124.950, 317.0
Trd, 000125.083, 254
Trd, 000125.350, 320.0
Trd, 000126.000, 349
Trd, 000126.067, 350
Trd, 000126.950, 353
Trd, 000128.117, 359
Trd, 000129.400, 353
Trd, 000130.067, 351.0
Trd, 000131.867, 353
Trd, 000131.900, 354
Trd, 000131.950, 357
Trd, 000132.533, 351
Trd, 000132.933, 349
Trd, 000133.000, 352
Trd, 000133.983, 352
Trd, 000134.633, 351
Trd, 000135.333, 350
Trd, 000136.083, 350
Trd, 000137.783, 350
Trd, 000138.917, 350
Trd, 000139.317, 349
Trd, 000139.650, 348.0
Trd, 000141.600, 350
Trd, 000141.900, 351
Trd, 000142.167, 349
Trd, 000142.567, 348.0
Trd, 000143.600, 348
Trd, 000144.350, 348
Trd, 000144.867, 347.0
Trd, 000145.833, 348
Trd, 000145.983, 348
Trd, 000146.300, 347
Trd, 000146.467, 349
Trd, 000147.667, 347
Trd, 000148.017, 346
Trd, 000148.433, 345
Trd, 000149.033, 347
Trd, 000149.067, 349
Trd, 000149.683, 347
Trd, 000150.150, 346.0
Trd, 000150.700, 349
Trd, 000151.467, 348
Trd, 000152.183, 346
Trd, 000153.083, 348
Trd, 000153.917, 347.0
Trd, 000154.150, 347
Trd, 000155.217, 348.0
Trd, 000155.567, 349
Trd, 000156.233, 349
Trd, 000156.533, 349
Trd, 000156.783, 350
Trd, 000158.883, 350
Trd, 000159.400, 348.0
Trd, 000159.783, 347
Trd, 000160.300, 345.0
Trd, 000160.600, 348.0
Trd, 000162.017, 347
Trd, 000162.950, 344.0
Trd, 000164.917, 345
Trd, 000165.567, 345
Trd, 000165.683, 346
Trd, 000165.850, 345
Trd, 000166.000, 346
Trd, 000166.100, 348.0
Trd, 000166.567, 349
Trd, 000167.333, 349
Trd, 000167.417, 348.0
Trd, 000168.350, 351
Trd, 000168.667, 350
Trd, 000168.700, 351
Trd, 000169.017, 355
Trd, 000170.350, 349
Trd, 000170.400, 352
Trd, 000170.850, 351.0
Trd, 000171.283, 350
Trd, 000172.367, 351
Trd, 000172.883, 344.0
Trd, 000173.950, 347
Trd, 000174.733, 347.0
Trd, 000175.283, 347.0
Trd, 000176.000, 349
Trd, 000176.383, 348.0
Trd, 000176.650, 350.0
Trd, 000177.317, 348
Trd, 000178.133, 348.0
Trd, 000178.683, 350
Trd, 000178.783, 349
Trd, 000178.833, 349
Trd, 000178.883, 344.0
Trd, 000180.650, 348
Trd, 000180.833, 348.0
Trd, 000181.717, 348
Trd, 000182.550, 347
Trd, 000183.333, 344.0
Trd, 000184.283, 342
Trd, 000184.400, 341.0
Trd, 000184.450, 331.0
Trd, 000185.000, 325
Trd, 000185.067, 200
Trd, 000185.133, 197
Trd, 000185.217, 201
Trd, 000185.450, 186
Trd, 000185.667, 166
Trd, 000186.883, 184
Trd, 000187.567, 165
Trd, 000188.050, 165
Trd, 000188.300, 165
Trd, 000188.567, 164
Trd, 000188.617, 165
Trd, 000189.083, 166
Trd, 000189.267, 167
Trd, 000190.533, 168
Trd, 000191.417, 167
Trd, 000191.767, 167
Trd, 000191.817, 168
Trd, 000192.967, 168
Trd, 000193.783, 170
Trd, 000193.983, 169
Trd, 000194.383, 170
Trd, 000194.567, 170
Trd, 000195.300, 168
Trd, 000195.600, 169
Trd, 000196.067, 168
Trd, 000196.250, 167
Trd, 000196.400, 168
Trd, 000196.583, 168
Trd, 000196.800, 169
Trd, 000196.883, 167
Trd, 000198.483, 168
Trd, 000199.233, 169
Trd, 000199.317, 168
Trd, 000199.567, 169
Trd, 000201.133, 169
Trd, 000201.567, 169
Trd, 000201.683, 168
Trd, 000201.783, 168
Trd, 000202.817, 168
Trd, 000204.317, 168
Trd, 000204.583, 168
Trd, 000205.383, 167
Trd, 000205.400, 168
Trd, 000205.900, 169
Trd, 000206.517, 169
Trd, 000206.767, 186
Trd, 000207.167, 174
Trd, 000207.450, 168
Trd, 000207.517, 171
Trd, 000208.883, 191
Trd, 000209.833, 188
Trd, 000209.850, 182
Trd, 000210.633, 181
Trd, 000212.033, 177
Trd, 000212.483, 176
Trd, 000212.533, 179
Trd, 000212.550, 185
Trd, 000213.283, 178
Trd, 000214.600, 185
Trd, 000214.950, 186
Trd, 000215.617, 183
Trd, 000216.617, 184
Trd, 000217.150, 183
Trd, 000217.483, 182
Trd, 000217.517, 181
Trd, 000219.233, 182
Trd, 000219.450, 182
Trd, 000220.567, 182
Trd, 000221.467, 182
Trd, 000222.150, 183
Trd, 000222.183, 185
Trd, 000222.433, 182
Trd, 000223.483, 183
Trd, 000223.517, 182
Trd, 000224.900, 180
Trd, 000225.333, 179
Trd, 000225.817, 179
Trd, 000226.733, 180
Trd, 000226.917, 181
Trd, 000227.633, 178
Trd, 000227.783, 179
Trd, 000228.000, 179
Trd, 000229.250, 179
Trd, 000229.350, 178
Trd, 000230.000, 179
Trd, 000230.950, 177
Trd, 000231.617, 177
Trd, 000233.333, 176
Trd, 000234.167, 177
Trd, 000234.367, 177
Trd, 000234.400, 175
Trd, 000235.467, 175
Trd, 000236.117, 175
Trd, 000236.233, 175
Trd, 000236.583, 175
Trd, 000237.333, 175
Trd, 000237.550, 175
Trd, 000238.383, 174
Trd, 000238.517, 174
Trd, 000238.650, 175
Trd, 000239.867, 174
Trd, 000240.150, 173
Trd, 000240.433, 172
Trd, 000240.667, 174
Trd, 000241.250, 173
Trd, 000241.500, 173
Trd, 000241.867, 173
Trd, 000242.500, 173
Trd, 000242.933, 173
Trd, 000243.467, 172
Trd, 000243.567, 172
Trd, 000243.683, 172
Trd, 000243.700, 171
Trd, 000243.983, 173
Trd, 000245.000, 172
Trd, 000245.617, 171
Trd, 000245.967, 172
Trd, 000246.400, 172
Trd, 000246.517, 172
Trd, 000246.533, 171
Trd, 000246.583, 171
Trd, 000246.817, 172
Trd, 000246.950, 173
Trd, 000248.033, 171
Trd, 000249.283, 174
Trd, 000249.400, 175
Trd, 000249.433, 175
Trd, 000249.867, 176
Trd, 000249.917, 176
Trd, 000250.100, 177
Trd, 000250.417, 176
Trd, 000251.333, 176
Trd, 000251.883, 177
Trd, 000252.050, 176
Trd, 000252.317, 176
Trd, 000253.000, 179
Trd, 000253.500, 184
Trd, 000253.733, 182
Trd, 000254.067, 181
Trd, 000254.367, 180
Trd, 000254.700, 179
Trd, 000254.900, 181
Trd, 000255.083, 182
Trd, 000255.783, 178
Trd, 000255.817, 178
Trd, 000256.717, 178
Trd, 000257.100, 179
Trd, 000257.383, 180
Trd, 000257.750, 182
Trd, 000259.633, 193
Trd, 000259.717, 195
Trd, 000260.250, 194
Trd, 000260.283, 194
Trd, 000260.967, 193
Trd, 000261.133, 190
Trd, 000261.400, 187
Trd, 000261.817, 188
Trd, 000262.333, 188
Trd, 000262.350, 188
Trd, 000263.100, 188
Trd, 000263.267, 189
Trd, 000263.767, 187
Trd, 000264.133, 187
Trd, 000264.300, 188
Trd, 000264.683, 184
Trd, 000265.383, 187
Trd, 000265.533, 186
Trd, 000266.300, 185
Trd, 000266.700, 186
Trd, 000267.250, 186
Trd, 000267.883, 182
Trd, 000268.683, 181
Trd, 000268.967, 180
Trd, 000269.383, 179
Trd, 000270.617, 185
Trd, 000271.033, 185
Trd, 000271.183, 184
Trd, 000271.400, 181
Trd, 000271.517, 185
Trd, 000271.783, 180
Trd, 000271.883, 178
Trd, 000274.517, 182
Trd, 000274.650, 182
Trd, 000274.700, 179
Trd, 000275.050, 178
Trd, 000275.250, 178
Trd, 000275.350, 180
Trd, 000276.017, 179
Trd, 000276.417, 178
Trd, 000276.467, 180
Trd, 000276.517, 179
Trd, 000276.967, 178
Trd, 000277.567, 179
Trd, 000277.617, 179
Trd, 000278.050, 178
Trd, 000278.067, 177
Trd, 000278.517, 177
Trd, 000278.950, 179
Trd, 000279.450, 175
Trd, 000279.733, 179
Trd, 000279.783, 187
Trd, 000279.850, 176
Trd, 000280.950, 181
Trd, 000281.183, 182
Trd, 000282.000, 182
Trd, 000282.950, 193
Trd, 000282.983, 188
Trd, 000283.650, 187
Trd, 000283.950, 187
Trd, 000284.483, 185
Trd, 000284.633, 188
Trd, 000285.833, 188
Trd, 000285.867, 187
Trd, 000286.150, 189
Trd, 000286.717, 194
Trd, 000287.067, 195
Trd, 000287.317, 193
Trd, 000287.683, 192
Trd, 000288.983, 188
Trd, 000289.000, 184
Trd, 000289.450, 189
Trd, 000289.600, 189
Trd, 000289.700, 189
Trd, 000290.117, 188
Trd, 000290.167, 189
Trd, 000290.633, 188
Trd, 000291.317, 186
Trd, 000291.467, 189
Trd, 000291.550, 184
Trd, 000291.867, 189
Trd, 000292.233, 189
Trd, 000293.267, 180
Trd, 000293.433, 199
Trd, 000293.733, 177
Trd, 000294.000, 173
Trd, 000294.050, 178
Trd, 000294.417, 195
Trd, 000294.667, 193
Trd, 000295.383, 186
Trd, 000297.433, 189
Trd, 000297.583, 191
Trd, 000298.283, 188
Trd, 000298.617, 182
