Trd, 000000.567, 151
Trd, 000001.267, 111
Trd, 000001.650, 162
Trd, 000002.583, 196
Trd, 000004.300, 167
Trd, 000004.850, 145
Trd, 000005.483, 157
Trd, 000005.817, 162
Trd, 000005.850, 164
Trd, 000005.917, 166
Trd, 000006.267, 145
Trd, 000006.483, 150
Trd, 000006.767, 154
Trd, 000007.100, 156
Trd, 000007.933, 157
Trd, 000009.100, 156
Trd, 000009.367, 155
Trd, 000009.800, 152
Trd, 000010.267, 149
Trd, 000010.933, 153
Trd, 000011.300, 153
Trd, 000011.383, 150
Trd, 000012.483, 149
Trd, 000012.633, 149
Trd, 000013.933, 145
Trd, 000013.950, 146
Trd, 000014.033, 147
Trd, 000014.067, 134
Trd, 000014.467, 145
Trd, 000014.517, 147
Trd, 000015.700, 143
Trd, 000015.817, 145
Trd, 000016.550, 135
Trd, 000017.100, 141
Trd, 000017.700, 142
Trd, 000017.917, 152
Trd, 000018.300, 154
Trd, 000019.083, 136
Trd, 000019.250, 139
Trd, 000019.267, 139
Trd, 000019.950, 147
Trd, 000020.117, 140
Trd, 000020.667, 139
Trd, 000021.850, 140
Trd, 000022.183, 138
Trd, 000022.600, 143
Trd, 000022.650, 145
Trd, 000023.317, 136
Trd, 000023.600, 147
Trd, 000023.717, 153
Trd, 000024.883, 146
Trd, 000025.383, 145
Trd, 000025.483, 146
Trd, 000025.667, 139
Trd, 000026.467, 145
Trd, 000027.300, 168
Trd, 000027.400, 181
Trd, 000027.800, 153
Trd, 000028.567, 152
Trd, 000029.183, 153
Trd, 000030.533, 154
Trd, 000030.783, 154
Trd, 000030.933, 155
Trd, 000031.083, 152
Trd, 000031.167, 151
Trd, 000031.550, 154
Trd, 000032.400, 149
Trd, 000032.433, 142
Trd, 000033.350, 145
Trd, 000033.967, 146
Trd, 000034.233, 152
Trd, 000034.700, 147
Trd, 000034.983, 145
Trd, 000035.117, 147
Trd, 000035.800, 148
Trd, 000035.900, 141
Trd, 000036.083, 148
Trd, 000036.583, 149
Trd, 000036.900, 150
Trd, 000037.233, 144
Trd, 000037.250, 153
Trd, 000038.783, 145
Trd, 000039.050, 152
Trd, 000039.150, 145
Trd, 000039.300, 144
Trd, 000039.833, 154
Trd, 000040.667, 155
Trd, 000042.217, 155
Trd, 000042.383, 143
Trd, 000043.000, 145
Trd, 000043.683, 150
Trd, 000044.283, 145
Trd, 000044.633, 141
Trd, 000045.033, 150
Trd, 000045.267, 141
Trd, 000046.283, 142
Trd, 000046.617, 143
Trd, 000047.050, 140
Trd, 000047.817, 150
Trd, 000048.533, 154
Trd, 000048.783, 165
Trd, 000050.167, 153
Trd, 000050.300, 152
Trd, 000050.350, 153
Trd, 000051.150, 153
Trd, 000051.583, 151
Trd, 000051.817, 148
Trd, 000052.117, 149
Trd, 000052.517, 149
Trd, 000053.000, 147
Trd, 000053.017, 147
Trd, 000053.267, 149
Trd, 000053.617, 147
Trd, 000054.017, 155
Trd, 000055.400, 146
Trd, 000055.900, 152
Trd, 000056.050, 156
Trd, 000056.483, 150
Trd, 000056.617, 171
Trd, 000056.650, 181
Trd, 000056.817, 150
Trd, 000057.550, 160
Trd, 000058.083, 187
Trd, 000058.750, 168
Trd, 000058.883, 175
Trd, 000059.733, 168
Trd, 000060.083, 167
Trd, 000061.217, 157
Trd, 000061.367, 163
Trd, 000061.417, 163
Trd, 000061.500, 163
Trd, 000062.167, 158
Trd, 000062.200, 162
Trd, 000062.867, 157
Trd, 000063.833, 154
Trd, 000064.217, 158
Trd, 000064.617, 158
Trd, 000065.450, 158
Trd, 000066.417, 159
Trd, 000066.467, 158
Trd, 000067.333, 159
Trd, 000067.367, 157
Trd, 000069.033, 158
Trd, 000069.133, 156
Trd, 000069.267, 158
Trd, 000069.483, 147
Trd, 000069.750, 159
Trd, 000070.250, 134
Trd, 000070.650, 154
Trd, 000070.817, 155
Trd, 000071.050, 159
Trd, 000071.133, 150
Trd, 000071.383, 158
Trd, 000072.717, 158
Trd, 000073.333, 155
Trd, 000073.950, 157
Trd, 000073.983, 158
Trd, 000074.833, 158
Trd, 000074.883, 155
Trd, 000076.217, 154
Trd, 000076.700, 157
Trd, 000076.900, 158
Trd, 000077.100, 159
Trd, 000077.800, 159
Trd, 000078.100, 160
Trd, 000078.133, 155
Trd, 000079.150, 162
Trd, 000079.567, 159
Trd, 000080.900, 160
Trd, 000081.967, 160
Trd, 000082.083, 160
Trd, 000082.333, 159
Trd, 000082.633, 170
Trd, 000083.133, 158
Trd, 000083.633, 156
Trd, 000084.267, 161
Trd, 000085.450, 157
Trd, 000085.533, 160
Trd, 000086.200, 161
Trd, 000086.367, 161
Trd, 000086.767, 157
Trd, 000087.283, 160
Trd, 000088.150, 160
Trd, 000088.250, 161
Trd, 000088.350, 161
Trd, 000088.400, 159
Trd, 000088.633, 157
Trd, 000088.750, 157
Trd, 000089.850, 161
Trd, 000090.367, 161
Trd, 000091.400, 158
Trd, 000091.933, 157
Trd, 000093.150, 160
Trd, 000093.850, 156
Trd, 000094.517, 159
Trd, 000094.567, 156
Trd, 000094.767, 155
Trd, 000095.283, 157
Trd, 000095.450, 158
Trd, 000095.500, 156
Trd, 000095.750, 158
Trd, 000095.783, 155
Trd, 000096.867, 159
Trd, 000097.100, 152
Trd, 000097.300, 146
Trd, 000097.583, 159
Trd, 000098.167, 152
Trd, 000098.317, 161
Trd, 000099.833, 161
Trd, 000099.950, 161
Trd, 000100.750, 161
Trd, 000101.000, 157
Trd, 000101.683, 161
Trd, 000102.217, 157
Trd, 000102.433, 157
Trd, 000102.683, 161
Trd, 000103.483, 172
Trd, 000103.717, 175
Trd, 000104.917, 168
Trd, 000104.950, 171
Trd, 000106.100, 167
Trd, 000106.317, 167
Trd, 000106.350, 164
Trd, 000106.567, 167
Trd, 000106.867, 159
Trd, 000107.683, 162
Trd, 000108.400, 162
Trd, 000108.633, 160
Trd, 000109.350, 159
Trd, 000109.450, 163
Trd, 000109.933, 161
Trd, 000110.083, 147
Trd, 000110.250, 161
Trd, 000110.517, 162
Trd, 000110.867, 162
Trd, 000111.450, 160
Trd, 000111.750, 162
Trd, 000113.567, 162
Trd, 000114.300, 162
Trd, 000114.500, 162
Trd, 000114.567, 171
Trd, 000115.383, 167
Trd, 000116.083, 169
Trd, 000116.417, 163
Trd, 000116.533, 171
Trd, 000116.650, 173
Trd, 000117.217, 163
Trd, 000117.917, 172
Trd, 000118.100, 162
Trd, 000119.633, 163
Trd, 000119.850, 171
Trd, 000119.967, 173
Trd, 000120.533, 174
Trd, 000121.050, 175
Trd, 000121.200, 168
Trd, 000121.333, 168
Trd, 000121.500, 175
Trd, 000121.800, 192
Trd, 000122.917, 192
Trd, 000123.200, 194
Trd, 000123.217, 198
Trd, 000123.600, 206
Trd, 000123.667, 348
Trd, 000124.383, 229
Trd, 000125.033, 341
Trd, 000125.183, 362.0
Trd, 000126.400, 334.0
Trd, 000126.450, 331
Trd, 000126.783, 336.0
Trd, 000127.200, 337.0
Trd, 000127.317, 339
Trd, 000127.833, 341
Trd, 000127.983, 343
Trd, 000128.133, 343
Trd, 000128.600, 344
Trd, 000129.333, 345
Trd, 000129.817, 342
Trd, 000131.750, 343
Trd, 000132.050, 344
Trd, 000132.083, 345
Trd, 000132.317, 351.0
Trd, 000132.733, 362.0
Trd, 000133.333, 372
Trd, 000133.800, 360
Trd, 000134.117, 354
Trd, 000134.317, 370
Trd, 000135.533, 362
Trd, 000137.450, 355
Trd, 000138.000, 353
Trd, 000138.333, 359
Trd, 000138.917, 352
Trd, 000139.450, 360
Trd, 000140.967, 354
Trd, 000141.033, 351.0
Trd, 000141.783, 351
Trd, 000142.083, 355
Trd, 000142.767, 357
Trd, 000143.383, 354
Trd, 000143.917, 351.0
Trd, 000144.450, 350
Trd, 000144.500, 348
Trd, 000144.917, 356
Trd, 000145.200, 348.0
Trd, 000145.400, 347
Trd, 000145.850, 348
Trd, 000146.000, 328
Trd, 000146.650, 344
Trd, 000147.267, 345
Trd, 000148.467, 342
Trd, 000148.833, 339
Trd, 000148.917, 337.0
Trd, 000149.517, 337
Trd, 000149.883, 342
Trd, 000150.117, 342
Trd, 000151.050, 337.0
Trd, 000152.000, 339
Trd, 000152.033, 341
Trd, 000152.083, 344
Trd, 000152.233, 346
Trd, 000154.183, 342
Trd, 000154.783, 339
Trd, 000155.200, 336
Trd, 000155.817, 342
Trd, 000156.383, 337.0
Trd, 000156.800, 335
Trd, 000156.867, 344
Trd, 000157.267, 337
Trd, 000158.350, 342
Trd, 000158.883, 339
Trd, 000159.350, 336
Trd, 000159.517, 332
Trd, 000159.783, 335
Trd, 000159.817, 336.0
Trd, 000160.133, 337.0
Trd, 000160.467, 345
Trd, 000161.850, 351.0
Trd, 000162.083, 336
Trd, 000163.067, 336
Trd, 000163.200, 335
Trd, 000164.183, 337.0
Trd, 000164.767, 341
Trd, 000165.000, 347
Trd, 000165.150, 334
Trd, 000165.183, 362.0
Trd, 000165.517, 348
Trd, 000165.650, 364
Trd, 000166.267, 362.0
Trd, 000168.100, 364
Trd, 000168.117, 363
Trd, 000169.333, 338
Trd, 000169.467, 351.0
Trd, 000169.567, 337.0
Trd, 000170.017, 345
Trd, 000170.067, 350
Trd, 000170.400, 333.0
Trd, 000170.483, 327.0
Trd, 000170.700, 334.0
Trd, 000170.967, 351
Trd, 000171.467, 332
Trd, 000171.667, 354
Trd, 000171.750, 355
Trd, 000172.883, 359
Trd, 000174.050, 351.0
Trd, 000174.767, 360
Trd, 000175.033, 353
Trd, 000175.383, 354
Trd, 000175.600, 348.0
Trd, 000175.900, 347
Trd, 000176.233, 355
Trd, 000176.350, 356
Trd, 000176.717, 342
Trd, 000177.017, 329
Trd, 000177.333, 328.0
Trd, 000177.400, 337
Trd, 000177.717, 360.0
Trd, 000178.033, 345
Trd, 000179.833, 337.0
Trd, 000180.133, 340
Trd, 000180.583, 340
Trd, 000181.183, 345
Trd, 000181.750, 336
Trd, 000181.767, 335
Trd, 000181.900, 327.0
Trd, 000182.300, 324.0
Trd, 000182.650, 308
Trd, 000183.350, 250
Trd, 000184.017, 206
Trd, 000184.100, 188
Trd, 000184.483, 183
Trd, 000184.583, 207
Trd, 000185.000, 180
Trd, 000185.300, 181
Trd, 000185.750, 172
Trd, 000185.800, 169
Trd, 000186.050, 195
Trd, 000187.633, 184
Trd, 000187.667, 186
Trd, 000188.600, 187
Trd, 000189.117, 172
Trd, 000189.517, 170
Trd, 000190.983, 176
Trd, 000191.050, 179
Trd, 000192.167, 174
Trd, 000192.183, 173
Trd, 000192.417, 172
Trd, 000192.633, 176
Trd, 000192.883, 177
Trd, 000192.933, 180
Trd, 000193.050, 170
Trd, 000196.133, 177
Trd, 000196.167, 169
Trd, 000196.483, 177
Trd, 000197.283, 171
Trd, 000198.267, 172
Trd, 000198.600, 175
Trd, 000199.417, 172
Trd, 000199.433, 171
Trd, 000200.000, 172
Trd, 000200.150, 174
Trd, 000200.817, 170
Trd, 000201.250, 174
Trd, 000201.517, 170
Trd, 000201.900, 175
Trd, 000202.100, 170
Trd, 000203.367, 174
Trd, 000203.683, 176
Trd, 000203.733, 170
Trd, 000204.267, 169
Trd, 000205.183, 174
Trd, 000205.667, 173
Trd, 000205.850, 177
Trd, 000206.017, 171
Trd, 000206.300, 182
Trd, 000206.883, 170
Trd, 000207.150, 168
Trd, 000207.583, 178
Trd, 000207.683, 179
Trd, 000208.350, 179
Trd, 000208.500, 180
Trd, 000209.167, 172
Trd, 000209.450, 183
Trd, 000209.767, 183
Trd, 000211.417, 183
Trd, 000211.550, 184
Trd, 000211.700, 180
Trd, 000211.950, 176
Trd, 000213.133, 184
Trd, 000213.400, 179
Trd, 000213.950, 175
Trd, 000214.183, 175
Trd, 000215.700, 175
Trd, 000215.867, 176
Trd, 000215.933, 172
Trd, 000216.183, 178
Trd, 000217.300, 178
Trd, 000217.850, 178
Trd, 000218.833, 174
Trd, 000218.867, 175
Trd, 000220.600, 176
Trd, 000220.633, 177
Trd, 000220.817, 173
Trd, 000221.283, 173
Trd, 000222.250, 179
Trd, 000222.417, 184
Trd, 000222.983, 175
Trd, 000223.217, 184
Trd, 000223.750, 187
Trd, 000224.133, 181
Trd, 000225.317, 183
Trd, 000225.633, 181
Trd, 000226.267, 183
Trd, 000226.817, 182
Trd, 000227.017, 181
Trd, 000227.467, 180
Trd, 000227.917, 182
Trd, 000228.000, 182
Trd, 000228.250, 177
Trd, 000228.383, 184
Trd, 000229.317, 183
Trd, 000229.717, 176
Trd, 000230.233, 174
Trd, 000230.567, 160
Trd, 000231.617, 174
Trd, 000231.683, 172
Trd, 000232.250, 184
Trd, 000232.367, 151
Trd, 000233.000, 174
Trd, 000233.983, 171
Trd, 000234.783, 166
Trd, 000234.900, 174
Trd, 000235.067, 165
Trd, 000235.217, 165
Trd, 000235.550, 169
Trd, 000235.967, 169
Trd, 000236.000, 185
Trd, 000236.750, 176
Trd, 000237.400, 176
Trd, 000237.433, 175
Trd, 000237.750, 177
Trd, 000238.467, 167
Trd, 000238.733, 176
Trd, 000238.900, 178
Trd, 000239.833, 186
Trd, 000240.633, 188
Trd, 000240.667, 186
Trd, 000241.133, 177
Trd, 000241.433, 173
Trd, 000242.400, 179
Trd, 000242.700, 177
Trd, 000242.967, 174
Trd, 000243.350, 180
Trd, 000243.450, 172
Trd, 000244.300, 175
Trd, 000244.417, 177
Trd, 000244.433, 180
Trd, 000244.550, 181
Trd, 000245.317, 179
Trd, 000245.483, 174
Trd, 000245.917, 176
Trd, 000246.017, 176
Trd, 000246.333, 174
Trd, 000247.383, 172
Trd, 000247.950, 165
Trd, 000248.567, 173
Trd, 000248.983, 172
Trd, 000249.050, 174
Trd, 000249.100, 177
Trd, 000249.300, 169
Trd, 000249.500, 177
Trd, 000250.317, 171
Trd, 000250.583, 172
Trd, 000250.950, 171
Trd, 000251.167, 176
Trd, 000251.850, 174
Trd, 000252.433, 173
Trd, 000252.767, 175
Trd, 000253.817, 171
Trd, 000253.917, 175
Trd, 000254.117, 176
Trd, 000254.933, 171
Trd, 000255.383, 170
Trd, 000255.433, 171
Trd, 000255.450, 168
Trd, 000255.683, 173
Trd, 000256.367, 172
Trd, 000256.950, 169
Trd, 000257.350, 170
Trd, 000257.733, 171
Trd, 000258.000, 169
Trd, 000258.283, 171
Trd, 000258.650, 173
Trd, 000259.683, 169
Trd, 000260.233, 169
Trd, 000260.467, 173
Trd, 000260.517, 168
Trd, 000260.983, 167
Trd, 000261.000, 177
Trd, 000261.500, 177
Trd, 000261.833, 177
Trd, 000262.533, 180
Trd, 000262.750, 184
Trd, 000263.600, 177
Trd, 000263.683, 178
Trd, 000263.867, 179
Trd, 000264.217, 175
Trd, 000264.500, 173
Trd, 000264.533, 180
Trd, 000264.967, 171
Trd, 000265.567, 176
Trd, 000267.100, 175
Trd, 000267.150, 176
Trd, 000267.283, 175
Trd, 000267.400, 184
Trd, 000268.450, 181
Trd, 000269.200, 175
Trd, 000269.250, 174
Trd, 000270.050, 174
Trd, 000270.067, 174
Trd, 000270.217, 178
Trd, 000270.767, 170
Trd, 000270.833, 176
Trd, 000271.333, 169
Trd, 000271.683, 168
Trd, 000272.417, 178
Trd, 000272.500, 167
Trd, 000273.317, 164
Trd, 000274.167, 164
Trd, 000274.383, 160
Trd, 000274.417, 166
Trd, 000275.000, 175
Trd, 000275.033, 165
Trd, 000276.050, 170
Trd, 000276.500, 169
Trd, 000276.800, 170
Trd, 000277.167, 167
Trd, 000277.617, 172
Trd, 000277.833, 174
Trd, 000277.917, 173
Trd, 000278.583, 169
Trd, 000280.067, 173
Trd, 000280.483, 171
Trd, 000280.717, 175
Trd, 000281.000, 176
Trd, 000281.350, 169
Trd, 000281.567, 170
Trd, 000281.817, 178
Trd, 000282.117, 179
Trd, 000282.400, 178
Trd, 000282.850, 177
Trd, 000283.050, 179
Trd, 000283.767, 185
Trd, 000283.783, 174
Trd, 000284.867, 181
Trd, 000285.333, 182
Trd, 000285.533, 176
Trd, 000285.867, 174
Trd, 000286.750, 180
Trd, 000287.767, 180
Trd, 000287.817, 181
Trd, 000288.200, 186
Trd, 000288.717, 193
Trd, 000288.800, 191
Trd, 000288.933, 183
Trd, 000289.000, 190
Trd, 000289.217, 183
Trd, 000289.967, 191
Trd, 000290.433, 187
Trd, 000290.517, 184
Trd, 000291.000, 189
Trd, 000291.267, 188
Trd, 000291.383, 191
Trd, 000292.533, 185
Trd, 000292.867, 186
Trd, 000292.967, 183
Trd, 000293.350, 190
Trd, 000293.483, 190
Trd, 000293.917, 178
Trd, 000293.983, 179
Trd, 000294.467, 171
Trd, 000294.567, 170
Trd, 000294.717, 180
Trd, 000294.850, 187
Trd, 000295.267, 177
Trd, 000295.550, 179
Trd, 000295.783, 180
Trd, 000296.117, 179
Trd, 000296.417, 176
Trd, 000297.883, 179
Trd, 000298.167, 177
Trd, 000298.317, 166
Trd, 000298.517, 179
Trd, 000299.333, 164
Trd, 000299.500, 161
