Trd, 000002.917, 154
Trd, 000003.017, 155
Trd, 000003.433, 157
Trd, 000004.033, 151
Trd, 000004.450, 178
Trd, 000004.483, 170
Trd, 000004.767, 155
Trd, 000004.817, 148
Trd, 000005.217, 144
Trd, 000006.500, 152
Trd, 000006.833, 151
Trd, 000007.033, 157
Trd, 000007.117, 159
Trd, 000008.233, 160
Trd, 000008.900, 155
Trd, 000008.983, 159
Trd, 000009.567, 154
Trd, 000011.000, 156
Trd, 000011.167, 154
Trd, 000011.433, 165
Trd, 000012.317, 152
Trd, 000012.450, 149
Trd, 000013.567, 152
Trd, 000013.900, 150
Trd, 000014.467, 158
Trd, 000014.933, 159
Trd, 000015.150, 159
Trd, 000015.250, 152
Trd, 000015.350, 152
Trd, 000016.617, 156
Trd, 000017.467, 154
Trd, 000017.483, 152
Trd, 000017.650, 158
Trd, 000018.817, 158
Trd, 000018.867, 159
Trd, 000019.350, 153
Trd, 000019.850, 153
Trd, 000020.183, 157
Trd, 000021.483, 157
Trd, 000022.433, 155
Trd, 000022.783, 154
Trd, 000023.450, 158
Trd, 000023.533, 160
Trd, 000023.600, 160
Trd, 000024.633, 160
Trd, 000024.867, 155
Trd, 000025.467, 154
Trd, 000026.600, 153
Trd, 000026.967, 169
Trd, 000027.433, 170
Trd, 000027.483, 171
Trd, 000028.533, 160
Trd, 000030.167, 157
Trd, 000030.417, 170
Trd, 000031.167, 156
Trd, 000031.200, 166
Trd, 000032.067, 155
Trd, 000032.983, 160
Trd, 000034.767, 159
Trd, 000034.950, 156
Trd, 000035.083, 159
Trd, 000035.383, 155
Trd, 000035.833, 159
Trd, 000036.150, 157
Trd, 000036.467, 159
Trd, 000037.533, 161
Trd, 000038.333, 165
Trd, 000038.450, 162
Trd, 000038.467, 168
Trd, 000038.950, 158
Trd, 000039.367, 165
Trd, 000039.450, 166
Trd, 000039.533, 164
Trd, 000041.000, 160
Trd, 000041.300, 166
Trd, 000042.967, 157
Trd, 000043.383, 160
Trd, 000043.917, 158
Trd, 000043.983, 159
Trd, 000044.183, 157
Trd, 000044.333, 155
Trd, 000045.417, 155
Trd, 000045.617, 153
Trd, 000046.517, 146
Trd, 000046.700, 155
Trd, 000047.350, 155
Trd, 000048.300, 146
Trd, 000049.533, 149
Trd, 000050.167, 152
Trd, 000050.667, 151
Trd, 000051.267, 160
Trd, 000051.800, 153
Trd, 000051.983, 152
Trd, 000053.150, 155
Trd, 000053.267, 160
Trd, 000054.417, 161
Trd, 000055.550, 170
Trd, 000056.067, 161
Trd, 000056.100, 162
Trd, 000056.317, 171
Trd, 000056.550, 173
Trd, 000058.267, 164
Trd, 000058.433, 167
Trd, 000058.650, 159
Trd, 000059.067, 162
Trd, 000059.617, 157
Trd, 000061.817, 162
Trd, 000061.917, 158
Trd, 000062.150, 158
Trd, 000062.217, 161
Trd, 000063.383, 164
Trd, 000063.567, 171
Trd, 000063.933, 159
Trd, 000063.983, 174
Trd, 000064.900, 164
Trd, 000065.483, 159
Trd, 000065.517, 164
Trd, 000065.650, 166
Trd, 000066.000, 157
Trd, 000066.633, 158
Trd, 000067.650, 165
Trd, 000068.400, 159
Trd, 000070.183, 167
Trd, 000070.333, 168
Trd, 000071.067, 160
Trd, 000071.167, 165
Trd, 000071.367, 165
Trd, 000071.800, 168
Trd, 000072.550, 168
Trd, 000072.633, 169
Trd, 000074.917, 167
Trd, 000075.900, 163
Trd, 000076.150, 165
Trd, 000076.817, 162
Trd, 000077.683, 162
Trd, 000078.100, 161
Trd, 000078.517, 160
Trd, 000078.933, 164
Trd, 000079.167, 159
Trd, 000079.667, 162
Trd, 000080.517, 162
Trd, 000080.717, 173
Trd, 000081.550, 170
Trd, 000082.050, 171
Trd, 000082.833, 163
Trd, 000083.633, 161
Trd, 000083.833, 161
Trd, 000084.283, 164
Trd, 000084.433, 168
Trd, 000084.667, 161
Trd, 000085.267, 160
Trd, 000086.350, 160
Trd, 000086.617, 159
Trd, 000086.867, 156
Trd, 000087.517, 162
Trd, 000088.150, 164
Trd, 000088.300, 164
Trd, 000089.000, 164
Trd, 000089.017, 159
Trd, 000089.717, 165
Trd, 000089.850, 166
Trd, 000089.867, 156
Trd, 000091.783, 159
Trd, 000091.900, 165
Trd, 000092.900, 159
Trd, 000093.650, 163
Trd, 000093.817, 161
Trd, 000093.833, 164
Trd, 000095.867, 162
Trd, 000096.617, 163
Trd, 000096.717, 164
Trd, 000097.217, 165
Trd, 000098.783, 162
Trd, 000098.900, 161
Trd, 000099.100, 165
Trd, 000099.250, 162
Trd, 000099.417, 166
Trd, 000100.917, 165
Trd, 000101.067, 166
Trd, 000101.883, 162
Trd, 000102.133, 168
Trd, 000102.700, 161
Trd, 000103.400, 154
Trd, 000103.800, 158
Trd, 000104.383, 162
Trd, 000104.900, 162
Trd, 000104.933, 161
Trd, 000105.200, 165
Trd, 000105.300, 160
Trd, 000105.450, 159
Trd, 000105.950, 165
Trd, 000107.383, 162
Trd, 000107.500, 165
Trd, 000108.433, 160
Trd, 000108.867, 167
Trd, 000109.433, 160
Trd, 000109.783, 169
Trd, 000111.350, 178
Trd, 000111.383, 164
Trd, 000112.183, 164
Trd, 000113.433, 164
Trd, 000114.083, 165
Trd, 000114.233, 162
Trd, 000114.750, 166
Trd, 000114.933, 166
Trd, 000115.500, 161
Trd, 000115.933, 166
Trd, 000116.350, 162
Trd, 000117.233, 177
Trd, 000118.367, 164
Trd, 000118.433, 163
Trd, 000118.883, 176
Trd, 000119.067, 179
Trd, 000119.483, 176
Trd, 000120.333, 180
Trd, 000120.550, 188
Trd, 000121.233, 165
Trd, 000121.450, 164
Trd, 000121.750, 178
Trd, 000122.083, 187
Trd, 000122.767, 171
Trd, 000123.300, 190
Trd, 000123.533, 198
Trd, 000123.600, 205
Trd, 000123.667, 215
Trd, 000124.033, 326
Trd, 000124.767, 344.0
Trd, 000125.650, 341
Trd, 000125.983, 346
Trd, 000126.250, 344.0
Trd, 000126.283, 337.0
Trd, 000126.317, 355.0
Trd, 000127.083, 358.0
Trd, 000127.117, 355
Trd, 000128.133, 348.0
Trd, 000128.283, 356
Trd, 000128.883, 346
Trd, 000130.633, 352.0
Trd, 000131.883, 351.0
Trd, 000132.183, 348
Trd, 000133.100, 345.0
Trd, 000133.883, 351.0
Trd, 000134.400, 355.0
Trd, 000134.483, 358.0
Trd, 000134.683, 354
Trd, 000135.483, 351
Trd, 000136.100, 344.0
Trd, 000136.467, 355
Trd, 000136.900, 355
Trd, 000137.050, 351.0
Trd, 000137.283, 340
Trd, 000138.150, 344.0
Trd, 000138.500, 349
Trd, 000139.317, 349
Trd, 000140.183, 351
Trd, 000142.183, 349
Trd, 000142.217, 348.0
Trd, 000144.133, 348
Trd, 000144.317, 347
Trd, 000144.533, 349
Trd, 000144.550, 352
Trd, 000145.067, 345
Trd, 000145.667, 344.0
Trd, 000145.717, 349
Trd, 000145.917, 358.0
Trd, 000146.883, 365.0
Trd, 000147.350, 351.0
Trd, 000147.583, 345.0
Trd, 000148.433, 360
Trd, 000148.567, 359
Trd, 000148.800, 357
Trd, 000149.250, 361.0
Trd, 000149.950, 355
Trd, 000150.317, 360
Trd, 000150.383, 355
Trd, 000151.583, 361
Trd, 000152.050, 351
Trd, 000153.150, 354
Trd, 000153.700, 348.0
Trd, 000154.283, 349
Trd, 000155.467, 351.0
Trd, 000156.600, 354
Trd, 000157.600, 351
Trd, 000157.867, 352
Trd, 000157.917, 354
Trd, 000158.167, 351
Trd, 000158.350, 355.0
Trd, 000158.633, 348.0
Trd, 000159.683, 351.0
Trd, 000159.967, 357
Trd, 000160.333, 352
Trd, 000160.633, 357.0
Trd, 000161.050, 344.0
Trd, 000161.783, 358.0
Trd, 000162.500, 357
Trd, 000163.083, 348
Trd, 000164.533, 344.0
Trd, 000164.783, 349
Trd, 000165.700, 347
Trd, 000167.083, 349
Trd, 000167.250, 353
Trd, 000167.317, 363
Trd, 000167.717, 365.0
Trd, 000167.733, 348
Trd, 000167.850, 368.0
Trd, 000169.833, 356
Trd, 000169.967, 349.0
Trd, 000170.083, 347.0
Trd, 000171.033, 347
Trd, 000171.217, 358
Trd, 000171.900, 358.0
Trd, 000172.567, 347
Trd, 000172.600, 344.0
Trd, 000173.133, 340
Trd, 000174.283, 351.0
Trd, 000175.817, 352
Trd, 000175.833, 352
Trd, 000176.000, 354
Trd, 000176.683, 355
Trd, 000177.133, 367.0
Trd, 000177.650, 352
Trd, 000179.183, 375
Trd, 000179.267, 354
Trd, 000179.833, 356
Trd, 000180.367, 354
Trd, 000180.483, 361
Trd, 000181.367, 351.0
Trd, 000181.817, 361
Trd, 000182.483, 349.0
Trd, 000182.567, 348.0
Trd, 000183.183, 344.0
Trd, 000183.333, 340
Trd, 000183.417, 327.0
Trd, 000183.733, 317.0
Trd, 000183.783, 227
Trd, 000184.917, 214
Trd, 000185.150, 204
Trd, 000185.233, 170
Trd, 000185.800, 182
Trd, 000186.317, 208
Trd, 000187.483, 208
Trd, 000187.867, 178
Trd, 000188.417, 202
Trd, 000188.617, 185
Trd, 000190.917, 180
Trd, 000191.600, 182
Trd, 000191.617, 170
Trd, 000193.083, 173
Trd, 000193.683, 169
Trd, 000193.783, 170
Trd, 000194.050, 177
Trd, 000195.500, 176
Trd, 000197.283, 174
Trd, 000197.500, 173
Trd, 000197.767, 183
Trd, 000199.083, 179
Trd, 000199.650, 178
Trd, 000200.300, 184
Trd, 000201.383, 177
Trd, 000201.967, 175
Trd, 000202.617, 174
Trd, 000204.017, 175
Trd, 000204.783, 174
Trd, 000205.233, 176
Trd, 000205.500, 177
Trd, 000206.183, 176
Trd, 000206.233, 173
Trd, 000206.283, 172
Trd, 000206.467, 177
Trd, 000207.517, 177
Trd, 000207.883, 171
Trd, 000207.933, 170
Trd, 000208.433, 177
Trd, 000208.633, 171
Trd, 000209.717, 178
Trd, 000209.783, 171
Trd, 000209.850, 168
Trd, 000210.133, 177
Trd, 000210.883, 175
Trd, 000211.200, 177
Trd, 000211.717, 179
Trd, 000212.700, 179
Trd, 000212.850, 183
Trd, 000213.800, 183
Trd, 000214.083, 186
Trd, 000214.750, 184
Trd, 000214.983, 184
Trd, 000215.133, 186
Trd, 000216.383, 182
Trd, 000216.450, 180
Trd, 000216.817, 175
Trd, 000217.433, 174
Trd, 000218.517, 175
Trd, 000218.533, 174
Trd, 000220.250, 173
Trd, 000221.167, 166
Trd, 000221.383, 175
Trd, 000221.417, 177
Trd, 000221.533, 178
Trd, 000222.033, 179
Trd, 000222.550, 180
Trd, 000222.933, 187
Trd, 000224.183, 174
Trd, 000224.500, 173
Trd, 000224.517, 177
Trd, 000224.933, 173
Trd, 000226.500, 177
Trd, 000227.617, 176
Trd, 000229.717, 176
Trd, 000230.183, 179
Trd, 000230.450, 174
Trd, 000230.733, 180
Trd, 000231.233, 174
Trd, 000231.250, 180
Trd, 000231.317, 183
Trd, 000231.817, 173
Trd, 000232.817, 188
Trd, 000233.367, 191
Trd, 000235.500, 179
Trd, 000235.783, 179
Trd, 000236.000, 176
Trd, 000236.033, 181
Trd, 000236.167, 181
Trd, 000236.417, 175
Trd, 000236.917, 174
Trd, 000237.083, 184
Trd, 000237.100, 171
Trd, 000237.150, 171
Trd, 000237.767, 175
Trd, 000237.783, 191
Trd, 000238.250, 198
Trd, 000240.200, 175
Trd, 000240.267, 174
Trd, 000240.750, 175
Trd, 000241.267, 178
Trd, 000241.767, 174
Trd, 000242.083, 179
Trd, 000242.100, 173
Trd, 000242.550, 173
Trd, 000242.617, 176
Trd, 000243.200, 172
Trd, 000243.383, 177
Trd, 000244.900, 172
Trd, 000244.950, 173
Trd, 000245.350, 173
Trd, 000245.583, 175
Trd, 000245.900, 172
Trd, 000246.450, 172
Trd, 000246.483, 175
Trd, 000246.683, 180
Trd, 000246.800, 171
Trd, 000247.517, 183
Trd, 000247.700, 171
Trd, 000248.050, 173
Trd, 000250.233, 174
Trd, 000250.350, 177
Trd, 000250.983, 183
Trd, 000251.167, 174
Trd, 000252.100, 173
Trd, 000252.133, 181
Trd, 000252.383, 190
Trd, 000253.533, 173
Trd, 000253.567, 175
Trd, 000253.833, 180
Trd, 000253.850, 176
Trd, 000254.300, 175
Trd, 000254.333, 173
Trd, 000254.850, 169
Trd, 000255.100, 183
Trd, 000255.117, 193
Trd, 000255.900, 169
Trd, 000256.617, 169
Trd, 000256.867, 168
Trd, 000257.317, 170
Trd, 000257.983, 169
Trd, 000258.100, 170
Trd, 000258.133, 175
Trd, 000258.383, 172
Trd, 000258.883, 169
Trd, 000259.217, 173
Trd, 000259.400, 181
Trd, 000260.017, 174
Trd, 000261.150, 174
Trd, 000261.433, 173
Trd, 000261.667, 175
Trd, 000262.533, 176
Trd, 000262.600, 176
Trd, 000262.850, 166
Trd, 000263.167, 170
Trd, 000263.300, 170
Trd, 000264.650, 170
Trd, 000265.067, 174
Trd, 000265.200, 181
Trd, 000265.350, 172
Trd, 000265.450, 181
Trd, 000265.733, 173
Trd, 000265.983, 170
Trd, 000266.667, 173
Trd, 000267.633, 173
Trd, 000268.233, 172
Trd, 000268.517, 180
Trd, 000268.800, 185
Trd, 000269.183, 188
Trd, 000269.750, 192
Trd, 000270.000, 185
Trd, 000270.100, 182
Trd, 000270.300, 180
Trd, 000270.483, 175
Trd, 000270.667, 176
Trd, 000271.700, 181
Trd, 000272.300, 185
Trd, 000272.433, 176
Trd, 000274.683, 188
Trd, 000274.817, 188
Trd, 000275.217, 187
Trd, 000275.583, 178
Trd, 000275.850, 180
Trd, 000276.017, 171
Trd, 000276.433, 180
Trd, 000276.617, 174
Trd, 000276.683, 167
Trd, 000277.050, 177
Trd, 000277.850, 171
Trd, 000277.967, 183
Trd, 000278.067, 185
Trd, 000278.650, 174
Trd, 000279.050, 166
Trd, 000279.467, 179
Trd, 000280.483, 167
Trd, 000280.683, 172
Trd, 000281.450, 165
Trd, 000281.650, 167
Trd, 000282.333, 169
Trd, 000283.133, 186
Trd, 000283.333, 196
Trd, 000283.550, 180
Trd, 000283.650, 204
Trd, 000283.800, 178
Trd, 000284.817, 181
Trd, 000284.867, 178
Trd, 000285.333, 176
Trd, 000285.683, 178
Trd, 000285.850, 175
Trd, 000286.433, 172
Trd, 000286.450, 175
Trd, 000286.533, 183
Trd, 000287.800, 179
Trd, 000287.950, 177
Trd, 000288.500, 173
Trd, 000288.883, 177
Trd, 000289.500, 178
Trd, 000289.767, 178
Trd, 000290.450, 177
Trd, 000290.717, 176
Trd, 000291.083, 182
Trd, 000291.567, 181
Trd, 000292.350, 180
Trd, 000292.950, 187
Trd, 000292.967, 179
Trd, 000293.533, 179
Trd, 000293.700, 192
Trd, 000294.367, 177
Trd, 000294.700, 176
Trd, 000294.783, 169
Trd, 000295.667, 169
Trd, 000295.983, 170
Trd, 000296.900, 181
Trd, 000296.917, 182
Trd, 000297.267, 184
Trd, 000297.867, 184
Trd, 000298.750, 180
Trd, 000298.767, 185
Trd, 000298.950, 181
