Trd, 000001.433, 155
Trd, 000001.850, 189
Trd, 000002.317, 196
Trd, 000002.783, 148
Trd, 000003.950, 145
Trd, 000004.067, 144
Trd, 000004.367, 150
Trd, 000005.083, 150
Trd, 000005.800, 150
Trd, 000007.067, 150
Trd, 000007.133, 151
Trd, 000008.267, 152
Trd, 000008.400, 149
Trd, 000009.683, 151
Trd, 000010.150, 148
Trd, 000010.517, 163
Trd, 000011.050, 163
Trd, 000011.900, 169
Trd, 000012.083, 151
Trd, 000012.300, 149
Trd, 000012.683, 158
Trd, 000013.250, 150
Trd, 000014.283, 159
Trd, 000015.150, 158
Trd, 000015.283, 156
Trd, 000015.517, 154
Trd, 000015.967, 155
Trd, 000017.350, 149
Trd, 000017.633, 162
Trd, 000017.817, 155
Trd, 000018.833, 153
Trd, 000019.300, 164
Trd, 000020.533, 164
Trd, 000020.717, 158
Trd, 000022.067, 168
Trd, 000022.467, 164
Trd, 000022.717, 168
Trd, 000022.967, 164
Trd, 000023.617, 167
Trd, 000023.867, 163
Trd, 000024.833, 164
Trd, 000025.400, 165
Trd, 000026.250, 162
Trd, 000026.483, 161
Trd, 000027.067, 163
Trd, 000027.200, 165
Trd, 000027.250, 170
Trd, 000028.233, 159
Trd, 000028.883, 169
Trd, 000029.150, 160
Trd, 000029.600, 158
Trd, 000029.983, 159
Trd, 000030.250, 158
Trd, 000032.067, 158
Trd, 000032.383, 162
Trd, 000032.733, 163
Trd, 000033.433, 178
Trd, 000033.817, 159
Trd, 000034.100, 158
Trd, 000035.000, 157
Trd, 000036.083, 146
Trd, 000036.100, 143
Trd, 000036.483, 138
Trd, 000036.867, 156
Trd, 000037.083, 160
Trd, 000038.950, 156
Trd, 000039.167, 157
Trd, 000039.217, 156
Trd, 000039.250, 160
Trd, 000040.017, 158
Trd, 000040.533, 158
Trd, 000041.417, 159
Trd, 000041.800, 157
Trd, 000042.317, 155
Trd, 000042.350, 166
Trd, 000042.800, 172
Trd, 000042.867, 179
Trd, 000043.900, 159
Trd, 000044.267, 157
Trd, 000044.350, 152
Trd, 000045.133, 144
Trd, 000045.667, 147
Trd, 000046.633, 139
Trd, 000046.683, 138
Trd, 000046.817, 147
Trd, 000047.767, 147
Trd, 000048.467, 148
Trd, 000049.133, 156
Trd, 000049.950, 141
Trd, 000050.083, 154
Trd, 000050.867, 166
Trd, 000050.883, 141
Trd, 000051.117, 167
Trd, 000051.550, 154
Trd, 000054.183, 139
Trd, 000054.517, 154
Trd, 000055.233, 151
Trd, 000055.967, 151
Trd, 000056.683, 150
Trd, 000057.483, 151
Trd, 000057.717, 147
Trd, 000057.867, 149
Trd, 000058.283, 148
Trd, 000058.650, 161
Trd, 000058.967, 149
Trd, 000059.133, 157
Trd, 000059.817, 153
Trd, 000061.450, 154
Trd, 000061.917, 155
Trd, 000062.033, 149
Trd, 000062.150, 174
Trd, 000062.817, 155
Trd, 000063.000, 154
Trd, 000063.900, 156
Trd, 000064.400, 157
Trd, 000065.450, 161
Trd, 000065.600, 159
Trd, 000066.450, 161
Trd, 000066.783, 175
Trd, 000067.550, 160
Trd, 000067.867, 162
Trd, 000068.717, 164
Trd, 000069.333, 155
Trd, 000069.850, 163
Trd, 000070.950, 167
Trd, 000070.983, 162
Trd, 000071.667, 149
Trd, 000072.067, 147
Trd, 000072.600, 163
Trd, 000072.950, 145
Trd, 000074.317, 159
Trd, 000075.450, 162
Trd, 000075.717, 165
Trd, 000076.217, 163
Trd, 000077.600, 164
Trd, 000078.400, 166
Trd, 000079.600, 165
Trd, 000079.700, 163
Trd, 000080.083, 164
Trd, 000080.550, 163
Trd, 000080.617, 165
Trd, 000080.967, 163
Trd, 000082.333, 162
Trd, 000082.433, 168
Trd, 000082.467, 161
Trd, 000082.600, 161
Trd, 000082.750, 156
Trd, 000083.150, 149
Trd, 000083.967, 160
Trd, 000084.167, 143
Trd, 000085.550, 159
Trd, 000086.200, 159
Trd, 000087.133, 157
Trd, 000087.167, 160
Trd, 000087.350, 157
Trd, 000087.450, 156
Trd, 000087.717, 170
Trd, 000088.183, 176
Trd, 000089.083, 159
Trd, 000090.067, 165
Trd, 000090.400, 167
Trd, 000090.550, 159
Trd, 000091.200, 159
Trd, 000092.550, 159
Trd, 000093.517, 169
Trd, 000094.050, 171
Trd, 000094.217, 162
Trd, 000094.817, 161
Trd, 000096.017, 166
Trd, 000096.800, 166
Trd, 000096.900, 166
Trd, 000097.183, 168
Trd, 000097.267, 165
Trd, 000097.350, 158
Trd, 000098.500, 161
Trd, 000099.167, 162
Trd, 000099.767, 162
Trd, 000101.117, 162
Trd, 000101.700, 165
Trd, 000101.717, 161
Trd, 000101.983, 166
Trd, 000102.217, 167
Trd, 000102.433, 171
Trd, 000103.167, 168
Trd, 000103.483, 170
Trd, 000103.817, 165
Trd, 000104.617, 163
Trd, 000106.067, 164
Trd, 000106.333, 164
Trd, 000106.533, 162
Trd, 000107.717, 167
Trd, 000108.117, 166
Trd, 000108.267, 167
Trd, 000108.417, 163
Trd, 000109.750, 164
Trd, 000109.883, 161
Trd, 000110.667, 166
Trd, 000111.033, 164
Trd, 000111.317, 159
Trd, 000112.967, 164
Trd, 000113.183, 166
Trd, 000113.567, 162
Trd, 000115.000, 166
Trd, 000115.467, 166
Trd, 000115.533, 173
Trd, 000115.733, 163
Trd, 000115.967, 164
Trd, 000116.233, 163
Trd, 000117.083, 160
Trd, 000117.200, 180
Trd, 000119.317, 167
Trd, 000119.833, 156
Trd, 000120.300, 156
Trd, 000120.917, 162
Trd, 000121.450, 162
Trd, 000122.050, 163
Trd, 000122.317, 161
Trd, 000122.883, 160
Trd, 000123.317, 163
Trd, 000123.467, 174
Trd, 000123.500, 180
Trd, 000124.050, 167
Trd, 000124.333, 209
Trd, 000125.033, 306.0
Trd, 000125.417, 302.0
Trd, 000125.500, 313.0
Trd, 000125.600, 332
Trd, 000125.717, 337.0
Trd, 000126.183, 328
Trd, 000127.133, 351.0
Trd, 000128.650, 351
Trd, 000128.750, 351.0
Trd, 000128.800, 348.0
Trd, 000130.683, 345
Trd, 000131.533, 344
Trd, 000131.617, 345
Trd, 000131.750, 349
Trd, 000131.783, 351.0
Trd, 000132.917, 346
Trd, 000133.067, 346
Trd, 000133.483, 338
Trd, 000133.583, 355
Trd, 000134.417, 355.0
Trd, 000135.617, 333
Trd, 000135.833, 337.0
Trd, 000136.100, 335.0
Trd, 000136.700, 339.0
Trd, 000136.950, 362.0
Trd, 000137.350, 334.0
Trd, 000138.417, 348
Trd, 000138.717, 355.0
Trd, 000139.050, 337
Trd, 000140.833, 348.0
Trd, 000142.550, 349
Trd, 000143.133, 351.0
Trd, 000143.300, 351
Trd, 000143.550, 342
Trd, 000145.983, 349
Trd, 000146.000, 348
Trd, 000146.033, 348.0
Trd, 000146.117, 346
Trd, 000146.417, 349
Trd, 000147.483, 350
Trd, 000147.767, 351.0
Trd, 000148.133, 350
Trd, 000148.333, 350
Trd, 000148.750, 360.0
Trd, 000149.600, 349
Trd, 000149.917, 346
Trd, 000150.083, 345
Trd, 000150.933, 348.0
Trd, 000151.100, 360.0
Trd, 000151.850, 360.0
Trd, 000152.050, 348.0
Trd, 000152.317, 362.0
Trd, 000153.650, 356.0
Trd, 000154.067, 355.0
Trd, 000154.517, 354
Trd, 000154.983, 354
Trd, 000155.467, 355
Trd, 000155.633, 348
Trd, 000156.717, 345
Trd, 000157.950, 339
Trd, 000158.300, 345
Trd, 000159.200, 335.0
Trd, 000159.283, 344
Trd, 000160.100, 337
Trd, 000161.017, 348.0
Trd, 000161.283, 347.0
Trd, 000161.700, 348.0
Trd, 000163.383, 346
Trd, 000164.250, 351.0
Trd, 000164.550, 347
Trd, 000164.933, 364
Trd, 000165.433, 348
Trd, 000165.467, 347
Trd, 000166.017, 343
Trd, 000166.150, 348.0
Trd, 000166.633, 362.0
Trd, 000167.367, 356.0
Trd, 000167.767, 359
Trd, 000168.667, 355.0
Trd, 000169.033, 345
Trd, 000169.050, 340
Trd, 000170.667, 349.0
Trd, 000170.767, 349.0
Trd, 000170.933, 365
Trd, 000171.633, 355.0
Trd, 000171.717, 348.0
Trd, 000171.867, 363
Trd, 000173.433, 349.0
Trd, 000173.500, 349
Trd, 000173.533, 350.0
Trd, 000173.783, 348
Trd, 000174.050, 348.0
Trd, 000174.183, 351.0
Trd, 000174.817, 348
Trd, 000175.400, 359
Trd, 000176.583, 348
Trd, 000177.333, 349
Trd, 000177.583, 348.0
Trd, 000177.883, 347
Trd, 000178.650, 359
Trd, 000179.133, 362.0
Trd, 000179.267, 368
Trd, 000180.433, 355.0
Trd, 000180.767, 348
Trd, 000180.900, 348
Trd, 000181.300, 347
Trd, 000182.517, 348.0
Trd, 000183.650, 341
Trd, 000183.800, 327.0
Trd, 000183.850, 303
Trd, 000184.017, 278
Trd, 000184.833, 211
Trd, 000184.967, 189
Trd, 000184.983, 186
Trd, 000185.050, 185
Trd, 000185.933, 174
Trd, 000186.583, 192
Trd, 000186.867, 174
Trd, 000187.383, 173
Trd, 000187.983, 180
Trd, 000188.733, 175
Trd, 000190.650, 177
Trd, 000190.817, 175
Trd, 000191.267, 181
Trd, 000191.433, 174
Trd, 000192.150, 181
Trd, 000192.267, 174
Trd, 000192.483, 173
Trd, 000193.033, 173
Trd, 000193.500, 173
Trd, 000194.000, 179
Trd, 000194.617, 179
Trd, 000195.067, 174
Trd, 000195.800, 172
Trd, 000195.850, 178
Trd, 000196.483, 171
Trd, 000196.567, 171
Trd, 000198.217, 185
Trd, 000199.317, 179
Trd, 000199.417, 178
Trd, 000199.550, 182
Trd, 000199.750, 175
Trd, 000199.767, 172
Trd, 000200.167, 182
Trd, 000202.267, 183
Trd, 000202.800, 186
Trd, 000203.217, 186
Trd, 000203.333, 175
Trd, 000203.367, 173
Trd, 000203.533, 172
Trd, 000204.817, 175
Trd, 000206.383, 175
Trd, 000207.200, 176
Trd, 000208.500, 178
Trd, 000208.800, 178
Trd, 000209.283, 179
Trd, 000209.483, 176
Trd, 000209.800, 174
Trd, 000210.367, 169
Trd, 000211.633, 176
Trd, 000212.117, 176
Trd, 000212.367, 177
Trd, 000212.750, 178
Trd, 000213.117, 176
Trd, 000213.283, 160
Trd, 000213.567, 183
Trd, 000213.900, 169
Trd, 000215.617, 169
Trd, 000216.033, 170
Trd, 000216.367, 169
Trd, 000216.750, 166
Trd, 000216.783, 170
Trd, 000217.250, 171
Trd, 000217.467, 170
Trd, 000217.783, 172
Trd, 000218.433, 169
Trd, 000219.633, 180
Trd, 000219.700, 171
Trd, 000220.117, 177
Trd, 000220.783, 171
Trd, 000221.350, 172
Trd, 000221.983, 173
Trd, 000223.683, 178
Trd, 000223.850, 177
Trd, 000223.900, 175
Trd, 000224.567, 187
Trd, 000224.717, 188
Trd, 000224.783, 189
Trd, 000224.983, 194
Trd, 000225.083, 177
Trd, 000226.733, 179
Trd, 000226.817, 191
Trd, 000227.567, 183
Trd, 000229.333, 184
Trd, 000229.367, 188
Trd, 000229.633, 188
Trd, 000230.050, 180
Trd, 000231.067, 186
Trd, 000232.467, 180
Trd, 000232.817, 179
Trd, 000232.833, 179
Trd, 000233.267, 178
Trd, 000233.983, 179
Trd, 000234.100, 182
Trd, 000235.233, 196
Trd, 000235.733, 181
Trd, 000236.083, 181
Trd, 000236.983, 182
Trd, 000237.317, 167
Trd, 000238.400, 180
Trd, 000238.433, 179
Trd, 000239.017, 179
Trd, 000239.733, 180
Trd, 000239.850, 183
Trd, 000240.117, 190
Trd, 000240.950, 176
Trd, 000241.750, 174
Trd, 000241.800, 172
Trd, 000241.867, 172
Trd, 000242.250, 172
Trd, 000242.833, 172
Trd, 000243.150, 175
Trd, 000243.217, 185
Trd, 000244.367, 173
Trd, 000245.100, 174
Trd, 000245.333, 172
Trd, 000245.550, 177
Trd, 000245.617, 172
Trd, 000246.100, 175
Trd, 000246.400, 171
Trd, 000246.450, 182
Trd, 000247.117, 171
Trd, 000247.233, 175
Trd, 000248.050, 169
Trd, 000248.133, 168
Trd, 000248.867, 159
Trd, 000248.950, 158
Trd, 000249.417, 160
Trd, 000249.783, 161
Trd, 000250.333, 159
Trd, 000250.683, 162
Trd, 000251.133, 170
Trd, 000251.800, 171
Trd, 000252.633, 174
Trd, 000252.650, 171
Trd, 000253.550, 174
Trd, 000254.117, 173
Trd, 000254.733, 175
Trd, 000254.883, 176
Trd, 000255.167, 178
Trd, 000256.150, 178
Trd, 000256.333, 173
Trd, 000256.417, 177
Trd, 000257.533, 178
Trd, 000257.933, 177
Trd, 000257.967, 177
Trd, 000258.033, 176
Trd, 000258.050, 175
Trd, 000258.167, 175
Trd, 000258.683, 174
Trd, 000259.667, 174
Trd, 000259.967, 171
Trd, 000260.733, 173
Trd, 000260.933, 173
Trd, 000261.017, 184
Trd, 000261.667, 188
Trd, 000262.633, 177
Trd, 000263.350, 187
Trd, 000263.383, 186
Trd, 000263.717, 183
Trd, 000264.983, 178
Trd, 000265.567, 179
Trd, 000265.983, 175
Trd, 000266.350, 158
Trd, 000266.417, 168
Trd, 000267.633, 165
Trd, 000267.767, 166
Trd, 000268.100, 171
Trd, 000269.350, 177
Trd, 000270.017, 177
Trd, 000270.133, 178
Trd, 000270.600, 184
Trd, 000271.133, 181
Trd, 000271.350, 180
Trd, 000271.467, 177
Trd, 000272.000, 172
Trd, 000272.233, 171
Trd, 000272.250, 177
Trd, 000272.383, 172
Trd, 000272.767, 171
Trd, 000273.650, 172
Trd, 000273.700, 171
Trd, 000273.733, 173
Trd, 000274.767, 167
Trd, 000274.833, 177
Trd, 000274.967, 178
Trd, 000275.183, 161
Trd, 000277.083, 182
Trd, 000277.850, 183
Trd, 000278.933, 181
Trd, 000279.033, 180
Trd, 000279.150, 185
Trd, 000279.217, 179
Trd, 000279.433, 179
Trd, 000279.800, 186
Trd, 000280.550, 179
Trd, 000281.217, 180
Trd, 000281.750, 179
Trd, 000282.033, 186
Trd, 000282.150, 186
Trd, 000282.433, 181
Trd, 000282.883, 180
Trd, 000283.400, 181
Trd, 000283.450, 179
Trd, 000284.733, 183
Trd, 000285.383, 180
Trd, 000285.550, 176
Trd, 000285.600, 187
Trd, 000286.417, 178
Trd, 000287.000, 178
Trd, 000287.050, 180
Trd, 000287.300, 177
Trd, 000287.367, 181
Trd, 000287.650, 176
Trd, 000288.417, 175
Trd, 000288.433, 177
Trd, 000289.133, 190
Trd, 000290.650, 185
Trd, 000291.300, 184
Trd, 000291.483, 180
Trd, 000291.500, 173
Trd, 000291.650, 169
Trd, 000291.817, 181
Trd, 000291.917, 176
Trd, 000292.383, 186
Trd, 000293.583, 177
Trd, 000293.783, 181
Trd, 000294.017, 175
Trd, 000294.233, 173
Trd, 000294.567, 181
Trd, 000295.117, 168
Trd, 000295.200, 163
Trd, 000295.567, 181
Trd, 000296.767, 181
Trd, 000297.550, 188
Trd, 000297.600, 191
Trd, 000298.617, 186
Trd, 000299.000, 188
Trd, 000299.150, 189
Trd, 000299.883, 189
