Trd, 000002.050, 141
Trd, 000003.750, 173
Trd, 000004.517, 172
Trd, 000005.017, 146
Trd, 000005.183, 149
Trd, 000005.367, 145
Trd, 000005.750, 159
Trd, 000006.367, 156
Trd, 000007.600, 155
Trd, 000007.767, 156
Trd, 000008.000, 152
Trd, 000008.183, 156
Trd, 000008.400, 153
Trd, 000008.650, 154
Trd, 000010.400, 156
Trd, 000010.617, 157
Trd, 000011.567, 156
Trd, 000011.683, 154
Trd, 000012.850, 152
Trd, 000013.017, 155
Trd, 000013.883, 152
Trd, 000014.033, 153
Trd, 000015.683, 154
Trd, 000015.783, 153
Trd, 000017.767, 153
Trd, 000018.550, 154
Trd, 000019.050, 154
Trd, 000019.733, 154
Trd, 000020.200, 153
Trd, 000020.633, 152
Trd, 000020.750, 151
Trd, 000021.400, 153
Trd, 000022.450, 153
Trd, 000022.917, 156
Trd, 000023.033, 154
Trd, 000023.233, 152
Trd, 000024.517, 157
Trd, 000024.733, 158
Trd, 000025.050, 160
Trd, 000025.283, 163
Trd, 000026.767, 153
Trd, 000027.433, 158
Trd, 000027.483, 152
Trd, 000027.950, 157
Trd, 000028.533, 156
Trd, 000028.900, 156
Trd, 000030.517, 157
Trd, 000031.217, 154
Trd, 000031.950, 155
Trd, 000032.367, 156
Trd, 000033.500, 154
Trd, 000033.650, 155
Trd, 000034.300, 153
Trd, 000034.450, 154
Trd, 000035.483, 148
Trd, 000036.433, 148
Trd, 000036.567, 149
Trd, 000037.033, 148
Trd, 000037.283, 149
Trd, 000038.650, 148
Trd, 000038.833, 147
Trd, 000038.850, 148
Trd, 000040.567, 144
Trd, 000040.967, 143
Trd, 000042.350, 144
Trd, 000043.083, 141
Trd, 000043.633, 143
Trd, 000043.933, 144
Trd, 000044.200, 143
Trd, 000044.233, 144
Trd, 000044.883, 143
Trd, 000046.233, 143
Trd, 000047.250, 144
Trd, 000047.317, 144
Trd, 000047.467, 146
Trd, 000048.833, 145
Trd, 000048.850, 142
Trd, 000049.800, 145
Trd, 000049.967, 145
Trd, 000050.700, 144
Trd, 000050.883, 146
Trd, 000051.383, 147
Trd, 000051.933, 149
Trd, 000053.633, 146
Trd, 000053.717, 144
Trd, 000054.833, 145
Trd, 000055.183, 145
Trd, 000055.733, 148
Trd, 000056.600, 145
Trd, 000056.933, 145
Trd, 000057.650, 145
Trd, 000057.950, 145
Trd, 000058.667, 142
Trd, 000058.717, 148
Trd, 000059.567, 147
Trd, 000060.083, 148
Trd, 000061.000, 148
Trd, 000061.617, 148
Trd, 000061.867, 148
Trd, 000062.233, 149
Trd, 000062.300, 150
Trd, 000062.783, 145
Trd, 000062.967, 147
Trd, 000064.033, 147
Trd, 000064.183, 148
Trd, 000065.367, 148
Trd, 000065.483, 144
Trd, 000065.933, 151
Trd, 000066.800, 146
Trd, 000067.050, 147
Trd, 000067.083, 148
Trd, 000069.283, 146
Trd, 000070.150, 145
Trd, 000070.400, 146
Trd, 000071.000, 146
Trd, 000071.750, 146
Trd, 000071.900, 144
Trd, 000072.317, 146
Trd, 000072.867, 144
Trd, 000074.583, 146
Trd, 000075.467, 147
Trd, 000075.867, 147
Trd, 000076.533, 149
Trd, 000077.217, 148
Trd, 000077.300, 147
Trd, 000077.683, 147
Trd, 000078.300, 145
Trd, 000078.383, 144
Trd, 000078.717, 148
Trd, 000079.050, 148
Trd, 000080.567, 146
Trd, 000081.200, 147
Trd, 000081.650, 144
Trd, 000082.150, 147
Trd, 000082.317, 149
Trd, 000082.883, 148
Trd, 000084.833, 149
Trd, 000085.400, 149
Trd, 000085.550, 152
Trd, 000086.683, 153
Trd, 000086.700, 170
Trd, 000087.167, 151
Trd, 000087.817, 155
Trd, 000087.900, 155
Trd, 000088.200, 150
Trd, 000088.717, 153
Trd, 000089.050, 152
Trd, 000090.167, 151
Trd, 000090.483, 150
Trd, 000090.950, 155
Trd, 000091.517, 153
Trd, 000092.333, 154
Trd, 000092.350, 155
Trd, 000092.367, 177
Trd, 000093.000, 171
Trd, 000093.767, 154
Trd, 000094.467, 152
Trd, 000095.283, 151
Trd, 000096.650, 155
Trd, 000096.700, 153
Trd, 000097.317, 154
Trd, 000097.967, 153
Trd, 000097.983, 153
Trd, 000098.250, 154
Trd, 000098.800, 154
Trd, 000099.500, 153
Trd, 000099.683, 152
Trd, 000100.500, 153
Trd, 000100.683, 152
Trd, 000100.833, 151
Trd, 000101.600, 154
Trd, 000102.850, 154
Trd, 000104.383, 149
Trd, 000104.983, 149
Trd, 000105.033, 151
Trd, 000105.433, 150
Trd, 000106.600, 151
Trd, 000106.783, 153
Trd, 000106.983, 155
Trd, 000107.200, 155
Trd, 000107.550, 158
Trd, 000108.033, 158
Trd, 000108.917, 159
Trd, 000109.467, 153
Trd, 000110.083, 157
Trd, 000111.350, 153
Trd, 000111.617, 153
Trd, 000112.183, 151
Trd, 000112.417, 152
Trd, 000113.533, 151
Trd, 000113.667, 151
Trd, 000114.550, 151
Trd, 000114.600, 153
Trd, 000116.133, 151
Trd, 000116.233, 149
Trd, 000116.817, 152
Trd, 000117.833, 149
Trd, 000118.817, 147
Trd, 000118.850, 145
Trd, 000118.967, 147
Trd, 000119.300, 150
Trd, 000119.533, 149
Trd, 000121.350, 150
Trd, 000121.617, 151
Trd, 000122.450, 153
Trd, 000122.983, 156
Trd, 000123.133, 174
Trd, 000123.600, 185
Trd, 000123.833, 212
Trd, 000124.667, 225
Trd, 000125.700, 305
Trd, 000126.050, 326.0
Trd, 000126.200, 329
Trd, 000127.133, 329
Trd, 000127.550, 329.0
Trd, 000127.867, 334.0
Trd, 000128.117, 337
Trd, 000128.400, 337
Trd, 000129.483, 340.0
Trd, 000129.817, 337
Trd, 000130.550, 338
Trd, 000130.950, 339
Trd, 000131.750, 338.0
Trd, 000133.033, 340
Trd, 000133.500, 340.0
Trd, 000133.550, 341.0
Trd, 000133.817, 340
Trd, 000135.233, 339
Trd, 000136.417, 339
Trd, 000138.117, 341
Trd, 000138.233, 338.0
Trd, 000138.600, 341.0
Trd, 000138.800, 337.0
Trd, 000139.167, 342
Trd, 000139.550, 345
Trd, 000140.317, 345
Trd, 000141.017, 343
Trd, 000141.450, 350
Trd, 000142.700, 340.0
Trd, 000143.383, 340.0
Trd, 000143.783, 338
Trd, 000144.050, 339
Trd, 000144.600, 338.0
Trd, 000145.183, 337.0
Trd, 000147.283, 337
Trd, 000147.900, 338.0
Trd, 000148.517, 337
Trd, 000148.733, 338.0
Trd, 000149.200, 341.0
Trd, 000149.533, 341
Trd, 000150.033, 339
Trd, 000151.883, 342
Trd, 000152.467, 342
Trd, 000153.300, 337
Trd, 000153.550, 335
Trd, 000153.950, 338
Trd, 000154.167, 333
Trd, 000156.150, 337
Trd, 000156.533, 337
Trd, 000156.917, 337
Trd, 000157.217, 338
Trd, 000157.483, 336
Trd, 000158.417, 336.0
Trd, 000159.183, 337
Trd, 000160.167, 336
Trd, 000160.750, 335.0
Trd, 000161.800, 336
Trd, 000161.900, 334
Trd, 000162.283, 335
Trd, 000162.367, 336
Trd, 000163.317, 340
Trd, 000163.967, 340
Trd, 000164.217, 338
Trd, 000167.100, 338.0
Trd, 000167.500, 337.0
Trd, 000167.600, 339.0
Trd, 000167.933, 339
Trd, 000168.583, 341.0
Trd, 000169.250, 338
Trd, 000169.833, 335.0
Trd, 000170.017, 336
Trd, 000170.433, 334.0
Trd, 000170.883, 333
Trd, 000171.517, 334
Trd, 000172.767, 336
Trd, 000173.383, 335
Trd, 000173.450, 336
Trd, 000173.483, 345
Trd, 000174.383, 341.0
Trd, 000174.817, 341
Trd, 000174.983, 337
Trd, 000175.267, 341
Trd, 000176.733, 344
Trd, 000177.383, 339
Trd, 000177.800, 339.0
Trd, 000178.050, 338
Trd, 000178.517, 334.0
Trd, 000178.883, 339.0
Trd, 000179.117, 341.0
Trd, 000181.250, 344
Trd, 000181.800, 340
Trd, 000181.917, 344
Trd, 000182.267, 340
Trd, 000182.783, 337.0
Trd, 000183.083, 336
Trd, 000183.100, 332
Trd, 000183.217, 330
Trd, 000183.883, 323
Trd, 000184.417, 313.0
Trd, 000184.783, 310.0
Trd, 000184.933, 305
Trd, 000184.983, 218
Trd, 000185.050, 155
Trd, 000185.967, 192
Trd, 000186.983, 190
Trd, 000187.733, 183
Trd, 000188.317, 181
Trd, 000189.300, 179
Trd, 000190.050, 171
Trd, 000190.717, 170
Trd, 000190.900, 180
Trd, 000191.217, 168
Trd, 000193.500, 178
Trd, 000193.683, 179
Trd, 000193.750, 171
Trd, 000194.250, 179
Trd, 000194.883, 170
Trd, 000195.067, 169
Trd, 000195.200, 176
Trd, 000195.400, 174
Trd, 000196.983, 172
Trd, 000198.483, 172
Trd, 000198.717, 171
Trd, 000199.433, 172
Trd, 000199.683, 169
Trd, 000199.900, 169
Trd, 000200.133, 170
Trd, 000201.067, 166
Trd, 000201.483, 165
Trd, 000202.750, 165
Trd, 000203.167, 166
Trd, 000203.667, 162
Trd, 000205.100, 166
Trd, 000205.583, 165
Trd, 000205.733, 170
Trd, 000206.250, 169
Trd, 000206.833, 164
Trd, 000206.967, 168
Trd, 000207.700, 168
Trd, 000209.717, 165
Trd, 000210.067, 164
Trd, 000210.083, 167
Trd, 000210.600, 167
Trd, 000211.300, 167
Trd, 000211.967, 163
Trd, 000212.700, 158
Trd, 000213.100, 168
Trd, 000213.567, 166
Trd, 000213.583, 169
Trd, 000214.000, 161
Trd, 000214.267, 167
Trd, 000214.633, 160
Trd, 000215.867, 166
Trd, 000216.533, 167
Trd, 000217.483, 163
Trd, 000218.067, 164
Trd, 000218.733, 164
Trd, 000219.650, 165
Trd, 000219.700, 165
Trd, 000220.117, 167
Trd, 000220.800, 168
Trd, 000220.917, 165
Trd, 000222.033, 161
Trd, 000222.067, 163
Trd, 000222.300, 163
Trd, 000223.000, 162
Trd, 000223.667, 163
Trd, 000224.033, 183
Trd, 000224.950, 158
Trd, 000226.517, 163
Trd, 000226.683, 164
Trd, 000227.117, 166
Trd, 000229.200, 163
Trd, 000229.483, 164
Trd, 000229.550, 163
Trd, 000229.667, 164
Trd, 000230.233, 164
Trd, 000230.333, 163
Trd, 000230.950, 163
Trd, 000231.833, 165
Trd, 000232.700, 161
Trd, 000233.017, 164
Trd, 000233.100, 165
Trd, 000233.283, 166
Trd, 000233.733, 167
Trd, 000234.200, 164
Trd, 000234.967, 172
Trd, 000235.233, 185
Trd, 000236.600, 172
Trd, 000236.783, 171
Trd, 000237.700, 172
Trd, 000237.783, 170
Trd, 000237.883, 167
Trd, 000238.167, 173
Trd, 000238.333, 173
Trd, 000240.767, 163
Trd, 000241.267, 161
Trd, 000241.533, 162
Trd, 000241.600, 161
Trd, 000241.850, 166
Trd, 000242.117, 162
Trd, 000242.150, 192
Trd, 000243.133, 175
Trd, 000243.167, 183
Trd, 000243.550, 172
Trd, 000244.683, 165
Trd, 000245.083, 164
Trd, 000245.800, 164
Trd, 000246.717, 165
Trd, 000246.950, 166
Trd, 000247.667, 164
Trd, 000248.283, 161
Trd, 000248.417, 163
Trd, 000248.733, 158
Trd, 000249.083, 164
Trd, 000249.700, 164
Trd, 000250.483, 164
Trd, 000251.267, 166
Trd, 000251.400, 165
Trd, 000251.967, 166
Trd, 000252.167, 163
Trd, 000253.517, 166
Trd, 000253.683, 167
Trd, 000254.617, 166
Trd, 000254.867, 164
Trd, 000255.250, 167
Trd, 000255.550, 166
Trd, 000255.800, 167
Trd, 000255.833, 168
Trd, 000256.050, 168
Trd, 000256.633, 171
Trd, 000256.883, 170
Trd, 000257.717, 182
Trd, 000258.617, 173
Trd, 000259.050, 167
Trd, 000259.483, 167
Trd, 000260.433, 165
Trd, 000261.267, 166
Trd, 000261.333, 164
Trd, 000262.300, 163
Trd, 000262.900, 162
Trd, 000263.217, 163
Trd, 000263.533, 164
Trd, 000264.267, 162
Trd, 000265.033, 167
Trd, 000265.600, 167
Trd, 000266.017, 164
Trd, 000266.117, 166
Trd, 000266.367, 164
Trd, 000266.833, 166
Trd, 000267.733, 162
Trd, 000267.850, 164
Trd, 000268.633, 161
Trd, 000268.817, 161
Trd, 000268.950, 162
Trd, 000269.783, 163
Trd, 000270.233, 164
Trd, 000270.717, 162
Trd, 000271.500, 165
Trd, 000271.767, 165
Trd, 000271.800, 163
Trd, 000272.533, 171
Trd, 000273.400, 188
Trd, 000273.700, 180
Trd, 000274.050, 174
Trd, 000274.150, 171
Trd, 000275.000, 174
Trd, 000276.017, 172
Trd, 000276.283, 172
Trd, 000276.350, 171
Trd, 000277.017, 170
Trd, 000277.483, 185
Trd, 000278.433, 173
Trd, 000278.717, 174
Trd, 000279.767, 175
Trd, 000280.783, 183
Trd, 000280.800, 174
Trd, 000280.883, 191
Trd, 000281.017, 187
Trd, 000282.233, 183
Trd, 000282.350, 184
Trd, 000283.533, 178
Trd, 000284.550, 177
Trd, 000284.600, 175
Trd, 000284.733, 174
Trd, 000285.000, 179
Trd, 000286.117, 178
Trd, 000286.250, 178
Trd, 000286.367, 179
Trd, 000286.750, 171
Trd, 000287.233, 178
Trd, 000288.217, 170
Trd, 000288.533, 173
Trd, 000288.633, 174
Trd, 000288.833, 170
Trd, 000290.117, 174
Trd, 000290.900, 172
Trd, 000291.233, 170
Trd, 000291.500, 167
Trd, 000291.900, 174
Trd, 000292.167, 174
Trd, 000292.633, 166
Trd, 000293.417, 166
Trd, 000293.550, 170
Trd, 000293.600, 176
Trd, 000293.700, 183
Trd, 000294.000, 164
Trd, 000294.300, 175
Trd, 000294.983, 174
Trd, 000295.583, 160
Trd, 000295.783, 172
Trd, 000297.100, 168
Trd, 000297.417, 168
Trd, 000297.467, 168
Trd, 000298.483, 167
Trd, 000298.567, 168
Trd, 000298.617, 166
Trd, 000299.267, 175
Trd, 000299.650, 166
