Trd, 000001.633, 132
Trd, 000002.800, 173
Trd, 000003.167, 166
Trd, 000004.383, 167
Trd, 000004.850, 166
Trd, 000005.300, 165
Trd, 000005.367, 148
Trd, 000005.433, 143
Trd, 000005.500, 142
Trd, 000006.833, 166
Trd, 000006.883, 165
Trd, 000007.350, 166
Trd, 000008.217, 135
Trd, 000008.333, 134
Trd, 000009.133, 165
Trd, 000010.117, 144
Trd, 000010.783, 156
Trd, 000011.700, 151
Trd, 000011.767, 149
Trd, 000012.017, 155
Trd, 000013.017, 151
Trd, 000013.083, 152
Trd, 000013.350, 153
Trd, 000013.383, 152
Trd, 000013.733, 148
Trd, 000014.900, 153
Trd, 000014.967, 148
Trd, 000015.500, 145
Trd, 000017.317, 174
Trd, 000017.983, 168
Trd, 000018.033, 167
Trd, 000018.233, 164
Trd, 000018.350, 163
Trd, 000019.867, 136
Trd, 000019.883, 168
Trd, 000020.817, 163
Trd, 000021.067, 164
Trd, 000021.717, 152
Trd, 000022.550, 167
Trd, 000022.717, 167
Trd, 000023.550, 161
Trd, 000023.800, 163
Trd, 000023.967, 175
Trd, 000024.433, 161
Trd, 000025.050, 163
Trd, 000025.833, 167
Trd, 000026.483, 181
Trd, 000027.183, 166
Trd, 000027.567, 165
Trd, 000027.600, 164
Trd, 000027.683, 151
Trd, 000028.500, 168
Trd, 000029.283, 147
Trd, 000029.700, 159
Trd, 000030.100, 155
Trd, 000030.683, 158
Trd, 000031.133, 159
Trd, 000031.517, 158
Trd, 000031.800, 159
Trd, 000033.100, 158
Trd, 000033.850, 155
Trd, 000033.983, 155
Trd, 000035.200, 151
Trd, 000035.467, 176
Trd, 000035.533, 168
Trd, 000036.500, 147
Trd, 000036.967, 165
Trd, 000037.950, 161
Trd, 000037.967, 146
Trd, 000038.183, 138
Trd, 000038.567, 150
Trd, 000039.283, 160
Trd, 000039.383, 159
Trd, 000040.500, 154
Trd, 000040.533, 158
Trd, 000041.200, 161
Trd, 000042.217, 179
Trd, 000042.517, 162
Trd, 000043.433, 152
Trd, 000043.450, 168
Trd, 000043.483, 148
Trd, 000044.083, 149
Trd, 000044.700, 157
Trd, 000045.367, 155
Trd, 000045.450, 154
Trd, 000045.500, 147
Trd, 000045.817, 164
Trd, 000048.433, 150
Trd, 000048.650, 147
Trd, 000049.067, 149
Trd, 000049.100, 151
Trd, 000049.933, 170
Trd, 000050.450, 158
Trd, 000050.550, 157
Trd, 000050.750, 175
Trd, 000051.633, 160
Trd, 000052.917, 167
Trd, 000053.917, 167
Trd, 000053.967, 168
Trd, 000054.083, 166
Trd, 000054.217, 168
Trd, 000054.483, 164
Trd, 000054.517, 164
Trd, 000055.200, 170
Trd, 000056.217, 181
Trd, 000056.800, 149
Trd, 000056.883, 141
Trd, 000057.100, 171
Trd, 000057.767, 154
Trd, 000058.550, 165
Trd, 000059.367, 160
Trd, 000059.783, 164
Trd, 000059.850, 160
Trd, 000062.000, 162
Trd, 000062.517, 171
Trd, 000062.600, 162
Trd, 000063.417, 162
Trd, 000063.850, 162
Trd, 000064.383, 154
Trd, 000065.350, 154
Trd, 000065.733, 141
Trd, 000066.050, 148
Trd, 000066.300, 157
Trd, 000066.850, 159
Trd, 000067.733, 156
Trd, 000067.983, 155
Trd, 000068.117, 163
Trd, 000068.517, 154
Trd, 000069.917, 173
Trd, 000070.317, 172
Trd, 000071.400, 173
Trd, 000071.450, 173
Trd, 000072.933, 173
Trd, 000073.700, 156
Trd, 000074.067, 172
Trd, 000074.517, 166
Trd, 000075.050, 157
Trd, 000075.350, 156
Trd, 000075.967, 160
Trd, 000076.250, 175
Trd, 000076.350, 182
Trd, 000077.400, 157
Trd, 000078.483, 157
Trd, 000078.883, 171
Trd, 000079.667, 159
Trd, 000080.183, 163
Trd, 000080.650, 185
Trd, 000081.383, 174
Trd, 000081.467, 165
Trd, 000082.217, 156
Trd, 000082.483, 173
Trd, 000082.500, 172
Trd, 000082.617, 151
Trd, 000084.950, 163
Trd, 000085.367, 181
Trd, 000086.800, 176
Trd, 000087.017, 177
Trd, 000087.217, 174
Trd, 000087.450, 174
Trd, 000088.200, 183
Trd, 000088.700, 158
Trd, 000089.533, 174
Trd, 000089.867, 157
Trd, 000090.000, 169
Trd, 000090.467, 168
Trd, 000092.500, 165
Trd, 000092.767, 174
Trd, 000092.850, 180
Trd, 000093.150, 184
Trd, 000095.050, 160
Trd, 000095.100, 160
Trd, 000096.167, 157
Trd, 000096.700, 153
Trd, 000097.650, 136
Trd, 000097.967, 137
Trd, 000098.517, 138
Trd, 000098.767, 144
Trd, 000099.500, 139
Trd, 000100.050, 158
Trd, 000102.117, 188
Trd, 000102.733, 189
Trd, 000104.067, 180
Trd, 000104.200, 178
Trd, 000104.383, 189
Trd, 000104.900, 181
Trd, 000105.133, 181
Trd, 000105.200, 180
Trd, 000105.683, 158
Trd, 000106.467, 178
Trd, 000107.667, 176
Trd, 000108.133, 174
Trd, 000108.217, 176
Trd, 000109.350, 178
Trd, 000110.100, 180
Trd, 000110.433, 179
Trd, 000110.800, 178
Trd, 000111.867, 181
Trd, 000112.650, 181
Trd, 000112.850, 176
Trd, 000113.600, 161
Trd, 000114.150, 156
Trd, 000114.383, 154
Trd, 000114.783, 145
Trd, 000114.967, 132
Trd, 000115.083, 162
Trd, 000115.483, 159
Trd, 000116.083, 160
Trd, 000117.183, 181
Trd, 000117.683, 179
Trd, 000117.833, 185
Trd, 000119.767, 178
Trd, 000120.317, 177
Trd, 000120.667, 178
Trd, 000120.733, 160
Trd, 000120.867, 155
Trd, 000120.917, 180
Trd, 000121.467, 163
Trd, 000121.983, 177
Trd, 000122.317, 187
Trd, 000123.117, 194
Trd, 000123.933, 201
Trd, 000124.617, 205
Trd, 000125.450, 300.0
Trd, 000125.600, 310.0
Trd, 000125.683, 313.0
Trd, 000125.983, 317.0
Trd, 000126.217, 331
Trd, 000126.917, 320.0
Trd, 000127.050, 327.0
Trd, 000127.933, 330.0
Trd, 000128.583, 338
Trd, 000129.450, 365.0
Trd, 000129.867, 374.0
Trd, 000131.783, 343
Trd, 000132.350, 343
Trd, 000132.667, 343
Trd, 000133.983, 351
Trd, 000134.167, 354
Trd, 000134.517, 346
Trd, 000134.967, 345
Trd, 000135.850, 354
Trd, 000136.017, 354
Trd, 000137.350, 351.0
Trd, 000137.550, 354
Trd, 000137.883, 350.0
Trd, 000138.283, 350.0
Trd, 000138.917, 351
Trd, 000139.150, 352
Trd, 000139.617, 348.0
Trd, 000139.800, 343
Trd, 000140.650, 365
Trd, 000141.217, 366
Trd, 000141.367, 365.0
Trd, 000141.467, 356
Trd, 000142.017, 348.0
Trd, 000143.717, 354
Trd, 000144.550, 355
Trd, 000144.767, 354
Trd, 000145.350, 359
Trd, 000146.250, 359
Trd, 000146.300, 346
Trd, 000147.500, 352
Trd, 000147.617, 351.0
Trd, 000147.700, 379.0
Trd, 000148.650, 362
Trd, 000149.267, 354.0
Trd, 000150.200, 362
Trd, 000150.667, 355
Trd, 000150.867, 356.0
Trd, 000151.583, 356.0
Trd, 000151.750, 364
Trd, 000151.867, 348.0
Trd, 000152.333, 345
Trd, 000152.367, 343
Trd, 000152.800, 365
Trd, 000153.150, 334.0
Trd, 000153.217, 377
Trd, 000154.333, 348.0
Trd, 000154.400, 342
Trd, 000154.550, 341
Trd, 000156.583, 357
Trd, 000157.550, 360
Trd, 000157.950, 341
Trd, 000158.267, 342
Trd, 000158.833, 362
Trd, 000158.867, 348.0
Trd, 000159.167, 341.0
Trd, 000159.300, 334.0
Trd, 000160.117, 326
Trd, 000161.000, 320
Trd, 000161.550, 322
Trd, 000162.183, 323
Trd, 000164.300, 326
Trd, 000164.817, 327.0
Trd, 000164.917, 325
Trd, 000164.933, 331.0
Trd, 000165.200, 375.0
Trd, 000166.300, 351
Trd, 000166.750, 352
Trd, 000166.950, 330
Trd, 000167.283, 332
Trd, 000167.483, 375.0
Trd, 000167.500, 341
Trd, 000168.233, 338
Trd, 000170.283, 349.0
Trd, 000170.600, 348.0
Trd, 000170.983, 347
Trd, 000171.167, 350
Trd, 000171.517, 346
Trd, 000173.400, 344
Trd, 000173.933, 336.0
Trd, 000174.400, 327
Trd, 000174.683, 348
Trd, 000175.083, 349
Trd, 000175.117, 350
Trd, 000175.967, 349.0
Trd, 000176.117, 348.0
Trd, 000176.500, 351
Trd, 000177.800, 334.0
Trd, 000177.817, 351
Trd, 000177.850, 352
Trd, 000178.200, 362
Trd, 000179.433, 365.0
Trd, 000180.383, 352.0
Trd, 000180.450, 353
Trd, 000181.167, 353
Trd, 000181.450, 354
Trd, 000183.017, 343
Trd, 000183.500, 334.0
Trd, 000183.617, 328
Trd, 000183.683, 320.0
Trd, 000183.767, 307
Trd, 000184.250, 313
Trd, 000184.983, 302
Trd, 000185.067, 239
Trd, 000185.233, 211
Trd, 000185.417, 207
Trd, 000185.867, 204
Trd, 000186.717, 197
Trd, 000187.133, 197
Trd, 000187.533, 186
Trd, 000187.800, 185
Trd, 000189.367, 167
Trd, 000190.383, 186
Trd, 000191.500, 185
Trd, 000191.567, 186
Trd, 000192.367, 185
Trd, 000193.667, 184
Trd, 000193.933, 185
Trd, 000194.967, 185
Trd, 000195.067, 184
Trd, 000195.817, 167
Trd, 000196.967, 174
Trd, 000197.050, 177
Trd, 000197.183, 165
Trd, 000197.200, 164
Trd, 000200.283, 163
Trd, 000200.317, 162
Trd, 000200.967, 169
Trd, 000201.000, 172
Trd, 000201.300, 168
Trd, 000201.433, 176
Trd, 000201.567, 163
Trd, 000203.650, 199
Trd, 000204.150, 187
Trd, 000204.183, 197
Trd, 000205.367, 191
Trd, 000205.900, 190
Trd, 000206.033, 188
Trd, 000206.267, 192
Trd, 000208.333, 187
Trd, 000209.183, 186
Trd, 000209.567, 172
Trd, 000210.317, 186
Trd, 000210.650, 173
Trd, 000211.300, 185
Trd, 000212.483, 178
Trd, 000212.550, 183
Trd, 000212.800, 183
Trd, 000213.350, 174
Trd, 000214.233, 174
Trd, 000214.933, 184
Trd, 000215.250, 173
Trd, 000216.300, 171
Trd, 000216.650, 180
Trd, 000217.000, 172
Trd, 000217.250, 171
Trd, 000218.417, 174
Trd, 000218.567, 171
Trd, 000219.033, 170
Trd, 000220.367, 172
Trd, 000220.750, 170
Trd, 000221.400, 170
Trd, 000221.483, 172
Trd, 000222.067, 176
Trd, 000222.567, 197
Trd, 000222.933, 190
Trd, 000223.433, 189
Trd, 000223.933, 186
Trd, 000224.883, 187
Trd, 000227.183, 182
Trd, 000227.450, 181
Trd, 000228.867, 181
Trd, 000229.433, 180
Trd, 000229.567, 178
Trd, 000229.883, 188
Trd, 000230.083, 186
Trd, 000230.517, 166
Trd, 000230.733, 171
Trd, 000231.200, 197
Trd, 000232.700, 165
Trd, 000233.467, 169
Trd, 000233.817, 168
Trd, 000234.000, 166
Trd, 000234.433, 163
Trd, 000234.800, 174
Trd, 000235.383, 184
Trd, 000235.450, 185
Trd, 000236.100, 167
Trd, 000236.883, 168
Trd, 000237.750, 171
Trd, 000237.900, 164
Trd, 000238.183, 176
Trd, 000238.667, 169
Trd, 000239.200, 179
Trd, 000240.067, 194
Trd, 000241.300, 189
Trd, 000241.733, 192
Trd, 000241.933, 191
Trd, 000241.967, 193
Trd, 000242.050, 193
Trd, 000243.467, 193
Trd, 000243.817, 192
Trd, 000243.833, 179
Trd, 000244.033, 173
Trd, 000245.083, 177
Trd, 000246.083, 181
Trd, 000246.383, 180
Trd, 000247.283, 183
Trd, 000247.950, 183
Trd, 000248.133, 183
Trd, 000248.433, 184
Trd, 000248.950, 183
Trd, 000248.967, 184
Trd, 000249.500, 182
Trd, 000250.233, 186
Trd, 000250.450, 190
Trd, 000251.133, 186
Trd, 000251.217, 185
Trd, 000251.433, 184
Trd, 000251.567, 180
Trd, 000253.767, 180
Trd, 000253.867, 181
Trd, 000253.983, 184
Trd, 000254.433, 183
Trd, 000254.617, 182
Trd, 000254.717, 182
Trd, 000255.750, 183
Trd, 000256.017, 189
Trd, 000256.400, 190
Trd, 000256.467, 174
Trd, 000257.450, 171
Trd, 000257.700, 174
Trd, 000257.933, 190
Trd, 000258.400, 189
Trd, 000258.533, 175
Trd, 000258.650, 171
Trd, 000259.083, 174
Trd, 000259.550, 170
Trd, 000259.733, 189
Trd, 000260.200, 188
Trd, 000263.117, 174
Trd, 000263.650, 170
Trd, 000263.850, 179
Trd, 000265.100, 176
Trd, 000265.700, 176
Trd, 000265.817, 177
Trd, 000265.967, 177
Trd, 000266.183, 181
Trd, 000266.533, 172
Trd, 000267.300, 179
Trd, 000267.317, 179
Trd, 000267.417, 189
Trd, 000268.583, 176
Trd, 000268.833, 186
Trd, 000269.250, 187
Trd, 000269.800, 190
Trd, 000270.133, 191
Trd, 000270.783, 188
Trd, 000271.350, 180
Trd, 000271.667, 187
Trd, 000272.183, 192
Trd, 000272.350, 183
Trd, 000272.383, 175
Trd, 000273.700, 182
Trd, 000273.783, 195
Trd, 000273.833, 177
Trd, 000275.433, 185
Trd, 000275.833, 184
Trd, 000276.383, 182
Trd, 000276.950, 183
Trd, 000277.050, 184
Trd, 000277.533, 189
Trd, 000277.550, 182
Trd, 000278.517, 177
Trd, 000279.083, 184
Trd, 000279.150, 177
Trd, 000279.467, 192
Trd, 000279.700, 176
Trd, 000280.500, 193
Trd, 000281.617, 180
Trd, 000282.350, 174
Trd, 000283.350, 178
Trd, 000283.933, 179
Trd, 000284.050, 193
Trd, 000285.300, 182
Trd, 000285.550, 183
Trd, 000286.250, 180
Trd, 000286.533, 181
Trd, 000286.867, 180
Trd, 000287.150, 170
Trd, 000287.433, 180
Trd, 000287.833, 184
Trd, 000288.950, 183
Trd, 000288.983, 177
Trd, 000289.017, 167
Trd, 000289.183, 183
Trd, 000289.617, 165
Trd, 000290.700, 177
Trd, 000290.817, 183
Trd, 000291.700, 181
Trd, 000292.033, 182
Trd, 000292.167, 183
Trd, 000292.233, 182
Trd, 000292.617, 184
Trd, 000293.133, 184
Trd, 000293.500, 182
Trd, 000293.850, 184
Trd, 000294.017, 181
Trd, 000295.117, 184
Trd, 000295.700, 186
Trd, 000295.750, 184
Trd, 000295.783, 192
Trd, 000296.767, 178
Trd, 000297.700, 178
Trd, 000298.533, 180
Trd, 000298.667, 181
Trd, 000299.683, 181
Trd, 000299.783, 183
Trd, 000299.967, 174
