Trd, 000002.350, 175
Trd, 000002.667, 143
Trd, 000003.100, 142
Trd, 000003.717, 127
Trd, 000003.833, 145
Trd, 000004.950, 162
Trd, 000005.883, 161
Trd, 000006.367, 157
Trd, 000006.683, 155
Trd, 000007.550, 163
Trd, 000008.733, 151
Trd, 000010.117, 154
Trd, 000010.383, 155
Trd, 000010.650, 155
Trd, 000010.867, 155
Trd, 000011.333, 149
Trd, 000011.967, 149
Trd, 000012.567, 148
Trd, 000012.750, 151
Trd, 000013.333, 149
Trd, 000014.017, 147
Trd, 000014.033, 149
Trd, 000015.100, 147
Trd, 000015.200, 149
Trd, 000015.600, 149
Trd, 000016.250, 136
Trd, 000016.383, 159
Trd, 000016.400, 135
Trd, 000019.867, 148
Trd, 000020.083, 149
Trd, 000020.300, 144
Trd, 000020.783, 148
Trd, 000021.200, 144
Trd, 000021.417, 148
Trd, 000021.933, 147
Trd, 000022.083, 145
Trd, 000023.000, 147
Trd, 000024.650, 146
Trd, 000025.250, 146
Trd, 000025.833, 148
Trd, 000026.483, 149
Trd, 000027.017, 147
Trd, 000027.050, 148
Trd, 000028.200, 147
Trd, 000028.333, 147
Trd, 000029.567, 146
Trd, 000029.767, 138
Trd, 000029.950, 139
Trd, 000030.183, 147
Trd, 000030.817, 138
Trd, 000031.117, 151
Trd, 000031.250, 168
Trd, 000031.617, 152
Trd, 000033.633, 145
Trd, 000034.567, 144
Trd, 000034.867, 147
Trd, 000035.083, 146
Trd, 000035.517, 143
Trd, 000036.550, 145
Trd, 000036.917, 144
Trd, 000037.933, 145
Trd, 000038.383, 148
Trd, 000038.817, 150
Trd, 000040.100, 146
Trd, 000040.483, 149
Trd, 000041.083, 148
Trd, 000041.150, 150
Trd, 000041.483, 147
Trd, 000042.733, 146
Trd, 000042.833, 147
Trd, 000043.033, 150
Trd, 000043.583, 149
Trd, 000045.317, 144
Trd, 000045.667, 144
Trd, 000046.517, 144
Trd, 000046.583, 144
Trd, 000046.733, 145
Trd, 000047.117, 152
Trd, 000047.900, 150
Trd, 000048.017, 149
Trd, 000048.033, 143
Trd, 000048.117, 152
Trd, 000048.817, 140
Trd, 000048.850, 140
Trd, 000049.117, 170
Trd, 000050.817, 159
Trd, 000051.450, 163
Trd, 000052.200, 150
Trd, 000052.600, 146
Trd, 000054.083, 150
Trd, 000054.667, 141
Trd, 000055.533, 148
Trd, 000055.583, 149
Trd, 000057.833, 144
Trd, 000057.900, 145
Trd, 000057.950, 147
Trd, 000058.000, 148
Trd, 000058.517, 148
Trd, 000058.633, 149
Trd, 000059.350, 149
Trd, 000059.683, 150
Trd, 000059.850, 145
Trd, 000061.683, 144
Trd, 000062.083, 147
Trd, 000063.133, 148
Trd, 000063.383, 148
Trd, 000063.533, 142
Trd, 000063.617, 148
Trd, 000063.850, 141
Trd, 000065.883, 143
Trd, 000066.583, 141
Trd, 000067.000, 143
Trd, 000067.150, 142
Trd, 000067.500, 140
Trd, 000067.933, 143
Trd, 000068.317, 143
Trd, 000069.317, 143
Trd, 000069.600, 142
Trd, 000070.117, 141
Trd, 000070.483, 142
Trd, 000070.733, 143
Trd, 000071.183, 144
Trd, 000071.617, 151
Trd, 000072.433, 148
Trd, 000072.667, 154
Trd, 000072.683, 155
Trd, 000074.050, 152
Trd, 000074.650, 151
Trd, 000074.850, 150
Trd, 000075.533, 152
Trd, 000077.183, 149
Trd, 000078.367, 150
Trd, 000078.667, 151
Trd, 000078.683, 152
Trd, 000079.383, 151
Trd, 000080.517, 152
Trd, 000080.600, 150
Trd, 000080.933, 149
Trd, 000082.483, 148
Trd, 000082.667, 150
Trd, 000082.750, 150
Trd, 000082.783, 151
Trd, 000084.100, 152
Trd, 000084.450, 156
Trd, 000084.917, 144
Trd, 000085.783, 152
Trd, 000086.733, 141
Trd, 000086.833, 142
Trd, 000086.933, 143
Trd, 000086.967, 153
Trd, 000087.650, 154
Trd, 000088.267, 156
Trd, 000088.483, 155
Trd, 000088.550, 157
Trd, 000089.033, 150
Trd, 000090.383, 165
Trd, 000090.433, 149
Trd, 000091.067, 167
Trd, 000091.750, 158
Trd, 000092.683, 155
Trd, 000092.700, 144
Trd, 000093.633, 153
Trd, 000094.333, 154
Trd, 000094.350, 151
Trd, 000095.083, 147
Trd, 000095.367, 151
Trd, 000097.233, 151
Trd, 000097.583, 151
Trd, 000097.650, 150
Trd, 000097.800, 152
Trd, 000098.900, 166
Trd, 000099.650, 165
Trd, 000101.300, 155
Trd, 000101.433, 157
Trd, 000101.483, 151
Trd, 000101.683, 150
Trd, 000102.567, 152
Trd, 000103.250, 151
Trd, 000103.583, 154
Trd, 000104.100, 167
Trd, 000104.167, 147
Trd, 000105.267, 153
Trd, 000105.983, 153
Trd, 000106.100, 149
Trd, 000107.117, 150
Trd, 000107.217, 162
Trd, 000107.233, 163
Trd, 000107.467, 167
Trd, 000108.567, 158
Trd, 000110.200, 159
Trd, 000110.750, 157
Trd, 000110.833, 157
Trd, 000110.933, 156
Trd, 000112.800, 154
Trd, 000112.933, 157
Trd, 000114.117, 153
Trd, 000114.400, 154
Trd, 000114.483, 157
Trd, 000115.283, 145
Trd, 000115.800, 154
Trd, 000115.900, 155
Trd, 000116.083, 155
Trd, 000117.050, 147
Trd, 000117.267, 139
Trd, 000117.450, 149
Trd, 000118.083, 145
Trd, 000118.500, 147
Trd, 000120.250, 142
Trd, 000120.617, 142
Trd, 000120.900, 147
Trd, 000121.067, 150
Trd, 000121.183, 150
Trd, 000121.417, 156
Trd, 000121.717, 160
Trd, 000124.000, 167
Trd, 000124.483, 177
Trd, 000124.500, 191
Trd, 000124.717, 197
Trd, 000124.733, 205
Trd, 000124.767, 299
Trd, 000124.867, 306.0
Trd, 000125.550, 312.0
Trd, 000125.583, 313.0
Trd, 000125.833, 317.0
Trd, 000125.967, 321
Trd, 000126.600, 333.0
Trd, 000127.300, 327.0
Trd, 000127.467, 334.0
Trd, 000129.633, 328
Trd, 000129.800, 333
Trd, 000130.867, 329.0
Trd, 000130.950, 329.0
Trd, 000131.450, 334.0
Trd, 000131.467, 329.0
Trd, 000132.717, 337
Trd, 000133.700, 334
Trd, 000133.883, 340
Trd, 000135.117, 340
Trd, 000135.483, 341
Trd, 000135.817, 342
Trd, 000136.250, 347.0
Trd, 000136.917, 335
Trd, 000138.000, 334.0
Trd, 000139.333, 332
Trd, 000139.617, 340
Trd, 000140.267, 341
Trd, 000140.483, 334
Trd, 000141.383, 341
Trd, 000141.750, 338
Trd, 000142.817, 339
Trd, 000143.417, 337
Trd, 000144.133, 335
Trd, 000144.567, 338
Trd, 000145.133, 340
Trd, 000145.733, 340
Trd, 000147.067, 344
Trd, 000147.450, 345
Trd, 000147.767, 365
Trd, 000148.467, 347
Trd, 000149.100, 345
Trd, 000149.183, 347
Trd, 000150.500, 336
Trd, 000151.250, 345
Trd, 000151.383, 346
Trd, 000152.083, 344
Trd, 000152.333, 345
Trd, 000153.217, 336.0
Trd, 000153.950, 334.0
Trd, 000154.200, 339
Trd, 000154.250, 328.0
Trd, 000154.533, 337
Trd, 000154.850, 340
Trd, 000155.700, 337
Trd, 000156.300, 341
Trd, 000157.683, 340
Trd, 000157.933, 337
Trd, 000158.383, 335
Trd, 000158.950, 340
Trd, 000159.350, 339
Trd, 000159.683, 337
Trd, 000159.833, 339
Trd, 000159.917, 342
Trd, 000160.083, 336
Trd, 000163.183, 338
Trd, 000163.817, 335
Trd, 000163.900, 337
Trd, 000164.000, 338
Trd, 000164.133, 339
Trd, 000165.000, 339
Trd, 000165.483, 340
Trd, 000165.567, 335.0
Trd, 000166.217, 344
Trd, 000166.833, 335
Trd, 000167.750, 356
Trd, 000168.633, 345
Trd, 000169.650, 344
Trd, 000170.000, 341
Trd, 000170.700, 342
Trd, 000170.950, 343
Trd, 000171.817, 347
Trd, 000172.617, 342
Trd, 000172.817, 336
Trd, 000174.167, 334
Trd, 000174.733, 339
Trd, 000175.200, 339
Trd, 000176.100, 339
Trd, 000176.217, 338
Trd, 000176.617, 341
Trd, 000176.883, 342
Trd, 000177.033, 334.0
Trd, 000177.933, 339
Trd, 000178.533, 341
Trd, 000179.350, 343
Trd, 000179.750, 344
Trd, 000179.800, 346
Trd, 000179.950, 348.0
Trd, 000180.167, 358
Trd, 000180.683, 339
Trd, 000181.317, 339
Trd, 000181.983, 339
Trd, 000182.567, 336
Trd, 000182.767, 334.0
Trd, 000183.300, 319
Trd, 000183.333, 319
Trd, 000184.283, 317
Trd, 000184.350, 298
Trd, 000185.200, 233
Trd, 000185.233, 193
Trd, 000185.483, 186
Trd, 000186.317, 204
Trd, 000186.433, 179
Trd, 000186.583, 176
Trd, 000186.650, 164
Trd, 000186.850, 194
Trd, 000188.167, 153
Trd, 000188.217, 154
Trd, 000188.650, 155
Trd, 000189.367, 156
Trd, 000189.783, 157
Trd, 000189.900, 164
Trd, 000190.167, 155
Trd, 000190.883, 161
Trd, 000191.650, 180
Trd, 000192.500, 166
Trd, 000192.550, 181
Trd, 000193.433, 168
Trd, 000195.200, 165
Trd, 000195.533, 165
Trd, 000195.717, 166
Trd, 000195.883, 167
Trd, 000196.550, 165
Trd, 000196.817, 165
Trd, 000197.633, 164
Trd, 000197.900, 164
Trd, 000198.200, 164
Trd, 000199.617, 162
Trd, 000199.950, 164
Trd, 000200.300, 168
Trd, 000201.517, 164
Trd, 000201.933, 157
Trd, 000203.267, 160
Trd, 000203.800, 159
Trd, 000204.317, 158
Trd, 000204.633, 157
Trd, 000204.833, 160
Trd, 000205.233, 163
Trd, 000205.517, 155
Trd, 000205.800, 154
Trd, 000206.417, 155
Trd, 000206.767, 164
Trd, 000207.367, 178
Trd, 000207.717, 184
Trd, 000208.483, 169
Trd, 000208.550, 156
Trd, 000209.467, 155
Trd, 000210.917, 162
Trd, 000211.400, 163
Trd, 000211.533, 158
Trd, 000211.867, 157
Trd, 000212.417, 161
Trd, 000214.067, 159
Trd, 000214.133, 159
Trd, 000214.733, 180
Trd, 000214.983, 168
Trd, 000215.817, 160
Trd, 000215.883, 156
Trd, 000216.850, 159
Trd, 000217.683, 164
Trd, 000218.750, 165
Trd, 000219.200, 165
Trd, 000219.800, 164
Trd, 000220.000, 164
Trd, 000221.267, 165
Trd, 000221.350, 162
Trd, 000223.467, 162
Trd, 000223.583, 162
Trd, 000224.267, 161
Trd, 000225.117, 158
Trd, 000225.300, 160
Trd, 000225.383, 166
Trd, 000225.650, 170
Trd, 000226.867, 157
Trd, 000227.200, 171
Trd, 000227.333, 165
Trd, 000228.100, 168
Trd, 000228.417, 171
Trd, 000229.233, 163
Trd, 000229.417, 165
Trd, 000229.800, 162
Trd, 000229.933, 158
Trd, 000230.000, 166
Trd, 000230.367, 167
Trd, 000231.933, 162
Trd, 000231.967, 163
Trd, 000232.133, 165
Trd, 000233.200, 171
Trd, 000233.250, 184
Trd, 000234.417, 172
Trd, 000235.683, 172
Trd, 000235.800, 185
Trd, 000236.300, 178
Trd, 000237.633, 157
Trd, 000238.783, 172
Trd, 000238.967, 170
Trd, 000239.017, 170
Trd, 000240.067, 160
Trd, 000240.450, 169
Trd, 000240.550, 169
Trd, 000240.983, 168
Trd, 000241.483, 170
Trd, 000241.733, 170
Trd, 000242.567, 171
Trd, 000242.633, 175
Trd, 000243.183, 184
Trd, 000243.600, 183
Trd, 000243.717, 182
Trd, 000244.017, 184
Trd, 000244.167, 183
Trd, 000245.283, 175
Trd, 000245.617, 176
Trd, 000245.650, 177
Trd, 000245.917, 183
Trd, 000245.967, 175
Trd, 000246.767, 182
Trd, 000246.867, 178
Trd, 000247.500, 186
Trd, 000247.767, 189
Trd, 000248.817, 185
Trd, 000249.050, 185
Trd, 000249.183, 184
Trd, 000249.283, 180
Trd, 000249.850, 180
Trd, 000250.133, 185
Trd, 000250.317, 186
Trd, 000250.633, 186
Trd, 000250.933, 187
Trd, 000251.083, 187
Trd, 000252.983, 182
Trd, 000253.150, 182
Trd, 000253.600, 173
Trd, 000254.117, 175
Trd, 000254.233, 176
Trd, 000254.283, 176
Trd, 000254.683, 177
Trd, 000255.267, 176
Trd, 000255.550, 175
Trd, 000255.983, 175
Trd, 000256.167, 174
Trd, 000256.333, 167
Trd, 000256.383, 166
Trd, 000257.117, 175
Trd, 000257.617, 162
Trd, 000258.017, 176
Trd, 000259.133, 170
Trd, 000259.350, 173
Trd, 000259.767, 174
Trd, 000259.917, 174
Trd, 000260.100, 175
Trd, 000260.800, 176
Trd, 000260.833, 176
Trd, 000261.017, 172
Trd, 000261.517, 172
Trd, 000261.917, 176
Trd, 000262.167, 181
Trd, 000262.400, 184
Trd, 000263.200, 187
Trd, 000263.317, 188
Trd, 000263.783, 189
Trd, 000263.867, 189
Trd, 000264.050, 187
Trd, 000264.250, 175
Trd, 000264.950, 181
Trd, 000265.550, 181
Trd, 000266.383, 179
Trd, 000266.450, 181
Trd, 000266.583, 181
Trd, 000266.800, 184
Trd, 000266.917, 178
Trd, 000267.767, 188
Trd, 000268.833, 179
Trd, 000269.850, 186
Trd, 000270.267, 182
Trd, 000270.317, 161
Trd, 000270.617, 186
Trd, 000270.867, 187
Trd, 000270.917, 189
Trd, 000270.950, 186
Trd, 000272.000, 187
Trd, 000272.417, 187
Trd, 000272.717, 186
Trd, 000273.267, 182
Trd, 000273.767, 176
Trd, 000273.967, 184
Trd, 000274.250, 183
Trd, 000274.350, 177
Trd, 000274.383, 185
Trd, 000275.050, 181
Trd, 000275.133, 182
Trd, 000275.267, 185
Trd, 000275.383, 192
Trd, 000275.700, 183
Trd, 000276.267, 180
Trd, 000276.750, 172
Trd, 000278.583, 176
Trd, 000279.083, 176
Trd, 000279.500, 177
Trd, 000279.900, 175
Trd, 000280.417, 173
Trd, 000280.967, 166
Trd, 000281.200, 174
Trd, 000281.317, 174
Trd, 000281.367, 176
Trd, 000281.800, 179
Trd, 000282.083, 183
Trd, 000282.250, 178
Trd, 000282.883, 177
Trd, 000283.367, 177
Trd, 000283.617, 178
Trd, 000284.250, 179
Trd, 000284.267, 179
Trd, 000284.383, 180
Trd, 000284.767, 175
Trd, 000284.967, 181
Trd, 000285.233, 174
Trd, 000285.583, 182
Trd, 000285.950, 183
Trd, 000286.583, 183
Trd, 000286.667, 174
Trd, 000287.083, 182
Trd, 000287.917, 171
Trd, 000287.967, 182
Trd, 000288.250, 171
Trd, 000289.617, 184
Trd, 000290.050, 183
Trd, 000290.567, 184
Trd, 000291.017, 180
Trd, 000291.133, 178
Trd, 000291.300, 184
Trd, 000291.750, 174
Trd, 000292.300, 178
Trd, 000292.550, 180
Trd, 000292.883, 173
Trd, 000293.233, 179
Trd, 000293.450, 170
Trd, 000293.467, 180
Trd, 000293.500, 166
Trd, 000294.150, 187
Trd, 000294.267, 184
Trd, 000294.450, 188
Trd, 000295.133, 184
Trd, 000295.417, 190
Trd, 000295.667, 191
Trd, 000296.067, 187
Trd, 000296.667, 176
Trd, 000296.733, 175
Trd, 000298.117, 179
Trd, 000298.200, 179
Trd, 000298.383, 178
Trd, 000298.867, 174
Trd, 000299.517, 179
Trd, 000299.600, 179
Trd, 000299.650, 180
