Trd, 000001.950, 187
Trd, 000003.300, 145
Trd, 000003.383, 144
Trd, 000003.550, 179
Trd, 000003.600, 144
Trd, 000004.117, 135
Trd, 000005.083, 143
Trd, 000006.317, 143
Trd, 000006.500, 144
Trd, 000006.950, 142
Trd, 000007.150, 141
Trd, 000007.967, 152
Trd, 000008.583, 161
Trd, 000009.883, 158
Trd, 000010.267, 153
Trd, 000010.450, 151
Trd, 000010.600, 160
Trd, 000010.650, 150
Trd, 000011.100, 159
Trd, 000011.450, 150
Trd, 000012.333, 149
Trd, 000014.350, 157
Trd, 000014.367, 156
Trd, 000014.500, 155
Trd, 000014.700, 155
Trd, 000015.100, 163
Trd, 000015.867, 152
Trd, 000017.467, 154
Trd, 000017.750, 153
Trd, 000018.183, 155
Trd, 000018.650, 163
Trd, 000019.300, 153
Trd, 000020.433, 158
Trd, 000020.967, 159
Trd, 000021.000, 157
Trd, 000021.117, 154
Trd, 000021.367, 170
Trd, 000022.300, 146
Trd, 000022.400, 145
Trd, 000023.450, 165
Trd, 000024.550, 158
Trd, 000025.533, 159
Trd, 000025.817, 157
Trd, 000026.933, 162
Trd, 000027.467, 158
Trd, 000027.617, 182
Trd, 000028.433, 157
Trd, 000028.533, 150
Trd, 000028.633, 172
Trd, 000029.867, 148
Trd, 000030.733, 150
Trd, 000030.833, 149
Trd, 000031.300, 168
Trd, 000031.583, 169
Trd, 000032.033, 169
Trd, 000033.000, 157
Trd, 000034.550, 158
Trd, 000034.567, 157
Trd, 000034.817, 175
Trd, 000034.950, 175
Trd, 000035.067, 156
Trd, 000038.217, 160
Trd, 000038.950, 158
Trd, 000039.000, 157
Trd, 000039.200, 159
Trd, 000039.250, 156
Trd, 000039.500, 155
Trd, 000040.933, 157
Trd, 000041.333, 168
Trd, 000041.383, 152
Trd, 000041.533, 169
Trd, 000041.700, 183
Trd, 000042.367, 155
Trd, 000042.417, 152
Trd, 000045.250, 153
Trd, 000045.433, 152
Trd, 000045.933, 153
Trd, 000046.250, 156
Trd, 000046.567, 154
Trd, 000046.900, 155
Trd, 000048.583, 139
Trd, 000048.950, 147
Trd, 000049.333, 142
Trd, 000049.567, 149
Trd, 000049.950, 143
Trd, 000050.083, 148
Trd, 000051.050, 149
Trd, 000052.100, 148
Trd, 000053.600, 167
Trd, 000053.633, 159
Trd, 000053.817, 148
Trd, 000054.067, 169
Trd, 000054.200, 154
Trd, 000054.217, 170
Trd, 000055.567, 169
Trd, 000055.783, 168
Trd, 000055.800, 167
Trd, 000057.300, 168
Trd, 000058.100, 161
Trd, 000058.983, 163
Trd, 000059.050, 168
Trd, 000059.067, 159
Trd, 000059.250, 167
Trd, 000060.383, 159
Trd, 000060.967, 167
Trd, 000061.217, 155
Trd, 000063.200, 164
Trd, 000063.850, 155
Trd, 000064.683, 154
Trd, 000064.867, 153
Trd, 000065.317, 149
Trd, 000065.667, 154
Trd, 000066.733, 156
Trd, 000068.600, 166
Trd, 000069.183, 160
Trd, 000069.683, 168
Trd, 000070.017, 157
Trd, 000070.117, 156
Trd, 000070.350, 155
Trd, 000070.750, 156
Trd, 000071.483, 156
Trd, 000072.117, 153
Trd, 000072.467, 141
Trd, 000072.750, 145
Trd, 000073.100, 151
Trd, 000073.717, 168
Trd, 000073.883, 168
Trd, 000073.917, 169
Trd, 000075.833, 162
Trd, 000075.983, 160
Trd, 000076.567, 166
Trd, 000076.833, 159
Trd, 000076.933, 155
Trd, 000077.267, 179
Trd, 000077.617, 168
Trd, 000078.317, 167
Trd, 000079.067, 166
Trd, 000079.117, 173
Trd, 000079.550, 175
Trd, 000079.600, 165
Trd, 000080.600, 156
Trd, 000080.817, 150
Trd, 000080.900, 139
Trd, 000081.683, 152
Trd, 000081.733, 154
Trd, 000081.883, 175
Trd, 000082.000, 176
Trd, 000082.050, 144
Trd, 000083.333, 137
Trd, 000084.650, 174
Trd, 000084.950, 164
Trd, 000085.100, 159
Trd, 000086.133, 161
Trd, 000086.583, 160
Trd, 000086.633, 162
Trd, 000086.900, 164
Trd, 000086.933, 174
Trd, 000087.433, 158
Trd, 000087.900, 180
Trd, 000088.117, 157
Trd, 000088.933, 158
Trd, 000090.383, 155
Trd, 000090.533, 154
Trd, 000091.250, 158
Trd, 000091.350, 155
Trd, 000091.467, 155
Trd, 000092.433, 179
Trd, 000093.650, 167
Trd, 000094.100, 165
Trd, 000094.450, 163
Trd, 000094.483, 162
Trd, 000094.833, 153
Trd, 000095.267, 149
Trd, 000096.300, 153
Trd, 000097.817, 168
Trd, 000099.383, 158
Trd, 000099.433, 164
Trd, 000099.667, 165
Trd, 000100.567, 172
Trd, 000100.850, 162
Trd, 000100.933, 161
Trd, 000101.100, 160
Trd, 000101.400, 158
Trd, 000101.433, 158
Trd, 000101.483, 152
Trd, 000103.050, 151
Trd, 000103.750, 169
Trd, 000104.817, 155
Trd, 000105.117, 171
Trd, 000105.283, 158
Trd, 000105.633, 172
Trd, 000105.967, 161
Trd, 000106.183, 155
Trd, 000106.750, 155
Trd, 000107.183, 155
Trd, 000107.467, 165
Trd, 000108.500, 161
Trd, 000110.683, 154
Trd, 000112.733, 160
Trd, 000113.000, 160
Trd, 000113.083, 163
Trd, 000113.150, 159
Trd, 000113.650, 160
Trd, 000114.067, 172
Trd, 000114.617, 164
Trd, 000114.867, 177
Trd, 000115.867, 165
Trd, 000116.450, 183
Trd, 000116.900, 168
Trd, 000116.933, 167
Trd, 000116.983, 164
Trd, 000117.500, 180
Trd, 000118.033, 169
Trd, 000118.817, 159
Trd, 000118.833, 156
Trd, 000119.100, 179
Trd, 000120.000, 173
Trd, 000120.383, 163
Trd, 000121.083, 175
Trd, 000121.150, 174
Trd, 000121.233, 176
Trd, 000121.567, 184
Trd, 000121.750, 201
Trd, 000123.333, 195
Trd, 000123.533, 214
Trd, 000123.767, 219
Trd, 000124.067, 250
Trd, 000124.150, 252
Trd, 000124.333, 314
Trd, 000124.800, 320.0
Trd, 000125.283, 325.0
Trd, 000125.500, 326
Trd, 000126.017, 327
Trd, 000126.150, 337.0
Trd, 000126.217, 344.0
Trd, 000126.450, 324.0
Trd, 000126.800, 353
Trd, 000127.917, 365
Trd, 000128.133, 345
Trd, 000129.133, 347
Trd, 000129.517, 346
Trd, 000130.300, 347
Trd, 000130.783, 345
Trd, 000130.917, 347
Trd, 000131.217, 348
Trd, 000131.783, 344
Trd, 000132.250, 345
Trd, 000132.983, 344
Trd, 000133.517, 341
Trd, 000133.717, 338
Trd, 000134.200, 340
Trd, 000134.483, 362.0
Trd, 000134.783, 357
Trd, 000135.717, 351
Trd, 000135.900, 352
Trd, 000136.267, 340
Trd, 000137.533, 340
Trd, 000138.033, 341
Trd, 000138.417, 340
Trd, 000138.900, 342
Trd, 000139.850, 343.0
Trd, 000139.917, 344.0
Trd, 000140.100, 349
Trd, 000140.717, 339
Trd, 000141.117, 339
Trd, 000141.917, 346
Trd, 000141.967, 345
Trd, 000144.433, 351
Trd, 000145.050, 352
Trd, 000145.117, 348
Trd, 000145.433, 352
Trd, 000146.367, 348.0
Trd, 000146.600, 362.0
Trd, 000147.700, 359
Trd, 000147.967, 363
Trd, 000148.083, 353
Trd, 000148.367, 352
Trd, 000148.583, 365
Trd, 000148.817, 348.0
Trd, 000149.267, 343
Trd, 000149.467, 350
Trd, 000149.550, 379.0
Trd, 000150.100, 345
Trd, 000152.067, 347
Trd, 000152.150, 348
Trd, 000152.650, 352
Trd, 000152.933, 345
Trd, 000152.967, 341
Trd, 000153.183, 349
Trd, 000154.033, 340
Trd, 000154.383, 340
Trd, 000155.100, 341
Trd, 000155.617, 340
Trd, 000156.350, 339
Trd, 000156.650, 362.0
Trd, 000157.067, 357
Trd, 000158.683, 353
Trd, 000159.050, 345
Trd, 000159.133, 345
Trd, 000159.150, 342
Trd, 000160.317, 361
Trd, 000161.233, 353
Trd, 000162.017, 346
Trd, 000162.200, 359.0
Trd, 000162.500, 342
Trd, 000163.267, 344.0
Trd, 000164.200, 350
Trd, 000165.367, 350
Trd, 000166.550, 352
Trd, 000166.983, 358
Trd, 000167.033, 352
Trd, 000168.533, 358
Trd, 000168.550, 352.0
Trd, 000169.067, 353
Trd, 000169.767, 351.0
Trd, 000170.717, 349.0
Trd, 000171.233, 349
Trd, 000171.650, 357
Trd, 000173.100, 348
Trd, 000173.183, 349
Trd, 000173.267, 347
Trd, 000174.250, 344.0
Trd, 000174.367, 343
Trd, 000175.783, 345
Trd, 000176.300, 342
Trd, 000176.833, 346
Trd, 000177.017, 362.0
Trd, 000177.833, 346
Trd, 000178.550, 345
Trd, 000180.067, 340
Trd, 000180.300, 344.0
Trd, 000180.900, 340
Trd, 000181.467, 334.0
Trd, 000181.600, 333.0
Trd, 000181.917, 331.0
Trd, 000182.000, 331
Trd, 000182.200, 327.0
Trd, 000182.433, 346
Trd, 000182.617, 324.0
Trd, 000182.867, 319
Trd, 000183.600, 274
Trd, 000183.867, 218
Trd, 000184.167, 201
Trd, 000184.517, 200
Trd, 000185.750, 208
Trd, 000187.150, 193
Trd, 000187.633, 192
Trd, 000188.017, 192
Trd, 000188.283, 191
Trd, 000188.550, 181
Trd, 000188.900, 186
Trd, 000188.983, 174
Trd, 000189.900, 160
Trd, 000190.167, 154
Trd, 000190.717, 190
Trd, 000192.217, 173
Trd, 000192.500, 180
Trd, 000192.567, 170
Trd, 000192.900, 167
Trd, 000193.000, 181
Trd, 000193.717, 168
Trd, 000196.733, 176
Trd, 000197.017, 180
Trd, 000197.600, 181
Trd, 000197.983, 178
Trd, 000198.100, 181
Trd, 000198.467, 185
Trd, 000198.533, 191
Trd, 000198.783, 167
Trd, 000198.867, 169
Trd, 000200.367, 165
Trd, 000200.783, 174
Trd, 000201.567, 166
Trd, 000202.367, 178
Trd, 000202.517, 182
Trd, 000203.150, 168
Trd, 000203.383, 191
Trd, 000204.717, 170
Trd, 000205.283, 176
Trd, 000205.367, 166
Trd, 000205.433, 160
Trd, 000206.667, 182
Trd, 000206.917, 181
Trd, 000207.033, 184
Trd, 000207.433, 169
Trd, 000208.150, 173
Trd, 000208.317, 172
Trd, 000209.867, 159
Trd, 000210.017, 176
Trd, 000210.700, 169
Trd, 000211.317, 176
Trd, 000211.350, 177
Trd, 000211.750, 186
Trd, 000211.867, 193
Trd, 000212.650, 173
Trd, 000213.350, 171
Trd, 000214.250, 173
Trd, 000215.650, 178
Trd, 000215.750, 178
Trd, 000216.933, 176
Trd, 000217.933, 179
Trd, 000217.983, 183
Trd, 000219.900, 176
Trd, 000220.200, 175
Trd, 000220.250, 184
Trd, 000220.600, 184
Trd, 000220.900, 173
Trd, 000221.117, 173
Trd, 000221.333, 170
Trd, 000221.933, 166
Trd, 000222.100, 165
Trd, 000222.833, 174
Trd, 000223.667, 165
Trd, 000224.300, 185
Trd, 000224.733, 171
Trd, 000225.183, 171
Trd, 000225.500, 170
Trd, 000225.583, 177
Trd, 000226.300, 170
Trd, 000226.717, 177
Trd, 000227.067, 184
Trd, 000228.500, 187
Trd, 000229.167, 173
Trd, 000229.233, 172
Trd, 000231.100, 183
Trd, 000231.233, 188
Trd, 000231.517, 173
Trd, 000231.667, 171
Trd, 000232.100, 175
Trd, 000232.117, 185
Trd, 000232.983, 186
Trd, 000233.283, 174
Trd, 000233.633, 166
Trd, 000234.117, 167
Trd, 000234.833, 188
Trd, 000235.433, 164
Trd, 000237.483, 181
Trd, 000237.667, 190
Trd, 000237.733, 192
Trd, 000237.950, 180
Trd, 000239.850, 164
Trd, 000240.100, 164
Trd, 000240.200, 165
Trd, 000240.383, 164
Trd, 000240.517, 163
Trd, 000240.733, 163
Trd, 000240.967, 164
Trd, 000241.017, 165
Trd, 000241.967, 168
Trd, 000242.350, 176
Trd, 000243.750, 164
Trd, 000243.767, 172
Trd, 000244.333, 167
Trd, 000244.500, 170
Trd, 000244.600, 164
Trd, 000245.217, 174
Trd, 000245.267, 161
Trd, 000246.267, 184
Trd, 000246.283, 176
Trd, 000246.950, 182
Trd, 000247.283, 181
Trd, 000247.400, 181
Trd, 000247.650, 175
Trd, 000248.383, 181
Trd, 000248.550, 180
Trd, 000249.417, 179
Trd, 000249.650, 176
Trd, 000249.750, 172
Trd, 000249.933, 177
Trd, 000249.983, 170
Trd, 000250.283, 164
Trd, 000250.367, 168
Trd, 000251.633, 169
Trd, 000252.050, 177
Trd, 000252.367, 169
Trd, 000252.567, 186
Trd, 000253.067, 187
Trd, 000254.267, 175
Trd, 000254.550, 173
Trd, 000254.783, 169
Trd, 000255.150, 188
Trd, 000255.700, 170
Trd, 000255.817, 168
Trd, 000256.217, 168
Trd, 000256.500, 170
Trd, 000257.183, 181
Trd, 000257.267, 182
Trd, 000257.800, 192
Trd, 000258.267, 193
Trd, 000258.333, 189
Trd, 000258.650, 192
Trd, 000258.767, 188
Trd, 000258.900, 184
Trd, 000259.617, 183
Trd, 000260.083, 181
Trd, 000260.867, 182
Trd, 000261.200, 178
Trd, 000261.350, 186
Trd, 000261.467, 187
Trd, 000261.750, 188
Trd, 000262.850, 181
Trd, 000263.067, 182
Trd, 000263.867, 168
Trd, 000264.317, 166
Trd, 000264.333, 167
Trd, 000264.350, 170
Trd, 000265.017, 171
Trd, 000265.250, 167
Trd, 000266.050, 176
Trd, 000266.217, 175
Trd, 000267.400, 177
Trd, 000267.450, 176
Trd, 000267.667, 179
Trd, 000268.417, 175
Trd, 000268.767, 176
Trd, 000269.433, 171
Trd, 000269.467, 181
Trd, 000270.267, 189
Trd, 000270.433, 169
Trd, 000270.783, 191
Trd, 000271.250, 178
Trd, 000271.433, 171
Trd, 000272.167, 173
Trd, 000272.533, 173
Trd, 000273.100, 173
Trd, 000273.417, 192
Trd, 000273.783, 182
Trd, 000274.267, 190
Trd, 000274.850, 184
Trd, 000275.400, 182
Trd, 000275.417, 175
Trd, 000276.033, 173
Trd, 000276.350, 175
Trd, 000276.467, 172
Trd, 000277.367, 175
Trd, 000277.550, 175
Trd, 000278.050, 176
Trd, 000279.000, 175
Trd, 000279.017, 174
Trd, 000279.167, 173
Trd, 000279.350, 176
Trd, 000279.717, 169
Trd, 000279.883, 177
Trd, 000280.350, 183
Trd, 000280.700, 172
Trd, 000280.967, 182
Trd, 000281.033, 173
Trd, 000281.183, 190
Trd, 000282.400, 167
Trd, 000282.650, 169
Trd, 000282.750, 159
Trd, 000282.967, 170
Trd, 000283.167, 155
Trd, 000283.467, 171
Trd, 000284.483, 173
Trd, 000285.517, 167
Trd, 000285.783, 170
Trd, 000286.283, 196
Trd, 000286.483, 190
Trd, 000286.917, 188
Trd, 000287.583, 185
Trd, 000288.017, 184
Trd, 000288.250, 179
Trd, 000288.267, 177
Trd, 000288.367, 196
Trd, 000288.967, 174
Trd, 000289.700, 196
Trd, 000289.850, 180
Trd, 000290.300, 196
Trd, 000290.400, 182
Trd, 000291.233, 197
Trd, 000291.317, 185
Trd, 000291.467, 184
Trd, 000292.333, 184
Trd, 000292.433, 172
Trd, 000292.833, 178
Trd, 000292.950, 185
Trd, 000293.033, 169
Trd, 000293.283, 182
Trd, 000293.517, 168
Trd, 000293.750, 161
Trd, 000294.100, 162
Trd, 000294.333, 163
Trd, 000294.350, 173
Trd, 000296.233, 174
Trd, 000296.283, 170
Trd, 000296.700, 185
Trd, 000297.117, 191
Trd, 000297.250, 173
Trd, 000297.517, 174
Trd, 000298.283, 199
Trd, 000298.517, 187
Trd, 000298.583, 200
Trd, 000298.617, 186
Trd, 000298.950, 185
Trd, 000299.267, 179
Trd, 000299.500, 201
Trd, 000299.783, 185
