Trd, 000000.967, 179
Trd, 000001.450, 168
Trd, 000002.333, 165
Trd, 000002.367, 148
Trd, 000004.483, 172
Trd, 000004.950, 169
Trd, 000005.150, 168
Trd, 000005.233, 175
Trd, 000005.867, 170
Trd, 000006.767, 171
Trd, 000008.100, 166
Trd, 000009.167, 165
Trd, 000009.650, 157
Trd, 000009.700, 164
Trd, 000010.250, 156
Trd, 000010.450, 164
Trd, 000011.067, 162
Trd, 000011.600, 161
Trd, 000013.067, 159
Trd, 000013.650, 158
Trd, 000013.700, 156
Trd, 000013.817, 159
Trd, 000014.750, 153
Trd, 000015.033, 155
Trd, 000015.533, 156
Trd, 000016.167, 167
Trd, 000017.433, 160
Trd, 000017.550, 149
Trd, 000018.417, 146
Trd, 000018.500, 161
Trd, 000018.583, 162
Trd, 000018.967, 162
Trd, 000019.283, 157
Trd, 000020.083, 167
Trd, 000020.217, 171
Trd, 000020.583, 171
Trd, 000020.833, 170
Trd, 000020.967, 168
Trd, 000022.633, 167
Trd, 000024.017, 161
Trd, 000025.200, 154
Trd, 000025.217, 156
Trd, 000025.700, 156
Trd, 000025.967, 152
Trd, 000026.300, 157
Trd, 000026.783, 157
Trd, 000026.833, 153
Trd, 000028.217, 156
Trd, 000028.300, 158
Trd, 000028.467, 159
Trd, 000028.817, 154
Trd, 000030.083, 154
Trd, 000030.167, 161
Trd, 000031.150, 158
Trd, 000032.367, 156
Trd, 000032.467, 158
Trd, 000033.983, 156
Trd, 000034.317, 159
Trd, 000035.100, 159
Trd, 000035.167, 155
Trd, 000035.383, 159
Trd, 000035.433, 155
Trd, 000036.000, 151
Trd, 000036.367, 157
Trd, 000036.450, 157
Trd, 000036.617, 161
Trd, 000038.017, 152
Trd, 000038.150, 152
Trd, 000038.417, 151
Trd, 000038.633, 151
Trd, 000038.833, 153
Trd, 000038.933, 149
Trd, 000039.400, 159
Trd, 000039.567, 162
Trd, 000039.950, 171
Trd, 000042.583, 169
Trd, 000044.217, 170
Trd, 000044.817, 166
Trd, 000045.083, 167
Trd, 000045.183, 164
Trd, 000045.433, 166
Trd, 000046.100, 162
Trd, 000046.167, 166
Trd, 000046.683, 165
Trd, 000047.050, 166
Trd, 000049.550, 163
Trd, 000049.933, 161
Trd, 000049.983, 162
Trd, 000050.317, 163
Trd, 000050.617, 160
Trd, 000050.900, 163
Trd, 000051.233, 157
Trd, 000051.383, 156
Trd, 000051.633, 162
Trd, 000052.167, 163
Trd, 000054.017, 155
Trd, 000055.333, 160
Trd, 000055.983, 157
Trd, 000057.000, 158
Trd, 000057.017, 153
Trd, 000057.350, 160
Trd, 000057.483, 160
Trd, 000057.600, 160
Trd, 000057.617, 164
Trd, 000057.817, 162
Trd, 000058.333, 154
Trd, 000059.867, 162
Trd, 000060.217, 160
Trd, 000062.250, 161
Trd, 000062.550, 159
Trd, 000062.900, 158
Trd, 000063.933, 164
Trd, 000064.550, 161
Trd, 000065.133, 160
Trd, 000065.267, 161
Trd, 000065.733, 162
Trd, 000066.333, 158
Trd, 000067.717, 159
Trd, 000067.767, 158
Trd, 000067.850, 159
Trd, 000068.117, 158
Trd, 000069.000, 159
Trd, 000069.083, 162
Trd, 000070.083, 165
Trd, 000070.783, 164
Trd, 000071.417, 172
Trd, 000071.783, 160
Trd, 000072.283, 171
Trd, 000073.050, 150
Trd, 000073.167, 167
Trd, 000074.367, 165
Trd, 000075.367, 162
Trd, 000075.517, 161
Trd, 000075.783, 161
Trd, 000076.367, 163
Trd, 000077.283, 159
Trd, 000077.583, 164
Trd, 000077.650, 166
Trd, 000078.300, 164
Trd, 000079.017, 165
Trd, 000079.183, 159
Trd, 000079.483, 166
Trd, 000080.683, 167
Trd, 000080.767, 171
Trd, 000081.000, 160
Trd, 000081.483, 173
Trd, 000082.783, 178
Trd, 000083.050, 159
Trd, 000083.350, 168
Trd, 000084.017, 166
Trd, 000085.050, 162
Trd, 000085.583, 156
Trd, 000086.050, 164
Trd, 000086.167, 163
Trd, 000086.200, 152
Trd, 000086.883, 163
Trd, 000087.617, 167
Trd, 000089.750, 163
Trd, 000089.983, 165
Trd, 000090.067, 169
Trd, 000090.217, 162
Trd, 000090.333, 177
Trd, 000090.867, 161
Trd, 000091.283, 164
Trd, 000092.350, 165
Trd, 000092.600, 165
Trd, 000092.650, 166
Trd, 000093.967, 165
Trd, 000094.133, 165
Trd, 000094.767, 164
Trd, 000094.917, 162
Trd, 000095.283, 153
Trd, 000095.383, 156
Trd, 000096.000, 166
Trd, 000096.033, 150
Trd, 000096.767, 147
Trd, 000097.383, 146
Trd, 000097.400, 159
Trd, 000098.183, 166
Trd, 000099.200, 163
Trd, 000099.733, 161
Trd, 000099.750, 162
Trd, 000099.917, 162
Trd, 000100.617, 163
Trd, 000101.250, 166
Trd, 000101.417, 175
Trd, 000102.433, 164
Trd, 000103.900, 165
Trd, 000104.283, 164
Trd, 000104.783, 163
Trd, 000105.367, 162
Trd, 000105.550, 159
Trd, 000105.883, 165
Trd, 000107.433, 165
Trd, 000107.817, 166
Trd, 000108.267, 165
Trd, 000108.333, 169
Trd, 000108.500, 160
Trd, 000109.050, 168
Trd, 000109.067, 161
Trd, 000109.933, 174
Trd, 000110.100, 175
Trd, 000111.333, 174
Trd, 000111.400, 175
Trd, 000111.617, 174
Trd, 000111.700, 176
Trd, 000111.767, 176
Trd, 000112.783, 179
Trd, 000113.717, 175
Trd, 000113.733, 175
Trd, 000114.617, 174
Trd, 000114.900, 175
Trd, 000115.900, 160
Trd, 000116.267, 167
Trd, 000116.833, 176
Trd, 000117.100, 171
Trd, 000117.633, 176
Trd, 000117.783, 176
Trd, 000117.917, 171
Trd, 000118.733, 172
Trd, 000118.817, 173
Trd, 000118.933, 174
Trd, 000119.417, 174
Trd, 000120.083, 174
Trd, 000120.317, 170
Trd, 000120.783, 162
Trd, 000121.350, 175
Trd, 000122.067, 178
Trd, 000122.950, 191
Trd, 000123.033, 170
Trd, 000123.400, 208
Trd, 000123.650, 231
Trd, 000124.250, 247
Trd, 000124.433, 305
Trd, 000124.733, 302
Trd, 000125.133, 313.0
Trd, 000125.167, 320.0
Trd, 000126.250, 331
Trd, 000126.350, 334.0
Trd, 000126.783, 334
Trd, 000126.850, 337.0
Trd, 000127.450, 341
Trd, 000128.333, 353
Trd, 000129.617, 350.0
Trd, 000129.967, 360.0
Trd, 000130.733, 348.0
Trd, 000130.833, 352
Trd, 000130.867, 339
Trd, 000130.883, 354
Trd, 000130.967, 352
Trd, 000131.133, 321
Trd, 000131.867, 337
Trd, 000132.983, 347
Trd, 000133.050, 337.0
Trd, 000133.933, 350
Trd, 000134.033, 351
Trd, 000134.067, 337.0
Trd, 000134.117, 336
Trd, 000135.400, 354
Trd, 000136.400, 352
Trd, 000137.317, 348.0
Trd, 000137.833, 353
Trd, 000138.833, 353
Trd, 000139.550, 358
Trd, 000139.867, 350.0
Trd, 000139.900, 379.0
Trd, 000140.200, 367
Trd, 000140.217, 353
Trd, 000140.517, 348.0
Trd, 000141.467, 362.0
Trd, 000141.867, 364.0
Trd, 000142.167, 354
Trd, 000142.200, 364
Trd, 000144.683, 358.0
Trd, 000144.767, 355.0
Trd, 000145.900, 355
Trd, 000147.233, 355
Trd, 000147.383, 356
Trd, 000147.700, 355
Trd, 000148.100, 354
Trd, 000148.867, 356
Trd, 000149.467, 360
Trd, 000150.283, 369
Trd, 000150.333, 355
Trd, 000150.383, 348.0
Trd, 000150.683, 361
Trd, 000151.017, 345.0
Trd, 000151.917, 342
Trd, 000152.483, 358
Trd, 000153.017, 358
Trd, 000153.350, 348.0
Trd, 000153.533, 361
Trd, 000155.750, 358.0
Trd, 000155.917, 359.0
Trd, 000156.183, 365.0
Trd, 000157.650, 363
Trd, 000157.867, 355.0
Trd, 000159.417, 353
Trd, 000159.783, 355
Trd, 000160.917, 356
Trd, 000161.833, 355.0
Trd, 000161.900, 357
Trd, 000162.067, 358
Trd, 000162.300, 354
Trd, 000162.600, 347
Trd, 000164.050, 350
Trd, 000164.117, 348.0
Trd, 000164.567, 340
Trd, 000165.267, 339
Trd, 000166.017, 354
Trd, 000166.617, 344
Trd, 000166.733, 343
Trd, 000166.800, 355
Trd, 000168.050, 348.0
Trd, 000168.450, 346
Trd, 000168.650, 353
Trd, 000168.717, 354
Trd, 000169.850, 345
Trd, 000170.617, 350
Trd, 000171.350, 348
Trd, 000171.700, 349
Trd, 000172.383, 347
Trd, 000172.900, 352
Trd, 000173.717, 352
Trd, 000173.933, 350
Trd, 000174.000, 355
Trd, 000174.683, 349.0
Trd, 000174.817, 348.0
Trd, 000175.967, 354
Trd, 000176.017, 355
Trd, 000176.883, 358
Trd, 000177.283, 368.0
Trd, 000177.900, 368
Trd, 000178.517, 365
Trd, 000178.767, 359
Trd, 000179.583, 355.0
Trd, 000180.083, 359
Trd, 000181.317, 354
Trd, 000181.700, 350.0
Trd, 000182.650, 356
Trd, 000182.667, 348.0
Trd, 000183.383, 340
Trd, 000183.633, 355
Trd, 000183.650, 334.0
Trd, 000184.167, 306.0
Trd, 000184.250, 265
Trd, 000184.900, 208
Trd, 000185.150, 200
Trd, 000185.250, 197
Trd, 000185.583, 213
Trd, 000186.217, 186
Trd, 000186.700, 183
Trd, 000187.167, 179
Trd, 000187.833, 174
Trd, 000189.300, 199
Trd, 000189.367, 187
Trd, 000189.400, 200
Trd, 000191.900, 192
Trd, 000192.300, 189
Trd, 000192.433, 184
Trd, 000192.567, 190
Trd, 000193.067, 191
Trd, 000194.367, 188
Trd, 000194.550, 200
Trd, 000195.500, 192
Trd, 000196.417, 188
Trd, 000196.433, 192
Trd, 000197.433, 187
Trd, 000197.917, 188
Trd, 000199.883, 188
Trd, 000200.233, 187
Trd, 000200.900, 184
Trd, 000201.133, 190
Trd, 000201.617, 187
Trd, 000201.817, 184
Trd, 000202.233, 188
Trd, 000203.200, 172
Trd, 000203.317, 185
Trd, 000203.433, 187
Trd, 000204.283, 181
Trd, 000205.150, 173
Trd, 000205.400, 180
Trd, 000206.183, 179
Trd, 000206.517, 174
Trd, 000208.233, 174
Trd, 000208.250, 175
Trd, 000208.767, 175
Trd, 000209.350, 174
Trd, 000209.417, 176
Trd, 000209.967, 178
Trd, 000210.267, 179
Trd, 000210.383, 179
Trd, 000210.400, 200
Trd, 000211.100, 169
Trd, 000213.117, 200
Trd, 000213.883, 166
Trd, 000214.317, 184
Trd, 000214.683, 186
Trd, 000215.367, 184
Trd, 000216.117, 172
Trd, 000216.417, 163
Trd, 000216.600, 167
Trd, 000216.700, 182
Trd, 000217.167, 178
Trd, 000217.500, 182
Trd, 000218.300, 184
Trd, 000218.567, 181
Trd, 000218.900, 184
Trd, 000219.333, 184
Trd, 000219.900, 182
Trd, 000219.933, 185
Trd, 000220.800, 177
Trd, 000222.250, 184
Trd, 000222.367, 178
Trd, 000224.450, 177
Trd, 000224.467, 176
Trd, 000225.583, 181
Trd, 000225.917, 180
Trd, 000226.000, 180
Trd, 000226.317, 181
Trd, 000226.800, 176
Trd, 000227.033, 180
Trd, 000227.150, 181
Trd, 000227.250, 183
Trd, 000227.283, 187
Trd, 000228.267, 170
Trd, 000228.367, 184
Trd, 000228.900, 178
Trd, 000231.417, 178
Trd, 000232.633, 178
Trd, 000233.100, 178
Trd, 000233.417, 175
Trd, 000234.067, 174
Trd, 000234.450, 172
Trd, 000235.417, 172
Trd, 000235.617, 173
Trd, 000235.650, 174
Trd, 000235.783, 175
Trd, 000236.017, 179
Trd, 000236.283, 181
Trd, 000237.433, 178
Trd, 000237.750, 174
Trd, 000237.767, 183
Trd, 000237.917, 184
Trd, 000238.983, 181
Trd, 000240.033, 175
Trd, 000240.300, 179
Trd, 000240.450, 179
Trd, 000240.533, 177
Trd, 000241.167, 178
Trd, 000241.667, 177
Trd, 000241.767, 175
Trd, 000242.067, 175
Trd, 000242.117, 173
Trd, 000242.383, 172
Trd, 000242.650, 173
Trd, 000243.967, 176
Trd, 000244.083, 172
Trd, 000244.400, 175
Trd, 000244.867, 177
Trd, 000245.650, 177
Trd, 000245.967, 177
Trd, 000246.383, 179
Trd, 000246.683, 177
Trd, 000247.267, 179
Trd, 000247.367, 177
Trd, 000248.150, 183
Trd, 000248.200, 179
Trd, 000249.317, 176
Trd, 000250.117, 179
Trd, 000250.317, 178
Trd, 000250.667, 176
Trd, 000251.000, 175
Trd, 000251.067, 177
Trd, 000251.483, 173
Trd, 000251.767, 179
Trd, 000252.583, 176
Trd, 000252.650, 174
Trd, 000252.667, 173
Trd, 000252.950, 180
Trd, 000253.800, 182
Trd, 000253.917, 184
Trd, 000254.183, 178
Trd, 000254.867, 184
Trd, 000254.967, 183
Trd, 000255.867, 184
Trd, 000256.050, 185
Trd, 000256.733, 179
Trd, 000257.167, 191
Trd, 000257.800, 182
Trd, 000258.250, 178
Trd, 000258.367, 177
Trd, 000258.383, 184
Trd, 000259.267, 176
Trd, 000259.700, 176
Trd, 000259.783, 180
Trd, 000260.667, 177
Trd, 000261.017, 175
Trd, 000261.133, 179
Trd, 000261.450, 174
Trd, 000261.700, 174
Trd, 000262.117, 177
Trd, 000262.400, 181
Trd, 000262.783, 174
Trd, 000263.250, 175
Trd, 000263.267, 174
Trd, 000263.383, 173
Trd, 000264.017, 174
Trd, 000264.100, 179
Trd, 000265.583, 180
Trd, 000265.667, 174
Trd, 000266.183, 176
Trd, 000266.583, 183
Trd, 000266.650, 181
Trd, 000266.933, 177
Trd, 000267.517, 176
Trd, 000267.833, 182
Trd, 000268.817, 184
Trd, 000268.850, 191
Trd, 000269.867, 190
Trd, 000270.250, 185
Trd, 000270.400, 184
Trd, 000271.300, 183
Trd, 000271.433, 184
Trd, 000271.800, 184
Trd, 000271.833, 185
Trd, 000272.167, 185
Trd, 000272.450, 182
Trd, 000272.467, 181
Trd, 000272.500, 184
Trd, 000272.917, 179
Trd, 000273.233, 179
Trd, 000273.833, 178
Trd, 000274.083, 178
Trd, 000274.267, 185
Trd, 000275.050, 206
Trd, 000275.333, 208
Trd, 000276.150, 202
Trd, 000277.533, 193
Trd, 000277.867, 190
Trd, 000278.067, 186
Trd, 000278.867, 190
Trd, 000279.033, 189
Trd, 000279.950, 186
Trd, 000280.117, 184
Trd, 000280.717, 182
Trd, 000280.883, 183
Trd, 000281.450, 181
Trd, 000281.483, 188
Trd, 000282.283, 181
Trd, 000282.317, 185
Trd, 000283.450, 177
Trd, 000283.850, 177
Trd, 000283.900, 186
Trd, 000284.150, 185
Trd, 000284.200, 186
Trd, 000285.033, 172
Trd, 000285.167, 183
Trd, 000285.517, 183
Trd, 000285.883, 182
Trd, 000286.450, 184
Trd, 000286.600, 174
Trd, 000286.733, 181
Trd, 000286.917, 178
Trd, 000287.567, 185
Trd, 000287.717, 177
Trd, 000288.800, 184
Trd, 000288.900, 176
Trd, 000289.067, 185
Trd, 000289.383, 180
Trd, 000290.133, 187
Trd, 000290.583, 178
Trd, 000291.267, 179
Trd, 000291.533, 185
Trd, 000291.750, 185
Trd, 000291.967, 194
Trd, 000292.067, 178
Trd, 000293.633, 185
Trd, 000293.917, 180
Trd, 000294.350, 178
Trd, 000294.500, 185
Trd, 000294.667, 178
Trd, 000295.017, 177
Trd, 000295.650, 184
Trd, 000296.200, 177
Trd, 000296.300, 183
Trd, 000296.433, 186
Trd, 000296.933, 187
Trd, 000297.467, 176
Trd, 000297.800, 188
Trd, 000297.933, 173
Trd, 000298.150, 170
Trd, 000298.333, 191
Trd, 000299.583, 188
Trd, 000299.617, 191
Trd, 000299.983, 191
