Trd, 000001.483, 125
Trd, 000001.500, 136
Trd, 000001.800, 137
Trd, 000002.133, 168
Trd, 000002.517, 153
Trd, 000002.950, 182
Trd, 000004.517, 150
Trd, 000005.033, 148
Trd, 000005.417, 167
Trd, 000005.433, 168
Trd, 000006.317, 170
Trd, 000006.833, 171
Trd, 000008.483, 169
Trd, 000008.633, 151
Trd, 000008.817, 149
Trd, 000008.933, 145
Trd, 000009.583, 131
Trd, 000009.900, 145
Trd, 000010.600, 147
Trd, 000010.700, 163
Trd, 000010.983, 146
Trd, 000012.183, 143
Trd, 000012.400, 145
Trd, 000012.650, 144
Trd, 000012.733, 146
Trd, 000013.367, 140
Trd, 000015.000, 140
Trd, 000015.633, 142
Trd, 000016.650, 153
Trd, 000017.283, 169
Trd, 000017.300, 172
Trd, 000017.850, 146
Trd, 000018.733, 143
Trd, 000018.900, 155
Trd, 000019.367, 148
Trd, 000019.750, 151
Trd, 000019.817, 158
Trd, 000020.267, 163
Trd, 000021.850, 153
Trd, 000022.550, 152
Trd, 000023.500, 150
Trd, 000023.517, 132
Trd, 000023.533, 155
Trd, 000024.383, 149
Trd, 000024.500, 147
Trd, 000025.100, 156
Trd, 000026.250, 148
Trd, 000026.300, 164
Trd, 000027.750, 148
Trd, 000029.417, 151
Trd, 000029.583, 152
Trd, 000030.233, 148
Trd, 000030.517, 152
Trd, 000031.717, 148
Trd, 000032.267, 151
Trd, 000032.417, 151
Trd, 000032.800, 148
Trd, 000032.817, 150
Trd, 000033.450, 151
Trd, 000033.667, 152
Trd, 000035.317, 150
Trd, 000035.833, 149
Trd, 000036.983, 150
Trd, 000037.050, 151
Trd, 000037.700, 154
Trd, 000037.733, 166
Trd, 000038.317, 175
Trd, 000038.850, 175
Trd, 000038.917, 170
Trd, 000040.100, 187
Trd, 000040.250, 186
Trd, 000041.383, 172
Trd, 000041.500, 173
Trd, 000041.733, 164
Trd, 000043.583, 163
Trd, 000043.917, 156
Trd, 000044.433, 155
Trd, 000044.467, 163
Trd, 000044.483, 154
Trd, 000045.967, 164
Trd, 000046.417, 166
Trd, 000046.600, 167
Trd, 000046.667, 177
Trd, 000047.017, 173
Trd, 000047.350, 155
Trd, 000047.550, 177
Trd, 000048.517, 169
Trd, 000049.133, 160
Trd, 000050.083, 170
Trd, 000050.800, 169
Trd, 000051.417, 174
Trd, 000051.767, 176
Trd, 000052.317, 173
Trd, 000054.233, 161
Trd, 000055.800, 167
Trd, 000056.283, 166
Trd, 000056.333, 160
Trd, 000057.433, 166
Trd, 000058.633, 167
Trd, 000060.083, 163
Trd, 000060.333, 165
Trd, 000060.783, 164
Trd, 000062.717, 164
Trd, 000062.733, 163
Trd, 000062.867, 161
Trd, 000063.433, 157
Trd, 000065.650, 160
Trd, 000065.667, 162
Trd, 000066.200, 160
Trd, 000066.467, 160
Trd, 000066.717, 159
Trd, 000066.983, 155
Trd, 000068.117, 158
Trd, 000068.333, 158
Trd, 000069.433, 160
Trd, 000069.917, 159
Trd, 000072.417, 160
Trd, 000072.850, 159
Trd, 000072.983, 160
Trd, 000073.500, 156
Trd, 000073.950, 151
Trd, 000074.250, 160
Trd, 000074.633, 155
Trd, 000075.500, 156
Trd, 000075.517, 161
Trd, 000076.383, 153
Trd, 000076.450, 153
Trd, 000076.933, 154
Trd, 000077.567, 152
Trd, 000077.917, 149
Trd, 000079.033, 151
Trd, 000079.217, 143
Trd, 000080.317, 177
Trd, 000080.500, 177
Trd, 000081.183, 176
Trd, 000081.700, 152
Trd, 000082.517, 167
Trd, 000083.817, 165
Trd, 000084.067, 167
Trd, 000084.517, 177
Trd, 000084.550, 179
Trd, 000084.733, 162
Trd, 000086.050, 160
Trd, 000087.167, 170
Trd, 000087.983, 167
Trd, 000089.167, 162
Trd, 000089.983, 163
Trd, 000091.033, 162
Trd, 000091.883, 158
Trd, 000092.233, 162
Trd, 000093.000, 159
Trd, 000093.317, 158
Trd, 000094.167, 160
Trd, 000094.533, 159
Trd, 000095.033, 160
Trd, 000095.167, 161
Trd, 000095.800, 159
Trd, 000096.517, 162
Trd, 000096.600, 159
Trd, 000096.617, 163
Trd, 000097.250, 171
Trd, 000098.000, 157
Trd, 000098.033, 166
Trd, 000099.483, 161
Trd, 000099.650, 166
Trd, 000100.583, 165
Trd, 000101.033, 163
Trd, 000101.417, 161
Trd, 000101.500, 165
Trd, 000102.833, 164
Trd, 000102.900, 160
Trd, 000103.850, 164
Trd, 000104.733, 161
Trd, 000105.700, 159
Trd, 000105.883, 158
Trd, 000106.233, 154
Trd, 000106.750, 163
Trd, 000108.050, 160
Trd, 000108.633, 160
Trd, 000109.700, 161
Trd, 000110.200, 162
Trd, 000110.233, 163
Trd, 000110.617, 173
Trd, 000111.700, 167
Trd, 000112.333, 166
Trd, 000113.033, 160
Trd, 000113.217, 166
Trd, 000113.783, 174
Trd, 000114.067, 161
Trd, 000114.933, 172
Trd, 000115.933, 159
Trd, 000116.000, 155
Trd, 000116.217, 155
Trd, 000116.600, 158
Trd, 000117.183, 160
Trd, 000117.517, 160
Trd, 000117.867, 159
Trd, 000119.683, 160
Trd, 000120.150, 163
Trd, 000120.217, 162
Trd, 000120.883, 163
Trd, 000121.833, 174
Trd, 000122.150, 162
Trd, 000122.333, 184
Trd, 000122.717, 184
Trd, 000122.767, 191
Trd, 000123.400, 236
Trd, 000124.117, 284
Trd, 000124.333, 317.0
Trd, 000124.467, 341.0
Trd, 000125.200, 313.0
Trd, 000125.567, 320.0
Trd, 000125.700, 318
Trd, 000125.733, 321
Trd, 000125.817, 334.0
Trd, 000126.100, 355
Trd, 000127.317, 371
Trd, 000128.417, 361
Trd, 000130.150, 351.0
Trd, 000130.267, 348
Trd, 000130.700, 352
Trd, 000131.967, 350.0
Trd, 000132.017, 352
Trd, 000132.533, 350
Trd, 000132.717, 348.0
Trd, 000133.350, 346
Trd, 000134.050, 348
Trd, 000134.850, 350
Trd, 000136.683, 344.0
Trd, 000136.700, 351
Trd, 000137.067, 362.0
Trd, 000137.800, 343
Trd, 000138.900, 349.0
Trd, 000139.183, 348.0
Trd, 000139.833, 349
Trd, 000141.400, 345.0
Trd, 000141.600, 346
Trd, 000141.717, 344.0
Trd, 000143.400, 343
Trd, 000144.583, 345
Trd, 000144.833, 344
Trd, 000145.167, 342
Trd, 000146.067, 343
Trd, 000146.317, 365
Trd, 000147.767, 368
Trd, 000147.917, 371.0
Trd, 000150.350, 358
Trd, 000150.383, 357
Trd, 000151.033, 356
Trd, 000151.300, 355.0
Trd, 000151.833, 351
Trd, 000152.117, 354
Trd, 000152.783, 349
Trd, 000153.500, 357
Trd, 000154.317, 350
Trd, 000154.367, 357
Trd, 000154.833, 349.0
Trd, 000154.967, 348.0
Trd, 000155.017, 358
Trd, 000156.133, 354
Trd, 000157.650, 361.0
Trd, 000157.917, 362.0
Trd, 000159.583, 355.0
Trd, 000160.367, 359
Trd, 000160.467, 360
Trd, 000160.917, 361
Trd, 000160.933, 356
Trd, 000161.567, 362
Trd, 000162.133, 356
Trd, 000162.367, 362.0
Trd, 000162.433, 350
Trd, 000163.317, 348.0
Trd, 000164.200, 344.0
Trd, 000164.567, 349
Trd, 000165.350, 334
Trd, 000165.400, 349
Trd, 000167.883, 346
Trd, 000168.267, 347
Trd, 000168.833, 348
Trd, 000168.883, 344.0
Trd, 000169.033, 341
Trd, 000170.000, 347
Trd, 000171.383, 346
Trd, 000171.583, 344
Trd, 000172.183, 344
Trd, 000173.617, 341.0
Trd, 000174.833, 345
Trd, 000175.333, 352
Trd, 000175.750, 344.0
Trd, 000176.567, 344
Trd, 000177.067, 343
Trd, 000177.300, 346
Trd, 000177.367, 346
Trd, 000177.667, 362.0
Trd, 000178.050, 347
Trd, 000178.117, 357
Trd, 000178.333, 346
Trd, 000178.417, 371
Trd, 000178.900, 345
Trd, 000180.183, 357
Trd, 000181.833, 349
Trd, 000182.733, 344.0
Trd, 000183.150, 310.0
Trd, 000183.300, 300.0
Trd, 000183.783, 200
Trd, 000184.517, 173
Trd, 000184.550, 167
Trd, 000185.567, 186
Trd, 000186.150, 166
Trd, 000188.000, 188
Trd, 000188.283, 173
Trd, 000188.833, 176
Trd, 000189.483, 170
Trd, 000189.733, 169
Trd, 000190.783, 175
Trd, 000191.433, 175
Trd, 000191.683, 175
Trd, 000191.767, 181
Trd, 000192.067, 170
Trd, 000192.733, 175
Trd, 000194.300, 169
Trd, 000194.400, 175
Trd, 000194.483, 168
Trd, 000194.767, 176
Trd, 000195.417, 177
Trd, 000196.533, 169
Trd, 000197.033, 180
Trd, 000198.400, 189
Trd, 000198.700, 195
Trd, 000198.783, 194
Trd, 000199.583, 188
Trd, 000200.967, 176
Trd, 000201.133, 185
Trd, 000201.333, 187
Trd, 000201.517, 181
Trd, 000203.283, 180
Trd, 000203.700, 173
Trd, 000203.867, 170
Trd, 000204.333, 180
Trd, 000204.600, 181
Trd, 000204.983, 182
Trd, 000205.650, 172
Trd, 000207.100, 182
Trd, 000208.150, 176
Trd, 000208.267, 175
Trd, 000209.317, 178
Trd, 000209.350, 178
Trd, 000209.633, 173
Trd, 000210.733, 179
Trd, 000210.883, 179
Trd, 000210.900, 182
Trd, 000211.283, 171
Trd, 000211.400, 192
Trd, 000212.650, 185
Trd, 000213.033, 172
Trd, 000214.250, 179
Trd, 000214.400, 170
Trd, 000214.483, 169
Trd, 000214.800, 179
Trd, 000216.933, 170
Trd, 000217.050, 182
Trd, 000217.500, 178
Trd, 000217.633, 167
Trd, 000218.817, 152
Trd, 000219.117, 153
Trd, 000220.150, 163
Trd, 000220.883, 162
Trd, 000221.400, 162
Trd, 000222.217, 163
Trd, 000222.400, 173
Trd, 000223.983, 185
Trd, 000224.217, 177
Trd, 000224.583, 190
Trd, 000224.733, 172
Trd, 000224.967, 171
Trd, 000225.067, 193
Trd, 000225.900, 179
Trd, 000226.167, 173
Trd, 000226.383, 180
Trd, 000226.783, 179
Trd, 000228.533, 168
Trd, 000229.133, 179
Trd, 000229.733, 178
Trd, 000230.183, 177
Trd, 000230.783, 178
Trd, 000230.967, 179
Trd, 000231.700, 172
Trd, 000232.033, 172
Trd, 000232.750, 179
Trd, 000233.700, 178
Trd, 000234.417, 176
Trd, 000234.867, 176
Trd, 000234.933, 175
Trd, 000235.183, 172
Trd, 000237.033, 176
Trd, 000237.317, 177
Trd, 000237.417, 172
Trd, 000237.550, 167
Trd, 000239.450, 176
Trd, 000239.467, 177
Trd, 000239.517, 170
Trd, 000240.067, 170
Trd, 000240.167, 154
Trd, 000240.883, 172
Trd, 000241.050, 173
Trd, 000241.967, 175
Trd, 000242.000, 177
Trd, 000243.467, 194
Trd, 000243.483, 195
Trd, 000244.000, 194
Trd, 000244.600, 182
Trd, 000244.700, 179
Trd, 000244.833, 186
Trd, 000245.417, 181
Trd, 000245.683, 177
Trd, 000245.783, 178
Trd, 000245.950, 178
Trd, 000246.150, 178
Trd, 000246.183, 176
Trd, 000247.633, 180
Trd, 000247.767, 179
Trd, 000247.900, 180
Trd, 000247.950, 175
Trd, 000248.483, 172
Trd, 000248.667, 171
Trd, 000249.933, 175
Trd, 000250.900, 174
Trd, 000250.967, 175
Trd, 000251.133, 177
Trd, 000251.550, 180
Trd, 000251.683, 177
Trd, 000252.317, 179
Trd, 000253.033, 185
Trd, 000253.283, 183
Trd, 000253.367, 183
Trd, 000253.583, 184
Trd, 000254.567, 185
Trd, 000255.300, 185
Trd, 000255.433, 183
Trd, 000255.583, 186
Trd, 000256.017, 187
Trd, 000256.650, 181
Trd, 000257.417, 188
Trd, 000257.467, 184
Trd, 000258.350, 188
Trd, 000258.850, 191
Trd, 000259.183, 188
Trd, 000259.333, 184
Trd, 000259.567, 186
Trd, 000259.767, 194
Trd, 000260.000, 192
Trd, 000261.133, 190
Trd, 000261.150, 189
Trd, 000261.167, 188
Trd, 000262.567, 189
Trd, 000263.117, 187
Trd, 000263.567, 189
Trd, 000263.633, 181
Trd, 000263.983, 174
Trd, 000264.433, 186
Trd, 000264.650, 186
Trd, 000265.100, 183
Trd, 000265.233, 182
Trd, 000265.550, 180
Trd, 000265.600, 184
Trd, 000266.117, 188
Trd, 000266.217, 182
Trd, 000267.133, 194
Trd, 000268.117, 189
Trd, 000269.750, 184
Trd, 000270.200, 181
Trd, 000270.467, 187
Trd, 000270.533, 188
Trd, 000270.800, 185
Trd, 000271.383, 184
Trd, 000271.683, 186
Trd, 000271.783, 187
Trd, 000271.917, 183
Trd, 000272.033, 185
Trd, 000272.150, 188
Trd, 000272.600, 189
Trd, 000272.883, 199
Trd, 000274.650, 189
Trd, 000275.250, 192
Trd, 000275.317, 188
Trd, 000276.383, 186
Trd, 000276.783, 191
Trd, 000277.133, 184
Trd, 000277.217, 191
Trd, 000278.467, 187
Trd, 000278.550, 189
Trd, 000279.400, 186
Trd, 000279.833, 185
Trd, 000280.133, 186
Trd, 000280.250, 187
Trd, 000280.767, 186
Trd, 000281.733, 179
Trd, 000282.100, 178
Trd, 000282.283, 182
Trd, 000282.700, 181
Trd, 000282.750, 181
Trd, 000282.850, 181
Trd, 000283.083, 182
Trd, 000283.150, 190
Trd, 000283.733, 186
Trd, 000284.683, 196
Trd, 000285.833, 190
Trd, 000286.450, 180
Trd, 000286.517, 189
Trd, 000286.600, 190
Trd, 000287.150, 179
Trd, 000287.333, 188
Trd, 000287.417, 187
Trd, 000287.533, 176
Trd, 000287.617, 172
Trd, 000288.533, 181
Trd, 000288.833, 181
Trd, 000289.817, 184
Trd, 000290.083, 185
Trd, 000290.800, 179
Trd, 000290.833, 184
Trd, 000291.183, 184
Trd, 000291.433, 178
Trd, 000291.783, 187
Trd, 000292.083, 177
Trd, 000293.750, 185
Trd, 000294.100, 186
Trd, 000294.267, 186
Trd, 000294.417, 187
Trd, 000294.667, 182
Trd, 000294.683, 179
Trd, 000295.333, 179
Trd, 000295.567, 173
Trd, 000295.833, 186
Trd, 000296.183, 186
Trd, 000296.583, 170
Trd, 000296.733, 180
Trd, 000297.317, 189
Trd, 000297.700, 188
Trd, 000298.000, 198
Trd, 000298.067, 175
Trd, 000298.333, 174
Trd, 000298.983, 199
Trd, 000299.267, 163
Trd, 000299.567, 194
Trd, 000299.633, 202
