Trd, 000002.367, 137
Trd, 000002.600, 141
Trd, 000003.817, 152
Trd, 000003.833, 151
Trd, 000004.533, 146
Trd, 000005.050, 150
Trd, 000005.783, 145
Trd, 000005.917, 149
Trd, 000006.017, 151
Trd, 000006.317, 141
Trd, 000007.667, 143
Trd, 000007.817, 142
Trd, 000008.450, 148
Trd, 000008.817, 147
Trd, 000009.983, 148
Trd, 000010.150, 149
Trd, 000010.450, 146
Trd, 000013.033, 149
Trd, 000013.400, 146
Trd, 000013.550, 146
Trd, 000013.883, 142
Trd, 000014.067, 149
Trd, 000014.333, 142
Trd, 000016.333, 139
Trd, 000017.150, 142
Trd, 000017.367, 143
Trd, 000017.383, 144
Trd, 000017.867, 141
Trd, 000018.167, 140
Trd, 000019.517, 144
Trd, 000019.867, 143
Trd, 000020.733, 141
Trd, 000021.650, 147
Trd, 000021.733, 135
Trd, 000022.400, 146
Trd, 000022.750, 150
Trd, 000023.483, 144
Trd, 000023.533, 157
Trd, 000023.867, 150
Trd, 000024.150, 143
Trd, 000027.233, 148
Trd, 000028.767, 143
Trd, 000029.883, 138
Trd, 000030.100, 140
Trd, 000030.750, 144
Trd, 000030.967, 140
Trd, 000031.467, 144
Trd, 000031.883, 145
Trd, 000032.067, 151
Trd, 000033.850, 152
Trd, 000034.150, 145
Trd, 000035.433, 145
Trd, 000035.517, 144
Trd, 000035.683, 148
Trd, 000036.100, 148
Trd, 000037.767, 145
Trd, 000038.567, 138
Trd, 000039.900, 147
Trd, 000040.283, 147
Trd, 000041.017, 146
Trd, 000041.433, 147
Trd, 000041.767, 146
Trd, 000042.617, 147
Trd, 000042.633, 145
Trd, 000043.250, 152
Trd, 000044.650, 152
Trd, 000046.017, 147
Trd, 000047.117, 150
Trd, 000047.317, 151
Trd, 000048.450, 148
Trd, 000049.983, 151
Trd, 000050.100, 147
Trd, 000050.283, 152
Trd, 000050.367, 153
Trd, 000051.183, 146
Trd, 000052.133, 147
Trd, 000052.533, 141
Trd, 000052.633, 146
Trd, 000053.050, 142
Trd, 000054.450, 141
Trd, 000055.383, 141
Trd, 000055.750, 142
Trd, 000056.017, 141
Trd, 000057.250, 143
Trd, 000059.167, 143
Trd, 000059.417, 139
Trd, 000060.233, 143
Trd, 000060.700, 145
Trd, 000061.400, 147
Trd, 000061.533, 144
Trd, 000062.183, 143
Trd, 000062.917, 144
Trd, 000063.250, 151
Trd, 000063.400, 154
Trd, 000065.117, 147
Trd, 000065.400, 151
Trd, 000066.067, 154
Trd, 000066.867, 155
Trd, 000067.283, 154
Trd, 000068.400, 156
Trd, 000069.400, 153
Trd, 000069.867, 148
Trd, 000070.400, 154
Trd, 000070.850, 155
Trd, 000071.000, 156
Trd, 000071.333, 158
Trd, 000072.950, 157
Trd, 000073.167, 155
Trd, 000073.733, 156
Trd, 000074.917, 154
Trd, 000076.150, 155
Trd, 000077.467, 154
Trd, 000078.117, 149
Trd, 000078.417, 156
Trd, 000079.333, 147
Trd, 000080.117, 159
Trd, 000080.650, 146
Trd, 000081.167, 147
Trd, 000082.850, 149
Trd, 000083.567, 152
Trd, 000083.617, 153
Trd, 000083.683, 155
Trd, 000083.917, 151
Trd, 000084.100, 149
Trd, 000084.700, 154
Trd, 000086.400, 151
Trd, 000086.917, 156
Trd, 000087.517, 159
Trd, 000087.817, 150
Trd, 000088.467, 149
Trd, 000089.717, 149
Trd, 000090.100, 150
Trd, 000090.600, 150
Trd, 000091.300, 152
Trd, 000093.717, 154
Trd, 000094.800, 155
Trd, 000094.983, 157
Trd, 000095.717, 160
Trd, 000095.800, 156
Trd, 000095.983, 158
Trd, 000096.133, 156
Trd, 000096.833, 153
Trd, 000097.017, 151
Trd, 000097.983, 162
Trd, 000098.200, 161
Trd, 000098.317, 153
Trd, 000098.550, 162
Trd, 000100.150, 156
Trd, 000101.100, 151
Trd, 000101.817, 161
Trd, 000102.750, 160
Trd, 000102.983, 161
Trd, 000103.017, 149
Trd, 000103.283, 147
Trd, 000104.517, 152
Trd, 000105.150, 151
Trd, 000105.583, 151
Trd, 000106.900, 152
Trd, 000106.983, 158
Trd, 000107.750, 163
Trd, 000108.417, 162
Trd, 000109.383, 162
Trd, 000109.750, 162
Trd, 000110.550, 163
Trd, 000110.883, 162
Trd, 000111.383, 160
Trd, 000112.150, 163
Trd, 000112.200, 165
Trd, 000112.367, 159
Trd, 000113.467, 162
Trd, 000114.717, 157
Trd, 000115.783, 162
Trd, 000116.017, 156
Trd, 000116.233, 156
Trd, 000116.417, 162
Trd, 000116.567, 162
Trd, 000117.567, 153
Trd, 000118.750, 159
Trd, 000119.933, 160
Trd, 000121.350, 159
Trd, 000121.767, 160
Trd, 000121.783, 155
Trd, 000121.800, 163
Trd, 000122.133, 163
Trd, 000122.550, 177
Trd, 000122.567, 187
Trd, 000122.867, 194
Trd, 000123.017, 230
Trd, 000123.433, 232
Trd, 000124.083, 204
Trd, 000125.283, 300.0
Trd, 000125.317, 313.0
Trd, 000125.333, 318
Trd, 000127.217, 324.0
Trd, 000128.650, 348.0
Trd, 000129.033, 348.0
Trd, 000130.367, 343
Trd, 000130.533, 343.0
Trd, 000131.117, 341.0
Trd, 000131.900, 338
Trd, 000132.750, 328
Trd, 000133.017, 339
Trd, 000133.067, 340
Trd, 000133.917, 341
Trd, 000134.217, 331
Trd, 000136.483, 335.0
Trd, 000137.383, 337.0
Trd, 000137.983, 346.0
Trd, 000139.383, 339
Trd, 000139.733, 341
Trd, 000139.867, 338
Trd, 000140.450, 341
Trd, 000141.667, 339
Trd, 000143.033, 342
Trd, 000143.833, 334.0
Trd, 000144.933, 334
Trd, 000145.067, 339
Trd, 000145.217, 341.0
Trd, 000145.233, 346.0
Trd, 000146.767, 342
Trd, 000147.050, 343
Trd, 000147.150, 343
Trd, 000148.650, 342
Trd, 000148.850, 347.0
Trd, 000149.133, 334.0
Trd, 000149.900, 344
Trd, 000150.233, 347.0
Trd, 000150.400, 338
Trd, 000151.400, 343.0
Trd, 000153.117, 341.0
Trd, 000153.817, 346
Trd, 000154.017, 337
Trd, 000154.567, 337
Trd, 000154.900, 327
Trd, 000155.017, 345
Trd, 000156.300, 336
Trd, 000156.317, 332
Trd, 000156.417, 339
Trd, 000156.983, 337.0
Trd, 000157.100, 341
Trd, 000158.317, 349.0
Trd, 000159.417, 329
Trd, 000159.700, 330
Trd, 000160.867, 337.0
Trd, 000160.950, 341
Trd, 000161.933, 341.0
Trd, 000162.017, 341
Trd, 000162.433, 342
Trd, 000163.100, 341
Trd, 000164.583, 342
Trd, 000165.217, 341.0
Trd, 000166.033, 327
Trd, 000166.533, 326
Trd, 000167.233, 348.0
Trd, 000169.917, 336
Trd, 000170.400, 334
Trd, 000170.567, 334.0
Trd, 000171.300, 325
Trd, 000171.317, 337.0
Trd, 000172.517, 330
Trd, 000174.700, 334
Trd, 000175.667, 336
Trd, 000176.433, 337
Trd, 000177.167, 337
Trd, 000178.033, 337.0
Trd, 000178.617, 338.0
Trd, 000180.083, 338.0
Trd, 000180.200, 340
Trd, 000180.283, 341.0
Trd, 000180.733, 340
Trd, 000181.517, 341
Trd, 000181.750, 336
Trd, 000181.833, 336
Trd, 000182.183, 348.0
Trd, 000182.700, 329
Trd, 000182.767, 320.0
Trd, 000182.783, 313.0
Trd, 000183.417, 303.0
Trd, 000183.850, 300.0
Trd, 000184.850, 229
Trd, 000185.167, 214
Trd, 000186.233, 204
Trd, 000186.367, 201
Trd, 000187.167, 176
Trd, 000188.183, 177
Trd, 000188.233, 170
Trd, 000188.350, 169
Trd, 000189.533, 166
Trd, 000190.250, 169
Trd, 000191.583, 166
Trd, 000192.667, 167
Trd, 000192.783, 166
Trd, 000194.083, 164
Trd, 000194.850, 168
Trd, 000195.200, 169
Trd, 000195.417, 171
Trd, 000197.067, 172
Trd, 000197.900, 162
Trd, 000198.100, 171
Trd, 000199.467, 171
Trd, 000199.850, 167
Trd, 000200.650, 167
Trd, 000200.967, 154
Trd, 000202.067, 168
Trd, 000202.400, 164
Trd, 000203.617, 170
Trd, 000204.017, 167
Trd, 000204.333, 169
Trd, 000205.167, 166
Trd, 000205.967, 163
Trd, 000206.733, 168
Trd, 000207.883, 167
Trd, 000208.267, 163
Trd, 000208.283, 162
Trd, 000209.017, 172
Trd, 000210.283, 172
Trd, 000210.717, 165
Trd, 000211.100, 156
Trd, 000211.300, 172
Trd, 000212.150, 171
Trd, 000212.667, 157
Trd, 000213.133, 171
Trd, 000213.467, 164
Trd, 000213.917, 162
Trd, 000214.283, 170
Trd, 000214.400, 172
Trd, 000216.317, 167
Trd, 000217.650, 170
Trd, 000217.733, 169
Trd, 000218.250, 167
Trd, 000218.650, 168
Trd, 000218.833, 168
Trd, 000219.517, 173
Trd, 000221.267, 170
Trd, 000221.300, 173
Trd, 000222.350, 173
Trd, 000222.717, 179
Trd, 000223.133, 174
Trd, 000224.617, 172
Trd, 000224.650, 173
Trd, 000225.600, 173
Trd, 000226.033, 173
Trd, 000227.033, 174
Trd, 000227.383, 171
Trd, 000227.417, 163
Trd, 000227.800, 167
Trd, 000228.333, 164
Trd, 000228.517, 176
Trd, 000230.650, 175
Trd, 000231.133, 175
Trd, 000231.567, 174
Trd, 000231.850, 164
Trd, 000232.533, 172
Trd, 000233.317, 173
Trd, 000233.767, 160
Trd, 000235.050, 160
Trd, 000235.300, 164
Trd, 000235.417, 163
Trd, 000235.533, 165
Trd, 000235.800, 158
Trd, 000236.667, 165
Trd, 000237.100, 155
Trd, 000237.183, 172
Trd, 000239.183, 161
Trd, 000240.517, 164
Trd, 000240.550, 165
Trd, 000241.000, 172
Trd, 000241.267, 170
Trd, 000241.933, 172
Trd, 000242.050, 174
Trd, 000242.133, 174
Trd, 000242.483, 174
Trd, 000243.133, 173
Trd, 000243.717, 173
Trd, 000244.233, 172
Trd, 000244.333, 173
Trd, 000245.000, 171
Trd, 000245.117, 179
Trd, 000245.267, 168
Trd, 000245.383, 175
Trd, 000246.417, 169
Trd, 000247.400, 165
Trd, 000247.817, 163
Trd, 000248.350, 162
Trd, 000249.067, 164
Trd, 000249.533, 161
Trd, 000249.650, 162
Trd, 000249.667, 160
Trd, 000250.700, 158
Trd, 000251.000, 158
Trd, 000251.583, 161
Trd, 000252.333, 162
Trd, 000253.117, 165
Trd, 000253.150, 165
Trd, 000253.200, 167
Trd, 000253.833, 169
Trd, 000254.150, 168
Trd, 000254.817, 173
Trd, 000255.117, 170
Trd, 000255.400, 173
Trd, 000255.650, 170
Trd, 000256.150, 169
Trd, 000256.600, 168
Trd, 000257.267, 169
Trd, 000257.300, 168
Trd, 000257.583, 177
Trd, 000258.017, 175
Trd, 000258.200, 174
Trd, 000258.683, 176
Trd, 000258.783, 172
Trd, 000259.650, 177
Trd, 000260.817, 176
Trd, 000261.017, 183
Trd, 000261.683, 187
Trd, 000261.767, 187
Trd, 000262.133, 188
Trd, 000262.300, 190
Trd, 000262.533, 186
Trd, 000262.800, 187
Trd, 000262.883, 183
Trd, 000263.850, 184
Trd, 000264.450, 187
Trd, 000264.533, 186
Trd, 000265.033, 188
Trd, 000266.017, 182
Trd, 000266.150, 181
Trd, 000266.533, 168
Trd, 000267.767, 182
Trd, 000267.783, 182
Trd, 000268.017, 181
Trd, 000268.333, 177
Trd, 000269.033, 183
Trd, 000269.850, 166
Trd, 000270.117, 172
Trd, 000270.667, 168
Trd, 000270.733, 173
Trd, 000271.650, 175
Trd, 000271.850, 175
Trd, 000272.117, 176
Trd, 000272.850, 172
Trd, 000273.083, 175
Trd, 000273.233, 173
Trd, 000274.150, 171
Trd, 000274.367, 170
Trd, 000274.517, 176
Trd, 000274.567, 178
Trd, 000274.900, 189
Trd, 000275.200, 191
Trd, 000275.750, 185
Trd, 000275.850, 184
Trd, 000276.017, 185
Trd, 000276.617, 179
Trd, 000276.733, 185
Trd, 000277.300, 184
Trd, 000277.567, 185
Trd, 000277.733, 177
Trd, 000278.100, 184
Trd, 000279.000, 180
Trd, 000279.967, 177
Trd, 000280.567, 175
Trd, 000281.267, 163
Trd, 000281.350, 169
Trd, 000281.700, 169
Trd, 000282.167, 170
Trd, 000282.633, 170
Trd, 000282.917, 183
Trd, 000283.117, 178
Trd, 000285.517, 170
Trd, 000285.800, 172
Trd, 000285.883, 174
Trd, 000286.267, 174
Trd, 000286.283, 175
Trd, 000286.417, 169
Trd, 000286.717, 173
Trd, 000287.367, 175
Trd, 000287.450, 176
Trd, 000287.833, 170
Trd, 000288.900, 177
Trd, 000289.567, 177
Trd, 000289.667, 178
Trd, 000289.733, 173
Trd, 000289.817, 170
Trd, 000290.150, 172
Trd, 000290.350, 164
Trd, 000290.433, 179
Trd, 000290.733, 171
Trd, 000291.550, 168
Trd, 000291.833, 163
Trd, 000292.100, 169
Trd, 000292.683, 178
Trd, 000292.817, 163
Trd, 000294.467, 166
Trd, 000294.483, 170
Trd, 000295.117, 171
Trd, 000295.467, 180
Trd, 000296.117, 176
Trd, 000296.333, 181
Trd, 000296.450, 183
Trd, 000296.750, 184
Trd, 000297.000, 191
Trd, 000297.517, 181
Trd, 000298.033, 178
Trd, 000298.200, 178
Trd, 000298.367, 176
Trd, 000298.933, 184
Trd, 000299.517, 172
Trd, 000299.783, 171
