Trd, 000001.050, 179
Trd, 000002.483, 139
Trd, 000002.800, 137
Trd, 000002.983, 151
Trd, 000003.617, 125
Trd, 000006.667, 153
Trd, 000007.133, 154
Trd, 000008.417, 146
Trd, 000009.083, 152
Trd, 000010.667, 150
Trd, 000010.683, 151
Trd, 000011.067, 148
Trd, 000011.700, 149
Trd, 000012.017, 148
Trd, 000012.683, 147
Trd, 000014.250, 146
Trd, 000014.483, 146
Trd, 000014.767, 152
Trd, 000014.800, 152
Trd, 000015.317, 166
Trd, 000016.433, 165
Trd, 000017.533, 164
Trd, 000018.983, 174
Trd, 000019.083, 175
Trd, 000021.433, 171
Trd, 000021.983, 168
Trd, 000022.250, 170
Trd, 000022.517, 168
Trd, 000023.483, 167
Trd, 000023.550, 167
Trd, 000023.667, 171
Trd, 000025.500, 163
Trd, 000026.050, 160
Trd, 000026.967, 162
Trd, 000027.150, 157
Trd, 000027.283, 155
Trd, 000027.367, 168
Trd, 000028.617, 158
Trd, 000028.800, 156
Trd, 000029.867, 157
Trd, 000030.100, 158
Trd, 000031.000, 144
Trd, 000031.200, 150
Trd, 000031.600, 143
Trd, 000031.817, 147
Trd, 000031.933, 148
Trd, 000032.450, 152
Trd, 000032.850, 143
Trd, 000033.233, 152
Trd, 000033.850, 152
Trd, 000034.817, 149
Trd, 000035.450, 148
Trd, 000035.583, 150
Trd, 000035.783, 155
Trd, 000036.633, 158
Trd, 000037.567, 183
Trd, 000039.000, 166
Trd, 000039.133, 167
Trd, 000040.300, 177
Trd, 000040.433, 161
Trd, 000041.400, 169
Trd, 000041.650, 159
Trd, 000042.033, 147
Trd, 000042.650, 155
Trd, 000042.783, 157
Trd, 000043.000, 159
Trd, 000043.400, 157
Trd, 000045.783, 157
Trd, 000046.317, 158
Trd, 000046.933, 156
Trd, 000047.700, 155
Trd, 000048.483, 146
Trd, 000048.717, 145
Trd, 000049.150, 143
Trd, 000050.100, 148
Trd, 000050.483, 147
Trd, 000050.600, 149
Trd, 000051.617, 151
Trd, 000051.833, 149
Trd, 000052.033, 156
Trd, 000054.067, 160
Trd, 000054.700, 155
Trd, 000054.883, 154
Trd, 000054.950, 155
Trd, 000055.583, 152
Trd, 000056.200, 153
Trd, 000056.733, 143
Trd, 000056.767, 153
Trd, 000057.617, 152
Trd, 000057.833, 156
Trd, 000059.400, 146
Trd, 000060.033, 155
Trd, 000060.667, 152
Trd, 000061.017, 152
Trd, 000061.383, 152
Trd, 000061.750, 155
Trd, 000062.400, 157
Trd, 000063.067, 151
Trd, 000063.267, 161
Trd, 000064.550, 159
Trd, 000064.700, 161
Trd, 000065.500, 158
Trd, 000065.517, 160
Trd, 000066.217, 159
Trd, 000066.400, 147
Trd, 000066.733, 161
Trd, 000067.617, 182
Trd, 000068.450, 158
Trd, 000069.267, 161
Trd, 000070.600, 173
Trd, 000070.617, 172
Trd, 000071.367, 169
Trd, 000071.683, 167
Trd, 000071.800, 170
Trd, 000072.300, 171
Trd, 000073.000, 169
Trd, 000073.367, 170
Trd, 000073.467, 168
Trd, 000073.600, 167
Trd, 000074.500, 146
Trd, 000075.800, 169
Trd, 000076.050, 170
Trd, 000076.300, 162
Trd, 000076.817, 159
Trd, 000077.367, 159
Trd, 000077.483, 145
Trd, 000078.133, 158
Trd, 000078.433, 160
Trd, 000078.533, 152
Trd, 000078.750, 158
Trd, 000080.617, 155
Trd, 000081.350, 149
Trd, 000082.100, 153
Trd, 000082.967, 153
Trd, 000083.183, 155
Trd, 000083.483, 162
Trd, 000084.583, 157
Trd, 000084.800, 158
Trd, 000085.283, 157
Trd, 000085.783, 157
Trd, 000086.200, 157
Trd, 000087.233, 158
Trd, 000087.800, 158
Trd, 000089.267, 157
Trd, 000089.383, 160
Trd, 000089.517, 157
Trd, 000090.033, 156
Trd, 000090.350, 163
Trd, 000091.300, 164
Trd, 000091.783, 164
Trd, 000092.117, 164
Trd, 000092.267, 157
Trd, 000093.267, 163
Trd, 000093.383, 160
Trd, 000093.700, 174
Trd, 000095.533, 166
Trd, 000096.233, 166
Trd, 000096.500, 167
Trd, 000096.817, 166
Trd, 000097.417, 169
Trd, 000097.900, 167
Trd, 000098.783, 171
Trd, 000099.367, 184
Trd, 000099.567, 169
Trd, 000099.933, 165
Trd, 000101.533, 161
Trd, 000101.667, 161
Trd, 000102.050, 152
Trd, 000102.433, 159
Trd, 000103.017, 157
Trd, 000104.200, 156
Trd, 000104.683, 156
Trd, 000105.433, 156
Trd, 000105.450, 155
Trd, 000105.467, 159
Trd, 000105.817, 156
Trd, 000106.717, 153
Trd, 000106.900, 154
Trd, 000107.333, 160
Trd, 000108.467, 154
Trd, 000109.650, 153
Trd, 000109.700, 156
Trd, 000110.183, 153
Trd, 000110.417, 153
Trd, 000111.533, 154
Trd, 000111.733, 153
Trd, 000112.167, 156
Trd, 000112.283, 162
Trd, 000112.567, 166
Trd, 000113.767, 159
Trd, 000114.183, 157
Trd, 000114.450, 158
Trd, 000114.767, 158
Trd, 000116.050, 160
Trd, 000116.733, 154
Trd, 000117.300, 157
Trd, 000117.317, 159
Trd, 000117.567, 159
Trd, 000118.050, 162
Trd, 000118.767, 155
Trd, 000119.450, 160
Trd, 000119.567, 161
Trd, 000119.800, 156
Trd, 000120.583, 153
Trd, 000120.600, 152
Trd, 000121.700, 162
Trd, 000121.883, 163
Trd, 000122.150, 167
Trd, 000122.667, 194
Trd, 000122.967, 193
Trd, 000123.033, 208
Trd, 000123.433, 245
Trd, 000124.050, 270
Trd, 000124.700, 313.0
Trd, 000124.917, 304
Trd, 000125.117, 334.0
Trd, 000125.183, 315
Trd, 000126.767, 327.0
Trd, 000127.050, 355.0
Trd, 000127.567, 338
Trd, 000127.700, 343
Trd, 000127.900, 351.0
Trd, 000128.283, 355.0
Trd, 000128.733, 340
Trd, 000130.050, 340
Trd, 000130.617, 339
Trd, 000131.133, 337.0
Trd, 000131.550, 334.0
Trd, 000132.100, 344
Trd, 000133.017, 355.0
Trd, 000133.333, 343
Trd, 000135.533, 342
Trd, 000135.767, 343
Trd, 000135.817, 341
Trd, 000136.850, 341
Trd, 000137.700, 346
Trd, 000138.183, 350
Trd, 000138.333, 345
Trd, 000138.667, 338
Trd, 000139.033, 348
Trd, 000139.700, 342
Trd, 000141.150, 338
Trd, 000142.133, 343
Trd, 000143.950, 341.0
Trd, 000144.567, 342
Trd, 000144.583, 345
Trd, 000145.450, 345
Trd, 000146.867, 347
Trd, 000148.100, 342
Trd, 000148.233, 345
Trd, 000148.667, 340
Trd, 000148.833, 342
Trd, 000148.900, 343
Trd, 000149.683, 351.0
Trd, 000149.800, 343
Trd, 000150.767, 348
Trd, 000152.150, 349
Trd, 000152.517, 344
Trd, 000152.633, 340
Trd, 000152.750, 339
Trd, 000153.167, 341
Trd, 000153.233, 370
Trd, 000154.817, 354
Trd, 000154.967, 341
Trd, 000156.300, 343
Trd, 000156.517, 349
Trd, 000157.017, 350.0
Trd, 000157.850, 346
Trd, 000158.100, 340
Trd, 000159.017, 339
Trd, 000160.150, 343
Trd, 000160.700, 345
Trd, 000161.300, 349
Trd, 000161.817, 344
Trd, 000162.650, 343.0
Trd, 000162.950, 351.0
Trd, 000162.967, 355.0
Trd, 000163.950, 342.0
Trd, 000164.967, 352
Trd, 000165.800, 351
Trd, 000166.033, 343
Trd, 000166.467, 349
Trd, 000167.517, 345
Trd, 000167.733, 346
Trd, 000167.850, 343
Trd, 000169.350, 349
Trd, 000169.483, 355.0
Trd, 000169.583, 355.0
Trd, 000169.883, 366
Trd, 000169.967, 345
Trd, 000170.917, 352
Trd, 000171.317, 340
Trd, 000172.117, 353
Trd, 000172.817, 346
Trd, 000173.283, 344
Trd, 000173.300, 346
Trd, 000173.867, 351.0
Trd, 000174.983, 349
Trd, 000175.850, 345
Trd, 000175.867, 343
Trd, 000176.533, 346
Trd, 000176.633, 339
Trd, 000178.667, 346
Trd, 000178.683, 347
Trd, 000179.000, 349
Trd, 000179.050, 351.0
Trd, 000180.200, 343
Trd, 000181.617, 342
Trd, 000181.817, 342
Trd, 000182.533, 334.0
Trd, 000183.133, 326
Trd, 000183.650, 306
Trd, 000184.100, 300.0
Trd, 000184.450, 318
Trd, 000185.450, 233
Trd, 000185.950, 207
Trd, 000186.483, 204
Trd, 000187.750, 183
Trd, 000188.217, 191
Trd, 000188.483, 194
Trd, 000188.733, 191
Trd, 000190.383, 185
Trd, 000190.417, 184
Trd, 000191.583, 183
Trd, 000192.033, 181
Trd, 000192.083, 174
Trd, 000193.000, 169
Trd, 000193.767, 165
Trd, 000193.883, 166
Trd, 000194.033, 167
Trd, 000195.733, 161
Trd, 000195.800, 162
Trd, 000195.850, 164
Trd, 000195.950, 174
Trd, 000197.400, 167
Trd, 000197.550, 169
Trd, 000197.850, 197
Trd, 000198.283, 166
Trd, 000199.100, 159
Trd, 000199.783, 168
Trd, 000199.867, 159
Trd, 000200.000, 169
Trd, 000201.733, 167
Trd, 000202.100, 166
Trd, 000204.133, 166
Trd, 000204.183, 167
Trd, 000204.450, 168
Trd, 000204.883, 169
Trd, 000205.300, 171
Trd, 000206.383, 166
Trd, 000206.817, 170
Trd, 000208.417, 170
Trd, 000208.917, 170
Trd, 000209.300, 172
Trd, 000209.483, 170
Trd, 000209.767, 172
Trd, 000211.000, 172
Trd, 000211.233, 171
Trd, 000211.633, 172
Trd, 000211.733, 172
Trd, 000212.083, 176
Trd, 000212.483, 169
Trd, 000213.383, 175
Trd, 000214.583, 168
Trd, 000215.050, 170
Trd, 000215.467, 172
Trd, 000216.767, 170
Trd, 000217.233, 169
Trd, 000217.567, 176
Trd, 000218.000, 169
Trd, 000218.267, 187
Trd, 000218.350, 177
Trd, 000219.217, 177
Trd, 000220.350, 173
Trd, 000220.750, 174
Trd, 000221.250, 175
Trd, 000221.267, 177
Trd, 000221.383, 171
Trd, 000222.483, 174
Trd, 000222.517, 176
Trd, 000223.500, 187
Trd, 000223.633, 187
Trd, 000224.967, 185
Trd, 000225.667, 186
Trd, 000225.983, 187
Trd, 000227.650, 184
Trd, 000228.450, 181
Trd, 000228.500, 182
Trd, 000229.133, 179
Trd, 000229.150, 181
Trd, 000229.200, 182
Trd, 000230.283, 184
Trd, 000230.633, 178
Trd, 000231.183, 178
Trd, 000231.600, 166
Trd, 000233.300, 183
Trd, 000233.733, 174
Trd, 000234.050, 179
Trd, 000234.467, 178
Trd, 000235.283, 180
Trd, 000235.367, 184
Trd, 000236.033, 198
Trd, 000237.850, 190
Trd, 000238.933, 189
Trd, 000239.417, 178
Trd, 000239.617, 164
Trd, 000239.750, 193
Trd, 000240.317, 192
Trd, 000241.533, 179
Trd, 000241.667, 180
Trd, 000241.900, 181
Trd, 000242.117, 179
Trd, 000242.717, 178
Trd, 000242.733, 177
Trd, 000242.833, 180
Trd, 000243.317, 174
Trd, 000244.017, 174
Trd, 000244.133, 172
Trd, 000244.800, 173
Trd, 000245.050, 173
Trd, 000245.233, 172
Trd, 000245.333, 171
Trd, 000245.833, 172
Trd, 000246.183, 171
Trd, 000246.683, 170
Trd, 000247.250, 169
Trd, 000247.617, 172
Trd, 000248.483, 171
Trd, 000248.500, 173
Trd, 000249.233, 172
Trd, 000249.883, 169
Trd, 000250.017, 169
Trd, 000250.050, 170
Trd, 000251.333, 172
Trd, 000251.367, 170
Trd, 000252.667, 171
Trd, 000253.133, 173
Trd, 000253.183, 173
Trd, 000253.517, 176
Trd, 000254.117, 179
Trd, 000254.950, 184
Trd, 000255.267, 181
Trd, 000255.767, 182
Trd, 000256.333, 190
Trd, 000257.050, 187
Trd, 000257.600, 187
Trd, 000258.317, 186
Trd, 000258.467, 188
Trd, 000258.917, 182
Trd, 000259.450, 184
Trd, 000259.617, 186
Trd, 000260.550, 182
Trd, 000260.750, 183
Trd, 000261.083, 182
Trd, 000261.367, 179
Trd, 000261.517, 184
Trd, 000262.083, 174
Trd, 000262.467, 182
Trd, 000262.683, 182
Trd, 000263.583, 181
Trd, 000264.000, 177
Trd, 000264.150, 181
Trd, 000264.500, 174
Trd, 000264.817, 178
Trd, 000265.167, 171
Trd, 000265.517, 173
Trd, 000266.150, 176
Trd, 000266.183, 175
Trd, 000266.267, 181
Trd, 000266.633, 175
Trd, 000267.850, 182
Trd, 000268.317, 182
Trd, 000268.550, 178
Trd, 000268.950, 178
Trd, 000270.767, 177
Trd, 000270.817, 178
Trd, 000270.867, 178
Trd, 000271.450, 179
Trd, 000272.083, 180
Trd, 000272.250, 181
Trd, 000272.350, 179
Trd, 000273.650, 178
Trd, 000273.983, 179
Trd, 000274.267, 177
Trd, 000275.283, 171
Trd, 000275.550, 169
Trd, 000275.767, 175
Trd, 000276.067, 174
Trd, 000276.150, 175
Trd, 000276.417, 171
Trd, 000276.650, 174
Trd, 000276.867, 175
Trd, 000277.083, 178
Trd, 000278.300, 178
Trd, 000279.150, 174
Trd, 000279.167, 177
Trd, 000279.517, 179
Trd, 000279.617, 181
Trd, 000280.517, 181
Trd, 000280.817, 181
Trd, 000281.217, 178
Trd, 000281.883, 182
Trd, 000281.933, 176
Trd, 000282.117, 180
Trd, 000282.233, 172
Trd, 000282.333, 173
Trd, 000282.467, 182
Trd, 000283.533, 178
Trd, 000283.650, 178
Trd, 000283.700, 179
Trd, 000284.100, 200
Trd, 000284.350, 184
Trd, 000286.067, 186
Trd, 000286.483, 185
Trd, 000287.433, 183
Trd, 000288.500, 179
Trd, 000288.550, 182
Trd, 000289.833, 180
Trd, 000289.917, 180
Trd, 000289.950, 178
Trd, 000290.267, 177
Trd, 000290.300, 173
Trd, 000290.783, 179
Trd, 000290.800, 182
Trd, 000290.950, 182
Trd, 000291.033, 175
Trd, 000291.400, 180
Trd, 000292.250, 177
Trd, 000292.933, 173
Trd, 000293.233, 177
Trd, 000293.633, 177
Trd, 000294.300, 174
Trd, 000294.900, 175
Trd, 000295.800, 175
Trd, 000296.217, 176
Trd, 000296.533, 175
Trd, 000296.600, 173
Trd, 000296.650, 180
Trd, 000296.833, 170
Trd, 000296.933, 182
Trd, 000297.567, 182
Trd, 000298.083, 181
Trd, 000299.250, 170
Trd, 000299.400, 169
Trd, 000299.850, 184
Trd, 000299.883, 167
Trd, 000299.967, 184
