Trd, 000001.683, 175
Trd, 000001.967, 169
Trd, 000002.000, 168
Trd, 000002.650, 182
Trd, 000002.933, 158
Trd, 000004.217, 155
Trd, 000004.250, 152
Trd, 000005.117, 167
Trd, 000006.650, 155
Trd, 000007.083, 150
Trd, 000007.383, 164
Trd, 000007.650, 162
Trd, 000007.883, 172
Trd, 000008.383, 150
Trd, 000009.133, 158
Trd, 000009.417, 152
Trd, 000009.517, 157
Trd, 000010.933, 156
Trd, 000011.000, 154
Trd, 000011.150, 153
Trd, 000011.833, 152
Trd, 000011.917, 155
Trd, 000012.200, 149
Trd, 000012.567, 155
Trd, 000013.400, 163
Trd, 000013.483, 155
Trd, 000014.067, 151
Trd, 000015.450, 162
Trd, 000016.450, 154
Trd, 000017.100, 155
Trd, 000017.367, 159
Trd, 000017.417, 150
Trd, 000018.100, 157
Trd, 000018.800, 155
Trd, 000018.817, 153
Trd, 000018.917, 152
Trd, 000019.817, 154
Trd, 000020.000, 153
Trd, 000020.350, 157
Trd, 000020.450, 136
Trd, 000022.133, 142
Trd, 000022.517, 139
Trd, 000023.933, 146
Trd, 000024.667, 145
Trd, 000024.883, 143
Trd, 000025.467, 146
Trd, 000025.583, 145
Trd, 000025.967, 145
Trd, 000026.500, 146
Trd, 000026.750, 154
Trd, 000026.817, 145
Trd, 000028.083, 153
Trd, 000028.667, 159
Trd, 000028.717, 163
Trd, 000029.033, 146
Trd, 000029.400, 144
Trd, 000029.433, 164
Trd, 000030.733, 153
Trd, 000031.383, 152
Trd, 000031.450, 152
Trd, 000031.850, 158
Trd, 000031.867, 151
Trd, 000032.433, 158
Trd, 000032.833, 162
Trd, 000034.217, 149
Trd, 000035.467, 150
Trd, 000035.567, 153
Trd, 000036.217, 144
Trd, 000036.333, 143
Trd, 000037.100, 162
Trd, 000037.950, 165
Trd, 000039.017, 166
Trd, 000039.650, 167
Trd, 000040.017, 168
Trd, 000040.433, 170
Trd, 000040.467, 168
Trd, 000040.500, 162
Trd, 000040.650, 152
Trd, 000041.300, 153
Trd, 000042.150, 153
Trd, 000042.333, 152
Trd, 000043.283, 154
Trd, 000043.383, 138
Trd, 000044.317, 154
Trd, 000044.333, 147
Trd, 000045.900, 147
Trd, 000046.133, 147
Trd, 000046.267, 147
Trd, 000046.650, 148
Trd, 000046.850, 150
Trd, 000046.933, 155
Trd, 000048.600, 148
Trd, 000048.667, 149
Trd, 000049.483, 147
Trd, 000049.583, 147
Trd, 000049.800, 132
Trd, 000051.533, 159
Trd, 000052.067, 155
Trd, 000053.867, 162
Trd, 000053.950, 166
Trd, 000054.383, 163
Trd, 000055.433, 164
Trd, 000055.900, 165
Trd, 000056.100, 163
Trd, 000056.217, 166
Trd, 000056.533, 163
Trd, 000057.300, 164
Trd, 000058.083, 167
Trd, 000059.117, 164
Trd, 000059.500, 167
Trd, 000060.333, 163
Trd, 000061.067, 154
Trd, 000061.150, 163
Trd, 000061.767, 143
Trd, 000061.867, 157
Trd, 000062.100, 154
Trd, 000063.417, 152
Trd, 000063.900, 150
Trd, 000064.233, 150
Trd, 000064.483, 141
Trd, 000064.750, 151
Trd, 000064.800, 152
Trd, 000065.717, 157
Trd, 000067.050, 157
Trd, 000068.517, 150
Trd, 000068.700, 157
Trd, 000069.017, 149
Trd, 000069.267, 155
Trd, 000069.600, 151
Trd, 000069.800, 152
Trd, 000070.550, 150
Trd, 000071.000, 153
Trd, 000071.233, 158
Trd, 000071.333, 148
Trd, 000072.550, 152
Trd, 000072.633, 148
Trd, 000073.150, 151
Trd, 000073.400, 142
Trd, 000073.850, 156
Trd, 000074.667, 168
Trd, 000075.483, 151
Trd, 000076.283, 155
Trd, 000077.767, 152
Trd, 000078.333, 157
Trd, 000079.317, 160
Trd, 000080.633, 163
Trd, 000080.733, 164
Trd, 000081.000, 160
Trd, 000081.050, 157
Trd, 000081.583, 156
Trd, 000082.617, 145
Trd, 000082.783, 149
Trd, 000082.917, 152
Trd, 000083.300, 154
Trd, 000083.450, 158
Trd, 000084.883, 161
Trd, 000084.917, 153
Trd, 000085.533, 160
Trd, 000086.317, 161
Trd, 000086.400, 170
Trd, 000087.083, 177
Trd, 000087.367, 167
Trd, 000087.867, 167
Trd, 000089.300, 175
Trd, 000089.917, 172
Trd, 000090.600, 172
Trd, 000090.917, 172
Trd, 000091.100, 171
Trd, 000091.650, 164
Trd, 000091.750, 143
Trd, 000092.333, 160
Trd, 000092.683, 158
Trd, 000093.583, 160
Trd, 000093.950, 159
Trd, 000094.483, 160
Trd, 000094.567, 159
Trd, 000095.050, 157
Trd, 000095.300, 160
Trd, 000096.383, 165
Trd, 000097.117, 166
Trd, 000097.183, 165
Trd, 000097.617, 164
Trd, 000097.933, 164
Trd, 000098.283, 163
Trd, 000098.433, 163
Trd, 000100.067, 154
Trd, 000100.650, 146
Trd, 000100.683, 147
Trd, 000101.200, 149
Trd, 000101.567, 158
Trd, 000101.617, 136
Trd, 000101.700, 170
Trd, 000102.750, 168
Trd, 000102.883, 172
Trd, 000104.367, 181
Trd, 000105.517, 181
Trd, 000106.067, 176
Trd, 000106.417, 175
Trd, 000107.333, 175
Trd, 000107.800, 179
Trd, 000107.817, 165
Trd, 000108.800, 160
Trd, 000108.900, 163
Trd, 000108.950, 164
Trd, 000109.367, 164
Trd, 000109.400, 159
Trd, 000111.267, 170
Trd, 000111.367, 166
Trd, 000111.900, 159
Trd, 000112.350, 164
Trd, 000112.917, 166
Trd, 000113.700, 164
Trd, 000113.817, 168
Trd, 000114.033, 168
Trd, 000115.517, 169
Trd, 000115.783, 167
Trd, 000115.800, 159
Trd, 000115.917, 155
Trd, 000116.400, 172
Trd, 000117.350, 149
Trd, 000118.817, 154
Trd, 000119.367, 155
Trd, 000120.017, 155
Trd, 000120.083, 152
Trd, 000120.100, 156
Trd, 000120.117, 174
Trd, 000120.683, 151
Trd, 000120.917, 194
Trd, 000122.050, 171
Trd, 000122.467, 174
Trd, 000122.500, 183
Trd, 000123.000, 205
Trd, 000123.483, 212
Trd, 000123.867, 228
Trd, 000124.033, 254
Trd, 000124.050, 306.0
Trd, 000124.317, 313.0
Trd, 000124.567, 317
Trd, 000124.817, 205
Trd, 000126.067, 319
Trd, 000126.500, 320.0
Trd, 000126.850, 331.0
Trd, 000127.767, 331
Trd, 000127.917, 335
Trd, 000128.417, 324
Trd, 000128.917, 335.0
Trd, 000129.000, 336
Trd, 000130.167, 327
Trd, 000131.933, 336
Trd, 000132.317, 337.0
Trd, 000132.700, 339
Trd, 000132.967, 343.0
Trd, 000133.200, 344.0
Trd, 000133.400, 338.0
Trd, 000133.683, 341
Trd, 000135.167, 346
Trd, 000135.817, 351.0
Trd, 000135.833, 362.0
Trd, 000136.033, 345
Trd, 000137.983, 349
Trd, 000138.633, 348.0
Trd, 000138.700, 359.0
Trd, 000138.717, 347
Trd, 000139.717, 357
Trd, 000141.800, 359
Trd, 000141.833, 358
Trd, 000142.600, 359
Trd, 000142.700, 357.0
Trd, 000143.150, 355.0
Trd, 000144.200, 351
Trd, 000144.483, 357
Trd, 000144.883, 351
Trd, 000145.117, 355
Trd, 000146.467, 354
Trd, 000146.633, 355.0
Trd, 000147.950, 349
Trd, 000149.167, 349.0
Trd, 000149.283, 349.0
Trd, 000149.650, 348.0
Trd, 000150.083, 351.0
Trd, 000150.417, 348.0
Trd, 000151.150, 344
Trd, 000151.217, 348
Trd, 000152.050, 342
Trd, 000153.467, 334
Trd, 000153.600, 337
Trd, 000153.633, 337.0
Trd, 000155.583, 335.0
Trd, 000155.700, 338.0
Trd, 000155.917, 339.0
Trd, 000156.133, 344.0
Trd, 000156.150, 351.0
Trd, 000156.733, 348
Trd, 000157.200, 336
Trd, 000158.767, 337.0
Trd, 000159.433, 337.0
Trd, 000159.467, 344.0
Trd, 000160.233, 347
Trd, 000160.533, 343
Trd, 000161.033, 341
Trd, 000161.050, 340
Trd, 000161.550, 340
Trd, 000162.050, 339
Trd, 000163.217, 337.0
Trd, 000163.250, 340
Trd, 000163.300, 335.0
Trd, 000163.617, 351.0
Trd, 000165.300, 343
Trd, 000165.533, 342
Trd, 000165.933, 350.0
Trd, 000166.850, 344.0
Trd, 000167.317, 351.0
Trd, 000167.650, 342
Trd, 000168.317, 350
Trd, 000169.317, 355.0
Trd, 000169.567, 360.0
Trd, 000169.750, 348.0
Trd, 000170.033, 362.0
Trd, 000170.950, 337.0
Trd, 000171.350, 346
Trd, 000171.517, 345
Trd, 000171.583, 346
Trd, 000172.450, 343
Trd, 000172.733, 340
Trd, 000173.183, 355.0
Trd, 000173.867, 358
Trd, 000174.267, 360
Trd, 000174.550, 355
Trd, 000175.183, 335.0
Trd, 000176.483, 348.0
Trd, 000176.567, 346
Trd, 000176.900, 349
Trd, 000177.617, 350.0
Trd, 000178.833, 348.0
Trd, 000178.983, 351
Trd, 000179.600, 346
Trd, 000179.633, 347
Trd, 000181.200, 349
Trd, 000181.233, 346
Trd, 000181.517, 344
Trd, 000181.967, 334.0
Trd, 000182.317, 326
Trd, 000182.367, 331
Trd, 000183.217, 320.0
Trd, 000183.317, 316
Trd, 000183.433, 303.0
Trd, 000184.200, 300.0
Trd, 000185.550, 188
Trd, 000186.100, 187
Trd, 000186.433, 187
Trd, 000187.067, 186
Trd, 000187.200, 173
Trd, 000187.483, 184
Trd, 000188.817, 188
Trd, 000189.233, 187
Trd, 000189.767, 186
Trd, 000190.350, 187
Trd, 000190.867, 189
Trd, 000191.267, 189
Trd, 000191.450, 184
Trd, 000192.650, 186
Trd, 000193.083, 185
Trd, 000193.200, 184
Trd, 000193.667, 181
Trd, 000193.900, 181
Trd, 000194.767, 181
Trd, 000196.033, 174
Trd, 000196.467, 164
Trd, 000196.850, 156
Trd, 000196.883, 156
Trd, 000197.250, 157
Trd, 000197.683, 157
Trd, 000198.200, 158
Trd, 000198.333, 160
Trd, 000199.583, 177
Trd, 000200.050, 179
Trd, 000201.150, 176
Trd, 000201.267, 175
Trd, 000201.700, 176
Trd, 000202.083, 175
Trd, 000202.317, 176
Trd, 000202.783, 168
Trd, 000203.883, 173
Trd, 000204.700, 173
Trd, 000205.100, 171
Trd, 000205.533, 172
Trd, 000205.967, 171
Trd, 000206.333, 169
Trd, 000206.417, 171
Trd, 000207.133, 173
Trd, 000207.300, 176
Trd, 000208.350, 173
Trd, 000208.400, 171
Trd, 000209.150, 170
Trd, 000209.900, 178
Trd, 000210.400, 181
Trd, 000210.583, 178
Trd, 000211.183, 183
Trd, 000212.617, 182
Trd, 000212.633, 183
Trd, 000215.000, 177
Trd, 000215.150, 177
Trd, 000215.867, 185
Trd, 000216.083, 178
Trd, 000216.250, 176
Trd, 000216.533, 186
Trd, 000217.317, 174
Trd, 000218.867, 177
Trd, 000218.933, 177
Trd, 000219.167, 183
Trd, 000219.217, 178
Trd, 000220.150, 183
Trd, 000220.333, 184
Trd, 000220.867, 182
Trd, 000221.050, 187
Trd, 000221.650, 190
Trd, 000221.667, 179
Trd, 000222.083, 183
Trd, 000222.583, 162
Trd, 000223.233, 159
Trd, 000223.550, 179
Trd, 000224.017, 179
Trd, 000224.800, 177
Trd, 000224.917, 170
Trd, 000225.850, 166
Trd, 000226.067, 167
Trd, 000227.150, 157
Trd, 000228.217, 158
Trd, 000228.883, 158
Trd, 000229.950, 160
Trd, 000230.083, 165
Trd, 000230.200, 165
Trd, 000230.250, 167
Trd, 000230.683, 174
Trd, 000231.000, 167
Trd, 000231.983, 172
Trd, 000232.450, 161
Trd, 000233.533, 162
Trd, 000233.817, 161
Trd, 000234.200, 167
Trd, 000234.750, 158
Trd, 000234.767, 160
Trd, 000235.500, 169
Trd, 000236.400, 164
Trd, 000236.800, 170
Trd, 000237.683, 185
Trd, 000238.417, 178
Trd, 000238.583, 172
Trd, 000239.000, 172
Trd, 000239.383, 179
Trd, 000240.417, 177
Trd, 000240.550, 176
Trd, 000240.817, 176
Trd, 000241.150, 177
Trd, 000241.367, 177
Trd, 000241.933, 176
Trd, 000242.100, 179
Trd, 000243.283, 180
Trd, 000243.317, 179
Trd, 000243.333, 175
Trd, 000244.167, 175
Trd, 000244.267, 176
Trd, 000244.367, 175
Trd, 000244.517, 172
Trd, 000245.100, 176
Trd, 000245.750, 169
Trd, 000246.300, 170
Trd, 000246.650, 172
Trd, 000247.950, 174
Trd, 000248.267, 176
Trd, 000249.133, 177
Trd, 000249.583, 179
Trd, 000250.000, 180
Trd, 000250.200, 176
Trd, 000250.633, 184
Trd, 000250.733, 177
Trd, 000251.250, 184
Trd, 000251.283, 187
Trd, 000251.650, 186
Trd, 000251.750, 178
Trd, 000252.233, 174
Trd, 000252.717, 180
Trd, 000253.617, 174
Trd, 000253.700, 175
Trd, 000253.767, 173
Trd, 000254.000, 169
Trd, 000254.550, 171
Trd, 000255.183, 174
Trd, 000255.500, 173
Trd, 000256.333, 183
Trd, 000256.633, 166
Trd, 000256.900, 165
Trd, 000257.550, 163
Trd, 000257.967, 166
Trd, 000258.200, 168
Trd, 000258.250, 176
Trd, 000258.433, 177
Trd, 000258.633, 167
Trd, 000259.217, 168
Trd, 000259.233, 169
Trd, 000259.250, 172
Trd, 000260.433, 167
Trd, 000260.767, 174
Trd, 000261.033, 170
Trd, 000261.267, 173
Trd, 000261.283, 170
Trd, 000262.600, 174
Trd, 000263.700, 187
Trd, 000264.117, 188
Trd, 000264.233, 187
Trd, 000264.417, 185
Trd, 000264.467, 182
Trd, 000265.683, 182
Trd, 000265.717, 181
Trd, 000266.217, 181
Trd, 000266.517, 177
Trd, 000266.900, 175
Trd, 000267.050, 181
Trd, 000267.733, 179
Trd, 000268.117, 178
Trd, 000268.250, 174
Trd, 000268.633, 178
Trd, 000269.917, 180
Trd, 000270.100, 179
Trd, 000270.200, 178
Trd, 000270.217, 179
Trd, 000270.517, 182
Trd, 000270.800, 181
Trd, 000270.950, 179
Trd, 000271.150, 178
Trd, 000271.467, 177
Trd, 000271.717, 181
Trd, 000272.433, 182
Trd, 000272.733, 175
Trd, 000273.700, 179
Trd, 000274.567, 178
Trd, 000274.833, 177
Trd, 000274.983, 178
Trd, 000275.200, 178
Trd, 000275.317, 180
Trd, 000275.567, 178
Trd, 000275.667, 177
Trd, 000275.967, 178
Trd, 000276.517, 181
Trd, 000277.033, 178
Trd, 000278.000, 176
Trd, 000278.033, 183
Trd, 000278.233, 175
Trd, 000278.600, 171
Trd, 000278.617, 172
Trd, 000279.433, 170
Trd, 000279.833, 168
Trd, 000280.283, 169
Trd, 000280.717, 170
Trd, 000281.600, 196
Trd, 000281.683, 170
Trd, 000282.033, 170
Trd, 000282.167, 180
Trd, 000282.350, 174
Trd, 000282.467, 181
Trd, 000282.483, 165
Trd, 000282.900, 180
Trd, 000283.200, 165
Trd, 000283.817, 181
Trd, 000284.383, 182
Trd, 000284.600, 180
Trd, 000286.150, 183
Trd, 000286.233, 182
Trd, 000286.367, 181
Trd, 000286.550, 196
Trd, 000286.983, 180
Trd, 000287.050, 177
Trd, 000287.983, 182
Trd, 000288.017, 180
Trd, 000288.333, 181
Trd, 000288.467, 178
Trd, 000288.633, 184
Trd, 000288.933, 180
Trd, 000289.300, 172
Trd, 000290.017, 172
Trd, 000290.800, 173
Trd, 000290.900, 173
Trd, 000290.933, 168
Trd, 000291.533, 174
Trd, 000292.333, 175
Trd, 000292.800, 173
Trd, 000293.117, 169
Trd, 000293.717, 166
Trd, 000293.750, 164
Trd, 000293.867, 155
Trd, 000294.117, 149
Trd, 000294.783, 166
Trd, 000295.750, 167
Trd, 000296.050, 170
Trd, 000296.333, 176
Trd, 000296.900, 184
Trd, 000297.200, 173
Trd, 000297.433, 196
Trd, 000297.500, 170
Trd, 000297.717, 197
Trd, 000297.967, 190
Trd, 000298.350, 182
Trd, 000299.617, 189
Trd, 000299.650, 181
