Trd, 000001.200, 182
Trd, 000002.783, 155
Trd, 000002.950, 155
Trd, 000003.283, 156
Trd, 000004.667, 130
Trd, 000005.250, 131
Trd, 000005.300, 130
Trd, 000005.433, 140
Trd, 000006.217, 140
Trd, 000007.150, 141
Trd, 000008.200, 142
Trd, 000008.267, 145
Trd, 000008.400, 152
Trd, 000008.883, 137
Trd, 000010.067, 139
Trd, 000010.417, 139
Trd, 000011.850, 142
Trd, 000011.917, 139
Trd, 000012.167, 145
Trd, 000012.233, 137
Trd, 000012.500, 137
Trd, 000013.233, 146
Trd, 000013.467, 148
Trd, 000014.483, 155
Trd, 000014.750, 148
Trd, 000015.517, 149
Trd, 000016.767, 155
Trd, 000017.783, 150
Trd, 000018.250, 149
Trd, 000019.050, 153
Trd, 000019.917, 155
Trd, 000020.100, 152
Trd, 000020.500, 153
Trd, 000020.917, 152
Trd, 000021.967, 151
Trd, 000022.050, 152
Trd, 000022.150, 153
Trd, 000023.717, 154
Trd, 000025.200, 154
Trd, 000025.533, 151
Trd, 000026.133, 150
Trd, 000026.433, 154
Trd, 000027.183, 147
Trd, 000028.683, 148
Trd, 000028.933, 146
Trd, 000029.017, 148
Trd, 000029.700, 149
Trd, 000030.167, 149
Trd, 000030.383, 153
Trd, 000030.783, 149
Trd, 000032.133, 151
Trd, 000032.267, 151
Trd, 000032.550, 157
Trd, 000032.667, 139
Trd, 000032.933, 144
Trd, 000033.550, 134
Trd, 000034.517, 136
Trd, 000034.533, 138
Trd, 000036.033, 139
Trd, 000037.100, 144
Trd, 000037.833, 150
Trd, 000038.000, 149
Trd, 000038.183, 157
Trd, 000038.833, 147
Trd, 000039.033, 158
Trd, 000039.167, 147
Trd, 000039.217, 159
Trd, 000040.200, 146
Trd, 000040.817, 145
Trd, 000042.317, 141
Trd, 000044.150, 149
Trd, 000044.767, 145
Trd, 000045.367, 145
Trd, 000046.450, 148
Trd, 000046.733, 148
Trd, 000046.750, 147
Trd, 000046.917, 146
Trd, 000047.117, 144
Trd, 000048.717, 148
Trd, 000049.017, 147
Trd, 000049.217, 148
Trd, 000049.450, 148
Trd, 000049.733, 149
Trd, 000049.750, 160
Trd, 000049.783, 147
Trd, 000049.933, 163
Trd, 000050.217, 148
Trd, 000050.650, 152
Trd, 000052.017, 155
Trd, 000052.717, 161
Trd, 000052.900, 153
Trd, 000053.050, 150
Trd, 000053.283, 154
Trd, 000054.350, 141
Trd, 000054.733, 159
Trd, 000056.500, 149
Trd, 000057.033, 152
Trd, 000057.050, 144
Trd, 000057.167, 143
Trd, 000058.083, 145
Trd, 000058.300, 146
Trd, 000059.267, 146
Trd, 000059.567, 147
Trd, 000060.617, 147
Trd, 000060.933, 150
Trd, 000061.067, 146
Trd, 000062.317, 147
Trd, 000063.317, 150
Trd, 000063.867, 149
Trd, 000064.633, 158
Trd, 000065.000, 148
Trd, 000065.650, 158
Trd, 000065.667, 150
Trd, 000066.750, 155
Trd, 000067.000, 156
Trd, 000067.333, 153
Trd, 000068.233, 152
Trd, 000068.567, 150
Trd, 000069.283, 153
Trd, 000069.533, 153
Trd, 000071.317, 152
Trd, 000071.883, 150
Trd, 000072.500, 152
Trd, 000073.183, 148
Trd, 000074.167, 150
Trd, 000074.800, 149
Trd, 000075.067, 151
Trd, 000075.433, 148
Trd, 000076.717, 149
Trd, 000077.533, 147
Trd, 000077.750, 149
Trd, 000078.183, 149
Trd, 000078.200, 150
Trd, 000078.817, 149
Trd, 000079.183, 149
Trd, 000079.850, 148
Trd, 000080.100, 144
Trd, 000081.483, 150
Trd, 000081.583, 151
Trd, 000081.717, 163
Trd, 000082.383, 145
Trd, 000083.150, 164
Trd, 000084.717, 156
Trd, 000084.783, 156
Trd, 000085.517, 153
Trd, 000086.117, 155
Trd, 000087.517, 156
Trd, 000087.600, 155
Trd, 000088.950, 147
Trd, 000089.200, 150
Trd, 000089.267, 153
Trd, 000089.900, 149
Trd, 000090.167, 145
Trd, 000090.400, 148
Trd, 000090.933, 146
Trd, 000091.817, 148
Trd, 000092.317, 145
Trd, 000092.533, 147
Trd, 000093.217, 147
Trd, 000093.783, 145
Trd, 000094.483, 146
Trd, 000095.700, 147
Trd, 000096.050, 147
Trd, 000096.850, 147
Trd, 000097.417, 147
Trd, 000097.533, 147
Trd, 000097.550, 148
Trd, 000098.183, 149
Trd, 000098.283, 146
Trd, 000100.167, 148
Trd, 000100.917, 151
Trd, 000101.417, 153
Trd, 000101.883, 153
Trd, 000102.083, 153
Trd, 000102.133, 152
Trd, 000102.633, 154
Trd, 000103.267, 151
Trd, 000103.317, 153
Trd, 000103.433, 167
Trd, 000103.467, 149
Trd, 000104.167, 140
Trd, 000105.700, 150
Trd, 000107.783, 152
Trd, 000108.600, 152
Trd, 000108.733, 152
Trd, 000108.817, 151
Trd, 000109.233, 150
Trd, 000109.567, 150
Trd, 000112.300, 153
Trd, 000112.500, 152
Trd, 000112.683, 152
Trd, 000113.533, 150
Trd, 000114.267, 149
Trd, 000114.483, 148
Trd, 000114.533, 150
Trd, 000115.250, 149
Trd, 000115.350, 150
Trd, 000116.050, 146
Trd, 000116.783, 151
Trd, 000117.450, 143
Trd, 000117.750, 154
Trd, 000118.950, 153
Trd, 000119.800, 150
Trd, 000119.850, 148
Trd, 000120.833, 152
Trd, 000120.933, 152
Trd, 000121.300, 153
Trd, 000121.367, 167
Trd, 000121.917, 170
Trd, 000122.550, 177
Trd, 000122.617, 203
Trd, 000122.933, 212
Trd, 000123.150, 223
Trd, 000123.550, 223
Trd, 000124.233, 209
Trd, 000124.667, 305
Trd, 000124.800, 313.0
Trd, 000124.900, 305
Trd, 000125.400, 317
Trd, 000127.167, 317
Trd, 000127.467, 320.0
Trd, 000127.800, 324.0
Trd, 000128.800, 331.0
Trd, 000129.633, 330
Trd, 000129.917, 329
Trd, 000130.333, 336
Trd, 000130.817, 344.0
Trd, 000131.517, 336
Trd, 000131.717, 334
Trd, 000132.933, 341
Trd, 000134.167, 338
Trd, 000134.550, 336
Trd, 000135.000, 336
Trd, 000135.417, 337.0
Trd, 000135.867, 338.0
Trd, 000136.733, 337.0
Trd, 000136.950, 335
Trd, 000137.317, 340.0
Trd, 000137.750, 341.0
Trd, 000137.833, 344.0
Trd, 000137.900, 331
Trd, 000138.500, 331.0
Trd, 000139.517, 350
Trd, 000140.750, 341
Trd, 000140.800, 340
Trd, 000141.183, 340
Trd, 000142.467, 337
Trd, 000142.783, 339.0
Trd, 000143.083, 334
Trd, 000143.167, 330
Trd, 000144.517, 341.0
Trd, 000144.733, 342
Trd, 000145.283, 344.0
Trd, 000146.500, 338
Trd, 000147.000, 337
Trd, 000147.683, 338
Trd, 000147.700, 338
Trd, 000148.800, 339
Trd, 000148.833, 341
Trd, 000149.217, 344.0
Trd, 000149.767, 339
Trd, 000150.050, 338
Trd, 000151.517, 338
Trd, 000153.033, 338.0
Trd, 000153.350, 339.0
Trd, 000153.400, 339
Trd, 000154.117, 340.0
Trd, 000154.400, 339
Trd, 000154.883, 339
Trd, 000155.850, 339
Trd, 000156.917, 341.0
Trd, 000157.517, 351
Trd, 000158.017, 330
Trd, 000160.250, 333
Trd, 000160.683, 333
Trd, 000160.950, 336
Trd, 000161.650, 336
Trd, 000161.733, 335
Trd, 000162.883, 336
Trd, 000163.167, 333
Trd, 000163.200, 332
Trd, 000164.267, 337
Trd, 000164.800, 337
Trd, 000165.267, 336
Trd, 000166.250, 337
Trd, 000166.283, 327.0
Trd, 000166.467, 337
Trd, 000169.117, 334
Trd, 000169.383, 332
Trd, 000170.850, 335
Trd, 000171.000, 332
Trd, 000171.233, 333
Trd, 000171.750, 334
Trd, 000172.417, 335
Trd, 000172.950, 337
Trd, 000173.700, 338.0
Trd, 000174.283, 339.0
Trd, 000174.850, 334
Trd, 000175.633, 333
Trd, 000175.817, 339
Trd, 000176.083, 344.0
Trd, 000176.333, 332
Trd, 000177.400, 335
Trd, 000177.567, 340.0
Trd, 000177.650, 339
Trd, 000178.383, 341.0
Trd, 000178.883, 341
Trd, 000180.133, 341
Trd, 000180.533, 341
Trd, 000181.617, 340
Trd, 000182.200, 339
Trd, 000182.867, 340
Trd, 000183.233, 338
Trd, 000183.467, 335
Trd, 000183.600, 329
Trd, 000183.883, 327.0
Trd, 000183.933, 300.0
Trd, 000183.950, 261
Trd, 000185.617, 242
Trd, 000185.633, 223
Trd, 000185.650, 218
Trd, 000186.233, 211
Trd, 000186.317, 202
Trd, 000187.167, 200
Trd, 000187.533, 183
Trd, 000188.300, 173
Trd, 000188.717, 173
Trd, 000188.933, 176
Trd, 000188.983, 177
Trd, 000189.833, 178
Trd, 000191.267, 165
Trd, 000191.367, 165
Trd, 000193.367, 169
Trd, 000193.567, 169
Trd, 000194.350, 168
Trd, 000194.433, 165
Trd, 000195.433, 168
Trd, 000195.567, 164
Trd, 000195.700, 161
Trd, 000196.033, 168
Trd, 000196.083, 169
Trd, 000196.283, 169
Trd, 000196.833, 164
Trd, 000197.033, 161
Trd, 000197.500, 151
Trd, 000198.700, 167
Trd, 000198.850, 159
Trd, 000200.767, 160
Trd, 000201.317, 160
Trd, 000201.500, 161
Trd, 000201.583, 162
Trd, 000202.417, 162
Trd, 000202.667, 165
Trd, 000202.783, 166
Trd, 000203.283, 165
Trd, 000203.867, 167
Trd, 000203.967, 177
Trd, 000204.750, 165
Trd, 000205.650, 165
Trd, 000205.850, 168
Trd, 000206.483, 167
Trd, 000208.017, 159
Trd, 000208.100, 161
Trd, 000208.400, 162
Trd, 000208.917, 162
Trd, 000209.533, 162
Trd, 000209.967, 165
Trd, 000210.283, 157
Trd, 000212.617, 157
Trd, 000213.250, 162
Trd, 000213.400, 158
Trd, 000214.083, 160
Trd, 000214.517, 162
Trd, 000215.533, 161
Trd, 000216.250, 160
Trd, 000216.367, 162
Trd, 000216.783, 164
Trd, 000217.050, 162
Trd, 000218.250, 164
Trd, 000218.883, 164
Trd, 000219.317, 164
Trd, 000219.850, 164
Trd, 000220.083, 158
Trd, 000220.117, 170
Trd, 000220.200, 177
Trd, 000220.500, 180
Trd, 000221.300, 163
Trd, 000221.900, 162
Trd, 000222.550, 169
Trd, 000222.983, 172
Trd, 000223.200, 165
Trd, 000224.133, 177
Trd, 000224.300, 163
Trd, 000226.800, 160
Trd, 000226.867, 158
Trd, 000227.383, 157
Trd, 000227.600, 160
Trd, 000227.667, 155
Trd, 000228.050, 160
Trd, 000229.200, 156
Trd, 000229.850, 161
Trd, 000230.483, 159
Trd, 000230.567, 157
Trd, 000230.583, 160
Trd, 000230.850, 160
Trd, 000232.667, 167
Trd, 000233.117, 163
Trd, 000234.583, 167
Trd, 000234.600, 166
Trd, 000234.967, 167
Trd, 000235.150, 164
Trd, 000235.550, 159
Trd, 000236.217, 160
Trd, 000237.100, 158
Trd, 000238.617, 167
Trd, 000239.233, 166
Trd, 000239.933, 167
Trd, 000240.167, 167
Trd, 000240.500, 173
Trd, 000240.967, 173
Trd, 000241.017, 175
Trd, 000241.350, 174
Trd, 000241.483, 173
Trd, 000241.517, 172
Trd, 000242.050, 176
Trd, 000242.317, 176
Trd, 000242.633, 174
Trd, 000242.850, 173
Trd, 000244.833, 171
Trd, 000244.867, 172
Trd, 000244.967, 164
Trd, 000245.100, 163
Trd, 000245.350, 172
Trd, 000246.333, 165
Trd, 000246.683, 168
Trd, 000247.083, 168
Trd, 000247.117, 166
Trd, 000248.067, 168
Trd, 000248.133, 169
Trd, 000248.200, 166
Trd, 000248.650, 169
Trd, 000248.783, 168
Trd, 000249.900, 165
Trd, 000249.933, 166
Trd, 000250.183, 162
Trd, 000250.400, 162
Trd, 000250.883, 163
Trd, 000251.133, 169
Trd, 000252.000, 164
Trd, 000252.100, 161
Trd, 000252.400, 165
Trd, 000252.717, 166
Trd, 000253.050, 167
Trd, 000253.417, 169
Trd, 000253.600, 173
Trd, 000253.983, 182
Trd, 000255.000, 176
Trd, 000255.133, 173
Trd, 000255.150, 172
Trd, 000255.533, 172
Trd, 000256.167, 174
Trd, 000256.733, 174
Trd, 000256.817, 174
Trd, 000256.933, 163
Trd, 000258.400, 175
Trd, 000258.633, 176
Trd, 000258.750, 176
Trd, 000259.083, 176
Trd, 000259.217, 177
Trd, 000259.483, 174
Trd, 000259.583, 161
Trd, 000260.617, 167
Trd, 000261.417, 174
Trd, 000261.817, 175
Trd, 000262.183, 176
Trd, 000263.167, 178
Trd, 000263.667, 178
Trd, 000264.050, 177
Trd, 000264.100, 178
Trd, 000264.183, 174
Trd, 000265.050, 178
Trd, 000265.300, 176
Trd, 000265.567, 176
Trd, 000265.817, 175
Trd, 000266.717, 176
Trd, 000267.550, 184
Trd, 000267.617, 181
Trd, 000267.667, 176
Trd, 000269.317, 175
Trd, 000270.083, 170
Trd, 000270.683, 168
Trd, 000270.900, 172
Trd, 000271.433, 169
Trd, 000271.583, 171
Trd, 000272.217, 172
Trd, 000272.350, 170
Trd, 000272.683, 175
Trd, 000272.983, 172
Trd, 000273.717, 170
Trd, 000273.883, 171
Trd, 000274.000, 172
Trd, 000274.450, 169
Trd, 000274.567, 175
Trd, 000274.900, 161
Trd, 000275.400, 163
Trd, 000275.567, 154
Trd, 000275.700, 168
Trd, 000276.700, 161
Trd, 000277.183, 164
Trd, 000277.433, 165
Trd, 000277.550, 174
Trd, 000278.233, 175
Trd, 000278.900, 170
Trd, 000279.600, 169
Trd, 000279.950, 171
Trd, 000280.267, 169
Trd, 000280.283, 171
Trd, 000280.800, 167
Trd, 000282.000, 170
Trd, 000282.150, 172
Trd, 000282.417, 175
Trd, 000283.367, 170
Trd, 000283.817, 172
Trd, 000283.883, 173
Trd, 000284.100, 172
Trd, 000284.200, 174
Trd, 000284.650, 169
Trd, 000284.733, 167
Trd, 000285.167, 174
Trd, 000285.333, 175
Trd, 000285.633, 176
Trd, 000285.683, 183
Trd, 000286.533, 173
Trd, 000286.833, 177
Trd, 000286.983, 184
Trd, 000287.083, 176
Trd, 000287.800, 164
Trd, 000288.133, 165
Trd, 000289.333, 168
Trd, 000289.600, 169
Trd, 000289.650, 170
Trd, 000290.067, 165
Trd, 000290.133, 170
Trd, 000290.300, 171
Trd, 000290.550, 175
Trd, 000291.683, 177
Trd, 000292.117, 186
Trd, 000292.417, 184
Trd, 000293.200, 178
Trd, 000293.283, 164
Trd, 000293.617, 170
Trd, 000294.800, 180
Trd, 000295.200, 175
Trd, 000295.217, 176
Trd, 000295.933, 172
Trd, 000296.450, 175
Trd, 000296.633, 173
Trd, 000296.900, 177
Trd, 000296.983, 172
Trd, 000297.033, 172
Trd, 000297.983, 166
Trd, 000298.117, 176
Trd, 000298.267, 177
