Trd, 000003.750, 152
Trd, 000003.900, 151
Trd, 000004.000, 150
Trd, 000004.400, 152
Trd, 000006.217, 155
Trd, 000006.250, 152
Trd, 000006.533, 157
Trd, 000006.783, 157
Trd, 000006.933, 153
Trd, 000008.433, 155
Trd, 000008.500, 152
Trd, 000008.883, 155
Trd, 000009.233, 168
Trd, 000009.333, 151
Trd, 000009.683, 151
Trd, 000009.817, 158
Trd, 000010.333, 162
Trd, 000010.467, 161
Trd, 000011.300, 168
Trd, 000011.317, 158
Trd, 000013.067, 157
Trd, 000014.067, 167
Trd, 000014.583, 159
Trd, 000015.017, 158
Trd, 000015.233, 165
Trd, 000016.067, 158
Trd, 000016.267, 157
Trd, 000016.333, 161
Trd, 000017.700, 156
Trd, 000018.617, 159
Trd, 000019.150, 157
Trd, 000019.850, 157
Trd, 000020.033, 159
Trd, 000020.200, 180
Trd, 000021.383, 162
Trd, 000022.017, 162
Trd, 000022.117, 165
Trd, 000022.233, 160
Trd, 000023.633, 161
Trd, 000023.917, 164
Trd, 000024.100, 165
Trd, 000025.133, 161
Trd, 000025.533, 160
Trd, 000025.900, 160
Trd, 000027.700, 160
Trd, 000027.867, 163
Trd, 000029.083, 160
Trd, 000030.400, 161
Trd, 000030.483, 162
Trd, 000030.967, 160
Trd, 000031.550, 161
Trd, 000033.000, 161
Trd, 000033.383, 160
Trd, 000033.750, 159
Trd, 000034.533, 159
Trd, 000034.967, 160
Trd, 000035.133, 158
Trd, 000037.867, 159
Trd, 000038.000, 157
Trd, 000038.800, 159
Trd, 000039.450, 160
Trd, 000039.783, 157
Trd, 000039.850, 157
Trd, 000041.767, 161
Trd, 000042.333, 158
Trd, 000042.950, 159
Trd, 000042.967, 158
Trd, 000042.983, 161
Trd, 000044.150, 156
Trd, 000044.550, 157
Trd, 000045.017, 159
Trd, 000045.067, 159
Trd, 000045.817, 155
Trd, 000045.983, 154
Trd, 000046.850, 156
Trd, 000047.483, 155
Trd, 000048.250, 156
Trd, 000048.517, 155
Trd, 000049.467, 173
Trd, 000049.983, 169
Trd, 000050.133, 166
Trd, 000050.183, 163
Trd, 000050.417, 163
Trd, 000051.117, 166
Trd, 000051.367, 167
Trd, 000051.400, 161
Trd, 000051.983, 160
Trd, 000053.233, 164
Trd, 000054.300, 162
Trd, 000054.600, 161
Trd, 000054.850, 160
Trd, 000055.000, 159
Trd, 000055.217, 160
Trd, 000056.000, 159
Trd, 000056.250, 159
Trd, 000056.283, 157
Trd, 000057.700, 157
Trd, 000058.033, 156
Trd, 000058.067, 157
Trd, 000058.783, 158
Trd, 000058.867, 174
Trd, 000060.867, 163
Trd, 000061.067, 159
Trd, 000061.550, 163
Trd, 000062.267, 159
Trd, 000062.850, 159
Trd, 000063.283, 160
Trd, 000063.367, 158
Trd, 000063.600, 160
Trd, 000063.617, 153
Trd, 000064.000, 156
Trd, 000064.333, 157
Trd, 000064.517, 160
Trd, 000065.550, 170
Trd, 000066.500, 159
Trd, 000067.067, 159
Trd, 000068.250, 154
Trd, 000068.467, 162
Trd, 000068.650, 162
Trd, 000069.517, 162
Trd, 000069.733, 156
Trd, 000070.750, 160
Trd, 000072.283, 162
Trd, 000072.633, 161
Trd, 000073.283, 160
Trd, 000073.833, 161
Trd, 000073.883, 161
Trd, 000073.950, 157
Trd, 000074.317, 157
Trd, 000075.133, 162
Trd, 000075.433, 157
Trd, 000075.633, 156
Trd, 000075.950, 172
Trd, 000076.117, 175
Trd, 000078.883, 166
Trd, 000078.983, 165
Trd, 000079.150, 164
Trd, 000079.417, 167
Trd, 000080.433, 172
Trd, 000080.533, 163
Trd, 000081.383, 163
Trd, 000081.400, 162
Trd, 000081.567, 168
Trd, 000081.767, 169
Trd, 000082.900, 161
Trd, 000082.967, 158
Trd, 000084.767, 161
Trd, 000085.450, 162
Trd, 000085.850, 161
Trd, 000086.483, 163
Trd, 000087.067, 163
Trd, 000088.550, 161
Trd, 000088.850, 163
Trd, 000088.933, 163
Trd, 000089.333, 160
Trd, 000089.617, 161
Trd, 000089.917, 163
Trd, 000090.100, 163
Trd, 000090.533, 163
Trd, 000090.633, 163
Trd, 000091.967, 165
Trd, 000092.067, 164
Trd, 000092.133, 173
Trd, 000092.483, 162
Trd, 000093.967, 163
Trd, 000094.717, 164
Trd, 000095.167, 165
Trd, 000095.333, 165
Trd, 000095.600, 164
Trd, 000096.083, 164
Trd, 000097.300, 164
Trd, 000097.683, 163
Trd, 000098.133, 163
Trd, 000099.083, 164
Trd, 000099.250, 164
Trd, 000099.733, 164
Trd, 000100.333, 164
Trd, 000102.283, 163
Trd, 000102.633, 162
Trd, 000102.967, 164
Trd, 000103.000, 162
Trd, 000103.900, 165
Trd, 000104.067, 163
Trd, 000104.500, 177
Trd, 000105.150, 173
Trd, 000105.383, 160
Trd, 000105.400, 178
Trd, 000106.483, 166
Trd, 000106.700, 174
Trd, 000107.400, 167
Trd, 000108.017, 167
Trd, 000108.700, 170
Trd, 000110.083, 168
Trd, 000110.633, 166
Trd, 000111.217, 166
Trd, 000111.767, 165
Trd, 000112.183, 167
Trd, 000113.017, 165
Trd, 000113.783, 161
Trd, 000113.867, 168
Trd, 000114.667, 161
Trd, 000115.783, 164
Trd, 000116.950, 162
Trd, 000117.200, 162
Trd, 000117.283, 165
Trd, 000118.567, 166
Trd, 000118.783, 164
Trd, 000118.950, 163
Trd, 000119.367, 155
Trd, 000119.767, 149
Trd, 000120.117, 165
Trd, 000120.367, 164
Trd, 000120.833, 166
Trd, 000121.183, 165
Trd, 000121.400, 166
Trd, 000121.700, 177
Trd, 000122.483, 205
Trd, 000122.583, 216
Trd, 000122.617, 225
Trd, 000123.033, 238
Trd, 000123.067, 273
Trd, 000124.367, 257
Trd, 000125.033, 277
Trd, 000125.500, 300.0
Trd, 000126.033, 310.0
Trd, 000126.367, 320.0
Trd, 000126.433, 324.0
Trd, 000126.517, 325
Trd, 000127.067, 327.0
Trd, 000127.233, 348.0
Trd, 000128.417, 346
Trd, 000128.467, 345.0
Trd, 000128.817, 363
Trd, 000129.100, 344.0
Trd, 000129.733, 358
Trd, 000130.367, 367
Trd, 000130.483, 364
Trd, 000131.083, 359
Trd, 000131.433, 358
Trd, 000132.567, 358.0
Trd, 000132.933, 351
Trd, 000133.117, 348.0
Trd, 000133.283, 348
Trd, 000135.650, 345
Trd, 000136.133, 347
Trd, 000136.767, 349
Trd, 000137.467, 347.0
Trd, 000138.083, 349
Trd, 000138.467, 348
Trd, 000138.683, 348
Trd, 000139.400, 349
Trd, 000139.983, 350
Trd, 000140.150, 344.0
Trd, 000142.183, 346
Trd, 000142.383, 346.0
Trd, 000145.017, 348.0
Trd, 000145.383, 348
Trd, 000145.450, 347
Trd, 000145.850, 347
Trd, 000146.867, 346
Trd, 000146.933, 347
Trd, 000147.533, 345
Trd, 000147.550, 347.0
Trd, 000148.267, 344
Trd, 000149.550, 348.0
Trd, 000150.033, 347
Trd, 000150.867, 345
Trd, 000150.950, 344.0
Trd, 000151.483, 343
Trd, 000151.650, 346
Trd, 000151.667, 343
Trd, 000152.967, 345
Trd, 000153.300, 344
Trd, 000153.483, 345
Trd, 000153.683, 343
Trd, 000155.267, 344
Trd, 000155.650, 345.0
Trd, 000156.083, 348.0
Trd, 000157.050, 349
Trd, 000157.833, 347
Trd, 000158.983, 349
Trd, 000159.700, 349
Trd, 000160.317, 349
Trd, 000160.433, 348
Trd, 000161.383, 351
Trd, 000161.683, 351
Trd, 000161.717, 351
Trd, 000162.050, 346
Trd, 000162.067, 347.0
Trd, 000162.767, 347.0
Trd, 000163.867, 351
Trd, 000164.233, 350
Trd, 000164.700, 351
Trd, 000166.417, 351
Trd, 000166.667, 352
Trd, 000166.933, 349
Trd, 000168.017, 348
Trd, 000168.767, 347
Trd, 000169.000, 347
Trd, 000169.233, 346
Trd, 000169.500, 344.0
Trd, 000169.850, 348
Trd, 000169.883, 343
Trd, 000170.133, 347
Trd, 000170.600, 335
Trd, 000171.883, 345
Trd, 000173.800, 343
Trd, 000174.133, 341
Trd, 000174.633, 340
Trd, 000175.083, 342
Trd, 000175.117, 340
Trd, 000176.267, 339
Trd, 000176.683, 342
Trd, 000177.733, 344.0
Trd, 000178.717, 342.0
Trd, 000179.367, 342
Trd, 000180.183, 342
Trd, 000180.333, 342
Trd, 000181.750, 341
Trd, 000181.917, 338
Trd, 000182.267, 338
Trd, 000182.333, 337.0
Trd, 000182.533, 335
Trd, 000182.883, 333
Trd, 000182.917, 320.0
Trd, 000183.017, 317.0
Trd, 000183.050, 313.0
Trd, 000183.217, 312
Trd, 000183.367, 306.0
Trd, 000183.633, 254
Trd, 000184.233, 259
Trd, 000186.267, 191
Trd, 000187.933, 187
Trd, 000188.433, 195
Trd, 000188.867, 178
Trd, 000189.800, 191
Trd, 000190.083, 186
Trd, 000190.383, 183
Trd, 000190.650, 182
Trd, 000190.883, 190
Trd, 000191.417, 183
Trd, 000192.017, 174
Trd, 000192.233, 190
Trd, 000193.717, 184
Trd, 000193.750, 181
Trd, 000193.767, 177
Trd, 000194.183, 171
Trd, 000195.333, 174
Trd, 000196.100, 176
Trd, 000196.567, 176
Trd, 000196.817, 176
Trd, 000196.900, 175
Trd, 000197.000, 171
Trd, 000197.467, 174
Trd, 000197.717, 173
Trd, 000198.733, 170
Trd, 000198.883, 174
Trd, 000200.000, 175
Trd, 000200.367, 173
Trd, 000201.383, 172
Trd, 000202.217, 174
Trd, 000202.683, 175
Trd, 000204.083, 174
Trd, 000204.517, 172
Trd, 000204.883, 174
Trd, 000205.033, 173
Trd, 000205.867, 173
Trd, 000206.150, 175
Trd, 000207.017, 172
Trd, 000207.050, 173
Trd, 000207.967, 173
Trd, 000208.450, 172
Trd, 000208.717, 173
Trd, 000210.083, 178
Trd, 000210.383, 178
Trd, 000210.633, 180
Trd, 000210.817, 173
Trd, 000211.550, 174
Trd, 000211.883, 182
Trd, 000213.283, 178
Trd, 000213.400, 175
Trd, 000214.067, 177
Trd, 000216.367, 175
Trd, 000216.467, 176
Trd, 000216.900, 175
Trd, 000217.183, 175
Trd, 000217.483, 174
Trd, 000218.017, 175
Trd, 000218.817, 169
Trd, 000219.283, 167
Trd, 000219.550, 170
Trd, 000219.750, 175
Trd, 000220.417, 174
Trd, 000221.300, 172
Trd, 000221.883, 172
Trd, 000222.367, 171
Trd, 000223.367, 170
Trd, 000223.833, 170
Trd, 000224.400, 169
Trd, 000224.717, 171
Trd, 000224.883, 169
Trd, 000225.600, 171
Trd, 000225.900, 168
Trd, 000226.250, 171
Trd, 000226.717, 170
Trd, 000228.617, 170
Trd, 000228.733, 171
Trd, 000228.917, 167
Trd, 000229.933, 168
Trd, 000230.567, 169
Trd, 000230.617, 160
Trd, 000231.567, 169
Trd, 000231.583, 170
Trd, 000232.033, 168
Trd, 000232.767, 169
Trd, 000232.917, 170
Trd, 000233.700, 169
Trd, 000233.783, 171
Trd, 000233.833, 168
Trd, 000235.433, 171
Trd, 000236.000, 172
Trd, 000236.133, 172
Trd, 000237.100, 171
Trd, 000237.317, 173
Trd, 000238.700, 172
Trd, 000238.900, 173
Trd, 000239.033, 172
Trd, 000239.450, 171
Trd, 000240.050, 175
Trd, 000240.800, 178
Trd, 000241.150, 182
Trd, 000241.500, 181
Trd, 000241.900, 178
Trd, 000242.033, 179
Trd, 000242.633, 172
Trd, 000243.450, 179
Trd, 000244.067, 179
Trd, 000245.383, 177
Trd, 000245.417, 177
Trd, 000245.717, 179
Trd, 000246.367, 178
Trd, 000246.667, 176
Trd, 000246.950, 171
Trd, 000246.983, 168
Trd, 000247.383, 176
Trd, 000247.600, 176
Trd, 000248.483, 177
Trd, 000248.550, 178
Trd, 000248.850, 175
Trd, 000249.283, 183
Trd, 000249.400, 182
Trd, 000249.917, 178
Trd, 000250.100, 180
Trd, 000250.850, 178
Trd, 000251.517, 179
Trd, 000251.650, 180
Trd, 000251.917, 176
Trd, 000252.267, 176
Trd, 000252.700, 175
Trd, 000252.883, 177
Trd, 000253.183, 174
Trd, 000253.500, 175
Trd, 000253.767, 174
Trd, 000253.967, 175
Trd, 000254.350, 176
Trd, 000254.683, 175
Trd, 000254.817, 180
Trd, 000257.083, 174
Trd, 000257.450, 181
Trd, 000257.983, 180
Trd, 000258.050, 176
Trd, 000258.467, 176
Trd, 000258.500, 176
Trd, 000259.183, 174
Trd, 000259.200, 176
Trd, 000259.750, 177
Trd, 000260.883, 176
Trd, 000260.950, 175
Trd, 000261.433, 173
Trd, 000261.733, 173
Trd, 000262.033, 174
Trd, 000263.283, 171
Trd, 000263.817, 175
Trd, 000264.167, 174
Trd, 000264.233, 170
Trd, 000265.667, 178
Trd, 000265.767, 181
Trd, 000266.117, 177
Trd, 000266.250, 184
Trd, 000266.933, 180
Trd, 000267.450, 181
Trd, 000268.200, 180
Trd, 000268.367, 179
Trd, 000268.867, 180
Trd, 000269.050, 183
Trd, 000269.567, 182
Trd, 000269.817, 184
Trd, 000270.333, 180
Trd, 000270.683, 183
Trd, 000270.817, 180
Trd, 000271.233, 182
Trd, 000271.983, 175
Trd, 000272.483, 180
Trd, 000273.483, 184
Trd, 000273.900, 179
Trd, 000274.733, 181
Trd, 000275.017, 181
Trd, 000275.150, 182
Trd, 000275.300, 183
Trd, 000275.683, 181
Trd, 000275.983, 182
Trd, 000276.750, 179
Trd, 000277.833, 178
Trd, 000277.967, 178
Trd, 000278.750, 176
Trd, 000279.033, 181
Trd, 000279.867, 183
Trd, 000280.067, 182
Trd, 000280.400, 184
Trd, 000281.567, 181
Trd, 000282.033, 179
Trd, 000282.450, 179
Trd, 000282.700, 180
Trd, 000283.550, 182
Trd, 000284.100, 180
Trd, 000284.783, 179
Trd, 000284.883, 179
Trd, 000285.083, 180
Trd, 000285.700, 179
Trd, 000286.300, 179
Trd, 000286.350, 178
Trd, 000286.367, 180
Trd, 000286.500, 178
Trd, 000287.367, 180
Trd, 000289.167, 178
Trd, 000289.567, 180
Trd, 000290.283, 180
Trd, 000290.300, 182
Trd, 000290.433, 177
Trd, 000290.567, 187
Trd, 000291.283, 179
Trd, 000292.000, 194
Trd, 000292.467, 185
Trd, 000292.517, 181
Trd, 000293.250, 179
Trd, 000294.050, 182
Trd, 000294.100, 183
Trd, 000294.117, 184
Trd, 000294.317, 187
Trd, 000294.467, 194
Trd, 000294.517, 181
Trd, 000295.300, 182
Trd, 000295.700, 181
Trd, 000295.750, 185
Trd, 000296.450, 184
Trd, 000296.750, 185
Trd, 000297.433, 183
Trd, 000297.667, 184
Trd, 000299.067, 183
Trd, 000299.500, 181
Trd, 000299.667, 181
