Trd, 000001.900, 127
Trd, 000002.583, 165
Trd, 000003.533, 149
Trd, 000003.717, 158
Trd, 000004.233, 148
Trd, 000005.133, 152
Trd, 000005.533, 150
Trd, 000005.567, 149
Trd, 000005.650, 161
Trd, 000006.350, 150
Trd, 000006.867, 155
Trd, 000007.300, 148
Trd, 000007.917, 149
Trd, 000008.800, 156
Trd, 000009.767, 153
Trd, 000010.050, 156
Trd, 000010.383, 159
Trd, 000012.067, 152
Trd, 000012.800, 160
Trd, 000013.033, 152
Trd, 000013.867, 163
Trd, 000014.133, 166
Trd, 000014.367, 180
Trd, 000014.700, 155
Trd, 000015.867, 163
Trd, 000016.200, 162
Trd, 000016.833, 163
Trd, 000017.050, 161
Trd, 000017.200, 160
Trd, 000017.650, 161
Trd, 000017.700, 159
Trd, 000018.533, 159
Trd, 000018.567, 160
Trd, 000019.200, 162
Trd, 000019.650, 161
Trd, 000020.167, 162
Trd, 000020.400, 162
Trd, 000020.617, 166
Trd, 000021.000, 158
Trd, 000024.217, 162
Trd, 000024.317, 161
Trd, 000025.117, 163
Trd, 000025.433, 164
Trd, 000026.083, 164
Trd, 000026.267, 161
Trd, 000026.833, 164
Trd, 000027.300, 161
Trd, 000027.400, 167
Trd, 000028.000, 161
Trd, 000028.533, 160
Trd, 000028.883, 168
Trd, 000028.900, 154
Trd, 000030.867, 157
Trd, 000030.900, 165
Trd, 000031.233, 175
Trd, 000031.767, 166
Trd, 000033.050, 145
Trd, 000033.650, 150
Trd, 000033.700, 140
Trd, 000034.350, 151
Trd, 000034.550, 154
Trd, 000035.217, 163
Trd, 000036.250, 149
Trd, 000036.817, 147
Trd, 000036.983, 160
Trd, 000037.183, 160
Trd, 000037.800, 162
Trd, 000038.233, 162
Trd, 000038.283, 166
Trd, 000039.050, 168
Trd, 000040.417, 165
Trd, 000040.600, 163
Trd, 000041.417, 160
Trd, 000043.250, 162
Trd, 000043.367, 164
Trd, 000043.700, 159
Trd, 000043.800, 164
Trd, 000044.217, 158
Trd, 000044.367, 165
Trd, 000045.967, 157
Trd, 000046.317, 166
Trd, 000046.550, 166
Trd, 000046.767, 156
Trd, 000046.900, 170
Trd, 000047.150, 156
Trd, 000047.667, 167
Trd, 000048.033, 177
Trd, 000048.617, 162
Trd, 000048.683, 163
Trd, 000051.317, 161
Trd, 000051.417, 161
Trd, 000053.933, 160
Trd, 000054.000, 159
Trd, 000054.300, 161
Trd, 000054.617, 161
Trd, 000055.100, 163
Trd, 000055.633, 163
Trd, 000055.800, 159
Trd, 000056.750, 166
Trd, 000057.350, 170
Trd, 000057.883, 163
Trd, 000058.583, 168
Trd, 000059.467, 163
Trd, 000060.083, 162
Trd, 000060.817, 164
Trd, 000061.617, 161
Trd, 000062.300, 165
Trd, 000062.650, 167
Trd, 000064.783, 164
Trd, 000065.550, 164
Trd, 000065.617, 165
Trd, 000065.633, 167
Trd, 000065.733, 163
Trd, 000065.817, 162
Trd, 000065.950, 171
Trd, 000067.100, 161
Trd, 000067.117, 165
Trd, 000067.283, 169
Trd, 000068.550, 163
Trd, 000068.650, 164
Trd, 000070.150, 164
Trd, 000070.467, 164
Trd, 000070.783, 162
Trd, 000071.367, 169
Trd, 000072.183, 169
Trd, 000072.833, 162
Trd, 000073.767, 161
Trd, 000074.867, 167
Trd, 000074.917, 169
Trd, 000075.833, 166
Trd, 000076.567, 168
Trd, 000076.950, 168
Trd, 000077.100, 172
Trd, 000077.967, 168
Trd, 000078.050, 180
Trd, 000078.183, 159
Trd, 000079.783, 176
Trd, 000080.283, 169
Trd, 000081.000, 170
Trd, 000081.217, 169
Trd, 000082.000, 171
Trd, 000082.133, 170
Trd, 000082.600, 169
Trd, 000083.067, 171
Trd, 000083.417, 173
Trd, 000083.517, 177
Trd, 000085.000, 172
Trd, 000085.067, 165
Trd, 000085.450, 174
Trd, 000086.883, 168
Trd, 000086.950, 164
Trd, 000087.300, 170
Trd, 000087.483, 150
Trd, 000087.700, 149
Trd, 000089.867, 161
Trd, 000090.700, 165
Trd, 000091.267, 165
Trd, 000091.683, 166
Trd, 000091.800, 164
Trd, 000093.150, 167
Trd, 000093.217, 174
Trd, 000094.067, 173
Trd, 000094.533, 181
Trd, 000094.650, 168
Trd, 000094.900, 184
Trd, 000095.000, 167
Trd, 000095.117, 188
Trd, 000095.467, 166
Trd, 000095.517, 194
Trd, 000098.567, 160
Trd, 000099.300, 166
Trd, 000099.483, 167
Trd, 000099.967, 167
Trd, 000100.033, 165
Trd, 000100.433, 168
Trd, 000100.583, 163
Trd, 000101.100, 169
Trd, 000101.150, 175
Trd, 000103.383, 166
Trd, 000103.433, 167
Trd, 000103.700, 168
Trd, 000103.717, 164
Trd, 000104.567, 163
Trd, 000104.650, 168
Trd, 000106.350, 165
Trd, 000106.817, 172
Trd, 000108.183, 169
Trd, 000108.350, 168
Trd, 000108.600, 172
Trd, 000108.800, 176
Trd, 000110.467, 170
Trd, 000110.500, 162
Trd, 000110.883, 159
Trd, 000111.650, 165
Trd, 000112.183, 166
Trd, 000112.633, 166
Trd, 000112.867, 155
Trd, 000113.483, 167
Trd, 000114.283, 169
Trd, 000114.617, 173
Trd, 000115.083, 185
Trd, 000116.317, 172
Trd, 000116.400, 171
Trd, 000117.883, 171
Trd, 000118.667, 174
Trd, 000119.150, 173
Trd, 000119.317, 172
Trd, 000120.383, 174
Trd, 000120.667, 173
Trd, 000121.683, 173
Trd, 000121.867, 177
Trd, 000122.117, 177
Trd, 000122.700, 212
Trd, 000123.050, 293
Trd, 000123.067, 310.0
Trd, 000123.083, 320.0
Trd, 000123.133, 321
Trd, 000124.167, 327.0
Trd, 000124.300, 362
Trd, 000124.967, 322
Trd, 000125.000, 365.0
Trd, 000128.150, 357
Trd, 000128.200, 358.0
Trd, 000128.783, 350
Trd, 000128.983, 350
Trd, 000130.250, 359
Trd, 000130.700, 361
Trd, 000131.567, 352
Trd, 000132.283, 358.0
Trd, 000132.350, 352
Trd, 000132.750, 349
Trd, 000132.867, 349
Trd, 000133.417, 348.0
Trd, 000133.750, 356
Trd, 000133.917, 361
Trd, 000134.650, 359
Trd, 000136.683, 360
Trd, 000137.150, 362
Trd, 000137.400, 363
Trd, 000137.817, 365.0
Trd, 000137.883, 361
Trd, 000138.033, 359
Trd, 000138.067, 355
Trd, 000139.600, 367
Trd, 000140.867, 357
Trd, 000141.667, 357
Trd, 000141.950, 357
Trd, 000142.633, 355
Trd, 000143.650, 363.0
Trd, 000143.850, 364.0
Trd, 000144.100, 365.0
Trd, 000146.550, 348.0
Trd, 000147.017, 348
Trd, 000147.833, 349
Trd, 000147.933, 350
Trd, 000148.133, 351
Trd, 000148.333, 351
Trd, 000149.100, 358.0
Trd, 000149.500, 364.0
Trd, 000150.067, 354
Trd, 000152.167, 354
Trd, 000152.333, 360
Trd, 000152.433, 353
Trd, 000153.783, 354
Trd, 000153.817, 354
Trd, 000153.950, 358
Trd, 000154.067, 351.0
Trd, 000157.183, 351
Trd, 000157.417, 351
Trd, 000157.883, 351
Trd, 000158.200, 350
Trd, 000158.617, 349.0
Trd, 000159.417, 352
Trd, 000160.300, 354
Trd, 000161.150, 348
Trd, 000161.783, 351
Trd, 000162.083, 365.0
Trd, 000163.117, 349
Trd, 000163.367, 347
Trd, 000164.900, 344
Trd, 000164.933, 348.0
Trd, 000165.450, 351
Trd, 000165.683, 358.0
Trd, 000165.767, 361
Trd, 000166.733, 349.0
Trd, 000167.217, 361
Trd, 000167.400, 350.0
Trd, 000167.883, 360.0
Trd, 000168.950, 351.0
Trd, 000169.633, 354
Trd, 000169.667, 357.0
Trd, 000171.083, 355
Trd, 000171.317, 358.0
Trd, 000171.750, 355
Trd, 000172.617, 354
Trd, 000173.600, 355
Trd, 000173.800, 358
Trd, 000173.967, 354
Trd, 000174.133, 362.0
Trd, 000174.750, 365.0
Trd, 000174.867, 343.0
Trd, 000175.383, 372.0
Trd, 000176.317, 367
Trd, 000177.667, 357.0
Trd, 000178.200, 351
Trd, 000178.867, 355
Trd, 000180.583, 350
Trd, 000180.800, 351
Trd, 000181.417, 351
Trd, 000181.467, 354
Trd, 000182.067, 351
Trd, 000182.250, 349
Trd, 000182.517, 341.0
Trd, 000182.683, 330
Trd, 000182.833, 320.0
Trd, 000183.383, 316
Trd, 000183.917, 284
Trd, 000184.500, 218
Trd, 000184.867, 214
Trd, 000185.317, 211
Trd, 000186.067, 207
Trd, 000186.283, 200
Trd, 000186.817, 199
Trd, 000188.267, 198
Trd, 000188.383, 199
Trd, 000188.400, 193
Trd, 000189.833, 191
Trd, 000189.850, 196
Trd, 000190.100, 190
Trd, 000190.583, 189
Trd, 000190.683, 175
Trd, 000191.550, 177
Trd, 000192.433, 177
Trd, 000192.933, 177
Trd, 000193.083, 181
Trd, 000193.583, 172
Trd, 000193.933, 180
Trd, 000194.383, 172
Trd, 000194.950, 181
Trd, 000195.217, 172
Trd, 000196.867, 173
Trd, 000198.017, 179
Trd, 000198.217, 182
Trd, 000198.450, 166
Trd, 000199.733, 173
Trd, 000199.833, 181
Trd, 000200.450, 171
Trd, 000201.800, 162
Trd, 000202.183, 177
Trd, 000202.233, 167
Trd, 000203.200, 173
Trd, 000203.633, 173
Trd, 000203.683, 176
Trd, 000203.783, 169
Trd, 000205.400, 176
Trd, 000206.150, 167
Trd, 000206.600, 168
Trd, 000206.983, 178
Trd, 000207.817, 176
Trd, 000208.350, 177
Trd, 000208.850, 174
Trd, 000209.767, 174
Trd, 000210.150, 178
Trd, 000210.483, 173
Trd, 000210.633, 183
Trd, 000211.100, 186
Trd, 000211.833, 174
Trd, 000212.317, 173
Trd, 000214.717, 172
Trd, 000214.750, 171
Trd, 000214.967, 177
Trd, 000215.583, 179
Trd, 000216.533, 177
Trd, 000216.567, 179
Trd, 000216.700, 183
Trd, 000218.450, 180
Trd, 000218.500, 183
Trd, 000218.683, 177
Trd, 000219.967, 179
Trd, 000220.950, 179
Trd, 000222.150, 176
Trd, 000222.367, 174
Trd, 000224.200, 177
Trd, 000224.217, 180
Trd, 000225.050, 176
Trd, 000225.167, 179
Trd, 000225.267, 184
Trd, 000225.300, 187
Trd, 000226.183, 176
Trd, 000226.617, 175
Trd, 000228.167, 182
Trd, 000228.433, 179
Trd, 000228.733, 181
Trd, 000229.583, 179
Trd, 000229.933, 181
Trd, 000230.133, 181
Trd, 000230.517, 179
Trd, 000230.550, 174
Trd, 000231.800, 163
Trd, 000233.217, 181
Trd, 000235.317, 177
Trd, 000235.783, 176
Trd, 000236.283, 178
Trd, 000237.417, 176
Trd, 000238.033, 177
Trd, 000238.083, 176
Trd, 000238.450, 175
Trd, 000238.617, 177
Trd, 000238.683, 188
Trd, 000239.767, 178
Trd, 000239.867, 189
Trd, 000240.917, 179
Trd, 000241.500, 178
Trd, 000241.683, 180
Trd, 000241.833, 177
Trd, 000242.267, 175
Trd, 000242.300, 158
Trd, 000243.167, 166
Trd, 000243.217, 172
Trd, 000243.867, 169
Trd, 000244.017, 168
Trd, 000244.317, 165
Trd, 000244.650, 168
Trd, 000244.850, 166
Trd, 000245.200, 157
Trd, 000245.250, 169
Trd, 000245.717, 170
Trd, 000245.867, 171
Trd, 000246.367, 172
Trd, 000246.817, 172
Trd, 000247.200, 176
Trd, 000247.383, 190
Trd, 000248.850, 178
Trd, 000249.083, 180
Trd, 000249.533, 181
Trd, 000249.917, 177
Trd, 000250.500, 177
Trd, 000250.600, 176
Trd, 000251.100, 173
Trd, 000251.400, 174
Trd, 000251.700, 173
Trd, 000252.250, 178
Trd, 000252.300, 180
Trd, 000252.850, 182
Trd, 000253.917, 177
Trd, 000254.283, 175
Trd, 000254.967, 176
Trd, 000255.467, 177
Trd, 000255.650, 184
Trd, 000256.550, 184
Trd, 000257.317, 180
Trd, 000257.383, 178
Trd, 000257.433, 167
Trd, 000257.517, 190
Trd, 000257.850, 174
Trd, 000257.867, 188
Trd, 000258.033, 170
Trd, 000259.600, 173
Trd, 000260.033, 173
Trd, 000260.350, 171
Trd, 000260.933, 171
Trd, 000261.133, 172
Trd, 000261.617, 170
Trd, 000261.633, 169
Trd, 000262.100, 168
Trd, 000262.133, 167
Trd, 000263.683, 170
Trd, 000263.967, 177
Trd, 000264.667, 178
Trd, 000264.883, 180
Trd, 000265.033, 184
Trd, 000265.283, 188
Trd, 000265.717, 185
Trd, 000266.417, 182
Trd, 000266.933, 181
Trd, 000267.167, 180
Trd, 000267.517, 183
Trd, 000267.633, 187
Trd, 000268.017, 188
Trd, 000268.750, 182
Trd, 000268.817, 180
Trd, 000268.933, 180
Trd, 000268.983, 185
Trd, 000269.317, 177
Trd, 000270.100, 179
Trd, 000270.500, 180
Trd, 000270.700, 177
Trd, 000270.883, 178
Trd, 000271.617, 176
Trd, 000271.667, 168
Trd, 000272.417, 169
Trd, 000272.633, 167
Trd, 000273.417, 164
Trd, 000274.017, 163
Trd, 000274.550, 162
Trd, 000274.967, 165
Trd, 000275.100, 169
Trd, 000275.133, 169
Trd, 000275.900, 171
Trd, 000276.700, 176
Trd, 000276.833, 174
Trd, 000277.250, 168
Trd, 000277.583, 169
Trd, 000277.783, 176
Trd, 000278.417, 170
Trd, 000278.667, 169
Trd, 000278.700, 172
Trd, 000279.200, 169
Trd, 000279.500, 175
Trd, 000280.217, 176
Trd, 000280.683, 178
Trd, 000280.800, 178
Trd, 000280.917, 186
Trd, 000280.983, 176
Trd, 000281.517, 176
Trd, 000282.300, 182
Trd, 000282.567, 183
Trd, 000282.783, 190
Trd, 000283.083, 181
Trd, 000283.133, 187
Trd, 000283.717, 182
Trd, 000283.917, 181
Trd, 000283.983, 186
Trd, 000284.733, 180
Trd, 000285.117, 187
Trd, 000285.300, 186
Trd, 000285.383, 179
Trd, 000285.533, 177
Trd, 000285.767, 177
Trd, 000286.150, 187
Trd, 000287.167, 180
Trd, 000287.283, 180
Trd, 000288.767, 201
Trd, 000288.933, 192
Trd, 000289.983, 193
Trd, 000290.117, 194
Trd, 000290.167, 195
Trd, 000290.417, 191
Trd, 000290.567, 195
Trd, 000290.633, 189
Trd, 000290.683, 186
Trd, 000291.067, 197
Trd, 000291.350, 194
Trd, 000291.767, 197
Trd, 000292.600, 177
Trd, 000293.300, 187
Trd, 000293.450, 185
Trd, 000293.750, 184
Trd, 000294.167, 171
Trd, 000295.033, 173
Trd, 000295.283, 167
Trd, 000295.617, 180
Trd, 000295.900, 180
Trd, 000296.400, 178
Trd, 000297.150, 179
Trd, 000297.483, 174
Trd, 000298.167, 182
Trd, 000298.300, 173
Trd, 000299.517, 180
Trd, 000299.583, 182
Trd, 000299.667, 179
Trd, 000299.683, 187
Trd, 000299.817, 178
