Trd, 000000.617, 120
Trd, 000001.017, 179
Trd, 000001.633, 122
Trd, 000003.050, 120
Trd, 000003.133, 124
Trd, 000003.267, 131
Trd, 000003.700, 152
Trd, 000004.067, 155
Trd, 000004.200, 151
Trd, 000004.350, 156
Trd, 000005.767, 161
Trd, 000006.133, 168
Trd, 000006.450, 147
Trd, 000006.867, 142
Trd, 000007.333, 152
Trd, 000007.800, 151
Trd, 000008.217, 151
Trd, 000009.033, 154
Trd, 000009.900, 154
Trd, 000010.367, 155
Trd, 000010.883, 154
Trd, 000010.900, 155
Trd, 000011.650, 154
Trd, 000011.983, 149
Trd, 000013.450, 155
Trd, 000013.683, 150
Trd, 000014.367, 152
Trd, 000014.733, 157
Trd, 000015.200, 149
Trd, 000015.300, 157
Trd, 000015.967, 145
Trd, 000017.117, 149
Trd, 000017.250, 150
Trd, 000018.133, 143
Trd, 000018.983, 148
Trd, 000019.067, 146
Trd, 000019.933, 151
Trd, 000020.200, 152
Trd, 000020.883, 153
Trd, 000021.350, 143
Trd, 000021.983, 146
Trd, 000022.033, 157
Trd, 000022.083, 146
Trd, 000022.267, 139
Trd, 000022.517, 169
Trd, 000022.783, 143
Trd, 000023.100, 160
Trd, 000024.833, 158
Trd, 000024.900, 166
Trd, 000025.217, 159
Trd, 000026.167, 159
Trd, 000026.917, 158
Trd, 000027.033, 157
Trd, 000027.817, 161
Trd, 000028.450, 157
Trd, 000028.567, 156
Trd, 000029.383, 153
Trd, 000029.900, 149
Trd, 000030.633, 150
Trd, 000030.850, 147
Trd, 000031.767, 149
Trd, 000032.033, 149
Trd, 000032.617, 149
Trd, 000033.100, 147
Trd, 000034.150, 147
Trd, 000034.450, 147
Trd, 000034.800, 149
Trd, 000034.950, 150
Trd, 000035.517, 150
Trd, 000035.983, 150
Trd, 000036.317, 147
Trd, 000036.833, 151
Trd, 000037.450, 148
Trd, 000037.617, 149
Trd, 000037.817, 147
Trd, 000038.567, 149
Trd, 000038.883, 148
Trd, 000039.600, 147
Trd, 000040.067, 152
Trd, 000040.350, 147
Trd, 000040.733, 155
Trd, 000041.000, 145
Trd, 000041.067, 165
Trd, 000041.383, 145
Trd, 000042.150, 156
Trd, 000042.733, 146
Trd, 000042.833, 161
Trd, 000045.167, 153
Trd, 000045.333, 153
Trd, 000045.583, 168
Trd, 000046.817, 152
Trd, 000046.867, 149
Trd, 000047.983, 155
Trd, 000048.083, 156
Trd, 000048.983, 151
Trd, 000049.700, 156
Trd, 000049.983, 151
Trd, 000050.017, 169
Trd, 000050.167, 161
Trd, 000050.400, 150
Trd, 000051.800, 170
Trd, 000051.900, 160
Trd, 000051.917, 159
Trd, 000052.000, 173
Trd, 000052.017, 158
Trd, 000052.183, 157
Trd, 000052.900, 152
Trd, 000053.900, 163
Trd, 000055.300, 155
Trd, 000055.317, 156
Trd, 000055.550, 153
Trd, 000056.750, 155
Trd, 000056.850, 155
Trd, 000057.250, 151
Trd, 000058.367, 152
Trd, 000058.450, 155
Trd, 000058.933, 154
Trd, 000059.583, 152
Trd, 000059.700, 155
Trd, 000059.917, 155
Trd, 000060.200, 154
Trd, 000060.267, 156
Trd, 000060.633, 156
Trd, 000061.083, 153
Trd, 000061.133, 158
Trd, 000063.450, 153
Trd, 000063.500, 151
Trd, 000063.533, 154
Trd, 000063.850, 154
Trd, 000063.950, 155
Trd, 000064.650, 153
Trd, 000064.700, 151
Trd, 000065.117, 150
Trd, 000066.167, 155
Trd, 000066.817, 151
Trd, 000068.600, 153
Trd, 000069.100, 154
Trd, 000069.700, 152
Trd, 000069.850, 152
Trd, 000070.217, 155
Trd, 000070.867, 154
Trd, 000071.667, 155
Trd, 000071.867, 158
Trd, 000072.050, 153
Trd, 000072.200, 174
Trd, 000073.517, 171
Trd, 000074.467, 158
Trd, 000075.300, 158
Trd, 000075.517, 156
Trd, 000075.567, 156
Trd, 000076.517, 156
Trd, 000076.800, 157
Trd, 000077.267, 155
Trd, 000078.100, 155
Trd, 000079.017, 158
Trd, 000079.483, 157
Trd, 000079.800, 158
Trd, 000080.050, 159
Trd, 000080.283, 156
Trd, 000080.650, 158
Trd, 000081.733, 156
Trd, 000081.817, 158
Trd, 000082.167, 155
Trd, 000082.317, 155
Trd, 000082.333, 152
Trd, 000083.483, 157
Trd, 000083.917, 158
Trd, 000083.967, 157
Trd, 000084.567, 159
Trd, 000084.750, 157
Trd, 000085.183, 154
Trd, 000085.967, 154
Trd, 000086.317, 152
Trd, 000088.083, 153
Trd, 000088.533, 152
Trd, 000088.583, 152
Trd, 000088.817, 152
Trd, 000088.917, 153
Trd, 000089.100, 150
Trd, 000089.900, 146
Trd, 000089.917, 153
Trd, 000090.650, 150
Trd, 000091.017, 147
Trd, 000091.050, 160
Trd, 000091.083, 172
Trd, 000091.467, 155
Trd, 000092.450, 179
Trd, 000092.983, 143
Trd, 000093.383, 161
Trd, 000094.283, 155
Trd, 000094.600, 158
Trd, 000094.667, 154
Trd, 000095.283, 155
Trd, 000095.700, 156
Trd, 000096.050, 154
Trd, 000096.667, 158
Trd, 000098.733, 162
Trd, 000099.200, 160
Trd, 000099.917, 160
Trd, 000100.100, 159
Trd, 000100.433, 158
Trd, 000100.467, 158
Trd, 000100.600, 157
Trd, 000101.483, 157
Trd, 000101.733, 155
Trd, 000101.783, 158
Trd, 000102.617, 159
Trd, 000102.683, 160
Trd, 000103.383, 161
Trd, 000103.983, 155
Trd, 000104.133, 161
Trd, 000105.100, 154
Trd, 000105.833, 158
Trd, 000106.283, 159
Trd, 000106.367, 156
Trd, 000106.900, 173
Trd, 000107.633, 158
Trd, 000107.967, 157
Trd, 000108.583, 168
Trd, 000108.833, 172
Trd, 000110.250, 166
Trd, 000110.550, 158
Trd, 000110.750, 158
Trd, 000112.483, 158
Trd, 000112.800, 159
Trd, 000113.033, 157
Trd, 000113.517, 158
Trd, 000113.600, 157
Trd, 000113.700, 156
Trd, 000114.067, 155
Trd, 000114.517, 155
Trd, 000115.317, 155
Trd, 000115.617, 157
Trd, 000115.983, 157
Trd, 000116.767, 156
Trd, 000116.933, 154
Trd, 000117.483, 154
Trd, 000117.533, 158
Trd, 000118.383, 156
Trd, 000119.350, 157
Trd, 000119.450, 156
Trd, 000119.817, 161
Trd, 000120.350, 157
Trd, 000120.617, 156
Trd, 000120.767, 153
Trd, 000120.833, 159
Trd, 000121.633, 160
Trd, 000121.683, 174
Trd, 000122.083, 184
Trd, 000122.567, 187
Trd, 000123.017, 194
Trd, 000123.233, 201
Trd, 000123.367, 311
Trd, 000123.700, 320
Trd, 000124.233, 320.0
Trd, 000124.800, 313
Trd, 000124.950, 324.0
Trd, 000125.033, 332
Trd, 000125.650, 344.0
Trd, 000126.033, 341
Trd, 000126.117, 351.0
Trd, 000126.883, 365.0
Trd, 000127.900, 342.0
Trd, 000128.033, 341.0
Trd, 000128.500, 344
Trd, 000128.550, 340
Trd, 000129.317, 351
Trd, 000129.533, 351
Trd, 000129.967, 345
Trd, 000130.767, 345
Trd, 000131.100, 349
Trd, 000131.867, 348
Trd, 000132.117, 349
Trd, 000133.633, 348
Trd, 000133.833, 355
Trd, 000134.033, 345
Trd, 000134.517, 344.0
Trd, 000135.083, 347
Trd, 000135.317, 356
Trd, 000136.117, 350
Trd, 000136.800, 347
Trd, 000137.167, 350
Trd, 000137.267, 346
Trd, 000137.550, 351
Trd, 000138.983, 348
Trd, 000139.483, 348
Trd, 000139.950, 347
Trd, 000140.083, 348
Trd, 000141.000, 346.0
Trd, 000141.317, 349
Trd, 000141.350, 344.0
Trd, 000141.550, 341.0
Trd, 000141.567, 341
Trd, 000142.433, 339
Trd, 000143.700, 338.0
Trd, 000144.267, 348
Trd, 000144.333, 341.0
Trd, 000144.950, 348
Trd, 000145.950, 344.0
Trd, 000146.367, 339
Trd, 000146.617, 338
Trd, 000147.033, 344.0
Trd, 000147.567, 337.0
Trd, 000147.767, 344
Trd, 000148.217, 344
Trd, 000149.733, 341
Trd, 000149.800, 340
Trd, 000150.650, 342
Trd, 000151.067, 339
Trd, 000151.267, 351.0
Trd, 000151.917, 341.0
Trd, 000152.083, 339
Trd, 000152.267, 339
Trd, 000152.600, 350
Trd, 000152.750, 361
Trd, 000153.033, 346
Trd, 000153.233, 340
Trd, 000154.683, 344.0
Trd, 000155.167, 347
Trd, 000157.533, 345
Trd, 000157.883, 345
Trd, 000158.450, 343
Trd, 000159.050, 341.0
Trd, 000159.300, 344.0
Trd, 000159.517, 345
Trd, 000160.500, 346
Trd, 000161.100, 342
Trd, 000161.167, 340
Trd, 000161.183, 346
Trd, 000161.700, 351.0
Trd, 000162.150, 338
Trd, 000162.583, 356
Trd, 000163.650, 357
Trd, 000163.700, 368.0
Trd, 000163.850, 335
Trd, 000165.050, 349
Trd, 000165.483, 345
Trd, 000166.317, 346.0
Trd, 000166.767, 353
Trd, 000167.583, 347
Trd, 000168.633, 346
Trd, 000168.967, 345
Trd, 000169.083, 350
Trd, 000170.017, 346.0
Trd, 000170.633, 344
Trd, 000171.417, 341.0
Trd, 000171.700, 348
Trd, 000172.417, 349
Trd, 000172.850, 344.0
Trd, 000173.550, 341
Trd, 000173.833, 345
Trd, 000174.183, 341.0
Trd, 000174.483, 341
Trd, 000174.617, 341
Trd, 000174.817, 340
Trd, 000175.533, 339
Trd, 000175.750, 341
Trd, 000176.600, 342
Trd, 000177.317, 344.0
Trd, 000177.383, 346
Trd, 000177.617, 341
Trd, 000178.033, 338.0
Trd, 000178.133, 337.0
Trd, 000178.167, 337
Trd, 000178.417, 345
Trd, 000178.567, 334.0
Trd, 000180.733, 338
Trd, 000180.850, 342
Trd, 000180.867, 334.0
Trd, 000181.283, 344
Trd, 000181.617, 336
Trd, 000182.600, 341.0
Trd, 000182.667, 295
Trd, 000183.483, 223
Trd, 000183.767, 204
Trd, 000184.150, 199
Trd, 000184.533, 227
Trd, 000184.700, 197
Trd, 000184.917, 193
Trd, 000186.017, 176
Trd, 000186.050, 172
Trd, 000187.133, 174
Trd, 000187.200, 169
Trd, 000187.683, 164
Trd, 000188.017, 155
Trd, 000189.767, 165
Trd, 000189.867, 167
Trd, 000189.983, 168
Trd, 000190.450, 163
Trd, 000190.533, 162
Trd, 000191.817, 169
Trd, 000194.017, 169
Trd, 000194.667, 169
Trd, 000195.183, 166
Trd, 000195.217, 169
Trd, 000196.167, 165
Trd, 000196.367, 172
Trd, 000196.483, 164
Trd, 000196.767, 170
Trd, 000197.450, 167
Trd, 000199.033, 168
Trd, 000199.050, 167
Trd, 000199.517, 165
Trd, 000199.650, 165
Trd, 000199.717, 164
Trd, 000200.183, 161
Trd, 000200.583, 157
Trd, 000201.033, 165
Trd, 000201.683, 162
Trd, 000203.000, 171
Trd, 000203.100, 182
Trd, 000203.300, 164
Trd, 000203.933, 166
Trd, 000204.117, 182
Trd, 000204.367, 168
Trd, 000205.383, 172
Trd, 000206.033, 174
Trd, 000206.633, 177
Trd, 000206.900, 173
Trd, 000207.983, 174
Trd, 000208.517, 173
Trd, 000208.800, 172
Trd, 000210.717, 172
Trd, 000210.800, 173
Trd, 000211.417, 172
Trd, 000212.333, 172
Trd, 000212.517, 171
Trd, 000212.750, 170
Trd, 000213.417, 168
Trd, 000213.700, 173
Trd, 000214.167, 168
Trd, 000215.300, 168
Trd, 000216.167, 169
Trd, 000216.400, 167
Trd, 000216.450, 166
Trd, 000216.983, 166
Trd, 000217.667, 171
Trd, 000218.217, 165
Trd, 000218.283, 182
Trd, 000219.200, 164
Trd, 000220.350, 176
Trd, 000220.533, 165
Trd, 000220.883, 176
Trd, 000222.933, 176
Trd, 000223.033, 174
Trd, 000223.783, 174
Trd, 000223.883, 173
Trd, 000224.233, 174
Trd, 000224.550, 175
Trd, 000224.600, 172
Trd, 000225.517, 175
Trd, 000226.083, 172
Trd, 000226.117, 170
Trd, 000226.333, 178
Trd, 000226.583, 167
Trd, 000227.850, 172
Trd, 000228.433, 166
Trd, 000229.033, 166
Trd, 000229.467, 182
Trd, 000230.733, 177
Trd, 000231.300, 176
Trd, 000231.933, 174
Trd, 000232.683, 172
Trd, 000232.783, 178
Trd, 000233.083, 177
Trd, 000233.317, 181
Trd, 000235.283, 180
Trd, 000235.517, 182
Trd, 000235.600, 179
Trd, 000236.017, 178
Trd, 000236.167, 177
Trd, 000236.333, 184
Trd, 000237.083, 187
Trd, 000237.267, 170
Trd, 000238.933, 176
Trd, 000239.067, 176
Trd, 000239.150, 175
Trd, 000239.617, 174
Trd, 000240.550, 173
Trd, 000241.150, 173
Trd, 000241.867, 173
Trd, 000241.883, 173
Trd, 000242.083, 171
Trd, 000243.017, 174
Trd, 000243.433, 177
Trd, 000243.900, 177
Trd, 000243.950, 179
Trd, 000244.017, 177
Trd, 000244.833, 178
Trd, 000245.933, 178
Trd, 000246.183, 177
Trd, 000246.650, 174
Trd, 000247.750, 175
Trd, 000247.800, 176
Trd, 000248.350, 175
Trd, 000248.667, 175
Trd, 000248.850, 174
Trd, 000249.067, 175
Trd, 000249.867, 174
Trd, 000250.433, 175
Trd, 000250.867, 173
Trd, 000251.167, 175
Trd, 000251.633, 178
Trd, 000252.033, 180
Trd, 000252.067, 183
Trd, 000252.717, 172
Trd, 000253.233, 172
Trd, 000254.383, 173
Trd, 000254.900, 174
Trd, 000255.217, 172
Trd, 000255.583, 176
Trd, 000257.050, 173
Trd, 000257.450, 173
Trd, 000257.700, 174
Trd, 000257.817, 173
Trd, 000258.100, 167
Trd, 000259.033, 172
Trd, 000259.767, 173
Trd, 000259.950, 171
Trd, 000260.000, 174
Trd, 000260.533, 171
Trd, 000260.833, 175
Trd, 000260.950, 177
Trd, 000261.183, 180
Trd, 000261.700, 171
Trd, 000262.433, 172
Trd, 000263.883, 178
Trd, 000265.033, 178
Trd, 000265.450, 177
Trd, 000265.550, 174
Trd, 000265.833, 172
Trd, 000265.917, 175
Trd, 000266.083, 174
Trd, 000266.667, 171
Trd, 000266.767, 173
Trd, 000267.167, 174
Trd, 000267.650, 175
Trd, 000268.917, 172
Trd, 000269.500, 174
Trd, 000270.267, 173
Trd, 000270.350, 172
Trd, 000270.700, 175
Trd, 000270.767, 173
Trd, 000271.117, 175
Trd, 000271.300, 172
Trd, 000271.467, 176
Trd, 000272.400, 174
Trd, 000273.217, 173
Trd, 000274.983, 175
Trd, 000275.250, 176
Trd, 000275.417, 176
Trd, 000275.783, 174
Trd, 000276.167, 172
Trd, 000276.583, 177
Trd, 000277.067, 175
Trd, 000277.417, 179
Trd, 000279.050, 174
Trd, 000279.100, 173
Trd, 000279.950, 175
Trd, 000280.100, 174
Trd, 000280.183, 175
Trd, 000280.517, 176
Trd, 000281.483, 174
Trd, 000281.783, 176
Trd, 000281.933, 174
Trd, 000282.117, 173
Trd, 000282.767, 175
Trd, 000282.783, 173
Trd, 000283.233, 173
Trd, 000283.300, 174
Trd, 000283.467, 169
Trd, 000283.500, 168
Trd, 000283.867, 174
Trd, 000284.367, 183
Trd, 000285.083, 184
Trd, 000285.317, 183
Trd, 000285.817, 177
Trd, 000285.983, 181
Trd, 000286.333, 189
Trd, 000286.917, 173
Trd, 000288.350, 186
Trd, 000288.417, 178
Trd, 000288.817, 186
Trd, 000288.850, 187
Trd, 000289.283, 188
Trd, 000289.983, 186
Trd, 000290.167, 180
Trd, 000291.083, 179
Trd, 000291.250, 178
Trd, 000291.650, 180
Trd, 000291.683, 181
Trd, 000291.917, 177
Trd, 000292.617, 181
Trd, 000293.567, 179
Trd, 000293.750, 175
Trd, 000294.383, 179
Trd, 000294.933, 179
Trd, 000295.433, 178
Trd, 000295.467, 176
Trd, 000295.550, 171
Trd, 000296.467, 174
Trd, 000296.533, 175
Trd, 000296.867, 175
Trd, 000297.717, 176
Trd, 000298.000, 177
Trd, 000298.267, 176
Trd, 000298.433, 174
Trd, 000298.950, 179
Trd, 000299.150, 180
Trd, 000299.583, 179
