Trd, 000000.583, 156
Trd, 000001.850, 164
Trd, 000003.317, 163
Trd, 000004.217, 162
Trd, 000004.500, 162
Trd, 000005.417, 159
Trd, 000005.967, 159
Trd, 000006.433, 159
Trd, 000006.800, 159
Trd, 000007.067, 159
Trd, 000007.650, 159
Trd, 000007.867, 158
Trd, 000008.267, 158
Trd, 000009.267, 157
Trd, 000011.200, 159
Trd, 000011.233, 159
Trd, 000011.850, 158
Trd, 000011.967, 157
Trd, 000012.500, 160
Trd, 000013.400, 163
Trd, 000014.333, 161
Trd, 000014.583, 160
Trd, 000015.067, 159
Trd, 000015.217, 159
Trd, 000016.333, 158
Trd, 000016.833, 155
Trd, 000017.200, 156
Trd, 000018.183, 157
Trd, 000018.533, 157
Trd, 000019.267, 158
Trd, 000019.600, 160
Trd, 000019.650, 159
Trd, 000020.833, 159
Trd, 000021.983, 157
Trd, 000022.333, 156
Trd, 000023.233, 157
Trd, 000023.817, 153
Trd, 000024.350, 150
Trd, 000024.400, 156
Trd, 000025.300, 155
Trd, 000025.883, 154
Trd, 000026.267, 154
Trd, 000026.883, 154
Trd, 000028.333, 154
Trd, 000029.850, 158
Trd, 000030.067, 158
Trd, 000030.683, 158
Trd, 000030.867, 158
Trd, 000031.017, 157
Trd, 000031.267, 158
Trd, 000031.900, 165
Trd, 000031.967, 155
Trd, 000033.583, 157
Trd, 000033.983, 158
Trd, 000034.133, 159
Trd, 000034.750, 157
Trd, 000035.150, 160
Trd, 000035.617, 157
Trd, 000035.983, 159
Trd, 000036.167, 161
Trd, 000037.050, 157
Trd, 000038.500, 160
Trd, 000038.850, 160
Trd, 000039.350, 160
Trd, 000039.917, 160
Trd, 000040.283, 161
Trd, 000040.850, 162
Trd, 000041.883, 162
Trd, 000042.250, 162
Trd, 000042.667, 161
Trd, 000042.683, 166
Trd, 000042.767, 161
Trd, 000042.833, 160
Trd, 000044.750, 163
Trd, 000045.533, 163
Trd, 000045.983, 162
Trd, 000046.833, 162
Trd, 000047.433, 162
Trd, 000048.300, 158
Trd, 000048.500, 163
Trd, 000048.600, 165
Trd, 000048.700, 165
Trd, 000049.567, 159
Trd, 000051.500, 160
Trd, 000051.883, 158
Trd, 000052.600, 163
Trd, 000052.700, 162
Trd, 000053.567, 159
Trd, 000054.067, 158
Trd, 000054.133, 160
Trd, 000054.433, 156
Trd, 000054.467, 160
Trd, 000055.200, 153
Trd, 000055.267, 158
Trd, 000055.850, 157
Trd, 000057.683, 158
Trd, 000058.733, 159
Trd, 000059.533, 159
Trd, 000059.733, 157
Trd, 000060.300, 157
Trd, 000060.383, 158
Trd, 000061.017, 159
Trd, 000061.283, 158
Trd, 000062.283, 157
Trd, 000062.733, 158
Trd, 000062.833, 157
Trd, 000063.583, 162
Trd, 000064.500, 159
Trd, 000065.067, 160
Trd, 000066.200, 161
Trd, 000066.350, 162
Trd, 000066.533, 162
Trd, 000066.633, 160
Trd, 000067.017, 160
Trd, 000067.917, 160
Trd, 000067.933, 161
Trd, 000067.967, 161
Trd, 000068.833, 161
Trd, 000069.017, 160
Trd, 000069.233, 155
Trd, 000070.050, 160
Trd, 000070.817, 165
Trd, 000072.433, 163
Trd, 000072.733, 162
Trd, 000072.883, 169
Trd, 000072.900, 165
Trd, 000073.267, 172
Trd, 000074.533, 166
Trd, 000075.350, 167
Trd, 000075.817, 170
Trd, 000075.883, 172
Trd, 000075.983, 164
Trd, 000076.333, 170
Trd, 000076.667, 163
Trd, 000077.567, 168
Trd, 000077.700, 166
Trd, 000078.067, 161
Trd, 000079.850, 168
Trd, 000080.267, 169
Trd, 000080.600, 168
Trd, 000081.267, 168
Trd, 000081.733, 169
Trd, 000082.183, 169
Trd, 000082.417, 169
Trd, 000082.833, 167
Trd, 000084.167, 170
Trd, 000084.250, 170
Trd, 000084.817, 170
Trd, 000085.700, 171
Trd, 000086.117, 170
Trd, 000086.800, 172
Trd, 000088.267, 171
Trd, 000088.500, 169
Trd, 000089.117, 170
Trd, 000089.317, 162
Trd, 000089.750, 167
Trd, 000092.233, 165
Trd, 000092.900, 166
Trd, 000093.117, 166
Trd, 000093.450, 166
Trd, 000093.933, 164
Trd, 000095.600, 163
Trd, 000095.617, 164
Trd, 000095.883, 167
Trd, 000096.017, 166
Trd, 000096.700, 162
Trd, 000097.067, 162
Trd, 000097.317, 162
Trd, 000098.300, 163
Trd, 000098.367, 166
Trd, 000098.500, 168
Trd, 000098.550, 162
Trd, 000100.117, 173
Trd, 000101.233, 171
Trd, 000101.600, 172
Trd, 000102.117, 168
Trd, 000102.933, 169
Trd, 000103.017, 168
Trd, 000104.033, 171
Trd, 000105.750, 166
Trd, 000106.917, 174
Trd, 000107.283, 175
Trd, 000107.617, 175
Trd, 000108.167, 174
Trd, 000108.983, 175
Trd, 000109.783, 170
Trd, 000109.917, 169
Trd, 000110.633, 173
Trd, 000110.917, 166
Trd, 000112.433, 171
Trd, 000112.517, 166
Trd, 000112.700, 166
Trd, 000113.633, 170
Trd, 000115.017, 169
Trd, 000115.383, 169
Trd, 000116.350, 167
Trd, 000116.583, 169
Trd, 000116.983, 167
Trd, 000117.800, 170
Trd, 000118.317, 169
Trd, 000118.333, 171
Trd, 000118.850, 170
Trd, 000119.200, 174
Trd, 000119.883, 172
Trd, 000120.050, 172
Trd, 000120.383, 172
Trd, 000121.250, 173
Trd, 000121.400, 174
Trd, 000121.900, 177
Trd, 000121.933, 180
Trd, 000122.250, 184
Trd, 000123.333, 208
Trd, 000124.150, 267
Trd, 000124.433, 327.0
Trd, 000124.767, 328
Trd, 000126.000, 348.0
Trd, 000126.367, 353
Trd, 000127.033, 348.0
Trd, 000127.550, 355.0
Trd, 000127.717, 355.0
Trd, 000128.100, 355.0
Trd, 000129.150, 355
Trd, 000130.233, 356.0
Trd, 000130.300, 355.0
Trd, 000130.717, 357
Trd, 000131.133, 359
Trd, 000131.150, 362
Trd, 000131.333, 358
Trd, 000132.383, 358
Trd, 000133.333, 360
Trd, 000133.567, 358.0
Trd, 000134.067, 359
Trd, 000134.200, 356
Trd, 000135.117, 354
Trd, 000135.300, 347
Trd, 000135.867, 357
Trd, 000136.383, 352.0
Trd, 000136.833, 355
Trd, 000137.050, 355
Trd, 000138.000, 348
Trd, 000138.983, 348
Trd, 000140.017, 347
Trd, 000141.033, 348
Trd, 000142.200, 349
Trd, 000142.633, 347
Trd, 000142.783, 357.0
Trd, 000143.933, 354
Trd, 000144.900, 354
Trd, 000145.433, 354
Trd, 000145.900, 355
Trd, 000145.933, 355
Trd, 000147.100, 356.0
Trd, 000147.233, 352.0
Trd, 000147.433, 351.0
Trd, 000147.500, 358.0
Trd, 000149.633, 357
Trd, 000150.267, 352
Trd, 000151.317, 352
Trd, 000152.583, 355
Trd, 000152.600, 352
Trd, 000153.867, 354
Trd, 000153.883, 355
Trd, 000154.500, 353
Trd, 000155.633, 353
Trd, 000155.683, 354.0
Trd, 000156.000, 357
Trd, 000156.383, 357
Trd, 000157.283, 353
Trd, 000158.550, 353
Trd, 000158.600, 356.0
Trd, 000159.933, 355
Trd, 000160.233, 358.0
Trd, 000160.267, 351.0
Trd, 000160.750, 356
Trd, 000161.500, 352
Trd, 000163.317, 354
Trd, 000163.817, 352
Trd, 000164.333, 357
Trd, 000164.383, 352.0
Trd, 000164.533, 357
Trd, 000166.150, 354.0
Trd, 000166.800, 348
Trd, 000167.117, 348
Trd, 000167.483, 349
Trd, 000169.150, 349
Trd, 000169.417, 347
Trd, 000169.600, 350
Trd, 000170.317, 351
Trd, 000170.533, 348
Trd, 000170.850, 351
Trd, 000170.900, 354
Trd, 000171.283, 351.0
Trd, 000172.600, 351.0
Trd, 000173.150, 351.0
Trd, 000174.350, 355
Trd, 000174.483, 353
Trd, 000174.800, 354
Trd, 000175.217, 358.0
Trd, 000176.083, 361
Trd, 000176.117, 353
Trd, 000176.200, 362
Trd, 000176.333, 351
Trd, 000177.167, 350
Trd, 000178.067, 347
Trd, 000180.167, 341
Trd, 000180.333, 342
Trd, 000180.483, 342
Trd, 000180.533, 352
Trd, 000181.317, 353
Trd, 000182.783, 344
Trd, 000183.117, 342
Trd, 000183.267, 334
Trd, 000183.833, 303
Trd, 000184.067, 296
Trd, 000184.350, 225
Trd, 000184.950, 214
Trd, 000185.033, 193
Trd, 000185.250, 183
Trd, 000185.567, 180
Trd, 000186.083, 176
Trd, 000186.467, 190
Trd, 000186.733, 172
Trd, 000187.667, 173
Trd, 000187.817, 176
Trd, 000189.533, 176
Trd, 000191.600, 173
Trd, 000191.650, 172
Trd, 000192.100, 173
Trd, 000192.267, 175
Trd, 000192.550, 175
Trd, 000192.833, 171
Trd, 000192.883, 179
Trd, 000194.617, 175
Trd, 000195.733, 175
Trd, 000195.900, 174
Trd, 000196.633, 175
Trd, 000197.283, 175
Trd, 000197.833, 175
Trd, 000198.400, 177
Trd, 000198.433, 178
Trd, 000198.450, 174
Trd, 000199.800, 180
Trd, 000200.167, 181
Trd, 000200.700, 180
Trd, 000202.050, 179
Trd, 000202.217, 178
Trd, 000202.383, 182
Trd, 000203.183, 171
Trd, 000203.383, 183
Trd, 000203.650, 182
Trd, 000204.733, 181
Trd, 000205.533, 183
Trd, 000205.900, 183
Trd, 000207.283, 182
Trd, 000207.333, 181
Trd, 000207.900, 178
Trd, 000207.983, 175
Trd, 000208.417, 173
Trd, 000209.300, 178
Trd, 000209.733, 178
Trd, 000211.300, 179
Trd, 000211.533, 179
Trd, 000212.483, 182
Trd, 000212.767, 183
Trd, 000212.950, 181
Trd, 000213.483, 185
Trd, 000213.967, 181
Trd, 000214.950, 180
Trd, 000214.967, 175
Trd, 000215.900, 180
Trd, 000216.267, 179
Trd, 000217.483, 179
Trd, 000217.633, 180
Trd, 000217.900, 179
Trd, 000219.400, 181
Trd, 000219.683, 179
Trd, 000219.883, 181
Trd, 000221.400, 180
Trd, 000221.617, 181
Trd, 000222.267, 182
Trd, 000222.917, 183
Trd, 000223.033, 182
Trd, 000223.083, 184
Trd, 000223.133, 187
Trd, 000224.417, 181
Trd, 000224.517, 180
Trd, 000224.967, 183
Trd, 000225.783, 181
Trd, 000226.383, 181
Trd, 000227.067, 181
Trd, 000227.683, 181
Trd, 000227.833, 180
Trd, 000228.800, 179
Trd, 000229.050, 179
Trd, 000229.433, 180
Trd, 000230.317, 180
Trd, 000231.683, 181
Trd, 000231.800, 180
Trd, 000232.350, 181
Trd, 000233.517, 177
Trd, 000234.383, 179
Trd, 000234.533, 179
Trd, 000234.633, 170
Trd, 000235.383, 180
Trd, 000236.117, 179
Trd, 000237.117, 181
Trd, 000237.133, 183
Trd, 000238.300, 182
Trd, 000238.867, 185
Trd, 000239.750, 184
Trd, 000240.333, 182
Trd, 000240.983, 182
Trd, 000241.050, 180
Trd, 000241.150, 177
Trd, 000241.517, 176
Trd, 000241.833, 182
Trd, 000241.900, 180
Trd, 000242.200, 177
Trd, 000242.400, 182
Trd, 000242.550, 177
Trd, 000243.817, 182
Trd, 000243.867, 183
Trd, 000243.917, 182
Trd, 000244.033, 186
Trd, 000244.550, 180
Trd, 000245.433, 186
Trd, 000245.733, 184
Trd, 000245.817, 188
Trd, 000245.867, 186
Trd, 000246.067, 185
Trd, 000248.017, 180
Trd, 000248.167, 181
Trd, 000248.417, 183
Trd, 000248.917, 182
Trd, 000249.250, 181
Trd, 000249.450, 180
Trd, 000250.017, 179
Trd, 000250.333, 180
Trd, 000250.967, 180
Trd, 000251.400, 180
Trd, 000251.650, 180
Trd, 000251.967, 177
Trd, 000253.800, 182
Trd, 000253.850, 183
Trd, 000253.950, 182
Trd, 000254.150, 182
Trd, 000254.450, 186
Trd, 000255.017, 183
Trd, 000255.500, 181
Trd, 000256.317, 180
Trd, 000256.350, 186
Trd, 000256.800, 179
Trd, 000257.783, 176
Trd, 000257.883, 177
Trd, 000258.283, 173
Trd, 000258.367, 174
Trd, 000259.050, 169
Trd, 000259.217, 171
Trd, 000260.083, 173
Trd, 000260.183, 172
Trd, 000260.500, 174
Trd, 000260.883, 175
Trd, 000261.350, 176
Trd, 000261.700, 177
Trd, 000262.783, 179
Trd, 000262.917, 178
Trd, 000263.383, 177
Trd, 000263.433, 177
Trd, 000263.683, 178
Trd, 000264.217, 188
Trd, 000264.233, 176
Trd, 000264.433, 180
Trd, 000265.383, 178
Trd, 000265.467, 184
Trd, 000265.500, 191
Trd, 000266.900, 189
Trd, 000267.367, 191
Trd, 000267.400, 192
Trd, 000267.433, 193
Trd, 000268.433, 193
Trd, 000268.733, 194
Trd, 000268.900, 194
Trd, 000269.667, 192
Trd, 000270.500, 191
Trd, 000270.967, 185
Trd, 000271.033, 181
Trd, 000271.333, 186
Trd, 000271.817, 189
Trd, 000271.883, 190
Trd, 000272.017, 179
Trd, 000272.800, 190
Trd, 000273.883, 178
Trd, 000274.300, 175
Trd, 000274.417, 175
Trd, 000274.500, 174
Trd, 000274.700, 175
Trd, 000274.900, 179
Trd, 000275.183, 177
Trd, 000275.867, 180
Trd, 000275.950, 185
Trd, 000276.450, 184
Trd, 000276.533, 185
Trd, 000277.117, 179
Trd, 000277.900, 184
Trd, 000278.067, 188
Trd, 000278.650, 188
Trd, 000278.767, 189
Trd, 000278.850, 181
Trd, 000279.050, 180
Trd, 000279.150, 179
Trd, 000279.433, 177
Trd, 000279.550, 177
Trd, 000281.067, 180
Trd, 000282.600, 183
Trd, 000283.550, 183
Trd, 000283.850, 181
Trd, 000283.933, 186
Trd, 000284.483, 190
Trd, 000284.633, 182
Trd, 000285.067, 190
Trd, 000285.133, 186
Trd, 000285.367, 182
Trd, 000286.833, 186
Trd, 000286.983, 185
Trd, 000287.000, 183
Trd, 000287.217, 179
Trd, 000287.550, 176
Trd, 000288.450, 175
Trd, 000288.667, 177
Trd, 000288.683, 178
Trd, 000289.167, 174
Trd, 000289.317, 187
Trd, 000289.417, 172
Trd, 000289.483, 173
Trd, 000289.800, 174
Trd, 000290.550, 178
Trd, 000292.233, 171
Trd, 000293.083, 176
Trd, 000293.333, 176
Trd, 000293.350, 177
Trd, 000293.817, 175
Trd, 000295.000, 175
Trd, 000296.000, 178
Trd, 000296.083, 180
Trd, 000296.917, 181
Trd, 000297.033, 178
Trd, 000297.233, 177
Trd, 000297.983, 178
Trd, 000298.000, 175
Trd, 000298.233, 168
Trd, 000298.367, 179
Trd, 000298.817, 169
Trd, 000298.900, 175
Trd, 000299.000, 181
Trd, 000299.100, 167
Trd, 000299.267, 187
Trd, 000299.367, 197
Trd, 000299.433, 181
