Trd, 000000.800, 163
Trd, 000002.300, 137
Trd, 000003.783, 141
Trd, 000004.533, 152
Trd, 000005.050, 152
Trd, 000006.567, 149
Trd, 000007.017, 150
Trd, 000008.100, 142
Trd, 000008.233, 130
Trd, 000008.700, 134
Trd, 000008.800, 142
Trd, 000009.033, 146
Trd, 000009.983, 140
Trd, 000010.600, 145
Trd, 000010.900, 142
Trd, 000011.567, 143
Trd, 000013.767, 142
Trd, 000013.983, 142
Trd, 000014.917, 142
Trd, 000015.333, 143
Trd, 000015.400, 145
Trd, 000016.550, 142
Trd, 000016.750, 143
Trd, 000017.617, 142
Trd, 000017.817, 142
Trd, 000018.517, 143
Trd, 000018.600, 141
Trd, 000019.483, 128
Trd, 000019.650, 141
Trd, 000020.833, 144
Trd, 000021.833, 176
Trd, 000021.950, 160
Trd, 000022.467, 155
Trd, 000022.950, 156
Trd, 000023.733, 154
Trd, 000023.883, 157
Trd, 000024.417, 154
Trd, 000025.150, 155
Trd, 000025.567, 154
Trd, 000026.433, 155
Trd, 000027.567, 157
Trd, 000027.783, 172
Trd, 000028.833, 144
Trd, 000029.117, 156
Trd, 000029.317, 171
Trd, 000030.950, 170
Trd, 000031.517, 160
Trd, 000032.350, 161
Trd, 000034.750, 160
Trd, 000035.217, 160
Trd, 000035.550, 159
Trd, 000035.650, 159
Trd, 000036.300, 159
Trd, 000036.483, 158
Trd, 000036.800, 159
Trd, 000037.450, 162
Trd, 000037.833, 162
Trd, 000037.967, 144
Trd, 000038.167, 140
Trd, 000039.950, 154
Trd, 000040.067, 152
Trd, 000040.533, 152
Trd, 000040.867, 157
Trd, 000042.267, 166
Trd, 000042.383, 167
Trd, 000042.700, 167
Trd, 000043.850, 161
Trd, 000044.317, 165
Trd, 000044.867, 166
Trd, 000045.417, 163
Trd, 000046.283, 161
Trd, 000047.150, 162
Trd, 000047.400, 160
Trd, 000047.900, 160
Trd, 000048.067, 146
Trd, 000048.717, 143
Trd, 000048.800, 155
Trd, 000048.950, 156
Trd, 000049.367, 146
Trd, 000050.067, 151
Trd, 000050.967, 151
Trd, 000052.733, 151
Trd, 000053.867, 150
Trd, 000053.900, 151
Trd, 000054.217, 149
Trd, 000054.733, 152
Trd, 000055.033, 147
Trd, 000055.200, 146
Trd, 000056.367, 155
Trd, 000056.533, 173
Trd, 000057.167, 154
Trd, 000057.817, 159
Trd, 000058.150, 158
Trd, 000058.417, 157
Trd, 000059.083, 156
Trd, 000061.400, 156
Trd, 000061.600, 156
Trd, 000062.083, 155
Trd, 000062.383, 154
Trd, 000062.533, 141
Trd, 000063.483, 139
Trd, 000063.783, 144
Trd, 000064.750, 145
Trd, 000065.150, 144
Trd, 000065.817, 145
Trd, 000066.033, 149
Trd, 000066.250, 150
Trd, 000068.533, 151
Trd, 000068.683, 152
Trd, 000068.733, 151
Trd, 000068.917, 148
Trd, 000069.083, 146
Trd, 000069.283, 144
Trd, 000069.750, 170
Trd, 000071.183, 153
Trd, 000071.450, 159
Trd, 000071.783, 162
Trd, 000072.933, 160
Trd, 000073.000, 156
Trd, 000073.017, 156
Trd, 000073.083, 153
Trd, 000075.150, 157
Trd, 000076.033, 158
Trd, 000076.467, 157
Trd, 000076.533, 155
Trd, 000076.650, 153
Trd, 000076.867, 153
Trd, 000077.967, 158
Trd, 000078.433, 158
Trd, 000078.483, 155
Trd, 000079.200, 159
Trd, 000079.267, 154
Trd, 000079.317, 153
Trd, 000080.067, 155
Trd, 000080.233, 161
Trd, 000082.267, 160
Trd, 000082.550, 159
Trd, 000082.717, 159
Trd, 000083.883, 154
Trd, 000084.133, 155
Trd, 000084.233, 145
Trd, 000084.583, 155
Trd, 000085.583, 157
Trd, 000086.433, 157
Trd, 000087.100, 155
Trd, 000087.750, 155
Trd, 000087.917, 154
Trd, 000088.100, 153
Trd, 000088.233, 150
Trd, 000089.033, 156
Trd, 000090.233, 153
Trd, 000091.650, 152
Trd, 000091.833, 153
Trd, 000091.850, 150
Trd, 000091.933, 183
Trd, 000092.133, 147
Trd, 000093.000, 152
Trd, 000093.867, 149
Trd, 000094.050, 149
Trd, 000094.250, 147
Trd, 000094.617, 178
Trd, 000096.817, 159
Trd, 000097.617, 160
Trd, 000100.167, 161
Trd, 000100.533, 159
Trd, 000100.783, 159
Trd, 000101.167, 160
Trd, 000101.283, 162
Trd, 000101.333, 164
Trd, 000101.517, 165
Trd, 000102.783, 164
Trd, 000103.633, 161
Trd, 000104.317, 160
Trd, 000104.733, 160
Trd, 000105.550, 160
Trd, 000106.100, 163
Trd, 000106.700, 164
Trd, 000106.883, 137
Trd, 000107.500, 152
Trd, 000108.283, 163
Trd, 000108.367, 164
Trd, 000109.767, 162
Trd, 000110.700, 160
Trd, 000110.750, 157
Trd, 000111.117, 157
Trd, 000111.217, 156
Trd, 000111.683, 156
Trd, 000112.550, 158
Trd, 000113.533, 159
Trd, 000114.383, 156
Trd, 000114.500, 154
Trd, 000114.883, 160
Trd, 000114.933, 153
Trd, 000115.200, 152
Trd, 000117.217, 154
Trd, 000117.417, 157
Trd, 000117.650, 154
Trd, 000118.383, 158
Trd, 000118.467, 151
Trd, 000119.367, 157
Trd, 000119.650, 155
Trd, 000120.550, 157
Trd, 000120.900, 159
Trd, 000121.150, 174
Trd, 000122.050, 185
Trd, 000122.150, 187
Trd, 000122.267, 201
Trd, 000122.383, 212
Trd, 000122.683, 213
Trd, 000123.933, 284
Trd, 000124.017, 324.0
Trd, 000124.117, 301
Trd, 000125.000, 327.0
Trd, 000125.100, 345
Trd, 000125.167, 353
Trd, 000125.350, 310.0
Trd, 000125.383, 375.0
Trd, 000126.133, 368
Trd, 000126.183, 348
Trd, 000126.400, 341.0
Trd, 000128.083, 354
Trd, 000128.467, 354
Trd, 000129.383, 358
Trd, 000129.717, 353
Trd, 000131.250, 351
Trd, 000132.200, 351
Trd, 000132.750, 350
Trd, 000133.167, 350
Trd, 000133.367, 348
Trd, 000133.617, 350
Trd, 000133.817, 352
Trd, 000134.383, 341.0
Trd, 000135.067, 345
Trd, 000135.333, 351
Trd, 000136.117, 347
Trd, 000136.883, 354
Trd, 000137.933, 354
Trd, 000138.417, 348
Trd, 000140.100, 350
Trd, 000140.250, 352
Trd, 000140.350, 350
Trd, 000140.450, 349
Trd, 000141.567, 350
Trd, 000141.850, 350
Trd, 000141.983, 351
Trd, 000142.233, 349
Trd, 000143.117, 347
Trd, 000144.050, 381
Trd, 000144.283, 349
Trd, 000144.433, 371
Trd, 000145.883, 355
Trd, 000146.433, 355
Trd, 000147.117, 354
Trd, 000147.217, 357
Trd, 000147.700, 355
Trd, 000147.900, 355.0
Trd, 000149.750, 354
Trd, 000149.767, 347
Trd, 000149.917, 341.0
Trd, 000150.033, 355
Trd, 000151.067, 348
Trd, 000152.267, 353
Trd, 000153.233, 348
Trd, 000153.983, 346
Trd, 000154.200, 345
Trd, 000154.233, 348
Trd, 000154.917, 345
Trd, 000155.367, 344
Trd, 000155.533, 341.0
Trd, 000156.700, 337.0
Trd, 000158.133, 338
Trd, 000158.417, 341
Trd, 000158.550, 324.0
Trd, 000160.017, 340
Trd, 000160.267, 341
Trd, 000160.683, 335
Trd, 000160.800, 342
Trd, 000161.650, 336
Trd, 000161.967, 336
Trd, 000162.083, 343
Trd, 000164.233, 342
Trd, 000164.917, 337
Trd, 000164.950, 335
Trd, 000165.450, 338
Trd, 000165.833, 342
Trd, 000166.450, 341
Trd, 000166.600, 343
Trd, 000167.133, 328
Trd, 000167.533, 325
Trd, 000167.683, 324
Trd, 000167.967, 346
Trd, 000168.067, 323
Trd, 000168.367, 371
Trd, 000169.650, 342.0
Trd, 000171.650, 357
Trd, 000172.533, 356
Trd, 000172.550, 352
Trd, 000173.233, 352
Trd, 000173.617, 354
Trd, 000173.683, 351
Trd, 000174.550, 351
Trd, 000175.583, 349
Trd, 000176.233, 347
Trd, 000177.133, 348
Trd, 000177.150, 343.0
Trd, 000177.917, 344
Trd, 000178.533, 345
Trd, 000178.717, 351
Trd, 000178.883, 341.0
Trd, 000180.017, 354
Trd, 000180.817, 352
Trd, 000180.883, 349
Trd, 000181.600, 349
Trd, 000182.483, 341.0
Trd, 000182.533, 345
Trd, 000182.650, 337.0
Trd, 000182.683, 329
Trd, 000182.967, 313.0
Trd, 000183.017, 310.0
Trd, 000183.217, 314
Trd, 000183.483, 281
Trd, 000183.500, 259
Trd, 000184.183, 184
Trd, 000185.133, 204
Trd, 000185.700, 195
Trd, 000186.633, 173
Trd, 000186.717, 173
Trd, 000187.383, 185
Trd, 000187.700, 176
Trd, 000189.767, 177
Trd, 000189.867, 178
Trd, 000190.717, 177
Trd, 000190.950, 176
Trd, 000191.050, 177
Trd, 000191.667, 176
Trd, 000192.600, 176
Trd, 000192.867, 175
Trd, 000194.317, 172
Trd, 000194.633, 175
Trd, 000195.917, 174
Trd, 000196.233, 174
Trd, 000196.917, 173
Trd, 000197.383, 172
Trd, 000197.433, 161
Trd, 000198.933, 173
Trd, 000199.100, 175
Trd, 000201.000, 174
Trd, 000202.617, 171
Trd, 000203.350, 172
Trd, 000203.850, 172
Trd, 000204.183, 172
Trd, 000204.300, 169
Trd, 000205.250, 169
Trd, 000205.367, 169
Trd, 000205.450, 171
Trd, 000206.200, 169
Trd, 000206.617, 168
Trd, 000207.083, 168
Trd, 000207.983, 168
Trd, 000208.650, 166
Trd, 000208.850, 168
Trd, 000210.533, 166
Trd, 000210.800, 165
Trd, 000211.117, 164
Trd, 000211.350, 162
Trd, 000211.567, 167
Trd, 000213.333, 168
Trd, 000213.700, 163
Trd, 000213.850, 162
Trd, 000214.283, 167
Trd, 000216.017, 164
Trd, 000216.500, 165
Trd, 000216.700, 162
Trd, 000217.033, 164
Trd, 000217.600, 164
Trd, 000218.200, 164
Trd, 000219.400, 164
Trd, 000219.583, 164
Trd, 000219.733, 163
Trd, 000220.000, 162
Trd, 000220.117, 161
Trd, 000220.717, 164
Trd, 000221.217, 163
Trd, 000222.600, 164
Trd, 000223.017, 163
Trd, 000224.450, 164
Trd, 000224.833, 164
Trd, 000225.350, 164
Trd, 000225.817, 161
Trd, 000225.867, 164
Trd, 000226.433, 165
Trd, 000226.617, 163
Trd, 000226.917, 160
Trd, 000227.067, 165
Trd, 000227.900, 160
Trd, 000228.167, 166
Trd, 000228.383, 164
Trd, 000229.583, 165
Trd, 000229.600, 166
Trd, 000230.583, 167
Trd, 000231.700, 170
Trd, 000232.683, 164
Trd, 000233.217, 168
Trd, 000233.750, 168
Trd, 000234.100, 160
Trd, 000234.417, 168
Trd, 000235.350, 168
Trd, 000235.750, 166
Trd, 000236.367, 165
Trd, 000237.167, 165
Trd, 000238.333, 166
Trd, 000238.667, 166
Trd, 000238.733, 168
Trd, 000238.900, 168
Trd, 000239.617, 165
Trd, 000239.933, 170
Trd, 000240.317, 168
Trd, 000240.683, 169
Trd, 000240.767, 168
Trd, 000240.900, 165
Trd, 000241.683, 164
Trd, 000241.917, 167
Trd, 000242.117, 168
Trd, 000242.917, 171
Trd, 000243.183, 168
Trd, 000243.683, 182
Trd, 000243.750, 167
Trd, 000245.417, 169
Trd, 000245.583, 166
Trd, 000245.767, 169
Trd, 000245.933, 166
Trd, 000246.233, 167
Trd, 000246.283, 172
Trd, 000247.317, 166
Trd, 000247.917, 167
Trd, 000248.967, 169
Trd, 000249.367, 167
Trd, 000249.383, 168
Trd, 000249.800, 166
Trd, 000250.100, 164
Trd, 000250.333, 165
Trd, 000250.500, 166
Trd, 000250.933, 168
Trd, 000251.300, 171
Trd, 000251.583, 168
Trd, 000252.033, 168
Trd, 000252.350, 171
Trd, 000252.550, 170
Trd, 000252.917, 171
Trd, 000253.517, 173
Trd, 000254.000, 172
Trd, 000254.433, 171
Trd, 000254.917, 171
Trd, 000255.100, 178
Trd, 000256.283, 174
Trd, 000256.967, 174
Trd, 000258.250, 174
Trd, 000258.367, 174
Trd, 000258.617, 174
Trd, 000258.700, 175
Trd, 000259.783, 172
Trd, 000260.033, 169
Trd, 000260.583, 170
Trd, 000260.600, 167
Trd, 000260.683, 167
Trd, 000261.083, 171
Trd, 000261.150, 173
Trd, 000261.333, 163
Trd, 000262.017, 170
Trd, 000262.450, 168
Trd, 000263.283, 170
Trd, 000263.433, 169
Trd, 000263.617, 171
Trd, 000263.850, 164
Trd, 000264.733, 178
Trd, 000264.867, 179
Trd, 000264.883, 180
Trd, 000265.533, 180
Trd, 000265.650, 179
Trd, 000266.333, 181
Trd, 000266.483, 181
Trd, 000266.667, 179
Trd, 000267.133, 174
Trd, 000267.650, 182
Trd, 000268.200, 181
Trd, 000268.350, 181
Trd, 000268.917, 181
Trd, 000269.050, 182
Trd, 000269.150, 177
Trd, 000269.317, 174
Trd, 000269.850, 183
Trd, 000270.117, 178
Trd, 000270.583, 180
Trd, 000271.100, 185
Trd, 000272.067, 180
Trd, 000272.383, 180
Trd, 000272.600, 183
Trd, 000272.817, 177
Trd, 000273.433, 173
Trd, 000273.983, 171
Trd, 000274.000, 169
Trd, 000274.117, 172
Trd, 000274.733, 170
Trd, 000274.933, 168
Trd, 000274.950, 170
Trd, 000275.200, 170
Trd, 000275.717, 171
Trd, 000276.017, 192
Trd, 000277.150, 171
Trd, 000277.167, 202
Trd, 000277.617, 197
Trd, 000277.767, 177
Trd, 000277.950, 176
Trd, 000278.500, 176
Trd, 000278.917, 177
Trd, 000279.383, 170
Trd, 000279.983, 171
Trd, 000280.383, 174
Trd, 000280.633, 175
Trd, 000281.283, 175
Trd, 000281.567, 175
Trd, 000282.333, 175
Trd, 000282.467, 172
Trd, 000283.617, 176
Trd, 000284.017, 174
Trd, 000284.117, 177
Trd, 000284.633, 177
Trd, 000284.867, 179
Trd, 000286.133, 172
Trd, 000286.250, 171
Trd, 000286.317, 174
Trd, 000287.333, 173
Trd, 000287.417, 171
Trd, 000287.917, 174
Trd, 000288.133, 176
Trd, 000288.833, 187
Trd, 000289.050, 186
Trd, 000289.167, 184
Trd, 000289.533, 182
Trd, 000289.833, 181
Trd, 000290.133, 187
Trd, 000290.733, 172
Trd, 000290.917, 170
Trd, 000291.300, 166
Trd, 000291.650, 188
Trd, 000292.000, 189
Trd, 000292.067, 185
Trd, 000292.417, 188
Trd, 000292.433, 189
Trd, 000292.550, 192
Trd, 000292.950, 194
Trd, 000293.817, 183
Trd, 000293.983, 178
Trd, 000294.217, 152
Trd, 000295.300, 173
Trd, 000295.533, 178
Trd, 000295.650, 173
Trd, 000295.833, 176
Trd, 000296.233, 185
Trd, 000296.817, 182
Trd, 000296.883, 173
Trd, 000296.983, 172
Trd, 000297.283, 183
Trd, 000297.817, 184
Trd, 000298.683, 195
Trd, 000299.583, 177
Trd, 000299.967, 177
