Trd, 000001.400, 137
Trd, 000001.767, 158
Trd, 000001.917, 192
Trd, 000002.800, 179
Trd, 000003.717, 155
Trd, 000004.033, 151
Trd, 000004.633, 169
Trd, 000005.067, 158
Trd, 000005.500, 168
Trd, 000006.117, 158
Trd, 000006.333, 167
Trd, 000007.017, 160
Trd, 000007.217, 159
Trd, 000007.717, 167
Trd, 000007.833, 175
Trd, 000008.200, 180
Trd, 000009.283, 159
Trd, 000009.367, 157
Trd, 000009.783, 156
Trd, 000010.317, 171
Trd, 000010.850, 167
Trd, 000010.883, 153
Trd, 000011.050, 152
Trd, 000011.950, 168
Trd, 000012.117, 169
Trd, 000012.933, 160
Trd, 000013.800, 161
Trd, 000014.083, 159
Trd, 000014.333, 159
Trd, 000014.733, 161
Trd, 000014.983, 157
Trd, 000015.200, 161
Trd, 000015.433, 169
Trd, 000016.267, 159
Trd, 000017.250, 152
Trd, 000017.517, 157
Trd, 000017.650, 163
Trd, 000018.983, 160
Trd, 000019.367, 162
Trd, 000020.033, 153
Trd, 000020.283, 161
Trd, 000020.700, 160
Trd, 000021.467, 152
Trd, 000022.483, 150
Trd, 000022.550, 137
Trd, 000023.017, 136
Trd, 000023.317, 154
Trd, 000023.933, 150
Trd, 000024.517, 149
Trd, 000024.600, 149
Trd, 000024.917, 167
Trd, 000025.033, 160
Trd, 000025.950, 154
Trd, 000026.967, 157
Trd, 000027.700, 162
Trd, 000028.583, 162
Trd, 000028.800, 167
Trd, 000028.817, 161
Trd, 000029.150, 174
Trd, 000029.833, 158
Trd, 000030.100, 154
Trd, 000030.217, 151
Trd, 000031.017, 163
Trd, 000031.433, 151
Trd, 000031.717, 149
Trd, 000032.150, 160
Trd, 000032.200, 162
Trd, 000032.417, 147
Trd, 000032.800, 163
Trd, 000033.483, 161
Trd, 000034.467, 158
Trd, 000035.683, 154
Trd, 000035.750, 151
Trd, 000036.150, 160
Trd, 000036.267, 159
Trd, 000036.350, 147
Trd, 000036.950, 137
Trd, 000037.300, 141
Trd, 000037.517, 152
Trd, 000037.717, 168
Trd, 000038.533, 143
Trd, 000038.683, 159
Trd, 000039.567, 149
Trd, 000039.850, 158
Trd, 000042.117, 162
Trd, 000042.650, 163
Trd, 000042.883, 162
Trd, 000043.583, 165
Trd, 000043.650, 161
Trd, 000043.750, 160
Trd, 000044.050, 162
Trd, 000044.550, 169
Trd, 000045.583, 159
Trd, 000046.267, 153
Trd, 000046.383, 164
Trd, 000046.633, 163
Trd, 000047.833, 164
Trd, 000047.900, 152
Trd, 000048.067, 165
Trd, 000048.800, 149
Trd, 000048.967, 140
Trd, 000050.250, 160
Trd, 000050.367, 159
Trd, 000050.400, 163
Trd, 000050.750, 156
Trd, 000051.200, 156
Trd, 000051.417, 170
Trd, 000051.717, 173
Trd, 000052.450, 178
Trd, 000053.550, 184
Trd, 000053.850, 180
Trd, 000054.300, 177
Trd, 000054.833, 180
Trd, 000055.900, 173
Trd, 000056.600, 174
Trd, 000057.117, 171
Trd, 000057.233, 163
Trd, 000058.433, 163
Trd, 000058.733, 170
Trd, 000058.817, 162
Trd, 000058.867, 169
Trd, 000059.050, 164
Trd, 000059.850, 161
Trd, 000061.233, 157
Trd, 000061.300, 163
Trd, 000062.150, 157
Trd, 000062.250, 162
Trd, 000062.333, 161
Trd, 000063.133, 163
Trd, 000064.000, 157
Trd, 000064.467, 150
Trd, 000064.817, 143
Trd, 000065.050, 167
Trd, 000065.300, 164
Trd, 000065.717, 156
Trd, 000067.617, 157
Trd, 000068.717, 162
Trd, 000069.017, 165
Trd, 000069.067, 171
Trd, 000069.083, 159
Trd, 000069.517, 170
Trd, 000070.433, 158
Trd, 000070.550, 155
Trd, 000070.800, 137
Trd, 000071.350, 162
Trd, 000072.267, 157
Trd, 000072.283, 165
Trd, 000072.300, 166
Trd, 000072.917, 172
Trd, 000073.033, 175
Trd, 000073.250, 179
Trd, 000074.183, 167
Trd, 000074.950, 162
Trd, 000075.250, 156
Trd, 000075.967, 166
Trd, 000076.617, 158
Trd, 000077.150, 165
Trd, 000078.017, 159
Trd, 000078.317, 164
Trd, 000078.850, 158
Trd, 000079.400, 162
Trd, 000079.750, 173
Trd, 000080.400, 166
Trd, 000080.517, 161
Trd, 000080.767, 160
Trd, 000080.917, 152
Trd, 000081.083, 165
Trd, 000081.167, 166
Trd, 000081.400, 175
Trd, 000082.533, 154
Trd, 000082.967, 154
Trd, 000083.350, 156
Trd, 000083.917, 170
Trd, 000084.100, 166
Trd, 000084.333, 154
Trd, 000084.417, 172
Trd, 000084.517, 153
Trd, 000085.683, 152
Trd, 000086.550, 165
Trd, 000087.433, 164
Trd, 000087.750, 166
Trd, 000088.017, 173
Trd, 000088.333, 176
Trd, 000088.483, 167
Trd, 000088.883, 180
Trd, 000089.517, 164
Trd, 000089.550, 164
Trd, 000090.017, 190
Trd, 000092.317, 171
Trd, 000093.433, 167
Trd, 000093.600, 167
Trd, 000093.617, 161
Trd, 000094.300, 165
Trd, 000094.983, 167
Trd, 000095.150, 168
Trd, 000095.533, 165
Trd, 000095.550, 164
Trd, 000096.033, 172
Trd, 000096.683, 161
Trd, 000096.883, 160
Trd, 000097.417, 166
Trd, 000097.633, 165
Trd, 000097.900, 161
Trd, 000098.317, 160
Trd, 000098.533, 166
Trd, 000099.100, 165
Trd, 000099.683, 162
Trd, 000099.950, 158
Trd, 000100.000, 154
Trd, 000100.983, 141
Trd, 000101.033, 151
Trd, 000101.967, 161
Trd, 000102.150, 175
Trd, 000102.467, 178
Trd, 000103.600, 168
Trd, 000103.867, 167
Trd, 000104.117, 166
Trd, 000104.567, 165
Trd, 000104.600, 158
Trd, 000104.683, 181
Trd, 000104.883, 154
Trd, 000106.033, 147
Trd, 000106.050, 145
Trd, 000107.783, 168
Trd, 000108.017, 170
Trd, 000108.217, 178
Trd, 000108.800, 170
Trd, 000109.217, 169
Trd, 000109.783, 169
Trd, 000110.317, 173
Trd, 000110.450, 177
Trd, 000110.533, 167
Trd, 000111.100, 166
Trd, 000111.167, 176
Trd, 000111.633, 159
Trd, 000112.417, 174
Trd, 000112.783, 155
Trd, 000113.467, 159
Trd, 000114.183, 159
Trd, 000114.267, 163
Trd, 000114.917, 163
Trd, 000115.683, 164
Trd, 000115.750, 164
Trd, 000115.950, 161
Trd, 000116.017, 160
Trd, 000116.600, 159
Trd, 000117.467, 177
Trd, 000118.467, 175
Trd, 000119.117, 171
Trd, 000119.350, 174
Trd, 000119.767, 172
Trd, 000119.817, 171
Trd, 000120.133, 170
Trd, 000120.500, 177
Trd, 000120.950, 179
Trd, 000121.333, 168
Trd, 000121.650, 167
Trd, 000121.700, 177
Trd, 000121.750, 180
Trd, 000121.900, 184
Trd, 000122.650, 193
Trd, 000123.267, 199
Trd, 000123.550, 163
Trd, 000123.750, 201
Trd, 000123.850, 294
Trd, 000124.017, 337.0
Trd, 000124.083, 344.0
Trd, 000125.317, 307
Trd, 000125.933, 300.0
Trd, 000126.717, 313.0
Trd, 000128.350, 365.0
Trd, 000129.183, 331
Trd, 000129.700, 329
Trd, 000129.733, 330
Trd, 000130.300, 335
Trd, 000131.217, 348.0
Trd, 000132.000, 341
Trd, 000132.117, 340
Trd, 000132.383, 343
Trd, 000132.800, 344.0
Trd, 000133.083, 347
Trd, 000133.367, 354
Trd, 000133.783, 345.0
Trd, 000134.150, 365.0
Trd, 000134.350, 348
Trd, 000135.767, 349.0
Trd, 000135.900, 346.0
Trd, 000136.933, 344.0
Trd, 000137.667, 357
Trd, 000137.817, 343
Trd, 000138.817, 366.0
Trd, 000138.883, 343
Trd, 000139.167, 355.0
Trd, 000139.567, 365
Trd, 000139.683, 357
Trd, 000139.950, 335.0
Trd, 000141.617, 344.0
Trd, 000141.833, 340.0
Trd, 000142.300, 340.0
Trd, 000142.583, 341.0
Trd, 000143.500, 338
Trd, 000143.567, 356
Trd, 000143.817, 339
Trd, 000144.367, 336
Trd, 000146.050, 347
Trd, 000146.450, 348
Trd, 000146.483, 336.0
Trd, 000146.750, 355.0
Trd, 000146.950, 329
Trd, 000147.467, 342
Trd, 000147.733, 350
Trd, 000147.750, 315
Trd, 000149.200, 337.0
Trd, 000150.433, 361.0
Trd, 000151.533, 362.0
Trd, 000151.583, 368.0
Trd, 000152.067, 357.0
Trd, 000152.417, 355.0
Trd, 000152.483, 367
Trd, 000152.833, 358.0
Trd, 000153.883, 358
Trd, 000153.950, 355
Trd, 000154.367, 352
Trd, 000154.483, 367
Trd, 000154.500, 351.0
Trd, 000155.050, 348.0
Trd, 000155.800, 367.0
Trd, 000156.150, 344.0
Trd, 000157.217, 344
Trd, 000157.917, 361
Trd, 000158.067, 355.0
Trd, 000159.500, 353
Trd, 000159.567, 358
Trd, 000159.583, 351.0
Trd, 000160.300, 348.0
Trd, 000162.000, 355
Trd, 000162.600, 351.0
Trd, 000162.700, 357
Trd, 000163.233, 343
Trd, 000164.050, 344
Trd, 000164.283, 346.0
Trd, 000164.333, 348.0
Trd, 000164.350, 343
Trd, 000164.483, 365.0
Trd, 000164.517, 358.0
Trd, 000164.983, 363
Trd, 000166.650, 371
Trd, 000166.717, 355.0
Trd, 000166.883, 335
Trd, 000167.317, 334.0
Trd, 000167.567, 340
Trd, 000168.150, 338
Trd, 000168.850, 338
Trd, 000169.867, 352
Trd, 000170.050, 340
Trd, 000170.083, 339
Trd, 000170.450, 339
Trd, 000170.600, 352
Trd, 000171.050, 335
Trd, 000171.783, 337
Trd, 000171.983, 307
Trd, 000172.067, 340
Trd, 000172.667, 332
Trd, 000172.800, 313
Trd, 000172.983, 313.0
Trd, 000173.500, 330
Trd, 000174.367, 331
Trd, 000174.550, 337.0
Trd, 000174.967, 344.0
Trd, 000175.317, 348.0
Trd, 000175.867, 339
Trd, 000177.650, 339
Trd, 000177.683, 332
Trd, 000177.700, 326
Trd, 000177.900, 348.0
Trd, 000178.133, 349
Trd, 000178.917, 337.0
Trd, 000179.600, 336
Trd, 000180.250, 328
Trd, 000180.500, 337
Trd, 000181.400, 330
Trd, 000182.100, 347.0
Trd, 000182.467, 347.0
Trd, 000182.483, 345.0
Trd, 000182.950, 344.0
Trd, 000183.617, 346
Trd, 000183.867, 326
Trd, 000184.217, 315
Trd, 000184.467, 197
Trd, 000184.733, 211
Trd, 000184.767, 201
Trd, 000185.950, 193
Trd, 000186.117, 190
Trd, 000186.400, 177
Trd, 000186.850, 183
Trd, 000187.217, 173
Trd, 000188.017, 177
Trd, 000188.150, 176
Trd, 000188.183, 183
Trd, 000188.333, 181
Trd, 000188.467, 184
Trd, 000188.733, 166
Trd, 000190.167, 177
Trd, 000191.150, 167
Trd, 000192.200, 180
Trd, 000192.517, 178
Trd, 000192.883, 177
Trd, 000193.283, 180
Trd, 000193.367, 170
Trd, 000193.850, 174
Trd, 000193.983, 179
Trd, 000194.233, 178
Trd, 000194.467, 168
Trd, 000195.367, 169
Trd, 000195.467, 167
Trd, 000195.800, 163
Trd, 000196.867, 179
Trd, 000197.100, 178
Trd, 000197.667, 181
Trd, 000198.317, 181
Trd, 000198.883, 162
Trd, 000199.817, 175
Trd, 000200.150, 164
Trd, 000200.167, 161
Trd, 000200.467, 176
Trd, 000200.817, 154
Trd, 000201.833, 157
Trd, 000201.933, 173
Trd, 000202.800, 178
Trd, 000202.933, 184
Trd, 000203.633, 179
Trd, 000204.567, 179
Trd, 000204.683, 184
Trd, 000204.767, 179
Trd, 000204.783, 178
Trd, 000204.967, 188
Trd, 000205.067, 171
Trd, 000205.100, 168
Trd, 000205.883, 185
Trd, 000207.500, 169
Trd, 000207.567, 185
Trd, 000208.150, 177
Trd, 000208.217, 154
Trd, 000208.417, 189
Trd, 000209.950, 177
Trd, 000210.467, 179
Trd, 000210.500, 176
Trd, 000211.033, 174
Trd, 000211.417, 171
Trd, 000211.717, 170
Trd, 000212.167, 180
Trd, 000212.383, 170
Trd, 000212.567, 169
Trd, 000213.350, 182
Trd, 000213.467, 183
Trd, 000215.300, 177
Trd, 000215.367, 180
Trd, 000215.483, 176
Trd, 000215.700, 177
Trd, 000217.083, 179
Trd, 000217.367, 178
Trd, 000218.100, 180
Trd, 000218.200, 178
Trd, 000218.267, 177
Trd, 000218.317, 170
Trd, 000218.800, 173
Trd, 000219.117, 181
Trd, 000219.600, 183
Trd, 000220.200, 190
Trd, 000220.583, 194
Trd, 000221.550, 180
Trd, 000221.633, 177
Trd, 000222.317, 175
Trd, 000223.667, 173
Trd, 000225.083, 181
Trd, 000225.250, 180
Trd, 000225.683, 179
Trd, 000226.100, 182
Trd, 000226.183, 183
Trd, 000226.283, 185
Trd, 000226.517, 186
Trd, 000227.067, 179
Trd, 000227.467, 187
Trd, 000227.733, 190
Trd, 000228.117, 177
Trd, 000228.417, 186
Trd, 000228.650, 169
Trd, 000229.533, 170
Trd, 000230.217, 181
Trd, 000230.250, 179
Trd, 000230.700, 183
Trd, 000231.433, 182
Trd, 000231.783, 179
Trd, 000232.700, 178
Trd, 000232.867, 167
Trd, 000233.267, 160
Trd, 000234.267, 163
Trd, 000234.800, 167
Trd, 000235.283, 171
Trd, 000235.633, 171
Trd, 000236.500, 167
Trd, 000237.117, 168
Trd, 000237.400, 171
Trd, 000237.817, 191
Trd, 000238.100, 169
Trd, 000239.817, 183
Trd, 000240.100, 183
Trd, 000240.150, 182
Trd, 000240.317, 183
Trd, 000240.900, 182
Trd, 000241.017, 181
Trd, 000241.150, 181
Trd, 000241.350, 182
Trd, 000241.633, 179
Trd, 000241.767, 181
Trd, 000242.217, 183
Trd, 000242.717, 182
Trd, 000242.967, 183
Trd, 000243.767, 189
Trd, 000244.117, 189
Trd, 000244.300, 192
Trd, 000244.833, 195
Trd, 000244.950, 193
Trd, 000245.017, 195
Trd, 000245.150, 191
Trd, 000245.833, 189
Trd, 000246.017, 186
Trd, 000246.283, 190
Trd, 000247.600, 184
Trd, 000248.233, 183
Trd, 000248.733, 184
Trd, 000248.950, 182
Trd, 000249.317, 185
Trd, 000250.000, 186
Trd, 000250.283, 186
Trd, 000250.367, 180
Trd, 000250.933, 186
Trd, 000251.000, 181
Trd, 000251.267, 184
Trd, 000251.500, 187
Trd, 000251.633, 181
Trd, 000252.017, 180
Trd, 000252.333, 184
Trd, 000253.233, 180
Trd, 000253.700, 182
Trd, 000254.383, 177
Trd, 000254.567, 181
Trd, 000254.667, 176
Trd, 000254.767, 185
Trd, 000254.850, 162
Trd, 000255.183, 163
Trd, 000256.450, 181
Trd, 000257.717, 180
Trd, 000257.933, 181
Trd, 000258.083, 183
Trd, 000258.450, 179
Trd, 000258.467, 184
Trd, 000258.500, 188
Trd, 000258.617, 179
Trd, 000258.967, 190
Trd, 000259.867, 187
Trd, 000260.483, 187
Trd, 000260.517, 191
Trd, 000260.650, 184
Trd, 000261.633, 189
Trd, 000261.883, 177
Trd, 000261.917, 174
Trd, 000262.100, 190
Trd, 000262.383, 184
Trd, 000262.700, 182
Trd, 000264.600, 182
Trd, 000264.950, 175
Trd, 000265.350, 174
Trd, 000265.517, 180
Trd, 000265.817, 177
Trd, 000266.083, 177
Trd, 000266.567, 173
Trd, 000266.650, 181
Trd, 000266.667, 181
Trd, 000267.083, 178
Trd, 000267.433, 181
Trd, 000267.667, 183
Trd, 000268.467, 185
Trd, 000268.483, 183
Trd, 000269.467, 178
Trd, 000269.667, 183
Trd, 000269.733, 188
Trd, 000269.900, 180
Trd, 000270.200, 175
Trd, 000270.767, 185
Trd, 000270.783, 189
Trd, 000270.800, 182
Trd, 000271.983, 184
Trd, 000272.317, 184
Trd, 000272.900, 181
Trd, 000273.500, 182
Trd, 000273.633, 185
Trd, 000273.717, 178
Trd, 000273.783, 175
Trd, 000274.350, 182
Trd, 000274.967, 179
Trd, 000275.033, 183
Trd, 000275.400, 178
Trd, 000276.000, 189
Trd, 000276.283, 191
Trd, 000276.550, 180
Trd, 000276.583, 185
Trd, 000277.067, 188
Trd, 000277.317, 180
Trd, 000277.517, 192
Trd, 000278.300, 191
Trd, 000278.667, 196
Trd, 000278.883, 200
Trd, 000278.983, 210
Trd, 000279.033, 194
Trd, 000280.083, 191
Trd, 000280.333, 190
Trd, 000280.967, 186
Trd, 000281.083, 186
Trd, 000282.000, 184
Trd, 000282.300, 183
Trd, 000282.800, 179
Trd, 000282.967, 176
Trd, 000283.300, 172
Trd, 000283.700, 174
Trd, 000283.717, 165
Trd, 000284.117, 162
Trd, 000284.233, 159
Trd, 000284.933, 178
Trd, 000284.967, 179
Trd, 000284.983, 190
Trd, 000285.433, 188
Trd, 000285.783, 193
Trd, 000286.050, 194
Trd, 000286.133, 184
Trd, 000286.917, 178
Trd, 000287.533, 184
Trd, 000287.733, 184
Trd, 000288.067, 184
Trd, 000288.433, 184
Trd, 000288.500, 187
Trd, 000289.800, 183
Trd, 000289.883, 191
Trd, 000290.017, 182
Trd, 000290.450, 180
Trd, 000290.733, 177
Trd, 000291.033, 188
Trd, 000291.250, 174
Trd, 000291.983, 175
Trd, 000292.333, 173
Trd, 000292.533, 166
Trd, 000292.800, 197
Trd, 000293.467, 187
Trd, 000293.833, 204
Trd, 000294.333, 201
Trd, 000294.633, 204
Trd, 000294.750, 191
Trd, 000294.817, 205
Trd, 000295.783, 191
Trd, 000296.117, 180
Trd, 000296.333, 185
Trd, 000296.400, 198
Trd, 000296.717, 178
Trd, 000297.083, 197
Trd, 000297.200, 197
Trd, 000297.500, 193
Trd, 000297.550, 192
Trd, 000297.700, 200
Trd, 000298.000, 164
Trd, 000298.250, 171
Trd, 000298.733, 167
Trd, 000298.867, 160
Trd, 000299.850, 185
