Trd, 000001.983, 124
Trd, 000003.150, 155
Trd, 000003.317, 134
Trd, 000004.850, 135
Trd, 000005.367, 137
Trd, 000006.233, 137
Trd, 000006.250, 136
Trd, 000007.967, 151
Trd, 000008.183, 156
Trd, 000010.017, 150
Trd, 000010.883, 150
Trd, 000011.283, 150
Trd, 000012.383, 151
Trd, 000014.033, 150
Trd, 000014.150, 148
Trd, 000014.267, 147
Trd, 000015.733, 151
Trd, 000016.683, 153
Trd, 000017.033, 151
Trd, 000017.550, 151
Trd, 000018.333, 152
Trd, 000018.517, 153
Trd, 000018.683, 152
Trd, 000020.600, 153
Trd, 000021.350, 155
Trd, 000021.400, 152
Trd, 000022.267, 152
Trd, 000023.467, 153
Trd, 000023.683, 155
Trd, 000023.783, 151
Trd, 000024.733, 154
Trd, 000025.783, 157
Trd, 000026.733, 151
Trd, 000027.633, 151
Trd, 000027.650, 150
Trd, 000027.800, 158
Trd, 000029.333, 154
Trd, 000029.450, 155
Trd, 000033.400, 154
Trd, 000033.617, 153
Trd, 000034.883, 154
Trd, 000036.550, 153
Trd, 000038.050, 153
Trd, 000039.300, 155
Trd, 000039.900, 154
Trd, 000040.017, 156
Trd, 000040.267, 152
Trd, 000040.617, 156
Trd, 000041.500, 158
Trd, 000041.933, 159
Trd, 000043.117, 156
Trd, 000044.183, 157
Trd, 000044.717, 156
Trd, 000045.033, 155
Trd, 000045.500, 153
Trd, 000045.833, 152
Trd, 000048.167, 154
Trd, 000048.417, 156
Trd, 000049.050, 155
Trd, 000049.617, 156
Trd, 000050.167, 156
Trd, 000052.500, 156
Trd, 000053.117, 157
Trd, 000053.167, 156
Trd, 000053.600, 158
Trd, 000054.033, 158
Trd, 000055.333, 160
Trd, 000055.683, 159
Trd, 000057.033, 160
Trd, 000058.350, 161
Trd, 000058.700, 163
Trd, 000059.450, 159
Trd, 000060.233, 158
Trd, 000060.300, 157
Trd, 000060.883, 157
Trd, 000061.467, 147
Trd, 000062.833, 160
Trd, 000063.350, 161
Trd, 000063.783, 161
Trd, 000064.167, 163
Trd, 000065.950, 159
Trd, 000066.033, 159
Trd, 000066.217, 157
Trd, 000067.900, 157
Trd, 000068.433, 158
Trd, 000068.533, 158
Trd, 000068.967, 164
Trd, 000069.767, 155
Trd, 000071.650, 156
Trd, 000072.067, 155
Trd, 000072.117, 158
Trd, 000072.267, 158
Trd, 000072.633, 153
Trd, 000075.367, 158
Trd, 000075.867, 159
Trd, 000077.033, 158
Trd, 000077.567, 162
Trd, 000078.500, 163
Trd, 000079.150, 162
Trd, 000080.050, 163
Trd, 000080.267, 163
Trd, 000080.300, 164
Trd, 000081.533, 162
Trd, 000083.900, 163
Trd, 000084.767, 162
Trd, 000085.433, 162
Trd, 000085.700, 161
Trd, 000086.250, 159
Trd, 000089.200, 163
Trd, 000089.650, 162
Trd, 000089.983, 161
Trd, 000091.383, 162
Trd, 000091.667, 161
Trd, 000091.900, 163
Trd, 000092.567, 161
Trd, 000092.633, 162
Trd, 000093.233, 163
Trd, 000095.100, 162
Trd, 000096.983, 164
Trd, 000099.067, 162
Trd, 000099.283, 162
Trd, 000099.550, 161
Trd, 000101.650, 161
Trd, 000101.917, 162
Trd, 000102.183, 161
Trd, 000102.583, 158
Trd, 000103.233, 156
Trd, 000103.500, 165
Trd, 000103.833, 160
Trd, 000104.683, 161
Trd, 000106.317, 163
Trd, 000106.433, 162
Trd, 000106.883, 164
Trd, 000107.800, 163
Trd, 000108.233, 163
Trd, 000109.550, 162
Trd, 000112.567, 163
Trd, 000113.767, 163
Trd, 000114.583, 164
Trd, 000114.617, 161
Trd, 000115.800, 154
Trd, 000115.933, 152
Trd, 000117.583, 160
Trd, 000118.133, 161
Trd, 000118.350, 157
Trd, 000118.467, 162
Trd, 000120.083, 165
Trd, 000120.783, 161
Trd, 000121.133, 167
Trd, 000122.400, 171
Trd, 000122.567, 174
Trd, 000122.600, 179
Trd, 000123.300, 201
Trd, 000123.700, 205
Trd, 000124.200, 324.0
Trd, 000124.850, 319
Trd, 000125.400, 327.0
Trd, 000126.017, 349
Trd, 000126.767, 348
Trd, 000127.717, 349
Trd, 000128.167, 351
Trd, 000128.200, 343
Trd, 000128.467, 345
Trd, 000128.733, 345
Trd, 000131.817, 343
Trd, 000132.083, 350
Trd, 000132.633, 351
Trd, 000133.600, 355.0
Trd, 000135.533, 353.0
Trd, 000135.550, 351.0
Trd, 000136.150, 352
Trd, 000136.333, 351.0
Trd, 000137.333, 347
Trd, 000137.500, 351
Trd, 000137.967, 348.0
Trd, 000138.483, 347
Trd, 000138.933, 335.0
Trd, 000140.000, 338
Trd, 000140.017, 337.0
Trd, 000141.200, 341
Trd, 000141.800, 342
Trd, 000143.133, 340
Trd, 000144.933, 341
Trd, 000145.033, 342
Trd, 000145.150, 337.0
Trd, 000145.267, 340
Trd, 000145.450, 336
Trd, 000147.200, 336.0
Trd, 000147.467, 339
Trd, 000148.717, 344
Trd, 000149.300, 337
Trd, 000149.583, 334.0
Trd, 000150.583, 343
Trd, 000152.783, 344
Trd, 000153.017, 344
Trd, 000154.050, 345
Trd, 000155.133, 347
Trd, 000156.433, 348.0
Trd, 000158.017, 347
Trd, 000158.400, 349
Trd, 000159.050, 353
Trd, 000160.350, 351
Trd, 000161.433, 350
Trd, 000161.500, 349
Trd, 000161.783, 348
Trd, 000163.650, 348.0
Trd, 000163.683, 346
Trd, 000163.767, 350
Trd, 000164.633, 350
Trd, 000164.933, 349
Trd, 000166.050, 345
Trd, 000167.300, 342
Trd, 000167.567, 345
Trd, 000167.783, 342.0
Trd, 000168.067, 346
Trd, 000168.983, 345.0
Trd, 000169.600, 341
Trd, 000170.233, 341
Trd, 000170.933, 340
Trd, 000171.617, 345
Trd, 000172.883, 346
Trd, 000174.433, 347
Trd, 000175.233, 348
Trd, 000175.733, 345
Trd, 000175.833, 342
Trd, 000176.467, 342
Trd, 000177.950, 342
Trd, 000178.517, 346
Trd, 000181.033, 349
Trd, 000181.217, 349
Trd, 000181.250, 348
Trd, 000181.617, 347
Trd, 000182.483, 346
Trd, 000182.883, 341.0
Trd, 000183.633, 350
Trd, 000183.850, 337.0
Trd, 000184.050, 334.0
Trd, 000184.383, 323
Trd, 000184.633, 319
Trd, 000184.650, 186
Trd, 000185.683, 188
Trd, 000187.017, 191
Trd, 000187.117, 183
Trd, 000187.183, 169
Trd, 000187.733, 169
Trd, 000187.867, 166
Trd, 000189.600, 167
Trd, 000190.567, 170
Trd, 000190.867, 168
Trd, 000191.883, 170
Trd, 000192.283, 170
Trd, 000192.333, 170
Trd, 000193.917, 174
Trd, 000194.167, 174
Trd, 000197.067, 174
Trd, 000197.383, 173
Trd, 000197.783, 172
Trd, 000198.033, 173
Trd, 000198.617, 171
Trd, 000199.033, 170
Trd, 000200.267, 170
Trd, 000201.033, 171
Trd, 000201.500, 171
Trd, 000202.567, 171
Trd, 000203.033, 172
Trd, 000204.550, 171
Trd, 000206.317, 173
Trd, 000207.150, 176
Trd, 000207.350, 175
Trd, 000208.167, 187
Trd, 000209.067, 173
Trd, 000210.233, 174
Trd, 000210.867, 173
Trd, 000211.167, 171
Trd, 000211.650, 171
Trd, 000212.983, 170
Trd, 000214.300, 172
Trd, 000214.633, 172
Trd, 000215.350, 173
Trd, 000216.433, 173
Trd, 000216.550, 172
Trd, 000216.600, 171
Trd, 000217.883, 174
Trd, 000218.083, 176
Trd, 000219.183, 174
Trd, 000219.250, 173
Trd, 000219.667, 176
Trd, 000219.817, 177
Trd, 000220.167, 175
Trd, 000221.967, 176
Trd, 000222.367, 175
Trd, 000223.883, 175
Trd, 000224.050, 173
Trd, 000225.000, 175
Trd, 000225.633, 175
Trd, 000226.500, 173
Trd, 000226.983, 173
Trd, 000227.767, 174
Trd, 000228.233, 173
Trd, 000229.250, 172
Trd, 000229.367, 172
Trd, 000229.633, 163
Trd, 000230.250, 172
Trd, 000231.167, 172
Trd, 000232.817, 181
Trd, 000233.567, 178
Trd, 000235.000, 171
Trd, 000235.200, 164
Trd, 000235.983, 176
Trd, 000236.400, 174
Trd, 000237.933, 177
Trd, 000238.183, 174
Trd, 000239.350, 179
Trd, 000240.517, 175
Trd, 000240.583, 174
Trd, 000240.633, 176
Trd, 000241.033, 178
Trd, 000241.217, 178
Trd, 000241.850, 178
Trd, 000241.883, 176
Trd, 000242.617, 175
Trd, 000242.683, 174
Trd, 000242.767, 176
Trd, 000244.000, 176
Trd, 000244.167, 176
Trd, 000244.283, 178
Trd, 000245.567, 178
Trd, 000245.967, 175
Trd, 000246.200, 174
Trd, 000247.433, 174
Trd, 000247.483, 175
Trd, 000248.117, 174
Trd, 000249.400, 175
Trd, 000249.467, 172
Trd, 000249.833, 174
Trd, 000250.250, 177
Trd, 000250.583, 176
Trd, 000250.617, 178
Trd, 000250.967, 180
Trd, 000251.950, 181
Trd, 000252.500, 181
Trd, 000253.050, 180
Trd, 000253.550, 180
Trd, 000253.917, 180
Trd, 000254.400, 181
Trd, 000255.617, 185
Trd, 000255.833, 185
Trd, 000256.250, 178
Trd, 000256.617, 181
Trd, 000256.650, 176
Trd, 000257.500, 181
Trd, 000258.433, 182
Trd, 000258.900, 182
Trd, 000259.017, 176
Trd, 000259.283, 174
Trd, 000259.650, 181
Trd, 000259.667, 174
Trd, 000260.200, 179
Trd, 000261.133, 179
Trd, 000262.083, 178
Trd, 000262.233, 180
Trd, 000262.767, 188
Trd, 000262.783, 179
Trd, 000263.183, 180
Trd, 000264.367, 184
Trd, 000264.600, 184
Trd, 000265.100, 186
Trd, 000265.267, 186
Trd, 000265.717, 182
Trd, 000266.300, 185
Trd, 000267.000, 182
Trd, 000267.767, 180
Trd, 000267.817, 178
Trd, 000268.517, 182
Trd, 000268.767, 179
Trd, 000269.100, 179
Trd, 000269.550, 180
Trd, 000271.083, 179
Trd, 000271.183, 180
Trd, 000272.117, 178
Trd, 000272.283, 178
Trd, 000272.483, 177
Trd, 000272.750, 176
Trd, 000274.117, 176
Trd, 000274.483, 180
Trd, 000274.933, 179
Trd, 000275.983, 182
Trd, 000276.083, 185
Trd, 000276.167, 177
Trd, 000276.967, 168
Trd, 000277.467, 176
Trd, 000277.500, 178
Trd, 000278.633, 178
Trd, 000278.717, 184
Trd, 000279.767, 185
Trd, 000279.833, 186
Trd, 000280.317, 184
Trd, 000280.533, 181
Trd, 000280.967, 187
Trd, 000281.483, 183
Trd, 000282.367, 183
Trd, 000282.967, 183
Trd, 000283.900, 181
Trd, 000284.667, 180
Trd, 000285.383, 183
Trd, 000285.633, 179
Trd, 000285.733, 186
Trd, 000285.900, 179
Trd, 000286.517, 184
Trd, 000287.133, 185
Trd, 000287.667, 181
Trd, 000288.200, 181
Trd, 000288.450, 184
Trd, 000289.083, 180
Trd, 000289.883, 186
Trd, 000290.033, 184
Trd, 000290.517, 182
Trd, 000291.833, 184
Trd, 000293.917, 181
Trd, 000294.200, 180
Trd, 000294.900, 180
Trd, 000295.367, 183
Trd, 000295.467, 179
Trd, 000296.483, 184
Trd, 000296.633, 184
Trd, 000296.650, 185
Trd, 000296.667, 179
Trd, 000297.250, 180
Trd, 000297.500, 166
Trd, 000297.650, 186
Trd, 000299.383, 178
