Trd, 000002.333, 171
Trd, 000002.533, 157
Trd, 000003.067, 158
Trd, 000003.283, 194
Trd, 000003.467, 151
Trd, 000004.550, 142
Trd, 000004.833, 128
Trd, 000005.567, 132
Trd, 000005.600, 134
Trd, 000005.900, 144
Trd, 000006.117, 148
Trd, 000007.200, 148
Trd, 000007.400, 148
Trd, 000008.433, 145
Trd, 000009.200, 145
Trd, 000009.367, 147
Trd, 000009.450, 128
Trd, 000009.633, 146
Trd, 000011.017, 143
Trd, 000011.933, 145
Trd, 000012.000, 143
Trd, 000012.167, 142
Trd, 000012.567, 145
Trd, 000013.667, 149
Trd, 000014.933, 146
Trd, 000015.350, 146
Trd, 000015.900, 147
Trd, 000016.500, 147
Trd, 000016.917, 148
Trd, 000017.283, 150
Trd, 000018.733, 149
Trd, 000018.950, 158
Trd, 000019.050, 155
Trd, 000019.283, 150
Trd, 000020.083, 155
Trd, 000020.317, 153
Trd, 000020.433, 155
Trd, 000020.567, 150
Trd, 000021.117, 150
Trd, 000022.333, 152
Trd, 000022.550, 151
Trd, 000022.650, 151
Trd, 000023.350, 151
Trd, 000023.667, 150
Trd, 000024.333, 152
Trd, 000024.883, 150
Trd, 000025.150, 149
Trd, 000025.717, 151
Trd, 000026.133, 146
Trd, 000026.517, 148
Trd, 000026.683, 157
Trd, 000026.750, 147
Trd, 000027.850, 152
Trd, 000028.117, 154
Trd, 000028.333, 156
Trd, 000028.517, 155
Trd, 000029.583, 156
Trd, 000030.233, 154
Trd, 000030.683, 153
Trd, 000031.067, 147
Trd, 000031.450, 154
Trd, 000031.917, 155
Trd, 000032.850, 152
Trd, 000033.917, 154
Trd, 000034.150, 155
Trd, 000035.467, 153
Trd, 000035.650, 153
Trd, 000035.700, 155
Trd, 000035.967, 153
Trd, 000037.067, 151
Trd, 000037.367, 155
Trd, 000037.767, 149
Trd, 000037.883, 156
Trd, 000039.250, 154
Trd, 000040.067, 154
Trd, 000040.417, 149
Trd, 000040.583, 148
Trd, 000040.867, 156
Trd, 000041.800, 147
Trd, 000042.150, 147
Trd, 000042.283, 148
Trd, 000042.400, 146
Trd, 000043.100, 160
Trd, 000043.500, 148
Trd, 000044.167, 158
Trd, 000044.333, 162
Trd, 000045.283, 151
Trd, 000045.333, 150
Trd, 000045.600, 145
Trd, 000045.950, 159
Trd, 000046.300, 153
Trd, 000047.350, 156
Trd, 000047.417, 149
Trd, 000047.767, 161
Trd, 000048.033, 162
Trd, 000048.767, 149
Trd, 000048.833, 149
Trd, 000049.283, 157
Trd, 000049.483, 158
Trd, 000049.933, 159
Trd, 000049.950, 156
Trd, 000051.267, 154
Trd, 000051.417, 146
Trd, 000051.733, 156
Trd, 000052.083, 157
Trd, 000052.100, 160
Trd, 000052.517, 158
Trd, 000053.250, 156
Trd, 000053.317, 159
Trd, 000054.150, 153
Trd, 000054.867, 150
Trd, 000055.017, 159
Trd, 000055.367, 163
Trd, 000056.100, 140
Trd, 000057.133, 148
Trd, 000058.250, 147
Trd, 000059.083, 149
Trd, 000059.217, 149
Trd, 000059.967, 155
Trd, 000060.317, 152
Trd, 000060.600, 152
Trd, 000061.050, 152
Trd, 000061.100, 151
Trd, 000061.267, 159
Trd, 000061.767, 163
Trd, 000062.033, 162
Trd, 000062.700, 148
Trd, 000064.283, 140
Trd, 000064.650, 153
Trd, 000065.017, 149
Trd, 000066.200, 152
Trd, 000066.567, 158
Trd, 000066.933, 148
Trd, 000067.233, 161
Trd, 000067.467, 161
Trd, 000067.600, 164
Trd, 000067.983, 158
Trd, 000068.100, 147
Trd, 000068.283, 162
Trd, 000069.967, 158
Trd, 000070.500, 161
Trd, 000070.667, 161
Trd, 000071.117, 152
Trd, 000071.317, 161
Trd, 000071.717, 154
Trd, 000072.117, 152
Trd, 000072.733, 153
Trd, 000073.650, 156
Trd, 000073.767, 155
Trd, 000074.233, 155
Trd, 000075.717, 154
Trd, 000076.367, 155
Trd, 000076.417, 155
Trd, 000076.933, 155
Trd, 000077.017, 157
Trd, 000077.450, 152
Trd, 000077.600, 162
Trd, 000078.233, 159
Trd, 000079.017, 158
Trd, 000079.633, 162
Trd, 000080.017, 156
Trd, 000080.100, 149
Trd, 000081.083, 153
Trd, 000081.633, 161
Trd, 000082.583, 160
Trd, 000082.817, 160
Trd, 000082.933, 159
Trd, 000083.533, 158
Trd, 000084.400, 159
Trd, 000084.550, 160
Trd, 000084.567, 158
Trd, 000084.667, 152
Trd, 000084.700, 150
Trd, 000084.967, 159
Trd, 000085.700, 155
Trd, 000085.717, 164
Trd, 000086.583, 163
Trd, 000087.267, 154
Trd, 000088.517, 163
Trd, 000089.100, 162
Trd, 000090.250, 160
Trd, 000090.567, 167
Trd, 000090.750, 163
Trd, 000091.733, 162
Trd, 000092.033, 160
Trd, 000092.100, 162
Trd, 000092.883, 161
Trd, 000093.383, 160
Trd, 000093.583, 159
Trd, 000094.200, 161
Trd, 000094.667, 161
Trd, 000094.733, 160
Trd, 000094.983, 160
Trd, 000095.133, 161
Trd, 000095.600, 160
Trd, 000095.767, 164
Trd, 000096.833, 160
Trd, 000097.717, 161
Trd, 000098.150, 162
Trd, 000099.667, 162
Trd, 000100.083, 162
Trd, 000100.783, 161
Trd, 000101.267, 162
Trd, 000101.367, 168
Trd, 000101.533, 160
Trd, 000101.950, 162
Trd, 000103.167, 164
Trd, 000103.317, 161
Trd, 000103.933, 164
Trd, 000104.000, 168
Trd, 000104.283, 168
Trd, 000104.900, 181
Trd, 000105.067, 172
Trd, 000105.467, 174
Trd, 000106.017, 171
Trd, 000106.483, 172
Trd, 000106.867, 169
Trd, 000106.900, 168
Trd, 000107.183, 172
Trd, 000108.100, 169
Trd, 000108.800, 169
Trd, 000109.350, 161
Trd, 000109.983, 169
Trd, 000110.117, 168
Trd, 000110.250, 166
Trd, 000111.500, 169
Trd, 000111.783, 169
Trd, 000111.817, 170
Trd, 000112.583, 167
Trd, 000112.667, 164
Trd, 000113.683, 162
Trd, 000114.150, 163
Trd, 000115.367, 161
Trd, 000115.517, 158
Trd, 000115.667, 162
Trd, 000115.850, 163
Trd, 000116.417, 163
Trd, 000116.650, 156
Trd, 000116.833, 155
Trd, 000116.917, 152
Trd, 000117.933, 164
Trd, 000118.083, 163
Trd, 000118.283, 157
Trd, 000118.850, 165
Trd, 000119.050, 167
Trd, 000119.833, 160
Trd, 000120.683, 167
Trd, 000121.400, 165
Trd, 000121.867, 164
Trd, 000122.433, 165
Trd, 000123.017, 169
Trd, 000123.183, 170
Trd, 000123.483, 184
Trd, 000123.700, 205
Trd, 000123.767, 208
Trd, 000123.917, 317.0
Trd, 000124.500, 330
Trd, 000125.017, 334.0
Trd, 000125.183, 347
Trd, 000125.333, 344.0
Trd, 000126.967, 344
Trd, 000127.183, 348
Trd, 000129.033, 341
Trd, 000129.217, 341
Trd, 000129.267, 340
Trd, 000129.300, 343
Trd, 000129.900, 363
Trd, 000129.967, 362
Trd, 000130.083, 358.0
Trd, 000130.350, 358
Trd, 000130.700, 358
Trd, 000131.750, 352.0
Trd, 000133.533, 353
Trd, 000133.750, 353.0
Trd, 000133.967, 352.0
Trd, 000134.350, 358.0
Trd, 000135.367, 352
Trd, 000135.750, 351.0
Trd, 000136.050, 354
Trd, 000136.167, 356
Trd, 000137.717, 353
Trd, 000138.267, 356
Trd, 000138.783, 354
Trd, 000139.050, 346
Trd, 000139.167, 346
Trd, 000140.067, 354
Trd, 000140.950, 351.0
Trd, 000141.250, 354
Trd, 000141.550, 351
Trd, 000141.683, 350
Trd, 000142.633, 352
Trd, 000143.533, 351.0
Trd, 000144.517, 349
Trd, 000145.333, 353
Trd, 000145.367, 344
Trd, 000146.600, 349
Trd, 000147.900, 352
Trd, 000148.083, 351
Trd, 000148.700, 353
Trd, 000148.783, 344.0
Trd, 000149.100, 343
Trd, 000149.483, 341.0
Trd, 000149.533, 354
Trd, 000149.783, 356
Trd, 000150.617, 341
Trd, 000151.133, 353.0
Trd, 000151.983, 352.0
Trd, 000152.267, 352
Trd, 000152.550, 351.0
Trd, 000153.067, 356
Trd, 000154.133, 354
Trd, 000154.267, 356
Trd, 000154.550, 344.0
Trd, 000155.433, 351.0
Trd, 000156.283, 353.0
Trd, 000156.650, 350.0
Trd, 000157.117, 353
Trd, 000158.417, 352.0
Trd, 000158.717, 353
Trd, 000159.050, 351.0
Trd, 000159.533, 352
Trd, 000160.117, 352
Trd, 000160.383, 348
Trd, 000161.117, 355
Trd, 000161.200, 345.0
Trd, 000161.400, 344
Trd, 000161.650, 344.0
Trd, 000163.200, 348
Trd, 000163.567, 346
Trd, 000164.167, 347
Trd, 000164.217, 345.0
Trd, 000164.667, 346
Trd, 000164.733, 345.0
Trd, 000166.000, 347
Trd, 000166.233, 344.0
Trd, 000166.783, 346
Trd, 000167.300, 346
Trd, 000168.633, 344.0
Trd, 000168.883, 349
Trd, 000169.517, 349
Trd, 000169.667, 345
Trd, 000170.050, 350
Trd, 000171.217, 345.0
Trd, 000171.283, 344.0
Trd, 000171.950, 351
Trd, 000172.867, 352
Trd, 000173.683, 351.0
Trd, 000173.983, 353
Trd, 000174.383, 341.0
Trd, 000174.867, 334.0
Trd, 000175.867, 332
Trd, 000176.150, 333
Trd, 000176.717, 343.0
Trd, 000176.733, 331
Trd, 000177.083, 344.0
Trd, 000178.817, 334.0
Trd, 000179.300, 341
Trd, 000179.667, 332
Trd, 000179.983, 340
Trd, 000181.083, 332
Trd, 000181.867, 330
Trd, 000181.950, 327
Trd, 000182.517, 306.0
Trd, 000182.600, 337
Trd, 000182.833, 221
Trd, 000183.183, 211
Trd, 000183.600, 199
Trd, 000183.783, 190
Trd, 000184.817, 218
Trd, 000184.917, 178
Trd, 000185.733, 176
Trd, 000185.867, 173
Trd, 000186.467, 170
Trd, 000186.517, 169
Trd, 000187.183, 162
Trd, 000187.317, 159
Trd, 000187.967, 162
Trd, 000188.267, 174
Trd, 000188.650, 170
Trd, 000189.117, 171
Trd, 000190.417, 172
Trd, 000192.350, 167
Trd, 000193.050, 169
Trd, 000194.100, 167
Trd, 000194.283, 167
Trd, 000194.333, 168
Trd, 000194.817, 170
Trd, 000195.783, 171
Trd, 000196.050, 173
Trd, 000196.283, 175
Trd, 000196.533, 176
Trd, 000196.800, 170
Trd, 000197.167, 169
Trd, 000197.683, 173
Trd, 000197.783, 171
Trd, 000199.433, 174
Trd, 000200.350, 175
Trd, 000201.033, 171
Trd, 000201.683, 174
Trd, 000201.833, 175
Trd, 000202.017, 171
Trd, 000203.233, 178
Trd, 000203.567, 191
Trd, 000203.717, 175
Trd, 000205.000, 180
Trd, 000205.517, 178
Trd, 000205.850, 171
Trd, 000206.333, 179
Trd, 000206.817, 168
Trd, 000207.633, 177
Trd, 000207.917, 169
Trd, 000208.217, 179
Trd, 000209.083, 171
Trd, 000209.133, 170
Trd, 000210.617, 172
Trd, 000210.683, 174
Trd, 000210.767, 172
Trd, 000211.533, 172
Trd, 000211.800, 172
Trd, 000212.483, 172
Trd, 000212.900, 171
Trd, 000212.950, 162
Trd, 000213.200, 172
Trd, 000215.883, 169
Trd, 000216.467, 170
Trd, 000216.750, 170
Trd, 000216.883, 168
Trd, 000217.267, 168
Trd, 000217.283, 169
Trd, 000217.400, 170
Trd, 000217.783, 176
Trd, 000218.550, 174
Trd, 000218.583, 170
Trd, 000220.150, 169
Trd, 000220.383, 170
Trd, 000220.683, 173
Trd, 000221.017, 169
Trd, 000221.167, 174
Trd, 000221.767, 170
Trd, 000222.900, 172
Trd, 000223.433, 170
Trd, 000223.467, 169
Trd, 000223.483, 173
Trd, 000223.750, 177
Trd, 000224.017, 180
Trd, 000225.250, 176
Trd, 000226.217, 173
Trd, 000226.350, 175
Trd, 000227.183, 174
Trd, 000227.550, 176
Trd, 000227.900, 176
Trd, 000227.933, 177
Trd, 000228.900, 179
Trd, 000229.117, 178
Trd, 000229.133, 177
Trd, 000229.433, 181
Trd, 000229.500, 176
Trd, 000230.100, 175
Trd, 000231.533, 193
Trd, 000232.533, 176
Trd, 000233.433, 181
Trd, 000235.333, 184
Trd, 000235.433, 180
Trd, 000235.617, 177
Trd, 000235.867, 176
Trd, 000236.517, 177
Trd, 000236.700, 179
Trd, 000237.267, 178
Trd, 000237.867, 177
Trd, 000238.633, 175
Trd, 000238.933, 176
Trd, 000239.083, 176
Trd, 000239.933, 176
Trd, 000240.000, 179
Trd, 000240.067, 176
Trd, 000240.633, 172
Trd, 000240.817, 173
Trd, 000241.017, 175
Trd, 000241.267, 172
Trd, 000242.833, 173
Trd, 000242.950, 173
Trd, 000243.133, 175
Trd, 000243.567, 172
Trd, 000244.050, 170
Trd, 000244.717, 173
Trd, 000245.083, 166
Trd, 000245.417, 175
Trd, 000245.650, 172
Trd, 000245.767, 165
Trd, 000246.433, 156
Trd, 000246.567, 169
Trd, 000246.583, 170
Trd, 000247.167, 173
Trd, 000247.783, 178
Trd, 000248.783, 176
Trd, 000249.317, 179
Trd, 000249.817, 180
Trd, 000250.117, 179
Trd, 000250.633, 179
Trd, 000250.700, 183
Trd, 000250.733, 178
Trd, 000251.000, 176
Trd, 000251.317, 176
Trd, 000252.050, 175
Trd, 000252.517, 173
Trd, 000252.967, 176
Trd, 000253.233, 172
Trd, 000254.550, 171
Trd, 000254.883, 170
Trd, 000254.950, 169
Trd, 000256.200, 171
Trd, 000256.367, 170
Trd, 000256.967, 173
Trd, 000257.117, 174
Trd, 000257.350, 173
Trd, 000257.417, 175
Trd, 000257.433, 176
Trd, 000257.450, 167
Trd, 000258.483, 177
Trd, 000259.167, 168
Trd, 000259.450, 169
Trd, 000259.783, 170
Trd, 000259.900, 170
Trd, 000260.100, 174
Trd, 000260.183, 182
Trd, 000260.717, 186
Trd, 000261.433, 177
Trd, 000261.683, 176
Trd, 000262.467, 172
Trd, 000262.983, 178
Trd, 000263.133, 170
Trd, 000263.317, 179
Trd, 000263.400, 169
Trd, 000264.117, 169
Trd, 000265.583, 168
Trd, 000265.750, 162
Trd, 000265.917, 165
Trd, 000266.283, 168
Trd, 000266.633, 165
Trd, 000266.933, 170
Trd, 000267.067, 177
Trd, 000267.767, 177
Trd, 000268.017, 169
Trd, 000268.150, 178
Trd, 000268.500, 175
Trd, 000269.483, 174
Trd, 000269.800, 170
Trd, 000270.217, 175
Trd, 000270.617, 172
Trd, 000270.683, 174
Trd, 000271.083, 175
Trd, 000271.200, 171
Trd, 000271.433, 168
Trd, 000273.033, 168
Trd, 000273.600, 171
Trd, 000274.133, 170
Trd, 000274.183, 172
Trd, 000274.817, 170
Trd, 000274.950, 171
Trd, 000275.217, 169
Trd, 000275.433, 169
Trd, 000275.850, 172
Trd, 000275.883, 174
Trd, 000276.067, 175
Trd, 000277.117, 169
Trd, 000277.450, 166
Trd, 000278.217, 169
Trd, 000278.317, 175
Trd, 000279.667, 168
Trd, 000280.417, 169
Trd, 000280.767, 169
Trd, 000281.317, 170
Trd, 000281.517, 170
Trd, 000281.867, 169
Trd, 000282.033, 172
Trd, 000282.583, 174
Trd, 000282.717, 176
Trd, 000282.800, 172
Trd, 000284.317, 174
Trd, 000284.667, 175
Trd, 000284.767, 175
Trd, 000285.167, 176
Trd, 000285.967, 172
Trd, 000286.417, 179
Trd, 000286.900, 180
Trd, 000287.400, 184
Trd, 000288.317, 186
Trd, 000288.500, 184
Trd, 000288.550, 187
Trd, 000289.083, 183
Trd, 000289.283, 183
Trd, 000289.333, 180
Trd, 000289.683, 180
Trd, 000290.117, 173
Trd, 000290.833, 180
Trd, 000291.133, 180
Trd, 000291.317, 172
Trd, 000291.417, 170
Trd, 000291.767, 182
Trd, 000292.867, 163
Trd, 000293.150, 174
Trd, 000293.200, 172
Trd, 000293.217, 184
Trd, 000293.500, 187
Trd, 000293.800, 161
Trd, 000293.867, 173
Trd, 000294.100, 172
Trd, 000294.583, 184
Trd, 000294.800, 196
Trd, 000295.150, 187
Trd, 000295.417, 187
Trd, 000295.550, 178
Trd, 000295.967, 170
Trd, 000296.483, 181
Trd, 000296.650, 183
Trd, 000297.200, 177
Trd, 000297.267, 181
Trd, 000297.450, 175
Trd, 000297.533, 186
Trd, 000298.000, 187
Trd, 000298.583, 160
Trd, 000299.683, 188
