Trd, 000002.350, 189
Trd, 000003.467, 186
Trd, 000003.683, 175
Trd, 000003.700, 165
Trd, 000003.900, 162
Trd, 000003.983, 158
Trd, 000004.800, 151
Trd, 000005.033, 155
Trd, 000005.267, 148
Trd, 000005.583, 137
Trd, 000005.667, 156
Trd, 000005.767, 158
Trd, 000006.767, 138
Trd, 000007.167, 147
Trd, 000007.250, 168
Trd, 000008.167, 147
Trd, 000008.617, 147
Trd, 000009.000, 139
Trd, 000009.267, 145
Trd, 000009.300, 149
Trd, 000009.717, 148
Trd, 000010.083, 154
Trd, 000010.917, 151
Trd, 000010.983, 150
Trd, 000011.300, 136
Trd, 000011.650, 137
Trd, 000012.300, 136
Trd, 000012.600, 149
Trd, 000012.700, 150
Trd, 000012.800, 172
Trd, 000012.883, 140
Trd, 000014.650, 135
Trd, 000014.767, 157
Trd, 000015.667, 148
Trd, 000016.133, 142
Trd, 000016.383, 140
Trd, 000016.900, 148
Trd, 000017.033, 149
Trd, 000018.050, 144
Trd, 000018.200, 139
Trd, 000018.517, 149
Trd, 000018.917, 147
Trd, 000019.350, 145
Trd, 000019.467, 151
Trd, 000019.983, 153
Trd, 000020.367, 171
Trd, 000020.467, 153
Trd, 000020.533, 139
Trd, 000021.517, 171
Trd, 000022.717, 163
Trd, 000022.850, 161
Trd, 000023.233, 164
Trd, 000023.300, 143
Trd, 000023.400, 141
Trd, 000023.733, 165
Trd, 000023.900, 136
Trd, 000023.983, 166
Trd, 000024.467, 167
Trd, 000025.150, 127
Trd, 000025.883, 159
Trd, 000026.333, 166
Trd, 000027.600, 154
Trd, 000027.800, 160
Trd, 000028.167, 161
Trd, 000028.300, 154
Trd, 000028.483, 151
Trd, 000029.317, 150
Trd, 000029.467, 161
Trd, 000029.700, 144
Trd, 000030.767, 157
Trd, 000031.883, 152
Trd, 000032.250, 154
Trd, 000032.350, 152
Trd, 000033.400, 152
Trd, 000033.767, 151
Trd, 000033.917, 151
Trd, 000034.100, 146
Trd, 000034.550, 150
Trd, 000034.783, 151
Trd, 000034.867, 140
Trd, 000035.800, 150
Trd, 000035.933, 151
Trd, 000036.250, 138
Trd, 000037.133, 146
Trd, 000038.117, 140
Trd, 000038.750, 141
Trd, 000038.917, 139
Trd, 000039.183, 139
Trd, 000039.800, 142
Trd, 000039.933, 143
Trd, 000039.983, 148
Trd, 000040.167, 171
Trd, 000040.383, 141
Trd, 000040.400, 160
Trd, 000040.483, 161
Trd, 000040.917, 141
Trd, 000041.050, 160
Trd, 000041.500, 169
Trd, 000042.017, 179
Trd, 000042.600, 160
Trd, 000043.817, 157
Trd, 000044.117, 157
Trd, 000044.967, 147
Trd, 000045.150, 154
Trd, 000045.567, 155
Trd, 000046.533, 152
Trd, 000046.650, 148
Trd, 000046.817, 151
Trd, 000047.067, 148
Trd, 000048.117, 149
Trd, 000048.567, 148
Trd, 000048.933, 149
Trd, 000048.967, 149
Trd, 000049.750, 131
Trd, 000049.817, 147
Trd, 000049.850, 152
Trd, 000050.117, 178
Trd, 000050.267, 155
Trd, 000050.467, 154
Trd, 000051.583, 146
Trd, 000052.350, 152
Trd, 000052.383, 142
Trd, 000052.883, 154
Trd, 000053.083, 142
Trd, 000053.133, 154
Trd, 000053.767, 152
Trd, 000054.917, 153
Trd, 000055.333, 153
Trd, 000055.500, 153
Trd, 000055.833, 153
Trd, 000056.050, 152
Trd, 000056.117, 148
Trd, 000056.333, 173
Trd, 000056.800, 142
Trd, 000057.567, 181
Trd, 000058.467, 158
Trd, 000058.700, 159
Trd, 000059.600, 157
Trd, 000059.717, 156
Trd, 000060.117, 155
Trd, 000060.417, 158
Trd, 000061.617, 149
Trd, 000062.233, 160
Trd, 000062.817, 157
Trd, 000062.850, 158
Trd, 000064.233, 156
Trd, 000064.450, 158
Trd, 000064.683, 154
Trd, 000065.467, 154
Trd, 000065.650, 155
Trd, 000065.683, 154
Trd, 000066.183, 156
Trd, 000066.250, 143
Trd, 000066.333, 140
Trd, 000066.350, 156
Trd, 000066.983, 141
Trd, 000067.133, 154
Trd, 000068.517, 153
Trd, 000068.917, 145
Trd, 000069.267, 154
Trd, 000069.950, 146
Trd, 000070.467, 147
Trd, 000070.883, 146
Trd, 000071.067, 131
Trd, 000071.983, 149
Trd, 000072.217, 152
Trd, 000073.533, 149
Trd, 000073.783, 154
Trd, 000073.867, 146
Trd, 000074.000, 155
Trd, 000075.833, 152
Trd, 000076.467, 174
Trd, 000076.567, 174
Trd, 000077.167, 148
Trd, 000077.700, 154
Trd, 000078.650, 151
Trd, 000078.883, 157
Trd, 000079.433, 149
Trd, 000079.650, 146
Trd, 000080.117, 145
Trd, 000080.817, 155
Trd, 000080.867, 148
Trd, 000081.100, 157
Trd, 000081.300, 142
Trd, 000081.433, 154
Trd, 000081.700, 127
Trd, 000082.133, 151
Trd, 000082.250, 151
Trd, 000083.117, 152
Trd, 000083.667, 143
Trd, 000084.983, 142
Trd, 000085.317, 145
Trd, 000085.600, 146
Trd, 000085.683, 146
Trd, 000086.183, 146
Trd, 000087.050, 149
Trd, 000087.183, 152
Trd, 000087.267, 149
Trd, 000087.450, 152
Trd, 000087.850, 156
Trd, 000087.883, 147
Trd, 000088.150, 157
Trd, 000089.000, 177
Trd, 000090.050, 188
Trd, 000090.467, 153
Trd, 000092.100, 158
Trd, 000092.433, 147
Trd, 000092.600, 146
Trd, 000092.883, 155
Trd, 000093.667, 150
Trd, 000093.700, 152
Trd, 000093.750, 153
Trd, 000093.800, 154
Trd, 000094.217, 145
Trd, 000094.467, 151
Trd, 000095.517, 152
Trd, 000095.833, 150
Trd, 000096.233, 150
Trd, 000096.400, 152
Trd, 000096.983, 153
Trd, 000097.617, 148
Trd, 000098.283, 146
Trd, 000098.867, 153
Trd, 000099.067, 151
Trd, 000099.533, 150
Trd, 000099.933, 150
Trd, 000100.183, 152
Trd, 000100.200, 153
Trd, 000101.317, 153
Trd, 000101.467, 154
Trd, 000101.983, 147
Trd, 000102.133, 144
Trd, 000102.333, 142
Trd, 000102.533, 154
Trd, 000103.283, 136
Trd, 000103.617, 154
Trd, 000103.767, 185
Trd, 000104.733, 164
Trd, 000105.283, 163
Trd, 000105.317, 182
Trd, 000105.667, 162
Trd, 000105.750, 159
Trd, 000108.350, 162
Trd, 000108.683, 164
Trd, 000109.633, 164
Trd, 000110.000, 181
Trd, 000110.133, 164
Trd, 000110.450, 159
Trd, 000110.467, 183
Trd, 000110.667, 154
Trd, 000110.950, 148
Trd, 000111.533, 159
Trd, 000111.617, 148
Trd, 000112.250, 154
Trd, 000112.300, 157
Trd, 000112.333, 159
Trd, 000113.267, 138
Trd, 000113.400, 153
Trd, 000113.450, 155
Trd, 000113.583, 159
Trd, 000114.650, 145
Trd, 000115.350, 152
Trd, 000116.183, 153
Trd, 000116.867, 155
Trd, 000116.933, 150
Trd, 000117.333, 156
Trd, 000117.650, 149
Trd, 000119.250, 149
Trd, 000119.550, 156
Trd, 000119.583, 157
Trd, 000120.150, 157
Trd, 000120.567, 161
Trd, 000121.783, 181
Trd, 000121.800, 157
Trd, 000121.933, 182
Trd, 000122.267, 185
Trd, 000122.567, 186
Trd, 000123.650, 316
Trd, 000124.400, 324
Trd, 000124.750, 317.0
Trd, 000125.733, 322
Trd, 000125.817, 323
Trd, 000125.867, 318
Trd, 000125.883, 317
Trd, 000126.050, 315
Trd, 000126.300, 334.0
Trd, 000126.767, 344.0
Trd, 000126.917, 317.0
Trd, 000127.483, 324
Trd, 000128.067, 334
Trd, 000128.833, 340
Trd, 000129.333, 337
Trd, 000129.433, 338
Trd, 000129.450, 335.0
Trd, 000129.717, 341
Trd, 000129.983, 349
Trd, 000130.017, 335.0
Trd, 000130.500, 370
Trd, 000130.700, 335.0
Trd, 000131.533, 337
Trd, 000131.933, 332
Trd, 000131.983, 331
Trd, 000132.067, 383
Trd, 000133.817, 344
Trd, 000135.117, 340
Trd, 000135.617, 342
Trd, 000135.683, 343
Trd, 000136.283, 365
Trd, 000136.733, 349
Trd, 000136.867, 353
Trd, 000138.533, 348
Trd, 000138.850, 349
Trd, 000139.233, 351
Trd, 000139.800, 343
Trd, 000140.250, 341
Trd, 000140.583, 346
Trd, 000140.850, 347
Trd, 000141.250, 348
Trd, 000141.867, 342
Trd, 000142.033, 348
Trd, 000142.767, 340
Trd, 000142.817, 349
Trd, 000143.100, 340
Trd, 000143.367, 353
Trd, 000143.800, 337.0
Trd, 000144.500, 353
Trd, 000145.867, 318
Trd, 000146.750, 345
Trd, 000146.850, 345
Trd, 000147.250, 341
Trd, 000148.117, 368
Trd, 000148.417, 359
Trd, 000149.700, 343
Trd, 000150.067, 357
Trd, 000150.367, 340
Trd, 000150.467, 358
Trd, 000150.583, 337.0
Trd, 000151.150, 335.0
Trd, 000151.333, 335.0
Trd, 000153.217, 338
Trd, 000153.833, 334.0
Trd, 000154.983, 335
Trd, 000155.367, 336
Trd, 000155.817, 334
Trd, 000155.883, 335
Trd, 000156.150, 336
Trd, 000156.367, 336
Trd, 000156.600, 338
Trd, 000156.733, 339
Trd, 000156.867, 342
Trd, 000157.383, 348
Trd, 000158.350, 336
Trd, 000158.717, 334
Trd, 000159.450, 341
Trd, 000160.000, 341
Trd, 000160.383, 342
Trd, 000160.467, 334.0
Trd, 000160.483, 344.0
Trd, 000161.467, 327
Trd, 000161.833, 326
Trd, 000163.250, 335
Trd, 000163.267, 339
Trd, 000164.350, 338
Trd, 000164.383, 348
Trd, 000165.083, 337.0
Trd, 000165.433, 338
Trd, 000165.933, 341
Trd, 000166.067, 337
Trd, 000166.833, 338
Trd, 000167.250, 338
Trd, 000167.600, 338
Trd, 000168.050, 337
Trd, 000168.217, 337
Trd, 000168.750, 337
Trd, 000168.767, 342.0
Trd, 000169.617, 341
Trd, 000170.283, 344.0
Trd, 000170.333, 348
Trd, 000170.483, 368
Trd, 000170.983, 337
Trd, 000171.350, 349
Trd, 000171.767, 349
Trd, 000172.733, 366
Trd, 000173.400, 357
Trd, 000173.917, 337.0
Trd, 000174.867, 342
Trd, 000175.050, 336.0
Trd, 000175.233, 344
Trd, 000175.450, 342
Trd, 000175.900, 343.0
Trd, 000176.633, 338.0
Trd, 000177.967, 341
Trd, 000178.083, 337
Trd, 000178.433, 336
Trd, 000178.567, 343.0
Trd, 000180.167, 336
Trd, 000180.233, 342
Trd, 000180.267, 343
Trd, 000180.317, 334
Trd, 000180.850, 346
Trd, 000181.533, 335.0
Trd, 000181.867, 334.0
Trd, 000181.917, 334
Trd, 000182.400, 320
Trd, 000182.517, 319
Trd, 000182.567, 318
Trd, 000182.583, 317.0
Trd, 000183.317, 308
Trd, 000184.167, 252
Trd, 000184.367, 207
Trd, 000184.717, 200
Trd, 000185.017, 197
Trd, 000185.233, 180
Trd, 000185.417, 193
Trd, 000185.817, 187
Trd, 000186.400, 204
Trd, 000187.017, 201
Trd, 000187.267, 176
Trd, 000188.183, 208
Trd, 000189.167, 198
Trd, 000190.550, 194
Trd, 000190.633, 194
Trd, 000190.700, 173
Trd, 000190.950, 158
Trd, 000191.033, 157
Trd, 000191.617, 167
Trd, 000193.483, 163
Trd, 000193.600, 163
Trd, 000193.883, 162
Trd, 000194.200, 165
Trd, 000194.717, 166
Trd, 000194.817, 162
Trd, 000194.983, 160
Trd, 000195.067, 160
Trd, 000196.133, 160
Trd, 000196.450, 162
Trd, 000197.250, 164
Trd, 000197.867, 163
Trd, 000197.933, 164
Trd, 000198.267, 159
Trd, 000198.500, 159
Trd, 000198.733, 163
Trd, 000200.333, 154
Trd, 000200.517, 159
Trd, 000200.617, 161
Trd, 000200.767, 147
Trd, 000200.983, 146
Trd, 000201.267, 162
Trd, 000201.383, 168
Trd, 000201.483, 155
Trd, 000201.517, 167
Trd, 000202.533, 158
Trd, 000204.250, 161
Trd, 000204.567, 163
Trd, 000204.883, 165
Trd, 000205.683, 163
Trd, 000206.133, 163
Trd, 000206.200, 164
Trd, 000206.450, 165
Trd, 000206.600, 168
Trd, 000206.933, 162
Trd, 000207.817, 162
Trd, 000208.000, 167
Trd, 000208.333, 161
Trd, 000208.383, 169
Trd, 000209.733, 160
Trd, 000210.683, 163
Trd, 000211.117, 162
Trd, 000211.133, 161
Trd, 000211.217, 162
Trd, 000211.333, 160
Trd, 000211.500, 162
Trd, 000211.883, 161
Trd, 000212.067, 162
Trd, 000214.333, 161
Trd, 000214.667, 162
Trd, 000214.817, 160
Trd, 000215.133, 162
Trd, 000215.417, 163
Trd, 000215.567, 165
Trd, 000216.517, 167
Trd, 000216.583, 168
Trd, 000217.467, 158
Trd, 000217.983, 161
Trd, 000218.800, 168
Trd, 000218.833, 164
Trd, 000219.233, 169
Trd, 000219.333, 169
Trd, 000219.750, 165
Trd, 000220.317, 164
Trd, 000220.550, 167
Trd, 000221.933, 164
Trd, 000221.967, 165
Trd, 000222.083, 166
Trd, 000222.300, 170
Trd, 000222.700, 192
Trd, 000223.317, 166
Trd, 000224.667, 177
Trd, 000224.750, 180
Trd, 000226.317, 173
Trd, 000226.350, 171
Trd, 000226.383, 174
Trd, 000226.900, 170
Trd, 000226.917, 168
Trd, 000226.983, 174
Trd, 000227.050, 166
Trd, 000227.067, 175
Trd, 000227.250, 176
Trd, 000229.117, 177
Trd, 000229.567, 167
Trd, 000229.667, 166
Trd, 000230.467, 173
Trd, 000231.950, 169
Trd, 000232.200, 167
Trd, 000232.500, 168
Trd, 000232.633, 169
Trd, 000233.533, 168
Trd, 000233.617, 166
Trd, 000233.650, 192
Trd, 000233.783, 181
Trd, 000235.000, 174
Trd, 000235.150, 180
Trd, 000235.500, 170
Trd, 000235.550, 168
Trd, 000236.233, 178
Trd, 000237.617, 166
Trd, 000238.867, 172
Trd, 000239.017, 166
Trd, 000239.417, 159
Trd, 000239.533, 172
Trd, 000240.483, 169
Trd, 000240.650, 166
Trd, 000240.717, 165
Trd, 000240.733, 164
Trd, 000241.017, 168
Trd, 000241.500, 168
Trd, 000241.833, 158
Trd, 000242.217, 168
Trd, 000242.250, 169
Trd, 000242.317, 169
Trd, 000242.333, 161
Trd, 000242.683, 171
Trd, 000243.583, 182
Trd, 000244.217, 169
Trd, 000245.533, 171
Trd, 000245.667, 173
Trd, 000245.717, 186
Trd, 000246.067, 170
Trd, 000246.400, 169
Trd, 000246.983, 175
Trd, 000247.100, 176
Trd, 000247.483, 191
Trd, 000247.933, 182
Trd, 000248.483, 189
Trd, 000248.600, 180
Trd, 000249.167, 178
Trd, 000249.350, 175
Trd, 000250.000, 176
Trd, 000250.250, 175
Trd, 000250.783, 176
Trd, 000250.883, 175
Trd, 000251.200, 176
Trd, 000251.500, 176
Trd, 000251.617, 174
Trd, 000252.050, 173
Trd, 000252.167, 177
Trd, 000252.633, 165
Trd, 000253.067, 187
Trd, 000253.267, 171
Trd, 000255.133, 177
Trd, 000255.350, 169
Trd, 000255.583, 176
Trd, 000255.800, 177
Trd, 000256.700, 171
Trd, 000256.733, 174
Trd, 000256.917, 176
Trd, 000256.933, 168
Trd, 000257.283, 178
Trd, 000257.483, 167
Trd, 000258.317, 167
Trd, 000258.383, 168
Trd, 000258.717, 173
Trd, 000258.750, 175
Trd, 000259.217, 167
Trd, 000260.083, 173
Trd, 000260.333, 180
Trd, 000261.000, 171
Trd, 000261.117, 169
Trd, 000261.517, 176
Trd, 000262.250, 167
Trd, 000262.600, 171
Trd, 000262.817, 174
Trd, 000263.117, 174
Trd, 000263.333, 174
Trd, 000263.850, 174
Trd, 000263.933, 173
Trd, 000264.733, 169
Trd, 000264.800, 175
Trd, 000264.883, 174
Trd, 000265.317, 167
Trd, 000265.517, 174
Trd, 000266.750, 175
Trd, 000267.267, 174
Trd, 000267.550, 176
Trd, 000267.983, 184
Trd, 000268.267, 185
Trd, 000268.350, 187
Trd, 000268.450, 189
Trd, 000268.750, 180
Trd, 000269.067, 176
Trd, 000269.500, 188
Trd, 000269.933, 170
Trd, 000270.117, 167
Trd, 000270.900, 174
Trd, 000270.917, 175
Trd, 000271.717, 170
Trd, 000271.817, 169
Trd, 000272.750, 169
Trd, 000273.417, 168
Trd, 000273.833, 168
Trd, 000274.300, 175
Trd, 000274.317, 164
Trd, 000274.933, 184
Trd, 000275.250, 173
Trd, 000275.817, 181
Trd, 000276.317, 174
Trd, 000276.783, 175
Trd, 000276.917, 176
Trd, 000277.750, 185
Trd, 000278.117, 182
Trd, 000278.333, 183
Trd, 000278.633, 186
Trd, 000279.267, 182
Trd, 000279.567, 182
Trd, 000279.717, 186
Trd, 000279.950, 187
Trd, 000280.117, 176
Trd, 000281.083, 179
Trd, 000281.117, 173
Trd, 000281.283, 172
Trd, 000281.367, 171
Trd, 000282.267, 177
Trd, 000282.833, 178
Trd, 000283.450, 177
Trd, 000283.850, 177
Trd, 000284.017, 174
Trd, 000284.050, 178
Trd, 000284.500, 174
Trd, 000284.667, 178
Trd, 000284.750, 179
Trd, 000284.800, 186
Trd, 000284.900, 171
Trd, 000285.067, 174
Trd, 000285.367, 195
Trd, 000285.917, 187
Trd, 000286.300, 187
Trd, 000286.617, 188
Trd, 000286.633, 186
Trd, 000287.133, 170
Trd, 000287.150, 190
Trd, 000288.233, 185
Trd, 000288.267, 165
Trd, 000288.400, 163
Trd, 000288.600, 166
Trd, 000289.533, 161
Trd, 000289.750, 178
Trd, 000290.433, 166
Trd, 000290.633, 177
Trd, 000290.833, 163
Trd, 000291.733, 180
Trd, 000291.917, 156
Trd, 000292.433, 176
Trd, 000293.133, 174
Trd, 000293.350, 175
Trd, 000293.800, 175
Trd, 000293.883, 179
Trd, 000294.517, 180
Trd, 000294.883, 183
Trd, 000294.950, 171
Trd, 000295.133, 190
Trd, 000295.250, 169
Trd, 000295.967, 188
Trd, 000296.200, 202
Trd, 000297.100, 187
Trd, 000297.733, 175
Trd, 000298.000, 214
Trd, 000298.067, 176
Trd, 000299.333, 174
