Trd, 000000.950, 156
Trd, 000001.000, 186
Trd, 000001.800, 157
Trd, 000002.817, 142
Trd, 000003.300, 193
Trd, 000004.200, 155
Trd, 000004.667, 143
Trd, 000004.900, 140
Trd, 000006.867, 151
Trd, 000006.883, 152
Trd, 000007.367, 145
Trd, 000007.883, 142
Trd, 000008.300, 150
Trd, 000009.667, 144
Trd, 000009.717, 143
Trd, 000009.967, 143
Trd, 000010.067, 144
Trd, 000010.600, 143
Trd, 000011.050, 145
Trd, 000011.617, 138
Trd, 000013.650, 142
Trd, 000014.383, 143
Trd, 000015.167, 142
Trd, 000015.383, 143
Trd, 000015.550, 140
Trd, 000016.017, 153
Trd, 000016.033, 155
Trd, 000016.483, 156
Trd, 000016.600, 147
Trd, 000017.283, 161
Trd, 000018.183, 155
Trd, 000019.500, 155
Trd, 000019.817, 157
Trd, 000019.983, 158
Trd, 000020.233, 177
Trd, 000021.500, 171
Trd, 000021.817, 156
Trd, 000022.033, 157
Trd, 000022.867, 161
Trd, 000022.933, 154
Trd, 000023.883, 152
Trd, 000024.083, 159
Trd, 000025.700, 149
Trd, 000026.233, 156
Trd, 000026.433, 151
Trd, 000026.933, 156
Trd, 000027.200, 150
Trd, 000027.550, 159
Trd, 000028.317, 158
Trd, 000028.767, 159
Trd, 000029.517, 178
Trd, 000030.317, 150
Trd, 000030.650, 149
Trd, 000031.200, 155
Trd, 000031.750, 151
Trd, 000031.917, 152
Trd, 000032.183, 147
Trd, 000032.450, 141
Trd, 000033.783, 144
Trd, 000034.017, 145
Trd, 000034.117, 151
Trd, 000034.217, 142
Trd, 000035.417, 146
Trd, 000035.633, 147
Trd, 000038.067, 146
Trd, 000038.283, 144
Trd, 000038.333, 143
Trd, 000038.367, 147
Trd, 000038.617, 144
Trd, 000038.650, 140
Trd, 000039.333, 146
Trd, 000039.983, 146
Trd, 000040.233, 148
Trd, 000040.333, 148
Trd, 000042.017, 153
Trd, 000042.217, 142
Trd, 000042.517, 144
Trd, 000043.633, 146
Trd, 000043.983, 147
Trd, 000044.517, 144
Trd, 000044.717, 145
Trd, 000045.300, 159
Trd, 000045.433, 144
Trd, 000045.567, 169
Trd, 000045.850, 179
Trd, 000046.000, 161
Trd, 000047.717, 160
Trd, 000047.800, 187
Trd, 000048.017, 200
Trd, 000048.450, 184
Trd, 000048.517, 160
Trd, 000048.833, 185
Trd, 000049.233, 153
Trd, 000050.283, 178
Trd, 000050.983, 156
Trd, 000053.450, 162
Trd, 000053.600, 159
Trd, 000053.817, 168
Trd, 000054.150, 158
Trd, 000054.700, 158
Trd, 000054.983, 157
Trd, 000055.167, 158
Trd, 000055.283, 160
Trd, 000055.600, 155
Trd, 000056.050, 146
Trd, 000056.250, 146
Trd, 000056.667, 152
Trd, 000056.733, 136
Trd, 000058.200, 151
Trd, 000058.917, 144
Trd, 000059.967, 148
Trd, 000060.417, 149
Trd, 000060.483, 150
Trd, 000061.033, 149
Trd, 000061.567, 148
Trd, 000062.800, 148
Trd, 000063.050, 150
Trd, 000063.250, 149
Trd, 000063.550, 147
Trd, 000064.417, 150
Trd, 000064.733, 149
Trd, 000065.133, 150
Trd, 000065.550, 148
Trd, 000066.583, 157
Trd, 000066.650, 137
Trd, 000066.667, 159
Trd, 000066.683, 132
Trd, 000067.900, 145
Trd, 000068.550, 154
Trd, 000068.567, 155
Trd, 000069.117, 147
Trd, 000069.167, 144
Trd, 000069.233, 160
Trd, 000070.967, 148
Trd, 000071.467, 156
Trd, 000071.767, 156
Trd, 000071.933, 153
Trd, 000072.767, 152
Trd, 000073.167, 156
Trd, 000073.200, 157
Trd, 000073.383, 162
Trd, 000073.483, 152
Trd, 000074.283, 151
Trd, 000075.767, 158
Trd, 000075.850, 159
Trd, 000076.083, 156
Trd, 000076.167, 146
Trd, 000077.133, 162
Trd, 000077.650, 163
Trd, 000077.767, 154
Trd, 000077.833, 153
Trd, 000078.983, 168
Trd, 000079.833, 151
Trd, 000081.200, 160
Trd, 000081.500, 161
Trd, 000082.500, 161
Trd, 000083.117, 161
Trd, 000083.850, 163
Trd, 000084.800, 163
Trd, 000084.833, 165
Trd, 000085.017, 171
Trd, 000085.117, 172
Trd, 000085.150, 158
Trd, 000086.083, 165
Trd, 000086.383, 145
Trd, 000087.617, 170
Trd, 000088.017, 167
Trd, 000088.367, 166
Trd, 000088.550, 165
Trd, 000088.617, 167
Trd, 000089.400, 162
Trd, 000091.467, 160
Trd, 000091.600, 161
Trd, 000092.083, 159
Trd, 000092.450, 158
Trd, 000092.567, 155
Trd, 000092.650, 146
Trd, 000092.767, 140
Trd, 000094.883, 152
Trd, 000095.333, 154
Trd, 000095.500, 133
Trd, 000095.717, 147
Trd, 000096.217, 133
Trd, 000096.817, 144
Trd, 000096.967, 145
Trd, 000097.000, 158
Trd, 000098.333, 145
Trd, 000099.283, 159
Trd, 000099.700, 152
Trd, 000099.750, 153
Trd, 000099.900, 160
Trd, 000100.500, 161
Trd, 000100.700, 152
Trd, 000101.000, 151
Trd, 000102.283, 157
Trd, 000102.300, 153
Trd, 000102.483, 152
Trd, 000102.533, 173
Trd, 000103.050, 175
Trd, 000103.333, 176
Trd, 000104.750, 165
Trd, 000105.600, 165
Trd, 000105.617, 152
Trd, 000105.900, 164
Trd, 000106.483, 153
Trd, 000107.400, 168
Trd, 000107.800, 169
Trd, 000108.283, 155
Trd, 000108.500, 148
Trd, 000108.683, 142
Trd, 000109.850, 158
Trd, 000110.367, 159
Trd, 000110.400, 161
Trd, 000111.100, 156
Trd, 000112.067, 156
Trd, 000112.083, 154
Trd, 000113.417, 153
Trd, 000113.583, 154
Trd, 000114.267, 156
Trd, 000114.633, 158
Trd, 000115.000, 157
Trd, 000115.383, 158
Trd, 000115.417, 159
Trd, 000116.233, 157
Trd, 000116.267, 164
Trd, 000116.317, 149
Trd, 000116.617, 166
Trd, 000116.683, 188
Trd, 000117.917, 175
Trd, 000118.033, 184
Trd, 000119.117, 165
Trd, 000119.383, 161
Trd, 000120.833, 164
Trd, 000120.917, 166
Trd, 000121.417, 167
Trd, 000122.117, 167
Trd, 000122.250, 187
Trd, 000122.467, 184
Trd, 000122.550, 160
Trd, 000123.083, 197
Trd, 000123.183, 206
Trd, 000123.250, 208
Trd, 000123.967, 212
Trd, 000124.483, 300.0
Trd, 000125.083, 282
Trd, 000125.117, 306.0
Trd, 000125.150, 317
Trd, 000125.617, 320.0
Trd, 000125.900, 324.0
Trd, 000126.000, 327
Trd, 000126.483, 331.0
Trd, 000126.733, 331
Trd, 000127.833, 337
Trd, 000128.000, 344.0
Trd, 000128.333, 340
Trd, 000129.150, 329
Trd, 000129.267, 329
Trd, 000130.117, 349
Trd, 000130.667, 338.0
Trd, 000131.100, 341
Trd, 000131.167, 342
Trd, 000132.183, 338.0
Trd, 000132.983, 344.0
Trd, 000134.167, 340
Trd, 000134.567, 341
Trd, 000134.950, 338.0
Trd, 000135.000, 341
Trd, 000135.183, 342
Trd, 000135.667, 344
Trd, 000137.317, 339.0
Trd, 000137.500, 341
Trd, 000137.967, 344.0
Trd, 000138.250, 381
Trd, 000138.317, 354
Trd, 000138.517, 353
Trd, 000138.733, 354.0
Trd, 000138.883, 349
Trd, 000139.250, 343
Trd, 000140.150, 354
Trd, 000140.683, 343
Trd, 000142.033, 345
Trd, 000142.200, 343
Trd, 000143.150, 337.0
Trd, 000143.200, 331.0
Trd, 000144.117, 328
Trd, 000144.900, 331
Trd, 000144.933, 335
Trd, 000145.133, 336
Trd, 000146.067, 339.0
Trd, 000146.283, 341.0
Trd, 000147.650, 343.0
Trd, 000147.817, 336
Trd, 000148.483, 336
Trd, 000148.867, 335
Trd, 000150.117, 343
Trd, 000150.733, 344
Trd, 000150.967, 344.0
Trd, 000151.683, 342
Trd, 000151.733, 337
Trd, 000151.750, 334
Trd, 000151.783, 343
Trd, 000154.083, 340
Trd, 000154.500, 337.0
Trd, 000155.600, 339
Trd, 000155.700, 340.0
Trd, 000156.033, 341.0
Trd, 000156.233, 337
Trd, 000156.417, 337
Trd, 000156.633, 342
Trd, 000156.933, 337.0
Trd, 000157.600, 344
Trd, 000158.117, 332
Trd, 000158.217, 343
Trd, 000158.433, 345
Trd, 000158.800, 341
Trd, 000158.900, 345
Trd, 000160.850, 344.0
Trd, 000161.050, 340
Trd, 000161.717, 338
Trd, 000162.350, 331.0
Trd, 000162.800, 334
Trd, 000164.050, 323.0
Trd, 000164.783, 324.0
Trd, 000165.067, 330
Trd, 000165.200, 331.0
Trd, 000165.417, 332
Trd, 000166.517, 332
Trd, 000167.317, 341.0
Trd, 000167.450, 331.0
Trd, 000167.733, 333
Trd, 000169.617, 341
Trd, 000169.883, 341.0
Trd, 000170.333, 334
Trd, 000170.567, 355.0
Trd, 000171.050, 333
Trd, 000171.433, 331.0
Trd, 000172.017, 337.0
Trd, 000172.200, 340
Trd, 000173.017, 331
Trd, 000173.500, 331
Trd, 000174.283, 339
Trd, 000174.800, 336
Trd, 000175.017, 334
Trd, 000175.783, 341
Trd, 000176.100, 341.0
Trd, 000176.383, 347
Trd, 000176.933, 337.0
Trd, 000178.450, 343.0
Trd, 000179.067, 342
Trd, 000179.700, 339
Trd, 000179.933, 340
Trd, 000180.450, 338.0
Trd, 000181.250, 337.0
Trd, 000182.733, 335
Trd, 000182.783, 330
Trd, 000182.817, 317.0
Trd, 000182.983, 313.0
Trd, 000183.217, 309
Trd, 000183.517, 306
Trd, 000183.583, 287
Trd, 000183.867, 214
Trd, 000184.433, 200
Trd, 000184.867, 186
Trd, 000186.000, 204
Trd, 000186.550, 197
Trd, 000186.867, 203
Trd, 000188.100, 196
Trd, 000188.400, 191
Trd, 000188.850, 184
Trd, 000189.717, 174
Trd, 000189.983, 174
Trd, 000190.200, 172
Trd, 000190.583, 184
Trd, 000191.800, 180
Trd, 000192.317, 175
Trd, 000192.483, 175
Trd, 000193.367, 156
Trd, 000193.567, 166
Trd, 000193.600, 171
Trd, 000194.517, 166
Trd, 000195.517, 149
Trd, 000195.900, 150
Trd, 000197.083, 153
Trd, 000197.200, 151
Trd, 000197.433, 154
Trd, 000197.500, 155
Trd, 000197.567, 152
Trd, 000198.283, 172
Trd, 000198.450, 173
Trd, 000199.133, 164
Trd, 000199.433, 175
Trd, 000199.683, 180
Trd, 000199.933, 152
Trd, 000200.167, 151
Trd, 000200.767, 178
Trd, 000200.800, 156
Trd, 000201.583, 193
Trd, 000202.117, 179
Trd, 000202.350, 195
Trd, 000203.717, 184
Trd, 000204.883, 182
Trd, 000205.000, 176
Trd, 000205.217, 170
Trd, 000205.750, 169
Trd, 000206.717, 171
Trd, 000206.833, 172
Trd, 000207.850, 171
Trd, 000208.150, 170
Trd, 000208.383, 176
Trd, 000208.717, 170
Trd, 000209.983, 167
Trd, 000210.550, 167
Trd, 000210.617, 169
Trd, 000210.783, 162
Trd, 000210.833, 158
Trd, 000211.300, 155
Trd, 000211.967, 162
Trd, 000212.333, 176
Trd, 000212.650, 181
Trd, 000213.200, 171
Trd, 000213.633, 176
Trd, 000215.483, 180
Trd, 000216.117, 182
Trd, 000216.633, 181
Trd, 000216.783, 177
Trd, 000217.617, 163
Trd, 000217.817, 163
Trd, 000219.500, 169
Trd, 000219.600, 175
Trd, 000219.767, 176
Trd, 000220.883, 177
Trd, 000221.083, 171
Trd, 000221.283, 177
Trd, 000222.133, 170
Trd, 000223.300, 168
Trd, 000223.583, 168
Trd, 000225.200, 162
Trd, 000225.300, 166
Trd, 000226.333, 164
Trd, 000226.533, 165
Trd, 000226.900, 177
Trd, 000226.950, 166
Trd, 000227.267, 170
Trd, 000227.717, 175
Trd, 000227.800, 176
Trd, 000227.967, 177
Trd, 000228.133, 165
Trd, 000228.333, 161
Trd, 000228.467, 177
Trd, 000229.617, 160
Trd, 000229.833, 154
Trd, 000230.367, 148
Trd, 000230.600, 173
Trd, 000231.250, 177
Trd, 000232.867, 173
Trd, 000233.483, 173
Trd, 000234.567, 184
Trd, 000234.867, 174
Trd, 000235.233, 177
Trd, 000235.383, 176
Trd, 000235.450, 173
Trd, 000235.850, 177
Trd, 000236.600, 173
Trd, 000237.600, 177
Trd, 000238.150, 178
Trd, 000238.617, 175
Trd, 000239.717, 177
Trd, 000239.733, 178
Trd, 000239.750, 174
Trd, 000240.617, 175
Trd, 000240.633, 173
Trd, 000240.733, 177
Trd, 000241.667, 173
Trd, 000241.900, 171
Trd, 000241.967, 174
Trd, 000242.817, 175
Trd, 000242.900, 173
Trd, 000243.583, 175
Trd, 000243.700, 172
Trd, 000244.400, 177
Trd, 000244.450, 174
Trd, 000245.050, 176
Trd, 000246.083, 175
Trd, 000246.417, 175
Trd, 000246.850, 175
Trd, 000247.200, 176
Trd, 000247.300, 173
Trd, 000248.667, 172
Trd, 000249.033, 164
Trd, 000249.567, 168
Trd, 000249.750, 161
Trd, 000250.183, 167
Trd, 000250.233, 161
Trd, 000250.433, 168
Trd, 000250.517, 167
Trd, 000250.950, 166
Trd, 000252.467, 171
Trd, 000252.583, 162
Trd, 000252.917, 172
Trd, 000252.933, 167
Trd, 000253.650, 168
Trd, 000253.800, 173
Trd, 000254.200, 167
Trd, 000255.167, 174
Trd, 000255.183, 171
Trd, 000255.667, 179
Trd, 000255.900, 180
Trd, 000256.017, 174
Trd, 000257.283, 174
Trd, 000257.567, 176
Trd, 000258.283, 175
Trd, 000258.300, 163
Trd, 000258.683, 176
Trd, 000259.483, 177
Trd, 000260.133, 170
Trd, 000260.467, 173
Trd, 000261.017, 173
Trd, 000261.450, 172
Trd, 000262.100, 172
Trd, 000262.333, 173
Trd, 000262.400, 174
Trd, 000262.717, 170
Trd, 000263.250, 171
Trd, 000263.883, 176
Trd, 000264.250, 176
Trd, 000264.850, 175
Trd, 000264.950, 172
Trd, 000265.000, 177
Trd, 000265.650, 190
Trd, 000266.283, 179
Trd, 000266.317, 182
Trd, 000266.417, 184
Trd, 000266.517, 179
Trd, 000266.683, 191
Trd, 000267.467, 174
Trd, 000267.600, 177
Trd, 000269.167, 174
Trd, 000269.533, 176
Trd, 000269.850, 173
Trd, 000269.917, 174
Trd, 000269.983, 173
Trd, 000270.467, 174
Trd, 000271.083, 171
Trd, 000271.833, 172
Trd, 000271.850, 173
Trd, 000272.533, 172
Trd, 000272.650, 178
Trd, 000273.300, 176
Trd, 000273.717, 175
Trd, 000273.917, 176
Trd, 000275.067, 171
Trd, 000275.083, 170
Trd, 000275.683, 175
Trd, 000275.733, 170
Trd, 000275.983, 175
Trd, 000277.850, 173
Trd, 000278.217, 173
Trd, 000278.617, 176
Trd, 000278.983, 183
Trd, 000279.467, 195
Trd, 000279.900, 184
Trd, 000280.517, 185
Trd, 000280.833, 183
Trd, 000281.083, 185
Trd, 000281.283, 184
Trd, 000281.350, 183
Trd, 000281.883, 178
Trd, 000281.950, 176
Trd, 000282.267, 165
Trd, 000282.950, 179
Trd, 000284.350, 166
Trd, 000284.600, 172
Trd, 000284.850, 173
Trd, 000285.917, 169
Trd, 000285.967, 170
Trd, 000286.017, 167
Trd, 000286.133, 172
Trd, 000286.500, 173
Trd, 000286.967, 174
Trd, 000287.083, 178
Trd, 000287.367, 176
Trd, 000287.783, 177
Trd, 000287.900, 179
Trd, 000288.150, 183
Trd, 000288.633, 178
Trd, 000288.767, 193
Trd, 000288.883, 177
Trd, 000289.733, 183
Trd, 000290.250, 184
Trd, 000290.267, 184
Trd, 000290.883, 184
Trd, 000291.717, 179
Trd, 000292.550, 180
Trd, 000293.233, 183
Trd, 000293.400, 179
Trd, 000293.967, 184
Trd, 000294.150, 178
Trd, 000294.967, 183
Trd, 000295.450, 177
Trd, 000295.600, 172
Trd, 000295.917, 180
Trd, 000296.550, 171
Trd, 000296.900, 178
Trd, 000296.917, 180
Trd, 000297.850, 179
Trd, 000298.267, 174
Trd, 000298.350, 180
Trd, 000298.450, 181
Trd, 000298.583, 194
Trd, 000299.283, 175
Trd, 000299.433, 185
Trd, 000299.850, 178
Trd, 000299.900, 197
