Trd, 000001.833, 123
Trd, 000001.850, 124
Trd, 000002.150, 148
Trd, 000004.317, 132
Trd, 000004.467, 146
Trd, 000005.067, 155
Trd, 000005.317, 141
Trd, 000005.750, 137
Trd, 000006.217, 162
Trd, 000006.233, 164
Trd, 000006.333, 172
Trd, 000006.783, 168
Trd, 000007.417, 181
Trd, 000007.717, 155
Trd, 000008.217, 163
Trd, 000008.550, 154
Trd, 000009.533, 156
Trd, 000009.767, 160
Trd, 000010.133, 159
Trd, 000011.017, 163
Trd, 000011.150, 162
Trd, 000011.733, 161
Trd, 000011.950, 157
Trd, 000012.917, 162
Trd, 000013.467, 163
Trd, 000013.717, 163
Trd, 000013.733, 160
Trd, 000013.833, 159
Trd, 000014.383, 168
Trd, 000015.600, 162
Trd, 000015.917, 160
Trd, 000016.217, 159
Trd, 000016.900, 164
Trd, 000017.800, 164
Trd, 000018.000, 160
Trd, 000018.200, 166
Trd, 000018.733, 163
Trd, 000019.283, 162
Trd, 000019.433, 161
Trd, 000020.100, 164
Trd, 000021.383, 161
Trd, 000021.767, 163
Trd, 000022.367, 164
Trd, 000023.033, 164
Trd, 000023.167, 167
Trd, 000023.617, 162
Trd, 000023.933, 168
Trd, 000024.933, 166
Trd, 000025.167, 164
Trd, 000025.717, 164
Trd, 000025.767, 164
Trd, 000025.983, 165
Trd, 000026.950, 163
Trd, 000027.667, 163
Trd, 000027.717, 162
Trd, 000027.967, 162
Trd, 000028.517, 162
Trd, 000028.850, 163
Trd, 000029.867, 162
Trd, 000030.400, 163
Trd, 000030.683, 161
Trd, 000031.333, 163
Trd, 000031.883, 151
Trd, 000032.617, 143
Trd, 000032.633, 142
Trd, 000032.717, 144
Trd, 000033.683, 153
Trd, 000033.933, 151
Trd, 000034.550, 155
Trd, 000034.750, 165
Trd, 000036.283, 168
Trd, 000036.600, 190
Trd, 000036.633, 167
Trd, 000037.283, 168
Trd, 000037.617, 162
Trd, 000038.750, 162
Trd, 000038.883, 162
Trd, 000039.517, 161
Trd, 000039.933, 164
Trd, 000040.267, 163
Trd, 000040.867, 166
Trd, 000041.083, 151
Trd, 000041.933, 145
Trd, 000042.233, 150
Trd, 000043.917, 148
Trd, 000044.250, 152
Trd, 000045.117, 162
Trd, 000045.333, 166
Trd, 000046.267, 160
Trd, 000046.700, 160
Trd, 000047.233, 160
Trd, 000048.583, 158
Trd, 000049.150, 161
Trd, 000049.567, 162
Trd, 000049.633, 163
Trd, 000049.850, 160
Trd, 000050.017, 158
Trd, 000051.017, 159
Trd, 000051.433, 158
Trd, 000051.850, 165
Trd, 000052.150, 156
Trd, 000052.500, 157
Trd, 000052.700, 165
Trd, 000054.267, 160
Trd, 000054.517, 163
Trd, 000054.533, 165
Trd, 000054.733, 158
Trd, 000054.983, 158
Trd, 000057.233, 164
Trd, 000057.383, 163
Trd, 000057.967, 162
Trd, 000058.733, 162
Trd, 000058.917, 161
Trd, 000059.183, 164
Trd, 000059.533, 161
Trd, 000059.900, 160
Trd, 000060.000, 160
Trd, 000060.700, 157
Trd, 000060.767, 140
Trd, 000061.433, 143
Trd, 000062.683, 150
Trd, 000062.983, 149
Trd, 000063.517, 150
Trd, 000063.600, 154
Trd, 000064.200, 159
Trd, 000064.467, 160
Trd, 000064.817, 156
Trd, 000064.883, 155
Trd, 000065.350, 155
Trd, 000065.983, 154
Trd, 000066.767, 154
Trd, 000067.200, 137
Trd, 000067.617, 151
Trd, 000068.267, 155
Trd, 000068.633, 151
Trd, 000068.783, 150
Trd, 000068.833, 155
Trd, 000069.017, 150
Trd, 000069.200, 162
Trd, 000069.867, 163
Trd, 000070.433, 165
Trd, 000071.850, 164
Trd, 000073.900, 164
Trd, 000073.933, 158
Trd, 000074.650, 165
Trd, 000074.700, 158
Trd, 000074.900, 158
Trd, 000074.933, 165
Trd, 000075.117, 169
Trd, 000075.167, 157
Trd, 000075.250, 152
Trd, 000076.483, 165
Trd, 000076.517, 171
Trd, 000076.600, 158
Trd, 000077.100, 172
Trd, 000077.583, 159
Trd, 000079.100, 167
Trd, 000079.450, 166
Trd, 000079.733, 160
Trd, 000080.150, 166
Trd, 000080.617, 160
Trd, 000081.467, 163
Trd, 000082.600, 167
Trd, 000083.233, 168
Trd, 000083.717, 170
Trd, 000083.783, 168
Trd, 000084.333, 171
Trd, 000085.017, 172
Trd, 000085.283, 166
Trd, 000085.850, 167
Trd, 000086.250, 170
Trd, 000086.317, 166
Trd, 000086.733, 165
Trd, 000086.817, 159
Trd, 000087.050, 167
Trd, 000088.617, 163
Trd, 000088.700, 166
Trd, 000088.950, 167
Trd, 000089.383, 167
Trd, 000089.700, 165
Trd, 000090.183, 164
Trd, 000090.417, 167
Trd, 000091.033, 164
Trd, 000091.183, 164
Trd, 000093.000, 162
Trd, 000093.067, 163
Trd, 000093.317, 163
Trd, 000093.933, 160
Trd, 000095.283, 157
Trd, 000095.517, 164
Trd, 000095.917, 158
Trd, 000096.250, 165
Trd, 000096.717, 166
Trd, 000096.883, 161
Trd, 000098.133, 161
Trd, 000098.150, 167
Trd, 000098.617, 160
Trd, 000100.117, 165
Trd, 000100.167, 162
Trd, 000100.183, 165
Trd, 000100.717, 163
Trd, 000101.100, 165
Trd, 000102.583, 167
Trd, 000102.733, 168
Trd, 000103.150, 165
Trd, 000103.517, 164
Trd, 000104.000, 163
Trd, 000104.200, 162
Trd, 000104.533, 153
Trd, 000105.067, 157
Trd, 000105.150, 158
Trd, 000105.950, 168
Trd, 000106.217, 181
Trd, 000106.350, 183
Trd, 000107.167, 163
Trd, 000108.600, 166
Trd, 000108.617, 167
Trd, 000109.100, 166
Trd, 000109.800, 169
Trd, 000110.350, 166
Trd, 000110.533, 170
Trd, 000110.900, 167
Trd, 000111.767, 170
Trd, 000112.167, 173
Trd, 000113.117, 171
Trd, 000113.350, 171
Trd, 000113.783, 169
Trd, 000113.950, 167
Trd, 000114.183, 173
Trd, 000114.317, 167
Trd, 000114.467, 167
Trd, 000115.400, 165
Trd, 000117.117, 174
Trd, 000117.233, 152
Trd, 000117.583, 172
Trd, 000119.333, 172
Trd, 000119.783, 166
Trd, 000120.500, 171
Trd, 000120.667, 170
Trd, 000120.983, 172
Trd, 000121.017, 169
Trd, 000121.367, 169
Trd, 000121.417, 170
Trd, 000121.700, 174
Trd, 000121.967, 169
Trd, 000122.017, 180
Trd, 000122.300, 192
Trd, 000122.400, 198
Trd, 000122.817, 295
Trd, 000123.700, 303
Trd, 000123.750, 306.0
Trd, 000124.617, 334
Trd, 000124.683, 336
Trd, 000125.667, 334
Trd, 000126.000, 335
Trd, 000126.383, 319
Trd, 000127.983, 336.0
Trd, 000128.583, 337.0
Trd, 000128.667, 328.0
Trd, 000128.717, 341.0
Trd, 000130.067, 350
Trd, 000130.333, 350
Trd, 000130.783, 350
Trd, 000130.867, 349
Trd, 000131.083, 348
Trd, 000131.317, 351
Trd, 000131.533, 348
Trd, 000132.367, 336.0
Trd, 000132.783, 337.0
Trd, 000134.100, 348
Trd, 000134.167, 347
Trd, 000134.233, 357
Trd, 000134.617, 361
Trd, 000134.917, 347
Trd, 000135.017, 344
Trd, 000136.383, 347.0
Trd, 000137.933, 351
Trd, 000138.583, 351
Trd, 000139.650, 350
Trd, 000140.117, 348
Trd, 000140.417, 346
Trd, 000140.433, 353
Trd, 000141.000, 355
Trd, 000141.267, 360
Trd, 000141.533, 368.0
Trd, 000141.700, 348
Trd, 000142.067, 348.0
Trd, 000142.317, 347
Trd, 000143.400, 357
Trd, 000143.633, 347
Trd, 000143.733, 362.0
Trd, 000144.817, 339
Trd, 000145.283, 344
Trd, 000145.583, 351
Trd, 000145.650, 357
Trd, 000145.867, 358.0
Trd, 000147.450, 358
Trd, 000147.533, 359
Trd, 000148.167, 355
Trd, 000148.333, 354
Trd, 000149.100, 354
Trd, 000149.450, 353
Trd, 000150.667, 352
Trd, 000150.867, 351.0
Trd, 000150.917, 350
Trd, 000151.300, 355
Trd, 000151.567, 333
Trd, 000152.983, 337.0
Trd, 000153.267, 341.0
Trd, 000153.367, 344
Trd, 000153.683, 348.0
Trd, 000153.700, 362.0
Trd, 000154.483, 348
Trd, 000154.550, 360
Trd, 000155.733, 349
Trd, 000155.783, 357
Trd, 000156.250, 347
Trd, 000156.700, 348
Trd, 000156.750, 356
Trd, 000156.867, 346
Trd, 000157.300, 358
Trd, 000158.033, 346
Trd, 000158.150, 348.0
Trd, 000159.050, 348
Trd, 000159.533, 346
Trd, 000159.700, 344
Trd, 000159.900, 351
Trd, 000160.533, 358
Trd, 000161.300, 352
Trd, 000161.733, 354
Trd, 000162.667, 352
Trd, 000163.017, 358.0
Trd, 000163.917, 357
Trd, 000164.133, 359.0
Trd, 000164.700, 349
Trd, 000165.867, 359.0
Trd, 000165.883, 358.0
Trd, 000165.967, 352
Trd, 000166.550, 353
Trd, 000166.583, 351.0
Trd, 000167.283, 349
Trd, 000167.467, 339
Trd, 000168.433, 345
Trd, 000168.900, 334
Trd, 000169.517, 340
Trd, 000170.483, 338.0
Trd, 000170.617, 338.0
Trd, 000170.850, 341.0
Trd, 000172.433, 345
Trd, 000174.183, 348.0
Trd, 000174.417, 352
Trd, 000174.450, 344
Trd, 000174.917, 367.0
Trd, 000175.700, 349
Trd, 000176.067, 363
Trd, 000176.083, 348
Trd, 000176.467, 365
Trd, 000177.317, 361
Trd, 000177.483, 358.0
Trd, 000177.650, 351.0
Trd, 000178.450, 351
Trd, 000178.483, 350
Trd, 000180.283, 349
Trd, 000180.533, 356
Trd, 000180.983, 352
Trd, 000181.050, 356
Trd, 000181.250, 358
Trd, 000181.267, 351
Trd, 000181.367, 351.0
Trd, 000181.533, 348
Trd, 000181.583, 340
Trd, 000182.100, 327.0
Trd, 000182.217, 307
Trd, 000183.033, 305
Trd, 000183.100, 287
Trd, 000183.733, 200
Trd, 000184.217, 208
Trd, 000184.683, 202
Trd, 000185.600, 207
Trd, 000186.467, 193
Trd, 000186.650, 188
Trd, 000186.700, 198
Trd, 000188.417, 187
Trd, 000188.817, 183
Trd, 000189.150, 178
Trd, 000189.400, 177
Trd, 000190.300, 181
Trd, 000190.517, 177
Trd, 000190.817, 181
Trd, 000190.967, 178
Trd, 000191.800, 170
Trd, 000191.883, 170
Trd, 000192.233, 174
Trd, 000192.450, 176
Trd, 000192.633, 177
Trd, 000194.017, 174
Trd, 000194.233, 163
Trd, 000194.317, 162
Trd, 000194.350, 167
Trd, 000194.633, 178
Trd, 000195.233, 176
Trd, 000195.733, 176
Trd, 000196.283, 177
Trd, 000198.050, 182
Trd, 000198.150, 179
Trd, 000198.583, 181
Trd, 000199.000, 179
Trd, 000199.533, 183
Trd, 000200.783, 183
Trd, 000200.950, 184
Trd, 000201.100, 182
Trd, 000201.800, 181
Trd, 000202.133, 182
Trd, 000202.433, 179
Trd, 000202.450, 178
Trd, 000202.533, 178
Trd, 000202.717, 180
Trd, 000203.500, 174
Trd, 000203.983, 184
Trd, 000204.417, 178
Trd, 000204.717, 175
Trd, 000204.867, 172
Trd, 000204.917, 173
Trd, 000206.783, 179
Trd, 000206.950, 182
Trd, 000207.083, 173
Trd, 000207.267, 171
Trd, 000207.600, 172
Trd, 000207.633, 176
Trd, 000208.417, 171
Trd, 000209.017, 160
Trd, 000209.033, 162
Trd, 000210.083, 172
Trd, 000210.400, 170
Trd, 000212.350, 178
Trd, 000212.600, 183
Trd, 000213.750, 177
Trd, 000213.783, 175
Trd, 000213.900, 173
Trd, 000214.117, 179
Trd, 000214.400, 182
Trd, 000216.117, 183
Trd, 000216.367, 182
Trd, 000216.883, 183
Trd, 000216.917, 181
Trd, 000220.367, 182
Trd, 000220.417, 183
Trd, 000220.667, 182
Trd, 000220.750, 186
Trd, 000220.967, 185
Trd, 000221.000, 186
Trd, 000221.750, 182
Trd, 000221.933, 190
Trd, 000222.567, 181
Trd, 000223.133, 180
Trd, 000223.367, 173
Trd, 000224.200, 185
Trd, 000224.650, 184
Trd, 000225.967, 180
Trd, 000226.467, 184
Trd, 000226.667, 181
Trd, 000226.800, 180
Trd, 000227.067, 184
Trd, 000227.467, 180
Trd, 000227.583, 184
Trd, 000227.833, 179
Trd, 000228.517, 178
Trd, 000229.083, 176
Trd, 000229.383, 185
Trd, 000229.833, 181
Trd, 000230.517, 182
Trd, 000231.133, 183
Trd, 000231.150, 185
Trd, 000232.133, 183
Trd, 000232.850, 189
Trd, 000233.050, 182
Trd, 000233.317, 181
Trd, 000233.517, 181
Trd, 000233.783, 188
Trd, 000234.050, 189
Trd, 000235.033, 191
Trd, 000235.333, 184
Trd, 000235.950, 182
Trd, 000237.050, 183
Trd, 000238.067, 184
Trd, 000238.433, 182
Trd, 000239.033, 182
Trd, 000239.233, 186
Trd, 000239.333, 187
Trd, 000239.583, 181
Trd, 000240.200, 184
Trd, 000240.350, 183
Trd, 000240.483, 182
Trd, 000241.200, 182
Trd, 000241.400, 181
Trd, 000241.700, 175
Trd, 000241.933, 172
Trd, 000242.067, 179
Trd, 000243.700, 173
Trd, 000244.283, 177
Trd, 000244.517, 175
Trd, 000244.617, 175
Trd, 000244.633, 174
Trd, 000245.383, 177
Trd, 000245.667, 176
Trd, 000246.017, 176
Trd, 000246.667, 183
Trd, 000247.183, 187
Trd, 000247.467, 187
Trd, 000247.783, 182
Trd, 000247.917, 182
Trd, 000248.150, 181
Trd, 000248.733, 165
Trd, 000249.033, 176
Trd, 000249.233, 177
Trd, 000249.700, 176
Trd, 000249.733, 177
Trd, 000250.100, 180
Trd, 000250.917, 178
Trd, 000251.183, 177
Trd, 000251.617, 184
Trd, 000252.100, 178
Trd, 000252.583, 177
Trd, 000252.717, 176
Trd, 000252.850, 176
Trd, 000253.050, 177
Trd, 000253.317, 178
Trd, 000253.750, 183
Trd, 000254.550, 169
Trd, 000255.217, 182
Trd, 000255.783, 174
Trd, 000256.783, 174
Trd, 000257.233, 176
Trd, 000257.317, 180
Trd, 000257.417, 176
Trd, 000257.650, 186
Trd, 000258.433, 184
Trd, 000258.483, 185
Trd, 000258.717, 187
Trd, 000259.067, 179
Trd, 000259.167, 178
Trd, 000259.550, 192
Trd, 000260.600, 183
Trd, 000260.667, 180
Trd, 000261.733, 180
Trd, 000262.000, 182
Trd, 000262.750, 181
Trd, 000262.850, 182
Trd, 000263.567, 181
Trd, 000263.617, 180
Trd, 000263.683, 177
Trd, 000264.550, 170
Trd, 000264.667, 169
Trd, 000265.050, 171
Trd, 000265.300, 167
Trd, 000266.500, 164
Trd, 000266.583, 170
Trd, 000266.733, 171
Trd, 000267.467, 181
Trd, 000267.833, 172
Trd, 000268.267, 177
Trd, 000268.483, 177
Trd, 000268.967, 182
Trd, 000269.067, 182
Trd, 000269.117, 181
Trd, 000269.783, 179
Trd, 000270.200, 178
Trd, 000270.383, 177
Trd, 000271.067, 181
Trd, 000271.217, 177
Trd, 000271.833, 174
Trd, 000272.150, 175
Trd, 000273.050, 180
Trd, 000273.367, 189
Trd, 000273.467, 176
Trd, 000273.567, 175
Trd, 000273.767, 183
Trd, 000273.833, 168
Trd, 000274.417, 181
Trd, 000275.733, 172
Trd, 000276.283, 172
Trd, 000276.517, 172
Trd, 000276.683, 173
Trd, 000277.100, 174
Trd, 000277.800, 174
Trd, 000277.967, 173
Trd, 000277.983, 179
Trd, 000278.033, 184
Trd, 000278.533, 172
Trd, 000278.633, 170
Trd, 000279.183, 169
Trd, 000279.383, 178
Trd, 000281.533, 176
Trd, 000281.550, 179
Trd, 000281.700, 186
Trd, 000281.950, 188
Trd, 000282.050, 172
Trd, 000282.800, 187
Trd, 000282.850, 181
Trd, 000283.233, 181
Trd, 000283.567, 195
Trd, 000283.733, 180
Trd, 000284.300, 180
Trd, 000284.600, 187
Trd, 000285.250, 188
Trd, 000285.450, 187
Trd, 000286.233, 187
Trd, 000286.350, 186
Trd, 000286.583, 182
Trd, 000286.900, 183
Trd, 000287.317, 181
Trd, 000287.867, 179
Trd, 000287.950, 179
Trd, 000287.967, 186
Trd, 000288.033, 179
Trd, 000288.333, 177
Trd, 000288.517, 170
Trd, 000288.967, 173
Trd, 000289.600, 173
Trd, 000289.700, 174
Trd, 000290.500, 185
Trd, 000291.417, 170
Trd, 000292.233, 170
Trd, 000292.800, 170
Trd, 000293.267, 169
Trd, 000293.917, 170
Trd, 000293.983, 170
Trd, 000294.483, 169
Trd, 000295.167, 180
Trd, 000295.317, 185
Trd, 000295.700, 170
Trd, 000295.950, 173
Trd, 000296.533, 174
Trd, 000297.050, 175
Trd, 000297.233, 178
Trd, 000297.717, 175
Trd, 000298.133, 172
Trd, 000298.867, 186
Trd, 000299.183, 185
Trd, 000299.233, 188
Trd, 000299.700, 179
Trd, 000299.983, 178
