Trd, 000001.283, 137
Trd, 000002.083, 138
Trd, 000002.433, 141
Trd, 000002.500, 155
Trd, 000003.050, 128
Trd, 000004.383, 161
Trd, 000005.050, 151
Trd, 000005.767, 170
Trd, 000006.133, 170
Trd, 000007.117, 160
Trd, 000007.183, 159
Trd, 000007.767, 153
Trd, 000009.167, 154
Trd, 000009.917, 156
Trd, 000009.983, 156
Trd, 000010.050, 151
Trd, 000010.733, 162
Trd, 000011.567, 154
Trd, 000012.033, 150
Trd, 000012.350, 154
Trd, 000013.483, 153
Trd, 000013.700, 149
Trd, 000014.017, 156
Trd, 000014.433, 154
Trd, 000014.483, 153
Trd, 000014.917, 155
Trd, 000015.517, 162
Trd, 000015.717, 153
Trd, 000016.217, 153
Trd, 000017.367, 158
Trd, 000017.617, 159
Trd, 000017.717, 163
Trd, 000018.867, 158
Trd, 000018.900, 157
Trd, 000019.633, 157
Trd, 000020.317, 158
Trd, 000020.467, 156
Trd, 000021.083, 155
Trd, 000021.533, 154
Trd, 000021.900, 157
Trd, 000022.783, 152
Trd, 000022.833, 150
Trd, 000022.900, 157
Trd, 000023.933, 151
Trd, 000024.000, 143
Trd, 000024.333, 150
Trd, 000025.117, 151
Trd, 000026.150, 150
Trd, 000026.200, 149
Trd, 000026.350, 151
Trd, 000026.817, 147
Trd, 000027.817, 153
Trd, 000027.900, 165
Trd, 000028.217, 154
Trd, 000028.483, 166
Trd, 000029.883, 155
Trd, 000030.217, 158
Trd, 000030.500, 153
Trd, 000030.733, 144
Trd, 000030.967, 157
Trd, 000031.733, 158
Trd, 000032.417, 158
Trd, 000032.650, 157
Trd, 000032.683, 167
Trd, 000035.400, 158
Trd, 000035.517, 159
Trd, 000036.117, 158
Trd, 000036.567, 157
Trd, 000037.317, 160
Trd, 000037.583, 158
Trd, 000038.450, 158
Trd, 000038.517, 159
Trd, 000039.400, 159
Trd, 000039.767, 158
Trd, 000040.150, 159
Trd, 000040.450, 160
Trd, 000040.983, 166
Trd, 000041.433, 158
Trd, 000041.767, 145
Trd, 000042.183, 153
Trd, 000042.667, 153
Trd, 000043.033, 153
Trd, 000043.500, 161
Trd, 000044.183, 155
Trd, 000044.217, 152
Trd, 000045.800, 146
Trd, 000045.900, 145
Trd, 000046.000, 156
Trd, 000047.283, 158
Trd, 000047.833, 147
Trd, 000049.217, 153
Trd, 000049.817, 157
Trd, 000049.967, 158
Trd, 000050.433, 155
Trd, 000050.683, 157
Trd, 000050.733, 158
Trd, 000050.883, 160
Trd, 000051.350, 159
Trd, 000051.467, 167
Trd, 000052.133, 158
Trd, 000052.350, 154
Trd, 000052.750, 154
Trd, 000054.767, 161
Trd, 000054.950, 160
Trd, 000055.867, 159
Trd, 000056.050, 157
Trd, 000056.150, 155
Trd, 000056.267, 161
Trd, 000057.300, 159
Trd, 000057.433, 160
Trd, 000058.650, 160
Trd, 000059.017, 159
Trd, 000059.400, 161
Trd, 000059.633, 162
Trd, 000060.117, 164
Trd, 000060.450, 163
Trd, 000061.100, 162
Trd, 000062.383, 156
Trd, 000062.933, 178
Trd, 000063.250, 168
Trd, 000063.483, 174
Trd, 000064.233, 163
Trd, 000065.983, 167
Trd, 000066.200, 166
Trd, 000066.317, 165
Trd, 000066.533, 163
Trd, 000066.700, 167
Trd, 000067.033, 163
Trd, 000068.800, 169
Trd, 000069.433, 168
Trd, 000069.550, 169
Trd, 000069.900, 179
Trd, 000070.267, 166
Trd, 000070.300, 162
Trd, 000070.617, 157
Trd, 000071.567, 161
Trd, 000071.717, 162
Trd, 000071.817, 157
Trd, 000072.367, 169
Trd, 000073.333, 156
Trd, 000073.383, 155
Trd, 000073.400, 166
Trd, 000073.533, 167
Trd, 000073.850, 169
Trd, 000073.900, 158
Trd, 000074.083, 146
Trd, 000075.433, 147
Trd, 000076.550, 148
Trd, 000077.317, 151
Trd, 000078.550, 156
Trd, 000078.600, 155
Trd, 000078.767, 152
Trd, 000078.783, 152
Trd, 000079.400, 166
Trd, 000079.517, 151
Trd, 000080.950, 158
Trd, 000081.067, 159
Trd, 000081.750, 160
Trd, 000082.017, 158
Trd, 000082.433, 160
Trd, 000083.200, 158
Trd, 000084.133, 158
Trd, 000084.317, 158
Trd, 000084.550, 161
Trd, 000084.583, 158
Trd, 000084.667, 157
Trd, 000084.750, 156
Trd, 000085.667, 163
Trd, 000086.017, 163
Trd, 000087.100, 160
Trd, 000087.300, 170
Trd, 000088.750, 158
Trd, 000089.100, 167
Trd, 000089.500, 168
Trd, 000089.867, 163
Trd, 000090.067, 163
Trd, 000090.750, 162
Trd, 000091.050, 163
Trd, 000092.150, 160
Trd, 000092.533, 162
Trd, 000093.050, 162
Trd, 000093.433, 161
Trd, 000093.867, 164
Trd, 000094.183, 171
Trd, 000095.117, 159
Trd, 000095.450, 159
Trd, 000095.600, 160
Trd, 000095.850, 167
Trd, 000095.950, 159
Trd, 000096.717, 161
Trd, 000097.017, 160
Trd, 000098.683, 161
Trd, 000098.700, 166
Trd, 000098.767, 166
Trd, 000099.600, 165
Trd, 000100.600, 163
Trd, 000101.167, 163
Trd, 000101.200, 162
Trd, 000101.217, 164
Trd, 000101.367, 161
Trd, 000101.850, 163
Trd, 000102.067, 160
Trd, 000103.300, 160
Trd, 000103.567, 159
Trd, 000104.317, 161
Trd, 000104.567, 162
Trd, 000105.083, 160
Trd, 000105.967, 162
Trd, 000106.850, 161
Trd, 000106.867, 162
Trd, 000107.867, 159
Trd, 000108.483, 159
Trd, 000108.733, 164
Trd, 000109.300, 156
Trd, 000110.217, 156
Trd, 000110.417, 161
Trd, 000111.400, 159
Trd, 000111.467, 160
Trd, 000111.767, 160
Trd, 000112.883, 172
Trd, 000114.017, 162
Trd, 000114.300, 166
Trd, 000114.367, 172
Trd, 000114.983, 168
Trd, 000115.383, 175
Trd, 000115.767, 168
Trd, 000116.083, 165
Trd, 000116.367, 161
Trd, 000118.017, 171
Trd, 000118.383, 169
Trd, 000118.817, 166
Trd, 000119.017, 171
Trd, 000119.267, 151
Trd, 000120.450, 171
Trd, 000120.483, 172
Trd, 000120.733, 170
Trd, 000121.633, 173
Trd, 000121.667, 173
Trd, 000122.267, 184
Trd, 000122.333, 187
Trd, 000122.450, 191
Trd, 000123.500, 203
Trd, 000123.683, 184
Trd, 000124.417, 336
Trd, 000124.600, 280
Trd, 000125.217, 337.0
Trd, 000126.050, 331.0
Trd, 000126.067, 330.0
Trd, 000126.600, 346
Trd, 000128.150, 348.0
Trd, 000129.567, 350.0
Trd, 000129.767, 351.0
Trd, 000129.867, 352
Trd, 000130.333, 350
Trd, 000131.817, 351
Trd, 000132.200, 351
Trd, 000132.350, 350
Trd, 000132.500, 352
Trd, 000133.000, 349
Trd, 000133.717, 355.0
Trd, 000134.000, 353
Trd, 000135.417, 356
Trd, 000135.633, 356
Trd, 000135.950, 353
Trd, 000136.367, 355
Trd, 000136.533, 362.0
Trd, 000136.883, 355
Trd, 000137.600, 352
Trd, 000137.983, 356
Trd, 000138.450, 352.0
Trd, 000140.167, 355
Trd, 000140.550, 352.0
Trd, 000141.600, 353.0
Trd, 000142.650, 349.0
Trd, 000143.383, 349.0
Trd, 000144.400, 348
Trd, 000144.700, 352.0
Trd, 000144.817, 348
Trd, 000145.717, 352
Trd, 000146.433, 348.0
Trd, 000146.567, 350
Trd, 000146.650, 342
Trd, 000147.983, 349
Trd, 000148.100, 348
Trd, 000148.867, 350
Trd, 000149.317, 349
Trd, 000149.617, 350
Trd, 000149.950, 351.0
Trd, 000150.450, 351
Trd, 000150.817, 355.0
Trd, 000150.917, 348
Trd, 000151.567, 355
Trd, 000151.917, 349
Trd, 000152.200, 347
Trd, 000152.350, 356
Trd, 000152.567, 362.0
Trd, 000153.567, 340
Trd, 000153.900, 337.0
Trd, 000155.117, 351.0
Trd, 000155.400, 352.0
Trd, 000155.533, 351.0
Trd, 000155.900, 348.0
Trd, 000156.250, 343
Trd, 000156.483, 352
Trd, 000157.233, 341
Trd, 000159.217, 340
Trd, 000159.400, 338
Trd, 000159.750, 337.0
Trd, 000160.767, 352
Trd, 000161.017, 352
Trd, 000161.067, 353
Trd, 000161.250, 351.0
Trd, 000161.717, 354.0
Trd, 000163.000, 352
Trd, 000163.733, 353.0
Trd, 000163.800, 355
Trd, 000164.350, 353.0
Trd, 000164.683, 355.0
Trd, 000165.000, 353
Trd, 000165.650, 352
Trd, 000166.367, 353
Trd, 000166.667, 351
Trd, 000167.000, 349
Trd, 000167.533, 348.0
Trd, 000167.867, 340
Trd, 000168.100, 337.0
Trd, 000169.967, 350.0
Trd, 000169.983, 349.0
Trd, 000170.100, 351
Trd, 000170.600, 348.0
Trd, 000172.617, 352
Trd, 000173.433, 350
Trd, 000173.817, 348
Trd, 000173.917, 350
Trd, 000174.150, 340
Trd, 000174.217, 351
Trd, 000175.483, 340
Trd, 000177.117, 350.0
Trd, 000177.150, 349.0
Trd, 000177.567, 348.0
Trd, 000178.283, 351.0
Trd, 000178.650, 351
Trd, 000179.133, 352
Trd, 000180.117, 353
Trd, 000180.767, 355.0
Trd, 000181.000, 354
Trd, 000181.350, 362.0
Trd, 000181.767, 350
Trd, 000182.433, 350
Trd, 000182.783, 348.0
Trd, 000182.933, 339
Trd, 000183.100, 337.0
Trd, 000183.650, 324.0
Trd, 000183.850, 316
Trd, 000185.083, 174
Trd, 000185.183, 173
Trd, 000185.400, 169
Trd, 000186.083, 194
Trd, 000186.150, 171
Trd, 000186.300, 162
Trd, 000186.433, 187
Trd, 000186.500, 155
Trd, 000187.417, 190
Trd, 000188.083, 160
Trd, 000189.967, 170
Trd, 000190.150, 183
Trd, 000190.350, 177
Trd, 000190.833, 183
Trd, 000191.233, 180
Trd, 000191.533, 173
Trd, 000191.767, 181
Trd, 000192.767, 172
Trd, 000194.033, 171
Trd, 000194.117, 169
Trd, 000195.017, 179
Trd, 000195.383, 179
Trd, 000195.667, 177
Trd, 000195.800, 181
Trd, 000196.300, 174
Trd, 000196.633, 173
Trd, 000197.150, 175
Trd, 000197.533, 171
Trd, 000197.600, 170
Trd, 000197.750, 175
Trd, 000198.283, 176
Trd, 000199.083, 171
Trd, 000199.900, 173
Trd, 000200.283, 174
Trd, 000200.933, 174
Trd, 000201.017, 172
Trd, 000201.983, 174
Trd, 000202.117, 175
Trd, 000202.283, 176
Trd, 000202.333, 182
Trd, 000202.600, 172
Trd, 000202.817, 168
Trd, 000203.100, 161
Trd, 000203.367, 179
Trd, 000205.650, 170
Trd, 000206.150, 174
Trd, 000207.067, 174
Trd, 000207.550, 173
Trd, 000207.567, 171
Trd, 000208.717, 172
Trd, 000208.800, 173
Trd, 000209.000, 169
Trd, 000209.900, 161
Trd, 000210.517, 174
Trd, 000211.133, 186
Trd, 000212.117, 174
Trd, 000212.217, 176
Trd, 000212.717, 174
Trd, 000213.600, 171
Trd, 000214.283, 170
Trd, 000214.500, 173
Trd, 000215.767, 173
Trd, 000216.167, 173
Trd, 000216.700, 174
Trd, 000216.833, 183
Trd, 000217.483, 173
Trd, 000217.600, 176
Trd, 000217.733, 178
Trd, 000217.850, 170
Trd, 000219.750, 171
Trd, 000219.867, 171
Trd, 000221.850, 173
Trd, 000222.667, 173
Trd, 000223.217, 172
Trd, 000223.383, 170
Trd, 000223.550, 173
Trd, 000224.617, 173
Trd, 000224.633, 169
Trd, 000226.167, 172
Trd, 000226.417, 169
Trd, 000226.867, 173
Trd, 000227.183, 185
Trd, 000227.600, 178
Trd, 000228.500, 173
Trd, 000228.567, 171
Trd, 000229.517, 178
Trd, 000229.850, 178
Trd, 000230.250, 180
Trd, 000230.900, 179
Trd, 000231.967, 186
Trd, 000232.083, 187
Trd, 000232.250, 178
Trd, 000232.517, 173
Trd, 000234.233, 185
Trd, 000234.383, 177
Trd, 000235.117, 178
Trd, 000235.400, 174
Trd, 000235.933, 177
Trd, 000236.600, 177
Trd, 000236.767, 181
Trd, 000237.500, 174
Trd, 000238.000, 179
Trd, 000239.050, 179
Trd, 000239.933, 179
Trd, 000240.433, 178
Trd, 000240.617, 178
Trd, 000240.767, 176
Trd, 000240.983, 174
Trd, 000241.617, 176
Trd, 000241.800, 174
Trd, 000242.317, 173
Trd, 000242.517, 172
Trd, 000243.017, 172
Trd, 000243.100, 175
Trd, 000243.167, 168
Trd, 000243.567, 175
Trd, 000244.450, 178
Trd, 000245.350, 174
Trd, 000245.433, 177
Trd, 000245.550, 175
Trd, 000245.800, 173
Trd, 000246.000, 173
Trd, 000246.583, 178
Trd, 000246.600, 179
Trd, 000247.400, 177
Trd, 000247.533, 173
Trd, 000247.700, 173
Trd, 000248.250, 180
Trd, 000248.283, 168
Trd, 000248.967, 183
Trd, 000249.433, 195
Trd, 000249.517, 195
Trd, 000249.883, 197
Trd, 000251.083, 194
Trd, 000251.450, 194
Trd, 000251.467, 195
Trd, 000251.783, 183
Trd, 000252.983, 191
Trd, 000253.333, 192
Trd, 000253.350, 193
Trd, 000253.650, 188
Trd, 000254.317, 188
Trd, 000254.550, 180
Trd, 000255.667, 177
Trd, 000256.033, 178
Trd, 000256.217, 181
Trd, 000256.833, 176
Trd, 000257.200, 176
Trd, 000257.467, 175
Trd, 000258.067, 178
Trd, 000258.467, 181
Trd, 000258.900, 180
Trd, 000259.350, 182
Trd, 000259.433, 182
Trd, 000259.683, 181
Trd, 000259.867, 187
Trd, 000260.150, 191
Trd, 000260.333, 180
Trd, 000260.650, 176
Trd, 000261.367, 188
Trd, 000262.217, 178
Trd, 000262.300, 178
Trd, 000262.800, 174
Trd, 000263.017, 178
Trd, 000263.517, 181
Trd, 000264.117, 176
Trd, 000264.750, 177
Trd, 000264.817, 176
Trd, 000265.033, 178
Trd, 000265.633, 177
Trd, 000265.917, 178
Trd, 000265.983, 174
Trd, 000266.100, 179
Trd, 000266.533, 175
Trd, 000266.683, 179
Trd, 000266.967, 178
Trd, 000267.783, 175
Trd, 000268.150, 180
Trd, 000268.500, 182
Trd, 000268.900, 182
Trd, 000270.217, 176
Trd, 000270.517, 180
Trd, 000270.767, 187
Trd, 000271.417, 184
Trd, 000271.450, 182
Trd, 000271.483, 181
Trd, 000271.700, 182
Trd, 000272.767, 181
Trd, 000272.833, 182
Trd, 000273.000, 180
Trd, 000275.400, 182
Trd, 000275.667, 180
Trd, 000275.850, 183
Trd, 000276.033, 178
Trd, 000276.267, 176
Trd, 000276.633, 171
Trd, 000276.917, 165
Trd, 000276.933, 168
Trd, 000277.117, 159
Trd, 000277.633, 175
Trd, 000278.167, 171
Trd, 000278.417, 162
Trd, 000278.733, 169
Trd, 000279.267, 182
Trd, 000279.417, 176
Trd, 000279.867, 177
Trd, 000279.900, 183
Trd, 000280.200, 185
Trd, 000280.233, 184
Trd, 000281.417, 178
Trd, 000281.683, 184
Trd, 000282.267, 185
Trd, 000282.817, 177
Trd, 000283.250, 185
Trd, 000283.683, 182
Trd, 000283.767, 182
Trd, 000284.200, 178
Trd, 000284.383, 178
Trd, 000284.583, 177
Trd, 000285.383, 181
Trd, 000285.567, 177
Trd, 000285.783, 181
Trd, 000285.800, 175
Trd, 000286.467, 181
Trd, 000286.483, 183
Trd, 000286.733, 177
Trd, 000286.900, 184
Trd, 000287.750, 175
Trd, 000287.800, 174
Trd, 000288.650, 172
Trd, 000288.883, 160
Trd, 000288.950, 160
Trd, 000289.267, 176
Trd, 000289.300, 190
Trd, 000289.533, 185
Trd, 000290.367, 189
Trd, 000290.717, 177
Trd, 000291.467, 184
Trd, 000291.517, 198
Trd, 000291.533, 199
Trd, 000291.933, 179
Trd, 000292.017, 179
Trd, 000292.550, 184
Trd, 000292.650, 177
Trd, 000292.967, 166
Trd, 000293.767, 170
Trd, 000293.950, 153
Trd, 000294.183, 160
Trd, 000294.483, 173
Trd, 000295.000, 188
Trd, 000295.167, 191
Trd, 000295.383, 194
Trd, 000295.917, 170
Trd, 000296.017, 183
Trd, 000296.733, 178
Trd, 000297.683, 186
Trd, 000298.350, 189
Trd, 000298.583, 194
Trd, 000298.850, 198
Trd, 000298.883, 189
Trd, 000299.100, 188
Trd, 000299.583, 188
