Trd, 000001.967, 151
Trd, 000002.550, 154
Trd, 000002.850, 155
Trd, 000003.033, 165
Trd, 000004.183, 151
Trd, 000004.383, 151
Trd, 000004.700, 136
Trd, 000006.633, 143
Trd, 000006.983, 144
Trd, 000007.000, 142
Trd, 000007.517, 141
Trd, 000007.867, 134
Trd, 000008.733, 141
Trd, 000008.950, 142
Trd, 000009.000, 147
Trd, 000009.333, 140
Trd, 000009.983, 146
Trd, 000010.333, 151
Trd, 000011.617, 141
Trd, 000012.483, 146
Trd, 000013.533, 144
Trd, 000013.567, 142
Trd, 000013.583, 142
Trd, 000013.933, 145
Trd, 000014.150, 145
Trd, 000014.433, 146
Trd, 000016.383, 146
Trd, 000017.017, 149
Trd, 000017.433, 152
Trd, 000017.617, 155
Trd, 000018.983, 151
Trd, 000019.450, 149
Trd, 000019.783, 152
Trd, 000019.917, 152
Trd, 000021.267, 148
Trd, 000022.367, 151
Trd, 000022.517, 147
Trd, 000023.683, 151
Trd, 000024.850, 147
Trd, 000025.183, 148
Trd, 000025.217, 146
Trd, 000025.567, 149
Trd, 000025.600, 143
Trd, 000025.950, 148
Trd, 000026.683, 149
Trd, 000028.367, 149
Trd, 000028.550, 148
Trd, 000029.717, 149
Trd, 000030.017, 154
Trd, 000030.117, 147
Trd, 000031.300, 145
Trd, 000031.500, 151
Trd, 000031.583, 151
Trd, 000033.700, 151
Trd, 000034.300, 150
Trd, 000035.117, 149
Trd, 000035.267, 148
Trd, 000035.333, 148
Trd, 000035.900, 146
Trd, 000036.017, 147
Trd, 000036.333, 147
Trd, 000036.350, 153
Trd, 000036.417, 154
Trd, 000037.500, 156
Trd, 000038.633, 156
Trd, 000038.817, 148
Trd, 000039.183, 159
Trd, 000040.833, 147
Trd, 000040.867, 151
Trd, 000041.683, 147
Trd, 000042.433, 146
Trd, 000042.567, 147
Trd, 000042.617, 148
Trd, 000043.183, 145
Trd, 000043.983, 145
Trd, 000044.767, 143
Trd, 000045.333, 145
Trd, 000045.483, 141
Trd, 000045.700, 145
Trd, 000046.333, 140
Trd, 000046.417, 154
Trd, 000047.833, 146
Trd, 000048.767, 145
Trd, 000049.500, 147
Trd, 000049.533, 149
Trd, 000050.350, 155
Trd, 000050.483, 147
Trd, 000050.617, 154
Trd, 000052.167, 154
Trd, 000052.433, 152
Trd, 000053.167, 151
Trd, 000053.183, 150
Trd, 000053.233, 153
Trd, 000053.733, 156
Trd, 000054.517, 159
Trd, 000054.767, 160
Trd, 000055.700, 157
Trd, 000055.750, 150
Trd, 000055.900, 160
Trd, 000056.267, 148
Trd, 000057.633, 157
Trd, 000058.383, 156
Trd, 000058.400, 149
Trd, 000058.467, 147
Trd, 000060.283, 150
Trd, 000062.317, 148
Trd, 000062.417, 149
Trd, 000062.500, 146
Trd, 000062.633, 150
Trd, 000063.633, 140
Trd, 000063.767, 147
Trd, 000063.783, 148
Trd, 000063.800, 149
Trd, 000064.333, 148
Trd, 000065.150, 147
Trd, 000066.200, 144
Trd, 000066.317, 146
Trd, 000066.933, 146
Trd, 000067.650, 146
Trd, 000068.333, 157
Trd, 000068.417, 158
Trd, 000068.483, 158
Trd, 000069.683, 151
Trd, 000070.467, 158
Trd, 000070.983, 155
Trd, 000071.800, 150
Trd, 000071.817, 149
Trd, 000072.400, 151
Trd, 000073.467, 152
Trd, 000073.700, 165
Trd, 000074.217, 157
Trd, 000074.667, 158
Trd, 000074.717, 157
Trd, 000075.100, 153
Trd, 000075.800, 149
Trd, 000076.400, 148
Trd, 000076.617, 147
Trd, 000077.117, 147
Trd, 000077.183, 148
Trd, 000077.933, 148
Trd, 000078.083, 147
Trd, 000078.217, 145
Trd, 000079.333, 147
Trd, 000080.233, 147
Trd, 000080.600, 148
Trd, 000080.950, 147
Trd, 000081.917, 146
Trd, 000081.967, 147
Trd, 000083.050, 147
Trd, 000083.267, 149
Trd, 000084.767, 158
Trd, 000085.300, 154
Trd, 000086.283, 153
Trd, 000086.333, 155
Trd, 000086.783, 152
Trd, 000087.100, 149
Trd, 000088.083, 151
Trd, 000088.700, 152
Trd, 000088.800, 152
Trd, 000089.083, 150
Trd, 000089.233, 149
Trd, 000089.450, 147
Trd, 000089.817, 153
Trd, 000089.917, 146
Trd, 000090.600, 154
Trd, 000090.917, 148
Trd, 000091.083, 167
Trd, 000091.800, 140
Trd, 000091.967, 152
Trd, 000093.433, 153
Trd, 000094.050, 153
Trd, 000094.117, 140
Trd, 000094.200, 159
Trd, 000094.317, 160
Trd, 000096.367, 155
Trd, 000097.083, 154
Trd, 000097.517, 155
Trd, 000097.700, 148
Trd, 000097.783, 148
Trd, 000098.217, 154
Trd, 000098.683, 147
Trd, 000099.133, 149
Trd, 000100.000, 153
Trd, 000102.500, 150
Trd, 000102.700, 151
Trd, 000104.200, 149
Trd, 000104.517, 150
Trd, 000104.933, 151
Trd, 000105.433, 148
Trd, 000105.933, 165
Trd, 000106.267, 169
Trd, 000106.350, 149
Trd, 000107.117, 162
Trd, 000107.183, 157
Trd, 000108.000, 158
Trd, 000108.733, 158
Trd, 000109.650, 158
Trd, 000110.600, 154
Trd, 000110.700, 158
Trd, 000112.067, 159
Trd, 000112.150, 156
Trd, 000112.400, 162
Trd, 000114.117, 157
Trd, 000115.183, 157
Trd, 000115.600, 158
Trd, 000115.867, 160
Trd, 000116.433, 158
Trd, 000116.550, 155
Trd, 000117.383, 153
Trd, 000117.600, 158
Trd, 000117.800, 152
Trd, 000118.067, 162
Trd, 000118.183, 158
Trd, 000118.600, 166
Trd, 000119.333, 168
Trd, 000120.417, 168
Trd, 000120.733, 163
Trd, 000121.700, 163
Trd, 000121.983, 166
Trd, 000122.583, 166
Trd, 000123.000, 167
Trd, 000123.017, 167
Trd, 000123.233, 198
Trd, 000123.517, 207
Trd, 000124.167, 303.0
Trd, 000124.217, 331.0
Trd, 000125.233, 328
Trd, 000125.750, 328
Trd, 000126.000, 340
Trd, 000126.133, 340.0
Trd, 000127.817, 339.0
Trd, 000128.167, 336
Trd, 000128.717, 333.0
Trd, 000128.967, 333
Trd, 000129.117, 334.0
Trd, 000131.167, 338
Trd, 000131.917, 336
Trd, 000131.950, 339
Trd, 000132.100, 341
Trd, 000133.100, 331.0
Trd, 000133.300, 338
Trd, 000134.983, 334
Trd, 000135.017, 339
Trd, 000135.450, 336
Trd, 000136.017, 337
Trd, 000136.383, 331.0
Trd, 000137.550, 337
Trd, 000138.017, 334
Trd, 000139.000, 338.0
Trd, 000140.050, 340.0
Trd, 000140.233, 336
Trd, 000140.350, 339
Trd, 000140.383, 340.0
Trd, 000141.017, 339
Trd, 000141.550, 337
Trd, 000142.917, 338
Trd, 000143.367, 338
Trd, 000143.767, 341.0
Trd, 000144.550, 337.0
Trd, 000144.833, 336
Trd, 000146.000, 336
Trd, 000146.417, 337.0
Trd, 000146.750, 339.0
Trd, 000146.783, 333.0
Trd, 000148.383, 337
Trd, 000148.633, 331.0
Trd, 000148.750, 339
Trd, 000148.833, 330
Trd, 000149.667, 349
Trd, 000150.483, 348
Trd, 000151.033, 339
Trd, 000151.417, 340
Trd, 000152.900, 343
Trd, 000154.550, 339
Trd, 000154.983, 340
Trd, 000155.033, 344
Trd, 000155.133, 350.0
Trd, 000155.300, 339
Trd, 000155.433, 337.0
Trd, 000156.250, 349
Trd, 000156.467, 351.0
Trd, 000158.733, 338
Trd, 000158.917, 347
Trd, 000159.567, 338
Trd, 000160.300, 342
Trd, 000160.483, 340
Trd, 000160.700, 341
Trd, 000161.367, 339
Trd, 000162.517, 334.0
Trd, 000164.600, 332
Trd, 000164.867, 335
Trd, 000164.950, 336
Trd, 000166.683, 335
Trd, 000166.950, 335
Trd, 000167.050, 334
Trd, 000167.400, 338
Trd, 000167.517, 332
Trd, 000167.917, 341.0
Trd, 000168.017, 351.0
Trd, 000168.350, 357
Trd, 000168.600, 349
Trd, 000169.167, 340
Trd, 000169.467, 337
Trd, 000169.833, 355
Trd, 000172.083, 340
Trd, 000172.483, 348
Trd, 000173.800, 339
Trd, 000175.300, 339
Trd, 000176.150, 339
Trd, 000176.233, 337.0
Trd, 000176.317, 341
Trd, 000176.567, 339
Trd, 000177.117, 336
Trd, 000177.783, 336
Trd, 000177.867, 331.0
Trd, 000177.967, 337
Trd, 000178.283, 332
Trd, 000178.383, 328
Trd, 000180.533, 330
Trd, 000180.650, 331.0
Trd, 000181.683, 320
Trd, 000182.167, 330
Trd, 000182.417, 326
Trd, 000182.650, 320.0
Trd, 000182.850, 320
Trd, 000183.050, 316
Trd, 000183.200, 328
Trd, 000183.767, 300
Trd, 000183.883, 292
Trd, 000184.650, 279
Trd, 000184.767, 207
Trd, 000184.850, 159
Trd, 000185.417, 175
Trd, 000185.700, 169
Trd, 000185.867, 176
Trd, 000185.917, 166
Trd, 000187.283, 187
Trd, 000187.567, 182
Trd, 000187.850, 182
Trd, 000188.250, 183
Trd, 000189.133, 182
Trd, 000189.233, 178
Trd, 000189.250, 178
Trd, 000190.283, 173
Trd, 000191.067, 171
Trd, 000191.517, 170
Trd, 000191.800, 166
Trd, 000192.783, 169
Trd, 000192.867, 153
Trd, 000193.600, 167
Trd, 000193.667, 158
Trd, 000194.333, 167
Trd, 000194.400, 174
Trd, 000194.550, 178
Trd, 000195.733, 168
Trd, 000196.533, 162
Trd, 000197.867, 165
Trd, 000198.000, 160
Trd, 000198.933, 162
Trd, 000199.133, 164
Trd, 000199.483, 156
Trd, 000200.333, 162
Trd, 000200.800, 159
Trd, 000201.267, 161
Trd, 000201.450, 161
Trd, 000202.267, 161
Trd, 000203.383, 161
Trd, 000203.583, 171
Trd, 000203.700, 160
Trd, 000204.067, 158
Trd, 000205.283, 165
Trd, 000205.933, 164
Trd, 000206.517, 160
Trd, 000206.800, 160
Trd, 000208.500, 162
Trd, 000208.533, 160
Trd, 000209.450, 162
Trd, 000209.583, 161
Trd, 000211.233, 160
Trd, 000211.300, 162
Trd, 000212.783, 161
Trd, 000213.250, 160
Trd, 000213.733, 161
Trd, 000213.917, 162
Trd, 000214.267, 158
Trd, 000214.450, 161
Trd, 000216.850, 160
Trd, 000216.900, 159
Trd, 000217.267, 159
Trd, 000217.583, 162
Trd, 000217.667, 157
Trd, 000218.750, 158
Trd, 000219.400, 155
Trd, 000220.033, 153
Trd, 000220.167, 155
Trd, 000222.600, 158
Trd, 000222.867, 159
Trd, 000223.150, 159
Trd, 000223.383, 160
Trd, 000223.533, 172
Trd, 000224.017, 150
Trd, 000224.033, 168
Trd, 000224.150, 149
Trd, 000224.567, 167
Trd, 000224.750, 173
Trd, 000225.917, 166
Trd, 000225.967, 177
Trd, 000228.183, 167
Trd, 000229.400, 163
Trd, 000229.950, 161
Trd, 000230.067, 165
Trd, 000230.700, 165
Trd, 000230.717, 161
Trd, 000231.133, 174
Trd, 000231.400, 178
Trd, 000232.667, 161
Trd, 000232.983, 160
Trd, 000233.367, 165
Trd, 000234.383, 162
Trd, 000234.483, 162
Trd, 000234.600, 162
Trd, 000235.750, 162
Trd, 000235.833, 160
Trd, 000235.850, 163
Trd, 000236.350, 160
Trd, 000236.417, 164
Trd, 000237.250, 162
Trd, 000237.817, 173
Trd, 000238.517, 165
Trd, 000238.683, 173
Trd, 000238.767, 175
Trd, 000238.833, 186
Trd, 000238.917, 163
Trd, 000239.983, 157
Trd, 000240.483, 173
Trd, 000240.533, 159
Trd, 000242.567, 169
Trd, 000242.700, 170
Trd, 000242.733, 170
Trd, 000242.933, 170
Trd, 000243.200, 171
Trd, 000243.733, 172
Trd, 000244.350, 173
Trd, 000244.550, 175
Trd, 000244.617, 179
Trd, 000244.900, 189
Trd, 000245.600, 181
Trd, 000245.633, 173
Trd, 000246.033, 173
Trd, 000246.600, 175
Trd, 000247.417, 175
Trd, 000248.050, 169
Trd, 000248.950, 171
Trd, 000249.183, 171
Trd, 000249.650, 168
Trd, 000249.683, 162
Trd, 000250.667, 170
Trd, 000251.783, 167
Trd, 000251.883, 168
Trd, 000251.950, 169
Trd, 000252.650, 168
Trd, 000252.917, 169
Trd, 000252.967, 176
Trd, 000253.167, 167
Trd, 000254.550, 169
Trd, 000254.817, 170
Trd, 000254.900, 171
Trd, 000255.417, 168
Trd, 000256.200, 175
Trd, 000257.183, 176
Trd, 000257.917, 177
Trd, 000258.000, 172
Trd, 000258.317, 177
Trd, 000258.650, 176
Trd, 000258.833, 174
Trd, 000259.433, 173
Trd, 000259.517, 173
Trd, 000260.533, 176
Trd, 000261.017, 176
Trd, 000261.033, 177
Trd, 000261.417, 178
Trd, 000262.317, 179
Trd, 000262.450, 180
Trd, 000263.617, 177
Trd, 000263.867, 177
Trd, 000265.167, 178
Trd, 000266.167, 177
Trd, 000266.550, 173
Trd, 000266.650, 178
Trd, 000266.767, 179
Trd, 000267.000, 181
Trd, 000267.217, 169
Trd, 000267.600, 163
Trd, 000268.033, 174
Trd, 000268.083, 170
Trd, 000269.383, 167
Trd, 000269.450, 170
Trd, 000269.733, 171
Trd, 000270.000, 171
Trd, 000271.883, 167
Trd, 000271.967, 168
Trd, 000272.350, 169
Trd, 000272.567, 178
Trd, 000272.617, 166
Trd, 000272.700, 178
Trd, 000274.783, 178
Trd, 000275.050, 176
Trd, 000275.183, 174
Trd, 000275.283, 177
Trd, 000275.833, 170
Trd, 000275.867, 169
Trd, 000277.233, 159
Trd, 000277.467, 162
Trd, 000277.567, 162
Trd, 000278.583, 172
Trd, 000279.033, 174
Trd, 000279.883, 164
Trd, 000280.200, 174
Trd, 000280.550, 169
Trd, 000281.050, 171
Trd, 000281.217, 172
Trd, 000281.367, 171
Trd, 000282.400, 170
Trd, 000282.783, 170
Trd, 000283.167, 171
Trd, 000283.333, 179
Trd, 000283.550, 167
Trd, 000283.567, 178
Trd, 000284.300, 183
Trd, 000284.500, 169
Trd, 000285.117, 178
Trd, 000285.583, 172
Trd, 000285.650, 179
Trd, 000286.733, 185
Trd, 000287.617, 185
Trd, 000287.650, 176
Trd, 000287.733, 186
Trd, 000287.817, 170
Trd, 000288.767, 184
Trd, 000289.433, 183
Trd, 000289.783, 181
Trd, 000291.133, 176
Trd, 000291.533, 177
Trd, 000291.633, 178
Trd, 000291.967, 178
Trd, 000292.067, 176
Trd, 000293.233, 178
Trd, 000293.683, 178
Trd, 000294.050, 175
Trd, 000294.400, 178
Trd, 000294.817, 179
Trd, 000295.817, 176
Trd, 000296.767, 177
Trd, 000297.133, 184
Trd, 000297.667, 175
Trd, 000298.150, 180
Trd, 000298.233, 174
Trd, 000298.767, 172
Trd, 000298.817, 180
