Trd, 000002.433, 163
Trd, 000002.717, 149
Trd, 000003.400, 165
Trd, 000004.133, 148
Trd, 000004.250, 149
Trd, 000005.067, 145
Trd, 000005.217, 143
Trd, 000005.400, 155
Trd, 000006.433, 169
Trd, 000006.983, 153
Trd, 000007.317, 148
Trd, 000007.433, 175
Trd, 000007.650, 159
Trd, 000010.467, 158
Trd, 000010.583, 159
Trd, 000010.867, 163
Trd, 000011.550, 158
Trd, 000013.567, 158
Trd, 000013.767, 157
Trd, 000013.883, 154
Trd, 000014.467, 152
Trd, 000014.700, 158
Trd, 000015.650, 151
Trd, 000015.767, 156
Trd, 000017.483, 153
Trd, 000017.800, 153
Trd, 000018.817, 152
Trd, 000018.900, 155
Trd, 000019.017, 157
Trd, 000019.733, 160
Trd, 000019.767, 151
Trd, 000021.600, 159
Trd, 000022.083, 155
Trd, 000022.133, 151
Trd, 000022.350, 160
Trd, 000023.533, 160
Trd, 000024.000, 170
Trd, 000024.400, 153
Trd, 000024.717, 157
Trd, 000024.733, 167
Trd, 000025.000, 153
Trd, 000026.083, 177
Trd, 000027.417, 166
Trd, 000027.717, 165
Trd, 000029.033, 158
Trd, 000029.100, 162
Trd, 000029.183, 155
Trd, 000029.467, 160
Trd, 000029.950, 157
Trd, 000030.067, 154
Trd, 000030.250, 155
Trd, 000031.267, 152
Trd, 000031.933, 152
Trd, 000033.217, 156
Trd, 000034.067, 154
Trd, 000035.500, 155
Trd, 000035.567, 154
Trd, 000035.667, 156
Trd, 000036.300, 154
Trd, 000036.317, 154
Trd, 000037.000, 158
Trd, 000037.317, 154
Trd, 000037.367, 152
Trd, 000038.450, 157
Trd, 000039.817, 160
Trd, 000039.900, 156
Trd, 000041.483, 159
Trd, 000042.417, 157
Trd, 000042.867, 161
Trd, 000043.433, 158
Trd, 000043.833, 155
Trd, 000045.183, 158
Trd, 000045.317, 155
Trd, 000045.900, 157
Trd, 000046.317, 157
Trd, 000046.900, 158
Trd, 000047.817, 155
Trd, 000048.650, 158
Trd, 000049.583, 156
Trd, 000050.317, 157
Trd, 000050.500, 156
Trd, 000050.917, 158
Trd, 000051.667, 158
Trd, 000052.000, 163
Trd, 000052.550, 158
Trd, 000053.550, 160
Trd, 000054.600, 165
Trd, 000055.067, 158
Trd, 000055.483, 157
Trd, 000055.750, 156
Trd, 000056.450, 155
Trd, 000057.183, 163
Trd, 000058.083, 156
Trd, 000058.567, 155
Trd, 000059.083, 154
Trd, 000059.900, 157
Trd, 000060.350, 158
Trd, 000060.500, 157
Trd, 000061.267, 157
Trd, 000061.850, 156
Trd, 000062.000, 154
Trd, 000062.233, 165
Trd, 000062.500, 154
Trd, 000063.017, 171
Trd, 000065.133, 158
Trd, 000065.700, 158
Trd, 000066.317, 158
Trd, 000066.767, 160
Trd, 000067.417, 158
Trd, 000068.383, 158
Trd, 000069.417, 160
Trd, 000069.683, 161
Trd, 000069.983, 162
Trd, 000070.483, 172
Trd, 000070.833, 164
Trd, 000071.317, 158
Trd, 000071.483, 169
Trd, 000071.783, 170
Trd, 000072.033, 158
Trd, 000072.633, 175
Trd, 000073.817, 172
Trd, 000074.167, 157
Trd, 000074.517, 156
Trd, 000075.000, 155
Trd, 000075.200, 166
Trd, 000076.750, 163
Trd, 000077.083, 162
Trd, 000077.617, 161
Trd, 000077.717, 159
Trd, 000077.933, 161
Trd, 000078.700, 163
Trd, 000078.733, 165
Trd, 000078.767, 173
Trd, 000079.667, 177
Trd, 000081.217, 176
Trd, 000081.433, 169
Trd, 000083.367, 170
Trd, 000083.633, 170
Trd, 000083.817, 171
Trd, 000083.967, 169
Trd, 000084.550, 166
Trd, 000084.683, 173
Trd, 000085.350, 176
Trd, 000085.550, 160
Trd, 000086.450, 174
Trd, 000087.733, 176
Trd, 000087.917, 167
Trd, 000088.533, 163
Trd, 000089.017, 156
Trd, 000089.633, 163
Trd, 000089.717, 162
Trd, 000090.633, 163
Trd, 000091.150, 164
Trd, 000092.733, 162
Trd, 000093.083, 161
Trd, 000093.267, 160
Trd, 000093.983, 160
Trd, 000094.050, 163
Trd, 000094.433, 160
Trd, 000094.567, 161
Trd, 000094.850, 164
Trd, 000095.900, 163
Trd, 000096.867, 164
Trd, 000097.167, 169
Trd, 000097.183, 157
Trd, 000099.450, 166
Trd, 000099.800, 157
Trd, 000099.983, 144
Trd, 000100.283, 154
Trd, 000100.617, 173
Trd, 000102.333, 156
Trd, 000102.450, 157
Trd, 000102.883, 142
Trd, 000103.367, 158
Trd, 000104.417, 158
Trd, 000104.667, 158
Trd, 000105.183, 159
Trd, 000105.767, 165
Trd, 000106.050, 168
Trd, 000108.483, 159
Trd, 000108.567, 165
Trd, 000108.767, 160
Trd, 000109.967, 165
Trd, 000110.250, 165
Trd, 000111.650, 166
Trd, 000111.883, 165
Trd, 000112.133, 168
Trd, 000112.167, 165
Trd, 000112.250, 169
Trd, 000113.683, 168
Trd, 000114.350, 165
Trd, 000114.367, 165
Trd, 000114.433, 164
Trd, 000115.733, 166
Trd, 000116.350, 166
Trd, 000116.600, 165
Trd, 000118.100, 168
Trd, 000118.367, 164
Trd, 000118.533, 164
Trd, 000118.583, 165
Trd, 000119.500, 163
Trd, 000119.917, 166
Trd, 000120.350, 163
Trd, 000121.250, 167
Trd, 000121.483, 167
Trd, 000121.800, 168
Trd, 000121.917, 170
Trd, 000122.083, 182
Trd, 000122.167, 184
Trd, 000122.250, 187
Trd, 000123.283, 300.0
Trd, 000123.633, 303.0
Trd, 000124.433, 334.0
Trd, 000124.517, 340
Trd, 000124.617, 345
Trd, 000126.200, 346.0
Trd, 000127.150, 348.0
Trd, 000127.900, 326
Trd, 000128.200, 327
Trd, 000128.883, 337
Trd, 000129.000, 346
Trd, 000130.033, 350.0
Trd, 000130.067, 355.0
Trd, 000130.950, 334.0
Trd, 000131.517, 331
Trd, 000132.283, 347.0
Trd, 000132.817, 336
Trd, 000135.250, 358
Trd, 000135.700, 348
Trd, 000136.050, 347
Trd, 000136.267, 349
Trd, 000137.000, 352
Trd, 000137.367, 351.0
Trd, 000137.400, 350
Trd, 000137.900, 351.0
Trd, 000138.467, 354.0
Trd, 000138.650, 350
Trd, 000139.850, 348.0
Trd, 000140.267, 349
Trd, 000140.800, 347
Trd, 000141.867, 351
Trd, 000142.033, 352
Trd, 000143.433, 343
Trd, 000143.500, 355.0
Trd, 000143.667, 347
Trd, 000145.767, 351
Trd, 000146.033, 352
Trd, 000146.400, 355.0
Trd, 000146.850, 355
Trd, 000146.867, 351.0
Trd, 000147.200, 357
Trd, 000147.300, 353
Trd, 000147.600, 348.0
Trd, 000147.650, 355.0
Trd, 000148.150, 352
Trd, 000149.083, 354
Trd, 000149.900, 351.0
Trd, 000151.500, 355
Trd, 000152.067, 354
Trd, 000152.967, 353
Trd, 000153.033, 352
Trd, 000154.000, 351.0
Trd, 000155.183, 351
Trd, 000155.650, 350
Trd, 000155.950, 351
Trd, 000156.633, 350
Trd, 000157.567, 351
Trd, 000157.583, 349
Trd, 000158.133, 355.0
Trd, 000158.417, 362
Trd, 000159.417, 348
Trd, 000160.217, 351
Trd, 000160.267, 360
Trd, 000161.383, 351
Trd, 000161.717, 352
Trd, 000162.100, 351.0
Trd, 000162.500, 355.0
Trd, 000162.617, 354
Trd, 000162.683, 362
Trd, 000162.783, 350
Trd, 000163.100, 348.0
Trd, 000163.333, 348
Trd, 000163.350, 347
Trd, 000164.067, 360
Trd, 000164.450, 343
Trd, 000164.483, 342
Trd, 000164.917, 362
Trd, 000165.317, 343
Trd, 000168.100, 345
Trd, 000168.250, 353
Trd, 000169.283, 354.0
Trd, 000169.717, 355.0
Trd, 000169.933, 348
Trd, 000169.967, 365.0
Trd, 000170.100, 346
Trd, 000173.417, 354.0
Trd, 000173.517, 351.0
Trd, 000173.533, 348
Trd, 000173.683, 348.0
Trd, 000174.400, 348
Trd, 000174.600, 353.0
Trd, 000174.900, 355.0
Trd, 000175.250, 357
Trd, 000177.250, 354
Trd, 000177.650, 349
Trd, 000178.600, 349
Trd, 000179.300, 350
Trd, 000179.433, 348
Trd, 000179.883, 348
Trd, 000180.300, 348.0
Trd, 000181.083, 354.0
Trd, 000182.167, 346
Trd, 000182.633, 327.0
Trd, 000183.150, 317.0
Trd, 000183.433, 310.0
Trd, 000183.533, 300.0
Trd, 000184.433, 216
Trd, 000184.467, 193
Trd, 000185.167, 186
Trd, 000185.683, 202
Trd, 000186.000, 170
Trd, 000187.700, 176
Trd, 000188.283, 173
Trd, 000188.600, 176
Trd, 000188.983, 170
Trd, 000190.267, 175
Trd, 000190.600, 181
Trd, 000190.667, 174
Trd, 000192.483, 179
Trd, 000192.583, 179
Trd, 000192.917, 184
Trd, 000193.483, 175
Trd, 000193.983, 179
Trd, 000194.133, 173
Trd, 000194.967, 171
Trd, 000195.167, 170
Trd, 000195.333, 178
Trd, 000195.583, 167
Trd, 000197.767, 169
Trd, 000198.150, 168
Trd, 000198.550, 168
Trd, 000199.217, 170
Trd, 000199.600, 168
Trd, 000199.633, 169
Trd, 000200.650, 172
Trd, 000201.083, 172
Trd, 000201.250, 175
Trd, 000203.133, 185
Trd, 000204.017, 188
Trd, 000204.183, 172
Trd, 000204.867, 177
Trd, 000205.050, 173
Trd, 000205.817, 173
Trd, 000207.000, 173
Trd, 000207.367, 177
Trd, 000207.600, 177
Trd, 000207.967, 173
Trd, 000208.350, 172
Trd, 000208.450, 172
Trd, 000209.033, 178
Trd, 000209.167, 171
Trd, 000210.333, 174
Trd, 000211.600, 174
Trd, 000211.883, 174
Trd, 000212.217, 174
Trd, 000212.500, 177
Trd, 000212.950, 176
Trd, 000213.667, 174
Trd, 000214.017, 172
Trd, 000214.067, 189
Trd, 000214.400, 172
Trd, 000214.950, 183
Trd, 000215.450, 172
Trd, 000216.250, 171
Trd, 000217.500, 173
Trd, 000217.767, 174
Trd, 000218.583, 173
Trd, 000219.533, 172
Trd, 000220.367, 172
Trd, 000220.400, 177
Trd, 000220.750, 187
Trd, 000221.833, 183
Trd, 000222.483, 188
Trd, 000223.517, 183
Trd, 000224.617, 181
Trd, 000224.933, 178
Trd, 000226.233, 175
Trd, 000226.283, 177
Trd, 000226.400, 171
Trd, 000226.717, 173
Trd, 000226.783, 176
Trd, 000228.017, 177
Trd, 000228.033, 180
Trd, 000228.833, 182
Trd, 000229.150, 175
Trd, 000229.167, 187
Trd, 000229.650, 181
Trd, 000229.867, 174
Trd, 000229.900, 184
Trd, 000230.900, 172
Trd, 000231.167, 172
Trd, 000231.850, 173
Trd, 000231.983, 178
Trd, 000232.183, 174
Trd, 000234.033, 172
Trd, 000234.350, 174
Trd, 000234.567, 174
Trd, 000235.050, 176
Trd, 000236.167, 177
Trd, 000236.183, 182
Trd, 000236.517, 188
Trd, 000236.867, 176
Trd, 000236.917, 175
Trd, 000237.117, 191
Trd, 000237.800, 179
Trd, 000238.100, 176
Trd, 000239.617, 184
Trd, 000240.617, 177
Trd, 000240.933, 179
Trd, 000240.967, 177
Trd, 000241.100, 179
Trd, 000241.867, 176
Trd, 000242.817, 175
Trd, 000242.917, 175
Trd, 000243.150, 175
Trd, 000243.483, 176
Trd, 000244.050, 173
Trd, 000245.200, 173
Trd, 000245.450, 176
Trd, 000246.267, 179
Trd, 000246.800, 174
Trd, 000247.183, 172
Trd, 000247.333, 172
Trd, 000247.750, 182
Trd, 000248.000, 177
Trd, 000248.017, 175
Trd, 000248.317, 174
Trd, 000249.033, 162
Trd, 000249.217, 170
Trd, 000249.917, 169
Trd, 000250.100, 168
Trd, 000251.067, 170
Trd, 000251.550, 172
Trd, 000251.817, 173
Trd, 000251.900, 180
Trd, 000251.967, 183
Trd, 000252.217, 187
Trd, 000253.000, 189
Trd, 000253.200, 179
Trd, 000253.633, 179
Trd, 000253.867, 182
Trd, 000255.100, 176
Trd, 000255.350, 177
Trd, 000255.867, 174
Trd, 000256.217, 173
Trd, 000256.800, 179
Trd, 000257.317, 177
Trd, 000258.150, 177
Trd, 000258.300, 180
Trd, 000258.433, 181
Trd, 000259.050, 182
Trd, 000259.217, 180
Trd, 000259.283, 183
Trd, 000260.733, 179
Trd, 000261.067, 180
Trd, 000261.283, 180
Trd, 000261.383, 178
Trd, 000262.450, 179
Trd, 000262.750, 178
Trd, 000263.133, 180
Trd, 000263.267, 177
Trd, 000264.200, 177
Trd, 000264.217, 181
Trd, 000264.450, 184
Trd, 000265.283, 177
Trd, 000265.350, 179
Trd, 000265.500, 180
Trd, 000266.500, 179
Trd, 000266.650, 178
Trd, 000266.850, 181
Trd, 000267.067, 185
Trd, 000267.283, 177
Trd, 000267.800, 176
Trd, 000268.133, 177
Trd, 000268.417, 183
Trd, 000269.367, 180
Trd, 000270.300, 183
Trd, 000270.383, 185
Trd, 000270.650, 179
Trd, 000270.917, 186
Trd, 000271.250, 182
Trd, 000271.583, 188
Trd, 000272.483, 188
Trd, 000273.150, 186
Trd, 000273.700, 189
Trd, 000273.850, 190
Trd, 000274.050, 185
Trd, 000274.333, 186
Trd, 000274.633, 185
Trd, 000275.650, 183
Trd, 000275.683, 189
Trd, 000276.033, 181
Trd, 000276.350, 182
Trd, 000277.267, 181
Trd, 000277.450, 179
Trd, 000277.867, 180
Trd, 000278.633, 181
Trd, 000279.367, 178
Trd, 000279.667, 183
Trd, 000280.367, 184
Trd, 000280.767, 179
Trd, 000281.383, 186
Trd, 000281.767, 177
Trd, 000281.800, 178
Trd, 000282.100, 176
Trd, 000282.950, 184
Trd, 000283.183, 188
Trd, 000284.567, 182
Trd, 000284.750, 180
Trd, 000285.017, 187
Trd, 000285.850, 186
Trd, 000286.050, 184
Trd, 000286.750, 183
Trd, 000287.483, 181
Trd, 000287.500, 180
Trd, 000287.967, 179
Trd, 000288.150, 177
Trd, 000289.017, 178
Trd, 000289.317, 171
Trd, 000290.283, 177
Trd, 000290.333, 163
Trd, 000290.567, 178
Trd, 000291.217, 168
Trd, 000292.467, 162
Trd, 000293.017, 163
Trd, 000293.033, 169
Trd, 000293.233, 189
Trd, 000293.650, 166
Trd, 000293.700, 177
Trd, 000294.117, 185
Trd, 000294.850, 184
Trd, 000296.300, 188
Trd, 000296.767, 192
Trd, 000296.883, 183
Trd, 000296.917, 182
Trd, 000297.100, 182
Trd, 000297.117, 189
Trd, 000297.450, 188
Trd, 000299.167, 187
Trd, 000299.600, 182
Trd, 000299.617, 187
