Trd, 000002.867, 169
Trd, 000002.950, 168
Trd, 000003.350, 166
Trd, 000003.633, 165
Trd, 000004.100, 157
Trd, 000004.267, 150
Trd, 000004.583, 140
Trd, 000004.817, 140
Trd, 000005.033, 134
Trd, 000005.633, 165
Trd, 000005.733, 162
Trd, 000006.933, 144
Trd, 000007.250, 155
Trd, 000008.483, 154
Trd, 000008.733, 154
Trd, 000008.900, 145
Trd, 000008.967, 155
Trd, 000009.800, 153
Trd, 000010.067, 150
Trd, 000010.317, 149
Trd, 000011.283, 155
Trd, 000011.783, 149
Trd, 000012.900, 148
Trd, 000013.117, 144
Trd, 000013.517, 154
Trd, 000013.933, 162
Trd, 000014.750, 142
Trd, 000015.800, 143
Trd, 000015.933, 173
Trd, 000015.983, 147
Trd, 000016.250, 143
Trd, 000017.650, 156
Trd, 000018.033, 158
Trd, 000018.317, 148
Trd, 000019.283, 147
Trd, 000019.917, 168
Trd, 000020.200, 167
Trd, 000020.950, 169
Trd, 000021.717, 168
Trd, 000021.983, 170
Trd, 000022.033, 155
Trd, 000022.367, 163
Trd, 000022.517, 146
Trd, 000024.600, 144
Trd, 000024.733, 136
Trd, 000024.917, 145
Trd, 000025.250, 157
Trd, 000025.500, 147
Trd, 000025.550, 157
Trd, 000026.600, 146
Trd, 000026.717, 157
Trd, 000027.017, 146
Trd, 000027.117, 136
Trd, 000028.317, 158
Trd, 000028.883, 143
Trd, 000029.600, 167
Trd, 000030.400, 145
Trd, 000030.500, 171
Trd, 000031.433, 166
Trd, 000031.717, 167
Trd, 000032.033, 144
Trd, 000033.267, 162
Trd, 000033.567, 162
Trd, 000033.633, 161
Trd, 000034.383, 138
Trd, 000034.467, 159
Trd, 000034.900, 167
Trd, 000035.200, 147
Trd, 000036.067, 151
Trd, 000036.367, 146
Trd, 000037.233, 156
Trd, 000038.017, 172
Trd, 000038.433, 160
Trd, 000038.883, 146
Trd, 000039.650, 150
Trd, 000040.300, 160
Trd, 000041.283, 155
Trd, 000042.150, 156
Trd, 000042.633, 157
Trd, 000043.083, 157
Trd, 000043.617, 158
Trd, 000044.550, 147
Trd, 000044.933, 159
Trd, 000045.783, 151
Trd, 000045.983, 157
Trd, 000046.617, 159
Trd, 000046.900, 168
Trd, 000047.917, 159
Trd, 000048.333, 165
Trd, 000048.467, 169
Trd, 000049.317, 159
Trd, 000049.467, 157
Trd, 000049.750, 164
Trd, 000049.967, 158
Trd, 000050.933, 153
Trd, 000051.583, 157
Trd, 000051.867, 168
Trd, 000052.800, 148
Trd, 000054.017, 173
Trd, 000054.117, 172
Trd, 000054.250, 171
Trd, 000054.367, 173
Trd, 000054.567, 170
Trd, 000055.017, 168
Trd, 000055.467, 163
Trd, 000055.783, 162
Trd, 000056.050, 150
Trd, 000057.350, 163
Trd, 000057.433, 165
Trd, 000057.683, 165
Trd, 000057.983, 160
Trd, 000058.033, 149
Trd, 000058.917, 167
Trd, 000058.983, 143
Trd, 000059.050, 174
Trd, 000059.483, 149
Trd, 000060.050, 153
Trd, 000060.217, 179
Trd, 000060.850, 142
Trd, 000061.333, 172
Trd, 000063.250, 172
Trd, 000063.717, 171
Trd, 000063.850, 154
Trd, 000064.783, 172
Trd, 000065.017, 173
Trd, 000065.167, 152
Trd, 000065.567, 166
Trd, 000066.117, 160
Trd, 000066.583, 159
Trd, 000066.983, 148
Trd, 000067.800, 147
Trd, 000068.250, 141
Trd, 000068.817, 160
Trd, 000069.750, 148
Trd, 000070.517, 149
Trd, 000071.567, 154
Trd, 000071.817, 152
Trd, 000072.667, 154
Trd, 000072.683, 151
Trd, 000072.733, 156
Trd, 000073.133, 156
Trd, 000073.167, 151
Trd, 000073.183, 158
Trd, 000073.933, 172
Trd, 000074.183, 150
Trd, 000075.517, 160
Trd, 000075.617, 173
Trd, 000077.283, 158
Trd, 000077.533, 157
Trd, 000078.100, 158
Trd, 000078.717, 158
Trd, 000079.167, 160
Trd, 000079.567, 151
Trd, 000079.633, 150
Trd, 000080.367, 159
Trd, 000080.800, 174
Trd, 000080.883, 173
Trd, 000081.250, 154
Trd, 000081.933, 166
Trd, 000082.167, 169
Trd, 000082.217, 164
Trd, 000083.400, 149
Trd, 000083.833, 160
Trd, 000085.200, 159
Trd, 000085.367, 157
Trd, 000085.983, 156
Trd, 000086.150, 151
Trd, 000086.250, 142
Trd, 000086.433, 149
Trd, 000086.783, 150
Trd, 000087.350, 150
Trd, 000087.700, 149
Trd, 000088.983, 148
Trd, 000089.183, 149
Trd, 000090.000, 155
Trd, 000090.300, 150
Trd, 000091.250, 154
Trd, 000091.267, 157
Trd, 000092.233, 154
Trd, 000092.500, 157
Trd, 000092.600, 154
Trd, 000092.750, 153
Trd, 000093.467, 163
Trd, 000093.683, 177
Trd, 000094.533, 154
Trd, 000094.900, 156
Trd, 000095.500, 177
Trd, 000095.800, 175
Trd, 000097.150, 157
Trd, 000097.667, 169
Trd, 000097.683, 171
Trd, 000098.433, 160
Trd, 000098.867, 160
Trd, 000099.217, 159
Trd, 000100.317, 157
Trd, 000100.367, 153
Trd, 000100.417, 151
Trd, 000100.650, 160
Trd, 000101.383, 164
Trd, 000101.550, 166
Trd, 000101.667, 167
Trd, 000101.883, 161
Trd, 000102.383, 160
Trd, 000102.517, 178
Trd, 000102.900, 158
Trd, 000103.983, 158
Trd, 000104.200, 168
Trd, 000104.767, 168
Trd, 000105.417, 159
Trd, 000106.017, 152
Trd, 000107.200, 158
Trd, 000108.767, 170
Trd, 000109.183, 164
Trd, 000109.700, 169
Trd, 000109.750, 170
Trd, 000109.783, 161
Trd, 000110.117, 161
Trd, 000110.850, 162
Trd, 000110.883, 176
Trd, 000111.167, 177
Trd, 000112.150, 163
Trd, 000112.433, 161
Trd, 000112.583, 160
Trd, 000112.867, 174
Trd, 000113.683, 176
Trd, 000114.750, 161
Trd, 000115.633, 164
Trd, 000115.800, 159
Trd, 000116.167, 169
Trd, 000117.567, 168
Trd, 000117.717, 169
Trd, 000117.783, 171
Trd, 000118.467, 163
Trd, 000119.217, 163
Trd, 000120.283, 163
Trd, 000120.300, 160
Trd, 000120.533, 161
Trd, 000120.750, 169
Trd, 000121.067, 169
Trd, 000121.467, 180
Trd, 000121.667, 187
Trd, 000122.217, 191
Trd, 000122.617, 208
Trd, 000122.633, 208
Trd, 000122.650, 212
Trd, 000122.700, 174
Trd, 000124.250, 310.0
Trd, 000124.767, 305
Trd, 000124.850, 307
Trd, 000124.950, 313.0
Trd, 000125.050, 320.0
Trd, 000125.617, 329
Trd, 000125.750, 331.0
Trd, 000126.433, 326
Trd, 000126.683, 324
Trd, 000126.917, 327.0
Trd, 000127.300, 313.0
Trd, 000127.617, 332
Trd, 000128.400, 341.0
Trd, 000129.117, 335.0
Trd, 000129.667, 346
Trd, 000130.083, 339
Trd, 000131.250, 366.0
Trd, 000131.717, 368.0
Trd, 000131.783, 365.0
Trd, 000132.867, 361
Trd, 000134.150, 356
Trd, 000134.367, 355
Trd, 000134.733, 358
Trd, 000135.083, 365.0
Trd, 000136.067, 366
Trd, 000137.183, 359
Trd, 000137.517, 365
Trd, 000137.700, 350
Trd, 000138.233, 361
Trd, 000138.517, 342
Trd, 000139.267, 356
Trd, 000139.483, 338.0
Trd, 000140.200, 334.0
Trd, 000141.767, 334
Trd, 000141.817, 335
Trd, 000142.467, 348
Trd, 000143.083, 336
Trd, 000143.700, 336
Trd, 000144.083, 336
Trd, 000144.150, 332
Trd, 000144.200, 337
Trd, 000144.317, 363
Trd, 000144.550, 343
Trd, 000144.717, 362
Trd, 000146.767, 338
Trd, 000147.533, 338.0
Trd, 000148.183, 333
Trd, 000148.267, 333
Trd, 000148.933, 341.0
Trd, 000149.567, 341
Trd, 000149.733, 336
Trd, 000149.900, 341
Trd, 000150.483, 348
Trd, 000152.083, 340
Trd, 000152.683, 348
Trd, 000152.967, 365.0
Trd, 000153.617, 349
Trd, 000155.067, 351
Trd, 000155.233, 348
Trd, 000155.683, 348
Trd, 000155.800, 343
Trd, 000156.433, 366.0
Trd, 000156.917, 349
Trd, 000157.167, 346
Trd, 000158.467, 331.0
Trd, 000158.517, 317
Trd, 000159.417, 308
Trd, 000160.300, 326
Trd, 000161.083, 337
Trd, 000161.317, 332.0
Trd, 000161.533, 338
Trd, 000162.167, 336
Trd, 000163.000, 341.0
Trd, 000163.667, 333
Trd, 000163.983, 342
Trd, 000164.217, 333
Trd, 000164.250, 347
Trd, 000164.333, 332.0
Trd, 000164.650, 341.0
Trd, 000165.650, 338
Trd, 000165.783, 338
Trd, 000166.100, 346
Trd, 000166.600, 340
Trd, 000168.500, 344
Trd, 000168.983, 343
Trd, 000169.300, 345
Trd, 000169.533, 339
Trd, 000169.733, 338
Trd, 000170.467, 345
Trd, 000170.500, 341
Trd, 000170.900, 334.0
Trd, 000171.350, 345
Trd, 000171.933, 337
Trd, 000172.417, 335.0
Trd, 000172.550, 348
Trd, 000172.850, 359
Trd, 000173.000, 337
Trd, 000174.233, 339.0
Trd, 000174.250, 341.0
Trd, 000175.167, 340
Trd, 000175.700, 348
Trd, 000176.433, 342
Trd, 000176.767, 341
Trd, 000177.633, 340
Trd, 000178.367, 339
Trd, 000179.850, 347
Trd, 000180.033, 343
Trd, 000180.417, 348
Trd, 000180.517, 350
Trd, 000180.950, 368.0
Trd, 000181.817, 346
Trd, 000182.600, 342
Trd, 000182.650, 334.0
Trd, 000182.883, 333
Trd, 000183.350, 331.0
Trd, 000183.483, 317.0
Trd, 000184.033, 304
Trd, 000184.767, 197
Trd, 000185.100, 193
Trd, 000185.400, 189
Trd, 000185.433, 183
Trd, 000185.800, 189
Trd, 000186.750, 200
Trd, 000187.000, 176
Trd, 000187.617, 190
Trd, 000187.833, 182
Trd, 000188.917, 160
Trd, 000190.100, 179
Trd, 000190.617, 180
Trd, 000191.067, 178
Trd, 000191.200, 178
Trd, 000191.383, 177
Trd, 000191.617, 181
Trd, 000191.767, 187
Trd, 000191.933, 168
Trd, 000191.983, 160
Trd, 000193.000, 186
Trd, 000193.517, 161
Trd, 000194.117, 173
Trd, 000194.400, 159
Trd, 000194.833, 160
Trd, 000194.917, 154
Trd, 000195.000, 153
Trd, 000195.867, 171
Trd, 000196.683, 173
Trd, 000197.350, 160
Trd, 000197.600, 188
Trd, 000198.450, 185
Trd, 000198.883, 166
Trd, 000198.950, 163
Trd, 000199.050, 151
Trd, 000199.283, 182
Trd, 000199.917, 159
Trd, 000200.550, 151
Trd, 000201.400, 179
Trd, 000202.067, 174
Trd, 000202.317, 155
Trd, 000203.367, 167
Trd, 000203.583, 176
Trd, 000203.817, 161
Trd, 000203.983, 188
Trd, 000205.050, 159
Trd, 000206.667, 177
Trd, 000206.683, 186
Trd, 000207.383, 176
Trd, 000207.467, 175
Trd, 000207.983, 187
Trd, 000209.650, 173
Trd, 000209.700, 172
Trd, 000210.017, 170
Trd, 000210.083, 173
Trd, 000210.383, 176
Trd, 000211.700, 173
Trd, 000211.800, 176
Trd, 000212.983, 173
Trd, 000214.383, 171
Trd, 000215.467, 168
Trd, 000215.567, 164
Trd, 000215.917, 163
Trd, 000216.317, 169
Trd, 000216.400, 169
Trd, 000216.433, 173
Trd, 000216.683, 165
Trd, 000217.550, 175
Trd, 000218.033, 190
Trd, 000218.667, 190
Trd, 000218.733, 175
Trd, 000218.750, 155
Trd, 000219.850, 161
Trd, 000220.550, 186
Trd, 000220.900, 164
Trd, 000221.417, 171
Trd, 000221.533, 163
Trd, 000222.067, 187
Trd, 000223.017, 185
Trd, 000223.083, 183
Trd, 000224.367, 187
Trd, 000224.550, 174
Trd, 000225.000, 189
Trd, 000225.100, 189
Trd, 000225.833, 187
Trd, 000226.000, 172
Trd, 000226.183, 178
Trd, 000226.233, 177
Trd, 000226.333, 189
Trd, 000227.100, 190
Trd, 000227.367, 188
Trd, 000228.983, 182
Trd, 000229.450, 187
Trd, 000229.500, 174
Trd, 000229.750, 172
Trd, 000231.150, 165
Trd, 000231.267, 172
Trd, 000231.933, 173
Trd, 000232.433, 173
Trd, 000232.450, 172
Trd, 000232.533, 175
Trd, 000232.983, 191
Trd, 000233.317, 198
Trd, 000233.567, 176
Trd, 000233.783, 174
Trd, 000234.350, 172
Trd, 000235.817, 180
Trd, 000236.083, 191
Trd, 000236.100, 173
Trd, 000237.400, 175
Trd, 000237.433, 184
Trd, 000238.167, 175
Trd, 000238.783, 189
Trd, 000238.933, 191
Trd, 000239.133, 175
Trd, 000240.600, 189
Trd, 000241.267, 182
Trd, 000241.717, 173
Trd, 000242.250, 183
Trd, 000242.550, 172
Trd, 000243.050, 179
Trd, 000243.717, 180
Trd, 000244.033, 176
Trd, 000245.400, 178
Trd, 000245.683, 178
Trd, 000245.883, 185
Trd, 000246.150, 181
Trd, 000246.283, 177
Trd, 000246.683, 184
Trd, 000246.733, 174
Trd, 000247.400, 176
Trd, 000247.667, 175
Trd, 000247.900, 183
Trd, 000248.767, 181
Trd, 000249.467, 182
Trd, 000249.733, 179
Trd, 000249.917, 183
Trd, 000250.583, 181
Trd, 000251.183, 178
Trd, 000251.433, 177
Trd, 000251.833, 181
Trd, 000252.483, 178
Trd, 000253.033, 175
Trd, 000253.150, 173
Trd, 000253.250, 175
Trd, 000253.350, 168
Trd, 000253.400, 178
Trd, 000253.950, 166
Trd, 000254.200, 167
Trd, 000255.000, 168
Trd, 000255.550, 181
Trd, 000256.517, 179
Trd, 000257.283, 170
Trd, 000257.300, 169
Trd, 000257.333, 171
Trd, 000257.433, 167
Trd, 000257.817, 168
Trd, 000258.583, 175
Trd, 000259.417, 174
Trd, 000259.633, 177
Trd, 000259.817, 183
Trd, 000260.700, 180
Trd, 000261.067, 179
Trd, 000261.400, 181
Trd, 000262.400, 181
Trd, 000262.733, 181
Trd, 000263.233, 186
Trd, 000263.317, 180
Trd, 000263.600, 177
Trd, 000263.700, 176
Trd, 000264.033, 169
Trd, 000265.033, 175
Trd, 000265.333, 178
Trd, 000265.400, 173
Trd, 000265.600, 190
Trd, 000265.933, 186
Trd, 000266.667, 191
Trd, 000267.233, 194
Trd, 000267.267, 176
Trd, 000267.450, 176
Trd, 000267.983, 175
Trd, 000268.283, 187
Trd, 000268.750, 187
Trd, 000268.900, 179
Trd, 000269.300, 180
Trd, 000269.333, 182
Trd, 000269.883, 177
Trd, 000271.050, 170
Trd, 000271.617, 178
Trd, 000272.250, 181
Trd, 000273.067, 179
Trd, 000273.833, 178
Trd, 000274.317, 178
Trd, 000274.717, 177
Trd, 000275.033, 170
Trd, 000275.150, 164
Trd, 000275.433, 176
Trd, 000275.883, 175
Trd, 000276.017, 177
Trd, 000276.533, 192
Trd, 000276.783, 188
Trd, 000277.083, 168
Trd, 000277.100, 169
Trd, 000278.383, 189
Trd, 000278.700, 188
Trd, 000278.717, 193
Trd, 000278.783, 187
Trd, 000279.283, 186
Trd, 000279.533, 183
Trd, 000279.700, 180
Trd, 000279.750, 187
Trd, 000280.333, 184
Trd, 000280.567, 177
Trd, 000280.650, 176
Trd, 000280.850, 182
Trd, 000281.200, 173
Trd, 000282.600, 182
Trd, 000282.750, 181
Trd, 000282.800, 185
Trd, 000282.900, 178
Trd, 000283.133, 162
Trd, 000283.200, 170
Trd, 000284.467, 170
Trd, 000286.000, 186
Trd, 000286.350, 185
Trd, 000286.450, 184
Trd, 000286.467, 183
Trd, 000287.000, 184
Trd, 000287.117, 184
Trd, 000287.433, 185
Trd, 000288.250, 179
Trd, 000288.767, 185
Trd, 000288.783, 186
Trd, 000289.333, 197
Trd, 000290.083, 186
Trd, 000290.567, 184
Trd, 000290.700, 179
Trd, 000291.667, 183
Trd, 000291.933, 188
Trd, 000292.583, 186
Trd, 000292.950, 186
Trd, 000293.517, 186
Trd, 000294.617, 186
Trd, 000295.033, 185
Trd, 000295.067, 177
Trd, 000295.733, 188
Trd, 000296.200, 179
Trd, 000296.283, 178
Trd, 000296.433, 185
Trd, 000296.750, 172
Trd, 000297.267, 175
Trd, 000297.417, 167
Trd, 000297.533, 186
Trd, 000297.867, 194
Trd, 000298.033, 164
Trd, 000298.700, 202
Trd, 000299.217, 188
Trd, 000299.900, 186
Trd, 000299.917, 187
