Trd, 000001.933, 158
Trd, 000002.650, 157
Trd, 000003.433, 151
Trd, 000005.083, 152
Trd, 000005.100, 153
Trd, 000005.300, 153
Trd, 000005.533, 152
Trd, 000005.833, 152
Trd, 000006.417, 160
Trd, 000008.250, 158
Trd, 000008.633, 159
Trd, 000010.400, 153
Trd, 000010.883, 152
Trd, 000011.317, 152
Trd, 000011.783, 151
Trd, 000013.133, 151
Trd, 000013.650, 152
Trd, 000013.867, 153
Trd, 000014.333, 153
Trd, 000016.883, 145
Trd, 000017.417, 152
Trd, 000017.450, 153
Trd, 000017.733, 153
Trd, 000017.867, 160
Trd, 000018.767, 146
Trd, 000020.683, 151
Trd, 000020.700, 153
Trd, 000022.333, 152
Trd, 000022.667, 153
Trd, 000024.483, 152
Trd, 000024.850, 151
Trd, 000025.533, 151
Trd, 000025.650, 150
Trd, 000025.717, 159
Trd, 000026.817, 151
Trd, 000027.883, 153
Trd, 000028.217, 155
Trd, 000028.650, 149
Trd, 000028.933, 157
Trd, 000030.150, 155
Trd, 000031.250, 154
Trd, 000032.500, 147
Trd, 000032.700, 152
Trd, 000032.817, 153
Trd, 000033.883, 151
Trd, 000035.200, 152
Trd, 000035.700, 153
Trd, 000036.617, 156
Trd, 000036.933, 153
Trd, 000037.417, 157
Trd, 000037.467, 156
Trd, 000038.050, 161
Trd, 000038.883, 160
Trd, 000039.017, 158
Trd, 000039.350, 159
Trd, 000041.083, 160
Trd, 000041.283, 161
Trd, 000041.933, 160
Trd, 000043.350, 160
Trd, 000044.317, 158
Trd, 000045.467, 157
Trd, 000045.500, 158
Trd, 000045.700, 158
Trd, 000045.933, 155
Trd, 000046.867, 154
Trd, 000047.050, 153
Trd, 000047.717, 155
Trd, 000048.050, 154
Trd, 000048.350, 156
Trd, 000049.700, 156
Trd, 000049.717, 156
Trd, 000050.133, 157
Trd, 000051.383, 156
Trd, 000051.783, 152
Trd, 000052.150, 162
Trd, 000054.600, 156
Trd, 000055.250, 155
Trd, 000055.733, 156
Trd, 000056.167, 156
Trd, 000056.383, 156
Trd, 000056.500, 158
Trd, 000056.850, 159
Trd, 000057.267, 161
Trd, 000058.233, 160
Trd, 000059.933, 159
Trd, 000060.150, 160
Trd, 000060.317, 159
Trd, 000060.817, 159
Trd, 000061.917, 157
Trd, 000062.567, 158
Trd, 000063.050, 158
Trd, 000063.683, 155
Trd, 000064.300, 157
Trd, 000064.333, 156
Trd, 000065.083, 156
Trd, 000065.317, 156
Trd, 000065.550, 158
Trd, 000065.883, 156
Trd, 000066.750, 158
Trd, 000068.383, 157
Trd, 000068.517, 156
Trd, 000068.667, 158
Trd, 000069.133, 158
Trd, 000069.233, 160
Trd, 000069.350, 157
Trd, 000069.900, 157
Trd, 000070.583, 158
Trd, 000070.950, 159
Trd, 000072.217, 160
Trd, 000073.417, 163
Trd, 000074.217, 165
Trd, 000074.800, 170
Trd, 000075.367, 169
Trd, 000075.467, 168
Trd, 000076.500, 170
Trd, 000077.033, 172
Trd, 000077.800, 158
Trd, 000078.950, 168
Trd, 000079.667, 164
Trd, 000079.933, 165
Trd, 000080.150, 165
Trd, 000080.633, 166
Trd, 000080.783, 166
Trd, 000081.483, 167
Trd, 000081.567, 173
Trd, 000082.067, 171
Trd, 000083.117, 169
Trd, 000083.617, 169
Trd, 000083.700, 168
Trd, 000084.367, 170
Trd, 000084.950, 168
Trd, 000086.233, 169
Trd, 000088.033, 168
Trd, 000088.633, 169
Trd, 000089.200, 167
Trd, 000089.383, 168
Trd, 000090.250, 169
Trd, 000090.300, 168
Trd, 000092.767, 164
Trd, 000093.000, 162
Trd, 000093.433, 160
Trd, 000093.533, 161
Trd, 000095.317, 160
Trd, 000095.350, 160
Trd, 000095.667, 159
Trd, 000095.800, 160
Trd, 000097.017, 158
Trd, 000097.333, 159
Trd, 000097.733, 160
Trd, 000097.933, 160
Trd, 000099.200, 162
Trd, 000099.450, 156
Trd, 000099.617, 167
Trd, 000100.700, 167
Trd, 000100.833, 161
Trd, 000102.033, 168
Trd, 000102.850, 167
Trd, 000104.467, 158
Trd, 000105.050, 158
Trd, 000105.150, 157
Trd, 000105.533, 158
Trd, 000105.933, 158
Trd, 000106.500, 159
Trd, 000107.017, 159
Trd, 000107.317, 158
Trd, 000107.483, 161
Trd, 000109.750, 156
Trd, 000110.000, 158
Trd, 000110.167, 160
Trd, 000110.400, 160
Trd, 000110.850, 162
Trd, 000112.450, 161
Trd, 000112.567, 162
Trd, 000113.900, 163
Trd, 000113.983, 164
Trd, 000114.517, 169
Trd, 000116.817, 157
Trd, 000117.083, 164
Trd, 000117.467, 161
Trd, 000117.483, 163
Trd, 000118.533, 164
Trd, 000120.133, 165
Trd, 000120.333, 163
Trd, 000120.950, 164
Trd, 000121.350, 164
Trd, 000121.517, 165
Trd, 000121.750, 167
Trd, 000122.033, 176
Trd, 000122.067, 177
Trd, 000122.200, 186
Trd, 000122.650, 187
Trd, 000122.817, 201
Trd, 000123.317, 185
Trd, 000124.517, 215
Trd, 000125.700, 333
Trd, 000126.267, 334
Trd, 000126.300, 333
Trd, 000127.250, 333
Trd, 000127.383, 336
Trd, 000128.100, 337.0
Trd, 000128.783, 336
Trd, 000129.383, 348.0
Trd, 000130.967, 340
Trd, 000131.767, 342
Trd, 000132.100, 341
Trd, 000132.600, 343
Trd, 000133.017, 344
Trd, 000133.933, 343
Trd, 000135.967, 344
Trd, 000136.000, 348.0
Trd, 000136.817, 346
Trd, 000137.033, 350
Trd, 000138.600, 348
Trd, 000139.183, 349
Trd, 000139.300, 351.0
Trd, 000139.733, 351
Trd, 000139.867, 348
Trd, 000140.967, 353
Trd, 000142.117, 352
Trd, 000142.350, 354
Trd, 000142.767, 366
Trd, 000144.267, 354
Trd, 000144.817, 353.0
Trd, 000145.850, 354.0
Trd, 000146.533, 353.0
Trd, 000147.200, 354
Trd, 000148.533, 352.0
Trd, 000148.783, 353
Trd, 000149.367, 352.0
Trd, 000150.417, 352
Trd, 000150.933, 351.0
Trd, 000151.550, 334
Trd, 000151.750, 351
Trd, 000153.233, 349
Trd, 000153.767, 348
Trd, 000154.783, 349
Trd, 000154.883, 349
Trd, 000156.433, 348.0
Trd, 000156.633, 347.0
Trd, 000156.917, 351.0
Trd, 000157.517, 352
Trd, 000158.017, 347
Trd, 000160.250, 352
Trd, 000160.433, 351.0
Trd, 000160.550, 352
Trd, 000161.717, 350
Trd, 000161.967, 349.0
Trd, 000162.033, 351
Trd, 000162.650, 346
Trd, 000163.150, 347
Trd, 000163.667, 349
Trd, 000164.500, 350
Trd, 000165.583, 346
Trd, 000167.000, 347
Trd, 000167.383, 350.0
Trd, 000168.600, 351.0
Trd, 000169.000, 349
Trd, 000169.350, 352
Trd, 000171.150, 349
Trd, 000171.583, 350
Trd, 000171.650, 349.0
Trd, 000173.067, 348
Trd, 000173.117, 344
Trd, 000173.200, 348.0
Trd, 000173.367, 344.0
Trd, 000173.450, 349
Trd, 000174.017, 351.0
Trd, 000174.600, 326
Trd, 000174.683, 351
Trd, 000176.650, 355
Trd, 000177.933, 350
Trd, 000178.783, 351
Trd, 000179.700, 352
Trd, 000180.383, 351
Trd, 000180.417, 352
Trd, 000180.533, 351
Trd, 000180.550, 358
Trd, 000180.933, 349
Trd, 000181.433, 344
Trd, 000182.267, 330
Trd, 000183.417, 319
Trd, 000183.533, 180
Trd, 000183.600, 163
Trd, 000183.833, 218
Trd, 000184.767, 181
Trd, 000185.167, 169
Trd, 000187.033, 181
Trd, 000187.083, 182
Trd, 000187.800, 179
Trd, 000188.850, 180
Trd, 000189.017, 173
Trd, 000190.033, 181
Trd, 000190.433, 177
Trd, 000190.800, 179
Trd, 000191.267, 180
Trd, 000191.633, 181
Trd, 000192.017, 184
Trd, 000192.717, 183
Trd, 000193.433, 183
Trd, 000194.783, 181
Trd, 000196.867, 172
Trd, 000197.383, 173
Trd, 000197.850, 173
Trd, 000198.117, 174
Trd, 000198.833, 173
Trd, 000199.350, 173
Trd, 000200.483, 172
Trd, 000201.617, 171
Trd, 000202.400, 171
Trd, 000203.100, 171
Trd, 000203.183, 172
Trd, 000203.367, 172
Trd, 000204.400, 173
Trd, 000204.983, 175
Trd, 000206.050, 174
Trd, 000206.433, 175
Trd, 000207.117, 175
Trd, 000208.050, 175
Trd, 000208.700, 174
Trd, 000209.400, 172
Trd, 000210.100, 172
Trd, 000210.350, 173
Trd, 000210.533, 172
Trd, 000211.250, 173
Trd, 000213.383, 173
Trd, 000213.733, 171
Trd, 000213.833, 171
Trd, 000214.100, 172
Trd, 000214.483, 172
Trd, 000215.883, 173
Trd, 000216.350, 173
Trd, 000216.783, 173
Trd, 000217.367, 174
Trd, 000218.683, 174
Trd, 000219.350, 173
Trd, 000219.783, 173
Trd, 000219.917, 175
Trd, 000222.267, 174
Trd, 000222.333, 173
Trd, 000222.600, 175
Trd, 000223.100, 169
Trd, 000224.367, 171
Trd, 000225.000, 172
Trd, 000226.367, 171
Trd, 000226.483, 170
Trd, 000226.700, 171
Trd, 000227.083, 173
Trd, 000227.300, 173
Trd, 000228.117, 171
Trd, 000228.533, 170
Trd, 000230.467, 171
Trd, 000230.900, 173
Trd, 000231.050, 171
Trd, 000231.450, 172
Trd, 000232.733, 171
Trd, 000232.767, 171
Trd, 000233.950, 173
Trd, 000234.483, 172
Trd, 000234.667, 167
Trd, 000234.717, 173
Trd, 000236.050, 174
Trd, 000236.300, 175
Trd, 000237.033, 188
Trd, 000238.367, 178
Trd, 000238.517, 180
Trd, 000239.067, 176
Trd, 000239.300, 181
Trd, 000239.967, 181
Trd, 000240.283, 180
Trd, 000240.433, 181
Trd, 000241.083, 181
Trd, 000241.250, 180
Trd, 000241.917, 181
Trd, 000242.050, 182
Trd, 000242.250, 182
Trd, 000242.417, 184
Trd, 000242.583, 183
Trd, 000243.383, 180
Trd, 000243.517, 179
Trd, 000245.233, 173
Trd, 000245.967, 172
Trd, 000246.083, 173
Trd, 000246.600, 175
Trd, 000246.700, 175
Trd, 000246.750, 174
Trd, 000247.217, 173
Trd, 000247.250, 170
Trd, 000247.583, 170
Trd, 000247.667, 168
Trd, 000249.183, 164
Trd, 000249.800, 164
Trd, 000250.350, 164
Trd, 000250.583, 163
Trd, 000250.733, 165
Trd, 000251.267, 165
Trd, 000251.533, 166
Trd, 000251.550, 166
Trd, 000251.700, 171
Trd, 000252.050, 166
Trd, 000252.200, 167
Trd, 000252.750, 180
Trd, 000253.800, 180
Trd, 000253.833, 178
Trd, 000253.900, 179
Trd, 000254.183, 180
Trd, 000254.250, 180
Trd, 000254.550, 183
Trd, 000255.817, 183
Trd, 000256.833, 181
Trd, 000257.817, 174
Trd, 000258.500, 176
Trd, 000258.683, 177
Trd, 000259.183, 176
Trd, 000259.633, 177
Trd, 000260.567, 177
Trd, 000260.767, 178
Trd, 000261.033, 180
Trd, 000261.167, 181
Trd, 000261.550, 181
Trd, 000262.050, 183
Trd, 000262.450, 182
Trd, 000263.500, 182
Trd, 000263.533, 181
Trd, 000263.667, 184
Trd, 000263.883, 184
Trd, 000263.950, 190
Trd, 000264.733, 183
Trd, 000264.967, 183
Trd, 000265.883, 180
Trd, 000266.633, 180
Trd, 000266.883, 181
Trd, 000267.483, 179
Trd, 000267.517, 182
Trd, 000268.367, 179
Trd, 000269.100, 178
Trd, 000269.367, 179
Trd, 000270.017, 177
Trd, 000270.117, 178
Trd, 000270.200, 174
Trd, 000270.350, 178
Trd, 000271.333, 176
Trd, 000271.550, 178
Trd, 000272.600, 175
Trd, 000272.633, 174
Trd, 000273.200, 178
Trd, 000273.233, 178
Trd, 000273.283, 182
Trd, 000273.433, 181
Trd, 000273.650, 184
Trd, 000275.550, 179
Trd, 000275.617, 175
Trd, 000275.683, 174
Trd, 000276.933, 176
Trd, 000277.183, 182
Trd, 000277.383, 184
Trd, 000278.317, 199
Trd, 000279.467, 188
Trd, 000279.650, 189
Trd, 000279.933, 191
Trd, 000280.650, 187
Trd, 000280.850, 186
Trd, 000281.167, 187
Trd, 000281.233, 188
Trd, 000281.367, 193
Trd, 000281.950, 186
Trd, 000282.133, 183
Trd, 000283.467, 183
Trd, 000283.633, 179
Trd, 000283.650, 184
Trd, 000284.067, 184
Trd, 000285.217, 178
Trd, 000285.533, 179
Trd, 000285.617, 180
Trd, 000286.000, 180
Trd, 000286.117, 180
Trd, 000286.800, 180
Trd, 000286.817, 181
Trd, 000287.850, 179
Trd, 000287.917, 178
Trd, 000287.967, 180
Trd, 000288.400, 176
Trd, 000289.117, 173
Trd, 000289.617, 180
Trd, 000289.867, 181
Trd, 000290.633, 183
Trd, 000291.150, 183
Trd, 000291.500, 184
Trd, 000292.017, 182
Trd, 000292.067, 184
Trd, 000292.383, 183
Trd, 000292.617, 181
Trd, 000292.933, 183
Trd, 000293.500, 180
Trd, 000293.833, 182
Trd, 000295.083, 179
Trd, 000295.750, 178
Trd, 000295.783, 177
Trd, 000296.400, 177
Trd, 000297.083, 177
Trd, 000297.167, 184
Trd, 000297.217, 187
Trd, 000297.317, 194
Trd, 000297.617, 185
Trd, 000297.733, 173
Trd, 000298.083, 186
Trd, 000298.667, 169
Trd, 000298.833, 168
Trd, 000299.067, 185
Trd, 000299.850, 187
