Trd, 000001.200, 179
Trd, 000002.983, 169
Trd, 000003.350, 138
Trd, 000003.900, 166
Trd, 000004.700, 141
Trd, 000005.000, 137
Trd, 000005.333, 138
Trd, 000006.233, 143
Trd, 000006.250, 144
Trd, 000007.433, 145
Trd, 000007.633, 146
Trd, 000007.900, 147
Trd, 000009.133, 139
Trd, 000009.267, 162
Trd, 000010.367, 151
Trd, 000011.817, 146
Trd, 000012.617, 144
Trd, 000012.700, 145
Trd, 000012.767, 147
Trd, 000012.967, 147
Trd, 000015.183, 145
Trd, 000015.550, 147
Trd, 000016.000, 147
Trd, 000016.133, 148
Trd, 000017.283, 144
Trd, 000018.650, 144
Trd, 000019.117, 143
Trd, 000019.450, 138
Trd, 000019.650, 144
Trd, 000020.533, 143
Trd, 000022.017, 164
Trd, 000022.067, 149
Trd, 000022.417, 165
Trd, 000023.683, 147
Trd, 000024.200, 148
Trd, 000024.283, 148
Trd, 000024.650, 148
Trd, 000024.833, 149
Trd, 000024.950, 146
Trd, 000025.000, 151
Trd, 000027.383, 144
Trd, 000028.117, 144
Trd, 000028.517, 142
Trd, 000028.767, 143
Trd, 000028.833, 147
Trd, 000029.000, 165
Trd, 000029.283, 140
Trd, 000030.050, 148
Trd, 000030.533, 157
Trd, 000030.667, 155
Trd, 000031.600, 144
Trd, 000032.867, 161
Trd, 000033.950, 154
Trd, 000034.100, 153
Trd, 000035.300, 152
Trd, 000035.650, 150
Trd, 000035.667, 151
Trd, 000035.900, 154
Trd, 000037.983, 160
Trd, 000038.283, 153
Trd, 000038.717, 151
Trd, 000039.283, 150
Trd, 000039.717, 153
Trd, 000041.000, 150
Trd, 000041.400, 151
Trd, 000042.583, 149
Trd, 000043.433, 148
Trd, 000043.467, 149
Trd, 000043.600, 149
Trd, 000043.667, 147
Trd, 000044.667, 146
Trd, 000045.117, 164
Trd, 000045.517, 156
Trd, 000047.267, 162
Trd, 000047.700, 161
Trd, 000048.333, 160
Trd, 000049.417, 160
Trd, 000050.067, 161
Trd, 000050.433, 159
Trd, 000050.950, 159
Trd, 000051.583, 161
Trd, 000053.167, 158
Trd, 000053.933, 157
Trd, 000054.733, 155
Trd, 000055.167, 154
Trd, 000055.300, 155
Trd, 000055.467, 157
Trd, 000056.317, 158
Trd, 000056.500, 150
Trd, 000056.533, 148
Trd, 000056.783, 150
Trd, 000058.750, 155
Trd, 000059.033, 154
Trd, 000060.567, 152
Trd, 000061.100, 152
Trd, 000061.367, 149
Trd, 000062.300, 150
Trd, 000063.367, 151
Trd, 000063.917, 151
Trd, 000063.933, 152
Trd, 000064.133, 152
Trd, 000064.350, 152
Trd, 000064.750, 151
Trd, 000064.967, 149
Trd, 000065.950, 149
Trd, 000067.350, 150
Trd, 000067.633, 151
Trd, 000067.750, 153
Trd, 000068.583, 152
Trd, 000069.267, 152
Trd, 000069.583, 149
Trd, 000070.617, 149
Trd, 000071.233, 150
Trd, 000071.950, 149
Trd, 000073.050, 150
Trd, 000073.650, 148
Trd, 000073.967, 152
Trd, 000074.083, 152
Trd, 000074.533, 148
Trd, 000075.000, 147
Trd, 000075.767, 150
Trd, 000075.983, 146
Trd, 000076.233, 150
Trd, 000076.883, 149
Trd, 000078.033, 151
Trd, 000078.350, 149
Trd, 000078.833, 149
Trd, 000080.350, 148
Trd, 000080.550, 147
Trd, 000081.467, 148
Trd, 000081.483, 149
Trd, 000082.850, 150
Trd, 000083.933, 149
Trd, 000083.983, 150
Trd, 000084.067, 149
Trd, 000084.667, 147
Trd, 000085.733, 146
Trd, 000085.867, 147
Trd, 000087.900, 148
Trd, 000089.933, 147
Trd, 000090.033, 148
Trd, 000090.067, 149
Trd, 000090.450, 150
Trd, 000090.617, 163
Trd, 000091.483, 159
Trd, 000092.433, 153
Trd, 000092.483, 167
Trd, 000092.983, 151
Trd, 000093.100, 165
Trd, 000094.817, 157
Trd, 000095.217, 160
Trd, 000095.883, 157
Trd, 000096.800, 157
Trd, 000096.817, 158
Trd, 000096.933, 158
Trd, 000097.317, 156
Trd, 000099.083, 161
Trd, 000099.117, 160
Trd, 000099.167, 172
Trd, 000100.167, 163
Trd, 000100.800, 160
Trd, 000101.117, 152
Trd, 000102.383, 155
Trd, 000103.333, 151
Trd, 000103.517, 151
Trd, 000104.167, 150
Trd, 000104.317, 151
Trd, 000104.467, 150
Trd, 000105.183, 151
Trd, 000105.600, 150
Trd, 000106.083, 151
Trd, 000106.133, 167
Trd, 000109.750, 151
Trd, 000110.317, 152
Trd, 000110.717, 151
Trd, 000110.933, 151
Trd, 000111.117, 155
Trd, 000112.333, 153
Trd, 000112.467, 154
Trd, 000113.000, 171
Trd, 000113.750, 173
Trd, 000113.900, 161
Trd, 000114.033, 160
Trd, 000114.133, 158
Trd, 000115.733, 158
Trd, 000116.967, 158
Trd, 000117.717, 169
Trd, 000118.017, 170
Trd, 000119.100, 164
Trd, 000119.133, 165
Trd, 000119.283, 160
Trd, 000121.367, 159
Trd, 000121.583, 165
Trd, 000122.833, 160
Trd, 000122.967, 162
Trd, 000123.033, 164
Trd, 000123.133, 174
Trd, 000123.450, 177
Trd, 000123.683, 187
Trd, 000124.133, 213
Trd, 000124.150, 291
Trd, 000124.633, 192
Trd, 000124.767, 300.0
Trd, 000124.900, 317.0
Trd, 000125.350, 346
Trd, 000125.900, 322
Trd, 000127.000, 327.0
Trd, 000128.150, 331.0
Trd, 000128.167, 342
Trd, 000128.350, 341
Trd, 000128.767, 341
Trd, 000129.733, 342
Trd, 000130.317, 332
Trd, 000130.800, 343
Trd, 000131.483, 340.0
Trd, 000134.033, 338
Trd, 000134.350, 339
Trd, 000135.183, 338
Trd, 000135.417, 340
Trd, 000135.467, 341
Trd, 000135.850, 339
Trd, 000135.967, 337
Trd, 000136.233, 343
Trd, 000137.417, 342
Trd, 000137.817, 337
Trd, 000139.000, 340
Trd, 000140.583, 337
Trd, 000140.700, 338
Trd, 000141.683, 337
Trd, 000141.717, 338
Trd, 000141.850, 337
Trd, 000141.883, 334
Trd, 000144.333, 339
Trd, 000144.900, 337.0
Trd, 000145.150, 338
Trd, 000145.700, 337
Trd, 000145.917, 339
Trd, 000146.517, 333
Trd, 000147.433, 342
Trd, 000147.817, 350
Trd, 000148.833, 358
Trd, 000149.617, 360.0
Trd, 000150.183, 350
Trd, 000151.367, 341
Trd, 000152.350, 341
Trd, 000153.300, 339
Trd, 000153.400, 347
Trd, 000153.617, 350
Trd, 000153.950, 350
Trd, 000154.033, 348
Trd, 000155.717, 344
Trd, 000158.333, 343
Trd, 000158.567, 341
Trd, 000158.650, 341
Trd, 000158.817, 343
Trd, 000159.983, 341
Trd, 000160.333, 342
Trd, 000160.533, 338
Trd, 000160.983, 343
Trd, 000161.483, 338
Trd, 000163.150, 341
Trd, 000164.000, 337.0
Trd, 000164.733, 341
Trd, 000165.083, 340
Trd, 000165.583, 336
Trd, 000166.317, 336
Trd, 000166.850, 335
Trd, 000167.100, 337
Trd, 000169.017, 336
Trd, 000169.200, 340
Trd, 000169.367, 336
Trd, 000169.550, 339
Trd, 000170.967, 341
Trd, 000171.667, 341
Trd, 000171.833, 340
Trd, 000172.000, 340
Trd, 000172.750, 338.0
Trd, 000172.867, 339
Trd, 000172.983, 337.0
Trd, 000174.033, 337
Trd, 000174.983, 334
Trd, 000176.667, 339
Trd, 000177.633, 341
Trd, 000178.233, 338
Trd, 000178.450, 338
Trd, 000178.833, 338
Trd, 000179.867, 339
Trd, 000180.300, 338
Trd, 000180.533, 343
Trd, 000181.033, 337.0
Trd, 000181.117, 362.0
Trd, 000181.267, 335
Trd, 000182.283, 333
Trd, 000182.783, 338
Trd, 000182.917, 336
Trd, 000183.050, 327.0
Trd, 000183.133, 324.0
Trd, 000183.300, 316
Trd, 000183.550, 313.0
Trd, 000184.300, 285
Trd, 000184.767, 316
Trd, 000185.183, 201
Trd, 000185.267, 200
Trd, 000185.400, 183
Trd, 000186.017, 181
Trd, 000186.850, 176
Trd, 000186.967, 170
Trd, 000188.000, 190
Trd, 000188.267, 190
Trd, 000188.817, 177
Trd, 000190.267, 175
Trd, 000191.167, 168
Trd, 000191.200, 172
Trd, 000191.600, 171
Trd, 000191.767, 167
Trd, 000192.100, 170
Trd, 000192.417, 170
Trd, 000193.167, 162
Trd, 000193.900, 161
Trd, 000194.017, 163
Trd, 000194.267, 165
Trd, 000195.467, 162
Trd, 000195.633, 163
Trd, 000195.817, 162
Trd, 000197.217, 180
Trd, 000197.233, 166
Trd, 000197.867, 167
Trd, 000197.950, 168
Trd, 000198.033, 178
Trd, 000201.050, 173
Trd, 000201.767, 173
Trd, 000202.133, 173
Trd, 000202.450, 171
Trd, 000202.967, 170
Trd, 000203.150, 163
Trd, 000204.250, 168
Trd, 000204.667, 168
Trd, 000205.683, 167
Trd, 000206.117, 168
Trd, 000207.083, 167
Trd, 000208.000, 166
Trd, 000208.967, 172
Trd, 000210.250, 171
Trd, 000211.117, 170
Trd, 000211.217, 171
Trd, 000211.650, 169
Trd, 000212.000, 169
Trd, 000212.367, 168
Trd, 000212.917, 168
Trd, 000213.867, 164
Trd, 000213.983, 164
Trd, 000214.117, 166
Trd, 000214.450, 167
Trd, 000214.950, 167
Trd, 000216.417, 164
Trd, 000216.700, 166
Trd, 000217.550, 165
Trd, 000218.433, 164
Trd, 000218.917, 163
Trd, 000221.083, 163
Trd, 000221.833, 164
Trd, 000222.317, 162
Trd, 000222.883, 163
Trd, 000223.133, 161
Trd, 000223.733, 163
Trd, 000223.867, 165
Trd, 000224.050, 161
Trd, 000224.633, 164
Trd, 000225.233, 163
Trd, 000227.133, 180
Trd, 000228.617, 170
Trd, 000229.850, 170
Trd, 000230.117, 174
Trd, 000230.483, 175
Trd, 000231.783, 170
Trd, 000232.350, 169
Trd, 000232.500, 165
Trd, 000233.183, 165
Trd, 000233.650, 164
Trd, 000234.067, 164
Trd, 000236.117, 166
Trd, 000236.617, 166
Trd, 000236.633, 164
Trd, 000236.683, 178
Trd, 000237.400, 185
Trd, 000237.467, 188
Trd, 000240.250, 165
Trd, 000240.517, 166
Trd, 000241.017, 166
Trd, 000241.117, 166
Trd, 000242.067, 165
Trd, 000242.100, 166
Trd, 000242.233, 167
Trd, 000242.717, 172
Trd, 000243.267, 168
Trd, 000243.317, 169
Trd, 000243.683, 167
Trd, 000244.633, 182
Trd, 000245.300, 170
Trd, 000246.683, 172
Trd, 000247.100, 171
Trd, 000247.317, 170
Trd, 000247.683, 171
Trd, 000247.917, 171
Trd, 000247.950, 173
Trd, 000248.733, 173
Trd, 000250.050, 174
Trd, 000250.250, 174
Trd, 000251.300, 179
Trd, 000252.483, 177
Trd, 000253.300, 179
Trd, 000253.450, 187
Trd, 000254.200, 177
Trd, 000254.517, 175
Trd, 000255.400, 174
Trd, 000255.467, 175
Trd, 000256.800, 166
Trd, 000257.000, 168
Trd, 000257.600, 171
Trd, 000257.983, 169
Trd, 000258.183, 169
Trd, 000258.200, 170
Trd, 000258.833, 169
Trd, 000259.200, 174
Trd, 000259.450, 175
Trd, 000260.067, 172
Trd, 000260.083, 176
Trd, 000260.317, 169
Trd, 000261.100, 172
Trd, 000261.750, 172
Trd, 000261.833, 173
Trd, 000262.533, 171
Trd, 000262.550, 173
Trd, 000263.333, 170
Trd, 000264.017, 171
Trd, 000264.267, 172
Trd, 000265.500, 171
Trd, 000265.750, 170
Trd, 000265.917, 169
Trd, 000266.317, 168
Trd, 000266.333, 168
Trd, 000266.933, 171
Trd, 000266.967, 174
Trd, 000267.517, 192
Trd, 000268.433, 181
Trd, 000269.417, 174
Trd, 000269.733, 172
Trd, 000270.200, 172
Trd, 000270.733, 172
Trd, 000271.133, 172
Trd, 000271.267, 173
Trd, 000271.817, 172
Trd, 000272.200, 171
Trd, 000272.550, 170
Trd, 000273.400, 175
Trd, 000274.517, 171
Trd, 000274.800, 173
Trd, 000275.017, 176
Trd, 000275.117, 177
Trd, 000275.750, 175
Trd, 000275.917, 181
Trd, 000276.033, 187
Trd, 000276.150, 172
Trd, 000276.667, 172
Trd, 000276.750, 189
Trd, 000277.117, 170
Trd, 000279.050, 171
Trd, 000279.833, 171
Trd, 000280.367, 168
Trd, 000280.650, 168
Trd, 000281.117, 168
Trd, 000281.350, 169
Trd, 000281.700, 169
Trd, 000282.317, 168
Trd, 000282.433, 170
Trd, 000282.700, 170
Trd, 000282.833, 176
Trd, 000283.900, 176
Trd, 000284.083, 190
Trd, 000285.100, 165
Trd, 000285.183, 171
Trd, 000285.683, 172
Trd, 000285.933, 165
Trd, 000286.517, 164
Trd, 000286.650, 164
Trd, 000287.167, 163
Trd, 000287.317, 168
Trd, 000287.967, 171
Trd, 000288.467, 170
Trd, 000289.050, 171
Trd, 000289.333, 172
Trd, 000289.967, 176
Trd, 000290.950, 179
Trd, 000291.417, 172
Trd, 000292.200, 171
Trd, 000292.617, 169
Trd, 000294.250, 168
Trd, 000294.517, 168
Trd, 000294.750, 167
Trd, 000294.967, 169
Trd, 000295.017, 171
Trd, 000295.483, 173
Trd, 000295.517, 171
Trd, 000295.717, 175
Trd, 000295.817, 167
Trd, 000296.083, 175
Trd, 000297.117, 191
Trd, 000297.483, 176
Trd, 000299.900, 176
