Trd, 000001.800, 155
Trd, 000002.400, 152
Trd, 000002.533, 154
Trd, 000003.533, 168
Trd, 000003.783, 157
Trd, 000003.850, 156
Trd, 000004.483, 162
Trd, 000004.667, 169
Trd, 000005.850, 154
Trd, 000006.050, 155
Trd, 000006.217, 141
Trd, 000006.850, 152
Trd, 000007.667, 152
Trd, 000008.000, 150
Trd, 000008.383, 148
Trd, 000008.717, 151
Trd, 000009.683, 150
Trd, 000009.883, 152
Trd, 000010.383, 154
Trd, 000010.817, 144
Trd, 000011.150, 156
Trd, 000011.900, 169
Trd, 000012.167, 187
Trd, 000013.033, 147
Trd, 000013.733, 159
Trd, 000014.083, 161
Trd, 000015.200, 145
Trd, 000015.417, 155
Trd, 000015.933, 155
Trd, 000017.567, 148
Trd, 000017.967, 157
Trd, 000018.367, 156
Trd, 000018.400, 157
Trd, 000018.517, 147
Trd, 000019.233, 157
Trd, 000020.517, 159
Trd, 000020.950, 157
Trd, 000021.183, 158
Trd, 000021.783, 160
Trd, 000021.833, 158
Trd, 000022.250, 160
Trd, 000022.733, 164
Trd, 000022.833, 158
Trd, 000023.233, 157
Trd, 000023.900, 156
Trd, 000024.533, 163
Trd, 000025.400, 158
Trd, 000026.933, 158
Trd, 000027.150, 157
Trd, 000027.217, 159
Trd, 000027.500, 144
Trd, 000028.533, 157
Trd, 000028.833, 156
Trd, 000028.950, 139
Trd, 000029.483, 140
Trd, 000029.617, 153
Trd, 000031.350, 148
Trd, 000031.400, 152
Trd, 000031.517, 144
Trd, 000032.600, 130
Trd, 000032.633, 159
Trd, 000032.967, 158
Trd, 000033.217, 161
Trd, 000033.483, 145
Trd, 000033.683, 127
Trd, 000035.850, 152
Trd, 000036.500, 139
Trd, 000036.650, 139
Trd, 000037.017, 152
Trd, 000037.317, 145
Trd, 000037.767, 152
Trd, 000037.800, 145
Trd, 000037.833, 142
Trd, 000038.300, 153
Trd, 000039.933, 152
Trd, 000040.217, 155
Trd, 000041.183, 162
Trd, 000042.100, 160
Trd, 000042.350, 163
Trd, 000043.217, 166
Trd, 000044.017, 168
Trd, 000044.767, 168
Trd, 000045.517, 166
Trd, 000046.283, 160
Trd, 000046.833, 159
Trd, 000047.900, 152
Trd, 000047.983, 157
Trd, 000048.283, 156
Trd, 000049.600, 156
Trd, 000049.933, 156
Trd, 000050.567, 155
Trd, 000050.817, 157
Trd, 000051.467, 157
Trd, 000052.567, 156
Trd, 000052.833, 157
Trd, 000053.350, 157
Trd, 000054.583, 157
Trd, 000054.767, 160
Trd, 000054.800, 156
Trd, 000055.067, 191
Trd, 000055.533, 170
Trd, 000056.300, 161
Trd, 000056.733, 153
Trd, 000056.933, 158
Trd, 000057.033, 166
Trd, 000057.167, 148
Trd, 000058.067, 134
Trd, 000058.183, 165
Trd, 000059.167, 162
Trd, 000060.650, 164
Trd, 000060.683, 165
Trd, 000060.850, 161
Trd, 000060.917, 140
Trd, 000062.217, 150
Trd, 000062.433, 151
Trd, 000062.533, 162
Trd, 000062.967, 161
Trd, 000063.367, 145
Trd, 000064.933, 149
Trd, 000065.283, 150
Trd, 000065.400, 150
Trd, 000065.983, 158
Trd, 000066.617, 159
Trd, 000067.133, 160
Trd, 000069.017, 155
Trd, 000069.067, 158
Trd, 000069.133, 161
Trd, 000069.800, 160
Trd, 000070.417, 159
Trd, 000070.950, 161
Trd, 000071.233, 162
Trd, 000072.667, 165
Trd, 000073.217, 169
Trd, 000073.433, 162
Trd, 000073.683, 166
Trd, 000074.633, 162
Trd, 000074.700, 150
Trd, 000076.583, 157
Trd, 000077.017, 156
Trd, 000077.067, 157
Trd, 000077.317, 160
Trd, 000077.433, 151
Trd, 000077.717, 150
Trd, 000077.917, 164
Trd, 000078.900, 165
Trd, 000079.383, 163
Trd, 000079.950, 163
Trd, 000081.450, 157
Trd, 000081.950, 159
Trd, 000082.217, 163
Trd, 000082.483, 164
Trd, 000082.550, 166
Trd, 000083.167, 165
Trd, 000083.700, 162
Trd, 000084.717, 161
Trd, 000084.750, 166
Trd, 000086.050, 163
Trd, 000086.283, 162
Trd, 000086.667, 151
Trd, 000087.233, 149
Trd, 000089.417, 161
Trd, 000089.617, 162
Trd, 000089.900, 166
Trd, 000090.333, 166
Trd, 000090.450, 159
Trd, 000091.150, 166
Trd, 000091.783, 164
Trd, 000091.900, 166
Trd, 000092.500, 166
Trd, 000093.483, 163
Trd, 000093.883, 167
Trd, 000094.667, 166
Trd, 000095.950, 165
Trd, 000096.433, 164
Trd, 000098.567, 163
Trd, 000098.967, 161
Trd, 000099.533, 152
Trd, 000099.850, 165
Trd, 000099.917, 151
Trd, 000099.967, 165
Trd, 000101.133, 161
Trd, 000101.633, 165
Trd, 000102.317, 163
Trd, 000102.433, 161
Trd, 000103.067, 168
Trd, 000103.933, 166
Trd, 000103.983, 165
Trd, 000104.783, 173
Trd, 000105.450, 173
Trd, 000106.117, 172
Trd, 000106.817, 171
Trd, 000107.433, 171
Trd, 000108.517, 172
Trd, 000108.917, 171
Trd, 000109.033, 174
Trd, 000109.567, 171
Trd, 000109.600, 174
Trd, 000110.083, 175
Trd, 000111.733, 170
Trd, 000111.850, 166
Trd, 000112.333, 174
Trd, 000112.917, 175
Trd, 000113.550, 175
Trd, 000114.133, 177
Trd, 000114.717, 173
Trd, 000115.083, 169
Trd, 000117.167, 175
Trd, 000117.683, 176
Trd, 000118.450, 177
Trd, 000118.567, 175
Trd, 000118.650, 173
Trd, 000119.233, 174
Trd, 000119.683, 168
Trd, 000120.300, 171
Trd, 000120.950, 170
Trd, 000121.150, 167
Trd, 000121.683, 170
Trd, 000121.933, 173
Trd, 000122.050, 175
Trd, 000122.200, 180
Trd, 000122.417, 194
Trd, 000123.383, 223
Trd, 000123.767, 267
Trd, 000124.300, 313.0
Trd, 000125.150, 318.0
Trd, 000125.283, 320.0
Trd, 000125.533, 324.0
Trd, 000125.667, 321
Trd, 000125.983, 347
Trd, 000127.133, 326
Trd, 000128.250, 337
Trd, 000128.283, 331
Trd, 000128.617, 356.0
Trd, 000128.883, 355.0
Trd, 000129.433, 347
Trd, 000130.483, 356
Trd, 000131.083, 356
Trd, 000131.700, 359
Trd, 000131.983, 360
Trd, 000132.067, 343
Trd, 000132.217, 355.0
Trd, 000135.183, 358
Trd, 000135.400, 359
Trd, 000135.783, 353
Trd, 000136.233, 354
Trd, 000137.133, 355
Trd, 000137.200, 344
Trd, 000137.867, 353
Trd, 000139.000, 347
Trd, 000139.167, 353
Trd, 000139.317, 353
Trd, 000139.367, 355
Trd, 000139.750, 343
Trd, 000139.800, 342
Trd, 000140.300, 355.0
Trd, 000140.583, 359
Trd, 000141.467, 358
Trd, 000141.550, 355
Trd, 000141.667, 341.0
Trd, 000142.983, 357
Trd, 000144.700, 356
Trd, 000144.900, 356
Trd, 000146.050, 355.0
Trd, 000146.517, 355
Trd, 000146.850, 356
Trd, 000149.150, 356
Trd, 000149.200, 368.0
Trd, 000149.617, 380.0
Trd, 000149.833, 355
Trd, 000150.017, 354
Trd, 000150.367, 355
Trd, 000151.233, 355.0
Trd, 000152.467, 360
Trd, 000153.567, 359
Trd, 000153.917, 359
Trd, 000154.600, 356.0
Trd, 000155.183, 355.0
Trd, 000155.417, 359
Trd, 000155.633, 362
Trd, 000156.650, 351
Trd, 000157.067, 358
Trd, 000157.083, 351
Trd, 000157.967, 346
Trd, 000158.317, 345
Trd, 000159.783, 348
Trd, 000160.167, 346
Trd, 000160.717, 349
Trd, 000160.900, 350
Trd, 000161.017, 351
Trd, 000161.800, 352
Trd, 000162.467, 349
Trd, 000162.833, 355
Trd, 000163.767, 347
Trd, 000163.833, 343
Trd, 000163.983, 343
Trd, 000164.950, 354
Trd, 000165.233, 356
Trd, 000167.467, 353
Trd, 000167.983, 355
Trd, 000169.017, 349
Trd, 000169.350, 358
Trd, 000170.983, 351
Trd, 000171.250, 349
Trd, 000171.400, 354
Trd, 000171.617, 356
Trd, 000171.833, 347
Trd, 000172.417, 350
Trd, 000173.517, 352
Trd, 000173.650, 354
Trd, 000173.750, 356
Trd, 000174.133, 352
Trd, 000174.567, 348
Trd, 000175.783, 355.0
Trd, 000176.017, 356
Trd, 000177.200, 353
Trd, 000178.717, 355
Trd, 000178.750, 355
Trd, 000179.000, 350
Trd, 000179.750, 344
Trd, 000180.150, 355
Trd, 000180.550, 348
Trd, 000180.850, 342
Trd, 000181.167, 342.0
Trd, 000181.733, 327.0
Trd, 000182.033, 323
Trd, 000182.417, 325
Trd, 000183.017, 346
Trd, 000183.150, 312
Trd, 000184.317, 254
Trd, 000185.150, 214
Trd, 000185.417, 205
Trd, 000185.933, 200
Trd, 000187.017, 192
Trd, 000187.117, 190
Trd, 000188.133, 187
Trd, 000188.333, 191
Trd, 000188.400, 193
Trd, 000190.850, 188
Trd, 000190.867, 189
Trd, 000191.183, 190
Trd, 000192.333, 193
Trd, 000192.400, 187
Trd, 000192.917, 194
Trd, 000193.117, 189
Trd, 000193.133, 181
Trd, 000193.517, 174
Trd, 000194.067, 191
Trd, 000194.550, 174
Trd, 000197.417, 183
Trd, 000198.333, 184
Trd, 000198.950, 182
Trd, 000199.167, 182
Trd, 000199.583, 184
Trd, 000199.717, 184
Trd, 000200.567, 183
Trd, 000200.900, 184
Trd, 000201.567, 183
Trd, 000201.917, 184
Trd, 000202.317, 185
Trd, 000202.933, 182
Trd, 000203.517, 175
Trd, 000204.400, 162
Trd, 000204.783, 161
Trd, 000206.000, 173
Trd, 000206.367, 175
Trd, 000206.867, 172
Trd, 000207.483, 168
Trd, 000208.017, 171
Trd, 000208.383, 172
Trd, 000208.433, 178
Trd, 000208.483, 159
Trd, 000209.900, 164
Trd, 000210.483, 167
Trd, 000211.250, 163
Trd, 000211.933, 161
Trd, 000212.267, 162
Trd, 000212.567, 162
Trd, 000212.600, 167
Trd, 000212.917, 172
Trd, 000213.167, 177
Trd, 000213.450, 162
Trd, 000214.017, 183
Trd, 000214.533, 159
Trd, 000216.183, 174
Trd, 000217.150, 167
Trd, 000218.100, 164
Trd, 000218.283, 165
Trd, 000218.683, 164
Trd, 000219.067, 166
Trd, 000219.800, 173
Trd, 000219.967, 165
Trd, 000220.800, 177
Trd, 000220.883, 163
Trd, 000221.683, 167
Trd, 000223.483, 172
Trd, 000223.667, 177
Trd, 000223.833, 178
Trd, 000223.867, 171
Trd, 000224.300, 171
Trd, 000224.517, 179
Trd, 000224.917, 180
Trd, 000227.133, 179
Trd, 000227.317, 180
Trd, 000227.700, 181
Trd, 000228.450, 181
Trd, 000229.150, 185
Trd, 000229.267, 178
Trd, 000230.317, 176
Trd, 000230.933, 175
Trd, 000231.150, 174
Trd, 000231.483, 171
Trd, 000231.717, 172
Trd, 000232.917, 165
Trd, 000234.217, 167
Trd, 000234.483, 164
Trd, 000234.550, 157
Trd, 000234.867, 167
Trd, 000236.017, 167
Trd, 000236.183, 168
Trd, 000236.617, 178
Trd, 000236.750, 181
Trd, 000236.817, 182
Trd, 000237.367, 170
Trd, 000238.450, 179
Trd, 000238.817, 181
Trd, 000238.833, 182
Trd, 000239.300, 190
Trd, 000239.450, 171
Trd, 000241.333, 182
Trd, 000241.583, 181
Trd, 000241.650, 180
Trd, 000241.917, 181
Trd, 000242.467, 185
Trd, 000242.817, 189
Trd, 000243.000, 190
Trd, 000243.117, 186
Trd, 000243.633, 186
Trd, 000243.700, 184
Trd, 000243.750, 196
Trd, 000245.667, 185
Trd, 000246.033, 185
Trd, 000246.983, 179
Trd, 000247.567, 179
Trd, 000248.000, 176
Trd, 000248.367, 174
Trd, 000248.567, 175
Trd, 000248.683, 172
Trd, 000248.700, 169
Trd, 000248.983, 178
Trd, 000249.717, 190
Trd, 000250.550, 187
Trd, 000250.917, 187
Trd, 000251.033, 187
Trd, 000251.333, 183
Trd, 000252.350, 183
Trd, 000253.033, 180
Trd, 000253.317, 184
Trd, 000253.617, 182
Trd, 000254.100, 180
Trd, 000254.283, 183
Trd, 000254.317, 178
Trd, 000254.800, 180
Trd, 000254.983, 176
Trd, 000255.683, 175
Trd, 000256.117, 169
Trd, 000256.717, 173
Trd, 000256.733, 175
Trd, 000256.833, 179
Trd, 000258.233, 175
Trd, 000259.200, 183
Trd, 000259.283, 182
Trd, 000259.600, 180
Trd, 000259.767, 168
Trd, 000259.983, 194
Trd, 000260.167, 208
Trd, 000260.383, 191
Trd, 000262.050, 187
Trd, 000262.133, 183
Trd, 000262.500, 181
Trd, 000262.600, 163
Trd, 000262.733, 178
Trd, 000263.467, 181
Trd, 000263.950, 164
Trd, 000265.083, 171
Trd, 000265.200, 172
Trd, 000265.567, 174
Trd, 000266.083, 161
Trd, 000266.183, 177
Trd, 000266.233, 160
Trd, 000266.367, 184
Trd, 000267.450, 173
Trd, 000267.917, 179
Trd, 000268.083, 178
Trd, 000268.283, 179
Trd, 000268.383, 174
Trd, 000268.733, 177
Trd, 000269.067, 181
Trd, 000269.283, 168
Trd, 000270.583, 176
Trd, 000270.650, 175
Trd, 000271.433, 178
Trd, 000271.800, 182
Trd, 000272.400, 182
Trd, 000272.717, 182
Trd, 000273.333, 175
Trd, 000273.433, 167
Trd, 000274.467, 182
Trd, 000275.400, 182
Trd, 000275.683, 177
Trd, 000276.383, 169
Trd, 000276.633, 167
Trd, 000276.767, 168
Trd, 000277.200, 170
Trd, 000277.433, 175
Trd, 000277.817, 186
Trd, 000278.517, 194
Trd, 000278.850, 189
Trd, 000278.933, 182
Trd, 000279.283, 181
Trd, 000279.517, 181
Trd, 000280.267, 186
Trd, 000280.350, 182
Trd, 000280.400, 179
Trd, 000281.950, 172
Trd, 000282.067, 174
Trd, 000283.033, 173
Trd, 000283.100, 171
Trd, 000283.567, 177
Trd, 000283.600, 178
Trd, 000284.000, 176
Trd, 000284.017, 186
Trd, 000284.183, 186
Trd, 000284.950, 181
Trd, 000285.217, 169
Trd, 000286.200, 179
Trd, 000286.300, 170
Trd, 000286.500, 180
Trd, 000286.750, 181
Trd, 000287.217, 175
Trd, 000287.950, 181
Trd, 000288.117, 180
Trd, 000289.233, 184
Trd, 000289.350, 177
Trd, 000289.417, 186
Trd, 000289.750, 187
Trd, 000290.567, 174
Trd, 000290.617, 173
Trd, 000290.833, 177
Trd, 000291.617, 179
Trd, 000291.633, 181
Trd, 000291.833, 187
Trd, 000292.083, 174
Trd, 000292.400, 173
Trd, 000292.467, 184
Trd, 000292.550, 194
Trd, 000292.700, 172
Trd, 000293.317, 171
Trd, 000293.433, 170
Trd, 000293.850, 175
Trd, 000294.800, 175
Trd, 000295.000, 176
Trd, 000295.050, 181
Trd, 000296.150, 181
Trd, 000296.300, 185
Trd, 000296.733, 173
Trd, 000296.850, 172
Trd, 000297.150, 186
Trd, 000297.200, 170
Trd, 000298.183, 176
Trd, 000298.850, 172
Trd, 000299.917, 174
Trd, 000299.933, 172
