Trd, 000001.250, 148
Trd, 000002.117, 156
Trd, 000002.283, 128
Trd, 000002.317, 188
Trd, 000003.200, 157
Trd, 000003.283, 127
Trd, 000003.433, 148
Trd, 000003.867, 140
Trd, 000005.417, 127
Trd, 000005.600, 131
Trd, 000006.000, 148
Trd, 000007.683, 152
Trd, 000007.950, 149
Trd, 000008.017, 152
Trd, 000009.533, 148
Trd, 000010.050, 147
Trd, 000010.817, 148
Trd, 000010.850, 146
Trd, 000011.083, 151
Trd, 000011.233, 153
Trd, 000011.467, 157
Trd, 000012.267, 146
Trd, 000014.017, 144
Trd, 000014.917, 144
Trd, 000015.317, 141
Trd, 000016.183, 142
Trd, 000016.217, 143
Trd, 000016.900, 145
Trd, 000017.883, 143
Trd, 000018.033, 145
Trd, 000018.200, 153
Trd, 000019.000, 146
Trd, 000019.967, 154
Trd, 000020.433, 154
Trd, 000020.817, 149
Trd, 000021.100, 134
Trd, 000021.350, 161
Trd, 000021.650, 162
Trd, 000022.000, 148
Trd, 000024.000, 152
Trd, 000024.467, 150
Trd, 000025.000, 152
Trd, 000025.900, 150
Trd, 000026.183, 149
Trd, 000026.483, 151
Trd, 000028.917, 147
Trd, 000029.233, 147
Trd, 000029.517, 149
Trd, 000029.750, 145
Trd, 000030.250, 154
Trd, 000030.717, 169
Trd, 000031.967, 157
Trd, 000032.867, 156
Trd, 000033.017, 154
Trd, 000033.500, 153
Trd, 000033.683, 155
Trd, 000034.000, 153
Trd, 000035.650, 154
Trd, 000036.000, 154
Trd, 000036.550, 154
Trd, 000037.333, 153
Trd, 000037.450, 155
Trd, 000037.467, 151
Trd, 000038.150, 151
Trd, 000040.333, 152
Trd, 000040.717, 152
Trd, 000040.750, 155
Trd, 000040.900, 162
Trd, 000041.417, 152
Trd, 000041.550, 151
Trd, 000042.350, 152
Trd, 000043.217, 166
Trd, 000043.350, 148
Trd, 000043.417, 140
Trd, 000043.450, 139
Trd, 000045.000, 141
Trd, 000045.017, 150
Trd, 000046.100, 150
Trd, 000046.733, 153
Trd, 000047.417, 146
Trd, 000047.600, 154
Trd, 000047.950, 145
Trd, 000049.500, 154
Trd, 000050.667, 155
Trd, 000050.850, 143
Trd, 000051.583, 145
Trd, 000051.917, 145
Trd, 000052.133, 151
Trd, 000052.333, 155
Trd, 000052.683, 145
Trd, 000053.000, 154
Trd, 000053.033, 153
Trd, 000055.167, 154
Trd, 000056.033, 155
Trd, 000056.067, 150
Trd, 000056.283, 156
Trd, 000056.400, 171
Trd, 000056.717, 176
Trd, 000057.200, 175
Trd, 000057.650, 150
Trd, 000058.150, 157
Trd, 000059.233, 158
Trd, 000059.733, 156
Trd, 000060.467, 155
Trd, 000060.933, 154
Trd, 000061.600, 157
Trd, 000062.617, 156
Trd, 000062.817, 156
Trd, 000063.917, 155
Trd, 000064.533, 156
Trd, 000064.983, 154
Trd, 000065.183, 153
Trd, 000065.867, 155
Trd, 000065.883, 157
Trd, 000066.150, 154
Trd, 000067.867, 158
Trd, 000067.967, 165
Trd, 000069.450, 162
Trd, 000069.567, 165
Trd, 000069.717, 166
Trd, 000069.733, 162
Trd, 000070.100, 155
Trd, 000070.983, 158
Trd, 000071.200, 164
Trd, 000072.250, 158
Trd, 000072.817, 156
Trd, 000073.000, 156
Trd, 000073.350, 161
Trd, 000073.417, 162
Trd, 000074.100, 165
Trd, 000075.100, 160
Trd, 000075.333, 162
Trd, 000075.900, 162
Trd, 000076.400, 159
Trd, 000078.083, 158
Trd, 000078.350, 155
Trd, 000079.300, 157
Trd, 000079.733, 160
Trd, 000080.133, 159
Trd, 000080.967, 158
Trd, 000082.300, 159
Trd, 000082.583, 157
Trd, 000082.717, 158
Trd, 000082.800, 158
Trd, 000082.817, 157
Trd, 000083.000, 166
Trd, 000084.383, 160
Trd, 000086.283, 159
Trd, 000087.150, 159
Trd, 000087.817, 158
Trd, 000088.000, 159
Trd, 000088.367, 158
Trd, 000089.183, 174
Trd, 000090.083, 158
Trd, 000090.317, 157
Trd, 000090.817, 165
Trd, 000093.433, 160
Trd, 000094.667, 160
Trd, 000094.750, 160
Trd, 000095.133, 160
Trd, 000096.167, 160
Trd, 000096.250, 158
Trd, 000096.267, 161
Trd, 000096.400, 158
Trd, 000097.133, 160
Trd, 000097.200, 162
Trd, 000098.000, 161
Trd, 000098.567, 158
Trd, 000098.717, 150
Trd, 000099.217, 167
Trd, 000100.500, 160
Trd, 000101.050, 158
Trd, 000102.050, 157
Trd, 000102.500, 160
Trd, 000103.367, 158
Trd, 000103.600, 159
Trd, 000104.300, 158
Trd, 000104.517, 159
Trd, 000104.617, 161
Trd, 000104.683, 155
Trd, 000104.950, 162
Trd, 000106.917, 160
Trd, 000108.483, 161
Trd, 000108.650, 161
Trd, 000108.800, 159
Trd, 000109.900, 154
Trd, 000110.233, 155
Trd, 000110.483, 157
Trd, 000111.083, 152
Trd, 000112.200, 158
Trd, 000112.700, 161
Trd, 000112.717, 162
Trd, 000112.950, 162
Trd, 000113.800, 166
Trd, 000114.917, 165
Trd, 000115.700, 159
Trd, 000116.250, 158
Trd, 000117.017, 157
Trd, 000117.683, 157
Trd, 000118.867, 160
Trd, 000119.017, 160
Trd, 000119.033, 161
Trd, 000119.250, 162
Trd, 000119.367, 170
Trd, 000120.433, 156
Trd, 000121.267, 163
Trd, 000121.517, 164
Trd, 000121.750, 175
Trd, 000121.867, 178
Trd, 000122.217, 187
Trd, 000122.850, 194
Trd, 000123.367, 208
Trd, 000123.467, 260
Trd, 000123.500, 262
Trd, 000124.317, 300.0
Trd, 000124.450, 337.0
Trd, 000125.583, 331
Trd, 000126.150, 310.0
Trd, 000127.450, 320
Trd, 000127.567, 327.0
Trd, 000129.383, 344.0
Trd, 000130.100, 342
Trd, 000130.200, 334
Trd, 000131.450, 343
Trd, 000131.617, 333
Trd, 000132.017, 344
Trd, 000132.400, 343
Trd, 000132.600, 348
Trd, 000133.567, 342
Trd, 000134.383, 340
Trd, 000135.167, 348.0
Trd, 000136.433, 356.0
Trd, 000136.600, 351
Trd, 000136.667, 343
Trd, 000137.200, 342
Trd, 000137.233, 357.0
Trd, 000138.033, 358.0
Trd, 000138.600, 363
Trd, 000139.583, 343
Trd, 000141.050, 343.0
Trd, 000141.350, 343
Trd, 000141.417, 341
Trd, 000142.183, 343.0
Trd, 000143.300, 340
Trd, 000144.617, 337.0
Trd, 000144.633, 340
Trd, 000144.667, 336
Trd, 000145.383, 339
Trd, 000145.683, 337
Trd, 000146.833, 337
Trd, 000146.967, 344.0
Trd, 000147.167, 352
Trd, 000147.617, 338
Trd, 000148.167, 344.0
Trd, 000148.583, 338
Trd, 000149.567, 341
Trd, 000150.950, 339
Trd, 000151.800, 347
Trd, 000152.550, 338
Trd, 000152.783, 335
Trd, 000152.933, 333
Trd, 000154.950, 342
Trd, 000155.350, 337.0
Trd, 000156.083, 337
Trd, 000156.183, 343
Trd, 000156.350, 335
Trd, 000156.650, 333
Trd, 000158.950, 340
Trd, 000159.683, 340
Trd, 000159.800, 334
Trd, 000160.483, 336
Trd, 000162.350, 336
Trd, 000163.800, 335.0
Trd, 000164.050, 336.0
Trd, 000165.050, 334
Trd, 000165.267, 336
Trd, 000165.817, 335
Trd, 000165.983, 332
Trd, 000168.050, 334.0
Trd, 000168.117, 328
Trd, 000169.467, 337.0
Trd, 000169.617, 340
Trd, 000169.750, 330
Trd, 000170.600, 341
Trd, 000170.983, 344.0
Trd, 000171.650, 335
Trd, 000171.850, 330
Trd, 000173.200, 330
Trd, 000173.350, 348
Trd, 000174.150, 350
Trd, 000174.267, 330
Trd, 000175.417, 349
Trd, 000176.367, 337.0
Trd, 000176.467, 345
Trd, 000177.767, 349.0
Trd, 000177.783, 348.0
Trd, 000178.517, 349
Trd, 000179.067, 348
Trd, 000179.800, 344
Trd, 000180.050, 350
Trd, 000181.017, 340
Trd, 000181.567, 344.0
Trd, 000181.917, 349
Trd, 000182.017, 332
Trd, 000182.217, 333
Trd, 000182.233, 327.0
Trd, 000182.733, 320.0
Trd, 000182.983, 311
Trd, 000183.450, 306
Trd, 000184.133, 232
Trd, 000184.350, 200
Trd, 000185.083, 224
Trd, 000185.467, 176
Trd, 000186.550, 167
Trd, 000187.083, 168
Trd, 000187.600, 167
Trd, 000188.467, 168
Trd, 000188.550, 183
Trd, 000189.717, 183
Trd, 000189.883, 170
Trd, 000190.367, 169
Trd, 000191.367, 184
Trd, 000191.817, 185
Trd, 000192.033, 167
Trd, 000192.150, 166
Trd, 000192.817, 164
Trd, 000192.933, 184
Trd, 000195.283, 178
Trd, 000196.550, 177
Trd, 000196.583, 172
Trd, 000196.683, 172
Trd, 000197.833, 176
Trd, 000198.767, 172
Trd, 000198.933, 173
Trd, 000199.300, 172
Trd, 000199.883, 172
Trd, 000200.200, 174
Trd, 000201.417, 171
Trd, 000201.700, 171
Trd, 000201.917, 175
Trd, 000202.933, 147
Trd, 000203.467, 157
Trd, 000204.500, 157
Trd, 000205.500, 161
Trd, 000206.083, 160
Trd, 000206.317, 159
Trd, 000206.500, 161
Trd, 000206.783, 165
Trd, 000207.383, 166
Trd, 000208.133, 163
Trd, 000209.750, 164
Trd, 000209.983, 165
Trd, 000210.350, 164
Trd, 000211.050, 165
Trd, 000211.683, 169
Trd, 000212.617, 166
Trd, 000212.983, 171
Trd, 000214.100, 165
Trd, 000214.700, 164
Trd, 000215.100, 165
Trd, 000215.333, 164
Trd, 000215.650, 168
Trd, 000215.683, 169
Trd, 000217.000, 161
Trd, 000217.367, 166
Trd, 000217.900, 159
Trd, 000218.317, 169
Trd, 000218.383, 158
Trd, 000218.467, 179
Trd, 000220.767, 172
Trd, 000221.050, 172
Trd, 000222.400, 172
Trd, 000222.467, 170
Trd, 000222.733, 172
Trd, 000223.700, 172
Trd, 000224.633, 170
Trd, 000224.800, 171
Trd, 000224.917, 171
Trd, 000225.417, 170
Trd, 000226.250, 171
Trd, 000227.883, 171
Trd, 000227.950, 172
Trd, 000228.183, 170
Trd, 000228.667, 170
Trd, 000228.683, 174
Trd, 000230.183, 175
Trd, 000231.250, 171
Trd, 000232.383, 177
Trd, 000232.400, 174
Trd, 000232.833, 180
Trd, 000232.967, 174
Trd, 000233.617, 181
Trd, 000233.683, 173
Trd, 000234.450, 171
Trd, 000234.600, 177
Trd, 000234.633, 169
Trd, 000235.267, 168
Trd, 000236.350, 175
Trd, 000236.867, 175
Trd, 000237.100, 173
Trd, 000237.367, 178
Trd, 000238.917, 159
Trd, 000239.083, 160
Trd, 000239.833, 161
Trd, 000239.900, 159
Trd, 000240.350, 159
Trd, 000241.517, 162
Trd, 000241.567, 162
Trd, 000242.017, 164
Trd, 000242.333, 165
Trd, 000242.417, 168
Trd, 000242.633, 162
Trd, 000243.167, 164
Trd, 000243.533, 162
Trd, 000243.717, 166
Trd, 000244.133, 166
Trd, 000245.567, 167
Trd, 000246.067, 169
Trd, 000246.500, 175
Trd, 000246.733, 171
Trd, 000247.717, 173
Trd, 000247.933, 176
Trd, 000248.117, 177
Trd, 000248.400, 178
Trd, 000249.450, 177
Trd, 000249.500, 176
Trd, 000249.533, 180
Trd, 000249.633, 176
Trd, 000250.017, 176
Trd, 000250.133, 178
Trd, 000250.600, 178
Trd, 000250.617, 176
Trd, 000250.767, 175
Trd, 000251.700, 181
Trd, 000252.417, 183
Trd, 000252.883, 187
Trd, 000253.717, 182
Trd, 000253.733, 181
Trd, 000254.200, 183
Trd, 000254.617, 184
Trd, 000254.833, 180
Trd, 000256.100, 188
Trd, 000256.167, 185
Trd, 000256.317, 185
Trd, 000256.767, 184
Trd, 000258.017, 183
Trd, 000258.117, 176
Trd, 000258.350, 184
Trd, 000259.500, 174
Trd, 000259.733, 178
Trd, 000259.750, 174
Trd, 000259.767, 180
Trd, 000259.900, 181
Trd, 000260.600, 177
Trd, 000260.750, 180
Trd, 000261.083, 177
Trd, 000261.283, 177
Trd, 000261.683, 177
Trd, 000261.983, 181
Trd, 000263.033, 183
Trd, 000263.417, 177
Trd, 000263.717, 176
Trd, 000263.783, 182
Trd, 000264.367, 181
Trd, 000264.583, 181
Trd, 000264.667, 183
Trd, 000264.883, 179
Trd, 000265.383, 179
Trd, 000266.483, 177
Trd, 000266.633, 182
Trd, 000266.733, 177
Trd, 000267.033, 188
Trd, 000267.117, 189
Trd, 000267.517, 175
Trd, 000267.633, 163
Trd, 000267.850, 164
Trd, 000268.233, 159
Trd, 000268.400, 186
Trd, 000269.450, 180
Trd, 000269.817, 179
Trd, 000270.167, 178
Trd, 000270.750, 180
Trd, 000270.917, 181
Trd, 000271.433, 180
Trd, 000271.800, 182
Trd, 000272.950, 184
Trd, 000273.233, 182
Trd, 000273.867, 185
Trd, 000274.467, 184
Trd, 000274.700, 183
Trd, 000274.833, 185
Trd, 000275.333, 192
Trd, 000275.650, 186
Trd, 000276.533, 184
Trd, 000276.600, 189
Trd, 000276.750, 182
Trd, 000277.067, 176
Trd, 000277.100, 189
Trd, 000277.633, 181
Trd, 000278.867, 183
Trd, 000279.067, 178
Trd, 000279.267, 182
Trd, 000279.767, 182
Trd, 000280.300, 179
Trd, 000280.783, 187
Trd, 000280.983, 187
Trd, 000281.183, 189
Trd, 000281.300, 186
Trd, 000281.950, 185
Trd, 000282.167, 183
Trd, 000282.533, 185
Trd, 000282.950, 193
Trd, 000283.300, 182
Trd, 000283.617, 187
Trd, 000283.900, 186
Trd, 000284.550, 183
Trd, 000285.683, 173
Trd, 000285.950, 176
Trd, 000286.283, 174
Trd, 000286.383, 175
Trd, 000286.467, 172
Trd, 000287.233, 176
Trd, 000288.467, 172
Trd, 000288.583, 163
Trd, 000288.667, 178
Trd, 000288.967, 180
Trd, 000289.383, 175
Trd, 000290.183, 164
Trd, 000290.400, 163
Trd, 000291.033, 171
Trd, 000291.050, 178
Trd, 000291.367, 168
Trd, 000291.417, 166
Trd, 000291.533, 173
Trd, 000291.683, 179
Trd, 000292.683, 161
Trd, 000292.900, 180
Trd, 000293.083, 170
Trd, 000293.567, 160
Trd, 000293.783, 180
Trd, 000294.450, 177
Trd, 000294.483, 180
Trd, 000294.750, 187
Trd, 000295.617, 184
Trd, 000296.417, 188
Trd, 000296.833, 174
Trd, 000297.150, 174
Trd, 000297.350, 175
Trd, 000297.717, 174
Trd, 000298.000, 189
Trd, 000298.100, 175
Trd, 000298.783, 195
Trd, 000299.000, 198
Trd, 000299.017, 175
Trd, 000299.517, 171
Trd, 000299.950, 178
