Trd, 000002.650, 181
Trd, 000003.150, 179
Trd, 000003.267, 179
Trd, 000003.667, 165
Trd, 000005.083, 152
Trd, 000005.283, 164
Trd, 000005.817, 151
Trd, 000005.950, 165
Trd, 000006.000, 152
Trd, 000006.367, 150
Trd, 000006.733, 133
Trd, 000007.200, 141
Trd, 000007.250, 140
Trd, 000007.617, 141
Trd, 000007.817, 145
Trd, 000007.967, 147
Trd, 000008.283, 149
Trd, 000009.133, 163
Trd, 000010.767, 160
Trd, 000010.783, 159
Trd, 000011.017, 162
Trd, 000011.383, 155
Trd, 000011.900, 161
Trd, 000012.367, 158
Trd, 000012.500, 159
Trd, 000013.950, 159
Trd, 000014.217, 156
Trd, 000014.400, 160
Trd, 000015.733, 160
Trd, 000016.500, 157
Trd, 000016.700, 160
Trd, 000017.067, 160
Trd, 000017.117, 162
Trd, 000017.750, 161
Trd, 000018.400, 151
Trd, 000018.817, 164
Trd, 000021.083, 159
Trd, 000021.533, 158
Trd, 000021.700, 156
Trd, 000021.867, 158
Trd, 000023.217, 155
Trd, 000024.050, 154
Trd, 000024.267, 147
Trd, 000024.283, 151
Trd, 000024.967, 153
Trd, 000025.500, 154
Trd, 000025.650, 153
Trd, 000026.050, 155
Trd, 000026.183, 158
Trd, 000026.917, 154
Trd, 000027.350, 153
Trd, 000029.100, 151
Trd, 000029.667, 155
Trd, 000029.750, 156
Trd, 000030.600, 156
Trd, 000031.033, 158
Trd, 000031.433, 152
Trd, 000032.133, 152
Trd, 000033.667, 152
Trd, 000033.700, 154
Trd, 000034.033, 154
Trd, 000034.500, 155
Trd, 000035.683, 154
Trd, 000036.017, 155
Trd, 000036.350, 161
Trd, 000036.417, 162
Trd, 000036.800, 154
Trd, 000037.017, 158
Trd, 000037.367, 152
Trd, 000037.883, 163
Trd, 000038.583, 152
Trd, 000039.050, 159
Trd, 000039.667, 152
Trd, 000040.133, 152
Trd, 000040.217, 158
Trd, 000040.533, 152
Trd, 000040.617, 150
Trd, 000041.433, 148
Trd, 000041.967, 155
Trd, 000042.550, 150
Trd, 000042.683, 149
Trd, 000042.750, 148
Trd, 000043.617, 148
Trd, 000044.167, 149
Trd, 000044.900, 151
Trd, 000044.967, 151
Trd, 000046.300, 150
Trd, 000046.350, 151
Trd, 000046.500, 149
Trd, 000047.717, 151
Trd, 000048.017, 153
Trd, 000048.400, 151
Trd, 000048.600, 154
Trd, 000049.467, 156
Trd, 000049.933, 160
Trd, 000050.383, 155
Trd, 000051.233, 154
Trd, 000051.400, 158
Trd, 000051.417, 159
Trd, 000051.783, 153
Trd, 000052.200, 156
Trd, 000052.350, 157
Trd, 000053.533, 157
Trd, 000053.650, 157
Trd, 000054.417, 155
Trd, 000054.567, 154
Trd, 000055.983, 154
Trd, 000056.133, 154
Trd, 000057.150, 154
Trd, 000058.200, 136
Trd, 000059.133, 155
Trd, 000059.200, 156
Trd, 000059.500, 156
Trd, 000060.317, 152
Trd, 000060.867, 157
Trd, 000062.017, 158
Trd, 000062.067, 161
Trd, 000062.083, 157
Trd, 000062.950, 156
Trd, 000063.500, 163
Trd, 000063.667, 164
Trd, 000064.350, 159
Trd, 000065.233, 158
Trd, 000065.533, 159
Trd, 000066.217, 160
Trd, 000066.717, 162
Trd, 000067.133, 158
Trd, 000068.350, 158
Trd, 000068.550, 158
Trd, 000069.050, 159
Trd, 000069.350, 159
Trd, 000070.700, 158
Trd, 000071.033, 157
Trd, 000071.183, 162
Trd, 000072.467, 160
Trd, 000072.850, 159
Trd, 000072.983, 160
Trd, 000073.750, 158
Trd, 000073.850, 161
Trd, 000074.717, 158
Trd, 000075.117, 160
Trd, 000075.433, 161
Trd, 000077.067, 159
Trd, 000077.083, 157
Trd, 000077.383, 162
Trd, 000077.700, 159
Trd, 000078.533, 155
Trd, 000078.550, 162
Trd, 000079.700, 163
Trd, 000080.167, 161
Trd, 000080.483, 157
Trd, 000080.683, 163
Trd, 000081.000, 162
Trd, 000082.533, 157
Trd, 000082.700, 158
Trd, 000083.000, 161
Trd, 000083.217, 162
Trd, 000083.317, 163
Trd, 000085.117, 160
Trd, 000085.683, 161
Trd, 000085.867, 160
Trd, 000086.317, 163
Trd, 000086.467, 163
Trd, 000087.533, 160
Trd, 000087.550, 158
Trd, 000088.100, 162
Trd, 000089.633, 167
Trd, 000089.883, 165
Trd, 000090.217, 170
Trd, 000090.883, 163
Trd, 000092.783, 165
Trd, 000092.967, 164
Trd, 000093.050, 166
Trd, 000093.800, 167
Trd, 000094.733, 168
Trd, 000095.183, 167
Trd, 000095.433, 165
Trd, 000096.117, 163
Trd, 000096.717, 164
Trd, 000096.967, 166
Trd, 000098.217, 165
Trd, 000098.450, 171
Trd, 000098.483, 167
Trd, 000098.567, 164
Trd, 000098.633, 163
Trd, 000099.183, 175
Trd, 000099.617, 169
Trd, 000100.183, 163
Trd, 000100.950, 170
Trd, 000101.033, 172
Trd, 000103.017, 169
Trd, 000103.083, 170
Trd, 000104.117, 167
Trd, 000105.117, 165
Trd, 000105.500, 167
Trd, 000106.350, 166
Trd, 000106.617, 163
Trd, 000107.733, 160
Trd, 000107.900, 157
Trd, 000108.233, 167
Trd, 000108.250, 168
Trd, 000108.567, 168
Trd, 000109.350, 162
Trd, 000110.050, 163
Trd, 000110.700, 163
Trd, 000110.850, 165
Trd, 000111.200, 169
Trd, 000112.067, 161
Trd, 000112.467, 163
Trd, 000112.783, 162
Trd, 000112.883, 163
Trd, 000113.333, 164
Trd, 000113.483, 166
Trd, 000113.567, 162
Trd, 000114.283, 164
Trd, 000114.383, 158
Trd, 000114.667, 164
Trd, 000115.700, 160
Trd, 000116.933, 157
Trd, 000117.667, 143
Trd, 000118.033, 155
Trd, 000118.633, 143
Trd, 000120.217, 152
Trd, 000120.667, 156
Trd, 000120.967, 157
Trd, 000121.033, 160
Trd, 000121.250, 163
Trd, 000121.350, 167
Trd, 000122.550, 153
Trd, 000122.783, 162
Trd, 000122.817, 174
Trd, 000122.850, 184
Trd, 000122.883, 187
Trd, 000123.233, 198
Trd, 000124.200, 344.0
Trd, 000124.517, 298
Trd, 000124.650, 315
Trd, 000125.717, 320
Trd, 000125.950, 327.0
Trd, 000126.667, 331.0
Trd, 000129.017, 331.0
Trd, 000129.400, 330
Trd, 000129.533, 334
Trd, 000130.100, 335
Trd, 000131.033, 335
Trd, 000132.450, 344.0
Trd, 000132.517, 348.0
Trd, 000132.933, 354.0
Trd, 000133.700, 343
Trd, 000133.767, 342
Trd, 000134.033, 352
Trd, 000134.183, 358
Trd, 000135.033, 359
Trd, 000135.117, 362.0
Trd, 000136.283, 352
Trd, 000136.300, 359
Trd, 000136.500, 351
Trd, 000136.683, 348
Trd, 000138.233, 352
Trd, 000138.533, 353
Trd, 000139.383, 348
Trd, 000139.417, 347
Trd, 000141.350, 345
Trd, 000141.450, 345
Trd, 000141.683, 349
Trd, 000141.850, 345
Trd, 000142.750, 330
Trd, 000143.333, 345
Trd, 000143.533, 345
Trd, 000144.167, 348.0
Trd, 000144.233, 354
Trd, 000145.617, 346
Trd, 000146.383, 350
Trd, 000146.467, 350
Trd, 000146.683, 349
Trd, 000148.217, 347
Trd, 000149.733, 351
Trd, 000149.817, 353
Trd, 000150.167, 349
Trd, 000151.267, 350
Trd, 000151.867, 349
Trd, 000151.983, 350
Trd, 000152.367, 351
Trd, 000153.217, 352
Trd, 000153.750, 358
Trd, 000154.550, 352
Trd, 000155.050, 351
Trd, 000155.750, 355
Trd, 000156.917, 351
Trd, 000157.300, 349
Trd, 000157.733, 350
Trd, 000157.750, 351
Trd, 000158.433, 349
Trd, 000158.567, 353
Trd, 000158.633, 358
Trd, 000159.750, 357
Trd, 000160.133, 352
Trd, 000160.983, 346
Trd, 000161.050, 356
Trd, 000161.217, 357
Trd, 000161.383, 346
Trd, 000163.667, 348
Trd, 000163.783, 351
Trd, 000164.150, 354.0
Trd, 000164.583, 345
Trd, 000164.650, 345
Trd, 000164.917, 352
Trd, 000165.917, 347
Trd, 000166.917, 346
Trd, 000166.950, 345
Trd, 000166.983, 352
Trd, 000168.950, 345
Trd, 000169.083, 344
Trd, 000169.467, 344
Trd, 000171.283, 343
Trd, 000172.550, 348.0
Trd, 000173.683, 344
Trd, 000173.900, 344
Trd, 000173.933, 344.0
Trd, 000173.967, 343
Trd, 000174.017, 338
Trd, 000174.350, 351
Trd, 000176.067, 348
Trd, 000177.317, 341
Trd, 000177.833, 345
Trd, 000178.133, 342
Trd, 000179.450, 345
Trd, 000180.117, 340
Trd, 000180.233, 341
Trd, 000180.700, 338
Trd, 000180.967, 351
Trd, 000181.317, 353
Trd, 000181.750, 351
Trd, 000182.000, 337
Trd, 000182.350, 329
Trd, 000182.983, 324.0
Trd, 000183.983, 245
Trd, 000184.100, 211
Trd, 000184.367, 207
Trd, 000184.933, 197
Trd, 000185.833, 186
Trd, 000186.783, 183
Trd, 000186.950, 191
Trd, 000187.233, 179
Trd, 000187.433, 172
Trd, 000189.150, 169
Trd, 000190.717, 171
Trd, 000191.900, 172
Trd, 000192.767, 173
Trd, 000193.367, 174
Trd, 000193.917, 173
Trd, 000194.217, 171
Trd, 000194.333, 174
Trd, 000195.217, 169
Trd, 000195.417, 177
Trd, 000196.550, 176
Trd, 000196.633, 170
Trd, 000196.950, 175
Trd, 000197.000, 177
Trd, 000197.333, 168
Trd, 000197.400, 179
Trd, 000201.483, 171
Trd, 000201.517, 170
Trd, 000201.667, 169
Trd, 000201.733, 173
Trd, 000202.000, 169
Trd, 000202.250, 173
Trd, 000202.733, 168
Trd, 000202.967, 173
Trd, 000203.300, 173
Trd, 000204.850, 173
Trd, 000205.733, 170
Trd, 000206.000, 174
Trd, 000206.200, 176
Trd, 000206.300, 178
Trd, 000207.367, 178
Trd, 000207.383, 179
Trd, 000207.483, 182
Trd, 000207.883, 181
Trd, 000208.417, 176
Trd, 000208.867, 171
Trd, 000209.267, 172
Trd, 000210.250, 174
Trd, 000211.567, 172
Trd, 000212.267, 175
Trd, 000212.983, 176
Trd, 000214.183, 176
Trd, 000215.767, 176
Trd, 000215.850, 176
Trd, 000215.900, 175
Trd, 000216.133, 176
Trd, 000216.267, 178
Trd, 000216.700, 177
Trd, 000217.533, 177
Trd, 000217.800, 179
Trd, 000218.400, 183
Trd, 000218.850, 174
Trd, 000218.900, 174
Trd, 000219.667, 179
Trd, 000219.683, 180
Trd, 000220.783, 175
Trd, 000221.333, 180
Trd, 000221.900, 174
Trd, 000222.483, 173
Trd, 000222.600, 177
Trd, 000223.567, 176
Trd, 000223.950, 177
Trd, 000224.050, 179
Trd, 000226.117, 175
Trd, 000226.150, 178
Trd, 000227.500, 174
Trd, 000227.633, 174
Trd, 000228.033, 176
Trd, 000228.500, 174
Trd, 000228.733, 170
Trd, 000229.250, 171
Trd, 000230.267, 166
Trd, 000230.483, 173
Trd, 000231.133, 154
Trd, 000231.283, 162
Trd, 000232.450, 167
Trd, 000232.567, 174
Trd, 000232.650, 181
Trd, 000232.900, 183
Trd, 000233.717, 184
Trd, 000233.900, 171
Trd, 000234.217, 185
Trd, 000235.700, 181
Trd, 000236.000, 179
Trd, 000236.767, 179
Trd, 000236.783, 177
Trd, 000236.800, 177
Trd, 000238.250, 181
Trd, 000238.333, 182
Trd, 000239.633, 181
Trd, 000240.117, 177
Trd, 000240.517, 179
Trd, 000240.533, 175
Trd, 000240.633, 174
Trd, 000240.867, 173
Trd, 000240.967, 176
Trd, 000241.400, 175
Trd, 000241.550, 175
Trd, 000241.633, 179
Trd, 000242.050, 181
Trd, 000242.600, 180
Trd, 000243.200, 179
Trd, 000243.383, 181
Trd, 000243.833, 176
Trd, 000244.033, 175
Trd, 000244.083, 182
Trd, 000245.167, 173
Trd, 000245.267, 165
Trd, 000246.267, 171
Trd, 000246.550, 172
Trd, 000246.567, 168
Trd, 000246.983, 166
Trd, 000247.100, 169
Trd, 000247.500, 172
Trd, 000247.600, 171
Trd, 000248.117, 169
Trd, 000248.533, 168
Trd, 000248.683, 170
Trd, 000248.850, 171
Trd, 000249.450, 176
Trd, 000249.950, 184
Trd, 000251.367, 177
Trd, 000252.183, 179
Trd, 000252.367, 180
Trd, 000252.500, 178
Trd, 000252.683, 177
Trd, 000252.800, 178
Trd, 000252.950, 179
Trd, 000253.133, 178
Trd, 000253.583, 177
Trd, 000254.817, 179
Trd, 000255.133, 176
Trd, 000255.483, 178
Trd, 000255.533, 173
Trd, 000255.583, 178
Trd, 000255.717, 177
Trd, 000256.667, 179
Trd, 000257.817, 176
Trd, 000257.950, 178
Trd, 000258.050, 177
Trd, 000258.650, 179
Trd, 000259.950, 178
Trd, 000260.000, 180
Trd, 000260.900, 180
Trd, 000261.083, 178
Trd, 000261.250, 176
Trd, 000261.333, 183
Trd, 000261.350, 173
Trd, 000261.433, 184
Trd, 000262.700, 187
Trd, 000263.033, 187
Trd, 000263.200, 186
Trd, 000263.967, 187
Trd, 000264.167, 183
Trd, 000264.767, 186
Trd, 000265.400, 188
Trd, 000265.533, 183
Trd, 000265.883, 186
Trd, 000265.917, 184
Trd, 000266.533, 179
Trd, 000267.517, 179
Trd, 000267.650, 176
Trd, 000268.967, 173
Trd, 000269.667, 172
Trd, 000269.967, 171
Trd, 000270.033, 173
Trd, 000270.333, 175
Trd, 000270.833, 174
Trd, 000272.050, 178
Trd, 000272.083, 179
Trd, 000272.167, 182
Trd, 000273.133, 180
Trd, 000273.183, 174
Trd, 000274.000, 175
Trd, 000274.100, 174
Trd, 000274.733, 173
Trd, 000274.900, 173
Trd, 000275.000, 184
Trd, 000275.567, 173
Trd, 000275.883, 179
Trd, 000276.233, 180
Trd, 000276.267, 175
Trd, 000277.400, 175
Trd, 000277.533, 178
Trd, 000278.067, 180
Trd, 000279.533, 175
Trd, 000279.583, 181
Trd, 000280.117, 173
Trd, 000280.817, 173
Trd, 000281.100, 172
Trd, 000281.133, 169
Trd, 000281.250, 174
Trd, 000281.517, 179
Trd, 000281.950, 178
Trd, 000282.617, 180
Trd, 000282.717, 183
Trd, 000283.233, 175
Trd, 000283.367, 176
Trd, 000283.450, 177
Trd, 000283.567, 179
Trd, 000284.600, 182
Trd, 000285.917, 179
Trd, 000286.783, 179
Trd, 000287.283, 179
Trd, 000287.333, 178
Trd, 000287.400, 177
Trd, 000287.450, 181
Trd, 000287.817, 181
Trd, 000288.767, 176
Trd, 000289.000, 180
Trd, 000289.217, 170
Trd, 000289.967, 180
Trd, 000290.950, 179
Trd, 000291.183, 180
Trd, 000292.200, 184
Trd, 000292.567, 187
Trd, 000292.650, 178
Trd, 000292.683, 191
Trd, 000292.800, 193
Trd, 000292.850, 176
Trd, 000293.317, 178
Trd, 000293.467, 186
Trd, 000293.567, 177
Trd, 000293.850, 185
Trd, 000294.067, 185
Trd, 000294.383, 182
Trd, 000294.433, 193
Trd, 000295.750, 182
Trd, 000296.700, 183
Trd, 000296.800, 188
Trd, 000297.117, 182
Trd, 000297.733, 189
Trd, 000298.100, 181
Trd, 000298.350, 180
Trd, 000298.467, 189
Trd, 000298.600, 191
Trd, 000298.900, 192
Trd, 000299.183, 193
