Trd, 000003.067, 126
Trd, 000003.133, 132
Trd, 000003.267, 134
Trd, 000003.500, 144
Trd, 000003.783, 127
Trd, 000004.733, 155
Trd, 000006.050, 156
Trd, 000006.583, 159
Trd, 000006.600, 155
Trd, 000007.367, 165
Trd, 000008.067, 157
Trd, 000009.267, 165
Trd, 000009.833, 164
Trd, 000010.000, 163
Trd, 000010.350, 163
Trd, 000010.600, 156
Trd, 000011.400, 161
Trd, 000011.933, 162
Trd, 000012.050, 163
Trd, 000012.317, 163
Trd, 000013.367, 161
Trd, 000013.433, 160
Trd, 000014.083, 159
Trd, 000014.517, 157
Trd, 000014.583, 163
Trd, 000016.633, 159
Trd, 000016.933, 159
Trd, 000017.700, 159
Trd, 000017.883, 158
Trd, 000018.017, 159
Trd, 000018.150, 156
Trd, 000018.617, 155
Trd, 000018.867, 146
Trd, 000018.983, 159
Trd, 000020.683, 166
Trd, 000022.000, 157
Trd, 000022.283, 156
Trd, 000022.767, 158
Trd, 000023.650, 158
Trd, 000023.733, 157
Trd, 000024.033, 156
Trd, 000024.467, 155
Trd, 000024.683, 154
Trd, 000024.800, 155
Trd, 000026.417, 154
Trd, 000027.150, 153
Trd, 000027.567, 156
Trd, 000027.700, 157
Trd, 000027.950, 168
Trd, 000029.333, 158
Trd, 000029.433, 159
Trd, 000029.883, 156
Trd, 000030.500, 156
Trd, 000031.317, 155
Trd, 000032.067, 155
Trd, 000032.583, 154
Trd, 000032.667, 156
Trd, 000033.383, 170
Trd, 000034.567, 160
Trd, 000034.600, 161
Trd, 000034.650, 157
Trd, 000035.183, 160
Trd, 000035.250, 159
Trd, 000037.233, 162
Trd, 000037.933, 163
Trd, 000038.600, 162
Trd, 000039.200, 162
Trd, 000039.317, 163
Trd, 000039.467, 160
Trd, 000040.083, 160
Trd, 000040.367, 161
Trd, 000041.333, 164
Trd, 000041.583, 161
Trd, 000042.183, 160
Trd, 000042.683, 159
Trd, 000043.333, 152
Trd, 000043.450, 139
Trd, 000043.533, 131
Trd, 000044.800, 162
Trd, 000044.983, 155
Trd, 000046.150, 155
Trd, 000046.300, 157
Trd, 000047.017, 155
Trd, 000048.100, 155
Trd, 000048.367, 155
Trd, 000048.600, 154
Trd, 000049.333, 153
Trd, 000049.767, 142
Trd, 000050.050, 147
Trd, 000050.667, 152
Trd, 000051.000, 153
Trd, 000051.200, 144
Trd, 000052.183, 160
Trd, 000052.367, 170
Trd, 000052.417, 151
Trd, 000053.483, 160
Trd, 000053.700, 160
Trd, 000053.800, 151
Trd, 000056.250, 163
Trd, 000056.950, 158
Trd, 000057.033, 157
Trd, 000057.567, 156
Trd, 000059.033, 146
Trd, 000059.183, 170
Trd, 000059.350, 150
Trd, 000059.517, 145
Trd, 000061.667, 158
Trd, 000061.717, 154
Trd, 000061.867, 161
Trd, 000062.900, 155
Trd, 000062.967, 156
Trd, 000064.800, 149
Trd, 000064.917, 150
Trd, 000065.233, 166
Trd, 000065.750, 167
Trd, 000066.183, 161
Trd, 000066.850, 163
Trd, 000067.167, 162
Trd, 000067.917, 161
Trd, 000068.183, 162
Trd, 000068.500, 151
Trd, 000069.450, 161
Trd, 000069.483, 159
Trd, 000070.733, 160
Trd, 000070.817, 159
Trd, 000070.933, 162
Trd, 000071.817, 159
Trd, 000072.217, 157
Trd, 000072.850, 170
Trd, 000073.233, 172
Trd, 000073.417, 160
Trd, 000075.250, 164
Trd, 000075.583, 165
Trd, 000075.933, 165
Trd, 000076.133, 172
Trd, 000077.267, 164
Trd, 000077.283, 163
Trd, 000078.450, 163
Trd, 000078.650, 162
Trd, 000078.683, 162
Trd, 000078.950, 166
Trd, 000079.167, 149
Trd, 000080.133, 163
Trd, 000080.233, 164
Trd, 000081.083, 162
Trd, 000081.417, 160
Trd, 000081.650, 161
Trd, 000083.400, 164
Trd, 000084.717, 171
Trd, 000085.900, 169
Trd, 000085.933, 168
Trd, 000086.450, 168
Trd, 000086.483, 167
Trd, 000087.833, 169
Trd, 000088.350, 167
Trd, 000088.800, 168
Trd, 000089.700, 166
Trd, 000090.033, 165
Trd, 000090.583, 165
Trd, 000091.117, 165
Trd, 000091.133, 164
Trd, 000091.667, 167
Trd, 000091.950, 149
Trd, 000092.283, 145
Trd, 000092.600, 139
Trd, 000092.933, 170
Trd, 000095.083, 167
Trd, 000095.700, 171
Trd, 000096.533, 172
Trd, 000096.733, 172
Trd, 000097.483, 172
Trd, 000097.967, 171
Trd, 000098.033, 170
Trd, 000098.133, 167
Trd, 000098.250, 173
Trd, 000099.683, 172
Trd, 000100.767, 170
Trd, 000100.933, 174
Trd, 000101.167, 175
Trd, 000102.800, 170
Trd, 000102.983, 169
Trd, 000103.083, 169
Trd, 000103.433, 167
Trd, 000105.267, 167
Trd, 000105.533, 169
Trd, 000106.600, 169
Trd, 000106.983, 168
Trd, 000107.267, 170
Trd, 000108.017, 168
Trd, 000108.050, 173
Trd, 000108.433, 168
Trd, 000109.850, 170
Trd, 000109.867, 169
Trd, 000110.950, 169
Trd, 000111.083, 168
Trd, 000111.767, 169
Trd, 000112.117, 170
Trd, 000113.267, 169
Trd, 000113.900, 170
Trd, 000114.517, 171
Trd, 000115.567, 168
Trd, 000115.933, 168
Trd, 000116.150, 168
Trd, 000116.867, 167
Trd, 000117.233, 168
Trd, 000117.283, 167
Trd, 000117.717, 166
Trd, 000118.117, 167
Trd, 000118.600, 166
Trd, 000118.967, 158
Trd, 000119.450, 143
Trd, 000119.867, 144
Trd, 000120.267, 139
Trd, 000120.933, 154
Trd, 000121.817, 161
Trd, 000121.833, 162
Trd, 000122.517, 177
Trd, 000122.950, 179
Trd, 000123.467, 194
Trd, 000123.550, 198
Trd, 000123.583, 243
Trd, 000123.683, 272
Trd, 000124.050, 317.0
Trd, 000124.500, 248
Trd, 000125.033, 320.0
Trd, 000125.050, 329
Trd, 000125.300, 327.0
Trd, 000125.867, 333
Trd, 000126.617, 332
Trd, 000127.217, 333.0
Trd, 000129.950, 335
Trd, 000130.883, 336
Trd, 000131.167, 334
Trd, 000131.533, 340.0
Trd, 000131.800, 341.0
Trd, 000132.267, 344.0
Trd, 000132.383, 336
Trd, 000132.650, 348
Trd, 000132.850, 365.0
Trd, 000133.783, 340
Trd, 000134.017, 349
Trd, 000135.067, 358
Trd, 000135.650, 341
Trd, 000136.000, 344.0
Trd, 000136.100, 341
Trd, 000137.767, 351
Trd, 000138.150, 350
Trd, 000138.283, 352
Trd, 000138.450, 354.0
Trd, 000139.050, 348
Trd, 000140.733, 351
Trd, 000140.950, 350
Trd, 000141.083, 355.0
Trd, 000141.950, 353
Trd, 000142.533, 355
Trd, 000142.600, 359.0
Trd, 000143.100, 356
Trd, 000143.500, 355.0
Trd, 000143.667, 353
Trd, 000144.717, 354
Trd, 000144.867, 353
Trd, 000145.983, 355
Trd, 000146.333, 365
Trd, 000146.800, 354
Trd, 000147.683, 355.0
Trd, 000150.000, 356
Trd, 000150.100, 357
Trd, 000150.383, 358
Trd, 000150.917, 357
Trd, 000151.083, 359
Trd, 000151.117, 356
Trd, 000152.367, 354
Trd, 000152.483, 353
Trd, 000152.817, 360
Trd, 000154.300, 358
Trd, 000154.683, 364.0
Trd, 000155.200, 363
Trd, 000155.283, 362
Trd, 000156.033, 358
Trd, 000157.217, 358
Trd, 000157.467, 360.0
Trd, 000157.717, 357
Trd, 000157.817, 361.0
Trd, 000158.450, 357
Trd, 000159.067, 355.0
Trd, 000160.050, 363
Trd, 000161.450, 359
Trd, 000161.583, 358
Trd, 000161.900, 362
Trd, 000163.183, 361
Trd, 000163.850, 365.0
Trd, 000164.150, 365
Trd, 000164.867, 361
Trd, 000165.383, 362
Trd, 000166.083, 361
Trd, 000166.517, 362
Trd, 000166.567, 359
Trd, 000166.667, 363
Trd, 000166.733, 360
Trd, 000168.050, 357
Trd, 000168.400, 365
Trd, 000170.117, 361.0
Trd, 000170.233, 360.0
Trd, 000170.583, 359
Trd, 000170.700, 357
Trd, 000171.000, 356
Trd, 000171.867, 355.0
Trd, 000172.883, 357
Trd, 000173.417, 354
Trd, 000173.550, 358
Trd, 000173.567, 352
Trd, 000174.450, 357.0
Trd, 000175.067, 357.0
Trd, 000175.617, 360
Trd, 000176.000, 356.0
Trd, 000176.217, 355.0
Trd, 000177.233, 357
Trd, 000177.917, 354
Trd, 000178.067, 353
Trd, 000178.733, 353
Trd, 000179.283, 353.0
Trd, 000180.250, 340
Trd, 000180.400, 353.0
Trd, 000181.317, 342
Trd, 000181.417, 340
Trd, 000182.317, 339
Trd, 000182.350, 351
Trd, 000183.533, 336
Trd, 000183.767, 314
Trd, 000184.417, 313.0
Trd, 000184.483, 300.0
Trd, 000184.783, 204
Trd, 000184.900, 200
Trd, 000184.967, 196
Trd, 000185.667, 195
Trd, 000186.200, 182
Trd, 000187.000, 181
Trd, 000188.033, 180
Trd, 000188.600, 182
Trd, 000189.650, 176
Trd, 000190.083, 181
Trd, 000192.400, 182
Trd, 000192.917, 178
Trd, 000193.033, 178
Trd, 000193.117, 176
Trd, 000193.200, 187
Trd, 000193.433, 174
Trd, 000193.900, 163
Trd, 000193.950, 164
Trd, 000194.117, 188
Trd, 000195.617, 177
Trd, 000196.733, 181
Trd, 000197.550, 181
Trd, 000197.767, 180
Trd, 000198.067, 181
Trd, 000198.250, 177
Trd, 000198.550, 177
Trd, 000199.017, 180
Trd, 000199.183, 176
Trd, 000200.117, 178
Trd, 000200.300, 179
Trd, 000201.283, 175
Trd, 000202.500, 183
Trd, 000203.367, 182
Trd, 000204.167, 184
Trd, 000204.333, 181
Trd, 000204.533, 184
Trd, 000204.567, 181
Trd, 000204.983, 177
Trd, 000205.700, 178
Trd, 000207.667, 177
Trd, 000207.700, 176
Trd, 000208.333, 178
Trd, 000208.867, 178
Trd, 000209.217, 178
Trd, 000209.883, 188
Trd, 000210.233, 179
Trd, 000210.333, 179
Trd, 000210.883, 189
Trd, 000212.150, 179
Trd, 000212.350, 178
Trd, 000213.233, 179
Trd, 000213.717, 178
Trd, 000213.833, 178
Trd, 000213.883, 178
Trd, 000215.017, 180
Trd, 000215.350, 181
Trd, 000216.117, 179
Trd, 000217.200, 180
Trd, 000217.233, 176
Trd, 000217.767, 157
Trd, 000218.233, 186
Trd, 000218.767, 188
Trd, 000220.783, 181
Trd, 000221.133, 181
Trd, 000221.350, 181
Trd, 000221.550, 180
Trd, 000221.650, 181
Trd, 000222.150, 180
Trd, 000222.417, 179
Trd, 000222.967, 180
Trd, 000223.083, 179
Trd, 000223.167, 187
Trd, 000223.817, 182
Trd, 000224.450, 193
Trd, 000225.717, 183
Trd, 000226.450, 184
Trd, 000227.900, 181
Trd, 000228.183, 177
Trd, 000228.350, 165
Trd, 000228.433, 178
Trd, 000228.683, 179
Trd, 000231.017, 169
Trd, 000231.050, 179
Trd, 000231.233, 168
Trd, 000232.100, 182
Trd, 000233.083, 178
Trd, 000233.933, 167
Trd, 000235.183, 174
Trd, 000235.283, 174
Trd, 000235.983, 173
Trd, 000236.617, 174
Trd, 000237.467, 173
Trd, 000238.333, 174
Trd, 000238.667, 175
Trd, 000239.317, 174
Trd, 000239.533, 176
Trd, 000239.767, 175
Trd, 000240.250, 175
Trd, 000240.750, 171
Trd, 000240.850, 164
Trd, 000240.983, 171
Trd, 000241.283, 170
Trd, 000241.633, 173
Trd, 000242.150, 168
Trd, 000242.383, 171
Trd, 000242.517, 172
Trd, 000242.667, 175
Trd, 000243.283, 171
Trd, 000243.583, 179
Trd, 000244.750, 176
Trd, 000245.167, 171
Trd, 000245.333, 178
Trd, 000246.300, 174
Trd, 000247.050, 178
Trd, 000247.383, 178
Trd, 000247.867, 177
Trd, 000248.267, 176
Trd, 000248.667, 175
Trd, 000248.933, 176
Trd, 000249.100, 179
Trd, 000249.817, 175
Trd, 000250.033, 180
Trd, 000250.550, 175
Trd, 000251.183, 175
Trd, 000251.650, 175
Trd, 000251.800, 176
Trd, 000251.817, 174
Trd, 000251.967, 174
Trd, 000252.167, 173
Trd, 000252.733, 169
Trd, 000253.283, 170
Trd, 000253.383, 171
Trd, 000254.117, 170
Trd, 000254.583, 173
Trd, 000254.983, 168
Trd, 000255.117, 169
Trd, 000255.483, 168
Trd, 000256.000, 167
Trd, 000256.300, 167
Trd, 000256.450, 173
Trd, 000257.567, 154
Trd, 000257.767, 169
Trd, 000258.367, 158
Trd, 000258.433, 172
Trd, 000258.767, 176
Trd, 000259.050, 177
Trd, 000259.500, 178
Trd, 000259.683, 176
Trd, 000259.883, 169
Trd, 000260.417, 172
Trd, 000260.533, 176
Trd, 000261.150, 177
Trd, 000261.233, 178
Trd, 000261.783, 181
Trd, 000261.983, 180
Trd, 000262.200, 193
Trd, 000263.317, 194
Trd, 000263.667, 194
Trd, 000263.733, 193
Trd, 000263.867, 195
Trd, 000264.200, 191
Trd, 000264.800, 192
Trd, 000265.017, 192
Trd, 000265.167, 194
Trd, 000265.533, 188
Trd, 000265.950, 193
Trd, 000266.317, 187
Trd, 000266.567, 183
Trd, 000266.733, 163
Trd, 000266.950, 181
Trd, 000267.083, 184
Trd, 000267.217, 162
Trd, 000268.383, 187
Trd, 000269.033, 169
Trd, 000269.400, 169
Trd, 000269.600, 168
Trd, 000269.983, 157
Trd, 000270.233, 168
Trd, 000271.100, 166
Trd, 000271.417, 171
Trd, 000271.667, 173
Trd, 000271.800, 174
Trd, 000271.817, 175
Trd, 000272.450, 173
Trd, 000272.583, 172
Trd, 000272.783, 173
Trd, 000273.100, 175
Trd, 000273.367, 171
Trd, 000273.700, 170
Trd, 000274.050, 168
Trd, 000275.567, 176
Trd, 000275.867, 172
Trd, 000275.900, 184
Trd, 000276.100, 186
Trd, 000276.683, 185
Trd, 000276.833, 173
Trd, 000277.200, 171
Trd, 000277.550, 164
Trd, 000277.617, 165
Trd, 000277.883, 172
Trd, 000278.050, 183
Trd, 000278.683, 192
Trd, 000278.967, 183
Trd, 000279.650, 181
Trd, 000280.083, 191
Trd, 000280.900, 183
Trd, 000281.550, 180
Trd, 000281.600, 182
Trd, 000282.200, 180
Trd, 000282.600, 178
Trd, 000282.717, 182
Trd, 000282.800, 179
Trd, 000282.817, 183
Trd, 000283.917, 180
Trd, 000284.917, 181
Trd, 000285.017, 183
Trd, 000285.733, 190
Trd, 000285.950, 187
Trd, 000285.967, 186
Trd, 000286.000, 188
Trd, 000286.317, 180
Trd, 000286.600, 175
Trd, 000287.183, 175
Trd, 000287.200, 176
Trd, 000288.000, 166
Trd, 000288.400, 166
Trd, 000289.150, 165
Trd, 000289.517, 166
Trd, 000289.817, 170
Trd, 000290.333, 167
Trd, 000290.583, 160
Trd, 000290.833, 173
Trd, 000290.900, 176
Trd, 000291.250, 169
Trd, 000291.983, 173
Trd, 000292.233, 176
Trd, 000292.283, 180
Trd, 000292.733, 184
Trd, 000292.983, 181
Trd, 000293.433, 180
Trd, 000293.633, 178
Trd, 000294.200, 181
Trd, 000294.633, 175
Trd, 000294.733, 192
Trd, 000295.317, 194
Trd, 000295.350, 177
Trd, 000296.500, 180
Trd, 000296.917, 180
Trd, 000296.967, 179
Trd, 000297.033, 181
Trd, 000297.950, 180
Trd, 000298.050, 180
Trd, 000298.100, 185
Trd, 000298.250, 180
Trd, 000298.333, 172
Trd, 000298.350, 198
Trd, 000299.517, 167
Trd, 000299.883, 167
Trd, 000299.933, 185
