Trd, 000001.933, 124
Trd, 000002.583, 113
Trd, 000004.133, 155
Trd, 000004.367, 156
Trd, 000004.550, 155
Trd, 000004.567, 153
Trd, 000004.650, 159
Trd, 000004.767, 153
Trd, 000005.150, 160
Trd, 000006.150, 159
Trd, 000006.283, 155
Trd, 000007.650, 159
Trd, 000007.917, 158
Trd, 000007.950, 160
Trd, 000008.833, 159
Trd, 000009.383, 160
Trd, 000010.750, 158
Trd, 000011.133, 156
Trd, 000011.183, 153
Trd, 000012.083, 159
Trd, 000012.533, 160
Trd, 000013.183, 163
Trd, 000013.300, 162
Trd, 000013.950, 170
Trd, 000014.417, 163
Trd, 000015.400, 168
Trd, 000015.633, 160
Trd, 000016.750, 162
Trd, 000017.683, 162
Trd, 000018.283, 164
Trd, 000019.267, 164
Trd, 000019.800, 165
Trd, 000020.100, 165
Trd, 000020.150, 164
Trd, 000020.250, 161
Trd, 000020.550, 159
Trd, 000020.567, 165
Trd, 000021.167, 162
Trd, 000021.450, 153
Trd, 000022.817, 164
Trd, 000023.300, 149
Trd, 000024.467, 155
Trd, 000024.517, 154
Trd, 000024.850, 155
Trd, 000025.217, 156
Trd, 000025.350, 157
Trd, 000026.217, 157
Trd, 000026.500, 157
Trd, 000027.100, 157
Trd, 000027.933, 157
Trd, 000028.000, 158
Trd, 000028.633, 159
Trd, 000028.850, 174
Trd, 000030.283, 160
Trd, 000031.183, 160
Trd, 000031.983, 163
Trd, 000032.750, 163
Trd, 000033.067, 177
Trd, 000033.533, 162
Trd, 000034.000, 168
Trd, 000034.333, 161
Trd, 000034.583, 171
Trd, 000035.100, 162
Trd, 000035.150, 161
Trd, 000035.183, 160
Trd, 000036.483, 162
Trd, 000036.800, 155
Trd, 000037.400, 154
Trd, 000038.233, 158
Trd, 000038.783, 156
Trd, 000039.167, 155
Trd, 000039.533, 156
Trd, 000039.700, 160
Trd, 000039.750, 155
Trd, 000040.600, 152
Trd, 000041.250, 158
Trd, 000042.017, 153
Trd, 000042.400, 153
Trd, 000042.733, 153
Trd, 000044.133, 157
Trd, 000044.267, 156
Trd, 000044.650, 155
Trd, 000046.483, 157
Trd, 000046.567, 159
Trd, 000047.000, 158
Trd, 000047.467, 157
Trd, 000048.583, 156
Trd, 000048.667, 154
Trd, 000048.783, 157
Trd, 000048.900, 156
Trd, 000049.300, 157
Trd, 000049.500, 156
Trd, 000049.583, 152
Trd, 000049.667, 160
Trd, 000049.917, 167
Trd, 000050.433, 174
Trd, 000052.050, 157
Trd, 000052.667, 157
Trd, 000053.167, 160
Trd, 000054.600, 157
Trd, 000054.800, 157
Trd, 000055.550, 156
Trd, 000055.800, 156
Trd, 000056.733, 156
Trd, 000056.950, 154
Trd, 000057.033, 156
Trd, 000058.200, 143
Trd, 000058.233, 147
Trd, 000058.267, 146
Trd, 000059.100, 148
Trd, 000059.567, 149
Trd, 000060.033, 160
Trd, 000060.967, 160
Trd, 000061.633, 157
Trd, 000062.267, 158
Trd, 000062.583, 158
Trd, 000063.250, 157
Trd, 000063.717, 158
Trd, 000064.217, 159
Trd, 000064.283, 158
Trd, 000065.550, 158
Trd, 000065.917, 158
Trd, 000066.200, 159
Trd, 000067.267, 161
Trd, 000067.700, 162
Trd, 000068.583, 174
Trd, 000068.750, 170
Trd, 000068.867, 161
Trd, 000069.550, 164
Trd, 000070.133, 158
Trd, 000070.183, 156
Trd, 000070.517, 170
Trd, 000070.750, 165
Trd, 000071.233, 159
Trd, 000072.383, 158
Trd, 000072.417, 160
Trd, 000073.200, 154
Trd, 000073.267, 144
Trd, 000074.567, 146
Trd, 000074.617, 150
Trd, 000074.683, 151
Trd, 000074.950, 151
Trd, 000075.117, 155
Trd, 000075.833, 149
Trd, 000076.000, 163
Trd, 000077.017, 168
Trd, 000077.717, 162
Trd, 000077.867, 169
Trd, 000078.533, 162
Trd, 000078.800, 163
Trd, 000080.100, 164
Trd, 000080.300, 165
Trd, 000081.117, 165
Trd, 000081.267, 166
Trd, 000081.350, 165
Trd, 000082.667, 166
Trd, 000082.717, 166
Trd, 000083.217, 168
Trd, 000084.550, 166
Trd, 000084.700, 166
Trd, 000085.150, 166
Trd, 000085.333, 167
Trd, 000085.417, 173
Trd, 000086.483, 172
Trd, 000087.467, 167
Trd, 000087.800, 174
Trd, 000088.800, 178
Trd, 000089.150, 171
Trd, 000090.167, 171
Trd, 000090.367, 172
Trd, 000090.583, 172
Trd, 000090.967, 172
Trd, 000091.517, 171
Trd, 000092.200, 170
Trd, 000092.417, 167
Trd, 000092.817, 167
Trd, 000093.050, 171
Trd, 000093.417, 167
Trd, 000094.083, 166
Trd, 000094.433, 161
Trd, 000096.117, 164
Trd, 000096.433, 163
Trd, 000097.783, 162
Trd, 000098.267, 163
Trd, 000098.533, 161
Trd, 000098.800, 158
Trd, 000099.350, 161
Trd, 000099.783, 157
Trd, 000099.883, 161
Trd, 000100.650, 149
Trd, 000101.233, 153
Trd, 000101.383, 155
Trd, 000101.633, 155
Trd, 000101.933, 147
Trd, 000102.600, 155
Trd, 000102.683, 158
Trd, 000102.717, 144
Trd, 000104.350, 158
Trd, 000105.933, 160
Trd, 000106.217, 161
Trd, 000106.983, 163
Trd, 000107.417, 166
Trd, 000108.267, 171
Trd, 000108.467, 171
Trd, 000109.600, 167
Trd, 000110.300, 172
Trd, 000110.633, 170
Trd, 000111.083, 169
Trd, 000111.667, 169
Trd, 000111.850, 162
Trd, 000112.067, 173
Trd, 000112.117, 158
Trd, 000112.783, 145
Trd, 000113.617, 148
Trd, 000113.917, 175
Trd, 000114.000, 176
Trd, 000114.233, 165
Trd, 000115.100, 150
Trd, 000115.617, 165
Trd, 000115.850, 163
Trd, 000116.650, 160
Trd, 000117.050, 163
Trd, 000118.033, 161
Trd, 000118.417, 161
Trd, 000118.533, 163
Trd, 000119.483, 161
Trd, 000119.633, 162
Trd, 000119.850, 167
Trd, 000120.283, 163
Trd, 000121.050, 168
Trd, 000122.233, 173
Trd, 000122.667, 174
Trd, 000123.167, 178
Trd, 000123.633, 191
Trd, 000123.683, 194
Trd, 000123.717, 268
Trd, 000124.200, 224
Trd, 000124.433, 300.0
Trd, 000124.517, 317
Trd, 000125.133, 334
Trd, 000125.483, 337.0
Trd, 000126.250, 336
Trd, 000126.767, 341.0
Trd, 000127.800, 331
Trd, 000127.967, 348
Trd, 000128.500, 348
Trd, 000128.517, 334
Trd, 000128.650, 349
Trd, 000128.683, 355.0
Trd, 000130.267, 337.0
Trd, 000131.750, 336
Trd, 000132.433, 336.0
Trd, 000132.717, 337.0
Trd, 000132.983, 335
Trd, 000133.767, 336
Trd, 000134.967, 340
Trd, 000135.117, 336
Trd, 000135.133, 334
Trd, 000135.800, 338
Trd, 000135.933, 341.0
Trd, 000136.850, 344
Trd, 000137.483, 338
Trd, 000137.500, 347.0
Trd, 000137.700, 337.0
Trd, 000138.200, 342
Trd, 000138.400, 346.0
Trd, 000138.667, 346.0
Trd, 000139.400, 347.0
Trd, 000139.733, 334
Trd, 000140.567, 351.0
Trd, 000141.333, 341
Trd, 000141.367, 348
Trd, 000142.483, 349
Trd, 000142.683, 347
Trd, 000144.167, 352.0
Trd, 000144.950, 352.0
Trd, 000145.050, 351.0
Trd, 000146.000, 354.0
Trd, 000147.100, 360
Trd, 000147.367, 351
Trd, 000147.483, 350
Trd, 000147.817, 355.0
Trd, 000148.000, 349
Trd, 000148.983, 352.0
Trd, 000149.667, 351.0
Trd, 000150.333, 349
Trd, 000150.550, 348
Trd, 000150.633, 351
Trd, 000150.917, 349
Trd, 000151.550, 356
Trd, 000151.867, 354.0
Trd, 000153.367, 355.0
Trd, 000154.117, 360
Trd, 000155.600, 353
Trd, 000155.933, 352.0
Trd, 000156.383, 351.0
Trd, 000156.683, 349
Trd, 000157.017, 349
Trd, 000157.533, 349
Trd, 000157.867, 350
Trd, 000158.400, 351
Trd, 000158.883, 349
Trd, 000159.200, 349
Trd, 000159.850, 347
Trd, 000160.283, 347
Trd, 000162.000, 347
Trd, 000162.067, 348
Trd, 000162.083, 346
Trd, 000162.667, 343
Trd, 000163.217, 351.0
Trd, 000164.100, 350.0
Trd, 000164.667, 349
Trd, 000164.883, 342
Trd, 000165.067, 349.0
Trd, 000165.500, 342
Trd, 000166.100, 347.0
Trd, 000166.467, 341
Trd, 000166.967, 349
Trd, 000167.750, 344
Trd, 000168.417, 353
Trd, 000168.733, 354.0
Trd, 000169.217, 343
Trd, 000169.967, 351.0
Trd, 000171.383, 349.0
Trd, 000171.667, 350.0
Trd, 000172.000, 354
Trd, 000172.017, 351.0
Trd, 000172.150, 355.0
Trd, 000172.450, 349
Trd, 000174.517, 349
Trd, 000174.750, 347
Trd, 000174.783, 352
Trd, 000175.300, 347
Trd, 000175.733, 350
Trd, 000176.383, 350
Trd, 000177.033, 349
Trd, 000177.167, 342
Trd, 000177.417, 349
Trd, 000178.217, 350
Trd, 000178.900, 349
Trd, 000179.500, 346
Trd, 000180.050, 348
Trd, 000180.167, 347
Trd, 000180.733, 352.0
Trd, 000181.650, 345
Trd, 000181.950, 324.0
Trd, 000182.667, 331
Trd, 000182.750, 319
Trd, 000182.817, 347
Trd, 000182.850, 310.0
Trd, 000183.900, 329
Trd, 000184.217, 326
Trd, 000184.700, 235
Trd, 000184.750, 232
Trd, 000184.867, 225
Trd, 000185.433, 211
Trd, 000185.617, 207
Trd, 000187.083, 205
Trd, 000187.150, 204
Trd, 000187.683, 201
Trd, 000187.800, 198
Trd, 000188.383, 198
Trd, 000190.167, 191
Trd, 000190.283, 191
Trd, 000190.333, 187
Trd, 000190.500, 191
Trd, 000191.283, 177
Trd, 000191.450, 177
Trd, 000191.883, 178
Trd, 000192.783, 178
Trd, 000193.233, 178
Trd, 000194.350, 177
Trd, 000194.700, 176
Trd, 000194.933, 170
Trd, 000195.000, 175
Trd, 000195.250, 170
Trd, 000196.700, 171
Trd, 000196.767, 171
Trd, 000197.100, 166
Trd, 000197.133, 153
Trd, 000198.067, 166
Trd, 000198.417, 156
Trd, 000198.633, 157
Trd, 000198.800, 167
Trd, 000201.017, 164
Trd, 000201.100, 168
Trd, 000202.033, 175
Trd, 000202.617, 175
Trd, 000202.933, 174
Trd, 000202.950, 172
Trd, 000203.483, 175
Trd, 000204.467, 182
Trd, 000204.550, 176
Trd, 000204.600, 175
Trd, 000205.250, 179
Trd, 000205.850, 176
Trd, 000206.417, 176
Trd, 000206.517, 177
Trd, 000207.250, 176
Trd, 000207.417, 176
Trd, 000207.633, 179
Trd, 000208.500, 177
Trd, 000208.750, 175
Trd, 000209.117, 179
Trd, 000210.733, 174
Trd, 000210.867, 173
Trd, 000211.067, 183
Trd, 000211.417, 179
Trd, 000213.100, 177
Trd, 000213.283, 174
Trd, 000214.150, 172
Trd, 000214.983, 168
Trd, 000215.267, 157
Trd, 000215.483, 166
Trd, 000216.083, 165
Trd, 000216.133, 165
Trd, 000216.233, 167
Trd, 000217.583, 173
Trd, 000218.033, 176
Trd, 000218.483, 167
Trd, 000219.267, 181
Trd, 000220.667, 179
Trd, 000221.017, 179
Trd, 000221.500, 174
Trd, 000222.650, 175
Trd, 000222.867, 174
Trd, 000223.167, 175
Trd, 000223.467, 175
Trd, 000223.500, 176
Trd, 000223.583, 177
Trd, 000224.150, 173
Trd, 000225.117, 172
Trd, 000225.317, 173
Trd, 000225.617, 175
Trd, 000226.100, 172
Trd, 000226.700, 171
Trd, 000228.783, 170
Trd, 000229.033, 171
Trd, 000229.483, 171
Trd, 000229.567, 172
Trd, 000229.733, 178
Trd, 000229.850, 185
Trd, 000230.083, 167
Trd, 000230.433, 160
Trd, 000231.450, 169
Trd, 000231.883, 160
Trd, 000232.700, 160
Trd, 000233.033, 168
Trd, 000234.150, 164
Trd, 000234.567, 164
Trd, 000234.833, 165
Trd, 000235.383, 171
Trd, 000236.367, 170
Trd, 000236.500, 177
Trd, 000237.000, 176
Trd, 000237.483, 178
Trd, 000237.950, 187
Trd, 000238.133, 180
Trd, 000239.600, 179
Trd, 000239.750, 173
Trd, 000240.650, 178
Trd, 000240.717, 178
Trd, 000240.783, 179
Trd, 000240.933, 181
Trd, 000241.017, 182
Trd, 000241.050, 179
Trd, 000241.900, 180
Trd, 000242.217, 180
Trd, 000243.217, 180
Trd, 000243.600, 182
Trd, 000243.883, 179
Trd, 000244.433, 180
Trd, 000245.250, 183
Trd, 000245.317, 185
Trd, 000245.950, 183
Trd, 000246.033, 182
Trd, 000246.450, 182
Trd, 000246.533, 179
Trd, 000246.600, 179
Trd, 000247.417, 176
Trd, 000247.850, 180
Trd, 000248.650, 181
Trd, 000248.917, 180
Trd, 000249.367, 180
Trd, 000249.667, 180
Trd, 000249.750, 180
Trd, 000250.133, 179
Trd, 000250.383, 180
Trd, 000250.400, 182
Trd, 000250.783, 176
Trd, 000251.367, 184
Trd, 000252.233, 183
Trd, 000252.933, 179
Trd, 000253.300, 179
Trd, 000254.000, 177
Trd, 000254.317, 176
Trd, 000254.650, 175
Trd, 000254.883, 172
Trd, 000255.150, 176
Trd, 000255.483, 176
Trd, 000255.983, 174
Trd, 000257.517, 173
Trd, 000258.017, 178
Trd, 000258.783, 179
Trd, 000259.100, 178
Trd, 000259.233, 177
Trd, 000260.000, 176
Trd, 000260.300, 178
Trd, 000260.333, 178
Trd, 000260.667, 176
Trd, 000260.950, 176
Trd, 000261.100, 179
Trd, 000261.167, 175
Trd, 000262.217, 178
Trd, 000263.517, 181
Trd, 000264.267, 184
Trd, 000264.483, 177
Trd, 000264.700, 176
Trd, 000265.067, 182
Trd, 000265.233, 175
Trd, 000265.483, 176
Trd, 000265.833, 177
Trd, 000266.617, 175
Trd, 000266.633, 176
Trd, 000266.683, 178
Trd, 000267.433, 175
Trd, 000268.383, 176
Trd, 000268.517, 176
Trd, 000269.317, 177
Trd, 000269.433, 182
Trd, 000269.517, 184
Trd, 000269.600, 181
Trd, 000269.967, 189
Trd, 000270.950, 180
Trd, 000271.083, 179
Trd, 000271.667, 178
Trd, 000271.750, 182
Trd, 000271.883, 185
Trd, 000272.150, 179
Trd, 000272.500, 182
Trd, 000273.367, 180
Trd, 000273.567, 181
Trd, 000273.700, 178
Trd, 000273.917, 182
Trd, 000274.050, 183
Trd, 000274.200, 187
Trd, 000274.367, 178
Trd, 000275.883, 181
Trd, 000276.017, 180
Trd, 000276.200, 178
Trd, 000276.850, 182
Trd, 000278.083, 180
Trd, 000278.283, 180
Trd, 000278.617, 179
Trd, 000278.683, 180
Trd, 000279.817, 180
Trd, 000280.000, 179
Trd, 000280.067, 180
Trd, 000280.250, 178
Trd, 000281.483, 179
Trd, 000281.733, 178
Trd, 000282.433, 180
Trd, 000282.667, 178
Trd, 000282.767, 183
Trd, 000282.783, 190
Trd, 000283.883, 179
Trd, 000283.983, 178
Trd, 000284.567, 179
Trd, 000284.783, 179
Trd, 000285.017, 178
Trd, 000285.167, 186
Trd, 000285.967, 179
Trd, 000286.250, 184
Trd, 000287.350, 182
Trd, 000287.433, 184
Trd, 000288.200, 185
Trd, 000288.267, 181
Trd, 000288.433, 179
Trd, 000288.817, 191
Trd, 000288.917, 179
Trd, 000289.033, 176
Trd, 000289.300, 184
Trd, 000289.567, 192
Trd, 000290.517, 182
Trd, 000291.183, 183
Trd, 000291.750, 183
Trd, 000292.000, 184
Trd, 000292.067, 181
Trd, 000292.750, 181
Trd, 000293.067, 180
Trd, 000294.150, 166
Trd, 000294.317, 182
Trd, 000294.467, 175
Trd, 000294.800, 180
Trd, 000295.250, 178
Trd, 000295.750, 179
Trd, 000296.250, 181
Trd, 000296.433, 179
Trd, 000296.950, 181
Trd, 000297.583, 183
Trd, 000298.100, 183
Trd, 000298.383, 184
Trd, 000299.217, 184
Trd, 000299.333, 183
Trd, 000299.450, 185
Trd, 000299.683, 183
