Trd, 000001.767, 182
Trd, 000002.417, 158
Trd, 000002.450, 152
Trd, 000004.250, 153
Trd, 000004.267, 152
Trd, 000004.917, 153
Trd, 000005.683, 155
Trd, 000006.000, 156
Trd, 000006.750, 152
Trd, 000007.083, 155
Trd, 000007.350, 156
Trd, 000007.767, 161
Trd, 000008.000, 162
Trd, 000008.550, 156
Trd, 000009.133, 162
Trd, 000009.633, 163
Trd, 000010.067, 161
Trd, 000010.233, 158
Trd, 000010.900, 157
Trd, 000011.250, 163
Trd, 000012.750, 160
Trd, 000012.900, 162
Trd, 000013.650, 159
Trd, 000014.100, 161
Trd, 000014.183, 153
Trd, 000015.517, 157
Trd, 000015.600, 155
Trd, 000015.933, 158
Trd, 000016.583, 160
Trd, 000016.900, 163
Trd, 000017.900, 163
Trd, 000017.967, 152
Trd, 000019.000, 160
Trd, 000019.200, 163
Trd, 000019.367, 160
Trd, 000021.783, 162
Trd, 000021.800, 163
Trd, 000023.650, 162
Trd, 000023.817, 161
Trd, 000023.983, 160
Trd, 000024.800, 163
Trd, 000024.967, 163
Trd, 000025.150, 164
Trd, 000025.783, 160
Trd, 000025.883, 164
Trd, 000026.317, 166
Trd, 000026.883, 159
Trd, 000028.867, 160
Trd, 000029.333, 161
Trd, 000029.817, 161
Trd, 000029.833, 160
Trd, 000030.717, 162
Trd, 000030.750, 162
Trd, 000032.233, 168
Trd, 000032.917, 162
Trd, 000033.317, 159
Trd, 000034.433, 159
Trd, 000034.450, 156
Trd, 000034.533, 161
Trd, 000034.550, 163
Trd, 000034.600, 172
Trd, 000038.383, 158
Trd, 000039.133, 159
Trd, 000039.633, 160
Trd, 000039.933, 160
Trd, 000040.567, 160
Trd, 000040.733, 158
Trd, 000040.933, 160
Trd, 000041.167, 155
Trd, 000043.917, 162
Trd, 000044.317, 158
Trd, 000044.533, 166
Trd, 000045.967, 161
Trd, 000046.117, 159
Trd, 000046.267, 162
Trd, 000046.367, 162
Trd, 000047.067, 164
Trd, 000048.200, 163
Trd, 000048.800, 163
Trd, 000048.850, 167
Trd, 000048.900, 159
Trd, 000049.233, 172
Trd, 000049.367, 160
Trd, 000052.100, 163
Trd, 000052.133, 161
Trd, 000053.233, 156
Trd, 000054.467, 163
Trd, 000054.833, 162
Trd, 000055.133, 159
Trd, 000055.200, 162
Trd, 000056.367, 161
Trd, 000056.867, 160
Trd, 000056.917, 162
Trd, 000057.100, 168
Trd, 000057.900, 162
Trd, 000058.667, 162
Trd, 000059.450, 164
Trd, 000059.983, 165
Trd, 000060.300, 166
Trd, 000060.517, 165
Trd, 000060.700, 167
Trd, 000061.300, 162
Trd, 000062.583, 164
Trd, 000063.033, 161
Trd, 000063.183, 167
Trd, 000063.783, 161
Trd, 000064.217, 157
Trd, 000064.717, 165
Trd, 000065.317, 156
Trd, 000065.383, 165
Trd, 000066.783, 165
Trd, 000067.017, 164
Trd, 000067.283, 164
Trd, 000067.467, 170
Trd, 000067.900, 164
Trd, 000067.950, 162
Trd, 000068.883, 165
Trd, 000069.017, 166
Trd, 000070.300, 167
Trd, 000070.433, 169
Trd, 000072.217, 159
Trd, 000074.217, 162
Trd, 000074.317, 164
Trd, 000074.750, 162
Trd, 000075.017, 164
Trd, 000075.400, 163
Trd, 000075.467, 160
Trd, 000076.183, 153
Trd, 000076.600, 164
Trd, 000077.150, 154
Trd, 000077.333, 150
Trd, 000077.400, 163
Trd, 000077.900, 165
Trd, 000078.483, 169
Trd, 000080.183, 164
Trd, 000080.933, 165
Trd, 000082.200, 166
Trd, 000082.700, 165
Trd, 000082.867, 159
Trd, 000083.500, 156
Trd, 000084.783, 163
Trd, 000084.883, 162
Trd, 000085.000, 163
Trd, 000085.900, 163
Trd, 000086.167, 163
Trd, 000086.583, 164
Trd, 000086.683, 165
Trd, 000087.000, 162
Trd, 000087.017, 166
Trd, 000088.633, 163
Trd, 000088.967, 164
Trd, 000089.150, 164
Trd, 000089.233, 163
Trd, 000089.567, 160
Trd, 000089.833, 169
Trd, 000090.000, 160
Trd, 000090.850, 171
Trd, 000091.567, 164
Trd, 000092.783, 166
Trd, 000093.450, 167
Trd, 000093.467, 168
Trd, 000094.400, 167
Trd, 000094.667, 167
Trd, 000094.817, 166
Trd, 000095.467, 166
Trd, 000096.317, 166
Trd, 000097.850, 164
Trd, 000097.983, 164
Trd, 000098.200, 164
Trd, 000099.200, 166
Trd, 000099.900, 164
Trd, 000100.217, 167
Trd, 000100.533, 172
Trd, 000101.183, 167
Trd, 000102.750, 167
Trd, 000103.333, 168
Trd, 000104.067, 168
Trd, 000104.167, 168
Trd, 000104.183, 165
Trd, 000104.467, 169
Trd, 000104.933, 165
Trd, 000106.267, 171
Trd, 000106.517, 170
Trd, 000107.317, 172
Trd, 000107.783, 170
Trd, 000107.867, 158
Trd, 000107.917, 171
Trd, 000108.333, 175
Trd, 000108.417, 153
Trd, 000108.500, 176
Trd, 000109.767, 173
Trd, 000110.850, 164
Trd, 000112.550, 169
Trd, 000113.000, 168
Trd, 000113.200, 168
Trd, 000113.417, 162
Trd, 000113.500, 173
Trd, 000114.250, 169
Trd, 000115.033, 162
Trd, 000115.150, 169
Trd, 000115.450, 171
Trd, 000115.933, 160
Trd, 000116.817, 169
Trd, 000116.850, 170
Trd, 000117.383, 162
Trd, 000117.667, 159
Trd, 000118.917, 163
Trd, 000119.167, 162
Trd, 000119.233, 171
Trd, 000121.250, 169
Trd, 000121.817, 169
Trd, 000122.550, 170
Trd, 000122.800, 171
Trd, 000123.300, 174
Trd, 000123.667, 178
Trd, 000123.683, 180
Trd, 000123.850, 184
Trd, 000123.933, 205
Trd, 000124.283, 237
Trd, 000124.333, 313.0
Trd, 000124.517, 334.0
Trd, 000125.217, 331
Trd, 000125.917, 332
Trd, 000126.000, 346
Trd, 000126.433, 332
Trd, 000127.317, 326
Trd, 000127.383, 351.0
Trd, 000129.150, 358.0
Trd, 000129.500, 362.0
Trd, 000129.650, 346
Trd, 000129.717, 345
Trd, 000129.783, 356
Trd, 000130.867, 352
Trd, 000131.383, 347
Trd, 000132.183, 354
Trd, 000132.783, 355
Trd, 000133.533, 355
Trd, 000133.667, 355
Trd, 000134.567, 356
Trd, 000135.633, 354
Trd, 000136.233, 356.0
Trd, 000136.900, 358
Trd, 000137.083, 358.0
Trd, 000138.350, 356
Trd, 000138.400, 353
Trd, 000138.900, 351.0
Trd, 000139.683, 357
Trd, 000140.183, 358.0
Trd, 000141.450, 359
Trd, 000142.133, 356
Trd, 000142.683, 357
Trd, 000142.750, 356
Trd, 000142.883, 351.0
Trd, 000144.367, 357
Trd, 000144.467, 356
Trd, 000145.117, 354
Trd, 000146.800, 357
Trd, 000146.983, 357
Trd, 000147.850, 356
Trd, 000148.233, 358.0
Trd, 000148.583, 355
Trd, 000148.683, 353
Trd, 000148.767, 351.0
Trd, 000149.217, 359
Trd, 000150.583, 361
Trd, 000151.167, 354
Trd, 000152.517, 356.0
Trd, 000153.417, 358.0
Trd, 000154.100, 357
Trd, 000154.267, 356
Trd, 000156.133, 358.0
Trd, 000156.550, 356
Trd, 000156.617, 355
Trd, 000157.383, 359
Trd, 000158.350, 355
Trd, 000159.117, 357
Trd, 000159.567, 358.0
Trd, 000160.150, 358
Trd, 000160.233, 357
Trd, 000161.400, 358
Trd, 000161.533, 357
Trd, 000161.633, 351.0
Trd, 000161.917, 359
Trd, 000162.250, 360
Trd, 000163.100, 358
Trd, 000163.217, 353
Trd, 000163.600, 348.0
Trd, 000164.867, 358.0
Trd, 000165.217, 346
Trd, 000166.383, 351
Trd, 000167.033, 355.0
Trd, 000167.417, 356
Trd, 000167.533, 356
Trd, 000167.650, 355.0
Trd, 000168.500, 353
Trd, 000168.600, 357
Trd, 000168.817, 351.0
Trd, 000168.933, 362.0
Trd, 000169.067, 367
Trd, 000170.133, 350.0
Trd, 000170.333, 348.0
Trd, 000170.750, 344
Trd, 000171.800, 357.0
Trd, 000172.033, 351.0
Trd, 000172.717, 356
Trd, 000172.783, 349.0
Trd, 000174.317, 356
Trd, 000174.483, 351.0
Trd, 000175.033, 353
Trd, 000176.067, 353.0
Trd, 000176.200, 351.0
Trd, 000177.317, 348
Trd, 000177.750, 358.0
Trd, 000178.383, 354
Trd, 000178.817, 354.0
Trd, 000178.933, 351.0
Trd, 000179.650, 354
Trd, 000179.667, 357
Trd, 000181.550, 353.0
Trd, 000181.567, 356
Trd, 000181.700, 352
Trd, 000181.833, 358.0
Trd, 000181.967, 350
Trd, 000182.100, 359
Trd, 000182.300, 348.0
Trd, 000182.850, 305
Trd, 000182.933, 279
Trd, 000182.967, 211
Trd, 000183.200, 167
Trd, 000183.833, 200
Trd, 000183.900, 169
Trd, 000183.933, 161
Trd, 000184.500, 152
Trd, 000184.917, 186
Trd, 000185.350, 144
Trd, 000186.350, 170
Trd, 000187.050, 179
Trd, 000187.967, 174
Trd, 000188.383, 184
Trd, 000188.667, 167
Trd, 000189.900, 170
Trd, 000190.383, 170
Trd, 000190.583, 169
Trd, 000191.000, 169
Trd, 000191.950, 170
Trd, 000192.633, 170
Trd, 000193.600, 170
Trd, 000193.683, 171
Trd, 000193.850, 171
Trd, 000193.867, 177
Trd, 000193.983, 170
Trd, 000194.117, 168
Trd, 000194.783, 181
Trd, 000195.400, 184
Trd, 000195.983, 177
Trd, 000197.583, 181
Trd, 000197.617, 177
Trd, 000197.867, 182
Trd, 000198.600, 178
Trd, 000198.783, 176
Trd, 000199.650, 177
Trd, 000200.700, 175
Trd, 000200.900, 174
Trd, 000202.600, 173
Trd, 000202.700, 175
Trd, 000203.200, 174
Trd, 000204.383, 175
Trd, 000204.450, 174
Trd, 000204.650, 176
Trd, 000205.300, 185
Trd, 000205.550, 172
Trd, 000206.467, 169
Trd, 000206.800, 179
Trd, 000208.117, 176
Trd, 000208.367, 173
Trd, 000209.150, 173
Trd, 000210.117, 175
Trd, 000210.733, 177
Trd, 000211.750, 177
Trd, 000212.683, 176
Trd, 000213.117, 177
Trd, 000213.767, 176
Trd, 000214.800, 177
Trd, 000214.917, 179
Trd, 000216.017, 179
Trd, 000216.983, 181
Trd, 000217.300, 177
Trd, 000217.833, 174
Trd, 000217.900, 184
Trd, 000220.183, 177
Trd, 000220.317, 179
Trd, 000221.367, 180
Trd, 000221.450, 178
Trd, 000222.333, 177
Trd, 000223.117, 180
Trd, 000223.333, 178
Trd, 000224.267, 175
Trd, 000224.400, 175
Trd, 000224.467, 174
Trd, 000224.533, 174
Trd, 000225.867, 178
Trd, 000225.900, 180
Trd, 000226.100, 174
Trd, 000226.483, 174
Trd, 000227.167, 177
Trd, 000228.067, 181
Trd, 000229.033, 175
Trd, 000230.417, 178
Trd, 000230.600, 175
Trd, 000230.833, 181
Trd, 000231.983, 181
Trd, 000233.150, 183
Trd, 000233.483, 181
Trd, 000233.600, 180
Trd, 000233.833, 181
Trd, 000234.200, 185
Trd, 000234.700, 184
Trd, 000234.733, 179
Trd, 000234.833, 179
Trd, 000236.100, 185
Trd, 000237.017, 182
Trd, 000237.300, 174
Trd, 000238.117, 174
Trd, 000238.183, 182
Trd, 000238.900, 172
Trd, 000239.183, 182
Trd, 000240.383, 180
Trd, 000240.717, 182
Trd, 000240.783, 182
Trd, 000241.000, 181
Trd, 000241.300, 180
Trd, 000242.000, 179
Trd, 000242.317, 184
Trd, 000242.683, 180
Trd, 000243.167, 179
Trd, 000244.367, 186
Trd, 000245.317, 187
Trd, 000245.417, 185
Trd, 000245.717, 182
Trd, 000245.800, 183
Trd, 000246.183, 181
Trd, 000247.283, 181
Trd, 000247.383, 182
Trd, 000248.100, 183
Trd, 000248.867, 184
Trd, 000248.900, 187
Trd, 000249.633, 184
Trd, 000249.817, 183
Trd, 000251.567, 184
Trd, 000251.750, 181
Trd, 000252.017, 178
Trd, 000252.333, 180
Trd, 000252.433, 177
Trd, 000254.700, 178
Trd, 000255.000, 180
Trd, 000255.150, 180
Trd, 000255.167, 183
Trd, 000255.183, 185
Trd, 000255.600, 183
Trd, 000255.817, 177
Trd, 000256.400, 181
Trd, 000256.450, 179
Trd, 000257.000, 178
Trd, 000257.200, 176
Trd, 000258.100, 176
Trd, 000258.783, 177
Trd, 000259.717, 178
Trd, 000259.917, 176
Trd, 000260.567, 178
Trd, 000261.300, 179
Trd, 000261.367, 179
Trd, 000261.650, 179
Trd, 000261.717, 180
Trd, 000261.833, 178
Trd, 000262.700, 170
Trd, 000262.783, 188
Trd, 000262.950, 194
Trd, 000263.617, 172
Trd, 000264.233, 183
Trd, 000264.583, 185
Trd, 000264.950, 184
Trd, 000265.033, 183
Trd, 000265.350, 182
Trd, 000266.183, 179
Trd, 000266.617, 178
Trd, 000266.967, 178
Trd, 000267.050, 179
Trd, 000267.317, 181
Trd, 000267.883, 179
Trd, 000268.133, 178
Trd, 000268.850, 183
Trd, 000269.283, 183
Trd, 000269.883, 183
Trd, 000269.983, 182
Trd, 000270.567, 184
Trd, 000271.117, 180
Trd, 000271.517, 185
Trd, 000271.767, 185
Trd, 000272.400, 176
Trd, 000272.417, 178
Trd, 000272.433, 175
Trd, 000272.567, 170
Trd, 000272.717, 184
Trd, 000272.767, 185
Trd, 000273.617, 177
Trd, 000274.233, 183
Trd, 000274.700, 180
Trd, 000275.167, 179
Trd, 000275.500, 194
Trd, 000276.017, 178
Trd, 000276.533, 176
Trd, 000277.867, 174
Trd, 000278.400, 178
Trd, 000278.517, 173
Trd, 000278.750, 176
Trd, 000278.767, 179
Trd, 000279.783, 176
Trd, 000279.950, 174
Trd, 000280.917, 178
Trd, 000281.117, 179
Trd, 000281.400, 174
Trd, 000281.500, 181
Trd, 000281.900, 186
Trd, 000283.833, 178
Trd, 000283.883, 181
Trd, 000284.767, 179
Trd, 000284.933, 177
Trd, 000285.300, 176
Trd, 000285.617, 179
Trd, 000285.733, 172
Trd, 000286.317, 181
Trd, 000286.333, 182
Trd, 000286.550, 179
Trd, 000286.567, 186
Trd, 000288.317, 183
Trd, 000288.333, 181
Trd, 000288.350, 185
Trd, 000288.567, 179
Trd, 000288.867, 185
Trd, 000289.200, 190
Trd, 000289.600, 188
Trd, 000290.033, 193
Trd, 000291.417, 187
Trd, 000291.650, 180
Trd, 000292.867, 188
Trd, 000292.917, 181
Trd, 000293.617, 186
Trd, 000293.867, 188
Trd, 000294.350, 184
Trd, 000294.817, 186
Trd, 000295.150, 186
Trd, 000296.000, 185
Trd, 000296.150, 186
Trd, 000296.333, 184
Trd, 000296.367, 183
Trd, 000296.717, 188
Trd, 000297.300, 183
Trd, 000298.067, 183
Trd, 000298.900, 182
Trd, 000298.950, 188
Trd, 000299.800, 188
Trd, 000299.983, 181
