Trd, 000002.300, 137
Trd, 000003.383, 142
Trd, 000003.500, 127
Trd, 000003.917, 147
Trd, 000003.933, 148
Trd, 000004.133, 151
Trd, 000004.783, 162
Trd, 000005.100, 132
Trd, 000005.667, 164
Trd, 000005.983, 128
Trd, 000006.483, 165
Trd, 000006.650, 163
Trd, 000007.483, 166
Trd, 000007.767, 154
Trd, 000008.133, 167
Trd, 000009.117, 161
Trd, 000009.900, 161
Trd, 000009.967, 162
Trd, 000011.533, 151
Trd, 000011.817, 152
Trd, 000012.200, 151
Trd, 000014.733, 152
Trd, 000015.100, 153
Trd, 000015.450, 154
Trd, 000015.500, 155
Trd, 000016.067, 139
Trd, 000016.267, 159
Trd, 000016.633, 163
Trd, 000017.233, 140
Trd, 000017.583, 150
Trd, 000017.683, 152
Trd, 000018.067, 163
Trd, 000018.567, 164
Trd, 000019.550, 160
Trd, 000020.133, 167
Trd, 000020.450, 140
Trd, 000020.700, 170
Trd, 000021.050, 139
Trd, 000021.500, 167
Trd, 000022.183, 149
Trd, 000022.867, 162
Trd, 000024.417, 158
Trd, 000024.683, 153
Trd, 000025.317, 150
Trd, 000025.683, 150
Trd, 000026.283, 150
Trd, 000026.567, 143
Trd, 000026.783, 150
Trd, 000028.350, 149
Trd, 000028.483, 151
Trd, 000029.100, 154
Trd, 000029.917, 153
Trd, 000030.150, 165
Trd, 000030.450, 168
Trd, 000031.233, 136
Trd, 000031.750, 140
Trd, 000032.217, 144
Trd, 000032.667, 148
Trd, 000033.483, 154
Trd, 000033.517, 154
Trd, 000033.800, 167
Trd, 000034.133, 168
Trd, 000035.550, 161
Trd, 000036.483, 163
Trd, 000036.800, 163
Trd, 000037.350, 162
Trd, 000037.867, 162
Trd, 000038.117, 160
Trd, 000038.150, 162
Trd, 000038.550, 165
Trd, 000038.717, 169
Trd, 000040.150, 172
Trd, 000040.917, 179
Trd, 000041.950, 177
Trd, 000042.167, 179
Trd, 000043.367, 177
Trd, 000043.483, 176
Trd, 000044.417, 172
Trd, 000044.633, 169
Trd, 000045.000, 175
Trd, 000046.100, 143
Trd, 000046.233, 164
Trd, 000047.067, 139
Trd, 000047.567, 155
Trd, 000047.900, 161
Trd, 000048.133, 164
Trd, 000048.150, 165
Trd, 000048.250, 170
Trd, 000049.050, 139
Trd, 000050.217, 149
Trd, 000051.050, 142
Trd, 000051.100, 149
Trd, 000051.383, 149
Trd, 000052.650, 155
Trd, 000052.867, 167
Trd, 000052.933, 170
Trd, 000054.350, 156
Trd, 000054.533, 145
Trd, 000055.733, 156
Trd, 000056.667, 151
Trd, 000057.133, 147
Trd, 000057.267, 157
Trd, 000057.933, 173
Trd, 000058.400, 179
Trd, 000058.417, 178
Trd, 000059.067, 164
Trd, 000059.117, 165
Trd, 000060.667, 165
Trd, 000060.683, 166
Trd, 000060.750, 152
Trd, 000061.400, 167
Trd, 000061.500, 169
Trd, 000062.200, 134
Trd, 000063.433, 142
Trd, 000063.617, 143
Trd, 000063.667, 156
Trd, 000064.383, 157
Trd, 000064.700, 140
Trd, 000064.717, 168
Trd, 000065.783, 160
Trd, 000067.083, 151
Trd, 000067.600, 174
Trd, 000067.933, 172
Trd, 000069.183, 161
Trd, 000069.950, 161
Trd, 000070.200, 162
Trd, 000070.350, 163
Trd, 000070.917, 157
Trd, 000071.400, 157
Trd, 000071.933, 163
Trd, 000072.333, 165
Trd, 000072.600, 169
Trd, 000072.967, 173
Trd, 000073.133, 175
Trd, 000073.400, 171
Trd, 000073.483, 170
Trd, 000076.083, 160
Trd, 000076.167, 159
Trd, 000076.183, 182
Trd, 000076.783, 144
Trd, 000077.067, 143
Trd, 000077.750, 145
Trd, 000078.017, 143
Trd, 000078.933, 148
Trd, 000079.967, 157
Trd, 000080.067, 158
Trd, 000080.600, 159
Trd, 000080.717, 162
Trd, 000081.850, 143
Trd, 000082.017, 158
Trd, 000082.083, 142
Trd, 000082.917, 165
Trd, 000083.667, 148
Trd, 000083.967, 162
Trd, 000084.300, 145
Trd, 000084.367, 143
Trd, 000084.867, 161
Trd, 000085.133, 162
Trd, 000086.800, 168
Trd, 000086.983, 145
Trd, 000088.333, 146
Trd, 000089.250, 162
Trd, 000089.750, 165
Trd, 000089.800, 166
Trd, 000090.717, 164
Trd, 000090.800, 165
Trd, 000091.600, 166
Trd, 000092.383, 166
Trd, 000092.633, 155
Trd, 000093.200, 155
Trd, 000093.400, 163
Trd, 000094.050, 154
Trd, 000094.717, 163
Trd, 000094.750, 166
Trd, 000095.050, 171
Trd, 000095.783, 174
Trd, 000096.117, 177
Trd, 000096.533, 145
Trd, 000097.083, 180
Trd, 000097.817, 171
Trd, 000097.967, 172
Trd, 000098.400, 175
Trd, 000098.700, 182
Trd, 000098.800, 147
Trd, 000099.033, 185
Trd, 000099.967, 178
Trd, 000101.667, 166
Trd, 000101.817, 173
Trd, 000101.833, 164
Trd, 000103.200, 157
Trd, 000103.300, 172
Trd, 000104.467, 168
Trd, 000104.700, 167
Trd, 000105.117, 164
Trd, 000105.800, 159
Trd, 000106.133, 160
Trd, 000106.583, 167
Trd, 000107.767, 167
Trd, 000108.350, 169
Trd, 000109.150, 179
Trd, 000109.367, 176
Trd, 000110.100, 166
Trd, 000110.983, 172
Trd, 000111.300, 172
Trd, 000111.817, 169
Trd, 000112.233, 170
Trd, 000112.517, 168
Trd, 000114.333, 166
Trd, 000114.750, 160
Trd, 000115.033, 158
Trd, 000115.250, 168
Trd, 000115.633, 169
Trd, 000116.317, 173
Trd, 000116.583, 176
Trd, 000117.150, 176
Trd, 000117.350, 151
Trd, 000117.433, 179
Trd, 000118.000, 186
Trd, 000118.367, 155
Trd, 000118.833, 187
Trd, 000119.233, 184
Trd, 000120.933, 177
Trd, 000121.250, 180
Trd, 000122.017, 176
Trd, 000123.150, 177
Trd, 000123.200, 181
Trd, 000123.283, 191
Trd, 000123.517, 201
Trd, 000123.567, 242
Trd, 000124.667, 324
Trd, 000124.800, 328
Trd, 000125.700, 334
Trd, 000126.117, 337.0
Trd, 000126.750, 327
Trd, 000127.683, 341.0
Trd, 000127.750, 348.0
Trd, 000128.350, 349
Trd, 000129.183, 337.0
Trd, 000129.250, 332
Trd, 000129.400, 351.0
Trd, 000129.567, 348
Trd, 000130.683, 355.0
Trd, 000131.217, 352
Trd, 000132.183, 358.0
Trd, 000133.467, 361.0
Trd, 000134.050, 360.0
Trd, 000134.800, 360
Trd, 000135.383, 354
Trd, 000136.483, 356
Trd, 000136.817, 355.0
Trd, 000137.050, 358
Trd, 000137.250, 360
Trd, 000137.533, 361
Trd, 000137.933, 360.0
Trd, 000139.033, 359.0
Trd, 000139.167, 360.0
Trd, 000139.217, 355.0
Trd, 000139.283, 362.0
Trd, 000140.167, 344
Trd, 000140.350, 362
Trd, 000141.083, 343
Trd, 000141.550, 362.0
Trd, 000141.850, 365.0
Trd, 000142.233, 368.0
Trd, 000142.650, 375
Trd, 000144.050, 373.0
Trd, 000145.133, 372.0
Trd, 000145.500, 365.0
Trd, 000146.000, 355.0
Trd, 000146.033, 344
Trd, 000146.750, 371
Trd, 000147.233, 372
Trd, 000147.417, 368.0
Trd, 000147.600, 372
Trd, 000148.767, 356
Trd, 000150.000, 358.0
Trd, 000150.033, 358.0
Trd, 000150.483, 359.0
Trd, 000150.567, 362
Trd, 000151.167, 362.0
Trd, 000151.617, 355.0
Trd, 000152.250, 365
Trd, 000152.600, 365.0
Trd, 000152.700, 368.0
Trd, 000153.067, 375
Trd, 000154.733, 351
Trd, 000154.933, 339.0
Trd, 000155.567, 334.0
Trd, 000156.083, 350
Trd, 000157.050, 349
Trd, 000157.167, 351.0
Trd, 000157.517, 356
Trd, 000158.400, 337.0
Trd, 000159.683, 355.0
Trd, 000160.133, 355
Trd, 000160.983, 356
Trd, 000161.033, 358.0
Trd, 000161.983, 357
Trd, 000162.417, 355
Trd, 000162.967, 337.0
Trd, 000163.167, 362.0
Trd, 000163.817, 368.0
Trd, 000164.633, 359
Trd, 000165.467, 357
Trd, 000166.383, 350
Trd, 000167.150, 347
Trd, 000168.250, 357.0
Trd, 000168.500, 358.0
Trd, 000168.550, 362.0
Trd, 000169.483, 363
Trd, 000171.167, 347.0
Trd, 000172.050, 353
Trd, 000172.117, 354
Trd, 000172.950, 357.0
Trd, 000173.133, 358.0
Trd, 000173.267, 362.0
Trd, 000173.417, 349.0
Trd, 000173.567, 348.0
Trd, 000174.717, 354
Trd, 000176.283, 340.0
Trd, 000177.150, 348
Trd, 000177.533, 349
Trd, 000177.867, 348
Trd, 000178.500, 352
Trd, 000178.933, 358.0
Trd, 000179.500, 360.0
Trd, 000179.600, 343.0
Trd, 000180.450, 362.0
Trd, 000180.917, 361.0
Trd, 000182.150, 345.0
Trd, 000182.217, 343.0
Trd, 000182.367, 330
Trd, 000182.800, 316
Trd, 000182.883, 309
Trd, 000182.933, 301
Trd, 000183.000, 289
Trd, 000183.850, 252
Trd, 000185.417, 192
Trd, 000185.467, 214
Trd, 000185.867, 186
Trd, 000186.217, 197
Trd, 000186.300, 183
Trd, 000186.617, 177
Trd, 000186.817, 198
Trd, 000188.117, 157
Trd, 000188.533, 191
Trd, 000188.867, 192
Trd, 000189.183, 191
Trd, 000189.617, 194
Trd, 000190.117, 187
Trd, 000190.900, 192
Trd, 000191.067, 191
Trd, 000191.417, 191
Trd, 000193.417, 179
Trd, 000193.433, 186
Trd, 000194.700, 187
Trd, 000195.050, 182
Trd, 000196.083, 180
Trd, 000196.317, 181
Trd, 000197.183, 181
Trd, 000197.467, 183
Trd, 000198.267, 184
Trd, 000199.067, 174
Trd, 000199.217, 186
Trd, 000199.633, 174
Trd, 000199.667, 185
Trd, 000200.600, 179
Trd, 000200.767, 179
Trd, 000202.083, 173
Trd, 000202.417, 178
Trd, 000202.567, 179
Trd, 000203.867, 178
Trd, 000203.950, 179
Trd, 000205.417, 174
Trd, 000206.067, 157
Trd, 000206.917, 169
Trd, 000207.000, 172
Trd, 000207.517, 178
Trd, 000207.750, 183
Trd, 000207.767, 186
Trd, 000208.300, 187
Trd, 000209.433, 158
Trd, 000209.550, 167
Trd, 000210.133, 179
Trd, 000211.167, 179
Trd, 000211.217, 180
Trd, 000211.933, 182
Trd, 000212.617, 153
Trd, 000212.650, 182
Trd, 000215.067, 173
Trd, 000215.217, 172
Trd, 000215.500, 174
Trd, 000215.667, 179
Trd, 000215.783, 169
Trd, 000216.183, 178
Trd, 000216.467, 183
Trd, 000217.167, 180
Trd, 000218.850, 183
Trd, 000219.333, 181
Trd, 000219.900, 176
Trd, 000219.950, 158
Trd, 000221.117, 170
Trd, 000221.950, 168
Trd, 000222.200, 172
Trd, 000222.450, 173
Trd, 000223.417, 172
Trd, 000224.050, 174
Trd, 000226.083, 176
Trd, 000226.100, 177
Trd, 000226.300, 179
Trd, 000226.450, 180
Trd, 000226.533, 190
Trd, 000227.250, 197
Trd, 000228.500, 174
Trd, 000229.800, 180
Trd, 000229.867, 180
Trd, 000230.033, 178
Trd, 000230.533, 179
Trd, 000230.850, 180
Trd, 000230.867, 181
Trd, 000231.200, 185
Trd, 000231.533, 176
Trd, 000232.150, 175
Trd, 000233.500, 185
Trd, 000233.933, 179
Trd, 000235.167, 183
Trd, 000235.783, 185
Trd, 000236.300, 171
Trd, 000237.367, 184
Trd, 000237.533, 185
Trd, 000237.783, 186
Trd, 000238.167, 171
Trd, 000239.483, 179
Trd, 000240.267, 174
Trd, 000240.500, 172
Trd, 000240.550, 173
Trd, 000240.783, 175
Trd, 000240.967, 172
Trd, 000242.050, 169
Trd, 000243.533, 171
Trd, 000243.817, 172
Trd, 000244.183, 179
Trd, 000244.433, 172
Trd, 000245.050, 176
Trd, 000245.283, 175
Trd, 000245.733, 171
Trd, 000245.833, 174
Trd, 000246.250, 175
Trd, 000246.517, 176
Trd, 000247.100, 173
Trd, 000247.483, 174
Trd, 000247.783, 176
Trd, 000248.050, 174
Trd, 000248.450, 182
Trd, 000248.683, 183
Trd, 000248.767, 187
Trd, 000249.167, 189
Trd, 000249.350, 192
Trd, 000249.717, 176
Trd, 000250.783, 175
Trd, 000251.967, 168
Trd, 000252.033, 174
Trd, 000252.467, 162
Trd, 000252.883, 174
Trd, 000253.017, 174
Trd, 000253.233, 183
Trd, 000253.533, 182
Trd, 000253.850, 185
Trd, 000254.800, 178
Trd, 000255.267, 173
Trd, 000255.633, 188
Trd, 000256.517, 170
Trd, 000256.567, 188
Trd, 000256.783, 186
Trd, 000257.717, 186
Trd, 000257.783, 186
Trd, 000257.933, 176
Trd, 000259.233, 185
Trd, 000259.383, 186
Trd, 000259.467, 186
Trd, 000260.317, 178
Trd, 000261.067, 176
Trd, 000261.400, 174
Trd, 000261.450, 174
Trd, 000261.850, 177
Trd, 000262.717, 173
Trd, 000262.767, 179
Trd, 000263.317, 170
Trd, 000263.433, 164
Trd, 000263.750, 167
Trd, 000264.383, 169
Trd, 000264.850, 165
Trd, 000265.967, 166
Trd, 000267.433, 167
Trd, 000267.450, 168
Trd, 000267.467, 170
Trd, 000268.233, 180
Trd, 000268.467, 166
Trd, 000269.200, 168
Trd, 000269.283, 185
Trd, 000269.417, 189
Trd, 000269.683, 177
Trd, 000270.050, 182
Trd, 000270.100, 192
Trd, 000270.333, 195
Trd, 000270.633, 198
Trd, 000271.483, 175
Trd, 000271.617, 187
Trd, 000271.767, 189
Trd, 000272.533, 180
Trd, 000272.633, 180
Trd, 000272.900, 174
Trd, 000273.817, 172
Trd, 000273.983, 171
Trd, 000274.000, 180
Trd, 000274.333, 180
Trd, 000274.700, 182
Trd, 000274.950, 183
Trd, 000275.967, 177
Trd, 000276.750, 175
Trd, 000277.083, 177
Trd, 000277.233, 179
Trd, 000277.817, 172
Trd, 000278.100, 172
Trd, 000278.783, 170
Trd, 000279.317, 175
Trd, 000279.350, 176
Trd, 000280.200, 179
Trd, 000280.567, 181
Trd, 000280.583, 186
Trd, 000281.017, 178
Trd, 000281.217, 174
Trd, 000281.750, 180
Trd, 000282.100, 185
Trd, 000284.033, 181
Trd, 000284.117, 186
Trd, 000284.650, 188
Trd, 000284.667, 190
Trd, 000284.967, 193
Trd, 000285.467, 191
Trd, 000285.500, 182
Trd, 000286.233, 180
Trd, 000286.267, 181
Trd, 000286.583, 187
Trd, 000287.150, 176
Trd, 000287.783, 187
Trd, 000288.017, 187
Trd, 000288.317, 197
Trd, 000288.450, 200
Trd, 000288.833, 175
Trd, 000289.333, 172
Trd, 000289.450, 167
Trd, 000289.567, 190
Trd, 000289.883, 177
Trd, 000290.300, 163
Trd, 000291.067, 172
Trd, 000291.083, 175
Trd, 000291.867, 176
Trd, 000292.050, 175
Trd, 000292.150, 190
Trd, 000292.283, 191
Trd, 000293.400, 186
Trd, 000294.183, 191
Trd, 000294.833, 194
Trd, 000295.017, 175
Trd, 000295.317, 173
Trd, 000295.333, 166
Trd, 000296.517, 183
Trd, 000296.850, 184
Trd, 000296.900, 188
Trd, 000296.950, 202
Trd, 000297.233, 163
Trd, 000298.117, 173
Trd, 000298.233, 174
Trd, 000299.333, 162
Trd, 000299.450, 178
Trd, 000299.683, 192
Trd, 000299.750, 161
