Trd, 000000.883, 168
Trd, 000002.367, 150
Trd, 000002.750, 148
Trd, 000003.467, 151
Trd, 000003.917, 151
Trd, 000004.150, 157
Trd, 000004.733, 149
Trd, 000005.733, 151
Trd, 000006.100, 141
Trd, 000007.300, 128
Trd, 000007.800, 141
Trd, 000008.600, 140
Trd, 000008.767, 140
Trd, 000008.883, 142
Trd, 000009.733, 130
Trd, 000009.783, 142
Trd, 000011.083, 135
Trd, 000012.133, 143
Trd, 000012.517, 142
Trd, 000012.783, 143
Trd, 000013.200, 139
Trd, 000013.283, 152
Trd, 000013.417, 141
Trd, 000013.617, 147
Trd, 000014.967, 152
Trd, 000016.767, 152
Trd, 000017.083, 152
Trd, 000017.367, 151
Trd, 000017.917, 151
Trd, 000018.183, 153
Trd, 000018.533, 151
Trd, 000019.183, 157
Trd, 000019.317, 151
Trd, 000019.417, 160
Trd, 000020.383, 144
Trd, 000020.550, 143
Trd, 000020.633, 133
Trd, 000022.300, 156
Trd, 000022.817, 149
Trd, 000022.917, 148
Trd, 000023.683, 152
Trd, 000024.400, 151
Trd, 000025.200, 153
Trd, 000025.833, 149
Trd, 000026.167, 154
Trd, 000026.567, 156
Trd, 000029.100, 156
Trd, 000029.183, 154
Trd, 000029.950, 154
Trd, 000030.333, 155
Trd, 000030.467, 156
Trd, 000031.217, 155
Trd, 000031.350, 156
Trd, 000032.217, 155
Trd, 000032.783, 154
Trd, 000034.367, 155
Trd, 000034.550, 155
Trd, 000034.750, 153
Trd, 000034.950, 156
Trd, 000035.117, 158
Trd, 000036.317, 155
Trd, 000036.433, 156
Trd, 000036.667, 155
Trd, 000037.017, 154
Trd, 000037.450, 153
Trd, 000038.267, 156
Trd, 000038.517, 157
Trd, 000038.600, 157
Trd, 000038.933, 155
Trd, 000038.950, 162
Trd, 000039.550, 145
Trd, 000039.883, 159
Trd, 000041.117, 142
Trd, 000041.333, 159
Trd, 000041.800, 145
Trd, 000042.683, 132
Trd, 000043.200, 155
Trd, 000043.733, 156
Trd, 000044.033, 152
Trd, 000044.450, 148
Trd, 000046.300, 148
Trd, 000047.450, 149
Trd, 000048.300, 150
Trd, 000048.817, 156
Trd, 000049.267, 152
Trd, 000049.350, 151
Trd, 000049.750, 152
Trd, 000049.917, 150
Trd, 000050.000, 149
Trd, 000051.200, 147
Trd, 000051.517, 133
Trd, 000051.967, 142
Trd, 000052.300, 144
Trd, 000053.183, 159
Trd, 000053.667, 156
Trd, 000054.450, 153
Trd, 000055.450, 159
Trd, 000055.700, 155
Trd, 000056.483, 157
Trd, 000056.500, 155
Trd, 000057.233, 158
Trd, 000058.667, 160
Trd, 000059.200, 161
Trd, 000059.583, 158
Trd, 000060.750, 159
Trd, 000061.883, 157
Trd, 000062.300, 156
Trd, 000062.767, 156
Trd, 000063.117, 157
Trd, 000063.817, 159
Trd, 000064.583, 158
Trd, 000064.867, 157
Trd, 000065.417, 155
Trd, 000065.633, 147
Trd, 000066.200, 153
Trd, 000066.333, 152
Trd, 000066.933, 155
Trd, 000066.967, 154
Trd, 000067.233, 162
Trd, 000068.200, 154
Trd, 000069.150, 154
Trd, 000069.283, 159
Trd, 000070.867, 158
Trd, 000070.967, 158
Trd, 000071.467, 154
Trd, 000072.683, 156
Trd, 000073.000, 157
Trd, 000073.183, 153
Trd, 000075.017, 155
Trd, 000075.150, 158
Trd, 000076.983, 155
Trd, 000077.067, 158
Trd, 000077.633, 156
Trd, 000078.217, 159
Trd, 000078.417, 156
Trd, 000078.500, 158
Trd, 000078.700, 155
Trd, 000079.600, 157
Trd, 000080.900, 158
Trd, 000081.867, 158
Trd, 000082.100, 156
Trd, 000082.183, 157
Trd, 000082.700, 155
Trd, 000083.583, 157
Trd, 000084.383, 156
Trd, 000084.783, 158
Trd, 000085.117, 155
Trd, 000086.700, 156
Trd, 000087.167, 157
Trd, 000087.350, 157
Trd, 000088.067, 157
Trd, 000088.767, 159
Trd, 000088.967, 157
Trd, 000089.467, 159
Trd, 000089.483, 160
Trd, 000090.300, 158
Trd, 000090.533, 157
Trd, 000090.817, 159
Trd, 000091.250, 155
Trd, 000092.333, 160
Trd, 000093.850, 160
Trd, 000094.017, 164
Trd, 000094.050, 156
Trd, 000094.583, 159
Trd, 000094.683, 162
Trd, 000094.850, 155
Trd, 000096.333, 159
Trd, 000096.767, 157
Trd, 000097.233, 158
Trd, 000097.750, 160
Trd, 000097.867, 161
Trd, 000099.100, 163
Trd, 000099.567, 165
Trd, 000100.433, 161
Trd, 000100.717, 162
Trd, 000101.283, 162
Trd, 000101.383, 162
Trd, 000101.583, 168
Trd, 000101.883, 161
Trd, 000102.067, 159
Trd, 000102.267, 134
Trd, 000103.383, 151
Trd, 000104.917, 165
Trd, 000105.767, 160
Trd, 000106.433, 150
Trd, 000107.533, 156
Trd, 000109.683, 156
Trd, 000109.817, 156
Trd, 000109.950, 155
Trd, 000110.850, 155
Trd, 000111.033, 156
Trd, 000111.250, 165
Trd, 000111.967, 158
Trd, 000112.250, 160
Trd, 000112.633, 167
Trd, 000112.883, 159
Trd, 000113.767, 162
Trd, 000114.433, 160
Trd, 000114.633, 162
Trd, 000114.700, 160
Trd, 000114.983, 160
Trd, 000115.567, 161
Trd, 000115.683, 155
Trd, 000117.167, 159
Trd, 000117.583, 153
Trd, 000117.683, 153
Trd, 000117.783, 160
Trd, 000118.517, 159
Trd, 000119.883, 156
Trd, 000120.267, 156
Trd, 000121.033, 159
Trd, 000121.333, 167
Trd, 000121.633, 167
Trd, 000122.767, 170
Trd, 000122.783, 180
Trd, 000123.483, 179
Trd, 000124.050, 168
Trd, 000124.300, 184
Trd, 000124.500, 206
Trd, 000124.583, 313.0
Trd, 000124.767, 313
Trd, 000124.950, 335
Trd, 000125.983, 334
Trd, 000126.867, 330.0
Trd, 000127.050, 328.0
Trd, 000127.200, 327.0
Trd, 000128.150, 329
Trd, 000128.317, 334
Trd, 000128.667, 337.0
Trd, 000128.917, 341.0
Trd, 000129.350, 351.0
Trd, 000130.967, 348
Trd, 000131.217, 356
Trd, 000132.617, 350
Trd, 000133.317, 350
Trd, 000133.933, 350
Trd, 000134.433, 355
Trd, 000134.783, 349
Trd, 000134.950, 358.0
Trd, 000136.400, 358
Trd, 000136.517, 351.0
Trd, 000137.167, 351.0
Trd, 000137.500, 350
Trd, 000138.133, 347
Trd, 000139.283, 358.0
Trd, 000139.850, 348
Trd, 000140.533, 348
Trd, 000141.133, 355
Trd, 000141.517, 348
Trd, 000142.217, 353
Trd, 000142.467, 350
Trd, 000142.583, 349
Trd, 000142.800, 348
Trd, 000142.933, 348.0
Trd, 000143.900, 351
Trd, 000144.467, 349
Trd, 000145.683, 346
Trd, 000145.733, 348
Trd, 000146.733, 344
Trd, 000147.283, 345
Trd, 000147.633, 348
Trd, 000148.117, 327.0
Trd, 000148.317, 326.0
Trd, 000148.733, 351.0
Trd, 000149.100, 329
Trd, 000149.517, 358.0
Trd, 000151.317, 344
Trd, 000151.817, 331.0
Trd, 000153.033, 343
Trd, 000153.700, 335.0
Trd, 000155.217, 341
Trd, 000155.550, 343
Trd, 000155.850, 342
Trd, 000155.933, 344
Trd, 000156.350, 344
Trd, 000156.850, 344
Trd, 000157.283, 343
Trd, 000157.650, 349.0
Trd, 000157.983, 351.0
Trd, 000158.500, 351.0
Trd, 000158.600, 343
Trd, 000158.767, 343
Trd, 000159.483, 352
Trd, 000160.433, 343
Trd, 000161.200, 342
Trd, 000162.067, 350
Trd, 000162.800, 351.0
Trd, 000164.100, 348.0
Trd, 000164.133, 347.0
Trd, 000164.650, 350
Trd, 000165.167, 349
Trd, 000165.533, 352
Trd, 000165.900, 355
Trd, 000166.450, 342
Trd, 000168.000, 349
Trd, 000168.933, 343.0
Trd, 000169.283, 342.0
Trd, 000169.400, 348
Trd, 000169.783, 341.0
Trd, 000170.100, 350.0
Trd, 000170.583, 351.0
Trd, 000171.783, 343
Trd, 000171.983, 342
Trd, 000172.367, 344
Trd, 000172.567, 347
Trd, 000173.583, 343
Trd, 000173.750, 351
Trd, 000173.783, 344
Trd, 000174.667, 350
Trd, 000176.217, 344
Trd, 000176.683, 343
Trd, 000177.100, 347
Trd, 000177.650, 349
Trd, 000178.033, 351.0
Trd, 000178.583, 343.0
Trd, 000179.183, 343
Trd, 000179.767, 343.0
Trd, 000180.000, 342.0
Trd, 000180.883, 341.0
Trd, 000181.133, 339
Trd, 000181.667, 324.0
Trd, 000182.167, 322
Trd, 000182.217, 319
Trd, 000182.733, 309
Trd, 000183.233, 286
Trd, 000183.783, 275
Trd, 000183.967, 306
Trd, 000184.917, 214
Trd, 000185.500, 199
Trd, 000185.767, 197
Trd, 000186.000, 192
Trd, 000186.183, 186
Trd, 000186.450, 201
Trd, 000187.033, 178
Trd, 000187.783, 189
Trd, 000188.000, 188
Trd, 000189.183, 187
Trd, 000189.400, 187
Trd, 000189.650, 170
Trd, 000190.617, 195
Trd, 000190.850, 170
Trd, 000191.500, 186
Trd, 000191.600, 167
Trd, 000191.933, 168
Trd, 000192.300, 177
Trd, 000192.700, 167
Trd, 000193.067, 181
Trd, 000193.533, 181
Trd, 000194.600, 171
Trd, 000195.267, 171
Trd, 000195.600, 178
Trd, 000197.850, 170
Trd, 000198.333, 172
Trd, 000198.383, 175
Trd, 000200.183, 171
Trd, 000200.300, 171
Trd, 000200.450, 170
Trd, 000200.700, 168
Trd, 000200.733, 170
Trd, 000201.300, 174
Trd, 000201.850, 173
Trd, 000202.417, 175
Trd, 000203.400, 166
Trd, 000203.467, 165
Trd, 000205.300, 173
Trd, 000205.550, 172
Trd, 000207.100, 171
Trd, 000207.350, 172
Trd, 000207.850, 171
Trd, 000208.000, 170
Trd, 000208.267, 170
Trd, 000208.333, 169
Trd, 000208.850, 175
Trd, 000209.617, 171
Trd, 000209.817, 175
Trd, 000211.733, 173
Trd, 000211.967, 172
Trd, 000213.117, 172
Trd, 000213.667, 170
Trd, 000214.267, 172
Trd, 000214.383, 173
Trd, 000214.550, 175
Trd, 000215.050, 174
Trd, 000215.950, 173
Trd, 000216.367, 169
Trd, 000216.900, 170
Trd, 000217.567, 176
Trd, 000218.267, 174
Trd, 000218.383, 173
Trd, 000218.433, 172
Trd, 000219.517, 173
Trd, 000219.533, 174
Trd, 000219.600, 177
Trd, 000220.583, 176
Trd, 000222.983, 172
Trd, 000223.917, 173
Trd, 000224.067, 173
Trd, 000224.750, 173
Trd, 000225.317, 172
Trd, 000225.750, 174
Trd, 000227.117, 172
Trd, 000227.283, 174
Trd, 000228.217, 173
Trd, 000229.150, 173
Trd, 000229.500, 175
Trd, 000230.150, 176
Trd, 000231.183, 175
Trd, 000231.250, 176
Trd, 000231.450, 174
Trd, 000231.517, 173
Trd, 000232.150, 177
Trd, 000233.033, 176
Trd, 000233.133, 174
Trd, 000234.000, 175
Trd, 000234.650, 175
Trd, 000235.383, 174
Trd, 000236.367, 174
Trd, 000236.917, 173
Trd, 000238.583, 174
Trd, 000239.650, 174
Trd, 000239.950, 174
Trd, 000240.150, 175
Trd, 000240.317, 177
Trd, 000241.017, 178
Trd, 000241.100, 177
Trd, 000241.617, 178
Trd, 000242.050, 177
Trd, 000242.383, 179
Trd, 000242.717, 179
Trd, 000243.167, 178
Trd, 000243.717, 177
Trd, 000243.733, 178
Trd, 000244.350, 179
Trd, 000244.583, 175
Trd, 000244.733, 177
Trd, 000244.800, 175
Trd, 000245.833, 178
Trd, 000246.650, 174
Trd, 000248.183, 175
Trd, 000249.983, 173
Trd, 000250.000, 174
Trd, 000250.267, 172
Trd, 000250.533, 173
Trd, 000250.683, 176
Trd, 000251.150, 174
Trd, 000251.483, 173
Trd, 000251.750, 173
Trd, 000252.467, 173
Trd, 000253.017, 174
Trd, 000253.067, 173
Trd, 000253.433, 175
Trd, 000253.600, 176
Trd, 000253.817, 177
Trd, 000254.683, 180
Trd, 000254.917, 177
Trd, 000255.333, 178
Trd, 000256.283, 179
Trd, 000257.183, 182
Trd, 000257.783, 183
Trd, 000257.933, 177
Trd, 000258.700, 180
Trd, 000259.133, 184
Trd, 000259.550, 176
Trd, 000260.483, 187
Trd, 000260.783, 181
Trd, 000260.950, 182
Trd, 000261.667, 181
Trd, 000261.967, 183
Trd, 000262.417, 181
Trd, 000262.767, 180
Trd, 000263.117, 182
Trd, 000263.483, 181
Trd, 000263.617, 182
Trd, 000265.083, 180
Trd, 000265.367, 182
Trd, 000265.950, 178
Trd, 000266.283, 178
Trd, 000266.650, 180
Trd, 000266.667, 177
Trd, 000266.833, 178
Trd, 000267.400, 178
Trd, 000267.500, 179
Trd, 000267.617, 180
Trd, 000267.667, 175
Trd, 000268.283, 177
Trd, 000268.850, 180
Trd, 000269.367, 181
Trd, 000270.400, 179
Trd, 000270.650, 180
Trd, 000270.783, 182
Trd, 000271.750, 178
Trd, 000271.817, 176
Trd, 000271.950, 181
Trd, 000273.533, 179
Trd, 000274.133, 179
Trd, 000274.350, 178
Trd, 000275.100, 178
Trd, 000275.400, 179
Trd, 000276.250, 177
Trd, 000276.450, 176
Trd, 000276.733, 178
Trd, 000277.200, 180
Trd, 000277.250, 179
Trd, 000277.867, 180
Trd, 000278.050, 178
Trd, 000278.100, 175
Trd, 000278.850, 169
Trd, 000279.633, 173
Trd, 000279.917, 173
Trd, 000280.167, 173
Trd, 000280.183, 174
Trd, 000280.383, 179
Trd, 000280.750, 169
Trd, 000281.300, 182
Trd, 000281.550, 183
Trd, 000281.767, 177
Trd, 000282.167, 176
Trd, 000282.550, 181
Trd, 000282.583, 183
Trd, 000282.967, 186
Trd, 000283.900, 190
Trd, 000284.417, 184
Trd, 000284.983, 184
Trd, 000285.017, 185
Trd, 000285.517, 184
Trd, 000285.550, 183
Trd, 000286.683, 183
Trd, 000286.800, 183
Trd, 000287.817, 181
Trd, 000288.050, 185
Trd, 000288.350, 186
Trd, 000288.417, 181
Trd, 000289.267, 186
Trd, 000289.417, 182
Trd, 000290.383, 185
Trd, 000290.717, 181
Trd, 000290.733, 177
Trd, 000291.383, 184
Trd, 000291.767, 179
Trd, 000292.033, 183
Trd, 000292.767, 184
Trd, 000293.117, 182
Trd, 000293.150, 181
Trd, 000293.433, 184
Trd, 000293.800, 180
Trd, 000294.017, 180
Trd, 000294.300, 184
Trd, 000295.267, 184
Trd, 000295.317, 180
Trd, 000296.833, 184
Trd, 000297.117, 185
Trd, 000297.233, 185
Trd, 000297.400, 180
Trd, 000298.333, 181
Trd, 000298.417, 183
Trd, 000298.433, 180
Trd, 000298.983, 182
Trd, 000299.367, 181
Trd, 000299.783, 181
