Trd, 000001.933, 127
Trd, 000001.950, 131
Trd, 000002.650, 124
Trd, 000002.783, 122
Trd, 000004.450, 139
Trd, 000005.333, 136
Trd, 000005.383, 151
Trd, 000005.867, 156
Trd, 000005.900, 158
Trd, 000005.917, 163
Trd, 000006.183, 162
Trd, 000006.683, 163
Trd, 000006.783, 165
Trd, 000008.000, 150
Trd, 000008.900, 140
Trd, 000009.283, 156
Trd, 000010.383, 148
Trd, 000010.500, 154
Trd, 000011.000, 148
Trd, 000011.200, 159
Trd, 000011.767, 156
Trd, 000013.167, 157
Trd, 000013.433, 151
Trd, 000013.517, 158
Trd, 000013.717, 166
Trd, 000014.600, 153
Trd, 000015.400, 156
Trd, 000017.267, 157
Trd, 000017.383, 156
Trd, 000017.550, 147
Trd, 000017.833, 146
Trd, 000017.967, 136
Trd, 000018.650, 147
Trd, 000019.150, 150
Trd, 000020.017, 151
Trd, 000020.700, 151
Trd, 000021.533, 151
Trd, 000021.750, 150
Trd, 000021.817, 160
Trd, 000023.200, 137
Trd, 000023.550, 152
Trd, 000024.017, 146
Trd, 000024.933, 163
Trd, 000025.333, 161
Trd, 000026.833, 159
Trd, 000027.983, 161
Trd, 000028.233, 162
Trd, 000028.750, 161
Trd, 000029.217, 162
Trd, 000029.583, 163
Trd, 000030.183, 162
Trd, 000030.817, 163
Trd, 000030.933, 165
Trd, 000031.033, 161
Trd, 000032.050, 166
Trd, 000032.500, 168
Trd, 000034.183, 163
Trd, 000034.217, 165
Trd, 000034.283, 165
Trd, 000034.317, 162
Trd, 000034.967, 166
Trd, 000035.300, 166
Trd, 000035.717, 158
Trd, 000036.033, 160
Trd, 000036.667, 165
Trd, 000037.050, 168
Trd, 000037.233, 154
Trd, 000037.283, 159
Trd, 000037.350, 162
Trd, 000037.933, 153
Trd, 000039.867, 155
Trd, 000040.833, 159
Trd, 000041.767, 156
Trd, 000041.833, 161
Trd, 000042.533, 155
Trd, 000042.583, 161
Trd, 000043.183, 161
Trd, 000044.550, 159
Trd, 000044.817, 161
Trd, 000046.167, 160
Trd, 000047.033, 161
Trd, 000047.583, 160
Trd, 000047.800, 162
Trd, 000048.050, 163
Trd, 000048.150, 156
Trd, 000048.617, 164
Trd, 000048.867, 165
Trd, 000048.900, 156
Trd, 000051.350, 155
Trd, 000052.417, 162
Trd, 000052.800, 160
Trd, 000053.650, 157
Trd, 000053.750, 154
Trd, 000053.883, 159
Trd, 000055.800, 163
Trd, 000056.333, 161
Trd, 000056.350, 160
Trd, 000056.617, 167
Trd, 000057.350, 160
Trd, 000057.550, 161
Trd, 000058.400, 162
Trd, 000059.250, 164
Trd, 000060.383, 162
Trd, 000061.717, 163
Trd, 000061.950, 161
Trd, 000062.183, 163
Trd, 000062.350, 164
Trd, 000063.617, 163
Trd, 000063.967, 162
Trd, 000064.067, 165
Trd, 000064.833, 163
Trd, 000065.583, 160
Trd, 000065.917, 162
Trd, 000066.167, 164
Trd, 000066.417, 165
Trd, 000069.017, 163
Trd, 000069.533, 164
Trd, 000069.750, 164
Trd, 000070.383, 165
Trd, 000070.467, 166
Trd, 000070.667, 162
Trd, 000070.850, 171
Trd, 000071.033, 163
Trd, 000071.983, 160
Trd, 000072.183, 165
Trd, 000074.300, 167
Trd, 000074.883, 164
Trd, 000075.100, 162
Trd, 000075.817, 160
Trd, 000076.050, 163
Trd, 000076.483, 164
Trd, 000076.983, 163
Trd, 000078.267, 164
Trd, 000078.383, 165
Trd, 000079.017, 163
Trd, 000079.050, 162
Trd, 000080.583, 164
Trd, 000081.750, 163
Trd, 000082.633, 162
Trd, 000082.783, 164
Trd, 000083.017, 165
Trd, 000083.600, 164
Trd, 000083.633, 163
Trd, 000085.400, 161
Trd, 000085.417, 159
Trd, 000086.250, 163
Trd, 000087.850, 159
Trd, 000087.900, 164
Trd, 000088.133, 165
Trd, 000088.433, 163
Trd, 000088.600, 165
Trd, 000089.983, 168
Trd, 000090.567, 167
Trd, 000090.667, 166
Trd, 000091.883, 167
Trd, 000091.983, 166
Trd, 000092.100, 164
Trd, 000093.083, 167
Trd, 000093.733, 167
Trd, 000093.867, 165
Trd, 000094.583, 171
Trd, 000095.800, 167
Trd, 000096.433, 164
Trd, 000096.733, 161
Trd, 000098.667, 162
Trd, 000099.183, 162
Trd, 000099.317, 162
Trd, 000099.533, 164
Trd, 000100.383, 163
Trd, 000100.500, 163
Trd, 000101.467, 161
Trd, 000102.083, 163
Trd, 000102.617, 161
Trd, 000103.250, 163
Trd, 000103.850, 160
Trd, 000104.017, 161
Trd, 000104.433, 162
Trd, 000105.650, 168
Trd, 000108.317, 168
Trd, 000108.550, 168
Trd, 000108.900, 169
Trd, 000108.933, 167
Trd, 000108.983, 173
Trd, 000109.317, 167
Trd, 000109.967, 169
Trd, 000109.983, 161
Trd, 000110.417, 171
Trd, 000111.933, 169
Trd, 000112.600, 170
Trd, 000112.817, 170
Trd, 000112.833, 169
Trd, 000112.850, 171
Trd, 000113.850, 172
Trd, 000114.383, 172
Trd, 000115.867, 173
Trd, 000116.117, 173
Trd, 000116.733, 170
Trd, 000117.283, 170
Trd, 000118.317, 168
Trd, 000119.133, 169
Trd, 000120.417, 170
Trd, 000120.517, 167
Trd, 000120.617, 167
Trd, 000120.867, 171
Trd, 000121.217, 173
Trd, 000121.650, 174
Trd, 000122.117, 169
Trd, 000122.167, 177
Trd, 000122.383, 184
Trd, 000122.500, 194
Trd, 000122.800, 198
Trd, 000123.150, 242
Trd, 000123.617, 185
Trd, 000123.917, 303.0
Trd, 000124.500, 313.0
Trd, 000125.733, 331.0
Trd, 000126.550, 335
Trd, 000126.983, 320
Trd, 000127.950, 355
Trd, 000130.567, 346
Trd, 000130.583, 355
Trd, 000131.283, 347
Trd, 000131.467, 346
Trd, 000131.983, 346
Trd, 000132.267, 345
Trd, 000133.100, 346
Trd, 000133.150, 345.0
Trd, 000133.600, 347
Trd, 000134.583, 348
Trd, 000135.200, 341
Trd, 000135.950, 358.0
Trd, 000136.100, 342
Trd, 000137.700, 348
Trd, 000138.367, 345
Trd, 000139.500, 345
Trd, 000139.533, 344.0
Trd, 000139.583, 346
Trd, 000140.200, 342
Trd, 000140.550, 347
Trd, 000141.017, 342
Trd, 000143.100, 343
Trd, 000143.133, 341
Trd, 000143.267, 342
Trd, 000143.733, 345
Trd, 000143.800, 348
Trd, 000144.717, 340
Trd, 000145.233, 349
Trd, 000145.450, 358.0
Trd, 000145.650, 361.0
Trd, 000146.767, 354
Trd, 000147.200, 344
Trd, 000147.317, 341
Trd, 000149.133, 347
Trd, 000149.183, 348
Trd, 000149.900, 351
Trd, 000150.933, 353
Trd, 000151.167, 346
Trd, 000153.050, 348
Trd, 000153.183, 353
Trd, 000153.600, 348
Trd, 000153.783, 355
Trd, 000154.617, 347
Trd, 000155.133, 353
Trd, 000156.400, 353
Trd, 000156.417, 347
Trd, 000156.600, 348
Trd, 000157.083, 362.0
Trd, 000158.267, 353
Trd, 000159.550, 352
Trd, 000159.950, 350
Trd, 000161.183, 352
Trd, 000161.267, 351
Trd, 000161.817, 352
Trd, 000161.833, 354
Trd, 000162.767, 356
Trd, 000163.317, 356
Trd, 000163.400, 355.0
Trd, 000164.050, 356
Trd, 000164.333, 358.0
Trd, 000165.217, 356
Trd, 000165.517, 361
Trd, 000165.967, 356
Trd, 000166.533, 355
Trd, 000166.617, 359
Trd, 000167.250, 359
Trd, 000167.533, 361
Trd, 000167.567, 361
Trd, 000168.883, 358.0
Trd, 000168.917, 355.0
Trd, 000168.950, 353
Trd, 000169.567, 354
Trd, 000170.867, 353
Trd, 000171.383, 354
Trd, 000171.900, 354
Trd, 000172.667, 349
Trd, 000172.750, 338
Trd, 000174.850, 349
Trd, 000174.883, 350
Trd, 000175.233, 348
Trd, 000175.433, 350
Trd, 000176.450, 356
Trd, 000177.550, 352
Trd, 000178.733, 356.0
Trd, 000179.283, 355.0
Trd, 000180.017, 356
Trd, 000180.450, 355
Trd, 000180.900, 352
Trd, 000180.933, 365.0
Trd, 000181.183, 370.0
Trd, 000181.750, 365
Trd, 000182.183, 355
Trd, 000182.283, 349
Trd, 000182.617, 345.0
Trd, 000182.700, 344.0
Trd, 000182.800, 333
Trd, 000182.833, 320.0
Trd, 000183.600, 324
Trd, 000184.167, 269
Trd, 000184.183, 253
Trd, 000184.500, 218
Trd, 000184.983, 214
Trd, 000185.367, 202
Trd, 000186.050, 202
Trd, 000186.983, 197
Trd, 000187.467, 190
Trd, 000187.883, 197
Trd, 000188.567, 191
Trd, 000189.467, 186
Trd, 000190.133, 184
Trd, 000191.267, 183
Trd, 000191.600, 183
Trd, 000191.917, 183
Trd, 000192.617, 184
Trd, 000192.850, 182
Trd, 000193.800, 186
Trd, 000193.917, 175
Trd, 000195.917, 175
Trd, 000196.683, 177
Trd, 000196.833, 178
Trd, 000197.383, 176
Trd, 000198.000, 175
Trd, 000199.650, 176
Trd, 000199.983, 176
Trd, 000200.283, 177
Trd, 000200.450, 178
Trd, 000200.500, 176
Trd, 000200.800, 178
Trd, 000201.450, 179
Trd, 000201.933, 177
Trd, 000203.633, 178
Trd, 000203.783, 178
Trd, 000204.117, 184
Trd, 000205.017, 180
Trd, 000205.583, 179
Trd, 000205.617, 178
Trd, 000205.967, 179
Trd, 000206.250, 177
Trd, 000207.200, 179
Trd, 000208.617, 179
Trd, 000208.633, 179
Trd, 000209.150, 180
Trd, 000210.583, 185
Trd, 000211.000, 181
Trd, 000211.533, 180
Trd, 000211.900, 183
Trd, 000212.250, 178
Trd, 000214.067, 178
Trd, 000214.867, 177
Trd, 000214.983, 176
Trd, 000215.383, 179
Trd, 000216.133, 178
Trd, 000216.300, 179
Trd, 000217.150, 179
Trd, 000217.900, 179
Trd, 000218.083, 179
Trd, 000218.983, 183
Trd, 000220.017, 182
Trd, 000220.600, 181
Trd, 000221.617, 179
Trd, 000221.667, 180
Trd, 000222.517, 177
Trd, 000224.167, 178
Trd, 000224.517, 179
Trd, 000224.767, 180
Trd, 000224.967, 174
Trd, 000225.633, 172
Trd, 000225.817, 172
Trd, 000226.000, 179
Trd, 000227.533, 180
Trd, 000227.900, 181
Trd, 000228.467, 178
Trd, 000229.000, 178
Trd, 000229.400, 182
Trd, 000230.817, 176
Trd, 000230.850, 181
Trd, 000231.517, 182
Trd, 000231.933, 177
Trd, 000232.517, 177
Trd, 000233.150, 179
Trd, 000233.583, 178
Trd, 000233.717, 180
Trd, 000234.717, 181
Trd, 000234.867, 180
Trd, 000235.417, 181
Trd, 000235.833, 181
Trd, 000236.500, 185
Trd, 000237.217, 189
Trd, 000237.267, 179
Trd, 000237.617, 180
Trd, 000237.817, 178
Trd, 000238.617, 189
Trd, 000238.650, 190
Trd, 000240.467, 182
Trd, 000240.617, 179
Trd, 000241.133, 179
Trd, 000241.883, 178
Trd, 000242.000, 174
Trd, 000242.450, 176
Trd, 000242.733, 186
Trd, 000243.733, 181
Trd, 000244.067, 181
Trd, 000244.083, 180
Trd, 000244.483, 182
Trd, 000245.900, 180
Trd, 000246.317, 177
Trd, 000246.583, 177
Trd, 000246.867, 177
Trd, 000247.417, 177
Trd, 000247.667, 177
Trd, 000247.767, 179
Trd, 000249.083, 180
Trd, 000249.433, 178
Trd, 000249.683, 175
Trd, 000249.833, 181
Trd, 000250.083, 165
Trd, 000250.283, 181
Trd, 000251.567, 170
Trd, 000251.583, 171
Trd, 000251.817, 168
Trd, 000251.950, 172
Trd, 000253.500, 170
Trd, 000253.617, 168
Trd, 000253.767, 171
Trd, 000254.350, 173
Trd, 000255.117, 172
Trd, 000255.183, 173
Trd, 000255.600, 171
Trd, 000255.800, 174
Trd, 000256.083, 183
Trd, 000256.533, 169
Trd, 000257.133, 187
Trd, 000257.850, 181
Trd, 000257.867, 182
Trd, 000258.283, 171
Trd, 000258.783, 171
Trd, 000259.500, 180
Trd, 000259.867, 180
Trd, 000259.917, 184
Trd, 000260.300, 182
Trd, 000260.400, 181
Trd, 000261.117, 183
Trd, 000262.867, 181
Trd, 000263.000, 180
Trd, 000263.350, 179
Trd, 000263.467, 178
Trd, 000263.967, 181
Trd, 000264.367, 181
Trd, 000265.067, 174
Trd, 000265.333, 177
Trd, 000265.717, 181
Trd, 000265.783, 188
Trd, 000265.850, 176
Trd, 000266.367, 178
Trd, 000266.900, 182
Trd, 000267.800, 177
Trd, 000267.883, 179
Trd, 000268.083, 176
Trd, 000268.350, 192
Trd, 000268.383, 202
Trd, 000268.800, 192
Trd, 000269.317, 189
Trd, 000269.400, 188
Trd, 000271.350, 184
Trd, 000271.817, 182
Trd, 000272.400, 178
Trd, 000273.367, 178
Trd, 000273.467, 180
Trd, 000273.683, 180
Trd, 000274.217, 177
Trd, 000274.367, 178
Trd, 000274.933, 178
Trd, 000275.450, 176
Trd, 000276.233, 177
Trd, 000276.333, 176
Trd, 000277.233, 180
Trd, 000277.250, 185
Trd, 000278.267, 178
Trd, 000278.300, 177
Trd, 000278.933, 171
Trd, 000279.267, 178
Trd, 000279.500, 174
Trd, 000279.617, 178
Trd, 000279.833, 176
Trd, 000280.117, 171
Trd, 000280.583, 177
Trd, 000280.617, 186
Trd, 000280.750, 190
Trd, 000281.650, 183
Trd, 000281.750, 181
Trd, 000283.000, 182
Trd, 000283.267, 183
Trd, 000283.383, 176
Trd, 000283.833, 176
Trd, 000284.050, 181
Trd, 000285.517, 180
Trd, 000286.150, 179
Trd, 000286.400, 179
Trd, 000286.800, 177
Trd, 000287.300, 179
Trd, 000287.550, 183
Trd, 000287.717, 186
Trd, 000288.067, 178
Trd, 000288.500, 191
Trd, 000288.950, 179
Trd, 000289.850, 180
Trd, 000290.383, 182
Trd, 000291.200, 183
Trd, 000291.350, 182
Trd, 000291.683, 184
Trd, 000291.900, 181
Trd, 000291.933, 184
Trd, 000292.633, 182
Trd, 000292.867, 183
Trd, 000293.133, 173
Trd, 000293.617, 183
Trd, 000294.700, 185
Trd, 000295.900, 184
Trd, 000295.917, 181
Trd, 000296.033, 186
Trd, 000296.333, 183
Trd, 000296.517, 186
Trd, 000296.567, 180
Trd, 000296.967, 191
Trd, 000297.333, 185
Trd, 000298.183, 188
Trd, 000298.233, 181
Trd, 000298.983, 182
Trd, 000299.283, 188
Trd, 000299.300, 189
