Trd, 000002.800, 163
Trd, 000003.817, 134
Trd, 000004.300, 134
Trd, 000004.933, 135
Trd, 000005.400, 137
Trd, 000005.567, 137
Trd, 000005.800, 141
Trd, 000006.183, 151
Trd, 000007.167, 163
Trd, 000007.317, 163
Trd, 000007.383, 155
Trd, 000008.133, 137
Trd, 000009.500, 151
Trd, 000010.433, 158
Trd, 000011.550, 158
Trd, 000011.833, 158
Trd, 000012.817, 157
Trd, 000014.033, 158
Trd, 000014.050, 157
Trd, 000014.083, 164
Trd, 000015.083, 158
Trd, 000015.450, 158
Trd, 000016.300, 159
Trd, 000017.033, 159
Trd, 000017.183, 160
Trd, 000018.917, 160
Trd, 000019.200, 162
Trd, 000019.700, 162
Trd, 000021.883, 162
Trd, 000021.967, 161
Trd, 000022.317, 159
Trd, 000022.900, 158
Trd, 000023.383, 159
Trd, 000024.183, 155
Trd, 000024.550, 158
Trd, 000024.983, 157
Trd, 000025.450, 157
Trd, 000026.583, 140
Trd, 000027.417, 151
Trd, 000028.800, 152
Trd, 000028.950, 152
Trd, 000029.050, 158
Trd, 000030.000, 164
Trd, 000030.217, 162
Trd, 000030.333, 165
Trd, 000031.333, 162
Trd, 000031.383, 160
Trd, 000031.633, 142
Trd, 000033.033, 163
Trd, 000033.400, 164
Trd, 000033.483, 164
Trd, 000034.250, 156
Trd, 000035.917, 157
Trd, 000036.733, 156
Trd, 000036.800, 157
Trd, 000037.217, 160
Trd, 000038.450, 153
Trd, 000038.683, 153
Trd, 000038.967, 152
Trd, 000039.883, 152
Trd, 000040.917, 155
Trd, 000041.717, 155
Trd, 000043.167, 153
Trd, 000043.867, 153
Trd, 000044.433, 152
Trd, 000044.500, 153
Trd, 000045.067, 153
Trd, 000045.483, 153
Trd, 000045.500, 154
Trd, 000046.733, 155
Trd, 000047.283, 153
Trd, 000048.300, 153
Trd, 000049.067, 152
Trd, 000049.333, 156
Trd, 000050.000, 155
Trd, 000050.817, 154
Trd, 000051.100, 154
Trd, 000052.583, 166
Trd, 000054.333, 156
Trd, 000054.483, 158
Trd, 000055.483, 157
Trd, 000055.817, 156
Trd, 000056.800, 158
Trd, 000056.917, 154
Trd, 000057.717, 155
Trd, 000057.850, 156
Trd, 000058.417, 156
Trd, 000058.500, 154
Trd, 000058.750, 154
Trd, 000059.117, 153
Trd, 000060.117, 158
Trd, 000060.667, 155
Trd, 000061.133, 155
Trd, 000063.033, 154
Trd, 000064.383, 155
Trd, 000064.600, 156
Trd, 000064.933, 157
Trd, 000065.283, 157
Trd, 000065.683, 156
Trd, 000066.333, 157
Trd, 000067.567, 157
Trd, 000067.983, 162
Trd, 000068.150, 171
Trd, 000069.467, 156
Trd, 000070.917, 161
Trd, 000071.017, 157
Trd, 000071.600, 161
Trd, 000071.967, 162
Trd, 000072.750, 158
Trd, 000072.817, 157
Trd, 000072.933, 155
Trd, 000073.300, 153
Trd, 000073.800, 161
Trd, 000074.117, 162
Trd, 000076.333, 156
Trd, 000076.350, 155
Trd, 000077.000, 157
Trd, 000077.683, 155
Trd, 000078.500, 155
Trd, 000079.000, 155
Trd, 000080.300, 156
Trd, 000080.717, 159
Trd, 000082.400, 162
Trd, 000082.850, 159
Trd, 000083.133, 158
Trd, 000083.150, 158
Trd, 000083.983, 163
Trd, 000085.633, 158
Trd, 000085.683, 157
Trd, 000086.567, 157
Trd, 000086.950, 156
Trd, 000088.150, 155
Trd, 000088.183, 147
Trd, 000088.900, 160
Trd, 000090.267, 154
Trd, 000090.617, 155
Trd, 000090.883, 152
Trd, 000091.900, 155
Trd, 000092.050, 155
Trd, 000093.800, 159
Trd, 000094.883, 158
Trd, 000095.633, 159
Trd, 000096.000, 158
Trd, 000096.167, 160
Trd, 000096.183, 157
Trd, 000096.583, 156
Trd, 000098.017, 157
Trd, 000098.483, 158
Trd, 000098.900, 161
Trd, 000100.000, 154
Trd, 000100.767, 162
Trd, 000101.983, 161
Trd, 000103.067, 162
Trd, 000103.200, 160
Trd, 000104.250, 161
Trd, 000104.667, 162
Trd, 000105.733, 162
Trd, 000106.483, 160
Trd, 000107.517, 163
Trd, 000107.600, 163
Trd, 000109.033, 165
Trd, 000109.567, 171
Trd, 000110.317, 170
Trd, 000110.800, 167
Trd, 000111.500, 168
Trd, 000111.750, 169
Trd, 000112.483, 167
Trd, 000112.983, 167
Trd, 000114.800, 171
Trd, 000115.217, 169
Trd, 000115.383, 167
Trd, 000116.683, 168
Trd, 000116.983, 166
Trd, 000117.767, 165
Trd, 000118.000, 166
Trd, 000118.650, 167
Trd, 000118.733, 166
Trd, 000119.350, 168
Trd, 000119.950, 169
Trd, 000120.383, 164
Trd, 000120.750, 166
Trd, 000120.950, 168
Trd, 000121.017, 169
Trd, 000122.533, 174
Trd, 000122.550, 177
Trd, 000122.700, 180
Trd, 000123.667, 187
Trd, 000123.750, 210
Trd, 000124.283, 300.0
Trd, 000126.050, 337.0
Trd, 000126.433, 346
Trd, 000127.133, 339
Trd, 000127.200, 347
Trd, 000127.517, 351.0
Trd, 000128.067, 339
Trd, 000128.600, 338.0
Trd, 000129.450, 348.0
Trd, 000130.167, 350
Trd, 000131.600, 356
Trd, 000132.583, 356
Trd, 000134.950, 353
Trd, 000135.717, 353
Trd, 000135.800, 362
Trd, 000136.800, 353
Trd, 000137.450, 354
Trd, 000138.867, 357
Trd, 000139.017, 357
Trd, 000140.117, 358
Trd, 000140.183, 358
Trd, 000140.233, 358
Trd, 000140.283, 360
Trd, 000140.700, 357
Trd, 000140.767, 353
Trd, 000141.683, 351
Trd, 000142.617, 337.0
Trd, 000143.633, 344
Trd, 000143.667, 348
Trd, 000144.117, 342
Trd, 000145.883, 345
Trd, 000147.300, 348
Trd, 000147.617, 339.0
Trd, 000149.233, 343
Trd, 000149.950, 345
Trd, 000150.967, 346.0
Trd, 000151.050, 346
Trd, 000151.633, 346
Trd, 000151.717, 345
Trd, 000152.000, 342
Trd, 000152.467, 348.0
Trd, 000152.900, 349
Trd, 000152.917, 348
Trd, 000154.150, 352
Trd, 000155.233, 353
Trd, 000156.700, 355
Trd, 000157.250, 354
Trd, 000157.367, 357
Trd, 000157.650, 351
Trd, 000158.333, 358
Trd, 000159.350, 355
Trd, 000159.667, 355
Trd, 000160.067, 355
Trd, 000160.500, 357
Trd, 000162.683, 350
Trd, 000163.467, 351
Trd, 000163.517, 350.0
Trd, 000163.567, 348.0
Trd, 000164.600, 338
Trd, 000165.300, 345
Trd, 000166.000, 341
Trd, 000167.667, 342
Trd, 000168.117, 341
Trd, 000169.533, 342
Trd, 000169.767, 342.0
Trd, 000170.217, 343
Trd, 000170.233, 348
Trd, 000170.817, 344.0
Trd, 000170.983, 349.0
Trd, 000171.133, 342.0
Trd, 000173.100, 346
Trd, 000173.617, 347
Trd, 000174.517, 344
Trd, 000174.633, 341
Trd, 000176.767, 348.0
Trd, 000176.850, 347
Trd, 000177.017, 353
Trd, 000177.433, 355
Trd, 000177.533, 359
Trd, 000177.717, 349
Trd, 000179.033, 355
Trd, 000179.200, 355
Trd, 000179.283, 349
Trd, 000180.783, 353
Trd, 000181.183, 354
Trd, 000181.617, 351
Trd, 000181.750, 348.0
Trd, 000181.817, 356
Trd, 000182.017, 337.0
Trd, 000182.283, 327.0
Trd, 000182.333, 323
Trd, 000182.717, 324
Trd, 000183.050, 316
Trd, 000183.383, 343
Trd, 000183.450, 341
Trd, 000183.683, 310.0
Trd, 000183.733, 300.0
Trd, 000183.783, 277
Trd, 000183.800, 199
Trd, 000186.583, 210
Trd, 000187.867, 182
Trd, 000188.783, 190
Trd, 000189.100, 190
Trd, 000189.633, 183
Trd, 000189.900, 182
Trd, 000191.367, 183
Trd, 000191.450, 183
Trd, 000191.750, 184
Trd, 000191.767, 182
Trd, 000194.800, 183
Trd, 000195.533, 182
Trd, 000195.733, 182
Trd, 000195.933, 182
Trd, 000196.383, 181
Trd, 000197.900, 179
Trd, 000198.333, 179
Trd, 000198.717, 184
Trd, 000199.883, 179
Trd, 000200.367, 179
Trd, 000201.200, 178
Trd, 000202.050, 177
Trd, 000202.883, 177
Trd, 000202.983, 177
Trd, 000203.500, 174
Trd, 000203.533, 174
Trd, 000203.617, 175
Trd, 000204.950, 174
Trd, 000206.650, 174
Trd, 000207.083, 175
Trd, 000207.300, 175
Trd, 000207.900, 174
Trd, 000208.817, 174
Trd, 000209.083, 174
Trd, 000209.400, 175
Trd, 000209.900, 176
Trd, 000210.500, 172
Trd, 000211.083, 169
Trd, 000212.100, 175
Trd, 000212.917, 176
Trd, 000213.417, 176
Trd, 000215.467, 176
Trd, 000216.467, 181
Trd, 000216.533, 179
Trd, 000216.750, 178
Trd, 000217.000, 179
Trd, 000217.400, 183
Trd, 000217.733, 179
Trd, 000218.767, 180
Trd, 000219.117, 179
Trd, 000219.217, 180
Trd, 000220.333, 178
Trd, 000221.900, 177
Trd, 000223.667, 181
Trd, 000224.750, 181
Trd, 000225.350, 181
Trd, 000225.633, 182
Trd, 000226.317, 183
Trd, 000226.650, 176
Trd, 000226.850, 159
Trd, 000227.983, 177
Trd, 000228.450, 182
Trd, 000229.083, 182
Trd, 000229.933, 182
Trd, 000230.217, 183
Trd, 000230.783, 181
Trd, 000231.983, 180
Trd, 000232.783, 181
Trd, 000233.850, 180
Trd, 000234.733, 178
Trd, 000235.483, 179
Trd, 000235.883, 178
Trd, 000236.017, 175
Trd, 000237.150, 178
Trd, 000237.717, 179
Trd, 000238.617, 181
Trd, 000238.717, 178
Trd, 000238.867, 174
Trd, 000240.117, 175
Trd, 000240.417, 173
Trd, 000240.483, 174
Trd, 000240.500, 177
Trd, 000240.950, 179
Trd, 000241.633, 181
Trd, 000241.717, 182
Trd, 000242.750, 184
Trd, 000242.867, 181
Trd, 000243.183, 186
Trd, 000243.567, 188
Trd, 000244.900, 187
Trd, 000245.433, 190
Trd, 000245.500, 183
Trd, 000246.300, 182
Trd, 000246.367, 182
Trd, 000247.250, 182
Trd, 000247.633, 181
Trd, 000247.800, 180
Trd, 000247.933, 181
Trd, 000248.750, 179
Trd, 000248.933, 180
Trd, 000249.183, 183
Trd, 000249.250, 183
Trd, 000249.950, 184
Trd, 000250.033, 178
Trd, 000250.950, 180
Trd, 000251.950, 180
Trd, 000252.167, 182
Trd, 000252.467, 182
Trd, 000252.683, 182
Trd, 000253.350, 182
Trd, 000253.883, 181
Trd, 000254.433, 182
Trd, 000255.083, 180
Trd, 000255.183, 179
Trd, 000255.383, 176
Trd, 000256.167, 181
Trd, 000256.350, 178
Trd, 000256.533, 179
Trd, 000256.800, 174
Trd, 000257.750, 181
Trd, 000257.967, 183
Trd, 000258.183, 184
Trd, 000259.333, 181
Trd, 000259.533, 180
Trd, 000259.883, 181
Trd, 000260.467, 182
Trd, 000260.867, 183
Trd, 000261.550, 183
Trd, 000262.033, 182
Trd, 000262.067, 184
Trd, 000262.883, 180
Trd, 000263.433, 180
Trd, 000264.400, 179
Trd, 000264.417, 182
Trd, 000264.967, 184
Trd, 000265.733, 186
Trd, 000265.900, 185
Trd, 000266.033, 187
Trd, 000266.367, 185
Trd, 000266.450, 184
Trd, 000266.967, 183
Trd, 000267.200, 186
Trd, 000269.117, 185
Trd, 000269.283, 182
Trd, 000269.617, 181
Trd, 000269.967, 182
Trd, 000270.183, 179
Trd, 000270.500, 180
Trd, 000271.317, 181
Trd, 000271.517, 179
Trd, 000271.550, 185
Trd, 000272.633, 179
Trd, 000272.800, 182
Trd, 000273.200, 185
Trd, 000273.383, 188
Trd, 000273.783, 185
Trd, 000274.417, 185
Trd, 000275.133, 185
Trd, 000276.000, 188
Trd, 000276.100, 186
Trd, 000276.167, 186
Trd, 000276.583, 185
Trd, 000276.967, 185
Trd, 000277.283, 184
Trd, 000278.600, 187
Trd, 000278.867, 186
Trd, 000278.967, 187
Trd, 000279.483, 186
Trd, 000279.683, 187
Trd, 000280.817, 187
Trd, 000281.033, 187
Trd, 000281.500, 187
Trd, 000281.683, 188
Trd, 000281.967, 181
Trd, 000283.133, 185
Trd, 000283.233, 186
Trd, 000283.650, 186
Trd, 000283.800, 181
Trd, 000284.417, 180
Trd, 000285.100, 190
Trd, 000286.667, 184
Trd, 000286.767, 185
Trd, 000286.800, 182
Trd, 000286.883, 181
Trd, 000287.800, 183
Trd, 000288.450, 177
Trd, 000288.667, 173
Trd, 000288.783, 177
Trd, 000289.183, 177
Trd, 000289.383, 182
Trd, 000289.433, 181
Trd, 000290.417, 184
Trd, 000290.833, 185
Trd, 000291.083, 187
Trd, 000291.667, 185
Trd, 000291.867, 179
Trd, 000291.983, 184
Trd, 000292.583, 172
Trd, 000292.750, 167
Trd, 000293.033, 191
Trd, 000293.433, 188
Trd, 000293.983, 166
Trd, 000294.767, 180
Trd, 000295.500, 178
Trd, 000295.683, 177
Trd, 000295.700, 179
Trd, 000296.483, 183
Trd, 000296.867, 184
Trd, 000297.600, 184
Trd, 000297.817, 180
Trd, 000297.867, 177
Trd, 000297.950, 187
Trd, 000298.167, 186
Trd, 000298.200, 179
Trd, 000298.783, 177
Trd, 000299.150, 181
Trd, 000299.200, 185
Trd, 000299.283, 186
