Trd, 000001.317, 134
Trd, 000002.750, 121
Trd, 000003.250, 136
Trd, 000003.400, 137
Trd, 000003.750, 135
Trd, 000004.917, 135
Trd, 000005.117, 144
Trd, 000005.183, 151
Trd, 000005.917, 135
Trd, 000006.300, 139
Trd, 000007.367, 135
Trd, 000008.983, 144
Trd, 000009.017, 136
Trd, 000009.083, 145
Trd, 000009.450, 147
Trd, 000009.717, 135
Trd, 000010.800, 144
Trd, 000011.533, 145
Trd, 000012.283, 147
Trd, 000012.917, 151
Trd, 000013.733, 150
Trd, 000014.267, 145
Trd, 000014.483, 145
Trd, 000014.700, 144
Trd, 000015.200, 151
Trd, 000015.550, 148
Trd, 000018.783, 150
Trd, 000019.033, 150
Trd, 000019.233, 147
Trd, 000019.333, 152
Trd, 000019.583, 145
Trd, 000019.917, 138
Trd, 000021.717, 143
Trd, 000022.233, 143
Trd, 000022.550, 152
Trd, 000023.233, 138
Trd, 000023.333, 153
Trd, 000023.817, 136
Trd, 000024.017, 147
Trd, 000024.550, 150
Trd, 000025.583, 140
Trd, 000026.683, 145
Trd, 000027.250, 145
Trd, 000029.117, 146
Trd, 000029.200, 147
Trd, 000029.350, 145
Trd, 000030.200, 146
Trd, 000030.300, 147
Trd, 000030.500, 151
Trd, 000031.100, 149
Trd, 000031.333, 147
Trd, 000032.333, 150
Trd, 000034.183, 150
Trd, 000034.583, 150
Trd, 000034.750, 152
Trd, 000034.817, 148
Trd, 000035.750, 146
Trd, 000035.933, 158
Trd, 000036.133, 161
Trd, 000036.200, 171
Trd, 000037.533, 155
Trd, 000037.800, 146
Trd, 000038.967, 149
Trd, 000039.383, 147
Trd, 000039.867, 148
Trd, 000040.350, 149
Trd, 000042.167, 150
Trd, 000043.117, 146
Trd, 000043.350, 145
Trd, 000043.933, 147
Trd, 000044.017, 154
Trd, 000044.567, 144
Trd, 000044.833, 143
Trd, 000045.150, 149
Trd, 000045.883, 146
Trd, 000048.083, 151
Trd, 000048.417, 151
Trd, 000048.467, 149
Trd, 000048.550, 156
Trd, 000048.683, 148
Trd, 000049.450, 159
Trd, 000050.100, 148
Trd, 000050.367, 147
Trd, 000050.483, 147
Trd, 000051.050, 153
Trd, 000051.500, 142
Trd, 000052.667, 142
Trd, 000054.500, 147
Trd, 000054.983, 147
Trd, 000055.467, 148
Trd, 000055.917, 146
Trd, 000056.200, 157
Trd, 000057.217, 156
Trd, 000057.450, 153
Trd, 000057.717, 157
Trd, 000058.367, 149
Trd, 000059.250, 154
Trd, 000059.950, 144
Trd, 000061.267, 158
Trd, 000061.383, 149
Trd, 000061.733, 150
Trd, 000062.050, 148
Trd, 000062.200, 148
Trd, 000064.100, 155
Trd, 000065.950, 154
Trd, 000066.717, 150
Trd, 000066.833, 149
Trd, 000067.150, 150
Trd, 000067.683, 149
Trd, 000068.567, 149
Trd, 000070.000, 148
Trd, 000070.267, 151
Trd, 000070.767, 150
Trd, 000072.200, 149
Trd, 000072.433, 150
Trd, 000072.483, 147
Trd, 000074.300, 152
Trd, 000074.383, 160
Trd, 000075.083, 153
Trd, 000075.300, 151
Trd, 000076.600, 154
Trd, 000077.017, 153
Trd, 000077.517, 153
Trd, 000078.600, 156
Trd, 000079.017, 155
Trd, 000079.533, 156
Trd, 000080.000, 155
Trd, 000080.867, 158
Trd, 000080.900, 159
Trd, 000081.050, 155
Trd, 000081.400, 166
Trd, 000081.450, 154
Trd, 000081.967, 151
Trd, 000082.317, 176
Trd, 000083.417, 162
Trd, 000083.850, 162
Trd, 000084.717, 168
Trd, 000084.867, 170
Trd, 000085.967, 163
Trd, 000086.333, 162
Trd, 000087.167, 161
Trd, 000088.283, 162
Trd, 000088.633, 162
Trd, 000088.967, 161
Trd, 000089.433, 164
Trd, 000091.567, 162
Trd, 000092.167, 150
Trd, 000092.917, 151
Trd, 000093.200, 150
Trd, 000093.933, 159
Trd, 000094.317, 153
Trd, 000095.183, 153
Trd, 000096.683, 156
Trd, 000097.300, 156
Trd, 000097.350, 157
Trd, 000097.617, 156
Trd, 000098.083, 156
Trd, 000098.633, 166
Trd, 000099.367, 155
Trd, 000099.683, 155
Trd, 000099.817, 157
Trd, 000099.933, 154
Trd, 000100.217, 161
Trd, 000101.767, 157
Trd, 000102.633, 157
Trd, 000103.533, 157
Trd, 000104.267, 158
Trd, 000105.033, 158
Trd, 000105.233, 158
Trd, 000105.433, 174
Trd, 000106.250, 159
Trd, 000107.550, 162
Trd, 000108.467, 165
Trd, 000108.667, 168
Trd, 000109.150, 162
Trd, 000109.667, 162
Trd, 000110.567, 163
Trd, 000110.700, 164
Trd, 000111.300, 162
Trd, 000111.583, 169
Trd, 000112.067, 162
Trd, 000113.350, 161
Trd, 000113.517, 162
Trd, 000113.850, 160
Trd, 000114.267, 159
Trd, 000114.417, 154
Trd, 000114.483, 148
Trd, 000117.867, 157
Trd, 000118.883, 159
Trd, 000119.183, 160
Trd, 000119.833, 159
Trd, 000120.383, 161
Trd, 000120.767, 159
Trd, 000120.933, 162
Trd, 000121.150, 163
Trd, 000121.183, 156
Trd, 000122.083, 167
Trd, 000122.117, 170
Trd, 000123.233, 170
Trd, 000123.433, 191
Trd, 000123.633, 198
Trd, 000123.650, 232
Trd, 000123.750, 158
Trd, 000123.767, 241
Trd, 000124.467, 191
Trd, 000124.500, 320.0
Trd, 000124.533, 324.0
Trd, 000124.900, 320
Trd, 000125.333, 339
Trd, 000126.200, 331.0
Trd, 000127.133, 332
Trd, 000127.367, 330
Trd, 000128.333, 344
Trd, 000128.600, 351.0
Trd, 000130.650, 344
Trd, 000131.017, 343
Trd, 000131.400, 345
Trd, 000133.400, 345
Trd, 000133.533, 346
Trd, 000133.567, 340
Trd, 000134.417, 345
Trd, 000134.483, 340
Trd, 000135.150, 351.0
Trd, 000135.433, 345
Trd, 000136.033, 342
Trd, 000136.050, 341
Trd, 000138.067, 352
Trd, 000138.100, 354.0
Trd, 000138.350, 344
Trd, 000138.900, 350
Trd, 000139.867, 350
Trd, 000140.133, 350
Trd, 000140.883, 351.0
Trd, 000142.600, 344
Trd, 000142.817, 349
Trd, 000144.717, 345
Trd, 000145.417, 345
Trd, 000145.550, 343
Trd, 000145.950, 343
Trd, 000147.050, 347
Trd, 000147.267, 350
Trd, 000147.367, 349
Trd, 000147.783, 346
Trd, 000147.850, 349
Trd, 000149.017, 350
Trd, 000149.217, 347
Trd, 000149.900, 346
Trd, 000150.300, 349
Trd, 000150.367, 350
Trd, 000150.517, 355.0
Trd, 000151.900, 341
Trd, 000153.867, 348
Trd, 000154.417, 348
Trd, 000155.067, 349
Trd, 000155.417, 347
Trd, 000155.817, 351.0
Trd, 000155.950, 355.0
Trd, 000156.433, 347
Trd, 000157.533, 346
Trd, 000157.867, 351
Trd, 000158.683, 350
Trd, 000159.283, 346
Trd, 000159.633, 352
Trd, 000160.533, 348
Trd, 000160.750, 346
Trd, 000161.200, 345
Trd, 000163.100, 348
Trd, 000163.117, 341
Trd, 000163.500, 351
Trd, 000163.600, 351
Trd, 000164.083, 338
Trd, 000166.150, 339
Trd, 000166.533, 340
Trd, 000166.950, 338
Trd, 000167.900, 343
Trd, 000168.350, 335
Trd, 000168.783, 344.0
Trd, 000168.800, 334.0
Trd, 000169.133, 339
Trd, 000170.433, 325.0
Trd, 000171.433, 333
Trd, 000172.433, 335
Trd, 000173.000, 336
Trd, 000173.233, 344.0
Trd, 000173.867, 338
Trd, 000174.317, 336.0
Trd, 000175.383, 349.0
Trd, 000175.450, 336.0
Trd, 000177.150, 340
Trd, 000177.317, 348.0
Trd, 000177.667, 355.0
Trd, 000177.983, 357.0
Trd, 000179.433, 348
Trd, 000179.567, 347
Trd, 000179.917, 345
Trd, 000180.550, 344
Trd, 000181.133, 343
Trd, 000181.233, 335.0
Trd, 000182.650, 334.0
Trd, 000182.800, 334
Trd, 000183.567, 334
Trd, 000183.733, 331.0
Trd, 000183.783, 319
Trd, 000183.917, 202
Trd, 000184.233, 218
Trd, 000184.383, 173
Trd, 000184.517, 171
Trd, 000184.667, 188
Trd, 000185.833, 185
Trd, 000186.417, 172
Trd, 000186.883, 185
Trd, 000186.950, 170
Trd, 000188.050, 177
Trd, 000188.583, 169
Trd, 000189.533, 173
Trd, 000190.667, 172
Trd, 000191.800, 174
Trd, 000192.533, 172
Trd, 000193.950, 171
Trd, 000194.317, 172
Trd, 000194.600, 173
Trd, 000194.617, 174
Trd, 000195.317, 173
Trd, 000195.883, 171
Trd, 000196.533, 163
Trd, 000196.600, 162
Trd, 000197.200, 164
Trd, 000199.717, 168
Trd, 000200.483, 165
Trd, 000200.950, 165
Trd, 000201.200, 164
Trd, 000201.417, 165
Trd, 000201.717, 171
Trd, 000202.717, 175
Trd, 000205.250, 164
Trd, 000205.900, 167
Trd, 000206.150, 167
Trd, 000206.167, 165
Trd, 000206.667, 168
Trd, 000207.133, 168
Trd, 000207.533, 169
Trd, 000207.683, 166
Trd, 000208.033, 166
Trd, 000209.767, 172
Trd, 000211.000, 168
Trd, 000212.300, 171
Trd, 000212.617, 175
Trd, 000212.933, 170
Trd, 000213.483, 171
Trd, 000215.083, 172
Trd, 000215.267, 171
Trd, 000215.733, 172
Trd, 000216.100, 172
Trd, 000216.883, 172
Trd, 000217.100, 170
Trd, 000218.267, 173
Trd, 000218.467, 172
Trd, 000218.883, 173
Trd, 000219.667, 170
Trd, 000220.783, 172
Trd, 000221.000, 174
Trd, 000222.117, 173
Trd, 000222.267, 173
Trd, 000222.483, 172
Trd, 000223.700, 178
Trd, 000223.950, 172
Trd, 000224.717, 156
Trd, 000226.033, 169
Trd, 000226.567, 168
Trd, 000228.050, 168
Trd, 000228.233, 167
Trd, 000228.800, 167
Trd, 000229.900, 174
Trd, 000230.533, 170
Trd, 000231.183, 174
Trd, 000231.483, 169
Trd, 000232.467, 168
Trd, 000232.817, 168
Trd, 000234.017, 169
Trd, 000234.383, 171
Trd, 000234.400, 170
Trd, 000234.583, 166
Trd, 000235.150, 177
Trd, 000235.717, 168
Trd, 000235.767, 174
Trd, 000237.767, 169
Trd, 000238.500, 168
Trd, 000239.800, 169
Trd, 000239.917, 166
Trd, 000240.000, 166
Trd, 000240.033, 158
Trd, 000240.933, 169
Trd, 000241.017, 171
Trd, 000241.317, 168
Trd, 000241.950, 170
Trd, 000242.067, 168
Trd, 000242.233, 167
Trd, 000243.000, 173
Trd, 000243.533, 172
Trd, 000243.767, 173
Trd, 000244.250, 168
Trd, 000244.317, 167
Trd, 000245.017, 174
Trd, 000246.083, 174
Trd, 000246.600, 172
Trd, 000246.933, 175
Trd, 000247.600, 173
Trd, 000247.767, 176
Trd, 000249.183, 168
Trd, 000249.717, 172
Trd, 000249.867, 173
Trd, 000250.533, 175
Trd, 000250.617, 176
Trd, 000251.100, 176
Trd, 000251.983, 177
Trd, 000252.333, 177
Trd, 000252.700, 178
Trd, 000252.800, 176
Trd, 000253.833, 179
Trd, 000253.850, 180
Trd, 000254.233, 183
Trd, 000255.050, 182
Trd, 000255.450, 182
Trd, 000255.700, 183
Trd, 000255.933, 181
Trd, 000256.133, 181
Trd, 000256.567, 177
Trd, 000256.717, 176
Trd, 000256.883, 177
Trd, 000257.133, 190
Trd, 000257.250, 169
Trd, 000258.400, 173
Trd, 000259.767, 177
Trd, 000259.983, 174
Trd, 000260.217, 176
Trd, 000260.483, 174
Trd, 000260.650, 181
Trd, 000260.783, 184
Trd, 000261.150, 184
Trd, 000261.383, 176
Trd, 000261.467, 176
Trd, 000262.017, 179
Trd, 000262.167, 180
Trd, 000262.567, 176
Trd, 000263.417, 176
Trd, 000263.583, 170
Trd, 000264.900, 174
Trd, 000265.733, 178
Trd, 000266.633, 178
Trd, 000266.683, 179
Trd, 000266.700, 180
Trd, 000267.167, 176
Trd, 000267.817, 175
Trd, 000268.167, 175
Trd, 000268.833, 176
Trd, 000268.983, 176
Trd, 000269.267, 174
Trd, 000269.317, 174
Trd, 000269.333, 181
Trd, 000269.400, 161
Trd, 000270.383, 184
Trd, 000270.633, 177
Trd, 000270.850, 174
Trd, 000271.117, 174
Trd, 000272.833, 176
Trd, 000273.333, 173
Trd, 000273.383, 174
Trd, 000274.117, 178
Trd, 000274.283, 182
Trd, 000275.117, 176
Trd, 000275.183, 178
Trd, 000275.467, 174
Trd, 000275.517, 174
Trd, 000276.100, 171
Trd, 000276.533, 173
Trd, 000276.717, 171
Trd, 000276.800, 170
Trd, 000277.383, 172
Trd, 000277.600, 174
Trd, 000277.933, 175
Trd, 000278.283, 161
Trd, 000278.767, 162
Trd, 000279.150, 178
Trd, 000279.617, 183
Trd, 000279.917, 185
Trd, 000280.567, 180
Trd, 000281.600, 186
Trd, 000282.033, 179
Trd, 000282.267, 179
Trd, 000283.317, 178
Trd, 000283.967, 174
Trd, 000284.400, 172
Trd, 000285.117, 171
Trd, 000285.383, 178
Trd, 000285.883, 178
Trd, 000286.217, 183
Trd, 000286.317, 172
Trd, 000286.417, 170
Trd, 000286.617, 183
Trd, 000286.800, 193
Trd, 000286.833, 169
Trd, 000288.167, 190
Trd, 000288.267, 191
Trd, 000288.417, 170
Trd, 000288.900, 175
Trd, 000289.133, 172
Trd, 000289.850, 183
Trd, 000290.467, 181
Trd, 000291.050, 180
Trd, 000291.250, 177
Trd, 000291.300, 182
Trd, 000291.967, 174
Trd, 000292.083, 163
Trd, 000292.950, 175
Trd, 000293.133, 180
Trd, 000293.217, 171
Trd, 000293.933, 174
Trd, 000294.167, 178
Trd, 000294.317, 171
Trd, 000294.717, 187
Trd, 000295.700, 192
Trd, 000296.033, 197
Trd, 000296.700, 187
Trd, 000296.867, 195
Trd, 000297.150, 190
Trd, 000297.317, 184
Trd, 000297.533, 183
Trd, 000297.983, 192
Trd, 000298.083, 182
Trd, 000298.500, 181
Trd, 000298.583, 188
Trd, 000299.083, 180
