Trd, 000002.833, 106
Trd, 000002.933, 124
Trd, 000003.017, 134
Trd, 000003.950, 149
Trd, 000004.233, 151
Trd, 000004.550, 153
Trd, 000007.367, 149
Trd, 000007.783, 156
Trd, 000008.117, 155
Trd, 000008.200, 151
Trd, 000008.983, 156
Trd, 000009.767, 153
Trd, 000010.317, 156
Trd, 000010.767, 155
Trd, 000011.067, 155
Trd, 000011.267, 156
Trd, 000011.617, 156
Trd, 000012.167, 157
Trd, 000012.317, 175
Trd, 000012.933, 165
Trd, 000013.417, 162
Trd, 000014.800, 175
Trd, 000015.317, 176
Trd, 000015.800, 163
Trd, 000015.883, 163
Trd, 000016.167, 155
Trd, 000017.383, 155
Trd, 000017.717, 167
Trd, 000018.917, 162
Trd, 000020.250, 163
Trd, 000020.350, 159
Trd, 000020.883, 156
Trd, 000021.633, 154
Trd, 000022.917, 157
Trd, 000023.233, 157
Trd, 000023.417, 154
Trd, 000024.733, 158
Trd, 000024.833, 159
Trd, 000025.633, 174
Trd, 000025.867, 172
Trd, 000026.783, 164
Trd, 000026.950, 152
Trd, 000027.717, 146
Trd, 000028.150, 166
Trd, 000030.150, 166
Trd, 000030.567, 157
Trd, 000030.833, 163
Trd, 000030.867, 164
Trd, 000031.400, 155
Trd, 000031.467, 154
Trd, 000031.833, 164
Trd, 000032.200, 159
Trd, 000032.950, 157
Trd, 000033.583, 157
Trd, 000033.600, 158
Trd, 000034.150, 156
Trd, 000035.650, 157
Trd, 000036.283, 165
Trd, 000037.250, 161
Trd, 000037.467, 162
Trd, 000037.483, 163
Trd, 000037.733, 159
Trd, 000039.617, 164
Trd, 000039.783, 165
Trd, 000040.000, 166
Trd, 000040.400, 165
Trd, 000041.200, 165
Trd, 000041.233, 167
Trd, 000042.817, 173
Trd, 000043.400, 172
Trd, 000044.867, 169
Trd, 000045.017, 166
Trd, 000045.367, 157
Trd, 000046.717, 167
Trd, 000046.950, 170
Trd, 000048.367, 155
Trd, 000048.650, 160
Trd, 000049.067, 161
Trd, 000049.150, 163
Trd, 000049.183, 180
Trd, 000049.683, 156
Trd, 000050.150, 166
Trd, 000051.033, 167
Trd, 000051.050, 166
Trd, 000052.250, 162
Trd, 000052.967, 158
Trd, 000053.067, 158
Trd, 000054.133, 161
Trd, 000054.150, 157
Trd, 000054.700, 161
Trd, 000054.717, 184
Trd, 000055.400, 160
Trd, 000056.183, 170
Trd, 000056.483, 169
Trd, 000056.833, 167
Trd, 000057.050, 171
Trd, 000057.233, 172
Trd, 000058.483, 168
Trd, 000058.500, 160
Trd, 000058.750, 152
Trd, 000060.850, 159
Trd, 000061.400, 160
Trd, 000061.583, 164
Trd, 000061.917, 163
Trd, 000062.183, 157
Trd, 000062.300, 162
Trd, 000062.833, 154
Trd, 000064.767, 155
Trd, 000065.367, 157
Trd, 000065.700, 157
Trd, 000065.767, 157
Trd, 000066.083, 155
Trd, 000068.017, 175
Trd, 000068.300, 169
Trd, 000068.917, 169
Trd, 000070.033, 168
Trd, 000070.650, 167
Trd, 000071.017, 163
Trd, 000071.483, 168
Trd, 000072.667, 166
Trd, 000073.850, 161
Trd, 000074.500, 160
Trd, 000074.533, 162
Trd, 000074.750, 160
Trd, 000074.983, 161
Trd, 000076.117, 159
Trd, 000077.033, 166
Trd, 000077.633, 182
Trd, 000077.650, 170
Trd, 000077.850, 162
Trd, 000078.683, 177
Trd, 000079.250, 175
Trd, 000080.333, 173
Trd, 000080.800, 173
Trd, 000081.633, 172
Trd, 000081.667, 159
Trd, 000082.233, 172
Trd, 000082.317, 173
Trd, 000083.467, 170
Trd, 000085.583, 163
Trd, 000085.683, 160
Trd, 000085.950, 160
Trd, 000086.150, 162
Trd, 000086.617, 163
Trd, 000086.933, 164
Trd, 000087.500, 158
Trd, 000087.917, 160
Trd, 000089.300, 159
Trd, 000089.883, 159
Trd, 000090.417, 163
Trd, 000091.017, 162
Trd, 000091.133, 162
Trd, 000091.817, 162
Trd, 000092.450, 162
Trd, 000092.533, 163
Trd, 000092.883, 163
Trd, 000093.050, 160
Trd, 000093.167, 164
Trd, 000093.383, 147
Trd, 000097.050, 157
Trd, 000097.133, 157
Trd, 000097.583, 156
Trd, 000097.800, 158
Trd, 000098.067, 157
Trd, 000098.933, 157
Trd, 000098.983, 157
Trd, 000099.017, 159
Trd, 000099.467, 159
Trd, 000099.517, 157
Trd, 000099.667, 160
Trd, 000100.533, 161
Trd, 000101.433, 158
Trd, 000101.483, 165
Trd, 000101.933, 166
Trd, 000101.983, 154
Trd, 000103.500, 161
Trd, 000104.133, 166
Trd, 000104.617, 167
Trd, 000105.083, 168
Trd, 000105.100, 160
Trd, 000105.883, 162
Trd, 000106.783, 179
Trd, 000106.817, 181
Trd, 000107.467, 163
Trd, 000108.067, 175
Trd, 000109.683, 168
Trd, 000109.883, 166
Trd, 000110.083, 163
Trd, 000110.250, 166
Trd, 000110.750, 164
Trd, 000112.333, 164
Trd, 000113.150, 162
Trd, 000113.767, 159
Trd, 000114.183, 157
Trd, 000114.350, 164
Trd, 000114.783, 167
Trd, 000115.333, 167
Trd, 000116.367, 167
Trd, 000116.867, 176
Trd, 000117.300, 177
Trd, 000117.850, 183
Trd, 000119.167, 176
Trd, 000119.600, 180
Trd, 000119.983, 174
Trd, 000120.600, 175
Trd, 000120.850, 175
Trd, 000121.133, 164
Trd, 000122.333, 186
Trd, 000122.483, 187
Trd, 000122.600, 201
Trd, 000122.883, 208
Trd, 000124.383, 203
Trd, 000124.983, 324.0
Trd, 000125.150, 334.0
Trd, 000125.383, 346
Trd, 000125.517, 296
Trd, 000125.750, 310
Trd, 000126.367, 339
Trd, 000126.383, 341
Trd, 000127.150, 306.0
Trd, 000127.633, 339
Trd, 000128.300, 343
Trd, 000128.767, 346
Trd, 000129.067, 322
Trd, 000129.133, 323
Trd, 000129.517, 334.0
Trd, 000129.817, 326
Trd, 000130.383, 346
Trd, 000130.633, 351.0
Trd, 000131.950, 349.0
Trd, 000133.033, 349.0
Trd, 000133.183, 351.0
Trd, 000133.267, 349.0
Trd, 000134.217, 347.0
Trd, 000134.383, 351.0
Trd, 000135.383, 350
Trd, 000135.450, 347
Trd, 000137.233, 352
Trd, 000137.933, 351.0
Trd, 000137.983, 350
Trd, 000138.850, 351
Trd, 000139.350, 343
Trd, 000140.533, 341
Trd, 000140.650, 343
Trd, 000141.050, 346
Trd, 000141.117, 348
Trd, 000141.700, 341
Trd, 000142.833, 353
Trd, 000143.083, 355
Trd, 000143.900, 358
Trd, 000144.217, 344.0
Trd, 000145.733, 345
Trd, 000146.333, 350.0
Trd, 000147.383, 350
Trd, 000147.533, 355
Trd, 000147.650, 356
Trd, 000148.150, 361
Trd, 000149.667, 357
Trd, 000150.417, 351
Trd, 000150.933, 351.0
Trd, 000150.967, 345
Trd, 000151.483, 354
Trd, 000152.033, 350
Trd, 000152.783, 357
Trd, 000153.100, 362
Trd, 000153.300, 368
Trd, 000154.150, 355
Trd, 000154.833, 355
Trd, 000155.983, 345
Trd, 000156.500, 344.0
Trd, 000156.517, 340
Trd, 000158.167, 342
Trd, 000158.917, 336
Trd, 000159.000, 335
Trd, 000159.733, 335
Trd, 000160.517, 345.0
Trd, 000161.333, 344
Trd, 000161.467, 348
Trd, 000161.767, 350.0
Trd, 000162.100, 350.0
Trd, 000162.267, 349
Trd, 000162.933, 350.0
Trd, 000163.617, 338
Trd, 000163.783, 351.0
Trd, 000163.833, 355
Trd, 000164.633, 368.0
Trd, 000165.133, 375.0
Trd, 000165.983, 362.0
Trd, 000166.550, 363
Trd, 000166.917, 364
Trd, 000167.550, 363.0
Trd, 000168.283, 367
Trd, 000168.533, 362.0
Trd, 000168.767, 367
Trd, 000169.717, 356
Trd, 000170.467, 351.0
Trd, 000171.117, 352
Trd, 000171.750, 362
Trd, 000171.850, 364
Trd, 000172.633, 351
Trd, 000172.650, 351
Trd, 000173.517, 361
Trd, 000174.550, 353
Trd, 000175.917, 356
Trd, 000176.900, 351.0
Trd, 000177.033, 356
Trd, 000177.333, 357
Trd, 000177.350, 358
Trd, 000178.500, 353
Trd, 000179.800, 351.0
Trd, 000179.817, 350
Trd, 000180.233, 344.0
Trd, 000181.217, 351
Trd, 000181.350, 346
Trd, 000181.717, 331
Trd, 000182.083, 330
Trd, 000182.433, 352
Trd, 000182.667, 303
Trd, 000183.217, 291
Trd, 000183.383, 207
Trd, 000183.967, 206
Trd, 000185.033, 180
Trd, 000185.217, 171
Trd, 000185.300, 181
Trd, 000186.033, 196
Trd, 000187.850, 187
Trd, 000188.983, 191
Trd, 000189.017, 185
Trd, 000190.033, 185
Trd, 000190.617, 173
Trd, 000190.717, 186
Trd, 000190.950, 170
Trd, 000191.617, 169
Trd, 000191.683, 168
Trd, 000192.633, 177
Trd, 000194.617, 167
Trd, 000194.883, 164
Trd, 000194.950, 169
Trd, 000196.067, 169
Trd, 000196.317, 169
Trd, 000196.533, 167
Trd, 000196.883, 168
Trd, 000197.567, 170
Trd, 000198.717, 174
Trd, 000199.433, 172
Trd, 000201.367, 181
Trd, 000201.400, 173
Trd, 000202.183, 174
Trd, 000202.333, 174
Trd, 000202.517, 171
Trd, 000203.333, 174
Trd, 000203.817, 176
Trd, 000204.033, 164
Trd, 000204.567, 175
Trd, 000204.600, 174
Trd, 000204.933, 172
Trd, 000205.750, 171
Trd, 000206.067, 176
Trd, 000206.867, 185
Trd, 000207.450, 189
Trd, 000208.833, 187
Trd, 000209.733, 187
Trd, 000209.967, 188
Trd, 000210.983, 184
Trd, 000211.400, 193
Trd, 000211.683, 184
Trd, 000211.900, 183
Trd, 000213.400, 182
Trd, 000213.517, 179
Trd, 000213.683, 182
Trd, 000215.267, 181
Trd, 000215.650, 181
Trd, 000215.800, 175
Trd, 000215.833, 182
Trd, 000216.433, 184
Trd, 000216.817, 185
Trd, 000217.217, 167
Trd, 000217.800, 167
Trd, 000218.750, 175
Trd, 000219.150, 168
Trd, 000219.650, 166
Trd, 000221.217, 167
Trd, 000221.350, 168
Trd, 000221.733, 169
Trd, 000222.050, 169
Trd, 000223.533, 172
Trd, 000223.833, 171
Trd, 000223.917, 170
Trd, 000224.050, 173
Trd, 000224.333, 173
Trd, 000224.617, 177
Trd, 000225.967, 168
Trd, 000226.083, 178
Trd, 000226.350, 180
Trd, 000226.767, 191
Trd, 000228.133, 190
Trd, 000228.417, 190
Trd, 000228.517, 188
Trd, 000228.550, 185
Trd, 000228.683, 171
Trd, 000230.033, 182
Trd, 000230.183, 173
Trd, 000230.917, 175
Trd, 000231.233, 170
Trd, 000231.583, 175
Trd, 000232.150, 170
Trd, 000232.400, 167
Trd, 000232.650, 176
Trd, 000233.050, 176
Trd, 000233.233, 170
Trd, 000233.750, 178
Trd, 000234.283, 180
Trd, 000234.367, 174
Trd, 000234.933, 198
Trd, 000235.500, 191
Trd, 000236.667, 188
Trd, 000237.050, 189
Trd, 000237.617, 175
Trd, 000237.883, 193
Trd, 000238.283, 186
Trd, 000238.517, 195
Trd, 000238.933, 181
Trd, 000240.050, 193
Trd, 000240.150, 192
Trd, 000241.667, 187
Trd, 000241.700, 186
Trd, 000241.750, 186
Trd, 000242.450, 178
Trd, 000242.483, 176
Trd, 000243.000, 186
Trd, 000243.200, 189
Trd, 000243.833, 180
Trd, 000244.083, 172
Trd, 000244.117, 175
Trd, 000245.400, 175
Trd, 000246.283, 169
Trd, 000246.717, 168
Trd, 000247.167, 172
Trd, 000248.383, 171
Trd, 000248.400, 170
Trd, 000248.950, 171
Trd, 000250.183, 170
Trd, 000250.300, 169
Trd, 000250.567, 170
Trd, 000251.150, 170
Trd, 000251.483, 176
Trd, 000251.983, 171
Trd, 000252.383, 175
Trd, 000253.183, 172
Trd, 000254.250, 172
Trd, 000254.800, 173
Trd, 000255.000, 174
Trd, 000255.683, 176
Trd, 000255.733, 176
Trd, 000256.017, 173
Trd, 000257.183, 168
Trd, 000257.383, 167
Trd, 000257.683, 171
Trd, 000257.867, 165
Trd, 000257.967, 170
Trd, 000258.000, 172
Trd, 000258.467, 170
Trd, 000258.750, 177
Trd, 000260.050, 169
Trd, 000260.333, 180
Trd, 000261.683, 170
Trd, 000261.700, 168
Trd, 000262.200, 168
Trd, 000262.850, 168
Trd, 000262.883, 167
Trd, 000263.133, 166
Trd, 000263.633, 170
Trd, 000263.733, 172
Trd, 000264.917, 178
Trd, 000265.100, 181
Trd, 000265.633, 165
Trd, 000266.800, 170
Trd, 000267.433, 173
Trd, 000268.217, 174
Trd, 000268.333, 172
Trd, 000268.467, 167
Trd, 000269.700, 168
Trd, 000269.967, 170
Trd, 000270.467, 170
Trd, 000270.567, 166
Trd, 000270.600, 169
Trd, 000271.983, 168
Trd, 000272.433, 170
Trd, 000273.050, 170
Trd, 000273.267, 169
Trd, 000273.533, 171
Trd, 000273.967, 178
Trd, 000274.100, 185
Trd, 000274.983, 180
Trd, 000275.533, 177
Trd, 000275.883, 176
Trd, 000276.300, 176
Trd, 000276.467, 175
Trd, 000276.967, 164
Trd, 000277.117, 177
Trd, 000277.217, 168
Trd, 000277.600, 177
Trd, 000279.033, 179
Trd, 000279.183, 174
Trd, 000279.833, 172
Trd, 000280.100, 168
Trd, 000280.617, 172
Trd, 000280.817, 173
Trd, 000281.183, 174
Trd, 000281.250, 181
Trd, 000282.350, 183
Trd, 000282.450, 176
Trd, 000283.100, 174
Trd, 000283.250, 172
Trd, 000283.333, 170
Trd, 000284.633, 177
Trd, 000285.233, 175
Trd, 000285.617, 172
Trd, 000286.200, 174
Trd, 000286.600, 175
Trd, 000286.783, 173
Trd, 000287.183, 176
Trd, 000287.567, 171
Trd, 000287.950, 177
Trd, 000288.367, 179
Trd, 000288.783, 187
Trd, 000289.717, 176
Trd, 000290.317, 176
Trd, 000290.467, 176
Trd, 000290.700, 180
Trd, 000290.917, 185
Trd, 000292.100, 179
Trd, 000292.217, 178
Trd, 000292.483, 178
Trd, 000293.150, 177
Trd, 000293.467, 173
Trd, 000294.250, 180
Trd, 000294.433, 176
Trd, 000294.483, 173
Trd, 000294.550, 171
Trd, 000294.733, 184
Trd, 000294.783, 170
Trd, 000294.950, 186
Trd, 000296.050, 170
Trd, 000296.383, 187
Trd, 000297.417, 173
Trd, 000297.883, 182
Trd, 000298.567, 181
Trd, 000298.817, 184
Trd, 000299.133, 204
Trd, 000299.650, 190
Trd, 000299.817, 181
