Trd, 000001.950, 122
Trd, 000002.517, 157
Trd, 000003.967, 138
Trd, 000004.550, 137
Trd, 000005.117, 135
Trd, 000005.783, 140
Trd, 000006.167, 145
Trd, 000006.317, 139
Trd, 000006.583, 148
Trd, 000007.100, 137
Trd, 000008.300, 142
Trd, 000008.783, 139
Trd, 000009.717, 142
Trd, 000010.117, 140
Trd, 000010.550, 143
Trd, 000011.467, 139
Trd, 000011.700, 144
Trd, 000011.850, 144
Trd, 000013.000, 145
Trd, 000013.983, 145
Trd, 000014.183, 144
Trd, 000014.450, 142
Trd, 000014.883, 149
Trd, 000016.200, 171
Trd, 000018.033, 155
Trd, 000018.417, 155
Trd, 000018.583, 154
Trd, 000019.067, 154
Trd, 000019.083, 152
Trd, 000019.450, 159
Trd, 000020.450, 154
Trd, 000021.783, 154
Trd, 000022.183, 156
Trd, 000022.433, 154
Trd, 000022.750, 155
Trd, 000022.967, 152
Trd, 000023.217, 152
Trd, 000023.383, 155
Trd, 000024.117, 139
Trd, 000025.500, 150
Trd, 000026.217, 150
Trd, 000026.583, 150
Trd, 000027.117, 151
Trd, 000027.267, 151
Trd, 000027.417, 152
Trd, 000027.517, 150
Trd, 000029.833, 152
Trd, 000029.933, 154
Trd, 000030.633, 151
Trd, 000032.367, 150
Trd, 000033.083, 149
Trd, 000033.500, 149
Trd, 000033.617, 150
Trd, 000033.767, 148
Trd, 000035.483, 151
Trd, 000035.733, 157
Trd, 000036.717, 151
Trd, 000036.983, 157
Trd, 000037.617, 159
Trd, 000038.150, 158
Trd, 000039.050, 159
Trd, 000039.717, 159
Trd, 000039.967, 161
Trd, 000040.050, 161
Trd, 000040.333, 162
Trd, 000041.417, 159
Trd, 000041.950, 161
Trd, 000042.150, 163
Trd, 000042.533, 160
Trd, 000043.533, 162
Trd, 000044.333, 160
Trd, 000044.700, 160
Trd, 000045.333, 160
Trd, 000045.767, 159
Trd, 000046.133, 161
Trd, 000047.367, 161
Trd, 000048.283, 162
Trd, 000048.817, 162
Trd, 000048.917, 162
Trd, 000049.450, 177
Trd, 000049.500, 161
Trd, 000050.483, 167
Trd, 000051.033, 161
Trd, 000051.367, 161
Trd, 000051.450, 160
Trd, 000052.883, 159
Trd, 000053.283, 160
Trd, 000053.867, 158
Trd, 000054.167, 159
Trd, 000054.450, 158
Trd, 000055.067, 157
Trd, 000056.317, 157
Trd, 000056.733, 157
Trd, 000057.017, 156
Trd, 000057.417, 163
Trd, 000057.633, 177
Trd, 000058.050, 155
Trd, 000058.283, 154
Trd, 000060.683, 157
Trd, 000060.767, 160
Trd, 000061.133, 161
Trd, 000061.867, 163
Trd, 000061.883, 164
Trd, 000062.267, 160
Trd, 000062.867, 161
Trd, 000062.883, 160
Trd, 000064.033, 161
Trd, 000064.267, 166
Trd, 000064.900, 158
Trd, 000067.033, 147
Trd, 000067.383, 151
Trd, 000067.983, 150
Trd, 000068.817, 144
Trd, 000069.217, 151
Trd, 000070.050, 154
Trd, 000070.883, 154
Trd, 000071.183, 153
Trd, 000071.633, 151
Trd, 000072.200, 152
Trd, 000073.583, 155
Trd, 000073.700, 154
Trd, 000074.167, 154
Trd, 000075.617, 152
Trd, 000075.883, 151
Trd, 000076.350, 153
Trd, 000077.283, 153
Trd, 000077.483, 155
Trd, 000078.217, 155
Trd, 000078.467, 156
Trd, 000078.550, 154
Trd, 000079.233, 165
Trd, 000079.800, 155
Trd, 000080.233, 154
Trd, 000081.133, 156
Trd, 000081.317, 152
Trd, 000081.633, 163
Trd, 000083.700, 160
Trd, 000083.750, 159
Trd, 000084.383, 158
Trd, 000084.400, 160
Trd, 000085.933, 159
Trd, 000086.483, 159
Trd, 000086.550, 158
Trd, 000087.583, 160
Trd, 000088.650, 159
Trd, 000089.233, 159
Trd, 000089.283, 160
Trd, 000090.650, 161
Trd, 000091.850, 159
Trd, 000092.033, 161
Trd, 000092.817, 161
Trd, 000093.750, 161
Trd, 000094.733, 162
Trd, 000095.383, 160
Trd, 000095.550, 159
Trd, 000096.033, 158
Trd, 000096.450, 158
Trd, 000097.467, 158
Trd, 000097.667, 159
Trd, 000098.500, 164
Trd, 000098.883, 168
Trd, 000099.267, 164
Trd, 000101.050, 178
Trd, 000101.500, 169
Trd, 000102.267, 169
Trd, 000102.350, 168
Trd, 000103.150, 166
Trd, 000103.383, 169
Trd, 000103.767, 168
Trd, 000104.000, 169
Trd, 000104.033, 168
Trd, 000104.267, 167
Trd, 000105.000, 165
Trd, 000106.217, 149
Trd, 000106.450, 159
Trd, 000106.467, 159
Trd, 000106.550, 158
Trd, 000106.933, 162
Trd, 000107.967, 190
Trd, 000109.167, 162
Trd, 000109.750, 163
Trd, 000110.917, 166
Trd, 000111.300, 163
Trd, 000111.350, 163
Trd, 000111.800, 164
Trd, 000112.250, 142
Trd, 000112.517, 161
Trd, 000114.183, 157
Trd, 000114.683, 159
Trd, 000114.733, 158
Trd, 000115.367, 159
Trd, 000116.100, 159
Trd, 000116.500, 158
Trd, 000116.700, 157
Trd, 000117.633, 157
Trd, 000119.167, 158
Trd, 000119.200, 156
Trd, 000119.433, 169
Trd, 000119.700, 154
Trd, 000119.783, 148
Trd, 000119.867, 143
Trd, 000120.683, 160
Trd, 000120.850, 152
Trd, 000121.650, 170
Trd, 000122.317, 184
Trd, 000122.417, 194
Trd, 000122.617, 213
Trd, 000122.700, 171
Trd, 000122.817, 233
Trd, 000123.083, 281
Trd, 000123.133, 306.0
Trd, 000123.167, 348.0
Trd, 000123.833, 325
Trd, 000124.333, 266
Trd, 000126.633, 337.0
Trd, 000127.467, 331.0
Trd, 000127.700, 337
Trd, 000127.900, 344.0
Trd, 000129.617, 340
Trd, 000129.800, 339
Trd, 000131.050, 341
Trd, 000132.333, 343
Trd, 000133.150, 344
Trd, 000133.483, 345
Trd, 000133.583, 346
Trd, 000133.783, 344
Trd, 000134.617, 348.0
Trd, 000135.167, 372.0
Trd, 000135.750, 372
Trd, 000136.467, 371
Trd, 000136.783, 358
Trd, 000138.767, 355
Trd, 000139.850, 351
Trd, 000140.650, 351
Trd, 000140.700, 351
Trd, 000141.200, 350
Trd, 000141.217, 349
Trd, 000142.733, 349
Trd, 000143.183, 347
Trd, 000143.367, 346
Trd, 000143.550, 344
Trd, 000145.533, 349
Trd, 000146.933, 345
Trd, 000147.050, 347
Trd, 000147.333, 348.0
Trd, 000147.517, 343
Trd, 000147.767, 339
Trd, 000148.333, 337.0
Trd, 000148.800, 340
Trd, 000149.033, 352
Trd, 000150.467, 350
Trd, 000151.567, 345
Trd, 000152.233, 348
Trd, 000152.400, 348
Trd, 000153.233, 347
Trd, 000153.567, 349
Trd, 000154.017, 348
Trd, 000154.300, 346
Trd, 000155.750, 348
Trd, 000155.933, 349
Trd, 000156.117, 348
Trd, 000156.850, 345
Trd, 000157.767, 347
Trd, 000157.933, 348
Trd, 000158.200, 349
Trd, 000158.650, 347
Trd, 000159.150, 341
Trd, 000160.633, 347
Trd, 000160.967, 346
Trd, 000161.983, 346
Trd, 000162.117, 347
Trd, 000162.133, 344
Trd, 000163.367, 347
Trd, 000163.750, 341
Trd, 000164.467, 340.0
Trd, 000165.383, 344
Trd, 000165.783, 343
Trd, 000166.583, 343
Trd, 000168.233, 344
Trd, 000168.867, 343
Trd, 000168.950, 345
Trd, 000169.350, 345.0
Trd, 000169.733, 342
Trd, 000169.783, 342
Trd, 000170.083, 345.0
Trd, 000170.467, 344
Trd, 000172.133, 349
Trd, 000173.100, 348
Trd, 000173.683, 347
Trd, 000173.883, 345
Trd, 000173.900, 324.0
Trd, 000174.983, 345
Trd, 000176.400, 346
Trd, 000177.917, 349.0
Trd, 000177.950, 348.0
Trd, 000178.400, 353
Trd, 000180.217, 353
Trd, 000180.250, 354
Trd, 000180.967, 351
Trd, 000181.317, 352
Trd, 000181.533, 347
Trd, 000182.350, 344
Trd, 000183.000, 337.0
Trd, 000183.433, 331.0
Trd, 000183.817, 317.0
Trd, 000184.000, 303.0
Trd, 000184.717, 243
Trd, 000184.817, 228
Trd, 000184.917, 212
Trd, 000185.350, 202
Trd, 000185.383, 180
Trd, 000185.433, 179
Trd, 000187.517, 193
Trd, 000187.683, 207
Trd, 000188.817, 193
Trd, 000189.967, 196
Trd, 000190.000, 198
Trd, 000190.750, 183
Trd, 000191.233, 174
Trd, 000192.683, 157
Trd, 000193.017, 171
Trd, 000193.233, 168
Trd, 000193.317, 177
Trd, 000193.917, 165
Trd, 000194.017, 150
Trd, 000194.317, 177
Trd, 000195.633, 172
Trd, 000196.883, 178
Trd, 000197.500, 183
Trd, 000199.217, 179
Trd, 000199.450, 180
Trd, 000199.633, 178
Trd, 000199.933, 175
Trd, 000200.767, 177
Trd, 000201.083, 177
Trd, 000201.383, 177
Trd, 000201.433, 176
Trd, 000201.467, 175
Trd, 000202.517, 175
Trd, 000202.767, 176
Trd, 000204.600, 176
Trd, 000205.233, 174
Trd, 000206.117, 174
Trd, 000206.200, 173
Trd, 000206.217, 157
Trd, 000207.617, 165
Trd, 000207.683, 172
Trd, 000208.117, 165
Trd, 000208.167, 170
Trd, 000209.417, 167
Trd, 000210.467, 170
Trd, 000211.233, 169
Trd, 000211.267, 170
Trd, 000211.333, 179
Trd, 000211.567, 169
Trd, 000212.517, 172
Trd, 000213.350, 172
Trd, 000214.967, 172
Trd, 000215.150, 171
Trd, 000215.267, 172
Trd, 000215.417, 179
Trd, 000215.667, 171
Trd, 000217.683, 178
Trd, 000218.267, 177
Trd, 000218.667, 177
Trd, 000218.700, 177
Trd, 000218.733, 174
Trd, 000219.300, 164
Trd, 000219.783, 163
Trd, 000219.800, 169
Trd, 000220.683, 167
Trd, 000221.317, 185
Trd, 000222.467, 187
Trd, 000223.667, 183
Trd, 000223.850, 181
Trd, 000224.117, 194
Trd, 000224.650, 179
Trd, 000225.567, 169
Trd, 000225.700, 175
Trd, 000227.017, 162
Trd, 000227.383, 162
Trd, 000227.483, 152
Trd, 000228.267, 167
Trd, 000228.383, 166
Trd, 000229.267, 166
Trd, 000229.567, 173
Trd, 000230.817, 167
Trd, 000231.050, 167
Trd, 000231.267, 165
Trd, 000232.100, 166
Trd, 000232.200, 164
Trd, 000232.950, 171
Trd, 000233.000, 180
Trd, 000236.000, 177
Trd, 000236.217, 175
Trd, 000236.467, 176
Trd, 000236.683, 175
Trd, 000237.200, 172
Trd, 000238.950, 172
Trd, 000239.283, 172
Trd, 000240.000, 171
Trd, 000240.500, 168
Trd, 000240.583, 169
Trd, 000241.083, 168
Trd, 000241.167, 175
Trd, 000242.883, 177
Trd, 000242.967, 178
Trd, 000243.117, 179
Trd, 000243.883, 183
Trd, 000244.100, 180
Trd, 000244.200, 179
Trd, 000245.200, 179
Trd, 000245.783, 178
Trd, 000246.167, 179
Trd, 000246.900, 180
Trd, 000247.783, 179
Trd, 000248.367, 179
Trd, 000248.717, 179
Trd, 000248.867, 178
Trd, 000249.300, 180
Trd, 000249.767, 178
Trd, 000250.117, 183
Trd, 000250.900, 186
Trd, 000250.983, 187
Trd, 000251.783, 184
Trd, 000251.800, 182
Trd, 000251.933, 184
Trd, 000252.350, 185
Trd, 000253.417, 186
Trd, 000253.567, 187
Trd, 000254.850, 183
Trd, 000256.017, 182
Trd, 000256.417, 183
Trd, 000256.433, 182
Trd, 000256.483, 165
Trd, 000256.750, 185
Trd, 000257.400, 172
Trd, 000257.567, 168
Trd, 000257.817, 167
Trd, 000258.617, 171
Trd, 000259.883, 176
Trd, 000260.600, 175
Trd, 000260.717, 174
Trd, 000261.000, 176
Trd, 000261.350, 177
Trd, 000262.967, 178
Trd, 000263.967, 178
Trd, 000263.983, 177
Trd, 000264.067, 177
Trd, 000264.300, 178
Trd, 000264.350, 184
Trd, 000265.067, 177
Trd, 000265.233, 176
Trd, 000266.017, 177
Trd, 000266.083, 178
Trd, 000266.517, 188
Trd, 000266.950, 178
Trd, 000267.267, 179
Trd, 000267.817, 177
Trd, 000268.000, 175
Trd, 000268.100, 180
Trd, 000268.533, 176
Trd, 000269.650, 172
Trd, 000269.900, 170
Trd, 000270.250, 172
Trd, 000272.183, 172
Trd, 000272.267, 175
Trd, 000272.983, 176
Trd, 000273.533, 177
Trd, 000273.650, 176
Trd, 000274.133, 177
Trd, 000274.367, 174
Trd, 000274.700, 178
Trd, 000275.683, 178
Trd, 000276.317, 178
Trd, 000276.633, 177
Trd, 000276.950, 178
Trd, 000277.600, 185
Trd, 000277.767, 184
Trd, 000278.450, 184
Trd, 000278.800, 184
Trd, 000279.350, 181
Trd, 000279.367, 181
Trd, 000280.100, 184
Trd, 000280.733, 186
Trd, 000281.267, 185
Trd, 000281.900, 185
Trd, 000283.150, 191
Trd, 000283.850, 189
Trd, 000284.317, 187
Trd, 000284.717, 188
Trd, 000284.733, 189
Trd, 000285.083, 187
Trd, 000285.133, 190
Trd, 000285.367, 193
Trd, 000285.633, 187
Trd, 000286.450, 187
Trd, 000286.950, 192
Trd, 000287.133, 185
Trd, 000287.500, 187
Trd, 000287.967, 186
Trd, 000288.200, 183
Trd, 000289.067, 187
Trd, 000289.583, 200
Trd, 000290.550, 186
Trd, 000290.733, 198
Trd, 000291.033, 198
Trd, 000291.117, 182
Trd, 000291.267, 180
Trd, 000291.767, 183
Trd, 000293.267, 182
Trd, 000293.583, 185
Trd, 000293.783, 191
Trd, 000294.600, 184
Trd, 000295.233, 187
Trd, 000296.200, 185
Trd, 000296.517, 181
Trd, 000296.783, 183
Trd, 000297.217, 183
Trd, 000297.267, 184
Trd, 000297.483, 183
Trd, 000298.117, 180
Trd, 000298.267, 171
Trd, 000298.567, 183
Trd, 000299.300, 180
Trd, 000299.433, 177
Trd, 000299.583, 168
Trd, 000299.767, 171
Trd, 000299.800, 167
