Trd, 000000.533, 100
Trd, 000001.700, 186
Trd, 000002.483, 175
Trd, 000003.100, 156
Trd, 000004.100, 151
Trd, 000004.617, 150
Trd, 000004.783, 150
Trd, 000005.333, 147
Trd, 000006.033, 140
Trd, 000006.433, 143
Trd, 000007.333, 142
Trd, 000007.583, 140
Trd, 000007.850, 141
Trd, 000008.383, 141
Trd, 000009.467, 144
Trd, 000009.600, 144
Trd, 000009.967, 145
Trd, 000010.083, 149
Trd, 000011.683, 149
Trd, 000012.267, 150
Trd, 000012.500, 150
Trd, 000012.650, 149
Trd, 000012.733, 150
Trd, 000013.400, 148
Trd, 000013.483, 149
Trd, 000013.667, 150
Trd, 000014.950, 149
Trd, 000015.533, 150
Trd, 000017.183, 150
Trd, 000017.450, 151
Trd, 000018.250, 149
Trd, 000018.600, 149
Trd, 000018.650, 150
Trd, 000019.417, 152
Trd, 000019.767, 152
Trd, 000020.117, 151
Trd, 000020.167, 151
Trd, 000020.850, 152
Trd, 000021.183, 152
Trd, 000021.283, 153
Trd, 000021.433, 151
Trd, 000021.783, 150
Trd, 000022.033, 149
Trd, 000023.533, 152
Trd, 000024.017, 151
Trd, 000024.100, 149
Trd, 000024.683, 153
Trd, 000025.200, 153
Trd, 000025.600, 149
Trd, 000026.950, 149
Trd, 000027.867, 150
Trd, 000028.217, 152
Trd, 000028.733, 151
Trd, 000028.750, 150
Trd, 000029.750, 149
Trd, 000029.800, 151
Trd, 000030.367, 148
Trd, 000030.917, 148
Trd, 000031.017, 148
Trd, 000031.200, 152
Trd, 000031.900, 154
Trd, 000032.717, 152
Trd, 000032.900, 145
Trd, 000033.433, 149
Trd, 000034.500, 145
Trd, 000034.583, 146
Trd, 000034.783, 145
Trd, 000034.900, 146
Trd, 000035.717, 142
Trd, 000036.583, 144
Trd, 000037.000, 143
Trd, 000037.267, 143
Trd, 000037.400, 144
Trd, 000038.633, 148
Trd, 000039.100, 147
Trd, 000039.700, 148
Trd, 000041.250, 148
Trd, 000041.350, 148
Trd, 000042.000, 147
Trd, 000042.467, 148
Trd, 000042.517, 148
Trd, 000043.083, 151
Trd, 000043.750, 151
Trd, 000044.583, 149
Trd, 000044.950, 150
Trd, 000045.483, 150
Trd, 000045.950, 150
Trd, 000046.400, 150
Trd, 000046.417, 151
Trd, 000048.150, 153
Trd, 000048.500, 153
Trd, 000049.217, 153
Trd, 000049.650, 152
Trd, 000049.883, 152
Trd, 000049.900, 153
Trd, 000051.733, 154
Trd, 000051.783, 153
Trd, 000052.250, 153
Trd, 000052.267, 152
Trd, 000052.517, 154
Trd, 000052.800, 153
Trd, 000053.917, 153
Trd, 000054.383, 156
Trd, 000055.233, 160
Trd, 000055.433, 155
Trd, 000056.283, 153
Trd, 000056.433, 161
Trd, 000056.567, 154
Trd, 000057.033, 152
Trd, 000058.467, 156
Trd, 000058.967, 154
Trd, 000059.200, 154
Trd, 000059.400, 156
Trd, 000060.000, 155
Trd, 000060.050, 154
Trd, 000060.400, 155
Trd, 000060.650, 157
Trd, 000061.117, 161
Trd, 000061.367, 164
Trd, 000061.683, 154
Trd, 000062.033, 159
Trd, 000062.183, 158
Trd, 000062.217, 161
Trd, 000063.000, 162
Trd, 000063.433, 162
Trd, 000063.950, 163
Trd, 000065.550, 164
Trd, 000066.200, 165
Trd, 000066.300, 157
Trd, 000067.100, 168
Trd, 000067.117, 159
Trd, 000067.450, 149
Trd, 000068.300, 152
Trd, 000068.933, 149
Trd, 000069.917, 150
Trd, 000070.083, 151
Trd, 000070.433, 150
Trd, 000071.217, 150
Trd, 000071.833, 155
Trd, 000072.417, 152
Trd, 000073.683, 150
Trd, 000073.800, 151
Trd, 000074.783, 158
Trd, 000075.167, 156
Trd, 000075.233, 156
Trd, 000075.400, 161
Trd, 000075.433, 155
Trd, 000076.200, 161
Trd, 000076.667, 158
Trd, 000076.733, 158
Trd, 000077.317, 159
Trd, 000077.967, 157
Trd, 000078.283, 159
Trd, 000078.400, 155
Trd, 000079.133, 143
Trd, 000080.567, 154
Trd, 000081.033, 153
Trd, 000081.550, 151
Trd, 000081.967, 152
Trd, 000082.450, 153
Trd, 000083.200, 154
Trd, 000083.850, 153
Trd, 000084.300, 152
Trd, 000084.550, 151
Trd, 000085.017, 153
Trd, 000085.450, 153
Trd, 000085.500, 152
Trd, 000085.850, 151
Trd, 000086.017, 153
Trd, 000086.367, 161
Trd, 000088.350, 155
Trd, 000088.700, 154
Trd, 000089.483, 153
Trd, 000089.583, 155
Trd, 000089.950, 155
Trd, 000090.400, 155
Trd, 000090.883, 156
Trd, 000091.433, 156
Trd, 000091.833, 155
Trd, 000092.283, 157
Trd, 000093.100, 154
Trd, 000093.200, 155
Trd, 000093.900, 154
Trd, 000094.400, 153
Trd, 000094.733, 154
Trd, 000095.217, 154
Trd, 000095.733, 154
Trd, 000096.400, 152
Trd, 000097.350, 154
Trd, 000097.500, 155
Trd, 000097.817, 155
Trd, 000097.933, 156
Trd, 000099.333, 158
Trd, 000099.717, 155
Trd, 000100.283, 157
Trd, 000100.533, 157
Trd, 000100.850, 156
Trd, 000101.233, 156
Trd, 000101.500, 157
Trd, 000102.350, 157
Trd, 000103.583, 158
Trd, 000103.633, 158
Trd, 000103.767, 161
Trd, 000104.317, 157
Trd, 000104.833, 156
Trd, 000105.333, 156
Trd, 000105.717, 155
Trd, 000105.750, 157
Trd, 000108.867, 157
Trd, 000108.983, 156
Trd, 000109.283, 155
Trd, 000109.717, 155
Trd, 000109.800, 157
Trd, 000110.650, 156
Trd, 000110.867, 157
Trd, 000111.183, 155
Trd, 000111.967, 157
Trd, 000112.350, 157
Trd, 000112.850, 158
Trd, 000113.633, 158
Trd, 000113.650, 159
Trd, 000114.367, 158
Trd, 000114.617, 157
Trd, 000115.083, 157
Trd, 000115.167, 156
Trd, 000116.300, 159
Trd, 000116.633, 169
Trd, 000116.917, 153
Trd, 000117.950, 160
Trd, 000118.950, 160
Trd, 000119.283, 159
Trd, 000119.917, 158
Trd, 000120.183, 157
Trd, 000120.400, 159
Trd, 000120.533, 155
Trd, 000120.567, 160
Trd, 000120.850, 154
Trd, 000121.083, 161
Trd, 000121.417, 162
Trd, 000122.100, 170
Trd, 000122.333, 181
Trd, 000123.000, 187
Trd, 000123.367, 266
Trd, 000124.300, 300.0
Trd, 000125.650, 303.0
Trd, 000126.200, 331.0
Trd, 000126.400, 339
Trd, 000128.017, 334
Trd, 000128.250, 329
Trd, 000128.350, 335
Trd, 000128.750, 335
Trd, 000129.833, 337
Trd, 000130.333, 341.0
Trd, 000130.400, 344.0
Trd, 000131.233, 338
Trd, 000132.267, 338
Trd, 000132.417, 351.0
Trd, 000133.067, 354.0
Trd, 000133.600, 355.0
Trd, 000133.717, 342.0
Trd, 000134.817, 344
Trd, 000134.967, 346.0
Trd, 000135.533, 343
Trd, 000135.717, 344.0
Trd, 000136.267, 344
Trd, 000136.367, 344.0
Trd, 000136.550, 346.0
Trd, 000137.067, 344.0
Trd, 000137.783, 344.0
Trd, 000138.300, 344
Trd, 000138.483, 341.0
Trd, 000138.517, 344.0
Trd, 000138.550, 348.0
Trd, 000138.633, 351.0
Trd, 000138.767, 355.0
Trd, 000141.233, 343.0
Trd, 000141.933, 343.0
Trd, 000141.983, 344.0
Trd, 000142.100, 343
Trd, 000142.400, 342
Trd, 000142.967, 343
Trd, 000143.483, 341.0
Trd, 000144.233, 342
Trd, 000145.833, 341
Trd, 000146.267, 341.0
Trd, 000147.017, 342
Trd, 000147.400, 343
Trd, 000147.700, 342
Trd, 000148.383, 343
Trd, 000148.650, 344
Trd, 000149.483, 343
Trd, 000150.133, 344
Trd, 000150.567, 346
Trd, 000151.500, 348.0
Trd, 000151.817, 342
Trd, 000152.233, 344.0
Trd, 000152.267, 341.0
Trd, 000152.683, 355.0
Trd, 000153.817, 351.0
Trd, 000154.767, 343
Trd, 000154.967, 344.0
Trd, 000155.867, 346
Trd, 000156.033, 346
Trd, 000156.350, 346
Trd, 000156.567, 345
Trd, 000156.700, 347
Trd, 000157.350, 346
Trd, 000157.700, 347.0
Trd, 000157.867, 348.0
Trd, 000157.917, 348
Trd, 000158.233, 353
Trd, 000158.533, 357
Trd, 000159.850, 355
Trd, 000159.917, 358
Trd, 000159.950, 351
Trd, 000161.783, 349
Trd, 000161.800, 349
Trd, 000162.483, 349.0
Trd, 000162.967, 349
Trd, 000163.417, 350
Trd, 000164.100, 350.0
Trd, 000164.317, 344.0
Trd, 000164.650, 349.0
Trd, 000165.017, 347
Trd, 000165.550, 347
Trd, 000166.150, 349
Trd, 000166.317, 348
Trd, 000167.533, 343
Trd, 000168.817, 343
Trd, 000169.183, 344.0
Trd, 000169.583, 344.0
Trd, 000169.867, 345.0
Trd, 000170.417, 345
Trd, 000170.917, 342.0
Trd, 000171.383, 343.0
Trd, 000171.867, 344.0
Trd, 000172.317, 344
Trd, 000172.933, 349.0
Trd, 000173.517, 346
Trd, 000173.667, 348.0
Trd, 000174.783, 345
Trd, 000175.350, 346
Trd, 000175.633, 346
Trd, 000176.133, 345
Trd, 000176.583, 345
Trd, 000176.800, 347
Trd, 000177.000, 348.0
Trd, 000177.400, 344
Trd, 000178.083, 342.0
Trd, 000178.600, 347
Trd, 000178.850, 346
Trd, 000179.317, 346
Trd, 000179.400, 346
Trd, 000180.217, 344
Trd, 000180.567, 345
Trd, 000180.667, 341
Trd, 000180.683, 341
Trd, 000181.367, 341
Trd, 000182.450, 338
Trd, 000182.467, 339
Trd, 000182.483, 334
Trd, 000182.683, 324.0
Trd, 000183.033, 300
Trd, 000183.733, 241
Trd, 000183.900, 235
Trd, 000184.450, 211
Trd, 000185.400, 200
Trd, 000185.683, 197
Trd, 000185.700, 193
Trd, 000186.150, 187
Trd, 000186.433, 194
Trd, 000187.500, 183
Trd, 000187.550, 174
Trd, 000188.250, 169
Trd, 000189.517, 166
Trd, 000190.583, 165
Trd, 000190.700, 164
Trd, 000190.900, 163
Trd, 000191.267, 165
Trd, 000191.567, 167
Trd, 000192.017, 166
Trd, 000192.950, 165
Trd, 000193.650, 166
Trd, 000194.317, 165
Trd, 000194.600, 167
Trd, 000194.717, 170
Trd, 000194.983, 164
Trd, 000196.233, 167
Trd, 000196.250, 167
Trd, 000196.350, 167
Trd, 000197.467, 168
Trd, 000198.000, 168
Trd, 000198.433, 167
Trd, 000198.450, 169
Trd, 000198.667, 166
Trd, 000199.333, 165
Trd, 000199.550, 166
Trd, 000199.800, 166
Trd, 000200.317, 168
Trd, 000200.833, 167
Trd, 000201.567, 166
Trd, 000202.100, 166
Trd, 000202.817, 166
Trd, 000203.200, 166
Trd, 000204.633, 170
Trd, 000205.167, 171
Trd, 000206.750, 173
Trd, 000207.100, 174
Trd, 000207.317, 173
Trd, 000207.467, 174
Trd, 000208.133, 173
Trd, 000210.050, 174
Trd, 000210.100, 173
Trd, 000210.300, 176
Trd, 000210.317, 172
Trd, 000210.517, 176
Trd, 000211.467, 172
Trd, 000212.317, 177
Trd, 000212.950, 177
Trd, 000213.233, 175
Trd, 000213.417, 177
Trd, 000214.467, 178
Trd, 000214.617, 178
Trd, 000216.017, 177
Trd, 000216.467, 178
Trd, 000216.550, 179
Trd, 000217.000, 177
Trd, 000217.117, 176
Trd, 000218.400, 175
Trd, 000218.917, 175
Trd, 000219.433, 174
Trd, 000220.217, 176
Trd, 000220.333, 177
Trd, 000220.583, 180
Trd, 000222.233, 180
Trd, 000223.400, 179
Trd, 000223.617, 177
Trd, 000223.767, 178
Trd, 000223.800, 177
Trd, 000224.117, 177
Trd, 000224.517, 178
Trd, 000225.350, 178
Trd, 000225.367, 188
Trd, 000225.967, 177
Trd, 000226.533, 176
Trd, 000226.683, 175
Trd, 000227.400, 174
Trd, 000228.900, 174
Trd, 000228.983, 174
Trd, 000229.183, 173
Trd, 000229.783, 173
Trd, 000229.867, 170
Trd, 000230.283, 171
Trd, 000230.450, 170
Trd, 000231.067, 171
Trd, 000231.283, 170
Trd, 000231.667, 167
Trd, 000232.617, 171
Trd, 000234.100, 169
Trd, 000234.283, 168
Trd, 000234.333, 169
Trd, 000234.933, 168
Trd, 000235.617, 167
Trd, 000236.150, 168
Trd, 000236.183, 167
Trd, 000237.267, 171
Trd, 000237.333, 168
Trd, 000238.217, 170
Trd, 000238.233, 172
Trd, 000238.500, 176
Trd, 000240.267, 171
Trd, 000240.500, 169
Trd, 000240.850, 170
Trd, 000241.000, 170
Trd, 000241.550, 170
Trd, 000241.617, 171
Trd, 000242.017, 170
Trd, 000242.033, 169
Trd, 000242.467, 171
Trd, 000242.517, 172
Trd, 000243.300, 168
Trd, 000244.050, 169
Trd, 000244.167, 170
Trd, 000244.200, 168
Trd, 000244.333, 165
Trd, 000244.667, 166
Trd, 000245.200, 165
Trd, 000245.833, 168
Trd, 000246.267, 168
Trd, 000246.350, 169
Trd, 000246.867, 168
Trd, 000247.983, 169
Trd, 000248.100, 169
Trd, 000248.667, 169
Trd, 000249.167, 168
Trd, 000249.417, 169
Trd, 000250.167, 169
Trd, 000250.233, 170
Trd, 000250.350, 172
Trd, 000250.383, 176
Trd, 000251.533, 171
Trd, 000251.633, 173
Trd, 000251.933, 173
Trd, 000252.450, 173
Trd, 000252.533, 171
Trd, 000252.883, 176
Trd, 000252.917, 180
Trd, 000253.100, 183
Trd, 000254.450, 175
Trd, 000254.783, 178
Trd, 000254.933, 177
Trd, 000255.100, 173
Trd, 000255.333, 170
Trd, 000255.467, 173
Trd, 000255.717, 173
Trd, 000256.450, 173
Trd, 000256.967, 173
Trd, 000257.517, 174
Trd, 000257.650, 174
Trd, 000258.333, 174
Trd, 000258.500, 174
Trd, 000258.800, 180
Trd, 000258.917, 173
Trd, 000259.600, 178
Trd, 000260.217, 177
Trd, 000261.050, 178
Trd, 000261.333, 177
Trd, 000261.367, 179
Trd, 000261.600, 181
Trd, 000262.867, 182
Trd, 000263.083, 181
Trd, 000263.400, 182
Trd, 000263.850, 181
Trd, 000263.967, 181
Trd, 000264.167, 181
Trd, 000264.450, 177
Trd, 000264.900, 184
Trd, 000265.317, 177
Trd, 000265.883, 176
Trd, 000266.217, 200
Trd, 000266.300, 180
Trd, 000266.333, 201
Trd, 000266.917, 175
Trd, 000267.517, 177
Trd, 000268.017, 178
Trd, 000268.900, 182
Trd, 000268.950, 180
Trd, 000269.217, 183
Trd, 000269.233, 183
Trd, 000269.467, 184
Trd, 000269.783, 180
Trd, 000270.133, 184
Trd, 000270.883, 181
Trd, 000271.050, 182
Trd, 000271.833, 181
Trd, 000271.850, 181
Trd, 000272.550, 181
Trd, 000272.617, 179
Trd, 000272.833, 181
Trd, 000273.700, 178
Trd, 000274.067, 179
Trd, 000274.300, 180
Trd, 000274.567, 179
Trd, 000275.100, 178
Trd, 000275.133, 179
Trd, 000275.517, 179
Trd, 000275.717, 178
Trd, 000275.867, 180
Trd, 000276.667, 175
Trd, 000276.833, 179
Trd, 000277.700, 175
Trd, 000277.833, 181
Trd, 000278.983, 182
Trd, 000279.633, 178
Trd, 000279.683, 173
Trd, 000279.700, 176
Trd, 000280.183, 172
Trd, 000280.267, 178
Trd, 000280.917, 169
Trd, 000281.500, 176
Trd, 000281.683, 173
Trd, 000281.850, 175
Trd, 000282.200, 176
Trd, 000282.700, 174
Trd, 000283.100, 175
Trd, 000283.683, 176
Trd, 000283.767, 174
Trd, 000284.783, 176
Trd, 000285.217, 175
Trd, 000285.567, 172
Trd, 000285.833, 176
Trd, 000285.883, 172
Trd, 000286.033, 177
Trd, 000286.350, 177
Trd, 000287.083, 172
Trd, 000287.683, 172
Trd, 000288.233, 172
Trd, 000288.833, 171
Trd, 000289.200, 173
Trd, 000289.417, 173
Trd, 000289.517, 176
Trd, 000290.650, 176
Trd, 000290.983, 176
Trd, 000291.017, 177
Trd, 000291.150, 175
Trd, 000291.550, 176
Trd, 000292.000, 177
Trd, 000292.067, 173
Trd, 000292.300, 172
Trd, 000293.333, 179
Trd, 000293.867, 178
Trd, 000294.650, 173
Trd, 000295.583, 179
Trd, 000295.850, 179
Trd, 000296.200, 178
Trd, 000296.783, 177
Trd, 000296.867, 178
Trd, 000296.883, 176
Trd, 000297.400, 174
Trd, 000298.617, 178
Trd, 000299.000, 175
Trd, 000299.417, 178
Trd, 000299.567, 178
Trd, 000299.667, 177
Trd, 000299.717, 180
Trd, 000299.850, 180
