Trd, 000001.317, 110
Trd, 000002.833, 145
Trd, 000003.017, 144
Trd, 000003.133, 148
Trd, 000003.850, 151
Trd, 000005.083, 157
Trd, 000005.250, 155
Trd, 000005.650, 149
Trd, 000005.917, 148
Trd, 000006.083, 154
Trd, 000006.267, 149
Trd, 000006.433, 155
Trd, 000007.317, 147
Trd, 000007.533, 146
Trd, 000009.100, 147
Trd, 000009.567, 148
Trd, 000010.467, 149
Trd, 000010.600, 147
Trd, 000010.717, 148
Trd, 000011.667, 149
Trd, 000012.033, 148
Trd, 000012.083, 149
Trd, 000012.267, 148
Trd, 000012.367, 149
Trd, 000013.233, 148
Trd, 000014.033, 156
Trd, 000014.333, 152
Trd, 000014.783, 152
Trd, 000014.817, 148
Trd, 000015.333, 149
Trd, 000016.417, 152
Trd, 000017.417, 150
Trd, 000017.600, 151
Trd, 000017.683, 151
Trd, 000018.350, 149
Trd, 000018.900, 148
Trd, 000021.583, 150
Trd, 000022.700, 149
Trd, 000022.783, 146
Trd, 000023.833, 149
Trd, 000023.983, 149
Trd, 000024.183, 149
Trd, 000025.100, 150
Trd, 000025.133, 153
Trd, 000025.150, 147
Trd, 000026.033, 148
Trd, 000026.733, 150
Trd, 000027.167, 155
Trd, 000027.783, 154
Trd, 000028.133, 149
Trd, 000028.333, 160
Trd, 000029.150, 154
Trd, 000029.483, 154
Trd, 000031.517, 155
Trd, 000033.367, 152
Trd, 000034.033, 151
Trd, 000034.317, 150
Trd, 000035.167, 139
Trd, 000035.550, 145
Trd, 000035.767, 147
Trd, 000036.067, 146
Trd, 000036.533, 147
Trd, 000036.983, 151
Trd, 000037.717, 144
Trd, 000038.400, 146
Trd, 000038.867, 144
Trd, 000039.150, 145
Trd, 000039.600, 148
Trd, 000040.200, 145
Trd, 000040.500, 148
Trd, 000040.833, 147
Trd, 000041.433, 148
Trd, 000041.467, 143
Trd, 000042.183, 152
Trd, 000042.317, 155
Trd, 000043.350, 158
Trd, 000043.867, 159
Trd, 000045.400, 152
Trd, 000046.483, 151
Trd, 000046.967, 154
Trd, 000047.317, 152
Trd, 000048.017, 153
Trd, 000048.317, 151
Trd, 000048.667, 150
Trd, 000049.817, 150
Trd, 000050.017, 149
Trd, 000050.167, 150
Trd, 000050.383, 149
Trd, 000051.150, 151
Trd, 000052.550, 152
Trd, 000052.783, 153
Trd, 000052.917, 152
Trd, 000053.817, 156
Trd, 000054.517, 156
Trd, 000054.717, 157
Trd, 000055.017, 152
Trd, 000055.267, 160
Trd, 000055.333, 161
Trd, 000055.800, 162
Trd, 000056.250, 157
Trd, 000056.350, 155
Trd, 000057.517, 160
Trd, 000058.533, 154
Trd, 000058.650, 151
Trd, 000059.500, 152
Trd, 000060.050, 151
Trd, 000060.100, 146
Trd, 000060.267, 134
Trd, 000062.450, 152
Trd, 000062.583, 153
Trd, 000063.033, 150
Trd, 000064.183, 151
Trd, 000064.517, 156
Trd, 000065.033, 156
Trd, 000065.583, 152
Trd, 000066.467, 152
Trd, 000066.600, 152
Trd, 000067.050, 155
Trd, 000067.233, 151
Trd, 000067.683, 149
Trd, 000068.000, 152
Trd, 000068.600, 147
Trd, 000069.000, 150
Trd, 000069.350, 151
Trd, 000069.833, 152
Trd, 000071.067, 153
Trd, 000072.333, 153
Trd, 000073.533, 156
Trd, 000073.550, 158
Trd, 000075.017, 158
Trd, 000075.267, 157
Trd, 000075.650, 156
Trd, 000075.917, 158
Trd, 000076.067, 158
Trd, 000076.333, 159
Trd, 000077.683, 156
Trd, 000079.283, 155
Trd, 000079.833, 155
Trd, 000080.833, 156
Trd, 000081.033, 157
Trd, 000081.050, 159
Trd, 000081.133, 159
Trd, 000082.167, 155
Trd, 000083.567, 159
Trd, 000084.367, 159
Trd, 000085.117, 159
Trd, 000085.283, 163
Trd, 000086.250, 159
Trd, 000086.650, 156
Trd, 000086.683, 155
Trd, 000086.867, 161
Trd, 000087.167, 155
Trd, 000088.733, 158
Trd, 000089.417, 157
Trd, 000089.583, 164
Trd, 000090.817, 161
Trd, 000091.533, 158
Trd, 000092.233, 159
Trd, 000092.350, 162
Trd, 000093.150, 160
Trd, 000093.183, 158
Trd, 000093.317, 160
Trd, 000093.467, 161
Trd, 000094.567, 162
Trd, 000095.250, 159
Trd, 000095.667, 158
Trd, 000095.717, 158
Trd, 000095.867, 158
Trd, 000096.000, 156
Trd, 000097.733, 161
Trd, 000098.783, 156
Trd, 000098.883, 155
Trd, 000099.467, 159
Trd, 000100.133, 157
Trd, 000100.567, 158
Trd, 000100.900, 157
Trd, 000101.133, 157
Trd, 000101.650, 158
Trd, 000101.767, 159
Trd, 000102.967, 159
Trd, 000102.983, 155
Trd, 000103.100, 159
Trd, 000103.133, 164
Trd, 000104.167, 154
Trd, 000105.467, 154
Trd, 000105.483, 153
Trd, 000106.317, 161
Trd, 000106.483, 162
Trd, 000107.233, 153
Trd, 000109.433, 158
Trd, 000109.883, 157
Trd, 000110.550, 157
Trd, 000110.850, 156
Trd, 000110.900, 159
Trd, 000111.250, 158
Trd, 000111.967, 157
Trd, 000112.150, 156
Trd, 000112.283, 158
Trd, 000112.517, 156
Trd, 000113.900, 158
Trd, 000114.500, 159
Trd, 000114.550, 160
Trd, 000114.567, 166
Trd, 000116.200, 158
Trd, 000116.233, 155
Trd, 000118.417, 159
Trd, 000118.500, 160
Trd, 000118.583, 163
Trd, 000118.650, 163
Trd, 000118.717, 158
Trd, 000119.083, 170
Trd, 000119.583, 159
Trd, 000120.883, 159
Trd, 000121.167, 167
Trd, 000122.183, 168
Trd, 000122.633, 177
Trd, 000123.433, 165
Trd, 000123.500, 182
Trd, 000123.617, 198
Trd, 000123.767, 287
Trd, 000124.900, 305
Trd, 000125.150, 306.0
Trd, 000125.317, 310.0
Trd, 000126.683, 315
Trd, 000127.150, 331.0
Trd, 000127.683, 317
Trd, 000128.317, 325
Trd, 000128.767, 326
Trd, 000128.783, 331.0
Trd, 000129.117, 329
Trd, 000129.667, 337.0
Trd, 000131.417, 329
Trd, 000132.217, 334
Trd, 000133.483, 341
Trd, 000133.967, 339
Trd, 000134.583, 348.0
Trd, 000134.617, 351.0
Trd, 000134.867, 338
Trd, 000136.633, 340
Trd, 000137.100, 342
Trd, 000137.167, 342
Trd, 000137.300, 341
Trd, 000137.383, 336
Trd, 000137.683, 345
Trd, 000138.400, 355
Trd, 000139.333, 337.0
Trd, 000139.750, 334
Trd, 000140.133, 339
Trd, 000140.483, 340
Trd, 000141.900, 334
Trd, 000141.933, 333.0
Trd, 000142.467, 339
Trd, 000143.350, 336
Trd, 000144.250, 337
Trd, 000144.650, 339
Trd, 000144.950, 339.0
Trd, 000145.217, 342
Trd, 000145.400, 347.0
Trd, 000145.900, 348.0
Trd, 000146.633, 351.0
Trd, 000146.800, 340
Trd, 000147.517, 342
Trd, 000148.150, 349
Trd, 000148.533, 350
Trd, 000149.200, 351
Trd, 000149.800, 350.0
Trd, 000150.100, 346
Trd, 000151.600, 350
Trd, 000151.833, 349
Trd, 000152.483, 350.0
Trd, 000153.750, 345.0
Trd, 000153.800, 349.0
Trd, 000155.100, 349.0
Trd, 000155.700, 349
Trd, 000155.717, 351
Trd, 000155.767, 344.0
Trd, 000157.633, 344.0
Trd, 000159.533, 350
Trd, 000159.700, 350
Trd, 000159.883, 351
Trd, 000160.500, 350
Trd, 000160.600, 351.0
Trd, 000161.250, 351
Trd, 000161.933, 352
Trd, 000162.233, 340
Trd, 000162.667, 351
Trd, 000162.683, 352
Trd, 000163.050, 340
Trd, 000163.567, 335.0
Trd, 000163.700, 334.0
Trd, 000163.983, 355
Trd, 000164.733, 336
Trd, 000165.317, 342
Trd, 000165.967, 346
Trd, 000166.250, 351
Trd, 000167.150, 335
Trd, 000167.300, 340
Trd, 000167.867, 346
Trd, 000168.000, 348.0
Trd, 000170.350, 345.0
Trd, 000170.450, 347.0
Trd, 000171.017, 339
Trd, 000171.167, 339
Trd, 000171.883, 340
Trd, 000172.517, 344.0
Trd, 000173.167, 347
Trd, 000173.817, 348.0
Trd, 000173.833, 351.0
Trd, 000174.267, 347
Trd, 000174.600, 349
Trd, 000175.317, 349
Trd, 000175.583, 347
Trd, 000176.433, 347
Trd, 000176.800, 355.0
Trd, 000177.500, 346
Trd, 000178.350, 338
Trd, 000178.850, 352
Trd, 000178.917, 353
Trd, 000179.917, 351.0
Trd, 000180.283, 344.0
Trd, 000181.283, 350
Trd, 000181.333, 343
Trd, 000181.467, 342
Trd, 000181.600, 341
Trd, 000181.733, 341
Trd, 000181.800, 340
Trd, 000182.733, 334.0
Trd, 000183.417, 324
Trd, 000183.967, 302
Trd, 000184.200, 283
Trd, 000184.517, 233
Trd, 000184.583, 204
Trd, 000184.733, 241
Trd, 000185.383, 197
Trd, 000185.900, 193
Trd, 000186.400, 195
Trd, 000187.600, 194
Trd, 000187.883, 191
Trd, 000188.183, 192
Trd, 000188.617, 190
Trd, 000189.750, 177
Trd, 000190.617, 174
Trd, 000190.833, 164
Trd, 000190.850, 180
Trd, 000191.550, 165
Trd, 000192.250, 163
Trd, 000193.000, 167
Trd, 000193.433, 166
Trd, 000193.933, 167
Trd, 000194.250, 166
Trd, 000194.833, 164
Trd, 000195.600, 167
Trd, 000195.633, 169
Trd, 000196.150, 168
Trd, 000196.633, 169
Trd, 000196.967, 170
Trd, 000198.333, 169
Trd, 000198.383, 167
Trd, 000199.667, 166
Trd, 000201.417, 167
Trd, 000201.533, 164
Trd, 000202.383, 167
Trd, 000202.533, 168
Trd, 000203.933, 166
Trd, 000204.267, 165
Trd, 000204.800, 164
Trd, 000206.150, 166
Trd, 000206.600, 165
Trd, 000206.767, 164
Trd, 000206.800, 166
Trd, 000207.933, 166
Trd, 000208.283, 167
Trd, 000209.250, 168
Trd, 000209.517, 169
Trd, 000209.967, 168
Trd, 000210.150, 176
Trd, 000210.250, 178
Trd, 000211.167, 178
Trd, 000211.517, 170
Trd, 000212.083, 171
Trd, 000213.450, 172
Trd, 000213.517, 176
Trd, 000213.717, 169
Trd, 000214.217, 176
Trd, 000214.717, 168
Trd, 000215.367, 173
Trd, 000215.617, 174
Trd, 000217.667, 170
Trd, 000217.800, 169
Trd, 000218.683, 171
Trd, 000218.767, 171
Trd, 000219.633, 169
Trd, 000220.300, 167
Trd, 000221.000, 167
Trd, 000221.567, 168
Trd, 000222.250, 173
Trd, 000222.500, 170
Trd, 000222.567, 177
Trd, 000223.450, 173
Trd, 000223.600, 173
Trd, 000223.750, 166
Trd, 000225.500, 166
Trd, 000227.333, 170
Trd, 000227.383, 169
Trd, 000228.067, 170
Trd, 000228.183, 173
Trd, 000228.350, 170
Trd, 000228.633, 174
Trd, 000228.817, 173
Trd, 000229.450, 174
Trd, 000230.817, 174
Trd, 000231.317, 169
Trd, 000231.583, 172
Trd, 000232.617, 172
Trd, 000232.867, 178
Trd, 000233.167, 173
Trd, 000233.617, 173
Trd, 000233.933, 170
Trd, 000235.817, 175
Trd, 000236.383, 173
Trd, 000236.500, 173
Trd, 000236.700, 171
Trd, 000238.467, 173
Trd, 000238.867, 172
Trd, 000238.933, 170
Trd, 000239.067, 177
Trd, 000240.083, 172
Trd, 000240.167, 176
Trd, 000240.283, 158
Trd, 000240.483, 173
Trd, 000240.767, 171
Trd, 000240.917, 173
Trd, 000241.633, 171
Trd, 000241.900, 170
Trd, 000242.067, 170
Trd, 000242.433, 170
Trd, 000242.617, 170
Trd, 000242.983, 170
Trd, 000243.700, 172
Trd, 000244.183, 180
Trd, 000245.100, 172
Trd, 000245.200, 169
Trd, 000245.283, 169
Trd, 000245.517, 170
Trd, 000245.850, 173
Trd, 000246.267, 181
Trd, 000246.283, 180
Trd, 000246.933, 177
Trd, 000247.050, 179
Trd, 000247.833, 180
Trd, 000248.350, 182
Trd, 000248.667, 180
Trd, 000248.867, 180
Trd, 000249.200, 177
Trd, 000249.850, 176
Trd, 000250.167, 172
Trd, 000250.967, 176
Trd, 000251.250, 173
Trd, 000251.333, 175
Trd, 000251.500, 169
Trd, 000252.000, 155
Trd, 000252.167, 160
Trd, 000252.433, 171
Trd, 000253.117, 166
Trd, 000254.083, 164
Trd, 000254.150, 163
Trd, 000254.483, 168
Trd, 000255.833, 165
Trd, 000255.933, 167
Trd, 000255.983, 180
Trd, 000256.050, 166
Trd, 000256.233, 190
Trd, 000257.283, 183
Trd, 000257.567, 184
Trd, 000257.783, 187
Trd, 000257.800, 188
Trd, 000258.300, 179
Trd, 000259.133, 179
Trd, 000259.283, 176
Trd, 000259.883, 177
Trd, 000260.867, 180
Trd, 000260.883, 181
Trd, 000261.050, 181
Trd, 000261.467, 181
Trd, 000262.083, 166
Trd, 000262.100, 160
Trd, 000262.367, 173
Trd, 000262.467, 170
Trd, 000263.917, 189
Trd, 000264.450, 188
Trd, 000265.067, 183
Trd, 000265.367, 183
Trd, 000265.600, 177
Trd, 000265.867, 184
Trd, 000266.867, 182
Trd, 000267.217, 183
Trd, 000267.683, 183
Trd, 000267.700, 180
Trd, 000267.833, 184
Trd, 000268.067, 180
Trd, 000268.550, 175
Trd, 000269.017, 175
Trd, 000269.100, 174
Trd, 000270.367, 179
Trd, 000270.983, 178
Trd, 000271.400, 178
Trd, 000271.633, 179
Trd, 000271.867, 178
Trd, 000272.567, 183
Trd, 000272.750, 177
Trd, 000272.817, 179
Trd, 000272.917, 179
Trd, 000273.717, 177
Trd, 000275.300, 181
Trd, 000275.400, 182
Trd, 000275.767, 178
Trd, 000276.367, 181
Trd, 000276.733, 180
Trd, 000277.017, 174
Trd, 000277.100, 172
Trd, 000278.183, 174
Trd, 000278.417, 167
Trd, 000279.233, 155
Trd, 000279.733, 164
Trd, 000280.050, 158
Trd, 000280.167, 166
Trd, 000280.217, 168
Trd, 000280.933, 170
Trd, 000281.567, 171
Trd, 000281.883, 172
Trd, 000282.117, 171
Trd, 000282.667, 176
Trd, 000282.750, 186
Trd, 000283.300, 181
Trd, 000283.317, 184
Trd, 000284.233, 179
Trd, 000284.700, 172
Trd, 000284.850, 184
Trd, 000285.317, 176
Trd, 000285.550, 178
Trd, 000286.600, 178
Trd, 000286.750, 179
Trd, 000287.200, 179
Trd, 000287.483, 176
Trd, 000288.067, 175
Trd, 000289.000, 169
Trd, 000289.283, 178
Trd, 000289.650, 178
Trd, 000289.783, 178
Trd, 000290.367, 177
Trd, 000290.433, 178
Trd, 000290.650, 179
Trd, 000290.867, 187
Trd, 000291.017, 174
Trd, 000291.083, 173
Trd, 000291.333, 190
Trd, 000291.683, 173
Trd, 000292.983, 174
Trd, 000293.717, 183
Trd, 000293.833, 186
Trd, 000294.067, 187
Trd, 000294.717, 178
Trd, 000295.017, 174
Trd, 000295.383, 193
Trd, 000295.617, 194
Trd, 000295.967, 195
Trd, 000295.983, 173
Trd, 000296.767, 191
Trd, 000296.917, 163
Trd, 000297.683, 192
Trd, 000298.400, 188
Trd, 000298.450, 187
Trd, 000298.867, 189
Trd, 000298.983, 185
Trd, 000299.650, 188
