Trd, 000000.417, 132
Trd, 000001.600, 117
Trd, 000001.883, 145
Trd, 000002.983, 129
Trd, 000003.517, 134
Trd, 000004.717, 137
Trd, 000005.183, 136
Trd, 000006.033, 147
Trd, 000006.050, 158
Trd, 000006.783, 146
Trd, 000007.000, 161
Trd, 000007.200, 168
Trd, 000007.383, 159
Trd, 000007.567, 158
Trd, 000007.817, 166
Trd, 000008.550, 158
Trd, 000008.967, 155
Trd, 000010.100, 160
Trd, 000011.017, 161
Trd, 000011.633, 161
Trd, 000012.000, 159
Trd, 000012.683, 153
Trd, 000013.250, 161
Trd, 000014.633, 160
Trd, 000015.200, 168
Trd, 000015.350, 163
Trd, 000017.350, 166
Trd, 000017.900, 165
Trd, 000017.983, 167
Trd, 000018.250, 168
Trd, 000019.200, 168
Trd, 000020.167, 167
Trd, 000020.583, 167
Trd, 000020.767, 167
Trd, 000020.883, 166
Trd, 000021.133, 159
Trd, 000021.250, 167
Trd, 000022.850, 166
Trd, 000022.983, 164
Trd, 000023.200, 162
Trd, 000024.150, 155
Trd, 000024.600, 157
Trd, 000024.900, 151
Trd, 000025.067, 149
Trd, 000025.833, 161
Trd, 000026.700, 161
Trd, 000027.533, 156
Trd, 000027.917, 152
Trd, 000028.367, 147
Trd, 000028.750, 156
Trd, 000028.950, 160
Trd, 000029.017, 141
Trd, 000029.133, 162
Trd, 000030.133, 165
Trd, 000030.567, 162
Trd, 000031.317, 163
Trd, 000031.383, 149
Trd, 000032.067, 168
Trd, 000033.317, 170
Trd, 000033.383, 166
Trd, 000033.950, 160
Trd, 000035.333, 168
Trd, 000036.100, 162
Trd, 000036.467, 161
Trd, 000037.417, 166
Trd, 000037.467, 162
Trd, 000038.400, 161
Trd, 000039.483, 162
Trd, 000039.733, 166
Trd, 000040.350, 165
Trd, 000040.817, 160
Trd, 000040.967, 156
Trd, 000041.033, 165
Trd, 000041.867, 164
Trd, 000042.317, 150
Trd, 000042.483, 149
Trd, 000042.917, 164
Trd, 000043.333, 151
Trd, 000043.500, 150
Trd, 000044.650, 149
Trd, 000044.867, 161
Trd, 000044.983, 153
Trd, 000046.450, 152
Trd, 000046.600, 152
Trd, 000047.717, 158
Trd, 000048.617, 153
Trd, 000049.367, 153
Trd, 000050.033, 153
Trd, 000050.467, 153
Trd, 000051.100, 156
Trd, 000051.217, 150
Trd, 000051.800, 163
Trd, 000052.150, 167
Trd, 000052.200, 157
Trd, 000052.850, 158
Trd, 000053.017, 149
Trd, 000053.417, 142
Trd, 000054.017, 152
Trd, 000054.933, 152
Trd, 000055.367, 149
Trd, 000055.750, 136
Trd, 000056.850, 147
Trd, 000057.250, 145
Trd, 000057.267, 139
Trd, 000058.367, 149
Trd, 000058.417, 148
Trd, 000058.483, 150
Trd, 000059.417, 159
Trd, 000059.617, 166
Trd, 000060.833, 156
Trd, 000061.167, 164
Trd, 000061.950, 162
Trd, 000062.767, 156
Trd, 000063.050, 155
Trd, 000063.167, 164
Trd, 000064.367, 168
Trd, 000065.867, 164
Trd, 000066.233, 163
Trd, 000066.400, 158
Trd, 000066.833, 160
Trd, 000067.050, 159
Trd, 000067.967, 164
Trd, 000068.567, 174
Trd, 000069.883, 160
Trd, 000070.200, 158
Trd, 000070.717, 156
Trd, 000071.000, 168
Trd, 000072.733, 152
Trd, 000074.500, 155
Trd, 000074.917, 155
Trd, 000075.467, 155
Trd, 000075.833, 157
Trd, 000076.167, 155
Trd, 000076.533, 162
Trd, 000076.567, 163
Trd, 000077.500, 161
Trd, 000078.000, 157
Trd, 000079.117, 161
Trd, 000079.400, 160
Trd, 000079.983, 164
Trd, 000080.317, 158
Trd, 000081.467, 166
Trd, 000081.600, 157
Trd, 000081.967, 156
Trd, 000082.233, 165
Trd, 000082.850, 156
Trd, 000083.200, 152
Trd, 000084.250, 145
Trd, 000084.617, 143
Trd, 000085.783, 164
Trd, 000086.083, 175
Trd, 000087.100, 161
Trd, 000087.317, 162
Trd, 000088.767, 161
Trd, 000089.417, 154
Trd, 000089.650, 153
Trd, 000090.783, 160
Trd, 000090.983, 163
Trd, 000091.517, 155
Trd, 000091.567, 154
Trd, 000092.050, 171
Trd, 000092.517, 147
Trd, 000092.600, 146
Trd, 000092.983, 165
Trd, 000093.833, 148
Trd, 000094.283, 146
Trd, 000094.933, 145
Trd, 000095.100, 150
Trd, 000095.500, 167
Trd, 000095.950, 162
Trd, 000096.533, 162
Trd, 000096.600, 143
Trd, 000096.850, 145
Trd, 000097.450, 144
Trd, 000097.667, 143
Trd, 000097.950, 168
Trd, 000099.600, 165
Trd, 000100.083, 159
Trd, 000101.333, 168
Trd, 000101.683, 172
Trd, 000101.883, 165
Trd, 000102.017, 168
Trd, 000102.217, 165
Trd, 000103.083, 168
Trd, 000103.767, 164
Trd, 000105.283, 164
Trd, 000105.517, 154
Trd, 000105.983, 153
Trd, 000106.000, 147
Trd, 000107.967, 160
Trd, 000108.100, 160
Trd, 000108.317, 156
Trd, 000108.950, 156
Trd, 000108.967, 154
Trd, 000109.400, 172
Trd, 000111.000, 165
Trd, 000112.983, 166
Trd, 000113.350, 162
Trd, 000113.933, 163
Trd, 000114.000, 162
Trd, 000114.067, 170
Trd, 000114.150, 173
Trd, 000114.183, 162
Trd, 000114.800, 158
Trd, 000116.833, 166
Trd, 000116.850, 162
Trd, 000117.417, 164
Trd, 000118.250, 169
Trd, 000119.150, 167
Trd, 000120.350, 168
Trd, 000120.400, 164
Trd, 000120.583, 170
Trd, 000121.083, 172
Trd, 000121.783, 174
Trd, 000122.483, 184
Trd, 000122.617, 198
Trd, 000122.900, 220
Trd, 000122.983, 228
Trd, 000123.650, 267
Trd, 000123.817, 303.0
Trd, 000124.417, 214
Trd, 000124.667, 327.0
Trd, 000125.417, 313.0
Trd, 000125.533, 326
Trd, 000127.100, 319
Trd, 000127.167, 317
Trd, 000127.283, 322
Trd, 000127.883, 316
Trd, 000128.200, 313
Trd, 000129.467, 362.0
Trd, 000129.933, 345.0
Trd, 000130.350, 344.0
Trd, 000130.367, 344
Trd, 000131.317, 345
Trd, 000131.350, 338
Trd, 000132.100, 354
Trd, 000132.300, 357
Trd, 000133.033, 344
Trd, 000134.883, 345
Trd, 000135.933, 345.0
Trd, 000136.417, 345.0
Trd, 000136.700, 349
Trd, 000136.917, 345
Trd, 000137.067, 352
Trd, 000138.100, 352
Trd, 000138.733, 346
Trd, 000139.733, 349
Trd, 000139.967, 345
Trd, 000140.833, 347
Trd, 000141.483, 353
Trd, 000141.617, 346
Trd, 000142.250, 350
Trd, 000142.283, 348
Trd, 000142.667, 358
Trd, 000143.050, 355
Trd, 000143.500, 348
Trd, 000143.517, 356
Trd, 000146.433, 354
Trd, 000146.833, 354
Trd, 000147.083, 353
Trd, 000147.367, 360
Trd, 000147.700, 362.0
Trd, 000148.233, 352
Trd, 000148.567, 352
Trd, 000151.483, 359
Trd, 000151.900, 354
Trd, 000152.617, 357
Trd, 000152.667, 352
Trd, 000153.200, 348
Trd, 000153.333, 344.0
Trd, 000155.133, 349
Trd, 000157.333, 352
Trd, 000157.400, 351
Trd, 000157.500, 353
Trd, 000157.733, 354
Trd, 000158.550, 348
Trd, 000159.250, 348
Trd, 000159.700, 347
Trd, 000160.250, 345
Trd, 000160.433, 358
Trd, 000161.350, 344.0
Trd, 000162.833, 342
Trd, 000162.867, 355
Trd, 000163.350, 341
Trd, 000164.017, 340
Trd, 000165.283, 340
Trd, 000165.500, 348
Trd, 000166.367, 347
Trd, 000166.533, 351
Trd, 000166.717, 338
Trd, 000167.150, 337.0
Trd, 000167.933, 351
Trd, 000168.833, 338
Trd, 000169.333, 349
Trd, 000170.333, 337.0
Trd, 000171.367, 338
Trd, 000171.400, 337
Trd, 000171.633, 336
Trd, 000171.750, 348
Trd, 000172.017, 351
Trd, 000172.150, 340
Trd, 000173.733, 344
Trd, 000174.000, 358
Trd, 000174.183, 357
Trd, 000174.467, 361
Trd, 000176.317, 353
Trd, 000176.967, 352
Trd, 000177.233, 351
Trd, 000177.817, 354
Trd, 000178.167, 350
Trd, 000179.650, 347
Trd, 000181.083, 354
Trd, 000181.367, 348
Trd, 000181.550, 355
Trd, 000182.600, 346.0
Trd, 000182.683, 344.0
Trd, 000182.883, 337.0
Trd, 000182.933, 334.0
Trd, 000183.567, 340
Trd, 000183.983, 322
Trd, 000184.100, 329
Trd, 000184.150, 298
Trd, 000185.067, 204
Trd, 000185.783, 207
Trd, 000186.000, 190
Trd, 000186.667, 190
Trd, 000186.867, 189
Trd, 000186.983, 183
Trd, 000187.717, 180
Trd, 000190.300, 182
Trd, 000190.417, 181
Trd, 000190.483, 183
Trd, 000190.767, 186
Trd, 000191.817, 187
Trd, 000192.583, 184
Trd, 000193.700, 166
Trd, 000194.067, 176
Trd, 000194.133, 175
Trd, 000194.517, 181
Trd, 000195.050, 175
Trd, 000196.983, 177
Trd, 000197.700, 179
Trd, 000198.233, 180
Trd, 000199.067, 182
Trd, 000199.483, 181
Trd, 000199.967, 183
Trd, 000200.150, 182
Trd, 000200.267, 176
Trd, 000200.467, 176
Trd, 000200.517, 174
Trd, 000201.283, 182
Trd, 000201.617, 184
Trd, 000202.033, 174
Trd, 000202.917, 174
Trd, 000203.350, 185
Trd, 000203.983, 182
Trd, 000205.050, 158
Trd, 000205.200, 157
Trd, 000206.633, 173
Trd, 000207.483, 174
Trd, 000207.750, 171
Trd, 000208.000, 171
Trd, 000208.383, 172
Trd, 000208.500, 169
Trd, 000208.683, 165
Trd, 000208.767, 179
Trd, 000208.967, 183
Trd, 000210.083, 172
Trd, 000210.233, 188
Trd, 000211.833, 178
Trd, 000213.067, 174
Trd, 000213.133, 172
Trd, 000213.517, 172
Trd, 000214.567, 172
Trd, 000214.700, 171
Trd, 000215.783, 179
Trd, 000216.833, 172
Trd, 000219.767, 174
Trd, 000219.883, 172
Trd, 000220.500, 172
Trd, 000220.550, 169
Trd, 000220.650, 175
Trd, 000220.683, 168
Trd, 000221.967, 180
Trd, 000222.367, 171
Trd, 000223.083, 170
Trd, 000223.233, 168
Trd, 000223.350, 166
Trd, 000223.383, 139
Trd, 000225.717, 175
Trd, 000226.800, 165
Trd, 000227.000, 162
Trd, 000228.833, 170
Trd, 000228.950, 170
Trd, 000229.167, 169
Trd, 000229.550, 174
Trd, 000230.117, 171
Trd, 000230.367, 181
Trd, 000230.467, 185
Trd, 000231.483, 188
Trd, 000231.850, 177
Trd, 000232.500, 176
Trd, 000232.883, 175
Trd, 000233.850, 173
Trd, 000234.483, 178
Trd, 000234.700, 172
Trd, 000235.750, 175
Trd, 000236.367, 176
Trd, 000236.633, 173
Trd, 000237.533, 176
Trd, 000238.483, 176
Trd, 000239.733, 177
Trd, 000239.867, 171
Trd, 000240.583, 180
Trd, 000240.817, 176
Trd, 000241.233, 182
Trd, 000241.733, 176
Trd, 000241.917, 176
Trd, 000241.933, 174
Trd, 000242.000, 172
Trd, 000242.667, 179
Trd, 000243.483, 176
Trd, 000244.183, 175
Trd, 000244.250, 174
Trd, 000245.233, 178
Trd, 000245.767, 177
Trd, 000246.200, 178
Trd, 000246.233, 177
Trd, 000246.433, 176
Trd, 000246.700, 173
Trd, 000246.900, 176
Trd, 000247.583, 173
Trd, 000248.633, 177
Trd, 000248.883, 176
Trd, 000249.217, 176
Trd, 000249.533, 175
Trd, 000249.567, 178
Trd, 000249.850, 183
Trd, 000250.117, 176
Trd, 000250.133, 192
Trd, 000250.967, 180
Trd, 000251.067, 177
Trd, 000251.083, 186
Trd, 000252.067, 178
Trd, 000252.517, 185
Trd, 000253.733, 180
Trd, 000253.967, 184
Trd, 000254.633, 177
Trd, 000255.133, 180
Trd, 000255.433, 180
Trd, 000255.633, 179
Trd, 000256.050, 179
Trd, 000256.267, 183
Trd, 000256.600, 182
Trd, 000256.617, 183
Trd, 000256.833, 179
Trd, 000257.367, 178
Trd, 000257.533, 183
Trd, 000258.683, 179
Trd, 000258.883, 180
Trd, 000259.417, 178
Trd, 000259.500, 176
Trd, 000260.183, 170
Trd, 000261.300, 172
Trd, 000261.550, 166
Trd, 000261.883, 181
Trd, 000262.417, 177
Trd, 000262.983, 177
Trd, 000263.550, 178
Trd, 000263.783, 177
Trd, 000263.900, 176
Trd, 000264.017, 175
Trd, 000264.817, 177
Trd, 000265.100, 178
Trd, 000265.350, 184
Trd, 000265.717, 177
Trd, 000265.817, 176
Trd, 000266.283, 183
Trd, 000266.867, 188
Trd, 000268.200, 189
Trd, 000268.283, 188
Trd, 000268.533, 186
Trd, 000268.550, 183
Trd, 000268.883, 189
Trd, 000269.067, 190
Trd, 000269.483, 192
Trd, 000269.833, 188
Trd, 000270.150, 188
Trd, 000271.183, 186
Trd, 000271.283, 180
Trd, 000271.517, 187
Trd, 000271.567, 179
Trd, 000271.950, 191
Trd, 000272.133, 187
Trd, 000272.533, 192
Trd, 000272.550, 184
Trd, 000272.917, 192
Trd, 000274.767, 189
Trd, 000274.983, 193
Trd, 000275.100, 192
Trd, 000275.617, 190
Trd, 000275.800, 190
Trd, 000276.000, 185
Trd, 000276.383, 191
Trd, 000276.633, 190
Trd, 000277.600, 192
Trd, 000277.750, 182
Trd, 000278.750, 178
Trd, 000279.517, 177
Trd, 000279.667, 172
Trd, 000279.783, 175
Trd, 000279.883, 177
Trd, 000279.983, 169
Trd, 000280.067, 173
Trd, 000280.817, 179
Trd, 000280.967, 181
Trd, 000281.250, 183
Trd, 000282.483, 179
Trd, 000282.800, 180
Trd, 000283.967, 179
Trd, 000284.033, 184
Trd, 000284.150, 179
Trd, 000285.317, 179
Trd, 000285.417, 172
Trd, 000285.567, 184
Trd, 000285.717, 176
Trd, 000286.367, 187
Trd, 000287.083, 192
Trd, 000287.350, 191
Trd, 000287.367, 186
Trd, 000287.567, 180
Trd, 000288.050, 181
Trd, 000288.683, 191
Trd, 000290.567, 194
Trd, 000290.767, 197
Trd, 000290.833, 185
Trd, 000290.933, 200
Trd, 000291.167, 184
Trd, 000291.433, 182
Trd, 000291.833, 181
Trd, 000292.200, 182
Trd, 000292.833, 182
Trd, 000293.033, 181
Trd, 000293.167, 180
Trd, 000293.350, 193
Trd, 000293.950, 191
Trd, 000294.017, 193
Trd, 000294.500, 179
Trd, 000294.900, 192
Trd, 000295.700, 191
Trd, 000296.217, 184
Trd, 000296.833, 184
Trd, 000296.933, 188
Trd, 000297.350, 173
Trd, 000297.617, 167
Trd, 000299.450, 192
Trd, 000299.467, 181
Trd, 000299.733, 194
