Trd, 000000.417, 155
Trd, 000001.533, 196
Trd, 000002.067, 170
Trd, 000003.233, 146
Trd, 000003.500, 145
Trd, 000004.783, 167
Trd, 000005.083, 149
Trd, 000005.217, 148
Trd, 000006.467, 155
Trd, 000006.617, 154
Trd, 000007.533, 154
Trd, 000007.600, 156
Trd, 000007.733, 162
Trd, 000008.633, 163
Trd, 000009.833, 150
Trd, 000010.933, 161
Trd, 000011.167, 159
Trd, 000012.400, 152
Trd, 000013.400, 145
Trd, 000013.833, 147
Trd, 000013.917, 154
Trd, 000014.033, 157
Trd, 000014.367, 158
Trd, 000014.783, 150
Trd, 000015.133, 157
Trd, 000015.583, 157
Trd, 000016.083, 158
Trd, 000016.383, 159
Trd, 000017.267, 157
Trd, 000018.533, 157
Trd, 000019.000, 153
Trd, 000019.167, 153
Trd, 000019.633, 150
Trd, 000020.250, 149
Trd, 000020.267, 150
Trd, 000021.150, 150
Trd, 000021.350, 150
Trd, 000021.483, 164
Trd, 000021.783, 150
Trd, 000023.467, 150
Trd, 000023.650, 156
Trd, 000023.917, 146
Trd, 000024.633, 151
Trd, 000026.217, 146
Trd, 000026.350, 146
Trd, 000026.400, 148
Trd, 000026.500, 149
Trd, 000026.767, 144
Trd, 000026.933, 143
Trd, 000027.300, 150
Trd, 000028.500, 144
Trd, 000028.600, 145
Trd, 000029.083, 146
Trd, 000029.267, 146
Trd, 000030.517, 151
Trd, 000031.067, 148
Trd, 000031.350, 165
Trd, 000031.550, 160
Trd, 000031.683, 167
Trd, 000031.883, 161
Trd, 000032.167, 158
Trd, 000032.917, 162
Trd, 000035.217, 172
Trd, 000035.333, 157
Trd, 000035.533, 154
Trd, 000037.583, 152
Trd, 000037.917, 144
Trd, 000038.100, 143
Trd, 000038.317, 151
Trd, 000038.650, 152
Trd, 000038.800, 142
Trd, 000039.067, 154
Trd, 000039.133, 161
Trd, 000039.850, 157
Trd, 000040.367, 153
Trd, 000040.700, 151
Trd, 000041.117, 156
Trd, 000042.533, 152
Trd, 000043.233, 155
Trd, 000044.150, 155
Trd, 000044.583, 179
Trd, 000044.817, 168
Trd, 000044.917, 172
Trd, 000044.933, 159
Trd, 000045.100, 156
Trd, 000045.800, 148
Trd, 000045.917, 144
Trd, 000047.033, 162
Trd, 000047.050, 163
Trd, 000047.417, 175
Trd, 000048.333, 161
Trd, 000048.617, 162
Trd, 000048.733, 160
Trd, 000048.817, 163
Trd, 000049.083, 163
Trd, 000049.717, 166
Trd, 000050.700, 166
Trd, 000051.133, 156
Trd, 000051.500, 156
Trd, 000052.517, 153
Trd, 000052.650, 168
Trd, 000052.817, 153
Trd, 000054.417, 161
Trd, 000054.433, 160
Trd, 000054.567, 162
Trd, 000054.783, 162
Trd, 000054.900, 163
Trd, 000054.967, 164
Trd, 000055.300, 157
Trd, 000055.933, 162
Trd, 000056.833, 166
Trd, 000058.417, 160
Trd, 000058.800, 159
Trd, 000059.667, 157
Trd, 000059.783, 162
Trd, 000060.233, 162
Trd, 000060.867, 163
Trd, 000061.700, 161
Trd, 000061.833, 160
Trd, 000062.183, 161
Trd, 000062.200, 151
Trd, 000062.233, 150
Trd, 000062.533, 162
Trd, 000063.867, 154
Trd, 000064.450, 157
Trd, 000064.700, 158
Trd, 000064.817, 161
Trd, 000065.250, 147
Trd, 000065.883, 148
Trd, 000066.483, 154
Trd, 000067.083, 153
Trd, 000067.367, 153
Trd, 000067.917, 150
Trd, 000068.683, 155
Trd, 000068.833, 155
Trd, 000068.850, 152
Trd, 000069.583, 164
Trd, 000070.217, 157
Trd, 000071.800, 157
Trd, 000071.917, 155
Trd, 000072.350, 152
Trd, 000073.133, 151
Trd, 000073.283, 158
Trd, 000074.900, 155
Trd, 000075.683, 154
Trd, 000076.017, 155
Trd, 000076.383, 155
Trd, 000078.067, 154
Trd, 000078.533, 152
Trd, 000078.800, 152
Trd, 000079.517, 155
Trd, 000079.950, 151
Trd, 000080.067, 149
Trd, 000080.150, 155
Trd, 000080.733, 155
Trd, 000080.783, 156
Trd, 000082.167, 153
Trd, 000082.200, 155
Trd, 000083.167, 151
Trd, 000083.717, 153
Trd, 000083.933, 154
Trd, 000084.867, 154
Trd, 000084.950, 155
Trd, 000084.983, 153
Trd, 000085.300, 156
Trd, 000085.683, 165
Trd, 000085.850, 164
Trd, 000086.067, 152
Trd, 000086.567, 165
Trd, 000088.100, 160
Trd, 000088.133, 166
Trd, 000088.700, 164
Trd, 000089.750, 156
Trd, 000090.217, 153
Trd, 000090.467, 157
Trd, 000092.567, 162
Trd, 000092.617, 160
Trd, 000092.800, 153
Trd, 000093.467, 162
Trd, 000094.233, 160
Trd, 000094.700, 153
Trd, 000095.800, 156
Trd, 000095.950, 157
Trd, 000096.817, 158
Trd, 000097.250, 150
Trd, 000097.500, 148
Trd, 000097.517, 159
Trd, 000098.167, 167
Trd, 000098.950, 170
Trd, 000099.950, 165
Trd, 000100.383, 161
Trd, 000101.250, 162
Trd, 000101.367, 155
Trd, 000101.667, 161
Trd, 000101.733, 147
Trd, 000103.033, 158
Trd, 000103.550, 159
Trd, 000103.850, 147
Trd, 000104.900, 159
Trd, 000105.050, 162
Trd, 000105.500, 160
Trd, 000105.783, 159
Trd, 000105.850, 161
Trd, 000106.400, 159
Trd, 000106.467, 158
Trd, 000107.467, 157
Trd, 000107.500, 158
Trd, 000107.667, 158
Trd, 000108.117, 155
Trd, 000108.400, 158
Trd, 000109.983, 159
Trd, 000110.983, 156
Trd, 000111.283, 158
Trd, 000111.483, 159
Trd, 000111.533, 169
Trd, 000112.917, 155
Trd, 000113.233, 159
Trd, 000113.483, 160
Trd, 000113.667, 160
Trd, 000114.250, 161
Trd, 000114.500, 172
Trd, 000115.767, 163
Trd, 000116.400, 160
Trd, 000117.300, 160
Trd, 000117.517, 159
Trd, 000117.850, 160
Trd, 000118.000, 160
Trd, 000118.283, 161
Trd, 000118.717, 158
Trd, 000119.250, 161
Trd, 000119.417, 156
Trd, 000119.500, 155
Trd, 000121.117, 165
Trd, 000122.133, 166
Trd, 000122.250, 170
Trd, 000122.333, 174
Trd, 000122.650, 187
Trd, 000122.883, 198
Trd, 000122.933, 208
Trd, 000123.017, 242
Trd, 000123.033, 265
Trd, 000124.050, 313.0
Trd, 000124.233, 315
Trd, 000124.483, 327
Trd, 000124.733, 317.0
Trd, 000125.883, 346
Trd, 000127.167, 347.0
Trd, 000127.317, 344
Trd, 000127.417, 348.0
Trd, 000127.633, 345.0
Trd, 000128.450, 344.0
Trd, 000129.433, 340
Trd, 000130.300, 348
Trd, 000130.433, 338.0
Trd, 000131.983, 345
Trd, 000132.617, 348
Trd, 000132.683, 348.0
Trd, 000132.900, 346
Trd, 000133.350, 345
Trd, 000134.383, 349
Trd, 000134.683, 344.0
Trd, 000135.733, 355.0
Trd, 000136.500, 345.0
Trd, 000137.050, 344.0
Trd, 000137.233, 355
Trd, 000137.900, 357.0
Trd, 000138.033, 343.0
Trd, 000138.467, 348.0
Trd, 000138.783, 352
Trd, 000139.400, 351
Trd, 000140.100, 349
Trd, 000140.333, 348
Trd, 000142.267, 350
Trd, 000142.450, 348.0
Trd, 000142.800, 352
Trd, 000143.350, 345.0
Trd, 000144.200, 351
Trd, 000144.217, 344.0
Trd, 000144.583, 341
Trd, 000145.383, 350
Trd, 000146.317, 349
Trd, 000146.567, 349
Trd, 000146.967, 355.0
Trd, 000147.717, 349
Trd, 000148.233, 348
Trd, 000150.183, 350
Trd, 000150.733, 351
Trd, 000151.283, 348
Trd, 000151.383, 350
Trd, 000151.450, 351
Trd, 000151.633, 348.0
Trd, 000152.733, 347
Trd, 000152.967, 345
Trd, 000153.517, 345.0
Trd, 000155.100, 348.0
Trd, 000156.450, 344
Trd, 000156.767, 344.0
Trd, 000157.200, 323
Trd, 000157.800, 339.0
Trd, 000157.850, 341
Trd, 000158.250, 341
Trd, 000159.100, 339
Trd, 000159.767, 338.0
Trd, 000159.900, 340
Trd, 000160.617, 341
Trd, 000161.483, 342
Trd, 000161.717, 342
Trd, 000161.800, 343
Trd, 000162.450, 339.0
Trd, 000162.667, 337.0
Trd, 000163.283, 345
Trd, 000163.317, 345
Trd, 000165.067, 337
Trd, 000165.383, 340
Trd, 000165.433, 343
Trd, 000166.117, 341
Trd, 000166.267, 342
Trd, 000166.433, 343
Trd, 000167.233, 340.0
Trd, 000167.533, 344
Trd, 000167.617, 348.0
Trd, 000168.400, 338.0
Trd, 000169.983, 345
Trd, 000170.000, 348.0
Trd, 000170.017, 342
Trd, 000170.200, 349
Trd, 000170.900, 349
Trd, 000171.000, 350
Trd, 000171.633, 343
Trd, 000173.117, 346
Trd, 000173.717, 342
Trd, 000174.033, 345
Trd, 000174.250, 346
Trd, 000174.717, 347
Trd, 000175.433, 347
Trd, 000175.450, 342
Trd, 000175.583, 348.0
Trd, 000176.133, 358.0
Trd, 000176.833, 341
Trd, 000177.283, 337.0
Trd, 000178.333, 353
Trd, 000178.417, 343
Trd, 000178.533, 354
Trd, 000179.700, 348.0
Trd, 000180.333, 350
Trd, 000180.367, 362
Trd, 000180.933, 346
Trd, 000181.667, 345.0
Trd, 000181.683, 344.0
Trd, 000181.767, 338
Trd, 000181.950, 337.0
Trd, 000182.633, 355.0
Trd, 000182.750, 358
Trd, 000183.117, 322
Trd, 000183.483, 321
Trd, 000183.967, 307
Trd, 000184.783, 214
Trd, 000184.867, 191
Trd, 000185.033, 190
Trd, 000185.750, 186
Trd, 000186.550, 193
Trd, 000186.567, 173
Trd, 000187.350, 174
Trd, 000187.767, 192
Trd, 000188.100, 201
Trd, 000191.400, 176
Trd, 000191.533, 178
Trd, 000191.617, 176
Trd, 000192.183, 180
Trd, 000192.550, 174
Trd, 000192.800, 170
Trd, 000193.100, 178
Trd, 000194.083, 174
Trd, 000194.900, 174
Trd, 000195.067, 173
Trd, 000195.167, 174
Trd, 000195.583, 170
Trd, 000197.033, 175
Trd, 000197.767, 180
Trd, 000197.900, 180
Trd, 000199.300, 180
Trd, 000199.483, 179
Trd, 000199.883, 178
Trd, 000201.400, 176
Trd, 000202.150, 165
Trd, 000202.850, 164
Trd, 000202.917, 176
Trd, 000203.000, 177
Trd, 000203.200, 175
Trd, 000204.017, 166
Trd, 000205.083, 168
Trd, 000205.217, 160
Trd, 000205.767, 168
Trd, 000206.250, 170
Trd, 000206.517, 172
Trd, 000207.450, 162
Trd, 000207.833, 172
Trd, 000209.517, 169
Trd, 000209.950, 167
Trd, 000210.000, 170
Trd, 000210.450, 169
Trd, 000211.383, 170
Trd, 000211.917, 171
Trd, 000212.167, 172
Trd, 000212.217, 172
Trd, 000212.433, 179
Trd, 000214.083, 178
Trd, 000214.267, 177
Trd, 000215.050, 176
Trd, 000215.350, 170
Trd, 000215.483, 179
Trd, 000215.767, 181
Trd, 000216.133, 170
Trd, 000216.617, 182
Trd, 000216.800, 169
Trd, 000217.917, 173
Trd, 000218.100, 169
Trd, 000218.983, 163
Trd, 000219.167, 170
Trd, 000219.717, 170
Trd, 000220.433, 171
Trd, 000220.483, 170
Trd, 000221.100, 172
Trd, 000221.317, 163
Trd, 000221.633, 173
Trd, 000222.067, 170
Trd, 000222.650, 170
Trd, 000222.850, 172
Trd, 000223.933, 183
Trd, 000224.133, 181
Trd, 000224.533, 184
Trd, 000225.000, 181
Trd, 000225.317, 181
Trd, 000226.550, 178
Trd, 000226.733, 177
Trd, 000227.300, 179
Trd, 000227.550, 175
Trd, 000228.850, 175
Trd, 000230.083, 174
Trd, 000230.183, 171
Trd, 000230.600, 167
Trd, 000231.267, 176
Trd, 000231.400, 178
Trd, 000231.833, 177
Trd, 000231.917, 162
Trd, 000232.517, 178
Trd, 000233.433, 179
Trd, 000233.733, 180
Trd, 000233.767, 171
Trd, 000235.350, 171
Trd, 000236.200, 170
Trd, 000236.483, 171
Trd, 000237.067, 178
Trd, 000237.300, 168
Trd, 000238.250, 167
Trd, 000239.317, 169
Trd, 000240.050, 169
Trd, 000240.117, 170
Trd, 000240.317, 168
Trd, 000240.767, 171
Trd, 000241.450, 171
Trd, 000241.467, 172
Trd, 000241.750, 172
Trd, 000241.767, 167
Trd, 000242.283, 172
Trd, 000243.467, 172
Trd, 000243.517, 173
Trd, 000243.933, 179
Trd, 000243.983, 182
Trd, 000244.333, 186
Trd, 000244.933, 170
Trd, 000244.967, 169
Trd, 000245.350, 168
Trd, 000245.817, 169
Trd, 000245.867, 164
Trd, 000247.117, 171
Trd, 000247.133, 163
Trd, 000247.400, 172
Trd, 000247.517, 172
Trd, 000247.867, 179
Trd, 000248.767, 176
Trd, 000248.967, 177
Trd, 000249.267, 180
Trd, 000249.350, 169
Trd, 000249.950, 183
Trd, 000250.567, 174
Trd, 000251.183, 184
Trd, 000251.267, 174
Trd, 000251.883, 183
Trd, 000253.133, 179
Trd, 000253.267, 177
Trd, 000253.750, 177
Trd, 000255.117, 176
Trd, 000255.450, 176
Trd, 000255.600, 176
Trd, 000255.667, 177
Trd, 000256.317, 177
Trd, 000257.567, 182
Trd, 000257.583, 186
Trd, 000258.350, 183
Trd, 000258.750, 179
Trd, 000258.767, 181
Trd, 000258.967, 170
Trd, 000259.850, 174
Trd, 000260.150, 175
Trd, 000260.533, 169
Trd, 000261.067, 166
Trd, 000261.417, 172
Trd, 000261.700, 173
Trd, 000262.633, 175
Trd, 000262.817, 184
Trd, 000264.417, 181
Trd, 000264.867, 171
Trd, 000265.000, 174
Trd, 000265.100, 170
Trd, 000265.317, 171
Trd, 000265.367, 180
Trd, 000265.667, 177
Trd, 000266.283, 168
Trd, 000266.967, 173
Trd, 000267.217, 174
Trd, 000267.317, 174
Trd, 000268.350, 174
Trd, 000268.750, 175
Trd, 000268.933, 169
Trd, 000269.267, 174
Trd, 000269.783, 173
Trd, 000270.250, 172
Trd, 000270.300, 170
Trd, 000270.450, 168
Trd, 000270.683, 174
Trd, 000271.400, 175
Trd, 000271.733, 166
Trd, 000271.833, 175
Trd, 000272.317, 182
Trd, 000273.033, 165
Trd, 000273.217, 173
Trd, 000273.983, 164
Trd, 000275.183, 171
Trd, 000275.617, 170
Trd, 000275.633, 163
Trd, 000275.933, 170
Trd, 000276.333, 169
Trd, 000277.167, 171
Trd, 000277.750, 171
Trd, 000278.617, 175
Trd, 000278.633, 170
Trd, 000278.833, 170
Trd, 000278.950, 175
Trd, 000279.717, 175
Trd, 000280.000, 175
Trd, 000280.200, 176
Trd, 000280.683, 182
Trd, 000280.750, 186
Trd, 000281.817, 175
Trd, 000281.900, 176
Trd, 000281.917, 180
Trd, 000282.550, 182
Trd, 000282.700, 176
Trd, 000283.417, 171
Trd, 000284.100, 170
Trd, 000284.783, 176
Trd, 000284.867, 166
Trd, 000285.250, 177
Trd, 000285.667, 176
Trd, 000285.733, 178
Trd, 000285.967, 183
Trd, 000286.650, 179
Trd, 000287.733, 179
Trd, 000287.967, 169
Trd, 000288.567, 169
Trd, 000288.700, 186
Trd, 000289.083, 177
Trd, 000289.133, 168
Trd, 000289.767, 190
Trd, 000290.667, 182
Trd, 000290.733, 183
Trd, 000291.167, 179
Trd, 000291.200, 178
Trd, 000291.250, 176
Trd, 000292.350, 180
Trd, 000292.400, 182
Trd, 000292.717, 184
Trd, 000293.167, 177
Trd, 000294.083, 182
Trd, 000294.417, 183
Trd, 000294.717, 182
Trd, 000295.117, 182
Trd, 000295.200, 180
Trd, 000295.567, 183
Trd, 000296.250, 173
Trd, 000296.267, 184
Trd, 000296.333, 185
Trd, 000297.383, 169
Trd, 000297.883, 164
Trd, 000298.033, 184
Trd, 000299.033, 175
Trd, 000299.367, 177
Trd, 000299.750, 181
Trd, 000299.950, 188
