Trd, 000000.967, 158
Trd, 000002.817, 136
Trd, 000003.033, 138
Trd, 000003.383, 139
Trd, 000003.767, 141
Trd, 000003.800, 148
Trd, 000005.267, 146
Trd, 000006.083, 131
Trd, 000006.217, 142
Trd, 000007.450, 145
Trd, 000007.717, 145
Trd, 000008.250, 146
Trd, 000009.783, 147
Trd, 000010.133, 144
Trd, 000010.350, 148
Trd, 000010.583, 144
Trd, 000010.883, 151
Trd, 000011.050, 143
Trd, 000011.550, 145
Trd, 000012.483, 145
Trd, 000012.533, 143
Trd, 000013.117, 143
Trd, 000013.850, 143
Trd, 000014.983, 143
Trd, 000015.500, 144
Trd, 000015.650, 149
Trd, 000017.233, 146
Trd, 000017.417, 152
Trd, 000017.633, 151
Trd, 000018.317, 153
Trd, 000018.583, 157
Trd, 000018.633, 148
Trd, 000019.050, 147
Trd, 000019.117, 146
Trd, 000019.200, 158
Trd, 000020.050, 146
Trd, 000021.100, 160
Trd, 000021.383, 152
Trd, 000022.417, 160
Trd, 000023.750, 159
Trd, 000023.900, 159
Trd, 000024.050, 158
Trd, 000024.500, 156
Trd, 000024.817, 155
Trd, 000024.950, 155
Trd, 000026.700, 143
Trd, 000026.983, 136
Trd, 000027.333, 143
Trd, 000027.717, 139
Trd, 000027.750, 140
Trd, 000027.983, 140
Trd, 000028.883, 150
Trd, 000029.317, 151
Trd, 000029.517, 141
Trd, 000030.633, 140
Trd, 000032.133, 143
Trd, 000032.267, 144
Trd, 000032.733, 137
Trd, 000032.933, 139
Trd, 000035.417, 141
Trd, 000035.717, 141
Trd, 000036.267, 143
Trd, 000036.383, 150
Trd, 000036.500, 141
Trd, 000036.683, 157
Trd, 000037.667, 146
Trd, 000038.067, 146
Trd, 000038.633, 145
Trd, 000038.750, 147
Trd, 000038.850, 144
Trd, 000039.000, 133
Trd, 000039.250, 162
Trd, 000040.567, 135
Trd, 000040.700, 140
Trd, 000040.800, 145
Trd, 000041.583, 146
Trd, 000042.050, 145
Trd, 000042.250, 134
Trd, 000042.633, 138
Trd, 000042.800, 143
Trd, 000043.717, 141
Trd, 000044.317, 143
Trd, 000044.867, 148
Trd, 000045.500, 146
Trd, 000046.383, 155
Trd, 000046.950, 149
Trd, 000047.817, 156
Trd, 000047.867, 148
Trd, 000048.100, 146
Trd, 000048.283, 149
Trd, 000049.750, 151
Trd, 000050.333, 150
Trd, 000050.733, 149
Trd, 000050.967, 148
Trd, 000051.467, 149
Trd, 000052.033, 150
Trd, 000052.767, 149
Trd, 000053.267, 151
Trd, 000053.733, 153
Trd, 000053.817, 156
Trd, 000053.850, 160
Trd, 000054.233, 163
Trd, 000055.000, 151
Trd, 000055.117, 150
Trd, 000055.533, 151
Trd, 000055.683, 161
Trd, 000056.700, 164
Trd, 000058.017, 160
Trd, 000058.267, 159
Trd, 000059.067, 160
Trd, 000059.183, 161
Trd, 000059.283, 159
Trd, 000060.067, 161
Trd, 000060.633, 160
Trd, 000060.683, 160
Trd, 000060.717, 146
Trd, 000060.783, 146
Trd, 000061.833, 147
Trd, 000062.350, 150
Trd, 000063.050, 158
Trd, 000063.417, 147
Trd, 000063.683, 146
Trd, 000064.067, 151
Trd, 000064.550, 154
Trd, 000064.667, 157
Trd, 000065.400, 148
Trd, 000065.733, 156
Trd, 000066.233, 147
Trd, 000066.450, 156
Trd, 000068.267, 155
Trd, 000069.433, 152
Trd, 000069.900, 155
Trd, 000069.917, 152
Trd, 000069.983, 151
Trd, 000070.000, 151
Trd, 000070.017, 151
Trd, 000070.850, 147
Trd, 000071.733, 147
Trd, 000071.933, 148
Trd, 000072.550, 147
Trd, 000073.433, 149
Trd, 000073.500, 151
Trd, 000074.267, 154
Trd, 000074.317, 155
Trd, 000075.217, 155
Trd, 000076.217, 154
Trd, 000076.300, 162
Trd, 000076.600, 159
Trd, 000078.050, 156
Trd, 000078.283, 156
Trd, 000078.400, 157
Trd, 000079.200, 156
Trd, 000079.233, 157
Trd, 000080.150, 158
Trd, 000080.283, 155
Trd, 000080.417, 159
Trd, 000080.567, 154
Trd, 000080.733, 136
Trd, 000081.033, 135
Trd, 000081.333, 163
Trd, 000081.800, 148
Trd, 000082.483, 149
Trd, 000083.450, 147
Trd, 000083.483, 133
Trd, 000084.500, 150
Trd, 000084.900, 149
Trd, 000085.083, 149
Trd, 000085.617, 151
Trd, 000086.633, 152
Trd, 000086.717, 156
Trd, 000086.767, 160
Trd, 000087.233, 145
Trd, 000088.950, 150
Trd, 000089.867, 153
Trd, 000090.033, 154
Trd, 000090.333, 150
Trd, 000090.483, 154
Trd, 000091.300, 152
Trd, 000091.650, 150
Trd, 000091.817, 156
Trd, 000092.117, 157
Trd, 000092.217, 150
Trd, 000092.467, 163
Trd, 000093.300, 164
Trd, 000095.117, 162
Trd, 000095.233, 161
Trd, 000095.267, 164
Trd, 000095.500, 164
Trd, 000095.817, 167
Trd, 000096.150, 174
Trd, 000098.017, 165
Trd, 000098.333, 165
Trd, 000098.383, 164
Trd, 000098.617, 165
Trd, 000098.700, 164
Trd, 000099.917, 164
Trd, 000100.800, 164
Trd, 000100.983, 168
Trd, 000101.600, 168
Trd, 000101.633, 166
Trd, 000101.717, 163
Trd, 000102.050, 176
Trd, 000103.417, 159
Trd, 000103.967, 160
Trd, 000104.033, 152
Trd, 000105.067, 156
Trd, 000105.267, 159
Trd, 000105.350, 158
Trd, 000105.683, 160
Trd, 000105.700, 161
Trd, 000106.267, 157
Trd, 000106.383, 165
Trd, 000106.800, 156
Trd, 000107.550, 146
Trd, 000108.200, 144
Trd, 000108.317, 145
Trd, 000109.000, 148
Trd, 000109.800, 168
Trd, 000110.817, 153
Trd, 000111.433, 162
Trd, 000111.733, 163
Trd, 000112.217, 169
Trd, 000112.850, 154
Trd, 000113.517, 164
Trd, 000114.500, 159
Trd, 000114.700, 157
Trd, 000114.733, 162
Trd, 000114.817, 154
Trd, 000114.933, 162
Trd, 000115.150, 163
Trd, 000115.383, 162
Trd, 000116.250, 150
Trd, 000117.800, 163
Trd, 000118.067, 153
Trd, 000118.717, 153
Trd, 000119.300, 164
Trd, 000119.367, 164
Trd, 000120.067, 155
Trd, 000120.500, 155
Trd, 000120.550, 163
Trd, 000121.633, 161
Trd, 000121.833, 184
Trd, 000122.167, 170
Trd, 000122.700, 175
Trd, 000123.183, 157
Trd, 000123.900, 166
Trd, 000124.267, 227
Trd, 000124.817, 300.0
Trd, 000124.917, 340
Trd, 000125.117, 344.0
Trd, 000125.800, 340
Trd, 000125.817, 354.0
Trd, 000127.133, 335
Trd, 000128.267, 339
Trd, 000128.350, 341.0
Trd, 000128.417, 334
Trd, 000128.450, 344.0
Trd, 000128.567, 347.0
Trd, 000129.500, 335
Trd, 000130.283, 338
Trd, 000130.667, 336
Trd, 000131.883, 339
Trd, 000132.467, 340.0
Trd, 000133.150, 340.0
Trd, 000133.217, 339
Trd, 000134.183, 339
Trd, 000134.900, 341.0
Trd, 000136.250, 340
Trd, 000136.333, 339
Trd, 000136.667, 341
Trd, 000136.967, 339
Trd, 000137.017, 342
Trd, 000138.200, 339
Trd, 000138.650, 338
Trd, 000138.850, 339
Trd, 000139.000, 341
Trd, 000139.083, 339
Trd, 000139.733, 344.0
Trd, 000139.750, 338
Trd, 000140.567, 336
Trd, 000140.650, 348.0
Trd, 000141.850, 336
Trd, 000141.883, 344.0
Trd, 000143.400, 339
Trd, 000143.667, 339
Trd, 000144.067, 341.0
Trd, 000144.633, 341.0
Trd, 000146.483, 340
Trd, 000147.083, 340
Trd, 000148.283, 343
Trd, 000148.717, 342
Trd, 000149.600, 343
Trd, 000149.767, 344
Trd, 000150.033, 344.0
Trd, 000150.317, 336
Trd, 000150.517, 337
Trd, 000152.317, 339
Trd, 000152.333, 341.0
Trd, 000152.450, 338
Trd, 000152.467, 337
Trd, 000152.967, 335
Trd, 000153.717, 339
Trd, 000153.817, 346
Trd, 000154.550, 345
Trd, 000154.750, 348.0
Trd, 000155.700, 347
Trd, 000155.750, 351
Trd, 000157.267, 355.0
Trd, 000157.517, 352
Trd, 000157.933, 358.0
Trd, 000158.067, 350
Trd, 000158.383, 351
Trd, 000158.500, 349
Trd, 000158.767, 344
Trd, 000159.333, 348.0
Trd, 000159.700, 358.0
Trd, 000160.200, 346
Trd, 000160.800, 345
Trd, 000160.917, 340
Trd, 000161.517, 341
Trd, 000161.750, 336
Trd, 000161.850, 354.0
Trd, 000162.200, 328
Trd, 000162.417, 326
Trd, 000163.367, 351
Trd, 000164.900, 341.0
Trd, 000165.300, 346
Trd, 000165.650, 347
Trd, 000167.167, 338
Trd, 000167.500, 337
Trd, 000168.133, 340.0
Trd, 000168.150, 336
Trd, 000168.483, 338
Trd, 000171.150, 336
Trd, 000171.267, 339
Trd, 000172.400, 340.0
Trd, 000172.533, 341.0
Trd, 000172.867, 337
Trd, 000173.317, 336
Trd, 000173.567, 336
Trd, 000174.067, 343.0
Trd, 000175.300, 336
Trd, 000176.767, 338
Trd, 000176.850, 341
Trd, 000177.533, 344.0
Trd, 000177.650, 334
Trd, 000177.900, 346
Trd, 000178.500, 328
Trd, 000180.083, 341.0
Trd, 000181.017, 347.0
Trd, 000181.283, 351
Trd, 000181.450, 336
Trd, 000182.783, 339
Trd, 000182.817, 337
Trd, 000182.883, 337
Trd, 000182.900, 336
Trd, 000183.083, 326
Trd, 000183.217, 322
Trd, 000183.867, 320.0
Trd, 000184.150, 306.0
Trd, 000184.200, 233
Trd, 000184.233, 335
Trd, 000184.567, 207
Trd, 000184.767, 220
Trd, 000185.017, 197
Trd, 000185.133, 179
Trd, 000185.733, 204
Trd, 000186.267, 182
Trd, 000188.767, 205
Trd, 000188.983, 198
Trd, 000189.150, 184
Trd, 000190.367, 177
Trd, 000191.133, 189
Trd, 000192.217, 178
Trd, 000192.583, 181
Trd, 000192.950, 180
Trd, 000193.433, 178
Trd, 000193.600, 177
Trd, 000193.750, 170
Trd, 000194.600, 163
Trd, 000194.767, 158
Trd, 000195.467, 144
Trd, 000196.450, 164
Trd, 000196.517, 164
Trd, 000196.767, 161
Trd, 000197.600, 165
Trd, 000197.667, 162
Trd, 000197.700, 165
Trd, 000198.267, 157
Trd, 000199.567, 163
Trd, 000200.550, 161
Trd, 000200.567, 164
Trd, 000201.300, 159
Trd, 000201.633, 161
Trd, 000202.067, 165
Trd, 000202.633, 164
Trd, 000203.583, 165
Trd, 000203.733, 164
Trd, 000204.083, 166
Trd, 000204.317, 164
Trd, 000206.150, 164
Trd, 000206.250, 162
Trd, 000207.317, 166
Trd, 000207.533, 165
Trd, 000207.883, 167
Trd, 000208.117, 165
Trd, 000208.267, 165
Trd, 000208.367, 168
Trd, 000209.433, 167
Trd, 000209.867, 161
Trd, 000210.133, 162
Trd, 000210.267, 168
Trd, 000210.783, 164
Trd, 000211.650, 170
Trd, 000212.783, 167
Trd, 000212.883, 165
Trd, 000213.400, 168
Trd, 000213.500, 164
Trd, 000214.533, 167
Trd, 000215.283, 172
Trd, 000215.917, 170
Trd, 000216.917, 171
Trd, 000217.267, 171
Trd, 000217.567, 171
Trd, 000218.083, 170
Trd, 000218.900, 171
Trd, 000219.033, 173
Trd, 000219.300, 176
Trd, 000219.700, 175
Trd, 000220.117, 171
Trd, 000220.183, 163
Trd, 000220.983, 175
Trd, 000221.567, 177
Trd, 000222.267, 187
Trd, 000223.183, 169
Trd, 000223.900, 169
Trd, 000224.050, 178
Trd, 000224.133, 177
Trd, 000224.583, 170
Trd, 000224.700, 167
Trd, 000225.050, 175
Trd, 000225.133, 177
Trd, 000225.983, 165
Trd, 000226.167, 176
Trd, 000226.233, 177
Trd, 000226.583, 162
Trd, 000227.917, 167
Trd, 000228.733, 163
Trd, 000229.600, 165
Trd, 000229.850, 167
Trd, 000229.950, 163
Trd, 000230.200, 170
Trd, 000230.667, 163
Trd, 000231.350, 164
Trd, 000233.033, 164
Trd, 000233.800, 165
Trd, 000234.017, 171
Trd, 000234.267, 166
Trd, 000234.967, 169
Trd, 000235.450, 169
Trd, 000235.967, 168
Trd, 000236.200, 168
Trd, 000236.483, 170
Trd, 000237.300, 170
Trd, 000237.450, 168
Trd, 000237.533, 174
Trd, 000238.067, 176
Trd, 000238.417, 178
Trd, 000240.200, 177
Trd, 000240.217, 175
Trd, 000240.517, 174
Trd, 000240.683, 175
Trd, 000240.733, 176
Trd, 000241.067, 176
Trd, 000241.517, 175
Trd, 000241.833, 179
Trd, 000241.950, 173
Trd, 000242.483, 170
Trd, 000242.717, 176
Trd, 000243.133, 169
Trd, 000243.450, 170
Trd, 000243.517, 171
Trd, 000244.850, 171
Trd, 000244.917, 172
Trd, 000245.017, 172
Trd, 000245.500, 171
Trd, 000245.550, 175
Trd, 000247.283, 173
Trd, 000248.117, 175
Trd, 000248.183, 176
Trd, 000248.767, 174
Trd, 000249.100, 174
Trd, 000249.433, 175
Trd, 000249.483, 173
Trd, 000249.650, 171
Trd, 000249.900, 170
Trd, 000250.183, 165
Trd, 000251.300, 166
Trd, 000251.550, 165
Trd, 000251.733, 174
Trd, 000251.817, 159
Trd, 000252.900, 169
Trd, 000253.033, 172
Trd, 000253.217, 171
Trd, 000254.183, 172
Trd, 000254.567, 174
Trd, 000254.583, 176
Trd, 000254.750, 179
Trd, 000254.917, 180
Trd, 000255.067, 173
Trd, 000255.917, 178
Trd, 000256.000, 182
Trd, 000256.517, 183
Trd, 000256.883, 183
Trd, 000257.333, 186
Trd, 000257.433, 186
Trd, 000258.183, 190
Trd, 000259.017, 186
Trd, 000259.550, 188
Trd, 000260.100, 186
Trd, 000260.133, 185
Trd, 000260.900, 184
Trd, 000261.033, 174
Trd, 000261.050, 188
Trd, 000261.283, 170
Trd, 000261.867, 177
Trd, 000261.933, 177
Trd, 000262.200, 175
Trd, 000263.900, 181
Trd, 000263.983, 180
Trd, 000264.067, 180
Trd, 000264.233, 181
Trd, 000264.350, 177
Trd, 000264.783, 179
Trd, 000265.600, 177
Trd, 000267.283, 178
Trd, 000267.467, 181
Trd, 000268.433, 178
Trd, 000268.700, 178
Trd, 000269.050, 181
Trd, 000269.333, 182
Trd, 000269.617, 179
Trd, 000270.900, 178
Trd, 000270.933, 181
Trd, 000271.250, 179
Trd, 000272.033, 178
Trd, 000272.567, 177
Trd, 000273.317, 177
Trd, 000273.350, 179
Trd, 000273.917, 175
Trd, 000274.583, 181
Trd, 000275.383, 181
Trd, 000275.533, 182
Trd, 000275.750, 179
Trd, 000275.817, 185
Trd, 000275.867, 178
Trd, 000276.783, 191
Trd, 000277.050, 178
Trd, 000277.750, 181
Trd, 000278.567, 182
Trd, 000278.583, 185
Trd, 000278.617, 188
Trd, 000278.767, 180
Trd, 000279.700, 179
Trd, 000280.000, 186
Trd, 000280.133, 178
Trd, 000280.233, 180
Trd, 000280.950, 183
Trd, 000281.767, 185
Trd, 000282.017, 184
Trd, 000282.200, 185
Trd, 000282.683, 183
Trd, 000282.783, 179
Trd, 000283.733, 185
Trd, 000284.033, 186
Trd, 000284.700, 186
Trd, 000285.017, 186
Trd, 000285.600, 178
Trd, 000286.000, 183
Trd, 000286.367, 178
Trd, 000286.383, 187
Trd, 000286.467, 180
Trd, 000286.500, 179
Trd, 000286.733, 186
Trd, 000287.300, 176
Trd, 000287.417, 172
Trd, 000288.033, 174
Trd, 000288.800, 174
Trd, 000289.600, 179
Trd, 000289.667, 177
Trd, 000290.183, 180
Trd, 000290.250, 173
Trd, 000290.567, 179
Trd, 000291.100, 177
Trd, 000291.167, 179
Trd, 000291.733, 180
Trd, 000291.883, 176
Trd, 000291.900, 184
Trd, 000292.250, 187
Trd, 000292.633, 178
Trd, 000292.933, 177
Trd, 000293.917, 180
Trd, 000295.333, 180
Trd, 000295.717, 179
Trd, 000295.983, 179
Trd, 000296.117, 182
Trd, 000296.500, 177
Trd, 000296.983, 180
Trd, 000297.050, 177
Trd, 000297.100, 179
Trd, 000297.317, 180
Trd, 000297.517, 181
Trd, 000297.700, 176
Trd, 000298.633, 171
Trd, 000299.067, 170
Trd, 000299.983, 179
