Trd, 000001.483, 106
Trd, 000001.617, 144
Trd, 000002.567, 120
Trd, 000002.750, 131
Trd, 000003.700, 148
Trd, 000004.383, 136
Trd, 000004.800, 145
Trd, 000005.467, 145
Trd, 000005.783, 147
Trd, 000005.917, 154
Trd, 000006.667, 147
Trd, 000008.783, 159
Trd, 000008.900, 169
Trd, 000008.933, 154
Trd, 000009.217, 152
Trd, 000009.633, 147
Trd, 000009.967, 149
Trd, 000010.533, 152
Trd, 000010.683, 153
Trd, 000010.750, 153
Trd, 000011.917, 155
Trd, 000012.600, 154
Trd, 000013.317, 148
Trd, 000013.367, 153
Trd, 000013.883, 146
Trd, 000014.083, 149
Trd, 000014.350, 146
Trd, 000014.833, 147
Trd, 000015.100, 160
Trd, 000016.133, 151
Trd, 000017.350, 151
Trd, 000017.833, 153
Trd, 000019.183, 154
Trd, 000019.467, 153
Trd, 000019.483, 152
Trd, 000019.500, 151
Trd, 000019.650, 148
Trd, 000020.583, 149
Trd, 000021.317, 148
Trd, 000021.967, 150
Trd, 000022.517, 151
Trd, 000022.717, 149
Trd, 000023.067, 152
Trd, 000023.183, 147
Trd, 000024.433, 150
Trd, 000024.750, 151
Trd, 000025.150, 151
Trd, 000025.517, 151
Trd, 000026.067, 151
Trd, 000027.200, 148
Trd, 000027.400, 161
Trd, 000027.450, 166
Trd, 000028.333, 155
Trd, 000028.433, 150
Trd, 000029.100, 156
Trd, 000029.717, 154
Trd, 000030.033, 154
Trd, 000030.300, 154
Trd, 000030.483, 157
Trd, 000030.650, 154
Trd, 000031.017, 155
Trd, 000031.867, 164
Trd, 000032.200, 168
Trd, 000033.233, 147
Trd, 000034.617, 148
Trd, 000034.717, 146
Trd, 000035.367, 149
Trd, 000035.950, 150
Trd, 000036.717, 150
Trd, 000037.150, 150
Trd, 000037.983, 150
Trd, 000038.083, 151
Trd, 000038.200, 152
Trd, 000038.233, 149
Trd, 000038.950, 151
Trd, 000039.117, 152
Trd, 000039.800, 161
Trd, 000039.883, 157
Trd, 000040.083, 162
Trd, 000040.667, 158
Trd, 000041.183, 170
Trd, 000041.450, 169
Trd, 000041.850, 153
Trd, 000043.750, 149
Trd, 000044.733, 155
Trd, 000045.167, 152
Trd, 000045.750, 153
Trd, 000046.033, 154
Trd, 000046.100, 152
Trd, 000046.283, 152
Trd, 000046.500, 153
Trd, 000047.033, 149
Trd, 000048.150, 154
Trd, 000048.317, 153
Trd, 000048.733, 153
Trd, 000048.750, 154
Trd, 000049.367, 153
Trd, 000049.400, 184
Trd, 000049.733, 154
Trd, 000051.950, 158
Trd, 000052.700, 157
Trd, 000053.050, 154
Trd, 000054.117, 156
Trd, 000054.600, 156
Trd, 000054.933, 156
Trd, 000055.217, 155
Trd, 000055.483, 156
Trd, 000055.733, 156
Trd, 000056.133, 155
Trd, 000056.267, 157
Trd, 000056.867, 171
Trd, 000057.000, 152
Trd, 000057.233, 180
Trd, 000059.633, 172
Trd, 000060.433, 172
Trd, 000061.217, 173
Trd, 000061.783, 173
Trd, 000062.333, 171
Trd, 000062.650, 169
Trd, 000063.317, 170
Trd, 000063.533, 152
Trd, 000063.917, 151
Trd, 000064.117, 151
Trd, 000064.583, 150
Trd, 000065.233, 154
Trd, 000065.350, 155
Trd, 000065.367, 156
Trd, 000065.733, 156
Trd, 000067.000, 158
Trd, 000067.467, 168
Trd, 000067.733, 169
Trd, 000067.983, 162
Trd, 000068.983, 171
Trd, 000069.200, 161
Trd, 000069.450, 160
Trd, 000070.600, 165
Trd, 000070.617, 170
Trd, 000070.933, 161
Trd, 000071.250, 174
Trd, 000071.550, 173
Trd, 000072.350, 179
Trd, 000072.383, 169
Trd, 000073.717, 159
Trd, 000074.783, 159
Trd, 000075.433, 158
Trd, 000075.617, 160
Trd, 000076.567, 158
Trd, 000076.917, 159
Trd, 000076.967, 159
Trd, 000077.383, 158
Trd, 000078.667, 155
Trd, 000079.167, 151
Trd, 000079.333, 148
Trd, 000079.833, 151
Trd, 000080.617, 150
Trd, 000081.533, 149
Trd, 000081.767, 149
Trd, 000081.950, 152
Trd, 000082.083, 150
Trd, 000082.117, 156
Trd, 000083.433, 152
Trd, 000083.800, 150
Trd, 000083.833, 149
Trd, 000084.517, 168
Trd, 000085.033, 175
Trd, 000085.900, 162
Trd, 000086.033, 160
Trd, 000086.550, 166
Trd, 000087.283, 154
Trd, 000087.533, 171
Trd, 000088.717, 175
Trd, 000088.750, 174
Trd, 000088.883, 167
Trd, 000089.217, 157
Trd, 000089.633, 173
Trd, 000090.733, 169
Trd, 000092.283, 169
Trd, 000093.983, 167
Trd, 000094.050, 166
Trd, 000094.167, 166
Trd, 000094.283, 170
Trd, 000095.117, 178
Trd, 000095.467, 167
Trd, 000095.650, 167
Trd, 000095.700, 169
Trd, 000096.417, 158
Trd, 000098.417, 165
Trd, 000099.717, 165
Trd, 000099.983, 164
Trd, 000100.100, 166
Trd, 000100.183, 160
Trd, 000100.833, 157
Trd, 000101.733, 157
Trd, 000102.333, 155
Trd, 000102.850, 157
Trd, 000103.050, 157
Trd, 000103.367, 158
Trd, 000103.483, 156
Trd, 000104.150, 157
Trd, 000104.667, 156
Trd, 000104.817, 157
Trd, 000104.850, 159
Trd, 000104.933, 172
Trd, 000105.117, 155
Trd, 000105.950, 174
Trd, 000106.183, 173
Trd, 000106.517, 148
Trd, 000108.983, 159
Trd, 000109.050, 168
Trd, 000111.017, 159
Trd, 000111.233, 161
Trd, 000111.333, 158
Trd, 000111.450, 161
Trd, 000111.517, 162
Trd, 000111.683, 162
Trd, 000113.850, 176
Trd, 000114.533, 166
Trd, 000114.583, 165
Trd, 000114.900, 176
Trd, 000115.567, 166
Trd, 000116.550, 167
Trd, 000116.667, 170
Trd, 000117.300, 168
Trd, 000117.917, 168
Trd, 000118.367, 161
Trd, 000118.417, 166
Trd, 000118.600, 161
Trd, 000119.783, 164
Trd, 000119.883, 162
Trd, 000120.850, 162
Trd, 000121.283, 162
Trd, 000121.700, 179
Trd, 000122.250, 187
Trd, 000122.267, 189
Trd, 000123.400, 194
Trd, 000123.567, 186
Trd, 000123.850, 205
Trd, 000124.067, 208
Trd, 000124.267, 212
Trd, 000124.633, 306.0
Trd, 000124.817, 310.0
Trd, 000124.900, 331.0
Trd, 000125.567, 341
Trd, 000126.000, 338.0
Trd, 000126.183, 337.0
Trd, 000128.083, 341.0
Trd, 000129.450, 341
Trd, 000130.317, 339.0
Trd, 000130.467, 340
Trd, 000131.500, 340.0
Trd, 000131.750, 341.0
Trd, 000132.067, 344.0
Trd, 000132.383, 340.0
Trd, 000132.733, 342
Trd, 000134.100, 340.0
Trd, 000134.283, 341
Trd, 000134.733, 341
Trd, 000135.483, 341.0
Trd, 000135.950, 343.0
Trd, 000136.100, 344
Trd, 000136.267, 342
Trd, 000136.467, 344.0
Trd, 000136.633, 340
Trd, 000136.667, 344
Trd, 000138.067, 344.0
Trd, 000138.267, 343
Trd, 000138.333, 348.0
Trd, 000140.483, 346
Trd, 000140.583, 345
Trd, 000140.917, 347
Trd, 000140.983, 346
Trd, 000141.483, 347.0
Trd, 000141.717, 346
Trd, 000142.217, 346
Trd, 000142.950, 347
Trd, 000143.100, 346
Trd, 000144.200, 344.0
Trd, 000145.217, 347
Trd, 000145.950, 344
Trd, 000146.717, 344
Trd, 000147.750, 343
Trd, 000148.283, 344.0
Trd, 000148.383, 346
Trd, 000148.533, 343
Trd, 000150.117, 344
Trd, 000150.767, 346
Trd, 000150.917, 346
Trd, 000150.933, 345
Trd, 000152.017, 346.0
Trd, 000152.300, 343
Trd, 000152.967, 344.0
Trd, 000153.800, 345
Trd, 000153.933, 346
Trd, 000154.350, 348.0
Trd, 000155.183, 351
Trd, 000156.233, 353
Trd, 000156.567, 352
Trd, 000156.633, 357
Trd, 000156.867, 352
Trd, 000156.967, 352
Trd, 000157.350, 353
Trd, 000157.733, 360
Trd, 000158.333, 355
Trd, 000158.533, 354
Trd, 000158.733, 360
Trd, 000159.183, 347
Trd, 000159.683, 361
Trd, 000160.183, 368
Trd, 000160.483, 348.0
Trd, 000162.883, 356
Trd, 000163.467, 345
Trd, 000163.500, 348.0
Trd, 000163.567, 345
Trd, 000164.150, 349
Trd, 000165.517, 347
Trd, 000165.800, 351
Trd, 000166.533, 349
Trd, 000166.600, 348
Trd, 000166.733, 351
Trd, 000166.800, 352
Trd, 000167.367, 351
Trd, 000169.117, 351
Trd, 000169.150, 353
Trd, 000169.583, 348
Trd, 000169.833, 352
Trd, 000170.050, 353
Trd, 000170.700, 352
Trd, 000171.083, 351
Trd, 000171.783, 353
Trd, 000171.867, 360
Trd, 000171.883, 353
Trd, 000172.433, 353
Trd, 000172.783, 354
Trd, 000175.017, 345
Trd, 000175.500, 344.0
Trd, 000175.950, 344.0
Trd, 000176.017, 348
Trd, 000176.967, 343
Trd, 000177.217, 343
Trd, 000177.433, 343
Trd, 000177.550, 336
Trd, 000178.183, 344.0
Trd, 000179.033, 341
Trd, 000179.550, 341
Trd, 000179.833, 341.0
Trd, 000179.850, 348.0
Trd, 000180.717, 342
Trd, 000180.850, 342
Trd, 000180.900, 350
Trd, 000181.950, 343
Trd, 000182.200, 342
Trd, 000182.650, 341
Trd, 000182.767, 336
Trd, 000182.833, 334.0
Trd, 000183.617, 326
Trd, 000183.667, 316
Trd, 000184.233, 308
Trd, 000184.283, 349
Trd, 000184.600, 307
Trd, 000184.633, 211
Trd, 000185.383, 207
Trd, 000185.833, 204
Trd, 000185.883, 200
Trd, 000187.283, 186
Trd, 000188.333, 190
Trd, 000188.433, 193
Trd, 000188.450, 185
Trd, 000189.133, 193
Trd, 000190.333, 186
Trd, 000190.783, 192
Trd, 000190.800, 186
Trd, 000191.133, 193
Trd, 000191.783, 191
Trd, 000191.983, 194
Trd, 000192.200, 184
Trd, 000192.267, 193
Trd, 000192.350, 181
Trd, 000193.700, 167
Trd, 000194.133, 169
Trd, 000194.283, 188
Trd, 000196.050, 181
Trd, 000196.350, 178
Trd, 000197.133, 179
Trd, 000197.717, 178
Trd, 000197.867, 171
Trd, 000198.517, 167
Trd, 000198.733, 166
Trd, 000199.350, 166
Trd, 000199.800, 167
Trd, 000200.250, 167
Trd, 000200.433, 168
Trd, 000200.600, 169
Trd, 000201.283, 169
Trd, 000201.917, 169
Trd, 000201.950, 170
Trd, 000202.833, 168
Trd, 000203.900, 167
Trd, 000204.433, 167
Trd, 000204.717, 168
Trd, 000205.883, 168
Trd, 000206.150, 167
Trd, 000207.167, 166
Trd, 000207.933, 167
Trd, 000208.117, 168
Trd, 000208.133, 169
Trd, 000208.450, 169
Trd, 000209.483, 172
Trd, 000209.767, 171
Trd, 000209.850, 170
Trd, 000210.450, 172
Trd, 000210.950, 171
Trd, 000211.033, 164
Trd, 000211.367, 171
Trd, 000211.733, 166
Trd, 000211.767, 172
Trd, 000212.100, 196
Trd, 000212.433, 156
Trd, 000213.733, 203
Trd, 000214.717, 194
Trd, 000214.833, 193
Trd, 000215.833, 166
Trd, 000216.317, 180
Trd, 000216.867, 176
Trd, 000217.933, 166
Trd, 000218.700, 170
Trd, 000219.367, 170
Trd, 000219.550, 171
Trd, 000219.750, 175
Trd, 000219.933, 175
Trd, 000220.600, 171
Trd, 000220.917, 173
Trd, 000221.183, 174
Trd, 000222.000, 174
Trd, 000222.300, 178
Trd, 000222.917, 174
Trd, 000223.517, 174
Trd, 000224.200, 175
Trd, 000224.267, 175
Trd, 000224.717, 174
Trd, 000224.817, 172
Trd, 000225.750, 169
Trd, 000227.433, 166
Trd, 000227.533, 170
Trd, 000227.583, 171
Trd, 000228.417, 177
Trd, 000230.033, 186
Trd, 000230.267, 190
Trd, 000230.283, 178
Trd, 000230.633, 177
Trd, 000231.150, 180
Trd, 000231.283, 184
Trd, 000232.367, 183
Trd, 000232.483, 198
Trd, 000232.833, 171
Trd, 000233.967, 183
Trd, 000235.283, 183
Trd, 000235.567, 182
Trd, 000235.650, 182
Trd, 000235.767, 179
Trd, 000235.933, 182
Trd, 000236.333, 182
Trd, 000236.433, 185
Trd, 000236.667, 198
Trd, 000237.017, 200
Trd, 000237.450, 197
Trd, 000237.733, 185
Trd, 000238.250, 189
Trd, 000239.150, 190
Trd, 000240.683, 182
Trd, 000241.150, 178
Trd, 000241.167, 177
Trd, 000242.117, 176
Trd, 000242.717, 172
Trd, 000242.817, 171
Trd, 000243.150, 174
Trd, 000243.183, 175
Trd, 000243.367, 179
Trd, 000243.933, 185
Trd, 000244.350, 169
Trd, 000244.567, 168
Trd, 000244.733, 176
Trd, 000245.283, 180
Trd, 000245.817, 183
Trd, 000246.567, 180
Trd, 000246.683, 182
Trd, 000246.800, 180
Trd, 000247.017, 182
Trd, 000247.200, 176
Trd, 000247.633, 179
Trd, 000248.333, 172
Trd, 000250.933, 176
Trd, 000251.117, 177
Trd, 000251.500, 179
Trd, 000251.717, 176
Trd, 000252.233, 179
Trd, 000252.333, 180
Trd, 000252.433, 181
Trd, 000252.783, 179
Trd, 000253.650, 178
Trd, 000254.033, 179
Trd, 000254.633, 178
Trd, 000254.650, 171
Trd, 000255.067, 169
Trd, 000255.617, 168
Trd, 000256.400, 169
Trd, 000256.900, 173
Trd, 000257.950, 171
Trd, 000258.167, 172
Trd, 000258.417, 170
Trd, 000258.583, 187
Trd, 000259.200, 187
Trd, 000260.350, 176
Trd, 000260.567, 175
Trd, 000260.600, 174
Trd, 000261.117, 174
Trd, 000262.017, 173
Trd, 000262.133, 174
Trd, 000262.900, 173
Trd, 000263.100, 170
Trd, 000263.517, 172
Trd, 000263.650, 173
Trd, 000263.867, 170
Trd, 000265.100, 172
Trd, 000265.850, 171
Trd, 000266.267, 170
Trd, 000267.183, 168
Trd, 000267.500, 169
Trd, 000267.817, 171
Trd, 000268.167, 171
Trd, 000268.217, 172
Trd, 000268.283, 172
Trd, 000268.783, 170
Trd, 000269.133, 175
Trd, 000269.350, 171
Trd, 000269.967, 175
Trd, 000270.983, 174
Trd, 000271.450, 174
Trd, 000272.317, 175
Trd, 000272.667, 178
Trd, 000273.317, 176
Trd, 000273.883, 179
Trd, 000274.333, 177
Trd, 000274.600, 173
Trd, 000275.233, 170
Trd, 000275.483, 170
Trd, 000275.850, 171
Trd, 000275.950, 175
Trd, 000276.433, 176
Trd, 000276.517, 175
Trd, 000277.817, 172
Trd, 000277.900, 176
Trd, 000278.017, 177
Trd, 000279.200, 172
Trd, 000279.467, 164
Trd, 000280.133, 165
Trd, 000280.533, 164
Trd, 000280.583, 163
Trd, 000281.183, 165
Trd, 000281.867, 164
Trd, 000282.117, 169
Trd, 000282.383, 166
Trd, 000282.850, 170
Trd, 000284.233, 169
Trd, 000284.467, 171
Trd, 000284.567, 172
Trd, 000284.800, 168
Trd, 000285.017, 183
Trd, 000285.967, 168
Trd, 000286.250, 170
Trd, 000286.633, 173
Trd, 000286.800, 170
Trd, 000286.883, 175
Trd, 000287.283, 172
Trd, 000287.400, 175
Trd, 000287.667, 176
Trd, 000288.267, 174
Trd, 000288.533, 181
Trd, 000288.883, 191
Trd, 000289.583, 184
Trd, 000289.933, 172
Trd, 000290.067, 172
Trd, 000291.267, 169
Trd, 000291.517, 169
Trd, 000292.133, 167
Trd, 000292.667, 170
Trd, 000293.083, 169
Trd, 000293.483, 177
Trd, 000293.600, 167
Trd, 000294.933, 172
Trd, 000295.317, 173
Trd, 000295.450, 173
Trd, 000296.133, 175
Trd, 000296.300, 176
Trd, 000296.633, 175
Trd, 000297.050, 176
Trd, 000297.933, 175
Trd, 000298.117, 177
Trd, 000298.367, 171
Trd, 000298.650, 176
Trd, 000298.783, 177
Trd, 000299.617, 183
