Trd, 000000.950, 141
Trd, 000001.633, 117
Trd, 000002.400, 166
Trd, 000002.950, 166
Trd, 000002.983, 168
Trd, 000003.117, 165
Trd, 000004.667, 131
Trd, 000005.067, 133
Trd, 000005.250, 131
Trd, 000005.833, 141
Trd, 000006.067, 135
Trd, 000006.317, 149
Trd, 000007.017, 152
Trd, 000007.967, 145
Trd, 000008.950, 147
Trd, 000009.217, 146
Trd, 000009.267, 147
Trd, 000009.417, 148
Trd, 000009.850, 156
Trd, 000010.850, 148
Trd, 000011.917, 162
Trd, 000011.967, 163
Trd, 000012.900, 145
Trd, 000013.050, 144
Trd, 000013.633, 142
Trd, 000014.567, 151
Trd, 000015.400, 140
Trd, 000016.050, 151
Trd, 000016.233, 155
Trd, 000016.383, 151
Trd, 000017.200, 150
Trd, 000017.217, 155
Trd, 000017.317, 154
Trd, 000017.350, 150
Trd, 000018.333, 154
Trd, 000020.750, 152
Trd, 000021.583, 151
Trd, 000022.000, 153
Trd, 000022.017, 157
Trd, 000022.567, 164
Trd, 000022.783, 155
Trd, 000022.800, 150
Trd, 000023.817, 160
Trd, 000024.067, 154
Trd, 000024.200, 149
Trd, 000026.083, 153
Trd, 000026.183, 152
Trd, 000026.933, 151
Trd, 000028.117, 153
Trd, 000028.267, 154
Trd, 000028.467, 150
Trd, 000029.100, 152
Trd, 000029.767, 154
Trd, 000030.000, 155
Trd, 000030.583, 152
Trd, 000030.883, 152
Trd, 000031.533, 156
Trd, 000032.367, 155
Trd, 000032.600, 153
Trd, 000032.633, 151
Trd, 000034.383, 152
Trd, 000034.533, 153
Trd, 000034.883, 151
Trd, 000035.433, 151
Trd, 000036.167, 158
Trd, 000036.933, 167
Trd, 000037.067, 168
Trd, 000037.183, 151
Trd, 000037.617, 153
Trd, 000037.883, 162
Trd, 000038.883, 153
Trd, 000038.983, 158
Trd, 000039.500, 155
Trd, 000039.800, 157
Trd, 000039.933, 154
Trd, 000040.617, 154
Trd, 000040.800, 153
Trd, 000041.017, 156
Trd, 000041.550, 152
Trd, 000042.117, 153
Trd, 000042.983, 152
Trd, 000043.383, 153
Trd, 000043.617, 156
Trd, 000043.833, 152
Trd, 000044.233, 151
Trd, 000044.267, 157
Trd, 000044.350, 151
Trd, 000044.767, 155
Trd, 000045.433, 152
Trd, 000045.467, 157
Trd, 000046.767, 152
Trd, 000046.917, 156
Trd, 000048.750, 152
Trd, 000048.933, 152
Trd, 000049.200, 152
Trd, 000049.217, 151
Trd, 000049.550, 150
Trd, 000049.950, 156
Trd, 000050.300, 148
Trd, 000051.167, 147
Trd, 000051.350, 153
Trd, 000051.817, 147
Trd, 000052.000, 160
Trd, 000052.250, 167
Trd, 000052.467, 146
Trd, 000054.017, 167
Trd, 000054.033, 166
Trd, 000054.083, 157
Trd, 000054.100, 173
Trd, 000054.250, 153
Trd, 000054.300, 151
Trd, 000055.300, 156
Trd, 000057.067, 159
Trd, 000057.450, 159
Trd, 000057.500, 158
Trd, 000058.450, 158
Trd, 000058.850, 158
Trd, 000059.600, 157
Trd, 000059.683, 155
Trd, 000059.750, 155
Trd, 000059.983, 159
Trd, 000060.267, 154
Trd, 000060.567, 153
Trd, 000061.217, 147
Trd, 000061.950, 155
Trd, 000062.450, 161
Trd, 000062.617, 160
Trd, 000063.200, 154
Trd, 000063.317, 147
Trd, 000064.217, 149
Trd, 000064.800, 165
Trd, 000065.117, 165
Trd, 000065.950, 158
Trd, 000066.333, 158
Trd, 000067.650, 162
Trd, 000067.917, 162
Trd, 000068.083, 162
Trd, 000068.217, 163
Trd, 000068.700, 162
Trd, 000069.183, 161
Trd, 000069.517, 162
Trd, 000070.083, 161
Trd, 000070.933, 160
Trd, 000071.550, 161
Trd, 000071.800, 155
Trd, 000072.167, 162
Trd, 000072.300, 161
Trd, 000073.317, 160
Trd, 000073.667, 158
Trd, 000073.767, 157
Trd, 000074.050, 158
Trd, 000074.283, 160
Trd, 000076.017, 161
Trd, 000077.700, 160
Trd, 000077.867, 159
Trd, 000078.083, 157
Trd, 000078.367, 156
Trd, 000079.100, 157
Trd, 000079.783, 159
Trd, 000079.817, 162
Trd, 000080.617, 164
Trd, 000080.883, 145
Trd, 000081.017, 164
Trd, 000081.950, 164
Trd, 000082.067, 161
Trd, 000082.950, 173
Trd, 000083.400, 170
Trd, 000083.817, 169
Trd, 000084.250, 164
Trd, 000084.533, 172
Trd, 000084.617, 163
Trd, 000084.783, 157
Trd, 000085.233, 156
Trd, 000087.550, 161
Trd, 000088.300, 156
Trd, 000089.183, 161
Trd, 000089.483, 160
Trd, 000089.517, 150
Trd, 000089.833, 162
Trd, 000091.233, 160
Trd, 000091.400, 158
Trd, 000092.233, 158
Trd, 000092.400, 159
Trd, 000093.450, 162
Trd, 000093.467, 161
Trd, 000094.733, 161
Trd, 000094.817, 162
Trd, 000095.033, 163
Trd, 000095.483, 159
Trd, 000095.950, 164
Trd, 000096.383, 158
Trd, 000096.683, 165
Trd, 000097.250, 162
Trd, 000098.283, 162
Trd, 000098.317, 164
Trd, 000098.350, 164
Trd, 000098.983, 178
Trd, 000099.117, 159
Trd, 000099.850, 158
Trd, 000100.333, 158
Trd, 000100.933, 164
Trd, 000101.483, 162
Trd, 000101.900, 158
Trd, 000103.233, 158
Trd, 000103.500, 160
Trd, 000103.833, 161
Trd, 000104.283, 162
Trd, 000104.317, 159
Trd, 000104.700, 167
Trd, 000105.300, 165
Trd, 000105.350, 167
Trd, 000106.700, 169
Trd, 000106.917, 165
Trd, 000107.450, 166
Trd, 000108.217, 168
Trd, 000108.600, 169
Trd, 000110.000, 168
Trd, 000110.333, 170
Trd, 000110.950, 170
Trd, 000110.983, 171
Trd, 000111.217, 159
Trd, 000112.450, 165
Trd, 000112.650, 161
Trd, 000113.083, 167
Trd, 000113.100, 152
Trd, 000113.200, 132
Trd, 000114.717, 159
Trd, 000115.100, 149
Trd, 000115.533, 152
Trd, 000116.117, 161
Trd, 000116.267, 161
Trd, 000116.783, 155
Trd, 000116.867, 155
Trd, 000117.100, 156
Trd, 000117.383, 165
Trd, 000117.400, 167
Trd, 000118.717, 153
Trd, 000119.700, 166
Trd, 000120.517, 163
Trd, 000120.550, 162
Trd, 000120.917, 160
Trd, 000120.950, 163
Trd, 000121.017, 160
Trd, 000121.083, 158
Trd, 000122.067, 165
Trd, 000122.617, 198
Trd, 000123.133, 205
Trd, 000123.467, 306.0
Trd, 000123.833, 315
Trd, 000124.433, 331.0
Trd, 000125.067, 334.0
Trd, 000125.150, 341.0
Trd, 000125.633, 340
Trd, 000126.383, 335
Trd, 000128.083, 341.0
Trd, 000128.183, 331
Trd, 000128.300, 341
Trd, 000128.950, 342
Trd, 000130.100, 342
Trd, 000130.133, 345
Trd, 000130.217, 354
Trd, 000130.933, 349
Trd, 000131.817, 351
Trd, 000132.283, 345
Trd, 000133.000, 347
Trd, 000133.267, 348
Trd, 000133.317, 347
Trd, 000133.400, 351
Trd, 000133.650, 352
Trd, 000134.033, 344
Trd, 000134.583, 353
Trd, 000135.650, 358.0
Trd, 000135.767, 347
Trd, 000137.550, 348
Trd, 000137.633, 350
Trd, 000138.000, 348.0
Trd, 000138.500, 342
Trd, 000139.067, 350
Trd, 000139.183, 341.0
Trd, 000139.933, 347
Trd, 000140.117, 339
Trd, 000141.217, 338
Trd, 000143.000, 350
Trd, 000143.033, 348.0
Trd, 000143.133, 343
Trd, 000143.417, 348
Trd, 000143.633, 349
Trd, 000144.017, 350
Trd, 000144.600, 351
Trd, 000144.733, 350
Trd, 000145.683, 352
Trd, 000146.367, 352
Trd, 000146.667, 351
Trd, 000146.800, 353
Trd, 000146.883, 350
Trd, 000146.933, 347
Trd, 000148.133, 354.0
Trd, 000149.300, 353
Trd, 000149.333, 350
Trd, 000150.550, 351
Trd, 000150.783, 348.0
Trd, 000151.000, 346
Trd, 000151.067, 351
Trd, 000151.167, 341.0
Trd, 000151.467, 350
Trd, 000152.333, 342
Trd, 000152.467, 341
Trd, 000152.933, 343
Trd, 000153.567, 353
Trd, 000154.700, 362.0
Trd, 000155.017, 355
Trd, 000155.500, 353.0
Trd, 000156.033, 352.0
Trd, 000156.800, 355
Trd, 000156.883, 355
Trd, 000157.367, 355
Trd, 000157.533, 353
Trd, 000158.333, 353
Trd, 000159.083, 348.0
Trd, 000159.117, 355
Trd, 000160.367, 348
Trd, 000160.617, 341.0
Trd, 000161.100, 342
Trd, 000161.817, 331.0
Trd, 000162.217, 351
Trd, 000163.083, 348.0
Trd, 000163.367, 320.0
Trd, 000163.433, 347
Trd, 000163.650, 355.0
Trd, 000164.717, 341.0
Trd, 000165.050, 343
Trd, 000165.400, 343
Trd, 000166.133, 338
Trd, 000166.783, 337
Trd, 000166.917, 341.0
Trd, 000168.217, 331.0
Trd, 000168.517, 332
Trd, 000168.717, 333.0
Trd, 000168.783, 320.0
Trd, 000168.967, 334.0
Trd, 000170.133, 349.0
Trd, 000170.517, 348.0
Trd, 000171.117, 348
Trd, 000171.500, 349
Trd, 000172.017, 350
Trd, 000173.567, 350
Trd, 000174.367, 353
Trd, 000174.583, 353
Trd, 000174.683, 352
Trd, 000175.200, 350
Trd, 000175.400, 348.0
Trd, 000176.167, 348
Trd, 000176.600, 345
Trd, 000177.350, 353
Trd, 000177.783, 350
Trd, 000177.850, 346
Trd, 000178.483, 350.0
Trd, 000178.567, 338
Trd, 000178.700, 320.0
Trd, 000179.450, 344
Trd, 000179.717, 331
Trd, 000180.667, 348.0
Trd, 000181.200, 349.0
Trd, 000182.717, 343.0
Trd, 000183.267, 315
Trd, 000183.300, 310.0
Trd, 000183.600, 200
Trd, 000184.033, 189
Trd, 000184.767, 194
Trd, 000185.150, 190
Trd, 000185.167, 183
Trd, 000185.233, 186
Trd, 000185.883, 211
Trd, 000186.083, 192
Trd, 000187.917, 194
Trd, 000188.033, 194
Trd, 000189.333, 178
Trd, 000189.900, 179
Trd, 000190.183, 177
Trd, 000190.767, 176
Trd, 000190.883, 179
Trd, 000191.233, 178
Trd, 000191.683, 176
Trd, 000192.517, 175
Trd, 000192.783, 174
Trd, 000192.933, 177
Trd, 000193.083, 171
Trd, 000193.350, 179
Trd, 000193.950, 170
Trd, 000194.967, 172
Trd, 000196.300, 170
Trd, 000196.433, 169
Trd, 000196.500, 167
Trd, 000196.667, 169
Trd, 000196.783, 170
Trd, 000197.333, 169
Trd, 000197.450, 173
Trd, 000198.300, 174
Trd, 000199.583, 172
Trd, 000200.017, 175
Trd, 000200.400, 171
Trd, 000200.417, 175
Trd, 000203.717, 174
Trd, 000203.833, 172
Trd, 000204.533, 175
Trd, 000204.700, 174
Trd, 000204.750, 168
Trd, 000204.850, 172
Trd, 000205.500, 181
Trd, 000205.700, 182
Trd, 000206.033, 168
Trd, 000206.783, 180
Trd, 000207.217, 180
Trd, 000207.750, 183
Trd, 000208.833, 177
Trd, 000209.500, 176
Trd, 000210.017, 174
Trd, 000210.617, 162
Trd, 000211.067, 140
Trd, 000211.133, 149
Trd, 000211.217, 155
Trd, 000212.117, 155
Trd, 000212.917, 161
Trd, 000213.150, 158
Trd, 000213.167, 162
Trd, 000215.067, 175
Trd, 000215.283, 166
Trd, 000215.700, 169
Trd, 000215.750, 168
Trd, 000216.833, 170
Trd, 000217.100, 171
Trd, 000217.500, 170
Trd, 000218.483, 172
Trd, 000219.117, 171
Trd, 000219.217, 173
Trd, 000219.867, 171
Trd, 000220.067, 174
Trd, 000220.833, 172
Trd, 000221.167, 177
Trd, 000221.550, 170
Trd, 000222.550, 174
Trd, 000223.400, 175
Trd, 000223.883, 176
Trd, 000224.567, 174
Trd, 000224.750, 177
Trd, 000225.433, 176
Trd, 000225.550, 177
Trd, 000226.000, 176
Trd, 000226.250, 175
Trd, 000227.217, 170
Trd, 000228.917, 175
Trd, 000229.067, 179
Trd, 000230.033, 181
Trd, 000230.050, 174
Trd, 000230.433, 180
Trd, 000232.250, 179
Trd, 000232.917, 178
Trd, 000233.067, 182
Trd, 000233.567, 180
Trd, 000233.667, 180
Trd, 000234.067, 179
Trd, 000234.250, 179
Trd, 000234.650, 180
Trd, 000236.400, 181
Trd, 000236.583, 185
Trd, 000237.150, 186
Trd, 000237.933, 174
Trd, 000238.233, 172
Trd, 000238.300, 171
Trd, 000239.250, 177
Trd, 000239.333, 177
Trd, 000239.567, 187
Trd, 000240.483, 185
Trd, 000240.650, 184
Trd, 000241.967, 182
Trd, 000242.200, 181
Trd, 000242.850, 181
Trd, 000244.050, 179
Trd, 000244.317, 179
Trd, 000244.917, 178
Trd, 000244.983, 173
Trd, 000245.317, 182
Trd, 000245.433, 175
Trd, 000245.533, 174
Trd, 000245.750, 184
Trd, 000245.950, 185
Trd, 000246.217, 184
Trd, 000246.267, 183
Trd, 000246.417, 180
Trd, 000247.150, 173
Trd, 000248.417, 185
Trd, 000248.717, 190
Trd, 000249.267, 184
Trd, 000249.350, 182
Trd, 000249.567, 182
Trd, 000250.433, 183
Trd, 000250.733, 182
Trd, 000250.983, 180
Trd, 000251.317, 180
Trd, 000251.817, 180
Trd, 000252.883, 180
Trd, 000253.283, 177
Trd, 000254.550, 180
Trd, 000255.083, 179
Trd, 000255.767, 179
Trd, 000255.833, 175
Trd, 000256.250, 179
Trd, 000256.333, 179
Trd, 000256.500, 180
Trd, 000257.400, 178
Trd, 000257.550, 177
Trd, 000258.133, 189
Trd, 000258.517, 184
Trd, 000259.000, 184
Trd, 000260.167, 183
Trd, 000261.150, 182
Trd, 000261.200, 183
Trd, 000261.283, 181
Trd, 000262.283, 182
Trd, 000262.883, 182
Trd, 000262.983, 178
Trd, 000263.200, 180
Trd, 000263.467, 176
Trd, 000263.600, 184
Trd, 000263.800, 174
Trd, 000263.967, 170
Trd, 000263.983, 191
Trd, 000264.067, 188
Trd, 000264.333, 167
Trd, 000265.517, 170
Trd, 000266.217, 180
Trd, 000266.283, 177
Trd, 000266.883, 184
Trd, 000267.000, 181
Trd, 000267.033, 188
Trd, 000267.383, 185
Trd, 000267.733, 185
Trd, 000267.867, 180
Trd, 000268.250, 173
Trd, 000269.217, 171
Trd, 000269.250, 168
Trd, 000269.633, 178
Trd, 000270.517, 178
Trd, 000271.367, 177
Trd, 000271.600, 178
Trd, 000272.083, 181
Trd, 000272.333, 182
Trd, 000274.100, 180
Trd, 000274.733, 181
Trd, 000274.950, 181
Trd, 000275.483, 181
Trd, 000275.650, 182
Trd, 000275.883, 182
Trd, 000276.100, 179
Trd, 000276.867, 181
Trd, 000276.900, 183
Trd, 000277.350, 180
Trd, 000277.883, 179
Trd, 000278.033, 184
Trd, 000278.100, 185
Trd, 000278.817, 189
Trd, 000279.567, 189
Trd, 000279.633, 190
Trd, 000280.217, 188
Trd, 000281.700, 184
Trd, 000281.800, 184
Trd, 000282.017, 186
Trd, 000282.067, 183
Trd, 000282.250, 189
Trd, 000282.300, 172
Trd, 000283.167, 184
Trd, 000283.300, 179
Trd, 000283.617, 178
Trd, 000283.850, 191
Trd, 000284.100, 177
Trd, 000285.783, 183
Trd, 000286.200, 182
Trd, 000287.617, 179
Trd, 000287.700, 182
Trd, 000288.350, 181
Trd, 000289.100, 179
Trd, 000289.817, 181
Trd, 000289.950, 179
Trd, 000290.550, 181
Trd, 000290.700, 179
Trd, 000291.217, 175
Trd, 000291.233, 179
Trd, 000291.783, 177
Trd, 000292.067, 170
Trd, 000292.667, 162
Trd, 000292.767, 181
Trd, 000293.350, 182
Trd, 000294.600, 178
Trd, 000295.117, 179
Trd, 000295.233, 180
Trd, 000295.483, 184
Trd, 000295.500, 184
Trd, 000296.233, 181
Trd, 000296.433, 182
Trd, 000296.550, 186
Trd, 000297.100, 187
Trd, 000297.733, 180
Trd, 000298.083, 181
Trd, 000298.150, 188
Trd, 000298.733, 190
Trd, 000298.917, 189
Trd, 000299.117, 180
Trd, 000299.833, 182
