Trd, 000002.850, 140
Trd, 000003.683, 134
Trd, 000004.483, 158
Trd, 000004.667, 138
Trd, 000004.983, 161
Trd, 000005.767, 140
Trd, 000006.100, 162
Trd, 000006.783, 172
Trd, 000006.933, 183
Trd, 000007.283, 165
Trd, 000007.817, 126
Trd, 000008.233, 151
Trd, 000008.900, 156
Trd, 000008.950, 123
Trd, 000009.400, 161
Trd, 000010.750, 139
Trd, 000011.600, 159
Trd, 000012.350, 160
Trd, 000012.433, 163
Trd, 000012.833, 141
Trd, 000015.317, 153
Trd, 000016.183, 143
Trd, 000016.683, 137
Trd, 000017.650, 154
Trd, 000017.867, 139
Trd, 000018.367, 156
Trd, 000019.333, 143
Trd, 000019.700, 136
Trd, 000020.183, 136
Trd, 000020.300, 145
Trd, 000020.600, 135
Trd, 000020.667, 146
Trd, 000020.717, 146
Trd, 000021.133, 132
Trd, 000021.883, 157
Trd, 000022.533, 164
Trd, 000023.000, 151
Trd, 000023.533, 144
Trd, 000024.883, 148
Trd, 000025.367, 147
Trd, 000025.683, 146
Trd, 000025.850, 148
Trd, 000026.683, 151
Trd, 000026.883, 164
Trd, 000028.117, 158
Trd, 000028.550, 144
Trd, 000029.817, 153
Trd, 000030.700, 147
Trd, 000031.150, 169
Trd, 000032.817, 160
Trd, 000034.383, 153
Trd, 000034.733, 151
Trd, 000034.967, 150
Trd, 000035.050, 152
Trd, 000035.200, 140
Trd, 000035.267, 165
Trd, 000036.650, 143
Trd, 000037.367, 140
Trd, 000037.450, 160
Trd, 000038.400, 150
Trd, 000038.617, 128
Trd, 000039.017, 173
Trd, 000039.550, 174
Trd, 000040.000, 140
Trd, 000040.983, 167
Trd, 000041.550, 144
Trd, 000042.600, 163
Trd, 000042.800, 146
Trd, 000043.183, 156
Trd, 000044.083, 146
Trd, 000046.133, 147
Trd, 000046.450, 159
Trd, 000046.500, 165
Trd, 000047.233, 166
Trd, 000047.417, 159
Trd, 000048.650, 162
Trd, 000050.183, 163
Trd, 000050.333, 164
Trd, 000050.500, 147
Trd, 000050.650, 147
Trd, 000051.167, 157
Trd, 000052.250, 171
Trd, 000052.533, 146
Trd, 000052.883, 171
Trd, 000054.467, 167
Trd, 000054.567, 166
Trd, 000054.733, 160
Trd, 000054.850, 149
Trd, 000055.633, 162
Trd, 000056.583, 148
Trd, 000057.050, 135
Trd, 000058.317, 146
Trd, 000058.467, 152
Trd, 000058.600, 130
Trd, 000059.600, 154
Trd, 000059.667, 158
Trd, 000060.000, 138
Trd, 000060.500, 157
Trd, 000060.950, 144
Trd, 000062.517, 157
Trd, 000062.533, 161
Trd, 000063.283, 146
Trd, 000063.417, 178
Trd, 000063.817, 145
Trd, 000064.033, 185
Trd, 000065.733, 146
Trd, 000066.017, 164
Trd, 000066.267, 166
Trd, 000067.100, 166
Trd, 000067.383, 167
Trd, 000070.017, 168
Trd, 000070.317, 168
Trd, 000070.867, 151
Trd, 000070.883, 150
Trd, 000072.017, 166
Trd, 000072.867, 149
Trd, 000073.667, 163
Trd, 000073.717, 131
Trd, 000074.033, 166
Trd, 000075.467, 173
Trd, 000075.767, 174
Trd, 000076.117, 172
Trd, 000076.700, 153
Trd, 000077.233, 169
Trd, 000078.200, 167
Trd, 000078.350, 164
Trd, 000078.467, 151
Trd, 000080.033, 171
Trd, 000080.433, 153
Trd, 000080.667, 180
Trd, 000081.283, 176
Trd, 000081.733, 186
Trd, 000081.800, 183
Trd, 000082.100, 151
Trd, 000083.017, 158
Trd, 000083.800, 150
Trd, 000084.117, 155
Trd, 000085.650, 157
Trd, 000085.683, 150
Trd, 000087.900, 158
Trd, 000088.550, 156
Trd, 000088.700, 163
Trd, 000088.750, 174
Trd, 000089.900, 167
Trd, 000090.267, 157
Trd, 000090.550, 156
Trd, 000091.550, 152
Trd, 000092.100, 162
Trd, 000092.150, 131
Trd, 000092.250, 131
Trd, 000092.900, 144
Trd, 000093.000, 164
Trd, 000093.083, 172
Trd, 000094.567, 167
Trd, 000095.867, 157
Trd, 000097.217, 157
Trd, 000097.967, 156
Trd, 000098.267, 165
Trd, 000098.500, 153
Trd, 000098.633, 150
Trd, 000098.983, 173
Trd, 000099.633, 162
Trd, 000099.883, 181
Trd, 000101.000, 158
Trd, 000102.200, 168
Trd, 000103.167, 151
Trd, 000103.217, 149
Trd, 000104.500, 173
Trd, 000104.733, 173
Trd, 000104.767, 181
Trd, 000105.017, 153
Trd, 000105.567, 179
Trd, 000106.733, 177
Trd, 000107.533, 176
Trd, 000107.667, 176
Trd, 000107.967, 162
Trd, 000108.033, 181
Trd, 000108.300, 182
Trd, 000110.050, 153
Trd, 000110.683, 161
Trd, 000110.717, 155
Trd, 000110.967, 155
Trd, 000111.283, 155
Trd, 000112.433, 156
Trd, 000112.750, 157
Trd, 000112.767, 155
Trd, 000114.067, 158
Trd, 000115.317, 166
Trd, 000116.383, 158
Trd, 000116.967, 164
Trd, 000117.433, 166
Trd, 000117.483, 167
Trd, 000117.767, 157
Trd, 000118.133, 183
Trd, 000118.883, 158
Trd, 000121.183, 182
Trd, 000122.050, 179
Trd, 000122.300, 177
Trd, 000122.317, 180
Trd, 000122.967, 184
Trd, 000123.700, 195
Trd, 000123.983, 198
Trd, 000124.017, 209
Trd, 000124.083, 255
Trd, 000124.200, 271
Trd, 000124.233, 324.0
Trd, 000124.783, 327
Trd, 000125.033, 306
Trd, 000125.450, 328
Trd, 000125.650, 310
Trd, 000128.283, 355.0
Trd, 000128.483, 327
Trd, 000128.833, 361.0
Trd, 000129.150, 349
Trd, 000131.033, 331
Trd, 000131.650, 355.0
Trd, 000132.350, 351
Trd, 000132.400, 354
Trd, 000132.417, 337
Trd, 000133.767, 340
Trd, 000133.983, 340
Trd, 000134.233, 362.0
Trd, 000134.600, 334
Trd, 000135.233, 365.0
Trd, 000137.433, 346
Trd, 000137.467, 349
Trd, 000138.033, 355.0
Trd, 000138.783, 361.0
Trd, 000139.817, 357
Trd, 000140.717, 365.0
Trd, 000140.867, 354
Trd, 000141.033, 342
Trd, 000141.867, 345
Trd, 000142.083, 336
Trd, 000142.183, 346
Trd, 000142.333, 347
Trd, 000144.733, 342
Trd, 000144.950, 339
Trd, 000145.600, 338
Trd, 000145.650, 340
Trd, 000145.833, 354
Trd, 000147.050, 338
Trd, 000147.700, 345
Trd, 000148.050, 336
Trd, 000148.350, 346
Trd, 000149.000, 352
Trd, 000149.233, 326
Trd, 000149.800, 326
Trd, 000149.883, 347
Trd, 000150.850, 355.0
Trd, 000151.450, 365
Trd, 000151.517, 360
Trd, 000151.967, 338
Trd, 000152.667, 332
Trd, 000152.900, 330
Trd, 000154.300, 362.0
Trd, 000155.333, 331
Trd, 000156.083, 350
Trd, 000156.500, 332
Trd, 000156.950, 331
Trd, 000157.183, 339
Trd, 000157.950, 326
Trd, 000158.300, 351.0
Trd, 000159.000, 355.0
Trd, 000159.133, 333
Trd, 000161.083, 359
Trd, 000161.817, 345
Trd, 000162.067, 344
Trd, 000162.800, 350
Trd, 000162.983, 352
Trd, 000163.483, 354
Trd, 000164.433, 347
Trd, 000164.783, 352
Trd, 000166.950, 343
Trd, 000167.200, 345
Trd, 000169.367, 352
Trd, 000169.700, 355.0
Trd, 000170.317, 350
Trd, 000170.550, 342
Trd, 000170.983, 351
Trd, 000171.483, 351
Trd, 000171.533, 355.0
Trd, 000172.733, 351
Trd, 000173.100, 328
Trd, 000173.367, 324
Trd, 000175.283, 341
Trd, 000176.033, 341
Trd, 000176.767, 326
Trd, 000176.817, 329
Trd, 000177.550, 323
Trd, 000177.983, 341
Trd, 000178.567, 355.0
Trd, 000179.050, 326
Trd, 000179.733, 343
Trd, 000180.500, 349
Trd, 000180.533, 321
Trd, 000181.217, 348
Trd, 000182.050, 328
Trd, 000182.367, 327
Trd, 000182.417, 353.0
Trd, 000182.483, 312
Trd, 000183.233, 335
Trd, 000183.400, 322
Trd, 000183.850, 310.0
Trd, 000184.067, 295
Trd, 000184.933, 268
Trd, 000185.583, 208
Trd, 000186.050, 204
Trd, 000186.083, 201
Trd, 000186.500, 200
Trd, 000187.467, 184
Trd, 000188.267, 187
Trd, 000189.600, 171
Trd, 000190.983, 172
Trd, 000191.050, 177
Trd, 000191.250, 171
Trd, 000192.033, 160
Trd, 000192.300, 155
Trd, 000194.367, 173
Trd, 000195.017, 174
Trd, 000196.100, 164
Trd, 000197.433, 174
Trd, 000198.083, 164
Trd, 000198.117, 178
Trd, 000198.300, 181
Trd, 000198.400, 162
Trd, 000198.633, 185
Trd, 000198.967, 163
Trd, 000200.583, 184
Trd, 000200.600, 183
Trd, 000200.717, 185
Trd, 000200.900, 188
Trd, 000201.450, 181
Trd, 000204.150, 147
Trd, 000204.667, 146
Trd, 000204.850, 175
Trd, 000205.917, 165
Trd, 000207.083, 166
Trd, 000207.600, 163
Trd, 000207.767, 157
Trd, 000208.200, 154
Trd, 000208.783, 182
Trd, 000209.133, 175
Trd, 000209.633, 190
Trd, 000210.267, 190
Trd, 000210.300, 191
Trd, 000210.317, 156
Trd, 000211.000, 151
Trd, 000211.317, 192
Trd, 000211.800, 154
Trd, 000213.417, 174
Trd, 000213.500, 167
Trd, 000214.600, 163
Trd, 000215.633, 189
Trd, 000215.783, 190
Trd, 000216.317, 200
Trd, 000217.367, 185
Trd, 000217.783, 165
Trd, 000218.183, 193
Trd, 000218.783, 187
Trd, 000219.450, 166
Trd, 000220.283, 193
Trd, 000221.117, 165
Trd, 000222.400, 167
Trd, 000223.133, 169
Trd, 000223.167, 172
Trd, 000224.017, 177
Trd, 000225.033, 184
Trd, 000225.767, 177
Trd, 000226.050, 187
Trd, 000226.167, 193
Trd, 000226.950, 148
Trd, 000227.383, 147
Trd, 000227.483, 165
Trd, 000229.133, 168
Trd, 000229.433, 169
Trd, 000229.567, 150
Trd, 000230.000, 185
Trd, 000230.900, 172
Trd, 000232.150, 178
Trd, 000233.167, 190
Trd, 000233.767, 188
Trd, 000233.967, 185
Trd, 000235.367, 185
Trd, 000235.633, 176
Trd, 000236.867, 183
Trd, 000238.783, 178
Trd, 000238.983, 179
Trd, 000239.467, 174
Trd, 000239.617, 182
Trd, 000240.567, 175
Trd, 000240.867, 176
Trd, 000241.000, 176
Trd, 000241.383, 179
Trd, 000241.500, 178
Trd, 000241.600, 180
Trd, 000242.550, 177
Trd, 000242.917, 186
Trd, 000243.583, 185
Trd, 000243.783, 189
Trd, 000244.100, 183
Trd, 000244.500, 183
Trd, 000244.533, 182
Trd, 000245.033, 179
Trd, 000246.350, 183
Trd, 000246.617, 184
Trd, 000247.683, 186
Trd, 000248.150, 187
Trd, 000248.200, 188
Trd, 000248.633, 199
Trd, 000249.033, 192
Trd, 000249.883, 192
Trd, 000249.917, 192
Trd, 000250.650, 181
Trd, 000250.833, 180
Trd, 000251.583, 183
Trd, 000251.917, 183
Trd, 000252.017, 180
Trd, 000252.183, 181
Trd, 000252.983, 164
Trd, 000253.800, 179
Trd, 000253.833, 182
Trd, 000254.033, 176
Trd, 000254.550, 180
Trd, 000255.333, 180
Trd, 000255.383, 182
Trd, 000255.400, 174
Trd, 000256.317, 169
Trd, 000256.583, 176
Trd, 000256.933, 177
Trd, 000257.417, 175
Trd, 000257.883, 179
Trd, 000258.333, 181
Trd, 000258.683, 182
Trd, 000259.567, 179
Trd, 000260.417, 183
Trd, 000260.983, 184
Trd, 000261.683, 182
Trd, 000261.700, 181
Trd, 000262.450, 180
Trd, 000262.950, 183
Trd, 000263.100, 184
Trd, 000263.200, 184
Trd, 000263.383, 188
Trd, 000263.483, 189
Trd, 000263.683, 187
Trd, 000264.267, 195
Trd, 000264.450, 198
Trd, 000264.500, 189
Trd, 000265.333, 194
Trd, 000265.883, 193
Trd, 000266.117, 186
Trd, 000266.483, 185
Trd, 000267.150, 184
Trd, 000267.200, 184
Trd, 000267.300, 188
Trd, 000267.683, 189
Trd, 000268.417, 196
Trd, 000269.550, 182
Trd, 000270.833, 179
Trd, 000271.033, 182
Trd, 000271.200, 183
Trd, 000271.300, 185
Trd, 000271.783, 182
Trd, 000272.017, 185
Trd, 000272.200, 182
Trd, 000272.700, 187
Trd, 000273.400, 183
Trd, 000273.433, 189
Trd, 000273.683, 187
Trd, 000274.217, 182
Trd, 000274.333, 177
Trd, 000274.850, 182
Trd, 000275.083, 170
Trd, 000275.833, 162
Trd, 000276.850, 178
Trd, 000277.717, 170
Trd, 000277.733, 169
Trd, 000278.083, 175
Trd, 000279.067, 175
Trd, 000279.633, 178
Trd, 000279.683, 178
Trd, 000279.850, 177
Trd, 000280.250, 176
Trd, 000280.733, 174
Trd, 000281.100, 175
Trd, 000281.683, 183
Trd, 000282.417, 177
Trd, 000283.083, 176
Trd, 000284.233, 181
Trd, 000284.450, 180
Trd, 000284.683, 171
Trd, 000285.017, 181
Trd, 000285.517, 161
Trd, 000285.683, 162
Trd, 000285.883, 183
Trd, 000286.250, 179
Trd, 000286.700, 190
Trd, 000287.917, 199
Trd, 000287.967, 197
Trd, 000288.817, 185
Trd, 000288.933, 199
Trd, 000289.417, 184
Trd, 000290.400, 187
Trd, 000290.817, 192
Trd, 000290.917, 198
Trd, 000291.050, 173
Trd, 000291.417, 194
Trd, 000291.567, 195
Trd, 000291.983, 178
Trd, 000292.150, 177
Trd, 000293.900, 193
Trd, 000293.983, 194
Trd, 000294.817, 190
Trd, 000294.983, 173
Trd, 000295.117, 195
Trd, 000295.550, 201
Trd, 000295.733, 208
Trd, 000296.200, 194
Trd, 000296.317, 192
Trd, 000296.467, 185
Trd, 000296.717, 205
Trd, 000297.117, 185
Trd, 000297.383, 188
Trd, 000297.583, 204
Trd, 000297.933, 188
Trd, 000298.033, 186
Trd, 000298.900, 186
Trd, 000298.950, 198
Trd, 000299.117, 202
Trd, 000299.900, 185
