Trd, 000002.100, 144
Trd, 000002.917, 157
Trd, 000003.450, 142
Trd, 000003.850, 145
Trd, 000003.950, 158
Trd, 000004.167, 158
Trd, 000004.583, 158
Trd, 000004.917, 141
Trd, 000005.183, 137
Trd, 000005.717, 158
Trd, 000006.000, 132
Trd, 000007.250, 145
Trd, 000007.700, 144
Trd, 000008.800, 153
Trd, 000009.167, 145
Trd, 000009.183, 159
Trd, 000009.200, 161
Trd, 000010.633, 158
Trd, 000010.833, 153
Trd, 000011.267, 161
Trd, 000011.417, 163
Trd, 000011.467, 152
Trd, 000012.183, 169
Trd, 000012.417, 163
Trd, 000012.533, 144
Trd, 000013.183, 161
Trd, 000015.517, 157
Trd, 000015.650, 159
Trd, 000015.800, 156
Trd, 000016.100, 159
Trd, 000016.233, 156
Trd, 000017.417, 157
Trd, 000017.650, 157
Trd, 000018.367, 160
Trd, 000018.417, 163
Trd, 000019.083, 157
Trd, 000020.117, 163
Trd, 000022.300, 152
Trd, 000022.383, 154
Trd, 000022.400, 143
Trd, 000022.517, 159
Trd, 000023.283, 160
Trd, 000023.433, 152
Trd, 000024.067, 144
Trd, 000024.667, 137
Trd, 000025.283, 149
Trd, 000026.167, 147
Trd, 000026.867, 158
Trd, 000027.650, 149
Trd, 000028.250, 152
Trd, 000028.567, 152
Trd, 000028.733, 148
Trd, 000029.017, 161
Trd, 000030.050, 161
Trd, 000030.283, 155
Trd, 000031.600, 158
Trd, 000031.850, 165
Trd, 000032.967, 157
Trd, 000034.133, 158
Trd, 000034.317, 161
Trd, 000034.400, 157
Trd, 000035.267, 162
Trd, 000036.167, 156
Trd, 000036.883, 161
Trd, 000037.067, 162
Trd, 000037.250, 161
Trd, 000037.567, 163
Trd, 000038.700, 157
Trd, 000040.583, 162
Trd, 000040.650, 159
Trd, 000040.800, 162
Trd, 000040.967, 162
Trd, 000041.717, 159
Trd, 000041.800, 157
Trd, 000042.483, 163
Trd, 000043.117, 156
Trd, 000043.867, 162
Trd, 000044.183, 162
Trd, 000044.533, 164
Trd, 000045.317, 163
Trd, 000048.183, 163
Trd, 000048.800, 157
Trd, 000048.833, 156
Trd, 000048.850, 156
Trd, 000049.033, 163
Trd, 000049.200, 146
Trd, 000049.883, 163
Trd, 000050.383, 154
Trd, 000050.950, 162
Trd, 000051.250, 163
Trd, 000052.050, 162
Trd, 000053.267, 149
Trd, 000053.283, 146
Trd, 000053.633, 158
Trd, 000053.967, 152
Trd, 000054.583, 149
Trd, 000055.633, 157
Trd, 000057.383, 153
Trd, 000057.600, 163
Trd, 000057.767, 153
Trd, 000057.950, 164
Trd, 000058.433, 167
Trd, 000058.500, 148
Trd, 000059.217, 153
Trd, 000060.500, 159
Trd, 000060.550, 160
Trd, 000060.567, 161
Trd, 000061.383, 159
Trd, 000062.250, 156
Trd, 000062.400, 167
Trd, 000062.767, 155
Trd, 000063.683, 156
Trd, 000065.183, 157
Trd, 000065.250, 162
Trd, 000065.750, 156
Trd, 000066.267, 164
Trd, 000066.283, 169
Trd, 000066.467, 164
Trd, 000066.700, 161
Trd, 000066.817, 171
Trd, 000067.483, 156
Trd, 000067.550, 165
Trd, 000067.567, 166
Trd, 000068.817, 168
Trd, 000069.633, 160
Trd, 000069.750, 150
Trd, 000070.033, 165
Trd, 000071.133, 161
Trd, 000071.300, 150
Trd, 000071.333, 168
Trd, 000071.650, 167
Trd, 000072.083, 148
Trd, 000073.050, 151
Trd, 000074.567, 156
Trd, 000077.283, 157
Trd, 000077.333, 158
Trd, 000077.450, 157
Trd, 000078.200, 156
Trd, 000078.283, 163
Trd, 000078.817, 164
Trd, 000079.050, 152
Trd, 000079.267, 149
Trd, 000080.400, 149
Trd, 000080.483, 146
Trd, 000081.533, 146
Trd, 000081.800, 159
Trd, 000082.483, 149
Trd, 000083.633, 158
Trd, 000084.300, 165
Trd, 000084.950, 164
Trd, 000084.983, 166
Trd, 000085.467, 174
Trd, 000085.983, 176
Trd, 000086.517, 161
Trd, 000086.550, 161
Trd, 000087.400, 162
Trd, 000087.683, 168
Trd, 000088.283, 162
Trd, 000088.400, 167
Trd, 000088.517, 152
Trd, 000089.633, 157
Trd, 000091.500, 152
Trd, 000092.933, 161
Trd, 000093.300, 162
Trd, 000093.450, 153
Trd, 000093.633, 152
Trd, 000093.983, 171
Trd, 000094.833, 153
Trd, 000094.867, 163
Trd, 000095.117, 168
Trd, 000096.333, 150
Trd, 000096.833, 161
Trd, 000097.150, 156
Trd, 000098.417, 168
Trd, 000098.733, 172
Trd, 000098.833, 189
Trd, 000099.533, 182
Trd, 000100.383, 171
Trd, 000101.117, 170
Trd, 000101.200, 174
Trd, 000102.200, 172
Trd, 000102.267, 165
Trd, 000102.467, 172
Trd, 000103.633, 151
Trd, 000103.650, 151
Trd, 000103.683, 174
Trd, 000103.817, 169
Trd, 000104.217, 160
Trd, 000104.517, 175
Trd, 000106.500, 163
Trd, 000106.683, 160
Trd, 000107.400, 166
Trd, 000108.717, 164
Trd, 000109.150, 163
Trd, 000109.233, 169
Trd, 000110.033, 160
Trd, 000110.617, 160
Trd, 000110.867, 159
Trd, 000111.033, 168
Trd, 000111.767, 173
Trd, 000112.433, 169
Trd, 000112.750, 168
Trd, 000113.250, 160
Trd, 000113.567, 168
Trd, 000114.567, 167
Trd, 000114.883, 168
Trd, 000115.083, 161
Trd, 000115.133, 169
Trd, 000116.017, 160
Trd, 000117.200, 158
Trd, 000118.317, 159
Trd, 000118.467, 163
Trd, 000118.950, 166
Trd, 000119.117, 158
Trd, 000120.150, 164
Trd, 000121.450, 157
Trd, 000121.600, 166
Trd, 000122.350, 167
Trd, 000122.900, 167
Trd, 000122.933, 177
Trd, 000123.233, 180
Trd, 000123.350, 191
Trd, 000123.883, 194
Trd, 000123.917, 201
Trd, 000124.250, 208
Trd, 000124.267, 248
Trd, 000125.250, 303.0
Trd, 000125.283, 306.0
Trd, 000125.783, 343
Trd, 000125.833, 344.0
Trd, 000126.333, 324
Trd, 000127.800, 329.0
Trd, 000129.400, 343
Trd, 000130.183, 342.0
Trd, 000130.200, 341.0
Trd, 000131.517, 343
Trd, 000131.950, 339
Trd, 000132.233, 344.0
Trd, 000132.383, 356
Trd, 000133.000, 348
Trd, 000134.050, 347
Trd, 000134.233, 348.0
Trd, 000134.267, 348
Trd, 000134.283, 341.0
Trd, 000135.050, 342
Trd, 000135.300, 355
Trd, 000135.767, 339.0
Trd, 000138.017, 344.0
Trd, 000138.217, 348.0
Trd, 000138.283, 342
Trd, 000138.750, 339
Trd, 000139.250, 337.0
Trd, 000140.850, 336
Trd, 000141.767, 335
Trd, 000142.467, 349
Trd, 000142.933, 349
Trd, 000143.467, 343.0
Trd, 000144.133, 355
Trd, 000144.450, 342
Trd, 000145.083, 340
Trd, 000145.167, 344.0
Trd, 000146.317, 341.0
Trd, 000146.383, 348.0
Trd, 000146.550, 350
Trd, 000146.933, 336
Trd, 000148.500, 358.0
Trd, 000148.967, 354
Trd, 000149.750, 341
Trd, 000150.233, 341
Trd, 000151.167, 344.0
Trd, 000151.850, 346
Trd, 000153.417, 346
Trd, 000153.767, 348.0
Trd, 000155.633, 341.0
Trd, 000157.217, 345
Trd, 000157.233, 349
Trd, 000158.517, 344
Trd, 000159.317, 346
Trd, 000159.700, 348.0
Trd, 000160.217, 344
Trd, 000160.333, 346
Trd, 000160.617, 342
Trd, 000162.333, 350
Trd, 000163.483, 356
Trd, 000163.983, 362.0
Trd, 000164.400, 346
Trd, 000164.750, 343
Trd, 000165.517, 358
Trd, 000165.933, 353
Trd, 000166.550, 346.0
Trd, 000166.733, 341.0
Trd, 000167.800, 341
Trd, 000168.233, 356
Trd, 000168.367, 357
Trd, 000168.867, 345
Trd, 000169.417, 344
Trd, 000170.417, 344
Trd, 000170.883, 339
Trd, 000171.317, 357
Trd, 000171.833, 344.0
Trd, 000172.567, 355.0
Trd, 000174.383, 348.0
Trd, 000174.467, 354
Trd, 000174.933, 356
Trd, 000175.117, 345
Trd, 000175.583, 343
Trd, 000178.767, 355
Trd, 000179.117, 356
Trd, 000180.100, 348.0
Trd, 000180.300, 344.0
Trd, 000181.233, 343.0
Trd, 000181.750, 357
Trd, 000181.783, 343
Trd, 000182.100, 342.0
Trd, 000182.483, 341.0
Trd, 000182.600, 331.0
Trd, 000182.967, 324.0
Trd, 000183.350, 301
Trd, 000183.483, 238
Trd, 000183.783, 221
Trd, 000184.033, 212
Trd, 000184.483, 211
Trd, 000184.500, 197
Trd, 000184.900, 190
Trd, 000186.300, 198
Trd, 000186.383, 187
Trd, 000188.967, 184
Trd, 000189.100, 180
Trd, 000189.650, 174
Trd, 000190.250, 177
Trd, 000191.000, 174
Trd, 000191.167, 156
Trd, 000191.700, 181
Trd, 000192.017, 181
Trd, 000193.000, 184
Trd, 000193.217, 174
Trd, 000193.350, 183
Trd, 000193.750, 181
Trd, 000193.900, 174
Trd, 000195.600, 174
Trd, 000196.800, 173
Trd, 000196.883, 175
Trd, 000197.217, 173
Trd, 000199.567, 169
Trd, 000200.483, 174
Trd, 000200.850, 169
Trd, 000201.167, 174
Trd, 000201.367, 175
Trd, 000201.483, 178
Trd, 000201.550, 168
Trd, 000201.717, 163
Trd, 000202.333, 164
Trd, 000202.717, 163
Trd, 000203.083, 175
Trd, 000203.900, 168
Trd, 000204.100, 167
Trd, 000204.517, 166
Trd, 000205.250, 173
Trd, 000206.667, 173
Trd, 000206.717, 175
Trd, 000207.417, 168
Trd, 000207.750, 167
Trd, 000208.717, 166
Trd, 000209.300, 174
Trd, 000209.650, 178
Trd, 000210.000, 169
Trd, 000210.900, 179
Trd, 000211.067, 164
Trd, 000211.800, 164
Trd, 000212.767, 166
Trd, 000213.200, 176
Trd, 000213.683, 169
Trd, 000214.133, 179
Trd, 000214.600, 178
Trd, 000214.650, 172
Trd, 000215.417, 164
Trd, 000215.917, 179
Trd, 000216.183, 179
Trd, 000217.283, 176
Trd, 000218.150, 175
Trd, 000218.417, 179
Trd, 000220.417, 177
Trd, 000220.667, 174
Trd, 000221.350, 178
Trd, 000221.650, 175
Trd, 000222.117, 173
Trd, 000222.433, 165
Trd, 000222.817, 178
Trd, 000223.567, 170
Trd, 000224.017, 170
Trd, 000225.617, 177
Trd, 000225.733, 177
Trd, 000225.933, 177
Trd, 000226.167, 178
Trd, 000226.750, 163
Trd, 000227.567, 159
Trd, 000229.017, 175
Trd, 000229.167, 174
Trd, 000229.467, 172
Trd, 000231.767, 171
Trd, 000232.267, 174
Trd, 000232.417, 168
Trd, 000233.283, 171
Trd, 000233.817, 171
Trd, 000234.100, 181
Trd, 000234.567, 181
Trd, 000234.867, 168
Trd, 000235.083, 176
Trd, 000235.533, 171
Trd, 000235.750, 187
Trd, 000236.200, 171
Trd, 000238.050, 180
Trd, 000238.383, 186
Trd, 000239.000, 173
Trd, 000239.050, 172
Trd, 000239.200, 183
Trd, 000240.533, 174
Trd, 000240.717, 172
Trd, 000241.167, 176
Trd, 000241.633, 176
Trd, 000242.033, 175
Trd, 000242.150, 167
Trd, 000242.450, 167
Trd, 000243.183, 170
Trd, 000243.467, 168
Trd, 000243.700, 171
Trd, 000243.767, 171
Trd, 000243.933, 172
Trd, 000244.783, 176
Trd, 000244.817, 173
Trd, 000246.000, 175
Trd, 000246.067, 176
Trd, 000246.583, 182
Trd, 000247.867, 176
Trd, 000248.433, 173
Trd, 000248.583, 174
Trd, 000249.700, 167
Trd, 000250.283, 176
Trd, 000250.717, 177
Trd, 000250.933, 180
Trd, 000251.150, 170
Trd, 000251.550, 171
Trd, 000251.700, 183
Trd, 000252.083, 173
Trd, 000252.183, 178
Trd, 000252.667, 176
Trd, 000253.250, 179
Trd, 000253.650, 172
Trd, 000253.700, 171
Trd, 000254.500, 174
Trd, 000255.117, 172
Trd, 000256.583, 175
Trd, 000256.967, 175
Trd, 000257.617, 175
Trd, 000257.800, 177
Trd, 000257.933, 177
Trd, 000258.450, 175
Trd, 000258.483, 179
Trd, 000258.833, 176
Trd, 000259.167, 172
Trd, 000259.667, 171
Trd, 000260.000, 169
Trd, 000261.267, 167
Trd, 000261.883, 173
Trd, 000262.167, 181
Trd, 000262.600, 188
Trd, 000263.050, 190
Trd, 000263.300, 176
Trd, 000264.133, 181
Trd, 000264.183, 183
Trd, 000264.217, 184
Trd, 000264.267, 181
Trd, 000264.900, 180
Trd, 000265.133, 184
Trd, 000265.200, 175
Trd, 000265.250, 181
Trd, 000267.717, 176
Trd, 000268.167, 175
Trd, 000268.650, 178
Trd, 000268.817, 174
Trd, 000269.050, 179
Trd, 000269.517, 174
Trd, 000270.767, 176
Trd, 000270.917, 173
Trd, 000270.983, 179
Trd, 000271.350, 182
Trd, 000271.717, 171
Trd, 000271.883, 170
Trd, 000271.967, 168
Trd, 000272.283, 170
Trd, 000273.367, 183
Trd, 000273.800, 182
Trd, 000273.883, 182
Trd, 000273.933, 185
Trd, 000274.700, 189
Trd, 000274.783, 185
Trd, 000274.933, 186
Trd, 000275.250, 192
Trd, 000276.817, 181
Trd, 000277.150, 183
Trd, 000277.383, 176
Trd, 000277.467, 188
Trd, 000278.800, 188
Trd, 000278.967, 188
Trd, 000279.583, 183
Trd, 000280.183, 186
Trd, 000280.717, 180
Trd, 000280.817, 179
Trd, 000280.900, 171
Trd, 000281.100, 186
Trd, 000281.250, 177
Trd, 000281.350, 169
Trd, 000281.600, 186
Trd, 000281.833, 156
Trd, 000282.700, 162
Trd, 000282.933, 186
Trd, 000283.517, 186
Trd, 000283.933, 176
Trd, 000284.217, 172
Trd, 000284.317, 168
Trd, 000284.350, 177
Trd, 000284.917, 173
Trd, 000285.633, 180
Trd, 000285.717, 183
Trd, 000286.117, 190
Trd, 000286.200, 173
Trd, 000287.717, 173
Trd, 000287.900, 171
Trd, 000287.983, 184
Trd, 000289.100, 185
Trd, 000289.633, 177
Trd, 000290.400, 191
Trd, 000290.683, 193
Trd, 000290.783, 194
Trd, 000290.850, 192
Trd, 000291.383, 178
Trd, 000291.450, 177
Trd, 000291.500, 179
Trd, 000291.533, 178
Trd, 000292.233, 186
Trd, 000293.100, 172
Trd, 000293.317, 172
Trd, 000293.733, 185
Trd, 000293.817, 186
Trd, 000294.433, 177
Trd, 000295.133, 187
Trd, 000295.450, 176
Trd, 000295.600, 171
Trd, 000295.700, 194
Trd, 000296.367, 178
Trd, 000296.983, 188
Trd, 000297.750, 182
Trd, 000298.050, 166
Trd, 000299.167, 173
Trd, 000299.667, 188
Trd, 000299.683, 179
Trd, 000299.900, 179
