Trd, 000001.767, 158
Trd, 000003.717, 163
Trd, 000003.967, 158
Trd, 000004.500, 156
Trd, 000005.100, 155
Trd, 000005.467, 155
Trd, 000006.083, 155
Trd, 000006.567, 154
Trd, 000006.683, 155
Trd, 000007.417, 155
Trd, 000007.500, 156
Trd, 000007.800, 156
Trd, 000008.017, 166
Trd, 000008.850, 160
Trd, 000010.150, 154
Trd, 000010.517, 154
Trd, 000010.650, 152
Trd, 000011.150, 156
Trd, 000012.133, 154
Trd, 000012.283, 153
Trd, 000013.167, 153
Trd, 000014.150, 153
Trd, 000014.583, 152
Trd, 000014.850, 152
Trd, 000015.067, 153
Trd, 000016.433, 155
Trd, 000016.767, 154
Trd, 000017.300, 155
Trd, 000017.817, 155
Trd, 000019.083, 156
Trd, 000019.150, 157
Trd, 000019.533, 155
Trd, 000019.950, 153
Trd, 000020.083, 154
Trd, 000020.683, 154
Trd, 000021.100, 153
Trd, 000021.550, 153
Trd, 000022.183, 154
Trd, 000024.100, 155
Trd, 000024.283, 155
Trd, 000024.867, 155
Trd, 000025.267, 156
Trd, 000025.950, 156
Trd, 000025.967, 157
Trd, 000026.367, 158
Trd, 000027.133, 154
Trd, 000027.433, 156
Trd, 000027.583, 155
Trd, 000028.667, 158
Trd, 000028.967, 140
Trd, 000029.267, 147
Trd, 000029.733, 153
Trd, 000030.150, 151
Trd, 000030.767, 154
Trd, 000031.400, 152
Trd, 000031.950, 155
Trd, 000032.267, 159
Trd, 000033.483, 156
Trd, 000034.433, 164
Trd, 000035.317, 166
Trd, 000035.333, 169
Trd, 000035.367, 163
Trd, 000035.833, 168
Trd, 000036.933, 162
Trd, 000038.333, 166
Trd, 000039.350, 161
Trd, 000039.483, 161
Trd, 000040.283, 160
Trd, 000040.333, 163
Trd, 000040.417, 164
Trd, 000041.000, 163
Trd, 000041.217, 155
Trd, 000041.683, 164
Trd, 000041.917, 153
Trd, 000042.017, 152
Trd, 000043.167, 161
Trd, 000043.700, 160
Trd, 000043.767, 161
Trd, 000043.900, 162
Trd, 000044.550, 177
Trd, 000045.450, 164
Trd, 000045.533, 165
Trd, 000046.183, 164
Trd, 000047.550, 165
Trd, 000048.200, 163
Trd, 000048.483, 164
Trd, 000048.750, 163
Trd, 000048.883, 162
Trd, 000048.983, 151
Trd, 000049.283, 163
Trd, 000049.300, 148
Trd, 000049.950, 159
Trd, 000050.717, 159
Trd, 000050.750, 160
Trd, 000052.700, 169
Trd, 000053.350, 144
Trd, 000054.167, 182
Trd, 000054.883, 169
Trd, 000055.300, 171
Trd, 000055.600, 167
Trd, 000055.700, 172
Trd, 000056.283, 167
Trd, 000056.350, 167
Trd, 000056.850, 162
Trd, 000057.717, 161
Trd, 000057.733, 160
Trd, 000058.483, 160
Trd, 000058.783, 161
Trd, 000059.083, 160
Trd, 000059.900, 158
Trd, 000060.117, 163
Trd, 000060.983, 164
Trd, 000061.300, 163
Trd, 000061.483, 157
Trd, 000062.150, 162
Trd, 000062.467, 162
Trd, 000062.733, 160
Trd, 000063.667, 162
Trd, 000064.683, 163
Trd, 000065.317, 161
Trd, 000065.483, 161
Trd, 000065.567, 162
Trd, 000066.950, 161
Trd, 000067.800, 160
Trd, 000067.950, 158
Trd, 000068.050, 153
Trd, 000068.267, 159
Trd, 000068.317, 148
Trd, 000068.733, 159
Trd, 000069.200, 160
Trd, 000069.267, 160
Trd, 000070.000, 160
Trd, 000070.117, 172
Trd, 000070.583, 177
Trd, 000070.683, 173
Trd, 000072.233, 172
Trd, 000072.417, 173
Trd, 000072.433, 167
Trd, 000074.050, 162
Trd, 000074.400, 161
Trd, 000074.450, 158
Trd, 000074.917, 154
Trd, 000075.750, 155
Trd, 000076.283, 160
Trd, 000077.017, 161
Trd, 000077.333, 159
Trd, 000078.183, 157
Trd, 000078.383, 158
Trd, 000078.650, 159
Trd, 000078.683, 172
Trd, 000080.100, 167
Trd, 000080.683, 166
Trd, 000081.467, 168
Trd, 000081.667, 171
Trd, 000081.833, 166
Trd, 000083.217, 166
Trd, 000083.900, 165
Trd, 000084.217, 165
Trd, 000084.667, 164
Trd, 000084.867, 160
Trd, 000085.067, 159
Trd, 000085.300, 162
Trd, 000085.733, 163
Trd, 000086.917, 162
Trd, 000087.050, 163
Trd, 000087.133, 162
Trd, 000088.117, 163
Trd, 000088.783, 172
Trd, 000089.117, 174
Trd, 000090.367, 164
Trd, 000090.717, 164
Trd, 000090.800, 168
Trd, 000091.400, 164
Trd, 000092.267, 160
Trd, 000092.850, 161
Trd, 000093.217, 157
Trd, 000093.333, 156
Trd, 000093.450, 161
Trd, 000093.733, 162
Trd, 000094.233, 162
Trd, 000095.233, 160
Trd, 000095.350, 156
Trd, 000096.283, 158
Trd, 000097.400, 162
Trd, 000098.233, 162
Trd, 000098.483, 161
Trd, 000098.817, 162
Trd, 000098.850, 164
Trd, 000100.117, 173
Trd, 000100.700, 161
Trd, 000101.367, 178
Trd, 000101.533, 179
Trd, 000102.233, 166
Trd, 000102.300, 178
Trd, 000104.633, 169
Trd, 000105.050, 173
Trd, 000105.067, 172
Trd, 000106.733, 172
Trd, 000107.200, 170
Trd, 000107.567, 168
Trd, 000108.000, 170
Trd, 000108.433, 172
Trd, 000109.683, 169
Trd, 000110.167, 170
Trd, 000110.217, 171
Trd, 000112.500, 171
Trd, 000112.517, 169
Trd, 000112.583, 169
Trd, 000114.017, 171
Trd, 000114.517, 170
Trd, 000114.550, 168
Trd, 000114.950, 168
Trd, 000116.017, 169
Trd, 000116.067, 164
Trd, 000116.117, 162
Trd, 000116.550, 168
Trd, 000116.767, 170
Trd, 000117.233, 169
Trd, 000119.283, 167
Trd, 000119.800, 166
Trd, 000120.483, 168
Trd, 000120.800, 168
Trd, 000121.083, 169
Trd, 000121.567, 177
Trd, 000122.017, 190
Trd, 000122.283, 190
Trd, 000122.400, 191
Trd, 000122.700, 186
Trd, 000122.717, 194
Trd, 000123.817, 201
Trd, 000124.033, 205
Trd, 000124.083, 199
Trd, 000124.267, 306.0
Trd, 000124.950, 325
Trd, 000125.517, 325
Trd, 000125.783, 326
Trd, 000126.350, 327.0
Trd, 000127.033, 331.0
Trd, 000128.200, 340.0
Trd, 000128.217, 339
Trd, 000128.300, 341.0
Trd, 000128.517, 339
Trd, 000129.683, 340
Trd, 000129.983, 341.0
Trd, 000130.900, 340
Trd, 000131.767, 342
Trd, 000132.933, 344
Trd, 000133.267, 343
Trd, 000133.917, 346
Trd, 000134.083, 347
Trd, 000134.217, 346
Trd, 000136.333, 347
Trd, 000136.417, 351
Trd, 000136.633, 361
Trd, 000137.333, 348
Trd, 000137.550, 348
Trd, 000137.933, 347
Trd, 000138.400, 351
Trd, 000138.900, 375.0
Trd, 000140.017, 359
Trd, 000140.117, 347
Trd, 000141.117, 348
Trd, 000141.617, 347
Trd, 000141.717, 356
Trd, 000141.783, 346
Trd, 000142.850, 348
Trd, 000143.333, 347
Trd, 000146.283, 350
Trd, 000146.450, 350
Trd, 000146.600, 350
Trd, 000147.283, 350
Trd, 000147.433, 349
Trd, 000147.500, 351
Trd, 000148.433, 344.0
Trd, 000148.733, 342
Trd, 000150.117, 343.0
Trd, 000151.967, 346
Trd, 000152.133, 347
Trd, 000152.700, 344
Trd, 000153.350, 346
Trd, 000153.517, 346
Trd, 000154.250, 348
Trd, 000154.733, 349
Trd, 000155.767, 351
Trd, 000155.983, 354
Trd, 000158.383, 353
Trd, 000158.517, 352
Trd, 000158.767, 351
Trd, 000158.917, 354
Trd, 000159.117, 354
Trd, 000159.367, 355
Trd, 000159.400, 354
Trd, 000159.700, 346
Trd, 000159.983, 357
Trd, 000161.817, 351
Trd, 000163.267, 356
Trd, 000164.417, 352
Trd, 000164.450, 353
Trd, 000165.633, 354
Trd, 000165.667, 354
Trd, 000165.933, 353
Trd, 000166.217, 354
Trd, 000166.367, 354
Trd, 000166.917, 355
Trd, 000167.467, 356
Trd, 000168.450, 352
Trd, 000169.167, 356
Trd, 000169.850, 346
Trd, 000170.083, 355
Trd, 000170.650, 352
Trd, 000171.100, 353
Trd, 000172.900, 352
Trd, 000173.067, 352
Trd, 000173.350, 353
Trd, 000173.383, 351
Trd, 000174.650, 350
Trd, 000175.183, 370.0
Trd, 000176.233, 350
Trd, 000176.783, 362
Trd, 000176.883, 363
Trd, 000178.667, 348
Trd, 000178.700, 358
Trd, 000178.800, 347
Trd, 000180.000, 348
Trd, 000180.150, 346
Trd, 000180.333, 362
Trd, 000180.733, 365.0
Trd, 000181.183, 349
Trd, 000181.467, 348
Trd, 000182.450, 364
Trd, 000182.650, 349
Trd, 000182.733, 346
Trd, 000182.783, 337.0
Trd, 000183.750, 327.0
Trd, 000183.850, 312
Trd, 000184.317, 197
Trd, 000184.483, 189
Trd, 000184.783, 266
Trd, 000185.417, 191
Trd, 000186.133, 183
Trd, 000186.600, 190
Trd, 000186.683, 180
Trd, 000187.267, 187
Trd, 000188.733, 186
Trd, 000189.200, 191
Trd, 000189.617, 185
Trd, 000189.900, 197
Trd, 000192.167, 186
Trd, 000193.533, 181
Trd, 000194.167, 183
Trd, 000194.600, 184
Trd, 000195.383, 184
Trd, 000196.033, 184
Trd, 000196.250, 185
Trd, 000196.367, 183
Trd, 000197.233, 183
Trd, 000197.617, 182
Trd, 000198.383, 182
Trd, 000199.017, 182
Trd, 000199.233, 184
Trd, 000200.300, 182
Trd, 000200.333, 182
Trd, 000200.933, 181
Trd, 000200.983, 181
Trd, 000202.650, 179
Trd, 000203.267, 180
Trd, 000203.733, 179
Trd, 000204.100, 179
Trd, 000204.533, 179
Trd, 000205.200, 176
Trd, 000205.283, 175
Trd, 000205.367, 173
Trd, 000206.217, 177
Trd, 000206.467, 173
Trd, 000207.417, 176
Trd, 000207.867, 177
Trd, 000207.933, 172
Trd, 000208.200, 179
Trd, 000209.850, 176
Trd, 000210.650, 175
Trd, 000210.933, 178
Trd, 000211.083, 174
Trd, 000211.233, 172
Trd, 000212.483, 175
Trd, 000213.150, 175
Trd, 000213.300, 176
Trd, 000213.467, 176
Trd, 000213.767, 175
Trd, 000214.300, 175
Trd, 000214.600, 176
Trd, 000214.933, 174
Trd, 000215.717, 174
Trd, 000216.050, 175
Trd, 000216.300, 185
Trd, 000216.550, 172
Trd, 000216.783, 170
Trd, 000219.300, 177
Trd, 000219.717, 178
Trd, 000220.700, 179
Trd, 000221.083, 178
Trd, 000222.300, 179
Trd, 000222.750, 175
Trd, 000222.783, 178
Trd, 000223.400, 177
Trd, 000223.583, 176
Trd, 000224.017, 178
Trd, 000224.033, 187
Trd, 000224.600, 175
Trd, 000225.233, 185
Trd, 000225.333, 176
Trd, 000225.600, 197
Trd, 000226.700, 197
Trd, 000227.283, 201
Trd, 000229.317, 186
Trd, 000229.467, 185
Trd, 000231.300, 185
Trd, 000231.400, 187
Trd, 000231.900, 185
Trd, 000233.367, 181
Trd, 000233.633, 180
Trd, 000233.950, 177
Trd, 000234.883, 178
Trd, 000235.033, 179
Trd, 000235.550, 179
Trd, 000235.800, 179
Trd, 000235.933, 177
Trd, 000236.483, 177
Trd, 000237.233, 176
Trd, 000237.583, 177
Trd, 000239.033, 179
Trd, 000239.067, 181
Trd, 000239.983, 179
Trd, 000240.533, 177
Trd, 000240.833, 179
Trd, 000241.033, 180
Trd, 000241.067, 178
Trd, 000241.817, 180
Trd, 000241.867, 179
Trd, 000242.150, 179
Trd, 000242.167, 181
Trd, 000242.600, 180
Trd, 000242.883, 180
Trd, 000243.183, 180
Trd, 000244.067, 188
Trd, 000244.750, 182
Trd, 000245.117, 181
Trd, 000245.517, 175
Trd, 000246.233, 179
Trd, 000246.500, 179
Trd, 000246.517, 182
Trd, 000246.767, 178
Trd, 000247.267, 182
Trd, 000248.017, 177
Trd, 000249.000, 181
Trd, 000249.950, 181
Trd, 000250.183, 179
Trd, 000250.550, 181
Trd, 000251.167, 180
Trd, 000251.233, 180
Trd, 000251.500, 180
Trd, 000251.700, 183
Trd, 000252.550, 183
Trd, 000252.883, 183
Trd, 000253.117, 182
Trd, 000253.450, 180
Trd, 000253.567, 179
Trd, 000253.817, 178
Trd, 000254.133, 181
Trd, 000254.867, 180
Trd, 000256.750, 182
Trd, 000257.400, 182
Trd, 000257.417, 181
Trd, 000257.733, 182
Trd, 000257.967, 181
Trd, 000258.067, 182
Trd, 000258.250, 184
Trd, 000259.233, 185
Trd, 000259.283, 181
Trd, 000259.350, 186
Trd, 000259.833, 184
Trd, 000260.250, 181
Trd, 000260.467, 187
Trd, 000261.283, 188
Trd, 000262.650, 189
Trd, 000262.817, 189
Trd, 000263.717, 181
Trd, 000263.933, 181
Trd, 000263.983, 184
Trd, 000264.650, 175
Trd, 000264.700, 179
Trd, 000265.333, 180
Trd, 000265.600, 179
Trd, 000266.117, 180
Trd, 000266.383, 181
Trd, 000266.533, 178
Trd, 000267.617, 178
Trd, 000267.767, 177
Trd, 000268.717, 179
Trd, 000269.433, 179
Trd, 000269.500, 181
Trd, 000270.583, 183
Trd, 000270.683, 185
Trd, 000271.417, 185
Trd, 000271.633, 185
Trd, 000271.683, 184
Trd, 000272.050, 185
Trd, 000272.217, 183
Trd, 000272.267, 188
Trd, 000272.633, 182
Trd, 000273.300, 183
Trd, 000273.617, 182
Trd, 000273.733, 178
Trd, 000274.233, 184
Trd, 000274.867, 176
Trd, 000275.083, 174
Trd, 000276.000, 180
Trd, 000276.117, 183
Trd, 000276.417, 184
Trd, 000276.767, 186
Trd, 000277.733, 193
Trd, 000278.083, 190
Trd, 000278.633, 188
Trd, 000278.850, 194
Trd, 000280.167, 186
Trd, 000280.317, 189
Trd, 000280.683, 187
Trd, 000281.217, 187
Trd, 000281.417, 186
Trd, 000281.650, 186
Trd, 000282.383, 183
Trd, 000283.367, 187
Trd, 000283.667, 185
Trd, 000283.833, 183
Trd, 000284.617, 182
Trd, 000284.783, 179
Trd, 000285.700, 179
Trd, 000285.833, 178
Trd, 000286.200, 178
Trd, 000286.333, 177
Trd, 000286.417, 179
Trd, 000286.833, 181
Trd, 000287.233, 180
Trd, 000287.250, 182
Trd, 000287.450, 183
Trd, 000287.550, 177
Trd, 000288.250, 184
Trd, 000289.650, 181
Trd, 000289.900, 180
Trd, 000290.967, 180
Trd, 000291.017, 180
Trd, 000291.500, 180
Trd, 000291.950, 181
Trd, 000292.017, 182
Trd, 000292.617, 181
Trd, 000292.867, 184
Trd, 000293.417, 180
Trd, 000293.933, 183
Trd, 000294.033, 178
Trd, 000294.983, 182
Trd, 000295.233, 177
Trd, 000296.050, 177
Trd, 000296.117, 182
Trd, 000296.517, 178
Trd, 000296.633, 181
Trd, 000296.950, 181
Trd, 000297.633, 178
Trd, 000298.350, 180
Trd, 000299.283, 181
Trd, 000299.317, 181
Trd, 000299.650, 181
Trd, 000299.800, 185
