Trd, 000002.417, 200
Trd, 000002.750, 193
Trd, 000003.233, 176
Trd, 000003.817, 175
Trd, 000004.567, 165
Trd, 000005.017, 163
Trd, 000005.333, 162
Trd, 000006.367, 154
Trd, 000006.983, 164
Trd, 000007.283, 162
Trd, 000008.167, 163
Trd, 000008.450, 157
Trd, 000009.133, 160
Trd, 000009.217, 155
Trd, 000010.917, 156
Trd, 000011.217, 155
Trd, 000011.350, 152
Trd, 000012.900, 154
Trd, 000014.117, 163
Trd, 000014.533, 154
Trd, 000014.650, 158
Trd, 000014.833, 153
Trd, 000015.200, 152
Trd, 000015.233, 159
Trd, 000015.467, 156
Trd, 000015.883, 164
Trd, 000018.433, 153
Trd, 000018.833, 153
Trd, 000019.300, 150
Trd, 000019.833, 151
Trd, 000019.883, 152
Trd, 000020.167, 153
Trd, 000020.633, 176
Trd, 000022.067, 154
Trd, 000022.233, 157
Trd, 000022.700, 145
Trd, 000023.217, 142
Trd, 000023.667, 141
Trd, 000023.717, 152
Trd, 000024.633, 149
Trd, 000024.767, 149
Trd, 000024.850, 150
Trd, 000026.550, 150
Trd, 000027.133, 177
Trd, 000027.983, 154
Trd, 000028.683, 162
Trd, 000028.850, 155
Trd, 000029.383, 165
Trd, 000030.433, 161
Trd, 000030.817, 168
Trd, 000031.083, 166
Trd, 000031.867, 166
Trd, 000032.067, 165
Trd, 000032.967, 154
Trd, 000034.717, 153
Trd, 000034.767, 156
Trd, 000035.500, 151
Trd, 000036.383, 152
Trd, 000036.700, 150
Trd, 000036.733, 153
Trd, 000036.967, 157
Trd, 000037.850, 174
Trd, 000039.217, 163
Trd, 000039.417, 164
Trd, 000039.650, 163
Trd, 000040.383, 164
Trd, 000040.400, 166
Trd, 000040.950, 158
Trd, 000042.067, 155
Trd, 000042.167, 152
Trd, 000042.867, 133
Trd, 000043.200, 124
Trd, 000043.217, 164
Trd, 000043.483, 162
Trd, 000045.183, 145
Trd, 000045.300, 150
Trd, 000046.033, 153
Trd, 000046.383, 153
Trd, 000046.867, 165
Trd, 000047.583, 167
Trd, 000048.117, 167
Trd, 000049.667, 168
Trd, 000050.267, 167
Trd, 000051.300, 161
Trd, 000052.650, 160
Trd, 000052.983, 160
Trd, 000053.033, 159
Trd, 000053.100, 156
Trd, 000053.167, 162
Trd, 000053.233, 164
Trd, 000053.833, 168
Trd, 000054.250, 180
Trd, 000055.200, 167
Trd, 000055.367, 153
Trd, 000056.317, 157
Trd, 000057.417, 166
Trd, 000058.300, 163
Trd, 000059.383, 162
Trd, 000060.217, 160
Trd, 000060.433, 161
Trd, 000060.717, 159
Trd, 000061.400, 160
Trd, 000062.217, 168
Trd, 000062.233, 157
Trd, 000062.500, 168
Trd, 000062.717, 157
Trd, 000063.617, 154
Trd, 000064.233, 169
Trd, 000065.467, 155
Trd, 000065.650, 164
Trd, 000066.633, 161
Trd, 000067.433, 162
Trd, 000067.500, 163
Trd, 000068.050, 163
Trd, 000068.150, 161
Trd, 000068.533, 172
Trd, 000070.867, 164
Trd, 000070.883, 165
Trd, 000071.300, 169
Trd, 000071.383, 164
Trd, 000071.433, 163
Trd, 000073.150, 163
Trd, 000073.783, 161
Trd, 000074.233, 158
Trd, 000074.500, 149
Trd, 000075.150, 156
Trd, 000075.217, 155
Trd, 000075.233, 157
Trd, 000075.833, 160
Trd, 000076.950, 157
Trd, 000077.100, 159
Trd, 000077.617, 154
Trd, 000078.400, 158
Trd, 000078.433, 156
Trd, 000078.617, 147
Trd, 000078.750, 146
Trd, 000079.933, 150
Trd, 000080.700, 149
Trd, 000081.000, 150
Trd, 000081.867, 153
Trd, 000083.167, 173
Trd, 000083.700, 183
Trd, 000083.733, 170
Trd, 000085.633, 161
Trd, 000085.667, 173
Trd, 000086.017, 161
Trd, 000086.033, 174
Trd, 000086.617, 171
Trd, 000087.983, 164
Trd, 000088.133, 166
Trd, 000088.317, 161
Trd, 000089.317, 163
Trd, 000089.583, 164
Trd, 000089.617, 165
Trd, 000090.067, 160
Trd, 000092.333, 162
Trd, 000092.417, 163
Trd, 000092.650, 160
Trd, 000092.717, 157
Trd, 000094.050, 163
Trd, 000094.567, 159
Trd, 000095.383, 163
Trd, 000096.283, 169
Trd, 000097.167, 168
Trd, 000097.300, 169
Trd, 000097.833, 170
Trd, 000098.000, 168
Trd, 000098.300, 171
Trd, 000099.583, 163
Trd, 000099.650, 161
Trd, 000099.817, 169
Trd, 000100.067, 160
Trd, 000101.383, 174
Trd, 000101.600, 158
Trd, 000102.033, 153
Trd, 000102.617, 172
Trd, 000103.450, 173
Trd, 000103.817, 185
Trd, 000104.333, 182
Trd, 000104.967, 168
Trd, 000106.383, 167
Trd, 000106.817, 170
Trd, 000107.083, 175
Trd, 000107.800, 165
Trd, 000108.767, 164
Trd, 000108.783, 158
Trd, 000109.100, 153
Trd, 000109.450, 166
Trd, 000110.800, 159
Trd, 000111.700, 155
Trd, 000111.817, 157
Trd, 000112.683, 155
Trd, 000113.617, 155
Trd, 000113.767, 156
Trd, 000114.200, 175
Trd, 000114.917, 160
Trd, 000115.150, 174
Trd, 000115.567, 173
Trd, 000116.333, 164
Trd, 000116.683, 173
Trd, 000117.800, 177
Trd, 000117.950, 185
Trd, 000118.050, 170
Trd, 000120.750, 174
Trd, 000120.800, 176
Trd, 000121.283, 177
Trd, 000121.300, 167
Trd, 000121.417, 166
Trd, 000121.700, 181
Trd, 000121.983, 176
Trd, 000122.067, 180
Trd, 000122.150, 184
Trd, 000122.833, 187
Trd, 000124.233, 300.0
Trd, 000125.133, 320
Trd, 000125.250, 336.0
Trd, 000125.700, 313.0
Trd, 000126.783, 321
Trd, 000126.933, 333.0
Trd, 000127.650, 337.0
Trd, 000128.317, 340.0
Trd, 000128.900, 362.0
Trd, 000129.417, 342
Trd, 000130.133, 362.0
Trd, 000130.383, 365.0
Trd, 000130.867, 363
Trd, 000131.050, 342
Trd, 000132.150, 364
Trd, 000132.750, 355
Trd, 000133.833, 362.0
Trd, 000134.283, 354.0
Trd, 000134.650, 348.0
Trd, 000134.967, 360
Trd, 000135.183, 361
Trd, 000135.300, 342
Trd, 000137.083, 353
Trd, 000138.267, 349
Trd, 000138.367, 346
Trd, 000138.600, 350
Trd, 000138.750, 347
Trd, 000139.017, 350
Trd, 000139.600, 349
Trd, 000139.783, 351
Trd, 000140.567, 348.0
Trd, 000140.667, 365.0
Trd, 000141.183, 345
Trd, 000143.250, 345
Trd, 000143.417, 343
Trd, 000143.917, 346
Trd, 000144.533, 342
Trd, 000144.850, 347
Trd, 000144.900, 342
Trd, 000145.067, 341
Trd, 000146.283, 360.0
Trd, 000146.617, 361.0
Trd, 000147.050, 373
Trd, 000148.350, 350
Trd, 000148.633, 363
Trd, 000148.667, 343
Trd, 000150.183, 362.0
Trd, 000150.700, 351.0
Trd, 000151.383, 351.0
Trd, 000151.833, 349
Trd, 000152.333, 349.0
Trd, 000152.450, 356.0
Trd, 000153.883, 354
Trd, 000154.083, 352
Trd, 000154.317, 353
Trd, 000155.100, 350
Trd, 000155.400, 351
Trd, 000155.633, 360
Trd, 000156.900, 350
Trd, 000157.150, 351
Trd, 000157.783, 365.0
Trd, 000157.817, 375.0
Trd, 000158.000, 389
Trd, 000158.717, 354
Trd, 000159.767, 343
Trd, 000160.017, 340
Trd, 000160.683, 356
Trd, 000162.517, 345
Trd, 000162.583, 344
Trd, 000163.050, 345
Trd, 000163.367, 346
Trd, 000163.550, 343
Trd, 000164.267, 344
Trd, 000164.483, 343
Trd, 000164.800, 343
Trd, 000164.883, 344
Trd, 000165.667, 342
Trd, 000166.617, 373
Trd, 000167.283, 351.0
Trd, 000168.017, 345
Trd, 000168.467, 347
Trd, 000168.533, 355
Trd, 000169.033, 355
Trd, 000169.283, 357
Trd, 000169.700, 343
Trd, 000170.300, 345
Trd, 000171.050, 355
Trd, 000171.433, 345
Trd, 000171.883, 355
Trd, 000171.950, 365.0
Trd, 000172.717, 373.0
Trd, 000173.200, 375.0
Trd, 000173.733, 349.0
Trd, 000173.817, 348.0
Trd, 000176.350, 345
Trd, 000176.750, 351
Trd, 000177.467, 349
Trd, 000177.717, 352
Trd, 000178.283, 351
Trd, 000178.400, 351
Trd, 000179.800, 350
Trd, 000180.267, 348.0
Trd, 000180.350, 348
Trd, 000180.483, 357
Trd, 000180.667, 343
Trd, 000180.800, 357
Trd, 000181.533, 345
Trd, 000181.900, 340
Trd, 000182.367, 360.0
Trd, 000182.617, 326
Trd, 000182.817, 304
Trd, 000183.267, 300.0
Trd, 000183.933, 223
Trd, 000184.117, 207
Trd, 000184.833, 166
Trd, 000185.117, 193
Trd, 000185.217, 194
Trd, 000185.967, 171
Trd, 000186.133, 170
Trd, 000186.533, 194
Trd, 000188.450, 183
Trd, 000188.667, 169
Trd, 000189.067, 183
Trd, 000189.100, 184
Trd, 000189.117, 185
Trd, 000190.350, 181
Trd, 000191.383, 175
Trd, 000192.683, 172
Trd, 000192.983, 171
Trd, 000193.783, 170
Trd, 000194.100, 171
Trd, 000194.183, 167
Trd, 000194.917, 168
Trd, 000195.150, 166
Trd, 000195.267, 191
Trd, 000195.650, 184
Trd, 000196.350, 168
Trd, 000196.783, 168
Trd, 000197.150, 184
Trd, 000199.283, 170
Trd, 000199.417, 169
Trd, 000199.583, 171
Trd, 000199.683, 172
Trd, 000200.083, 163
Trd, 000200.983, 168
Trd, 000201.650, 168
Trd, 000202.133, 168
Trd, 000202.300, 169
Trd, 000202.683, 168
Trd, 000203.067, 166
Trd, 000203.500, 164
Trd, 000203.783, 163
Trd, 000203.900, 166
Trd, 000204.183, 160
Trd, 000205.783, 164
Trd, 000206.150, 159
Trd, 000206.817, 165
Trd, 000207.033, 165
Trd, 000207.633, 184
Trd, 000208.333, 174
Trd, 000209.283, 184
Trd, 000209.333, 185
Trd, 000209.400, 177
Trd, 000209.600, 176
Trd, 000209.683, 185
Trd, 000210.433, 174
Trd, 000210.600, 177
Trd, 000211.467, 186
Trd, 000212.033, 184
Trd, 000212.317, 184
Trd, 000213.650, 186
Trd, 000214.217, 185
Trd, 000214.300, 184
Trd, 000214.717, 183
Trd, 000215.433, 169
Trd, 000216.350, 181
Trd, 000217.367, 179
Trd, 000217.483, 182
Trd, 000217.733, 170
Trd, 000218.433, 183
Trd, 000218.500, 187
Trd, 000218.617, 173
Trd, 000218.917, 172
Trd, 000219.533, 188
Trd, 000221.417, 184
Trd, 000221.783, 184
Trd, 000223.817, 179
Trd, 000224.417, 178
Trd, 000224.517, 178
Trd, 000224.567, 177
Trd, 000224.717, 182
Trd, 000224.867, 184
Trd, 000225.017, 195
Trd, 000225.917, 178
Trd, 000227.850, 185
Trd, 000228.033, 177
Trd, 000228.650, 171
Trd, 000228.717, 183
Trd, 000228.750, 184
Trd, 000228.883, 170
Trd, 000229.150, 184
Trd, 000231.400, 172
Trd, 000231.600, 171
Trd, 000232.250, 165
Trd, 000232.967, 167
Trd, 000233.517, 166
Trd, 000233.900, 164
Trd, 000234.433, 166
Trd, 000234.933, 167
Trd, 000235.400, 167
Trd, 000235.667, 172
Trd, 000236.233, 171
Trd, 000236.683, 185
Trd, 000236.767, 187
Trd, 000237.983, 188
Trd, 000238.033, 186
Trd, 000239.550, 179
Trd, 000239.783, 187
Trd, 000239.967, 177
Trd, 000240.533, 179
Trd, 000240.717, 177
Trd, 000241.017, 177
Trd, 000241.183, 177
Trd, 000241.350, 176
Trd, 000241.917, 174
Trd, 000242.333, 173
Trd, 000242.467, 172
Trd, 000243.650, 171
Trd, 000243.717, 172
Trd, 000244.033, 172
Trd, 000244.417, 172
Trd, 000245.333, 179
Trd, 000246.300, 192
Trd, 000246.633, 189
Trd, 000246.850, 180
Trd, 000247.183, 187
Trd, 000247.250, 179
Trd, 000247.850, 185
Trd, 000248.667, 177
Trd, 000249.517, 179
Trd, 000249.733, 182
Trd, 000250.017, 183
Trd, 000250.517, 180
Trd, 000250.850, 180
Trd, 000251.700, 178
Trd, 000252.200, 180
Trd, 000252.500, 178
Trd, 000252.583, 177
Trd, 000253.033, 176
Trd, 000253.400, 168
Trd, 000253.717, 175
Trd, 000253.850, 177
Trd, 000253.867, 183
Trd, 000254.150, 174
Trd, 000254.167, 173
Trd, 000254.667, 177
Trd, 000254.883, 177
Trd, 000255.150, 182
Trd, 000256.350, 179
Trd, 000256.483, 181
Trd, 000257.067, 176
Trd, 000257.317, 175
Trd, 000258.183, 174
Trd, 000258.200, 175
Trd, 000258.333, 176
Trd, 000259.167, 179
Trd, 000259.350, 170
Trd, 000259.733, 181
Trd, 000260.567, 179
Trd, 000260.700, 177
Trd, 000261.217, 180
Trd, 000261.633, 176
Trd, 000261.850, 174
Trd, 000262.717, 170
Trd, 000263.533, 172
Trd, 000263.700, 170
Trd, 000263.717, 173
Trd, 000263.817, 169
Trd, 000264.617, 172
Trd, 000264.700, 173
Trd, 000264.983, 173
Trd, 000265.750, 171
Trd, 000266.183, 169
Trd, 000266.200, 172
Trd, 000266.367, 172
Trd, 000266.483, 169
Trd, 000266.783, 174
Trd, 000267.483, 173
Trd, 000267.850, 172
Trd, 000267.950, 182
Trd, 000268.533, 182
Trd, 000269.217, 176
Trd, 000269.400, 181
Trd, 000269.667, 182
Trd, 000269.850, 176
Trd, 000271.267, 180
Trd, 000271.767, 181
Trd, 000272.250, 182
Trd, 000272.417, 178
Trd, 000272.500, 185
Trd, 000272.900, 177
Trd, 000273.600, 189
Trd, 000274.233, 185
Trd, 000275.150, 185
Trd, 000276.283, 183
Trd, 000276.550, 181
Trd, 000276.867, 178
Trd, 000277.483, 181
Trd, 000277.600, 176
Trd, 000277.850, 182
Trd, 000278.433, 179
Trd, 000279.133, 178
Trd, 000279.167, 175
Trd, 000279.567, 170
Trd, 000279.700, 177
Trd, 000280.133, 176
Trd, 000280.150, 181
Trd, 000280.433, 182
Trd, 000280.667, 183
Trd, 000281.383, 185
Trd, 000281.717, 178
Trd, 000281.883, 177
Trd, 000282.517, 177
Trd, 000282.983, 168
Trd, 000283.367, 182
Trd, 000283.683, 182
Trd, 000284.150, 180
Trd, 000284.517, 180
Trd, 000285.017, 185
Trd, 000285.533, 186
Trd, 000285.950, 184
Trd, 000286.000, 186
Trd, 000286.750, 180
Trd, 000286.767, 181
Trd, 000286.933, 191
Trd, 000287.267, 193
Trd, 000287.517, 181
Trd, 000287.583, 179
Trd, 000287.667, 184
Trd, 000288.400, 194
Trd, 000288.667, 184
Trd, 000289.300, 181
Trd, 000289.550, 188
Trd, 000289.933, 184
Trd, 000290.067, 184
Trd, 000290.133, 190
Trd, 000290.600, 177
Trd, 000291.217, 172
Trd, 000291.733, 169
Trd, 000292.217, 170
Trd, 000292.350, 180
Trd, 000292.483, 183
Trd, 000293.150, 177
Trd, 000293.733, 173
Trd, 000293.883, 172
Trd, 000294.367, 178
Trd, 000294.500, 167
Trd, 000294.817, 177
Trd, 000295.417, 183
Trd, 000295.617, 184
Trd, 000295.650, 166
Trd, 000296.117, 186
Trd, 000296.367, 185
Trd, 000296.617, 191
Trd, 000297.033, 171
Trd, 000297.233, 188
Trd, 000297.333, 192
Trd, 000298.033, 176
Trd, 000298.717, 179
Trd, 000298.850, 190
Trd, 000299.000, 194
Trd, 000299.367, 180
