Trd, 000000.650, 120
Trd, 000002.550, 154
Trd, 000003.033, 155
Trd, 000003.400, 153
Trd, 000004.000, 148
Trd, 000004.350, 144
Trd, 000004.500, 142
Trd, 000005.117, 137
Trd, 000005.383, 154
Trd, 000005.617, 131
Trd, 000005.867, 129
Trd, 000007.367, 149
Trd, 000008.167, 155
Trd, 000010.317, 156
Trd, 000010.500, 155
Trd, 000012.233, 152
Trd, 000012.800, 149
Trd, 000013.167, 155
Trd, 000014.700, 151
Trd, 000015.683, 153
Trd, 000016.500, 150
Trd, 000018.233, 152
Trd, 000018.433, 150
Trd, 000019.083, 151
Trd, 000020.383, 150
Trd, 000020.567, 150
Trd, 000021.067, 151
Trd, 000021.300, 149
Trd, 000022.883, 147
Trd, 000023.450, 150
Trd, 000023.783, 146
Trd, 000024.550, 147
Trd, 000025.900, 148
Trd, 000026.833, 148
Trd, 000027.033, 147
Trd, 000027.183, 147
Trd, 000027.233, 148
Trd, 000028.250, 149
Trd, 000028.567, 150
Trd, 000028.900, 149
Trd, 000029.983, 151
Trd, 000030.217, 148
Trd, 000031.083, 151
Trd, 000031.200, 151
Trd, 000032.883, 151
Trd, 000032.900, 175
Trd, 000033.067, 150
Trd, 000033.500, 151
Trd, 000035.383, 158
Trd, 000036.283, 150
Trd, 000036.667, 151
Trd, 000036.900, 150
Trd, 000036.917, 152
Trd, 000037.833, 152
Trd, 000038.567, 148
Trd, 000041.067, 153
Trd, 000041.417, 152
Trd, 000041.633, 154
Trd, 000041.750, 153
Trd, 000043.183, 153
Trd, 000043.200, 151
Trd, 000043.483, 150
Trd, 000044.850, 154
Trd, 000045.917, 149
Trd, 000046.300, 153
Trd, 000046.450, 149
Trd, 000047.033, 153
Trd, 000049.000, 152
Trd, 000050.367, 155
Trd, 000051.600, 154
Trd, 000051.850, 152
Trd, 000052.267, 154
Trd, 000052.567, 154
Trd, 000052.600, 152
Trd, 000053.217, 151
Trd, 000054.200, 151
Trd, 000054.617, 152
Trd, 000055.033, 153
Trd, 000055.900, 151
Trd, 000056.083, 153
Trd, 000057.050, 154
Trd, 000058.167, 154
Trd, 000058.750, 155
Trd, 000060.833, 153
Trd, 000061.067, 153
Trd, 000062.817, 153
Trd, 000062.833, 151
Trd, 000063.067, 154
Trd, 000063.433, 152
Trd, 000063.933, 149
Trd, 000064.567, 150
Trd, 000065.967, 151
Trd, 000066.383, 151
Trd, 000067.400, 153
Trd, 000068.333, 152
Trd, 000068.650, 151
Trd, 000069.200, 153
Trd, 000071.483, 152
Trd, 000071.900, 153
Trd, 000072.117, 154
Trd, 000072.500, 153
Trd, 000073.650, 154
Trd, 000073.833, 153
Trd, 000074.167, 151
Trd, 000074.750, 153
Trd, 000075.150, 148
Trd, 000075.667, 154
Trd, 000076.500, 156
Trd, 000076.767, 149
Trd, 000076.917, 148
Trd, 000079.033, 146
Trd, 000080.683, 153
Trd, 000080.783, 155
Trd, 000081.167, 148
Trd, 000082.050, 148
Trd, 000082.300, 147
Trd, 000083.817, 148
Trd, 000083.983, 147
Trd, 000084.183, 149
Trd, 000086.233, 148
Trd, 000086.383, 147
Trd, 000087.817, 148
Trd, 000088.200, 148
Trd, 000089.233, 149
Trd, 000090.050, 147
Trd, 000090.800, 149
Trd, 000091.850, 150
Trd, 000091.900, 149
Trd, 000092.033, 148
Trd, 000092.217, 149
Trd, 000093.550, 149
Trd, 000093.633, 150
Trd, 000093.850, 156
Trd, 000095.117, 157
Trd, 000095.883, 150
Trd, 000096.533, 164
Trd, 000097.300, 153
Trd, 000097.400, 163
Trd, 000099.033, 158
Trd, 000099.083, 158
Trd, 000099.467, 158
Trd, 000100.217, 159
Trd, 000100.667, 159
Trd, 000103.267, 161
Trd, 000105.017, 160
Trd, 000105.333, 160
Trd, 000105.967, 161
Trd, 000106.517, 161
Trd, 000106.817, 160
Trd, 000107.300, 162
Trd, 000108.517, 160
Trd, 000109.083, 162
Trd, 000109.667, 159
Trd, 000111.883, 162
Trd, 000112.067, 160
Trd, 000112.667, 161
Trd, 000113.217, 162
Trd, 000113.250, 163
Trd, 000114.667, 163
Trd, 000114.800, 162
Trd, 000116.200, 163
Trd, 000116.783, 164
Trd, 000117.683, 165
Trd, 000117.917, 164
Trd, 000118.317, 165
Trd, 000119.267, 162
Trd, 000119.767, 165
Trd, 000120.083, 164
Trd, 000120.600, 161
Trd, 000121.917, 165
Trd, 000121.933, 167
Trd, 000122.433, 165
Trd, 000122.600, 177
Trd, 000122.633, 184
Trd, 000123.200, 187
Trd, 000123.233, 188
Trd, 000123.450, 198
Trd, 000124.233, 205
Trd, 000124.250, 221
Trd, 000124.283, 300.0
Trd, 000124.550, 289
Trd, 000125.067, 314
Trd, 000125.683, 320.0
Trd, 000126.050, 317.0
Trd, 000126.233, 326
Trd, 000126.967, 328
Trd, 000128.817, 330
Trd, 000128.883, 341.0
Trd, 000129.700, 337
Trd, 000130.917, 346.0
Trd, 000131.117, 347.0
Trd, 000132.167, 348.0
Trd, 000132.500, 346
Trd, 000134.083, 348.0
Trd, 000134.150, 344.0
Trd, 000135.983, 350
Trd, 000136.133, 355.0
Trd, 000138.050, 349.0
Trd, 000138.867, 351.0
Trd, 000138.967, 348.0
Trd, 000139.017, 348
Trd, 000141.683, 346
Trd, 000142.100, 349
Trd, 000142.233, 345
Trd, 000144.583, 347.0
Trd, 000144.617, 345
Trd, 000144.633, 348.0
Trd, 000144.867, 348
Trd, 000145.183, 344.0
Trd, 000145.683, 348
Trd, 000147.117, 345
Trd, 000147.200, 342
Trd, 000147.683, 340.0
Trd, 000147.950, 341.0
Trd, 000148.867, 340
Trd, 000149.017, 339.0
Trd, 000149.833, 337.0
Trd, 000151.067, 339
Trd, 000152.867, 338
Trd, 000152.883, 340.0
Trd, 000153.367, 339
Trd, 000154.450, 340
Trd, 000155.150, 344
Trd, 000155.300, 341
Trd, 000156.700, 347
Trd, 000158.117, 344.0
Trd, 000158.450, 345
Trd, 000158.850, 342.0
Trd, 000159.750, 344.0
Trd, 000159.867, 348.0
Trd, 000160.833, 349
Trd, 000161.383, 351
Trd, 000162.600, 355.0
Trd, 000162.667, 354
Trd, 000163.800, 351
Trd, 000164.667, 348.0
Trd, 000164.767, 349
Trd, 000165.583, 348.0
Trd, 000165.967, 351
Trd, 000168.667, 348.0
Trd, 000168.700, 346
Trd, 000169.267, 349
Trd, 000170.117, 349
Trd, 000170.817, 348.0
Trd, 000170.933, 347
Trd, 000171.283, 346
Trd, 000172.133, 348.0
Trd, 000172.850, 347
Trd, 000173.000, 355
Trd, 000173.450, 345
Trd, 000175.400, 350
Trd, 000175.717, 346
Trd, 000176.233, 348.0
Trd, 000177.000, 344.0
Trd, 000178.000, 348.0
Trd, 000180.100, 348
Trd, 000181.050, 350
Trd, 000181.700, 348
Trd, 000181.717, 344
Trd, 000181.833, 340
Trd, 000182.567, 332.0
Trd, 000183.217, 331.0
Trd, 000183.733, 326
Trd, 000183.817, 317.0
Trd, 000183.883, 300
Trd, 000184.683, 231
Trd, 000184.767, 218
Trd, 000185.833, 205
Trd, 000186.083, 205
Trd, 000186.283, 204
Trd, 000186.600, 202
Trd, 000186.617, 189
Trd, 000186.983, 166
Trd, 000187.433, 160
Trd, 000187.817, 163
Trd, 000188.283, 162
Trd, 000189.483, 162
Trd, 000189.917, 164
Trd, 000191.917, 166
Trd, 000192.383, 165
Trd, 000192.667, 160
Trd, 000192.917, 164
Trd, 000193.300, 161
Trd, 000194.683, 162
Trd, 000195.983, 163
Trd, 000196.450, 163
Trd, 000197.583, 165
Trd, 000197.950, 164
Trd, 000199.117, 167
Trd, 000199.367, 167
Trd, 000201.050, 166
Trd, 000201.483, 167
Trd, 000201.550, 166
Trd, 000201.700, 168
Trd, 000201.867, 165
Trd, 000202.133, 164
Trd, 000202.900, 173
Trd, 000202.933, 172
Trd, 000203.583, 161
Trd, 000205.967, 167
Trd, 000206.517, 167
Trd, 000207.183, 168
Trd, 000207.267, 167
Trd, 000207.667, 169
Trd, 000208.017, 166
Trd, 000209.950, 173
Trd, 000210.733, 176
Trd, 000210.883, 177
Trd, 000211.333, 176
Trd, 000211.717, 176
Trd, 000212.033, 177
Trd, 000213.233, 175
Trd, 000213.700, 170
Trd, 000215.400, 172
Trd, 000217.150, 170
Trd, 000217.917, 172
Trd, 000218.217, 172
Trd, 000219.117, 175
Trd, 000219.217, 172
Trd, 000219.400, 169
Trd, 000221.483, 176
Trd, 000222.733, 179
Trd, 000223.067, 177
Trd, 000223.567, 177
Trd, 000223.600, 177
Trd, 000224.417, 178
Trd, 000224.633, 176
Trd, 000224.817, 176
Trd, 000225.150, 170
Trd, 000227.400, 178
Trd, 000228.933, 176
Trd, 000230.167, 174
Trd, 000230.833, 171
Trd, 000231.350, 171
Trd, 000233.283, 177
Trd, 000233.333, 176
Trd, 000234.150, 173
Trd, 000235.417, 174
Trd, 000235.450, 173
Trd, 000237.283, 174
Trd, 000237.483, 172
Trd, 000237.933, 174
Trd, 000240.067, 174
Trd, 000240.333, 173
Trd, 000240.367, 174
Trd, 000241.017, 172
Trd, 000241.317, 173
Trd, 000241.600, 171
Trd, 000241.767, 175
Trd, 000241.933, 176
Trd, 000242.417, 177
Trd, 000242.850, 179
Trd, 000243.633, 179
Trd, 000243.683, 176
Trd, 000243.867, 177
Trd, 000244.400, 179
Trd, 000244.483, 176
Trd, 000245.583, 175
Trd, 000246.700, 174
Trd, 000246.917, 173
Trd, 000247.050, 174
Trd, 000247.167, 172
Trd, 000247.883, 168
Trd, 000248.450, 165
Trd, 000249.250, 166
Trd, 000249.417, 172
Trd, 000249.717, 168
Trd, 000249.933, 171
Trd, 000250.583, 173
Trd, 000250.700, 173
Trd, 000250.750, 170
Trd, 000251.250, 173
Trd, 000251.450, 171
Trd, 000252.350, 173
Trd, 000252.533, 172
Trd, 000252.983, 170
Trd, 000253.750, 170
Trd, 000254.067, 167
Trd, 000254.950, 170
Trd, 000255.300, 171
Trd, 000255.650, 173
Trd, 000255.867, 172
Trd, 000256.083, 173
Trd, 000256.833, 178
Trd, 000257.233, 175
Trd, 000258.017, 176
Trd, 000258.167, 175
Trd, 000258.367, 174
Trd, 000258.483, 173
Trd, 000258.633, 176
Trd, 000258.800, 172
Trd, 000260.683, 179
Trd, 000261.433, 182
Trd, 000261.617, 181
Trd, 000261.883, 180
Trd, 000262.500, 179
Trd, 000262.917, 178
Trd, 000263.267, 180
Trd, 000263.917, 180
Trd, 000264.233, 175
Trd, 000265.050, 172
Trd, 000265.500, 181
Trd, 000266.067, 179
Trd, 000266.467, 177
Trd, 000266.483, 175
Trd, 000267.017, 178
Trd, 000267.400, 182
Trd, 000267.433, 182
Trd, 000267.667, 178
Trd, 000268.200, 180
Trd, 000268.567, 185
Trd, 000269.500, 184
Trd, 000271.183, 187
Trd, 000271.417, 189
Trd, 000271.600, 186
Trd, 000271.800, 185
Trd, 000271.867, 186
Trd, 000272.583, 183
Trd, 000272.883, 180
Trd, 000273.133, 179
Trd, 000273.550, 177
Trd, 000273.833, 175
Trd, 000273.950, 182
Trd, 000274.950, 177
Trd, 000275.017, 182
Trd, 000275.650, 181
Trd, 000276.467, 178
Trd, 000276.633, 177
Trd, 000277.400, 181
Trd, 000277.467, 176
Trd, 000279.550, 181
Trd, 000279.750, 190
Trd, 000279.850, 188
Trd, 000280.033, 188
Trd, 000280.150, 188
Trd, 000280.167, 176
Trd, 000280.717, 175
Trd, 000281.433, 178
Trd, 000281.600, 173
Trd, 000281.800, 181
Trd, 000282.083, 183
Trd, 000282.483, 174
Trd, 000282.983, 186
Trd, 000283.267, 185
Trd, 000284.383, 185
Trd, 000284.417, 178
Trd, 000285.200, 186
Trd, 000285.933, 177
Trd, 000285.967, 178
Trd, 000286.933, 177
Trd, 000287.333, 177
Trd, 000288.467, 179
Trd, 000288.917, 178
Trd, 000289.150, 180
Trd, 000290.417, 179
Trd, 000290.600, 183
Trd, 000290.833, 178
Trd, 000290.867, 184
Trd, 000291.483, 184
Trd, 000291.567, 184
Trd, 000291.800, 177
Trd, 000292.200, 177
Trd, 000292.800, 176
Trd, 000292.950, 173
Trd, 000293.267, 187
Trd, 000293.783, 186
Trd, 000294.433, 184
Trd, 000294.933, 177
Trd, 000295.450, 174
Trd, 000295.817, 182
Trd, 000296.200, 184
Trd, 000296.533, 187
Trd, 000296.550, 177
Trd, 000296.717, 174
Trd, 000297.917, 178
Trd, 000298.050, 188
Trd, 000298.650, 188
Trd, 000299.633, 189
