Trd, 000002.200, 163
Trd, 000002.683, 159
Trd, 000004.100, 184
Trd, 000004.200, 160
Trd, 000004.583, 173
Trd, 000005.033, 167
Trd, 000005.400, 164
Trd, 000006.083, 165
Trd, 000006.233, 165
Trd, 000006.300, 166
Trd, 000007.167, 165
Trd, 000007.700, 164
Trd, 000007.750, 163
Trd, 000008.033, 165
Trd, 000008.433, 162
Trd, 000008.500, 155
Trd, 000008.767, 149
Trd, 000010.117, 160
Trd, 000010.150, 147
Trd, 000011.250, 158
Trd, 000011.417, 159
Trd, 000011.900, 159
Trd, 000012.367, 158
Trd, 000012.617, 159
Trd, 000013.450, 158
Trd, 000014.650, 158
Trd, 000015.250, 157
Trd, 000015.783, 155
Trd, 000017.533, 154
Trd, 000018.500, 152
Trd, 000018.583, 153
Trd, 000018.850, 151
Trd, 000019.450, 153
Trd, 000019.683, 151
Trd, 000020.133, 151
Trd, 000020.633, 152
Trd, 000020.783, 152
Trd, 000021.433, 153
Trd, 000021.667, 153
Trd, 000022.033, 152
Trd, 000022.867, 150
Trd, 000023.100, 149
Trd, 000023.333, 150
Trd, 000023.983, 150
Trd, 000024.417, 151
Trd, 000024.750, 149
Trd, 000025.467, 151
Trd, 000026.467, 152
Trd, 000026.950, 151
Trd, 000026.983, 153
Trd, 000027.200, 154
Trd, 000027.350, 154
Trd, 000027.750, 167
Trd, 000028.883, 156
Trd, 000029.283, 158
Trd, 000029.733, 159
Trd, 000030.883, 157
Trd, 000031.517, 157
Trd, 000031.850, 157
Trd, 000031.967, 156
Trd, 000032.517, 155
Trd, 000032.900, 161
Trd, 000033.400, 156
Trd, 000035.233, 155
Trd, 000035.850, 156
Trd, 000036.050, 155
Trd, 000036.233, 155
Trd, 000036.733, 151
Trd, 000037.000, 155
Trd, 000037.183, 156
Trd, 000038.567, 157
Trd, 000038.950, 153
Trd, 000039.217, 153
Trd, 000039.733, 153
Trd, 000040.133, 154
Trd, 000040.350, 154
Trd, 000040.850, 154
Trd, 000041.183, 154
Trd, 000041.350, 154
Trd, 000041.600, 153
Trd, 000042.400, 152
Trd, 000042.867, 153
Trd, 000043.000, 154
Trd, 000043.250, 156
Trd, 000044.200, 162
Trd, 000045.283, 172
Trd, 000045.717, 169
Trd, 000045.867, 168
Trd, 000046.033, 166
Trd, 000046.700, 162
Trd, 000047.117, 160
Trd, 000047.400, 161
Trd, 000049.383, 158
Trd, 000050.183, 155
Trd, 000050.933, 155
Trd, 000051.150, 155
Trd, 000051.617, 156
Trd, 000052.183, 156
Trd, 000052.417, 154
Trd, 000052.433, 157
Trd, 000053.317, 154
Trd, 000053.617, 154
Trd, 000054.183, 156
Trd, 000054.300, 154
Trd, 000055.517, 155
Trd, 000056.217, 154
Trd, 000056.517, 153
Trd, 000056.683, 151
Trd, 000057.967, 154
Trd, 000058.433, 154
Trd, 000059.200, 149
Trd, 000059.317, 150
Trd, 000059.533, 149
Trd, 000059.650, 148
Trd, 000059.850, 141
Trd, 000059.867, 154
Trd, 000060.000, 154
Trd, 000062.267, 154
Trd, 000062.683, 154
Trd, 000063.083, 157
Trd, 000063.467, 154
Trd, 000063.733, 155
Trd, 000064.000, 155
Trd, 000064.467, 155
Trd, 000064.567, 154
Trd, 000064.767, 157
Trd, 000065.450, 150
Trd, 000066.767, 154
Trd, 000066.900, 154
Trd, 000067.083, 154
Trd, 000067.133, 153
Trd, 000067.850, 171
Trd, 000068.050, 174
Trd, 000068.083, 151
Trd, 000068.367, 168
Trd, 000069.250, 141
Trd, 000069.583, 162
Trd, 000070.533, 161
Trd, 000071.367, 165
Trd, 000071.917, 165
Trd, 000072.750, 163
Trd, 000073.367, 164
Trd, 000073.533, 166
Trd, 000074.050, 164
Trd, 000075.150, 164
Trd, 000075.217, 162
Trd, 000075.783, 162
Trd, 000076.233, 162
Trd, 000076.483, 162
Trd, 000077.233, 161
Trd, 000078.417, 158
Trd, 000078.633, 158
Trd, 000078.867, 159
Trd, 000079.000, 156
Trd, 000079.067, 156
Trd, 000079.750, 159
Trd, 000080.000, 157
Trd, 000080.417, 157
Trd, 000080.800, 153
Trd, 000081.350, 156
Trd, 000082.033, 155
Trd, 000082.567, 152
Trd, 000083.167, 155
Trd, 000083.400, 155
Trd, 000083.800, 156
Trd, 000084.450, 153
Trd, 000085.700, 155
Trd, 000086.000, 156
Trd, 000086.033, 157
Trd, 000087.467, 157
Trd, 000088.150, 158
Trd, 000088.567, 154
Trd, 000088.900, 158
Trd, 000088.983, 159
Trd, 000090.033, 155
Trd, 000090.500, 155
Trd, 000091.350, 157
Trd, 000091.833, 158
Trd, 000091.950, 155
Trd, 000092.300, 158
Trd, 000094.017, 156
Trd, 000094.167, 160
Trd, 000095.033, 159
Trd, 000095.117, 160
Trd, 000095.817, 158
Trd, 000096.233, 159
Trd, 000096.333, 158
Trd, 000096.483, 159
Trd, 000097.383, 159
Trd, 000098.033, 157
Trd, 000098.317, 161
Trd, 000098.817, 161
Trd, 000098.967, 160
Trd, 000099.217, 175
Trd, 000099.667, 163
Trd, 000099.917, 160
Trd, 000100.317, 160
Trd, 000100.967, 163
Trd, 000101.700, 166
Trd, 000101.783, 165
Trd, 000101.833, 164
Trd, 000102.617, 164
Trd, 000103.133, 166
Trd, 000103.350, 160
Trd, 000105.533, 162
Trd, 000105.850, 162
Trd, 000105.967, 163
Trd, 000106.283, 163
Trd, 000106.583, 164
Trd, 000106.683, 162
Trd, 000108.033, 161
Trd, 000108.483, 161
Trd, 000109.517, 164
Trd, 000109.933, 164
Trd, 000110.100, 161
Trd, 000110.600, 162
Trd, 000111.133, 162
Trd, 000111.283, 162
Trd, 000111.583, 160
Trd, 000111.800, 159
Trd, 000112.717, 161
Trd, 000112.950, 161
Trd, 000113.433, 162
Trd, 000114.033, 161
Trd, 000114.533, 162
Trd, 000114.733, 162
Trd, 000114.867, 161
Trd, 000115.667, 161
Trd, 000115.700, 162
Trd, 000116.883, 163
Trd, 000117.433, 161
Trd, 000117.933, 164
Trd, 000119.267, 162
Trd, 000119.633, 163
Trd, 000119.767, 162
Trd, 000119.783, 163
Trd, 000120.533, 162
Trd, 000120.567, 161
Trd, 000121.150, 160
Trd, 000121.300, 162
Trd, 000122.250, 162
Trd, 000122.867, 170
Trd, 000123.133, 177
Trd, 000123.300, 180
Trd, 000124.183, 184
Trd, 000124.483, 191
Trd, 000124.733, 201
Trd, 000124.967, 303.0
Trd, 000125.583, 306.0
Trd, 000125.600, 310.0
Trd, 000126.300, 306
Trd, 000126.867, 328.0
Trd, 000127.200, 334
Trd, 000127.783, 331
Trd, 000128.200, 333
Trd, 000128.483, 333
Trd, 000128.733, 334
Trd, 000128.833, 343
Trd, 000130.017, 349
Trd, 000130.717, 340
Trd, 000131.900, 350
Trd, 000132.233, 350
Trd, 000132.633, 349
Trd, 000132.650, 348.0
Trd, 000133.583, 346
Trd, 000133.983, 344.0
Trd, 000134.383, 345
Trd, 000135.167, 344
Trd, 000135.683, 345
Trd, 000135.800, 348.0
Trd, 000136.500, 347
Trd, 000136.950, 347
Trd, 000137.683, 347
Trd, 000137.800, 353
Trd, 000138.850, 351.0
Trd, 000138.983, 352
Trd, 000139.917, 351
Trd, 000140.300, 352
Trd, 000140.383, 352.0
Trd, 000140.917, 348.0
Trd, 000141.267, 356
Trd, 000143.283, 351
Trd, 000143.433, 350
Trd, 000143.717, 350
Trd, 000144.883, 351
Trd, 000144.900, 350
Trd, 000145.617, 349.0
Trd, 000146.383, 350.0
Trd, 000146.667, 349
Trd, 000146.917, 354
Trd, 000148.217, 351
Trd, 000148.700, 351
Trd, 000148.983, 350
Trd, 000149.200, 348.0
Trd, 000149.317, 344.0
Trd, 000150.983, 348
Trd, 000151.017, 347
Trd, 000151.067, 353
Trd, 000151.483, 348.0
Trd, 000152.083, 350
Trd, 000152.483, 347
Trd, 000153.267, 349
Trd, 000153.600, 358.0
Trd, 000154.050, 350
Trd, 000155.183, 350
Trd, 000155.967, 353
Trd, 000156.233, 352
Trd, 000156.750, 351
Trd, 000156.817, 352
Trd, 000157.733, 349.0
Trd, 000158.100, 351
Trd, 000158.467, 348.0
Trd, 000159.300, 349
Trd, 000159.967, 347
Trd, 000160.633, 348
Trd, 000162.250, 347
Trd, 000163.067, 347
Trd, 000163.600, 346
Trd, 000164.650, 348
Trd, 000165.150, 349
Trd, 000165.483, 348.0
Trd, 000165.517, 346.0
Trd, 000165.567, 349
Trd, 000165.900, 349
Trd, 000166.700, 346
Trd, 000167.567, 345.0
Trd, 000168.200, 345
Trd, 000169.450, 342
Trd, 000170.467, 345
Trd, 000170.833, 347
Trd, 000170.983, 347.0
Trd, 000171.250, 345
Trd, 000171.500, 348
Trd, 000172.817, 347.0
Trd, 000172.883, 346.0
Trd, 000173.517, 344.0
Trd, 000174.117, 348.0
Trd, 000174.667, 348
Trd, 000174.833, 349
Trd, 000175.300, 348
Trd, 000175.867, 349
Trd, 000177.183, 349
Trd, 000177.317, 348.0
Trd, 000177.350, 348
Trd, 000177.750, 349
Trd, 000178.867, 350
Trd, 000180.217, 350
Trd, 000180.517, 349
Trd, 000180.867, 350
Trd, 000181.267, 350
Trd, 000181.617, 350
Trd, 000181.767, 348
Trd, 000182.100, 348
Trd, 000182.400, 344.0
Trd, 000182.417, 340
Trd, 000182.767, 334.0
Trd, 000183.117, 324.0
Trd, 000183.900, 303
Trd, 000184.317, 236
Trd, 000184.350, 218
Trd, 000184.617, 214
Trd, 000184.683, 190
Trd, 000184.700, 183
Trd, 000185.817, 192
Trd, 000187.367, 219
Trd, 000187.450, 191
Trd, 000188.067, 194
Trd, 000188.433, 184
Trd, 000189.883, 183
Trd, 000190.200, 182
Trd, 000190.233, 183
Trd, 000190.367, 184
Trd, 000190.817, 181
Trd, 000191.233, 182
Trd, 000191.700, 184
Trd, 000191.850, 181
Trd, 000192.833, 180
Trd, 000193.100, 179
Trd, 000193.333, 167
Trd, 000193.667, 181
Trd, 000194.050, 175
Trd, 000195.883, 173
Trd, 000195.983, 174
Trd, 000196.817, 173
Trd, 000197.000, 174
Trd, 000197.117, 173
Trd, 000197.783, 174
Trd, 000198.100, 174
Trd, 000198.333, 173
Trd, 000198.800, 172
Trd, 000199.533, 171
Trd, 000199.683, 168
Trd, 000199.817, 172
Trd, 000200.250, 171
Trd, 000200.333, 178
Trd, 000204.100, 172
Trd, 000204.217, 173
Trd, 000204.350, 174
Trd, 000204.583, 172
Trd, 000204.650, 175
Trd, 000204.967, 171
Trd, 000205.567, 175
Trd, 000208.167, 170
Trd, 000208.867, 170
Trd, 000208.967, 171
Trd, 000209.383, 170
Trd, 000210.750, 172
Trd, 000211.283, 173
Trd, 000211.367, 172
Trd, 000212.600, 172
Trd, 000212.617, 173
Trd, 000213.617, 172
Trd, 000214.183, 174
Trd, 000215.317, 172
Trd, 000215.717, 173
Trd, 000216.100, 171
Trd, 000216.350, 169
Trd, 000217.783, 173
Trd, 000218.500, 172
Trd, 000218.567, 173
Trd, 000219.100, 172
Trd, 000219.483, 172
Trd, 000219.950, 171
Trd, 000220.367, 170
Trd, 000220.650, 172
Trd, 000220.717, 170
Trd, 000222.583, 170
Trd, 000223.217, 170
Trd, 000224.400, 173
Trd, 000224.450, 172
Trd, 000224.783, 173
Trd, 000225.050, 173
Trd, 000225.467, 171
Trd, 000225.917, 172
Trd, 000226.367, 172
Trd, 000228.367, 172
Trd, 000229.717, 172
Trd, 000230.433, 171
Trd, 000230.700, 172
Trd, 000230.867, 171
Trd, 000231.300, 172
Trd, 000231.333, 171
Trd, 000231.783, 174
Trd, 000232.000, 179
Trd, 000232.550, 174
Trd, 000232.750, 170
Trd, 000232.867, 180
Trd, 000233.633, 167
Trd, 000233.983, 179
Trd, 000234.133, 169
Trd, 000234.550, 180
Trd, 000236.583, 178
Trd, 000237.300, 178
Trd, 000237.583, 177
Trd, 000238.067, 178
Trd, 000239.417, 179
Trd, 000240.233, 178
Trd, 000240.283, 177
Trd, 000240.867, 179
Trd, 000241.233, 180
Trd, 000241.700, 180
Trd, 000241.850, 180
Trd, 000241.983, 179
Trd, 000242.367, 180
Trd, 000242.483, 179
Trd, 000242.850, 177
Trd, 000243.300, 177
Trd, 000244.350, 179
Trd, 000244.450, 179
Trd, 000244.483, 174
Trd, 000245.433, 173
Trd, 000246.583, 172
Trd, 000247.083, 169
Trd, 000247.100, 168
Trd, 000247.217, 168
Trd, 000247.283, 165
Trd, 000247.417, 174
Trd, 000248.217, 173
Trd, 000248.767, 175
Trd, 000249.017, 174
Trd, 000249.200, 175
Trd, 000249.617, 176
Trd, 000249.883, 178
Trd, 000250.433, 178
Trd, 000250.467, 173
Trd, 000251.350, 178
Trd, 000252.300, 177
Trd, 000252.583, 176
Trd, 000252.683, 173
Trd, 000252.883, 177
Trd, 000253.350, 175
Trd, 000253.500, 178
Trd, 000253.583, 179
Trd, 000254.283, 176
Trd, 000254.883, 175
Trd, 000255.467, 175
Trd, 000256.017, 177
Trd, 000256.200, 178
Trd, 000258.233, 175
Trd, 000258.383, 174
Trd, 000258.800, 176
Trd, 000259.083, 176
Trd, 000259.600, 176
Trd, 000259.833, 175
Trd, 000259.850, 174
Trd, 000259.883, 176
Trd, 000260.217, 175
Trd, 000260.717, 175
Trd, 000260.817, 174
Trd, 000261.067, 176
Trd, 000261.467, 174
Trd, 000261.950, 177
Trd, 000262.517, 176
Trd, 000263.317, 175
Trd, 000263.667, 176
Trd, 000264.667, 177
Trd, 000264.767, 178
Trd, 000264.817, 175
Trd, 000265.433, 180
Trd, 000265.567, 180
Trd, 000265.600, 178
Trd, 000265.750, 181
Trd, 000266.400, 177
Trd, 000266.767, 181
Trd, 000267.300, 184
Trd, 000267.517, 192
Trd, 000267.950, 189
Trd, 000269.117, 184
Trd, 000269.333, 182
Trd, 000269.633, 182
Trd, 000269.967, 182
Trd, 000270.083, 178
Trd, 000270.150, 175
Trd, 000270.383, 182
Trd, 000270.817, 180
Trd, 000271.283, 177
Trd, 000271.800, 177
Trd, 000272.233, 180
Trd, 000273.483, 176
Trd, 000274.167, 176
Trd, 000274.733, 176
Trd, 000274.817, 176
Trd, 000274.950, 177
Trd, 000274.967, 175
Trd, 000275.550, 175
Trd, 000275.767, 174
Trd, 000275.850, 177
Trd, 000275.917, 177
Trd, 000276.100, 178
Trd, 000276.183, 179
Trd, 000276.967, 174
Trd, 000277.750, 178
Trd, 000279.333, 172
Trd, 000280.333, 174
Trd, 000280.433, 175
Trd, 000280.983, 175
Trd, 000281.133, 169
Trd, 000281.267, 176
Trd, 000281.367, 176
Trd, 000281.533, 172
Trd, 000281.900, 172
Trd, 000282.033, 174
Trd, 000282.450, 174
Trd, 000282.883, 169
Trd, 000283.267, 173
Trd, 000283.700, 173
Trd, 000283.750, 176
Trd, 000283.817, 179
Trd, 000283.917, 183
Trd, 000286.717, 179
Trd, 000287.017, 179
Trd, 000288.067, 179
Trd, 000288.583, 178
Trd, 000288.633, 181
Trd, 000289.083, 178
Trd, 000289.417, 179
Trd, 000289.683, 177
Trd, 000289.750, 180
Trd, 000290.083, 177
Trd, 000290.300, 176
Trd, 000290.350, 176
Trd, 000291.333, 184
Trd, 000291.533, 185
Trd, 000291.750, 186
Trd, 000292.917, 186
Trd, 000293.133, 187
Trd, 000293.150, 185
Trd, 000293.900, 193
Trd, 000295.200, 190
Trd, 000295.367, 185
Trd, 000295.583, 188
Trd, 000295.967, 190
Trd, 000296.000, 185
Trd, 000296.033, 184
Trd, 000296.667, 186
Trd, 000296.950, 186
Trd, 000297.150, 187
Trd, 000297.583, 187
Trd, 000298.133, 185
Trd, 000298.233, 190
Trd, 000298.317, 177
Trd, 000299.450, 187
Trd, 000299.733, 184
Trd, 000299.950, 188
