Trd, 000000.567, 103
Trd, 000002.467, 120
Trd, 000003.067, 141
Trd, 000003.383, 127
Trd, 000004.917, 144
Trd, 000006.400, 151
Trd, 000006.433, 150
Trd, 000007.383, 150
Trd, 000008.367, 152
Trd, 000008.817, 153
Trd, 000009.167, 153
Trd, 000009.617, 152
Trd, 000010.500, 152
Trd, 000010.717, 151
Trd, 000010.950, 153
Trd, 000011.733, 155
Trd, 000012.000, 153
Trd, 000012.100, 153
Trd, 000013.083, 155
Trd, 000014.250, 153
Trd, 000014.550, 152
Trd, 000014.717, 152
Trd, 000014.750, 155
Trd, 000015.417, 154
Trd, 000016.100, 155
Trd, 000018.017, 149
Trd, 000018.533, 154
Trd, 000018.767, 155
Trd, 000018.800, 153
Trd, 000019.267, 151
Trd, 000020.933, 153
Trd, 000021.167, 151
Trd, 000022.050, 152
Trd, 000022.117, 150
Trd, 000022.517, 148
Trd, 000023.300, 151
Trd, 000024.133, 150
Trd, 000025.167, 150
Trd, 000026.400, 153
Trd, 000026.983, 152
Trd, 000027.433, 154
Trd, 000027.633, 156
Trd, 000028.233, 153
Trd, 000028.250, 157
Trd, 000028.850, 165
Trd, 000030.233, 169
Trd, 000030.317, 168
Trd, 000030.350, 166
Trd, 000030.650, 164
Trd, 000031.617, 165
Trd, 000032.367, 152
Trd, 000033.167, 151
Trd, 000034.167, 156
Trd, 000034.417, 155
Trd, 000034.517, 157
Trd, 000035.017, 154
Trd, 000035.833, 152
Trd, 000035.917, 156
Trd, 000036.200, 157
Trd, 000037.683, 154
Trd, 000037.767, 152
Trd, 000038.217, 155
Trd, 000039.250, 153
Trd, 000039.700, 157
Trd, 000040.250, 155
Trd, 000040.433, 154
Trd, 000040.867, 155
Trd, 000040.933, 156
Trd, 000041.217, 157
Trd, 000041.550, 155
Trd, 000042.100, 153
Trd, 000043.117, 155
Trd, 000043.900, 152
Trd, 000045.317, 154
Trd, 000045.350, 153
Trd, 000045.583, 153
Trd, 000046.500, 151
Trd, 000046.817, 150
Trd, 000047.367, 149
Trd, 000047.733, 149
Trd, 000048.250, 152
Trd, 000048.850, 154
Trd, 000049.417, 156
Trd, 000050.300, 155
Trd, 000050.683, 153
Trd, 000051.833, 153
Trd, 000051.850, 154
Trd, 000052.483, 152
Trd, 000053.983, 148
Trd, 000054.000, 149
Trd, 000054.233, 149
Trd, 000054.450, 152
Trd, 000055.450, 153
Trd, 000055.617, 153
Trd, 000056.283, 160
Trd, 000056.983, 156
Trd, 000057.633, 155
Trd, 000057.783, 154
Trd, 000058.183, 153
Trd, 000058.700, 156
Trd, 000059.450, 155
Trd, 000060.417, 155
Trd, 000060.717, 157
Trd, 000061.383, 156
Trd, 000061.767, 157
Trd, 000062.400, 154
Trd, 000063.817, 155
Trd, 000064.050, 155
Trd, 000064.167, 155
Trd, 000064.283, 156
Trd, 000065.400, 155
Trd, 000065.917, 156
Trd, 000067.100, 157
Trd, 000067.417, 157
Trd, 000067.567, 157
Trd, 000067.750, 153
Trd, 000068.867, 150
Trd, 000069.650, 152
Trd, 000069.850, 151
Trd, 000069.967, 153
Trd, 000070.183, 151
Trd, 000070.533, 162
Trd, 000070.717, 162
Trd, 000071.233, 162
Trd, 000071.733, 169
Trd, 000073.033, 174
Trd, 000073.067, 173
Trd, 000073.483, 169
Trd, 000074.933, 155
Trd, 000075.333, 149
Trd, 000075.350, 144
Trd, 000076.683, 161
Trd, 000076.783, 155
Trd, 000077.050, 179
Trd, 000077.117, 174
Trd, 000078.283, 170
Trd, 000079.450, 165
Trd, 000079.600, 165
Trd, 000079.700, 166
Trd, 000079.750, 164
Trd, 000081.867, 164
Trd, 000082.750, 163
Trd, 000083.117, 162
Trd, 000083.883, 164
Trd, 000083.900, 160
Trd, 000084.167, 150
Trd, 000085.483, 160
Trd, 000086.233, 157
Trd, 000086.450, 156
Trd, 000087.467, 160
Trd, 000087.550, 157
Trd, 000089.267, 161
Trd, 000089.517, 161
Trd, 000089.700, 161
Trd, 000090.083, 160
Trd, 000090.717, 158
Trd, 000091.867, 159
Trd, 000092.117, 153
Trd, 000092.283, 150
Trd, 000092.733, 154
Trd, 000093.733, 152
Trd, 000094.117, 151
Trd, 000094.167, 153
Trd, 000094.250, 158
Trd, 000095.200, 155
Trd, 000097.050, 161
Trd, 000097.483, 163
Trd, 000098.167, 165
Trd, 000098.517, 159
Trd, 000099.233, 165
Trd, 000099.383, 161
Trd, 000099.433, 160
Trd, 000099.917, 166
Trd, 000100.283, 158
Trd, 000100.767, 166
Trd, 000102.317, 163
Trd, 000102.467, 166
Trd, 000103.017, 162
Trd, 000103.617, 164
Trd, 000103.700, 163
Trd, 000104.600, 164
Trd, 000105.283, 164
Trd, 000105.533, 165
Trd, 000105.967, 164
Trd, 000106.583, 163
Trd, 000108.483, 163
Trd, 000108.767, 159
Trd, 000109.233, 158
Trd, 000109.700, 159
Trd, 000110.050, 159
Trd, 000110.617, 162
Trd, 000111.000, 163
Trd, 000111.800, 162
Trd, 000112.000, 160
Trd, 000113.150, 160
Trd, 000113.600, 160
Trd, 000113.617, 160
Trd, 000114.267, 154
Trd, 000115.100, 159
Trd, 000116.117, 160
Trd, 000116.333, 157
Trd, 000116.367, 156
Trd, 000116.683, 160
Trd, 000117.883, 161
Trd, 000118.167, 153
Trd, 000119.150, 161
Trd, 000119.850, 161
Trd, 000119.967, 161
Trd, 000120.100, 160
Trd, 000120.517, 160
Trd, 000120.583, 157
Trd, 000121.783, 162
Trd, 000121.800, 167
Trd, 000122.200, 170
Trd, 000122.300, 200
Trd, 000122.533, 163
Trd, 000123.050, 201
Trd, 000123.183, 208
Trd, 000123.267, 272
Trd, 000123.300, 313.0
Trd, 000124.250, 324.0
Trd, 000124.600, 327
Trd, 000124.983, 331.0
Trd, 000125.333, 339
Trd, 000125.983, 341.0
Trd, 000126.583, 341.0
Trd, 000126.650, 342.0
Trd, 000126.983, 343.0
Trd, 000127.383, 342.0
Trd, 000127.917, 343.0
Trd, 000129.350, 341
Trd, 000130.700, 352
Trd, 000131.450, 350.0
Trd, 000132.400, 354
Trd, 000132.483, 355
Trd, 000132.550, 358.0
Trd, 000132.917, 352.0
Trd, 000133.300, 350
Trd, 000135.483, 352.0
Trd, 000137.900, 350
Trd, 000138.317, 352
Trd, 000138.567, 352
Trd, 000139.083, 351.0
Trd, 000139.250, 353
Trd, 000139.600, 355
Trd, 000139.700, 351
Trd, 000140.083, 347
Trd, 000141.717, 348.0
Trd, 000141.767, 353.0
Trd, 000141.883, 347
Trd, 000142.250, 344
Trd, 000143.850, 350.0
Trd, 000145.067, 353.0
Trd, 000145.317, 352.0
Trd, 000145.917, 350
Trd, 000146.283, 352
Trd, 000146.667, 349.0
Trd, 000146.817, 348.0
Trd, 000146.883, 345
Trd, 000147.250, 344
Trd, 000148.100, 343.0
Trd, 000148.617, 348
Trd, 000149.700, 344.0
Trd, 000150.567, 342
Trd, 000151.617, 345
Trd, 000152.117, 344
Trd, 000152.917, 349
Trd, 000153.033, 348.0
Trd, 000153.233, 349
Trd, 000153.400, 341.0
Trd, 000154.700, 341.0
Trd, 000154.817, 340
Trd, 000155.000, 341
Trd, 000155.383, 342
Trd, 000155.467, 345
Trd, 000155.800, 355
Trd, 000157.300, 342
Trd, 000157.533, 353
Trd, 000158.483, 348
Trd, 000158.950, 348
Trd, 000159.133, 345
Trd, 000159.733, 351
Trd, 000160.500, 352.0
Trd, 000160.950, 350
Trd, 000161.333, 352
Trd, 000161.700, 353
Trd, 000162.050, 352.0
Trd, 000162.800, 351.0
Trd, 000163.817, 354
Trd, 000164.433, 350.0
Trd, 000165.033, 348.0
Trd, 000167.217, 349
Trd, 000167.650, 346
Trd, 000167.800, 345
Trd, 000168.217, 344
Trd, 000168.767, 346
Trd, 000168.783, 345
Trd, 000169.067, 347
Trd, 000169.967, 345
Trd, 000170.183, 341.0
Trd, 000171.300, 343
Trd, 000172.617, 342
Trd, 000172.633, 344.0
Trd, 000173.800, 341.0
Trd, 000174.433, 342
Trd, 000174.683, 343
Trd, 000175.150, 346
Trd, 000176.033, 346
Trd, 000176.333, 346
Trd, 000177.883, 348.0
Trd, 000178.167, 347
Trd, 000179.017, 344.0
Trd, 000180.350, 348
Trd, 000180.533, 349
Trd, 000180.733, 347
Trd, 000181.083, 345
Trd, 000181.117, 344
Trd, 000182.567, 343
Trd, 000182.717, 338.0
Trd, 000183.067, 337.0
Trd, 000183.383, 324.0
Trd, 000183.883, 251
Trd, 000183.933, 214
Trd, 000184.300, 197
Trd, 000184.467, 180
Trd, 000185.983, 182
Trd, 000186.100, 181
Trd, 000187.150, 181
Trd, 000187.167, 173
Trd, 000187.367, 172
Trd, 000189.450, 176
Trd, 000189.567, 174
Trd, 000190.033, 177
Trd, 000190.667, 174
Trd, 000191.100, 174
Trd, 000191.367, 172
Trd, 000191.700, 174
Trd, 000192.000, 172
Trd, 000192.533, 173
Trd, 000193.267, 172
Trd, 000193.933, 168
Trd, 000194.083, 173
Trd, 000194.733, 177
Trd, 000194.933, 167
Trd, 000195.967, 167
Trd, 000196.183, 171
Trd, 000197.050, 162
Trd, 000197.267, 162
Trd, 000198.550, 161
Trd, 000198.650, 163
Trd, 000198.700, 161
Trd, 000199.750, 163
Trd, 000200.300, 163
Trd, 000200.333, 162
Trd, 000200.400, 164
Trd, 000201.133, 164
Trd, 000202.317, 164
Trd, 000203.367, 162
Trd, 000203.633, 161
Trd, 000203.850, 161
Trd, 000204.450, 161
Trd, 000204.900, 162
Trd, 000205.483, 177
Trd, 000205.583, 164
Trd, 000206.117, 164
Trd, 000208.567, 171
Trd, 000208.600, 170
Trd, 000208.667, 169
Trd, 000208.767, 171
Trd, 000209.967, 173
Trd, 000210.283, 173
Trd, 000211.283, 172
Trd, 000212.217, 172
Trd, 000212.500, 167
Trd, 000212.717, 172
Trd, 000214.450, 172
Trd, 000214.667, 171
Trd, 000215.133, 171
Trd, 000216.117, 170
Trd, 000216.183, 170
Trd, 000216.633, 173
Trd, 000217.033, 173
Trd, 000218.550, 177
Trd, 000218.667, 176
Trd, 000218.800, 179
Trd, 000219.200, 184
Trd, 000220.050, 186
Trd, 000220.767, 188
Trd, 000222.217, 187
Trd, 000222.317, 187
Trd, 000222.833, 185
Trd, 000223.067, 177
Trd, 000223.183, 170
Trd, 000223.833, 180
Trd, 000224.217, 163
Trd, 000224.417, 165
Trd, 000225.050, 179
Trd, 000226.500, 173
Trd, 000227.667, 174
Trd, 000228.233, 173
Trd, 000228.433, 174
Trd, 000229.050, 173
Trd, 000229.800, 172
Trd, 000229.933, 171
Trd, 000230.467, 176
Trd, 000230.533, 189
Trd, 000230.550, 171
Trd, 000231.683, 188
Trd, 000232.317, 187
Trd, 000232.667, 188
Trd, 000232.850, 189
Trd, 000233.583, 177
Trd, 000233.717, 171
Trd, 000234.800, 172
Trd, 000235.417, 170
Trd, 000235.617, 170
Trd, 000235.633, 169
Trd, 000236.500, 178
Trd, 000236.583, 166
Trd, 000236.767, 160
Trd, 000237.833, 179
Trd, 000238.633, 171
Trd, 000239.283, 174
Trd, 000239.450, 175
Trd, 000239.633, 179
Trd, 000240.350, 178
Trd, 000240.517, 176
Trd, 000240.533, 177
Trd, 000241.050, 176
Trd, 000241.167, 180
Trd, 000242.667, 177
Trd, 000242.783, 176
Trd, 000243.217, 177
Trd, 000243.450, 179
Trd, 000245.183, 177
Trd, 000245.300, 176
Trd, 000245.367, 179
Trd, 000246.067, 178
Trd, 000246.133, 179
Trd, 000246.767, 183
Trd, 000246.850, 182
Trd, 000247.717, 185
Trd, 000248.033, 183
Trd, 000248.567, 185
Trd, 000249.150, 182
Trd, 000249.167, 183
Trd, 000249.783, 177
Trd, 000250.183, 174
Trd, 000250.417, 178
Trd, 000250.467, 177
Trd, 000250.517, 183
Trd, 000251.300, 176
Trd, 000252.750, 178
Trd, 000252.867, 178
Trd, 000253.133, 173
Trd, 000254.383, 179
Trd, 000254.700, 179
Trd, 000254.967, 178
Trd, 000255.283, 180
Trd, 000255.483, 176
Trd, 000255.500, 175
Trd, 000256.200, 175
Trd, 000257.333, 178
Trd, 000257.717, 178
Trd, 000257.867, 174
Trd, 000259.617, 175
Trd, 000259.683, 174
Trd, 000259.733, 170
Trd, 000260.033, 177
Trd, 000260.117, 178
Trd, 000260.700, 175
Trd, 000261.167, 175
Trd, 000262.383, 176
Trd, 000262.483, 178
Trd, 000262.600, 176
Trd, 000263.117, 176
Trd, 000263.783, 177
Trd, 000263.850, 181
Trd, 000264.150, 175
Trd, 000264.317, 184
Trd, 000265.217, 180
Trd, 000265.333, 180
Trd, 000265.383, 179
Trd, 000265.733, 180
Trd, 000266.667, 175
Trd, 000266.717, 179
Trd, 000266.850, 175
Trd, 000267.783, 176
Trd, 000268.850, 180
Trd, 000269.117, 170
Trd, 000269.833, 169
Trd, 000270.367, 171
Trd, 000270.750, 170
Trd, 000270.817, 168
Trd, 000271.150, 174
Trd, 000272.683, 173
Trd, 000272.983, 173
Trd, 000273.183, 176
Trd, 000273.883, 181
Trd, 000274.217, 178
Trd, 000274.700, 184
Trd, 000274.883, 178
Trd, 000275.233, 183
Trd, 000275.517, 177
Trd, 000276.567, 182
Trd, 000277.583, 180
Trd, 000277.833, 182
Trd, 000279.217, 182
Trd, 000279.400, 183
Trd, 000279.817, 182
Trd, 000280.167, 186
Trd, 000280.283, 181
Trd, 000281.017, 182
Trd, 000281.233, 184
Trd, 000281.267, 181
Trd, 000281.317, 187
Trd, 000282.217, 190
Trd, 000282.350, 196
Trd, 000284.450, 188
Trd, 000284.583, 187
Trd, 000285.250, 188
Trd, 000285.267, 186
Trd, 000285.950, 176
Trd, 000286.217, 179
Trd, 000286.433, 187
Trd, 000287.200, 184
Trd, 000287.600, 184
Trd, 000287.617, 184
Trd, 000287.767, 185
Trd, 000288.050, 183
Trd, 000288.217, 182
Trd, 000288.317, 184
Trd, 000288.667, 184
Trd, 000288.767, 182
Trd, 000289.067, 184
Trd, 000290.383, 185
Trd, 000291.033, 184
Trd, 000291.333, 185
Trd, 000291.600, 186
Trd, 000291.683, 187
Trd, 000292.183, 184
Trd, 000292.617, 182
Trd, 000293.267, 182
Trd, 000293.483, 173
Trd, 000293.983, 184
Trd, 000294.333, 186
Trd, 000294.533, 177
Trd, 000294.733, 171
Trd, 000295.867, 172
Trd, 000296.383, 177
Trd, 000296.483, 185
Trd, 000298.350, 181
Trd, 000298.417, 181
Trd, 000298.500, 178
Trd, 000299.317, 186
Trd, 000299.350, 181
Trd, 000299.517, 181
Trd, 000299.600, 186
