Trd, 000000.983, 141
Trd, 000003.350, 155
Trd, 000003.933, 157
Trd, 000004.367, 161
Trd, 000004.400, 156
Trd, 000005.017, 162
Trd, 000005.100, 158
Trd, 000006.083, 165
Trd, 000006.550, 171
Trd, 000008.100, 156
Trd, 000008.150, 150
Trd, 000008.433, 153
Trd, 000008.783, 156
Trd, 000009.167, 153
Trd, 000009.717, 158
Trd, 000010.917, 163
Trd, 000011.183, 163
Trd, 000011.250, 151
Trd, 000012.667, 154
Trd, 000013.683, 155
Trd, 000013.833, 153
Trd, 000014.267, 154
Trd, 000014.900, 151
Trd, 000014.983, 156
Trd, 000015.967, 145
Trd, 000016.067, 152
Trd, 000016.183, 150
Trd, 000016.533, 142
Trd, 000017.100, 150
Trd, 000018.083, 147
Trd, 000018.267, 148
Trd, 000019.133, 147
Trd, 000020.683, 147
Trd, 000021.717, 148
Trd, 000021.817, 147
Trd, 000022.117, 149
Trd, 000023.100, 146
Trd, 000023.500, 156
Trd, 000023.783, 157
Trd, 000023.850, 174
Trd, 000024.917, 156
Trd, 000025.067, 167
Trd, 000025.800, 156
Trd, 000026.583, 164
Trd, 000028.817, 158
Trd, 000029.433, 158
Trd, 000029.567, 164
Trd, 000029.783, 165
Trd, 000029.850, 158
Trd, 000030.517, 165
Trd, 000030.533, 175
Trd, 000030.767, 158
Trd, 000031.350, 169
Trd, 000032.733, 156
Trd, 000033.017, 154
Trd, 000033.367, 175
Trd, 000033.983, 154
Trd, 000034.950, 154
Trd, 000034.983, 158
Trd, 000035.417, 156
Trd, 000036.567, 155
Trd, 000037.833, 154
Trd, 000037.883, 153
Trd, 000037.983, 153
Trd, 000038.600, 155
Trd, 000039.317, 153
Trd, 000039.667, 154
Trd, 000040.050, 156
Trd, 000040.217, 156
Trd, 000040.817, 159
Trd, 000041.767, 166
Trd, 000042.100, 153
Trd, 000043.033, 153
Trd, 000043.317, 152
Trd, 000044.067, 160
Trd, 000045.400, 156
Trd, 000047.017, 154
Trd, 000047.917, 153
Trd, 000048.150, 155
Trd, 000049.017, 149
Trd, 000049.817, 151
Trd, 000049.900, 151
Trd, 000050.383, 152
Trd, 000050.850, 159
Trd, 000051.433, 153
Trd, 000051.850, 155
Trd, 000052.900, 153
Trd, 000053.000, 156
Trd, 000053.183, 152
Trd, 000053.650, 149
Trd, 000054.083, 158
Trd, 000054.317, 146
Trd, 000054.517, 160
Trd, 000054.667, 141
Trd, 000056.733, 150
Trd, 000057.083, 159
Trd, 000058.900, 158
Trd, 000059.150, 160
Trd, 000059.533, 151
Trd, 000059.933, 156
Trd, 000060.467, 158
Trd, 000060.867, 151
Trd, 000060.950, 151
Trd, 000061.267, 150
Trd, 000062.483, 149
Trd, 000064.133, 150
Trd, 000064.433, 150
Trd, 000064.717, 178
Trd, 000065.133, 164
Trd, 000065.333, 169
Trd, 000065.400, 155
Trd, 000065.667, 180
Trd, 000066.483, 155
Trd, 000066.850, 150
Trd, 000067.433, 152
Trd, 000068.700, 163
Trd, 000069.850, 159
Trd, 000069.933, 160
Trd, 000070.050, 162
Trd, 000070.317, 162
Trd, 000071.250, 157
Trd, 000072.233, 159
Trd, 000072.500, 156
Trd, 000072.583, 160
Trd, 000073.350, 156
Trd, 000074.167, 160
Trd, 000076.533, 155
Trd, 000077.683, 156
Trd, 000078.467, 152
Trd, 000078.817, 160
Trd, 000080.317, 158
Trd, 000080.517, 159
Trd, 000080.750, 156
Trd, 000081.533, 160
Trd, 000082.083, 159
Trd, 000082.400, 156
Trd, 000082.567, 155
Trd, 000082.633, 163
Trd, 000082.717, 170
Trd, 000083.983, 163
Trd, 000085.850, 157
Trd, 000086.383, 157
Trd, 000087.033, 156
Trd, 000087.783, 159
Trd, 000087.850, 155
Trd, 000088.200, 154
Trd, 000088.467, 153
Trd, 000090.383, 155
Trd, 000090.467, 156
Trd, 000090.633, 159
Trd, 000091.133, 164
Trd, 000092.383, 169
Trd, 000093.950, 159
Trd, 000094.500, 159
Trd, 000094.750, 165
Trd, 000096.417, 158
Trd, 000096.883, 158
Trd, 000097.550, 161
Trd, 000099.400, 160
Trd, 000099.667, 159
Trd, 000100.200, 161
Trd, 000100.533, 158
Trd, 000101.000, 158
Trd, 000102.700, 158
Trd, 000103.450, 154
Trd, 000103.500, 161
Trd, 000105.133, 158
Trd, 000105.183, 161
Trd, 000105.300, 157
Trd, 000106.233, 156
Trd, 000106.667, 156
Trd, 000107.000, 156
Trd, 000108.050, 165
Trd, 000109.167, 162
Trd, 000110.317, 166
Trd, 000111.250, 171
Trd, 000112.467, 158
Trd, 000112.517, 157
Trd, 000112.700, 157
Trd, 000113.600, 161
Trd, 000115.517, 159
Trd, 000115.550, 159
Trd, 000115.850, 165
Trd, 000116.500, 158
Trd, 000116.950, 167
Trd, 000117.850, 164
Trd, 000118.367, 160
Trd, 000118.650, 167
Trd, 000119.367, 160
Trd, 000119.433, 155
Trd, 000119.600, 164
Trd, 000120.133, 165
Trd, 000120.600, 158
Trd, 000120.883, 174
Trd, 000121.800, 170
Trd, 000121.983, 184
Trd, 000122.367, 187
Trd, 000123.633, 153
Trd, 000123.667, 194
Trd, 000124.033, 207
Trd, 000124.167, 210
Trd, 000124.917, 260
Trd, 000125.267, 320.0
Trd, 000125.717, 331.0
Trd, 000126.100, 310.0
Trd, 000127.450, 320.0
Trd, 000127.567, 331
Trd, 000128.950, 344.0
Trd, 000129.100, 349
Trd, 000129.183, 341.0
Trd, 000129.483, 356
Trd, 000131.367, 339.0
Trd, 000132.917, 344
Trd, 000133.017, 342.0
Trd, 000133.250, 345
Trd, 000133.500, 342.0
Trd, 000134.600, 344
Trd, 000134.617, 343
Trd, 000135.567, 342
Trd, 000135.933, 341.0
Trd, 000138.017, 344.0
Trd, 000139.083, 341
Trd, 000139.550, 343
Trd, 000140.017, 341.0
Trd, 000140.233, 338
Trd, 000140.250, 355.0
Trd, 000140.367, 337.0
Trd, 000141.033, 349
Trd, 000141.400, 350
Trd, 000143.717, 342
Trd, 000144.017, 347
Trd, 000144.117, 349
Trd, 000144.667, 342
Trd, 000144.683, 350
Trd, 000145.883, 345
Trd, 000146.183, 345
Trd, 000147.883, 347
Trd, 000148.433, 352
Trd, 000149.050, 344
Trd, 000149.183, 353.0
Trd, 000149.400, 344.0
Trd, 000150.050, 344
Trd, 000150.233, 348
Trd, 000151.133, 343
Trd, 000151.917, 348
Trd, 000153.433, 347
Trd, 000153.467, 348
Trd, 000153.867, 355.0
Trd, 000153.900, 362.0
Trd, 000156.300, 347.0
Trd, 000157.033, 351
Trd, 000157.117, 344.0
Trd, 000158.000, 347
Trd, 000158.083, 351
Trd, 000158.567, 345
Trd, 000158.800, 345
Trd, 000158.817, 344
Trd, 000159.200, 349
Trd, 000159.683, 342
Trd, 000159.950, 347
Trd, 000159.983, 348
Trd, 000162.583, 342.0
Trd, 000163.833, 345
Trd, 000164.617, 343.0
Trd, 000165.050, 342
Trd, 000165.850, 351
Trd, 000165.983, 343
Trd, 000166.817, 346
Trd, 000167.633, 342
Trd, 000167.667, 348
Trd, 000167.767, 342
Trd, 000168.333, 344.0
Trd, 000170.000, 348
Trd, 000170.200, 349
Trd, 000170.717, 351.0
Trd, 000171.017, 354
Trd, 000172.800, 347
Trd, 000173.050, 354
Trd, 000174.167, 351.0
Trd, 000174.533, 347
Trd, 000175.483, 349
Trd, 000175.850, 347
Trd, 000177.733, 351.0
Trd, 000178.250, 351
Trd, 000178.883, 355.0
Trd, 000179.233, 347
Trd, 000179.917, 350
Trd, 000179.967, 362.0
Trd, 000181.033, 350
Trd, 000181.117, 349
Trd, 000181.917, 349
Trd, 000181.933, 344.0
Trd, 000182.500, 341.0
Trd, 000182.733, 337.0
Trd, 000182.750, 310.0
Trd, 000183.183, 306.0
Trd, 000183.600, 303.0
Trd, 000184.067, 268
Trd, 000184.433, 230
Trd, 000185.233, 205
Trd, 000185.850, 199
Trd, 000186.750, 188
Trd, 000188.117, 174
Trd, 000188.433, 190
Trd, 000188.950, 176
Trd, 000189.517, 171
Trd, 000190.517, 182
Trd, 000190.633, 183
Trd, 000192.767, 169
Trd, 000193.050, 175
Trd, 000193.250, 167
Trd, 000193.283, 176
Trd, 000194.167, 175
Trd, 000194.683, 175
Trd, 000194.867, 171
Trd, 000195.533, 175
Trd, 000196.183, 176
Trd, 000198.350, 176
Trd, 000198.900, 176
Trd, 000199.933, 171
Trd, 000200.483, 175
Trd, 000201.700, 176
Trd, 000202.800, 172
Trd, 000203.300, 171
Trd, 000203.467, 170
Trd, 000203.783, 170
Trd, 000203.933, 174
Trd, 000204.167, 164
Trd, 000204.833, 172
Trd, 000205.850, 170
Trd, 000206.000, 172
Trd, 000207.050, 164
Trd, 000207.550, 173
Trd, 000207.633, 168
Trd, 000207.867, 173
Trd, 000208.283, 166
Trd, 000209.000, 174
Trd, 000209.750, 167
Trd, 000210.383, 166
Trd, 000210.867, 175
Trd, 000211.817, 174
Trd, 000213.967, 172
Trd, 000214.617, 174
Trd, 000214.933, 175
Trd, 000215.467, 171
Trd, 000215.617, 175
Trd, 000216.767, 171
Trd, 000217.750, 172
Trd, 000218.100, 177
Trd, 000218.483, 174
Trd, 000218.933, 177
Trd, 000219.717, 174
Trd, 000219.833, 184
Trd, 000220.433, 182
Trd, 000221.383, 173
Trd, 000222.700, 174
Trd, 000223.750, 178
Trd, 000224.000, 180
Trd, 000224.083, 174
Trd, 000224.617, 179
Trd, 000225.067, 174
Trd, 000225.500, 173
Trd, 000225.633, 172
Trd, 000225.933, 166
Trd, 000227.733, 169
Trd, 000227.817, 171
Trd, 000227.833, 172
Trd, 000227.917, 170
Trd, 000228.117, 168
Trd, 000228.133, 167
Trd, 000230.417, 169
Trd, 000231.567, 173
Trd, 000232.267, 169
Trd, 000232.667, 174
Trd, 000232.917, 178
Trd, 000233.267, 169
Trd, 000234.433, 192
Trd, 000234.817, 175
Trd, 000234.900, 176
Trd, 000235.350, 178
Trd, 000235.550, 178
Trd, 000237.300, 181
Trd, 000237.383, 185
Trd, 000237.817, 168
Trd, 000239.817, 179
Trd, 000240.617, 180
Trd, 000240.750, 174
Trd, 000241.133, 176
Trd, 000241.383, 175
Trd, 000241.783, 175
Trd, 000241.900, 174
Trd, 000242.883, 173
Trd, 000243.050, 176
Trd, 000243.467, 179
Trd, 000243.483, 182
Trd, 000244.317, 180
Trd, 000244.617, 177
Trd, 000244.783, 180
Trd, 000245.067, 174
Trd, 000246.050, 188
Trd, 000246.417, 180
Trd, 000247.367, 179
Trd, 000248.350, 186
Trd, 000249.300, 180
Trd, 000250.083, 180
Trd, 000250.600, 179
Trd, 000250.683, 178
Trd, 000250.750, 180
Trd, 000251.083, 177
Trd, 000251.400, 175
Trd, 000252.067, 176
Trd, 000252.750, 175
Trd, 000252.983, 173
Trd, 000253.317, 178
Trd, 000253.500, 175
Trd, 000254.383, 181
Trd, 000254.733, 178
Trd, 000254.800, 177
Trd, 000255.500, 180
Trd, 000255.567, 167
Trd, 000256.100, 175
Trd, 000256.317, 174
Trd, 000256.750, 177
Trd, 000257.283, 168
Trd, 000257.300, 179
Trd, 000258.850, 176
Trd, 000260.400, 176
Trd, 000260.617, 173
Trd, 000261.233, 173
Trd, 000261.500, 175
Trd, 000262.050, 178
Trd, 000262.167, 177
Trd, 000262.467, 179
Trd, 000262.483, 181
Trd, 000263.167, 176
Trd, 000263.967, 177
Trd, 000264.017, 175
Trd, 000264.550, 175
Trd, 000265.267, 177
Trd, 000265.417, 179
Trd, 000265.433, 181
Trd, 000265.600, 178
Trd, 000265.767, 187
Trd, 000267.167, 179
Trd, 000267.300, 182
Trd, 000268.200, 178
Trd, 000268.533, 178
Trd, 000269.033, 178
Trd, 000269.650, 177
Trd, 000269.967, 177
Trd, 000270.483, 182
Trd, 000271.250, 183
Trd, 000271.350, 175
Trd, 000272.417, 177
Trd, 000273.067, 182
Trd, 000273.717, 181
Trd, 000273.750, 178
Trd, 000273.767, 182
Trd, 000273.917, 183
Trd, 000273.967, 176
Trd, 000275.900, 180
Trd, 000275.933, 182
Trd, 000276.267, 176
Trd, 000276.917, 177
Trd, 000276.950, 183
Trd, 000277.283, 182
Trd, 000277.383, 176
Trd, 000278.083, 177
Trd, 000278.267, 174
Trd, 000278.300, 171
Trd, 000278.817, 178
Trd, 000280.183, 177
Trd, 000280.500, 179
Trd, 000280.517, 174
Trd, 000281.017, 173
Trd, 000281.250, 185
Trd, 000281.933, 182
Trd, 000282.117, 186
Trd, 000282.700, 182
Trd, 000283.000, 180
Trd, 000284.133, 179
Trd, 000284.183, 182
Trd, 000285.350, 178
Trd, 000285.650, 178
Trd, 000285.750, 183
Trd, 000286.200, 180
Trd, 000286.400, 175
Trd, 000286.967, 177
Trd, 000287.067, 178
Trd, 000287.617, 180
Trd, 000287.883, 177
Trd, 000288.267, 173
Trd, 000288.450, 179
Trd, 000288.533, 180
Trd, 000289.083, 174
Trd, 000289.533, 176
Trd, 000290.033, 187
Trd, 000290.250, 174
Trd, 000290.317, 184
Trd, 000291.083, 171
Trd, 000291.650, 190
Trd, 000291.933, 191
Trd, 000292.467, 187
Trd, 000293.150, 173
Trd, 000293.267, 177
Trd, 000294.333, 204
Trd, 000294.367, 174
Trd, 000295.017, 188
Trd, 000295.167, 174
Trd, 000295.617, 182
Trd, 000295.817, 185
Trd, 000295.883, 186
Trd, 000296.083, 172
Trd, 000296.267, 166
Trd, 000296.483, 161
Trd, 000297.400, 185
Trd, 000297.833, 187
Trd, 000298.100, 171
Trd, 000298.167, 170
Trd, 000299.083, 161
Trd, 000299.133, 188
Trd, 000299.550, 198
Trd, 000299.950, 198
