Trd, 000001.617, 131
Trd, 000002.383, 132
Trd, 000003.233, 136
Trd, 000003.533, 136
Trd, 000004.717, 135
Trd, 000005.250, 140
Trd, 000005.700, 141
Trd, 000006.867, 145
Trd, 000008.550, 147
Trd, 000008.800, 149
Trd, 000009.867, 164
Trd, 000010.167, 161
Trd, 000010.283, 159
Trd, 000010.933, 159
Trd, 000012.683, 159
Trd, 000013.400, 159
Trd, 000014.533, 161
Trd, 000014.600, 160
Trd, 000014.783, 159
Trd, 000015.783, 158
Trd, 000015.950, 159
Trd, 000016.983, 159
Trd, 000017.033, 158
Trd, 000017.233, 156
Trd, 000018.417, 157
Trd, 000018.667, 158
Trd, 000018.833, 158
Trd, 000019.050, 158
Trd, 000019.767, 157
Trd, 000020.233, 155
Trd, 000020.800, 156
Trd, 000021.300, 157
Trd, 000021.633, 158
Trd, 000022.367, 160
Trd, 000023.600, 160
Trd, 000023.883, 161
Trd, 000024.050, 162
Trd, 000024.083, 155
Trd, 000025.500, 150
Trd, 000025.617, 158
Trd, 000027.050, 156
Trd, 000027.567, 159
Trd, 000029.083, 160
Trd, 000029.650, 161
Trd, 000029.667, 161
Trd, 000029.750, 158
Trd, 000030.017, 157
Trd, 000031.883, 159
Trd, 000032.583, 161
Trd, 000033.217, 158
Trd, 000033.567, 157
Trd, 000033.717, 158
Trd, 000033.850, 153
Trd, 000035.217, 156
Trd, 000035.500, 156
Trd, 000035.583, 155
Trd, 000035.633, 159
Trd, 000036.033, 152
Trd, 000037.300, 156
Trd, 000037.517, 157
Trd, 000037.700, 157
Trd, 000037.767, 159
Trd, 000039.533, 159
Trd, 000039.700, 155
Trd, 000040.850, 158
Trd, 000042.633, 155
Trd, 000042.750, 155
Trd, 000042.783, 157
Trd, 000042.850, 162
Trd, 000043.750, 154
Trd, 000044.650, 153
Trd, 000045.417, 154
Trd, 000045.567, 154
Trd, 000046.100, 158
Trd, 000046.833, 155
Trd, 000047.100, 155
Trd, 000048.667, 159
Trd, 000048.800, 167
Trd, 000049.267, 158
Trd, 000050.583, 162
Trd, 000050.733, 160
Trd, 000052.617, 160
Trd, 000052.733, 160
Trd, 000052.883, 160
Trd, 000053.333, 158
Trd, 000053.783, 161
Trd, 000054.450, 158
Trd, 000054.933, 158
Trd, 000055.683, 157
Trd, 000055.850, 149
Trd, 000056.317, 157
Trd, 000057.650, 158
Trd, 000058.100, 155
Trd, 000059.083, 159
Trd, 000059.517, 162
Trd, 000060.233, 161
Trd, 000061.267, 160
Trd, 000062.233, 160
Trd, 000062.367, 161
Trd, 000062.883, 161
Trd, 000063.533, 159
Trd, 000063.833, 158
Trd, 000064.767, 151
Trd, 000065.217, 152
Trd, 000065.333, 154
Trd, 000065.650, 155
Trd, 000066.533, 147
Trd, 000067.767, 147
Trd, 000068.033, 148
Trd, 000068.617, 147
Trd, 000068.983, 147
Trd, 000069.017, 145
Trd, 000069.350, 134
Trd, 000069.450, 148
Trd, 000070.350, 150
Trd, 000071.867, 143
Trd, 000072.500, 143
Trd, 000073.917, 148
Trd, 000074.283, 148
Trd, 000074.883, 153
Trd, 000075.533, 152
Trd, 000075.733, 151
Trd, 000076.350, 151
Trd, 000077.233, 153
Trd, 000078.100, 155
Trd, 000078.533, 172
Trd, 000079.600, 156
Trd, 000079.933, 172
Trd, 000080.367, 158
Trd, 000081.017, 163
Trd, 000081.250, 163
Trd, 000081.967, 162
Trd, 000082.133, 165
Trd, 000083.050, 164
Trd, 000083.250, 163
Trd, 000083.533, 162
Trd, 000084.017, 161
Trd, 000084.050, 162
Trd, 000084.117, 161
Trd, 000084.350, 163
Trd, 000085.950, 160
Trd, 000086.617, 159
Trd, 000088.650, 162
Trd, 000089.067, 162
Trd, 000089.100, 161
Trd, 000089.567, 164
Trd, 000089.850, 164
Trd, 000089.883, 167
Trd, 000089.900, 162
Trd, 000091.533, 162
Trd, 000093.767, 162
Trd, 000093.983, 162
Trd, 000095.000, 163
Trd, 000095.383, 164
Trd, 000095.850, 163
Trd, 000096.067, 161
Trd, 000096.267, 163
Trd, 000097.433, 163
Trd, 000098.200, 163
Trd, 000099.333, 164
Trd, 000099.867, 162
Trd, 000100.100, 163
Trd, 000100.417, 164
Trd, 000100.817, 163
Trd, 000101.217, 163
Trd, 000101.617, 154
Trd, 000102.433, 160
Trd, 000102.467, 158
Trd, 000102.783, 165
Trd, 000103.950, 155
Trd, 000104.650, 153
Trd, 000105.717, 153
Trd, 000106.600, 154
Trd, 000107.183, 159
Trd, 000108.400, 159
Trd, 000108.567, 167
Trd, 000109.000, 160
Trd, 000110.667, 165
Trd, 000110.733, 165
Trd, 000111.150, 166
Trd, 000111.867, 167
Trd, 000112.333, 164
Trd, 000112.883, 164
Trd, 000113.117, 164
Trd, 000113.300, 165
Trd, 000113.950, 169
Trd, 000114.783, 170
Trd, 000116.200, 164
Trd, 000117.400, 167
Trd, 000117.700, 165
Trd, 000118.517, 165
Trd, 000118.733, 164
Trd, 000119.717, 166
Trd, 000119.850, 164
Trd, 000120.067, 164
Trd, 000120.083, 163
Trd, 000120.683, 156
Trd, 000121.450, 180
Trd, 000121.850, 139
Trd, 000122.333, 191
Trd, 000122.400, 194
Trd, 000122.600, 212
Trd, 000123.250, 208
Trd, 000123.450, 231
Trd, 000123.600, 249
Trd, 000124.133, 324.0
Trd, 000124.500, 327
Trd, 000125.717, 321
Trd, 000125.883, 323
Trd, 000126.383, 325
Trd, 000127.500, 330.0
Trd, 000128.833, 331.0
Trd, 000129.183, 332
Trd, 000129.367, 337.0
Trd, 000130.150, 331.0
Trd, 000130.467, 335
Trd, 000131.433, 333
Trd, 000131.533, 339
Trd, 000132.517, 339
Trd, 000132.867, 337
Trd, 000133.267, 343
Trd, 000134.833, 346.0
Trd, 000135.883, 347.0
Trd, 000136.050, 348.0
Trd, 000136.767, 346
Trd, 000137.117, 346
Trd, 000137.200, 345
Trd, 000138.317, 343
Trd, 000140.017, 344
Trd, 000140.067, 343
Trd, 000141.850, 345
Trd, 000142.233, 346.0
Trd, 000142.267, 344
Trd, 000142.383, 348.0
Trd, 000142.467, 342
Trd, 000144.533, 344
Trd, 000144.833, 344
Trd, 000145.283, 346
Trd, 000145.550, 344
Trd, 000145.717, 348.0
Trd, 000146.000, 343
Trd, 000147.650, 351
Trd, 000147.817, 348
Trd, 000149.250, 346
Trd, 000150.883, 347.0
Trd, 000151.200, 345
Trd, 000151.617, 348.0
Trd, 000152.133, 349
Trd, 000152.433, 345
Trd, 000153.083, 363
Trd, 000155.317, 353
Trd, 000155.617, 354
Trd, 000155.650, 351
Trd, 000156.817, 355
Trd, 000156.867, 354
Trd, 000157.050, 354
Trd, 000157.367, 358
Trd, 000157.983, 355
Trd, 000158.850, 354
Trd, 000158.950, 360
Trd, 000159.150, 353
Trd, 000160.833, 347
Trd, 000161.050, 347.0
Trd, 000161.783, 347.0
Trd, 000161.817, 344.0
Trd, 000161.983, 348.0
Trd, 000162.700, 339.0
Trd, 000162.967, 339
Trd, 000163.350, 329
Trd, 000163.600, 329
Trd, 000165.350, 334
Trd, 000166.100, 334
Trd, 000166.267, 335
Trd, 000167.817, 338
Trd, 000167.983, 337
Trd, 000169.500, 336.0
Trd, 000169.800, 336.0
Trd, 000169.867, 340
Trd, 000170.200, 336
Trd, 000171.717, 340.0
Trd, 000172.333, 339
Trd, 000172.467, 337
Trd, 000172.733, 338.0
Trd, 000172.867, 339.0
Trd, 000173.383, 337
Trd, 000173.700, 339.0
Trd, 000175.167, 341.0
Trd, 000175.417, 344
Trd, 000177.483, 344
Trd, 000178.100, 346
Trd, 000178.950, 344.0
Trd, 000179.017, 347.0
Trd, 000179.500, 349
Trd, 000180.300, 346
Trd, 000180.317, 347
Trd, 000180.450, 348.0
Trd, 000181.483, 350
Trd, 000181.683, 347
Trd, 000181.833, 350
Trd, 000182.783, 328.0
Trd, 000182.867, 327.0
Trd, 000182.967, 357
Trd, 000183.200, 291
Trd, 000183.300, 262
Trd, 000184.533, 191
Trd, 000184.750, 174
Trd, 000184.850, 172
Trd, 000185.000, 183
Trd, 000185.933, 177
Trd, 000186.650, 176
Trd, 000186.983, 176
Trd, 000187.567, 172
Trd, 000188.133, 175
Trd, 000188.317, 173
Trd, 000188.467, 176
Trd, 000190.350, 174
Trd, 000190.800, 171
Trd, 000192.350, 170
Trd, 000192.533, 171
Trd, 000192.683, 172
Trd, 000193.150, 169
Trd, 000194.583, 173
Trd, 000194.950, 173
Trd, 000195.183, 176
Trd, 000195.417, 170
Trd, 000197.250, 174
Trd, 000197.533, 170
Trd, 000197.700, 173
Trd, 000197.900, 169
Trd, 000198.600, 171
Trd, 000199.350, 168
Trd, 000200.567, 169
Trd, 000200.800, 168
Trd, 000200.850, 167
Trd, 000202.017, 166
Trd, 000202.583, 167
Trd, 000202.800, 168
Trd, 000203.833, 168
Trd, 000204.650, 167
Trd, 000205.100, 166
Trd, 000205.683, 168
Trd, 000205.817, 164
Trd, 000206.733, 164
Trd, 000207.817, 164
Trd, 000208.150, 164
Trd, 000208.717, 164
Trd, 000209.283, 163
Trd, 000209.567, 169
Trd, 000210.733, 178
Trd, 000211.917, 172
Trd, 000213.083, 172
Trd, 000213.117, 171
Trd, 000213.333, 173
Trd, 000214.083, 171
Trd, 000214.900, 171
Trd, 000214.933, 170
Trd, 000215.183, 169
Trd, 000215.250, 165
Trd, 000216.450, 179
Trd, 000216.667, 168
Trd, 000217.867, 170
Trd, 000218.133, 186
Trd, 000218.833, 172
Trd, 000221.200, 176
Trd, 000221.617, 176
Trd, 000222.433, 176
Trd, 000222.617, 179
Trd, 000222.933, 177
Trd, 000224.567, 178
Trd, 000224.700, 178
Trd, 000225.733, 179
Trd, 000226.233, 175
Trd, 000227.067, 177
Trd, 000227.267, 177
Trd, 000227.383, 180
Trd, 000227.700, 179
Trd, 000227.783, 178
Trd, 000228.267, 176
Trd, 000229.800, 166
Trd, 000230.450, 164
Trd, 000230.633, 166
Trd, 000230.983, 167
Trd, 000231.383, 166
Trd, 000231.717, 167
Trd, 000232.017, 167
Trd, 000234.000, 167
Trd, 000234.467, 167
Trd, 000234.967, 167
Trd, 000235.317, 166
Trd, 000236.233, 169
Trd, 000237.667, 168
Trd, 000237.950, 167
Trd, 000239.050, 169
Trd, 000239.217, 172
Trd, 000239.600, 170
Trd, 000240.283, 173
Trd, 000240.983, 175
Trd, 000241.067, 176
Trd, 000241.183, 180
Trd, 000241.917, 177
Trd, 000241.983, 175
Trd, 000242.667, 175
Trd, 000243.300, 175
Trd, 000243.533, 174
Trd, 000244.150, 174
Trd, 000244.733, 175
Trd, 000245.233, 175
Trd, 000245.433, 172
Trd, 000246.133, 173
Trd, 000246.450, 173
Trd, 000246.483, 175
Trd, 000246.633, 172
Trd, 000247.000, 171
Trd, 000247.200, 173
Trd, 000247.667, 174
Trd, 000247.783, 173
Trd, 000247.833, 174
Trd, 000249.783, 184
Trd, 000249.900, 183
Trd, 000250.083, 183
Trd, 000250.117, 188
Trd, 000250.350, 182
Trd, 000251.300, 183
Trd, 000251.683, 181
Trd, 000252.267, 181
Trd, 000252.317, 179
Trd, 000253.100, 181
Trd, 000253.700, 182
Trd, 000254.567, 180
Trd, 000255.167, 182
Trd, 000255.183, 182
Trd, 000255.617, 181
Trd, 000255.800, 180
Trd, 000256.167, 182
Trd, 000256.350, 180
Trd, 000256.683, 178
Trd, 000257.200, 176
Trd, 000257.317, 173
Trd, 000257.417, 175
Trd, 000257.817, 172
Trd, 000258.167, 170
Trd, 000258.667, 171
Trd, 000258.933, 172
Trd, 000259.717, 173
Trd, 000260.650, 173
Trd, 000260.933, 174
Trd, 000261.000, 173
Trd, 000261.050, 169
Trd, 000261.583, 170
Trd, 000261.950, 166
Trd, 000262.600, 165
Trd, 000263.250, 166
Trd, 000263.750, 167
Trd, 000264.200, 174
Trd, 000264.450, 170
Trd, 000264.717, 167
Trd, 000266.367, 169
Trd, 000266.583, 170
Trd, 000266.667, 174
Trd, 000267.183, 172
Trd, 000267.267, 173
Trd, 000267.650, 170
Trd, 000267.700, 174
Trd, 000267.850, 159
Trd, 000267.983, 164
Trd, 000269.250, 162
Trd, 000269.933, 163
Trd, 000270.767, 165
Trd, 000271.167, 168
Trd, 000271.433, 164
Trd, 000271.500, 169
Trd, 000272.217, 168
Trd, 000272.300, 169
Trd, 000272.550, 164
Trd, 000272.633, 163
Trd, 000272.750, 171
Trd, 000272.800, 174
Trd, 000273.483, 175
Trd, 000274.217, 173
Trd, 000274.583, 175
Trd, 000274.817, 179
Trd, 000275.433, 191
Trd, 000275.583, 187
Trd, 000275.750, 173
Trd, 000276.433, 172
Trd, 000276.967, 175
Trd, 000277.017, 188
Trd, 000277.383, 177
Trd, 000277.400, 170
Trd, 000277.750, 174
Trd, 000278.250, 176
Trd, 000278.483, 171
Trd, 000278.883, 172
Trd, 000280.183, 177
Trd, 000280.633, 175
Trd, 000280.650, 173
Trd, 000280.700, 172
Trd, 000281.483, 177
Trd, 000281.683, 170
Trd, 000281.700, 176
Trd, 000281.917, 159
Trd, 000282.433, 166
Trd, 000282.500, 166
Trd, 000283.667, 168
Trd, 000283.967, 168
Trd, 000284.367, 168
Trd, 000284.450, 167
Trd, 000284.717, 166
Trd, 000284.800, 168
Trd, 000285.550, 167
Trd, 000285.733, 167
Trd, 000285.867, 169
Trd, 000285.950, 176
Trd, 000286.450, 174
Trd, 000287.433, 188
Trd, 000287.533, 187
Trd, 000287.633, 180
Trd, 000288.467, 180
Trd, 000288.717, 187
Trd, 000289.167, 183
Trd, 000289.350, 182
Trd, 000289.433, 185
Trd, 000289.867, 178
Trd, 000290.133, 186
Trd, 000291.883, 176
Trd, 000292.167, 175
Trd, 000292.183, 177
Trd, 000292.233, 175
Trd, 000292.917, 176
Trd, 000293.617, 177
Trd, 000293.850, 175
Trd, 000293.933, 173
Trd, 000294.250, 177
Trd, 000294.850, 194
Trd, 000294.900, 197
Trd, 000294.933, 180
Trd, 000295.217, 179
Trd, 000295.533, 170
Trd, 000296.233, 188
Trd, 000297.350, 161
Trd, 000297.583, 164
Trd, 000298.467, 162
Trd, 000298.600, 157
Trd, 000298.950, 166
Trd, 000299.467, 150
Trd, 000299.633, 162
