Trd, 000002.267, 169
Trd, 000002.983, 127
Trd, 000003.283, 168
Trd, 000004.033, 163
Trd, 000004.083, 162
Trd, 000004.117, 148
Trd, 000004.750, 164
Trd, 000005.750, 159
Trd, 000006.450, 161
Trd, 000007.317, 159
Trd, 000007.817, 158
Trd, 000008.483, 162
Trd, 000008.683, 158
Trd, 000008.817, 158
Trd, 000010.267, 159
Trd, 000010.483, 160
Trd, 000011.817, 161
Trd, 000011.867, 161
Trd, 000011.917, 159
Trd, 000012.183, 162
Trd, 000014.233, 161
Trd, 000014.367, 161
Trd, 000014.383, 160
Trd, 000014.550, 162
Trd, 000014.917, 159
Trd, 000016.150, 162
Trd, 000016.283, 163
Trd, 000017.500, 164
Trd, 000017.717, 162
Trd, 000018.517, 164
Trd, 000018.733, 165
Trd, 000018.833, 161
Trd, 000019.083, 160
Trd, 000019.767, 160
Trd, 000020.483, 159
Trd, 000020.850, 159
Trd, 000021.367, 160
Trd, 000021.783, 160
Trd, 000022.467, 161
Trd, 000022.950, 158
Trd, 000023.683, 153
Trd, 000023.900, 161
Trd, 000025.317, 161
Trd, 000026.167, 161
Trd, 000026.333, 160
Trd, 000027.233, 161
Trd, 000027.267, 160
Trd, 000027.400, 162
Trd, 000028.750, 162
Trd, 000030.150, 163
Trd, 000030.900, 162
Trd, 000031.267, 161
Trd, 000031.283, 163
Trd, 000032.617, 162
Trd, 000033.517, 161
Trd, 000033.783, 162
Trd, 000034.783, 162
Trd, 000034.950, 162
Trd, 000036.150, 163
Trd, 000036.450, 165
Trd, 000037.483, 165
Trd, 000037.650, 163
Trd, 000038.333, 165
Trd, 000038.967, 163
Trd, 000039.267, 162
Trd, 000040.233, 162
Trd, 000041.400, 163
Trd, 000041.700, 162
Trd, 000041.883, 158
Trd, 000041.967, 154
Trd, 000042.717, 163
Trd, 000042.950, 162
Trd, 000044.833, 160
Trd, 000045.267, 159
Trd, 000045.833, 166
Trd, 000046.267, 160
Trd, 000046.417, 161
Trd, 000046.500, 164
Trd, 000048.700, 164
Trd, 000049.317, 164
Trd, 000049.450, 165
Trd, 000050.117, 164
Trd, 000050.600, 163
Trd, 000051.433, 163
Trd, 000051.633, 164
Trd, 000054.383, 164
Trd, 000054.767, 165
Trd, 000055.450, 165
Trd, 000055.750, 164
Trd, 000055.983, 163
Trd, 000057.033, 164
Trd, 000057.683, 176
Trd, 000058.033, 167
Trd, 000059.633, 168
Trd, 000059.650, 167
Trd, 000060.683, 168
Trd, 000061.150, 169
Trd, 000061.367, 171
Trd, 000062.567, 171
Trd, 000062.900, 178
Trd, 000063.317, 176
Trd, 000063.467, 175
Trd, 000064.300, 171
Trd, 000064.383, 178
Trd, 000064.667, 173
Trd, 000065.267, 166
Trd, 000065.983, 168
Trd, 000066.383, 173
Trd, 000066.667, 167
Trd, 000067.983, 169
Trd, 000068.633, 169
Trd, 000069.000, 168
Trd, 000069.850, 168
Trd, 000070.550, 169
Trd, 000070.783, 167
Trd, 000071.133, 169
Trd, 000071.267, 172
Trd, 000072.600, 169
Trd, 000072.933, 171
Trd, 000073.417, 168
Trd, 000073.900, 166
Trd, 000075.117, 164
Trd, 000075.500, 161
Trd, 000075.950, 168
Trd, 000076.350, 165
Trd, 000077.717, 163
Trd, 000077.917, 161
Trd, 000078.067, 164
Trd, 000079.200, 163
Trd, 000079.517, 166
Trd, 000080.833, 162
Trd, 000081.483, 165
Trd, 000082.117, 164
Trd, 000082.950, 165
Trd, 000084.050, 163
Trd, 000084.250, 164
Trd, 000085.150, 162
Trd, 000085.600, 163
Trd, 000086.633, 164
Trd, 000088.033, 164
Trd, 000088.817, 163
Trd, 000090.133, 165
Trd, 000090.217, 165
Trd, 000090.250, 166
Trd, 000090.600, 166
Trd, 000090.767, 165
Trd, 000091.167, 167
Trd, 000091.283, 171
Trd, 000091.783, 165
Trd, 000093.050, 167
Trd, 000093.167, 168
Trd, 000093.250, 169
Trd, 000093.783, 169
Trd, 000093.833, 170
Trd, 000094.767, 169
Trd, 000095.833, 168
Trd, 000097.183, 167
Trd, 000098.850, 151
Trd, 000099.450, 159
Trd, 000100.000, 159
Trd, 000100.417, 159
Trd, 000100.683, 158
Trd, 000101.117, 160
Trd, 000101.917, 160
Trd, 000102.150, 166
Trd, 000104.517, 168
Trd, 000105.083, 163
Trd, 000105.283, 165
Trd, 000105.683, 172
Trd, 000106.083, 175
Trd, 000106.117, 168
Trd, 000106.267, 169
Trd, 000106.283, 182
Trd, 000106.683, 170
Trd, 000109.400, 170
Trd, 000110.083, 170
Trd, 000110.217, 172
Trd, 000110.250, 172
Trd, 000110.617, 172
Trd, 000111.867, 171
Trd, 000112.467, 172
Trd, 000112.667, 173
Trd, 000113.300, 172
Trd, 000113.933, 173
Trd, 000114.217, 174
Trd, 000114.533, 174
Trd, 000115.967, 172
Trd, 000116.983, 171
Trd, 000117.283, 170
Trd, 000117.633, 170
Trd, 000118.333, 170
Trd, 000118.783, 183
Trd, 000118.800, 172
Trd, 000119.317, 172
Trd, 000119.833, 173
Trd, 000120.483, 172
Trd, 000120.550, 160
Trd, 000121.083, 174
Trd, 000121.700, 151
Trd, 000122.400, 171
Trd, 000122.733, 184
Trd, 000122.917, 194
Trd, 000123.083, 252
Trd, 000123.700, 265
Trd, 000123.717, 302
Trd, 000124.050, 316.0
Trd, 000124.117, 306.0
Trd, 000124.183, 317.0
Trd, 000124.483, 317
Trd, 000126.000, 314.0
Trd, 000127.367, 335
Trd, 000129.300, 358.0
Trd, 000129.350, 354
Trd, 000130.000, 358.0
Trd, 000130.083, 365.0
Trd, 000130.700, 364
Trd, 000131.483, 356
Trd, 000133.133, 358
Trd, 000133.733, 360
Trd, 000134.283, 362.0
Trd, 000134.617, 360
Trd, 000135.100, 362
Trd, 000136.950, 360
Trd, 000137.517, 359
Trd, 000137.617, 361
Trd, 000138.150, 360.0
Trd, 000138.383, 362.0
Trd, 000139.100, 359
Trd, 000141.933, 359
Trd, 000142.383, 358.0
Trd, 000144.217, 361
Trd, 000144.467, 359
Trd, 000144.983, 361
Trd, 000145.050, 360
Trd, 000145.267, 361
Trd, 000145.517, 360
Trd, 000146.083, 359.0
Trd, 000146.300, 358.0
Trd, 000146.533, 359
Trd, 000146.883, 362.0
Trd, 000148.150, 360
Trd, 000148.400, 359
Trd, 000148.500, 358
Trd, 000149.333, 359
Trd, 000150.483, 358.0
Trd, 000150.667, 360.0
Trd, 000150.883, 352
Trd, 000151.033, 348.0
Trd, 000151.617, 349
Trd, 000152.700, 358.0
Trd, 000153.133, 359
Trd, 000153.250, 360
Trd, 000154.583, 360
Trd, 000154.767, 362.0
Trd, 000156.117, 362
Trd, 000156.417, 362
Trd, 000156.567, 364
Trd, 000156.900, 364
Trd, 000157.133, 365.0
Trd, 000157.433, 372.0
Trd, 000157.517, 364
Trd, 000158.100, 374
Trd, 000159.133, 365
Trd, 000161.083, 362
Trd, 000162.350, 360
Trd, 000162.500, 360
Trd, 000162.783, 358.0
Trd, 000162.800, 350
Trd, 000162.917, 348.0
Trd, 000163.483, 359
Trd, 000164.600, 361
Trd, 000165.200, 361
Trd, 000165.417, 361.0
Trd, 000167.450, 359.0
Trd, 000167.817, 356
Trd, 000168.150, 362
Trd, 000169.067, 360
Trd, 000169.383, 360
Trd, 000170.133, 362.0
Trd, 000170.400, 360
Trd, 000170.500, 358.0
Trd, 000171.267, 360
Trd, 000171.650, 358.0
Trd, 000172.550, 361
Trd, 000172.833, 361
Trd, 000172.850, 351
Trd, 000173.033, 362.0
Trd, 000176.083, 357
Trd, 000176.267, 350
Trd, 000176.983, 350
Trd, 000177.400, 352
Trd, 000177.617, 349.0
Trd, 000177.950, 351
Trd, 000178.283, 353
Trd, 000180.850, 354
Trd, 000181.550, 353
Trd, 000183.217, 349
Trd, 000183.300, 348.0
Trd, 000183.967, 334.0
Trd, 000184.217, 303.0
Trd, 000184.333, 288
Trd, 000184.383, 234
Trd, 000184.550, 218
Trd, 000185.250, 183
Trd, 000185.650, 186
Trd, 000185.683, 181
Trd, 000185.750, 179
Trd, 000187.833, 178
Trd, 000187.883, 181
Trd, 000189.267, 178
Trd, 000189.683, 176
Trd, 000190.467, 179
Trd, 000190.617, 179
Trd, 000191.667, 177
Trd, 000192.067, 177
Trd, 000192.567, 180
Trd, 000192.917, 178
Trd, 000194.233, 182
Trd, 000195.150, 178
Trd, 000195.500, 177
Trd, 000196.150, 180
Trd, 000196.217, 181
Trd, 000196.967, 181
Trd, 000197.983, 179
Trd, 000198.900, 179
Trd, 000200.067, 179
Trd, 000200.517, 179
Trd, 000200.700, 180
Trd, 000201.850, 178
Trd, 000201.867, 178
Trd, 000201.933, 170
Trd, 000202.083, 179
Trd, 000202.700, 168
Trd, 000203.567, 169
Trd, 000204.583, 171
Trd, 000205.300, 169
Trd, 000205.417, 170
Trd, 000205.450, 171
Trd, 000206.400, 171
Trd, 000207.500, 170
Trd, 000207.733, 170
Trd, 000208.233, 169
Trd, 000208.600, 169
Trd, 000208.683, 171
Trd, 000208.933, 175
Trd, 000210.117, 179
Trd, 000210.167, 183
Trd, 000210.750, 178
Trd, 000211.150, 177
Trd, 000211.733, 176
Trd, 000212.767, 175
Trd, 000213.017, 177
Trd, 000213.350, 176
Trd, 000214.467, 176
Trd, 000215.533, 175
Trd, 000215.733, 176
Trd, 000216.283, 174
Trd, 000216.483, 174
Trd, 000216.583, 176
Trd, 000218.817, 176
Trd, 000219.017, 177
Trd, 000219.317, 176
Trd, 000220.717, 176
Trd, 000221.033, 179
Trd, 000221.567, 180
Trd, 000221.983, 181
Trd, 000222.050, 180
Trd, 000222.500, 180
Trd, 000224.100, 180
Trd, 000225.517, 179
Trd, 000225.717, 179
Trd, 000226.167, 179
Trd, 000226.750, 178
Trd, 000227.000, 177
Trd, 000227.133, 181
Trd, 000227.433, 180
Trd, 000227.767, 178
Trd, 000229.967, 184
Trd, 000231.150, 181
Trd, 000231.433, 185
Trd, 000231.550, 179
Trd, 000233.400, 185
Trd, 000233.783, 180
Trd, 000233.817, 179
Trd, 000233.850, 181
Trd, 000235.283, 179
Trd, 000235.383, 181
Trd, 000236.333, 179
Trd, 000236.650, 181
Trd, 000237.167, 181
Trd, 000239.250, 182
Trd, 000240.200, 183
Trd, 000240.350, 184
Trd, 000240.383, 182
Trd, 000240.467, 182
Trd, 000240.483, 183
Trd, 000240.617, 185
Trd, 000241.017, 184
Trd, 000241.417, 182
Trd, 000242.100, 181
Trd, 000242.333, 186
Trd, 000243.667, 182
Trd, 000244.267, 181
Trd, 000244.367, 182
Trd, 000244.467, 179
Trd, 000244.800, 180
Trd, 000245.517, 182
Trd, 000245.700, 183
Trd, 000245.983, 182
Trd, 000246.050, 186
Trd, 000246.917, 182
Trd, 000247.200, 186
Trd, 000247.267, 189
Trd, 000248.417, 186
Trd, 000248.683, 185
Trd, 000249.183, 183
Trd, 000249.333, 182
Trd, 000250.367, 186
Trd, 000251.150, 183
Trd, 000252.133, 186
Trd, 000252.717, 185
Trd, 000253.583, 185
Trd, 000253.900, 186
Trd, 000254.300, 186
Trd, 000254.483, 180
Trd, 000254.700, 184
Trd, 000254.883, 181
Trd, 000255.283, 179
Trd, 000255.550, 175
Trd, 000255.783, 177
Trd, 000256.050, 180
Trd, 000256.183, 183
Trd, 000256.783, 184
Trd, 000257.333, 183
Trd, 000259.367, 184
Trd, 000260.000, 184
Trd, 000260.567, 185
Trd, 000260.717, 186
Trd, 000260.900, 183
Trd, 000261.050, 186
Trd, 000261.183, 181
Trd, 000261.867, 184
Trd, 000262.033, 176
Trd, 000262.617, 188
Trd, 000262.800, 184
Trd, 000263.083, 187
Trd, 000263.533, 181
Trd, 000264.350, 182
Trd, 000264.700, 184
Trd, 000264.900, 184
Trd, 000265.133, 185
Trd, 000266.067, 184
Trd, 000266.383, 184
Trd, 000266.483, 182
Trd, 000266.967, 180
Trd, 000267.933, 188
Trd, 000268.200, 187
Trd, 000268.867, 185
Trd, 000269.000, 184
Trd, 000269.467, 183
Trd, 000270.350, 184
Trd, 000270.433, 185
Trd, 000271.017, 185
Trd, 000271.683, 189
Trd, 000271.883, 187
Trd, 000272.317, 191
Trd, 000273.317, 187
Trd, 000274.583, 185
Trd, 000274.700, 187
Trd, 000275.133, 189
Trd, 000275.150, 184
Trd, 000275.750, 187
Trd, 000276.083, 185
Trd, 000276.417, 186
Trd, 000277.200, 188
Trd, 000278.117, 188
Trd, 000278.333, 185
Trd, 000278.733, 189
Trd, 000278.833, 189
Trd, 000280.750, 187
Trd, 000280.767, 186
Trd, 000282.483, 187
Trd, 000283.017, 186
Trd, 000283.050, 188
Trd, 000283.217, 183
Trd, 000283.400, 190
Trd, 000283.583, 183
Trd, 000284.217, 177
Trd, 000284.367, 181
Trd, 000284.917, 178
Trd, 000285.067, 176
Trd, 000285.883, 181
Trd, 000286.533, 181
Trd, 000287.350, 187
Trd, 000287.683, 179
Trd, 000288.050, 184
Trd, 000288.083, 184
Trd, 000289.700, 185
Trd, 000289.900, 190
Trd, 000290.217, 190
Trd, 000290.833, 194
Trd, 000290.867, 190
Trd, 000290.983, 188
Trd, 000291.250, 186
Trd, 000291.350, 184
Trd, 000291.800, 186
Trd, 000292.567, 201
Trd, 000292.583, 193
Trd, 000292.900, 203
Trd, 000293.550, 197
Trd, 000293.683, 195
Trd, 000294.100, 195
Trd, 000294.567, 193
Trd, 000294.800, 199
Trd, 000296.033, 184
Trd, 000296.133, 177
Trd, 000296.600, 193
Trd, 000296.633, 200
Trd, 000296.867, 191
Trd, 000297.483, 188
Trd, 000297.833, 188
Trd, 000299.050, 190
Trd, 000299.450, 189
Trd, 000299.500, 191
Trd, 000299.583, 188
Trd, 000299.683, 191
Trd, 000299.800, 192
Trd, 000299.900, 195
Trd, 000299.967, 198
