Trd, 000001.917, 128
Trd, 000002.833, 133
Trd, 000003.400, 128
Trd, 000004.267, 134
Trd, 000004.417, 131
Trd, 000004.683, 134
Trd, 000005.083, 141
Trd, 000006.517, 143
Trd, 000007.500, 143
Trd, 000007.550, 144
Trd, 000008.333, 143
Trd, 000008.433, 156
Trd, 000008.783, 161
Trd, 000009.850, 159
Trd, 000010.317, 161
Trd, 000010.933, 159
Trd, 000011.150, 158
Trd, 000011.950, 159
Trd, 000012.317, 160
Trd, 000012.833, 159
Trd, 000013.033, 161
Trd, 000013.467, 149
Trd, 000013.667, 158
Trd, 000014.483, 157
Trd, 000014.567, 160
Trd, 000015.033, 157
Trd, 000016.133, 158
Trd, 000016.600, 160
Trd, 000017.517, 160
Trd, 000017.883, 166
Trd, 000019.100, 160
Trd, 000019.833, 160
Trd, 000020.117, 159
Trd, 000021.017, 159
Trd, 000021.383, 158
Trd, 000021.433, 160
Trd, 000021.550, 160
Trd, 000022.450, 156
Trd, 000022.933, 143
Trd, 000022.967, 126
Trd, 000023.417, 164
Trd, 000024.733, 153
Trd, 000025.033, 153
Trd, 000025.533, 158
Trd, 000025.767, 152
Trd, 000027.717, 154
Trd, 000028.717, 151
Trd, 000029.550, 156
Trd, 000029.783, 157
Trd, 000030.483, 156
Trd, 000031.283, 155
Trd, 000031.383, 154
Trd, 000031.483, 154
Trd, 000031.500, 153
Trd, 000033.483, 155
Trd, 000033.717, 165
Trd, 000034.433, 164
Trd, 000034.450, 154
Trd, 000034.533, 154
Trd, 000035.700, 153
Trd, 000035.950, 157
Trd, 000036.117, 158
Trd, 000037.067, 159
Trd, 000037.100, 152
Trd, 000037.917, 151
Trd, 000038.150, 161
Trd, 000039.283, 152
Trd, 000039.633, 158
Trd, 000039.817, 159
Trd, 000040.633, 159
Trd, 000041.433, 157
Trd, 000042.067, 158
Trd, 000042.117, 157
Trd, 000042.283, 154
Trd, 000042.467, 153
Trd, 000043.083, 159
Trd, 000043.533, 156
Trd, 000044.900, 157
Trd, 000045.283, 158
Trd, 000045.367, 156
Trd, 000046.083, 158
Trd, 000046.217, 159
Trd, 000046.500, 169
Trd, 000046.867, 163
Trd, 000047.550, 167
Trd, 000049.667, 165
Trd, 000049.783, 165
Trd, 000050.300, 165
Trd, 000050.317, 164
Trd, 000050.650, 163
Trd, 000051.200, 154
Trd, 000051.583, 151
Trd, 000052.017, 158
Trd, 000052.150, 152
Trd, 000052.667, 146
Trd, 000053.133, 159
Trd, 000054.617, 149
Trd, 000056.400, 151
Trd, 000056.567, 155
Trd, 000058.267, 155
Trd, 000058.600, 155
Trd, 000058.900, 153
Trd, 000059.317, 151
Trd, 000059.617, 150
Trd, 000060.067, 155
Trd, 000060.117, 154
Trd, 000060.650, 155
Trd, 000061.400, 149
Trd, 000062.183, 167
Trd, 000062.250, 168
Trd, 000062.767, 147
Trd, 000063.233, 157
Trd, 000064.900, 156
Trd, 000065.950, 156
Trd, 000066.517, 164
Trd, 000066.733, 165
Trd, 000068.000, 168
Trd, 000068.217, 162
Trd, 000068.300, 163
Trd, 000069.483, 162
Trd, 000069.667, 162
Trd, 000069.867, 162
Trd, 000070.500, 169
Trd, 000070.967, 163
Trd, 000072.483, 161
Trd, 000073.150, 160
Trd, 000074.117, 162
Trd, 000074.483, 162
Trd, 000075.017, 162
Trd, 000075.800, 162
Trd, 000075.950, 159
Trd, 000075.967, 162
Trd, 000076.783, 162
Trd, 000077.117, 163
Trd, 000078.233, 161
Trd, 000078.350, 160
Trd, 000078.833, 160
Trd, 000079.317, 161
Trd, 000079.600, 159
Trd, 000079.717, 161
Trd, 000081.667, 166
Trd, 000081.883, 159
Trd, 000083.400, 157
Trd, 000083.950, 162
Trd, 000084.417, 161
Trd, 000085.050, 161
Trd, 000086.717, 160
Trd, 000087.067, 161
Trd, 000087.683, 161
Trd, 000089.033, 162
Trd, 000089.667, 161
Trd, 000089.750, 163
Trd, 000089.833, 164
Trd, 000090.667, 160
Trd, 000091.033, 162
Trd, 000092.017, 161
Trd, 000093.000, 160
Trd, 000093.550, 161
Trd, 000093.983, 162
Trd, 000094.500, 161
Trd, 000095.333, 160
Trd, 000095.367, 159
Trd, 000095.883, 159
Trd, 000096.500, 159
Trd, 000097.033, 159
Trd, 000097.217, 163
Trd, 000098.500, 164
Trd, 000098.600, 164
Trd, 000100.267, 165
Trd, 000101.267, 166
Trd, 000101.733, 165
Trd, 000101.833, 166
Trd, 000102.383, 166
Trd, 000102.750, 172
Trd, 000103.733, 165
Trd, 000104.033, 165
Trd, 000104.183, 167
Trd, 000104.400, 165
Trd, 000105.683, 165
Trd, 000105.767, 165
Trd, 000106.200, 166
Trd, 000106.600, 165
Trd, 000107.433, 164
Trd, 000107.467, 166
Trd, 000107.600, 161
Trd, 000108.083, 159
Trd, 000109.933, 164
Trd, 000110.150, 165
Trd, 000110.417, 158
Trd, 000111.083, 165
Trd, 000111.883, 155
Trd, 000113.433, 164
Trd, 000113.967, 164
Trd, 000114.233, 164
Trd, 000114.350, 164
Trd, 000115.017, 176
Trd, 000115.417, 179
Trd, 000116.000, 170
Trd, 000116.350, 186
Trd, 000117.417, 170
Trd, 000117.533, 173
Trd, 000117.700, 169
Trd, 000118.017, 174
Trd, 000118.867, 169
Trd, 000119.700, 170
Trd, 000119.767, 168
Trd, 000120.533, 167
Trd, 000121.267, 169
Trd, 000121.333, 174
Trd, 000121.517, 175
Trd, 000121.800, 177
Trd, 000122.067, 180
Trd, 000122.283, 187
Trd, 000122.600, 195
Trd, 000122.633, 200
Trd, 000122.667, 215
Trd, 000122.950, 304
Trd, 000123.783, 264
Trd, 000124.333, 314
Trd, 000125.683, 314
Trd, 000126.567, 321
Trd, 000127.000, 334.0
Trd, 000129.267, 330
Trd, 000129.450, 336
Trd, 000130.150, 334
Trd, 000130.250, 344.0
Trd, 000131.233, 342.0
Trd, 000131.667, 343
Trd, 000131.767, 342
Trd, 000131.800, 344.0
Trd, 000132.367, 348.0
Trd, 000132.517, 360
Trd, 000133.083, 347
Trd, 000134.350, 347
Trd, 000134.783, 348
Trd, 000134.967, 347
Trd, 000135.633, 350
Trd, 000136.300, 351
Trd, 000137.483, 350
Trd, 000138.617, 348.0
Trd, 000139.850, 351
Trd, 000140.250, 349
Trd, 000140.617, 349
Trd, 000141.450, 349
Trd, 000141.850, 348
Trd, 000142.133, 350
Trd, 000142.550, 352
Trd, 000144.133, 360.0
Trd, 000144.233, 350
Trd, 000144.383, 349
Trd, 000146.267, 351
Trd, 000146.467, 351
Trd, 000147.317, 347
Trd, 000147.767, 348
Trd, 000148.067, 343
Trd, 000148.133, 348
Trd, 000148.633, 343
Trd, 000148.867, 348.0
Trd, 000151.133, 349
Trd, 000151.283, 362.0
Trd, 000151.517, 346
Trd, 000152.833, 351
Trd, 000153.233, 348
Trd, 000153.883, 349
Trd, 000153.900, 348
Trd, 000154.483, 343
Trd, 000154.800, 353
Trd, 000155.700, 350
Trd, 000156.050, 350
Trd, 000156.083, 348.0
Trd, 000156.517, 354.0
Trd, 000156.583, 346
Trd, 000157.083, 350
Trd, 000157.433, 348
Trd, 000158.417, 352
Trd, 000159.133, 352.0
Trd, 000159.167, 355.0
Trd, 000160.650, 352
Trd, 000160.733, 350
Trd, 000161.017, 348.0
Trd, 000161.483, 347
Trd, 000162.933, 351
Trd, 000163.500, 349
Trd, 000163.967, 342
Trd, 000165.533, 346
Trd, 000165.567, 341.0
Trd, 000167.083, 347
Trd, 000167.433, 348
Trd, 000167.583, 351
Trd, 000168.300, 348.0
Trd, 000169.417, 347.0
Trd, 000170.117, 348
Trd, 000170.483, 346
Trd, 000171.567, 348
Trd, 000172.183, 346
Trd, 000172.250, 345
Trd, 000173.383, 349
Trd, 000173.950, 349
Trd, 000175.100, 350
Trd, 000175.183, 348
Trd, 000175.883, 350
Trd, 000176.617, 347
Trd, 000176.783, 341.0
Trd, 000177.000, 350
Trd, 000177.083, 352
Trd, 000177.367, 348.0
Trd, 000179.133, 352
Trd, 000179.317, 355.0
Trd, 000180.417, 356
Trd, 000180.550, 353
Trd, 000180.917, 356
Trd, 000181.517, 355
Trd, 000181.683, 353
Trd, 000181.883, 349
Trd, 000182.050, 348
Trd, 000182.250, 348.0
Trd, 000182.683, 341.0
Trd, 000183.117, 340
Trd, 000183.767, 316
Trd, 000184.017, 313.0
Trd, 000184.033, 217
Trd, 000184.950, 264
Trd, 000185.050, 218
Trd, 000186.750, 201
Trd, 000186.767, 197
Trd, 000186.883, 195
Trd, 000186.933, 186
Trd, 000187.483, 187
Trd, 000188.117, 184
Trd, 000188.350, 181
Trd, 000189.200, 179
Trd, 000190.417, 180
Trd, 000191.550, 179
Trd, 000192.100, 179
Trd, 000192.167, 177
Trd, 000194.583, 179
Trd, 000195.100, 180
Trd, 000195.383, 178
Trd, 000195.933, 181
Trd, 000197.700, 180
Trd, 000198.033, 177
Trd, 000198.100, 180
Trd, 000198.117, 181
Trd, 000198.650, 177
Trd, 000199.750, 169
Trd, 000199.967, 176
Trd, 000200.767, 175
Trd, 000200.817, 175
Trd, 000201.050, 174
Trd, 000201.633, 176
Trd, 000202.067, 175
Trd, 000202.083, 176
Trd, 000203.600, 177
Trd, 000204.933, 176
Trd, 000205.600, 176
Trd, 000206.000, 180
Trd, 000208.767, 179
Trd, 000208.817, 180
Trd, 000209.150, 179
Trd, 000209.433, 180
Trd, 000209.717, 178
Trd, 000210.083, 176
Trd, 000210.650, 179
Trd, 000211.083, 179
Trd, 000212.217, 178
Trd, 000212.233, 179
Trd, 000213.250, 180
Trd, 000213.583, 180
Trd, 000213.783, 183
Trd, 000214.117, 179
Trd, 000216.267, 179
Trd, 000216.283, 178
Trd, 000216.967, 180
Trd, 000217.217, 180
Trd, 000217.517, 171
Trd, 000217.550, 183
Trd, 000218.150, 190
Trd, 000220.383, 182
Trd, 000220.533, 179
Trd, 000221.417, 181
Trd, 000221.900, 182
Trd, 000222.533, 180
Trd, 000222.650, 181
Trd, 000222.867, 180
Trd, 000222.933, 179
Trd, 000223.867, 177
Trd, 000224.500, 184
Trd, 000225.250, 176
Trd, 000226.050, 175
Trd, 000227.367, 181
Trd, 000227.583, 182
Trd, 000227.850, 178
Trd, 000229.550, 180
Trd, 000229.783, 182
Trd, 000229.817, 178
Trd, 000230.450, 187
Trd, 000230.650, 179
Trd, 000230.667, 182
Trd, 000231.900, 184
Trd, 000232.050, 181
Trd, 000233.183, 173
Trd, 000233.633, 180
Trd, 000234.033, 178
Trd, 000234.300, 185
Trd, 000235.550, 182
Trd, 000235.633, 177
Trd, 000235.783, 183
Trd, 000237.383, 175
Trd, 000237.867, 182
Trd, 000238.083, 183
Trd, 000238.750, 181
Trd, 000239.283, 175
Trd, 000240.150, 176
Trd, 000240.567, 175
Trd, 000240.733, 176
Trd, 000241.000, 173
Trd, 000241.017, 173
Trd, 000241.650, 175
Trd, 000242.800, 175
Trd, 000242.950, 173
Trd, 000243.050, 175
Trd, 000243.517, 176
Trd, 000244.233, 177
Trd, 000244.267, 175
Trd, 000244.483, 180
Trd, 000245.050, 174
Trd, 000246.350, 175
Trd, 000247.633, 174
Trd, 000248.050, 173
Trd, 000248.383, 176
Trd, 000248.850, 173
Trd, 000248.933, 172
Trd, 000249.250, 176
Trd, 000249.317, 176
Trd, 000249.750, 177
Trd, 000250.050, 180
Trd, 000250.667, 175
Trd, 000250.783, 178
Trd, 000251.000, 179
Trd, 000251.983, 176
Trd, 000252.483, 176
Trd, 000252.650, 178
Trd, 000252.850, 176
Trd, 000253.333, 174
Trd, 000253.550, 173
Trd, 000254.200, 172
Trd, 000254.967, 173
Trd, 000255.467, 172
Trd, 000255.783, 174
Trd, 000256.000, 175
Trd, 000256.450, 179
Trd, 000256.550, 178
Trd, 000257.167, 178
Trd, 000257.217, 179
Trd, 000257.233, 175
Trd, 000257.367, 180
Trd, 000258.100, 183
Trd, 000258.850, 179
Trd, 000259.367, 173
Trd, 000259.967, 171
Trd, 000260.933, 175
Trd, 000261.250, 175
Trd, 000261.467, 174
Trd, 000262.067, 175
Trd, 000262.133, 176
Trd, 000262.533, 175
Trd, 000262.583, 176
Trd, 000262.850, 170
Trd, 000263.467, 171
Trd, 000263.867, 172
Trd, 000264.233, 170
Trd, 000264.300, 174
Trd, 000264.450, 176
Trd, 000265.350, 175
Trd, 000265.583, 167
Trd, 000265.983, 171
Trd, 000266.283, 167
Trd, 000266.350, 172
Trd, 000266.400, 172
Trd, 000267.500, 164
Trd, 000267.633, 171
Trd, 000268.650, 171
Trd, 000270.100, 171
Trd, 000270.533, 175
Trd, 000270.850, 176
Trd, 000271.133, 180
Trd, 000271.333, 182
Trd, 000271.867, 179
Trd, 000272.167, 179
Trd, 000272.233, 179
Trd, 000272.750, 189
Trd, 000273.767, 179
Trd, 000273.917, 182
Trd, 000274.100, 179
Trd, 000274.433, 179
Trd, 000274.467, 177
Trd, 000274.567, 175
Trd, 000275.483, 165
Trd, 000276.083, 166
Trd, 000276.267, 162
Trd, 000276.367, 169
Trd, 000276.517, 164
Trd, 000276.633, 176
Trd, 000277.167, 177
Trd, 000277.683, 181
Trd, 000278.000, 178
Trd, 000278.050, 182
Trd, 000278.433, 171
Trd, 000279.550, 181
Trd, 000279.800, 183
Trd, 000281.200, 185
Trd, 000281.317, 186
Trd, 000281.583, 188
Trd, 000281.850, 190
Trd, 000282.900, 193
Trd, 000283.017, 196
Trd, 000283.083, 192
Trd, 000283.100, 191
Trd, 000283.117, 190
Trd, 000284.033, 189
Trd, 000284.417, 187
Trd, 000284.650, 189
Trd, 000284.900, 183
Trd, 000285.067, 185
Trd, 000285.300, 187
Trd, 000286.400, 188
Trd, 000286.633, 184
Trd, 000286.933, 183
Trd, 000287.017, 178
Trd, 000288.367, 186
Trd, 000288.600, 187
Trd, 000288.750, 182
Trd, 000290.117, 186
Trd, 000290.800, 185
Trd, 000291.483, 185
Trd, 000291.667, 188
Trd, 000291.933, 188
Trd, 000292.783, 185
Trd, 000293.250, 187
Trd, 000293.417, 185
Trd, 000294.833, 188
Trd, 000296.017, 192
Trd, 000296.450, 184
Trd, 000296.467, 184
Trd, 000296.517, 191
Trd, 000296.950, 183
Trd, 000297.367, 181
Trd, 000297.783, 180
Trd, 000297.817, 189
Trd, 000298.133, 179
Trd, 000299.367, 181
Trd, 000299.467, 184
Trd, 000299.683, 181
Trd, 000299.850, 185
Trd, 000299.933, 180
