Trd, 000001.617, 137
Trd, 000002.083, 160
Trd, 000002.300, 153
Trd, 000003.583, 134
Trd, 000003.933, 134
Trd, 000004.117, 161
Trd, 000004.333, 133
Trd, 000004.383, 159
Trd, 000005.267, 160
Trd, 000005.567, 155
Trd, 000006.333, 160
Trd, 000006.383, 135
Trd, 000008.400, 140
Trd, 000009.067, 144
Trd, 000009.117, 145
Trd, 000009.900, 144
Trd, 000010.033, 144
Trd, 000010.050, 143
Trd, 000011.317, 142
Trd, 000011.883, 141
Trd, 000012.183, 141
Trd, 000012.700, 141
Trd, 000012.900, 142
Trd, 000012.917, 140
Trd, 000013.050, 143
Trd, 000013.067, 149
Trd, 000014.083, 156
Trd, 000014.217, 139
Trd, 000016.200, 144
Trd, 000016.217, 142
Trd, 000016.433, 145
Trd, 000016.500, 151
Trd, 000017.000, 152
Trd, 000017.067, 169
Trd, 000017.217, 146
Trd, 000018.917, 152
Trd, 000019.600, 151
Trd, 000020.267, 151
Trd, 000020.783, 151
Trd, 000021.067, 150
Trd, 000021.350, 151
Trd, 000021.383, 168
Trd, 000021.400, 170
Trd, 000022.200, 169
Trd, 000022.483, 168
Trd, 000022.500, 154
Trd, 000023.783, 166
Trd, 000024.950, 138
Trd, 000025.467, 152
Trd, 000026.000, 158
Trd, 000026.983, 154
Trd, 000027.183, 157
Trd, 000027.483, 156
Trd, 000027.583, 151
Trd, 000027.700, 150
Trd, 000028.750, 148
Trd, 000030.117, 143
Trd, 000030.350, 139
Trd, 000031.617, 139
Trd, 000031.667, 140
Trd, 000031.783, 142
Trd, 000031.950, 137
Trd, 000031.983, 142
Trd, 000032.100, 143
Trd, 000032.300, 136
Trd, 000033.233, 140
Trd, 000033.733, 138
Trd, 000034.217, 138
Trd, 000034.483, 139
Trd, 000035.117, 147
Trd, 000035.150, 138
Trd, 000035.750, 140
Trd, 000036.017, 152
Trd, 000037.033, 145
Trd, 000037.350, 150
Trd, 000038.733, 148
Trd, 000038.883, 151
Trd, 000039.400, 152
Trd, 000039.417, 154
Trd, 000040.017, 149
Trd, 000040.450, 162
Trd, 000040.600, 152
Trd, 000042.883, 153
Trd, 000043.650, 158
Trd, 000043.950, 152
Trd, 000044.317, 158
Trd, 000044.817, 151
Trd, 000044.900, 159
Trd, 000045.583, 155
Trd, 000046.783, 152
Trd, 000047.583, 153
Trd, 000047.700, 152
Trd, 000047.817, 154
Trd, 000047.883, 155
Trd, 000048.350, 153
Trd, 000048.450, 148
Trd, 000050.350, 142
Trd, 000050.483, 150
Trd, 000050.667, 140
Trd, 000051.000, 146
Trd, 000051.500, 143
Trd, 000051.717, 143
Trd, 000052.167, 147
Trd, 000053.467, 146
Trd, 000054.217, 146
Trd, 000054.317, 148
Trd, 000054.417, 149
Trd, 000054.683, 146
Trd, 000055.733, 150
Trd, 000056.350, 148
Trd, 000056.633, 149
Trd, 000056.683, 150
Trd, 000056.867, 151
Trd, 000056.983, 154
Trd, 000057.300, 148
Trd, 000057.817, 141
Trd, 000058.217, 150
Trd, 000059.033, 154
Trd, 000060.133, 154
Trd, 000060.233, 167
Trd, 000060.250, 169
Trd, 000061.200, 157
Trd, 000062.450, 156
Trd, 000063.350, 162
Trd, 000063.567, 160
Trd, 000064.850, 154
Trd, 000064.867, 153
Trd, 000064.950, 142
Trd, 000065.083, 156
Trd, 000065.617, 155
Trd, 000066.233, 151
Trd, 000066.717, 147
Trd, 000067.117, 142
Trd, 000067.217, 148
Trd, 000067.317, 151
Trd, 000068.150, 151
Trd, 000068.450, 155
Trd, 000069.033, 156
Trd, 000070.417, 158
Trd, 000071.200, 150
Trd, 000072.000, 157
Trd, 000072.150, 157
Trd, 000072.567, 155
Trd, 000072.683, 158
Trd, 000073.483, 158
Trd, 000073.767, 157
Trd, 000074.283, 174
Trd, 000074.967, 151
Trd, 000075.550, 157
Trd, 000075.700, 148
Trd, 000077.167, 154
Trd, 000077.533, 156
Trd, 000077.600, 156
Trd, 000079.250, 155
Trd, 000079.817, 155
Trd, 000080.117, 154
Trd, 000080.600, 153
Trd, 000080.617, 155
Trd, 000081.317, 159
Trd, 000082.267, 145
Trd, 000082.600, 145
Trd, 000083.867, 152
Trd, 000083.900, 153
Trd, 000084.050, 154
Trd, 000084.150, 154
Trd, 000084.633, 149
Trd, 000085.633, 153
Trd, 000085.750, 154
Trd, 000087.100, 151
Trd, 000087.617, 149
Trd, 000088.367, 149
Trd, 000088.600, 149
Trd, 000089.300, 149
Trd, 000090.017, 147
Trd, 000090.150, 153
Trd, 000090.250, 157
Trd, 000090.600, 153
Trd, 000090.617, 143
Trd, 000090.633, 139
Trd, 000091.817, 157
Trd, 000092.400, 160
Trd, 000093.467, 152
Trd, 000093.483, 153
Trd, 000093.850, 147
Trd, 000094.883, 150
Trd, 000094.917, 149
Trd, 000095.033, 154
Trd, 000096.450, 152
Trd, 000096.583, 152
Trd, 000096.800, 153
Trd, 000097.500, 153
Trd, 000098.683, 152
Trd, 000098.817, 153
Trd, 000098.883, 150
Trd, 000099.300, 154
Trd, 000099.333, 156
Trd, 000101.767, 154
Trd, 000102.067, 157
Trd, 000102.200, 158
Trd, 000102.417, 152
Trd, 000104.083, 154
Trd, 000104.233, 150
Trd, 000105.000, 152
Trd, 000105.317, 153
Trd, 000105.817, 151
Trd, 000105.917, 152
Trd, 000105.983, 150
Trd, 000106.783, 150
Trd, 000107.400, 153
Trd, 000108.067, 154
Trd, 000108.417, 149
Trd, 000108.533, 175
Trd, 000109.517, 155
Trd, 000110.183, 150
Trd, 000110.567, 150
Trd, 000110.800, 149
Trd, 000111.533, 150
Trd, 000111.667, 159
Trd, 000112.083, 179
Trd, 000112.483, 154
Trd, 000113.167, 156
Trd, 000113.567, 157
Trd, 000113.833, 156
Trd, 000113.883, 154
Trd, 000115.183, 156
Trd, 000115.317, 158
Trd, 000116.133, 158
Trd, 000116.367, 159
Trd, 000116.433, 159
Trd, 000116.583, 157
Trd, 000116.817, 163
Trd, 000117.050, 155
Trd, 000119.067, 156
Trd, 000119.250, 156
Trd, 000119.483, 154
Trd, 000119.567, 155
Trd, 000119.617, 160
Trd, 000120.767, 155
Trd, 000120.833, 148
Trd, 000121.717, 156
Trd, 000122.100, 165
Trd, 000122.200, 180
Trd, 000122.450, 187
Trd, 000122.667, 212
Trd, 000122.767, 154
Trd, 000122.933, 298
Trd, 000123.167, 300.0
Trd, 000124.317, 320.0
Trd, 000124.983, 337.0
Trd, 000125.433, 338
Trd, 000126.367, 337
Trd, 000127.117, 342.0
Trd, 000129.017, 334.0
Trd, 000129.983, 337.0
Trd, 000130.533, 336
Trd, 000130.900, 343
Trd, 000132.117, 341
Trd, 000132.283, 343.0
Trd, 000132.350, 340
Trd, 000132.717, 344.0
Trd, 000133.683, 343
Trd, 000133.883, 345
Trd, 000135.600, 339
Trd, 000136.767, 340
Trd, 000136.850, 343.0
Trd, 000136.867, 344.0
Trd, 000138.300, 337.0
Trd, 000138.733, 335
Trd, 000139.150, 339
Trd, 000140.000, 335
Trd, 000140.200, 334.0
Trd, 000140.350, 333
Trd, 000141.183, 334
Trd, 000141.583, 334.0
Trd, 000141.867, 335
Trd, 000142.250, 336.0
Trd, 000142.817, 337.0
Trd, 000143.050, 340
Trd, 000143.150, 336
Trd, 000144.217, 332
Trd, 000144.867, 341
Trd, 000145.650, 337
Trd, 000146.000, 336
Trd, 000146.250, 337
Trd, 000147.850, 339
Trd, 000149.083, 345
Trd, 000149.450, 344.0
Trd, 000149.750, 337
Trd, 000149.967, 348
Trd, 000151.117, 347
Trd, 000151.683, 340
Trd, 000152.500, 341
Trd, 000152.667, 339
Trd, 000152.967, 341
Trd, 000153.050, 342
Trd, 000153.650, 366.0
Trd, 000154.550, 340
Trd, 000154.983, 338
Trd, 000156.000, 343.0
Trd, 000156.383, 344.0
Trd, 000157.283, 337
Trd, 000158.817, 339
Trd, 000159.050, 336
Trd, 000159.417, 340
Trd, 000159.617, 333
Trd, 000161.067, 336.0
Trd, 000161.133, 337.0
Trd, 000162.017, 334.0
Trd, 000162.550, 333
Trd, 000163.333, 333
Trd, 000163.367, 334
Trd, 000163.800, 337.0
Trd, 000164.833, 334
Trd, 000164.883, 336
Trd, 000166.083, 344.0
Trd, 000166.233, 368.0
Trd, 000167.150, 339
Trd, 000167.800, 345
Trd, 000168.450, 346
Trd, 000169.617, 346
Trd, 000169.650, 350
Trd, 000170.733, 346
Trd, 000171.217, 345
Trd, 000171.917, 346
Trd, 000172.117, 344.0
Trd, 000172.317, 349
Trd, 000172.617, 350
Trd, 000173.800, 349
Trd, 000173.833, 350
Trd, 000174.717, 348
Trd, 000174.950, 350
Trd, 000175.517, 351
Trd, 000175.950, 351
Trd, 000176.033, 368.0
Trd, 000176.700, 353
Trd, 000177.617, 354
Trd, 000177.633, 349
Trd, 000177.783, 357
Trd, 000180.950, 348
Trd, 000180.983, 365.0
Trd, 000181.567, 347
Trd, 000181.767, 347
Trd, 000181.950, 336
Trd, 000183.617, 334.0
Trd, 000183.633, 330
Trd, 000184.150, 320.0
Trd, 000184.167, 218
Trd, 000184.283, 198
Trd, 000184.383, 207
Trd, 000185.050, 195
Trd, 000185.233, 332
Trd, 000185.450, 176
Trd, 000186.050, 201
Trd, 000186.717, 163
Trd, 000186.750, 161
Trd, 000187.100, 197
Trd, 000187.983, 153
Trd, 000188.050, 153
Trd, 000188.233, 154
Trd, 000189.483, 154
Trd, 000189.800, 156
Trd, 000190.017, 154
Trd, 000190.067, 156
Trd, 000191.400, 153
Trd, 000192.200, 156
Trd, 000192.483, 163
Trd, 000193.517, 161
Trd, 000193.900, 169
Trd, 000195.167, 163
Trd, 000195.517, 161
Trd, 000196.217, 164
Trd, 000196.600, 165
Trd, 000196.683, 162
Trd, 000197.283, 164
Trd, 000198.700, 166
Trd, 000198.950, 167
Trd, 000199.300, 165
Trd, 000199.850, 167
Trd, 000200.733, 157
Trd, 000201.517, 167
Trd, 000202.500, 166
Trd, 000204.033, 166
Trd, 000204.233, 162
Trd, 000204.250, 168
Trd, 000204.400, 161
Trd, 000204.900, 162
Trd, 000205.000, 163
Trd, 000205.233, 164
Trd, 000206.717, 167
Trd, 000207.450, 167
Trd, 000207.650, 166
Trd, 000208.183, 166
Trd, 000208.950, 169
Trd, 000209.417, 167
Trd, 000209.483, 169
Trd, 000209.967, 168
Trd, 000210.433, 167
Trd, 000210.733, 169
Trd, 000211.917, 169
Trd, 000211.983, 169
Trd, 000212.483, 169
Trd, 000213.783, 167
Trd, 000214.067, 166
Trd, 000214.133, 181
Trd, 000215.117, 166
Trd, 000215.500, 179
Trd, 000215.767, 170
Trd, 000217.333, 156
Trd, 000217.433, 154
Trd, 000217.833, 159
Trd, 000218.033, 160
Trd, 000218.167, 160
Trd, 000218.317, 161
Trd, 000219.117, 166
Trd, 000219.867, 160
Trd, 000220.633, 162
Trd, 000221.467, 161
Trd, 000222.067, 160
Trd, 000222.400, 160
Trd, 000222.717, 162
Trd, 000222.733, 170
Trd, 000224.817, 163
Trd, 000225.250, 162
Trd, 000225.417, 161
Trd, 000225.750, 162
Trd, 000226.017, 163
Trd, 000226.767, 165
Trd, 000227.367, 166
Trd, 000227.450, 160
Trd, 000229.050, 162
Trd, 000229.217, 164
Trd, 000229.600, 160
Trd, 000230.033, 159
Trd, 000230.283, 160
Trd, 000230.483, 163
Trd, 000230.700, 165
Trd, 000232.083, 159
Trd, 000232.300, 164
Trd, 000233.183, 160
Trd, 000233.450, 166
Trd, 000234.233, 167
Trd, 000235.567, 168
Trd, 000235.733, 159
Trd, 000236.000, 159
Trd, 000236.033, 160
Trd, 000236.767, 169
Trd, 000237.733, 161
Trd, 000238.400, 167
Trd, 000238.433, 170
Trd, 000238.617, 170
Trd, 000239.817, 172
Trd, 000240.833, 170
Trd, 000240.967, 171
Trd, 000241.250, 172
Trd, 000241.433, 179
Trd, 000241.817, 183
Trd, 000242.617, 178
Trd, 000242.750, 179
Trd, 000243.217, 174
Trd, 000243.667, 171
Trd, 000244.367, 170
Trd, 000244.900, 171
Trd, 000244.950, 177
Trd, 000245.850, 177
Trd, 000246.383, 170
Trd, 000246.583, 169
Trd, 000246.617, 170
Trd, 000246.633, 168
Trd, 000247.517, 164
Trd, 000247.900, 163
Trd, 000248.533, 169
Trd, 000248.867, 177
Trd, 000249.717, 173
Trd, 000250.717, 170
Trd, 000251.167, 169
Trd, 000251.200, 169
Trd, 000251.650, 169
Trd, 000251.667, 171
Trd, 000252.000, 167
Trd, 000252.950, 171
Trd, 000253.483, 166
Trd, 000253.900, 168
Trd, 000254.167, 168
Trd, 000254.183, 169
Trd, 000254.667, 166
Trd, 000255.350, 170
Trd, 000256.117, 170
Trd, 000256.267, 169
Trd, 000256.650, 179
Trd, 000257.917, 174
Trd, 000258.117, 172
Trd, 000258.183, 175
Trd, 000258.750, 171
Trd, 000259.267, 173
Trd, 000259.350, 173
Trd, 000259.983, 171
Trd, 000260.317, 168
Trd, 000260.633, 163
Trd, 000261.083, 176
Trd, 000261.833, 185
Trd, 000262.217, 178
Trd, 000262.617, 182
Trd, 000262.933, 186
Trd, 000263.750, 173
Trd, 000264.567, 181
Trd, 000264.967, 182
Trd, 000265.417, 179
Trd, 000265.483, 179
Trd, 000266.800, 180
Trd, 000266.867, 174
Trd, 000267.733, 173
Trd, 000268.067, 175
Trd, 000268.183, 175
Trd, 000269.550, 172
Trd, 000270.267, 172
Trd, 000270.333, 173
Trd, 000270.517, 172
Trd, 000270.800, 173
Trd, 000270.967, 174
Trd, 000271.250, 171
Trd, 000271.533, 170
Trd, 000271.550, 161
Trd, 000273.250, 169
Trd, 000273.283, 171
Trd, 000273.683, 174
Trd, 000273.817, 182
Trd, 000273.900, 168
Trd, 000274.650, 163
Trd, 000274.983, 168
Trd, 000275.067, 176
Trd, 000275.967, 180
Trd, 000276.950, 174
Trd, 000277.133, 169
Trd, 000278.067, 168
Trd, 000278.100, 171
Trd, 000278.450, 164
Trd, 000279.117, 165
Trd, 000279.950, 162
Trd, 000280.067, 168
Trd, 000280.250, 160
Trd, 000280.967, 167
Trd, 000281.333, 166
Trd, 000282.017, 166
Trd, 000282.350, 167
Trd, 000282.417, 169
Trd, 000283.317, 176
Trd, 000283.733, 165
Trd, 000284.167, 180
Trd, 000284.600, 167
Trd, 000284.817, 169
Trd, 000284.833, 172
Trd, 000285.767, 170
Trd, 000286.617, 168
Trd, 000286.817, 166
Trd, 000287.000, 166
Trd, 000287.267, 167
Trd, 000288.200, 169
Trd, 000288.583, 173
Trd, 000289.200, 166
Trd, 000289.350, 165
Trd, 000289.900, 166
Trd, 000290.083, 166
Trd, 000290.117, 165
Trd, 000290.417, 171
Trd, 000291.200, 171
Trd, 000291.483, 173
Trd, 000291.750, 170
Trd, 000292.167, 173
Trd, 000292.817, 177
Trd, 000293.500, 168
Trd, 000293.767, 170
Trd, 000294.450, 176
Trd, 000294.850, 173
Trd, 000294.933, 177
Trd, 000295.083, 178
Trd, 000296.400, 174
Trd, 000296.717, 173
Trd, 000296.883, 179
Trd, 000297.167, 181
Trd, 000297.533, 173
Trd, 000297.917, 172
Trd, 000297.967, 174
Trd, 000298.017, 178
Trd, 000298.117, 182
Trd, 000298.983, 183
Trd, 000299.617, 198
Trd, 000299.800, 172
