Trd, 000001.467, 185
Trd, 000002.167, 153
Trd, 000002.517, 171
Trd, 000002.650, 162
Trd, 000004.650, 143
Trd, 000004.850, 148
Trd, 000004.983, 143
Trd, 000005.583, 144
Trd, 000005.667, 162
Trd, 000005.733, 143
Trd, 000006.683, 141
Trd, 000008.333, 147
Trd, 000008.517, 146
Trd, 000008.700, 145
Trd, 000009.400, 145
Trd, 000009.567, 146
Trd, 000010.750, 149
Trd, 000010.950, 159
Trd, 000012.333, 153
Trd, 000012.650, 153
Trd, 000012.767, 152
Trd, 000013.800, 153
Trd, 000014.633, 152
Trd, 000014.683, 153
Trd, 000014.967, 151
Trd, 000015.183, 159
Trd, 000015.483, 148
Trd, 000015.517, 149
Trd, 000016.350, 163
Trd, 000017.717, 145
Trd, 000018.217, 156
Trd, 000019.733, 151
Trd, 000019.950, 150
Trd, 000020.050, 148
Trd, 000021.000, 147
Trd, 000021.583, 147
Trd, 000021.950, 147
Trd, 000021.967, 146
Trd, 000022.583, 148
Trd, 000023.250, 149
Trd, 000023.817, 149
Trd, 000024.367, 150
Trd, 000025.033, 150
Trd, 000025.533, 149
Trd, 000026.217, 148
Trd, 000026.383, 149
Trd, 000026.900, 149
Trd, 000027.533, 149
Trd, 000028.583, 152
Trd, 000029.250, 148
Trd, 000029.417, 165
Trd, 000029.833, 167
Trd, 000030.767, 152
Trd, 000031.100, 157
Trd, 000032.067, 157
Trd, 000032.167, 156
Trd, 000032.733, 154
Trd, 000033.750, 157
Trd, 000033.967, 156
Trd, 000034.150, 156
Trd, 000035.233, 154
Trd, 000036.200, 151
Trd, 000036.600, 156
Trd, 000036.983, 150
Trd, 000038.467, 152
Trd, 000039.267, 152
Trd, 000039.467, 150
Trd, 000039.750, 151
Trd, 000040.783, 151
Trd, 000041.000, 157
Trd, 000041.483, 156
Trd, 000042.717, 162
Trd, 000043.067, 155
Trd, 000043.200, 166
Trd, 000043.250, 169
Trd, 000044.267, 165
Trd, 000044.483, 166
Trd, 000044.533, 165
Trd, 000044.917, 170
Trd, 000045.150, 171
Trd, 000045.733, 165
Trd, 000047.933, 161
Trd, 000048.533, 159
Trd, 000048.600, 160
Trd, 000048.650, 154
Trd, 000049.000, 161
Trd, 000049.867, 158
Trd, 000050.867, 160
Trd, 000051.000, 156
Trd, 000051.217, 159
Trd, 000051.467, 155
Trd, 000052.383, 152
Trd, 000052.517, 156
Trd, 000052.533, 160
Trd, 000053.767, 163
Trd, 000054.883, 164
Trd, 000055.133, 160
Trd, 000055.733, 161
Trd, 000056.383, 160
Trd, 000056.883, 159
Trd, 000057.200, 161
Trd, 000057.417, 158
Trd, 000058.917, 157
Trd, 000059.250, 157
Trd, 000060.383, 156
Trd, 000060.467, 157
Trd, 000060.650, 157
Trd, 000061.433, 159
Trd, 000061.450, 155
Trd, 000061.833, 171
Trd, 000062.033, 152
Trd, 000062.083, 161
Trd, 000062.433, 143
Trd, 000063.133, 153
Trd, 000063.550, 154
Trd, 000064.700, 153
Trd, 000064.733, 154
Trd, 000065.233, 154
Trd, 000065.333, 153
Trd, 000066.417, 153
Trd, 000066.800, 151
Trd, 000066.950, 165
Trd, 000067.450, 150
Trd, 000069.583, 157
Trd, 000069.983, 159
Trd, 000070.767, 158
Trd, 000070.950, 158
Trd, 000071.267, 158
Trd, 000071.350, 158
Trd, 000072.033, 158
Trd, 000073.300, 157
Trd, 000073.950, 158
Trd, 000074.533, 155
Trd, 000074.900, 157
Trd, 000075.217, 157
Trd, 000076.050, 159
Trd, 000076.517, 155
Trd, 000077.067, 156
Trd, 000077.800, 156
Trd, 000077.933, 154
Trd, 000078.700, 166
Trd, 000079.050, 157
Trd, 000080.733, 161
Trd, 000081.133, 159
Trd, 000081.333, 160
Trd, 000081.717, 157
Trd, 000083.183, 159
Trd, 000083.967, 158
Trd, 000084.150, 158
Trd, 000085.600, 159
Trd, 000085.733, 161
Trd, 000085.967, 164
Trd, 000088.617, 160
Trd, 000089.000, 158
Trd, 000089.367, 155
Trd, 000089.800, 160
Trd, 000089.817, 161
Trd, 000089.933, 161
Trd, 000091.050, 157
Trd, 000091.467, 161
Trd, 000091.800, 160
Trd, 000092.167, 159
Trd, 000092.400, 163
Trd, 000092.567, 171
Trd, 000093.633, 160
Trd, 000093.850, 160
Trd, 000095.033, 160
Trd, 000095.483, 156
Trd, 000096.817, 158
Trd, 000097.767, 157
Trd, 000097.783, 143
Trd, 000097.933, 155
Trd, 000098.283, 158
Trd, 000099.283, 158
Trd, 000099.600, 157
Trd, 000100.050, 158
Trd, 000100.150, 159
Trd, 000101.383, 159
Trd, 000101.467, 158
Trd, 000101.483, 162
Trd, 000103.183, 158
Trd, 000104.183, 159
Trd, 000104.383, 157
Trd, 000104.583, 156
Trd, 000105.467, 156
Trd, 000105.667, 156
Trd, 000106.850, 156
Trd, 000107.017, 157
Trd, 000107.217, 154
Trd, 000107.883, 158
Trd, 000108.150, 148
Trd, 000108.483, 158
Trd, 000108.667, 157
Trd, 000110.833, 156
Trd, 000111.250, 155
Trd, 000111.300, 159
Trd, 000111.333, 155
Trd, 000112.033, 168
Trd, 000112.267, 159
Trd, 000113.700, 157
Trd, 000113.817, 154
Trd, 000113.900, 155
Trd, 000114.183, 162
Trd, 000115.267, 162
Trd, 000115.933, 155
Trd, 000116.650, 156
Trd, 000116.983, 156
Trd, 000117.100, 155
Trd, 000117.483, 157
Trd, 000118.683, 154
Trd, 000118.950, 154
Trd, 000119.200, 156
Trd, 000119.567, 160
Trd, 000120.617, 162
Trd, 000121.000, 170
Trd, 000121.400, 167
Trd, 000121.417, 168
Trd, 000121.500, 177
Trd, 000121.983, 179
Trd, 000122.783, 180
Trd, 000123.200, 237
Trd, 000123.567, 259
Trd, 000123.950, 303.0
Trd, 000125.550, 320.0
Trd, 000126.017, 324.0
Trd, 000126.300, 348.0
Trd, 000127.067, 327
Trd, 000128.100, 335
Trd, 000128.350, 339
Trd, 000128.517, 330
Trd, 000129.267, 338
Trd, 000130.283, 336
Trd, 000130.450, 337.0
Trd, 000130.950, 337
Trd, 000130.983, 339
Trd, 000131.083, 341
Trd, 000132.250, 338
Trd, 000132.267, 339
Trd, 000133.933, 339
Trd, 000135.083, 341
Trd, 000135.267, 341
Trd, 000135.333, 342
Trd, 000135.817, 343
Trd, 000136.550, 345.0
Trd, 000139.000, 346
Trd, 000139.233, 347.0
Trd, 000139.550, 347.0
Trd, 000140.017, 344
Trd, 000141.150, 347.0
Trd, 000142.083, 347
Trd, 000142.750, 347
Trd, 000143.067, 345
Trd, 000143.283, 348.0
Trd, 000143.317, 343
Trd, 000143.917, 346
Trd, 000144.150, 345
Trd, 000144.167, 358
Trd, 000144.517, 360
Trd, 000146.483, 359
Trd, 000148.133, 352
Trd, 000148.483, 353
Trd, 000149.617, 352
Trd, 000150.183, 352
Trd, 000150.600, 352.0
Trd, 000151.067, 353
Trd, 000151.100, 351.0
Trd, 000151.400, 353
Trd, 000152.417, 351
Trd, 000153.000, 351.0
Trd, 000153.050, 351
Trd, 000153.400, 351
Trd, 000153.933, 350
Trd, 000154.167, 347
Trd, 000154.817, 349
Trd, 000156.567, 346
Trd, 000156.850, 348.0
Trd, 000156.933, 345
Trd, 000157.117, 349
Trd, 000157.500, 348
Trd, 000158.750, 347
Trd, 000161.183, 350
Trd, 000161.317, 358
Trd, 000161.483, 357
Trd, 000162.333, 350
Trd, 000163.917, 351
Trd, 000164.517, 349
Trd, 000164.833, 351
Trd, 000165.917, 348
Trd, 000166.517, 351
Trd, 000167.033, 350
Trd, 000167.050, 352
Trd, 000167.617, 350
Trd, 000168.033, 359
Trd, 000168.233, 362.0
Trd, 000169.700, 345
Trd, 000169.817, 342
Trd, 000171.800, 346
Trd, 000171.833, 347
Trd, 000172.167, 348
Trd, 000172.200, 345
Trd, 000172.550, 344
Trd, 000174.117, 349
Trd, 000174.583, 354
Trd, 000174.683, 355
Trd, 000175.233, 354
Trd, 000176.233, 354
Trd, 000176.783, 356
Trd, 000177.183, 351
Trd, 000177.433, 355
Trd, 000178.250, 353
Trd, 000178.450, 355
Trd, 000178.667, 362.0
Trd, 000179.233, 353
Trd, 000180.417, 356
Trd, 000181.067, 358
Trd, 000181.617, 351.0
Trd, 000181.800, 351
Trd, 000181.917, 344
Trd, 000182.117, 337.0
Trd, 000182.767, 345
Trd, 000182.917, 333
Trd, 000184.017, 316
Trd, 000184.233, 314
Trd, 000184.350, 214
Trd, 000184.417, 211
Trd, 000184.700, 190
Trd, 000185.317, 186
Trd, 000185.500, 180
Trd, 000185.733, 168
Trd, 000186.750, 205
Trd, 000189.200, 171
Trd, 000189.467, 172
Trd, 000189.817, 171
Trd, 000189.950, 172
Trd, 000190.233, 171
Trd, 000190.667, 170
Trd, 000190.683, 172
Trd, 000190.733, 173
Trd, 000191.433, 173
Trd, 000192.567, 168
Trd, 000193.267, 169
Trd, 000193.417, 167
Trd, 000193.567, 174
Trd, 000193.917, 172
Trd, 000194.167, 171
Trd, 000194.517, 178
Trd, 000194.733, 182
Trd, 000194.867, 166
Trd, 000195.650, 178
Trd, 000196.483, 170
Trd, 000196.817, 170
Trd, 000197.717, 168
Trd, 000200.400, 171
Trd, 000200.450, 172
Trd, 000200.567, 172
Trd, 000200.900, 170
Trd, 000201.233, 172
Trd, 000201.533, 178
Trd, 000201.783, 182
Trd, 000201.983, 171
Trd, 000202.250, 185
Trd, 000202.717, 179
Trd, 000203.567, 179
Trd, 000204.550, 166
Trd, 000205.600, 175
Trd, 000205.617, 178
Trd, 000206.083, 180
Trd, 000206.267, 170
Trd, 000207.233, 173
Trd, 000207.733, 178
Trd, 000207.800, 179
Trd, 000209.483, 178
Trd, 000209.750, 177
Trd, 000210.700, 179
Trd, 000210.883, 173
Trd, 000211.117, 178
Trd, 000211.483, 178
Trd, 000212.350, 174
Trd, 000213.433, 176
Trd, 000213.850, 174
Trd, 000214.183, 174
Trd, 000214.333, 173
Trd, 000214.617, 172
Trd, 000214.667, 176
Trd, 000214.683, 179
Trd, 000215.167, 172
Trd, 000215.233, 168
Trd, 000217.050, 175
Trd, 000217.517, 176
Trd, 000218.567, 174
Trd, 000219.417, 180
Trd, 000219.833, 176
Trd, 000220.783, 175
Trd, 000221.550, 173
Trd, 000221.767, 175
Trd, 000221.867, 173
Trd, 000223.067, 173
Trd, 000223.150, 172
Trd, 000223.417, 175
Trd, 000223.550, 176
Trd, 000223.767, 165
Trd, 000224.467, 176
Trd, 000226.267, 175
Trd, 000226.500, 171
Trd, 000227.033, 171
Trd, 000227.167, 167
Trd, 000228.200, 174
Trd, 000228.567, 174
Trd, 000229.683, 169
Trd, 000230.750, 173
Trd, 000231.333, 173
Trd, 000231.833, 173
Trd, 000232.850, 174
Trd, 000232.983, 173
Trd, 000233.350, 178
Trd, 000233.583, 179
Trd, 000234.417, 177
Trd, 000235.167, 173
Trd, 000235.183, 172
Trd, 000235.467, 170
Trd, 000235.517, 179
Trd, 000235.683, 179
Trd, 000235.750, 180
Trd, 000236.217, 172
Trd, 000237.017, 171
Trd, 000237.933, 172
Trd, 000238.267, 171
Trd, 000238.333, 165
Trd, 000238.817, 155
Trd, 000239.333, 165
Trd, 000239.600, 162
Trd, 000240.667, 161
Trd, 000240.717, 164
Trd, 000241.200, 169
Trd, 000241.500, 175
Trd, 000242.367, 174
Trd, 000242.567, 171
Trd, 000242.833, 171
Trd, 000243.100, 173
Trd, 000244.450, 173
Trd, 000244.700, 171
Trd, 000244.800, 167
Trd, 000245.500, 182
Trd, 000246.083, 173
Trd, 000246.917, 175
Trd, 000246.967, 183
Trd, 000247.000, 184
Trd, 000247.067, 185
Trd, 000247.833, 185
Trd, 000247.933, 186
Trd, 000248.550, 187
Trd, 000248.667, 185
Trd, 000248.700, 177
Trd, 000248.983, 179
Trd, 000249.783, 178
Trd, 000249.967, 177
Trd, 000250.067, 163
Trd, 000250.167, 177
Trd, 000252.683, 176
Trd, 000253.133, 176
Trd, 000253.150, 175
Trd, 000253.433, 173
Trd, 000253.733, 172
Trd, 000254.050, 172
Trd, 000255.483, 172
Trd, 000255.650, 173
Trd, 000255.900, 172
Trd, 000256.150, 171
Trd, 000256.317, 168
Trd, 000256.367, 173
Trd, 000257.600, 170
Trd, 000258.683, 170
Trd, 000258.950, 170
Trd, 000259.533, 170
Trd, 000260.017, 171
Trd, 000260.100, 169
Trd, 000260.750, 168
Trd, 000260.867, 173
Trd, 000260.967, 171
Trd, 000261.867, 174
Trd, 000262.150, 173
Trd, 000262.350, 169
Trd, 000263.133, 172
Trd, 000263.417, 177
Trd, 000263.967, 182
Trd, 000264.150, 168
Trd, 000264.467, 163
Trd, 000264.633, 179
Trd, 000264.700, 165
Trd, 000266.750, 176
Trd, 000267.433, 175
Trd, 000267.767, 175
Trd, 000267.850, 172
Trd, 000268.667, 178
Trd, 000269.633, 177
Trd, 000270.317, 175
Trd, 000270.567, 178
Trd, 000271.167, 183
Trd, 000271.183, 175
Trd, 000272.333, 178
Trd, 000272.850, 177
Trd, 000272.917, 174
Trd, 000274.417, 173
Trd, 000274.433, 178
Trd, 000274.567, 178
Trd, 000274.767, 175
Trd, 000275.500, 174
Trd, 000275.633, 176
Trd, 000275.833, 177
Trd, 000276.150, 176
Trd, 000276.700, 176
Trd, 000277.267, 174
Trd, 000277.400, 185
Trd, 000277.717, 170
Trd, 000278.483, 176
Trd, 000278.517, 169
Trd, 000279.800, 172
Trd, 000279.883, 174
Trd, 000280.583, 172
Trd, 000280.833, 174
Trd, 000281.033, 176
Trd, 000281.433, 176
Trd, 000281.617, 176
Trd, 000282.583, 176
Trd, 000282.967, 179
Trd, 000283.350, 181
Trd, 000284.033, 177
Trd, 000284.117, 176
Trd, 000284.383, 176
Trd, 000284.600, 175
Trd, 000285.183, 170
Trd, 000285.233, 174
Trd, 000285.517, 173
Trd, 000285.617, 175
Trd, 000286.417, 175
Trd, 000287.317, 178
Trd, 000287.450, 179
Trd, 000287.833, 180
Trd, 000287.917, 186
Trd, 000289.350, 183
Trd, 000290.067, 182
Trd, 000290.300, 181
Trd, 000290.433, 182
Trd, 000290.567, 180
Trd, 000290.750, 181
Trd, 000290.833, 185
Trd, 000292.767, 180
Trd, 000292.817, 186
Trd, 000293.500, 178
Trd, 000293.533, 176
Trd, 000294.217, 191
Trd, 000294.700, 188
Trd, 000294.717, 194
Trd, 000294.750, 196
Trd, 000294.850, 179
Trd, 000295.100, 178
Trd, 000296.333, 176
Trd, 000297.117, 171
Trd, 000297.267, 179
Trd, 000297.633, 178
Trd, 000298.833, 177
Trd, 000299.333, 174
Trd, 000299.433, 174
Trd, 000299.933, 173
