Trd, 000001.317, 141
Trd, 000002.683, 139
Trd, 000002.900, 141
Trd, 000003.667, 161
Trd, 000004.150, 145
Trd, 000004.433, 139
Trd, 000004.600, 139
Trd, 000004.683, 141
Trd, 000005.933, 141
Trd, 000007.317, 161
Trd, 000007.467, 159
Trd, 000007.750, 153
Trd, 000008.450, 157
Trd, 000009.550, 157
Trd, 000009.817, 157
Trd, 000011.167, 159
Trd, 000011.450, 156
Trd, 000012.283, 156
Trd, 000012.467, 161
Trd, 000012.867, 165
Trd, 000013.050, 155
Trd, 000013.717, 155
Trd, 000014.567, 161
Trd, 000016.200, 158
Trd, 000016.300, 159
Trd, 000016.533, 161
Trd, 000017.000, 163
Trd, 000017.667, 161
Trd, 000018.333, 162
Trd, 000019.367, 158
Trd, 000019.933, 157
Trd, 000021.350, 157
Trd, 000021.567, 156
Trd, 000021.800, 156
Trd, 000021.967, 156
Trd, 000022.150, 164
Trd, 000022.467, 146
Trd, 000022.950, 153
Trd, 000023.300, 166
Trd, 000024.333, 164
Trd, 000025.000, 143
Trd, 000025.850, 154
Trd, 000026.983, 155
Trd, 000027.033, 154
Trd, 000027.333, 160
Trd, 000027.517, 168
Trd, 000029.767, 165
Trd, 000030.367, 160
Trd, 000031.483, 161
Trd, 000031.617, 161
Trd, 000032.150, 161
Trd, 000032.883, 160
Trd, 000033.000, 161
Trd, 000034.250, 161
Trd, 000034.700, 159
Trd, 000035.033, 162
Trd, 000035.600, 159
Trd, 000035.750, 168
Trd, 000036.233, 178
Trd, 000037.450, 166
Trd, 000037.683, 166
Trd, 000037.867, 165
Trd, 000039.017, 159
Trd, 000039.583, 159
Trd, 000039.717, 158
Trd, 000039.917, 160
Trd, 000041.267, 161
Trd, 000041.500, 166
Trd, 000041.833, 158
Trd, 000041.900, 157
Trd, 000043.150, 161
Trd, 000044.367, 158
Trd, 000044.617, 160
Trd, 000044.883, 158
Trd, 000046.000, 158
Trd, 000046.250, 162
Trd, 000046.300, 166
Trd, 000046.367, 156
Trd, 000046.467, 149
Trd, 000046.650, 148
Trd, 000047.050, 166
Trd, 000047.867, 167
Trd, 000048.433, 170
Trd, 000048.817, 169
Trd, 000049.867, 167
Trd, 000050.833, 165
Trd, 000051.617, 167
Trd, 000051.767, 166
Trd, 000054.033, 165
Trd, 000054.383, 166
Trd, 000054.733, 165
Trd, 000055.167, 163
Trd, 000055.467, 167
Trd, 000055.583, 161
Trd, 000056.733, 161
Trd, 000057.067, 159
Trd, 000057.383, 157
Trd, 000059.317, 146
Trd, 000060.050, 157
Trd, 000060.133, 158
Trd, 000060.200, 159
Trd, 000061.983, 157
Trd, 000062.133, 158
Trd, 000062.217, 159
Trd, 000063.250, 164
Trd, 000063.350, 157
Trd, 000063.833, 172
Trd, 000064.917, 168
Trd, 000065.667, 167
Trd, 000066.183, 166
Trd, 000066.250, 167
Trd, 000066.283, 162
Trd, 000066.467, 169
Trd, 000066.833, 172
Trd, 000066.850, 157
Trd, 000068.183, 151
Trd, 000068.267, 147
Trd, 000068.333, 148
Trd, 000069.233, 154
Trd, 000069.733, 157
Trd, 000070.567, 159
Trd, 000070.900, 166
Trd, 000071.200, 167
Trd, 000072.083, 160
Trd, 000073.633, 159
Trd, 000073.950, 161
Trd, 000074.567, 162
Trd, 000075.050, 160
Trd, 000075.550, 161
Trd, 000075.700, 159
Trd, 000075.933, 161
Trd, 000076.483, 159
Trd, 000076.500, 162
Trd, 000077.200, 158
Trd, 000078.500, 165
Trd, 000079.183, 167
Trd, 000079.350, 163
Trd, 000081.833, 166
Trd, 000081.867, 169
Trd, 000082.367, 167
Trd, 000082.550, 168
Trd, 000082.767, 171
Trd, 000083.417, 167
Trd, 000083.683, 166
Trd, 000084.517, 170
Trd, 000085.550, 171
Trd, 000086.183, 169
Trd, 000087.267, 168
Trd, 000087.317, 171
Trd, 000087.383, 166
Trd, 000088.117, 161
Trd, 000088.267, 174
Trd, 000088.350, 152
Trd, 000089.100, 153
Trd, 000090.650, 161
Trd, 000090.733, 163
Trd, 000091.133, 166
Trd, 000091.850, 171
Trd, 000092.000, 167
Trd, 000092.800, 173
Trd, 000092.917, 174
Trd, 000093.017, 175
Trd, 000093.700, 164
Trd, 000094.417, 163
Trd, 000094.633, 185
Trd, 000094.717, 162
Trd, 000094.733, 162
Trd, 000095.783, 171
Trd, 000096.300, 177
Trd, 000097.817, 170
Trd, 000098.650, 170
Trd, 000099.117, 172
Trd, 000099.650, 172
Trd, 000100.350, 171
Trd, 000100.583, 170
Trd, 000101.300, 175
Trd, 000101.617, 172
Trd, 000104.083, 172
Trd, 000104.117, 169
Trd, 000104.550, 173
Trd, 000105.200, 173
Trd, 000105.450, 169
Trd, 000105.467, 168
Trd, 000105.617, 173
Trd, 000107.167, 169
Trd, 000108.467, 169
Trd, 000108.717, 168
Trd, 000108.833, 170
Trd, 000109.883, 167
Trd, 000110.250, 165
Trd, 000110.400, 166
Trd, 000110.983, 164
Trd, 000111.417, 164
Trd, 000111.750, 165
Trd, 000112.350, 165
Trd, 000112.983, 162
Trd, 000114.283, 164
Trd, 000114.383, 162
Trd, 000114.433, 162
Trd, 000114.900, 167
Trd, 000116.567, 161
Trd, 000116.950, 162
Trd, 000117.383, 161
Trd, 000117.517, 164
Trd, 000117.850, 160
Trd, 000117.950, 169
Trd, 000119.317, 160
Trd, 000119.883, 160
Trd, 000120.617, 161
Trd, 000121.017, 177
Trd, 000121.217, 160
Trd, 000121.617, 172
Trd, 000123.017, 208
Trd, 000123.083, 208
Trd, 000123.667, 212
Trd, 000123.817, 193
Trd, 000124.000, 278
Trd, 000124.017, 302
Trd, 000124.100, 331.0
Trd, 000124.117, 334.0
Trd, 000124.600, 341.0
Trd, 000125.250, 340
Trd, 000125.583, 362
Trd, 000125.733, 339
Trd, 000128.000, 357
Trd, 000128.217, 356
Trd, 000129.917, 350
Trd, 000129.983, 349
Trd, 000130.600, 348
Trd, 000130.667, 364
Trd, 000131.217, 362
Trd, 000132.583, 362.0
Trd, 000132.617, 365
Trd, 000132.633, 355
Trd, 000132.967, 350
Trd, 000134.817, 354
Trd, 000135.233, 355
Trd, 000135.900, 354.0
Trd, 000136.350, 351.0
Trd, 000136.367, 351
Trd, 000136.467, 363
Trd, 000137.400, 355
Trd, 000137.933, 366
Trd, 000138.300, 356
Trd, 000139.300, 362.0
Trd, 000140.333, 356
Trd, 000141.100, 358
Trd, 000141.667, 357
Trd, 000141.867, 359
Trd, 000141.900, 354
Trd, 000142.233, 354
Trd, 000142.867, 359
Trd, 000143.433, 356
Trd, 000144.083, 351.0
Trd, 000145.117, 361
Trd, 000146.967, 358
Trd, 000147.183, 359
Trd, 000147.233, 351
Trd, 000148.300, 354
Trd, 000148.883, 350
Trd, 000149.233, 355
Trd, 000149.783, 350
Trd, 000149.900, 349
Trd, 000150.633, 348
Trd, 000151.850, 348
Trd, 000152.083, 352
Trd, 000152.467, 351
Trd, 000152.567, 356
Trd, 000152.733, 349
Trd, 000152.800, 358
Trd, 000153.733, 345
Trd, 000154.100, 352
Trd, 000154.167, 351
Trd, 000154.950, 348
Trd, 000157.000, 354
Trd, 000157.317, 354
Trd, 000157.717, 350
Trd, 000158.150, 351
Trd, 000158.317, 360
Trd, 000158.517, 348
Trd, 000159.467, 352
Trd, 000161.783, 352
Trd, 000162.000, 351.0
Trd, 000162.117, 351
Trd, 000162.500, 359
Trd, 000162.517, 350
Trd, 000162.717, 366
Trd, 000162.900, 341.0
Trd, 000163.233, 344.0
Trd, 000164.133, 350
Trd, 000165.267, 350
Trd, 000167.000, 353
Trd, 000167.167, 356
Trd, 000167.267, 351
Trd, 000167.417, 359
Trd, 000167.983, 357
Trd, 000169.833, 362.0
Trd, 000170.667, 358.0
Trd, 000171.033, 354
Trd, 000171.733, 355
Trd, 000172.900, 351
Trd, 000173.617, 353
Trd, 000174.067, 349
Trd, 000174.400, 344.0
Trd, 000174.450, 350
Trd, 000175.200, 346
Trd, 000175.467, 342.0
Trd, 000176.133, 350
Trd, 000176.750, 341.0
Trd, 000177.267, 345
Trd, 000177.350, 346
Trd, 000177.983, 345
Trd, 000178.133, 342
Trd, 000178.617, 341
Trd, 000178.933, 341
Trd, 000180.583, 358
Trd, 000180.650, 347
Trd, 000180.983, 349
Trd, 000181.117, 357
Trd, 000182.733, 348
Trd, 000184.317, 348
Trd, 000184.717, 344.0
Trd, 000184.833, 320.0
Trd, 000184.950, 313.0
Trd, 000185.000, 306
Trd, 000185.033, 214
Trd, 000185.133, 204
Trd, 000185.600, 181
Trd, 000186.583, 188
Trd, 000186.633, 185
Trd, 000186.983, 180
Trd, 000187.717, 184
Trd, 000188.200, 183
Trd, 000190.317, 181
Trd, 000190.550, 180
Trd, 000190.767, 173
Trd, 000192.383, 170
Trd, 000192.500, 170
Trd, 000192.517, 167
Trd, 000192.817, 170
Trd, 000194.117, 175
Trd, 000194.400, 176
Trd, 000194.800, 170
Trd, 000195.233, 177
Trd, 000195.817, 177
Trd, 000196.900, 169
Trd, 000198.367, 178
Trd, 000198.750, 175
Trd, 000199.567, 178
Trd, 000200.283, 173
Trd, 000200.517, 179
Trd, 000201.367, 184
Trd, 000201.417, 182
Trd, 000201.767, 186
Trd, 000201.817, 179
Trd, 000202.017, 173
Trd, 000202.300, 171
Trd, 000202.800, 174
Trd, 000203.233, 176
Trd, 000203.850, 186
Trd, 000205.317, 182
Trd, 000205.567, 184
Trd, 000206.100, 180
Trd, 000207.183, 178
Trd, 000207.783, 177
Trd, 000208.850, 183
Trd, 000208.967, 184
Trd, 000210.533, 179
Trd, 000210.633, 182
Trd, 000211.083, 179
Trd, 000211.333, 177
Trd, 000212.017, 181
Trd, 000212.700, 178
Trd, 000212.900, 181
Trd, 000213.583, 177
Trd, 000213.683, 176
Trd, 000214.617, 175
Trd, 000214.683, 172
Trd, 000215.217, 177
Trd, 000215.617, 173
Trd, 000216.217, 174
Trd, 000217.100, 178
Trd, 000217.517, 186
Trd, 000219.167, 176
Trd, 000219.333, 194
Trd, 000221.500, 186
Trd, 000222.633, 184
Trd, 000222.950, 181
Trd, 000223.233, 184
Trd, 000224.233, 183
Trd, 000224.300, 181
Trd, 000224.433, 180
Trd, 000224.717, 183
Trd, 000225.317, 180
Trd, 000226.250, 179
Trd, 000226.583, 184
Trd, 000227.717, 176
Trd, 000228.283, 176
Trd, 000228.533, 184
Trd, 000230.000, 164
Trd, 000230.200, 166
Trd, 000230.800, 170
Trd, 000231.733, 176
Trd, 000232.100, 175
Trd, 000233.433, 184
Trd, 000234.967, 177
Trd, 000235.133, 177
Trd, 000236.050, 180
Trd, 000236.183, 180
Trd, 000236.250, 176
Trd, 000236.350, 181
Trd, 000236.617, 177
Trd, 000236.750, 175
Trd, 000238.167, 168
Trd, 000238.233, 167
Trd, 000238.717, 189
Trd, 000239.967, 174
Trd, 000240.533, 174
Trd, 000240.583, 174
Trd, 000240.867, 174
Trd, 000241.167, 176
Trd, 000241.250, 183
Trd, 000241.583, 175
Trd, 000241.733, 174
Trd, 000241.883, 172
Trd, 000242.350, 172
Trd, 000242.600, 182
Trd, 000243.033, 186
Trd, 000243.217, 196
Trd, 000243.900, 185
Trd, 000244.317, 182
Trd, 000244.667, 186
Trd, 000245.217, 184
Trd, 000245.717, 182
Trd, 000246.000, 182
Trd, 000246.417, 182
Trd, 000247.117, 180
Trd, 000248.000, 179
Trd, 000248.883, 179
Trd, 000249.000, 181
Trd, 000249.117, 178
Trd, 000249.183, 175
Trd, 000249.333, 169
Trd, 000249.667, 169
Trd, 000249.817, 185
Trd, 000250.050, 167
Trd, 000251.450, 183
Trd, 000252.017, 187
Trd, 000252.367, 180
Trd, 000252.750, 188
Trd, 000253.200, 179
Trd, 000253.650, 185
Trd, 000254.100, 182
Trd, 000254.300, 181
Trd, 000254.883, 180
Trd, 000255.283, 179
Trd, 000255.667, 178
Trd, 000255.933, 169
Trd, 000256.567, 176
Trd, 000256.767, 172
Trd, 000257.083, 172
Trd, 000257.683, 168
Trd, 000258.583, 170
Trd, 000259.067, 171
Trd, 000259.100, 174
Trd, 000259.383, 184
Trd, 000260.633, 182
Trd, 000260.733, 183
Trd, 000261.067, 180
Trd, 000261.083, 187
Trd, 000262.150, 180
Trd, 000262.733, 180
Trd, 000262.817, 179
Trd, 000263.033, 179
Trd, 000263.217, 177
Trd, 000263.783, 171
Trd, 000264.400, 174
Trd, 000264.417, 171
Trd, 000264.733, 170
Trd, 000265.033, 174
Trd, 000265.150, 174
Trd, 000266.583, 171
Trd, 000266.817, 171
Trd, 000267.417, 177
Trd, 000268.050, 185
Trd, 000268.867, 183
Trd, 000269.217, 188
Trd, 000269.317, 189
Trd, 000269.517, 186
Trd, 000269.633, 183
Trd, 000269.867, 182
Trd, 000270.383, 180
Trd, 000271.367, 181
Trd, 000272.133, 182
Trd, 000272.400, 186
Trd, 000272.883, 179
Trd, 000273.367, 178
Trd, 000273.483, 176
Trd, 000273.717, 182
Trd, 000274.333, 177
Trd, 000274.467, 175
Trd, 000274.850, 178
Trd, 000275.550, 176
Trd, 000276.317, 175
Trd, 000276.800, 175
Trd, 000277.167, 174
Trd, 000277.667, 178
Trd, 000277.967, 181
Trd, 000278.650, 179
Trd, 000278.700, 177
Trd, 000280.133, 186
Trd, 000281.000, 178
Trd, 000281.783, 178
Trd, 000281.817, 178
Trd, 000281.933, 184
Trd, 000282.067, 185
Trd, 000282.167, 190
Trd, 000282.733, 190
Trd, 000283.033, 182
Trd, 000283.283, 191
Trd, 000283.917, 181
Trd, 000283.967, 184
Trd, 000285.133, 182
Trd, 000285.333, 190
Trd, 000285.550, 181
Trd, 000286.333, 176
Trd, 000287.650, 176
Trd, 000288.533, 176
Trd, 000289.200, 175
Trd, 000289.283, 175
Trd, 000289.333, 173
Trd, 000289.667, 175
Trd, 000289.800, 176
Trd, 000289.917, 169
Trd, 000290.333, 166
Trd, 000290.450, 177
Trd, 000291.833, 185
Trd, 000292.017, 186
Trd, 000292.667, 186
Trd, 000293.650, 187
Trd, 000294.500, 181
Trd, 000294.800, 181
Trd, 000294.850, 183
Trd, 000295.033, 180
Trd, 000295.550, 179
Trd, 000296.467, 184
Trd, 000297.133, 183
Trd, 000297.433, 180
Trd, 000297.483, 188
Trd, 000297.550, 192
Trd, 000297.950, 178
Trd, 000298.083, 178
Trd, 000298.167, 174
Trd, 000299.417, 179
Trd, 000299.450, 181
