Trd, 000001.467, 134
Trd, 000002.400, 151
Trd, 000004.717, 132
Trd, 000005.467, 132
Trd, 000005.550, 131
Trd, 000005.917, 138
Trd, 000007.167, 138
Trd, 000007.183, 145
Trd, 000007.767, 146
Trd, 000008.767, 147
Trd, 000008.783, 138
Trd, 000009.317, 151
Trd, 000009.867, 151
Trd, 000010.217, 144
Trd, 000010.433, 144
Trd, 000011.383, 145
Trd, 000011.633, 149
Trd, 000012.650, 150
Trd, 000013.117, 151
Trd, 000013.167, 149
Trd, 000014.533, 152
Trd, 000014.700, 154
Trd, 000014.733, 151
Trd, 000014.967, 180
Trd, 000015.667, 160
Trd, 000016.433, 162
Trd, 000017.000, 161
Trd, 000018.033, 160
Trd, 000018.450, 160
Trd, 000019.400, 159
Trd, 000019.983, 159
Trd, 000020.117, 157
Trd, 000021.050, 158
Trd, 000021.300, 159
Trd, 000021.550, 157
Trd, 000022.733, 161
Trd, 000023.233, 156
Trd, 000024.800, 157
Trd, 000024.817, 156
Trd, 000025.433, 157
Trd, 000026.650, 157
Trd, 000026.883, 158
Trd, 000027.267, 158
Trd, 000027.317, 158
Trd, 000028.983, 161
Trd, 000029.850, 160
Trd, 000030.400, 162
Trd, 000031.050, 161
Trd, 000032.033, 160
Trd, 000033.150, 161
Trd, 000033.600, 164
Trd, 000033.933, 160
Trd, 000034.483, 163
Trd, 000035.800, 164
Trd, 000037.100, 165
Trd, 000037.383, 164
Trd, 000038.233, 163
Trd, 000039.167, 163
Trd, 000039.217, 162
Trd, 000039.700, 163
Trd, 000040.600, 160
Trd, 000041.050, 163
Trd, 000041.317, 159
Trd, 000042.933, 155
Trd, 000043.600, 155
Trd, 000043.667, 155
Trd, 000043.717, 156
Trd, 000043.983, 156
Trd, 000044.050, 155
Trd, 000045.567, 155
Trd, 000047.350, 157
Trd, 000048.217, 156
Trd, 000048.717, 157
Trd, 000048.750, 157
Trd, 000049.033, 160
Trd, 000049.583, 156
Trd, 000049.983, 154
Trd, 000050.350, 156
Trd, 000050.617, 153
Trd, 000050.850, 154
Trd, 000051.450, 172
Trd, 000054.167, 163
Trd, 000054.533, 163
Trd, 000054.750, 164
Trd, 000055.567, 166
Trd, 000055.900, 166
Trd, 000056.050, 166
Trd, 000056.367, 169
Trd, 000057.683, 163
Trd, 000058.483, 166
Trd, 000059.267, 163
Trd, 000059.800, 162
Trd, 000060.283, 160
Trd, 000061.350, 161
Trd, 000061.950, 162
Trd, 000062.433, 158
Trd, 000062.700, 158
Trd, 000063.300, 158
Trd, 000063.700, 160
Trd, 000064.133, 157
Trd, 000064.183, 174
Trd, 000064.617, 157
Trd, 000066.200, 165
Trd, 000066.800, 161
Trd, 000067.667, 163
Trd, 000068.750, 162
Trd, 000068.817, 163
Trd, 000068.867, 161
Trd, 000069.067, 160
Trd, 000069.933, 161
Trd, 000070.917, 163
Trd, 000071.950, 163
Trd, 000072.267, 165
Trd, 000072.450, 163
Trd, 000072.533, 162
Trd, 000072.783, 166
Trd, 000073.633, 160
Trd, 000075.083, 162
Trd, 000075.100, 163
Trd, 000075.883, 159
Trd, 000076.867, 165
Trd, 000077.767, 165
Trd, 000078.033, 160
Trd, 000079.000, 166
Trd, 000079.083, 161
Trd, 000079.100, 161
Trd, 000080.567, 164
Trd, 000082.250, 164
Trd, 000082.450, 164
Trd, 000082.800, 163
Trd, 000083.517, 162
Trd, 000083.817, 159
Trd, 000083.850, 156
Trd, 000084.467, 160
Trd, 000085.117, 160
Trd, 000085.167, 159
Trd, 000085.333, 161
Trd, 000085.667, 156
Trd, 000086.000, 162
Trd, 000087.367, 153
Trd, 000087.750, 164
Trd, 000088.350, 163
Trd, 000088.550, 154
Trd, 000089.333, 165
Trd, 000089.700, 156
Trd, 000090.150, 156
Trd, 000092.450, 162
Trd, 000093.033, 162
Trd, 000093.117, 161
Trd, 000093.900, 160
Trd, 000094.300, 161
Trd, 000094.433, 162
Trd, 000095.667, 162
Trd, 000096.400, 161
Trd, 000097.300, 162
Trd, 000097.750, 161
Trd, 000098.000, 160
Trd, 000098.050, 158
Trd, 000098.933, 153
Trd, 000100.167, 164
Trd, 000101.067, 162
Trd, 000101.700, 162
Trd, 000101.933, 164
Trd, 000102.700, 161
Trd, 000102.883, 161
Trd, 000103.600, 160
Trd, 000104.150, 161
Trd, 000104.250, 161
Trd, 000105.417, 161
Trd, 000106.000, 160
Trd, 000106.200, 157
Trd, 000107.267, 159
Trd, 000107.883, 160
Trd, 000108.350, 161
Trd, 000109.167, 161
Trd, 000109.300, 162
Trd, 000109.767, 160
Trd, 000110.000, 160
Trd, 000110.033, 161
Trd, 000110.083, 161
Trd, 000112.550, 176
Trd, 000112.767, 164
Trd, 000113.133, 171
Trd, 000113.450, 166
Trd, 000114.133, 169
Trd, 000115.067, 166
Trd, 000115.867, 165
Trd, 000116.300, 163
Trd, 000116.933, 164
Trd, 000117.317, 170
Trd, 000117.917, 169
Trd, 000118.050, 170
Trd, 000118.567, 179
Trd, 000119.767, 169
Trd, 000120.117, 170
Trd, 000120.767, 170
Trd, 000121.383, 165
Trd, 000121.483, 191
Trd, 000121.517, 194
Trd, 000121.650, 198
Trd, 000122.200, 208
Trd, 000122.233, 256
Trd, 000122.883, 324
Trd, 000124.417, 311.0
Trd, 000124.467, 334.0
Trd, 000124.917, 348.0
Trd, 000124.933, 351.0
Trd, 000125.200, 343
Trd, 000127.667, 342
Trd, 000128.167, 343
Trd, 000128.867, 336.0
Trd, 000129.533, 346
Trd, 000129.633, 339
Trd, 000130.033, 340
Trd, 000131.200, 343
Trd, 000132.633, 344
Trd, 000132.950, 344
Trd, 000134.283, 345
Trd, 000134.750, 344
Trd, 000135.000, 344
Trd, 000135.700, 341
Trd, 000136.150, 340
Trd, 000136.717, 344
Trd, 000137.283, 342
Trd, 000137.300, 348
Trd, 000138.217, 343
Trd, 000138.300, 354
Trd, 000138.383, 351.0
Trd, 000138.533, 343
Trd, 000139.550, 348
Trd, 000140.217, 346
Trd, 000141.767, 348
Trd, 000142.217, 348
Trd, 000142.483, 354
Trd, 000142.800, 347
Trd, 000143.067, 358.0
Trd, 000144.133, 348
Trd, 000144.467, 348.0
Trd, 000145.467, 348
Trd, 000145.633, 348.0
Trd, 000146.300, 349
Trd, 000147.067, 352
Trd, 000147.417, 349
Trd, 000147.900, 348
Trd, 000148.000, 348
Trd, 000148.483, 349
Trd, 000149.483, 343
Trd, 000149.517, 339
Trd, 000150.917, 344
Trd, 000150.933, 348
Trd, 000151.383, 350
Trd, 000151.417, 351.0
Trd, 000152.633, 344
Trd, 000153.883, 347
Trd, 000154.000, 344
Trd, 000154.717, 347
Trd, 000155.533, 346
Trd, 000155.633, 347
Trd, 000155.950, 348.0
Trd, 000157.583, 346
Trd, 000157.700, 350
Trd, 000159.833, 348
Trd, 000160.083, 346
Trd, 000161.450, 347
Trd, 000161.567, 348.0
Trd, 000162.150, 348
Trd, 000162.233, 350
Trd, 000163.167, 348
Trd, 000163.833, 349.0
Trd, 000164.733, 351.0
Trd, 000165.217, 352
Trd, 000165.733, 352
Trd, 000166.283, 351
Trd, 000166.483, 351.0
Trd, 000167.183, 351
Trd, 000167.433, 348.0
Trd, 000167.733, 350
Trd, 000168.017, 347
Trd, 000168.767, 349
Trd, 000169.783, 350
Trd, 000169.983, 346
Trd, 000170.450, 349
Trd, 000171.500, 351.0
Trd, 000173.783, 351.0
Trd, 000173.833, 348.0
Trd, 000175.200, 352
Trd, 000175.417, 353
Trd, 000175.800, 351.0
Trd, 000176.567, 351
Trd, 000176.683, 350
Trd, 000177.000, 351
Trd, 000178.417, 358.0
Trd, 000179.983, 356
Trd, 000180.200, 355
Trd, 000181.217, 354
Trd, 000181.667, 355
Trd, 000181.833, 353
Trd, 000181.950, 352
Trd, 000181.983, 351.0
Trd, 000182.117, 342
Trd, 000182.183, 339
Trd, 000182.633, 334.0
Trd, 000182.683, 312
Trd, 000182.717, 270
Trd, 000183.917, 311
Trd, 000184.567, 205
Trd, 000184.783, 204
Trd, 000185.333, 203
Trd, 000185.750, 185
Trd, 000186.867, 198
Trd, 000187.567, 185
Trd, 000189.717, 186
Trd, 000189.900, 183
Trd, 000190.667, 176
Trd, 000190.783, 174
Trd, 000192.200, 183
Trd, 000193.867, 178
Trd, 000194.817, 183
Trd, 000194.900, 177
Trd, 000195.600, 178
Trd, 000195.733, 179
Trd, 000196.233, 175
Trd, 000197.550, 177
Trd, 000198.050, 176
Trd, 000198.750, 176
Trd, 000199.267, 175
Trd, 000199.383, 175
Trd, 000200.000, 179
Trd, 000202.417, 178
Trd, 000202.550, 179
Trd, 000202.667, 178
Trd, 000202.867, 176
Trd, 000204.550, 177
Trd, 000205.733, 177
Trd, 000205.950, 175
Trd, 000206.000, 179
Trd, 000206.117, 171
Trd, 000207.050, 169
Trd, 000208.517, 179
Trd, 000208.533, 179
Trd, 000210.500, 176
Trd, 000210.533, 177
Trd, 000210.833, 176
Trd, 000211.350, 175
Trd, 000213.050, 176
Trd, 000213.183, 175
Trd, 000213.317, 176
Trd, 000213.450, 174
Trd, 000213.550, 174
Trd, 000213.767, 174
Trd, 000214.333, 172
Trd, 000214.500, 172
Trd, 000216.133, 174
Trd, 000217.700, 181
Trd, 000219.033, 180
Trd, 000219.100, 179
Trd, 000219.333, 181
Trd, 000219.550, 177
Trd, 000219.567, 176
Trd, 000220.017, 182
Trd, 000220.233, 180
Trd, 000221.583, 181
Trd, 000221.900, 183
Trd, 000222.017, 184
Trd, 000222.383, 183
Trd, 000224.417, 180
Trd, 000224.450, 180
Trd, 000225.117, 177
Trd, 000225.150, 178
Trd, 000226.283, 178
Trd, 000226.800, 177
Trd, 000227.167, 177
Trd, 000228.450, 178
Trd, 000228.467, 177
Trd, 000229.450, 176
Trd, 000229.683, 174
Trd, 000231.050, 177
Trd, 000231.233, 180
Trd, 000231.967, 178
Trd, 000233.033, 177
Trd, 000233.217, 176
Trd, 000233.533, 180
Trd, 000234.667, 178
Trd, 000234.717, 175
Trd, 000235.083, 179
Trd, 000235.633, 180
Trd, 000236.217, 179
Trd, 000237.650, 179
Trd, 000237.800, 179
Trd, 000239.000, 177
Trd, 000239.300, 178
Trd, 000239.950, 175
Trd, 000240.317, 176
Trd, 000240.400, 177
Trd, 000240.683, 179
Trd, 000241.050, 177
Trd, 000241.067, 182
Trd, 000241.983, 183
Trd, 000242.050, 180
Trd, 000242.417, 178
Trd, 000242.900, 178
Trd, 000242.967, 172
Trd, 000243.550, 176
Trd, 000243.833, 176
Trd, 000243.983, 176
Trd, 000244.117, 177
Trd, 000244.533, 180
Trd, 000245.250, 176
Trd, 000245.350, 175
Trd, 000245.800, 174
Trd, 000246.200, 167
Trd, 000246.450, 173
Trd, 000247.183, 171
Trd, 000247.383, 174
Trd, 000247.517, 175
Trd, 000248.133, 174
Trd, 000248.533, 173
Trd, 000249.083, 173
Trd, 000250.133, 172
Trd, 000250.483, 174
Trd, 000250.850, 174
Trd, 000251.050, 175
Trd, 000251.600, 170
Trd, 000251.850, 168
Trd, 000252.150, 164
Trd, 000252.483, 169
Trd, 000252.867, 170
Trd, 000252.983, 171
Trd, 000253.033, 169
Trd, 000253.683, 174
Trd, 000254.883, 172
Trd, 000255.250, 172
Trd, 000255.700, 174
Trd, 000256.250, 176
Trd, 000256.267, 174
Trd, 000256.500, 173
Trd, 000256.650, 177
Trd, 000257.417, 181
Trd, 000258.633, 177
Trd, 000259.033, 179
Trd, 000259.483, 178
Trd, 000259.633, 187
Trd, 000260.133, 187
Trd, 000260.183, 184
Trd, 000260.833, 181
Trd, 000261.417, 181
Trd, 000261.533, 181
Trd, 000261.900, 183
Trd, 000262.400, 183
Trd, 000262.567, 184
Trd, 000262.867, 184
Trd, 000264.350, 181
Trd, 000264.550, 177
Trd, 000264.833, 178
Trd, 000264.850, 177
Trd, 000264.950, 175
Trd, 000265.317, 169
Trd, 000265.717, 183
Trd, 000266.167, 169
Trd, 000267.300, 185
Trd, 000267.717, 181
Trd, 000267.833, 186
Trd, 000268.000, 183
Trd, 000268.217, 192
Trd, 000269.583, 190
Trd, 000269.667, 190
Trd, 000270.550, 187
Trd, 000270.967, 190
Trd, 000271.583, 189
Trd, 000272.233, 190
Trd, 000272.300, 186
Trd, 000272.950, 189
Trd, 000273.700, 188
Trd, 000273.783, 185
Trd, 000273.967, 182
Trd, 000274.350, 178
Trd, 000274.383, 181
Trd, 000274.450, 182
Trd, 000275.033, 182
Trd, 000275.667, 182
Trd, 000276.367, 179
Trd, 000276.883, 179
Trd, 000276.933, 175
Trd, 000277.917, 180
Trd, 000277.983, 179
Trd, 000278.133, 182
Trd, 000278.900, 181
Trd, 000280.150, 180
Trd, 000280.550, 179
Trd, 000280.783, 180
Trd, 000280.883, 179
Trd, 000280.983, 181
Trd, 000281.150, 182
Trd, 000282.433, 181
Trd, 000282.700, 177
Trd, 000282.817, 183
Trd, 000283.083, 185
Trd, 000283.600, 180
Trd, 000283.933, 179
Trd, 000284.700, 178
Trd, 000284.733, 176
Trd, 000285.017, 171
Trd, 000285.667, 174
Trd, 000285.783, 177
Trd, 000285.800, 179
Trd, 000286.433, 183
Trd, 000286.967, 197
Trd, 000287.250, 189
Trd, 000288.133, 191
Trd, 000288.267, 191
Trd, 000288.600, 187
Trd, 000288.750, 192
Trd, 000289.583, 187
Trd, 000289.817, 196
Trd, 000290.050, 193
Trd, 000290.150, 187
Trd, 000290.700, 192
Trd, 000290.850, 197
Trd, 000291.683, 184
Trd, 000291.833, 191
Trd, 000292.000, 182
Trd, 000292.233, 181
Trd, 000292.450, 180
Trd, 000292.650, 193
Trd, 000293.633, 181
Trd, 000294.267, 187
Trd, 000294.317, 184
Trd, 000295.167, 184
Trd, 000295.500, 184
Trd, 000296.217, 183
Trd, 000296.500, 185
Trd, 000297.217, 181
Trd, 000297.450, 182
Trd, 000298.350, 182
Trd, 000298.583, 179
Trd, 000298.950, 180
Trd, 000299.433, 179
Trd, 000299.450, 181
