Trd, 000000.883, 113
Trd, 000001.850, 118
Trd, 000002.667, 112
Trd, 000002.833, 124
Trd, 000003.100, 131
Trd, 000003.117, 144
Trd, 000003.517, 120
Trd, 000004.783, 140
Trd, 000004.933, 151
Trd, 000005.183, 150
Trd, 000005.267, 153
Trd, 000007.183, 152
Trd, 000007.683, 152
Trd, 000007.700, 151
Trd, 000007.800, 153
Trd, 000008.167, 162
Trd, 000009.733, 154
Trd, 000009.917, 154
Trd, 000010.267, 153
Trd, 000011.650, 159
Trd, 000011.800, 166
Trd, 000011.933, 157
Trd, 000012.133, 169
Trd, 000012.233, 156
Trd, 000012.950, 154
Trd, 000013.683, 150
Trd, 000014.383, 149
Trd, 000015.033, 156
Trd, 000016.250, 152
Trd, 000016.467, 153
Trd, 000017.283, 170
Trd, 000017.733, 155
Trd, 000018.433, 160
Trd, 000018.817, 157
Trd, 000019.217, 156
Trd, 000019.317, 164
Trd, 000019.633, 156
Trd, 000019.967, 155
Trd, 000020.733, 154
Trd, 000022.100, 171
Trd, 000022.933, 156
Trd, 000023.217, 156
Trd, 000024.583, 156
Trd, 000024.800, 169
Trd, 000025.267, 169
Trd, 000025.817, 158
Trd, 000025.950, 159
Trd, 000027.867, 164
Trd, 000028.100, 163
Trd, 000028.300, 164
Trd, 000029.017, 164
Trd, 000029.050, 165
Trd, 000029.650, 163
Trd, 000030.067, 163
Trd, 000030.617, 162
Trd, 000031.000, 162
Trd, 000031.567, 162
Trd, 000031.983, 151
Trd, 000032.200, 147
Trd, 000032.817, 147
Trd, 000033.717, 152
Trd, 000033.867, 165
Trd, 000034.067, 166
Trd, 000034.583, 154
Trd, 000035.733, 165
Trd, 000037.600, 158
Trd, 000037.683, 159
Trd, 000038.383, 159
Trd, 000038.800, 160
Trd, 000038.900, 159
Trd, 000039.000, 157
Trd, 000039.017, 157
Trd, 000040.250, 158
Trd, 000041.167, 157
Trd, 000041.183, 166
Trd, 000041.233, 156
Trd, 000041.900, 156
Trd, 000041.933, 152
Trd, 000042.650, 172
Trd, 000043.817, 156
Trd, 000044.767, 176
Trd, 000044.833, 158
Trd, 000046.350, 161
Trd, 000046.517, 170
Trd, 000047.367, 163
Trd, 000047.550, 171
Trd, 000048.367, 177
Trd, 000049.367, 163
Trd, 000050.150, 168
Trd, 000050.633, 163
Trd, 000051.050, 163
Trd, 000051.083, 153
Trd, 000051.983, 161
Trd, 000052.100, 166
Trd, 000052.717, 160
Trd, 000053.417, 159
Trd, 000054.850, 162
Trd, 000055.700, 158
Trd, 000055.717, 163
Trd, 000056.283, 159
Trd, 000056.450, 158
Trd, 000056.550, 156
Trd, 000057.900, 160
Trd, 000058.250, 161
Trd, 000060.000, 162
Trd, 000060.050, 162
Trd, 000060.200, 161
Trd, 000060.450, 165
Trd, 000060.600, 161
Trd, 000062.167, 161
Trd, 000062.600, 156
Trd, 000062.917, 172
Trd, 000063.017, 154
Trd, 000063.083, 150
Trd, 000063.283, 129
Trd, 000063.983, 137
Trd, 000064.550, 142
Trd, 000064.617, 150
Trd, 000067.750, 173
Trd, 000067.950, 175
Trd, 000068.250, 178
Trd, 000069.500, 169
Trd, 000069.833, 171
Trd, 000070.067, 170
Trd, 000070.167, 170
Trd, 000070.283, 169
Trd, 000071.750, 155
Trd, 000071.800, 151
Trd, 000072.533, 131
Trd, 000072.717, 139
Trd, 000072.867, 151
Trd, 000073.800, 148
Trd, 000073.967, 165
Trd, 000075.267, 154
Trd, 000076.050, 156
Trd, 000076.267, 153
Trd, 000076.867, 156
Trd, 000077.250, 158
Trd, 000077.433, 155
Trd, 000077.733, 153
Trd, 000079.183, 152
Trd, 000079.533, 153
Trd, 000079.617, 159
Trd, 000079.783, 162
Trd, 000079.817, 152
Trd, 000080.050, 152
Trd, 000080.817, 172
Trd, 000081.033, 158
Trd, 000081.667, 163
Trd, 000081.700, 160
Trd, 000082.433, 156
Trd, 000082.783, 177
Trd, 000083.133, 159
Trd, 000083.267, 179
Trd, 000085.567, 160
Trd, 000085.617, 163
Trd, 000086.317, 159
Trd, 000086.900, 158
Trd, 000087.767, 156
Trd, 000088.217, 154
Trd, 000089.483, 155
Trd, 000089.800, 165
Trd, 000089.883, 169
Trd, 000090.233, 169
Trd, 000090.883, 157
Trd, 000091.350, 157
Trd, 000091.850, 157
Trd, 000091.967, 156
Trd, 000092.567, 169
Trd, 000092.817, 159
Trd, 000094.250, 169
Trd, 000094.833, 161
Trd, 000094.917, 160
Trd, 000095.000, 160
Trd, 000095.583, 160
Trd, 000095.617, 159
Trd, 000096.233, 157
Trd, 000096.467, 154
Trd, 000096.917, 156
Trd, 000096.983, 170
Trd, 000097.050, 171
Trd, 000097.467, 181
Trd, 000098.617, 178
Trd, 000099.583, 174
Trd, 000099.817, 166
Trd, 000099.883, 176
Trd, 000100.633, 176
Trd, 000100.683, 164
Trd, 000100.967, 165
Trd, 000101.750, 165
Trd, 000102.100, 158
Trd, 000102.883, 158
Trd, 000103.033, 154
Trd, 000103.850, 171
Trd, 000105.183, 164
Trd, 000105.367, 169
Trd, 000105.433, 162
Trd, 000107.333, 164
Trd, 000108.200, 164
Trd, 000108.433, 170
Trd, 000108.817, 171
Trd, 000108.833, 164
Trd, 000109.250, 163
Trd, 000110.033, 163
Trd, 000111.817, 171
Trd, 000112.033, 170
Trd, 000112.100, 170
Trd, 000112.533, 165
Trd, 000112.700, 171
Trd, 000114.133, 170
Trd, 000115.067, 172
Trd, 000115.500, 171
Trd, 000116.017, 169
Trd, 000116.217, 169
Trd, 000116.417, 170
Trd, 000118.883, 171
Trd, 000119.350, 169
Trd, 000119.800, 174
Trd, 000119.850, 169
Trd, 000120.850, 177
Trd, 000120.983, 169
Trd, 000121.350, 180
Trd, 000121.767, 184
Trd, 000121.933, 187
Trd, 000122.133, 191
Trd, 000122.250, 194
Trd, 000122.267, 170
Trd, 000122.533, 208
Trd, 000122.867, 212
Trd, 000123.217, 273
Trd, 000123.650, 285
Trd, 000124.350, 309
Trd, 000124.400, 324
Trd, 000125.150, 313.0
Trd, 000125.283, 324.0
Trd, 000125.367, 292
Trd, 000125.983, 344.0
Trd, 000126.383, 320.0
Trd, 000126.400, 314.0
Trd, 000126.617, 351.0
Trd, 000127.617, 331.0
Trd, 000127.783, 329
Trd, 000128.417, 345.0
Trd, 000128.750, 362.0
Trd, 000130.733, 374.0
Trd, 000131.250, 372.0
Trd, 000132.450, 362
Trd, 000132.883, 364
Trd, 000132.983, 363
Trd, 000133.183, 360
Trd, 000134.900, 358
Trd, 000135.917, 361
Trd, 000136.167, 359
Trd, 000136.183, 357
Trd, 000136.850, 362
Trd, 000137.867, 359
Trd, 000138.583, 360.0
Trd, 000139.300, 361.0
Trd, 000139.467, 359
Trd, 000140.517, 362.0
Trd, 000140.800, 363
Trd, 000141.233, 361
Trd, 000141.550, 362
Trd, 000143.183, 369
Trd, 000143.600, 362
Trd, 000143.933, 364
Trd, 000143.950, 372.0
Trd, 000144.250, 365
Trd, 000144.717, 364
Trd, 000146.633, 364
Trd, 000146.650, 362.0
Trd, 000147.217, 360
Trd, 000147.867, 356
Trd, 000148.000, 350.0
Trd, 000148.100, 361
Trd, 000148.117, 348.0
Trd, 000148.150, 320.0
Trd, 000149.700, 348.0
Trd, 000150.033, 361
Trd, 000151.267, 362.0
Trd, 000151.900, 348
Trd, 000152.067, 347.0
Trd, 000152.433, 357
Trd, 000153.983, 348
Trd, 000155.250, 354
Trd, 000155.533, 354
Trd, 000155.933, 364
Trd, 000156.950, 354
Trd, 000157.433, 355
Trd, 000158.317, 360
Trd, 000158.417, 354
Trd, 000158.450, 354
Trd, 000159.683, 360
Trd, 000159.783, 361
Trd, 000160.250, 354
Trd, 000160.400, 351
Trd, 000160.983, 350
Trd, 000161.283, 360.0
Trd, 000161.933, 351
Trd, 000162.217, 349
Trd, 000163.133, 360
Trd, 000164.850, 360
Trd, 000165.050, 364
Trd, 000165.150, 358
Trd, 000165.350, 359
Trd, 000166.117, 356
Trd, 000166.200, 355
Trd, 000167.100, 353
Trd, 000167.650, 348.0
Trd, 000167.767, 344.0
Trd, 000169.867, 350.0
Trd, 000170.417, 351.0
Trd, 000170.433, 351
Trd, 000171.600, 368
Trd, 000171.817, 364
Trd, 000172.033, 351
Trd, 000172.117, 355
Trd, 000172.317, 348.0
Trd, 000172.400, 365
Trd, 000172.533, 347
Trd, 000173.533, 348
Trd, 000173.617, 348.0
Trd, 000175.167, 351
Trd, 000175.700, 352
Trd, 000175.817, 350
Trd, 000176.433, 349
Trd, 000177.300, 350
Trd, 000177.367, 354
Trd, 000177.667, 356
Trd, 000178.350, 350
Trd, 000179.167, 367
Trd, 000180.000, 351
Trd, 000180.417, 352
Trd, 000180.767, 352
Trd, 000181.017, 350
Trd, 000181.983, 351
Trd, 000182.300, 349
Trd, 000182.583, 348.0
Trd, 000182.817, 344.0
Trd, 000183.150, 313.0
Trd, 000183.367, 306.0
Trd, 000183.650, 300
Trd, 000183.667, 261
Trd, 000183.717, 205
Trd, 000184.000, 174
Trd, 000184.050, 173
Trd, 000184.717, 242
Trd, 000184.733, 216
Trd, 000186.467, 218
Trd, 000187.167, 201
Trd, 000188.183, 203
Trd, 000188.567, 202
Trd, 000188.733, 200
Trd, 000189.083, 185
Trd, 000189.333, 182
Trd, 000190.333, 191
Trd, 000190.667, 190
Trd, 000191.500, 187
Trd, 000191.967, 187
Trd, 000192.083, 186
Trd, 000192.150, 187
Trd, 000193.450, 184
Trd, 000193.467, 183
Trd, 000194.583, 186
Trd, 000194.967, 184
Trd, 000195.183, 187
Trd, 000195.200, 182
Trd, 000197.283, 183
Trd, 000197.833, 181
Trd, 000197.883, 181
Trd, 000198.050, 180
Trd, 000198.167, 167
Trd, 000198.233, 183
Trd, 000198.983, 164
Trd, 000199.100, 183
Trd, 000199.917, 168
Trd, 000201.533, 178
Trd, 000202.300, 180
Trd, 000202.350, 188
Trd, 000202.850, 177
Trd, 000203.333, 178
Trd, 000203.750, 177
Trd, 000204.433, 187
Trd, 000205.417, 176
Trd, 000207.467, 178
Trd, 000208.250, 178
Trd, 000209.267, 177
Trd, 000209.517, 175
Trd, 000209.667, 180
Trd, 000209.817, 174
Trd, 000209.983, 169
Trd, 000210.100, 182
Trd, 000211.617, 179
Trd, 000211.983, 187
Trd, 000212.017, 189
Trd, 000212.233, 179
Trd, 000212.417, 178
Trd, 000213.700, 179
Trd, 000216.200, 183
Trd, 000216.250, 183
Trd, 000217.633, 184
Trd, 000218.100, 183
Trd, 000218.133, 180
Trd, 000218.583, 178
Trd, 000218.767, 166
Trd, 000220.250, 182
Trd, 000220.417, 183
Trd, 000220.967, 182
Trd, 000221.433, 185
Trd, 000221.450, 189
Trd, 000221.633, 190
Trd, 000221.850, 194
Trd, 000221.883, 181
Trd, 000222.583, 194
Trd, 000222.867, 171
Trd, 000224.033, 175
Trd, 000226.150, 179
Trd, 000227.150, 180
Trd, 000227.883, 181
Trd, 000228.150, 180
Trd, 000228.250, 183
Trd, 000228.400, 179
Trd, 000228.717, 185
Trd, 000229.250, 168
Trd, 000229.550, 175
Trd, 000230.000, 191
Trd, 000230.033, 194
Trd, 000230.917, 185
Trd, 000234.067, 184
Trd, 000234.317, 184
Trd, 000234.733, 183
Trd, 000235.467, 182
Trd, 000236.250, 181
Trd, 000236.450, 184
Trd, 000236.550, 181
Trd, 000237.333, 173
Trd, 000237.600, 181
Trd, 000238.033, 175
Trd, 000238.383, 174
Trd, 000240.067, 177
Trd, 000240.983, 179
Trd, 000241.033, 177
Trd, 000241.233, 179
Trd, 000241.300, 181
Trd, 000241.833, 179
Trd, 000242.017, 183
Trd, 000242.250, 177
Trd, 000243.017, 182
Trd, 000243.667, 183
Trd, 000244.583, 184
Trd, 000244.717, 181
Trd, 000245.400, 184
Trd, 000245.783, 182
Trd, 000246.000, 182
Trd, 000246.317, 182
Trd, 000246.817, 186
Trd, 000246.983, 182
Trd, 000247.183, 187
Trd, 000247.900, 182
Trd, 000248.683, 189
Trd, 000249.517, 183
Trd, 000250.967, 182
Trd, 000251.183, 181
Trd, 000251.217, 183
Trd, 000251.450, 179
Trd, 000251.600, 183
Trd, 000252.350, 180
Trd, 000252.467, 181
Trd, 000253.200, 181
Trd, 000253.267, 182
Trd, 000253.483, 181
Trd, 000253.650, 181
Trd, 000253.783, 185
Trd, 000254.350, 180
Trd, 000254.450, 176
Trd, 000254.567, 176
Trd, 000254.633, 188
Trd, 000255.633, 177
Trd, 000256.167, 181
Trd, 000256.300, 175
Trd, 000256.767, 181
Trd, 000256.917, 180
Trd, 000258.583, 177
Trd, 000258.600, 179
Trd, 000258.850, 176
Trd, 000259.033, 173
Trd, 000260.117, 174
Trd, 000260.350, 176
Trd, 000260.767, 171
Trd, 000260.967, 170
Trd, 000261.617, 177
Trd, 000261.817, 188
Trd, 000261.917, 174
Trd, 000262.317, 173
Trd, 000263.200, 173
Trd, 000263.267, 175
Trd, 000263.483, 174
Trd, 000264.167, 176
Trd, 000264.267, 172
Trd, 000265.267, 174
Trd, 000265.400, 170
Trd, 000265.933, 165
Trd, 000266.033, 167
Trd, 000266.200, 158
Trd, 000266.567, 171
Trd, 000266.767, 168
Trd, 000267.750, 183
Trd, 000267.967, 172
Trd, 000268.500, 175
Trd, 000269.433, 176
Trd, 000269.617, 185
Trd, 000270.567, 188
Trd, 000270.917, 185
Trd, 000271.250, 184
Trd, 000271.450, 183
Trd, 000271.467, 183
Trd, 000271.600, 183
Trd, 000271.950, 183
Trd, 000272.000, 182
Trd, 000272.850, 187
Trd, 000273.817, 183
Trd, 000274.083, 182
Trd, 000274.717, 183
Trd, 000275.317, 184
Trd, 000275.617, 185
Trd, 000275.933, 184
Trd, 000276.083, 185
Trd, 000276.217, 182
Trd, 000276.700, 183
Trd, 000277.483, 184
Trd, 000277.717, 182
Trd, 000278.167, 182
Trd, 000278.417, 181
Trd, 000278.583, 187
Trd, 000279.900, 185
Trd, 000280.000, 186
Trd, 000280.433, 189
Trd, 000280.450, 183
Trd, 000280.533, 180
Trd, 000280.817, 180
Trd, 000281.150, 182
Trd, 000281.717, 180
Trd, 000282.033, 180
Trd, 000282.333, 180
Trd, 000283.133, 190
Trd, 000283.400, 179
Trd, 000283.483, 196
Trd, 000283.767, 179
Trd, 000285.067, 183
Trd, 000285.233, 187
Trd, 000285.667, 183
Trd, 000286.800, 183
Trd, 000287.067, 182
Trd, 000287.167, 185
Trd, 000287.217, 182
Trd, 000287.450, 184
Trd, 000287.650, 182
Trd, 000287.850, 181
Trd, 000288.850, 180
Trd, 000289.033, 179
Trd, 000289.117, 177
Trd, 000289.300, 180
Trd, 000289.850, 185
Trd, 000290.033, 171
Trd, 000290.617, 187
Trd, 000290.750, 191
Trd, 000291.117, 177
Trd, 000292.033, 161
Trd, 000292.267, 160
Trd, 000293.217, 191
Trd, 000293.283, 180
Trd, 000293.783, 181
Trd, 000293.800, 181
Trd, 000293.983, 194
Trd, 000294.267, 181
Trd, 000294.567, 180
Trd, 000294.600, 197
Trd, 000295.700, 185
Trd, 000295.750, 184
Trd, 000296.267, 186
Trd, 000296.317, 179
Trd, 000296.900, 180
Trd, 000297.100, 180
Trd, 000297.383, 187
Trd, 000299.317, 181
Trd, 000299.467, 188
Trd, 000299.500, 184
