Trd, 000001.350, 127
Trd, 000002.000, 116
Trd, 000002.683, 134
Trd, 000004.250, 131
Trd, 000004.550, 134
Trd, 000004.967, 135
Trd, 000005.467, 134
Trd, 000006.100, 137
Trd, 000006.600, 153
Trd, 000006.617, 131
Trd, 000006.967, 161
Trd, 000007.500, 135
Trd, 000008.583, 146
Trd, 000008.617, 163
Trd, 000008.767, 146
Trd, 000010.467, 153
Trd, 000012.150, 152
Trd, 000012.783, 150
Trd, 000013.850, 152
Trd, 000014.550, 153
Trd, 000015.067, 152
Trd, 000015.867, 151
Trd, 000016.267, 147
Trd, 000016.483, 148
Trd, 000017.233, 145
Trd, 000018.400, 149
Trd, 000020.383, 148
Trd, 000021.083, 152
Trd, 000021.933, 148
Trd, 000022.183, 150
Trd, 000023.117, 148
Trd, 000023.267, 147
Trd, 000023.767, 146
Trd, 000024.267, 147
Trd, 000024.650, 149
Trd, 000025.267, 151
Trd, 000025.383, 152
Trd, 000026.033, 153
Trd, 000026.850, 150
Trd, 000027.750, 151
Trd, 000027.767, 150
Trd, 000028.017, 156
Trd, 000029.200, 147
Trd, 000030.600, 158
Trd, 000031.467, 157
Trd, 000031.900, 156
Trd, 000032.150, 156
Trd, 000034.533, 153
Trd, 000034.783, 146
Trd, 000035.033, 155
Trd, 000035.117, 156
Trd, 000035.317, 150
Trd, 000036.533, 153
Trd, 000036.933, 155
Trd, 000037.183, 152
Trd, 000037.383, 151
Trd, 000039.350, 155
Trd, 000039.917, 155
Trd, 000040.150, 155
Trd, 000040.400, 153
Trd, 000040.567, 149
Trd, 000040.800, 154
Trd, 000042.817, 152
Trd, 000043.233, 150
Trd, 000043.533, 154
Trd, 000043.983, 150
Trd, 000044.667, 151
Trd, 000044.733, 154
Trd, 000045.583, 151
Trd, 000045.783, 152
Trd, 000047.900, 167
Trd, 000047.933, 158
Trd, 000048.350, 158
Trd, 000050.050, 159
Trd, 000050.450, 160
Trd, 000050.733, 160
Trd, 000050.833, 158
Trd, 000051.900, 159
Trd, 000052.283, 157
Trd, 000052.350, 155
Trd, 000052.950, 156
Trd, 000053.100, 154
Trd, 000053.283, 155
Trd, 000053.400, 150
Trd, 000053.450, 156
Trd, 000053.800, 151
Trd, 000057.650, 157
Trd, 000057.850, 156
Trd, 000057.933, 155
Trd, 000058.383, 159
Trd, 000058.450, 154
Trd, 000058.683, 164
Trd, 000061.783, 159
Trd, 000061.850, 158
Trd, 000062.967, 162
Trd, 000063.767, 162
Trd, 000064.017, 161
Trd, 000064.900, 158
Trd, 000065.033, 158
Trd, 000065.383, 165
Trd, 000066.367, 154
Trd, 000066.483, 150
Trd, 000067.850, 154
Trd, 000068.117, 155
Trd, 000068.267, 156
Trd, 000069.983, 164
Trd, 000070.117, 165
Trd, 000070.333, 155
Trd, 000070.800, 165
Trd, 000070.817, 153
Trd, 000071.233, 150
Trd, 000072.733, 164
Trd, 000073.983, 158
Trd, 000074.283, 153
Trd, 000074.550, 152
Trd, 000074.800, 157
Trd, 000075.200, 150
Trd, 000075.933, 149
Trd, 000077.217, 155
Trd, 000077.400, 156
Trd, 000078.367, 158
Trd, 000078.750, 159
Trd, 000079.267, 160
Trd, 000079.600, 158
Trd, 000079.650, 155
Trd, 000081.017, 160
Trd, 000081.383, 156
Trd, 000081.433, 158
Trd, 000082.017, 156
Trd, 000082.883, 159
Trd, 000083.650, 157
Trd, 000084.700, 151
Trd, 000085.250, 149
Trd, 000085.383, 156
Trd, 000086.550, 153
Trd, 000086.717, 153
Trd, 000086.933, 155
Trd, 000087.283, 154
Trd, 000087.417, 155
Trd, 000087.833, 155
Trd, 000088.700, 157
Trd, 000089.350, 156
Trd, 000091.150, 155
Trd, 000091.983, 158
Trd, 000092.367, 153
Trd, 000093.550, 154
Trd, 000093.917, 155
Trd, 000094.867, 155
Trd, 000095.800, 156
Trd, 000096.000, 155
Trd, 000097.383, 157
Trd, 000097.900, 157
Trd, 000098.483, 157
Trd, 000098.567, 144
Trd, 000099.650, 151
Trd, 000100.067, 152
Trd, 000100.733, 152
Trd, 000101.133, 160
Trd, 000102.483, 152
Trd, 000102.850, 152
Trd, 000104.467, 158
Trd, 000104.633, 155
Trd, 000105.400, 156
Trd, 000105.733, 157
Trd, 000106.050, 161
Trd, 000106.150, 156
Trd, 000106.217, 141
Trd, 000106.550, 162
Trd, 000107.817, 146
Trd, 000108.667, 160
Trd, 000108.750, 154
Trd, 000109.300, 163
Trd, 000110.833, 164
Trd, 000111.083, 165
Trd, 000111.133, 162
Trd, 000112.100, 164
Trd, 000112.733, 162
Trd, 000112.767, 165
Trd, 000113.717, 161
Trd, 000113.783, 160
Trd, 000115.100, 153
Trd, 000115.200, 162
Trd, 000116.117, 151
Trd, 000117.200, 153
Trd, 000118.567, 155
Trd, 000119.133, 155
Trd, 000119.183, 155
Trd, 000119.400, 155
Trd, 000119.683, 154
Trd, 000119.700, 152
Trd, 000120.983, 157
Trd, 000122.350, 163
Trd, 000122.467, 174
Trd, 000122.483, 180
Trd, 000122.617, 187
Trd, 000122.667, 198
Trd, 000122.700, 202
Trd, 000123.350, 231
Trd, 000123.733, 294
Trd, 000123.950, 300.0
Trd, 000124.233, 306.0
Trd, 000124.733, 317.0
Trd, 000125.033, 320.0
Trd, 000125.333, 313.0
Trd, 000125.467, 327.0
Trd, 000126.433, 334.0
Trd, 000126.817, 337.0
Trd, 000127.017, 358
Trd, 000129.567, 343
Trd, 000131.017, 352
Trd, 000131.033, 361.0
Trd, 000131.283, 350
Trd, 000131.967, 350
Trd, 000132.083, 351
Trd, 000133.367, 349
Trd, 000133.783, 352
Trd, 000134.417, 350
Trd, 000134.633, 348
Trd, 000135.333, 345
Trd, 000136.550, 343
Trd, 000136.700, 342
Trd, 000136.800, 341
Trd, 000137.117, 344
Trd, 000137.500, 344
Trd, 000137.717, 344
Trd, 000137.833, 338
Trd, 000137.917, 335.0
Trd, 000138.900, 335.0
Trd, 000139.217, 334.0
Trd, 000139.367, 342
Trd, 000139.467, 344
Trd, 000140.517, 332
Trd, 000141.917, 351
Trd, 000141.983, 332
Trd, 000142.017, 332
Trd, 000143.600, 339
Trd, 000144.367, 339
Trd, 000144.950, 340
Trd, 000145.167, 339
Trd, 000145.183, 340
Trd, 000147.800, 343
Trd, 000148.683, 342
Trd, 000148.783, 340
Trd, 000149.317, 340
Trd, 000149.917, 337
Trd, 000150.450, 337.0
Trd, 000150.867, 337.0
Trd, 000151.167, 334
Trd, 000151.417, 340
Trd, 000151.867, 346
Trd, 000152.083, 334.0
Trd, 000152.433, 331.0
Trd, 000153.783, 330
Trd, 000154.250, 333.0
Trd, 000155.017, 334.0
Trd, 000156.000, 334
Trd, 000156.617, 337
Trd, 000157.033, 337.0
Trd, 000158.000, 338
Trd, 000158.150, 337
Trd, 000158.950, 340
Trd, 000159.433, 332
Trd, 000161.133, 347
Trd, 000161.733, 361.0
Trd, 000162.683, 355
Trd, 000163.183, 356
Trd, 000163.550, 355
Trd, 000163.733, 359.0
Trd, 000163.917, 359
Trd, 000164.033, 355
Trd, 000166.117, 355.0
Trd, 000166.500, 348
Trd, 000167.133, 353.0
Trd, 000169.600, 346
Trd, 000169.633, 343
Trd, 000169.650, 352
Trd, 000170.667, 344
Trd, 000171.033, 342
Trd, 000171.583, 341
Trd, 000171.750, 340
Trd, 000172.067, 338
Trd, 000172.317, 334.0
Trd, 000174.867, 343
Trd, 000175.083, 345
Trd, 000175.883, 345
Trd, 000176.400, 344
Trd, 000176.783, 345
Trd, 000177.033, 344
Trd, 000178.200, 345
Trd, 000178.300, 344
Trd, 000179.217, 346
Trd, 000179.383, 342
Trd, 000179.817, 339
Trd, 000182.217, 341
Trd, 000182.300, 336
Trd, 000182.833, 334.0
Trd, 000183.083, 333
Trd, 000183.250, 331.0
Trd, 000183.683, 200
Trd, 000183.933, 197
Trd, 000184.100, 198
Trd, 000184.150, 193
Trd, 000184.333, 176
Trd, 000184.700, 189
Trd, 000184.750, 176
Trd, 000185.900, 175
Trd, 000186.567, 174
Trd, 000186.783, 173
Trd, 000187.000, 181
Trd, 000187.333, 152
Trd, 000188.183, 178
Trd, 000188.800, 181
Trd, 000189.250, 153
Trd, 000189.967, 162
Trd, 000190.800, 176
Trd, 000190.983, 169
Trd, 000191.317, 168
Trd, 000193.317, 171
Trd, 000194.033, 172
Trd, 000194.100, 172
Trd, 000195.267, 172
Trd, 000195.367, 173
Trd, 000195.400, 165
Trd, 000196.200, 161
Trd, 000196.350, 154
Trd, 000197.117, 154
Trd, 000197.400, 182
Trd, 000197.450, 153
Trd, 000197.533, 153
Trd, 000199.533, 167
Trd, 000200.800, 168
Trd, 000200.867, 169
Trd, 000201.117, 168
Trd, 000202.017, 170
Trd, 000203.917, 172
Trd, 000204.317, 173
Trd, 000204.683, 169
Trd, 000205.500, 181
Trd, 000206.767, 173
Trd, 000206.967, 174
Trd, 000207.167, 172
Trd, 000207.400, 164
Trd, 000207.767, 166
Trd, 000207.817, 173
Trd, 000207.900, 157
Trd, 000209.133, 168
Trd, 000209.233, 164
Trd, 000209.250, 169
Trd, 000210.150, 164
Trd, 000211.167, 165
Trd, 000212.233, 166
Trd, 000212.983, 165
Trd, 000213.050, 164
Trd, 000213.800, 162
Trd, 000215.383, 161
Trd, 000216.200, 161
Trd, 000216.550, 162
Trd, 000217.150, 158
Trd, 000218.133, 161
Trd, 000218.167, 158
Trd, 000219.983, 165
Trd, 000220.417, 165
Trd, 000220.850, 165
Trd, 000220.883, 171
Trd, 000222.500, 168
Trd, 000222.583, 169
Trd, 000222.850, 167
Trd, 000223.233, 167
Trd, 000224.583, 169
Trd, 000224.767, 167
Trd, 000225.500, 172
Trd, 000228.050, 172
Trd, 000228.767, 171
Trd, 000228.817, 173
Trd, 000228.867, 171
Trd, 000229.117, 174
Trd, 000230.683, 169
Trd, 000232.100, 175
Trd, 000232.250, 168
Trd, 000232.850, 168
Trd, 000233.100, 167
Trd, 000233.133, 166
Trd, 000233.333, 171
Trd, 000234.533, 167
Trd, 000235.283, 165
Trd, 000235.950, 155
Trd, 000236.967, 167
Trd, 000237.117, 161
Trd, 000237.733, 160
Trd, 000238.967, 166
Trd, 000239.783, 169
Trd, 000239.900, 169
Trd, 000240.100, 166
Trd, 000240.217, 165
Trd, 000240.350, 164
Trd, 000240.467, 164
Trd, 000241.450, 173
Trd, 000241.467, 171
Trd, 000242.283, 172
Trd, 000242.333, 169
Trd, 000242.750, 166
Trd, 000243.200, 166
Trd, 000244.650, 167
Trd, 000245.233, 175
Trd, 000245.800, 175
Trd, 000245.917, 174
Trd, 000246.300, 173
Trd, 000246.367, 171
Trd, 000246.483, 172
Trd, 000246.850, 169
Trd, 000247.033, 174
Trd, 000247.183, 171
Trd, 000247.350, 168
Trd, 000248.150, 170
Trd, 000248.667, 171
Trd, 000249.017, 169
Trd, 000249.883, 175
Trd, 000250.133, 176
Trd, 000250.200, 168
Trd, 000250.317, 168
Trd, 000250.583, 172
Trd, 000251.167, 170
Trd, 000251.433, 171
Trd, 000251.783, 171
Trd, 000252.267, 171
Trd, 000252.750, 170
Trd, 000253.167, 172
Trd, 000253.367, 173
Trd, 000253.700, 171
Trd, 000254.967, 178
Trd, 000254.983, 180
Trd, 000255.000, 176
Trd, 000255.517, 180
Trd, 000255.583, 179
Trd, 000256.183, 170
Trd, 000256.750, 174
Trd, 000257.283, 175
Trd, 000257.383, 174
Trd, 000257.700, 173
Trd, 000258.133, 172
Trd, 000258.267, 175
Trd, 000259.033, 169
Trd, 000259.233, 172
Trd, 000259.767, 173
Trd, 000260.517, 174
Trd, 000260.650, 176
Trd, 000261.067, 172
Trd, 000261.733, 169
Trd, 000261.883, 174
Trd, 000262.267, 177
Trd, 000262.567, 181
Trd, 000263.333, 187
Trd, 000263.633, 185
Trd, 000264.167, 181
Trd, 000264.600, 182
Trd, 000265.383, 181
Trd, 000265.567, 181
Trd, 000266.017, 181
Trd, 000266.317, 181
Trd, 000266.367, 180
Trd, 000267.000, 178
Trd, 000267.333, 177
Trd, 000267.550, 177
Trd, 000268.117, 172
Trd, 000268.433, 171
Trd, 000269.233, 171
Trd, 000269.317, 169
Trd, 000269.667, 170
Trd, 000269.733, 173
Trd, 000269.867, 174
Trd, 000269.950, 178
Trd, 000270.167, 173
Trd, 000270.183, 195
Trd, 000271.533, 173
Trd, 000271.600, 174
Trd, 000271.667, 168
Trd, 000272.450, 173
Trd, 000272.800, 169
Trd, 000273.550, 169
Trd, 000273.800, 174
Trd, 000273.900, 168
Trd, 000275.650, 169
Trd, 000276.100, 169
Trd, 000276.150, 174
Trd, 000276.250, 175
Trd, 000276.267, 169
Trd, 000276.400, 181
Trd, 000276.433, 168
Trd, 000277.817, 170
Trd, 000277.850, 168
Trd, 000278.417, 161
Trd, 000279.617, 175
Trd, 000280.000, 183
Trd, 000280.250, 179
Trd, 000280.267, 177
Trd, 000280.750, 170
Trd, 000281.350, 181
Trd, 000281.900, 180
Trd, 000281.933, 179
Trd, 000282.267, 175
Trd, 000282.817, 174
Trd, 000283.017, 173
Trd, 000283.100, 171
Trd, 000283.333, 179
Trd, 000283.683, 175
Trd, 000283.700, 172
Trd, 000284.017, 176
Trd, 000284.417, 182
Trd, 000284.750, 180
Trd, 000284.917, 183
Trd, 000285.800, 182
Trd, 000285.817, 189
Trd, 000286.083, 180
Trd, 000287.200, 177
Trd, 000287.583, 172
Trd, 000288.000, 179
Trd, 000289.083, 179
Trd, 000290.217, 176
Trd, 000290.233, 177
Trd, 000290.883, 175
Trd, 000291.133, 175
Trd, 000291.433, 177
Trd, 000291.617, 174
Trd, 000291.733, 177
Trd, 000292.650, 175
Trd, 000292.750, 172
Trd, 000293.083, 177
Trd, 000293.133, 168
Trd, 000293.267, 180
Trd, 000293.700, 184
Trd, 000293.917, 171
Trd, 000295.983, 176
Trd, 000296.033, 175
Trd, 000296.350, 179
Trd, 000296.383, 180
Trd, 000296.417, 174
Trd, 000296.433, 173
Trd, 000296.967, 176
Trd, 000297.250, 177
Trd, 000297.683, 178
Trd, 000298.233, 183
Trd, 000298.267, 177
Trd, 000299.917, 180
