Trd, 000001.750, 137
Trd, 000002.783, 127
Trd, 000002.833, 113
Trd, 000003.450, 148
Trd, 000003.767, 137
Trd, 000004.000, 120
Trd, 000004.467, 144
Trd, 000005.517, 156
Trd, 000005.733, 146
Trd, 000006.033, 146
Trd, 000006.800, 146
Trd, 000007.150, 131
Trd, 000007.283, 148
Trd, 000007.483, 149
Trd, 000007.767, 152
Trd, 000008.283, 150
Trd, 000008.867, 154
Trd, 000009.967, 150
Trd, 000010.000, 150
Trd, 000010.183, 154
Trd, 000011.317, 152
Trd, 000011.633, 152
Trd, 000011.667, 151
Trd, 000012.383, 155
Trd, 000012.867, 145
Trd, 000013.867, 138
Trd, 000013.917, 150
Trd, 000014.933, 152
Trd, 000016.083, 159
Trd, 000017.117, 153
Trd, 000017.167, 149
Trd, 000017.617, 162
Trd, 000018.567, 150
Trd, 000018.800, 155
Trd, 000018.883, 160
Trd, 000019.267, 150
Trd, 000019.900, 167
Trd, 000020.367, 158
Trd, 000020.567, 159
Trd, 000021.417, 146
Trd, 000022.233, 157
Trd, 000023.033, 147
Trd, 000023.450, 159
Trd, 000023.750, 147
Trd, 000023.933, 146
Trd, 000024.050, 157
Trd, 000024.267, 158
Trd, 000024.333, 146
Trd, 000027.050, 151
Trd, 000027.633, 151
Trd, 000027.950, 158
Trd, 000028.433, 153
Trd, 000028.483, 146
Trd, 000029.233, 158
Trd, 000029.533, 158
Trd, 000029.733, 159
Trd, 000030.383, 150
Trd, 000030.417, 147
Trd, 000031.317, 148
Trd, 000032.783, 151
Trd, 000032.850, 157
Trd, 000032.883, 147
Trd, 000033.567, 155
Trd, 000034.217, 150
Trd, 000034.350, 130
Trd, 000034.800, 131
Trd, 000034.917, 157
Trd, 000035.083, 140
Trd, 000036.700, 146
Trd, 000036.850, 147
Trd, 000037.483, 142
Trd, 000037.833, 162
Trd, 000038.983, 167
Trd, 000039.167, 158
Trd, 000039.833, 172
Trd, 000040.050, 154
Trd, 000040.333, 148
Trd, 000040.683, 167
Trd, 000042.233, 184
Trd, 000042.267, 179
Trd, 000043.817, 172
Trd, 000043.883, 174
Trd, 000045.083, 174
Trd, 000045.117, 173
Trd, 000045.333, 168
Trd, 000045.450, 166
Trd, 000045.500, 172
Trd, 000046.367, 168
Trd, 000046.917, 157
Trd, 000046.983, 155
Trd, 000047.200, 148
Trd, 000047.467, 168
Trd, 000047.933, 166
Trd, 000048.850, 164
Trd, 000049.550, 164
Trd, 000050.117, 154
Trd, 000050.133, 150
Trd, 000050.450, 149
Trd, 000050.517, 158
Trd, 000051.983, 143
Trd, 000052.400, 143
Trd, 000052.583, 157
Trd, 000053.400, 150
Trd, 000053.633, 155
Trd, 000053.883, 149
Trd, 000054.250, 155
Trd, 000054.450, 154
Trd, 000054.683, 155
Trd, 000054.767, 149
Trd, 000055.183, 156
Trd, 000055.383, 149
Trd, 000055.983, 143
Trd, 000056.533, 146
Trd, 000057.100, 143
Trd, 000057.283, 163
Trd, 000058.300, 151
Trd, 000058.583, 174
Trd, 000058.750, 180
Trd, 000059.217, 167
Trd, 000059.383, 157
Trd, 000060.317, 161
Trd, 000060.800, 153
Trd, 000061.000, 144
Trd, 000061.067, 161
Trd, 000061.600, 165
Trd, 000062.867, 167
Trd, 000063.783, 158
Trd, 000064.150, 161
Trd, 000064.233, 152
Trd, 000064.467, 150
Trd, 000064.750, 143
Trd, 000065.050, 143
Trd, 000065.617, 144
Trd, 000066.933, 133
Trd, 000067.783, 134
Trd, 000068.017, 139
Trd, 000068.400, 144
Trd, 000069.200, 133
Trd, 000069.733, 148
Trd, 000070.017, 149
Trd, 000070.450, 151
Trd, 000071.117, 153
Trd, 000071.200, 175
Trd, 000071.450, 152
Trd, 000071.633, 167
Trd, 000071.700, 153
Trd, 000071.933, 174
Trd, 000071.983, 182
Trd, 000072.733, 170
Trd, 000072.750, 169
Trd, 000072.933, 169
Trd, 000073.433, 167
Trd, 000074.933, 182
Trd, 000075.283, 183
Trd, 000075.750, 170
Trd, 000076.333, 172
Trd, 000076.400, 147
Trd, 000076.433, 172
Trd, 000076.600, 146
Trd, 000077.050, 172
Trd, 000077.817, 145
Trd, 000078.767, 157
Trd, 000079.083, 154
Trd, 000080.517, 158
Trd, 000080.900, 156
Trd, 000081.633, 156
Trd, 000082.000, 156
Trd, 000082.550, 157
Trd, 000082.683, 156
Trd, 000082.733, 162
Trd, 000082.750, 155
Trd, 000083.200, 154
Trd, 000083.383, 166
Trd, 000084.017, 183
Trd, 000084.533, 152
Trd, 000084.650, 171
Trd, 000084.667, 174
Trd, 000085.633, 182
Trd, 000085.733, 181
Trd, 000086.333, 176
Trd, 000086.400, 172
Trd, 000087.733, 153
Trd, 000088.717, 165
Trd, 000089.800, 168
Trd, 000090.000, 167
Trd, 000090.033, 160
Trd, 000090.333, 153
Trd, 000090.500, 170
Trd, 000091.150, 170
Trd, 000091.367, 168
Trd, 000091.633, 157
Trd, 000092.000, 167
Trd, 000092.467, 156
Trd, 000092.600, 136
Trd, 000092.817, 146
Trd, 000094.300, 153
Trd, 000094.833, 157
Trd, 000095.750, 157
Trd, 000096.000, 160
Trd, 000096.117, 161
Trd, 000096.900, 156
Trd, 000098.083, 160
Trd, 000098.183, 159
Trd, 000099.283, 158
Trd, 000099.383, 158
Trd, 000099.817, 158
Trd, 000100.317, 157
Trd, 000100.717, 169
Trd, 000101.000, 164
Trd, 000102.000, 162
Trd, 000102.117, 178
Trd, 000102.267, 159
Trd, 000102.450, 179
Trd, 000102.950, 178
Trd, 000102.983, 165
Trd, 000103.517, 156
Trd, 000104.100, 161
Trd, 000104.350, 161
Trd, 000104.667, 166
Trd, 000107.183, 160
Trd, 000107.767, 163
Trd, 000108.083, 179
Trd, 000109.383, 167
Trd, 000109.767, 162
Trd, 000110.567, 160
Trd, 000110.950, 157
Trd, 000111.867, 166
Trd, 000112.200, 155
Trd, 000112.483, 166
Trd, 000112.550, 149
Trd, 000112.633, 169
Trd, 000112.650, 186
Trd, 000113.067, 148
Trd, 000114.500, 148
Trd, 000115.250, 157
Trd, 000115.800, 156
Trd, 000115.867, 158
Trd, 000116.400, 158
Trd, 000118.083, 158
Trd, 000118.200, 157
Trd, 000118.267, 159
Trd, 000118.583, 177
Trd, 000118.783, 167
Trd, 000118.900, 180
Trd, 000119.133, 157
Trd, 000119.567, 167
Trd, 000119.633, 157
Trd, 000120.900, 168
Trd, 000120.933, 168
Trd, 000121.083, 157
Trd, 000121.417, 178
Trd, 000121.633, 186
Trd, 000122.233, 187
Trd, 000122.933, 191
Trd, 000123.117, 198
Trd, 000123.167, 205
Trd, 000123.683, 287
Trd, 000123.817, 198
Trd, 000123.950, 303
Trd, 000124.983, 313.0
Trd, 000125.167, 317.0
Trd, 000125.817, 324.0
Trd, 000126.967, 327.0
Trd, 000127.150, 337.0
Trd, 000128.717, 335
Trd, 000129.150, 333
Trd, 000129.183, 337.0
Trd, 000129.500, 355.0
Trd, 000129.633, 333
Trd, 000129.867, 327.0
Trd, 000130.400, 332
Trd, 000130.550, 354
Trd, 000131.750, 344.0
Trd, 000132.417, 338.0
Trd, 000132.633, 347
Trd, 000132.700, 338.0
Trd, 000133.033, 337.0
Trd, 000133.833, 345
Trd, 000134.050, 349
Trd, 000134.150, 334
Trd, 000134.800, 368
Trd, 000135.700, 355
Trd, 000136.517, 373.0
Trd, 000136.633, 357
Trd, 000136.883, 344.0
Trd, 000137.167, 342
Trd, 000137.733, 341
Trd, 000138.000, 339
Trd, 000138.200, 327.0
Trd, 000138.700, 351
Trd, 000139.133, 368
Trd, 000139.783, 367.0
Trd, 000141.450, 362
Trd, 000141.467, 345.0
Trd, 000141.700, 346
Trd, 000142.100, 344.0
Trd, 000142.417, 337.0
Trd, 000142.883, 350
Trd, 000143.100, 368.0
Trd, 000143.617, 375.0
Trd, 000144.350, 343
Trd, 000144.800, 342
Trd, 000147.617, 349.0
Trd, 000148.483, 348.0
Trd, 000148.800, 348
Trd, 000149.117, 346
Trd, 000149.250, 353
Trd, 000150.167, 355
Trd, 000151.300, 345.0
Trd, 000152.517, 350.0
Trd, 000152.783, 350.0
Trd, 000153.050, 347
Trd, 000153.083, 356
Trd, 000153.117, 358.0
Trd, 000153.550, 346
Trd, 000154.017, 346
Trd, 000154.633, 345.0
Trd, 000155.350, 362
Trd, 000155.700, 344.0
Trd, 000156.317, 338.0
Trd, 000156.950, 337.0
Trd, 000157.733, 337.0
Trd, 000158.767, 347
Trd, 000159.217, 347
Trd, 000159.450, 347
Trd, 000160.233, 345.0
Trd, 000160.500, 344.0
Trd, 000160.517, 351
Trd, 000160.800, 349
Trd, 000161.383, 342
Trd, 000162.417, 354
Trd, 000162.817, 344.0
Trd, 000163.483, 351
Trd, 000163.967, 348
Trd, 000164.133, 352
Trd, 000165.617, 350
Trd, 000165.683, 352
Trd, 000166.183, 346
Trd, 000166.550, 350
Trd, 000166.883, 346
Trd, 000167.867, 368.0
Trd, 000167.933, 341
Trd, 000168.817, 353
Trd, 000169.183, 345.0
Trd, 000170.317, 355
Trd, 000170.467, 356
Trd, 000171.200, 347
Trd, 000171.817, 346.0
Trd, 000174.133, 351
Trd, 000174.333, 350
Trd, 000174.367, 348
Trd, 000174.700, 345
Trd, 000175.200, 350
Trd, 000176.100, 346.0
Trd, 000176.133, 350
Trd, 000176.567, 348
Trd, 000177.083, 344.0
Trd, 000178.750, 344
Trd, 000179.200, 342
Trd, 000180.217, 344
Trd, 000180.633, 342
Trd, 000180.883, 337.0
Trd, 000181.283, 338
Trd, 000181.350, 327.0
Trd, 000181.417, 318
Trd, 000181.633, 351
Trd, 000182.033, 322
Trd, 000182.167, 352
Trd, 000182.433, 316
Trd, 000182.583, 313.0
Trd, 000183.267, 212
Trd, 000184.017, 311
Trd, 000184.200, 224
Trd, 000184.567, 179
Trd, 000184.883, 207
Trd, 000185.117, 178
Trd, 000185.600, 173
Trd, 000185.733, 170
Trd, 000186.433, 194
Trd, 000187.100, 163
Trd, 000187.117, 187
Trd, 000187.283, 159
Trd, 000188.733, 174
Trd, 000189.667, 186
Trd, 000189.983, 175
Trd, 000190.400, 174
Trd, 000190.450, 184
Trd, 000191.033, 180
Trd, 000191.183, 183
Trd, 000191.917, 179
Trd, 000192.700, 172
Trd, 000193.183, 170
Trd, 000193.567, 167
Trd, 000194.183, 174
Trd, 000194.200, 177
Trd, 000194.300, 177
Trd, 000194.533, 170
Trd, 000194.617, 166
Trd, 000194.850, 178
Trd, 000195.117, 163
Trd, 000195.183, 187
Trd, 000197.283, 167
Trd, 000197.567, 166
Trd, 000198.600, 165
Trd, 000198.617, 166
Trd, 000198.667, 159
Trd, 000199.200, 156
Trd, 000200.017, 164
Trd, 000200.533, 155
Trd, 000200.850, 166
Trd, 000202.717, 188
Trd, 000202.767, 195
Trd, 000203.417, 163
Trd, 000203.700, 157
Trd, 000203.733, 147
Trd, 000204.500, 168
Trd, 000204.583, 171
Trd, 000204.700, 175
Trd, 000206.167, 169
Trd, 000207.017, 172
Trd, 000207.200, 172
Trd, 000207.667, 172
Trd, 000208.867, 172
Trd, 000209.967, 173
Trd, 000210.250, 174
Trd, 000210.733, 174
Trd, 000211.033, 172
Trd, 000211.050, 172
Trd, 000211.517, 170
Trd, 000212.517, 168
Trd, 000212.667, 175
Trd, 000212.733, 174
Trd, 000213.167, 169
Trd, 000213.583, 174
Trd, 000213.667, 165
Trd, 000214.317, 173
Trd, 000214.417, 165
Trd, 000216.367, 179
Trd, 000217.150, 189
Trd, 000218.017, 189
Trd, 000218.517, 174
Trd, 000218.667, 173
Trd, 000218.683, 161
Trd, 000218.717, 161
Trd, 000219.967, 175
Trd, 000220.100, 180
Trd, 000220.933, 168
Trd, 000222.217, 169
Trd, 000222.383, 168
Trd, 000222.400, 166
Trd, 000223.317, 167
Trd, 000224.467, 169
Trd, 000226.083, 168
Trd, 000226.267, 168
Trd, 000226.550, 166
Trd, 000226.900, 167
Trd, 000227.133, 169
Trd, 000227.317, 180
Trd, 000228.183, 170
Trd, 000228.633, 174
Trd, 000228.717, 175
Trd, 000228.950, 177
Trd, 000229.017, 178
Trd, 000230.667, 177
Trd, 000230.800, 176
Trd, 000231.033, 175
Trd, 000231.383, 205
Trd, 000231.783, 170
Trd, 000232.333, 199
Trd, 000233.167, 180
Trd, 000233.300, 182
Trd, 000234.767, 178
Trd, 000234.867, 176
Trd, 000234.900, 184
Trd, 000235.000, 169
Trd, 000235.100, 180
Trd, 000235.383, 172
Trd, 000237.250, 172
Trd, 000237.700, 180
Trd, 000238.283, 175
Trd, 000238.417, 170
Trd, 000238.750, 175
Trd, 000239.283, 167
Trd, 000240.050, 164
Trd, 000240.117, 165
Trd, 000240.483, 163
Trd, 000241.117, 172
Trd, 000241.600, 172
Trd, 000242.183, 173
Trd, 000242.800, 182
Trd, 000243.817, 177
Trd, 000244.300, 186
Trd, 000244.617, 186
Trd, 000245.300, 180
Trd, 000245.650, 189
Trd, 000245.833, 187
Trd, 000246.300, 187
Trd, 000246.500, 178
Trd, 000246.850, 188
Trd, 000247.450, 178
Trd, 000248.817, 183
Trd, 000250.417, 185
Trd, 000250.567, 180
Trd, 000250.667, 186
Trd, 000250.900, 177
Trd, 000251.600, 176
Trd, 000251.650, 178
Trd, 000252.417, 187
Trd, 000253.267, 182
Trd, 000253.967, 179
Trd, 000254.333, 181
Trd, 000254.717, 182
Trd, 000255.283, 180
Trd, 000255.617, 176
Trd, 000256.233, 171
Trd, 000256.483, 173
Trd, 000256.850, 178
Trd, 000257.533, 170
Trd, 000257.750, 170
Trd, 000257.950, 169
Trd, 000258.217, 174
Trd, 000258.567, 179
Trd, 000259.533, 182
Trd, 000259.567, 177
Trd, 000260.200, 170
Trd, 000261.317, 179
Trd, 000261.450, 180
Trd, 000261.583, 181
Trd, 000261.700, 173
Trd, 000261.733, 173
Trd, 000262.267, 167
Trd, 000262.400, 181
Trd, 000262.500, 168
Trd, 000263.367, 180
Trd, 000263.550, 184
Trd, 000263.683, 178
Trd, 000264.700, 189
Trd, 000264.850, 194
Trd, 000265.083, 197
Trd, 000266.133, 188
Trd, 000266.967, 188
Trd, 000267.250, 172
Trd, 000268.133, 186
Trd, 000268.300, 187
Trd, 000269.433, 183
Trd, 000270.100, 180
Trd, 000270.383, 178
Trd, 000271.317, 183
Trd, 000271.383, 185
Trd, 000271.900, 184
Trd, 000271.917, 176
Trd, 000272.000, 174
Trd, 000272.100, 171
Trd, 000272.550, 185
Trd, 000273.150, 189
Trd, 000273.567, 187
Trd, 000273.633, 185
Trd, 000273.783, 188
Trd, 000274.333, 197
Trd, 000274.350, 192
Trd, 000274.433, 186
Trd, 000275.817, 187
Trd, 000276.933, 187
Trd, 000277.983, 189
Trd, 000279.117, 187
Trd, 000279.383, 186
Trd, 000279.950, 180
Trd, 000280.067, 177
Trd, 000280.717, 176
Trd, 000280.950, 186
Trd, 000281.633, 178
Trd, 000281.700, 186
Trd, 000282.233, 186
Trd, 000282.267, 183
Trd, 000282.483, 179
Trd, 000284.000, 179
Trd, 000284.100, 181
Trd, 000284.300, 190
Trd, 000284.700, 185
Trd, 000285.133, 177
Trd, 000285.317, 172
Trd, 000285.383, 169
Trd, 000285.967, 189
Trd, 000286.550, 190
Trd, 000286.867, 174
Trd, 000287.217, 191
Trd, 000287.567, 196
Trd, 000287.583, 195
Trd, 000287.750, 173
Trd, 000288.567, 190
Trd, 000288.750, 173
Trd, 000289.117, 183
Trd, 000289.150, 190
Trd, 000289.467, 173
Trd, 000289.933, 174
Trd, 000290.117, 176
Trd, 000290.150, 170
Trd, 000291.367, 177
Trd, 000291.650, 187
Trd, 000292.233, 172
Trd, 000292.917, 180
Trd, 000293.117, 171
Trd, 000293.433, 170
Trd, 000294.500, 180
Trd, 000294.700, 188
Trd, 000295.500, 185
Trd, 000295.917, 178
Trd, 000295.950, 186
Trd, 000295.983, 187
Trd, 000297.900, 181
Trd, 000297.983, 180
Trd, 000298.200, 188
Trd, 000298.550, 176
Trd, 000298.967, 187
Trd, 000299.050, 174
Trd, 000299.300, 188
