Trd, 000001.367, 113
Trd, 000002.833, 116
Trd, 000003.200, 117
Trd, 000003.750, 135
Trd, 000004.167, 148
Trd, 000004.933, 157
Trd, 000005.533, 159
Trd, 000005.617, 158
Trd, 000005.650, 157
Trd, 000006.833, 156
Trd, 000006.900, 156
Trd, 000007.650, 158
Trd, 000008.500, 156
Trd, 000009.283, 158
Trd, 000010.400, 158
Trd, 000010.700, 160
Trd, 000011.067, 157
Trd, 000011.217, 156
Trd, 000011.633, 152
Trd, 000012.067, 152
Trd, 000012.117, 158
Trd, 000014.450, 156
Trd, 000015.150, 157
Trd, 000015.683, 154
Trd, 000015.933, 156
Trd, 000016.167, 157
Trd, 000016.650, 155
Trd, 000017.333, 156
Trd, 000017.583, 155
Trd, 000017.783, 157
Trd, 000018.467, 155
Trd, 000018.783, 156
Trd, 000019.183, 155
Trd, 000019.517, 152
Trd, 000021.267, 153
Trd, 000021.833, 153
Trd, 000022.767, 155
Trd, 000023.267, 152
Trd, 000024.000, 156
Trd, 000024.033, 152
Trd, 000024.333, 154
Trd, 000024.850, 154
Trd, 000025.283, 154
Trd, 000025.750, 155
Trd, 000026.117, 155
Trd, 000026.883, 153
Trd, 000028.917, 158
Trd, 000030.383, 157
Trd, 000030.433, 155
Trd, 000030.783, 154
Trd, 000031.150, 157
Trd, 000031.533, 157
Trd, 000031.600, 157
Trd, 000031.750, 156
Trd, 000032.017, 152
Trd, 000032.450, 151
Trd, 000032.483, 150
Trd, 000033.017, 157
Trd, 000033.400, 151
Trd, 000033.600, 160
Trd, 000034.717, 161
Trd, 000035.133, 155
Trd, 000035.350, 155
Trd, 000035.617, 161
Trd, 000036.850, 158
Trd, 000037.283, 157
Trd, 000037.700, 155
Trd, 000038.283, 153
Trd, 000039.583, 156
Trd, 000039.800, 155
Trd, 000040.817, 155
Trd, 000041.817, 154
Trd, 000041.833, 156
Trd, 000041.933, 154
Trd, 000042.533, 155
Trd, 000042.933, 159
Trd, 000043.050, 151
Trd, 000043.517, 150
Trd, 000044.150, 150
Trd, 000044.767, 151
Trd, 000046.200, 153
Trd, 000046.833, 154
Trd, 000046.950, 156
Trd, 000047.133, 156
Trd, 000047.650, 156
Trd, 000047.683, 157
Trd, 000047.817, 154
Trd, 000048.017, 154
Trd, 000049.067, 155
Trd, 000049.167, 156
Trd, 000049.250, 157
Trd, 000050.733, 158
Trd, 000051.400, 158
Trd, 000051.650, 156
Trd, 000052.033, 157
Trd, 000052.483, 160
Trd, 000052.533, 156
Trd, 000052.633, 169
Trd, 000052.683, 156
Trd, 000053.350, 156
Trd, 000055.117, 157
Trd, 000055.467, 156
Trd, 000055.567, 155
Trd, 000055.583, 158
Trd, 000055.883, 156
Trd, 000058.717, 165
Trd, 000058.983, 162
Trd, 000059.083, 161
Trd, 000059.200, 161
Trd, 000060.367, 161
Trd, 000060.450, 161
Trd, 000060.633, 161
Trd, 000060.983, 160
Trd, 000062.250, 160
Trd, 000062.300, 161
Trd, 000062.967, 160
Trd, 000063.633, 160
Trd, 000063.867, 161
Trd, 000063.950, 160
Trd, 000064.117, 164
Trd, 000064.167, 163
Trd, 000064.533, 159
Trd, 000064.617, 168
Trd, 000065.833, 155
Trd, 000066.017, 153
Trd, 000066.433, 152
Trd, 000066.567, 152
Trd, 000066.867, 153
Trd, 000067.083, 154
Trd, 000068.533, 158
Trd, 000068.783, 168
Trd, 000069.100, 169
Trd, 000069.333, 157
Trd, 000070.567, 162
Trd, 000070.850, 153
Trd, 000071.800, 158
Trd, 000072.850, 155
Trd, 000073.067, 158
Trd, 000073.283, 156
Trd, 000073.683, 156
Trd, 000074.683, 155
Trd, 000075.067, 155
Trd, 000075.817, 154
Trd, 000076.150, 158
Trd, 000076.583, 154
Trd, 000077.067, 156
Trd, 000077.550, 156
Trd, 000077.667, 155
Trd, 000077.733, 156
Trd, 000077.850, 155
Trd, 000078.917, 156
Trd, 000079.150, 156
Trd, 000079.583, 156
Trd, 000079.617, 158
Trd, 000080.150, 156
Trd, 000081.033, 159
Trd, 000082.117, 157
Trd, 000082.483, 159
Trd, 000083.383, 156
Trd, 000083.833, 156
Trd, 000084.083, 157
Trd, 000084.183, 157
Trd, 000084.300, 173
Trd, 000084.933, 159
Trd, 000085.983, 155
Trd, 000086.167, 156
Trd, 000086.367, 158
Trd, 000086.633, 154
Trd, 000087.250, 154
Trd, 000087.633, 159
Trd, 000088.200, 155
Trd, 000088.933, 158
Trd, 000089.267, 157
Trd, 000089.700, 157
Trd, 000089.900, 158
Trd, 000090.200, 160
Trd, 000091.917, 158
Trd, 000091.967, 162
Trd, 000092.500, 162
Trd, 000092.667, 158
Trd, 000093.400, 159
Trd, 000093.567, 161
Trd, 000093.733, 160
Trd, 000095.067, 160
Trd, 000095.367, 161
Trd, 000095.383, 160
Trd, 000095.600, 158
Trd, 000096.017, 159
Trd, 000096.533, 159
Trd, 000096.883, 157
Trd, 000097.517, 158
Trd, 000098.067, 158
Trd, 000098.267, 161
Trd, 000098.617, 171
Trd, 000098.850, 158
Trd, 000100.067, 164
Trd, 000101.583, 161
Trd, 000101.700, 157
Trd, 000102.467, 157
Trd, 000102.600, 156
Trd, 000102.867, 158
Trd, 000103.167, 161
Trd, 000103.533, 162
Trd, 000104.083, 157
Trd, 000104.467, 156
Trd, 000105.783, 158
Trd, 000105.867, 157
Trd, 000106.667, 158
Trd, 000107.583, 161
Trd, 000107.750, 163
Trd, 000108.917, 164
Trd, 000108.933, 163
Trd, 000108.983, 163
Trd, 000109.567, 164
Trd, 000109.850, 164
Trd, 000110.683, 164
Trd, 000111.000, 164
Trd, 000112.233, 163
Trd, 000112.550, 164
Trd, 000112.667, 164
Trd, 000113.800, 162
Trd, 000114.100, 166
Trd, 000114.333, 162
Trd, 000114.533, 160
Trd, 000115.500, 164
Trd, 000116.867, 165
Trd, 000117.283, 164
Trd, 000117.517, 163
Trd, 000118.883, 163
Trd, 000118.900, 164
Trd, 000119.350, 162
Trd, 000119.933, 156
Trd, 000120.900, 159
Trd, 000121.450, 160
Trd, 000122.267, 164
Trd, 000122.833, 174
Trd, 000122.950, 194
Trd, 000123.100, 219
Trd, 000123.517, 285
Trd, 000123.550, 330
Trd, 000123.833, 324
Trd, 000124.750, 334.0
Trd, 000125.667, 337.0
Trd, 000125.733, 322
Trd, 000126.150, 341
Trd, 000127.200, 331
Trd, 000127.500, 334.0
Trd, 000128.367, 333
Trd, 000128.683, 340
Trd, 000128.983, 341
Trd, 000129.550, 343
Trd, 000130.083, 342.0
Trd, 000130.167, 348.0
Trd, 000130.317, 342.0
Trd, 000130.583, 341.0
Trd, 000131.750, 348.0
Trd, 000131.917, 343
Trd, 000132.817, 349
Trd, 000134.250, 349
Trd, 000134.450, 348
Trd, 000134.750, 344
Trd, 000135.000, 346
Trd, 000135.383, 345
Trd, 000136.650, 345.0
Trd, 000136.967, 344.0
Trd, 000138.667, 346
Trd, 000138.683, 344
Trd, 000139.183, 344
Trd, 000139.550, 345
Trd, 000140.083, 346.0
Trd, 000140.683, 347
Trd, 000141.167, 348.0
Trd, 000142.267, 348.0
Trd, 000142.483, 361
Trd, 000142.783, 348
Trd, 000143.133, 356.0
Trd, 000144.633, 355.0
Trd, 000145.000, 356
Trd, 000146.183, 355
Trd, 000146.250, 351.0
Trd, 000146.333, 356
Trd, 000146.933, 350
Trd, 000148.050, 353
Trd, 000148.883, 353
Trd, 000148.933, 352.0
Trd, 000149.200, 351.0
Trd, 000149.333, 351
Trd, 000150.283, 354
Trd, 000150.650, 352
Trd, 000150.900, 352
Trd, 000151.917, 353
Trd, 000152.567, 353
Trd, 000153.183, 353
Trd, 000153.267, 354
Trd, 000153.383, 350
Trd, 000153.650, 344.0
Trd, 000154.917, 352
Trd, 000154.983, 353
Trd, 000155.083, 352
Trd, 000155.617, 353
Trd, 000156.600, 353
Trd, 000157.567, 351.0
Trd, 000158.367, 351
Trd, 000158.683, 351
Trd, 000159.033, 350
Trd, 000159.167, 358
Trd, 000159.750, 352
Trd, 000159.983, 356
Trd, 000160.367, 353
Trd, 000160.850, 354
Trd, 000162.000, 356.0
Trd, 000162.433, 355.0
Trd, 000162.450, 351
Trd, 000162.500, 351.0
Trd, 000163.550, 355.0
Trd, 000164.383, 351
Trd, 000164.933, 352
Trd, 000165.667, 352.0
Trd, 000166.017, 352
Trd, 000166.317, 351.0
Trd, 000166.467, 353
Trd, 000167.250, 356
Trd, 000167.333, 344
Trd, 000168.067, 345.0
Trd, 000169.333, 347.0
Trd, 000169.483, 348.0
Trd, 000170.067, 350
Trd, 000170.850, 349.0
Trd, 000170.900, 348.0
Trd, 000171.183, 347
Trd, 000171.717, 351
Trd, 000171.983, 348.0
Trd, 000173.383, 348
Trd, 000173.533, 349
Trd, 000174.117, 349
Trd, 000175.700, 351
Trd, 000175.850, 350
Trd, 000176.583, 347
Trd, 000176.717, 346
Trd, 000176.950, 346
Trd, 000177.450, 351
Trd, 000177.483, 349
Trd, 000178.150, 350
Trd, 000178.167, 349
Trd, 000178.417, 350
Trd, 000178.850, 351
Trd, 000179.517, 348.0
Trd, 000179.650, 346
Trd, 000180.467, 344.0
Trd, 000180.983, 350
Trd, 000181.683, 343
Trd, 000181.750, 342
Trd, 000182.017, 342
Trd, 000182.067, 335
Trd, 000183.417, 299
Trd, 000184.667, 312
Trd, 000184.750, 214
Trd, 000185.467, 201
Trd, 000185.667, 191
Trd, 000186.000, 193
Trd, 000186.233, 188
Trd, 000186.317, 187
Trd, 000187.867, 183
Trd, 000189.817, 190
Trd, 000190.050, 185
Trd, 000190.600, 186
Trd, 000191.350, 186
Trd, 000191.883, 187
Trd, 000192.317, 184
Trd, 000193.383, 177
Trd, 000193.417, 183
Trd, 000193.700, 181
Trd, 000193.717, 184
Trd, 000194.550, 182
Trd, 000194.717, 184
Trd, 000194.983, 190
Trd, 000196.100, 183
Trd, 000196.350, 183
Trd, 000196.417, 177
Trd, 000197.517, 165
Trd, 000198.567, 164
Trd, 000199.567, 176
Trd, 000200.733, 177
Trd, 000201.067, 176
Trd, 000201.150, 176
Trd, 000201.583, 177
Trd, 000202.200, 175
Trd, 000203.033, 176
Trd, 000203.383, 175
Trd, 000203.783, 175
Trd, 000203.900, 178
Trd, 000203.933, 175
Trd, 000204.833, 174
Trd, 000204.983, 173
Trd, 000206.933, 174
Trd, 000207.667, 173
Trd, 000207.800, 175
Trd, 000208.100, 176
Trd, 000208.217, 172
Trd, 000209.300, 174
Trd, 000209.350, 176
Trd, 000209.667, 173
Trd, 000209.883, 172
Trd, 000210.450, 165
Trd, 000211.050, 169
Trd, 000211.383, 168
Trd, 000212.483, 168
Trd, 000212.600, 167
Trd, 000212.700, 169
Trd, 000212.767, 166
Trd, 000212.783, 183
Trd, 000213.833, 186
Trd, 000214.483, 174
Trd, 000214.633, 191
Trd, 000215.167, 175
Trd, 000216.900, 174
Trd, 000217.100, 175
Trd, 000217.350, 174
Trd, 000218.267, 176
Trd, 000218.700, 177
Trd, 000219.367, 176
Trd, 000220.683, 177
Trd, 000221.150, 177
Trd, 000221.183, 175
Trd, 000221.667, 173
Trd, 000222.067, 171
Trd, 000222.683, 172
Trd, 000223.000, 175
Trd, 000223.150, 172
Trd, 000223.317, 174
Trd, 000223.583, 172
Trd, 000224.067, 172
Trd, 000224.500, 174
Trd, 000224.633, 172
Trd, 000224.933, 173
Trd, 000225.017, 171
Trd, 000226.450, 171
Trd, 000226.900, 172
Trd, 000227.700, 173
Trd, 000228.033, 175
Trd, 000228.050, 173
Trd, 000228.183, 172
Trd, 000229.517, 178
Trd, 000230.050, 174
Trd, 000230.600, 171
Trd, 000231.883, 171
Trd, 000231.933, 172
Trd, 000232.850, 168
Trd, 000234.517, 172
Trd, 000234.933, 169
Trd, 000235.050, 170
Trd, 000235.433, 171
Trd, 000235.933, 172
Trd, 000237.533, 171
Trd, 000238.333, 171
Trd, 000239.150, 172
Trd, 000239.200, 172
Trd, 000240.150, 172
Trd, 000240.417, 172
Trd, 000240.650, 171
Trd, 000240.733, 173
Trd, 000240.867, 170
Trd, 000240.883, 170
Trd, 000241.750, 171
Trd, 000241.767, 172
Trd, 000242.000, 175
Trd, 000242.733, 171
Trd, 000243.150, 169
Trd, 000243.617, 186
Trd, 000244.100, 179
Trd, 000244.817, 179
Trd, 000245.150, 178
Trd, 000245.233, 177
Trd, 000245.383, 178
Trd, 000245.433, 178
Trd, 000245.600, 176
Trd, 000245.983, 177
Trd, 000246.300, 177
Trd, 000246.767, 178
Trd, 000247.217, 176
Trd, 000247.333, 178
Trd, 000247.367, 175
Trd, 000248.167, 174
Trd, 000248.533, 176
Trd, 000249.500, 177
Trd, 000249.717, 177
Trd, 000249.950, 178
Trd, 000250.750, 177
Trd, 000250.950, 179
Trd, 000251.100, 176
Trd, 000251.117, 174
Trd, 000251.150, 183
Trd, 000252.750, 176
Trd, 000252.767, 179
Trd, 000253.100, 175
Trd, 000253.417, 173
Trd, 000253.933, 176
Trd, 000253.950, 177
Trd, 000254.150, 174
Trd, 000254.700, 174
Trd, 000254.983, 177
Trd, 000255.950, 176
Trd, 000256.233, 176
Trd, 000256.417, 174
Trd, 000256.600, 177
Trd, 000256.733, 173
Trd, 000256.767, 180
Trd, 000257.550, 185
Trd, 000258.267, 181
Trd, 000258.533, 178
Trd, 000258.717, 183
Trd, 000258.750, 178
Trd, 000259.350, 176
Trd, 000259.750, 175
Trd, 000260.467, 177
Trd, 000261.950, 175
Trd, 000262.150, 179
Trd, 000262.367, 180
Trd, 000263.000, 175
Trd, 000263.233, 174
Trd, 000263.383, 176
Trd, 000263.567, 174
Trd, 000264.583, 180
Trd, 000264.667, 181
Trd, 000264.833, 178
Trd, 000265.417, 175
Trd, 000265.617, 174
Trd, 000265.667, 173
Trd, 000265.817, 176
Trd, 000267.233, 179
Trd, 000267.617, 176
Trd, 000268.067, 175
Trd, 000268.450, 177
Trd, 000268.617, 178
Trd, 000269.433, 180
Trd, 000269.550, 182
Trd, 000269.783, 180
Trd, 000270.233, 184
Trd, 000270.333, 179
Trd, 000270.600, 177
Trd, 000271.083, 181
Trd, 000273.167, 176
Trd, 000273.267, 175
Trd, 000273.967, 176
Trd, 000274.167, 179
Trd, 000274.250, 180
Trd, 000274.533, 176
Trd, 000274.750, 175
Trd, 000275.267, 176
Trd, 000275.567, 182
Trd, 000275.967, 174
Trd, 000276.867, 175
Trd, 000278.050, 177
Trd, 000278.817, 176
Trd, 000279.483, 175
Trd, 000279.517, 175
Trd, 000280.133, 174
Trd, 000280.250, 176
Trd, 000280.750, 173
Trd, 000280.833, 175
Trd, 000281.617, 175
Trd, 000281.633, 174
Trd, 000281.667, 176
Trd, 000281.983, 173
Trd, 000282.883, 177
Trd, 000283.433, 177
Trd, 000284.067, 177
Trd, 000284.500, 183
Trd, 000285.200, 186
Trd, 000285.483, 191
Trd, 000285.717, 185
Trd, 000286.600, 183
Trd, 000286.967, 187
Trd, 000287.550, 186
Trd, 000287.733, 187
Trd, 000288.067, 187
Trd, 000288.083, 185
Trd, 000288.150, 183
Trd, 000288.267, 182
Trd, 000289.000, 185
Trd, 000289.517, 185
Trd, 000289.533, 182
Trd, 000290.683, 181
Trd, 000291.300, 182
Trd, 000291.333, 180
Trd, 000291.650, 180
Trd, 000291.883, 179
Trd, 000292.217, 182
Trd, 000292.267, 184
Trd, 000292.317, 184
Trd, 000292.350, 179
Trd, 000292.883, 178
Trd, 000294.333, 183
Trd, 000294.417, 184
Trd, 000294.733, 175
Trd, 000295.067, 185
Trd, 000295.800, 178
Trd, 000295.867, 176
Trd, 000296.500, 185
Trd, 000297.000, 184
Trd, 000297.183, 183
Trd, 000297.300, 185
Trd, 000298.817, 184
Trd, 000299.200, 184
Trd, 000299.233, 182
Trd, 000299.500, 183
Trd, 000299.800, 185
Trd, 000299.850, 187
