Trd, 000001.267, 144
Trd, 000001.417, 118
Trd, 000001.900, 117
Trd, 000002.567, 160
Trd, 000002.817, 126
Trd, 000003.033, 176
Trd, 000003.067, 120
Trd, 000003.783, 179
Trd, 000004.200, 169
Trd, 000005.617, 169
Trd, 000006.383, 168
Trd, 000006.583, 162
Trd, 000008.417, 165
Trd, 000008.783, 170
Trd, 000009.100, 168
Trd, 000009.133, 171
Trd, 000009.500, 167
Trd, 000010.850, 163
Trd, 000011.183, 162
Trd, 000011.433, 161
Trd, 000011.517, 158
Trd, 000011.767, 169
Trd, 000012.317, 169
Trd, 000013.000, 167
Trd, 000013.033, 160
Trd, 000013.667, 164
Trd, 000013.833, 153
Trd, 000013.883, 163
Trd, 000014.767, 166
Trd, 000014.867, 166
Trd, 000015.233, 152
Trd, 000015.733, 150
Trd, 000015.833, 144
Trd, 000016.317, 161
Trd, 000016.667, 164
Trd, 000017.167, 146
Trd, 000018.267, 160
Trd, 000018.383, 147
Trd, 000018.850, 159
Trd, 000019.367, 146
Trd, 000020.083, 160
Trd, 000020.250, 160
Trd, 000020.667, 147
Trd, 000021.167, 164
Trd, 000021.450, 146
Trd, 000021.650, 159
Trd, 000022.433, 155
Trd, 000023.050, 164
Trd, 000023.467, 167
Trd, 000023.783, 161
Trd, 000024.033, 165
Trd, 000025.533, 163
Trd, 000025.967, 164
Trd, 000026.483, 163
Trd, 000026.633, 160
Trd, 000026.950, 159
Trd, 000027.350, 162
Trd, 000027.367, 163
Trd, 000027.500, 156
Trd, 000028.633, 166
Trd, 000028.917, 153
Trd, 000029.450, 167
Trd, 000030.333, 161
Trd, 000031.117, 158
Trd, 000031.600, 160
Trd, 000031.767, 161
Trd, 000032.317, 159
Trd, 000033.417, 178
Trd, 000034.500, 168
Trd, 000034.950, 170
Trd, 000035.700, 168
Trd, 000035.733, 163
Trd, 000035.900, 169
Trd, 000036.767, 164
Trd, 000037.683, 165
Trd, 000038.267, 163
Trd, 000038.750, 164
Trd, 000038.883, 161
Trd, 000038.917, 164
Trd, 000040.017, 160
Trd, 000040.250, 159
Trd, 000040.750, 161
Trd, 000040.800, 162
Trd, 000041.350, 172
Trd, 000041.367, 156
Trd, 000041.883, 167
Trd, 000042.333, 148
Trd, 000043.250, 169
Trd, 000043.950, 163
Trd, 000044.733, 167
Trd, 000045.417, 160
Trd, 000045.717, 164
Trd, 000045.933, 163
Trd, 000046.000, 158
Trd, 000046.200, 159
Trd, 000046.550, 155
Trd, 000047.800, 162
Trd, 000048.183, 161
Trd, 000048.483, 159
Trd, 000048.750, 162
Trd, 000048.933, 165
Trd, 000049.450, 163
Trd, 000050.667, 161
Trd, 000050.833, 177
Trd, 000050.917, 160
Trd, 000051.167, 177
Trd, 000051.333, 173
Trd, 000051.600, 178
Trd, 000051.683, 165
Trd, 000051.767, 156
Trd, 000053.700, 174
Trd, 000054.033, 174
Trd, 000054.667, 175
Trd, 000055.283, 173
Trd, 000055.300, 169
Trd, 000055.433, 167
Trd, 000055.817, 175
Trd, 000056.250, 175
Trd, 000057.250, 168
Trd, 000057.983, 174
Trd, 000059.033, 160
Trd, 000059.050, 150
Trd, 000059.183, 140
Trd, 000059.417, 169
Trd, 000059.917, 161
Trd, 000060.583, 157
Trd, 000061.017, 159
Trd, 000061.883, 160
Trd, 000062.000, 160
Trd, 000062.117, 160
Trd, 000062.300, 161
Trd, 000062.483, 171
Trd, 000062.800, 159
Trd, 000062.867, 172
Trd, 000063.383, 163
Trd, 000063.400, 157
Trd, 000063.983, 161
Trd, 000065.700, 168
Trd, 000066.050, 170
Trd, 000066.183, 168
Trd, 000066.250, 167
Trd, 000067.133, 165
Trd, 000067.283, 169
Trd, 000067.450, 170
Trd, 000068.450, 168
Trd, 000069.283, 175
Trd, 000069.633, 168
Trd, 000069.800, 165
Trd, 000070.067, 171
Trd, 000070.567, 164
Trd, 000071.183, 156
Trd, 000072.250, 165
Trd, 000073.200, 166
Trd, 000073.367, 160
Trd, 000073.933, 165
Trd, 000073.983, 167
Trd, 000075.233, 165
Trd, 000075.367, 165
Trd, 000075.583, 164
Trd, 000075.650, 161
Trd, 000075.917, 166
Trd, 000076.283, 172
Trd, 000076.883, 169
Trd, 000077.767, 164
Trd, 000078.050, 164
Trd, 000078.283, 159
Trd, 000079.183, 163
Trd, 000079.300, 163
Trd, 000079.383, 163
Trd, 000079.667, 158
Trd, 000079.767, 166
Trd, 000080.033, 176
Trd, 000080.233, 187
Trd, 000080.633, 167
Trd, 000081.683, 162
Trd, 000082.617, 178
Trd, 000082.850, 177
Trd, 000083.250, 177
Trd, 000083.450, 176
Trd, 000083.817, 177
Trd, 000083.967, 175
Trd, 000085.117, 172
Trd, 000085.733, 173
Trd, 000086.283, 174
Trd, 000086.567, 170
Trd, 000088.650, 171
Trd, 000088.800, 173
Trd, 000089.067, 168
Trd, 000089.083, 174
Trd, 000089.900, 174
Trd, 000090.433, 166
Trd, 000090.583, 166
Trd, 000091.067, 161
Trd, 000091.783, 171
Trd, 000092.217, 169
Trd, 000092.500, 167
Trd, 000092.633, 176
Trd, 000092.783, 165
Trd, 000093.683, 160
Trd, 000095.617, 175
Trd, 000095.867, 172
Trd, 000097.367, 174
Trd, 000097.750, 167
Trd, 000098.650, 172
Trd, 000099.067, 169
Trd, 000099.200, 168
Trd, 000099.317, 174
Trd, 000099.383, 174
Trd, 000099.533, 166
Trd, 000100.300, 169
Trd, 000102.117, 165
Trd, 000102.133, 166
Trd, 000102.150, 162
Trd, 000102.167, 175
Trd, 000102.183, 161
Trd, 000102.983, 161
Trd, 000103.733, 163
Trd, 000104.117, 160
Trd, 000104.267, 156
Trd, 000104.767, 155
Trd, 000105.067, 158
Trd, 000105.983, 156
Trd, 000106.000, 157
Trd, 000106.617, 159
Trd, 000107.233, 153
Trd, 000108.150, 155
Trd, 000109.017, 159
Trd, 000109.167, 169
Trd, 000109.400, 175
Trd, 000109.783, 159
Trd, 000110.533, 177
Trd, 000110.583, 173
Trd, 000111.183, 174
Trd, 000111.200, 178
Trd, 000112.500, 176
Trd, 000113.667, 172
Trd, 000114.033, 176
Trd, 000114.683, 178
Trd, 000114.717, 173
Trd, 000115.100, 179
Trd, 000115.967, 174
Trd, 000116.183, 174
Trd, 000116.250, 173
Trd, 000116.633, 178
Trd, 000117.000, 169
Trd, 000117.017, 179
Trd, 000117.217, 179
Trd, 000117.300, 179
Trd, 000118.333, 180
Trd, 000119.283, 163
Trd, 000119.333, 158
Trd, 000119.583, 157
Trd, 000120.150, 174
Trd, 000120.633, 169
Trd, 000121.250, 168
Trd, 000121.583, 171
Trd, 000122.067, 175
Trd, 000122.183, 187
Trd, 000122.517, 194
Trd, 000122.833, 168
Trd, 000123.100, 201
Trd, 000123.133, 236
Trd, 000123.350, 254
Trd, 000123.367, 261
Trd, 000124.083, 301
Trd, 000124.967, 310.0
Trd, 000125.017, 320.0
Trd, 000125.083, 334.0
Trd, 000125.183, 358.0
Trd, 000125.750, 348.0
Trd, 000125.883, 346
Trd, 000126.250, 348.0
Trd, 000127.350, 346
Trd, 000128.033, 345.0
Trd, 000128.317, 347
Trd, 000128.567, 347
Trd, 000128.767, 345
Trd, 000129.617, 355
Trd, 000129.950, 358.0
Trd, 000130.217, 365.0
Trd, 000130.333, 335
Trd, 000130.733, 344.0
Trd, 000131.317, 375.0
Trd, 000131.450, 336
Trd, 000132.250, 379
Trd, 000132.383, 346.0
Trd, 000132.650, 368.0
Trd, 000132.967, 354
Trd, 000133.383, 345.0
Trd, 000134.700, 362.0
Trd, 000134.917, 351
Trd, 000136.050, 366
Trd, 000136.100, 365
Trd, 000136.200, 357
Trd, 000136.717, 355
Trd, 000137.050, 363
Trd, 000137.417, 344.0
Trd, 000138.000, 351
Trd, 000139.033, 352
Trd, 000139.300, 352
Trd, 000139.567, 338
Trd, 000139.817, 353
Trd, 000140.450, 343
Trd, 000141.383, 344
Trd, 000141.983, 344
Trd, 000142.317, 348
Trd, 000142.500, 350
Trd, 000142.650, 345
Trd, 000142.667, 351
Trd, 000142.700, 351
Trd, 000142.800, 344
Trd, 000145.033, 348.0
Trd, 000145.400, 350
Trd, 000145.883, 349
Trd, 000146.600, 351
Trd, 000147.317, 353.0
Trd, 000147.900, 354.0
Trd, 000148.017, 352
Trd, 000148.983, 351.0
Trd, 000149.333, 348
Trd, 000149.483, 365.0
Trd, 000149.767, 349
Trd, 000151.050, 351
Trd, 000151.250, 350
Trd, 000152.550, 357
Trd, 000152.817, 351
Trd, 000152.883, 349
Trd, 000152.933, 336
Trd, 000152.983, 358.0
Trd, 000154.117, 354
Trd, 000155.117, 351
Trd, 000155.200, 353
Trd, 000156.083, 353
Trd, 000156.283, 358
Trd, 000156.567, 350
Trd, 000156.800, 349
Trd, 000157.067, 348
Trd, 000157.283, 356
Trd, 000157.567, 344.0
Trd, 000159.017, 350
Trd, 000159.567, 347
Trd, 000160.267, 351.0
Trd, 000160.850, 337
Trd, 000161.383, 336
Trd, 000162.133, 347
Trd, 000162.233, 340
Trd, 000162.300, 348.0
Trd, 000162.850, 331
Trd, 000163.150, 350
Trd, 000164.200, 344.0
Trd, 000164.350, 351
Trd, 000164.367, 353
Trd, 000164.450, 339
Trd, 000164.783, 358.0
Trd, 000165.467, 355
Trd, 000166.917, 346.0
Trd, 000166.950, 352
Trd, 000167.033, 353
Trd, 000167.717, 348.0
Trd, 000168.067, 349
Trd, 000168.850, 344.0
Trd, 000168.917, 348
Trd, 000169.650, 344
Trd, 000170.033, 336
Trd, 000170.317, 346
Trd, 000170.417, 350
Trd, 000171.350, 346.0
Trd, 000171.767, 337
Trd, 000172.017, 343
Trd, 000173.367, 341
Trd, 000173.817, 336
Trd, 000174.417, 340
Trd, 000175.117, 345
Trd, 000175.383, 344
Trd, 000175.483, 340
Trd, 000175.767, 345
Trd, 000176.150, 341
Trd, 000176.217, 363.0
Trd, 000176.900, 340
Trd, 000177.167, 348.0
Trd, 000177.400, 336
Trd, 000178.033, 362.0
Trd, 000179.000, 345.0
Trd, 000179.100, 343
Trd, 000179.617, 345
Trd, 000180.817, 356
Trd, 000180.950, 353
Trd, 000180.967, 351.0
Trd, 000181.033, 360
Trd, 000181.067, 362
Trd, 000181.550, 350
Trd, 000181.650, 349
Trd, 000182.400, 344.0
Trd, 000182.517, 334
Trd, 000182.600, 330
Trd, 000182.717, 320.0
Trd, 000183.267, 273
Trd, 000183.567, 347
Trd, 000184.117, 253
Trd, 000184.250, 211
Trd, 000186.167, 192
Trd, 000186.183, 187
Trd, 000186.267, 186
Trd, 000187.833, 191
Trd, 000188.367, 185
Trd, 000188.433, 184
Trd, 000190.133, 189
Trd, 000190.367, 187
Trd, 000190.767, 183
Trd, 000191.217, 188
Trd, 000191.700, 182
Trd, 000192.033, 174
Trd, 000192.650, 186
Trd, 000194.133, 183
Trd, 000194.167, 181
Trd, 000194.217, 183
Trd, 000194.300, 181
Trd, 000195.883, 178
Trd, 000196.667, 178
Trd, 000196.733, 184
Trd, 000198.100, 176
Trd, 000198.450, 178
Trd, 000199.067, 178
Trd, 000199.583, 179
Trd, 000199.733, 180
Trd, 000200.317, 179
Trd, 000200.783, 178
Trd, 000200.983, 181
Trd, 000201.300, 180
Trd, 000201.633, 194
Trd, 000202.967, 177
Trd, 000203.067, 176
Trd, 000203.117, 188
Trd, 000204.283, 178
Trd, 000204.317, 188
Trd, 000205.167, 177
Trd, 000205.867, 176
Trd, 000206.600, 184
Trd, 000206.667, 183
Trd, 000207.417, 181
Trd, 000207.517, 182
Trd, 000207.567, 178
Trd, 000208.183, 176
Trd, 000208.667, 178
Trd, 000209.933, 173
Trd, 000209.983, 177
Trd, 000210.550, 174
Trd, 000210.733, 173
Trd, 000211.100, 175
Trd, 000211.467, 173
Trd, 000211.700, 176
Trd, 000211.883, 175
Trd, 000212.183, 185
Trd, 000212.467, 174
Trd, 000212.817, 172
Trd, 000213.100, 169
Trd, 000213.217, 186
Trd, 000213.767, 156
Trd, 000214.833, 173
Trd, 000215.000, 190
Trd, 000216.800, 174
Trd, 000217.317, 174
Trd, 000218.333, 177
Trd, 000218.700, 177
Trd, 000218.817, 177
Trd, 000219.267, 177
Trd, 000220.067, 179
Trd, 000220.167, 181
Trd, 000220.467, 187
Trd, 000220.733, 169
Trd, 000221.400, 170
Trd, 000222.133, 171
Trd, 000222.833, 174
Trd, 000223.400, 173
Trd, 000223.667, 166
Trd, 000223.883, 171
Trd, 000224.617, 170
Trd, 000225.567, 168
Trd, 000225.833, 166
Trd, 000226.217, 156
Trd, 000226.317, 187
Trd, 000226.383, 154
Trd, 000228.467, 189
Trd, 000228.633, 191
Trd, 000229.100, 180
Trd, 000229.317, 183
Trd, 000229.650, 186
Trd, 000230.167, 185
Trd, 000230.617, 186
Trd, 000231.150, 182
Trd, 000231.383, 188
Trd, 000232.283, 187
Trd, 000232.367, 182
Trd, 000233.800, 183
Trd, 000234.467, 182
Trd, 000234.583, 181
Trd, 000235.033, 182
Trd, 000235.350, 180
Trd, 000235.867, 174
Trd, 000236.667, 182
Trd, 000236.933, 182
Trd, 000236.983, 171
Trd, 000237.017, 167
Trd, 000237.050, 185
Trd, 000237.117, 188
Trd, 000238.517, 165
Trd, 000238.950, 160
Trd, 000239.467, 161
Trd, 000239.517, 163
Trd, 000240.050, 179
Trd, 000240.367, 182
Trd, 000240.733, 171
Trd, 000240.833, 190
Trd, 000241.117, 171
Trd, 000241.200, 172
Trd, 000241.250, 196
Trd, 000241.633, 192
Trd, 000241.983, 193
Trd, 000242.167, 186
Trd, 000242.833, 178
Trd, 000244.250, 179
Trd, 000244.300, 178
Trd, 000244.433, 179
Trd, 000244.700, 179
Trd, 000245.050, 180
Trd, 000245.183, 179
Trd, 000245.217, 177
Trd, 000246.117, 176
Trd, 000246.567, 176
Trd, 000246.617, 180
Trd, 000247.667, 180
Trd, 000248.167, 180
Trd, 000249.017, 179
Trd, 000249.100, 176
Trd, 000249.150, 177
Trd, 000249.200, 173
Trd, 000249.433, 180
Trd, 000249.500, 181
Trd, 000249.917, 173
Trd, 000251.083, 179
Trd, 000251.217, 180
Trd, 000251.250, 183
Trd, 000251.333, 177
Trd, 000251.900, 181
Trd, 000252.050, 178
Trd, 000252.300, 182
Trd, 000252.633, 183
Trd, 000253.050, 184
Trd, 000253.750, 187
Trd, 000253.767, 190
Trd, 000254.200, 170
Trd, 000254.667, 161
Trd, 000254.800, 161
Trd, 000255.333, 170
Trd, 000255.517, 169
Trd, 000256.650, 166
Trd, 000257.367, 164
Trd, 000257.667, 166
Trd, 000258.050, 170
Trd, 000258.483, 165
Trd, 000258.583, 173
Trd, 000258.883, 174
Trd, 000259.300, 174
Trd, 000259.867, 182
Trd, 000260.283, 174
Trd, 000260.667, 170
Trd, 000261.800, 172
Trd, 000261.900, 174
Trd, 000261.917, 181
Trd, 000262.817, 178
Trd, 000263.317, 177
Trd, 000263.383, 174
Trd, 000263.750, 179
Trd, 000264.050, 175
Trd, 000264.717, 180
Trd, 000264.850, 175
Trd, 000265.250, 170
Trd, 000265.300, 180
Trd, 000265.700, 173
Trd, 000266.367, 171
Trd, 000266.700, 175
Trd, 000266.917, 171
Trd, 000267.000, 172
Trd, 000267.117, 164
Trd, 000267.367, 177
Trd, 000267.483, 182
Trd, 000269.383, 166
Trd, 000270.600, 172
Trd, 000270.633, 177
Trd, 000270.717, 175
Trd, 000271.150, 171
Trd, 000271.517, 170
Trd, 000271.550, 175
Trd, 000272.367, 182
Trd, 000272.650, 183
Trd, 000272.700, 181
Trd, 000272.733, 174
Trd, 000273.300, 171
Trd, 000273.433, 169
Trd, 000274.267, 175
Trd, 000274.300, 173
Trd, 000275.133, 175
Trd, 000275.867, 175
Trd, 000276.167, 175
Trd, 000276.283, 173
Trd, 000276.550, 173
Trd, 000276.617, 175
Trd, 000277.750, 180
Trd, 000278.233, 175
Trd, 000279.033, 173
Trd, 000279.067, 175
Trd, 000279.150, 183
Trd, 000279.300, 182
Trd, 000279.550, 172
Trd, 000279.750, 185
Trd, 000280.067, 187
Trd, 000280.267, 173
Trd, 000281.650, 173
Trd, 000281.800, 172
Trd, 000282.150, 176
Trd, 000282.417, 183
Trd, 000282.600, 177
Trd, 000283.300, 179
Trd, 000283.600, 178
Trd, 000284.150, 179
Trd, 000284.617, 181
Trd, 000284.683, 180
Trd, 000285.550, 179
Trd, 000285.967, 179
Trd, 000286.100, 176
Trd, 000286.500, 181
Trd, 000287.617, 182
Trd, 000287.800, 182
Trd, 000289.367, 184
Trd, 000289.400, 181
Trd, 000289.567, 184
Trd, 000290.100, 184
Trd, 000290.183, 181
Trd, 000290.267, 180
Trd, 000290.767, 183
Trd, 000290.850, 185
Trd, 000291.033, 177
Trd, 000291.550, 179
Trd, 000291.583, 174
Trd, 000292.900, 179
Trd, 000293.683, 178
Trd, 000294.150, 176
Trd, 000294.767, 178
Trd, 000294.817, 177
Trd, 000294.967, 179
Trd, 000295.200, 178
Trd, 000295.450, 177
Trd, 000295.600, 178
Trd, 000295.750, 177
Trd, 000296.383, 177
Trd, 000296.650, 176
Trd, 000297.517, 173
Trd, 000297.750, 178
Trd, 000297.933, 177
Trd, 000298.100, 181
Trd, 000298.900, 184
Trd, 000299.017, 187
Trd, 000299.833, 186
Trd, 000299.933, 184
