Trd, 000001.467, 120
Trd, 000002.200, 165
Trd, 000003.417, 149
Trd, 000004.967, 155
Trd, 000005.200, 158
Trd, 000005.450, 162
Trd, 000007.933, 151
Trd, 000008.117, 162
Trd, 000009.983, 158
Trd, 000010.133, 157
Trd, 000010.350, 158
Trd, 000011.767, 156
Trd, 000013.100, 157
Trd, 000013.267, 154
Trd, 000013.567, 162
Trd, 000013.583, 163
Trd, 000015.050, 155
Trd, 000015.400, 155
Trd, 000016.683, 149
Trd, 000016.800, 152
Trd, 000017.067, 145
Trd, 000017.800, 149
Trd, 000018.050, 149
Trd, 000018.450, 148
Trd, 000019.000, 160
Trd, 000019.783, 151
Trd, 000020.283, 152
Trd, 000021.433, 160
Trd, 000021.583, 153
Trd, 000023.617, 153
Trd, 000023.817, 156
Trd, 000024.367, 155
Trd, 000024.733, 154
Trd, 000026.167, 154
Trd, 000026.817, 153
Trd, 000028.650, 155
Trd, 000028.750, 151
Trd, 000029.567, 149
Trd, 000029.867, 148
Trd, 000029.967, 150
Trd, 000030.333, 155
Trd, 000030.550, 161
Trd, 000032.450, 152
Trd, 000032.633, 151
Trd, 000033.767, 152
Trd, 000034.267, 152
Trd, 000034.900, 151
Trd, 000035.200, 149
Trd, 000035.617, 150
Trd, 000036.583, 151
Trd, 000038.133, 152
Trd, 000038.717, 153
Trd, 000039.217, 149
Trd, 000039.833, 153
Trd, 000040.250, 153
Trd, 000041.250, 154
Trd, 000041.383, 162
Trd, 000041.400, 166
Trd, 000042.133, 154
Trd, 000042.750, 158
Trd, 000045.083, 159
Trd, 000046.083, 159
Trd, 000046.233, 160
Trd, 000047.200, 159
Trd, 000048.300, 156
Trd, 000048.700, 155
Trd, 000048.733, 153
Trd, 000049.433, 152
Trd, 000050.133, 156
Trd, 000050.183, 157
Trd, 000050.233, 149
Trd, 000050.650, 141
Trd, 000052.233, 167
Trd, 000052.633, 157
Trd, 000054.117, 162
Trd, 000054.900, 159
Trd, 000055.483, 160
Trd, 000055.850, 158
Trd, 000056.150, 163
Trd, 000057.367, 158
Trd, 000057.600, 164
Trd, 000058.517, 160
Trd, 000058.550, 161
Trd, 000060.300, 156
Trd, 000060.483, 158
Trd, 000062.217, 156
Trd, 000062.667, 156
Trd, 000063.050, 156
Trd, 000063.400, 162
Trd, 000064.117, 158
Trd, 000065.300, 155
Trd, 000065.750, 157
Trd, 000066.500, 157
Trd, 000067.100, 152
Trd, 000068.367, 156
Trd, 000069.350, 158
Trd, 000069.467, 160
Trd, 000070.800, 158
Trd, 000072.050, 156
Trd, 000073.350, 155
Trd, 000073.733, 155
Trd, 000073.983, 153
Trd, 000074.150, 156
Trd, 000074.483, 153
Trd, 000075.167, 158
Trd, 000075.417, 159
Trd, 000077.517, 157
Trd, 000077.817, 156
Trd, 000077.933, 149
Trd, 000078.333, 157
Trd, 000079.933, 170
Trd, 000082.383, 162
Trd, 000082.450, 163
Trd, 000082.633, 169
Trd, 000083.083, 152
Trd, 000083.317, 163
Trd, 000084.733, 168
Trd, 000085.217, 163
Trd, 000086.367, 164
Trd, 000087.300, 166
Trd, 000087.717, 166
Trd, 000087.767, 160
Trd, 000088.083, 170
Trd, 000088.933, 178
Trd, 000089.683, 164
Trd, 000091.350, 166
Trd, 000091.667, 165
Trd, 000091.683, 166
Trd, 000093.183, 165
Trd, 000095.150, 164
Trd, 000095.600, 163
Trd, 000096.450, 161
Trd, 000097.067, 163
Trd, 000097.350, 158
Trd, 000097.450, 163
Trd, 000098.183, 161
Trd, 000098.433, 168
Trd, 000099.550, 171
Trd, 000102.017, 162
Trd, 000102.283, 161
Trd, 000102.800, 161
Trd, 000102.817, 159
Trd, 000103.100, 158
Trd, 000103.667, 167
Trd, 000103.700, 168
Trd, 000105.683, 159
Trd, 000105.850, 167
Trd, 000107.683, 160
Trd, 000108.117, 159
Trd, 000108.150, 162
Trd, 000108.667, 157
Trd, 000109.817, 162
Trd, 000110.117, 166
Trd, 000110.600, 157
Trd, 000110.750, 167
Trd, 000111.183, 167
Trd, 000111.217, 159
Trd, 000111.950, 155
Trd, 000112.617, 159
Trd, 000112.950, 161
Trd, 000114.267, 164
Trd, 000114.450, 165
Trd, 000115.483, 166
Trd, 000116.667, 169
Trd, 000116.750, 174
Trd, 000117.717, 160
Trd, 000119.867, 167
Trd, 000119.950, 167
Trd, 000120.267, 168
Trd, 000120.717, 166
Trd, 000121.250, 169
Trd, 000121.667, 171
Trd, 000121.733, 191
Trd, 000122.133, 193
Trd, 000122.400, 194
Trd, 000122.583, 209
Trd, 000123.417, 244
Trd, 000123.917, 266
Trd, 000125.183, 272
Trd, 000125.617, 306
Trd, 000125.817, 310.0
Trd, 000125.983, 317
Trd, 000126.667, 315
Trd, 000126.767, 334.0
Trd, 000127.683, 346.0
Trd, 000128.067, 348.0
Trd, 000129.467, 348.0
Trd, 000129.817, 345
Trd, 000130.283, 353
Trd, 000130.533, 356.0
Trd, 000132.983, 349
Trd, 000133.033, 352.0
Trd, 000134.433, 348
Trd, 000135.033, 353
Trd, 000135.533, 354
Trd, 000135.550, 348.0
Trd, 000135.700, 346
Trd, 000136.683, 355.0
Trd, 000137.333, 356.0
Trd, 000138.083, 344.0
Trd, 000138.900, 356.0
Trd, 000139.267, 344
Trd, 000141.050, 355
Trd, 000141.117, 341
Trd, 000142.300, 347
Trd, 000142.917, 341
Trd, 000142.950, 345
Trd, 000143.200, 345
Trd, 000143.250, 345
Trd, 000144.167, 343
Trd, 000144.867, 343
Trd, 000146.100, 344
Trd, 000146.633, 344
Trd, 000146.650, 345
Trd, 000147.717, 346
Trd, 000148.267, 348.0
Trd, 000148.900, 341
Trd, 000149.400, 358.0
Trd, 000149.517, 341.0
Trd, 000153.183, 348.0
Trd, 000153.633, 350
Trd, 000153.900, 349
Trd, 000153.933, 350
Trd, 000156.233, 349
Trd, 000156.333, 348.0
Trd, 000156.483, 348
Trd, 000156.850, 351
Trd, 000157.683, 344.0
Trd, 000157.967, 358.0
Trd, 000159.017, 349
Trd, 000159.717, 358
Trd, 000160.050, 356.0
Trd, 000161.183, 354
Trd, 000161.250, 359
Trd, 000161.667, 359
Trd, 000162.083, 375.0
Trd, 000163.983, 356
Trd, 000165.217, 341.0
Trd, 000165.533, 358.0
Trd, 000167.017, 350
Trd, 000168.433, 348.0
Trd, 000169.217, 348
Trd, 000169.483, 346
Trd, 000170.117, 354
Trd, 000170.517, 358.0
Trd, 000171.600, 348.0
Trd, 000172.733, 353
Trd, 000173.833, 349
Trd, 000174.533, 352
Trd, 000175.017, 350
Trd, 000176.233, 348
Trd, 000176.383, 348.0
Trd, 000177.483, 345
Trd, 000178.033, 346
Trd, 000178.533, 344.0
Trd, 000179.700, 346
Trd, 000180.283, 348.0
Trd, 000180.450, 340
Trd, 000180.967, 341
Trd, 000181.233, 338
Trd, 000181.967, 345
Trd, 000182.083, 340
Trd, 000182.383, 334
Trd, 000182.850, 334.0
Trd, 000183.017, 330
Trd, 000183.150, 329
Trd, 000183.183, 317.0
Trd, 000183.350, 308
Trd, 000183.633, 306.0
Trd, 000184.517, 227
Trd, 000185.050, 184
Trd, 000185.100, 166
Trd, 000185.367, 192
Trd, 000185.533, 176
Trd, 000187.367, 184
Trd, 000187.617, 183
Trd, 000187.983, 182
Trd, 000188.800, 184
Trd, 000189.333, 186
Trd, 000189.933, 181
Trd, 000190.367, 187
Trd, 000193.550, 180
Trd, 000193.800, 179
Trd, 000195.317, 178
Trd, 000195.667, 174
Trd, 000195.833, 175
Trd, 000196.550, 173
Trd, 000196.833, 172
Trd, 000197.533, 169
Trd, 000198.000, 168
Trd, 000200.800, 168
Trd, 000201.117, 168
Trd, 000201.767, 168
Trd, 000202.033, 170
Trd, 000202.317, 170
Trd, 000203.400, 172
Trd, 000205.033, 167
Trd, 000205.283, 164
Trd, 000206.050, 167
Trd, 000206.067, 161
Trd, 000206.350, 168
Trd, 000206.817, 162
Trd, 000206.867, 168
Trd, 000207.517, 168
Trd, 000207.750, 168
Trd, 000208.733, 166
Trd, 000209.033, 168
Trd, 000209.250, 162
Trd, 000210.917, 164
Trd, 000211.367, 165
Trd, 000212.517, 167
Trd, 000214.350, 165
Trd, 000215.133, 163
Trd, 000215.183, 164
Trd, 000216.117, 167
Trd, 000216.217, 170
Trd, 000216.283, 166
Trd, 000216.817, 163
Trd, 000217.650, 179
Trd, 000219.600, 177
Trd, 000220.683, 173
Trd, 000221.517, 172
Trd, 000222.300, 172
Trd, 000224.050, 170
Trd, 000225.167, 170
Trd, 000226.467, 170
Trd, 000226.900, 169
Trd, 000227.500, 180
Trd, 000227.600, 167
Trd, 000228.217, 167
Trd, 000228.733, 171
Trd, 000229.000, 172
Trd, 000229.417, 170
Trd, 000229.550, 170
Trd, 000229.733, 171
Trd, 000229.967, 166
Trd, 000230.500, 170
Trd, 000230.550, 181
Trd, 000231.083, 185
Trd, 000232.283, 183
Trd, 000233.150, 185
Trd, 000234.933, 178
Trd, 000235.100, 171
Trd, 000236.050, 177
Trd, 000237.117, 173
Trd, 000237.433, 173
Trd, 000237.783, 174
Trd, 000238.317, 173
Trd, 000238.983, 171
Trd, 000239.083, 179
Trd, 000239.600, 186
Trd, 000240.217, 178
Trd, 000241.000, 176
Trd, 000241.083, 177
Trd, 000241.283, 176
Trd, 000241.883, 175
Trd, 000243.100, 181
Trd, 000243.450, 182
Trd, 000243.600, 182
Trd, 000244.117, 178
Trd, 000244.217, 177
Trd, 000244.467, 177
Trd, 000244.833, 182
Trd, 000244.933, 177
Trd, 000245.367, 176
Trd, 000246.033, 178
Trd, 000246.150, 179
Trd, 000246.500, 178
Trd, 000246.950, 180
Trd, 000247.933, 169
Trd, 000248.200, 181
Trd, 000248.883, 173
Trd, 000249.067, 170
Trd, 000249.100, 176
Trd, 000250.083, 171
Trd, 000250.450, 173
Trd, 000250.683, 171
Trd, 000251.150, 173
Trd, 000251.300, 171
Trd, 000251.383, 166
Trd, 000252.450, 164
Trd, 000253.400, 164
Trd, 000254.233, 166
Trd, 000254.583, 167
Trd, 000254.850, 173
Trd, 000255.067, 174
Trd, 000255.633, 177
Trd, 000255.750, 182
Trd, 000256.217, 176
Trd, 000256.867, 174
Trd, 000257.033, 175
Trd, 000257.400, 178
Trd, 000257.633, 184
Trd, 000258.233, 178
Trd, 000258.583, 176
Trd, 000258.933, 176
Trd, 000260.100, 174
Trd, 000260.517, 175
Trd, 000260.567, 178
Trd, 000260.633, 180
Trd, 000261.333, 174
Trd, 000261.517, 175
Trd, 000261.767, 179
Trd, 000262.617, 174
Trd, 000263.467, 177
Trd, 000264.067, 174
Trd, 000264.417, 175
Trd, 000264.867, 172
Trd, 000264.883, 171
Trd, 000265.050, 171
Trd, 000265.667, 173
Trd, 000266.500, 171
Trd, 000266.550, 170
Trd, 000266.917, 170
Trd, 000267.000, 171
Trd, 000267.050, 172
Trd, 000268.600, 170
Trd, 000268.633, 171
Trd, 000268.717, 176
Trd, 000268.800, 184
Trd, 000269.033, 182
Trd, 000269.233, 168
Trd, 000270.250, 173
Trd, 000270.267, 174
Trd, 000270.933, 176
Trd, 000271.433, 172
Trd, 000271.800, 171
Trd, 000271.850, 171
Trd, 000271.933, 177
Trd, 000272.517, 176
Trd, 000272.583, 177
Trd, 000272.967, 171
Trd, 000273.933, 176
Trd, 000274.650, 175
Trd, 000274.867, 175
Trd, 000274.950, 176
Trd, 000275.050, 171
Trd, 000275.567, 171
Trd, 000275.983, 170
Trd, 000276.500, 169
Trd, 000277.367, 179
Trd, 000277.617, 186
Trd, 000277.933, 190
Trd, 000279.083, 199
Trd, 000279.150, 179
Trd, 000279.233, 199
Trd, 000280.417, 180
Trd, 000280.683, 181
Trd, 000280.833, 177
Trd, 000281.400, 173
Trd, 000281.533, 176
Trd, 000281.550, 171
Trd, 000281.667, 178
Trd, 000282.033, 181
Trd, 000282.500, 190
Trd, 000283.650, 194
Trd, 000283.817, 196
Trd, 000284.417, 186
Trd, 000284.833, 184
Trd, 000284.967, 176
Trd, 000285.033, 186
Trd, 000285.400, 172
Trd, 000285.867, 174
Trd, 000286.033, 171
Trd, 000286.800, 179
Trd, 000286.917, 174
Trd, 000287.283, 169
Trd, 000287.750, 176
Trd, 000288.583, 177
Trd, 000289.000, 173
Trd, 000289.167, 173
Trd, 000289.717, 169
Trd, 000290.183, 169
Trd, 000290.283, 170
Trd, 000290.350, 175
Trd, 000290.433, 168
Trd, 000291.633, 171
Trd, 000292.083, 172
Trd, 000292.833, 169
Trd, 000293.000, 166
Trd, 000293.450, 177
Trd, 000293.517, 187
Trd, 000294.083, 190
Trd, 000294.200, 180
Trd, 000294.367, 191
Trd, 000294.817, 187
Trd, 000295.200, 167
Trd, 000295.700, 171
Trd, 000295.933, 171
Trd, 000296.083, 175
Trd, 000296.183, 201
Trd, 000296.383, 208
Trd, 000296.700, 178
Trd, 000297.683, 180
Trd, 000297.900, 176
Trd, 000298.283, 185
