Trd, 000002.000, 135
Trd, 000002.700, 134
Trd, 000002.717, 154
Trd, 000002.833, 155
Trd, 000002.900, 158
Trd, 000004.900, 148
Trd, 000005.283, 149
Trd, 000005.350, 151
Trd, 000005.967, 148
Trd, 000006.067, 147
Trd, 000007.283, 150
Trd, 000007.467, 152
Trd, 000007.883, 152
Trd, 000008.917, 151
Trd, 000009.700, 155
Trd, 000010.567, 147
Trd, 000010.783, 145
Trd, 000011.417, 137
Trd, 000011.583, 138
Trd, 000011.867, 149
Trd, 000012.067, 152
Trd, 000012.133, 156
Trd, 000012.917, 153
Trd, 000013.617, 154
Trd, 000014.667, 149
Trd, 000015.817, 153
Trd, 000015.933, 151
Trd, 000016.100, 156
Trd, 000016.650, 149
Trd, 000018.067, 135
Trd, 000019.000, 146
Trd, 000019.200, 148
Trd, 000019.867, 148
Trd, 000020.033, 148
Trd, 000020.650, 147
Trd, 000020.867, 148
Trd, 000021.150, 157
Trd, 000022.233, 150
Trd, 000022.867, 149
Trd, 000022.917, 160
Trd, 000023.083, 149
Trd, 000024.550, 152
Trd, 000024.700, 144
Trd, 000024.967, 143
Trd, 000026.517, 148
Trd, 000026.650, 147
Trd, 000026.967, 150
Trd, 000027.067, 152
Trd, 000027.283, 145
Trd, 000027.333, 157
Trd, 000027.483, 160
Trd, 000028.200, 139
Trd, 000028.583, 142
Trd, 000031.217, 145
Trd, 000031.567, 147
Trd, 000032.050, 144
Trd, 000032.550, 150
Trd, 000033.033, 151
Trd, 000033.500, 151
Trd, 000033.883, 161
Trd, 000034.183, 154
Trd, 000034.700, 162
Trd, 000035.050, 162
Trd, 000035.317, 162
Trd, 000035.550, 161
Trd, 000036.067, 154
Trd, 000037.000, 153
Trd, 000037.717, 152
Trd, 000038.417, 154
Trd, 000039.367, 148
Trd, 000039.550, 152
Trd, 000040.183, 154
Trd, 000041.083, 146
Trd, 000041.333, 152
Trd, 000041.500, 153
Trd, 000041.633, 159
Trd, 000042.317, 155
Trd, 000043.433, 157
Trd, 000043.700, 159
Trd, 000044.100, 157
Trd, 000044.250, 162
Trd, 000044.667, 153
Trd, 000046.200, 154
Trd, 000046.667, 152
Trd, 000046.867, 158
Trd, 000047.200, 158
Trd, 000047.700, 152
Trd, 000047.733, 160
Trd, 000048.817, 163
Trd, 000051.667, 159
Trd, 000052.217, 159
Trd, 000052.550, 160
Trd, 000052.983, 160
Trd, 000053.183, 163
Trd, 000053.417, 161
Trd, 000053.700, 167
Trd, 000054.017, 149
Trd, 000054.383, 166
Trd, 000055.167, 160
Trd, 000055.850, 155
Trd, 000055.950, 162
Trd, 000057.350, 160
Trd, 000057.450, 155
Trd, 000058.900, 161
Trd, 000059.133, 164
Trd, 000059.300, 157
Trd, 000062.067, 159
Trd, 000062.267, 160
Trd, 000062.633, 153
Trd, 000062.867, 150
Trd, 000063.767, 158
Trd, 000064.567, 153
Trd, 000065.400, 156
Trd, 000065.567, 161
Trd, 000066.067, 144
Trd, 000066.733, 157
Trd, 000067.950, 157
Trd, 000067.967, 158
Trd, 000069.100, 154
Trd, 000069.817, 154
Trd, 000070.550, 153
Trd, 000071.400, 153
Trd, 000071.433, 154
Trd, 000071.450, 162
Trd, 000072.583, 165
Trd, 000074.567, 157
Trd, 000074.617, 161
Trd, 000074.917, 162
Trd, 000074.950, 157
Trd, 000075.700, 158
Trd, 000076.100, 156
Trd, 000076.850, 155
Trd, 000076.883, 154
Trd, 000077.850, 155
Trd, 000079.100, 155
Trd, 000079.233, 156
Trd, 000079.633, 158
Trd, 000079.733, 163
Trd, 000080.117, 160
Trd, 000081.067, 162
Trd, 000081.800, 165
Trd, 000083.233, 154
Trd, 000084.067, 157
Trd, 000084.783, 156
Trd, 000084.850, 153
Trd, 000084.933, 163
Trd, 000085.600, 161
Trd, 000086.267, 161
Trd, 000086.833, 153
Trd, 000087.333, 154
Trd, 000089.717, 153
Trd, 000089.733, 154
Trd, 000089.917, 155
Trd, 000090.300, 157
Trd, 000091.433, 157
Trd, 000091.633, 156
Trd, 000092.033, 164
Trd, 000092.050, 167
Trd, 000092.100, 162
Trd, 000092.217, 155
Trd, 000092.783, 162
Trd, 000093.117, 172
Trd, 000094.350, 159
Trd, 000094.367, 182
Trd, 000095.650, 169
Trd, 000096.733, 168
Trd, 000097.533, 165
Trd, 000097.583, 176
Trd, 000098.717, 167
Trd, 000099.217, 160
Trd, 000099.233, 166
Trd, 000100.233, 160
Trd, 000101.033, 156
Trd, 000102.133, 167
Trd, 000102.683, 169
Trd, 000103.733, 160
Trd, 000104.100, 160
Trd, 000104.583, 162
Trd, 000104.817, 156
Trd, 000105.700, 160
Trd, 000105.817, 162
Trd, 000105.950, 161
Trd, 000106.350, 151
Trd, 000107.450, 160
Trd, 000107.717, 155
Trd, 000108.533, 159
Trd, 000110.283, 154
Trd, 000110.317, 154
Trd, 000111.817, 156
Trd, 000111.900, 169
Trd, 000112.500, 160
Trd, 000114.250, 164
Trd, 000114.683, 169
Trd, 000115.083, 174
Trd, 000115.100, 157
Trd, 000116.033, 159
Trd, 000116.833, 160
Trd, 000117.083, 165
Trd, 000117.467, 157
Trd, 000117.950, 165
Trd, 000118.083, 166
Trd, 000119.033, 158
Trd, 000119.267, 167
Trd, 000120.867, 165
Trd, 000121.033, 159
Trd, 000121.383, 166
Trd, 000121.733, 167
Trd, 000122.367, 168
Trd, 000122.467, 170
Trd, 000122.633, 187
Trd, 000122.833, 191
Trd, 000123.183, 201
Trd, 000123.333, 218
Trd, 000123.400, 282
Trd, 000124.117, 313.0
Trd, 000125.317, 352
Trd, 000125.633, 354.0
Trd, 000125.967, 352
Trd, 000126.850, 355.0
Trd, 000127.250, 344.0
Trd, 000127.317, 334.0
Trd, 000128.367, 358.0
Trd, 000129.783, 343
Trd, 000130.000, 338
Trd, 000130.500, 337
Trd, 000130.533, 339
Trd, 000130.900, 340
Trd, 000131.317, 337
Trd, 000132.083, 337
Trd, 000132.483, 337
Trd, 000132.633, 338
Trd, 000132.933, 349
Trd, 000133.017, 338
Trd, 000135.233, 342
Trd, 000135.600, 340
Trd, 000135.950, 340
Trd, 000136.817, 353.0
Trd, 000137.033, 354.0
Trd, 000137.767, 355
Trd, 000139.933, 345.0
Trd, 000140.633, 344.0
Trd, 000141.733, 343
Trd, 000141.967, 342
Trd, 000142.817, 343
Trd, 000143.500, 344
Trd, 000143.983, 340
Trd, 000144.883, 341
Trd, 000144.967, 345
Trd, 000145.950, 341
Trd, 000146.050, 343
Trd, 000146.300, 343
Trd, 000146.483, 342
Trd, 000147.200, 341
Trd, 000147.333, 339
Trd, 000148.750, 343
Trd, 000150.333, 344
Trd, 000151.550, 341
Trd, 000151.783, 343
Trd, 000152.633, 343
Trd, 000153.433, 343
Trd, 000153.783, 343
Trd, 000153.933, 342
Trd, 000154.933, 344.0
Trd, 000155.283, 345
Trd, 000155.383, 336
Trd, 000155.533, 357.0
Trd, 000156.283, 343
Trd, 000158.200, 345.0
Trd, 000159.200, 344.0
Trd, 000159.833, 345
Trd, 000161.117, 343
Trd, 000161.367, 343
Trd, 000161.500, 336
Trd, 000162.017, 343
Trd, 000163.133, 346
Trd, 000164.300, 349
Trd, 000165.033, 346
Trd, 000165.683, 347
Trd, 000166.500, 349
Trd, 000166.667, 348
Trd, 000167.333, 355.0
Trd, 000167.917, 350
Trd, 000169.083, 349.0
Trd, 000170.050, 351
Trd, 000170.167, 351.0
Trd, 000170.433, 352
Trd, 000170.683, 350.0
Trd, 000170.933, 354
Trd, 000171.767, 348
Trd, 000171.917, 344.0
Trd, 000172.567, 349
Trd, 000172.933, 350
Trd, 000173.017, 362
Trd, 000175.933, 354.0
Trd, 000176.083, 353
Trd, 000176.183, 352
Trd, 000176.683, 351
Trd, 000178.683, 346
Trd, 000179.250, 352
Trd, 000179.433, 353
Trd, 000180.567, 349
Trd, 000181.650, 347
Trd, 000182.200, 348
Trd, 000182.283, 346
Trd, 000182.833, 326
Trd, 000183.200, 317
Trd, 000183.367, 317.0
Trd, 000183.400, 300
Trd, 000183.800, 300.0
Trd, 000183.917, 344
Trd, 000184.067, 288
Trd, 000184.083, 211
Trd, 000184.883, 198
Trd, 000185.683, 200
Trd, 000185.933, 184
Trd, 000186.133, 163
Trd, 000187.217, 181
Trd, 000188.967, 196
Trd, 000189.733, 191
Trd, 000189.883, 190
Trd, 000191.367, 189
Trd, 000193.250, 189
Trd, 000194.200, 177
Trd, 000194.667, 171
Trd, 000195.683, 170
Trd, 000196.100, 174
Trd, 000196.350, 177
Trd, 000196.717, 167
Trd, 000196.800, 166
Trd, 000198.900, 172
Trd, 000199.450, 171
Trd, 000200.033, 171
Trd, 000200.133, 172
Trd, 000201.383, 174
Trd, 000202.633, 174
Trd, 000202.650, 175
Trd, 000202.683, 175
Trd, 000202.967, 178
Trd, 000203.250, 169
Trd, 000203.800, 175
Trd, 000205.167, 172
Trd, 000205.233, 172
Trd, 000205.250, 171
Trd, 000205.467, 165
Trd, 000206.233, 171
Trd, 000206.450, 195
Trd, 000207.283, 172
Trd, 000208.267, 178
Trd, 000208.900, 179
Trd, 000209.650, 176
Trd, 000210.750, 175
Trd, 000211.750, 175
Trd, 000212.950, 166
Trd, 000213.133, 172
Trd, 000213.467, 170
Trd, 000213.833, 166
Trd, 000214.617, 165
Trd, 000215.183, 162
Trd, 000216.533, 160
Trd, 000216.600, 159
Trd, 000216.667, 161
Trd, 000217.950, 169
Trd, 000218.600, 162
Trd, 000220.017, 164
Trd, 000220.767, 165
Trd, 000221.183, 166
Trd, 000221.317, 177
Trd, 000221.350, 180
Trd, 000222.467, 161
Trd, 000222.833, 163
Trd, 000224.117, 170
Trd, 000224.933, 170
Trd, 000225.483, 167
Trd, 000225.900, 170
Trd, 000225.917, 170
Trd, 000226.483, 170
Trd, 000226.617, 177
Trd, 000227.467, 171
Trd, 000227.950, 167
Trd, 000228.450, 173
Trd, 000229.200, 173
Trd, 000230.150, 171
Trd, 000230.267, 175
Trd, 000231.083, 178
Trd, 000231.233, 175
Trd, 000231.500, 179
Trd, 000232.767, 171
Trd, 000233.050, 170
Trd, 000235.367, 172
Trd, 000235.800, 173
Trd, 000236.083, 174
Trd, 000236.133, 178
Trd, 000237.933, 170
Trd, 000238.167, 174
Trd, 000238.583, 175
Trd, 000239.917, 176
Trd, 000240.033, 176
Trd, 000240.117, 176
Trd, 000240.500, 178
Trd, 000240.533, 178
Trd, 000240.667, 179
Trd, 000240.967, 180
Trd, 000241.733, 175
Trd, 000242.717, 174
Trd, 000243.067, 174
Trd, 000244.800, 172
Trd, 000245.300, 171
Trd, 000245.383, 171
Trd, 000246.000, 172
Trd, 000246.050, 173
Trd, 000246.317, 175
Trd, 000246.500, 177
Trd, 000246.883, 171
Trd, 000248.033, 173
Trd, 000248.183, 172
Trd, 000248.767, 174
Trd, 000249.100, 171
Trd, 000250.133, 173
Trd, 000250.667, 174
Trd, 000250.683, 172
Trd, 000250.800, 175
Trd, 000252.050, 169
Trd, 000252.450, 171
Trd, 000252.633, 166
Trd, 000253.883, 173
Trd, 000254.083, 171
Trd, 000254.600, 172
Trd, 000254.750, 171
Trd, 000254.967, 171
Trd, 000255.350, 171
Trd, 000255.833, 172
Trd, 000256.850, 173
Trd, 000256.867, 171
Trd, 000256.983, 177
Trd, 000258.467, 172
Trd, 000258.867, 176
Trd, 000259.350, 177
Trd, 000259.367, 173
Trd, 000260.383, 175
Trd, 000260.450, 174
Trd, 000262.050, 174
Trd, 000262.483, 167
Trd, 000263.050, 174
Trd, 000263.317, 174
Trd, 000263.600, 173
Trd, 000264.450, 173
Trd, 000264.550, 181
Trd, 000264.933, 177
Trd, 000265.267, 170
Trd, 000265.633, 168
Trd, 000266.233, 169
Trd, 000267.133, 172
Trd, 000267.367, 173
Trd, 000267.733, 179
Trd, 000269.150, 177
Trd, 000269.267, 176
Trd, 000269.433, 176
Trd, 000269.600, 177
Trd, 000269.650, 183
Trd, 000270.567, 180
Trd, 000270.617, 182
Trd, 000271.300, 175
Trd, 000271.517, 180
Trd, 000271.683, 185
Trd, 000272.417, 176
Trd, 000272.733, 183
Trd, 000273.183, 182
Trd, 000273.433, 187
Trd, 000274.050, 182
Trd, 000274.250, 189
Trd, 000274.767, 179
Trd, 000275.283, 178
Trd, 000275.467, 180
Trd, 000275.850, 176
Trd, 000276.083, 178
Trd, 000276.117, 181
Trd, 000276.783, 178
Trd, 000277.533, 172
Trd, 000277.717, 171
Trd, 000279.150, 177
Trd, 000279.683, 180
Trd, 000279.983, 174
Trd, 000280.200, 179
Trd, 000280.933, 176
Trd, 000281.367, 173
Trd, 000281.783, 180
Trd, 000282.583, 173
Trd, 000283.050, 177
Trd, 000283.800, 179
Trd, 000284.417, 178
Trd, 000284.517, 179
Trd, 000285.267, 186
Trd, 000285.367, 184
Trd, 000285.667, 180
Trd, 000285.933, 178
Trd, 000286.683, 178
Trd, 000287.300, 179
Trd, 000288.183, 178
Trd, 000288.300, 180
Trd, 000289.267, 175
Trd, 000290.517, 179
Trd, 000290.783, 179
Trd, 000291.467, 178
Trd, 000291.567, 179
Trd, 000291.733, 180
Trd, 000292.250, 178
Trd, 000292.283, 180
Trd, 000294.450, 173
Trd, 000294.617, 180
Trd, 000295.317, 175
Trd, 000295.967, 179
Trd, 000296.367, 180
Trd, 000296.400, 180
Trd, 000296.500, 185
Trd, 000296.533, 187
Trd, 000296.883, 176
Trd, 000297.350, 191
Trd, 000298.600, 184
Trd, 000298.967, 182
Trd, 000299.083, 188
Trd, 000299.133, 192
