Trd, 000001.150, 186
Trd, 000001.517, 165
Trd, 000002.300, 147
Trd, 000002.517, 182
Trd, 000002.800, 176
Trd, 000004.217, 172
Trd, 000004.400, 158
Trd, 000004.433, 155
Trd, 000005.483, 138
Trd, 000005.550, 146
Trd, 000005.700, 122
Trd, 000006.217, 124
Trd, 000006.383, 145
Trd, 000006.500, 124
Trd, 000007.000, 134
Trd, 000007.083, 134
Trd, 000008.517, 157
Trd, 000008.750, 157
Trd, 000009.617, 143
Trd, 000010.500, 150
Trd, 000010.700, 141
Trd, 000011.300, 151
Trd, 000011.467, 155
Trd, 000011.700, 156
Trd, 000012.883, 146
Trd, 000013.133, 157
Trd, 000013.550, 157
Trd, 000014.383, 157
Trd, 000014.933, 159
Trd, 000015.183, 150
Trd, 000015.717, 146
Trd, 000016.567, 147
Trd, 000016.917, 129
Trd, 000017.900, 147
Trd, 000018.650, 147
Trd, 000019.033, 148
Trd, 000019.100, 148
Trd, 000019.183, 148
Trd, 000019.417, 149
Trd, 000019.683, 146
Trd, 000020.200, 150
Trd, 000020.783, 167
Trd, 000020.967, 144
Trd, 000021.483, 151
Trd, 000021.500, 142
Trd, 000023.017, 140
Trd, 000023.150, 145
Trd, 000024.533, 141
Trd, 000024.833, 142
Trd, 000025.033, 143
Trd, 000025.833, 143
Trd, 000026.217, 146
Trd, 000026.767, 141
Trd, 000027.733, 161
Trd, 000028.367, 156
Trd, 000028.883, 155
Trd, 000029.117, 157
Trd, 000029.267, 153
Trd, 000029.450, 144
Trd, 000029.500, 159
Trd, 000030.433, 140
Trd, 000030.750, 147
Trd, 000030.817, 152
Trd, 000030.850, 153
Trd, 000031.533, 161
Trd, 000032.150, 130
Trd, 000032.333, 161
Trd, 000032.850, 167
Trd, 000033.350, 153
Trd, 000033.800, 155
Trd, 000034.383, 156
Trd, 000034.850, 154
Trd, 000035.933, 152
Trd, 000037.100, 151
Trd, 000037.400, 150
Trd, 000037.750, 151
Trd, 000039.083, 150
Trd, 000039.217, 151
Trd, 000039.517, 149
Trd, 000039.883, 131
Trd, 000040.100, 124
Trd, 000040.200, 152
Trd, 000040.800, 134
Trd, 000041.167, 149
Trd, 000041.400, 144
Trd, 000041.467, 142
Trd, 000042.267, 149
Trd, 000042.850, 145
Trd, 000043.800, 152
Trd, 000044.700, 146
Trd, 000045.183, 148
Trd, 000045.267, 143
Trd, 000045.600, 143
Trd, 000046.250, 147
Trd, 000046.683, 143
Trd, 000047.083, 147
Trd, 000047.750, 144
Trd, 000047.967, 142
Trd, 000048.400, 147
Trd, 000048.983, 147
Trd, 000049.017, 149
Trd, 000049.200, 143
Trd, 000049.817, 142
Trd, 000049.883, 145
Trd, 000049.933, 136
Trd, 000050.000, 156
Trd, 000051.933, 147
Trd, 000051.983, 153
Trd, 000052.217, 137
Trd, 000053.100, 149
Trd, 000053.250, 159
Trd, 000053.400, 147
Trd, 000053.550, 139
Trd, 000054.383, 149
Trd, 000054.817, 142
Trd, 000056.233, 143
Trd, 000056.450, 141
Trd, 000057.683, 140
Trd, 000058.200, 142
Trd, 000058.700, 140
Trd, 000058.817, 141
Trd, 000059.717, 141
Trd, 000060.100, 139
Trd, 000060.267, 141
Trd, 000060.433, 142
Trd, 000060.533, 154
Trd, 000061.100, 159
Trd, 000061.233, 161
Trd, 000061.750, 164
Trd, 000062.367, 159
Trd, 000062.750, 141
Trd, 000063.617, 143
Trd, 000063.883, 150
Trd, 000064.683, 142
Trd, 000064.733, 150
Trd, 000064.933, 155
Trd, 000065.200, 157
Trd, 000065.317, 141
Trd, 000066.317, 152
Trd, 000066.500, 154
Trd, 000067.267, 152
Trd, 000067.317, 163
Trd, 000067.333, 146
Trd, 000067.700, 172
Trd, 000069.067, 183
Trd, 000070.317, 159
Trd, 000070.417, 158
Trd, 000070.583, 147
Trd, 000070.683, 146
Trd, 000071.183, 155
Trd, 000071.450, 155
Trd, 000071.800, 151
Trd, 000072.833, 155
Trd, 000073.350, 150
Trd, 000073.667, 147
Trd, 000073.783, 153
Trd, 000074.217, 150
Trd, 000074.450, 150
Trd, 000075.050, 149
Trd, 000075.300, 153
Trd, 000075.833, 151
Trd, 000076.267, 149
Trd, 000076.950, 151
Trd, 000077.300, 134
Trd, 000077.950, 151
Trd, 000078.367, 156
Trd, 000078.950, 147
Trd, 000079.467, 160
Trd, 000079.717, 148
Trd, 000080.400, 159
Trd, 000080.667, 163
Trd, 000080.950, 157
Trd, 000081.000, 158
Trd, 000081.183, 146
Trd, 000081.317, 146
Trd, 000081.967, 154
Trd, 000083.067, 151
Trd, 000084.767, 152
Trd, 000084.917, 152
Trd, 000084.950, 152
Trd, 000085.200, 147
Trd, 000086.283, 152
Trd, 000086.350, 156
Trd, 000087.100, 148
Trd, 000087.633, 147
Trd, 000087.683, 156
Trd, 000087.800, 156
Trd, 000088.117, 147
Trd, 000088.483, 164
Trd, 000088.500, 166
Trd, 000088.883, 167
Trd, 000090.033, 162
Trd, 000090.267, 162
Trd, 000090.300, 161
Trd, 000090.567, 165
Trd, 000091.017, 160
Trd, 000091.500, 166
Trd, 000091.933, 166
Trd, 000092.183, 136
Trd, 000092.367, 167
Trd, 000093.017, 167
Trd, 000093.550, 166
Trd, 000093.833, 155
Trd, 000093.967, 148
Trd, 000094.917, 154
Trd, 000095.883, 157
Trd, 000096.100, 167
Trd, 000096.167, 152
Trd, 000096.417, 160
Trd, 000097.333, 147
Trd, 000097.383, 154
Trd, 000097.933, 161
Trd, 000098.967, 160
Trd, 000099.583, 158
Trd, 000099.600, 161
Trd, 000100.267, 159
Trd, 000100.467, 163
Trd, 000101.450, 162
Trd, 000101.917, 163
Trd, 000102.617, 162
Trd, 000102.767, 161
Trd, 000103.517, 162
Trd, 000103.583, 163
Trd, 000103.933, 161
Trd, 000105.183, 159
Trd, 000105.233, 158
Trd, 000105.400, 163
Trd, 000105.600, 151
Trd, 000106.267, 148
Trd, 000106.683, 164
Trd, 000107.450, 166
Trd, 000108.183, 158
Trd, 000108.683, 167
Trd, 000109.467, 157
Trd, 000110.833, 166
Trd, 000110.850, 162
Trd, 000111.217, 165
Trd, 000111.950, 166
Trd, 000113.517, 163
Trd, 000113.533, 162
Trd, 000113.583, 166
Trd, 000114.567, 164
Trd, 000115.000, 159
Trd, 000115.117, 159
Trd, 000115.283, 159
Trd, 000115.333, 164
Trd, 000115.517, 162
Trd, 000115.933, 148
Trd, 000116.717, 147
Trd, 000117.450, 145
Trd, 000117.500, 135
Trd, 000118.083, 148
Trd, 000118.250, 148
Trd, 000118.483, 151
Trd, 000118.900, 158
Trd, 000119.333, 139
Trd, 000119.600, 160
Trd, 000120.317, 168
Trd, 000120.700, 147
Trd, 000120.783, 167
Trd, 000120.917, 168
Trd, 000121.767, 165
Trd, 000122.383, 165
Trd, 000122.533, 177
Trd, 000122.783, 198
Trd, 000123.033, 212
Trd, 000124.300, 306.0
Trd, 000124.500, 337.0
Trd, 000124.717, 344.0
Trd, 000124.733, 348.0
Trd, 000125.033, 305
Trd, 000125.133, 357
Trd, 000125.433, 360
Trd, 000126.483, 358.0
Trd, 000126.883, 351.0
Trd, 000129.283, 352
Trd, 000129.600, 346
Trd, 000130.167, 340
Trd, 000130.367, 331
Trd, 000130.450, 348
Trd, 000130.683, 346
Trd, 000130.800, 337.0
Trd, 000131.417, 342
Trd, 000131.450, 344.0
Trd, 000132.200, 348
Trd, 000132.867, 347
Trd, 000133.300, 349
Trd, 000133.750, 350
Trd, 000134.000, 334
Trd, 000134.050, 357
Trd, 000134.900, 337.0
Trd, 000135.650, 340
Trd, 000135.983, 342
Trd, 000136.250, 343
Trd, 000136.333, 327.0
Trd, 000136.483, 324.0
Trd, 000138.217, 321
Trd, 000138.317, 330
Trd, 000138.783, 337.0
Trd, 000138.917, 344.0
Trd, 000139.217, 351.0
Trd, 000140.433, 345
Trd, 000141.883, 338
Trd, 000142.233, 334
Trd, 000142.633, 330
Trd, 000142.717, 341
Trd, 000143.733, 337.0
Trd, 000143.900, 340
Trd, 000144.817, 333
Trd, 000144.883, 340
Trd, 000144.950, 342.0
Trd, 000145.133, 342
Trd, 000146.483, 331
Trd, 000146.850, 328
Trd, 000148.583, 340
Trd, 000149.100, 335
Trd, 000149.567, 343
Trd, 000150.433, 337.0
Trd, 000150.700, 331
Trd, 000151.017, 339
Trd, 000151.050, 340
Trd, 000151.117, 330
Trd, 000151.233, 348.0
Trd, 000151.600, 329
Trd, 000152.417, 337.0
Trd, 000152.883, 331
Trd, 000153.200, 332
Trd, 000153.883, 335
Trd, 000154.167, 336
Trd, 000154.517, 344.0
Trd, 000155.100, 328
Trd, 000156.067, 341
Trd, 000156.350, 328
Trd, 000156.533, 342
Trd, 000157.250, 342
Trd, 000157.983, 328
Trd, 000158.633, 347.0
Trd, 000158.867, 348.0
Trd, 000158.933, 337.0
Trd, 000159.583, 335
Trd, 000159.617, 336
Trd, 000161.550, 344.0
Trd, 000162.100, 334
Trd, 000162.700, 342
Trd, 000163.133, 333
Trd, 000163.350, 333
Trd, 000163.550, 339
Trd, 000163.733, 337
Trd, 000164.950, 340
Trd, 000165.000, 339
Trd, 000166.117, 340
Trd, 000166.350, 340
Trd, 000167.133, 334
Trd, 000167.400, 336.0
Trd, 000168.067, 337.0
Trd, 000168.450, 342
Trd, 000169.000, 333
Trd, 000169.133, 344.0
Trd, 000169.167, 348.0
Trd, 000170.367, 346
Trd, 000170.683, 353
Trd, 000171.117, 351
Trd, 000171.533, 332
Trd, 000171.633, 329
Trd, 000174.183, 337.0
Trd, 000174.300, 333
Trd, 000174.550, 328
Trd, 000174.983, 341
Trd, 000175.083, 344.0
Trd, 000176.317, 338
Trd, 000176.417, 339
Trd, 000176.450, 344.0
Trd, 000177.050, 337.0
Trd, 000178.767, 329
Trd, 000178.833, 336
Trd, 000179.983, 329
Trd, 000180.483, 333
Trd, 000181.150, 333
Trd, 000181.433, 334
Trd, 000181.583, 332
Trd, 000182.183, 335
Trd, 000182.483, 327.0
Trd, 000182.883, 327
Trd, 000183.150, 324.0
Trd, 000183.183, 302
Trd, 000183.400, 248
Trd, 000183.750, 218
Trd, 000183.950, 211
Trd, 000183.967, 206
Trd, 000184.167, 200
Trd, 000184.300, 192
Trd, 000184.567, 190
Trd, 000185.583, 182
Trd, 000186.617, 176
Trd, 000187.033, 168
Trd, 000188.300, 170
Trd, 000188.367, 177
Trd, 000188.667, 184
Trd, 000189.533, 151
Trd, 000190.083, 177
Trd, 000190.100, 167
Trd, 000190.133, 196
Trd, 000190.983, 174
Trd, 000191.400, 181
Trd, 000192.383, 172
Trd, 000192.517, 169
Trd, 000192.550, 180
Trd, 000192.833, 171
Trd, 000192.933, 176
Trd, 000193.367, 169
Trd, 000195.200, 168
Trd, 000196.033, 168
Trd, 000196.283, 171
Trd, 000196.900, 170
Trd, 000197.267, 168
Trd, 000197.317, 170
Trd, 000197.450, 174
Trd, 000197.800, 168
Trd, 000198.650, 166
Trd, 000199.033, 172
Trd, 000199.300, 172
Trd, 000199.833, 171
Trd, 000200.167, 167
Trd, 000200.500, 171
Trd, 000200.800, 169
Trd, 000200.850, 173
Trd, 000201.983, 176
Trd, 000202.767, 159
Trd, 000202.917, 147
Trd, 000203.117, 173
Trd, 000204.317, 171
Trd, 000205.633, 170
Trd, 000206.017, 169
Trd, 000206.200, 167
Trd, 000206.950, 169
Trd, 000207.717, 170
Trd, 000207.833, 166
Trd, 000207.967, 171
Trd, 000208.083, 162
Trd, 000208.933, 173
Trd, 000209.133, 161
Trd, 000209.350, 175
Trd, 000210.033, 174
Trd, 000210.117, 179
Trd, 000210.250, 163
Trd, 000210.383, 150
Trd, 000210.800, 186
Trd, 000212.250, 179
Trd, 000213.567, 178
Trd, 000213.583, 175
Trd, 000214.583, 160
Trd, 000214.600, 178
Trd, 000215.300, 171
Trd, 000215.467, 178
Trd, 000216.550, 170
Trd, 000216.683, 161
Trd, 000217.333, 168
Trd, 000217.500, 173
Trd, 000217.567, 165
Trd, 000218.033, 174
Trd, 000218.233, 175
Trd, 000218.617, 166
Trd, 000218.933, 171
Trd, 000219.683, 168
Trd, 000219.733, 174
Trd, 000220.367, 167
Trd, 000220.950, 173
Trd, 000221.133, 174
Trd, 000221.183, 160
Trd, 000221.733, 174
Trd, 000221.983, 149
Trd, 000222.117, 146
Trd, 000222.733, 159
Trd, 000223.883, 156
Trd, 000224.167, 156
Trd, 000224.933, 161
Trd, 000225.500, 166
Trd, 000225.567, 158
Trd, 000225.617, 170
Trd, 000227.333, 162
Trd, 000227.450, 167
Trd, 000227.883, 167
Trd, 000228.217, 178
Trd, 000228.417, 180
Trd, 000228.850, 174
Trd, 000229.167, 170
Trd, 000230.083, 172
Trd, 000230.133, 171
Trd, 000231.217, 168
Trd, 000231.700, 163
Trd, 000232.567, 168
Trd, 000232.800, 169
Trd, 000232.983, 169
Trd, 000233.100, 167
Trd, 000233.650, 170
Trd, 000233.933, 178
Trd, 000234.050, 181
Trd, 000234.383, 163
Trd, 000234.517, 186
Trd, 000236.467, 171
Trd, 000236.517, 165
Trd, 000236.617, 170
Trd, 000237.083, 168
Trd, 000237.183, 168
Trd, 000237.267, 172
Trd, 000237.300, 165
Trd, 000238.383, 164
Trd, 000238.500, 150
Trd, 000238.700, 172
Trd, 000240.017, 173
Trd, 000240.283, 178
Trd, 000240.917, 168
Trd, 000241.000, 174
Trd, 000241.467, 175
Trd, 000241.867, 170
Trd, 000241.950, 174
Trd, 000242.867, 174
Trd, 000243.367, 173
Trd, 000244.817, 173
Trd, 000245.017, 174
Trd, 000245.700, 175
Trd, 000246.017, 174
Trd, 000246.383, 175
Trd, 000246.650, 173
Trd, 000246.867, 169
Trd, 000247.300, 177
Trd, 000247.483, 177
Trd, 000247.900, 173
Trd, 000248.900, 173
Trd, 000249.250, 172
Trd, 000249.583, 175
Trd, 000249.667, 171
Trd, 000250.383, 171
Trd, 000250.533, 173
Trd, 000250.633, 171
Trd, 000250.867, 171
Trd, 000251.050, 174
Trd, 000251.483, 173
Trd, 000252.167, 169
Trd, 000252.667, 179
Trd, 000252.800, 183
Trd, 000253.100, 181
Trd, 000253.867, 186
Trd, 000254.067, 181
Trd, 000254.233, 185
Trd, 000254.367, 183
Trd, 000255.467, 180
Trd, 000256.633, 180
Trd, 000256.650, 181
Trd, 000256.683, 182
Trd, 000257.200, 182
Trd, 000257.650, 176
Trd, 000258.200, 170
Trd, 000258.700, 179
Trd, 000259.000, 181
Trd, 000259.400, 181
Trd, 000259.967, 180
Trd, 000260.983, 181
Trd, 000261.100, 181
Trd, 000261.283, 178
Trd, 000261.483, 181
Trd, 000261.650, 177
Trd, 000262.500, 177
Trd, 000262.883, 181
Trd, 000262.983, 177
Trd, 000263.000, 170
Trd, 000264.117, 177
Trd, 000264.583, 166
Trd, 000264.833, 178
Trd, 000265.700, 182
Trd, 000265.800, 184
Trd, 000265.917, 181
Trd, 000266.317, 183
Trd, 000266.617, 190
Trd, 000267.117, 181
Trd, 000267.317, 181
Trd, 000268.017, 186
Trd, 000268.050, 185
Trd, 000268.083, 186
Trd, 000269.350, 192
Trd, 000269.550, 187
Trd, 000269.617, 183
Trd, 000269.667, 182
Trd, 000269.900, 192
Trd, 000270.167, 189
Trd, 000272.283, 178
Trd, 000272.567, 180
Trd, 000273.067, 171
Trd, 000273.367, 179
Trd, 000273.550, 170
Trd, 000273.667, 180
Trd, 000273.783, 181
Trd, 000274.733, 180
Trd, 000275.317, 178
Trd, 000275.367, 180
Trd, 000275.750, 180
Trd, 000276.133, 177
Trd, 000276.700, 181
Trd, 000276.833, 174
Trd, 000276.933, 182
Trd, 000277.150, 172
Trd, 000278.133, 181
Trd, 000278.167, 172
Trd, 000278.233, 166
Trd, 000278.800, 182
Trd, 000279.750, 179
Trd, 000279.783, 175
Trd, 000281.233, 176
Trd, 000281.283, 180
Trd, 000281.583, 167
Trd, 000281.683, 179
Trd, 000282.050, 174
Trd, 000282.417, 177
Trd, 000282.967, 174
Trd, 000283.200, 176
Trd, 000283.383, 173
Trd, 000283.400, 177
Trd, 000283.567, 176
Trd, 000283.667, 174
Trd, 000284.517, 178
Trd, 000285.717, 181
Trd, 000286.050, 186
Trd, 000286.383, 182
Trd, 000287.183, 182
Trd, 000287.200, 179
Trd, 000287.383, 180
Trd, 000288.533, 183
Trd, 000289.717, 178
Trd, 000289.733, 179
Trd, 000289.900, 180
Trd, 000290.067, 180
Trd, 000290.367, 183
Trd, 000290.417, 184
Trd, 000290.467, 178
Trd, 000290.850, 185
Trd, 000291.217, 185
Trd, 000291.967, 187
Trd, 000292.683, 194
Trd, 000292.833, 211
Trd, 000293.633, 191
Trd, 000295.133, 189
Trd, 000295.200, 189
Trd, 000295.533, 188
Trd, 000295.967, 190
Trd, 000296.017, 187
Trd, 000296.250, 185
Trd, 000296.633, 189
Trd, 000297.467, 188
Trd, 000297.550, 189
Trd, 000298.033, 184
Trd, 000298.233, 181
Trd, 000298.650, 187
Trd, 000299.117, 188
Trd, 000299.433, 188
Trd, 000299.467, 174
Trd, 000299.900, 170
