Trd, 000002.950, 142
Trd, 000003.300, 144
Trd, 000003.767, 141
Trd, 000003.817, 135
Trd, 000004.467, 147
Trd, 000004.850, 140
Trd, 000005.283, 140
Trd, 000005.467, 140
Trd, 000005.850, 146
Trd, 000006.367, 144
Trd, 000006.667, 145
Trd, 000006.883, 139
Trd, 000007.383, 135
Trd, 000008.600, 144
Trd, 000009.117, 145
Trd, 000010.133, 142
Trd, 000011.450, 142
Trd, 000012.150, 144
Trd, 000012.683, 141
Trd, 000013.017, 142
Trd, 000014.133, 142
Trd, 000014.650, 141
Trd, 000014.800, 140
Trd, 000014.883, 145
Trd, 000015.967, 144
Trd, 000017.133, 143
Trd, 000017.167, 149
Trd, 000017.850, 142
Trd, 000018.450, 150
Trd, 000018.817, 137
Trd, 000020.667, 136
Trd, 000021.000, 142
Trd, 000021.233, 145
Trd, 000021.567, 146
Trd, 000022.333, 141
Trd, 000022.483, 142
Trd, 000022.917, 141
Trd, 000023.333, 143
Trd, 000023.417, 141
Trd, 000023.650, 147
Trd, 000024.750, 147
Trd, 000025.517, 147
Trd, 000025.633, 147
Trd, 000025.767, 150
Trd, 000026.000, 147
Trd, 000026.117, 153
Trd, 000027.950, 146
Trd, 000028.250, 137
Trd, 000029.133, 143
Trd, 000029.283, 144
Trd, 000029.633, 145
Trd, 000029.850, 139
Trd, 000029.950, 147
Trd, 000031.783, 146
Trd, 000031.983, 146
Trd, 000032.367, 147
Trd, 000033.117, 146
Trd, 000034.217, 147
Trd, 000034.950, 148
Trd, 000035.117, 154
Trd, 000036.267, 145
Trd, 000036.450, 147
Trd, 000036.983, 150
Trd, 000037.333, 147
Trd, 000037.517, 145
Trd, 000037.667, 149
Trd, 000037.917, 144
Trd, 000038.517, 145
Trd, 000038.783, 151
Trd, 000039.567, 148
Trd, 000040.033, 145
Trd, 000040.867, 145
Trd, 000041.033, 148
Trd, 000041.200, 147
Trd, 000041.967, 145
Trd, 000042.067, 145
Trd, 000042.667, 142
Trd, 000043.367, 146
Trd, 000044.017, 152
Trd, 000044.700, 145
Trd, 000044.950, 144
Trd, 000046.267, 148
Trd, 000046.750, 149
Trd, 000047.000, 148
Trd, 000047.367, 147
Trd, 000047.650, 149
Trd, 000048.167, 148
Trd, 000048.600, 151
Trd, 000049.267, 148
Trd, 000050.317, 148
Trd, 000050.633, 146
Trd, 000050.917, 145
Trd, 000050.967, 148
Trd, 000052.583, 147
Trd, 000052.883, 140
Trd, 000052.950, 148
Trd, 000053.983, 149
Trd, 000054.383, 132
Trd, 000054.750, 147
Trd, 000055.067, 143
Trd, 000056.750, 145
Trd, 000057.367, 143
Trd, 000057.767, 143
Trd, 000057.833, 147
Trd, 000059.150, 145
Trd, 000059.750, 146
Trd, 000060.867, 146
Trd, 000061.000, 144
Trd, 000061.117, 147
Trd, 000061.467, 153
Trd, 000062.417, 147
Trd, 000063.500, 143
Trd, 000063.517, 144
Trd, 000063.833, 145
Trd, 000064.100, 143
Trd, 000064.300, 144
Trd, 000064.717, 141
Trd, 000066.033, 143
Trd, 000067.117, 145
Trd, 000067.200, 144
Trd, 000068.317, 145
Trd, 000068.767, 150
Trd, 000069.633, 151
Trd, 000070.450, 151
Trd, 000071.217, 148
Trd, 000071.733, 147
Trd, 000072.067, 149
Trd, 000072.133, 150
Trd, 000072.333, 155
Trd, 000073.967, 147
Trd, 000074.217, 148
Trd, 000074.250, 150
Trd, 000075.333, 149
Trd, 000075.833, 154
Trd, 000076.267, 155
Trd, 000076.633, 150
Trd, 000077.150, 152
Trd, 000077.350, 151
Trd, 000077.567, 149
Trd, 000077.633, 149
Trd, 000080.033, 149
Trd, 000080.650, 149
Trd, 000080.700, 150
Trd, 000080.733, 148
Trd, 000080.900, 156
Trd, 000081.483, 158
Trd, 000081.850, 148
Trd, 000082.767, 149
Trd, 000083.650, 151
Trd, 000083.883, 152
Trd, 000084.117, 148
Trd, 000085.167, 149
Trd, 000085.983, 150
Trd, 000086.817, 153
Trd, 000087.700, 154
Trd, 000088.167, 157
Trd, 000088.267, 160
Trd, 000089.900, 155
Trd, 000090.250, 154
Trd, 000090.383, 154
Trd, 000090.567, 153
Trd, 000090.683, 152
Trd, 000090.917, 153
Trd, 000091.500, 150
Trd, 000092.083, 157
Trd, 000092.400, 163
Trd, 000092.483, 146
Trd, 000094.217, 151
Trd, 000094.883, 151
Trd, 000096.417, 149
Trd, 000096.617, 152
Trd, 000097.383, 152
Trd, 000097.450, 157
Trd, 000097.850, 149
Trd, 000098.167, 169
Trd, 000098.600, 165
Trd, 000099.033, 157
Trd, 000099.983, 160
Trd, 000101.117, 159
Trd, 000101.517, 157
Trd, 000101.733, 159
Trd, 000101.800, 156
Trd, 000102.167, 162
Trd, 000103.367, 144
Trd, 000103.833, 154
Trd, 000104.017, 155
Trd, 000104.483, 153
Trd, 000105.250, 152
Trd, 000105.417, 154
Trd, 000105.533, 154
Trd, 000105.950, 159
Trd, 000107.217, 158
Trd, 000107.800, 154
Trd, 000108.483, 158
Trd, 000108.800, 153
Trd, 000110.117, 155
Trd, 000110.883, 157
Trd, 000111.467, 155
Trd, 000112.000, 154
Trd, 000112.617, 155
Trd, 000112.633, 154
Trd, 000113.017, 154
Trd, 000113.400, 162
Trd, 000114.600, 155
Trd, 000115.450, 153
Trd, 000115.567, 152
Trd, 000116.733, 153
Trd, 000117.100, 153
Trd, 000117.767, 153
Trd, 000117.950, 153
Trd, 000118.217, 153
Trd, 000118.350, 155
Trd, 000118.567, 145
Trd, 000118.850, 150
Trd, 000119.100, 155
Trd, 000119.250, 156
Trd, 000119.783, 155
Trd, 000121.017, 146
Trd, 000121.250, 157
Trd, 000121.450, 162
Trd, 000121.633, 161
Trd, 000121.817, 163
Trd, 000122.550, 192
Trd, 000122.900, 218
Trd, 000123.000, 217
Trd, 000123.133, 230
Trd, 000123.217, 326
Trd, 000124.250, 332.0
Trd, 000125.133, 334.0
Trd, 000125.433, 321
Trd, 000126.283, 337.0
Trd, 000126.350, 341.0
Trd, 000126.633, 347
Trd, 000127.217, 349
Trd, 000127.400, 347
Trd, 000127.750, 348.0
Trd, 000127.850, 335.0
Trd, 000128.317, 351.0
Trd, 000129.700, 344
Trd, 000129.767, 358
Trd, 000129.850, 358
Trd, 000131.400, 346
Trd, 000132.017, 345
Trd, 000132.400, 344
Trd, 000132.900, 343
Trd, 000134.200, 335.0
Trd, 000134.600, 340.0
Trd, 000134.700, 341
Trd, 000135.533, 341.0
Trd, 000137.567, 339
Trd, 000138.517, 339
Trd, 000138.650, 338
Trd, 000138.700, 344.0
Trd, 000138.783, 335.0
Trd, 000140.950, 338.0
Trd, 000141.633, 339
Trd, 000141.933, 341.0
Trd, 000142.317, 345
Trd, 000142.767, 344
Trd, 000142.817, 337.0
Trd, 000144.167, 336
Trd, 000145.450, 334.0
Trd, 000145.933, 334.0
Trd, 000146.017, 337.0
Trd, 000148.633, 334.0
Trd, 000149.583, 336
Trd, 000149.667, 339.0
Trd, 000149.917, 340.0
Trd, 000150.967, 333
Trd, 000151.233, 340.0
Trd, 000152.033, 337
Trd, 000152.417, 342
Trd, 000152.683, 341.0
Trd, 000153.200, 339
Trd, 000153.483, 340
Trd, 000153.667, 341
Trd, 000154.450, 342
Trd, 000154.983, 341
Trd, 000155.883, 339
Trd, 000156.017, 342
Trd, 000156.933, 340
Trd, 000157.833, 339
Trd, 000158.500, 337
Trd, 000158.617, 337
Trd, 000159.183, 348
Trd, 000159.217, 337
Trd, 000159.483, 348
Trd, 000159.717, 343.0
Trd, 000161.700, 340
Trd, 000162.117, 344.0
Trd, 000163.200, 340
Trd, 000163.550, 344
Trd, 000163.650, 340
Trd, 000164.350, 342
Trd, 000164.417, 343
Trd, 000164.583, 342
Trd, 000164.600, 348
Trd, 000165.667, 341.0
Trd, 000166.233, 340
Trd, 000166.333, 351
Trd, 000167.667, 341
Trd, 000168.283, 340
Trd, 000168.550, 348
Trd, 000169.433, 344.0
Trd, 000169.617, 346
Trd, 000169.950, 334.0
Trd, 000171.117, 346
Trd, 000173.450, 348
Trd, 000174.483, 347
Trd, 000175.467, 346
Trd, 000175.650, 347
Trd, 000175.833, 344
Trd, 000175.917, 344
Trd, 000176.467, 343
Trd, 000176.600, 336.0
Trd, 000176.700, 344
Trd, 000177.467, 336.0
Trd, 000177.650, 334.0
Trd, 000177.883, 333
Trd, 000178.067, 339
Trd, 000178.100, 342
Trd, 000180.367, 341.0
Trd, 000181.033, 341
Trd, 000181.967, 341
Trd, 000182.667, 341
Trd, 000182.800, 342
Trd, 000182.817, 335
Trd, 000182.950, 334.0
Trd, 000183.767, 331
Trd, 000183.800, 342.0
Trd, 000183.917, 324.0
Trd, 000184.267, 298
Trd, 000184.733, 193
Trd, 000184.817, 190
Trd, 000185.067, 180
Trd, 000185.217, 173
Trd, 000185.883, 177
Trd, 000186.067, 178
Trd, 000186.850, 176
Trd, 000188.183, 174
Trd, 000188.367, 180
Trd, 000188.383, 170
Trd, 000189.817, 159
Trd, 000190.200, 176
Trd, 000190.583, 155
Trd, 000192.383, 172
Trd, 000192.850, 168
Trd, 000193.133, 170
Trd, 000193.717, 169
Trd, 000194.067, 170
Trd, 000195.033, 167
Trd, 000195.133, 166
Trd, 000195.300, 168
Trd, 000195.367, 153
Trd, 000196.067, 163
Trd, 000196.133, 164
Trd, 000196.300, 162
Trd, 000197.050, 164
Trd, 000197.450, 164
Trd, 000197.800, 166
Trd, 000198.733, 164
Trd, 000199.250, 181
Trd, 000200.100, 162
Trd, 000200.167, 162
Trd, 000201.500, 170
Trd, 000203.050, 170
Trd, 000203.433, 170
Trd, 000204.600, 166
Trd, 000204.750, 164
Trd, 000205.300, 163
Trd, 000205.317, 170
Trd, 000205.533, 162
Trd, 000206.683, 162
Trd, 000207.000, 161
Trd, 000207.083, 160
Trd, 000207.200, 163
Trd, 000208.017, 155
Trd, 000210.083, 158
Trd, 000210.250, 160
Trd, 000210.383, 162
Trd, 000211.183, 161
Trd, 000211.833, 165
Trd, 000211.850, 169
Trd, 000211.900, 172
Trd, 000213.700, 167
Trd, 000214.600, 168
Trd, 000214.867, 168
Trd, 000215.250, 167
Trd, 000215.267, 169
Trd, 000215.767, 168
Trd, 000215.967, 166
Trd, 000216.800, 165
Trd, 000216.867, 155
Trd, 000218.100, 161
Trd, 000218.150, 162
Trd, 000220.400, 161
Trd, 000220.617, 161
Trd, 000220.717, 162
Trd, 000220.867, 160
Trd, 000220.900, 163
Trd, 000221.417, 166
Trd, 000222.250, 166
Trd, 000222.617, 162
Trd, 000222.833, 168
Trd, 000223.717, 170
Trd, 000224.033, 163
Trd, 000225.117, 168
Trd, 000225.433, 163
Trd, 000226.717, 166
Trd, 000227.000, 164
Trd, 000227.250, 163
Trd, 000227.383, 166
Trd, 000227.867, 160
Trd, 000228.700, 160
Trd, 000229.200, 167
Trd, 000229.750, 174
Trd, 000230.900, 164
Trd, 000231.500, 160
Trd, 000231.600, 163
Trd, 000233.150, 167
Trd, 000233.550, 165
Trd, 000234.950, 167
Trd, 000235.467, 170
Trd, 000235.617, 165
Trd, 000235.717, 165
Trd, 000236.133, 168
Trd, 000236.533, 163
Trd, 000236.567, 168
Trd, 000236.950, 168
Trd, 000237.417, 167
Trd, 000237.817, 171
Trd, 000239.050, 166
Trd, 000239.250, 163
Trd, 000240.100, 169
Trd, 000240.167, 171
Trd, 000240.217, 170
Trd, 000240.467, 173
Trd, 000240.650, 173
Trd, 000240.817, 174
Trd, 000241.100, 166
Trd, 000241.883, 172
Trd, 000242.350, 173
Trd, 000242.400, 171
Trd, 000242.467, 174
Trd, 000242.850, 175
Trd, 000243.200, 173
Trd, 000243.800, 176
Trd, 000244.083, 171
Trd, 000244.133, 169
Trd, 000244.250, 174
Trd, 000244.283, 175
Trd, 000244.667, 169
Trd, 000246.117, 173
Trd, 000246.500, 175
Trd, 000246.933, 171
Trd, 000247.150, 171
Trd, 000247.217, 168
Trd, 000247.717, 160
Trd, 000247.733, 169
Trd, 000248.150, 159
Trd, 000248.567, 161
Trd, 000248.900, 172
Trd, 000249.000, 173
Trd, 000249.883, 180
Trd, 000250.300, 182
Trd, 000250.633, 184
Trd, 000250.667, 182
Trd, 000251.700, 181
Trd, 000251.867, 183
Trd, 000252.017, 181
Trd, 000252.833, 183
Trd, 000253.550, 180
Trd, 000254.250, 179
Trd, 000254.617, 181
Trd, 000255.150, 179
Trd, 000255.217, 181
Trd, 000255.417, 181
Trd, 000255.550, 179
Trd, 000255.567, 181
Trd, 000255.767, 176
Trd, 000256.067, 172
Trd, 000257.100, 174
Trd, 000257.617, 185
Trd, 000258.400, 181
Trd, 000258.517, 173
Trd, 000259.233, 168
Trd, 000259.750, 172
Trd, 000260.250, 169
Trd, 000260.283, 173
Trd, 000260.967, 171
Trd, 000260.983, 175
Trd, 000261.183, 168
Trd, 000261.700, 187
Trd, 000262.383, 174
Trd, 000262.500, 176
Trd, 000262.767, 179
Trd, 000262.800, 180
Trd, 000263.600, 183
Trd, 000263.800, 181
Trd, 000264.000, 184
Trd, 000264.500, 183
Trd, 000264.600, 203
Trd, 000265.200, 183
Trd, 000266.167, 183
Trd, 000266.217, 184
Trd, 000266.833, 186
Trd, 000266.900, 186
Trd, 000267.317, 186
Trd, 000267.383, 182
Trd, 000267.433, 182
Trd, 000267.683, 182
Trd, 000268.750, 186
Trd, 000268.867, 182
Trd, 000269.217, 182
Trd, 000269.967, 181
Trd, 000270.500, 183
Trd, 000270.533, 187
Trd, 000271.167, 182
Trd, 000271.233, 179
Trd, 000271.683, 182
Trd, 000272.167, 180
Trd, 000272.533, 184
Trd, 000273.000, 178
Trd, 000273.983, 180
Trd, 000274.800, 177
Trd, 000275.317, 181
Trd, 000275.483, 175
Trd, 000275.583, 182
Trd, 000276.017, 182
Trd, 000276.317, 183
Trd, 000276.817, 185
Trd, 000277.133, 183
Trd, 000278.583, 182
Trd, 000278.733, 179
Trd, 000279.650, 166
Trd, 000279.783, 167
Trd, 000280.067, 168
Trd, 000280.233, 165
Trd, 000280.300, 190
Trd, 000281.100, 168
Trd, 000281.133, 169
Trd, 000281.383, 166
Trd, 000281.867, 170
Trd, 000282.067, 163
Trd, 000282.167, 172
Trd, 000282.600, 175
Trd, 000282.867, 167
Trd, 000283.600, 172
Trd, 000283.850, 162
Trd, 000283.867, 176
Trd, 000284.717, 176
Trd, 000285.000, 176
Trd, 000286.083, 167
Trd, 000286.417, 169
Trd, 000286.683, 168
Trd, 000286.867, 169
Trd, 000287.033, 168
Trd, 000287.183, 172
Trd, 000287.733, 168
Trd, 000287.883, 169
Trd, 000288.517, 179
Trd, 000288.667, 177
Trd, 000289.100, 178
Trd, 000289.650, 172
Trd, 000289.867, 171
Trd, 000290.117, 186
Trd, 000290.550, 186
Trd, 000290.983, 184
Trd, 000291.783, 178
Trd, 000292.300, 178
Trd, 000292.583, 182
Trd, 000292.800, 178
Trd, 000293.083, 182
Trd, 000293.250, 182
Trd, 000293.517, 169
Trd, 000294.200, 168
Trd, 000294.317, 169
Trd, 000294.367, 167
Trd, 000294.417, 170
Trd, 000294.667, 166
Trd, 000294.683, 163
Trd, 000296.367, 171
Trd, 000296.517, 167
Trd, 000296.683, 172
Trd, 000296.767, 172
Trd, 000296.817, 173
Trd, 000296.967, 166
Trd, 000297.717, 177
Trd, 000298.800, 168
Trd, 000299.083, 168
Trd, 000299.350, 170
Trd, 000299.583, 171
