Trd, 000002.583, 148
Trd, 000002.650, 153
Trd, 000005.267, 133
Trd, 000005.983, 150
Trd, 000006.767, 151
Trd, 000006.783, 158
Trd, 000007.067, 146
Trd, 000007.250, 147
Trd, 000008.167, 144
Trd, 000009.167, 151
Trd, 000010.150, 149
Trd, 000010.917, 149
Trd, 000011.250, 147
Trd, 000011.333, 147
Trd, 000012.083, 147
Trd, 000012.783, 146
Trd, 000012.850, 145
Trd, 000012.983, 152
Trd, 000014.167, 152
Trd, 000014.550, 157
Trd, 000014.967, 151
Trd, 000015.200, 159
Trd, 000015.483, 150
Trd, 000015.800, 152
Trd, 000016.183, 149
Trd, 000016.817, 153
Trd, 000017.067, 149
Trd, 000017.267, 150
Trd, 000017.783, 149
Trd, 000019.633, 151
Trd, 000020.283, 148
Trd, 000020.500, 148
Trd, 000021.117, 146
Trd, 000021.733, 146
Trd, 000022.333, 143
Trd, 000024.183, 154
Trd, 000024.683, 157
Trd, 000024.883, 146
Trd, 000025.350, 160
Trd, 000025.667, 153
Trd, 000025.717, 154
Trd, 000026.800, 159
Trd, 000026.817, 153
Trd, 000027.100, 152
Trd, 000028.367, 152
Trd, 000028.533, 151
Trd, 000028.750, 154
Trd, 000029.383, 157
Trd, 000030.000, 158
Trd, 000030.383, 154
Trd, 000031.267, 153
Trd, 000031.450, 161
Trd, 000033.150, 152
Trd, 000033.233, 151
Trd, 000034.383, 151
Trd, 000035.217, 151
Trd, 000035.517, 150
Trd, 000036.483, 154
Trd, 000036.633, 154
Trd, 000036.650, 150
Trd, 000037.067, 161
Trd, 000037.900, 154
Trd, 000038.000, 154
Trd, 000038.700, 152
Trd, 000038.717, 150
Trd, 000039.183, 152
Trd, 000040.383, 154
Trd, 000040.483, 148
Trd, 000040.583, 141
Trd, 000040.983, 155
Trd, 000041.817, 147
Trd, 000041.917, 145
Trd, 000042.867, 147
Trd, 000043.083, 144
Trd, 000043.367, 159
Trd, 000043.417, 145
Trd, 000044.683, 131
Trd, 000046.150, 153
Trd, 000046.467, 152
Trd, 000046.517, 156
Trd, 000047.067, 149
Trd, 000047.817, 152
Trd, 000049.967, 152
Trd, 000050.283, 153
Trd, 000050.700, 153
Trd, 000051.000, 149
Trd, 000051.050, 160
Trd, 000051.917, 153
Trd, 000052.733, 153
Trd, 000053.483, 153
Trd, 000053.650, 158
Trd, 000053.683, 152
Trd, 000053.950, 163
Trd, 000054.717, 167
Trd, 000055.400, 156
Trd, 000056.000, 153
Trd, 000056.200, 166
Trd, 000057.417, 152
Trd, 000058.067, 153
Trd, 000058.267, 153
Trd, 000058.650, 149
Trd, 000058.700, 154
Trd, 000058.750, 164
Trd, 000059.417, 169
Trd, 000059.717, 152
Trd, 000062.867, 151
Trd, 000063.417, 150
Trd, 000064.233, 152
Trd, 000064.450, 157
Trd, 000064.667, 133
Trd, 000064.717, 162
Trd, 000064.883, 128
Trd, 000065.233, 134
Trd, 000065.383, 136
Trd, 000065.767, 157
Trd, 000066.000, 157
Trd, 000066.167, 162
Trd, 000066.833, 160
Trd, 000067.333, 156
Trd, 000068.067, 165
Trd, 000068.083, 155
Trd, 000069.617, 157
Trd, 000070.433, 165
Trd, 000070.783, 160
Trd, 000070.833, 158
Trd, 000071.883, 169
Trd, 000072.367, 171
Trd, 000072.550, 170
Trd, 000072.700, 167
Trd, 000072.817, 160
Trd, 000073.183, 170
Trd, 000073.267, 159
Trd, 000073.700, 161
Trd, 000073.883, 158
Trd, 000075.950, 163
Trd, 000076.367, 161
Trd, 000076.767, 159
Trd, 000077.100, 151
Trd, 000077.333, 158
Trd, 000077.400, 158
Trd, 000079.017, 164
Trd, 000079.833, 161
Trd, 000080.517, 166
Trd, 000081.650, 160
Trd, 000082.567, 159
Trd, 000082.717, 163
Trd, 000082.933, 157
Trd, 000083.367, 163
Trd, 000084.000, 158
Trd, 000084.650, 157
Trd, 000084.700, 159
Trd, 000087.133, 165
Trd, 000087.917, 161
Trd, 000089.233, 160
Trd, 000090.017, 160
Trd, 000090.150, 161
Trd, 000090.617, 161
Trd, 000091.267, 159
Trd, 000091.950, 159
Trd, 000092.267, 157
Trd, 000092.317, 146
Trd, 000092.533, 160
Trd, 000092.933, 160
Trd, 000093.050, 161
Trd, 000094.033, 157
Trd, 000094.117, 148
Trd, 000094.133, 143
Trd, 000095.950, 154
Trd, 000096.500, 154
Trd, 000096.617, 153
Trd, 000096.683, 161
Trd, 000097.750, 172
Trd, 000098.100, 175
Trd, 000099.033, 165
Trd, 000099.167, 172
Trd, 000100.067, 166
Trd, 000101.500, 167
Trd, 000102.417, 166
Trd, 000102.467, 165
Trd, 000102.550, 161
Trd, 000102.750, 166
Trd, 000102.833, 164
Trd, 000102.917, 158
Trd, 000104.417, 167
Trd, 000105.533, 165
Trd, 000106.400, 164
Trd, 000106.417, 165
Trd, 000107.267, 163
Trd, 000107.883, 162
Trd, 000108.017, 158
Trd, 000108.300, 166
Trd, 000108.850, 155
Trd, 000109.100, 162
Trd, 000109.350, 168
Trd, 000110.067, 160
Trd, 000110.783, 161
Trd, 000110.983, 165
Trd, 000111.567, 162
Trd, 000112.500, 163
Trd, 000112.850, 161
Trd, 000113.600, 164
Trd, 000114.183, 168
Trd, 000114.967, 159
Trd, 000115.600, 155
Trd, 000115.683, 151
Trd, 000117.117, 160
Trd, 000118.017, 161
Trd, 000118.050, 158
Trd, 000118.550, 160
Trd, 000118.717, 163
Trd, 000119.633, 163
Trd, 000119.850, 159
Trd, 000120.433, 159
Trd, 000120.817, 159
Trd, 000121.083, 156
Trd, 000121.617, 165
Trd, 000121.767, 167
Trd, 000122.017, 174
Trd, 000122.033, 153
Trd, 000122.217, 177
Trd, 000122.667, 184
Trd, 000122.683, 187
Trd, 000123.067, 198
Trd, 000125.350, 306.0
Trd, 000125.367, 333
Trd, 000125.633, 334.0
Trd, 000125.933, 337.0
Trd, 000126.083, 334.0
Trd, 000126.650, 328
Trd, 000126.683, 327
Trd, 000127.617, 333
Trd, 000127.667, 351.0
Trd, 000128.950, 332
Trd, 000129.100, 355
Trd, 000129.600, 353
Trd, 000129.983, 348.0
Trd, 000131.867, 341
Trd, 000131.983, 339
Trd, 000132.250, 337
Trd, 000132.617, 335.0
Trd, 000134.650, 337.0
Trd, 000135.767, 345
Trd, 000136.417, 349
Trd, 000136.717, 341.0
Trd, 000137.467, 342
Trd, 000137.600, 352
Trd, 000138.350, 349.0
Trd, 000138.533, 350
Trd, 000138.700, 348.0
Trd, 000139.450, 351.0
Trd, 000139.933, 345
Trd, 000140.067, 344.0
Trd, 000140.517, 343
Trd, 000140.600, 341
Trd, 000142.450, 355
Trd, 000142.717, 345
Trd, 000143.050, 344
Trd, 000143.117, 344.0
Trd, 000143.600, 341
Trd, 000144.967, 352
Trd, 000145.133, 349.0
Trd, 000145.250, 348.0
Trd, 000146.167, 337.0
Trd, 000146.217, 350
Trd, 000146.367, 334.0
Trd, 000146.483, 351.0
Trd, 000146.850, 339
Trd, 000147.133, 338
Trd, 000147.583, 341
Trd, 000148.783, 351.0
Trd, 000149.450, 350.0
Trd, 000149.833, 348.0
Trd, 000150.483, 359
Trd, 000150.600, 347
Trd, 000150.817, 360
Trd, 000151.917, 350
Trd, 000152.350, 341
Trd, 000153.833, 348.0
Trd, 000154.133, 342.0
Trd, 000154.417, 341.0
Trd, 000155.467, 346
Trd, 000155.567, 347
Trd, 000156.400, 344
Trd, 000156.417, 344.0
Trd, 000157.800, 351.0
Trd, 000158.317, 342
Trd, 000158.350, 339.0
Trd, 000158.367, 352
Trd, 000159.783, 340
Trd, 000161.200, 348.0
Trd, 000162.150, 351.0
Trd, 000162.233, 348.0
Trd, 000162.283, 345.0
Trd, 000162.583, 344.0
Trd, 000163.267, 352
Trd, 000163.867, 340.0
Trd, 000164.750, 341
Trd, 000165.150, 354
Trd, 000166.050, 340
Trd, 000166.400, 338.0
Trd, 000166.417, 337.0
Trd, 000166.717, 347
Trd, 000166.850, 351.0
Trd, 000167.983, 337.0
Trd, 000168.250, 338
Trd, 000168.417, 336
Trd, 000170.300, 339
Trd, 000171.467, 334.0
Trd, 000172.450, 349
Trd, 000172.483, 338
Trd, 000173.600, 351.0
Trd, 000173.983, 354
Trd, 000174.417, 340
Trd, 000174.517, 339
Trd, 000175.100, 353
Trd, 000175.500, 348
Trd, 000176.733, 349.0
Trd, 000177.183, 349.0
Trd, 000177.983, 354
Trd, 000178.017, 351.0
Trd, 000179.417, 351.0
Trd, 000179.533, 345
Trd, 000180.100, 348.0
Trd, 000180.600, 346
Trd, 000182.200, 339.0
Trd, 000182.617, 337.0
Trd, 000182.867, 315
Trd, 000183.000, 313.0
Trd, 000183.283, 309
Trd, 000183.317, 289
Trd, 000183.383, 284
Trd, 000183.900, 227
Trd, 000184.150, 190
Trd, 000184.533, 263
Trd, 000184.917, 209
Trd, 000185.033, 203
Trd, 000186.117, 180
Trd, 000188.100, 180
Trd, 000188.717, 170
Trd, 000189.017, 181
Trd, 000189.567, 167
Trd, 000189.683, 166
Trd, 000189.817, 163
Trd, 000190.183, 170
Trd, 000190.483, 156
Trd, 000190.900, 155
Trd, 000191.017, 156
Trd, 000192.533, 155
Trd, 000192.683, 154
Trd, 000193.583, 153
Trd, 000193.950, 166
Trd, 000194.200, 168
Trd, 000194.617, 159
Trd, 000195.083, 166
Trd, 000195.200, 170
Trd, 000196.383, 173
Trd, 000196.833, 152
Trd, 000197.317, 157
Trd, 000197.800, 165
Trd, 000198.133, 175
Trd, 000198.483, 168
Trd, 000199.233, 163
Trd, 000199.667, 159
Trd, 000200.467, 171
Trd, 000200.700, 157
Trd, 000200.917, 174
Trd, 000203.067, 184
Trd, 000204.250, 180
Trd, 000204.733, 171
Trd, 000204.750, 181
Trd, 000204.917, 171
Trd, 000204.967, 168
Trd, 000205.167, 165
Trd, 000205.350, 164
Trd, 000205.550, 157
Trd, 000206.083, 164
Trd, 000206.283, 158
Trd, 000207.033, 163
Trd, 000207.867, 161
Trd, 000209.567, 154
Trd, 000210.117, 145
Trd, 000210.500, 145
Trd, 000210.983, 166
Trd, 000211.317, 169
Trd, 000211.467, 158
Trd, 000212.183, 172
Trd, 000213.400, 159
Trd, 000213.633, 179
Trd, 000213.917, 179
Trd, 000214.183, 170
Trd, 000215.217, 169
Trd, 000215.383, 164
Trd, 000215.483, 158
Trd, 000216.733, 172
Trd, 000216.750, 165
Trd, 000217.400, 173
Trd, 000217.483, 179
Trd, 000218.533, 170
Trd, 000218.833, 184
Trd, 000220.267, 175
Trd, 000220.900, 175
Trd, 000221.600, 174
Trd, 000222.000, 177
Trd, 000222.433, 167
Trd, 000222.633, 166
Trd, 000223.483, 171
Trd, 000223.767, 169
Trd, 000225.750, 169
Trd, 000226.150, 166
Trd, 000226.917, 169
Trd, 000226.950, 167
Trd, 000227.850, 171
Trd, 000228.417, 173
Trd, 000229.050, 168
Trd, 000230.217, 174
Trd, 000230.317, 171
Trd, 000230.383, 168
Trd, 000231.633, 176
Trd, 000231.817, 167
Trd, 000232.217, 167
Trd, 000232.517, 166
Trd, 000232.633, 160
Trd, 000233.800, 176
Trd, 000235.233, 176
Trd, 000235.583, 178
Trd, 000236.167, 177
Trd, 000236.183, 167
Trd, 000236.483, 179
Trd, 000236.717, 180
Trd, 000237.700, 175
Trd, 000238.483, 174
Trd, 000238.633, 173
Trd, 000238.967, 177
Trd, 000240.350, 174
Trd, 000240.450, 172
Trd, 000240.517, 175
Trd, 000240.600, 172
Trd, 000241.783, 174
Trd, 000241.850, 172
Trd, 000241.933, 175
Trd, 000242.900, 168
Trd, 000243.000, 172
Trd, 000243.900, 169
Trd, 000244.217, 175
Trd, 000244.750, 169
Trd, 000245.050, 175
Trd, 000245.350, 175
Trd, 000245.950, 173
Trd, 000246.267, 175
Trd, 000247.433, 176
Trd, 000248.100, 179
Trd, 000248.217, 178
Trd, 000248.333, 177
Trd, 000248.417, 176
Trd, 000249.267, 183
Trd, 000249.917, 185
Trd, 000250.200, 180
Trd, 000250.867, 179
Trd, 000250.950, 182
Trd, 000252.183, 173
Trd, 000252.450, 176
Trd, 000252.667, 175
Trd, 000252.817, 169
Trd, 000252.950, 166
Trd, 000253.033, 162
Trd, 000253.917, 180
Trd, 000254.517, 183
Trd, 000255.117, 181
Trd, 000256.150, 184
Trd, 000256.183, 185
Trd, 000256.567, 182
Trd, 000256.950, 185
Trd, 000257.450, 176
Trd, 000257.817, 173
Trd, 000258.000, 169
Trd, 000258.883, 170
Trd, 000259.950, 170
Trd, 000260.183, 171
Trd, 000260.383, 167
Trd, 000260.783, 174
Trd, 000261.167, 177
Trd, 000261.717, 174
Trd, 000262.267, 174
Trd, 000262.367, 171
Trd, 000262.633, 170
Trd, 000264.350, 176
Trd, 000265.050, 177
Trd, 000265.667, 177
Trd, 000265.883, 180
Trd, 000266.167, 183
Trd, 000267.233, 181
Trd, 000267.500, 177
Trd, 000268.200, 178
Trd, 000268.633, 179
Trd, 000269.933, 183
Trd, 000270.100, 182
Trd, 000270.217, 175
Trd, 000270.667, 178
Trd, 000270.833, 175
Trd, 000271.417, 176
Trd, 000271.483, 173
Trd, 000271.733, 176
Trd, 000272.400, 178
Trd, 000273.067, 176
Trd, 000273.800, 178
Trd, 000273.900, 183
Trd, 000274.183, 172
Trd, 000274.283, 184
Trd, 000274.633, 185
Trd, 000275.450, 171
Trd, 000275.483, 178
Trd, 000276.417, 175
Trd, 000276.883, 176
Trd, 000276.983, 181
Trd, 000277.967, 169
Trd, 000278.450, 179
Trd, 000279.000, 178
Trd, 000280.350, 184
Trd, 000280.900, 190
Trd, 000280.967, 176
Trd, 000281.283, 190
Trd, 000281.750, 180
Trd, 000281.917, 172
Trd, 000281.967, 174
Trd, 000282.683, 176
Trd, 000282.717, 186
Trd, 000283.217, 176
Trd, 000283.617, 185
Trd, 000283.950, 179
Trd, 000283.983, 162
Trd, 000284.617, 166
Trd, 000285.567, 179
Trd, 000285.600, 185
Trd, 000286.067, 184
Trd, 000286.150, 186
Trd, 000286.333, 175
Trd, 000286.650, 169
Trd, 000288.167, 170
Trd, 000288.417, 171
Trd, 000288.683, 169
Trd, 000288.700, 170
Trd, 000289.300, 180
Trd, 000289.483, 165
Trd, 000290.567, 186
Trd, 000290.750, 188
Trd, 000291.717, 193
Trd, 000292.567, 182
Trd, 000292.600, 190
Trd, 000292.867, 180
Trd, 000292.883, 192
Trd, 000292.933, 194
Trd, 000293.033, 182
Trd, 000293.817, 195
Trd, 000294.333, 191
Trd, 000295.417, 194
Trd, 000295.700, 185
Trd, 000295.733, 183
Trd, 000296.583, 184
Trd, 000296.700, 184
Trd, 000297.017, 177
Trd, 000297.100, 191
Trd, 000297.750, 178
Trd, 000299.017, 188
Trd, 000299.450, 180
Trd, 000299.783, 173
Trd, 000299.900, 170
