Trd, 000000.900, 113
Trd, 000001.950, 139
Trd, 000003.817, 144
Trd, 000003.850, 185
Trd, 000004.117, 139
Trd, 000004.950, 141
Trd, 000005.133, 148
Trd, 000005.517, 141
Trd, 000006.183, 143
Trd, 000006.383, 145
Trd, 000007.617, 165
Trd, 000008.417, 164
Trd, 000008.750, 143
Trd, 000009.467, 141
Trd, 000010.767, 147
Trd, 000011.833, 154
Trd, 000014.517, 156
Trd, 000014.533, 155
Trd, 000014.817, 157
Trd, 000015.233, 156
Trd, 000016.683, 156
Trd, 000016.717, 155
Trd, 000016.817, 159
Trd, 000018.700, 164
Trd, 000019.050, 164
Trd, 000019.150, 158
Trd, 000021.083, 160
Trd, 000021.333, 161
Trd, 000021.600, 159
Trd, 000022.133, 159
Trd, 000022.883, 157
Trd, 000023.133, 157
Trd, 000023.417, 155
Trd, 000023.867, 152
Trd, 000024.933, 156
Trd, 000025.500, 157
Trd, 000025.700, 155
Trd, 000027.533, 149
Trd, 000028.367, 151
Trd, 000028.467, 151
Trd, 000029.100, 151
Trd, 000029.333, 149
Trd, 000030.117, 151
Trd, 000030.483, 157
Trd, 000031.100, 147
Trd, 000031.317, 146
Trd, 000032.850, 148
Trd, 000033.067, 148
Trd, 000033.167, 159
Trd, 000034.717, 154
Trd, 000035.567, 154
Trd, 000035.900, 153
Trd, 000036.450, 152
Trd, 000037.183, 152
Trd, 000037.283, 154
Trd, 000037.400, 151
Trd, 000038.983, 151
Trd, 000039.483, 150
Trd, 000039.633, 157
Trd, 000040.133, 157
Trd, 000040.433, 151
Trd, 000042.900, 153
Trd, 000043.517, 153
Trd, 000044.533, 157
Trd, 000044.750, 151
Trd, 000044.883, 152
Trd, 000045.067, 157
Trd, 000046.067, 156
Trd, 000046.317, 155
Trd, 000046.817, 154
Trd, 000047.467, 169
Trd, 000047.983, 150
Trd, 000048.033, 148
Trd, 000048.600, 152
Trd, 000048.650, 146
Trd, 000050.133, 154
Trd, 000050.300, 153
Trd, 000050.583, 151
Trd, 000051.933, 152
Trd, 000052.833, 151
Trd, 000053.617, 151
Trd, 000053.800, 151
Trd, 000054.083, 161
Trd, 000054.617, 152
Trd, 000054.950, 152
Trd, 000055.100, 161
Trd, 000056.367, 161
Trd, 000057.283, 156
Trd, 000058.567, 158
Trd, 000058.817, 158
Trd, 000059.033, 157
Trd, 000059.300, 156
Trd, 000059.533, 157
Trd, 000060.133, 156
Trd, 000060.617, 164
Trd, 000061.867, 156
Trd, 000061.967, 155
Trd, 000064.067, 167
Trd, 000064.583, 160
Trd, 000065.650, 163
Trd, 000066.417, 165
Trd, 000066.700, 164
Trd, 000066.817, 162
Trd, 000066.850, 149
Trd, 000068.400, 163
Trd, 000069.017, 162
Trd, 000069.283, 165
Trd, 000070.850, 163
Trd, 000070.883, 162
Trd, 000070.933, 165
Trd, 000071.233, 160
Trd, 000071.883, 160
Trd, 000072.200, 159
Trd, 000074.117, 157
Trd, 000074.817, 157
Trd, 000075.000, 162
Trd, 000075.350, 165
Trd, 000075.933, 156
Trd, 000076.467, 155
Trd, 000078.517, 168
Trd, 000078.567, 168
Trd, 000079.017, 161
Trd, 000079.433, 163
Trd, 000079.950, 163
Trd, 000080.917, 163
Trd, 000081.717, 162
Trd, 000081.917, 161
Trd, 000082.133, 162
Trd, 000083.050, 159
Trd, 000083.533, 151
Trd, 000084.683, 159
Trd, 000085.633, 156
Trd, 000085.717, 148
Trd, 000085.900, 145
Trd, 000086.900, 146
Trd, 000089.550, 154
Trd, 000089.833, 154
Trd, 000090.250, 153
Trd, 000090.567, 153
Trd, 000090.650, 152
Trd, 000090.683, 154
Trd, 000091.050, 175
Trd, 000091.733, 156
Trd, 000093.617, 163
Trd, 000093.717, 163
Trd, 000094.183, 161
Trd, 000094.650, 160
Trd, 000095.683, 160
Trd, 000096.433, 160
Trd, 000096.833, 160
Trd, 000098.250, 161
Trd, 000098.717, 163
Trd, 000099.433, 162
Trd, 000099.517, 161
Trd, 000099.717, 161
Trd, 000100.233, 160
Trd, 000101.117, 164
Trd, 000101.167, 165
Trd, 000101.400, 161
Trd, 000101.983, 164
Trd, 000103.583, 164
Trd, 000104.883, 165
Trd, 000105.250, 165
Trd, 000105.483, 163
Trd, 000105.683, 161
Trd, 000106.250, 163
Trd, 000107.150, 163
Trd, 000107.300, 163
Trd, 000108.150, 162
Trd, 000108.767, 160
Trd, 000109.667, 156
Trd, 000110.467, 163
Trd, 000110.917, 163
Trd, 000111.767, 160
Trd, 000112.150, 162
Trd, 000113.417, 158
Trd, 000113.617, 151
Trd, 000113.633, 152
Trd, 000114.633, 150
Trd, 000114.883, 166
Trd, 000115.950, 165
Trd, 000117.083, 165
Trd, 000117.617, 165
Trd, 000118.600, 166
Trd, 000119.267, 165
Trd, 000119.667, 169
Trd, 000119.850, 163
Trd, 000120.900, 162
Trd, 000121.633, 165
Trd, 000121.967, 169
Trd, 000122.733, 170
Trd, 000122.783, 181
Trd, 000123.050, 198
Trd, 000123.067, 198
Trd, 000123.250, 212
Trd, 000123.383, 228
Trd, 000123.600, 230
Trd, 000124.500, 181
Trd, 000125.917, 333.0
Trd, 000126.083, 331.0
Trd, 000126.150, 334.0
Trd, 000126.700, 335.0
Trd, 000127.483, 337.0
Trd, 000129.117, 337.0
Trd, 000130.250, 333.0
Trd, 000130.867, 332.0
Trd, 000131.533, 335
Trd, 000132.017, 334
Trd, 000132.167, 332
Trd, 000133.100, 338
Trd, 000134.817, 340.0
Trd, 000135.100, 341.0
Trd, 000135.750, 342
Trd, 000136.650, 344.0
Trd, 000137.050, 344
Trd, 000137.083, 343
Trd, 000137.850, 346
Trd, 000139.267, 342
Trd, 000139.517, 342
Trd, 000140.033, 337.0
Trd, 000140.150, 335
Trd, 000140.733, 337.0
Trd, 000141.717, 336
Trd, 000142.100, 339
Trd, 000142.383, 339.0
Trd, 000142.667, 338
Trd, 000142.783, 340.0
Trd, 000143.683, 338
Trd, 000144.633, 334
Trd, 000145.833, 340
Trd, 000146.067, 339
Trd, 000147.017, 340
Trd, 000147.483, 341.0
Trd, 000147.500, 344.0
Trd, 000147.517, 348.0
Trd, 000148.500, 342
Trd, 000149.083, 343
Trd, 000149.883, 344
Trd, 000150.417, 343
Trd, 000150.583, 341
Trd, 000151.050, 342
Trd, 000151.667, 342
Trd, 000152.500, 344
Trd, 000152.567, 343
Trd, 000153.150, 343
Trd, 000153.733, 342
Trd, 000154.017, 344.0
Trd, 000156.967, 346.0
Trd, 000157.600, 343
Trd, 000158.217, 342
Trd, 000158.383, 340
Trd, 000159.183, 341
Trd, 000160.133, 338
Trd, 000160.417, 339
Trd, 000160.483, 338.0
Trd, 000160.750, 342
Trd, 000161.617, 344.0
Trd, 000162.950, 343
Trd, 000163.317, 341
Trd, 000164.300, 339
Trd, 000164.683, 344.0
Trd, 000165.717, 339
Trd, 000165.750, 339
Trd, 000166.950, 340
Trd, 000167.167, 337.0
Trd, 000168.333, 339.0
Trd, 000168.567, 338
Trd, 000169.050, 341.0
Trd, 000170.833, 341.0
Trd, 000171.167, 340
Trd, 000171.483, 341
Trd, 000172.017, 342
Trd, 000172.033, 341
Trd, 000172.667, 342.0
Trd, 000173.267, 340.0
Trd, 000173.500, 338.0
Trd, 000173.883, 338
Trd, 000174.550, 340.0
Trd, 000175.667, 339
Trd, 000175.967, 337.0
Trd, 000176.483, 337.0
Trd, 000177.133, 344.0
Trd, 000178.117, 344.0
Trd, 000178.400, 343
Trd, 000178.900, 341.0
Trd, 000181.783, 341
Trd, 000181.900, 339
Trd, 000182.100, 338
Trd, 000182.483, 337.0
Trd, 000182.583, 339
Trd, 000182.767, 335
Trd, 000182.800, 332
Trd, 000182.817, 332
Trd, 000183.200, 327.0
Trd, 000183.467, 299
Trd, 000184.650, 211
Trd, 000185.450, 185
Trd, 000185.483, 178
Trd, 000188.433, 184
Trd, 000188.800, 183
Trd, 000190.150, 176
Trd, 000190.767, 177
Trd, 000191.250, 176
Trd, 000191.450, 175
Trd, 000192.167, 177
Trd, 000192.417, 187
Trd, 000192.483, 176
Trd, 000193.317, 174
Trd, 000195.117, 164
Trd, 000195.833, 173
Trd, 000196.483, 174
Trd, 000196.750, 172
Trd, 000197.333, 172
Trd, 000198.133, 173
Trd, 000198.183, 170
Trd, 000198.267, 169
Trd, 000199.983, 165
Trd, 000200.000, 164
Trd, 000200.667, 171
Trd, 000201.417, 171
Trd, 000202.100, 171
Trd, 000202.367, 170
Trd, 000202.500, 167
Trd, 000203.317, 168
Trd, 000204.133, 168
Trd, 000204.500, 168
Trd, 000205.483, 167
Trd, 000205.983, 167
Trd, 000206.317, 168
Trd, 000206.833, 168
Trd, 000207.667, 167
Trd, 000207.833, 163
Trd, 000208.767, 161
Trd, 000209.283, 167
Trd, 000210.550, 169
Trd, 000210.700, 171
Trd, 000211.017, 173
Trd, 000212.183, 185
Trd, 000212.383, 172
Trd, 000213.350, 173
Trd, 000214.583, 173
Trd, 000215.233, 173
Trd, 000215.833, 178
Trd, 000216.133, 174
Trd, 000217.117, 174
Trd, 000218.333, 173
Trd, 000219.117, 171
Trd, 000219.400, 169
Trd, 000220.350, 168
Trd, 000220.450, 167
Trd, 000220.733, 167
Trd, 000221.700, 167
Trd, 000222.300, 177
Trd, 000224.250, 170
Trd, 000224.500, 173
Trd, 000224.717, 170
Trd, 000225.233, 174
Trd, 000225.717, 172
Trd, 000225.833, 169
Trd, 000226.500, 185
Trd, 000228.983, 181
Trd, 000230.517, 181
Trd, 000230.633, 181
Trd, 000231.067, 180
Trd, 000231.300, 180
Trd, 000231.750, 179
Trd, 000232.417, 178
Trd, 000232.683, 172
Trd, 000234.233, 176
Trd, 000235.133, 169
Trd, 000235.950, 175
Trd, 000236.417, 179
Trd, 000237.883, 177
Trd, 000238.000, 175
Trd, 000238.450, 176
Trd, 000238.917, 167
Trd, 000239.050, 167
Trd, 000239.750, 169
Trd, 000240.250, 168
Trd, 000240.300, 170
Trd, 000240.633, 169
Trd, 000241.217, 169
Trd, 000241.350, 165
Trd, 000241.917, 167
Trd, 000242.033, 169
Trd, 000242.983, 170
Trd, 000243.500, 175
Trd, 000243.550, 182
Trd, 000244.300, 177
Trd, 000244.667, 176
Trd, 000245.233, 176
Trd, 000245.367, 175
Trd, 000246.233, 171
Trd, 000247.950, 172
Trd, 000248.183, 172
Trd, 000248.850, 173
Trd, 000249.250, 177
Trd, 000249.333, 174
Trd, 000250.450, 179
Trd, 000250.483, 178
Trd, 000250.700, 178
Trd, 000250.933, 179
Trd, 000251.150, 180
Trd, 000251.217, 179
Trd, 000251.833, 180
Trd, 000252.117, 180
Trd, 000252.583, 178
Trd, 000252.800, 181
Trd, 000253.067, 184
Trd, 000253.300, 183
Trd, 000253.817, 181
Trd, 000253.850, 180
Trd, 000254.233, 178
Trd, 000255.583, 176
Trd, 000255.917, 178
Trd, 000256.383, 184
Trd, 000256.550, 170
Trd, 000257.217, 176
Trd, 000257.483, 181
Trd, 000257.517, 182
Trd, 000257.583, 177
Trd, 000258.267, 181
Trd, 000259.733, 181
Trd, 000260.017, 180
Trd, 000260.833, 179
Trd, 000261.217, 172
Trd, 000261.900, 176
Trd, 000262.433, 174
Trd, 000262.800, 174
Trd, 000262.900, 174
Trd, 000263.433, 175
Trd, 000263.917, 176
Trd, 000264.500, 177
Trd, 000265.183, 176
Trd, 000265.617, 176
Trd, 000265.900, 176
Trd, 000266.267, 176
Trd, 000266.467, 178
Trd, 000266.650, 176
Trd, 000266.817, 179
Trd, 000267.000, 185
Trd, 000267.033, 171
Trd, 000267.900, 171
Trd, 000268.833, 171
Trd, 000268.850, 174
Trd, 000269.000, 170
Trd, 000269.550, 171
Trd, 000269.783, 174
Trd, 000269.983, 176
Trd, 000270.767, 176
Trd, 000270.783, 177
Trd, 000271.033, 177
Trd, 000272.933, 180
Trd, 000273.367, 181
Trd, 000273.583, 181
Trd, 000273.833, 180
Trd, 000274.000, 183
Trd, 000274.050, 180
Trd, 000274.383, 184
Trd, 000275.117, 187
Trd, 000276.300, 183
Trd, 000276.783, 181
Trd, 000277.783, 180
Trd, 000278.417, 180
Trd, 000278.467, 179
Trd, 000278.700, 171
Trd, 000278.933, 172
Trd, 000279.167, 165
Trd, 000279.200, 166
Trd, 000280.567, 168
Trd, 000280.817, 169
Trd, 000281.683, 178
Trd, 000281.800, 179
Trd, 000283.250, 186
Trd, 000283.433, 185
Trd, 000284.383, 186
Trd, 000284.400, 187
Trd, 000284.617, 185
Trd, 000284.700, 189
Trd, 000284.900, 180
Trd, 000286.500, 181
Trd, 000286.517, 188
Trd, 000287.033, 192
Trd, 000287.267, 184
Trd, 000287.650, 183
Trd, 000288.100, 178
Trd, 000288.200, 177
Trd, 000288.233, 183
Trd, 000288.650, 172
Trd, 000289.483, 168
Trd, 000290.050, 167
Trd, 000290.383, 188
Trd, 000290.633, 176
Trd, 000291.050, 166
Trd, 000291.217, 190
Trd, 000291.467, 174
Trd, 000291.550, 172
Trd, 000292.433, 189
Trd, 000292.833, 190
Trd, 000293.133, 191
Trd, 000294.717, 192
Trd, 000294.867, 191
Trd, 000294.967, 182
Trd, 000295.117, 181
Trd, 000295.617, 191
Trd, 000295.950, 190
Trd, 000296.050, 167
Trd, 000296.150, 170
Trd, 000296.567, 191
Trd, 000298.367, 181
Trd, 000298.467, 180
Trd, 000298.517, 180
Trd, 000298.600, 187
Trd, 000298.700, 179
Trd, 000298.867, 186
Trd, 000299.383, 187
Trd, 000299.833, 182
