Trd, 000000.500, 155
Trd, 000001.817, 175
Trd, 000002.783, 160
Trd, 000003.717, 158
Trd, 000004.050, 154
Trd, 000004.133, 164
Trd, 000004.750, 138
Trd, 000004.967, 139
Trd, 000006.400, 146
Trd, 000006.650, 142
Trd, 000007.667, 142
Trd, 000008.983, 158
Trd, 000009.050, 142
Trd, 000009.717, 143
Trd, 000009.850, 148
Trd, 000010.333, 147
Trd, 000010.700, 148
Trd, 000010.733, 149
Trd, 000010.983, 150
Trd, 000011.483, 155
Trd, 000011.983, 153
Trd, 000012.950, 153
Trd, 000013.550, 152
Trd, 000013.917, 157
Trd, 000014.167, 159
Trd, 000014.350, 151
Trd, 000014.750, 159
Trd, 000015.383, 160
Trd, 000018.050, 157
Trd, 000018.317, 161
Trd, 000018.533, 160
Trd, 000019.367, 161
Trd, 000019.567, 160
Trd, 000020.783, 161
Trd, 000021.850, 160
Trd, 000022.650, 159
Trd, 000022.867, 159
Trd, 000023.183, 156
Trd, 000023.550, 137
Trd, 000024.067, 149
Trd, 000024.333, 157
Trd, 000024.683, 148
Trd, 000024.767, 147
Trd, 000026.083, 153
Trd, 000028.300, 154
Trd, 000028.467, 153
Trd, 000028.667, 154
Trd, 000029.033, 155
Trd, 000029.100, 153
Trd, 000029.367, 150
Trd, 000029.450, 165
Trd, 000030.300, 159
Trd, 000030.817, 152
Trd, 000031.517, 153
Trd, 000032.450, 156
Trd, 000032.833, 153
Trd, 000032.933, 151
Trd, 000033.433, 155
Trd, 000034.050, 151
Trd, 000034.450, 151
Trd, 000034.650, 153
Trd, 000036.100, 150
Trd, 000036.250, 146
Trd, 000036.600, 148
Trd, 000036.917, 149
Trd, 000037.150, 149
Trd, 000037.567, 149
Trd, 000037.983, 148
Trd, 000038.433, 150
Trd, 000039.117, 138
Trd, 000039.283, 135
Trd, 000039.900, 141
Trd, 000040.583, 150
Trd, 000041.233, 152
Trd, 000041.817, 150
Trd, 000043.117, 149
Trd, 000044.083, 153
Trd, 000044.517, 153
Trd, 000044.783, 163
Trd, 000044.867, 162
Trd, 000044.883, 151
Trd, 000045.500, 162
Trd, 000045.850, 153
Trd, 000046.217, 153
Trd, 000047.317, 153
Trd, 000047.400, 155
Trd, 000047.733, 155
Trd, 000048.300, 153
Trd, 000049.250, 155
Trd, 000049.300, 154
Trd, 000050.733, 163
Trd, 000050.767, 154
Trd, 000050.900, 163
Trd, 000052.233, 154
Trd, 000053.267, 161
Trd, 000053.383, 153
Trd, 000053.900, 154
Trd, 000053.950, 153
Trd, 000054.850, 162
Trd, 000055.433, 153
Trd, 000056.500, 152
Trd, 000057.717, 156
Trd, 000058.067, 151
Trd, 000058.200, 149
Trd, 000058.267, 155
Trd, 000059.183, 149
Trd, 000059.600, 152
Trd, 000060.283, 153
Trd, 000060.500, 150
Trd, 000061.300, 150
Trd, 000061.867, 163
Trd, 000063.483, 156
Trd, 000063.500, 154
Trd, 000063.883, 156
Trd, 000064.183, 155
Trd, 000064.733, 153
Trd, 000065.367, 156
Trd, 000065.967, 164
Trd, 000066.067, 156
Trd, 000066.917, 157
Trd, 000067.633, 161
Trd, 000068.617, 161
Trd, 000069.083, 160
Trd, 000070.183, 160
Trd, 000071.267, 161
Trd, 000071.367, 164
Trd, 000071.600, 163
Trd, 000071.783, 160
Trd, 000071.800, 159
Trd, 000073.433, 159
Trd, 000073.917, 162
Trd, 000074.733, 158
Trd, 000075.317, 159
Trd, 000076.200, 158
Trd, 000076.767, 151
Trd, 000076.883, 155
Trd, 000076.933, 145
Trd, 000077.233, 157
Trd, 000077.933, 151
Trd, 000078.050, 165
Trd, 000078.217, 150
Trd, 000078.917, 162
Trd, 000079.017, 144
Trd, 000079.617, 150
Trd, 000079.783, 165
Trd, 000080.150, 153
Trd, 000081.250, 164
Trd, 000081.350, 142
Trd, 000081.450, 134
Trd, 000081.550, 165
Trd, 000081.633, 167
Trd, 000083.633, 159
Trd, 000084.167, 153
Trd, 000085.450, 155
Trd, 000085.600, 153
Trd, 000085.617, 152
Trd, 000085.883, 153
Trd, 000086.050, 155
Trd, 000086.167, 153
Trd, 000087.217, 152
Trd, 000087.267, 167
Trd, 000087.383, 164
Trd, 000087.700, 137
Trd, 000089.300, 147
Trd, 000090.300, 161
Trd, 000090.500, 150
Trd, 000090.683, 150
Trd, 000090.833, 159
Trd, 000091.683, 158
Trd, 000092.317, 157
Trd, 000092.517, 148
Trd, 000093.483, 157
Trd, 000094.683, 149
Trd, 000094.833, 167
Trd, 000095.883, 158
Trd, 000096.967, 164
Trd, 000097.283, 163
Trd, 000097.683, 161
Trd, 000098.150, 166
Trd, 000098.617, 163
Trd, 000099.350, 162
Trd, 000099.867, 152
Trd, 000100.283, 158
Trd, 000100.900, 160
Trd, 000101.100, 162
Trd, 000101.900, 162
Trd, 000102.083, 158
Trd, 000103.517, 154
Trd, 000103.583, 161
Trd, 000104.167, 163
Trd, 000104.467, 153
Trd, 000105.017, 165
Trd, 000105.183, 168
Trd, 000106.250, 168
Trd, 000107.200, 167
Trd, 000108.083, 166
Trd, 000108.183, 160
Trd, 000108.233, 161
Trd, 000108.817, 166
Trd, 000109.150, 167
Trd, 000109.200, 160
Trd, 000109.833, 169
Trd, 000109.850, 173
Trd, 000110.933, 154
Trd, 000111.883, 164
Trd, 000112.100, 157
Trd, 000113.867, 162
Trd, 000114.100, 157
Trd, 000114.200, 156
Trd, 000115.650, 157
Trd, 000115.950, 159
Trd, 000117.183, 156
Trd, 000117.333, 156
Trd, 000117.883, 157
Trd, 000118.450, 157
Trd, 000118.600, 159
Trd, 000119.267, 174
Trd, 000120.083, 158
Trd, 000120.500, 157
Trd, 000121.033, 172
Trd, 000121.300, 156
Trd, 000121.733, 158
Trd, 000121.933, 177
Trd, 000122.083, 180
Trd, 000122.600, 185
Trd, 000122.650, 187
Trd, 000123.200, 194
Trd, 000123.267, 185
Trd, 000124.050, 318
Trd, 000124.383, 324.0
Trd, 000125.683, 301.0
Trd, 000125.767, 339
Trd, 000126.117, 339
Trd, 000126.183, 341.0
Trd, 000126.833, 334.0
Trd, 000127.167, 316
Trd, 000127.700, 332
Trd, 000128.817, 344.0
Trd, 000129.550, 333
Trd, 000130.617, 341
Trd, 000130.717, 334
Trd, 000130.950, 344
Trd, 000131.667, 348
Trd, 000131.733, 359
Trd, 000132.050, 338
Trd, 000132.417, 362.0
Trd, 000132.600, 340
Trd, 000133.133, 339
Trd, 000133.417, 356
Trd, 000134.950, 348
Trd, 000135.033, 342
Trd, 000136.133, 345
Trd, 000136.750, 343
Trd, 000137.867, 346
Trd, 000138.233, 345
Trd, 000138.350, 347
Trd, 000138.850, 344
Trd, 000139.383, 344
Trd, 000139.733, 343
Trd, 000141.017, 345
Trd, 000141.550, 348
Trd, 000141.583, 357
Trd, 000142.050, 358.0
Trd, 000142.750, 349
Trd, 000143.567, 348
Trd, 000143.633, 341
Trd, 000144.583, 345
Trd, 000146.117, 344.0
Trd, 000146.333, 347
Trd, 000146.550, 343
Trd, 000148.333, 342
Trd, 000148.833, 345
Trd, 000149.750, 343
Trd, 000150.100, 344
Trd, 000150.283, 343
Trd, 000150.867, 344
Trd, 000151.617, 342
Trd, 000152.733, 346
Trd, 000152.917, 347
Trd, 000153.150, 341
Trd, 000154.750, 350
Trd, 000155.250, 344
Trd, 000156.167, 343
Trd, 000156.417, 353
Trd, 000157.667, 351
Trd, 000158.383, 348
Trd, 000158.783, 351
Trd, 000159.317, 346
Trd, 000160.433, 351
Trd, 000160.617, 346
Trd, 000160.717, 345
Trd, 000161.700, 349
Trd, 000161.767, 351
Trd, 000162.783, 349
Trd, 000163.250, 353
Trd, 000163.467, 347
Trd, 000164.533, 348
Trd, 000164.883, 351
Trd, 000165.250, 349
Trd, 000166.217, 349
Trd, 000167.083, 346
Trd, 000167.100, 345
Trd, 000167.517, 334.0
Trd, 000168.317, 346
Trd, 000168.333, 347
Trd, 000168.817, 350
Trd, 000169.067, 338
Trd, 000170.867, 339
Trd, 000170.983, 341
Trd, 000171.150, 341
Trd, 000171.367, 334.0
Trd, 000171.667, 333
Trd, 000171.850, 333
Trd, 000172.250, 344
Trd, 000173.600, 342
Trd, 000174.017, 356
Trd, 000174.633, 342
Trd, 000175.050, 341
Trd, 000177.017, 342
Trd, 000178.200, 343
Trd, 000178.400, 343
Trd, 000178.650, 339
Trd, 000179.050, 336.0
Trd, 000179.350, 340
Trd, 000179.400, 344.0
Trd, 000179.417, 321.0
Trd, 000180.550, 334.0
Trd, 000181.283, 349
Trd, 000181.567, 333
Trd, 000182.467, 333
Trd, 000182.667, 335
Trd, 000183.083, 327.0
Trd, 000183.267, 324.0
Trd, 000183.800, 337
Trd, 000184.233, 296
Trd, 000184.683, 272
Trd, 000184.883, 218
Trd, 000185.400, 296
Trd, 000185.717, 193
Trd, 000186.050, 185
Trd, 000186.233, 204
Trd, 000187.533, 184
Trd, 000188.283, 194
Trd, 000190.017, 201
Trd, 000190.167, 200
Trd, 000191.017, 190
Trd, 000191.217, 177
Trd, 000192.517, 182
Trd, 000192.567, 179
Trd, 000192.967, 175
Trd, 000192.983, 157
Trd, 000194.383, 167
Trd, 000195.400, 156
Trd, 000195.967, 167
Trd, 000195.983, 163
Trd, 000196.100, 168
Trd, 000197.383, 179
Trd, 000197.683, 178
Trd, 000198.017, 179
Trd, 000198.550, 180
Trd, 000198.700, 178
Trd, 000199.300, 160
Trd, 000199.700, 160
Trd, 000200.950, 168
Trd, 000201.250, 167
Trd, 000201.667, 182
Trd, 000202.083, 167
Trd, 000203.333, 174
Trd, 000204.167, 175
Trd, 000204.450, 173
Trd, 000204.717, 173
Trd, 000206.317, 169
Trd, 000207.817, 165
Trd, 000208.183, 167
Trd, 000208.217, 167
Trd, 000208.350, 168
Trd, 000208.567, 167
Trd, 000208.817, 163
Trd, 000209.900, 169
Trd, 000210.050, 155
Trd, 000210.167, 147
Trd, 000210.267, 145
Trd, 000210.433, 153
Trd, 000210.817, 141
Trd, 000212.667, 159
Trd, 000212.683, 169
Trd, 000213.733, 160
Trd, 000214.100, 168
Trd, 000216.033, 162
Trd, 000216.633, 160
Trd, 000217.583, 160
Trd, 000217.800, 162
Trd, 000218.100, 163
Trd, 000218.633, 160
Trd, 000218.700, 163
Trd, 000218.767, 163
Trd, 000219.050, 163
Trd, 000219.167, 161
Trd, 000219.250, 165
Trd, 000219.450, 161
Trd, 000219.667, 167
Trd, 000221.417, 181
Trd, 000221.867, 180
Trd, 000222.683, 170
Trd, 000223.617, 182
Trd, 000224.250, 182
Trd, 000224.400, 174
Trd, 000224.417, 174
Trd, 000224.867, 174
Trd, 000226.800, 181
Trd, 000227.450, 181
Trd, 000227.917, 183
Trd, 000229.600, 181
Trd, 000229.717, 179
Trd, 000230.050, 179
Trd, 000230.717, 180
Trd, 000231.683, 181
Trd, 000231.717, 184
Trd, 000231.983, 185
Trd, 000232.183, 181
Trd, 000232.433, 180
Trd, 000232.467, 178
Trd, 000233.033, 182
Trd, 000233.100, 178
Trd, 000234.267, 180
Trd, 000235.233, 179
Trd, 000236.100, 179
Trd, 000236.433, 176
Trd, 000236.850, 177
Trd, 000237.617, 179
Trd, 000238.283, 176
Trd, 000239.650, 177
Trd, 000240.817, 178
Trd, 000241.567, 178
Trd, 000241.783, 176
Trd, 000242.033, 175
Trd, 000242.267, 178
Trd, 000242.850, 177
Trd, 000243.417, 179
Trd, 000243.883, 178
Trd, 000244.383, 176
Trd, 000244.900, 177
Trd, 000245.250, 182
Trd, 000245.633, 184
Trd, 000246.150, 183
Trd, 000246.367, 181
Trd, 000246.383, 180
Trd, 000246.417, 183
Trd, 000246.667, 178
Trd, 000247.167, 178
Trd, 000247.567, 180
Trd, 000247.767, 179
Trd, 000248.633, 179
Trd, 000248.717, 178
Trd, 000249.250, 176
Trd, 000249.550, 179
Trd, 000249.817, 178
Trd, 000250.333, 176
Trd, 000250.517, 173
Trd, 000251.850, 178
Trd, 000252.250, 178
Trd, 000252.600, 180
Trd, 000253.267, 182
Trd, 000253.800, 183
Trd, 000254.250, 184
Trd, 000254.283, 187
Trd, 000254.350, 190
Trd, 000254.467, 182
Trd, 000254.750, 181
Trd, 000255.283, 180
Trd, 000255.867, 179
Trd, 000256.467, 179
Trd, 000257.033, 179
Trd, 000257.067, 178
Trd, 000257.183, 176
Trd, 000257.367, 179
Trd, 000258.183, 180
Trd, 000258.333, 181
Trd, 000258.567, 177
Trd, 000258.833, 176
Trd, 000258.917, 173
Trd, 000259.917, 169
Trd, 000260.433, 168
Trd, 000261.400, 170
Trd, 000261.450, 172
Trd, 000261.617, 172
Trd, 000262.050, 173
Trd, 000262.133, 170
Trd, 000262.383, 174
Trd, 000262.733, 177
Trd, 000262.967, 160
Trd, 000263.117, 158
Trd, 000263.133, 179
Trd, 000263.300, 154
Trd, 000263.933, 171
Trd, 000264.517, 169
Trd, 000264.683, 168
Trd, 000264.833, 180
Trd, 000265.700, 167
Trd, 000266.117, 177
Trd, 000267.033, 176
Trd, 000267.083, 178
Trd, 000267.350, 175
Trd, 000268.633, 180
Trd, 000268.933, 178
Trd, 000269.000, 181
Trd, 000269.067, 176
Trd, 000270.017, 183
Trd, 000270.883, 178
Trd, 000271.633, 177
Trd, 000272.483, 180
Trd, 000272.600, 179
Trd, 000272.617, 181
Trd, 000272.700, 182
Trd, 000273.150, 179
Trd, 000273.383, 175
Trd, 000273.500, 174
Trd, 000274.117, 171
Trd, 000274.467, 181
Trd, 000275.500, 181
Trd, 000275.783, 181
Trd, 000277.200, 182
Trd, 000277.750, 180
Trd, 000278.083, 179
Trd, 000278.333, 178
Trd, 000278.617, 182
Trd, 000278.950, 179
Trd, 000279.250, 176
Trd, 000279.733, 181
Trd, 000280.217, 177
Trd, 000280.967, 178
Trd, 000281.300, 183
Trd, 000281.567, 182
Trd, 000281.867, 183
Trd, 000282.133, 186
Trd, 000282.567, 185
Trd, 000282.617, 186
Trd, 000283.383, 187
Trd, 000283.500, 181
Trd, 000284.117, 183
Trd, 000284.583, 185
Trd, 000284.833, 184
Trd, 000285.517, 186
Trd, 000285.883, 182
Trd, 000286.250, 186
Trd, 000286.850, 182
Trd, 000287.417, 182
Trd, 000287.750, 183
Trd, 000288.017, 183
Trd, 000288.967, 182
Trd, 000289.133, 183
Trd, 000289.683, 183
Trd, 000289.967, 186
Trd, 000290.233, 180
Trd, 000290.867, 180
Trd, 000291.150, 177
Trd, 000291.433, 171
Trd, 000291.833, 177
Trd, 000292.183, 180
Trd, 000292.983, 178
Trd, 000293.067, 180
Trd, 000293.350, 179
Trd, 000293.467, 181
Trd, 000293.583, 184
Trd, 000293.717, 176
Trd, 000293.900, 171
Trd, 000294.083, 163
Trd, 000295.267, 168
Trd, 000295.333, 181
Trd, 000296.200, 170
Trd, 000296.367, 170
Trd, 000296.700, 175
Trd, 000297.067, 178
Trd, 000297.717, 180
Trd, 000298.000, 187
Trd, 000298.767, 185
Trd, 000299.333, 183
Trd, 000299.517, 181
Trd, 000299.950, 182
