Trd, 000001.883, 107
Trd, 000003.067, 130
Trd, 000003.500, 131
Trd, 000003.633, 144
Trd, 000004.783, 137
Trd, 000004.833, 148
Trd, 000005.000, 166
Trd, 000005.783, 166
Trd, 000006.083, 161
Trd, 000006.567, 142
Trd, 000006.783, 159
Trd, 000006.817, 158
Trd, 000006.867, 140
Trd, 000007.583, 159
Trd, 000007.983, 159
Trd, 000008.600, 151
Trd, 000008.717, 143
Trd, 000009.200, 168
Trd, 000011.617, 151
Trd, 000012.150, 150
Trd, 000012.500, 158
Trd, 000013.917, 151
Trd, 000013.983, 150
Trd, 000014.300, 156
Trd, 000014.550, 154
Trd, 000016.300, 151
Trd, 000016.683, 150
Trd, 000017.333, 150
Trd, 000017.700, 151
Trd, 000018.700, 152
Trd, 000019.017, 152
Trd, 000019.767, 145
Trd, 000019.800, 149
Trd, 000019.817, 144
Trd, 000019.883, 150
Trd, 000020.133, 152
Trd, 000021.350, 172
Trd, 000022.217, 147
Trd, 000023.333, 144
Trd, 000024.583, 160
Trd, 000024.850, 145
Trd, 000025.550, 145
Trd, 000026.100, 146
Trd, 000026.683, 156
Trd, 000027.217, 145
Trd, 000027.617, 143
Trd, 000028.300, 147
Trd, 000028.733, 147
Trd, 000028.750, 147
Trd, 000029.117, 146
Trd, 000029.133, 151
Trd, 000030.133, 147
Trd, 000030.150, 154
Trd, 000030.517, 147
Trd, 000031.217, 144
Trd, 000031.550, 149
Trd, 000032.033, 150
Trd, 000032.333, 146
Trd, 000032.950, 151
Trd, 000033.933, 151
Trd, 000034.400, 161
Trd, 000034.967, 143
Trd, 000035.117, 143
Trd, 000036.533, 149
Trd, 000037.167, 147
Trd, 000037.533, 143
Trd, 000038.383, 151
Trd, 000038.750, 145
Trd, 000039.700, 153
Trd, 000039.817, 155
Trd, 000039.867, 148
Trd, 000040.283, 159
Trd, 000040.900, 152
Trd, 000041.267, 144
Trd, 000041.783, 149
Trd, 000042.433, 151
Trd, 000042.900, 152
Trd, 000042.967, 152
Trd, 000043.733, 151
Trd, 000044.417, 154
Trd, 000044.600, 150
Trd, 000044.850, 151
Trd, 000044.883, 155
Trd, 000045.733, 169
Trd, 000046.650, 158
Trd, 000047.250, 168
Trd, 000047.350, 170
Trd, 000047.667, 170
Trd, 000047.900, 158
Trd, 000048.100, 146
Trd, 000049.717, 159
Trd, 000049.783, 162
Trd, 000050.517, 158
Trd, 000051.500, 156
Trd, 000052.267, 147
Trd, 000052.450, 155
Trd, 000053.150, 150
Trd, 000053.500, 149
Trd, 000054.450, 153
Trd, 000054.750, 153
Trd, 000055.200, 154
Trd, 000055.617, 142
Trd, 000056.950, 150
Trd, 000057.183, 154
Trd, 000057.833, 151
Trd, 000057.967, 156
Trd, 000059.183, 154
Trd, 000059.850, 155
Trd, 000060.117, 155
Trd, 000060.233, 157
Trd, 000060.533, 153
Trd, 000061.183, 146
Trd, 000061.650, 143
Trd, 000061.683, 158
Trd, 000061.783, 161
Trd, 000061.950, 159
Trd, 000062.750, 149
Trd, 000063.433, 164
Trd, 000064.333, 152
Trd, 000064.667, 154
Trd, 000064.767, 149
Trd, 000066.250, 153
Trd, 000066.367, 145
Trd, 000067.183, 166
Trd, 000067.633, 165
Trd, 000068.033, 167
Trd, 000070.767, 160
Trd, 000071.050, 157
Trd, 000071.200, 158
Trd, 000071.533, 157
Trd, 000072.150, 156
Trd, 000072.467, 159
Trd, 000072.833, 156
Trd, 000073.533, 155
Trd, 000073.567, 156
Trd, 000074.283, 154
Trd, 000074.867, 149
Trd, 000076.483, 154
Trd, 000077.150, 153
Trd, 000078.033, 154
Trd, 000078.050, 153
Trd, 000078.867, 155
Trd, 000079.783, 154
Trd, 000080.017, 155
Trd, 000080.417, 156
Trd, 000080.617, 155
Trd, 000080.633, 158
Trd, 000080.767, 159
Trd, 000081.333, 163
Trd, 000081.350, 154
Trd, 000081.583, 148
Trd, 000081.800, 178
Trd, 000083.633, 151
Trd, 000084.017, 147
Trd, 000084.717, 151
Trd, 000084.800, 155
Trd, 000085.783, 156
Trd, 000085.967, 150
Trd, 000086.750, 151
Trd, 000087.767, 153
Trd, 000088.600, 153
Trd, 000089.250, 153
Trd, 000089.417, 151
Trd, 000090.050, 153
Trd, 000090.783, 153
Trd, 000091.917, 156
Trd, 000091.967, 148
Trd, 000092.633, 156
Trd, 000092.900, 148
Trd, 000093.250, 146
Trd, 000093.300, 142
Trd, 000094.133, 144
Trd, 000095.133, 155
Trd, 000096.550, 147
Trd, 000096.600, 152
Trd, 000096.850, 152
Trd, 000097.333, 154
Trd, 000097.583, 146
Trd, 000098.150, 155
Trd, 000098.683, 146
Trd, 000098.833, 137
Trd, 000099.550, 160
Trd, 000099.567, 161
Trd, 000100.017, 142
Trd, 000101.883, 156
Trd, 000102.083, 149
Trd, 000102.317, 158
Trd, 000102.700, 148
Trd, 000102.833, 179
Trd, 000103.517, 164
Trd, 000103.633, 148
Trd, 000103.733, 147
Trd, 000105.383, 157
Trd, 000105.817, 150
Trd, 000106.050, 158
Trd, 000106.350, 152
Trd, 000106.483, 159
Trd, 000107.533, 169
Trd, 000107.883, 151
Trd, 000109.317, 160
Trd, 000109.433, 161
Trd, 000109.650, 162
Trd, 000110.983, 161
Trd, 000111.650, 160
Trd, 000112.017, 160
Trd, 000112.817, 157
Trd, 000113.150, 161
Trd, 000113.200, 166
Trd, 000114.083, 177
Trd, 000114.933, 177
Trd, 000115.450, 177
Trd, 000115.550, 176
Trd, 000115.817, 164
Trd, 000117.017, 169
Trd, 000117.200, 170
Trd, 000118.767, 171
Trd, 000118.783, 172
Trd, 000119.217, 152
Trd, 000119.867, 164
Trd, 000120.117, 165
Trd, 000121.600, 160
Trd, 000121.717, 158
Trd, 000121.833, 159
Trd, 000121.933, 163
Trd, 000122.067, 164
Trd, 000122.450, 167
Trd, 000122.833, 184
Trd, 000123.300, 206
Trd, 000123.367, 212
Trd, 000123.717, 212
Trd, 000123.900, 295
Trd, 000124.017, 303.0
Trd, 000124.267, 300.0
Trd, 000124.317, 344.0
Trd, 000124.750, 348.0
Trd, 000127.333, 343
Trd, 000127.700, 342
Trd, 000128.117, 340
Trd, 000129.083, 348.0
Trd, 000129.633, 341
Trd, 000129.917, 350
Trd, 000130.433, 351
Trd, 000132.367, 346
Trd, 000132.800, 347
Trd, 000133.183, 345
Trd, 000133.633, 346
Trd, 000134.667, 345
Trd, 000134.983, 347
Trd, 000135.267, 344
Trd, 000136.750, 340
Trd, 000136.850, 339
Trd, 000137.267, 338
Trd, 000137.850, 339.0
Trd, 000138.383, 343
Trd, 000138.417, 339
Trd, 000138.933, 339.0
Trd, 000139.367, 344
Trd, 000139.633, 337.0
Trd, 000140.033, 344.0
Trd, 000140.400, 348.0
Trd, 000142.017, 341
Trd, 000142.100, 335
Trd, 000142.283, 345
Trd, 000143.250, 338
Trd, 000144.417, 343
Trd, 000144.550, 343
Trd, 000145.317, 338
Trd, 000145.917, 338
Trd, 000147.417, 346
Trd, 000148.183, 337
Trd, 000148.833, 336
Trd, 000148.950, 348.0
Trd, 000149.267, 337.0
Trd, 000150.083, 330.0
Trd, 000150.200, 331.0
Trd, 000150.550, 333
Trd, 000150.633, 320
Trd, 000151.033, 321
Trd, 000151.517, 331.0
Trd, 000151.900, 339
Trd, 000153.883, 333
Trd, 000154.183, 334
Trd, 000156.250, 346
Trd, 000156.317, 338.0
Trd, 000157.167, 347
Trd, 000157.500, 337.0
Trd, 000157.950, 336
Trd, 000158.633, 336
Trd, 000159.533, 343
Trd, 000159.550, 343
Trd, 000160.350, 337.0
Trd, 000160.567, 346
Trd, 000160.833, 347.0
Trd, 000162.533, 341
Trd, 000162.717, 345
Trd, 000163.100, 343
Trd, 000164.150, 345
Trd, 000165.533, 345
Trd, 000165.917, 344
Trd, 000166.133, 346.0
Trd, 000166.400, 345
Trd, 000166.517, 348.0
Trd, 000167.233, 346
Trd, 000168.150, 345
Trd, 000168.517, 346
Trd, 000168.583, 343
Trd, 000170.300, 344
Trd, 000170.450, 342
Trd, 000170.550, 337.0
Trd, 000171.750, 342
Trd, 000172.067, 343
Trd, 000173.633, 344.0
Trd, 000173.667, 345
Trd, 000173.700, 343
Trd, 000176.333, 342
Trd, 000176.533, 348.0
Trd, 000176.583, 339
Trd, 000177.367, 341
Trd, 000178.367, 346
Trd, 000179.867, 344
Trd, 000180.433, 342
Trd, 000181.250, 341
Trd, 000181.567, 339
Trd, 000181.733, 338
Trd, 000182.400, 338
Trd, 000182.467, 342
Trd, 000182.767, 344.0
Trd, 000182.850, 337.0
Trd, 000182.950, 333
Trd, 000183.133, 333
Trd, 000183.183, 327.0
Trd, 000183.550, 309
Trd, 000183.933, 218
Trd, 000184.450, 211
Trd, 000184.467, 327
Trd, 000185.533, 207
Trd, 000185.583, 187
Trd, 000185.633, 183
Trd, 000185.700, 176
Trd, 000186.517, 174
Trd, 000187.300, 161
Trd, 000187.750, 160
Trd, 000188.283, 171
Trd, 000188.450, 166
Trd, 000188.717, 173
Trd, 000189.717, 171
Trd, 000190.050, 174
Trd, 000190.067, 175
Trd, 000190.317, 159
Trd, 000190.400, 182
Trd, 000191.217, 153
Trd, 000191.600, 183
Trd, 000192.517, 182
Trd, 000192.833, 186
Trd, 000193.500, 177
Trd, 000194.633, 172
Trd, 000195.033, 185
Trd, 000196.217, 186
Trd, 000196.633, 185
Trd, 000196.833, 178
Trd, 000197.050, 187
Trd, 000197.100, 158
Trd, 000197.767, 173
Trd, 000198.067, 189
Trd, 000199.233, 185
Trd, 000199.550, 176
Trd, 000201.133, 175
Trd, 000201.783, 174
Trd, 000202.200, 177
Trd, 000202.233, 158
Trd, 000202.567, 173
Trd, 000202.583, 157
Trd, 000202.733, 180
Trd, 000202.933, 170
Trd, 000204.017, 172
Trd, 000204.567, 176
Trd, 000204.750, 161
Trd, 000205.167, 164
Trd, 000207.233, 169
Trd, 000207.850, 169
Trd, 000207.883, 169
Trd, 000208.033, 170
Trd, 000208.150, 168
Trd, 000208.200, 167
Trd, 000208.950, 172
Trd, 000209.083, 158
Trd, 000210.483, 189
Trd, 000210.633, 179
Trd, 000210.917, 179
Trd, 000210.950, 160
Trd, 000212.550, 176
Trd, 000213.600, 175
Trd, 000213.733, 174
Trd, 000214.683, 175
Trd, 000215.483, 173
Trd, 000215.617, 172
Trd, 000216.050, 169
Trd, 000216.100, 161
Trd, 000216.300, 176
Trd, 000216.517, 158
Trd, 000216.567, 154
Trd, 000217.600, 164
Trd, 000218.450, 151
Trd, 000218.683, 160
Trd, 000218.967, 160
Trd, 000219.650, 165
Trd, 000219.833, 167
Trd, 000220.817, 162
Trd, 000221.300, 166
Trd, 000222.450, 165
Trd, 000223.783, 166
Trd, 000223.800, 167
Trd, 000224.267, 180
Trd, 000224.417, 166
Trd, 000224.783, 175
Trd, 000225.083, 163
Trd, 000225.550, 176
Trd, 000227.583, 172
Trd, 000228.333, 170
Trd, 000228.850, 174
Trd, 000229.583, 170
Trd, 000229.900, 162
Trd, 000230.133, 176
Trd, 000231.033, 160
Trd, 000231.183, 175
Trd, 000231.283, 161
Trd, 000231.333, 176
Trd, 000232.000, 171
Trd, 000232.567, 171
Trd, 000234.567, 169
Trd, 000235.017, 173
Trd, 000236.050, 169
Trd, 000236.467, 166
Trd, 000236.483, 174
Trd, 000236.800, 165
Trd, 000236.850, 161
Trd, 000237.300, 168
Trd, 000237.400, 167
Trd, 000237.783, 157
Trd, 000237.867, 170
Trd, 000238.100, 171
Trd, 000240.100, 168
Trd, 000240.117, 167
Trd, 000240.233, 164
Trd, 000240.850, 165
Trd, 000240.883, 168
Trd, 000241.333, 166
Trd, 000241.600, 164
Trd, 000242.067, 165
Trd, 000242.533, 164
Trd, 000242.833, 165
Trd, 000243.750, 167
Trd, 000244.600, 167
Trd, 000245.667, 169
Trd, 000245.783, 170
Trd, 000246.017, 168
Trd, 000246.183, 165
Trd, 000247.067, 172
Trd, 000247.300, 176
Trd, 000247.717, 192
Trd, 000247.783, 165
Trd, 000248.133, 195
Trd, 000248.367, 186
Trd, 000248.550, 191
Trd, 000249.217, 174
Trd, 000250.100, 179
Trd, 000250.117, 177
Trd, 000250.217, 175
Trd, 000250.600, 174
Trd, 000250.667, 173
Trd, 000250.800, 177
Trd, 000251.483, 162
Trd, 000251.717, 172
Trd, 000252.233, 171
Trd, 000253.050, 163
Trd, 000253.750, 166
Trd, 000254.067, 164
Trd, 000254.250, 163
Trd, 000254.417, 167
Trd, 000254.517, 169
Trd, 000254.917, 169
Trd, 000255.083, 170
Trd, 000256.267, 172
Trd, 000256.783, 171
Trd, 000257.017, 170
Trd, 000257.683, 171
Trd, 000257.733, 169
Trd, 000258.467, 168
Trd, 000258.567, 176
Trd, 000258.733, 162
Trd, 000258.900, 174
Trd, 000260.133, 190
Trd, 000260.350, 189
Trd, 000260.717, 189
Trd, 000260.750, 188
Trd, 000261.717, 184
Trd, 000261.833, 189
Trd, 000262.700, 183
Trd, 000262.800, 180
Trd, 000263.117, 183
Trd, 000263.767, 179
Trd, 000264.267, 165
Trd, 000265.450, 167
Trd, 000265.633, 171
Trd, 000265.700, 173
Trd, 000265.750, 168
Trd, 000266.267, 177
Trd, 000266.433, 175
Trd, 000266.450, 177
Trd, 000267.233, 193
Trd, 000267.600, 192
Trd, 000268.733, 191
Trd, 000269.167, 190
Trd, 000270.083, 189
Trd, 000270.383, 188
Trd, 000270.567, 185
Trd, 000270.783, 190
Trd, 000271.067, 186
Trd, 000271.250, 181
Trd, 000271.683, 184
Trd, 000272.250, 178
Trd, 000272.750, 177
Trd, 000272.883, 167
Trd, 000273.267, 171
Trd, 000273.333, 164
Trd, 000273.383, 177
Trd, 000273.500, 163
Trd, 000274.250, 176
Trd, 000274.317, 165
Trd, 000275.467, 177
Trd, 000275.767, 178
Trd, 000275.900, 178
Trd, 000276.167, 176
Trd, 000277.150, 181
Trd, 000277.917, 181
Trd, 000278.083, 182
Trd, 000278.367, 174
Trd, 000279.117, 167
Trd, 000279.183, 176
Trd, 000279.467, 180
Trd, 000279.867, 179
Trd, 000280.083, 180
Trd, 000280.400, 175
Trd, 000280.683, 175
Trd, 000280.967, 169
Trd, 000281.050, 170
Trd, 000281.183, 168
Trd, 000281.200, 174
Trd, 000282.767, 173
Trd, 000283.000, 174
Trd, 000283.100, 167
Trd, 000283.367, 176
Trd, 000283.567, 176
Trd, 000284.233, 179
Trd, 000284.300, 183
Trd, 000285.483, 167
Trd, 000285.600, 171
Trd, 000285.683, 187
Trd, 000286.817, 190
Trd, 000286.933, 189
Trd, 000287.250, 179
Trd, 000287.467, 195
Trd, 000287.700, 192
Trd, 000287.950, 187
Trd, 000288.567, 192
Trd, 000288.650, 191
Trd, 000289.017, 184
Trd, 000289.117, 183
Trd, 000290.783, 194
Trd, 000290.817, 183
Trd, 000290.967, 183
Trd, 000291.117, 178
Trd, 000291.150, 167
Trd, 000291.600, 169
Trd, 000292.167, 185
Trd, 000292.283, 187
Trd, 000292.367, 168
Trd, 000293.000, 187
Trd, 000293.350, 178
Trd, 000293.950, 190
Trd, 000294.083, 177
Trd, 000294.383, 187
Trd, 000294.467, 168
Trd, 000294.533, 166
Trd, 000295.450, 172
Trd, 000295.850, 177
Trd, 000296.000, 186
Trd, 000296.317, 193
Trd, 000296.650, 174
Trd, 000297.400, 174
Trd, 000297.550, 167
Trd, 000298.567, 181
