Trd, 000001.550, 131
Trd, 000001.867, 162
Trd, 000001.983, 101
Trd, 000003.633, 169
Trd, 000003.900, 171
Trd, 000004.067, 168
Trd, 000004.233, 167
Trd, 000004.333, 148
Trd, 000005.717, 158
Trd, 000006.083, 146
Trd, 000006.183, 159
Trd, 000006.533, 161
Trd, 000007.267, 159
Trd, 000007.450, 158
Trd, 000008.250, 155
Trd, 000009.833, 149
Trd, 000010.050, 159
Trd, 000010.583, 140
Trd, 000011.050, 157
Trd, 000011.150, 158
Trd, 000011.717, 158
Trd, 000011.867, 157
Trd, 000012.383, 159
Trd, 000012.817, 144
Trd, 000012.967, 158
Trd, 000013.100, 130
Trd, 000013.150, 152
Trd, 000013.933, 145
Trd, 000013.967, 149
Trd, 000014.867, 159
Trd, 000015.133, 157
Trd, 000015.433, 151
Trd, 000016.550, 155
Trd, 000016.850, 154
Trd, 000017.050, 154
Trd, 000018.350, 155
Trd, 000018.517, 155
Trd, 000019.050, 155
Trd, 000020.667, 156
Trd, 000020.867, 158
Trd, 000021.633, 156
Trd, 000022.550, 155
Trd, 000023.183, 160
Trd, 000023.200, 164
Trd, 000023.250, 170
Trd, 000024.400, 156
Trd, 000024.750, 158
Trd, 000025.250, 159
Trd, 000025.350, 158
Trd, 000025.483, 160
Trd, 000025.667, 156
Trd, 000027.167, 160
Trd, 000027.333, 160
Trd, 000028.250, 157
Trd, 000028.833, 157
Trd, 000029.483, 157
Trd, 000029.783, 157
Trd, 000030.033, 156
Trd, 000031.450, 156
Trd, 000031.667, 159
Trd, 000032.700, 158
Trd, 000032.950, 154
Trd, 000034.083, 151
Trd, 000034.583, 155
Trd, 000034.717, 155
Trd, 000035.500, 155
Trd, 000035.533, 156
Trd, 000035.567, 153
Trd, 000035.883, 152
Trd, 000035.933, 158
Trd, 000036.800, 160
Trd, 000037.067, 153
Trd, 000037.783, 161
Trd, 000038.717, 162
Trd, 000039.067, 158
Trd, 000039.117, 155
Trd, 000039.683, 162
Trd, 000040.217, 156
Trd, 000041.800, 158
Trd, 000042.267, 158
Trd, 000042.900, 156
Trd, 000043.517, 157
Trd, 000043.583, 156
Trd, 000043.667, 157
Trd, 000043.700, 155
Trd, 000044.800, 157
Trd, 000044.900, 158
Trd, 000045.183, 157
Trd, 000045.733, 156
Trd, 000046.533, 145
Trd, 000046.633, 155
Trd, 000046.900, 154
Trd, 000046.950, 153
Trd, 000047.367, 154
Trd, 000048.200, 154
Trd, 000048.250, 152
Trd, 000049.067, 154
Trd, 000049.133, 154
Trd, 000049.600, 145
Trd, 000049.717, 156
Trd, 000049.783, 132
Trd, 000050.250, 156
Trd, 000051.017, 163
Trd, 000052.183, 161
Trd, 000052.683, 172
Trd, 000053.017, 173
Trd, 000053.467, 161
Trd, 000054.383, 165
Trd, 000054.650, 163
Trd, 000055.350, 162
Trd, 000055.450, 161
Trd, 000055.783, 160
Trd, 000056.183, 157
Trd, 000058.183, 160
Trd, 000058.467, 160
Trd, 000058.733, 159
Trd, 000059.233, 161
Trd, 000059.767, 159
Trd, 000060.217, 162
Trd, 000060.333, 162
Trd, 000060.767, 161
Trd, 000061.050, 163
Trd, 000061.900, 159
Trd, 000062.900, 160
Trd, 000063.700, 160
Trd, 000063.883, 160
Trd, 000064.017, 160
Trd, 000064.767, 161
Trd, 000065.017, 159
Trd, 000065.267, 154
Trd, 000065.433, 159
Trd, 000066.783, 157
Trd, 000066.883, 143
Trd, 000068.233, 155
Trd, 000068.683, 153
Trd, 000068.800, 156
Trd, 000069.000, 145
Trd, 000069.683, 163
Trd, 000069.717, 165
Trd, 000069.817, 175
Trd, 000071.217, 170
Trd, 000071.500, 156
Trd, 000071.600, 173
Trd, 000072.900, 164
Trd, 000074.033, 165
Trd, 000074.717, 166
Trd, 000074.817, 165
Trd, 000075.017, 164
Trd, 000075.467, 163
Trd, 000075.600, 159
Trd, 000075.750, 167
Trd, 000076.533, 169
Trd, 000076.567, 170
Trd, 000078.233, 165
Trd, 000078.283, 161
Trd, 000078.633, 166
Trd, 000079.333, 155
Trd, 000080.150, 163
Trd, 000080.283, 162
Trd, 000080.317, 163
Trd, 000080.550, 161
Trd, 000081.250, 156
Trd, 000081.467, 146
Trd, 000081.617, 163
Trd, 000081.917, 150
Trd, 000082.050, 136
Trd, 000082.100, 156
Trd, 000083.000, 154
Trd, 000083.917, 149
Trd, 000084.450, 153
Trd, 000084.717, 152
Trd, 000084.767, 153
Trd, 000085.700, 154
Trd, 000085.950, 157
Trd, 000086.300, 158
Trd, 000086.517, 159
Trd, 000087.817, 160
Trd, 000088.233, 163
Trd, 000088.750, 158
Trd, 000089.733, 157
Trd, 000090.317, 160
Trd, 000090.500, 159
Trd, 000090.567, 162
Trd, 000091.017, 161
Trd, 000091.517, 165
Trd, 000092.267, 163
Trd, 000092.283, 160
Trd, 000092.300, 171
Trd, 000093.317, 177
Trd, 000093.417, 181
Trd, 000094.700, 175
Trd, 000095.517, 172
Trd, 000095.833, 170
Trd, 000096.317, 170
Trd, 000096.467, 168
Trd, 000096.800, 170
Trd, 000096.917, 170
Trd, 000096.983, 169
Trd, 000098.117, 158
Trd, 000098.183, 171
Trd, 000098.233, 178
Trd, 000098.767, 176
Trd, 000099.450, 174
Trd, 000099.717, 164
Trd, 000101.300, 167
Trd, 000102.533, 172
Trd, 000102.933, 170
Trd, 000103.517, 167
Trd, 000104.600, 167
Trd, 000104.917, 168
Trd, 000105.400, 170
Trd, 000105.550, 170
Trd, 000105.617, 170
Trd, 000106.300, 170
Trd, 000107.017, 171
Trd, 000107.150, 168
Trd, 000107.367, 171
Trd, 000108.917, 169
Trd, 000109.033, 168
Trd, 000109.100, 168
Trd, 000109.450, 169
Trd, 000109.933, 168
Trd, 000111.367, 169
Trd, 000111.800, 169
Trd, 000111.900, 169
Trd, 000112.717, 162
Trd, 000112.783, 168
Trd, 000113.450, 162
Trd, 000114.033, 166
Trd, 000114.300, 164
Trd, 000114.417, 163
Trd, 000114.883, 169
Trd, 000116.067, 168
Trd, 000116.183, 163
Trd, 000117.483, 168
Trd, 000117.983, 168
Trd, 000119.067, 169
Trd, 000120.033, 168
Trd, 000120.167, 166
Trd, 000120.550, 168
Trd, 000120.767, 167
Trd, 000121.483, 169
Trd, 000121.867, 170
Trd, 000122.017, 172
Trd, 000122.167, 174
Trd, 000122.450, 180
Trd, 000122.533, 184
Trd, 000123.700, 194
Trd, 000124.133, 275
Trd, 000124.483, 179
Trd, 000125.467, 300.0
Trd, 000125.533, 331.0
Trd, 000125.650, 336
Trd, 000126.383, 320
Trd, 000126.400, 348
Trd, 000127.200, 346
Trd, 000127.850, 324.0
Trd, 000127.917, 320
Trd, 000127.950, 336
Trd, 000128.700, 332
Trd, 000128.900, 346
Trd, 000128.983, 348.0
Trd, 000129.450, 334
Trd, 000129.767, 358.0
Trd, 000129.850, 332
Trd, 000131.000, 354
Trd, 000131.217, 350
Trd, 000131.867, 361.0
Trd, 000134.433, 353
Trd, 000134.483, 354
Trd, 000134.717, 353
Trd, 000134.750, 352
Trd, 000136.367, 353
Trd, 000136.467, 354.0
Trd, 000136.500, 350
Trd, 000136.917, 348.0
Trd, 000137.133, 347
Trd, 000137.833, 354.0
Trd, 000138.133, 351
Trd, 000138.800, 354
Trd, 000139.717, 349
Trd, 000140.250, 351
Trd, 000140.550, 350.0
Trd, 000141.567, 351.0
Trd, 000141.717, 353
Trd, 000141.750, 351.0
Trd, 000142.783, 353
Trd, 000142.967, 352.0
Trd, 000143.500, 350.0
Trd, 000144.417, 351
Trd, 000144.500, 348.0
Trd, 000144.667, 352
Trd, 000144.983, 347
Trd, 000145.117, 357
Trd, 000145.200, 346
Trd, 000146.850, 347
Trd, 000147.017, 351
Trd, 000147.367, 340
Trd, 000147.683, 358.0
Trd, 000148.050, 351
Trd, 000148.333, 344
Trd, 000148.950, 349
Trd, 000149.800, 348.0
Trd, 000150.817, 343
Trd, 000151.267, 342
Trd, 000152.167, 347
Trd, 000153.317, 342
Trd, 000153.483, 349
Trd, 000154.300, 349
Trd, 000154.867, 350
Trd, 000155.083, 350.0
Trd, 000155.300, 350.0
Trd, 000155.733, 349
Trd, 000156.700, 350
Trd, 000157.267, 353
Trd, 000157.633, 360
Trd, 000158.150, 350
Trd, 000158.250, 349.0
Trd, 000158.650, 358.0
Trd, 000158.750, 362.0
Trd, 000158.867, 356
Trd, 000159.483, 361
Trd, 000160.783, 349
Trd, 000161.767, 348.0
Trd, 000161.917, 347
Trd, 000162.350, 341
Trd, 000164.217, 347
Trd, 000164.350, 348
Trd, 000164.883, 347
Trd, 000164.950, 348
Trd, 000165.000, 346
Trd, 000165.083, 351.0
Trd, 000165.250, 338
Trd, 000166.217, 349
Trd, 000166.550, 351
Trd, 000167.467, 349
Trd, 000168.800, 346
Trd, 000168.967, 344
Trd, 000169.700, 343
Trd, 000170.000, 350
Trd, 000170.083, 352
Trd, 000170.417, 357.0
Trd, 000170.900, 355
Trd, 000170.983, 341
Trd, 000171.783, 343
Trd, 000172.017, 342
Trd, 000172.217, 341
Trd, 000174.017, 348
Trd, 000174.233, 350
Trd, 000175.183, 349.0
Trd, 000175.267, 350
Trd, 000175.400, 348.0
Trd, 000176.333, 355
Trd, 000176.767, 344
Trd, 000177.117, 358.0
Trd, 000178.000, 348.0
Trd, 000178.600, 353
Trd, 000178.833, 354
Trd, 000179.567, 358.0
Trd, 000180.433, 352
Trd, 000180.583, 360
Trd, 000181.383, 354
Trd, 000181.650, 352
Trd, 000182.400, 353
Trd, 000182.633, 339
Trd, 000183.033, 345
Trd, 000183.100, 316
Trd, 000183.133, 300.0
Trd, 000183.200, 279
Trd, 000183.250, 274
Trd, 000184.417, 198
Trd, 000184.600, 197
Trd, 000185.650, 196
Trd, 000185.667, 193
Trd, 000185.917, 191
Trd, 000186.967, 208
Trd, 000187.100, 190
Trd, 000187.283, 176
Trd, 000188.000, 167
Trd, 000188.533, 149
Trd, 000188.617, 152
Trd, 000189.800, 158
Trd, 000190.300, 159
Trd, 000190.550, 160
Trd, 000191.667, 168
Trd, 000191.700, 170
Trd, 000191.900, 167
Trd, 000192.633, 165
Trd, 000193.767, 160
Trd, 000194.067, 165
Trd, 000194.550, 167
Trd, 000194.833, 162
Trd, 000194.983, 177
Trd, 000195.667, 179
Trd, 000196.167, 176
Trd, 000197.950, 176
Trd, 000198.217, 178
Trd, 000198.417, 180
Trd, 000199.083, 168
Trd, 000200.600, 169
Trd, 000200.667, 177
Trd, 000201.183, 177
Trd, 000201.550, 171
Trd, 000202.317, 170
Trd, 000202.550, 170
Trd, 000202.950, 176
Trd, 000203.000, 176
Trd, 000203.017, 177
Trd, 000203.500, 169
Trd, 000203.700, 168
Trd, 000206.333, 169
Trd, 000206.383, 164
Trd, 000206.667, 168
Trd, 000206.783, 167
Trd, 000207.517, 166
Trd, 000207.767, 166
Trd, 000207.983, 163
Trd, 000208.833, 163
Trd, 000209.133, 166
Trd, 000209.300, 160
Trd, 000209.450, 172
Trd, 000209.933, 179
Trd, 000210.617, 178
Trd, 000211.300, 175
Trd, 000212.033, 178
Trd, 000212.117, 179
Trd, 000213.817, 179
Trd, 000214.433, 175
Trd, 000214.567, 180
Trd, 000214.667, 179
Trd, 000214.917, 180
Trd, 000216.583, 179
Trd, 000217.400, 177
Trd, 000217.917, 180
Trd, 000218.250, 181
Trd, 000219.400, 177
Trd, 000219.567, 178
Trd, 000220.000, 169
Trd, 000220.600, 177
Trd, 000220.900, 180
Trd, 000221.033, 181
Trd, 000221.417, 175
Trd, 000221.833, 161
Trd, 000223.033, 179
Trd, 000223.367, 177
Trd, 000223.500, 183
Trd, 000224.650, 184
Trd, 000225.167, 183
Trd, 000226.050, 184
Trd, 000226.850, 178
Trd, 000227.067, 178
Trd, 000227.567, 181
Trd, 000227.683, 180
Trd, 000228.050, 183
Trd, 000228.617, 179
Trd, 000229.000, 178
Trd, 000229.567, 175
Trd, 000229.800, 173
Trd, 000231.100, 175
Trd, 000231.167, 178
Trd, 000232.017, 178
Trd, 000232.050, 178
Trd, 000233.650, 178
Trd, 000235.500, 180
Trd, 000236.150, 179
Trd, 000236.733, 176
Trd, 000237.667, 178
Trd, 000238.233, 179
Trd, 000239.000, 180
Trd, 000239.450, 181
Trd, 000239.800, 181
Trd, 000240.217, 182
Trd, 000240.383, 177
Trd, 000240.417, 176
Trd, 000241.200, 182
Trd, 000241.333, 177
Trd, 000241.450, 176
Trd, 000241.500, 183
Trd, 000241.917, 178
Trd, 000242.217, 177
Trd, 000242.400, 176
Trd, 000242.617, 177
Trd, 000242.733, 175
Trd, 000243.000, 178
Trd, 000243.300, 172
Trd, 000243.783, 179
Trd, 000244.283, 179
Trd, 000244.500, 172
Trd, 000245.467, 172
Trd, 000245.850, 171
Trd, 000246.467, 174
Trd, 000246.633, 173
Trd, 000246.733, 175
Trd, 000246.833, 173
Trd, 000246.967, 192
Trd, 000247.850, 165
Trd, 000248.050, 179
Trd, 000249.300, 178
Trd, 000249.850, 174
Trd, 000250.017, 178
Trd, 000250.433, 174
Trd, 000250.633, 177
Trd, 000250.750, 175
Trd, 000251.100, 178
Trd, 000251.250, 178
Trd, 000251.600, 176
Trd, 000252.233, 179
Trd, 000252.833, 176
Trd, 000253.183, 174
Trd, 000253.300, 177
Trd, 000253.583, 180
Trd, 000254.517, 185
Trd, 000255.317, 180
Trd, 000256.133, 178
Trd, 000256.250, 178
Trd, 000256.500, 179
Trd, 000256.550, 179
Trd, 000256.717, 180
Trd, 000256.733, 181
Trd, 000257.483, 177
Trd, 000257.817, 176
Trd, 000257.950, 177
Trd, 000258.017, 178
Trd, 000258.033, 182
Trd, 000258.300, 188
Trd, 000259.133, 174
Trd, 000259.683, 173
Trd, 000260.183, 175
Trd, 000260.300, 182
Trd, 000260.317, 174
Trd, 000260.650, 166
Trd, 000261.383, 174
Trd, 000261.450, 175
Trd, 000262.250, 177
Trd, 000262.517, 179
Trd, 000262.700, 175
Trd, 000263.550, 177
Trd, 000263.883, 179
Trd, 000265.417, 178
Trd, 000265.700, 177
Trd, 000265.950, 175
Trd, 000266.383, 177
Trd, 000266.583, 176
Trd, 000267.200, 179
Trd, 000267.800, 184
Trd, 000269.383, 181
Trd, 000270.000, 181
Trd, 000270.067, 182
Trd, 000270.517, 181
Trd, 000270.567, 179
Trd, 000270.750, 177
Trd, 000271.233, 180
Trd, 000271.600, 175
Trd, 000271.800, 178
Trd, 000271.817, 178
Trd, 000272.033, 179
Trd, 000273.083, 174
Trd, 000273.317, 180
Trd, 000273.417, 185
Trd, 000273.883, 189
Trd, 000275.067, 179
Trd, 000275.100, 167
Trd, 000275.383, 164
Trd, 000275.483, 165
Trd, 000275.817, 169
Trd, 000276.250, 168
Trd, 000276.700, 170
Trd, 000276.817, 171
Trd, 000277.483, 172
Trd, 000277.533, 173
Trd, 000277.767, 177
Trd, 000278.100, 178
Trd, 000278.150, 171
Trd, 000278.783, 182
Trd, 000279.533, 179
Trd, 000279.667, 186
Trd, 000280.333, 179
Trd, 000280.650, 183
Trd, 000280.967, 190
Trd, 000281.567, 179
Trd, 000281.867, 179
Trd, 000282.600, 178
Trd, 000282.833, 179
Trd, 000282.900, 180
Trd, 000282.967, 177
Trd, 000283.450, 172
Trd, 000283.700, 176
Trd, 000284.800, 168
Trd, 000284.833, 178
Trd, 000285.917, 182
Trd, 000286.450, 186
Trd, 000287.050, 185
Trd, 000288.067, 185
Trd, 000288.183, 183
Trd, 000288.633, 188
Trd, 000288.800, 182
Trd, 000289.400, 187
Trd, 000290.117, 181
Trd, 000290.233, 179
Trd, 000290.650, 179
Trd, 000291.250, 178
Trd, 000291.283, 177
Trd, 000291.350, 173
Trd, 000291.433, 168
Trd, 000292.967, 168
Trd, 000293.883, 174
Trd, 000293.933, 176
Trd, 000294.317, 173
Trd, 000295.467, 175
Trd, 000295.533, 176
Trd, 000295.883, 175
Trd, 000295.983, 177
Trd, 000296.333, 174
Trd, 000296.383, 176
Trd, 000296.483, 178
Trd, 000296.983, 176
Trd, 000297.100, 179
Trd, 000297.783, 178
Trd, 000298.367, 180
Trd, 000298.467, 178
Trd, 000298.600, 177
Trd, 000298.850, 177
Trd, 000299.317, 174
Trd, 000299.483, 190
Trd, 000299.733, 188
