Trd, 000001.067, 168
Trd, 000001.817, 148
Trd, 000002.933, 127
Trd, 000003.383, 120
Trd, 000003.650, 128
Trd, 000003.867, 119
Trd, 000003.950, 129
Trd, 000004.467, 132
Trd, 000004.650, 143
Trd, 000004.783, 172
Trd, 000006.083, 159
Trd, 000006.383, 152
Trd, 000006.883, 155
Trd, 000007.467, 155
Trd, 000007.533, 158
Trd, 000008.767, 155
Trd, 000009.917, 155
Trd, 000010.000, 156
Trd, 000010.500, 155
Trd, 000010.783, 155
Trd, 000011.617, 156
Trd, 000012.050, 154
Trd, 000012.133, 154
Trd, 000013.050, 156
Trd, 000013.833, 150
Trd, 000015.050, 154
Trd, 000015.417, 153
Trd, 000015.633, 154
Trd, 000016.167, 152
Trd, 000017.517, 154
Trd, 000017.533, 151
Trd, 000017.650, 149
Trd, 000017.783, 153
Trd, 000018.533, 150
Trd, 000019.017, 152
Trd, 000019.033, 152
Trd, 000019.267, 151
Trd, 000020.217, 153
Trd, 000020.700, 152
Trd, 000021.400, 152
Trd, 000022.367, 153
Trd, 000022.550, 152
Trd, 000022.617, 150
Trd, 000022.717, 180
Trd, 000023.100, 148
Trd, 000024.117, 155
Trd, 000024.433, 154
Trd, 000024.567, 150
Trd, 000025.383, 152
Trd, 000025.650, 152
Trd, 000026.233, 153
Trd, 000026.250, 150
Trd, 000027.617, 153
Trd, 000029.150, 150
Trd, 000029.333, 151
Trd, 000029.567, 152
Trd, 000030.083, 152
Trd, 000030.233, 147
Trd, 000031.933, 150
Trd, 000032.383, 149
Trd, 000032.433, 148
Trd, 000032.767, 149
Trd, 000033.317, 150
Trd, 000033.833, 175
Trd, 000033.950, 154
Trd, 000034.267, 150
Trd, 000034.367, 151
Trd, 000034.533, 151
Trd, 000035.000, 150
Trd, 000035.433, 148
Trd, 000036.383, 153
Trd, 000036.883, 153
Trd, 000037.267, 154
Trd, 000037.483, 154
Trd, 000037.633, 153
Trd, 000038.033, 156
Trd, 000038.550, 152
Trd, 000039.217, 151
Trd, 000039.383, 158
Trd, 000039.933, 152
Trd, 000039.967, 151
Trd, 000040.633, 157
Trd, 000041.417, 158
Trd, 000041.650, 150
Trd, 000041.933, 150
Trd, 000042.750, 158
Trd, 000044.117, 156
Trd, 000044.567, 156
Trd, 000044.983, 155
Trd, 000045.367, 156
Trd, 000045.550, 156
Trd, 000045.800, 153
Trd, 000046.000, 151
Trd, 000046.267, 147
Trd, 000046.417, 159
Trd, 000047.633, 170
Trd, 000047.900, 169
Trd, 000049.350, 168
Trd, 000049.533, 181
Trd, 000049.967, 167
Trd, 000050.500, 176
Trd, 000050.550, 175
Trd, 000050.667, 164
Trd, 000050.783, 170
Trd, 000051.450, 165
Trd, 000051.700, 165
Trd, 000051.950, 164
Trd, 000052.217, 170
Trd, 000052.850, 163
Trd, 000053.150, 170
Trd, 000053.417, 157
Trd, 000054.000, 156
Trd, 000055.617, 163
Trd, 000055.667, 164
Trd, 000056.350, 171
Trd, 000056.483, 166
Trd, 000057.750, 162
Trd, 000057.983, 161
Trd, 000059.317, 154
Trd, 000059.533, 153
Trd, 000059.967, 154
Trd, 000060.000, 150
Trd, 000060.383, 150
Trd, 000060.583, 157
Trd, 000061.200, 157
Trd, 000061.750, 161
Trd, 000062.017, 152
Trd, 000064.133, 157
Trd, 000064.167, 158
Trd, 000064.350, 157
Trd, 000064.367, 178
Trd, 000064.900, 159
Trd, 000065.133, 160
Trd, 000065.150, 156
Trd, 000065.833, 161
Trd, 000066.183, 157
Trd, 000067.000, 159
Trd, 000067.083, 160
Trd, 000067.633, 159
Trd, 000067.650, 157
Trd, 000067.783, 158
Trd, 000067.850, 156
Trd, 000068.933, 173
Trd, 000069.083, 175
Trd, 000069.233, 172
Trd, 000069.633, 167
Trd, 000069.850, 172
Trd, 000070.017, 177
Trd, 000070.200, 165
Trd, 000070.483, 154
Trd, 000072.067, 154
Trd, 000072.483, 157
Trd, 000074.633, 160
Trd, 000075.183, 160
Trd, 000075.467, 162
Trd, 000075.717, 159
Trd, 000076.233, 160
Trd, 000076.283, 159
Trd, 000076.767, 180
Trd, 000078.400, 164
Trd, 000078.783, 157
Trd, 000079.067, 163
Trd, 000079.117, 165
Trd, 000079.367, 158
Trd, 000080.400, 159
Trd, 000080.533, 158
Trd, 000080.633, 159
Trd, 000080.800, 158
Trd, 000080.917, 160
Trd, 000081.317, 155
Trd, 000081.950, 156
Trd, 000083.617, 156
Trd, 000084.100, 160
Trd, 000084.333, 151
Trd, 000085.283, 149
Trd, 000085.633, 159
Trd, 000086.133, 150
Trd, 000086.517, 156
Trd, 000086.900, 154
Trd, 000087.067, 153
Trd, 000087.117, 151
Trd, 000088.267, 153
Trd, 000088.317, 154
Trd, 000088.933, 153
Trd, 000089.533, 156
Trd, 000089.600, 157
Trd, 000089.917, 161
Trd, 000090.100, 157
Trd, 000090.850, 159
Trd, 000091.400, 158
Trd, 000091.667, 161
Trd, 000091.933, 164
Trd, 000092.017, 154
Trd, 000092.533, 166
Trd, 000092.783, 165
Trd, 000093.717, 164
Trd, 000094.350, 163
Trd, 000094.650, 165
Trd, 000095.117, 161
Trd, 000095.617, 165
Trd, 000095.917, 165
Trd, 000096.700, 165
Trd, 000097.383, 165
Trd, 000097.617, 161
Trd, 000097.900, 165
Trd, 000098.067, 166
Trd, 000098.517, 166
Trd, 000100.067, 164
Trd, 000100.250, 163
Trd, 000101.167, 161
Trd, 000101.250, 157
Trd, 000102.117, 156
Trd, 000103.450, 156
Trd, 000103.550, 158
Trd, 000104.300, 158
Trd, 000105.483, 157
Trd, 000105.767, 158
Trd, 000106.133, 157
Trd, 000106.667, 159
Trd, 000106.967, 161
Trd, 000107.050, 166
Trd, 000107.250, 161
Trd, 000107.800, 160
Trd, 000108.033, 161
Trd, 000108.600, 160
Trd, 000109.217, 154
Trd, 000109.367, 160
Trd, 000109.400, 154
Trd, 000109.683, 166
Trd, 000110.367, 166
Trd, 000111.883, 161
Trd, 000112.250, 162
Trd, 000112.600, 164
Trd, 000113.217, 166
Trd, 000113.367, 162
Trd, 000113.533, 161
Trd, 000114.283, 158
Trd, 000114.367, 163
Trd, 000115.417, 163
Trd, 000115.483, 160
Trd, 000116.300, 162
Trd, 000116.667, 162
Trd, 000117.317, 163
Trd, 000117.783, 163
Trd, 000117.900, 162
Trd, 000118.300, 154
Trd, 000119.850, 158
Trd, 000119.900, 149
Trd, 000120.083, 157
Trd, 000120.433, 159
Trd, 000120.467, 160
Trd, 000121.433, 160
Trd, 000121.867, 162
Trd, 000122.033, 162
Trd, 000122.800, 163
Trd, 000122.900, 195
Trd, 000123.267, 205
Trd, 000123.600, 239
Trd, 000124.167, 306.0
Trd, 000124.617, 230
Trd, 000124.767, 341
Trd, 000125.017, 320.0
Trd, 000125.550, 310
Trd, 000125.600, 341
Trd, 000125.950, 340
Trd, 000127.500, 335
Trd, 000128.333, 335
Trd, 000128.383, 343
Trd, 000129.317, 348.0
Trd, 000129.617, 340
Trd, 000129.717, 355.0
Trd, 000130.517, 351
Trd, 000131.933, 351
Trd, 000133.467, 344
Trd, 000133.517, 350
Trd, 000133.850, 353
Trd, 000133.867, 346
Trd, 000134.217, 345
Trd, 000134.233, 344
Trd, 000134.517, 351
Trd, 000134.683, 361
Trd, 000135.850, 355
Trd, 000136.400, 359
Trd, 000136.767, 358
Trd, 000137.017, 354
Trd, 000137.300, 352
Trd, 000138.050, 350
Trd, 000139.033, 352.0
Trd, 000139.100, 353.0
Trd, 000139.250, 350
Trd, 000140.117, 343
Trd, 000140.367, 350
Trd, 000141.867, 347
Trd, 000141.917, 351
Trd, 000142.683, 346
Trd, 000142.800, 348.0
Trd, 000143.017, 347
Trd, 000143.217, 346
Trd, 000143.283, 346
Trd, 000144.133, 346
Trd, 000144.350, 346
Trd, 000144.667, 344
Trd, 000146.683, 339
Trd, 000146.717, 340
Trd, 000146.867, 334
Trd, 000146.900, 327.0
Trd, 000147.417, 337
Trd, 000147.817, 341
Trd, 000149.167, 337
Trd, 000149.567, 340
Trd, 000150.450, 346.0
Trd, 000151.067, 346
Trd, 000151.283, 346
Trd, 000152.550, 347
Trd, 000153.033, 347
Trd, 000153.967, 348.0
Trd, 000154.017, 347
Trd, 000155.467, 344
Trd, 000155.483, 350
Trd, 000155.617, 351
Trd, 000155.733, 344
Trd, 000156.500, 355
Trd, 000156.567, 343
Trd, 000157.167, 342
Trd, 000157.300, 348.0
Trd, 000157.717, 342
Trd, 000159.450, 345.0
Trd, 000159.717, 345.0
Trd, 000159.817, 345
Trd, 000160.150, 344
Trd, 000160.233, 348.0
Trd, 000160.800, 348
Trd, 000162.567, 344
Trd, 000162.750, 343
Trd, 000163.600, 344
Trd, 000163.717, 347
Trd, 000164.633, 343
Trd, 000164.700, 348.0
Trd, 000165.317, 346
Trd, 000165.400, 347
Trd, 000165.567, 348
Trd, 000165.900, 352
Trd, 000166.667, 354.0
Trd, 000167.017, 350
Trd, 000168.583, 351
Trd, 000168.650, 345
Trd, 000169.283, 347
Trd, 000169.300, 348.0
Trd, 000169.467, 347
Trd, 000169.633, 372.0
Trd, 000170.700, 348
Trd, 000171.400, 355
Trd, 000171.750, 357
Trd, 000172.633, 351
Trd, 000173.150, 351.0
Trd, 000173.467, 349
Trd, 000173.867, 355.0
Trd, 000174.700, 352
Trd, 000175.350, 354
Trd, 000175.633, 360
Trd, 000175.667, 353
Trd, 000175.800, 351.0
Trd, 000176.100, 358
Trd, 000176.850, 356
Trd, 000177.017, 347
Trd, 000177.367, 343
Trd, 000177.700, 327.0
Trd, 000178.750, 347
Trd, 000179.233, 350
Trd, 000179.833, 347
Trd, 000179.850, 348.0
Trd, 000180.017, 346
Trd, 000180.033, 345
Trd, 000180.283, 352
Trd, 000180.933, 350
Trd, 000181.233, 347
Trd, 000181.700, 344
Trd, 000181.983, 341
Trd, 000182.333, 350
Trd, 000182.367, 327.0
Trd, 000182.550, 320.0
Trd, 000183.083, 303
Trd, 000183.317, 286
Trd, 000183.417, 242
Trd, 000184.017, 211
Trd, 000184.700, 189
Trd, 000185.000, 189
Trd, 000185.033, 183
Trd, 000185.267, 180
Trd, 000186.033, 169
Trd, 000186.167, 182
Trd, 000186.433, 190
Trd, 000187.433, 182
Trd, 000187.517, 180
Trd, 000188.233, 211
Trd, 000188.867, 181
Trd, 000189.417, 172
Trd, 000189.717, 170
Trd, 000189.867, 181
Trd, 000190.550, 178
Trd, 000191.167, 167
Trd, 000191.583, 171
Trd, 000191.767, 165
Trd, 000191.900, 161
Trd, 000192.283, 171
Trd, 000192.617, 169
Trd, 000193.500, 171
Trd, 000193.583, 176
Trd, 000194.583, 175
Trd, 000194.750, 177
Trd, 000195.017, 173
Trd, 000195.683, 175
Trd, 000196.167, 174
Trd, 000197.067, 174
Trd, 000197.283, 173
Trd, 000197.367, 175
Trd, 000199.067, 171
Trd, 000199.400, 175
Trd, 000199.467, 175
Trd, 000199.783, 174
Trd, 000200.133, 173
Trd, 000200.750, 170
Trd, 000200.850, 175
Trd, 000200.967, 166
Trd, 000201.017, 175
Trd, 000201.050, 163
Trd, 000201.650, 176
Trd, 000202.350, 190
Trd, 000202.450, 187
Trd, 000203.100, 178
Trd, 000203.233, 172
Trd, 000203.500, 181
Trd, 000204.767, 177
Trd, 000205.500, 178
Trd, 000205.917, 178
Trd, 000205.967, 182
Trd, 000206.867, 181
Trd, 000207.783, 182
Trd, 000207.833, 178
Trd, 000208.167, 177
Trd, 000208.233, 182
Trd, 000208.417, 172
Trd, 000209.000, 167
Trd, 000209.633, 186
Trd, 000210.183, 183
Trd, 000211.017, 188
Trd, 000211.133, 186
Trd, 000212.167, 169
Trd, 000212.500, 185
Trd, 000214.250, 180
Trd, 000214.717, 179
Trd, 000214.933, 181
Trd, 000215.133, 173
Trd, 000215.367, 179
Trd, 000215.583, 172
Trd, 000216.100, 167
Trd, 000216.850, 167
Trd, 000217.700, 173
Trd, 000217.733, 168
Trd, 000218.800, 173
Trd, 000218.933, 173
Trd, 000219.600, 172
Trd, 000220.267, 173
Trd, 000220.883, 173
Trd, 000220.900, 174
Trd, 000221.233, 172
Trd, 000222.150, 174
Trd, 000222.600, 174
Trd, 000222.633, 177
Trd, 000222.933, 173
Trd, 000223.717, 172
Trd, 000224.033, 173
Trd, 000224.617, 177
Trd, 000225.300, 173
Trd, 000225.383, 177
Trd, 000225.550, 179
Trd, 000225.700, 173
Trd, 000226.383, 174
Trd, 000226.900, 173
Trd, 000228.533, 174
Trd, 000228.933, 175
Trd, 000228.950, 174
Trd, 000229.533, 173
Trd, 000229.650, 175
Trd, 000229.850, 173
Trd, 000230.217, 174
Trd, 000231.633, 171
Trd, 000232.000, 171
Trd, 000232.200, 171
Trd, 000232.467, 172
Trd, 000233.050, 171
Trd, 000233.283, 172
Trd, 000233.817, 170
Trd, 000234.267, 171
Trd, 000234.433, 167
Trd, 000234.733, 174
Trd, 000235.417, 172
Trd, 000236.450, 170
Trd, 000236.617, 170
Trd, 000236.933, 168
Trd, 000237.800, 171
Trd, 000237.883, 172
Trd, 000238.417, 172
Trd, 000238.883, 171
Trd, 000239.633, 172
Trd, 000239.683, 170
Trd, 000240.067, 172
Trd, 000240.583, 167
Trd, 000241.000, 169
Trd, 000241.867, 165
Trd, 000241.933, 167
Trd, 000242.383, 166
Trd, 000242.983, 168
Trd, 000244.817, 167
Trd, 000245.117, 166
Trd, 000245.517, 166
Trd, 000245.850, 168
Trd, 000246.117, 168
Trd, 000246.133, 168
Trd, 000246.300, 172
Trd, 000246.933, 172
Trd, 000247.767, 171
Trd, 000248.667, 172
Trd, 000249.067, 172
Trd, 000249.583, 173
Trd, 000250.767, 171
Trd, 000251.100, 171
Trd, 000251.150, 173
Trd, 000251.750, 172
Trd, 000251.917, 171
Trd, 000252.383, 173
Trd, 000252.800, 171
Trd, 000253.433, 170
Trd, 000254.483, 168
Trd, 000254.667, 169
Trd, 000255.350, 172
Trd, 000256.000, 173
Trd, 000256.183, 176
Trd, 000256.383, 174
Trd, 000257.117, 175
Trd, 000257.200, 174
Trd, 000257.650, 180
Trd, 000258.167, 175
Trd, 000258.267, 174
Trd, 000259.050, 179
Trd, 000259.550, 188
Trd, 000259.700, 178
Trd, 000259.917, 182
Trd, 000260.533, 192
Trd, 000260.567, 178
Trd, 000260.600, 177
Trd, 000261.467, 183
Trd, 000261.600, 187
Trd, 000262.800, 177
Trd, 000263.667, 175
Trd, 000264.117, 178
Trd, 000264.133, 179
Trd, 000264.283, 179
Trd, 000264.367, 173
Trd, 000265.333, 170
Trd, 000265.550, 174
Trd, 000265.583, 178
Trd, 000266.833, 172
Trd, 000266.933, 171
Trd, 000267.267, 174
Trd, 000267.617, 178
Trd, 000268.333, 175
Trd, 000268.833, 172
Trd, 000269.200, 182
Trd, 000269.283, 187
Trd, 000270.067, 175
Trd, 000270.217, 178
Trd, 000270.500, 179
Trd, 000270.650, 176
Trd, 000271.317, 176
Trd, 000271.783, 176
Trd, 000272.033, 174
Trd, 000272.417, 171
Trd, 000272.583, 173
Trd, 000273.133, 175
Trd, 000274.017, 178
Trd, 000274.433, 187
Trd, 000274.550, 189
Trd, 000275.500, 182
Trd, 000276.183, 181
Trd, 000276.367, 180
Trd, 000276.600, 182
Trd, 000276.717, 182
Trd, 000277.217, 181
Trd, 000277.683, 182
Trd, 000277.850, 178
Trd, 000279.567, 183
Trd, 000279.800, 182
Trd, 000280.133, 179
Trd, 000281.200, 184
Trd, 000281.267, 179
Trd, 000281.900, 179
Trd, 000282.150, 178
Trd, 000282.317, 182
Trd, 000283.117, 186
Trd, 000283.617, 175
Trd, 000283.717, 190
Trd, 000283.933, 174
Trd, 000284.333, 174
Trd, 000285.100, 182
Trd, 000285.450, 173
Trd, 000285.633, 174
Trd, 000286.033, 173
Trd, 000287.517, 177
Trd, 000287.867, 174
Trd, 000288.717, 176
Trd, 000289.433, 171
Trd, 000289.750, 174
Trd, 000289.933, 173
Trd, 000290.050, 171
Trd, 000290.150, 174
Trd, 000291.133, 178
Trd, 000291.500, 180
Trd, 000291.683, 173
Trd, 000292.000, 178
Trd, 000292.967, 177
Trd, 000293.467, 179
Trd, 000293.733, 180
Trd, 000294.817, 176
Trd, 000295.050, 176
Trd, 000295.183, 191
Trd, 000295.667, 177
Trd, 000296.217, 179
Trd, 000296.700, 182
Trd, 000296.800, 178
Trd, 000297.383, 180
Trd, 000297.750, 178
Trd, 000298.300, 179
Trd, 000299.817, 178
