Trd, 000003.317, 121
Trd, 000003.450, 120
Trd, 000004.133, 141
Trd, 000004.183, 134
Trd, 000004.533, 154
Trd, 000005.083, 155
Trd, 000005.250, 159
Trd, 000006.067, 133
Trd, 000006.267, 132
Trd, 000006.333, 140
Trd, 000007.717, 142
Trd, 000008.783, 145
Trd, 000008.967, 166
Trd, 000009.733, 145
Trd, 000009.800, 164
Trd, 000010.567, 156
Trd, 000011.000, 149
Trd, 000011.717, 152
Trd, 000011.850, 163
Trd, 000012.000, 147
Trd, 000012.017, 143
Trd, 000012.050, 142
Trd, 000012.717, 130
Trd, 000014.000, 149
Trd, 000014.683, 151
Trd, 000016.000, 147
Trd, 000016.433, 155
Trd, 000016.500, 164
Trd, 000017.100, 142
Trd, 000018.583, 137
Trd, 000019.100, 133
Trd, 000019.767, 139
Trd, 000020.400, 138
Trd, 000021.333, 136
Trd, 000021.533, 136
Trd, 000021.567, 134
Trd, 000021.633, 157
Trd, 000021.983, 133
Trd, 000022.400, 139
Trd, 000022.917, 164
Trd, 000023.300, 152
Trd, 000023.783, 167
Trd, 000024.217, 173
Trd, 000025.150, 153
Trd, 000025.483, 161
Trd, 000026.567, 175
Trd, 000026.767, 177
Trd, 000027.167, 169
Trd, 000027.850, 158
Trd, 000028.700, 148
Trd, 000029.933, 148
Trd, 000029.983, 158
Trd, 000030.067, 175
Trd, 000030.700, 162
Trd, 000031.300, 160
Trd, 000031.967, 150
Trd, 000032.967, 148
Trd, 000034.733, 148
Trd, 000035.750, 153
Trd, 000035.800, 153
Trd, 000036.167, 153
Trd, 000037.817, 154
Trd, 000038.183, 151
Trd, 000038.233, 154
Trd, 000038.633, 159
Trd, 000039.117, 151
Trd, 000039.683, 151
Trd, 000040.233, 165
Trd, 000040.950, 159
Trd, 000041.900, 151
Trd, 000042.133, 157
Trd, 000042.450, 157
Trd, 000042.517, 158
Trd, 000042.667, 166
Trd, 000042.917, 169
Trd, 000044.150, 153
Trd, 000045.267, 156
Trd, 000045.517, 153
Trd, 000046.700, 154
Trd, 000047.483, 159
Trd, 000048.500, 156
Trd, 000048.617, 141
Trd, 000049.683, 148
Trd, 000049.950, 150
Trd, 000050.200, 157
Trd, 000051.417, 153
Trd, 000051.850, 153
Trd, 000052.167, 160
Trd, 000053.800, 146
Trd, 000055.367, 152
Trd, 000055.400, 157
Trd, 000055.433, 159
Trd, 000055.483, 160
Trd, 000055.750, 150
Trd, 000055.800, 170
Trd, 000056.650, 149
Trd, 000056.667, 172
Trd, 000057.133, 167
Trd, 000057.733, 142
Trd, 000058.067, 140
Trd, 000059.267, 149
Trd, 000059.483, 137
Trd, 000059.967, 156
Trd, 000060.483, 158
Trd, 000061.617, 142
Trd, 000061.783, 138
Trd, 000061.933, 151
Trd, 000062.400, 137
Trd, 000063.083, 156
Trd, 000063.583, 160
Trd, 000064.933, 161
Trd, 000065.233, 159
Trd, 000065.600, 159
Trd, 000066.000, 173
Trd, 000067.033, 157
Trd, 000068.350, 156
Trd, 000069.817, 160
Trd, 000070.167, 159
Trd, 000070.583, 166
Trd, 000071.083, 168
Trd, 000071.200, 170
Trd, 000071.250, 166
Trd, 000071.350, 165
Trd, 000071.850, 162
Trd, 000072.550, 158
Trd, 000072.867, 162
Trd, 000073.333, 172
Trd, 000075.250, 155
Trd, 000075.800, 154
Trd, 000075.817, 165
Trd, 000077.400, 172
Trd, 000077.600, 152
Trd, 000078.567, 151
Trd, 000078.700, 163
Trd, 000079.500, 150
Trd, 000079.783, 161
Trd, 000080.267, 150
Trd, 000080.400, 150
Trd, 000080.483, 159
Trd, 000081.033, 162
Trd, 000082.283, 162
Trd, 000082.683, 154
Trd, 000083.583, 163
Trd, 000084.267, 173
Trd, 000084.483, 174
Trd, 000085.183, 156
Trd, 000085.383, 164
Trd, 000086.150, 155
Trd, 000086.300, 149
Trd, 000087.183, 162
Trd, 000088.767, 155
Trd, 000088.983, 160
Trd, 000090.333, 161
Trd, 000090.367, 162
Trd, 000090.767, 159
Trd, 000091.167, 159
Trd, 000091.217, 158
Trd, 000092.617, 155
Trd, 000093.717, 140
Trd, 000093.767, 163
Trd, 000094.300, 163
Trd, 000094.367, 152
Trd, 000094.850, 166
Trd, 000095.117, 164
Trd, 000096.033, 171
Trd, 000096.183, 174
Trd, 000096.217, 154
Trd, 000096.717, 184
Trd, 000096.933, 150
Trd, 000097.250, 164
Trd, 000098.183, 165
Trd, 000098.867, 151
Trd, 000099.517, 165
Trd, 000100.967, 159
Trd, 000101.800, 161
Trd, 000102.917, 164
Trd, 000102.950, 164
Trd, 000103.017, 164
Trd, 000103.417, 161
Trd, 000104.867, 171
Trd, 000105.150, 160
Trd, 000105.583, 172
Trd, 000105.800, 175
Trd, 000105.933, 157
Trd, 000106.417, 173
Trd, 000106.950, 152
Trd, 000107.550, 179
Trd, 000107.733, 182
Trd, 000108.500, 164
Trd, 000108.767, 166
Trd, 000109.367, 173
Trd, 000109.717, 175
Trd, 000110.867, 185
Trd, 000112.000, 157
Trd, 000112.117, 173
Trd, 000112.133, 166
Trd, 000113.150, 166
Trd, 000115.067, 163
Trd, 000115.217, 162
Trd, 000115.333, 170
Trd, 000115.667, 173
Trd, 000115.950, 175
Trd, 000116.017, 162
Trd, 000117.300, 161
Trd, 000117.950, 158
Trd, 000118.017, 168
Trd, 000119.283, 167
Trd, 000119.983, 165
Trd, 000120.200, 157
Trd, 000120.817, 163
Trd, 000121.717, 164
Trd, 000122.633, 171
Trd, 000123.317, 177
Trd, 000123.450, 184
Trd, 000123.700, 186
Trd, 000124.000, 199
Trd, 000124.400, 200
Trd, 000124.867, 300.0
Trd, 000124.950, 306.0
Trd, 000125.100, 310.0
Trd, 000126.300, 351.0
Trd, 000126.467, 341.0
Trd, 000127.033, 331
Trd, 000128.417, 340
Trd, 000128.950, 337
Trd, 000129.583, 340
Trd, 000129.600, 339
Trd, 000130.200, 341.0
Trd, 000130.783, 353.0
Trd, 000131.350, 354.0
Trd, 000131.533, 350
Trd, 000133.400, 355.0
Trd, 000133.650, 347
Trd, 000133.767, 362
Trd, 000134.200, 365.0
Trd, 000134.900, 349
Trd, 000135.533, 347
Trd, 000135.983, 345
Trd, 000136.967, 344
Trd, 000137.350, 344
Trd, 000137.367, 355
Trd, 000137.733, 356
Trd, 000137.750, 367
Trd, 000140.450, 347
Trd, 000140.967, 354.0
Trd, 000141.133, 344
Trd, 000141.150, 354
Trd, 000141.950, 354.0
Trd, 000141.983, 346
Trd, 000143.000, 355.0
Trd, 000143.367, 348
Trd, 000143.600, 363
Trd, 000144.050, 365.0
Trd, 000144.433, 364
Trd, 000144.850, 347
Trd, 000145.000, 347
Trd, 000145.433, 368
Trd, 000146.083, 354.0
Trd, 000146.533, 355.0
Trd, 000147.150, 341.0
Trd, 000148.333, 331.0
Trd, 000149.017, 331
Trd, 000149.317, 334
Trd, 000152.250, 336.0
Trd, 000152.450, 341.0
Trd, 000152.467, 343
Trd, 000154.200, 338.0
Trd, 000155.200, 339
Trd, 000156.367, 340
Trd, 000156.433, 341.0
Trd, 000157.467, 339.0
Trd, 000157.850, 341
Trd, 000158.833, 340
Trd, 000159.133, 340
Trd, 000159.767, 354.0
Trd, 000160.000, 355.0
Trd, 000160.017, 372.0
Trd, 000160.083, 339
Trd, 000162.350, 340.0
Trd, 000162.483, 339
Trd, 000162.883, 341.0
Trd, 000163.333, 337.0
Trd, 000163.700, 344
Trd, 000163.867, 355.0
Trd, 000164.400, 342.0
Trd, 000164.583, 341.0
Trd, 000168.167, 341
Trd, 000168.833, 339
Trd, 000168.983, 336
Trd, 000169.117, 349
Trd, 000169.700, 347
Trd, 000170.117, 348
Trd, 000171.000, 354.0
Trd, 000171.317, 350
Trd, 000171.367, 355.0
Trd, 000171.683, 364
Trd, 000172.917, 367
Trd, 000173.717, 353
Trd, 000174.583, 354.0
Trd, 000175.550, 356
Trd, 000176.433, 349
Trd, 000176.550, 355.0
Trd, 000176.800, 355
Trd, 000176.833, 347
Trd, 000177.517, 351
Trd, 000178.750, 348
Trd, 000180.017, 346
Trd, 000180.633, 345
Trd, 000181.000, 344
Trd, 000181.733, 341.0
Trd, 000182.117, 331.0
Trd, 000182.133, 327
Trd, 000182.350, 333
Trd, 000182.383, 332
Trd, 000183.317, 326
Trd, 000183.600, 316
Trd, 000183.900, 313.0
Trd, 000184.633, 306.0
Trd, 000185.000, 213
Trd, 000185.233, 198
Trd, 000185.833, 197
Trd, 000186.000, 193
Trd, 000186.633, 196
Trd, 000187.783, 180
Trd, 000187.867, 195
Trd, 000188.033, 176
Trd, 000188.200, 176
Trd, 000189.167, 174
Trd, 000189.200, 173
Trd, 000189.250, 184
Trd, 000190.233, 190
Trd, 000190.633, 186
Trd, 000190.650, 171
Trd, 000192.350, 182
Trd, 000192.633, 183
Trd, 000192.867, 183
Trd, 000193.317, 175
Trd, 000193.883, 171
Trd, 000195.100, 174
Trd, 000196.017, 175
Trd, 000196.100, 172
Trd, 000196.167, 176
Trd, 000198.033, 170
Trd, 000199.700, 194
Trd, 000200.150, 175
Trd, 000200.517, 174
Trd, 000200.600, 174
Trd, 000200.800, 172
Trd, 000201.050, 175
Trd, 000201.533, 171
Trd, 000203.033, 170
Trd, 000203.283, 176
Trd, 000203.650, 183
Trd, 000203.750, 185
Trd, 000204.833, 164
Trd, 000205.133, 162
Trd, 000205.517, 160
Trd, 000207.117, 158
Trd, 000208.433, 171
Trd, 000208.500, 161
Trd, 000208.633, 170
Trd, 000209.233, 159
Trd, 000210.767, 168
Trd, 000211.417, 169
Trd, 000211.850, 175
Trd, 000212.100, 163
Trd, 000212.783, 162
Trd, 000214.300, 170
Trd, 000214.417, 170
Trd, 000215.283, 176
Trd, 000216.000, 170
Trd, 000217.617, 173
Trd, 000218.333, 171
Trd, 000218.600, 172
Trd, 000219.183, 171
Trd, 000220.533, 171
Trd, 000220.983, 177
Trd, 000221.333, 173
Trd, 000221.767, 172
Trd, 000221.817, 184
Trd, 000223.417, 174
Trd, 000223.567, 176
Trd, 000223.750, 172
Trd, 000223.850, 176
Trd, 000223.900, 187
Trd, 000224.250, 187
Trd, 000224.933, 173
Trd, 000225.517, 185
Trd, 000226.333, 186
Trd, 000226.367, 173
Trd, 000226.950, 178
Trd, 000228.100, 169
Trd, 000228.450, 167
Trd, 000229.450, 166
Trd, 000229.583, 188
Trd, 000229.633, 190
Trd, 000230.033, 169
Trd, 000231.500, 173
Trd, 000231.750, 176
Trd, 000231.783, 177
Trd, 000234.267, 177
Trd, 000234.450, 184
Trd, 000235.500, 173
Trd, 000235.733, 172
Trd, 000236.367, 178
Trd, 000236.817, 178
Trd, 000237.650, 171
Trd, 000237.750, 170
Trd, 000238.183, 182
Trd, 000240.033, 179
Trd, 000240.183, 179
Trd, 000240.250, 186
Trd, 000240.317, 189
Trd, 000240.350, 178
Trd, 000240.767, 185
Trd, 000241.750, 176
Trd, 000241.967, 175
Trd, 000242.133, 177
Trd, 000242.700, 176
Trd, 000243.033, 174
Trd, 000243.067, 177
Trd, 000243.200, 172
Trd, 000244.283, 171
Trd, 000244.350, 168
Trd, 000244.783, 170
Trd, 000245.350, 170
Trd, 000245.617, 169
Trd, 000246.083, 176
Trd, 000246.200, 179
Trd, 000246.367, 168
Trd, 000248.583, 174
Trd, 000248.650, 172
Trd, 000248.733, 175
Trd, 000248.867, 165
Trd, 000249.817, 174
Trd, 000250.150, 161
Trd, 000250.250, 163
Trd, 000250.417, 172
Trd, 000250.550, 175
Trd, 000251.133, 174
Trd, 000251.250, 172
Trd, 000251.617, 175
Trd, 000252.167, 172
Trd, 000252.467, 172
Trd, 000252.500, 176
Trd, 000252.800, 180
Trd, 000252.933, 187
Trd, 000253.167, 173
Trd, 000255.717, 168
Trd, 000255.900, 169
Trd, 000255.933, 172
Trd, 000256.250, 171
Trd, 000256.500, 169
Trd, 000256.683, 168
Trd, 000256.950, 170
Trd, 000257.667, 165
Trd, 000257.750, 156
Trd, 000258.400, 168
Trd, 000258.867, 155
Trd, 000259.700, 168
Trd, 000260.067, 170
Trd, 000260.667, 168
Trd, 000261.033, 170
Trd, 000261.133, 171
Trd, 000261.917, 173
Trd, 000262.100, 177
Trd, 000262.300, 174
Trd, 000263.083, 181
Trd, 000264.483, 180
Trd, 000264.633, 180
Trd, 000264.783, 181
Trd, 000265.100, 180
Trd, 000265.567, 182
Trd, 000265.867, 178
Trd, 000266.067, 175
Trd, 000266.417, 173
Trd, 000266.583, 177
Trd, 000267.650, 179
Trd, 000267.683, 176
Trd, 000268.483, 173
Trd, 000269.033, 170
Trd, 000269.100, 181
Trd, 000269.833, 181
Trd, 000270.767, 176
Trd, 000270.933, 178
Trd, 000271.133, 176
Trd, 000271.633, 179
Trd, 000272.200, 178
Trd, 000272.550, 175
Trd, 000273.200, 173
Trd, 000274.267, 178
Trd, 000274.317, 176
Trd, 000274.600, 173
Trd, 000275.350, 178
Trd, 000275.467, 177
Trd, 000275.867, 178
Trd, 000276.133, 172
Trd, 000276.517, 173
Trd, 000277.017, 178
Trd, 000277.283, 177
Trd, 000277.733, 179
Trd, 000278.333, 180
Trd, 000279.267, 175
Trd, 000279.450, 168
Trd, 000279.467, 180
Trd, 000279.683, 165
Trd, 000279.733, 182
Trd, 000280.000, 163
Trd, 000280.283, 163
Trd, 000280.350, 169
Trd, 000280.700, 170
Trd, 000281.000, 171
Trd, 000281.417, 171
Trd, 000281.750, 172
Trd, 000282.517, 173
Trd, 000282.550, 168
Trd, 000283.233, 176
Trd, 000283.817, 177
Trd, 000284.367, 179
Trd, 000284.933, 172
Trd, 000284.983, 183
Trd, 000285.283, 193
Trd, 000285.467, 182
Trd, 000286.233, 173
Trd, 000286.750, 181
Trd, 000286.950, 184
Trd, 000287.200, 172
Trd, 000287.600, 170
Trd, 000288.000, 157
Trd, 000288.300, 160
Trd, 000288.783, 156
Trd, 000289.667, 164
Trd, 000289.800, 164
Trd, 000289.883, 164
Trd, 000290.167, 165
Trd, 000290.317, 170
Trd, 000290.600, 166
Trd, 000290.650, 173
Trd, 000290.917, 161
Trd, 000292.183, 180
Trd, 000292.533, 184
Trd, 000292.650, 180
Trd, 000293.200, 180
Trd, 000293.483, 179
Trd, 000293.783, 194
Trd, 000293.883, 194
Trd, 000294.267, 177
Trd, 000294.900, 180
Trd, 000294.917, 201
Trd, 000295.267, 176
Trd, 000295.867, 167
Trd, 000296.050, 171
Trd, 000296.550, 173
Trd, 000296.617, 175
Trd, 000297.583, 175
Trd, 000298.317, 173
Trd, 000298.450, 155
Trd, 000299.200, 171
