Trd, 000002.050, 193
Trd, 000002.133, 134
Trd, 000002.617, 189
Trd, 000003.317, 196
Trd, 000003.350, 164
Trd, 000003.750, 148
Trd, 000004.950, 133
Trd, 000005.250, 165
Trd, 000005.833, 148
Trd, 000006.850, 152
Trd, 000007.550, 133
Trd, 000008.083, 147
Trd, 000008.317, 122
Trd, 000008.933, 148
Trd, 000010.000, 139
Trd, 000010.017, 144
Trd, 000010.383, 139
Trd, 000011.083, 139
Trd, 000011.417, 144
Trd, 000011.650, 145
Trd, 000011.950, 146
Trd, 000012.217, 149
Trd, 000013.900, 141
Trd, 000014.017, 141
Trd, 000015.050, 168
Trd, 000015.133, 155
Trd, 000016.367, 150
Trd, 000016.417, 148
Trd, 000016.650, 152
Trd, 000016.767, 154
Trd, 000016.833, 141
Trd, 000017.267, 141
Trd, 000017.333, 119
Trd, 000018.333, 141
Trd, 000019.050, 143
Trd, 000019.183, 148
Trd, 000019.267, 149
Trd, 000019.683, 155
Trd, 000019.950, 167
Trd, 000019.967, 146
Trd, 000020.533, 147
Trd, 000020.700, 153
Trd, 000021.367, 156
Trd, 000021.550, 184
Trd, 000023.150, 167
Trd, 000023.667, 168
Trd, 000024.667, 167
Trd, 000024.967, 166
Trd, 000025.050, 168
Trd, 000025.333, 164
Trd, 000025.417, 163
Trd, 000026.267, 170
Trd, 000026.300, 173
Trd, 000027.017, 170
Trd, 000027.267, 165
Trd, 000027.400, 170
Trd, 000027.800, 168
Trd, 000028.267, 168
Trd, 000029.050, 165
Trd, 000029.350, 170
Trd, 000029.617, 164
Trd, 000030.217, 164
Trd, 000030.550, 146
Trd, 000030.767, 158
Trd, 000031.483, 159
Trd, 000032.717, 161
Trd, 000032.983, 161
Trd, 000033.050, 168
Trd, 000033.450, 160
Trd, 000033.867, 157
Trd, 000034.583, 164
Trd, 000035.483, 158
Trd, 000035.900, 159
Trd, 000036.750, 158
Trd, 000037.433, 159
Trd, 000037.750, 145
Trd, 000038.417, 153
Trd, 000039.233, 153
Trd, 000039.450, 152
Trd, 000039.617, 156
Trd, 000039.867, 152
Trd, 000040.083, 151
Trd, 000040.833, 147
Trd, 000041.767, 152
Trd, 000042.600, 147
Trd, 000042.817, 151
Trd, 000043.600, 153
Trd, 000043.850, 147
Trd, 000044.250, 146
Trd, 000044.550, 145
Trd, 000045.417, 155
Trd, 000045.567, 144
Trd, 000046.433, 143
Trd, 000047.333, 145
Trd, 000047.633, 146
Trd, 000048.333, 146
Trd, 000048.633, 144
Trd, 000049.167, 148
Trd, 000049.950, 146
Trd, 000051.367, 146
Trd, 000051.450, 152
Trd, 000051.750, 153
Trd, 000052.017, 145
Trd, 000053.100, 146
Trd, 000053.217, 152
Trd, 000053.800, 147
Trd, 000054.100, 153
Trd, 000055.200, 151
Trd, 000057.533, 149
Trd, 000057.550, 152
Trd, 000058.650, 153
Trd, 000059.317, 153
Trd, 000059.900, 153
Trd, 000060.150, 152
Trd, 000060.450, 154
Trd, 000061.133, 148
Trd, 000061.933, 148
Trd, 000062.550, 153
Trd, 000063.033, 157
Trd, 000063.150, 152
Trd, 000063.400, 170
Trd, 000063.633, 147
Trd, 000064.550, 148
Trd, 000065.117, 159
Trd, 000065.350, 158
Trd, 000065.667, 149
Trd, 000067.117, 156
Trd, 000067.267, 171
Trd, 000067.817, 159
Trd, 000067.917, 153
Trd, 000067.950, 152
Trd, 000069.233, 159
Trd, 000069.867, 154
Trd, 000070.317, 161
Trd, 000070.600, 154
Trd, 000070.767, 147
Trd, 000071.833, 159
Trd, 000072.067, 148
Trd, 000072.400, 147
Trd, 000072.517, 153
Trd, 000073.083, 154
Trd, 000074.400, 154
Trd, 000075.050, 150
Trd, 000075.867, 154
Trd, 000077.300, 155
Trd, 000077.417, 149
Trd, 000077.883, 156
Trd, 000078.583, 158
Trd, 000078.833, 156
Trd, 000079.067, 149
Trd, 000079.350, 147
Trd, 000079.417, 157
Trd, 000079.467, 159
Trd, 000079.967, 141
Trd, 000082.150, 152
Trd, 000082.683, 155
Trd, 000082.900, 156
Trd, 000083.117, 162
Trd, 000083.217, 161
Trd, 000083.467, 160
Trd, 000084.767, 159
Trd, 000084.900, 151
Trd, 000085.183, 154
Trd, 000085.283, 153
Trd, 000085.850, 154
Trd, 000086.550, 154
Trd, 000087.817, 159
Trd, 000088.100, 159
Trd, 000089.117, 160
Trd, 000089.917, 166
Trd, 000089.950, 163
Trd, 000090.483, 163
Trd, 000090.733, 160
Trd, 000090.900, 149
Trd, 000091.117, 171
Trd, 000092.217, 169
Trd, 000092.867, 161
Trd, 000093.283, 163
Trd, 000093.533, 173
Trd, 000093.567, 174
Trd, 000093.833, 177
Trd, 000094.183, 160
Trd, 000095.667, 149
Trd, 000095.950, 162
Trd, 000096.117, 157
Trd, 000096.217, 150
Trd, 000096.833, 159
Trd, 000098.367, 154
Trd, 000099.617, 154
Trd, 000099.950, 153
Trd, 000099.983, 157
Trd, 000100.000, 153
Trd, 000100.917, 158
Trd, 000101.017, 154
Trd, 000101.517, 156
Trd, 000101.950, 158
Trd, 000102.267, 175
Trd, 000103.417, 153
Trd, 000104.167, 160
Trd, 000104.750, 154
Trd, 000105.067, 158
Trd, 000105.083, 159
Trd, 000105.633, 161
Trd, 000105.700, 161
Trd, 000105.800, 158
Trd, 000106.600, 176
Trd, 000107.267, 175
Trd, 000107.450, 174
Trd, 000108.167, 173
Trd, 000108.917, 172
Trd, 000109.283, 168
Trd, 000109.400, 176
Trd, 000109.850, 171
Trd, 000110.867, 174
Trd, 000111.450, 173
Trd, 000112.350, 154
Trd, 000112.433, 151
Trd, 000112.450, 145
Trd, 000112.617, 170
Trd, 000112.783, 139
Trd, 000113.333, 168
Trd, 000114.500, 148
Trd, 000114.617, 160
Trd, 000115.883, 158
Trd, 000116.617, 160
Trd, 000116.950, 161
Trd, 000117.350, 160
Trd, 000118.333, 159
Trd, 000119.150, 160
Trd, 000120.783, 162
Trd, 000120.967, 162
Trd, 000121.017, 163
Trd, 000121.517, 177
Trd, 000121.600, 161
Trd, 000122.183, 179
Trd, 000122.200, 180
Trd, 000122.483, 187
Trd, 000122.617, 162
Trd, 000123.000, 173
Trd, 000123.667, 196
Trd, 000123.817, 158
Trd, 000123.983, 207
Trd, 000124.333, 239
Trd, 000124.467, 300.0
Trd, 000124.917, 222
Trd, 000125.500, 313.0
Trd, 000125.667, 320.0
Trd, 000126.217, 324.0
Trd, 000126.733, 303.0
Trd, 000127.900, 322
Trd, 000128.850, 322
Trd, 000130.317, 319.0
Trd, 000131.200, 320.0
Trd, 000132.117, 324.0
Trd, 000132.300, 330
Trd, 000132.617, 345
Trd, 000133.000, 348.0
Trd, 000133.350, 348
Trd, 000133.500, 339
Trd, 000135.200, 342
Trd, 000135.450, 346
Trd, 000135.600, 348.0
Trd, 000136.367, 346
Trd, 000136.667, 349
Trd, 000137.267, 339
Trd, 000138.133, 337.0
Trd, 000138.300, 334.0
Trd, 000138.667, 345
Trd, 000139.700, 339
Trd, 000140.217, 339
Trd, 000140.433, 345
Trd, 000141.317, 347
Trd, 000141.367, 346
Trd, 000141.417, 346
Trd, 000142.167, 346
Trd, 000143.000, 341
Trd, 000143.167, 336
Trd, 000144.317, 337
Trd, 000144.650, 342.0
Trd, 000144.817, 334
Trd, 000145.950, 341.0
Trd, 000146.167, 363
Trd, 000146.483, 334.0
Trd, 000147.317, 334
Trd, 000148.450, 354
Trd, 000148.667, 347
Trd, 000148.767, 342
Trd, 000148.967, 353
Trd, 000149.317, 345
Trd, 000149.917, 347
Trd, 000150.817, 346
Trd, 000151.200, 350
Trd, 000151.400, 343
Trd, 000152.217, 348
Trd, 000152.617, 347
Trd, 000153.767, 346
Trd, 000154.417, 345
Trd, 000154.500, 344
Trd, 000154.967, 341
Trd, 000156.083, 348
Trd, 000156.383, 343
Trd, 000157.317, 346.0
Trd, 000158.183, 341
Trd, 000158.267, 340
Trd, 000159.150, 342
Trd, 000159.183, 340
Trd, 000159.750, 348.0
Trd, 000160.217, 339
Trd, 000160.300, 345
Trd, 000160.367, 338
Trd, 000160.717, 348
Trd, 000160.850, 349
Trd, 000161.017, 351
Trd, 000162.000, 340
Trd, 000164.200, 348
Trd, 000164.417, 348
Trd, 000164.750, 347
Trd, 000165.150, 347
Trd, 000165.383, 346
Trd, 000166.617, 345
Trd, 000166.867, 343
Trd, 000167.550, 340
Trd, 000167.850, 340
Trd, 000169.433, 342
Trd, 000170.550, 342
Trd, 000170.783, 341
Trd, 000171.133, 340
Trd, 000171.400, 348.0
Trd, 000172.067, 351
Trd, 000172.133, 339
Trd, 000172.533, 352
Trd, 000172.583, 339
Trd, 000173.683, 340
Trd, 000175.267, 339
Trd, 000175.400, 338
Trd, 000175.417, 336.0
Trd, 000175.533, 344
Trd, 000177.600, 340
Trd, 000177.667, 337
Trd, 000178.000, 342
Trd, 000179.017, 333
Trd, 000179.750, 343
Trd, 000179.967, 337
Trd, 000180.733, 344
Trd, 000181.150, 340
Trd, 000181.217, 336
Trd, 000181.700, 334.0
Trd, 000181.717, 333
Trd, 000181.800, 317.0
Trd, 000181.917, 310.0
Trd, 000183.083, 315
Trd, 000183.533, 315
Trd, 000183.750, 299
Trd, 000183.967, 316
Trd, 000184.383, 207
Trd, 000185.250, 172
Trd, 000185.983, 200
Trd, 000186.200, 171
Trd, 000187.017, 182
Trd, 000187.100, 181
Trd, 000187.800, 183
Trd, 000188.783, 182
Trd, 000188.933, 178
Trd, 000189.817, 176
Trd, 000189.983, 168
Trd, 000191.350, 172
Trd, 000191.683, 172
Trd, 000191.933, 171
Trd, 000192.083, 162
Trd, 000192.417, 171
Trd, 000192.700, 172
Trd, 000193.000, 171
Trd, 000194.217, 167
Trd, 000195.350, 159
Trd, 000195.367, 168
Trd, 000195.600, 169
Trd, 000195.900, 153
Trd, 000197.400, 166
Trd, 000197.833, 162
Trd, 000197.917, 160
Trd, 000198.083, 166
Trd, 000199.550, 164
Trd, 000200.033, 163
Trd, 000200.683, 164
Trd, 000200.717, 168
Trd, 000200.917, 171
Trd, 000201.067, 185
Trd, 000201.200, 161
Trd, 000201.600, 178
Trd, 000202.983, 162
Trd, 000203.017, 161
Trd, 000203.717, 162
Trd, 000205.267, 163
Trd, 000206.017, 160
Trd, 000206.117, 168
Trd, 000206.833, 166
Trd, 000206.900, 167
Trd, 000207.117, 163
Trd, 000207.467, 162
Trd, 000207.767, 171
Trd, 000208.417, 184
Trd, 000209.117, 161
Trd, 000211.550, 166
Trd, 000212.183, 167
Trd, 000212.217, 162
Trd, 000212.600, 163
Trd, 000213.417, 166
Trd, 000213.667, 164
Trd, 000214.150, 168
Trd, 000214.517, 168
Trd, 000214.817, 169
Trd, 000215.867, 181
Trd, 000216.033, 178
Trd, 000216.150, 174
Trd, 000216.683, 166
Trd, 000218.050, 171
Trd, 000218.283, 172
Trd, 000218.933, 173
Trd, 000219.133, 174
Trd, 000220.100, 171
Trd, 000220.400, 170
Trd, 000220.567, 167
Trd, 000221.467, 165
Trd, 000221.717, 185
Trd, 000221.900, 156
Trd, 000223.800, 166
Trd, 000223.833, 182
Trd, 000225.133, 168
Trd, 000225.500, 176
Trd, 000225.683, 167
Trd, 000226.350, 176
Trd, 000226.533, 178
Trd, 000226.917, 166
Trd, 000226.983, 161
Trd, 000227.117, 156
Trd, 000228.133, 143
Trd, 000228.267, 152
Trd, 000229.383, 167
Trd, 000230.533, 159
Trd, 000230.817, 164
Trd, 000231.017, 159
Trd, 000231.950, 162
Trd, 000232.683, 163
Trd, 000233.900, 161
Trd, 000234.100, 161
Trd, 000234.300, 160
Trd, 000235.067, 171
Trd, 000235.150, 160
Trd, 000236.083, 167
Trd, 000236.233, 186
Trd, 000236.750, 166
Trd, 000236.817, 160
Trd, 000237.333, 144
Trd, 000237.867, 177
Trd, 000238.650, 145
Trd, 000239.417, 157
Trd, 000239.517, 159
Trd, 000240.250, 163
Trd, 000241.167, 165
Trd, 000241.250, 167
Trd, 000241.433, 168
Trd, 000241.450, 168
Trd, 000242.100, 170
Trd, 000242.317, 167
Trd, 000243.000, 169
Trd, 000243.667, 168
Trd, 000243.733, 169
Trd, 000243.833, 172
Trd, 000244.050, 166
Trd, 000244.383, 168
Trd, 000244.583, 172
Trd, 000245.600, 167
Trd, 000246.017, 169
Trd, 000246.133, 174
Trd, 000246.567, 167
Trd, 000247.983, 172
Trd, 000248.117, 173
Trd, 000248.400, 173
Trd, 000248.717, 174
Trd, 000249.850, 176
Trd, 000250.317, 175
Trd, 000250.383, 174
Trd, 000250.617, 175
Trd, 000251.283, 172
Trd, 000251.517, 173
Trd, 000251.750, 175
Trd, 000251.867, 171
Trd, 000252.017, 169
Trd, 000252.750, 171
Trd, 000252.933, 173
Trd, 000253.250, 172
Trd, 000253.917, 173
Trd, 000254.367, 180
Trd, 000254.967, 174
Trd, 000255.017, 183
Trd, 000255.650, 174
Trd, 000255.983, 187
Trd, 000257.400, 180
Trd, 000258.100, 180
Trd, 000258.183, 180
Trd, 000258.200, 181
Trd, 000258.933, 175
Trd, 000259.133, 174
Trd, 000259.350, 168
Trd, 000259.517, 176
Trd, 000259.700, 181
Trd, 000260.483, 173
Trd, 000260.517, 182
Trd, 000260.700, 182
Trd, 000261.400, 181
Trd, 000261.683, 180
Trd, 000262.133, 184
Trd, 000262.333, 187
Trd, 000262.517, 182
Trd, 000263.717, 185
Trd, 000263.767, 185
Trd, 000264.567, 183
Trd, 000264.733, 182
Trd, 000264.817, 188
Trd, 000264.833, 174
Trd, 000265.083, 174
Trd, 000266.033, 190
Trd, 000266.283, 189
Trd, 000267.083, 184
Trd, 000267.567, 182
Trd, 000267.717, 181
Trd, 000268.083, 185
Trd, 000268.300, 180
Trd, 000268.583, 189
Trd, 000269.183, 168
Trd, 000269.433, 180
Trd, 000270.567, 167
Trd, 000271.333, 175
Trd, 000271.717, 178
Trd, 000272.083, 177
Trd, 000272.333, 178
Trd, 000272.500, 184
Trd, 000272.683, 176
Trd, 000272.817, 175
Trd, 000273.517, 177
Trd, 000273.867, 176
Trd, 000273.883, 175
Trd, 000274.733, 178
Trd, 000275.317, 173
Trd, 000275.450, 171
Trd, 000275.583, 176
Trd, 000276.083, 176
Trd, 000276.567, 172
Trd, 000276.900, 172
Trd, 000277.267, 176
Trd, 000278.133, 182
Trd, 000278.150, 174
Trd, 000278.867, 176
Trd, 000279.350, 174
Trd, 000279.450, 173
Trd, 000279.467, 171
Trd, 000280.317, 180
Trd, 000281.017, 179
Trd, 000282.833, 172
Trd, 000283.050, 175
Trd, 000283.167, 176
Trd, 000283.233, 186
Trd, 000283.567, 181
Trd, 000283.633, 190
Trd, 000284.450, 184
Trd, 000285.033, 174
Trd, 000285.350, 173
Trd, 000285.767, 182
Trd, 000286.167, 181
Trd, 000286.683, 177
Trd, 000286.933, 179
Trd, 000287.750, 180
Trd, 000287.867, 181
Trd, 000289.317, 179
Trd, 000289.350, 172
Trd, 000289.467, 183
Trd, 000289.633, 175
Trd, 000290.400, 182
Trd, 000290.633, 175
Trd, 000291.833, 180
Trd, 000292.000, 181
Trd, 000292.650, 178
Trd, 000293.100, 179
Trd, 000293.200, 180
Trd, 000294.300, 177
Trd, 000294.733, 175
Trd, 000295.167, 178
Trd, 000295.200, 181
Trd, 000295.283, 174
Trd, 000295.750, 174
Trd, 000296.833, 174
Trd, 000297.483, 174
Trd, 000297.633, 174
Trd, 000298.417, 173
Trd, 000298.550, 173
Trd, 000298.933, 173
Trd, 000299.150, 174
Trd, 000299.400, 169
Trd, 000299.700, 172
