Trd, 000000.867, 108
Trd, 000002.317, 155
Trd, 000003.117, 148
Trd, 000003.917, 148
Trd, 000004.250, 167
Trd, 000004.367, 153
Trd, 000004.700, 145
Trd, 000005.567, 162
Trd, 000006.083, 151
Trd, 000006.300, 138
Trd, 000006.750, 162
Trd, 000006.900, 158
Trd, 000007.067, 141
Trd, 000007.967, 167
Trd, 000008.717, 129
Trd, 000010.167, 141
Trd, 000010.367, 145
Trd, 000011.533, 143
Trd, 000012.050, 142
Trd, 000012.500, 143
Trd, 000013.517, 149
Trd, 000013.883, 158
Trd, 000014.133, 147
Trd, 000014.317, 143
Trd, 000015.133, 149
Trd, 000015.417, 148
Trd, 000016.700, 147
Trd, 000017.633, 148
Trd, 000018.317, 146
Trd, 000018.400, 145
Trd, 000019.000, 145
Trd, 000019.183, 148
Trd, 000020.283, 149
Trd, 000022.467, 147
Trd, 000022.700, 145
Trd, 000023.483, 145
Trd, 000023.517, 143
Trd, 000023.917, 146
Trd, 000024.333, 147
Trd, 000026.017, 147
Trd, 000026.667, 147
Trd, 000026.850, 148
Trd, 000027.967, 147
Trd, 000028.017, 147
Trd, 000028.717, 147
Trd, 000030.700, 149
Trd, 000031.250, 151
Trd, 000032.333, 148
Trd, 000032.583, 150
Trd, 000033.117, 151
Trd, 000033.467, 147
Trd, 000034.083, 147
Trd, 000034.267, 151
Trd, 000035.267, 146
Trd, 000035.833, 146
Trd, 000036.067, 158
Trd, 000037.050, 145
Trd, 000038.533, 145
Trd, 000038.617, 148
Trd, 000040.150, 145
Trd, 000040.667, 144
Trd, 000040.683, 147
Trd, 000041.433, 148
Trd, 000041.683, 145
Trd, 000043.367, 146
Trd, 000044.417, 147
Trd, 000046.133, 148
Trd, 000046.350, 147
Trd, 000047.117, 148
Trd, 000047.900, 148
Trd, 000048.133, 149
Trd, 000048.767, 148
Trd, 000049.783, 149
Trd, 000050.133, 148
Trd, 000051.967, 149
Trd, 000053.667, 149
Trd, 000053.850, 150
Trd, 000053.933, 153
Trd, 000055.000, 147
Trd, 000055.217, 147
Trd, 000055.817, 147
Trd, 000056.417, 149
Trd, 000056.550, 146
Trd, 000056.817, 149
Trd, 000058.750, 147
Trd, 000060.200, 149
Trd, 000060.567, 149
Trd, 000060.650, 148
Trd, 000061.000, 150
Trd, 000061.650, 149
Trd, 000062.850, 151
Trd, 000063.833, 151
Trd, 000063.867, 149
Trd, 000064.383, 148
Trd, 000065.300, 149
Trd, 000065.433, 151
Trd, 000066.883, 151
Trd, 000066.933, 148
Trd, 000067.567, 152
Trd, 000070.233, 149
Trd, 000071.200, 149
Trd, 000071.450, 150
Trd, 000072.400, 150
Trd, 000072.417, 155
Trd, 000073.467, 174
Trd, 000073.517, 148
Trd, 000073.783, 149
Trd, 000073.967, 151
Trd, 000074.167, 164
Trd, 000075.083, 159
Trd, 000075.283, 159
Trd, 000075.433, 150
Trd, 000077.217, 138
Trd, 000078.500, 149
Trd, 000078.900, 149
Trd, 000079.550, 150
Trd, 000080.117, 152
Trd, 000080.567, 150
Trd, 000080.583, 149
Trd, 000080.700, 154
Trd, 000082.050, 150
Trd, 000083.017, 152
Trd, 000083.217, 159
Trd, 000084.050, 149
Trd, 000084.133, 163
Trd, 000084.533, 152
Trd, 000084.650, 179
Trd, 000084.683, 180
Trd, 000086.117, 162
Trd, 000086.817, 154
Trd, 000087.033, 150
Trd, 000088.433, 153
Trd, 000088.717, 158
Trd, 000089.000, 160
Trd, 000089.233, 152
Trd, 000090.633, 152
Trd, 000091.533, 151
Trd, 000091.800, 151
Trd, 000093.183, 151
Trd, 000094.067, 151
Trd, 000095.750, 151
Trd, 000097.583, 151
Trd, 000097.750, 154
Trd, 000098.383, 152
Trd, 000098.667, 158
Trd, 000099.783, 158
Trd, 000100.083, 155
Trd, 000102.533, 155
Trd, 000103.017, 157
Trd, 000103.450, 155
Trd, 000103.633, 158
Trd, 000105.133, 159
Trd, 000105.333, 160
Trd, 000105.983, 160
Trd, 000106.400, 158
Trd, 000106.583, 160
Trd, 000107.950, 161
Trd, 000108.250, 158
Trd, 000108.733, 158
Trd, 000109.283, 157
Trd, 000110.700, 156
Trd, 000111.083, 156
Trd, 000111.400, 157
Trd, 000112.050, 162
Trd, 000112.333, 163
Trd, 000113.017, 155
Trd, 000113.167, 154
Trd, 000113.833, 142
Trd, 000115.517, 145
Trd, 000115.667, 145
Trd, 000116.183, 145
Trd, 000116.583, 146
Trd, 000116.917, 148
Trd, 000117.050, 145
Trd, 000118.250, 149
Trd, 000118.417, 162
Trd, 000118.950, 156
Trd, 000119.933, 153
Trd, 000120.267, 151
Trd, 000121.250, 157
Trd, 000121.967, 156
Trd, 000122.150, 158
Trd, 000122.233, 161
Trd, 000122.933, 163
Trd, 000123.050, 184
Trd, 000123.383, 201
Trd, 000123.967, 205
Trd, 000124.450, 211
Trd, 000124.733, 212
Trd, 000125.033, 293
Trd, 000125.783, 308
Trd, 000125.917, 320.0
Trd, 000126.500, 326
Trd, 000126.967, 331.0
Trd, 000127.933, 325
Trd, 000128.100, 336.0
Trd, 000128.817, 337.0
Trd, 000129.183, 334
Trd, 000129.433, 333
Trd, 000129.950, 343.0
Trd, 000130.583, 328
Trd, 000131.600, 331
Trd, 000133.633, 337.0
Trd, 000134.000, 337
Trd, 000134.283, 338
Trd, 000135.017, 331
Trd, 000136.267, 334
Trd, 000136.733, 337.0
Trd, 000138.050, 334
Trd, 000138.567, 334
Trd, 000138.733, 331
Trd, 000141.200, 335
Trd, 000141.317, 333
Trd, 000141.617, 335
Trd, 000142.033, 335
Trd, 000144.100, 335.0
Trd, 000144.617, 336.0
Trd, 000146.200, 337.0
Trd, 000146.317, 343
Trd, 000146.367, 344.0
Trd, 000146.383, 337
Trd, 000147.067, 347
Trd, 000147.917, 333
Trd, 000151.650, 333
Trd, 000151.683, 334.0
Trd, 000152.383, 332
Trd, 000153.400, 337.0
Trd, 000154.183, 333
Trd, 000154.517, 335
Trd, 000154.750, 336
Trd, 000154.850, 336
Trd, 000155.417, 337.0
Trd, 000156.717, 333
Trd, 000159.883, 337.0
Trd, 000160.400, 340
Trd, 000160.500, 334
Trd, 000161.150, 338
Trd, 000162.233, 335
Trd, 000163.300, 344.0
Trd, 000164.050, 344
Trd, 000166.000, 339
Trd, 000166.117, 340
Trd, 000166.883, 338
Trd, 000167.917, 336
Trd, 000168.067, 341
Trd, 000168.383, 340
Trd, 000169.033, 348
Trd, 000169.667, 342
Trd, 000169.950, 343.0
Trd, 000170.267, 341
Trd, 000170.700, 344.0
Trd, 000171.267, 342
Trd, 000172.683, 341
Trd, 000172.817, 347
Trd, 000173.417, 348
Trd, 000174.317, 339
Trd, 000175.300, 341
Trd, 000175.933, 344.0
Trd, 000177.517, 351
Trd, 000177.683, 349
Trd, 000178.283, 352
Trd, 000179.167, 349
Trd, 000180.267, 349
Trd, 000180.283, 350.0
Trd, 000180.783, 343
Trd, 000181.850, 331.0
Trd, 000182.683, 327.0
Trd, 000183.467, 316
Trd, 000183.617, 313.0
Trd, 000183.733, 276
Trd, 000183.833, 211
Trd, 000184.133, 200
Trd, 000184.533, 197
Trd, 000185.300, 165
Trd, 000185.633, 149
Trd, 000185.783, 165
Trd, 000187.017, 164
Trd, 000188.067, 156
Trd, 000188.267, 152
Trd, 000189.633, 162
Trd, 000189.917, 163
Trd, 000190.417, 168
Trd, 000192.200, 163
Trd, 000193.500, 167
Trd, 000194.467, 165
Trd, 000195.467, 166
Trd, 000195.633, 167
Trd, 000195.900, 167
Trd, 000195.933, 165
Trd, 000196.233, 163
Trd, 000196.583, 170
Trd, 000196.850, 162
Trd, 000197.650, 150
Trd, 000198.783, 161
Trd, 000199.217, 163
Trd, 000199.767, 163
Trd, 000203.233, 163
Trd, 000203.517, 162
Trd, 000204.683, 163
Trd, 000205.100, 162
Trd, 000205.233, 161
Trd, 000206.133, 162
Trd, 000207.183, 164
Trd, 000207.433, 160
Trd, 000207.533, 165
Trd, 000209.833, 161
Trd, 000210.867, 164
Trd, 000210.900, 163
Trd, 000211.067, 163
Trd, 000211.750, 162
Trd, 000211.900, 164
Trd, 000213.500, 165
Trd, 000213.883, 148
Trd, 000214.950, 160
Trd, 000215.483, 164
Trd, 000216.267, 162
Trd, 000216.467, 163
Trd, 000217.600, 162
Trd, 000217.933, 161
Trd, 000218.617, 164
Trd, 000218.700, 162
Trd, 000219.667, 166
Trd, 000221.350, 164
Trd, 000221.583, 166
Trd, 000222.317, 165
Trd, 000222.567, 166
Trd, 000224.367, 169
Trd, 000224.383, 170
Trd, 000226.183, 167
Trd, 000227.417, 171
Trd, 000227.683, 167
Trd, 000228.050, 167
Trd, 000228.767, 177
Trd, 000228.867, 166
Trd, 000230.700, 173
Trd, 000231.550, 170
Trd, 000232.000, 173
Trd, 000232.783, 170
Trd, 000233.200, 172
Trd, 000233.283, 171
Trd, 000233.417, 171
Trd, 000233.667, 170
Trd, 000235.750, 173
Trd, 000236.000, 178
Trd, 000236.033, 171
Trd, 000236.150, 166
Trd, 000236.983, 175
Trd, 000237.350, 170
Trd, 000237.550, 171
Trd, 000239.317, 175
Trd, 000240.250, 172
Trd, 000240.300, 172
Trd, 000240.367, 172
Trd, 000240.550, 172
Trd, 000241.083, 172
Trd, 000242.083, 170
Trd, 000242.167, 170
Trd, 000242.383, 170
Trd, 000242.700, 168
Trd, 000244.417, 169
Trd, 000244.583, 167
Trd, 000244.950, 171
Trd, 000245.167, 172
Trd, 000245.200, 170
Trd, 000245.550, 167
Trd, 000245.867, 166
Trd, 000246.067, 169
Trd, 000246.917, 169
Trd, 000247.100, 171
Trd, 000247.867, 172
Trd, 000248.217, 172
Trd, 000248.650, 172
Trd, 000249.667, 171
Trd, 000249.867, 170
Trd, 000250.500, 173
Trd, 000250.800, 172
Trd, 000251.200, 170
Trd, 000251.450, 169
Trd, 000251.883, 168
Trd, 000251.950, 168
Trd, 000252.883, 168
Trd, 000253.000, 171
Trd, 000253.350, 169
Trd, 000254.267, 169
Trd, 000254.333, 169
Trd, 000254.450, 172
Trd, 000254.567, 170
Trd, 000255.817, 170
Trd, 000256.000, 171
Trd, 000256.800, 173
Trd, 000256.967, 170
Trd, 000256.983, 168
Trd, 000257.517, 170
Trd, 000257.550, 168
Trd, 000258.267, 169
Trd, 000258.633, 169
Trd, 000259.533, 173
Trd, 000259.983, 167
Trd, 000260.483, 175
Trd, 000260.667, 169
Trd, 000261.167, 170
Trd, 000262.333, 170
Trd, 000262.633, 173
Trd, 000263.200, 173
Trd, 000263.333, 171
Trd, 000263.700, 176
Trd, 000263.733, 169
Trd, 000264.117, 174
Trd, 000264.633, 176
Trd, 000264.950, 177
Trd, 000266.333, 176
Trd, 000267.000, 181
Trd, 000267.183, 175
Trd, 000267.850, 182
Trd, 000268.000, 183
Trd, 000268.150, 178
Trd, 000268.333, 188
Trd, 000269.217, 186
Trd, 000269.350, 179
Trd, 000269.667, 179
Trd, 000269.883, 179
Trd, 000269.933, 181
Trd, 000270.467, 183
Trd, 000271.300, 180
Trd, 000271.567, 170
Trd, 000272.867, 170
Trd, 000272.950, 168
Trd, 000273.967, 168
Trd, 000273.983, 169
Trd, 000274.383, 173
Trd, 000274.967, 174
Trd, 000275.083, 175
Trd, 000275.133, 178
Trd, 000275.817, 178
Trd, 000276.017, 179
Trd, 000276.333, 182
Trd, 000276.533, 176
Trd, 000276.733, 175
Trd, 000277.783, 176
Trd, 000279.083, 180
Trd, 000280.050, 179
Trd, 000280.183, 177
Trd, 000280.467, 177
Trd, 000280.583, 179
Trd, 000280.600, 176
Trd, 000281.550, 179
Trd, 000281.733, 180
Trd, 000281.867, 176
Trd, 000281.933, 176
Trd, 000282.317, 181
Trd, 000282.667, 181
Trd, 000282.833, 180
Trd, 000283.383, 183
Trd, 000283.433, 178
Trd, 000283.833, 177
Trd, 000284.433, 171
Trd, 000284.450, 169
Trd, 000284.767, 173
Trd, 000285.550, 179
Trd, 000285.667, 189
Trd, 000285.917, 172
Trd, 000286.617, 173
Trd, 000286.883, 185
Trd, 000287.133, 186
Trd, 000287.350, 191
Trd, 000287.783, 172
Trd, 000288.750, 173
Trd, 000289.383, 172
Trd, 000290.167, 175
Trd, 000290.350, 167
Trd, 000290.700, 173
Trd, 000291.067, 162
Trd, 000292.050, 178
Trd, 000292.233, 179
Trd, 000292.533, 177
Trd, 000292.850, 171
Trd, 000293.683, 171
Trd, 000294.383, 173
Trd, 000294.717, 174
Trd, 000295.683, 173
Trd, 000296.400, 175
Trd, 000296.517, 177
Trd, 000296.600, 173
Trd, 000296.800, 172
Trd, 000296.833, 171
Trd, 000296.900, 174
Trd, 000296.950, 178
Trd, 000297.300, 179
Trd, 000298.017, 184
Trd, 000299.200, 172
Trd, 000299.650, 181
