Trd, 000000.667, 117
Trd, 000002.117, 145
Trd, 000003.117, 147
Trd, 000003.517, 144
Trd, 000003.883, 141
Trd, 000004.567, 155
Trd, 000004.933, 151
Trd, 000005.133, 151
Trd, 000005.333, 150
Trd, 000005.383, 165
Trd, 000006.500, 150
Trd, 000006.750, 157
Trd, 000007.383, 157
Trd, 000007.400, 150
Trd, 000008.183, 149
Trd, 000010.400, 150
Trd, 000010.550, 149
Trd, 000012.117, 150
Trd, 000012.467, 149
Trd, 000013.350, 150
Trd, 000013.683, 151
Trd, 000014.033, 149
Trd, 000014.550, 152
Trd, 000015.050, 149
Trd, 000015.200, 149
Trd, 000015.867, 148
Trd, 000016.000, 148
Trd, 000017.467, 146
Trd, 000017.950, 146
Trd, 000020.350, 149
Trd, 000020.967, 149
Trd, 000021.483, 150
Trd, 000022.683, 147
Trd, 000023.033, 147
Trd, 000023.283, 146
Trd, 000023.450, 146
Trd, 000024.067, 150
Trd, 000024.200, 145
Trd, 000024.283, 150
Trd, 000024.333, 144
Trd, 000025.500, 143
Trd, 000027.400, 147
Trd, 000027.417, 149
Trd, 000028.233, 148
Trd, 000028.983, 149
Trd, 000029.333, 148
Trd, 000029.400, 147
Trd, 000030.567, 147
Trd, 000030.967, 149
Trd, 000031.917, 146
Trd, 000032.400, 146
Trd, 000032.450, 140
Trd, 000032.733, 148
Trd, 000033.850, 146
Trd, 000034.033, 144
Trd, 000034.067, 143
Trd, 000034.167, 143
Trd, 000034.400, 142
Trd, 000034.483, 144
Trd, 000035.800, 144
Trd, 000035.867, 143
Trd, 000036.533, 145
Trd, 000037.917, 147
Trd, 000038.450, 148
Trd, 000039.133, 152
Trd, 000040.017, 152
Trd, 000040.083, 151
Trd, 000040.900, 154
Trd, 000041.067, 150
Trd, 000042.700, 150
Trd, 000042.733, 149
Trd, 000043.450, 149
Trd, 000043.733, 148
Trd, 000045.233, 151
Trd, 000045.383, 146
Trd, 000046.433, 151
Trd, 000046.617, 150
Trd, 000047.083, 149
Trd, 000047.600, 152
Trd, 000047.950, 148
Trd, 000048.183, 148
Trd, 000049.933, 153
Trd, 000050.583, 150
Trd, 000050.700, 153
Trd, 000050.833, 150
Trd, 000051.200, 149
Trd, 000051.917, 150
Trd, 000052.117, 149
Trd, 000052.267, 152
Trd, 000054.033, 150
Trd, 000054.433, 149
Trd, 000055.017, 150
Trd, 000055.250, 150
Trd, 000055.317, 149
Trd, 000056.350, 149
Trd, 000057.417, 152
Trd, 000057.583, 151
Trd, 000057.717, 151
Trd, 000058.900, 153
Trd, 000060.467, 152
Trd, 000060.533, 151
Trd, 000061.933, 154
Trd, 000062.250, 155
Trd, 000064.100, 156
Trd, 000064.917, 154
Trd, 000065.000, 154
Trd, 000066.333, 155
Trd, 000066.533, 155
Trd, 000066.717, 153
Trd, 000066.750, 153
Trd, 000067.083, 151
Trd, 000068.067, 152
Trd, 000068.150, 145
Trd, 000070.917, 153
Trd, 000071.117, 153
Trd, 000071.217, 151
Trd, 000071.500, 152
Trd, 000071.983, 153
Trd, 000072.183, 151
Trd, 000073.017, 151
Trd, 000073.100, 151
Trd, 000073.483, 155
Trd, 000074.450, 155
Trd, 000074.767, 155
Trd, 000074.817, 154
Trd, 000074.917, 158
Trd, 000076.050, 145
Trd, 000076.750, 163
Trd, 000076.983, 157
Trd, 000077.183, 172
Trd, 000078.083, 156
Trd, 000078.350, 156
Trd, 000080.350, 156
Trd, 000080.500, 155
Trd, 000082.050, 154
Trd, 000082.100, 158
Trd, 000082.417, 159
Trd, 000082.433, 154
Trd, 000085.283, 156
Trd, 000085.650, 158
Trd, 000085.833, 157
Trd, 000086.917, 158
Trd, 000086.967, 156
Trd, 000087.283, 154
Trd, 000087.550, 154
Trd, 000087.917, 153
Trd, 000088.200, 146
Trd, 000088.817, 149
Trd, 000088.850, 150
Trd, 000090.383, 156
Trd, 000090.867, 156
Trd, 000091.117, 155
Trd, 000093.050, 155
Trd, 000093.417, 155
Trd, 000093.933, 156
Trd, 000094.317, 155
Trd, 000094.983, 155
Trd, 000095.233, 155
Trd, 000095.483, 154
Trd, 000095.717, 153
Trd, 000096.550, 158
Trd, 000097.600, 156
Trd, 000097.667, 152
Trd, 000097.967, 154
Trd, 000099.717, 155
Trd, 000100.500, 158
Trd, 000100.633, 156
Trd, 000101.067, 155
Trd, 000101.433, 153
Trd, 000101.617, 161
Trd, 000102.217, 154
Trd, 000102.433, 154
Trd, 000103.017, 160
Trd, 000103.233, 161
Trd, 000103.983, 154
Trd, 000104.033, 154
Trd, 000105.350, 154
Trd, 000105.617, 153
Trd, 000106.500, 154
Trd, 000106.917, 149
Trd, 000107.433, 154
Trd, 000107.800, 152
Trd, 000108.350, 150
Trd, 000110.383, 152
Trd, 000110.550, 153
Trd, 000111.667, 155
Trd, 000111.800, 156
Trd, 000112.233, 160
Trd, 000113.367, 160
Trd, 000113.467, 162
Trd, 000114.050, 145
Trd, 000114.750, 152
Trd, 000114.933, 151
Trd, 000115.583, 151
Trd, 000115.833, 156
Trd, 000116.900, 154
Trd, 000117.617, 153
Trd, 000118.333, 154
Trd, 000118.950, 155
Trd, 000119.250, 153
Trd, 000120.233, 158
Trd, 000121.033, 156
Trd, 000121.217, 157
Trd, 000121.767, 161
Trd, 000121.800, 163
Trd, 000121.867, 167
Trd, 000122.183, 180
Trd, 000123.283, 201
Trd, 000123.550, 212
Trd, 000123.750, 255
Trd, 000124.083, 258
Trd, 000124.200, 300
Trd, 000124.767, 310.0
Trd, 000124.783, 317.0
Trd, 000125.183, 324.0
Trd, 000126.200, 341.0
Trd, 000127.017, 351.0
Trd, 000127.650, 320.0
Trd, 000128.417, 332
Trd, 000128.567, 339
Trd, 000129.400, 337.0
Trd, 000130.017, 328.0
Trd, 000131.317, 335
Trd, 000131.550, 334.0
Trd, 000132.533, 336
Trd, 000133.350, 337
Trd, 000133.533, 334
Trd, 000134.417, 337
Trd, 000135.100, 338.0
Trd, 000135.250, 341.0
Trd, 000135.733, 344.0
Trd, 000137.217, 345
Trd, 000138.217, 346
Trd, 000138.283, 344.0
Trd, 000138.833, 346
Trd, 000138.967, 347
Trd, 000139.633, 346
Trd, 000139.717, 343
Trd, 000139.767, 348
Trd, 000140.283, 340
Trd, 000140.400, 351.0
Trd, 000140.450, 355
Trd, 000141.033, 334.0
Trd, 000141.583, 339
Trd, 000142.683, 344.0
Trd, 000143.583, 346
Trd, 000144.333, 348
Trd, 000144.867, 348
Trd, 000145.200, 346
Trd, 000145.400, 348
Trd, 000146.100, 345
Trd, 000146.817, 348
Trd, 000147.167, 345
Trd, 000147.250, 349
Trd, 000147.900, 344
Trd, 000148.533, 343
Trd, 000149.267, 344.0
Trd, 000149.300, 345
Trd, 000150.383, 342
Trd, 000151.683, 341
Trd, 000152.250, 342
Trd, 000152.433, 345
Trd, 000153.433, 344.0
Trd, 000153.533, 337.0
Trd, 000153.917, 326
Trd, 000154.967, 334
Trd, 000155.933, 347
Trd, 000156.700, 339.0
Trd, 000157.417, 340
Trd, 000158.100, 340
Trd, 000158.717, 342
Trd, 000158.850, 339
Trd, 000159.317, 338
Trd, 000159.767, 338
Trd, 000161.517, 340.0
Trd, 000162.517, 340.0
Trd, 000163.383, 341.0
Trd, 000163.683, 336
Trd, 000163.933, 335.0
Trd, 000164.167, 345
Trd, 000164.500, 335
Trd, 000164.600, 336
Trd, 000164.933, 339.0
Trd, 000165.983, 337.0
Trd, 000167.083, 339
Trd, 000167.117, 336.0
Trd, 000167.367, 334.0
Trd, 000167.750, 338
Trd, 000167.950, 331.0
Trd, 000169.333, 335
Trd, 000170.267, 338.0
Trd, 000171.517, 339.0
Trd, 000171.817, 341.0
Trd, 000173.117, 344
Trd, 000174.517, 341.0
Trd, 000174.817, 347
Trd, 000175.033, 348
Trd, 000175.283, 340.0
Trd, 000176.367, 346.0
Trd, 000176.583, 342
Trd, 000177.417, 341
Trd, 000177.917, 342
Trd, 000178.150, 350
Trd, 000178.617, 344.0
Trd, 000179.600, 342
Trd, 000182.200, 342
Trd, 000182.333, 341
Trd, 000182.450, 343
Trd, 000182.567, 343
Trd, 000182.583, 341
Trd, 000182.683, 337
Trd, 000183.200, 331.0
Trd, 000183.367, 324.0
Trd, 000183.583, 291
Trd, 000184.583, 186
Trd, 000184.867, 176
Trd, 000187.250, 172
Trd, 000187.267, 173
Trd, 000188.683, 171
Trd, 000189.250, 173
Trd, 000189.467, 170
Trd, 000189.500, 169
Trd, 000189.683, 167
Trd, 000189.817, 167
Trd, 000190.733, 163
Trd, 000192.317, 165
Trd, 000193.400, 169
Trd, 000193.900, 169
Trd, 000194.183, 170
Trd, 000194.417, 168
Trd, 000195.517, 167
Trd, 000195.683, 169
Trd, 000196.733, 167
Trd, 000196.867, 166
Trd, 000197.033, 166
Trd, 000197.800, 167
Trd, 000199.350, 167
Trd, 000199.467, 166
Trd, 000200.000, 165
Trd, 000200.133, 158
Trd, 000200.683, 164
Trd, 000201.383, 169
Trd, 000202.667, 166
Trd, 000203.350, 166
Trd, 000203.917, 166
Trd, 000205.100, 166
Trd, 000205.150, 167
Trd, 000205.367, 169
Trd, 000205.533, 166
Trd, 000206.100, 166
Trd, 000206.533, 165
Trd, 000207.550, 166
Trd, 000207.633, 167
Trd, 000207.950, 168
Trd, 000208.167, 165
Trd, 000210.333, 170
Trd, 000210.533, 171
Trd, 000211.550, 167
Trd, 000212.367, 170
Trd, 000212.533, 169
Trd, 000213.133, 169
Trd, 000214.267, 168
Trd, 000216.100, 166
Trd, 000216.517, 170
Trd, 000218.267, 167
Trd, 000218.883, 166
Trd, 000219.083, 166
Trd, 000219.550, 159
Trd, 000219.733, 167
Trd, 000220.383, 166
Trd, 000221.050, 165
Trd, 000221.833, 170
Trd, 000222.217, 161
Trd, 000222.933, 156
Trd, 000223.233, 173
Trd, 000225.000, 164
Trd, 000225.767, 164
Trd, 000226.667, 164
Trd, 000227.217, 164
Trd, 000228.167, 166
Trd, 000228.533, 171
Trd, 000228.583, 178
Trd, 000230.050, 172
Trd, 000230.850, 172
Trd, 000232.017, 171
Trd, 000232.083, 171
Trd, 000232.917, 172
Trd, 000233.133, 172
Trd, 000233.217, 171
Trd, 000233.717, 174
Trd, 000233.867, 171
Trd, 000234.033, 171
Trd, 000235.100, 170
Trd, 000236.167, 169
Trd, 000237.217, 172
Trd, 000237.250, 170
Trd, 000237.433, 168
Trd, 000238.600, 169
Trd, 000238.633, 170
Trd, 000238.783, 171
Trd, 000240.267, 172
Trd, 000240.367, 171
Trd, 000240.567, 174
Trd, 000240.750, 175
Trd, 000240.850, 176
Trd, 000241.400, 174
Trd, 000241.650, 176
Trd, 000242.133, 173
Trd, 000242.350, 176
Trd, 000242.800, 176
Trd, 000243.667, 174
Trd, 000244.133, 175
Trd, 000244.217, 172
Trd, 000245.033, 176
Trd, 000245.567, 173
Trd, 000246.483, 172
Trd, 000247.133, 174
Trd, 000247.300, 175
Trd, 000247.483, 176
Trd, 000247.967, 177
Trd, 000249.867, 178
Trd, 000250.250, 179
Trd, 000250.433, 180
Trd, 000250.483, 177
Trd, 000250.817, 176
Trd, 000251.200, 175
Trd, 000251.633, 175
Trd, 000251.667, 175
Trd, 000251.683, 176
Trd, 000251.933, 178
Trd, 000251.967, 177
Trd, 000252.250, 176
Trd, 000252.917, 179
Trd, 000253.200, 177
Trd, 000253.300, 175
Trd, 000253.933, 180
Trd, 000255.017, 179
Trd, 000255.850, 178
Trd, 000256.033, 179
Trd, 000256.750, 176
Trd, 000257.117, 176
Trd, 000257.233, 177
Trd, 000257.950, 175
Trd, 000258.250, 176
Trd, 000258.517, 181
Trd, 000258.550, 181
Trd, 000259.117, 183
Trd, 000259.483, 180
Trd, 000260.050, 177
Trd, 000260.567, 174
Trd, 000261.083, 176
Trd, 000261.317, 175
Trd, 000261.633, 174
Trd, 000262.033, 170
Trd, 000262.850, 163
Trd, 000263.367, 167
Trd, 000263.983, 159
Trd, 000264.833, 160
Trd, 000264.867, 157
Trd, 000264.883, 158
Trd, 000265.350, 160
Trd, 000265.583, 161
Trd, 000266.233, 161
Trd, 000266.367, 162
Trd, 000266.417, 163
Trd, 000266.500, 167
Trd, 000267.467, 175
Trd, 000267.533, 172
Trd, 000268.467, 177
Trd, 000268.483, 174
Trd, 000268.950, 178
Trd, 000269.067, 173
Trd, 000269.433, 177
Trd, 000269.550, 179
Trd, 000270.117, 174
Trd, 000270.483, 180
Trd, 000271.100, 182
Trd, 000272.050, 182
Trd, 000272.117, 176
Trd, 000272.200, 185
Trd, 000272.317, 175
Trd, 000272.517, 175
Trd, 000273.200, 177
Trd, 000273.833, 178
Trd, 000274.133, 177
Trd, 000274.233, 175
Trd, 000274.533, 178
Trd, 000275.017, 171
Trd, 000275.783, 178
Trd, 000276.367, 177
Trd, 000276.600, 174
Trd, 000276.733, 173
Trd, 000277.167, 174
Trd, 000277.433, 177
Trd, 000278.183, 176
Trd, 000278.667, 174
Trd, 000278.883, 175
Trd, 000278.983, 173
Trd, 000279.800, 177
Trd, 000280.150, 172
Trd, 000280.700, 173
Trd, 000280.850, 179
Trd, 000281.150, 181
Trd, 000281.567, 172
Trd, 000282.333, 179
Trd, 000282.367, 180
Trd, 000282.433, 183
Trd, 000282.767, 193
Trd, 000283.500, 178
Trd, 000284.400, 189
Trd, 000284.467, 178
Trd, 000284.700, 179
Trd, 000284.883, 178
Trd, 000285.717, 186
Trd, 000285.833, 181
Trd, 000286.967, 183
Trd, 000287.067, 178
Trd, 000288.083, 185
Trd, 000288.483, 184
Trd, 000288.783, 180
Trd, 000289.500, 180
Trd, 000289.933, 180
Trd, 000290.050, 179
Trd, 000290.200, 179
Trd, 000290.633, 180
Trd, 000290.767, 179
Trd, 000290.983, 182
Trd, 000291.383, 184
Trd, 000291.567, 178
Trd, 000291.750, 190
Trd, 000291.900, 173
Trd, 000291.983, 166
Trd, 000292.300, 186
Trd, 000292.667, 194
Trd, 000293.150, 189
Trd, 000293.533, 185
Trd, 000293.583, 184
Trd, 000293.850, 185
Trd, 000294.217, 187
Trd, 000294.667, 187
Trd, 000294.817, 185
Trd, 000295.533, 178
Trd, 000295.583, 177
Trd, 000296.533, 178
Trd, 000296.550, 187
Trd, 000297.100, 178
Trd, 000297.167, 173
Trd, 000298.117, 167
Trd, 000298.350, 162
Trd, 000298.917, 171
Trd, 000299.417, 181
Trd, 000299.533, 182
