Trd, 000001.767, 126
Trd, 000002.250, 106
Trd, 000002.533, 119
Trd, 000003.867, 121
Trd, 000004.333, 122
Trd, 000004.517, 131
Trd, 000004.600, 120
Trd, 000005.217, 132
Trd, 000005.283, 136
Trd, 000005.300, 131
Trd, 000005.317, 141
Trd, 000005.383, 158
Trd, 000006.067, 137
Trd, 000006.733, 136
Trd, 000006.900, 154
Trd, 000007.083, 155
Trd, 000007.700, 146
Trd, 000008.450, 139
Trd, 000008.783, 153
Trd, 000009.617, 148
Trd, 000009.783, 145
Trd, 000010.550, 145
Trd, 000010.867, 147
Trd, 000010.900, 145
Trd, 000011.500, 158
Trd, 000012.483, 150
Trd, 000013.000, 151
Trd, 000014.350, 151
Trd, 000014.533, 151
Trd, 000015.100, 137
Trd, 000015.333, 149
Trd, 000015.350, 134
Trd, 000015.550, 153
Trd, 000015.817, 144
Trd, 000015.883, 133
Trd, 000016.050, 129
Trd, 000016.117, 142
Trd, 000016.433, 145
Trd, 000016.950, 145
Trd, 000017.433, 145
Trd, 000017.550, 150
Trd, 000017.850, 130
Trd, 000018.333, 150
Trd, 000019.350, 147
Trd, 000019.617, 155
Trd, 000019.800, 164
Trd, 000020.417, 147
Trd, 000022.200, 153
Trd, 000022.317, 154
Trd, 000023.017, 152
Trd, 000023.483, 153
Trd, 000023.900, 153
Trd, 000024.100, 156
Trd, 000024.500, 160
Trd, 000024.533, 151
Trd, 000025.450, 151
Trd, 000026.433, 148
Trd, 000027.067, 154
Trd, 000027.417, 156
Trd, 000027.983, 156
Trd, 000029.500, 156
Trd, 000029.550, 155
Trd, 000029.650, 154
Trd, 000029.783, 151
Trd, 000030.133, 158
Trd, 000030.817, 147
Trd, 000031.083, 155
Trd, 000031.350, 151
Trd, 000032.333, 149
Trd, 000032.433, 161
Trd, 000032.600, 141
Trd, 000033.267, 153
Trd, 000034.533, 154
Trd, 000034.600, 139
Trd, 000035.300, 136
Trd, 000035.467, 143
Trd, 000035.783, 143
Trd, 000036.433, 135
Trd, 000036.800, 144
Trd, 000037.300, 145
Trd, 000037.767, 144
Trd, 000038.433, 145
Trd, 000038.967, 144
Trd, 000039.583, 162
Trd, 000039.850, 160
Trd, 000039.917, 158
Trd, 000039.983, 175
Trd, 000040.383, 163
Trd, 000040.417, 162
Trd, 000041.333, 155
Trd, 000042.250, 149
Trd, 000042.450, 150
Trd, 000042.550, 157
Trd, 000043.000, 158
Trd, 000043.083, 163
Trd, 000043.100, 163
Trd, 000043.383, 148
Trd, 000044.100, 143
Trd, 000044.333, 152
Trd, 000044.567, 145
Trd, 000045.417, 152
Trd, 000046.367, 167
Trd, 000046.583, 150
Trd, 000047.067, 150
Trd, 000049.117, 154
Trd, 000049.417, 151
Trd, 000049.583, 149
Trd, 000049.950, 153
Trd, 000049.983, 150
Trd, 000050.817, 150
Trd, 000050.950, 154
Trd, 000051.233, 149
Trd, 000052.433, 153
Trd, 000052.850, 146
Trd, 000053.317, 151
Trd, 000053.650, 146
Trd, 000053.817, 141
Trd, 000054.417, 138
Trd, 000054.567, 163
Trd, 000054.583, 139
Trd, 000055.317, 165
Trd, 000055.983, 148
Trd, 000056.167, 148
Trd, 000056.233, 149
Trd, 000056.450, 147
Trd, 000056.833, 147
Trd, 000058.100, 162
Trd, 000058.700, 142
Trd, 000059.617, 163
Trd, 000059.717, 160
Trd, 000059.817, 150
Trd, 000060.533, 143
Trd, 000060.767, 156
Trd, 000061.417, 159
Trd, 000061.683, 148
Trd, 000062.150, 161
Trd, 000063.783, 148
Trd, 000064.533, 147
Trd, 000064.683, 146
Trd, 000064.917, 136
Trd, 000065.000, 149
Trd, 000065.250, 146
Trd, 000065.317, 149
Trd, 000065.350, 150
Trd, 000066.183, 154
Trd, 000066.533, 158
Trd, 000068.117, 159
Trd, 000068.267, 160
Trd, 000069.033, 165
Trd, 000069.250, 158
Trd, 000070.683, 162
Trd, 000071.550, 158
Trd, 000072.133, 159
Trd, 000072.667, 161
Trd, 000072.717, 156
Trd, 000073.350, 163
Trd, 000073.733, 151
Trd, 000074.183, 163
Trd, 000075.083, 143
Trd, 000075.400, 162
Trd, 000075.417, 137
Trd, 000075.583, 164
Trd, 000076.200, 165
Trd, 000077.283, 158
Trd, 000077.850, 159
Trd, 000077.950, 158
Trd, 000078.067, 161
Trd, 000078.417, 157
Trd, 000078.467, 152
Trd, 000078.533, 159
Trd, 000079.867, 145
Trd, 000079.900, 146
Trd, 000080.133, 156
Trd, 000080.500, 143
Trd, 000080.633, 169
Trd, 000082.550, 159
Trd, 000082.733, 156
Trd, 000083.100, 161
Trd, 000083.233, 162
Trd, 000083.867, 155
Trd, 000083.983, 162
Trd, 000085.017, 164
Trd, 000085.217, 169
Trd, 000085.433, 169
Trd, 000085.850, 160
Trd, 000087.217, 154
Trd, 000087.750, 160
Trd, 000088.917, 163
Trd, 000089.400, 163
Trd, 000090.000, 160
Trd, 000090.033, 153
Trd, 000090.150, 150
Trd, 000090.233, 164
Trd, 000090.250, 167
Trd, 000090.867, 144
Trd, 000092.033, 149
Trd, 000093.000, 147
Trd, 000093.383, 149
Trd, 000093.400, 147
Trd, 000093.650, 145
Trd, 000093.850, 147
Trd, 000094.467, 146
Trd, 000094.567, 145
Trd, 000095.033, 155
Trd, 000095.317, 151
Trd, 000095.350, 157
Trd, 000096.050, 153
Trd, 000096.550, 182
Trd, 000096.917, 170
Trd, 000097.017, 157
Trd, 000097.117, 154
Trd, 000098.433, 167
Trd, 000099.267, 163
Trd, 000099.617, 162
Trd, 000100.717, 161
Trd, 000101.017, 161
Trd, 000101.583, 161
Trd, 000101.700, 160
Trd, 000101.883, 147
Trd, 000102.700, 159
Trd, 000102.767, 145
Trd, 000103.600, 167
Trd, 000104.017, 168
Trd, 000105.333, 162
Trd, 000105.467, 161
Trd, 000106.200, 172
Trd, 000106.700, 168
Trd, 000107.017, 167
Trd, 000107.783, 163
Trd, 000107.983, 162
Trd, 000108.733, 166
Trd, 000108.917, 162
Trd, 000108.950, 156
Trd, 000109.317, 156
Trd, 000109.817, 155
Trd, 000109.933, 150
Trd, 000110.617, 155
Trd, 000110.917, 145
Trd, 000111.500, 160
Trd, 000111.933, 162
Trd, 000112.067, 169
Trd, 000113.217, 152
Trd, 000113.583, 163
Trd, 000115.183, 162
Trd, 000115.450, 162
Trd, 000115.567, 161
Trd, 000116.367, 158
Trd, 000116.567, 161
Trd, 000116.767, 169
Trd, 000116.783, 154
Trd, 000118.400, 150
Trd, 000118.800, 153
Trd, 000118.883, 147
Trd, 000119.533, 156
Trd, 000119.700, 155
Trd, 000119.783, 159
Trd, 000120.017, 171
Trd, 000120.050, 154
Trd, 000120.133, 145
Trd, 000120.933, 171
Trd, 000121.417, 149
Trd, 000121.433, 172
Trd, 000121.533, 174
Trd, 000121.683, 192
Trd, 000121.717, 193
Trd, 000121.767, 194
Trd, 000122.017, 213
Trd, 000124.117, 323
Trd, 000125.283, 266
Trd, 000125.483, 306.0
Trd, 000126.233, 312
Trd, 000126.633, 319
Trd, 000126.700, 324
Trd, 000127.533, 319
Trd, 000127.817, 320.0
Trd, 000128.367, 320.0
Trd, 000128.533, 322
Trd, 000128.600, 327.0
Trd, 000129.400, 337.0
Trd, 000130.633, 326
Trd, 000130.650, 334.0
Trd, 000131.083, 326
Trd, 000131.250, 328
Trd, 000131.883, 325
Trd, 000131.900, 341.0
Trd, 000133.617, 336
Trd, 000133.733, 329
Trd, 000133.900, 337.0
Trd, 000134.050, 330
Trd, 000134.850, 331
Trd, 000135.150, 335
Trd, 000136.100, 341.0
Trd, 000136.350, 343
Trd, 000136.450, 359
Trd, 000137.067, 344.0
Trd, 000137.383, 337
Trd, 000137.550, 336
Trd, 000138.083, 346
Trd, 000138.450, 348.0
Trd, 000138.717, 336
Trd, 000139.100, 348
Trd, 000140.200, 356
Trd, 000140.817, 351
Trd, 000141.033, 345
Trd, 000141.283, 350
Trd, 000141.817, 332
Trd, 000142.700, 338
Trd, 000142.850, 347
Trd, 000142.867, 348
Trd, 000143.133, 337
Trd, 000143.333, 329
Trd, 000143.367, 341.0
Trd, 000143.383, 357
Trd, 000144.883, 363
Trd, 000145.017, 362
Trd, 000146.133, 352.0
Trd, 000147.600, 354
Trd, 000147.717, 351.0
Trd, 000148.483, 350
Trd, 000148.833, 349
Trd, 000149.717, 350
Trd, 000149.733, 349
Trd, 000149.933, 349
Trd, 000150.267, 344.0
Trd, 000150.850, 347
Trd, 000151.300, 343
Trd, 000151.900, 358
Trd, 000153.117, 338
Trd, 000153.600, 348.0
Trd, 000153.767, 344.0
Trd, 000154.300, 341
Trd, 000155.000, 339
Trd, 000155.017, 336
Trd, 000155.217, 348
Trd, 000156.000, 336
Trd, 000156.167, 341.0
Trd, 000157.217, 338
Trd, 000157.683, 341
Trd, 000157.883, 350
Trd, 000158.083, 341
Trd, 000158.150, 338
Trd, 000158.767, 351.0
Trd, 000159.133, 355
Trd, 000159.400, 341.0
Trd, 000160.350, 353
Trd, 000160.467, 351
Trd, 000161.867, 348
Trd, 000162.383, 351
Trd, 000162.733, 349.0
Trd, 000163.683, 350.0
Trd, 000163.933, 352
Trd, 000164.200, 349.0
Trd, 000164.750, 333
Trd, 000165.050, 341.0
Trd, 000166.100, 341
Trd, 000166.200, 343
Trd, 000166.333, 340
Trd, 000166.367, 353
Trd, 000167.867, 357
Trd, 000167.900, 358
Trd, 000167.950, 348
Trd, 000169.717, 344
Trd, 000169.850, 344.0
Trd, 000169.933, 342
Trd, 000170.183, 355
Trd, 000170.333, 351.0
Trd, 000171.100, 351
Trd, 000171.150, 350
Trd, 000171.233, 330
Trd, 000172.400, 342
Trd, 000173.383, 346
Trd, 000173.600, 348
Trd, 000174.050, 347
Trd, 000174.267, 347
Trd, 000175.000, 348
Trd, 000175.583, 345.0
Trd, 000175.700, 344.0
Trd, 000176.133, 338
Trd, 000177.400, 341.0
Trd, 000177.817, 341
Trd, 000177.867, 334
Trd, 000178.067, 341.0
Trd, 000178.333, 333
Trd, 000179.117, 339
Trd, 000179.517, 355
Trd, 000180.367, 342
Trd, 000180.783, 356
Trd, 000181.067, 341
Trd, 000181.083, 340
Trd, 000181.217, 357
Trd, 000181.250, 335
Trd, 000181.300, 330
Trd, 000181.700, 344
Trd, 000182.067, 335
Trd, 000182.217, 327.0
Trd, 000183.033, 317.0
Trd, 000183.200, 302
Trd, 000183.317, 300.0
Trd, 000183.383, 290
Trd, 000184.217, 253
Trd, 000184.367, 218
Trd, 000186.017, 211
Trd, 000187.450, 182
Trd, 000187.533, 172
Trd, 000189.183, 184
Trd, 000189.600, 179
Trd, 000189.633, 172
Trd, 000190.000, 170
Trd, 000190.217, 169
Trd, 000190.350, 178
Trd, 000191.033, 177
Trd, 000191.383, 170
Trd, 000191.950, 165
Trd, 000193.650, 174
Trd, 000194.067, 172
Trd, 000194.383, 173
Trd, 000194.467, 172
Trd, 000194.583, 171
Trd, 000195.117, 170
Trd, 000195.283, 171
Trd, 000195.583, 174
Trd, 000195.717, 175
Trd, 000195.967, 178
Trd, 000196.233, 178
Trd, 000196.433, 167
Trd, 000197.750, 180
Trd, 000197.967, 172
Trd, 000198.117, 171
Trd, 000198.817, 164
Trd, 000199.733, 181
Trd, 000200.267, 171
Trd, 000201.000, 171
Trd, 000201.350, 170
Trd, 000202.200, 159
Trd, 000202.317, 172
Trd, 000202.583, 172
Trd, 000202.700, 173
Trd, 000203.000, 179
Trd, 000203.433, 182
Trd, 000204.117, 157
Trd, 000205.233, 192
Trd, 000206.167, 164
Trd, 000206.417, 157
Trd, 000206.783, 162
Trd, 000207.200, 172
Trd, 000207.650, 168
Trd, 000208.967, 162
Trd, 000209.483, 152
Trd, 000209.683, 155
Trd, 000210.233, 160
Trd, 000210.367, 161
Trd, 000210.767, 161
Trd, 000211.100, 162
Trd, 000211.600, 168
Trd, 000212.000, 167
Trd, 000212.150, 169
Trd, 000212.183, 165
Trd, 000213.117, 170
Trd, 000214.150, 179
Trd, 000214.450, 183
Trd, 000215.150, 185
Trd, 000215.383, 185
Trd, 000215.583, 192
Trd, 000215.783, 180
Trd, 000215.967, 191
Trd, 000216.483, 165
Trd, 000216.717, 157
Trd, 000216.967, 154
Trd, 000217.133, 182
Trd, 000218.133, 173
Trd, 000218.633, 170
Trd, 000218.783, 180
Trd, 000218.983, 151
Trd, 000220.283, 170
Trd, 000220.417, 171
Trd, 000220.583, 166
Trd, 000220.617, 155
Trd, 000221.600, 178
Trd, 000221.983, 178
Trd, 000222.817, 167
Trd, 000223.067, 166
Trd, 000223.117, 170
Trd, 000223.333, 159
Trd, 000223.633, 167
Trd, 000224.167, 167
Trd, 000224.583, 157
Trd, 000224.617, 157
Trd, 000224.750, 167
Trd, 000225.750, 162
Trd, 000226.167, 167
Trd, 000226.400, 174
Trd, 000227.267, 157
Trd, 000228.767, 172
Trd, 000229.200, 172
Trd, 000229.567, 173
Trd, 000229.583, 172
Trd, 000229.783, 171
Trd, 000230.017, 173
Trd, 000230.633, 168
Trd, 000230.833, 172
Trd, 000230.883, 164
Trd, 000231.850, 167
Trd, 000231.950, 181
Trd, 000232.467, 159
Trd, 000233.050, 177
Trd, 000234.933, 174
Trd, 000235.533, 175
Trd, 000235.817, 167
Trd, 000236.183, 175
Trd, 000236.267, 160
Trd, 000236.283, 175
Trd, 000236.767, 168
Trd, 000237.383, 176
Trd, 000237.883, 176
Trd, 000238.600, 168
Trd, 000238.700, 158
Trd, 000239.717, 164
Trd, 000239.850, 165
Trd, 000240.083, 172
Trd, 000240.133, 182
Trd, 000240.767, 182
Trd, 000240.783, 181
Trd, 000241.583, 175
Trd, 000241.867, 173
Trd, 000241.900, 173
Trd, 000242.533, 181
Trd, 000243.000, 183
Trd, 000243.033, 186
Trd, 000243.067, 175
Trd, 000243.350, 187
Trd, 000243.583, 175
Trd, 000244.250, 182
Trd, 000244.433, 175
Trd, 000244.750, 178
Trd, 000245.550, 179
Trd, 000246.300, 177
Trd, 000246.617, 179
Trd, 000247.350, 177
Trd, 000247.950, 175
Trd, 000248.033, 179
Trd, 000248.433, 176
Trd, 000248.700, 168
Trd, 000248.833, 169
Trd, 000248.883, 166
Trd, 000249.267, 176
Trd, 000249.383, 174
Trd, 000249.633, 161
Trd, 000249.700, 176
Trd, 000249.733, 160
Trd, 000249.783, 180
Trd, 000251.000, 169
Trd, 000251.117, 159
Trd, 000251.533, 178
Trd, 000251.700, 179
Trd, 000251.900, 178
Trd, 000252.100, 176
Trd, 000252.167, 179
Trd, 000252.633, 172
Trd, 000253.567, 175
Trd, 000253.967, 177
Trd, 000254.817, 175
Trd, 000255.783, 172
Trd, 000255.800, 175
Trd, 000256.250, 174
Trd, 000256.633, 169
Trd, 000257.050, 169
Trd, 000257.300, 171
Trd, 000257.450, 172
Trd, 000257.567, 159
Trd, 000258.533, 169
Trd, 000258.750, 167
Trd, 000258.850, 155
Trd, 000259.783, 177
Trd, 000260.233, 177
Trd, 000260.533, 180
Trd, 000260.900, 180
Trd, 000260.917, 179
Trd, 000261.150, 181
Trd, 000261.750, 184
Trd, 000262.083, 181
Trd, 000262.383, 190
Trd, 000262.967, 182
Trd, 000263.217, 186
Trd, 000263.533, 186
Trd, 000263.950, 183
Trd, 000264.550, 181
Trd, 000265.133, 181
Trd, 000265.183, 177
Trd, 000265.767, 170
Trd, 000265.983, 168
Trd, 000266.383, 166
Trd, 000267.150, 167
Trd, 000267.317, 158
Trd, 000268.617, 169
Trd, 000269.050, 169
Trd, 000269.367, 169
Trd, 000269.750, 169
Trd, 000269.883, 172
Trd, 000270.350, 169
Trd, 000270.450, 168
Trd, 000270.467, 170
Trd, 000270.483, 175
Trd, 000270.700, 178
Trd, 000272.500, 179
Trd, 000272.667, 182
Trd, 000273.367, 174
Trd, 000273.450, 173
Trd, 000273.550, 171
Trd, 000275.067, 182
Trd, 000275.317, 183
Trd, 000275.550, 182
Trd, 000275.800, 182
Trd, 000276.017, 180
Trd, 000276.067, 183
Trd, 000276.417, 178
Trd, 000276.717, 169
Trd, 000277.050, 174
Trd, 000277.250, 175
Trd, 000278.167, 172
Trd, 000278.417, 178
Trd, 000278.533, 185
Trd, 000278.850, 183
Trd, 000279.550, 178
Trd, 000280.017, 183
Trd, 000280.267, 174
Trd, 000280.967, 183
Trd, 000281.817, 180
Trd, 000281.900, 178
Trd, 000281.967, 173
Trd, 000282.117, 182
Trd, 000282.200, 169
Trd, 000282.700, 183
Trd, 000282.833, 165
Trd, 000282.900, 183
Trd, 000284.117, 179
Trd, 000284.233, 163
Trd, 000284.450, 163
Trd, 000285.400, 172
Trd, 000286.583, 179
Trd, 000286.667, 180
Trd, 000287.033, 181
Trd, 000287.783, 175
Trd, 000288.333, 179
Trd, 000288.350, 181
Trd, 000288.517, 183
Trd, 000288.800, 180
Trd, 000288.967, 175
Trd, 000289.567, 174
Trd, 000289.967, 173
Trd, 000290.183, 172
Trd, 000291.383, 171
Trd, 000291.917, 182
Trd, 000292.150, 180
Trd, 000292.400, 184
Trd, 000292.600, 176
Trd, 000292.833, 173
Trd, 000293.383, 171
Trd, 000293.683, 170
Trd, 000294.250, 174
Trd, 000294.550, 176
Trd, 000294.933, 177
Trd, 000295.167, 167
Trd, 000295.783, 176
Trd, 000296.033, 166
Trd, 000296.300, 165
Trd, 000296.733, 177
Trd, 000296.900, 184
Trd, 000297.433, 181
Trd, 000297.783, 174
Trd, 000298.950, 183
Trd, 000299.283, 184
Trd, 000299.333, 183
Trd, 000299.367, 181
Trd, 000299.483, 163
Trd, 000299.517, 185
