Trd, 000002.217, 137
Trd, 000002.350, 141
Trd, 000002.883, 148
Trd, 000003.083, 133
Trd, 000003.300, 150
Trd, 000003.317, 131
Trd, 000004.217, 150
Trd, 000005.350, 141
Trd, 000005.817, 151
Trd, 000006.267, 150
Trd, 000006.767, 155
Trd, 000007.600, 155
Trd, 000008.150, 153
Trd, 000008.483, 153
Trd, 000008.917, 152
Trd, 000009.567, 150
Trd, 000009.917, 151
Trd, 000010.133, 152
Trd, 000010.600, 150
Trd, 000010.883, 149
Trd, 000011.150, 150
Trd, 000011.683, 149
Trd, 000012.200, 144
Trd, 000012.333, 149
Trd, 000012.633, 149
Trd, 000012.883, 149
Trd, 000013.600, 150
Trd, 000014.717, 145
Trd, 000014.817, 156
Trd, 000015.600, 151
Trd, 000015.750, 152
Trd, 000016.433, 149
Trd, 000016.817, 153
Trd, 000017.250, 152
Trd, 000017.483, 152
Trd, 000018.000, 150
Trd, 000018.933, 151
Trd, 000019.217, 152
Trd, 000019.433, 150
Trd, 000020.317, 147
Trd, 000020.450, 153
Trd, 000020.650, 153
Trd, 000021.017, 160
Trd, 000021.183, 150
Trd, 000021.833, 165
Trd, 000022.783, 167
Trd, 000023.517, 166
Trd, 000023.617, 164
Trd, 000024.567, 165
Trd, 000024.767, 162
Trd, 000024.783, 157
Trd, 000025.700, 165
Trd, 000026.017, 164
Trd, 000027.133, 157
Trd, 000028.067, 157
Trd, 000028.300, 157
Trd, 000028.483, 160
Trd, 000028.850, 145
Trd, 000030.367, 154
Trd, 000030.550, 157
Trd, 000031.567, 156
Trd, 000032.000, 156
Trd, 000032.950, 156
Trd, 000033.033, 153
Trd, 000034.050, 155
Trd, 000034.417, 152
Trd, 000034.617, 154
Trd, 000034.983, 154
Trd, 000035.100, 154
Trd, 000035.317, 155
Trd, 000035.367, 161
Trd, 000036.383, 164
Trd, 000036.983, 162
Trd, 000037.567, 162
Trd, 000038.800, 157
Trd, 000039.050, 158
Trd, 000039.217, 159
Trd, 000039.417, 156
Trd, 000040.167, 155
Trd, 000041.417, 152
Trd, 000041.750, 153
Trd, 000042.717, 151
Trd, 000042.733, 162
Trd, 000042.783, 166
Trd, 000043.500, 149
Trd, 000044.033, 149
Trd, 000044.267, 153
Trd, 000044.583, 149
Trd, 000045.367, 151
Trd, 000045.817, 152
Trd, 000046.050, 150
Trd, 000047.183, 151
Trd, 000047.733, 152
Trd, 000048.117, 148
Trd, 000048.483, 145
Trd, 000048.550, 155
Trd, 000048.667, 156
Trd, 000049.117, 145
Trd, 000049.483, 155
Trd, 000049.883, 151
Trd, 000050.133, 152
Trd, 000051.317, 152
Trd, 000051.700, 151
Trd, 000052.033, 151
Trd, 000052.333, 149
Trd, 000053.367, 150
Trd, 000053.417, 149
Trd, 000053.500, 153
Trd, 000054.117, 146
Trd, 000055.000, 140
Trd, 000055.150, 143
Trd, 000055.317, 156
Trd, 000055.500, 163
Trd, 000055.750, 156
Trd, 000056.633, 161
Trd, 000057.183, 169
Trd, 000058.233, 164
Trd, 000058.733, 162
Trd, 000059.383, 164
Trd, 000059.400, 163
Trd, 000059.467, 162
Trd, 000060.650, 163
Trd, 000060.867, 164
Trd, 000061.467, 157
Trd, 000061.800, 158
Trd, 000062.033, 148
Trd, 000062.500, 156
Trd, 000063.017, 152
Trd, 000063.150, 154
Trd, 000063.433, 151
Trd, 000063.633, 150
Trd, 000065.317, 151
Trd, 000065.383, 149
Trd, 000066.333, 149
Trd, 000066.983, 150
Trd, 000068.450, 153
Trd, 000069.200, 150
Trd, 000069.500, 151
Trd, 000069.517, 155
Trd, 000069.667, 157
Trd, 000070.233, 149
Trd, 000070.367, 157
Trd, 000070.583, 148
Trd, 000071.033, 147
Trd, 000071.817, 127
Trd, 000073.267, 148
Trd, 000073.300, 146
Trd, 000073.733, 148
Trd, 000073.850, 149
Trd, 000073.933, 149
Trd, 000074.317, 155
Trd, 000074.883, 158
Trd, 000075.633, 158
Trd, 000076.450, 158
Trd, 000076.533, 158
Trd, 000078.667, 156
Trd, 000078.783, 158
Trd, 000079.400, 157
Trd, 000080.117, 155
Trd, 000080.150, 156
Trd, 000080.167, 157
Trd, 000080.333, 159
Trd, 000081.350, 160
Trd, 000082.300, 162
Trd, 000082.400, 161
Trd, 000082.850, 162
Trd, 000083.067, 158
Trd, 000083.167, 162
Trd, 000083.933, 159
Trd, 000084.600, 159
Trd, 000084.833, 159
Trd, 000087.167, 159
Trd, 000087.233, 160
Trd, 000087.550, 160
Trd, 000087.883, 165
Trd, 000089.033, 164
Trd, 000089.133, 166
Trd, 000089.950, 163
Trd, 000091.017, 161
Trd, 000091.383, 163
Trd, 000091.833, 158
Trd, 000093.500, 161
Trd, 000093.733, 162
Trd, 000094.200, 160
Trd, 000094.250, 160
Trd, 000095.083, 160
Trd, 000095.917, 160
Trd, 000096.333, 160
Trd, 000096.717, 165
Trd, 000097.017, 164
Trd, 000097.433, 166
Trd, 000097.450, 164
Trd, 000097.650, 161
Trd, 000098.067, 171
Trd, 000098.483, 168
Trd, 000100.633, 163
Trd, 000101.133, 163
Trd, 000101.700, 162
Trd, 000101.933, 161
Trd, 000102.150, 162
Trd, 000102.267, 161
Trd, 000102.383, 161
Trd, 000102.800, 164
Trd, 000103.583, 159
Trd, 000104.117, 169
Trd, 000104.267, 170
Trd, 000104.533, 161
Trd, 000104.817, 158
Trd, 000105.400, 153
Trd, 000105.717, 161
Trd, 000106.917, 158
Trd, 000107.317, 159
Trd, 000107.683, 158
Trd, 000107.750, 156
Trd, 000107.850, 152
Trd, 000108.800, 158
Trd, 000109.117, 160
Trd, 000110.033, 152
Trd, 000110.050, 152
Trd, 000111.250, 155
Trd, 000112.200, 155
Trd, 000112.767, 154
Trd, 000112.917, 154
Trd, 000112.950, 155
Trd, 000113.450, 156
Trd, 000114.350, 152
Trd, 000115.233, 151
Trd, 000115.683, 156
Trd, 000116.500, 156
Trd, 000116.750, 158
Trd, 000117.500, 158
Trd, 000118.533, 159
Trd, 000118.567, 153
Trd, 000118.700, 162
Trd, 000118.900, 170
Trd, 000120.117, 163
Trd, 000120.683, 161
Trd, 000120.867, 164
Trd, 000121.017, 165
Trd, 000122.000, 166
Trd, 000122.333, 174
Trd, 000122.400, 184
Trd, 000122.950, 205
Trd, 000123.933, 183
Trd, 000123.983, 296
Trd, 000124.050, 303.0
Trd, 000124.967, 239
Trd, 000125.383, 334
Trd, 000126.050, 337
Trd, 000126.800, 341
Trd, 000127.017, 342
Trd, 000127.683, 340
Trd, 000127.833, 341.0
Trd, 000128.133, 348.0
Trd, 000128.883, 341
Trd, 000129.050, 337
Trd, 000129.150, 342
Trd, 000129.400, 351
Trd, 000129.883, 323
Trd, 000130.217, 348.0
Trd, 000131.517, 350
Trd, 000131.783, 347
Trd, 000131.933, 351
Trd, 000132.233, 336
Trd, 000133.433, 333
Trd, 000134.150, 335
Trd, 000134.250, 333
Trd, 000134.517, 336
Trd, 000135.217, 331
Trd, 000135.633, 335
Trd, 000135.783, 336
Trd, 000135.950, 337
Trd, 000136.433, 348.0
Trd, 000136.617, 351
Trd, 000137.150, 358.0
Trd, 000138.433, 346
Trd, 000140.167, 348
Trd, 000140.800, 345
Trd, 000141.217, 346
Trd, 000141.550, 344
Trd, 000141.567, 343
Trd, 000141.883, 343
Trd, 000142.800, 342
Trd, 000143.183, 344
Trd, 000143.500, 348
Trd, 000143.650, 358.0
Trd, 000144.583, 365.0
Trd, 000144.950, 342.0
Trd, 000145.467, 348
Trd, 000147.283, 350.0
Trd, 000147.800, 348.0
Trd, 000147.833, 350
Trd, 000148.033, 355
Trd, 000148.250, 352
Trd, 000148.433, 344
Trd, 000150.033, 345.0
Trd, 000150.283, 349
Trd, 000152.417, 351
Trd, 000152.733, 352
Trd, 000152.783, 348
Trd, 000153.800, 348.0
Trd, 000154.517, 344
Trd, 000155.050, 345
Trd, 000155.500, 347
Trd, 000155.967, 345
Trd, 000156.267, 341
Trd, 000157.083, 341
Trd, 000157.100, 342
Trd, 000157.500, 339
Trd, 000157.883, 337
Trd, 000158.067, 338
Trd, 000158.267, 351
Trd, 000159.750, 344.0
Trd, 000159.917, 342.0
Trd, 000160.167, 355.0
Trd, 000160.450, 341.0
Trd, 000160.983, 350
Trd, 000161.833, 351.0
Trd, 000161.917, 352
Trd, 000162.833, 343
Trd, 000163.333, 354
Trd, 000163.700, 348.0
Trd, 000163.833, 345
Trd, 000164.950, 351.0
Trd, 000165.067, 356
Trd, 000165.567, 348
Trd, 000166.367, 355.0
Trd, 000167.033, 341.0
Trd, 000167.183, 353
Trd, 000168.617, 342
Trd, 000168.983, 347
Trd, 000169.083, 338
Trd, 000169.667, 348.0
Trd, 000170.033, 347
Trd, 000171.533, 341
Trd, 000172.150, 341
Trd, 000172.833, 341
Trd, 000173.300, 347.0
Trd, 000173.317, 339
Trd, 000173.483, 332
Trd, 000173.967, 336
Trd, 000174.983, 350
Trd, 000175.233, 347
Trd, 000175.283, 348
Trd, 000175.533, 331
Trd, 000176.617, 352
Trd, 000177.633, 347
Trd, 000178.000, 348
Trd, 000178.117, 347
Trd, 000178.717, 346
Trd, 000180.400, 344
Trd, 000181.150, 349
Trd, 000181.317, 348.0
Trd, 000181.717, 346
Trd, 000181.867, 345
Trd, 000181.883, 347
Trd, 000182.000, 342
Trd, 000182.133, 341.0
Trd, 000182.483, 332
Trd, 000182.500, 322
Trd, 000182.683, 316
Trd, 000183.033, 300.0
Trd, 000183.267, 280
Trd, 000183.467, 259
Trd, 000183.567, 207
Trd, 000184.717, 316
Trd, 000185.100, 214
Trd, 000185.533, 200
Trd, 000186.717, 194
Trd, 000187.033, 193
Trd, 000187.650, 182
Trd, 000187.700, 181
Trd, 000189.067, 201
Trd, 000190.017, 161
Trd, 000190.083, 184
Trd, 000190.800, 166
Trd, 000191.000, 178
Trd, 000191.100, 160
Trd, 000192.167, 173
Trd, 000192.467, 173
Trd, 000192.717, 172
Trd, 000193.317, 167
Trd, 000194.067, 171
Trd, 000194.133, 170
Trd, 000194.517, 163
Trd, 000195.700, 166
Trd, 000196.450, 167
Trd, 000196.733, 170
Trd, 000197.933, 166
Trd, 000198.317, 163
Trd, 000198.450, 167
Trd, 000199.133, 163
Trd, 000199.250, 169
Trd, 000200.600, 170
Trd, 000200.833, 172
Trd, 000200.883, 168
Trd, 000201.150, 169
Trd, 000201.717, 166
Trd, 000201.800, 168
Trd, 000202.917, 165
Trd, 000203.400, 165
Trd, 000204.200, 167
Trd, 000204.667, 168
Trd, 000204.850, 169
Trd, 000205.017, 171
Trd, 000205.417, 178
Trd, 000206.583, 170
Trd, 000207.083, 170
Trd, 000207.867, 163
Trd, 000208.733, 167
Trd, 000209.283, 168
Trd, 000209.733, 167
Trd, 000209.817, 166
Trd, 000210.733, 167
Trd, 000210.817, 167
Trd, 000211.717, 167
Trd, 000212.317, 168
Trd, 000212.717, 172
Trd, 000212.883, 178
Trd, 000213.800, 173
Trd, 000214.700, 172
Trd, 000215.383, 172
Trd, 000215.933, 169
Trd, 000216.367, 171
Trd, 000216.517, 173
Trd, 000217.267, 164
Trd, 000217.333, 170
Trd, 000217.750, 163
Trd, 000217.900, 172
Trd, 000218.817, 172
Trd, 000219.400, 171
Trd, 000219.683, 174
Trd, 000220.850, 174
Trd, 000220.967, 175
Trd, 000221.083, 174
Trd, 000221.533, 170
Trd, 000222.050, 174
Trd, 000222.317, 168
Trd, 000223.350, 165
Trd, 000224.483, 164
Trd, 000224.967, 164
Trd, 000224.983, 165
Trd, 000225.317, 164
Trd, 000225.617, 175
Trd, 000226.017, 167
Trd, 000226.717, 171
Trd, 000227.117, 174
Trd, 000227.900, 174
Trd, 000229.517, 173
Trd, 000229.833, 174
Trd, 000229.933, 168
Trd, 000230.417, 169
Trd, 000230.483, 175
Trd, 000231.583, 178
Trd, 000231.633, 178
Trd, 000232.367, 175
Trd, 000232.450, 181
Trd, 000234.200, 179
Trd, 000234.517, 174
Trd, 000235.567, 175
Trd, 000235.617, 171
Trd, 000235.733, 176
Trd, 000236.417, 177
Trd, 000237.117, 172
Trd, 000238.633, 174
Trd, 000239.833, 167
Trd, 000239.900, 171
Trd, 000239.950, 172
Trd, 000240.283, 170
Trd, 000240.867, 170
Trd, 000241.117, 170
Trd, 000241.133, 169
Trd, 000241.350, 169
Trd, 000241.983, 170
Trd, 000242.767, 169
Trd, 000242.817, 168
Trd, 000242.983, 171
Trd, 000243.217, 169
Trd, 000243.400, 172
Trd, 000244.650, 172
Trd, 000244.933, 171
Trd, 000245.533, 168
Trd, 000245.917, 170
Trd, 000246.283, 171
Trd, 000246.417, 172
Trd, 000247.100, 173
Trd, 000247.533, 173
Trd, 000247.550, 175
Trd, 000248.700, 172
Trd, 000248.900, 171
Trd, 000249.467, 169
Trd, 000249.667, 172
Trd, 000249.783, 173
Trd, 000250.067, 176
Trd, 000250.533, 175
Trd, 000250.700, 176
Trd, 000251.117, 179
Trd, 000251.283, 179
Trd, 000251.400, 180
Trd, 000252.050, 183
Trd, 000252.533, 185
Trd, 000252.567, 190
Trd, 000252.983, 188
Trd, 000254.450, 173
Trd, 000255.033, 174
Trd, 000255.367, 176
Trd, 000255.767, 172
Trd, 000255.967, 168
Trd, 000256.033, 173
Trd, 000256.283, 169
Trd, 000256.983, 171
Trd, 000257.483, 169
Trd, 000257.633, 168
Trd, 000258.283, 169
Trd, 000258.583, 170
Trd, 000258.683, 168
Trd, 000259.167, 167
Trd, 000260.117, 170
Trd, 000260.400, 174
Trd, 000260.583, 177
Trd, 000261.733, 176
Trd, 000262.283, 175
Trd, 000262.750, 175
Trd, 000262.767, 176
Trd, 000263.183, 175
Trd, 000263.567, 177
Trd, 000263.850, 174
Trd, 000264.100, 179
Trd, 000264.800, 173
Trd, 000265.083, 170
Trd, 000265.250, 169
Trd, 000265.917, 176
Trd, 000266.333, 176
Trd, 000266.633, 177
Trd, 000266.650, 176
Trd, 000266.817, 169
Trd, 000266.900, 167
Trd, 000267.650, 177
Trd, 000268.017, 170
Trd, 000268.317, 184
Trd, 000268.883, 185
Trd, 000269.100, 189
Trd, 000269.900, 185
Trd, 000270.450, 190
Trd, 000270.783, 189
Trd, 000271.400, 185
Trd, 000271.950, 181
Trd, 000272.183, 181
Trd, 000272.200, 184
Trd, 000272.583, 184
Trd, 000273.183, 183
Trd, 000273.483, 189
Trd, 000273.600, 192
Trd, 000273.667, 180
Trd, 000274.400, 187
Trd, 000274.433, 179
Trd, 000274.900, 178
Trd, 000275.750, 182
Trd, 000275.950, 180
Trd, 000276.267, 179
Trd, 000276.550, 175
Trd, 000277.400, 180
Trd, 000277.533, 180
Trd, 000277.567, 181
Trd, 000278.233, 183
Trd, 000278.383, 182
Trd, 000278.583, 175
Trd, 000280.717, 179
Trd, 000281.367, 177
Trd, 000281.383, 179
Trd, 000281.467, 177
Trd, 000281.800, 176
Trd, 000282.117, 176
Trd, 000282.567, 171
Trd, 000284.033, 175
Trd, 000284.067, 176
Trd, 000284.117, 173
Trd, 000284.217, 169
Trd, 000284.550, 177
Trd, 000284.967, 179
Trd, 000285.067, 186
Trd, 000285.350, 186
Trd, 000285.650, 176
Trd, 000285.733, 188
Trd, 000286.100, 187
Trd, 000286.350, 179
Trd, 000287.333, 171
Trd, 000287.883, 177
Trd, 000288.017, 172
Trd, 000288.500, 171
Trd, 000288.583, 170
Trd, 000289.967, 168
Trd, 000290.233, 169
Trd, 000290.467, 171
Trd, 000291.100, 185
Trd, 000291.400, 167
Trd, 000291.500, 179
Trd, 000291.733, 171
Trd, 000292.167, 187
Trd, 000292.350, 168
Trd, 000292.600, 185
Trd, 000292.883, 186
Trd, 000292.900, 191
Trd, 000293.250, 169
Trd, 000293.817, 176
Trd, 000293.883, 177
Trd, 000294.033, 180
Trd, 000294.883, 178
Trd, 000295.050, 166
Trd, 000295.667, 175
Trd, 000297.283, 176
Trd, 000297.750, 179
Trd, 000298.117, 174
Trd, 000298.150, 180
Trd, 000298.783, 173
Trd, 000299.133, 179
Trd, 000299.517, 178
Trd, 000299.917, 175
