Trd, 000001.067, 129
Trd, 000001.683, 131
Trd, 000002.333, 136
Trd, 000003.000, 127
Trd, 000003.967, 134
Trd, 000004.067, 127
Trd, 000004.767, 137
Trd, 000005.433, 141
Trd, 000007.983, 140
Trd, 000008.083, 139
Trd, 000008.217, 137
Trd, 000008.667, 141
Trd, 000009.633, 135
Trd, 000009.717, 142
Trd, 000010.433, 158
Trd, 000010.767, 146
Trd, 000011.967, 146
Trd, 000012.833, 146
Trd, 000013.133, 146
Trd, 000013.667, 132
Trd, 000013.917, 143
Trd, 000015.567, 141
Trd, 000016.550, 145
Trd, 000018.217, 141
Trd, 000018.417, 144
Trd, 000020.167, 143
Trd, 000020.867, 145
Trd, 000021.467, 144
Trd, 000021.500, 146
Trd, 000021.817, 142
Trd, 000023.433, 142
Trd, 000023.533, 142
Trd, 000023.717, 143
Trd, 000023.800, 144
Trd, 000025.217, 144
Trd, 000025.283, 144
Trd, 000025.617, 153
Trd, 000025.650, 142
Trd, 000025.800, 158
Trd, 000027.800, 144
Trd, 000028.233, 147
Trd, 000029.717, 146
Trd, 000030.100, 145
Trd, 000030.400, 145
Trd, 000030.500, 147
Trd, 000031.367, 152
Trd, 000031.950, 154
Trd, 000031.983, 150
Trd, 000034.017, 153
Trd, 000034.433, 154
Trd, 000034.767, 154
Trd, 000035.217, 152
Trd, 000035.750, 144
Trd, 000037.233, 141
Trd, 000037.650, 147
Trd, 000037.683, 149
Trd, 000038.217, 148
Trd, 000038.567, 148
Trd, 000038.983, 154
Trd, 000039.050, 141
Trd, 000040.000, 155
Trd, 000040.733, 156
Trd, 000041.050, 163
Trd, 000041.167, 159
Trd, 000042.100, 161
Trd, 000043.933, 163
Trd, 000044.133, 170
Trd, 000045.150, 161
Trd, 000045.450, 162
Trd, 000047.283, 165
Trd, 000047.883, 166
Trd, 000048.483, 164
Trd, 000048.950, 165
Trd, 000049.333, 164
Trd, 000050.100, 162
Trd, 000050.133, 146
Trd, 000051.400, 140
Trd, 000051.983, 140
Trd, 000052.200, 140
Trd, 000052.600, 142
Trd, 000053.433, 140
Trd, 000053.933, 144
Trd, 000053.950, 145
Trd, 000054.100, 146
Trd, 000055.683, 145
Trd, 000056.150, 146
Trd, 000056.267, 156
Trd, 000056.450, 145
Trd, 000058.817, 165
Trd, 000058.867, 163
Trd, 000058.883, 162
Trd, 000059.283, 170
Trd, 000059.667, 140
Trd, 000060.283, 142
Trd, 000060.333, 143
Trd, 000061.333, 137
Trd, 000062.050, 145
Trd, 000062.200, 146
Trd, 000062.783, 154
Trd, 000063.100, 154
Trd, 000063.717, 155
Trd, 000063.733, 157
Trd, 000064.467, 159
Trd, 000065.250, 155
Trd, 000065.467, 151
Trd, 000065.550, 156
Trd, 000066.650, 157
Trd, 000067.967, 157
Trd, 000068.250, 157
Trd, 000069.383, 159
Trd, 000069.567, 158
Trd, 000069.633, 160
Trd, 000070.817, 169
Trd, 000071.083, 170
Trd, 000073.050, 169
Trd, 000073.250, 175
Trd, 000074.450, 168
Trd, 000075.000, 168
Trd, 000075.300, 167
Trd, 000075.517, 166
Trd, 000075.733, 164
Trd, 000075.883, 139
Trd, 000077.317, 141
Trd, 000077.900, 157
Trd, 000079.200, 158
Trd, 000080.617, 157
Trd, 000080.633, 154
Trd, 000080.933, 158
Trd, 000081.450, 156
Trd, 000082.467, 158
Trd, 000083.200, 156
Trd, 000083.600, 156
Trd, 000083.717, 155
Trd, 000084.067, 157
Trd, 000084.917, 155
Trd, 000086.817, 157
Trd, 000086.833, 159
Trd, 000087.833, 159
Trd, 000088.900, 160
Trd, 000089.500, 157
Trd, 000090.117, 158
Trd, 000090.517, 157
Trd, 000090.883, 156
Trd, 000091.083, 156
Trd, 000091.567, 158
Trd, 000091.833, 160
Trd, 000094.350, 156
Trd, 000094.633, 157
Trd, 000094.883, 158
Trd, 000094.967, 157
Trd, 000095.500, 156
Trd, 000095.750, 160
Trd, 000096.050, 155
Trd, 000096.083, 154
Trd, 000096.883, 161
Trd, 000098.017, 162
Trd, 000099.483, 165
Trd, 000099.667, 162
Trd, 000101.283, 163
Trd, 000101.500, 164
Trd, 000101.600, 164
Trd, 000102.033, 163
Trd, 000102.400, 144
Trd, 000103.117, 157
Trd, 000103.767, 161
Trd, 000103.983, 158
Trd, 000104.933, 177
Trd, 000105.600, 166
Trd, 000105.767, 164
Trd, 000107.483, 166
Trd, 000108.583, 165
Trd, 000108.750, 165
Trd, 000109.767, 144
Trd, 000110.483, 159
Trd, 000111.150, 159
Trd, 000111.667, 159
Trd, 000111.733, 160
Trd, 000111.767, 159
Trd, 000112.933, 159
Trd, 000113.550, 158
Trd, 000114.300, 156
Trd, 000114.500, 157
Trd, 000114.867, 155
Trd, 000115.067, 160
Trd, 000115.867, 148
Trd, 000116.283, 163
Trd, 000116.483, 145
Trd, 000118.217, 149
Trd, 000120.133, 153
Trd, 000120.500, 153
Trd, 000120.850, 152
Trd, 000120.900, 152
Trd, 000121.300, 151
Trd, 000121.333, 163
Trd, 000121.367, 171
Trd, 000121.800, 170
Trd, 000121.950, 180
Trd, 000122.867, 184
Trd, 000123.083, 194
Trd, 000123.333, 201
Trd, 000123.600, 228
Trd, 000124.217, 234
Trd, 000124.367, 276
Trd, 000124.567, 288
Trd, 000124.700, 301
Trd, 000125.283, 306.0
Trd, 000126.917, 310.0
Trd, 000127.250, 313.0
Trd, 000127.417, 306.0
Trd, 000127.667, 320
Trd, 000129.083, 311
Trd, 000130.683, 312.0
Trd, 000130.917, 313.0
Trd, 000132.133, 332
Trd, 000132.167, 330
Trd, 000132.233, 337.0
Trd, 000132.250, 351
Trd, 000134.267, 333
Trd, 000134.450, 333
Trd, 000134.883, 335.0
Trd, 000136.200, 334.0
Trd, 000137.083, 331.0
Trd, 000138.200, 335
Trd, 000139.850, 334
Trd, 000143.600, 337.0
Trd, 000143.717, 336.0
Trd, 000144.050, 339
Trd, 000144.483, 336.0
Trd, 000144.917, 337
Trd, 000146.383, 336
Trd, 000146.750, 336
Trd, 000147.017, 337.0
Trd, 000147.517, 335
Trd, 000150.133, 336.0
Trd, 000150.833, 334.0
Trd, 000150.950, 337.0
Trd, 000151.250, 337
Trd, 000152.333, 338
Trd, 000153.833, 336
Trd, 000153.933, 337
Trd, 000154.883, 337.0
Trd, 000155.250, 335
Trd, 000155.333, 333
Trd, 000157.717, 335.0
Trd, 000158.100, 336
Trd, 000158.200, 339
Trd, 000159.367, 335
Trd, 000161.883, 334.0
Trd, 000162.367, 335.0
Trd, 000162.633, 333
Trd, 000163.967, 333
Trd, 000164.383, 337.0
Trd, 000165.250, 337
Trd, 000165.750, 338
Trd, 000165.983, 332.0
Trd, 000169.200, 337.0
Trd, 000170.467, 337
Trd, 000170.817, 338.0
Trd, 000171.750, 339.0
Trd, 000172.050, 341.0
Trd, 000172.867, 338
Trd, 000173.983, 338
Trd, 000174.383, 338
Trd, 000175.683, 337
Trd, 000176.017, 338
Trd, 000176.817, 338
Trd, 000177.217, 334.0
Trd, 000178.167, 331.0
Trd, 000179.333, 335
Trd, 000179.383, 334.0
Trd, 000179.900, 331
Trd, 000180.017, 332
Trd, 000180.533, 334
Trd, 000181.383, 335
Trd, 000182.333, 333
Trd, 000183.183, 324.0
Trd, 000183.233, 320.0
Trd, 000183.650, 306.0
Trd, 000183.850, 245
Trd, 000184.167, 202
Trd, 000185.317, 227
Trd, 000185.850, 201
Trd, 000186.317, 200
Trd, 000186.567, 176
Trd, 000186.617, 191
Trd, 000187.417, 180
Trd, 000187.450, 193
Trd, 000188.133, 194
Trd, 000188.483, 185
Trd, 000188.600, 182
Trd, 000190.167, 184
Trd, 000190.183, 183
Trd, 000190.383, 182
Trd, 000191.383, 187
Trd, 000192.767, 183
Trd, 000192.850, 180
Trd, 000194.667, 176
Trd, 000195.250, 155
Trd, 000195.733, 167
Trd, 000198.067, 155
Trd, 000198.167, 154
Trd, 000198.433, 150
Trd, 000199.067, 151
Trd, 000199.083, 151
Trd, 000199.267, 152
Trd, 000199.483, 157
Trd, 000199.700, 157
Trd, 000200.000, 158
Trd, 000200.700, 161
Trd, 000201.867, 169
Trd, 000202.333, 169
Trd, 000203.733, 160
Trd, 000204.233, 160
Trd, 000204.267, 159
Trd, 000204.467, 157
Trd, 000205.400, 159
Trd, 000206.600, 159
Trd, 000207.150, 158
Trd, 000207.450, 158
Trd, 000207.783, 159
Trd, 000207.917, 158
Trd, 000208.917, 160
Trd, 000210.200, 158
Trd, 000212.450, 160
Trd, 000212.733, 158
Trd, 000212.900, 157
Trd, 000212.950, 160
Trd, 000213.833, 158
Trd, 000214.217, 160
Trd, 000215.617, 156
Trd, 000216.017, 162
Trd, 000216.833, 155
Trd, 000217.083, 155
Trd, 000220.567, 154
Trd, 000220.750, 155
Trd, 000220.850, 154
Trd, 000221.200, 156
Trd, 000221.233, 157
Trd, 000221.783, 156
Trd, 000222.217, 156
Trd, 000223.017, 157
Trd, 000223.833, 156
Trd, 000224.967, 156
Trd, 000226.367, 157
Trd, 000226.450, 158
Trd, 000226.683, 159
Trd, 000226.933, 159
Trd, 000227.000, 163
Trd, 000227.717, 160
Trd, 000228.083, 159
Trd, 000228.183, 164
Trd, 000229.617, 174
Trd, 000229.967, 158
Trd, 000230.083, 166
Trd, 000230.850, 194
Trd, 000231.733, 164
Trd, 000231.933, 174
Trd, 000232.517, 177
Trd, 000233.533, 173
Trd, 000233.550, 174
Trd, 000233.883, 160
Trd, 000235.183, 170
Trd, 000235.583, 169
Trd, 000235.883, 174
Trd, 000236.550, 178
Trd, 000237.933, 174
Trd, 000238.233, 174
Trd, 000239.917, 175
Trd, 000240.067, 175
Trd, 000240.700, 178
Trd, 000240.950, 178
Trd, 000241.267, 179
Trd, 000241.467, 177
Trd, 000242.100, 186
Trd, 000242.817, 185
Trd, 000243.133, 182
Trd, 000243.433, 180
Trd, 000243.517, 178
Trd, 000244.433, 182
Trd, 000244.567, 179
Trd, 000244.900, 179
Trd, 000245.917, 177
Trd, 000246.667, 179
Trd, 000247.167, 177
Trd, 000247.500, 180
Trd, 000247.667, 177
Trd, 000248.467, 178
Trd, 000248.950, 178
Trd, 000249.817, 177
Trd, 000250.200, 176
Trd, 000250.900, 177
Trd, 000250.950, 180
Trd, 000251.900, 177
Trd, 000252.000, 178
Trd, 000252.467, 177
Trd, 000252.517, 176
Trd, 000253.017, 176
Trd, 000254.050, 175
Trd, 000254.433, 176
Trd, 000254.583, 176
Trd, 000255.200, 174
Trd, 000255.300, 173
Trd, 000255.500, 162
Trd, 000255.817, 163
Trd, 000255.950, 159
Trd, 000256.150, 171
Trd, 000257.250, 165
Trd, 000257.433, 165
Trd, 000257.833, 170
Trd, 000257.867, 169
Trd, 000258.183, 170
Trd, 000258.950, 178
Trd, 000259.300, 175
Trd, 000259.417, 184
Trd, 000259.767, 181
Trd, 000262.667, 190
Trd, 000263.317, 184
Trd, 000263.517, 182
Trd, 000263.583, 181
Trd, 000263.783, 180
Trd, 000264.533, 181
Trd, 000264.733, 181
Trd, 000264.767, 180
Trd, 000265.333, 181
Trd, 000265.417, 180
Trd, 000265.750, 184
Trd, 000266.367, 186
Trd, 000267.067, 183
Trd, 000267.517, 189
Trd, 000267.883, 181
Trd, 000269.667, 182
Trd, 000269.900, 184
Trd, 000270.117, 183
Trd, 000270.150, 182
Trd, 000270.733, 185
Trd, 000271.100, 183
Trd, 000271.367, 184
Trd, 000271.717, 183
Trd, 000271.867, 182
Trd, 000271.917, 183
Trd, 000272.383, 192
Trd, 000272.650, 183
Trd, 000273.483, 183
Trd, 000273.683, 186
Trd, 000273.917, 189
Trd, 000274.117, 182
Trd, 000275.900, 181
Trd, 000276.133, 180
Trd, 000276.700, 180
Trd, 000276.800, 178
Trd, 000277.117, 175
Trd, 000277.500, 176
Trd, 000278.483, 179
Trd, 000278.517, 181
Trd, 000278.800, 177
Trd, 000279.167, 175
Trd, 000279.667, 174
Trd, 000279.933, 179
Trd, 000280.767, 177
Trd, 000280.850, 176
Trd, 000281.150, 176
Trd, 000281.650, 186
Trd, 000282.167, 190
Trd, 000282.350, 180
Trd, 000283.033, 184
Trd, 000283.383, 186
Trd, 000283.900, 183
Trd, 000284.917, 182
Trd, 000285.100, 179
Trd, 000285.183, 176
Trd, 000285.400, 189
Trd, 000285.617, 189
Trd, 000285.633, 190
Trd, 000286.500, 173
Trd, 000287.433, 179
Trd, 000287.550, 182
Trd, 000288.550, 182
Trd, 000288.567, 180
Trd, 000288.750, 181
Trd, 000289.917, 180
Trd, 000290.550, 182
Trd, 000291.050, 180
Trd, 000291.300, 179
Trd, 000292.050, 180
Trd, 000292.683, 180
Trd, 000292.800, 184
Trd, 000293.100, 187
Trd, 000293.800, 182
Trd, 000294.533, 183
Trd, 000294.833, 180
Trd, 000294.917, 184
Trd, 000295.600, 180
Trd, 000296.300, 180
Trd, 000296.533, 179
Trd, 000297.100, 177
Trd, 000297.500, 181
Trd, 000297.667, 178
Trd, 000298.950, 185
Trd, 000299.350, 181
Trd, 000299.500, 187
