Trd, 000002.217, 182
Trd, 000002.233, 176
Trd, 000002.417, 189
Trd, 000002.433, 164
Trd, 000002.767, 135
Trd, 000003.350, 136
Trd, 000004.100, 156
Trd, 000004.817, 165
Trd, 000005.017, 151
Trd, 000005.833, 153
Trd, 000006.117, 152
Trd, 000007.150, 155
Trd, 000007.200, 155
Trd, 000007.667, 157
Trd, 000007.867, 152
Trd, 000008.267, 155
Trd, 000009.117, 164
Trd, 000009.367, 166
Trd, 000009.417, 139
Trd, 000009.867, 153
Trd, 000010.000, 152
Trd, 000011.233, 156
Trd, 000011.300, 158
Trd, 000012.167, 161
Trd, 000012.467, 162
Trd, 000012.600, 152
Trd, 000013.217, 161
Trd, 000014.350, 144
Trd, 000014.483, 158
Trd, 000014.900, 150
Trd, 000015.717, 143
Trd, 000016.067, 148
Trd, 000016.317, 149
Trd, 000016.717, 150
Trd, 000016.800, 151
Trd, 000016.933, 153
Trd, 000018.100, 156
Trd, 000018.133, 152
Trd, 000019.350, 165
Trd, 000019.767, 167
Trd, 000020.217, 170
Trd, 000021.083, 153
Trd, 000021.200, 154
Trd, 000021.367, 151
Trd, 000022.367, 162
Trd, 000022.450, 168
Trd, 000022.750, 159
Trd, 000022.817, 151
Trd, 000023.017, 167
Trd, 000023.450, 170
Trd, 000023.467, 154
Trd, 000024.167, 158
Trd, 000024.600, 157
Trd, 000025.650, 174
Trd, 000025.717, 178
Trd, 000027.017, 156
Trd, 000027.683, 170
Trd, 000028.867, 166
Trd, 000028.883, 167
Trd, 000029.233, 167
Trd, 000029.467, 146
Trd, 000029.517, 148
Trd, 000029.767, 168
Trd, 000030.467, 167
Trd, 000031.000, 168
Trd, 000031.083, 170
Trd, 000031.200, 165
Trd, 000031.250, 156
Trd, 000031.750, 156
Trd, 000032.017, 171
Trd, 000032.550, 175
Trd, 000033.817, 171
Trd, 000034.150, 172
Trd, 000034.233, 172
Trd, 000035.217, 165
Trd, 000035.367, 164
Trd, 000035.450, 163
Trd, 000035.483, 156
Trd, 000035.750, 158
Trd, 000035.900, 154
Trd, 000036.200, 155
Trd, 000036.817, 170
Trd, 000038.250, 156
Trd, 000039.350, 163
Trd, 000039.367, 164
Trd, 000039.800, 177
Trd, 000040.550, 166
Trd, 000041.117, 166
Trd, 000041.300, 157
Trd, 000041.400, 156
Trd, 000041.833, 155
Trd, 000042.517, 155
Trd, 000043.600, 155
Trd, 000044.250, 165
Trd, 000044.367, 172
Trd, 000045.550, 173
Trd, 000045.800, 174
Trd, 000046.217, 164
Trd, 000046.317, 159
Trd, 000047.050, 169
Trd, 000047.117, 169
Trd, 000047.583, 166
Trd, 000047.667, 159
Trd, 000047.733, 145
Trd, 000047.867, 156
Trd, 000048.300, 162
Trd, 000048.667, 158
Trd, 000051.017, 161
Trd, 000051.483, 160
Trd, 000051.900, 158
Trd, 000052.633, 161
Trd, 000052.700, 156
Trd, 000052.767, 156
Trd, 000053.583, 160
Trd, 000053.883, 160
Trd, 000054.117, 160
Trd, 000054.183, 156
Trd, 000054.267, 173
Trd, 000054.850, 177
Trd, 000055.300, 167
Trd, 000055.667, 172
Trd, 000055.917, 160
Trd, 000056.033, 181
Trd, 000057.617, 169
Trd, 000057.683, 179
Trd, 000057.700, 168
Trd, 000058.067, 174
Trd, 000058.300, 182
Trd, 000059.083, 172
Trd, 000059.217, 173
Trd, 000059.533, 157
Trd, 000059.667, 147
Trd, 000060.150, 162
Trd, 000060.733, 167
Trd, 000061.367, 155
Trd, 000061.417, 154
Trd, 000061.633, 163
Trd, 000062.383, 154
Trd, 000062.700, 161
Trd, 000063.083, 171
Trd, 000063.667, 174
Trd, 000064.067, 142
Trd, 000064.933, 156
Trd, 000065.017, 151
Trd, 000066.300, 149
Trd, 000066.900, 154
Trd, 000067.167, 151
Trd, 000067.633, 155
Trd, 000067.650, 148
Trd, 000068.600, 150
Trd, 000068.833, 153
Trd, 000069.933, 153
Trd, 000070.500, 155
Trd, 000070.533, 162
Trd, 000070.700, 158
Trd, 000070.950, 172
Trd, 000071.117, 151
Trd, 000071.317, 159
Trd, 000071.583, 158
Trd, 000071.683, 173
Trd, 000071.883, 150
Trd, 000072.567, 158
Trd, 000073.483, 154
Trd, 000075.267, 155
Trd, 000075.500, 154
Trd, 000075.567, 150
Trd, 000076.150, 155
Trd, 000076.317, 172
Trd, 000076.683, 173
Trd, 000077.033, 150
Trd, 000077.333, 152
Trd, 000078.400, 157
Trd, 000078.467, 157
Trd, 000079.583, 149
Trd, 000079.750, 156
Trd, 000080.683, 158
Trd, 000081.100, 151
Trd, 000081.267, 156
Trd, 000081.900, 158
Trd, 000082.200, 158
Trd, 000083.017, 152
Trd, 000083.183, 151
Trd, 000083.600, 155
Trd, 000084.000, 156
Trd, 000084.333, 152
Trd, 000085.317, 159
Trd, 000085.517, 163
Trd, 000085.650, 173
Trd, 000086.600, 155
Trd, 000086.683, 157
Trd, 000087.600, 177
Trd, 000087.717, 171
Trd, 000088.067, 155
Trd, 000088.783, 170
Trd, 000088.917, 165
Trd, 000089.267, 162
Trd, 000089.750, 170
Trd, 000089.783, 171
Trd, 000090.650, 167
Trd, 000090.733, 161
Trd, 000091.183, 160
Trd, 000091.467, 160
Trd, 000091.733, 181
Trd, 000092.100, 185
Trd, 000092.483, 184
Trd, 000092.667, 187
Trd, 000093.417, 160
Trd, 000093.800, 150
Trd, 000095.567, 160
Trd, 000095.600, 168
Trd, 000095.883, 158
Trd, 000096.567, 158
Trd, 000096.683, 159
Trd, 000097.167, 160
Trd, 000097.883, 159
Trd, 000098.317, 155
Trd, 000098.433, 160
Trd, 000098.467, 161
Trd, 000099.133, 148
Trd, 000100.550, 157
Trd, 000100.950, 157
Trd, 000100.967, 165
Trd, 000101.500, 161
Trd, 000101.817, 164
Trd, 000102.033, 173
Trd, 000102.700, 159
Trd, 000103.000, 161
Trd, 000103.367, 160
Trd, 000103.683, 150
Trd, 000104.883, 171
Trd, 000105.100, 175
Trd, 000105.967, 165
Trd, 000106.467, 165
Trd, 000106.550, 164
Trd, 000106.683, 175
Trd, 000107.267, 164
Trd, 000107.650, 151
Trd, 000107.900, 176
Trd, 000108.183, 179
Trd, 000108.300, 189
Trd, 000108.767, 186
Trd, 000109.000, 175
Trd, 000109.983, 174
Trd, 000110.050, 165
Trd, 000110.350, 164
Trd, 000110.417, 162
Trd, 000110.950, 152
Trd, 000111.617, 173
Trd, 000112.050, 173
Trd, 000112.583, 172
Trd, 000112.883, 173
Trd, 000113.150, 163
Trd, 000114.117, 172
Trd, 000114.267, 173
Trd, 000114.367, 176
Trd, 000114.517, 162
Trd, 000114.533, 152
Trd, 000115.750, 160
Trd, 000116.017, 162
Trd, 000117.200, 167
Trd, 000117.567, 169
Trd, 000118.700, 158
Trd, 000119.033, 160
Trd, 000119.117, 159
Trd, 000119.350, 167
Trd, 000119.600, 168
Trd, 000119.667, 177
Trd, 000119.750, 158
Trd, 000120.767, 158
Trd, 000121.533, 154
Trd, 000121.650, 167
Trd, 000121.733, 188
Trd, 000122.350, 163
Trd, 000122.500, 191
Trd, 000122.533, 201
Trd, 000122.733, 235
Trd, 000123.067, 201
Trd, 000123.883, 295
Trd, 000123.983, 341.0
Trd, 000124.367, 342
Trd, 000124.783, 198
Trd, 000125.400, 337
Trd, 000125.967, 339
Trd, 000126.267, 340
Trd, 000126.633, 341
Trd, 000127.800, 341.0
Trd, 000128.250, 345
Trd, 000128.617, 351.0
Trd, 000128.700, 355
Trd, 000129.300, 350
Trd, 000129.317, 347
Trd, 000132.017, 344
Trd, 000132.133, 345
Trd, 000133.183, 343
Trd, 000133.933, 347
Trd, 000134.267, 349
Trd, 000134.550, 363
Trd, 000135.650, 344
Trd, 000136.100, 348.0
Trd, 000136.333, 344
Trd, 000137.217, 348.0
Trd, 000137.300, 343
Trd, 000137.367, 342
Trd, 000138.467, 353
Trd, 000138.783, 355.0
Trd, 000139.833, 348
Trd, 000139.917, 351.0
Trd, 000140.033, 341.0
Trd, 000141.617, 342
Trd, 000141.633, 346.0
Trd, 000141.800, 344
Trd, 000141.883, 348.0
Trd, 000142.283, 342
Trd, 000143.817, 345
Trd, 000143.867, 347
Trd, 000144.600, 343
Trd, 000144.733, 351
Trd, 000144.817, 351
Trd, 000145.100, 354.0
Trd, 000145.217, 345
Trd, 000145.500, 351.0
Trd, 000146.033, 355.0
Trd, 000146.200, 343
Trd, 000146.883, 353
Trd, 000146.983, 365
Trd, 000147.267, 343
Trd, 000147.567, 348.0
Trd, 000148.767, 342
Trd, 000149.600, 341.0
Trd, 000149.633, 343
Trd, 000150.317, 348.0
Trd, 000150.400, 351.0
Trd, 000150.683, 355.0
Trd, 000151.233, 346
Trd, 000153.450, 348
Trd, 000153.800, 354
Trd, 000154.833, 347
Trd, 000155.183, 349
Trd, 000155.267, 351
Trd, 000155.700, 347
Trd, 000155.850, 351.0
Trd, 000156.100, 366
Trd, 000156.733, 366.0
Trd, 000158.317, 354
Trd, 000158.383, 354
Trd, 000158.783, 355.0
Trd, 000159.500, 353
Trd, 000159.783, 354
Trd, 000159.800, 353
Trd, 000159.900, 349
Trd, 000160.000, 355
Trd, 000160.483, 348
Trd, 000160.517, 365
Trd, 000162.467, 365
Trd, 000162.533, 351
Trd, 000162.667, 348
Trd, 000162.800, 342.0
Trd, 000163.567, 358
Trd, 000164.500, 359
Trd, 000164.600, 358
Trd, 000164.750, 342.0
Trd, 000164.967, 355
Trd, 000165.383, 366
Trd, 000165.817, 348
Trd, 000166.417, 366
Trd, 000166.900, 346
Trd, 000167.450, 363.0
Trd, 000167.833, 366.0
Trd, 000169.017, 360
Trd, 000169.033, 361
Trd, 000169.517, 360
Trd, 000169.750, 362
Trd, 000170.517, 361
Trd, 000171.433, 359
Trd, 000171.500, 362
Trd, 000172.050, 354
Trd, 000172.400, 353
Trd, 000172.483, 371
Trd, 000172.950, 345
Trd, 000174.483, 344.0
Trd, 000174.617, 343.0
Trd, 000174.667, 348.0
Trd, 000174.917, 365
Trd, 000174.967, 342
Trd, 000176.233, 353
Trd, 000176.617, 348.0
Trd, 000176.633, 349
Trd, 000177.000, 351.0
Trd, 000178.500, 349
Trd, 000179.283, 345
Trd, 000179.517, 344
Trd, 000179.650, 347
Trd, 000180.083, 347
Trd, 000181.050, 345
Trd, 000181.483, 344
Trd, 000181.917, 343
Trd, 000181.950, 341.0
Trd, 000181.967, 336
Trd, 000182.050, 354.0
Trd, 000182.200, 327.0
Trd, 000182.217, 242
Trd, 000182.400, 206
Trd, 000182.600, 323
Trd, 000183.000, 156
Trd, 000183.433, 197
Trd, 000183.617, 197
Trd, 000183.767, 200
Trd, 000184.283, 195
Trd, 000184.617, 211
Trd, 000187.050, 189
Trd, 000187.783, 173
Trd, 000188.233, 171
Trd, 000188.717, 187
Trd, 000189.250, 178
Trd, 000189.617, 174
Trd, 000190.283, 177
Trd, 000191.500, 177
Trd, 000191.800, 173
Trd, 000192.067, 183
Trd, 000192.183, 184
Trd, 000192.400, 172
Trd, 000192.433, 184
Trd, 000193.100, 172
Trd, 000193.267, 184
Trd, 000194.100, 183
Trd, 000194.150, 185
Trd, 000194.700, 187
Trd, 000195.183, 171
Trd, 000196.900, 178
Trd, 000197.050, 171
Trd, 000197.200, 171
Trd, 000197.550, 179
Trd, 000197.717, 188
Trd, 000197.933, 192
Trd, 000198.583, 158
Trd, 000199.267, 159
Trd, 000199.833, 160
Trd, 000200.083, 178
Trd, 000200.467, 187
Trd, 000200.633, 192
Trd, 000200.750, 166
Trd, 000200.883, 195
Trd, 000201.167, 166
Trd, 000202.283, 166
Trd, 000203.667, 168
Trd, 000204.350, 168
Trd, 000204.650, 171
Trd, 000204.767, 168
Trd, 000204.967, 169
Trd, 000205.600, 172
Trd, 000206.517, 167
Trd, 000206.617, 175
Trd, 000206.883, 166
Trd, 000207.783, 175
Trd, 000207.800, 177
Trd, 000208.133, 185
Trd, 000208.300, 168
Trd, 000208.417, 169
Trd, 000208.750, 172
Trd, 000208.833, 177
Trd, 000209.417, 185
Trd, 000209.933, 188
Trd, 000210.350, 189
Trd, 000210.983, 175
Trd, 000211.267, 175
Trd, 000212.383, 190
Trd, 000212.433, 193
Trd, 000213.617, 175
Trd, 000213.767, 172
Trd, 000215.267, 173
Trd, 000215.433, 172
Trd, 000215.917, 172
Trd, 000216.217, 175
Trd, 000216.533, 176
Trd, 000217.783, 171
Trd, 000218.767, 178
Trd, 000219.650, 186
Trd, 000219.717, 190
Trd, 000219.850, 174
Trd, 000219.900, 195
Trd, 000220.433, 173
Trd, 000220.600, 188
Trd, 000221.150, 184
Trd, 000221.350, 175
Trd, 000222.033, 175
Trd, 000222.133, 173
Trd, 000222.217, 180
Trd, 000222.650, 173
Trd, 000222.833, 181
Trd, 000223.900, 173
Trd, 000224.250, 173
Trd, 000224.367, 174
Trd, 000224.450, 175
Trd, 000224.983, 176
Trd, 000225.000, 171
Trd, 000226.267, 173
Trd, 000226.300, 177
Trd, 000227.267, 177
Trd, 000227.850, 187
Trd, 000228.017, 195
Trd, 000229.017, 174
Trd, 000229.150, 184
Trd, 000229.867, 172
Trd, 000230.017, 171
Trd, 000231.533, 167
Trd, 000231.700, 167
Trd, 000231.767, 171
Trd, 000231.817, 178
Trd, 000233.117, 167
Trd, 000233.900, 164
Trd, 000234.050, 171
Trd, 000234.250, 187
Trd, 000234.883, 171
Trd, 000234.917, 175
Trd, 000235.583, 167
Trd, 000235.867, 165
Trd, 000236.067, 174
Trd, 000236.150, 188
Trd, 000237.183, 180
Trd, 000237.433, 177
Trd, 000237.650, 177
Trd, 000238.333, 175
Trd, 000239.433, 175
Trd, 000239.567, 178
Trd, 000239.650, 174
Trd, 000240.550, 167
Trd, 000240.567, 174
Trd, 000240.650, 181
Trd, 000240.983, 177
Trd, 000241.817, 177
Trd, 000242.850, 175
Trd, 000243.083, 172
Trd, 000243.133, 172
Trd, 000243.367, 177
Trd, 000243.967, 172
Trd, 000244.200, 173
Trd, 000244.700, 175
Trd, 000244.767, 176
Trd, 000244.983, 182
Trd, 000245.650, 189
Trd, 000245.933, 192
Trd, 000246.283, 189
Trd, 000246.500, 190
Trd, 000246.900, 182
Trd, 000247.283, 180
Trd, 000247.433, 187
Trd, 000247.667, 190
Trd, 000247.917, 191
Trd, 000248.550, 181
Trd, 000249.200, 191
Trd, 000249.583, 186
Trd, 000250.450, 182
Trd, 000250.867, 185
Trd, 000251.050, 181
Trd, 000251.183, 179
Trd, 000251.967, 186
Trd, 000253.117, 182
Trd, 000253.650, 183
Trd, 000254.250, 182
Trd, 000254.283, 181
Trd, 000254.817, 181
Trd, 000255.000, 180
Trd, 000255.367, 178
Trd, 000255.783, 176
Trd, 000256.150, 174
Trd, 000256.850, 171
Trd, 000257.033, 175
Trd, 000257.117, 179
Trd, 000257.150, 180
Trd, 000258.383, 179
Trd, 000258.717, 181
Trd, 000259.517, 174
Trd, 000259.800, 183
Trd, 000259.850, 174
Trd, 000259.950, 173
Trd, 000260.183, 177
Trd, 000260.600, 190
Trd, 000261.017, 186
Trd, 000261.650, 186
Trd, 000262.150, 184
Trd, 000262.400, 185
Trd, 000262.667, 182
Trd, 000263.333, 178
Trd, 000263.517, 177
Trd, 000263.833, 167
Trd, 000264.567, 168
Trd, 000264.717, 173
Trd, 000264.800, 174
Trd, 000265.750, 173
Trd, 000265.767, 172
Trd, 000267.200, 185
Trd, 000267.667, 174
Trd, 000269.117, 173
Trd, 000269.133, 170
Trd, 000269.333, 173
Trd, 000270.317, 175
Trd, 000270.467, 182
Trd, 000270.983, 175
Trd, 000271.367, 178
Trd, 000271.467, 175
Trd, 000272.033, 175
Trd, 000272.067, 178
Trd, 000272.283, 180
Trd, 000272.633, 179
Trd, 000273.017, 185
Trd, 000273.183, 179
Trd, 000273.333, 175
Trd, 000274.317, 176
Trd, 000274.500, 184
Trd, 000274.667, 171
Trd, 000275.117, 183
Trd, 000275.333, 184
Trd, 000276.117, 175
Trd, 000277.333, 177
Trd, 000278.233, 176
Trd, 000278.300, 184
Trd, 000278.517, 176
Trd, 000278.533, 185
Trd, 000279.150, 179
Trd, 000281.017, 182
Trd, 000281.217, 178
Trd, 000281.433, 184
Trd, 000281.567, 185
Trd, 000281.883, 177
Trd, 000281.933, 176
Trd, 000283.400, 177
Trd, 000283.500, 179
Trd, 000283.833, 177
Trd, 000283.850, 183
Trd, 000283.867, 176
Trd, 000284.050, 184
Trd, 000284.300, 185
Trd, 000286.367, 183
Trd, 000286.483, 183
Trd, 000286.617, 187
Trd, 000286.633, 180
Trd, 000286.650, 179
Trd, 000287.067, 178
Trd, 000287.267, 193
Trd, 000287.417, 169
Trd, 000289.100, 177
Trd, 000289.683, 185
Trd, 000289.717, 177
Trd, 000290.017, 180
Trd, 000290.083, 186
Trd, 000290.300, 187
Trd, 000291.250, 176
Trd, 000291.750, 192
Trd, 000291.767, 175
Trd, 000292.167, 173
Trd, 000292.217, 182
Trd, 000292.933, 174
Trd, 000293.033, 183
Trd, 000293.267, 177
Trd, 000293.650, 187
Trd, 000293.933, 181
Trd, 000294.200, 186
Trd, 000294.683, 177
Trd, 000294.700, 166
Trd, 000295.233, 186
Trd, 000295.917, 187
Trd, 000296.583, 189
Trd, 000296.983, 187
Trd, 000297.850, 183
Trd, 000298.033, 180
Trd, 000298.733, 180
Trd, 000299.600, 181
Trd, 000299.767, 186
Trd, 000299.800, 195
