Trd, 000001.567, 113
Trd, 000002.083, 188
Trd, 000003.017, 137
Trd, 000003.683, 131
Trd, 000004.050, 134
Trd, 000004.667, 155
Trd, 000004.817, 155
Trd, 000005.317, 147
Trd, 000005.700, 151
Trd, 000006.633, 144
Trd, 000007.717, 161
Trd, 000008.617, 156
Trd, 000009.250, 159
Trd, 000009.383, 147
Trd, 000009.883, 152
Trd, 000011.300, 159
Trd, 000011.417, 158
Trd, 000012.083, 150
Trd, 000012.483, 157
Trd, 000013.550, 152
Trd, 000013.967, 151
Trd, 000015.217, 148
Trd, 000015.967, 153
Trd, 000016.350, 153
Trd, 000016.400, 154
Trd, 000016.683, 156
Trd, 000017.550, 152
Trd, 000017.900, 152
Trd, 000018.017, 151
Trd, 000018.433, 153
Trd, 000018.767, 151
Trd, 000020.350, 149
Trd, 000021.250, 154
Trd, 000022.233, 153
Trd, 000023.283, 150
Trd, 000023.800, 153
Trd, 000025.217, 149
Trd, 000025.433, 144
Trd, 000025.933, 152
Trd, 000026.333, 143
Trd, 000026.967, 152
Trd, 000027.300, 147
Trd, 000027.517, 153
Trd, 000027.917, 153
Trd, 000028.333, 154
Trd, 000029.000, 151
Trd, 000029.600, 158
Trd, 000030.417, 150
Trd, 000031.450, 144
Trd, 000033.017, 157
Trd, 000033.567, 148
Trd, 000033.717, 147
Trd, 000034.033, 160
Trd, 000034.350, 150
Trd, 000035.617, 155
Trd, 000035.700, 156
Trd, 000036.317, 154
Trd, 000036.583, 158
Trd, 000037.633, 153
Trd, 000038.133, 144
Trd, 000038.183, 143
Trd, 000039.133, 156
Trd, 000039.383, 138
Trd, 000039.583, 152
Trd, 000039.900, 158
Trd, 000040.150, 162
Trd, 000040.467, 149
Trd, 000041.467, 156
Trd, 000042.200, 155
Trd, 000042.983, 166
Trd, 000044.583, 154
Trd, 000044.617, 157
Trd, 000044.800, 158
Trd, 000044.850, 153
Trd, 000045.067, 167
Trd, 000045.483, 154
Trd, 000046.850, 155
Trd, 000046.933, 152
Trd, 000047.850, 159
Trd, 000048.650, 152
Trd, 000049.033, 160
Trd, 000049.067, 146
Trd, 000049.700, 160
Trd, 000049.950, 162
Trd, 000050.250, 146
Trd, 000051.583, 145
Trd, 000051.650, 161
Trd, 000051.683, 142
Trd, 000052.050, 163
Trd, 000052.733, 162
Trd, 000053.350, 163
Trd, 000054.000, 164
Trd, 000054.733, 159
Trd, 000055.183, 158
Trd, 000055.767, 162
Trd, 000056.400, 154
Trd, 000057.017, 154
Trd, 000057.083, 159
Trd, 000058.000, 159
Trd, 000058.417, 161
Trd, 000059.000, 158
Trd, 000059.750, 158
Trd, 000059.967, 163
Trd, 000060.483, 163
Trd, 000060.783, 157
Trd, 000061.383, 164
Trd, 000061.733, 164
Trd, 000062.617, 156
Trd, 000063.400, 170
Trd, 000063.717, 151
Trd, 000063.883, 165
Trd, 000065.350, 162
Trd, 000065.400, 150
Trd, 000065.533, 150
Trd, 000065.800, 161
Trd, 000067.217, 157
Trd, 000067.783, 166
Trd, 000068.100, 156
Trd, 000068.150, 154
Trd, 000068.417, 147
Trd, 000069.200, 163
Trd, 000069.283, 167
Trd, 000070.217, 166
Trd, 000070.783, 167
Trd, 000071.217, 168
Trd, 000072.600, 168
Trd, 000073.133, 169
Trd, 000073.950, 165
Trd, 000074.300, 149
Trd, 000075.117, 163
Trd, 000075.533, 160
Trd, 000075.917, 154
Trd, 000076.633, 144
Trd, 000076.900, 160
Trd, 000078.533, 160
Trd, 000078.567, 161
Trd, 000079.217, 146
Trd, 000079.633, 166
Trd, 000079.650, 167
Trd, 000079.833, 148
Trd, 000080.183, 163
Trd, 000080.917, 151
Trd, 000082.317, 161
Trd, 000082.950, 152
Trd, 000083.150, 161
Trd, 000083.167, 170
Trd, 000083.450, 151
Trd, 000083.833, 149
Trd, 000084.300, 151
Trd, 000085.333, 149
Trd, 000085.567, 154
Trd, 000085.983, 146
Trd, 000086.133, 146
Trd, 000086.917, 159
Trd, 000087.133, 148
Trd, 000087.450, 146
Trd, 000087.600, 160
Trd, 000087.667, 145
Trd, 000088.667, 147
Trd, 000089.000, 155
Trd, 000089.350, 155
Trd, 000090.650, 156
Trd, 000091.667, 164
Trd, 000092.433, 159
Trd, 000093.083, 167
Trd, 000093.350, 164
Trd, 000093.567, 157
Trd, 000093.933, 162
Trd, 000094.000, 153
Trd, 000094.183, 143
Trd, 000095.300, 160
Trd, 000095.333, 168
Trd, 000096.900, 175
Trd, 000097.233, 174
Trd, 000097.750, 162
Trd, 000097.850, 147
Trd, 000097.983, 178
Trd, 000099.000, 168
Trd, 000099.083, 170
Trd, 000099.917, 170
Trd, 000100.300, 154
Trd, 000101.167, 170
Trd, 000102.500, 161
Trd, 000102.900, 160
Trd, 000103.150, 164
Trd, 000104.100, 167
Trd, 000105.283, 166
Trd, 000105.633, 159
Trd, 000105.700, 158
Trd, 000106.067, 148
Trd, 000106.467, 166
Trd, 000106.483, 168
Trd, 000107.767, 153
Trd, 000109.150, 163
Trd, 000109.733, 165
Trd, 000109.850, 165
Trd, 000109.983, 164
Trd, 000110.267, 163
Trd, 000110.483, 157
Trd, 000110.633, 166
Trd, 000112.083, 156
Trd, 000113.317, 162
Trd, 000114.200, 162
Trd, 000114.600, 162
Trd, 000114.750, 157
Trd, 000116.050, 162
Trd, 000116.250, 159
Trd, 000117.217, 161
Trd, 000117.317, 170
Trd, 000117.600, 159
Trd, 000117.683, 163
Trd, 000117.733, 171
Trd, 000118.233, 162
Trd, 000118.817, 153
Trd, 000120.283, 164
Trd, 000121.117, 166
Trd, 000121.233, 153
Trd, 000121.433, 166
Trd, 000121.700, 181
Trd, 000121.767, 198
Trd, 000122.283, 201
Trd, 000122.317, 205
Trd, 000122.467, 256
Trd, 000123.283, 313
Trd, 000123.833, 334.0
Trd, 000124.417, 330
Trd, 000125.000, 331
Trd, 000125.300, 345
Trd, 000125.417, 347
Trd, 000125.867, 338.0
Trd, 000125.900, 351.0
Trd, 000126.233, 337.0
Trd, 000127.283, 329
Trd, 000128.633, 329
Trd, 000129.100, 337.0
Trd, 000129.217, 351.0
Trd, 000130.383, 353
Trd, 000130.833, 353
Trd, 000131.050, 341.0
Trd, 000132.433, 353
Trd, 000132.633, 362.0
Trd, 000132.683, 344
Trd, 000133.417, 345
Trd, 000133.467, 358
Trd, 000134.917, 356
Trd, 000135.067, 352
Trd, 000135.500, 351
Trd, 000135.583, 357
Trd, 000136.867, 350
Trd, 000137.400, 354
Trd, 000137.600, 358
Trd, 000138.150, 353
Trd, 000139.750, 354
Trd, 000140.667, 351
Trd, 000140.700, 356
Trd, 000140.983, 341.0
Trd, 000141.383, 352
Trd, 000143.100, 352
Trd, 000143.267, 338.0
Trd, 000143.683, 344
Trd, 000145.300, 341
Trd, 000145.717, 344
Trd, 000146.117, 350
Trd, 000146.667, 350
Trd, 000147.150, 352
Trd, 000147.567, 342
Trd, 000148.000, 350
Trd, 000148.383, 344
Trd, 000148.883, 341.0
Trd, 000149.050, 339
Trd, 000149.167, 348
Trd, 000150.967, 341.0
Trd, 000151.133, 340.0
Trd, 000151.467, 348
Trd, 000151.667, 350
Trd, 000152.017, 340
Trd, 000152.100, 351.0
Trd, 000152.333, 355.0
Trd, 000152.583, 341
Trd, 000152.650, 338
Trd, 000154.883, 352
Trd, 000154.983, 353
Trd, 000155.433, 341.0
Trd, 000155.883, 337
Trd, 000156.800, 334
Trd, 000157.367, 337.0
Trd, 000159.717, 343
Trd, 000161.000, 341.0
Trd, 000161.167, 343
Trd, 000161.250, 344
Trd, 000161.483, 347
Trd, 000162.833, 341.0
Trd, 000163.550, 349
Trd, 000164.500, 342
Trd, 000164.600, 345
Trd, 000164.700, 340.0
Trd, 000165.417, 343
Trd, 000165.933, 342
Trd, 000166.400, 346
Trd, 000168.317, 348
Trd, 000168.867, 341.0
Trd, 000169.400, 350
Trd, 000170.450, 344
Trd, 000170.883, 345
Trd, 000171.100, 338
Trd, 000171.283, 351.0
Trd, 000171.833, 351
Trd, 000172.200, 350
Trd, 000173.417, 346
Trd, 000173.767, 342
Trd, 000174.417, 341
Trd, 000175.050, 348
Trd, 000175.100, 342.0
Trd, 000175.600, 349
Trd, 000176.217, 351
Trd, 000176.383, 351.0
Trd, 000177.600, 350
Trd, 000178.100, 344
Trd, 000178.183, 352.0
Trd, 000179.383, 355.0
Trd, 000179.467, 341.0
Trd, 000180.083, 357
Trd, 000180.117, 358
Trd, 000181.400, 343
Trd, 000181.600, 342
Trd, 000182.350, 337.0
Trd, 000182.783, 324.0
Trd, 000183.200, 315
Trd, 000183.250, 310.0
Trd, 000183.400, 300
Trd, 000183.683, 260
Trd, 000184.567, 196
Trd, 000185.933, 203
Trd, 000186.033, 191
Trd, 000186.600, 190
Trd, 000187.250, 187
Trd, 000187.300, 201
Trd, 000188.367, 194
Trd, 000188.683, 196
Trd, 000189.883, 195
Trd, 000189.967, 194
Trd, 000190.833, 188
Trd, 000190.917, 192
Trd, 000191.367, 187
Trd, 000192.200, 176
Trd, 000192.500, 191
Trd, 000192.750, 191
Trd, 000193.050, 191
Trd, 000194.650, 190
Trd, 000194.683, 160
Trd, 000195.350, 190
Trd, 000196.850, 186
Trd, 000197.267, 184
Trd, 000197.783, 187
Trd, 000198.350, 187
Trd, 000198.583, 186
Trd, 000198.800, 186
Trd, 000199.683, 182
Trd, 000200.633, 183
Trd, 000201.050, 177
Trd, 000201.167, 184
Trd, 000202.050, 180
Trd, 000202.150, 181
Trd, 000202.217, 164
Trd, 000203.167, 174
Trd, 000203.867, 161
Trd, 000204.667, 155
Trd, 000204.983, 170
Trd, 000205.317, 171
Trd, 000205.783, 173
Trd, 000206.117, 159
Trd, 000206.533, 173
Trd, 000207.083, 175
Trd, 000207.183, 170
Trd, 000207.433, 178
Trd, 000207.650, 174
Trd, 000207.917, 174
Trd, 000208.900, 172
Trd, 000209.133, 180
Trd, 000210.283, 177
Trd, 000211.317, 174
Trd, 000212.900, 173
Trd, 000214.383, 174
Trd, 000216.033, 174
Trd, 000216.883, 173
Trd, 000218.500, 175
Trd, 000218.567, 176
Trd, 000218.600, 177
Trd, 000218.983, 178
Trd, 000221.050, 177
Trd, 000221.100, 176
Trd, 000221.283, 180
Trd, 000221.467, 184
Trd, 000221.783, 173
Trd, 000221.950, 173
Trd, 000222.067, 187
Trd, 000222.150, 172
Trd, 000222.567, 173
Trd, 000223.633, 181
Trd, 000223.933, 167
Trd, 000224.433, 183
Trd, 000224.983, 163
Trd, 000225.933, 174
Trd, 000226.150, 173
Trd, 000226.500, 175
Trd, 000227.000, 176
Trd, 000227.033, 177
Trd, 000228.017, 175
Trd, 000229.550, 173
Trd, 000230.017, 178
Trd, 000230.250, 171
Trd, 000230.933, 178
Trd, 000232.567, 167
Trd, 000233.183, 166
Trd, 000233.633, 167
Trd, 000235.067, 171
Trd, 000235.867, 171
Trd, 000235.950, 171
Trd, 000236.117, 168
Trd, 000236.450, 170
Trd, 000236.900, 166
Trd, 000237.600, 172
Trd, 000237.917, 174
Trd, 000237.983, 178
Trd, 000238.417, 165
Trd, 000238.783, 183
Trd, 000238.983, 162
Trd, 000240.567, 181
Trd, 000241.100, 179
Trd, 000241.633, 178
Trd, 000241.750, 177
Trd, 000241.950, 179
Trd, 000242.233, 176
Trd, 000242.750, 172
Trd, 000242.883, 175
Trd, 000242.900, 176
Trd, 000242.933, 164
Trd, 000243.683, 169
Trd, 000244.050, 162
Trd, 000244.200, 164
Trd, 000244.517, 172
Trd, 000244.717, 170
Trd, 000245.567, 168
Trd, 000245.683, 170
Trd, 000246.050, 172
Trd, 000246.533, 176
Trd, 000246.800, 173
Trd, 000247.183, 177
Trd, 000247.200, 179
Trd, 000247.383, 179
Trd, 000247.533, 180
Trd, 000247.683, 174
Trd, 000248.167, 171
Trd, 000248.667, 166
Trd, 000249.017, 159
Trd, 000249.367, 165
Trd, 000250.167, 168
Trd, 000250.567, 168
Trd, 000252.800, 170
Trd, 000252.983, 168
Trd, 000253.017, 171
Trd, 000253.483, 171
Trd, 000253.517, 166
Trd, 000254.183, 169
Trd, 000255.267, 167
Trd, 000255.383, 167
Trd, 000256.217, 167
Trd, 000256.417, 168
Trd, 000256.783, 180
Trd, 000257.150, 178
Trd, 000257.833, 177
Trd, 000257.933, 179
Trd, 000258.300, 175
Trd, 000259.050, 178
Trd, 000259.500, 179
Trd, 000259.533, 179
Trd, 000260.050, 179
Trd, 000260.300, 188
Trd, 000260.633, 184
Trd, 000261.767, 182
Trd, 000262.067, 182
Trd, 000262.100, 184
Trd, 000262.583, 177
Trd, 000262.850, 176
Trd, 000262.900, 181
Trd, 000263.367, 175
Trd, 000263.667, 174
Trd, 000264.100, 174
Trd, 000264.367, 176
Trd, 000264.517, 171
Trd, 000265.233, 171
Trd, 000265.700, 174
Trd, 000266.850, 176
Trd, 000266.867, 175
Trd, 000267.000, 174
Trd, 000267.133, 172
Trd, 000267.750, 175
Trd, 000267.950, 175
Trd, 000268.150, 175
Trd, 000269.200, 173
Trd, 000269.300, 173
Trd, 000269.600, 168
Trd, 000270.133, 170
Trd, 000271.067, 175
Trd, 000271.433, 174
Trd, 000271.650, 177
Trd, 000271.917, 173
Trd, 000272.300, 178
Trd, 000272.817, 173
Trd, 000274.017, 168
Trd, 000274.033, 169
Trd, 000275.217, 165
Trd, 000275.767, 170
Trd, 000275.833, 164
Trd, 000275.850, 171
Trd, 000276.750, 175
Trd, 000277.083, 175
Trd, 000277.117, 172
Trd, 000277.833, 179
Trd, 000277.917, 183
Trd, 000279.050, 196
Trd, 000279.317, 195
Trd, 000279.583, 189
Trd, 000280.050, 179
Trd, 000280.933, 182
Trd, 000281.100, 179
Trd, 000281.317, 178
Trd, 000281.350, 176
Trd, 000281.600, 183
Trd, 000281.867, 182
Trd, 000282.283, 175
Trd, 000282.517, 174
Trd, 000283.533, 170
Trd, 000284.233, 175
Trd, 000284.250, 176
Trd, 000284.467, 177
Trd, 000285.283, 173
Trd, 000285.300, 165
Trd, 000285.717, 169
Trd, 000286.400, 166
Trd, 000286.417, 178
Trd, 000286.467, 179
Trd, 000287.033, 163
Trd, 000287.650, 166
Trd, 000287.783, 177
Trd, 000287.883, 162
Trd, 000288.700, 172
Trd, 000289.450, 173
Trd, 000289.783, 173
Trd, 000290.267, 165
Trd, 000290.333, 177
Trd, 000290.450, 180
Trd, 000290.700, 163
Trd, 000291.233, 164
Trd, 000291.617, 188
Trd, 000292.133, 174
Trd, 000293.033, 188
Trd, 000293.100, 189
Trd, 000293.567, 180
Trd, 000293.750, 184
Trd, 000294.817, 189
Trd, 000294.983, 178
Trd, 000295.650, 186
Trd, 000295.867, 178
Trd, 000295.917, 178
Trd, 000296.017, 177
Trd, 000296.233, 191
Trd, 000296.250, 166
Trd, 000297.083, 165
Trd, 000297.167, 184
Trd, 000297.217, 198
Trd, 000297.883, 204
Trd, 000298.117, 195
Trd, 000298.250, 180
Trd, 000298.700, 195
Trd, 000299.433, 167
Trd, 000299.467, 164
