Trd, 000002.117, 150
Trd, 000002.633, 189
Trd, 000002.933, 149
Trd, 000003.383, 151
Trd, 000003.800, 175
Trd, 000004.533, 168
Trd, 000004.767, 148
Trd, 000004.867, 172
Trd, 000004.883, 158
Trd, 000005.433, 137
Trd, 000005.650, 148
Trd, 000006.133, 148
Trd, 000006.350, 148
Trd, 000007.133, 146
Trd, 000007.417, 149
Trd, 000007.583, 155
Trd, 000007.833, 133
Trd, 000009.783, 170
Trd, 000009.933, 148
Trd, 000010.633, 169
Trd, 000010.850, 159
Trd, 000011.150, 171
Trd, 000011.633, 161
Trd, 000012.283, 164
Trd, 000012.517, 163
Trd, 000012.567, 160
Trd, 000012.733, 159
Trd, 000013.400, 155
Trd, 000014.033, 156
Trd, 000014.817, 155
Trd, 000015.383, 155
Trd, 000015.567, 159
Trd, 000015.617, 150
Trd, 000015.800, 173
Trd, 000016.917, 175
Trd, 000017.367, 143
Trd, 000017.850, 155
Trd, 000018.383, 171
Trd, 000018.717, 170
Trd, 000019.117, 169
Trd, 000019.183, 150
Trd, 000020.583, 166
Trd, 000020.917, 164
Trd, 000021.383, 166
Trd, 000021.583, 164
Trd, 000021.600, 156
Trd, 000022.650, 164
Trd, 000023.250, 156
Trd, 000023.683, 156
Trd, 000024.300, 158
Trd, 000024.317, 155
Trd, 000024.600, 155
Trd, 000025.483, 160
Trd, 000025.850, 154
Trd, 000026.250, 150
Trd, 000026.450, 160
Trd, 000026.483, 162
Trd, 000027.067, 172
Trd, 000027.917, 173
Trd, 000028.650, 173
Trd, 000029.433, 169
Trd, 000030.533, 165
Trd, 000032.267, 167
Trd, 000032.500, 165
Trd, 000032.750, 166
Trd, 000033.283, 166
Trd, 000033.350, 161
Trd, 000033.383, 167
Trd, 000033.567, 159
Trd, 000034.233, 168
Trd, 000034.467, 160
Trd, 000034.917, 171
Trd, 000036.483, 161
Trd, 000036.733, 160
Trd, 000037.050, 157
Trd, 000037.733, 155
Trd, 000038.017, 156
Trd, 000039.617, 168
Trd, 000039.900, 166
Trd, 000041.383, 165
Trd, 000041.417, 169
Trd, 000042.367, 166
Trd, 000042.383, 162
Trd, 000042.817, 158
Trd, 000043.483, 163
Trd, 000043.533, 157
Trd, 000043.833, 158
Trd, 000043.950, 152
Trd, 000045.300, 150
Trd, 000045.517, 152
Trd, 000045.633, 150
Trd, 000046.200, 147
Trd, 000046.467, 148
Trd, 000047.083, 141
Trd, 000047.150, 149
Trd, 000047.233, 151
Trd, 000048.083, 153
Trd, 000048.283, 160
Trd, 000049.133, 167
Trd, 000049.983, 167
Trd, 000050.283, 153
Trd, 000050.383, 152
Trd, 000051.500, 163
Trd, 000051.567, 164
Trd, 000051.950, 151
Trd, 000053.017, 152
Trd, 000053.883, 151
Trd, 000054.200, 150
Trd, 000054.283, 151
Trd, 000054.783, 151
Trd, 000054.933, 152
Trd, 000055.183, 152
Trd, 000055.600, 153
Trd, 000056.000, 162
Trd, 000056.533, 159
Trd, 000056.933, 161
Trd, 000057.467, 177
Trd, 000057.483, 167
Trd, 000058.083, 154
Trd, 000059.800, 163
Trd, 000059.983, 166
Trd, 000060.917, 171
Trd, 000061.083, 164
Trd, 000062.183, 168
Trd, 000062.233, 154
Trd, 000063.050, 163
Trd, 000063.183, 167
Trd, 000063.583, 164
Trd, 000063.750, 159
Trd, 000064.967, 165
Trd, 000065.017, 164
Trd, 000065.417, 171
Trd, 000066.017, 168
Trd, 000066.717, 166
Trd, 000068.717, 160
Trd, 000068.833, 164
Trd, 000069.150, 164
Trd, 000069.217, 164
Trd, 000069.617, 163
Trd, 000069.883, 164
Trd, 000070.033, 164
Trd, 000070.150, 163
Trd, 000070.750, 161
Trd, 000071.000, 162
Trd, 000072.367, 162
Trd, 000072.467, 160
Trd, 000072.750, 160
Trd, 000074.100, 161
Trd, 000074.267, 155
Trd, 000074.667, 152
Trd, 000075.217, 147
Trd, 000075.417, 151
Trd, 000075.867, 152
Trd, 000076.517, 153
Trd, 000076.617, 158
Trd, 000077.367, 155
Trd, 000077.400, 156
Trd, 000077.783, 159
Trd, 000079.050, 155
Trd, 000079.850, 159
Trd, 000079.900, 187
Trd, 000080.350, 156
Trd, 000081.017, 169
Trd, 000081.200, 158
Trd, 000081.283, 158
Trd, 000082.017, 175
Trd, 000082.983, 167
Trd, 000083.133, 173
Trd, 000083.317, 175
Trd, 000084.650, 170
Trd, 000084.883, 171
Trd, 000085.283, 166
Trd, 000086.317, 169
Trd, 000087.083, 168
Trd, 000087.667, 165
Trd, 000088.567, 163
Trd, 000088.833, 165
Trd, 000089.333, 159
Trd, 000089.583, 160
Trd, 000089.817, 156
Trd, 000090.150, 156
Trd, 000090.767, 149
Trd, 000090.867, 157
Trd, 000091.033, 174
Trd, 000091.450, 177
Trd, 000091.683, 171
Trd, 000091.850, 167
Trd, 000092.100, 151
Trd, 000093.050, 168
Trd, 000093.233, 147
Trd, 000093.533, 176
Trd, 000093.617, 181
Trd, 000094.617, 157
Trd, 000095.467, 172
Trd, 000095.500, 173
Trd, 000096.867, 172
Trd, 000096.900, 174
Trd, 000098.383, 169
Trd, 000098.450, 173
Trd, 000099.133, 172
Trd, 000099.867, 172
Trd, 000100.383, 172
Trd, 000100.667, 170
Trd, 000100.683, 168
Trd, 000101.183, 177
Trd, 000101.233, 168
Trd, 000101.400, 164
Trd, 000102.450, 174
Trd, 000102.983, 180
Trd, 000103.517, 179
Trd, 000103.883, 178
Trd, 000104.633, 169
Trd, 000106.583, 171
Trd, 000106.767, 172
Trd, 000106.800, 170
Trd, 000107.600, 171
Trd, 000108.633, 168
Trd, 000108.683, 171
Trd, 000109.417, 172
Trd, 000110.333, 171
Trd, 000110.817, 172
Trd, 000110.900, 172
Trd, 000111.050, 170
Trd, 000111.300, 171
Trd, 000111.517, 176
Trd, 000112.417, 176
Trd, 000113.317, 173
Trd, 000114.183, 179
Trd, 000115.633, 175
Trd, 000116.117, 176
Trd, 000116.333, 174
Trd, 000116.667, 169
Trd, 000117.183, 175
Trd, 000117.700, 167
Trd, 000118.983, 171
Trd, 000119.817, 169
Trd, 000119.850, 166
Trd, 000120.100, 172
Trd, 000120.217, 174
Trd, 000120.883, 169
Trd, 000121.967, 170
Trd, 000122.000, 171
Trd, 000122.350, 177
Trd, 000122.600, 191
Trd, 000123.417, 194
Trd, 000123.667, 198
Trd, 000123.800, 243
Trd, 000123.950, 310.0
Trd, 000124.517, 300.0
Trd, 000125.067, 326.0
Trd, 000127.000, 327.0
Trd, 000127.517, 347.0
Trd, 000127.950, 327.0
Trd, 000128.133, 348.0
Trd, 000128.467, 356
Trd, 000128.583, 316
Trd, 000129.567, 356
Trd, 000130.250, 350
Trd, 000130.950, 352
Trd, 000131.500, 351.0
Trd, 000132.333, 348.0
Trd, 000133.217, 348
Trd, 000133.600, 345
Trd, 000133.817, 344
Trd, 000133.867, 357
Trd, 000134.033, 342
Trd, 000134.883, 341
Trd, 000134.950, 347.0
Trd, 000135.267, 339
Trd, 000136.017, 333
Trd, 000136.150, 327.0
Trd, 000136.367, 324.0
Trd, 000136.933, 338
Trd, 000137.050, 342
Trd, 000137.383, 327.0
Trd, 000138.350, 335
Trd, 000139.083, 342
Trd, 000139.717, 343
Trd, 000139.750, 348.0
Trd, 000140.400, 342
Trd, 000141.167, 343
Trd, 000141.733, 352
Trd, 000144.183, 343
Trd, 000144.417, 345
Trd, 000144.900, 344
Trd, 000145.583, 343
Trd, 000145.917, 347.0
Trd, 000146.033, 339
Trd, 000146.600, 345
Trd, 000146.950, 346
Trd, 000147.083, 348.0
Trd, 000147.850, 339
Trd, 000148.150, 365.0
Trd, 000150.650, 357
Trd, 000151.050, 354.0
Trd, 000151.133, 351.0
Trd, 000151.167, 358
Trd, 000151.467, 358
Trd, 000153.083, 348.0
Trd, 000154.050, 346
Trd, 000154.267, 346
Trd, 000154.450, 339.0
Trd, 000154.633, 333
Trd, 000154.717, 347
Trd, 000154.850, 349
Trd, 000154.933, 348.0
Trd, 000155.667, 348
Trd, 000155.683, 349
Trd, 000156.767, 347
Trd, 000156.817, 348.0
Trd, 000157.750, 350
Trd, 000158.450, 351
Trd, 000158.500, 354
Trd, 000160.333, 369.0
Trd, 000160.517, 368.0
Trd, 000160.833, 362.0
Trd, 000161.583, 359
Trd, 000162.283, 360
Trd, 000162.633, 361
Trd, 000162.717, 358
Trd, 000163.700, 356
Trd, 000163.817, 357
Trd, 000164.133, 355
Trd, 000164.383, 353
Trd, 000164.917, 348.0
Trd, 000166.517, 359.0
Trd, 000166.533, 358.0
Trd, 000166.850, 359
Trd, 000167.700, 355
Trd, 000168.567, 350
Trd, 000168.967, 348.0
Trd, 000169.533, 347
Trd, 000169.883, 338.0
Trd, 000170.133, 346
Trd, 000170.533, 344
Trd, 000170.667, 346
Trd, 000172.717, 343
Trd, 000173.233, 342
Trd, 000173.650, 343
Trd, 000173.950, 334
Trd, 000174.850, 341
Trd, 000175.100, 337
Trd, 000175.267, 343
Trd, 000175.467, 348.0
Trd, 000175.917, 365.0
Trd, 000176.217, 343
Trd, 000176.283, 333
Trd, 000176.700, 372.0
Trd, 000176.950, 338
Trd, 000177.933, 361
Trd, 000178.017, 358
Trd, 000178.900, 358.0
Trd, 000179.033, 348.0
Trd, 000179.100, 346
Trd, 000179.367, 360
Trd, 000180.300, 351
Trd, 000180.500, 358
Trd, 000182.483, 338
Trd, 000182.583, 351
Trd, 000182.617, 337
Trd, 000182.717, 337.0
Trd, 000182.800, 335
Trd, 000183.350, 332
Trd, 000183.533, 327.0
Trd, 000183.667, 324.0
Trd, 000183.883, 309
Trd, 000184.050, 300
Trd, 000185.683, 207
Trd, 000186.100, 204
Trd, 000186.200, 198
Trd, 000186.750, 187
Trd, 000188.117, 191
Trd, 000188.367, 193
Trd, 000189.017, 189
Trd, 000189.517, 187
Trd, 000190.683, 178
Trd, 000190.850, 185
Trd, 000191.067, 187
Trd, 000191.350, 182
Trd, 000191.950, 186
Trd, 000192.850, 187
Trd, 000192.900, 177
Trd, 000192.967, 174
Trd, 000193.733, 190
Trd, 000193.750, 172
Trd, 000194.133, 185
Trd, 000195.133, 189
Trd, 000196.200, 188
Trd, 000197.300, 185
Trd, 000197.467, 181
Trd, 000197.883, 168
Trd, 000198.017, 187
Trd, 000198.267, 188
Trd, 000199.600, 181
Trd, 000199.617, 183
Trd, 000199.883, 184
Trd, 000200.633, 178
Trd, 000201.550, 182
Trd, 000201.767, 185
Trd, 000202.133, 179
Trd, 000202.233, 178
Trd, 000202.600, 168
Trd, 000203.033, 147
Trd, 000203.083, 163
Trd, 000203.500, 162
Trd, 000204.133, 171
Trd, 000205.017, 171
Trd, 000206.083, 165
Trd, 000207.050, 162
Trd, 000207.067, 164
Trd, 000207.450, 163
Trd, 000207.467, 165
Trd, 000207.767, 172
Trd, 000208.717, 172
Trd, 000209.167, 172
Trd, 000209.267, 178
Trd, 000209.317, 186
Trd, 000209.700, 173
Trd, 000210.700, 178
Trd, 000210.917, 169
Trd, 000211.167, 154
Trd, 000211.617, 192
Trd, 000212.000, 193
Trd, 000212.517, 187
Trd, 000213.033, 179
Trd, 000214.117, 186
Trd, 000215.367, 189
Trd, 000215.850, 191
Trd, 000216.133, 176
Trd, 000216.983, 180
Trd, 000217.567, 175
Trd, 000218.200, 177
Trd, 000218.467, 176
Trd, 000218.850, 175
Trd, 000218.883, 176
Trd, 000218.933, 178
Trd, 000219.050, 170
Trd, 000219.933, 177
Trd, 000221.333, 179
Trd, 000221.667, 177
Trd, 000222.583, 175
Trd, 000222.817, 183
Trd, 000223.167, 173
Trd, 000224.033, 179
Trd, 000225.217, 175
Trd, 000226.083, 175
Trd, 000226.233, 176
Trd, 000226.383, 178
Trd, 000227.650, 182
Trd, 000227.750, 181
Trd, 000228.067, 179
Trd, 000228.400, 195
Trd, 000228.800, 200
Trd, 000229.300, 191
Trd, 000229.333, 191
Trd, 000229.617, 176
Trd, 000230.167, 193
Trd, 000231.533, 190
Trd, 000231.867, 191
Trd, 000232.083, 182
Trd, 000232.667, 181
Trd, 000233.400, 173
Trd, 000233.617, 190
Trd, 000234.767, 189
Trd, 000234.967, 188
Trd, 000236.550, 181
Trd, 000236.583, 185
Trd, 000236.633, 181
Trd, 000237.167, 177
Trd, 000238.583, 177
Trd, 000238.783, 180
Trd, 000239.733, 179
Trd, 000239.750, 180
Trd, 000239.917, 177
Trd, 000240.150, 176
Trd, 000240.367, 178
Trd, 000241.183, 175
Trd, 000241.383, 175
Trd, 000241.750, 174
Trd, 000241.817, 179
Trd, 000242.350, 180
Trd, 000242.683, 178
Trd, 000243.167, 176
Trd, 000243.317, 177
Trd, 000243.733, 175
Trd, 000243.800, 173
Trd, 000244.150, 172
Trd, 000244.583, 174
Trd, 000245.200, 178
Trd, 000245.483, 179
Trd, 000246.750, 176
Trd, 000246.767, 179
Trd, 000247.833, 179
Trd, 000247.917, 182
Trd, 000248.217, 176
Trd, 000248.600, 175
Trd, 000248.850, 178
Trd, 000248.933, 173
Trd, 000249.100, 179
Trd, 000249.167, 174
Trd, 000249.750, 179
Trd, 000250.250, 181
Trd, 000250.883, 183
Trd, 000251.083, 190
Trd, 000252.217, 180
Trd, 000253.117, 184
Trd, 000253.633, 179
Trd, 000253.917, 183
Trd, 000253.967, 184
Trd, 000254.900, 180
Trd, 000255.667, 180
Trd, 000255.800, 179
Trd, 000256.317, 179
Trd, 000256.833, 179
Trd, 000256.850, 180
Trd, 000257.000, 180
Trd, 000257.667, 182
Trd, 000258.367, 179
Trd, 000259.150, 180
Trd, 000259.467, 181
Trd, 000259.650, 178
Trd, 000259.983, 174
Trd, 000260.333, 184
Trd, 000261.533, 178
Trd, 000261.983, 177
Trd, 000262.050, 178
Trd, 000262.067, 176
Trd, 000263.150, 176
Trd, 000263.467, 178
Trd, 000263.633, 174
Trd, 000264.100, 177
Trd, 000264.700, 177
Trd, 000265.817, 170
Trd, 000265.883, 173
Trd, 000266.217, 174
Trd, 000266.233, 173
Trd, 000266.300, 173
Trd, 000266.367, 174
Trd, 000266.433, 175
Trd, 000266.483, 172
Trd, 000266.767, 179
Trd, 000266.967, 171
Trd, 000267.167, 184
Trd, 000267.933, 182
Trd, 000268.033, 172
Trd, 000268.533, 184
Trd, 000268.783, 178
Trd, 000269.333, 187
Trd, 000269.617, 192
Trd, 000270.567, 182
Trd, 000270.883, 183
Trd, 000271.133, 187
Trd, 000271.400, 179
Trd, 000271.533, 180
Trd, 000272.100, 181
Trd, 000272.400, 202
Trd, 000272.833, 199
Trd, 000273.317, 190
Trd, 000273.450, 191
Trd, 000273.683, 188
Trd, 000273.950, 193
Trd, 000274.217, 196
Trd, 000275.033, 186
Trd, 000275.150, 185
Trd, 000275.483, 180
Trd, 000275.817, 181
Trd, 000276.267, 175
Trd, 000276.283, 176
Trd, 000277.967, 178
Trd, 000278.433, 180
Trd, 000279.550, 178
Trd, 000279.767, 178
Trd, 000280.117, 180
Trd, 000280.250, 179
Trd, 000280.583, 179
Trd, 000280.633, 182
Trd, 000281.400, 182
Trd, 000281.650, 176
Trd, 000281.717, 176
Trd, 000282.283, 175
Trd, 000282.567, 183
Trd, 000282.733, 175
Trd, 000283.083, 182
Trd, 000283.767, 176
Trd, 000283.817, 183
Trd, 000283.917, 193
Trd, 000284.283, 175
Trd, 000284.383, 172
Trd, 000284.700, 180
Trd, 000285.250, 179
Trd, 000285.783, 179
Trd, 000286.533, 178
Trd, 000287.167, 178
Trd, 000287.367, 166
Trd, 000287.633, 173
Trd, 000287.750, 180
Trd, 000287.950, 172
Trd, 000288.350, 169
Trd, 000288.467, 174
Trd, 000289.250, 161
Trd, 000289.267, 174
Trd, 000290.417, 181
Trd, 000290.433, 182
Trd, 000291.133, 178
Trd, 000291.750, 180
Trd, 000291.917, 187
Trd, 000292.750, 177
Trd, 000292.900, 176
Trd, 000293.083, 184
Trd, 000293.200, 184
Trd, 000293.683, 184
Trd, 000294.017, 179
Trd, 000294.300, 182
Trd, 000295.100, 177
Trd, 000295.333, 176
Trd, 000295.433, 177
Trd, 000296.233, 173
Trd, 000296.450, 166
Trd, 000296.717, 182
Trd, 000296.950, 183
Trd, 000298.317, 194
Trd, 000298.967, 195
Trd, 000299.483, 199
Trd, 000299.667, 198
