Trd, 000001.733, 140
Trd, 000002.950, 138
Trd, 000003.367, 138
Trd, 000004.150, 138
Trd, 000004.617, 141
Trd, 000004.950, 158
Trd, 000005.217, 160
Trd, 000005.550, 145
Trd, 000005.583, 144
Trd, 000007.250, 165
Trd, 000009.100, 169
Trd, 000009.550, 167
Trd, 000009.567, 166
Trd, 000010.150, 165
Trd, 000010.300, 167
Trd, 000011.333, 160
Trd, 000011.817, 161
Trd, 000011.950, 164
Trd, 000012.000, 160
Trd, 000013.883, 162
Trd, 000014.500, 162
Trd, 000014.867, 161
Trd, 000014.933, 162
Trd, 000015.750, 159
Trd, 000017.150, 156
Trd, 000017.817, 155
Trd, 000017.850, 156
Trd, 000019.150, 157
Trd, 000019.983, 156
Trd, 000020.150, 159
Trd, 000020.667, 155
Trd, 000021.233, 160
Trd, 000022.550, 155
Trd, 000022.950, 156
Trd, 000023.933, 155
Trd, 000024.400, 156
Trd, 000025.217, 155
Trd, 000026.567, 156
Trd, 000026.800, 157
Trd, 000026.917, 153
Trd, 000027.217, 155
Trd, 000027.483, 160
Trd, 000028.767, 152
Trd, 000030.433, 155
Trd, 000030.867, 158
Trd, 000031.433, 154
Trd, 000031.633, 151
Trd, 000032.033, 145
Trd, 000032.250, 144
Trd, 000033.117, 144
Trd, 000033.233, 145
Trd, 000035.383, 149
Trd, 000035.717, 147
Trd, 000035.867, 149
Trd, 000036.150, 156
Trd, 000037.450, 159
Trd, 000037.800, 148
Trd, 000037.917, 146
Trd, 000039.217, 143
Trd, 000040.033, 143
Trd, 000040.367, 145
Trd, 000040.400, 148
Trd, 000040.733, 149
Trd, 000041.167, 145
Trd, 000042.017, 150
Trd, 000043.117, 161
Trd, 000043.183, 162
Trd, 000043.917, 161
Trd, 000044.017, 162
Trd, 000044.917, 161
Trd, 000045.133, 154
Trd, 000045.850, 153
Trd, 000047.633, 154
Trd, 000047.733, 154
Trd, 000047.783, 160
Trd, 000048.117, 153
Trd, 000048.450, 159
Trd, 000049.133, 156
Trd, 000049.950, 158
Trd, 000050.983, 159
Trd, 000051.517, 159
Trd, 000052.283, 157
Trd, 000052.667, 157
Trd, 000053.517, 158
Trd, 000053.700, 157
Trd, 000054.533, 155
Trd, 000054.967, 158
Trd, 000055.417, 159
Trd, 000055.717, 170
Trd, 000056.117, 155
Trd, 000056.350, 143
Trd, 000056.967, 169
Trd, 000058.400, 165
Trd, 000058.717, 165
Trd, 000059.533, 164
Trd, 000061.267, 159
Trd, 000061.783, 159
Trd, 000061.883, 160
Trd, 000063.917, 158
Trd, 000064.167, 157
Trd, 000064.533, 156
Trd, 000065.350, 156
Trd, 000065.550, 157
Trd, 000066.033, 154
Trd, 000066.333, 156
Trd, 000066.450, 155
Trd, 000066.650, 148
Trd, 000068.267, 148
Trd, 000068.683, 151
Trd, 000070.183, 150
Trd, 000071.167, 150
Trd, 000071.233, 151
Trd, 000071.567, 152
Trd, 000072.417, 152
Trd, 000072.800, 149
Trd, 000073.383, 152
Trd, 000073.500, 165
Trd, 000074.300, 151
Trd, 000074.883, 151
Trd, 000075.183, 151
Trd, 000075.817, 162
Trd, 000076.467, 162
Trd, 000076.617, 150
Trd, 000078.367, 155
Trd, 000079.200, 157
Trd, 000079.617, 157
Trd, 000080.750, 157
Trd, 000081.283, 157
Trd, 000081.333, 156
Trd, 000081.500, 158
Trd, 000082.167, 156
Trd, 000084.183, 157
Trd, 000084.267, 157
Trd, 000084.733, 156
Trd, 000084.767, 160
Trd, 000085.017, 163
Trd, 000085.633, 162
Trd, 000086.267, 163
Trd, 000087.067, 181
Trd, 000088.100, 167
Trd, 000088.617, 169
Trd, 000089.467, 170
Trd, 000090.433, 172
Trd, 000090.533, 171
Trd, 000091.017, 172
Trd, 000091.217, 169
Trd, 000092.200, 167
Trd, 000092.783, 159
Trd, 000093.467, 165
Trd, 000094.400, 158
Trd, 000094.450, 164
Trd, 000094.783, 157
Trd, 000096.100, 163
Trd, 000096.333, 161
Trd, 000097.283, 162
Trd, 000097.333, 162
Trd, 000098.350, 161
Trd, 000098.383, 166
Trd, 000099.167, 161
Trd, 000099.367, 175
Trd, 000100.483, 162
Trd, 000101.300, 161
Trd, 000102.800, 162
Trd, 000103.250, 161
Trd, 000104.050, 162
Trd, 000104.867, 161
Trd, 000104.983, 160
Trd, 000105.483, 158
Trd, 000105.667, 158
Trd, 000106.717, 162
Trd, 000107.650, 158
Trd, 000107.700, 158
Trd, 000107.933, 159
Trd, 000108.350, 157
Trd, 000108.550, 152
Trd, 000109.417, 166
Trd, 000109.833, 169
Trd, 000111.983, 165
Trd, 000112.333, 166
Trd, 000112.983, 167
Trd, 000113.117, 166
Trd, 000113.417, 167
Trd, 000114.083, 169
Trd, 000114.400, 176
Trd, 000116.317, 169
Trd, 000116.650, 168
Trd, 000116.700, 167
Trd, 000117.800, 166
Trd, 000118.900, 165
Trd, 000119.150, 170
Trd, 000119.800, 163
Trd, 000120.300, 162
Trd, 000120.550, 164
Trd, 000120.750, 163
Trd, 000121.550, 164
Trd, 000121.733, 179
Trd, 000123.300, 188
Trd, 000123.333, 189
Trd, 000123.450, 186
Trd, 000123.633, 198
Trd, 000123.933, 199
Trd, 000123.967, 201
Trd, 000124.100, 320
Trd, 000125.517, 338.0
Trd, 000126.017, 335
Trd, 000126.117, 336
Trd, 000126.833, 337
Trd, 000126.900, 328
Trd, 000127.150, 327
Trd, 000127.450, 336
Trd, 000129.350, 336.0
Trd, 000131.583, 336.0
Trd, 000131.667, 335
Trd, 000132.867, 340.0
Trd, 000132.883, 338
Trd, 000133.300, 341.0
Trd, 000133.433, 344
Trd, 000134.133, 343
Trd, 000135.133, 345
Trd, 000137.250, 348
Trd, 000137.267, 346
Trd, 000138.100, 351
Trd, 000138.350, 347
Trd, 000139.183, 350
Trd, 000139.400, 349
Trd, 000139.783, 349
Trd, 000140.233, 350
Trd, 000141.267, 350
Trd, 000141.550, 349
Trd, 000141.617, 351
Trd, 000143.400, 348
Trd, 000145.183, 347
Trd, 000145.317, 347
Trd, 000145.417, 343
Trd, 000145.633, 343.0
Trd, 000146.700, 347
Trd, 000148.217, 349
Trd, 000148.417, 348.0
Trd, 000148.933, 350
Trd, 000149.083, 350
Trd, 000150.183, 344.0
Trd, 000151.167, 349
Trd, 000151.250, 344
Trd, 000151.500, 342.0
Trd, 000152.167, 346
Trd, 000152.417, 345
Trd, 000152.900, 344
Trd, 000153.800, 344
Trd, 000154.617, 341.0
Trd, 000155.200, 342
Trd, 000155.367, 342
Trd, 000155.683, 342
Trd, 000157.417, 341
Trd, 000157.433, 365.0
Trd, 000158.233, 341
Trd, 000159.383, 349
Trd, 000160.300, 347
Trd, 000160.450, 346
Trd, 000161.250, 346
Trd, 000161.383, 343
Trd, 000161.433, 346
Trd, 000163.567, 344
Trd, 000164.233, 347
Trd, 000165.267, 349
Trd, 000165.400, 347
Trd, 000165.667, 347
Trd, 000166.117, 348
Trd, 000167.417, 346
Trd, 000168.050, 345
Trd, 000168.317, 346
Trd, 000168.983, 351
Trd, 000169.300, 346
Trd, 000170.083, 326.0
Trd, 000170.317, 327.0
Trd, 000171.267, 335.0
Trd, 000172.517, 337.0
Trd, 000173.133, 335
Trd, 000173.583, 336
Trd, 000174.400, 339.0
Trd, 000174.517, 338
Trd, 000174.867, 340
Trd, 000175.250, 341.0
Trd, 000176.967, 338
Trd, 000177.133, 339
Trd, 000177.250, 334
Trd, 000177.733, 327.0
Trd, 000177.883, 334
Trd, 000179.483, 337
Trd, 000179.833, 336
Trd, 000180.333, 337.0
Trd, 000181.400, 341.0
Trd, 000181.533, 339
Trd, 000182.317, 336
Trd, 000183.083, 333
Trd, 000183.167, 330
Trd, 000183.767, 319
Trd, 000184.533, 303.0
Trd, 000185.283, 211
Trd, 000185.933, 205
Trd, 000186.583, 205
Trd, 000187.650, 194
Trd, 000187.817, 193
Trd, 000187.883, 184
Trd, 000188.150, 176
Trd, 000188.800, 184
Trd, 000190.067, 180
Trd, 000190.233, 182
Trd, 000190.883, 180
Trd, 000191.700, 180
Trd, 000192.483, 181
Trd, 000192.667, 184
Trd, 000192.833, 178
Trd, 000193.083, 177
Trd, 000195.333, 171
Trd, 000196.017, 170
Trd, 000196.517, 176
Trd, 000196.683, 177
Trd, 000197.317, 177
Trd, 000198.283, 173
Trd, 000198.333, 177
Trd, 000199.000, 175
Trd, 000199.650, 177
Trd, 000200.100, 178
Trd, 000200.133, 178
Trd, 000200.817, 176
Trd, 000201.517, 171
Trd, 000201.867, 177
Trd, 000202.117, 170
Trd, 000203.650, 173
Trd, 000204.117, 176
Trd, 000204.150, 176
Trd, 000204.400, 177
Trd, 000204.417, 173
Trd, 000204.550, 167
Trd, 000206.133, 176
Trd, 000207.883, 177
Trd, 000208.033, 172
Trd, 000208.050, 172
Trd, 000208.283, 168
Trd, 000208.850, 172
Trd, 000209.717, 171
Trd, 000209.767, 170
Trd, 000209.800, 172
Trd, 000210.133, 168
Trd, 000210.533, 176
Trd, 000212.017, 171
Trd, 000212.967, 177
Trd, 000213.150, 175
Trd, 000213.583, 177
Trd, 000213.717, 176
Trd, 000214.433, 177
Trd, 000214.800, 175
Trd, 000215.617, 177
Trd, 000215.900, 174
Trd, 000217.200, 171
Trd, 000217.600, 168
Trd, 000217.867, 174
Trd, 000218.400, 174
Trd, 000220.017, 170
Trd, 000220.450, 171
Trd, 000221.633, 173
Trd, 000221.733, 174
Trd, 000222.083, 174
Trd, 000222.433, 171
Trd, 000223.917, 173
Trd, 000224.283, 174
Trd, 000224.333, 176
Trd, 000225.667, 175
Trd, 000226.117, 175
Trd, 000226.417, 173
Trd, 000227.100, 173
Trd, 000228.133, 175
Trd, 000228.233, 173
Trd, 000229.467, 177
Trd, 000229.917, 175
Trd, 000230.717, 176
Trd, 000231.150, 176
Trd, 000231.317, 173
Trd, 000231.500, 176
Trd, 000232.800, 171
Trd, 000233.300, 179
Trd, 000234.767, 176
Trd, 000235.533, 180
Trd, 000235.567, 175
Trd, 000235.650, 174
Trd, 000235.733, 181
Trd, 000235.800, 174
Trd, 000237.783, 175
Trd, 000239.733, 178
Trd, 000239.967, 178
Trd, 000240.067, 179
Trd, 000240.167, 180
Trd, 000240.533, 181
Trd, 000240.550, 182
Trd, 000241.367, 186
Trd, 000241.400, 187
Trd, 000241.500, 189
Trd, 000242.100, 188
Trd, 000242.400, 188
Trd, 000243.000, 185
Trd, 000243.183, 186
Trd, 000243.450, 184
Trd, 000243.800, 186
Trd, 000244.000, 186
Trd, 000245.733, 185
Trd, 000245.967, 195
Trd, 000246.533, 190
Trd, 000247.300, 187
Trd, 000247.383, 188
Trd, 000247.583, 186
Trd, 000247.700, 183
Trd, 000248.200, 189
Trd, 000248.383, 187
Trd, 000248.900, 187
Trd, 000249.233, 189
Trd, 000249.533, 190
Trd, 000249.817, 190
Trd, 000250.167, 186
Trd, 000250.400, 183
Trd, 000250.900, 190
Trd, 000251.183, 187
Trd, 000253.400, 187
Trd, 000254.633, 189
Trd, 000254.767, 188
Trd, 000254.933, 183
Trd, 000255.700, 185
Trd, 000255.800, 187
Trd, 000256.017, 179
Trd, 000256.467, 185
Trd, 000256.700, 185
Trd, 000256.733, 183
Trd, 000257.083, 188
Trd, 000258.417, 183
Trd, 000258.717, 177
Trd, 000259.050, 176
Trd, 000259.433, 173
Trd, 000260.067, 176
Trd, 000260.133, 175
Trd, 000260.867, 178
Trd, 000262.433, 179
Trd, 000262.550, 178
Trd, 000262.900, 181
Trd, 000263.483, 180
Trd, 000263.983, 182
Trd, 000264.383, 183
Trd, 000265.017, 180
Trd, 000265.483, 181
Trd, 000266.067, 183
Trd, 000266.183, 184
Trd, 000266.533, 181
Trd, 000266.633, 185
Trd, 000267.033, 185
Trd, 000267.450, 186
Trd, 000268.317, 188
Trd, 000268.583, 191
Trd, 000269.083, 189
Trd, 000270.533, 188
Trd, 000270.950, 189
Trd, 000271.233, 187
Trd, 000271.450, 184
Trd, 000271.550, 183
Trd, 000272.083, 187
Trd, 000272.600, 187
Trd, 000272.717, 186
Trd, 000273.717, 185
Trd, 000273.883, 178
Trd, 000274.233, 178
Trd, 000274.250, 183
Trd, 000274.533, 183
Trd, 000275.917, 183
Trd, 000276.383, 183
Trd, 000276.550, 182
Trd, 000276.850, 182
Trd, 000277.117, 184
Trd, 000277.367, 180
Trd, 000277.450, 184
Trd, 000279.283, 184
Trd, 000279.383, 185
Trd, 000279.467, 179
Trd, 000279.600, 178
Trd, 000280.217, 177
Trd, 000280.383, 185
Trd, 000280.433, 187
Trd, 000281.300, 183
Trd, 000281.733, 179
Trd, 000282.000, 186
Trd, 000283.017, 186
Trd, 000283.383, 185
Trd, 000284.033, 185
Trd, 000284.133, 178
Trd, 000284.483, 186
Trd, 000284.733, 186
Trd, 000284.983, 186
Trd, 000285.683, 184
Trd, 000285.800, 187
Trd, 000286.050, 193
Trd, 000286.383, 196
Trd, 000286.517, 184
Trd, 000287.117, 181
Trd, 000287.133, 189
Trd, 000287.717, 192
Trd, 000288.817, 196
Trd, 000289.067, 184
Trd, 000289.633, 185
Trd, 000289.717, 201
Trd, 000290.117, 201
Trd, 000290.183, 188
Trd, 000290.433, 188
Trd, 000291.217, 191
Trd, 000291.700, 193
Trd, 000292.800, 192
Trd, 000292.967, 191
Trd, 000293.150, 188
Trd, 000293.167, 187
Trd, 000293.433, 192
Trd, 000294.000, 179
Trd, 000294.367, 192
Trd, 000295.333, 192
Trd, 000295.467, 187
Trd, 000295.700, 177
Trd, 000295.717, 176
Trd, 000296.317, 173
Trd, 000296.367, 193
Trd, 000297.117, 192
Trd, 000297.317, 183
Trd, 000297.800, 186
Trd, 000297.833, 190
Trd, 000298.133, 183
Trd, 000298.317, 180
Trd, 000299.067, 191
Trd, 000299.633, 195
