Trd, 000001.533, 109
Trd, 000001.983, 131
Trd, 000002.150, 156
Trd, 000005.267, 171
Trd, 000005.317, 171
Trd, 000005.567, 171
Trd, 000006.033, 169
Trd, 000006.283, 161
Trd, 000006.467, 160
Trd, 000006.550, 166
Trd, 000007.633, 165
Trd, 000009.200, 159
Trd, 000009.317, 158
Trd, 000010.000, 164
Trd, 000010.167, 164
Trd, 000010.467, 156
Trd, 000010.700, 156
Trd, 000010.933, 151
Trd, 000011.067, 145
Trd, 000011.650, 165
Trd, 000012.417, 136
Trd, 000013.317, 153
Trd, 000013.433, 149
Trd, 000014.033, 149
Trd, 000014.333, 154
Trd, 000014.383, 166
Trd, 000015.267, 148
Trd, 000016.183, 151
Trd, 000016.817, 161
Trd, 000017.083, 157
Trd, 000017.700, 156
Trd, 000017.817, 165
Trd, 000018.267, 152
Trd, 000019.817, 160
Trd, 000019.917, 162
Trd, 000020.500, 163
Trd, 000020.517, 177
Trd, 000021.033, 179
Trd, 000021.367, 164
Trd, 000021.700, 167
Trd, 000022.200, 188
Trd, 000022.750, 164
Trd, 000022.833, 162
Trd, 000023.467, 157
Trd, 000024.250, 166
Trd, 000024.417, 157
Trd, 000024.650, 167
Trd, 000025.850, 164
Trd, 000026.183, 156
Trd, 000026.667, 165
Trd, 000028.533, 162
Trd, 000028.567, 161
Trd, 000028.683, 165
Trd, 000029.083, 163
Trd, 000029.883, 164
Trd, 000029.967, 164
Trd, 000030.217, 160
Trd, 000030.617, 158
Trd, 000032.117, 168
Trd, 000032.483, 159
Trd, 000032.517, 168
Trd, 000033.783, 189
Trd, 000034.150, 162
Trd, 000035.733, 168
Trd, 000036.183, 168
Trd, 000036.450, 169
Trd, 000036.550, 162
Trd, 000036.650, 169
Trd, 000037.150, 168
Trd, 000037.483, 165
Trd, 000037.533, 161
Trd, 000037.717, 158
Trd, 000038.267, 162
Trd, 000038.350, 161
Trd, 000039.650, 165
Trd, 000040.533, 169
Trd, 000042.033, 166
Trd, 000042.117, 165
Trd, 000042.683, 169
Trd, 000042.800, 168
Trd, 000043.150, 174
Trd, 000043.267, 175
Trd, 000044.200, 175
Trd, 000045.417, 169
Trd, 000045.633, 165
Trd, 000047.667, 169
Trd, 000048.050, 170
Trd, 000048.117, 171
Trd, 000048.750, 168
Trd, 000048.983, 167
Trd, 000049.067, 164
Trd, 000050.033, 163
Trd, 000050.383, 166
Trd, 000051.533, 162
Trd, 000052.417, 163
Trd, 000052.967, 161
Trd, 000053.400, 164
Trd, 000053.433, 160
Trd, 000053.600, 165
Trd, 000053.700, 160
Trd, 000053.767, 177
Trd, 000054.367, 170
Trd, 000054.917, 170
Trd, 000055.100, 160
Trd, 000055.317, 168
Trd, 000056.433, 169
Trd, 000057.150, 158
Trd, 000057.750, 169
Trd, 000057.883, 168
Trd, 000058.217, 170
Trd, 000058.733, 161
Trd, 000060.033, 164
Trd, 000060.550, 166
Trd, 000061.883, 166
Trd, 000062.133, 167
Trd, 000062.167, 171
Trd, 000063.550, 171
Trd, 000064.400, 168
Trd, 000064.817, 166
Trd, 000065.417, 167
Trd, 000065.433, 169
Trd, 000066.083, 169
Trd, 000066.150, 164
Trd, 000066.783, 170
Trd, 000067.217, 163
Trd, 000068.550, 169
Trd, 000069.300, 162
Trd, 000069.350, 161
Trd, 000069.950, 167
Trd, 000070.000, 168
Trd, 000070.933, 164
Trd, 000071.167, 163
Trd, 000071.950, 163
Trd, 000072.017, 165
Trd, 000072.117, 167
Trd, 000072.267, 162
Trd, 000072.467, 167
Trd, 000073.217, 171
Trd, 000074.950, 166
Trd, 000075.050, 163
Trd, 000075.383, 171
Trd, 000075.783, 162
Trd, 000076.033, 170
Trd, 000076.200, 172
Trd, 000076.617, 171
Trd, 000077.300, 176
Trd, 000077.717, 173
Trd, 000078.267, 170
Trd, 000079.850, 176
Trd, 000080.083, 172
Trd, 000080.267, 172
Trd, 000080.683, 173
Trd, 000081.083, 174
Trd, 000082.317, 170
Trd, 000082.733, 169
Trd, 000083.283, 174
Trd, 000084.117, 165
Trd, 000084.150, 173
Trd, 000084.400, 173
Trd, 000084.467, 164
Trd, 000084.950, 172
Trd, 000086.517, 168
Trd, 000086.583, 166
Trd, 000087.700, 168
Trd, 000088.067, 170
Trd, 000088.417, 166
Trd, 000089.100, 172
Trd, 000089.333, 166
Trd, 000089.850, 168
Trd, 000090.367, 167
Trd, 000090.800, 166
Trd, 000091.083, 168
Trd, 000091.333, 164
Trd, 000091.650, 173
Trd, 000092.100, 172
Trd, 000092.900, 170
Trd, 000092.983, 159
Trd, 000093.917, 169
Trd, 000094.233, 170
Trd, 000094.783, 174
Trd, 000096.100, 176
Trd, 000096.800, 177
Trd, 000098.033, 174
Trd, 000098.500, 176
Trd, 000099.050, 189
Trd, 000099.533, 185
Trd, 000100.817, 189
Trd, 000101.000, 179
Trd, 000101.233, 180
Trd, 000101.567, 176
Trd, 000101.633, 166
Trd, 000102.117, 170
Trd, 000103.283, 168
Trd, 000103.767, 161
Trd, 000103.933, 160
Trd, 000104.817, 167
Trd, 000105.833, 166
Trd, 000106.017, 167
Trd, 000106.350, 168
Trd, 000107.050, 167
Trd, 000107.583, 168
Trd, 000107.783, 165
Trd, 000108.033, 168
Trd, 000109.100, 169
Trd, 000109.250, 185
Trd, 000109.483, 171
Trd, 000111.133, 177
Trd, 000111.733, 168
Trd, 000111.933, 166
Trd, 000112.283, 178
Trd, 000112.950, 178
Trd, 000113.100, 176
Trd, 000113.133, 180
Trd, 000113.333, 171
Trd, 000114.283, 164
Trd, 000114.767, 167
Trd, 000115.067, 168
Trd, 000115.100, 169
Trd, 000115.717, 165
Trd, 000115.750, 164
Trd, 000116.150, 163
Trd, 000116.417, 162
Trd, 000116.833, 166
Trd, 000118.167, 162
Trd, 000118.350, 163
Trd, 000118.583, 164
Trd, 000118.983, 156
Trd, 000119.583, 165
Trd, 000120.000, 160
Trd, 000120.750, 167
Trd, 000120.817, 177
Trd, 000121.300, 182
Trd, 000121.333, 161
Trd, 000121.367, 171
Trd, 000121.867, 191
Trd, 000121.900, 198
Trd, 000122.117, 201
Trd, 000122.267, 207
Trd, 000122.917, 217
Trd, 000123.233, 241
Trd, 000123.533, 255
Trd, 000124.233, 324.0
Trd, 000125.000, 300
Trd, 000125.183, 316
Trd, 000126.050, 333
Trd, 000126.067, 348
Trd, 000126.600, 306.0
Trd, 000126.917, 337
Trd, 000126.967, 347
Trd, 000127.233, 348.0
Trd, 000127.267, 350
Trd, 000127.333, 331.0
Trd, 000127.500, 351
Trd, 000128.583, 336
Trd, 000130.100, 336
Trd, 000130.133, 337
Trd, 000131.067, 336.0
Trd, 000131.400, 338
Trd, 000131.467, 350
Trd, 000132.100, 340
Trd, 000132.367, 335.0
Trd, 000133.183, 351
Trd, 000133.283, 339
Trd, 000133.617, 353
Trd, 000134.467, 355
Trd, 000134.500, 344
Trd, 000134.533, 343
Trd, 000136.083, 351
Trd, 000136.717, 351
Trd, 000138.667, 350
Trd, 000138.750, 351
Trd, 000139.617, 348
Trd, 000140.550, 350
Trd, 000140.733, 347
Trd, 000141.033, 344.0
Trd, 000141.950, 343
Trd, 000142.600, 353
Trd, 000142.617, 354
Trd, 000143.083, 340
Trd, 000143.467, 339
Trd, 000143.883, 334.0
Trd, 000144.000, 355
Trd, 000144.550, 337
Trd, 000145.800, 346
Trd, 000146.483, 344
Trd, 000146.567, 352
Trd, 000147.050, 354
Trd, 000147.867, 351
Trd, 000148.017, 364
Trd, 000148.583, 362
Trd, 000148.983, 361
Trd, 000149.667, 363
Trd, 000150.417, 361
Trd, 000150.533, 348
Trd, 000150.783, 349
Trd, 000151.200, 358
Trd, 000152.367, 357
Trd, 000152.717, 356.0
Trd, 000153.217, 355.0
Trd, 000153.383, 351
Trd, 000153.717, 358
Trd, 000153.867, 359.0
Trd, 000154.933, 349
Trd, 000155.417, 356
Trd, 000155.867, 356
Trd, 000156.617, 354
Trd, 000157.000, 355
Trd, 000157.117, 362
Trd, 000158.683, 355.0
Trd, 000158.700, 344.0
Trd, 000158.967, 362
Trd, 000158.983, 363
Trd, 000159.567, 345
Trd, 000160.283, 355
Trd, 000160.850, 356
Trd, 000161.200, 360
Trd, 000161.617, 350
Trd, 000162.117, 361
Trd, 000163.250, 365.0
Trd, 000163.950, 363
Trd, 000164.150, 375.0
Trd, 000164.183, 362
Trd, 000164.783, 361
Trd, 000166.167, 354
Trd, 000167.100, 356
Trd, 000167.983, 357
Trd, 000168.117, 364
Trd, 000168.267, 365
Trd, 000169.483, 359.0
Trd, 000169.550, 358.0
Trd, 000169.817, 355.0
Trd, 000170.900, 355
Trd, 000171.267, 356.0
Trd, 000171.617, 357
Trd, 000171.667, 355.0
Trd, 000171.783, 359
Trd, 000172.200, 361
Trd, 000173.133, 353
Trd, 000173.283, 356
Trd, 000174.050, 350
Trd, 000174.217, 357
Trd, 000174.967, 346
Trd, 000175.283, 344.0
Trd, 000175.667, 354
Trd, 000176.100, 352
Trd, 000176.450, 356
Trd, 000176.833, 356
Trd, 000176.967, 355.0
Trd, 000178.100, 355
Trd, 000178.650, 365.0
Trd, 000178.700, 354
Trd, 000178.733, 344.0
Trd, 000179.867, 345
Trd, 000180.733, 349
Trd, 000180.933, 341
Trd, 000181.517, 345
Trd, 000181.633, 349
Trd, 000181.767, 341
Trd, 000181.967, 352
Trd, 000182.150, 339
Trd, 000182.250, 334.0
Trd, 000182.300, 331.0
Trd, 000183.117, 316
Trd, 000183.267, 260
Trd, 000183.800, 218
Trd, 000183.883, 198
Trd, 000184.117, 211
Trd, 000184.650, 186
Trd, 000185.717, 191
Trd, 000185.983, 183
Trd, 000186.467, 177
Trd, 000187.000, 176
Trd, 000187.500, 176
Trd, 000187.800, 187
Trd, 000188.017, 174
Trd, 000188.150, 173
Trd, 000188.550, 180
Trd, 000188.917, 180
Trd, 000189.217, 172
Trd, 000189.550, 181
Trd, 000190.200, 181
Trd, 000190.300, 182
Trd, 000190.500, 174
Trd, 000192.983, 176
Trd, 000193.333, 183
Trd, 000193.417, 176
Trd, 000193.800, 180
Trd, 000194.683, 174
Trd, 000195.117, 169
Trd, 000195.433, 183
Trd, 000195.650, 184
Trd, 000195.867, 184
Trd, 000196.250, 169
Trd, 000196.517, 184
Trd, 000197.500, 185
Trd, 000198.750, 177
Trd, 000199.850, 179
Trd, 000200.033, 175
Trd, 000200.100, 180
Trd, 000200.583, 182
Trd, 000200.717, 183
Trd, 000201.033, 176
Trd, 000201.733, 183
Trd, 000201.767, 185
Trd, 000203.750, 185
Trd, 000203.767, 175
Trd, 000204.200, 174
Trd, 000205.700, 185
Trd, 000205.900, 185
Trd, 000206.217, 183
Trd, 000206.450, 184
Trd, 000206.983, 184
Trd, 000207.017, 179
Trd, 000207.100, 175
Trd, 000207.417, 185
Trd, 000207.533, 196
Trd, 000207.667, 171
Trd, 000209.200, 177
Trd, 000209.717, 174
Trd, 000210.067, 185
Trd, 000210.617, 178
Trd, 000211.250, 185
Trd, 000211.367, 185
Trd, 000211.450, 180
Trd, 000212.033, 186
Trd, 000212.550, 185
Trd, 000213.267, 185
Trd, 000213.900, 181
Trd, 000214.217, 180
Trd, 000216.133, 182
Trd, 000216.617, 179
Trd, 000216.700, 176
Trd, 000216.933, 179
Trd, 000217.917, 177
Trd, 000218.083, 176
Trd, 000218.100, 179
Trd, 000218.700, 174
Trd, 000218.783, 172
Trd, 000219.950, 174
Trd, 000220.300, 161
Trd, 000220.350, 177
Trd, 000220.650, 177
Trd, 000222.883, 171
Trd, 000223.533, 172
Trd, 000223.717, 175
Trd, 000224.683, 172
Trd, 000225.667, 171
Trd, 000226.050, 172
Trd, 000226.183, 176
Trd, 000226.517, 177
Trd, 000227.333, 192
Trd, 000228.533, 183
Trd, 000228.567, 186
Trd, 000228.833, 181
Trd, 000229.867, 180
Trd, 000230.200, 181
Trd, 000230.617, 182
Trd, 000230.867, 182
Trd, 000231.550, 188
Trd, 000231.933, 181
Trd, 000232.817, 192
Trd, 000233.100, 191
Trd, 000233.117, 188
Trd, 000233.583, 178
Trd, 000234.133, 167
Trd, 000234.733, 172
Trd, 000235.483, 171
Trd, 000235.883, 170
Trd, 000236.117, 171
Trd, 000236.183, 157
Trd, 000236.333, 172
Trd, 000236.450, 174
Trd, 000236.683, 179
Trd, 000237.550, 179
Trd, 000238.733, 186
Trd, 000239.450, 176
Trd, 000239.717, 174
Trd, 000239.750, 155
Trd, 000240.667, 175
Trd, 000241.133, 174
Trd, 000241.383, 174
Trd, 000241.400, 175
Trd, 000242.083, 176
Trd, 000242.583, 179
Trd, 000242.617, 175
Trd, 000243.667, 179
Trd, 000243.883, 178
Trd, 000244.050, 179
Trd, 000244.167, 177
Trd, 000244.267, 186
Trd, 000244.800, 186
Trd, 000244.883, 175
Trd, 000245.033, 187
Trd, 000245.133, 189
Trd, 000245.883, 192
Trd, 000245.900, 188
Trd, 000246.333, 180
Trd, 000247.000, 176
Trd, 000247.050, 178
Trd, 000247.100, 175
Trd, 000247.183, 190
Trd, 000247.950, 186
Trd, 000248.567, 189
Trd, 000250.183, 183
Trd, 000250.300, 187
Trd, 000250.783, 185
Trd, 000251.533, 185
Trd, 000251.733, 183
Trd, 000252.367, 180
Trd, 000252.883, 183
Trd, 000252.983, 184
Trd, 000253.433, 184
Trd, 000253.750, 174
Trd, 000253.917, 173
Trd, 000254.833, 183
Trd, 000255.100, 180
Trd, 000255.233, 182
Trd, 000255.317, 176
Trd, 000255.817, 180
Trd, 000255.983, 181
Trd, 000256.367, 181
Trd, 000256.550, 178
Trd, 000256.800, 182
Trd, 000257.383, 180
Trd, 000258.083, 178
Trd, 000258.433, 176
Trd, 000259.167, 175
Trd, 000259.183, 174
Trd, 000259.200, 174
Trd, 000259.650, 174
Trd, 000259.817, 177
Trd, 000259.867, 170
Trd, 000260.067, 177
Trd, 000260.300, 163
Trd, 000260.400, 180
Trd, 000261.467, 182
Trd, 000261.900, 178
Trd, 000262.800, 183
Trd, 000263.150, 185
Trd, 000263.367, 188
Trd, 000264.667, 187
Trd, 000264.700, 188
Trd, 000264.750, 176
Trd, 000265.250, 170
Trd, 000265.333, 175
Trd, 000265.467, 174
Trd, 000266.200, 177
Trd, 000266.700, 168
Trd, 000267.050, 174
Trd, 000267.117, 168
Trd, 000267.450, 167
Trd, 000268.483, 171
Trd, 000269.000, 174
Trd, 000269.033, 164
Trd, 000269.833, 175
Trd, 000269.850, 177
Trd, 000271.167, 172
Trd, 000272.417, 176
Trd, 000272.683, 174
Trd, 000272.733, 170
Trd, 000272.817, 168
Trd, 000273.250, 176
Trd, 000273.500, 178
Trd, 000273.850, 180
Trd, 000274.483, 180
Trd, 000274.700, 176
Trd, 000275.367, 179
Trd, 000275.417, 188
Trd, 000276.383, 179
Trd, 000276.483, 175
Trd, 000276.500, 180
Trd, 000276.533, 182
Trd, 000277.017, 176
Trd, 000277.283, 174
Trd, 000277.867, 175
Trd, 000278.450, 177
Trd, 000278.633, 177
Trd, 000278.933, 182
Trd, 000280.100, 183
Trd, 000280.650, 182
Trd, 000280.750, 193
Trd, 000280.983, 186
Trd, 000281.583, 179
Trd, 000281.767, 177
Trd, 000281.883, 176
Trd, 000282.167, 182
Trd, 000282.900, 162
Trd, 000283.150, 171
Trd, 000283.583, 172
Trd, 000283.650, 179
Trd, 000284.483, 178
Trd, 000284.650, 171
Trd, 000285.067, 183
Trd, 000285.417, 179
Trd, 000285.483, 179
Trd, 000286.100, 179
Trd, 000286.550, 180
Trd, 000286.683, 173
Trd, 000287.650, 188
Trd, 000287.800, 189
Trd, 000288.133, 189
Trd, 000288.350, 187
Trd, 000288.917, 191
Trd, 000289.500, 191
Trd, 000289.550, 186
Trd, 000290.167, 192
Trd, 000290.633, 194
Trd, 000290.817, 184
Trd, 000291.017, 184
Trd, 000291.083, 178
Trd, 000291.250, 194
Trd, 000291.350, 177
Trd, 000292.083, 191
Trd, 000292.500, 177
Trd, 000292.617, 190
Trd, 000292.850, 193
Trd, 000293.000, 182
Trd, 000293.667, 189
Trd, 000293.783, 190
Trd, 000294.200, 173
Trd, 000294.600, 191
Trd, 000295.217, 185
Trd, 000295.517, 186
Trd, 000296.033, 190
Trd, 000296.117, 194
Trd, 000296.583, 194
Trd, 000297.317, 183
Trd, 000298.000, 184
Trd, 000298.217, 184
Trd, 000298.533, 190
Trd, 000299.067, 189
Trd, 000299.433, 178
Trd, 000299.850, 173
