Trd, 000003.017, 149
Trd, 000003.500, 148
Trd, 000004.000, 148
Trd, 000004.883, 149
Trd, 000006.183, 160
Trd, 000006.767, 153
Trd, 000008.017, 153
Trd, 000008.517, 159
Trd, 000009.750, 152
Trd, 000010.233, 152
Trd, 000010.283, 152
Trd, 000010.967, 148
Trd, 000012.583, 149
Trd, 000013.433, 150
Trd, 000013.750, 152
Trd, 000013.950, 166
Trd, 000015.517, 154
Trd, 000016.000, 154
Trd, 000016.117, 155
Trd, 000016.867, 158
Trd, 000017.200, 156
Trd, 000018.417, 155
Trd, 000019.083, 153
Trd, 000019.550, 152
Trd, 000019.767, 150
Trd, 000022.067, 151
Trd, 000022.133, 146
Trd, 000022.300, 158
Trd, 000024.533, 152
Trd, 000025.317, 152
Trd, 000025.767, 153
Trd, 000026.500, 173
Trd, 000026.550, 151
Trd, 000028.667, 155
Trd, 000029.300, 155
Trd, 000030.367, 156
Trd, 000032.383, 155
Trd, 000032.500, 156
Trd, 000032.583, 157
Trd, 000033.550, 155
Trd, 000033.933, 165
Trd, 000033.950, 166
Trd, 000036.183, 159
Trd, 000036.317, 160
Trd, 000036.617, 158
Trd, 000036.967, 158
Trd, 000038.550, 156
Trd, 000039.183, 157
Trd, 000039.617, 157
Trd, 000040.100, 155
Trd, 000040.200, 157
Trd, 000042.233, 155
Trd, 000042.800, 154
Trd, 000042.883, 155
Trd, 000044.100, 156
Trd, 000044.233, 159
Trd, 000045.100, 156
Trd, 000045.367, 157
Trd, 000048.317, 157
Trd, 000049.567, 157
Trd, 000050.033, 159
Trd, 000050.417, 159
Trd, 000050.600, 160
Trd, 000051.150, 161
Trd, 000051.633, 158
Trd, 000051.783, 160
Trd, 000052.267, 157
Trd, 000053.367, 156
Trd, 000053.767, 156
Trd, 000054.583, 157
Trd, 000055.550, 156
Trd, 000055.883, 156
Trd, 000055.950, 160
Trd, 000056.117, 160
Trd, 000056.783, 153
Trd, 000058.600, 161
Trd, 000058.817, 159
Trd, 000059.483, 159
Trd, 000059.517, 161
Trd, 000060.617, 158
Trd, 000063.250, 159
Trd, 000064.300, 157
Trd, 000064.367, 157
Trd, 000065.083, 158
Trd, 000065.283, 160
Trd, 000066.117, 159
Trd, 000066.750, 169
Trd, 000068.150, 161
Trd, 000069.683, 161
Trd, 000070.533, 161
Trd, 000070.650, 163
Trd, 000071.150, 164
Trd, 000071.583, 165
Trd, 000072.617, 162
Trd, 000073.733, 161
Trd, 000074.900, 161
Trd, 000075.200, 160
Trd, 000075.467, 160
Trd, 000076.933, 159
Trd, 000077.283, 164
Trd, 000078.133, 163
Trd, 000079.400, 162
Trd, 000080.417, 162
Trd, 000080.617, 159
Trd, 000081.300, 159
Trd, 000082.800, 158
Trd, 000082.883, 158
Trd, 000083.683, 160
Trd, 000084.383, 161
Trd, 000085.883, 160
Trd, 000086.483, 158
Trd, 000087.083, 159
Trd, 000087.383, 160
Trd, 000088.167, 157
Trd, 000088.700, 156
Trd, 000088.850, 157
Trd, 000089.617, 164
Trd, 000090.400, 156
Trd, 000090.717, 161
Trd, 000092.067, 156
Trd, 000092.667, 159
Trd, 000092.733, 159
Trd, 000092.950, 161
Trd, 000094.683, 159
Trd, 000096.100, 160
Trd, 000096.783, 163
Trd, 000096.800, 164
Trd, 000097.867, 160
Trd, 000098.633, 162
Trd, 000099.400, 162
Trd, 000099.983, 162
Trd, 000100.400, 163
Trd, 000100.867, 165
Trd, 000103.317, 164
Trd, 000104.033, 161
Trd, 000104.800, 159
Trd, 000104.900, 161
Trd, 000105.650, 161
Trd, 000107.350, 161
Trd, 000107.617, 162
Trd, 000107.783, 163
Trd, 000108.417, 166
Trd, 000110.733, 162
Trd, 000110.917, 162
Trd, 000111.133, 161
Trd, 000111.167, 162
Trd, 000111.817, 163
Trd, 000112.050, 161
Trd, 000112.183, 159
Trd, 000114.850, 159
Trd, 000114.900, 161
Trd, 000114.950, 162
Trd, 000115.417, 158
Trd, 000116.917, 159
Trd, 000119.067, 161
Trd, 000119.400, 162
Trd, 000119.517, 163
Trd, 000119.733, 164
Trd, 000120.833, 164
Trd, 000121.333, 167
Trd, 000121.350, 168
Trd, 000121.667, 174
Trd, 000121.917, 184
Trd, 000122.367, 194
Trd, 000122.733, 198
Trd, 000123.067, 205
Trd, 000123.467, 202
Trd, 000123.817, 213
Trd, 000124.033, 263
Trd, 000124.583, 340
Trd, 000125.400, 350
Trd, 000126.200, 330.0
Trd, 000127.200, 329.0
Trd, 000127.833, 330.0
Trd, 000128.100, 331.0
Trd, 000128.167, 338
Trd, 000129.250, 352
Trd, 000129.683, 359
Trd, 000131.067, 349.0
Trd, 000131.300, 347.0
Trd, 000131.500, 346
Trd, 000132.300, 345.0
Trd, 000134.583, 349
Trd, 000135.483, 350
Trd, 000135.817, 348
Trd, 000137.283, 355
Trd, 000137.367, 347
Trd, 000137.517, 347
Trd, 000137.867, 345.0
Trd, 000139.967, 350
Trd, 000140.200, 351
Trd, 000141.267, 355
Trd, 000142.450, 352
Trd, 000143.033, 352
Trd, 000144.483, 355
Trd, 000144.583, 354
Trd, 000144.967, 351.0
Trd, 000145.833, 354
Trd, 000147.283, 353
Trd, 000148.150, 350.0
Trd, 000148.433, 351
Trd, 000149.150, 352.0
Trd, 000149.650, 353
Trd, 000149.783, 355
Trd, 000151.150, 351.0
Trd, 000151.200, 350
Trd, 000152.817, 350
Trd, 000153.317, 349
Trd, 000153.550, 349
Trd, 000154.567, 352
Trd, 000154.983, 352
Trd, 000155.283, 344.0
Trd, 000155.533, 353
Trd, 000158.417, 351
Trd, 000159.483, 352
Trd, 000160.250, 351
Trd, 000160.650, 351
Trd, 000161.167, 352
Trd, 000161.317, 351
Trd, 000162.900, 353
Trd, 000163.267, 354
Trd, 000163.550, 355
Trd, 000164.083, 361.0
Trd, 000164.317, 352
Trd, 000164.900, 351
Trd, 000167.600, 353.0
Trd, 000168.900, 356
Trd, 000169.433, 354.0
Trd, 000169.517, 359
Trd, 000170.050, 352
Trd, 000170.933, 353
Trd, 000172.917, 352
Trd, 000173.883, 352.0
Trd, 000174.517, 353
Trd, 000174.883, 356
Trd, 000175.800, 351.0
Trd, 000175.850, 352
Trd, 000177.000, 350.0
Trd, 000177.250, 350
Trd, 000178.450, 346
Trd, 000179.567, 351
Trd, 000179.767, 352
Trd, 000180.517, 351.0
Trd, 000180.800, 351
Trd, 000181.083, 349.0
Trd, 000181.417, 348.0
Trd, 000182.083, 346
Trd, 000182.467, 344.0
Trd, 000183.183, 310
Trd, 000184.067, 200
Trd, 000184.150, 200
Trd, 000184.283, 194
Trd, 000184.800, 189
Trd, 000185.000, 183
Trd, 000185.267, 189
Trd, 000186.467, 188
Trd, 000186.983, 176
Trd, 000187.533, 171
Trd, 000189.300, 170
Trd, 000190.517, 169
Trd, 000191.083, 168
Trd, 000191.233, 169
Trd, 000191.867, 170
Trd, 000193.283, 170
Trd, 000193.867, 170
Trd, 000193.967, 170
Trd, 000194.533, 171
Trd, 000196.433, 170
Trd, 000196.683, 173
Trd, 000197.433, 167
Trd, 000198.883, 169
Trd, 000199.050, 170
Trd, 000200.550, 169
Trd, 000200.800, 171
Trd, 000201.167, 175
Trd, 000202.150, 177
Trd, 000204.500, 173
Trd, 000205.633, 173
Trd, 000205.933, 173
Trd, 000206.400, 172
Trd, 000207.317, 174
Trd, 000207.600, 164
Trd, 000208.250, 172
Trd, 000209.500, 169
Trd, 000209.883, 170
Trd, 000210.433, 183
Trd, 000211.283, 193
Trd, 000211.917, 184
Trd, 000212.450, 184
Trd, 000213.983, 182
Trd, 000215.767, 182
Trd, 000216.133, 181
Trd, 000217.650, 178
Trd, 000218.317, 178
Trd, 000218.517, 176
Trd, 000218.700, 173
Trd, 000219.067, 174
Trd, 000220.667, 175
Trd, 000220.683, 178
Trd, 000223.650, 176
Trd, 000223.967, 173
Trd, 000225.133, 175
Trd, 000225.417, 174
Trd, 000225.517, 173
Trd, 000225.617, 175
Trd, 000226.600, 171
Trd, 000228.433, 171
Trd, 000228.783, 175
Trd, 000230.267, 173
Trd, 000230.333, 175
Trd, 000230.650, 178
Trd, 000231.733, 175
Trd, 000232.450, 175
Trd, 000232.583, 176
Trd, 000232.667, 178
Trd, 000234.200, 177
Trd, 000235.017, 180
Trd, 000235.167, 179
Trd, 000235.917, 178
Trd, 000236.350, 178
Trd, 000236.600, 178
Trd, 000237.283, 182
Trd, 000239.250, 179
Trd, 000240.083, 179
Trd, 000240.200, 179
Trd, 000240.250, 180
Trd, 000240.317, 178
Trd, 000240.417, 177
Trd, 000240.583, 176
Trd, 000240.883, 175
Trd, 000241.583, 177
Trd, 000241.933, 177
Trd, 000242.267, 178
Trd, 000242.733, 176
Trd, 000242.817, 176
Trd, 000242.950, 179
Trd, 000244.067, 175
Trd, 000244.117, 176
Trd, 000244.217, 175
Trd, 000244.500, 177
Trd, 000244.883, 178
Trd, 000245.450, 175
Trd, 000246.850, 176
Trd, 000247.267, 175
Trd, 000247.817, 177
Trd, 000248.483, 182
Trd, 000248.700, 183
Trd, 000249.200, 187
Trd, 000249.350, 190
Trd, 000250.483, 182
Trd, 000250.533, 180
Trd, 000250.767, 179
Trd, 000251.083, 176
Trd, 000251.517, 178
Trd, 000252.300, 172
Trd, 000252.950, 169
Trd, 000253.383, 170
Trd, 000254.200, 172
Trd, 000254.383, 174
Trd, 000254.750, 179
Trd, 000255.117, 182
Trd, 000255.217, 180
Trd, 000255.433, 177
Trd, 000255.617, 175
Trd, 000256.400, 177
Trd, 000256.667, 175
Trd, 000257.167, 177
Trd, 000257.417, 175
Trd, 000258.550, 177
Trd, 000258.700, 176
Trd, 000258.967, 171
Trd, 000259.267, 171
Trd, 000259.333, 182
Trd, 000260.283, 170
Trd, 000260.950, 174
Trd, 000261.050, 175
Trd, 000261.150, 176
Trd, 000261.867, 174
Trd, 000262.100, 171
Trd, 000262.483, 175
Trd, 000262.950, 177
Trd, 000263.667, 172
Trd, 000263.883, 180
Trd, 000264.233, 174
Trd, 000265.000, 180
Trd, 000265.500, 183
Trd, 000265.783, 179
Trd, 000265.950, 178
Trd, 000266.483, 176
Trd, 000266.517, 181
Trd, 000267.033, 182
Trd, 000267.067, 184
Trd, 000268.167, 183
Trd, 000268.867, 179
Trd, 000268.967, 178
Trd, 000269.283, 180
Trd, 000270.000, 179
Trd, 000270.217, 178
Trd, 000270.250, 179
Trd, 000271.550, 171
Trd, 000272.017, 172
Trd, 000272.500, 175
Trd, 000272.667, 176
Trd, 000273.350, 174
Trd, 000273.617, 173
Trd, 000274.767, 178
Trd, 000275.117, 182
Trd, 000275.150, 178
Trd, 000275.367, 177
Trd, 000276.233, 179
Trd, 000277.083, 175
Trd, 000277.233, 178
Trd, 000277.650, 174
Trd, 000278.300, 178
Trd, 000279.283, 175
Trd, 000279.300, 174
Trd, 000279.783, 175
Trd, 000279.983, 175
Trd, 000280.183, 181
Trd, 000280.250, 182
Trd, 000280.350, 183
Trd, 000281.783, 186
Trd, 000281.967, 184
Trd, 000282.350, 182
Trd, 000282.967, 186
Trd, 000283.350, 185
Trd, 000283.750, 185
Trd, 000285.500, 182
Trd, 000285.533, 179
Trd, 000286.167, 179
Trd, 000286.967, 186
Trd, 000287.383, 183
Trd, 000287.617, 186
Trd, 000287.850, 187
Trd, 000288.333, 188
Trd, 000288.367, 182
Trd, 000288.550, 187
Trd, 000288.600, 180
Trd, 000289.100, 175
Trd, 000289.350, 173
Trd, 000289.367, 174
Trd, 000291.333, 186
Trd, 000291.517, 186
Trd, 000293.017, 187
Trd, 000293.250, 174
Trd, 000293.383, 174
Trd, 000293.433, 170
Trd, 000293.650, 171
Trd, 000294.700, 185
Trd, 000294.717, 187
Trd, 000295.450, 191
Trd, 000295.733, 172
Trd, 000296.183, 178
Trd, 000296.767, 177
Trd, 000297.300, 183
Trd, 000297.900, 177
Trd, 000298.600, 185
Trd, 000299.100, 185
Trd, 000299.500, 178
