Trd, 000001.683, 131
Trd, 000002.467, 180
Trd, 000003.417, 142
Trd, 000005.067, 152
Trd, 000005.283, 171
Trd, 000005.317, 158
Trd, 000005.600, 172
Trd, 000005.967, 181
Trd, 000006.100, 141
Trd, 000006.950, 149
Trd, 000007.550, 166
Trd, 000008.233, 189
Trd, 000008.450, 157
Trd, 000009.150, 163
Trd, 000009.850, 179
Trd, 000010.350, 166
Trd, 000010.367, 162
Trd, 000010.650, 180
Trd, 000011.167, 167
Trd, 000011.317, 160
Trd, 000011.333, 181
Trd, 000011.683, 179
Trd, 000011.867, 165
Trd, 000013.367, 162
Trd, 000014.167, 170
Trd, 000014.267, 178
Trd, 000015.050, 167
Trd, 000015.617, 166
Trd, 000015.933, 152
Trd, 000016.650, 165
Trd, 000017.067, 179
Trd, 000017.400, 178
Trd, 000017.850, 172
Trd, 000019.050, 170
Trd, 000019.767, 171
Trd, 000020.150, 167
Trd, 000020.350, 167
Trd, 000020.450, 168
Trd, 000020.483, 172
Trd, 000020.667, 163
Trd, 000021.433, 150
Trd, 000021.700, 167
Trd, 000022.983, 186
Trd, 000023.300, 160
Trd, 000023.500, 150
Trd, 000024.917, 166
Trd, 000025.367, 158
Trd, 000025.583, 154
Trd, 000025.767, 151
Trd, 000026.250, 161
Trd, 000026.917, 163
Trd, 000027.700, 163
Trd, 000027.750, 158
Trd, 000028.367, 151
Trd, 000029.450, 156
Trd, 000029.600, 146
Trd, 000030.267, 156
Trd, 000030.283, 157
Trd, 000030.567, 159
Trd, 000031.850, 153
Trd, 000032.117, 159
Trd, 000032.433, 163
Trd, 000032.683, 154
Trd, 000032.933, 153
Trd, 000033.100, 168
Trd, 000033.400, 154
Trd, 000033.550, 151
Trd, 000033.650, 177
Trd, 000034.183, 152
Trd, 000034.683, 152
Trd, 000035.350, 149
Trd, 000035.783, 150
Trd, 000036.550, 151
Trd, 000037.067, 148
Trd, 000037.267, 156
Trd, 000037.300, 146
Trd, 000038.400, 190
Trd, 000038.467, 169
Trd, 000038.817, 156
Trd, 000040.000, 161
Trd, 000040.750, 163
Trd, 000041.033, 160
Trd, 000042.150, 164
Trd, 000042.200, 161
Trd, 000042.233, 154
Trd, 000042.333, 145
Trd, 000042.500, 155
Trd, 000042.867, 154
Trd, 000043.033, 154
Trd, 000043.433, 159
Trd, 000043.567, 160
Trd, 000043.950, 154
Trd, 000044.250, 168
Trd, 000045.133, 166
Trd, 000045.850, 153
Trd, 000046.800, 159
Trd, 000048.850, 157
Trd, 000049.067, 155
Trd, 000049.367, 155
Trd, 000049.700, 157
Trd, 000050.117, 153
Trd, 000050.333, 154
Trd, 000050.700, 155
Trd, 000051.117, 146
Trd, 000051.900, 152
Trd, 000051.967, 153
Trd, 000052.233, 154
Trd, 000052.300, 146
Trd, 000052.450, 170
Trd, 000053.033, 172
Trd, 000053.567, 166
Trd, 000053.767, 156
Trd, 000054.183, 190
Trd, 000054.833, 175
Trd, 000055.267, 171
Trd, 000055.433, 170
Trd, 000055.500, 170
Trd, 000056.167, 174
Trd, 000057.100, 171
Trd, 000058.100, 170
Trd, 000058.333, 167
Trd, 000058.367, 166
Trd, 000058.700, 168
Trd, 000060.033, 156
Trd, 000060.183, 154
Trd, 000060.600, 159
Trd, 000060.967, 169
Trd, 000061.200, 143
Trd, 000061.417, 168
Trd, 000062.083, 157
Trd, 000062.667, 166
Trd, 000062.933, 157
Trd, 000063.050, 168
Trd, 000063.533, 156
Trd, 000063.967, 172
Trd, 000064.817, 157
Trd, 000065.900, 173
Trd, 000066.233, 163
Trd, 000066.550, 192
Trd, 000066.733, 166
Trd, 000067.083, 167
Trd, 000067.283, 171
Trd, 000068.050, 166
Trd, 000068.150, 155
Trd, 000068.500, 172
Trd, 000069.117, 155
Trd, 000069.567, 170
Trd, 000070.833, 160
Trd, 000070.850, 157
Trd, 000071.050, 166
Trd, 000071.883, 167
Trd, 000072.600, 164
Trd, 000072.883, 163
Trd, 000073.067, 155
Trd, 000073.400, 152
Trd, 000074.917, 161
Trd, 000075.500, 157
Trd, 000075.583, 157
Trd, 000075.600, 160
Trd, 000075.817, 161
Trd, 000076.000, 157
Trd, 000077.900, 156
Trd, 000078.283, 157
Trd, 000078.967, 131
Trd, 000079.117, 137
Trd, 000079.233, 152
Trd, 000079.533, 155
Trd, 000080.600, 150
Trd, 000081.133, 145
Trd, 000081.217, 147
Trd, 000081.683, 144
Trd, 000081.833, 139
Trd, 000082.667, 149
Trd, 000082.917, 156
Trd, 000084.100, 157
Trd, 000084.950, 157
Trd, 000085.100, 160
Trd, 000085.550, 168
Trd, 000085.583, 156
Trd, 000086.200, 159
Trd, 000086.583, 157
Trd, 000087.250, 160
Trd, 000087.317, 157
Trd, 000087.467, 171
Trd, 000087.517, 173
Trd, 000087.833, 159
Trd, 000087.900, 194
Trd, 000088.017, 159
Trd, 000088.350, 157
Trd, 000089.300, 174
Trd, 000089.717, 175
Trd, 000089.850, 177
Trd, 000090.750, 176
Trd, 000091.333, 170
Trd, 000091.683, 174
Trd, 000092.517, 171
Trd, 000092.717, 169
Trd, 000094.067, 170
Trd, 000094.800, 174
Trd, 000095.083, 174
Trd, 000095.533, 174
Trd, 000095.583, 195
Trd, 000095.600, 168
Trd, 000095.783, 159
Trd, 000095.867, 150
Trd, 000095.983, 178
Trd, 000096.000, 146
Trd, 000099.117, 190
Trd, 000099.267, 191
Trd, 000100.017, 175
Trd, 000100.183, 166
Trd, 000100.617, 158
Trd, 000100.983, 165
Trd, 000101.367, 157
Trd, 000101.700, 152
Trd, 000101.983, 163
Trd, 000102.600, 164
Trd, 000102.750, 163
Trd, 000103.183, 162
Trd, 000104.033, 161
Trd, 000104.167, 158
Trd, 000104.917, 163
Trd, 000105.367, 174
Trd, 000105.950, 158
Trd, 000106.550, 172
Trd, 000106.983, 159
Trd, 000107.617, 144
Trd, 000107.750, 166
Trd, 000107.833, 167
Trd, 000108.467, 141
Trd, 000109.400, 159
Trd, 000109.867, 169
Trd, 000109.917, 155
Trd, 000110.583, 157
Trd, 000111.100, 159
Trd, 000111.150, 161
Trd, 000111.267, 159
Trd, 000111.317, 157
Trd, 000111.567, 161
Trd, 000111.900, 157
Trd, 000112.400, 162
Trd, 000114.167, 158
Trd, 000114.217, 159
Trd, 000115.217, 158
Trd, 000115.267, 160
Trd, 000115.533, 158
Trd, 000116.333, 160
Trd, 000116.600, 158
Trd, 000117.933, 158
Trd, 000118.250, 159
Trd, 000118.783, 160
Trd, 000119.017, 159
Trd, 000119.467, 160
Trd, 000119.983, 160
Trd, 000120.867, 159
Trd, 000120.883, 159
Trd, 000121.433, 157
Trd, 000121.450, 163
Trd, 000121.567, 198
Trd, 000121.767, 149
Trd, 000121.917, 205
Trd, 000121.933, 237
Trd, 000121.983, 180
Trd, 000122.233, 216
Trd, 000122.533, 243
Trd, 000122.933, 327.0
Trd, 000122.950, 336
Trd, 000123.250, 337.0
Trd, 000123.650, 331.0
Trd, 000125.133, 339.0
Trd, 000125.283, 299
Trd, 000126.083, 336
Trd, 000126.117, 350
Trd, 000126.533, 341.0
Trd, 000127.117, 344.0
Trd, 000127.183, 337
Trd, 000127.200, 336
Trd, 000128.050, 335
Trd, 000128.067, 373
Trd, 000128.350, 374
Trd, 000129.267, 347.0
Trd, 000129.450, 348.0
Trd, 000130.033, 375
Trd, 000130.733, 373
Trd, 000131.900, 355
Trd, 000132.633, 342
Trd, 000132.700, 341.0
Trd, 000133.183, 349
Trd, 000134.750, 372
Trd, 000134.833, 365.0
Trd, 000135.050, 356
Trd, 000135.217, 372
Trd, 000135.450, 353
Trd, 000135.667, 350
Trd, 000137.350, 354
Trd, 000137.567, 358
Trd, 000138.683, 354
Trd, 000138.933, 355
Trd, 000139.300, 349.0
Trd, 000139.417, 341.0
Trd, 000140.050, 349
Trd, 000140.900, 357
Trd, 000140.917, 358
Trd, 000141.083, 348.0
Trd, 000142.367, 348.0
Trd, 000142.383, 353
Trd, 000143.133, 347
Trd, 000143.233, 355
Trd, 000143.717, 331
Trd, 000144.950, 349
Trd, 000145.667, 348.0
Trd, 000145.917, 349
Trd, 000146.033, 350
Trd, 000146.683, 348.0
Trd, 000147.133, 365
Trd, 000147.183, 344
Trd, 000147.450, 342
Trd, 000148.050, 357
Trd, 000148.933, 347
Trd, 000150.050, 345
Trd, 000150.150, 344
Trd, 000150.517, 344
Trd, 000150.783, 347
Trd, 000150.833, 350
Trd, 000150.917, 341.0
Trd, 000150.933, 352
Trd, 000151.550, 364
Trd, 000152.033, 340
Trd, 000152.483, 341.0
Trd, 000152.833, 338
Trd, 000153.167, 337
Trd, 000153.500, 348.0
Trd, 000153.650, 346
Trd, 000154.017, 348
Trd, 000154.483, 331
Trd, 000155.367, 348.0
Trd, 000156.700, 350
Trd, 000157.367, 341.0
Trd, 000158.400, 348
Trd, 000159.000, 350
Trd, 000159.650, 348.0
Trd, 000160.833, 350
Trd, 000161.000, 348
Trd, 000161.117, 347
Trd, 000161.900, 346
Trd, 000163.283, 346
Trd, 000163.483, 348
Trd, 000163.583, 349
Trd, 000163.717, 345
Trd, 000163.950, 341.0
Trd, 000164.750, 341
Trd, 000165.683, 347.0
Trd, 000165.883, 341
Trd, 000166.283, 341.0
Trd, 000167.300, 345
Trd, 000167.467, 346
Trd, 000168.167, 342
Trd, 000168.667, 347.0
Trd, 000168.700, 341.0
Trd, 000168.850, 348.0
Trd, 000169.250, 340
Trd, 000169.317, 340
Trd, 000170.133, 347
Trd, 000170.417, 327.0
Trd, 000172.283, 348.0
Trd, 000172.417, 351
Trd, 000172.483, 346
Trd, 000172.950, 346
Trd, 000173.167, 347.0
Trd, 000173.217, 345
Trd, 000173.817, 347.0
Trd, 000174.167, 347
Trd, 000174.300, 334
Trd, 000174.717, 348.0
Trd, 000176.217, 341
Trd, 000176.333, 363
Trd, 000176.467, 366
Trd, 000176.650, 348.0
Trd, 000178.633, 365.0
Trd, 000178.933, 358
Trd, 000180.200, 359
Trd, 000180.783, 358
Trd, 000180.900, 346
Trd, 000180.983, 362
Trd, 000181.133, 341.0
Trd, 000181.533, 347.0
Trd, 000181.650, 327.0
Trd, 000182.300, 329
Trd, 000182.733, 317.0
Trd, 000183.483, 306.0
Trd, 000183.700, 299
Trd, 000183.900, 258
Trd, 000184.250, 188
Trd, 000184.900, 170
Trd, 000184.950, 168
Trd, 000185.067, 166
Trd, 000185.267, 159
Trd, 000185.667, 204
Trd, 000186.200, 191
Trd, 000186.667, 184
Trd, 000187.183, 185
Trd, 000187.617, 173
Trd, 000187.867, 174
Trd, 000188.267, 175
Trd, 000188.333, 160
Trd, 000189.000, 176
Trd, 000190.150, 183
Trd, 000190.183, 183
Trd, 000190.783, 205
Trd, 000191.817, 188
Trd, 000192.267, 187
Trd, 000193.200, 184
Trd, 000193.217, 179
Trd, 000193.633, 184
Trd, 000194.383, 173
Trd, 000194.650, 184
Trd, 000194.917, 168
Trd, 000194.933, 167
Trd, 000195.767, 167
Trd, 000196.617, 170
Trd, 000197.467, 180
Trd, 000197.850, 177
Trd, 000198.083, 178
Trd, 000198.700, 175
Trd, 000198.767, 177
Trd, 000198.950, 169
Trd, 000199.317, 179
Trd, 000199.500, 168
Trd, 000200.583, 172
Trd, 000201.350, 180
Trd, 000201.583, 175
Trd, 000202.317, 184
Trd, 000202.367, 173
Trd, 000203.350, 172
Trd, 000203.583, 171
Trd, 000203.767, 184
Trd, 000205.067, 183
Trd, 000205.200, 184
Trd, 000205.367, 172
Trd, 000206.167, 181
Trd, 000206.233, 171
Trd, 000206.467, 171
Trd, 000207.017, 171
Trd, 000208.000, 167
Trd, 000208.100, 183
Trd, 000208.567, 185
Trd, 000208.767, 202
Trd, 000209.517, 206
Trd, 000209.550, 173
Trd, 000210.433, 189
Trd, 000210.600, 169
Trd, 000211.200, 169
Trd, 000212.333, 176
Trd, 000213.283, 170
Trd, 000213.933, 186
Trd, 000214.100, 186
Trd, 000215.733, 181
Trd, 000215.983, 185
Trd, 000216.933, 182
Trd, 000217.333, 179
Trd, 000217.783, 171
Trd, 000219.233, 178
Trd, 000219.300, 177
Trd, 000219.450, 177
Trd, 000219.950, 176
Trd, 000220.517, 177
Trd, 000220.983, 176
Trd, 000221.117, 211
Trd, 000221.183, 170
Trd, 000221.783, 188
Trd, 000222.133, 186
Trd, 000222.683, 167
Trd, 000222.933, 163
Trd, 000224.350, 179
Trd, 000224.767, 179
Trd, 000224.850, 180
Trd, 000225.333, 174
Trd, 000225.683, 173
Trd, 000225.717, 179
Trd, 000226.250, 181
Trd, 000226.550, 172
Trd, 000227.467, 170
Trd, 000228.017, 169
Trd, 000228.767, 180
Trd, 000228.967, 188
Trd, 000229.967, 186
Trd, 000230.100, 172
Trd, 000230.317, 171
Trd, 000230.883, 207
Trd, 000231.567, 185
Trd, 000231.733, 183
Trd, 000232.683, 188
Trd, 000233.167, 181
Trd, 000233.467, 189
Trd, 000234.133, 180
Trd, 000234.283, 173
Trd, 000234.400, 173
Trd, 000234.633, 186
Trd, 000234.850, 187
Trd, 000235.600, 189
Trd, 000236.017, 183
Trd, 000236.600, 190
Trd, 000236.900, 178
Trd, 000237.367, 180
Trd, 000237.917, 171
Trd, 000238.433, 165
Trd, 000239.233, 189
Trd, 000239.283, 177
Trd, 000239.767, 190
Trd, 000241.183, 189
Trd, 000241.683, 184
Trd, 000241.917, 179
Trd, 000242.317, 178
Trd, 000242.783, 180
Trd, 000242.900, 177
Trd, 000243.133, 181
Trd, 000243.567, 177
Trd, 000243.817, 172
Trd, 000243.950, 168
Trd, 000244.500, 178
Trd, 000244.800, 181
Trd, 000245.100, 167
Trd, 000245.500, 173
Trd, 000246.683, 176
Trd, 000247.217, 175
Trd, 000247.550, 177
Trd, 000248.500, 174
Trd, 000248.617, 174
Trd, 000248.800, 175
Trd, 000249.033, 174
Trd, 000249.417, 174
Trd, 000249.583, 176
Trd, 000249.817, 182
Trd, 000250.333, 182
Trd, 000251.550, 183
Trd, 000252.683, 180
Trd, 000252.717, 179
Trd, 000252.733, 173
Trd, 000254.783, 177
Trd, 000254.867, 178
Trd, 000255.267, 179
Trd, 000255.417, 176
Trd, 000255.483, 179
Trd, 000256.217, 176
Trd, 000256.800, 174
Trd, 000257.333, 174
Trd, 000257.450, 174
Trd, 000257.617, 175
Trd, 000258.200, 174
Trd, 000258.417, 178
Trd, 000258.850, 173
Trd, 000259.067, 173
Trd, 000259.583, 176
Trd, 000259.633, 178
Trd, 000259.917, 183
Trd, 000260.617, 184
Trd, 000260.633, 188
Trd, 000260.967, 175
Trd, 000261.233, 201
Trd, 000261.950, 184
Trd, 000262.017, 177
Trd, 000262.150, 185
Trd, 000262.583, 192
Trd, 000262.633, 180
Trd, 000262.833, 174
Trd, 000263.633, 188
Trd, 000264.367, 181
Trd, 000265.317, 183
Trd, 000265.617, 184
Trd, 000266.017, 181
Trd, 000266.067, 181
Trd, 000266.100, 183
Trd, 000266.967, 179
Trd, 000267.350, 179
Trd, 000267.683, 172
Trd, 000267.850, 182
Trd, 000268.367, 184
Trd, 000268.783, 182
Trd, 000268.850, 185
Trd, 000269.233, 175
Trd, 000269.250, 171
Trd, 000270.017, 183
Trd, 000271.083, 184
Trd, 000271.300, 178
Trd, 000271.917, 176
Trd, 000271.933, 182
Trd, 000271.950, 183
Trd, 000272.417, 176
Trd, 000272.867, 177
Trd, 000272.883, 175
Trd, 000273.167, 171
Trd, 000273.383, 158
Trd, 000273.633, 158
Trd, 000274.050, 179
Trd, 000274.533, 179
Trd, 000275.567, 177
Trd, 000275.750, 179
Trd, 000275.883, 180
Trd, 000276.500, 178
Trd, 000276.567, 175
Trd, 000276.700, 180
Trd, 000277.383, 182
Trd, 000277.433, 176
Trd, 000277.550, 185
Trd, 000277.783, 189
Trd, 000278.117, 174
Trd, 000278.300, 178
Trd, 000278.700, 177
Trd, 000279.250, 178
Trd, 000279.867, 176
Trd, 000280.183, 175
Trd, 000281.767, 174
Trd, 000282.167, 179
Trd, 000282.233, 172
Trd, 000282.583, 175
Trd, 000283.133, 176
Trd, 000283.300, 180
Trd, 000283.517, 178
Trd, 000283.550, 173
Trd, 000284.133, 186
Trd, 000284.450, 182
Trd, 000284.767, 181
Trd, 000284.933, 179
Trd, 000285.017, 177
Trd, 000285.483, 183
Trd, 000286.067, 172
Trd, 000286.700, 177
Trd, 000287.683, 185
Trd, 000288.217, 186
Trd, 000288.533, 184
Trd, 000288.683, 187
Trd, 000288.833, 173
Trd, 000289.217, 175
Trd, 000289.883, 190
Trd, 000289.950, 191
Trd, 000290.083, 178
Trd, 000291.683, 184
Trd, 000292.100, 183
Trd, 000292.217, 182
Trd, 000293.367, 187
Trd, 000293.433, 189
Trd, 000293.500, 184
Trd, 000294.367, 190
Trd, 000295.000, 190
Trd, 000295.500, 194
Trd, 000295.650, 190
Trd, 000296.000, 177
Trd, 000296.550, 185
Trd, 000296.567, 184
Trd, 000296.683, 177
Trd, 000296.700, 170
Trd, 000297.033, 187
Trd, 000297.150, 188
Trd, 000297.400, 189
Trd, 000297.583, 190
Trd, 000298.450, 191
Trd, 000298.833, 189
Trd, 000298.850, 192
Trd, 000298.900, 186
Trd, 000299.000, 195
Trd, 000299.200, 185
Trd, 000299.283, 180
Trd, 000299.517, 180
Trd, 000299.850, 190
