Trd, 000002.383, 151
Trd, 000002.500, 158
Trd, 000002.583, 157
Trd, 000002.950, 150
Trd, 000003.467, 159
Trd, 000003.917, 147
Trd, 000005.133, 145
Trd, 000005.283, 146
Trd, 000005.317, 144
Trd, 000005.950, 137
Trd, 000006.633, 149
Trd, 000007.500, 159
Trd, 000008.150, 147
Trd, 000009.050, 152
Trd, 000009.233, 153
Trd, 000009.517, 145
Trd, 000010.150, 152
Trd, 000010.517, 150
Trd, 000010.683, 150
Trd, 000010.717, 151
Trd, 000010.733, 152
Trd, 000010.850, 149
Trd, 000011.367, 153
Trd, 000012.200, 142
Trd, 000013.400, 147
Trd, 000015.200, 155
Trd, 000015.400, 157
Trd, 000015.450, 156
Trd, 000015.850, 157
Trd, 000016.617, 155
Trd, 000016.750, 154
Trd, 000016.900, 156
Trd, 000017.067, 155
Trd, 000017.167, 155
Trd, 000019.033, 151
Trd, 000020.000, 151
Trd, 000020.217, 151
Trd, 000020.283, 153
Trd, 000021.883, 153
Trd, 000021.983, 151
Trd, 000024.483, 152
Trd, 000024.517, 151
Trd, 000024.617, 150
Trd, 000025.333, 149
Trd, 000025.550, 150
Trd, 000025.833, 151
Trd, 000026.333, 151
Trd, 000026.617, 149
Trd, 000027.033, 147
Trd, 000027.433, 151
Trd, 000027.550, 146
Trd, 000029.383, 147
Trd, 000029.467, 149
Trd, 000029.617, 151
Trd, 000029.950, 146
Trd, 000030.233, 154
Trd, 000031.433, 147
Trd, 000031.500, 146
Trd, 000031.917, 149
Trd, 000032.283, 150
Trd, 000032.883, 160
Trd, 000032.983, 148
Trd, 000033.350, 147
Trd, 000033.433, 161
Trd, 000033.933, 156
Trd, 000034.817, 150
Trd, 000034.867, 149
Trd, 000035.467, 173
Trd, 000036.250, 163
Trd, 000037.033, 156
Trd, 000038.000, 164
Trd, 000040.267, 158
Trd, 000040.450, 159
Trd, 000040.533, 160
Trd, 000040.567, 156
Trd, 000040.733, 160
Trd, 000040.800, 160
Trd, 000040.983, 151
Trd, 000041.967, 153
Trd, 000042.400, 153
Trd, 000042.883, 153
Trd, 000043.167, 155
Trd, 000043.767, 152
Trd, 000044.850, 152
Trd, 000045.617, 154
Trd, 000045.917, 153
Trd, 000046.033, 152
Trd, 000046.583, 152
Trd, 000047.150, 155
Trd, 000048.450, 152
Trd, 000048.900, 156
Trd, 000049.083, 151
Trd, 000049.150, 156
Trd, 000049.633, 163
Trd, 000050.400, 173
Trd, 000050.850, 180
Trd, 000051.633, 164
Trd, 000051.650, 163
Trd, 000052.433, 166
Trd, 000052.817, 150
Trd, 000054.867, 156
Trd, 000055.783, 153
Trd, 000055.850, 154
Trd, 000056.400, 151
Trd, 000056.700, 152
Trd, 000057.250, 151
Trd, 000057.567, 152
Trd, 000058.017, 149
Trd, 000058.867, 149
Trd, 000058.883, 145
Trd, 000059.100, 153
Trd, 000059.283, 155
Trd, 000059.600, 155
Trd, 000059.983, 156
Trd, 000060.100, 157
Trd, 000060.850, 151
Trd, 000061.050, 149
Trd, 000061.817, 158
Trd, 000063.067, 153
Trd, 000063.467, 152
Trd, 000063.550, 157
Trd, 000065.117, 156
Trd, 000065.267, 154
Trd, 000065.567, 157
Trd, 000065.800, 155
Trd, 000066.650, 155
Trd, 000066.683, 157
Trd, 000066.917, 154
Trd, 000067.167, 155
Trd, 000067.333, 151
Trd, 000068.350, 153
Trd, 000069.017, 164
Trd, 000069.083, 179
Trd, 000069.267, 182
Trd, 000071.400, 157
Trd, 000071.833, 153
Trd, 000072.417, 154
Trd, 000072.700, 154
Trd, 000072.833, 155
Trd, 000072.883, 155
Trd, 000072.933, 153
Trd, 000073.283, 152
Trd, 000074.383, 152
Trd, 000075.217, 152
Trd, 000075.783, 151
Trd, 000076.200, 151
Trd, 000076.833, 151
Trd, 000077.433, 152
Trd, 000077.983, 150
Trd, 000079.817, 152
Trd, 000079.833, 155
Trd, 000080.500, 166
Trd, 000081.750, 158
Trd, 000081.950, 158
Trd, 000082.317, 168
Trd, 000083.383, 166
Trd, 000083.617, 164
Trd, 000083.700, 163
Trd, 000083.883, 159
Trd, 000084.900, 160
Trd, 000085.000, 162
Trd, 000085.467, 158
Trd, 000085.767, 161
Trd, 000086.783, 160
Trd, 000087.317, 159
Trd, 000087.483, 158
Trd, 000088.167, 157
Trd, 000088.433, 160
Trd, 000089.067, 157
Trd, 000089.333, 160
Trd, 000089.800, 156
Trd, 000090.133, 153
Trd, 000090.733, 161
Trd, 000091.017, 151
Trd, 000092.183, 154
Trd, 000092.700, 161
Trd, 000092.750, 161
Trd, 000093.150, 162
Trd, 000093.983, 154
Trd, 000096.350, 161
Trd, 000096.417, 162
Trd, 000096.700, 161
Trd, 000096.883, 160
Trd, 000097.433, 160
Trd, 000097.617, 159
Trd, 000098.583, 159
Trd, 000099.083, 160
Trd, 000099.300, 158
Trd, 000100.150, 161
Trd, 000100.483, 160
Trd, 000100.583, 159
Trd, 000101.000, 158
Trd, 000101.383, 160
Trd, 000101.933, 160
Trd, 000103.083, 161
Trd, 000103.433, 162
Trd, 000104.250, 161
Trd, 000104.717, 161
Trd, 000104.767, 164
Trd, 000105.367, 165
Trd, 000106.100, 163
Trd, 000106.233, 165
Trd, 000106.350, 162
Trd, 000106.633, 164
Trd, 000106.667, 166
Trd, 000107.200, 162
Trd, 000108.767, 163
Trd, 000109.150, 166
Trd, 000109.233, 163
Trd, 000109.833, 166
Trd, 000110.017, 159
Trd, 000111.267, 163
Trd, 000111.333, 162
Trd, 000111.517, 158
Trd, 000112.250, 163
Trd, 000112.450, 158
Trd, 000113.050, 159
Trd, 000113.400, 161
Trd, 000114.100, 161
Trd, 000114.333, 162
Trd, 000114.933, 158
Trd, 000116.600, 158
Trd, 000116.733, 156
Trd, 000116.833, 162
Trd, 000116.950, 155
Trd, 000117.000, 168
Trd, 000117.933, 151
Trd, 000118.733, 165
Trd, 000118.817, 155
Trd, 000119.417, 154
Trd, 000119.717, 162
Trd, 000121.533, 156
Trd, 000122.283, 158
Trd, 000122.700, 164
Trd, 000123.783, 199
Trd, 000124.267, 205
Trd, 000124.900, 205
Trd, 000124.967, 242
Trd, 000125.217, 303.0
Trd, 000125.867, 310
Trd, 000125.883, 310.0
Trd, 000126.317, 324.0
Trd, 000126.667, 326.0
Trd, 000127.033, 327.0
Trd, 000127.317, 332
Trd, 000127.667, 344.0
Trd, 000128.067, 327.0
Trd, 000128.767, 324.0
Trd, 000130.017, 329.0
Trd, 000130.600, 330
Trd, 000132.000, 331.0
Trd, 000132.500, 331
Trd, 000132.533, 330.0
Trd, 000132.750, 330
Trd, 000132.800, 337
Trd, 000134.100, 337.0
Trd, 000135.067, 327
Trd, 000135.500, 339.0
Trd, 000137.850, 335
Trd, 000138.150, 336
Trd, 000138.467, 341
Trd, 000138.483, 335
Trd, 000139.600, 340
Trd, 000139.667, 344.0
Trd, 000140.467, 337.0
Trd, 000140.600, 344
Trd, 000140.850, 334
Trd, 000141.983, 342
Trd, 000142.317, 331.0
Trd, 000143.133, 341
Trd, 000143.517, 342
Trd, 000144.117, 344.0
Trd, 000144.317, 351.0
Trd, 000144.600, 342
Trd, 000144.850, 338
Trd, 000145.333, 341
Trd, 000146.900, 343
Trd, 000146.983, 342
Trd, 000147.500, 343
Trd, 000147.850, 343.0
Trd, 000148.050, 341
Trd, 000149.217, 342
Trd, 000149.350, 341
Trd, 000149.400, 342
Trd, 000150.017, 337.0
Trd, 000150.417, 341
Trd, 000151.133, 344.0
Trd, 000151.350, 343
Trd, 000151.367, 342
Trd, 000152.533, 355.0
Trd, 000153.133, 347
Trd, 000153.850, 345
Trd, 000154.200, 357.0
Trd, 000154.450, 375.0
Trd, 000156.550, 349
Trd, 000156.683, 346
Trd, 000157.583, 347
Trd, 000158.200, 347
Trd, 000158.233, 347
Trd, 000158.967, 345.0
Trd, 000159.533, 345.0
Trd, 000159.767, 346.0
Trd, 000159.967, 351.0
Trd, 000160.233, 344.0
Trd, 000161.817, 349
Trd, 000163.300, 346
Trd, 000164.433, 348.0
Trd, 000164.600, 345.0
Trd, 000165.617, 345
Trd, 000165.700, 344
Trd, 000166.717, 345
Trd, 000166.867, 346
Trd, 000167.467, 344
Trd, 000168.500, 345
Trd, 000168.633, 344
Trd, 000168.950, 344.0
Trd, 000169.083, 347
Trd, 000169.800, 346
Trd, 000170.567, 345
Trd, 000171.050, 343
Trd, 000171.600, 344
Trd, 000171.850, 348
Trd, 000173.300, 342
Trd, 000173.550, 337.0
Trd, 000173.733, 343.0
Trd, 000174.050, 344.0
Trd, 000174.417, 338
Trd, 000175.267, 340
Trd, 000175.850, 341
Trd, 000175.983, 341
Trd, 000177.967, 341
Trd, 000178.333, 341
Trd, 000178.617, 342
Trd, 000178.983, 339
Trd, 000179.100, 341
Trd, 000179.200, 339
Trd, 000180.067, 343.0
Trd, 000180.500, 344.0
Trd, 000180.533, 351.0
Trd, 000181.333, 341
Trd, 000181.583, 337
Trd, 000181.650, 337
Trd, 000181.667, 337
Trd, 000181.750, 335
Trd, 000182.517, 331.0
Trd, 000182.767, 326
Trd, 000182.900, 317.0
Trd, 000183.133, 303.0
Trd, 000184.283, 218
Trd, 000184.300, 197
Trd, 000185.050, 197
Trd, 000185.167, 175
Trd, 000185.367, 173
Trd, 000186.900, 193
Trd, 000188.200, 176
Trd, 000188.617, 166
Trd, 000188.667, 165
Trd, 000188.733, 163
Trd, 000189.167, 163
Trd, 000189.267, 186
Trd, 000190.017, 180
Trd, 000190.767, 167
Trd, 000190.917, 180
Trd, 000192.100, 167
Trd, 000192.750, 169
Trd, 000193.500, 168
Trd, 000193.617, 168
Trd, 000193.950, 169
Trd, 000194.200, 170
Trd, 000195.083, 170
Trd, 000195.117, 173
Trd, 000196.417, 174
Trd, 000196.800, 176
Trd, 000197.200, 171
Trd, 000197.233, 195
Trd, 000197.400, 199
Trd, 000198.133, 170
Trd, 000198.333, 169
Trd, 000200.133, 175
Trd, 000200.667, 167
Trd, 000201.500, 166
Trd, 000202.200, 169
Trd, 000202.450, 172
Trd, 000202.867, 168
Trd, 000203.000, 169
Trd, 000203.633, 167
Trd, 000204.400, 166
Trd, 000204.517, 167
Trd, 000204.683, 166
Trd, 000205.200, 165
Trd, 000205.317, 157
Trd, 000206.367, 160
Trd, 000207.050, 157
Trd, 000207.233, 161
Trd, 000208.050, 162
Trd, 000208.067, 158
Trd, 000208.600, 169
Trd, 000209.383, 167
Trd, 000209.833, 158
Trd, 000210.317, 166
Trd, 000210.683, 179
Trd, 000212.300, 172
Trd, 000212.900, 171
Trd, 000212.917, 170
Trd, 000213.183, 169
Trd, 000213.733, 170
Trd, 000213.800, 168
Trd, 000213.933, 167
Trd, 000215.033, 179
Trd, 000215.850, 183
Trd, 000216.083, 183
Trd, 000216.117, 192
Trd, 000217.100, 183
Trd, 000217.450, 178
Trd, 000217.850, 177
Trd, 000218.617, 174
Trd, 000219.150, 173
Trd, 000219.333, 174
Trd, 000220.367, 175
Trd, 000221.833, 175
Trd, 000221.933, 173
Trd, 000222.383, 172
Trd, 000223.250, 173
Trd, 000224.100, 166
Trd, 000224.250, 171
Trd, 000225.000, 171
Trd, 000225.550, 171
Trd, 000225.583, 170
Trd, 000225.883, 180
Trd, 000226.017, 171
Trd, 000226.167, 175
Trd, 000226.650, 196
Trd, 000227.500, 183
Trd, 000228.667, 183
Trd, 000229.017, 184
Trd, 000229.817, 182
Trd, 000229.900, 192
Trd, 000230.200, 181
Trd, 000230.617, 180
Trd, 000232.183, 186
Trd, 000232.550, 178
Trd, 000232.883, 184
Trd, 000234.050, 180
Trd, 000234.500, 173
Trd, 000234.667, 173
Trd, 000235.850, 177
Trd, 000235.917, 178
Trd, 000236.533, 178
Trd, 000237.083, 175
Trd, 000237.850, 171
Trd, 000238.417, 171
Trd, 000238.550, 176
Trd, 000239.650, 177
Trd, 000239.800, 177
Trd, 000240.200, 181
Trd, 000240.467, 173
Trd, 000240.833, 175
Trd, 000241.050, 174
Trd, 000241.350, 174
Trd, 000241.500, 172
Trd, 000241.667, 173
Trd, 000242.467, 172
Trd, 000242.483, 169
Trd, 000242.633, 174
Trd, 000244.067, 169
Trd, 000244.400, 172
Trd, 000244.467, 172
Trd, 000244.983, 170
Trd, 000245.117, 171
Trd, 000245.217, 170
Trd, 000245.267, 172
Trd, 000246.200, 172
Trd, 000246.617, 170
Trd, 000246.767, 169
Trd, 000246.783, 161
Trd, 000247.050, 173
Trd, 000248.067, 173
Trd, 000249.033, 176
Trd, 000250.450, 175
Trd, 000250.500, 173
Trd, 000250.667, 171
Trd, 000250.833, 176
Trd, 000250.850, 176
Trd, 000251.133, 177
Trd, 000251.333, 180
Trd, 000252.000, 176
Trd, 000252.300, 175
Trd, 000252.850, 176
Trd, 000252.933, 177
Trd, 000254.350, 176
Trd, 000254.583, 175
Trd, 000255.633, 173
Trd, 000255.833, 172
Trd, 000256.200, 177
Trd, 000256.233, 170
Trd, 000256.967, 173
Trd, 000257.083, 177
Trd, 000257.100, 172
Trd, 000257.117, 177
Trd, 000257.900, 178
Trd, 000257.933, 174
Trd, 000258.317, 178
Trd, 000259.500, 169
Trd, 000259.533, 179
Trd, 000259.650, 169
Trd, 000260.033, 179
Trd, 000260.067, 180
Trd, 000260.917, 181
Trd, 000261.117, 184
Trd, 000261.417, 185
Trd, 000261.917, 181
Trd, 000262.000, 186
Trd, 000262.633, 184
Trd, 000264.317, 184
Trd, 000264.367, 182
Trd, 000265.000, 184
Trd, 000265.350, 185
Trd, 000265.400, 184
Trd, 000265.767, 182
Trd, 000265.833, 184
Trd, 000265.967, 181
Trd, 000267.333, 184
Trd, 000267.467, 173
Trd, 000268.217, 177
Trd, 000268.283, 172
Trd, 000269.033, 172
Trd, 000269.317, 177
Trd, 000269.500, 171
Trd, 000269.967, 176
Trd, 000270.083, 171
Trd, 000270.450, 175
Trd, 000270.583, 176
Trd, 000271.100, 176
Trd, 000271.850, 178
Trd, 000272.783, 178
Trd, 000272.933, 179
Trd, 000273.317, 176
Trd, 000273.333, 175
Trd, 000273.850, 180
Trd, 000274.050, 182
Trd, 000275.100, 181
Trd, 000275.233, 172
Trd, 000275.300, 183
Trd, 000275.433, 168
Trd, 000275.550, 184
Trd, 000276.300, 183
Trd, 000276.533, 175
Trd, 000277.200, 161
Trd, 000277.733, 173
Trd, 000277.783, 174
Trd, 000279.050, 173
Trd, 000279.450, 174
Trd, 000279.717, 178
Trd, 000279.917, 173
Trd, 000280.017, 179
Trd, 000280.983, 180
Trd, 000282.250, 177
Trd, 000282.767, 181
Trd, 000283.283, 176
Trd, 000283.600, 175
Trd, 000283.733, 177
Trd, 000284.000, 172
Trd, 000284.667, 169
Trd, 000284.750, 176
Trd, 000285.000, 178
Trd, 000285.617, 180
Trd, 000285.767, 181
Trd, 000286.250, 179
Trd, 000286.517, 183
Trd, 000286.533, 180
Trd, 000287.167, 177
Trd, 000287.200, 182
Trd, 000287.800, 179
Trd, 000287.883, 176
Trd, 000288.200, 178
Trd, 000288.367, 179
Trd, 000288.833, 186
Trd, 000288.933, 177
Trd, 000289.283, 191
Trd, 000290.383, 184
Trd, 000290.400, 184
Trd, 000290.667, 182
Trd, 000290.917, 183
Trd, 000291.667, 187
Trd, 000292.183, 187
Trd, 000292.750, 200
Trd, 000292.767, 186
Trd, 000292.883, 185
Trd, 000293.033, 193
Trd, 000293.250, 194
Trd, 000293.283, 179
Trd, 000293.633, 176
Trd, 000293.917, 170
Trd, 000294.100, 167
Trd, 000295.400, 171
Trd, 000295.633, 172
Trd, 000295.783, 171
Trd, 000296.500, 177
Trd, 000296.667, 176
Trd, 000296.733, 177
Trd, 000297.083, 198
Trd, 000297.433, 203
Trd, 000297.650, 203
Trd, 000298.633, 200
Trd, 000298.800, 191
Trd, 000298.917, 176
Trd, 000299.650, 201
Trd, 000299.733, 198
