Trd, 000002.667, 127
Trd, 000002.733, 133
Trd, 000003.300, 144
Trd, 000003.567, 135
Trd, 000004.117, 133
Trd, 000004.217, 155
Trd, 000004.533, 132
Trd, 000004.550, 156
Trd, 000004.567, 157
Trd, 000006.350, 152
Trd, 000006.583, 158
Trd, 000008.350, 158
Trd, 000008.700, 156
Trd, 000009.267, 154
Trd, 000009.817, 158
Trd, 000010.183, 159
Trd, 000011.517, 156
Trd, 000011.567, 154
Trd, 000011.900, 153
Trd, 000012.433, 159
Trd, 000013.967, 153
Trd, 000014.117, 162
Trd, 000014.617, 168
Trd, 000014.867, 153
Trd, 000017.217, 157
Trd, 000017.417, 156
Trd, 000018.433, 155
Trd, 000018.983, 155
Trd, 000019.050, 157
Trd, 000019.933, 154
Trd, 000020.067, 157
Trd, 000020.600, 154
Trd, 000022.050, 154
Trd, 000022.333, 155
Trd, 000022.717, 153
Trd, 000023.250, 151
Trd, 000023.583, 155
Trd, 000024.850, 153
Trd, 000026.183, 153
Trd, 000026.517, 152
Trd, 000027.033, 150
Trd, 000028.267, 154
Trd, 000028.400, 160
Trd, 000029.683, 157
Trd, 000030.000, 156
Trd, 000030.267, 159
Trd, 000031.083, 157
Trd, 000031.633, 161
Trd, 000031.750, 159
Trd, 000032.250, 168
Trd, 000032.583, 156
Trd, 000032.650, 156
Trd, 000033.617, 166
Trd, 000035.167, 158
Trd, 000035.767, 156
Trd, 000036.000, 157
Trd, 000036.100, 158
Trd, 000036.117, 161
Trd, 000037.583, 159
Trd, 000038.217, 157
Trd, 000038.433, 157
Trd, 000039.483, 151
Trd, 000040.467, 151
Trd, 000041.017, 152
Trd, 000041.483, 157
Trd, 000042.933, 149
Trd, 000043.217, 141
Trd, 000045.250, 143
Trd, 000045.967, 147
Trd, 000046.117, 148
Trd, 000046.550, 148
Trd, 000046.883, 150
Trd, 000047.567, 149
Trd, 000048.133, 150
Trd, 000048.550, 150
Trd, 000049.433, 152
Trd, 000050.350, 150
Trd, 000050.483, 148
Trd, 000050.583, 152
Trd, 000052.267, 143
Trd, 000052.367, 147
Trd, 000052.567, 147
Trd, 000052.817, 149
Trd, 000053.533, 146
Trd, 000055.117, 149
Trd, 000056.450, 151
Trd, 000057.017, 153
Trd, 000057.383, 163
Trd, 000057.733, 160
Trd, 000058.283, 158
Trd, 000058.517, 156
Trd, 000059.650, 155
Trd, 000059.683, 164
Trd, 000059.717, 154
Trd, 000060.533, 167
Trd, 000061.117, 163
Trd, 000061.367, 156
Trd, 000061.700, 170
Trd, 000063.083, 159
Trd, 000064.733, 158
Trd, 000064.983, 159
Trd, 000065.033, 160
Trd, 000065.550, 164
Trd, 000065.700, 164
Trd, 000067.150, 165
Trd, 000067.383, 162
Trd, 000067.667, 161
Trd, 000068.333, 172
Trd, 000069.450, 165
Trd, 000070.250, 163
Trd, 000070.717, 162
Trd, 000071.117, 162
Trd, 000071.333, 165
Trd, 000071.833, 161
Trd, 000071.933, 155
Trd, 000072.517, 162
Trd, 000072.700, 158
Trd, 000072.950, 162
Trd, 000073.883, 151
Trd, 000075.067, 156
Trd, 000075.083, 151
Trd, 000075.917, 152
Trd, 000076.617, 156
Trd, 000077.133, 152
Trd, 000077.267, 157
Trd, 000077.317, 165
Trd, 000078.150, 151
Trd, 000080.250, 157
Trd, 000080.533, 157
Trd, 000080.883, 166
Trd, 000081.517, 159
Trd, 000081.967, 157
Trd, 000082.017, 156
Trd, 000082.383, 157
Trd, 000082.650, 156
Trd, 000083.283, 158
Trd, 000083.417, 155
Trd, 000084.450, 166
Trd, 000084.750, 154
Trd, 000085.017, 148
Trd, 000087.150, 160
Trd, 000087.533, 145
Trd, 000087.767, 160
Trd, 000088.283, 153
Trd, 000089.117, 158
Trd, 000089.317, 158
Trd, 000089.333, 159
Trd, 000090.633, 159
Trd, 000091.433, 158
Trd, 000092.767, 159
Trd, 000092.950, 159
Trd, 000093.217, 160
Trd, 000093.533, 157
Trd, 000094.883, 167
Trd, 000096.217, 158
Trd, 000096.233, 162
Trd, 000096.917, 175
Trd, 000097.117, 171
Trd, 000097.967, 173
Trd, 000098.817, 175
Trd, 000099.433, 175
Trd, 000100.250, 175
Trd, 000100.667, 171
Trd, 000100.717, 169
Trd, 000102.900, 171
Trd, 000103.400, 170
Trd, 000103.900, 168
Trd, 000104.200, 164
Trd, 000104.417, 163
Trd, 000104.667, 171
Trd, 000106.583, 165
Trd, 000106.900, 164
Trd, 000107.183, 164
Trd, 000108.283, 165
Trd, 000108.433, 161
Trd, 000109.550, 162
Trd, 000110.117, 165
Trd, 000111.200, 166
Trd, 000111.283, 168
Trd, 000111.300, 169
Trd, 000111.433, 164
Trd, 000111.950, 167
Trd, 000112.317, 169
Trd, 000114.367, 165
Trd, 000114.733, 163
Trd, 000115.483, 162
Trd, 000115.633, 161
Trd, 000116.600, 164
Trd, 000116.633, 160
Trd, 000117.150, 165
Trd, 000117.450, 163
Trd, 000119.400, 167
Trd, 000119.450, 164
Trd, 000120.217, 163
Trd, 000120.333, 160
Trd, 000121.417, 165
Trd, 000121.450, 167
Trd, 000122.067, 170
Trd, 000122.467, 174
Trd, 000122.483, 191
Trd, 000122.533, 198
Trd, 000122.633, 208
Trd, 000122.850, 210
Trd, 000122.883, 212
Trd, 000123.933, 303
Trd, 000123.967, 313.0
Trd, 000124.033, 315
Trd, 000125.267, 310
Trd, 000127.667, 324.0
Trd, 000129.567, 331.0
Trd, 000129.750, 338
Trd, 000130.167, 344.0
Trd, 000130.233, 329
Trd, 000131.717, 333
Trd, 000131.933, 357.0
Trd, 000132.383, 357.0
Trd, 000133.400, 357.0
Trd, 000133.500, 340
Trd, 000133.667, 358.0
Trd, 000134.233, 340
Trd, 000134.850, 339
Trd, 000136.150, 345
Trd, 000136.483, 346
Trd, 000137.400, 353
Trd, 000137.933, 349
Trd, 000138.400, 348.0
Trd, 000138.817, 351
Trd, 000138.850, 347
Trd, 000141.050, 347
Trd, 000141.133, 348.0
Trd, 000141.950, 343.0
Trd, 000142.083, 344.0
Trd, 000142.900, 346
Trd, 000143.417, 345
Trd, 000144.283, 347
Trd, 000144.700, 346
Trd, 000145.383, 348
Trd, 000145.633, 346
Trd, 000145.700, 345
Trd, 000146.217, 345
Trd, 000146.717, 357
Trd, 000147.783, 358.0
Trd, 000148.283, 344
Trd, 000148.883, 363.0
Trd, 000149.433, 343
Trd, 000150.583, 354
Trd, 000151.567, 353
Trd, 000151.817, 345
Trd, 000151.850, 345
Trd, 000152.783, 345
Trd, 000153.050, 344
Trd, 000153.817, 351
Trd, 000155.633, 347
Trd, 000155.650, 344
Trd, 000156.450, 344
Trd, 000156.767, 342
Trd, 000157.233, 342
Trd, 000158.483, 346
Trd, 000159.633, 343
Trd, 000159.783, 342
Trd, 000160.250, 343
Trd, 000160.467, 348.0
Trd, 000161.333, 345
Trd, 000162.117, 345
Trd, 000163.350, 356.0
Trd, 000164.133, 348
Trd, 000164.633, 346
Trd, 000164.783, 347
Trd, 000166.317, 348
Trd, 000166.467, 349
Trd, 000166.767, 350
Trd, 000166.900, 346
Trd, 000167.367, 338
Trd, 000168.267, 341
Trd, 000170.183, 342
Trd, 000170.367, 341
Trd, 000170.417, 345
Trd, 000170.817, 342
Trd, 000171.467, 346
Trd, 000172.267, 346
Trd, 000172.683, 347
Trd, 000172.850, 348.0
Trd, 000173.917, 345
Trd, 000174.833, 347
Trd, 000174.967, 350
Trd, 000175.200, 346
Trd, 000176.683, 346
Trd, 000176.717, 345
Trd, 000177.983, 344.0
Trd, 000178.567, 344
Trd, 000178.683, 343
Trd, 000179.133, 347
Trd, 000179.233, 344
Trd, 000182.250, 348.0
Trd, 000182.333, 347
Trd, 000182.450, 342
Trd, 000182.750, 341
Trd, 000183.317, 330
Trd, 000183.733, 306.0
Trd, 000184.100, 303.0
Trd, 000184.233, 235
Trd, 000184.300, 200
Trd, 000184.933, 183
Trd, 000186.250, 183
Trd, 000186.417, 182
Trd, 000186.533, 184
Trd, 000187.350, 183
Trd, 000187.800, 180
Trd, 000188.367, 173
Trd, 000188.733, 176
Trd, 000189.850, 168
Trd, 000190.033, 175
Trd, 000191.800, 176
Trd, 000191.967, 175
Trd, 000192.683, 174
Trd, 000193.250, 172
Trd, 000194.183, 172
Trd, 000195.050, 182
Trd, 000195.267, 179
Trd, 000196.400, 181
Trd, 000196.750, 180
Trd, 000197.133, 179
Trd, 000198.533, 181
Trd, 000199.783, 183
Trd, 000200.767, 183
Trd, 000201.083, 181
Trd, 000201.217, 180
Trd, 000201.967, 178
Trd, 000202.067, 168
Trd, 000203.233, 184
Trd, 000203.667, 185
Trd, 000204.650, 176
Trd, 000205.600, 182
Trd, 000206.217, 175
Trd, 000206.950, 176
Trd, 000207.117, 174
Trd, 000207.150, 178
Trd, 000208.033, 165
Trd, 000208.367, 163
Trd, 000208.583, 163
Trd, 000208.767, 169
Trd, 000209.550, 172
Trd, 000210.000, 161
Trd, 000211.633, 162
Trd, 000211.717, 169
Trd, 000212.917, 169
Trd, 000213.183, 166
Trd, 000213.333, 169
Trd, 000213.867, 168
Trd, 000214.133, 168
Trd, 000214.817, 169
Trd, 000215.333, 175
Trd, 000215.983, 168
Trd, 000218.250, 179
Trd, 000219.000, 175
Trd, 000219.033, 177
Trd, 000220.433, 173
Trd, 000221.683, 171
Trd, 000222.550, 174
Trd, 000222.617, 173
Trd, 000222.800, 175
Trd, 000223.600, 174
Trd, 000224.433, 173
Trd, 000225.217, 176
Trd, 000225.683, 177
Trd, 000225.950, 194
Trd, 000227.533, 180
Trd, 000227.800, 180
Trd, 000227.900, 178
Trd, 000228.000, 181
Trd, 000228.583, 182
Trd, 000229.383, 178
Trd, 000230.217, 181
Trd, 000230.583, 185
Trd, 000230.617, 177
Trd, 000232.950, 181
Trd, 000233.733, 181
Trd, 000234.550, 178
Trd, 000234.700, 182
Trd, 000235.333, 175
Trd, 000236.467, 175
Trd, 000236.550, 174
Trd, 000237.750, 181
Trd, 000238.633, 179
Trd, 000239.833, 180
Trd, 000240.217, 179
Trd, 000240.467, 178
Trd, 000240.617, 177
Trd, 000241.183, 176
Trd, 000241.233, 174
Trd, 000241.483, 173
Trd, 000242.333, 172
Trd, 000242.650, 169
Trd, 000242.667, 168
Trd, 000243.550, 166
Trd, 000244.467, 164
Trd, 000244.617, 170
Trd, 000245.850, 170
Trd, 000245.983, 171
Trd, 000246.217, 172
Trd, 000247.100, 182
Trd, 000247.133, 177
Trd, 000247.433, 173
Trd, 000248.217, 173
Trd, 000248.967, 170
Trd, 000249.100, 160
Trd, 000249.283, 179
Trd, 000249.400, 182
Trd, 000249.483, 183
Trd, 000249.667, 168
Trd, 000249.950, 174
Trd, 000251.067, 173
Trd, 000251.200, 172
Trd, 000251.283, 190
Trd, 000252.850, 177
Trd, 000252.967, 180
Trd, 000253.267, 179
Trd, 000253.433, 177
Trd, 000253.533, 180
Trd, 000254.000, 177
Trd, 000254.400, 181
Trd, 000256.367, 181
Trd, 000256.500, 182
Trd, 000256.650, 180
Trd, 000257.267, 180
Trd, 000257.600, 177
Trd, 000258.783, 175
Trd, 000259.517, 179
Trd, 000259.683, 177
Trd, 000260.217, 178
Trd, 000260.683, 178
Trd, 000260.867, 176
Trd, 000262.033, 175
Trd, 000262.133, 175
Trd, 000262.767, 176
Trd, 000263.467, 176
Trd, 000263.750, 174
Trd, 000264.617, 172
Trd, 000264.833, 172
Trd, 000264.917, 173
Trd, 000264.967, 172
Trd, 000265.150, 172
Trd, 000265.733, 171
Trd, 000266.417, 170
Trd, 000266.700, 173
Trd, 000267.050, 163
Trd, 000267.250, 164
Trd, 000267.283, 169
Trd, 000268.900, 169
Trd, 000269.200, 169
Trd, 000269.700, 164
Trd, 000269.883, 171
Trd, 000271.050, 169
Trd, 000271.333, 168
Trd, 000271.450, 169
Trd, 000272.417, 173
Trd, 000272.617, 174
Trd, 000272.733, 173
Trd, 000273.967, 175
Trd, 000274.300, 185
Trd, 000274.317, 192
Trd, 000274.750, 189
Trd, 000274.767, 175
Trd, 000275.383, 195
Trd, 000275.533, 199
Trd, 000275.983, 192
Trd, 000276.267, 192
Trd, 000276.517, 191
Trd, 000276.900, 190
Trd, 000277.117, 185
Trd, 000277.700, 182
Trd, 000279.067, 187
Trd, 000279.150, 184
Trd, 000279.833, 185
Trd, 000280.017, 177
Trd, 000280.483, 177
Trd, 000280.833, 184
Trd, 000281.150, 185
Trd, 000281.417, 185
Trd, 000281.533, 178
Trd, 000281.783, 176
Trd, 000281.867, 177
Trd, 000282.783, 184
Trd, 000283.083, 179
Trd, 000283.300, 179
Trd, 000283.500, 180
Trd, 000284.117, 175
Trd, 000285.000, 179
Trd, 000285.750, 176
Trd, 000285.783, 180
Trd, 000285.883, 186
Trd, 000286.567, 177
Trd, 000287.067, 182
Trd, 000288.883, 180
Trd, 000289.083, 179
Trd, 000289.167, 180
Trd, 000289.750, 178
Trd, 000289.767, 177
Trd, 000290.417, 179
Trd, 000290.467, 173
Trd, 000291.050, 176
Trd, 000291.533, 179
Trd, 000291.867, 178
Trd, 000291.933, 178
Trd, 000292.950, 180
Trd, 000293.100, 168
Trd, 000293.583, 181
Trd, 000294.283, 180
Trd, 000295.567, 175
Trd, 000295.683, 173
Trd, 000295.817, 172
Trd, 000296.000, 171
Trd, 000296.783, 180
Trd, 000297.000, 174
Trd, 000297.200, 166
Trd, 000297.817, 171
Trd, 000298.500, 190
Trd, 000299.817, 186
