Trd, 000003.367, 158
Trd, 000003.883, 172
Trd, 000004.117, 174
Trd, 000004.650, 169
Trd, 000005.050, 172
Trd, 000005.733, 171
Trd, 000006.333, 168
Trd, 000006.650, 165
Trd, 000006.783, 165
Trd, 000006.950, 159
Trd, 000007.367, 165
Trd, 000007.400, 164
Trd, 000008.233, 159
Trd, 000009.917, 163
Trd, 000010.017, 163
Trd, 000010.583, 164
Trd, 000010.950, 164
Trd, 000011.050, 162
Trd, 000011.833, 162
Trd, 000012.517, 163
Trd, 000013.600, 164
Trd, 000013.800, 161
Trd, 000015.250, 159
Trd, 000015.483, 161
Trd, 000015.600, 160
Trd, 000016.483, 160
Trd, 000018.033, 161
Trd, 000018.433, 160
Trd, 000018.683, 160
Trd, 000019.167, 159
Trd, 000019.333, 157
Trd, 000019.983, 159
Trd, 000020.300, 158
Trd, 000021.333, 154
Trd, 000021.683, 154
Trd, 000021.717, 142
Trd, 000022.167, 134
Trd, 000022.267, 153
Trd, 000023.133, 138
Trd, 000023.600, 150
Trd, 000023.700, 152
Trd, 000024.483, 146
Trd, 000025.933, 145
Trd, 000026.433, 146
Trd, 000026.617, 147
Trd, 000027.267, 155
Trd, 000027.483, 156
Trd, 000027.567, 157
Trd, 000029.317, 158
Trd, 000029.567, 157
Trd, 000029.733, 158
Trd, 000030.883, 154
Trd, 000031.667, 155
Trd, 000031.733, 158
Trd, 000032.917, 156
Trd, 000033.067, 156
Trd, 000033.350, 155
Trd, 000033.650, 156
Trd, 000033.850, 158
Trd, 000034.133, 156
Trd, 000034.733, 155
Trd, 000036.350, 161
Trd, 000036.933, 156
Trd, 000037.150, 154
Trd, 000037.467, 161
Trd, 000038.233, 156
Trd, 000038.783, 171
Trd, 000039.867, 164
Trd, 000040.333, 163
Trd, 000040.467, 162
Trd, 000040.483, 162
Trd, 000040.750, 163
Trd, 000040.967, 161
Trd, 000041.800, 155
Trd, 000042.650, 160
Trd, 000042.750, 155
Trd, 000043.800, 168
Trd, 000043.817, 157
Trd, 000044.917, 162
Trd, 000045.817, 163
Trd, 000045.900, 162
Trd, 000046.383, 161
Trd, 000046.817, 159
Trd, 000047.233, 161
Trd, 000047.383, 155
Trd, 000048.783, 163
Trd, 000050.067, 158
Trd, 000051.400, 162
Trd, 000051.750, 160
Trd, 000051.833, 160
Trd, 000052.317, 160
Trd, 000052.600, 159
Trd, 000052.667, 162
Trd, 000053.783, 161
Trd, 000055.683, 167
Trd, 000055.967, 168
Trd, 000056.250, 166
Trd, 000057.633, 168
Trd, 000057.933, 170
Trd, 000058.583, 167
Trd, 000058.983, 166
Trd, 000059.000, 164
Trd, 000059.467, 157
Trd, 000060.683, 160
Trd, 000061.433, 149
Trd, 000062.050, 148
Trd, 000062.283, 148
Trd, 000062.450, 150
Trd, 000064.083, 150
Trd, 000064.333, 150
Trd, 000064.767, 151
Trd, 000065.950, 153
Trd, 000066.967, 158
Trd, 000067.400, 159
Trd, 000067.750, 159
Trd, 000068.483, 158
Trd, 000069.300, 160
Trd, 000069.917, 160
Trd, 000070.083, 168
Trd, 000070.250, 160
Trd, 000070.450, 158
Trd, 000071.067, 158
Trd, 000071.917, 159
Trd, 000072.233, 160
Trd, 000074.183, 158
Trd, 000074.583, 157
Trd, 000074.983, 159
Trd, 000075.017, 149
Trd, 000075.833, 156
Trd, 000075.917, 157
Trd, 000076.950, 158
Trd, 000077.467, 162
Trd, 000077.667, 158
Trd, 000078.200, 159
Trd, 000078.733, 159
Trd, 000079.050, 160
Trd, 000080.717, 166
Trd, 000081.150, 160
Trd, 000082.517, 160
Trd, 000083.183, 166
Trd, 000083.283, 162
Trd, 000085.083, 165
Trd, 000085.217, 167
Trd, 000085.633, 164
Trd, 000086.017, 163
Trd, 000087.333, 159
Trd, 000087.500, 161
Trd, 000087.517, 162
Trd, 000088.100, 162
Trd, 000088.450, 161
Trd, 000088.633, 162
Trd, 000088.933, 162
Trd, 000089.150, 161
Trd, 000090.267, 162
Trd, 000091.000, 163
Trd, 000091.767, 162
Trd, 000092.367, 163
Trd, 000093.100, 161
Trd, 000093.183, 161
Trd, 000093.400, 160
Trd, 000093.467, 159
Trd, 000093.917, 161
Trd, 000094.250, 158
Trd, 000095.200, 167
Trd, 000095.533, 161
Trd, 000095.567, 167
Trd, 000095.850, 167
Trd, 000097.900, 163
Trd, 000099.000, 163
Trd, 000099.683, 164
Trd, 000099.833, 164
Trd, 000100.450, 164
Trd, 000100.767, 164
Trd, 000101.467, 161
Trd, 000101.867, 160
Trd, 000102.083, 161
Trd, 000103.400, 161
Trd, 000103.833, 165
Trd, 000104.017, 159
Trd, 000104.883, 157
Trd, 000105.117, 162
Trd, 000105.350, 161
Trd, 000105.400, 177
Trd, 000105.567, 160
Trd, 000105.883, 174
Trd, 000106.183, 175
Trd, 000108.433, 165
Trd, 000109.350, 166
Trd, 000109.900, 167
Trd, 000110.500, 165
Trd, 000110.650, 166
Trd, 000110.750, 166
Trd, 000110.883, 168
Trd, 000111.150, 163
Trd, 000112.967, 166
Trd, 000113.150, 165
Trd, 000114.317, 180
Trd, 000115.450, 172
Trd, 000115.833, 167
Trd, 000116.300, 167
Trd, 000116.867, 166
Trd, 000117.283, 163
Trd, 000118.850, 164
Trd, 000118.883, 164
Trd, 000119.000, 152
Trd, 000119.833, 156
Trd, 000120.067, 143
Trd, 000120.100, 160
Trd, 000120.150, 139
Trd, 000121.250, 158
Trd, 000121.500, 159
Trd, 000122.000, 167
Trd, 000122.550, 187
Trd, 000123.117, 207
Trd, 000123.183, 208
Trd, 000124.567, 196
Trd, 000124.783, 208
Trd, 000124.817, 215
Trd, 000124.917, 303.0
Trd, 000124.983, 306.0
Trd, 000125.667, 240
Trd, 000126.700, 308
Trd, 000126.900, 309
Trd, 000127.067, 310.0
Trd, 000128.183, 324.0
Trd, 000129.600, 326.0
Trd, 000130.600, 326
Trd, 000130.683, 327
Trd, 000130.750, 322
Trd, 000130.833, 337.0
Trd, 000131.000, 344.0
Trd, 000132.283, 336
Trd, 000133.017, 332
Trd, 000133.383, 350.0
Trd, 000134.550, 338
Trd, 000135.450, 344.0
Trd, 000135.483, 346.0
Trd, 000136.317, 345.0
Trd, 000136.883, 338
Trd, 000138.067, 340
Trd, 000138.583, 342.0
Trd, 000139.350, 340
Trd, 000140.567, 339
Trd, 000140.850, 342
Trd, 000140.983, 344
Trd, 000141.983, 344.0
Trd, 000142.033, 355.0
Trd, 000143.117, 346
Trd, 000143.333, 345
Trd, 000143.450, 343
Trd, 000143.567, 344.0
Trd, 000143.867, 346
Trd, 000144.133, 342
Trd, 000144.300, 368
Trd, 000146.767, 359
Trd, 000147.767, 361
Trd, 000148.233, 362
Trd, 000148.917, 362
Trd, 000149.500, 342
Trd, 000150.367, 362
Trd, 000151.200, 358.0
Trd, 000151.300, 355
Trd, 000151.583, 351.0
Trd, 000153.533, 351.0
Trd, 000153.750, 353
Trd, 000154.433, 352
Trd, 000154.450, 351
Trd, 000154.533, 353
Trd, 000155.083, 368
Trd, 000156.167, 358.0
Trd, 000156.583, 357
Trd, 000157.050, 357
Trd, 000157.400, 357
Trd, 000158.567, 356
Trd, 000159.700, 351
Trd, 000160.233, 341
Trd, 000160.267, 364
Trd, 000160.333, 331.0
Trd, 000161.233, 348
Trd, 000161.450, 349
Trd, 000162.433, 349
Trd, 000162.867, 349
Trd, 000164.000, 350
Trd, 000164.133, 351.0
Trd, 000164.267, 352.0
Trd, 000164.450, 337
Trd, 000164.917, 342.0
Trd, 000165.100, 343
Trd, 000165.633, 344.0
Trd, 000166.400, 345
Trd, 000166.900, 344
Trd, 000169.283, 352.0
Trd, 000169.433, 351.0
Trd, 000169.967, 348
Trd, 000170.000, 341
Trd, 000171.667, 345
Trd, 000172.000, 343
Trd, 000172.050, 346
Trd, 000172.083, 355
Trd, 000172.150, 368
Trd, 000173.567, 343.0
Trd, 000174.117, 342
Trd, 000174.500, 344.0
Trd, 000174.833, 340
Trd, 000174.950, 339
Trd, 000175.400, 353.0
Trd, 000175.950, 337
Trd, 000176.517, 336
Trd, 000177.683, 338.0
Trd, 000177.883, 339.0
Trd, 000178.967, 354.0
Trd, 000180.633, 340
Trd, 000180.917, 342
Trd, 000181.150, 339
Trd, 000181.667, 339
Trd, 000181.700, 336
Trd, 000181.933, 338
Trd, 000182.233, 334
Trd, 000182.433, 332
Trd, 000183.067, 331.0
Trd, 000183.133, 327.0
Trd, 000183.467, 324.0
Trd, 000184.267, 315
Trd, 000184.717, 280
Trd, 000185.100, 230
Trd, 000185.917, 218
Trd, 000187.383, 209
Trd, 000187.800, 208
Trd, 000188.217, 206
Trd, 000188.300, 205
Trd, 000188.867, 193
Trd, 000189.050, 190
Trd, 000189.700, 181
Trd, 000191.117, 186
Trd, 000192.483, 183
Trd, 000192.733, 182
Trd, 000193.183, 180
Trd, 000193.717, 179
Trd, 000194.050, 179
Trd, 000194.967, 177
Trd, 000195.117, 179
Trd, 000196.250, 178
Trd, 000196.517, 177
Trd, 000197.100, 176
Trd, 000197.550, 175
Trd, 000197.567, 177
Trd, 000198.167, 175
Trd, 000198.583, 171
Trd, 000198.600, 160
Trd, 000199.500, 176
Trd, 000199.533, 170
Trd, 000200.233, 177
Trd, 000201.050, 172
Trd, 000201.450, 174
Trd, 000202.033, 177
Trd, 000202.350, 172
Trd, 000203.017, 176
Trd, 000203.367, 173
Trd, 000204.767, 177
Trd, 000205.117, 184
Trd, 000205.383, 185
Trd, 000207.300, 180
Trd, 000207.533, 181
Trd, 000208.317, 180
Trd, 000209.000, 182
Trd, 000209.150, 180
Trd, 000209.667, 182
Trd, 000210.667, 182
Trd, 000211.583, 184
Trd, 000211.617, 186
Trd, 000212.483, 185
Trd, 000213.183, 182
Trd, 000213.367, 182
Trd, 000214.433, 179
Trd, 000214.700, 178
Trd, 000215.633, 180
Trd, 000215.667, 177
Trd, 000217.267, 176
Trd, 000217.483, 177
Trd, 000217.650, 178
Trd, 000217.967, 177
Trd, 000218.250, 178
Trd, 000218.350, 178
Trd, 000219.183, 177
Trd, 000220.217, 178
Trd, 000220.267, 177
Trd, 000221.083, 178
Trd, 000221.350, 178
Trd, 000221.683, 178
Trd, 000222.333, 176
Trd, 000223.167, 162
Trd, 000223.650, 173
Trd, 000223.800, 153
Trd, 000224.717, 176
Trd, 000224.967, 190
Trd, 000225.267, 167
Trd, 000225.367, 166
Trd, 000226.200, 168
Trd, 000226.383, 166
Trd, 000226.700, 174
Trd, 000227.117, 166
Trd, 000228.317, 173
Trd, 000228.600, 174
Trd, 000229.667, 174
Trd, 000229.767, 173
Trd, 000230.150, 174
Trd, 000230.450, 170
Trd, 000231.300, 174
Trd, 000231.833, 172
Trd, 000232.300, 176
Trd, 000232.417, 169
Trd, 000234.050, 172
Trd, 000234.933, 172
Trd, 000235.400, 170
Trd, 000236.000, 171
Trd, 000236.067, 169
Trd, 000236.250, 169
Trd, 000236.433, 172
Trd, 000236.567, 173
Trd, 000236.850, 171
Trd, 000237.100, 178
Trd, 000237.667, 191
Trd, 000237.733, 167
Trd, 000237.783, 182
Trd, 000239.150, 175
Trd, 000240.117, 177
Trd, 000240.333, 179
Trd, 000240.400, 181
Trd, 000240.567, 179
Trd, 000240.583, 178
Trd, 000240.950, 178
Trd, 000241.783, 177
Trd, 000241.800, 178
Trd, 000242.017, 175
Trd, 000242.183, 175
Trd, 000242.717, 174
Trd, 000242.933, 171
Trd, 000243.233, 164
Trd, 000243.767, 162
Trd, 000244.533, 165
Trd, 000244.900, 161
Trd, 000245.533, 164
Trd, 000245.650, 164
Trd, 000246.183, 165
Trd, 000246.383, 164
Trd, 000246.817, 163
Trd, 000247.117, 163
Trd, 000247.417, 162
Trd, 000247.450, 161
Trd, 000248.483, 182
Trd, 000248.883, 176
Trd, 000249.750, 171
Trd, 000249.900, 171
Trd, 000250.967, 167
Trd, 000251.267, 168
Trd, 000251.500, 171
Trd, 000252.467, 173
Trd, 000252.667, 170
Trd, 000252.733, 171
Trd, 000253.117, 172
Trd, 000253.333, 180
Trd, 000254.150, 178
Trd, 000254.550, 181
Trd, 000255.467, 183
Trd, 000255.917, 184
Trd, 000256.283, 185
Trd, 000256.717, 183
Trd, 000256.983, 182
Trd, 000257.300, 181
Trd, 000257.683, 180
Trd, 000258.233, 177
Trd, 000258.250, 176
Trd, 000258.433, 174
Trd, 000258.633, 174
Trd, 000259.267, 174
Trd, 000259.383, 174
Trd, 000259.667, 175
Trd, 000260.200, 181
Trd, 000260.850, 182
Trd, 000261.733, 189
Trd, 000262.367, 184
Trd, 000262.867, 186
Trd, 000263.333, 184
Trd, 000263.550, 183
Trd, 000263.817, 186
Trd, 000264.150, 187
Trd, 000264.467, 185
Trd, 000264.833, 187
Trd, 000265.633, 184
Trd, 000266.217, 184
Trd, 000266.817, 181
Trd, 000266.900, 181
Trd, 000267.450, 182
Trd, 000267.817, 178
Trd, 000268.400, 179
Trd, 000268.483, 178
Trd, 000268.567, 181
Trd, 000268.883, 171
Trd, 000269.983, 170
Trd, 000270.200, 171
Trd, 000270.267, 170
Trd, 000270.650, 174
Trd, 000271.367, 182
Trd, 000271.433, 180
Trd, 000271.850, 180
Trd, 000272.100, 185
Trd, 000272.133, 169
Trd, 000273.717, 178
Trd, 000274.350, 175
Trd, 000274.400, 173
Trd, 000274.917, 174
Trd, 000275.283, 175
Trd, 000275.650, 180
Trd, 000275.833, 182
Trd, 000276.167, 176
Trd, 000276.500, 174
Trd, 000276.533, 172
Trd, 000276.783, 179
Trd, 000277.767, 183
Trd, 000278.067, 183
Trd, 000278.250, 178
Trd, 000278.267, 178
Trd, 000278.400, 177
Trd, 000278.600, 183
Trd, 000278.617, 176
Trd, 000279.150, 182
Trd, 000279.650, 174
Trd, 000280.350, 172
Trd, 000280.717, 169
Trd, 000281.133, 169
Trd, 000281.617, 171
Trd, 000281.717, 172
Trd, 000282.900, 167
Trd, 000283.333, 174
Trd, 000284.333, 165
Trd, 000284.383, 172
Trd, 000284.517, 173
Trd, 000285.017, 174
Trd, 000285.150, 165
Trd, 000285.650, 163
Trd, 000285.967, 173
Trd, 000286.167, 175
Trd, 000286.483, 184
Trd, 000287.117, 183
Trd, 000288.467, 171
Trd, 000288.567, 173
Trd, 000288.917, 173
Trd, 000288.967, 169
Trd, 000289.350, 173
Trd, 000289.750, 173
Trd, 000290.733, 184
Trd, 000291.150, 184
Trd, 000291.433, 183
Trd, 000291.500, 180
Trd, 000291.683, 177
Trd, 000291.817, 169
Trd, 000292.183, 176
Trd, 000292.533, 175
Trd, 000292.617, 174
Trd, 000292.867, 186
Trd, 000293.700, 173
Trd, 000294.317, 180
Trd, 000295.667, 176
Trd, 000295.733, 178
Trd, 000295.767, 179
Trd, 000296.117, 171
Trd, 000296.150, 170
Trd, 000296.317, 169
Trd, 000296.550, 183
Trd, 000296.567, 184
Trd, 000297.133, 185
Trd, 000297.383, 167
Trd, 000297.817, 186
Trd, 000298.567, 182
Trd, 000298.917, 181
Trd, 000299.183, 172
Trd, 000299.317, 171
Trd, 000299.800, 170
