Trd, 000001.683, 179
Trd, 000001.817, 124
Trd, 000003.000, 140
Trd, 000003.217, 145
Trd, 000004.517, 148
Trd, 000005.400, 148
Trd, 000005.483, 147
Trd, 000005.500, 154
Trd, 000006.117, 148
Trd, 000007.717, 151
Trd, 000008.033, 150
Trd, 000008.117, 152
Trd, 000008.367, 150
Trd, 000008.900, 152
Trd, 000009.017, 149
Trd, 000009.067, 153
Trd, 000009.450, 147
Trd, 000011.667, 156
Trd, 000011.767, 150
Trd, 000012.217, 163
Trd, 000012.667, 153
Trd, 000013.100, 153
Trd, 000013.733, 155
Trd, 000014.200, 155
Trd, 000014.483, 155
Trd, 000015.167, 154
Trd, 000015.700, 154
Trd, 000016.033, 132
Trd, 000017.333, 149
Trd, 000017.383, 149
Trd, 000018.017, 150
Trd, 000018.150, 159
Trd, 000019.133, 151
Trd, 000019.333, 150
Trd, 000019.500, 149
Trd, 000020.150, 150
Trd, 000020.617, 151
Trd, 000022.283, 150
Trd, 000022.867, 151
Trd, 000024.233, 152
Trd, 000024.533, 153
Trd, 000024.783, 173
Trd, 000024.933, 151
Trd, 000025.250, 151
Trd, 000025.850, 158
Trd, 000026.000, 157
Trd, 000026.517, 137
Trd, 000026.933, 135
Trd, 000027.600, 134
Trd, 000027.983, 137
Trd, 000028.483, 138
Trd, 000028.533, 135
Trd, 000028.567, 142
Trd, 000029.917, 141
Trd, 000029.967, 142
Trd, 000030.767, 143
Trd, 000030.933, 144
Trd, 000031.000, 143
Trd, 000031.233, 137
Trd, 000032.850, 143
Trd, 000033.167, 145
Trd, 000035.633, 147
Trd, 000036.317, 148
Trd, 000036.500, 154
Trd, 000036.700, 158
Trd, 000036.867, 149
Trd, 000037.250, 150
Trd, 000037.667, 150
Trd, 000037.933, 150
Trd, 000038.350, 151
Trd, 000038.717, 152
Trd, 000038.750, 134
Trd, 000039.183, 131
Trd, 000039.783, 145
Trd, 000041.633, 150
Trd, 000042.100, 150
Trd, 000043.850, 149
Trd, 000044.417, 152
Trd, 000045.050, 148
Trd, 000045.633, 152
Trd, 000045.900, 149
Trd, 000046.017, 135
Trd, 000046.533, 151
Trd, 000047.467, 146
Trd, 000048.500, 152
Trd, 000048.783, 155
Trd, 000048.833, 151
Trd, 000049.617, 151
Trd, 000050.450, 152
Trd, 000051.533, 151
Trd, 000052.850, 150
Trd, 000053.283, 153
Trd, 000053.733, 156
Trd, 000054.050, 152
Trd, 000054.583, 151
Trd, 000054.650, 149
Trd, 000055.383, 149
Trd, 000056.283, 142
Trd, 000057.100, 140
Trd, 000057.217, 139
Trd, 000057.467, 143
Trd, 000058.083, 140
Trd, 000058.583, 143
Trd, 000058.883, 140
Trd, 000059.367, 154
Trd, 000060.300, 144
Trd, 000060.683, 145
Trd, 000061.267, 145
Trd, 000062.967, 156
Trd, 000063.050, 147
Trd, 000063.333, 147
Trd, 000064.033, 149
Trd, 000064.233, 149
Trd, 000065.000, 151
Trd, 000066.300, 153
Trd, 000067.217, 151
Trd, 000067.517, 152
Trd, 000069.367, 153
Trd, 000069.817, 152
Trd, 000070.533, 151
Trd, 000070.950, 154
Trd, 000071.217, 154
Trd, 000071.600, 152
Trd, 000071.633, 153
Trd, 000072.217, 153
Trd, 000072.500, 152
Trd, 000074.983, 155
Trd, 000075.117, 152
Trd, 000075.250, 158
Trd, 000075.300, 162
Trd, 000075.517, 158
Trd, 000076.983, 153
Trd, 000078.267, 161
Trd, 000078.833, 170
Trd, 000079.033, 160
Trd, 000079.550, 163
Trd, 000080.300, 167
Trd, 000080.550, 166
Trd, 000080.600, 164
Trd, 000081.183, 169
Trd, 000081.533, 166
Trd, 000082.417, 165
Trd, 000082.883, 174
Trd, 000083.217, 166
Trd, 000083.600, 167
Trd, 000084.400, 169
Trd, 000084.567, 166
Trd, 000085.333, 167
Trd, 000085.717, 166
Trd, 000085.750, 169
Trd, 000085.983, 164
Trd, 000086.917, 161
Trd, 000088.300, 159
Trd, 000090.033, 162
Trd, 000090.200, 161
Trd, 000090.717, 161
Trd, 000090.817, 163
Trd, 000092.117, 161
Trd, 000092.433, 160
Trd, 000092.467, 159
Trd, 000092.750, 148
Trd, 000093.650, 155
Trd, 000095.533, 155
Trd, 000095.783, 157
Trd, 000096.383, 157
Trd, 000096.533, 154
Trd, 000096.717, 154
Trd, 000097.650, 153
Trd, 000098.217, 158
Trd, 000098.400, 156
Trd, 000098.533, 155
Trd, 000098.783, 156
Trd, 000099.350, 157
Trd, 000100.900, 156
Trd, 000101.133, 156
Trd, 000101.917, 156
Trd, 000102.350, 156
Trd, 000103.100, 156
Trd, 000103.467, 158
Trd, 000103.900, 157
Trd, 000103.967, 155
Trd, 000104.550, 155
Trd, 000105.817, 157
Trd, 000106.917, 157
Trd, 000107.167, 155
Trd, 000107.933, 159
Trd, 000108.350, 157
Trd, 000109.967, 159
Trd, 000110.083, 159
Trd, 000110.983, 158
Trd, 000112.067, 159
Trd, 000112.167, 156
Trd, 000113.117, 156
Trd, 000114.067, 155
Trd, 000114.283, 158
Trd, 000114.617, 143
Trd, 000115.300, 160
Trd, 000115.767, 161
Trd, 000116.350, 154
Trd, 000116.783, 166
Trd, 000118.067, 160
Trd, 000118.133, 163
Trd, 000118.350, 159
Trd, 000119.283, 164
Trd, 000119.383, 161
Trd, 000120.700, 161
Trd, 000120.733, 161
Trd, 000121.450, 160
Trd, 000121.533, 164
Trd, 000122.100, 165
Trd, 000122.283, 164
Trd, 000122.883, 174
Trd, 000123.433, 184
Trd, 000123.483, 184
Trd, 000124.283, 259
Trd, 000125.050, 306.0
Trd, 000125.700, 313.0
Trd, 000126.367, 308.0
Trd, 000126.533, 320.0
Trd, 000126.583, 328
Trd, 000126.733, 341
Trd, 000126.800, 312
Trd, 000127.100, 345
Trd, 000127.833, 343
Trd, 000128.667, 348.0
Trd, 000129.733, 324.0
Trd, 000130.200, 326.0
Trd, 000130.383, 356
Trd, 000130.667, 333
Trd, 000132.983, 345
Trd, 000135.850, 338
Trd, 000136.267, 341
Trd, 000136.300, 340
Trd, 000137.933, 340
Trd, 000137.950, 339
Trd, 000138.000, 339
Trd, 000138.650, 338
Trd, 000138.833, 334
Trd, 000139.850, 341
Trd, 000141.167, 342
Trd, 000141.283, 338
Trd, 000141.800, 337
Trd, 000142.317, 337
Trd, 000143.350, 343
Trd, 000144.383, 341
Trd, 000144.717, 344.0
Trd, 000146.517, 344.0
Trd, 000148.667, 348.0
Trd, 000148.750, 346
Trd, 000149.283, 348
Trd, 000149.383, 347
Trd, 000149.533, 345
Trd, 000150.383, 334.0
Trd, 000150.550, 348
Trd, 000151.367, 337
Trd, 000151.700, 340
Trd, 000152.567, 343
Trd, 000153.067, 342
Trd, 000155.017, 341
Trd, 000155.283, 340
Trd, 000157.400, 341
Trd, 000158.300, 342
Trd, 000158.750, 341
Trd, 000159.117, 341
Trd, 000160.283, 342
Trd, 000160.633, 342
Trd, 000161.317, 341
Trd, 000161.683, 345
Trd, 000162.500, 343
Trd, 000162.517, 340
Trd, 000163.017, 348.0
Trd, 000163.117, 339
Trd, 000165.067, 345.0
Trd, 000165.750, 345
Trd, 000166.083, 331.0
Trd, 000167.617, 339
Trd, 000168.467, 338
Trd, 000169.117, 338
Trd, 000169.667, 339
Trd, 000170.150, 339
Trd, 000170.800, 337
Trd, 000171.200, 335
Trd, 000172.050, 335
Trd, 000172.217, 334
Trd, 000172.767, 335
Trd, 000173.183, 333.0
Trd, 000176.933, 336
Trd, 000177.333, 338
Trd, 000177.367, 335
Trd, 000177.500, 348.0
Trd, 000178.267, 334
Trd, 000179.333, 335
Trd, 000179.650, 336
Trd, 000181.483, 338
Trd, 000181.583, 334
Trd, 000181.633, 340
Trd, 000182.433, 334
Trd, 000183.283, 298
Trd, 000183.533, 284
Trd, 000184.133, 241
Trd, 000184.367, 211
Trd, 000184.617, 207
Trd, 000184.733, 204
Trd, 000184.783, 182
Trd, 000185.417, 176
Trd, 000186.350, 197
Trd, 000186.667, 187
Trd, 000186.933, 179
Trd, 000188.367, 164
Trd, 000189.067, 152
Trd, 000189.183, 164
Trd, 000189.883, 165
Trd, 000190.150, 167
Trd, 000190.667, 169
Trd, 000191.550, 167
Trd, 000191.950, 167
Trd, 000192.033, 160
Trd, 000192.133, 168
Trd, 000192.633, 150
Trd, 000193.233, 168
Trd, 000194.150, 160
Trd, 000196.183, 171
Trd, 000196.417, 167
Trd, 000196.633, 164
Trd, 000197.450, 163
Trd, 000198.917, 163
Trd, 000198.967, 163
Trd, 000200.483, 165
Trd, 000201.400, 168
Trd, 000201.950, 167
Trd, 000202.200, 170
Trd, 000202.250, 166
Trd, 000204.900, 173
Trd, 000205.133, 171
Trd, 000205.533, 171
Trd, 000205.717, 170
Trd, 000206.017, 169
Trd, 000206.117, 171
Trd, 000206.417, 152
Trd, 000206.883, 162
Trd, 000207.533, 150
Trd, 000208.083, 156
Trd, 000208.500, 154
Trd, 000209.333, 156
Trd, 000210.967, 157
Trd, 000211.033, 151
Trd, 000211.333, 153
Trd, 000211.850, 152
Trd, 000211.967, 151
Trd, 000212.700, 152
Trd, 000213.517, 152
Trd, 000214.867, 155
Trd, 000215.250, 158
Trd, 000216.350, 168
Trd, 000216.967, 169
Trd, 000218.400, 161
Trd, 000219.850, 164
Trd, 000220.317, 163
Trd, 000221.167, 164
Trd, 000221.200, 165
Trd, 000221.233, 165
Trd, 000221.350, 170
Trd, 000221.533, 184
Trd, 000222.800, 163
Trd, 000223.467, 166
Trd, 000223.800, 166
Trd, 000224.467, 164
Trd, 000225.367, 165
Trd, 000226.400, 166
Trd, 000227.167, 166
Trd, 000227.650, 169
Trd, 000228.300, 167
Trd, 000228.333, 165
Trd, 000229.467, 153
Trd, 000229.817, 161
Trd, 000231.867, 165
Trd, 000232.917, 171
Trd, 000232.933, 169
Trd, 000233.900, 171
Trd, 000234.300, 168
Trd, 000234.500, 168
Trd, 000235.667, 169
Trd, 000235.967, 171
Trd, 000236.583, 170
Trd, 000236.850, 170
Trd, 000238.417, 170
Trd, 000239.300, 171
Trd, 000239.750, 174
Trd, 000240.167, 171
Trd, 000240.300, 172
Trd, 000240.383, 172
Trd, 000240.850, 174
Trd, 000241.067, 173
Trd, 000241.133, 173
Trd, 000241.317, 172
Trd, 000241.550, 175
Trd, 000243.217, 172
Trd, 000243.267, 172
Trd, 000243.450, 171
Trd, 000244.083, 169
Trd, 000244.150, 172
Trd, 000244.917, 166
Trd, 000245.200, 175
Trd, 000245.300, 167
Trd, 000246.400, 172
Trd, 000246.683, 169
Trd, 000247.033, 171
Trd, 000247.800, 174
Trd, 000248.100, 169
Trd, 000248.333, 174
Trd, 000249.083, 173
Trd, 000249.650, 176
Trd, 000250.400, 180
Trd, 000251.117, 181
Trd, 000251.150, 182
Trd, 000251.300, 181
Trd, 000251.500, 180
Trd, 000252.517, 180
Trd, 000252.767, 179
Trd, 000253.050, 179
Trd, 000253.083, 182
Trd, 000253.117, 177
Trd, 000253.717, 179
Trd, 000253.800, 180
Trd, 000254.867, 173
Trd, 000255.017, 176
Trd, 000256.100, 178
Trd, 000256.150, 179
Trd, 000256.400, 177
Trd, 000256.817, 175
Trd, 000257.117, 179
Trd, 000257.150, 174
Trd, 000258.867, 173
Trd, 000259.133, 174
Trd, 000259.467, 178
Trd, 000259.500, 173
Trd, 000259.867, 175
Trd, 000260.267, 179
Trd, 000260.883, 179
Trd, 000261.150, 178
Trd, 000261.300, 180
Trd, 000262.067, 176
Trd, 000262.450, 179
Trd, 000263.467, 179
Trd, 000263.767, 178
Trd, 000264.000, 177
Trd, 000264.233, 176
Trd, 000264.517, 176
Trd, 000264.767, 178
Trd, 000265.150, 179
Trd, 000265.883, 181
Trd, 000266.100, 179
Trd, 000266.333, 180
Trd, 000266.767, 182
Trd, 000267.167, 179
Trd, 000267.450, 178
Trd, 000267.500, 181
Trd, 000268.383, 179
Trd, 000268.867, 179
Trd, 000269.017, 179
Trd, 000269.267, 178
Trd, 000269.750, 182
Trd, 000270.317, 182
Trd, 000270.617, 184
Trd, 000270.800, 189
Trd, 000271.067, 178
Trd, 000271.650, 180
Trd, 000272.067, 178
Trd, 000272.967, 178
Trd, 000273.233, 177
Trd, 000273.267, 177
Trd, 000274.450, 176
Trd, 000274.650, 175
Trd, 000275.000, 178
Trd, 000275.933, 174
Trd, 000276.017, 168
Trd, 000276.167, 172
Trd, 000276.367, 172
Trd, 000276.733, 175
Trd, 000276.750, 175
Trd, 000277.483, 183
Trd, 000277.550, 177
Trd, 000277.917, 183
Trd, 000278.267, 189
Trd, 000278.983, 186
Trd, 000279.717, 187
Trd, 000279.733, 179
Trd, 000280.267, 188
Trd, 000280.750, 184
Trd, 000281.467, 185
Trd, 000281.667, 187
Trd, 000281.683, 185
Trd, 000283.183, 183
Trd, 000283.333, 182
Trd, 000283.567, 184
Trd, 000285.450, 182
Trd, 000285.617, 183
Trd, 000285.883, 182
Trd, 000286.117, 182
Trd, 000286.650, 182
Trd, 000286.850, 182
Trd, 000286.933, 181
Trd, 000286.950, 183
Trd, 000286.983, 187
Trd, 000287.067, 180
Trd, 000288.167, 191
Trd, 000288.600, 190
Trd, 000288.767, 184
Trd, 000289.217, 184
Trd, 000289.767, 187
Trd, 000290.217, 187
Trd, 000290.633, 187
Trd, 000290.667, 186
Trd, 000290.883, 187
Trd, 000291.183, 189
Trd, 000291.217, 184
Trd, 000291.583, 184
Trd, 000291.717, 201
Trd, 000291.817, 160
Trd, 000292.233, 156
Trd, 000292.683, 170
Trd, 000293.033, 153
Trd, 000294.150, 177
Trd, 000294.200, 181
Trd, 000294.767, 182
Trd, 000295.417, 184
Trd, 000296.683, 188
Trd, 000296.967, 182
Trd, 000297.417, 185
Trd, 000298.050, 184
Trd, 000298.133, 184
Trd, 000298.900, 183
Trd, 000298.950, 182
Trd, 000299.050, 181
