Trd, 000002.717, 163
Trd, 000003.167, 172
Trd, 000003.700, 141
Trd, 000004.350, 160
Trd, 000004.400, 162
Trd, 000005.300, 162
Trd, 000005.567, 151
Trd, 000005.783, 161
Trd, 000005.833, 162
Trd, 000005.967, 158
Trd, 000007.400, 155
Trd, 000008.033, 153
Trd, 000009.233, 157
Trd, 000009.883, 158
Trd, 000010.383, 157
Trd, 000011.250, 156
Trd, 000011.550, 156
Trd, 000012.733, 156
Trd, 000013.583, 158
Trd, 000013.833, 155
Trd, 000013.933, 158
Trd, 000015.817, 158
Trd, 000016.300, 158
Trd, 000016.417, 158
Trd, 000016.467, 156
Trd, 000016.517, 159
Trd, 000016.817, 160
Trd, 000017.183, 160
Trd, 000017.700, 156
Trd, 000018.717, 156
Trd, 000019.350, 156
Trd, 000020.317, 156
Trd, 000020.850, 157
Trd, 000021.467, 157
Trd, 000021.517, 158
Trd, 000022.150, 156
Trd, 000022.983, 157
Trd, 000023.467, 158
Trd, 000024.167, 158
Trd, 000026.267, 155
Trd, 000027.417, 155
Trd, 000027.600, 155
Trd, 000027.767, 156
Trd, 000027.950, 155
Trd, 000028.517, 154
Trd, 000028.533, 150
Trd, 000028.667, 157
Trd, 000029.717, 157
Trd, 000030.717, 156
Trd, 000031.750, 153
Trd, 000033.400, 154
Trd, 000033.500, 154
Trd, 000034.033, 155
Trd, 000034.933, 153
Trd, 000035.600, 156
Trd, 000036.017, 157
Trd, 000036.867, 158
Trd, 000037.617, 154
Trd, 000038.017, 152
Trd, 000038.367, 156
Trd, 000038.817, 155
Trd, 000039.583, 155
Trd, 000039.817, 156
Trd, 000039.917, 156
Trd, 000041.500, 157
Trd, 000041.917, 156
Trd, 000042.233, 156
Trd, 000042.333, 157
Trd, 000042.950, 158
Trd, 000043.067, 159
Trd, 000043.100, 160
Trd, 000044.067, 159
Trd, 000045.000, 156
Trd, 000045.217, 157
Trd, 000045.667, 155
Trd, 000045.683, 154
Trd, 000045.833, 155
Trd, 000046.517, 158
Trd, 000047.733, 157
Trd, 000047.850, 158
Trd, 000048.467, 157
Trd, 000048.833, 166
Trd, 000049.767, 163
Trd, 000049.817, 167
Trd, 000050.283, 158
Trd, 000051.250, 163
Trd, 000052.633, 161
Trd, 000052.717, 157
Trd, 000052.767, 157
Trd, 000052.783, 159
Trd, 000053.833, 159
Trd, 000054.367, 159
Trd, 000055.067, 161
Trd, 000055.083, 160
Trd, 000055.217, 162
Trd, 000056.033, 161
Trd, 000056.800, 160
Trd, 000057.700, 159
Trd, 000059.117, 159
Trd, 000059.417, 160
Trd, 000059.450, 163
Trd, 000059.533, 158
Trd, 000059.783, 163
Trd, 000060.017, 154
Trd, 000060.517, 155
Trd, 000060.567, 164
Trd, 000061.383, 164
Trd, 000062.267, 154
Trd, 000063.100, 168
Trd, 000063.233, 169
Trd, 000064.817, 166
Trd, 000065.350, 167
Trd, 000065.667, 166
Trd, 000066.017, 167
Trd, 000067.000, 167
Trd, 000067.083, 168
Trd, 000067.717, 169
Trd, 000067.733, 167
Trd, 000068.067, 171
Trd, 000069.517, 166
Trd, 000069.833, 168
Trd, 000071.367, 170
Trd, 000072.233, 170
Trd, 000072.350, 169
Trd, 000073.017, 165
Trd, 000073.100, 161
Trd, 000073.467, 169
Trd, 000073.617, 170
Trd, 000073.683, 169
Trd, 000074.367, 164
Trd, 000074.800, 162
Trd, 000074.883, 161
Trd, 000075.550, 162
Trd, 000076.183, 160
Trd, 000076.517, 157
Trd, 000077.317, 159
Trd, 000077.550, 160
Trd, 000077.917, 161
Trd, 000078.483, 161
Trd, 000079.233, 161
Trd, 000080.350, 158
Trd, 000080.833, 161
Trd, 000080.867, 162
Trd, 000081.233, 166
Trd, 000082.200, 167
Trd, 000082.267, 173
Trd, 000082.867, 158
Trd, 000083.683, 181
Trd, 000084.650, 171
Trd, 000084.867, 171
Trd, 000084.883, 172
Trd, 000085.117, 171
Trd, 000086.050, 171
Trd, 000086.467, 170
Trd, 000086.883, 168
Trd, 000087.317, 166
Trd, 000087.833, 169
Trd, 000087.883, 161
Trd, 000087.933, 170
Trd, 000088.533, 165
Trd, 000089.083, 161
Trd, 000089.467, 163
Trd, 000089.900, 164
Trd, 000090.483, 165
Trd, 000090.750, 165
Trd, 000091.467, 167
Trd, 000092.367, 168
Trd, 000092.900, 174
Trd, 000093.583, 170
Trd, 000093.883, 185
Trd, 000094.050, 177
Trd, 000094.700, 178
Trd, 000095.650, 172
Trd, 000095.917, 172
Trd, 000096.417, 171
Trd, 000097.150, 171
Trd, 000097.833, 168
Trd, 000098.233, 169
Trd, 000098.833, 168
Trd, 000098.867, 167
Trd, 000099.667, 166
Trd, 000100.000, 168
Trd, 000100.017, 164
Trd, 000100.367, 158
Trd, 000101.183, 156
Trd, 000101.500, 156
Trd, 000102.350, 157
Trd, 000102.933, 158
Trd, 000103.733, 159
Trd, 000104.317, 159
Trd, 000104.367, 161
Trd, 000105.267, 162
Trd, 000105.800, 162
Trd, 000106.300, 161
Trd, 000106.683, 160
Trd, 000106.817, 162
Trd, 000107.433, 159
Trd, 000107.683, 163
Trd, 000108.150, 157
Trd, 000108.200, 137
Trd, 000108.400, 162
Trd, 000109.117, 163
Trd, 000109.450, 164
Trd, 000110.317, 159
Trd, 000110.500, 163
Trd, 000110.900, 159
Trd, 000111.200, 145
Trd, 000112.667, 162
Trd, 000112.717, 159
Trd, 000113.750, 159
Trd, 000114.400, 161
Trd, 000114.550, 160
Trd, 000114.967, 163
Trd, 000115.533, 166
Trd, 000115.967, 169
Trd, 000116.183, 173
Trd, 000116.650, 161
Trd, 000117.833, 165
Trd, 000118.100, 164
Trd, 000118.400, 166
Trd, 000118.533, 167
Trd, 000118.917, 167
Trd, 000119.367, 165
Trd, 000119.783, 170
Trd, 000120.250, 167
Trd, 000121.067, 174
Trd, 000121.233, 177
Trd, 000121.267, 180
Trd, 000121.883, 181
Trd, 000122.000, 198
Trd, 000122.717, 192
Trd, 000122.983, 212
Trd, 000123.583, 207
Trd, 000123.733, 228
Trd, 000123.850, 243
Trd, 000124.117, 293
Trd, 000124.833, 355.0
Trd, 000125.117, 365.0
Trd, 000125.300, 389.0
Trd, 000125.900, 313.0
Trd, 000126.100, 355
Trd, 000126.283, 321.0
Trd, 000127.350, 345
Trd, 000128.050, 343
Trd, 000128.283, 343
Trd, 000128.317, 344
Trd, 000128.617, 350
Trd, 000128.733, 352
Trd, 000130.833, 350
Trd, 000130.900, 353
Trd, 000131.017, 349
Trd, 000131.533, 354
Trd, 000131.733, 358
Trd, 000132.800, 350
Trd, 000133.800, 348.0
Trd, 000134.083, 348
Trd, 000135.883, 349
Trd, 000136.083, 348
Trd, 000137.417, 349
Trd, 000137.450, 332.0
Trd, 000137.483, 349
Trd, 000137.967, 331.0
Trd, 000139.483, 341
Trd, 000140.117, 342
Trd, 000140.333, 337
Trd, 000141.383, 342
Trd, 000142.167, 342
Trd, 000142.767, 344
Trd, 000143.067, 345
Trd, 000143.200, 344
Trd, 000143.983, 343
Trd, 000144.983, 344
Trd, 000145.783, 341
Trd, 000146.233, 344
Trd, 000146.450, 343
Trd, 000146.500, 344
Trd, 000148.383, 352
Trd, 000148.467, 355.0
Trd, 000150.083, 350
Trd, 000150.550, 352
Trd, 000150.917, 348.0
Trd, 000151.367, 351
Trd, 000151.600, 348
Trd, 000151.617, 348
Trd, 000152.733, 343
Trd, 000153.217, 353
Trd, 000153.533, 355.0
Trd, 000153.600, 342
Trd, 000155.267, 351
Trd, 000155.550, 347
Trd, 000155.967, 347
Trd, 000156.317, 349
Trd, 000157.717, 349.0
Trd, 000157.783, 349
Trd, 000158.317, 348.0
Trd, 000158.367, 349
Trd, 000158.700, 347
Trd, 000158.967, 352
Trd, 000159.067, 361
Trd, 000159.233, 365.0
Trd, 000161.583, 349
Trd, 000161.817, 349
Trd, 000163.233, 350
Trd, 000163.300, 348.0
Trd, 000163.650, 350
Trd, 000164.250, 351
Trd, 000164.433, 353
Trd, 000165.750, 351
Trd, 000166.067, 349
Trd, 000166.233, 349
Trd, 000166.833, 353.0
Trd, 000167.033, 352
Trd, 000167.250, 352.0
Trd, 000167.317, 347
Trd, 000168.250, 350
Trd, 000169.150, 347
Trd, 000169.683, 347.0
Trd, 000169.717, 351
Trd, 000170.117, 346
Trd, 000170.450, 348
Trd, 000170.767, 348
Trd, 000170.883, 347
Trd, 000171.433, 348
Trd, 000172.617, 347
Trd, 000173.067, 344
Trd, 000173.500, 347
Trd, 000173.717, 346
Trd, 000174.900, 327.0
Trd, 000175.733, 343
Trd, 000176.733, 340
Trd, 000176.867, 342
Trd, 000178.133, 340
Trd, 000179.083, 340
Trd, 000179.317, 342
Trd, 000179.750, 339
Trd, 000179.883, 347
Trd, 000180.100, 348
Trd, 000180.233, 349
Trd, 000180.333, 355.0
Trd, 000181.450, 341
Trd, 000181.517, 352
Trd, 000181.833, 358
Trd, 000182.167, 346
Trd, 000182.850, 345
Trd, 000182.900, 341
Trd, 000183.000, 331.0
Trd, 000183.550, 327.0
Trd, 000183.717, 315
Trd, 000183.900, 310.0
Trd, 000184.117, 306.0
Trd, 000184.333, 287
Trd, 000184.750, 177
Trd, 000184.967, 176
Trd, 000185.667, 214
Trd, 000187.017, 166
Trd, 000187.850, 199
Trd, 000188.317, 207
Trd, 000188.667, 203
Trd, 000189.150, 200
Trd, 000190.100, 194
Trd, 000190.250, 187
Trd, 000191.400, 196
Trd, 000191.667, 190
Trd, 000191.983, 194
Trd, 000192.767, 192
Trd, 000193.417, 186
Trd, 000193.983, 174
Trd, 000194.150, 179
Trd, 000194.217, 184
Trd, 000194.850, 178
Trd, 000195.500, 170
Trd, 000195.567, 170
Trd, 000195.750, 171
Trd, 000196.083, 179
Trd, 000196.850, 173
Trd, 000197.167, 172
Trd, 000197.267, 172
Trd, 000198.050, 173
Trd, 000198.433, 172
Trd, 000198.483, 173
Trd, 000198.883, 178
Trd, 000200.600, 170
Trd, 000200.967, 171
Trd, 000201.667, 169
Trd, 000201.717, 170
Trd, 000201.833, 170
Trd, 000202.533, 169
Trd, 000203.367, 169
Trd, 000204.050, 170
Trd, 000204.317, 170
Trd, 000205.167, 168
Trd, 000205.233, 169
Trd, 000205.733, 169
Trd, 000205.983, 168
Trd, 000206.467, 168
Trd, 000206.533, 167
Trd, 000206.600, 168
Trd, 000208.400, 169
Trd, 000208.750, 171
Trd, 000209.400, 166
Trd, 000209.550, 160
Trd, 000209.917, 160
Trd, 000210.150, 171
Trd, 000210.217, 172
Trd, 000210.383, 175
Trd, 000211.133, 162
Trd, 000211.433, 214
Trd, 000212.333, 185
Trd, 000212.967, 185
Trd, 000213.550, 161
Trd, 000214.067, 166
Trd, 000214.200, 154
Trd, 000214.750, 167
Trd, 000214.833, 164
Trd, 000216.300, 165
Trd, 000216.583, 166
Trd, 000217.450, 165
Trd, 000217.833, 172
Trd, 000217.933, 169
Trd, 000218.500, 165
Trd, 000218.900, 170
Trd, 000219.133, 170
Trd, 000219.867, 168
Trd, 000221.283, 178
Trd, 000221.533, 179
Trd, 000221.600, 180
Trd, 000222.217, 168
Trd, 000223.500, 173
Trd, 000223.533, 174
Trd, 000224.733, 172
Trd, 000226.000, 171
Trd, 000226.350, 171
Trd, 000226.383, 173
Trd, 000227.733, 172
Trd, 000228.200, 172
Trd, 000228.350, 172
Trd, 000228.383, 173
Trd, 000228.983, 174
Trd, 000229.067, 178
Trd, 000230.267, 180
Trd, 000230.533, 181
Trd, 000230.933, 180
Trd, 000231.350, 181
Trd, 000231.767, 177
Trd, 000232.650, 184
Trd, 000232.867, 177
Trd, 000232.883, 176
Trd, 000233.500, 181
Trd, 000235.117, 177
Trd, 000235.383, 180
Trd, 000235.883, 176
Trd, 000235.917, 175
Trd, 000236.467, 176
Trd, 000236.617, 175
Trd, 000238.350, 174
Trd, 000238.383, 175
Trd, 000238.483, 174
Trd, 000239.017, 174
Trd, 000239.200, 175
Trd, 000239.233, 178
Trd, 000239.467, 172
Trd, 000240.683, 172
Trd, 000241.267, 171
Trd, 000241.300, 172
Trd, 000241.950, 166
Trd, 000242.017, 175
Trd, 000243.200, 164
Trd, 000243.600, 166
Trd, 000244.650, 166
Trd, 000244.883, 165
Trd, 000244.967, 167
Trd, 000245.550, 165
Trd, 000245.883, 166
Trd, 000245.967, 163
Trd, 000246.100, 167
Trd, 000246.450, 172
Trd, 000247.050, 164
Trd, 000247.600, 172
Trd, 000248.200, 171
Trd, 000248.283, 169
Trd, 000248.533, 172
Trd, 000248.550, 169
Trd, 000249.317, 172
Trd, 000249.467, 168
Trd, 000250.750, 171
Trd, 000251.400, 173
Trd, 000251.517, 172
Trd, 000252.017, 172
Trd, 000252.567, 171
Trd, 000252.783, 170
Trd, 000253.083, 170
Trd, 000253.167, 176
Trd, 000253.433, 170
Trd, 000254.050, 172
Trd, 000254.683, 170
Trd, 000255.350, 173
Trd, 000256.283, 172
Trd, 000256.617, 170
Trd, 000256.817, 170
Trd, 000257.083, 172
Trd, 000257.167, 173
Trd, 000257.767, 174
Trd, 000258.017, 169
Trd, 000258.517, 172
Trd, 000259.250, 174
Trd, 000260.100, 174
Trd, 000260.450, 173
Trd, 000261.133, 175
Trd, 000261.583, 176
Trd, 000261.967, 174
Trd, 000262.133, 176
Trd, 000263.183, 174
Trd, 000263.367, 174
Trd, 000263.500, 181
Trd, 000264.567, 178
Trd, 000264.783, 174
Trd, 000264.967, 175
Trd, 000265.733, 176
Trd, 000266.033, 175
Trd, 000266.717, 177
Trd, 000267.350, 172
Trd, 000267.750, 174
Trd, 000268.233, 172
Trd, 000268.617, 176
Trd, 000268.800, 180
Trd, 000269.067, 173
Trd, 000269.467, 172
Trd, 000270.900, 172
Trd, 000271.217, 167
Trd, 000271.933, 170
Trd, 000272.083, 169
Trd, 000272.100, 168
Trd, 000272.950, 167
Trd, 000273.067, 169
Trd, 000274.017, 171
Trd, 000274.250, 166
Trd, 000274.850, 166
Trd, 000275.250, 167
Trd, 000275.333, 168
Trd, 000275.850, 166
Trd, 000276.050, 167
Trd, 000276.100, 165
Trd, 000276.400, 166
Trd, 000276.483, 166
Trd, 000277.550, 175
Trd, 000277.617, 177
Trd, 000277.850, 171
Trd, 000278.250, 169
Trd, 000279.000, 168
Trd, 000279.300, 169
Trd, 000280.217, 175
Trd, 000280.417, 179
Trd, 000281.050, 175
Trd, 000281.067, 174
Trd, 000281.117, 174
Trd, 000281.250, 174
Trd, 000281.867, 174
Trd, 000281.900, 183
Trd, 000282.150, 186
Trd, 000282.833, 172
Trd, 000283.167, 178
Trd, 000284.650, 176
Trd, 000284.983, 174
Trd, 000285.000, 173
Trd, 000285.033, 175
Trd, 000285.650, 173
Trd, 000285.833, 172
Trd, 000285.883, 174
Trd, 000286.067, 171
Trd, 000287.067, 163
Trd, 000287.950, 178
Trd, 000288.750, 179
Trd, 000288.850, 187
Trd, 000289.450, 189
Trd, 000289.467, 180
Trd, 000289.717, 181
Trd, 000290.750, 184
Trd, 000290.833, 181
Trd, 000291.067, 183
Trd, 000291.967, 179
Trd, 000292.517, 179
Trd, 000293.050, 180
Trd, 000293.900, 178
Trd, 000294.017, 177
Trd, 000294.183, 175
Trd, 000294.233, 173
Trd, 000294.417, 177
Trd, 000295.017, 175
Trd, 000295.517, 173
Trd, 000295.533, 172
Trd, 000295.617, 172
Trd, 000295.933, 172
Trd, 000295.950, 173
Trd, 000296.183, 174
Trd, 000296.917, 174
Trd, 000297.917, 171
Trd, 000299.200, 179
Trd, 000299.333, 172
Trd, 000299.433, 181
Trd, 000299.983, 170
