Trd, 000001.550, 116
Trd, 000001.867, 117
Trd, 000002.617, 155
Trd, 000003.700, 158
Trd, 000004.283, 141
Trd, 000004.317, 137
Trd, 000004.433, 134
Trd, 000004.833, 156
Trd, 000005.467, 158
Trd, 000005.567, 144
Trd, 000006.000, 146
Trd, 000006.750, 171
Trd, 000007.217, 156
Trd, 000007.350, 163
Trd, 000007.533, 152
Trd, 000007.933, 161
Trd, 000007.950, 153
Trd, 000008.983, 165
Trd, 000009.950, 162
Trd, 000010.667, 158
Trd, 000010.717, 151
Trd, 000012.100, 160
Trd, 000012.567, 159
Trd, 000013.650, 159
Trd, 000014.100, 170
Trd, 000014.150, 166
Trd, 000015.400, 158
Trd, 000015.950, 160
Trd, 000016.283, 164
Trd, 000017.000, 160
Trd, 000017.367, 161
Trd, 000017.383, 153
Trd, 000018.017, 161
Trd, 000018.617, 151
Trd, 000019.067, 161
Trd, 000019.217, 161
Trd, 000019.367, 148
Trd, 000020.350, 163
Trd, 000020.650, 159
Trd, 000021.850, 159
Trd, 000022.400, 160
Trd, 000023.600, 159
Trd, 000024.883, 157
Trd, 000025.033, 158
Trd, 000025.150, 160
Trd, 000025.617, 160
Trd, 000026.133, 158
Trd, 000026.283, 160
Trd, 000026.750, 173
Trd, 000028.283, 161
Trd, 000028.533, 163
Trd, 000028.950, 163
Trd, 000029.100, 158
Trd, 000030.083, 161
Trd, 000030.167, 162
Trd, 000030.600, 159
Trd, 000031.467, 160
Trd, 000033.117, 165
Trd, 000033.233, 175
Trd, 000033.700, 160
Trd, 000034.000, 158
Trd, 000034.683, 164
Trd, 000035.050, 161
Trd, 000035.383, 158
Trd, 000037.300, 165
Trd, 000037.817, 162
Trd, 000037.933, 150
Trd, 000038.500, 153
Trd, 000038.750, 161
Trd, 000038.817, 162
Trd, 000039.467, 158
Trd, 000040.100, 159
Trd, 000040.983, 160
Trd, 000041.017, 159
Trd, 000041.900, 161
Trd, 000042.783, 162
Trd, 000042.850, 162
Trd, 000043.167, 175
Trd, 000043.600, 161
Trd, 000044.367, 163
Trd, 000044.533, 162
Trd, 000044.750, 164
Trd, 000046.967, 153
Trd, 000048.450, 164
Trd, 000048.917, 161
Trd, 000049.517, 155
Trd, 000050.317, 155
Trd, 000050.517, 156
Trd, 000051.317, 156
Trd, 000051.417, 164
Trd, 000051.633, 177
Trd, 000051.817, 154
Trd, 000053.133, 152
Trd, 000053.200, 164
Trd, 000053.933, 151
Trd, 000054.000, 160
Trd, 000055.800, 158
Trd, 000056.233, 159
Trd, 000056.367, 160
Trd, 000057.000, 158
Trd, 000057.217, 158
Trd, 000057.533, 161
Trd, 000057.567, 163
Trd, 000057.833, 156
Trd, 000058.267, 161
Trd, 000058.967, 174
Trd, 000060.583, 164
Trd, 000060.750, 172
Trd, 000061.667, 164
Trd, 000061.950, 165
Trd, 000062.567, 154
Trd, 000063.350, 156
Trd, 000063.750, 153
Trd, 000063.800, 152
Trd, 000063.983, 157
Trd, 000064.400, 158
Trd, 000065.450, 157
Trd, 000065.500, 150
Trd, 000065.650, 158
Trd, 000066.100, 166
Trd, 000066.417, 170
Trd, 000067.350, 171
Trd, 000068.183, 174
Trd, 000068.783, 162
Trd, 000069.300, 178
Trd, 000069.883, 163
Trd, 000070.317, 178
Trd, 000070.450, 165
Trd, 000070.800, 164
Trd, 000071.400, 171
Trd, 000071.683, 165
Trd, 000072.317, 172
Trd, 000072.567, 172
Trd, 000073.717, 166
Trd, 000074.317, 171
Trd, 000074.617, 169
Trd, 000076.183, 167
Trd, 000076.733, 165
Trd, 000076.800, 163
Trd, 000078.233, 163
Trd, 000078.867, 158
Trd, 000079.167, 162
Trd, 000079.300, 163
Trd, 000079.450, 166
Trd, 000080.150, 166
Trd, 000081.333, 180
Trd, 000081.650, 167
Trd, 000082.417, 180
Trd, 000083.467, 168
Trd, 000083.583, 187
Trd, 000084.083, 167
Trd, 000086.067, 173
Trd, 000086.383, 170
Trd, 000087.333, 170
Trd, 000087.617, 169
Trd, 000088.317, 157
Trd, 000088.783, 159
Trd, 000089.200, 183
Trd, 000089.300, 188
Trd, 000089.983, 155
Trd, 000090.083, 152
Trd, 000090.467, 159
Trd, 000090.517, 160
Trd, 000090.683, 162
Trd, 000092.333, 164
Trd, 000092.450, 165
Trd, 000093.017, 163
Trd, 000093.633, 157
Trd, 000093.933, 156
Trd, 000094.983, 158
Trd, 000095.217, 161
Trd, 000095.650, 151
Trd, 000096.350, 159
Trd, 000096.567, 154
Trd, 000098.250, 158
Trd, 000098.483, 161
Trd, 000098.533, 168
Trd, 000099.317, 162
Trd, 000101.017, 173
Trd, 000101.383, 171
Trd, 000101.983, 168
Trd, 000102.933, 164
Trd, 000103.650, 164
Trd, 000103.817, 163
Trd, 000103.867, 162
Trd, 000103.983, 164
Trd, 000104.533, 165
Trd, 000105.450, 154
Trd, 000105.617, 167
Trd, 000105.783, 151
Trd, 000107.800, 168
Trd, 000108.417, 168
Trd, 000108.667, 166
Trd, 000109.067, 162
Trd, 000110.300, 169
Trd, 000110.417, 164
Trd, 000111.967, 167
Trd, 000112.417, 168
Trd, 000112.800, 167
Trd, 000112.900, 163
Trd, 000113.250, 165
Trd, 000113.900, 162
Trd, 000114.000, 166
Trd, 000114.400, 180
Trd, 000114.567, 169
Trd, 000116.133, 167
Trd, 000116.283, 162
Trd, 000116.500, 165
Trd, 000116.817, 165
Trd, 000117.183, 166
Trd, 000117.850, 184
Trd, 000118.117, 167
Trd, 000118.900, 165
Trd, 000118.950, 163
Trd, 000119.583, 161
Trd, 000121.383, 163
Trd, 000121.800, 164
Trd, 000122.367, 165
Trd, 000122.783, 165
Trd, 000123.050, 167
Trd, 000123.367, 170
Trd, 000123.417, 191
Trd, 000123.917, 205
Trd, 000124.000, 208
Trd, 000124.400, 238
Trd, 000124.567, 245
Trd, 000125.067, 314
Trd, 000125.367, 317.0
Trd, 000125.467, 327.0
Trd, 000126.183, 330.0
Trd, 000126.767, 329.0
Trd, 000126.967, 337.0
Trd, 000127.533, 326.0
Trd, 000128.000, 324.0
Trd, 000128.300, 325.0
Trd, 000129.100, 327.0
Trd, 000129.317, 331.0
Trd, 000129.700, 337.0
Trd, 000129.850, 351.0
Trd, 000130.367, 344
Trd, 000130.533, 349
Trd, 000130.883, 358
Trd, 000134.050, 359.0
Trd, 000134.400, 359
Trd, 000134.483, 358.0
Trd, 000134.667, 356.0
Trd, 000135.017, 355.0
Trd, 000135.817, 352
Trd, 000136.267, 351
Trd, 000137.783, 350
Trd, 000138.783, 350
Trd, 000139.583, 344.0
Trd, 000139.650, 351.0
Trd, 000139.900, 351
Trd, 000139.917, 353
Trd, 000140.533, 346
Trd, 000141.350, 359
Trd, 000142.750, 349
Trd, 000143.183, 349.0
Trd, 000143.500, 351.0
Trd, 000144.717, 352
Trd, 000144.850, 346
Trd, 000145.850, 345.0
Trd, 000146.017, 356
Trd, 000146.350, 355.0
Trd, 000148.683, 350
Trd, 000149.067, 355
Trd, 000149.600, 351.0
Trd, 000149.867, 355.0
Trd, 000149.983, 349
Trd, 000151.317, 350
Trd, 000151.500, 351
Trd, 000151.917, 350
Trd, 000152.583, 346
Trd, 000152.833, 349
Trd, 000153.700, 351
Trd, 000153.733, 346
Trd, 000154.083, 351.0
Trd, 000155.100, 354
Trd, 000156.883, 351
Trd, 000157.117, 353
Trd, 000157.533, 354
Trd, 000157.617, 351
Trd, 000158.367, 355
Trd, 000159.350, 351.0
Trd, 000160.150, 350
Trd, 000160.200, 348
Trd, 000160.950, 349
Trd, 000161.450, 349
Trd, 000162.117, 344
Trd, 000162.217, 348
Trd, 000162.950, 344.0
Trd, 000163.250, 343
Trd, 000164.267, 341.0
Trd, 000164.383, 349
Trd, 000164.833, 349
Trd, 000166.167, 354
Trd, 000166.717, 355
Trd, 000167.217, 352
Trd, 000167.267, 357
Trd, 000167.700, 351.0
Trd, 000168.917, 350
Trd, 000169.083, 358
Trd, 000170.550, 357.0
Trd, 000170.900, 359
Trd, 000171.050, 360
Trd, 000172.233, 355.0
Trd, 000172.250, 357
Trd, 000172.567, 352
Trd, 000172.750, 350
Trd, 000173.217, 346
Trd, 000173.233, 356
Trd, 000173.667, 361
Trd, 000174.300, 353
Trd, 000177.183, 357
Trd, 000177.817, 355.0
Trd, 000179.500, 350.0
Trd, 000179.650, 344.0
Trd, 000179.817, 350.0
Trd, 000179.900, 351.0
Trd, 000180.950, 345
Trd, 000182.033, 341
Trd, 000182.317, 341
Trd, 000182.817, 340
Trd, 000183.467, 337.0
Trd, 000183.800, 334.0
Trd, 000184.450, 330
Trd, 000184.900, 324.0
Trd, 000185.367, 186
Trd, 000186.067, 189
Trd, 000186.517, 187
Trd, 000187.017, 187
Trd, 000187.167, 179
Trd, 000188.383, 183
Trd, 000189.033, 177
Trd, 000189.367, 184
Trd, 000189.833, 174
Trd, 000190.100, 169
Trd, 000191.117, 179
Trd, 000191.933, 177
Trd, 000191.950, 179
Trd, 000193.300, 178
Trd, 000194.417, 174
Trd, 000194.883, 169
Trd, 000195.200, 177
Trd, 000195.333, 177
Trd, 000195.683, 169
Trd, 000195.867, 177
Trd, 000195.983, 166
Trd, 000197.017, 177
Trd, 000197.117, 173
Trd, 000197.917, 179
Trd, 000198.883, 183
Trd, 000198.983, 175
Trd, 000200.317, 182
Trd, 000200.600, 179
Trd, 000201.117, 178
Trd, 000201.633, 178
Trd, 000203.050, 178
Trd, 000203.517, 172
Trd, 000203.767, 179
Trd, 000204.417, 175
Trd, 000204.633, 179
Trd, 000206.117, 178
Trd, 000206.267, 179
Trd, 000206.517, 178
Trd, 000206.667, 172
Trd, 000206.867, 170
Trd, 000206.983, 164
Trd, 000207.633, 171
Trd, 000207.700, 176
Trd, 000208.167, 176
Trd, 000209.450, 182
Trd, 000209.917, 180
Trd, 000210.267, 180
Trd, 000210.550, 180
Trd, 000211.733, 178
Trd, 000211.833, 178
Trd, 000213.533, 172
Trd, 000213.883, 172
Trd, 000213.967, 171
Trd, 000213.983, 179
Trd, 000214.050, 172
Trd, 000215.717, 177
Trd, 000216.333, 177
Trd, 000216.467, 172
Trd, 000216.517, 168
Trd, 000216.800, 178
Trd, 000217.733, 180
Trd, 000218.950, 158
Trd, 000219.150, 159
Trd, 000219.450, 157
Trd, 000220.050, 175
Trd, 000221.217, 171
Trd, 000221.800, 169
Trd, 000222.233, 170
Trd, 000222.517, 173
Trd, 000222.633, 180
Trd, 000224.267, 169
Trd, 000224.383, 170
Trd, 000224.683, 172
Trd, 000225.167, 168
Trd, 000225.633, 185
Trd, 000225.733, 180
Trd, 000225.950, 178
Trd, 000226.567, 177
Trd, 000226.633, 169
Trd, 000228.083, 175
Trd, 000228.633, 176
Trd, 000228.733, 181
Trd, 000229.450, 179
Trd, 000230.217, 181
Trd, 000231.067, 182
Trd, 000231.150, 195
Trd, 000231.667, 183
Trd, 000231.783, 182
Trd, 000232.617, 181
Trd, 000233.283, 182
Trd, 000234.217, 181
Trd, 000235.067, 178
Trd, 000235.483, 178
Trd, 000235.517, 171
Trd, 000236.150, 173
Trd, 000236.683, 175
Trd, 000236.800, 177
Trd, 000238.250, 173
Trd, 000238.850, 178
Trd, 000239.133, 178
Trd, 000239.233, 176
Trd, 000240.117, 175
Trd, 000240.717, 174
Trd, 000241.217, 173
Trd, 000241.517, 171
Trd, 000242.117, 172
Trd, 000242.967, 175
Trd, 000243.200, 175
Trd, 000243.883, 174
Trd, 000243.967, 176
Trd, 000244.000, 176
Trd, 000244.633, 175
Trd, 000245.267, 170
Trd, 000245.617, 173
Trd, 000245.750, 170
Trd, 000246.167, 174
Trd, 000246.283, 169
Trd, 000246.550, 176
Trd, 000247.267, 174
Trd, 000247.350, 179
Trd, 000247.550, 174
Trd, 000248.100, 173
Trd, 000248.600, 174
Trd, 000248.733, 175
Trd, 000249.067, 171
Trd, 000249.250, 170
Trd, 000249.883, 167
Trd, 000250.067, 168
Trd, 000250.100, 173
Trd, 000250.217, 173
Trd, 000250.733, 166
Trd, 000251.267, 169
Trd, 000252.167, 171
Trd, 000253.033, 170
Trd, 000253.317, 172
Trd, 000253.350, 176
Trd, 000253.450, 169
Trd, 000253.867, 180
Trd, 000254.333, 173
Trd, 000254.517, 170
Trd, 000254.750, 177
Trd, 000254.900, 168
Trd, 000255.517, 176
Trd, 000257.250, 176
Trd, 000257.317, 175
Trd, 000257.783, 174
Trd, 000258.783, 176
Trd, 000259.250, 176
Trd, 000259.550, 175
Trd, 000259.683, 173
Trd, 000260.033, 177
Trd, 000260.300, 178
Trd, 000260.550, 178
Trd, 000261.050, 173
Trd, 000261.367, 174
Trd, 000261.500, 175
Trd, 000261.617, 176
Trd, 000262.300, 177
Trd, 000262.400, 172
Trd, 000263.600, 175
Trd, 000263.933, 172
Trd, 000264.850, 181
Trd, 000265.550, 180
Trd, 000266.317, 173
Trd, 000266.700, 178
Trd, 000266.933, 176
Trd, 000267.183, 176
Trd, 000267.417, 173
Trd, 000267.617, 178
Trd, 000268.567, 171
Trd, 000268.733, 177
Trd, 000269.050, 177
Trd, 000269.200, 172
Trd, 000269.317, 176
Trd, 000270.350, 176
Trd, 000270.417, 177
Trd, 000270.917, 177
Trd, 000270.983, 176
Trd, 000271.917, 178
Trd, 000271.967, 174
Trd, 000272.500, 172
Trd, 000272.783, 178
Trd, 000273.217, 178
Trd, 000273.700, 180
Trd, 000274.200, 181
Trd, 000274.550, 178
Trd, 000274.917, 182
Trd, 000275.600, 180
Trd, 000276.900, 180
Trd, 000277.550, 178
Trd, 000277.567, 181
Trd, 000278.083, 176
Trd, 000278.233, 181
Trd, 000278.300, 174
Trd, 000278.650, 171
Trd, 000279.283, 169
Trd, 000279.783, 169
Trd, 000279.883, 176
Trd, 000280.150, 183
Trd, 000280.917, 203
Trd, 000281.450, 186
Trd, 000281.533, 180
Trd, 000282.150, 202
Trd, 000282.250, 198
Trd, 000282.617, 185
Trd, 000283.667, 180
Trd, 000283.783, 186
Trd, 000283.867, 178
Trd, 000284.117, 186
Trd, 000284.350, 183
Trd, 000284.417, 179
Trd, 000284.617, 186
Trd, 000284.717, 177
Trd, 000284.917, 179
Trd, 000285.550, 173
Trd, 000285.850, 183
Trd, 000286.300, 184
Trd, 000287.000, 173
Trd, 000287.583, 182
Trd, 000287.900, 178
Trd, 000288.167, 174
Trd, 000288.200, 181
Trd, 000289.200, 184
Trd, 000289.300, 175
Trd, 000289.833, 177
Trd, 000289.983, 184
Trd, 000290.183, 183
Trd, 000290.433, 175
Trd, 000290.750, 185
Trd, 000290.883, 173
Trd, 000291.950, 170
Trd, 000292.100, 180
Trd, 000292.667, 181
Trd, 000292.883, 167
Trd, 000293.267, 179
Trd, 000293.383, 168
Trd, 000293.833, 176
Trd, 000293.933, 179
Trd, 000294.917, 179
Trd, 000295.400, 171
Trd, 000295.500, 178
Trd, 000295.517, 185
Trd, 000295.933, 172
Trd, 000296.600, 173
Trd, 000296.633, 184
Trd, 000296.700, 188
Trd, 000297.133, 204
Trd, 000297.650, 200
Trd, 000297.800, 193
Trd, 000298.667, 201
Trd, 000299.300, 202
Trd, 000299.433, 189
Trd, 000299.967, 186
Trd, 000299.983, 185
