Trd, 000001.167, 137
Trd, 000002.750, 125
Trd, 000003.450, 144
Trd, 000004.067, 136
Trd, 000004.183, 135
Trd, 000004.417, 148
Trd, 000004.833, 148
Trd, 000004.850, 147
Trd, 000004.867, 151
Trd, 000005.583, 146
Trd, 000005.833, 154
Trd, 000006.367, 153
Trd, 000006.950, 153
Trd, 000009.467, 153
Trd, 000010.150, 153
Trd, 000010.617, 150
Trd, 000010.700, 148
Trd, 000012.000, 153
Trd, 000012.383, 151
Trd, 000012.500, 150
Trd, 000012.600, 148
Trd, 000013.817, 150
Trd, 000015.067, 153
Trd, 000015.233, 153
Trd, 000016.467, 153
Trd, 000016.967, 153
Trd, 000017.217, 152
Trd, 000017.633, 153
Trd, 000017.917, 153
Trd, 000018.467, 157
Trd, 000018.500, 152
Trd, 000019.800, 157
Trd, 000019.967, 154
Trd, 000020.283, 153
Trd, 000020.567, 151
Trd, 000020.867, 151
Trd, 000022.483, 151
Trd, 000022.800, 150
Trd, 000023.267, 150
Trd, 000023.567, 151
Trd, 000023.750, 150
Trd, 000024.467, 151
Trd, 000025.867, 150
Trd, 000026.033, 149
Trd, 000026.450, 149
Trd, 000026.500, 146
Trd, 000028.117, 150
Trd, 000028.483, 153
Trd, 000029.450, 151
Trd, 000029.617, 150
Trd, 000030.350, 151
Trd, 000030.867, 150
Trd, 000031.250, 152
Trd, 000031.483, 151
Trd, 000031.733, 148
Trd, 000032.067, 158
Trd, 000032.933, 153
Trd, 000033.800, 152
Trd, 000034.583, 155
Trd, 000034.900, 153
Trd, 000036.450, 152
Trd, 000036.533, 154
Trd, 000036.817, 155
Trd, 000037.333, 156
Trd, 000038.783, 156
Trd, 000039.733, 157
Trd, 000040.267, 156
Trd, 000040.383, 169
Trd, 000040.433, 156
Trd, 000040.517, 155
Trd, 000040.783, 164
Trd, 000041.333, 153
Trd, 000042.017, 159
Trd, 000042.550, 159
Trd, 000042.600, 151
Trd, 000043.317, 150
Trd, 000043.383, 161
Trd, 000043.583, 150
Trd, 000043.617, 167
Trd, 000045.883, 150
Trd, 000046.150, 151
Trd, 000046.217, 152
Trd, 000048.583, 152
Trd, 000049.483, 153
Trd, 000049.633, 156
Trd, 000050.983, 153
Trd, 000051.100, 153
Trd, 000051.167, 153
Trd, 000051.367, 156
Trd, 000052.200, 154
Trd, 000053.417, 169
Trd, 000053.917, 160
Trd, 000053.933, 159
Trd, 000054.450, 160
Trd, 000054.650, 158
Trd, 000054.767, 155
Trd, 000054.800, 152
Trd, 000055.317, 156
Trd, 000055.933, 150
Trd, 000056.083, 156
Trd, 000056.750, 155
Trd, 000057.133, 150
Trd, 000058.717, 151
Trd, 000058.817, 151
Trd, 000059.383, 154
Trd, 000059.717, 154
Trd, 000059.900, 152
Trd, 000060.967, 155
Trd, 000061.067, 157
Trd, 000061.200, 156
Trd, 000062.100, 159
Trd, 000062.683, 154
Trd, 000062.867, 156
Trd, 000062.917, 154
Trd, 000063.317, 161
Trd, 000063.900, 157
Trd, 000065.050, 152
Trd, 000065.400, 152
Trd, 000065.733, 156
Trd, 000066.933, 153
Trd, 000067.267, 153
Trd, 000067.433, 155
Trd, 000067.583, 153
Trd, 000067.783, 151
Trd, 000067.967, 157
Trd, 000068.500, 156
Trd, 000069.017, 153
Trd, 000069.967, 153
Trd, 000070.800, 155
Trd, 000070.833, 156
Trd, 000071.467, 158
Trd, 000072.850, 158
Trd, 000072.883, 158
Trd, 000072.933, 170
Trd, 000074.783, 159
Trd, 000075.033, 158
Trd, 000075.317, 157
Trd, 000076.317, 161
Trd, 000076.617, 161
Trd, 000077.717, 157
Trd, 000078.383, 151
Trd, 000078.433, 159
Trd, 000079.250, 155
Trd, 000079.717, 158
Trd, 000080.150, 159
Trd, 000081.167, 158
Trd, 000081.783, 161
Trd, 000083.033, 173
Trd, 000083.183, 165
Trd, 000083.700, 167
Trd, 000083.833, 167
Trd, 000084.483, 167
Trd, 000084.700, 168
Trd, 000084.783, 166
Trd, 000085.367, 166
Trd, 000086.033, 164
Trd, 000086.617, 173
Trd, 000087.217, 171
Trd, 000087.917, 169
Trd, 000088.550, 173
Trd, 000088.900, 171
Trd, 000089.667, 173
Trd, 000089.917, 170
Trd, 000091.433, 161
Trd, 000091.467, 160
Trd, 000091.800, 159
Trd, 000092.417, 160
Trd, 000093.317, 157
Trd, 000093.350, 159
Trd, 000093.517, 155
Trd, 000094.600, 159
Trd, 000095.183, 159
Trd, 000095.867, 158
Trd, 000096.933, 158
Trd, 000097.483, 158
Trd, 000097.700, 158
Trd, 000098.367, 156
Trd, 000098.500, 160
Trd, 000098.667, 161
Trd, 000099.817, 159
Trd, 000101.683, 160
Trd, 000101.917, 159
Trd, 000102.083, 159
Trd, 000103.233, 159
Trd, 000103.800, 160
Trd, 000104.000, 161
Trd, 000104.167, 159
Trd, 000104.350, 163
Trd, 000104.467, 158
Trd, 000105.867, 164
Trd, 000107.100, 160
Trd, 000108.533, 161
Trd, 000109.000, 164
Trd, 000109.150, 159
Trd, 000109.583, 161
Trd, 000109.783, 161
Trd, 000110.500, 161
Trd, 000111.083, 162
Trd, 000111.467, 163
Trd, 000112.917, 162
Trd, 000112.933, 159
Trd, 000113.533, 160
Trd, 000113.550, 161
Trd, 000113.583, 160
Trd, 000113.800, 155
Trd, 000114.167, 160
Trd, 000115.533, 157
Trd, 000115.717, 157
Trd, 000115.833, 157
Trd, 000117.117, 161
Trd, 000117.250, 158
Trd, 000117.833, 159
Trd, 000118.900, 159
Trd, 000118.967, 158
Trd, 000119.167, 160
Trd, 000120.850, 158
Trd, 000121.100, 161
Trd, 000121.567, 159
Trd, 000122.017, 163
Trd, 000122.133, 167
Trd, 000123.117, 167
Trd, 000123.167, 180
Trd, 000123.533, 191
Trd, 000124.150, 194
Trd, 000124.550, 243
Trd, 000124.733, 310.0
Trd, 000124.767, 311
Trd, 000124.900, 334.0
Trd, 000126.350, 348.0
Trd, 000126.833, 365.0
Trd, 000126.967, 355.0
Trd, 000127.300, 344
Trd, 000128.050, 333
Trd, 000130.167, 335
Trd, 000130.417, 337.0
Trd, 000130.683, 338
Trd, 000131.683, 347
Trd, 000132.000, 338
Trd, 000132.250, 337
Trd, 000133.517, 342
Trd, 000133.683, 340
Trd, 000133.833, 344
Trd, 000134.350, 348
Trd, 000134.800, 345
Trd, 000134.883, 343
Trd, 000137.400, 347
Trd, 000138.450, 348
Trd, 000138.567, 344
Trd, 000140.500, 346.0
Trd, 000140.567, 347
Trd, 000141.783, 345.0
Trd, 000142.467, 345.0
Trd, 000142.883, 344.0
Trd, 000142.933, 345
Trd, 000143.800, 347
Trd, 000144.567, 346
Trd, 000144.750, 347
Trd, 000144.917, 348.0
Trd, 000145.550, 349
Trd, 000145.917, 350.0
Trd, 000147.133, 349
Trd, 000147.750, 348.0
Trd, 000148.200, 347
Trd, 000148.767, 345
Trd, 000149.167, 344.0
Trd, 000150.100, 349
Trd, 000151.217, 348
Trd, 000152.000, 347
Trd, 000153.600, 350
Trd, 000153.683, 347
Trd, 000154.267, 349
Trd, 000154.600, 347
Trd, 000155.400, 345
Trd, 000156.417, 347.0
Trd, 000156.467, 348.0
Trd, 000156.900, 351.0
Trd, 000158.100, 348
Trd, 000158.767, 348
Trd, 000158.867, 349
Trd, 000158.900, 350
Trd, 000159.100, 346
Trd, 000159.217, 345
Trd, 000159.317, 344
Trd, 000161.500, 352
Trd, 000161.567, 349.0
Trd, 000162.533, 353
Trd, 000162.617, 351
Trd, 000163.167, 354
Trd, 000163.383, 350
Trd, 000163.633, 347
Trd, 000163.833, 354.0
Trd, 000164.317, 347
Trd, 000164.433, 344.0
Trd, 000167.267, 348.0
Trd, 000168.517, 348
Trd, 000168.617, 351.0
Trd, 000168.683, 346
Trd, 000168.933, 344.0
Trd, 000169.417, 343
Trd, 000171.533, 347
Trd, 000171.867, 345.0
Trd, 000172.050, 346
Trd, 000173.317, 345
Trd, 000173.917, 346.0
Trd, 000174.267, 345
Trd, 000174.633, 344.0
Trd, 000175.333, 344
Trd, 000176.217, 348.0
Trd, 000176.633, 351.0
Trd, 000177.333, 350
Trd, 000178.633, 349
Trd, 000179.083, 350
Trd, 000180.333, 345
Trd, 000180.850, 346
Trd, 000181.433, 346
Trd, 000181.650, 345
Trd, 000181.867, 342
Trd, 000182.017, 319
Trd, 000182.717, 334.0
Trd, 000182.983, 344
Trd, 000183.783, 218
Trd, 000184.083, 214
Trd, 000184.183, 182
Trd, 000184.483, 328
Trd, 000184.700, 181
Trd, 000184.933, 328
Trd, 000184.950, 176
Trd, 000185.217, 170
Trd, 000185.333, 167
Trd, 000185.467, 183
Trd, 000186.217, 163
Trd, 000186.650, 152
Trd, 000186.933, 173
Trd, 000187.867, 155
Trd, 000189.033, 161
Trd, 000189.583, 168
Trd, 000189.833, 168
Trd, 000191.283, 168
Trd, 000192.050, 167
Trd, 000192.133, 163
Trd, 000192.517, 171
Trd, 000193.517, 166
Trd, 000194.417, 168
Trd, 000196.183, 168
Trd, 000196.217, 169
Trd, 000196.367, 168
Trd, 000196.783, 170
Trd, 000197.917, 170
Trd, 000198.083, 171
Trd, 000198.433, 171
Trd, 000198.767, 170
Trd, 000198.900, 169
Trd, 000199.783, 171
Trd, 000200.450, 169
Trd, 000201.383, 169
Trd, 000201.833, 169
Trd, 000202.483, 170
Trd, 000203.150, 167
Trd, 000204.200, 171
Trd, 000204.533, 168
Trd, 000205.783, 172
Trd, 000205.833, 173
Trd, 000206.300, 174
Trd, 000207.500, 173
Trd, 000207.567, 175
Trd, 000207.700, 176
Trd, 000207.950, 173
Trd, 000209.167, 170
Trd, 000209.483, 174
Trd, 000210.067, 171
Trd, 000210.517, 172
Trd, 000211.217, 172
Trd, 000211.333, 173
Trd, 000211.367, 172
Trd, 000211.767, 171
Trd, 000212.500, 169
Trd, 000212.950, 169
Trd, 000212.967, 168
Trd, 000213.483, 168
Trd, 000213.500, 169
Trd, 000213.900, 186
Trd, 000214.650, 174
Trd, 000217.183, 176
Trd, 000217.950, 174
Trd, 000218.350, 176
Trd, 000218.867, 174
Trd, 000221.683, 178
Trd, 000221.700, 177
Trd, 000221.750, 177
Trd, 000222.100, 177
Trd, 000222.650, 176
Trd, 000222.867, 175
Trd, 000222.900, 174
Trd, 000223.017, 174
Trd, 000223.350, 176
Trd, 000223.400, 173
Trd, 000224.367, 177
Trd, 000226.600, 175
Trd, 000226.833, 177
Trd, 000227.650, 179
Trd, 000228.100, 180
Trd, 000229.433, 181
Trd, 000230.167, 175
Trd, 000231.267, 176
Trd, 000231.650, 177
Trd, 000231.700, 176
Trd, 000232.383, 175
Trd, 000232.583, 175
Trd, 000233.017, 167
Trd, 000233.800, 170
Trd, 000234.217, 170
Trd, 000234.300, 169
Trd, 000234.567, 168
Trd, 000235.750, 169
Trd, 000236.533, 171
Trd, 000236.883, 168
Trd, 000236.967, 174
Trd, 000238.817, 171
Trd, 000239.250, 170
Trd, 000239.883, 170
Trd, 000240.217, 165
Trd, 000240.683, 167
Trd, 000240.817, 165
Trd, 000240.917, 171
Trd, 000241.567, 171
Trd, 000241.933, 168
Trd, 000242.717, 165
Trd, 000242.733, 166
Trd, 000243.267, 167
Trd, 000244.067, 167
Trd, 000244.583, 166
Trd, 000244.767, 169
Trd, 000244.883, 170
Trd, 000245.750, 167
Trd, 000245.967, 167
Trd, 000246.650, 172
Trd, 000246.850, 175
Trd, 000248.867, 170
Trd, 000249.283, 169
Trd, 000249.317, 170
Trd, 000249.917, 170
Trd, 000250.317, 171
Trd, 000250.600, 172
Trd, 000250.750, 170
Trd, 000250.817, 173
Trd, 000251.400, 170
Trd, 000251.450, 171
Trd, 000251.550, 170
Trd, 000252.517, 170
Trd, 000252.817, 169
Trd, 000253.333, 167
Trd, 000253.617, 162
Trd, 000254.183, 166
Trd, 000254.400, 165
Trd, 000254.817, 162
Trd, 000255.950, 163
Trd, 000256.567, 169
Trd, 000257.050, 174
Trd, 000257.500, 168
Trd, 000258.100, 176
Trd, 000258.283, 172
Trd, 000258.950, 172
Trd, 000259.333, 170
Trd, 000259.350, 174
Trd, 000259.633, 171
Trd, 000259.883, 174
Trd, 000259.950, 172
Trd, 000260.117, 177
Trd, 000260.517, 170
Trd, 000260.750, 186
Trd, 000261.800, 176
Trd, 000263.350, 180
Trd, 000263.650, 177
Trd, 000263.733, 174
Trd, 000264.267, 178
Trd, 000264.800, 172
Trd, 000264.817, 174
Trd, 000265.167, 172
Trd, 000266.467, 172
Trd, 000267.117, 172
Trd, 000267.600, 171
Trd, 000268.083, 171
Trd, 000268.117, 172
Trd, 000268.317, 171
Trd, 000269.733, 172
Trd, 000270.233, 174
Trd, 000270.383, 174
Trd, 000270.550, 175
Trd, 000270.600, 177
Trd, 000270.833, 178
Trd, 000270.983, 178
Trd, 000271.417, 172
Trd, 000273.250, 180
Trd, 000273.333, 180
Trd, 000273.517, 182
Trd, 000274.067, 178
Trd, 000274.500, 182
Trd, 000274.867, 181
Trd, 000274.983, 183
Trd, 000275.083, 180
Trd, 000275.450, 184
Trd, 000275.483, 180
Trd, 000275.717, 177
Trd, 000276.233, 176
Trd, 000277.683, 175
Trd, 000277.767, 174
Trd, 000278.133, 172
Trd, 000278.267, 174
Trd, 000278.600, 176
Trd, 000279.367, 173
Trd, 000280.450, 176
Trd, 000280.550, 172
Trd, 000281.517, 171
Trd, 000281.850, 171
Trd, 000281.900, 173
Trd, 000282.183, 168
Trd, 000282.650, 172
Trd, 000283.000, 173
Trd, 000283.533, 174
Trd, 000283.750, 174
Trd, 000284.333, 172
Trd, 000284.967, 173
Trd, 000285.900, 172
Trd, 000286.183, 172
Trd, 000286.467, 165
Trd, 000286.650, 176
Trd, 000288.083, 170
Trd, 000288.267, 181
Trd, 000288.767, 193
Trd, 000288.850, 183
Trd, 000289.200, 178
Trd, 000289.300, 184
Trd, 000289.533, 174
Trd, 000289.883, 176
Trd, 000290.283, 177
Trd, 000291.183, 178
Trd, 000291.450, 179
Trd, 000291.500, 175
Trd, 000291.633, 175
Trd, 000292.583, 177
Trd, 000292.967, 177
Trd, 000292.983, 174
Trd, 000293.733, 177
Trd, 000293.950, 174
Trd, 000294.450, 173
Trd, 000295.033, 175
Trd, 000295.117, 174
Trd, 000295.917, 174
Trd, 000296.167, 173
Trd, 000296.183, 173
Trd, 000298.167, 175
Trd, 000298.267, 175
Trd, 000298.567, 178
Trd, 000298.900, 180
Trd, 000298.983, 176
Trd, 000299.017, 173
Trd, 000299.250, 169
