Trd, 000002.983, 186
Trd, 000003.233, 167
Trd, 000004.300, 162
Trd, 000004.350, 185
Trd, 000004.433, 162
Trd, 000004.483, 161
Trd, 000004.833, 160
Trd, 000004.967, 154
Trd, 000004.983, 154
Trd, 000005.383, 156
Trd, 000006.450, 142
Trd, 000006.700, 153
Trd, 000007.300, 155
Trd, 000007.717, 157
Trd, 000007.900, 167
Trd, 000009.267, 158
Trd, 000009.517, 156
Trd, 000010.000, 157
Trd, 000010.083, 159
Trd, 000010.817, 160
Trd, 000011.500, 141
Trd, 000011.600, 141
Trd, 000012.850, 142
Trd, 000014.533, 146
Trd, 000014.567, 145
Trd, 000014.650, 140
Trd, 000014.700, 151
Trd, 000015.017, 152
Trd, 000016.217, 151
Trd, 000016.317, 151
Trd, 000016.750, 152
Trd, 000017.267, 153
Trd, 000017.317, 156
Trd, 000017.783, 152
Trd, 000018.067, 154
Trd, 000019.500, 154
Trd, 000019.600, 153
Trd, 000020.133, 155
Trd, 000020.983, 154
Trd, 000021.550, 155
Trd, 000021.733, 153
Trd, 000022.433, 156
Trd, 000022.933, 156
Trd, 000023.567, 158
Trd, 000023.883, 164
Trd, 000025.383, 158
Trd, 000026.067, 157
Trd, 000026.250, 156
Trd, 000026.333, 157
Trd, 000026.617, 151
Trd, 000027.733, 151
Trd, 000027.750, 157
Trd, 000027.933, 144
Trd, 000028.267, 166
Trd, 000029.117, 155
Trd, 000029.400, 155
Trd, 000030.883, 156
Trd, 000031.150, 155
Trd, 000031.500, 155
Trd, 000032.150, 157
Trd, 000033.567, 156
Trd, 000034.133, 156
Trd, 000034.483, 157
Trd, 000035.217, 158
Trd, 000035.250, 159
Trd, 000035.583, 154
Trd, 000036.417, 154
Trd, 000036.917, 158
Trd, 000037.083, 154
Trd, 000037.533, 153
Trd, 000037.667, 158
Trd, 000038.667, 157
Trd, 000039.067, 156
Trd, 000039.400, 159
Trd, 000039.533, 155
Trd, 000040.267, 160
Trd, 000040.467, 167
Trd, 000040.517, 158
Trd, 000041.250, 159
Trd, 000041.367, 160
Trd, 000043.633, 157
Trd, 000044.150, 156
Trd, 000044.233, 155
Trd, 000044.300, 159
Trd, 000044.317, 153
Trd, 000045.583, 156
Trd, 000046.267, 157
Trd, 000046.767, 157
Trd, 000046.917, 157
Trd, 000047.667, 157
Trd, 000047.883, 157
Trd, 000049.017, 157
Trd, 000049.317, 158
Trd, 000049.417, 156
Trd, 000049.783, 156
Trd, 000049.967, 158
Trd, 000050.167, 154
Trd, 000051.067, 162
Trd, 000051.283, 161
Trd, 000052.000, 161
Trd, 000052.367, 153
Trd, 000053.350, 159
Trd, 000053.933, 160
Trd, 000054.000, 161
Trd, 000054.967, 159
Trd, 000055.383, 158
Trd, 000055.650, 160
Trd, 000055.900, 160
Trd, 000056.050, 177
Trd, 000057.083, 159
Trd, 000057.133, 176
Trd, 000058.283, 171
Trd, 000058.350, 161
Trd, 000059.367, 164
Trd, 000060.100, 167
Trd, 000060.700, 165
Trd, 000061.717, 165
Trd, 000062.617, 167
Trd, 000062.717, 171
Trd, 000063.900, 167
Trd, 000064.050, 166
Trd, 000064.133, 164
Trd, 000064.900, 165
Trd, 000064.983, 166
Trd, 000065.583, 164
Trd, 000066.417, 163
Trd, 000067.100, 163
Trd, 000067.117, 161
Trd, 000067.883, 160
Trd, 000068.617, 159
Trd, 000068.950, 164
Trd, 000069.033, 166
Trd, 000070.117, 161
Trd, 000070.217, 162
Trd, 000070.433, 163
Trd, 000070.967, 162
Trd, 000071.033, 162
Trd, 000072.483, 167
Trd, 000072.983, 164
Trd, 000073.783, 162
Trd, 000074.667, 163
Trd, 000075.050, 162
Trd, 000075.883, 163
Trd, 000076.500, 161
Trd, 000076.600, 163
Trd, 000076.800, 164
Trd, 000077.583, 161
Trd, 000078.567, 164
Trd, 000079.883, 164
Trd, 000080.150, 162
Trd, 000080.250, 162
Trd, 000080.967, 162
Trd, 000081.250, 163
Trd, 000081.300, 163
Trd, 000081.500, 162
Trd, 000081.917, 163
Trd, 000081.933, 164
Trd, 000082.417, 162
Trd, 000082.567, 173
Trd, 000084.883, 165
Trd, 000085.600, 164
Trd, 000085.800, 165
Trd, 000085.933, 164
Trd, 000086.050, 161
Trd, 000086.150, 166
Trd, 000086.350, 160
Trd, 000086.567, 158
Trd, 000086.850, 168
Trd, 000087.150, 159
Trd, 000087.833, 169
Trd, 000087.900, 157
Trd, 000088.550, 168
Trd, 000088.633, 166
Trd, 000089.050, 162
Trd, 000089.617, 162
Trd, 000091.300, 162
Trd, 000091.900, 163
Trd, 000092.417, 145
Trd, 000092.633, 162
Trd, 000093.200, 163
Trd, 000093.750, 158
Trd, 000094.367, 164
Trd, 000094.467, 145
Trd, 000095.533, 160
Trd, 000096.450, 160
Trd, 000097.133, 159
Trd, 000098.067, 158
Trd, 000098.167, 160
Trd, 000098.683, 160
Trd, 000099.117, 158
Trd, 000099.400, 161
Trd, 000099.650, 158
Trd, 000099.700, 157
Trd, 000100.583, 161
Trd, 000100.700, 162
Trd, 000101.317, 158
Trd, 000101.383, 163
Trd, 000101.517, 163
Trd, 000101.717, 165
Trd, 000102.867, 181
Trd, 000102.950, 162
Trd, 000103.267, 160
Trd, 000104.050, 174
Trd, 000106.200, 168
Trd, 000107.000, 167
Trd, 000107.433, 168
Trd, 000107.667, 166
Trd, 000107.983, 168
Trd, 000108.483, 169
Trd, 000108.750, 169
Trd, 000109.100, 169
Trd, 000109.967, 171
Trd, 000110.000, 175
Trd, 000110.283, 168
Trd, 000111.183, 159
Trd, 000111.650, 143
Trd, 000112.250, 152
Trd, 000112.317, 168
Trd, 000114.067, 160
Trd, 000114.433, 160
Trd, 000114.833, 161
Trd, 000114.867, 160
Trd, 000115.033, 161
Trd, 000115.083, 160
Trd, 000115.667, 160
Trd, 000116.867, 162
Trd, 000118.050, 163
Trd, 000118.450, 162
Trd, 000119.233, 158
Trd, 000119.400, 157
Trd, 000119.867, 163
Trd, 000119.900, 157
Trd, 000120.317, 160
Trd, 000120.400, 149
Trd, 000120.533, 165
Trd, 000121.250, 168
Trd, 000121.717, 183
Trd, 000121.850, 184
Trd, 000121.900, 185
Trd, 000122.400, 179
Trd, 000122.533, 181
Trd, 000122.900, 199
Trd, 000123.467, 198
Trd, 000123.917, 201
Trd, 000124.000, 208
Trd, 000124.617, 316
Trd, 000126.117, 317
Trd, 000126.667, 316.0
Trd, 000126.683, 320.0
Trd, 000127.317, 329
Trd, 000127.550, 319.0
Trd, 000127.833, 341.0
Trd, 000127.950, 318.0
Trd, 000128.167, 348.0
Trd, 000129.533, 356
Trd, 000130.500, 356
Trd, 000130.600, 359.0
Trd, 000130.733, 355
Trd, 000131.750, 354
Trd, 000132.033, 354
Trd, 000132.283, 354
Trd, 000132.317, 348.0
Trd, 000133.733, 352
Trd, 000134.800, 353
Trd, 000134.917, 352
Trd, 000134.967, 351
Trd, 000135.233, 356
Trd, 000135.417, 364.0
Trd, 000135.800, 356
Trd, 000137.167, 359
Trd, 000137.233, 365.0
Trd, 000137.600, 355
Trd, 000138.167, 355
Trd, 000138.483, 357
Trd, 000138.850, 361
Trd, 000138.917, 350.0
Trd, 000139.583, 359
Trd, 000141.350, 357
Trd, 000142.083, 356
Trd, 000142.733, 357
Trd, 000142.817, 358
Trd, 000143.200, 363
Trd, 000143.217, 360
Trd, 000143.583, 371.0
Trd, 000143.600, 372.0
Trd, 000143.733, 359
Trd, 000144.800, 357
Trd, 000146.033, 359
Trd, 000146.067, 358
Trd, 000146.333, 357
Trd, 000147.800, 353
Trd, 000147.983, 349.0
Trd, 000148.517, 354
Trd, 000149.433, 351
Trd, 000149.550, 350
Trd, 000150.600, 349
Trd, 000151.233, 352
Trd, 000151.450, 350
Trd, 000152.233, 351
Trd, 000152.867, 352
Trd, 000154.033, 351
Trd, 000155.033, 351
Trd, 000155.333, 352
Trd, 000155.667, 351
Trd, 000156.917, 350.0
Trd, 000157.050, 351
Trd, 000157.617, 349.0
Trd, 000157.900, 352
Trd, 000158.217, 348
Trd, 000159.150, 350
Trd, 000159.767, 348
Trd, 000160.067, 348.0
Trd, 000161.533, 347
Trd, 000162.233, 349
Trd, 000164.283, 351
Trd, 000164.333, 351
Trd, 000164.467, 350
Trd, 000164.850, 359
Trd, 000165.200, 350
Trd, 000165.900, 350
Trd, 000165.917, 349
Trd, 000166.883, 351
Trd, 000167.033, 353
Trd, 000167.250, 353
Trd, 000167.533, 354
Trd, 000168.283, 352
Trd, 000168.650, 358
Trd, 000170.150, 352.0
Trd, 000170.267, 351.0
Trd, 000170.433, 352
Trd, 000170.767, 352
Trd, 000170.800, 353
Trd, 000170.900, 345
Trd, 000171.467, 355
Trd, 000173.067, 351
Trd, 000174.117, 351.0
Trd, 000174.517, 349.0
Trd, 000174.650, 352
Trd, 000174.867, 349.0
Trd, 000175.883, 348.0
Trd, 000176.383, 349
Trd, 000176.567, 348
Trd, 000177.533, 348.0
Trd, 000177.667, 345
Trd, 000177.833, 346
Trd, 000178.250, 336
Trd, 000180.000, 348.0
Trd, 000180.550, 347
Trd, 000180.900, 349
Trd, 000181.300, 346
Trd, 000182.000, 346
Trd, 000182.333, 340
Trd, 000182.850, 334.0
Trd, 000182.967, 306.0
Trd, 000183.850, 293
Trd, 000184.167, 208
Trd, 000184.200, 197
Trd, 000184.500, 243
Trd, 000184.817, 205
Trd, 000185.400, 207
Trd, 000185.700, 218
Trd, 000186.550, 204
Trd, 000186.600, 190
Trd, 000186.733, 183
Trd, 000187.367, 208
Trd, 000187.633, 182
Trd, 000188.167, 189
Trd, 000188.917, 183
Trd, 000189.367, 174
Trd, 000189.717, 173
Trd, 000190.333, 181
Trd, 000190.483, 176
Trd, 000190.733, 176
Trd, 000191.750, 176
Trd, 000192.100, 177
Trd, 000193.567, 175
Trd, 000193.867, 175
Trd, 000194.000, 176
Trd, 000194.433, 173
Trd, 000195.733, 173
Trd, 000196.067, 174
Trd, 000196.350, 177
Trd, 000197.383, 175
Trd, 000197.667, 174
Trd, 000197.717, 173
Trd, 000198.400, 173
Trd, 000199.700, 178
Trd, 000200.450, 179
Trd, 000200.533, 178
Trd, 000200.567, 180
Trd, 000202.183, 179
Trd, 000202.283, 180
Trd, 000202.633, 179
Trd, 000203.933, 179
Trd, 000204.850, 180
Trd, 000205.350, 176
Trd, 000205.500, 180
Trd, 000205.600, 174
Trd, 000205.967, 181
Trd, 000206.583, 177
Trd, 000206.917, 182
Trd, 000207.467, 168
Trd, 000207.567, 182
Trd, 000208.367, 175
Trd, 000208.900, 178
Trd, 000209.650, 177
Trd, 000209.700, 179
Trd, 000209.983, 179
Trd, 000211.217, 178
Trd, 000211.400, 179
Trd, 000212.517, 185
Trd, 000212.750, 178
Trd, 000212.933, 176
Trd, 000212.967, 175
Trd, 000213.050, 175
Trd, 000213.067, 174
Trd, 000215.033, 176
Trd, 000215.400, 178
Trd, 000216.150, 179
Trd, 000217.417, 180
Trd, 000217.500, 180
Trd, 000217.817, 177
Trd, 000219.000, 181
Trd, 000220.150, 182
Trd, 000220.200, 181
Trd, 000221.167, 181
Trd, 000221.667, 183
Trd, 000221.750, 183
Trd, 000222.250, 183
Trd, 000222.633, 184
Trd, 000223.017, 193
Trd, 000223.167, 194
Trd, 000223.583, 182
Trd, 000226.050, 184
Trd, 000226.250, 183
Trd, 000226.517, 183
Trd, 000226.733, 182
Trd, 000226.917, 179
Trd, 000227.717, 178
Trd, 000229.367, 182
Trd, 000230.317, 181
Trd, 000230.417, 182
Trd, 000230.833, 181
Trd, 000231.233, 182
Trd, 000231.767, 184
Trd, 000233.000, 184
Trd, 000233.200, 181
Trd, 000234.483, 180
Trd, 000234.750, 182
Trd, 000234.883, 180
Trd, 000234.967, 183
Trd, 000235.967, 182
Trd, 000236.550, 180
Trd, 000237.167, 178
Trd, 000238.467, 176
Trd, 000239.717, 183
Trd, 000239.950, 184
Trd, 000240.733, 179
Trd, 000241.200, 178
Trd, 000242.183, 178
Trd, 000242.317, 177
Trd, 000242.350, 176
Trd, 000243.133, 175
Trd, 000244.117, 174
Trd, 000244.200, 174
Trd, 000244.800, 173
Trd, 000244.883, 174
Trd, 000245.583, 174
Trd, 000245.650, 173
Trd, 000245.683, 174
Trd, 000246.600, 173
Trd, 000246.733, 176
Trd, 000247.250, 176
Trd, 000247.517, 173
Trd, 000248.117, 174
Trd, 000248.233, 175
Trd, 000249.050, 174
Trd, 000249.733, 176
Trd, 000250.050, 175
Trd, 000250.233, 177
Trd, 000250.250, 173
Trd, 000250.433, 180
Trd, 000251.750, 176
Trd, 000252.117, 177
Trd, 000252.283, 180
Trd, 000252.433, 183
Trd, 000253.100, 178
Trd, 000253.167, 177
Trd, 000255.050, 176
Trd, 000255.500, 176
Trd, 000255.667, 178
Trd, 000256.400, 176
Trd, 000256.483, 166
Trd, 000256.633, 163
Trd, 000257.767, 176
Trd, 000258.317, 176
Trd, 000258.433, 174
Trd, 000258.950, 177
Trd, 000259.433, 176
Trd, 000259.717, 176
Trd, 000260.417, 175
Trd, 000260.600, 178
Trd, 000260.917, 181
Trd, 000261.900, 176
Trd, 000262.283, 174
Trd, 000262.417, 174
Trd, 000262.600, 175
Trd, 000262.733, 176
Trd, 000262.933, 174
Trd, 000263.483, 173
Trd, 000263.883, 174
Trd, 000263.950, 181
Trd, 000264.083, 173
Trd, 000264.267, 178
Trd, 000264.583, 178
Trd, 000264.883, 172
Trd, 000267.767, 176
Trd, 000267.833, 175
Trd, 000268.417, 177
Trd, 000268.800, 178
Trd, 000269.600, 177
Trd, 000269.900, 178
Trd, 000269.933, 182
Trd, 000270.117, 181
Trd, 000270.133, 178
Trd, 000270.767, 184
Trd, 000270.817, 179
Trd, 000270.850, 192
Trd, 000270.883, 176
Trd, 000272.267, 186
Trd, 000272.383, 186
Trd, 000273.083, 186
Trd, 000273.250, 185
Trd, 000273.267, 184
Trd, 000275.100, 184
Trd, 000275.550, 188
Trd, 000275.567, 188
Trd, 000275.683, 184
Trd, 000275.783, 181
Trd, 000276.200, 191
Trd, 000276.683, 177
Trd, 000277.017, 186
Trd, 000277.083, 189
Trd, 000278.233, 181
Trd, 000278.367, 180
Trd, 000279.050, 187
Trd, 000279.267, 181
Trd, 000279.583, 181
Trd, 000280.183, 180
Trd, 000282.083, 179
Trd, 000282.467, 179
Trd, 000282.850, 180
Trd, 000283.717, 178
Trd, 000283.950, 179
Trd, 000284.183, 178
Trd, 000284.483, 177
Trd, 000284.733, 176
Trd, 000286.083, 176
Trd, 000286.117, 175
Trd, 000286.283, 176
Trd, 000286.333, 177
Trd, 000286.850, 175
Trd, 000287.017, 173
Trd, 000287.817, 177
Trd, 000288.017, 180
Trd, 000288.083, 183
Trd, 000288.117, 186
Trd, 000289.267, 174
Trd, 000289.767, 180
Trd, 000289.883, 173
Trd, 000290.383, 170
Trd, 000291.183, 178
Trd, 000291.650, 174
Trd, 000292.067, 171
Trd, 000293.467, 173
Trd, 000293.850, 173
Trd, 000294.017, 172
Trd, 000294.250, 171
Trd, 000294.483, 174
Trd, 000294.950, 175
Trd, 000295.017, 176
Trd, 000295.567, 172
Trd, 000295.650, 177
Trd, 000295.917, 172
Trd, 000296.950, 178
Trd, 000298.200, 171
Trd, 000298.617, 172
Trd, 000298.917, 171
Trd, 000299.850, 171
