Trd, 000001.650, 130
Trd, 000003.017, 157
Trd, 000003.200, 149
Trd, 000004.200, 144
Trd, 000004.317, 134
Trd, 000005.150, 134
Trd, 000005.367, 147
Trd, 000006.050, 156
Trd, 000006.183, 157
Trd, 000006.400, 136
Trd, 000006.567, 155
Trd, 000007.200, 140
Trd, 000008.333, 147
Trd, 000008.617, 148
Trd, 000009.133, 142
Trd, 000011.067, 152
Trd, 000011.650, 158
Trd, 000011.700, 146
Trd, 000012.000, 144
Trd, 000012.333, 157
Trd, 000012.550, 143
Trd, 000014.133, 142
Trd, 000014.150, 154
Trd, 000014.900, 141
Trd, 000015.017, 151
Trd, 000015.417, 152
Trd, 000015.700, 140
Trd, 000016.733, 140
Trd, 000017.500, 152
Trd, 000019.383, 153
Trd, 000019.433, 155
Trd, 000019.633, 152
Trd, 000020.150, 153
Trd, 000020.433, 153
Trd, 000020.733, 157
Trd, 000021.450, 154
Trd, 000021.483, 147
Trd, 000022.683, 149
Trd, 000023.217, 150
Trd, 000024.633, 151
Trd, 000024.833, 149
Trd, 000026.650, 150
Trd, 000026.700, 151
Trd, 000027.183, 150
Trd, 000028.583, 150
Trd, 000029.333, 153
Trd, 000029.450, 150
Trd, 000029.933, 151
Trd, 000030.700, 149
Trd, 000031.450, 151
Trd, 000031.633, 148
Trd, 000031.817, 152
Trd, 000033.167, 154
Trd, 000033.917, 152
Trd, 000034.167, 148
Trd, 000034.800, 151
Trd, 000035.083, 147
Trd, 000035.533, 147
Trd, 000036.650, 150
Trd, 000039.267, 150
Trd, 000039.450, 151
Trd, 000040.033, 151
Trd, 000040.983, 152
Trd, 000041.433, 150
Trd, 000041.917, 150
Trd, 000043.750, 151
Trd, 000043.767, 150
Trd, 000044.017, 148
Trd, 000044.183, 151
Trd, 000044.417, 147
Trd, 000045.050, 149
Trd, 000045.883, 146
Trd, 000046.617, 148
Trd, 000047.017, 151
Trd, 000047.800, 150
Trd, 000048.117, 150
Trd, 000048.533, 149
Trd, 000048.783, 135
Trd, 000048.983, 155
Trd, 000049.050, 134
Trd, 000049.600, 145
Trd, 000051.517, 152
Trd, 000052.100, 155
Trd, 000052.133, 151
Trd, 000052.400, 151
Trd, 000053.517, 150
Trd, 000054.450, 151
Trd, 000055.033, 153
Trd, 000055.300, 155
Trd, 000055.983, 152
Trd, 000056.117, 154
Trd, 000057.133, 153
Trd, 000057.300, 152
Trd, 000057.600, 150
Trd, 000058.167, 155
Trd, 000058.950, 156
Trd, 000060.683, 150
Trd, 000060.783, 156
Trd, 000062.467, 150
Trd, 000062.700, 140
Trd, 000062.833, 154
Trd, 000063.183, 152
Trd, 000064.100, 152
Trd, 000064.567, 157
Trd, 000065.400, 147
Trd, 000066.150, 152
Trd, 000067.417, 154
Trd, 000068.333, 150
Trd, 000068.783, 153
Trd, 000069.183, 151
Trd, 000069.800, 154
Trd, 000070.117, 158
Trd, 000070.167, 152
Trd, 000071.850, 158
Trd, 000071.883, 154
Trd, 000072.600, 153
Trd, 000072.867, 156
Trd, 000073.933, 154
Trd, 000075.017, 153
Trd, 000075.483, 153
Trd, 000075.650, 154
Trd, 000076.067, 151
Trd, 000077.033, 151
Trd, 000077.133, 157
Trd, 000077.500, 140
Trd, 000077.700, 132
Trd, 000078.783, 158
Trd, 000080.067, 158
Trd, 000080.450, 147
Trd, 000081.567, 155
Trd, 000081.633, 156
Trd, 000081.967, 156
Trd, 000082.133, 159
Trd, 000083.017, 161
Trd, 000084.117, 154
Trd, 000084.167, 158
Trd, 000084.900, 157
Trd, 000085.533, 156
Trd, 000086.083, 155
Trd, 000086.150, 152
Trd, 000086.617, 152
Trd, 000087.033, 142
Trd, 000087.883, 159
Trd, 000088.850, 157
Trd, 000088.967, 156
Trd, 000089.350, 157
Trd, 000090.133, 162
Trd, 000090.667, 175
Trd, 000091.133, 191
Trd, 000092.317, 159
Trd, 000092.417, 159
Trd, 000093.333, 161
Trd, 000093.750, 161
Trd, 000094.467, 161
Trd, 000094.933, 161
Trd, 000095.733, 164
Trd, 000095.917, 164
Trd, 000095.933, 158
Trd, 000096.050, 165
Trd, 000097.817, 156
Trd, 000098.917, 159
Trd, 000100.050, 158
Trd, 000100.483, 156
Trd, 000100.750, 159
Trd, 000100.850, 156
Trd, 000101.267, 161
Trd, 000102.000, 161
Trd, 000102.933, 159
Trd, 000103.067, 158
Trd, 000103.117, 168
Trd, 000103.267, 158
Trd, 000104.033, 160
Trd, 000104.200, 145
Trd, 000106.717, 157
Trd, 000106.750, 158
Trd, 000107.000, 160
Trd, 000107.233, 155
Trd, 000107.433, 162
Trd, 000107.500, 165
Trd, 000107.900, 176
Trd, 000108.583, 168
Trd, 000109.000, 165
Trd, 000109.583, 166
Trd, 000109.717, 165
Trd, 000110.017, 164
Trd, 000110.917, 155
Trd, 000111.533, 145
Trd, 000113.000, 154
Trd, 000113.283, 155
Trd, 000114.383, 155
Trd, 000114.983, 158
Trd, 000116.400, 159
Trd, 000116.767, 159
Trd, 000117.767, 161
Trd, 000117.800, 162
Trd, 000118.383, 157
Trd, 000118.467, 157
Trd, 000118.667, 163
Trd, 000119.583, 158
Trd, 000120.867, 160
Trd, 000121.283, 161
Trd, 000121.483, 163
Trd, 000121.750, 167
Trd, 000121.883, 170
Trd, 000122.167, 176
Trd, 000122.933, 177
Trd, 000123.417, 209
Trd, 000124.000, 312
Trd, 000124.933, 300.0
Trd, 000125.233, 310.0
Trd, 000125.433, 319
Trd, 000125.517, 324
Trd, 000125.933, 324.0
Trd, 000126.183, 327.0
Trd, 000126.617, 310.0
Trd, 000128.050, 337
Trd, 000129.250, 337
Trd, 000129.500, 336
Trd, 000129.767, 335
Trd, 000130.067, 348.0
Trd, 000130.350, 335
Trd, 000131.333, 337
Trd, 000131.717, 334.0
Trd, 000132.267, 348.0
Trd, 000132.333, 358.0
Trd, 000133.867, 342
Trd, 000134.050, 340
Trd, 000135.750, 354
Trd, 000136.133, 355
Trd, 000138.283, 348
Trd, 000138.600, 350
Trd, 000138.733, 351
Trd, 000138.883, 356
Trd, 000139.117, 344.0
Trd, 000140.583, 355
Trd, 000140.633, 356
Trd, 000142.550, 344
Trd, 000143.067, 345
Trd, 000143.333, 345
Trd, 000143.683, 345
Trd, 000144.267, 354
Trd, 000145.200, 342
Trd, 000146.233, 339
Trd, 000146.250, 334.0
Trd, 000146.500, 348
Trd, 000147.500, 338
Trd, 000147.883, 342
Trd, 000148.350, 338
Trd, 000148.450, 346
Trd, 000149.817, 348
Trd, 000149.950, 348.0
Trd, 000150.633, 342
Trd, 000152.533, 343
Trd, 000153.150, 345
Trd, 000153.200, 344
Trd, 000153.750, 345
Trd, 000154.833, 344
Trd, 000154.950, 344
Trd, 000155.767, 348
Trd, 000155.783, 348.0
Trd, 000156.783, 340
Trd, 000156.883, 348
Trd, 000157.050, 351.0
Trd, 000159.083, 343
Trd, 000159.400, 343
Trd, 000160.617, 345
Trd, 000162.267, 345
Trd, 000162.950, 347
Trd, 000162.983, 342
Trd, 000163.567, 348
Trd, 000164.083, 344
Trd, 000164.217, 346
Trd, 000164.417, 348.0
Trd, 000164.667, 351.0
Trd, 000166.833, 345
Trd, 000167.417, 345
Trd, 000167.483, 345
Trd, 000168.200, 346
Trd, 000168.733, 345
Trd, 000169.233, 348
Trd, 000169.550, 341
Trd, 000170.150, 347
Trd, 000173.500, 343
Trd, 000174.267, 335.0
Trd, 000175.133, 334.0
Trd, 000175.583, 336
Trd, 000176.233, 348.0
Trd, 000177.300, 348
Trd, 000177.400, 338
Trd, 000178.517, 341
Trd, 000178.817, 349
Trd, 000179.000, 340
Trd, 000179.433, 337
Trd, 000181.033, 348
Trd, 000181.217, 349.0
Trd, 000181.567, 338
Trd, 000181.650, 338
Trd, 000183.017, 334.0
Trd, 000183.150, 317.0
Trd, 000183.550, 319
Trd, 000184.033, 306.0
Trd, 000184.067, 303.0
Trd, 000184.750, 300.0
Trd, 000184.767, 250
Trd, 000185.333, 209
Trd, 000186.117, 197
Trd, 000186.233, 185
Trd, 000187.467, 181
Trd, 000188.950, 209
Trd, 000189.533, 185
Trd, 000189.900, 180
Trd, 000190.533, 178
Trd, 000190.933, 181
Trd, 000191.233, 181
Trd, 000191.300, 182
Trd, 000191.450, 187
Trd, 000191.950, 181
Trd, 000191.967, 180
Trd, 000193.050, 179
Trd, 000193.517, 175
Trd, 000193.617, 163
Trd, 000195.067, 163
Trd, 000196.767, 168
Trd, 000196.800, 168
Trd, 000197.750, 169
Trd, 000198.017, 168
Trd, 000198.200, 170
Trd, 000198.450, 166
Trd, 000198.667, 171
Trd, 000200.350, 167
Trd, 000201.483, 169
Trd, 000202.133, 158
Trd, 000202.217, 169
Trd, 000202.783, 158
Trd, 000203.200, 168
Trd, 000204.950, 155
Trd, 000205.400, 158
Trd, 000205.583, 164
Trd, 000208.733, 160
Trd, 000208.983, 158
Trd, 000209.100, 157
Trd, 000210.167, 156
Trd, 000210.283, 161
Trd, 000211.450, 165
Trd, 000212.083, 176
Trd, 000212.533, 156
Trd, 000212.800, 172
Trd, 000213.417, 156
Trd, 000213.917, 167
Trd, 000215.450, 168
Trd, 000216.383, 161
Trd, 000217.700, 166
Trd, 000217.767, 169
Trd, 000218.983, 168
Trd, 000219.217, 169
Trd, 000219.633, 170
Trd, 000219.800, 167
Trd, 000220.167, 167
Trd, 000220.333, 173
Trd, 000221.133, 173
Trd, 000221.467, 171
Trd, 000223.217, 175
Trd, 000223.833, 169
Trd, 000224.233, 180
Trd, 000224.767, 171
Trd, 000225.183, 169
Trd, 000225.583, 166
Trd, 000226.917, 170
Trd, 000226.967, 173
Trd, 000227.400, 172
Trd, 000227.767, 167
Trd, 000228.917, 172
Trd, 000228.983, 173
Trd, 000229.550, 168
Trd, 000231.117, 169
Trd, 000231.233, 169
Trd, 000231.850, 168
Trd, 000232.783, 170
Trd, 000232.867, 171
Trd, 000233.283, 169
Trd, 000233.917, 170
Trd, 000234.050, 169
Trd, 000234.417, 174
Trd, 000235.867, 178
Trd, 000236.917, 170
Trd, 000237.117, 167
Trd, 000237.400, 165
Trd, 000237.483, 181
Trd, 000238.767, 171
Trd, 000239.350, 179
Trd, 000239.633, 176
Trd, 000240.250, 178
Trd, 000240.467, 177
Trd, 000240.783, 177
Trd, 000240.883, 176
Trd, 000241.333, 178
Trd, 000241.717, 181
Trd, 000241.750, 182
Trd, 000242.100, 180
Trd, 000242.117, 179
Trd, 000242.300, 177
Trd, 000243.267, 178
Trd, 000243.583, 179
Trd, 000243.867, 181
Trd, 000244.450, 181
Trd, 000244.767, 183
Trd, 000245.017, 180
Trd, 000245.917, 177
Trd, 000246.117, 178
Trd, 000246.350, 178
Trd, 000246.467, 175
Trd, 000247.000, 174
Trd, 000247.500, 168
Trd, 000248.000, 177
Trd, 000248.217, 178
Trd, 000248.800, 182
Trd, 000249.050, 187
Trd, 000249.467, 182
Trd, 000249.850, 181
Trd, 000250.250, 179
Trd, 000250.267, 179
Trd, 000251.067, 177
Trd, 000251.350, 178
Trd, 000252.533, 179
Trd, 000252.783, 180
Trd, 000253.183, 182
Trd, 000253.383, 177
Trd, 000253.533, 174
Trd, 000253.750, 182
Trd, 000255.233, 176
Trd, 000255.583, 174
Trd, 000255.817, 177
Trd, 000255.950, 173
Trd, 000256.200, 169
Trd, 000256.417, 171
Trd, 000256.483, 174
Trd, 000257.633, 173
Trd, 000257.717, 171
Trd, 000257.850, 174
Trd, 000258.367, 177
Trd, 000258.650, 172
Trd, 000259.000, 173
Trd, 000259.917, 177
Trd, 000260.150, 171
Trd, 000260.233, 172
Trd, 000260.700, 171
Trd, 000260.717, 170
Trd, 000260.833, 168
Trd, 000262.000, 168
Trd, 000262.400, 168
Trd, 000262.583, 169
Trd, 000263.300, 168
Trd, 000264.133, 167
Trd, 000264.300, 166
Trd, 000264.383, 166
Trd, 000265.200, 170
Trd, 000265.233, 181
Trd, 000265.917, 173
Trd, 000266.117, 166
Trd, 000266.167, 171
Trd, 000266.867, 161
Trd, 000267.067, 173
Trd, 000267.450, 163
Trd, 000267.883, 164
Trd, 000268.500, 173
Trd, 000268.800, 165
Trd, 000269.050, 173
Trd, 000270.167, 172
Trd, 000270.567, 176
Trd, 000270.583, 178
Trd, 000270.983, 175
Trd, 000271.333, 184
Trd, 000271.733, 183
Trd, 000271.850, 173
Trd, 000272.450, 171
Trd, 000272.583, 175
Trd, 000273.083, 181
Trd, 000273.267, 181
Trd, 000274.300, 179
Trd, 000274.483, 182
Trd, 000274.583, 177
Trd, 000275.067, 182
Trd, 000275.300, 185
Trd, 000276.283, 183
Trd, 000276.500, 182
Trd, 000276.517, 181
Trd, 000277.100, 182
Trd, 000277.200, 177
Trd, 000277.850, 171
Trd, 000278.017, 177
Trd, 000278.317, 175
Trd, 000279.350, 174
Trd, 000279.800, 178
Trd, 000279.867, 179
Trd, 000280.433, 175
Trd, 000280.600, 180
Trd, 000281.067, 175
Trd, 000281.167, 180
Trd, 000281.967, 183
Trd, 000282.117, 175
Trd, 000282.800, 175
Trd, 000282.850, 177
Trd, 000283.083, 181
Trd, 000283.467, 186
Trd, 000283.833, 177
Trd, 000285.017, 178
Trd, 000285.717, 176
Trd, 000286.117, 177
Trd, 000286.617, 174
Trd, 000286.650, 179
Trd, 000286.717, 172
Trd, 000286.750, 177
Trd, 000287.150, 180
Trd, 000287.217, 176
Trd, 000287.767, 185
Trd, 000287.817, 186
Trd, 000288.417, 185
Trd, 000289.233, 185
Trd, 000289.517, 184
Trd, 000290.183, 181
Trd, 000290.550, 181
Trd, 000290.850, 178
Trd, 000291.600, 177
Trd, 000291.767, 156
Trd, 000291.950, 162
Trd, 000292.033, 180
Trd, 000292.283, 174
Trd, 000292.367, 156
Trd, 000293.517, 183
Trd, 000293.833, 185
Trd, 000294.100, 184
Trd, 000294.833, 179
Trd, 000294.917, 187
Trd, 000295.617, 176
Trd, 000296.033, 176
Trd, 000297.150, 179
Trd, 000297.650, 175
Trd, 000297.700, 174
Trd, 000297.983, 172
Trd, 000298.017, 173
Trd, 000298.200, 180
Trd, 000298.250, 181
Trd, 000298.567, 173
Trd, 000299.100, 180
Trd, 000299.267, 188
Trd, 000299.350, 192
