Trd, 000000.650, 145
Trd, 000001.317, 146
Trd, 000002.733, 100
Trd, 000002.750, 103
Trd, 000002.817, 113
Trd, 000002.833, 117
Trd, 000003.433, 134
Trd, 000004.400, 155
Trd, 000004.783, 165
Trd, 000005.383, 152
Trd, 000006.350, 155
Trd, 000006.633, 144
Trd, 000007.300, 149
Trd, 000007.367, 166
Trd, 000007.717, 149
Trd, 000008.167, 142
Trd, 000008.933, 152
Trd, 000009.183, 152
Trd, 000009.250, 138
Trd, 000009.550, 148
Trd, 000009.633, 152
Trd, 000010.933, 148
Trd, 000010.967, 152
Trd, 000011.383, 142
Trd, 000013.183, 158
Trd, 000013.950, 152
Trd, 000014.283, 152
Trd, 000014.983, 149
Trd, 000015.233, 152
Trd, 000015.883, 153
Trd, 000016.017, 148
Trd, 000016.650, 156
Trd, 000016.900, 150
Trd, 000017.133, 145
Trd, 000019.483, 149
Trd, 000019.800, 150
Trd, 000020.317, 148
Trd, 000020.383, 150
Trd, 000020.517, 148
Trd, 000020.917, 150
Trd, 000021.400, 139
Trd, 000021.867, 138
Trd, 000023.300, 146
Trd, 000023.467, 143
Trd, 000024.117, 146
Trd, 000024.367, 147
Trd, 000024.900, 144
Trd, 000025.217, 144
Trd, 000025.433, 141
Trd, 000025.967, 145
Trd, 000027.383, 142
Trd, 000027.717, 140
Trd, 000029.117, 148
Trd, 000029.217, 146
Trd, 000029.467, 146
Trd, 000030.883, 146
Trd, 000031.017, 146
Trd, 000031.667, 145
Trd, 000032.250, 145
Trd, 000032.717, 144
Trd, 000033.317, 144
Trd, 000033.917, 149
Trd, 000035.133, 144
Trd, 000035.433, 147
Trd, 000035.467, 148
Trd, 000036.600, 147
Trd, 000037.050, 152
Trd, 000037.550, 151
Trd, 000038.667, 149
Trd, 000039.183, 153
Trd, 000039.283, 149
Trd, 000039.567, 149
Trd, 000040.183, 148
Trd, 000040.433, 150
Trd, 000041.067, 145
Trd, 000041.267, 149
Trd, 000042.950, 149
Trd, 000043.467, 150
Trd, 000043.633, 152
Trd, 000043.817, 147
Trd, 000045.100, 159
Trd, 000045.150, 161
Trd, 000045.583, 153
Trd, 000048.133, 158
Trd, 000049.683, 157
Trd, 000049.817, 156
Trd, 000049.933, 159
Trd, 000050.583, 157
Trd, 000050.817, 160
Trd, 000051.150, 163
Trd, 000051.533, 168
Trd, 000051.767, 161
Trd, 000051.900, 157
Trd, 000053.383, 156
Trd, 000053.983, 160
Trd, 000054.500, 158
Trd, 000054.683, 159
Trd, 000055.150, 158
Trd, 000055.233, 159
Trd, 000055.350, 157
Trd, 000055.633, 156
Trd, 000056.167, 154
Trd, 000057.050, 152
Trd, 000057.133, 146
Trd, 000057.450, 153
Trd, 000058.300, 150
Trd, 000058.650, 152
Trd, 000058.950, 154
Trd, 000060.183, 153
Trd, 000060.450, 150
Trd, 000061.117, 164
Trd, 000062.483, 157
Trd, 000063.283, 145
Trd, 000063.433, 163
Trd, 000063.950, 172
Trd, 000064.367, 158
Trd, 000065.833, 163
Trd, 000066.250, 162
Trd, 000066.600, 163
Trd, 000067.000, 161
Trd, 000067.100, 161
Trd, 000067.383, 161
Trd, 000067.583, 166
Trd, 000068.100, 159
Trd, 000069.367, 162
Trd, 000069.883, 159
Trd, 000070.583, 160
Trd, 000071.183, 159
Trd, 000071.467, 160
Trd, 000072.633, 161
Trd, 000072.783, 170
Trd, 000073.050, 160
Trd, 000073.300, 157
Trd, 000074.950, 159
Trd, 000075.150, 158
Trd, 000075.367, 148
Trd, 000075.633, 168
Trd, 000076.533, 156
Trd, 000077.467, 164
Trd, 000077.867, 163
Trd, 000078.683, 167
Trd, 000080.267, 163
Trd, 000080.350, 162
Trd, 000081.267, 161
Trd, 000082.167, 160
Trd, 000082.617, 163
Trd, 000082.917, 160
Trd, 000084.817, 164
Trd, 000085.233, 163
Trd, 000085.500, 159
Trd, 000086.433, 162
Trd, 000087.283, 162
Trd, 000088.233, 160
Trd, 000088.400, 153
Trd, 000088.600, 161
Trd, 000089.517, 158
Trd, 000089.683, 151
Trd, 000091.017, 165
Trd, 000091.533, 162
Trd, 000091.667, 160
Trd, 000092.533, 165
Trd, 000092.583, 167
Trd, 000092.800, 162
Trd, 000093.700, 160
Trd, 000093.717, 155
Trd, 000093.933, 174
Trd, 000095.017, 156
Trd, 000095.617, 143
Trd, 000096.083, 143
Trd, 000096.433, 157
Trd, 000097.433, 155
Trd, 000097.600, 166
Trd, 000098.083, 160
Trd, 000098.367, 156
Trd, 000098.833, 161
Trd, 000100.250, 161
Trd, 000100.350, 162
Trd, 000100.900, 163
Trd, 000100.950, 158
Trd, 000101.850, 167
Trd, 000102.567, 168
Trd, 000103.700, 167
Trd, 000105.050, 167
Trd, 000105.100, 163
Trd, 000106.200, 166
Trd, 000106.367, 167
Trd, 000106.467, 161
Trd, 000107.767, 164
Trd, 000107.933, 167
Trd, 000108.200, 166
Trd, 000108.717, 163
Trd, 000109.017, 166
Trd, 000110.517, 163
Trd, 000111.300, 172
Trd, 000111.683, 171
Trd, 000112.633, 163
Trd, 000112.983, 162
Trd, 000113.500, 166
Trd, 000113.600, 162
Trd, 000114.117, 167
Trd, 000114.783, 162
Trd, 000115.250, 168
Trd, 000115.333, 170
Trd, 000115.767, 167
Trd, 000117.067, 165
Trd, 000117.283, 174
Trd, 000117.600, 176
Trd, 000118.717, 176
Trd, 000118.950, 172
Trd, 000119.267, 170
Trd, 000119.767, 169
Trd, 000119.783, 167
Trd, 000120.183, 163
Trd, 000121.400, 172
Trd, 000121.450, 174
Trd, 000122.017, 176
Trd, 000122.300, 177
Trd, 000122.517, 184
Trd, 000122.650, 183
Trd, 000122.933, 225
Trd, 000122.983, 225
Trd, 000123.800, 231
Trd, 000124.167, 288
Trd, 000124.533, 300.0
Trd, 000124.650, 313.0
Trd, 000126.100, 316.0
Trd, 000127.867, 331.0
Trd, 000128.583, 319.0
Trd, 000128.617, 317.0
Trd, 000129.533, 333.0
Trd, 000129.717, 334.0
Trd, 000129.783, 348.0
Trd, 000131.433, 331.0
Trd, 000131.867, 339
Trd, 000131.983, 348.0
Trd, 000133.017, 339
Trd, 000133.683, 338
Trd, 000134.050, 339
Trd, 000134.183, 336
Trd, 000134.300, 336
Trd, 000134.517, 334.0
Trd, 000136.867, 334
Trd, 000137.683, 335
Trd, 000137.783, 339
Trd, 000138.150, 338
Trd, 000138.867, 332
Trd, 000139.067, 330.0
Trd, 000139.133, 331.0
Trd, 000139.650, 330
Trd, 000141.017, 337
Trd, 000142.150, 342.0
Trd, 000142.300, 338
Trd, 000142.350, 335
Trd, 000142.450, 334.0
Trd, 000144.117, 341.0
Trd, 000144.983, 343.0
Trd, 000145.367, 339
Trd, 000145.517, 352
Trd, 000145.917, 336
Trd, 000146.383, 336
Trd, 000146.617, 346.0
Trd, 000147.033, 348.0
Trd, 000147.550, 336
Trd, 000148.350, 340
Trd, 000148.750, 344.0
Trd, 000149.200, 341
Trd, 000149.833, 344
Trd, 000149.883, 338
Trd, 000151.300, 343.0
Trd, 000152.550, 348.0
Trd, 000153.233, 337
Trd, 000153.833, 351.0
Trd, 000154.883, 348
Trd, 000154.917, 351
Trd, 000155.200, 351
Trd, 000155.600, 341
Trd, 000156.033, 338
Trd, 000158.733, 352
Trd, 000159.117, 344
Trd, 000159.150, 351
Trd, 000159.850, 348
Trd, 000159.883, 356
Trd, 000160.450, 346
Trd, 000161.117, 345
Trd, 000161.150, 348.0
Trd, 000161.450, 346
Trd, 000161.867, 345
Trd, 000162.683, 348
Trd, 000162.817, 335
Trd, 000163.983, 343
Trd, 000164.783, 343
Trd, 000164.833, 342.0
Trd, 000164.900, 341.0
Trd, 000165.183, 345
Trd, 000165.333, 347
Trd, 000166.433, 346
Trd, 000166.833, 347.0
Trd, 000167.850, 348.0
Trd, 000167.967, 351.0
Trd, 000169.917, 343
Trd, 000170.150, 342
Trd, 000170.350, 334.0
Trd, 000170.917, 326.0
Trd, 000171.233, 343.0
Trd, 000172.617, 327
Trd, 000172.917, 346.0
Trd, 000173.300, 346
Trd, 000173.767, 347.0
Trd, 000174.300, 335
Trd, 000175.983, 347
Trd, 000176.583, 335
Trd, 000176.933, 336
Trd, 000177.417, 335
Trd, 000177.817, 355.0
Trd, 000178.750, 357
Trd, 000179.617, 365.0
Trd, 000179.667, 356
Trd, 000180.267, 347
Trd, 000180.933, 351.0
Trd, 000181.650, 341
Trd, 000181.883, 338
Trd, 000182.083, 335
Trd, 000182.283, 334.0
Trd, 000182.900, 316
Trd, 000183.583, 314
Trd, 000184.700, 310.0
Trd, 000185.050, 226
Trd, 000185.083, 218
Trd, 000185.650, 189
Trd, 000186.000, 173
Trd, 000186.600, 179
Trd, 000189.050, 201
Trd, 000189.133, 197
Trd, 000189.583, 191
Trd, 000190.567, 190
Trd, 000190.783, 182
Trd, 000191.167, 187
Trd, 000192.200, 176
Trd, 000192.333, 178
Trd, 000192.700, 170
Trd, 000193.633, 176
Trd, 000194.633, 172
Trd, 000194.883, 171
Trd, 000195.900, 168
Trd, 000196.117, 171
Trd, 000196.650, 171
Trd, 000196.933, 167
Trd, 000197.217, 160
Trd, 000198.683, 168
Trd, 000199.333, 167
Trd, 000199.800, 165
Trd, 000200.183, 174
Trd, 000200.433, 157
Trd, 000202.533, 172
Trd, 000202.583, 171
Trd, 000203.567, 170
Trd, 000204.500, 168
Trd, 000205.383, 169
Trd, 000205.500, 166
Trd, 000205.517, 165
Trd, 000205.817, 162
Trd, 000206.033, 163
Trd, 000206.383, 165
Trd, 000207.417, 174
Trd, 000208.100, 166
Trd, 000208.983, 168
Trd, 000209.667, 169
Trd, 000209.717, 166
Trd, 000210.283, 156
Trd, 000211.267, 176
Trd, 000211.783, 177
Trd, 000212.167, 167
Trd, 000212.567, 169
Trd, 000213.600, 170
Trd, 000214.183, 179
Trd, 000214.283, 169
Trd, 000215.950, 176
Trd, 000216.300, 177
Trd, 000218.350, 174
Trd, 000218.600, 174
Trd, 000219.050, 173
Trd, 000219.333, 176
Trd, 000219.933, 172
Trd, 000220.400, 171
Trd, 000220.533, 177
Trd, 000221.200, 173
Trd, 000221.583, 173
Trd, 000221.800, 170
Trd, 000221.867, 180
Trd, 000222.000, 191
Trd, 000223.217, 177
Trd, 000223.633, 173
Trd, 000223.900, 183
Trd, 000225.267, 171
Trd, 000225.883, 184
Trd, 000226.850, 159
Trd, 000226.983, 157
Trd, 000227.683, 162
Trd, 000227.917, 147
Trd, 000227.950, 154
Trd, 000228.717, 168
Trd, 000229.200, 163
Trd, 000229.983, 168
Trd, 000230.067, 169
Trd, 000231.133, 170
Trd, 000231.717, 169
Trd, 000232.400, 159
Trd, 000233.333, 180
Trd, 000233.950, 181
Trd, 000234.933, 178
Trd, 000235.133, 175
Trd, 000235.950, 174
Trd, 000236.450, 174
Trd, 000237.333, 173
Trd, 000238.133, 172
Trd, 000238.650, 171
Trd, 000238.783, 172
Trd, 000239.867, 173
Trd, 000240.067, 174
Trd, 000240.550, 171
Trd, 000240.650, 173
Trd, 000240.850, 169
Trd, 000241.083, 167
Trd, 000241.600, 174
Trd, 000241.850, 171
Trd, 000242.833, 177
Trd, 000244.067, 177
Trd, 000244.133, 175
Trd, 000244.217, 171
Trd, 000244.367, 161
Trd, 000245.650, 173
Trd, 000245.933, 173
Trd, 000246.083, 168
Trd, 000246.650, 167
Trd, 000246.817, 172
Trd, 000246.867, 168
Trd, 000247.733, 170
Trd, 000248.267, 172
Trd, 000248.483, 181
Trd, 000248.717, 168
Trd, 000249.383, 172
Trd, 000249.717, 175
Trd, 000250.300, 174
Trd, 000250.633, 175
Trd, 000250.750, 173
Trd, 000251.200, 170
Trd, 000251.250, 173
Trd, 000251.517, 169
Trd, 000252.000, 175
Trd, 000252.083, 176
Trd, 000253.150, 174
Trd, 000253.883, 173
Trd, 000254.133, 176
Trd, 000254.917, 189
Trd, 000255.083, 190
Trd, 000255.250, 186
Trd, 000255.400, 182
Trd, 000255.617, 180
Trd, 000255.667, 179
Trd, 000256.083, 180
Trd, 000256.367, 179
Trd, 000257.067, 178
Trd, 000258.100, 181
Trd, 000258.200, 179
Trd, 000258.900, 179
Trd, 000259.150, 174
Trd, 000259.350, 170
Trd, 000259.900, 181
Trd, 000260.133, 168
Trd, 000260.183, 182
Trd, 000260.350, 183
Trd, 000261.133, 184
Trd, 000261.983, 182
Trd, 000262.367, 177
Trd, 000263.183, 187
Trd, 000263.983, 182
Trd, 000264.600, 184
Trd, 000265.100, 182
Trd, 000265.117, 181
Trd, 000265.150, 183
Trd, 000265.733, 181
Trd, 000265.967, 179
Trd, 000266.233, 184
Trd, 000266.533, 177
Trd, 000267.817, 177
Trd, 000267.867, 178
Trd, 000268.083, 181
Trd, 000268.700, 178
Trd, 000268.867, 179
Trd, 000268.950, 175
Trd, 000269.067, 171
Trd, 000270.450, 176
Trd, 000270.500, 178
Trd, 000270.983, 174
Trd, 000271.317, 170
Trd, 000271.767, 173
Trd, 000272.283, 171
Trd, 000274.017, 174
Trd, 000274.500, 177
Trd, 000274.950, 177
Trd, 000275.033, 175
Trd, 000275.617, 173
Trd, 000275.800, 180
Trd, 000276.300, 180
Trd, 000276.350, 174
Trd, 000276.583, 179
Trd, 000277.483, 176
Trd, 000277.533, 175
Trd, 000277.767, 171
Trd, 000277.833, 172
Trd, 000278.017, 179
Trd, 000278.717, 175
Trd, 000279.200, 177
Trd, 000279.733, 165
Trd, 000279.833, 170
Trd, 000280.367, 172
Trd, 000280.750, 162
Trd, 000281.317, 172
Trd, 000281.983, 172
Trd, 000282.617, 172
Trd, 000282.767, 172
Trd, 000283.033, 169
Trd, 000283.250, 173
Trd, 000283.300, 173
Trd, 000283.433, 176
Trd, 000284.300, 174
Trd, 000284.383, 164
Trd, 000284.550, 152
Trd, 000285.500, 172
Trd, 000285.817, 176
Trd, 000286.233, 166
Trd, 000286.250, 165
Trd, 000286.900, 178
Trd, 000287.467, 179
Trd, 000287.567, 187
Trd, 000288.017, 173
Trd, 000288.600, 170
Trd, 000289.117, 174
Trd, 000289.417, 175
Trd, 000289.550, 170
Trd, 000290.183, 173
Trd, 000290.917, 176
Trd, 000290.967, 177
Trd, 000291.417, 184
Trd, 000291.500, 172
Trd, 000292.417, 179
Trd, 000292.583, 168
Trd, 000292.617, 180
Trd, 000292.800, 180
Trd, 000293.617, 184
Trd, 000293.950, 174
Trd, 000294.717, 176
Trd, 000295.450, 177
Trd, 000295.950, 189
Trd, 000296.267, 173
Trd, 000296.367, 191
Trd, 000297.133, 185
Trd, 000298.250, 183
Trd, 000298.500, 179
Trd, 000298.517, 194
