Trd, 000001.117, 165
Trd, 000001.800, 151
Trd, 000003.033, 134
Trd, 000003.467, 145
Trd, 000003.633, 155
Trd, 000003.983, 162
Trd, 000004.333, 130
Trd, 000004.717, 120
Trd, 000004.933, 124
Trd, 000005.100, 164
Trd, 000005.817, 165
Trd, 000006.667, 164
Trd, 000006.933, 152
Trd, 000007.683, 164
Trd, 000007.800, 166
Trd, 000008.283, 156
Trd, 000008.417, 156
Trd, 000009.700, 151
Trd, 000009.850, 150
Trd, 000009.867, 149
Trd, 000010.350, 149
Trd, 000010.717, 128
Trd, 000011.000, 152
Trd, 000011.583, 158
Trd, 000012.050, 157
Trd, 000012.083, 160
Trd, 000012.383, 163
Trd, 000012.983, 163
Trd, 000013.267, 156
Trd, 000013.933, 155
Trd, 000014.467, 151
Trd, 000016.533, 154
Trd, 000016.617, 151
Trd, 000016.650, 151
Trd, 000017.433, 156
Trd, 000017.700, 156
Trd, 000018.650, 157
Trd, 000019.500, 157
Trd, 000019.800, 158
Trd, 000020.200, 152
Trd, 000020.500, 143
Trd, 000021.000, 154
Trd, 000021.667, 145
Trd, 000022.217, 150
Trd, 000023.367, 157
Trd, 000024.517, 150
Trd, 000024.967, 153
Trd, 000025.450, 155
Trd, 000026.183, 153
Trd, 000026.483, 154
Trd, 000026.667, 152
Trd, 000026.833, 154
Trd, 000027.400, 155
Trd, 000028.283, 158
Trd, 000028.983, 152
Trd, 000029.067, 151
Trd, 000030.250, 154
Trd, 000030.817, 154
Trd, 000030.833, 156
Trd, 000032.467, 157
Trd, 000032.817, 160
Trd, 000033.133, 156
Trd, 000033.750, 156
Trd, 000034.767, 157
Trd, 000035.983, 157
Trd, 000036.283, 155
Trd, 000036.617, 155
Trd, 000037.100, 155
Trd, 000037.483, 157
Trd, 000037.783, 159
Trd, 000037.950, 154
Trd, 000037.967, 144
Trd, 000038.300, 148
Trd, 000038.450, 132
Trd, 000038.750, 145
Trd, 000038.867, 148
Trd, 000039.133, 131
Trd, 000039.900, 150
Trd, 000040.867, 143
Trd, 000041.117, 148
Trd, 000042.033, 126
Trd, 000042.917, 140
Trd, 000042.983, 139
Trd, 000043.817, 139
Trd, 000044.617, 162
Trd, 000045.433, 151
Trd, 000045.633, 161
Trd, 000045.800, 150
Trd, 000047.300, 152
Trd, 000047.733, 154
Trd, 000049.567, 153
Trd, 000049.633, 151
Trd, 000049.767, 149
Trd, 000049.800, 146
Trd, 000050.100, 154
Trd, 000050.533, 156
Trd, 000051.000, 160
Trd, 000051.083, 164
Trd, 000053.767, 153
Trd, 000053.800, 153
Trd, 000054.000, 153
Trd, 000054.200, 152
Trd, 000054.417, 151
Trd, 000055.283, 154
Trd, 000055.333, 152
Trd, 000055.700, 160
Trd, 000056.133, 152
Trd, 000057.383, 164
Trd, 000057.433, 151
Trd, 000057.933, 152
Trd, 000058.417, 147
Trd, 000059.333, 148
Trd, 000060.100, 139
Trd, 000060.417, 146
Trd, 000062.517, 145
Trd, 000062.867, 145
Trd, 000063.467, 143
Trd, 000064.617, 143
Trd, 000064.633, 147
Trd, 000065.300, 157
Trd, 000065.850, 164
Trd, 000066.100, 148
Trd, 000066.600, 148
Trd, 000068.767, 155
Trd, 000069.817, 154
Trd, 000069.833, 161
Trd, 000069.967, 153
Trd, 000070.067, 153
Trd, 000070.567, 155
Trd, 000072.250, 154
Trd, 000072.483, 155
Trd, 000073.017, 155
Trd, 000073.183, 148
Trd, 000073.217, 158
Trd, 000073.400, 148
Trd, 000073.550, 165
Trd, 000073.633, 168
Trd, 000074.467, 147
Trd, 000074.633, 168
Trd, 000075.533, 138
Trd, 000075.883, 159
Trd, 000076.183, 139
Trd, 000076.533, 141
Trd, 000077.367, 140
Trd, 000077.867, 134
Trd, 000079.450, 159
Trd, 000080.017, 162
Trd, 000080.667, 159
Trd, 000080.833, 159
Trd, 000082.500, 159
Trd, 000082.900, 159
Trd, 000082.967, 160
Trd, 000083.333, 163
Trd, 000083.417, 158
Trd, 000083.633, 149
Trd, 000084.000, 166
Trd, 000084.650, 154
Trd, 000085.383, 159
Trd, 000086.050, 154
Trd, 000087.117, 163
Trd, 000087.533, 170
Trd, 000088.983, 163
Trd, 000089.033, 161
Trd, 000089.167, 158
Trd, 000089.200, 140
Trd, 000089.600, 167
Trd, 000090.067, 149
Trd, 000091.950, 160
Trd, 000092.100, 162
Trd, 000092.683, 152
Trd, 000092.833, 164
Trd, 000092.883, 151
Trd, 000094.017, 169
Trd, 000095.233, 162
Trd, 000095.250, 160
Trd, 000095.567, 157
Trd, 000095.733, 150
Trd, 000095.950, 140
Trd, 000096.000, 161
Trd, 000096.333, 161
Trd, 000096.783, 164
Trd, 000097.133, 163
Trd, 000099.067, 165
Trd, 000099.433, 165
Trd, 000099.450, 171
Trd, 000099.667, 162
Trd, 000100.667, 160
Trd, 000100.917, 151
Trd, 000100.933, 168
Trd, 000102.050, 148
Trd, 000103.100, 167
Trd, 000103.150, 165
Trd, 000103.283, 163
Trd, 000104.467, 157
Trd, 000104.833, 161
Trd, 000105.100, 160
Trd, 000105.267, 151
Trd, 000105.333, 141
Trd, 000105.617, 137
Trd, 000106.467, 153
Trd, 000106.483, 153
Trd, 000106.650, 166
Trd, 000106.900, 152
Trd, 000108.400, 156
Trd, 000108.450, 159
Trd, 000109.050, 157
Trd, 000109.567, 156
Trd, 000111.517, 156
Trd, 000111.533, 159
Trd, 000112.467, 156
Trd, 000112.900, 157
Trd, 000113.067, 157
Trd, 000113.233, 156
Trd, 000115.200, 156
Trd, 000115.433, 156
Trd, 000115.717, 162
Trd, 000115.867, 162
Trd, 000116.233, 166
Trd, 000116.367, 169
Trd, 000116.717, 160
Trd, 000116.867, 157
Trd, 000117.550, 164
Trd, 000118.133, 176
Trd, 000119.500, 170
Trd, 000119.783, 169
Trd, 000120.017, 167
Trd, 000120.283, 162
Trd, 000120.350, 153
Trd, 000120.400, 172
Trd, 000120.983, 171
Trd, 000121.117, 174
Trd, 000121.200, 161
Trd, 000121.367, 175
Trd, 000121.533, 175
Trd, 000122.350, 180
Trd, 000122.517, 188
Trd, 000122.683, 189
Trd, 000122.717, 194
Trd, 000123.000, 214
Trd, 000123.133, 215
Trd, 000123.467, 145
Trd, 000124.667, 320.0
Trd, 000125.300, 303.0
Trd, 000125.750, 324.0
Trd, 000126.117, 336
Trd, 000126.200, 336
Trd, 000126.700, 313
Trd, 000127.433, 350
Trd, 000128.450, 341.0
Trd, 000128.467, 351.0
Trd, 000128.583, 320.0
Trd, 000128.617, 309
Trd, 000129.500, 323.0
Trd, 000129.750, 324.0
Trd, 000130.933, 328.0
Trd, 000132.967, 336
Trd, 000133.150, 351.0
Trd, 000133.667, 341
Trd, 000133.833, 356
Trd, 000134.150, 346
Trd, 000135.150, 344
Trd, 000135.717, 341
Trd, 000136.533, 341
Trd, 000138.083, 345
Trd, 000138.683, 347
Trd, 000139.283, 346
Trd, 000139.317, 351
Trd, 000139.533, 350.0
Trd, 000139.550, 341.0
Trd, 000140.750, 347
Trd, 000142.100, 344
Trd, 000142.150, 341
Trd, 000142.717, 350.0
Trd, 000142.967, 351.0
Trd, 000143.617, 355.0
Trd, 000143.883, 343
Trd, 000144.767, 359
Trd, 000145.200, 346
Trd, 000145.350, 342.0
Trd, 000146.333, 350
Trd, 000147.583, 351.0
Trd, 000147.700, 345
Trd, 000147.850, 345
Trd, 000148.033, 343
Trd, 000148.833, 348
Trd, 000149.683, 348
Trd, 000149.817, 350
Trd, 000150.133, 351
Trd, 000150.433, 348
Trd, 000150.800, 351.0
Trd, 000151.333, 349
Trd, 000151.567, 353
Trd, 000152.400, 352
Trd, 000152.667, 346
Trd, 000153.383, 342.0
Trd, 000153.817, 352
Trd, 000153.983, 341.0
Trd, 000154.783, 355.0
Trd, 000155.483, 333.0
Trd, 000157.167, 351.0
Trd, 000157.217, 331.0
Trd, 000158.017, 330
Trd, 000158.250, 349
Trd, 000159.867, 331
Trd, 000159.967, 331.0
Trd, 000160.517, 343
Trd, 000161.217, 344
Trd, 000161.317, 351.0
Trd, 000161.500, 329
Trd, 000161.783, 344
Trd, 000162.317, 350
Trd, 000162.333, 349
Trd, 000162.533, 343
Trd, 000163.900, 343
Trd, 000164.000, 342
Trd, 000164.967, 347
Trd, 000166.083, 341.0
Trd, 000166.133, 350
Trd, 000166.883, 343
Trd, 000167.683, 351.0
Trd, 000167.783, 356
Trd, 000168.383, 358
Trd, 000168.500, 343
Trd, 000169.150, 320.0
Trd, 000169.250, 359
Trd, 000170.183, 341.0
Trd, 000171.333, 350
Trd, 000172.850, 349
Trd, 000173.517, 351
Trd, 000173.533, 347
Trd, 000173.617, 351.0
Trd, 000173.650, 362.0
Trd, 000174.267, 349
Trd, 000175.067, 351.0
Trd, 000175.350, 348
Trd, 000176.767, 343
Trd, 000177.400, 342
Trd, 000177.850, 341.0
Trd, 000177.967, 339
Trd, 000177.983, 347
Trd, 000178.450, 351
Trd, 000180.450, 343.0
Trd, 000181.200, 342.0
Trd, 000181.583, 343
Trd, 000181.650, 350.0
Trd, 000181.933, 341.0
Trd, 000182.283, 335
Trd, 000182.417, 331.0
Trd, 000182.650, 327.0
Trd, 000182.833, 320.0
Trd, 000183.033, 309
Trd, 000183.050, 309
Trd, 000185.217, 318.0
Trd, 000185.550, 303.0
Trd, 000185.633, 174
Trd, 000186.083, 215
Trd, 000186.483, 175
Trd, 000186.733, 212
Trd, 000186.767, 173
Trd, 000187.000, 161
Trd, 000187.050, 187
Trd, 000187.133, 159
Trd, 000188.800, 191
Trd, 000189.033, 191
Trd, 000189.100, 188
Trd, 000189.433, 165
Trd, 000190.783, 170
Trd, 000190.917, 174
Trd, 000192.267, 164
Trd, 000192.433, 163
Trd, 000192.867, 171
Trd, 000194.233, 162
Trd, 000194.650, 174
Trd, 000195.317, 173
Trd, 000195.750, 173
Trd, 000195.767, 172
Trd, 000196.450, 175
Trd, 000196.617, 176
Trd, 000197.983, 175
Trd, 000198.283, 174
Trd, 000198.583, 176
Trd, 000199.033, 170
Trd, 000200.183, 171
Trd, 000200.717, 173
Trd, 000200.933, 168
Trd, 000201.067, 166
Trd, 000201.083, 161
Trd, 000201.183, 147
Trd, 000201.333, 175
Trd, 000203.250, 175
Trd, 000203.350, 168
Trd, 000203.733, 178
Trd, 000204.550, 171
Trd, 000205.050, 177
Trd, 000206.600, 174
Trd, 000206.683, 177
Trd, 000206.750, 178
Trd, 000207.100, 172
Trd, 000208.150, 174
Trd, 000208.367, 180
Trd, 000208.517, 171
Trd, 000208.967, 177
Trd, 000209.933, 147
Trd, 000211.533, 178
Trd, 000211.983, 167
Trd, 000213.117, 177
Trd, 000213.233, 178
Trd, 000213.350, 166
Trd, 000215.117, 172
Trd, 000215.417, 170
Trd, 000215.450, 176
Trd, 000215.733, 171
Trd, 000216.750, 172
Trd, 000217.133, 179
Trd, 000218.950, 173
Trd, 000219.000, 177
Trd, 000220.167, 176
Trd, 000220.883, 175
Trd, 000221.033, 174
Trd, 000222.883, 178
Trd, 000223.017, 177
Trd, 000223.283, 171
Trd, 000224.050, 173
Trd, 000224.400, 170
Trd, 000224.817, 163
Trd, 000225.133, 160
Trd, 000225.767, 171
Trd, 000226.283, 170
Trd, 000227.200, 171
Trd, 000228.233, 177
Trd, 000229.167, 177
Trd, 000229.267, 176
Trd, 000229.917, 181
Trd, 000230.050, 183
Trd, 000230.167, 188
Trd, 000230.417, 184
Trd, 000230.767, 179
Trd, 000231.150, 177
Trd, 000231.400, 190
Trd, 000232.200, 190
Trd, 000232.267, 191
Trd, 000232.300, 182
Trd, 000232.350, 186
Trd, 000232.367, 164
Trd, 000232.500, 154
Trd, 000233.033, 160
Trd, 000233.217, 170
Trd, 000234.950, 160
Trd, 000235.683, 174
Trd, 000236.117, 159
Trd, 000237.033, 179
Trd, 000237.800, 166
Trd, 000238.300, 165
Trd, 000238.750, 174
Trd, 000238.983, 166
Trd, 000239.017, 174
Trd, 000239.200, 185
Trd, 000240.017, 166
Trd, 000240.217, 175
Trd, 000240.967, 174
Trd, 000241.100, 174
Trd, 000241.300, 173
Trd, 000241.833, 172
Trd, 000242.033, 171
Trd, 000242.350, 165
Trd, 000242.550, 166
Trd, 000243.850, 167
Trd, 000244.017, 168
Trd, 000244.233, 167
Trd, 000244.383, 166
Trd, 000244.950, 167
Trd, 000245.233, 163
Trd, 000246.017, 171
Trd, 000246.217, 172
Trd, 000246.400, 177
Trd, 000246.517, 170
Trd, 000246.967, 173
Trd, 000247.167, 172
Trd, 000248.050, 172
Trd, 000248.217, 174
Trd, 000248.317, 182
Trd, 000249.050, 172
Trd, 000249.483, 174
Trd, 000249.700, 171
Trd, 000251.067, 172
Trd, 000251.367, 175
Trd, 000252.167, 175
Trd, 000253.300, 175
Trd, 000254.100, 175
Trd, 000254.367, 175
Trd, 000254.400, 173
Trd, 000254.517, 166
Trd, 000254.833, 162
Trd, 000255.167, 176
Trd, 000255.450, 162
Trd, 000256.850, 171
Trd, 000257.083, 170
Trd, 000257.367, 171
Trd, 000257.567, 172
Trd, 000257.583, 174
Trd, 000257.850, 180
Trd, 000259.600, 175
Trd, 000260.150, 174
Trd, 000260.250, 172
Trd, 000260.983, 171
Trd, 000261.200, 171
Trd, 000261.433, 170
Trd, 000261.783, 175
Trd, 000262.367, 177
Trd, 000263.500, 172
Trd, 000263.683, 173
Trd, 000264.150, 174
Trd, 000264.533, 171
Trd, 000264.700, 177
Trd, 000264.800, 173
Trd, 000264.983, 174
Trd, 000265.850, 174
Trd, 000266.083, 177
Trd, 000266.233, 177
Trd, 000266.983, 174
Trd, 000268.617, 173
Trd, 000268.750, 176
Trd, 000269.817, 172
Trd, 000269.833, 171
Trd, 000269.900, 171
Trd, 000269.933, 173
Trd, 000270.017, 171
Trd, 000270.117, 174
Trd, 000270.317, 176
Trd, 000270.867, 176
Trd, 000271.817, 178
Trd, 000272.600, 179
Trd, 000272.633, 176
Trd, 000272.733, 175
Trd, 000272.800, 185
Trd, 000273.750, 174
Trd, 000273.800, 173
Trd, 000273.883, 178
Trd, 000274.767, 172
Trd, 000275.600, 169
Trd, 000275.717, 172
Trd, 000276.217, 168
Trd, 000276.350, 170
Trd, 000277.050, 172
Trd, 000277.867, 175
Trd, 000278.250, 170
Trd, 000278.500, 169
Trd, 000278.583, 169
Trd, 000278.683, 175
Trd, 000279.167, 175
Trd, 000279.467, 172
Trd, 000279.483, 176
Trd, 000280.267, 178
Trd, 000280.283, 179
Trd, 000280.683, 173
Trd, 000281.567, 172
Trd, 000281.633, 182
Trd, 000281.983, 171
Trd, 000282.617, 183
Trd, 000283.433, 174
Trd, 000284.217, 176
Trd, 000284.350, 177
Trd, 000284.550, 172
Trd, 000284.683, 169
Trd, 000285.533, 172
Trd, 000285.800, 179
Trd, 000286.250, 182
Trd, 000286.367, 172
Trd, 000286.817, 173
Trd, 000287.100, 172
Trd, 000287.383, 170
Trd, 000288.733, 177
Trd, 000289.200, 177
Trd, 000289.367, 176
Trd, 000289.433, 178
Trd, 000289.700, 175
Trd, 000290.083, 184
Trd, 000290.233, 186
Trd, 000290.417, 201
Trd, 000291.150, 189
Trd, 000291.450, 185
Trd, 000292.183, 184
Trd, 000292.250, 179
Trd, 000292.633, 192
Trd, 000293.400, 189
Trd, 000293.483, 180
Trd, 000294.283, 182
Trd, 000294.467, 181
Trd, 000294.517, 178
Trd, 000294.800, 180
Trd, 000295.067, 173
Trd, 000295.333, 170
Trd, 000295.450, 183
Trd, 000296.033, 163
Trd, 000296.400, 167
Trd, 000296.483, 184
Trd, 000296.750, 187
Trd, 000297.167, 171
Trd, 000297.217, 166
Trd, 000297.683, 174
Trd, 000297.850, 169
Trd, 000299.417, 176
Trd, 000299.450, 179
Trd, 000299.700, 178
