Trd, 000002.233, 172
Trd, 000002.667, 145
Trd, 000002.983, 158
Trd, 000003.633, 150
Trd, 000004.050, 164
Trd, 000004.083, 162
Trd, 000005.033, 151
Trd, 000006.767, 150
Trd, 000007.450, 151
Trd, 000008.283, 152
Trd, 000008.783, 153
Trd, 000009.117, 153
Trd, 000009.883, 153
Trd, 000009.900, 152
Trd, 000010.900, 151
Trd, 000011.200, 153
Trd, 000011.500, 156
Trd, 000012.300, 153
Trd, 000013.917, 157
Trd, 000014.283, 153
Trd, 000014.400, 155
Trd, 000014.700, 155
Trd, 000014.917, 152
Trd, 000015.067, 155
Trd, 000015.117, 152
Trd, 000015.650, 154
Trd, 000016.167, 120
Trd, 000016.567, 164
Trd, 000016.867, 167
Trd, 000018.283, 155
Trd, 000018.683, 170
Trd, 000018.733, 153
Trd, 000019.633, 168
Trd, 000019.933, 153
Trd, 000020.333, 154
Trd, 000020.383, 121
Trd, 000021.450, 152
Trd, 000022.100, 151
Trd, 000022.750, 150
Trd, 000023.333, 149
Trd, 000024.050, 152
Trd, 000024.100, 151
Trd, 000024.317, 149
Trd, 000025.200, 153
Trd, 000025.233, 157
Trd, 000025.317, 169
Trd, 000026.417, 153
Trd, 000026.817, 136
Trd, 000026.917, 137
Trd, 000026.950, 140
Trd, 000026.967, 164
Trd, 000027.267, 127
Trd, 000028.400, 151
Trd, 000028.550, 150
Trd, 000028.767, 161
Trd, 000030.067, 161
Trd, 000030.917, 158
Trd, 000031.150, 157
Trd, 000032.067, 154
Trd, 000032.533, 156
Trd, 000032.700, 157
Trd, 000033.033, 137
Trd, 000033.900, 157
Trd, 000034.850, 156
Trd, 000035.467, 155
Trd, 000035.667, 156
Trd, 000036.300, 155
Trd, 000036.383, 154
Trd, 000036.500, 154
Trd, 000037.017, 152
Trd, 000037.417, 151
Trd, 000037.683, 122
Trd, 000038.750, 156
Trd, 000038.817, 155
Trd, 000039.517, 157
Trd, 000039.617, 148
Trd, 000039.900, 158
Trd, 000042.300, 157
Trd, 000042.733, 149
Trd, 000042.783, 159
Trd, 000042.900, 139
Trd, 000043.167, 157
Trd, 000043.300, 158
Trd, 000044.333, 149
Trd, 000044.500, 159
Trd, 000045.200, 149
Trd, 000045.283, 148
Trd, 000045.900, 168
Trd, 000045.967, 155
Trd, 000047.117, 162
Trd, 000047.150, 163
Trd, 000048.183, 155
Trd, 000048.400, 153
Trd, 000048.500, 163
Trd, 000049.950, 164
Trd, 000050.267, 173
Trd, 000050.683, 170
Trd, 000051.333, 177
Trd, 000051.450, 176
Trd, 000051.833, 170
Trd, 000052.567, 172
Trd, 000053.433, 159
Trd, 000053.483, 156
Trd, 000053.783, 175
Trd, 000055.183, 158
Trd, 000055.667, 158
Trd, 000055.733, 124
Trd, 000055.983, 123
Trd, 000056.783, 154
Trd, 000056.800, 158
Trd, 000057.350, 160
Trd, 000057.917, 157
Trd, 000058.050, 174
Trd, 000058.200, 175
Trd, 000058.617, 157
Trd, 000058.933, 158
Trd, 000059.367, 123
Trd, 000059.800, 175
Trd, 000059.917, 153
Trd, 000063.817, 161
Trd, 000064.017, 159
Trd, 000064.033, 162
Trd, 000064.050, 163
Trd, 000064.100, 159
Trd, 000064.500, 161
Trd, 000064.950, 158
Trd, 000065.383, 158
Trd, 000065.850, 159
Trd, 000066.283, 168
Trd, 000066.517, 168
Trd, 000067.233, 168
Trd, 000067.267, 175
Trd, 000067.417, 185
Trd, 000067.617, 167
Trd, 000068.583, 161
Trd, 000069.283, 157
Trd, 000069.450, 125
Trd, 000070.450, 165
Trd, 000070.483, 166
Trd, 000070.883, 141
Trd, 000071.033, 144
Trd, 000071.700, 158
Trd, 000072.267, 162
Trd, 000072.333, 158
Trd, 000072.633, 153
Trd, 000072.750, 160
Trd, 000073.083, 146
Trd, 000073.350, 132
Trd, 000075.500, 160
Trd, 000075.550, 149
Trd, 000075.633, 148
Trd, 000076.233, 152
Trd, 000076.583, 158
Trd, 000076.983, 160
Trd, 000077.333, 161
Trd, 000077.467, 162
Trd, 000077.717, 151
Trd, 000077.817, 125
Trd, 000079.500, 171
Trd, 000080.167, 170
Trd, 000081.717, 168
Trd, 000081.867, 167
Trd, 000082.000, 162
Trd, 000082.233, 168
Trd, 000083.517, 171
Trd, 000084.433, 170
Trd, 000085.017, 172
Trd, 000085.400, 171
Trd, 000085.567, 166
Trd, 000085.583, 159
Trd, 000087.017, 171
Trd, 000087.733, 143
Trd, 000088.100, 130
Trd, 000088.383, 154
Trd, 000089.333, 158
Trd, 000089.400, 157
Trd, 000089.750, 163
Trd, 000089.800, 158
Trd, 000089.933, 157
Trd, 000090.833, 164
Trd, 000090.967, 169
Trd, 000091.133, 146
Trd, 000091.500, 128
Trd, 000091.583, 167
Trd, 000092.383, 150
Trd, 000094.183, 164
Trd, 000094.900, 169
Trd, 000096.033, 162
Trd, 000096.350, 163
Trd, 000096.367, 170
Trd, 000097.917, 162
Trd, 000098.467, 162
Trd, 000098.550, 163
Trd, 000098.717, 162
Trd, 000098.767, 161
Trd, 000099.217, 164
Trd, 000099.883, 161
Trd, 000100.533, 165
Trd, 000100.667, 143
Trd, 000101.083, 158
Trd, 000102.017, 165
Trd, 000102.100, 175
Trd, 000102.117, 131
Trd, 000102.133, 129
Trd, 000102.200, 127
Trd, 000102.617, 178
Trd, 000103.883, 171
Trd, 000103.900, 177
Trd, 000104.533, 162
Trd, 000106.333, 184
Trd, 000106.767, 183
Trd, 000107.083, 177
Trd, 000107.633, 176
Trd, 000108.383, 175
Trd, 000108.417, 176
Trd, 000108.550, 173
Trd, 000108.667, 173
Trd, 000109.133, 173
Trd, 000109.483, 173
Trd, 000109.683, 164
Trd, 000109.833, 173
Trd, 000111.750, 170
Trd, 000112.150, 172
Trd, 000112.483, 171
Trd, 000112.783, 172
Trd, 000113.017, 165
Trd, 000113.100, 164
Trd, 000113.867, 171
Trd, 000114.550, 167
Trd, 000114.950, 165
Trd, 000115.467, 164
Trd, 000116.667, 165
Trd, 000117.917, 165
Trd, 000118.050, 166
Trd, 000118.150, 165
Trd, 000118.733, 167
Trd, 000119.033, 165
Trd, 000119.833, 164
Trd, 000120.083, 164
Trd, 000121.267, 165
Trd, 000121.400, 167
Trd, 000121.433, 168
Trd, 000121.533, 165
Trd, 000122.333, 174
Trd, 000122.533, 180
Trd, 000122.583, 191
Trd, 000122.667, 209
Trd, 000122.950, 200
Trd, 000123.550, 207
Trd, 000123.667, 213
Trd, 000123.717, 300.0
Trd, 000124.283, 211
Trd, 000124.450, 303.0
Trd, 000124.533, 310.0
Trd, 000124.683, 289
Trd, 000125.433, 313.0
Trd, 000127.117, 303.0
Trd, 000127.300, 302
Trd, 000127.900, 328
Trd, 000128.633, 331.0
Trd, 000128.650, 334.0
Trd, 000129.367, 329
Trd, 000129.750, 327
Trd, 000130.450, 351.0
Trd, 000131.283, 356
Trd, 000131.533, 351
Trd, 000132.483, 340
Trd, 000132.683, 339
Trd, 000133.783, 349
Trd, 000134.167, 338
Trd, 000134.767, 335
Trd, 000134.867, 351.0
Trd, 000135.133, 355.0
Trd, 000136.050, 335
Trd, 000136.900, 354
Trd, 000137.783, 339
Trd, 000137.917, 336
Trd, 000137.933, 334
Trd, 000138.717, 343
Trd, 000138.800, 331
Trd, 000139.417, 348
Trd, 000140.417, 314.0
Trd, 000140.433, 334.0
Trd, 000141.867, 331
Trd, 000142.150, 342
Trd, 000142.333, 343
Trd, 000142.650, 334
Trd, 000143.633, 334.0
Trd, 000144.450, 333
Trd, 000144.517, 330
Trd, 000145.017, 348
Trd, 000145.950, 348
Trd, 000146.117, 346
Trd, 000146.717, 349
Trd, 000146.800, 342
Trd, 000146.917, 350
Trd, 000147.100, 344
Trd, 000147.483, 351.0
Trd, 000149.117, 354.0
Trd, 000150.150, 353.0
Trd, 000151.100, 354
Trd, 000151.200, 351.0
Trd, 000152.050, 349
Trd, 000152.400, 347
Trd, 000152.617, 345
Trd, 000153.700, 347
Trd, 000154.750, 350
Trd, 000154.767, 351.0
Trd, 000155.017, 355.0
Trd, 000155.033, 348
Trd, 000155.217, 343
Trd, 000155.433, 356
Trd, 000157.083, 345
Trd, 000157.533, 346
Trd, 000157.600, 345
Trd, 000158.750, 357
Trd, 000159.550, 345
Trd, 000159.733, 354
Trd, 000159.750, 355
Trd, 000160.350, 351.0
Trd, 000161.050, 352
Trd, 000161.133, 348
Trd, 000162.483, 348
Trd, 000162.767, 349
Trd, 000163.067, 349
Trd, 000164.200, 348
Trd, 000165.150, 346
Trd, 000165.217, 344
Trd, 000165.467, 344
Trd, 000165.933, 343
Trd, 000165.950, 349.0
Trd, 000166.050, 342
Trd, 000166.450, 351.0
Trd, 000166.500, 355.0
Trd, 000167.200, 351.0
Trd, 000168.300, 351
Trd, 000168.483, 342
Trd, 000169.117, 351.0
Trd, 000169.200, 351
Trd, 000169.533, 366
Trd, 000170.167, 343
Trd, 000170.600, 361
Trd, 000171.250, 357
Trd, 000171.600, 348
Trd, 000172.500, 351
Trd, 000172.767, 348
Trd, 000173.467, 348
Trd, 000174.267, 349
Trd, 000174.483, 350.0
Trd, 000175.083, 349
Trd, 000175.650, 351.0
Trd, 000175.867, 348
Trd, 000177.167, 348
Trd, 000178.117, 345
Trd, 000178.133, 351
Trd, 000178.617, 345
Trd, 000179.050, 344
Trd, 000179.683, 351
Trd, 000180.100, 345
Trd, 000180.167, 351.0
Trd, 000181.033, 344
Trd, 000181.833, 351
Trd, 000181.900, 344
Trd, 000182.033, 319
Trd, 000182.600, 317.0
Trd, 000183.500, 251
Trd, 000183.967, 262
Trd, 000184.717, 218
Trd, 000185.717, 211
Trd, 000185.883, 191
Trd, 000185.983, 175
Trd, 000186.117, 177
Trd, 000187.050, 191
Trd, 000187.750, 183
Trd, 000187.933, 184
Trd, 000189.000, 184
Trd, 000189.033, 185
Trd, 000189.517, 181
Trd, 000189.750, 174
Trd, 000190.150, 170
Trd, 000190.400, 169
Trd, 000190.650, 136
Trd, 000192.367, 168
Trd, 000193.517, 136
Trd, 000193.717, 169
Trd, 000194.383, 168
Trd, 000194.683, 168
Trd, 000194.983, 187
Trd, 000195.683, 165
Trd, 000195.717, 164
Trd, 000196.050, 165
Trd, 000196.117, 165
Trd, 000196.200, 176
Trd, 000198.950, 166
Trd, 000199.000, 165
Trd, 000199.117, 167
Trd, 000199.433, 136
Trd, 000200.317, 154
Trd, 000200.417, 157
Trd, 000201.050, 158
Trd, 000201.167, 154
Trd, 000201.817, 153
Trd, 000201.833, 145
Trd, 000201.883, 168
Trd, 000202.300, 171
Trd, 000202.367, 143
Trd, 000202.800, 175
Trd, 000203.033, 156
Trd, 000203.100, 146
Trd, 000203.917, 176
Trd, 000205.767, 177
Trd, 000205.900, 178
Trd, 000205.933, 165
Trd, 000206.300, 178
Trd, 000207.017, 180
Trd, 000207.817, 171
Trd, 000208.200, 168
Trd, 000208.317, 165
Trd, 000208.817, 181
Trd, 000210.500, 182
Trd, 000210.567, 168
Trd, 000211.417, 173
Trd, 000212.917, 183
Trd, 000213.817, 182
Trd, 000214.150, 178
Trd, 000214.267, 177
Trd, 000214.350, 176
Trd, 000214.583, 176
Trd, 000214.667, 183
Trd, 000214.900, 173
Trd, 000215.933, 184
Trd, 000218.000, 178
Trd, 000218.833, 176
Trd, 000219.383, 176
Trd, 000220.267, 177
Trd, 000220.333, 175
Trd, 000220.900, 176
Trd, 000220.950, 174
Trd, 000221.300, 173
Trd, 000221.467, 176
Trd, 000221.550, 173
Trd, 000221.850, 150
Trd, 000222.783, 163
Trd, 000222.917, 177
Trd, 000224.800, 166
Trd, 000225.250, 169
Trd, 000226.233, 170
Trd, 000226.533, 168
Trd, 000226.733, 170
Trd, 000227.067, 164
Trd, 000227.800, 178
Trd, 000228.217, 177
Trd, 000228.833, 174
Trd, 000229.517, 171
Trd, 000229.550, 167
Trd, 000229.700, 166
Trd, 000229.833, 165
Trd, 000229.933, 185
Trd, 000230.000, 157
Trd, 000231.883, 165
Trd, 000232.500, 171
Trd, 000232.583, 188
Trd, 000233.250, 169
Trd, 000233.267, 167
Trd, 000234.817, 186
Trd, 000235.067, 185
Trd, 000235.533, 183
Trd, 000235.550, 173
Trd, 000236.000, 184
Trd, 000236.483, 172
Trd, 000237.133, 189
Trd, 000237.233, 175
Trd, 000239.250, 178
Trd, 000239.400, 177
Trd, 000239.917, 177
Trd, 000240.000, 175
Trd, 000240.150, 177
Trd, 000240.683, 176
Trd, 000240.700, 175
Trd, 000241.000, 175
Trd, 000241.283, 176
Trd, 000241.867, 173
Trd, 000242.583, 162
Trd, 000242.667, 173
Trd, 000242.683, 172
Trd, 000242.783, 171
Trd, 000243.133, 170
Trd, 000243.350, 173
Trd, 000243.567, 174
Trd, 000243.583, 175
Trd, 000244.317, 173
Trd, 000244.583, 187
Trd, 000244.933, 172
Trd, 000245.667, 176
Trd, 000245.967, 185
Trd, 000246.467, 180
Trd, 000246.533, 186
Trd, 000246.867, 188
Trd, 000247.417, 188
Trd, 000247.767, 187
Trd, 000248.700, 187
Trd, 000249.017, 189
Trd, 000249.683, 184
Trd, 000249.933, 183
Trd, 000250.650, 183
Trd, 000251.333, 182
Trd, 000251.350, 183
Trd, 000251.500, 185
Trd, 000252.383, 182
Trd, 000252.750, 181
Trd, 000252.767, 178
Trd, 000253.133, 183
Trd, 000253.300, 179
Trd, 000254.200, 176
Trd, 000254.600, 186
Trd, 000255.100, 186
Trd, 000255.750, 186
Trd, 000255.950, 184
Trd, 000256.400, 187
Trd, 000256.750, 185
Trd, 000256.850, 184
Trd, 000257.183, 183
Trd, 000257.267, 179
Trd, 000257.717, 178
Trd, 000257.917, 177
Trd, 000258.133, 178
Trd, 000258.317, 160
Trd, 000258.500, 174
Trd, 000258.933, 182
Trd, 000259.850, 181
Trd, 000260.600, 178
Trd, 000261.300, 178
Trd, 000261.500, 178
Trd, 000262.150, 178
Trd, 000262.450, 178
Trd, 000262.650, 181
Trd, 000263.283, 180
Trd, 000263.383, 183
Trd, 000264.283, 179
Trd, 000264.700, 183
Trd, 000265.517, 179
Trd, 000265.633, 177
Trd, 000265.950, 157
Trd, 000266.050, 179
Trd, 000266.367, 183
Trd, 000266.450, 179
Trd, 000266.533, 175
Trd, 000266.917, 174
Trd, 000267.017, 177
Trd, 000268.250, 156
Trd, 000268.400, 163
Trd, 000268.683, 168
Trd, 000268.867, 164
Trd, 000269.083, 163
Trd, 000269.783, 169
Trd, 000270.283, 168
Trd, 000270.517, 168
Trd, 000270.783, 179
Trd, 000270.883, 169
Trd, 000271.167, 173
Trd, 000271.567, 178
Trd, 000271.867, 174
Trd, 000272.067, 171
Trd, 000272.633, 173
Trd, 000272.983, 170
Trd, 000273.367, 166
Trd, 000273.783, 170
Trd, 000273.900, 171
Trd, 000274.067, 177
Trd, 000274.617, 168
Trd, 000274.850, 158
Trd, 000275.583, 161
Trd, 000276.583, 170
Trd, 000277.100, 179
Trd, 000277.683, 172
Trd, 000278.583, 177
Trd, 000278.783, 179
Trd, 000278.800, 170
Trd, 000279.567, 172
Trd, 000279.750, 171
Trd, 000280.817, 177
Trd, 000280.983, 178
Trd, 000281.517, 182
Trd, 000281.617, 174
Trd, 000281.950, 176
Trd, 000282.233, 183
Trd, 000282.783, 181
Trd, 000283.367, 190
Trd, 000284.183, 182
Trd, 000284.317, 179
Trd, 000284.333, 178
Trd, 000285.000, 178
Trd, 000285.033, 181
Trd, 000285.650, 177
Trd, 000286.250, 181
Trd, 000286.300, 182
Trd, 000286.467, 178
Trd, 000286.550, 183
Trd, 000286.967, 180
Trd, 000287.567, 179
Trd, 000287.800, 179
Trd, 000287.933, 176
Trd, 000288.000, 177
Trd, 000288.433, 190
Trd, 000289.367, 189
Trd, 000290.267, 175
Trd, 000290.317, 172
Trd, 000290.333, 189
Trd, 000290.517, 159
Trd, 000290.967, 169
Trd, 000291.583, 180
Trd, 000291.700, 189
Trd, 000292.767, 177
Trd, 000293.267, 176
Trd, 000293.500, 187
Trd, 000293.533, 188
Trd, 000293.650, 174
Trd, 000294.567, 193
Trd, 000294.633, 175
Trd, 000294.983, 174
Trd, 000295.783, 158
Trd, 000296.217, 186
Trd, 000296.683, 178
Trd, 000296.933, 176
Trd, 000297.017, 175
Trd, 000297.050, 179
Trd, 000297.583, 179
Trd, 000297.617, 170
Trd, 000297.667, 180
Trd, 000298.367, 164
Trd, 000299.033, 154
Trd, 000299.883, 168
