Trd, 000001.633, 100
Trd, 000001.733, 106
Trd, 000003.817, 142
Trd, 000004.617, 142
Trd, 000004.733, 143
Trd, 000004.967, 144
Trd, 000005.383, 151
Trd, 000006.300, 144
Trd, 000007.533, 144
Trd, 000007.883, 149
Trd, 000008.767, 143
Trd, 000009.467, 145
Trd, 000009.767, 148
Trd, 000009.850, 149
Trd, 000010.300, 145
Trd, 000010.550, 142
Trd, 000010.750, 141
Trd, 000011.700, 145
Trd, 000012.533, 143
Trd, 000012.800, 142
Trd, 000013.100, 144
Trd, 000013.517, 133
Trd, 000013.800, 145
Trd, 000015.283, 152
Trd, 000015.700, 145
Trd, 000016.317, 150
Trd, 000016.783, 150
Trd, 000017.200, 150
Trd, 000017.500, 147
Trd, 000018.450, 151
Trd, 000020.100, 148
Trd, 000020.633, 152
Trd, 000021.283, 153
Trd, 000021.400, 149
Trd, 000021.500, 160
Trd, 000021.517, 148
Trd, 000021.717, 147
Trd, 000022.217, 148
Trd, 000022.617, 149
Trd, 000022.767, 146
Trd, 000024.633, 146
Trd, 000025.183, 146
Trd, 000025.933, 147
Trd, 000026.533, 149
Trd, 000026.683, 146
Trd, 000026.967, 150
Trd, 000028.200, 151
Trd, 000028.467, 150
Trd, 000028.817, 148
Trd, 000028.917, 147
Trd, 000029.950, 149
Trd, 000029.967, 150
Trd, 000031.767, 144
Trd, 000031.900, 143
Trd, 000032.033, 144
Trd, 000032.967, 150
Trd, 000033.383, 136
Trd, 000034.750, 149
Trd, 000034.883, 151
Trd, 000034.933, 147
Trd, 000035.400, 149
Trd, 000036.117, 154
Trd, 000036.150, 146
Trd, 000036.317, 137
Trd, 000037.917, 145
Trd, 000038.450, 163
Trd, 000039.083, 145
Trd, 000039.217, 155
Trd, 000039.267, 159
Trd, 000039.417, 161
Trd, 000040.400, 148
Trd, 000040.967, 148
Trd, 000041.317, 148
Trd, 000042.317, 152
Trd, 000042.433, 142
Trd, 000043.117, 150
Trd, 000043.583, 137
Trd, 000044.317, 148
Trd, 000044.517, 136
Trd, 000045.100, 147
Trd, 000047.250, 143
Trd, 000047.283, 144
Trd, 000047.750, 145
Trd, 000047.917, 142
Trd, 000048.133, 149
Trd, 000048.933, 136
Trd, 000049.083, 152
Trd, 000049.883, 152
Trd, 000052.150, 152
Trd, 000052.700, 153
Trd, 000052.717, 151
Trd, 000053.183, 149
Trd, 000053.317, 154
Trd, 000053.517, 149
Trd, 000054.650, 152
Trd, 000054.783, 149
Trd, 000055.650, 150
Trd, 000056.867, 149
Trd, 000057.517, 153
Trd, 000057.767, 157
Trd, 000058.283, 150
Trd, 000058.400, 152
Trd, 000058.950, 150
Trd, 000059.050, 152
Trd, 000059.067, 146
Trd, 000059.583, 150
Trd, 000059.800, 146
Trd, 000060.667, 149
Trd, 000061.717, 151
Trd, 000062.317, 152
Trd, 000062.333, 150
Trd, 000062.600, 154
Trd, 000062.667, 164
Trd, 000063.133, 150
Trd, 000064.000, 167
Trd, 000065.017, 159
Trd, 000065.367, 173
Trd, 000065.717, 162
Trd, 000065.933, 157
Trd, 000067.283, 158
Trd, 000067.700, 154
Trd, 000068.517, 146
Trd, 000068.967, 156
Trd, 000069.600, 155
Trd, 000069.783, 158
Trd, 000070.467, 162
Trd, 000070.983, 159
Trd, 000071.483, 158
Trd, 000071.850, 159
Trd, 000072.583, 158
Trd, 000073.033, 157
Trd, 000073.450, 156
Trd, 000074.083, 155
Trd, 000074.317, 151
Trd, 000074.883, 154
Trd, 000075.033, 154
Trd, 000075.133, 153
Trd, 000075.500, 153
Trd, 000076.000, 156
Trd, 000076.167, 157
Trd, 000077.800, 149
Trd, 000078.017, 148
Trd, 000078.583, 147
Trd, 000078.833, 151
Trd, 000079.933, 152
Trd, 000080.433, 152
Trd, 000080.650, 148
Trd, 000081.267, 150
Trd, 000081.500, 153
Trd, 000082.550, 156
Trd, 000083.883, 152
Trd, 000083.967, 152
Trd, 000084.317, 150
Trd, 000085.300, 152
Trd, 000085.533, 152
Trd, 000086.033, 156
Trd, 000086.283, 153
Trd, 000086.967, 166
Trd, 000088.567, 162
Trd, 000088.633, 159
Trd, 000089.600, 162
Trd, 000089.683, 163
Trd, 000089.783, 159
Trd, 000089.883, 164
Trd, 000090.850, 157
Trd, 000090.933, 153
Trd, 000091.200, 149
Trd, 000091.433, 135
Trd, 000092.100, 164
Trd, 000092.300, 152
Trd, 000092.867, 164
Trd, 000094.917, 156
Trd, 000096.333, 151
Trd, 000096.700, 152
Trd, 000096.983, 150
Trd, 000097.000, 150
Trd, 000097.450, 153
Trd, 000097.900, 150
Trd, 000098.050, 153
Trd, 000098.117, 149
Trd, 000098.383, 154
Trd, 000099.400, 158
Trd, 000101.333, 158
Trd, 000101.417, 158
Trd, 000101.517, 154
Trd, 000101.900, 158
Trd, 000102.517, 157
Trd, 000102.733, 154
Trd, 000103.433, 154
Trd, 000103.567, 151
Trd, 000104.817, 156
Trd, 000105.383, 156
Trd, 000105.833, 157
Trd, 000105.983, 158
Trd, 000106.567, 155
Trd, 000107.983, 172
Trd, 000108.767, 172
Trd, 000108.783, 168
Trd, 000108.983, 166
Trd, 000109.233, 171
Trd, 000109.300, 165
Trd, 000110.150, 164
Trd, 000110.367, 155
Trd, 000110.550, 142
Trd, 000110.983, 142
Trd, 000112.100, 162
Trd, 000112.317, 161
Trd, 000112.450, 145
Trd, 000112.867, 159
Trd, 000113.583, 155
Trd, 000113.700, 162
Trd, 000116.000, 158
Trd, 000117.050, 160
Trd, 000117.417, 161
Trd, 000118.717, 160
Trd, 000119.000, 160
Trd, 000119.167, 160
Trd, 000119.900, 161
Trd, 000121.600, 160
Trd, 000121.683, 157
Trd, 000121.750, 161
Trd, 000121.883, 156
Trd, 000122.233, 166
Trd, 000122.267, 167
Trd, 000122.283, 170
Trd, 000123.133, 149
Trd, 000123.167, 174
Trd, 000123.200, 180
Trd, 000123.617, 209
Trd, 000123.900, 212
Trd, 000124.433, 250
Trd, 000125.383, 251
Trd, 000125.433, 300.0
Trd, 000125.517, 306.0
Trd, 000125.867, 310.0
Trd, 000126.767, 320.0
Trd, 000126.900, 317.0
Trd, 000128.267, 334
Trd, 000129.433, 328
Trd, 000129.483, 322.0
Trd, 000129.833, 322.0
Trd, 000130.700, 336.0
Trd, 000131.350, 321
Trd, 000131.400, 337.0
Trd, 000131.800, 344.0
Trd, 000132.833, 335
Trd, 000132.883, 331
Trd, 000133.383, 334
Trd, 000133.667, 335
Trd, 000134.700, 351.0
Trd, 000134.767, 336
Trd, 000135.867, 344.0
Trd, 000137.650, 360
Trd, 000138.117, 361
Trd, 000138.133, 349
Trd, 000138.783, 349.0
Trd, 000139.583, 352
Trd, 000139.883, 351
Trd, 000139.917, 353
Trd, 000140.783, 348.0
Trd, 000141.317, 344.0
Trd, 000142.583, 349
Trd, 000142.617, 350
Trd, 000143.333, 351
Trd, 000143.517, 350.0
Trd, 000144.417, 348
Trd, 000144.467, 340
Trd, 000146.467, 345
Trd, 000146.917, 347.0
Trd, 000147.117, 345
Trd, 000147.300, 343
Trd, 000147.783, 344.0
Trd, 000148.500, 346
Trd, 000149.033, 344.0
Trd, 000149.833, 344
Trd, 000150.833, 344
Trd, 000151.000, 346
Trd, 000151.117, 347
Trd, 000152.183, 347
Trd, 000152.933, 345.0
Trd, 000153.233, 344.0
Trd, 000153.583, 347
Trd, 000153.733, 340
Trd, 000154.400, 343
Trd, 000154.433, 344
Trd, 000154.967, 329
Trd, 000157.083, 332
Trd, 000157.500, 331.0
Trd, 000158.100, 333.0
Trd, 000158.417, 336.0
Trd, 000159.050, 340
Trd, 000159.067, 341
Trd, 000159.267, 340
Trd, 000160.883, 344.0
Trd, 000161.117, 341
Trd, 000161.583, 351.0
Trd, 000162.400, 343
Trd, 000162.833, 343
Trd, 000163.933, 340
Trd, 000164.283, 324.0
Trd, 000165.100, 330
Trd, 000165.217, 337.0
Trd, 000165.600, 337
Trd, 000165.933, 344.0
Trd, 000167.800, 335
Trd, 000167.917, 344.0
Trd, 000168.050, 334
Trd, 000168.350, 334
Trd, 000168.783, 340
Trd, 000169.917, 335
Trd, 000170.050, 340
Trd, 000170.200, 332
Trd, 000170.217, 341
Trd, 000171.533, 344.0
Trd, 000172.017, 347
Trd, 000172.483, 338
Trd, 000172.667, 324.0
Trd, 000172.817, 347
Trd, 000173.850, 341
Trd, 000175.333, 339
Trd, 000175.600, 340
Trd, 000175.800, 341
Trd, 000176.600, 339
Trd, 000176.883, 341
Trd, 000177.133, 339
Trd, 000178.117, 339
Trd, 000178.467, 344.0
Trd, 000178.617, 351.0
Trd, 000180.300, 348
Trd, 000180.933, 349
Trd, 000181.150, 347
Trd, 000181.467, 344.0
Trd, 000181.617, 337
Trd, 000181.900, 331.0
Trd, 000181.950, 324.0
Trd, 000182.567, 316
Trd, 000183.533, 313.0
Trd, 000183.600, 310.0
Trd, 000184.050, 300.0
Trd, 000184.067, 285
Trd, 000184.600, 266
Trd, 000185.467, 216
Trd, 000186.117, 175
Trd, 000186.850, 184
Trd, 000187.817, 174
Trd, 000188.033, 174
Trd, 000188.083, 174
Trd, 000188.717, 166
Trd, 000189.767, 178
Trd, 000190.167, 171
Trd, 000190.300, 177
Trd, 000191.317, 172
Trd, 000191.717, 163
Trd, 000191.867, 171
Trd, 000192.133, 168
Trd, 000192.183, 168
Trd, 000192.417, 159
Trd, 000192.667, 163
Trd, 000193.833, 167
Trd, 000193.900, 168
Trd, 000194.250, 174
Trd, 000194.750, 163
Trd, 000195.083, 169
Trd, 000195.867, 164
Trd, 000196.717, 152
Trd, 000197.800, 160
Trd, 000198.417, 161
Trd, 000198.550, 161
Trd, 000198.817, 164
Trd, 000199.017, 177
Trd, 000199.183, 182
Trd, 000199.467, 170
Trd, 000200.850, 175
Trd, 000201.000, 168
Trd, 000201.850, 172
Trd, 000201.967, 170
Trd, 000202.250, 164
Trd, 000202.917, 163
Trd, 000203.383, 160
Trd, 000205.067, 160
Trd, 000205.417, 161
Trd, 000205.767, 164
Trd, 000206.467, 160
Trd, 000206.733, 165
Trd, 000206.800, 167
Trd, 000207.067, 168
Trd, 000207.617, 164
Trd, 000207.650, 171
Trd, 000208.300, 177
Trd, 000208.600, 164
Trd, 000208.833, 164
Trd, 000209.150, 177
Trd, 000209.617, 162
Trd, 000209.717, 160
Trd, 000210.750, 176
Trd, 000211.350, 177
Trd, 000211.850, 174
Trd, 000212.500, 166
Trd, 000213.483, 167
Trd, 000213.917, 167
Trd, 000214.783, 174
Trd, 000214.900, 179
Trd, 000215.367, 165
Trd, 000215.983, 182
Trd, 000216.700, 167
Trd, 000216.867, 165
Trd, 000217.817, 180
Trd, 000218.083, 176
Trd, 000218.233, 163
Trd, 000218.850, 177
Trd, 000219.767, 175
Trd, 000220.283, 174
Trd, 000220.733, 170
Trd, 000220.767, 153
Trd, 000221.800, 166
Trd, 000222.267, 166
Trd, 000223.450, 164
Trd, 000223.750, 166
Trd, 000223.800, 166
Trd, 000224.200, 165
Trd, 000224.267, 162
Trd, 000225.633, 168
Trd, 000226.050, 168
Trd, 000226.217, 168
Trd, 000226.550, 167
Trd, 000227.450, 159
Trd, 000227.950, 146
Trd, 000228.817, 159
Trd, 000229.917, 162
Trd, 000230.367, 154
Trd, 000230.500, 162
Trd, 000230.550, 163
Trd, 000230.967, 163
Trd, 000231.250, 171
Trd, 000231.600, 155
Trd, 000232.300, 160
Trd, 000232.683, 159
Trd, 000234.700, 164
Trd, 000235.283, 167
Trd, 000235.350, 168
Trd, 000235.600, 161
Trd, 000235.883, 171
Trd, 000236.183, 174
Trd, 000237.100, 167
Trd, 000237.417, 168
Trd, 000238.517, 173
Trd, 000238.650, 171
Trd, 000239.233, 170
Trd, 000240.033, 171
Trd, 000240.100, 171
Trd, 000240.800, 172
Trd, 000240.917, 170
Trd, 000241.167, 173
Trd, 000241.283, 172
Trd, 000241.350, 170
Trd, 000241.450, 181
Trd, 000242.133, 170
Trd, 000242.617, 179
Trd, 000243.467, 172
Trd, 000244.100, 173
Trd, 000244.367, 174
Trd, 000244.467, 171
Trd, 000244.767, 172
Trd, 000245.267, 172
Trd, 000245.417, 174
Trd, 000245.850, 171
Trd, 000245.867, 175
Trd, 000246.800, 176
Trd, 000247.000, 171
Trd, 000248.017, 176
Trd, 000248.383, 176
Trd, 000249.450, 184
Trd, 000249.500, 185
Trd, 000249.800, 182
Trd, 000250.617, 185
Trd, 000250.950, 182
Trd, 000251.483, 180
Trd, 000251.667, 180
Trd, 000252.333, 181
Trd, 000252.600, 180
Trd, 000253.133, 179
Trd, 000253.600, 181
Trd, 000254.333, 182
Trd, 000254.567, 180
Trd, 000255.150, 180
Trd, 000255.283, 182
Trd, 000255.400, 179
Trd, 000256.300, 174
Trd, 000256.433, 177
Trd, 000256.717, 174
Trd, 000256.817, 177
Trd, 000257.300, 174
Trd, 000257.467, 170
Trd, 000257.483, 165
Trd, 000258.033, 171
Trd, 000258.333, 177
Trd, 000258.667, 170
Trd, 000258.933, 177
Trd, 000259.100, 181
Trd, 000260.033, 183
Trd, 000260.467, 184
Trd, 000260.500, 187
Trd, 000261.033, 189
Trd, 000261.483, 185
Trd, 000261.917, 170
Trd, 000262.150, 180
Trd, 000262.850, 171
Trd, 000262.967, 170
Trd, 000263.250, 170
Trd, 000263.700, 174
Trd, 000264.383, 165
Trd, 000264.517, 174
Trd, 000265.133, 170
Trd, 000265.900, 171
Trd, 000266.300, 171
Trd, 000266.517, 169
Trd, 000266.533, 168
Trd, 000266.583, 157
Trd, 000267.467, 170
Trd, 000267.567, 174
Trd, 000268.000, 173
Trd, 000268.350, 168
Trd, 000269.167, 177
Trd, 000269.267, 182
Trd, 000269.967, 183
Trd, 000270.050, 180
Trd, 000270.317, 184
Trd, 000270.867, 192
Trd, 000271.150, 190
Trd, 000271.583, 183
Trd, 000271.617, 192
Trd, 000272.050, 191
Trd, 000272.700, 172
Trd, 000273.200, 178
Trd, 000274.267, 176
Trd, 000274.817, 177
Trd, 000275.550, 172
Trd, 000275.583, 171
Trd, 000275.667, 166
Trd, 000275.867, 176
Trd, 000276.400, 178
Trd, 000276.733, 181
Trd, 000276.767, 183
Trd, 000277.467, 166
Trd, 000277.950, 173
Trd, 000278.333, 166
Trd, 000278.400, 158
Trd, 000278.533, 174
Trd, 000279.083, 172
Trd, 000279.100, 176
Trd, 000279.900, 173
Trd, 000279.950, 169
Trd, 000280.117, 176
Trd, 000280.667, 172
Trd, 000281.033, 183
Trd, 000281.067, 186
Trd, 000281.200, 172
Trd, 000282.183, 169
Trd, 000283.900, 169
Trd, 000284.150, 168
Trd, 000284.767, 172
Trd, 000285.133, 174
Trd, 000285.200, 173
Trd, 000285.750, 163
Trd, 000286.050, 171
Trd, 000286.233, 152
Trd, 000286.267, 171
Trd, 000286.883, 176
Trd, 000287.000, 179
Trd, 000287.250, 167
Trd, 000287.450, 173
Trd, 000288.383, 182
Trd, 000288.617, 184
Trd, 000289.300, 179
Trd, 000290.000, 174
Trd, 000290.067, 173
Trd, 000290.183, 178
Trd, 000290.300, 184
Trd, 000290.383, 173
Trd, 000290.450, 169
Trd, 000290.783, 187
Trd, 000291.133, 174
Trd, 000291.217, 173
Trd, 000291.233, 172
Trd, 000292.083, 165
Trd, 000292.183, 176
Trd, 000292.217, 177
Trd, 000292.417, 178
Trd, 000293.650, 164
Trd, 000293.950, 163
Trd, 000294.167, 160
Trd, 000294.683, 177
Trd, 000294.950, 178
Trd, 000295.417, 173
Trd, 000297.333, 178
Trd, 000297.350, 180
Trd, 000298.217, 172
Trd, 000298.400, 174
Trd, 000298.883, 173
Trd, 000298.967, 172
Trd, 000299.200, 177
