Trd, 000001.633, 124
Trd, 000002.650, 153
Trd, 000002.667, 170
Trd, 000003.450, 157
Trd, 000003.567, 140
Trd, 000005.400, 149
Trd, 000005.450, 149
Trd, 000005.783, 149
Trd, 000006.483, 154
Trd, 000006.650, 155
Trd, 000007.033, 169
Trd, 000007.967, 162
Trd, 000009.283, 144
Trd, 000009.583, 145
Trd, 000010.000, 145
Trd, 000010.300, 149
Trd, 000010.583, 149
Trd, 000010.767, 148
Trd, 000012.100, 147
Trd, 000012.150, 148
Trd, 000013.433, 150
Trd, 000013.717, 150
Trd, 000014.383, 155
Trd, 000015.550, 171
Trd, 000016.200, 155
Trd, 000017.033, 152
Trd, 000018.367, 154
Trd, 000020.183, 151
Trd, 000020.450, 152
Trd, 000020.483, 152
Trd, 000020.733, 154
Trd, 000021.217, 155
Trd, 000021.783, 152
Trd, 000022.617, 153
Trd, 000023.067, 154
Trd, 000023.833, 153
Trd, 000024.467, 152
Trd, 000024.983, 153
Trd, 000025.383, 152
Trd, 000025.517, 151
Trd, 000025.717, 156
Trd, 000026.183, 155
Trd, 000027.233, 151
Trd, 000027.767, 149
Trd, 000028.467, 156
Trd, 000029.533, 148
Trd, 000029.717, 156
Trd, 000030.683, 153
Trd, 000030.850, 154
Trd, 000030.950, 158
Trd, 000031.217, 178
Trd, 000031.450, 151
Trd, 000031.717, 148
Trd, 000032.167, 163
Trd, 000033.083, 155
Trd, 000034.300, 154
Trd, 000035.017, 154
Trd, 000035.317, 154
Trd, 000035.733, 153
Trd, 000036.017, 152
Trd, 000037.033, 154
Trd, 000037.450, 152
Trd, 000037.850, 152
Trd, 000038.050, 153
Trd, 000038.417, 154
Trd, 000038.567, 159
Trd, 000040.383, 152
Trd, 000040.650, 151
Trd, 000041.683, 151
Trd, 000042.200, 149
Trd, 000042.950, 150
Trd, 000043.417, 151
Trd, 000044.183, 155
Trd, 000044.483, 151
Trd, 000044.850, 151
Trd, 000045.233, 159
Trd, 000046.117, 149
Trd, 000046.433, 158
Trd, 000047.600, 155
Trd, 000048.117, 155
Trd, 000048.283, 159
Trd, 000048.350, 174
Trd, 000049.283, 178
Trd, 000049.517, 179
Trd, 000049.617, 163
Trd, 000051.217, 163
Trd, 000052.133, 162
Trd, 000052.550, 149
Trd, 000052.800, 156
Trd, 000053.017, 155
Trd, 000053.400, 156
Trd, 000054.517, 155
Trd, 000055.533, 158
Trd, 000056.467, 156
Trd, 000056.650, 154
Trd, 000056.667, 157
Trd, 000056.900, 158
Trd, 000057.250, 161
Trd, 000058.200, 163
Trd, 000059.250, 156
Trd, 000059.983, 160
Trd, 000060.850, 160
Trd, 000060.883, 157
Trd, 000061.133, 160
Trd, 000061.950, 160
Trd, 000063.167, 161
Trd, 000063.367, 157
Trd, 000063.633, 155
Trd, 000063.733, 149
Trd, 000064.100, 157
Trd, 000065.250, 152
Trd, 000066.150, 152
Trd, 000066.450, 153
Trd, 000066.650, 155
Trd, 000067.250, 156
Trd, 000068.067, 155
Trd, 000068.517, 156
Trd, 000069.667, 156
Trd, 000070.017, 157
Trd, 000070.633, 154
Trd, 000070.850, 153
Trd, 000071.283, 158
Trd, 000071.567, 154
Trd, 000071.800, 152
Trd, 000072.217, 161
Trd, 000072.400, 162
Trd, 000074.233, 158
Trd, 000074.917, 153
Trd, 000075.350, 158
Trd, 000076.617, 157
Trd, 000077.067, 157
Trd, 000077.300, 158
Trd, 000077.417, 163
Trd, 000078.100, 158
Trd, 000078.650, 154
Trd, 000079.233, 157
Trd, 000079.367, 158
Trd, 000080.550, 157
Trd, 000080.600, 155
Trd, 000080.667, 157
Trd, 000081.067, 157
Trd, 000082.417, 145
Trd, 000082.650, 157
Trd, 000083.650, 155
Trd, 000084.333, 154
Trd, 000085.000, 153
Trd, 000085.550, 155
Trd, 000086.617, 153
Trd, 000087.067, 152
Trd, 000087.800, 154
Trd, 000088.417, 153
Trd, 000088.533, 154
Trd, 000088.650, 156
Trd, 000089.683, 162
Trd, 000090.783, 152
Trd, 000092.000, 150
Trd, 000092.250, 150
Trd, 000092.867, 151
Trd, 000093.483, 149
Trd, 000094.517, 151
Trd, 000095.233, 150
Trd, 000095.417, 151
Trd, 000095.450, 153
Trd, 000095.483, 160
Trd, 000096.933, 154
Trd, 000097.017, 160
Trd, 000097.350, 161
Trd, 000098.667, 175
Trd, 000098.967, 178
Trd, 000099.450, 168
Trd, 000099.667, 160
Trd, 000100.433, 155
Trd, 000100.917, 154
Trd, 000100.933, 169
Trd, 000101.300, 179
Trd, 000101.400, 180
Trd, 000102.900, 158
Trd, 000103.000, 165
Trd, 000103.400, 167
Trd, 000105.500, 162
Trd, 000105.517, 164
Trd, 000105.767, 162
Trd, 000106.133, 165
Trd, 000106.500, 166
Trd, 000106.850, 161
Trd, 000107.450, 162
Trd, 000107.667, 146
Trd, 000107.800, 164
Trd, 000108.983, 155
Trd, 000109.983, 157
Trd, 000110.450, 157
Trd, 000111.550, 158
Trd, 000111.750, 157
Trd, 000111.917, 158
Trd, 000112.317, 156
Trd, 000112.383, 165
Trd, 000112.850, 170
Trd, 000113.400, 161
Trd, 000114.950, 161
Trd, 000115.400, 165
Trd, 000115.467, 162
Trd, 000116.667, 154
Trd, 000117.267, 145
Trd, 000117.417, 155
Trd, 000117.600, 138
Trd, 000119.633, 149
Trd, 000120.533, 147
Trd, 000120.950, 146
Trd, 000121.017, 147
Trd, 000122.050, 146
Trd, 000122.300, 156
Trd, 000122.817, 163
Trd, 000123.133, 160
Trd, 000123.400, 167
Trd, 000124.150, 181
Trd, 000124.367, 183
Trd, 000124.833, 318
Trd, 000124.950, 324.0
Trd, 000125.850, 324
Trd, 000126.150, 324
Trd, 000126.650, 325
Trd, 000127.017, 327
Trd, 000127.150, 343.0
Trd, 000128.033, 342.0
Trd, 000129.567, 324.0
Trd, 000129.883, 327
Trd, 000129.917, 328
Trd, 000132.450, 338.0
Trd, 000132.850, 330
Trd, 000132.983, 339.0
Trd, 000133.683, 338
Trd, 000137.000, 335
Trd, 000137.183, 339
Trd, 000137.233, 344.0
Trd, 000138.167, 347.0
Trd, 000138.867, 343
Trd, 000139.417, 342
Trd, 000139.500, 336.0
Trd, 000140.000, 339
Trd, 000141.133, 336
Trd, 000141.400, 337
Trd, 000141.833, 337
Trd, 000142.200, 340
Trd, 000144.567, 337
Trd, 000144.783, 338.0
Trd, 000144.817, 343.0
Trd, 000146.817, 344.0
Trd, 000146.950, 337
Trd, 000147.100, 336
Trd, 000149.033, 342
Trd, 000149.650, 344
Trd, 000149.667, 351.0
Trd, 000150.150, 340
Trd, 000151.467, 343.0
Trd, 000152.383, 343.0
Trd, 000153.817, 341
Trd, 000155.250, 342
Trd, 000155.367, 341
Trd, 000155.850, 336
Trd, 000157.200, 338
Trd, 000157.300, 345
Trd, 000159.133, 336
Trd, 000159.250, 344
Trd, 000160.817, 338
Trd, 000161.133, 338
Trd, 000161.217, 339
Trd, 000161.367, 342.0
Trd, 000161.400, 338
Trd, 000163.283, 338
Trd, 000163.583, 340
Trd, 000165.950, 339
Trd, 000166.150, 339
Trd, 000166.400, 341
Trd, 000167.117, 344.0
Trd, 000167.883, 350.0
Trd, 000168.883, 343
Trd, 000170.300, 343.0
Trd, 000170.517, 343.0
Trd, 000170.750, 341
Trd, 000171.850, 339
Trd, 000172.683, 338
Trd, 000173.083, 339
Trd, 000173.600, 337
Trd, 000173.617, 338
Trd, 000173.867, 342
Trd, 000174.650, 344.0
Trd, 000174.750, 351.0
Trd, 000175.300, 343
Trd, 000175.767, 344
Trd, 000176.183, 345
Trd, 000177.033, 338
Trd, 000177.983, 344
Trd, 000179.550, 340
Trd, 000180.017, 340
Trd, 000180.900, 341
Trd, 000181.033, 339
Trd, 000181.750, 341
Trd, 000181.917, 341
Trd, 000181.967, 339
Trd, 000182.050, 344.0
Trd, 000182.100, 337
Trd, 000182.117, 319
Trd, 000182.133, 307
Trd, 000182.167, 306.0
Trd, 000182.200, 300.0
Trd, 000182.817, 299
Trd, 000184.217, 263
Trd, 000184.467, 240
Trd, 000185.533, 239
Trd, 000185.900, 207
Trd, 000186.000, 204
Trd, 000186.417, 186
Trd, 000187.133, 198
Trd, 000188.250, 182
Trd, 000188.817, 193
Trd, 000189.750, 176
Trd, 000190.467, 174
Trd, 000191.417, 187
Trd, 000191.717, 185
Trd, 000191.983, 183
Trd, 000192.717, 185
Trd, 000193.383, 179
Trd, 000193.517, 177
Trd, 000194.800, 177
Trd, 000195.850, 175
Trd, 000195.883, 174
Trd, 000196.133, 170
Trd, 000196.267, 175
Trd, 000196.883, 173
Trd, 000198.500, 171
Trd, 000199.167, 164
Trd, 000199.567, 154
Trd, 000199.617, 164
Trd, 000200.617, 163
Trd, 000201.367, 162
Trd, 000202.167, 162
Trd, 000202.250, 163
Trd, 000202.533, 163
Trd, 000203.000, 170
Trd, 000203.400, 168
Trd, 000204.250, 170
Trd, 000204.433, 164
Trd, 000206.650, 172
Trd, 000206.933, 175
Trd, 000207.967, 169
Trd, 000208.417, 171
Trd, 000208.500, 172
Trd, 000209.300, 170
Trd, 000209.500, 172
Trd, 000210.700, 171
Trd, 000210.833, 171
Trd, 000211.000, 168
Trd, 000211.817, 165
Trd, 000213.667, 168
Trd, 000213.700, 166
Trd, 000214.367, 167
Trd, 000214.917, 172
Trd, 000215.033, 176
Trd, 000215.383, 168
Trd, 000215.733, 195
Trd, 000216.633, 171
Trd, 000217.400, 171
Trd, 000218.250, 169
Trd, 000219.167, 165
Trd, 000219.417, 166
Trd, 000219.517, 165
Trd, 000219.817, 166
Trd, 000220.250, 165
Trd, 000221.800, 159
Trd, 000221.900, 160
Trd, 000222.433, 151
Trd, 000223.383, 162
Trd, 000224.717, 162
Trd, 000224.850, 163
Trd, 000225.267, 165
Trd, 000225.833, 156
Trd, 000225.917, 162
Trd, 000226.250, 166
Trd, 000226.533, 173
Trd, 000228.033, 166
Trd, 000228.250, 166
Trd, 000228.517, 165
Trd, 000228.717, 164
Trd, 000229.133, 166
Trd, 000229.933, 167
Trd, 000232.217, 165
Trd, 000232.367, 164
Trd, 000232.767, 166
Trd, 000233.333, 167
Trd, 000233.700, 166
Trd, 000234.617, 167
Trd, 000235.400, 167
Trd, 000235.767, 168
Trd, 000238.083, 171
Trd, 000238.583, 173
Trd, 000239.117, 168
Trd, 000239.533, 174
Trd, 000240.950, 176
Trd, 000240.983, 176
Trd, 000241.033, 177
Trd, 000241.167, 182
Trd, 000241.817, 177
Trd, 000242.183, 177
Trd, 000242.333, 179
Trd, 000242.567, 178
Trd, 000243.183, 176
Trd, 000243.367, 175
Trd, 000243.650, 177
Trd, 000244.217, 176
Trd, 000244.617, 174
Trd, 000244.683, 175
Trd, 000244.850, 176
Trd, 000245.750, 176
Trd, 000246.683, 176
Trd, 000246.800, 177
Trd, 000246.917, 173
Trd, 000247.233, 168
Trd, 000247.633, 170
Trd, 000249.000, 173
Trd, 000249.217, 169
Trd, 000249.983, 165
Trd, 000250.100, 171
Trd, 000250.900, 174
Trd, 000250.983, 176
Trd, 000251.267, 179
Trd, 000251.283, 180
Trd, 000251.467, 176
Trd, 000251.583, 174
Trd, 000251.683, 173
Trd, 000252.050, 179
Trd, 000252.883, 185
Trd, 000253.117, 187
Trd, 000253.417, 184
Trd, 000253.533, 178
Trd, 000254.200, 180
Trd, 000254.250, 178
Trd, 000255.117, 180
Trd, 000255.933, 178
Trd, 000256.117, 179
Trd, 000256.317, 177
Trd, 000256.767, 177
Trd, 000257.000, 174
Trd, 000257.617, 173
Trd, 000258.383, 171
Trd, 000258.517, 176
Trd, 000259.017, 177
Trd, 000259.383, 180
Trd, 000259.517, 197
Trd, 000260.417, 184
Trd, 000260.567, 195
Trd, 000260.767, 181
Trd, 000261.317, 177
Trd, 000262.167, 179
Trd, 000262.933, 178
Trd, 000262.950, 179
Trd, 000263.550, 177
Trd, 000263.750, 177
Trd, 000264.067, 177
Trd, 000264.100, 175
Trd, 000264.900, 178
Trd, 000264.983, 178
Trd, 000265.550, 180
Trd, 000265.900, 181
Trd, 000266.450, 191
Trd, 000266.950, 185
Trd, 000267.183, 184
Trd, 000267.583, 171
Trd, 000267.717, 159
Trd, 000268.833, 179
Trd, 000268.950, 177
Trd, 000269.767, 179
Trd, 000270.033, 178
Trd, 000270.233, 181
Trd, 000270.350, 182
Trd, 000270.417, 179
Trd, 000271.000, 182
Trd, 000271.350, 180
Trd, 000271.683, 180
Trd, 000271.883, 178
Trd, 000272.133, 179
Trd, 000272.550, 179
Trd, 000273.383, 175
Trd, 000273.633, 178
Trd, 000273.700, 178
Trd, 000273.767, 172
Trd, 000274.767, 177
Trd, 000275.683, 176
Trd, 000275.783, 175
Trd, 000276.167, 179
Trd, 000276.217, 177
Trd, 000276.683, 179
Trd, 000277.033, 175
Trd, 000277.167, 181
Trd, 000277.467, 183
Trd, 000278.217, 180
Trd, 000278.633, 178
Trd, 000279.033, 174
Trd, 000279.633, 171
Trd, 000280.100, 171
Trd, 000280.333, 172
Trd, 000280.817, 177
Trd, 000281.517, 178
Trd, 000281.650, 180
Trd, 000282.233, 173
Trd, 000282.600, 172
Trd, 000282.667, 172
Trd, 000283.267, 175
Trd, 000283.850, 175
Trd, 000283.900, 175
Trd, 000283.950, 179
Trd, 000284.383, 187
Trd, 000284.483, 186
Trd, 000284.717, 186
Trd, 000285.067, 181
Trd, 000285.300, 179
Trd, 000285.867, 182
Trd, 000286.017, 178
Trd, 000286.217, 193
Trd, 000286.450, 191
Trd, 000287.550, 191
Trd, 000288.000, 193
Trd, 000288.033, 190
Trd, 000288.183, 188
Trd, 000288.883, 192
Trd, 000289.167, 191
Trd, 000289.883, 185
Trd, 000290.200, 173
Trd, 000290.217, 182
Trd, 000290.717, 162
Trd, 000291.467, 178
Trd, 000291.567, 173
Trd, 000292.200, 179
Trd, 000292.517, 179
Trd, 000292.867, 157
Trd, 000293.333, 157
Trd, 000293.783, 160
Trd, 000294.367, 178
Trd, 000294.500, 179
Trd, 000294.900, 164
Trd, 000295.100, 180
Trd, 000295.150, 184
Trd, 000295.183, 187
Trd, 000295.733, 184
Trd, 000295.883, 174
Trd, 000296.183, 184
Trd, 000296.600, 182
Trd, 000297.650, 182
Trd, 000297.717, 183
Trd, 000297.767, 188
Trd, 000298.133, 195
Trd, 000298.167, 185
Trd, 000298.967, 188
Trd, 000299.200, 185
Trd, 000299.300, 185
