Trd, 000001.467, 109
Trd, 000001.550, 117
Trd, 000002.133, 120
Trd, 000003.800, 156
Trd, 000004.733, 144
Trd, 000005.083, 145
Trd, 000005.517, 143
Trd, 000005.817, 142
Trd, 000006.550, 143
Trd, 000006.567, 144
Trd, 000006.833, 142
Trd, 000007.233, 151
Trd, 000007.650, 159
Trd, 000008.067, 140
Trd, 000008.900, 164
Trd, 000009.083, 159
Trd, 000009.450, 163
Trd, 000009.800, 158
Trd, 000010.583, 165
Trd, 000011.350, 155
Trd, 000011.467, 152
Trd, 000011.967, 152
Trd, 000013.033, 153
Trd, 000013.417, 153
Trd, 000013.600, 152
Trd, 000013.867, 154
Trd, 000013.967, 143
Trd, 000014.067, 141
Trd, 000014.467, 136
Trd, 000014.533, 156
Trd, 000015.667, 159
Trd, 000016.283, 152
Trd, 000017.917, 158
Trd, 000018.083, 155
Trd, 000018.383, 158
Trd, 000019.033, 154
Trd, 000019.083, 155
Trd, 000019.250, 160
Trd, 000019.300, 161
Trd, 000020.000, 154
Trd, 000021.483, 166
Trd, 000023.167, 160
Trd, 000023.183, 159
Trd, 000024.017, 164
Trd, 000025.400, 157
Trd, 000025.417, 150
Trd, 000025.767, 158
Trd, 000026.017, 155
Trd, 000026.317, 156
Trd, 000026.567, 159
Trd, 000027.233, 154
Trd, 000027.617, 160
Trd, 000027.867, 155
Trd, 000028.900, 157
Trd, 000029.150, 156
Trd, 000029.300, 154
Trd, 000029.467, 156
Trd, 000029.650, 146
Trd, 000031.000, 161
Trd, 000031.100, 153
Trd, 000033.133, 154
Trd, 000033.817, 153
Trd, 000033.967, 157
Trd, 000034.000, 144
Trd, 000034.033, 137
Trd, 000034.700, 155
Trd, 000035.083, 152
Trd, 000035.133, 158
Trd, 000036.533, 159
Trd, 000036.550, 161
Trd, 000036.750, 151
Trd, 000037.867, 168
Trd, 000037.950, 153
Trd, 000039.600, 152
Trd, 000039.667, 151
Trd, 000040.850, 153
Trd, 000041.683, 151
Trd, 000041.750, 154
Trd, 000042.450, 149
Trd, 000042.733, 150
Trd, 000043.367, 147
Trd, 000043.517, 150
Trd, 000043.533, 140
Trd, 000044.967, 155
Trd, 000045.050, 159
Trd, 000045.417, 154
Trd, 000045.467, 152
Trd, 000046.950, 157
Trd, 000047.183, 160
Trd, 000047.600, 156
Trd, 000047.933, 155
Trd, 000048.417, 162
Trd, 000048.533, 163
Trd, 000048.567, 171
Trd, 000049.250, 177
Trd, 000050.967, 170
Trd, 000051.617, 167
Trd, 000051.683, 173
Trd, 000052.417, 163
Trd, 000052.883, 156
Trd, 000052.900, 175
Trd, 000053.050, 172
Trd, 000054.250, 170
Trd, 000055.100, 171
Trd, 000057.233, 169
Trd, 000057.633, 168
Trd, 000058.067, 167
Trd, 000058.183, 171
Trd, 000059.500, 167
Trd, 000060.217, 167
Trd, 000060.250, 170
Trd, 000060.483, 171
Trd, 000060.900, 157
Trd, 000061.250, 149
Trd, 000062.617, 161
Trd, 000062.767, 152
Trd, 000063.317, 158
Trd, 000063.450, 163
Trd, 000064.567, 161
Trd, 000064.883, 159
Trd, 000065.767, 160
Trd, 000066.500, 160
Trd, 000067.033, 170
Trd, 000067.117, 159
Trd, 000067.467, 160
Trd, 000067.600, 159
Trd, 000069.267, 165
Trd, 000069.300, 178
Trd, 000069.867, 157
Trd, 000070.367, 155
Trd, 000071.700, 150
Trd, 000072.183, 151
Trd, 000072.517, 152
Trd, 000072.933, 151
Trd, 000072.967, 157
Trd, 000073.283, 150
Trd, 000073.833, 158
Trd, 000074.217, 174
Trd, 000077.400, 162
Trd, 000077.983, 161
Trd, 000078.117, 156
Trd, 000078.567, 160
Trd, 000079.083, 160
Trd, 000079.200, 162
Trd, 000079.833, 158
Trd, 000080.033, 150
Trd, 000082.517, 154
Trd, 000082.933, 163
Trd, 000083.450, 159
Trd, 000083.850, 159
Trd, 000084.000, 159
Trd, 000084.250, 163
Trd, 000084.500, 158
Trd, 000084.650, 163
Trd, 000086.567, 162
Trd, 000086.867, 158
Trd, 000087.300, 162
Trd, 000088.117, 163
Trd, 000088.667, 160
Trd, 000089.400, 158
Trd, 000090.333, 166
Trd, 000091.350, 167
Trd, 000091.483, 147
Trd, 000091.900, 169
Trd, 000092.150, 162
Trd, 000092.733, 174
Trd, 000093.650, 162
Trd, 000094.233, 161
Trd, 000094.250, 170
Trd, 000094.933, 161
Trd, 000095.450, 166
Trd, 000096.733, 151
Trd, 000097.967, 154
Trd, 000098.233, 161
Trd, 000098.533, 163
Trd, 000098.567, 147
Trd, 000099.167, 158
Trd, 000100.150, 158
Trd, 000100.550, 161
Trd, 000100.700, 165
Trd, 000101.783, 165
Trd, 000102.900, 164
Trd, 000103.900, 163
Trd, 000104.783, 162
Trd, 000105.367, 163
Trd, 000105.850, 163
Trd, 000105.933, 162
Trd, 000105.950, 165
Trd, 000106.617, 161
Trd, 000106.767, 182
Trd, 000107.883, 162
Trd, 000108.133, 161
Trd, 000109.467, 166
Trd, 000109.750, 165
Trd, 000110.217, 166
Trd, 000110.317, 162
Trd, 000110.867, 166
Trd, 000110.950, 167
Trd, 000111.383, 157
Trd, 000111.950, 156
Trd, 000112.233, 159
Trd, 000112.367, 162
Trd, 000113.317, 162
Trd, 000114.650, 161
Trd, 000114.950, 167
Trd, 000116.267, 155
Trd, 000116.500, 163
Trd, 000117.183, 148
Trd, 000117.483, 158
Trd, 000118.050, 160
Trd, 000118.417, 163
Trd, 000119.200, 165
Trd, 000119.217, 166
Trd, 000120.017, 165
Trd, 000120.067, 167
Trd, 000121.367, 168
Trd, 000121.483, 168
Trd, 000121.850, 170
Trd, 000122.000, 184
Trd, 000122.017, 186
Trd, 000122.850, 188
Trd, 000122.867, 205
Trd, 000123.033, 208
Trd, 000123.400, 310.0
Trd, 000123.633, 319
Trd, 000123.783, 341
Trd, 000124.683, 338
Trd, 000125.800, 337
Trd, 000125.817, 336
Trd, 000125.967, 350.0
Trd, 000126.900, 343
Trd, 000127.417, 325.0
Trd, 000127.950, 355
Trd, 000128.483, 331
Trd, 000129.933, 342
Trd, 000130.300, 342
Trd, 000132.650, 345
Trd, 000132.717, 343
Trd, 000133.133, 348.0
Trd, 000133.667, 340
Trd, 000133.933, 336
Trd, 000134.933, 349.0
Trd, 000135.883, 337
Trd, 000136.550, 338
Trd, 000136.700, 363
Trd, 000136.733, 334
Trd, 000137.017, 363
Trd, 000137.517, 351.0
Trd, 000138.350, 355
Trd, 000140.033, 349
Trd, 000140.283, 347
Trd, 000140.583, 355.0
Trd, 000140.733, 365
Trd, 000141.150, 344
Trd, 000141.883, 342
Trd, 000142.350, 342
Trd, 000142.417, 336
Trd, 000144.067, 334
Trd, 000144.533, 350.0
Trd, 000146.667, 346
Trd, 000147.050, 349.0
Trd, 000147.167, 351.0
Trd, 000147.300, 354.0
Trd, 000148.583, 344
Trd, 000150.150, 350
Trd, 000150.450, 346
Trd, 000150.733, 344
Trd, 000151.217, 345
Trd, 000152.600, 345
Trd, 000152.733, 346
Trd, 000154.217, 345
Trd, 000154.417, 346
Trd, 000155.183, 351.0
Trd, 000156.133, 343
Trd, 000156.333, 354.0
Trd, 000156.433, 342
Trd, 000159.450, 349
Trd, 000159.483, 348
Trd, 000159.950, 347
Trd, 000160.300, 342
Trd, 000160.533, 351.0
Trd, 000160.700, 351
Trd, 000161.533, 355.0
Trd, 000162.317, 358.0
Trd, 000162.367, 342
Trd, 000163.000, 351.0
Trd, 000163.700, 363
Trd, 000164.933, 360
Trd, 000165.017, 358
Trd, 000165.700, 360
Trd, 000166.217, 358
Trd, 000166.700, 365
Trd, 000168.333, 363
Trd, 000168.400, 363
Trd, 000168.750, 359
Trd, 000169.850, 358.0
Trd, 000170.133, 358
Trd, 000170.183, 354
Trd, 000171.350, 348
Trd, 000171.750, 348
Trd, 000172.117, 349
Trd, 000172.950, 349
Trd, 000173.517, 348
Trd, 000173.600, 347
Trd, 000174.667, 346
Trd, 000174.883, 352
Trd, 000174.950, 354
Trd, 000178.167, 350.0
Trd, 000178.517, 350.0
Trd, 000178.933, 348
Trd, 000179.267, 349
Trd, 000180.183, 350
Trd, 000180.983, 350.0
Trd, 000181.183, 351.0
Trd, 000181.867, 335
Trd, 000182.117, 335
Trd, 000183.467, 335
Trd, 000183.783, 324.0
Trd, 000184.000, 315
Trd, 000184.133, 310.0
Trd, 000184.183, 291
Trd, 000184.450, 271
Trd, 000184.617, 222
Trd, 000185.267, 204
Trd, 000185.283, 191
Trd, 000186.167, 180
Trd, 000186.333, 176
Trd, 000187.433, 199
Trd, 000187.517, 186
Trd, 000187.650, 169
Trd, 000188.100, 195
Trd, 000188.683, 196
Trd, 000190.250, 181
Trd, 000190.983, 187
Trd, 000191.083, 182
Trd, 000191.200, 194
Trd, 000191.400, 170
Trd, 000192.550, 170
Trd, 000193.017, 169
Trd, 000193.350, 174
Trd, 000193.750, 168
Trd, 000194.783, 175
Trd, 000195.233, 175
Trd, 000196.867, 173
Trd, 000197.200, 175
Trd, 000198.250, 173
Trd, 000198.267, 172
Trd, 000199.250, 172
Trd, 000200.233, 174
Trd, 000200.317, 162
Trd, 000200.433, 175
Trd, 000201.133, 165
Trd, 000201.383, 169
Trd, 000201.900, 168
Trd, 000202.383, 169
Trd, 000202.600, 173
Trd, 000202.967, 168
Trd, 000203.467, 178
Trd, 000204.150, 176
Trd, 000204.533, 173
Trd, 000206.133, 179
Trd, 000206.383, 172
Trd, 000206.583, 181
Trd, 000207.950, 177
Trd, 000208.000, 175
Trd, 000208.467, 178
Trd, 000208.600, 173
Trd, 000211.017, 175
Trd, 000211.167, 173
Trd, 000211.433, 174
Trd, 000211.850, 172
Trd, 000213.250, 166
Trd, 000213.533, 174
Trd, 000213.667, 175
Trd, 000214.867, 172
Trd, 000215.800, 175
Trd, 000216.433, 176
Trd, 000216.683, 169
Trd, 000216.817, 179
Trd, 000218.100, 166
Trd, 000218.683, 173
Trd, 000219.067, 167
Trd, 000220.200, 175
Trd, 000220.667, 174
Trd, 000220.933, 173
Trd, 000222.267, 173
Trd, 000222.450, 173
Trd, 000223.017, 173
Trd, 000225.133, 173
Trd, 000226.450, 171
Trd, 000226.683, 171
Trd, 000227.750, 172
Trd, 000228.750, 174
Trd, 000228.900, 172
Trd, 000229.167, 173
Trd, 000229.317, 177
Trd, 000230.383, 179
Trd, 000230.933, 173
Trd, 000231.017, 180
Trd, 000231.233, 173
Trd, 000231.933, 167
Trd, 000232.217, 180
Trd, 000233.650, 181
Trd, 000233.700, 181
Trd, 000234.100, 189
Trd, 000234.750, 179
Trd, 000235.333, 180
Trd, 000235.967, 180
Trd, 000236.033, 181
Trd, 000236.867, 182
Trd, 000237.217, 181
Trd, 000237.300, 171
Trd, 000238.017, 197
Trd, 000238.567, 193
Trd, 000238.717, 171
Trd, 000240.750, 177
Trd, 000241.567, 181
Trd, 000241.683, 183
Trd, 000241.817, 179
Trd, 000242.200, 185
Trd, 000242.700, 177
Trd, 000242.817, 184
Trd, 000243.717, 176
Trd, 000243.783, 176
Trd, 000243.933, 173
Trd, 000244.033, 184
Trd, 000244.783, 180
Trd, 000245.083, 175
Trd, 000245.350, 172
Trd, 000245.783, 171
Trd, 000246.100, 170
Trd, 000246.317, 178
Trd, 000248.750, 172
Trd, 000249.133, 168
Trd, 000249.667, 167
Trd, 000249.950, 172
Trd, 000250.067, 176
Trd, 000250.833, 175
Trd, 000251.033, 178
Trd, 000251.700, 178
Trd, 000251.783, 183
Trd, 000252.583, 178
Trd, 000253.050, 177
Trd, 000253.233, 185
Trd, 000253.800, 182
Trd, 000254.133, 181
Trd, 000254.633, 182
Trd, 000255.100, 179
Trd, 000255.600, 174
Trd, 000256.667, 176
Trd, 000256.700, 175
Trd, 000256.767, 170
Trd, 000256.917, 172
Trd, 000257.100, 168
Trd, 000257.233, 175
Trd, 000258.283, 176
Trd, 000258.567, 173
Trd, 000259.100, 177
Trd, 000259.317, 188
Trd, 000259.483, 172
Trd, 000259.867, 171
Trd, 000260.000, 182
Trd, 000260.433, 183
Trd, 000261.433, 183
Trd, 000261.917, 177
Trd, 000262.117, 178
Trd, 000263.900, 172
Trd, 000264.200, 171
Trd, 000264.267, 174
Trd, 000264.433, 177
Trd, 000264.617, 178
Trd, 000265.300, 177
Trd, 000265.333, 181
Trd, 000265.700, 174
Trd, 000266.117, 175
Trd, 000266.400, 178
Trd, 000266.867, 183
Trd, 000267.067, 180
Trd, 000268.000, 183
Trd, 000268.217, 180
Trd, 000268.233, 179
Trd, 000268.283, 183
Trd, 000268.833, 182
Trd, 000269.867, 182
Trd, 000270.000, 172
Trd, 000270.033, 171
Trd, 000270.967, 163
Trd, 000271.150, 180
Trd, 000271.550, 183
Trd, 000272.333, 178
Trd, 000272.933, 176
Trd, 000273.150, 177
Trd, 000273.517, 179
Trd, 000273.917, 182
Trd, 000274.417, 185
Trd, 000274.717, 180
Trd, 000274.833, 186
Trd, 000274.917, 179
Trd, 000275.117, 178
Trd, 000275.333, 189
Trd, 000275.633, 177
Trd, 000276.200, 178
Trd, 000276.467, 177
Trd, 000277.100, 190
Trd, 000278.050, 188
Trd, 000279.033, 190
Trd, 000279.200, 190
Trd, 000279.367, 187
Trd, 000279.817, 191
Trd, 000279.917, 184
Trd, 000280.333, 179
Trd, 000280.883, 173
Trd, 000281.117, 171
Trd, 000281.467, 183
Trd, 000281.850, 185
Trd, 000282.250, 184
Trd, 000282.483, 187
Trd, 000283.117, 189
Trd, 000283.517, 189
Trd, 000283.767, 185
Trd, 000284.533, 179
Trd, 000284.883, 187
Trd, 000285.317, 189
Trd, 000286.017, 189
Trd, 000286.050, 188
Trd, 000286.250, 185
Trd, 000286.567, 183
Trd, 000287.067, 172
Trd, 000287.433, 170
Trd, 000287.750, 165
Trd, 000289.033, 187
Trd, 000289.350, 187
Trd, 000289.400, 187
Trd, 000289.533, 188
Trd, 000289.550, 179
Trd, 000289.833, 189
Trd, 000290.383, 175
Trd, 000291.233, 190
Trd, 000291.400, 173
Trd, 000291.617, 180
Trd, 000292.633, 180
Trd, 000293.100, 186
Trd, 000293.867, 181
Trd, 000294.433, 180
Trd, 000294.517, 186
Trd, 000294.533, 172
Trd, 000295.050, 186
Trd, 000296.150, 183
Trd, 000296.550, 187
Trd, 000296.817, 182
Trd, 000296.883, 188
Trd, 000297.367, 194
Trd, 000297.867, 188
Trd, 000297.967, 190
Trd, 000298.067, 185
Trd, 000298.133, 191
Trd, 000298.233, 192
Trd, 000298.283, 202
Trd, 000299.017, 187
Trd, 000299.350, 182
