Trd, 000000.700, 186
Trd, 000001.433, 153
Trd, 000001.650, 156
Trd, 000002.600, 129
Trd, 000002.800, 137
Trd, 000002.833, 128
Trd, 000002.933, 144
Trd, 000003.800, 148
Trd, 000003.817, 129
Trd, 000004.000, 127
Trd, 000005.183, 143
Trd, 000005.467, 142
Trd, 000005.700, 148
Trd, 000006.317, 154
Trd, 000007.350, 143
Trd, 000007.533, 148
Trd, 000007.967, 145
Trd, 000008.833, 149
Trd, 000009.067, 149
Trd, 000009.317, 149
Trd, 000009.867, 147
Trd, 000010.083, 146
Trd, 000010.333, 151
Trd, 000011.083, 147
Trd, 000012.383, 149
Trd, 000012.900, 149
Trd, 000013.633, 151
Trd, 000013.750, 148
Trd, 000014.033, 149
Trd, 000014.600, 150
Trd, 000015.533, 150
Trd, 000015.600, 148
Trd, 000015.683, 151
Trd, 000016.300, 152
Trd, 000016.533, 146
Trd, 000017.000, 146
Trd, 000017.333, 144
Trd, 000017.517, 138
Trd, 000017.950, 143
Trd, 000018.867, 150
Trd, 000019.000, 151
Trd, 000019.233, 151
Trd, 000019.600, 142
Trd, 000019.667, 134
Trd, 000019.967, 177
Trd, 000020.017, 184
Trd, 000020.267, 160
Trd, 000020.650, 188
Trd, 000021.183, 135
Trd, 000021.667, 170
Trd, 000022.117, 175
Trd, 000023.300, 160
Trd, 000023.317, 150
Trd, 000023.583, 132
Trd, 000024.517, 165
Trd, 000024.900, 157
Trd, 000025.850, 157
Trd, 000026.800, 166
Trd, 000027.750, 167
Trd, 000028.333, 161
Trd, 000028.650, 160
Trd, 000029.517, 158
Trd, 000029.767, 151
Trd, 000030.033, 159
Trd, 000030.167, 156
Trd, 000030.467, 151
Trd, 000031.067, 140
Trd, 000031.633, 133
Trd, 000032.367, 159
Trd, 000033.433, 160
Trd, 000033.983, 160
Trd, 000034.283, 160
Trd, 000034.783, 158
Trd, 000034.967, 151
Trd, 000035.350, 151
Trd, 000035.667, 150
Trd, 000035.817, 168
Trd, 000036.483, 161
Trd, 000037.400, 160
Trd, 000037.533, 163
Trd, 000037.750, 159
Trd, 000037.833, 172
Trd, 000038.783, 171
Trd, 000039.383, 165
Trd, 000039.667, 153
Trd, 000039.800, 172
Trd, 000040.500, 148
Trd, 000041.133, 152
Trd, 000041.650, 153
Trd, 000041.700, 152
Trd, 000042.217, 164
Trd, 000042.483, 152
Trd, 000043.067, 153
Trd, 000044.050, 147
Trd, 000044.383, 155
Trd, 000044.400, 156
Trd, 000045.533, 155
Trd, 000045.700, 145
Trd, 000046.000, 148
Trd, 000046.617, 148
Trd, 000046.717, 147
Trd, 000047.433, 149
Trd, 000047.483, 148
Trd, 000048.567, 148
Trd, 000048.633, 149
Trd, 000048.900, 173
Trd, 000049.467, 160
Trd, 000049.533, 171
Trd, 000050.700, 161
Trd, 000050.750, 163
Trd, 000051.117, 154
Trd, 000051.533, 146
Trd, 000051.650, 163
Trd, 000052.200, 163
Trd, 000054.083, 164
Trd, 000054.633, 163
Trd, 000054.650, 162
Trd, 000055.450, 161
Trd, 000056.150, 164
Trd, 000056.633, 167
Trd, 000056.683, 161
Trd, 000057.400, 165
Trd, 000057.650, 161
Trd, 000057.817, 153
Trd, 000058.017, 166
Trd, 000058.683, 146
Trd, 000059.767, 145
Trd, 000060.100, 142
Trd, 000060.317, 152
Trd, 000060.817, 154
Trd, 000060.833, 155
Trd, 000061.650, 152
Trd, 000061.833, 153
Trd, 000061.900, 136
Trd, 000061.967, 133
Trd, 000062.550, 153
Trd, 000064.033, 171
Trd, 000064.350, 160
Trd, 000064.950, 179
Trd, 000065.083, 176
Trd, 000066.767, 172
Trd, 000066.817, 162
Trd, 000067.517, 178
Trd, 000068.150, 172
Trd, 000068.700, 178
Trd, 000069.350, 174
Trd, 000069.467, 179
Trd, 000069.767, 174
Trd, 000070.167, 173
Trd, 000070.550, 176
Trd, 000070.983, 163
Trd, 000071.900, 156
Trd, 000073.183, 166
Trd, 000073.400, 162
Trd, 000073.650, 157
Trd, 000073.683, 155
Trd, 000073.733, 148
Trd, 000074.500, 167
Trd, 000074.683, 169
Trd, 000075.500, 165
Trd, 000075.950, 165
Trd, 000076.117, 164
Trd, 000076.533, 166
Trd, 000076.583, 167
Trd, 000078.000, 163
Trd, 000078.567, 163
Trd, 000078.800, 164
Trd, 000079.567, 168
Trd, 000079.617, 163
Trd, 000080.333, 164
Trd, 000080.533, 163
Trd, 000081.417, 156
Trd, 000081.733, 162
Trd, 000082.133, 166
Trd, 000082.167, 156
Trd, 000082.233, 155
Trd, 000082.550, 145
Trd, 000083.750, 164
Trd, 000084.017, 163
Trd, 000084.317, 155
Trd, 000085.917, 152
Trd, 000086.317, 153
Trd, 000086.533, 160
Trd, 000086.800, 161
Trd, 000087.567, 152
Trd, 000088.317, 153
Trd, 000089.017, 155
Trd, 000089.567, 156
Trd, 000089.617, 157
Trd, 000089.817, 158
Trd, 000090.550, 155
Trd, 000091.600, 146
Trd, 000092.117, 141
Trd, 000092.550, 146
Trd, 000093.000, 169
Trd, 000093.267, 177
Trd, 000093.317, 144
Trd, 000093.867, 143
Trd, 000094.300, 156
Trd, 000094.667, 146
Trd, 000094.850, 156
Trd, 000095.717, 157
Trd, 000096.200, 156
Trd, 000096.217, 141
Trd, 000097.800, 150
Trd, 000098.200, 157
Trd, 000099.500, 153
Trd, 000099.750, 154
Trd, 000099.817, 150
Trd, 000100.117, 153
Trd, 000100.450, 149
Trd, 000100.567, 154
Trd, 000102.083, 155
Trd, 000102.800, 153
Trd, 000102.933, 152
Trd, 000103.017, 153
Trd, 000103.383, 154
Trd, 000103.500, 158
Trd, 000103.817, 164
Trd, 000104.017, 149
Trd, 000105.283, 149
Trd, 000105.983, 152
Trd, 000106.017, 159
Trd, 000106.233, 149
Trd, 000106.367, 159
Trd, 000107.233, 160
Trd, 000107.517, 149
Trd, 000108.367, 159
Trd, 000108.833, 150
Trd, 000109.017, 161
Trd, 000109.050, 148
Trd, 000109.817, 151
Trd, 000110.433, 156
Trd, 000111.050, 158
Trd, 000111.167, 159
Trd, 000111.800, 160
Trd, 000112.017, 159
Trd, 000112.333, 160
Trd, 000112.600, 158
Trd, 000112.967, 160
Trd, 000112.983, 156
Trd, 000114.017, 168
Trd, 000114.183, 166
Trd, 000115.400, 154
Trd, 000115.717, 155
Trd, 000115.800, 178
Trd, 000116.467, 178
Trd, 000117.800, 167
Trd, 000118.250, 162
Trd, 000118.450, 160
Trd, 000118.600, 178
Trd, 000118.900, 177
Trd, 000118.917, 150
Trd, 000119.817, 171
Trd, 000119.900, 162
Trd, 000120.417, 172
Trd, 000120.833, 163
Trd, 000120.933, 183
Trd, 000121.850, 167
Trd, 000123.417, 173
Trd, 000123.867, 176
Trd, 000123.933, 198
Trd, 000124.367, 208
Trd, 000124.533, 303.0
Trd, 000124.683, 253
Trd, 000124.717, 313.0
Trd, 000125.033, 330
Trd, 000125.400, 332
Trd, 000126.117, 342
Trd, 000126.533, 342
Trd, 000127.183, 345
Trd, 000127.333, 345
Trd, 000127.417, 342
Trd, 000127.650, 342
Trd, 000127.667, 348.0
Trd, 000128.250, 343
Trd, 000128.433, 363
Trd, 000129.850, 356.0
Trd, 000129.950, 355.0
Trd, 000130.367, 364
Trd, 000130.883, 365
Trd, 000130.917, 356
Trd, 000131.133, 355
Trd, 000131.817, 346
Trd, 000131.933, 367
Trd, 000132.017, 368.0
Trd, 000132.617, 349
Trd, 000133.050, 340
Trd, 000133.117, 375.0
Trd, 000133.317, 366
Trd, 000133.817, 339
Trd, 000133.933, 338
Trd, 000136.633, 343
Trd, 000137.050, 347.0
Trd, 000138.200, 348
Trd, 000138.400, 347
Trd, 000139.100, 347
Trd, 000139.417, 348.0
Trd, 000139.500, 344
Trd, 000139.667, 342
Trd, 000141.100, 344
Trd, 000141.500, 332
Trd, 000141.650, 332
Trd, 000142.300, 333
Trd, 000142.317, 343
Trd, 000142.733, 334
Trd, 000143.283, 332
Trd, 000144.483, 338
Trd, 000144.600, 345
Trd, 000144.617, 345
Trd, 000146.017, 342
Trd, 000146.367, 338
Trd, 000146.817, 342
Trd, 000148.850, 341
Trd, 000149.000, 337.0
Trd, 000149.333, 342
Trd, 000149.800, 334
Trd, 000149.817, 345
Trd, 000150.317, 344
Trd, 000150.333, 348.0
Trd, 000150.433, 343
Trd, 000151.400, 347
Trd, 000151.433, 335
Trd, 000151.883, 338
Trd, 000152.900, 345
Trd, 000153.200, 339
Trd, 000153.467, 344
Trd, 000153.700, 345
Trd, 000154.717, 345
Trd, 000154.883, 344
Trd, 000155.383, 356
Trd, 000156.383, 351
Trd, 000157.567, 348
Trd, 000158.267, 347
Trd, 000158.467, 346
Trd, 000158.833, 348.0
Trd, 000159.533, 346
Trd, 000160.533, 347
Trd, 000161.033, 348
Trd, 000161.450, 346
Trd, 000161.483, 349
Trd, 000161.800, 353
Trd, 000162.417, 350
Trd, 000162.450, 352
Trd, 000162.983, 353
Trd, 000163.083, 346
Trd, 000164.217, 356
Trd, 000164.250, 355
Trd, 000164.483, 340
Trd, 000165.217, 349
Trd, 000165.567, 331
Trd, 000165.850, 355
Trd, 000167.250, 349
Trd, 000167.267, 333
Trd, 000167.450, 349
Trd, 000168.083, 332
Trd, 000168.750, 330
Trd, 000169.233, 348
Trd, 000170.000, 345
Trd, 000170.033, 331
Trd, 000170.600, 339
Trd, 000170.783, 332
Trd, 000171.167, 347.0
Trd, 000171.433, 332
Trd, 000171.900, 329.0
Trd, 000172.883, 338
Trd, 000172.917, 341
Trd, 000173.067, 328
Trd, 000174.967, 341
Trd, 000175.150, 330.0
Trd, 000175.700, 344
Trd, 000176.700, 348.0
Trd, 000177.350, 342
Trd, 000177.617, 338.0
Trd, 000177.967, 341
Trd, 000178.250, 342
Trd, 000178.483, 345
Trd, 000179.217, 339.0
Trd, 000179.483, 346
Trd, 000179.717, 348.0
Trd, 000180.117, 337.0
Trd, 000180.917, 349
Trd, 000181.533, 342
Trd, 000182.150, 342
Trd, 000182.300, 340
Trd, 000183.150, 330
Trd, 000183.200, 320.0
Trd, 000183.517, 312
Trd, 000183.683, 316
Trd, 000183.850, 310
Trd, 000184.350, 204
Trd, 000184.950, 214
Trd, 000185.700, 202
Trd, 000186.483, 184
Trd, 000186.783, 173
Trd, 000187.533, 169
Trd, 000187.617, 185
Trd, 000187.933, 192
Trd, 000188.633, 168
Trd, 000189.283, 172
Trd, 000189.317, 175
Trd, 000189.650, 166
Trd, 000190.650, 187
Trd, 000191.083, 176
Trd, 000191.283, 189
Trd, 000191.517, 174
Trd, 000192.483, 161
Trd, 000192.867, 181
Trd, 000193.450, 174
Trd, 000193.717, 172
Trd, 000194.483, 159
Trd, 000194.967, 180
Trd, 000195.033, 159
Trd, 000195.300, 159
Trd, 000195.867, 179
Trd, 000196.217, 180
Trd, 000197.650, 168
Trd, 000198.517, 167
Trd, 000199.717, 163
Trd, 000200.000, 169
Trd, 000200.467, 167
Trd, 000200.550, 168
Trd, 000200.750, 172
Trd, 000201.417, 165
Trd, 000202.033, 168
Trd, 000202.817, 164
Trd, 000202.917, 168
Trd, 000203.317, 186
Trd, 000203.933, 167
Trd, 000204.033, 168
Trd, 000204.717, 167
Trd, 000204.900, 171
Trd, 000205.300, 168
Trd, 000205.750, 172
Trd, 000206.233, 169
Trd, 000206.450, 176
Trd, 000206.517, 161
Trd, 000207.167, 158
Trd, 000207.200, 149
Trd, 000208.250, 173
Trd, 000208.300, 189
Trd, 000208.767, 189
Trd, 000208.783, 195
Trd, 000209.417, 164
Trd, 000210.667, 163
Trd, 000211.417, 164
Trd, 000211.717, 173
Trd, 000212.083, 179
Trd, 000212.200, 163
Trd, 000212.600, 173
Trd, 000213.517, 166
Trd, 000214.117, 166
Trd, 000214.633, 166
Trd, 000214.933, 169
Trd, 000215.200, 172
Trd, 000215.450, 167
Trd, 000216.283, 175
Trd, 000216.383, 170
Trd, 000217.033, 162
Trd, 000218.083, 170
Trd, 000218.583, 168
Trd, 000218.800, 167
Trd, 000218.950, 169
Trd, 000219.200, 190
Trd, 000220.017, 169
Trd, 000220.250, 175
Trd, 000220.433, 176
Trd, 000220.733, 176
Trd, 000221.383, 173
Trd, 000221.433, 170
Trd, 000222.050, 173
Trd, 000222.650, 172
Trd, 000222.833, 170
Trd, 000223.367, 164
Trd, 000223.417, 162
Trd, 000223.767, 170
Trd, 000223.800, 174
Trd, 000224.050, 150
Trd, 000224.683, 158
Trd, 000226.017, 159
Trd, 000226.417, 188
Trd, 000226.633, 179
Trd, 000227.467, 179
Trd, 000228.067, 178
Trd, 000228.367, 177
Trd, 000228.433, 171
Trd, 000228.517, 179
Trd, 000228.833, 173
Trd, 000229.450, 159
Trd, 000230.033, 163
Trd, 000230.133, 170
Trd, 000230.217, 170
Trd, 000230.750, 188
Trd, 000230.767, 187
Trd, 000232.433, 178
Trd, 000232.600, 181
Trd, 000232.650, 164
Trd, 000233.733, 171
Trd, 000234.833, 171
Trd, 000235.000, 176
Trd, 000235.100, 180
Trd, 000235.250, 181
Trd, 000236.300, 176
Trd, 000237.133, 178
Trd, 000237.200, 190
Trd, 000237.250, 176
Trd, 000237.717, 166
Trd, 000238.333, 180
Trd, 000238.617, 160
Trd, 000238.633, 179
Trd, 000239.183, 171
Trd, 000240.183, 172
Trd, 000240.433, 174
Trd, 000240.767, 175
Trd, 000241.733, 177
Trd, 000241.900, 177
Trd, 000242.400, 176
Trd, 000242.450, 172
Trd, 000242.533, 166
Trd, 000244.350, 167
Trd, 000244.850, 170
Trd, 000245.167, 166
Trd, 000245.500, 171
Trd, 000245.650, 174
Trd, 000246.083, 175
Trd, 000246.350, 179
Trd, 000246.583, 174
Trd, 000246.900, 171
Trd, 000246.950, 178
Trd, 000247.033, 158
Trd, 000248.000, 178
Trd, 000248.433, 173
Trd, 000249.150, 173
Trd, 000249.350, 173
Trd, 000249.783, 169
Trd, 000250.950, 176
Trd, 000251.517, 178
Trd, 000251.983, 178
Trd, 000252.417, 175
Trd, 000253.217, 176
Trd, 000253.233, 177
Trd, 000253.533, 174
Trd, 000253.983, 179
Trd, 000254.100, 179
Trd, 000254.700, 180
Trd, 000255.083, 183
Trd, 000255.317, 177
Trd, 000255.683, 182
Trd, 000255.983, 181
Trd, 000256.383, 182
Trd, 000257.017, 180
Trd, 000257.150, 178
Trd, 000257.350, 183
Trd, 000257.383, 192
Trd, 000257.633, 175
Trd, 000257.933, 175
Trd, 000259.967, 180
Trd, 000260.050, 176
Trd, 000260.200, 174
Trd, 000260.300, 163
Trd, 000261.117, 177
Trd, 000261.333, 177
Trd, 000261.617, 170
Trd, 000261.667, 176
Trd, 000262.083, 172
Trd, 000262.317, 179
Trd, 000262.433, 181
Trd, 000262.517, 184
Trd, 000262.617, 169
Trd, 000263.267, 192
Trd, 000264.633, 174
Trd, 000265.167, 175
Trd, 000265.317, 177
Trd, 000265.833, 176
Trd, 000266.033, 169
Trd, 000266.050, 176
Trd, 000266.133, 181
Trd, 000266.367, 170
Trd, 000266.467, 198
Trd, 000266.533, 168
Trd, 000268.233, 176
Trd, 000268.600, 174
Trd, 000268.800, 177
Trd, 000268.917, 185
Trd, 000269.783, 188
Trd, 000270.400, 187
Trd, 000270.467, 182
Trd, 000270.950, 181
Trd, 000271.067, 188
Trd, 000271.250, 190
Trd, 000272.233, 189
Trd, 000272.733, 178
Trd, 000273.183, 186
Trd, 000273.400, 187
Trd, 000273.800, 186
Trd, 000274.117, 185
Trd, 000274.283, 176
Trd, 000274.300, 175
Trd, 000274.667, 187
Trd, 000274.750, 187
Trd, 000274.800, 186
Trd, 000274.850, 178
Trd, 000275.383, 170
Trd, 000276.467, 175
Trd, 000277.217, 176
Trd, 000277.883, 178
Trd, 000278.467, 178
Trd, 000278.567, 176
Trd, 000279.100, 173
Trd, 000279.300, 171
Trd, 000279.717, 178
Trd, 000280.217, 169
Trd, 000280.517, 176
Trd, 000280.550, 173
Trd, 000280.750, 176
Trd, 000280.983, 166
Trd, 000281.100, 176
Trd, 000282.067, 179
Trd, 000282.333, 178
Trd, 000282.783, 179
Trd, 000283.383, 183
Trd, 000284.067, 181
Trd, 000284.417, 181
Trd, 000284.817, 183
Trd, 000284.850, 193
Trd, 000284.867, 175
Trd, 000285.783, 185
Trd, 000285.817, 196
Trd, 000286.017, 184
Trd, 000286.450, 183
Trd, 000286.700, 176
Trd, 000287.183, 188
Trd, 000287.583, 183
Trd, 000288.300, 169
Trd, 000289.000, 177
Trd, 000289.233, 186
Trd, 000290.183, 169
Trd, 000290.483, 172
Trd, 000290.800, 166
Trd, 000290.833, 174
Trd, 000291.200, 195
Trd, 000291.300, 183
Trd, 000291.433, 182
Trd, 000291.833, 177
Trd, 000292.033, 170
Trd, 000292.117, 183
Trd, 000292.600, 180
Trd, 000293.017, 181
Trd, 000293.617, 184
Trd, 000294.483, 169
Trd, 000294.733, 167
Trd, 000295.017, 174
Trd, 000295.783, 181
Trd, 000296.083, 181
Trd, 000296.117, 171
Trd, 000296.367, 196
Trd, 000296.867, 182
Trd, 000296.983, 185
Trd, 000297.067, 175
Trd, 000297.567, 174
Trd, 000297.883, 186
Trd, 000298.450, 183
Trd, 000298.567, 182
Trd, 000298.800, 171
Trd, 000299.817, 181
