Trd, 000002.250, 123
Trd, 000003.850, 124
Trd, 000004.483, 138
Trd, 000004.817, 131
Trd, 000005.400, 151
Trd, 000005.833, 153
Trd, 000006.017, 154
Trd, 000006.050, 159
Trd, 000006.150, 151
Trd, 000006.250, 150
Trd, 000006.300, 148
Trd, 000007.200, 157
Trd, 000007.850, 158
Trd, 000008.883, 130
Trd, 000009.517, 131
Trd, 000010.033, 132
Trd, 000010.383, 146
Trd, 000011.483, 137
Trd, 000012.433, 139
Trd, 000012.500, 149
Trd, 000012.950, 160
Trd, 000013.417, 139
Trd, 000014.100, 142
Trd, 000014.467, 141
Trd, 000014.617, 148
Trd, 000014.700, 149
Trd, 000014.800, 136
Trd, 000015.267, 163
Trd, 000015.300, 169
Trd, 000015.600, 158
Trd, 000016.283, 166
Trd, 000016.450, 165
Trd, 000016.517, 157
Trd, 000016.850, 165
Trd, 000017.783, 160
Trd, 000017.850, 153
Trd, 000017.933, 152
Trd, 000019.617, 150
Trd, 000020.483, 136
Trd, 000020.717, 132
Trd, 000021.000, 133
Trd, 000021.617, 138
Trd, 000022.050, 138
Trd, 000022.083, 152
Trd, 000022.550, 152
Trd, 000023.217, 143
Trd, 000023.600, 150
Trd, 000024.233, 145
Trd, 000025.383, 153
Trd, 000025.733, 144
Trd, 000026.517, 152
Trd, 000026.600, 138
Trd, 000027.317, 160
Trd, 000027.850, 133
Trd, 000028.050, 132
Trd, 000028.167, 130
Trd, 000028.650, 144
Trd, 000028.683, 150
Trd, 000029.433, 151
Trd, 000029.767, 130
Trd, 000030.850, 156
Trd, 000031.033, 151
Trd, 000031.150, 138
Trd, 000032.083, 138
Trd, 000032.183, 162
Trd, 000032.483, 161
Trd, 000033.517, 157
Trd, 000034.000, 157
Trd, 000034.233, 148
Trd, 000034.367, 155
Trd, 000034.500, 147
Trd, 000035.650, 130
Trd, 000035.867, 150
Trd, 000036.533, 151
Trd, 000036.717, 155
Trd, 000038.150, 155
Trd, 000038.700, 147
Trd, 000038.867, 146
Trd, 000039.450, 163
Trd, 000039.550, 160
Trd, 000039.583, 159
Trd, 000040.133, 146
Trd, 000040.800, 159
Trd, 000041.000, 138
Trd, 000041.700, 165
Trd, 000041.917, 131
Trd, 000043.050, 152
Trd, 000043.717, 162
Trd, 000044.200, 158
Trd, 000044.867, 153
Trd, 000044.900, 152
Trd, 000045.033, 151
Trd, 000047.450, 151
Trd, 000047.583, 153
Trd, 000047.800, 163
Trd, 000048.783, 134
Trd, 000048.850, 133
Trd, 000049.000, 132
Trd, 000049.983, 135
Trd, 000050.383, 136
Trd, 000050.467, 140
Trd, 000051.183, 138
Trd, 000051.383, 156
Trd, 000051.617, 142
Trd, 000051.950, 139
Trd, 000052.767, 156
Trd, 000053.300, 158
Trd, 000053.700, 157
Trd, 000054.217, 153
Trd, 000054.383, 156
Trd, 000055.383, 152
Trd, 000055.467, 153
Trd, 000056.167, 136
Trd, 000057.133, 137
Trd, 000057.300, 152
Trd, 000057.700, 154
Trd, 000057.733, 136
Trd, 000058.367, 155
Trd, 000058.883, 142
Trd, 000060.217, 157
Trd, 000060.300, 161
Trd, 000060.417, 164
Trd, 000060.717, 168
Trd, 000061.700, 143
Trd, 000061.717, 140
Trd, 000062.050, 159
Trd, 000062.867, 161
Trd, 000063.867, 161
Trd, 000063.950, 155
Trd, 000064.267, 163
Trd, 000064.317, 154
Trd, 000065.267, 164
Trd, 000066.217, 155
Trd, 000066.650, 173
Trd, 000066.950, 158
Trd, 000068.417, 158
Trd, 000068.900, 167
Trd, 000069.450, 166
Trd, 000069.467, 165
Trd, 000069.617, 157
Trd, 000069.900, 165
Trd, 000069.933, 155
Trd, 000070.067, 168
Trd, 000070.950, 167
Trd, 000071.083, 169
Trd, 000071.867, 162
Trd, 000072.183, 150
Trd, 000072.200, 155
Trd, 000072.633, 142
Trd, 000072.817, 141
Trd, 000073.383, 153
Trd, 000073.567, 158
Trd, 000076.383, 156
Trd, 000076.467, 161
Trd, 000076.900, 151
Trd, 000077.217, 162
Trd, 000077.883, 151
Trd, 000078.217, 169
Trd, 000078.250, 150
Trd, 000078.317, 144
Trd, 000079.233, 155
Trd, 000079.433, 138
Trd, 000079.833, 156
Trd, 000080.533, 162
Trd, 000080.917, 163
Trd, 000081.683, 139
Trd, 000081.800, 135
Trd, 000082.050, 166
Trd, 000085.050, 157
Trd, 000085.483, 159
Trd, 000085.917, 157
Trd, 000086.117, 159
Trd, 000086.833, 167
Trd, 000087.133, 170
Trd, 000087.683, 167
Trd, 000087.717, 158
Trd, 000088.033, 171
Trd, 000088.333, 157
Trd, 000089.117, 161
Trd, 000089.567, 172
Trd, 000091.533, 148
Trd, 000091.600, 139
Trd, 000092.767, 133
Trd, 000093.150, 135
Trd, 000093.467, 136
Trd, 000094.150, 140
Trd, 000094.400, 140
Trd, 000094.900, 152
Trd, 000095.167, 139
Trd, 000095.617, 157
Trd, 000096.083, 160
Trd, 000097.133, 144
Trd, 000097.233, 164
Trd, 000097.250, 143
Trd, 000098.550, 141
Trd, 000099.000, 170
Trd, 000099.517, 168
Trd, 000099.983, 144
Trd, 000100.450, 157
Trd, 000100.567, 144
Trd, 000100.833, 158
Trd, 000100.917, 137
Trd, 000101.483, 160
Trd, 000101.517, 147
Trd, 000101.900, 145
Trd, 000102.083, 161
Trd, 000102.467, 162
Trd, 000103.050, 166
Trd, 000103.733, 155
Trd, 000104.217, 168
Trd, 000105.600, 158
Trd, 000106.200, 170
Trd, 000106.283, 169
Trd, 000108.367, 169
Trd, 000109.167, 167
Trd, 000109.283, 164
Trd, 000109.717, 165
Trd, 000110.450, 164
Trd, 000110.667, 161
Trd, 000111.017, 159
Trd, 000111.250, 163
Trd, 000111.317, 166
Trd, 000111.900, 169
Trd, 000112.167, 171
Trd, 000112.617, 146
Trd, 000113.467, 168
Trd, 000113.817, 159
Trd, 000114.200, 159
Trd, 000114.450, 156
Trd, 000115.100, 157
Trd, 000115.217, 154
Trd, 000115.683, 147
Trd, 000116.900, 156
Trd, 000117.933, 168
Trd, 000118.450, 157
Trd, 000119.333, 160
Trd, 000119.417, 159
Trd, 000119.833, 160
Trd, 000120.033, 173
Trd, 000120.550, 151
Trd, 000120.567, 149
Trd, 000120.600, 146
Trd, 000121.000, 172
Trd, 000121.633, 174
Trd, 000122.417, 162
Trd, 000122.567, 180
Trd, 000122.950, 191
Trd, 000123.367, 265
Trd, 000123.533, 189
Trd, 000123.550, 327.0
Trd, 000123.783, 324.0
Trd, 000124.000, 331.0
Trd, 000125.833, 318
Trd, 000125.850, 317
Trd, 000126.933, 321
Trd, 000127.683, 324
Trd, 000127.817, 327.0
Trd, 000127.900, 348.0
Trd, 000129.817, 349
Trd, 000130.183, 346
Trd, 000130.267, 351.0
Trd, 000130.900, 342
Trd, 000131.483, 361.0
Trd, 000132.017, 336.0
Trd, 000132.533, 348.0
Trd, 000133.400, 335
Trd, 000133.583, 349
Trd, 000134.283, 353
Trd, 000134.800, 349.0
Trd, 000134.817, 348.0
Trd, 000134.883, 356
Trd, 000136.700, 340
Trd, 000137.650, 350
Trd, 000139.350, 348.0
Trd, 000139.450, 340
Trd, 000140.100, 349.0
Trd, 000140.150, 339.0
Trd, 000140.167, 351.0
Trd, 000140.683, 337.0
Trd, 000141.650, 331
Trd, 000141.883, 347.0
Trd, 000141.917, 314.0
Trd, 000142.550, 348.0
Trd, 000143.617, 348.0
Trd, 000144.483, 328
Trd, 000144.517, 346
Trd, 000145.317, 350.0
Trd, 000145.783, 331.0
Trd, 000145.917, 330
Trd, 000145.950, 330
Trd, 000146.183, 327
Trd, 000146.917, 338
Trd, 000148.417, 325
Trd, 000148.600, 327.0
Trd, 000148.733, 331.0
Trd, 000149.817, 349
Trd, 000149.883, 348.0
Trd, 000150.283, 350.0
Trd, 000150.350, 328.0
Trd, 000153.150, 351.0
Trd, 000153.383, 349.0
Trd, 000153.633, 349.0
Trd, 000154.917, 350
Trd, 000155.067, 348.0
Trd, 000155.433, 334.0
Trd, 000155.583, 354
Trd, 000156.100, 336
Trd, 000156.817, 341
Trd, 000156.900, 342
Trd, 000157.567, 351.0
Trd, 000158.117, 336
Trd, 000159.717, 345
Trd, 000160.600, 355
Trd, 000160.883, 348.0
Trd, 000161.517, 359
Trd, 000161.717, 348
Trd, 000162.400, 349
Trd, 000162.650, 348
Trd, 000163.617, 348.0
Trd, 000163.850, 356
Trd, 000164.100, 349.0
Trd, 000164.267, 357
Trd, 000164.850, 353
Trd, 000165.767, 351
Trd, 000165.983, 350
Trd, 000166.000, 348.0
Trd, 000166.367, 352
Trd, 000166.483, 334.0
Trd, 000167.117, 352
Trd, 000168.050, 348.0
Trd, 000168.150, 330
Trd, 000169.067, 354
Trd, 000170.250, 345
Trd, 000170.300, 359
Trd, 000171.150, 346
Trd, 000171.300, 346
Trd, 000172.033, 345
Trd, 000172.150, 344
Trd, 000172.667, 351.0
Trd, 000173.600, 336.0
Trd, 000173.967, 334.0
Trd, 000174.300, 345
Trd, 000174.867, 330
Trd, 000175.267, 340
Trd, 000176.300, 330
Trd, 000176.333, 348.0
Trd, 000176.767, 358.0
Trd, 000177.033, 355.0
Trd, 000177.250, 330
Trd, 000178.800, 348.0
Trd, 000178.950, 340
Trd, 000179.117, 337
Trd, 000179.167, 348
Trd, 000179.633, 334.0
Trd, 000179.717, 355
Trd, 000180.267, 327.0
Trd, 000181.167, 349.0
Trd, 000181.550, 350.0
Trd, 000182.000, 348.0
Trd, 000182.250, 327.0
Trd, 000182.650, 318
Trd, 000183.733, 304
Trd, 000183.867, 211
Trd, 000184.367, 197
Trd, 000184.650, 188
Trd, 000185.633, 191
Trd, 000186.167, 181
Trd, 000186.300, 192
Trd, 000186.800, 175
Trd, 000187.050, 173
Trd, 000187.183, 188
Trd, 000187.533, 192
Trd, 000187.950, 169
Trd, 000188.100, 166
Trd, 000188.983, 174
Trd, 000189.150, 150
Trd, 000189.750, 174
Trd, 000190.383, 167
Trd, 000192.167, 158
Trd, 000192.533, 147
Trd, 000193.000, 162
Trd, 000193.117, 165
Trd, 000193.333, 146
Trd, 000194.800, 150
Trd, 000195.133, 166
Trd, 000195.617, 167
Trd, 000195.900, 170
Trd, 000196.550, 178
Trd, 000196.733, 167
Trd, 000196.817, 168
Trd, 000196.833, 179
Trd, 000198.950, 177
Trd, 000199.400, 170
Trd, 000200.300, 175
Trd, 000201.117, 171
Trd, 000201.333, 171
Trd, 000201.417, 170
Trd, 000201.883, 177
Trd, 000201.983, 178
Trd, 000202.150, 176
Trd, 000203.683, 179
Trd, 000204.383, 178
Trd, 000205.050, 169
Trd, 000205.183, 168
Trd, 000205.550, 177
Trd, 000205.833, 154
Trd, 000206.500, 177
Trd, 000206.667, 169
Trd, 000206.867, 150
Trd, 000207.317, 152
Trd, 000207.683, 149
Trd, 000208.267, 169
Trd, 000208.317, 149
Trd, 000208.583, 180
Trd, 000208.717, 177
Trd, 000209.133, 149
Trd, 000209.233, 178
Trd, 000209.550, 183
Trd, 000210.800, 160
Trd, 000212.767, 180
Trd, 000212.900, 179
Trd, 000213.783, 176
Trd, 000214.883, 178
Trd, 000214.900, 177
Trd, 000215.283, 176
Trd, 000215.567, 171
Trd, 000216.133, 169
Trd, 000216.300, 177
Trd, 000217.483, 155
Trd, 000217.950, 177
Trd, 000218.350, 181
Trd, 000218.383, 168
Trd, 000220.117, 167
Trd, 000220.333, 170
Trd, 000220.517, 174
Trd, 000220.683, 181
Trd, 000220.750, 157
Trd, 000220.800, 156
Trd, 000221.450, 159
Trd, 000222.100, 178
Trd, 000222.750, 158
Trd, 000223.983, 161
Trd, 000224.033, 158
Trd, 000224.683, 160
Trd, 000225.700, 159
Trd, 000225.900, 162
Trd, 000226.450, 158
Trd, 000226.617, 169
Trd, 000227.267, 170
Trd, 000228.250, 153
Trd, 000228.367, 149
Trd, 000228.683, 154
Trd, 000229.000, 145
Trd, 000229.017, 171
Trd, 000229.850, 166
Trd, 000231.033, 169
Trd, 000231.167, 174
Trd, 000232.583, 164
Trd, 000233.000, 163
Trd, 000233.217, 162
Trd, 000233.450, 166
Trd, 000233.467, 170
Trd, 000234.133, 171
Trd, 000234.583, 182
Trd, 000234.850, 184
Trd, 000235.333, 181
Trd, 000235.683, 175
Trd, 000236.133, 172
Trd, 000236.767, 171
Trd, 000238.700, 170
Trd, 000238.933, 181
Trd, 000239.183, 172
Trd, 000239.500, 161
Trd, 000239.550, 182
Trd, 000239.883, 183
Trd, 000240.700, 167
Trd, 000241.100, 176
Trd, 000241.133, 168
Trd, 000242.117, 171
Trd, 000242.167, 174
Trd, 000242.850, 173
Trd, 000243.167, 174
Trd, 000243.233, 176
Trd, 000243.350, 177
Trd, 000244.300, 178
Trd, 000244.850, 180
Trd, 000245.383, 180
Trd, 000245.433, 179
Trd, 000245.883, 178
Trd, 000246.300, 175
Trd, 000246.817, 175
Trd, 000246.883, 174
Trd, 000247.800, 184
Trd, 000248.167, 179
Trd, 000248.267, 184
Trd, 000248.567, 175
Trd, 000248.917, 182
Trd, 000249.167, 185
Trd, 000249.600, 185
Trd, 000250.233, 189
Trd, 000251.100, 183
Trd, 000251.983, 186
Trd, 000252.667, 188
Trd, 000253.250, 183
Trd, 000253.850, 186
Trd, 000254.050, 183
Trd, 000254.300, 183
Trd, 000254.517, 184
Trd, 000254.600, 192
Trd, 000254.783, 193
Trd, 000255.600, 185
Trd, 000256.117, 183
Trd, 000256.267, 180
Trd, 000256.550, 173
Trd, 000256.733, 185
Trd, 000257.517, 177
Trd, 000257.850, 182
Trd, 000257.867, 185
Trd, 000258.067, 180
Trd, 000258.467, 176
Trd, 000258.650, 175
Trd, 000258.917, 166
Trd, 000259.033, 181
Trd, 000259.583, 180
Trd, 000259.883, 163
Trd, 000260.700, 159
Trd, 000261.183, 164
Trd, 000261.517, 168
Trd, 000261.850, 162
Trd, 000262.417, 181
Trd, 000263.200, 166
Trd, 000263.400, 169
Trd, 000263.817, 165
Trd, 000264.017, 160
Trd, 000264.233, 162
Trd, 000264.650, 166
Trd, 000264.850, 174
Trd, 000265.717, 177
Trd, 000266.250, 177
Trd, 000266.467, 184
Trd, 000266.700, 176
Trd, 000267.050, 174
Trd, 000267.483, 166
Trd, 000267.517, 161
Trd, 000268.517, 178
Trd, 000268.550, 175
Trd, 000269.367, 173
Trd, 000269.533, 174
Trd, 000269.633, 174
Trd, 000269.767, 172
Trd, 000269.917, 184
Trd, 000270.250, 175
Trd, 000270.300, 180
Trd, 000272.050, 185
Trd, 000272.150, 189
Trd, 000273.400, 195
Trd, 000273.417, 189
Trd, 000273.533, 177
Trd, 000274.000, 175
Trd, 000274.817, 190
Trd, 000274.867, 185
Trd, 000275.550, 181
Trd, 000275.967, 179
Trd, 000276.083, 186
Trd, 000276.383, 191
Trd, 000276.450, 191
Trd, 000276.833, 179
Trd, 000277.283, 179
Trd, 000277.467, 178
Trd, 000277.500, 175
Trd, 000277.683, 185
Trd, 000277.833, 186
Trd, 000278.083, 176
Trd, 000278.117, 179
Trd, 000279.267, 176
Trd, 000279.867, 180
Trd, 000280.067, 176
Trd, 000280.483, 184
Trd, 000280.933, 182
Trd, 000281.000, 177
Trd, 000281.467, 185
Trd, 000282.500, 186
Trd, 000282.883, 169
Trd, 000283.500, 176
Trd, 000284.383, 176
Trd, 000284.800, 184
Trd, 000284.900, 184
Trd, 000285.150, 177
Trd, 000285.250, 183
Trd, 000285.650, 190
Trd, 000285.667, 196
Trd, 000285.700, 188
Trd, 000285.783, 176
Trd, 000285.967, 175
Trd, 000287.017, 175
Trd, 000287.083, 182
Trd, 000288.883, 188
Trd, 000289.033, 192
Trd, 000289.133, 194
Trd, 000289.433, 201
Trd, 000289.750, 188
Trd, 000289.867, 187
Trd, 000289.983, 184
Trd, 000290.267, 204
Trd, 000290.450, 197
Trd, 000290.717, 177
Trd, 000291.100, 201
Trd, 000291.450, 185
Trd, 000291.917, 189
Trd, 000292.083, 178
Trd, 000292.350, 177
Trd, 000292.883, 173
Trd, 000293.233, 180
Trd, 000293.483, 164
Trd, 000293.667, 185
Trd, 000293.717, 191
Trd, 000294.300, 163
Trd, 000294.333, 159
Trd, 000294.883, 170
Trd, 000295.617, 192
Trd, 000296.450, 192
Trd, 000296.467, 197
Trd, 000296.567, 188
Trd, 000296.950, 197
Trd, 000297.333, 207
Trd, 000297.467, 177
Trd, 000298.033, 171
Trd, 000298.767, 178
Trd, 000298.967, 185
Trd, 000299.250, 185
Trd, 000299.417, 186
Trd, 000299.433, 171
