Trd, 000001.983, 151
Trd, 000002.917, 158
Trd, 000003.183, 126
Trd, 000004.267, 160
Trd, 000004.633, 153
Trd, 000004.767, 151
Trd, 000005.517, 137
Trd, 000005.833, 126
Trd, 000006.150, 128
Trd, 000006.267, 151
Trd, 000006.333, 159
Trd, 000006.517, 156
Trd, 000006.633, 126
Trd, 000006.817, 160
Trd, 000007.533, 124
Trd, 000007.583, 164
Trd, 000008.317, 136
Trd, 000010.400, 150
Trd, 000010.467, 151
Trd, 000010.783, 140
Trd, 000011.017, 162
Trd, 000011.933, 138
Trd, 000012.283, 142
Trd, 000013.733, 152
Trd, 000013.800, 153
Trd, 000014.400, 154
Trd, 000014.600, 152
Trd, 000014.633, 155
Trd, 000014.700, 136
Trd, 000015.333, 130
Trd, 000016.367, 144
Trd, 000016.400, 145
Trd, 000016.817, 146
Trd, 000016.833, 132
Trd, 000018.867, 139
Trd, 000019.283, 134
Trd, 000019.317, 135
Trd, 000019.433, 139
Trd, 000019.700, 132
Trd, 000020.117, 157
Trd, 000020.733, 160
Trd, 000021.467, 154
Trd, 000022.133, 168
Trd, 000022.683, 153
Trd, 000023.300, 143
Trd, 000024.350, 150
Trd, 000024.450, 149
Trd, 000024.767, 148
Trd, 000024.950, 146
Trd, 000025.167, 160
Trd, 000025.517, 159
Trd, 000025.600, 154
Trd, 000025.983, 161
Trd, 000026.700, 157
Trd, 000027.367, 153
Trd, 000027.400, 147
Trd, 000027.767, 132
Trd, 000027.783, 129
Trd, 000029.483, 158
Trd, 000029.600, 145
Trd, 000029.817, 161
Trd, 000030.483, 153
Trd, 000031.017, 161
Trd, 000031.733, 161
Trd, 000032.850, 153
Trd, 000034.217, 159
Trd, 000034.717, 144
Trd, 000034.800, 148
Trd, 000035.300, 157
Trd, 000035.317, 139
Trd, 000035.600, 134
Trd, 000036.017, 155
Trd, 000036.733, 154
Trd, 000037.667, 155
Trd, 000037.717, 156
Trd, 000038.667, 155
Trd, 000038.783, 159
Trd, 000039.133, 162
Trd, 000039.300, 148
Trd, 000039.767, 161
Trd, 000040.233, 150
Trd, 000040.400, 134
Trd, 000040.850, 131
Trd, 000041.133, 160
Trd, 000042.133, 149
Trd, 000042.250, 161
Trd, 000044.200, 151
Trd, 000044.483, 154
Trd, 000044.517, 135
Trd, 000044.800, 133
Trd, 000045.017, 155
Trd, 000046.450, 129
Trd, 000047.033, 141
Trd, 000047.217, 131
Trd, 000047.283, 129
Trd, 000047.483, 158
Trd, 000048.000, 147
Trd, 000048.100, 129
Trd, 000048.783, 148
Trd, 000049.533, 161
Trd, 000050.100, 142
Trd, 000050.750, 145
Trd, 000051.017, 146
Trd, 000051.750, 160
Trd, 000051.883, 163
Trd, 000052.467, 157
Trd, 000052.517, 137
Trd, 000053.033, 137
Trd, 000053.317, 162
Trd, 000053.867, 163
Trd, 000054.133, 135
Trd, 000054.617, 141
Trd, 000055.383, 142
Trd, 000055.633, 140
Trd, 000055.717, 155
Trd, 000056.883, 156
Trd, 000057.500, 158
Trd, 000057.533, 148
Trd, 000057.617, 160
Trd, 000058.567, 162
Trd, 000059.567, 135
Trd, 000060.117, 150
Trd, 000060.267, 157
Trd, 000060.700, 159
Trd, 000061.617, 147
Trd, 000062.117, 147
Trd, 000063.117, 136
Trd, 000063.200, 156
Trd, 000064.200, 154
Trd, 000064.350, 156
Trd, 000064.583, 153
Trd, 000065.450, 157
Trd, 000065.717, 154
Trd, 000065.783, 160
Trd, 000065.883, 138
Trd, 000066.050, 158
Trd, 000066.800, 161
Trd, 000067.567, 138
Trd, 000069.000, 136
Trd, 000069.350, 139
Trd, 000069.967, 162
Trd, 000070.367, 144
Trd, 000070.783, 147
Trd, 000071.133, 142
Trd, 000072.133, 144
Trd, 000072.200, 143
Trd, 000072.950, 159
Trd, 000073.267, 160
Trd, 000073.467, 159
Trd, 000073.517, 162
Trd, 000073.633, 158
Trd, 000074.817, 160
Trd, 000075.083, 162
Trd, 000075.900, 158
Trd, 000077.333, 141
Trd, 000077.500, 137
Trd, 000078.333, 147
Trd, 000078.450, 154
Trd, 000078.717, 155
Trd, 000079.883, 154
Trd, 000080.067, 157
Trd, 000080.600, 158
Trd, 000080.850, 151
Trd, 000081.250, 141
Trd, 000081.533, 161
Trd, 000081.950, 137
Trd, 000082.300, 137
Trd, 000082.900, 159
Trd, 000083.033, 160
Trd, 000084.017, 159
Trd, 000084.267, 141
Trd, 000085.567, 155
Trd, 000085.633, 157
Trd, 000085.867, 157
Trd, 000086.433, 155
Trd, 000086.717, 158
Trd, 000086.783, 163
Trd, 000086.833, 166
Trd, 000086.933, 133
Trd, 000087.700, 137
Trd, 000088.483, 160
Trd, 000088.650, 139
Trd, 000089.533, 151
Trd, 000091.550, 139
Trd, 000092.233, 152
Trd, 000092.350, 139
Trd, 000092.733, 150
Trd, 000093.483, 137
Trd, 000094.200, 148
Trd, 000095.233, 143
Trd, 000095.800, 145
Trd, 000095.833, 140
Trd, 000096.717, 144
Trd, 000096.917, 146
Trd, 000097.200, 151
Trd, 000097.600, 141
Trd, 000097.700, 147
Trd, 000097.817, 141
Trd, 000098.567, 157
Trd, 000098.583, 164
Trd, 000098.900, 161
Trd, 000098.950, 165
Trd, 000099.200, 169
Trd, 000100.117, 140
Trd, 000101.500, 140
Trd, 000102.250, 141
Trd, 000102.383, 149
Trd, 000102.483, 168
Trd, 000102.867, 169
Trd, 000103.217, 174
Trd, 000103.483, 136
Trd, 000103.567, 135
Trd, 000104.633, 165
Trd, 000105.133, 150
Trd, 000105.650, 162
Trd, 000105.833, 172
Trd, 000106.683, 170
Trd, 000107.433, 159
Trd, 000107.533, 157
Trd, 000108.250, 173
Trd, 000108.533, 173
Trd, 000109.633, 141
Trd, 000110.100, 162
Trd, 000110.850, 159
Trd, 000111.067, 164
Trd, 000111.117, 166
Trd, 000111.467, 160
Trd, 000112.383, 159
Trd, 000112.450, 155
Trd, 000113.000, 153
Trd, 000113.683, 139
Trd, 000114.700, 145
Trd, 000115.433, 145
Trd, 000115.567, 144
Trd, 000116.267, 152
Trd, 000116.383, 149
Trd, 000116.683, 167
Trd, 000116.817, 143
Trd, 000117.367, 169
Trd, 000117.867, 179
Trd, 000119.283, 159
Trd, 000119.483, 159
Trd, 000119.500, 143
Trd, 000120.217, 169
Trd, 000120.633, 173
Trd, 000122.083, 172
Trd, 000122.200, 171
Trd, 000122.317, 172
Trd, 000122.600, 180
Trd, 000122.683, 195
Trd, 000122.700, 199
Trd, 000122.733, 205
Trd, 000123.067, 206
Trd, 000124.483, 301
Trd, 000124.600, 306.0
Trd, 000124.617, 310.0
Trd, 000124.900, 313.0
Trd, 000125.550, 317.0
Trd, 000126.183, 320.0
Trd, 000126.467, 337.0
Trd, 000126.550, 355.0
Trd, 000126.600, 370
Trd, 000129.300, 352
Trd, 000129.333, 354.0
Trd, 000129.533, 352.0
Trd, 000129.850, 351.0
Trd, 000130.067, 342
Trd, 000130.117, 330
Trd, 000131.650, 352.0
Trd, 000131.750, 351
Trd, 000132.300, 334
Trd, 000134.283, 335.0
Trd, 000134.567, 337.0
Trd, 000134.850, 363
Trd, 000135.467, 333
Trd, 000135.617, 329
Trd, 000135.683, 355.0
Trd, 000136.317, 348
Trd, 000137.117, 336
Trd, 000137.200, 341.0
Trd, 000138.367, 340
Trd, 000138.450, 344
Trd, 000138.467, 340
Trd, 000139.267, 358
Trd, 000139.550, 349
Trd, 000140.050, 349
Trd, 000140.600, 343
Trd, 000141.300, 325
Trd, 000141.833, 349
Trd, 000142.050, 353.0
Trd, 000143.300, 351.0
Trd, 000143.400, 326.0
Trd, 000144.183, 326
Trd, 000146.300, 330
Trd, 000146.450, 329
Trd, 000146.717, 333
Trd, 000146.817, 336
Trd, 000148.267, 329
Trd, 000148.783, 337.0
Trd, 000148.950, 332
Trd, 000149.350, 341.0
Trd, 000151.450, 336
Trd, 000151.983, 335
Trd, 000152.217, 336
Trd, 000152.317, 335
Trd, 000153.233, 341.0
Trd, 000153.983, 335
Trd, 000154.117, 337.0
Trd, 000154.300, 354.0
Trd, 000154.550, 350
Trd, 000155.417, 356
Trd, 000155.783, 362
Trd, 000155.800, 337
Trd, 000156.567, 351
Trd, 000156.867, 352
Trd, 000158.667, 346
Trd, 000159.400, 348
Trd, 000159.917, 330
Trd, 000160.500, 329
Trd, 000160.800, 343
Trd, 000161.417, 336.0
Trd, 000162.083, 329
Trd, 000163.000, 329
Trd, 000163.533, 333
Trd, 000163.800, 336.0
Trd, 000164.417, 337.0
Trd, 000164.683, 326
Trd, 000164.833, 341.0
Trd, 000165.033, 355.0
Trd, 000165.117, 358
Trd, 000165.133, 329
Trd, 000166.467, 335
Trd, 000169.017, 333
Trd, 000169.067, 348
Trd, 000169.267, 349
Trd, 000169.733, 351
Trd, 000170.150, 330
Trd, 000171.467, 337.0
Trd, 000171.750, 331
Trd, 000172.967, 335
Trd, 000173.633, 351.0
Trd, 000174.267, 342
Trd, 000174.550, 344
Trd, 000175.733, 352.0
Trd, 000176.500, 349
Trd, 000176.517, 339
Trd, 000176.667, 350
Trd, 000177.467, 353
Trd, 000178.067, 331
Trd, 000178.200, 330
Trd, 000178.533, 354.0
Trd, 000178.750, 351.0
Trd, 000179.783, 340
Trd, 000179.900, 355.0
Trd, 000181.200, 337.0
Trd, 000181.383, 328
Trd, 000181.600, 340.0
Trd, 000182.017, 328
Trd, 000182.267, 326
Trd, 000182.367, 324.0
Trd, 000183.433, 306.0
Trd, 000183.517, 248
Trd, 000183.667, 211
Trd, 000183.800, 204
Trd, 000183.933, 172
Trd, 000183.983, 173
Trd, 000184.700, 145
Trd, 000184.867, 145
Trd, 000185.317, 182
Trd, 000187.083, 182
Trd, 000187.983, 176
Trd, 000188.500, 174
Trd, 000188.633, 166
Trd, 000188.767, 178
Trd, 000189.050, 174
Trd, 000189.767, 172
Trd, 000189.983, 178
Trd, 000190.517, 164
Trd, 000191.867, 173
Trd, 000192.300, 163
Trd, 000194.200, 163
Trd, 000194.583, 165
Trd, 000195.200, 166
Trd, 000195.367, 169
Trd, 000195.533, 172
Trd, 000195.933, 163
Trd, 000195.967, 174
Trd, 000197.067, 170
Trd, 000197.117, 168
Trd, 000197.833, 167
Trd, 000198.800, 174
Trd, 000200.033, 171
Trd, 000200.333, 171
Trd, 000201.317, 173
Trd, 000201.700, 173
Trd, 000201.767, 169
Trd, 000201.783, 150
Trd, 000202.233, 174
Trd, 000202.433, 146
Trd, 000203.117, 157
Trd, 000204.450, 149
Trd, 000205.050, 151
Trd, 000205.133, 152
Trd, 000205.183, 179
Trd, 000205.767, 157
Trd, 000205.817, 149
Trd, 000208.033, 171
Trd, 000208.067, 162
Trd, 000208.117, 172
Trd, 000208.183, 175
Trd, 000208.867, 148
Trd, 000209.083, 154
Trd, 000209.500, 178
Trd, 000209.583, 180
Trd, 000210.017, 172
Trd, 000212.117, 175
Trd, 000212.850, 171
Trd, 000213.550, 175
Trd, 000214.000, 173
Trd, 000214.083, 171
Trd, 000214.350, 175
Trd, 000215.450, 175
Trd, 000215.783, 173
Trd, 000215.817, 163
Trd, 000215.917, 190
Trd, 000216.617, 182
Trd, 000216.933, 147
Trd, 000218.167, 177
Trd, 000218.183, 173
Trd, 000218.917, 177
Trd, 000219.550, 177
Trd, 000220.067, 176
Trd, 000221.250, 162
Trd, 000221.500, 164
Trd, 000221.650, 177
Trd, 000222.767, 154
Trd, 000223.467, 170
Trd, 000224.183, 179
Trd, 000225.133, 176
Trd, 000225.400, 173
Trd, 000225.833, 175
Trd, 000226.317, 154
Trd, 000226.683, 152
Trd, 000226.800, 146
Trd, 000226.917, 146
Trd, 000227.750, 165
Trd, 000228.667, 167
Trd, 000228.783, 171
Trd, 000228.933, 152
Trd, 000229.750, 177
Trd, 000229.850, 166
Trd, 000230.800, 164
Trd, 000231.750, 170
Trd, 000232.333, 172
Trd, 000232.567, 174
Trd, 000233.217, 178
Trd, 000233.333, 180
Trd, 000233.367, 172
Trd, 000234.367, 172
Trd, 000234.783, 179
Trd, 000234.883, 180
Trd, 000235.550, 181
Trd, 000235.717, 188
Trd, 000235.750, 177
Trd, 000236.483, 183
Trd, 000236.783, 163
Trd, 000238.050, 165
Trd, 000239.333, 161
Trd, 000240.083, 161
Trd, 000240.117, 160
Trd, 000240.183, 153
Trd, 000240.333, 174
Trd, 000240.567, 178
Trd, 000240.767, 178
Trd, 000240.800, 160
Trd, 000241.383, 166
Trd, 000242.317, 169
Trd, 000242.917, 172
Trd, 000243.717, 174
Trd, 000243.783, 172
Trd, 000244.867, 172
Trd, 000245.017, 178
Trd, 000245.450, 178
Trd, 000245.567, 175
Trd, 000246.017, 173
Trd, 000246.217, 158
Trd, 000247.067, 161
Trd, 000247.250, 163
Trd, 000247.633, 160
Trd, 000247.767, 165
Trd, 000248.900, 167
Trd, 000249.467, 172
Trd, 000249.633, 165
Trd, 000250.000, 180
Trd, 000250.617, 158
Trd, 000251.383, 177
Trd, 000252.000, 173
Trd, 000252.167, 175
Trd, 000252.367, 165
Trd, 000252.917, 167
Trd, 000253.000, 169
Trd, 000253.217, 172
Trd, 000253.450, 173
Trd, 000254.283, 179
Trd, 000254.833, 166
Trd, 000255.883, 165
Trd, 000256.817, 167
Trd, 000257.133, 173
Trd, 000257.983, 174
Trd, 000258.067, 170
Trd, 000258.317, 169
Trd, 000258.967, 173
Trd, 000259.167, 173
Trd, 000259.200, 162
Trd, 000259.417, 175
Trd, 000259.633, 177
Trd, 000259.867, 157
Trd, 000260.050, 179
Trd, 000260.550, 180
Trd, 000260.983, 161
Trd, 000261.000, 163
Trd, 000261.917, 163
Trd, 000262.183, 160
Trd, 000262.467, 167
Trd, 000263.117, 168
Trd, 000264.650, 179
Trd, 000264.967, 176
Trd, 000265.200, 155
Trd, 000265.233, 151
Trd, 000265.300, 177
Trd, 000265.433, 149
Trd, 000266.033, 181
Trd, 000266.817, 160
Trd, 000266.933, 183
Trd, 000267.900, 184
Trd, 000268.150, 171
Trd, 000269.300, 190
Trd, 000269.350, 191
Trd, 000269.500, 189
Trd, 000269.767, 184
Trd, 000270.417, 183
Trd, 000270.450, 182
Trd, 000270.550, 178
Trd, 000270.850, 171
Trd, 000271.650, 164
Trd, 000271.717, 178
Trd, 000271.750, 179
Trd, 000272.533, 184
Trd, 000274.033, 177
Trd, 000274.167, 171
Trd, 000274.483, 168
Trd, 000274.717, 175
Trd, 000275.267, 169
Trd, 000275.567, 170
Trd, 000276.000, 167
Trd, 000276.667, 179
Trd, 000277.617, 180
Trd, 000277.983, 181
Trd, 000278.233, 182
Trd, 000278.283, 179
Trd, 000278.317, 185
Trd, 000279.217, 182
Trd, 000279.417, 186
Trd, 000279.850, 180
Trd, 000279.900, 179
Trd, 000279.983, 167
Trd, 000280.883, 182
Trd, 000281.600, 173
Trd, 000282.333, 174
Trd, 000282.617, 172
Trd, 000283.050, 181
Trd, 000283.917, 181
Trd, 000284.050, 182
Trd, 000284.100, 172
Trd, 000284.617, 165
Trd, 000285.533, 183
Trd, 000285.567, 172
Trd, 000285.767, 179
Trd, 000286.600, 176
Trd, 000287.000, 166
Trd, 000287.217, 187
Trd, 000288.083, 190
Trd, 000288.283, 184
Trd, 000288.383, 180
Trd, 000288.433, 179
Trd, 000289.067, 166
Trd, 000289.533, 175
Trd, 000289.683, 173
Trd, 000290.050, 162
Trd, 000290.117, 191
Trd, 000290.250, 181
Trd, 000290.417, 158
Trd, 000290.583, 182
Trd, 000291.033, 184
Trd, 000291.933, 167
Trd, 000292.550, 187
Trd, 000292.633, 188
Trd, 000292.867, 194
Trd, 000294.067, 171
Trd, 000294.350, 174
Trd, 000294.383, 173
Trd, 000294.500, 166
Trd, 000294.617, 162
Trd, 000294.817, 170
Trd, 000295.467, 182
Trd, 000295.583, 184
Trd, 000297.600, 188
Trd, 000297.633, 182
Trd, 000298.133, 190
Trd, 000298.650, 184
Trd, 000298.867, 185
Trd, 000298.983, 184
Trd, 000299.583, 183
Trd, 000299.917, 181
