Trd, 000001.283, 137
Trd, 000002.917, 131
Trd, 000002.950, 140
Trd, 000003.083, 130
Trd, 000003.883, 132
Trd, 000004.283, 134
Trd, 000004.633, 150
Trd, 000005.050, 147
Trd, 000005.250, 150
Trd, 000005.567, 148
Trd, 000005.750, 146
Trd, 000007.267, 146
Trd, 000007.433, 149
Trd, 000008.000, 146
Trd, 000009.767, 133
Trd, 000010.317, 135
Trd, 000010.350, 136
Trd, 000010.500, 136
Trd, 000010.717, 152
Trd, 000011.800, 139
Trd, 000012.233, 156
Trd, 000013.367, 144
Trd, 000013.917, 146
Trd, 000013.933, 143
Trd, 000015.883, 142
Trd, 000015.917, 142
Trd, 000016.300, 143
Trd, 000017.800, 143
Trd, 000018.050, 145
Trd, 000018.917, 142
Trd, 000018.933, 141
Trd, 000019.967, 141
Trd, 000020.200, 142
Trd, 000020.567, 140
Trd, 000020.900, 143
Trd, 000021.983, 145
Trd, 000022.167, 143
Trd, 000024.150, 150
Trd, 000024.567, 150
Trd, 000025.183, 150
Trd, 000025.717, 152
Trd, 000025.867, 149
Trd, 000026.967, 149
Trd, 000027.500, 146
Trd, 000027.650, 153
Trd, 000028.500, 154
Trd, 000029.067, 150
Trd, 000029.600, 149
Trd, 000030.217, 150
Trd, 000030.633, 152
Trd, 000030.900, 151
Trd, 000032.767, 150
Trd, 000032.900, 151
Trd, 000033.033, 152
Trd, 000033.567, 152
Trd, 000033.933, 154
Trd, 000034.267, 153
Trd, 000035.250, 149
Trd, 000035.850, 149
Trd, 000036.500, 149
Trd, 000036.983, 147
Trd, 000037.667, 148
Trd, 000037.750, 146
Trd, 000038.500, 150
Trd, 000038.917, 151
Trd, 000040.667, 150
Trd, 000040.750, 150
Trd, 000042.183, 155
Trd, 000042.783, 151
Trd, 000043.100, 153
Trd, 000043.717, 153
Trd, 000044.817, 152
Trd, 000044.983, 153
Trd, 000045.283, 153
Trd, 000045.450, 151
Trd, 000045.867, 150
Trd, 000046.650, 150
Trd, 000047.017, 145
Trd, 000048.267, 151
Trd, 000048.933, 149
Trd, 000049.833, 150
Trd, 000050.483, 149
Trd, 000051.900, 148
Trd, 000052.167, 151
Trd, 000052.733, 149
Trd, 000053.367, 149
Trd, 000054.850, 149
Trd, 000055.400, 150
Trd, 000055.650, 150
Trd, 000055.917, 155
Trd, 000057.217, 159
Trd, 000058.750, 159
Trd, 000059.683, 157
Trd, 000059.900, 157
Trd, 000060.667, 153
Trd, 000060.683, 154
Trd, 000061.783, 154
Trd, 000062.100, 153
Trd, 000062.233, 155
Trd, 000063.567, 153
Trd, 000063.650, 154
Trd, 000063.717, 143
Trd, 000064.533, 145
Trd, 000065.667, 151
Trd, 000066.317, 151
Trd, 000066.417, 150
Trd, 000066.517, 151
Trd, 000067.317, 150
Trd, 000067.900, 148
Trd, 000068.767, 148
Trd, 000069.700, 148
Trd, 000069.933, 149
Trd, 000070.067, 150
Trd, 000071.283, 148
Trd, 000072.483, 148
Trd, 000074.400, 147
Trd, 000074.883, 147
Trd, 000075.450, 148
Trd, 000075.550, 149
Trd, 000075.967, 150
Trd, 000077.517, 152
Trd, 000078.017, 157
Trd, 000078.067, 153
Trd, 000079.700, 155
Trd, 000079.817, 156
Trd, 000080.850, 156
Trd, 000081.933, 155
Trd, 000082.417, 156
Trd, 000083.350, 156
Trd, 000083.500, 158
Trd, 000084.050, 154
Trd, 000084.100, 153
Trd, 000084.183, 152
Trd, 000084.750, 148
Trd, 000085.317, 156
Trd, 000087.000, 157
Trd, 000087.583, 153
Trd, 000087.700, 160
Trd, 000089.250, 153
Trd, 000089.867, 154
Trd, 000090.467, 158
Trd, 000091.367, 157
Trd, 000092.533, 156
Trd, 000092.733, 154
Trd, 000094.100, 154
Trd, 000094.500, 155
Trd, 000094.633, 157
Trd, 000095.650, 154
Trd, 000096.033, 154
Trd, 000097.550, 157
Trd, 000097.817, 158
Trd, 000098.717, 157
Trd, 000099.433, 156
Trd, 000099.700, 150
Trd, 000100.217, 150
Trd, 000102.933, 152
Trd, 000103.450, 154
Trd, 000104.000, 152
Trd, 000104.467, 152
Trd, 000104.783, 152
Trd, 000105.167, 151
Trd, 000105.467, 153
Trd, 000106.533, 152
Trd, 000107.083, 152
Trd, 000107.550, 151
Trd, 000107.667, 160
Trd, 000109.133, 155
Trd, 000109.750, 153
Trd, 000110.083, 156
Trd, 000111.900, 153
Trd, 000113.417, 158
Trd, 000113.500, 156
Trd, 000113.767, 157
Trd, 000113.800, 158
Trd, 000114.233, 162
Trd, 000114.633, 156
Trd, 000114.767, 165
Trd, 000116.567, 161
Trd, 000116.667, 153
Trd, 000119.200, 158
Trd, 000119.500, 159
Trd, 000119.733, 155
Trd, 000120.850, 155
Trd, 000120.933, 155
Trd, 000121.217, 157
Trd, 000121.683, 159
Trd, 000122.433, 163
Trd, 000123.000, 170
Trd, 000123.017, 201
Trd, 000123.117, 205
Trd, 000123.467, 210
Trd, 000124.550, 303
Trd, 000125.100, 349
Trd, 000125.833, 353
Trd, 000126.083, 355.0
Trd, 000126.467, 341.0
Trd, 000127.133, 347
Trd, 000128.267, 341
Trd, 000129.367, 341.0
Trd, 000129.467, 337.0
Trd, 000131.417, 338
Trd, 000131.433, 339
Trd, 000131.983, 336
Trd, 000132.233, 339
Trd, 000133.817, 339
Trd, 000134.033, 338
Trd, 000134.117, 339
Trd, 000134.883, 341
Trd, 000136.117, 341.0
Trd, 000137.383, 345
Trd, 000138.700, 341.0
Trd, 000139.350, 337
Trd, 000140.900, 341
Trd, 000141.267, 342
Trd, 000141.583, 339
Trd, 000142.117, 339
Trd, 000142.533, 340
Trd, 000142.967, 341.0
Trd, 000143.750, 342
Trd, 000143.867, 342
Trd, 000143.950, 341
Trd, 000146.183, 340
Trd, 000146.200, 337.0
Trd, 000147.350, 336
Trd, 000148.767, 338
Trd, 000148.867, 344
Trd, 000149.217, 337
Trd, 000149.667, 336
Trd, 000151.483, 341
Trd, 000152.083, 339
Trd, 000152.400, 338.0
Trd, 000152.583, 337.0
Trd, 000153.100, 341.0
Trd, 000153.533, 341
Trd, 000154.483, 342
Trd, 000157.717, 337.0
Trd, 000157.983, 335
Trd, 000159.517, 337
Trd, 000159.567, 338
Trd, 000160.433, 336
Trd, 000160.917, 335
Trd, 000161.667, 335
Trd, 000163.733, 333
Trd, 000163.950, 351.0
Trd, 000166.233, 339
Trd, 000167.650, 341
Trd, 000167.667, 339.0
Trd, 000168.583, 338
Trd, 000169.350, 339
Trd, 000171.000, 340
Trd, 000172.467, 341
Trd, 000173.467, 338.0
Trd, 000174.050, 337.0
Trd, 000174.767, 340.0
Trd, 000175.667, 337
Trd, 000176.400, 338
Trd, 000177.367, 339.0
Trd, 000179.267, 341.0
Trd, 000179.633, 341
Trd, 000180.950, 341
Trd, 000181.383, 340
Trd, 000181.717, 340
Trd, 000182.150, 339.0
Trd, 000182.450, 339
Trd, 000183.000, 337.0
Trd, 000183.033, 313
Trd, 000183.183, 310.0
Trd, 000183.467, 280
Trd, 000183.633, 284
Trd, 000184.017, 202
Trd, 000185.000, 200
Trd, 000185.250, 190
Trd, 000185.817, 185
Trd, 000186.133, 183
Trd, 000187.400, 197
Trd, 000189.067, 187
Trd, 000190.100, 186
Trd, 000190.283, 184
Trd, 000190.650, 184
Trd, 000191.533, 181
Trd, 000192.050, 158
Trd, 000193.717, 156
Trd, 000193.867, 160
Trd, 000193.950, 157
Trd, 000194.883, 162
Trd, 000195.917, 170
Trd, 000196.417, 159
Trd, 000196.600, 160
Trd, 000197.483, 160
Trd, 000197.783, 161
Trd, 000198.150, 158
Trd, 000198.383, 170
Trd, 000199.583, 160
Trd, 000200.650, 164
Trd, 000200.717, 163
Trd, 000201.133, 163
Trd, 000201.983, 168
Trd, 000203.350, 160
Trd, 000203.483, 159
Trd, 000204.150, 162
Trd, 000204.617, 162
Trd, 000205.083, 161
Trd, 000205.633, 160
Trd, 000206.050, 161
Trd, 000206.683, 162
Trd, 000207.383, 162
Trd, 000208.533, 160
Trd, 000208.733, 158
Trd, 000209.917, 159
Trd, 000210.133, 158
Trd, 000210.383, 160
Trd, 000210.650, 159
Trd, 000211.350, 158
Trd, 000212.033, 159
Trd, 000213.500, 174
Trd, 000214.300, 170
Trd, 000215.550, 171
Trd, 000215.600, 170
Trd, 000216.767, 168
Trd, 000217.100, 169
Trd, 000217.850, 168
Trd, 000218.700, 170
Trd, 000220.583, 170
Trd, 000220.983, 169
Trd, 000221.417, 169
Trd, 000221.550, 168
Trd, 000223.783, 168
Trd, 000223.867, 167
Trd, 000224.217, 172
Trd, 000225.600, 175
Trd, 000226.133, 175
Trd, 000226.350, 168
Trd, 000226.717, 168
Trd, 000229.800, 170
Trd, 000230.117, 170
Trd, 000230.417, 170
Trd, 000230.650, 169
Trd, 000231.567, 170
Trd, 000231.817, 171
Trd, 000233.017, 177
Trd, 000233.750, 172
Trd, 000235.117, 171
Trd, 000235.150, 170
Trd, 000235.733, 172
Trd, 000236.217, 169
Trd, 000237.317, 171
Trd, 000237.950, 171
Trd, 000238.617, 170
Trd, 000239.017, 171
Trd, 000239.467, 170
Trd, 000239.917, 169
Trd, 000240.050, 175
Trd, 000240.700, 171
Trd, 000240.883, 170
Trd, 000241.133, 172
Trd, 000241.367, 171
Trd, 000242.450, 178
Trd, 000243.217, 174
Trd, 000243.700, 173
Trd, 000243.883, 173
Trd, 000244.783, 174
Trd, 000244.850, 175
Trd, 000245.467, 172
Trd, 000245.800, 170
Trd, 000246.350, 170
Trd, 000246.483, 171
Trd, 000246.667, 170
Trd, 000247.233, 173
Trd, 000247.583, 171
Trd, 000247.950, 173
Trd, 000248.050, 172
Trd, 000248.267, 173
Trd, 000248.500, 172
Trd, 000249.067, 174
Trd, 000250.033, 176
Trd, 000250.133, 179
Trd, 000250.500, 178
Trd, 000251.400, 177
Trd, 000252.483, 177
Trd, 000253.050, 178
Trd, 000254.100, 172
Trd, 000254.233, 173
Trd, 000254.300, 174
Trd, 000254.867, 175
Trd, 000255.333, 174
Trd, 000255.400, 175
Trd, 000255.417, 172
Trd, 000255.433, 176
Trd, 000256.083, 176
Trd, 000256.733, 174
Trd, 000257.083, 175
Trd, 000257.800, 178
Trd, 000258.117, 179
Trd, 000258.400, 179
Trd, 000258.417, 176
Trd, 000259.017, 180
Trd, 000259.867, 190
Trd, 000260.133, 178
Trd, 000260.600, 177
Trd, 000261.267, 179
Trd, 000261.300, 175
Trd, 000261.583, 179
Trd, 000263.000, 179
Trd, 000263.250, 176
Trd, 000263.367, 175
Trd, 000263.650, 170
Trd, 000264.600, 166
Trd, 000264.700, 167
Trd, 000264.800, 163
Trd, 000265.533, 165
Trd, 000266.133, 162
Trd, 000266.583, 164
Trd, 000266.850, 163
Trd, 000267.017, 163
Trd, 000267.267, 159
Trd, 000267.567, 164
Trd, 000267.617, 164
Trd, 000268.033, 164
Trd, 000268.233, 164
Trd, 000268.850, 163
Trd, 000269.100, 166
Trd, 000269.800, 166
Trd, 000269.850, 163
Trd, 000269.967, 168
Trd, 000271.400, 165
Trd, 000271.583, 168
Trd, 000272.167, 171
Trd, 000273.033, 168
Trd, 000273.700, 172
Trd, 000273.967, 170
Trd, 000274.450, 171
Trd, 000274.783, 172
Trd, 000274.933, 172
Trd, 000275.367, 173
Trd, 000275.500, 171
Trd, 000275.633, 172
Trd, 000275.750, 178
Trd, 000275.800, 182
Trd, 000276.333, 177
Trd, 000276.750, 190
Trd, 000276.767, 167
Trd, 000277.433, 171
Trd, 000277.567, 169
Trd, 000278.083, 175
Trd, 000278.767, 174
Trd, 000278.917, 173
Trd, 000279.650, 175
Trd, 000279.800, 173
Trd, 000280.167, 179
Trd, 000280.333, 173
Trd, 000280.783, 179
Trd, 000281.133, 179
Trd, 000282.250, 179
Trd, 000282.400, 174
Trd, 000282.950, 172
Trd, 000283.433, 173
Trd, 000283.783, 181
Trd, 000283.917, 182
Trd, 000284.050, 173
Trd, 000284.500, 178
Trd, 000285.517, 172
Trd, 000286.000, 172
Trd, 000286.050, 173
Trd, 000286.183, 171
Trd, 000286.567, 163
Trd, 000287.100, 166
Trd, 000287.300, 165
Trd, 000287.800, 179
Trd, 000287.883, 183
Trd, 000288.383, 173
Trd, 000288.400, 172
Trd, 000289.133, 178
Trd, 000289.667, 173
Trd, 000290.167, 180
Trd, 000290.467, 164
Trd, 000291.050, 176
Trd, 000291.333, 176
Trd, 000291.767, 187
Trd, 000292.000, 194
Trd, 000293.117, 200
Trd, 000293.483, 191
Trd, 000293.600, 186
Trd, 000293.900, 193
Trd, 000294.200, 183
Trd, 000294.350, 184
Trd, 000294.850, 194
Trd, 000295.283, 182
Trd, 000295.450, 203
Trd, 000295.550, 176
Trd, 000295.933, 174
Trd, 000296.417, 173
Trd, 000296.650, 169
Trd, 000296.783, 167
Trd, 000298.200, 170
Trd, 000298.450, 170
Trd, 000299.167, 169
Trd, 000299.233, 169
Trd, 000299.317, 167
Trd, 000299.717, 171
Trd, 000299.900, 169
