Trd, 000002.317, 179
Trd, 000002.500, 177
Trd, 000003.267, 170
Trd, 000003.417, 196
Trd, 000004.767, 143
Trd, 000004.817, 144
Trd, 000005.433, 133
Trd, 000005.583, 143
Trd, 000006.450, 147
Trd, 000007.000, 145
Trd, 000007.367, 145
Trd, 000007.917, 146
Trd, 000008.483, 147
Trd, 000009.317, 140
Trd, 000009.650, 141
Trd, 000010.017, 142
Trd, 000010.650, 146
Trd, 000010.917, 149
Trd, 000010.933, 143
Trd, 000010.950, 142
Trd, 000011.500, 142
Trd, 000012.117, 140
Trd, 000012.433, 141
Trd, 000013.033, 142
Trd, 000013.467, 145
Trd, 000013.500, 152
Trd, 000015.350, 148
Trd, 000015.950, 148
Trd, 000016.400, 149
Trd, 000016.800, 160
Trd, 000018.367, 147
Trd, 000018.683, 148
Trd, 000019.017, 150
Trd, 000020.533, 151
Trd, 000021.083, 151
Trd, 000021.983, 151
Trd, 000022.050, 150
Trd, 000022.533, 150
Trd, 000022.567, 151
Trd, 000023.283, 149
Trd, 000023.983, 149
Trd, 000024.067, 151
Trd, 000024.917, 150
Trd, 000025.383, 149
Trd, 000027.550, 149
Trd, 000028.000, 149
Trd, 000028.050, 148
Trd, 000028.233, 147
Trd, 000028.267, 145
Trd, 000028.350, 150
Trd, 000028.683, 151
Trd, 000029.933, 139
Trd, 000032.717, 147
Trd, 000032.983, 146
Trd, 000033.000, 149
Trd, 000033.500, 146
Trd, 000033.700, 142
Trd, 000034.533, 146
Trd, 000034.833, 147
Trd, 000035.450, 146
Trd, 000037.517, 146
Trd, 000038.367, 144
Trd, 000038.450, 144
Trd, 000038.983, 145
Trd, 000039.533, 147
Trd, 000039.750, 144
Trd, 000039.867, 148
Trd, 000039.967, 147
Trd, 000040.567, 148
Trd, 000040.650, 150
Trd, 000042.467, 148
Trd, 000042.917, 149
Trd, 000043.067, 146
Trd, 000044.317, 146
Trd, 000045.233, 146
Trd, 000045.500, 147
Trd, 000045.600, 147
Trd, 000046.250, 147
Trd, 000046.700, 146
Trd, 000047.283, 146
Trd, 000047.367, 148
Trd, 000047.583, 145
Trd, 000047.950, 141
Trd, 000048.367, 148
Trd, 000048.983, 152
Trd, 000050.383, 153
Trd, 000050.917, 150
Trd, 000052.883, 151
Trd, 000053.050, 149
Trd, 000053.100, 151
Trd, 000053.683, 151
Trd, 000053.983, 150
Trd, 000054.400, 153
Trd, 000054.917, 153
Trd, 000055.083, 150
Trd, 000057.250, 153
Trd, 000057.617, 154
Trd, 000058.600, 151
Trd, 000059.050, 153
Trd, 000059.483, 150
Trd, 000060.283, 150
Trd, 000060.317, 151
Trd, 000060.767, 150
Trd, 000061.333, 153
Trd, 000061.600, 154
Trd, 000062.200, 155
Trd, 000062.417, 152
Trd, 000062.583, 155
Trd, 000062.950, 156
Trd, 000064.150, 153
Trd, 000065.717, 152
Trd, 000065.767, 150
Trd, 000067.567, 153
Trd, 000068.183, 151
Trd, 000068.350, 149
Trd, 000069.767, 151
Trd, 000070.450, 149
Trd, 000070.650, 150
Trd, 000070.900, 151
Trd, 000071.067, 152
Trd, 000072.033, 150
Trd, 000072.450, 151
Trd, 000073.467, 151
Trd, 000073.633, 154
Trd, 000073.850, 154
Trd, 000075.883, 154
Trd, 000075.933, 155
Trd, 000076.633, 153
Trd, 000077.283, 153
Trd, 000079.317, 156
Trd, 000080.267, 155
Trd, 000080.550, 154
Trd, 000080.700, 155
Trd, 000081.733, 152
Trd, 000082.083, 154
Trd, 000082.133, 154
Trd, 000083.033, 153
Trd, 000084.050, 153
Trd, 000084.200, 152
Trd, 000084.217, 153
Trd, 000085.583, 151
Trd, 000085.717, 141
Trd, 000086.167, 152
Trd, 000086.300, 152
Trd, 000086.450, 159
Trd, 000087.467, 157
Trd, 000087.933, 155
Trd, 000088.417, 153
Trd, 000089.083, 153
Trd, 000089.250, 154
Trd, 000089.900, 154
Trd, 000090.233, 155
Trd, 000091.417, 154
Trd, 000091.850, 152
Trd, 000093.083, 153
Trd, 000093.167, 156
Trd, 000093.850, 156
Trd, 000094.150, 153
Trd, 000094.433, 155
Trd, 000095.150, 154
Trd, 000095.283, 153
Trd, 000095.333, 151
Trd, 000095.633, 153
Trd, 000095.983, 154
Trd, 000097.633, 155
Trd, 000098.383, 157
Trd, 000098.617, 158
Trd, 000100.117, 158
Trd, 000100.250, 159
Trd, 000101.000, 160
Trd, 000101.050, 161
Trd, 000102.517, 158
Trd, 000103.833, 156
Trd, 000104.183, 155
Trd, 000104.500, 154
Trd, 000105.300, 163
Trd, 000106.500, 158
Trd, 000106.617, 159
Trd, 000106.633, 159
Trd, 000107.150, 155
Trd, 000107.517, 155
Trd, 000108.833, 160
Trd, 000108.950, 162
Trd, 000110.033, 164
Trd, 000111.283, 161
Trd, 000111.417, 161
Trd, 000111.950, 159
Trd, 000112.117, 162
Trd, 000112.350, 159
Trd, 000112.500, 159
Trd, 000114.083, 162
Trd, 000114.200, 162
Trd, 000114.533, 169
Trd, 000115.317, 162
Trd, 000116.133, 164
Trd, 000117.033, 166
Trd, 000118.100, 166
Trd, 000118.450, 164
Trd, 000119.133, 164
Trd, 000119.400, 163
Trd, 000119.617, 156
Trd, 000120.100, 163
Trd, 000120.667, 162
Trd, 000121.200, 162
Trd, 000121.650, 163
Trd, 000121.750, 174
Trd, 000122.467, 175
Trd, 000122.517, 207
Trd, 000123.217, 252
Trd, 000124.067, 308.0
Trd, 000125.100, 310.0
Trd, 000125.617, 324
Trd, 000125.817, 326
Trd, 000125.933, 327
Trd, 000126.933, 330
Trd, 000127.283, 331.0
Trd, 000127.950, 338
Trd, 000128.850, 346.0
Trd, 000129.517, 347
Trd, 000131.417, 350
Trd, 000131.900, 348.0
Trd, 000132.250, 347.0
Trd, 000132.867, 344.0
Trd, 000133.767, 342
Trd, 000134.067, 347.0
Trd, 000134.300, 348.0
Trd, 000135.483, 350
Trd, 000136.917, 343.0
Trd, 000137.450, 343
Trd, 000138.367, 343
Trd, 000139.550, 344.0
Trd, 000139.700, 348.0
Trd, 000140.067, 350
Trd, 000141.400, 345
Trd, 000143.433, 343
Trd, 000143.517, 346.0
Trd, 000143.867, 345
Trd, 000145.583, 343.0
Trd, 000145.833, 344.0
Trd, 000146.250, 343
Trd, 000146.300, 342
Trd, 000147.100, 342
Trd, 000147.333, 343
Trd, 000148.650, 340
Trd, 000148.767, 337.0
Trd, 000148.817, 342
Trd, 000150.633, 342
Trd, 000151.083, 343
Trd, 000152.350, 343.0
Trd, 000152.867, 344.0
Trd, 000153.167, 342
Trd, 000153.217, 348.0
Trd, 000153.950, 344.0
Trd, 000155.517, 346
Trd, 000155.767, 345
Trd, 000156.550, 346.0
Trd, 000158.283, 343
Trd, 000158.750, 344
Trd, 000159.583, 345
Trd, 000160.067, 343
Trd, 000160.250, 348.0
Trd, 000161.533, 345
Trd, 000161.650, 347.0
Trd, 000161.683, 344
Trd, 000162.550, 341
Trd, 000162.983, 343
Trd, 000163.550, 344.0
Trd, 000165.050, 343
Trd, 000165.300, 343
Trd, 000165.683, 343
Trd, 000165.700, 344
Trd, 000167.917, 345
Trd, 000168.600, 344.0
Trd, 000168.633, 348.0
Trd, 000168.767, 342
Trd, 000170.450, 343
Trd, 000171.000, 344
Trd, 000171.217, 347
Trd, 000171.583, 347
Trd, 000172.117, 344
Trd, 000172.267, 337
Trd, 000173.267, 348.0
Trd, 000174.000, 346
Trd, 000174.467, 342
Trd, 000175.917, 343
Trd, 000176.017, 342
Trd, 000176.117, 340
Trd, 000176.133, 343
Trd, 000176.733, 344.0
Trd, 000178.150, 347
Trd, 000178.933, 344.0
Trd, 000179.467, 346.0
Trd, 000179.950, 342
Trd, 000180.067, 343
Trd, 000180.150, 341
Trd, 000180.233, 347.0
Trd, 000181.383, 348.0
Trd, 000181.600, 348
Trd, 000181.767, 341
Trd, 000182.017, 341
Trd, 000182.467, 340
Trd, 000182.933, 334.0
Trd, 000183.100, 323
Trd, 000183.450, 317.0
Trd, 000183.533, 310.0
Trd, 000183.583, 306.0
Trd, 000184.417, 197
Trd, 000186.050, 214
Trd, 000187.700, 199
Trd, 000188.117, 198
Trd, 000188.800, 201
Trd, 000188.933, 198
Trd, 000189.300, 187
Trd, 000190.133, 164
Trd, 000190.733, 185
Trd, 000190.883, 186
Trd, 000191.583, 163
Trd, 000191.600, 169
Trd, 000191.933, 170
Trd, 000194.167, 175
Trd, 000194.250, 176
Trd, 000194.300, 179
Trd, 000194.783, 177
Trd, 000194.950, 171
Trd, 000195.033, 181
Trd, 000195.700, 176
Trd, 000196.033, 167
Trd, 000196.383, 163
Trd, 000197.017, 170
Trd, 000197.983, 174
Trd, 000198.200, 169
Trd, 000198.567, 169
Trd, 000199.383, 166
Trd, 000199.633, 173
Trd, 000199.733, 175
Trd, 000200.717, 171
Trd, 000201.267, 174
Trd, 000201.700, 164
Trd, 000204.133, 170
Trd, 000204.600, 168
Trd, 000205.000, 167
Trd, 000205.083, 168
Trd, 000205.267, 169
Trd, 000205.917, 168
Trd, 000206.017, 166
Trd, 000206.800, 168
Trd, 000207.267, 165
Trd, 000208.833, 166
Trd, 000209.267, 167
Trd, 000209.900, 167
Trd, 000210.367, 167
Trd, 000210.517, 165
Trd, 000210.600, 167
Trd, 000210.950, 172
Trd, 000211.633, 168
Trd, 000212.317, 169
Trd, 000212.433, 172
Trd, 000213.200, 172
Trd, 000214.567, 170
Trd, 000214.583, 171
Trd, 000215.500, 171
Trd, 000216.567, 172
Trd, 000216.700, 167
Trd, 000217.883, 167
Trd, 000218.250, 168
Trd, 000218.317, 167
Trd, 000218.800, 167
Trd, 000218.883, 169
Trd, 000220.150, 169
Trd, 000220.217, 167
Trd, 000220.317, 170
Trd, 000221.167, 172
Trd, 000222.383, 169
Trd, 000222.533, 171
Trd, 000223.817, 170
Trd, 000224.183, 170
Trd, 000224.867, 169
Trd, 000225.217, 169
Trd, 000226.450, 166
Trd, 000226.850, 168
Trd, 000227.183, 169
Trd, 000227.567, 170
Trd, 000227.933, 170
Trd, 000228.067, 167
Trd, 000229.800, 168
Trd, 000230.367, 171
Trd, 000231.300, 171
Trd, 000231.700, 171
Trd, 000231.967, 172
Trd, 000232.433, 168
Trd, 000233.033, 173
Trd, 000233.650, 173
Trd, 000234.967, 171
Trd, 000236.133, 172
Trd, 000236.200, 170
Trd, 000238.433, 169
Trd, 000238.933, 170
Trd, 000239.100, 172
Trd, 000239.267, 175
Trd, 000240.017, 172
Trd, 000240.233, 173
Trd, 000240.383, 173
Trd, 000240.817, 182
Trd, 000241.017, 170
Trd, 000241.433, 171
Trd, 000242.533, 172
Trd, 000242.783, 172
Trd, 000243.950, 171
Trd, 000244.067, 172
Trd, 000244.567, 170
Trd, 000245.433, 173
Trd, 000245.650, 172
Trd, 000246.083, 171
Trd, 000246.483, 170
Trd, 000246.617, 173
Trd, 000247.550, 170
Trd, 000247.683, 170
Trd, 000247.850, 168
Trd, 000248.533, 170
Trd, 000248.800, 170
Trd, 000249.000, 173
Trd, 000249.233, 170
Trd, 000249.983, 170
Trd, 000250.333, 173
Trd, 000250.733, 173
Trd, 000251.850, 172
Trd, 000252.933, 172
Trd, 000253.033, 173
Trd, 000253.267, 173
Trd, 000253.383, 172
Trd, 000253.567, 171
Trd, 000254.767, 170
Trd, 000255.000, 171
Trd, 000255.083, 172
Trd, 000255.217, 176
Trd, 000255.767, 180
Trd, 000256.717, 181
Trd, 000256.867, 180
Trd, 000257.000, 179
Trd, 000257.250, 179
Trd, 000258.733, 178
Trd, 000260.050, 177
Trd, 000260.233, 180
Trd, 000260.317, 181
Trd, 000260.567, 176
Trd, 000261.183, 177
Trd, 000261.367, 178
Trd, 000261.550, 180
Trd, 000262.200, 175
Trd, 000262.483, 173
Trd, 000262.917, 177
Trd, 000263.733, 181
Trd, 000264.050, 183
Trd, 000264.083, 184
Trd, 000264.933, 182
Trd, 000265.200, 181
Trd, 000265.867, 179
Trd, 000265.983, 178
Trd, 000266.517, 178
Trd, 000266.633, 180
Trd, 000267.183, 179
Trd, 000267.800, 181
Trd, 000268.167, 180
Trd, 000268.500, 181
Trd, 000269.433, 182
Trd, 000269.767, 183
Trd, 000269.850, 189
Trd, 000270.083, 184
Trd, 000271.117, 182
Trd, 000271.200, 180
Trd, 000271.317, 179
Trd, 000271.567, 178
Trd, 000271.600, 183
Trd, 000272.017, 171
Trd, 000272.717, 175
Trd, 000273.200, 174
Trd, 000273.917, 172
Trd, 000274.067, 178
Trd, 000274.200, 177
Trd, 000274.367, 174
Trd, 000275.533, 178
Trd, 000275.667, 173
Trd, 000276.250, 181
Trd, 000276.817, 181
Trd, 000277.333, 175
Trd, 000277.867, 181
Trd, 000278.983, 180
Trd, 000279.200, 180
Trd, 000279.400, 179
Trd, 000279.983, 180
Trd, 000280.100, 180
Trd, 000280.150, 178
Trd, 000280.617, 180
Trd, 000281.000, 179
Trd, 000281.983, 182
Trd, 000283.400, 181
Trd, 000283.467, 183
Trd, 000283.500, 179
Trd, 000284.050, 186
Trd, 000284.383, 179
Trd, 000284.717, 190
Trd, 000285.550, 178
Trd, 000285.883, 178
Trd, 000286.250, 180
Trd, 000286.900, 173
Trd, 000287.150, 181
Trd, 000287.450, 174
Trd, 000287.950, 181
Trd, 000288.450, 183
Trd, 000288.483, 183
Trd, 000288.750, 174
Trd, 000289.000, 173
Trd, 000289.383, 180
Trd, 000290.333, 175
Trd, 000290.683, 185
Trd, 000291.083, 186
Trd, 000291.717, 184
Trd, 000291.983, 181
Trd, 000292.817, 181
Trd, 000293.433, 177
Trd, 000294.417, 179
Trd, 000295.417, 178
Trd, 000295.933, 180
Trd, 000296.100, 182
Trd, 000296.267, 185
Trd, 000297.000, 178
Trd, 000297.350, 179
Trd, 000297.633, 180
Trd, 000298.033, 178
Trd, 000298.683, 181
Trd, 000298.717, 181
Trd, 000299.283, 178
Trd, 000299.917, 179
