Trd, 000002.400, 167
Trd, 000002.700, 133
Trd, 000002.833, 175
Trd, 000003.250, 173
Trd, 000003.850, 133
Trd, 000004.267, 126
Trd, 000004.567, 125
Trd, 000005.033, 139
Trd, 000005.267, 148
Trd, 000006.033, 144
Trd, 000006.317, 141
Trd, 000006.417, 141
Trd, 000006.833, 137
Trd, 000006.967, 144
Trd, 000008.550, 138
Trd, 000009.000, 146
Trd, 000009.633, 147
Trd, 000009.950, 149
Trd, 000011.483, 145
Trd, 000012.500, 150
Trd, 000012.800, 144
Trd, 000012.917, 151
Trd, 000013.150, 143
Trd, 000013.833, 152
Trd, 000013.850, 152
Trd, 000014.400, 142
Trd, 000016.150, 147
Trd, 000016.167, 148
Trd, 000016.233, 149
Trd, 000016.850, 149
Trd, 000017.617, 148
Trd, 000017.650, 143
Trd, 000018.633, 149
Trd, 000018.700, 144
Trd, 000018.717, 150
Trd, 000019.050, 143
Trd, 000021.017, 144
Trd, 000021.283, 149
Trd, 000021.633, 148
Trd, 000021.900, 149
Trd, 000022.133, 148
Trd, 000022.483, 153
Trd, 000022.717, 147
Trd, 000023.183, 160
Trd, 000023.617, 146
Trd, 000024.800, 145
Trd, 000025.200, 150
Trd, 000025.300, 150
Trd, 000025.567, 132
Trd, 000026.300, 140
Trd, 000026.617, 138
Trd, 000026.900, 148
Trd, 000027.000, 153
Trd, 000027.200, 136
Trd, 000027.383, 164
Trd, 000027.500, 151
Trd, 000029.033, 154
Trd, 000029.833, 142
Trd, 000031.917, 151
Trd, 000032.067, 146
Trd, 000032.233, 145
Trd, 000032.517, 150
Trd, 000033.283, 151
Trd, 000033.300, 153
Trd, 000033.350, 145
Trd, 000033.583, 154
Trd, 000033.817, 143
Trd, 000035.267, 151
Trd, 000036.083, 151
Trd, 000036.383, 146
Trd, 000037.283, 150
Trd, 000037.467, 149
Trd, 000037.567, 147
Trd, 000037.733, 151
Trd, 000037.967, 146
Trd, 000038.967, 151
Trd, 000039.250, 147
Trd, 000040.700, 149
Trd, 000041.317, 151
Trd, 000041.550, 149
Trd, 000041.650, 149
Trd, 000043.250, 151
Trd, 000043.867, 166
Trd, 000043.900, 176
Trd, 000044.367, 148
Trd, 000045.600, 149
Trd, 000047.300, 153
Trd, 000048.617, 151
Trd, 000049.483, 152
Trd, 000050.083, 153
Trd, 000050.217, 151
Trd, 000050.417, 152
Trd, 000050.833, 156
Trd, 000051.150, 151
Trd, 000051.550, 152
Trd, 000052.300, 152
Trd, 000052.433, 153
Trd, 000052.867, 154
Trd, 000052.950, 155
Trd, 000054.050, 151
Trd, 000054.217, 153
Trd, 000054.733, 150
Trd, 000054.967, 149
Trd, 000055.567, 144
Trd, 000057.300, 153
Trd, 000057.617, 153
Trd, 000058.733, 156
Trd, 000058.817, 154
Trd, 000058.950, 153
Trd, 000059.100, 168
Trd, 000060.100, 152
Trd, 000060.717, 153
Trd, 000061.217, 153
Trd, 000061.317, 152
Trd, 000062.017, 151
Trd, 000062.867, 152
Trd, 000063.067, 149
Trd, 000063.300, 144
Trd, 000063.583, 152
Trd, 000063.650, 152
Trd, 000064.300, 154
Trd, 000064.767, 154
Trd, 000065.217, 149
Trd, 000065.483, 148
Trd, 000066.400, 149
Trd, 000066.850, 152
Trd, 000067.250, 155
Trd, 000067.433, 157
Trd, 000068.783, 158
Trd, 000069.200, 153
Trd, 000070.567, 154
Trd, 000070.583, 155
Trd, 000070.883, 153
Trd, 000071.550, 154
Trd, 000072.183, 154
Trd, 000073.083, 169
Trd, 000073.633, 178
Trd, 000073.933, 156
Trd, 000074.517, 163
Trd, 000074.683, 164
Trd, 000074.833, 162
Trd, 000074.933, 155
Trd, 000075.850, 159
Trd, 000076.683, 160
Trd, 000076.767, 159
Trd, 000078.083, 154
Trd, 000078.500, 156
Trd, 000079.167, 151
Trd, 000079.633, 152
Trd, 000080.567, 155
Trd, 000080.617, 155
Trd, 000080.633, 156
Trd, 000080.933, 148
Trd, 000080.983, 147
Trd, 000081.017, 155
Trd, 000081.317, 145
Trd, 000081.933, 152
Trd, 000082.850, 155
Trd, 000083.900, 155
Trd, 000084.933, 154
Trd, 000085.867, 155
Trd, 000085.933, 156
Trd, 000086.000, 154
Trd, 000086.450, 152
Trd, 000087.300, 152
Trd, 000088.550, 152
Trd, 000089.183, 153
Trd, 000090.133, 155
Trd, 000090.183, 155
Trd, 000090.733, 155
Trd, 000090.983, 152
Trd, 000091.050, 157
Trd, 000092.017, 156
Trd, 000092.433, 154
Trd, 000092.717, 169
Trd, 000093.983, 153
Trd, 000094.717, 154
Trd, 000095.133, 157
Trd, 000096.750, 156
Trd, 000096.867, 154
Trd, 000097.250, 155
Trd, 000097.283, 153
Trd, 000097.967, 157
Trd, 000098.483, 147
Trd, 000099.050, 147
Trd, 000099.067, 156
Trd, 000099.283, 137
Trd, 000101.150, 150
Trd, 000101.183, 150
Trd, 000102.067, 151
Trd, 000102.100, 156
Trd, 000102.200, 156
Trd, 000102.917, 152
Trd, 000103.533, 155
Trd, 000103.900, 172
Trd, 000104.250, 158
Trd, 000104.600, 154
Trd, 000105.317, 155
Trd, 000105.350, 155
Trd, 000106.683, 154
Trd, 000106.933, 153
Trd, 000107.683, 153
Trd, 000109.333, 149
Trd, 000109.367, 148
Trd, 000110.450, 152
Trd, 000110.483, 154
Trd, 000111.283, 152
Trd, 000111.667, 155
Trd, 000112.100, 153
Trd, 000112.933, 154
Trd, 000113.483, 152
Trd, 000113.700, 155
Trd, 000113.917, 151
Trd, 000114.367, 159
Trd, 000114.733, 155
Trd, 000114.867, 158
Trd, 000115.750, 154
Trd, 000116.283, 161
Trd, 000117.100, 154
Trd, 000118.017, 156
Trd, 000118.250, 157
Trd, 000118.367, 158
Trd, 000118.383, 155
Trd, 000119.750, 159
Trd, 000120.050, 157
Trd, 000120.200, 160
Trd, 000120.667, 163
Trd, 000120.967, 167
Trd, 000121.517, 157
Trd, 000121.683, 191
Trd, 000121.733, 192
Trd, 000122.033, 172
Trd, 000122.117, 194
Trd, 000122.150, 220
Trd, 000122.633, 200
Trd, 000122.650, 149
Trd, 000122.900, 306.0
Trd, 000123.350, 313.0
Trd, 000123.950, 211
Trd, 000124.583, 336
Trd, 000126.500, 326.0
Trd, 000127.133, 331
Trd, 000128.017, 332.0
Trd, 000128.450, 344.0
Trd, 000129.467, 344
Trd, 000129.983, 340
Trd, 000130.100, 351.0
Trd, 000130.117, 356
Trd, 000131.683, 345
Trd, 000132.017, 342
Trd, 000132.417, 346
Trd, 000132.817, 341
Trd, 000132.867, 341
Trd, 000134.517, 344
Trd, 000135.350, 346
Trd, 000135.900, 348.0
Trd, 000136.383, 344
Trd, 000136.533, 347
Trd, 000136.867, 348
Trd, 000137.333, 346
Trd, 000137.500, 345
Trd, 000137.650, 351.0
Trd, 000137.667, 351
Trd, 000138.267, 345
Trd, 000138.383, 345
Trd, 000138.617, 349
Trd, 000139.967, 348.0
Trd, 000140.317, 351
Trd, 000141.050, 348
Trd, 000141.117, 341
Trd, 000142.200, 351.0
Trd, 000142.267, 343
Trd, 000144.083, 351
Trd, 000144.867, 346
Trd, 000145.133, 344
Trd, 000145.217, 351.0
Trd, 000146.617, 344
Trd, 000147.217, 349
Trd, 000147.800, 350
Trd, 000148.117, 345
Trd, 000148.500, 345
Trd, 000149.367, 348.0
Trd, 000150.233, 351
Trd, 000150.683, 352
Trd, 000151.467, 351
Trd, 000151.483, 353
Trd, 000152.283, 350
Trd, 000152.533, 351.0
Trd, 000152.900, 348
Trd, 000153.933, 351
Trd, 000154.033, 352
Trd, 000155.033, 346
Trd, 000155.133, 338.0
Trd, 000156.550, 347
Trd, 000156.617, 348.0
Trd, 000156.667, 342.0
Trd, 000157.050, 349
Trd, 000158.383, 344
Trd, 000159.117, 344
Trd, 000159.133, 348
Trd, 000159.233, 348.0
Trd, 000159.617, 348
Trd, 000159.850, 346
Trd, 000161.167, 338.0
Trd, 000161.250, 337.0
Trd, 000161.467, 348
Trd, 000161.533, 339
Trd, 000162.250, 348.0
Trd, 000163.100, 337
Trd, 000165.733, 342
Trd, 000166.150, 343
Trd, 000166.367, 344
Trd, 000166.567, 342
Trd, 000166.817, 350
Trd, 000167.167, 349
Trd, 000168.200, 351.0
Trd, 000168.850, 348
Trd, 000168.983, 346
Trd, 000169.567, 348.0
Trd, 000170.367, 350
Trd, 000170.617, 347
Trd, 000171.383, 346
Trd, 000172.567, 349
Trd, 000172.617, 347
Trd, 000173.050, 347
Trd, 000173.700, 346
Trd, 000174.650, 343
Trd, 000174.683, 343
Trd, 000175.300, 348.0
Trd, 000175.917, 344
Trd, 000176.450, 340
Trd, 000176.717, 345
Trd, 000177.433, 338
Trd, 000177.783, 344
Trd, 000178.833, 338
Trd, 000179.817, 344
Trd, 000180.033, 338
Trd, 000180.150, 344.0
Trd, 000180.833, 338
Trd, 000181.133, 348.0
Trd, 000181.433, 341
Trd, 000181.917, 345
Trd, 000182.300, 337.0
Trd, 000183.433, 330
Trd, 000183.500, 324.0
Trd, 000183.567, 300.0
Trd, 000183.683, 337
Trd, 000183.783, 250
Trd, 000184.183, 218
Trd, 000184.217, 204
Trd, 000184.500, 186
Trd, 000184.967, 182
Trd, 000185.267, 180
Trd, 000185.883, 195
Trd, 000187.167, 196
Trd, 000188.000, 205
Trd, 000188.567, 181
Trd, 000188.700, 177
Trd, 000189.167, 176
Trd, 000189.350, 173
Trd, 000190.433, 174
Trd, 000190.600, 180
Trd, 000191.200, 175
Trd, 000191.650, 175
Trd, 000192.000, 179
Trd, 000192.433, 174
Trd, 000192.783, 174
Trd, 000193.050, 172
Trd, 000194.283, 173
Trd, 000194.633, 174
Trd, 000194.733, 174
Trd, 000194.933, 175
Trd, 000195.017, 181
Trd, 000195.050, 172
Trd, 000195.700, 162
Trd, 000195.833, 161
Trd, 000196.800, 156
Trd, 000197.350, 179
Trd, 000198.117, 175
Trd, 000199.317, 177
Trd, 000199.650, 174
Trd, 000199.933, 179
Trd, 000200.100, 174
Trd, 000200.150, 180
Trd, 000200.217, 174
Trd, 000200.567, 162
Trd, 000200.733, 172
Trd, 000200.817, 157
Trd, 000201.733, 180
Trd, 000201.933, 182
Trd, 000203.050, 169
Trd, 000204.233, 168
Trd, 000204.450, 175
Trd, 000205.067, 173
Trd, 000205.250, 182
Trd, 000205.767, 185
Trd, 000205.917, 173
Trd, 000206.500, 172
Trd, 000206.633, 172
Trd, 000207.600, 172
Trd, 000207.850, 163
Trd, 000209.233, 154
Trd, 000210.200, 161
Trd, 000210.383, 161
Trd, 000210.900, 158
Trd, 000211.083, 165
Trd, 000211.683, 163
Trd, 000213.467, 161
Trd, 000214.167, 163
Trd, 000214.883, 162
Trd, 000215.283, 163
Trd, 000215.333, 164
Trd, 000215.500, 165
Trd, 000216.100, 162
Trd, 000216.400, 168
Trd, 000217.483, 169
Trd, 000217.867, 166
Trd, 000218.350, 164
Trd, 000218.800, 164
Trd, 000219.133, 164
Trd, 000220.050, 166
Trd, 000220.200, 165
Trd, 000220.483, 164
Trd, 000220.833, 168
Trd, 000221.733, 165
Trd, 000222.067, 170
Trd, 000222.317, 168
Trd, 000223.417, 173
Trd, 000223.667, 183
Trd, 000224.100, 174
Trd, 000224.350, 183
Trd, 000224.783, 174
Trd, 000225.800, 174
Trd, 000226.367, 182
Trd, 000227.717, 183
Trd, 000228.217, 177
Trd, 000228.267, 178
Trd, 000229.133, 178
Trd, 000229.583, 178
Trd, 000231.250, 176
Trd, 000231.333, 176
Trd, 000232.133, 175
Trd, 000232.150, 176
Trd, 000234.283, 169
Trd, 000234.417, 169
Trd, 000235.267, 170
Trd, 000235.317, 172
Trd, 000235.883, 170
Trd, 000236.383, 172
Trd, 000236.433, 173
Trd, 000237.033, 168
Trd, 000237.783, 167
Trd, 000237.917, 165
Trd, 000238.150, 174
Trd, 000238.167, 175
Trd, 000238.767, 166
Trd, 000240.050, 171
Trd, 000240.067, 170
Trd, 000240.600, 172
Trd, 000240.717, 184
Trd, 000241.050, 174
Trd, 000241.167, 172
Trd, 000242.083, 173
Trd, 000242.983, 175
Trd, 000243.567, 178
Trd, 000243.983, 179
Trd, 000244.550, 179
Trd, 000244.783, 180
Trd, 000245.333, 208
Trd, 000245.800, 186
Trd, 000245.850, 183
Trd, 000245.917, 178
Trd, 000246.450, 181
Trd, 000247.100, 182
Trd, 000247.817, 183
Trd, 000247.883, 182
Trd, 000248.150, 181
Trd, 000248.683, 181
Trd, 000249.100, 181
Trd, 000249.433, 182
Trd, 000249.533, 176
Trd, 000249.717, 179
Trd, 000250.800, 175
Trd, 000251.233, 173
Trd, 000251.450, 174
Trd, 000251.633, 176
Trd, 000252.217, 179
Trd, 000252.767, 170
Trd, 000253.500, 174
Trd, 000253.683, 172
Trd, 000253.883, 172
Trd, 000254.817, 169
Trd, 000255.150, 168
Trd, 000255.167, 177
Trd, 000255.833, 175
Trd, 000256.083, 175
Trd, 000256.183, 172
Trd, 000256.250, 175
Trd, 000257.267, 174
Trd, 000257.583, 171
Trd, 000258.100, 174
Trd, 000258.450, 177
Trd, 000259.433, 186
Trd, 000260.017, 179
Trd, 000260.217, 183
Trd, 000260.633, 180
Trd, 000261.000, 179
Trd, 000261.400, 178
Trd, 000261.617, 177
Trd, 000262.117, 179
Trd, 000262.283, 180
Trd, 000262.717, 182
Trd, 000263.050, 187
Trd, 000263.867, 177
Trd, 000264.200, 179
Trd, 000264.317, 177
Trd, 000264.733, 182
Trd, 000264.900, 175
Trd, 000265.217, 181
Trd, 000265.667, 182
Trd, 000265.733, 181
Trd, 000267.600, 181
Trd, 000268.150, 180
Trd, 000268.350, 179
Trd, 000268.433, 179
Trd, 000268.883, 175
Trd, 000269.133, 177
Trd, 000269.600, 176
Trd, 000269.633, 176
Trd, 000270.450, 178
Trd, 000270.783, 177
Trd, 000271.533, 177
Trd, 000271.717, 177
Trd, 000271.850, 175
Trd, 000272.017, 180
Trd, 000273.000, 182
Trd, 000273.300, 176
Trd, 000273.533, 170
Trd, 000273.883, 165
Trd, 000273.983, 167
Trd, 000274.150, 180
Trd, 000274.217, 176
Trd, 000274.817, 172
Trd, 000275.083, 173
Trd, 000275.117, 178
Trd, 000275.183, 171
Trd, 000275.217, 176
Trd, 000276.117, 160
Trd, 000277.017, 178
Trd, 000277.700, 176
Trd, 000277.833, 168
Trd, 000279.050, 179
Trd, 000279.300, 176
Trd, 000279.483, 183
Trd, 000279.850, 177
Trd, 000280.067, 176
Trd, 000280.083, 180
Trd, 000280.617, 181
Trd, 000281.633, 180
Trd, 000281.800, 181
Trd, 000281.883, 190
Trd, 000282.117, 180
Trd, 000282.267, 179
Trd, 000283.233, 181
Trd, 000283.500, 178
Trd, 000283.600, 207
Trd, 000283.867, 179
Trd, 000284.333, 181
Trd, 000285.083, 181
Trd, 000285.233, 183
Trd, 000285.500, 184
Trd, 000285.917, 184
Trd, 000286.117, 180
Trd, 000286.217, 180
Trd, 000287.267, 183
Trd, 000287.367, 183
Trd, 000287.750, 190
Trd, 000288.150, 193
Trd, 000288.283, 191
Trd, 000289.367, 190
Trd, 000289.417, 190
Trd, 000289.883, 189
Trd, 000290.150, 187
Trd, 000290.317, 191
Trd, 000291.000, 189
Trd, 000291.100, 189
Trd, 000291.567, 180
Trd, 000292.067, 183
Trd, 000292.950, 186
Trd, 000292.967, 180
Trd, 000293.367, 180
Trd, 000293.417, 191
Trd, 000293.550, 191
Trd, 000293.567, 179
Trd, 000294.300, 188
Trd, 000295.300, 189
Trd, 000296.167, 194
Trd, 000296.433, 190
Trd, 000297.067, 192
Trd, 000297.350, 190
Trd, 000297.800, 189
Trd, 000298.183, 188
Trd, 000298.667, 186
Trd, 000298.900, 185
Trd, 000299.050, 178
Trd, 000299.283, 178
Trd, 000299.767, 181
Trd, 000299.917, 186
