Trd, 000001.667, 167
Trd, 000002.117, 164
Trd, 000002.767, 162
Trd, 000002.833, 191
Trd, 000003.450, 170
Trd, 000003.917, 157
Trd, 000004.733, 155
Trd, 000005.783, 178
Trd, 000005.883, 179
Trd, 000006.283, 177
Trd, 000006.367, 179
Trd, 000006.933, 156
Trd, 000006.983, 155
Trd, 000008.017, 149
Trd, 000008.667, 167
Trd, 000009.050, 166
Trd, 000009.933, 163
Trd, 000010.867, 159
Trd, 000011.883, 159
Trd, 000011.950, 159
Trd, 000012.817, 159
Trd, 000012.900, 160
Trd, 000013.050, 163
Trd, 000013.383, 166
Trd, 000013.850, 162
Trd, 000013.950, 163
Trd, 000014.533, 159
Trd, 000016.283, 161
Trd, 000016.317, 160
Trd, 000016.900, 158
Trd, 000017.550, 156
Trd, 000018.083, 157
Trd, 000018.400, 157
Trd, 000018.867, 157
Trd, 000019.400, 156
Trd, 000020.567, 155
Trd, 000020.717, 154
Trd, 000020.850, 160
Trd, 000021.167, 160
Trd, 000023.417, 153
Trd, 000023.933, 159
Trd, 000024.367, 160
Trd, 000024.583, 153
Trd, 000024.783, 154
Trd, 000025.000, 157
Trd, 000025.633, 154
Trd, 000025.800, 158
Trd, 000026.150, 153
Trd, 000027.117, 155
Trd, 000027.517, 153
Trd, 000028.417, 157
Trd, 000028.867, 153
Trd, 000028.933, 156
Trd, 000029.650, 159
Trd, 000030.267, 159
Trd, 000030.767, 155
Trd, 000030.833, 154
Trd, 000031.433, 161
Trd, 000031.983, 165
Trd, 000032.167, 168
Trd, 000032.967, 172
Trd, 000033.133, 165
Trd, 000033.683, 168
Trd, 000034.117, 160
Trd, 000035.317, 164
Trd, 000035.350, 165
Trd, 000035.533, 168
Trd, 000036.300, 163
Trd, 000037.283, 167
Trd, 000038.050, 158
Trd, 000038.883, 165
Trd, 000039.933, 161
Trd, 000040.033, 162
Trd, 000040.083, 161
Trd, 000040.317, 160
Trd, 000040.383, 159
Trd, 000041.733, 161
Trd, 000042.550, 163
Trd, 000042.667, 164
Trd, 000043.017, 164
Trd, 000043.100, 161
Trd, 000043.783, 157
Trd, 000044.567, 156
Trd, 000044.800, 161
Trd, 000045.050, 155
Trd, 000046.283, 160
Trd, 000046.683, 161
Trd, 000046.900, 157
Trd, 000047.200, 163
Trd, 000047.417, 158
Trd, 000047.550, 166
Trd, 000047.817, 160
Trd, 000048.717, 169
Trd, 000049.750, 188
Trd, 000050.450, 168
Trd, 000051.383, 167
Trd, 000051.733, 160
Trd, 000053.350, 167
Trd, 000053.683, 165
Trd, 000054.133, 164
Trd, 000054.467, 167
Trd, 000055.333, 167
Trd, 000055.683, 166
Trd, 000056.050, 163
Trd, 000056.367, 167
Trd, 000056.750, 162
Trd, 000056.800, 160
Trd, 000057.083, 156
Trd, 000057.317, 169
Trd, 000058.700, 169
Trd, 000059.867, 168
Trd, 000061.217, 167
Trd, 000063.000, 167
Trd, 000063.167, 165
Trd, 000063.383, 166
Trd, 000063.967, 167
Trd, 000064.383, 167
Trd, 000064.417, 166
Trd, 000064.500, 166
Trd, 000064.717, 162
Trd, 000065.033, 161
Trd, 000065.800, 161
Trd, 000067.133, 160
Trd, 000067.417, 164
Trd, 000067.833, 164
Trd, 000068.383, 166
Trd, 000068.833, 168
Trd, 000069.350, 162
Trd, 000069.767, 163
Trd, 000071.183, 163
Trd, 000071.833, 163
Trd, 000072.950, 162
Trd, 000073.350, 161
Trd, 000073.533, 161
Trd, 000073.800, 163
Trd, 000074.183, 157
Trd, 000074.217, 162
Trd, 000074.300, 155
Trd, 000074.717, 163
Trd, 000075.817, 157
Trd, 000076.383, 162
Trd, 000076.617, 161
Trd, 000077.067, 160
Trd, 000077.350, 159
Trd, 000077.883, 159
Trd, 000078.000, 159
Trd, 000078.700, 159
Trd, 000079.433, 159
Trd, 000079.750, 160
Trd, 000080.183, 160
Trd, 000080.250, 159
Trd, 000080.650, 162
Trd, 000080.850, 170
Trd, 000080.883, 173
Trd, 000081.000, 157
Trd, 000082.767, 156
Trd, 000083.750, 161
Trd, 000084.250, 165
Trd, 000084.583, 163
Trd, 000084.733, 164
Trd, 000085.750, 170
Trd, 000086.400, 164
Trd, 000086.600, 165
Trd, 000086.917, 168
Trd, 000086.933, 163
Trd, 000087.850, 168
Trd, 000089.000, 163
Trd, 000089.100, 161
Trd, 000089.783, 168
Trd, 000090.350, 168
Trd, 000091.717, 166
Trd, 000091.733, 167
Trd, 000092.117, 165
Trd, 000092.900, 165
Trd, 000094.433, 167
Trd, 000094.667, 167
Trd, 000094.983, 165
Trd, 000095.350, 165
Trd, 000095.733, 168
Trd, 000095.767, 169
Trd, 000096.400, 164
Trd, 000097.083, 164
Trd, 000097.183, 166
Trd, 000097.583, 167
Trd, 000098.983, 165
Trd, 000099.067, 166
Trd, 000099.383, 165
Trd, 000099.600, 165
Trd, 000100.067, 166
Trd, 000100.783, 169
Trd, 000101.183, 166
Trd, 000102.200, 172
Trd, 000102.283, 165
Trd, 000102.333, 164
Trd, 000102.617, 172
Trd, 000103.650, 171
Trd, 000103.950, 171
Trd, 000103.983, 160
Trd, 000104.067, 158
Trd, 000104.083, 174
Trd, 000106.150, 161
Trd, 000107.000, 163
Trd, 000107.667, 161
Trd, 000107.750, 162
Trd, 000107.883, 159
Trd, 000108.400, 158
Trd, 000109.000, 159
Trd, 000109.283, 158
Trd, 000109.500, 160
Trd, 000109.967, 161
Trd, 000110.133, 161
Trd, 000111.200, 161
Trd, 000111.383, 160
Trd, 000111.500, 160
Trd, 000111.617, 157
Trd, 000112.883, 161
Trd, 000113.150, 159
Trd, 000114.500, 160
Trd, 000115.100, 161
Trd, 000115.350, 159
Trd, 000115.617, 161
Trd, 000115.783, 158
Trd, 000116.100, 162
Trd, 000116.967, 160
Trd, 000116.983, 162
Trd, 000118.250, 163
Trd, 000119.433, 166
Trd, 000119.483, 165
Trd, 000119.983, 163
Trd, 000120.617, 164
Trd, 000120.700, 163
Trd, 000121.300, 163
Trd, 000121.800, 164
Trd, 000121.833, 174
Trd, 000122.200, 191
Trd, 000122.350, 205
Trd, 000122.667, 206
Trd, 000122.683, 212
Trd, 000123.450, 211
Trd, 000123.483, 225
Trd, 000123.733, 228
Trd, 000123.850, 300.0
Trd, 000124.033, 320.0
Trd, 000124.117, 327.0
Trd, 000125.933, 319
Trd, 000127.217, 321
Trd, 000127.850, 336.0
Trd, 000128.733, 334
Trd, 000129.567, 337.0
Trd, 000130.067, 339
Trd, 000130.233, 338
Trd, 000130.300, 341.0
Trd, 000130.917, 337
Trd, 000131.283, 339
Trd, 000131.800, 340
Trd, 000132.083, 350.0
Trd, 000132.983, 347
Trd, 000133.383, 348
Trd, 000133.500, 346
Trd, 000133.900, 351.0
Trd, 000134.100, 360
Trd, 000136.117, 357
Trd, 000136.133, 356
Trd, 000136.217, 355
Trd, 000137.150, 359
Trd, 000137.483, 362
Trd, 000138.867, 356
Trd, 000139.633, 357
Trd, 000139.817, 359.0
Trd, 000139.933, 355.0
Trd, 000140.133, 349
Trd, 000141.217, 352
Trd, 000141.550, 356
Trd, 000142.033, 355
Trd, 000142.400, 354
Trd, 000143.500, 352
Trd, 000144.767, 354
Trd, 000145.250, 355
Trd, 000145.283, 356
Trd, 000146.000, 354
Trd, 000146.383, 350
Trd, 000146.817, 350
Trd, 000147.833, 353
Trd, 000148.017, 354
Trd, 000148.350, 360
Trd, 000148.633, 350
Trd, 000148.767, 362
Trd, 000149.367, 348.0
Trd, 000150.550, 355
Trd, 000150.867, 359
Trd, 000151.150, 361
Trd, 000151.650, 355
Trd, 000152.050, 352
Trd, 000152.517, 351
Trd, 000153.317, 357
Trd, 000153.350, 356
Trd, 000153.700, 350
Trd, 000154.333, 349.0
Trd, 000155.717, 352
Trd, 000156.000, 354
Trd, 000156.233, 352
Trd, 000156.567, 351
Trd, 000156.900, 353
Trd, 000157.383, 358
Trd, 000157.667, 350
Trd, 000157.750, 348
Trd, 000158.783, 348.0
Trd, 000158.883, 361
Trd, 000159.867, 355
Trd, 000160.267, 354
Trd, 000160.350, 353
Trd, 000161.250, 359
Trd, 000161.283, 362
Trd, 000162.300, 364.0
Trd, 000162.400, 355
Trd, 000163.633, 362.0
Trd, 000164.733, 362.0
Trd, 000165.033, 361
Trd, 000166.167, 360
Trd, 000166.467, 359
Trd, 000167.183, 357
Trd, 000167.467, 355.0
Trd, 000168.083, 350
Trd, 000169.550, 352.0
Trd, 000170.083, 353
Trd, 000170.133, 357
Trd, 000170.483, 358
Trd, 000171.633, 353
Trd, 000172.333, 354
Trd, 000172.433, 352
Trd, 000172.550, 351
Trd, 000172.633, 355
Trd, 000173.233, 354
Trd, 000173.383, 348
Trd, 000173.783, 355
Trd, 000174.450, 345.0
Trd, 000174.833, 342
Trd, 000176.067, 344
Trd, 000177.000, 349
Trd, 000177.633, 344
Trd, 000178.250, 346
Trd, 000178.350, 345
Trd, 000179.250, 362
Trd, 000179.400, 346
Trd, 000180.183, 352
Trd, 000180.233, 348.0
Trd, 000180.533, 355
Trd, 000181.767, 352
Trd, 000181.850, 355
Trd, 000181.967, 348
Trd, 000182.133, 347
Trd, 000182.150, 356
Trd, 000183.117, 340
Trd, 000183.183, 320.0
Trd, 000183.333, 276
Trd, 000183.650, 254
Trd, 000184.150, 238
Trd, 000184.867, 212
Trd, 000185.100, 228
Trd, 000185.567, 195
Trd, 000186.067, 186
Trd, 000186.383, 207
Trd, 000187.583, 205
Trd, 000188.133, 205
Trd, 000188.800, 207
Trd, 000188.833, 192
Trd, 000189.717, 184
Trd, 000189.950, 168
Trd, 000191.667, 175
Trd, 000192.150, 176
Trd, 000192.283, 176
Trd, 000192.400, 177
Trd, 000192.917, 177
Trd, 000193.667, 177
Trd, 000194.033, 176
Trd, 000194.200, 174
Trd, 000194.817, 177
Trd, 000195.483, 175
Trd, 000196.267, 177
Trd, 000196.333, 175
Trd, 000197.083, 171
Trd, 000197.350, 170
Trd, 000197.367, 170
Trd, 000199.300, 177
Trd, 000199.583, 178
Trd, 000199.783, 176
Trd, 000199.850, 181
Trd, 000200.000, 172
Trd, 000201.767, 178
Trd, 000202.383, 172
Trd, 000203.717, 177
Trd, 000204.433, 175
Trd, 000205.700, 173
Trd, 000206.050, 174
Trd, 000206.350, 171
Trd, 000206.383, 171
Trd, 000206.433, 172
Trd, 000206.917, 176
Trd, 000207.050, 170
Trd, 000207.433, 177
Trd, 000208.067, 181
Trd, 000208.667, 176
Trd, 000208.950, 181
Trd, 000209.400, 177
Trd, 000210.350, 179
Trd, 000210.450, 181
Trd, 000210.633, 179
Trd, 000211.617, 180
Trd, 000212.100, 178
Trd, 000212.433, 177
Trd, 000212.933, 176
Trd, 000213.317, 169
Trd, 000214.367, 174
Trd, 000214.683, 175
Trd, 000214.900, 171
Trd, 000215.250, 179
Trd, 000216.233, 170
Trd, 000216.250, 178
Trd, 000216.783, 178
Trd, 000217.050, 179
Trd, 000217.383, 186
Trd, 000218.033, 197
Trd, 000219.450, 203
Trd, 000219.867, 202
Trd, 000220.100, 190
Trd, 000220.133, 184
Trd, 000220.217, 177
Trd, 000221.833, 190
Trd, 000222.133, 176
Trd, 000222.217, 198
Trd, 000223.400, 179
Trd, 000223.783, 172
Trd, 000225.133, 179
Trd, 000225.767, 175
Trd, 000226.217, 176
Trd, 000226.767, 176
Trd, 000226.800, 174
Trd, 000227.000, 177
Trd, 000227.517, 171
Trd, 000227.683, 177
Trd, 000229.183, 175
Trd, 000229.517, 170
Trd, 000231.167, 172
Trd, 000231.550, 177
Trd, 000231.917, 173
Trd, 000232.567, 175
Trd, 000232.617, 176
Trd, 000233.300, 176
Trd, 000233.900, 174
Trd, 000234.067, 176
Trd, 000234.383, 172
Trd, 000234.967, 179
Trd, 000235.117, 173
Trd, 000235.417, 179
Trd, 000235.600, 178
Trd, 000235.983, 171
Trd, 000236.717, 178
Trd, 000237.033, 184
Trd, 000237.233, 185
Trd, 000237.783, 182
Trd, 000238.017, 176
Trd, 000238.433, 176
Trd, 000239.400, 176
Trd, 000239.583, 175
Trd, 000239.667, 174
Trd, 000239.733, 172
Trd, 000240.850, 174
Trd, 000242.917, 175
Trd, 000243.117, 175
Trd, 000243.567, 172
Trd, 000243.933, 172
Trd, 000244.033, 176
Trd, 000244.217, 177
Trd, 000244.767, 171
Trd, 000244.783, 177
Trd, 000245.150, 176
Trd, 000245.383, 170
Trd, 000245.633, 170
Trd, 000245.767, 177
Trd, 000245.933, 186
Trd, 000247.600, 181
Trd, 000248.333, 176
Trd, 000249.483, 176
Trd, 000250.183, 180
Trd, 000250.367, 180
Trd, 000250.400, 174
Trd, 000251.017, 176
Trd, 000251.067, 175
Trd, 000251.133, 178
Trd, 000251.333, 180
Trd, 000251.983, 181
Trd, 000252.617, 177
Trd, 000252.700, 176
Trd, 000253.300, 182
Trd, 000254.500, 178
Trd, 000255.217, 176
Trd, 000255.367, 178
Trd, 000255.433, 175
Trd, 000256.450, 174
Trd, 000257.400, 178
Trd, 000257.650, 178
Trd, 000257.800, 176
Trd, 000258.000, 179
Trd, 000258.900, 174
Trd, 000259.550, 174
Trd, 000260.850, 174
Trd, 000261.267, 176
Trd, 000261.667, 177
Trd, 000261.700, 174
Trd, 000261.817, 173
Trd, 000262.417, 172
Trd, 000263.200, 173
Trd, 000263.700, 173
Trd, 000264.167, 173
Trd, 000264.367, 179
Trd, 000264.383, 198
Trd, 000265.733, 190
Trd, 000266.067, 182
Trd, 000267.200, 182
Trd, 000267.217, 181
Trd, 000267.350, 188
Trd, 000267.517, 189
Trd, 000267.633, 189
Trd, 000268.367, 182
Trd, 000268.533, 181
Trd, 000268.600, 183
Trd, 000269.417, 184
Trd, 000269.750, 182
Trd, 000270.800, 183
Trd, 000270.933, 182
Trd, 000270.950, 177
Trd, 000271.167, 189
Trd, 000271.650, 180
Trd, 000272.700, 184
Trd, 000273.233, 186
Trd, 000273.333, 183
Trd, 000273.383, 189
Trd, 000273.533, 182
Trd, 000274.650, 182
Trd, 000275.117, 184
Trd, 000275.417, 186
Trd, 000275.700, 189
Trd, 000275.900, 182
Trd, 000277.017, 190
Trd, 000277.633, 190
Trd, 000278.200, 191
Trd, 000278.417, 193
Trd, 000279.317, 192
Trd, 000279.517, 191
Trd, 000280.300, 192
Trd, 000280.333, 193
Trd, 000281.283, 187
Trd, 000281.367, 192
Trd, 000281.733, 184
Trd, 000281.950, 177
Trd, 000283.067, 189
Trd, 000283.283, 186
Trd, 000283.400, 176
Trd, 000283.450, 187
Trd, 000283.750, 181
Trd, 000283.967, 190
Trd, 000284.400, 191
Trd, 000285.817, 178
Trd, 000285.933, 177
Trd, 000286.717, 180
Trd, 000286.750, 177
Trd, 000288.000, 179
Trd, 000288.467, 180
Trd, 000289.283, 180
Trd, 000289.517, 180
Trd, 000289.767, 191
Trd, 000290.083, 188
Trd, 000290.250, 187
Trd, 000291.450, 190
Trd, 000291.550, 186
Trd, 000291.667, 184
Trd, 000291.700, 193
Trd, 000292.700, 191
Trd, 000294.250, 197
Trd, 000294.433, 178
Trd, 000294.633, 197
Trd, 000295.800, 192
Trd, 000295.833, 188
Trd, 000296.383, 192
Trd, 000296.617, 190
Trd, 000297.317, 190
Trd, 000297.383, 189
Trd, 000297.733, 191
Trd, 000298.150, 186
Trd, 000298.333, 185
Trd, 000299.600, 190
