Trd, 000001.350, 151
Trd, 000001.583, 169
Trd, 000002.200, 141
Trd, 000002.933, 136
Trd, 000003.283, 148
Trd, 000003.950, 176
Trd, 000004.067, 136
Trd, 000004.800, 163
Trd, 000005.967, 158
Trd, 000006.083, 170
Trd, 000006.200, 152
Trd, 000006.300, 138
Trd, 000009.383, 166
Trd, 000009.833, 167
Trd, 000010.733, 164
Trd, 000011.400, 162
Trd, 000011.550, 159
Trd, 000011.983, 157
Trd, 000012.333, 162
Trd, 000013.100, 159
Trd, 000014.600, 160
Trd, 000014.683, 159
Trd, 000014.983, 161
Trd, 000015.367, 152
Trd, 000015.850, 158
Trd, 000016.017, 159
Trd, 000016.133, 146
Trd, 000017.200, 155
Trd, 000017.300, 162
Trd, 000017.317, 163
Trd, 000017.333, 155
Trd, 000018.650, 157
Trd, 000020.000, 159
Trd, 000020.100, 154
Trd, 000020.233, 154
Trd, 000021.733, 153
Trd, 000022.517, 137
Trd, 000023.900, 156
Trd, 000024.383, 154
Trd, 000024.583, 153
Trd, 000025.050, 152
Trd, 000025.200, 153
Trd, 000025.533, 156
Trd, 000026.200, 154
Trd, 000026.450, 154
Trd, 000026.483, 155
Trd, 000027.983, 155
Trd, 000028.150, 157
Trd, 000028.700, 154
Trd, 000028.900, 155
Trd, 000029.117, 155
Trd, 000029.167, 156
Trd, 000029.483, 160
Trd, 000030.617, 159
Trd, 000033.417, 160
Trd, 000033.833, 159
Trd, 000034.183, 155
Trd, 000035.517, 159
Trd, 000036.550, 159
Trd, 000037.333, 158
Trd, 000037.533, 158
Trd, 000037.900, 157
Trd, 000038.133, 157
Trd, 000038.367, 155
Trd, 000038.783, 157
Trd, 000038.983, 137
Trd, 000039.650, 155
Trd, 000039.683, 152
Trd, 000039.833, 152
Trd, 000039.917, 162
Trd, 000040.317, 167
Trd, 000041.150, 163
Trd, 000042.000, 162
Trd, 000042.300, 159
Trd, 000042.317, 164
Trd, 000043.250, 164
Trd, 000044.233, 167
Trd, 000045.033, 168
Trd, 000045.483, 162
Trd, 000045.867, 164
Trd, 000046.050, 169
Trd, 000046.200, 181
Trd, 000046.800, 169
Trd, 000047.333, 169
Trd, 000049.433, 170
Trd, 000049.467, 172
Trd, 000049.567, 171
Trd, 000050.267, 172
Trd, 000051.083, 172
Trd, 000051.317, 171
Trd, 000051.467, 167
Trd, 000052.050, 167
Trd, 000052.250, 168
Trd, 000053.367, 163
Trd, 000053.733, 161
Trd, 000054.267, 160
Trd, 000054.700, 156
Trd, 000055.050, 163
Trd, 000055.450, 162
Trd, 000056.667, 163
Trd, 000056.800, 162
Trd, 000057.500, 162
Trd, 000058.000, 160
Trd, 000058.067, 163
Trd, 000058.100, 161
Trd, 000060.017, 162
Trd, 000060.283, 163
Trd, 000060.400, 164
Trd, 000061.000, 165
Trd, 000061.317, 164
Trd, 000061.917, 165
Trd, 000062.883, 163
Trd, 000062.900, 165
Trd, 000062.950, 161
Trd, 000064.100, 161
Trd, 000064.867, 164
Trd, 000065.250, 164
Trd, 000066.367, 163
Trd, 000066.583, 164
Trd, 000066.983, 165
Trd, 000068.083, 162
Trd, 000068.700, 157
Trd, 000068.983, 138
Trd, 000069.550, 154
Trd, 000069.917, 158
Trd, 000070.100, 152
Trd, 000070.750, 162
Trd, 000072.050, 157
Trd, 000072.133, 158
Trd, 000072.867, 158
Trd, 000073.267, 163
Trd, 000074.633, 162
Trd, 000075.167, 169
Trd, 000075.300, 160
Trd, 000077.167, 166
Trd, 000077.217, 165
Trd, 000077.617, 163
Trd, 000077.983, 163
Trd, 000078.050, 164
Trd, 000079.517, 164
Trd, 000079.533, 163
Trd, 000079.600, 165
Trd, 000080.517, 166
Trd, 000081.533, 164
Trd, 000081.933, 165
Trd, 000082.433, 166
Trd, 000082.500, 164
Trd, 000084.200, 166
Trd, 000084.233, 166
Trd, 000084.433, 166
Trd, 000084.683, 167
Trd, 000085.467, 164
Trd, 000085.683, 170
Trd, 000086.550, 166
Trd, 000086.750, 163
Trd, 000087.433, 165
Trd, 000087.517, 163
Trd, 000089.133, 169
Trd, 000089.233, 166
Trd, 000089.900, 167
Trd, 000089.933, 167
Trd, 000090.683, 166
Trd, 000091.667, 165
Trd, 000091.783, 165
Trd, 000092.700, 168
Trd, 000092.750, 165
Trd, 000093.383, 166
Trd, 000093.983, 165
Trd, 000094.100, 160
Trd, 000094.633, 162
Trd, 000094.867, 163
Trd, 000097.017, 146
Trd, 000097.350, 165
Trd, 000097.483, 167
Trd, 000098.567, 167
Trd, 000099.250, 162
Trd, 000099.450, 167
Trd, 000099.683, 162
Trd, 000101.300, 167
Trd, 000102.250, 165
Trd, 000102.817, 168
Trd, 000102.850, 168
Trd, 000104.267, 172
Trd, 000104.700, 168
Trd, 000104.750, 161
Trd, 000104.833, 144
Trd, 000105.067, 163
Trd, 000107.267, 165
Trd, 000107.567, 165
Trd, 000107.583, 163
Trd, 000107.967, 166
Trd, 000108.050, 164
Trd, 000108.183, 163
Trd, 000108.417, 166
Trd, 000108.617, 162
Trd, 000109.200, 156
Trd, 000109.917, 162
Trd, 000109.950, 165
Trd, 000110.333, 168
Trd, 000112.667, 165
Trd, 000113.333, 165
Trd, 000113.950, 165
Trd, 000114.050, 167
Trd, 000115.167, 165
Trd, 000115.433, 165
Trd, 000115.767, 164
Trd, 000115.783, 163
Trd, 000117.483, 169
Trd, 000118.200, 165
Trd, 000118.350, 167
Trd, 000118.867, 167
Trd, 000119.650, 165
Trd, 000120.633, 165
Trd, 000121.417, 166
Trd, 000121.467, 167
Trd, 000121.500, 175
Trd, 000122.083, 194
Trd, 000122.383, 201
Trd, 000122.500, 205
Trd, 000122.733, 212
Trd, 000123.133, 182
Trd, 000123.683, 235
Trd, 000123.917, 209
Trd, 000124.200, 320.0
Trd, 000125.717, 335
Trd, 000125.783, 337
Trd, 000126.100, 336
Trd, 000126.400, 335
Trd, 000126.700, 337
Trd, 000126.850, 340
Trd, 000127.533, 348.0
Trd, 000127.667, 351.0
Trd, 000128.467, 331.0
Trd, 000128.517, 331.0
Trd, 000129.917, 331.0
Trd, 000130.033, 330
Trd, 000133.167, 342
Trd, 000134.133, 342
Trd, 000134.700, 344
Trd, 000135.867, 341
Trd, 000136.633, 347
Trd, 000136.850, 347
Trd, 000137.100, 348.0
Trd, 000137.750, 355
Trd, 000138.283, 351.0
Trd, 000138.633, 351
Trd, 000138.883, 350
Trd, 000138.950, 348
Trd, 000139.917, 353
Trd, 000140.417, 347
Trd, 000141.633, 352.0
Trd, 000141.717, 351.0
Trd, 000142.667, 349
Trd, 000143.483, 352
Trd, 000143.583, 355
Trd, 000145.283, 356
Trd, 000145.500, 351
Trd, 000146.217, 357
Trd, 000146.700, 358.0
Trd, 000146.867, 357.0
Trd, 000147.133, 362
Trd, 000147.783, 352
Trd, 000148.133, 351.0
Trd, 000148.383, 361
Trd, 000148.933, 355.0
Trd, 000149.550, 355
Trd, 000150.500, 357
Trd, 000150.533, 356
Trd, 000151.183, 354
Trd, 000152.950, 354.0
Trd, 000153.483, 354.0
Trd, 000153.850, 358.0
Trd, 000153.900, 359
Trd, 000155.233, 352
Trd, 000155.367, 351.0
Trd, 000156.550, 355.0
Trd, 000157.017, 357
Trd, 000157.200, 358
Trd, 000157.267, 357
Trd, 000157.767, 352
Trd, 000158.333, 355.0
Trd, 000158.650, 357
Trd, 000159.367, 356
Trd, 000159.817, 351.0
Trd, 000160.033, 349
Trd, 000161.933, 354
Trd, 000162.317, 331.0
Trd, 000162.900, 347
Trd, 000163.117, 328
Trd, 000164.450, 345
Trd, 000164.700, 350
Trd, 000165.150, 348
Trd, 000165.867, 349
Trd, 000166.233, 357
Trd, 000166.717, 357.0
Trd, 000166.733, 355
Trd, 000167.550, 351.0
Trd, 000168.217, 352.0
Trd, 000168.300, 351.0
Trd, 000168.467, 353
Trd, 000168.533, 354
Trd, 000168.900, 355
Trd, 000170.483, 352.0
Trd, 000170.583, 353
Trd, 000171.533, 358.0
Trd, 000171.833, 364
Trd, 000172.533, 361
Trd, 000173.083, 355
Trd, 000173.533, 356.0
Trd, 000174.583, 356.0
Trd, 000176.233, 356.0
Trd, 000176.450, 358.0
Trd, 000178.383, 355.0
Trd, 000178.433, 357
Trd, 000178.850, 353
Trd, 000180.183, 356.0
Trd, 000180.633, 355.0
Trd, 000180.967, 352
Trd, 000181.400, 352
Trd, 000181.500, 356
Trd, 000182.367, 351.0
Trd, 000182.383, 347
Trd, 000182.583, 335
Trd, 000182.600, 331.0
Trd, 000182.667, 327.0
Trd, 000183.067, 324
Trd, 000183.167, 319
Trd, 000183.317, 313.0
Trd, 000183.433, 310.0
Trd, 000183.467, 274
Trd, 000183.583, 266
Trd, 000184.700, 197
Trd, 000187.533, 216
Trd, 000189.267, 180
Trd, 000189.850, 179
Trd, 000190.100, 186
Trd, 000190.283, 187
Trd, 000190.583, 178
Trd, 000191.583, 182
Trd, 000191.883, 181
Trd, 000191.900, 177
Trd, 000192.000, 182
Trd, 000192.467, 183
Trd, 000193.683, 182
Trd, 000193.733, 184
Trd, 000194.383, 181
Trd, 000195.100, 182
Trd, 000195.283, 183
Trd, 000195.867, 181
Trd, 000196.083, 181
Trd, 000197.867, 182
Trd, 000197.900, 180
Trd, 000199.550, 181
Trd, 000199.650, 182
Trd, 000199.933, 184
Trd, 000200.317, 181
Trd, 000200.383, 180
Trd, 000200.550, 176
Trd, 000201.267, 175
Trd, 000201.983, 181
Trd, 000202.900, 181
Trd, 000203.467, 180
Trd, 000204.017, 180
Trd, 000205.583, 178
Trd, 000207.817, 179
Trd, 000208.083, 178
Trd, 000209.283, 178
Trd, 000210.233, 178
Trd, 000210.367, 177
Trd, 000210.383, 176
Trd, 000212.583, 177
Trd, 000212.683, 179
Trd, 000212.950, 176
Trd, 000214.333, 178
Trd, 000215.667, 176
Trd, 000215.817, 177
Trd, 000215.950, 173
Trd, 000216.100, 176
Trd, 000216.833, 172
Trd, 000217.517, 172
Trd, 000217.533, 167
Trd, 000217.783, 173
Trd, 000219.117, 174
Trd, 000219.217, 175
Trd, 000220.267, 176
Trd, 000220.583, 177
Trd, 000221.117, 182
Trd, 000221.950, 176
Trd, 000224.133, 175
Trd, 000224.217, 179
Trd, 000224.867, 175
Trd, 000225.000, 177
Trd, 000225.917, 177
Trd, 000226.250, 177
Trd, 000227.100, 179
Trd, 000227.300, 178
Trd, 000227.450, 177
Trd, 000227.633, 179
Trd, 000227.667, 175
Trd, 000229.200, 180
Trd, 000229.667, 178
Trd, 000230.483, 176
Trd, 000231.033, 179
Trd, 000232.550, 180
Trd, 000233.250, 185
Trd, 000233.367, 179
Trd, 000233.633, 177
Trd, 000233.850, 176
Trd, 000235.217, 178
Trd, 000235.733, 180
Trd, 000236.433, 181
Trd, 000236.517, 180
Trd, 000238.333, 179
Trd, 000238.567, 174
Trd, 000239.317, 174
Trd, 000240.050, 175
Trd, 000240.583, 162
Trd, 000240.733, 167
Trd, 000240.950, 169
Trd, 000241.300, 169
Trd, 000241.650, 172
Trd, 000241.767, 173
Trd, 000241.850, 176
Trd, 000242.883, 175
Trd, 000243.100, 175
Trd, 000243.550, 177
Trd, 000243.733, 176
Trd, 000244.867, 176
Trd, 000245.550, 175
Trd, 000246.183, 173
Trd, 000246.833, 175
Trd, 000247.250, 174
Trd, 000247.533, 177
Trd, 000247.800, 186
Trd, 000249.217, 173
Trd, 000249.300, 175
Trd, 000249.483, 173
Trd, 000249.550, 178
Trd, 000249.750, 179
Trd, 000251.083, 180
Trd, 000251.383, 175
Trd, 000251.400, 174
Trd, 000252.383, 178
Trd, 000252.467, 180
Trd, 000252.733, 177
Trd, 000253.283, 181
Trd, 000253.467, 187
Trd, 000253.783, 186
Trd, 000254.150, 189
Trd, 000254.683, 185
Trd, 000255.033, 190
Trd, 000255.067, 187
Trd, 000255.767, 193
Trd, 000256.883, 191
Trd, 000256.983, 190
Trd, 000257.050, 187
Trd, 000257.367, 190
Trd, 000258.250, 188
Trd, 000258.583, 183
Trd, 000258.717, 181
Trd, 000258.917, 189
Trd, 000259.283, 187
Trd, 000259.300, 177
Trd, 000259.550, 145
Trd, 000260.367, 190
Trd, 000260.650, 161
Trd, 000261.983, 175
Trd, 000263.067, 181
Trd, 000263.500, 181
Trd, 000263.683, 179
Trd, 000263.883, 180
Trd, 000264.733, 183
Trd, 000264.950, 182
Trd, 000265.017, 181
Trd, 000265.200, 182
Trd, 000265.300, 182
Trd, 000265.817, 178
Trd, 000265.867, 183
Trd, 000266.400, 181
Trd, 000266.583, 183
Trd, 000266.817, 180
Trd, 000267.067, 183
Trd, 000267.700, 182
Trd, 000268.117, 182
Trd, 000268.417, 195
Trd, 000268.917, 189
Trd, 000269.733, 186
Trd, 000270.317, 186
Trd, 000270.417, 184
Trd, 000271.667, 185
Trd, 000271.867, 183
Trd, 000271.917, 182
Trd, 000272.317, 184
Trd, 000273.050, 178
Trd, 000274.800, 179
Trd, 000274.817, 180
Trd, 000275.050, 178
Trd, 000275.183, 182
Trd, 000275.717, 177
Trd, 000276.283, 181
Trd, 000277.017, 184
Trd, 000277.383, 183
Trd, 000277.967, 176
Trd, 000278.317, 166
Trd, 000278.383, 183
Trd, 000278.550, 165
Trd, 000279.500, 186
Trd, 000279.683, 179
Trd, 000280.583, 178
Trd, 000280.800, 176
Trd, 000281.400, 183
Trd, 000281.417, 177
Trd, 000281.450, 184
Trd, 000281.783, 184
Trd, 000282.533, 185
Trd, 000282.983, 190
Trd, 000284.183, 193
Trd, 000284.583, 183
Trd, 000284.733, 193
Trd, 000285.100, 186
Trd, 000285.650, 187
Trd, 000285.850, 184
Trd, 000286.417, 186
Trd, 000286.767, 190
Trd, 000287.900, 185
Trd, 000288.117, 186
Trd, 000288.867, 184
Trd, 000289.550, 185
Trd, 000289.950, 184
Trd, 000290.583, 183
Trd, 000290.683, 187
Trd, 000291.033, 184
Trd, 000291.517, 186
Trd, 000291.783, 182
Trd, 000292.583, 185
Trd, 000292.717, 185
Trd, 000292.917, 184
Trd, 000293.600, 183
Trd, 000293.667, 180
Trd, 000294.367, 185
Trd, 000294.583, 184
Trd, 000294.833, 185
Trd, 000295.150, 180
Trd, 000295.567, 180
Trd, 000296.183, 184
Trd, 000296.617, 182
Trd, 000296.750, 181
Trd, 000297.150, 182
Trd, 000297.750, 182
Trd, 000297.900, 185
Trd, 000298.250, 184
Trd, 000298.650, 183
Trd, 000299.183, 182
