Trd, 000002.167, 125
Trd, 000002.367, 137
Trd, 000002.900, 139
Trd, 000003.617, 134
Trd, 000003.700, 135
Trd, 000004.200, 140
Trd, 000004.633, 153
Trd, 000005.550, 154
Trd, 000005.667, 139
Trd, 000006.100, 140
Trd, 000006.517, 139
Trd, 000008.017, 149
Trd, 000008.833, 145
Trd, 000008.917, 146
Trd, 000009.033, 145
Trd, 000009.500, 147
Trd, 000010.017, 146
Trd, 000010.833, 145
Trd, 000011.083, 149
Trd, 000011.817, 151
Trd, 000012.283, 147
Trd, 000013.683, 152
Trd, 000014.883, 150
Trd, 000015.417, 151
Trd, 000015.600, 149
Trd, 000016.150, 151
Trd, 000016.750, 150
Trd, 000017.650, 150
Trd, 000017.783, 150
Trd, 000017.867, 142
Trd, 000018.617, 149
Trd, 000019.617, 147
Trd, 000019.967, 150
Trd, 000020.667, 145
Trd, 000021.783, 151
Trd, 000023.517, 151
Trd, 000023.700, 152
Trd, 000023.900, 151
Trd, 000024.283, 148
Trd, 000024.533, 146
Trd, 000026.200, 151
Trd, 000026.317, 152
Trd, 000026.750, 151
Trd, 000026.900, 153
Trd, 000028.050, 152
Trd, 000028.317, 151
Trd, 000028.567, 152
Trd, 000029.000, 150
Trd, 000029.500, 153
Trd, 000029.533, 161
Trd, 000030.300, 155
Trd, 000030.817, 156
Trd, 000031.167, 155
Trd, 000031.833, 156
Trd, 000032.933, 158
Trd, 000033.817, 156
Trd, 000033.867, 158
Trd, 000034.550, 165
Trd, 000034.700, 155
Trd, 000035.250, 165
Trd, 000035.700, 158
Trd, 000036.017, 154
Trd, 000036.117, 153
Trd, 000036.517, 153
Trd, 000036.750, 153
Trd, 000037.500, 159
Trd, 000038.217, 153
Trd, 000040.517, 154
Trd, 000041.483, 153
Trd, 000041.783, 157
Trd, 000041.900, 152
Trd, 000042.667, 152
Trd, 000044.033, 151
Trd, 000044.183, 145
Trd, 000045.067, 150
Trd, 000045.133, 150
Trd, 000045.750, 151
Trd, 000045.917, 153
Trd, 000045.950, 162
Trd, 000047.167, 153
Trd, 000047.700, 154
Trd, 000048.050, 155
Trd, 000049.417, 156
Trd, 000050.100, 167
Trd, 000051.267, 161
Trd, 000051.350, 159
Trd, 000051.417, 158
Trd, 000052.333, 156
Trd, 000053.683, 157
Trd, 000053.967, 156
Trd, 000054.233, 155
Trd, 000054.783, 157
Trd, 000055.767, 157
Trd, 000055.950, 157
Trd, 000056.067, 154
Trd, 000056.817, 154
Trd, 000058.433, 158
Trd, 000058.667, 155
Trd, 000059.567, 157
Trd, 000060.033, 159
Trd, 000060.317, 156
Trd, 000060.783, 161
Trd, 000061.033, 155
Trd, 000061.917, 155
Trd, 000063.150, 159
Trd, 000063.650, 158
Trd, 000064.017, 158
Trd, 000064.583, 158
Trd, 000064.683, 159
Trd, 000065.433, 158
Trd, 000065.600, 161
Trd, 000066.117, 157
Trd, 000067.800, 158
Trd, 000067.983, 160
Trd, 000069.250, 163
Trd, 000070.283, 160
Trd, 000070.450, 159
Trd, 000070.767, 160
Trd, 000071.000, 160
Trd, 000072.050, 160
Trd, 000073.367, 161
Trd, 000073.483, 165
Trd, 000073.933, 164
Trd, 000074.400, 160
Trd, 000074.433, 159
Trd, 000076.250, 162
Trd, 000076.383, 162
Trd, 000076.633, 162
Trd, 000077.017, 161
Trd, 000077.100, 163
Trd, 000077.983, 170
Trd, 000079.417, 165
Trd, 000079.900, 167
Trd, 000080.050, 170
Trd, 000080.817, 166
Trd, 000080.900, 167
Trd, 000081.117, 167
Trd, 000081.267, 165
Trd, 000082.050, 164
Trd, 000082.183, 157
Trd, 000082.383, 156
Trd, 000083.300, 160
Trd, 000083.750, 164
Trd, 000083.967, 160
Trd, 000084.667, 163
Trd, 000087.517, 162
Trd, 000088.067, 161
Trd, 000088.600, 161
Trd, 000088.617, 160
Trd, 000089.233, 164
Trd, 000090.367, 165
Trd, 000090.700, 159
Trd, 000091.083, 164
Trd, 000091.600, 163
Trd, 000091.617, 160
Trd, 000092.933, 161
Trd, 000093.550, 160
Trd, 000094.100, 158
Trd, 000094.267, 162
Trd, 000095.200, 158
Trd, 000095.350, 158
Trd, 000095.633, 157
Trd, 000095.900, 168
Trd, 000096.600, 158
Trd, 000098.300, 156
Trd, 000098.500, 162
Trd, 000098.817, 171
Trd, 000099.833, 153
Trd, 000100.133, 155
Trd, 000101.200, 162
Trd, 000101.750, 157
Trd, 000102.417, 159
Trd, 000103.417, 161
Trd, 000103.817, 158
Trd, 000104.067, 159
Trd, 000104.600, 159
Trd, 000105.200, 160
Trd, 000105.383, 160
Trd, 000105.450, 158
Trd, 000106.067, 159
Trd, 000106.383, 159
Trd, 000107.233, 160
Trd, 000108.467, 159
Trd, 000108.650, 158
Trd, 000109.383, 158
Trd, 000109.717, 157
Trd, 000110.767, 159
Trd, 000111.383, 156
Trd, 000112.050, 157
Trd, 000112.183, 152
Trd, 000112.533, 154
Trd, 000113.450, 169
Trd, 000113.517, 151
Trd, 000113.700, 173
Trd, 000115.100, 162
Trd, 000115.250, 163
Trd, 000115.533, 150
Trd, 000115.917, 170
Trd, 000116.767, 164
Trd, 000117.217, 161
Trd, 000117.533, 162
Trd, 000118.550, 171
Trd, 000118.717, 164
Trd, 000119.333, 165
Trd, 000119.767, 162
Trd, 000120.250, 165
Trd, 000120.467, 166
Trd, 000121.200, 164
Trd, 000121.350, 174
Trd, 000121.550, 177
Trd, 000122.100, 175
Trd, 000122.917, 183
Trd, 000122.933, 184
Trd, 000122.950, 187
Trd, 000124.133, 237
Trd, 000124.350, 276
Trd, 000124.683, 310
Trd, 000125.333, 316
Trd, 000125.617, 324.0
Trd, 000125.850, 331.0
Trd, 000126.217, 334
Trd, 000126.433, 335
Trd, 000126.467, 337.0
Trd, 000127.433, 343
Trd, 000127.533, 342
Trd, 000130.083, 357.0
Trd, 000130.100, 356
Trd, 000130.267, 355
Trd, 000130.383, 348
Trd, 000131.133, 360.0
Trd, 000131.917, 360.0
Trd, 000133.017, 352
Trd, 000133.900, 357
Trd, 000134.333, 357
Trd, 000134.817, 357
Trd, 000135.367, 348.0
Trd, 000135.583, 353
Trd, 000135.600, 342.0
Trd, 000136.550, 347
Trd, 000136.600, 346
Trd, 000137.467, 350
Trd, 000138.017, 358.0
Trd, 000138.150, 348
Trd, 000138.317, 365.0
Trd, 000138.333, 347
Trd, 000138.900, 355
Trd, 000139.617, 352
Trd, 000140.933, 353
Trd, 000141.217, 351
Trd, 000141.817, 349
Trd, 000142.383, 348.0
Trd, 000142.750, 364
Trd, 000144.067, 356
Trd, 000144.817, 357
Trd, 000145.767, 354
Trd, 000145.933, 352
Trd, 000146.033, 352
Trd, 000146.333, 353
Trd, 000146.667, 358.0
Trd, 000147.050, 352
Trd, 000148.317, 353
Trd, 000148.450, 353
Trd, 000148.650, 357
Trd, 000148.667, 352
Trd, 000149.250, 355
Trd, 000150.383, 354
Trd, 000150.767, 353
Trd, 000151.433, 353
Trd, 000151.600, 358.0
Trd, 000153.483, 360
Trd, 000154.133, 354
Trd, 000154.267, 354
Trd, 000154.767, 352.0
Trd, 000154.917, 348.0
Trd, 000156.117, 343.0
Trd, 000159.200, 348.0
Trd, 000159.983, 350
Trd, 000160.100, 351
Trd, 000160.367, 350
Trd, 000160.800, 349
Trd, 000161.250, 350
Trd, 000161.633, 350
Trd, 000162.050, 349
Trd, 000162.150, 350
Trd, 000162.167, 347
Trd, 000163.250, 347
Trd, 000164.900, 348
Trd, 000165.417, 348
Trd, 000165.950, 344
Trd, 000166.000, 344
Trd, 000166.717, 346
Trd, 000167.433, 342.0
Trd, 000168.233, 346
Trd, 000168.450, 345
Trd, 000169.250, 345
Trd, 000169.283, 343.0
Trd, 000169.667, 345
Trd, 000170.533, 343
Trd, 000170.850, 342.0
Trd, 000172.183, 339
Trd, 000172.267, 343
Trd, 000172.550, 347
Trd, 000173.250, 345
Trd, 000174.367, 351
Trd, 000174.900, 347
Trd, 000175.017, 348
Trd, 000175.117, 345
Trd, 000175.900, 348
Trd, 000176.217, 344
Trd, 000177.050, 352.0
Trd, 000177.150, 348
Trd, 000177.350, 349
Trd, 000177.867, 351
Trd, 000178.750, 351
Trd, 000179.500, 351
Trd, 000179.733, 352
Trd, 000180.033, 351
Trd, 000180.733, 352
Trd, 000181.183, 351
Trd, 000181.350, 350
Trd, 000181.367, 341.0
Trd, 000181.883, 359
Trd, 000182.133, 334.0
Trd, 000182.167, 331
Trd, 000182.400, 313.0
Trd, 000182.600, 304
Trd, 000182.667, 212
Trd, 000183.600, 252
Trd, 000183.750, 193
Trd, 000183.817, 183
Trd, 000184.317, 203
Trd, 000184.583, 160
Trd, 000184.683, 159
Trd, 000185.050, 175
Trd, 000185.133, 176
Trd, 000185.583, 156
Trd, 000186.233, 180
Trd, 000187.917, 175
Trd, 000188.350, 175
Trd, 000188.700, 180
Trd, 000189.583, 180
Trd, 000189.600, 180
Trd, 000190.550, 180
Trd, 000190.900, 175
Trd, 000191.350, 180
Trd, 000191.417, 183
Trd, 000191.483, 184
Trd, 000191.733, 169
Trd, 000193.633, 172
Trd, 000193.900, 170
Trd, 000194.450, 178
Trd, 000195.050, 171
Trd, 000196.067, 176
Trd, 000196.567, 173
Trd, 000197.050, 174
Trd, 000197.683, 173
Trd, 000197.783, 175
Trd, 000198.283, 173
Trd, 000199.417, 173
Trd, 000199.700, 172
Trd, 000199.833, 173
Trd, 000200.600, 173
Trd, 000200.967, 170
Trd, 000201.050, 171
Trd, 000201.667, 172
Trd, 000203.017, 170
Trd, 000203.417, 171
Trd, 000203.900, 168
Trd, 000204.333, 181
Trd, 000204.667, 177
Trd, 000205.217, 175
Trd, 000205.333, 176
Trd, 000206.900, 175
Trd, 000207.350, 175
Trd, 000207.433, 173
Trd, 000207.567, 173
Trd, 000207.983, 174
Trd, 000208.467, 171
Trd, 000208.583, 176
Trd, 000208.767, 170
Trd, 000210.917, 176
Trd, 000211.100, 176
Trd, 000211.133, 174
Trd, 000211.150, 172
Trd, 000212.700, 163
Trd, 000212.783, 163
Trd, 000212.817, 168
Trd, 000213.183, 165
Trd, 000213.967, 165
Trd, 000214.583, 168
Trd, 000215.467, 165
Trd, 000216.317, 166
Trd, 000216.633, 167
Trd, 000217.817, 172
Trd, 000218.417, 171
Trd, 000218.433, 172
Trd, 000218.717, 171
Trd, 000219.083, 171
Trd, 000219.233, 171
Trd, 000219.483, 173
Trd, 000221.067, 173
Trd, 000222.217, 172
Trd, 000222.317, 171
Trd, 000222.817, 172
Trd, 000223.200, 173
Trd, 000223.567, 174
Trd, 000223.633, 180
Trd, 000225.017, 172
Trd, 000226.000, 176
Trd, 000226.033, 174
Trd, 000226.117, 172
Trd, 000227.800, 175
Trd, 000228.367, 173
Trd, 000228.950, 177
Trd, 000229.000, 177
Trd, 000230.700, 176
Trd, 000231.117, 174
Trd, 000231.167, 173
Trd, 000232.333, 172
Trd, 000233.350, 175
Trd, 000234.350, 175
Trd, 000234.717, 177
Trd, 000236.300, 177
Trd, 000236.317, 178
Trd, 000236.500, 176
Trd, 000236.617, 179
Trd, 000236.650, 177
Trd, 000236.900, 175
Trd, 000237.900, 179
Trd, 000237.983, 179
Trd, 000238.650, 174
Trd, 000239.500, 177
Trd, 000240.183, 179
Trd, 000240.283, 177
Trd, 000241.350, 179
Trd, 000241.433, 178
Trd, 000241.933, 177
Trd, 000242.167, 178
Trd, 000242.633, 179
Trd, 000243.500, 179
Trd, 000243.567, 182
Trd, 000244.233, 182
Trd, 000244.500, 180
Trd, 000245.217, 178
Trd, 000245.400, 174
Trd, 000245.417, 181
Trd, 000245.833, 172
Trd, 000246.817, 182
Trd, 000246.967, 175
Trd, 000247.517, 184
Trd, 000248.133, 184
Trd, 000248.800, 184
Trd, 000249.400, 184
Trd, 000249.700, 183
Trd, 000250.017, 178
Trd, 000250.300, 183
Trd, 000250.783, 181
Trd, 000253.333, 179
Trd, 000253.550, 182
Trd, 000253.767, 173
Trd, 000254.183, 182
Trd, 000254.350, 174
Trd, 000255.833, 178
Trd, 000256.500, 178
Trd, 000256.650, 178
Trd, 000257.050, 178
Trd, 000257.083, 175
Trd, 000257.667, 175
Trd, 000257.717, 177
Trd, 000258.517, 178
Trd, 000258.717, 180
Trd, 000259.817, 179
Trd, 000260.833, 180
Trd, 000261.017, 181
Trd, 000261.417, 183
Trd, 000262.100, 179
Trd, 000262.733, 179
Trd, 000263.067, 179
Trd, 000263.117, 187
Trd, 000263.233, 184
Trd, 000264.333, 185
Trd, 000264.450, 187
Trd, 000266.417, 184
Trd, 000267.267, 185
Trd, 000267.417, 185
Trd, 000267.917, 185
Trd, 000268.017, 184
Trd, 000268.667, 187
Trd, 000268.750, 186
Trd, 000268.867, 180
Trd, 000268.883, 177
Trd, 000271.667, 186
Trd, 000272.350, 184
Trd, 000272.900, 184
Trd, 000273.333, 184
Trd, 000273.567, 182
Trd, 000273.833, 182
Trd, 000274.283, 185
Trd, 000274.517, 181
Trd, 000274.700, 188
Trd, 000275.350, 186
Trd, 000275.867, 189
Trd, 000275.967, 189
Trd, 000276.317, 192
Trd, 000277.050, 191
Trd, 000277.167, 187
Trd, 000277.183, 187
Trd, 000277.533, 193
Trd, 000277.867, 187
Trd, 000277.917, 177
Trd, 000278.100, 175
Trd, 000279.800, 182
Trd, 000280.167, 179
Trd, 000280.450, 177
Trd, 000281.000, 179
Trd, 000281.183, 180
Trd, 000281.950, 177
Trd, 000282.233, 177
Trd, 000282.767, 179
Trd, 000283.250, 179
Trd, 000283.383, 181
Trd, 000283.400, 178
Trd, 000283.533, 190
Trd, 000284.000, 185
Trd, 000285.050, 180
Trd, 000285.983, 181
Trd, 000286.117, 182
Trd, 000286.133, 178
Trd, 000286.450, 176
Trd, 000286.567, 180
Trd, 000287.567, 170
Trd, 000288.033, 174
Trd, 000288.717, 172
Trd, 000289.650, 166
Trd, 000290.117, 164
Trd, 000290.150, 165
Trd, 000290.550, 163
Trd, 000290.933, 165
Trd, 000291.167, 166
Trd, 000291.800, 168
Trd, 000293.000, 179
Trd, 000293.283, 174
Trd, 000293.750, 175
Trd, 000294.617, 176
Trd, 000294.950, 173
Trd, 000295.067, 172
Trd, 000296.633, 174
Trd, 000296.683, 173
Trd, 000296.950, 181
Trd, 000299.467, 175
Trd, 000299.667, 179
