Trd, 000001.733, 137
Trd, 000002.350, 136
Trd, 000002.817, 137
Trd, 000003.467, 131
Trd, 000004.733, 130
Trd, 000004.800, 141
Trd, 000005.017, 144
Trd, 000005.350, 155
Trd, 000005.883, 149
Trd, 000006.617, 152
Trd, 000008.067, 152
Trd, 000008.450, 165
Trd, 000008.900, 163
Trd, 000008.917, 156
Trd, 000009.033, 141
Trd, 000009.133, 156
Trd, 000009.883, 140
Trd, 000009.933, 138
Trd, 000010.417, 142
Trd, 000010.483, 127
Trd, 000011.567, 120
Trd, 000011.600, 154
Trd, 000011.883, 168
Trd, 000012.450, 169
Trd, 000013.267, 169
Trd, 000013.433, 163
Trd, 000013.983, 164
Trd, 000015.233, 162
Trd, 000015.950, 158
Trd, 000016.583, 163
Trd, 000018.083, 161
Trd, 000018.433, 161
Trd, 000018.683, 159
Trd, 000018.933, 165
Trd, 000019.150, 159
Trd, 000019.883, 159
Trd, 000020.483, 163
Trd, 000020.750, 159
Trd, 000021.217, 164
Trd, 000021.400, 146
Trd, 000021.783, 150
Trd, 000022.717, 157
Trd, 000022.933, 150
Trd, 000024.883, 156
Trd, 000025.167, 156
Trd, 000025.250, 152
Trd, 000025.383, 150
Trd, 000026.400, 158
Trd, 000027.533, 155
Trd, 000027.983, 158
Trd, 000028.850, 139
Trd, 000030.100, 158
Trd, 000030.183, 159
Trd, 000030.333, 160
Trd, 000030.633, 162
Trd, 000031.717, 161
Trd, 000032.183, 160
Trd, 000032.333, 160
Trd, 000032.467, 158
Trd, 000033.050, 162
Trd, 000033.567, 158
Trd, 000033.800, 156
Trd, 000034.067, 165
Trd, 000034.750, 162
Trd, 000035.767, 156
Trd, 000035.867, 146
Trd, 000037.117, 159
Trd, 000037.333, 159
Trd, 000038.300, 159
Trd, 000038.717, 158
Trd, 000038.867, 157
Trd, 000039.317, 157
Trd, 000039.450, 161
Trd, 000040.117, 156
Trd, 000040.433, 143
Trd, 000041.083, 141
Trd, 000041.117, 162
Trd, 000042.633, 159
Trd, 000043.200, 162
Trd, 000043.533, 166
Trd, 000044.200, 162
Trd, 000044.567, 157
Trd, 000045.200, 159
Trd, 000045.500, 154
Trd, 000047.217, 160
Trd, 000047.467, 152
Trd, 000047.533, 163
Trd, 000047.567, 148
Trd, 000047.717, 164
Trd, 000047.950, 141
Trd, 000049.233, 151
Trd, 000049.450, 150
Trd, 000049.933, 160
Trd, 000050.100, 148
Trd, 000050.600, 161
Trd, 000051.550, 161
Trd, 000051.583, 167
Trd, 000051.917, 170
Trd, 000052.033, 160
Trd, 000053.383, 157
Trd, 000053.450, 155
Trd, 000054.850, 156
Trd, 000056.033, 154
Trd, 000056.167, 151
Trd, 000056.183, 150
Trd, 000056.567, 160
Trd, 000056.683, 163
Trd, 000057.483, 144
Trd, 000058.683, 143
Trd, 000059.283, 145
Trd, 000059.367, 147
Trd, 000060.783, 147
Trd, 000060.917, 150
Trd, 000062.933, 161
Trd, 000063.900, 152
Trd, 000063.917, 150
Trd, 000064.450, 148
Trd, 000064.833, 150
Trd, 000065.200, 152
Trd, 000065.450, 147
Trd, 000067.050, 149
Trd, 000067.167, 153
Trd, 000067.200, 148
Trd, 000068.467, 154
Trd, 000068.500, 154
Trd, 000068.700, 152
Trd, 000069.533, 165
Trd, 000070.217, 169
Trd, 000071.183, 163
Trd, 000071.600, 162
Trd, 000072.850, 164
Trd, 000073.067, 163
Trd, 000073.433, 162
Trd, 000074.083, 169
Trd, 000074.617, 151
Trd, 000075.083, 156
Trd, 000075.483, 162
Trd, 000075.783, 162
Trd, 000077.000, 163
Trd, 000077.433, 163
Trd, 000077.733, 166
Trd, 000078.200, 157
Trd, 000079.200, 164
Trd, 000079.817, 155
Trd, 000080.633, 153
Trd, 000080.800, 169
Trd, 000081.383, 170
Trd, 000081.700, 159
Trd, 000083.183, 159
Trd, 000083.400, 169
Trd, 000083.500, 163
Trd, 000083.683, 171
Trd, 000084.567, 163
Trd, 000084.717, 169
Trd, 000086.300, 168
Trd, 000087.167, 167
Trd, 000087.550, 164
Trd, 000088.283, 165
Trd, 000088.533, 169
Trd, 000088.550, 164
Trd, 000089.783, 169
Trd, 000090.550, 172
Trd, 000091.017, 171
Trd, 000091.250, 162
Trd, 000091.817, 166
Trd, 000091.967, 171
Trd, 000092.283, 168
Trd, 000093.017, 172
Trd, 000093.617, 171
Trd, 000094.650, 171
Trd, 000095.117, 170
Trd, 000095.467, 169
Trd, 000095.583, 153
Trd, 000096.317, 171
Trd, 000096.733, 173
Trd, 000097.067, 166
Trd, 000097.600, 172
Trd, 000098.283, 165
Trd, 000099.567, 151
Trd, 000099.683, 159
Trd, 000100.283, 165
Trd, 000101.617, 165
Trd, 000101.900, 162
Trd, 000102.417, 164
Trd, 000103.000, 165
Trd, 000103.617, 165
Trd, 000104.333, 168
Trd, 000105.517, 164
Trd, 000106.133, 149
Trd, 000107.233, 165
Trd, 000107.267, 166
Trd, 000107.750, 172
Trd, 000108.833, 160
Trd, 000110.417, 155
Trd, 000110.483, 154
Trd, 000111.033, 166
Trd, 000111.300, 155
Trd, 000111.967, 166
Trd, 000112.250, 158
Trd, 000112.917, 166
Trd, 000113.700, 166
Trd, 000114.033, 165
Trd, 000114.600, 160
Trd, 000115.117, 169
Trd, 000115.833, 155
Trd, 000116.667, 157
Trd, 000116.750, 148
Trd, 000117.333, 169
Trd, 000118.433, 165
Trd, 000118.817, 143
Trd, 000119.100, 153
Trd, 000120.567, 159
Trd, 000121.117, 157
Trd, 000121.517, 161
Trd, 000122.217, 174
Trd, 000122.333, 177
Trd, 000122.350, 180
Trd, 000122.833, 191
Trd, 000123.017, 192
Trd, 000123.200, 194
Trd, 000123.633, 198
Trd, 000123.900, 206
Trd, 000123.933, 286
Trd, 000124.300, 331.0
Trd, 000125.033, 341.0
Trd, 000125.217, 337.0
Trd, 000125.250, 355.0
Trd, 000125.600, 359
Trd, 000125.750, 319.0
Trd, 000127.900, 341.0
Trd, 000127.967, 321
Trd, 000128.633, 341
Trd, 000129.500, 342
Trd, 000130.850, 342
Trd, 000130.967, 342
Trd, 000131.567, 355.0
Trd, 000131.883, 358
Trd, 000131.933, 339
Trd, 000132.400, 337.0
Trd, 000134.400, 356
Trd, 000134.733, 363
Trd, 000135.183, 359
Trd, 000135.900, 349
Trd, 000136.500, 349
Trd, 000136.683, 347
Trd, 000136.767, 347
Trd, 000137.300, 349
Trd, 000137.933, 337.0
Trd, 000138.533, 341.0
Trd, 000139.033, 338
Trd, 000139.167, 336
Trd, 000139.883, 339
Trd, 000141.000, 346
Trd, 000141.650, 355.0
Trd, 000142.617, 358
Trd, 000142.933, 363
Trd, 000143.500, 355
Trd, 000145.483, 341.0
Trd, 000145.733, 341
Trd, 000146.233, 354
Trd, 000146.250, 339
Trd, 000146.583, 339
Trd, 000146.883, 349
Trd, 000147.650, 353
Trd, 000147.717, 355.0
Trd, 000148.633, 344
Trd, 000148.800, 337
Trd, 000149.567, 341.0
Trd, 000150.033, 358
Trd, 000150.783, 337.0
Trd, 000152.900, 343
Trd, 000153.750, 341.0
Trd, 000155.467, 343
Trd, 000155.517, 339
Trd, 000155.683, 347
Trd, 000155.883, 349
Trd, 000156.567, 358
Trd, 000157.483, 342
Trd, 000158.767, 344
Trd, 000159.400, 351
Trd, 000159.517, 355.0
Trd, 000161.217, 355.0
Trd, 000161.700, 358
Trd, 000161.750, 360
Trd, 000162.100, 354
Trd, 000162.850, 331.0
Trd, 000163.467, 345
Trd, 000163.583, 338
Trd, 000164.100, 337.0
Trd, 000164.550, 329
Trd, 000166.983, 340
Trd, 000168.567, 338
Trd, 000168.733, 341.0
Trd, 000169.100, 346
Trd, 000170.367, 339
Trd, 000170.400, 349
Trd, 000170.883, 355.0
Trd, 000171.467, 357
Trd, 000171.617, 355
Trd, 000172.533, 346
Trd, 000173.500, 352
Trd, 000173.833, 342
Trd, 000174.383, 338
Trd, 000174.483, 341.0
Trd, 000175.067, 348
Trd, 000175.850, 344
Trd, 000176.500, 351
Trd, 000176.767, 355.0
Trd, 000177.750, 344
Trd, 000177.767, 358
Trd, 000178.883, 337.0
Trd, 000180.533, 352
Trd, 000181.033, 344
Trd, 000181.517, 353
Trd, 000181.717, 344.0
Trd, 000181.883, 340
Trd, 000182.083, 326
Trd, 000182.600, 351
Trd, 000182.783, 317.0
Trd, 000183.733, 303.0
Trd, 000183.883, 300.0
Trd, 000184.300, 198
Trd, 000185.000, 195
Trd, 000185.367, 195
Trd, 000185.550, 193
Trd, 000185.633, 181
Trd, 000185.900, 181
Trd, 000186.933, 183
Trd, 000187.250, 180
Trd, 000187.433, 206
Trd, 000188.367, 181
Trd, 000189.167, 184
Trd, 000189.267, 183
Trd, 000189.900, 186
Trd, 000191.317, 183
Trd, 000191.433, 181
Trd, 000192.017, 174
Trd, 000192.283, 174
Trd, 000193.367, 182
Trd, 000193.533, 183
Trd, 000195.683, 178
Trd, 000195.933, 182
Trd, 000196.067, 177
Trd, 000196.900, 182
Trd, 000196.967, 179
Trd, 000197.350, 177
Trd, 000197.683, 175
Trd, 000198.017, 174
Trd, 000198.517, 178
Trd, 000199.183, 179
Trd, 000199.750, 151
Trd, 000200.233, 181
Trd, 000201.400, 180
Trd, 000201.417, 175
Trd, 000202.450, 175
Trd, 000202.817, 178
Trd, 000202.883, 174
Trd, 000202.917, 174
Trd, 000203.883, 175
Trd, 000204.817, 161
Trd, 000205.800, 160
Trd, 000206.750, 170
Trd, 000207.483, 171
Trd, 000207.500, 171
Trd, 000208.683, 176
Trd, 000209.617, 178
Trd, 000210.050, 168
Trd, 000210.083, 167
Trd, 000210.817, 167
Trd, 000211.267, 165
Trd, 000211.583, 174
Trd, 000211.733, 174
Trd, 000212.167, 176
Trd, 000213.517, 167
Trd, 000213.867, 174
Trd, 000215.017, 171
Trd, 000215.133, 166
Trd, 000216.017, 166
Trd, 000216.667, 166
Trd, 000217.300, 166
Trd, 000217.367, 163
Trd, 000217.917, 165
Trd, 000218.200, 164
Trd, 000218.783, 160
Trd, 000218.850, 171
Trd, 000219.350, 160
Trd, 000220.067, 171
Trd, 000220.967, 175
Trd, 000221.567, 177
Trd, 000222.000, 180
Trd, 000222.100, 187
Trd, 000223.450, 162
Trd, 000223.483, 163
Trd, 000224.600, 180
Trd, 000225.933, 174
Trd, 000226.617, 171
Trd, 000227.050, 172
Trd, 000227.183, 168
Trd, 000228.767, 177
Trd, 000228.867, 170
Trd, 000229.467, 169
Trd, 000229.667, 176
Trd, 000230.567, 177
Trd, 000230.617, 178
Trd, 000231.733, 182
Trd, 000231.867, 185
Trd, 000233.483, 188
Trd, 000233.633, 191
Trd, 000234.767, 185
Trd, 000236.150, 183
Trd, 000236.367, 178
Trd, 000236.833, 186
Trd, 000236.883, 179
Trd, 000238.050, 179
Trd, 000238.683, 178
Trd, 000238.700, 185
Trd, 000239.417, 176
Trd, 000239.533, 187
Trd, 000240.567, 183
Trd, 000240.817, 184
Trd, 000241.050, 180
Trd, 000241.117, 179
Trd, 000241.333, 179
Trd, 000241.367, 181
Trd, 000242.133, 176
Trd, 000243.783, 177
Trd, 000243.950, 179
Trd, 000244.300, 171
Trd, 000244.367, 165
Trd, 000245.217, 176
Trd, 000246.117, 171
Trd, 000246.267, 168
Trd, 000246.283, 168
Trd, 000246.533, 172
Trd, 000246.950, 173
Trd, 000248.450, 173
Trd, 000248.850, 176
Trd, 000248.900, 175
Trd, 000249.333, 173
Trd, 000249.950, 175
Trd, 000250.433, 171
Trd, 000250.650, 180
Trd, 000250.700, 183
Trd, 000250.817, 167
Trd, 000251.033, 162
Trd, 000251.267, 163
Trd, 000251.433, 163
Trd, 000251.817, 163
Trd, 000252.333, 185
Trd, 000252.350, 188
Trd, 000252.617, 190
Trd, 000253.133, 169
Trd, 000253.517, 180
Trd, 000253.700, 186
Trd, 000254.000, 188
Trd, 000254.133, 180
Trd, 000254.933, 185
Trd, 000255.517, 183
Trd, 000255.783, 182
Trd, 000256.183, 182
Trd, 000256.233, 169
Trd, 000256.800, 181
Trd, 000257.050, 177
Trd, 000257.333, 176
Trd, 000257.467, 175
Trd, 000257.550, 162
Trd, 000257.750, 150
Trd, 000258.117, 185
Trd, 000259.150, 189
Trd, 000259.233, 184
Trd, 000259.350, 186
Trd, 000259.767, 189
Trd, 000260.267, 181
Trd, 000261.117, 181
Trd, 000261.250, 183
Trd, 000261.717, 183
Trd, 000262.000, 179
Trd, 000263.067, 177
Trd, 000263.833, 170
Trd, 000264.217, 178
Trd, 000264.300, 175
Trd, 000264.467, 184
Trd, 000264.933, 151
Trd, 000265.800, 173
Trd, 000265.867, 178
Trd, 000266.233, 172
Trd, 000266.550, 180
Trd, 000266.883, 182
Trd, 000267.100, 177
Trd, 000268.017, 184
Trd, 000268.233, 179
Trd, 000268.283, 177
Trd, 000268.433, 181
Trd, 000268.717, 186
Trd, 000269.117, 186
Trd, 000269.800, 177
Trd, 000270.283, 178
Trd, 000270.367, 181
Trd, 000270.783, 183
Trd, 000270.917, 177
Trd, 000271.017, 171
Trd, 000271.483, 182
Trd, 000272.933, 178
Trd, 000273.233, 181
Trd, 000273.417, 173
Trd, 000273.933, 170
Trd, 000274.067, 182
Trd, 000274.300, 185
Trd, 000274.700, 178
Trd, 000274.883, 172
Trd, 000275.600, 172
Trd, 000276.600, 176
Trd, 000276.733, 177
Trd, 000277.100, 175
Trd, 000277.667, 172
Trd, 000278.033, 169
Trd, 000278.167, 165
Trd, 000278.683, 178
Trd, 000279.783, 177
Trd, 000280.250, 176
Trd, 000280.433, 181
Trd, 000280.550, 176
Trd, 000280.600, 175
Trd, 000281.017, 183
Trd, 000281.150, 180
Trd, 000281.350, 190
Trd, 000281.567, 183
Trd, 000281.767, 180
Trd, 000282.900, 169
Trd, 000283.400, 166
Trd, 000283.500, 165
Trd, 000283.650, 188
Trd, 000284.217, 171
Trd, 000284.317, 181
Trd, 000284.367, 183
Trd, 000285.033, 193
Trd, 000285.250, 176
Trd, 000285.783, 180
Trd, 000286.000, 178
Trd, 000287.100, 159
Trd, 000287.233, 163
Trd, 000287.833, 176
Trd, 000288.883, 170
Trd, 000289.100, 171
Trd, 000289.317, 184
Trd, 000289.567, 160
Trd, 000289.683, 158
Trd, 000290.367, 166
Trd, 000290.867, 170
Trd, 000291.133, 165
Trd, 000291.217, 164
Trd, 000291.550, 164
Trd, 000292.467, 185
Trd, 000292.500, 178
Trd, 000292.533, 189
Trd, 000293.450, 184
Trd, 000293.550, 194
Trd, 000293.950, 184
Trd, 000294.183, 183
Trd, 000294.600, 182
Trd, 000294.967, 193
Trd, 000295.667, 182
Trd, 000296.417, 190
Trd, 000296.483, 182
Trd, 000296.817, 180
Trd, 000296.917, 173
Trd, 000297.033, 166
Trd, 000297.333, 194
Trd, 000298.150, 190
Trd, 000298.333, 171
Trd, 000298.600, 170
Trd, 000299.433, 185
