Trd, 000002.250, 195
Trd, 000002.517, 193
Trd, 000002.683, 177
Trd, 000004.467, 172
Trd, 000005.300, 158
Trd, 000005.367, 156
Trd, 000006.033, 174
Trd, 000006.200, 178
Trd, 000006.583, 158
Trd, 000007.267, 155
Trd, 000008.300, 160
Trd, 000008.450, 159
Trd, 000008.767, 157
Trd, 000008.800, 158
Trd, 000010.367, 156
Trd, 000010.583, 158
Trd, 000011.233, 149
Trd, 000011.283, 159
Trd, 000011.417, 165
Trd, 000011.967, 159
Trd, 000012.900, 148
Trd, 000013.150, 144
Trd, 000014.283, 143
Trd, 000014.717, 158
Trd, 000015.300, 160
Trd, 000015.583, 176
Trd, 000016.250, 178
Trd, 000017.267, 177
Trd, 000017.583, 157
Trd, 000017.633, 156
Trd, 000017.717, 143
Trd, 000020.133, 149
Trd, 000020.217, 150
Trd, 000020.333, 155
Trd, 000021.033, 154
Trd, 000021.367, 154
Trd, 000021.550, 155
Trd, 000022.233, 153
Trd, 000022.250, 153
Trd, 000022.433, 148
Trd, 000022.517, 167
Trd, 000022.733, 158
Trd, 000022.883, 145
Trd, 000022.983, 145
Trd, 000023.117, 134
Trd, 000024.517, 156
Trd, 000026.150, 152
Trd, 000026.233, 154
Trd, 000026.783, 161
Trd, 000027.100, 151
Trd, 000027.233, 151
Trd, 000027.300, 144
Trd, 000028.967, 153
Trd, 000030.317, 145
Trd, 000030.333, 150
Trd, 000031.100, 151
Trd, 000031.183, 152
Trd, 000031.383, 146
Trd, 000031.967, 144
Trd, 000032.200, 153
Trd, 000032.267, 170
Trd, 000032.983, 142
Trd, 000033.233, 155
Trd, 000033.700, 156
Trd, 000034.633, 155
Trd, 000035.133, 158
Trd, 000036.683, 158
Trd, 000037.317, 158
Trd, 000038.150, 157
Trd, 000038.717, 153
Trd, 000038.933, 151
Trd, 000039.867, 152
Trd, 000040.217, 155
Trd, 000040.517, 159
Trd, 000041.167, 154
Trd, 000041.517, 158
Trd, 000043.183, 159
Trd, 000043.333, 158
Trd, 000043.633, 160
Trd, 000043.650, 159
Trd, 000043.783, 153
Trd, 000043.883, 161
Trd, 000044.783, 159
Trd, 000044.833, 146
Trd, 000045.367, 162
Trd, 000045.933, 181
Trd, 000046.250, 180
Trd, 000046.483, 160
Trd, 000048.400, 151
Trd, 000048.483, 157
Trd, 000048.683, 159
Trd, 000050.317, 161
Trd, 000050.367, 151
Trd, 000051.233, 152
Trd, 000051.833, 151
Trd, 000052.550, 149
Trd, 000052.667, 157
Trd, 000052.817, 158
Trd, 000053.233, 159
Trd, 000053.317, 175
Trd, 000053.967, 156
Trd, 000054.250, 159
Trd, 000055.250, 161
Trd, 000055.900, 148
Trd, 000056.417, 160
Trd, 000058.117, 153
Trd, 000058.817, 158
Trd, 000058.950, 162
Trd, 000059.267, 164
Trd, 000060.183, 154
Trd, 000060.683, 159
Trd, 000061.233, 158
Trd, 000061.433, 152
Trd, 000062.883, 140
Trd, 000062.917, 152
Trd, 000063.317, 155
Trd, 000063.583, 157
Trd, 000063.700, 170
Trd, 000064.200, 146
Trd, 000064.850, 146
Trd, 000065.617, 144
Trd, 000065.817, 150
Trd, 000065.950, 154
Trd, 000066.517, 153
Trd, 000067.650, 157
Trd, 000067.850, 155
Trd, 000068.483, 144
Trd, 000068.683, 156
Trd, 000069.033, 158
Trd, 000069.600, 163
Trd, 000070.383, 164
Trd, 000070.667, 154
Trd, 000071.133, 161
Trd, 000071.200, 160
Trd, 000072.867, 165
Trd, 000072.950, 163
Trd, 000073.000, 162
Trd, 000073.667, 157
Trd, 000074.233, 163
Trd, 000074.650, 155
Trd, 000075.467, 159
Trd, 000076.117, 157
Trd, 000076.450, 152
Trd, 000077.400, 158
Trd, 000077.717, 151
Trd, 000078.233, 159
Trd, 000079.067, 153
Trd, 000079.583, 160
Trd, 000080.533, 166
Trd, 000081.067, 157
Trd, 000081.633, 166
Trd, 000081.817, 173
Trd, 000081.867, 156
Trd, 000082.500, 153
Trd, 000082.583, 164
Trd, 000082.633, 166
Trd, 000084.300, 154
Trd, 000084.383, 156
Trd, 000086.267, 155
Trd, 000086.517, 151
Trd, 000086.600, 156
Trd, 000086.683, 151
Trd, 000087.650, 158
Trd, 000087.833, 158
Trd, 000088.117, 142
Trd, 000088.417, 158
Trd, 000088.600, 140
Trd, 000089.000, 166
Trd, 000089.517, 146
Trd, 000089.950, 153
Trd, 000090.350, 154
Trd, 000090.550, 157
Trd, 000091.267, 167
Trd, 000092.833, 152
Trd, 000092.883, 157
Trd, 000093.867, 151
Trd, 000095.150, 144
Trd, 000095.267, 150
Trd, 000095.683, 159
Trd, 000096.083, 155
Trd, 000096.400, 159
Trd, 000096.950, 160
Trd, 000097.150, 155
Trd, 000098.617, 166
Trd, 000099.267, 168
Trd, 000099.750, 176
Trd, 000100.283, 165
Trd, 000100.633, 144
Trd, 000101.533, 141
Trd, 000101.717, 140
Trd, 000101.733, 150
Trd, 000101.900, 155
Trd, 000102.233, 165
Trd, 000103.417, 166
Trd, 000104.667, 159
Trd, 000104.733, 160
Trd, 000104.783, 165
Trd, 000106.383, 160
Trd, 000106.450, 162
Trd, 000107.083, 158
Trd, 000107.517, 159
Trd, 000107.833, 167
Trd, 000108.133, 167
Trd, 000109.100, 154
Trd, 000109.400, 168
Trd, 000110.517, 157
Trd, 000111.600, 164
Trd, 000112.200, 153
Trd, 000112.250, 162
Trd, 000112.533, 159
Trd, 000113.067, 159
Trd, 000114.050, 169
Trd, 000114.617, 160
Trd, 000115.217, 160
Trd, 000115.417, 163
Trd, 000116.033, 159
Trd, 000116.450, 155
Trd, 000116.767, 160
Trd, 000117.933, 159
Trd, 000118.250, 160
Trd, 000118.850, 163
Trd, 000119.250, 161
Trd, 000119.450, 139
Trd, 000120.550, 170
Trd, 000121.183, 161
Trd, 000121.350, 164
Trd, 000121.567, 167
Trd, 000121.967, 174
Trd, 000122.383, 176
Trd, 000122.833, 177
Trd, 000123.050, 190
Trd, 000123.283, 208
Trd, 000123.717, 174
Trd, 000123.767, 211
Trd, 000123.983, 269
Trd, 000124.150, 313.0
Trd, 000124.217, 348.0
Trd, 000124.400, 349
Trd, 000124.600, 358.0
Trd, 000125.550, 329.0
Trd, 000126.033, 354
Trd, 000126.333, 334.0
Trd, 000127.733, 354
Trd, 000128.467, 359.0
Trd, 000128.517, 370
Trd, 000128.967, 359
Trd, 000129.000, 358.0
Trd, 000130.967, 328
Trd, 000131.150, 328
Trd, 000131.450, 334.0
Trd, 000131.617, 327.0
Trd, 000133.467, 339
Trd, 000134.433, 334.0
Trd, 000134.767, 339
Trd, 000134.833, 341
Trd, 000135.350, 351.0
Trd, 000136.433, 333.0
Trd, 000136.450, 334.0
Trd, 000136.650, 346.0
Trd, 000137.683, 348.0
Trd, 000140.833, 346
Trd, 000141.000, 348.0
Trd, 000141.067, 342
Trd, 000141.267, 347
Trd, 000142.750, 346
Trd, 000143.000, 336
Trd, 000143.817, 345
Trd, 000144.000, 334.0
Trd, 000144.617, 346
Trd, 000144.717, 348.0
Trd, 000145.317, 331
Trd, 000146.817, 342
Trd, 000147.067, 349.0
Trd, 000147.183, 351.0
Trd, 000148.417, 348.0
Trd, 000149.100, 334
Trd, 000149.167, 350
Trd, 000149.533, 350
Trd, 000151.283, 347.0
Trd, 000152.117, 338
Trd, 000152.367, 344
Trd, 000152.533, 348.0
Trd, 000153.700, 339
Trd, 000153.883, 338
Trd, 000153.900, 344
Trd, 000154.150, 348
Trd, 000157.850, 345
Trd, 000158.383, 348.0
Trd, 000158.567, 356.0
Trd, 000158.933, 357.0
Trd, 000159.283, 358.0
Trd, 000159.517, 358
Trd, 000159.883, 355.0
Trd, 000160.267, 365
Trd, 000162.117, 358.0
Trd, 000162.717, 362
Trd, 000163.467, 358.0
Trd, 000164.117, 344
Trd, 000164.383, 355
Trd, 000164.800, 345
Trd, 000165.483, 355
Trd, 000165.917, 356.0
Trd, 000166.967, 346
Trd, 000167.233, 348.0
Trd, 000167.683, 349
Trd, 000168.017, 348
Trd, 000168.583, 340
Trd, 000169.167, 349
Trd, 000170.267, 348
Trd, 000170.783, 340
Trd, 000170.800, 349
Trd, 000171.117, 351.0
Trd, 000171.150, 344
Trd, 000171.550, 352
Trd, 000171.817, 343
Trd, 000172.000, 355.0
Trd, 000172.833, 348.0
Trd, 000173.083, 350
Trd, 000174.367, 353.0
Trd, 000175.017, 354.0
Trd, 000176.233, 366
Trd, 000176.283, 348
Trd, 000176.583, 375
Trd, 000176.917, 348
Trd, 000178.117, 348.0
Trd, 000178.383, 348
Trd, 000179.800, 346
Trd, 000180.117, 343
Trd, 000180.633, 345
Trd, 000182.017, 345
Trd, 000182.267, 324.0
Trd, 000182.383, 339
Trd, 000182.450, 319
Trd, 000182.517, 213
Trd, 000182.767, 350.0
Trd, 000184.817, 211
Trd, 000185.300, 216
Trd, 000185.517, 192
Trd, 000185.533, 190
Trd, 000185.617, 176
Trd, 000186.017, 173
Trd, 000186.917, 190
Trd, 000187.183, 189
Trd, 000187.283, 147
Trd, 000187.633, 167
Trd, 000188.133, 192
Trd, 000189.700, 184
Trd, 000189.817, 174
Trd, 000190.050, 177
Trd, 000190.083, 188
Trd, 000191.050, 162
Trd, 000191.450, 155
Trd, 000191.567, 178
Trd, 000193.017, 160
Trd, 000194.150, 153
Trd, 000194.550, 160
Trd, 000195.050, 165
Trd, 000195.233, 166
Trd, 000195.617, 166
Trd, 000195.783, 167
Trd, 000196.067, 171
Trd, 000196.267, 165
Trd, 000196.567, 177
Trd, 000198.700, 172
Trd, 000199.550, 168
Trd, 000199.617, 172
Trd, 000199.800, 173
Trd, 000200.283, 154
Trd, 000200.783, 177
Trd, 000200.850, 178
Trd, 000201.267, 168
Trd, 000201.367, 184
Trd, 000202.100, 161
Trd, 000203.533, 173
Trd, 000203.867, 173
Trd, 000204.000, 160
Trd, 000205.100, 172
Trd, 000205.350, 173
Trd, 000205.517, 178
Trd, 000206.167, 168
Trd, 000206.717, 169
Trd, 000206.867, 167
Trd, 000207.050, 184
Trd, 000208.117, 155
Trd, 000208.283, 172
Trd, 000208.550, 184
Trd, 000209.183, 186
Trd, 000209.367, 178
Trd, 000210.317, 178
Trd, 000211.483, 179
Trd, 000211.867, 179
Trd, 000212.050, 168
Trd, 000213.100, 179
Trd, 000213.233, 182
Trd, 000213.550, 180
Trd, 000214.383, 186
Trd, 000215.333, 179
Trd, 000215.383, 176
Trd, 000218.217, 174
Trd, 000218.600, 177
Trd, 000219.183, 178
Trd, 000219.417, 164
Trd, 000219.517, 170
Trd, 000219.550, 180
Trd, 000219.633, 164
Trd, 000220.817, 186
Trd, 000222.200, 156
Trd, 000222.733, 171
Trd, 000223.300, 157
Trd, 000223.400, 179
Trd, 000224.783, 180
Trd, 000225.000, 173
Trd, 000225.650, 191
Trd, 000226.517, 172
Trd, 000226.933, 184
Trd, 000227.533, 178
Trd, 000227.817, 180
Trd, 000229.467, 181
Trd, 000229.700, 182
Trd, 000229.750, 180
Trd, 000230.300, 178
Trd, 000230.750, 167
Trd, 000230.967, 166
Trd, 000231.533, 166
Trd, 000231.950, 180
Trd, 000231.967, 190
Trd, 000232.300, 181
Trd, 000232.667, 198
Trd, 000232.867, 165
Trd, 000234.100, 185
Trd, 000234.117, 164
Trd, 000235.667, 179
Trd, 000235.867, 172
Trd, 000236.100, 182
Trd, 000236.117, 183
Trd, 000236.200, 182
Trd, 000237.383, 165
Trd, 000239.217, 163
Trd, 000239.467, 181
Trd, 000239.583, 172
Trd, 000239.633, 175
Trd, 000240.250, 174
Trd, 000240.300, 176
Trd, 000240.733, 178
Trd, 000241.300, 181
Trd, 000241.550, 177
Trd, 000241.600, 182
Trd, 000241.933, 176
Trd, 000242.983, 180
Trd, 000243.200, 177
Trd, 000243.667, 183
Trd, 000243.733, 181
Trd, 000244.583, 182
Trd, 000245.183, 183
Trd, 000245.750, 188
Trd, 000245.983, 191
Trd, 000246.100, 187
Trd, 000246.583, 187
Trd, 000247.233, 189
Trd, 000247.733, 186
Trd, 000247.750, 184
Trd, 000248.017, 183
Trd, 000248.567, 181
Trd, 000248.800, 183
Trd, 000249.067, 180
Trd, 000250.283, 189
Trd, 000250.483, 186
Trd, 000251.567, 183
Trd, 000251.667, 181
Trd, 000252.267, 173
Trd, 000253.017, 175
Trd, 000253.783, 176
Trd, 000254.000, 175
Trd, 000254.150, 176
Trd, 000254.183, 177
Trd, 000254.683, 171
Trd, 000254.733, 179
Trd, 000255.000, 183
Trd, 000255.117, 190
Trd, 000256.567, 190
Trd, 000256.750, 187
Trd, 000257.083, 185
Trd, 000257.167, 183
Trd, 000257.417, 186
Trd, 000257.600, 181
Trd, 000257.867, 177
Trd, 000258.033, 181
Trd, 000259.583, 183
Trd, 000259.683, 179
Trd, 000259.950, 174
Trd, 000260.000, 183
Trd, 000260.400, 181
Trd, 000260.650, 182
Trd, 000260.900, 171
Trd, 000261.350, 176
Trd, 000261.533, 178
Trd, 000261.817, 191
Trd, 000262.250, 174
Trd, 000262.467, 170
Trd, 000262.733, 169
Trd, 000262.800, 165
Trd, 000264.633, 171
Trd, 000264.783, 172
Trd, 000265.017, 171
Trd, 000265.517, 173
Trd, 000265.567, 174
Trd, 000265.983, 170
Trd, 000266.333, 174
Trd, 000267.267, 168
Trd, 000267.583, 182
Trd, 000268.200, 176
Trd, 000268.900, 179
Trd, 000270.150, 185
Trd, 000270.283, 185
Trd, 000270.367, 195
Trd, 000270.667, 185
Trd, 000270.733, 180
Trd, 000271.350, 183
Trd, 000271.733, 184
Trd, 000271.750, 185
Trd, 000272.467, 179
Trd, 000273.100, 173
Trd, 000273.183, 175
Trd, 000273.533, 177
Trd, 000273.583, 180
Trd, 000273.650, 171
Trd, 000274.250, 175
Trd, 000275.167, 169
Trd, 000276.500, 166
Trd, 000276.583, 169
Trd, 000276.817, 172
Trd, 000277.267, 171
Trd, 000277.533, 162
Trd, 000277.767, 161
Trd, 000277.967, 175
Trd, 000278.233, 179
Trd, 000278.350, 185
Trd, 000278.950, 166
Trd, 000279.000, 189
Trd, 000279.917, 170
Trd, 000279.933, 176
Trd, 000280.433, 180
Trd, 000281.100, 181
Trd, 000281.750, 183
Trd, 000282.300, 186
Trd, 000282.883, 185
Trd, 000282.917, 193
Trd, 000283.233, 192
Trd, 000283.983, 168
Trd, 000284.150, 189
Trd, 000284.417, 196
Trd, 000285.633, 184
Trd, 000285.733, 187
Trd, 000285.783, 188
Trd, 000285.933, 189
Trd, 000285.983, 187
Trd, 000286.350, 190
Trd, 000286.917, 194
Trd, 000287.350, 185
Trd, 000287.783, 177
Trd, 000288.267, 187
Trd, 000288.767, 167
Trd, 000288.917, 175
Trd, 000289.533, 163
Trd, 000289.683, 170
Trd, 000290.233, 173
Trd, 000290.483, 173
Trd, 000291.117, 173
Trd, 000291.233, 177
Trd, 000291.800, 192
Trd, 000292.367, 183
Trd, 000292.400, 173
Trd, 000292.900, 173
Trd, 000293.283, 163
Trd, 000293.767, 168
Trd, 000294.450, 180
Trd, 000294.783, 172
Trd, 000294.950, 167
Trd, 000295.067, 194
Trd, 000295.383, 170
Trd, 000295.633, 188
Trd, 000296.500, 166
Trd, 000296.667, 195
Trd, 000296.683, 197
Trd, 000296.883, 187
Trd, 000297.300, 178
Trd, 000298.083, 185
Trd, 000298.500, 185
Trd, 000299.567, 179
Trd, 000299.983, 178
