Trd, 000002.633, 112
Trd, 000002.667, 159
Trd, 000004.300, 167
Trd, 000004.533, 166
Trd, 000005.650, 166
Trd, 000006.033, 161
Trd, 000006.517, 164
Trd, 000006.700, 165
Trd, 000007.117, 163
Trd, 000007.200, 162
Trd, 000008.567, 164
Trd, 000008.833, 159
Trd, 000008.900, 160
Trd, 000009.267, 159
Trd, 000010.033, 159
Trd, 000010.250, 160
Trd, 000010.367, 149
Trd, 000010.400, 164
Trd, 000010.950, 155
Trd, 000011.167, 159
Trd, 000012.650, 155
Trd, 000013.150, 157
Trd, 000013.567, 159
Trd, 000013.750, 156
Trd, 000015.550, 159
Trd, 000016.117, 158
Trd, 000017.367, 159
Trd, 000017.633, 161
Trd, 000017.867, 160
Trd, 000017.967, 159
Trd, 000018.000, 158
Trd, 000018.633, 161
Trd, 000019.800, 160
Trd, 000021.567, 161
Trd, 000022.417, 160
Trd, 000022.817, 159
Trd, 000022.983, 157
Trd, 000023.600, 160
Trd, 000023.967, 159
Trd, 000024.033, 161
Trd, 000024.333, 162
Trd, 000025.267, 159
Trd, 000026.767, 159
Trd, 000027.450, 160
Trd, 000027.767, 160
Trd, 000027.967, 149
Trd, 000028.817, 155
Trd, 000029.117, 156
Trd, 000029.300, 156
Trd, 000029.650, 157
Trd, 000030.350, 161
Trd, 000030.400, 161
Trd, 000031.050, 157
Trd, 000031.100, 162
Trd, 000031.883, 165
Trd, 000032.033, 165
Trd, 000032.433, 165
Trd, 000032.617, 165
Trd, 000033.850, 163
Trd, 000033.867, 165
Trd, 000034.633, 163
Trd, 000035.600, 162
Trd, 000036.767, 164
Trd, 000036.800, 163
Trd, 000037.217, 165
Trd, 000037.783, 166
Trd, 000038.383, 161
Trd, 000039.117, 164
Trd, 000040.067, 164
Trd, 000040.350, 162
Trd, 000040.483, 164
Trd, 000040.650, 164
Trd, 000041.150, 166
Trd, 000041.917, 164
Trd, 000042.467, 163
Trd, 000043.550, 164
Trd, 000044.533, 163
Trd, 000044.717, 162
Trd, 000045.067, 162
Trd, 000045.483, 162
Trd, 000046.267, 159
Trd, 000047.333, 161
Trd, 000048.083, 159
Trd, 000048.267, 162
Trd, 000048.883, 157
Trd, 000049.717, 158
Trd, 000050.017, 157
Trd, 000050.283, 161
Trd, 000050.733, 163
Trd, 000051.983, 161
Trd, 000052.333, 161
Trd, 000052.667, 161
Trd, 000053.267, 160
Trd, 000053.400, 161
Trd, 000053.533, 164
Trd, 000054.117, 159
Trd, 000054.500, 163
Trd, 000055.050, 167
Trd, 000055.867, 162
Trd, 000056.033, 157
Trd, 000056.600, 146
Trd, 000056.800, 162
Trd, 000058.017, 159
Trd, 000058.367, 158
Trd, 000058.417, 160
Trd, 000058.783, 157
Trd, 000060.183, 155
Trd, 000060.433, 154
Trd, 000060.933, 153
Trd, 000061.600, 156
Trd, 000061.650, 148
Trd, 000062.450, 156
Trd, 000062.667, 157
Trd, 000063.450, 156
Trd, 000063.900, 155
Trd, 000064.300, 157
Trd, 000064.883, 158
Trd, 000065.033, 158
Trd, 000065.433, 153
Trd, 000066.200, 157
Trd, 000066.883, 158
Trd, 000067.167, 157
Trd, 000067.983, 164
Trd, 000068.483, 161
Trd, 000068.767, 162
Trd, 000068.967, 162
Trd, 000069.000, 161
Trd, 000069.217, 164
Trd, 000069.683, 160
Trd, 000070.150, 155
Trd, 000070.767, 158
Trd, 000071.067, 157
Trd, 000072.083, 163
Trd, 000072.300, 164
Trd, 000074.200, 160
Trd, 000075.150, 159
Trd, 000075.283, 160
Trd, 000076.250, 162
Trd, 000076.283, 160
Trd, 000077.350, 159
Trd, 000077.817, 160
Trd, 000077.883, 159
Trd, 000078.200, 159
Trd, 000078.583, 159
Trd, 000078.750, 160
Trd, 000078.867, 166
Trd, 000078.933, 169
Trd, 000079.733, 167
Trd, 000081.017, 160
Trd, 000081.050, 168
Trd, 000082.433, 166
Trd, 000082.450, 166
Trd, 000083.817, 165
Trd, 000083.983, 166
Trd, 000084.283, 162
Trd, 000085.567, 165
Trd, 000085.617, 166
Trd, 000085.817, 162
Trd, 000086.000, 166
Trd, 000086.750, 166
Trd, 000086.883, 170
Trd, 000087.200, 171
Trd, 000087.450, 167
Trd, 000088.517, 169
Trd, 000089.150, 169
Trd, 000089.517, 167
Trd, 000089.900, 165
Trd, 000090.433, 166
Trd, 000092.300, 164
Trd, 000093.383, 167
Trd, 000094.817, 167
Trd, 000095.000, 168
Trd, 000095.617, 167
Trd, 000095.783, 163
Trd, 000096.300, 167
Trd, 000096.583, 165
Trd, 000096.833, 163
Trd, 000097.100, 164
Trd, 000097.433, 164
Trd, 000098.533, 164
Trd, 000098.733, 167
Trd, 000098.933, 172
Trd, 000099.067, 163
Trd, 000099.950, 161
Trd, 000100.500, 160
Trd, 000100.583, 162
Trd, 000100.967, 169
Trd, 000101.200, 172
Trd, 000102.600, 170
Trd, 000102.833, 169
Trd, 000103.800, 168
Trd, 000104.217, 166
Trd, 000104.483, 168
Trd, 000105.217, 165
Trd, 000105.383, 166
Trd, 000105.933, 166
Trd, 000106.333, 165
Trd, 000106.483, 163
Trd, 000107.267, 165
Trd, 000108.500, 163
Trd, 000108.667, 163
Trd, 000108.850, 163
Trd, 000109.033, 157
Trd, 000109.400, 168
Trd, 000110.100, 166
Trd, 000110.167, 156
Trd, 000110.200, 167
Trd, 000110.533, 157
Trd, 000110.650, 169
Trd, 000113.417, 165
Trd, 000113.783, 163
Trd, 000114.033, 162
Trd, 000114.067, 161
Trd, 000114.883, 162
Trd, 000115.017, 164
Trd, 000115.050, 165
Trd, 000116.767, 166
Trd, 000116.933, 168
Trd, 000117.183, 165
Trd, 000118.167, 164
Trd, 000119.233, 163
Trd, 000119.800, 162
Trd, 000119.967, 161
Trd, 000120.100, 163
Trd, 000120.217, 162
Trd, 000120.250, 170
Trd, 000120.933, 170
Trd, 000121.233, 162
Trd, 000122.117, 171
Trd, 000122.250, 174
Trd, 000123.133, 174
Trd, 000123.550, 191
Trd, 000123.733, 208
Trd, 000124.317, 293
Trd, 000124.417, 306.0
Trd, 000125.083, 331.0
Trd, 000125.533, 352
Trd, 000126.317, 351
Trd, 000126.750, 351
Trd, 000127.650, 351
Trd, 000127.950, 355
Trd, 000128.033, 358.0
Trd, 000128.117, 369
Trd, 000129.333, 360.0
Trd, 000129.667, 358.0
Trd, 000130.317, 361
Trd, 000132.383, 361
Trd, 000132.650, 361
Trd, 000132.950, 360
Trd, 000133.117, 358.0
Trd, 000133.500, 363
Trd, 000134.350, 364
Trd, 000134.433, 366
Trd, 000136.183, 365
Trd, 000136.417, 363.0
Trd, 000137.517, 362.0
Trd, 000137.683, 359
Trd, 000137.783, 358.0
Trd, 000138.950, 358.0
Trd, 000139.550, 356
Trd, 000139.667, 354
Trd, 000139.750, 359
Trd, 000140.767, 352
Trd, 000140.933, 350
Trd, 000141.133, 354
Trd, 000141.817, 348
Trd, 000141.917, 347
Trd, 000142.200, 352
Trd, 000142.367, 349
Trd, 000142.567, 352
Trd, 000143.567, 342.0
Trd, 000144.783, 347
Trd, 000145.183, 347
Trd, 000146.083, 347
Trd, 000146.500, 348
Trd, 000147.150, 347
Trd, 000147.883, 349
Trd, 000148.867, 350
Trd, 000148.967, 350
Trd, 000149.300, 348
Trd, 000149.900, 350
Trd, 000150.883, 350
Trd, 000151.017, 349
Trd, 000151.333, 351
Trd, 000151.933, 354
Trd, 000152.467, 349
Trd, 000152.550, 348
Trd, 000153.717, 352
Trd, 000153.783, 358.0
Trd, 000154.517, 352
Trd, 000154.683, 358
Trd, 000154.917, 354
Trd, 000155.833, 354
Trd, 000156.683, 354
Trd, 000157.533, 352
Trd, 000157.567, 350
Trd, 000158.900, 349
Trd, 000159.600, 352
Trd, 000159.783, 347
Trd, 000159.817, 349
Trd, 000160.750, 351
Trd, 000161.017, 351
Trd, 000161.400, 348
Trd, 000161.967, 349
Trd, 000162.083, 350
Trd, 000162.150, 348
Trd, 000163.233, 352
Trd, 000163.433, 351
Trd, 000163.517, 346
Trd, 000164.450, 353
Trd, 000164.500, 353
Trd, 000165.033, 352
Trd, 000165.833, 351
Trd, 000166.000, 355
Trd, 000167.183, 356
Trd, 000167.317, 353
Trd, 000167.533, 358.0
Trd, 000167.600, 359
Trd, 000168.933, 358.0
Trd, 000169.817, 353
Trd, 000170.400, 351
Trd, 000170.550, 352
Trd, 000170.567, 356
Trd, 000171.550, 352
Trd, 000171.817, 351
Trd, 000171.933, 351
Trd, 000173.083, 351
Trd, 000173.200, 353
Trd, 000173.433, 350
Trd, 000173.500, 350
Trd, 000173.550, 351
Trd, 000174.000, 348
Trd, 000175.383, 351
Trd, 000175.917, 349
Trd, 000178.250, 347
Trd, 000178.900, 349
Trd, 000179.983, 351
Trd, 000180.617, 347
Trd, 000180.667, 351
Trd, 000181.617, 350
Trd, 000181.783, 348
Trd, 000182.483, 346
Trd, 000182.500, 345
Trd, 000182.850, 341
Trd, 000183.100, 341.0
Trd, 000183.233, 334.0
Trd, 000183.400, 342
Trd, 000183.850, 331.0
Trd, 000183.933, 305
Trd, 000184.233, 281
Trd, 000185.083, 187
Trd, 000185.150, 186
Trd, 000186.233, 207
Trd, 000186.700, 195
Trd, 000186.800, 180
Trd, 000188.200, 179
Trd, 000188.933, 186
Trd, 000190.000, 184
Trd, 000190.683, 183
Trd, 000190.717, 181
Trd, 000190.883, 185
Trd, 000192.167, 182
Trd, 000192.267, 187
Trd, 000192.383, 181
Trd, 000192.717, 181
Trd, 000193.317, 178
Trd, 000195.350, 178
Trd, 000195.633, 181
Trd, 000196.083, 180
Trd, 000196.667, 181
Trd, 000196.833, 179
Trd, 000197.117, 179
Trd, 000197.517, 180
Trd, 000198.133, 180
Trd, 000198.650, 180
Trd, 000198.750, 179
Trd, 000199.367, 177
Trd, 000200.800, 175
Trd, 000200.850, 174
Trd, 000201.000, 173
Trd, 000201.350, 176
Trd, 000201.917, 167
Trd, 000202.350, 173
Trd, 000202.950, 171
Trd, 000203.383, 178
Trd, 000203.533, 182
Trd, 000203.600, 171
Trd, 000206.033, 180
Trd, 000206.333, 179
Trd, 000206.567, 177
Trd, 000206.750, 176
Trd, 000207.333, 178
Trd, 000207.700, 176
Trd, 000207.717, 178
Trd, 000208.267, 177
Trd, 000208.283, 183
Trd, 000209.350, 177
Trd, 000209.867, 177
Trd, 000210.183, 177
Trd, 000210.300, 173
Trd, 000211.300, 175
Trd, 000212.183, 176
Trd, 000212.217, 174
Trd, 000212.633, 179
Trd, 000213.667, 176
Trd, 000213.867, 172
Trd, 000214.867, 174
Trd, 000215.517, 173
Trd, 000215.583, 174
Trd, 000215.617, 175
Trd, 000216.067, 173
Trd, 000217.317, 175
Trd, 000217.517, 174
Trd, 000218.050, 172
Trd, 000218.133, 180
Trd, 000218.817, 184
Trd, 000219.567, 189
Trd, 000220.117, 180
Trd, 000220.583, 182
Trd, 000221.217, 182
Trd, 000222.283, 182
Trd, 000222.350, 180
Trd, 000222.467, 183
Trd, 000223.367, 184
Trd, 000223.617, 183
Trd, 000224.300, 180
Trd, 000224.500, 181
Trd, 000225.683, 181
Trd, 000226.017, 182
Trd, 000226.683, 182
Trd, 000226.950, 181
Trd, 000227.567, 181
Trd, 000227.683, 182
Trd, 000227.933, 183
Trd, 000228.600, 172
Trd, 000229.300, 183
Trd, 000229.483, 184
Trd, 000230.800, 180
Trd, 000231.983, 180
Trd, 000232.100, 180
Trd, 000232.300, 181
Trd, 000232.467, 178
Trd, 000232.583, 179
Trd, 000232.967, 176
Trd, 000234.300, 171
Trd, 000235.767, 177
Trd, 000236.367, 176
Trd, 000236.483, 175
Trd, 000237.167, 176
Trd, 000237.600, 175
Trd, 000237.667, 176
Trd, 000238.050, 174
Trd, 000238.417, 176
Trd, 000238.617, 177
Trd, 000238.967, 176
Trd, 000239.067, 177
Trd, 000240.317, 176
Trd, 000240.600, 175
Trd, 000240.700, 174
Trd, 000241.350, 174
Trd, 000241.750, 173
Trd, 000241.833, 171
Trd, 000241.867, 165
Trd, 000242.500, 171
Trd, 000242.800, 170
Trd, 000242.883, 171
Trd, 000243.167, 168
Trd, 000243.317, 169
Trd, 000243.783, 172
Trd, 000244.700, 172
Trd, 000244.867, 175
Trd, 000246.050, 174
Trd, 000246.283, 173
Trd, 000246.617, 173
Trd, 000247.050, 173
Trd, 000247.250, 174
Trd, 000247.300, 176
Trd, 000247.833, 172
Trd, 000248.150, 171
Trd, 000248.917, 170
Trd, 000249.117, 171
Trd, 000249.133, 170
Trd, 000249.433, 170
Trd, 000249.750, 173
Trd, 000249.917, 187
Trd, 000250.200, 179
Trd, 000250.367, 171
Trd, 000250.600, 175
Trd, 000251.083, 177
Trd, 000251.817, 179
Trd, 000251.850, 179
Trd, 000252.033, 178
Trd, 000252.383, 178
Trd, 000253.700, 172
Trd, 000254.150, 172
Trd, 000254.417, 171
Trd, 000254.717, 167
Trd, 000256.367, 164
Trd, 000256.583, 166
Trd, 000256.967, 168
Trd, 000257.250, 169
Trd, 000257.317, 174
Trd, 000257.633, 173
Trd, 000257.750, 173
Trd, 000258.017, 174
Trd, 000258.350, 173
Trd, 000258.450, 169
Trd, 000258.767, 170
Trd, 000259.000, 175
Trd, 000259.083, 177
Trd, 000260.300, 174
Trd, 000261.017, 178
Trd, 000261.083, 179
Trd, 000262.517, 178
Trd, 000263.300, 188
Trd, 000263.483, 183
Trd, 000263.550, 188
Trd, 000264.133, 187
Trd, 000264.150, 186
Trd, 000264.483, 189
Trd, 000265.217, 192
Trd, 000266.367, 185
Trd, 000266.550, 183
Trd, 000267.100, 182
Trd, 000267.550, 190
Trd, 000267.700, 183
Trd, 000268.033, 184
Trd, 000268.433, 183
Trd, 000268.650, 186
Trd, 000268.900, 194
Trd, 000269.650, 185
Trd, 000269.950, 190
Trd, 000270.267, 192
Trd, 000270.583, 187
Trd, 000270.717, 186
Trd, 000270.917, 189
Trd, 000271.267, 184
Trd, 000271.433, 185
Trd, 000272.117, 182
Trd, 000272.350, 181
Trd, 000272.633, 181
Trd, 000273.200, 182
Trd, 000273.900, 181
Trd, 000274.133, 181
Trd, 000274.300, 181
Trd, 000274.367, 184
Trd, 000274.450, 178
Trd, 000274.750, 174
Trd, 000275.000, 172
Trd, 000277.033, 173
Trd, 000277.100, 174
Trd, 000277.367, 182
Trd, 000277.833, 172
Trd, 000278.167, 180
Trd, 000278.583, 173
Trd, 000278.617, 178
Trd, 000278.717, 168
Trd, 000278.833, 174
Trd, 000279.017, 176
Trd, 000279.600, 178
Trd, 000279.950, 175
Trd, 000280.183, 173
Trd, 000280.867, 179
Trd, 000281.767, 170
Trd, 000281.850, 167
Trd, 000282.083, 166
Trd, 000282.633, 176
Trd, 000282.883, 167
Trd, 000283.050, 179
Trd, 000284.417, 180
Trd, 000284.433, 181
Trd, 000284.650, 175
Trd, 000285.350, 176
Trd, 000285.550, 175
Trd, 000285.833, 174
Trd, 000285.967, 173
Trd, 000286.500, 174
Trd, 000287.100, 174
Trd, 000287.133, 173
Trd, 000287.317, 174
Trd, 000287.717, 173
Trd, 000288.217, 180
Trd, 000288.300, 186
Trd, 000288.533, 178
Trd, 000289.600, 176
Trd, 000289.850, 179
Trd, 000290.100, 180
Trd, 000290.550, 178
Trd, 000291.450, 179
Trd, 000291.750, 180
Trd, 000291.967, 182
Trd, 000292.100, 178
Trd, 000292.383, 183
Trd, 000293.400, 185
Trd, 000293.517, 186
Trd, 000293.933, 186
Trd, 000294.483, 187
Trd, 000294.517, 185
Trd, 000295.617, 186
Trd, 000296.617, 180
Trd, 000296.733, 180
Trd, 000297.000, 182
Trd, 000297.033, 181
Trd, 000297.200, 177
Trd, 000297.567, 193
Trd, 000297.867, 188
Trd, 000298.400, 191
Trd, 000298.683, 188
Trd, 000298.767, 177
Trd, 000299.500, 187
Trd, 000299.967, 182
