Trd, 000001.117, 178
Trd, 000002.217, 152
Trd, 000002.433, 121
Trd, 000003.283, 181
Trd, 000003.883, 155
Trd, 000004.467, 169
Trd, 000005.000, 168
Trd, 000005.700, 151
Trd, 000006.067, 166
Trd, 000006.150, 162
Trd, 000006.883, 148
Trd, 000007.083, 168
Trd, 000007.350, 132
Trd, 000008.167, 149
Trd, 000008.250, 152
Trd, 000009.000, 166
Trd, 000009.133, 145
Trd, 000010.283, 148
Trd, 000010.750, 147
Trd, 000011.100, 147
Trd, 000011.267, 146
Trd, 000011.983, 147
Trd, 000012.067, 148
Trd, 000012.183, 148
Trd, 000012.433, 146
Trd, 000013.200, 148
Trd, 000013.267, 146
Trd, 000014.017, 150
Trd, 000016.183, 149
Trd, 000016.417, 150
Trd, 000017.150, 149
Trd, 000017.200, 150
Trd, 000018.350, 150
Trd, 000018.500, 151
Trd, 000018.633, 150
Trd, 000019.417, 151
Trd, 000020.400, 147
Trd, 000021.000, 149
Trd, 000021.083, 147
Trd, 000021.533, 167
Trd, 000021.750, 147
Trd, 000022.117, 156
Trd, 000022.717, 146
Trd, 000022.950, 146
Trd, 000023.150, 133
Trd, 000025.467, 146
Trd, 000025.833, 147
Trd, 000027.883, 149
Trd, 000028.133, 151
Trd, 000028.283, 151
Trd, 000028.617, 157
Trd, 000029.083, 155
Trd, 000030.300, 155
Trd, 000030.433, 153
Trd, 000030.683, 157
Trd, 000030.733, 154
Trd, 000030.850, 153
Trd, 000030.900, 157
Trd, 000033.200, 156
Trd, 000033.367, 154
Trd, 000033.983, 158
Trd, 000034.117, 153
Trd, 000035.383, 156
Trd, 000035.783, 156
Trd, 000036.033, 153
Trd, 000036.467, 157
Trd, 000037.050, 153
Trd, 000037.800, 154
Trd, 000037.817, 154
Trd, 000039.317, 154
Trd, 000039.383, 152
Trd, 000040.033, 155
Trd, 000040.633, 153
Trd, 000040.833, 153
Trd, 000041.333, 152
Trd, 000041.867, 153
Trd, 000042.433, 152
Trd, 000042.767, 151
Trd, 000043.633, 149
Trd, 000044.133, 149
Trd, 000044.350, 149
Trd, 000044.883, 149
Trd, 000045.733, 150
Trd, 000045.767, 148
Trd, 000046.317, 152
Trd, 000046.533, 157
Trd, 000047.183, 152
Trd, 000047.717, 157
Trd, 000047.800, 159
Trd, 000049.450, 154
Trd, 000050.050, 154
Trd, 000050.783, 155
Trd, 000051.450, 151
Trd, 000051.950, 154
Trd, 000052.100, 155
Trd, 000052.133, 153
Trd, 000052.867, 159
Trd, 000053.050, 154
Trd, 000053.917, 159
Trd, 000054.283, 156
Trd, 000054.817, 154
Trd, 000055.333, 158
Trd, 000055.933, 159
Trd, 000057.883, 157
Trd, 000058.117, 156
Trd, 000058.400, 159
Trd, 000058.450, 156
Trd, 000058.850, 157
Trd, 000058.983, 161
Trd, 000060.583, 158
Trd, 000061.083, 157
Trd, 000062.167, 156
Trd, 000062.367, 156
Trd, 000063.467, 156
Trd, 000063.883, 156
Trd, 000063.917, 157
Trd, 000064.433, 156
Trd, 000064.883, 157
Trd, 000065.000, 157
Trd, 000065.783, 156
Trd, 000066.400, 157
Trd, 000067.550, 156
Trd, 000068.100, 158
Trd, 000068.133, 157
Trd, 000068.567, 156
Trd, 000068.750, 154
Trd, 000069.700, 156
Trd, 000070.400, 155
Trd, 000070.450, 157
Trd, 000070.983, 155
Trd, 000071.167, 162
Trd, 000071.733, 158
Trd, 000072.267, 159
Trd, 000072.683, 172
Trd, 000074.300, 161
Trd, 000074.733, 162
Trd, 000075.000, 161
Trd, 000075.100, 161
Trd, 000075.533, 139
Trd, 000075.917, 140
Trd, 000077.233, 141
Trd, 000077.333, 157
Trd, 000077.700, 149
Trd, 000078.917, 151
Trd, 000079.233, 151
Trd, 000079.700, 152
Trd, 000079.867, 153
Trd, 000080.150, 154
Trd, 000080.567, 152
Trd, 000081.233, 154
Trd, 000082.033, 153
Trd, 000082.683, 152
Trd, 000083.017, 154
Trd, 000083.083, 154
Trd, 000083.700, 163
Trd, 000084.067, 156
Trd, 000086.767, 162
Trd, 000086.983, 162
Trd, 000087.350, 162
Trd, 000088.500, 163
Trd, 000088.800, 162
Trd, 000089.317, 161
Trd, 000089.933, 162
Trd, 000090.050, 163
Trd, 000090.783, 161
Trd, 000090.933, 160
Trd, 000091.217, 162
Trd, 000092.400, 160
Trd, 000092.517, 161
Trd, 000092.683, 162
Trd, 000094.400, 159
Trd, 000094.750, 162
Trd, 000095.033, 161
Trd, 000095.267, 160
Trd, 000096.033, 162
Trd, 000096.433, 162
Trd, 000097.250, 165
Trd, 000097.383, 175
Trd, 000097.550, 161
Trd, 000097.733, 160
Trd, 000098.850, 178
Trd, 000099.133, 168
Trd, 000099.167, 169
Trd, 000099.483, 168
Trd, 000099.517, 182
Trd, 000102.200, 170
Trd, 000102.300, 168
Trd, 000102.517, 166
Trd, 000103.250, 166
Trd, 000103.483, 167
Trd, 000103.717, 159
Trd, 000103.933, 166
Trd, 000106.450, 164
Trd, 000107.650, 163
Trd, 000107.700, 164
Trd, 000108.283, 163
Trd, 000109.117, 166
Trd, 000109.350, 164
Trd, 000109.400, 162
Trd, 000110.450, 163
Trd, 000110.483, 164
Trd, 000111.000, 164
Trd, 000111.650, 159
Trd, 000112.567, 164
Trd, 000113.133, 183
Trd, 000114.967, 180
Trd, 000115.333, 179
Trd, 000115.350, 175
Trd, 000115.433, 174
Trd, 000115.583, 173
Trd, 000115.600, 169
Trd, 000115.967, 169
Trd, 000116.683, 167
Trd, 000117.017, 171
Trd, 000117.867, 172
Trd, 000118.417, 172
Trd, 000119.000, 168
Trd, 000119.117, 172
Trd, 000120.267, 169
Trd, 000120.467, 167
Trd, 000120.800, 167
Trd, 000121.533, 168
Trd, 000121.900, 171
Trd, 000122.033, 167
Trd, 000122.083, 175
Trd, 000122.400, 167
Trd, 000122.650, 177
Trd, 000122.767, 187
Trd, 000123.083, 205
Trd, 000123.217, 212
Trd, 000123.233, 160
Trd, 000123.367, 214
Trd, 000123.850, 245
Trd, 000124.133, 322
Trd, 000124.350, 324.0
Trd, 000126.733, 327.0
Trd, 000128.200, 331.0
Trd, 000129.083, 337.0
Trd, 000129.383, 331.0
Trd, 000129.500, 330
Trd, 000129.850, 337.0
Trd, 000130.350, 337.0
Trd, 000130.883, 330
Trd, 000131.267, 341.0
Trd, 000132.100, 334
Trd, 000133.417, 338
Trd, 000134.083, 338
Trd, 000134.217, 337
Trd, 000134.583, 340.0
Trd, 000134.950, 340
Trd, 000135.617, 341.0
Trd, 000135.900, 347
Trd, 000137.183, 341
Trd, 000137.567, 342
Trd, 000137.633, 340
Trd, 000138.283, 343
Trd, 000139.183, 342
Trd, 000139.217, 338
Trd, 000140.033, 349
Trd, 000140.133, 351.0
Trd, 000141.417, 345
Trd, 000141.783, 345
Trd, 000142.133, 345
Trd, 000142.333, 350
Trd, 000142.533, 343
Trd, 000143.267, 342
Trd, 000143.550, 341
Trd, 000143.817, 365.0
Trd, 000145.317, 339
Trd, 000145.750, 343
Trd, 000146.967, 339
Trd, 000147.100, 340
Trd, 000148.083, 341.0
Trd, 000148.383, 341
Trd, 000149.183, 341
Trd, 000149.233, 341
Trd, 000149.850, 341
Trd, 000150.500, 343
Trd, 000150.600, 347
Trd, 000150.950, 342
Trd, 000151.450, 343
Trd, 000152.050, 342
Trd, 000152.083, 347
Trd, 000153.700, 346
Trd, 000154.383, 341
Trd, 000154.650, 340
Trd, 000155.083, 338
Trd, 000157.583, 344
Trd, 000158.350, 343
Trd, 000158.500, 344
Trd, 000158.817, 342
Trd, 000159.167, 343
Trd, 000159.367, 341
Trd, 000159.900, 345
Trd, 000160.367, 345
Trd, 000160.633, 341
Trd, 000160.800, 340
Trd, 000161.150, 345
Trd, 000161.600, 346
Trd, 000161.617, 344
Trd, 000162.033, 348
Trd, 000162.667, 348
Trd, 000162.700, 348.0
Trd, 000164.067, 355.0
Trd, 000164.083, 354
Trd, 000165.767, 355
Trd, 000165.933, 354
Trd, 000166.233, 363.0
Trd, 000166.717, 352
Trd, 000167.350, 349
Trd, 000167.383, 359
Trd, 000168.483, 349
Trd, 000169.000, 353
Trd, 000170.017, 354
Trd, 000170.500, 351
Trd, 000171.400, 349
Trd, 000171.983, 351
Trd, 000173.367, 348.0
Trd, 000173.467, 348
Trd, 000174.450, 343
Trd, 000174.583, 346
Trd, 000174.833, 335
Trd, 000175.483, 334
Trd, 000176.833, 343
Trd, 000177.333, 338
Trd, 000177.667, 339
Trd, 000178.100, 337
Trd, 000178.800, 336
Trd, 000179.333, 341
Trd, 000179.400, 341
Trd, 000179.850, 335
Trd, 000180.117, 341.0
Trd, 000181.267, 341
Trd, 000181.567, 337
Trd, 000181.983, 340
Trd, 000182.100, 340
Trd, 000182.717, 331.0
Trd, 000183.750, 300.0
Trd, 000183.817, 218
Trd, 000185.600, 206
Trd, 000185.733, 190
Trd, 000186.333, 194
Trd, 000186.433, 203
Trd, 000187.617, 193
Trd, 000187.883, 187
Trd, 000188.183, 183
Trd, 000188.233, 176
Trd, 000188.933, 180
Trd, 000189.383, 180
Trd, 000190.033, 184
Trd, 000190.417, 180
Trd, 000192.517, 178
Trd, 000193.317, 175
Trd, 000193.467, 174
Trd, 000194.250, 178
Trd, 000194.517, 172
Trd, 000195.417, 173
Trd, 000195.483, 168
Trd, 000196.417, 172
Trd, 000197.217, 172
Trd, 000197.700, 172
Trd, 000198.550, 171
Trd, 000198.800, 170
Trd, 000198.833, 173
Trd, 000198.950, 183
Trd, 000199.050, 184
Trd, 000199.200, 169
Trd, 000201.017, 168
Trd, 000202.200, 175
Trd, 000202.783, 170
Trd, 000203.533, 169
Trd, 000203.683, 173
Trd, 000204.633, 173
Trd, 000205.733, 171
Trd, 000206.350, 171
Trd, 000206.600, 171
Trd, 000207.333, 168
Trd, 000207.433, 172
Trd, 000207.467, 169
Trd, 000209.100, 169
Trd, 000209.183, 169
Trd, 000209.283, 170
Trd, 000209.667, 173
Trd, 000211.633, 173
Trd, 000211.717, 168
Trd, 000212.300, 168
Trd, 000213.300, 168
Trd, 000213.400, 168
Trd, 000214.000, 173
Trd, 000214.833, 168
Trd, 000215.533, 168
Trd, 000215.617, 168
Trd, 000216.283, 169
Trd, 000216.667, 153
Trd, 000216.817, 172
Trd, 000218.033, 172
Trd, 000218.500, 160
Trd, 000219.817, 170
Trd, 000220.517, 170
Trd, 000221.567, 171
Trd, 000221.583, 169
Trd, 000222.367, 171
Trd, 000222.683, 170
Trd, 000222.717, 187
Trd, 000223.817, 172
Trd, 000223.833, 171
Trd, 000224.417, 189
Trd, 000225.850, 176
Trd, 000226.450, 178
Trd, 000227.150, 187
Trd, 000227.950, 180
Trd, 000228.333, 179
Trd, 000228.433, 193
Trd, 000230.050, 181
Trd, 000230.267, 181
Trd, 000230.717, 180
Trd, 000231.367, 181
Trd, 000231.433, 182
Trd, 000231.950, 180
Trd, 000232.867, 179
Trd, 000233.267, 178
Trd, 000233.517, 180
Trd, 000234.733, 179
Trd, 000234.983, 178
Trd, 000235.583, 177
Trd, 000235.717, 176
Trd, 000236.433, 179
Trd, 000238.017, 179
Trd, 000238.567, 179
Trd, 000238.900, 177
Trd, 000239.483, 175
Trd, 000240.250, 176
Trd, 000240.383, 177
Trd, 000240.833, 177
Trd, 000240.917, 173
Trd, 000241.767, 179
Trd, 000242.767, 178
Trd, 000242.983, 176
Trd, 000243.100, 173
Trd, 000243.400, 172
Trd, 000243.783, 173
Trd, 000243.967, 172
Trd, 000244.400, 171
Trd, 000245.000, 173
Trd, 000245.967, 172
Trd, 000246.083, 171
Trd, 000246.183, 173
Trd, 000246.317, 177
Trd, 000248.117, 178
Trd, 000248.133, 179
Trd, 000248.467, 178
Trd, 000249.317, 177
Trd, 000249.433, 175
Trd, 000249.950, 181
Trd, 000250.267, 183
Trd, 000250.333, 175
Trd, 000250.917, 178
Trd, 000251.217, 183
Trd, 000251.800, 186
Trd, 000252.050, 181
Trd, 000252.683, 180
Trd, 000253.233, 182
Trd, 000253.317, 184
Trd, 000253.717, 181
Trd, 000253.817, 180
Trd, 000254.717, 183
Trd, 000255.117, 182
Trd, 000255.600, 183
Trd, 000255.650, 180
Trd, 000256.017, 190
Trd, 000257.533, 184
Trd, 000257.700, 183
Trd, 000257.717, 185
Trd, 000257.733, 182
Trd, 000257.867, 185
Trd, 000258.400, 164
Trd, 000258.567, 163
Trd, 000259.117, 183
Trd, 000259.583, 171
Trd, 000260.667, 179
Trd, 000260.850, 178
Trd, 000261.117, 179
Trd, 000261.333, 178
Trd, 000261.800, 177
Trd, 000262.033, 177
Trd, 000262.317, 164
Trd, 000264.500, 175
Trd, 000264.567, 175
Trd, 000264.683, 174
Trd, 000264.850, 175
Trd, 000264.933, 176
Trd, 000265.017, 176
Trd, 000265.450, 176
Trd, 000265.700, 181
Trd, 000266.933, 183
Trd, 000267.883, 181
Trd, 000267.967, 182
Trd, 000268.800, 181
Trd, 000269.317, 181
Trd, 000269.483, 180
Trd, 000269.600, 179
Trd, 000269.833, 181
Trd, 000269.983, 182
Trd, 000271.167, 183
Trd, 000271.333, 182
Trd, 000272.417, 184
Trd, 000272.683, 181
Trd, 000272.967, 180
Trd, 000273.717, 182
Trd, 000274.150, 185
Trd, 000275.583, 185
Trd, 000275.717, 185
Trd, 000276.083, 185
Trd, 000276.517, 183
Trd, 000277.633, 184
Trd, 000277.883, 183
Trd, 000278.017, 186
Trd, 000278.600, 186
Trd, 000278.733, 186
Trd, 000278.850, 188
Trd, 000278.900, 182
Trd, 000280.233, 182
Trd, 000280.633, 181
Trd, 000280.983, 180
Trd, 000282.000, 181
Trd, 000282.083, 180
Trd, 000282.367, 180
Trd, 000284.133, 183
Trd, 000284.550, 183
Trd, 000284.750, 182
Trd, 000284.917, 186
Trd, 000285.600, 182
Trd, 000287.700, 181
Trd, 000288.050, 179
Trd, 000288.467, 181
Trd, 000288.583, 182
Trd, 000288.817, 178
Trd, 000289.300, 181
Trd, 000290.067, 181
Trd, 000290.250, 178
Trd, 000290.917, 181
Trd, 000292.500, 183
Trd, 000292.767, 183
Trd, 000292.983, 183
Trd, 000293.183, 184
Trd, 000293.250, 180
Trd, 000293.500, 187
Trd, 000293.867, 177
Trd, 000295.083, 182
Trd, 000295.700, 184
Trd, 000295.950, 184
Trd, 000296.350, 190
Trd, 000296.583, 194
Trd, 000296.883, 182
Trd, 000297.283, 187
Trd, 000297.333, 184
Trd, 000297.433, 179
Trd, 000297.517, 188
Trd, 000297.533, 177
Trd, 000297.950, 195
Trd, 000299.283, 180
Trd, 000299.533, 193
Trd, 000299.567, 180
