Trd, 000000.900, 193
Trd, 000001.217, 128
Trd, 000002.367, 196
Trd, 000004.383, 150
Trd, 000004.767, 150
Trd, 000004.817, 149
Trd, 000004.933, 151
Trd, 000006.100, 149
Trd, 000006.200, 150
Trd, 000006.217, 155
Trd, 000006.433, 157
Trd, 000006.967, 150
Trd, 000007.083, 155
Trd, 000008.500, 166
Trd, 000008.683, 151
Trd, 000008.950, 152
Trd, 000011.683, 156
Trd, 000013.483, 153
Trd, 000013.800, 154
Trd, 000014.017, 152
Trd, 000014.083, 154
Trd, 000014.467, 154
Trd, 000014.533, 153
Trd, 000015.183, 151
Trd, 000015.767, 152
Trd, 000016.683, 154
Trd, 000017.067, 153
Trd, 000017.100, 143
Trd, 000018.350, 153
Trd, 000018.967, 151
Trd, 000019.383, 150
Trd, 000019.417, 148
Trd, 000020.167, 148
Trd, 000020.233, 145
Trd, 000022.717, 148
Trd, 000023.033, 147
Trd, 000023.517, 147
Trd, 000023.633, 149
Trd, 000024.033, 148
Trd, 000024.417, 147
Trd, 000024.550, 146
Trd, 000025.450, 143
Trd, 000025.617, 147
Trd, 000027.300, 146
Trd, 000027.600, 145
Trd, 000028.117, 146
Trd, 000028.267, 148
Trd, 000029.400, 147
Trd, 000029.567, 146
Trd, 000029.633, 149
Trd, 000031.417, 149
Trd, 000031.850, 154
Trd, 000032.417, 152
Trd, 000032.533, 153
Trd, 000034.750, 153
Trd, 000034.983, 150
Trd, 000035.583, 152
Trd, 000036.133, 151
Trd, 000036.300, 152
Trd, 000036.450, 150
Trd, 000038.250, 151
Trd, 000039.200, 150
Trd, 000039.300, 152
Trd, 000039.383, 154
Trd, 000039.583, 154
Trd, 000039.650, 160
Trd, 000040.450, 169
Trd, 000040.617, 152
Trd, 000041.350, 155
Trd, 000041.900, 152
Trd, 000042.800, 157
Trd, 000044.933, 153
Trd, 000045.150, 154
Trd, 000045.567, 153
Trd, 000045.683, 152
Trd, 000046.050, 154
Trd, 000046.267, 152
Trd, 000046.433, 145
Trd, 000046.867, 152
Trd, 000047.200, 152
Trd, 000047.783, 150
Trd, 000048.300, 151
Trd, 000048.833, 155
Trd, 000051.800, 152
Trd, 000051.900, 149
Trd, 000052.383, 148
Trd, 000052.750, 149
Trd, 000053.300, 149
Trd, 000053.633, 149
Trd, 000053.933, 149
Trd, 000055.133, 150
Trd, 000055.383, 156
Trd, 000055.417, 170
Trd, 000056.117, 159
Trd, 000056.400, 160
Trd, 000056.950, 160
Trd, 000057.317, 158
Trd, 000057.850, 157
Trd, 000057.883, 157
Trd, 000058.017, 161
Trd, 000058.150, 154
Trd, 000059.033, 157
Trd, 000059.783, 161
Trd, 000060.067, 160
Trd, 000060.200, 154
Trd, 000060.600, 147
Trd, 000061.800, 157
Trd, 000062.667, 156
Trd, 000064.267, 153
Trd, 000064.450, 155
Trd, 000064.783, 154
Trd, 000065.167, 154
Trd, 000066.117, 154
Trd, 000066.717, 153
Trd, 000067.567, 152
Trd, 000068.100, 152
Trd, 000068.750, 155
Trd, 000068.833, 147
Trd, 000069.767, 155
Trd, 000070.233, 164
Trd, 000070.383, 165
Trd, 000072.167, 158
Trd, 000072.950, 154
Trd, 000073.083, 156
Trd, 000073.567, 155
Trd, 000073.750, 155
Trd, 000074.450, 154
Trd, 000075.217, 157
Trd, 000075.367, 172
Trd, 000076.367, 151
Trd, 000076.983, 152
Trd, 000077.183, 157
Trd, 000077.833, 157
Trd, 000079.417, 156
Trd, 000079.433, 156
Trd, 000079.667, 155
Trd, 000079.867, 154
Trd, 000079.900, 158
Trd, 000080.233, 172
Trd, 000081.033, 173
Trd, 000081.467, 152
Trd, 000082.517, 152
Trd, 000083.300, 156
Trd, 000084.650, 154
Trd, 000084.767, 159
Trd, 000085.550, 154
Trd, 000086.017, 155
Trd, 000086.617, 154
Trd, 000086.983, 152
Trd, 000087.450, 153
Trd, 000088.250, 151
Trd, 000088.783, 154
Trd, 000089.017, 150
Trd, 000090.683, 151
Trd, 000090.867, 152
Trd, 000092.150, 152
Trd, 000092.333, 153
Trd, 000092.883, 150
Trd, 000093.050, 150
Trd, 000093.283, 151
Trd, 000094.483, 153
Trd, 000094.550, 153
Trd, 000094.950, 154
Trd, 000095.350, 152
Trd, 000096.800, 152
Trd, 000096.850, 153
Trd, 000097.967, 149
Trd, 000098.100, 160
Trd, 000098.667, 160
Trd, 000098.817, 160
Trd, 000098.950, 152
Trd, 000099.850, 160
Trd, 000101.133, 161
Trd, 000101.650, 158
Trd, 000102.617, 155
Trd, 000103.650, 156
Trd, 000104.833, 155
Trd, 000105.067, 156
Trd, 000105.267, 155
Trd, 000105.500, 157
Trd, 000105.867, 155
Trd, 000106.317, 154
Trd, 000107.283, 155
Trd, 000107.317, 154
Trd, 000107.350, 154
Trd, 000107.383, 162
Trd, 000107.467, 168
Trd, 000109.533, 159
Trd, 000109.833, 154
Trd, 000110.033, 149
Trd, 000112.367, 153
Trd, 000112.400, 152
Trd, 000113.200, 155
Trd, 000113.567, 155
Trd, 000114.033, 154
Trd, 000115.117, 154
Trd, 000115.667, 153
Trd, 000115.900, 151
Trd, 000116.033, 147
Trd, 000116.167, 153
Trd, 000117.500, 151
Trd, 000117.917, 151
Trd, 000117.933, 153
Trd, 000118.500, 162
Trd, 000119.000, 177
Trd, 000119.633, 164
Trd, 000119.900, 159
Trd, 000120.833, 158
Trd, 000121.033, 160
Trd, 000121.900, 159
Trd, 000121.917, 158
Trd, 000122.083, 160
Trd, 000122.683, 163
Trd, 000122.833, 170
Trd, 000122.917, 180
Trd, 000122.950, 201
Trd, 000124.183, 163
Trd, 000124.567, 286
Trd, 000124.817, 306.0
Trd, 000125.217, 324.0
Trd, 000126.150, 313.0
Trd, 000126.267, 327
Trd, 000126.567, 327
Trd, 000127.383, 318
Trd, 000128.283, 319
Trd, 000129.517, 322
Trd, 000129.817, 320
Trd, 000130.300, 321
Trd, 000130.383, 323
Trd, 000131.183, 324.0
Trd, 000131.867, 331.0
Trd, 000132.500, 337
Trd, 000132.917, 338
Trd, 000133.200, 330
Trd, 000134.533, 337
Trd, 000134.983, 341.0
Trd, 000135.083, 342
Trd, 000135.383, 337
Trd, 000135.700, 348
Trd, 000136.317, 349.0
Trd, 000137.167, 336
Trd, 000137.200, 347
Trd, 000137.633, 343
Trd, 000139.333, 339
Trd, 000139.650, 339
Trd, 000140.083, 342
Trd, 000140.183, 337
Trd, 000140.500, 340
Trd, 000140.767, 341
Trd, 000143.850, 338
Trd, 000144.167, 343
Trd, 000145.083, 344
Trd, 000145.567, 341.0
Trd, 000146.683, 343
Trd, 000146.900, 342
Trd, 000147.283, 342
Trd, 000148.333, 342
Trd, 000148.967, 343
Trd, 000150.250, 342
Trd, 000150.550, 341
Trd, 000150.767, 341.0
Trd, 000151.083, 342
Trd, 000151.400, 340
Trd, 000151.450, 337
Trd, 000151.683, 346
Trd, 000153.400, 343.0
Trd, 000153.417, 344
Trd, 000153.433, 341.0
Trd, 000153.817, 337
Trd, 000155.417, 351.0
Trd, 000156.700, 339
Trd, 000156.817, 349
Trd, 000157.267, 351
Trd, 000157.333, 358.0
Trd, 000157.850, 355
Trd, 000158.567, 345
Trd, 000159.083, 346
Trd, 000160.767, 347
Trd, 000161.317, 348
Trd, 000161.517, 344
Trd, 000161.667, 350.0
Trd, 000162.233, 349
Trd, 000162.567, 346
Trd, 000162.850, 341
Trd, 000162.900, 347
Trd, 000163.450, 338
Trd, 000164.667, 335
Trd, 000164.883, 335
Trd, 000164.933, 339
Trd, 000165.167, 342
Trd, 000166.517, 341
Trd, 000166.917, 334.0
Trd, 000167.867, 335
Trd, 000168.000, 350.0
Trd, 000168.633, 334.0
Trd, 000169.683, 341
Trd, 000170.717, 338
Trd, 000171.083, 338
Trd, 000171.267, 340
Trd, 000172.883, 339
Trd, 000172.983, 342
Trd, 000173.233, 340
Trd, 000173.367, 340
Trd, 000173.467, 343
Trd, 000175.300, 347
Trd, 000175.683, 346
Trd, 000176.383, 346
Trd, 000177.817, 346.0
Trd, 000178.433, 351.0
Trd, 000178.533, 351
Trd, 000179.917, 349
Trd, 000180.233, 348
Trd, 000181.650, 347
Trd, 000181.683, 348
Trd, 000181.733, 345
Trd, 000182.017, 343
Trd, 000182.533, 334.0
Trd, 000182.583, 331.0
Trd, 000183.217, 319
Trd, 000183.783, 306.0
Trd, 000184.067, 284
Trd, 000185.117, 273
Trd, 000185.733, 217
Trd, 000185.933, 214
Trd, 000186.433, 211
Trd, 000186.683, 193
Trd, 000186.700, 189
Trd, 000186.867, 184
Trd, 000187.050, 184
Trd, 000187.233, 181
Trd, 000187.667, 182
Trd, 000187.883, 184
Trd, 000187.917, 181
Trd, 000190.067, 176
Trd, 000191.733, 173
Trd, 000191.800, 170
Trd, 000192.183, 172
Trd, 000193.200, 173
Trd, 000194.050, 173
Trd, 000194.067, 170
Trd, 000194.583, 162
Trd, 000194.767, 161
Trd, 000195.800, 163
Trd, 000196.683, 168
Trd, 000196.750, 160
Trd, 000197.150, 168
Trd, 000198.567, 170
Trd, 000199.433, 168
Trd, 000200.000, 168
Trd, 000200.583, 168
Trd, 000200.800, 166
Trd, 000201.450, 169
Trd, 000201.800, 171
Trd, 000201.850, 178
Trd, 000204.417, 167
Trd, 000204.700, 168
Trd, 000205.050, 167
Trd, 000205.317, 167
Trd, 000205.667, 168
Trd, 000205.700, 170
Trd, 000208.300, 168
Trd, 000208.467, 169
Trd, 000208.850, 168
Trd, 000209.500, 167
Trd, 000210.000, 170
Trd, 000210.383, 170
Trd, 000212.483, 169
Trd, 000212.883, 168
Trd, 000213.233, 167
Trd, 000213.350, 169
Trd, 000213.400, 172
Trd, 000214.017, 166
Trd, 000214.300, 169
Trd, 000215.500, 169
Trd, 000216.233, 165
Trd, 000216.700, 166
Trd, 000217.017, 167
Trd, 000217.250, 168
Trd, 000218.683, 165
Trd, 000220.633, 167
Trd, 000221.200, 167
Trd, 000221.417, 167
Trd, 000221.767, 164
Trd, 000222.367, 167
Trd, 000222.950, 167
Trd, 000223.317, 165
Trd, 000224.150, 165
Trd, 000224.200, 168
Trd, 000224.850, 165
Trd, 000225.083, 166
Trd, 000225.783, 167
Trd, 000226.350, 165
Trd, 000227.317, 166
Trd, 000227.517, 165
Trd, 000228.750, 168
Trd, 000229.417, 169
Trd, 000229.883, 169
Trd, 000230.100, 170
Trd, 000232.383, 169
Trd, 000232.450, 171
Trd, 000232.650, 170
Trd, 000233.117, 171
Trd, 000233.583, 167
Trd, 000234.267, 171
Trd, 000234.800, 171
Trd, 000235.767, 170
Trd, 000235.883, 169
Trd, 000236.317, 170
Trd, 000236.550, 172
Trd, 000236.933, 188
Trd, 000237.400, 170
Trd, 000239.417, 171
Trd, 000239.683, 171
Trd, 000240.233, 172
Trd, 000240.417, 175
Trd, 000241.983, 173
Trd, 000242.333, 172
Trd, 000242.417, 172
Trd, 000242.800, 171
Trd, 000243.267, 171
Trd, 000243.483, 173
Trd, 000243.750, 182
Trd, 000244.233, 173
Trd, 000246.033, 174
Trd, 000246.317, 176
Trd, 000246.433, 176
Trd, 000247.750, 174
Trd, 000248.217, 176
Trd, 000248.550, 175
Trd, 000249.550, 176
Trd, 000249.650, 173
Trd, 000249.733, 176
Trd, 000251.283, 173
Trd, 000251.367, 174
Trd, 000252.050, 172
Trd, 000252.567, 170
Trd, 000253.050, 173
Trd, 000253.800, 172
Trd, 000254.433, 171
Trd, 000254.617, 176
Trd, 000256.950, 176
Trd, 000256.967, 176
Trd, 000257.000, 179
Trd, 000257.100, 175
Trd, 000257.533, 174
Trd, 000257.633, 183
Trd, 000257.933, 170
Trd, 000258.983, 174
Trd, 000259.450, 175
Trd, 000260.050, 174
Trd, 000260.150, 172
Trd, 000260.367, 177
Trd, 000261.400, 183
Trd, 000261.933, 175
Trd, 000262.850, 177
Trd, 000262.883, 175
Trd, 000264.000, 178
Trd, 000264.150, 179
Trd, 000265.617, 176
Trd, 000265.883, 177
Trd, 000266.133, 178
Trd, 000266.150, 181
Trd, 000266.683, 176
Trd, 000267.033, 181
Trd, 000267.967, 177
Trd, 000268.367, 178
Trd, 000268.667, 180
Trd, 000269.333, 180
Trd, 000269.617, 177
Trd, 000269.633, 179
Trd, 000269.983, 179
Trd, 000270.100, 176
Trd, 000270.433, 180
Trd, 000271.817, 183
Trd, 000273.533, 180
Trd, 000273.950, 178
Trd, 000274.633, 178
Trd, 000275.050, 179
Trd, 000275.550, 180
Trd, 000276.500, 178
Trd, 000276.550, 180
Trd, 000278.133, 179
Trd, 000278.450, 178
Trd, 000278.533, 181
Trd, 000278.833, 178
Trd, 000280.867, 180
Trd, 000281.450, 182
Trd, 000282.067, 178
Trd, 000282.150, 181
Trd, 000282.417, 180
Trd, 000282.717, 180
Trd, 000282.783, 181
Trd, 000283.367, 176
Trd, 000284.250, 179
Trd, 000284.317, 182
Trd, 000285.600, 178
Trd, 000286.267, 176
Trd, 000286.567, 177
Trd, 000286.867, 179
Trd, 000287.583, 177
Trd, 000287.733, 179
Trd, 000288.833, 177
Trd, 000289.133, 177
Trd, 000289.217, 179
Trd, 000289.567, 180
Trd, 000289.650, 179
Trd, 000289.867, 177
Trd, 000290.567, 176
Trd, 000291.700, 175
Trd, 000291.850, 177
Trd, 000292.883, 184
Trd, 000293.083, 176
Trd, 000294.317, 177
Trd, 000294.450, 178
Trd, 000294.483, 175
Trd, 000294.550, 180
Trd, 000295.017, 178
Trd, 000295.250, 179
Trd, 000296.850, 179
Trd, 000296.917, 178
Trd, 000297.717, 180
Trd, 000299.317, 181
