Trd, 000001.683, 152
Trd, 000003.133, 176
Trd, 000004.433, 176
Trd, 000004.617, 175
Trd, 000005.183, 169
Trd, 000006.000, 158
Trd, 000006.400, 171
Trd, 000007.333, 152
Trd, 000007.450, 152
Trd, 000008.233, 150
Trd, 000008.267, 157
Trd, 000009.600, 144
Trd, 000010.000, 156
Trd, 000010.550, 141
Trd, 000010.683, 153
Trd, 000010.717, 154
Trd, 000010.950, 152
Trd, 000011.950, 153
Trd, 000012.717, 147
Trd, 000012.867, 146
Trd, 000013.083, 154
Trd, 000014.183, 148
Trd, 000014.500, 150
Trd, 000014.667, 156
Trd, 000014.800, 148
Trd, 000015.333, 160
Trd, 000015.917, 156
Trd, 000016.117, 153
Trd, 000016.467, 145
Trd, 000017.083, 152
Trd, 000018.733, 152
Trd, 000019.117, 153
Trd, 000020.350, 133
Trd, 000020.617, 133
Trd, 000020.950, 132
Trd, 000021.033, 134
Trd, 000021.333, 148
Trd, 000021.517, 147
Trd, 000021.967, 146
Trd, 000022.317, 156
Trd, 000022.367, 146
Trd, 000022.567, 145
Trd, 000022.900, 157
Trd, 000023.083, 166
Trd, 000025.217, 158
Trd, 000025.633, 157
Trd, 000025.950, 157
Trd, 000025.967, 156
Trd, 000027.217, 167
Trd, 000027.500, 161
Trd, 000027.933, 155
Trd, 000028.500, 154
Trd, 000028.983, 170
Trd, 000029.967, 159
Trd, 000030.567, 157
Trd, 000030.617, 147
Trd, 000031.100, 153
Trd, 000031.417, 155
Trd, 000032.400, 151
Trd, 000032.983, 152
Trd, 000033.367, 150
Trd, 000033.383, 154
Trd, 000034.033, 153
Trd, 000034.167, 154
Trd, 000034.300, 149
Trd, 000034.933, 141
Trd, 000036.483, 162
Trd, 000036.967, 162
Trd, 000037.200, 161
Trd, 000037.350, 157
Trd, 000038.033, 158
Trd, 000038.200, 156
Trd, 000038.483, 157
Trd, 000039.067, 160
Trd, 000039.150, 156
Trd, 000039.383, 162
Trd, 000039.933, 159
Trd, 000040.033, 155
Trd, 000040.083, 161
Trd, 000041.283, 162
Trd, 000042.017, 162
Trd, 000042.100, 141
Trd, 000042.300, 140
Trd, 000043.433, 150
Trd, 000043.500, 169
Trd, 000044.217, 141
Trd, 000045.950, 158
Trd, 000046.183, 155
Trd, 000047.067, 157
Trd, 000047.300, 157
Trd, 000047.433, 157
Trd, 000047.833, 157
Trd, 000048.283, 158
Trd, 000048.367, 158
Trd, 000049.400, 156
Trd, 000050.250, 157
Trd, 000051.500, 157
Trd, 000052.217, 158
Trd, 000052.550, 160
Trd, 000053.650, 160
Trd, 000053.683, 157
Trd, 000053.750, 156
Trd, 000054.400, 157
Trd, 000054.767, 156
Trd, 000055.100, 158
Trd, 000055.150, 153
Trd, 000055.700, 143
Trd, 000055.817, 142
Trd, 000056.517, 158
Trd, 000057.750, 152
Trd, 000058.000, 161
Trd, 000058.333, 148
Trd, 000059.200, 151
Trd, 000059.550, 152
Trd, 000059.900, 152
Trd, 000060.967, 154
Trd, 000061.050, 164
Trd, 000061.100, 150
Trd, 000061.600, 149
Trd, 000062.700, 157
Trd, 000062.800, 150
Trd, 000062.883, 143
Trd, 000063.567, 162
Trd, 000065.533, 156
Trd, 000065.717, 154
Trd, 000065.900, 157
Trd, 000066.200, 158
Trd, 000066.833, 158
Trd, 000067.033, 164
Trd, 000067.300, 158
Trd, 000068.117, 160
Trd, 000068.150, 160
Trd, 000068.850, 160
Trd, 000069.050, 160
Trd, 000069.233, 162
Trd, 000069.433, 158
Trd, 000070.067, 161
Trd, 000070.517, 151
Trd, 000070.600, 162
Trd, 000071.217, 161
Trd, 000071.783, 146
Trd, 000072.217, 160
Trd, 000074.400, 166
Trd, 000074.533, 165
Trd, 000075.633, 158
Trd, 000075.867, 158
Trd, 000076.550, 153
Trd, 000077.050, 155
Trd, 000077.867, 160
Trd, 000077.900, 163
Trd, 000078.200, 157
Trd, 000078.767, 156
Trd, 000079.067, 163
Trd, 000079.300, 159
Trd, 000079.650, 152
Trd, 000079.733, 157
Trd, 000081.350, 160
Trd, 000081.483, 163
Trd, 000081.700, 160
Trd, 000082.617, 162
Trd, 000083.300, 161
Trd, 000083.367, 162
Trd, 000083.883, 159
Trd, 000084.617, 161
Trd, 000085.217, 159
Trd, 000085.533, 162
Trd, 000085.750, 159
Trd, 000085.983, 163
Trd, 000087.217, 161
Trd, 000087.283, 160
Trd, 000087.850, 160
Trd, 000088.767, 161
Trd, 000089.450, 164
Trd, 000090.067, 162
Trd, 000090.867, 164
Trd, 000091.517, 153
Trd, 000092.100, 163
Trd, 000092.617, 162
Trd, 000094.083, 164
Trd, 000094.917, 164
Trd, 000094.983, 161
Trd, 000095.033, 162
Trd, 000095.200, 161
Trd, 000095.583, 173
Trd, 000095.983, 162
Trd, 000096.900, 163
Trd, 000096.983, 160
Trd, 000097.133, 164
Trd, 000097.367, 166
Trd, 000097.767, 161
Trd, 000098.033, 159
Trd, 000098.833, 169
Trd, 000099.233, 169
Trd, 000100.167, 172
Trd, 000100.417, 162
Trd, 000101.000, 163
Trd, 000101.633, 163
Trd, 000102.450, 171
Trd, 000102.917, 168
Trd, 000103.633, 166
Trd, 000103.750, 166
Trd, 000103.950, 167
Trd, 000104.667, 167
Trd, 000105.633, 168
Trd, 000105.817, 168
Trd, 000106.167, 166
Trd, 000106.883, 168
Trd, 000107.317, 162
Trd, 000109.150, 172
Trd, 000109.400, 152
Trd, 000110.200, 164
Trd, 000110.350, 154
Trd, 000110.750, 161
Trd, 000111.033, 166
Trd, 000111.117, 161
Trd, 000111.467, 150
Trd, 000111.700, 169
Trd, 000111.950, 157
Trd, 000112.633, 156
Trd, 000113.767, 165
Trd, 000113.800, 166
Trd, 000114.700, 166
Trd, 000115.050, 164
Trd, 000115.333, 164
Trd, 000115.517, 162
Trd, 000115.783, 166
Trd, 000116.433, 167
Trd, 000117.100, 141
Trd, 000117.633, 153
Trd, 000118.817, 159
Trd, 000119.217, 156
Trd, 000119.550, 140
Trd, 000119.633, 165
Trd, 000121.083, 160
Trd, 000121.167, 162
Trd, 000121.367, 162
Trd, 000121.633, 162
Trd, 000121.817, 167
Trd, 000122.667, 174
Trd, 000123.617, 184
Trd, 000123.867, 192
Trd, 000124.150, 217
Trd, 000124.183, 300.0
Trd, 000125.200, 326
Trd, 000125.467, 331
Trd, 000125.700, 327
Trd, 000126.033, 327
Trd, 000126.817, 346
Trd, 000126.933, 329
Trd, 000127.417, 336
Trd, 000128.167, 337.0
Trd, 000128.667, 333
Trd, 000128.783, 331
Trd, 000129.083, 353.0
Trd, 000130.000, 332
Trd, 000130.683, 330
Trd, 000131.367, 343
Trd, 000132.667, 344
Trd, 000132.717, 342
Trd, 000133.733, 337.0
Trd, 000134.033, 344
Trd, 000134.217, 353
Trd, 000134.967, 354
Trd, 000135.200, 353
Trd, 000135.217, 342
Trd, 000136.083, 356
Trd, 000136.550, 352.0
Trd, 000137.100, 355.0
Trd, 000137.617, 353.0
Trd, 000137.733, 352.0
Trd, 000138.817, 352
Trd, 000138.900, 351.0
Trd, 000138.967, 350
Trd, 000139.233, 350
Trd, 000139.667, 344.0
Trd, 000139.800, 351.0
Trd, 000141.467, 349
Trd, 000141.517, 336
Trd, 000142.033, 337
Trd, 000142.733, 335
Trd, 000143.600, 328
Trd, 000144.000, 328
Trd, 000145.100, 330
Trd, 000148.167, 336
Trd, 000148.700, 337.0
Trd, 000148.950, 337
Trd, 000148.967, 365.0
Trd, 000149.850, 338
Trd, 000150.700, 339
Trd, 000151.050, 339
Trd, 000151.067, 337
Trd, 000151.550, 337
Trd, 000151.633, 342
Trd, 000151.783, 343
Trd, 000152.067, 336
Trd, 000152.483, 337.0
Trd, 000152.500, 336
Trd, 000153.067, 322
Trd, 000155.450, 336
Trd, 000155.667, 340
Trd, 000155.700, 346
Trd, 000156.733, 337
Trd, 000157.267, 340
Trd, 000158.850, 344
Trd, 000159.483, 341
Trd, 000159.733, 341
Trd, 000159.850, 343
Trd, 000160.283, 344
Trd, 000161.250, 340
Trd, 000162.767, 341
Trd, 000163.400, 344
Trd, 000163.417, 346
Trd, 000164.250, 342
Trd, 000165.117, 351
Trd, 000165.567, 344
Trd, 000165.783, 347
Trd, 000165.917, 344
Trd, 000166.483, 348
Trd, 000166.950, 344
Trd, 000167.233, 344
Trd, 000168.017, 342
Trd, 000168.283, 336
Trd, 000168.317, 360.0
Trd, 000168.350, 326
Trd, 000168.517, 362.0
Trd, 000169.833, 336.0
Trd, 000170.783, 331
Trd, 000171.133, 335.0
Trd, 000171.217, 327
Trd, 000171.300, 337.0
Trd, 000172.250, 329
Trd, 000173.450, 337
Trd, 000173.583, 337
Trd, 000175.033, 337.0
Trd, 000175.133, 344
Trd, 000175.900, 332
Trd, 000177.200, 340
Trd, 000177.233, 344
Trd, 000177.733, 341
Trd, 000177.883, 339
Trd, 000178.083, 347
Trd, 000178.500, 337
Trd, 000178.750, 348
Trd, 000179.033, 355.0
Trd, 000179.367, 328
Trd, 000181.183, 354
Trd, 000182.183, 344.0
Trd, 000182.833, 344
Trd, 000182.950, 343
Trd, 000183.200, 326
Trd, 000183.500, 313.0
Trd, 000183.550, 310.0
Trd, 000184.083, 300.0
Trd, 000184.467, 260
Trd, 000185.367, 208
Trd, 000185.983, 209
Trd, 000186.150, 207
Trd, 000186.650, 197
Trd, 000186.750, 197
Trd, 000187.000, 207
Trd, 000188.783, 170
Trd, 000188.833, 163
Trd, 000189.383, 158
Trd, 000189.633, 158
Trd, 000189.933, 160
Trd, 000190.617, 166
Trd, 000191.317, 165
Trd, 000191.550, 166
Trd, 000191.933, 165
Trd, 000192.967, 166
Trd, 000193.617, 174
Trd, 000194.050, 168
Trd, 000194.450, 170
Trd, 000194.800, 171
Trd, 000195.017, 170
Trd, 000195.217, 179
Trd, 000195.417, 169
Trd, 000195.733, 168
Trd, 000196.300, 180
Trd, 000198.217, 176
Trd, 000200.033, 174
Trd, 000200.133, 172
Trd, 000200.500, 171
Trd, 000200.633, 175
Trd, 000200.683, 171
Trd, 000200.750, 169
Trd, 000200.817, 175
Trd, 000202.217, 172
Trd, 000202.617, 184
Trd, 000202.967, 175
Trd, 000203.967, 173
Trd, 000204.800, 172
Trd, 000204.817, 171
Trd, 000204.900, 182
Trd, 000205.833, 180
Trd, 000206.433, 180
Trd, 000206.583, 182
Trd, 000207.083, 178
Trd, 000207.417, 182
Trd, 000207.600, 186
Trd, 000207.667, 181
Trd, 000209.450, 180
Trd, 000210.350, 179
Trd, 000211.400, 180
Trd, 000211.483, 179
Trd, 000211.567, 182
Trd, 000212.017, 179
Trd, 000212.333, 172
Trd, 000213.633, 166
Trd, 000213.750, 174
Trd, 000213.883, 175
Trd, 000214.017, 166
Trd, 000214.300, 165
Trd, 000215.400, 173
Trd, 000216.217, 174
Trd, 000216.717, 175
Trd, 000217.167, 185
Trd, 000217.867, 173
Trd, 000218.467, 172
Trd, 000218.917, 175
Trd, 000220.000, 175
Trd, 000220.050, 177
Trd, 000220.850, 174
Trd, 000221.033, 176
Trd, 000221.133, 177
Trd, 000221.233, 173
Trd, 000221.400, 158
Trd, 000222.533, 171
Trd, 000223.233, 153
Trd, 000223.983, 154
Trd, 000224.400, 155
Trd, 000224.517, 159
Trd, 000225.017, 165
Trd, 000225.383, 161
Trd, 000225.800, 166
Trd, 000227.333, 168
Trd, 000227.500, 167
Trd, 000228.133, 166
Trd, 000228.733, 168
Trd, 000229.450, 167
Trd, 000229.550, 173
Trd, 000230.083, 178
Trd, 000230.250, 185
Trd, 000230.533, 181
Trd, 000231.133, 171
Trd, 000232.133, 180
Trd, 000232.317, 185
Trd, 000233.900, 174
Trd, 000234.600, 182
Trd, 000234.617, 181
Trd, 000235.250, 181
Trd, 000236.450, 182
Trd, 000236.567, 175
Trd, 000237.167, 178
Trd, 000238.000, 182
Trd, 000238.817, 177
Trd, 000239.900, 178
Trd, 000240.117, 177
Trd, 000240.200, 176
Trd, 000240.367, 175
Trd, 000240.517, 178
Trd, 000240.800, 172
Trd, 000241.050, 172
Trd, 000241.150, 170
Trd, 000241.250, 171
Trd, 000241.950, 173
Trd, 000242.800, 174
Trd, 000243.067, 177
Trd, 000243.567, 175
Trd, 000244.550, 176
Trd, 000245.117, 175
Trd, 000245.733, 173
Trd, 000245.917, 176
Trd, 000246.250, 178
Trd, 000246.383, 180
Trd, 000246.467, 179
Trd, 000246.767, 179
Trd, 000247.117, 184
Trd, 000247.633, 184
Trd, 000248.067, 186
Trd, 000249.083, 186
Trd, 000249.700, 184
Trd, 000250.017, 183
Trd, 000250.433, 186
Trd, 000250.483, 187
Trd, 000250.683, 183
Trd, 000250.750, 173
Trd, 000251.067, 179
Trd, 000251.117, 186
Trd, 000252.867, 183
Trd, 000252.950, 182
Trd, 000253.950, 182
Trd, 000253.967, 176
Trd, 000254.033, 169
Trd, 000254.850, 178
Trd, 000255.100, 176
Trd, 000255.167, 179
Trd, 000255.667, 176
Trd, 000256.483, 174
Trd, 000256.833, 177
Trd, 000257.467, 177
Trd, 000257.750, 175
Trd, 000258.000, 175
Trd, 000258.917, 184
Trd, 000259.367, 184
Trd, 000259.750, 182
Trd, 000259.983, 179
Trd, 000260.300, 181
Trd, 000260.383, 179
Trd, 000261.617, 174
Trd, 000262.150, 170
Trd, 000262.700, 172
Trd, 000262.833, 174
Trd, 000263.167, 171
Trd, 000263.350, 174
Trd, 000264.250, 178
Trd, 000264.750, 181
Trd, 000264.933, 170
Trd, 000265.600, 188
Trd, 000265.917, 170
Trd, 000267.033, 176
Trd, 000267.083, 180
Trd, 000267.483, 179
Trd, 000267.617, 178
Trd, 000267.800, 177
Trd, 000267.883, 193
Trd, 000269.250, 184
Trd, 000269.483, 185
Trd, 000269.883, 186
Trd, 000270.300, 185
Trd, 000270.783, 183
Trd, 000270.917, 182
Trd, 000270.967, 179
Trd, 000272.450, 181
Trd, 000272.567, 180
Trd, 000272.733, 181
Trd, 000273.050, 179
Trd, 000273.450, 175
Trd, 000273.717, 181
Trd, 000273.900, 171
Trd, 000274.283, 181
Trd, 000274.433, 178
Trd, 000275.800, 176
Trd, 000275.867, 176
Trd, 000276.017, 175
Trd, 000276.050, 180
Trd, 000277.517, 178
Trd, 000277.667, 179
Trd, 000278.067, 182
Trd, 000278.317, 179
Trd, 000278.400, 183
Trd, 000278.600, 178
Trd, 000279.067, 190
Trd, 000279.167, 192
Trd, 000279.633, 189
Trd, 000279.700, 186
Trd, 000280.317, 185
Trd, 000280.967, 177
Trd, 000281.433, 176
Trd, 000281.517, 173
Trd, 000281.650, 179
Trd, 000282.100, 173
Trd, 000282.317, 179
Trd, 000283.050, 182
Trd, 000283.333, 176
Trd, 000283.800, 184
Trd, 000284.000, 179
Trd, 000285.800, 181
Trd, 000286.267, 183
Trd, 000286.417, 182
Trd, 000286.617, 180
Trd, 000286.633, 184
Trd, 000286.833, 179
Trd, 000287.050, 178
Trd, 000287.233, 172
Trd, 000287.750, 179
Trd, 000288.483, 196
Trd, 000288.567, 176
Trd, 000289.817, 194
Trd, 000289.917, 184
Trd, 000290.400, 189
Trd, 000290.517, 194
Trd, 000291.150, 183
Trd, 000291.250, 181
Trd, 000291.550, 180
Trd, 000291.700, 193
Trd, 000292.083, 182
Trd, 000292.317, 177
Trd, 000293.267, 173
Trd, 000293.317, 170
Trd, 000293.533, 165
Trd, 000294.800, 174
Trd, 000294.850, 175
Trd, 000294.900, 177
Trd, 000295.100, 184
Trd, 000296.233, 178
Trd, 000296.367, 178
Trd, 000296.617, 178
Trd, 000296.683, 187
Trd, 000296.883, 194
Trd, 000296.933, 179
Trd, 000297.417, 178
Trd, 000297.433, 195
Trd, 000297.567, 197
Trd, 000298.767, 189
Trd, 000298.917, 188
Trd, 000299.200, 190
Trd, 000299.350, 177
Trd, 000299.633, 188
