Trd, 000001.333, 144
Trd, 000001.917, 178
Trd, 000003.383, 168
Trd, 000003.683, 166
Trd, 000003.817, 158
Trd, 000004.117, 173
Trd, 000005.633, 157
Trd, 000006.017, 157
Trd, 000006.200, 158
Trd, 000006.633, 152
Trd, 000008.133, 157
Trd, 000008.167, 158
Trd, 000008.283, 162
Trd, 000009.267, 161
Trd, 000009.433, 156
Trd, 000009.567, 156
Trd, 000011.217, 162
Trd, 000011.867, 160
Trd, 000012.350, 161
Trd, 000012.683, 161
Trd, 000013.133, 160
Trd, 000013.233, 161
Trd, 000013.350, 159
Trd, 000014.483, 159
Trd, 000014.817, 152
Trd, 000015.117, 157
Trd, 000015.250, 159
Trd, 000015.417, 175
Trd, 000015.833, 159
Trd, 000016.817, 163
Trd, 000017.300, 149
Trd, 000017.650, 139
Trd, 000017.867, 150
Trd, 000017.983, 178
Trd, 000019.000, 157
Trd, 000021.250, 158
Trd, 000021.567, 155
Trd, 000022.533, 156
Trd, 000022.733, 158
Trd, 000022.750, 160
Trd, 000023.033, 161
Trd, 000024.367, 160
Trd, 000024.550, 157
Trd, 000024.867, 153
Trd, 000025.317, 152
Trd, 000025.550, 150
Trd, 000026.783, 144
Trd, 000026.933, 156
Trd, 000027.033, 158
Trd, 000027.067, 177
Trd, 000028.333, 142
Trd, 000029.700, 146
Trd, 000029.767, 147
Trd, 000030.533, 145
Trd, 000030.917, 149
Trd, 000030.933, 150
Trd, 000031.033, 152
Trd, 000031.183, 153
Trd, 000031.467, 154
Trd, 000032.033, 145
Trd, 000032.267, 153
Trd, 000032.650, 145
Trd, 000032.750, 143
Trd, 000033.300, 177
Trd, 000033.400, 140
Trd, 000033.733, 135
Trd, 000034.367, 162
Trd, 000035.200, 146
Trd, 000035.633, 147
Trd, 000036.017, 155
Trd, 000038.417, 157
Trd, 000038.617, 158
Trd, 000039.517, 157
Trd, 000039.567, 160
Trd, 000039.750, 156
Trd, 000040.617, 157
Trd, 000040.983, 155
Trd, 000041.783, 146
Trd, 000041.983, 148
Trd, 000042.067, 149
Trd, 000042.267, 155
Trd, 000042.300, 147
Trd, 000043.833, 151
Trd, 000043.933, 153
Trd, 000044.000, 149
Trd, 000044.783, 150
Trd, 000045.017, 150
Trd, 000045.183, 154
Trd, 000045.733, 149
Trd, 000046.317, 155
Trd, 000046.417, 145
Trd, 000046.833, 153
Trd, 000047.633, 154
Trd, 000048.167, 156
Trd, 000048.250, 144
Trd, 000048.817, 149
Trd, 000049.100, 148
Trd, 000050.017, 147
Trd, 000050.333, 147
Trd, 000050.733, 153
Trd, 000051.067, 153
Trd, 000051.850, 151
Trd, 000051.900, 153
Trd, 000052.633, 153
Trd, 000053.300, 150
Trd, 000054.717, 148
Trd, 000054.783, 149
Trd, 000056.117, 155
Trd, 000056.267, 153
Trd, 000056.700, 152
Trd, 000057.350, 153
Trd, 000057.767, 153
Trd, 000058.017, 154
Trd, 000058.467, 152
Trd, 000058.600, 157
Trd, 000058.800, 162
Trd, 000059.467, 146
Trd, 000060.683, 173
Trd, 000061.733, 146
Trd, 000061.933, 146
Trd, 000062.517, 146
Trd, 000062.800, 145
Trd, 000062.883, 180
Trd, 000063.150, 181
Trd, 000064.500, 156
Trd, 000065.067, 150
Trd, 000065.733, 156
Trd, 000065.817, 155
Trd, 000066.067, 156
Trd, 000066.900, 147
Trd, 000068.150, 153
Trd, 000069.267, 149
Trd, 000069.300, 151
Trd, 000069.317, 154
Trd, 000069.917, 158
Trd, 000070.383, 151
Trd, 000070.617, 163
Trd, 000070.767, 181
Trd, 000071.517, 182
Trd, 000071.700, 159
Trd, 000071.950, 166
Trd, 000072.233, 166
Trd, 000072.950, 159
Trd, 000073.550, 170
Trd, 000074.717, 167
Trd, 000075.167, 166
Trd, 000075.283, 165
Trd, 000076.417, 163
Trd, 000077.233, 164
Trd, 000077.717, 163
Trd, 000077.883, 164
Trd, 000078.467, 165
Trd, 000078.950, 159
Trd, 000079.350, 159
Trd, 000079.683, 167
Trd, 000079.750, 156
Trd, 000080.450, 172
Trd, 000081.700, 148
Trd, 000082.283, 157
Trd, 000083.233, 145
Trd, 000083.817, 155
Trd, 000083.933, 155
Trd, 000084.133, 156
Trd, 000085.083, 155
Trd, 000085.433, 154
Trd, 000085.450, 152
Trd, 000086.067, 153
Trd, 000086.167, 152
Trd, 000086.500, 154
Trd, 000086.967, 148
Trd, 000087.033, 155
Trd, 000087.350, 156
Trd, 000088.033, 165
Trd, 000088.500, 162
Trd, 000088.800, 162
Trd, 000089.233, 183
Trd, 000090.317, 164
Trd, 000090.400, 161
Trd, 000093.033, 169
Trd, 000093.383, 168
Trd, 000093.567, 167
Trd, 000093.767, 176
Trd, 000094.683, 167
Trd, 000095.400, 163
Trd, 000095.583, 172
Trd, 000095.600, 173
Trd, 000095.867, 172
Trd, 000096.017, 163
Trd, 000096.733, 149
Trd, 000097.183, 167
Trd, 000097.233, 171
Trd, 000097.267, 184
Trd, 000098.400, 170
Trd, 000098.650, 170
Trd, 000099.233, 159
Trd, 000099.983, 160
Trd, 000100.400, 159
Trd, 000101.200, 164
Trd, 000101.917, 161
Trd, 000102.667, 165
Trd, 000103.450, 162
Trd, 000103.933, 166
Trd, 000104.300, 166
Trd, 000104.400, 167
Trd, 000104.717, 164
Trd, 000105.650, 165
Trd, 000105.683, 162
Trd, 000105.950, 161
Trd, 000107.050, 162
Trd, 000107.800, 163
Trd, 000108.417, 162
Trd, 000108.483, 161
Trd, 000108.867, 158
Trd, 000110.050, 163
Trd, 000110.383, 152
Trd, 000110.700, 162
Trd, 000111.067, 154
Trd, 000111.417, 154
Trd, 000111.450, 155
Trd, 000111.850, 163
Trd, 000112.133, 186
Trd, 000113.083, 154
Trd, 000113.200, 155
Trd, 000113.817, 159
Trd, 000114.350, 157
Trd, 000114.500, 157
Trd, 000114.733, 158
Trd, 000116.167, 159
Trd, 000116.267, 159
Trd, 000116.850, 158
Trd, 000117.100, 161
Trd, 000117.250, 160
Trd, 000117.517, 167
Trd, 000119.833, 170
Trd, 000120.033, 163
Trd, 000120.117, 160
Trd, 000120.750, 169
Trd, 000121.417, 164
Trd, 000121.500, 165
Trd, 000122.283, 160
Trd, 000122.633, 159
Trd, 000122.833, 162
Trd, 000123.167, 187
Trd, 000123.400, 205
Trd, 000123.767, 232
Trd, 000124.650, 310.0
Trd, 000125.183, 320.0
Trd, 000125.683, 331.0
Trd, 000126.050, 303.0
Trd, 000126.367, 334.0
Trd, 000126.450, 337
Trd, 000127.317, 318.0
Trd, 000128.083, 334.0
Trd, 000128.567, 328
Trd, 000128.667, 327
Trd, 000129.217, 334
Trd, 000130.317, 336.0
Trd, 000130.917, 337.0
Trd, 000131.000, 344.0
Trd, 000131.650, 347
Trd, 000131.933, 347
Trd, 000132.283, 337.0
Trd, 000133.100, 344.0
Trd, 000134.767, 348
Trd, 000134.783, 351
Trd, 000135.750, 348.0
Trd, 000136.233, 351
Trd, 000136.500, 348.0
Trd, 000137.067, 339
Trd, 000138.283, 344.0
Trd, 000138.533, 348
Trd, 000138.600, 348
Trd, 000138.750, 349
Trd, 000138.933, 342
Trd, 000140.517, 342
Trd, 000141.333, 350
Trd, 000141.917, 352
Trd, 000142.667, 342
Trd, 000143.133, 339
Trd, 000144.400, 340.0
Trd, 000145.350, 344.0
Trd, 000145.917, 339
Trd, 000146.567, 341
Trd, 000146.717, 342
Trd, 000146.733, 340
Trd, 000147.017, 344
Trd, 000147.817, 343
Trd, 000148.017, 344.0
Trd, 000148.633, 351
Trd, 000148.717, 350
Trd, 000148.767, 337.0
Trd, 000149.250, 334.0
Trd, 000149.683, 350
Trd, 000150.100, 348.0
Trd, 000150.300, 337
Trd, 000150.317, 332
Trd, 000151.467, 349
Trd, 000151.733, 350
Trd, 000152.317, 348.0
Trd, 000152.517, 351
Trd, 000152.700, 350
Trd, 000153.000, 334.0
Trd, 000153.050, 313.0
Trd, 000154.167, 358.0
Trd, 000155.550, 353.0
Trd, 000156.850, 352.0
Trd, 000157.300, 354
Trd, 000157.333, 351.0
Trd, 000157.383, 348.0
Trd, 000157.617, 356
Trd, 000157.750, 340
Trd, 000158.000, 337.0
Trd, 000158.917, 350
Trd, 000160.183, 350
Trd, 000161.633, 344.0
Trd, 000162.417, 343
Trd, 000162.467, 344
Trd, 000162.733, 346
Trd, 000162.750, 351
Trd, 000162.850, 353
Trd, 000163.217, 357
Trd, 000163.967, 346
Trd, 000166.033, 353
Trd, 000166.350, 352
Trd, 000166.433, 350
Trd, 000166.833, 341
Trd, 000167.183, 339
Trd, 000167.200, 353
Trd, 000168.217, 347
Trd, 000168.683, 338.0
Trd, 000168.767, 337.0
Trd, 000170.717, 340
Trd, 000171.200, 342
Trd, 000171.767, 342
Trd, 000172.100, 339
Trd, 000172.283, 344.0
Trd, 000172.517, 348
Trd, 000172.967, 351
Trd, 000173.200, 340
Trd, 000173.833, 337
Trd, 000174.117, 337
Trd, 000174.267, 336
Trd, 000175.383, 350
Trd, 000175.933, 351
Trd, 000176.317, 347
Trd, 000177.133, 340.0
Trd, 000178.667, 344.0
Trd, 000179.067, 345
Trd, 000179.233, 346
Trd, 000180.467, 346
Trd, 000180.767, 346
Trd, 000180.867, 347
Trd, 000181.433, 348
Trd, 000181.617, 347
Trd, 000182.233, 346
Trd, 000182.333, 337
Trd, 000182.850, 331.0
Trd, 000182.917, 313.0
Trd, 000183.100, 308
Trd, 000183.117, 289
Trd, 000183.167, 192
Trd, 000183.467, 180
Trd, 000183.967, 166
Trd, 000184.067, 144
Trd, 000186.550, 197
Trd, 000187.367, 194
Trd, 000188.350, 178
Trd, 000188.867, 185
Trd, 000189.100, 184
Trd, 000189.867, 176
Trd, 000190.567, 180
Trd, 000191.567, 181
Trd, 000191.667, 175
Trd, 000192.200, 178
Trd, 000192.267, 178
Trd, 000192.383, 179
Trd, 000192.517, 177
Trd, 000192.967, 180
Trd, 000193.300, 179
Trd, 000193.333, 177
Trd, 000193.533, 179
Trd, 000194.517, 170
Trd, 000195.100, 172
Trd, 000195.233, 171
Trd, 000198.300, 174
Trd, 000198.383, 171
Trd, 000198.917, 171
Trd, 000199.133, 175
Trd, 000199.733, 175
Trd, 000200.317, 171
Trd, 000200.783, 177
Trd, 000201.033, 169
Trd, 000201.583, 176
Trd, 000201.633, 169
Trd, 000202.633, 170
Trd, 000203.717, 173
Trd, 000203.867, 172
Trd, 000203.967, 170
Trd, 000204.383, 169
Trd, 000205.267, 171
Trd, 000205.650, 172
Trd, 000207.533, 172
Trd, 000207.833, 168
Trd, 000208.050, 173
Trd, 000208.433, 173
Trd, 000209.267, 172
Trd, 000209.483, 174
Trd, 000209.967, 176
Trd, 000210.350, 174
Trd, 000211.483, 172
Trd, 000211.567, 171
Trd, 000211.583, 194
Trd, 000212.167, 169
Trd, 000212.783, 159
Trd, 000213.450, 177
Trd, 000213.633, 176
Trd, 000214.000, 169
Trd, 000214.700, 162
Trd, 000215.633, 173
Trd, 000216.283, 174
Trd, 000217.217, 173
Trd, 000217.250, 176
Trd, 000218.400, 176
Trd, 000218.917, 173
Trd, 000219.600, 173
Trd, 000220.150, 172
Trd, 000220.833, 174
Trd, 000221.300, 165
Trd, 000221.450, 175
Trd, 000221.517, 163
Trd, 000223.367, 172
Trd, 000224.150, 172
Trd, 000224.400, 171
Trd, 000224.650, 173
Trd, 000226.167, 177
Trd, 000226.367, 181
Trd, 000226.717, 185
Trd, 000227.467, 184
Trd, 000228.400, 184
Trd, 000229.217, 185
Trd, 000229.783, 181
Trd, 000230.933, 183
Trd, 000231.050, 183
Trd, 000231.233, 182
Trd, 000231.333, 171
Trd, 000231.950, 162
Trd, 000232.083, 174
Trd, 000232.333, 173
Trd, 000234.000, 164
Trd, 000234.033, 163
Trd, 000234.133, 176
Trd, 000234.750, 175
Trd, 000235.600, 174
Trd, 000236.050, 171
Trd, 000236.900, 176
Trd, 000237.200, 176
Trd, 000237.450, 175
Trd, 000237.517, 179
Trd, 000237.983, 172
Trd, 000238.383, 179
Trd, 000238.717, 163
Trd, 000239.117, 191
Trd, 000239.333, 208
Trd, 000240.100, 192
Trd, 000240.800, 177
Trd, 000241.150, 177
Trd, 000241.433, 177
Trd, 000241.750, 188
Trd, 000242.233, 178
Trd, 000242.833, 178
Trd, 000243.150, 177
Trd, 000243.183, 178
Trd, 000243.817, 175
Trd, 000243.950, 172
Trd, 000244.317, 169
Trd, 000244.783, 175
Trd, 000245.433, 175
Trd, 000245.667, 178
Trd, 000245.683, 179
Trd, 000246.133, 170
Trd, 000246.867, 179
Trd, 000247.100, 180
Trd, 000247.933, 175
Trd, 000248.233, 178
Trd, 000248.483, 169
Trd, 000248.917, 173
Trd, 000249.817, 172
Trd, 000250.183, 173
Trd, 000250.317, 176
Trd, 000250.417, 174
Trd, 000250.650, 173
Trd, 000250.967, 177
Trd, 000251.400, 180
Trd, 000252.050, 176
Trd, 000252.517, 175
Trd, 000252.850, 169
Trd, 000253.283, 171
Trd, 000253.317, 172
Trd, 000253.433, 165
Trd, 000253.567, 172
Trd, 000254.717, 169
Trd, 000255.833, 173
Trd, 000256.000, 173
Trd, 000256.183, 174
Trd, 000256.433, 175
Trd, 000256.517, 174
Trd, 000256.650, 176
Trd, 000257.000, 180
Trd, 000257.633, 180
Trd, 000258.150, 181
Trd, 000258.233, 178
Trd, 000258.283, 172
Trd, 000259.217, 175
Trd, 000259.583, 175
Trd, 000260.300, 176
Trd, 000260.633, 174
Trd, 000260.683, 173
Trd, 000260.733, 177
Trd, 000261.317, 168
Trd, 000261.833, 170
Trd, 000261.867, 163
Trd, 000262.283, 172
Trd, 000263.217, 170
Trd, 000263.350, 172
Trd, 000263.667, 173
Trd, 000264.150, 173
Trd, 000264.517, 194
Trd, 000265.117, 174
Trd, 000266.900, 179
Trd, 000267.333, 181
Trd, 000267.417, 177
Trd, 000267.667, 180
Trd, 000267.700, 176
Trd, 000267.917, 176
Trd, 000268.800, 178
Trd, 000268.867, 179
Trd, 000269.617, 177
Trd, 000269.783, 175
Trd, 000269.950, 178
Trd, 000270.783, 175
Trd, 000271.167, 177
Trd, 000271.433, 174
Trd, 000271.700, 177
Trd, 000271.850, 171
Trd, 000272.667, 169
Trd, 000272.933, 171
Trd, 000273.067, 175
Trd, 000273.317, 175
Trd, 000274.067, 175
Trd, 000274.250, 174
Trd, 000274.767, 178
Trd, 000276.067, 175
Trd, 000276.233, 179
Trd, 000276.250, 181
Trd, 000276.933, 177
Trd, 000277.333, 178
Trd, 000278.000, 173
Trd, 000278.317, 173
Trd, 000279.050, 190
Trd, 000279.250, 174
Trd, 000279.467, 181
Trd, 000279.567, 182
Trd, 000280.533, 178
Trd, 000280.617, 177
Trd, 000280.633, 180
Trd, 000280.683, 181
Trd, 000281.200, 176
Trd, 000281.767, 172
Trd, 000281.967, 180
Trd, 000282.367, 168
Trd, 000282.517, 181
Trd, 000282.867, 162
Trd, 000282.967, 161
Trd, 000283.500, 177
Trd, 000284.383, 178
Trd, 000284.550, 176
Trd, 000284.600, 177
Trd, 000284.667, 183
Trd, 000285.017, 173
Trd, 000286.583, 187
Trd, 000286.833, 186
Trd, 000287.450, 178
Trd, 000287.550, 184
Trd, 000287.733, 177
Trd, 000287.800, 185
Trd, 000288.983, 186
Trd, 000289.533, 187
Trd, 000290.417, 187
Trd, 000290.517, 187
Trd, 000291.033, 185
Trd, 000291.417, 187
Trd, 000291.433, 188
Trd, 000291.800, 184
Trd, 000292.317, 180
Trd, 000293.100, 173
Trd, 000293.183, 186
Trd, 000293.400, 166
Trd, 000293.483, 183
Trd, 000294.217, 183
Trd, 000294.283, 182
Trd, 000294.800, 183
Trd, 000295.050, 166
Trd, 000295.067, 183
Trd, 000295.883, 182
Trd, 000296.017, 180
Trd, 000297.300, 181
Trd, 000297.683, 182
Trd, 000297.967, 181
Trd, 000298.650, 181
Trd, 000298.767, 166
Trd, 000299.567, 180
Trd, 000299.650, 182
Trd, 000299.867, 179
