Trd, 000001.150, 131
Trd, 000001.583, 143
Trd, 000002.083, 162
Trd, 000004.700, 176
Trd, 000004.933, 168
Trd, 000005.017, 153
Trd, 000005.100, 176
Trd, 000005.233, 143
Trd, 000005.600, 161
Trd, 000006.400, 157
Trd, 000006.967, 172
Trd, 000007.367, 176
Trd, 000008.550, 167
Trd, 000008.750, 170
Trd, 000009.083, 159
Trd, 000009.233, 156
Trd, 000010.933, 152
Trd, 000011.100, 157
Trd, 000011.500, 155
Trd, 000013.150, 155
Trd, 000013.333, 154
Trd, 000013.650, 149
Trd, 000014.450, 153
Trd, 000014.867, 154
Trd, 000015.000, 153
Trd, 000015.283, 156
Trd, 000015.383, 163
Trd, 000015.567, 166
Trd, 000016.217, 159
Trd, 000016.783, 160
Trd, 000017.600, 162
Trd, 000018.067, 164
Trd, 000018.200, 167
Trd, 000018.317, 162
Trd, 000019.217, 161
Trd, 000020.933, 161
Trd, 000021.133, 160
Trd, 000021.633, 162
Trd, 000021.650, 163
Trd, 000021.717, 164
Trd, 000022.083, 160
Trd, 000022.500, 162
Trd, 000023.867, 160
Trd, 000024.550, 161
Trd, 000024.583, 149
Trd, 000025.633, 153
Trd, 000026.633, 149
Trd, 000026.933, 148
Trd, 000027.267, 149
Trd, 000027.400, 148
Trd, 000027.533, 154
Trd, 000028.567, 150
Trd, 000028.583, 150
Trd, 000028.783, 151
Trd, 000029.400, 152
Trd, 000031.650, 154
Trd, 000031.967, 158
Trd, 000032.300, 154
Trd, 000032.417, 154
Trd, 000032.500, 155
Trd, 000033.317, 153
Trd, 000033.967, 156
Trd, 000034.250, 162
Trd, 000034.517, 163
Trd, 000034.933, 153
Trd, 000035.283, 153
Trd, 000035.683, 154
Trd, 000036.867, 162
Trd, 000037.400, 151
Trd, 000038.033, 161
Trd, 000038.100, 165
Trd, 000040.267, 155
Trd, 000040.650, 156
Trd, 000041.117, 156
Trd, 000041.667, 156
Trd, 000043.067, 157
Trd, 000043.767, 158
Trd, 000043.950, 159
Trd, 000043.983, 159
Trd, 000044.367, 158
Trd, 000045.183, 159
Trd, 000045.667, 165
Trd, 000047.133, 162
Trd, 000047.733, 160
Trd, 000047.767, 163
Trd, 000047.967, 157
Trd, 000048.683, 159
Trd, 000048.950, 151
Trd, 000049.917, 154
Trd, 000050.233, 150
Trd, 000050.850, 155
Trd, 000051.017, 155
Trd, 000052.250, 156
Trd, 000053.083, 156
Trd, 000053.333, 159
Trd, 000054.433, 157
Trd, 000054.550, 160
Trd, 000055.617, 158
Trd, 000056.217, 156
Trd, 000056.650, 153
Trd, 000056.867, 159
Trd, 000057.800, 157
Trd, 000058.517, 157
Trd, 000060.250, 155
Trd, 000060.533, 157
Trd, 000060.833, 157
Trd, 000061.633, 156
Trd, 000061.933, 161
Trd, 000062.317, 155
Trd, 000063.083, 158
Trd, 000063.783, 155
Trd, 000064.017, 156
Trd, 000064.233, 156
Trd, 000065.183, 156
Trd, 000065.217, 157
Trd, 000065.267, 155
Trd, 000065.633, 153
Trd, 000066.750, 162
Trd, 000067.333, 155
Trd, 000068.017, 155
Trd, 000068.417, 155
Trd, 000069.333, 155
Trd, 000069.500, 155
Trd, 000070.883, 155
Trd, 000071.850, 155
Trd, 000072.483, 156
Trd, 000072.550, 158
Trd, 000072.617, 157
Trd, 000072.983, 150
Trd, 000073.233, 144
Trd, 000073.767, 162
Trd, 000074.433, 168
Trd, 000075.150, 158
Trd, 000075.633, 154
Trd, 000076.250, 158
Trd, 000077.167, 159
Trd, 000077.317, 159
Trd, 000078.133, 169
Trd, 000079.133, 170
Trd, 000080.333, 163
Trd, 000080.500, 161
Trd, 000080.983, 164
Trd, 000081.650, 172
Trd, 000082.267, 168
Trd, 000082.283, 170
Trd, 000082.633, 162
Trd, 000083.617, 167
Trd, 000084.183, 170
Trd, 000084.267, 171
Trd, 000084.383, 163
Trd, 000085.200, 162
Trd, 000087.250, 164
Trd, 000087.617, 164
Trd, 000088.133, 165
Trd, 000088.450, 164
Trd, 000088.700, 166
Trd, 000089.067, 165
Trd, 000089.500, 157
Trd, 000090.033, 163
Trd, 000090.517, 162
Trd, 000091.317, 162
Trd, 000091.450, 164
Trd, 000091.550, 162
Trd, 000091.817, 163
Trd, 000093.417, 171
Trd, 000094.350, 162
Trd, 000096.350, 162
Trd, 000096.383, 163
Trd, 000097.050, 163
Trd, 000097.917, 161
Trd, 000098.300, 162
Trd, 000098.317, 163
Trd, 000099.500, 163
Trd, 000099.717, 165
Trd, 000100.533, 165
Trd, 000100.583, 166
Trd, 000101.183, 166
Trd, 000101.733, 165
Trd, 000101.933, 166
Trd, 000102.150, 165
Trd, 000102.300, 172
Trd, 000102.667, 175
Trd, 000102.967, 157
Trd, 000103.967, 167
Trd, 000104.750, 167
Trd, 000105.400, 161
Trd, 000106.433, 164
Trd, 000106.783, 165
Trd, 000107.500, 165
Trd, 000107.617, 165
Trd, 000108.167, 166
Trd, 000108.633, 167
Trd, 000109.017, 172
Trd, 000109.733, 171
Trd, 000110.700, 170
Trd, 000111.217, 167
Trd, 000111.667, 171
Trd, 000111.983, 172
Trd, 000112.183, 173
Trd, 000112.717, 172
Trd, 000113.233, 179
Trd, 000113.300, 181
Trd, 000113.550, 186
Trd, 000114.067, 172
Trd, 000114.517, 171
Trd, 000114.533, 169
Trd, 000116.867, 164
Trd, 000117.133, 170
Trd, 000118.700, 166
Trd, 000119.117, 164
Trd, 000119.133, 160
Trd, 000120.350, 163
Trd, 000120.417, 165
Trd, 000120.633, 165
Trd, 000120.767, 167
Trd, 000121.833, 168
Trd, 000121.933, 167
Trd, 000122.433, 174
Trd, 000122.683, 177
Trd, 000123.000, 194
Trd, 000123.417, 297
Trd, 000123.883, 324
Trd, 000124.283, 342
Trd, 000124.400, 342
Trd, 000125.000, 343
Trd, 000125.050, 349
Trd, 000126.500, 337.0
Trd, 000126.967, 351
Trd, 000126.983, 355.0
Trd, 000129.150, 355
Trd, 000130.233, 341
Trd, 000130.367, 343
Trd, 000130.567, 346
Trd, 000131.950, 348
Trd, 000132.083, 351
Trd, 000132.250, 351.0
Trd, 000133.050, 354
Trd, 000134.150, 364.0
Trd, 000135.233, 354.0
Trd, 000135.867, 353
Trd, 000135.933, 355.0
Trd, 000136.467, 358
Trd, 000137.083, 354
Trd, 000137.700, 351
Trd, 000138.200, 355.0
Trd, 000138.333, 351.0
Trd, 000139.233, 347
Trd, 000139.600, 351
Trd, 000140.150, 352
Trd, 000140.200, 354
Trd, 000140.283, 333
Trd, 000140.800, 355
Trd, 000143.250, 351.0
Trd, 000143.933, 348
Trd, 000145.150, 347
Trd, 000145.183, 349
Trd, 000145.850, 350
Trd, 000146.600, 353
Trd, 000147.483, 353
Trd, 000147.567, 354.0
Trd, 000147.883, 353
Trd, 000148.750, 351
Trd, 000149.583, 351
Trd, 000149.883, 353
Trd, 000149.933, 346
Trd, 000151.200, 347
Trd, 000151.367, 349.0
Trd, 000151.400, 351.0
Trd, 000152.450, 351
Trd, 000152.783, 355.0
Trd, 000153.183, 349
Trd, 000153.267, 353
Trd, 000155.467, 348
Trd, 000155.800, 349
Trd, 000156.000, 351.0
Trd, 000156.150, 351
Trd, 000156.417, 355
Trd, 000157.800, 355
Trd, 000158.717, 358
Trd, 000159.267, 358
Trd, 000159.733, 358.0
Trd, 000160.033, 361
Trd, 000160.217, 358
Trd, 000160.433, 360.0
Trd, 000160.567, 347
Trd, 000161.533, 361
Trd, 000162.533, 345
Trd, 000163.067, 359.0
Trd, 000163.950, 351.0
Trd, 000164.550, 348
Trd, 000164.717, 355.0
Trd, 000164.983, 357
Trd, 000165.200, 358
Trd, 000166.083, 359.0
Trd, 000166.317, 350
Trd, 000166.867, 350
Trd, 000167.333, 351.0
Trd, 000167.650, 349
Trd, 000168.017, 350
Trd, 000168.617, 348
Trd, 000168.650, 349
Trd, 000169.117, 359.0
Trd, 000169.433, 347
Trd, 000170.033, 359
Trd, 000170.733, 355.0
Trd, 000171.317, 351
Trd, 000172.033, 349
Trd, 000173.050, 351.0
Trd, 000173.217, 350
Trd, 000174.150, 349
Trd, 000174.917, 348
Trd, 000175.283, 349
Trd, 000175.833, 352
Trd, 000176.083, 348
Trd, 000176.533, 355.0
Trd, 000177.267, 365.0
Trd, 000177.500, 361
Trd, 000177.567, 372.0
Trd, 000178.767, 350
Trd, 000179.367, 356
Trd, 000179.850, 355
Trd, 000180.100, 355
Trd, 000181.200, 351
Trd, 000181.267, 353
Trd, 000181.783, 347
Trd, 000182.267, 337
Trd, 000182.350, 331.0
Trd, 000182.617, 340
Trd, 000182.700, 322
Trd, 000182.750, 313.0
Trd, 000183.267, 310.0
Trd, 000183.617, 299
Trd, 000183.650, 299
Trd, 000183.950, 261
Trd, 000185.017, 354
Trd, 000185.783, 218
Trd, 000187.250, 214
Trd, 000187.317, 193
Trd, 000187.750, 191
Trd, 000188.267, 186
Trd, 000188.750, 188
Trd, 000189.117, 194
Trd, 000189.867, 178
Trd, 000189.933, 177
Trd, 000190.117, 173
Trd, 000190.583, 176
Trd, 000191.200, 177
Trd, 000192.033, 176
Trd, 000192.667, 176
Trd, 000193.000, 176
Trd, 000193.183, 177
Trd, 000193.200, 180
Trd, 000193.817, 180
Trd, 000194.850, 181
Trd, 000194.900, 175
Trd, 000195.367, 174
Trd, 000197.933, 173
Trd, 000198.400, 171
Trd, 000198.417, 170
Trd, 000198.783, 172
Trd, 000200.267, 171
Trd, 000200.600, 176
Trd, 000201.067, 171
Trd, 000201.283, 181
Trd, 000201.517, 173
Trd, 000201.900, 175
Trd, 000202.733, 174
Trd, 000202.900, 175
Trd, 000203.567, 176
Trd, 000203.783, 182
Trd, 000205.067, 176
Trd, 000206.050, 174
Trd, 000206.183, 177
Trd, 000206.200, 177
Trd, 000207.250, 177
Trd, 000207.317, 174
Trd, 000207.833, 172
Trd, 000208.867, 175
Trd, 000209.583, 172
Trd, 000209.883, 173
Trd, 000210.350, 173
Trd, 000210.817, 174
Trd, 000211.283, 174
Trd, 000212.267, 175
Trd, 000212.833, 173
Trd, 000214.017, 174
Trd, 000214.283, 174
Trd, 000214.683, 173
Trd, 000215.317, 174
Trd, 000216.250, 173
Trd, 000216.867, 171
Trd, 000216.883, 170
Trd, 000217.600, 168
Trd, 000218.317, 169
Trd, 000218.483, 170
Trd, 000219.167, 172
Trd, 000220.133, 170
Trd, 000220.700, 171
Trd, 000220.917, 173
Trd, 000221.950, 172
Trd, 000222.683, 173
Trd, 000223.833, 174
Trd, 000224.017, 173
Trd, 000224.400, 175
Trd, 000225.117, 184
Trd, 000225.283, 174
Trd, 000225.300, 169
Trd, 000225.400, 187
Trd, 000225.633, 193
Trd, 000227.217, 173
Trd, 000228.183, 173
Trd, 000228.967, 173
Trd, 000229.000, 176
Trd, 000229.333, 178
Trd, 000230.433, 177
Trd, 000230.583, 176
Trd, 000232.600, 174
Trd, 000232.750, 175
Trd, 000233.483, 173
Trd, 000233.883, 173
Trd, 000234.233, 174
Trd, 000234.533, 173
Trd, 000235.417, 175
Trd, 000236.500, 177
Trd, 000237.217, 177
Trd, 000237.267, 175
Trd, 000237.383, 179
Trd, 000238.750, 186
Trd, 000239.450, 182
Trd, 000239.483, 183
Trd, 000239.950, 177
Trd, 000240.033, 175
Trd, 000240.450, 177
Trd, 000241.033, 174
Trd, 000241.083, 178
Trd, 000241.417, 173
Trd, 000243.417, 174
Trd, 000244.333, 175
Trd, 000244.350, 175
Trd, 000244.917, 175
Trd, 000245.217, 178
Trd, 000245.300, 174
Trd, 000246.083, 174
Trd, 000246.233, 175
Trd, 000247.417, 175
Trd, 000248.050, 178
Trd, 000248.350, 175
Trd, 000248.450, 180
Trd, 000248.467, 173
Trd, 000250.217, 176
Trd, 000250.483, 175
Trd, 000250.633, 178
Trd, 000251.250, 175
Trd, 000251.767, 178
Trd, 000252.233, 179
Trd, 000252.350, 183
Trd, 000253.733, 177
Trd, 000253.950, 176
Trd, 000254.617, 175
Trd, 000254.700, 179
Trd, 000256.383, 177
Trd, 000257.200, 177
Trd, 000257.417, 176
Trd, 000257.467, 176
Trd, 000257.767, 172
Trd, 000258.583, 176
Trd, 000258.967, 177
Trd, 000260.367, 175
Trd, 000260.617, 176
Trd, 000260.750, 176
Trd, 000260.900, 177
Trd, 000260.917, 178
Trd, 000261.200, 171
Trd, 000261.267, 173
Trd, 000261.417, 181
Trd, 000263.500, 173
Trd, 000263.533, 174
Trd, 000263.633, 177
Trd, 000263.850, 178
Trd, 000264.150, 177
Trd, 000264.483, 179
Trd, 000265.850, 180
Trd, 000266.667, 181
Trd, 000266.750, 180
Trd, 000266.783, 185
Trd, 000267.033, 183
Trd, 000268.567, 182
Trd, 000269.117, 182
Trd, 000269.383, 181
Trd, 000270.100, 183
Trd, 000270.117, 185
Trd, 000271.517, 182
Trd, 000271.600, 182
Trd, 000271.833, 181
Trd, 000272.050, 175
Trd, 000272.083, 181
Trd, 000272.750, 174
Trd, 000273.150, 179
Trd, 000273.167, 180
Trd, 000273.750, 178
Trd, 000274.200, 172
Trd, 000275.167, 174
Trd, 000275.400, 176
Trd, 000276.700, 177
Trd, 000276.883, 177
Trd, 000277.900, 181
Trd, 000278.200, 178
Trd, 000278.250, 182
Trd, 000278.600, 178
Trd, 000279.183, 184
Trd, 000279.283, 186
Trd, 000279.633, 187
Trd, 000280.217, 182
Trd, 000280.617, 183
Trd, 000281.450, 183
Trd, 000281.633, 179
Trd, 000282.217, 176
Trd, 000282.667, 175
Trd, 000282.683, 169
Trd, 000282.867, 177
Trd, 000282.950, 183
Trd, 000283.083, 183
Trd, 000284.667, 182
Trd, 000285.967, 179
Trd, 000286.017, 186
Trd, 000287.100, 182
Trd, 000287.750, 182
Trd, 000288.250, 185
Trd, 000288.267, 183
Trd, 000289.233, 184
Trd, 000289.800, 186
Trd, 000290.083, 185
Trd, 000290.233, 187
Trd, 000290.617, 186
Trd, 000291.150, 176
Trd, 000291.550, 178
Trd, 000291.617, 191
Trd, 000291.833, 193
Trd, 000292.650, 176
Trd, 000293.583, 180
Trd, 000294.350, 170
Trd, 000295.350, 179
Trd, 000295.533, 177
Trd, 000295.933, 177
Trd, 000296.117, 179
Trd, 000296.367, 177
Trd, 000296.800, 180
Trd, 000297.500, 181
Trd, 000298.083, 181
Trd, 000298.100, 179
Trd, 000298.667, 181
Trd, 000299.000, 180
Trd, 000299.467, 182
Trd, 000299.750, 184
