Trd, 000002.150, 189
Trd, 000002.617, 151
Trd, 000004.117, 147
Trd, 000004.750, 167
Trd, 000005.083, 149
Trd, 000005.750, 148
Trd, 000006.350, 142
Trd, 000006.500, 158
Trd, 000006.750, 145
Trd, 000007.733, 147
Trd, 000008.000, 147
Trd, 000008.450, 151
Trd, 000008.767, 151
Trd, 000009.200, 147
Trd, 000009.267, 146
Trd, 000010.617, 149
Trd, 000010.633, 150
Trd, 000011.000, 151
Trd, 000011.583, 152
Trd, 000012.167, 157
Trd, 000013.383, 152
Trd, 000014.433, 153
Trd, 000014.567, 153
Trd, 000015.033, 153
Trd, 000015.300, 152
Trd, 000015.750, 152
Trd, 000018.100, 152
Trd, 000018.333, 154
Trd, 000018.367, 150
Trd, 000018.717, 160
Trd, 000019.483, 153
Trd, 000019.700, 165
Trd, 000019.883, 166
Trd, 000020.400, 153
Trd, 000021.200, 154
Trd, 000023.800, 155
Trd, 000024.083, 154
Trd, 000024.283, 155
Trd, 000024.400, 155
Trd, 000024.983, 154
Trd, 000025.917, 155
Trd, 000025.967, 156
Trd, 000026.800, 156
Trd, 000027.550, 157
Trd, 000027.617, 156
Trd, 000027.900, 155
Trd, 000029.167, 157
Trd, 000029.783, 155
Trd, 000029.800, 159
Trd, 000030.717, 156
Trd, 000031.000, 154
Trd, 000031.250, 154
Trd, 000032.683, 156
Trd, 000033.050, 156
Trd, 000033.200, 152
Trd, 000033.817, 151
Trd, 000034.217, 156
Trd, 000034.667, 153
Trd, 000034.950, 155
Trd, 000035.017, 154
Trd, 000035.817, 155
Trd, 000036.017, 157
Trd, 000036.300, 162
Trd, 000037.350, 155
Trd, 000037.967, 158
Trd, 000038.367, 160
Trd, 000039.117, 160
Trd, 000039.867, 159
Trd, 000040.050, 158
Trd, 000040.483, 157
Trd, 000040.783, 156
Trd, 000041.133, 159
Trd, 000042.333, 160
Trd, 000042.700, 162
Trd, 000043.250, 168
Trd, 000044.067, 162
Trd, 000044.183, 161
Trd, 000044.933, 162
Trd, 000045.600, 163
Trd, 000045.983, 164
Trd, 000046.517, 165
Trd, 000047.683, 164
Trd, 000048.233, 164
Trd, 000049.300, 163
Trd, 000049.517, 162
Trd, 000049.733, 165
Trd, 000050.300, 159
Trd, 000050.467, 164
Trd, 000051.083, 162
Trd, 000051.267, 164
Trd, 000053.117, 162
Trd, 000053.500, 162
Trd, 000053.867, 160
Trd, 000054.167, 163
Trd, 000054.367, 163
Trd, 000055.083, 162
Trd, 000055.967, 161
Trd, 000056.533, 162
Trd, 000057.783, 162
Trd, 000057.800, 163
Trd, 000058.500, 162
Trd, 000058.650, 163
Trd, 000058.817, 161
Trd, 000059.267, 165
Trd, 000059.583, 159
Trd, 000060.783, 162
Trd, 000061.833, 158
Trd, 000062.033, 157
Trd, 000062.317, 158
Trd, 000062.683, 163
Trd, 000062.783, 164
Trd, 000064.267, 163
Trd, 000064.800, 163
Trd, 000065.017, 164
Trd, 000065.183, 163
Trd, 000066.167, 171
Trd, 000066.450, 161
Trd, 000067.367, 158
Trd, 000069.400, 156
Trd, 000069.467, 158
Trd, 000069.600, 156
Trd, 000070.083, 158
Trd, 000070.333, 161
Trd, 000070.883, 159
Trd, 000071.383, 159
Trd, 000072.867, 165
Trd, 000073.083, 164
Trd, 000073.633, 165
Trd, 000073.683, 168
Trd, 000075.567, 166
Trd, 000075.983, 165
Trd, 000076.750, 165
Trd, 000076.783, 164
Trd, 000077.817, 164
Trd, 000078.033, 163
Trd, 000078.850, 162
Trd, 000079.317, 163
Trd, 000079.800, 162
Trd, 000080.450, 162
Trd, 000080.550, 159
Trd, 000081.817, 159
Trd, 000082.283, 161
Trd, 000082.350, 161
Trd, 000082.550, 161
Trd, 000083.017, 163
Trd, 000083.200, 164
Trd, 000083.683, 159
Trd, 000084.967, 163
Trd, 000085.583, 164
Trd, 000085.750, 162
Trd, 000087.667, 166
Trd, 000088.433, 163
Trd, 000088.467, 165
Trd, 000089.683, 163
Trd, 000090.217, 164
Trd, 000090.300, 164
Trd, 000091.067, 164
Trd, 000091.233, 163
Trd, 000091.633, 161
Trd, 000091.800, 164
Trd, 000093.717, 162
Trd, 000093.933, 160
Trd, 000094.167, 163
Trd, 000094.850, 163
Trd, 000095.333, 164
Trd, 000095.450, 164
Trd, 000095.700, 164
Trd, 000096.167, 167
Trd, 000097.783, 170
Trd, 000098.283, 172
Trd, 000099.033, 172
Trd, 000099.217, 173
Trd, 000100.000, 174
Trd, 000100.050, 171
Trd, 000100.250, 176
Trd, 000100.967, 173
Trd, 000101.183, 170
Trd, 000101.867, 168
Trd, 000101.967, 164
Trd, 000102.383, 172
Trd, 000103.267, 170
Trd, 000103.433, 171
Trd, 000104.083, 170
Trd, 000104.600, 171
Trd, 000107.383, 171
Trd, 000107.433, 170
Trd, 000107.867, 168
Trd, 000108.717, 170
Trd, 000109.133, 171
Trd, 000109.183, 170
Trd, 000109.717, 170
Trd, 000109.850, 171
Trd, 000109.967, 171
Trd, 000110.067, 165
Trd, 000111.267, 169
Trd, 000111.367, 169
Trd, 000111.500, 167
Trd, 000111.750, 170
Trd, 000113.433, 167
Trd, 000114.100, 168
Trd, 000114.600, 167
Trd, 000115.533, 167
Trd, 000115.700, 168
Trd, 000116.483, 169
Trd, 000116.817, 166
Trd, 000117.217, 170
Trd, 000118.150, 168
Trd, 000118.167, 167
Trd, 000119.067, 168
Trd, 000119.133, 167
Trd, 000119.983, 163
Trd, 000120.067, 166
Trd, 000120.967, 166
Trd, 000121.867, 167
Trd, 000122.300, 180
Trd, 000122.617, 191
Trd, 000123.150, 198
Trd, 000123.433, 253
Trd, 000124.333, 225
Trd, 000125.033, 329
Trd, 000125.433, 337.0
Trd, 000125.917, 340.0
Trd, 000126.050, 341.0
Trd, 000126.533, 345
Trd, 000126.950, 329
Trd, 000127.550, 351.0
Trd, 000129.717, 351
Trd, 000130.133, 356
Trd, 000131.300, 353
Trd, 000131.750, 352
Trd, 000132.300, 353
Trd, 000132.650, 354.0
Trd, 000133.917, 356.0
Trd, 000133.933, 354
Trd, 000134.883, 357.0
Trd, 000135.783, 356
Trd, 000136.833, 355
Trd, 000137.033, 356
Trd, 000137.067, 356
Trd, 000137.583, 357.0
Trd, 000138.350, 357
Trd, 000138.417, 356
Trd, 000138.850, 353
Trd, 000140.500, 355
Trd, 000140.683, 357
Trd, 000141.117, 353.0
Trd, 000141.133, 355
Trd, 000141.333, 351.0
Trd, 000141.933, 358.0
Trd, 000144.200, 354
Trd, 000144.633, 354
Trd, 000144.883, 354
Trd, 000145.167, 355
Trd, 000146.217, 351.0
Trd, 000146.317, 351
Trd, 000149.033, 352
Trd, 000149.567, 353
Trd, 000149.850, 353
Trd, 000150.300, 356
Trd, 000151.733, 355
Trd, 000152.033, 353.0
Trd, 000152.733, 355
Trd, 000152.983, 357
Trd, 000153.950, 356
Trd, 000154.150, 357.0
Trd, 000155.983, 354
Trd, 000156.117, 352
Trd, 000156.367, 352.0
Trd, 000157.900, 355.0
Trd, 000158.417, 354
Trd, 000158.550, 352
Trd, 000159.983, 351.0
Trd, 000160.233, 352
Trd, 000161.650, 353
Trd, 000162.617, 352
Trd, 000162.900, 349
Trd, 000163.750, 349.0
Trd, 000164.117, 349.0
Trd, 000164.417, 349.0
Trd, 000164.683, 350.0
Trd, 000164.850, 350
Trd, 000165.533, 351.0
Trd, 000167.167, 350
Trd, 000167.400, 351.0
Trd, 000167.967, 358.0
Trd, 000169.733, 349
Trd, 000170.367, 349
Trd, 000170.767, 348
Trd, 000171.117, 348.0
Trd, 000171.300, 350
Trd, 000171.567, 351
Trd, 000173.567, 351.0
Trd, 000174.800, 356
Trd, 000175.183, 356
Trd, 000175.467, 356
Trd, 000176.367, 357.0
Trd, 000176.517, 357
Trd, 000176.867, 358.0
Trd, 000177.650, 362
Trd, 000177.700, 374.0
Trd, 000179.317, 363
Trd, 000179.400, 361
Trd, 000180.050, 361
Trd, 000181.483, 355.0
Trd, 000181.500, 354.0
Trd, 000181.683, 348.0
Trd, 000181.750, 340
Trd, 000181.833, 337.0
Trd, 000181.950, 324.0
Trd, 000182.250, 348
Trd, 000182.783, 340
Trd, 000183.617, 319
Trd, 000184.350, 310.0
Trd, 000185.383, 186
Trd, 000185.450, 180
Trd, 000185.500, 187
Trd, 000185.667, 191
Trd, 000186.450, 180
Trd, 000187.517, 184
Trd, 000187.583, 190
Trd, 000187.883, 183
Trd, 000188.300, 180
Trd, 000189.233, 184
Trd, 000190.050, 183
Trd, 000190.567, 184
Trd, 000190.767, 184
Trd, 000191.150, 184
Trd, 000191.483, 184
Trd, 000191.533, 179
Trd, 000191.967, 177
Trd, 000192.967, 187
Trd, 000193.600, 179
Trd, 000195.617, 180
Trd, 000196.250, 179
Trd, 000196.683, 179
Trd, 000196.817, 180
Trd, 000196.917, 181
Trd, 000198.333, 179
Trd, 000200.250, 179
Trd, 000200.467, 178
Trd, 000200.733, 178
Trd, 000200.867, 179
Trd, 000202.033, 178
Trd, 000202.617, 178
Trd, 000203.467, 178
Trd, 000203.733, 179
Trd, 000204.100, 175
Trd, 000204.600, 184
Trd, 000205.333, 179
Trd, 000205.583, 177
Trd, 000205.900, 178
Trd, 000206.267, 178
Trd, 000206.850, 176
Trd, 000206.983, 176
Trd, 000207.000, 177
Trd, 000207.400, 172
Trd, 000208.733, 173
Trd, 000208.850, 173
Trd, 000208.950, 172
Trd, 000209.133, 172
Trd, 000210.283, 172
Trd, 000210.500, 172
Trd, 000211.150, 176
Trd, 000212.983, 173
Trd, 000213.083, 176
Trd, 000214.133, 175
Trd, 000214.333, 176
Trd, 000215.033, 178
Trd, 000215.067, 176
Trd, 000216.817, 177
Trd, 000216.967, 176
Trd, 000217.667, 175
Trd, 000218.067, 175
Trd, 000218.433, 176
Trd, 000218.950, 175
Trd, 000219.333, 176
Trd, 000220.717, 174
Trd, 000221.217, 174
Trd, 000221.400, 176
Trd, 000222.067, 175
Trd, 000222.283, 174
Trd, 000222.783, 175
Trd, 000223.967, 175
Trd, 000224.117, 178
Trd, 000224.300, 177
Trd, 000224.617, 179
Trd, 000225.233, 178
Trd, 000225.650, 177
Trd, 000225.733, 178
Trd, 000225.783, 179
Trd, 000226.700, 179
Trd, 000226.917, 179
Trd, 000229.667, 178
Trd, 000230.967, 181
Trd, 000231.133, 181
Trd, 000231.500, 182
Trd, 000232.400, 181
Trd, 000232.467, 182
Trd, 000233.233, 180
Trd, 000233.950, 181
Trd, 000234.500, 179
Trd, 000234.633, 181
Trd, 000234.950, 178
Trd, 000235.900, 180
Trd, 000237.367, 180
Trd, 000237.633, 181
Trd, 000238.217, 175
Trd, 000238.467, 181
Trd, 000239.633, 181
Trd, 000239.700, 183
Trd, 000240.733, 182
Trd, 000240.917, 184
Trd, 000241.150, 183
Trd, 000241.350, 183
Trd, 000241.433, 182
Trd, 000242.000, 183
Trd, 000242.650, 183
Trd, 000242.750, 181
Trd, 000243.367, 180
Trd, 000243.850, 182
Trd, 000244.317, 183
Trd, 000244.617, 183
Trd, 000245.700, 177
Trd, 000245.767, 175
Trd, 000245.900, 178
Trd, 000246.050, 179
Trd, 000246.800, 175
Trd, 000246.883, 175
Trd, 000247.400, 175
Trd, 000248.133, 178
Trd, 000248.233, 178
Trd, 000249.067, 180
Trd, 000250.000, 187
Trd, 000250.367, 179
Trd, 000250.817, 181
Trd, 000251.067, 178
Trd, 000251.650, 179
Trd, 000251.917, 182
Trd, 000252.533, 180
Trd, 000252.800, 181
Trd, 000253.717, 181
Trd, 000253.983, 182
Trd, 000254.150, 183
Trd, 000254.567, 182
Trd, 000254.783, 181
Trd, 000255.633, 182
Trd, 000255.733, 183
Trd, 000256.367, 187
Trd, 000256.417, 184
Trd, 000257.433, 187
Trd, 000257.733, 187
Trd, 000258.067, 177
Trd, 000258.967, 184
Trd, 000259.167, 182
Trd, 000259.567, 181
Trd, 000260.350, 180
Trd, 000260.667, 180
Trd, 000261.350, 182
Trd, 000261.933, 179
Trd, 000262.233, 182
Trd, 000262.783, 177
Trd, 000263.000, 182
Trd, 000263.483, 177
Trd, 000263.917, 182
Trd, 000264.100, 176
Trd, 000264.633, 182
Trd, 000266.467, 174
Trd, 000267.050, 176
Trd, 000267.650, 176
Trd, 000267.917, 175
Trd, 000267.933, 177
Trd, 000267.967, 178
Trd, 000268.400, 177
Trd, 000268.717, 178
Trd, 000268.817, 178
Trd, 000269.300, 178
Trd, 000270.083, 178
Trd, 000270.767, 178
Trd, 000271.367, 183
Trd, 000271.533, 185
Trd, 000271.633, 181
Trd, 000272.550, 192
Trd, 000272.983, 194
Trd, 000273.117, 191
Trd, 000273.167, 195
Trd, 000273.483, 190
Trd, 000273.500, 184
Trd, 000273.883, 185
Trd, 000274.683, 173
Trd, 000274.733, 174
Trd, 000274.967, 168
Trd, 000275.283, 169
Trd, 000276.583, 173
Trd, 000276.683, 175
Trd, 000277.117, 172
Trd, 000277.317, 168
Trd, 000277.783, 168
Trd, 000278.083, 165
Trd, 000278.217, 169
Trd, 000278.933, 169
Trd, 000279.633, 171
Trd, 000279.800, 172
Trd, 000280.167, 169
Trd, 000281.317, 170
Trd, 000281.367, 172
Trd, 000281.600, 175
Trd, 000282.567, 177
Trd, 000283.017, 179
Trd, 000283.533, 185
Trd, 000284.700, 184
Trd, 000285.267, 180
Trd, 000286.017, 180
Trd, 000286.417, 181
Trd, 000286.550, 180
Trd, 000286.583, 180
Trd, 000286.800, 179
Trd, 000287.067, 181
Trd, 000287.317, 182
Trd, 000287.517, 183
Trd, 000287.550, 187
Trd, 000288.117, 194
Trd, 000288.467, 194
Trd, 000288.633, 197
Trd, 000288.883, 195
Trd, 000288.983, 194
Trd, 000289.550, 187
Trd, 000290.667, 190
Trd, 000291.233, 189
Trd, 000291.450, 187
Trd, 000292.100, 185
Trd, 000292.550, 187
Trd, 000293.583, 185
Trd, 000293.617, 187
Trd, 000293.867, 187
Trd, 000294.800, 185
Trd, 000295.533, 185
Trd, 000295.567, 184
Trd, 000295.983, 184
Trd, 000296.350, 184
Trd, 000296.650, 184
Trd, 000296.967, 183
Trd, 000296.983, 184
Trd, 000297.467, 181
Trd, 000297.933, 180
Trd, 000298.583, 181
Trd, 000298.633, 185
Trd, 000298.750, 182
Trd, 000299.300, 185
