Trd, 000000.783, 130
Trd, 000002.967, 150
Trd, 000003.333, 175
Trd, 000004.017, 178
Trd, 000004.100, 173
Trd, 000004.150, 172
Trd, 000004.667, 151
Trd, 000006.017, 158
Trd, 000006.267, 152
Trd, 000007.100, 173
Trd, 000007.233, 174
Trd, 000007.433, 159
Trd, 000007.983, 176
Trd, 000008.100, 165
Trd, 000008.950, 155
Trd, 000009.700, 159
Trd, 000010.450, 160
Trd, 000011.850, 165
Trd, 000012.650, 164
Trd, 000013.000, 161
Trd, 000013.533, 161
Trd, 000013.633, 163
Trd, 000013.650, 164
Trd, 000013.950, 159
Trd, 000015.400, 158
Trd, 000015.633, 157
Trd, 000016.600, 155
Trd, 000017.483, 161
Trd, 000018.000, 161
Trd, 000018.433, 160
Trd, 000018.867, 163
Trd, 000019.367, 158
Trd, 000020.000, 157
Trd, 000020.367, 152
Trd, 000020.950, 162
Trd, 000021.050, 164
Trd, 000021.517, 160
Trd, 000021.550, 156
Trd, 000021.600, 169
Trd, 000022.933, 158
Trd, 000023.350, 177
Trd, 000024.083, 159
Trd, 000025.467, 157
Trd, 000025.817, 166
Trd, 000026.067, 156
Trd, 000026.167, 152
Trd, 000026.233, 150
Trd, 000026.350, 163
Trd, 000026.767, 138
Trd, 000027.733, 165
Trd, 000027.967, 166
Trd, 000028.417, 162
Trd, 000028.533, 161
Trd, 000029.200, 158
Trd, 000030.700, 159
Trd, 000030.850, 155
Trd, 000031.267, 155
Trd, 000031.283, 159
Trd, 000031.550, 154
Trd, 000032.100, 166
Trd, 000033.083, 176
Trd, 000033.933, 161
Trd, 000034.100, 154
Trd, 000034.400, 151
Trd, 000034.967, 153
Trd, 000035.067, 158
Trd, 000035.100, 153
Trd, 000035.733, 153
Trd, 000035.850, 158
Trd, 000036.217, 163
Trd, 000036.667, 153
Trd, 000037.350, 154
Trd, 000037.400, 155
Trd, 000037.600, 156
Trd, 000039.967, 154
Trd, 000040.017, 155
Trd, 000040.583, 154
Trd, 000040.700, 155
Trd, 000041.867, 153
Trd, 000041.900, 157
Trd, 000042.100, 158
Trd, 000042.617, 153
Trd, 000042.667, 152
Trd, 000042.800, 155
Trd, 000042.817, 140
Trd, 000043.650, 152
Trd, 000045.183, 149
Trd, 000045.367, 153
Trd, 000045.583, 155
Trd, 000046.200, 179
Trd, 000046.333, 147
Trd, 000046.783, 148
Trd, 000047.367, 156
Trd, 000048.500, 147
Trd, 000048.567, 142
Trd, 000048.833, 148
Trd, 000049.533, 147
Trd, 000049.817, 147
Trd, 000049.900, 141
Trd, 000051.283, 145
Trd, 000053.517, 146
Trd, 000054.350, 144
Trd, 000055.000, 145
Trd, 000055.050, 146
Trd, 000055.167, 146
Trd, 000055.367, 143
Trd, 000055.500, 147
Trd, 000055.633, 144
Trd, 000056.033, 142
Trd, 000056.133, 153
Trd, 000056.383, 153
Trd, 000056.900, 154
Trd, 000057.450, 141
Trd, 000058.500, 156
Trd, 000058.917, 153
Trd, 000059.300, 159
Trd, 000059.683, 158
Trd, 000060.200, 146
Trd, 000060.283, 145
Trd, 000060.767, 164
Trd, 000060.833, 154
Trd, 000061.067, 156
Trd, 000061.783, 155
Trd, 000062.400, 154
Trd, 000062.933, 151
Trd, 000063.050, 150
Trd, 000063.883, 151
Trd, 000064.183, 154
Trd, 000064.717, 154
Trd, 000066.617, 153
Trd, 000066.867, 150
Trd, 000066.883, 150
Trd, 000067.850, 156
Trd, 000068.200, 175
Trd, 000068.817, 155
Trd, 000069.633, 155
Trd, 000070.050, 155
Trd, 000070.100, 156
Trd, 000070.617, 158
Trd, 000072.350, 156
Trd, 000073.183, 155
Trd, 000073.800, 154
Trd, 000073.833, 155
Trd, 000073.933, 158
Trd, 000074.050, 158
Trd, 000074.083, 158
Trd, 000075.400, 155
Trd, 000075.533, 155
Trd, 000075.567, 154
Trd, 000076.167, 153
Trd, 000076.300, 156
Trd, 000076.567, 159
Trd, 000076.833, 142
Trd, 000076.850, 160
Trd, 000077.100, 138
Trd, 000077.933, 157
Trd, 000078.967, 152
Trd, 000079.050, 140
Trd, 000079.517, 152
Trd, 000080.050, 146
Trd, 000080.500, 155
Trd, 000081.000, 153
Trd, 000081.117, 152
Trd, 000081.900, 147
Trd, 000082.433, 154
Trd, 000083.383, 156
Trd, 000083.433, 146
Trd, 000085.217, 152
Trd, 000085.317, 153
Trd, 000085.450, 155
Trd, 000086.333, 152
Trd, 000086.467, 154
Trd, 000086.717, 156
Trd, 000088.000, 157
Trd, 000089.183, 156
Trd, 000089.200, 158
Trd, 000089.567, 159
Trd, 000089.583, 177
Trd, 000089.617, 153
Trd, 000089.917, 167
Trd, 000090.833, 181
Trd, 000090.850, 148
Trd, 000091.200, 183
Trd, 000091.450, 165
Trd, 000092.600, 167
Trd, 000093.817, 166
Trd, 000093.867, 164
Trd, 000094.017, 166
Trd, 000094.183, 163
Trd, 000094.950, 164
Trd, 000094.983, 166
Trd, 000095.633, 166
Trd, 000095.933, 168
Trd, 000096.750, 162
Trd, 000097.400, 160
Trd, 000098.000, 167
Trd, 000098.167, 167
Trd, 000098.400, 169
Trd, 000099.050, 177
Trd, 000099.067, 157
Trd, 000099.417, 147
Trd, 000100.150, 165
Trd, 000100.267, 166
Trd, 000100.533, 158
Trd, 000100.817, 166
Trd, 000103.133, 161
Trd, 000103.500, 160
Trd, 000103.717, 161
Trd, 000104.017, 159
Trd, 000104.383, 161
Trd, 000105.167, 160
Trd, 000105.383, 161
Trd, 000105.717, 159
Trd, 000105.900, 159
Trd, 000106.183, 159
Trd, 000106.517, 161
Trd, 000107.033, 161
Trd, 000107.283, 162
Trd, 000107.683, 158
Trd, 000107.867, 169
Trd, 000108.567, 172
Trd, 000108.900, 167
Trd, 000109.100, 181
Trd, 000109.500, 182
Trd, 000110.050, 165
Trd, 000111.283, 163
Trd, 000111.333, 161
Trd, 000111.433, 162
Trd, 000111.683, 161
Trd, 000112.450, 159
Trd, 000112.533, 142
Trd, 000112.883, 159
Trd, 000113.533, 160
Trd, 000113.700, 159
Trd, 000114.133, 159
Trd, 000114.517, 159
Trd, 000115.600, 156
Trd, 000116.267, 160
Trd, 000117.633, 161
Trd, 000117.983, 179
Trd, 000118.050, 154
Trd, 000118.883, 166
Trd, 000119.650, 173
Trd, 000119.983, 160
Trd, 000120.200, 160
Trd, 000120.450, 158
Trd, 000121.033, 160
Trd, 000121.217, 167
Trd, 000121.300, 169
Trd, 000122.550, 186
Trd, 000122.800, 162
Trd, 000123.117, 163
Trd, 000123.533, 189
Trd, 000123.617, 201
Trd, 000123.833, 189
Trd, 000124.583, 194
Trd, 000125.367, 206
Trd, 000125.433, 303.0
Trd, 000125.700, 323.0
Trd, 000126.550, 324.0
Trd, 000126.667, 325
Trd, 000127.450, 331.0
Trd, 000127.500, 303.0
Trd, 000128.200, 335
Trd, 000129.267, 318
Trd, 000129.633, 320
Trd, 000130.050, 324.0
Trd, 000130.167, 327.0
Trd, 000130.200, 341.0
Trd, 000130.900, 350.0
Trd, 000131.100, 348.0
Trd, 000131.733, 335
Trd, 000131.750, 339
Trd, 000133.150, 348.0
Trd, 000133.617, 349.0
Trd, 000133.733, 334
Trd, 000134.383, 344
Trd, 000134.417, 336
Trd, 000134.683, 351.0
Trd, 000134.700, 337
Trd, 000135.817, 351.0
Trd, 000136.533, 352
Trd, 000137.600, 335
Trd, 000138.450, 348
Trd, 000138.767, 335
Trd, 000139.350, 346
Trd, 000140.700, 338
Trd, 000141.333, 342
Trd, 000141.517, 343
Trd, 000142.050, 338
Trd, 000142.283, 337
Trd, 000142.617, 341
Trd, 000142.950, 337
Trd, 000143.733, 340
Trd, 000144.300, 357
Trd, 000144.583, 347
Trd, 000144.967, 351.0
Trd, 000145.050, 355
Trd, 000145.767, 339
Trd, 000146.567, 346
Trd, 000147.317, 337
Trd, 000147.617, 341
Trd, 000147.833, 338
Trd, 000148.450, 354
Trd, 000149.050, 352
Trd, 000150.233, 347
Trd, 000150.417, 353
Trd, 000150.550, 347
Trd, 000151.150, 350.0
Trd, 000151.533, 351.0
Trd, 000151.967, 351
Trd, 000152.400, 353
Trd, 000152.500, 348.0
Trd, 000153.117, 349
Trd, 000153.183, 349
Trd, 000153.483, 346
Trd, 000154.433, 351.0
Trd, 000155.567, 347
Trd, 000155.850, 346
Trd, 000155.867, 327.0
Trd, 000155.933, 348
Trd, 000158.050, 340
Trd, 000159.600, 340
Trd, 000159.733, 339
Trd, 000160.083, 340
Trd, 000160.250, 341
Trd, 000160.283, 338
Trd, 000160.617, 342
Trd, 000160.817, 345
Trd, 000161.400, 348
Trd, 000162.283, 339
Trd, 000162.533, 347
Trd, 000163.217, 347
Trd, 000163.467, 346
Trd, 000163.533, 340
Trd, 000163.650, 347
Trd, 000164.683, 368.0
Trd, 000165.667, 336
Trd, 000165.700, 335
Trd, 000165.983, 351
Trd, 000166.233, 350
Trd, 000166.617, 351.0
Trd, 000167.933, 349
Trd, 000168.450, 348.0
Trd, 000169.183, 348
Trd, 000169.667, 347
Trd, 000169.900, 344
Trd, 000170.183, 349
Trd, 000170.283, 343
Trd, 000170.750, 352
Trd, 000171.050, 351
Trd, 000171.750, 342
Trd, 000171.817, 341
Trd, 000172.867, 339
Trd, 000172.917, 351.0
Trd, 000173.017, 351
Trd, 000173.633, 351
Trd, 000174.683, 350.0
Trd, 000174.800, 348.0
Trd, 000175.533, 348
Trd, 000175.700, 344
Trd, 000175.850, 351
Trd, 000176.117, 352
Trd, 000176.633, 345
Trd, 000177.250, 351.0
Trd, 000179.033, 350.0
Trd, 000179.283, 355
Trd, 000179.317, 356
Trd, 000179.333, 357
Trd, 000180.150, 349
Trd, 000180.500, 349
Trd, 000180.733, 350.0
Trd, 000181.217, 350.0
Trd, 000181.900, 348.0
Trd, 000182.217, 344
Trd, 000183.017, 336
Trd, 000183.217, 331.0
Trd, 000183.617, 320.0
Trd, 000183.667, 299
Trd, 000183.933, 276
Trd, 000183.950, 249
Trd, 000184.317, 207
Trd, 000184.633, 198
Trd, 000184.650, 197
Trd, 000184.667, 190
Trd, 000185.967, 206
Trd, 000186.867, 198
Trd, 000187.483, 193
Trd, 000188.100, 179
Trd, 000188.467, 178
Trd, 000190.333, 180
Trd, 000190.433, 177
Trd, 000190.450, 192
Trd, 000190.467, 172
Trd, 000191.100, 167
Trd, 000191.567, 182
Trd, 000191.883, 182
Trd, 000192.050, 172
Trd, 000192.317, 172
Trd, 000194.183, 173
Trd, 000194.400, 171
Trd, 000194.533, 174
Trd, 000194.983, 174
Trd, 000195.500, 174
Trd, 000196.200, 173
Trd, 000196.567, 170
Trd, 000196.933, 172
Trd, 000197.417, 168
Trd, 000197.450, 167
Trd, 000197.500, 174
Trd, 000197.733, 181
Trd, 000197.867, 161
Trd, 000197.983, 155
Trd, 000198.350, 147
Trd, 000198.817, 181
Trd, 000200.667, 166
Trd, 000201.450, 170
Trd, 000201.817, 169
Trd, 000202.183, 170
Trd, 000202.667, 169
Trd, 000203.817, 168
Trd, 000204.633, 170
Trd, 000205.300, 166
Trd, 000205.333, 165
Trd, 000205.750, 167
Trd, 000206.267, 169
Trd, 000206.500, 168
Trd, 000206.600, 168
Trd, 000206.633, 171
Trd, 000206.650, 188
Trd, 000207.833, 173
Trd, 000208.017, 193
Trd, 000208.167, 179
Trd, 000208.333, 175
Trd, 000208.500, 181
Trd, 000208.517, 171
Trd, 000209.500, 181
Trd, 000209.517, 157
Trd, 000209.550, 182
Trd, 000212.050, 178
Trd, 000212.417, 176
Trd, 000212.817, 178
Trd, 000213.033, 172
Trd, 000213.467, 177
Trd, 000213.617, 175
Trd, 000214.900, 171
Trd, 000215.233, 171
Trd, 000215.633, 173
Trd, 000215.983, 172
Trd, 000216.417, 175
Trd, 000217.133, 175
Trd, 000217.867, 175
Trd, 000218.350, 190
Trd, 000218.567, 172
Trd, 000218.800, 173
Trd, 000218.983, 171
Trd, 000219.800, 173
Trd, 000220.117, 177
Trd, 000220.583, 176
Trd, 000221.883, 180
Trd, 000222.033, 178
Trd, 000222.083, 195
Trd, 000223.033, 174
Trd, 000223.167, 182
Trd, 000223.233, 182
Trd, 000223.600, 170
Trd, 000224.917, 175
Trd, 000225.383, 176
Trd, 000225.550, 180
Trd, 000225.617, 157
Trd, 000225.783, 156
Trd, 000227.767, 171
Trd, 000227.850, 172
Trd, 000228.167, 173
Trd, 000229.100, 173
Trd, 000229.900, 174
Trd, 000230.300, 174
Trd, 000230.383, 171
Trd, 000230.800, 170
Trd, 000230.850, 170
Trd, 000231.033, 174
Trd, 000231.283, 169
Trd, 000231.900, 169
Trd, 000232.450, 173
Trd, 000233.633, 166
Trd, 000234.150, 174
Trd, 000234.483, 174
Trd, 000234.550, 167
Trd, 000234.933, 173
Trd, 000235.483, 168
Trd, 000235.833, 173
Trd, 000236.617, 179
Trd, 000236.633, 192
Trd, 000237.733, 176
Trd, 000237.750, 178
Trd, 000238.967, 178
Trd, 000239.650, 178
Trd, 000240.033, 177
Trd, 000240.300, 178
Trd, 000240.917, 176
Trd, 000241.083, 174
Trd, 000241.150, 172
Trd, 000241.283, 158
Trd, 000241.783, 177
Trd, 000241.833, 176
Trd, 000242.117, 181
Trd, 000243.217, 170
Trd, 000243.333, 160
Trd, 000243.750, 159
Trd, 000243.983, 174
Trd, 000244.383, 171
Trd, 000244.783, 171
Trd, 000244.917, 168
Trd, 000245.767, 168
Trd, 000245.950, 170
Trd, 000246.467, 168
Trd, 000246.500, 171
Trd, 000246.633, 182
Trd, 000247.917, 167
Trd, 000248.050, 176
Trd, 000248.067, 158
Trd, 000248.150, 178
Trd, 000250.483, 178
Trd, 000250.983, 178
Trd, 000251.083, 177
Trd, 000251.383, 173
Trd, 000251.533, 173
Trd, 000251.683, 173
Trd, 000251.867, 173
Trd, 000252.083, 171
Trd, 000253.167, 172
Trd, 000253.300, 174
Trd, 000253.567, 175
Trd, 000254.250, 176
Trd, 000254.517, 173
Trd, 000254.617, 172
Trd, 000255.100, 161
Trd, 000256.183, 169
Trd, 000256.233, 171
Trd, 000256.483, 168
Trd, 000256.533, 170
Trd, 000256.900, 173
Trd, 000257.883, 174
Trd, 000257.917, 175
Trd, 000258.517, 175
Trd, 000259.567, 174
Trd, 000259.583, 175
Trd, 000259.633, 174
Trd, 000259.900, 174
Trd, 000260.000, 174
Trd, 000260.200, 175
Trd, 000260.383, 173
Trd, 000260.583, 176
Trd, 000261.567, 165
Trd, 000261.867, 166
Trd, 000262.233, 170
Trd, 000262.717, 162
Trd, 000263.817, 176
Trd, 000263.850, 177
Trd, 000264.067, 182
Trd, 000264.133, 167
Trd, 000265.733, 170
Trd, 000265.767, 167
Trd, 000266.100, 170
Trd, 000266.117, 172
Trd, 000266.217, 167
Trd, 000267.117, 178
Trd, 000267.750, 182
Trd, 000267.800, 181
Trd, 000267.933, 180
Trd, 000268.100, 175
Trd, 000268.417, 172
Trd, 000268.883, 163
Trd, 000269.900, 170
Trd, 000270.183, 172
Trd, 000270.833, 171
Trd, 000271.383, 170
Trd, 000271.833, 169
Trd, 000271.950, 172
Trd, 000272.333, 174
Trd, 000272.567, 175
Trd, 000272.983, 185
Trd, 000273.750, 171
Trd, 000274.267, 171
Trd, 000274.683, 172
Trd, 000274.850, 171
Trd, 000274.900, 170
Trd, 000276.383, 169
Trd, 000277.100, 172
Trd, 000277.533, 170
Trd, 000277.767, 169
Trd, 000278.050, 171
Trd, 000278.400, 171
Trd, 000278.683, 172
Trd, 000278.767, 169
Trd, 000279.017, 167
Trd, 000279.683, 164
Trd, 000279.783, 169
Trd, 000280.250, 162
Trd, 000280.617, 172
Trd, 000281.733, 173
Trd, 000281.867, 176
Trd, 000282.100, 167
Trd, 000282.117, 166
Trd, 000282.917, 179
Trd, 000283.250, 179
Trd, 000283.783, 184
Trd, 000284.983, 175
Trd, 000285.133, 181
Trd, 000285.317, 180
Trd, 000285.650, 185
Trd, 000286.033, 179
Trd, 000286.133, 175
Trd, 000286.467, 173
Trd, 000286.817, 186
Trd, 000287.717, 182
Trd, 000287.883, 181
Trd, 000287.983, 182
Trd, 000288.300, 178
Trd, 000289.800, 178
Trd, 000289.917, 177
Trd, 000290.517, 176
Trd, 000291.233, 179
Trd, 000291.683, 180
Trd, 000291.700, 175
Trd, 000291.783, 182
Trd, 000293.133, 179
Trd, 000293.400, 181
Trd, 000293.617, 177
Trd, 000293.817, 176
Trd, 000293.850, 187
Trd, 000293.867, 194
Trd, 000294.533, 184
Trd, 000294.733, 167
Trd, 000294.850, 169
Trd, 000295.100, 180
Trd, 000295.450, 187
Trd, 000295.583, 197
Trd, 000295.850, 174
Trd, 000297.100, 185
Trd, 000299.300, 178
Trd, 000299.450, 179
Trd, 000299.650, 183
Trd, 000299.850, 178
