Trd, 000000.883, 120
Trd, 000001.467, 144
Trd, 000002.750, 129
Trd, 000002.833, 139
Trd, 000002.917, 142
Trd, 000003.050, 147
Trd, 000004.033, 146
Trd, 000004.250, 139
Trd, 000005.383, 144
Trd, 000006.567, 141
Trd, 000006.867, 142
Trd, 000007.250, 140
Trd, 000007.733, 140
Trd, 000008.300, 139
Trd, 000009.800, 143
Trd, 000010.150, 141
Trd, 000010.667, 141
Trd, 000010.867, 142
Trd, 000011.100, 142
Trd, 000011.417, 138
Trd, 000012.100, 141
Trd, 000012.133, 136
Trd, 000012.150, 140
Trd, 000012.333, 141
Trd, 000013.283, 139
Trd, 000013.517, 141
Trd, 000013.967, 140
Trd, 000015.183, 149
Trd, 000015.200, 154
Trd, 000016.283, 146
Trd, 000016.617, 145
Trd, 000017.200, 148
Trd, 000018.217, 142
Trd, 000018.683, 156
Trd, 000018.733, 150
Trd, 000019.767, 145
Trd, 000019.883, 146
Trd, 000020.150, 147
Trd, 000021.133, 146
Trd, 000021.317, 147
Trd, 000022.300, 154
Trd, 000022.317, 153
Trd, 000022.633, 163
Trd, 000022.650, 152
Trd, 000023.033, 150
Trd, 000023.317, 151
Trd, 000023.933, 152
Trd, 000024.550, 153
Trd, 000025.133, 152
Trd, 000025.350, 152
Trd, 000025.850, 152
Trd, 000026.183, 153
Trd, 000026.567, 152
Trd, 000027.383, 156
Trd, 000027.500, 152
Trd, 000028.200, 156
Trd, 000029.133, 151
Trd, 000029.533, 155
Trd, 000029.817, 155
Trd, 000030.550, 154
Trd, 000030.617, 152
Trd, 000030.800, 155
Trd, 000031.250, 155
Trd, 000032.100, 157
Trd, 000033.400, 157
Trd, 000034.317, 158
Trd, 000034.867, 157
Trd, 000035.833, 155
Trd, 000035.983, 154
Trd, 000036.167, 154
Trd, 000036.367, 154
Trd, 000036.650, 158
Trd, 000037.517, 155
Trd, 000037.683, 158
Trd, 000037.933, 158
Trd, 000038.217, 159
Trd, 000039.550, 157
Trd, 000039.983, 156
Trd, 000040.117, 155
Trd, 000040.433, 155
Trd, 000041.183, 152
Trd, 000041.450, 154
Trd, 000041.800, 153
Trd, 000041.967, 154
Trd, 000042.217, 154
Trd, 000042.667, 153
Trd, 000043.033, 154
Trd, 000043.150, 152
Trd, 000043.683, 153
Trd, 000043.883, 148
Trd, 000044.583, 154
Trd, 000045.417, 153
Trd, 000046.067, 154
Trd, 000046.450, 153
Trd, 000046.533, 152
Trd, 000047.667, 155
Trd, 000048.000, 152
Trd, 000048.333, 152
Trd, 000048.433, 153
Trd, 000048.683, 153
Trd, 000048.767, 154
Trd, 000049.533, 154
Trd, 000049.667, 155
Trd, 000050.400, 154
Trd, 000050.467, 153
Trd, 000050.700, 154
Trd, 000050.767, 163
Trd, 000052.300, 154
Trd, 000052.567, 153
Trd, 000052.933, 154
Trd, 000053.183, 155
Trd, 000053.617, 156
Trd, 000053.850, 155
Trd, 000054.600, 156
Trd, 000056.033, 156
Trd, 000056.467, 157
Trd, 000056.567, 155
Trd, 000056.683, 158
Trd, 000056.817, 154
Trd, 000057.983, 156
Trd, 000058.450, 156
Trd, 000058.783, 155
Trd, 000059.617, 156
Trd, 000059.983, 155
Trd, 000060.117, 154
Trd, 000061.167, 155
Trd, 000062.100, 154
Trd, 000062.550, 155
Trd, 000062.700, 154
Trd, 000063.567, 155
Trd, 000063.867, 155
Trd, 000064.083, 154
Trd, 000065.100, 155
Trd, 000065.433, 154
Trd, 000065.917, 158
Trd, 000066.017, 154
Trd, 000067.017, 154
Trd, 000067.817, 153
Trd, 000067.950, 153
Trd, 000068.367, 151
Trd, 000068.700, 137
Trd, 000069.717, 151
Trd, 000069.817, 153
Trd, 000069.900, 152
Trd, 000070.033, 154
Trd, 000070.100, 150
Trd, 000071.083, 155
Trd, 000071.417, 152
Trd, 000071.700, 158
Trd, 000072.567, 158
Trd, 000073.517, 156
Trd, 000073.667, 155
Trd, 000073.833, 155
Trd, 000073.950, 158
Trd, 000074.867, 162
Trd, 000074.900, 154
Trd, 000075.500, 157
Trd, 000076.200, 158
Trd, 000077.000, 162
Trd, 000077.183, 157
Trd, 000077.200, 157
Trd, 000077.333, 155
Trd, 000079.117, 160
Trd, 000079.250, 156
Trd, 000080.250, 158
Trd, 000080.600, 159
Trd, 000080.850, 159
Trd, 000082.033, 160
Trd, 000082.067, 159
Trd, 000082.100, 161
Trd, 000082.233, 157
Trd, 000082.483, 156
Trd, 000083.267, 160
Trd, 000084.133, 159
Trd, 000084.283, 160
Trd, 000085.000, 160
Trd, 000085.900, 160
Trd, 000086.067, 159
Trd, 000087.050, 161
Trd, 000087.567, 160
Trd, 000088.367, 160
Trd, 000088.417, 160
Trd, 000089.333, 164
Trd, 000089.717, 167
Trd, 000090.083, 162
Trd, 000090.350, 160
Trd, 000090.500, 160
Trd, 000091.317, 160
Trd, 000092.167, 159
Trd, 000092.567, 159
Trd, 000093.050, 160
Trd, 000093.967, 158
Trd, 000094.383, 159
Trd, 000095.417, 160
Trd, 000095.650, 160
Trd, 000095.750, 160
Trd, 000095.800, 157
Trd, 000096.850, 161
Trd, 000096.867, 159
Trd, 000097.583, 162
Trd, 000098.350, 161
Trd, 000098.650, 158
Trd, 000099.667, 161
Trd, 000100.283, 162
Trd, 000100.467, 162
Trd, 000100.683, 159
Trd, 000100.750, 161
Trd, 000101.450, 160
Trd, 000101.783, 159
Trd, 000102.350, 159
Trd, 000103.167, 162
Trd, 000103.433, 168
Trd, 000104.517, 166
Trd, 000104.617, 164
Trd, 000105.183, 167
Trd, 000105.500, 168
Trd, 000105.550, 166
Trd, 000106.933, 167
Trd, 000107.367, 167
Trd, 000107.600, 167
Trd, 000107.617, 165
Trd, 000108.117, 164
Trd, 000108.200, 164
Trd, 000108.967, 166
Trd, 000109.967, 165
Trd, 000110.050, 165
Trd, 000110.317, 166
Trd, 000111.667, 165
Trd, 000113.017, 164
Trd, 000113.317, 163
Trd, 000113.467, 165
Trd, 000113.733, 167
Trd, 000114.083, 165
Trd, 000114.817, 165
Trd, 000115.100, 164
Trd, 000115.467, 163
Trd, 000115.617, 163
Trd, 000115.800, 164
Trd, 000115.917, 164
Trd, 000115.933, 163
Trd, 000116.150, 163
Trd, 000116.450, 162
Trd, 000118.250, 162
Trd, 000118.617, 160
Trd, 000119.317, 162
Trd, 000119.367, 160
Trd, 000119.467, 164
Trd, 000119.967, 162
Trd, 000120.550, 162
Trd, 000120.683, 161
Trd, 000121.217, 162
Trd, 000121.417, 167
Trd, 000121.933, 170
Trd, 000122.433, 174
Trd, 000122.467, 184
Trd, 000122.833, 176
Trd, 000123.083, 194
Trd, 000123.283, 208
Trd, 000123.433, 232
Trd, 000123.717, 237
Trd, 000124.750, 294
Trd, 000125.517, 318
Trd, 000125.583, 319
Trd, 000125.867, 323
Trd, 000126.100, 331.0
Trd, 000127.300, 315.0
Trd, 000128.067, 327
Trd, 000128.417, 320.0
Trd, 000129.117, 332
Trd, 000129.950, 343.0
Trd, 000131.433, 341
Trd, 000131.650, 341.0
Trd, 000132.417, 343.0
Trd, 000132.783, 344.0
Trd, 000132.917, 344
Trd, 000132.933, 342.0
Trd, 000132.983, 348.0
Trd, 000133.183, 350
Trd, 000134.100, 339
Trd, 000135.000, 347
Trd, 000136.117, 337
Trd, 000136.983, 338
Trd, 000138.600, 337.0
Trd, 000138.650, 340
Trd, 000138.933, 340
Trd, 000139.033, 342
Trd, 000139.217, 339
Trd, 000139.850, 341
Trd, 000140.233, 339
Trd, 000140.333, 337
Trd, 000140.783, 342.0
Trd, 000140.917, 344.0
Trd, 000141.517, 338
Trd, 000141.883, 337.0
Trd, 000142.200, 339
Trd, 000143.267, 337
Trd, 000143.550, 338
Trd, 000143.800, 341
Trd, 000144.050, 342
Trd, 000145.367, 342
Trd, 000146.267, 341
Trd, 000146.383, 343.0
Trd, 000146.400, 344.0
Trd, 000146.650, 340.0
Trd, 000146.783, 348.0
Trd, 000147.633, 337.0
Trd, 000148.233, 347
Trd, 000148.567, 344
Trd, 000149.550, 345
Trd, 000149.667, 345
Trd, 000149.733, 346
Trd, 000149.817, 339
Trd, 000150.183, 346
Trd, 000151.800, 342.0
Trd, 000151.833, 344.0
Trd, 000152.033, 340
Trd, 000152.450, 348.0
Trd, 000154.100, 343
Trd, 000154.350, 342
Trd, 000154.950, 344
Trd, 000155.250, 342
Trd, 000155.617, 341
Trd, 000156.517, 342
Trd, 000156.933, 345
Trd, 000158.283, 342
Trd, 000158.717, 344
Trd, 000159.800, 344
Trd, 000159.967, 344.0
Trd, 000161.500, 342
Trd, 000161.617, 341
Trd, 000162.067, 340
Trd, 000162.717, 340
Trd, 000162.817, 341
Trd, 000163.767, 343
Trd, 000164.000, 341
Trd, 000164.350, 339
Trd, 000164.767, 342
Trd, 000164.983, 343
Trd, 000165.317, 343
Trd, 000166.117, 342
Trd, 000166.467, 341
Trd, 000166.500, 342
Trd, 000166.833, 339
Trd, 000167.117, 341
Trd, 000167.483, 340
Trd, 000167.883, 344.0
Trd, 000169.033, 343
Trd, 000170.017, 343
Trd, 000170.333, 342
Trd, 000171.417, 342
Trd, 000171.867, 342
Trd, 000172.050, 343
Trd, 000172.283, 341
Trd, 000173.050, 344.0
Trd, 000173.367, 341
Trd, 000174.100, 348.0
Trd, 000174.450, 344.0
Trd, 000175.083, 340
Trd, 000175.567, 346
Trd, 000175.850, 345
Trd, 000176.367, 344.0
Trd, 000177.467, 346
Trd, 000177.800, 345
Trd, 000178.550, 345
Trd, 000178.683, 345.0
Trd, 000179.233, 343
Trd, 000179.583, 343
Trd, 000180.000, 343
Trd, 000180.433, 343
Trd, 000180.617, 346
Trd, 000181.533, 342
Trd, 000182.767, 341
Trd, 000183.283, 337.0
Trd, 000184.033, 337
Trd, 000184.267, 242
Trd, 000184.650, 218
Trd, 000185.317, 211
Trd, 000185.783, 207
Trd, 000185.950, 197
Trd, 000186.000, 179
Trd, 000186.200, 174
Trd, 000186.350, 169
Trd, 000187.083, 211
Trd, 000188.250, 174
Trd, 000188.833, 173
Trd, 000188.967, 172
Trd, 000189.550, 174
Trd, 000190.333, 173
Trd, 000190.567, 170
Trd, 000190.717, 171
Trd, 000191.900, 176
Trd, 000192.750, 170
Trd, 000194.017, 171
Trd, 000194.517, 172
Trd, 000194.533, 170
Trd, 000194.600, 173
Trd, 000194.900, 170
Trd, 000195.350, 169
Trd, 000196.283, 171
Trd, 000196.667, 169
Trd, 000196.967, 171
Trd, 000197.517, 171
Trd, 000197.583, 170
Trd, 000197.733, 171
Trd, 000197.933, 169
Trd, 000198.983, 168
Trd, 000199.183, 169
Trd, 000200.367, 169
Trd, 000201.017, 169
Trd, 000201.050, 169
Trd, 000201.350, 168
Trd, 000201.617, 168
Trd, 000202.417, 166
Trd, 000202.767, 166
Trd, 000203.350, 165
Trd, 000203.417, 168
Trd, 000203.683, 156
Trd, 000203.967, 168
Trd, 000204.333, 168
Trd, 000205.500, 166
Trd, 000206.700, 166
Trd, 000207.050, 167
Trd, 000207.150, 167
Trd, 000207.533, 170
Trd, 000208.017, 165
Trd, 000208.333, 177
Trd, 000208.583, 169
Trd, 000209.317, 169
Trd, 000209.733, 167
Trd, 000210.033, 168
Trd, 000210.067, 166
Trd, 000210.200, 169
Trd, 000210.883, 170
Trd, 000211.450, 168
Trd, 000212.467, 167
Trd, 000212.750, 167
Trd, 000212.900, 168
Trd, 000213.833, 168
Trd, 000214.117, 169
Trd, 000214.533, 169
Trd, 000214.917, 166
Trd, 000215.567, 166
Trd, 000216.183, 171
Trd, 000217.200, 166
Trd, 000217.850, 165
Trd, 000218.200, 165
Trd, 000218.483, 165
Trd, 000218.567, 166
Trd, 000219.167, 166
Trd, 000219.900, 166
Trd, 000220.017, 167
Trd, 000220.717, 170
Trd, 000220.817, 177
Trd, 000221.283, 171
Trd, 000221.700, 174
Trd, 000221.933, 167
Trd, 000221.950, 166
Trd, 000222.583, 168
Trd, 000223.617, 170
Trd, 000224.417, 168
Trd, 000224.717, 171
Trd, 000225.400, 180
Trd, 000226.567, 173
Trd, 000226.867, 176
Trd, 000227.633, 172
Trd, 000229.367, 172
Trd, 000230.417, 173
Trd, 000230.450, 172
Trd, 000230.667, 171
Trd, 000231.100, 170
Trd, 000231.683, 165
Trd, 000231.767, 166
Trd, 000232.000, 167
Trd, 000232.367, 159
Trd, 000232.383, 171
Trd, 000232.683, 170
Trd, 000233.400, 169
Trd, 000233.833, 170
Trd, 000233.867, 171
Trd, 000234.900, 170
Trd, 000234.983, 170
Trd, 000235.050, 170
Trd, 000235.100, 168
Trd, 000235.583, 167
Trd, 000235.933, 179
Trd, 000236.333, 167
Trd, 000237.867, 180
Trd, 000238.817, 180
Trd, 000239.050, 175
Trd, 000239.900, 176
Trd, 000240.050, 175
Trd, 000240.200, 175
Trd, 000240.550, 175
Trd, 000240.667, 176
Trd, 000240.983, 176
Trd, 000241.183, 177
Trd, 000241.683, 178
Trd, 000241.967, 177
Trd, 000242.067, 177
Trd, 000242.200, 179
Trd, 000242.300, 182
Trd, 000242.550, 186
Trd, 000243.300, 184
Trd, 000244.517, 182
Trd, 000244.800, 179
Trd, 000244.867, 178
Trd, 000245.450, 177
Trd, 000245.650, 176
Trd, 000246.483, 176
Trd, 000246.867, 179
Trd, 000247.050, 177
Trd, 000247.467, 177
Trd, 000247.483, 176
Trd, 000247.550, 175
Trd, 000248.467, 176
Trd, 000248.717, 180
Trd, 000249.017, 180
Trd, 000249.517, 175
Trd, 000249.950, 173
Trd, 000250.717, 179
Trd, 000251.100, 176
Trd, 000251.133, 180
Trd, 000251.317, 173
Trd, 000251.383, 180
Trd, 000252.033, 173
Trd, 000252.400, 176
Trd, 000252.450, 172
Trd, 000252.550, 177
Trd, 000253.067, 175
Trd, 000253.717, 176
Trd, 000253.883, 175
Trd, 000255.117, 178
Trd, 000255.700, 178
Trd, 000255.933, 174
Trd, 000256.000, 174
Trd, 000256.017, 176
Trd, 000256.550, 176
Trd, 000257.667, 176
Trd, 000258.133, 176
Trd, 000258.200, 174
Trd, 000258.483, 177
Trd, 000259.450, 179
Trd, 000259.817, 179
Trd, 000259.900, 176
Trd, 000260.267, 175
Trd, 000261.050, 176
Trd, 000261.100, 175
Trd, 000261.650, 176
Trd, 000261.833, 175
Trd, 000262.067, 177
Trd, 000262.700, 176
Trd, 000263.267, 177
Trd, 000263.850, 175
Trd, 000263.917, 174
Trd, 000263.967, 173
Trd, 000264.033, 176
Trd, 000264.500, 177
Trd, 000265.850, 180
Trd, 000266.350, 181
Trd, 000266.483, 177
Trd, 000266.733, 176
Trd, 000268.150, 175
Trd, 000268.700, 174
Trd, 000268.733, 178
Trd, 000268.917, 179
Trd, 000269.267, 179
Trd, 000269.300, 181
Trd, 000269.400, 174
Trd, 000269.850, 176
Trd, 000270.217, 178
Trd, 000270.417, 176
Trd, 000270.783, 178
Trd, 000270.800, 177
Trd, 000271.333, 178
Trd, 000272.100, 176
Trd, 000272.267, 179
Trd, 000272.783, 177
Trd, 000273.583, 176
Trd, 000273.633, 175
Trd, 000274.050, 180
Trd, 000275.050, 175
Trd, 000275.250, 174
Trd, 000275.467, 177
Trd, 000275.850, 175
Trd, 000276.367, 176
Trd, 000276.500, 177
Trd, 000277.617, 176
Trd, 000277.883, 174
Trd, 000278.017, 174
Trd, 000278.050, 177
Trd, 000278.167, 176
Trd, 000278.783, 178
Trd, 000278.967, 179
Trd, 000279.850, 179
Trd, 000279.900, 179
Trd, 000280.017, 180
Trd, 000281.117, 179
Trd, 000281.467, 181
Trd, 000281.483, 183
Trd, 000281.700, 178
Trd, 000282.550, 177
Trd, 000282.767, 178
Trd, 000282.917, 176
Trd, 000283.000, 179
Trd, 000283.500, 177
Trd, 000284.017, 176
Trd, 000284.450, 179
Trd, 000285.150, 179
Trd, 000285.483, 176
Trd, 000285.500, 175
Trd, 000286.200, 179
Trd, 000286.633, 176
Trd, 000287.300, 175
Trd, 000287.867, 177
Trd, 000288.733, 176
Trd, 000288.917, 177
Trd, 000289.317, 177
Trd, 000289.800, 177
Trd, 000290.100, 178
Trd, 000290.267, 175
Trd, 000290.533, 180
Trd, 000291.083, 176
Trd, 000291.117, 177
Trd, 000291.150, 180
Trd, 000291.683, 174
Trd, 000291.750, 181
Trd, 000292.533, 174
Trd, 000292.833, 174
Trd, 000292.933, 181
Trd, 000294.100, 180
Trd, 000294.767, 180
Trd, 000294.850, 182
Trd, 000294.933, 178
Trd, 000295.450, 177
Trd, 000295.633, 182
Trd, 000296.633, 178
Trd, 000297.000, 180
Trd, 000297.067, 177
Trd, 000297.150, 181
Trd, 000297.333, 178
Trd, 000297.567, 178
Trd, 000298.567, 181
Trd, 000298.850, 181
Trd, 000299.233, 178
Trd, 000299.833, 183
Trd, 000299.850, 178
