Trd, 000001.517, 115
Trd, 000003.067, 137
Trd, 000003.400, 138
Trd, 000004.167, 139
Trd, 000004.333, 144
Trd, 000004.867, 136
Trd, 000005.400, 134
Trd, 000005.517, 155
Trd, 000006.050, 158
Trd, 000007.717, 156
Trd, 000008.533, 167
Trd, 000008.867, 162
Trd, 000009.050, 168
Trd, 000009.317, 167
Trd, 000009.433, 160
Trd, 000009.983, 169
Trd, 000010.650, 161
Trd, 000010.667, 162
Trd, 000011.700, 161
Trd, 000012.400, 162
Trd, 000012.983, 162
Trd, 000013.300, 163
Trd, 000013.983, 163
Trd, 000014.383, 163
Trd, 000015.367, 162
Trd, 000015.850, 162
Trd, 000016.417, 160
Trd, 000017.100, 159
Trd, 000017.350, 159
Trd, 000017.533, 160
Trd, 000018.267, 157
Trd, 000019.317, 157
Trd, 000019.333, 151
Trd, 000019.633, 155
Trd, 000019.917, 151
Trd, 000020.250, 144
Trd, 000020.450, 139
Trd, 000020.467, 143
Trd, 000021.833, 155
Trd, 000022.850, 146
Trd, 000022.950, 148
Trd, 000023.817, 148
Trd, 000023.850, 154
Trd, 000024.267, 145
Trd, 000025.733, 146
Trd, 000026.183, 151
Trd, 000026.517, 156
Trd, 000029.050, 153
Trd, 000029.250, 149
Trd, 000029.883, 154
Trd, 000030.083, 154
Trd, 000030.717, 154
Trd, 000030.783, 151
Trd, 000031.233, 160
Trd, 000031.550, 152
Trd, 000033.617, 158
Trd, 000033.700, 158
Trd, 000033.733, 160
Trd, 000033.817, 158
Trd, 000034.450, 156
Trd, 000035.000, 159
Trd, 000035.967, 158
Trd, 000037.317, 157
Trd, 000037.817, 160
Trd, 000038.067, 175
Trd, 000038.200, 162
Trd, 000039.100, 168
Trd, 000039.317, 160
Trd, 000039.717, 166
Trd, 000039.883, 165
Trd, 000040.317, 161
Trd, 000040.367, 166
Trd, 000040.600, 161
Trd, 000040.767, 160
Trd, 000042.417, 156
Trd, 000042.433, 155
Trd, 000042.817, 157
Trd, 000043.133, 158
Trd, 000044.100, 158
Trd, 000044.150, 156
Trd, 000044.850, 156
Trd, 000046.800, 160
Trd, 000047.583, 161
Trd, 000048.117, 156
Trd, 000048.533, 158
Trd, 000048.850, 161
Trd, 000049.100, 158
Trd, 000049.317, 155
Trd, 000050.317, 160
Trd, 000050.333, 160
Trd, 000050.517, 151
Trd, 000050.533, 162
Trd, 000050.633, 144
Trd, 000051.067, 145
Trd, 000051.383, 176
Trd, 000053.117, 158
Trd, 000053.200, 160
Trd, 000053.717, 160
Trd, 000055.450, 172
Trd, 000056.117, 168
Trd, 000056.333, 167
Trd, 000056.433, 165
Trd, 000057.717, 168
Trd, 000058.483, 169
Trd, 000059.167, 168
Trd, 000059.367, 164
Trd, 000060.300, 169
Trd, 000060.317, 165
Trd, 000060.550, 172
Trd, 000060.867, 172
Trd, 000061.533, 164
Trd, 000061.717, 174
Trd, 000062.600, 176
Trd, 000063.817, 168
Trd, 000063.900, 164
Trd, 000064.550, 175
Trd, 000064.717, 175
Trd, 000064.817, 156
Trd, 000065.867, 166
Trd, 000066.483, 165
Trd, 000066.750, 164
Trd, 000067.033, 166
Trd, 000067.083, 164
Trd, 000067.100, 167
Trd, 000067.333, 168
Trd, 000067.383, 161
Trd, 000069.533, 161
Trd, 000069.983, 161
Trd, 000071.133, 162
Trd, 000071.417, 161
Trd, 000071.983, 163
Trd, 000072.317, 163
Trd, 000074.483, 160
Trd, 000074.533, 151
Trd, 000074.717, 163
Trd, 000074.867, 163
Trd, 000075.383, 164
Trd, 000075.817, 157
Trd, 000076.850, 161
Trd, 000077.900, 163
Trd, 000078.033, 164
Trd, 000078.767, 175
Trd, 000079.700, 173
Trd, 000080.133, 166
Trd, 000080.833, 164
Trd, 000081.567, 172
Trd, 000082.167, 172
Trd, 000082.583, 180
Trd, 000083.900, 171
Trd, 000083.983, 170
Trd, 000084.483, 166
Trd, 000084.817, 166
Trd, 000085.583, 164
Trd, 000085.933, 167
Trd, 000086.717, 158
Trd, 000087.517, 148
Trd, 000088.700, 141
Trd, 000088.983, 141
Trd, 000089.183, 166
Trd, 000089.767, 148
Trd, 000090.367, 150
Trd, 000090.433, 154
Trd, 000091.817, 155
Trd, 000092.017, 155
Trd, 000092.200, 162
Trd, 000092.250, 154
Trd, 000092.350, 164
Trd, 000094.367, 162
Trd, 000094.667, 160
Trd, 000095.167, 160
Trd, 000095.433, 161
Trd, 000095.650, 163
Trd, 000095.667, 167
Trd, 000095.817, 178
Trd, 000095.833, 159
Trd, 000098.200, 176
Trd, 000098.650, 177
Trd, 000101.350, 172
Trd, 000101.400, 171
Trd, 000101.667, 172
Trd, 000101.850, 173
Trd, 000102.617, 172
Trd, 000102.883, 170
Trd, 000103.667, 173
Trd, 000104.133, 175
Trd, 000106.150, 172
Trd, 000106.650, 173
Trd, 000108.583, 171
Trd, 000109.200, 173
Trd, 000109.300, 170
Trd, 000109.967, 169
Trd, 000110.050, 174
Trd, 000110.500, 163
Trd, 000111.467, 166
Trd, 000112.233, 164
Trd, 000112.283, 165
Trd, 000112.300, 167
Trd, 000112.417, 164
Trd, 000112.650, 167
Trd, 000113.533, 167
Trd, 000114.583, 166
Trd, 000114.733, 161
Trd, 000114.867, 168
Trd, 000116.383, 166
Trd, 000116.467, 165
Trd, 000116.717, 168
Trd, 000118.867, 167
Trd, 000119.483, 167
Trd, 000119.817, 166
Trd, 000120.200, 166
Trd, 000120.383, 165
Trd, 000120.550, 167
Trd, 000121.050, 168
Trd, 000121.133, 170
Trd, 000121.350, 185
Trd, 000122.200, 191
Trd, 000122.700, 198
Trd, 000122.900, 201
Trd, 000123.083, 260
Trd, 000123.500, 314
Trd, 000123.600, 323
Trd, 000123.850, 303.0
Trd, 000125.917, 322
Trd, 000126.433, 327
Trd, 000126.933, 331.0
Trd, 000127.383, 334.0
Trd, 000127.917, 341
Trd, 000128.117, 339
Trd, 000128.150, 355.0
Trd, 000131.217, 345
Trd, 000131.667, 344
Trd, 000132.950, 344
Trd, 000133.100, 346
Trd, 000133.500, 345
Trd, 000133.800, 346
Trd, 000134.667, 353.0
Trd, 000135.550, 347
Trd, 000136.433, 349
Trd, 000137.350, 352
Trd, 000137.517, 347
Trd, 000138.133, 352
Trd, 000138.383, 354
Trd, 000138.717, 355.0
Trd, 000140.000, 352
Trd, 000140.917, 353
Trd, 000141.400, 352
Trd, 000142.433, 353
Trd, 000143.333, 354
Trd, 000144.483, 351
Trd, 000144.633, 354
Trd, 000145.967, 355.0
Trd, 000145.983, 353
Trd, 000146.000, 358.0
Trd, 000146.033, 358
Trd, 000146.433, 354
Trd, 000147.000, 355
Trd, 000147.650, 354
Trd, 000148.133, 355.0
Trd, 000148.367, 354
Trd, 000148.817, 358.0
Trd, 000150.650, 355
Trd, 000150.950, 354
Trd, 000152.317, 355
Trd, 000153.083, 353
Trd, 000153.267, 371
Trd, 000154.417, 353
Trd, 000155.100, 366
Trd, 000155.117, 355
Trd, 000155.700, 362
Trd, 000156.000, 359
Trd, 000156.800, 359
Trd, 000157.033, 357
Trd, 000157.350, 354
Trd, 000158.700, 355
Trd, 000159.000, 356
Trd, 000159.050, 354
Trd, 000159.167, 361
Trd, 000159.667, 355.0
Trd, 000160.633, 354
Trd, 000161.417, 361
Trd, 000162.467, 354
Trd, 000163.633, 356
Trd, 000164.133, 354
Trd, 000164.850, 355
Trd, 000164.950, 349
Trd, 000165.250, 352
Trd, 000165.933, 356
Trd, 000166.600, 350
Trd, 000167.433, 349
Trd, 000167.500, 350
Trd, 000167.533, 348
Trd, 000169.350, 342
Trd, 000169.900, 334.0
Trd, 000170.317, 341
Trd, 000170.833, 338
Trd, 000172.217, 333.0
Trd, 000172.333, 339
Trd, 000172.567, 334.0
Trd, 000173.017, 335
Trd, 000173.767, 340
Trd, 000174.883, 338
Trd, 000175.550, 337
Trd, 000175.717, 336.0
Trd, 000176.250, 337
Trd, 000177.300, 337
Trd, 000177.650, 336.0
Trd, 000179.167, 343
Trd, 000179.883, 337
Trd, 000180.717, 339
Trd, 000181.317, 335
Trd, 000181.800, 340
Trd, 000182.217, 334
Trd, 000182.417, 332
Trd, 000182.817, 327.0
Trd, 000183.300, 324.0
Trd, 000183.617, 303.0
Trd, 000183.783, 298
Trd, 000183.833, 203
Trd, 000184.783, 182
Trd, 000186.083, 178
Trd, 000186.100, 184
Trd, 000186.167, 186
Trd, 000186.867, 150
Trd, 000187.433, 179
Trd, 000187.483, 183
Trd, 000187.817, 172
Trd, 000188.150, 173
Trd, 000190.150, 182
Trd, 000190.450, 176
Trd, 000191.083, 180
Trd, 000191.233, 180
Trd, 000191.467, 182
Trd, 000191.500, 191
Trd, 000192.517, 177
Trd, 000192.817, 176
Trd, 000192.950, 175
Trd, 000193.350, 175
Trd, 000194.483, 173
Trd, 000195.767, 174
Trd, 000196.350, 174
Trd, 000196.417, 175
Trd, 000196.900, 176
Trd, 000197.133, 175
Trd, 000198.167, 176
Trd, 000198.800, 178
Trd, 000198.933, 178
Trd, 000199.067, 192
Trd, 000199.417, 173
Trd, 000201.533, 173
Trd, 000201.767, 174
Trd, 000201.933, 175
Trd, 000202.050, 174
Trd, 000202.483, 175
Trd, 000204.217, 174
Trd, 000205.517, 174
Trd, 000206.200, 175
Trd, 000206.633, 175
Trd, 000207.350, 175
Trd, 000207.367, 176
Trd, 000207.583, 179
Trd, 000207.750, 174
Trd, 000208.217, 173
Trd, 000208.350, 178
Trd, 000209.333, 188
Trd, 000209.667, 171
Trd, 000209.817, 168
Trd, 000209.983, 184
Trd, 000210.200, 172
Trd, 000210.750, 172
Trd, 000210.817, 173
Trd, 000211.917, 178
Trd, 000213.583, 180
Trd, 000213.900, 179
Trd, 000215.333, 182
Trd, 000216.133, 181
Trd, 000216.267, 181
Trd, 000216.383, 183
Trd, 000216.417, 180
Trd, 000216.900, 184
Trd, 000216.950, 184
Trd, 000217.583, 170
Trd, 000219.100, 174
Trd, 000219.317, 178
Trd, 000219.650, 171
Trd, 000220.017, 175
Trd, 000220.500, 171
Trd, 000222.350, 165
Trd, 000222.367, 166
Trd, 000222.850, 164
Trd, 000223.583, 166
Trd, 000223.683, 167
Trd, 000223.817, 167
Trd, 000224.167, 165
Trd, 000224.217, 164
Trd, 000226.017, 166
Trd, 000226.150, 177
Trd, 000226.650, 176
Trd, 000226.683, 180
Trd, 000227.733, 191
Trd, 000229.417, 178
Trd, 000229.900, 176
Trd, 000230.867, 180
Trd, 000231.017, 180
Trd, 000231.233, 176
Trd, 000231.900, 181
Trd, 000232.317, 181
Trd, 000232.700, 181
Trd, 000232.783, 181
Trd, 000232.833, 180
Trd, 000233.583, 177
Trd, 000233.867, 178
Trd, 000234.017, 173
Trd, 000235.333, 177
Trd, 000235.600, 176
Trd, 000235.650, 175
Trd, 000237.867, 182
Trd, 000238.833, 185
Trd, 000239.217, 183
Trd, 000239.950, 183
Trd, 000240.200, 185
Trd, 000240.367, 185
Trd, 000240.667, 186
Trd, 000241.300, 184
Trd, 000241.383, 183
Trd, 000241.450, 182
Trd, 000242.167, 185
Trd, 000242.650, 184
Trd, 000242.833, 182
Trd, 000242.967, 182
Trd, 000243.833, 182
Trd, 000244.300, 182
Trd, 000244.533, 183
Trd, 000244.817, 180
Trd, 000245.633, 174
Trd, 000245.783, 172
Trd, 000246.817, 179
Trd, 000247.250, 178
Trd, 000247.483, 181
Trd, 000248.867, 180
Trd, 000249.733, 175
Trd, 000250.017, 179
Trd, 000250.933, 179
Trd, 000251.333, 180
Trd, 000251.700, 175
Trd, 000251.783, 174
Trd, 000251.800, 173
Trd, 000251.867, 177
Trd, 000251.950, 179
Trd, 000252.250, 183
Trd, 000253.033, 169
Trd, 000253.633, 184
Trd, 000254.283, 185
Trd, 000255.883, 182
Trd, 000256.383, 181
Trd, 000256.767, 181
Trd, 000257.450, 179
Trd, 000257.500, 179
Trd, 000257.783, 178
Trd, 000257.967, 180
Trd, 000258.500, 177
Trd, 000258.617, 185
Trd, 000259.650, 179
Trd, 000260.000, 182
Trd, 000260.433, 181
Trd, 000261.117, 182
Trd, 000261.583, 182
Trd, 000261.650, 181
Trd, 000261.900, 179
Trd, 000262.200, 181
Trd, 000263.067, 182
Trd, 000263.267, 180
Trd, 000264.383, 179
Trd, 000264.417, 178
Trd, 000264.650, 175
Trd, 000264.967, 174
Trd, 000265.100, 177
Trd, 000265.533, 170
Trd, 000265.883, 174
Trd, 000266.483, 171
Trd, 000266.717, 172
Trd, 000266.983, 185
Trd, 000267.600, 175
Trd, 000267.717, 180
Trd, 000268.183, 179
Trd, 000268.200, 182
Trd, 000269.883, 184
Trd, 000269.967, 177
Trd, 000270.367, 186
Trd, 000271.417, 182
Trd, 000272.033, 183
Trd, 000272.283, 184
Trd, 000273.017, 184
Trd, 000273.433, 181
Trd, 000274.533, 184
Trd, 000274.900, 185
Trd, 000274.983, 182
Trd, 000275.017, 185
Trd, 000276.283, 181
Trd, 000276.350, 180
Trd, 000276.767, 181
Trd, 000276.800, 182
Trd, 000276.817, 186
Trd, 000277.067, 178
Trd, 000277.833, 176
Trd, 000278.033, 178
Trd, 000278.733, 179
Trd, 000279.000, 183
Trd, 000279.467, 183
Trd, 000279.550, 186
Trd, 000280.783, 185
Trd, 000281.333, 185
Trd, 000281.600, 184
Trd, 000282.833, 184
Trd, 000283.600, 186
Trd, 000283.650, 186
Trd, 000284.750, 183
Trd, 000285.283, 178
Trd, 000285.667, 181
Trd, 000286.217, 182
Trd, 000286.833, 182
Trd, 000287.217, 182
Trd, 000287.400, 181
Trd, 000287.967, 184
Trd, 000289.200, 181
Trd, 000289.800, 175
Trd, 000290.483, 180
Trd, 000291.050, 182
Trd, 000291.450, 182
Trd, 000291.800, 185
Trd, 000292.317, 182
Trd, 000292.800, 182
Trd, 000293.400, 184
Trd, 000293.567, 177
Trd, 000293.700, 184
Trd, 000293.750, 187
Trd, 000294.717, 177
Trd, 000295.867, 187
Trd, 000296.050, 188
Trd, 000296.917, 182
Trd, 000297.100, 183
Trd, 000297.217, 180
Trd, 000297.317, 184
Trd, 000297.683, 180
Trd, 000298.383, 185
Trd, 000299.033, 184
Trd, 000299.117, 185
