Trd, 000000.633, 128
Trd, 000002.083, 131
Trd, 000002.850, 155
Trd, 000003.150, 125
Trd, 000003.617, 134
Trd, 000004.300, 144
Trd, 000004.850, 145
Trd, 000004.967, 155
Trd, 000005.000, 158
Trd, 000005.117, 159
Trd, 000005.750, 148
Trd, 000006.833, 140
Trd, 000008.050, 150
Trd, 000008.450, 149
Trd, 000008.467, 148
Trd, 000009.417, 147
Trd, 000009.517, 150
Trd, 000009.667, 159
Trd, 000009.767, 167
Trd, 000010.667, 142
Trd, 000012.500, 153
Trd, 000012.717, 156
Trd, 000013.467, 155
Trd, 000013.500, 152
Trd, 000013.517, 156
Trd, 000015.117, 153
Trd, 000015.317, 151
Trd, 000015.883, 154
Trd, 000017.633, 153
Trd, 000017.667, 151
Trd, 000017.933, 145
Trd, 000019.567, 154
Trd, 000019.700, 157
Trd, 000019.783, 153
Trd, 000019.967, 151
Trd, 000020.450, 157
Trd, 000020.533, 148
Trd, 000022.000, 147
Trd, 000022.033, 157
Trd, 000022.600, 157
Trd, 000022.917, 159
Trd, 000024.350, 147
Trd, 000025.200, 146
Trd, 000025.483, 147
Trd, 000026.000, 152
Trd, 000026.167, 152
Trd, 000026.383, 153
Trd, 000026.400, 157
Trd, 000026.650, 142
Trd, 000026.733, 146
Trd, 000029.617, 155
Trd, 000030.083, 154
Trd, 000030.233, 156
Trd, 000030.567, 151
Trd, 000031.233, 156
Trd, 000031.533, 154
Trd, 000033.517, 156
Trd, 000033.717, 154
Trd, 000034.733, 157
Trd, 000035.133, 154
Trd, 000035.617, 155
Trd, 000035.850, 153
Trd, 000036.050, 152
Trd, 000036.183, 155
Trd, 000036.933, 154
Trd, 000037.383, 148
Trd, 000037.400, 153
Trd, 000038.100, 152
Trd, 000039.183, 155
Trd, 000039.233, 151
Trd, 000039.633, 157
Trd, 000040.067, 157
Trd, 000040.583, 156
Trd, 000040.800, 157
Trd, 000042.250, 157
Trd, 000042.350, 155
Trd, 000043.017, 153
Trd, 000043.367, 159
Trd, 000043.783, 160
Trd, 000045.017, 159
Trd, 000045.033, 155
Trd, 000045.183, 152
Trd, 000045.200, 151
Trd, 000045.233, 148
Trd, 000046.533, 156
Trd, 000046.917, 156
Trd, 000047.000, 145
Trd, 000047.367, 131
Trd, 000047.533, 143
Trd, 000048.050, 157
Trd, 000048.317, 162
Trd, 000048.900, 170
Trd, 000050.167, 160
Trd, 000050.400, 160
Trd, 000050.983, 162
Trd, 000051.100, 159
Trd, 000052.133, 157
Trd, 000052.583, 163
Trd, 000053.783, 160
Trd, 000054.050, 160
Trd, 000054.100, 161
Trd, 000054.750, 160
Trd, 000055.950, 161
Trd, 000056.333, 159
Trd, 000056.950, 160
Trd, 000057.133, 157
Trd, 000057.583, 161
Trd, 000058.083, 160
Trd, 000058.283, 162
Trd, 000059.200, 162
Trd, 000059.500, 161
Trd, 000060.000, 164
Trd, 000060.033, 161
Trd, 000060.533, 154
Trd, 000060.783, 139
Trd, 000061.350, 163
Trd, 000062.083, 157
Trd, 000062.683, 156
Trd, 000063.550, 158
Trd, 000063.817, 157
Trd, 000063.933, 156
Trd, 000064.050, 159
Trd, 000064.500, 150
Trd, 000066.083, 154
Trd, 000066.183, 161
Trd, 000066.783, 152
Trd, 000068.000, 144
Trd, 000068.400, 153
Trd, 000068.417, 156
Trd, 000068.683, 157
Trd, 000068.950, 146
Trd, 000070.350, 153
Trd, 000072.017, 152
Trd, 000072.550, 152
Trd, 000072.583, 154
Trd, 000072.633, 152
Trd, 000072.900, 153
Trd, 000073.633, 152
Trd, 000073.717, 153
Trd, 000074.767, 162
Trd, 000075.267, 164
Trd, 000075.850, 159
Trd, 000076.850, 165
Trd, 000077.000, 158
Trd, 000077.367, 170
Trd, 000077.900, 163
Trd, 000078.567, 173
Trd, 000078.650, 179
Trd, 000079.367, 169
Trd, 000079.617, 163
Trd, 000079.817, 151
Trd, 000080.167, 150
Trd, 000080.583, 166
Trd, 000081.533, 163
Trd, 000081.883, 163
Trd, 000082.317, 165
Trd, 000083.450, 159
Trd, 000083.467, 160
Trd, 000083.533, 162
Trd, 000084.183, 159
Trd, 000085.667, 153
Trd, 000087.350, 155
Trd, 000087.633, 160
Trd, 000087.750, 152
Trd, 000087.933, 161
Trd, 000088.050, 152
Trd, 000088.233, 162
Trd, 000089.600, 151
Trd, 000090.367, 159
Trd, 000090.717, 161
Trd, 000091.183, 155
Trd, 000092.100, 160
Trd, 000092.583, 164
Trd, 000092.650, 156
Trd, 000094.383, 164
Trd, 000094.683, 164
Trd, 000094.833, 164
Trd, 000094.917, 155
Trd, 000095.117, 153
Trd, 000096.083, 151
Trd, 000097.050, 161
Trd, 000097.117, 161
Trd, 000097.483, 163
Trd, 000097.883, 165
Trd, 000097.900, 156
Trd, 000097.950, 155
Trd, 000098.000, 150
Trd, 000098.467, 167
Trd, 000099.950, 172
Trd, 000100.950, 155
Trd, 000101.867, 163
Trd, 000102.067, 162
Trd, 000102.433, 146
Trd, 000102.683, 163
Trd, 000102.717, 135
Trd, 000103.467, 161
Trd, 000104.067, 162
Trd, 000104.583, 167
Trd, 000104.850, 162
Trd, 000105.217, 168
Trd, 000105.483, 163
Trd, 000105.800, 161
Trd, 000106.683, 162
Trd, 000107.483, 164
Trd, 000107.867, 162
Trd, 000108.783, 164
Trd, 000109.217, 164
Trd, 000109.450, 166
Trd, 000109.833, 161
Trd, 000110.350, 160
Trd, 000110.383, 159
Trd, 000110.417, 173
Trd, 000111.917, 163
Trd, 000112.050, 166
Trd, 000112.317, 162
Trd, 000113.333, 161
Trd, 000113.567, 160
Trd, 000114.200, 162
Trd, 000114.267, 152
Trd, 000114.950, 148
Trd, 000115.033, 160
Trd, 000115.617, 148
Trd, 000115.933, 166
Trd, 000116.117, 169
Trd, 000116.717, 161
Trd, 000116.950, 155
Trd, 000117.083, 165
Trd, 000118.567, 174
Trd, 000118.700, 176
Trd, 000120.050, 156
Trd, 000120.600, 160
Trd, 000120.683, 162
Trd, 000120.983, 162
Trd, 000121.033, 163
Trd, 000121.700, 167
Trd, 000121.983, 153
Trd, 000122.083, 170
Trd, 000122.300, 178
Trd, 000122.383, 184
Trd, 000122.433, 193
Trd, 000122.583, 198
Trd, 000122.783, 208
Trd, 000123.433, 255
Trd, 000123.817, 298
Trd, 000124.600, 196
Trd, 000125.117, 276
Trd, 000125.250, 309
Trd, 000125.700, 327.0
Trd, 000126.650, 300.0
Trd, 000126.700, 322
Trd, 000126.950, 322
Trd, 000128.617, 320
Trd, 000128.683, 331.0
Trd, 000128.883, 300.0
Trd, 000130.267, 331.0
Trd, 000131.183, 326
Trd, 000131.267, 329
Trd, 000132.500, 334.0
Trd, 000133.400, 331
Trd, 000133.750, 332
Trd, 000134.517, 331
Trd, 000134.567, 333
Trd, 000134.833, 331
Trd, 000134.850, 333
Trd, 000135.167, 328
Trd, 000136.817, 334
Trd, 000136.933, 331
Trd, 000137.317, 337.0
Trd, 000137.483, 358.0
Trd, 000139.167, 342
Trd, 000139.500, 342
Trd, 000139.900, 350
Trd, 000140.283, 355.0
Trd, 000140.900, 350
Trd, 000142.317, 351.0
Trd, 000142.367, 352
Trd, 000142.850, 353
Trd, 000143.200, 354
Trd, 000143.400, 347
Trd, 000143.633, 345
Trd, 000145.300, 342.0
Trd, 000146.517, 344.0
Trd, 000146.583, 351
Trd, 000146.633, 351
Trd, 000146.967, 352
Trd, 000147.267, 353
Trd, 000148.183, 351.0
Trd, 000149.033, 351
Trd, 000150.233, 353
Trd, 000150.300, 344
Trd, 000150.500, 341.0
Trd, 000151.050, 354
Trd, 000152.733, 345
Trd, 000153.183, 355.0
Trd, 000155.183, 349
Trd, 000155.333, 353.0
Trd, 000155.767, 354.0
Trd, 000155.883, 355.0
Trd, 000156.367, 355
Trd, 000156.867, 356
Trd, 000158.417, 352.0
Trd, 000158.800, 356
Trd, 000158.883, 354
Trd, 000158.933, 355
Trd, 000159.067, 351.0
Trd, 000159.133, 356
Trd, 000159.800, 352
Trd, 000160.883, 353
Trd, 000161.367, 352
Trd, 000161.783, 354
Trd, 000161.917, 352.0
Trd, 000162.517, 355.0
Trd, 000162.767, 351.0
Trd, 000164.467, 347
Trd, 000165.283, 352
Trd, 000165.433, 356
Trd, 000165.750, 351.0
Trd, 000166.383, 344.0
Trd, 000166.917, 352
Trd, 000167.233, 348
Trd, 000168.117, 347
Trd, 000169.400, 341.0
Trd, 000169.533, 348
Trd, 000170.150, 348
Trd, 000170.617, 351
Trd, 000170.683, 352
Trd, 000170.950, 342
Trd, 000171.033, 341
Trd, 000171.733, 337
Trd, 000171.850, 342
Trd, 000172.033, 351.0
Trd, 000172.633, 355.0
Trd, 000173.817, 358.0
Trd, 000174.067, 340
Trd, 000174.333, 340
Trd, 000174.467, 351
Trd, 000174.683, 339
Trd, 000174.917, 338
Trd, 000177.300, 347
Trd, 000177.567, 348
Trd, 000177.767, 349
Trd, 000177.967, 346
Trd, 000178.167, 344.0
Trd, 000179.417, 348
Trd, 000179.433, 355.0
Trd, 000179.600, 341.0
Trd, 000179.733, 348
Trd, 000181.833, 340
Trd, 000182.200, 336
Trd, 000182.317, 335
Trd, 000182.633, 320.0
Trd, 000183.150, 312
Trd, 000183.517, 300.0
Trd, 000183.550, 292
Trd, 000183.600, 277
Trd, 000183.800, 255
Trd, 000183.867, 235
Trd, 000184.283, 204
Trd, 000184.617, 193
Trd, 000185.000, 305
Trd, 000185.950, 190
Trd, 000186.467, 192
Trd, 000186.600, 176
Trd, 000188.117, 170
Trd, 000188.450, 185
Trd, 000188.567, 184
Trd, 000189.333, 178
Trd, 000189.467, 195
Trd, 000189.850, 160
Trd, 000190.150, 174
Trd, 000190.317, 170
Trd, 000190.617, 157
Trd, 000192.050, 156
Trd, 000192.567, 156
Trd, 000192.617, 155
Trd, 000192.667, 174
Trd, 000193.067, 184
Trd, 000193.217, 173
Trd, 000195.383, 171
Trd, 000195.617, 171
Trd, 000195.750, 170
Trd, 000196.283, 173
Trd, 000196.750, 171
Trd, 000196.933, 174
Trd, 000197.433, 175
Trd, 000197.683, 169
Trd, 000200.650, 169
Trd, 000201.200, 168
Trd, 000201.233, 170
Trd, 000201.383, 171
Trd, 000201.583, 175
Trd, 000201.650, 168
Trd, 000201.750, 178
Trd, 000201.867, 167
Trd, 000202.817, 175
Trd, 000203.533, 174
Trd, 000203.767, 171
Trd, 000204.133, 169
Trd, 000204.267, 185
Trd, 000205.883, 171
Trd, 000206.017, 178
Trd, 000207.300, 175
Trd, 000207.800, 177
Trd, 000208.100, 174
Trd, 000208.633, 176
Trd, 000209.550, 174
Trd, 000210.133, 172
Trd, 000210.533, 167
Trd, 000210.917, 168
Trd, 000211.017, 174
Trd, 000211.500, 173
Trd, 000212.183, 167
Trd, 000213.550, 172
Trd, 000213.583, 173
Trd, 000213.800, 165
Trd, 000213.867, 176
Trd, 000214.133, 174
Trd, 000214.383, 165
Trd, 000214.417, 174
Trd, 000214.500, 179
Trd, 000216.433, 173
Trd, 000217.400, 176
Trd, 000217.550, 169
Trd, 000218.000, 172
Trd, 000218.017, 176
Trd, 000220.300, 177
Trd, 000220.500, 174
Trd, 000221.150, 178
Trd, 000221.200, 175
Trd, 000222.100, 173
Trd, 000222.383, 177
Trd, 000222.483, 177
Trd, 000222.517, 173
Trd, 000223.717, 176
Trd, 000224.133, 175
Trd, 000224.250, 176
Trd, 000225.000, 175
Trd, 000225.417, 172
Trd, 000225.567, 177
Trd, 000225.817, 172
Trd, 000226.133, 178
Trd, 000226.300, 159
Trd, 000226.383, 158
Trd, 000226.400, 157
Trd, 000226.883, 180
Trd, 000229.500, 178
Trd, 000230.550, 175
Trd, 000230.667, 178
Trd, 000230.967, 174
Trd, 000231.050, 171
Trd, 000231.883, 177
Trd, 000232.033, 169
Trd, 000232.067, 177
Trd, 000232.883, 153
Trd, 000233.333, 176
Trd, 000233.833, 169
Trd, 000234.000, 175
Trd, 000234.333, 174
Trd, 000234.767, 177
Trd, 000235.100, 170
Trd, 000236.617, 170
Trd, 000236.817, 174
Trd, 000237.583, 169
Trd, 000239.200, 179
Trd, 000240.067, 174
Trd, 000240.200, 174
Trd, 000240.283, 177
Trd, 000240.617, 173
Trd, 000241.017, 176
Trd, 000241.083, 174
Trd, 000241.167, 175
Trd, 000241.300, 171
Trd, 000241.450, 177
Trd, 000241.833, 178
Trd, 000242.017, 179
Trd, 000242.067, 182
Trd, 000242.133, 189
Trd, 000243.683, 175
Trd, 000244.067, 174
Trd, 000244.550, 183
Trd, 000245.833, 171
Trd, 000246.217, 171
Trd, 000246.800, 169
Trd, 000246.900, 172
Trd, 000246.950, 171
Trd, 000247.183, 175
Trd, 000247.200, 170
Trd, 000247.700, 182
Trd, 000247.983, 174
Trd, 000248.217, 183
Trd, 000248.867, 181
Trd, 000250.517, 168
Trd, 000250.583, 174
Trd, 000251.283, 174
Trd, 000251.333, 176
Trd, 000251.367, 176
Trd, 000252.650, 171
Trd, 000253.300, 164
Trd, 000253.550, 163
Trd, 000253.650, 169
Trd, 000253.783, 164
Trd, 000254.000, 180
Trd, 000254.050, 183
Trd, 000254.967, 169
Trd, 000255.000, 171
Trd, 000255.383, 172
Trd, 000255.633, 171
Trd, 000255.767, 173
Trd, 000256.783, 171
Trd, 000257.583, 178
Trd, 000257.700, 181
Trd, 000258.067, 175
Trd, 000258.400, 171
Trd, 000258.817, 168
Trd, 000259.150, 179
Trd, 000259.200, 180
Trd, 000260.083, 177
Trd, 000260.517, 180
Trd, 000261.817, 182
Trd, 000261.833, 181
Trd, 000262.050, 179
Trd, 000262.417, 179
Trd, 000262.817, 178
Trd, 000263.583, 181
Trd, 000264.183, 181
Trd, 000264.350, 168
Trd, 000264.600, 184
Trd, 000265.050, 167
Trd, 000265.883, 187
Trd, 000266.300, 183
Trd, 000266.450, 185
Trd, 000266.500, 180
Trd, 000266.717, 180
Trd, 000266.750, 179
Trd, 000266.850, 182
Trd, 000267.133, 183
Trd, 000268.217, 188
Trd, 000268.367, 187
Trd, 000268.417, 184
Trd, 000268.733, 187
Trd, 000269.800, 189
Trd, 000270.150, 188
Trd, 000270.450, 183
Trd, 000270.750, 182
Trd, 000270.767, 171
Trd, 000271.100, 178
Trd, 000271.267, 184
Trd, 000272.300, 184
Trd, 000273.150, 183
Trd, 000273.450, 189
Trd, 000274.233, 182
Trd, 000274.617, 184
Trd, 000274.667, 182
Trd, 000274.733, 178
Trd, 000274.767, 178
Trd, 000275.367, 164
Trd, 000275.533, 185
Trd, 000276.000, 178
Trd, 000277.200, 179
Trd, 000277.217, 178
Trd, 000277.350, 173
Trd, 000278.133, 163
Trd, 000278.633, 169
Trd, 000278.933, 170
Trd, 000279.667, 166
Trd, 000280.017, 170
Trd, 000280.317, 171
Trd, 000280.333, 172
Trd, 000280.517, 168
Trd, 000280.583, 174
Trd, 000280.967, 183
Trd, 000281.650, 176
Trd, 000282.217, 183
Trd, 000282.250, 190
Trd, 000283.717, 181
Trd, 000284.000, 200
Trd, 000285.450, 188
Trd, 000285.583, 190
Trd, 000285.650, 186
Trd, 000285.667, 182
Trd, 000285.800, 183
Trd, 000286.300, 185
Trd, 000286.750, 175
Trd, 000287.100, 186
Trd, 000287.817, 184
Trd, 000287.900, 184
Trd, 000287.933, 180
Trd, 000288.417, 177
Trd, 000289.583, 184
Trd, 000289.817, 177
Trd, 000289.883, 184
Trd, 000290.700, 178
Trd, 000290.733, 176
Trd, 000290.950, 171
Trd, 000291.017, 183
Trd, 000291.400, 173
Trd, 000291.783, 178
Trd, 000292.583, 171
Trd, 000293.450, 176
Trd, 000293.683, 177
Trd, 000294.000, 187
Trd, 000294.083, 173
Trd, 000294.500, 180
Trd, 000294.633, 184
Trd, 000295.300, 191
Trd, 000295.500, 173
Trd, 000296.233, 182
Trd, 000296.333, 172
Trd, 000296.633, 183
Trd, 000296.800, 184
Trd, 000297.600, 176
Trd, 000298.633, 185
Trd, 000298.900, 187
Trd, 000299.167, 177
Trd, 000299.217, 194
Trd, 000299.867, 181
