Trd, 000003.100, 163
Trd, 000003.233, 162
Trd, 000003.250, 159
Trd, 000004.733, 154
Trd, 000004.967, 171
Trd, 000005.350, 174
Trd, 000006.133, 174
Trd, 000006.200, 150
Trd, 000006.283, 148
Trd, 000006.800, 175
Trd, 000006.950, 152
Trd, 000007.833, 157
Trd, 000007.867, 149
Trd, 000008.000, 146
Trd, 000008.517, 140
Trd, 000009.000, 151
Trd, 000010.217, 165
Trd, 000011.000, 165
Trd, 000011.233, 166
Trd, 000011.333, 165
Trd, 000012.883, 163
Trd, 000013.533, 159
Trd, 000013.667, 160
Trd, 000014.233, 160
Trd, 000015.633, 160
Trd, 000016.183, 159
Trd, 000016.300, 152
Trd, 000017.167, 151
Trd, 000018.117, 154
Trd, 000018.133, 157
Trd, 000018.483, 160
Trd, 000018.867, 163
Trd, 000019.017, 151
Trd, 000019.867, 164
Trd, 000021.983, 158
Trd, 000022.167, 160
Trd, 000022.750, 160
Trd, 000023.917, 161
Trd, 000024.217, 161
Trd, 000024.550, 160
Trd, 000025.067, 150
Trd, 000025.133, 155
Trd, 000025.817, 154
Trd, 000026.583, 155
Trd, 000027.033, 134
Trd, 000027.517, 150
Trd, 000027.533, 153
Trd, 000027.833, 138
Trd, 000028.183, 153
Trd, 000028.933, 154
Trd, 000029.767, 140
Trd, 000030.183, 141
Trd, 000030.250, 138
Trd, 000030.400, 135
Trd, 000030.433, 153
Trd, 000032.433, 151
Trd, 000032.700, 153
Trd, 000033.350, 148
Trd, 000034.867, 155
Trd, 000035.317, 154
Trd, 000035.350, 153
Trd, 000035.917, 152
Trd, 000036.183, 153
Trd, 000036.583, 154
Trd, 000036.700, 155
Trd, 000038.650, 156
Trd, 000038.683, 154
Trd, 000038.733, 148
Trd, 000039.200, 156
Trd, 000039.700, 159
Trd, 000040.050, 160
Trd, 000040.350, 161
Trd, 000040.433, 153
Trd, 000040.633, 162
Trd, 000041.250, 166
Trd, 000042.067, 169
Trd, 000043.183, 160
Trd, 000044.200, 159
Trd, 000044.467, 158
Trd, 000044.967, 158
Trd, 000046.283, 158
Trd, 000046.700, 159
Trd, 000047.033, 160
Trd, 000047.167, 163
Trd, 000049.350, 162
Trd, 000049.533, 152
Trd, 000050.233, 162
Trd, 000050.333, 163
Trd, 000050.533, 156
Trd, 000051.167, 156
Trd, 000051.383, 153
Trd, 000051.417, 165
Trd, 000052.467, 164
Trd, 000053.933, 153
Trd, 000054.300, 163
Trd, 000054.550, 141
Trd, 000056.983, 157
Trd, 000057.083, 158
Trd, 000057.283, 158
Trd, 000057.350, 160
Trd, 000057.400, 163
Trd, 000058.800, 164
Trd, 000059.150, 160
Trd, 000059.617, 160
Trd, 000060.283, 162
Trd, 000060.450, 162
Trd, 000060.600, 163
Trd, 000061.117, 162
Trd, 000061.383, 160
Trd, 000063.317, 160
Trd, 000063.483, 160
Trd, 000063.567, 157
Trd, 000064.750, 162
Trd, 000065.033, 158
Trd, 000065.300, 163
Trd, 000065.550, 157
Trd, 000066.750, 154
Trd, 000066.800, 150
Trd, 000067.083, 164
Trd, 000068.650, 154
Trd, 000069.767, 157
Trd, 000070.000, 156
Trd, 000070.383, 161
Trd, 000070.850, 161
Trd, 000071.400, 155
Trd, 000071.767, 162
Trd, 000072.533, 165
Trd, 000072.700, 169
Trd, 000072.750, 155
Trd, 000073.333, 141
Trd, 000073.567, 155
Trd, 000074.933, 150
Trd, 000075.717, 152
Trd, 000076.217, 145
Trd, 000077.167, 153
Trd, 000077.950, 151
Trd, 000078.883, 151
Trd, 000079.083, 152
Trd, 000079.267, 166
Trd, 000079.917, 156
Trd, 000080.000, 152
Trd, 000080.150, 149
Trd, 000080.750, 156
Trd, 000080.900, 157
Trd, 000081.250, 151
Trd, 000082.567, 153
Trd, 000082.633, 156
Trd, 000082.950, 151
Trd, 000083.700, 150
Trd, 000084.733, 164
Trd, 000084.983, 170
Trd, 000085.283, 163
Trd, 000085.450, 156
Trd, 000085.600, 163
Trd, 000086.333, 167
Trd, 000087.350, 158
Trd, 000087.450, 155
Trd, 000087.600, 171
Trd, 000087.950, 156
Trd, 000088.367, 161
Trd, 000088.567, 143
Trd, 000091.150, 160
Trd, 000091.750, 159
Trd, 000091.800, 161
Trd, 000092.217, 163
Trd, 000092.733, 159
Trd, 000093.300, 157
Trd, 000093.450, 162
Trd, 000094.333, 158
Trd, 000094.450, 157
Trd, 000095.783, 162
Trd, 000096.900, 163
Trd, 000097.150, 159
Trd, 000097.383, 158
Trd, 000097.483, 167
Trd, 000098.617, 171
Trd, 000099.233, 171
Trd, 000099.350, 172
Trd, 000101.017, 174
Trd, 000101.567, 170
Trd, 000102.900, 166
Trd, 000103.617, 165
Trd, 000105.167, 165
Trd, 000105.717, 162
Trd, 000105.767, 158
Trd, 000105.917, 154
Trd, 000106.600, 160
Trd, 000106.800, 161
Trd, 000107.367, 169
Trd, 000107.417, 159
Trd, 000107.567, 167
Trd, 000107.900, 157
Trd, 000109.383, 159
Trd, 000109.483, 160
Trd, 000110.317, 157
Trd, 000110.633, 158
Trd, 000111.867, 139
Trd, 000112.667, 143
Trd, 000113.300, 150
Trd, 000113.533, 169
Trd, 000115.267, 153
Trd, 000115.600, 152
Trd, 000115.700, 153
Trd, 000115.917, 154
Trd, 000116.517, 158
Trd, 000116.867, 157
Trd, 000117.383, 173
Trd, 000117.483, 156
Trd, 000117.550, 176
Trd, 000118.667, 157
Trd, 000119.067, 158
Trd, 000119.283, 163
Trd, 000120.517, 161
Trd, 000121.350, 164
Trd, 000121.583, 164
Trd, 000121.600, 170
Trd, 000122.200, 192
Trd, 000122.450, 177
Trd, 000122.900, 194
Trd, 000123.417, 201
Trd, 000123.700, 219
Trd, 000124.383, 300.0
Trd, 000124.667, 317
Trd, 000125.200, 307
Trd, 000125.983, 329
Trd, 000126.233, 320.0
Trd, 000126.417, 330
Trd, 000127.033, 341
Trd, 000127.217, 336
Trd, 000127.450, 335
Trd, 000127.833, 341.0
Trd, 000127.967, 332
Trd, 000128.700, 342
Trd, 000129.767, 334
Trd, 000130.333, 358.0
Trd, 000130.350, 348.0
Trd, 000130.417, 362.0
Trd, 000131.900, 351
Trd, 000133.083, 354
Trd, 000134.600, 356
Trd, 000135.133, 358.0
Trd, 000135.950, 355
Trd, 000137.133, 353
Trd, 000137.217, 355
Trd, 000137.900, 353
Trd, 000138.417, 351
Trd, 000138.950, 350
Trd, 000139.167, 349
Trd, 000139.483, 330
Trd, 000139.750, 351
Trd, 000139.950, 325
Trd, 000140.383, 334
Trd, 000141.150, 348.0
Trd, 000141.250, 348
Trd, 000142.017, 337
Trd, 000142.117, 350
Trd, 000143.200, 348.0
Trd, 000144.717, 346.0
Trd, 000144.783, 348
Trd, 000145.367, 344.0
Trd, 000145.667, 345
Trd, 000145.850, 344
Trd, 000146.267, 341
Trd, 000147.283, 352
Trd, 000147.667, 339
Trd, 000148.550, 332
Trd, 000150.000, 334.0
Trd, 000150.733, 340
Trd, 000150.817, 335
Trd, 000151.633, 341
Trd, 000152.100, 334.0
Trd, 000152.233, 338
Trd, 000152.800, 340
Trd, 000153.050, 358.0
Trd, 000153.683, 332
Trd, 000154.867, 359
Trd, 000155.200, 349
Trd, 000155.650, 356
Trd, 000157.683, 350
Trd, 000158.400, 355
Trd, 000160.233, 351
Trd, 000160.550, 349
Trd, 000160.800, 350
Trd, 000162.183, 349
Trd, 000162.400, 350
Trd, 000163.000, 352
Trd, 000163.400, 358.0
Trd, 000163.683, 350.0
Trd, 000164.550, 348.0
Trd, 000164.900, 358
Trd, 000165.150, 346
Trd, 000165.183, 343
Trd, 000165.283, 342
Trd, 000165.933, 333
Trd, 000166.200, 358.0
Trd, 000166.850, 348
Trd, 000168.100, 357
Trd, 000168.200, 348.0
Trd, 000168.900, 357
Trd, 000169.467, 355
Trd, 000169.633, 361.0
Trd, 000169.933, 345.0
Trd, 000170.950, 363.0
Trd, 000171.150, 346
Trd, 000171.850, 345
Trd, 000172.567, 347
Trd, 000173.217, 326
Trd, 000174.417, 348.0
Trd, 000175.500, 344.0
Trd, 000175.533, 339
Trd, 000176.567, 343
Trd, 000176.717, 346
Trd, 000176.750, 349
Trd, 000177.183, 340
Trd, 000177.617, 345
Trd, 000178.283, 339
Trd, 000178.783, 342
Trd, 000179.933, 347
Trd, 000180.533, 358.0
Trd, 000180.550, 362.0
Trd, 000181.933, 351.0
Trd, 000181.950, 356
Trd, 000182.333, 349.0
Trd, 000182.350, 339
Trd, 000182.617, 330
Trd, 000182.917, 317.0
Trd, 000182.983, 312
Trd, 000183.500, 310.0
Trd, 000183.667, 306.0
Trd, 000183.983, 327
Trd, 000184.167, 300.0
Trd, 000184.767, 221
Trd, 000184.900, 200
Trd, 000185.267, 200
Trd, 000186.617, 200
Trd, 000187.067, 206
Trd, 000188.650, 185
Trd, 000190.633, 188
Trd, 000191.350, 185
Trd, 000191.367, 188
Trd, 000191.517, 185
Trd, 000191.767, 184
Trd, 000192.850, 182
Trd, 000192.983, 181
Trd, 000193.067, 184
Trd, 000193.733, 182
Trd, 000194.117, 183
Trd, 000194.633, 177
Trd, 000195.000, 167
Trd, 000195.117, 184
Trd, 000196.667, 173
Trd, 000197.117, 172
Trd, 000197.833, 176
Trd, 000198.333, 177
Trd, 000198.733, 175
Trd, 000199.433, 171
Trd, 000199.667, 175
Trd, 000200.200, 176
Trd, 000200.800, 175
Trd, 000201.833, 169
Trd, 000202.150, 168
Trd, 000202.433, 166
Trd, 000202.783, 176
Trd, 000204.350, 180
Trd, 000205.033, 173
Trd, 000205.800, 171
Trd, 000206.100, 171
Trd, 000206.433, 171
Trd, 000208.233, 173
Trd, 000208.617, 170
Trd, 000208.633, 174
Trd, 000208.650, 175
Trd, 000209.767, 169
Trd, 000210.183, 174
Trd, 000211.883, 175
Trd, 000212.817, 174
Trd, 000213.500, 175
Trd, 000214.233, 173
Trd, 000214.333, 177
Trd, 000215.267, 179
Trd, 000215.617, 178
Trd, 000216.183, 175
Trd, 000216.400, 183
Trd, 000216.617, 182
Trd, 000217.283, 170
Trd, 000217.500, 180
Trd, 000217.650, 169
Trd, 000218.250, 187
Trd, 000218.900, 176
Trd, 000220.817, 182
Trd, 000221.333, 181
Trd, 000221.367, 176
Trd, 000221.483, 175
Trd, 000222.950, 173
Trd, 000223.050, 170
Trd, 000223.967, 174
Trd, 000223.983, 175
Trd, 000225.517, 173
Trd, 000225.917, 173
Trd, 000225.967, 175
Trd, 000226.067, 184
Trd, 000226.283, 172
Trd, 000226.683, 180
Trd, 000227.750, 171
Trd, 000229.350, 173
Trd, 000230.200, 174
Trd, 000230.400, 174
Trd, 000230.917, 179
Trd, 000231.283, 173
Trd, 000231.850, 172
Trd, 000233.217, 175
Trd, 000233.250, 177
Trd, 000234.067, 171
Trd, 000234.450, 169
Trd, 000234.983, 171
Trd, 000235.433, 177
Trd, 000236.800, 174
Trd, 000238.483, 174
Trd, 000238.567, 172
Trd, 000238.967, 175
Trd, 000239.433, 182
Trd, 000240.650, 174
Trd, 000240.850, 176
Trd, 000240.950, 172
Trd, 000241.167, 174
Trd, 000241.650, 174
Trd, 000241.783, 172
Trd, 000242.167, 172
Trd, 000242.833, 171
Trd, 000242.967, 168
Trd, 000243.017, 159
Trd, 000243.167, 173
Trd, 000243.300, 154
Trd, 000243.333, 149
Trd, 000244.133, 179
Trd, 000244.167, 182
Trd, 000244.650, 186
Trd, 000245.283, 188
Trd, 000246.583, 187
Trd, 000246.967, 185
Trd, 000247.017, 187
Trd, 000247.200, 187
Trd, 000248.050, 190
Trd, 000248.350, 184
Trd, 000249.133, 191
Trd, 000249.867, 203
Trd, 000249.900, 190
Trd, 000250.167, 186
Trd, 000251.183, 184
Trd, 000252.017, 188
Trd, 000252.183, 183
Trd, 000252.933, 173
Trd, 000253.133, 169
Trd, 000253.300, 186
Trd, 000254.817, 173
Trd, 000255.350, 168
Trd, 000255.400, 172
Trd, 000255.667, 173
Trd, 000256.383, 170
Trd, 000256.633, 169
Trd, 000257.433, 181
Trd, 000258.217, 182
Trd, 000258.367, 183
Trd, 000258.767, 182
Trd, 000258.867, 181
Trd, 000260.200, 181
Trd, 000260.300, 182
Trd, 000260.783, 182
Trd, 000262.667, 179
Trd, 000263.217, 182
Trd, 000263.233, 178
Trd, 000263.550, 184
Trd, 000264.517, 184
Trd, 000264.817, 183
Trd, 000265.117, 181
Trd, 000265.383, 183
Trd, 000265.617, 182
Trd, 000265.850, 183
Trd, 000267.033, 181
Trd, 000267.050, 180
Trd, 000267.350, 174
Trd, 000268.150, 181
Trd, 000268.517, 183
Trd, 000269.083, 183
Trd, 000269.533, 182
Trd, 000269.717, 178
Trd, 000270.150, 185
Trd, 000270.933, 183
Trd, 000271.200, 178
Trd, 000271.467, 177
Trd, 000271.650, 182
Trd, 000272.817, 183
Trd, 000272.917, 183
Trd, 000274.117, 183
Trd, 000274.183, 182
Trd, 000274.283, 183
Trd, 000274.500, 185
Trd, 000275.033, 175
Trd, 000275.250, 183
Trd, 000275.433, 184
Trd, 000276.650, 183
Trd, 000276.700, 186
Trd, 000276.933, 184
Trd, 000276.967, 183
Trd, 000277.333, 179
Trd, 000277.533, 182
Trd, 000277.550, 175
Trd, 000278.267, 187
Trd, 000278.383, 171
Trd, 000279.800, 190
Trd, 000281.000, 186
Trd, 000282.133, 187
Trd, 000282.350, 183
Trd, 000282.567, 183
Trd, 000282.667, 188
Trd, 000283.117, 183
Trd, 000283.583, 188
Trd, 000284.017, 183
Trd, 000284.183, 180
Trd, 000284.417, 176
Trd, 000284.933, 168
Trd, 000285.117, 190
Trd, 000285.867, 191
Trd, 000286.700, 192
Trd, 000287.200, 180
Trd, 000287.517, 188
Trd, 000288.400, 187
Trd, 000288.967, 192
Trd, 000289.050, 190
Trd, 000289.100, 189
Trd, 000289.183, 194
Trd, 000289.633, 192
Trd, 000289.683, 191
Trd, 000290.333, 191
Trd, 000290.467, 186
Trd, 000291.000, 184
Trd, 000291.800, 188
Trd, 000291.850, 178
Trd, 000292.050, 177
Trd, 000292.933, 172
Trd, 000293.167, 173
Trd, 000293.200, 174
Trd, 000293.783, 184
Trd, 000294.117, 162
Trd, 000295.100, 159
Trd, 000295.150, 160
Trd, 000295.867, 169
Trd, 000296.250, 185
Trd, 000296.267, 187
Trd, 000296.650, 171
Trd, 000297.300, 172
Trd, 000297.750, 181
Trd, 000298.367, 181
Trd, 000298.383, 172
Trd, 000299.000, 182
Trd, 000299.333, 183
Trd, 000299.450, 178
Trd, 000299.733, 191
Trd, 000299.783, 192
