Trd, 000000.867, 154
Trd, 000001.983, 144
Trd, 000002.050, 162
Trd, 000004.350, 158
Trd, 000004.617, 155
Trd, 000005.183, 144
Trd, 000005.750, 143
Trd, 000005.950, 147
Trd, 000006.050, 145
Trd, 000006.100, 144
Trd, 000006.833, 145
Trd, 000007.017, 152
Trd, 000007.650, 149
Trd, 000007.817, 146
Trd, 000008.617, 139
Trd, 000008.750, 138
Trd, 000009.667, 147
Trd, 000009.867, 150
Trd, 000010.133, 135
Trd, 000011.317, 146
Trd, 000011.917, 152
Trd, 000012.117, 143
Trd, 000012.883, 150
Trd, 000013.117, 150
Trd, 000013.450, 141
Trd, 000013.600, 147
Trd, 000015.400, 149
Trd, 000016.183, 150
Trd, 000016.483, 152
Trd, 000017.317, 154
Trd, 000017.650, 152
Trd, 000018.333, 160
Trd, 000019.050, 152
Trd, 000020.183, 153
Trd, 000020.450, 152
Trd, 000020.550, 135
Trd, 000020.683, 135
Trd, 000021.333, 155
Trd, 000021.467, 163
Trd, 000022.817, 159
Trd, 000023.550, 158
Trd, 000023.750, 157
Trd, 000024.433, 158
Trd, 000024.600, 159
Trd, 000024.800, 157
Trd, 000024.833, 155
Trd, 000026.683, 156
Trd, 000027.150, 156
Trd, 000027.217, 155
Trd, 000027.700, 149
Trd, 000028.350, 151
Trd, 000029.000, 150
Trd, 000029.300, 148
Trd, 000029.583, 151
Trd, 000029.650, 148
Trd, 000030.267, 152
Trd, 000030.533, 146
Trd, 000031.200, 146
Trd, 000031.533, 153
Trd, 000033.817, 147
Trd, 000034.450, 148
Trd, 000034.550, 146
Trd, 000034.800, 148
Trd, 000035.333, 148
Trd, 000035.550, 147
Trd, 000036.167, 148
Trd, 000036.350, 153
Trd, 000037.717, 150
Trd, 000037.933, 150
Trd, 000038.283, 152
Trd, 000039.200, 151
Trd, 000039.717, 153
Trd, 000040.300, 151
Trd, 000040.367, 156
Trd, 000041.067, 166
Trd, 000041.650, 160
Trd, 000041.817, 161
Trd, 000042.533, 152
Trd, 000043.183, 158
Trd, 000043.650, 159
Trd, 000044.017, 153
Trd, 000044.300, 152
Trd, 000045.017, 152
Trd, 000046.767, 152
Trd, 000046.883, 151
Trd, 000047.583, 150
Trd, 000048.017, 151
Trd, 000048.817, 151
Trd, 000049.233, 154
Trd, 000049.733, 154
Trd, 000050.067, 156
Trd, 000050.450, 153
Trd, 000051.983, 153
Trd, 000052.717, 156
Trd, 000053.100, 158
Trd, 000054.500, 153
Trd, 000054.517, 157
Trd, 000055.483, 156
Trd, 000056.117, 157
Trd, 000056.183, 154
Trd, 000057.000, 152
Trd, 000057.267, 152
Trd, 000058.183, 157
Trd, 000058.300, 152
Trd, 000058.350, 150
Trd, 000058.917, 147
Trd, 000059.650, 151
Trd, 000061.233, 155
Trd, 000062.250, 154
Trd, 000062.300, 155
Trd, 000062.450, 153
Trd, 000063.617, 156
Trd, 000064.283, 155
Trd, 000064.500, 153
Trd, 000064.550, 153
Trd, 000065.067, 154
Trd, 000066.033, 158
Trd, 000066.100, 155
Trd, 000066.117, 154
Trd, 000067.817, 158
Trd, 000068.417, 158
Trd, 000068.633, 154
Trd, 000069.783, 156
Trd, 000070.283, 156
Trd, 000070.750, 155
Trd, 000070.867, 157
Trd, 000071.767, 157
Trd, 000072.767, 155
Trd, 000073.067, 154
Trd, 000073.283, 156
Trd, 000074.050, 154
Trd, 000074.117, 155
Trd, 000074.133, 151
Trd, 000074.167, 150
Trd, 000074.750, 144
Trd, 000074.783, 155
Trd, 000075.817, 155
Trd, 000076.417, 146
Trd, 000078.133, 154
Trd, 000078.500, 154
Trd, 000078.783, 155
Trd, 000079.217, 154
Trd, 000079.417, 157
Trd, 000079.500, 154
Trd, 000079.667, 148
Trd, 000080.167, 154
Trd, 000081.717, 152
Trd, 000081.900, 150
Trd, 000082.217, 159
Trd, 000083.283, 159
Trd, 000083.867, 159
Trd, 000085.083, 159
Trd, 000085.133, 158
Trd, 000085.317, 163
Trd, 000085.400, 164
Trd, 000086.233, 170
Trd, 000086.767, 159
Trd, 000087.717, 153
Trd, 000087.967, 135
Trd, 000089.700, 154
Trd, 000089.717, 153
Trd, 000089.817, 162
Trd, 000089.883, 152
Trd, 000090.650, 165
Trd, 000091.000, 157
Trd, 000091.517, 159
Trd, 000092.283, 159
Trd, 000094.233, 159
Trd, 000094.467, 158
Trd, 000095.067, 160
Trd, 000095.467, 160
Trd, 000095.750, 157
Trd, 000095.867, 157
Trd, 000096.833, 161
Trd, 000097.467, 146
Trd, 000097.617, 156
Trd, 000097.783, 152
Trd, 000098.183, 156
Trd, 000098.467, 148
Trd, 000098.483, 156
Trd, 000100.133, 157
Trd, 000100.400, 157
Trd, 000100.783, 160
Trd, 000101.267, 165
Trd, 000102.100, 165
Trd, 000102.767, 166
Trd, 000103.883, 165
Trd, 000104.050, 166
Trd, 000105.717, 167
Trd, 000106.017, 165
Trd, 000106.467, 167
Trd, 000106.683, 167
Trd, 000106.950, 166
Trd, 000107.150, 163
Trd, 000108.733, 160
Trd, 000109.283, 160
Trd, 000109.433, 162
Trd, 000109.650, 159
Trd, 000109.767, 165
Trd, 000110.500, 159
Trd, 000110.900, 154
Trd, 000111.300, 138
Trd, 000112.433, 173
Trd, 000112.783, 154
Trd, 000114.050, 159
Trd, 000114.550, 159
Trd, 000115.517, 160
Trd, 000115.550, 161
Trd, 000116.350, 161
Trd, 000117.067, 159
Trd, 000117.467, 161
Trd, 000117.483, 158
Trd, 000117.533, 163
Trd, 000118.850, 161
Trd, 000118.917, 160
Trd, 000119.050, 162
Trd, 000119.533, 158
Trd, 000120.500, 153
Trd, 000121.583, 174
Trd, 000121.867, 177
Trd, 000121.967, 175
Trd, 000122.300, 180
Trd, 000122.367, 202
Trd, 000122.750, 208
Trd, 000123.250, 191
Trd, 000124.917, 331
Trd, 000125.367, 325
Trd, 000125.567, 330.0
Trd, 000125.867, 331.0
Trd, 000126.317, 341.0
Trd, 000126.417, 351.0
Trd, 000127.550, 326.0
Trd, 000127.867, 351.0
Trd, 000128.933, 342
Trd, 000130.167, 347
Trd, 000130.950, 350
Trd, 000131.817, 349
Trd, 000132.333, 349
Trd, 000134.167, 354
Trd, 000134.200, 354
Trd, 000134.800, 346
Trd, 000135.517, 351
Trd, 000135.967, 348
Trd, 000136.617, 349
Trd, 000137.300, 347
Trd, 000137.467, 343
Trd, 000138.417, 349
Trd, 000138.650, 345
Trd, 000139.083, 347
Trd, 000140.083, 348
Trd, 000140.800, 343
Trd, 000141.117, 346.0
Trd, 000141.150, 337
Trd, 000142.933, 339
Trd, 000144.167, 344.0
Trd, 000144.867, 341
Trd, 000144.983, 342
Trd, 000145.050, 339
Trd, 000145.367, 340
Trd, 000145.483, 338
Trd, 000145.517, 346
Trd, 000147.733, 318.0
Trd, 000148.350, 328
Trd, 000149.417, 327.0
Trd, 000149.500, 331.0
Trd, 000149.767, 341.0
Trd, 000151.483, 324.0
Trd, 000151.633, 331.0
Trd, 000152.700, 329
Trd, 000152.933, 329
Trd, 000153.250, 330
Trd, 000153.283, 327
Trd, 000153.800, 358
Trd, 000154.683, 332
Trd, 000155.500, 331
Trd, 000157.000, 339
Trd, 000157.317, 334
Trd, 000158.233, 338
Trd, 000158.367, 334
Trd, 000159.450, 334
Trd, 000160.367, 332
Trd, 000160.567, 327
Trd, 000160.633, 341.0
Trd, 000161.717, 340
Trd, 000161.917, 337
Trd, 000161.983, 335
Trd, 000162.767, 340
Trd, 000163.517, 340
Trd, 000165.700, 345
Trd, 000165.883, 349.0
Trd, 000166.333, 343
Trd, 000166.433, 343
Trd, 000167.667, 346
Trd, 000168.067, 345
Trd, 000168.517, 353
Trd, 000169.000, 340
Trd, 000169.950, 331.0
Trd, 000170.700, 344
Trd, 000171.017, 345
Trd, 000171.450, 338
Trd, 000171.800, 351.0
Trd, 000173.650, 343
Trd, 000174.083, 341
Trd, 000174.267, 343
Trd, 000174.333, 340
Trd, 000175.400, 337
Trd, 000175.533, 332
Trd, 000175.650, 327.0
Trd, 000177.933, 326.0
Trd, 000178.417, 334
Trd, 000178.450, 332
Trd, 000178.783, 326
Trd, 000178.850, 331.0
Trd, 000180.167, 348.0
Trd, 000180.217, 351.0
Trd, 000181.483, 338
Trd, 000182.567, 342
Trd, 000183.250, 341
Trd, 000183.350, 339
Trd, 000183.450, 336
Trd, 000183.550, 327.0
Trd, 000183.633, 313.0
Trd, 000183.700, 303.0
Trd, 000184.250, 300.0
Trd, 000185.300, 204
Trd, 000185.833, 180
Trd, 000186.017, 179
Trd, 000186.333, 180
Trd, 000186.800, 173
Trd, 000187.333, 183
Trd, 000187.500, 181
Trd, 000189.050, 184
Trd, 000189.750, 183
Trd, 000190.467, 184
Trd, 000190.650, 181
Trd, 000190.717, 174
Trd, 000191.617, 169
Trd, 000192.517, 176
Trd, 000192.783, 156
Trd, 000193.800, 171
Trd, 000194.333, 171
Trd, 000194.900, 166
Trd, 000195.850, 164
Trd, 000196.183, 164
Trd, 000197.033, 163
Trd, 000197.917, 163
Trd, 000198.050, 161
Trd, 000198.850, 161
Trd, 000199.583, 160
Trd, 000199.817, 159
Trd, 000200.100, 157
Trd, 000201.417, 159
Trd, 000201.550, 157
Trd, 000202.717, 161
Trd, 000203.667, 168
Trd, 000204.050, 166
Trd, 000205.167, 168
Trd, 000205.650, 167
Trd, 000206.133, 167
Trd, 000206.217, 171
Trd, 000206.317, 165
Trd, 000207.367, 172
Trd, 000207.850, 172
Trd, 000208.417, 167
Trd, 000208.983, 168
Trd, 000211.067, 171
Trd, 000211.167, 172
Trd, 000211.500, 174
Trd, 000212.400, 171
Trd, 000212.800, 168
Trd, 000213.583, 170
Trd, 000213.700, 172
Trd, 000214.183, 168
Trd, 000214.250, 173
Trd, 000215.400, 168
Trd, 000216.317, 174
Trd, 000217.033, 170
Trd, 000217.533, 169
Trd, 000217.950, 169
Trd, 000218.367, 168
Trd, 000218.467, 171
Trd, 000220.583, 168
Trd, 000221.417, 170
Trd, 000222.433, 169
Trd, 000222.683, 170
Trd, 000223.333, 172
Trd, 000224.233, 173
Trd, 000224.350, 168
Trd, 000225.433, 174
Trd, 000226.133, 170
Trd, 000226.583, 173
Trd, 000226.867, 169
Trd, 000227.050, 169
Trd, 000227.133, 166
Trd, 000227.200, 174
Trd, 000227.383, 185
Trd, 000227.867, 178
Trd, 000228.067, 176
Trd, 000230.183, 181
Trd, 000230.417, 177
Trd, 000232.000, 176
Trd, 000232.267, 176
Trd, 000232.450, 173
Trd, 000233.267, 172
Trd, 000233.750, 173
Trd, 000234.017, 171
Trd, 000234.750, 174
Trd, 000235.783, 173
Trd, 000236.067, 174
Trd, 000236.267, 172
Trd, 000236.750, 172
Trd, 000237.133, 156
Trd, 000237.667, 163
Trd, 000238.150, 162
Trd, 000238.300, 163
Trd, 000239.267, 165
Trd, 000239.917, 165
Trd, 000240.533, 165
Trd, 000240.883, 164
Trd, 000241.283, 166
Trd, 000241.600, 169
Trd, 000242.600, 167
Trd, 000242.833, 166
Trd, 000243.017, 168
Trd, 000243.400, 175
Trd, 000243.883, 168
Trd, 000244.600, 175
Trd, 000244.667, 165
Trd, 000245.067, 149
Trd, 000245.733, 165
Trd, 000245.900, 175
Trd, 000247.317, 172
Trd, 000247.617, 172
Trd, 000248.250, 173
Trd, 000248.700, 171
Trd, 000249.050, 172
Trd, 000249.567, 171
Trd, 000250.283, 172
Trd, 000250.717, 172
Trd, 000251.250, 171
Trd, 000251.583, 172
Trd, 000251.883, 176
Trd, 000251.900, 187
Trd, 000251.917, 175
Trd, 000252.333, 171
Trd, 000252.517, 169
Trd, 000252.583, 176
Trd, 000252.833, 174
Trd, 000253.550, 175
Trd, 000253.933, 176
Trd, 000255.150, 175
Trd, 000255.700, 177
Trd, 000255.883, 176
Trd, 000256.200, 175
Trd, 000256.733, 177
Trd, 000257.383, 181
Trd, 000258.000, 180
Trd, 000258.033, 181
Trd, 000258.650, 181
Trd, 000258.900, 185
Trd, 000258.967, 183
Trd, 000259.350, 180
Trd, 000260.917, 188
Trd, 000261.050, 180
Trd, 000261.867, 185
Trd, 000262.233, 186
Trd, 000262.250, 185
Trd, 000262.617, 188
Trd, 000263.167, 189
Trd, 000263.567, 189
Trd, 000263.700, 188
Trd, 000263.883, 176
Trd, 000264.567, 181
Trd, 000264.683, 180
Trd, 000265.183, 180
Trd, 000265.483, 176
Trd, 000265.767, 163
Trd, 000265.933, 170
Trd, 000266.317, 181
Trd, 000268.267, 181
Trd, 000268.367, 180
Trd, 000268.600, 188
Trd, 000269.967, 180
Trd, 000270.617, 182
Trd, 000270.650, 177
Trd, 000271.233, 175
Trd, 000271.250, 164
Trd, 000271.783, 172
Trd, 000272.133, 174
Trd, 000272.283, 177
Trd, 000272.700, 177
Trd, 000272.833, 178
Trd, 000273.200, 182
Trd, 000273.367, 176
Trd, 000274.100, 177
Trd, 000274.250, 189
Trd, 000275.333, 176
Trd, 000275.983, 178
Trd, 000276.983, 177
Trd, 000277.267, 176
Trd, 000278.317, 176
Trd, 000278.683, 177
Trd, 000278.733, 175
Trd, 000279.417, 172
Trd, 000280.150, 173
Trd, 000280.167, 183
Trd, 000280.317, 171
Trd, 000281.333, 181
Trd, 000281.583, 177
Trd, 000282.750, 188
Trd, 000282.767, 190
Trd, 000282.967, 179
Trd, 000283.083, 178
Trd, 000283.883, 183
Trd, 000284.283, 190
Trd, 000284.383, 184
Trd, 000284.783, 183
Trd, 000285.250, 183
Trd, 000285.600, 193
Trd, 000287.100, 189
Trd, 000287.150, 185
Trd, 000288.000, 188
Trd, 000288.833, 183
Trd, 000289.017, 182
Trd, 000289.317, 181
Trd, 000290.033, 184
Trd, 000290.333, 185
Trd, 000291.217, 184
Trd, 000291.450, 180
Trd, 000291.967, 185
Trd, 000292.400, 181
Trd, 000292.550, 179
Trd, 000292.783, 177
Trd, 000293.667, 177
Trd, 000293.717, 178
Trd, 000293.850, 180
Trd, 000295.767, 178
Trd, 000296.000, 178
Trd, 000296.250, 179
Trd, 000296.667, 181
Trd, 000296.800, 182
Trd, 000297.450, 177
Trd, 000297.733, 177
Trd, 000298.133, 183
Trd, 000298.183, 184
Trd, 000298.350, 184
Trd, 000299.117, 175
Trd, 000299.933, 184
