Trd, 000001.717, 158
Trd, 000002.217, 180
Trd, 000002.617, 179
Trd, 000003.067, 158
Trd, 000003.850, 157
Trd, 000003.867, 151
Trd, 000004.400, 168
Trd, 000005.033, 168
Trd, 000005.650, 143
Trd, 000006.167, 150
Trd, 000006.417, 152
Trd, 000006.983, 168
Trd, 000007.417, 143
Trd, 000008.067, 146
Trd, 000008.217, 148
Trd, 000008.883, 147
Trd, 000009.667, 145
Trd, 000009.933, 146
Trd, 000010.083, 146
Trd, 000010.300, 149
Trd, 000011.100, 156
Trd, 000011.267, 150
Trd, 000011.683, 155
Trd, 000011.950, 154
Trd, 000012.233, 152
Trd, 000012.900, 153
Trd, 000013.833, 155
Trd, 000013.900, 157
Trd, 000014.750, 157
Trd, 000015.817, 156
Trd, 000015.850, 155
Trd, 000016.650, 156
Trd, 000016.817, 156
Trd, 000017.283, 172
Trd, 000018.067, 164
Trd, 000018.250, 155
Trd, 000018.767, 159
Trd, 000019.567, 159
Trd, 000019.800, 162
Trd, 000020.400, 161
Trd, 000020.467, 159
Trd, 000021.083, 160
Trd, 000021.300, 158
Trd, 000022.300, 153
Trd, 000022.333, 150
Trd, 000022.550, 146
Trd, 000023.033, 151
Trd, 000023.350, 145
Trd, 000023.750, 150
Trd, 000023.983, 150
Trd, 000024.333, 151
Trd, 000025.400, 148
Trd, 000025.500, 149
Trd, 000025.783, 150
Trd, 000026.217, 150
Trd, 000026.950, 150
Trd, 000027.783, 147
Trd, 000028.400, 158
Trd, 000028.917, 150
Trd, 000029.233, 151
Trd, 000029.917, 150
Trd, 000030.433, 151
Trd, 000030.550, 149
Trd, 000030.950, 151
Trd, 000032.767, 148
Trd, 000032.950, 148
Trd, 000033.000, 147
Trd, 000033.533, 147
Trd, 000033.750, 146
Trd, 000034.133, 148
Trd, 000034.817, 148
Trd, 000035.017, 151
Trd, 000035.083, 159
Trd, 000035.883, 178
Trd, 000036.433, 173
Trd, 000036.817, 155
Trd, 000036.833, 158
Trd, 000037.067, 159
Trd, 000037.133, 155
Trd, 000038.033, 159
Trd, 000038.833, 159
Trd, 000039.200, 160
Trd, 000039.717, 163
Trd, 000039.983, 162
Trd, 000040.083, 157
Trd, 000041.550, 155
Trd, 000042.133, 160
Trd, 000042.150, 160
Trd, 000043.350, 174
Trd, 000043.733, 170
Trd, 000044.083, 164
Trd, 000044.633, 163
Trd, 000044.817, 162
Trd, 000045.100, 162
Trd, 000045.500, 163
Trd, 000046.167, 147
Trd, 000046.650, 157
Trd, 000046.950, 135
Trd, 000047.950, 156
Trd, 000048.283, 156
Trd, 000048.750, 157
Trd, 000049.017, 156
Trd, 000049.250, 157
Trd, 000049.383, 156
Trd, 000049.650, 154
Trd, 000050.417, 155
Trd, 000050.683, 157
Trd, 000050.767, 153
Trd, 000052.183, 157
Trd, 000052.283, 157
Trd, 000052.433, 157
Trd, 000053.067, 156
Trd, 000053.367, 157
Trd, 000053.967, 154
Trd, 000054.033, 158
Trd, 000055.250, 154
Trd, 000055.650, 156
Trd, 000055.883, 153
Trd, 000056.583, 153
Trd, 000057.133, 153
Trd, 000058.167, 152
Trd, 000058.183, 153
Trd, 000058.650, 154
Trd, 000059.067, 150
Trd, 000059.217, 154
Trd, 000059.383, 154
Trd, 000059.767, 156
Trd, 000059.933, 160
Trd, 000061.100, 152
Trd, 000061.850, 152
Trd, 000062.567, 154
Trd, 000062.733, 161
Trd, 000063.000, 154
Trd, 000064.167, 175
Trd, 000064.500, 165
Trd, 000064.783, 159
Trd, 000064.800, 154
Trd, 000065.050, 153
Trd, 000066.050, 157
Trd, 000066.217, 174
Trd, 000066.367, 157
Trd, 000066.883, 166
Trd, 000066.917, 150
Trd, 000067.817, 155
Trd, 000069.017, 147
Trd, 000069.133, 147
Trd, 000069.450, 147
Trd, 000069.633, 148
Trd, 000070.067, 147
Trd, 000070.317, 147
Trd, 000071.567, 147
Trd, 000071.583, 146
Trd, 000071.817, 146
Trd, 000072.633, 147
Trd, 000072.700, 145
Trd, 000072.933, 148
Trd, 000073.283, 155
Trd, 000075.200, 151
Trd, 000075.650, 148
Trd, 000076.433, 149
Trd, 000076.483, 150
Trd, 000076.833, 151
Trd, 000077.783, 151
Trd, 000078.167, 152
Trd, 000078.333, 150
Trd, 000078.350, 151
Trd, 000078.400, 148
Trd, 000078.867, 148
Trd, 000079.100, 148
Trd, 000079.117, 147
Trd, 000079.350, 148
Trd, 000080.083, 149
Trd, 000080.500, 149
Trd, 000081.217, 161
Trd, 000083.033, 156
Trd, 000083.333, 155
Trd, 000083.467, 160
Trd, 000083.867, 161
Trd, 000085.283, 155
Trd, 000085.483, 156
Trd, 000085.617, 158
Trd, 000085.900, 159
Trd, 000086.117, 155
Trd, 000086.467, 158
Trd, 000086.967, 153
Trd, 000087.417, 162
Trd, 000088.317, 159
Trd, 000089.000, 159
Trd, 000089.067, 163
Trd, 000090.350, 155
Trd, 000090.617, 160
Trd, 000091.200, 160
Trd, 000091.567, 159
Trd, 000091.850, 160
Trd, 000092.183, 158
Trd, 000092.367, 164
Trd, 000092.567, 157
Trd, 000092.750, 157
Trd, 000093.150, 157
Trd, 000094.200, 160
Trd, 000094.483, 160
Trd, 000095.750, 157
Trd, 000095.850, 158
Trd, 000096.250, 158
Trd, 000096.500, 160
Trd, 000097.333, 158
Trd, 000097.533, 158
Trd, 000099.717, 158
Trd, 000100.117, 157
Trd, 000100.683, 182
Trd, 000101.350, 163
Trd, 000101.983, 163
Trd, 000102.250, 172
Trd, 000102.850, 165
Trd, 000104.050, 164
Trd, 000104.550, 162
Trd, 000104.600, 161
Trd, 000105.050, 158
Trd, 000105.500, 152
Trd, 000105.650, 156
Trd, 000106.133, 158
Trd, 000106.633, 156
Trd, 000107.583, 155
Trd, 000107.667, 156
Trd, 000107.983, 155
Trd, 000108.267, 159
Trd, 000108.467, 153
Trd, 000108.983, 155
Trd, 000109.250, 156
Trd, 000110.150, 157
Trd, 000110.917, 157
Trd, 000111.033, 155
Trd, 000111.183, 158
Trd, 000112.667, 155
Trd, 000113.667, 155
Trd, 000113.833, 154
Trd, 000113.850, 153
Trd, 000114.033, 157
Trd, 000114.767, 153
Trd, 000115.300, 156
Trd, 000115.700, 157
Trd, 000116.050, 167
Trd, 000117.450, 156
Trd, 000117.717, 155
Trd, 000117.750, 158
Trd, 000118.483, 157
Trd, 000118.550, 155
Trd, 000118.783, 154
Trd, 000118.883, 157
Trd, 000119.333, 153
Trd, 000119.800, 156
Trd, 000120.067, 153
Trd, 000120.233, 145
Trd, 000120.400, 160
Trd, 000121.567, 167
Trd, 000122.133, 179
Trd, 000122.300, 180
Trd, 000122.650, 263
Trd, 000123.400, 160
Trd, 000124.017, 303.0
Trd, 000124.533, 309
Trd, 000124.650, 334.0
Trd, 000124.783, 341.0
Trd, 000125.267, 352.0
Trd, 000125.667, 362
Trd, 000126.017, 351.0
Trd, 000126.433, 360
Trd, 000127.067, 361
Trd, 000127.367, 347
Trd, 000128.033, 347.0
Trd, 000129.500, 346
Trd, 000129.700, 347
Trd, 000130.167, 347
Trd, 000130.533, 348.0
Trd, 000130.917, 346
Trd, 000132.167, 348.0
Trd, 000132.383, 356
Trd, 000132.400, 348
Trd, 000132.800, 368
Trd, 000133.167, 348.0
Trd, 000135.333, 351
Trd, 000135.533, 350
Trd, 000135.967, 351.0
Trd, 000136.850, 349
Trd, 000137.167, 349.0
Trd, 000137.450, 349.0
Trd, 000137.817, 348.0
Trd, 000138.200, 354
Trd, 000138.450, 348
Trd, 000138.650, 347
Trd, 000140.017, 355
Trd, 000140.433, 352.0
Trd, 000141.350, 351.0
Trd, 000142.133, 349
Trd, 000142.450, 350
Trd, 000143.117, 353
Trd, 000143.650, 352
Trd, 000144.067, 350.0
Trd, 000144.167, 351
Trd, 000145.017, 351.0
Trd, 000145.767, 351.0
Trd, 000145.850, 351.0
Trd, 000146.017, 348
Trd, 000146.150, 348
Trd, 000146.600, 347
Trd, 000146.717, 343
Trd, 000149.533, 345.0
Trd, 000149.900, 341
Trd, 000150.450, 342
Trd, 000150.750, 343.0
Trd, 000150.933, 347
Trd, 000151.133, 341
Trd, 000151.783, 344
Trd, 000152.200, 332.0
Trd, 000153.283, 333.0
Trd, 000153.550, 341.0
Trd, 000153.950, 344
Trd, 000154.300, 335
Trd, 000156.550, 338
Trd, 000156.883, 337.0
Trd, 000157.583, 336
Trd, 000157.750, 340
Trd, 000157.900, 341
Trd, 000158.100, 351.0
Trd, 000159.150, 341.0
Trd, 000160.517, 342
Trd, 000160.733, 340
Trd, 000161.617, 340
Trd, 000161.850, 339.0
Trd, 000162.033, 340.0
Trd, 000162.383, 341.0
Trd, 000163.000, 339
Trd, 000163.367, 341
Trd, 000163.800, 340
Trd, 000164.533, 332.0
Trd, 000164.667, 339
Trd, 000164.717, 323
Trd, 000166.333, 337
Trd, 000166.533, 337
Trd, 000167.050, 334
Trd, 000167.433, 337
Trd, 000167.650, 339
Trd, 000168.950, 342.0
Trd, 000169.600, 342.0
Trd, 000169.883, 342
Trd, 000170.150, 343
Trd, 000170.183, 342
Trd, 000170.217, 344
Trd, 000170.367, 348.0
Trd, 000172.500, 340
Trd, 000174.017, 347
Trd, 000174.217, 356
Trd, 000174.467, 346
Trd, 000174.600, 351.0
Trd, 000174.817, 346
Trd, 000175.583, 347
Trd, 000176.083, 347
Trd, 000176.217, 346
Trd, 000176.367, 345
Trd, 000177.817, 346
Trd, 000178.483, 346
Trd, 000178.900, 347
Trd, 000179.917, 346
Trd, 000180.017, 346
Trd, 000180.267, 346
Trd, 000180.517, 347
Trd, 000181.833, 347
Trd, 000182.067, 344
Trd, 000182.650, 323
Trd, 000182.883, 316
Trd, 000183.667, 183
Trd, 000184.167, 179
Trd, 000184.333, 174
Trd, 000185.167, 181
Trd, 000185.983, 174
Trd, 000186.333, 186
Trd, 000186.617, 187
Trd, 000186.767, 174
Trd, 000186.867, 173
Trd, 000187.317, 170
Trd, 000188.117, 171
Trd, 000188.350, 170
Trd, 000188.467, 166
Trd, 000188.933, 185
Trd, 000190.000, 175
Trd, 000190.450, 175
Trd, 000190.867, 176
Trd, 000191.217, 174
Trd, 000191.567, 176
Trd, 000192.083, 174
Trd, 000192.300, 174
Trd, 000192.633, 173
Trd, 000193.067, 177
Trd, 000193.333, 175
Trd, 000193.983, 177
Trd, 000194.617, 174
Trd, 000194.767, 174
Trd, 000196.317, 173
Trd, 000197.133, 173
Trd, 000197.183, 172
Trd, 000197.517, 175
Trd, 000197.783, 183
Trd, 000198.050, 188
Trd, 000198.183, 169
Trd, 000199.133, 171
Trd, 000199.617, 167
Trd, 000200.383, 162
Trd, 000200.600, 161
Trd, 000200.967, 169
Trd, 000201.400, 168
Trd, 000201.533, 168
Trd, 000201.683, 169
Trd, 000202.933, 165
Trd, 000203.250, 161
Trd, 000203.633, 164
Trd, 000204.083, 164
Trd, 000205.483, 164
Trd, 000205.900, 166
Trd, 000205.983, 165
Trd, 000206.200, 166
Trd, 000206.550, 167
Trd, 000206.783, 166
Trd, 000207.200, 164
Trd, 000207.683, 165
Trd, 000208.133, 165
Trd, 000208.783, 166
Trd, 000209.033, 163
Trd, 000209.850, 165
Trd, 000210.567, 166
Trd, 000210.850, 165
Trd, 000212.050, 169
Trd, 000212.383, 172
Trd, 000212.450, 168
Trd, 000213.083, 164
Trd, 000213.750, 167
Trd, 000213.917, 168
Trd, 000213.983, 168
Trd, 000214.600, 168
Trd, 000214.633, 165
Trd, 000214.817, 165
Trd, 000215.550, 164
Trd, 000215.567, 168
Trd, 000216.217, 163
Trd, 000217.750, 166
Trd, 000218.067, 167
Trd, 000218.133, 165
Trd, 000218.883, 170
Trd, 000219.117, 165
Trd, 000219.733, 176
Trd, 000220.100, 172
Trd, 000220.467, 170
Trd, 000220.583, 167
Trd, 000221.067, 174
Trd, 000221.733, 173
Trd, 000223.367, 173
Trd, 000223.383, 174
Trd, 000223.550, 173
Trd, 000223.800, 172
Trd, 000224.117, 171
Trd, 000225.133, 174
Trd, 000225.217, 174
Trd, 000225.417, 173
Trd, 000225.500, 170
Trd, 000226.300, 175
Trd, 000226.567, 171
Trd, 000226.800, 170
Trd, 000227.183, 175
Trd, 000227.400, 165
Trd, 000227.633, 163
Trd, 000227.667, 164
Trd, 000228.000, 177
Trd, 000228.267, 185
Trd, 000228.917, 189
Trd, 000230.583, 180
Trd, 000230.900, 180
Trd, 000231.933, 181
Trd, 000232.367, 181
Trd, 000232.550, 182
Trd, 000232.900, 182
Trd, 000232.933, 181
Trd, 000232.983, 179
Trd, 000233.283, 181
Trd, 000233.867, 178
Trd, 000234.533, 175
Trd, 000235.600, 176
Trd, 000236.100, 175
Trd, 000236.250, 174
Trd, 000237.550, 171
Trd, 000237.683, 171
Trd, 000237.833, 170
Trd, 000238.417, 171
Trd, 000238.600, 172
Trd, 000239.117, 171
Trd, 000239.450, 166
Trd, 000239.717, 173
Trd, 000239.750, 174
Trd, 000240.067, 168
Trd, 000240.283, 179
Trd, 000240.983, 163
Trd, 000241.400, 161
Trd, 000241.900, 162
Trd, 000242.367, 165
Trd, 000242.700, 168
Trd, 000243.083, 175
Trd, 000243.683, 171
Trd, 000244.150, 181
Trd, 000244.233, 176
Trd, 000245.150, 179
Trd, 000245.200, 176
Trd, 000245.317, 181
Trd, 000245.600, 178
Trd, 000245.783, 177
Trd, 000245.933, 176
Trd, 000246.000, 179
Trd, 000247.067, 173
Trd, 000248.250, 177
Trd, 000248.367, 176
Trd, 000249.250, 178
Trd, 000249.350, 181
Trd, 000250.300, 177
Trd, 000250.683, 177
Trd, 000250.700, 175
Trd, 000250.717, 174
Trd, 000251.050, 177
Trd, 000251.083, 176
Trd, 000251.733, 177
Trd, 000252.117, 177
Trd, 000252.733, 177
Trd, 000252.967, 178
Trd, 000253.167, 180
Trd, 000253.200, 179
Trd, 000254.200, 176
Trd, 000254.917, 174
Trd, 000254.933, 174
Trd, 000255.267, 173
Trd, 000255.283, 174
Trd, 000256.133, 175
Trd, 000256.267, 171
Trd, 000256.750, 175
Trd, 000257.167, 174
Trd, 000257.517, 174
Trd, 000257.750, 173
Trd, 000258.250, 175
Trd, 000258.350, 170
Trd, 000258.750, 173
Trd, 000258.950, 172
Trd, 000259.117, 172
Trd, 000259.217, 173
Trd, 000259.783, 174
Trd, 000260.283, 174
Trd, 000260.733, 175
Trd, 000261.350, 176
Trd, 000261.617, 175
Trd, 000262.083, 176
Trd, 000262.817, 176
Trd, 000262.850, 174
Trd, 000263.033, 172
Trd, 000263.517, 175
Trd, 000264.233, 173
Trd, 000264.717, 173
Trd, 000264.783, 174
Trd, 000264.833, 175
Trd, 000265.433, 176
Trd, 000266.017, 173
Trd, 000266.100, 173
Trd, 000267.050, 172
Trd, 000267.533, 177
Trd, 000267.717, 173
Trd, 000269.333, 175
Trd, 000269.733, 175
Trd, 000270.017, 177
Trd, 000270.300, 177
Trd, 000270.833, 177
Trd, 000270.900, 178
Trd, 000271.267, 175
Trd, 000271.800, 175
Trd, 000272.417, 175
Trd, 000272.700, 175
Trd, 000272.817, 177
Trd, 000273.100, 174
Trd, 000274.367, 175
Trd, 000275.017, 176
Trd, 000275.067, 176
Trd, 000275.833, 177
Trd, 000275.967, 177
Trd, 000276.050, 177
Trd, 000276.100, 176
Trd, 000277.067, 179
Trd, 000277.667, 178
Trd, 000278.750, 182
Trd, 000279.283, 181
Trd, 000280.050, 179
Trd, 000280.100, 180
Trd, 000280.267, 181
Trd, 000280.283, 184
Trd, 000280.333, 186
Trd, 000280.617, 179
Trd, 000281.350, 183
Trd, 000281.500, 188
Trd, 000281.733, 178
Trd, 000282.050, 177
Trd, 000282.067, 187
Trd, 000282.100, 190
Trd, 000282.850, 179
Trd, 000283.517, 180
Trd, 000283.617, 179
Trd, 000284.333, 174
Trd, 000284.483, 183
Trd, 000285.100, 176
Trd, 000285.267, 185
Trd, 000285.850, 182
Trd, 000287.100, 184
Trd, 000287.550, 179
Trd, 000287.933, 180
Trd, 000288.033, 180
Trd, 000288.633, 181
Trd, 000288.883, 181
Trd, 000289.050, 179
Trd, 000290.283, 180
Trd, 000291.083, 182
Trd, 000291.400, 180
Trd, 000291.600, 179
Trd, 000291.633, 184
Trd, 000292.717, 181
Trd, 000293.150, 181
Trd, 000293.750, 181
Trd, 000293.883, 181
Trd, 000294.333, 180
Trd, 000294.600, 179
Trd, 000294.950, 180
Trd, 000295.567, 181
Trd, 000295.950, 182
Trd, 000295.967, 179
Trd, 000296.683, 181
Trd, 000297.383, 180
Trd, 000297.850, 181
Trd, 000298.267, 177
Trd, 000298.500, 178
Trd, 000298.683, 182
Trd, 000299.117, 181
