Trd, 000001.850, 159
Trd, 000002.100, 158
Trd, 000002.350, 175
Trd, 000002.750, 124
Trd, 000003.333, 173
Trd, 000004.383, 176
Trd, 000004.517, 152
Trd, 000004.767, 158
Trd, 000005.700, 151
Trd, 000007.583, 155
Trd, 000007.950, 156
Trd, 000008.000, 155
Trd, 000008.233, 154
Trd, 000009.017, 156
Trd, 000009.583, 156
Trd, 000010.083, 157
Trd, 000010.100, 153
Trd, 000010.417, 158
Trd, 000011.600, 152
Trd, 000012.650, 154
Trd, 000012.867, 156
Trd, 000013.333, 155
Trd, 000013.750, 152
Trd, 000014.233, 152
Trd, 000014.733, 158
Trd, 000015.217, 153
Trd, 000015.533, 152
Trd, 000016.467, 151
Trd, 000017.700, 146
Trd, 000018.300, 155
Trd, 000018.583, 154
Trd, 000019.400, 155
Trd, 000020.400, 156
Trd, 000020.500, 154
Trd, 000021.750, 155
Trd, 000022.317, 155
Trd, 000022.483, 153
Trd, 000023.600, 153
Trd, 000024.050, 153
Trd, 000025.233, 152
Trd, 000025.367, 155
Trd, 000025.667, 156
Trd, 000027.800, 153
Trd, 000028.633, 155
Trd, 000029.117, 155
Trd, 000029.883, 156
Trd, 000029.950, 156
Trd, 000030.600, 155
Trd, 000030.633, 155
Trd, 000030.667, 154
Trd, 000030.783, 158
Trd, 000031.317, 148
Trd, 000031.483, 147
Trd, 000032.450, 159
Trd, 000032.833, 161
Trd, 000034.600, 151
Trd, 000035.033, 154
Trd, 000035.050, 156
Trd, 000036.050, 154
Trd, 000036.850, 157
Trd, 000037.667, 157
Trd, 000037.767, 156
Trd, 000037.850, 155
Trd, 000038.000, 159
Trd, 000038.483, 155
Trd, 000039.983, 158
Trd, 000040.017, 159
Trd, 000040.767, 161
Trd, 000041.367, 161
Trd, 000041.467, 161
Trd, 000042.600, 161
Trd, 000043.300, 161
Trd, 000043.617, 162
Trd, 000043.783, 159
Trd, 000043.933, 155
Trd, 000044.533, 162
Trd, 000045.800, 159
Trd, 000046.367, 159
Trd, 000047.967, 159
Trd, 000048.867, 160
Trd, 000049.417, 161
Trd, 000049.900, 160
Trd, 000050.017, 159
Trd, 000050.233, 158
Trd, 000051.467, 159
Trd, 000052.083, 156
Trd, 000052.383, 151
Trd, 000053.583, 154
Trd, 000053.633, 160
Trd, 000054.900, 153
Trd, 000055.017, 155
Trd, 000055.133, 153
Trd, 000056.467, 158
Trd, 000056.800, 156
Trd, 000056.900, 160
Trd, 000058.183, 160
Trd, 000058.617, 164
Trd, 000058.650, 161
Trd, 000060.683, 162
Trd, 000061.350, 163
Trd, 000061.650, 160
Trd, 000061.833, 163
Trd, 000061.917, 159
Trd, 000063.667, 163
Trd, 000063.800, 164
Trd, 000064.617, 163
Trd, 000065.167, 161
Trd, 000065.317, 157
Trd, 000065.833, 161
Trd, 000066.317, 161
Trd, 000066.583, 161
Trd, 000066.817, 160
Trd, 000067.867, 161
Trd, 000068.483, 168
Trd, 000069.050, 177
Trd, 000070.300, 169
Trd, 000070.600, 170
Trd, 000070.767, 169
Trd, 000070.933, 168
Trd, 000071.500, 167
Trd, 000072.250, 172
Trd, 000074.117, 168
Trd, 000074.250, 167
Trd, 000074.783, 162
Trd, 000074.950, 160
Trd, 000076.300, 164
Trd, 000076.500, 159
Trd, 000078.150, 162
Trd, 000078.183, 163
Trd, 000078.367, 159
Trd, 000078.383, 159
Trd, 000078.600, 161
Trd, 000080.017, 161
Trd, 000081.400, 164
Trd, 000083.267, 164
Trd, 000084.117, 164
Trd, 000084.450, 164
Trd, 000084.550, 163
Trd, 000084.633, 164
Trd, 000085.633, 166
Trd, 000085.817, 162
Trd, 000086.900, 161
Trd, 000086.983, 159
Trd, 000087.333, 166
Trd, 000087.733, 159
Trd, 000088.450, 159
Trd, 000088.783, 155
Trd, 000089.067, 154
Trd, 000089.433, 154
Trd, 000089.983, 161
Trd, 000091.633, 160
Trd, 000092.050, 153
Trd, 000092.567, 161
Trd, 000094.000, 164
Trd, 000094.450, 165
Trd, 000095.000, 167
Trd, 000095.317, 171
Trd, 000095.650, 165
Trd, 000095.917, 165
Trd, 000096.200, 164
Trd, 000096.317, 164
Trd, 000096.767, 161
Trd, 000097.617, 160
Trd, 000098.067, 158
Trd, 000099.067, 159
Trd, 000099.667, 162
Trd, 000099.850, 162
Trd, 000100.667, 163
Trd, 000101.300, 160
Trd, 000101.467, 158
Trd, 000102.367, 160
Trd, 000102.667, 159
Trd, 000103.000, 158
Trd, 000104.100, 135
Trd, 000104.417, 150
Trd, 000104.667, 151
Trd, 000104.950, 154
Trd, 000105.917, 157
Trd, 000108.967, 152
Trd, 000109.350, 158
Trd, 000109.467, 159
Trd, 000109.867, 152
Trd, 000110.800, 166
Trd, 000111.583, 162
Trd, 000111.650, 162
Trd, 000112.733, 164
Trd, 000112.983, 163
Trd, 000113.733, 165
Trd, 000113.800, 163
Trd, 000114.450, 166
Trd, 000114.600, 164
Trd, 000114.917, 164
Trd, 000115.700, 183
Trd, 000116.733, 165
Trd, 000116.900, 164
Trd, 000116.967, 163
Trd, 000118.283, 171
Trd, 000118.600, 164
Trd, 000118.633, 171
Trd, 000120.500, 170
Trd, 000121.183, 170
Trd, 000121.917, 181
Trd, 000122.333, 176
Trd, 000122.533, 188
Trd, 000123.000, 195
Trd, 000123.483, 208
Trd, 000124.850, 300.0
Trd, 000125.083, 324.0
Trd, 000125.733, 317
Trd, 000125.933, 331.0
Trd, 000126.417, 344.0
Trd, 000126.550, 349
Trd, 000127.450, 341.0
Trd, 000127.683, 355.0
Trd, 000127.750, 358.0
Trd, 000127.983, 351
Trd, 000128.167, 324.0
Trd, 000129.267, 326.0
Trd, 000130.017, 326.0
Trd, 000131.300, 335
Trd, 000132.100, 339
Trd, 000132.383, 339
Trd, 000132.550, 340.0
Trd, 000132.567, 338
Trd, 000132.917, 339
Trd, 000134.567, 344.0
Trd, 000135.500, 348
Trd, 000136.083, 352.0
Trd, 000136.567, 352
Trd, 000136.683, 355.0
Trd, 000136.733, 351.0
Trd, 000138.100, 351.0
Trd, 000140.217, 353
Trd, 000140.233, 357.0
Trd, 000141.067, 354
Trd, 000141.150, 353
Trd, 000141.367, 349
Trd, 000141.433, 356.0
Trd, 000142.100, 350
Trd, 000142.333, 349
Trd, 000142.417, 346.0
Trd, 000142.500, 344.0
Trd, 000143.750, 355.0
Trd, 000144.400, 344
Trd, 000144.933, 355
Trd, 000147.317, 353.0
Trd, 000147.900, 353.0
Trd, 000147.983, 351.0
Trd, 000148.867, 350
Trd, 000149.183, 347
Trd, 000149.233, 355.0
Trd, 000150.767, 358.0
Trd, 000151.383, 348
Trd, 000151.633, 352
Trd, 000151.883, 350
Trd, 000151.900, 347
Trd, 000152.533, 347
Trd, 000154.183, 351.0
Trd, 000155.350, 350
Trd, 000155.867, 347
Trd, 000156.517, 355.0
Trd, 000157.500, 348
Trd, 000157.900, 354
Trd, 000158.067, 352
Trd, 000158.250, 347
Trd, 000159.267, 348
Trd, 000159.900, 351.0
Trd, 000161.083, 354
Trd, 000161.283, 354
Trd, 000162.383, 355.0
Trd, 000162.717, 358.0
Trd, 000163.250, 354
Trd, 000163.533, 353
Trd, 000165.000, 359
Trd, 000165.217, 358
Trd, 000165.400, 355
Trd, 000165.667, 355
Trd, 000165.883, 352.0
Trd, 000166.200, 351.0
Trd, 000166.817, 361
Trd, 000166.950, 350
Trd, 000167.783, 325.0
Trd, 000168.333, 345
Trd, 000169.683, 346
Trd, 000170.233, 345.0
Trd, 000170.383, 348
Trd, 000170.750, 350
Trd, 000171.183, 344.0
Trd, 000171.517, 345
Trd, 000172.100, 351
Trd, 000172.800, 353.0
Trd, 000173.683, 351
Trd, 000174.083, 353.0
Trd, 000174.833, 354
Trd, 000175.567, 352
Trd, 000175.750, 355
Trd, 000176.067, 350
Trd, 000177.450, 345.0
Trd, 000178.367, 351.0
Trd, 000178.700, 349
Trd, 000179.100, 353
Trd, 000179.433, 356
Trd, 000179.600, 348
Trd, 000179.767, 347
Trd, 000182.050, 348
Trd, 000182.083, 346
Trd, 000182.150, 319
Trd, 000182.200, 310.0
Trd, 000182.583, 303.0
Trd, 000182.600, 299
Trd, 000183.217, 266
Trd, 000183.417, 260
Trd, 000183.783, 241
Trd, 000185.300, 218
Trd, 000185.533, 200
Trd, 000186.867, 204
Trd, 000187.133, 198
Trd, 000187.433, 197
Trd, 000187.517, 189
Trd, 000188.950, 192
Trd, 000189.233, 190
Trd, 000190.483, 190
Trd, 000190.683, 189
Trd, 000191.050, 188
Trd, 000191.183, 188
Trd, 000191.500, 181
Trd, 000191.567, 187
Trd, 000192.717, 182
Trd, 000193.167, 186
Trd, 000193.617, 183
Trd, 000193.983, 183
Trd, 000194.183, 184
Trd, 000194.217, 182
Trd, 000194.483, 179
Trd, 000194.533, 170
Trd, 000196.233, 175
Trd, 000196.400, 164
Trd, 000197.650, 154
Trd, 000197.817, 144
Trd, 000197.867, 181
Trd, 000198.400, 171
Trd, 000200.800, 167
Trd, 000200.817, 166
Trd, 000201.367, 167
Trd, 000201.833, 167
Trd, 000202.283, 167
Trd, 000202.633, 168
Trd, 000203.583, 166
Trd, 000203.783, 175
Trd, 000203.933, 176
Trd, 000204.400, 164
Trd, 000205.433, 167
Trd, 000206.967, 172
Trd, 000207.550, 172
Trd, 000208.250, 172
Trd, 000208.267, 169
Trd, 000208.483, 173
Trd, 000209.683, 171
Trd, 000210.300, 170
Trd, 000210.533, 170
Trd, 000210.867, 170
Trd, 000211.233, 176
Trd, 000212.133, 174
Trd, 000213.267, 174
Trd, 000213.350, 178
Trd, 000214.733, 176
Trd, 000214.983, 179
Trd, 000216.950, 177
Trd, 000217.650, 179
Trd, 000218.050, 178
Trd, 000218.200, 179
Trd, 000218.767, 178
Trd, 000218.850, 177
Trd, 000219.067, 176
Trd, 000219.533, 176
Trd, 000220.333, 175
Trd, 000221.033, 177
Trd, 000222.000, 173
Trd, 000223.567, 174
Trd, 000223.850, 172
Trd, 000225.033, 173
Trd, 000225.950, 174
Trd, 000226.100, 173
Trd, 000226.350, 175
Trd, 000226.700, 176
Trd, 000227.483, 177
Trd, 000227.733, 177
Trd, 000228.400, 178
Trd, 000228.533, 177
Trd, 000229.383, 179
Trd, 000229.417, 177
Trd, 000229.967, 177
Trd, 000230.250, 181
Trd, 000231.017, 175
Trd, 000231.283, 175
Trd, 000233.000, 178
Trd, 000233.567, 174
Trd, 000234.350, 176
Trd, 000234.467, 177
Trd, 000235.467, 177
Trd, 000235.550, 176
Trd, 000235.717, 174
Trd, 000236.983, 175
Trd, 000238.133, 175
Trd, 000238.183, 181
Trd, 000239.083, 176
Trd, 000239.283, 177
Trd, 000239.567, 175
Trd, 000240.517, 177
Trd, 000240.783, 179
Trd, 000240.867, 176
Trd, 000241.467, 180
Trd, 000241.617, 178
Trd, 000242.950, 181
Trd, 000243.017, 182
Trd, 000243.050, 180
Trd, 000243.217, 176
Trd, 000243.400, 178
Trd, 000243.900, 177
Trd, 000244.517, 175
Trd, 000244.800, 175
Trd, 000245.367, 173
Trd, 000245.800, 174
Trd, 000245.967, 175
Trd, 000246.233, 178
Trd, 000247.467, 176
Trd, 000247.883, 180
Trd, 000248.300, 179
Trd, 000249.100, 177
Trd, 000249.350, 177
Trd, 000249.417, 176
Trd, 000250.583, 176
Trd, 000250.683, 176
Trd, 000250.750, 172
Trd, 000251.167, 169
Trd, 000251.250, 176
Trd, 000251.450, 177
Trd, 000253.083, 180
Trd, 000253.883, 183
Trd, 000254.367, 180
Trd, 000254.683, 180
Trd, 000255.100, 176
Trd, 000255.650, 180
Trd, 000255.950, 178
Trd, 000255.983, 178
Trd, 000256.050, 176
Trd, 000256.267, 181
Trd, 000256.617, 182
Trd, 000256.967, 177
Trd, 000257.117, 176
Trd, 000257.200, 176
Trd, 000257.450, 175
Trd, 000257.833, 173
Trd, 000258.817, 170
Trd, 000259.167, 170
Trd, 000259.533, 170
Trd, 000259.917, 170
Trd, 000259.983, 172
Trd, 000260.017, 170
Trd, 000260.283, 176
Trd, 000260.300, 167
Trd, 000260.467, 171
Trd, 000260.517, 170
Trd, 000260.717, 169
Trd, 000260.817, 181
Trd, 000263.633, 179
Trd, 000263.650, 181
Trd, 000263.867, 178
Trd, 000263.900, 177
Trd, 000264.150, 180
Trd, 000264.800, 181
Trd, 000265.650, 182
Trd, 000266.600, 181
Trd, 000266.833, 180
Trd, 000266.933, 179
Trd, 000267.000, 184
Trd, 000267.633, 178
Trd, 000268.017, 179
Trd, 000268.133, 177
Trd, 000268.833, 171
Trd, 000270.000, 179
Trd, 000271.233, 180
Trd, 000271.433, 180
Trd, 000272.283, 180
Trd, 000272.400, 182
Trd, 000273.100, 188
Trd, 000273.500, 189
Trd, 000273.900, 188
Trd, 000274.017, 180
Trd, 000274.183, 182
Trd, 000274.300, 180
Trd, 000274.600, 179
Trd, 000274.750, 171
Trd, 000275.517, 184
Trd, 000275.933, 184
Trd, 000275.983, 185
Trd, 000276.850, 184
Trd, 000277.700, 182
Trd, 000277.717, 192
Trd, 000278.067, 182
Trd, 000278.633, 189
Trd, 000278.950, 185
Trd, 000279.183, 183
Trd, 000279.500, 183
Trd, 000280.083, 187
Trd, 000280.617, 184
Trd, 000280.750, 184
Trd, 000280.850, 183
Trd, 000281.083, 185
Trd, 000282.333, 182
Trd, 000283.083, 181
Trd, 000283.283, 180
Trd, 000283.550, 183
Trd, 000284.367, 181
Trd, 000284.883, 181
Trd, 000285.500, 179
Trd, 000285.533, 184
Trd, 000286.150, 179
Trd, 000286.200, 178
Trd, 000287.100, 173
Trd, 000287.200, 183
Trd, 000287.217, 184
Trd, 000288.133, 181
Trd, 000288.333, 180
Trd, 000288.417, 184
Trd, 000288.450, 184
Trd, 000289.600, 181
Trd, 000289.917, 180
Trd, 000290.067, 187
Trd, 000291.067, 193
Trd, 000291.083, 184
Trd, 000291.183, 181
Trd, 000291.200, 194
Trd, 000292.050, 181
Trd, 000293.267, 184
Trd, 000294.317, 185
Trd, 000294.600, 184
Trd, 000294.917, 185
Trd, 000295.350, 191
Trd, 000295.417, 184
Trd, 000295.550, 183
Trd, 000295.650, 180
Trd, 000295.683, 196
Trd, 000296.383, 191
Trd, 000296.400, 192
Trd, 000296.817, 195
Trd, 000297.217, 179
Trd, 000297.533, 176
Trd, 000299.733, 180
Trd, 000299.850, 194
