Trd, 000002.750, 138
Trd, 000003.183, 147
Trd, 000003.400, 160
Trd, 000004.050, 155
Trd, 000004.467, 175
Trd, 000004.800, 139
Trd, 000004.917, 165
Trd, 000005.067, 175
Trd, 000006.667, 170
Trd, 000007.167, 170
Trd, 000008.250, 170
Trd, 000009.050, 172
Trd, 000009.183, 169
Trd, 000009.450, 160
Trd, 000009.483, 147
Trd, 000009.733, 173
Trd, 000010.367, 156
Trd, 000010.867, 152
Trd, 000011.300, 144
Trd, 000011.717, 157
Trd, 000011.917, 158
Trd, 000012.550, 139
Trd, 000013.183, 159
Trd, 000014.400, 162
Trd, 000014.600, 166
Trd, 000015.550, 156
Trd, 000016.833, 157
Trd, 000016.950, 146
Trd, 000017.267, 145
Trd, 000017.900, 151
Trd, 000018.383, 158
Trd, 000018.750, 158
Trd, 000018.767, 159
Trd, 000019.817, 157
Trd, 000020.383, 161
Trd, 000020.967, 155
Trd, 000021.283, 164
Trd, 000022.417, 167
Trd, 000022.800, 170
Trd, 000023.600, 159
Trd, 000024.567, 159
Trd, 000025.217, 157
Trd, 000025.367, 167
Trd, 000025.817, 158
Trd, 000026.850, 149
Trd, 000026.867, 143
Trd, 000027.383, 169
Trd, 000027.983, 161
Trd, 000029.033, 161
Trd, 000029.533, 160
Trd, 000030.500, 162
Trd, 000030.600, 159
Trd, 000030.933, 165
Trd, 000031.000, 158
Trd, 000031.917, 166
Trd, 000032.750, 152
Trd, 000033.783, 165
Trd, 000034.783, 155
Trd, 000035.150, 150
Trd, 000035.883, 158
Trd, 000036.533, 162
Trd, 000037.317, 144
Trd, 000037.750, 158
Trd, 000037.917, 159
Trd, 000038.133, 169
Trd, 000038.617, 165
Trd, 000038.683, 143
Trd, 000039.233, 147
Trd, 000039.400, 149
Trd, 000040.200, 165
Trd, 000041.733, 155
Trd, 000042.883, 154
Trd, 000043.217, 158
Trd, 000043.550, 159
Trd, 000043.717, 159
Trd, 000043.850, 150
Trd, 000044.000, 145
Trd, 000044.700, 162
Trd, 000045.333, 159
Trd, 000045.383, 166
Trd, 000045.400, 169
Trd, 000045.800, 155
Trd, 000047.183, 156
Trd, 000047.500, 164
Trd, 000047.883, 163
Trd, 000048.767, 164
Trd, 000049.700, 157
Trd, 000049.833, 152
Trd, 000050.467, 149
Trd, 000050.583, 162
Trd, 000050.650, 170
Trd, 000051.117, 146
Trd, 000052.767, 166
Trd, 000052.783, 161
Trd, 000053.417, 170
Trd, 000054.850, 166
Trd, 000055.967, 161
Trd, 000056.150, 170
Trd, 000057.233, 171
Trd, 000057.367, 173
Trd, 000057.867, 170
Trd, 000058.500, 169
Trd, 000058.800, 168
Trd, 000059.250, 163
Trd, 000061.083, 166
Trd, 000061.833, 168
Trd, 000062.067, 168
Trd, 000062.233, 166
Trd, 000062.300, 164
Trd, 000062.350, 169
Trd, 000063.567, 167
Trd, 000064.617, 150
Trd, 000064.767, 163
Trd, 000065.267, 147
Trd, 000066.350, 162
Trd, 000068.267, 144
Trd, 000069.250, 161
Trd, 000070.067, 162
Trd, 000070.400, 153
Trd, 000070.550, 164
Trd, 000070.967, 152
Trd, 000071.183, 170
Trd, 000071.650, 152
Trd, 000071.933, 151
Trd, 000072.367, 155
Trd, 000072.400, 148
Trd, 000072.933, 162
Trd, 000073.367, 163
Trd, 000073.850, 162
Trd, 000074.317, 164
Trd, 000074.567, 163
Trd, 000075.000, 170
Trd, 000075.867, 162
Trd, 000076.050, 171
Trd, 000078.950, 168
Trd, 000079.233, 172
Trd, 000079.633, 166
Trd, 000079.867, 172
Trd, 000080.100, 164
Trd, 000080.383, 163
Trd, 000080.767, 173
Trd, 000081.100, 173
Trd, 000081.417, 155
Trd, 000081.700, 170
Trd, 000081.783, 162
Trd, 000082.300, 149
Trd, 000082.567, 176
Trd, 000084.383, 163
Trd, 000084.400, 175
Trd, 000086.050, 165
Trd, 000086.200, 157
Trd, 000086.800, 164
Trd, 000087.250, 163
Trd, 000087.317, 155
Trd, 000087.450, 163
Trd, 000087.833, 161
Trd, 000088.417, 161
Trd, 000088.483, 164
Trd, 000088.567, 176
Trd, 000088.600, 158
Trd, 000089.000, 176
Trd, 000090.133, 165
Trd, 000090.417, 146
Trd, 000092.500, 165
Trd, 000093.467, 164
Trd, 000094.117, 165
Trd, 000094.733, 156
Trd, 000095.050, 165
Trd, 000095.083, 166
Trd, 000095.883, 167
Trd, 000096.483, 164
Trd, 000096.600, 160
Trd, 000097.750, 171
Trd, 000098.700, 176
Trd, 000100.767, 172
Trd, 000101.650, 157
Trd, 000102.117, 172
Trd, 000102.133, 173
Trd, 000103.250, 165
Trd, 000104.150, 163
Trd, 000104.650, 162
Trd, 000104.667, 157
Trd, 000104.983, 151
Trd, 000105.533, 169
Trd, 000105.717, 169
Trd, 000106.267, 151
Trd, 000106.450, 172
Trd, 000106.667, 168
Trd, 000107.933, 172
Trd, 000108.167, 173
Trd, 000110.167, 166
Trd, 000111.317, 168
Trd, 000111.733, 169
Trd, 000112.000, 168
Trd, 000112.050, 163
Trd, 000112.217, 158
Trd, 000112.333, 172
Trd, 000112.450, 171
Trd, 000112.467, 167
Trd, 000113.217, 171
Trd, 000113.800, 158
Trd, 000114.067, 157
Trd, 000114.633, 174
Trd, 000115.600, 166
Trd, 000117.417, 170
Trd, 000118.017, 180
Trd, 000118.533, 182
Trd, 000118.733, 181
Trd, 000118.967, 171
Trd, 000119.900, 174
Trd, 000121.083, 173
Trd, 000121.517, 167
Trd, 000122.067, 167
Trd, 000123.167, 179
Trd, 000123.417, 198
Trd, 000123.583, 201
Trd, 000123.683, 205
Trd, 000123.750, 278
Trd, 000124.733, 294
Trd, 000125.483, 320.0
Trd, 000125.683, 337.0
Trd, 000126.333, 343
Trd, 000126.783, 353
Trd, 000126.867, 330
Trd, 000127.833, 330
Trd, 000128.200, 330
Trd, 000129.000, 331.0
Trd, 000129.533, 331.0
Trd, 000130.267, 343
Trd, 000130.700, 337.0
Trd, 000131.683, 339
Trd, 000131.767, 340
Trd, 000132.267, 341
Trd, 000133.067, 337
Trd, 000133.717, 355
Trd, 000133.950, 343
Trd, 000134.250, 342
Trd, 000135.533, 346
Trd, 000136.300, 346
Trd, 000137.017, 342
Trd, 000137.717, 342
Trd, 000138.017, 338
Trd, 000138.283, 347
Trd, 000138.583, 337.0
Trd, 000139.483, 334
Trd, 000139.850, 335
Trd, 000140.033, 327.0
Trd, 000140.967, 335
Trd, 000141.200, 336
Trd, 000141.267, 330.0
Trd, 000141.967, 337.0
Trd, 000142.333, 355
Trd, 000142.617, 363
Trd, 000143.567, 331
Trd, 000144.117, 331
Trd, 000144.667, 346
Trd, 000145.433, 347
Trd, 000145.817, 337.0
Trd, 000145.850, 329
Trd, 000145.917, 350
Trd, 000147.367, 330.0
Trd, 000147.600, 337.0
Trd, 000147.783, 358
Trd, 000147.983, 358
Trd, 000148.450, 336
Trd, 000149.117, 355
Trd, 000149.817, 363
Trd, 000149.833, 339.0
Trd, 000150.017, 337.0
Trd, 000151.917, 354
Trd, 000152.483, 338.0
Trd, 000152.917, 358
Trd, 000153.083, 359
Trd, 000154.417, 344
Trd, 000155.383, 360
Trd, 000155.467, 345
Trd, 000155.767, 352
Trd, 000156.333, 355.0
Trd, 000157.000, 360
Trd, 000157.383, 361
Trd, 000157.467, 358
Trd, 000158.000, 365.0
Trd, 000159.050, 359
Trd, 000159.750, 357
Trd, 000159.833, 355
Trd, 000161.217, 361
Trd, 000161.333, 360
Trd, 000161.633, 361
Trd, 000162.067, 348
Trd, 000162.617, 347
Trd, 000163.233, 337.0
Trd, 000163.400, 345
Trd, 000165.417, 355.0
Trd, 000165.583, 361
Trd, 000166.050, 355
Trd, 000166.217, 359
Trd, 000166.367, 362
Trd, 000166.583, 353
Trd, 000167.433, 342.0
Trd, 000167.800, 341.0
Trd, 000168.467, 355
Trd, 000169.133, 343
Trd, 000169.617, 353
Trd, 000169.867, 354
Trd, 000170.000, 342
Trd, 000171.633, 360
Trd, 000171.667, 362
Trd, 000172.450, 355.0
Trd, 000173.083, 365.0
Trd, 000173.283, 341.0
Trd, 000173.850, 353
Trd, 000173.900, 342
Trd, 000174.750, 343
Trd, 000175.783, 350
Trd, 000176.100, 352
Trd, 000176.617, 340
Trd, 000176.883, 356
Trd, 000177.967, 352
Trd, 000178.850, 347
Trd, 000178.933, 338.0
Trd, 000179.267, 350
Trd, 000181.233, 339
Trd, 000181.250, 337.0
Trd, 000181.700, 348
Trd, 000182.833, 347
Trd, 000182.933, 338
Trd, 000183.000, 334
Trd, 000183.100, 325
Trd, 000183.250, 312
Trd, 000183.967, 303
Trd, 000183.983, 277
Trd, 000184.083, 241
Trd, 000184.433, 198
Trd, 000186.200, 198
Trd, 000186.383, 199
Trd, 000186.483, 197
Trd, 000187.350, 194
Trd, 000187.450, 193
Trd, 000188.300, 196
Trd, 000188.583, 190
Trd, 000189.650, 188
Trd, 000189.700, 173
Trd, 000190.950, 166
Trd, 000191.183, 184
Trd, 000191.800, 176
Trd, 000192.583, 174
Trd, 000193.567, 171
Trd, 000194.400, 177
Trd, 000194.933, 174
Trd, 000195.500, 177
Trd, 000195.783, 181
Trd, 000196.233, 182
Trd, 000196.317, 176
Trd, 000196.917, 176
Trd, 000197.300, 177
Trd, 000197.550, 181
Trd, 000197.733, 187
Trd, 000198.467, 190
Trd, 000198.750, 186
Trd, 000198.950, 178
Trd, 000200.883, 179
Trd, 000201.417, 175
Trd, 000202.050, 167
Trd, 000202.333, 174
Trd, 000203.367, 175
Trd, 000203.400, 175
Trd, 000205.083, 175
Trd, 000205.667, 180
Trd, 000205.983, 165
Trd, 000206.417, 168
Trd, 000206.883, 181
Trd, 000207.333, 167
Trd, 000210.400, 179
Trd, 000211.000, 180
Trd, 000211.017, 179
Trd, 000211.350, 177
Trd, 000211.483, 176
Trd, 000212.550, 180
Trd, 000213.350, 183
Trd, 000213.483, 186
Trd, 000213.583, 168
Trd, 000213.600, 162
Trd, 000214.333, 186
Trd, 000215.200, 179
Trd, 000215.717, 178
Trd, 000217.500, 177
Trd, 000217.583, 177
Trd, 000218.700, 185
Trd, 000218.817, 169
Trd, 000219.617, 167
Trd, 000220.017, 177
Trd, 000220.150, 186
Trd, 000221.150, 179
Trd, 000221.800, 169
Trd, 000221.933, 170
Trd, 000222.050, 176
Trd, 000222.567, 169
Trd, 000223.450, 173
Trd, 000224.517, 185
Trd, 000224.650, 187
Trd, 000225.417, 189
Trd, 000225.533, 177
Trd, 000226.417, 171
Trd, 000226.750, 190
Trd, 000227.383, 192
Trd, 000227.617, 185
Trd, 000228.017, 193
Trd, 000228.100, 171
Trd, 000229.133, 180
Trd, 000229.183, 191
Trd, 000229.883, 178
Trd, 000230.600, 171
Trd, 000231.017, 170
Trd, 000232.550, 188
Trd, 000233.517, 178
Trd, 000233.533, 177
Trd, 000233.883, 164
Trd, 000233.900, 187
Trd, 000234.433, 188
Trd, 000234.750, 166
Trd, 000234.983, 160
Trd, 000235.100, 189
Trd, 000236.433, 185
Trd, 000237.383, 185
Trd, 000238.083, 184
Trd, 000238.417, 178
Trd, 000238.450, 169
Trd, 000239.617, 177
Trd, 000240.983, 176
Trd, 000241.067, 175
Trd, 000241.200, 179
Trd, 000241.233, 182
Trd, 000241.483, 173
Trd, 000241.933, 180
Trd, 000242.483, 180
Trd, 000242.967, 183
Trd, 000243.100, 180
Trd, 000243.283, 182
Trd, 000243.367, 179
Trd, 000244.133, 183
Trd, 000244.267, 189
Trd, 000245.283, 179
Trd, 000245.300, 178
Trd, 000246.217, 177
Trd, 000246.483, 175
Trd, 000246.633, 178
Trd, 000246.750, 179
Trd, 000246.767, 171
Trd, 000246.783, 182
Trd, 000247.817, 175
Trd, 000248.233, 173
Trd, 000248.967, 172
Trd, 000249.383, 165
Trd, 000249.950, 173
Trd, 000249.967, 167
Trd, 000250.100, 172
Trd, 000250.417, 173
Trd, 000251.033, 186
Trd, 000251.633, 175
Trd, 000251.867, 174
Trd, 000253.000, 177
Trd, 000253.517, 177
Trd, 000254.050, 181
Trd, 000254.283, 189
Trd, 000254.550, 184
Trd, 000255.283, 179
Trd, 000255.367, 178
Trd, 000255.933, 177
Trd, 000256.267, 178
Trd, 000256.433, 180
Trd, 000257.717, 180
Trd, 000257.733, 179
Trd, 000257.950, 177
Trd, 000258.100, 179
Trd, 000258.783, 175
Trd, 000259.767, 176
Trd, 000260.067, 174
Trd, 000260.400, 176
Trd, 000260.700, 173
Trd, 000260.983, 177
Trd, 000261.067, 181
Trd, 000262.117, 171
Trd, 000262.267, 168
Trd, 000262.333, 175
Trd, 000262.617, 177
Trd, 000263.400, 176
Trd, 000263.433, 167
Trd, 000263.450, 157
Trd, 000263.667, 163
Trd, 000264.017, 183
Trd, 000264.917, 180
Trd, 000265.383, 160
Trd, 000265.850, 174
Trd, 000266.150, 179
Trd, 000266.383, 178
Trd, 000266.667, 177
Trd, 000266.850, 185
Trd, 000267.733, 178
Trd, 000268.150, 180
Trd, 000268.633, 183
Trd, 000268.650, 182
Trd, 000269.600, 175
Trd, 000269.950, 168
Trd, 000270.917, 171
Trd, 000271.217, 173
Trd, 000271.750, 174
Trd, 000271.800, 173
Trd, 000271.867, 168
Trd, 000271.917, 168
Trd, 000273.683, 173
Trd, 000273.750, 169
Trd, 000274.133, 172
Trd, 000274.850, 171
Trd, 000274.967, 175
Trd, 000275.300, 164
Trd, 000275.317, 185
Trd, 000275.817, 183
Trd, 000276.350, 172
Trd, 000276.650, 179
Trd, 000276.833, 166
Trd, 000276.933, 177
Trd, 000277.567, 173
Trd, 000277.850, 181
Trd, 000278.217, 176
Trd, 000278.633, 165
Trd, 000279.067, 176
Trd, 000279.233, 190
Trd, 000280.283, 172
Trd, 000281.000, 173
Trd, 000281.233, 185
Trd, 000281.317, 186
Trd, 000281.900, 179
Trd, 000282.333, 181
Trd, 000282.383, 182
Trd, 000283.083, 186
Trd, 000283.400, 193
Trd, 000283.567, 196
Trd, 000284.167, 187
Trd, 000284.417, 179
Trd, 000284.433, 175
Trd, 000284.817, 169
Trd, 000285.300, 183
Trd, 000285.933, 188
Trd, 000286.033, 189
Trd, 000286.650, 170
Trd, 000287.933, 174
Trd, 000288.050, 179
Trd, 000288.183, 183
Trd, 000288.717, 188
Trd, 000288.800, 190
Trd, 000289.067, 170
Trd, 000289.900, 172
Trd, 000289.917, 170
Trd, 000290.000, 165
Trd, 000290.017, 173
Trd, 000290.767, 179
Trd, 000291.283, 176
Trd, 000291.567, 185
Trd, 000291.733, 186
Trd, 000291.967, 191
Trd, 000292.217, 197
Trd, 000292.983, 179
Trd, 000293.800, 177
Trd, 000293.900, 180
Trd, 000294.250, 180
Trd, 000294.750, 181
Trd, 000294.967, 184
Trd, 000295.067, 187
Trd, 000295.133, 176
Trd, 000295.500, 181
Trd, 000295.600, 177
Trd, 000295.683, 175
Trd, 000295.967, 194
Trd, 000296.217, 167
Trd, 000296.983, 183
Trd, 000297.283, 182
Trd, 000297.517, 183
Trd, 000297.833, 167
Trd, 000298.100, 185
Trd, 000298.167, 188
Trd, 000298.417, 198
Trd, 000299.083, 185
Trd, 000299.200, 182
Trd, 000299.383, 197
