Trd, 000001.167, 162
Trd, 000001.583, 149
Trd, 000004.300, 140
Trd, 000004.450, 140
Trd, 000004.983, 142
Trd, 000005.317, 155
Trd, 000006.550, 147
Trd, 000006.583, 146
Trd, 000006.700, 152
Trd, 000007.400, 152
Trd, 000008.033, 151
Trd, 000008.483, 152
Trd, 000009.050, 152
Trd, 000009.733, 163
Trd, 000009.783, 157
Trd, 000010.883, 156
Trd, 000011.733, 157
Trd, 000012.567, 156
Trd, 000012.633, 156
Trd, 000012.917, 154
Trd, 000013.267, 153
Trd, 000013.733, 154
Trd, 000013.900, 163
Trd, 000016.333, 170
Trd, 000017.183, 170
Trd, 000017.383, 168
Trd, 000018.000, 165
Trd, 000019.417, 165
Trd, 000019.533, 167
Trd, 000019.800, 164
Trd, 000020.717, 164
Trd, 000020.767, 165
Trd, 000021.517, 165
Trd, 000021.567, 165
Trd, 000021.717, 163
Trd, 000021.900, 166
Trd, 000023.633, 160
Trd, 000024.717, 166
Trd, 000025.167, 166
Trd, 000025.817, 166
Trd, 000027.150, 165
Trd, 000027.467, 166
Trd, 000027.633, 165
Trd, 000028.617, 166
Trd, 000029.033, 164
Trd, 000029.233, 168
Trd, 000030.667, 165
Trd, 000031.300, 165
Trd, 000031.567, 166
Trd, 000031.617, 166
Trd, 000032.600, 169
Trd, 000033.000, 167
Trd, 000033.717, 175
Trd, 000034.800, 169
Trd, 000035.467, 168
Trd, 000035.783, 164
Trd, 000036.933, 165
Trd, 000037.117, 165
Trd, 000037.250, 166
Trd, 000038.350, 168
Trd, 000038.817, 166
Trd, 000039.450, 160
Trd, 000040.233, 161
Trd, 000040.917, 159
Trd, 000040.950, 159
Trd, 000041.033, 157
Trd, 000041.100, 159
Trd, 000041.633, 146
Trd, 000042.483, 150
Trd, 000042.933, 148
Trd, 000043.833, 145
Trd, 000044.050, 143
Trd, 000044.450, 144
Trd, 000044.800, 157
Trd, 000045.400, 160
Trd, 000046.050, 161
Trd, 000046.183, 160
Trd, 000047.000, 164
Trd, 000047.017, 166
Trd, 000047.167, 162
Trd, 000048.533, 161
Trd, 000050.017, 162
Trd, 000050.267, 165
Trd, 000050.333, 161
Trd, 000050.850, 162
Trd, 000050.867, 163
Trd, 000052.500, 165
Trd, 000053.767, 165
Trd, 000054.283, 164
Trd, 000054.717, 165
Trd, 000055.650, 165
Trd, 000055.717, 167
Trd, 000055.817, 169
Trd, 000056.500, 165
Trd, 000058.833, 167
Trd, 000059.650, 165
Trd, 000060.117, 164
Trd, 000060.367, 165
Trd, 000060.567, 165
Trd, 000060.650, 166
Trd, 000061.483, 166
Trd, 000062.467, 166
Trd, 000063.033, 166
Trd, 000063.683, 166
Trd, 000064.400, 166
Trd, 000064.617, 166
Trd, 000065.250, 167
Trd, 000065.717, 168
Trd, 000066.000, 169
Trd, 000066.267, 167
Trd, 000066.283, 171
Trd, 000066.750, 166
Trd, 000068.167, 167
Trd, 000068.850, 165
Trd, 000069.133, 169
Trd, 000070.467, 170
Trd, 000071.417, 170
Trd, 000071.517, 171
Trd, 000072.300, 170
Trd, 000072.417, 169
Trd, 000073.000, 169
Trd, 000073.833, 169
Trd, 000074.217, 170
Trd, 000075.417, 178
Trd, 000075.433, 177
Trd, 000076.167, 178
Trd, 000076.700, 178
Trd, 000077.583, 181
Trd, 000078.450, 177
Trd, 000078.633, 176
Trd, 000078.717, 186
Trd, 000078.883, 149
Trd, 000081.067, 174
Trd, 000081.150, 175
Trd, 000081.350, 174
Trd, 000081.800, 170
Trd, 000083.233, 173
Trd, 000083.933, 174
Trd, 000084.133, 172
Trd, 000084.750, 170
Trd, 000085.833, 173
Trd, 000086.617, 173
Trd, 000086.650, 171
Trd, 000086.683, 171
Trd, 000087.717, 170
Trd, 000088.733, 171
Trd, 000089.583, 171
Trd, 000090.100, 171
Trd, 000090.667, 171
Trd, 000090.817, 170
Trd, 000091.483, 169
Trd, 000092.667, 168
Trd, 000093.333, 169
Trd, 000093.583, 169
Trd, 000093.833, 171
Trd, 000093.867, 169
Trd, 000094.650, 169
Trd, 000095.083, 170
Trd, 000095.600, 170
Trd, 000096.300, 170
Trd, 000097.367, 170
Trd, 000097.633, 170
Trd, 000098.683, 170
Trd, 000098.700, 169
Trd, 000098.900, 168
Trd, 000099.633, 169
Trd, 000100.583, 170
Trd, 000101.883, 166
Trd, 000103.200, 165
Trd, 000103.383, 168
Trd, 000104.050, 168
Trd, 000105.000, 167
Trd, 000105.350, 166
Trd, 000105.383, 167
Trd, 000106.567, 167
Trd, 000107.317, 167
Trd, 000107.917, 167
Trd, 000108.433, 169
Trd, 000109.417, 168
Trd, 000109.567, 170
Trd, 000110.033, 169
Trd, 000110.233, 170
Trd, 000110.583, 169
Trd, 000111.983, 170
Trd, 000112.550, 170
Trd, 000112.867, 172
Trd, 000113.983, 173
Trd, 000114.900, 173
Trd, 000115.217, 173
Trd, 000115.667, 173
Trd, 000116.850, 175
Trd, 000117.200, 175
Trd, 000117.450, 176
Trd, 000117.867, 176
Trd, 000119.350, 175
Trd, 000119.433, 174
Trd, 000119.783, 177
Trd, 000120.500, 177
Trd, 000120.933, 176
Trd, 000121.933, 176
Trd, 000121.983, 178
Trd, 000122.983, 180
Trd, 000123.067, 194
Trd, 000123.117, 208
Trd, 000123.567, 212
Trd, 000124.083, 314
Trd, 000124.167, 242
Trd, 000124.717, 320.0
Trd, 000125.150, 324
Trd, 000125.767, 300.0
Trd, 000126.083, 323.0
Trd, 000126.367, 324.0
Trd, 000128.067, 353
Trd, 000128.150, 355
Trd, 000128.650, 343
Trd, 000129.117, 362
Trd, 000129.933, 362
Trd, 000130.000, 345.0
Trd, 000132.133, 351
Trd, 000132.383, 351
Trd, 000132.517, 350
Trd, 000133.000, 354
Trd, 000133.300, 353
Trd, 000135.417, 353
Trd, 000135.867, 352
Trd, 000136.217, 350
Trd, 000136.500, 349
Trd, 000136.517, 352
Trd, 000138.033, 350
Trd, 000138.883, 351
Trd, 000139.867, 354
Trd, 000139.883, 362.0
Trd, 000140.467, 359
Trd, 000142.717, 358
Trd, 000143.133, 358
Trd, 000143.600, 358
Trd, 000144.733, 359
Trd, 000144.817, 357
Trd, 000145.317, 357
Trd, 000145.517, 357
Trd, 000145.650, 359
Trd, 000147.633, 358
Trd, 000147.717, 359.0
Trd, 000148.333, 358
Trd, 000148.733, 359
Trd, 000148.800, 355.0
Trd, 000149.750, 355
Trd, 000150.650, 354
Trd, 000150.700, 355
Trd, 000151.583, 362.0
Trd, 000152.333, 359
Trd, 000152.900, 372
Trd, 000153.500, 361
Trd, 000153.683, 358
Trd, 000153.817, 356
Trd, 000155.317, 362
Trd, 000155.567, 361
Trd, 000158.200, 360
Trd, 000158.217, 362.0
Trd, 000158.567, 359
Trd, 000159.533, 358
Trd, 000159.750, 360.0
Trd, 000159.833, 357
Trd, 000160.383, 361.0
Trd, 000160.850, 359
Trd, 000161.367, 361.0
Trd, 000161.617, 361
Trd, 000162.433, 361
Trd, 000163.800, 357
Trd, 000164.317, 358.0
Trd, 000164.983, 362.0
Trd, 000165.067, 357
Trd, 000165.683, 362
Trd, 000166.983, 362
Trd, 000167.183, 361.0
Trd, 000167.550, 361.0
Trd, 000168.017, 362.0
Trd, 000169.083, 360
Trd, 000169.317, 357
Trd, 000169.433, 357
Trd, 000171.267, 362
Trd, 000171.517, 357
Trd, 000173.067, 355
Trd, 000173.433, 359
Trd, 000173.700, 357
Trd, 000173.783, 349
Trd, 000174.950, 358
Trd, 000175.000, 357
Trd, 000175.350, 355
Trd, 000175.750, 361
Trd, 000177.650, 355
Trd, 000178.033, 354
Trd, 000178.283, 355
Trd, 000178.417, 355
Trd, 000178.950, 343.0
Trd, 000181.300, 345.0
Trd, 000181.400, 350
Trd, 000182.117, 344.0
Trd, 000182.217, 351
Trd, 000182.233, 348
Trd, 000183.233, 342
Trd, 000183.417, 341.0
Trd, 000183.550, 329
Trd, 000183.817, 324
Trd, 000184.067, 324.0
Trd, 000184.917, 202
Trd, 000185.533, 200
Trd, 000185.767, 193
Trd, 000186.250, 219
Trd, 000187.033, 190
Trd, 000188.267, 200
Trd, 000190.283, 189
Trd, 000190.383, 187
Trd, 000190.483, 182
Trd, 000190.650, 188
Trd, 000190.783, 172
Trd, 000192.183, 188
Trd, 000193.450, 187
Trd, 000193.833, 186
Trd, 000193.883, 187
Trd, 000194.600, 184
Trd, 000195.100, 181
Trd, 000195.583, 186
Trd, 000196.250, 185
Trd, 000196.550, 184
Trd, 000196.750, 182
Trd, 000197.033, 178
Trd, 000197.683, 182
Trd, 000197.917, 186
Trd, 000198.767, 176
Trd, 000199.733, 178
Trd, 000199.917, 179
Trd, 000200.483, 178
Trd, 000201.400, 177
Trd, 000202.217, 177
Trd, 000202.567, 177
Trd, 000204.367, 178
Trd, 000204.550, 178
Trd, 000204.783, 178
Trd, 000205.450, 178
Trd, 000205.883, 178
Trd, 000206.167, 179
Trd, 000206.317, 177
Trd, 000206.850, 179
Trd, 000207.450, 178
Trd, 000208.850, 178
Trd, 000209.433, 178
Trd, 000209.483, 176
Trd, 000209.533, 179
Trd, 000211.750, 178
Trd, 000212.367, 187
Trd, 000213.267, 183
Trd, 000214.017, 183
Trd, 000214.683, 180
Trd, 000215.067, 184
Trd, 000216.650, 182
Trd, 000217.017, 182
Trd, 000217.983, 178
Trd, 000218.200, 178
Trd, 000218.717, 179
Trd, 000218.917, 181
Trd, 000220.417, 183
Trd, 000221.150, 184
Trd, 000221.517, 184
Trd, 000222.433, 187
Trd, 000222.817, 187
Trd, 000223.300, 186
Trd, 000223.417, 177
Trd, 000224.167, 184
Trd, 000224.517, 179
Trd, 000225.033, 179
Trd, 000225.200, 176
Trd, 000226.333, 179
Trd, 000226.933, 180
Trd, 000227.200, 180
Trd, 000227.983, 180
Trd, 000228.050, 179
Trd, 000228.767, 185
Trd, 000230.100, 181
Trd, 000230.750, 182
Trd, 000231.817, 182
Trd, 000232.067, 178
Trd, 000233.600, 180
Trd, 000233.683, 180
Trd, 000233.733, 179
Trd, 000234.400, 180
Trd, 000234.717, 185
Trd, 000235.167, 182
Trd, 000235.583, 190
Trd, 000235.650, 191
Trd, 000237.233, 187
Trd, 000239.300, 187
Trd, 000240.117, 184
Trd, 000240.367, 185
Trd, 000240.450, 186
Trd, 000240.767, 181
Trd, 000241.283, 180
Trd, 000241.417, 181
Trd, 000242.000, 179
Trd, 000242.600, 182
Trd, 000243.083, 177
Trd, 000243.283, 176
Trd, 000243.617, 176
Trd, 000243.733, 177
Trd, 000244.083, 177
Trd, 000244.433, 177
Trd, 000244.683, 176
Trd, 000245.150, 175
Trd, 000245.367, 174
Trd, 000245.783, 170
Trd, 000245.833, 171
Trd, 000246.917, 172
Trd, 000247.167, 172
Trd, 000247.883, 173
Trd, 000248.367, 172
Trd, 000250.417, 173
Trd, 000250.517, 172
Trd, 000250.533, 173
Trd, 000250.617, 174
Trd, 000251.067, 175
Trd, 000251.217, 176
Trd, 000251.750, 178
Trd, 000251.950, 200
Trd, 000252.350, 200
Trd, 000253.050, 184
Trd, 000253.450, 187
Trd, 000253.500, 183
Trd, 000254.267, 185
Trd, 000254.317, 183
Trd, 000254.550, 186
Trd, 000255.067, 187
Trd, 000255.183, 185
Trd, 000256.417, 184
Trd, 000257.567, 185
Trd, 000257.833, 185
Trd, 000257.883, 186
Trd, 000258.100, 184
Trd, 000258.833, 183
Trd, 000258.967, 180
Trd, 000259.267, 179
Trd, 000259.517, 180
Trd, 000259.550, 181
Trd, 000261.000, 183
Trd, 000261.350, 180
Trd, 000261.533, 180
Trd, 000261.733, 183
Trd, 000262.017, 182
Trd, 000262.200, 183
Trd, 000262.383, 181
Trd, 000262.783, 181
Trd, 000262.933, 182
Trd, 000263.567, 183
Trd, 000265.283, 182
Trd, 000265.400, 182
Trd, 000266.000, 181
Trd, 000266.033, 180
Trd, 000266.217, 182
Trd, 000266.367, 179
Trd, 000267.300, 180
Trd, 000267.383, 174
Trd, 000267.533, 175
Trd, 000268.417, 169
Trd, 000268.533, 171
Trd, 000268.867, 172
Trd, 000269.350, 175
Trd, 000269.617, 184
Trd, 000270.317, 176
Trd, 000270.683, 177
Trd, 000270.817, 176
Trd, 000271.667, 177
Trd, 000272.417, 177
Trd, 000272.467, 175
Trd, 000273.067, 177
Trd, 000273.117, 178
Trd, 000273.483, 176
Trd, 000273.917, 176
Trd, 000274.067, 183
Trd, 000274.233, 189
Trd, 000275.383, 178
Trd, 000275.650, 177
Trd, 000276.450, 183
Trd, 000276.800, 184
Trd, 000276.983, 185
Trd, 000277.267, 185
Trd, 000277.533, 183
Trd, 000277.650, 182
Trd, 000277.667, 185
Trd, 000278.017, 182
Trd, 000279.217, 190
Trd, 000279.267, 184
Trd, 000279.650, 185
Trd, 000280.300, 184
Trd, 000280.517, 184
Trd, 000281.517, 183
Trd, 000282.450, 184
Trd, 000283.117, 184
Trd, 000283.700, 184
Trd, 000284.033, 179
Trd, 000284.550, 185
Trd, 000284.650, 181
Trd, 000285.300, 186
Trd, 000285.917, 183
Trd, 000287.233, 179
Trd, 000287.433, 184
Trd, 000287.850, 183
Trd, 000287.917, 181
Trd, 000288.267, 179
Trd, 000289.367, 178
Trd, 000289.817, 178
Trd, 000290.133, 178
Trd, 000290.167, 179
Trd, 000290.383, 177
Trd, 000290.633, 178
Trd, 000290.717, 177
Trd, 000290.817, 170
Trd, 000291.317, 178
Trd, 000291.567, 176
Trd, 000292.150, 179
Trd, 000292.417, 174
Trd, 000292.483, 180
Trd, 000293.017, 175
Trd, 000293.200, 175
Trd, 000294.183, 177
Trd, 000295.383, 191
Trd, 000296.017, 189
Trd, 000296.117, 189
Trd, 000296.250, 188
Trd, 000296.367, 187
Trd, 000297.117, 188
Trd, 000297.700, 188
Trd, 000297.933, 186
Trd, 000298.017, 198
Trd, 000298.050, 185
Trd, 000298.183, 185
Trd, 000298.517, 185
Trd, 000298.817, 191
Trd, 000299.600, 189
