Trd, 000001.883, 157
Trd, 000002.000, 155
Trd, 000002.333, 158
Trd, 000003.567, 158
Trd, 000004.283, 157
Trd, 000005.133, 162
Trd, 000005.433, 161
Trd, 000005.550, 156
Trd, 000005.933, 163
Trd, 000006.867, 143
Trd, 000007.033, 142
Trd, 000007.667, 159
Trd, 000008.383, 166
Trd, 000008.917, 155
Trd, 000009.533, 162
Trd, 000009.617, 157
Trd, 000010.633, 159
Trd, 000010.850, 157
Trd, 000010.883, 159
Trd, 000013.483, 154
Trd, 000013.750, 155
Trd, 000013.767, 154
Trd, 000014.033, 157
Trd, 000014.300, 153
Trd, 000014.667, 151
Trd, 000015.233, 146
Trd, 000015.250, 155
Trd, 000015.817, 158
Trd, 000016.250, 151
Trd, 000016.600, 151
Trd, 000017.867, 150
Trd, 000017.950, 153
Trd, 000018.383, 154
Trd, 000018.883, 144
Trd, 000019.267, 148
Trd, 000020.400, 149
Trd, 000020.483, 148
Trd, 000021.017, 142
Trd, 000021.833, 149
Trd, 000022.233, 150
Trd, 000022.700, 148
Trd, 000024.183, 152
Trd, 000024.617, 151
Trd, 000025.350, 152
Trd, 000025.867, 149
Trd, 000026.933, 151
Trd, 000027.733, 150
Trd, 000028.067, 151
Trd, 000028.083, 151
Trd, 000028.200, 158
Trd, 000029.217, 149
Trd, 000029.467, 159
Trd, 000030.050, 152
Trd, 000031.867, 160
Trd, 000031.883, 161
Trd, 000032.350, 157
Trd, 000033.000, 158
Trd, 000033.200, 157
Trd, 000034.083, 154
Trd, 000034.250, 161
Trd, 000034.767, 156
Trd, 000035.150, 156
Trd, 000035.583, 158
Trd, 000036.250, 159
Trd, 000037.250, 154
Trd, 000037.967, 169
Trd, 000038.633, 154
Trd, 000038.783, 154
Trd, 000038.883, 155
Trd, 000039.150, 148
Trd, 000040.500, 161
Trd, 000040.667, 150
Trd, 000042.083, 158
Trd, 000043.033, 156
Trd, 000043.367, 159
Trd, 000043.467, 154
Trd, 000044.633, 153
Trd, 000045.267, 156
Trd, 000045.817, 150
Trd, 000046.083, 149
Trd, 000046.767, 157
Trd, 000047.350, 153
Trd, 000047.567, 154
Trd, 000047.733, 158
Trd, 000049.500, 158
Trd, 000050.167, 159
Trd, 000050.833, 159
Trd, 000052.600, 157
Trd, 000052.950, 156
Trd, 000053.467, 153
Trd, 000053.900, 158
Trd, 000054.150, 151
Trd, 000054.567, 156
Trd, 000054.800, 159
Trd, 000054.850, 160
Trd, 000055.633, 155
Trd, 000056.167, 154
Trd, 000057.033, 154
Trd, 000057.867, 152
Trd, 000057.917, 149
Trd, 000058.133, 127
Trd, 000058.150, 153
Trd, 000058.683, 152
Trd, 000058.700, 153
Trd, 000058.717, 154
Trd, 000059.733, 151
Trd, 000062.133, 153
Trd, 000062.367, 151
Trd, 000064.000, 154
Trd, 000064.517, 157
Trd, 000064.667, 158
Trd, 000065.300, 156
Trd, 000065.617, 157
Trd, 000065.833, 159
Trd, 000067.000, 156
Trd, 000067.367, 161
Trd, 000067.800, 157
Trd, 000068.817, 162
Trd, 000069.200, 156
Trd, 000069.283, 155
Trd, 000069.467, 151
Trd, 000070.717, 161
Trd, 000071.017, 161
Trd, 000071.450, 162
Trd, 000071.733, 157
Trd, 000072.867, 157
Trd, 000072.900, 151
Trd, 000073.067, 150
Trd, 000073.783, 157
Trd, 000074.617, 158
Trd, 000074.667, 159
Trd, 000075.400, 160
Trd, 000076.850, 163
Trd, 000077.033, 162
Trd, 000077.583, 163
Trd, 000077.867, 162
Trd, 000078.800, 156
Trd, 000079.233, 155
Trd, 000079.700, 154
Trd, 000080.017, 156
Trd, 000080.200, 157
Trd, 000080.533, 156
Trd, 000081.033, 165
Trd, 000081.667, 155
Trd, 000082.100, 166
Trd, 000082.417, 152
Trd, 000082.450, 148
Trd, 000083.500, 152
Trd, 000083.533, 138
Trd, 000084.183, 163
Trd, 000085.183, 154
Trd, 000085.950, 157
Trd, 000086.783, 156
Trd, 000087.017, 155
Trd, 000087.067, 160
Trd, 000087.200, 161
Trd, 000087.483, 163
Trd, 000087.583, 154
Trd, 000088.883, 157
Trd, 000089.417, 154
Trd, 000090.350, 160
Trd, 000091.133, 160
Trd, 000091.283, 159
Trd, 000092.000, 159
Trd, 000092.050, 160
Trd, 000092.233, 158
Trd, 000093.333, 164
Trd, 000094.067, 162
Trd, 000094.650, 159
Trd, 000095.433, 152
Trd, 000095.650, 156
Trd, 000095.983, 164
Trd, 000096.483, 158
Trd, 000096.733, 154
Trd, 000096.783, 162
Trd, 000097.283, 167
Trd, 000099.317, 165
Trd, 000099.717, 164
Trd, 000100.817, 164
Trd, 000101.983, 163
Trd, 000102.117, 165
Trd, 000103.050, 162
Trd, 000103.083, 168
Trd, 000103.150, 160
Trd, 000103.300, 182
Trd, 000103.367, 158
Trd, 000103.417, 156
Trd, 000105.367, 161
Trd, 000106.500, 162
Trd, 000107.150, 155
Trd, 000107.583, 163
Trd, 000107.817, 164
Trd, 000108.650, 155
Trd, 000108.967, 160
Trd, 000109.033, 159
Trd, 000109.517, 166
Trd, 000109.633, 156
Trd, 000110.083, 151
Trd, 000111.517, 156
Trd, 000112.383, 155
Trd, 000112.700, 154
Trd, 000113.683, 152
Trd, 000114.733, 156
Trd, 000114.783, 155
Trd, 000114.833, 159
Trd, 000114.967, 153
Trd, 000115.583, 165
Trd, 000116.717, 164
Trd, 000116.950, 154
Trd, 000118.767, 160
Trd, 000119.250, 160
Trd, 000119.467, 159
Trd, 000119.667, 161
Trd, 000119.933, 159
Trd, 000120.400, 160
Trd, 000120.917, 160
Trd, 000121.383, 164
Trd, 000121.617, 170
Trd, 000121.917, 178
Trd, 000122.717, 184
Trd, 000123.067, 188
Trd, 000123.167, 194
Trd, 000123.850, 183
Trd, 000124.067, 190
Trd, 000124.183, 199
Trd, 000124.917, 300.0
Trd, 000125.450, 303.0
Trd, 000125.683, 317.0
Trd, 000126.617, 319.0
Trd, 000126.967, 320.0
Trd, 000127.400, 338
Trd, 000128.367, 336
Trd, 000129.417, 342
Trd, 000129.600, 341
Trd, 000129.900, 333
Trd, 000131.917, 351.0
Trd, 000132.950, 352.0
Trd, 000133.100, 354.0
Trd, 000133.133, 353.0
Trd, 000133.167, 344.0
Trd, 000133.500, 355
Trd, 000133.900, 353
Trd, 000134.383, 353
Trd, 000134.683, 348
Trd, 000134.917, 348
Trd, 000135.017, 357.0
Trd, 000136.633, 357.0
Trd, 000137.633, 339
Trd, 000138.183, 330
Trd, 000138.383, 331
Trd, 000138.667, 321.0
Trd, 000140.317, 334
Trd, 000140.450, 346
Trd, 000141.567, 334
Trd, 000141.967, 337
Trd, 000142.067, 338
Trd, 000142.133, 339
Trd, 000142.233, 348.0
Trd, 000142.983, 338
Trd, 000143.183, 354
Trd, 000144.067, 357
Trd, 000144.750, 340
Trd, 000145.983, 345.0
Trd, 000147.133, 345.0
Trd, 000147.600, 353
Trd, 000147.950, 352
Trd, 000148.550, 349
Trd, 000149.350, 348
Trd, 000149.467, 344.0
Trd, 000149.483, 344
Trd, 000149.850, 343
Trd, 000150.100, 352
Trd, 000151.517, 353
Trd, 000152.050, 354
Trd, 000152.533, 352
Trd, 000153.417, 340
Trd, 000155.083, 348.0
Trd, 000155.633, 348.0
Trd, 000155.883, 349
Trd, 000156.150, 347.0
Trd, 000156.267, 346.0
Trd, 000157.267, 346
Trd, 000158.117, 347
Trd, 000158.433, 346
Trd, 000159.117, 346.0
Trd, 000159.717, 347
Trd, 000159.800, 355
Trd, 000160.500, 345.0
Trd, 000161.033, 348.0
Trd, 000161.083, 344.0
Trd, 000161.133, 343
Trd, 000162.017, 342
Trd, 000162.083, 341
Trd, 000162.400, 338
Trd, 000163.033, 351
Trd, 000164.300, 333
Trd, 000164.417, 334
Trd, 000164.967, 348.0
Trd, 000165.267, 355
Trd, 000166.217, 351
Trd, 000166.317, 358.0
Trd, 000166.733, 349
Trd, 000167.433, 352
Trd, 000167.883, 359
Trd, 000168.483, 356
Trd, 000170.600, 356
Trd, 000171.617, 354
Trd, 000172.400, 352
Trd, 000173.100, 353
Trd, 000173.433, 344.0
Trd, 000174.233, 343
Trd, 000174.367, 341
Trd, 000174.800, 351
Trd, 000175.233, 343
Trd, 000176.167, 351.0
Trd, 000176.250, 352.0
Trd, 000176.300, 345
Trd, 000178.900, 348.0
Trd, 000179.100, 355
Trd, 000179.517, 357
Trd, 000179.700, 347.0
Trd, 000180.050, 346.0
Trd, 000180.633, 344
Trd, 000180.850, 345.0
Trd, 000181.133, 344.0
Trd, 000182.300, 344
Trd, 000182.867, 343
Trd, 000182.950, 339
Trd, 000183.000, 320.0
Trd, 000183.033, 316
Trd, 000183.117, 310.0
Trd, 000183.483, 297
Trd, 000183.833, 225
Trd, 000184.650, 334
Trd, 000184.850, 204
Trd, 000185.400, 199
Trd, 000185.750, 192
Trd, 000185.967, 190
Trd, 000186.350, 185
Trd, 000186.600, 184
Trd, 000187.500, 193
Trd, 000187.800, 183
Trd, 000188.183, 188
Trd, 000188.600, 186
Trd, 000190.150, 185
Trd, 000190.650, 185
Trd, 000191.250, 184
Trd, 000191.483, 183
Trd, 000194.733, 170
Trd, 000194.783, 171
Trd, 000195.117, 169
Trd, 000195.300, 173
Trd, 000195.500, 173
Trd, 000196.117, 168
Trd, 000196.583, 168
Trd, 000197.083, 172
Trd, 000197.500, 174
Trd, 000197.517, 167
Trd, 000197.950, 165
Trd, 000199.750, 172
Trd, 000200.933, 172
Trd, 000201.533, 171
Trd, 000202.167, 173
Trd, 000202.283, 175
Trd, 000202.450, 174
Trd, 000202.483, 173
Trd, 000202.667, 172
Trd, 000202.683, 169
Trd, 000203.050, 140
Trd, 000203.400, 175
Trd, 000204.833, 168
Trd, 000205.550, 165
Trd, 000206.533, 164
Trd, 000206.800, 165
Trd, 000207.383, 165
Trd, 000208.150, 167
Trd, 000208.450, 169
Trd, 000208.950, 168
Trd, 000209.667, 167
Trd, 000209.800, 165
Trd, 000209.917, 179
Trd, 000210.467, 181
Trd, 000211.167, 186
Trd, 000211.717, 176
Trd, 000212.483, 192
Trd, 000212.967, 176
Trd, 000213.600, 179
Trd, 000214.017, 175
Trd, 000214.867, 183
Trd, 000216.033, 176
Trd, 000216.467, 177
Trd, 000217.067, 175
Trd, 000217.217, 178
Trd, 000218.367, 176
Trd, 000219.067, 187
Trd, 000219.100, 172
Trd, 000220.550, 165
Trd, 000220.933, 169
Trd, 000222.167, 169
Trd, 000222.533, 170
Trd, 000222.950, 169
Trd, 000223.533, 170
Trd, 000223.667, 169
Trd, 000224.617, 171
Trd, 000224.900, 176
Trd, 000225.800, 177
Trd, 000226.400, 178
Trd, 000227.150, 172
Trd, 000227.183, 174
Trd, 000227.667, 172
Trd, 000227.933, 172
Trd, 000228.250, 172
Trd, 000228.350, 171
Trd, 000228.750, 163
Trd, 000229.900, 168
Trd, 000230.350, 168
Trd, 000230.683, 168
Trd, 000231.517, 171
Trd, 000232.100, 170
Trd, 000232.133, 181
Trd, 000233.150, 180
Trd, 000233.333, 181
Trd, 000233.850, 171
Trd, 000234.100, 170
Trd, 000234.217, 167
Trd, 000234.867, 177
Trd, 000236.200, 177
Trd, 000237.050, 172
Trd, 000238.133, 174
Trd, 000239.583, 169
Trd, 000240.133, 171
Trd, 000240.350, 172
Trd, 000240.450, 173
Trd, 000240.600, 175
Trd, 000240.683, 172
Trd, 000240.917, 171
Trd, 000240.950, 170
Trd, 000241.717, 168
Trd, 000241.800, 168
Trd, 000241.983, 168
Trd, 000242.250, 172
Trd, 000242.567, 172
Trd, 000242.817, 172
Trd, 000243.317, 170
Trd, 000244.067, 174
Trd, 000244.750, 166
Trd, 000244.917, 164
Trd, 000245.683, 163
Trd, 000245.883, 178
Trd, 000247.350, 177
Trd, 000247.783, 175
Trd, 000247.917, 173
Trd, 000248.100, 172
Trd, 000248.417, 151
Trd, 000248.883, 166
Trd, 000248.933, 175
Trd, 000249.317, 150
Trd, 000249.900, 170
Trd, 000250.083, 170
Trd, 000250.300, 171
Trd, 000250.717, 177
Trd, 000251.367, 173
Trd, 000252.583, 171
Trd, 000254.450, 172
Trd, 000255.050, 169
Trd, 000255.250, 175
Trd, 000255.450, 176
Trd, 000256.250, 176
Trd, 000256.683, 179
Trd, 000257.000, 180
Trd, 000257.267, 179
Trd, 000258.283, 178
Trd, 000258.350, 178
Trd, 000258.950, 176
Trd, 000259.250, 179
Trd, 000259.550, 175
Trd, 000260.100, 181
Trd, 000260.983, 176
Trd, 000261.617, 179
Trd, 000261.833, 179
Trd, 000261.883, 177
Trd, 000262.033, 174
Trd, 000262.417, 180
Trd, 000263.317, 181
Trd, 000263.467, 181
Trd, 000264.033, 179
Trd, 000264.283, 182
Trd, 000264.300, 178
Trd, 000264.683, 177
Trd, 000265.400, 177
Trd, 000265.583, 177
Trd, 000266.550, 177
Trd, 000266.683, 176
Trd, 000267.717, 177
Trd, 000268.283, 178
Trd, 000268.583, 181
Trd, 000268.783, 178
Trd, 000269.450, 172
Trd, 000269.717, 170
Trd, 000269.950, 171
Trd, 000270.367, 175
Trd, 000270.400, 169
Trd, 000271.433, 169
Trd, 000271.483, 168
Trd, 000271.617, 171
Trd, 000271.883, 173
Trd, 000272.167, 182
Trd, 000272.700, 175
Trd, 000273.033, 170
Trd, 000274.033, 168
Trd, 000274.333, 166
Trd, 000274.750, 173
Trd, 000275.217, 174
Trd, 000275.317, 175
Trd, 000276.183, 175
Trd, 000276.783, 184
Trd, 000277.283, 184
Trd, 000278.067, 186
Trd, 000278.383, 184
Trd, 000278.617, 184
Trd, 000279.950, 182
Trd, 000280.983, 182
Trd, 000281.017, 179
Trd, 000281.067, 178
Trd, 000281.117, 176
Trd, 000281.433, 179
Trd, 000281.700, 172
Trd, 000282.017, 170
Trd, 000282.050, 169
Trd, 000282.200, 173
Trd, 000282.567, 172
Trd, 000283.683, 175
Trd, 000283.717, 174
Trd, 000283.883, 173
Trd, 000284.550, 168
Trd, 000284.883, 174
Trd, 000284.933, 176
Trd, 000285.500, 162
Trd, 000285.950, 181
Trd, 000286.000, 183
Trd, 000286.067, 186
Trd, 000286.583, 193
Trd, 000286.617, 178
Trd, 000287.017, 201
Trd, 000288.133, 174
Trd, 000288.217, 176
Trd, 000288.433, 167
Trd, 000288.683, 177
Trd, 000289.350, 177
Trd, 000289.450, 168
Trd, 000290.033, 169
Trd, 000290.533, 168
Trd, 000290.817, 167
Trd, 000290.933, 181
Trd, 000291.317, 185
Trd, 000292.183, 185
Trd, 000292.317, 184
Trd, 000294.017, 178
Trd, 000294.550, 179
Trd, 000294.967, 177
Trd, 000295.100, 181
Trd, 000295.600, 176
Trd, 000295.667, 181
Trd, 000295.750, 187
Trd, 000295.817, 191
Trd, 000296.800, 182
Trd, 000298.067, 174
Trd, 000298.867, 178
Trd, 000298.950, 184
Trd, 000299.233, 192
Trd, 000299.733, 190
Trd, 000299.817, 191
Trd, 000299.833, 181
