Trd, 000001.783, 151
Trd, 000002.167, 151
Trd, 000002.650, 166
Trd, 000002.700, 145
Trd, 000004.383, 149
Trd, 000005.500, 152
Trd, 000006.200, 155
Trd, 000006.800, 150
Trd, 000006.967, 153
Trd, 000007.150, 144
Trd, 000007.800, 152
Trd, 000008.233, 155
Trd, 000009.483, 155
Trd, 000010.100, 164
Trd, 000010.717, 156
Trd, 000011.600, 156
Trd, 000011.700, 160
Trd, 000013.700, 157
Trd, 000014.083, 156
Trd, 000014.167, 161
Trd, 000014.450, 163
Trd, 000014.933, 157
Trd, 000016.233, 161
Trd, 000016.833, 160
Trd, 000017.083, 161
Trd, 000017.850, 156
Trd, 000017.950, 156
Trd, 000019.317, 159
Trd, 000021.383, 159
Trd, 000021.817, 159
Trd, 000021.900, 161
Trd, 000021.917, 164
Trd, 000022.583, 160
Trd, 000023.183, 160
Trd, 000023.350, 157
Trd, 000025.283, 159
Trd, 000026.833, 160
Trd, 000027.067, 160
Trd, 000027.700, 158
Trd, 000028.550, 159
Trd, 000028.567, 161
Trd, 000028.667, 158
Trd, 000028.883, 140
Trd, 000029.950, 150
Trd, 000030.900, 153
Trd, 000031.333, 147
Trd, 000031.750, 152
Trd, 000032.450, 159
Trd, 000033.733, 159
Trd, 000033.750, 160
Trd, 000034.850, 158
Trd, 000035.583, 155
Trd, 000036.700, 155
Trd, 000038.133, 156
Trd, 000038.767, 155
Trd, 000038.800, 155
Trd, 000039.033, 156
Trd, 000039.250, 157
Trd, 000041.217, 152
Trd, 000042.000, 154
Trd, 000042.550, 162
Trd, 000042.783, 153
Trd, 000044.200, 153
Trd, 000044.483, 143
Trd, 000044.883, 158
Trd, 000045.850, 151
Trd, 000046.250, 156
Trd, 000046.517, 152
Trd, 000048.850, 155
Trd, 000049.083, 156
Trd, 000050.450, 156
Trd, 000050.600, 157
Trd, 000051.000, 163
Trd, 000052.667, 159
Trd, 000053.400, 159
Trd, 000053.950, 158
Trd, 000054.133, 159
Trd, 000055.367, 156
Trd, 000056.017, 157
Trd, 000056.100, 155
Trd, 000057.083, 150
Trd, 000057.550, 161
Trd, 000059.000, 161
Trd, 000059.167, 151
Trd, 000059.317, 162
Trd, 000059.550, 153
Trd, 000061.250, 159
Trd, 000061.467, 157
Trd, 000062.067, 156
Trd, 000062.150, 164
Trd, 000062.917, 158
Trd, 000063.433, 163
Trd, 000064.750, 159
Trd, 000065.767, 157
Trd, 000066.550, 160
Trd, 000067.683, 159
Trd, 000068.433, 157
Trd, 000068.567, 156
Trd, 000069.817, 160
Trd, 000069.983, 161
Trd, 000071.233, 161
Trd, 000071.300, 159
Trd, 000071.733, 169
Trd, 000071.850, 175
Trd, 000072.417, 158
Trd, 000074.600, 164
Trd, 000075.017, 157
Trd, 000075.683, 163
Trd, 000077.600, 162
Trd, 000079.200, 163
Trd, 000079.650, 162
Trd, 000080.517, 160
Trd, 000080.883, 163
Trd, 000081.783, 163
Trd, 000082.050, 163
Trd, 000082.217, 166
Trd, 000083.300, 163
Trd, 000084.367, 163
Trd, 000086.483, 164
Trd, 000087.100, 163
Trd, 000088.767, 162
Trd, 000089.467, 161
Trd, 000089.667, 162
Trd, 000089.900, 163
Trd, 000090.317, 164
Trd, 000091.083, 167
Trd, 000091.183, 162
Trd, 000091.267, 171
Trd, 000092.417, 159
Trd, 000092.783, 160
Trd, 000092.800, 166
Trd, 000094.133, 163
Trd, 000094.483, 166
Trd, 000095.433, 167
Trd, 000097.183, 178
Trd, 000097.617, 173
Trd, 000099.100, 172
Trd, 000100.667, 171
Trd, 000100.950, 170
Trd, 000101.433, 171
Trd, 000101.733, 172
Trd, 000102.350, 173
Trd, 000102.400, 171
Trd, 000103.500, 172
Trd, 000103.633, 173
Trd, 000103.767, 170
Trd, 000104.150, 157
Trd, 000104.700, 173
Trd, 000105.983, 178
Trd, 000106.250, 182
Trd, 000106.450, 177
Trd, 000107.417, 172
Trd, 000107.800, 171
Trd, 000108.683, 176
Trd, 000108.950, 155
Trd, 000109.267, 137
Trd, 000109.700, 163
Trd, 000111.033, 164
Trd, 000111.467, 163
Trd, 000111.850, 163
Trd, 000112.700, 162
Trd, 000112.717, 155
Trd, 000115.100, 158
Trd, 000115.150, 159
Trd, 000115.317, 162
Trd, 000115.850, 158
Trd, 000116.750, 170
Trd, 000116.983, 158
Trd, 000117.467, 162
Trd, 000120.017, 163
Trd, 000120.033, 162
Trd, 000120.900, 162
Trd, 000121.133, 164
Trd, 000121.267, 165
Trd, 000121.667, 160
Trd, 000121.717, 174
Trd, 000121.783, 180
Trd, 000122.183, 177
Trd, 000122.517, 187
Trd, 000123.483, 198
Trd, 000123.833, 201
Trd, 000124.767, 313.0
Trd, 000125.067, 325
Trd, 000125.167, 326
Trd, 000125.300, 327
Trd, 000125.417, 351.0
Trd, 000125.467, 344
Trd, 000127.000, 351
Trd, 000127.867, 337.0
Trd, 000127.967, 320
Trd, 000130.367, 337.0
Trd, 000130.667, 338
Trd, 000131.950, 358
Trd, 000131.967, 341
Trd, 000132.117, 359
Trd, 000132.317, 340
Trd, 000134.667, 344
Trd, 000136.150, 343
Trd, 000136.600, 354
Trd, 000136.983, 348
Trd, 000138.817, 347
Trd, 000138.883, 344.0
Trd, 000139.233, 342
Trd, 000139.867, 348
Trd, 000140.250, 344
Trd, 000141.083, 351.0
Trd, 000142.017, 350
Trd, 000143.183, 351
Trd, 000143.667, 353
Trd, 000143.950, 353
Trd, 000144.800, 355
Trd, 000145.717, 362
Trd, 000146.300, 354
Trd, 000146.617, 348
Trd, 000148.683, 357
Trd, 000149.283, 349
Trd, 000150.433, 353
Trd, 000151.500, 356
Trd, 000151.900, 357
Trd, 000151.983, 351
Trd, 000152.000, 358
Trd, 000152.550, 351
Trd, 000153.433, 358
Trd, 000153.683, 349
Trd, 000155.567, 351
Trd, 000156.233, 357
Trd, 000156.367, 350
Trd, 000157.533, 351
Trd, 000157.933, 355
Trd, 000158.533, 351
Trd, 000159.217, 354
Trd, 000160.050, 355
Trd, 000160.100, 357
Trd, 000160.617, 351
Trd, 000160.983, 348
Trd, 000161.100, 368.0
Trd, 000162.117, 359
Trd, 000163.283, 360
Trd, 000164.550, 345.0
Trd, 000165.600, 347
Trd, 000165.917, 358
Trd, 000166.117, 346
Trd, 000169.467, 356
Trd, 000169.800, 356
Trd, 000169.917, 350
Trd, 000171.083, 351
Trd, 000171.400, 356
Trd, 000172.733, 358
Trd, 000172.867, 353
Trd, 000173.967, 353
Trd, 000174.400, 352
Trd, 000174.683, 358
Trd, 000175.867, 358
Trd, 000177.617, 352
Trd, 000178.900, 359
Trd, 000179.067, 359
Trd, 000179.617, 362
Trd, 000179.700, 354
Trd, 000180.550, 359
Trd, 000180.867, 353
Trd, 000181.183, 352
Trd, 000181.617, 349
Trd, 000181.633, 344.0
Trd, 000182.133, 349
Trd, 000182.617, 348
Trd, 000182.717, 327.0
Trd, 000183.300, 320.0
Trd, 000183.317, 310.0
Trd, 000183.650, 304
Trd, 000183.983, 294
Trd, 000184.200, 257
Trd, 000184.283, 230
Trd, 000185.533, 197
Trd, 000186.450, 190
Trd, 000186.917, 219
Trd, 000187.533, 200
Trd, 000188.600, 191
Trd, 000188.617, 190
Trd, 000189.650, 190
Trd, 000189.850, 191
Trd, 000189.950, 186
Trd, 000190.033, 180
Trd, 000191.383, 185
Trd, 000192.267, 185
Trd, 000192.667, 182
Trd, 000192.917, 185
Trd, 000193.183, 187
Trd, 000193.200, 181
Trd, 000193.817, 183
Trd, 000194.833, 187
Trd, 000195.083, 184
Trd, 000196.017, 180
Trd, 000196.450, 180
Trd, 000196.817, 186
Trd, 000197.083, 163
Trd, 000199.150, 169
Trd, 000199.283, 162
Trd, 000199.767, 169
Trd, 000200.250, 170
Trd, 000200.717, 170
Trd, 000201.150, 170
Trd, 000201.467, 171
Trd, 000202.050, 171
Trd, 000202.250, 173
Trd, 000203.733, 173
Trd, 000204.217, 170
Trd, 000205.650, 172
Trd, 000206.083, 170
Trd, 000206.333, 170
Trd, 000207.200, 178
Trd, 000207.450, 188
Trd, 000208.467, 169
Trd, 000209.867, 165
Trd, 000211.050, 158
Trd, 000212.033, 164
Trd, 000212.083, 171
Trd, 000212.283, 172
Trd, 000212.333, 161
Trd, 000214.117, 157
Trd, 000214.150, 172
Trd, 000215.250, 169
Trd, 000216.467, 172
Trd, 000216.633, 167
Trd, 000218.700, 171
Trd, 000218.967, 171
Trd, 000220.450, 171
Trd, 000221.050, 172
Trd, 000222.250, 172
Trd, 000223.033, 171
Trd, 000224.383, 172
Trd, 000224.450, 173
Trd, 000224.683, 169
Trd, 000226.050, 169
Trd, 000226.567, 179
Trd, 000226.617, 175
Trd, 000227.367, 178
Trd, 000228.817, 176
Trd, 000228.933, 181
Trd, 000229.083, 180
Trd, 000229.617, 177
Trd, 000230.933, 175
Trd, 000231.850, 175
Trd, 000232.367, 185
Trd, 000234.167, 177
Trd, 000234.433, 175
Trd, 000234.617, 182
Trd, 000234.867, 184
Trd, 000235.333, 181
Trd, 000235.717, 180
Trd, 000236.283, 176
Trd, 000237.500, 179
Trd, 000239.517, 176
Trd, 000240.083, 175
Trd, 000240.567, 176
Trd, 000240.967, 178
Trd, 000240.983, 177
Trd, 000241.033, 175
Trd, 000241.517, 179
Trd, 000241.617, 177
Trd, 000242.400, 175
Trd, 000242.750, 178
Trd, 000243.167, 177
Trd, 000243.350, 180
Trd, 000243.817, 178
Trd, 000244.467, 178
Trd, 000245.433, 178
Trd, 000246.467, 177
Trd, 000246.600, 176
Trd, 000246.783, 179
Trd, 000247.367, 180
Trd, 000247.600, 179
Trd, 000247.650, 183
Trd, 000248.317, 182
Trd, 000248.400, 187
Trd, 000248.450, 175
Trd, 000248.933, 181
Trd, 000249.517, 185
Trd, 000250.217, 181
Trd, 000250.283, 185
Trd, 000251.750, 185
Trd, 000252.050, 182
Trd, 000252.117, 181
Trd, 000253.333, 182
Trd, 000253.817, 181
Trd, 000254.050, 179
Trd, 000255.617, 180
Trd, 000255.767, 181
Trd, 000256.083, 182
Trd, 000256.317, 180
Trd, 000256.500, 183
Trd, 000257.083, 185
Trd, 000257.483, 181
Trd, 000258.183, 180
Trd, 000258.900, 180
Trd, 000258.950, 178
Trd, 000259.900, 177
Trd, 000260.083, 179
Trd, 000260.417, 178
Trd, 000260.667, 175
Trd, 000260.933, 177
Trd, 000261.083, 184
Trd, 000261.467, 184
Trd, 000262.217, 184
Trd, 000263.167, 182
Trd, 000263.283, 184
Trd, 000263.450, 183
Trd, 000264.233, 185
Trd, 000264.583, 185
Trd, 000264.700, 186
Trd, 000264.967, 184
Trd, 000265.367, 181
Trd, 000265.500, 186
Trd, 000265.917, 188
Trd, 000266.233, 179
Trd, 000267.200, 177
Trd, 000267.217, 178
Trd, 000268.833, 166
Trd, 000269.067, 171
Trd, 000269.600, 167
Trd, 000269.867, 173
Trd, 000270.350, 173
Trd, 000271.100, 178
Trd, 000271.400, 178
Trd, 000271.817, 177
Trd, 000272.317, 179
Trd, 000272.817, 178
Trd, 000273.083, 172
Trd, 000273.967, 180
Trd, 000274.550, 175
Trd, 000274.950, 181
Trd, 000275.200, 178
Trd, 000275.550, 180
Trd, 000276.017, 185
Trd, 000276.333, 199
Trd, 000276.750, 191
Trd, 000276.983, 193
Trd, 000277.183, 188
Trd, 000277.617, 191
Trd, 000277.850, 189
Trd, 000278.283, 191
Trd, 000278.533, 189
Trd, 000278.867, 193
Trd, 000279.517, 188
Trd, 000279.850, 187
Trd, 000280.183, 180
Trd, 000280.683, 186
Trd, 000280.867, 179
Trd, 000281.050, 186
Trd, 000282.633, 185
Trd, 000282.733, 186
Trd, 000282.800, 183
Trd, 000283.783, 182
Trd, 000283.817, 181
Trd, 000284.017, 173
Trd, 000285.100, 180
Trd, 000285.350, 171
Trd, 000285.800, 176
Trd, 000285.950, 167
Trd, 000286.417, 179
Trd, 000286.500, 176
Trd, 000286.633, 190
Trd, 000286.983, 174
Trd, 000287.717, 185
Trd, 000288.217, 180
Trd, 000288.533, 166
Trd, 000288.950, 177
Trd, 000289.017, 183
Trd, 000289.500, 177
Trd, 000290.067, 181
Trd, 000290.617, 181
Trd, 000291.333, 187
Trd, 000291.650, 180
Trd, 000291.983, 173
Trd, 000292.017, 182
Trd, 000292.100, 173
Trd, 000292.367, 163
Trd, 000292.633, 175
Trd, 000292.767, 182
Trd, 000293.467, 173
Trd, 000294.617, 187
Trd, 000294.867, 191
Trd, 000295.433, 197
Trd, 000295.500, 201
Trd, 000296.433, 186
Trd, 000296.467, 199
Trd, 000296.950, 185
Trd, 000297.000, 184
Trd, 000297.233, 183
Trd, 000297.867, 181
Trd, 000297.917, 179
Trd, 000299.017, 189
Trd, 000299.317, 190
