Trd, 000001.850, 182
Trd, 000002.483, 134
Trd, 000004.233, 152
Trd, 000004.567, 151
Trd, 000005.083, 166
Trd, 000005.883, 142
Trd, 000005.933, 154
Trd, 000006.117, 155
Trd, 000007.667, 154
Trd, 000007.750, 154
Trd, 000008.067, 151
Trd, 000008.933, 152
Trd, 000009.967, 153
Trd, 000010.283, 153
Trd, 000010.900, 152
Trd, 000011.050, 156
Trd, 000011.333, 159
Trd, 000011.433, 159
Trd, 000012.667, 150
Trd, 000012.833, 142
Trd, 000013.217, 163
Trd, 000013.583, 143
Trd, 000013.967, 166
Trd, 000015.017, 154
Trd, 000015.283, 158
Trd, 000015.700, 154
Trd, 000015.750, 159
Trd, 000016.067, 152
Trd, 000016.217, 151
Trd, 000016.900, 159
Trd, 000017.383, 150
Trd, 000017.583, 160
Trd, 000018.550, 157
Trd, 000019.617, 157
Trd, 000020.900, 156
Trd, 000020.933, 154
Trd, 000021.067, 156
Trd, 000021.200, 158
Trd, 000021.633, 153
Trd, 000022.683, 164
Trd, 000023.200, 158
Trd, 000024.433, 161
Trd, 000024.600, 162
Trd, 000025.150, 159
Trd, 000025.950, 153
Trd, 000026.233, 161
Trd, 000026.283, 165
Trd, 000027.767, 168
Trd, 000028.283, 158
Trd, 000028.450, 166
Trd, 000029.683, 164
Trd, 000029.717, 162
Trd, 000030.367, 162
Trd, 000030.433, 164
Trd, 000030.817, 161
Trd, 000031.233, 160
Trd, 000031.250, 160
Trd, 000031.583, 165
Trd, 000032.067, 165
Trd, 000033.533, 160
Trd, 000033.683, 160
Trd, 000033.700, 161
Trd, 000034.100, 158
Trd, 000035.133, 157
Trd, 000035.167, 158
Trd, 000035.533, 158
Trd, 000035.583, 155
Trd, 000036.033, 154
Trd, 000036.983, 163
Trd, 000037.133, 165
Trd, 000037.150, 166
Trd, 000037.483, 156
Trd, 000038.267, 167
Trd, 000039.950, 159
Trd, 000040.367, 162
Trd, 000040.717, 172
Trd, 000040.917, 158
Trd, 000041.267, 157
Trd, 000041.367, 157
Trd, 000042.000, 156
Trd, 000042.633, 156
Trd, 000043.333, 155
Trd, 000043.467, 157
Trd, 000043.633, 159
Trd, 000044.517, 155
Trd, 000046.617, 157
Trd, 000048.217, 154
Trd, 000049.067, 156
Trd, 000049.800, 157
Trd, 000049.967, 156
Trd, 000050.567, 157
Trd, 000050.750, 158
Trd, 000051.233, 161
Trd, 000051.367, 158
Trd, 000051.550, 159
Trd, 000052.683, 159
Trd, 000053.950, 159
Trd, 000053.967, 160
Trd, 000054.533, 160
Trd, 000054.550, 157
Trd, 000054.683, 162
Trd, 000054.850, 154
Trd, 000055.367, 144
Trd, 000056.617, 153
Trd, 000058.083, 161
Trd, 000058.183, 156
Trd, 000058.950, 158
Trd, 000059.417, 158
Trd, 000059.833, 159
Trd, 000059.967, 164
Trd, 000061.483, 165
Trd, 000061.683, 168
Trd, 000061.850, 174
Trd, 000062.167, 167
Trd, 000063.283, 164
Trd, 000064.067, 165
Trd, 000064.717, 181
Trd, 000064.883, 172
Trd, 000065.783, 175
Trd, 000065.933, 163
Trd, 000066.750, 174
Trd, 000067.533, 170
Trd, 000067.550, 172
Trd, 000067.583, 174
Trd, 000068.050, 171
Trd, 000068.083, 169
Trd, 000068.200, 164
Trd, 000069.133, 162
Trd, 000069.817, 161
Trd, 000070.333, 163
Trd, 000070.367, 165
Trd, 000071.117, 162
Trd, 000071.283, 173
Trd, 000071.933, 175
Trd, 000072.100, 189
Trd, 000072.483, 170
Trd, 000073.217, 161
Trd, 000074.367, 161
Trd, 000075.183, 159
Trd, 000075.317, 158
Trd, 000075.450, 162
Trd, 000075.517, 146
Trd, 000075.683, 138
Trd, 000077.017, 160
Trd, 000077.200, 155
Trd, 000077.383, 161
Trd, 000077.900, 155
Trd, 000078.717, 162
Trd, 000079.150, 161
Trd, 000080.550, 163
Trd, 000081.033, 163
Trd, 000081.700, 159
Trd, 000082.483, 163
Trd, 000082.650, 162
Trd, 000082.783, 163
Trd, 000084.367, 158
Trd, 000084.450, 161
Trd, 000086.183, 161
Trd, 000086.200, 163
Trd, 000086.267, 166
Trd, 000086.350, 140
Trd, 000087.400, 156
Trd, 000087.950, 157
Trd, 000088.133, 171
Trd, 000088.517, 159
Trd, 000089.733, 164
Trd, 000091.533, 166
Trd, 000092.350, 166
Trd, 000092.417, 165
Trd, 000093.033, 165
Trd, 000093.133, 167
Trd, 000094.450, 164
Trd, 000094.567, 169
Trd, 000094.683, 171
Trd, 000095.467, 164
Trd, 000096.400, 161
Trd, 000096.700, 163
Trd, 000097.533, 163
Trd, 000097.567, 164
Trd, 000097.767, 160
Trd, 000097.800, 167
Trd, 000098.467, 172
Trd, 000098.517, 162
Trd, 000100.567, 169
Trd, 000100.850, 166
Trd, 000100.867, 170
Trd, 000100.933, 165
Trd, 000102.733, 170
Trd, 000103.750, 164
Trd, 000103.850, 164
Trd, 000104.517, 168
Trd, 000106.033, 165
Trd, 000106.317, 166
Trd, 000106.567, 166
Trd, 000106.750, 163
Trd, 000106.967, 162
Trd, 000107.700, 167
Trd, 000108.117, 168
Trd, 000108.167, 165
Trd, 000108.417, 163
Trd, 000110.133, 159
Trd, 000110.317, 165
Trd, 000110.583, 159
Trd, 000111.783, 164
Trd, 000112.200, 162
Trd, 000113.600, 164
Trd, 000114.000, 164
Trd, 000114.333, 163
Trd, 000114.733, 165
Trd, 000114.900, 166
Trd, 000115.683, 165
Trd, 000115.917, 173
Trd, 000116.433, 178
Trd, 000117.000, 167
Trd, 000117.067, 179
Trd, 000118.400, 166
Trd, 000119.483, 174
Trd, 000120.050, 173
Trd, 000120.533, 172
Trd, 000120.550, 174
Trd, 000120.733, 178
Trd, 000121.167, 179
Trd, 000121.383, 179
Trd, 000122.017, 180
Trd, 000122.150, 181
Trd, 000122.683, 170
Trd, 000122.900, 180
Trd, 000123.350, 187
Trd, 000123.550, 192
Trd, 000123.650, 198
Trd, 000124.333, 224
Trd, 000124.450, 188
Trd, 000124.483, 306.0
Trd, 000125.717, 333.0
Trd, 000126.067, 334.0
Trd, 000126.250, 349
Trd, 000126.550, 308
Trd, 000127.033, 346
Trd, 000127.267, 331
Trd, 000127.350, 354.0
Trd, 000128.333, 335
Trd, 000128.583, 355.0
Trd, 000128.767, 366
Trd, 000130.467, 332
Trd, 000131.850, 334.0
Trd, 000132.267, 329.0
Trd, 000133.417, 330.0
Trd, 000134.217, 334.0
Trd, 000134.317, 328
Trd, 000134.783, 341
Trd, 000135.850, 334.0
Trd, 000137.083, 345
Trd, 000137.533, 351.0
Trd, 000139.700, 344
Trd, 000139.717, 342
Trd, 000140.150, 340
Trd, 000140.467, 352.0
Trd, 000142.233, 350.0
Trd, 000142.417, 358.0
Trd, 000142.667, 343
Trd, 000143.167, 344
Trd, 000143.200, 355.0
Trd, 000144.367, 345
Trd, 000145.517, 344
Trd, 000145.983, 352.0
Trd, 000146.933, 343
Trd, 000147.267, 351.0
Trd, 000148.650, 351
Trd, 000149.383, 346
Trd, 000149.800, 347
Trd, 000150.983, 346
Trd, 000151.183, 348
Trd, 000152.517, 348
Trd, 000152.633, 349
Trd, 000152.650, 346
Trd, 000152.700, 342
Trd, 000153.133, 349
Trd, 000153.183, 331.0
Trd, 000153.233, 354.0
Trd, 000154.850, 334.0
Trd, 000156.067, 355.0
Trd, 000156.300, 339
Trd, 000156.650, 349
Trd, 000156.883, 354
Trd, 000157.850, 355.0
Trd, 000158.117, 358.0
Trd, 000158.333, 362
Trd, 000159.450, 372
Trd, 000159.650, 356
Trd, 000160.867, 354
Trd, 000160.883, 355.0
Trd, 000161.133, 354
Trd, 000161.450, 351.0
Trd, 000161.917, 350
Trd, 000163.767, 350
Trd, 000164.250, 347
Trd, 000164.567, 340
Trd, 000165.183, 333.0
Trd, 000165.450, 333.0
Trd, 000165.483, 334.0
Trd, 000166.150, 358.0
Trd, 000166.650, 334.0
Trd, 000167.450, 349
Trd, 000167.567, 354.0
Trd, 000169.833, 353.0
Trd, 000170.800, 352.0
Trd, 000171.017, 351
Trd, 000172.300, 353
Trd, 000172.450, 351
Trd, 000172.933, 352
Trd, 000173.617, 354
Trd, 000174.683, 349
Trd, 000174.933, 350
Trd, 000175.250, 351.0
Trd, 000175.267, 335
Trd, 000175.383, 355.0
Trd, 000175.583, 327.0
Trd, 000175.950, 354
Trd, 000177.000, 346
Trd, 000177.850, 343
Trd, 000178.200, 350
Trd, 000178.733, 355.0
Trd, 000180.033, 350
Trd, 000180.067, 356
Trd, 000180.100, 363
Trd, 000181.450, 361
Trd, 000181.667, 359
Trd, 000181.767, 358
Trd, 000181.783, 357
Trd, 000181.850, 354
Trd, 000181.967, 341
Trd, 000182.283, 340
Trd, 000182.417, 331.0
Trd, 000182.450, 327.0
Trd, 000182.667, 313.0
Trd, 000182.950, 207
Trd, 000183.250, 200
Trd, 000184.100, 195
Trd, 000185.217, 169
Trd, 000186.200, 186
Trd, 000186.217, 180
Trd, 000186.500, 176
Trd, 000186.900, 153
Trd, 000187.550, 189
Trd, 000188.217, 160
Trd, 000190.433, 162
Trd, 000190.533, 159
Trd, 000190.617, 160
Trd, 000191.050, 161
Trd, 000191.183, 174
Trd, 000191.483, 183
Trd, 000192.267, 143
Trd, 000192.900, 176
Trd, 000193.167, 166
Trd, 000193.600, 177
Trd, 000194.683, 174
Trd, 000195.633, 173
Trd, 000196.783, 176
Trd, 000196.917, 175
Trd, 000197.283, 178
Trd, 000197.817, 182
Trd, 000198.567, 171
Trd, 000200.050, 171
Trd, 000200.267, 169
Trd, 000200.317, 170
Trd, 000201.383, 175
Trd, 000201.467, 169
Trd, 000201.667, 174
Trd, 000202.000, 169
Trd, 000202.650, 172
Trd, 000203.733, 174
Trd, 000205.633, 177
Trd, 000206.317, 183
Trd, 000206.850, 171
Trd, 000207.167, 171
Trd, 000207.983, 175
Trd, 000208.633, 172
Trd, 000209.533, 172
Trd, 000210.083, 176
Trd, 000211.433, 180
Trd, 000212.150, 174
Trd, 000213.133, 175
Trd, 000213.583, 177
Trd, 000213.633, 174
Trd, 000213.983, 172
Trd, 000214.233, 172
Trd, 000214.367, 178
Trd, 000215.117, 188
Trd, 000216.067, 177
Trd, 000218.550, 178
Trd, 000218.767, 176
Trd, 000218.833, 179
Trd, 000219.633, 176
Trd, 000219.867, 180
Trd, 000220.500, 182
Trd, 000220.967, 181
Trd, 000221.500, 175
Trd, 000222.700, 174
Trd, 000223.200, 173
Trd, 000223.683, 177
Trd, 000224.100, 173
Trd, 000224.583, 172
Trd, 000225.533, 177
Trd, 000225.883, 170
Trd, 000225.950, 179
Trd, 000227.683, 177
Trd, 000228.583, 177
Trd, 000228.600, 181
Trd, 000229.517, 180
Trd, 000230.367, 177
Trd, 000230.817, 176
Trd, 000231.250, 177
Trd, 000231.333, 178
Trd, 000231.867, 178
Trd, 000233.833, 188
Trd, 000233.917, 185
Trd, 000234.100, 180
Trd, 000234.400, 191
Trd, 000234.433, 179
Trd, 000234.550, 198
Trd, 000235.383, 178
Trd, 000235.583, 178
Trd, 000236.067, 177
Trd, 000236.500, 184
Trd, 000236.783, 175
Trd, 000237.567, 174
Trd, 000238.483, 184
Trd, 000238.950, 175
Trd, 000240.133, 184
Trd, 000240.533, 177
Trd, 000240.567, 178
Trd, 000241.300, 179
Trd, 000241.500, 179
Trd, 000242.267, 177
Trd, 000242.317, 178
Trd, 000242.833, 176
Trd, 000243.483, 178
Trd, 000243.767, 175
Trd, 000243.967, 179
Trd, 000244.517, 174
Trd, 000244.550, 178
Trd, 000245.067, 176
Trd, 000245.150, 174
Trd, 000245.717, 177
Trd, 000246.917, 177
Trd, 000246.950, 182
Trd, 000247.683, 180
Trd, 000248.017, 176
Trd, 000248.317, 186
Trd, 000248.917, 177
Trd, 000249.900, 176
Trd, 000249.950, 180
Trd, 000250.783, 183
Trd, 000250.967, 176
Trd, 000251.400, 182
Trd, 000251.783, 175
Trd, 000252.133, 175
Trd, 000252.850, 183
Trd, 000253.033, 184
Trd, 000253.483, 177
Trd, 000253.833, 176
Trd, 000254.117, 177
Trd, 000254.383, 178
Trd, 000254.817, 172
Trd, 000255.767, 177
Trd, 000256.000, 178
Trd, 000256.217, 172
Trd, 000256.783, 174
Trd, 000257.017, 180
Trd, 000257.233, 183
Trd, 000257.783, 173
Trd, 000258.883, 173
Trd, 000259.233, 178
Trd, 000259.383, 171
Trd, 000259.967, 175
Trd, 000260.450, 175
Trd, 000260.483, 171
Trd, 000261.133, 174
Trd, 000261.350, 170
Trd, 000262.050, 171
Trd, 000262.367, 172
Trd, 000263.250, 170
Trd, 000263.633, 157
Trd, 000263.750, 175
Trd, 000263.967, 176
Trd, 000264.633, 180
Trd, 000265.100, 173
Trd, 000265.133, 172
Trd, 000265.467, 172
Trd, 000266.117, 175
Trd, 000267.217, 175
Trd, 000267.450, 182
Trd, 000268.083, 178
Trd, 000269.400, 174
Trd, 000270.150, 177
Trd, 000270.250, 178
Trd, 000270.700, 176
Trd, 000272.817, 177
Trd, 000273.450, 178
Trd, 000273.667, 179
Trd, 000274.333, 177
Trd, 000274.950, 178
Trd, 000275.150, 179
Trd, 000275.467, 177
Trd, 000275.767, 176
Trd, 000276.083, 182
Trd, 000276.283, 182
Trd, 000276.700, 179
Trd, 000277.000, 177
Trd, 000277.117, 178
Trd, 000277.267, 176
Trd, 000277.583, 174
Trd, 000278.050, 172
Trd, 000278.817, 167
Trd, 000278.933, 170
Trd, 000279.067, 170
Trd, 000279.483, 172
Trd, 000279.783, 172
Trd, 000279.883, 169
Trd, 000281.750, 177
Trd, 000281.833, 174
Trd, 000281.983, 183
Trd, 000282.633, 190
Trd, 000283.033, 186
Trd, 000283.050, 196
Trd, 000283.800, 186
Trd, 000283.833, 187
Trd, 000283.950, 188
Trd, 000284.483, 184
Trd, 000284.783, 183
Trd, 000284.983, 187
Trd, 000285.700, 181
Trd, 000286.033, 179
Trd, 000286.533, 184
Trd, 000286.733, 179
Trd, 000287.167, 182
Trd, 000287.183, 173
Trd, 000287.667, 177
Trd, 000287.750, 183
Trd, 000287.883, 179
Trd, 000289.417, 182
Trd, 000290.100, 180
Trd, 000290.483, 183
Trd, 000290.833, 181
Trd, 000291.283, 184
Trd, 000291.400, 187
Trd, 000291.583, 182
Trd, 000291.767, 192
Trd, 000292.183, 182
Trd, 000292.517, 194
Trd, 000292.617, 181
Trd, 000292.800, 180
Trd, 000293.983, 186
Trd, 000295.050, 184
Trd, 000295.250, 179
Trd, 000295.750, 184
Trd, 000296.000, 179
Trd, 000296.183, 185
Trd, 000296.233, 179
Trd, 000296.650, 178
Trd, 000297.017, 183
Trd, 000297.100, 178
Trd, 000298.033, 177
Trd, 000298.417, 183
Trd, 000299.500, 185
