Trd, 000002.000, 136
Trd, 000002.317, 139
Trd, 000002.367, 163
Trd, 000002.817, 134
Trd, 000003.117, 150
Trd, 000003.600, 163
Trd, 000003.800, 164
Trd, 000005.200, 165
Trd, 000005.333, 147
Trd, 000006.400, 157
Trd, 000007.050, 151
Trd, 000007.083, 150
Trd, 000007.783, 165
Trd, 000008.500, 154
Trd, 000008.883, 162
Trd, 000008.933, 166
Trd, 000010.633, 164
Trd, 000011.617, 156
Trd, 000012.400, 162
Trd, 000012.683, 161
Trd, 000013.167, 162
Trd, 000014.967, 159
Trd, 000015.050, 157
Trd, 000015.933, 161
Trd, 000016.517, 166
Trd, 000016.617, 169
Trd, 000017.133, 154
Trd, 000019.217, 163
Trd, 000019.433, 164
Trd, 000020.533, 161
Trd, 000021.650, 161
Trd, 000021.750, 160
Trd, 000022.133, 160
Trd, 000022.417, 161
Trd, 000023.317, 159
Trd, 000023.783, 160
Trd, 000024.750, 149
Trd, 000025.350, 155
Trd, 000026.033, 150
Trd, 000026.067, 150
Trd, 000026.183, 153
Trd, 000026.617, 153
Trd, 000027.300, 151
Trd, 000027.317, 154
Trd, 000028.300, 150
Trd, 000029.367, 149
Trd, 000029.983, 155
Trd, 000030.483, 151
Trd, 000031.600, 152
Trd, 000032.667, 150
Trd, 000033.017, 153
Trd, 000033.300, 151
Trd, 000033.833, 154
Trd, 000035.000, 152
Trd, 000035.167, 152
Trd, 000035.450, 154
Trd, 000036.717, 153
Trd, 000036.733, 154
Trd, 000037.000, 157
Trd, 000037.033, 152
Trd, 000037.150, 159
Trd, 000037.833, 159
Trd, 000038.133, 161
Trd, 000039.367, 156
Trd, 000040.850, 161
Trd, 000041.033, 162
Trd, 000041.483, 162
Trd, 000041.767, 161
Trd, 000042.050, 156
Trd, 000042.283, 161
Trd, 000043.300, 157
Trd, 000043.433, 160
Trd, 000043.683, 157
Trd, 000044.217, 166
Trd, 000044.500, 178
Trd, 000046.233, 161
Trd, 000047.017, 160
Trd, 000047.033, 164
Trd, 000047.983, 158
Trd, 000049.833, 160
Trd, 000050.100, 158
Trd, 000050.833, 161
Trd, 000051.717, 160
Trd, 000053.100, 162
Trd, 000053.783, 152
Trd, 000055.033, 161
Trd, 000055.950, 157
Trd, 000056.200, 158
Trd, 000056.233, 160
Trd, 000057.017, 163
Trd, 000057.133, 157
Trd, 000057.683, 161
Trd, 000059.283, 163
Trd, 000060.317, 164
Trd, 000061.233, 165
Trd, 000061.433, 165
Trd, 000061.500, 162
Trd, 000062.650, 164
Trd, 000062.667, 167
Trd, 000064.567, 168
Trd, 000065.367, 164
Trd, 000065.467, 167
Trd, 000065.583, 164
Trd, 000066.983, 167
Trd, 000067.350, 166
Trd, 000067.533, 166
Trd, 000067.583, 165
Trd, 000068.000, 166
Trd, 000068.517, 166
Trd, 000068.900, 153
Trd, 000069.717, 167
Trd, 000070.400, 169
Trd, 000071.417, 154
Trd, 000073.250, 159
Trd, 000073.400, 159
Trd, 000073.517, 162
Trd, 000074.117, 161
Trd, 000075.500, 159
Trd, 000075.750, 158
Trd, 000075.967, 160
Trd, 000077.817, 161
Trd, 000078.283, 162
Trd, 000079.000, 161
Trd, 000079.100, 160
Trd, 000079.317, 160
Trd, 000079.417, 162
Trd, 000080.800, 159
Trd, 000080.900, 170
Trd, 000081.533, 172
Trd, 000081.750, 159
Trd, 000082.217, 173
Trd, 000084.100, 166
Trd, 000084.367, 166
Trd, 000084.600, 160
Trd, 000085.600, 159
Trd, 000085.850, 160
Trd, 000086.750, 159
Trd, 000087.733, 158
Trd, 000088.333, 159
Trd, 000088.500, 157
Trd, 000089.233, 158
Trd, 000090.033, 159
Trd, 000090.250, 174
Trd, 000090.417, 158
Trd, 000090.983, 158
Trd, 000091.617, 177
Trd, 000091.750, 178
Trd, 000092.883, 158
Trd, 000093.167, 157
Trd, 000093.767, 164
Trd, 000096.183, 163
Trd, 000096.850, 161
Trd, 000097.467, 162
Trd, 000097.883, 160
Trd, 000098.650, 160
Trd, 000099.867, 161
Trd, 000100.100, 163
Trd, 000100.867, 165
Trd, 000101.100, 163
Trd, 000101.717, 164
Trd, 000102.367, 165
Trd, 000102.583, 166
Trd, 000102.833, 165
Trd, 000104.283, 166
Trd, 000104.317, 165
Trd, 000105.000, 166
Trd, 000105.933, 167
Trd, 000106.000, 168
Trd, 000107.083, 166
Trd, 000109.100, 166
Trd, 000109.367, 166
Trd, 000109.817, 164
Trd, 000109.933, 168
Trd, 000110.067, 167
Trd, 000110.717, 167
Trd, 000111.000, 165
Trd, 000111.533, 165
Trd, 000112.567, 166
Trd, 000112.967, 166
Trd, 000114.183, 176
Trd, 000115.200, 173
Trd, 000115.767, 174
Trd, 000115.800, 173
Trd, 000116.083, 173
Trd, 000116.767, 174
Trd, 000117.583, 171
Trd, 000117.733, 172
Trd, 000118.017, 171
Trd, 000118.350, 170
Trd, 000118.733, 169
Trd, 000119.100, 145
Trd, 000119.133, 170
Trd, 000120.100, 168
Trd, 000120.200, 169
Trd, 000120.350, 177
Trd, 000120.950, 162
Trd, 000121.150, 161
Trd, 000122.000, 181
Trd, 000122.400, 184
Trd, 000123.700, 208
Trd, 000124.067, 220
Trd, 000124.550, 208
Trd, 000124.600, 317.0
Trd, 000124.683, 327.0
Trd, 000125.067, 329
Trd, 000125.700, 330
Trd, 000126.200, 328
Trd, 000127.467, 326.0
Trd, 000127.617, 327.0
Trd, 000128.067, 334
Trd, 000129.383, 332
Trd, 000130.000, 333
Trd, 000131.117, 334
Trd, 000131.417, 332
Trd, 000131.450, 337.0
Trd, 000131.933, 358.0
Trd, 000132.717, 365.0
Trd, 000133.133, 359
Trd, 000135.167, 359.0
Trd, 000135.283, 346
Trd, 000135.883, 345
Trd, 000136.617, 358.0
Trd, 000137.333, 348
Trd, 000138.200, 358
Trd, 000138.383, 359
Trd, 000141.267, 353
Trd, 000141.633, 357
Trd, 000141.883, 355
Trd, 000142.450, 355
Trd, 000143.167, 356
Trd, 000144.433, 355
Trd, 000144.500, 352
Trd, 000144.783, 351
Trd, 000144.983, 344.0
Trd, 000146.283, 352.0
Trd, 000147.417, 347
Trd, 000148.917, 348.0
Trd, 000149.067, 346
Trd, 000149.667, 350
Trd, 000150.033, 355
Trd, 000150.333, 345.0
Trd, 000150.767, 348
Trd, 000153.383, 350
Trd, 000153.417, 349
Trd, 000153.967, 350
Trd, 000154.600, 348
Trd, 000155.100, 349
Trd, 000155.583, 351
Trd, 000155.650, 356
Trd, 000156.017, 347
Trd, 000157.350, 351
Trd, 000158.750, 356
Trd, 000159.050, 356
Trd, 000160.217, 356
Trd, 000160.483, 358.0
Trd, 000160.550, 355
Trd, 000160.867, 352
Trd, 000161.800, 357
Trd, 000161.967, 358
Trd, 000162.100, 358
Trd, 000162.283, 352
Trd, 000162.367, 350
Trd, 000163.550, 359
Trd, 000164.283, 350
Trd, 000165.833, 352
Trd, 000166.083, 354
Trd, 000166.233, 354
Trd, 000166.467, 354
Trd, 000166.517, 353
Trd, 000168.450, 349
Trd, 000168.833, 351
Trd, 000170.617, 355
Trd, 000171.067, 354
Trd, 000171.533, 356
Trd, 000171.567, 354
Trd, 000172.300, 356
Trd, 000173.967, 358
Trd, 000175.467, 355
Trd, 000176.333, 356
Trd, 000176.833, 355
Trd, 000177.133, 354
Trd, 000177.667, 344.0
Trd, 000178.233, 346
Trd, 000179.083, 354
Trd, 000179.100, 355
Trd, 000179.967, 349
Trd, 000180.217, 348
Trd, 000180.650, 346
Trd, 000182.000, 347
Trd, 000182.967, 344.0
Trd, 000183.033, 344
Trd, 000183.250, 334.0
Trd, 000183.267, 330
Trd, 000183.283, 327.0
Trd, 000183.833, 317.0
Trd, 000183.883, 258
Trd, 000184.433, 214
Trd, 000184.600, 225
Trd, 000185.500, 211
Trd, 000186.433, 201
Trd, 000186.700, 197
Trd, 000186.967, 190
Trd, 000188.017, 196
Trd, 000188.150, 194
Trd, 000188.850, 192
Trd, 000188.933, 185
Trd, 000189.450, 183
Trd, 000189.667, 191
Trd, 000190.683, 186
Trd, 000190.783, 184
Trd, 000191.233, 181
Trd, 000191.717, 177
Trd, 000192.183, 165
Trd, 000192.800, 176
Trd, 000194.950, 176
Trd, 000195.050, 175
Trd, 000195.633, 176
Trd, 000196.200, 177
Trd, 000196.233, 177
Trd, 000196.600, 174
Trd, 000197.200, 176
Trd, 000197.917, 177
Trd, 000198.883, 176
Trd, 000199.183, 185
Trd, 000200.250, 174
Trd, 000200.717, 175
Trd, 000200.733, 169
Trd, 000202.917, 177
Trd, 000203.300, 176
Trd, 000203.933, 177
Trd, 000204.283, 177
Trd, 000205.067, 177
Trd, 000205.250, 176
Trd, 000205.583, 176
Trd, 000205.850, 175
Trd, 000206.583, 173
Trd, 000207.100, 164
Trd, 000207.550, 166
Trd, 000208.650, 169
Trd, 000208.983, 172
Trd, 000210.283, 170
Trd, 000210.300, 172
Trd, 000210.583, 174
Trd, 000211.833, 173
Trd, 000212.117, 175
Trd, 000213.567, 176
Trd, 000214.500, 176
Trd, 000214.633, 174
Trd, 000215.183, 174
Trd, 000215.517, 173
Trd, 000215.800, 175
Trd, 000216.383, 168
Trd, 000216.517, 177
Trd, 000217.233, 178
Trd, 000217.283, 179
Trd, 000217.483, 179
Trd, 000218.017, 168
Trd, 000219.450, 186
Trd, 000221.467, 180
Trd, 000221.600, 179
Trd, 000222.800, 178
Trd, 000223.500, 177
Trd, 000223.833, 181
Trd, 000224.217, 176
Trd, 000224.350, 174
Trd, 000225.017, 182
Trd, 000225.433, 182
Trd, 000226.133, 177
Trd, 000226.583, 182
Trd, 000226.783, 177
Trd, 000227.517, 159
Trd, 000227.833, 160
Trd, 000228.200, 160
Trd, 000228.367, 167
Trd, 000228.883, 181
Trd, 000229.583, 188
Trd, 000229.933, 169
Trd, 000230.267, 191
Trd, 000231.883, 176
Trd, 000232.350, 178
Trd, 000232.850, 180
Trd, 000233.283, 180
Trd, 000234.783, 159
Trd, 000235.233, 159
Trd, 000235.433, 160
Trd, 000236.217, 168
Trd, 000236.983, 167
Trd, 000237.850, 176
Trd, 000238.033, 170
Trd, 000238.050, 181
Trd, 000238.967, 171
Trd, 000239.050, 174
Trd, 000240.183, 173
Trd, 000240.533, 175
Trd, 000240.583, 174
Trd, 000240.850, 176
Trd, 000241.067, 174
Trd, 000241.350, 172
Trd, 000242.233, 174
Trd, 000242.250, 173
Trd, 000242.367, 172
Trd, 000243.333, 172
Trd, 000243.567, 174
Trd, 000243.817, 175
Trd, 000244.383, 184
Trd, 000244.617, 182
Trd, 000244.933, 188
Trd, 000245.733, 184
Trd, 000247.200, 185
Trd, 000247.817, 186
Trd, 000248.200, 188
Trd, 000248.800, 187
Trd, 000248.950, 186
Trd, 000249.083, 183
Trd, 000249.783, 187
Trd, 000250.150, 184
Trd, 000250.283, 183
Trd, 000250.633, 185
Trd, 000250.967, 183
Trd, 000251.250, 182
Trd, 000251.267, 182
Trd, 000251.467, 183
Trd, 000252.083, 184
Trd, 000252.633, 182
Trd, 000254.300, 181
Trd, 000254.333, 181
Trd, 000255.083, 183
Trd, 000255.467, 184
Trd, 000255.800, 180
Trd, 000256.250, 184
Trd, 000256.717, 185
Trd, 000256.733, 178
Trd, 000256.800, 176
Trd, 000258.533, 177
Trd, 000259.117, 178
Trd, 000259.350, 176
Trd, 000259.617, 178
Trd, 000259.750, 176
Trd, 000260.217, 178
Trd, 000260.383, 179
Trd, 000260.750, 192
Trd, 000260.850, 191
Trd, 000261.383, 179
Trd, 000261.867, 177
Trd, 000261.917, 172
Trd, 000262.367, 179
Trd, 000262.850, 178
Trd, 000263.200, 177
Trd, 000263.633, 181
Trd, 000264.633, 181
Trd, 000265.567, 180
Trd, 000266.233, 183
Trd, 000267.017, 183
Trd, 000267.133, 184
Trd, 000267.183, 183
Trd, 000267.300, 184
Trd, 000267.633, 186
Trd, 000268.000, 182
Trd, 000269.500, 186
Trd, 000269.683, 185
Trd, 000270.050, 185
Trd, 000270.400, 188
Trd, 000270.950, 184
Trd, 000271.517, 190
Trd, 000271.650, 194
Trd, 000271.850, 180
Trd, 000272.567, 185
Trd, 000273.050, 182
Trd, 000273.450, 180
Trd, 000274.000, 182
Trd, 000274.717, 180
Trd, 000275.250, 181
Trd, 000275.883, 180
Trd, 000276.067, 182
Trd, 000276.417, 181
Trd, 000276.550, 179
Trd, 000276.850, 184
Trd, 000276.933, 179
Trd, 000278.017, 185
Trd, 000278.800, 185
Trd, 000278.883, 186
Trd, 000279.017, 184
Trd, 000279.300, 179
Trd, 000279.317, 178
Trd, 000280.000, 189
Trd, 000280.483, 183
Trd, 000281.533, 182
Trd, 000281.567, 184
Trd, 000281.983, 184
Trd, 000282.450, 181
Trd, 000282.467, 179
Trd, 000284.650, 182
Trd, 000284.767, 179
Trd, 000285.633, 178
Trd, 000285.733, 178
Trd, 000285.967, 179
Trd, 000286.017, 175
Trd, 000286.333, 179
Trd, 000286.417, 182
Trd, 000286.767, 183
Trd, 000286.850, 183
Trd, 000287.017, 183
Trd, 000287.867, 176
Trd, 000289.017, 181
Trd, 000289.483, 179
Trd, 000289.750, 180
Trd, 000289.817, 181
Trd, 000290.250, 181
Trd, 000290.367, 182
Trd, 000290.417, 180
Trd, 000290.800, 190
Trd, 000291.033, 179
Trd, 000291.283, 179
Trd, 000291.450, 180
Trd, 000291.633, 179
Trd, 000292.000, 191
Trd, 000293.217, 187
Trd, 000294.067, 183
Trd, 000294.600, 182
Trd, 000294.633, 184
Trd, 000295.100, 182
Trd, 000295.300, 186
Trd, 000295.517, 182
Trd, 000295.767, 181
Trd, 000296.083, 180
Trd, 000296.250, 185
Trd, 000296.850, 177
Trd, 000296.867, 185
Trd, 000297.167, 183
Trd, 000298.250, 187
Trd, 000299.617, 185
Trd, 000299.967, 177
Trd, 000299.983, 177
