Trd, 000001.500, 155
Trd, 000001.850, 163
Trd, 000002.617, 128
Trd, 000003.717, 134
Trd, 000004.150, 132
Trd, 000004.183, 134
Trd, 000005.100, 145
Trd, 000005.367, 131
Trd, 000005.700, 132
Trd, 000005.817, 134
Trd, 000005.917, 132
Trd, 000007.317, 149
Trd, 000007.483, 140
Trd, 000007.517, 152
Trd, 000008.267, 140
Trd, 000008.900, 145
Trd, 000009.100, 161
Trd, 000009.567, 145
Trd, 000010.300, 150
Trd, 000011.433, 145
Trd, 000011.450, 144
Trd, 000011.917, 162
Trd, 000012.800, 163
Trd, 000012.817, 158
Trd, 000013.133, 169
Trd, 000013.450, 160
Trd, 000014.233, 163
Trd, 000014.250, 162
Trd, 000014.767, 163
Trd, 000015.583, 157
Trd, 000016.367, 162
Trd, 000016.650, 161
Trd, 000016.717, 163
Trd, 000018.367, 159
Trd, 000018.500, 156
Trd, 000018.867, 148
Trd, 000019.233, 160
Trd, 000019.833, 162
Trd, 000019.950, 153
Trd, 000020.600, 148
Trd, 000020.650, 161
Trd, 000021.067, 147
Trd, 000021.267, 158
Trd, 000022.467, 151
Trd, 000022.767, 153
Trd, 000023.083, 156
Trd, 000023.733, 150
Trd, 000023.983, 155
Trd, 000024.217, 150
Trd, 000025.100, 157
Trd, 000026.300, 170
Trd, 000027.300, 162
Trd, 000027.667, 153
Trd, 000028.183, 163
Trd, 000028.450, 153
Trd, 000029.133, 158
Trd, 000030.083, 150
Trd, 000030.233, 139
Trd, 000030.300, 151
Trd, 000030.367, 132
Trd, 000032.333, 147
Trd, 000032.633, 145
Trd, 000032.900, 145
Trd, 000033.150, 146
Trd, 000033.333, 148
Trd, 000033.517, 146
Trd, 000033.650, 145
Trd, 000034.083, 154
Trd, 000035.350, 145
Trd, 000035.700, 149
Trd, 000036.183, 149
Trd, 000036.417, 147
Trd, 000037.150, 151
Trd, 000037.450, 154
Trd, 000037.683, 157
Trd, 000038.467, 155
Trd, 000039.233, 155
Trd, 000040.500, 154
Trd, 000040.567, 154
Trd, 000041.333, 151
Trd, 000041.667, 156
Trd, 000042.183, 135
Trd, 000042.950, 148
Trd, 000043.000, 149
Trd, 000043.033, 146
Trd, 000043.300, 150
Trd, 000043.817, 145
Trd, 000043.900, 144
Trd, 000044.283, 148
Trd, 000045.250, 154
Trd, 000046.200, 141
Trd, 000046.267, 155
Trd, 000046.300, 166
Trd, 000047.067, 173
Trd, 000047.633, 162
Trd, 000048.883, 163
Trd, 000049.117, 161
Trd, 000049.633, 170
Trd, 000049.850, 158
Trd, 000049.967, 166
Trd, 000050.233, 152
Trd, 000050.367, 156
Trd, 000051.017, 149
Trd, 000051.950, 157
Trd, 000052.283, 135
Trd, 000052.817, 156
Trd, 000053.417, 154
Trd, 000053.467, 155
Trd, 000054.450, 145
Trd, 000054.600, 145
Trd, 000054.867, 167
Trd, 000055.133, 156
Trd, 000055.717, 153
Trd, 000056.467, 154
Trd, 000057.067, 152
Trd, 000057.783, 153
Trd, 000057.800, 154
Trd, 000058.067, 153
Trd, 000058.883, 156
Trd, 000059.433, 173
Trd, 000060.050, 158
Trd, 000060.383, 157
Trd, 000060.750, 161
Trd, 000061.483, 165
Trd, 000062.100, 160
Trd, 000062.150, 160
Trd, 000063.317, 161
Trd, 000063.900, 161
Trd, 000064.050, 160
Trd, 000064.217, 160
Trd, 000064.683, 157
Trd, 000065.250, 163
Trd, 000065.617, 165
Trd, 000066.983, 155
Trd, 000067.767, 165
Trd, 000067.850, 159
Trd, 000068.550, 168
Trd, 000068.567, 161
Trd, 000069.350, 151
Trd, 000069.750, 166
Trd, 000070.000, 167
Trd, 000070.733, 161
Trd, 000071.283, 165
Trd, 000072.500, 164
Trd, 000072.733, 168
Trd, 000072.817, 169
Trd, 000073.983, 162
Trd, 000074.983, 162
Trd, 000075.933, 164
Trd, 000076.100, 164
Trd, 000076.200, 162
Trd, 000076.600, 155
Trd, 000076.950, 151
Trd, 000077.183, 163
Trd, 000077.567, 165
Trd, 000078.633, 154
Trd, 000078.900, 139
Trd, 000079.333, 155
Trd, 000079.483, 159
Trd, 000079.883, 144
Trd, 000080.017, 143
Trd, 000080.567, 157
Trd, 000081.183, 156
Trd, 000081.317, 150
Trd, 000081.533, 155
Trd, 000082.167, 170
Trd, 000082.383, 162
Trd, 000082.917, 180
Trd, 000083.167, 165
Trd, 000083.367, 165
Trd, 000083.500, 169
Trd, 000083.817, 164
Trd, 000085.600, 162
Trd, 000086.850, 159
Trd, 000086.867, 156
Trd, 000087.083, 160
Trd, 000088.000, 158
Trd, 000088.200, 159
Trd, 000088.467, 159
Trd, 000088.517, 160
Trd, 000088.983, 158
Trd, 000089.350, 159
Trd, 000089.483, 157
Trd, 000090.617, 169
Trd, 000090.767, 184
Trd, 000091.000, 164
Trd, 000092.200, 165
Trd, 000092.433, 167
Trd, 000093.050, 164
Trd, 000093.500, 167
Trd, 000094.067, 167
Trd, 000094.267, 167
Trd, 000094.517, 166
Trd, 000094.717, 167
Trd, 000094.833, 164
Trd, 000094.917, 168
Trd, 000096.533, 156
Trd, 000097.217, 153
Trd, 000097.600, 153
Trd, 000097.683, 161
Trd, 000097.733, 164
Trd, 000097.800, 165
Trd, 000098.150, 144
Trd, 000098.350, 165
Trd, 000100.883, 165
Trd, 000101.817, 164
Trd, 000102.550, 164
Trd, 000103.917, 163
Trd, 000104.017, 162
Trd, 000104.333, 155
Trd, 000104.850, 162
Trd, 000105.567, 160
Trd, 000105.700, 161
Trd, 000106.033, 157
Trd, 000107.033, 163
Trd, 000107.067, 156
Trd, 000107.250, 163
Trd, 000108.117, 162
Trd, 000108.283, 163
Trd, 000109.450, 161
Trd, 000109.817, 159
Trd, 000109.950, 162
Trd, 000110.367, 161
Trd, 000110.800, 162
Trd, 000110.867, 159
Trd, 000112.050, 163
Trd, 000112.967, 172
Trd, 000113.767, 170
Trd, 000113.867, 173
Trd, 000113.900, 166
Trd, 000114.850, 165
Trd, 000115.150, 159
Trd, 000115.250, 166
Trd, 000116.117, 164
Trd, 000116.233, 165
Trd, 000116.467, 164
Trd, 000117.733, 159
Trd, 000118.667, 178
Trd, 000119.467, 177
Trd, 000119.900, 177
Trd, 000120.683, 176
Trd, 000120.750, 174
Trd, 000120.783, 177
Trd, 000120.800, 181
Trd, 000121.317, 182
Trd, 000121.533, 172
Trd, 000121.950, 181
Trd, 000122.217, 184
Trd, 000122.700, 187
Trd, 000122.750, 168
Trd, 000123.083, 203
Trd, 000123.450, 210
Trd, 000123.583, 206
Trd, 000123.633, 212
Trd, 000124.217, 272
Trd, 000124.283, 324.0
Trd, 000124.750, 347
Trd, 000125.300, 348
Trd, 000125.600, 344
Trd, 000126.200, 330
Trd, 000126.750, 326.0
Trd, 000126.917, 331.0
Trd, 000127.750, 318
Trd, 000128.567, 325
Trd, 000128.767, 322
Trd, 000130.033, 326
Trd, 000130.217, 324.0
Trd, 000130.467, 331.0
Trd, 000131.217, 328
Trd, 000131.700, 328
Trd, 000132.433, 349.0
Trd, 000133.033, 351.0
Trd, 000134.867, 348
Trd, 000134.983, 349
Trd, 000135.017, 348
Trd, 000135.217, 361.0
Trd, 000135.617, 347
Trd, 000136.083, 347
Trd, 000136.500, 344.0
Trd, 000137.317, 347.0
Trd, 000137.783, 331.0
Trd, 000137.800, 350
Trd, 000137.883, 330
Trd, 000138.167, 351.0
Trd, 000138.383, 356
Trd, 000138.567, 361
Trd, 000138.817, 325
Trd, 000141.533, 338
Trd, 000142.500, 341
Trd, 000143.167, 339
Trd, 000143.550, 344
Trd, 000143.600, 345
Trd, 000143.883, 339
Trd, 000144.283, 341
Trd, 000145.783, 341
Trd, 000145.833, 340
Trd, 000146.683, 340
Trd, 000146.950, 329
Trd, 000147.183, 341
Trd, 000147.300, 340
Trd, 000148.450, 339
Trd, 000148.833, 331.0
Trd, 000149.417, 330
Trd, 000149.767, 342
Trd, 000150.300, 336
Trd, 000152.033, 341
Trd, 000152.400, 345
Trd, 000153.033, 344
Trd, 000153.483, 344
Trd, 000154.517, 342.0
Trd, 000154.567, 343.0
Trd, 000154.733, 331
Trd, 000155.533, 342
Trd, 000156.200, 339
Trd, 000156.517, 342
Trd, 000157.050, 343
Trd, 000157.167, 340
Trd, 000157.450, 334
Trd, 000157.917, 351.0
Trd, 000158.233, 334
Trd, 000158.983, 356
Trd, 000159.300, 325
Trd, 000160.083, 350
Trd, 000160.617, 350.0
Trd, 000161.200, 338
Trd, 000161.583, 347
Trd, 000162.417, 343
Trd, 000162.767, 340
Trd, 000162.900, 343
Trd, 000162.967, 343
Trd, 000163.633, 340
Trd, 000163.850, 340
Trd, 000164.500, 350.0
Trd, 000164.517, 351.0
Trd, 000165.267, 350
Trd, 000166.100, 341
Trd, 000166.367, 340
Trd, 000166.383, 340
Trd, 000166.733, 351
Trd, 000167.333, 351.0
Trd, 000168.617, 348
Trd, 000168.667, 349
Trd, 000169.683, 347
Trd, 000169.917, 345
Trd, 000169.933, 348
Trd, 000170.300, 354
Trd, 000171.067, 351
Trd, 000171.650, 345
Trd, 000172.250, 345
Trd, 000173.317, 344.0
Trd, 000174.033, 347
Trd, 000174.667, 342
Trd, 000174.933, 349.0
Trd, 000175.500, 348
Trd, 000175.567, 351.0
Trd, 000175.833, 348
Trd, 000176.217, 361.0
Trd, 000177.267, 352
Trd, 000178.050, 354
Trd, 000178.283, 355
Trd, 000178.417, 355.0
Trd, 000178.517, 356
Trd, 000178.900, 354
Trd, 000179.250, 351.0
Trd, 000179.950, 357
Trd, 000181.000, 354
Trd, 000181.350, 357
Trd, 000181.783, 350
Trd, 000181.867, 344.0
Trd, 000182.517, 330
Trd, 000182.550, 323
Trd, 000182.800, 315
Trd, 000182.833, 314
Trd, 000182.900, 300.0
Trd, 000183.050, 297
Trd, 000183.467, 237
Trd, 000183.633, 214
Trd, 000184.067, 207
Trd, 000184.317, 223
Trd, 000185.100, 200
Trd, 000185.533, 197
Trd, 000186.550, 186
Trd, 000186.567, 180
Trd, 000187.717, 201
Trd, 000188.017, 186
Trd, 000188.367, 181
Trd, 000189.083, 182
Trd, 000190.500, 183
Trd, 000191.267, 187
Trd, 000191.317, 182
Trd, 000191.800, 183
Trd, 000191.967, 182
Trd, 000193.017, 181
Trd, 000193.183, 181
Trd, 000193.800, 181
Trd, 000194.400, 179
Trd, 000194.900, 183
Trd, 000195.150, 179
Trd, 000195.350, 179
Trd, 000195.367, 181
Trd, 000196.633, 179
Trd, 000196.850, 166
Trd, 000197.150, 163
Trd, 000198.050, 171
Trd, 000199.317, 170
Trd, 000199.817, 172
Trd, 000200.617, 172
Trd, 000200.767, 171
Trd, 000201.000, 173
Trd, 000201.567, 170
Trd, 000201.650, 167
Trd, 000201.967, 171
Trd, 000202.450, 175
Trd, 000203.583, 169
Trd, 000204.367, 171
Trd, 000204.783, 182
Trd, 000204.900, 170
Trd, 000205.733, 170
Trd, 000205.933, 174
Trd, 000205.950, 169
Trd, 000206.017, 165
Trd, 000207.750, 169
Trd, 000208.017, 172
Trd, 000208.600, 171
Trd, 000208.950, 168
Trd, 000209.350, 151
Trd, 000209.517, 145
Trd, 000209.633, 169
Trd, 000210.417, 157
Trd, 000210.900, 165
Trd, 000211.100, 167
Trd, 000211.200, 161
Trd, 000211.617, 168
Trd, 000211.683, 169
Trd, 000212.650, 163
Trd, 000212.767, 170
Trd, 000214.617, 170
Trd, 000214.750, 168
Trd, 000215.067, 167
Trd, 000215.150, 170
Trd, 000215.633, 170
Trd, 000215.817, 172
Trd, 000216.300, 172
Trd, 000217.150, 173
Trd, 000217.217, 168
Trd, 000218.517, 173
Trd, 000218.767, 167
Trd, 000219.000, 184
Trd, 000219.867, 176
Trd, 000220.417, 166
Trd, 000221.317, 188
Trd, 000222.267, 183
Trd, 000222.517, 184
Trd, 000222.900, 168
Trd, 000222.917, 181
Trd, 000224.000, 171
Trd, 000224.417, 172
Trd, 000224.650, 173
Trd, 000225.233, 171
Trd, 000225.733, 176
Trd, 000226.550, 187
Trd, 000226.700, 188
Trd, 000227.567, 187
Trd, 000227.600, 185
Trd, 000228.700, 168
Trd, 000229.983, 179
Trd, 000230.200, 177
Trd, 000230.667, 171
Trd, 000230.833, 178
Trd, 000230.917, 178
Trd, 000230.933, 170
Trd, 000231.267, 170
Trd, 000231.317, 174
Trd, 000231.367, 179
Trd, 000232.150, 178
Trd, 000232.550, 152
Trd, 000233.850, 171
Trd, 000233.967, 173
Trd, 000234.700, 178
Trd, 000235.217, 177
Trd, 000235.233, 174
Trd, 000235.600, 167
Trd, 000237.450, 180
Trd, 000237.517, 180
Trd, 000237.900, 179
Trd, 000238.167, 179
Trd, 000238.733, 179
Trd, 000239.200, 171
Trd, 000239.317, 179
Trd, 000240.483, 182
Trd, 000240.867, 180
Trd, 000241.083, 176
Trd, 000241.200, 182
Trd, 000241.850, 177
Trd, 000242.100, 176
Trd, 000242.167, 177
Trd, 000242.183, 179
Trd, 000242.667, 179
Trd, 000243.567, 183
Trd, 000244.233, 184
Trd, 000244.283, 182
Trd, 000245.217, 184
Trd, 000245.267, 182
Trd, 000245.750, 181
Trd, 000246.367, 179
Trd, 000246.550, 180
Trd, 000247.133, 179
Trd, 000247.733, 180
Trd, 000248.167, 180
Trd, 000248.183, 181
Trd, 000248.217, 179
Trd, 000248.300, 178
Trd, 000248.867, 180
Trd, 000249.517, 180
Trd, 000249.967, 183
Trd, 000250.600, 177
Trd, 000251.300, 169
Trd, 000252.483, 176
Trd, 000252.600, 171
Trd, 000253.267, 169
Trd, 000254.133, 169
Trd, 000254.150, 172
Trd, 000254.400, 170
Trd, 000254.483, 180
Trd, 000254.733, 187
Trd, 000254.883, 171
Trd, 000255.700, 175
Trd, 000256.617, 175
Trd, 000257.033, 179
Trd, 000257.067, 181
Trd, 000257.350, 178
Trd, 000257.450, 188
Trd, 000257.633, 172
Trd, 000258.917, 183
Trd, 000259.300, 182
Trd, 000259.550, 184
Trd, 000259.617, 182
Trd, 000260.200, 190
Trd, 000260.850, 189
Trd, 000260.900, 181
Trd, 000261.233, 193
Trd, 000261.983, 177
Trd, 000262.017, 173
Trd, 000263.450, 183
Trd, 000263.467, 171
Trd, 000264.100, 181
Trd, 000264.183, 184
Trd, 000264.650, 176
Trd, 000265.067, 177
Trd, 000265.083, 179
Trd, 000265.667, 182
Trd, 000266.000, 175
Trd, 000266.717, 179
Trd, 000267.117, 178
Trd, 000267.617, 177
Trd, 000267.917, 178
Trd, 000268.633, 182
Trd, 000268.650, 183
Trd, 000269.133, 183
Trd, 000269.383, 183
Trd, 000269.483, 185
Trd, 000270.833, 181
Trd, 000271.067, 182
Trd, 000271.383, 180
Trd, 000271.400, 178
Trd, 000271.417, 176
Trd, 000271.700, 179
Trd, 000272.283, 169
Trd, 000272.317, 180
Trd, 000272.983, 177
Trd, 000273.617, 178
Trd, 000273.800, 172
Trd, 000274.317, 175
Trd, 000274.500, 177
Trd, 000274.617, 158
Trd, 000274.767, 157
Trd, 000275.400, 158
Trd, 000276.017, 172
Trd, 000276.050, 182
Trd, 000276.067, 195
Trd, 000276.500, 185
Trd, 000276.667, 189
Trd, 000276.833, 183
Trd, 000277.283, 190
Trd, 000277.933, 179
Trd, 000278.933, 179
Trd, 000280.250, 176
Trd, 000280.300, 174
Trd, 000280.467, 177
Trd, 000280.717, 174
Trd, 000280.817, 176
Trd, 000281.567, 173
Trd, 000282.083, 178
Trd, 000282.333, 171
Trd, 000282.500, 165
Trd, 000282.833, 176
Trd, 000283.467, 177
Trd, 000283.883, 176
Trd, 000285.300, 172
Trd, 000285.350, 171
Trd, 000285.367, 179
Trd, 000286.017, 182
Trd, 000286.083, 183
Trd, 000286.200, 170
Trd, 000286.517, 181
Trd, 000286.683, 182
Trd, 000287.133, 170
Trd, 000287.450, 185
Trd, 000288.117, 175
Trd, 000288.483, 184
Trd, 000288.567, 176
Trd, 000289.117, 178
Trd, 000289.183, 190
Trd, 000289.800, 184
Trd, 000289.917, 181
Trd, 000290.283, 177
Trd, 000290.400, 179
Trd, 000290.467, 176
Trd, 000291.133, 175
Trd, 000291.783, 176
Trd, 000292.533, 176
Trd, 000292.700, 170
Trd, 000293.467, 172
Trd, 000293.733, 159
Trd, 000293.750, 179
Trd, 000294.300, 173
Trd, 000294.917, 160
Trd, 000295.367, 177
Trd, 000296.300, 161
Trd, 000296.633, 169
Trd, 000296.750, 184
Trd, 000297.000, 191
Trd, 000297.400, 184
Trd, 000298.083, 178
Trd, 000298.150, 180
Trd, 000299.000, 180
Trd, 000299.100, 179
Trd, 000299.117, 175
Trd, 000299.633, 182
Trd, 000299.717, 182
