Trd, 000000.900, 132
Trd, 000002.350, 137
Trd, 000003.083, 134
Trd, 000003.200, 154
Trd, 000003.767, 143
Trd, 000003.800, 148
Trd, 000004.617, 148
Trd, 000005.333, 134
Trd, 000005.533, 141
Trd, 000006.167, 143
Trd, 000006.300, 145
Trd, 000006.667, 142
Trd, 000007.667, 148
Trd, 000008.000, 144
Trd, 000008.467, 144
Trd, 000008.617, 144
Trd, 000008.733, 148
Trd, 000009.717, 141
Trd, 000010.067, 165
Trd, 000010.083, 139
Trd, 000010.600, 152
Trd, 000010.983, 139
Trd, 000011.650, 146
Trd, 000013.000, 145
Trd, 000013.750, 145
Trd, 000014.467, 149
Trd, 000014.483, 144
Trd, 000015.017, 150
Trd, 000015.133, 144
Trd, 000016.317, 150
Trd, 000017.767, 151
Trd, 000018.217, 149
Trd, 000018.800, 150
Trd, 000019.367, 149
Trd, 000019.400, 146
Trd, 000019.633, 145
Trd, 000020.700, 150
Trd, 000020.917, 150
Trd, 000021.417, 147
Trd, 000021.800, 148
Trd, 000022.467, 151
Trd, 000023.117, 161
Trd, 000023.683, 144
Trd, 000024.067, 144
Trd, 000026.017, 147
Trd, 000026.300, 150
Trd, 000026.367, 147
Trd, 000026.950, 149
Trd, 000027.033, 150
Trd, 000027.367, 147
Trd, 000027.917, 140
Trd, 000029.467, 147
Trd, 000029.500, 151
Trd, 000029.717, 148
Trd, 000030.100, 149
Trd, 000030.167, 146
Trd, 000030.467, 146
Trd, 000030.833, 147
Trd, 000030.867, 143
Trd, 000031.050, 141
Trd, 000032.167, 144
Trd, 000032.417, 141
Trd, 000033.167, 137
Trd, 000033.850, 139
Trd, 000034.200, 135
Trd, 000034.383, 136
Trd, 000034.817, 139
Trd, 000035.150, 144
Trd, 000036.367, 142
Trd, 000037.483, 151
Trd, 000037.717, 155
Trd, 000038.983, 152
Trd, 000039.067, 168
Trd, 000039.467, 151
Trd, 000039.867, 153
Trd, 000040.000, 152
Trd, 000040.283, 159
Trd, 000040.683, 143
Trd, 000040.850, 142
Trd, 000041.033, 155
Trd, 000041.417, 157
Trd, 000041.467, 144
Trd, 000041.883, 141
Trd, 000042.283, 149
Trd, 000042.317, 145
Trd, 000043.367, 174
Trd, 000043.383, 170
Trd, 000044.333, 160
Trd, 000045.233, 158
Trd, 000045.333, 155
Trd, 000045.967, 155
Trd, 000047.600, 154
Trd, 000047.633, 151
Trd, 000048.100, 143
Trd, 000048.800, 156
Trd, 000049.233, 151
Trd, 000049.700, 153
Trd, 000050.083, 154
Trd, 000050.517, 151
Trd, 000050.733, 149
Trd, 000050.917, 139
Trd, 000051.183, 140
Trd, 000052.167, 150
Trd, 000052.733, 150
Trd, 000053.133, 149
Trd, 000054.750, 151
Trd, 000055.300, 150
Trd, 000055.333, 153
Trd, 000055.633, 150
Trd, 000055.900, 148
Trd, 000056.717, 149
Trd, 000057.267, 152
Trd, 000058.217, 149
Trd, 000058.983, 150
Trd, 000059.267, 153
Trd, 000059.417, 149
Trd, 000060.183, 153
Trd, 000060.583, 158
Trd, 000061.800, 171
Trd, 000062.600, 161
Trd, 000062.983, 160
Trd, 000063.800, 160
Trd, 000064.150, 157
Trd, 000064.450, 150
Trd, 000064.833, 143
Trd, 000064.900, 141
Trd, 000065.133, 159
Trd, 000065.200, 146
Trd, 000065.367, 140
Trd, 000066.167, 158
Trd, 000066.533, 137
Trd, 000066.567, 140
Trd, 000066.717, 155
Trd, 000067.700, 147
Trd, 000069.067, 151
Trd, 000069.183, 150
Trd, 000070.383, 161
Trd, 000070.483, 160
Trd, 000071.267, 161
Trd, 000071.650, 157
Trd, 000072.967, 159
Trd, 000073.550, 158
Trd, 000073.850, 158
Trd, 000074.500, 157
Trd, 000075.100, 157
Trd, 000075.383, 156
Trd, 000075.800, 151
Trd, 000076.683, 155
Trd, 000077.400, 157
Trd, 000077.917, 157
Trd, 000078.100, 152
Trd, 000078.883, 152
Trd, 000079.050, 141
Trd, 000079.150, 139
Trd, 000080.217, 159
Trd, 000080.283, 146
Trd, 000080.883, 150
Trd, 000081.367, 159
Trd, 000081.400, 151
Trd, 000082.800, 148
Trd, 000083.317, 147
Trd, 000084.517, 145
Trd, 000084.733, 156
Trd, 000084.900, 156
Trd, 000085.500, 148
Trd, 000086.550, 154
Trd, 000086.650, 156
Trd, 000087.150, 153
Trd, 000088.167, 154
Trd, 000088.633, 156
Trd, 000088.817, 155
Trd, 000089.417, 156
Trd, 000089.650, 155
Trd, 000089.700, 154
Trd, 000090.400, 153
Trd, 000090.700, 150
Trd, 000090.967, 147
Trd, 000092.233, 155
Trd, 000092.900, 157
Trd, 000093.150, 161
Trd, 000093.167, 155
Trd, 000093.183, 153
Trd, 000093.267, 155
Trd, 000093.283, 171
Trd, 000093.617, 146
Trd, 000094.683, 166
Trd, 000097.083, 174
Trd, 000098.117, 170
Trd, 000098.383, 170
Trd, 000098.400, 170
Trd, 000098.683, 170
Trd, 000098.867, 169
Trd, 000099.250, 156
Trd, 000099.450, 154
Trd, 000099.750, 154
Trd, 000100.417, 161
Trd, 000101.883, 163
Trd, 000102.600, 162
Trd, 000103.017, 162
Trd, 000103.667, 156
Trd, 000104.933, 163
Trd, 000105.283, 157
Trd, 000105.583, 156
Trd, 000106.000, 163
Trd, 000106.733, 162
Trd, 000106.983, 155
Trd, 000107.117, 154
Trd, 000107.833, 148
Trd, 000108.500, 152
Trd, 000108.600, 157
Trd, 000108.633, 142
Trd, 000108.883, 124
Trd, 000110.317, 149
Trd, 000110.500, 158
Trd, 000112.950, 156
Trd, 000113.533, 155
Trd, 000114.033, 159
Trd, 000114.567, 159
Trd, 000114.583, 156
Trd, 000114.717, 183
Trd, 000115.017, 155
Trd, 000115.300, 155
Trd, 000115.467, 153
Trd, 000116.383, 148
Trd, 000116.433, 145
Trd, 000117.217, 153
Trd, 000117.500, 163
Trd, 000118.500, 163
Trd, 000118.683, 151
Trd, 000119.333, 158
Trd, 000119.933, 158
Trd, 000120.200, 156
Trd, 000120.550, 160
Trd, 000121.083, 156
Trd, 000121.283, 155
Trd, 000121.567, 150
Trd, 000121.917, 177
Trd, 000121.950, 184
Trd, 000122.033, 197
Trd, 000122.050, 208
Trd, 000123.150, 320
Trd, 000123.583, 331.0
Trd, 000125.150, 313
Trd, 000125.367, 334.0
Trd, 000125.800, 320.0
Trd, 000126.017, 312
Trd, 000126.683, 326
Trd, 000127.667, 322
Trd, 000129.200, 341.0
Trd, 000129.250, 341.0
Trd, 000129.617, 340.0
Trd, 000129.867, 345
Trd, 000130.017, 370.0
Trd, 000130.200, 351.0
Trd, 000130.767, 348
Trd, 000132.817, 352.0
Trd, 000133.317, 351.0
Trd, 000134.367, 348
Trd, 000135.133, 352
Trd, 000136.500, 348
Trd, 000136.517, 347
Trd, 000136.567, 346
Trd, 000136.617, 344.0
Trd, 000137.067, 339
Trd, 000137.150, 337.0
Trd, 000137.933, 344
Trd, 000138.333, 345
Trd, 000138.767, 343
Trd, 000139.167, 343
Trd, 000139.200, 341
Trd, 000140.050, 337.0
Trd, 000141.800, 348
Trd, 000142.050, 344
Trd, 000142.167, 343
Trd, 000143.183, 345
Trd, 000143.433, 343
Trd, 000143.650, 337.0
Trd, 000144.733, 343
Trd, 000145.083, 344
Trd, 000145.317, 341
Trd, 000145.483, 344
Trd, 000146.100, 337
Trd, 000146.333, 334.0
Trd, 000146.500, 341
Trd, 000146.667, 331.0
Trd, 000146.750, 317
Trd, 000147.550, 315
Trd, 000148.583, 335
Trd, 000148.900, 347
Trd, 000149.750, 343
Trd, 000151.100, 344
Trd, 000151.150, 348.0
Trd, 000151.933, 346
Trd, 000153.267, 375
Trd, 000153.383, 351.0
Trd, 000154.267, 372
Trd, 000154.533, 356
Trd, 000155.133, 356
Trd, 000155.200, 355
Trd, 000156.183, 351
Trd, 000156.200, 350
Trd, 000156.917, 351.0
Trd, 000157.950, 347
Trd, 000158.017, 345
Trd, 000158.100, 344.0
Trd, 000158.317, 334.0
Trd, 000158.867, 338.0
Trd, 000160.633, 339
Trd, 000160.717, 348.0
Trd, 000160.800, 350
Trd, 000162.667, 342.0
Trd, 000163.100, 339
Trd, 000164.350, 338
Trd, 000164.450, 348
Trd, 000166.067, 336
Trd, 000166.267, 343
Trd, 000166.483, 337
Trd, 000166.500, 337
Trd, 000166.867, 339
Trd, 000167.783, 341
Trd, 000168.767, 338.0
Trd, 000169.517, 337.0
Trd, 000169.967, 342
Trd, 000170.000, 334.0
Trd, 000170.100, 334
Trd, 000170.950, 348.0
Trd, 000171.367, 338.0
Trd, 000172.767, 341.0
Trd, 000173.483, 340.0
Trd, 000175.050, 343
Trd, 000175.600, 343.0
Trd, 000175.817, 348.0
Trd, 000176.133, 342.0
Trd, 000176.367, 345
Trd, 000176.667, 351
Trd, 000177.233, 345
Trd, 000177.650, 340
Trd, 000178.083, 351
Trd, 000178.150, 344
Trd, 000179.150, 343
Trd, 000179.267, 340
Trd, 000179.450, 337.0
Trd, 000180.317, 342
Trd, 000181.450, 343
Trd, 000181.600, 340
Trd, 000181.800, 339
Trd, 000182.033, 337.0
Trd, 000183.067, 331.0
Trd, 000183.217, 317
Trd, 000183.667, 269
Trd, 000183.933, 255
Trd, 000184.300, 221
Trd, 000184.950, 198
Trd, 000185.067, 197
Trd, 000185.150, 186
Trd, 000186.067, 183
Trd, 000186.233, 171
Trd, 000186.950, 171
Trd, 000187.083, 169
Trd, 000187.200, 162
Trd, 000187.500, 173
Trd, 000187.550, 190
Trd, 000187.667, 170
Trd, 000188.083, 155
Trd, 000189.950, 176
Trd, 000190.317, 190
Trd, 000190.667, 176
Trd, 000190.917, 171
Trd, 000191.383, 169
Trd, 000191.567, 165
Trd, 000192.683, 166
Trd, 000193.300, 165
Trd, 000195.083, 173
Trd, 000195.317, 176
Trd, 000195.450, 170
Trd, 000196.367, 172
Trd, 000196.967, 172
Trd, 000197.367, 171
Trd, 000198.500, 171
Trd, 000199.200, 167
Trd, 000199.250, 172
Trd, 000199.750, 166
Trd, 000200.617, 172
Trd, 000200.733, 158
Trd, 000200.783, 157
Trd, 000201.917, 172
Trd, 000202.650, 170
Trd, 000202.683, 162
Trd, 000203.833, 163
Trd, 000204.450, 167
Trd, 000204.650, 166
Trd, 000204.733, 169
Trd, 000206.600, 167
Trd, 000206.733, 167
Trd, 000207.250, 166
Trd, 000207.717, 165
Trd, 000208.017, 167
Trd, 000208.467, 158
Trd, 000209.217, 164
Trd, 000209.967, 169
Trd, 000210.233, 165
Trd, 000210.550, 169
Trd, 000210.567, 165
Trd, 000210.700, 165
Trd, 000210.933, 155
Trd, 000211.583, 163
Trd, 000211.900, 156
Trd, 000212.417, 166
Trd, 000212.667, 159
Trd, 000212.933, 155
Trd, 000213.033, 172
Trd, 000213.283, 155
Trd, 000213.833, 158
Trd, 000215.800, 166
Trd, 000216.133, 167
Trd, 000217.100, 168
Trd, 000217.183, 170
Trd, 000217.217, 179
Trd, 000217.917, 175
Trd, 000219.283, 175
Trd, 000219.533, 176
Trd, 000220.900, 178
Trd, 000221.067, 177
Trd, 000221.133, 177
Trd, 000222.267, 173
Trd, 000222.967, 166
Trd, 000223.050, 159
Trd, 000223.083, 156
Trd, 000223.133, 153
Trd, 000223.883, 172
Trd, 000224.767, 174
Trd, 000226.050, 186
Trd, 000226.300, 174
Trd, 000228.683, 181
Trd, 000228.883, 181
Trd, 000229.467, 180
Trd, 000230.517, 182
Trd, 000231.117, 181
Trd, 000231.217, 179
Trd, 000231.917, 178
Trd, 000232.183, 174
Trd, 000232.850, 170
Trd, 000232.950, 179
Trd, 000235.150, 175
Trd, 000235.450, 178
Trd, 000236.033, 178
Trd, 000236.117, 177
Trd, 000236.467, 176
Trd, 000236.550, 176
Trd, 000238.267, 176
Trd, 000238.633, 170
Trd, 000239.033, 168
Trd, 000239.283, 174
Trd, 000239.383, 175
Trd, 000240.217, 165
Trd, 000240.283, 166
Trd, 000241.100, 174
Trd, 000241.283, 173
Trd, 000241.350, 175
Trd, 000242.017, 182
Trd, 000242.617, 186
Trd, 000243.283, 184
Trd, 000243.433, 183
Trd, 000243.667, 181
Trd, 000243.950, 181
Trd, 000244.217, 178
Trd, 000244.783, 168
Trd, 000244.917, 173
Trd, 000245.017, 176
Trd, 000246.033, 179
Trd, 000246.317, 176
Trd, 000246.583, 176
Trd, 000248.233, 180
Trd, 000248.267, 179
Trd, 000248.767, 176
Trd, 000249.183, 178
Trd, 000249.383, 181
Trd, 000249.733, 176
Trd, 000250.783, 179
Trd, 000250.917, 182
Trd, 000251.800, 181
Trd, 000251.967, 180
Trd, 000252.217, 178
Trd, 000252.483, 177
Trd, 000252.600, 176
Trd, 000253.117, 172
Trd, 000253.217, 168
Trd, 000253.433, 178
Trd, 000254.200, 162
Trd, 000254.833, 162
Trd, 000255.433, 179
Trd, 000256.150, 174
Trd, 000256.183, 177
Trd, 000256.233, 171
Trd, 000256.983, 175
Trd, 000257.017, 164
Trd, 000257.767, 168
Trd, 000258.483, 172
Trd, 000259.133, 170
Trd, 000260.367, 173
Trd, 000260.750, 174
Trd, 000260.800, 174
Trd, 000260.933, 175
Trd, 000261.050, 172
Trd, 000261.333, 170
Trd, 000261.567, 169
Trd, 000261.967, 174
Trd, 000263.233, 175
Trd, 000263.283, 171
Trd, 000263.917, 177
Trd, 000264.300, 176
Trd, 000264.433, 184
Trd, 000264.550, 172
Trd, 000265.283, 180
Trd, 000266.067, 183
Trd, 000266.100, 182
Trd, 000266.133, 178
Trd, 000267.633, 177
Trd, 000268.050, 181
Trd, 000269.617, 180
Trd, 000269.767, 179
Trd, 000270.017, 181
Trd, 000270.033, 178
Trd, 000270.200, 175
Trd, 000270.350, 178
Trd, 000270.433, 174
Trd, 000270.750, 171
Trd, 000271.150, 170
Trd, 000272.200, 170
Trd, 000272.317, 171
Trd, 000273.283, 172
Trd, 000273.767, 172
Trd, 000274.183, 171
Trd, 000274.217, 171
Trd, 000274.283, 172
Trd, 000274.300, 175
Trd, 000274.967, 178
Trd, 000275.117, 175
Trd, 000276.367, 172
Trd, 000276.450, 172
Trd, 000276.533, 170
Trd, 000276.817, 176
Trd, 000277.200, 174
Trd, 000277.433, 185
Trd, 000277.667, 173
Trd, 000277.817, 172
Trd, 000278.683, 183
Trd, 000278.833, 178
Trd, 000279.717, 179
Trd, 000280.667, 174
Trd, 000281.283, 181
Trd, 000281.567, 186
Trd, 000281.800, 183
Trd, 000282.050, 178
Trd, 000282.450, 179
Trd, 000282.750, 179
Trd, 000282.833, 190
Trd, 000284.133, 181
Trd, 000284.350, 182
Trd, 000284.850, 188
Trd, 000285.317, 185
Trd, 000285.333, 183
Trd, 000285.550, 178
Trd, 000285.967, 175
Trd, 000287.183, 179
Trd, 000287.267, 173
Trd, 000287.767, 180
Trd, 000287.867, 179
Trd, 000288.750, 174
Trd, 000288.833, 169
Trd, 000289.583, 173
Trd, 000289.683, 168
Trd, 000290.050, 174
Trd, 000290.767, 175
Trd, 000290.850, 175
Trd, 000291.900, 176
Trd, 000292.017, 180
Trd, 000292.500, 180
Trd, 000292.933, 180
Trd, 000293.017, 178
Trd, 000293.317, 177
Trd, 000293.550, 176
Trd, 000293.633, 175
Trd, 000293.683, 173
Trd, 000294.617, 183
Trd, 000294.733, 170
Trd, 000294.900, 180
Trd, 000295.283, 187
Trd, 000297.450, 181
Trd, 000298.217, 188
Trd, 000298.350, 185
Trd, 000298.650, 188
Trd, 000299.067, 177
Trd, 000299.833, 180
