Trd, 000001.967, 139
Trd, 000002.133, 141
Trd, 000002.333, 175
Trd, 000003.550, 168
Trd, 000003.633, 162
Trd, 000004.667, 141
Trd, 000006.150, 150
Trd, 000006.517, 151
Trd, 000006.967, 151
Trd, 000007.383, 151
Trd, 000008.667, 154
Trd, 000008.733, 155
Trd, 000009.000, 155
Trd, 000009.200, 155
Trd, 000009.233, 159
Trd, 000009.567, 155
Trd, 000010.233, 154
Trd, 000011.533, 155
Trd, 000011.650, 156
Trd, 000012.500, 154
Trd, 000012.983, 151
Trd, 000013.767, 153
Trd, 000014.067, 153
Trd, 000014.350, 153
Trd, 000016.683, 150
Trd, 000017.067, 149
Trd, 000017.083, 153
Trd, 000018.300, 148
Trd, 000019.417, 151
Trd, 000020.000, 151
Trd, 000020.200, 150
Trd, 000020.550, 151
Trd, 000021.000, 153
Trd, 000021.017, 150
Trd, 000022.267, 150
Trd, 000022.833, 147
Trd, 000023.817, 146
Trd, 000023.850, 152
Trd, 000024.850, 148
Trd, 000025.067, 146
Trd, 000025.817, 147
Trd, 000027.100, 147
Trd, 000027.133, 146
Trd, 000027.533, 149
Trd, 000029.117, 151
Trd, 000029.350, 151
Trd, 000029.400, 152
Trd, 000029.917, 150
Trd, 000030.017, 150
Trd, 000031.167, 156
Trd, 000031.417, 150
Trd, 000032.783, 151
Trd, 000033.333, 152
Trd, 000034.333, 153
Trd, 000034.667, 152
Trd, 000035.133, 151
Trd, 000036.217, 150
Trd, 000036.667, 153
Trd, 000037.667, 150
Trd, 000037.933, 156
Trd, 000038.650, 155
Trd, 000038.933, 157
Trd, 000040.067, 153
Trd, 000040.350, 155
Trd, 000040.417, 153
Trd, 000041.150, 153
Trd, 000041.817, 152
Trd, 000042.150, 152
Trd, 000042.750, 151
Trd, 000044.633, 152
Trd, 000044.867, 153
Trd, 000045.117, 152
Trd, 000045.350, 154
Trd, 000046.017, 155
Trd, 000046.167, 156
Trd, 000048.250, 153
Trd, 000048.450, 154
Trd, 000048.750, 153
Trd, 000049.417, 154
Trd, 000050.050, 153
Trd, 000050.283, 152
Trd, 000050.450, 153
Trd, 000050.733, 152
Trd, 000051.150, 152
Trd, 000051.567, 153
Trd, 000052.233, 156
Trd, 000052.350, 152
Trd, 000053.700, 155
Trd, 000054.200, 156
Trd, 000054.267, 157
Trd, 000054.567, 157
Trd, 000055.433, 158
Trd, 000055.533, 160
Trd, 000057.117, 159
Trd, 000057.667, 160
Trd, 000057.900, 160
Trd, 000057.933, 158
Trd, 000059.683, 160
Trd, 000060.000, 161
Trd, 000060.633, 160
Trd, 000061.417, 160
Trd, 000061.467, 160
Trd, 000062.700, 160
Trd, 000063.700, 158
Trd, 000063.800, 159
Trd, 000064.133, 149
Trd, 000064.467, 160
Trd, 000065.050, 160
Trd, 000065.767, 159
Trd, 000066.067, 161
Trd, 000066.267, 161
Trd, 000066.950, 162
Trd, 000067.000, 161
Trd, 000067.033, 163
Trd, 000068.517, 159
Trd, 000068.783, 160
Trd, 000070.150, 154
Trd, 000071.067, 152
Trd, 000071.083, 153
Trd, 000072.050, 152
Trd, 000072.100, 151
Trd, 000073.183, 150
Trd, 000073.417, 152
Trd, 000073.917, 152
Trd, 000074.883, 158
Trd, 000075.700, 155
Trd, 000075.767, 154
Trd, 000076.767, 155
Trd, 000076.817, 153
Trd, 000078.333, 158
Trd, 000078.833, 156
Trd, 000079.033, 154
Trd, 000079.183, 153
Trd, 000079.833, 155
Trd, 000079.900, 158
Trd, 000080.883, 158
Trd, 000081.967, 159
Trd, 000083.000, 159
Trd, 000083.600, 160
Trd, 000083.867, 162
Trd, 000084.833, 162
Trd, 000085.650, 151
Trd, 000086.833, 160
Trd, 000087.450, 163
Trd, 000088.900, 165
Trd, 000088.950, 161
Trd, 000089.000, 165
Trd, 000089.800, 163
Trd, 000090.983, 163
Trd, 000091.767, 160
Trd, 000092.383, 164
Trd, 000093.250, 162
Trd, 000093.833, 163
Trd, 000094.033, 163
Trd, 000094.333, 163
Trd, 000095.217, 162
Trd, 000096.683, 163
Trd, 000098.417, 162
Trd, 000098.483, 163
Trd, 000099.383, 164
Trd, 000099.650, 163
Trd, 000100.133, 163
Trd, 000100.417, 162
Trd, 000101.000, 162
Trd, 000101.267, 162
Trd, 000101.350, 162
Trd, 000101.750, 161
Trd, 000101.917, 165
Trd, 000103.700, 162
Trd, 000103.783, 162
Trd, 000103.950, 161
Trd, 000104.317, 162
Trd, 000105.383, 161
Trd, 000106.067, 161
Trd, 000106.583, 161
Trd, 000106.667, 162
Trd, 000108.000, 164
Trd, 000108.367, 165
Trd, 000108.700, 164
Trd, 000109.883, 162
Trd, 000110.333, 162
Trd, 000110.717, 162
Trd, 000110.817, 161
Trd, 000111.100, 162
Trd, 000111.233, 147
Trd, 000112.317, 153
Trd, 000112.933, 161
Trd, 000114.283, 160
Trd, 000114.917, 158
Trd, 000115.350, 159
Trd, 000116.483, 159
Trd, 000116.583, 158
Trd, 000117.367, 155
Trd, 000117.517, 155
Trd, 000118.183, 158
Trd, 000120.283, 159
Trd, 000120.800, 161
Trd, 000121.083, 162
Trd, 000121.533, 163
Trd, 000122.050, 167
Trd, 000122.217, 170
Trd, 000122.250, 187
Trd, 000122.283, 195
Trd, 000122.383, 212
Trd, 000122.467, 222
Trd, 000123.450, 200
Trd, 000123.583, 282
Trd, 000124.100, 320.0
Trd, 000124.333, 324.0
Trd, 000124.700, 331
Trd, 000125.633, 307.0
Trd, 000125.733, 340.0
Trd, 000129.083, 353
Trd, 000129.467, 344
Trd, 000129.983, 352.0
Trd, 000131.400, 351
Trd, 000131.650, 353
Trd, 000131.800, 354
Trd, 000132.300, 355.0
Trd, 000132.717, 353
Trd, 000133.600, 352
Trd, 000133.933, 352
Trd, 000134.567, 350
Trd, 000135.017, 355
Trd, 000135.700, 356
Trd, 000135.900, 358.0
Trd, 000136.167, 356
Trd, 000138.217, 368.0
Trd, 000139.133, 364
Trd, 000139.150, 361
Trd, 000139.567, 368.0
Trd, 000139.633, 369.0
Trd, 000141.917, 359
Trd, 000142.300, 358
Trd, 000142.633, 358
Trd, 000142.800, 359
Trd, 000143.400, 359
Trd, 000143.817, 358
Trd, 000144.583, 356
Trd, 000144.900, 359
Trd, 000145.383, 355
Trd, 000146.967, 352
Trd, 000147.283, 349
Trd, 000147.317, 348
Trd, 000147.933, 350
Trd, 000149.533, 347
Trd, 000150.417, 348
Trd, 000150.467, 350
Trd, 000150.967, 351
Trd, 000151.567, 353
Trd, 000152.933, 350
Trd, 000153.433, 349
Trd, 000153.983, 346
Trd, 000154.783, 350
Trd, 000155.117, 350
Trd, 000155.883, 348
Trd, 000156.233, 350
Trd, 000156.567, 347
Trd, 000156.767, 346
Trd, 000157.183, 350
Trd, 000157.433, 350
Trd, 000157.967, 347
Trd, 000158.417, 343
Trd, 000159.267, 345
Trd, 000159.867, 346
Trd, 000160.817, 344
Trd, 000161.717, 343
Trd, 000161.950, 336
Trd, 000162.467, 341
Trd, 000162.617, 342
Trd, 000163.083, 327.0
Trd, 000164.683, 343
Trd, 000165.350, 340
Trd, 000165.400, 339
Trd, 000165.617, 343
Trd, 000167.367, 341
Trd, 000167.733, 342
Trd, 000168.833, 341
Trd, 000168.983, 342
Trd, 000169.250, 342
Trd, 000169.850, 344
Trd, 000171.383, 341
Trd, 000171.800, 345
Trd, 000173.100, 346
Trd, 000174.467, 348
Trd, 000174.483, 351
Trd, 000175.183, 352
Trd, 000176.117, 354.0
Trd, 000176.300, 355.0
Trd, 000176.783, 356.0
Trd, 000176.817, 355
Trd, 000176.933, 357.0
Trd, 000179.283, 355
Trd, 000180.467, 352
Trd, 000181.500, 353
Trd, 000181.533, 355.0
Trd, 000181.833, 352
Trd, 000182.467, 350
Trd, 000182.633, 343
Trd, 000183.650, 336
Trd, 000183.833, 328
Trd, 000184.017, 327.0
Trd, 000184.333, 323
Trd, 000184.567, 320.0
Trd, 000185.117, 306.0
Trd, 000185.600, 218
Trd, 000186.100, 207
Trd, 000186.550, 203
Trd, 000187.217, 198
Trd, 000187.317, 196
Trd, 000187.800, 198
Trd, 000188.150, 188
Trd, 000188.233, 186
Trd, 000188.283, 188
Trd, 000189.700, 184
Trd, 000191.017, 184
Trd, 000191.867, 184
Trd, 000192.717, 183
Trd, 000192.917, 184
Trd, 000193.317, 177
Trd, 000193.417, 194
Trd, 000193.833, 177
Trd, 000193.950, 176
Trd, 000195.367, 188
Trd, 000195.833, 188
Trd, 000196.033, 187
Trd, 000196.433, 164
Trd, 000196.567, 161
Trd, 000197.917, 171
Trd, 000197.950, 189
Trd, 000199.750, 186
Trd, 000199.783, 180
Trd, 000200.517, 188
Trd, 000200.750, 175
Trd, 000203.200, 171
Trd, 000203.367, 172
Trd, 000204.667, 172
Trd, 000204.983, 174
Trd, 000205.950, 174
Trd, 000206.367, 173
Trd, 000206.400, 175
Trd, 000206.850, 175
Trd, 000206.883, 175
Trd, 000208.267, 170
Trd, 000208.383, 171
Trd, 000209.083, 175
Trd, 000209.500, 176
Trd, 000210.000, 175
Trd, 000210.133, 178
Trd, 000210.933, 178
Trd, 000211.100, 179
Trd, 000211.700, 178
Trd, 000212.700, 189
Trd, 000213.250, 180
Trd, 000213.850, 190
Trd, 000213.933, 189
Trd, 000215.133, 185
Trd, 000215.150, 184
Trd, 000216.383, 183
Trd, 000216.500, 184
Trd, 000216.550, 182
Trd, 000217.683, 183
Trd, 000218.083, 183
Trd, 000218.783, 183
Trd, 000219.533, 182
Trd, 000220.617, 183
Trd, 000220.817, 184
Trd, 000221.450, 182
Trd, 000222.217, 181
Trd, 000222.683, 180
Trd, 000222.917, 180
Trd, 000223.583, 180
Trd, 000223.883, 180
Trd, 000224.567, 179
Trd, 000224.683, 180
Trd, 000225.667, 178
Trd, 000226.400, 178
Trd, 000227.300, 178
Trd, 000227.750, 178
Trd, 000228.450, 179
Trd, 000228.933, 175
Trd, 000229.767, 175
Trd, 000230.650, 170
Trd, 000232.200, 169
Trd, 000232.700, 168
Trd, 000232.783, 169
Trd, 000232.867, 169
Trd, 000232.883, 170
Trd, 000232.950, 174
Trd, 000234.000, 177
Trd, 000235.250, 178
Trd, 000236.733, 176
Trd, 000237.117, 177
Trd, 000237.233, 177
Trd, 000237.350, 178
Trd, 000238.150, 180
Trd, 000238.333, 180
Trd, 000239.567, 179
Trd, 000240.233, 179
Trd, 000240.600, 174
Trd, 000240.950, 167
Trd, 000241.283, 167
Trd, 000241.733, 166
Trd, 000242.017, 168
Trd, 000242.267, 168
Trd, 000242.600, 173
Trd, 000243.100, 181
Trd, 000243.583, 170
Trd, 000244.067, 167
Trd, 000244.983, 170
Trd, 000245.600, 169
Trd, 000245.717, 170
Trd, 000245.967, 169
Trd, 000246.350, 170
Trd, 000247.117, 173
Trd, 000248.400, 175
Trd, 000248.700, 175
Trd, 000249.500, 174
Trd, 000249.617, 176
Trd, 000250.767, 173
Trd, 000250.867, 172
Trd, 000250.933, 172
Trd, 000251.267, 174
Trd, 000252.133, 174
Trd, 000252.650, 173
Trd, 000252.833, 175
Trd, 000253.833, 177
Trd, 000254.017, 179
Trd, 000254.667, 176
Trd, 000255.233, 179
Trd, 000255.317, 180
Trd, 000255.667, 179
Trd, 000256.017, 175
Trd, 000256.933, 180
Trd, 000257.017, 181
Trd, 000257.850, 178
Trd, 000257.867, 177
Trd, 000257.950, 175
Trd, 000258.183, 173
Trd, 000259.367, 174
Trd, 000259.767, 174
Trd, 000260.533, 177
Trd, 000261.017, 178
Trd, 000261.067, 173
Trd, 000262.450, 175
Trd, 000262.467, 176
Trd, 000262.600, 173
Trd, 000263.250, 172
Trd, 000263.350, 171
Trd, 000263.700, 172
Trd, 000264.167, 168
Trd, 000264.617, 172
Trd, 000264.717, 173
Trd, 000265.017, 174
Trd, 000265.783, 176
Trd, 000266.050, 177
Trd, 000266.233, 174
Trd, 000266.350, 173
Trd, 000267.300, 178
Trd, 000268.983, 178
Trd, 000269.367, 180
Trd, 000269.433, 182
Trd, 000269.600, 179
Trd, 000270.150, 179
Trd, 000270.350, 176
Trd, 000270.383, 175
Trd, 000270.933, 174
Trd, 000270.950, 173
Trd, 000271.133, 170
Trd, 000272.283, 174
Trd, 000272.667, 170
Trd, 000272.750, 171
Trd, 000273.067, 170
Trd, 000273.450, 171
Trd, 000273.933, 174
Trd, 000274.367, 172
Trd, 000274.917, 170
Trd, 000275.850, 174
Trd, 000276.467, 178
Trd, 000277.017, 170
Trd, 000278.183, 179
Trd, 000279.000, 172
Trd, 000279.183, 173
Trd, 000279.350, 172
Trd, 000280.000, 171
Trd, 000280.050, 170
Trd, 000280.150, 169
Trd, 000280.867, 164
Trd, 000281.433, 173
Trd, 000281.517, 179
Trd, 000281.567, 186
Trd, 000282.400, 159
Trd, 000283.117, 171
Trd, 000283.167, 166
Trd, 000283.367, 170
Trd, 000283.817, 171
Trd, 000283.833, 172
Trd, 000284.467, 165
Trd, 000284.683, 171
Trd, 000284.783, 172
Trd, 000285.567, 167
Trd, 000286.183, 168
Trd, 000286.467, 172
Trd, 000287.033, 171
Trd, 000287.150, 172
Trd, 000288.217, 173
Trd, 000288.333, 172
Trd, 000288.967, 182
Trd, 000289.533, 184
Trd, 000289.600, 187
Trd, 000289.700, 184
Trd, 000290.867, 185
Trd, 000291.200, 186
Trd, 000291.250, 190
Trd, 000292.333, 186
Trd, 000293.133, 182
Trd, 000293.517, 182
Trd, 000293.800, 183
Trd, 000294.200, 175
Trd, 000294.350, 183
Trd, 000295.717, 177
Trd, 000296.083, 178
Trd, 000296.100, 175
Trd, 000296.650, 177
Trd, 000296.917, 176
Trd, 000297.217, 178
Trd, 000297.600, 175
Trd, 000298.667, 187
Trd, 000298.850, 173
Trd, 000299.367, 174
Trd, 000299.950, 181
