Trd, 000002.233, 134
Trd, 000002.817, 119
Trd, 000003.017, 182
Trd, 000003.233, 137
Trd, 000004.333, 147
Trd, 000004.433, 148
Trd, 000004.650, 156
Trd, 000004.967, 168
Trd, 000005.700, 163
Trd, 000006.400, 162
Trd, 000006.733, 158
Trd, 000007.250, 162
Trd, 000008.150, 151
Trd, 000008.233, 161
Trd, 000008.733, 142
Trd, 000009.100, 154
Trd, 000009.750, 150
Trd, 000010.700, 147
Trd, 000011.717, 148
Trd, 000012.833, 147
Trd, 000013.550, 148
Trd, 000013.833, 148
Trd, 000014.000, 147
Trd, 000014.367, 146
Trd, 000015.083, 142
Trd, 000015.600, 148
Trd, 000016.600, 148
Trd, 000016.817, 143
Trd, 000017.233, 143
Trd, 000018.683, 148
Trd, 000019.317, 148
Trd, 000019.533, 149
Trd, 000019.583, 146
Trd, 000020.200, 146
Trd, 000020.383, 145
Trd, 000020.750, 147
Trd, 000022.383, 146
Trd, 000022.483, 147
Trd, 000023.300, 150
Trd, 000023.933, 147
Trd, 000024.033, 148
Trd, 000025.467, 148
Trd, 000027.450, 147
Trd, 000027.967, 147
Trd, 000028.400, 147
Trd, 000028.600, 148
Trd, 000030.333, 146
Trd, 000030.550, 147
Trd, 000030.750, 148
Trd, 000032.017, 148
Trd, 000032.100, 145
Trd, 000032.900, 147
Trd, 000033.000, 149
Trd, 000033.067, 146
Trd, 000033.717, 148
Trd, 000033.983, 147
Trd, 000034.467, 146
Trd, 000034.733, 146
Trd, 000035.917, 145
Trd, 000036.167, 147
Trd, 000036.933, 145
Trd, 000037.000, 147
Trd, 000037.633, 145
Trd, 000039.883, 147
Trd, 000039.983, 148
Trd, 000040.350, 147
Trd, 000040.817, 146
Trd, 000041.067, 149
Trd, 000041.967, 149
Trd, 000042.783, 148
Trd, 000043.950, 150
Trd, 000044.367, 150
Trd, 000044.667, 149
Trd, 000045.583, 152
Trd, 000046.300, 150
Trd, 000048.217, 150
Trd, 000048.783, 151
Trd, 000048.917, 151
Trd, 000049.417, 150
Trd, 000050.267, 149
Trd, 000050.850, 146
Trd, 000050.917, 151
Trd, 000050.967, 158
Trd, 000051.283, 153
Trd, 000052.600, 150
Trd, 000053.150, 151
Trd, 000053.317, 152
Trd, 000054.633, 149
Trd, 000055.217, 148
Trd, 000055.633, 147
Trd, 000055.817, 146
Trd, 000056.067, 148
Trd, 000057.017, 143
Trd, 000057.267, 139
Trd, 000058.800, 148
Trd, 000059.000, 149
Trd, 000059.100, 147
Trd, 000059.500, 148
Trd, 000060.833, 150
Trd, 000061.233, 151
Trd, 000061.300, 154
Trd, 000062.683, 166
Trd, 000063.517, 174
Trd, 000063.983, 157
Trd, 000064.317, 154
Trd, 000064.767, 164
Trd, 000065.617, 160
Trd, 000066.050, 157
Trd, 000066.200, 156
Trd, 000066.750, 155
Trd, 000067.667, 152
Trd, 000067.983, 152
Trd, 000068.233, 153
Trd, 000069.067, 151
Trd, 000069.550, 151
Trd, 000070.267, 152
Trd, 000071.233, 150
Trd, 000071.400, 151
Trd, 000071.900, 151
Trd, 000072.250, 152
Trd, 000072.783, 149
Trd, 000073.050, 150
Trd, 000074.050, 149
Trd, 000074.350, 150
Trd, 000074.783, 148
Trd, 000074.883, 151
Trd, 000076.333, 154
Trd, 000076.600, 155
Trd, 000077.100, 149
Trd, 000078.733, 151
Trd, 000079.117, 150
Trd, 000080.050, 154
Trd, 000080.200, 155
Trd, 000081.267, 150
Trd, 000081.883, 153
Trd, 000082.533, 152
Trd, 000082.633, 153
Trd, 000083.117, 156
Trd, 000084.700, 151
Trd, 000085.250, 152
Trd, 000085.850, 155
Trd, 000086.683, 156
Trd, 000087.733, 156
Trd, 000088.350, 152
Trd, 000088.417, 157
Trd, 000088.517, 166
Trd, 000088.767, 152
Trd, 000090.550, 157
Trd, 000091.783, 157
Trd, 000092.167, 156
Trd, 000093.167, 176
Trd, 000093.367, 171
Trd, 000093.567, 191
Trd, 000094.033, 170
Trd, 000094.317, 176
Trd, 000095.733, 167
Trd, 000096.067, 161
Trd, 000096.350, 161
Trd, 000096.633, 170
Trd, 000097.700, 159
Trd, 000098.067, 158
Trd, 000099.583, 167
Trd, 000100.017, 157
Trd, 000100.383, 166
Trd, 000100.583, 164
Trd, 000101.667, 164
Trd, 000102.850, 165
Trd, 000103.033, 161
Trd, 000103.200, 166
Trd, 000103.700, 183
Trd, 000104.133, 154
Trd, 000105.067, 169
Trd, 000105.383, 169
Trd, 000105.533, 170
Trd, 000106.400, 164
Trd, 000106.750, 162
Trd, 000107.650, 161
Trd, 000108.017, 162
Trd, 000108.567, 161
Trd, 000109.350, 163
Trd, 000109.500, 161
Trd, 000109.767, 160
Trd, 000110.850, 160
Trd, 000112.200, 159
Trd, 000112.950, 159
Trd, 000113.833, 157
Trd, 000114.117, 158
Trd, 000114.283, 158
Trd, 000115.117, 179
Trd, 000115.833, 156
Trd, 000117.500, 160
Trd, 000117.650, 161
Trd, 000117.667, 164
Trd, 000118.233, 155
Trd, 000119.233, 158
Trd, 000120.183, 160
Trd, 000120.750, 156
Trd, 000121.067, 157
Trd, 000121.150, 157
Trd, 000121.267, 159
Trd, 000121.867, 158
Trd, 000122.117, 161
Trd, 000122.483, 168
Trd, 000123.150, 187
Trd, 000123.333, 198
Trd, 000123.483, 208
Trd, 000123.633, 212
Trd, 000123.833, 317.0
Trd, 000124.200, 320.0
Trd, 000125.617, 326.0
Trd, 000126.500, 303.0
Trd, 000126.717, 327.0
Trd, 000127.750, 345.0
Trd, 000127.900, 344.0
Trd, 000128.683, 341.0
Trd, 000128.767, 345
Trd, 000129.600, 346.0
Trd, 000130.233, 341
Trd, 000130.783, 348.0
Trd, 000131.217, 348
Trd, 000132.883, 354
Trd, 000133.467, 355
Trd, 000133.867, 353
Trd, 000135.150, 355
Trd, 000135.700, 350
Trd, 000135.850, 349
Trd, 000136.800, 352
Trd, 000137.083, 347
Trd, 000137.433, 355
Trd, 000137.967, 344.0
Trd, 000138.317, 342
Trd, 000138.433, 341.0
Trd, 000140.633, 348.0
Trd, 000140.917, 345.0
Trd, 000141.050, 344.0
Trd, 000142.367, 343
Trd, 000142.450, 347
Trd, 000142.617, 346
Trd, 000143.050, 362.0
Trd, 000143.683, 362.0
Trd, 000145.117, 359
Trd, 000145.733, 358
Trd, 000145.767, 354
Trd, 000146.017, 362.0
Trd, 000147.750, 354
Trd, 000147.933, 360
Trd, 000148.433, 362.0
Trd, 000148.867, 353
Trd, 000149.817, 350
Trd, 000150.467, 349
Trd, 000150.733, 350
Trd, 000152.067, 345.0
Trd, 000152.100, 344.0
Trd, 000152.150, 347.0
Trd, 000152.183, 341.0
Trd, 000153.317, 347
Trd, 000153.467, 346
Trd, 000153.867, 348.0
Trd, 000154.833, 349
Trd, 000155.950, 344.0
Trd, 000156.933, 343.0
Trd, 000157.717, 348
Trd, 000158.850, 344.0
Trd, 000159.317, 341.0
Trd, 000159.350, 346
Trd, 000160.100, 341
Trd, 000160.900, 343
Trd, 000160.983, 343
Trd, 000161.367, 343
Trd, 000161.933, 341.0
Trd, 000162.783, 349
Trd, 000164.050, 346
Trd, 000165.283, 342
Trd, 000165.367, 340
Trd, 000165.617, 339
Trd, 000165.750, 338
Trd, 000165.883, 345
Trd, 000166.467, 348
Trd, 000166.817, 348.0
Trd, 000167.483, 344.0
Trd, 000167.750, 349
Trd, 000168.033, 368
Trd, 000168.083, 371.0
Trd, 000169.150, 346
Trd, 000171.783, 349
Trd, 000171.917, 347
Trd, 000172.100, 351
Trd, 000172.483, 350
Trd, 000173.150, 351
Trd, 000173.167, 352
Trd, 000173.667, 348
Trd, 000174.617, 347
Trd, 000174.917, 344
Trd, 000175.750, 344.0
Trd, 000177.967, 344.0
Trd, 000178.250, 345
Trd, 000178.483, 344
Trd, 000178.667, 345
Trd, 000179.067, 343
Trd, 000180.250, 343
Trd, 000180.350, 344
Trd, 000180.500, 341.0
Trd, 000180.683, 345
Trd, 000182.600, 345
Trd, 000182.900, 344
Trd, 000182.950, 341
Trd, 000183.433, 337.0
Trd, 000183.667, 327.0
Trd, 000183.717, 321
Trd, 000183.800, 319
Trd, 000184.133, 200
Trd, 000184.883, 195
Trd, 000186.117, 190
Trd, 000186.633, 183
Trd, 000187.833, 184
Trd, 000188.300, 188
Trd, 000189.250, 180
Trd, 000189.267, 175
Trd, 000190.400, 181
Trd, 000190.683, 175
Trd, 000191.633, 182
Trd, 000192.367, 174
Trd, 000193.183, 185
Trd, 000193.467, 175
Trd, 000194.533, 173
Trd, 000194.617, 166
Trd, 000194.650, 178
Trd, 000195.983, 175
Trd, 000196.833, 172
Trd, 000197.150, 172
Trd, 000198.317, 171
Trd, 000198.750, 172
Trd, 000199.067, 174
Trd, 000200.517, 169
Trd, 000200.900, 170
Trd, 000201.100, 172
Trd, 000201.733, 164
Trd, 000202.550, 173
Trd, 000204.050, 164
Trd, 000204.383, 168
Trd, 000205.650, 168
Trd, 000205.700, 166
Trd, 000205.917, 165
Trd, 000206.583, 167
Trd, 000206.633, 165
Trd, 000206.650, 168
Trd, 000207.950, 165
Trd, 000208.567, 166
Trd, 000209.317, 167
Trd, 000209.817, 167
Trd, 000210.217, 165
Trd, 000210.367, 169
Trd, 000210.783, 183
Trd, 000210.800, 180
Trd, 000211.267, 188
Trd, 000212.317, 177
Trd, 000212.333, 175
Trd, 000213.617, 173
Trd, 000214.200, 171
Trd, 000214.883, 174
Trd, 000215.483, 175
Trd, 000216.000, 173
Trd, 000216.617, 172
Trd, 000216.767, 171
Trd, 000217.233, 174
Trd, 000217.567, 176
Trd, 000218.400, 171
Trd, 000220.300, 175
Trd, 000220.583, 175
Trd, 000221.200, 175
Trd, 000221.950, 174
Trd, 000222.183, 172
Trd, 000222.283, 170
Trd, 000222.367, 175
Trd, 000224.350, 170
Trd, 000224.833, 168
Trd, 000225.350, 166
Trd, 000227.467, 169
Trd, 000227.800, 168
Trd, 000228.017, 168
Trd, 000228.133, 168
Trd, 000228.600, 169
Trd, 000229.317, 169
Trd, 000230.433, 171
Trd, 000230.567, 168
Trd, 000230.950, 166
Trd, 000231.000, 165
Trd, 000232.567, 169
Trd, 000232.633, 166
Trd, 000233.017, 166
Trd, 000233.433, 167
Trd, 000234.350, 169
Trd, 000235.467, 168
Trd, 000235.483, 169
Trd, 000235.917, 167
Trd, 000236.117, 170
Trd, 000236.967, 168
Trd, 000237.567, 170
Trd, 000238.300, 171
Trd, 000238.433, 170
Trd, 000238.600, 172
Trd, 000238.783, 170
Trd, 000239.317, 170
Trd, 000239.817, 171
Trd, 000240.250, 186
Trd, 000241.533, 177
Trd, 000242.167, 179
Trd, 000242.217, 177
Trd, 000242.333, 176
Trd, 000242.383, 180
Trd, 000242.833, 182
Trd, 000243.917, 176
Trd, 000244.033, 175
Trd, 000244.267, 175
Trd, 000245.017, 177
Trd, 000245.083, 174
Trd, 000245.133, 174
Trd, 000246.083, 170
Trd, 000246.183, 171
Trd, 000246.250, 168
Trd, 000246.533, 173
Trd, 000246.933, 166
Trd, 000247.533, 169
Trd, 000247.867, 173
Trd, 000248.167, 191
Trd, 000248.517, 165
Trd, 000248.750, 163
Trd, 000249.117, 191
Trd, 000250.317, 183
Trd, 000250.383, 180
Trd, 000251.517, 179
Trd, 000251.617, 175
Trd, 000251.700, 180
Trd, 000252.217, 179
Trd, 000252.400, 179
Trd, 000252.467, 176
Trd, 000253.583, 178
Trd, 000253.767, 177
Trd, 000254.450, 175
Trd, 000254.750, 179
Trd, 000255.700, 176
Trd, 000255.800, 177
Trd, 000256.083, 174
Trd, 000256.233, 169
Trd, 000256.567, 166
Trd, 000256.650, 175
Trd, 000256.967, 180
Trd, 000258.767, 165
Trd, 000258.833, 165
Trd, 000258.883, 167
Trd, 000259.317, 168
Trd, 000259.850, 167
Trd, 000260.200, 168
Trd, 000260.717, 167
Trd, 000260.833, 169
Trd, 000260.867, 167
Trd, 000261.083, 172
Trd, 000261.283, 171
Trd, 000261.767, 172
Trd, 000261.950, 171
Trd, 000263.017, 174
Trd, 000263.417, 171
Trd, 000263.517, 174
Trd, 000263.767, 172
Trd, 000263.933, 176
Trd, 000264.783, 174
Trd, 000266.417, 172
Trd, 000266.600, 174
Trd, 000267.017, 171
Trd, 000267.450, 172
Trd, 000267.850, 173
Trd, 000267.867, 171
Trd, 000268.083, 175
Trd, 000268.650, 171
Trd, 000268.750, 176
Trd, 000269.133, 170
Trd, 000269.183, 178
Trd, 000269.933, 177
Trd, 000270.600, 176
Trd, 000270.967, 174
Trd, 000271.250, 175
Trd, 000271.450, 173
Trd, 000272.767, 186
Trd, 000273.383, 182
Trd, 000273.633, 179
Trd, 000273.700, 177
Trd, 000274.517, 181
Trd, 000275.000, 180
Trd, 000275.300, 183
Trd, 000275.583, 178
Trd, 000275.767, 177
Trd, 000276.200, 174
Trd, 000276.617, 173
Trd, 000276.867, 175
Trd, 000276.883, 176
Trd, 000277.000, 178
Trd, 000277.617, 177
Trd, 000278.167, 179
Trd, 000278.483, 173
Trd, 000279.000, 171
Trd, 000279.817, 176
Trd, 000279.967, 174
Trd, 000280.233, 174
Trd, 000280.800, 175
Trd, 000281.033, 173
Trd, 000282.083, 173
Trd, 000282.333, 172
Trd, 000282.633, 172
Trd, 000283.033, 174
Trd, 000283.617, 171
Trd, 000283.683, 171
Trd, 000283.717, 176
Trd, 000283.767, 169
Trd, 000284.567, 177
Trd, 000285.017, 174
Trd, 000285.200, 168
Trd, 000285.467, 177
Trd, 000286.250, 175
Trd, 000287.350, 176
Trd, 000287.433, 171
Trd, 000288.050, 177
Trd, 000288.767, 180
Trd, 000289.150, 173
Trd, 000289.217, 179
Trd, 000290.600, 175
Trd, 000290.733, 176
Trd, 000290.917, 176
Trd, 000291.033, 177
Trd, 000291.267, 180
Trd, 000291.467, 175
Trd, 000292.033, 173
Trd, 000292.400, 170
Trd, 000292.500, 181
Trd, 000293.100, 194
Trd, 000293.267, 176
Trd, 000293.333, 180
Trd, 000293.750, 166
Trd, 000293.767, 196
Trd, 000293.933, 163
Trd, 000294.367, 184
Trd, 000294.567, 177
Trd, 000294.817, 184
Trd, 000295.417, 182
Trd, 000295.650, 180
Trd, 000296.817, 173
Trd, 000297.500, 175
Trd, 000298.183, 174
Trd, 000298.233, 176
Trd, 000299.233, 173
Trd, 000299.250, 164
Trd, 000299.550, 171
Trd, 000299.833, 176
