Trd, 000002.750, 120
Trd, 000002.867, 124
Trd, 000002.933, 158
Trd, 000003.050, 158
Trd, 000003.550, 139
Trd, 000004.083, 177
Trd, 000004.950, 154
Trd, 000005.233, 156
Trd, 000005.667, 155
Trd, 000007.000, 145
Trd, 000008.433, 150
Trd, 000008.833, 139
Trd, 000009.167, 152
Trd, 000009.183, 138
Trd, 000009.583, 150
Trd, 000010.067, 153
Trd, 000010.667, 145
Trd, 000010.867, 152
Trd, 000011.700, 156
Trd, 000011.883, 159
Trd, 000013.117, 169
Trd, 000013.367, 145
Trd, 000013.633, 144
Trd, 000014.000, 175
Trd, 000014.533, 173
Trd, 000015.233, 173
Trd, 000015.400, 159
Trd, 000015.433, 154
Trd, 000016.083, 160
Trd, 000016.417, 146
Trd, 000016.583, 160
Trd, 000017.417, 160
Trd, 000019.417, 153
Trd, 000019.717, 158
Trd, 000020.067, 158
Trd, 000020.400, 144
Trd, 000021.217, 143
Trd, 000021.633, 155
Trd, 000021.767, 158
Trd, 000022.683, 155
Trd, 000023.183, 155
Trd, 000023.883, 152
Trd, 000024.033, 153
Trd, 000024.167, 155
Trd, 000025.517, 152
Trd, 000025.900, 150
Trd, 000026.483, 153
Trd, 000026.833, 154
Trd, 000027.783, 152
Trd, 000027.850, 154
Trd, 000029.117, 150
Trd, 000029.250, 148
Trd, 000029.267, 156
Trd, 000029.333, 157
Trd, 000031.000, 161
Trd, 000031.350, 149
Trd, 000031.633, 157
Trd, 000032.167, 157
Trd, 000032.183, 152
Trd, 000033.550, 153
Trd, 000033.983, 154
Trd, 000034.050, 152
Trd, 000035.333, 152
Trd, 000035.517, 157
Trd, 000035.917, 157
Trd, 000036.533, 154
Trd, 000037.433, 159
Trd, 000038.217, 152
Trd, 000038.750, 156
Trd, 000038.850, 153
Trd, 000038.900, 157
Trd, 000039.867, 154
Trd, 000040.417, 152
Trd, 000040.700, 155
Trd, 000041.867, 155
Trd, 000042.083, 152
Trd, 000042.150, 156
Trd, 000042.767, 140
Trd, 000043.917, 153
Trd, 000044.067, 147
Trd, 000044.617, 159
Trd, 000044.967, 146
Trd, 000045.033, 142
Trd, 000045.833, 158
Trd, 000047.267, 159
Trd, 000047.283, 163
Trd, 000048.067, 144
Trd, 000048.183, 179
Trd, 000048.617, 142
Trd, 000049.000, 130
Trd, 000049.883, 133
Trd, 000050.883, 133
Trd, 000051.217, 146
Trd, 000052.350, 145
Trd, 000053.100, 142
Trd, 000053.267, 140
Trd, 000053.400, 143
Trd, 000053.633, 146
Trd, 000053.950, 141
Trd, 000054.700, 162
Trd, 000056.050, 146
Trd, 000057.200, 152
Trd, 000058.183, 150
Trd, 000059.033, 152
Trd, 000059.367, 153
Trd, 000060.133, 161
Trd, 000060.150, 153
Trd, 000060.233, 147
Trd, 000060.850, 164
Trd, 000061.283, 181
Trd, 000061.833, 188
Trd, 000063.200, 147
Trd, 000063.350, 145
Trd, 000063.600, 143
Trd, 000063.683, 143
Trd, 000064.250, 138
Trd, 000064.917, 143
Trd, 000065.200, 142
Trd, 000065.283, 143
Trd, 000065.683, 134
Trd, 000066.183, 131
Trd, 000067.667, 136
Trd, 000067.767, 139
Trd, 000068.833, 144
Trd, 000069.000, 148
Trd, 000069.417, 141
Trd, 000069.483, 162
Trd, 000071.000, 163
Trd, 000071.017, 148
Trd, 000071.100, 146
Trd, 000071.883, 148
Trd, 000072.733, 149
Trd, 000072.933, 150
Trd, 000074.283, 149
Trd, 000074.617, 149
Trd, 000075.067, 158
Trd, 000075.167, 164
Trd, 000075.300, 165
Trd, 000075.967, 151
Trd, 000076.067, 148
Trd, 000076.100, 175
Trd, 000077.300, 132
Trd, 000077.400, 157
Trd, 000079.467, 161
Trd, 000080.067, 167
Trd, 000080.617, 168
Trd, 000080.733, 162
Trd, 000081.217, 169
Trd, 000081.850, 162
Trd, 000081.867, 161
Trd, 000083.667, 165
Trd, 000084.917, 160
Trd, 000085.417, 163
Trd, 000085.450, 164
Trd, 000085.800, 158
Trd, 000085.917, 163
Trd, 000086.150, 164
Trd, 000086.383, 165
Trd, 000086.450, 166
Trd, 000088.833, 155
Trd, 000089.217, 163
Trd, 000089.700, 162
Trd, 000090.083, 161
Trd, 000090.200, 164
Trd, 000090.233, 160
Trd, 000090.400, 159
Trd, 000090.933, 162
Trd, 000092.317, 162
Trd, 000092.367, 153
Trd, 000093.267, 153
Trd, 000093.917, 160
Trd, 000094.300, 160
Trd, 000094.517, 152
Trd, 000095.483, 160
Trd, 000095.733, 167
Trd, 000095.867, 178
Trd, 000096.133, 179
Trd, 000096.450, 154
Trd, 000097.533, 160
Trd, 000098.350, 169
Trd, 000098.500, 167
Trd, 000099.483, 166
Trd, 000099.583, 164
Trd, 000099.967, 167
Trd, 000100.000, 167
Trd, 000101.250, 163
Trd, 000101.500, 152
Trd, 000101.767, 165
Trd, 000101.950, 137
Trd, 000102.067, 168
Trd, 000102.267, 136
Trd, 000103.033, 155
Trd, 000103.950, 163
Trd, 000104.417, 168
Trd, 000105.733, 166
Trd, 000106.850, 165
Trd, 000106.967, 163
Trd, 000107.583, 163
Trd, 000107.833, 163
Trd, 000108.133, 162
Trd, 000108.167, 163
Trd, 000108.583, 150
Trd, 000109.200, 160
Trd, 000109.500, 159
Trd, 000111.133, 162
Trd, 000111.233, 156
Trd, 000112.200, 162
Trd, 000112.250, 163
Trd, 000112.667, 148
Trd, 000112.900, 167
Trd, 000115.600, 155
Trd, 000115.800, 151
Trd, 000116.150, 152
Trd, 000116.233, 151
Trd, 000116.983, 152
Trd, 000117.017, 149
Trd, 000117.150, 166
Trd, 000117.283, 148
Trd, 000118.183, 166
Trd, 000118.400, 136
Trd, 000119.300, 146
Trd, 000119.750, 161
Trd, 000120.050, 161
Trd, 000121.683, 157
Trd, 000122.833, 150
Trd, 000122.850, 151
Trd, 000122.950, 187
Trd, 000123.333, 194
Trd, 000123.383, 208
Trd, 000124.183, 212
Trd, 000124.500, 239
Trd, 000125.067, 316.0
Trd, 000125.467, 317.0
Trd, 000125.633, 317.0
Trd, 000125.783, 324.0
Trd, 000126.017, 339
Trd, 000126.517, 327
Trd, 000126.850, 327
Trd, 000127.667, 331.0
Trd, 000127.800, 341.0
Trd, 000128.333, 325
Trd, 000128.783, 329
Trd, 000128.900, 328
Trd, 000129.200, 356
Trd, 000129.983, 327
Trd, 000131.450, 330.0
Trd, 000132.117, 331.0
Trd, 000132.433, 329
Trd, 000132.917, 334
Trd, 000134.683, 341
Trd, 000135.217, 341
Trd, 000135.267, 344
Trd, 000135.700, 340
Trd, 000135.733, 344
Trd, 000135.983, 355
Trd, 000136.167, 336
Trd, 000136.283, 346
Trd, 000136.717, 330
Trd, 000137.700, 330
Trd, 000138.100, 349
Trd, 000139.017, 344
Trd, 000139.217, 347
Trd, 000140.367, 349
Trd, 000140.383, 341
Trd, 000140.633, 339.0
Trd, 000142.083, 345
Trd, 000142.217, 349
Trd, 000142.483, 343
Trd, 000143.100, 339
Trd, 000143.667, 349
Trd, 000144.267, 337.0
Trd, 000144.883, 351
Trd, 000145.533, 353
Trd, 000145.717, 354
Trd, 000146.217, 341
Trd, 000146.300, 339
Trd, 000146.900, 355
Trd, 000147.483, 351
Trd, 000148.300, 356
Trd, 000148.450, 347
Trd, 000148.967, 352
Trd, 000149.367, 352
Trd, 000149.450, 342
Trd, 000151.783, 351
Trd, 000152.017, 339
Trd, 000152.200, 338
Trd, 000152.267, 337.0
Trd, 000153.000, 345
Trd, 000153.550, 350
Trd, 000154.117, 335
Trd, 000154.967, 346
Trd, 000156.117, 346
Trd, 000156.200, 337
Trd, 000156.667, 345
Trd, 000158.050, 357
Trd, 000158.083, 372
Trd, 000158.217, 338
Trd, 000158.617, 337
Trd, 000159.000, 347
Trd, 000159.617, 355
Trd, 000162.050, 353.0
Trd, 000162.183, 342
Trd, 000163.083, 347
Trd, 000163.350, 339.0
Trd, 000164.550, 343
Trd, 000164.767, 350
Trd, 000165.817, 338.0
Trd, 000166.133, 350
Trd, 000166.217, 338
Trd, 000166.950, 352
Trd, 000167.000, 355
Trd, 000168.317, 352.0
Trd, 000169.233, 337.0
Trd, 000170.483, 337
Trd, 000170.500, 336
Trd, 000170.817, 338
Trd, 000170.967, 335
Trd, 000171.217, 332
Trd, 000172.417, 339.0
Trd, 000173.233, 331
Trd, 000174.417, 338
Trd, 000174.567, 339
Trd, 000174.833, 340.0
Trd, 000175.017, 332
Trd, 000175.317, 332
Trd, 000175.350, 340
Trd, 000175.700, 341.0
Trd, 000177.100, 355
Trd, 000178.200, 358.0
Trd, 000178.400, 338
Trd, 000178.983, 363
Trd, 000179.717, 352
Trd, 000179.900, 354
Trd, 000180.183, 351
Trd, 000181.667, 347
Trd, 000181.683, 346
Trd, 000182.117, 326
Trd, 000182.217, 320.0
Trd, 000182.383, 312
Trd, 000182.633, 311
Trd, 000183.283, 310.0
Trd, 000183.567, 251
Trd, 000183.600, 252
Trd, 000184.300, 197
Trd, 000184.967, 191
Trd, 000185.833, 201
Trd, 000186.050, 190
Trd, 000186.533, 179
Trd, 000186.850, 193
Trd, 000187.483, 181
Trd, 000188.150, 185
Trd, 000188.233, 177
Trd, 000189.317, 174
Trd, 000189.383, 157
Trd, 000190.267, 174
Trd, 000190.850, 173
Trd, 000191.250, 157
Trd, 000191.517, 156
Trd, 000191.567, 173
Trd, 000191.633, 147
Trd, 000192.417, 173
Trd, 000192.683, 174
Trd, 000193.183, 167
Trd, 000193.483, 175
Trd, 000195.750, 157
Trd, 000196.050, 172
Trd, 000196.317, 174
Trd, 000196.700, 174
Trd, 000197.317, 176
Trd, 000198.283, 164
Trd, 000199.283, 161
Trd, 000199.883, 154
Trd, 000200.333, 164
Trd, 000201.150, 164
Trd, 000202.067, 163
Trd, 000202.083, 164
Trd, 000202.433, 177
Trd, 000202.717, 162
Trd, 000202.783, 179
Trd, 000203.883, 148
Trd, 000204.133, 161
Trd, 000204.300, 178
Trd, 000204.350, 146
Trd, 000205.183, 171
Trd, 000205.850, 161
Trd, 000207.933, 187
Trd, 000208.583, 176
Trd, 000208.883, 184
Trd, 000209.500, 187
Trd, 000209.650, 164
Trd, 000210.217, 172
Trd, 000210.333, 167
Trd, 000210.900, 179
Trd, 000211.083, 180
Trd, 000212.100, 189
Trd, 000212.833, 174
Trd, 000213.300, 170
Trd, 000213.900, 162
Trd, 000214.117, 184
Trd, 000214.483, 189
Trd, 000215.133, 176
Trd, 000216.850, 171
Trd, 000218.150, 164
Trd, 000218.533, 166
Trd, 000219.083, 165
Trd, 000219.683, 164
Trd, 000220.233, 165
Trd, 000220.333, 158
Trd, 000221.033, 164
Trd, 000221.133, 177
Trd, 000221.983, 192
Trd, 000222.367, 174
Trd, 000222.700, 180
Trd, 000222.800, 181
Trd, 000224.783, 160
Trd, 000224.817, 159
Trd, 000225.000, 152
Trd, 000225.350, 163
Trd, 000225.367, 167
Trd, 000226.583, 167
Trd, 000226.700, 180
Trd, 000227.283, 149
Trd, 000227.600, 148
Trd, 000228.583, 181
Trd, 000228.700, 194
Trd, 000228.917, 197
Trd, 000229.033, 180
Trd, 000229.333, 177
Trd, 000229.367, 181
Trd, 000230.467, 181
Trd, 000230.600, 183
Trd, 000231.217, 172
Trd, 000233.083, 179
Trd, 000233.717, 180
Trd, 000234.650, 178
Trd, 000235.450, 176
Trd, 000235.550, 165
Trd, 000235.567, 179
Trd, 000235.800, 160
Trd, 000236.267, 180
Trd, 000236.300, 181
Trd, 000236.683, 160
Trd, 000236.817, 146
Trd, 000237.083, 178
Trd, 000237.767, 155
Trd, 000238.283, 179
Trd, 000239.567, 178
Trd, 000239.583, 176
Trd, 000239.667, 180
Trd, 000240.967, 170
Trd, 000241.283, 169
Trd, 000241.433, 169
Trd, 000241.467, 170
Trd, 000242.283, 172
Trd, 000242.317, 173
Trd, 000242.567, 167
Trd, 000242.650, 161
Trd, 000243.483, 172
Trd, 000243.967, 172
Trd, 000244.067, 161
Trd, 000244.267, 166
Trd, 000245.300, 165
Trd, 000245.317, 167
Trd, 000245.633, 165
Trd, 000245.833, 168
Trd, 000245.950, 167
Trd, 000246.700, 166
Trd, 000247.100, 173
Trd, 000247.383, 173
Trd, 000247.483, 169
Trd, 000247.850, 172
Trd, 000248.300, 173
Trd, 000248.500, 167
Trd, 000249.050, 169
Trd, 000249.367, 162
Trd, 000250.117, 159
Trd, 000251.150, 162
Trd, 000251.750, 168
Trd, 000251.983, 168
Trd, 000252.200, 170
Trd, 000252.667, 171
Trd, 000252.933, 172
Trd, 000253.117, 167
Trd, 000253.783, 167
Trd, 000254.117, 165
Trd, 000254.317, 165
Trd, 000254.933, 162
Trd, 000255.117, 171
Trd, 000255.467, 154
Trd, 000255.533, 170
Trd, 000255.633, 173
Trd, 000255.683, 177
Trd, 000256.017, 176
Trd, 000256.600, 151
Trd, 000256.617, 168
Trd, 000257.917, 178
Trd, 000258.133, 184
Trd, 000258.250, 195
Trd, 000258.333, 196
Trd, 000259.333, 185
Trd, 000259.483, 183
Trd, 000259.717, 181
Trd, 000259.933, 180
Trd, 000260.067, 178
Trd, 000260.183, 177
Trd, 000260.733, 171
Trd, 000261.250, 169
Trd, 000262.267, 180
Trd, 000262.650, 174
Trd, 000262.883, 177
Trd, 000263.317, 168
Trd, 000264.183, 163
Trd, 000264.817, 168
Trd, 000265.150, 164
Trd, 000265.167, 162
Trd, 000265.200, 165
Trd, 000265.417, 166
Trd, 000265.483, 180
Trd, 000266.183, 160
Trd, 000266.617, 158
Trd, 000266.900, 160
Trd, 000267.400, 160
Trd, 000267.750, 161
Trd, 000267.850, 160
Trd, 000268.600, 164
Trd, 000268.617, 165
Trd, 000269.117, 167
Trd, 000269.683, 172
Trd, 000269.967, 167
Trd, 000270.033, 172
Trd, 000270.467, 161
Trd, 000270.867, 175
Trd, 000271.467, 164
Trd, 000271.567, 177
Trd, 000271.850, 176
Trd, 000271.950, 178
Trd, 000272.600, 173
Trd, 000273.033, 178
Trd, 000274.400, 179
Trd, 000274.633, 176
Trd, 000274.767, 171
Trd, 000274.950, 171
Trd, 000275.200, 182
Trd, 000275.683, 176
Trd, 000275.850, 176
Trd, 000276.400, 171
Trd, 000276.433, 170
Trd, 000277.000, 170
Trd, 000277.417, 166
Trd, 000277.467, 178
Trd, 000278.117, 172
Trd, 000278.283, 177
Trd, 000279.917, 174
Trd, 000280.117, 175
Trd, 000280.283, 169
Trd, 000280.383, 165
Trd, 000280.733, 169
Trd, 000280.800, 176
Trd, 000281.183, 179
Trd, 000281.867, 169
Trd, 000281.917, 168
Trd, 000282.217, 162
Trd, 000282.417, 162
Trd, 000282.983, 162
Trd, 000283.200, 165
Trd, 000283.800, 165
Trd, 000283.817, 167
Trd, 000284.550, 164
Trd, 000284.750, 169
Trd, 000285.100, 176
Trd, 000286.050, 171
Trd, 000286.367, 179
Trd, 000286.867, 181
Trd, 000287.350, 170
Trd, 000287.650, 169
Trd, 000287.750, 171
Trd, 000287.833, 163
Trd, 000288.183, 167
Trd, 000288.417, 176
Trd, 000289.200, 180
Trd, 000289.533, 187
Trd, 000289.850, 199
Trd, 000290.017, 194
Trd, 000290.233, 180
Trd, 000290.317, 193
Trd, 000290.783, 179
Trd, 000290.917, 172
Trd, 000290.933, 171
Trd, 000291.800, 183
Trd, 000292.083, 166
Trd, 000293.400, 166
Trd, 000293.450, 175
Trd, 000293.767, 181
Trd, 000294.267, 177
Trd, 000294.567, 168
Trd, 000294.617, 175
Trd, 000295.300, 166
Trd, 000295.367, 182
Trd, 000295.533, 163
Trd, 000295.883, 182
Trd, 000296.333, 185
Trd, 000297.300, 169
Trd, 000297.333, 168
Trd, 000297.533, 168
Trd, 000298.267, 181
Trd, 000299.267, 186
Trd, 000299.633, 185
Trd, 000299.667, 171
Trd, 000299.883, 187
Trd, 000299.983, 188
