Trd, 000001.417, 181
Trd, 000001.600, 158
Trd, 000002.633, 184
Trd, 000003.850, 182
Trd, 000004.383, 172
Trd, 000004.567, 168
Trd, 000004.733, 157
Trd, 000005.033, 153
Trd, 000005.067, 148
Trd, 000005.817, 141
Trd, 000006.400, 165
Trd, 000007.600, 137
Trd, 000008.117, 142
Trd, 000008.567, 142
Trd, 000008.767, 141
Trd, 000008.783, 138
Trd, 000008.817, 142
Trd, 000009.317, 146
Trd, 000010.067, 166
Trd, 000010.867, 151
Trd, 000012.483, 147
Trd, 000012.950, 149
Trd, 000013.033, 147
Trd, 000013.417, 148
Trd, 000013.567, 146
Trd, 000013.750, 146
Trd, 000013.817, 149
Trd, 000014.033, 160
Trd, 000014.083, 163
Trd, 000015.183, 153
Trd, 000015.550, 152
Trd, 000016.033, 153
Trd, 000016.533, 150
Trd, 000017.200, 154
Trd, 000017.500, 159
Trd, 000019.467, 159
Trd, 000020.967, 155
Trd, 000021.183, 159
Trd, 000022.100, 155
Trd, 000022.950, 157
Trd, 000022.983, 155
Trd, 000023.600, 164
Trd, 000024.050, 156
Trd, 000025.317, 155
Trd, 000025.467, 156
Trd, 000026.000, 157
Trd, 000026.633, 158
Trd, 000027.817, 159
Trd, 000029.867, 158
Trd, 000030.017, 158
Trd, 000030.250, 159
Trd, 000031.117, 155
Trd, 000032.750, 154
Trd, 000032.867, 156
Trd, 000033.667, 157
Trd, 000034.067, 161
Trd, 000034.200, 155
Trd, 000035.083, 156
Trd, 000037.683, 157
Trd, 000037.717, 156
Trd, 000037.833, 155
Trd, 000037.917, 154
Trd, 000037.983, 156
Trd, 000040.483, 152
Trd, 000041.083, 156
Trd, 000041.317, 156
Trd, 000041.450, 157
Trd, 000042.467, 157
Trd, 000042.917, 154
Trd, 000043.150, 153
Trd, 000045.150, 154
Trd, 000045.750, 155
Trd, 000046.783, 154
Trd, 000047.300, 155
Trd, 000047.950, 155
Trd, 000048.083, 155
Trd, 000048.667, 155
Trd, 000049.167, 154
Trd, 000049.550, 155
Trd, 000049.767, 163
Trd, 000050.100, 149
Trd, 000050.217, 143
Trd, 000051.083, 166
Trd, 000051.333, 156
Trd, 000052.283, 157
Trd, 000052.667, 158
Trd, 000053.533, 157
Trd, 000053.750, 158
Trd, 000054.300, 156
Trd, 000054.700, 155
Trd, 000055.900, 154
Trd, 000056.650, 154
Trd, 000056.683, 153
Trd, 000057.850, 144
Trd, 000058.217, 146
Trd, 000058.400, 147
Trd, 000059.917, 147
Trd, 000059.983, 155
Trd, 000060.233, 150
Trd, 000062.600, 155
Trd, 000062.617, 154
Trd, 000062.667, 154
Trd, 000064.850, 154
Trd, 000065.300, 155
Trd, 000065.683, 156
Trd, 000066.083, 155
Trd, 000066.217, 156
Trd, 000067.317, 159
Trd, 000067.367, 164
Trd, 000067.983, 155
Trd, 000068.433, 159
Trd, 000069.017, 159
Trd, 000069.217, 157
Trd, 000069.900, 160
Trd, 000070.217, 168
Trd, 000070.817, 166
Trd, 000071.417, 156
Trd, 000072.217, 156
Trd, 000072.633, 162
Trd, 000074.450, 157
Trd, 000074.617, 155
Trd, 000075.667, 155
Trd, 000075.800, 156
Trd, 000076.617, 154
Trd, 000077.600, 155
Trd, 000078.067, 155
Trd, 000078.483, 155
Trd, 000078.783, 156
Trd, 000080.317, 166
Trd, 000080.367, 155
Trd, 000080.867, 158
Trd, 000082.950, 159
Trd, 000084.067, 159
Trd, 000084.700, 159
Trd, 000085.083, 159
Trd, 000087.217, 158
Trd, 000087.617, 157
Trd, 000087.633, 158
Trd, 000087.833, 164
Trd, 000087.883, 163
Trd, 000088.567, 157
Trd, 000090.117, 161
Trd, 000090.367, 162
Trd, 000090.517, 163
Trd, 000090.917, 161
Trd, 000092.883, 160
Trd, 000092.933, 162
Trd, 000093.000, 159
Trd, 000093.200, 159
Trd, 000093.767, 167
Trd, 000094.000, 159
Trd, 000095.500, 157
Trd, 000095.867, 162
Trd, 000098.000, 160
Trd, 000098.650, 161
Trd, 000099.300, 162
Trd, 000099.367, 161
Trd, 000100.100, 161
Trd, 000101.083, 161
Trd, 000101.567, 160
Trd, 000103.133, 159
Trd, 000103.750, 159
Trd, 000105.450, 159
Trd, 000105.783, 159
Trd, 000106.350, 160
Trd, 000106.983, 159
Trd, 000107.083, 160
Trd, 000107.133, 158
Trd, 000107.400, 157
Trd, 000107.683, 159
Trd, 000107.900, 160
Trd, 000109.267, 168
Trd, 000110.000, 170
Trd, 000110.200, 170
Trd, 000110.700, 163
Trd, 000111.467, 162
Trd, 000111.633, 172
Trd, 000112.100, 173
Trd, 000112.583, 147
Trd, 000113.650, 157
Trd, 000115.200, 158
Trd, 000115.400, 159
Trd, 000115.800, 158
Trd, 000116.383, 159
Trd, 000116.533, 159
Trd, 000116.983, 162
Trd, 000118.200, 168
Trd, 000118.367, 160
Trd, 000119.300, 163
Trd, 000119.517, 161
Trd, 000120.283, 163
Trd, 000120.367, 159
Trd, 000121.150, 164
Trd, 000121.517, 164
Trd, 000121.817, 165
Trd, 000121.867, 166
Trd, 000122.833, 170
Trd, 000123.150, 174
Trd, 000123.183, 177
Trd, 000123.567, 198
Trd, 000123.633, 201
Trd, 000123.700, 241
Trd, 000124.017, 305
Trd, 000124.567, 327.0
Trd, 000124.633, 334.0
Trd, 000125.667, 336.0
Trd, 000126.100, 337.0
Trd, 000127.983, 332
Trd, 000128.650, 331
Trd, 000128.733, 334.0
Trd, 000129.383, 348
Trd, 000130.167, 332
Trd, 000130.950, 346
Trd, 000131.150, 348
Trd, 000131.983, 348
Trd, 000132.867, 337
Trd, 000132.900, 348
Trd, 000135.100, 339
Trd, 000135.817, 343
Trd, 000135.883, 341
Trd, 000137.667, 344
Trd, 000138.083, 346
Trd, 000138.400, 347
Trd, 000138.450, 344
Trd, 000138.583, 348
Trd, 000138.767, 344
Trd, 000139.133, 350
Trd, 000139.500, 362.0
Trd, 000140.783, 343
Trd, 000140.817, 336
Trd, 000142.367, 343
Trd, 000143.500, 343
Trd, 000144.083, 342
Trd, 000144.133, 337
Trd, 000144.217, 336
Trd, 000145.800, 342
Trd, 000145.883, 344
Trd, 000147.733, 340
Trd, 000147.883, 336
Trd, 000148.017, 335
Trd, 000148.700, 342
Trd, 000149.367, 342
Trd, 000150.717, 339
Trd, 000151.050, 341
Trd, 000151.517, 343
Trd, 000151.583, 336
Trd, 000152.333, 348.0
Trd, 000153.983, 342
Trd, 000154.933, 340
Trd, 000155.150, 343
Trd, 000155.300, 340
Trd, 000156.900, 340
Trd, 000156.917, 345
Trd, 000157.683, 338
Trd, 000157.767, 343
Trd, 000158.617, 336
Trd, 000160.067, 331.0
Trd, 000160.133, 326.0
Trd, 000160.450, 334.0
Trd, 000160.833, 334
Trd, 000161.133, 336
Trd, 000161.283, 338
Trd, 000161.917, 337
Trd, 000162.533, 349
Trd, 000163.000, 347
Trd, 000164.467, 348
Trd, 000164.650, 340
Trd, 000164.733, 358
Trd, 000164.967, 338
Trd, 000166.567, 362.0
Trd, 000166.583, 339
Trd, 000167.617, 355
Trd, 000169.867, 348.0
Trd, 000170.783, 349
Trd, 000171.267, 349
Trd, 000172.117, 350
Trd, 000172.283, 351
Trd, 000172.550, 349
Trd, 000172.950, 351
Trd, 000174.033, 349
Trd, 000175.067, 349
Trd, 000175.233, 348.0
Trd, 000175.900, 351
Trd, 000177.450, 346
Trd, 000177.883, 345
Trd, 000178.117, 342
Trd, 000178.483, 340
Trd, 000178.883, 348
Trd, 000180.467, 351
Trd, 000180.933, 341
Trd, 000182.133, 336
Trd, 000182.400, 336
Trd, 000182.533, 335
Trd, 000182.733, 316
Trd, 000183.400, 320.0
Trd, 000183.867, 343
Trd, 000184.483, 303.0
Trd, 000184.767, 335
Trd, 000184.800, 211
Trd, 000185.500, 192
Trd, 000185.850, 191
Trd, 000186.583, 188
Trd, 000186.883, 186
Trd, 000187.183, 185
Trd, 000187.283, 177
Trd, 000187.417, 188
Trd, 000188.550, 168
Trd, 000188.817, 190
Trd, 000189.517, 176
Trd, 000190.817, 179
Trd, 000191.350, 178
Trd, 000191.933, 177
Trd, 000192.400, 174
Trd, 000192.550, 175
Trd, 000193.217, 175
Trd, 000193.283, 177
Trd, 000193.800, 167
Trd, 000196.150, 175
Trd, 000196.300, 174
Trd, 000197.383, 174
Trd, 000197.533, 175
Trd, 000198.350, 173
Trd, 000199.050, 173
Trd, 000199.283, 172
Trd, 000199.733, 173
Trd, 000200.683, 170
Trd, 000201.050, 168
Trd, 000201.400, 166
Trd, 000202.450, 166
Trd, 000202.783, 154
Trd, 000202.917, 168
Trd, 000202.967, 152
Trd, 000203.683, 164
Trd, 000203.850, 169
Trd, 000204.450, 166
Trd, 000207.533, 162
Trd, 000207.633, 163
Trd, 000208.783, 164
Trd, 000209.017, 164
Trd, 000209.533, 164
Trd, 000209.917, 164
Trd, 000210.350, 165
Trd, 000210.517, 162
Trd, 000210.917, 166
Trd, 000210.950, 179
Trd, 000212.117, 172
Trd, 000212.133, 168
Trd, 000212.617, 169
Trd, 000213.017, 157
Trd, 000214.567, 169
Trd, 000214.783, 173
Trd, 000214.983, 175
Trd, 000215.067, 166
Trd, 000215.600, 165
Trd, 000217.950, 169
Trd, 000218.050, 169
Trd, 000218.767, 170
Trd, 000220.217, 161
Trd, 000220.350, 170
Trd, 000221.317, 166
Trd, 000221.583, 165
Trd, 000221.750, 170
Trd, 000221.867, 164
Trd, 000222.583, 170
Trd, 000225.567, 174
Trd, 000226.400, 173
Trd, 000226.767, 172
Trd, 000226.783, 173
Trd, 000227.133, 172
Trd, 000227.317, 173
Trd, 000227.600, 172
Trd, 000228.317, 173
Trd, 000229.717, 173
Trd, 000229.950, 171
Trd, 000231.183, 172
Trd, 000231.533, 172
Trd, 000231.583, 174
Trd, 000232.567, 172
Trd, 000232.750, 179
Trd, 000233.433, 171
Trd, 000234.167, 174
Trd, 000234.767, 173
Trd, 000235.450, 171
Trd, 000236.467, 172
Trd, 000236.667, 171
Trd, 000237.150, 172
Trd, 000237.367, 172
Trd, 000238.233, 172
Trd, 000239.500, 177
Trd, 000239.700, 175
Trd, 000240.450, 177
Trd, 000240.950, 175
Trd, 000241.217, 177
Trd, 000241.433, 173
Trd, 000241.550, 172
Trd, 000241.967, 170
Trd, 000242.250, 169
Trd, 000242.800, 172
Trd, 000244.017, 172
Trd, 000244.067, 172
Trd, 000244.517, 173
Trd, 000245.050, 180
Trd, 000245.433, 177
Trd, 000246.150, 178
Trd, 000246.417, 177
Trd, 000247.083, 176
Trd, 000247.117, 177
Trd, 000247.733, 179
Trd, 000248.067, 174
Trd, 000248.100, 174
Trd, 000249.250, 174
Trd, 000249.683, 173
Trd, 000249.900, 175
Trd, 000250.583, 176
Trd, 000250.883, 176
Trd, 000250.983, 175
Trd, 000251.067, 176
Trd, 000252.267, 175
Trd, 000252.283, 174
Trd, 000252.333, 176
Trd, 000252.550, 171
Trd, 000253.983, 173
Trd, 000254.700, 173
Trd, 000254.717, 172
Trd, 000254.733, 174
Trd, 000255.300, 175
Trd, 000255.350, 173
Trd, 000256.250, 176
Trd, 000256.667, 180
Trd, 000258.650, 174
Trd, 000258.750, 174
Trd, 000259.817, 178
Trd, 000259.867, 180
Trd, 000259.933, 184
Trd, 000260.417, 188
Trd, 000261.217, 182
Trd, 000261.350, 182
Trd, 000261.850, 180
Trd, 000262.083, 179
Trd, 000262.617, 180
Trd, 000263.267, 176
Trd, 000263.500, 177
Trd, 000263.700, 179
Trd, 000263.867, 175
Trd, 000264.100, 167
Trd, 000264.550, 162
Trd, 000265.350, 163
Trd, 000265.400, 166
Trd, 000265.867, 166
Trd, 000266.267, 166
Trd, 000266.700, 166
Trd, 000266.767, 167
Trd, 000266.950, 172
Trd, 000267.100, 165
Trd, 000267.633, 175
Trd, 000269.700, 174
Trd, 000269.867, 176
Trd, 000270.017, 175
Trd, 000270.383, 176
Trd, 000270.467, 172
Trd, 000270.667, 172
Trd, 000271.133, 171
Trd, 000271.767, 173
Trd, 000272.267, 174
Trd, 000272.700, 169
Trd, 000272.717, 175
Trd, 000272.883, 176
Trd, 000274.050, 182
Trd, 000274.133, 185
Trd, 000274.450, 189
Trd, 000274.950, 186
Trd, 000275.800, 185
Trd, 000275.867, 187
Trd, 000275.900, 190
Trd, 000276.717, 183
Trd, 000276.933, 177
Trd, 000277.033, 184
Trd, 000277.883, 176
Trd, 000279.650, 177
Trd, 000279.767, 176
Trd, 000279.783, 182
Trd, 000280.017, 185
Trd, 000280.483, 177
Trd, 000281.100, 178
Trd, 000281.200, 177
Trd, 000281.433, 176
Trd, 000282.450, 179
Trd, 000282.683, 180
Trd, 000283.850, 179
Trd, 000284.000, 176
Trd, 000284.083, 179
Trd, 000284.167, 175
Trd, 000284.233, 174
Trd, 000284.250, 169
Trd, 000284.750, 181
Trd, 000285.217, 176
Trd, 000285.267, 174
Trd, 000285.317, 175
Trd, 000286.550, 175
Trd, 000287.133, 169
Trd, 000287.417, 169
Trd, 000287.517, 170
Trd, 000288.717, 170
Trd, 000288.783, 175
Trd, 000289.117, 172
Trd, 000289.400, 176
Trd, 000289.983, 170
Trd, 000290.050, 167
Trd, 000290.917, 169
Trd, 000290.967, 174
Trd, 000291.067, 177
Trd, 000292.417, 167
Trd, 000292.533, 168
Trd, 000293.483, 170
Trd, 000293.567, 167
Trd, 000294.233, 169
Trd, 000294.783, 168
Trd, 000294.850, 170
Trd, 000295.117, 167
Trd, 000295.500, 168
Trd, 000296.450, 169
Trd, 000296.633, 167
Trd, 000296.933, 166
Trd, 000297.450, 169
Trd, 000297.733, 162
Trd, 000298.150, 175
Trd, 000298.450, 177
Trd, 000298.933, 173
Trd, 000299.183, 185
Trd, 000299.467, 192
