Trd, 000001.600, 113
Trd, 000002.200, 143
Trd, 000003.083, 144
Trd, 000003.800, 147
Trd, 000004.200, 148
Trd, 000004.467, 151
Trd, 000005.083, 148
Trd, 000005.150, 151
Trd, 000005.350, 147
Trd, 000005.950, 132
Trd, 000006.217, 131
Trd, 000006.867, 143
Trd, 000007.600, 143
Trd, 000007.817, 145
Trd, 000008.083, 143
Trd, 000008.333, 172
Trd, 000008.917, 148
Trd, 000009.533, 152
Trd, 000010.517, 142
Trd, 000010.783, 135
Trd, 000011.367, 138
Trd, 000011.800, 137
Trd, 000012.117, 145
Trd, 000013.900, 142
Trd, 000014.433, 143
Trd, 000014.683, 143
Trd, 000015.150, 138
Trd, 000016.383, 137
Trd, 000016.850, 145
Trd, 000016.983, 145
Trd, 000017.783, 172
Trd, 000017.883, 139
Trd, 000018.183, 170
Trd, 000018.633, 173
Trd, 000019.683, 146
Trd, 000020.300, 137
Trd, 000020.567, 149
Trd, 000020.883, 143
Trd, 000021.700, 148
Trd, 000021.800, 143
Trd, 000021.933, 159
Trd, 000023.317, 151
Trd, 000024.133, 152
Trd, 000024.733, 145
Trd, 000024.883, 153
Trd, 000025.017, 143
Trd, 000025.300, 154
Trd, 000025.633, 174
Trd, 000026.800, 159
Trd, 000027.017, 168
Trd, 000028.600, 160
Trd, 000030.133, 161
Trd, 000030.167, 153
Trd, 000030.250, 154
Trd, 000030.350, 143
Trd, 000030.800, 151
Trd, 000032.000, 148
Trd, 000032.667, 147
Trd, 000032.783, 143
Trd, 000033.383, 149
Trd, 000033.650, 154
Trd, 000033.667, 140
Trd, 000035.050, 142
Trd, 000035.167, 140
Trd, 000035.350, 175
Trd, 000036.383, 175
Trd, 000037.267, 168
Trd, 000037.567, 162
Trd, 000037.700, 162
Trd, 000038.300, 172
Trd, 000038.567, 171
Trd, 000039.383, 161
Trd, 000039.967, 138
Trd, 000040.600, 165
Trd, 000040.717, 159
Trd, 000040.850, 145
Trd, 000041.167, 163
Trd, 000042.167, 150
Trd, 000042.383, 156
Trd, 000042.467, 176
Trd, 000044.383, 151
Trd, 000044.450, 147
Trd, 000044.533, 144
Trd, 000044.933, 155
Trd, 000045.150, 149
Trd, 000046.183, 147
Trd, 000047.033, 135
Trd, 000047.767, 132
Trd, 000047.900, 147
Trd, 000049.100, 142
Trd, 000049.217, 144
Trd, 000049.717, 146
Trd, 000049.733, 147
Trd, 000049.967, 177
Trd, 000051.433, 139
Trd, 000051.583, 136
Trd, 000052.333, 154
Trd, 000052.733, 155
Trd, 000053.900, 152
Trd, 000054.550, 156
Trd, 000054.933, 151
Trd, 000055.300, 159
Trd, 000055.583, 175
Trd, 000055.800, 160
Trd, 000057.417, 166
Trd, 000058.117, 168
Trd, 000058.917, 174
Trd, 000058.933, 165
Trd, 000059.083, 174
Trd, 000059.517, 181
Trd, 000059.750, 175
Trd, 000059.817, 169
Trd, 000060.200, 146
Trd, 000061.867, 141
Trd, 000061.967, 140
Trd, 000062.583, 153
Trd, 000062.617, 154
Trd, 000062.983, 157
Trd, 000063.583, 137
Trd, 000064.100, 140
Trd, 000065.883, 143
Trd, 000066.483, 154
Trd, 000066.633, 149
Trd, 000067.067, 152
Trd, 000067.483, 166
Trd, 000067.650, 182
Trd, 000068.033, 151
Trd, 000068.933, 162
Trd, 000069.217, 175
Trd, 000069.883, 141
Trd, 000070.800, 153
Trd, 000071.000, 154
Trd, 000072.100, 158
Trd, 000072.683, 170
Trd, 000072.950, 175
Trd, 000073.283, 165
Trd, 000073.817, 162
Trd, 000074.617, 149
Trd, 000075.783, 152
Trd, 000076.383, 153
Trd, 000076.400, 161
Trd, 000077.550, 154
Trd, 000078.233, 152
Trd, 000080.967, 155
Trd, 000081.483, 156
Trd, 000081.550, 153
Trd, 000081.583, 156
Trd, 000082.217, 153
Trd, 000082.617, 158
Trd, 000082.783, 152
Trd, 000082.900, 156
Trd, 000084.000, 157
Trd, 000084.433, 158
Trd, 000084.950, 158
Trd, 000085.267, 159
Trd, 000085.950, 154
Trd, 000088.250, 159
Trd, 000088.267, 153
Trd, 000088.367, 159
Trd, 000089.333, 158
Trd, 000089.550, 151
Trd, 000089.617, 160
Trd, 000091.000, 170
Trd, 000091.750, 167
Trd, 000092.083, 167
Trd, 000092.717, 174
Trd, 000092.750, 164
Trd, 000093.367, 165
Trd, 000093.400, 149
Trd, 000093.583, 151
Trd, 000094.733, 167
Trd, 000095.217, 152
Trd, 000096.667, 169
Trd, 000098.117, 168
Trd, 000098.617, 168
Trd, 000099.317, 166
Trd, 000099.383, 167
Trd, 000099.550, 169
Trd, 000099.983, 189
Trd, 000100.217, 180
Trd, 000100.600, 166
Trd, 000101.183, 169
Trd, 000101.233, 150
Trd, 000101.900, 156
Trd, 000103.183, 161
Trd, 000103.967, 157
Trd, 000104.200, 165
Trd, 000104.750, 156
Trd, 000105.200, 155
Trd, 000105.650, 167
Trd, 000105.717, 170
Trd, 000106.150, 153
Trd, 000106.617, 150
Trd, 000107.200, 168
Trd, 000107.767, 165
Trd, 000108.050, 144
Trd, 000108.367, 168
Trd, 000108.533, 179
Trd, 000109.233, 162
Trd, 000109.550, 183
Trd, 000109.900, 173
Trd, 000110.383, 177
Trd, 000110.800, 179
Trd, 000110.900, 186
Trd, 000111.750, 203
Trd, 000113.233, 197
Trd, 000113.483, 185
Trd, 000113.567, 169
Trd, 000113.683, 142
Trd, 000113.750, 162
Trd, 000114.983, 179
Trd, 000116.267, 174
Trd, 000116.717, 174
Trd, 000116.783, 174
Trd, 000117.167, 176
Trd, 000117.450, 169
Trd, 000117.833, 169
Trd, 000118.000, 175
Trd, 000119.417, 145
Trd, 000119.683, 154
Trd, 000120.400, 155
Trd, 000120.917, 154
Trd, 000120.983, 164
Trd, 000121.567, 184
Trd, 000122.883, 174
Trd, 000122.917, 175
Trd, 000122.950, 187
Trd, 000123.200, 201
Trd, 000123.217, 208
Trd, 000123.383, 317.0
Trd, 000124.100, 324
Trd, 000124.450, 341
Trd, 000125.300, 313.0
Trd, 000125.383, 334.0
Trd, 000125.750, 314.0
Trd, 000128.317, 318
Trd, 000128.817, 345
Trd, 000128.967, 334.0
Trd, 000129.233, 345
Trd, 000129.633, 349
Trd, 000130.200, 351.0
Trd, 000130.300, 346
Trd, 000130.817, 372.0
Trd, 000131.350, 338
Trd, 000131.967, 350
Trd, 000133.133, 343
Trd, 000133.950, 347.0
Trd, 000134.133, 348.0
Trd, 000135.383, 349
Trd, 000135.683, 349
Trd, 000135.750, 341
Trd, 000136.967, 339
Trd, 000137.050, 339
Trd, 000137.100, 348
Trd, 000137.300, 348
Trd, 000137.700, 337
Trd, 000138.467, 342
Trd, 000139.233, 347
Trd, 000139.800, 343
Trd, 000140.117, 341
Trd, 000140.283, 346
Trd, 000142.200, 339
Trd, 000143.633, 336
Trd, 000144.083, 348
Trd, 000144.317, 348
Trd, 000144.683, 349
Trd, 000145.133, 337
Trd, 000145.333, 337
Trd, 000145.733, 348
Trd, 000145.933, 349
Trd, 000146.817, 351.0
Trd, 000148.433, 349
Trd, 000148.600, 350
Trd, 000149.367, 348
Trd, 000149.633, 350
Trd, 000150.017, 351.0
Trd, 000150.200, 343
Trd, 000150.617, 352
Trd, 000151.317, 367
Trd, 000153.300, 351
Trd, 000154.183, 356
Trd, 000154.400, 351
Trd, 000154.600, 357
Trd, 000154.650, 350
Trd, 000155.950, 350.0
Trd, 000155.967, 351.0
Trd, 000156.050, 357
Trd, 000156.667, 348
Trd, 000157.433, 354
Trd, 000158.567, 342
Trd, 000159.133, 347
Trd, 000159.433, 348
Trd, 000159.517, 351.0
Trd, 000160.517, 368.0
Trd, 000160.817, 340
Trd, 000163.367, 356
Trd, 000163.650, 357
Trd, 000163.883, 351
Trd, 000164.033, 359
Trd, 000164.833, 355
Trd, 000164.950, 354
Trd, 000165.183, 359
Trd, 000165.317, 339
Trd, 000166.950, 350.0
Trd, 000168.600, 346
Trd, 000168.667, 346
Trd, 000169.417, 350
Trd, 000171.100, 349
Trd, 000171.750, 344
Trd, 000171.767, 344
Trd, 000172.100, 346
Trd, 000172.467, 348
Trd, 000173.950, 347
Trd, 000173.983, 349
Trd, 000175.317, 344
Trd, 000175.733, 345
Trd, 000175.900, 346.0
Trd, 000175.917, 342
Trd, 000175.950, 347.0
Trd, 000176.100, 351.0
Trd, 000176.367, 350
Trd, 000179.517, 346
Trd, 000179.717, 347
Trd, 000179.900, 340
Trd, 000180.383, 339
Trd, 000181.017, 345
Trd, 000181.333, 334
Trd, 000182.200, 334.0
Trd, 000182.583, 331.0
Trd, 000182.600, 341
Trd, 000182.900, 331
Trd, 000182.967, 313.0
Trd, 000183.267, 309
Trd, 000183.317, 306.0
Trd, 000183.383, 300.0
Trd, 000184.483, 325
Trd, 000184.683, 282
Trd, 000184.733, 279
Trd, 000185.617, 204
Trd, 000185.767, 186
Trd, 000187.283, 183
Trd, 000188.167, 182
Trd, 000189.300, 187
Trd, 000189.567, 186
Trd, 000190.067, 182
Trd, 000190.133, 186
Trd, 000190.450, 182
Trd, 000191.200, 177
Trd, 000192.617, 170
Trd, 000193.033, 171
Trd, 000193.350, 157
Trd, 000193.683, 172
Trd, 000194.767, 166
Trd, 000194.867, 163
Trd, 000194.933, 170
Trd, 000195.817, 162
Trd, 000197.100, 163
Trd, 000199.933, 166
Trd, 000200.117, 162
Trd, 000200.150, 165
Trd, 000200.383, 165
Trd, 000201.433, 163
Trd, 000201.800, 163
Trd, 000201.867, 154
Trd, 000202.083, 167
Trd, 000204.783, 162
Trd, 000205.783, 161
Trd, 000205.833, 160
Trd, 000206.267, 164
Trd, 000206.950, 162
Trd, 000207.183, 164
Trd, 000207.483, 165
Trd, 000207.617, 171
Trd, 000208.400, 192
Trd, 000208.950, 173
Trd, 000209.567, 173
Trd, 000209.750, 189
Trd, 000209.983, 161
Trd, 000211.883, 165
Trd, 000212.650, 168
Trd, 000213.417, 165
Trd, 000214.400, 165
Trd, 000215.083, 162
Trd, 000215.500, 166
Trd, 000215.800, 167
Trd, 000216.017, 165
Trd, 000216.250, 167
Trd, 000216.617, 167
Trd, 000216.933, 168
Trd, 000218.083, 167
Trd, 000218.617, 172
Trd, 000218.917, 168
Trd, 000219.000, 180
Trd, 000220.033, 170
Trd, 000220.450, 172
Trd, 000221.033, 153
Trd, 000221.300, 172
Trd, 000222.667, 166
Trd, 000223.900, 165
Trd, 000224.350, 163
Trd, 000224.817, 167
Trd, 000224.983, 168
Trd, 000225.000, 164
Trd, 000225.817, 167
Trd, 000226.250, 169
Trd, 000226.417, 170
Trd, 000226.517, 150
Trd, 000226.583, 173
Trd, 000227.283, 160
Trd, 000227.717, 174
Trd, 000228.733, 175
Trd, 000229.450, 178
Trd, 000229.983, 177
Trd, 000230.017, 163
Trd, 000231.400, 170
Trd, 000231.683, 171
Trd, 000232.267, 173
Trd, 000232.617, 174
Trd, 000232.817, 173
Trd, 000233.133, 168
Trd, 000233.367, 193
Trd, 000234.400, 176
Trd, 000234.683, 174
Trd, 000234.733, 169
Trd, 000235.800, 173
Trd, 000236.733, 163
Trd, 000237.317, 173
Trd, 000237.600, 172
Trd, 000238.250, 172
Trd, 000239.167, 171
Trd, 000239.800, 166
Trd, 000240.383, 167
Trd, 000240.750, 168
Trd, 000240.850, 166
Trd, 000241.117, 166
Trd, 000241.233, 167
Trd, 000241.883, 166
Trd, 000241.900, 164
Trd, 000242.600, 167
Trd, 000242.967, 167
Trd, 000243.550, 165
Trd, 000243.900, 167
Trd, 000244.650, 170
Trd, 000244.733, 172
Trd, 000244.867, 169
Trd, 000245.233, 171
Trd, 000245.633, 171
Trd, 000245.700, 169
Trd, 000245.867, 175
Trd, 000246.983, 163
Trd, 000247.067, 166
Trd, 000247.700, 169
Trd, 000247.850, 180
Trd, 000249.283, 168
Trd, 000249.333, 171
Trd, 000249.917, 161
Trd, 000250.517, 167
Trd, 000250.600, 167
Trd, 000251.167, 170
Trd, 000251.367, 166
Trd, 000251.767, 168
Trd, 000251.817, 169
Trd, 000251.833, 170
Trd, 000252.000, 172
Trd, 000252.350, 170
Trd, 000253.300, 172
Trd, 000253.433, 165
Trd, 000253.783, 167
Trd, 000254.183, 170
Trd, 000254.350, 171
Trd, 000254.533, 170
Trd, 000255.033, 173
Trd, 000255.183, 169
Trd, 000256.117, 174
Trd, 000256.517, 174
Trd, 000256.767, 174
Trd, 000256.933, 175
Trd, 000257.783, 169
Trd, 000257.917, 173
Trd, 000258.617, 170
Trd, 000258.733, 169
Trd, 000259.500, 171
Trd, 000259.650, 166
Trd, 000260.333, 168
Trd, 000260.467, 170
Trd, 000260.850, 172
Trd, 000260.883, 177
Trd, 000261.667, 172
Trd, 000262.117, 175
Trd, 000262.517, 174
Trd, 000262.550, 177
Trd, 000263.033, 181
Trd, 000263.900, 182
Trd, 000263.917, 180
Trd, 000264.667, 184
Trd, 000264.733, 198
Trd, 000265.950, 178
Trd, 000266.383, 177
Trd, 000266.833, 182
Trd, 000267.017, 182
Trd, 000267.167, 180
Trd, 000268.167, 165
Trd, 000268.700, 165
Trd, 000268.817, 171
Trd, 000269.050, 170
Trd, 000269.450, 170
Trd, 000269.683, 165
Trd, 000270.400, 200
Trd, 000270.500, 197
Trd, 000270.650, 195
Trd, 000271.017, 166
Trd, 000271.133, 186
Trd, 000271.650, 158
Trd, 000272.433, 172
Trd, 000272.567, 186
Trd, 000273.767, 179
Trd, 000273.800, 185
Trd, 000274.317, 176
Trd, 000274.350, 180
Trd, 000274.500, 178
Trd, 000274.633, 192
Trd, 000275.217, 167
Trd, 000275.383, 177
Trd, 000276.133, 161
Trd, 000277.067, 173
Trd, 000277.450, 167
Trd, 000277.800, 173
Trd, 000277.850, 167
Trd, 000278.117, 167
Trd, 000278.217, 171
Trd, 000278.650, 172
Trd, 000278.667, 174
Trd, 000279.400, 173
Trd, 000280.400, 177
Trd, 000280.950, 174
Trd, 000280.983, 173
Trd, 000281.233, 175
Trd, 000281.833, 172
Trd, 000282.000, 178
Trd, 000282.383, 172
Trd, 000282.567, 179
Trd, 000283.150, 171
Trd, 000284.050, 171
Trd, 000284.117, 172
Trd, 000284.133, 170
Trd, 000284.650, 168
Trd, 000284.883, 177
Trd, 000285.083, 178
Trd, 000285.667, 181
Trd, 000285.767, 174
Trd, 000286.300, 179
Trd, 000286.450, 164
Trd, 000287.483, 180
Trd, 000287.617, 180
Trd, 000288.200, 167
Trd, 000288.633, 176
Trd, 000288.667, 173
Trd, 000289.083, 172
Trd, 000289.500, 170
Trd, 000289.600, 169
Trd, 000289.933, 171
Trd, 000289.967, 174
Trd, 000290.233, 177
Trd, 000291.083, 175
Trd, 000291.200, 176
Trd, 000291.683, 175
Trd, 000292.983, 174
Trd, 000293.117, 175
Trd, 000293.600, 177
Trd, 000294.000, 180
Trd, 000294.150, 187
Trd, 000294.433, 194
Trd, 000294.467, 186
Trd, 000294.750, 163
Trd, 000294.867, 160
Trd, 000295.000, 156
Trd, 000295.883, 176
Trd, 000296.800, 178
Trd, 000296.867, 164
Trd, 000297.067, 201
Trd, 000297.250, 188
Trd, 000298.433, 194
Trd, 000298.483, 192
Trd, 000298.900, 193
Trd, 000298.983, 210
Trd, 000299.067, 181
Trd, 000299.250, 178
Trd, 000299.683, 171
