Trd, 000002.717, 127
Trd, 000003.950, 120
Trd, 000004.500, 131
Trd, 000004.967, 134
Trd, 000005.033, 144
Trd, 000006.150, 137
Trd, 000006.350, 136
Trd, 000006.367, 135
Trd, 000006.883, 148
Trd, 000007.650, 149
Trd, 000007.867, 156
Trd, 000008.583, 143
Trd, 000010.267, 142
Trd, 000010.683, 151
Trd, 000011.033, 143
Trd, 000011.533, 143
Trd, 000012.483, 145
Trd, 000013.217, 145
Trd, 000013.417, 152
Trd, 000013.950, 156
Trd, 000014.200, 163
Trd, 000015.567, 152
Trd, 000015.767, 151
Trd, 000016.250, 152
Trd, 000017.250, 152
Trd, 000017.783, 155
Trd, 000018.550, 163
Trd, 000019.750, 159
Trd, 000020.133, 155
Trd, 000020.267, 153
Trd, 000020.900, 156
Trd, 000021.267, 156
Trd, 000022.067, 156
Trd, 000022.800, 157
Trd, 000023.100, 153
Trd, 000023.800, 159
Trd, 000024.067, 155
Trd, 000026.050, 157
Trd, 000027.067, 158
Trd, 000027.650, 157
Trd, 000028.150, 158
Trd, 000028.500, 155
Trd, 000028.650, 156
Trd, 000028.867, 161
Trd, 000031.033, 154
Trd, 000032.617, 154
Trd, 000033.717, 155
Trd, 000034.133, 157
Trd, 000034.267, 158
Trd, 000034.300, 165
Trd, 000034.317, 154
Trd, 000034.700, 152
Trd, 000035.217, 151
Trd, 000036.767, 149
Trd, 000036.883, 155
Trd, 000037.383, 150
Trd, 000037.450, 148
Trd, 000037.933, 143
Trd, 000038.200, 144
Trd, 000038.533, 157
Trd, 000039.917, 157
Trd, 000040.850, 149
Trd, 000042.067, 148
Trd, 000043.067, 152
Trd, 000044.750, 149
Trd, 000045.100, 148
Trd, 000045.583, 148
Trd, 000045.917, 147
Trd, 000046.150, 146
Trd, 000047.433, 149
Trd, 000047.917, 150
Trd, 000048.700, 150
Trd, 000048.717, 151
Trd, 000049.167, 156
Trd, 000050.483, 159
Trd, 000051.283, 157
Trd, 000051.400, 158
Trd, 000051.700, 158
Trd, 000051.783, 156
Trd, 000053.167, 158
Trd, 000053.550, 157
Trd, 000053.933, 156
Trd, 000054.867, 156
Trd, 000054.950, 158
Trd, 000055.583, 154
Trd, 000057.367, 159
Trd, 000057.383, 156
Trd, 000057.600, 160
Trd, 000058.500, 156
Trd, 000058.850, 159
Trd, 000059.950, 160
Trd, 000060.067, 161
Trd, 000060.933, 159
Trd, 000061.117, 162
Trd, 000062.567, 161
Trd, 000062.717, 160
Trd, 000062.967, 160
Trd, 000063.050, 165
Trd, 000064.683, 140
Trd, 000066.167, 155
Trd, 000067.033, 158
Trd, 000068.300, 156
Trd, 000069.133, 156
Trd, 000069.283, 157
Trd, 000070.050, 158
Trd, 000070.450, 156
Trd, 000070.483, 153
Trd, 000072.133, 168
Trd, 000072.350, 169
Trd, 000073.317, 160
Trd, 000074.383, 160
Trd, 000074.600, 159
Trd, 000075.117, 159
Trd, 000075.717, 162
Trd, 000075.950, 158
Trd, 000076.367, 157
Trd, 000076.833, 149
Trd, 000077.550, 155
Trd, 000078.000, 156
Trd, 000078.483, 156
Trd, 000078.700, 159
Trd, 000079.100, 156
Trd, 000079.617, 158
Trd, 000080.733, 156
Trd, 000081.167, 155
Trd, 000081.583, 157
Trd, 000082.417, 155
Trd, 000082.633, 154
Trd, 000084.017, 154
Trd, 000084.300, 156
Trd, 000084.433, 159
Trd, 000086.100, 157
Trd, 000086.450, 156
Trd, 000086.500, 154
Trd, 000088.267, 156
Trd, 000088.450, 156
Trd, 000088.767, 157
Trd, 000089.233, 156
Trd, 000089.833, 155
Trd, 000090.100, 154
Trd, 000092.167, 158
Trd, 000092.850, 159
Trd, 000093.400, 160
Trd, 000093.750, 160
Trd, 000094.467, 160
Trd, 000094.950, 171
Trd, 000095.650, 161
Trd, 000095.667, 160
Trd, 000095.917, 177
Trd, 000096.183, 181
Trd, 000098.233, 162
Trd, 000099.450, 161
Trd, 000100.300, 162
Trd, 000100.333, 164
Trd, 000101.733, 164
Trd, 000101.800, 163
Trd, 000101.950, 162
Trd, 000102.533, 161
Trd, 000103.633, 165
Trd, 000103.800, 162
Trd, 000104.667, 161
Trd, 000104.783, 164
Trd, 000105.433, 163
Trd, 000105.467, 164
Trd, 000106.800, 164
Trd, 000107.883, 165
Trd, 000108.350, 163
Trd, 000108.733, 164
Trd, 000110.200, 164
Trd, 000110.233, 163
Trd, 000110.283, 163
Trd, 000111.283, 162
Trd, 000111.617, 163
Trd, 000112.350, 164
Trd, 000112.383, 164
Trd, 000114.283, 166
Trd, 000114.850, 163
Trd, 000115.083, 163
Trd, 000115.683, 171
Trd, 000116.483, 163
Trd, 000116.650, 171
Trd, 000117.017, 171
Trd, 000117.433, 162
Trd, 000118.683, 172
Trd, 000118.733, 168
Trd, 000119.033, 166
Trd, 000119.567, 168
Trd, 000120.300, 169
Trd, 000120.833, 166
Trd, 000121.200, 173
Trd, 000121.350, 164
Trd, 000121.467, 173
Trd, 000121.483, 177
Trd, 000121.767, 152
Trd, 000121.783, 178
Trd, 000122.133, 194
Trd, 000123.217, 209
Trd, 000123.250, 212
Trd, 000123.617, 204
Trd, 000123.700, 213
Trd, 000124.167, 283
Trd, 000124.450, 311
Trd, 000125.467, 344.0
Trd, 000125.917, 340
Trd, 000126.483, 338
Trd, 000126.733, 327
Trd, 000126.833, 326
Trd, 000127.250, 350.0
Trd, 000128.050, 332
Trd, 000128.433, 351.0
Trd, 000129.133, 337.0
Trd, 000129.617, 342
Trd, 000129.750, 334.0
Trd, 000129.917, 331.0
Trd, 000131.533, 334
Trd, 000131.733, 335
Trd, 000131.833, 334
Trd, 000132.117, 339
Trd, 000132.733, 334
Trd, 000133.133, 337
Trd, 000133.450, 334.0
Trd, 000134.300, 335
Trd, 000134.517, 344.0
Trd, 000135.650, 343
Trd, 000136.200, 346
Trd, 000137.250, 348.0
Trd, 000138.000, 344
Trd, 000139.133, 351.0
Trd, 000139.433, 350
Trd, 000139.567, 355.0
Trd, 000139.917, 350
Trd, 000140.083, 360.0
Trd, 000140.217, 361.0
Trd, 000141.167, 348
Trd, 000142.233, 351.0
Trd, 000143.017, 344
Trd, 000144.417, 357
Trd, 000145.567, 344
Trd, 000145.783, 340
Trd, 000146.683, 342
Trd, 000147.333, 342
Trd, 000148.167, 348.0
Trd, 000148.400, 342
Trd, 000148.767, 348
Trd, 000149.183, 348
Trd, 000150.350, 351.0
Trd, 000151.000, 354.0
Trd, 000151.900, 350
Trd, 000152.567, 350
Trd, 000152.850, 351.0
Trd, 000152.950, 349
Trd, 000153.600, 349
Trd, 000154.033, 344
Trd, 000154.167, 334.0
Trd, 000154.500, 351
Trd, 000154.883, 334.0
Trd, 000155.183, 351
Trd, 000157.217, 360
Trd, 000158.717, 357
Trd, 000158.967, 352
Trd, 000160.133, 358.0
Trd, 000161.017, 358
Trd, 000161.283, 361.0
Trd, 000161.450, 359
Trd, 000161.650, 351.0
Trd, 000162.300, 340
Trd, 000162.950, 339
Trd, 000163.183, 339
Trd, 000163.217, 344.0
Trd, 000164.483, 348
Trd, 000165.050, 336
Trd, 000166.017, 350.0
Trd, 000166.900, 351
Trd, 000167.017, 339
Trd, 000167.833, 338
Trd, 000167.950, 338
Trd, 000168.017, 350.0
Trd, 000168.417, 351.0
Trd, 000168.600, 355.0
Trd, 000170.067, 345
Trd, 000171.617, 351.0
Trd, 000172.383, 352
Trd, 000172.617, 351
Trd, 000173.183, 351
Trd, 000173.450, 351
Trd, 000174.600, 352
Trd, 000174.833, 362.0
Trd, 000174.867, 351
Trd, 000175.100, 347
Trd, 000175.817, 346
Trd, 000176.167, 354
Trd, 000176.467, 349
Trd, 000176.550, 348
Trd, 000177.783, 347
Trd, 000178.933, 343
Trd, 000179.450, 346
Trd, 000180.233, 344
Trd, 000180.567, 343
Trd, 000181.050, 342
Trd, 000181.483, 351
Trd, 000182.033, 344
Trd, 000182.267, 343
Trd, 000182.283, 338
Trd, 000182.833, 317.0
Trd, 000182.950, 306.0
Trd, 000183.083, 298
Trd, 000183.333, 256
Trd, 000183.417, 193
Trd, 000184.233, 329
Trd, 000184.650, 200
Trd, 000185.383, 187
Trd, 000185.750, 186
Trd, 000186.467, 185
Trd, 000186.733, 184
Trd, 000187.117, 182
Trd, 000187.733, 182
Trd, 000187.883, 182
Trd, 000188.133, 170
Trd, 000188.217, 180
Trd, 000188.283, 184
Trd, 000189.933, 157
Trd, 000190.783, 162
Trd, 000191.483, 156
Trd, 000191.850, 155
Trd, 000192.067, 157
Trd, 000192.817, 155
Trd, 000193.250, 156
Trd, 000194.050, 161
Trd, 000194.100, 162
Trd, 000194.683, 158
Trd, 000196.783, 162
Trd, 000196.900, 167
Trd, 000197.633, 170
Trd, 000197.883, 164
Trd, 000198.933, 172
Trd, 000199.217, 175
Trd, 000200.033, 175
Trd, 000200.617, 174
Trd, 000202.083, 173
Trd, 000202.483, 177
Trd, 000202.950, 173
Trd, 000203.433, 176
Trd, 000204.133, 180
Trd, 000204.617, 173
Trd, 000204.917, 173
Trd, 000205.250, 180
Trd, 000205.483, 180
Trd, 000206.600, 178
Trd, 000208.150, 177
Trd, 000208.700, 180
Trd, 000208.783, 182
Trd, 000210.433, 178
Trd, 000210.633, 177
Trd, 000211.367, 177
Trd, 000211.433, 179
Trd, 000211.917, 177
Trd, 000212.100, 172
Trd, 000212.933, 182
Trd, 000213.867, 181
Trd, 000213.883, 176
Trd, 000213.917, 174
Trd, 000216.367, 176
Trd, 000216.483, 175
Trd, 000216.583, 174
Trd, 000216.800, 173
Trd, 000218.050, 173
Trd, 000219.183, 172
Trd, 000219.550, 174
Trd, 000219.633, 173
Trd, 000220.000, 171
Trd, 000220.083, 174
Trd, 000220.833, 184
Trd, 000221.383, 185
Trd, 000221.717, 184
Trd, 000222.033, 181
Trd, 000222.083, 182
Trd, 000222.600, 187
Trd, 000223.083, 179
Trd, 000224.450, 182
Trd, 000224.783, 180
Trd, 000224.933, 176
Trd, 000225.317, 173
Trd, 000225.433, 162
Trd, 000225.833, 182
Trd, 000227.317, 170
Trd, 000229.283, 170
Trd, 000229.583, 170
Trd, 000230.100, 165
Trd, 000230.617, 174
Trd, 000230.850, 164
Trd, 000230.933, 163
Trd, 000231.367, 157
Trd, 000231.383, 175
Trd, 000232.050, 178
Trd, 000232.450, 186
Trd, 000233.217, 169
Trd, 000234.217, 171
Trd, 000234.850, 171
Trd, 000235.033, 174
Trd, 000237.667, 170
Trd, 000238.333, 169
Trd, 000238.367, 171
Trd, 000238.467, 166
Trd, 000239.333, 170
Trd, 000239.800, 170
Trd, 000240.183, 171
Trd, 000240.267, 173
Trd, 000240.667, 172
Trd, 000241.417, 171
Trd, 000241.950, 171
Trd, 000242.283, 172
Trd, 000242.433, 171
Trd, 000242.550, 175
Trd, 000243.167, 179
Trd, 000243.833, 182
Trd, 000244.183, 184
Trd, 000244.567, 183
Trd, 000244.700, 181
Trd, 000245.183, 183
Trd, 000245.617, 183
Trd, 000245.683, 183
Trd, 000246.000, 175
Trd, 000246.267, 188
Trd, 000247.433, 179
Trd, 000248.433, 179
Trd, 000248.767, 177
Trd, 000249.500, 182
Trd, 000249.883, 179
Trd, 000250.383, 180
Trd, 000250.417, 179
Trd, 000250.633, 182
Trd, 000250.850, 180
Trd, 000250.967, 183
Trd, 000251.500, 181
Trd, 000251.900, 179
Trd, 000252.150, 182
Trd, 000252.433, 183
Trd, 000252.883, 183
Trd, 000253.183, 184
Trd, 000253.900, 181
Trd, 000254.083, 184
Trd, 000255.750, 181
Trd, 000255.783, 181
Trd, 000256.400, 182
Trd, 000256.667, 181
Trd, 000256.933, 180
Trd, 000257.133, 182
Trd, 000257.417, 183
Trd, 000257.533, 181
Trd, 000258.600, 170
Trd, 000258.767, 171
Trd, 000258.850, 170
Trd, 000259.867, 171
Trd, 000260.167, 172
Trd, 000261.067, 174
Trd, 000261.083, 174
Trd, 000261.217, 171
Trd, 000261.233, 170
Trd, 000261.867, 168
Trd, 000262.233, 172
Trd, 000262.400, 173
Trd, 000262.817, 175
Trd, 000263.617, 191
Trd, 000263.900, 174
Trd, 000264.267, 172
Trd, 000264.733, 177
Trd, 000265.350, 179
Trd, 000266.067, 180
Trd, 000266.500, 175
Trd, 000266.983, 175
Trd, 000267.617, 175
Trd, 000268.050, 173
Trd, 000268.733, 177
Trd, 000268.850, 177
Trd, 000270.000, 174
Trd, 000271.150, 175
Trd, 000271.983, 176
Trd, 000272.033, 175
Trd, 000272.283, 173
Trd, 000272.350, 173
Trd, 000272.800, 172
Trd, 000273.317, 178
Trd, 000274.283, 177
Trd, 000274.817, 189
Trd, 000275.583, 185
Trd, 000275.600, 185
Trd, 000275.867, 185
Trd, 000276.300, 185
Trd, 000276.683, 188
Trd, 000276.817, 186
Trd, 000276.967, 186
Trd, 000277.683, 185
Trd, 000277.817, 186
Trd, 000277.900, 179
Trd, 000278.083, 178
Trd, 000278.600, 190
Trd, 000278.883, 172
Trd, 000279.250, 185
Trd, 000279.617, 179
Trd, 000279.767, 185
Trd, 000281.733, 180
Trd, 000281.767, 185
Trd, 000281.850, 180
Trd, 000281.967, 180
Trd, 000282.533, 186
Trd, 000282.600, 180
Trd, 000283.400, 179
Trd, 000283.867, 168
Trd, 000284.800, 179
Trd, 000284.817, 180
Trd, 000285.383, 180
Trd, 000285.600, 179
Trd, 000285.933, 180
Trd, 000286.117, 181
Trd, 000286.650, 177
Trd, 000286.667, 183
Trd, 000286.700, 193
Trd, 000287.433, 186
Trd, 000288.017, 184
Trd, 000288.283, 177
Trd, 000288.650, 177
Trd, 000288.850, 186
Trd, 000288.867, 186
Trd, 000289.000, 176
Trd, 000289.817, 182
Trd, 000290.083, 183
Trd, 000290.283, 187
Trd, 000290.750, 183
Trd, 000291.067, 183
Trd, 000291.950, 184
Trd, 000292.133, 183
Trd, 000292.400, 173
Trd, 000292.817, 168
Trd, 000293.533, 177
Trd, 000293.583, 172
Trd, 000293.683, 183
Trd, 000293.733, 184
Trd, 000294.000, 170
Trd, 000294.317, 172
Trd, 000295.033, 169
Trd, 000295.583, 177
Trd, 000296.067, 175
Trd, 000296.300, 175
Trd, 000296.883, 175
Trd, 000296.950, 174
Trd, 000297.417, 176
Trd, 000297.517, 181
Trd, 000298.150, 187
Trd, 000298.533, 183
