Trd, 000000.383, 133
Trd, 000001.450, 163
Trd, 000001.567, 149
Trd, 000002.567, 125
Trd, 000002.817, 155
Trd, 000003.383, 131
Trd, 000004.183, 128
Trd, 000004.417, 127
Trd, 000004.500, 135
Trd, 000005.150, 137
Trd, 000006.400, 140
Trd, 000006.483, 132
Trd, 000007.133, 133
Trd, 000007.300, 132
Trd, 000007.717, 134
Trd, 000007.800, 137
Trd, 000007.900, 133
Trd, 000008.033, 135
Trd, 000009.567, 135
Trd, 000010.017, 135
Trd, 000010.217, 135
Trd, 000010.433, 137
Trd, 000010.517, 138
Trd, 000010.883, 142
Trd, 000011.833, 146
Trd, 000011.917, 146
Trd, 000012.067, 156
Trd, 000012.717, 151
Trd, 000012.867, 146
Trd, 000012.917, 166
Trd, 000013.083, 148
Trd, 000013.150, 164
Trd, 000013.367, 172
Trd, 000014.083, 156
Trd, 000015.500, 154
Trd, 000015.600, 163
Trd, 000016.483, 157
Trd, 000017.333, 156
Trd, 000017.633, 153
Trd, 000017.767, 157
Trd, 000019.183, 153
Trd, 000019.500, 153
Trd, 000021.850, 154
Trd, 000022.167, 152
Trd, 000022.217, 154
Trd, 000022.450, 154
Trd, 000023.050, 155
Trd, 000023.267, 153
Trd, 000023.367, 152
Trd, 000024.350, 155
Trd, 000024.850, 156
Trd, 000024.983, 153
Trd, 000025.367, 151
Trd, 000025.417, 149
Trd, 000025.533, 146
Trd, 000025.550, 156
Trd, 000026.867, 156
Trd, 000027.150, 157
Trd, 000027.417, 156
Trd, 000027.750, 149
Trd, 000028.333, 156
Trd, 000028.650, 156
Trd, 000029.867, 154
Trd, 000029.883, 155
Trd, 000030.167, 154
Trd, 000030.250, 156
Trd, 000031.283, 153
Trd, 000031.500, 153
Trd, 000031.567, 151
Trd, 000031.817, 151
Trd, 000032.167, 151
Trd, 000032.533, 152
Trd, 000033.983, 152
Trd, 000034.500, 151
Trd, 000034.800, 152
Trd, 000035.250, 152
Trd, 000035.300, 150
Trd, 000035.650, 149
Trd, 000035.717, 148
Trd, 000035.883, 144
Trd, 000036.000, 158
Trd, 000036.467, 145
Trd, 000037.050, 147
Trd, 000037.550, 146
Trd, 000037.800, 147
Trd, 000038.267, 147
Trd, 000038.400, 156
Trd, 000038.983, 145
Trd, 000039.150, 153
Trd, 000040.867, 150
Trd, 000041.217, 154
Trd, 000041.250, 159
Trd, 000041.317, 169
Trd, 000041.617, 145
Trd, 000042.583, 174
Trd, 000042.983, 174
Trd, 000043.850, 169
Trd, 000044.483, 167
Trd, 000044.517, 162
Trd, 000045.600, 160
Trd, 000045.767, 160
Trd, 000046.000, 160
Trd, 000046.367, 158
Trd, 000046.450, 155
Trd, 000046.717, 155
Trd, 000046.967, 148
Trd, 000048.383, 146
Trd, 000049.333, 152
Trd, 000049.517, 146
Trd, 000049.917, 153
Trd, 000050.117, 147
Trd, 000050.183, 154
Trd, 000050.450, 154
Trd, 000050.700, 156
Trd, 000052.600, 155
Trd, 000053.000, 154
Trd, 000053.267, 151
Trd, 000053.483, 150
Trd, 000053.567, 154
Trd, 000053.600, 155
Trd, 000054.267, 159
Trd, 000054.383, 160
Trd, 000055.083, 160
Trd, 000055.383, 161
Trd, 000055.867, 161
Trd, 000056.233, 162
Trd, 000056.733, 163
Trd, 000058.067, 161
Trd, 000059.717, 162
Trd, 000059.983, 158
Trd, 000060.183, 163
Trd, 000060.567, 159
Trd, 000060.817, 157
Trd, 000060.883, 160
Trd, 000061.317, 160
Trd, 000061.367, 157
Trd, 000061.800, 159
Trd, 000061.967, 157
Trd, 000062.033, 160
Trd, 000062.150, 161
Trd, 000062.183, 157
Trd, 000064.167, 156
Trd, 000065.233, 154
Trd, 000065.367, 155
Trd, 000066.000, 149
Trd, 000066.400, 155
Trd, 000066.900, 161
Trd, 000067.700, 156
Trd, 000067.800, 158
Trd, 000067.900, 169
Trd, 000068.583, 163
Trd, 000068.983, 160
Trd, 000069.350, 160
Trd, 000069.917, 159
Trd, 000070.283, 158
Trd, 000070.383, 156
Trd, 000071.033, 155
Trd, 000071.150, 160
Trd, 000072.183, 159
Trd, 000072.617, 158
Trd, 000072.717, 160
Trd, 000073.683, 156
Trd, 000073.750, 155
Trd, 000073.917, 161
Trd, 000075.117, 161
Trd, 000075.133, 158
Trd, 000076.133, 159
Trd, 000076.667, 159
Trd, 000077.167, 159
Trd, 000078.000, 160
Trd, 000078.750, 162
Trd, 000078.817, 157
Trd, 000079.717, 162
Trd, 000079.883, 161
Trd, 000080.167, 165
Trd, 000080.600, 162
Trd, 000080.800, 163
Trd, 000080.917, 163
Trd, 000081.333, 160
Trd, 000081.550, 164
Trd, 000081.667, 159
Trd, 000082.567, 173
Trd, 000082.867, 169
Trd, 000083.233, 190
Trd, 000084.100, 170
Trd, 000085.683, 174
Trd, 000086.433, 166
Trd, 000086.517, 167
Trd, 000086.800, 165
Trd, 000087.000, 162
Trd, 000087.333, 166
Trd, 000088.317, 162
Trd, 000088.667, 161
Trd, 000089.933, 163
Trd, 000089.950, 164
Trd, 000090.117, 165
Trd, 000090.600, 160
Trd, 000092.033, 161
Trd, 000092.383, 162
Trd, 000092.467, 160
Trd, 000092.733, 162
Trd, 000093.533, 162
Trd, 000093.850, 160
Trd, 000094.517, 163
Trd, 000094.533, 163
Trd, 000094.933, 159
Trd, 000095.267, 162
Trd, 000095.933, 163
Trd, 000096.450, 161
Trd, 000096.600, 164
Trd, 000097.450, 164
Trd, 000098.767, 161
Trd, 000098.917, 161
Trd, 000099.017, 160
Trd, 000099.367, 161
Trd, 000100.067, 159
Trd, 000100.083, 159
Trd, 000100.233, 160
Trd, 000100.367, 161
Trd, 000100.700, 158
Trd, 000101.967, 162
Trd, 000102.567, 161
Trd, 000102.983, 157
Trd, 000103.183, 157
Trd, 000103.267, 165
Trd, 000103.367, 173
Trd, 000103.583, 163
Trd, 000103.683, 164
Trd, 000104.600, 166
Trd, 000105.117, 165
Trd, 000105.183, 164
Trd, 000106.017, 166
Trd, 000106.317, 163
Trd, 000106.383, 161
Trd, 000106.600, 166
Trd, 000106.967, 167
Trd, 000107.217, 154
Trd, 000107.367, 138
Trd, 000107.933, 163
Trd, 000109.183, 157
Trd, 000109.717, 157
Trd, 000109.733, 158
Trd, 000111.400, 161
Trd, 000111.567, 166
Trd, 000111.600, 158
Trd, 000111.717, 170
Trd, 000112.933, 158
Trd, 000113.517, 158
Trd, 000113.533, 157
Trd, 000113.850, 159
Trd, 000114.033, 156
Trd, 000114.783, 159
Trd, 000115.517, 160
Trd, 000115.867, 159
Trd, 000115.883, 157
Trd, 000116.150, 161
Trd, 000116.333, 166
Trd, 000116.567, 166
Trd, 000118.133, 163
Trd, 000118.900, 167
Trd, 000119.033, 162
Trd, 000119.683, 165
Trd, 000120.417, 166
Trd, 000121.633, 167
Trd, 000121.700, 177
Trd, 000122.267, 173
Trd, 000122.833, 191
Trd, 000123.250, 201
Trd, 000123.433, 208
Trd, 000123.617, 261
Trd, 000123.833, 313.0
Trd, 000123.933, 335
Trd, 000124.433, 333
Trd, 000125.117, 306.0
Trd, 000125.317, 323.0
Trd, 000125.600, 324.0
Trd, 000125.800, 331.0
Trd, 000126.500, 337.0
Trd, 000126.800, 345
Trd, 000127.550, 341
Trd, 000127.967, 329.0
Trd, 000128.683, 363.0
Trd, 000128.950, 351
Trd, 000129.183, 350
Trd, 000130.617, 344.0
Trd, 000130.867, 354
Trd, 000131.467, 345
Trd, 000132.217, 352
Trd, 000132.450, 352
Trd, 000132.750, 353
Trd, 000132.767, 351
Trd, 000132.800, 353
Trd, 000134.217, 352
Trd, 000134.633, 351.0
Trd, 000135.367, 348
Trd, 000135.800, 350
Trd, 000135.867, 347
Trd, 000136.300, 351
Trd, 000136.700, 353.0
Trd, 000136.983, 355.0
Trd, 000139.167, 353
Trd, 000139.217, 354
Trd, 000139.900, 352
Trd, 000140.450, 354.0
Trd, 000140.650, 353
Trd, 000141.683, 352.0
Trd, 000142.533, 355
Trd, 000142.600, 355.0
Trd, 000142.633, 352.0
Trd, 000142.917, 351.0
Trd, 000143.100, 349
Trd, 000143.517, 346
Trd, 000143.567, 355
Trd, 000145.167, 349
Trd, 000145.983, 351
Trd, 000146.350, 352
Trd, 000146.933, 351
Trd, 000147.083, 353
Trd, 000147.183, 348
Trd, 000147.800, 350
Trd, 000148.500, 344.0
Trd, 000149.250, 342
Trd, 000149.917, 336.0
Trd, 000150.267, 336.0
Trd, 000150.317, 337.0
Trd, 000150.450, 337
Trd, 000150.717, 355.0
Trd, 000151.467, 341
Trd, 000152.600, 342
Trd, 000152.900, 338
Trd, 000153.083, 341
Trd, 000153.283, 337
Trd, 000154.000, 340
Trd, 000154.633, 340
Trd, 000155.550, 340
Trd, 000155.583, 338
Trd, 000155.783, 342
Trd, 000156.000, 338
Trd, 000156.333, 340
Trd, 000156.467, 337
Trd, 000157.617, 340
Trd, 000158.217, 340
Trd, 000158.233, 339
Trd, 000158.600, 339
Trd, 000159.950, 341
Trd, 000160.133, 342
Trd, 000160.550, 344
Trd, 000160.933, 345
Trd, 000161.183, 337
Trd, 000161.467, 354.0
Trd, 000162.000, 351.0
Trd, 000162.150, 340
Trd, 000162.550, 355.0
Trd, 000163.017, 343
Trd, 000163.267, 358
Trd, 000163.733, 358
Trd, 000163.817, 342
Trd, 000164.650, 343
Trd, 000165.017, 340
Trd, 000165.067, 347
Trd, 000165.250, 356
Trd, 000168.333, 352.0
Trd, 000168.717, 351.0
Trd, 000169.050, 352
Trd, 000169.300, 347
Trd, 000169.500, 353
Trd, 000169.517, 354
Trd, 000170.517, 352
Trd, 000171.517, 348
Trd, 000171.633, 346
Trd, 000171.883, 354.0
Trd, 000172.333, 355.0
Trd, 000173.450, 355
Trd, 000174.350, 350
Trd, 000175.317, 352
Trd, 000175.417, 348
Trd, 000175.583, 348
Trd, 000176.233, 350
Trd, 000176.533, 352
Trd, 000176.617, 353
Trd, 000176.750, 347
Trd, 000177.950, 352
Trd, 000178.117, 346
Trd, 000178.267, 348
Trd, 000178.950, 344.0
Trd, 000179.117, 354
Trd, 000179.183, 345
Trd, 000179.900, 354
Trd, 000180.783, 354.0
Trd, 000181.833, 352
Trd, 000181.933, 353
Trd, 000182.333, 347
Trd, 000183.183, 343
Trd, 000183.217, 304
Trd, 000184.000, 295
Trd, 000184.083, 218
Trd, 000184.133, 207
Trd, 000184.200, 204
Trd, 000184.567, 197
Trd, 000185.733, 209
Trd, 000185.933, 186
Trd, 000187.317, 208
Trd, 000187.533, 210
Trd, 000187.717, 176
Trd, 000188.883, 176
Trd, 000189.017, 174
Trd, 000191.233, 186
Trd, 000191.350, 180
Trd, 000191.433, 177
Trd, 000191.833, 182
Trd, 000192.317, 180
Trd, 000192.817, 178
Trd, 000193.333, 176
Trd, 000193.567, 177
Trd, 000193.667, 178
Trd, 000193.683, 174
Trd, 000194.333, 179
Trd, 000195.400, 181
Trd, 000195.600, 175
Trd, 000195.867, 174
Trd, 000196.167, 173
Trd, 000197.833, 171
Trd, 000198.250, 172
Trd, 000198.417, 173
Trd, 000199.800, 172
Trd, 000200.517, 173
Trd, 000201.433, 172
Trd, 000201.833, 171
Trd, 000201.883, 173
Trd, 000202.383, 173
Trd, 000202.683, 170
Trd, 000203.600, 171
Trd, 000204.283, 170
Trd, 000204.300, 169
Trd, 000204.433, 171
Trd, 000204.850, 169
Trd, 000205.400, 173
Trd, 000206.033, 173
Trd, 000206.783, 172
Trd, 000207.100, 173
Trd, 000208.233, 171
Trd, 000209.133, 185
Trd, 000209.800, 171
Trd, 000210.033, 179
Trd, 000210.333, 181
Trd, 000210.350, 170
Trd, 000210.433, 186
Trd, 000210.567, 189
Trd, 000211.533, 180
Trd, 000211.900, 179
Trd, 000212.483, 179
Trd, 000212.817, 180
Trd, 000213.133, 177
Trd, 000214.100, 176
Trd, 000214.150, 175
Trd, 000214.267, 177
Trd, 000216.017, 177
Trd, 000216.300, 176
Trd, 000216.517, 180
Trd, 000216.767, 176
Trd, 000217.317, 176
Trd, 000218.600, 175
Trd, 000218.667, 175
Trd, 000218.917, 175
Trd, 000219.850, 175
Trd, 000220.883, 173
Trd, 000221.917, 175
Trd, 000222.083, 173
Trd, 000222.383, 175
Trd, 000222.633, 174
Trd, 000222.883, 172
Trd, 000223.117, 177
Trd, 000224.700, 172
Trd, 000225.000, 173
Trd, 000225.483, 172
Trd, 000225.500, 170
Trd, 000225.617, 174
Trd, 000225.917, 165
Trd, 000227.883, 168
Trd, 000228.400, 168
Trd, 000228.683, 169
Trd, 000229.600, 171
Trd, 000229.617, 188
Trd, 000229.817, 170
Trd, 000230.833, 169
Trd, 000230.883, 168
Trd, 000230.933, 173
Trd, 000231.217, 171
Trd, 000231.533, 173
Trd, 000231.883, 173
Trd, 000232.883, 167
Trd, 000233.017, 175
Trd, 000233.550, 177
Trd, 000233.800, 178
Trd, 000234.433, 169
Trd, 000234.933, 176
Trd, 000235.600, 175
Trd, 000235.983, 174
Trd, 000236.267, 177
Trd, 000236.283, 178
Trd, 000236.350, 175
Trd, 000236.883, 175
Trd, 000238.417, 175
Trd, 000239.083, 176
Trd, 000239.650, 175
Trd, 000239.733, 175
Trd, 000240.450, 174
Trd, 000240.550, 176
Trd, 000241.267, 176
Trd, 000241.383, 174
Trd, 000241.700, 173
Trd, 000241.933, 176
Trd, 000242.183, 175
Trd, 000242.683, 173
Trd, 000242.733, 174
Trd, 000243.350, 174
Trd, 000243.367, 173
Trd, 000243.500, 175
Trd, 000243.983, 174
Trd, 000244.950, 174
Trd, 000245.117, 176
Trd, 000245.750, 175
Trd, 000245.933, 173
Trd, 000246.833, 182
Trd, 000246.983, 183
Trd, 000249.683, 183
Trd, 000250.383, 178
Trd, 000250.533, 176
Trd, 000250.567, 176
Trd, 000251.117, 178
Trd, 000251.150, 179
Trd, 000251.250, 177
Trd, 000251.317, 176
Trd, 000252.617, 176
Trd, 000252.833, 175
Trd, 000253.217, 176
Trd, 000253.417, 176
Trd, 000253.717, 173
Trd, 000254.467, 175
Trd, 000254.483, 173
Trd, 000254.550, 173
Trd, 000254.800, 177
Trd, 000255.550, 176
Trd, 000255.733, 177
Trd, 000256.183, 177
Trd, 000257.367, 179
Trd, 000257.417, 177
Trd, 000257.450, 180
Trd, 000259.033, 177
Trd, 000259.100, 178
Trd, 000259.683, 180
Trd, 000260.383, 180
Trd, 000260.617, 177
Trd, 000261.000, 180
Trd, 000261.067, 177
Trd, 000261.100, 181
Trd, 000261.850, 178
Trd, 000262.083, 178
Trd, 000262.250, 177
Trd, 000262.667, 176
Trd, 000262.817, 177
Trd, 000263.300, 177
Trd, 000264.367, 176
Trd, 000264.467, 177
Trd, 000264.800, 178
Trd, 000265.233, 174
Trd, 000265.417, 172
Trd, 000266.017, 180
Trd, 000267.550, 179
Trd, 000267.567, 178
Trd, 000267.967, 176
Trd, 000268.483, 176
Trd, 000269.800, 175
Trd, 000270.433, 177
Trd, 000270.917, 177
Trd, 000271.350, 175
Trd, 000272.050, 177
Trd, 000272.233, 174
Trd, 000272.467, 175
Trd, 000272.917, 178
Trd, 000273.017, 179
Trd, 000273.067, 169
Trd, 000273.183, 180
Trd, 000273.917, 180
Trd, 000274.250, 171
Trd, 000274.333, 174
Trd, 000275.400, 174
Trd, 000275.967, 177
Trd, 000276.433, 177
Trd, 000276.817, 178
Trd, 000277.317, 177
Trd, 000277.567, 176
Trd, 000277.967, 177
Trd, 000278.050, 179
Trd, 000278.467, 175
Trd, 000279.917, 175
Trd, 000280.400, 174
Trd, 000280.517, 176
Trd, 000280.600, 176
Trd, 000281.100, 173
Trd, 000281.933, 175
Trd, 000281.983, 175
Trd, 000282.050, 172
Trd, 000282.167, 175
Trd, 000282.200, 176
Trd, 000283.000, 174
Trd, 000283.267, 172
Trd, 000283.633, 175
Trd, 000284.483, 172
Trd, 000284.533, 171
Trd, 000284.850, 173
Trd, 000285.333, 173
Trd, 000285.750, 177
Trd, 000285.850, 172
Trd, 000286.267, 178
Trd, 000286.433, 172
Trd, 000287.183, 174
Trd, 000287.383, 179
Trd, 000287.633, 177
Trd, 000288.100, 179
Trd, 000288.350, 172
Trd, 000288.417, 183
Trd, 000289.117, 184
Trd, 000289.483, 176
Trd, 000289.650, 183
Trd, 000290.533, 180
Trd, 000290.717, 181
Trd, 000290.850, 181
Trd, 000291.167, 178
Trd, 000291.750, 181
Trd, 000293.017, 182
Trd, 000293.033, 181
Trd, 000293.150, 182
Trd, 000293.700, 184
Trd, 000293.767, 182
Trd, 000294.733, 181
Trd, 000295.067, 184
Trd, 000295.350, 180
Trd, 000295.450, 180
Trd, 000295.983, 182
Trd, 000296.150, 183
Trd, 000296.600, 181
Trd, 000296.750, 185
Trd, 000297.083, 179
Trd, 000297.883, 186
Trd, 000298.700, 187
Trd, 000298.750, 181
Trd, 000299.033, 181
Trd, 000299.317, 181
Trd, 000299.800, 187
