Trd, 000001.100, 110
Trd, 000002.950, 113
Trd, 000003.483, 124
Trd, 000003.883, 124
Trd, 000004.017, 127
Trd, 000004.133, 106
Trd, 000004.517, 127
Trd, 000005.700, 134
Trd, 000006.183, 148
Trd, 000006.383, 149
Trd, 000006.967, 145
Trd, 000007.700, 155
Trd, 000007.967, 150
Trd, 000008.967, 151
Trd, 000009.183, 148
Trd, 000009.350, 152
Trd, 000009.900, 146
Trd, 000009.933, 146
Trd, 000011.233, 151
Trd, 000012.100, 151
Trd, 000012.117, 149
Trd, 000012.667, 147
Trd, 000012.967, 156
Trd, 000013.650, 167
Trd, 000013.750, 148
Trd, 000014.450, 155
Trd, 000014.667, 147
Trd, 000015.417, 147
Trd, 000015.900, 145
Trd, 000016.233, 145
Trd, 000017.617, 154
Trd, 000018.317, 155
Trd, 000018.733, 155
Trd, 000018.883, 155
Trd, 000019.150, 152
Trd, 000019.650, 153
Trd, 000019.983, 153
Trd, 000021.183, 150
Trd, 000021.200, 153
Trd, 000021.850, 154
Trd, 000022.733, 155
Trd, 000022.867, 153
Trd, 000022.967, 152
Trd, 000023.167, 156
Trd, 000023.550, 149
Trd, 000024.367, 156
Trd, 000024.500, 149
Trd, 000026.367, 156
Trd, 000026.600, 150
Trd, 000026.750, 155
Trd, 000027.550, 153
Trd, 000027.883, 147
Trd, 000028.267, 158
Trd, 000029.250, 157
Trd, 000029.567, 150
Trd, 000030.900, 155
Trd, 000031.467, 153
Trd, 000032.000, 153
Trd, 000032.217, 152
Trd, 000032.850, 149
Trd, 000032.867, 147
Trd, 000033.433, 174
Trd, 000033.833, 158
Trd, 000035.517, 151
Trd, 000035.733, 152
Trd, 000036.750, 153
Trd, 000036.850, 155
Trd, 000038.017, 150
Trd, 000038.050, 153
Trd, 000038.300, 150
Trd, 000038.417, 148
Trd, 000039.500, 152
Trd, 000039.850, 150
Trd, 000041.633, 154
Trd, 000041.800, 155
Trd, 000042.067, 153
Trd, 000042.100, 150
Trd, 000042.667, 154
Trd, 000043.100, 150
Trd, 000043.683, 154
Trd, 000044.933, 148
Trd, 000045.467, 154
Trd, 000046.333, 157
Trd, 000046.650, 152
Trd, 000047.350, 157
Trd, 000047.533, 158
Trd, 000047.617, 154
Trd, 000048.717, 159
Trd, 000049.833, 160
Trd, 000050.000, 161
Trd, 000050.283, 154
Trd, 000051.483, 156
Trd, 000051.950, 160
Trd, 000052.833, 159
Trd, 000053.183, 157
Trd, 000053.300, 156
Trd, 000053.350, 156
Trd, 000053.683, 160
Trd, 000054.017, 149
Trd, 000054.700, 160
Trd, 000056.483, 153
Trd, 000056.650, 151
Trd, 000056.933, 151
Trd, 000058.417, 155
Trd, 000058.867, 153
Trd, 000059.700, 154
Trd, 000059.733, 153
Trd, 000059.983, 156
Trd, 000060.883, 161
Trd, 000061.317, 174
Trd, 000062.000, 160
Trd, 000062.400, 161
Trd, 000062.750, 161
Trd, 000063.083, 157
Trd, 000063.333, 159
Trd, 000063.650, 159
Trd, 000064.017, 157
Trd, 000064.117, 150
Trd, 000064.150, 144
Trd, 000064.267, 160
Trd, 000065.283, 153
Trd, 000065.933, 150
Trd, 000066.167, 159
Trd, 000066.550, 151
Trd, 000066.750, 160
Trd, 000069.367, 153
Trd, 000070.367, 154
Trd, 000070.850, 157
Trd, 000070.883, 157
Trd, 000071.067, 157
Trd, 000071.267, 158
Trd, 000072.300, 161
Trd, 000072.533, 158
Trd, 000072.967, 161
Trd, 000073.633, 160
Trd, 000073.683, 159
Trd, 000074.600, 161
Trd, 000074.967, 158
Trd, 000075.750, 161
Trd, 000077.483, 160
Trd, 000077.517, 162
Trd, 000077.650, 163
Trd, 000078.300, 173
Trd, 000078.333, 175
Trd, 000078.367, 160
Trd, 000078.383, 182
Trd, 000078.767, 155
Trd, 000079.083, 165
Trd, 000079.350, 159
Trd, 000079.667, 161
Trd, 000082.500, 161
Trd, 000082.533, 161
Trd, 000082.867, 161
Trd, 000083.417, 162
Trd, 000083.783, 156
Trd, 000084.633, 157
Trd, 000084.700, 160
Trd, 000085.683, 152
Trd, 000086.100, 157
Trd, 000086.117, 160
Trd, 000086.133, 161
Trd, 000086.233, 162
Trd, 000087.717, 176
Trd, 000087.800, 160
Trd, 000088.817, 163
Trd, 000088.833, 158
Trd, 000089.917, 154
Trd, 000091.250, 166
Trd, 000091.317, 154
Trd, 000091.517, 166
Trd, 000091.683, 158
Trd, 000091.950, 154
Trd, 000093.200, 164
Trd, 000094.133, 163
Trd, 000094.683, 164
Trd, 000094.733, 164
Trd, 000094.783, 160
Trd, 000095.217, 157
Trd, 000095.367, 163
Trd, 000095.600, 154
Trd, 000096.517, 177
Trd, 000096.567, 155
Trd, 000097.000, 178
Trd, 000097.650, 178
Trd, 000097.717, 170
Trd, 000097.817, 160
Trd, 000098.617, 164
Trd, 000099.583, 164
Trd, 000100.800, 165
Trd, 000101.233, 162
Trd, 000101.967, 165
Trd, 000103.667, 162
Trd, 000103.833, 165
Trd, 000103.917, 165
Trd, 000104.533, 162
Trd, 000105.183, 165
Trd, 000105.350, 178
Trd, 000105.733, 160
Trd, 000105.983, 160
Trd, 000108.033, 162
Trd, 000108.100, 162
Trd, 000108.450, 161
Trd, 000108.683, 157
Trd, 000109.300, 158
Trd, 000109.583, 160
Trd, 000109.733, 158
Trd, 000109.900, 157
Trd, 000110.250, 160
Trd, 000110.717, 165
Trd, 000111.750, 158
Trd, 000112.167, 157
Trd, 000112.517, 166
Trd, 000113.017, 148
Trd, 000113.317, 152
Trd, 000113.750, 196
Trd, 000114.417, 193
Trd, 000114.583, 179
Trd, 000115.150, 170
Trd, 000115.750, 171
Trd, 000116.283, 156
Trd, 000116.383, 155
Trd, 000116.567, 176
Trd, 000117.567, 169
Trd, 000118.717, 161
Trd, 000118.883, 162
Trd, 000119.183, 160
Trd, 000119.683, 163
Trd, 000119.800, 162
Trd, 000120.467, 180
Trd, 000121.133, 170
Trd, 000121.450, 170
Trd, 000121.567, 184
Trd, 000121.900, 187
Trd, 000122.217, 198
Trd, 000122.567, 201
Trd, 000122.850, 251
Trd, 000123.600, 253
Trd, 000125.300, 313.0
Trd, 000125.717, 324.0
Trd, 000125.833, 337
Trd, 000126.367, 334
Trd, 000126.583, 315
Trd, 000127.383, 318
Trd, 000127.750, 316
Trd, 000128.667, 324.0
Trd, 000129.283, 333
Trd, 000130.150, 329
Trd, 000130.733, 327
Trd, 000130.983, 338
Trd, 000131.050, 339
Trd, 000131.617, 350.0
Trd, 000131.867, 348
Trd, 000131.917, 328
Trd, 000132.850, 346
Trd, 000133.817, 355.0
Trd, 000134.400, 350
Trd, 000134.967, 351
Trd, 000135.317, 354.0
Trd, 000136.267, 353
Trd, 000136.650, 354.0
Trd, 000137.533, 348
Trd, 000138.433, 345
Trd, 000138.517, 353
Trd, 000138.750, 344
Trd, 000139.933, 347
Trd, 000140.650, 346
Trd, 000140.983, 344.0
Trd, 000141.150, 348.0
Trd, 000141.217, 355
Trd, 000142.483, 355.0
Trd, 000142.817, 375.0
Trd, 000142.917, 349
Trd, 000142.950, 347
Trd, 000144.283, 358
Trd, 000144.800, 360
Trd, 000145.550, 359
Trd, 000145.650, 357
Trd, 000146.300, 359
Trd, 000147.983, 360
Trd, 000148.117, 359
Trd, 000148.800, 368.0
Trd, 000148.817, 357
Trd, 000149.917, 365
Trd, 000150.017, 359
Trd, 000150.500, 358
Trd, 000151.250, 356
Trd, 000151.833, 350
Trd, 000152.367, 361
Trd, 000153.050, 360
Trd, 000153.183, 351
Trd, 000153.300, 358
Trd, 000155.217, 349
Trd, 000155.567, 349
Trd, 000155.900, 356
Trd, 000156.167, 330
Trd, 000156.500, 350
Trd, 000156.883, 353
Trd, 000157.433, 355.0
Trd, 000158.167, 345
Trd, 000158.183, 355
Trd, 000158.950, 345
Trd, 000159.200, 361
Trd, 000160.250, 350
Trd, 000160.933, 351.0
Trd, 000161.167, 350
Trd, 000161.433, 348
Trd, 000163.467, 347
Trd, 000163.483, 349
Trd, 000163.517, 350
Trd, 000164.417, 347
Trd, 000164.717, 350
Trd, 000165.833, 350
Trd, 000166.233, 347
Trd, 000167.317, 350
Trd, 000167.683, 349
Trd, 000168.167, 345
Trd, 000168.233, 341
Trd, 000168.483, 342.0
Trd, 000168.883, 351
Trd, 000169.050, 354.0
Trd, 000169.300, 341.0
Trd, 000169.550, 353
Trd, 000170.300, 342
Trd, 000171.667, 353
Trd, 000172.450, 344
Trd, 000173.233, 352
Trd, 000175.250, 354.0
Trd, 000175.300, 353
Trd, 000175.333, 355.0
Trd, 000175.467, 352
Trd, 000175.717, 353
Trd, 000176.933, 350
Trd, 000176.983, 351
Trd, 000177.100, 351
Trd, 000177.417, 350
Trd, 000177.583, 352
Trd, 000177.700, 349
Trd, 000178.483, 344.0
Trd, 000179.750, 351
Trd, 000181.283, 346
Trd, 000181.700, 346
Trd, 000182.033, 349
Trd, 000182.217, 341.0
Trd, 000182.567, 338
Trd, 000183.283, 325
Trd, 000183.450, 313.0
Trd, 000184.117, 286
Trd, 000184.650, 276
Trd, 000185.100, 204
Trd, 000185.983, 214
Trd, 000186.583, 200
Trd, 000187.250, 205
Trd, 000187.483, 194
Trd, 000187.900, 204
Trd, 000188.250, 183
Trd, 000188.867, 194
Trd, 000189.500, 188
Trd, 000190.017, 187
Trd, 000191.167, 186
Trd, 000191.567, 185
Trd, 000191.683, 184
Trd, 000192.467, 186
Trd, 000192.867, 163
Trd, 000193.083, 184
Trd, 000193.250, 160
Trd, 000193.483, 181
Trd, 000193.950, 180
Trd, 000194.733, 184
Trd, 000195.367, 171
Trd, 000196.833, 172
Trd, 000198.300, 177
Trd, 000198.950, 175
Trd, 000200.250, 175
Trd, 000200.383, 177
Trd, 000201.033, 174
Trd, 000201.183, 176
Trd, 000201.667, 175
Trd, 000201.733, 177
Trd, 000202.000, 179
Trd, 000202.867, 175
Trd, 000203.633, 175
Trd, 000204.233, 176
Trd, 000204.517, 175
Trd, 000204.967, 173
Trd, 000205.200, 174
Trd, 000206.617, 175
Trd, 000206.900, 176
Trd, 000207.317, 174
Trd, 000207.433, 175
Trd, 000207.767, 173
Trd, 000207.933, 177
Trd, 000209.667, 174
Trd, 000209.733, 177
Trd, 000210.067, 174
Trd, 000210.867, 174
Trd, 000211.017, 176
Trd, 000211.250, 172
Trd, 000212.350, 176
Trd, 000212.450, 172
Trd, 000212.917, 172
Trd, 000213.383, 176
Trd, 000213.767, 172
Trd, 000214.033, 171
Trd, 000214.417, 183
Trd, 000215.333, 164
Trd, 000217.550, 161
Trd, 000217.717, 161
Trd, 000217.750, 163
Trd, 000217.967, 160
Trd, 000218.200, 161
Trd, 000219.067, 163
Trd, 000219.317, 162
Trd, 000220.767, 165
Trd, 000221.017, 170
Trd, 000222.833, 169
Trd, 000223.300, 170
Trd, 000223.333, 169
Trd, 000225.000, 170
Trd, 000225.267, 170
Trd, 000225.500, 170
Trd, 000226.650, 173
Trd, 000226.917, 173
Trd, 000227.467, 171
Trd, 000227.617, 171
Trd, 000227.867, 166
Trd, 000227.883, 172
Trd, 000228.633, 170
Trd, 000228.900, 172
Trd, 000229.650, 172
Trd, 000230.583, 172
Trd, 000231.533, 174
Trd, 000232.317, 177
Trd, 000232.983, 171
Trd, 000234.100, 170
Trd, 000235.467, 173
Trd, 000235.617, 170
Trd, 000235.750, 169
Trd, 000235.817, 173
Trd, 000236.200, 167
Trd, 000236.283, 172
Trd, 000236.817, 168
Trd, 000237.550, 167
Trd, 000237.683, 172
Trd, 000238.717, 169
Trd, 000239.133, 172
Trd, 000239.617, 170
Trd, 000239.900, 173
Trd, 000239.983, 172
Trd, 000240.300, 170
Trd, 000240.683, 169
Trd, 000240.950, 170
Trd, 000241.550, 173
Trd, 000241.900, 175
Trd, 000242.217, 182
Trd, 000243.100, 172
Trd, 000243.850, 176
Trd, 000243.983, 172
Trd, 000244.783, 172
Trd, 000244.833, 172
Trd, 000245.200, 174
Trd, 000245.333, 174
Trd, 000245.733, 171
Trd, 000246.500, 173
Trd, 000246.650, 169
Trd, 000247.533, 171
Trd, 000247.567, 174
Trd, 000247.800, 176
Trd, 000248.283, 178
Trd, 000248.533, 172
Trd, 000249.600, 173
Trd, 000249.683, 169
Trd, 000250.950, 169
Trd, 000251.017, 171
Trd, 000251.267, 172
Trd, 000251.450, 173
Trd, 000251.633, 173
Trd, 000251.750, 170
Trd, 000252.683, 175
Trd, 000252.700, 170
Trd, 000253.933, 171
Trd, 000253.950, 169
Trd, 000254.300, 169
Trd, 000254.383, 169
Trd, 000254.400, 171
Trd, 000255.583, 169
Trd, 000255.700, 170
Trd, 000257.000, 170
Trd, 000257.017, 171
Trd, 000257.333, 172
Trd, 000257.817, 169
Trd, 000258.383, 173
Trd, 000258.483, 173
Trd, 000259.183, 169
Trd, 000259.717, 170
Trd, 000260.067, 170
Trd, 000260.600, 170
Trd, 000260.833, 169
Trd, 000261.383, 170
Trd, 000261.483, 172
Trd, 000261.833, 169
Trd, 000261.850, 168
Trd, 000262.217, 175
Trd, 000262.233, 176
Trd, 000262.800, 178
Trd, 000263.300, 177
Trd, 000263.767, 175
Trd, 000264.717, 174
Trd, 000265.367, 172
Trd, 000265.467, 174
Trd, 000266.167, 173
Trd, 000266.450, 173
Trd, 000266.600, 176
Trd, 000266.633, 177
Trd, 000268.267, 179
Trd, 000268.467, 177
Trd, 000268.500, 182
Trd, 000269.100, 185
Trd, 000270.083, 186
Trd, 000270.133, 185
Trd, 000270.950, 189
Trd, 000271.550, 188
Trd, 000271.900, 189
Trd, 000272.150, 193
Trd, 000272.267, 192
Trd, 000272.333, 197
Trd, 000273.100, 189
Trd, 000273.933, 193
Trd, 000274.233, 195
Trd, 000274.333, 190
Trd, 000274.667, 187
Trd, 000274.917, 182
Trd, 000275.617, 180
Trd, 000275.767, 179
Trd, 000275.850, 186
Trd, 000276.467, 183
Trd, 000277.167, 188
Trd, 000277.467, 189
Trd, 000277.950, 201
Trd, 000277.983, 182
Trd, 000278.967, 183
Trd, 000279.267, 171
Trd, 000280.300, 183
Trd, 000280.667, 182
Trd, 000280.750, 183
Trd, 000280.767, 192
Trd, 000281.450, 182
Trd, 000281.683, 188
Trd, 000282.267, 182
Trd, 000282.300, 181
Trd, 000283.050, 185
Trd, 000283.533, 178
Trd, 000284.067, 183
Trd, 000284.100, 183
Trd, 000284.217, 183
Trd, 000284.233, 184
Trd, 000284.783, 178
Trd, 000285.267, 184
Trd, 000285.700, 184
Trd, 000285.750, 179
Trd, 000285.783, 173
Trd, 000286.100, 185
Trd, 000286.817, 177
Trd, 000286.883, 186
Trd, 000287.400, 185
Trd, 000288.617, 186
Trd, 000288.717, 178
Trd, 000288.883, 177
Trd, 000289.300, 173
Trd, 000289.633, 170
Trd, 000291.333, 178
Trd, 000291.433, 173
Trd, 000291.533, 179
Trd, 000291.767, 163
Trd, 000291.950, 157
Trd, 000291.983, 179
Trd, 000292.450, 180
Trd, 000293.067, 181
Trd, 000293.400, 182
Trd, 000293.617, 172
Trd, 000293.867, 183
Trd, 000294.100, 186
Trd, 000294.550, 176
Trd, 000296.283, 178
Trd, 000296.367, 182
Trd, 000296.433, 177
Trd, 000296.483, 176
Trd, 000297.633, 178
Trd, 000297.667, 183
Trd, 000298.100, 183
Trd, 000298.783, 177
Trd, 000299.017, 181
Trd, 000299.317, 171
