Trd, 000001.800, 131
Trd, 000002.000, 124
Trd, 000002.050, 184
Trd, 000002.367, 169
Trd, 000002.733, 167
Trd, 000004.700, 120
Trd, 000005.050, 127
Trd, 000005.600, 129
Trd, 000006.383, 134
Trd, 000006.433, 137
Trd, 000007.400, 140
Trd, 000007.700, 141
Trd, 000008.417, 142
Trd, 000008.883, 138
Trd, 000008.917, 137
Trd, 000009.017, 135
Trd, 000009.383, 140
Trd, 000009.800, 145
Trd, 000010.783, 146
Trd, 000010.900, 149
Trd, 000011.350, 150
Trd, 000011.667, 161
Trd, 000011.683, 145
Trd, 000012.200, 151
Trd, 000012.533, 152
Trd, 000013.133, 159
Trd, 000013.983, 148
Trd, 000014.750, 147
Trd, 000015.317, 152
Trd, 000015.650, 142
Trd, 000016.183, 146
Trd, 000016.383, 150
Trd, 000016.667, 151
Trd, 000016.833, 163
Trd, 000017.450, 158
Trd, 000018.583, 153
Trd, 000019.050, 152
Trd, 000019.233, 158
Trd, 000019.317, 160
Trd, 000019.433, 150
Trd, 000019.550, 164
Trd, 000019.833, 149
Trd, 000021.650, 160
Trd, 000021.867, 166
Trd, 000021.883, 146
Trd, 000022.967, 163
Trd, 000023.267, 166
Trd, 000023.817, 151
Trd, 000023.833, 167
Trd, 000024.283, 152
Trd, 000025.217, 155
Trd, 000025.667, 154
Trd, 000026.283, 165
Trd, 000026.433, 166
Trd, 000026.700, 167
Trd, 000028.033, 151
Trd, 000028.133, 149
Trd, 000028.400, 163
Trd, 000028.583, 143
Trd, 000028.650, 165
Trd, 000028.767, 164
Trd, 000028.967, 147
Trd, 000030.333, 167
Trd, 000030.733, 164
Trd, 000030.883, 158
Trd, 000031.183, 158
Trd, 000032.267, 165
Trd, 000033.467, 165
Trd, 000034.050, 161
Trd, 000034.133, 160
Trd, 000034.533, 158
Trd, 000034.667, 166
Trd, 000035.400, 153
Trd, 000036.100, 152
Trd, 000036.300, 144
Trd, 000036.400, 157
Trd, 000036.983, 154
Trd, 000037.517, 153
Trd, 000037.883, 153
Trd, 000037.983, 152
Trd, 000038.333, 151
Trd, 000038.717, 160
Trd, 000039.500, 157
Trd, 000040.017, 159
Trd, 000040.600, 162
Trd, 000041.183, 158
Trd, 000041.467, 164
Trd, 000041.633, 167
Trd, 000042.150, 156
Trd, 000043.583, 155
Trd, 000044.117, 156
Trd, 000044.317, 157
Trd, 000044.333, 159
Trd, 000044.517, 160
Trd, 000044.767, 155
Trd, 000046.100, 157
Trd, 000046.650, 157
Trd, 000046.683, 159
Trd, 000047.783, 156
Trd, 000048.067, 154
Trd, 000049.333, 157
Trd, 000049.433, 158
Trd, 000049.700, 155
Trd, 000050.100, 155
Trd, 000051.167, 154
Trd, 000051.350, 156
Trd, 000051.367, 152
Trd, 000052.200, 156
Trd, 000052.317, 154
Trd, 000053.150, 155
Trd, 000053.183, 161
Trd, 000053.983, 158
Trd, 000054.150, 163
Trd, 000055.317, 166
Trd, 000056.067, 156
Trd, 000056.567, 156
Trd, 000057.183, 164
Trd, 000057.367, 155
Trd, 000057.483, 155
Trd, 000059.350, 158
Trd, 000060.317, 157
Trd, 000060.667, 157
Trd, 000060.683, 156
Trd, 000060.700, 163
Trd, 000061.050, 153
Trd, 000061.083, 166
Trd, 000062.833, 162
Trd, 000064.317, 157
Trd, 000064.333, 162
Trd, 000064.483, 157
Trd, 000064.767, 156
Trd, 000064.867, 163
Trd, 000064.917, 156
Trd, 000065.383, 163
Trd, 000065.900, 155
Trd, 000066.050, 164
Trd, 000066.683, 156
Trd, 000066.817, 168
Trd, 000066.983, 153
Trd, 000069.017, 166
Trd, 000070.217, 158
Trd, 000070.967, 157
Trd, 000071.050, 161
Trd, 000071.533, 161
Trd, 000071.733, 159
Trd, 000072.050, 159
Trd, 000072.433, 158
Trd, 000073.233, 158
Trd, 000073.917, 155
Trd, 000074.250, 157
Trd, 000074.450, 157
Trd, 000075.367, 157
Trd, 000075.550, 156
Trd, 000075.633, 155
Trd, 000076.550, 166
Trd, 000076.750, 155
Trd, 000076.800, 169
Trd, 000077.983, 166
Trd, 000079.117, 165
Trd, 000079.467, 165
Trd, 000079.883, 163
Trd, 000080.933, 165
Trd, 000081.000, 163
Trd, 000081.100, 163
Trd, 000081.167, 170
Trd, 000082.917, 162
Trd, 000082.933, 170
Trd, 000084.133, 167
Trd, 000085.500, 163
Trd, 000085.583, 163
Trd, 000085.700, 162
Trd, 000085.967, 163
Trd, 000086.033, 163
Trd, 000086.550, 156
Trd, 000087.583, 164
Trd, 000087.850, 160
Trd, 000087.983, 153
Trd, 000088.133, 168
Trd, 000088.933, 169
Trd, 000089.583, 163
Trd, 000090.383, 161
Trd, 000090.883, 171
Trd, 000091.017, 174
Trd, 000091.733, 173
Trd, 000093.000, 172
Trd, 000093.617, 164
Trd, 000093.683, 170
Trd, 000093.750, 164
Trd, 000094.300, 165
Trd, 000094.400, 164
Trd, 000094.450, 170
Trd, 000094.550, 163
Trd, 000095.650, 169
Trd, 000095.683, 170
Trd, 000096.883, 166
Trd, 000098.033, 165
Trd, 000098.367, 165
Trd, 000098.517, 164
Trd, 000098.850, 166
Trd, 000099.017, 160
Trd, 000099.817, 163
Trd, 000100.083, 157
Trd, 000100.300, 163
Trd, 000100.967, 151
Trd, 000101.183, 164
Trd, 000101.783, 157
Trd, 000101.917, 166
Trd, 000103.267, 158
Trd, 000103.283, 160
Trd, 000104.533, 158
Trd, 000104.617, 150
Trd, 000105.333, 157
Trd, 000105.650, 157
Trd, 000105.717, 154
Trd, 000106.517, 156
Trd, 000106.900, 158
Trd, 000107.367, 162
Trd, 000107.433, 168
Trd, 000107.883, 172
Trd, 000108.283, 164
Trd, 000109.017, 164
Trd, 000109.167, 164
Trd, 000109.567, 164
Trd, 000110.433, 168
Trd, 000110.550, 164
Trd, 000110.583, 163
Trd, 000110.800, 158
Trd, 000111.350, 159
Trd, 000111.500, 150
Trd, 000111.733, 170
Trd, 000113.033, 165
Trd, 000113.900, 169
Trd, 000114.267, 162
Trd, 000114.467, 168
Trd, 000114.867, 154
Trd, 000115.867, 167
Trd, 000115.983, 169
Trd, 000116.217, 170
Trd, 000116.683, 164
Trd, 000116.700, 171
Trd, 000117.083, 166
Trd, 000118.483, 163
Trd, 000119.400, 166
Trd, 000119.417, 164
Trd, 000119.450, 167
Trd, 000119.700, 153
Trd, 000119.817, 170
Trd, 000120.800, 156
Trd, 000121.050, 161
Trd, 000122.333, 172
Trd, 000122.450, 174
Trd, 000122.567, 187
Trd, 000123.167, 227
Trd, 000123.733, 205
Trd, 000123.917, 170
Trd, 000124.000, 263
Trd, 000124.200, 334.0
Trd, 000125.200, 328
Trd, 000125.367, 331.0
Trd, 000125.400, 333
Trd, 000125.900, 324.0
Trd, 000127.233, 335.0
Trd, 000127.500, 334
Trd, 000127.867, 335.0
Trd, 000128.333, 337.0
Trd, 000129.550, 342
Trd, 000129.800, 340
Trd, 000129.850, 333
Trd, 000130.250, 336
Trd, 000130.433, 344.0
Trd, 000130.933, 348.0
Trd, 000131.850, 340
Trd, 000132.683, 344.0
Trd, 000132.800, 348
Trd, 000132.900, 339
Trd, 000133.700, 340
Trd, 000134.333, 339
Trd, 000134.533, 354
Trd, 000135.183, 357
Trd, 000135.250, 362
Trd, 000136.067, 362
Trd, 000136.400, 363
Trd, 000136.450, 342
Trd, 000137.550, 345
Trd, 000138.067, 346
Trd, 000138.500, 345
Trd, 000138.617, 337.0
Trd, 000138.933, 343.0
Trd, 000140.317, 343.0
Trd, 000141.817, 340.0
Trd, 000141.833, 338.0
Trd, 000142.483, 341
Trd, 000142.700, 344.0
Trd, 000143.283, 339
Trd, 000143.383, 338
Trd, 000144.133, 339
Trd, 000145.100, 344
Trd, 000145.200, 348.0
Trd, 000145.217, 372
Trd, 000145.933, 368.0
Trd, 000146.133, 365.0
Trd, 000146.717, 355
Trd, 000148.133, 361
Trd, 000149.283, 358.0
Trd, 000149.683, 357
Trd, 000149.767, 360
Trd, 000150.317, 355.0
Trd, 000150.800, 354
Trd, 000151.100, 351
Trd, 000151.367, 356
Trd, 000151.550, 350
Trd, 000151.733, 356
Trd, 000151.833, 357
Trd, 000152.300, 347
Trd, 000152.400, 358
Trd, 000152.800, 362
Trd, 000152.833, 346
Trd, 000153.183, 341.0
Trd, 000154.100, 339.0
Trd, 000154.567, 362
Trd, 000154.700, 364
Trd, 000155.267, 364
Trd, 000158.067, 359
Trd, 000158.550, 358
Trd, 000158.783, 347
Trd, 000158.867, 346
Trd, 000159.067, 360
Trd, 000159.533, 360
Trd, 000159.550, 346
Trd, 000160.100, 345
Trd, 000160.167, 365
Trd, 000160.817, 345
Trd, 000161.700, 343
Trd, 000161.833, 358
Trd, 000162.600, 357
Trd, 000162.933, 366
Trd, 000163.350, 345
Trd, 000163.383, 343
Trd, 000163.800, 341.0
Trd, 000164.633, 358
Trd, 000165.283, 361
Trd, 000165.583, 363
Trd, 000165.967, 355.0
Trd, 000167.367, 353
Trd, 000167.933, 349
Trd, 000169.167, 348
Trd, 000169.300, 354
Trd, 000169.383, 355
Trd, 000169.533, 361
Trd, 000170.550, 360
Trd, 000171.050, 349
Trd, 000171.167, 359
Trd, 000171.217, 348
Trd, 000171.350, 346
Trd, 000171.850, 361
Trd, 000172.583, 347
Trd, 000172.600, 363
Trd, 000173.767, 361
Trd, 000173.850, 356
Trd, 000173.950, 355.0
Trd, 000175.217, 347
Trd, 000176.217, 349
Trd, 000176.250, 357
Trd, 000177.017, 348
Trd, 000177.117, 347
Trd, 000177.333, 346
Trd, 000177.700, 343.0
Trd, 000178.400, 337
Trd, 000178.567, 343
Trd, 000179.767, 343.0
Trd, 000180.617, 338.0
Trd, 000181.017, 339.0
Trd, 000181.050, 344.0
Trd, 000181.717, 339.0
Trd, 000182.500, 338
Trd, 000182.583, 338
Trd, 000182.633, 337.0
Trd, 000182.817, 337
Trd, 000182.967, 331.0
Trd, 000183.617, 327.0
Trd, 000184.233, 327
Trd, 000184.783, 204
Trd, 000184.983, 241
Trd, 000185.583, 186
Trd, 000185.633, 218
Trd, 000185.750, 178
Trd, 000186.067, 184
Trd, 000187.067, 207
Trd, 000188.450, 199
Trd, 000189.767, 179
Trd, 000189.833, 177
Trd, 000190.200, 185
Trd, 000190.333, 185
Trd, 000190.583, 186
Trd, 000190.683, 187
Trd, 000190.900, 174
Trd, 000191.433, 182
Trd, 000191.483, 183
Trd, 000191.550, 164
Trd, 000191.567, 160
Trd, 000191.617, 184
Trd, 000191.967, 184
Trd, 000193.167, 163
Trd, 000193.383, 174
Trd, 000193.867, 153
Trd, 000194.467, 152
Trd, 000195.417, 184
Trd, 000195.467, 185
Trd, 000196.783, 171
Trd, 000197.017, 183
Trd, 000197.650, 183
Trd, 000197.750, 172
Trd, 000198.800, 172
Trd, 000198.867, 180
Trd, 000200.100, 177
Trd, 000200.867, 172
Trd, 000201.033, 175
Trd, 000201.783, 177
Trd, 000202.467, 177
Trd, 000202.783, 179
Trd, 000202.900, 174
Trd, 000203.400, 174
Trd, 000203.567, 183
Trd, 000204.483, 174
Trd, 000205.083, 171
Trd, 000205.533, 173
Trd, 000206.150, 169
Trd, 000206.267, 168
Trd, 000206.683, 169
Trd, 000207.000, 172
Trd, 000207.133, 161
Trd, 000208.217, 164
Trd, 000209.250, 158
Trd, 000209.533, 163
Trd, 000209.850, 162
Trd, 000210.500, 163
Trd, 000210.583, 165
Trd, 000210.633, 153
Trd, 000211.333, 161
Trd, 000211.550, 169
Trd, 000211.700, 179
Trd, 000213.233, 164
Trd, 000213.517, 165
Trd, 000213.750, 170
Trd, 000214.217, 165
Trd, 000214.817, 166
Trd, 000215.200, 166
Trd, 000215.400, 172
Trd, 000216.183, 166
Trd, 000217.033, 167
Trd, 000217.050, 166
Trd, 000217.217, 166
Trd, 000219.050, 171
Trd, 000219.067, 186
Trd, 000219.400, 165
Trd, 000219.883, 170
Trd, 000219.933, 186
Trd, 000220.950, 170
Trd, 000221.083, 181
Trd, 000221.483, 169
Trd, 000221.550, 167
Trd, 000222.000, 181
Trd, 000223.183, 179
Trd, 000223.350, 179
Trd, 000224.950, 172
Trd, 000225.633, 172
Trd, 000226.133, 172
Trd, 000226.317, 172
Trd, 000226.900, 174
Trd, 000226.950, 171
Trd, 000227.150, 175
Trd, 000227.567, 174
Trd, 000227.817, 184
Trd, 000228.867, 179
Trd, 000229.500, 179
Trd, 000229.817, 172
Trd, 000230.133, 174
Trd, 000230.850, 174
Trd, 000231.383, 173
Trd, 000232.100, 177
Trd, 000234.183, 176
Trd, 000234.633, 178
Trd, 000234.833, 174
Trd, 000235.700, 171
Trd, 000235.783, 177
Trd, 000236.233, 172
Trd, 000236.333, 171
Trd, 000236.400, 178
Trd, 000236.467, 170
Trd, 000237.833, 176
Trd, 000238.317, 162
Trd, 000238.367, 176
Trd, 000238.883, 182
Trd, 000239.300, 183
Trd, 000240.383, 176
Trd, 000240.833, 172
Trd, 000241.200, 174
Trd, 000241.417, 174
Trd, 000241.483, 176
Trd, 000241.700, 177
Trd, 000242.100, 177
Trd, 000242.267, 175
Trd, 000243.067, 172
Trd, 000243.350, 173
Trd, 000243.500, 172
Trd, 000244.300, 172
Trd, 000244.483, 171
Trd, 000244.583, 172
Trd, 000245.050, 172
Trd, 000245.283, 175
Trd, 000245.450, 171
Trd, 000245.467, 187
Trd, 000245.950, 170
Trd, 000246.867, 186
Trd, 000248.183, 170
Trd, 000248.333, 170
Trd, 000249.167, 169
Trd, 000249.317, 173
Trd, 000249.700, 168
Trd, 000250.333, 168
Trd, 000250.917, 168
Trd, 000250.933, 167
Trd, 000251.233, 168
Trd, 000251.750, 169
Trd, 000251.933, 163
Trd, 000252.050, 166
Trd, 000252.217, 170
Trd, 000253.033, 173
Trd, 000254.500, 173
Trd, 000254.867, 182
Trd, 000255.567, 168
Trd, 000256.033, 169
Trd, 000256.083, 168
Trd, 000257.283, 170
Trd, 000257.400, 173
Trd, 000258.250, 171
Trd, 000258.433, 169
Trd, 000258.483, 167
Trd, 000258.500, 173
Trd, 000259.250, 174
Trd, 000259.817, 169
Trd, 000259.883, 167
Trd, 000260.050, 170
Trd, 000260.233, 168
Trd, 000260.600, 168
Trd, 000261.133, 170
Trd, 000262.317, 185
Trd, 000262.650, 168
Trd, 000263.467, 167
Trd, 000263.550, 167
Trd, 000263.583, 167
Trd, 000263.950, 170
Trd, 000264.200, 171
Trd, 000264.367, 172
Trd, 000265.717, 187
Trd, 000265.800, 170
Trd, 000266.417, 182
Trd, 000266.683, 181
Trd, 000267.167, 182
Trd, 000267.367, 183
Trd, 000267.650, 174
Trd, 000268.100, 183
Trd, 000269.583, 181
Trd, 000269.867, 178
Trd, 000269.967, 177
Trd, 000270.200, 180
Trd, 000270.700, 177
Trd, 000270.833, 182
Trd, 000271.250, 176
Trd, 000271.550, 175
Trd, 000271.650, 186
Trd, 000271.950, 187
Trd, 000272.967, 175
Trd, 000273.667, 181
Trd, 000273.917, 182
Trd, 000274.050, 175
Trd, 000274.550, 173
Trd, 000274.617, 168
Trd, 000274.733, 161
Trd, 000275.867, 170
Trd, 000276.133, 165
Trd, 000276.667, 168
Trd, 000277.283, 164
Trd, 000277.550, 169
Trd, 000277.867, 170
Trd, 000278.400, 167
Trd, 000278.550, 168
Trd, 000279.117, 163
Trd, 000279.883, 170
Trd, 000280.100, 166
Trd, 000280.650, 172
Trd, 000281.600, 175
Trd, 000281.700, 176
Trd, 000282.300, 188
Trd, 000282.467, 169
Trd, 000282.617, 168
Trd, 000282.767, 167
Trd, 000282.817, 163
Trd, 000282.850, 172
Trd, 000283.150, 170
Trd, 000283.667, 189
Trd, 000284.150, 167
Trd, 000284.883, 185
Trd, 000285.033, 168
Trd, 000285.667, 182
Trd, 000286.533, 184
Trd, 000286.733, 183
Trd, 000286.833, 189
Trd, 000287.350, 186
Trd, 000287.633, 178
Trd, 000287.783, 177
Trd, 000287.833, 189
Trd, 000289.167, 170
Trd, 000289.267, 176
Trd, 000289.533, 180
Trd, 000290.317, 191
Trd, 000291.283, 184
Trd, 000291.633, 190
Trd, 000291.683, 183
Trd, 000291.767, 181
Trd, 000291.800, 180
Trd, 000292.000, 176
Trd, 000292.417, 190
Trd, 000293.017, 178
Trd, 000293.283, 169
Trd, 000293.417, 194
Trd, 000293.850, 174
Trd, 000294.583, 195
Trd, 000294.650, 172
Trd, 000295.417, 192
Trd, 000295.583, 193
Trd, 000296.317, 190
Trd, 000296.717, 172
Trd, 000296.783, 171
Trd, 000296.967, 186
Trd, 000297.067, 166
Trd, 000297.367, 164
Trd, 000298.350, 174
Trd, 000298.600, 177
Trd, 000298.667, 164
Trd, 000298.717, 195
Trd, 000299.983, 182
