Trd, 000000.750, 126
Trd, 000001.200, 127
Trd, 000002.400, 165
Trd, 000002.783, 110
Trd, 000002.850, 180
Trd, 000003.617, 153
Trd, 000004.483, 147
Trd, 000004.783, 145
Trd, 000005.350, 144
Trd, 000007.600, 146
Trd, 000007.867, 145
Trd, 000008.033, 145
Trd, 000009.267, 144
Trd, 000011.117, 142
Trd, 000011.317, 142
Trd, 000011.533, 145
Trd, 000011.600, 150
Trd, 000011.683, 139
Trd, 000012.350, 135
Trd, 000012.650, 118
Trd, 000013.083, 151
Trd, 000013.233, 159
Trd, 000013.917, 145
Trd, 000015.650, 151
Trd, 000015.767, 151
Trd, 000015.817, 147
Trd, 000016.717, 148
Trd, 000017.933, 151
Trd, 000018.883, 152
Trd, 000019.850, 149
Trd, 000019.900, 147
Trd, 000020.050, 146
Trd, 000020.833, 153
Trd, 000021.517, 148
Trd, 000021.967, 157
Trd, 000022.150, 148
Trd, 000022.200, 148
Trd, 000023.533, 149
Trd, 000023.600, 148
Trd, 000023.900, 153
Trd, 000025.267, 154
Trd, 000025.733, 148
Trd, 000025.867, 143
Trd, 000026.950, 154
Trd, 000027.800, 158
Trd, 000028.500, 155
Trd, 000028.833, 152
Trd, 000029.150, 139
Trd, 000030.067, 148
Trd, 000030.250, 155
Trd, 000030.283, 147
Trd, 000030.583, 146
Trd, 000030.967, 144
Trd, 000032.100, 153
Trd, 000032.150, 152
Trd, 000032.267, 148
Trd, 000032.583, 153
Trd, 000032.600, 147
Trd, 000033.367, 167
Trd, 000034.367, 165
Trd, 000034.517, 165
Trd, 000035.100, 161
Trd, 000035.633, 162
Trd, 000036.450, 156
Trd, 000037.117, 160
Trd, 000039.017, 159
Trd, 000039.450, 156
Trd, 000040.533, 156
Trd, 000040.883, 156
Trd, 000041.400, 155
Trd, 000041.967, 155
Trd, 000043.000, 154
Trd, 000043.500, 153
Trd, 000044.017, 153
Trd, 000044.817, 161
Trd, 000044.967, 162
Trd, 000045.383, 157
Trd, 000045.567, 156
Trd, 000046.267, 158
Trd, 000046.400, 151
Trd, 000047.500, 152
Trd, 000047.917, 159
Trd, 000047.950, 151
Trd, 000048.233, 149
Trd, 000048.600, 146
Trd, 000048.850, 158
Trd, 000049.500, 143
Trd, 000050.033, 157
Trd, 000052.783, 157
Trd, 000053.033, 151
Trd, 000053.317, 151
Trd, 000053.717, 158
Trd, 000054.650, 152
Trd, 000055.050, 151
Trd, 000056.550, 155
Trd, 000056.700, 156
Trd, 000056.867, 154
Trd, 000058.050, 153
Trd, 000058.800, 157
Trd, 000059.000, 156
Trd, 000059.067, 154
Trd, 000059.100, 160
Trd, 000060.117, 150
Trd, 000060.700, 147
Trd, 000060.883, 143
Trd, 000061.650, 156
Trd, 000061.850, 153
Trd, 000062.817, 168
Trd, 000063.117, 154
Trd, 000063.367, 151
Trd, 000063.933, 155
Trd, 000065.617, 154
Trd, 000066.017, 153
Trd, 000066.200, 154
Trd, 000066.400, 153
Trd, 000066.417, 151
Trd, 000066.633, 151
Trd, 000068.750, 152
Trd, 000069.033, 166
Trd, 000069.133, 151
Trd, 000070.150, 165
Trd, 000070.183, 159
Trd, 000070.967, 153
Trd, 000071.633, 154
Trd, 000072.500, 160
Trd, 000073.350, 155
Trd, 000073.433, 154
Trd, 000074.400, 153
Trd, 000074.483, 152
Trd, 000076.017, 158
Trd, 000076.450, 156
Trd, 000076.733, 151
Trd, 000078.267, 152
Trd, 000078.550, 155
Trd, 000079.017, 151
Trd, 000079.433, 150
Trd, 000079.500, 154
Trd, 000081.567, 153
Trd, 000083.067, 152
Trd, 000083.117, 155
Trd, 000084.267, 154
Trd, 000085.100, 155
Trd, 000085.150, 152
Trd, 000085.267, 151
Trd, 000085.300, 149
Trd, 000085.600, 150
Trd, 000085.983, 149
Trd, 000086.400, 156
Trd, 000087.933, 157
Trd, 000088.083, 157
Trd, 000088.400, 156
Trd, 000088.500, 158
Trd, 000089.050, 160
Trd, 000089.300, 151
Trd, 000089.367, 150
Trd, 000090.567, 154
Trd, 000091.350, 151
Trd, 000091.667, 153
Trd, 000091.850, 146
Trd, 000092.600, 162
Trd, 000093.233, 151
Trd, 000093.250, 151
Trd, 000094.267, 163
Trd, 000094.617, 156
Trd, 000097.317, 159
Trd, 000097.633, 160
Trd, 000097.683, 159
Trd, 000098.733, 159
Trd, 000099.367, 157
Trd, 000099.667, 154
Trd, 000100.833, 154
Trd, 000101.600, 158
Trd, 000102.250, 156
Trd, 000102.283, 155
Trd, 000102.333, 154
Trd, 000102.783, 159
Trd, 000103.750, 159
Trd, 000103.850, 158
Trd, 000105.200, 159
Trd, 000105.300, 160
Trd, 000105.767, 161
Trd, 000107.250, 158
Trd, 000107.550, 161
Trd, 000108.017, 154
Trd, 000108.783, 157
Trd, 000109.900, 154
Trd, 000110.017, 157
Trd, 000110.200, 157
Trd, 000110.900, 159
Trd, 000112.083, 155
Trd, 000112.500, 157
Trd, 000112.617, 157
Trd, 000112.717, 169
Trd, 000114.367, 161
Trd, 000114.650, 162
Trd, 000115.167, 158
Trd, 000115.817, 159
Trd, 000116.500, 161
Trd, 000117.133, 158
Trd, 000117.667, 157
Trd, 000118.217, 156
Trd, 000118.800, 156
Trd, 000119.167, 160
Trd, 000119.700, 156
Trd, 000120.817, 156
Trd, 000120.917, 156
Trd, 000121.300, 162
Trd, 000121.600, 161
Trd, 000121.817, 170
Trd, 000121.917, 173
Trd, 000122.283, 174
Trd, 000122.650, 203
Trd, 000122.867, 212
Trd, 000123.417, 197
Trd, 000123.550, 254
Trd, 000124.100, 295
Trd, 000124.167, 303.0
Trd, 000124.350, 272
Trd, 000125.683, 300.0
Trd, 000126.383, 306.0
Trd, 000126.417, 310.0
Trd, 000127.033, 320.0
Trd, 000127.617, 327.0
Trd, 000127.667, 340
Trd, 000127.883, 321.0
Trd, 000128.367, 321
Trd, 000128.867, 344.0
Trd, 000129.817, 336
Trd, 000130.217, 334
Trd, 000130.300, 333
Trd, 000131.467, 341
Trd, 000132.383, 341
Trd, 000132.550, 360
Trd, 000133.000, 353
Trd, 000133.133, 334.0
Trd, 000134.250, 337.0
Trd, 000134.650, 344.0
Trd, 000134.967, 348
Trd, 000135.450, 347
Trd, 000135.500, 350
Trd, 000136.267, 346
Trd, 000136.800, 352
Trd, 000137.167, 347
Trd, 000138.117, 347
Trd, 000138.400, 344
Trd, 000138.900, 337.0
Trd, 000140.267, 341
Trd, 000141.300, 344
Trd, 000141.317, 351
Trd, 000141.817, 344.0
Trd, 000142.267, 346
Trd, 000142.383, 344
Trd, 000142.933, 344.0
Trd, 000143.750, 345
Trd, 000143.867, 349
Trd, 000144.917, 337.0
Trd, 000145.817, 340
Trd, 000146.000, 347
Trd, 000146.167, 338
Trd, 000146.700, 337
Trd, 000147.633, 338.0
Trd, 000147.683, 344
Trd, 000148.217, 346
Trd, 000148.467, 345
Trd, 000148.700, 344.0
Trd, 000149.267, 341
Trd, 000149.550, 337.0
Trd, 000150.833, 337
Trd, 000151.150, 335.0
Trd, 000151.417, 343
Trd, 000153.317, 342
Trd, 000153.433, 344.0
Trd, 000154.950, 339
Trd, 000155.417, 340
Trd, 000155.467, 346
Trd, 000155.483, 339
Trd, 000155.667, 338
Trd, 000156.150, 338
Trd, 000156.217, 337.0
Trd, 000157.467, 343
Trd, 000158.117, 338
Trd, 000158.317, 347
Trd, 000159.117, 348
Trd, 000160.017, 350
Trd, 000160.217, 347
Trd, 000161.117, 348
Trd, 000161.417, 347
Trd, 000162.583, 346
Trd, 000162.817, 344.0
Trd, 000163.083, 348
Trd, 000164.300, 344
Trd, 000164.667, 345
Trd, 000165.033, 342
Trd, 000165.317, 347
Trd, 000166.517, 344.0
Trd, 000166.583, 342
Trd, 000166.683, 346
Trd, 000167.933, 349
Trd, 000169.267, 342.0
Trd, 000169.350, 350
Trd, 000169.967, 346
Trd, 000170.283, 341.0
Trd, 000170.550, 349
Trd, 000171.800, 348
Trd, 000173.433, 346
Trd, 000173.633, 345
Trd, 000173.700, 348
Trd, 000174.117, 347
Trd, 000174.183, 344
Trd, 000175.300, 344
Trd, 000176.517, 348
Trd, 000177.083, 344.0
Trd, 000177.867, 339.0
Trd, 000177.917, 346
Trd, 000178.100, 337.0
Trd, 000178.150, 350
Trd, 000178.817, 348
Trd, 000179.483, 344.0
Trd, 000180.567, 345
Trd, 000180.950, 341.0
Trd, 000181.033, 339
Trd, 000181.733, 337
Trd, 000181.767, 336
Trd, 000182.083, 334.0
Trd, 000182.117, 306
Trd, 000182.183, 303.0
Trd, 000183.750, 283
Trd, 000183.850, 334
Trd, 000184.633, 159
Trd, 000185.650, 177
Trd, 000185.950, 174
Trd, 000186.467, 176
Trd, 000186.900, 178
Trd, 000187.350, 176
Trd, 000187.400, 174
Trd, 000188.567, 174
Trd, 000188.933, 173
Trd, 000189.933, 173
Trd, 000190.383, 173
Trd, 000190.850, 170
Trd, 000191.300, 174
Trd, 000191.500, 181
Trd, 000191.650, 163
Trd, 000191.750, 160
Trd, 000193.217, 166
Trd, 000193.300, 163
Trd, 000193.733, 160
Trd, 000195.767, 173
Trd, 000196.000, 174
Trd, 000196.233, 169
Trd, 000196.400, 175
Trd, 000196.817, 177
Trd, 000198.017, 172
Trd, 000198.100, 174
Trd, 000198.550, 171
Trd, 000200.250, 165
Trd, 000200.667, 165
Trd, 000201.383, 172
Trd, 000201.850, 164
Trd, 000202.367, 157
Trd, 000203.150, 164
Trd, 000203.717, 168
Trd, 000204.433, 168
Trd, 000205.950, 166
Trd, 000205.983, 168
Trd, 000206.250, 167
Trd, 000207.567, 170
Trd, 000207.600, 168
Trd, 000207.667, 178
Trd, 000208.200, 173
Trd, 000209.983, 177
Trd, 000210.167, 174
Trd, 000210.533, 174
Trd, 000210.617, 172
Trd, 000211.333, 166
Trd, 000213.217, 168
Trd, 000213.300, 170
Trd, 000213.617, 170
Trd, 000213.983, 171
Trd, 000214.433, 165
Trd, 000214.517, 162
Trd, 000214.533, 158
Trd, 000214.550, 155
Trd, 000215.433, 170
Trd, 000216.117, 177
Trd, 000216.833, 165
Trd, 000216.983, 166
Trd, 000217.267, 161
Trd, 000219.050, 168
Trd, 000219.767, 169
Trd, 000221.600, 169
Trd, 000221.950, 168
Trd, 000222.000, 168
Trd, 000222.017, 167
Trd, 000222.817, 168
Trd, 000224.000, 169
Trd, 000224.533, 170
Trd, 000224.683, 168
Trd, 000226.433, 168
Trd, 000226.450, 170
Trd, 000226.817, 180
Trd, 000227.117, 170
Trd, 000227.600, 170
Trd, 000229.033, 172
Trd, 000229.550, 170
Trd, 000230.067, 164
Trd, 000231.483, 173
Trd, 000232.617, 170
Trd, 000232.850, 168
Trd, 000233.400, 169
Trd, 000234.083, 173
Trd, 000234.667, 172
Trd, 000235.117, 170
Trd, 000235.333, 168
Trd, 000235.917, 168
Trd, 000236.783, 169
Trd, 000237.700, 172
Trd, 000237.900, 170
Trd, 000238.400, 169
Trd, 000238.783, 172
Trd, 000239.183, 171
Trd, 000239.317, 172
Trd, 000239.467, 168
Trd, 000239.600, 167
Trd, 000240.583, 174
Trd, 000240.917, 176
Trd, 000241.483, 181
Trd, 000241.683, 182
Trd, 000241.900, 176
Trd, 000242.500, 182
Trd, 000242.850, 181
Trd, 000243.783, 181
Trd, 000244.667, 179
Trd, 000244.800, 175
Trd, 000245.333, 180
Trd, 000246.217, 178
Trd, 000246.500, 180
Trd, 000247.017, 177
Trd, 000247.067, 176
Trd, 000248.283, 176
Trd, 000248.567, 180
Trd, 000248.800, 181
Trd, 000249.117, 182
Trd, 000249.167, 178
Trd, 000249.667, 180
Trd, 000249.783, 178
Trd, 000251.050, 178
Trd, 000251.567, 177
Trd, 000251.883, 180
Trd, 000252.100, 180
Trd, 000252.183, 181
Trd, 000252.433, 177
Trd, 000252.833, 180
Trd, 000252.883, 178
Trd, 000253.367, 181
Trd, 000253.783, 182
Trd, 000255.467, 182
Trd, 000255.933, 178
Trd, 000256.183, 177
Trd, 000256.483, 180
Trd, 000256.733, 183
Trd, 000257.517, 180
Trd, 000257.750, 183
Trd, 000258.033, 186
Trd, 000258.150, 184
Trd, 000258.933, 185
Trd, 000259.133, 185
Trd, 000259.217, 184
Trd, 000259.500, 182
Trd, 000259.783, 186
Trd, 000260.817, 184
Trd, 000260.983, 183
Trd, 000261.817, 181
Trd, 000262.183, 178
Trd, 000262.367, 174
Trd, 000262.500, 170
Trd, 000262.667, 178
Trd, 000263.183, 177
Trd, 000263.517, 179
Trd, 000263.917, 179
Trd, 000264.250, 178
Trd, 000264.567, 178
Trd, 000264.583, 175
Trd, 000264.983, 175
Trd, 000265.667, 179
Trd, 000266.867, 173
Trd, 000267.367, 175
Trd, 000267.617, 178
Trd, 000267.683, 174
Trd, 000268.067, 178
Trd, 000268.483, 175
Trd, 000268.533, 171
Trd, 000269.150, 179
Trd, 000269.167, 174
Trd, 000269.700, 174
Trd, 000269.867, 180
Trd, 000269.983, 184
Trd, 000270.567, 188
Trd, 000271.100, 175
Trd, 000271.917, 181
Trd, 000272.400, 190
Trd, 000272.617, 188
Trd, 000272.850, 185
Trd, 000273.100, 185
Trd, 000273.233, 191
Trd, 000274.617, 186
Trd, 000274.900, 185
Trd, 000274.950, 184
Trd, 000275.617, 186
Trd, 000275.767, 178
Trd, 000275.867, 174
Trd, 000276.250, 171
Trd, 000276.333, 184
Trd, 000276.717, 177
Trd, 000277.233, 176
Trd, 000277.950, 175
Trd, 000277.967, 183
Trd, 000278.300, 168
Trd, 000278.567, 181
Trd, 000278.617, 174
Trd, 000278.650, 172
Trd, 000279.467, 182
Trd, 000279.617, 178
Trd, 000280.417, 181
Trd, 000282.000, 181
Trd, 000282.067, 183
Trd, 000282.150, 183
Trd, 000282.383, 180
Trd, 000283.267, 185
Trd, 000283.783, 186
Trd, 000284.050, 186
Trd, 000284.467, 186
Trd, 000285.067, 190
Trd, 000285.550, 185
Trd, 000285.750, 180
Trd, 000285.850, 187
Trd, 000286.067, 179
Trd, 000286.317, 186
Trd, 000286.617, 183
Trd, 000286.667, 188
Trd, 000287.217, 189
Trd, 000287.817, 186
Trd, 000287.867, 175
Trd, 000288.133, 187
Trd, 000288.783, 182
Trd, 000288.900, 180
Trd, 000289.267, 178
Trd, 000289.633, 182
Trd, 000289.817, 187
Trd, 000290.450, 187
Trd, 000291.067, 185
Trd, 000292.633, 186
Trd, 000293.083, 185
Trd, 000293.167, 184
Trd, 000293.433, 184
Trd, 000293.483, 179
Trd, 000293.583, 176
Trd, 000294.067, 173
Trd, 000294.183, 184
Trd, 000294.367, 166
Trd, 000294.400, 163
Trd, 000295.950, 181
Trd, 000296.067, 182
Trd, 000296.167, 187
Trd, 000296.617, 179
Trd, 000297.150, 192
Trd, 000297.467, 196
Trd, 000297.500, 197
Trd, 000297.517, 179
Trd, 000297.700, 201
Trd, 000297.967, 179
Trd, 000298.450, 177
