Trd, 000001.383, 180
Trd, 000002.033, 179
Trd, 000002.300, 144
Trd, 000002.950, 157
Trd, 000002.983, 136
Trd, 000003.400, 137
Trd, 000003.517, 120
Trd, 000004.767, 126
Trd, 000004.967, 127
Trd, 000005.850, 131
Trd, 000006.583, 129
Trd, 000007.117, 127
Trd, 000007.483, 137
Trd, 000007.633, 138
Trd, 000008.583, 153
Trd, 000009.067, 159
Trd, 000009.233, 139
Trd, 000009.267, 127
Trd, 000011.033, 138
Trd, 000011.183, 140
Trd, 000011.900, 136
Trd, 000013.400, 140
Trd, 000013.767, 138
Trd, 000015.150, 142
Trd, 000015.383, 142
Trd, 000015.467, 150
Trd, 000015.517, 136
Trd, 000016.300, 155
Trd, 000016.433, 156
Trd, 000017.200, 139
Trd, 000018.500, 139
Trd, 000019.283, 139
Trd, 000019.650, 143
Trd, 000019.917, 144
Trd, 000020.500, 133
Trd, 000021.100, 136
Trd, 000022.550, 138
Trd, 000023.200, 138
Trd, 000023.250, 139
Trd, 000023.833, 143
Trd, 000023.917, 146
Trd, 000024.083, 147
Trd, 000024.617, 138
Trd, 000024.833, 136
Trd, 000025.133, 143
Trd, 000026.867, 134
Trd, 000026.900, 145
Trd, 000027.100, 146
Trd, 000027.583, 146
Trd, 000028.433, 155
Trd, 000028.533, 141
Trd, 000028.717, 153
Trd, 000030.200, 161
Trd, 000030.300, 151
Trd, 000030.667, 169
Trd, 000031.800, 147
Trd, 000033.417, 152
Trd, 000033.967, 154
Trd, 000034.667, 153
Trd, 000034.767, 151
Trd, 000035.350, 155
Trd, 000035.767, 151
Trd, 000037.017, 151
Trd, 000037.700, 150
Trd, 000037.933, 146
Trd, 000038.200, 133
Trd, 000038.483, 148
Trd, 000038.667, 149
Trd, 000039.533, 148
Trd, 000040.383, 147
Trd, 000041.933, 145
Trd, 000042.133, 146
Trd, 000042.750, 145
Trd, 000043.100, 146
Trd, 000043.183, 147
Trd, 000043.233, 152
Trd, 000043.417, 162
Trd, 000043.517, 141
Trd, 000043.850, 153
Trd, 000044.583, 168
Trd, 000044.650, 152
Trd, 000046.983, 153
Trd, 000047.183, 154
Trd, 000047.217, 153
Trd, 000048.200, 152
Trd, 000048.283, 154
Trd, 000049.133, 151
Trd, 000049.383, 155
Trd, 000049.950, 153
Trd, 000050.367, 153
Trd, 000050.400, 148
Trd, 000050.533, 142
Trd, 000051.767, 142
Trd, 000052.567, 144
Trd, 000053.067, 138
Trd, 000053.083, 146
Trd, 000053.350, 148
Trd, 000053.517, 135
Trd, 000053.567, 132
Trd, 000054.367, 144
Trd, 000055.917, 144
Trd, 000056.150, 156
Trd, 000056.250, 142
Trd, 000057.650, 146
Trd, 000059.433, 146
Trd, 000059.533, 144
Trd, 000059.967, 145
Trd, 000060.417, 144
Trd, 000060.833, 147
Trd, 000061.283, 145
Trd, 000062.150, 147
Trd, 000062.433, 147
Trd, 000062.483, 152
Trd, 000062.800, 144
Trd, 000063.033, 154
Trd, 000063.767, 164
Trd, 000064.367, 152
Trd, 000064.483, 144
Trd, 000064.767, 135
Trd, 000065.617, 152
Trd, 000066.583, 156
Trd, 000066.717, 157
Trd, 000068.350, 156
Trd, 000069.000, 155
Trd, 000069.600, 153
Trd, 000069.933, 152
Trd, 000069.967, 164
Trd, 000070.167, 165
Trd, 000070.367, 150
Trd, 000072.083, 147
Trd, 000072.400, 151
Trd, 000072.983, 144
Trd, 000073.567, 150
Trd, 000073.800, 162
Trd, 000073.867, 162
Trd, 000074.050, 148
Trd, 000074.417, 147
Trd, 000074.433, 144
Trd, 000074.967, 154
Trd, 000075.833, 160
Trd, 000077.483, 161
Trd, 000077.650, 158
Trd, 000078.867, 156
Trd, 000079.567, 157
Trd, 000080.133, 156
Trd, 000080.633, 151
Trd, 000081.800, 155
Trd, 000082.017, 156
Trd, 000082.217, 145
Trd, 000082.250, 135
Trd, 000082.817, 136
Trd, 000083.250, 145
Trd, 000083.433, 150
Trd, 000083.733, 151
Trd, 000084.367, 149
Trd, 000084.633, 149
Trd, 000085.317, 166
Trd, 000086.650, 152
Trd, 000086.833, 157
Trd, 000088.850, 147
Trd, 000088.867, 165
Trd, 000089.667, 157
Trd, 000089.733, 162
Trd, 000090.717, 153
Trd, 000091.117, 151
Trd, 000092.083, 153
Trd, 000092.133, 156
Trd, 000092.233, 152
Trd, 000093.033, 157
Trd, 000093.150, 162
Trd, 000095.900, 162
Trd, 000096.617, 165
Trd, 000097.133, 159
Trd, 000097.733, 164
Trd, 000098.117, 165
Trd, 000098.917, 159
Trd, 000099.267, 158
Trd, 000100.033, 158
Trd, 000100.250, 157
Trd, 000101.317, 158
Trd, 000102.450, 156
Trd, 000102.617, 159
Trd, 000102.933, 146
Trd, 000103.033, 160
Trd, 000103.067, 147
Trd, 000103.183, 137
Trd, 000103.633, 160
Trd, 000104.050, 161
Trd, 000105.667, 158
Trd, 000105.800, 162
Trd, 000107.417, 169
Trd, 000108.500, 163
Trd, 000108.883, 162
Trd, 000109.067, 164
Trd, 000109.200, 159
Trd, 000109.367, 153
Trd, 000109.733, 165
Trd, 000109.950, 167
Trd, 000111.017, 159
Trd, 000111.433, 169
Trd, 000112.533, 160
Trd, 000112.883, 160
Trd, 000113.750, 163
Trd, 000113.867, 169
Trd, 000114.400, 159
Trd, 000114.533, 158
Trd, 000117.083, 159
Trd, 000117.617, 158
Trd, 000118.033, 158
Trd, 000118.983, 155
Trd, 000119.367, 156
Trd, 000119.567, 158
Trd, 000120.733, 155
Trd, 000120.833, 158
Trd, 000120.917, 159
Trd, 000121.567, 159
Trd, 000122.083, 160
Trd, 000122.583, 170
Trd, 000122.600, 178
Trd, 000123.517, 198
Trd, 000123.583, 215
Trd, 000124.150, 293
Trd, 000124.533, 327.0
Trd, 000124.600, 293
Trd, 000125.533, 330.0
Trd, 000125.600, 331.0
Trd, 000125.800, 334.0
Trd, 000126.333, 337.0
Trd, 000127.333, 337
Trd, 000127.350, 327
Trd, 000127.450, 341.0
Trd, 000127.950, 349
Trd, 000128.150, 358.0
Trd, 000128.750, 340
Trd, 000128.967, 330
Trd, 000130.067, 331.0
Trd, 000130.233, 340
Trd, 000130.383, 352
Trd, 000130.400, 356
Trd, 000131.167, 336.0
Trd, 000132.333, 336.0
Trd, 000132.633, 337.0
Trd, 000133.167, 332
Trd, 000133.783, 331
Trd, 000133.850, 341.0
Trd, 000134.417, 330
Trd, 000134.583, 343
Trd, 000135.267, 358.0
Trd, 000135.567, 331.0
Trd, 000136.750, 336.0
Trd, 000136.983, 337.0
Trd, 000137.050, 338
Trd, 000137.883, 331
Trd, 000138.083, 347
Trd, 000138.583, 337.0
Trd, 000138.800, 330
Trd, 000139.433, 343
Trd, 000141.783, 337.0
Trd, 000141.983, 332
Trd, 000142.283, 339
Trd, 000143.867, 335
Trd, 000144.317, 334
Trd, 000144.617, 336
Trd, 000145.800, 337.0
Trd, 000146.050, 333
Trd, 000146.433, 336
Trd, 000147.650, 335
Trd, 000147.883, 331
Trd, 000149.350, 330.0
Trd, 000149.800, 329
Trd, 000150.150, 328
Trd, 000150.667, 331.0
Trd, 000150.767, 329
Trd, 000150.817, 332
Trd, 000152.783, 331
Trd, 000154.350, 332
Trd, 000154.517, 334.0
Trd, 000154.817, 337.0
Trd, 000155.567, 338.0
Trd, 000155.733, 337.0
Trd, 000156.383, 328
Trd, 000157.467, 337.0
Trd, 000157.700, 342
Trd, 000159.067, 340
Trd, 000159.967, 338.0
Trd, 000160.583, 341
Trd, 000160.683, 337.0
Trd, 000162.083, 337.0
Trd, 000162.650, 332
Trd, 000162.683, 342
Trd, 000163.933, 333
Trd, 000164.950, 340
Trd, 000165.217, 341
Trd, 000165.683, 332
Trd, 000165.717, 341
Trd, 000165.833, 331
Trd, 000165.967, 330
Trd, 000166.883, 340.0
Trd, 000167.917, 337.0
Trd, 000169.500, 341
Trd, 000169.833, 337
Trd, 000170.633, 337.0
Trd, 000171.083, 335
Trd, 000171.500, 341
Trd, 000172.183, 336
Trd, 000172.767, 341.0
Trd, 000173.417, 340
Trd, 000174.283, 337.0
Trd, 000175.633, 334
Trd, 000177.117, 336.0
Trd, 000177.150, 337.0
Trd, 000177.250, 333
Trd, 000177.467, 341.0
Trd, 000177.867, 338
Trd, 000178.167, 342
Trd, 000178.600, 337.0
Trd, 000178.833, 332
Trd, 000179.283, 348
Trd, 000179.733, 349
Trd, 000180.017, 356
Trd, 000181.367, 347
Trd, 000181.617, 340
Trd, 000182.200, 333
Trd, 000182.383, 317.0
Trd, 000182.467, 310.0
Trd, 000182.583, 221
Trd, 000183.350, 197
Trd, 000184.000, 292
Trd, 000184.267, 190
Trd, 000185.900, 191
Trd, 000186.450, 186
Trd, 000187.583, 155
Trd, 000187.600, 156
Trd, 000188.000, 155
Trd, 000189.917, 165
Trd, 000190.967, 157
Trd, 000191.150, 156
Trd, 000191.433, 165
Trd, 000191.600, 155
Trd, 000192.033, 154
Trd, 000192.433, 162
Trd, 000192.533, 163
Trd, 000193.667, 162
Trd, 000194.067, 158
Trd, 000194.433, 156
Trd, 000195.650, 156
Trd, 000196.517, 159
Trd, 000196.833, 156
Trd, 000196.917, 160
Trd, 000197.200, 157
Trd, 000198.333, 168
Trd, 000198.717, 177
Trd, 000199.100, 174
Trd, 000199.150, 163
Trd, 000199.400, 162
Trd, 000199.700, 178
Trd, 000200.800, 165
Trd, 000202.550, 160
Trd, 000202.700, 163
Trd, 000203.700, 162
Trd, 000203.867, 186
Trd, 000204.367, 171
Trd, 000205.367, 170
Trd, 000205.833, 174
Trd, 000205.867, 171
Trd, 000206.133, 157
Trd, 000206.317, 168
Trd, 000206.983, 168
Trd, 000207.583, 167
Trd, 000208.000, 167
Trd, 000208.033, 168
Trd, 000208.883, 165
Trd, 000209.033, 167
Trd, 000209.550, 167
Trd, 000210.917, 168
Trd, 000210.933, 166
Trd, 000211.333, 169
Trd, 000212.117, 169
Trd, 000212.367, 164
Trd, 000213.650, 178
Trd, 000214.183, 166
Trd, 000214.767, 176
Trd, 000216.400, 170
Trd, 000216.567, 172
Trd, 000216.583, 173
Trd, 000216.783, 169
Trd, 000218.217, 165
Trd, 000218.683, 171
Trd, 000219.067, 172
Trd, 000219.417, 169
Trd, 000219.967, 170
Trd, 000220.467, 180
Trd, 000220.867, 176
Trd, 000221.167, 165
Trd, 000221.783, 175
Trd, 000222.833, 170
Trd, 000223.167, 176
Trd, 000223.183, 176
Trd, 000223.233, 168
Trd, 000225.050, 167
Trd, 000225.650, 165
Trd, 000225.917, 167
Trd, 000225.983, 168
Trd, 000226.200, 170
Trd, 000226.317, 166
Trd, 000226.833, 165
Trd, 000228.033, 171
Trd, 000228.483, 164
Trd, 000228.533, 160
Trd, 000228.800, 178
Trd, 000228.883, 179
Trd, 000229.150, 180
Trd, 000229.217, 159
Trd, 000230.383, 182
Trd, 000230.800, 171
Trd, 000231.567, 165
Trd, 000233.033, 163
Trd, 000234.200, 163
Trd, 000234.217, 164
Trd, 000234.567, 171
Trd, 000235.233, 184
Trd, 000235.433, 160
Trd, 000235.650, 178
Trd, 000235.783, 161
Trd, 000236.383, 195
Trd, 000237.050, 188
Trd, 000237.600, 189
Trd, 000239.133, 176
Trd, 000239.333, 174
Trd, 000240.550, 173
Trd, 000240.583, 175
Trd, 000240.650, 178
Trd, 000241.033, 172
Trd, 000241.383, 177
Trd, 000242.000, 176
Trd, 000242.117, 175
Trd, 000242.150, 172
Trd, 000243.267, 172
Trd, 000243.767, 171
Trd, 000243.867, 170
Trd, 000244.150, 174
Trd, 000245.117, 169
Trd, 000245.167, 168
Trd, 000245.550, 169
Trd, 000245.933, 166
Trd, 000245.950, 172
Trd, 000246.300, 172
Trd, 000246.733, 164
Trd, 000247.117, 171
Trd, 000247.850, 175
Trd, 000247.967, 175
Trd, 000248.533, 179
Trd, 000248.550, 180
Trd, 000248.983, 178
Trd, 000249.633, 182
Trd, 000250.417, 190
Trd, 000250.550, 183
Trd, 000251.167, 183
Trd, 000252.067, 180
Trd, 000252.200, 176
Trd, 000252.817, 181
Trd, 000253.167, 179
Trd, 000253.183, 181
Trd, 000253.683, 179
Trd, 000254.067, 176
Trd, 000254.217, 176
Trd, 000254.467, 177
Trd, 000254.483, 173
Trd, 000255.067, 175
Trd, 000255.417, 174
Trd, 000255.917, 180
Trd, 000256.200, 169
Trd, 000257.167, 176
Trd, 000257.967, 174
Trd, 000259.250, 177
Trd, 000260.050, 181
Trd, 000260.167, 180
Trd, 000260.350, 181
Trd, 000260.417, 176
Trd, 000261.067, 178
Trd, 000261.167, 177
Trd, 000261.483, 181
Trd, 000262.033, 181
Trd, 000262.267, 183
Trd, 000262.550, 177
Trd, 000263.367, 182
Trd, 000263.450, 180
Trd, 000263.517, 176
Trd, 000263.767, 174
Trd, 000264.633, 179
Trd, 000264.950, 177
Trd, 000265.733, 177
Trd, 000266.583, 177
Trd, 000266.800, 176
Trd, 000266.817, 175
Trd, 000267.067, 179
Trd, 000267.633, 172
Trd, 000267.667, 173
Trd, 000267.933, 174
Trd, 000268.933, 173
Trd, 000269.767, 174
Trd, 000270.183, 175
Trd, 000270.383, 172
Trd, 000271.133, 172
Trd, 000271.300, 172
Trd, 000271.750, 174
Trd, 000272.083, 170
Trd, 000272.233, 164
Trd, 000272.483, 173
Trd, 000272.617, 168
Trd, 000272.817, 174
Trd, 000272.850, 176
Trd, 000273.400, 182
Trd, 000273.783, 162
Trd, 000273.900, 163
Trd, 000274.267, 164
Trd, 000274.283, 168
Trd, 000275.183, 172
Trd, 000275.283, 178
Trd, 000275.567, 176
Trd, 000276.750, 170
Trd, 000276.883, 175
Trd, 000277.350, 175
Trd, 000277.917, 184
Trd, 000278.483, 184
Trd, 000278.783, 181
Trd, 000279.300, 180
Trd, 000280.067, 184
Trd, 000280.733, 183
Trd, 000281.800, 179
Trd, 000281.867, 178
Trd, 000282.167, 176
Trd, 000282.317, 180
Trd, 000282.333, 181
Trd, 000282.967, 181
Trd, 000283.050, 180
Trd, 000283.567, 181
Trd, 000284.333, 176
Trd, 000285.000, 185
Trd, 000286.233, 171
Trd, 000286.383, 177
Trd, 000286.467, 179
Trd, 000287.067, 179
Trd, 000287.183, 193
Trd, 000287.600, 187
Trd, 000288.550, 195
Trd, 000288.900, 183
Trd, 000289.433, 180
Trd, 000291.450, 183
Trd, 000291.633, 185
Trd, 000291.867, 185
Trd, 000292.100, 186
Trd, 000292.250, 186
Trd, 000292.550, 184
Trd, 000292.600, 180
Trd, 000292.933, 177
Trd, 000293.750, 179
Trd, 000293.767, 183
Trd, 000294.350, 180
Trd, 000295.017, 179
Trd, 000295.083, 177
Trd, 000295.100, 172
Trd, 000295.167, 183
Trd, 000295.483, 176
Trd, 000295.767, 166
Trd, 000296.483, 177
Trd, 000296.883, 172
Trd, 000296.900, 177
Trd, 000297.300, 161
Trd, 000298.550, 178
Trd, 000298.917, 195
Trd, 000299.450, 178
