Trd, 000003.150, 143
Trd, 000003.183, 149
Trd, 000003.433, 142
Trd, 000003.517, 150
Trd, 000003.567, 151
Trd, 000004.050, 151
Trd, 000004.850, 130
Trd, 000004.917, 143
Trd, 000005.183, 129
Trd, 000005.817, 142
Trd, 000006.083, 139
Trd, 000006.183, 143
Trd, 000006.783, 136
Trd, 000008.683, 146
Trd, 000010.233, 144
Trd, 000010.317, 146
Trd, 000010.983, 144
Trd, 000011.350, 148
Trd, 000011.633, 149
Trd, 000013.133, 148
Trd, 000013.183, 147
Trd, 000013.283, 149
Trd, 000014.017, 150
Trd, 000014.400, 173
Trd, 000014.683, 179
Trd, 000014.700, 180
Trd, 000015.267, 149
Trd, 000016.217, 151
Trd, 000016.267, 152
Trd, 000016.750, 181
Trd, 000017.033, 150
Trd, 000017.500, 153
Trd, 000018.150, 151
Trd, 000019.100, 152
Trd, 000019.583, 150
Trd, 000021.300, 149
Trd, 000021.550, 148
Trd, 000021.667, 149
Trd, 000021.800, 148
Trd, 000022.300, 152
Trd, 000022.650, 151
Trd, 000023.450, 151
Trd, 000023.783, 148
Trd, 000024.850, 158
Trd, 000025.917, 153
Trd, 000025.933, 154
Trd, 000026.483, 153
Trd, 000026.600, 148
Trd, 000026.783, 156
Trd, 000026.867, 174
Trd, 000029.500, 154
Trd, 000029.950, 154
Trd, 000030.517, 155
Trd, 000030.800, 154
Trd, 000030.883, 148
Trd, 000032.050, 153
Trd, 000032.117, 154
Trd, 000032.333, 146
Trd, 000032.583, 154
Trd, 000033.650, 151
Trd, 000033.867, 147
Trd, 000034.833, 150
Trd, 000035.100, 149
Trd, 000036.217, 147
Trd, 000036.250, 150
Trd, 000036.583, 146
Trd, 000037.600, 148
Trd, 000037.883, 149
Trd, 000037.900, 148
Trd, 000038.650, 152
Trd, 000039.083, 148
Trd, 000040.167, 154
Trd, 000040.767, 149
Trd, 000041.167, 152
Trd, 000042.367, 152
Trd, 000042.600, 151
Trd, 000042.717, 153
Trd, 000042.917, 152
Trd, 000043.183, 148
Trd, 000043.467, 149
Trd, 000043.550, 152
Trd, 000044.167, 155
Trd, 000044.400, 156
Trd, 000045.933, 166
Trd, 000046.083, 158
Trd, 000046.300, 162
Trd, 000046.883, 184
Trd, 000048.200, 157
Trd, 000048.850, 154
Trd, 000049.517, 155
Trd, 000049.817, 153
Trd, 000049.867, 156
Trd, 000050.300, 156
Trd, 000051.250, 152
Trd, 000051.617, 152
Trd, 000051.633, 132
Trd, 000052.050, 154
Trd, 000052.233, 154
Trd, 000054.050, 152
Trd, 000054.083, 146
Trd, 000054.100, 145
Trd, 000054.417, 153
Trd, 000054.800, 152
Trd, 000055.433, 153
Trd, 000055.533, 151
Trd, 000055.617, 149
Trd, 000055.783, 153
Trd, 000056.050, 156
Trd, 000057.300, 176
Trd, 000058.167, 165
Trd, 000058.400, 165
Trd, 000058.433, 161
Trd, 000058.717, 167
Trd, 000059.583, 162
Trd, 000060.200, 165
Trd, 000060.317, 163
Trd, 000060.383, 166
Trd, 000060.750, 157
Trd, 000060.950, 166
Trd, 000061.050, 178
Trd, 000061.133, 180
Trd, 000061.483, 154
Trd, 000062.933, 162
Trd, 000063.267, 161
Trd, 000064.150, 160
Trd, 000064.500, 157
Trd, 000065.450, 149
Trd, 000065.633, 148
Trd, 000065.817, 148
Trd, 000066.400, 134
Trd, 000066.817, 144
Trd, 000067.183, 147
Trd, 000067.400, 148
Trd, 000067.433, 154
Trd, 000068.100, 152
Trd, 000068.183, 149
Trd, 000068.517, 168
Trd, 000069.217, 176
Trd, 000069.683, 155
Trd, 000069.950, 149
Trd, 000070.450, 156
Trd, 000070.533, 158
Trd, 000071.283, 158
Trd, 000071.533, 150
Trd, 000071.733, 160
Trd, 000072.283, 156
Trd, 000072.950, 158
Trd, 000073.617, 157
Trd, 000074.000, 157
Trd, 000074.817, 158
Trd, 000075.800, 159
Trd, 000075.983, 158
Trd, 000076.133, 157
Trd, 000076.467, 159
Trd, 000076.750, 160
Trd, 000076.817, 155
Trd, 000077.200, 164
Trd, 000077.617, 150
Trd, 000077.783, 163
Trd, 000078.450, 166
Trd, 000079.117, 182
Trd, 000079.350, 164
Trd, 000080.917, 164
Trd, 000082.100, 159
Trd, 000083.167, 158
Trd, 000083.867, 159
Trd, 000084.533, 159
Trd, 000085.100, 159
Trd, 000085.700, 157
Trd, 000085.800, 155
Trd, 000085.933, 158
Trd, 000086.750, 158
Trd, 000086.817, 159
Trd, 000086.867, 159
Trd, 000087.283, 158
Trd, 000088.183, 156
Trd, 000089.267, 157
Trd, 000089.567, 158
Trd, 000090.267, 159
Trd, 000090.350, 160
Trd, 000090.417, 160
Trd, 000091.150, 162
Trd, 000091.650, 163
Trd, 000093.383, 160
Trd, 000093.433, 159
Trd, 000093.933, 154
Trd, 000094.183, 154
Trd, 000094.317, 159
Trd, 000094.617, 159
Trd, 000094.650, 160
Trd, 000095.617, 154
Trd, 000095.700, 152
Trd, 000096.550, 153
Trd, 000096.967, 150
Trd, 000097.233, 155
Trd, 000097.683, 154
Trd, 000098.333, 165
Trd, 000098.683, 160
Trd, 000099.150, 163
Trd, 000099.583, 163
Trd, 000099.600, 161
Trd, 000099.733, 177
Trd, 000100.883, 171
Trd, 000101.017, 172
Trd, 000101.583, 172
Trd, 000102.517, 156
Trd, 000102.683, 172
Trd, 000103.750, 170
Trd, 000104.567, 170
Trd, 000105.267, 180
Trd, 000105.333, 162
Trd, 000106.250, 162
Trd, 000106.567, 176
Trd, 000107.833, 161
Trd, 000108.533, 162
Trd, 000108.550, 164
Trd, 000109.067, 156
Trd, 000109.667, 162
Trd, 000110.767, 159
Trd, 000111.133, 159
Trd, 000111.367, 156
Trd, 000111.533, 161
Trd, 000111.883, 154
Trd, 000112.050, 161
Trd, 000113.500, 161
Trd, 000113.767, 159
Trd, 000114.200, 158
Trd, 000114.267, 161
Trd, 000114.367, 162
Trd, 000114.867, 162
Trd, 000115.000, 163
Trd, 000116.000, 158
Trd, 000116.183, 159
Trd, 000116.550, 160
Trd, 000116.833, 160
Trd, 000117.517, 158
Trd, 000118.033, 155
Trd, 000118.233, 156
Trd, 000118.267, 162
Trd, 000118.350, 191
Trd, 000118.900, 178
Trd, 000121.217, 159
Trd, 000122.067, 162
Trd, 000123.083, 163
Trd, 000123.733, 201
Trd, 000124.083, 212
Trd, 000124.433, 264
Trd, 000124.483, 306.0
Trd, 000124.917, 331.0
Trd, 000125.333, 326.0
Trd, 000125.767, 327.0
Trd, 000125.967, 341
Trd, 000127.350, 339
Trd, 000128.433, 342
Trd, 000128.617, 343
Trd, 000129.383, 343
Trd, 000129.767, 345
Trd, 000130.300, 347
Trd, 000130.683, 349
Trd, 000131.267, 346
Trd, 000131.433, 350.0
Trd, 000131.683, 350.0
Trd, 000131.800, 348
Trd, 000132.500, 351.0
Trd, 000132.900, 350
Trd, 000133.100, 347
Trd, 000133.500, 353
Trd, 000134.517, 351
Trd, 000134.850, 350
Trd, 000136.467, 348
Trd, 000137.083, 343
Trd, 000137.217, 343
Trd, 000139.650, 347
Trd, 000139.933, 347
Trd, 000140.117, 345
Trd, 000140.183, 345
Trd, 000140.400, 349
Trd, 000141.633, 348
Trd, 000141.883, 350
Trd, 000142.017, 338
Trd, 000143.017, 341
Trd, 000144.250, 345
Trd, 000144.900, 343
Trd, 000145.417, 339
Trd, 000145.500, 340
Trd, 000145.650, 338
Trd, 000145.833, 339
Trd, 000146.167, 341
Trd, 000146.683, 349
Trd, 000146.750, 350
Trd, 000147.283, 350
Trd, 000148.167, 346
Trd, 000148.433, 349
Trd, 000149.017, 346
Trd, 000149.033, 351.0
Trd, 000149.633, 350
Trd, 000149.767, 346
Trd, 000150.067, 351
Trd, 000150.167, 357
Trd, 000151.183, 351.0
Trd, 000151.850, 361
Trd, 000152.167, 351.0
Trd, 000152.683, 345
Trd, 000154.933, 357
Trd, 000154.950, 358
Trd, 000155.133, 351
Trd, 000155.567, 358
Trd, 000156.117, 353
Trd, 000156.133, 347
Trd, 000156.317, 343
Trd, 000157.467, 350
Trd, 000158.467, 351
Trd, 000159.017, 351
Trd, 000159.700, 349
Trd, 000159.883, 346
Trd, 000160.417, 346
Trd, 000161.517, 348
Trd, 000161.583, 347
Trd, 000162.950, 348
Trd, 000163.300, 347
Trd, 000163.317, 348
Trd, 000163.450, 346
Trd, 000164.450, 348
Trd, 000164.483, 350
Trd, 000164.850, 347
Trd, 000165.233, 351.0
Trd, 000166.200, 350
Trd, 000168.083, 347
Trd, 000168.183, 346
Trd, 000168.267, 341
Trd, 000168.400, 357
Trd, 000169.050, 345
Trd, 000170.383, 354
Trd, 000170.433, 352
Trd, 000170.733, 343
Trd, 000170.967, 343
Trd, 000171.217, 344
Trd, 000172.533, 347
Trd, 000172.550, 344
Trd, 000173.233, 347
Trd, 000173.483, 345
Trd, 000174.250, 344
Trd, 000174.300, 341
Trd, 000175.150, 345
Trd, 000175.250, 349
Trd, 000175.450, 340
Trd, 000176.333, 340
Trd, 000176.517, 349
Trd, 000178.833, 340
Trd, 000179.167, 341
Trd, 000179.850, 336
Trd, 000179.900, 343
Trd, 000180.033, 336
Trd, 000181.050, 343
Trd, 000181.517, 344
Trd, 000181.867, 346
Trd, 000182.067, 341
Trd, 000182.150, 338
Trd, 000182.333, 320.0
Trd, 000182.417, 316
Trd, 000183.317, 329
Trd, 000183.417, 310.0
Trd, 000183.483, 306.0
Trd, 000183.500, 295
Trd, 000183.600, 281
Trd, 000184.533, 211
Trd, 000184.633, 204
Trd, 000184.750, 188
Trd, 000184.850, 186
Trd, 000185.083, 191
Trd, 000186.683, 182
Trd, 000187.233, 191
Trd, 000188.400, 174
Trd, 000190.400, 175
Trd, 000190.717, 183
Trd, 000191.117, 179
Trd, 000191.467, 178
Trd, 000191.967, 174
Trd, 000193.000, 173
Trd, 000193.100, 169
Trd, 000193.600, 169
Trd, 000195.150, 170
Trd, 000195.233, 167
Trd, 000195.600, 172
Trd, 000196.800, 172
Trd, 000197.117, 173
Trd, 000197.400, 170
Trd, 000197.733, 165
Trd, 000197.750, 174
Trd, 000198.400, 170
Trd, 000198.433, 171
Trd, 000198.833, 174
Trd, 000199.417, 168
Trd, 000200.717, 167
Trd, 000203.400, 171
Trd, 000203.417, 172
Trd, 000203.467, 172
Trd, 000203.550, 174
Trd, 000204.050, 173
Trd, 000204.067, 172
Trd, 000204.200, 176
Trd, 000204.750, 192
Trd, 000205.883, 171
Trd, 000206.300, 176
Trd, 000206.900, 175
Trd, 000207.283, 174
Trd, 000207.550, 176
Trd, 000207.717, 171
Trd, 000208.250, 171
Trd, 000208.417, 170
Trd, 000209.267, 171
Trd, 000209.700, 171
Trd, 000210.850, 172
Trd, 000211.433, 172
Trd, 000211.883, 171
Trd, 000212.033, 168
Trd, 000212.783, 168
Trd, 000212.867, 170
Trd, 000213.333, 170
Trd, 000213.583, 171
Trd, 000214.433, 170
Trd, 000214.550, 171
Trd, 000214.917, 169
Trd, 000215.800, 168
Trd, 000216.417, 171
Trd, 000217.117, 171
Trd, 000217.583, 166
Trd, 000217.933, 167
Trd, 000218.017, 148
Trd, 000218.333, 171
Trd, 000218.917, 172
Trd, 000219.083, 172
Trd, 000219.217, 172
Trd, 000219.417, 175
Trd, 000220.133, 176
Trd, 000220.500, 194
Trd, 000221.050, 184
Trd, 000221.500, 180
Trd, 000222.117, 178
Trd, 000222.467, 177
Trd, 000222.717, 184
Trd, 000223.800, 192
Trd, 000223.917, 171
Trd, 000224.417, 172
Trd, 000225.867, 170
Trd, 000226.083, 169
Trd, 000226.700, 170
Trd, 000226.933, 172
Trd, 000227.167, 169
Trd, 000228.267, 168
Trd, 000229.033, 170
Trd, 000229.183, 171
Trd, 000229.583, 173
Trd, 000230.233, 170
Trd, 000230.367, 171
Trd, 000230.717, 174
Trd, 000230.833, 170
Trd, 000231.500, 174
Trd, 000231.750, 178
Trd, 000232.200, 201
Trd, 000232.800, 202
Trd, 000233.017, 181
Trd, 000235.217, 190
Trd, 000235.417, 182
Trd, 000235.817, 186
Trd, 000235.900, 178
Trd, 000236.000, 190
Trd, 000237.567, 183
Trd, 000238.200, 180
Trd, 000239.000, 180
Trd, 000240.233, 175
Trd, 000240.567, 176
Trd, 000240.600, 177
Trd, 000241.267, 172
Trd, 000241.700, 171
Trd, 000242.967, 173
Trd, 000243.300, 174
Trd, 000243.550, 174
Trd, 000243.617, 175
Trd, 000243.750, 171
Trd, 000244.000, 187
Trd, 000244.467, 182
Trd, 000244.967, 179
Trd, 000245.133, 171
Trd, 000245.267, 182
Trd, 000245.567, 184
Trd, 000246.100, 192
Trd, 000246.567, 193
Trd, 000248.900, 183
Trd, 000249.133, 180
Trd, 000249.383, 175
Trd, 000249.650, 174
Trd, 000249.917, 174
Trd, 000250.500, 171
Trd, 000250.617, 173
Trd, 000251.067, 172
Trd, 000252.017, 176
Trd, 000252.333, 175
Trd, 000252.383, 177
Trd, 000253.183, 174
Trd, 000253.567, 173
Trd, 000253.667, 176
Trd, 000254.283, 179
Trd, 000254.800, 182
Trd, 000254.833, 193
Trd, 000255.167, 197
Trd, 000255.300, 178
Trd, 000255.883, 199
Trd, 000257.250, 175
Trd, 000258.117, 174
Trd, 000258.133, 178
Trd, 000258.533, 183
Trd, 000258.617, 173
Trd, 000258.750, 185
Trd, 000259.050, 177
Trd, 000259.750, 176
Trd, 000260.333, 178
Trd, 000260.717, 179
Trd, 000261.167, 178
Trd, 000261.833, 174
Trd, 000262.100, 177
Trd, 000262.133, 178
Trd, 000262.367, 181
Trd, 000262.733, 194
Trd, 000263.417, 179
Trd, 000263.500, 178
Trd, 000263.683, 176
Trd, 000264.517, 176
Trd, 000264.800, 176
Trd, 000265.900, 176
Trd, 000266.967, 174
Trd, 000267.367, 175
Trd, 000267.817, 174
Trd, 000268.067, 177
Trd, 000268.350, 174
Trd, 000269.067, 169
Trd, 000269.150, 170
Trd, 000269.183, 171
Trd, 000269.367, 171
Trd, 000269.967, 171
Trd, 000270.283, 171
Trd, 000270.517, 170
Trd, 000271.383, 168
Trd, 000272.100, 167
Trd, 000272.117, 164
Trd, 000272.833, 175
Trd, 000272.900, 178
Trd, 000274.083, 178
Trd, 000274.100, 180
Trd, 000274.250, 197
Trd, 000274.767, 183
Trd, 000275.617, 175
Trd, 000275.633, 173
Trd, 000276.083, 170
Trd, 000276.200, 177
Trd, 000276.467, 176
Trd, 000276.533, 178
Trd, 000277.167, 178
Trd, 000277.333, 181
Trd, 000277.700, 180
Trd, 000278.317, 177
Trd, 000278.633, 194
Trd, 000279.883, 174
Trd, 000280.083, 176
Trd, 000280.417, 171
Trd, 000280.733, 181
Trd, 000281.933, 175
Trd, 000282.067, 175
Trd, 000282.100, 174
Trd, 000282.567, 177
Trd, 000283.317, 178
Trd, 000283.733, 179
Trd, 000283.783, 176
Trd, 000284.050, 185
Trd, 000284.800, 177
Trd, 000284.850, 175
Trd, 000285.000, 173
Trd, 000285.483, 181
Trd, 000286.150, 182
Trd, 000286.250, 189
Trd, 000286.433, 196
Trd, 000287.217, 190
Trd, 000287.833, 180
Trd, 000288.083, 195
Trd, 000288.117, 184
Trd, 000288.817, 198
Trd, 000289.117, 190
Trd, 000289.250, 189
Trd, 000289.700, 199
Trd, 000291.000, 194
Trd, 000292.300, 187
Trd, 000292.433, 193
Trd, 000293.033, 187
Trd, 000293.200, 180
Trd, 000293.250, 179
Trd, 000293.633, 188
Trd, 000293.883, 192
Trd, 000295.267, 189
Trd, 000295.350, 184
Trd, 000295.800, 183
Trd, 000296.000, 189
Trd, 000296.383, 180
Trd, 000296.467, 187
Trd, 000296.733, 186
Trd, 000297.283, 176
Trd, 000297.400, 184
Trd, 000298.267, 173
Trd, 000298.533, 184
Trd, 000298.900, 172
Trd, 000298.967, 171
