Trd, 000001.500, 144
Trd, 000001.583, 166
Trd, 000003.100, 158
Trd, 000004.200, 159
Trd, 000005.117, 159
Trd, 000005.150, 162
Trd, 000005.517, 162
Trd, 000006.000, 161
Trd, 000006.700, 160
Trd, 000006.717, 157
Trd, 000006.900, 166
Trd, 000007.600, 156
Trd, 000009.683, 156
Trd, 000009.717, 155
Trd, 000010.817, 154
Trd, 000012.250, 156
Trd, 000012.583, 156
Trd, 000013.250, 158
Trd, 000014.700, 157
Trd, 000015.017, 157
Trd, 000015.300, 157
Trd, 000015.650, 156
Trd, 000015.983, 152
Trd, 000016.400, 157
Trd, 000017.333, 156
Trd, 000017.700, 154
Trd, 000017.917, 153
Trd, 000018.467, 157
Trd, 000018.583, 156
Trd, 000018.633, 157
Trd, 000018.667, 155
Trd, 000019.883, 157
Trd, 000020.483, 160
Trd, 000021.217, 156
Trd, 000022.350, 154
Trd, 000022.833, 153
Trd, 000022.883, 153
Trd, 000024.000, 155
Trd, 000024.117, 157
Trd, 000024.200, 157
Trd, 000024.933, 159
Trd, 000024.983, 160
Trd, 000025.383, 160
Trd, 000026.083, 159
Trd, 000028.833, 161
Trd, 000028.967, 160
Trd, 000029.167, 158
Trd, 000029.417, 160
Trd, 000030.067, 158
Trd, 000030.433, 161
Trd, 000032.667, 158
Trd, 000033.067, 157
Trd, 000033.367, 159
Trd, 000033.433, 154
Trd, 000035.367, 155
Trd, 000035.617, 155
Trd, 000036.050, 158
Trd, 000036.400, 158
Trd, 000036.800, 155
Trd, 000036.867, 160
Trd, 000037.617, 161
Trd, 000038.767, 162
Trd, 000038.950, 166
Trd, 000039.483, 169
Trd, 000040.183, 164
Trd, 000040.300, 163
Trd, 000040.417, 159
Trd, 000041.900, 162
Trd, 000042.467, 161
Trd, 000042.833, 160
Trd, 000042.967, 161
Trd, 000043.033, 162
Trd, 000043.433, 164
Trd, 000043.600, 160
Trd, 000043.683, 162
Trd, 000043.867, 159
Trd, 000045.983, 157
Trd, 000046.650, 160
Trd, 000047.350, 156
Trd, 000047.367, 158
Trd, 000047.850, 154
Trd, 000048.533, 150
Trd, 000049.083, 160
Trd, 000051.600, 160
Trd, 000052.017, 161
Trd, 000052.283, 163
Trd, 000052.333, 167
Trd, 000052.733, 177
Trd, 000053.667, 165
Trd, 000054.533, 163
Trd, 000054.650, 164
Trd, 000054.750, 164
Trd, 000055.517, 165
Trd, 000055.983, 163
Trd, 000056.183, 166
Trd, 000056.400, 173
Trd, 000057.633, 164
Trd, 000057.883, 167
Trd, 000058.783, 167
Trd, 000058.833, 167
Trd, 000060.017, 165
Trd, 000060.683, 166
Trd, 000061.000, 164
Trd, 000061.417, 164
Trd, 000061.967, 164
Trd, 000064.067, 162
Trd, 000064.617, 163
Trd, 000064.967, 161
Trd, 000065.250, 162
Trd, 000065.400, 163
Trd, 000065.933, 163
Trd, 000067.500, 161
Trd, 000067.767, 163
Trd, 000068.783, 162
Trd, 000069.267, 162
Trd, 000069.600, 161
Trd, 000070.250, 163
Trd, 000070.817, 164
Trd, 000073.017, 165
Trd, 000073.283, 165
Trd, 000074.017, 165
Trd, 000074.817, 165
Trd, 000075.517, 164
Trd, 000075.533, 162
Trd, 000076.150, 163
Trd, 000076.267, 164
Trd, 000077.900, 166
Trd, 000078.317, 166
Trd, 000079.417, 167
Trd, 000080.050, 168
Trd, 000080.250, 169
Trd, 000080.600, 170
Trd, 000080.733, 167
Trd, 000081.617, 163
Trd, 000082.583, 163
Trd, 000083.333, 164
Trd, 000085.117, 165
Trd, 000085.217, 166
Trd, 000086.583, 167
Trd, 000087.683, 167
Trd, 000088.417, 165
Trd, 000089.050, 166
Trd, 000089.083, 165
Trd, 000089.333, 165
Trd, 000090.350, 167
Trd, 000091.067, 169
Trd, 000091.333, 170
Trd, 000091.600, 170
Trd, 000092.417, 164
Trd, 000092.433, 160
Trd, 000093.533, 168
Trd, 000093.783, 164
Trd, 000094.783, 165
Trd, 000094.800, 169
Trd, 000095.100, 165
Trd, 000095.650, 170
Trd, 000096.767, 169
Trd, 000097.283, 170
Trd, 000098.100, 168
Trd, 000098.467, 168
Trd, 000098.483, 167
Trd, 000098.967, 168
Trd, 000099.233, 167
Trd, 000099.250, 168
Trd, 000099.967, 170
Trd, 000100.833, 160
Trd, 000101.483, 178
Trd, 000103.383, 166
Trd, 000104.517, 166
Trd, 000104.683, 165
Trd, 000106.083, 169
Trd, 000106.517, 168
Trd, 000108.000, 168
Trd, 000108.683, 167
Trd, 000109.600, 168
Trd, 000109.750, 166
Trd, 000109.783, 166
Trd, 000110.767, 163
Trd, 000111.383, 164
Trd, 000111.600, 165
Trd, 000112.667, 163
Trd, 000113.133, 164
Trd, 000113.283, 164
Trd, 000113.900, 166
Trd, 000114.883, 168
Trd, 000115.450, 162
Trd, 000115.850, 163
Trd, 000116.433, 164
Trd, 000118.033, 167
Trd, 000118.800, 168
Trd, 000119.217, 168
Trd, 000120.350, 170
Trd, 000120.583, 169
Trd, 000120.817, 170
Trd, 000121.183, 169
Trd, 000121.733, 168
Trd, 000121.800, 170
Trd, 000122.000, 170
Trd, 000122.150, 174
Trd, 000122.183, 181
Trd, 000122.200, 184
Trd, 000122.283, 196
Trd, 000122.900, 194
Trd, 000123.367, 208
Trd, 000124.967, 314
Trd, 000125.083, 316
Trd, 000125.467, 324.0
Trd, 000125.800, 327
Trd, 000128.317, 355.0
Trd, 000129.717, 345
Trd, 000129.833, 345
Trd, 000130.117, 345.0
Trd, 000130.167, 344.0
Trd, 000130.583, 354.0
Trd, 000131.133, 343
Trd, 000131.333, 358.0
Trd, 000132.883, 359.0
Trd, 000133.833, 358.0
Trd, 000134.033, 360.0
Trd, 000135.317, 355
Trd, 000136.267, 356.0
Trd, 000136.517, 356.0
Trd, 000136.683, 355.0
Trd, 000137.233, 349
Trd, 000138.150, 358
Trd, 000138.400, 348
Trd, 000139.750, 350
Trd, 000140.267, 356
Trd, 000140.583, 358.0
Trd, 000140.633, 362.0
Trd, 000140.833, 357.0
Trd, 000141.267, 357.0
Trd, 000141.417, 355.0
Trd, 000142.217, 351
Trd, 000144.283, 354.0
Trd, 000144.517, 353
Trd, 000144.883, 355.0
Trd, 000145.467, 354
Trd, 000146.167, 355
Trd, 000147.100, 358.0
Trd, 000147.333, 357.0
Trd, 000148.000, 356
Trd, 000148.367, 356.0
Trd, 000150.100, 356.0
Trd, 000150.283, 356
Trd, 000151.433, 355.0
Trd, 000153.050, 353.0
Trd, 000154.267, 352.0
Trd, 000154.617, 355.0
Trd, 000155.067, 354
Trd, 000155.867, 357
Trd, 000156.050, 356
Trd, 000156.683, 356
Trd, 000157.150, 355
Trd, 000157.217, 350
Trd, 000157.767, 347
Trd, 000159.317, 354
Trd, 000159.867, 355.0
Trd, 000160.350, 344.0
Trd, 000160.500, 342
Trd, 000161.700, 346
Trd, 000162.033, 349
Trd, 000163.017, 345
Trd, 000163.050, 345
Trd, 000163.383, 346
Trd, 000164.150, 349
Trd, 000165.183, 349
Trd, 000165.567, 355.0
Trd, 000165.783, 357.0
Trd, 000166.033, 356
Trd, 000166.200, 346
Trd, 000167.283, 345
Trd, 000168.533, 345
Trd, 000169.683, 348
Trd, 000170.567, 352
Trd, 000171.167, 355.0
Trd, 000171.650, 351
Trd, 000171.800, 351
Trd, 000171.817, 356
Trd, 000172.450, 350
Trd, 000173.433, 350
Trd, 000174.983, 352
Trd, 000175.533, 351
Trd, 000177.467, 358.0
Trd, 000177.883, 361.0
Trd, 000178.267, 361.0
Trd, 000178.717, 355.0
Trd, 000179.650, 352
Trd, 000179.667, 350
Trd, 000179.783, 345.0
Trd, 000180.567, 345
Trd, 000181.967, 351
Trd, 000182.250, 347.0
Trd, 000182.533, 344.0
Trd, 000182.583, 339
Trd, 000183.450, 348
Trd, 000183.983, 332
Trd, 000184.467, 330
Trd, 000184.783, 204
Trd, 000185.000, 193
Trd, 000188.067, 191
Trd, 000189.417, 191
Trd, 000189.933, 191
Trd, 000190.100, 190
Trd, 000190.217, 187
Trd, 000190.950, 182
Trd, 000191.183, 177
Trd, 000192.450, 180
Trd, 000193.133, 177
Trd, 000193.450, 175
Trd, 000194.050, 174
Trd, 000194.883, 170
Trd, 000195.700, 175
Trd, 000196.483, 174
Trd, 000197.883, 180
Trd, 000198.017, 174
Trd, 000198.317, 181
Trd, 000198.867, 182
Trd, 000199.400, 183
Trd, 000200.150, 177
Trd, 000200.917, 175
Trd, 000201.650, 174
Trd, 000202.067, 172
Trd, 000204.167, 172
Trd, 000204.583, 176
Trd, 000205.783, 164
Trd, 000206.083, 171
Trd, 000206.500, 171
Trd, 000207.900, 171
Trd, 000208.600, 172
Trd, 000208.817, 173
Trd, 000209.500, 175
Trd, 000210.100, 176
Trd, 000211.450, 176
Trd, 000211.900, 178
Trd, 000212.183, 178
Trd, 000212.567, 179
Trd, 000213.150, 183
Trd, 000213.600, 178
Trd, 000215.333, 178
Trd, 000215.750, 178
Trd, 000216.117, 179
Trd, 000216.833, 177
Trd, 000216.917, 176
Trd, 000217.600, 179
Trd, 000217.917, 172
Trd, 000219.550, 179
Trd, 000219.650, 179
Trd, 000220.350, 178
Trd, 000220.483, 183
Trd, 000221.017, 181
Trd, 000222.617, 179
Trd, 000222.800, 180
Trd, 000223.517, 183
Trd, 000224.650, 184
Trd, 000224.733, 184
Trd, 000224.800, 182
Trd, 000225.467, 179
Trd, 000225.933, 177
Trd, 000226.350, 174
Trd, 000227.417, 177
Trd, 000227.600, 177
Trd, 000227.650, 190
Trd, 000228.883, 177
Trd, 000229.000, 177
Trd, 000229.433, 179
Trd, 000229.683, 177
Trd, 000230.700, 176
Trd, 000231.500, 173
Trd, 000233.950, 176
Trd, 000234.167, 177
Trd, 000234.383, 177
Trd, 000234.550, 178
Trd, 000234.583, 170
Trd, 000235.300, 181
Trd, 000236.400, 178
Trd, 000236.717, 177
Trd, 000238.100, 182
Trd, 000239.450, 179
Trd, 000239.983, 182
Trd, 000240.150, 180
Trd, 000240.200, 173
Trd, 000240.350, 180
Trd, 000240.867, 174
Trd, 000241.150, 175
Trd, 000241.183, 172
Trd, 000241.283, 176
Trd, 000242.483, 174
Trd, 000242.567, 173
Trd, 000242.883, 175
Trd, 000243.117, 174
Trd, 000243.267, 174
Trd, 000243.883, 172
Trd, 000244.050, 171
Trd, 000244.667, 171
Trd, 000244.867, 172
Trd, 000245.017, 172
Trd, 000245.350, 175
Trd, 000246.383, 169
Trd, 000246.417, 170
Trd, 000247.583, 176
Trd, 000248.700, 170
Trd, 000249.067, 169
Trd, 000250.133, 169
Trd, 000250.417, 171
Trd, 000250.467, 172
Trd, 000251.067, 169
Trd, 000251.733, 167
Trd, 000252.100, 168
Trd, 000252.267, 167
Trd, 000252.483, 169
Trd, 000252.750, 169
Trd, 000254.050, 170
Trd, 000254.750, 173
Trd, 000256.500, 174
Trd, 000256.783, 174
Trd, 000257.167, 174
Trd, 000257.333, 176
Trd, 000257.367, 171
Trd, 000257.700, 175
Trd, 000258.800, 169
Trd, 000259.167, 166
Trd, 000259.217, 165
Trd, 000259.400, 166
Trd, 000261.267, 172
Trd, 000261.850, 174
Trd, 000262.283, 172
Trd, 000262.467, 172
Trd, 000262.617, 172
Trd, 000263.067, 170
Trd, 000263.350, 174
Trd, 000264.533, 181
Trd, 000264.683, 174
Trd, 000265.083, 174
Trd, 000265.183, 183
Trd, 000265.500, 181
Trd, 000266.483, 176
Trd, 000267.367, 179
Trd, 000268.050, 179
Trd, 000268.183, 180
Trd, 000268.417, 184
Trd, 000268.933, 185
Trd, 000269.183, 186
Trd, 000269.883, 171
Trd, 000271.100, 177
Trd, 000271.533, 175
Trd, 000272.000, 175
Trd, 000272.550, 179
Trd, 000272.767, 171
Trd, 000273.200, 178
Trd, 000273.283, 179
Trd, 000274.100, 182
Trd, 000274.167, 178
Trd, 000274.467, 184
Trd, 000274.967, 179
Trd, 000275.283, 178
Trd, 000276.300, 177
Trd, 000276.450, 175
Trd, 000276.733, 179
Trd, 000276.850, 167
Trd, 000277.250, 166
Trd, 000277.833, 186
Trd, 000278.950, 179
Trd, 000279.000, 175
Trd, 000279.500, 174
Trd, 000281.500, 176
Trd, 000281.700, 177
Trd, 000281.717, 178
Trd, 000281.933, 179
Trd, 000282.617, 178
Trd, 000283.300, 179
Trd, 000283.517, 179
Trd, 000284.067, 180
Trd, 000284.217, 180
Trd, 000284.267, 176
Trd, 000284.400, 181
Trd, 000284.917, 172
Trd, 000286.400, 175
Trd, 000286.583, 175
Trd, 000286.700, 176
Trd, 000287.083, 179
Trd, 000288.633, 182
Trd, 000288.883, 181
Trd, 000289.367, 183
Trd, 000289.733, 182
Trd, 000290.750, 184
Trd, 000290.983, 187
Trd, 000291.100, 183
Trd, 000291.867, 182
Trd, 000293.800, 182
Trd, 000293.983, 181
Trd, 000294.533, 179
Trd, 000295.283, 179
Trd, 000295.433, 180
Trd, 000295.850, 177
Trd, 000296.517, 178
Trd, 000296.900, 177
Trd, 000297.067, 182
Trd, 000297.767, 182
Trd, 000298.667, 183
Trd, 000298.817, 182
Trd, 000299.717, 183
Trd, 000299.900, 176
