Trd, 000002.067, 168
Trd, 000003.117, 180
Trd, 000003.917, 158
Trd, 000004.733, 159
Trd, 000005.117, 155
Trd, 000005.150, 161
Trd, 000005.433, 148
Trd, 000005.550, 152
Trd, 000005.800, 150
Trd, 000007.417, 149
Trd, 000007.717, 142
Trd, 000007.933, 151
Trd, 000008.467, 142
Trd, 000008.750, 143
Trd, 000009.167, 146
Trd, 000009.500, 143
Trd, 000009.550, 149
Trd, 000010.183, 149
Trd, 000010.250, 137
Trd, 000010.317, 135
Trd, 000010.417, 156
Trd, 000011.017, 163
Trd, 000012.033, 146
Trd, 000012.483, 150
Trd, 000012.633, 138
Trd, 000012.883, 135
Trd, 000014.100, 147
Trd, 000014.183, 149
Trd, 000014.250, 144
Trd, 000014.717, 148
Trd, 000014.950, 143
Trd, 000015.017, 142
Trd, 000016.117, 138
Trd, 000016.483, 144
Trd, 000016.617, 146
Trd, 000016.650, 135
Trd, 000017.167, 144
Trd, 000018.000, 147
Trd, 000018.217, 140
Trd, 000019.350, 140
Trd, 000021.350, 147
Trd, 000022.133, 144
Trd, 000022.533, 146
Trd, 000022.950, 146
Trd, 000023.100, 145
Trd, 000023.250, 144
Trd, 000023.283, 142
Trd, 000023.983, 145
Trd, 000024.533, 146
Trd, 000025.017, 150
Trd, 000025.233, 157
Trd, 000025.400, 142
Trd, 000025.617, 141
Trd, 000025.817, 151
Trd, 000025.933, 164
Trd, 000026.100, 136
Trd, 000027.350, 158
Trd, 000028.650, 142
Trd, 000028.967, 145
Trd, 000029.383, 146
Trd, 000029.667, 147
Trd, 000030.233, 146
Trd, 000030.583, 147
Trd, 000030.817, 144
Trd, 000030.933, 142
Trd, 000031.617, 147
Trd, 000031.683, 142
Trd, 000033.483, 144
Trd, 000033.850, 147
Trd, 000034.167, 147
Trd, 000034.500, 141
Trd, 000035.100, 142
Trd, 000035.367, 151
Trd, 000035.800, 150
Trd, 000036.117, 158
Trd, 000036.267, 164
Trd, 000037.850, 158
Trd, 000038.017, 153
Trd, 000038.850, 148
Trd, 000039.517, 155
Trd, 000039.733, 155
Trd, 000039.850, 156
Trd, 000040.200, 157
Trd, 000041.100, 149
Trd, 000041.300, 147
Trd, 000042.067, 159
Trd, 000042.567, 150
Trd, 000043.050, 149
Trd, 000043.300, 151
Trd, 000043.417, 152
Trd, 000043.867, 159
Trd, 000044.550, 151
Trd, 000045.133, 152
Trd, 000045.167, 150
Trd, 000045.567, 153
Trd, 000046.683, 167
Trd, 000047.033, 150
Trd, 000047.217, 155
Trd, 000047.500, 148
Trd, 000047.700, 154
Trd, 000048.083, 153
Trd, 000048.700, 154
Trd, 000049.567, 160
Trd, 000050.117, 153
Trd, 000050.400, 153
Trd, 000050.517, 159
Trd, 000050.583, 160
Trd, 000050.650, 139
Trd, 000051.550, 170
Trd, 000052.617, 126
Trd, 000052.783, 127
Trd, 000052.883, 129
Trd, 000052.900, 140
Trd, 000053.233, 142
Trd, 000054.900, 149
Trd, 000055.483, 148
Trd, 000055.583, 146
Trd, 000057.183, 164
Trd, 000057.300, 166
Trd, 000057.567, 168
Trd, 000057.800, 156
Trd, 000057.983, 161
Trd, 000058.633, 157
Trd, 000059.367, 168
Trd, 000059.483, 143
Trd, 000060.300, 154
Trd, 000060.700, 161
Trd, 000061.417, 160
Trd, 000061.600, 161
Trd, 000061.633, 157
Trd, 000062.183, 161
Trd, 000062.867, 159
Trd, 000063.433, 159
Trd, 000063.533, 161
Trd, 000064.650, 158
Trd, 000065.783, 157
Trd, 000066.150, 157
Trd, 000066.383, 160
Trd, 000067.383, 160
Trd, 000067.650, 161
Trd, 000067.933, 168
Trd, 000067.983, 169
Trd, 000068.100, 156
Trd, 000068.300, 156
Trd, 000068.550, 138
Trd, 000069.100, 140
Trd, 000070.000, 151
Trd, 000070.367, 154
Trd, 000071.400, 153
Trd, 000072.050, 154
Trd, 000072.100, 154
Trd, 000072.433, 153
Trd, 000074.617, 154
Trd, 000074.750, 152
Trd, 000075.250, 153
Trd, 000075.317, 154
Trd, 000075.767, 169
Trd, 000076.100, 155
Trd, 000076.250, 156
Trd, 000076.583, 158
Trd, 000076.983, 156
Trd, 000077.667, 155
Trd, 000078.450, 158
Trd, 000078.950, 152
Trd, 000079.467, 142
Trd, 000079.883, 142
Trd, 000080.083, 154
Trd, 000080.817, 162
Trd, 000080.950, 163
Trd, 000081.100, 148
Trd, 000081.167, 156
Trd, 000081.317, 185
Trd, 000082.217, 152
Trd, 000083.783, 154
Trd, 000084.350, 154
Trd, 000084.483, 156
Trd, 000085.450, 154
Trd, 000085.533, 156
Trd, 000085.783, 156
Trd, 000086.083, 153
Trd, 000086.433, 170
Trd, 000086.517, 180
Trd, 000086.533, 152
Trd, 000086.633, 152
Trd, 000087.450, 174
Trd, 000088.150, 168
Trd, 000089.817, 168
Trd, 000090.317, 167
Trd, 000091.000, 164
Trd, 000091.033, 168
Trd, 000091.683, 164
Trd, 000091.850, 163
Trd, 000093.350, 161
Trd, 000094.083, 160
Trd, 000094.200, 143
Trd, 000094.217, 161
Trd, 000094.583, 164
Trd, 000095.017, 150
Trd, 000095.733, 154
Trd, 000096.017, 157
Trd, 000096.033, 158
Trd, 000096.217, 168
Trd, 000097.150, 164
Trd, 000097.967, 158
Trd, 000098.833, 169
Trd, 000098.883, 159
Trd, 000099.467, 172
Trd, 000099.750, 172
Trd, 000100.300, 160
Trd, 000100.633, 159
Trd, 000100.850, 166
Trd, 000101.000, 168
Trd, 000101.167, 157
Trd, 000102.600, 168
Trd, 000103.200, 169
Trd, 000104.167, 162
Trd, 000104.283, 168
Trd, 000104.317, 162
Trd, 000104.433, 168
Trd, 000105.433, 176
Trd, 000105.483, 175
Trd, 000105.733, 144
Trd, 000106.000, 159
Trd, 000106.550, 158
Trd, 000107.217, 176
Trd, 000108.133, 165
Trd, 000108.350, 169
Trd, 000108.917, 171
Trd, 000109.117, 167
Trd, 000109.183, 167
Trd, 000109.617, 161
Trd, 000110.767, 164
Trd, 000110.950, 166
Trd, 000111.217, 163
Trd, 000111.350, 163
Trd, 000112.083, 163
Trd, 000113.167, 163
Trd, 000113.483, 167
Trd, 000113.917, 166
Trd, 000114.633, 167
Trd, 000114.883, 173
Trd, 000115.183, 169
Trd, 000115.917, 176
Trd, 000116.850, 172
Trd, 000116.933, 171
Trd, 000117.267, 170
Trd, 000117.800, 170
Trd, 000117.967, 172
Trd, 000118.467, 171
Trd, 000118.783, 167
Trd, 000120.000, 159
Trd, 000120.017, 160
Trd, 000120.817, 155
Trd, 000121.100, 147
Trd, 000121.333, 157
Trd, 000121.617, 174
Trd, 000122.183, 161
Trd, 000122.383, 184
Trd, 000122.433, 194
Trd, 000122.600, 208
Trd, 000122.750, 239
Trd, 000124.483, 306.0
Trd, 000124.567, 324.0
Trd, 000125.383, 304
Trd, 000125.883, 333.0
Trd, 000126.300, 334.0
Trd, 000126.917, 341
Trd, 000127.167, 314
Trd, 000128.033, 335
Trd, 000128.150, 339
Trd, 000128.283, 340
Trd, 000129.317, 334.0
Trd, 000130.200, 337
Trd, 000130.567, 345
Trd, 000130.700, 338.0
Trd, 000131.233, 343
Trd, 000131.600, 342
Trd, 000132.833, 342
Trd, 000133.233, 342
Trd, 000133.267, 348.0
Trd, 000134.000, 341
Trd, 000134.050, 348
Trd, 000134.300, 342
Trd, 000134.567, 352.0
Trd, 000135.900, 348
Trd, 000136.700, 340
Trd, 000137.150, 343
Trd, 000137.467, 340
Trd, 000137.533, 339
Trd, 000137.817, 339
Trd, 000138.267, 345
Trd, 000138.400, 347
Trd, 000138.517, 348.0
Trd, 000138.617, 334.0
Trd, 000139.667, 347
Trd, 000141.033, 348.0
Trd, 000141.467, 350
Trd, 000141.550, 355.0
Trd, 000141.983, 340
Trd, 000142.383, 368.0
Trd, 000143.333, 362.0
Trd, 000143.717, 347.0
Trd, 000144.050, 346
Trd, 000144.167, 346
Trd, 000144.467, 345
Trd, 000144.900, 347
Trd, 000145.300, 348.0
Trd, 000145.867, 349
Trd, 000146.183, 345
Trd, 000146.383, 352
Trd, 000147.767, 334.0
Trd, 000148.283, 317.0
Trd, 000149.717, 347
Trd, 000150.167, 345
Trd, 000150.183, 348.0
Trd, 000150.300, 337
Trd, 000150.483, 336
Trd, 000151.033, 355.0
Trd, 000151.167, 334.0
Trd, 000152.917, 342
Trd, 000153.117, 343
Trd, 000153.483, 344
Trd, 000153.700, 335
Trd, 000155.117, 335
Trd, 000155.233, 346
Trd, 000155.700, 348.0
Trd, 000155.950, 354.0
Trd, 000156.033, 338
Trd, 000156.183, 355.0
Trd, 000156.867, 354
Trd, 000156.883, 336
Trd, 000156.933, 334.0
Trd, 000158.000, 348.0
Trd, 000158.183, 355.0
Trd, 000159.250, 338
Trd, 000159.333, 337
Trd, 000160.383, 350
Trd, 000161.017, 350
Trd, 000161.283, 357
Trd, 000161.583, 335
Trd, 000161.650, 335
Trd, 000161.883, 353
Trd, 000162.183, 341
Trd, 000162.650, 348.0
Trd, 000162.700, 336
Trd, 000162.800, 357
Trd, 000163.467, 361.0
Trd, 000163.700, 372.0
Trd, 000163.950, 362.0
Trd, 000166.900, 355
Trd, 000167.117, 358
Trd, 000167.133, 354
Trd, 000167.250, 348
Trd, 000167.333, 348
Trd, 000167.933, 360
Trd, 000168.867, 349
Trd, 000169.667, 348
Trd, 000170.900, 348.0
Trd, 000171.217, 354
Trd, 000172.800, 348.0
Trd, 000173.017, 348
Trd, 000173.050, 352
Trd, 000173.183, 353
Trd, 000173.200, 346
Trd, 000173.867, 357
Trd, 000174.333, 347
Trd, 000175.317, 352
Trd, 000175.950, 349
Trd, 000176.100, 344
Trd, 000176.783, 344
Trd, 000177.350, 343
Trd, 000178.333, 351
Trd, 000178.617, 351
Trd, 000178.950, 355.0
Trd, 000179.633, 353
Trd, 000180.333, 356
Trd, 000182.000, 348
Trd, 000182.083, 348
Trd, 000182.500, 354
Trd, 000182.683, 326
Trd, 000183.017, 322
Trd, 000183.233, 310.0
Trd, 000183.283, 306
Trd, 000183.383, 312
Trd, 000183.583, 210
Trd, 000183.733, 244
Trd, 000183.850, 242
Trd, 000184.183, 200
Trd, 000185.150, 186
Trd, 000185.550, 181
Trd, 000186.083, 183
Trd, 000187.583, 186
Trd, 000188.633, 184
Trd, 000188.933, 184
Trd, 000188.967, 185
Trd, 000189.467, 183
Trd, 000190.000, 181
Trd, 000190.900, 179
Trd, 000191.083, 185
Trd, 000191.850, 180
Trd, 000192.317, 181
Trd, 000193.183, 177
Trd, 000193.350, 178
Trd, 000193.633, 177
Trd, 000193.700, 173
Trd, 000193.800, 161
Trd, 000194.350, 159
Trd, 000195.050, 148
Trd, 000195.683, 169
Trd, 000196.200, 174
Trd, 000196.517, 177
Trd, 000196.750, 165
Trd, 000197.117, 172
Trd, 000198.767, 168
Trd, 000198.867, 175
Trd, 000199.517, 179
Trd, 000200.417, 167
Trd, 000200.667, 167
Trd, 000200.867, 171
Trd, 000200.967, 172
Trd, 000201.317, 167
Trd, 000201.717, 175
Trd, 000201.967, 168
Trd, 000203.150, 169
Trd, 000203.250, 167
Trd, 000203.433, 170
Trd, 000204.350, 167
Trd, 000204.367, 180
Trd, 000204.700, 154
Trd, 000205.650, 159
Trd, 000206.350, 166
Trd, 000206.900, 171
Trd, 000207.250, 174
Trd, 000207.350, 137
Trd, 000207.767, 182
Trd, 000208.917, 174
Trd, 000209.133, 171
Trd, 000209.417, 173
Trd, 000210.367, 168
Trd, 000210.717, 169
Trd, 000210.917, 168
Trd, 000211.500, 164
Trd, 000211.983, 176
Trd, 000212.800, 182
Trd, 000213.283, 165
Trd, 000213.817, 169
Trd, 000214.217, 175
Trd, 000214.833, 183
Trd, 000215.300, 170
Trd, 000215.483, 178
Trd, 000215.583, 169
Trd, 000215.983, 181
Trd, 000217.150, 174
Trd, 000218.433, 172
Trd, 000218.483, 174
Trd, 000218.967, 172
Trd, 000219.200, 170
Trd, 000219.900, 173
Trd, 000220.517, 172
Trd, 000220.917, 170
Trd, 000221.367, 184
Trd, 000221.567, 180
Trd, 000222.450, 182
Trd, 000223.733, 180
Trd, 000224.033, 178
Trd, 000224.333, 177
Trd, 000224.567, 177
Trd, 000224.633, 177
Trd, 000224.900, 176
Trd, 000225.600, 176
Trd, 000226.267, 175
Trd, 000226.300, 185
Trd, 000227.500, 174
Trd, 000227.950, 178
Trd, 000228.250, 177
Trd, 000228.867, 183
Trd, 000228.883, 174
Trd, 000228.967, 204
Trd, 000229.833, 176
Trd, 000230.917, 163
Trd, 000231.417, 147
Trd, 000231.517, 157
Trd, 000232.050, 162
Trd, 000232.633, 165
Trd, 000232.983, 163
Trd, 000233.567, 168
Trd, 000234.167, 170
Trd, 000235.233, 170
Trd, 000235.467, 147
Trd, 000235.533, 157
Trd, 000236.817, 171
Trd, 000236.933, 172
Trd, 000237.800, 168
Trd, 000238.950, 170
Trd, 000239.467, 175
Trd, 000239.883, 173
Trd, 000239.967, 176
Trd, 000240.067, 165
Trd, 000240.683, 175
Trd, 000240.883, 169
Trd, 000241.167, 168
Trd, 000241.717, 170
Trd, 000241.850, 171
Trd, 000242.350, 171
Trd, 000242.533, 169
Trd, 000242.933, 171
Trd, 000243.450, 168
Trd, 000244.433, 168
Trd, 000244.733, 171
Trd, 000245.050, 175
Trd, 000245.533, 178
Trd, 000245.567, 174
Trd, 000245.717, 179
Trd, 000245.950, 169
Trd, 000246.233, 169
Trd, 000246.700, 173
Trd, 000247.567, 184
Trd, 000247.850, 187
Trd, 000248.167, 173
Trd, 000248.683, 180
Trd, 000248.800, 179
Trd, 000249.733, 182
Trd, 000249.800, 184
Trd, 000250.400, 182
Trd, 000251.017, 162
Trd, 000251.033, 173
Trd, 000251.350, 178
Trd, 000251.917, 174
Trd, 000252.550, 176
Trd, 000253.100, 172
Trd, 000253.200, 169
Trd, 000253.433, 176
Trd, 000253.550, 177
Trd, 000254.417, 180
Trd, 000255.317, 175
Trd, 000255.550, 177
Trd, 000256.117, 177
Trd, 000256.267, 174
Trd, 000256.533, 174
Trd, 000256.633, 174
Trd, 000256.917, 176
Trd, 000257.700, 170
Trd, 000258.050, 170
Trd, 000258.083, 170
Trd, 000258.283, 171
Trd, 000258.433, 174
Trd, 000259.200, 180
Trd, 000259.250, 181
Trd, 000259.450, 177
Trd, 000259.850, 174
Trd, 000260.067, 181
Trd, 000260.117, 182
Trd, 000260.317, 174
Trd, 000260.683, 173
Trd, 000262.117, 177
Trd, 000262.733, 177
Trd, 000263.100, 173
Trd, 000263.367, 178
Trd, 000263.717, 174
Trd, 000263.900, 178
Trd, 000264.300, 174
Trd, 000264.667, 180
Trd, 000264.700, 173
Trd, 000264.900, 183
Trd, 000265.083, 187
Trd, 000265.567, 172
Trd, 000265.867, 185
Trd, 000266.517, 182
Trd, 000266.817, 179
Trd, 000267.517, 177
Trd, 000268.150, 176
Trd, 000268.233, 174
Trd, 000268.300, 177
Trd, 000268.567, 161
Trd, 000268.867, 174
Trd, 000269.800, 173
Trd, 000270.183, 177
Trd, 000270.400, 177
Trd, 000270.567, 173
Trd, 000270.750, 177
Trd, 000270.950, 172
Trd, 000271.050, 171
Trd, 000271.100, 177
Trd, 000271.350, 178
Trd, 000272.850, 178
Trd, 000272.900, 182
Trd, 000273.283, 176
Trd, 000273.500, 174
Trd, 000273.850, 172
Trd, 000275.000, 167
Trd, 000275.033, 175
Trd, 000275.367, 172
Trd, 000275.383, 173
Trd, 000275.750, 171
Trd, 000275.950, 152
Trd, 000276.350, 172
Trd, 000277.033, 178
Trd, 000277.350, 175
Trd, 000277.367, 182
Trd, 000278.467, 189
Trd, 000278.583, 175
Trd, 000278.917, 174
Trd, 000278.950, 175
Trd, 000279.217, 176
Trd, 000279.917, 176
Trd, 000280.317, 190
Trd, 000280.517, 174
Trd, 000281.350, 180
Trd, 000281.650, 186
Trd, 000282.617, 182
Trd, 000283.317, 179
Trd, 000283.350, 183
Trd, 000283.533, 183
Trd, 000283.550, 179
Trd, 000283.583, 179
Trd, 000283.833, 178
Trd, 000284.417, 178
Trd, 000284.750, 177
Trd, 000284.867, 177
Trd, 000285.450, 168
Trd, 000285.817, 178
Trd, 000286.450, 177
Trd, 000286.633, 177
Trd, 000286.650, 173
Trd, 000286.750, 179
Trd, 000286.800, 183
Trd, 000287.267, 191
Trd, 000287.750, 177
Trd, 000288.433, 176
Trd, 000288.750, 184
Trd, 000288.883, 175
Trd, 000289.367, 184
Trd, 000289.433, 186
Trd, 000289.450, 183
Trd, 000289.917, 191
Trd, 000290.217, 189
Trd, 000290.400, 177
Trd, 000291.150, 177
Trd, 000291.567, 180
Trd, 000291.717, 173
Trd, 000291.850, 163
Trd, 000292.100, 164
Trd, 000292.233, 181
Trd, 000292.250, 184
Trd, 000292.833, 166
Trd, 000293.250, 187
Trd, 000293.667, 167
Trd, 000293.700, 193
Trd, 000295.017, 176
Trd, 000295.033, 174
Trd, 000296.217, 175
Trd, 000296.700, 176
Trd, 000297.167, 174
Trd, 000297.417, 176
Trd, 000297.817, 175
Trd, 000297.867, 176
Trd, 000298.150, 176
Trd, 000298.300, 173
Trd, 000299.017, 173
Trd, 000299.183, 173
Trd, 000299.617, 172
Trd, 000299.867, 165
