Trd, 000000.567, 121
Trd, 000001.500, 151
Trd, 000001.917, 168
Trd, 000002.250, 162
Trd, 000002.400, 170
Trd, 000002.867, 145
Trd, 000003.300, 153
Trd, 000004.283, 155
Trd, 000004.617, 160
Trd, 000004.767, 158
Trd, 000005.350, 165
Trd, 000005.933, 148
Trd, 000007.283, 153
Trd, 000008.433, 155
Trd, 000008.517, 154
Trd, 000009.383, 159
Trd, 000010.183, 158
Trd, 000010.300, 160
Trd, 000011.400, 154
Trd, 000011.517, 156
Trd, 000011.583, 157
Trd, 000011.667, 152
Trd, 000012.833, 163
Trd, 000012.933, 159
Trd, 000014.117, 161
Trd, 000014.383, 163
Trd, 000014.417, 155
Trd, 000014.433, 164
Trd, 000015.017, 154
Trd, 000015.817, 159
Trd, 000016.333, 159
Trd, 000016.583, 163
Trd, 000017.017, 156
Trd, 000017.400, 162
Trd, 000017.850, 166
Trd, 000018.150, 156
Trd, 000018.850, 167
Trd, 000018.967, 156
Trd, 000020.567, 155
Trd, 000021.700, 155
Trd, 000023.367, 156
Trd, 000023.700, 155
Trd, 000023.733, 153
Trd, 000024.017, 159
Trd, 000024.117, 150
Trd, 000026.067, 155
Trd, 000026.800, 153
Trd, 000026.967, 161
Trd, 000027.050, 164
Trd, 000027.467, 159
Trd, 000028.233, 152
Trd, 000028.617, 151
Trd, 000028.917, 139
Trd, 000029.133, 156
Trd, 000029.417, 151
Trd, 000029.683, 152
Trd, 000029.833, 170
Trd, 000029.883, 149
Trd, 000031.250, 169
Trd, 000031.950, 148
Trd, 000031.983, 165
Trd, 000032.267, 140
Trd, 000032.933, 154
Trd, 000033.033, 139
Trd, 000033.233, 164
Trd, 000033.767, 164
Trd, 000034.117, 165
Trd, 000034.367, 149
Trd, 000034.500, 165
Trd, 000035.200, 158
Trd, 000037.183, 159
Trd, 000037.300, 171
Trd, 000037.383, 151
Trd, 000037.483, 175
Trd, 000038.483, 165
Trd, 000038.683, 161
Trd, 000040.100, 162
Trd, 000040.750, 160
Trd, 000041.383, 155
Trd, 000042.600, 155
Trd, 000042.750, 159
Trd, 000043.517, 156
Trd, 000043.783, 155
Trd, 000043.800, 158
Trd, 000044.400, 153
Trd, 000045.167, 160
Trd, 000045.883, 155
Trd, 000046.050, 163
Trd, 000046.233, 167
Trd, 000046.417, 157
Trd, 000047.000, 157
Trd, 000047.117, 155
Trd, 000047.217, 167
Trd, 000047.617, 170
Trd, 000048.700, 174
Trd, 000049.350, 173
Trd, 000049.967, 172
Trd, 000050.933, 168
Trd, 000051.400, 171
Trd, 000052.217, 173
Trd, 000052.800, 167
Trd, 000053.983, 163
Trd, 000054.017, 162
Trd, 000054.233, 156
Trd, 000055.467, 163
Trd, 000055.533, 162
Trd, 000055.833, 167
Trd, 000055.933, 155
Trd, 000056.650, 170
Trd, 000057.083, 171
Trd, 000058.517, 169
Trd, 000058.600, 157
Trd, 000059.283, 169
Trd, 000060.250, 170
Trd, 000060.367, 171
Trd, 000060.867, 169
Trd, 000061.150, 163
Trd, 000061.700, 162
Trd, 000061.883, 165
Trd, 000062.450, 161
Trd, 000063.167, 155
Trd, 000063.467, 157
Trd, 000063.617, 143
Trd, 000064.083, 164
Trd, 000064.233, 154
Trd, 000064.650, 156
Trd, 000065.900, 156
Trd, 000066.333, 143
Trd, 000067.850, 158
Trd, 000067.950, 166
Trd, 000069.233, 152
Trd, 000069.950, 160
Trd, 000070.600, 161
Trd, 000070.900, 154
Trd, 000071.917, 161
Trd, 000072.117, 155
Trd, 000072.650, 161
Trd, 000073.567, 159
Trd, 000074.050, 159
Trd, 000074.350, 160
Trd, 000074.800, 158
Trd, 000075.633, 159
Trd, 000075.683, 166
Trd, 000075.783, 159
Trd, 000075.883, 164
Trd, 000076.200, 169
Trd, 000076.233, 156
Trd, 000076.283, 170
Trd, 000076.950, 160
Trd, 000077.167, 159
Trd, 000078.050, 159
Trd, 000078.217, 167
Trd, 000078.567, 165
Trd, 000079.067, 167
Trd, 000079.717, 160
Trd, 000082.267, 162
Trd, 000082.717, 160
Trd, 000082.750, 162
Trd, 000082.800, 163
Trd, 000083.583, 167
Trd, 000083.900, 160
Trd, 000086.167, 163
Trd, 000086.500, 164
Trd, 000087.000, 162
Trd, 000087.117, 160
Trd, 000087.400, 160
Trd, 000087.450, 165
Trd, 000087.800, 170
Trd, 000088.117, 170
Trd, 000088.883, 174
Trd, 000089.650, 171
Trd, 000090.383, 161
Trd, 000091.000, 161
Trd, 000092.250, 172
Trd, 000092.500, 170
Trd, 000092.600, 173
Trd, 000092.817, 169
Trd, 000093.250, 168
Trd, 000093.767, 160
Trd, 000094.483, 157
Trd, 000095.400, 167
Trd, 000095.650, 170
Trd, 000095.850, 164
Trd, 000095.867, 170
Trd, 000096.050, 145
Trd, 000096.133, 159
Trd, 000096.250, 171
Trd, 000096.400, 168
Trd, 000096.917, 174
Trd, 000097.917, 168
Trd, 000098.017, 161
Trd, 000098.350, 160
Trd, 000098.517, 159
Trd, 000099.333, 203
Trd, 000100.650, 177
Trd, 000101.067, 172
Trd, 000101.400, 168
Trd, 000101.817, 158
Trd, 000103.550, 161
Trd, 000103.600, 162
Trd, 000104.500, 177
Trd, 000104.717, 165
Trd, 000104.867, 162
Trd, 000105.100, 169
Trd, 000105.250, 178
Trd, 000105.383, 163
Trd, 000105.567, 159
Trd, 000107.083, 178
Trd, 000107.550, 179
Trd, 000108.117, 173
Trd, 000108.383, 170
Trd, 000108.533, 159
Trd, 000109.500, 145
Trd, 000109.950, 166
Trd, 000111.233, 170
Trd, 000112.133, 170
Trd, 000112.267, 167
Trd, 000112.550, 170
Trd, 000113.767, 170
Trd, 000114.700, 168
Trd, 000115.500, 169
Trd, 000115.700, 165
Trd, 000116.333, 172
Trd, 000116.367, 166
Trd, 000117.283, 159
Trd, 000118.417, 164
Trd, 000119.167, 171
Trd, 000119.317, 171
Trd, 000119.333, 165
Trd, 000119.350, 164
Trd, 000119.633, 172
Trd, 000120.567, 163
Trd, 000120.950, 160
Trd, 000121.200, 162
Trd, 000121.900, 174
Trd, 000121.917, 177
Trd, 000122.783, 180
Trd, 000122.917, 184
Trd, 000122.933, 194
Trd, 000122.950, 203
Trd, 000123.217, 210
Trd, 000123.500, 306.0
Trd, 000123.867, 301
Trd, 000123.950, 310.0
Trd, 000123.967, 313.0
Trd, 000124.283, 317.0
Trd, 000124.567, 302
Trd, 000124.717, 318
Trd, 000127.000, 327.0
Trd, 000127.017, 342
Trd, 000127.783, 337.0
Trd, 000128.817, 340
Trd, 000129.450, 341
Trd, 000130.150, 333.0
Trd, 000130.350, 344
Trd, 000130.717, 334.0
Trd, 000131.717, 336.0
Trd, 000131.867, 337.0
Trd, 000133.000, 341
Trd, 000134.183, 351.0
Trd, 000134.400, 364
Trd, 000135.000, 349
Trd, 000135.217, 348
Trd, 000135.683, 346
Trd, 000135.817, 364
Trd, 000136.133, 357
Trd, 000136.333, 359
Trd, 000136.550, 366
Trd, 000138.100, 363
Trd, 000139.833, 354
Trd, 000140.183, 352
Trd, 000141.133, 351
Trd, 000141.267, 351.0
Trd, 000142.750, 349
Trd, 000142.833, 348.0
Trd, 000143.800, 348.0
Trd, 000143.900, 350
Trd, 000143.967, 360
Trd, 000144.767, 353
Trd, 000145.100, 348
Trd, 000145.283, 360
Trd, 000146.283, 348
Trd, 000147.117, 352.0
Trd, 000147.617, 357
Trd, 000148.000, 352.0
Trd, 000148.350, 351.0
Trd, 000149.350, 355
Trd, 000150.467, 351
Trd, 000150.817, 350
Trd, 000151.300, 356
Trd, 000151.433, 359
Trd, 000152.483, 356
Trd, 000152.683, 357
Trd, 000153.383, 353
Trd, 000153.450, 351
Trd, 000154.200, 358.0
Trd, 000154.367, 348.0
Trd, 000154.617, 347
Trd, 000155.067, 364
Trd, 000156.867, 352.0
Trd, 000157.883, 360
Trd, 000158.183, 361
Trd, 000158.633, 362.0
Trd, 000161.217, 359
Trd, 000161.333, 353.0
Trd, 000161.383, 351.0
Trd, 000161.433, 359
Trd, 000163.567, 351
Trd, 000163.600, 350
Trd, 000164.467, 358
Trd, 000164.583, 348.0
Trd, 000164.817, 347
Trd, 000165.300, 357
Trd, 000165.517, 336
Trd, 000166.283, 337
Trd, 000166.800, 350
Trd, 000167.450, 350
Trd, 000167.617, 351
Trd, 000168.367, 342
Trd, 000168.817, 341
Trd, 000170.517, 345
Trd, 000171.367, 344
Trd, 000171.467, 336
Trd, 000171.867, 350
Trd, 000171.983, 351
Trd, 000172.817, 351
Trd, 000172.833, 358
Trd, 000172.883, 362.0
Trd, 000173.417, 344
Trd, 000173.600, 343
Trd, 000174.650, 349.0
Trd, 000174.783, 348.0
Trd, 000175.083, 363
Trd, 000176.233, 354
Trd, 000176.383, 350
Trd, 000177.317, 337
Trd, 000177.500, 359
Trd, 000177.833, 351.0
Trd, 000177.933, 358
Trd, 000178.283, 363
Trd, 000178.817, 357
Trd, 000179.633, 336
Trd, 000180.933, 329.0
Trd, 000180.967, 344
Trd, 000181.417, 352
Trd, 000181.700, 339
Trd, 000181.850, 338
Trd, 000182.033, 337
Trd, 000182.117, 327.0
Trd, 000182.533, 324.0
Trd, 000182.767, 313.0
Trd, 000183.817, 204
Trd, 000184.700, 235
Trd, 000185.167, 197
Trd, 000185.250, 187
Trd, 000185.883, 197
Trd, 000185.983, 187
Trd, 000186.200, 186
Trd, 000186.667, 181
Trd, 000186.733, 180
Trd, 000186.883, 169
Trd, 000187.717, 194
Trd, 000189.117, 187
Trd, 000189.583, 167
Trd, 000190.267, 172
Trd, 000191.233, 181
Trd, 000191.267, 176
Trd, 000191.467, 161
Trd, 000192.367, 171
Trd, 000193.050, 170
Trd, 000193.217, 172
Trd, 000193.667, 170
Trd, 000193.683, 171
Trd, 000194.250, 169
Trd, 000194.450, 146
Trd, 000195.200, 175
Trd, 000195.450, 181
Trd, 000195.983, 183
Trd, 000197.617, 172
Trd, 000197.717, 169
Trd, 000198.117, 178
Trd, 000198.483, 179
Trd, 000198.733, 168
Trd, 000198.833, 168
Trd, 000199.183, 181
Trd, 000200.483, 182
Trd, 000200.950, 172
Trd, 000201.150, 171
Trd, 000202.700, 179
Trd, 000203.533, 176
Trd, 000203.667, 178
Trd, 000203.767, 173
Trd, 000204.167, 173
Trd, 000204.617, 172
Trd, 000207.500, 172
Trd, 000207.883, 171
Trd, 000208.283, 177
Trd, 000209.933, 177
Trd, 000210.033, 172
Trd, 000210.250, 174
Trd, 000210.617, 178
Trd, 000210.817, 174
Trd, 000211.350, 177
Trd, 000212.983, 172
Trd, 000213.050, 179
Trd, 000213.233, 183
Trd, 000213.833, 189
Trd, 000214.200, 189
Trd, 000214.317, 188
Trd, 000214.583, 189
Trd, 000214.783, 172
Trd, 000215.000, 169
Trd, 000216.850, 181
Trd, 000217.233, 179
Trd, 000217.283, 185
Trd, 000217.350, 168
Trd, 000217.833, 159
Trd, 000218.633, 180
Trd, 000219.667, 175
Trd, 000219.767, 179
Trd, 000220.333, 173
Trd, 000220.483, 172
Trd, 000221.433, 177
Trd, 000222.100, 172
Trd, 000222.533, 178
Trd, 000223.050, 167
Trd, 000224.883, 171
Trd, 000225.533, 174
Trd, 000225.583, 171
Trd, 000226.317, 175
Trd, 000226.650, 176
Trd, 000226.767, 183
Trd, 000226.867, 184
Trd, 000227.333, 187
Trd, 000227.967, 183
Trd, 000229.533, 178
Trd, 000229.600, 182
Trd, 000230.217, 182
Trd, 000231.467, 178
Trd, 000231.867, 178
Trd, 000232.283, 176
Trd, 000232.650, 184
Trd, 000233.917, 185
Trd, 000234.967, 188
Trd, 000235.117, 190
Trd, 000235.950, 188
Trd, 000236.167, 179
Trd, 000236.300, 179
Trd, 000236.850, 179
Trd, 000237.200, 174
Trd, 000237.517, 171
Trd, 000237.650, 159
Trd, 000238.100, 172
Trd, 000238.150, 174
Trd, 000238.533, 185
Trd, 000239.083, 176
Trd, 000239.450, 183
Trd, 000239.683, 194
Trd, 000240.783, 183
Trd, 000241.000, 179
Trd, 000241.850, 179
Trd, 000242.583, 172
Trd, 000242.700, 168
Trd, 000242.950, 175
Trd, 000244.033, 165
Trd, 000244.133, 164
Trd, 000244.267, 162
Trd, 000244.800, 162
Trd, 000244.967, 165
Trd, 000245.650, 165
Trd, 000245.983, 168
Trd, 000246.150, 168
Trd, 000246.383, 180
Trd, 000246.600, 166
Trd, 000246.817, 163
Trd, 000248.350, 169
Trd, 000248.733, 168
Trd, 000248.883, 169
Trd, 000248.917, 169
Trd, 000249.233, 168
Trd, 000249.567, 170
Trd, 000250.050, 186
Trd, 000250.200, 189
Trd, 000250.383, 176
Trd, 000251.417, 175
Trd, 000251.833, 176
Trd, 000252.817, 176
Trd, 000253.067, 176
Trd, 000253.417, 179
Trd, 000253.450, 169
Trd, 000254.100, 179
Trd, 000254.233, 182
Trd, 000254.317, 166
Trd, 000254.517, 183
Trd, 000255.233, 176
Trd, 000255.617, 171
Trd, 000255.717, 170
Trd, 000256.433, 173
Trd, 000257.217, 174
Trd, 000257.333, 172
Trd, 000257.800, 173
Trd, 000257.917, 171
Trd, 000258.383, 155
Trd, 000258.550, 156
Trd, 000258.650, 170
Trd, 000259.233, 177
Trd, 000259.533, 176
Trd, 000260.050, 166
Trd, 000260.700, 166
Trd, 000260.900, 165
Trd, 000261.283, 162
Trd, 000261.883, 163
Trd, 000262.367, 167
Trd, 000262.917, 161
Trd, 000263.583, 168
Trd, 000263.833, 163
Trd, 000264.133, 166
Trd, 000264.433, 165
Trd, 000264.467, 170
Trd, 000265.067, 173
Trd, 000265.300, 174
Trd, 000265.433, 184
Trd, 000265.817, 188
Trd, 000266.050, 170
Trd, 000266.583, 178
Trd, 000266.767, 177
Trd, 000267.150, 174
Trd, 000268.033, 173
Trd, 000269.067, 170
Trd, 000269.083, 167
Trd, 000269.233, 169
Trd, 000269.650, 171
Trd, 000269.783, 192
Trd, 000269.817, 164
Trd, 000270.383, 179
Trd, 000270.767, 188
Trd, 000271.067, 177
Trd, 000272.883, 181
Trd, 000272.950, 181
Trd, 000273.333, 177
Trd, 000273.683, 180
Trd, 000273.700, 176
Trd, 000273.833, 162
Trd, 000274.100, 164
Trd, 000274.850, 166
Trd, 000275.017, 178
Trd, 000275.217, 154
Trd, 000275.467, 184
Trd, 000275.800, 184
Trd, 000276.350, 184
Trd, 000276.533, 190
Trd, 000276.550, 180
Trd, 000277.800, 186
Trd, 000278.650, 182
Trd, 000278.750, 178
Trd, 000278.783, 178
Trd, 000279.200, 183
Trd, 000279.350, 189
Trd, 000280.000, 185
Trd, 000280.067, 180
Trd, 000280.200, 179
Trd, 000280.533, 184
Trd, 000280.567, 179
Trd, 000280.817, 185
Trd, 000281.283, 180
Trd, 000282.600, 180
Trd, 000282.667, 179
Trd, 000282.900, 183
Trd, 000283.433, 176
Trd, 000283.600, 172
Trd, 000284.083, 174
Trd, 000284.950, 164
Trd, 000285.183, 162
Trd, 000285.483, 165
Trd, 000285.733, 176
Trd, 000286.217, 174
Trd, 000286.767, 185
Trd, 000287.083, 181
Trd, 000287.300, 186
Trd, 000287.483, 191
Trd, 000288.867, 195
Trd, 000289.000, 182
Trd, 000289.033, 181
Trd, 000289.200, 183
Trd, 000289.450, 181
Trd, 000289.717, 180
Trd, 000290.067, 188
Trd, 000290.633, 193
Trd, 000290.717, 180
Trd, 000290.917, 194
Trd, 000291.017, 197
Trd, 000291.183, 174
Trd, 000291.217, 201
Trd, 000292.300, 181
Trd, 000292.500, 189
Trd, 000292.900, 191
Trd, 000293.783, 182
Trd, 000294.000, 180
Trd, 000294.600, 189
Trd, 000294.633, 190
Trd, 000294.650, 177
Trd, 000294.917, 165
Trd, 000295.133, 182
Trd, 000295.350, 158
Trd, 000295.383, 189
Trd, 000296.133, 165
Trd, 000296.550, 158
Trd, 000296.717, 166
Trd, 000297.033, 174
Trd, 000297.117, 167
Trd, 000297.267, 177
Trd, 000297.617, 154
Trd, 000298.133, 192
Trd, 000298.750, 194
Trd, 000298.900, 153
Trd, 000299.667, 171
Trd, 000299.767, 164
