Trd, 000002.300, 142
Trd, 000003.267, 152
Trd, 000003.317, 148
Trd, 000004.917, 151
Trd, 000005.300, 151
Trd, 000005.883, 142
Trd, 000007.083, 144
Trd, 000007.183, 144
Trd, 000007.233, 145
Trd, 000007.783, 147
Trd, 000008.267, 148
Trd, 000009.117, 148
Trd, 000009.733, 148
Trd, 000010.183, 148
Trd, 000010.417, 148
Trd, 000010.650, 148
Trd, 000011.250, 149
Trd, 000011.633, 147
Trd, 000012.150, 152
Trd, 000012.417, 147
Trd, 000013.700, 149
Trd, 000014.783, 147
Trd, 000015.517, 149
Trd, 000015.900, 149
Trd, 000016.550, 148
Trd, 000017.200, 149
Trd, 000017.867, 152
Trd, 000018.667, 151
Trd, 000019.167, 151
Trd, 000019.783, 151
Trd, 000019.917, 150
Trd, 000019.933, 148
Trd, 000020.283, 152
Trd, 000020.600, 152
Trd, 000020.683, 147
Trd, 000021.550, 150
Trd, 000021.600, 153
Trd, 000021.750, 155
Trd, 000022.400, 151
Trd, 000022.867, 150
Trd, 000023.967, 151
Trd, 000024.667, 152
Trd, 000025.083, 150
Trd, 000025.350, 152
Trd, 000025.867, 150
Trd, 000025.883, 152
Trd, 000027.933, 152
Trd, 000027.950, 153
Trd, 000028.150, 154
Trd, 000028.783, 151
Trd, 000028.933, 152
Trd, 000029.700, 151
Trd, 000030.400, 151
Trd, 000031.283, 152
Trd, 000031.317, 151
Trd, 000032.967, 152
Trd, 000033.533, 151
Trd, 000034.083, 151
Trd, 000034.450, 151
Trd, 000034.967, 151
Trd, 000035.083, 152
Trd, 000035.133, 154
Trd, 000035.567, 153
Trd, 000035.917, 152
Trd, 000037.750, 151
Trd, 000038.333, 156
Trd, 000039.400, 155
Trd, 000040.233, 156
Trd, 000040.300, 155
Trd, 000040.967, 155
Trd, 000040.983, 156
Trd, 000041.117, 152
Trd, 000042.317, 151
Trd, 000042.583, 155
Trd, 000043.300, 155
Trd, 000043.467, 154
Trd, 000044.200, 155
Trd, 000044.367, 156
Trd, 000044.850, 155
Trd, 000045.667, 155
Trd, 000045.917, 154
Trd, 000046.783, 154
Trd, 000047.200, 155
Trd, 000048.417, 154
Trd, 000048.733, 153
Trd, 000049.417, 153
Trd, 000049.433, 153
Trd, 000049.567, 154
Trd, 000050.233, 154
Trd, 000050.467, 155
Trd, 000050.733, 146
Trd, 000050.950, 147
Trd, 000051.600, 168
Trd, 000053.633, 155
Trd, 000054.617, 155
Trd, 000054.700, 152
Trd, 000054.867, 155
Trd, 000055.200, 153
Trd, 000055.567, 151
Trd, 000056.250, 154
Trd, 000057.083, 155
Trd, 000057.217, 153
Trd, 000057.417, 154
Trd, 000057.767, 151
Trd, 000058.050, 156
Trd, 000059.433, 155
Trd, 000059.750, 156
Trd, 000060.717, 154
Trd, 000061.967, 152
Trd, 000062.183, 151
Trd, 000062.350, 168
Trd, 000062.733, 156
Trd, 000063.683, 154
Trd, 000064.533, 157
Trd, 000066.050, 157
Trd, 000066.100, 158
Trd, 000066.467, 157
Trd, 000067.217, 172
Trd, 000067.383, 164
Trd, 000067.417, 157
Trd, 000067.683, 172
Trd, 000068.317, 162
Trd, 000069.350, 161
Trd, 000070.283, 160
Trd, 000071.067, 161
Trd, 000072.283, 159
Trd, 000073.200, 160
Trd, 000073.500, 160
Trd, 000073.533, 161
Trd, 000073.800, 160
Trd, 000074.500, 157
Trd, 000074.533, 158
Trd, 000075.450, 160
Trd, 000075.550, 161
Trd, 000075.733, 159
Trd, 000076.450, 166
Trd, 000077.217, 160
Trd, 000077.550, 159
Trd, 000077.567, 163
Trd, 000078.033, 156
Trd, 000078.467, 155
Trd, 000079.000, 159
Trd, 000079.533, 157
Trd, 000080.000, 158
Trd, 000080.450, 176
Trd, 000080.650, 157
Trd, 000081.167, 156
Trd, 000081.867, 158
Trd, 000082.050, 158
Trd, 000082.283, 158
Trd, 000082.550, 160
Trd, 000083.617, 160
Trd, 000084.217, 172
Trd, 000084.417, 170
Trd, 000084.750, 175
Trd, 000084.967, 170
Trd, 000084.983, 176
Trd, 000085.683, 169
Trd, 000086.633, 157
Trd, 000087.883, 169
Trd, 000088.533, 169
Trd, 000089.533, 166
Trd, 000090.067, 166
Trd, 000090.183, 160
Trd, 000091.517, 164
Trd, 000091.583, 166
Trd, 000091.667, 162
Trd, 000092.167, 165
Trd, 000092.700, 164
Trd, 000093.000, 163
Trd, 000093.617, 174
Trd, 000093.917, 161
Trd, 000094.533, 158
Trd, 000095.350, 166
Trd, 000096.350, 170
Trd, 000096.433, 160
Trd, 000098.017, 162
Trd, 000098.083, 160
Trd, 000098.300, 163
Trd, 000098.783, 159
Trd, 000098.950, 164
Trd, 000099.100, 159
Trd, 000100.167, 166
Trd, 000100.217, 161
Trd, 000101.867, 164
Trd, 000101.900, 167
Trd, 000101.983, 162
Trd, 000102.800, 172
Trd, 000103.900, 172
Trd, 000103.950, 169
Trd, 000104.067, 174
Trd, 000104.250, 168
Trd, 000104.867, 175
Trd, 000104.983, 162
Trd, 000106.300, 178
Trd, 000106.917, 174
Trd, 000108.200, 168
Trd, 000108.433, 175
Trd, 000108.483, 177
Trd, 000109.033, 168
Trd, 000109.117, 165
Trd, 000109.400, 169
Trd, 000109.800, 175
Trd, 000110.000, 175
Trd, 000110.633, 173
Trd, 000111.517, 164
Trd, 000112.183, 171
Trd, 000112.200, 164
Trd, 000112.917, 164
Trd, 000113.667, 169
Trd, 000115.167, 163
Trd, 000115.650, 161
Trd, 000115.767, 169
Trd, 000116.000, 161
Trd, 000116.417, 162
Trd, 000117.833, 167
Trd, 000117.933, 167
Trd, 000119.000, 168
Trd, 000119.067, 166
Trd, 000119.783, 166
Trd, 000119.883, 167
Trd, 000120.067, 169
Trd, 000120.083, 169
Trd, 000120.167, 160
Trd, 000120.850, 171
Trd, 000121.317, 178
Trd, 000121.850, 184
Trd, 000121.917, 191
Trd, 000122.733, 200
Trd, 000123.017, 205
Trd, 000123.067, 251
Trd, 000123.250, 288
Trd, 000123.433, 306.0
Trd, 000123.733, 207
Trd, 000123.833, 313.0
Trd, 000124.217, 317.0
Trd, 000124.650, 337.0
Trd, 000125.050, 343.0
Trd, 000125.500, 343.0
Trd, 000126.433, 349
Trd, 000127.500, 374
Trd, 000128.183, 348
Trd, 000128.750, 351.0
Trd, 000128.850, 347
Trd, 000129.883, 361
Trd, 000130.783, 355
Trd, 000130.933, 355
Trd, 000131.017, 348
Trd, 000131.300, 356
Trd, 000132.850, 348.0
Trd, 000134.433, 352
Trd, 000134.800, 349
Trd, 000135.917, 350
Trd, 000136.167, 351
Trd, 000136.233, 350
Trd, 000136.700, 349
Trd, 000138.050, 349.0
Trd, 000138.800, 351.0
Trd, 000139.583, 350.0
Trd, 000139.733, 348.0
Trd, 000139.800, 347
Trd, 000140.383, 349
Trd, 000140.617, 351
Trd, 000141.133, 350
Trd, 000142.300, 351
Trd, 000143.167, 354
Trd, 000143.233, 353
Trd, 000144.183, 353
Trd, 000144.250, 352
Trd, 000144.283, 354
Trd, 000144.500, 349
Trd, 000145.117, 348.0
Trd, 000145.817, 350
Trd, 000147.383, 351.0
Trd, 000147.867, 349
Trd, 000147.983, 351
Trd, 000148.283, 350
Trd, 000148.750, 348.0
Trd, 000149.100, 349
Trd, 000149.567, 352
Trd, 000150.450, 350
Trd, 000151.067, 348
Trd, 000151.483, 347
Trd, 000152.983, 347.0
Trd, 000153.017, 350
Trd, 000154.333, 348
Trd, 000154.350, 346
Trd, 000154.833, 348
Trd, 000155.867, 347
Trd, 000156.267, 349
Trd, 000156.517, 349.0
Trd, 000156.983, 347
Trd, 000157.533, 347
Trd, 000157.567, 346
Trd, 000160.233, 349.0
Trd, 000160.950, 348.0
Trd, 000161.217, 348
Trd, 000162.233, 348
Trd, 000162.933, 350
Trd, 000163.800, 351
Trd, 000164.117, 351.0
Trd, 000164.900, 343
Trd, 000165.917, 348.0
Trd, 000166.500, 346
Trd, 000166.933, 347
Trd, 000167.233, 346
Trd, 000167.550, 349
Trd, 000167.667, 350
Trd, 000168.283, 345
Trd, 000170.150, 349
Trd, 000170.683, 348.0
Trd, 000170.883, 344
Trd, 000171.067, 349
Trd, 000171.117, 341
Trd, 000172.317, 340
Trd, 000173.000, 348.0
Trd, 000173.233, 342
Trd, 000173.800, 349.0
Trd, 000174.767, 343
Trd, 000175.367, 348.0
Trd, 000177.233, 348
Trd, 000177.467, 345
Trd, 000177.583, 346
Trd, 000177.600, 349
Trd, 000178.300, 346
Trd, 000179.667, 347
Trd, 000180.367, 346
Trd, 000180.967, 347
Trd, 000181.550, 347
Trd, 000181.783, 346
Trd, 000182.283, 347
Trd, 000182.550, 345
Trd, 000183.033, 341.0
Trd, 000183.100, 336
Trd, 000183.317, 327.0
Trd, 000183.983, 322
Trd, 000184.600, 295
Trd, 000184.700, 263
Trd, 000184.767, 218
Trd, 000184.850, 193
Trd, 000185.300, 217
Trd, 000185.567, 192
Trd, 000186.000, 191
Trd, 000186.083, 190
Trd, 000186.733, 211
Trd, 000187.067, 180
Trd, 000188.383, 182
Trd, 000189.033, 182
Trd, 000189.783, 174
Trd, 000189.867, 180
Trd, 000190.300, 176
Trd, 000191.233, 179
Trd, 000191.283, 170
Trd, 000191.300, 180
Trd, 000191.317, 169
Trd, 000192.283, 168
Trd, 000193.667, 167
Trd, 000193.967, 167
Trd, 000194.533, 167
Trd, 000195.383, 169
Trd, 000195.750, 171
Trd, 000196.500, 170
Trd, 000197.317, 170
Trd, 000197.883, 168
Trd, 000198.400, 173
Trd, 000199.000, 171
Trd, 000199.267, 169
Trd, 000200.533, 177
Trd, 000201.083, 179
Trd, 000201.517, 176
Trd, 000202.133, 175
Trd, 000202.467, 182
Trd, 000202.667, 184
Trd, 000202.850, 184
Trd, 000203.450, 183
Trd, 000204.833, 181
Trd, 000205.067, 181
Trd, 000207.500, 173
Trd, 000207.667, 177
Trd, 000208.150, 174
Trd, 000208.217, 177
Trd, 000209.133, 178
Trd, 000210.467, 172
Trd, 000211.267, 179
Trd, 000211.533, 174
Trd, 000211.817, 173
Trd, 000212.667, 172
Trd, 000212.750, 171
Trd, 000213.800, 177
Trd, 000213.883, 177
Trd, 000213.900, 178
Trd, 000214.333, 172
Trd, 000215.217, 173
Trd, 000215.633, 172
Trd, 000216.017, 176
Trd, 000217.300, 176
Trd, 000217.733, 176
Trd, 000217.783, 187
Trd, 000219.300, 173
Trd, 000219.900, 178
Trd, 000220.217, 172
Trd, 000220.400, 162
Trd, 000220.417, 171
Trd, 000221.050, 172
Trd, 000221.267, 173
Trd, 000222.450, 177
Trd, 000222.583, 173
Trd, 000225.167, 177
Trd, 000225.467, 176
Trd, 000225.517, 179
Trd, 000225.533, 179
Trd, 000226.267, 186
Trd, 000226.817, 175
Trd, 000227.533, 174
Trd, 000227.650, 172
Trd, 000228.100, 179
Trd, 000229.567, 177
Trd, 000229.700, 180
Trd, 000230.433, 184
Trd, 000231.083, 177
Trd, 000231.267, 174
Trd, 000232.283, 175
Trd, 000233.617, 177
Trd, 000233.883, 175
Trd, 000234.367, 174
Trd, 000235.317, 176
Trd, 000236.267, 177
Trd, 000237.483, 177
Trd, 000238.050, 175
Trd, 000238.233, 177
Trd, 000239.850, 177
Trd, 000239.950, 179
Trd, 000240.117, 179
Trd, 000240.217, 182
Trd, 000240.933, 178
Trd, 000241.283, 179
Trd, 000242.083, 179
Trd, 000242.100, 180
Trd, 000242.650, 181
Trd, 000244.233, 180
Trd, 000244.467, 180
Trd, 000245.450, 178
Trd, 000245.633, 174
Trd, 000245.650, 175
Trd, 000246.267, 174
Trd, 000246.283, 177
Trd, 000246.617, 177
Trd, 000246.983, 175
Trd, 000247.850, 174
Trd, 000247.983, 175
Trd, 000248.083, 177
Trd, 000249.733, 176
Trd, 000251.117, 176
Trd, 000251.300, 173
Trd, 000251.350, 174
Trd, 000251.833, 175
Trd, 000252.017, 176
Trd, 000252.117, 177
Trd, 000252.417, 175
Trd, 000252.917, 177
Trd, 000253.017, 181
Trd, 000253.717, 176
Trd, 000254.917, 182
Trd, 000255.117, 183
Trd, 000255.483, 179
Trd, 000255.500, 186
Trd, 000256.767, 180
Trd, 000256.833, 181
Trd, 000257.400, 180
Trd, 000257.433, 167
Trd, 000259.050, 182
Trd, 000259.183, 175
Trd, 000259.350, 177
Trd, 000259.550, 174
Trd, 000259.683, 170
Trd, 000260.550, 175
Trd, 000261.750, 177
Trd, 000262.167, 176
Trd, 000262.217, 178
Trd, 000262.617, 180
Trd, 000263.183, 188
Trd, 000264.267, 179
Trd, 000264.800, 180
Trd, 000265.050, 179
Trd, 000265.283, 178
Trd, 000266.100, 179
Trd, 000266.450, 177
Trd, 000266.917, 178
Trd, 000267.600, 178
Trd, 000268.467, 177
Trd, 000268.783, 179
Trd, 000269.033, 178
Trd, 000270.300, 177
Trd, 000270.633, 176
Trd, 000270.783, 178
Trd, 000271.267, 177
Trd, 000271.850, 178
Trd, 000272.250, 179
Trd, 000272.333, 189
Trd, 000272.600, 185
Trd, 000273.117, 195
Trd, 000273.733, 183
Trd, 000274.717, 181
Trd, 000274.917, 175
Trd, 000275.367, 168
Trd, 000275.933, 180
Trd, 000276.600, 178
Trd, 000277.017, 178
Trd, 000277.383, 175
Trd, 000277.417, 178
Trd, 000278.033, 178
Trd, 000278.133, 177
Trd, 000278.850, 179
Trd, 000280.133, 179
Trd, 000280.267, 178
Trd, 000280.850, 178
Trd, 000280.900, 180
Trd, 000281.367, 179
Trd, 000281.433, 178
Trd, 000281.533, 179
Trd, 000281.917, 179
Trd, 000282.017, 178
Trd, 000282.383, 170
Trd, 000282.433, 190
Trd, 000284.000, 177
Trd, 000284.083, 176
Trd, 000284.600, 179
Trd, 000284.817, 193
Trd, 000285.550, 177
Trd, 000286.283, 177
Trd, 000286.317, 182
Trd, 000286.500, 182
Trd, 000287.300, 180
Trd, 000287.917, 182
Trd, 000288.450, 181
Trd, 000289.067, 178
Trd, 000289.217, 182
Trd, 000289.583, 180
Trd, 000290.767, 190
Trd, 000291.483, 183
Trd, 000291.583, 180
Trd, 000291.633, 179
Trd, 000292.200, 171
Trd, 000292.517, 180
Trd, 000292.533, 171
Trd, 000293.517, 180
Trd, 000293.833, 181
Trd, 000294.350, 180
Trd, 000294.717, 182
Trd, 000294.767, 179
Trd, 000295.733, 177
Trd, 000295.817, 177
Trd, 000296.233, 170
Trd, 000296.667, 191
Trd, 000298.183, 192
Trd, 000298.833, 185
Trd, 000298.917, 195
Trd, 000299.100, 180
Trd, 000299.133, 181
Trd, 000299.600, 178
Trd, 000299.683, 186
Trd, 000299.983, 187
