Trd, 000003.650, 122
Trd, 000004.467, 134
Trd, 000004.517, 134
Trd, 000004.733, 137
Trd, 000005.033, 141
Trd, 000006.167, 155
Trd, 000006.917, 151
Trd, 000007.117, 155
Trd, 000008.367, 152
Trd, 000008.667, 153
Trd, 000009.317, 154
Trd, 000010.133, 155
Trd, 000010.233, 155
Trd, 000010.300, 153
Trd, 000010.750, 152
Trd, 000010.967, 157
Trd, 000011.417, 160
Trd, 000011.967, 160
Trd, 000012.800, 156
Trd, 000013.183, 156
Trd, 000015.883, 154
Trd, 000016.567, 156
Trd, 000017.017, 155
Trd, 000017.550, 154
Trd, 000018.300, 162
Trd, 000020.283, 159
Trd, 000020.583, 155
Trd, 000020.800, 154
Trd, 000020.917, 163
Trd, 000020.933, 153
Trd, 000021.183, 138
Trd, 000021.533, 138
Trd, 000021.700, 139
Trd, 000022.733, 137
Trd, 000023.267, 143
Trd, 000024.317, 139
Trd, 000024.550, 136
Trd, 000025.350, 139
Trd, 000025.900, 142
Trd, 000026.100, 146
Trd, 000026.767, 146
Trd, 000027.633, 147
Trd, 000028.233, 148
Trd, 000029.100, 147
Trd, 000029.217, 147
Trd, 000030.467, 147
Trd, 000031.017, 147
Trd, 000031.767, 146
Trd, 000032.350, 146
Trd, 000033.383, 145
Trd, 000035.100, 177
Trd, 000036.133, 165
Trd, 000036.517, 174
Trd, 000037.167, 164
Trd, 000037.450, 164
Trd, 000037.500, 162
Trd, 000038.150, 158
Trd, 000040.150, 161
Trd, 000040.783, 163
Trd, 000041.483, 161
Trd, 000041.733, 161
Trd, 000042.000, 161
Trd, 000042.017, 162
Trd, 000043.600, 160
Trd, 000044.433, 159
Trd, 000044.850, 156
Trd, 000046.167, 156
Trd, 000047.700, 146
Trd, 000048.000, 145
Trd, 000049.050, 153
Trd, 000049.517, 153
Trd, 000049.717, 154
Trd, 000050.800, 155
Trd, 000051.017, 162
Trd, 000051.050, 156
Trd, 000052.533, 158
Trd, 000052.917, 156
Trd, 000053.583, 156
Trd, 000054.217, 157
Trd, 000054.317, 159
Trd, 000054.883, 159
Trd, 000055.350, 157
Trd, 000055.500, 156
Trd, 000056.650, 143
Trd, 000056.967, 154
Trd, 000059.017, 155
Trd, 000059.600, 155
Trd, 000059.883, 156
Trd, 000060.033, 161
Trd, 000060.150, 154
Trd, 000060.517, 154
Trd, 000063.383, 157
Trd, 000063.450, 155
Trd, 000063.900, 158
Trd, 000064.067, 153
Trd, 000064.150, 151
Trd, 000064.550, 152
Trd, 000065.467, 144
Trd, 000065.600, 157
Trd, 000065.650, 143
Trd, 000065.933, 158
Trd, 000067.067, 150
Trd, 000067.083, 149
Trd, 000068.150, 156
Trd, 000068.233, 152
Trd, 000069.400, 152
Trd, 000069.733, 156
Trd, 000072.000, 161
Trd, 000072.600, 162
Trd, 000073.150, 162
Trd, 000074.367, 164
Trd, 000075.050, 163
Trd, 000075.117, 162
Trd, 000076.733, 162
Trd, 000077.517, 166
Trd, 000077.717, 161
Trd, 000078.383, 166
Trd, 000078.400, 161
Trd, 000079.150, 160
Trd, 000080.100, 161
Trd, 000080.333, 160
Trd, 000081.850, 144
Trd, 000082.067, 170
Trd, 000083.433, 147
Trd, 000084.950, 156
Trd, 000085.067, 155
Trd, 000085.500, 159
Trd, 000086.200, 156
Trd, 000086.350, 155
Trd, 000087.083, 158
Trd, 000088.317, 154
Trd, 000088.467, 150
Trd, 000088.700, 150
Trd, 000089.050, 146
Trd, 000089.150, 145
Trd, 000089.883, 152
Trd, 000089.900, 159
Trd, 000090.550, 149
Trd, 000090.817, 169
Trd, 000093.283, 151
Trd, 000093.517, 154
Trd, 000094.350, 150
Trd, 000094.367, 157
Trd, 000094.883, 150
Trd, 000095.150, 164
Trd, 000095.517, 150
Trd, 000095.983, 160
Trd, 000096.267, 149
Trd, 000096.550, 158
Trd, 000098.167, 154
Trd, 000098.800, 153
Trd, 000098.917, 149
Trd, 000099.783, 164
Trd, 000100.467, 151
Trd, 000101.550, 152
Trd, 000101.850, 152
Trd, 000102.033, 152
Trd, 000104.617, 152
Trd, 000104.667, 151
Trd, 000104.833, 150
Trd, 000105.100, 151
Trd, 000105.317, 150
Trd, 000106.117, 149
Trd, 000107.300, 150
Trd, 000107.733, 152
Trd, 000108.817, 157
Trd, 000109.783, 152
Trd, 000110.633, 150
Trd, 000111.017, 160
Trd, 000112.167, 159
Trd, 000112.500, 159
Trd, 000112.750, 158
Trd, 000113.483, 156
Trd, 000113.567, 157
Trd, 000115.300, 163
Trd, 000115.567, 162
Trd, 000115.983, 159
Trd, 000116.217, 160
Trd, 000117.717, 160
Trd, 000117.900, 159
Trd, 000118.267, 158
Trd, 000118.300, 158
Trd, 000119.383, 155
Trd, 000120.033, 158
Trd, 000120.567, 159
Trd, 000121.183, 161
Trd, 000121.300, 151
Trd, 000121.383, 161
Trd, 000121.683, 165
Trd, 000121.833, 167
Trd, 000122.450, 187
Trd, 000122.683, 191
Trd, 000122.950, 194
Trd, 000123.750, 198
Trd, 000124.517, 205
Trd, 000125.283, 317.0
Trd, 000125.317, 310.0
Trd, 000125.767, 316
Trd, 000127.000, 331
Trd, 000127.183, 333
Trd, 000128.917, 325.0
Trd, 000129.133, 334.0
Trd, 000129.550, 341.0
Trd, 000130.533, 349
Trd, 000130.750, 347
Trd, 000131.367, 349
Trd, 000132.283, 346
Trd, 000132.433, 345
Trd, 000132.833, 347
Trd, 000133.083, 346
Trd, 000133.650, 335
Trd, 000133.800, 347
Trd, 000134.667, 337.0
Trd, 000135.117, 341
Trd, 000136.117, 339
Trd, 000136.217, 341.0
Trd, 000136.500, 343
Trd, 000136.767, 338
Trd, 000138.433, 339
Trd, 000138.983, 338
Trd, 000140.133, 338
Trd, 000140.500, 338
Trd, 000141.117, 339
Trd, 000141.400, 337.0
Trd, 000144.250, 341
Trd, 000144.283, 344
Trd, 000144.467, 341
Trd, 000144.483, 340
Trd, 000144.800, 339
Trd, 000145.650, 333
Trd, 000145.767, 333
Trd, 000145.867, 341.0
Trd, 000146.117, 355.0
Trd, 000147.133, 331
Trd, 000147.283, 327.0
Trd, 000147.567, 323
Trd, 000148.600, 341.0
Trd, 000149.350, 334.0
Trd, 000151.367, 334
Trd, 000151.483, 334.0
Trd, 000152.083, 333
Trd, 000152.150, 329
Trd, 000152.583, 335
Trd, 000153.883, 337.0
Trd, 000155.167, 333
Trd, 000156.333, 335
Trd, 000156.450, 334
Trd, 000157.467, 334
Trd, 000158.417, 334
Trd, 000158.817, 335.0
Trd, 000158.983, 334
Trd, 000159.983, 336.0
Trd, 000160.183, 334
Trd, 000160.300, 331
Trd, 000160.933, 338
Trd, 000160.950, 332
Trd, 000162.583, 333
Trd, 000162.633, 341.0
Trd, 000163.617, 335
Trd, 000164.267, 334.0
Trd, 000166.383, 331
Trd, 000166.517, 335.0
Trd, 000167.700, 334
Trd, 000168.083, 334.0
Trd, 000168.100, 333
Trd, 000168.583, 336.0
Trd, 000168.850, 337.0
Trd, 000170.850, 335
Trd, 000172.367, 338
Trd, 000172.417, 334
Trd, 000173.700, 337
Trd, 000173.833, 338
Trd, 000174.450, 340.0
Trd, 000175.767, 335.0
Trd, 000176.200, 335.0
Trd, 000176.650, 334.0
Trd, 000177.800, 341.0
Trd, 000178.033, 334
Trd, 000178.533, 331
Trd, 000178.850, 345
Trd, 000181.867, 336.0
Trd, 000182.583, 335.0
Trd, 000182.667, 334.0
Trd, 000182.967, 327.0
Trd, 000183.267, 323
Trd, 000183.567, 323
Trd, 000183.783, 321
Trd, 000183.950, 320.0
Trd, 000184.783, 306.0
Trd, 000184.850, 302
Trd, 000184.950, 293
Trd, 000185.817, 203
Trd, 000186.117, 202
Trd, 000187.250, 200
Trd, 000187.467, 201
Trd, 000188.183, 201
Trd, 000188.283, 193
Trd, 000189.217, 193
Trd, 000190.050, 181
Trd, 000191.567, 191
Trd, 000191.633, 190
Trd, 000192.333, 179
Trd, 000193.367, 179
Trd, 000193.400, 172
Trd, 000193.867, 171
Trd, 000193.933, 182
Trd, 000195.967, 166
Trd, 000196.933, 156
Trd, 000197.000, 157
Trd, 000197.267, 158
Trd, 000197.400, 159
Trd, 000197.683, 155
Trd, 000199.583, 161
Trd, 000200.983, 162
Trd, 000201.617, 164
Trd, 000202.083, 163
Trd, 000202.183, 164
Trd, 000203.250, 161
Trd, 000203.483, 159
Trd, 000204.517, 161
Trd, 000204.600, 160
Trd, 000206.183, 159
Trd, 000206.300, 160
Trd, 000206.467, 161
Trd, 000207.117, 171
Trd, 000207.950, 162
Trd, 000208.417, 176
Trd, 000209.050, 156
Trd, 000209.683, 161
Trd, 000210.083, 161
Trd, 000210.267, 169
Trd, 000210.583, 169
Trd, 000212.083, 169
Trd, 000212.767, 166
Trd, 000213.167, 167
Trd, 000214.383, 171
Trd, 000215.650, 172
Trd, 000215.750, 176
Trd, 000216.183, 178
Trd, 000217.333, 180
Trd, 000217.350, 182
Trd, 000217.900, 173
Trd, 000218.517, 173
Trd, 000218.950, 182
Trd, 000220.883, 177
Trd, 000221.050, 177
Trd, 000221.100, 178
Trd, 000221.167, 177
Trd, 000221.483, 173
Trd, 000221.717, 167
Trd, 000222.467, 176
Trd, 000222.617, 166
Trd, 000223.217, 159
Trd, 000224.167, 168
Trd, 000225.017, 169
Trd, 000225.283, 170
Trd, 000225.617, 159
Trd, 000226.783, 180
Trd, 000227.633, 160
Trd, 000228.383, 160
Trd, 000228.683, 160
Trd, 000229.083, 164
Trd, 000231.417, 164
Trd, 000231.567, 164
Trd, 000232.150, 164
Trd, 000232.500, 163
Trd, 000233.100, 165
Trd, 000233.133, 178
Trd, 000233.200, 163
Trd, 000233.533, 191
Trd, 000234.200, 166
Trd, 000234.933, 181
Trd, 000235.467, 182
Trd, 000236.467, 169
Trd, 000237.217, 167
Trd, 000237.583, 164
Trd, 000239.183, 163
Trd, 000239.750, 163
Trd, 000240.317, 165
Trd, 000241.267, 169
Trd, 000241.350, 168
Trd, 000241.817, 172
Trd, 000242.050, 175
Trd, 000243.150, 171
Trd, 000243.467, 175
Trd, 000243.750, 173
Trd, 000244.500, 176
Trd, 000244.550, 179
Trd, 000245.000, 179
Trd, 000245.233, 178
Trd, 000245.600, 181
Trd, 000245.750, 178
Trd, 000245.867, 181
Trd, 000246.783, 181
Trd, 000246.833, 181
Trd, 000247.533, 178
Trd, 000247.817, 177
Trd, 000247.950, 184
Trd, 000248.033, 176
Trd, 000248.617, 181
Trd, 000249.517, 171
Trd, 000249.650, 169
Trd, 000250.183, 172
Trd, 000250.667, 166
Trd, 000251.300, 167
Trd, 000251.533, 173
Trd, 000251.583, 174
Trd, 000251.833, 175
Trd, 000252.233, 175
Trd, 000252.567, 176
Trd, 000253.900, 189
Trd, 000254.517, 189
Trd, 000254.550, 191
Trd, 000254.867, 187
Trd, 000255.733, 187
Trd, 000256.150, 191
Trd, 000256.167, 187
Trd, 000256.317, 185
Trd, 000256.617, 189
Trd, 000256.883, 192
Trd, 000257.167, 185
Trd, 000258.467, 185
Trd, 000258.817, 183
Trd, 000259.417, 185
Trd, 000260.750, 182
Trd, 000261.033, 183
Trd, 000261.350, 186
Trd, 000261.483, 191
Trd, 000261.750, 184
Trd, 000262.100, 182
Trd, 000262.383, 188
Trd, 000262.600, 184
Trd, 000262.967, 182
Trd, 000264.067, 183
Trd, 000264.567, 182
Trd, 000265.233, 186
Trd, 000265.550, 182
Trd, 000265.867, 188
Trd, 000266.433, 185
Trd, 000266.483, 181
Trd, 000266.717, 189
Trd, 000267.350, 187
Trd, 000268.400, 190
Trd, 000268.750, 188
Trd, 000269.067, 188
Trd, 000269.333, 187
Trd, 000269.417, 186
Trd, 000269.900, 183
Trd, 000270.483, 182
Trd, 000271.050, 182
Trd, 000271.150, 178
Trd, 000271.367, 178
Trd, 000271.700, 188
Trd, 000272.250, 183
Trd, 000272.483, 182
Trd, 000272.517, 172
Trd, 000272.567, 171
Trd, 000272.700, 171
Trd, 000273.833, 182
Trd, 000274.100, 178
Trd, 000275.000, 183
Trd, 000275.883, 182
Trd, 000275.950, 182
Trd, 000276.000, 185
Trd, 000276.200, 189
Trd, 000277.033, 185
Trd, 000277.733, 188
Trd, 000278.367, 185
Trd, 000279.217, 184
Trd, 000279.617, 185
Trd, 000279.933, 179
Trd, 000280.250, 181
Trd, 000280.567, 161
Trd, 000281.183, 179
Trd, 000281.233, 179
Trd, 000281.433, 190
Trd, 000281.483, 188
Trd, 000282.000, 187
Trd, 000282.267, 186
Trd, 000282.583, 183
Trd, 000283.467, 184
Trd, 000283.600, 195
Trd, 000284.133, 193
Trd, 000284.933, 188
Trd, 000285.017, 191
Trd, 000285.550, 197
Trd, 000286.367, 188
Trd, 000287.283, 195
Trd, 000287.817, 188
Trd, 000288.417, 187
Trd, 000288.683, 192
Trd, 000288.783, 183
Trd, 000289.917, 191
Trd, 000289.967, 193
Trd, 000290.117, 187
Trd, 000290.283, 196
Trd, 000291.217, 167
Trd, 000291.317, 170
Trd, 000291.600, 180
Trd, 000292.867, 188
Trd, 000293.033, 186
Trd, 000293.333, 193
Trd, 000293.450, 173
Trd, 000293.517, 174
Trd, 000293.933, 187
Trd, 000294.800, 171
Trd, 000295.083, 185
Trd, 000295.350, 184
Trd, 000295.600, 180
Trd, 000295.717, 186
Trd, 000296.300, 179
Trd, 000297.700, 179
Trd, 000298.150, 178
Trd, 000298.183, 171
Trd, 000298.233, 179
Trd, 000298.967, 166
Trd, 000299.883, 166
