Trd, 000003.417, 149
Trd, 000004.367, 150
Trd, 000004.383, 159
Trd, 000005.150, 173
Trd, 000005.233, 160
Trd, 000006.333, 161
Trd, 000007.017, 159
Trd, 000007.750, 158
Trd, 000007.767, 152
Trd, 000008.167, 158
Trd, 000008.300, 156
Trd, 000008.700, 152
Trd, 000008.817, 160
Trd, 000010.150, 159
Trd, 000010.633, 161
Trd, 000011.217, 164
Trd, 000012.533, 155
Trd, 000013.000, 154
Trd, 000013.550, 161
Trd, 000013.950, 139
Trd, 000014.283, 155
Trd, 000016.350, 149
Trd, 000016.600, 156
Trd, 000017.583, 147
Trd, 000017.617, 148
Trd, 000017.900, 147
Trd, 000018.017, 148
Trd, 000018.083, 146
Trd, 000018.667, 152
Trd, 000019.217, 163
Trd, 000020.867, 152
Trd, 000020.933, 148
Trd, 000021.317, 149
Trd, 000021.950, 148
Trd, 000022.250, 143
Trd, 000023.033, 146
Trd, 000024.117, 144
Trd, 000024.767, 145
Trd, 000024.900, 144
Trd, 000025.167, 145
Trd, 000025.283, 149
Trd, 000025.633, 142
Trd, 000026.617, 157
Trd, 000027.000, 142
Trd, 000027.683, 146
Trd, 000027.850, 139
Trd, 000030.000, 143
Trd, 000030.400, 141
Trd, 000031.067, 143
Trd, 000031.950, 144
Trd, 000032.017, 144
Trd, 000032.417, 145
Trd, 000032.517, 174
Trd, 000033.367, 153
Trd, 000033.867, 149
Trd, 000034.083, 141
Trd, 000034.167, 149
Trd, 000034.783, 140
Trd, 000036.817, 152
Trd, 000038.167, 150
Trd, 000039.583, 152
Trd, 000039.850, 153
Trd, 000039.883, 151
Trd, 000040.250, 166
Trd, 000040.833, 167
Trd, 000040.983, 163
Trd, 000041.750, 162
Trd, 000042.133, 150
Trd, 000043.167, 162
Trd, 000045.267, 158
Trd, 000045.417, 156
Trd, 000045.717, 156
Trd, 000046.233, 157
Trd, 000047.300, 156
Trd, 000047.767, 155
Trd, 000047.850, 157
Trd, 000048.267, 154
Trd, 000049.250, 156
Trd, 000050.400, 155
Trd, 000050.550, 153
Trd, 000050.800, 155
Trd, 000051.300, 154
Trd, 000051.567, 155
Trd, 000052.350, 151
Trd, 000052.667, 152
Trd, 000052.733, 142
Trd, 000053.550, 149
Trd, 000054.733, 147
Trd, 000054.850, 146
Trd, 000055.267, 148
Trd, 000056.017, 149
Trd, 000056.917, 149
Trd, 000058.333, 148
Trd, 000059.217, 150
Trd, 000059.433, 149
Trd, 000059.733, 149
Trd, 000059.983, 150
Trd, 000060.267, 149
Trd, 000060.417, 147
Trd, 000061.167, 150
Trd, 000061.633, 150
Trd, 000062.600, 161
Trd, 000063.133, 158
Trd, 000063.750, 164
Trd, 000065.317, 159
Trd, 000065.483, 158
Trd, 000065.933, 157
Trd, 000066.167, 165
Trd, 000068.017, 156
Trd, 000068.900, 151
Trd, 000069.633, 152
Trd, 000069.933, 151
Trd, 000070.100, 151
Trd, 000070.933, 152
Trd, 000071.517, 152
Trd, 000071.650, 152
Trd, 000072.167, 152
Trd, 000072.183, 153
Trd, 000073.333, 165
Trd, 000074.517, 163
Trd, 000074.533, 162
Trd, 000074.650, 158
Trd, 000075.117, 158
Trd, 000075.550, 160
Trd, 000075.650, 160
Trd, 000076.633, 159
Trd, 000077.483, 157
Trd, 000077.617, 161
Trd, 000077.700, 167
Trd, 000078.183, 156
Trd, 000078.200, 155
Trd, 000078.933, 165
Trd, 000081.467, 158
Trd, 000081.767, 150
Trd, 000083.150, 153
Trd, 000083.183, 156
Trd, 000084.017, 160
Trd, 000085.000, 156
Trd, 000085.600, 155
Trd, 000086.233, 159
Trd, 000086.950, 171
Trd, 000087.017, 155
Trd, 000088.067, 163
Trd, 000089.033, 159
Trd, 000090.167, 160
Trd, 000090.200, 159
Trd, 000090.650, 160
Trd, 000091.083, 158
Trd, 000091.233, 158
Trd, 000091.750, 156
Trd, 000092.750, 152
Trd, 000092.867, 153
Trd, 000093.167, 151
Trd, 000093.183, 147
Trd, 000094.017, 153
Trd, 000094.933, 146
Trd, 000095.100, 152
Trd, 000095.150, 153
Trd, 000096.283, 155
Trd, 000097.083, 154
Trd, 000097.567, 153
Trd, 000098.950, 154
Trd, 000099.050, 154
Trd, 000099.367, 153
Trd, 000099.583, 154
Trd, 000100.383, 152
Trd, 000100.750, 155
Trd, 000101.300, 151
Trd, 000103.750, 152
Trd, 000104.067, 150
Trd, 000104.333, 149
Trd, 000104.633, 151
Trd, 000105.550, 150
Trd, 000105.800, 153
Trd, 000107.267, 151
Trd, 000107.483, 152
Trd, 000107.683, 152
Trd, 000108.167, 153
Trd, 000109.183, 151
Trd, 000109.367, 151
Trd, 000110.350, 151
Trd, 000110.967, 152
Trd, 000111.400, 152
Trd, 000111.933, 150
Trd, 000113.000, 150
Trd, 000114.850, 149
Trd, 000114.983, 150
Trd, 000115.500, 150
Trd, 000116.017, 152
Trd, 000116.383, 152
Trd, 000116.983, 149
Trd, 000117.683, 151
Trd, 000118.317, 152
Trd, 000118.483, 151
Trd, 000118.717, 150
Trd, 000119.267, 151
Trd, 000120.117, 154
Trd, 000120.483, 156
Trd, 000120.500, 150
Trd, 000121.150, 174
Trd, 000121.200, 194
Trd, 000121.683, 158
Trd, 000122.417, 161
Trd, 000122.650, 198
Trd, 000123.617, 201
Trd, 000123.767, 310.0
Trd, 000125.033, 286
Trd, 000125.100, 317.0
Trd, 000125.617, 320.0
Trd, 000125.767, 327.0
Trd, 000126.467, 337
Trd, 000127.033, 344.0
Trd, 000127.850, 336.0
Trd, 000128.350, 337
Trd, 000128.783, 336.0
Trd, 000129.183, 335
Trd, 000129.917, 338
Trd, 000130.717, 339
Trd, 000131.183, 344
Trd, 000132.000, 344
Trd, 000133.083, 342
Trd, 000133.717, 343
Trd, 000134.100, 340
Trd, 000134.317, 347
Trd, 000134.400, 337
Trd, 000134.500, 348
Trd, 000134.750, 337.0
Trd, 000136.350, 336.0
Trd, 000136.867, 342.0
Trd, 000138.467, 342.0
Trd, 000140.367, 340
Trd, 000140.550, 337
Trd, 000140.767, 341
Trd, 000141.083, 339
Trd, 000141.433, 340.0
Trd, 000143.433, 340
Trd, 000143.483, 337.0
Trd, 000144.017, 335
Trd, 000144.167, 342
Trd, 000144.650, 344.0
Trd, 000145.333, 341
Trd, 000146.150, 341
Trd, 000147.633, 340
Trd, 000147.883, 339
Trd, 000148.017, 337.0
Trd, 000148.033, 344
Trd, 000148.650, 335.0
Trd, 000150.083, 339
Trd, 000150.367, 333
Trd, 000151.317, 331
Trd, 000151.650, 343
Trd, 000152.533, 342
Trd, 000154.633, 338.0
Trd, 000155.150, 340
Trd, 000155.433, 340.0
Trd, 000155.583, 341
Trd, 000156.433, 341
Trd, 000157.367, 342
Trd, 000157.533, 344.0
Trd, 000157.633, 337.0
Trd, 000158.700, 340
Trd, 000159.083, 338
Trd, 000159.583, 339
Trd, 000160.483, 338
Trd, 000160.900, 339
Trd, 000161.100, 338
Trd, 000161.867, 339
Trd, 000162.017, 340
Trd, 000162.667, 340
Trd, 000162.767, 338
Trd, 000163.833, 339
Trd, 000164.567, 340
Trd, 000165.967, 338
Trd, 000166.100, 340
Trd, 000167.317, 342
Trd, 000168.583, 342
Trd, 000170.500, 341
Trd, 000170.567, 344.0
Trd, 000171.250, 341
Trd, 000171.383, 340
Trd, 000171.683, 346
Trd, 000172.350, 339
Trd, 000173.150, 343
Trd, 000173.467, 343
Trd, 000173.733, 343
Trd, 000174.650, 344
Trd, 000174.817, 343
Trd, 000175.967, 341
Trd, 000176.533, 341
Trd, 000176.983, 341
Trd, 000178.383, 342
Trd, 000179.083, 342.0
Trd, 000179.383, 343
Trd, 000180.250, 341
Trd, 000180.300, 338
Trd, 000180.850, 339.0
Trd, 000182.483, 337.0
Trd, 000182.717, 336
Trd, 000182.833, 330
Trd, 000183.000, 341
Trd, 000183.100, 320.0
Trd, 000183.200, 301
Trd, 000183.817, 279
Trd, 000184.150, 214
Trd, 000184.517, 175
Trd, 000185.683, 192
Trd, 000185.883, 183
Trd, 000186.050, 176
Trd, 000186.150, 174
Trd, 000187.433, 177
Trd, 000187.917, 177
Trd, 000189.117, 177
Trd, 000189.200, 178
Trd, 000190.300, 177
Trd, 000190.383, 178
Trd, 000190.567, 182
Trd, 000190.767, 163
Trd, 000190.967, 168
Trd, 000191.517, 175
Trd, 000192.800, 158
Trd, 000193.250, 156
Trd, 000193.633, 170
Trd, 000194.083, 170
Trd, 000194.633, 170
Trd, 000195.133, 162
Trd, 000195.350, 163
Trd, 000196.233, 161
Trd, 000197.050, 161
Trd, 000198.117, 160
Trd, 000198.300, 164
Trd, 000198.950, 165
Trd, 000200.467, 165
Trd, 000201.150, 164
Trd, 000202.283, 163
Trd, 000203.000, 158
Trd, 000204.483, 161
Trd, 000205.167, 161
Trd, 000205.300, 160
Trd, 000206.250, 160
Trd, 000206.383, 161
Trd, 000206.917, 160
Trd, 000207.183, 158
Trd, 000208.200, 158
Trd, 000208.600, 159
Trd, 000208.650, 160
Trd, 000210.983, 161
Trd, 000211.117, 160
Trd, 000212.133, 159
Trd, 000212.583, 159
Trd, 000212.617, 161
Trd, 000212.983, 160
Trd, 000213.633, 161
Trd, 000214.033, 162
Trd, 000214.417, 160
Trd, 000214.817, 165
Trd, 000215.150, 158
Trd, 000215.700, 190
Trd, 000217.017, 169
Trd, 000217.600, 168
Trd, 000218.400, 167
Trd, 000218.967, 165
Trd, 000219.783, 168
Trd, 000220.033, 167
Trd, 000220.867, 165
Trd, 000220.983, 167
Trd, 000221.067, 167
Trd, 000221.517, 168
Trd, 000222.450, 172
Trd, 000222.583, 170
Trd, 000222.683, 168
Trd, 000223.033, 173
Trd, 000223.050, 163
Trd, 000223.617, 184
Trd, 000224.383, 163
Trd, 000225.017, 166
Trd, 000226.567, 170
Trd, 000226.817, 166
Trd, 000227.217, 169
Trd, 000227.550, 169
Trd, 000229.000, 169
Trd, 000229.017, 163
Trd, 000230.750, 169
Trd, 000230.850, 167
Trd, 000232.000, 168
Trd, 000232.133, 168
Trd, 000232.933, 166
Trd, 000234.500, 166
Trd, 000234.517, 167
Trd, 000234.767, 169
Trd, 000235.600, 165
Trd, 000236.783, 166
Trd, 000236.900, 165
Trd, 000238.450, 165
Trd, 000238.600, 164
Trd, 000239.700, 165
Trd, 000240.183, 165
Trd, 000240.250, 166
Trd, 000240.533, 168
Trd, 000240.683, 168
Trd, 000241.600, 172
Trd, 000241.950, 178
Trd, 000242.100, 171
Trd, 000242.333, 177
Trd, 000242.617, 186
Trd, 000242.867, 189
Trd, 000243.483, 183
Trd, 000243.933, 180
Trd, 000244.600, 180
Trd, 000244.800, 178
Trd, 000245.050, 179
Trd, 000245.267, 175
Trd, 000245.850, 171
Trd, 000247.150, 170
Trd, 000247.400, 171
Trd, 000248.083, 170
Trd, 000248.383, 168
Trd, 000248.900, 168
Trd, 000249.283, 167
Trd, 000249.700, 165
Trd, 000249.833, 164
Trd, 000250.250, 167
Trd, 000250.950, 163
Trd, 000251.100, 167
Trd, 000251.400, 165
Trd, 000252.933, 162
Trd, 000253.433, 163
Trd, 000253.667, 167
Trd, 000253.767, 167
Trd, 000253.817, 166
Trd, 000253.983, 167
Trd, 000255.117, 167
Trd, 000255.200, 168
Trd, 000255.483, 173
Trd, 000255.717, 166
Trd, 000255.967, 170
Trd, 000257.217, 183
Trd, 000257.683, 187
Trd, 000257.817, 175
Trd, 000259.000, 184
Trd, 000259.300, 178
Trd, 000259.450, 179
Trd, 000259.550, 181
Trd, 000260.017, 187
Trd, 000260.217, 187
Trd, 000260.533, 181
Trd, 000261.017, 180
Trd, 000261.817, 180
Trd, 000262.750, 177
Trd, 000263.300, 178
Trd, 000263.767, 177
Trd, 000263.783, 178
Trd, 000264.167, 179
Trd, 000264.717, 180
Trd, 000265.517, 178
Trd, 000265.833, 183
Trd, 000266.217, 179
Trd, 000266.233, 180
Trd, 000266.317, 188
Trd, 000266.833, 178
Trd, 000266.933, 177
Trd, 000267.767, 178
Trd, 000268.483, 179
Trd, 000269.217, 179
Trd, 000269.333, 182
Trd, 000269.767, 184
Trd, 000269.967, 180
Trd, 000270.033, 177
Trd, 000271.017, 182
Trd, 000271.767, 180
Trd, 000271.783, 179
Trd, 000271.817, 183
Trd, 000272.517, 184
Trd, 000272.767, 181
Trd, 000273.900, 180
Trd, 000274.433, 181
Trd, 000274.783, 181
Trd, 000275.733, 181
Trd, 000275.933, 178
Trd, 000275.950, 178
Trd, 000276.033, 176
Trd, 000277.900, 177
Trd, 000278.283, 178
Trd, 000278.617, 180
Trd, 000279.867, 181
Trd, 000280.267, 184
Trd, 000280.367, 181
Trd, 000280.917, 183
Trd, 000281.117, 184
Trd, 000281.567, 182
Trd, 000282.250, 188
Trd, 000282.283, 187
Trd, 000282.900, 183
Trd, 000283.533, 179
Trd, 000283.600, 176
Trd, 000285.083, 183
Trd, 000285.117, 180
Trd, 000285.467, 182
Trd, 000285.483, 179
Trd, 000286.483, 179
Trd, 000286.783, 180
Trd, 000287.100, 181
Trd, 000287.300, 182
Trd, 000287.967, 176
Trd, 000288.717, 177
Trd, 000289.083, 180
Trd, 000289.350, 180
Trd, 000289.733, 180
Trd, 000290.383, 180
Trd, 000290.433, 177
Trd, 000290.633, 182
Trd, 000291.200, 170
Trd, 000291.367, 173
Trd, 000292.133, 190
Trd, 000292.500, 193
Trd, 000293.850, 184
Trd, 000294.033, 183
Trd, 000294.100, 182
Trd, 000294.950, 177
Trd, 000295.000, 178
Trd, 000295.017, 179
Trd, 000295.400, 180
Trd, 000295.583, 180
Trd, 000296.083, 175
Trd, 000296.367, 176
Trd, 000298.683, 183
Trd, 000298.867, 184
Trd, 000299.000, 184
Trd, 000299.117, 191
Trd, 000299.667, 181
Trd, 000299.833, 181
