Trd, 000001.800, 147
Trd, 000002.300, 156
Trd, 000003.183, 144
Trd, 000004.417, 150
Trd, 000004.467, 151
Trd, 000004.750, 151
Trd, 000005.067, 144
Trd, 000005.367, 143
Trd, 000005.700, 150
Trd, 000006.333, 141
Trd, 000006.967, 140
Trd, 000007.017, 141
Trd, 000007.117, 138
Trd, 000007.550, 138
Trd, 000008.517, 139
Trd, 000009.067, 140
Trd, 000009.333, 145
Trd, 000009.567, 137
Trd, 000009.867, 146
Trd, 000010.517, 145
Trd, 000010.767, 139
Trd, 000012.300, 145
Trd, 000013.867, 145
Trd, 000014.050, 145
Trd, 000014.250, 145
Trd, 000014.733, 144
Trd, 000015.367, 142
Trd, 000015.400, 146
Trd, 000015.433, 146
Trd, 000016.217, 144
Trd, 000016.283, 145
Trd, 000018.333, 147
Trd, 000018.483, 170
Trd, 000019.167, 161
Trd, 000020.300, 146
Trd, 000020.583, 151
Trd, 000020.983, 150
Trd, 000021.433, 150
Trd, 000021.783, 148
Trd, 000022.350, 146
Trd, 000022.400, 146
Trd, 000022.950, 143
Trd, 000023.150, 144
Trd, 000023.733, 143
Trd, 000024.400, 134
Trd, 000024.417, 135
Trd, 000024.433, 150
Trd, 000026.067, 129
Trd, 000026.950, 132
Trd, 000027.033, 133
Trd, 000027.800, 151
Trd, 000028.750, 170
Trd, 000029.067, 182
Trd, 000029.183, 180
Trd, 000029.783, 179
Trd, 000030.067, 180
Trd, 000030.733, 170
Trd, 000031.167, 171
Trd, 000031.267, 148
Trd, 000031.333, 147
Trd, 000031.950, 183
Trd, 000032.200, 182
Trd, 000032.883, 178
Trd, 000033.000, 184
Trd, 000033.633, 176
Trd, 000033.950, 185
Trd, 000034.700, 163
Trd, 000035.450, 158
Trd, 000036.967, 164
Trd, 000037.417, 162
Trd, 000038.267, 166
Trd, 000038.633, 161
Trd, 000038.950, 160
Trd, 000039.267, 163
Trd, 000039.533, 163
Trd, 000040.217, 160
Trd, 000040.967, 156
Trd, 000041.550, 155
Trd, 000041.733, 152
Trd, 000042.350, 151
Trd, 000042.750, 152
Trd, 000042.800, 148
Trd, 000043.667, 151
Trd, 000043.700, 147
Trd, 000044.417, 148
Trd, 000045.133, 149
Trd, 000045.433, 150
Trd, 000045.500, 148
Trd, 000045.717, 151
Trd, 000045.950, 151
Trd, 000046.433, 151
Trd, 000046.700, 152
Trd, 000047.433, 148
Trd, 000047.567, 152
Trd, 000047.717, 152
Trd, 000048.267, 172
Trd, 000048.483, 157
Trd, 000049.583, 156
Trd, 000049.750, 149
Trd, 000050.517, 177
Trd, 000050.850, 146
Trd, 000051.933, 148
Trd, 000052.617, 145
Trd, 000053.000, 145
Trd, 000053.150, 147
Trd, 000053.183, 147
Trd, 000053.450, 143
Trd, 000053.567, 142
Trd, 000054.183, 148
Trd, 000054.483, 148
Trd, 000054.650, 149
Trd, 000055.583, 184
Trd, 000056.583, 156
Trd, 000056.650, 153
Trd, 000057.250, 149
Trd, 000057.983, 153
Trd, 000058.783, 154
Trd, 000059.750, 153
Trd, 000059.867, 151
Trd, 000060.717, 153
Trd, 000061.083, 150
Trd, 000061.317, 153
Trd, 000061.833, 151
Trd, 000062.017, 154
Trd, 000062.100, 150
Trd, 000063.500, 181
Trd, 000063.850, 185
Trd, 000064.483, 166
Trd, 000065.117, 167
Trd, 000065.300, 163
Trd, 000065.683, 153
Trd, 000066.683, 154
Trd, 000068.117, 162
Trd, 000068.533, 152
Trd, 000068.550, 161
Trd, 000068.950, 161
Trd, 000070.133, 155
Trd, 000070.283, 157
Trd, 000071.250, 155
Trd, 000071.533, 159
Trd, 000072.367, 154
Trd, 000073.367, 153
Trd, 000073.583, 158
Trd, 000074.033, 149
Trd, 000074.767, 157
Trd, 000075.567, 155
Trd, 000076.300, 159
Trd, 000076.450, 175
Trd, 000077.150, 169
Trd, 000077.200, 152
Trd, 000077.750, 164
Trd, 000078.783, 156
Trd, 000079.400, 160
Trd, 000079.517, 160
Trd, 000079.667, 183
Trd, 000079.817, 164
Trd, 000080.683, 156
Trd, 000081.833, 155
Trd, 000081.867, 157
Trd, 000082.133, 157
Trd, 000082.550, 156
Trd, 000082.967, 152
Trd, 000083.100, 157
Trd, 000083.283, 155
Trd, 000083.350, 152
Trd, 000083.550, 174
Trd, 000084.250, 149
Trd, 000084.783, 154
Trd, 000085.000, 153
Trd, 000085.767, 152
Trd, 000086.667, 153
Trd, 000087.167, 152
Trd, 000087.217, 151
Trd, 000087.367, 153
Trd, 000088.167, 153
Trd, 000088.650, 151
Trd, 000089.017, 150
Trd, 000090.183, 172
Trd, 000090.867, 153
Trd, 000091.117, 147
Trd, 000091.317, 170
Trd, 000092.133, 153
Trd, 000092.500, 161
Trd, 000092.617, 162
Trd, 000092.950, 161
Trd, 000093.217, 153
Trd, 000093.300, 176
Trd, 000093.867, 161
Trd, 000094.267, 156
Trd, 000094.683, 156
Trd, 000095.917, 163
Trd, 000096.350, 161
Trd, 000097.217, 162
Trd, 000097.950, 163
Trd, 000098.333, 174
Trd, 000098.900, 161
Trd, 000100.967, 166
Trd, 000101.017, 165
Trd, 000101.350, 162
Trd, 000102.300, 165
Trd, 000102.767, 158
Trd, 000103.583, 160
Trd, 000103.800, 158
Trd, 000104.017, 158
Trd, 000104.400, 158
Trd, 000105.600, 158
Trd, 000106.033, 157
Trd, 000106.167, 156
Trd, 000106.300, 157
Trd, 000106.900, 155
Trd, 000107.017, 151
Trd, 000107.350, 157
Trd, 000107.617, 156
Trd, 000107.850, 155
Trd, 000108.283, 157
Trd, 000108.900, 157
Trd, 000109.217, 155
Trd, 000109.733, 157
Trd, 000109.967, 154
Trd, 000111.083, 159
Trd, 000111.417, 159
Trd, 000112.000, 160
Trd, 000112.733, 169
Trd, 000113.200, 157
Trd, 000113.833, 163
Trd, 000114.067, 157
Trd, 000114.700, 164
Trd, 000115.317, 159
Trd, 000115.933, 186
Trd, 000116.033, 186
Trd, 000116.600, 172
Trd, 000117.733, 169
Trd, 000118.100, 167
Trd, 000118.183, 167
Trd, 000119.100, 169
Trd, 000119.250, 168
Trd, 000119.317, 170
Trd, 000119.450, 170
Trd, 000119.733, 171
Trd, 000120.817, 168
Trd, 000120.983, 171
Trd, 000121.517, 171
Trd, 000122.367, 172
Trd, 000122.533, 180
Trd, 000123.400, 191
Trd, 000123.500, 208
Trd, 000124.683, 268
Trd, 000124.767, 317.0
Trd, 000125.017, 306.0
Trd, 000125.300, 331.0
Trd, 000125.417, 348.0
Trd, 000126.300, 334.0
Trd, 000126.583, 337.0
Trd, 000126.683, 335
Trd, 000127.083, 340
Trd, 000127.217, 344.0
Trd, 000128.467, 339
Trd, 000128.517, 338
Trd, 000128.883, 324
Trd, 000128.917, 325
Trd, 000129.167, 340
Trd, 000129.917, 324
Trd, 000129.967, 344.0
Trd, 000131.750, 340
Trd, 000132.500, 342
Trd, 000133.217, 341.0
Trd, 000133.350, 344.0
Trd, 000133.950, 343.0
Trd, 000134.200, 342.0
Trd, 000134.333, 343.0
Trd, 000136.083, 344
Trd, 000136.317, 348.0
Trd, 000136.517, 343
Trd, 000136.533, 337.0
Trd, 000136.900, 348
Trd, 000137.333, 349
Trd, 000137.383, 341.0
Trd, 000137.717, 347
Trd, 000138.750, 348
Trd, 000139.633, 348
Trd, 000140.183, 348
Trd, 000140.417, 346
Trd, 000140.483, 344.0
Trd, 000141.083, 349
Trd, 000141.233, 342
Trd, 000141.583, 337.0
Trd, 000143.767, 343.0
Trd, 000144.267, 340
Trd, 000144.700, 338
Trd, 000144.850, 340
Trd, 000145.367, 338
Trd, 000145.533, 338
Trd, 000146.133, 342
Trd, 000146.167, 344.0
Trd, 000146.417, 342.0
Trd, 000146.950, 341.0
Trd, 000147.200, 342
Trd, 000147.533, 342
Trd, 000148.017, 341
Trd, 000148.633, 343
Trd, 000148.700, 345
Trd, 000149.000, 340
Trd, 000149.367, 343
Trd, 000150.117, 336
Trd, 000151.067, 343.0
Trd, 000151.150, 344.0
Trd, 000151.333, 346.0
Trd, 000153.350, 341.0
Trd, 000153.400, 342
Trd, 000153.883, 343
Trd, 000154.283, 339
Trd, 000155.350, 341
Trd, 000155.550, 338
Trd, 000156.267, 341.0
Trd, 000156.317, 347
Trd, 000156.817, 340
Trd, 000156.950, 344.0
Trd, 000157.700, 345
Trd, 000158.250, 341.0
Trd, 000158.450, 339
Trd, 000158.567, 344.0
Trd, 000158.733, 344
Trd, 000158.783, 345.0
Trd, 000161.433, 340
Trd, 000161.650, 342
Trd, 000162.350, 335
Trd, 000162.500, 343
Trd, 000163.100, 342
Trd, 000164.233, 338.0
Trd, 000165.283, 341
Trd, 000165.767, 341
Trd, 000165.917, 342
Trd, 000166.083, 340
Trd, 000166.200, 343
Trd, 000166.600, 338.0
Trd, 000167.217, 343.0
Trd, 000167.567, 344.0
Trd, 000169.150, 339
Trd, 000169.700, 344
Trd, 000170.183, 341.0
Trd, 000170.583, 340
Trd, 000171.267, 339
Trd, 000171.500, 339
Trd, 000172.200, 334.0
Trd, 000172.867, 332
Trd, 000173.200, 334
Trd, 000174.000, 340
Trd, 000174.100, 340
Trd, 000174.250, 341
Trd, 000174.867, 337
Trd, 000175.283, 342.0
Trd, 000175.433, 338.0
Trd, 000175.883, 348.0
Trd, 000176.450, 344.0
Trd, 000177.017, 347
Trd, 000177.267, 381
Trd, 000177.667, 345
Trd, 000178.700, 351
Trd, 000178.767, 353
Trd, 000179.433, 344.0
Trd, 000180.050, 341.0
Trd, 000180.317, 351
Trd, 000180.617, 348
Trd, 000180.867, 341
Trd, 000181.033, 349
Trd, 000181.733, 339.0
Trd, 000181.767, 338
Trd, 000182.317, 337
Trd, 000182.717, 322
Trd, 000183.600, 300.0
Trd, 000183.867, 200
Trd, 000185.617, 197
Trd, 000186.167, 196
Trd, 000186.433, 197
Trd, 000186.533, 195
Trd, 000186.733, 193
Trd, 000187.000, 186
Trd, 000187.500, 166
Trd, 000188.383, 175
Trd, 000188.533, 172
Trd, 000189.033, 179
Trd, 000189.050, 166
Trd, 000189.583, 167
Trd, 000189.917, 182
Trd, 000190.583, 164
Trd, 000190.883, 181
Trd, 000191.567, 165
Trd, 000192.583, 170
Trd, 000192.733, 167
Trd, 000193.083, 167
Trd, 000193.817, 164
Trd, 000194.450, 163
Trd, 000195.117, 163
Trd, 000195.133, 160
Trd, 000195.733, 163
Trd, 000195.983, 164
Trd, 000196.567, 166
Trd, 000196.733, 167
Trd, 000198.100, 161
Trd, 000198.483, 160
Trd, 000198.600, 162
Trd, 000199.233, 162
Trd, 000199.400, 164
Trd, 000200.000, 166
Trd, 000200.500, 160
Trd, 000200.517, 166
Trd, 000200.783, 167
Trd, 000202.083, 166
Trd, 000202.733, 165
Trd, 000203.167, 164
Trd, 000203.267, 163
Trd, 000203.833, 165
Trd, 000204.517, 168
Trd, 000205.567, 164
Trd, 000205.733, 164
Trd, 000206.233, 167
Trd, 000206.367, 164
Trd, 000206.617, 164
Trd, 000206.883, 168
Trd, 000207.600, 164
Trd, 000208.017, 168
Trd, 000208.150, 169
Trd, 000208.767, 169
Trd, 000209.033, 172
Trd, 000209.233, 171
Trd, 000210.850, 189
Trd, 000210.917, 203
Trd, 000211.017, 173
Trd, 000211.033, 171
Trd, 000211.117, 168
Trd, 000211.600, 165
Trd, 000213.467, 168
Trd, 000215.200, 174
Trd, 000215.300, 165
Trd, 000215.367, 174
Trd, 000215.500, 163
Trd, 000216.133, 167
Trd, 000216.383, 170
Trd, 000216.983, 169
Trd, 000217.000, 166
Trd, 000217.033, 169
Trd, 000217.183, 167
Trd, 000217.300, 171
Trd, 000218.450, 170
Trd, 000219.367, 168
Trd, 000220.567, 199
Trd, 000220.617, 198
Trd, 000220.750, 196
Trd, 000221.050, 176
Trd, 000221.100, 175
Trd, 000221.367, 200
Trd, 000222.200, 197
Trd, 000223.467, 174
Trd, 000223.633, 171
Trd, 000223.717, 170
Trd, 000224.083, 170
Trd, 000224.617, 174
Trd, 000225.550, 168
Trd, 000226.117, 168
Trd, 000226.400, 163
Trd, 000226.417, 169
Trd, 000226.933, 173
Trd, 000227.183, 176
Trd, 000228.533, 159
Trd, 000228.900, 174
Trd, 000229.383, 166
Trd, 000229.433, 167
Trd, 000229.583, 167
Trd, 000230.117, 166
Trd, 000230.483, 167
Trd, 000230.667, 166
Trd, 000230.717, 169
Trd, 000231.050, 171
Trd, 000231.650, 171
Trd, 000231.967, 203
Trd, 000232.233, 198
Trd, 000233.383, 177
Trd, 000234.000, 175
Trd, 000234.300, 169
Trd, 000234.317, 176
Trd, 000234.367, 168
Trd, 000234.383, 167
Trd, 000235.067, 176
Trd, 000235.367, 165
Trd, 000236.633, 176
Trd, 000236.900, 186
Trd, 000237.500, 166
Trd, 000237.567, 166
Trd, 000237.983, 165
Trd, 000238.617, 168
Trd, 000239.017, 179
Trd, 000239.867, 181
Trd, 000240.050, 181
Trd, 000240.683, 174
Trd, 000241.817, 168
Trd, 000242.517, 170
Trd, 000242.633, 169
Trd, 000242.750, 171
Trd, 000243.550, 172
Trd, 000244.200, 168
Trd, 000244.383, 175
Trd, 000245.783, 177
Trd, 000245.850, 172
Trd, 000246.133, 171
Trd, 000246.833, 172
Trd, 000246.850, 173
Trd, 000247.017, 171
Trd, 000247.083, 174
Trd, 000247.150, 168
Trd, 000247.367, 169
Trd, 000247.883, 173
Trd, 000248.333, 177
Trd, 000248.500, 172
Trd, 000249.833, 179
Trd, 000249.867, 180
Trd, 000250.000, 178
Trd, 000250.250, 177
Trd, 000250.517, 190
Trd, 000250.683, 190
Trd, 000251.550, 189
Trd, 000252.717, 185
Trd, 000253.133, 185
Trd, 000253.400, 183
Trd, 000253.700, 182
Trd, 000253.717, 176
Trd, 000253.783, 172
Trd, 000255.233, 174
Trd, 000255.567, 174
Trd, 000255.883, 173
Trd, 000256.383, 174
Trd, 000256.650, 172
Trd, 000256.733, 174
Trd, 000256.900, 169
Trd, 000257.317, 175
Trd, 000258.250, 168
Trd, 000258.583, 178
Trd, 000258.650, 183
Trd, 000258.800, 191
Trd, 000259.567, 174
Trd, 000259.933, 172
Trd, 000260.567, 181
Trd, 000261.633, 173
Trd, 000262.700, 171
Trd, 000262.833, 171
Trd, 000262.967, 172
Trd, 000263.133, 173
Trd, 000263.500, 170
Trd, 000263.617, 173
Trd, 000264.367, 174
Trd, 000264.500, 174
Trd, 000264.583, 176
Trd, 000265.100, 174
Trd, 000265.317, 167
Trd, 000266.583, 180
Trd, 000267.533, 169
Trd, 000267.867, 177
Trd, 000268.017, 179
Trd, 000268.183, 169
Trd, 000268.200, 181
Trd, 000268.317, 173
Trd, 000268.450, 168
Trd, 000268.567, 181
Trd, 000269.033, 186
Trd, 000269.250, 171
Trd, 000270.083, 191
Trd, 000271.100, 174
Trd, 000272.717, 179
Trd, 000273.617, 177
Trd, 000273.767, 179
Trd, 000273.900, 176
Trd, 000274.150, 177
Trd, 000274.400, 174
Trd, 000274.683, 177
Trd, 000275.050, 173
Trd, 000275.817, 171
Trd, 000275.850, 168
Trd, 000276.283, 174
Trd, 000276.517, 172
Trd, 000276.750, 176
Trd, 000276.767, 177
Trd, 000277.617, 194
Trd, 000278.050, 189
Trd, 000279.683, 184
Trd, 000279.767, 183
Trd, 000279.950, 186
Trd, 000281.167, 177
Trd, 000281.500, 175
Trd, 000282.633, 180
Trd, 000283.150, 177
Trd, 000283.517, 178
Trd, 000283.667, 177
Trd, 000283.883, 178
Trd, 000283.950, 176
Trd, 000284.550, 178
Trd, 000286.050, 175
Trd, 000286.217, 175
Trd, 000286.450, 176
Trd, 000287.383, 170
Trd, 000288.667, 176
Trd, 000289.083, 174
Trd, 000289.467, 176
Trd, 000289.633, 177
Trd, 000289.683, 173
Trd, 000290.683, 178
Trd, 000291.017, 180
Trd, 000291.250, 184
Trd, 000291.267, 177
Trd, 000292.000, 184
Trd, 000292.333, 180
Trd, 000292.500, 184
Trd, 000292.533, 185
Trd, 000294.467, 179
Trd, 000294.817, 181
Trd, 000295.400, 178
Trd, 000296.017, 178
Trd, 000296.817, 177
Trd, 000296.900, 176
Trd, 000297.567, 184
Trd, 000298.250, 178
Trd, 000298.517, 178
Trd, 000298.733, 178
Trd, 000299.833, 179
