Trd, 000001.333, 113
Trd, 000003.067, 172
Trd, 000003.683, 159
Trd, 000003.883, 173
Trd, 000004.033, 156
Trd, 000004.267, 156
Trd, 000004.667, 155
Trd, 000005.517, 155
Trd, 000006.167, 153
Trd, 000006.733, 157
Trd, 000006.967, 154
Trd, 000007.267, 153
Trd, 000009.617, 158
Trd, 000010.117, 158
Trd, 000010.483, 157
Trd, 000010.533, 158
Trd, 000010.767, 156
Trd, 000010.850, 155
Trd, 000011.583, 153
Trd, 000012.217, 158
Trd, 000012.233, 153
Trd, 000012.533, 154
Trd, 000013.217, 154
Trd, 000013.617, 152
Trd, 000014.517, 155
Trd, 000014.883, 157
Trd, 000015.600, 166
Trd, 000015.833, 160
Trd, 000017.083, 158
Trd, 000017.583, 157
Trd, 000017.950, 157
Trd, 000018.317, 158
Trd, 000018.700, 159
Trd, 000018.933, 157
Trd, 000019.400, 156
Trd, 000019.883, 158
Trd, 000020.217, 158
Trd, 000020.283, 157
Trd, 000021.667, 155
Trd, 000022.117, 154
Trd, 000022.483, 153
Trd, 000022.917, 153
Trd, 000023.250, 152
Trd, 000023.800, 153
Trd, 000024.117, 164
Trd, 000024.500, 153
Trd, 000025.633, 161
Trd, 000025.917, 160
Trd, 000026.833, 161
Trd, 000027.100, 160
Trd, 000027.233, 159
Trd, 000027.833, 167
Trd, 000028.867, 161
Trd, 000029.850, 160
Trd, 000030.150, 160
Trd, 000030.167, 158
Trd, 000030.683, 155
Trd, 000030.750, 154
Trd, 000031.333, 160
Trd, 000032.050, 158
Trd, 000032.650, 158
Trd, 000032.700, 158
Trd, 000033.533, 158
Trd, 000033.550, 153
Trd, 000034.117, 157
Trd, 000034.233, 157
Trd, 000034.600, 157
Trd, 000034.667, 157
Trd, 000034.967, 155
Trd, 000037.033, 155
Trd, 000037.133, 156
Trd, 000037.250, 154
Trd, 000037.550, 151
Trd, 000038.217, 153
Trd, 000038.767, 152
Trd, 000039.667, 157
Trd, 000039.983, 157
Trd, 000040.267, 156
Trd, 000041.067, 159
Trd, 000042.050, 162
Trd, 000042.467, 160
Trd, 000042.933, 163
Trd, 000043.350, 161
Trd, 000044.183, 160
Trd, 000044.367, 161
Trd, 000045.583, 160
Trd, 000046.700, 160
Trd, 000046.900, 159
Trd, 000046.917, 159
Trd, 000047.083, 161
Trd, 000047.250, 160
Trd, 000047.883, 161
Trd, 000048.767, 159
Trd, 000048.833, 161
Trd, 000049.517, 159
Trd, 000049.850, 159
Trd, 000050.417, 161
Trd, 000051.350, 159
Trd, 000052.133, 159
Trd, 000052.533, 157
Trd, 000052.750, 158
Trd, 000053.217, 159
Trd, 000053.817, 159
Trd, 000054.133, 161
Trd, 000055.917, 161
Trd, 000056.050, 161
Trd, 000056.450, 160
Trd, 000056.867, 159
Trd, 000057.283, 157
Trd, 000057.983, 156
Trd, 000058.017, 157
Trd, 000058.650, 157
Trd, 000059.083, 157
Trd, 000059.517, 156
Trd, 000060.767, 169
Trd, 000060.850, 174
Trd, 000061.217, 172
Trd, 000061.300, 171
Trd, 000062.650, 164
Trd, 000062.683, 161
Trd, 000062.933, 171
Trd, 000064.567, 162
Trd, 000065.067, 162
Trd, 000065.267, 163
Trd, 000065.583, 162
Trd, 000066.033, 161
Trd, 000066.533, 162
Trd, 000067.383, 162
Trd, 000068.383, 163
Trd, 000068.700, 162
Trd, 000068.883, 161
Trd, 000070.400, 158
Trd, 000070.567, 158
Trd, 000071.017, 160
Trd, 000071.233, 158
Trd, 000071.650, 159
Trd, 000072.150, 156
Trd, 000072.433, 159
Trd, 000074.183, 158
Trd, 000074.233, 159
Trd, 000074.500, 157
Trd, 000074.600, 158
Trd, 000074.733, 157
Trd, 000074.750, 156
Trd, 000075.583, 156
Trd, 000076.100, 156
Trd, 000077.117, 159
Trd, 000077.283, 161
Trd, 000077.367, 158
Trd, 000078.650, 166
Trd, 000079.317, 166
Trd, 000079.767, 167
Trd, 000079.883, 164
Trd, 000080.383, 168
Trd, 000080.983, 165
Trd, 000081.450, 164
Trd, 000082.300, 166
Trd, 000082.833, 166
Trd, 000083.067, 166
Trd, 000083.117, 163
Trd, 000084.600, 165
Trd, 000085.500, 166
Trd, 000085.667, 167
Trd, 000085.883, 164
Trd, 000086.083, 168
Trd, 000086.233, 169
Trd, 000086.883, 163
Trd, 000087.233, 167
Trd, 000088.250, 160
Trd, 000088.600, 163
Trd, 000088.650, 164
Trd, 000088.917, 163
Trd, 000089.367, 164
Trd, 000089.433, 166
Trd, 000090.050, 164
Trd, 000091.250, 167
Trd, 000091.750, 171
Trd, 000092.217, 169
Trd, 000092.717, 167
Trd, 000093.833, 167
Trd, 000093.850, 167
Trd, 000095.250, 168
Trd, 000095.283, 165
Trd, 000095.700, 166
Trd, 000095.967, 167
Trd, 000096.133, 165
Trd, 000096.817, 165
Trd, 000097.233, 165
Trd, 000097.683, 164
Trd, 000098.900, 161
Trd, 000100.083, 161
Trd, 000100.517, 162
Trd, 000100.850, 163
Trd, 000101.017, 161
Trd, 000101.033, 162
Trd, 000101.167, 160
Trd, 000101.300, 163
Trd, 000103.117, 157
Trd, 000103.550, 157
Trd, 000103.667, 157
Trd, 000103.917, 139
Trd, 000104.683, 156
Trd, 000104.850, 158
Trd, 000106.400, 154
Trd, 000106.417, 155
Trd, 000106.967, 154
Trd, 000107.200, 154
Trd, 000107.467, 154
Trd, 000107.533, 153
Trd, 000108.250, 173
Trd, 000108.417, 162
Trd, 000109.750, 173
Trd, 000110.617, 167
Trd, 000110.967, 166
Trd, 000111.133, 165
Trd, 000111.300, 170
Trd, 000111.333, 130
Trd, 000111.733, 171
Trd, 000112.967, 161
Trd, 000113.800, 160
Trd, 000115.700, 165
Trd, 000115.850, 165
Trd, 000116.600, 164
Trd, 000116.967, 165
Trd, 000117.283, 163
Trd, 000117.467, 162
Trd, 000117.900, 162
Trd, 000118.033, 164
Trd, 000119.050, 165
Trd, 000120.083, 162
Trd, 000120.183, 162
Trd, 000120.267, 164
Trd, 000120.883, 162
Trd, 000121.150, 163
Trd, 000122.117, 184
Trd, 000122.150, 187
Trd, 000122.867, 195
Trd, 000122.933, 211
Trd, 000123.000, 170
Trd, 000123.133, 161
Trd, 000123.333, 320
Trd, 000124.667, 321
Trd, 000125.033, 324.0
Trd, 000125.100, 317
Trd, 000125.200, 315
Trd, 000125.750, 342.0
Trd, 000125.883, 344.0
Trd, 000126.617, 337.0
Trd, 000126.933, 333
Trd, 000128.100, 337.0
Trd, 000128.800, 343
Trd, 000128.933, 340
Trd, 000129.067, 338
Trd, 000129.900, 342
Trd, 000130.467, 346
Trd, 000130.517, 361
Trd, 000131.017, 342
Trd, 000133.067, 347
Trd, 000133.617, 346
Trd, 000133.750, 346
Trd, 000133.900, 346
Trd, 000134.017, 346
Trd, 000134.083, 345
Trd, 000135.250, 349
Trd, 000135.283, 350
Trd, 000135.500, 348
Trd, 000136.383, 353
Trd, 000136.417, 351
Trd, 000136.583, 354
Trd, 000137.517, 352
Trd, 000137.817, 358
Trd, 000137.850, 364
Trd, 000140.550, 355
Trd, 000140.733, 355
Trd, 000140.833, 353
Trd, 000141.417, 353
Trd, 000141.533, 352.0
Trd, 000143.183, 351.0
Trd, 000143.567, 353
Trd, 000143.950, 354
Trd, 000144.083, 361
Trd, 000144.783, 357
Trd, 000145.417, 357
Trd, 000145.933, 357
Trd, 000147.450, 356
Trd, 000147.733, 354
Trd, 000148.033, 351.0
Trd, 000148.833, 350
Trd, 000149.117, 351
Trd, 000149.400, 345
Trd, 000149.517, 347
Trd, 000150.017, 348
Trd, 000150.367, 346
Trd, 000151.217, 348
Trd, 000151.533, 348
Trd, 000152.533, 348
Trd, 000153.033, 346
Trd, 000153.217, 346
Trd, 000153.550, 346
Trd, 000153.817, 341
Trd, 000153.933, 337.0
Trd, 000154.633, 328
Trd, 000155.150, 332
Trd, 000156.483, 330
Trd, 000157.950, 329
Trd, 000158.250, 334
Trd, 000158.583, 334
Trd, 000159.550, 336
Trd, 000159.950, 336
Trd, 000160.417, 337.0
Trd, 000161.367, 340.0
Trd, 000161.433, 338
Trd, 000162.000, 341.0
Trd, 000162.100, 341
Trd, 000162.117, 342
Trd, 000163.050, 340
Trd, 000164.183, 340
Trd, 000164.867, 340
Trd, 000165.383, 341
Trd, 000165.567, 340
Trd, 000166.417, 343
Trd, 000166.650, 341
Trd, 000167.000, 337.0
Trd, 000167.767, 338
Trd, 000168.150, 339
Trd, 000168.933, 341
Trd, 000169.267, 340
Trd, 000169.500, 342.0
Trd, 000169.650, 343
Trd, 000170.567, 356.0
Trd, 000170.983, 355.0
Trd, 000171.250, 352
Trd, 000172.767, 355.0
Trd, 000173.733, 352
Trd, 000174.883, 355
Trd, 000175.167, 355
Trd, 000175.350, 351
Trd, 000175.700, 357
Trd, 000175.783, 350
Trd, 000176.667, 347
Trd, 000176.767, 357
Trd, 000178.133, 357
Trd, 000178.650, 355.0
Trd, 000178.833, 358
Trd, 000178.983, 356
Trd, 000179.567, 353
Trd, 000180.117, 353
Trd, 000180.867, 353.0
Trd, 000181.083, 352.0
Trd, 000181.567, 351.0
Trd, 000181.917, 349
Trd, 000182.017, 347
Trd, 000182.050, 313.0
Trd, 000182.500, 310.0
Trd, 000182.533, 207
Trd, 000183.250, 193
Trd, 000183.833, 192
Trd, 000184.550, 185
Trd, 000184.633, 185
Trd, 000185.183, 185
Trd, 000185.467, 183
Trd, 000185.983, 183
Trd, 000186.850, 174
Trd, 000187.650, 183
Trd, 000188.400, 174
Trd, 000188.883, 178
Trd, 000189.133, 173
Trd, 000189.500, 170
Trd, 000190.067, 164
Trd, 000190.533, 168
Trd, 000190.567, 153
Trd, 000190.900, 171
Trd, 000191.750, 165
Trd, 000192.783, 170
Trd, 000192.800, 171
Trd, 000193.867, 170
Trd, 000194.567, 171
Trd, 000194.833, 170
Trd, 000194.950, 168
Trd, 000194.967, 172
Trd, 000195.100, 167
Trd, 000196.833, 171
Trd, 000197.300, 172
Trd, 000197.417, 171
Trd, 000198.050, 178
Trd, 000198.967, 174
Trd, 000200.067, 177
Trd, 000200.267, 177
Trd, 000200.783, 178
Trd, 000201.900, 176
Trd, 000202.067, 179
Trd, 000202.367, 181
Trd, 000203.100, 177
Trd, 000203.783, 178
Trd, 000204.900, 177
Trd, 000205.517, 176
Trd, 000206.350, 177
Trd, 000206.400, 177
Trd, 000206.867, 176
Trd, 000206.883, 182
Trd, 000207.567, 180
Trd, 000207.950, 181
Trd, 000208.883, 179
Trd, 000208.950, 179
Trd, 000209.633, 178
Trd, 000209.683, 171
Trd, 000210.400, 178
Trd, 000210.867, 180
Trd, 000211.500, 178
Trd, 000212.917, 178
Trd, 000213.250, 178
Trd, 000213.567, 177
Trd, 000214.850, 182
Trd, 000215.267, 178
Trd, 000215.633, 177
Trd, 000216.050, 178
Trd, 000216.300, 175
Trd, 000216.733, 176
Trd, 000216.833, 177
Trd, 000218.067, 177
Trd, 000218.717, 177
Trd, 000218.783, 178
Trd, 000218.833, 176
Trd, 000219.300, 173
Trd, 000219.617, 181
Trd, 000221.100, 178
Trd, 000221.250, 177
Trd, 000222.167, 176
Trd, 000222.967, 176
Trd, 000223.200, 177
Trd, 000223.300, 175
Trd, 000223.667, 176
Trd, 000224.100, 176
Trd, 000224.183, 175
Trd, 000224.800, 174
Trd, 000225.883, 175
Trd, 000226.250, 177
Trd, 000226.633, 174
Trd, 000226.883, 176
Trd, 000227.617, 182
Trd, 000228.517, 175
Trd, 000230.000, 177
Trd, 000230.233, 178
Trd, 000230.467, 179
Trd, 000231.117, 181
Trd, 000231.550, 178
Trd, 000231.567, 177
Trd, 000233.217, 178
Trd, 000233.633, 176
Trd, 000234.200, 176
Trd, 000234.700, 177
Trd, 000234.800, 175
Trd, 000234.950, 177
Trd, 000235.300, 176
Trd, 000236.083, 184
Trd, 000236.383, 183
Trd, 000237.200, 183
Trd, 000238.200, 186
Trd, 000238.767, 184
Trd, 000239.300, 181
Trd, 000239.417, 179
Trd, 000240.167, 180
Trd, 000240.350, 181
Trd, 000240.367, 179
Trd, 000241.350, 176
Trd, 000241.450, 176
Trd, 000242.617, 178
Trd, 000243.033, 176
Trd, 000243.467, 174
Trd, 000243.667, 172
Trd, 000244.033, 171
Trd, 000244.533, 169
Trd, 000244.750, 170
Trd, 000244.967, 168
Trd, 000245.350, 170
Trd, 000245.983, 171
Trd, 000246.067, 171
Trd, 000247.133, 179
Trd, 000247.683, 171
Trd, 000248.400, 174
Trd, 000248.600, 177
Trd, 000248.667, 172
Trd, 000248.967, 178
Trd, 000249.333, 175
Trd, 000250.383, 180
Trd, 000250.733, 178
Trd, 000251.967, 180
Trd, 000252.017, 180
Trd, 000252.117, 179
Trd, 000252.800, 181
Trd, 000252.917, 182
Trd, 000253.017, 183
Trd, 000253.700, 184
Trd, 000254.483, 180
Trd, 000254.783, 180
Trd, 000255.317, 184
Trd, 000255.683, 181
Trd, 000256.233, 180
Trd, 000256.533, 181
Trd, 000256.983, 180
Trd, 000257.817, 178
Trd, 000258.083, 176
Trd, 000258.550, 182
Trd, 000259.783, 179
Trd, 000259.833, 180
Trd, 000260.433, 180
Trd, 000260.950, 179
Trd, 000261.033, 179
Trd, 000261.150, 181
Trd, 000261.233, 178
Trd, 000262.117, 183
Trd, 000262.900, 183
Trd, 000264.267, 184
Trd, 000264.450, 185
Trd, 000264.600, 183
Trd, 000264.750, 188
Trd, 000265.883, 182
Trd, 000266.650, 183
Trd, 000266.883, 182
Trd, 000267.033, 181
Trd, 000267.750, 181
Trd, 000268.133, 179
Trd, 000268.483, 175
Trd, 000268.500, 174
Trd, 000268.583, 181
Trd, 000268.967, 180
Trd, 000269.317, 180
Trd, 000269.783, 176
Trd, 000270.083, 181
Trd, 000271.333, 180
Trd, 000271.867, 178
Trd, 000272.767, 178
Trd, 000272.850, 178
Trd, 000273.433, 183
Trd, 000273.800, 182
Trd, 000274.383, 183
Trd, 000275.400, 181
Trd, 000275.500, 180
Trd, 000275.750, 178
Trd, 000275.783, 180
Trd, 000275.933, 171
Trd, 000276.700, 180
Trd, 000277.367, 177
Trd, 000277.700, 178
Trd, 000278.433, 177
Trd, 000278.650, 178
Trd, 000278.667, 190
Trd, 000279.867, 183
Trd, 000280.100, 180
Trd, 000280.150, 184
Trd, 000280.350, 186
Trd, 000280.533, 192
Trd, 000281.200, 173
Trd, 000281.567, 173
Trd, 000282.333, 183
Trd, 000283.417, 181
Trd, 000283.667, 181
Trd, 000283.967, 183
Trd, 000284.950, 189
Trd, 000285.417, 179
Trd, 000285.883, 186
Trd, 000286.733, 182
Trd, 000286.933, 183
Trd, 000287.133, 181
Trd, 000287.800, 183
Trd, 000287.900, 183
Trd, 000288.883, 182
Trd, 000289.200, 181
Trd, 000289.400, 182
Trd, 000290.650, 183
Trd, 000290.917, 183
Trd, 000290.983, 182
Trd, 000292.733, 183
Trd, 000292.817, 183
Trd, 000294.200, 183
Trd, 000294.533, 184
Trd, 000294.617, 182
Trd, 000295.417, 181
Trd, 000295.817, 182
Trd, 000295.900, 181
Trd, 000296.233, 179
Trd, 000296.350, 179
Trd, 000296.483, 182
Trd, 000297.600, 177
Trd, 000297.983, 180
Trd, 000298.217, 181
Trd, 000298.917, 173
Trd, 000299.500, 179
