Trd, 000001.633, 170
Trd, 000002.150, 172
Trd, 000003.150, 145
Trd, 000004.250, 123
Trd, 000004.383, 133
Trd, 000004.433, 134
Trd, 000004.600, 137
Trd, 000006.350, 141
Trd, 000006.433, 144
Trd, 000006.667, 145
Trd, 000007.283, 142
Trd, 000009.350, 163
Trd, 000009.417, 162
Trd, 000009.767, 153
Trd, 000009.967, 167
Trd, 000011.283, 152
Trd, 000012.867, 159
Trd, 000013.417, 169
Trd, 000013.967, 159
Trd, 000014.033, 172
Trd, 000014.217, 158
Trd, 000014.733, 141
Trd, 000014.783, 142
Trd, 000014.850, 138
Trd, 000015.800, 161
Trd, 000016.283, 144
Trd, 000017.133, 144
Trd, 000017.633, 142
Trd, 000017.783, 143
Trd, 000018.067, 146
Trd, 000019.333, 174
Trd, 000019.450, 153
Trd, 000019.567, 174
Trd, 000019.667, 141
Trd, 000019.683, 142
Trd, 000022.000, 154
Trd, 000022.200, 153
Trd, 000023.067, 152
Trd, 000023.850, 152
Trd, 000024.100, 153
Trd, 000024.483, 152
Trd, 000025.033, 153
Trd, 000025.167, 151
Trd, 000025.450, 154
Trd, 000025.817, 150
Trd, 000025.917, 139
Trd, 000026.417, 170
Trd, 000026.450, 175
Trd, 000026.967, 154
Trd, 000028.117, 165
Trd, 000028.517, 165
Trd, 000028.983, 164
Trd, 000029.500, 165
Trd, 000029.683, 163
Trd, 000029.833, 161
Trd, 000029.983, 166
Trd, 000030.683, 154
Trd, 000031.567, 166
Trd, 000031.600, 129
Trd, 000032.033, 170
Trd, 000033.550, 147
Trd, 000033.917, 149
Trd, 000034.250, 153
Trd, 000035.167, 157
Trd, 000036.633, 154
Trd, 000036.800, 154
Trd, 000036.850, 154
Trd, 000037.683, 159
Trd, 000037.950, 156
Trd, 000038.983, 142
Trd, 000040.033, 148
Trd, 000040.567, 147
Trd, 000040.850, 151
Trd, 000041.183, 146
Trd, 000042.383, 145
Trd, 000042.867, 148
Trd, 000043.267, 155
Trd, 000043.917, 161
Trd, 000044.817, 163
Trd, 000044.900, 164
Trd, 000045.633, 149
Trd, 000046.200, 145
Trd, 000046.550, 144
Trd, 000046.833, 146
Trd, 000047.017, 141
Trd, 000047.550, 172
Trd, 000047.717, 177
Trd, 000047.800, 139
Trd, 000048.233, 139
Trd, 000048.817, 147
Trd, 000049.283, 148
Trd, 000050.033, 147
Trd, 000050.667, 149
Trd, 000050.733, 174
Trd, 000051.267, 154
Trd, 000051.667, 155
Trd, 000053.333, 162
Trd, 000054.250, 167
Trd, 000054.350, 165
Trd, 000054.633, 163
Trd, 000054.900, 161
Trd, 000055.333, 159
Trd, 000055.850, 163
Trd, 000057.467, 165
Trd, 000058.033, 163
Trd, 000058.583, 164
Trd, 000058.950, 163
Trd, 000059.383, 173
Trd, 000060.017, 161
Trd, 000061.000, 160
Trd, 000061.917, 157
Trd, 000062.550, 151
Trd, 000062.783, 165
Trd, 000063.517, 157
Trd, 000064.250, 174
Trd, 000065.667, 165
Trd, 000066.550, 167
Trd, 000066.667, 163
Trd, 000066.733, 159
Trd, 000068.150, 164
Trd, 000069.133, 170
Trd, 000069.550, 162
Trd, 000069.567, 171
Trd, 000069.833, 161
Trd, 000069.950, 167
Trd, 000070.600, 160
Trd, 000071.050, 158
Trd, 000071.467, 168
Trd, 000071.517, 169
Trd, 000072.050, 151
Trd, 000073.833, 146
Trd, 000074.617, 143
Trd, 000074.633, 141
Trd, 000075.283, 147
Trd, 000075.500, 157
Trd, 000076.150, 156
Trd, 000076.967, 148
Trd, 000077.333, 155
Trd, 000078.850, 157
Trd, 000080.500, 157
Trd, 000080.600, 159
Trd, 000080.800, 167
Trd, 000081.150, 158
Trd, 000081.267, 155
Trd, 000081.533, 147
Trd, 000082.233, 151
Trd, 000083.067, 147
Trd, 000083.383, 149
Trd, 000083.817, 153
Trd, 000084.117, 145
Trd, 000084.183, 142
Trd, 000084.700, 148
Trd, 000085.617, 148
Trd, 000086.150, 149
Trd, 000086.817, 148
Trd, 000086.833, 148
Trd, 000086.850, 152
Trd, 000087.333, 171
Trd, 000088.600, 171
Trd, 000089.850, 173
Trd, 000090.050, 168
Trd, 000090.600, 167
Trd, 000091.283, 168
Trd, 000091.600, 160
Trd, 000091.917, 157
Trd, 000093.333, 165
Trd, 000095.217, 163
Trd, 000095.350, 163
Trd, 000095.383, 160
Trd, 000095.717, 149
Trd, 000096.000, 151
Trd, 000096.767, 160
Trd, 000096.800, 154
Trd, 000097.983, 151
Trd, 000098.033, 172
Trd, 000098.450, 150
Trd, 000099.650, 176
Trd, 000099.683, 168
Trd, 000099.867, 174
Trd, 000100.850, 161
Trd, 000102.200, 163
Trd, 000102.550, 162
Trd, 000102.683, 166
Trd, 000103.517, 166
Trd, 000104.900, 166
Trd, 000105.017, 167
Trd, 000106.250, 165
Trd, 000107.433, 166
Trd, 000109.033, 161
Trd, 000109.267, 162
Trd, 000109.933, 146
Trd, 000110.217, 145
Trd, 000110.267, 159
Trd, 000112.283, 143
Trd, 000112.450, 143
Trd, 000112.467, 144
Trd, 000112.500, 140
Trd, 000112.733, 145
Trd, 000112.750, 152
Trd, 000113.350, 164
Trd, 000113.817, 179
Trd, 000113.983, 162
Trd, 000115.067, 166
Trd, 000116.117, 171
Trd, 000116.183, 161
Trd, 000117.750, 172
Trd, 000118.767, 178
Trd, 000118.783, 165
Trd, 000118.817, 179
Trd, 000119.083, 165
Trd, 000120.183, 178
Trd, 000120.483, 168
Trd, 000121.117, 165
Trd, 000121.167, 163
Trd, 000121.267, 149
Trd, 000121.983, 176
Trd, 000122.250, 152
Trd, 000122.717, 177
Trd, 000122.867, 184
Trd, 000123.217, 184
Trd, 000123.467, 185
Trd, 000123.667, 166
Trd, 000124.033, 187
Trd, 000124.117, 201
Trd, 000124.250, 236
Trd, 000124.817, 334.0
Trd, 000125.067, 340.0
Trd, 000126.967, 327.0
Trd, 000127.267, 338.0
Trd, 000127.900, 339.0
Trd, 000128.133, 341.0
Trd, 000128.367, 334.0
Trd, 000128.717, 344.0
Trd, 000128.817, 337
Trd, 000128.967, 336
Trd, 000130.500, 345
Trd, 000130.867, 345
Trd, 000131.283, 341
Trd, 000131.917, 358
Trd, 000132.267, 342
Trd, 000132.650, 354
Trd, 000133.500, 342.0
Trd, 000133.683, 341.0
Trd, 000133.733, 341
Trd, 000134.033, 355
Trd, 000135.200, 339
Trd, 000136.050, 337.0
Trd, 000136.283, 344.0
Trd, 000136.700, 347
Trd, 000136.817, 334.0
Trd, 000137.250, 337
Trd, 000138.150, 341
Trd, 000138.817, 348
Trd, 000140.717, 353
Trd, 000141.350, 353
Trd, 000141.383, 351
Trd, 000141.717, 351
Trd, 000142.483, 358
Trd, 000143.117, 350
Trd, 000143.600, 353
Trd, 000143.933, 354
Trd, 000143.983, 351
Trd, 000144.017, 337.0
Trd, 000144.250, 334.0
Trd, 000145.533, 346
Trd, 000145.950, 346
Trd, 000146.533, 364
Trd, 000147.483, 351.0
Trd, 000147.833, 351
Trd, 000148.233, 352
Trd, 000148.383, 348
Trd, 000149.783, 346
Trd, 000150.000, 344
Trd, 000150.317, 350
Trd, 000150.500, 351
Trd, 000151.733, 346
Trd, 000151.967, 349
Trd, 000152.900, 343
Trd, 000153.933, 348
Trd, 000154.417, 338.0
Trd, 000154.900, 334.0
Trd, 000155.317, 343.0
Trd, 000155.433, 329
Trd, 000155.517, 344.0
Trd, 000156.083, 345
Trd, 000156.667, 345
Trd, 000156.750, 368
Trd, 000157.633, 349
Trd, 000159.517, 360
Trd, 000159.700, 362
Trd, 000159.833, 366
Trd, 000160.267, 364
Trd, 000160.967, 363
Trd, 000161.017, 358
Trd, 000161.067, 351.0
Trd, 000161.167, 337.0
Trd, 000162.167, 336.0
Trd, 000162.617, 340.0
Trd, 000163.417, 341.0
Trd, 000164.367, 340
Trd, 000165.300, 343.0
Trd, 000165.783, 343.0
Trd, 000165.833, 344.0
Trd, 000165.950, 346
Trd, 000166.150, 341
Trd, 000167.433, 355
Trd, 000167.450, 351.0
Trd, 000168.617, 354
Trd, 000168.650, 344
Trd, 000170.050, 352.0
Trd, 000170.483, 351.0
Trd, 000171.150, 349
Trd, 000171.400, 348
Trd, 000171.533, 345
Trd, 000171.683, 349
Trd, 000173.100, 351.0
Trd, 000173.167, 352
Trd, 000173.533, 342
Trd, 000174.700, 340.0
Trd, 000176.417, 339.0
Trd, 000176.933, 338.0
Trd, 000177.517, 342
Trd, 000178.450, 337
Trd, 000179.050, 341
Trd, 000179.383, 341.0
Trd, 000180.167, 338.0
Trd, 000180.700, 337.0
Trd, 000181.217, 334.0
Trd, 000181.300, 333
Trd, 000181.567, 353
Trd, 000181.783, 337
Trd, 000183.233, 336
Trd, 000183.383, 324.0
Trd, 000183.400, 315
Trd, 000183.817, 306.0
Trd, 000183.950, 341.0
Trd, 000184.667, 211
Trd, 000184.983, 195
Trd, 000186.250, 212
Trd, 000186.750, 194
Trd, 000187.200, 184
Trd, 000187.767, 185
Trd, 000188.267, 186
Trd, 000188.350, 185
Trd, 000188.833, 186
Trd, 000189.467, 185
Trd, 000189.767, 184
Trd, 000190.850, 179
Trd, 000191.167, 172
Trd, 000191.800, 183
Trd, 000191.833, 173
Trd, 000192.383, 170
Trd, 000192.583, 174
Trd, 000193.817, 178
Trd, 000193.917, 177
Trd, 000195.067, 174
Trd, 000195.483, 175
Trd, 000195.833, 175
Trd, 000196.067, 176
Trd, 000196.850, 174
Trd, 000197.100, 170
Trd, 000197.500, 170
Trd, 000197.667, 185
Trd, 000199.233, 185
Trd, 000199.333, 186
Trd, 000199.517, 187
Trd, 000200.467, 171
Trd, 000200.750, 173
Trd, 000201.450, 175
Trd, 000202.133, 175
Trd, 000202.383, 180
Trd, 000202.800, 174
Trd, 000204.417, 177
Trd, 000205.433, 176
Trd, 000206.000, 175
Trd, 000206.683, 176
Trd, 000207.167, 175
Trd, 000207.767, 188
Trd, 000208.050, 173
Trd, 000208.533, 189
Trd, 000209.150, 179
Trd, 000209.500, 179
Trd, 000210.433, 188
Trd, 000210.717, 176
Trd, 000210.967, 173
Trd, 000211.650, 180
Trd, 000212.700, 176
Trd, 000212.917, 175
Trd, 000213.517, 172
Trd, 000214.217, 171
Trd, 000214.917, 174
Trd, 000215.233, 160
Trd, 000217.483, 167
Trd, 000217.700, 167
Trd, 000218.050, 174
Trd, 000218.300, 166
Trd, 000218.467, 174
Trd, 000220.733, 185
Trd, 000221.367, 174
Trd, 000221.383, 173
Trd, 000221.600, 174
Trd, 000221.817, 173
Trd, 000222.167, 190
Trd, 000222.867, 186
Trd, 000222.983, 177
Trd, 000223.050, 158
Trd, 000223.267, 176
Trd, 000224.900, 177
Trd, 000225.483, 175
Trd, 000226.367, 176
Trd, 000226.617, 176
Trd, 000227.067, 192
Trd, 000227.583, 175
Trd, 000227.883, 176
Trd, 000227.967, 173
Trd, 000229.917, 176
Trd, 000231.033, 177
Trd, 000231.483, 178
Trd, 000232.167, 178
Trd, 000232.317, 179
Trd, 000232.667, 179
Trd, 000233.967, 175
Trd, 000234.717, 175
Trd, 000236.050, 174
Trd, 000236.150, 174
Trd, 000236.250, 176
Trd, 000237.450, 168
Trd, 000237.483, 162
Trd, 000238.100, 177
Trd, 000238.750, 165
Trd, 000240.033, 181
Trd, 000240.550, 190
Trd, 000240.750, 186
Trd, 000241.200, 186
Trd, 000241.450, 187
Trd, 000241.817, 185
Trd, 000242.300, 185
Trd, 000242.583, 187
Trd, 000243.650, 186
Trd, 000243.917, 188
Trd, 000244.650, 189
Trd, 000245.883, 191
Trd, 000246.283, 188
Trd, 000246.633, 188
Trd, 000246.883, 185
Trd, 000247.267, 189
Trd, 000247.617, 185
Trd, 000247.700, 182
Trd, 000247.833, 183
Trd, 000248.500, 179
Trd, 000248.583, 178
Trd, 000248.783, 175
Trd, 000249.050, 163
Trd, 000250.167, 175
Trd, 000250.183, 178
Trd, 000250.983, 173
Trd, 000251.467, 176
Trd, 000251.517, 173
Trd, 000251.717, 178
Trd, 000251.733, 179
Trd, 000253.317, 176
Trd, 000253.633, 177
Trd, 000253.783, 179
Trd, 000254.150, 177
Trd, 000254.983, 181
Trd, 000255.100, 174
Trd, 000256.050, 178
Trd, 000256.200, 185
Trd, 000256.250, 177
Trd, 000256.850, 176
Trd, 000257.133, 183
Trd, 000257.150, 176
Trd, 000257.267, 188
Trd, 000257.300, 193
Trd, 000259.100, 189
Trd, 000259.183, 188
Trd, 000259.400, 184
Trd, 000259.700, 189
Trd, 000259.867, 186
Trd, 000260.500, 187
Trd, 000260.667, 184
Trd, 000261.017, 193
Trd, 000261.333, 187
Trd, 000261.883, 184
Trd, 000262.567, 185
Trd, 000262.600, 184
Trd, 000263.467, 183
Trd, 000263.850, 184
Trd, 000263.933, 184
Trd, 000265.333, 184
Trd, 000265.833, 183
Trd, 000265.867, 180
Trd, 000265.883, 184
Trd, 000266.300, 193
Trd, 000266.567, 186
Trd, 000267.117, 181
Trd, 000267.167, 183
Trd, 000267.350, 178
Trd, 000268.233, 185
Trd, 000268.617, 180
Trd, 000268.783, 170
Trd, 000268.917, 168
Trd, 000269.583, 178
Trd, 000270.083, 164
Trd, 000270.417, 163
Trd, 000270.667, 176
Trd, 000270.967, 171
Trd, 000271.083, 173
Trd, 000271.200, 173
Trd, 000271.583, 169
Trd, 000271.817, 169
Trd, 000272.033, 174
Trd, 000272.233, 172
Trd, 000273.417, 172
Trd, 000274.383, 172
Trd, 000274.633, 176
Trd, 000275.283, 178
Trd, 000275.483, 179
Trd, 000275.517, 180
Trd, 000276.117, 171
Trd, 000276.150, 181
Trd, 000276.250, 170
Trd, 000276.333, 171
Trd, 000276.683, 185
Trd, 000277.500, 186
Trd, 000278.750, 178
Trd, 000279.367, 179
Trd, 000279.583, 177
Trd, 000280.417, 180
Trd, 000280.733, 191
Trd, 000281.033, 198
Trd, 000281.117, 195
Trd, 000281.417, 190
Trd, 000281.633, 189
Trd, 000282.517, 195
Trd, 000282.567, 194
Trd, 000282.617, 190
Trd, 000282.667, 189
Trd, 000283.317, 190
Trd, 000284.317, 190
Trd, 000284.333, 181
Trd, 000284.717, 173
Trd, 000285.217, 177
Trd, 000285.500, 176
Trd, 000286.167, 172
Trd, 000287.000, 180
Trd, 000287.283, 174
Trd, 000287.300, 180
Trd, 000287.367, 172
Trd, 000287.550, 181
Trd, 000287.683, 172
Trd, 000288.467, 187
Trd, 000288.683, 197
Trd, 000288.967, 200
Trd, 000289.100, 188
Trd, 000289.400, 187
Trd, 000289.683, 182
Trd, 000289.883, 180
Trd, 000289.950, 175
Trd, 000290.133, 174
Trd, 000290.267, 173
Trd, 000290.817, 177
Trd, 000290.917, 176
Trd, 000291.683, 179
Trd, 000292.217, 174
Trd, 000292.417, 179
Trd, 000293.133, 166
Trd, 000293.467, 177
Trd, 000294.617, 169
Trd, 000294.767, 170
Trd, 000294.883, 187
Trd, 000294.917, 197
Trd, 000296.183, 177
Trd, 000296.217, 178
Trd, 000296.600, 176
Trd, 000297.750, 178
Trd, 000297.883, 177
Trd, 000298.100, 180
Trd, 000298.283, 176
Trd, 000298.600, 181
