Trd, 000000.817, 186
Trd, 000002.033, 137
Trd, 000002.667, 134
Trd, 000003.100, 152
Trd, 000003.717, 131
Trd, 000003.850, 132
Trd, 000004.367, 127
Trd, 000005.717, 129
Trd, 000006.867, 131
Trd, 000007.067, 131
Trd, 000007.633, 134
Trd, 000007.933, 135
Trd, 000008.583, 137
Trd, 000008.633, 135
Trd, 000009.217, 138
Trd, 000009.333, 145
Trd, 000009.600, 136
Trd, 000010.533, 173
Trd, 000011.800, 159
Trd, 000011.883, 167
Trd, 000012.250, 158
Trd, 000013.650, 153
Trd, 000013.983, 152
Trd, 000014.050, 151
Trd, 000014.333, 149
Trd, 000014.517, 147
Trd, 000015.367, 151
Trd, 000015.950, 150
Trd, 000016.400, 145
Trd, 000017.467, 148
Trd, 000018.000, 149
Trd, 000018.017, 148
Trd, 000018.500, 148
Trd, 000018.650, 150
Trd, 000018.717, 150
Trd, 000019.150, 148
Trd, 000019.183, 150
Trd, 000019.200, 151
Trd, 000020.200, 152
Trd, 000021.983, 150
Trd, 000022.317, 152
Trd, 000022.867, 153
Trd, 000023.300, 163
Trd, 000023.800, 150
Trd, 000024.400, 143
Trd, 000025.133, 138
Trd, 000025.217, 138
Trd, 000025.683, 139
Trd, 000025.717, 138
Trd, 000025.867, 147
Trd, 000025.900, 150
Trd, 000026.683, 151
Trd, 000026.883, 143
Trd, 000026.933, 152
Trd, 000027.100, 157
Trd, 000028.483, 146
Trd, 000028.833, 151
Trd, 000028.917, 151
Trd, 000029.617, 150
Trd, 000031.250, 148
Trd, 000031.367, 152
Trd, 000032.617, 151
Trd, 000032.800, 150
Trd, 000032.817, 144
Trd, 000033.083, 151
Trd, 000034.333, 150
Trd, 000034.733, 151
Trd, 000034.800, 149
Trd, 000035.317, 150
Trd, 000035.717, 151
Trd, 000036.150, 150
Trd, 000036.267, 149
Trd, 000036.633, 147
Trd, 000036.733, 147
Trd, 000037.433, 167
Trd, 000038.700, 148
Trd, 000039.117, 151
Trd, 000039.233, 152
Trd, 000039.533, 149
Trd, 000039.917, 140
Trd, 000040.350, 151
Trd, 000041.333, 140
Trd, 000042.333, 151
Trd, 000042.433, 143
Trd, 000043.683, 150
Trd, 000044.083, 150
Trd, 000044.217, 150
Trd, 000044.317, 149
Trd, 000045.167, 149
Trd, 000045.300, 150
Trd, 000045.933, 148
Trd, 000046.017, 147
Trd, 000046.267, 149
Trd, 000046.333, 147
Trd, 000046.917, 145
Trd, 000048.000, 146
Trd, 000048.317, 142
Trd, 000048.400, 150
Trd, 000049.400, 149
Trd, 000049.500, 145
Trd, 000049.967, 149
Trd, 000050.183, 144
Trd, 000050.417, 150
Trd, 000050.617, 146
Trd, 000052.033, 149
Trd, 000052.217, 145
Trd, 000052.750, 147
Trd, 000053.083, 150
Trd, 000053.383, 146
Trd, 000053.683, 153
Trd, 000054.500, 155
Trd, 000055.667, 149
Trd, 000055.717, 151
Trd, 000056.183, 152
Trd, 000056.817, 152
Trd, 000056.900, 153
Trd, 000057.000, 151
Trd, 000057.483, 146
Trd, 000057.833, 154
Trd, 000058.350, 148
Trd, 000059.650, 144
Trd, 000059.667, 166
Trd, 000059.833, 142
Trd, 000060.600, 163
Trd, 000062.967, 156
Trd, 000063.733, 152
Trd, 000063.883, 149
Trd, 000063.983, 153
Trd, 000064.250, 154
Trd, 000064.733, 149
Trd, 000064.817, 148
Trd, 000065.017, 154
Trd, 000065.483, 154
Trd, 000066.750, 154
Trd, 000067.283, 153
Trd, 000067.533, 152
Trd, 000067.833, 147
Trd, 000068.233, 154
Trd, 000069.250, 143
Trd, 000069.567, 142
Trd, 000069.633, 144
Trd, 000070.533, 151
Trd, 000070.617, 153
Trd, 000070.650, 143
Trd, 000072.183, 151
Trd, 000073.117, 150
Trd, 000073.333, 148
Trd, 000073.883, 143
Trd, 000074.450, 144
Trd, 000074.550, 145
Trd, 000074.583, 146
Trd, 000075.867, 143
Trd, 000076.133, 146
Trd, 000076.217, 144
Trd, 000076.567, 145
Trd, 000076.617, 147
Trd, 000077.033, 143
Trd, 000078.533, 141
Trd, 000079.200, 141
Trd, 000079.317, 143
Trd, 000079.350, 146
Trd, 000080.183, 147
Trd, 000080.217, 144
Trd, 000080.467, 156
Trd, 000080.567, 155
Trd, 000083.000, 152
Trd, 000083.017, 151
Trd, 000083.150, 150
Trd, 000083.867, 151
Trd, 000084.300, 151
Trd, 000084.883, 150
Trd, 000084.900, 152
Trd, 000085.000, 156
Trd, 000085.517, 149
Trd, 000085.950, 154
Trd, 000087.267, 155
Trd, 000087.450, 157
Trd, 000087.600, 174
Trd, 000087.717, 152
Trd, 000088.733, 162
Trd, 000089.667, 165
Trd, 000089.783, 156
Trd, 000090.083, 150
Trd, 000091.550, 147
Trd, 000091.767, 146
Trd, 000092.000, 146
Trd, 000092.033, 153
Trd, 000092.967, 149
Trd, 000093.133, 150
Trd, 000094.183, 148
Trd, 000094.533, 150
Trd, 000094.817, 152
Trd, 000095.000, 148
Trd, 000095.850, 151
Trd, 000096.267, 153
Trd, 000096.933, 157
Trd, 000097.017, 156
Trd, 000097.333, 152
Trd, 000098.333, 153
Trd, 000098.850, 155
Trd, 000099.800, 147
Trd, 000100.050, 151
Trd, 000100.117, 151
Trd, 000100.133, 151
Trd, 000100.767, 142
Trd, 000101.667, 144
Trd, 000101.733, 145
Trd, 000102.783, 145
Trd, 000103.767, 145
Trd, 000104.450, 144
Trd, 000104.700, 145
Trd, 000105.200, 146
Trd, 000105.500, 147
Trd, 000106.067, 154
Trd, 000106.083, 146
Trd, 000106.650, 149
Trd, 000106.933, 148
Trd, 000107.417, 148
Trd, 000107.500, 146
Trd, 000109.017, 150
Trd, 000109.083, 151
Trd, 000109.733, 146
Trd, 000110.167, 151
Trd, 000110.433, 155
Trd, 000110.483, 146
Trd, 000111.083, 159
Trd, 000111.133, 176
Trd, 000111.150, 147
Trd, 000112.283, 152
Trd, 000113.117, 148
Trd, 000113.967, 151
Trd, 000114.700, 148
Trd, 000115.050, 151
Trd, 000115.283, 148
Trd, 000115.450, 154
Trd, 000116.900, 151
Trd, 000117.083, 155
Trd, 000117.817, 153
Trd, 000118.150, 151
Trd, 000119.317, 154
Trd, 000119.967, 156
Trd, 000120.067, 156
Trd, 000120.400, 154
Trd, 000120.650, 153
Trd, 000120.733, 160
Trd, 000120.817, 162
Trd, 000120.950, 151
Trd, 000121.167, 148
Trd, 000121.217, 158
Trd, 000121.467, 177
Trd, 000121.583, 187
Trd, 000122.500, 212
Trd, 000122.717, 184
Trd, 000123.317, 282
Trd, 000123.783, 304
Trd, 000124.267, 274
Trd, 000124.583, 308
Trd, 000124.833, 319
Trd, 000125.850, 320
Trd, 000127.433, 324
Trd, 000127.550, 326
Trd, 000127.683, 327.0
Trd, 000127.933, 331.0
Trd, 000129.883, 333.0
Trd, 000130.117, 334.0
Trd, 000130.650, 337.0
Trd, 000131.050, 344
Trd, 000131.317, 337
Trd, 000131.417, 335
Trd, 000131.500, 341
Trd, 000132.050, 347.0
Trd, 000132.117, 335
Trd, 000132.167, 348.0
Trd, 000132.367, 325
Trd, 000134.133, 338
Trd, 000134.283, 338
Trd, 000134.833, 343
Trd, 000135.017, 341.0
Trd, 000135.717, 345
Trd, 000137.617, 342
Trd, 000138.017, 344
Trd, 000138.167, 346
Trd, 000138.483, 338
Trd, 000138.533, 346
Trd, 000139.267, 338
Trd, 000140.367, 339
Trd, 000141.017, 343
Trd, 000142.150, 343.0
Trd, 000142.300, 343.0
Trd, 000143.050, 345
Trd, 000143.367, 342
Trd, 000143.767, 343
Trd, 000144.100, 345
Trd, 000144.450, 342
Trd, 000144.467, 348.0
Trd, 000146.300, 346
Trd, 000146.350, 347
Trd, 000146.517, 346
Trd, 000146.883, 347
Trd, 000147.333, 344
Trd, 000147.433, 343
Trd, 000149.217, 341.0
Trd, 000149.650, 338
Trd, 000150.300, 336
Trd, 000150.450, 339
Trd, 000150.483, 340
Trd, 000150.800, 326
Trd, 000150.967, 345
Trd, 000151.467, 343
Trd, 000151.783, 341.0
Trd, 000152.033, 334.0
Trd, 000153.233, 337.0
Trd, 000153.900, 334.0
Trd, 000154.167, 333
Trd, 000154.583, 334
Trd, 000154.600, 334
Trd, 000154.783, 336
Trd, 000155.300, 334
Trd, 000155.850, 337
Trd, 000155.983, 330
Trd, 000156.900, 336
Trd, 000158.550, 337
Trd, 000158.583, 337.0
Trd, 000158.933, 336
Trd, 000159.217, 335
Trd, 000159.750, 334
Trd, 000160.067, 333
Trd, 000160.150, 337
Trd, 000160.583, 341.0
Trd, 000160.983, 342
Trd, 000161.083, 343
Trd, 000161.283, 332
Trd, 000161.550, 344
Trd, 000163.517, 327.0
Trd, 000163.800, 331.0
Trd, 000164.033, 329
Trd, 000164.750, 332
Trd, 000165.283, 334.0
Trd, 000166.767, 336
Trd, 000167.033, 336.0
Trd, 000167.683, 335.0
Trd, 000168.617, 334.0
Trd, 000168.967, 334.0
Trd, 000168.983, 336
Trd, 000169.000, 331
Trd, 000169.200, 336
Trd, 000169.417, 328
Trd, 000169.850, 337.0
Trd, 000170.767, 335
Trd, 000171.317, 337
Trd, 000171.733, 337
Trd, 000172.500, 338
Trd, 000173.050, 342
Trd, 000173.583, 342
Trd, 000173.950, 343.0
Trd, 000174.400, 342
Trd, 000174.650, 341.0
Trd, 000174.700, 344
Trd, 000174.733, 348.0
Trd, 000174.767, 334.0
Trd, 000174.967, 370
Trd, 000175.500, 344
Trd, 000175.767, 344
Trd, 000176.000, 334
Trd, 000176.100, 326
Trd, 000177.050, 334.0
Trd, 000177.500, 346
Trd, 000178.000, 349
Trd, 000178.433, 336
Trd, 000178.733, 337.0
Trd, 000179.733, 337
Trd, 000181.333, 341
Trd, 000181.550, 337.0
Trd, 000181.650, 332.0
Trd, 000182.517, 325
Trd, 000182.950, 324.0
Trd, 000183.350, 323
Trd, 000183.583, 306.0
Trd, 000184.133, 297
Trd, 000184.183, 176
Trd, 000184.567, 168
Trd, 000184.783, 159
Trd, 000184.967, 152
Trd, 000185.750, 183
Trd, 000186.283, 170
Trd, 000186.433, 183
Trd, 000186.583, 183
Trd, 000187.517, 170
Trd, 000187.617, 168
Trd, 000188.500, 180
Trd, 000189.183, 180
Trd, 000189.533, 175
Trd, 000189.617, 174
Trd, 000189.667, 173
Trd, 000190.433, 169
Trd, 000190.717, 167
Trd, 000192.233, 171
Trd, 000192.783, 170
Trd, 000192.867, 161
Trd, 000193.117, 171
Trd, 000193.133, 172
Trd, 000193.833, 171
Trd, 000194.833, 165
Trd, 000194.867, 161
Trd, 000195.950, 160
Trd, 000196.383, 168
Trd, 000196.717, 171
Trd, 000196.983, 161
Trd, 000197.417, 159
Trd, 000198.350, 161
Trd, 000198.983, 154
Trd, 000199.133, 165
Trd, 000199.617, 166
Trd, 000200.683, 151
Trd, 000201.283, 154
Trd, 000201.467, 157
Trd, 000201.733, 164
Trd, 000203.150, 163
Trd, 000203.250, 168
Trd, 000204.167, 164
Trd, 000204.200, 185
Trd, 000205.483, 181
Trd, 000205.517, 191
Trd, 000205.850, 179
Trd, 000206.217, 178
Trd, 000206.950, 182
Trd, 000207.150, 186
Trd, 000207.250, 186
Trd, 000207.267, 175
Trd, 000208.550, 173
Trd, 000208.617, 172
Trd, 000209.067, 171
Trd, 000209.533, 166
Trd, 000210.800, 169
Trd, 000211.250, 155
Trd, 000212.117, 169
Trd, 000212.583, 167
Trd, 000212.667, 162
Trd, 000213.017, 161
Trd, 000213.817, 162
Trd, 000214.550, 164
Trd, 000214.650, 165
Trd, 000215.467, 164
Trd, 000215.733, 164
Trd, 000215.917, 165
Trd, 000216.383, 163
Trd, 000218.183, 162
Trd, 000218.350, 161
Trd, 000218.950, 153
Trd, 000219.383, 155
Trd, 000219.467, 157
Trd, 000220.217, 167
Trd, 000220.417, 163
Trd, 000220.717, 166
Trd, 000220.917, 170
Trd, 000221.733, 162
Trd, 000222.283, 163
Trd, 000222.617, 163
Trd, 000223.100, 164
Trd, 000223.500, 166
Trd, 000223.700, 161
Trd, 000223.817, 160
Trd, 000224.833, 164
Trd, 000225.550, 163
Trd, 000225.917, 164
Trd, 000226.217, 166
Trd, 000226.583, 165
Trd, 000227.100, 166
Trd, 000227.167, 163
Trd, 000227.533, 166
Trd, 000227.600, 162
Trd, 000228.217, 161
Trd, 000228.483, 160
Trd, 000228.550, 168
Trd, 000229.800, 165
Trd, 000230.017, 164
Trd, 000230.083, 158
Trd, 000230.617, 163
Trd, 000231.383, 157
Trd, 000231.433, 171
Trd, 000232.583, 162
Trd, 000234.300, 166
Trd, 000234.917, 170
Trd, 000234.950, 170
Trd, 000235.150, 188
Trd, 000235.800, 171
Trd, 000237.700, 171
Trd, 000237.883, 173
Trd, 000238.200, 172
Trd, 000238.283, 174
Trd, 000238.483, 174
Trd, 000239.550, 173
Trd, 000240.483, 176
Trd, 000240.650, 174
Trd, 000240.800, 174
Trd, 000241.117, 174
Trd, 000241.167, 172
Trd, 000241.267, 165
Trd, 000242.883, 164
Trd, 000243.283, 167
Trd, 000243.400, 168
Trd, 000243.717, 166
Trd, 000243.767, 168
Trd, 000244.267, 172
Trd, 000244.583, 171
Trd, 000245.233, 173
Trd, 000245.433, 179
Trd, 000246.183, 175
Trd, 000246.350, 178
Trd, 000246.983, 174
Trd, 000247.583, 177
Trd, 000248.050, 181
Trd, 000248.150, 182
Trd, 000248.317, 181
Trd, 000248.550, 176
Trd, 000248.950, 175
Trd, 000249.117, 180
Trd, 000249.533, 179
Trd, 000250.267, 178
Trd, 000250.467, 175
Trd, 000250.733, 177
Trd, 000252.017, 178
Trd, 000254.033, 177
Trd, 000254.283, 173
Trd, 000255.183, 173
Trd, 000255.333, 172
Trd, 000255.550, 172
Trd, 000255.800, 173
Trd, 000256.033, 175
Trd, 000256.050, 177
Trd, 000256.733, 174
Trd, 000256.883, 175
Trd, 000256.950, 176
Trd, 000258.317, 175
Trd, 000258.650, 176
Trd, 000258.933, 177
Trd, 000259.400, 177
Trd, 000259.967, 181
Trd, 000260.450, 178
Trd, 000260.633, 184
Trd, 000261.567, 181
Trd, 000261.583, 180
Trd, 000261.633, 174
Trd, 000262.083, 182
Trd, 000262.317, 163
Trd, 000262.633, 182
Trd, 000262.733, 164
Trd, 000263.733, 171
Trd, 000263.800, 167
Trd, 000264.600, 161
Trd, 000264.850, 163
Trd, 000265.367, 183
Trd, 000266.367, 173
Trd, 000267.083, 173
Trd, 000267.333, 172
Trd, 000267.517, 173
Trd, 000267.633, 174
Trd, 000267.683, 175
Trd, 000268.483, 175
Trd, 000268.633, 172
Trd, 000269.600, 174
Trd, 000269.883, 175
Trd, 000270.483, 183
Trd, 000270.650, 173
Trd, 000270.983, 184
Trd, 000271.500, 180
Trd, 000271.667, 181
Trd, 000272.750, 180
Trd, 000272.933, 180
Trd, 000273.050, 177
Trd, 000274.383, 180
Trd, 000275.267, 183
Trd, 000275.650, 182
Trd, 000275.667, 180
Trd, 000276.000, 179
Trd, 000276.150, 182
Trd, 000276.433, 184
Trd, 000276.567, 180
Trd, 000277.400, 181
Trd, 000277.433, 182
Trd, 000277.533, 176
Trd, 000278.150, 169
Trd, 000278.817, 167
Trd, 000278.900, 178
Trd, 000279.450, 175
Trd, 000280.033, 167
Trd, 000280.067, 176
Trd, 000280.467, 176
Trd, 000280.750, 176
Trd, 000281.817, 186
Trd, 000283.550, 192
Trd, 000283.767, 190
Trd, 000283.833, 179
Trd, 000284.283, 178
Trd, 000285.367, 181
Trd, 000285.400, 187
Trd, 000285.667, 180
Trd, 000285.733, 184
Trd, 000285.800, 169
Trd, 000286.233, 178
Trd, 000286.933, 178
Trd, 000287.017, 179
Trd, 000287.533, 177
Trd, 000287.917, 177
Trd, 000288.117, 178
Trd, 000288.250, 176
Trd, 000289.100, 175
Trd, 000290.017, 171
Trd, 000290.250, 177
Trd, 000290.417, 177
Trd, 000291.383, 177
Trd, 000291.533, 177
Trd, 000291.967, 177
Trd, 000292.200, 178
Trd, 000292.333, 176
Trd, 000292.967, 177
Trd, 000293.433, 178
Trd, 000293.650, 180
Trd, 000293.983, 187
Trd, 000294.333, 179
Trd, 000295.367, 185
Trd, 000295.717, 181
Trd, 000295.850, 187
Trd, 000295.900, 178
Trd, 000296.567, 178
Trd, 000296.633, 170
Trd, 000296.817, 179
Trd, 000297.183, 167
Trd, 000297.233, 180
Trd, 000297.800, 161
Trd, 000298.683, 171
Trd, 000298.783, 173
Trd, 000299.333, 171
Trd, 000299.850, 172
