Trd, 000000.917, 175
Trd, 000001.500, 163
Trd, 000001.650, 176
Trd, 000002.167, 133
Trd, 000003.283, 182
Trd, 000004.567, 165
Trd, 000005.033, 164
Trd, 000006.717, 147
Trd, 000007.250, 147
Trd, 000007.433, 148
Trd, 000007.550, 142
Trd, 000007.667, 152
Trd, 000007.883, 155
Trd, 000008.983, 153
Trd, 000009.833, 151
Trd, 000010.000, 147
Trd, 000010.117, 138
Trd, 000010.767, 138
Trd, 000011.750, 149
Trd, 000012.617, 143
Trd, 000013.067, 146
Trd, 000014.133, 146
Trd, 000015.433, 144
Trd, 000016.100, 143
Trd, 000016.417, 142
Trd, 000016.700, 145
Trd, 000016.817, 148
Trd, 000017.217, 143
Trd, 000017.417, 142
Trd, 000018.467, 146
Trd, 000018.733, 146
Trd, 000019.317, 146
Trd, 000019.400, 147
Trd, 000019.900, 144
Trd, 000020.133, 164
Trd, 000020.550, 167
Trd, 000020.683, 143
Trd, 000022.150, 138
Trd, 000022.417, 139
Trd, 000022.800, 140
Trd, 000023.083, 142
Trd, 000023.917, 141
Trd, 000024.117, 142
Trd, 000024.650, 145
Trd, 000025.083, 146
Trd, 000025.433, 138
Trd, 000025.683, 145
Trd, 000025.767, 135
Trd, 000025.783, 154
Trd, 000027.733, 156
Trd, 000029.367, 138
Trd, 000029.533, 139
Trd, 000029.617, 140
Trd, 000029.767, 156
Trd, 000030.100, 147
Trd, 000030.583, 144
Trd, 000032.033, 155
Trd, 000032.767, 145
Trd, 000033.533, 145
Trd, 000033.683, 144
Trd, 000034.000, 147
Trd, 000034.883, 144
Trd, 000035.317, 145
Trd, 000035.350, 144
Trd, 000035.517, 147
Trd, 000036.317, 144
Trd, 000038.017, 148
Trd, 000038.467, 155
Trd, 000039.067, 159
Trd, 000040.083, 150
Trd, 000040.767, 148
Trd, 000041.450, 149
Trd, 000041.700, 146
Trd, 000041.967, 147
Trd, 000042.633, 148
Trd, 000043.383, 149
Trd, 000043.933, 146
Trd, 000044.700, 147
Trd, 000045.300, 148
Trd, 000045.483, 148
Trd, 000045.700, 146
Trd, 000046.267, 141
Trd, 000046.617, 148
Trd, 000047.000, 149
Trd, 000048.317, 151
Trd, 000050.217, 146
Trd, 000050.450, 150
Trd, 000050.733, 144
Trd, 000051.400, 148
Trd, 000051.417, 149
Trd, 000051.667, 149
Trd, 000052.267, 143
Trd, 000053.067, 152
Trd, 000053.333, 149
Trd, 000053.867, 154
Trd, 000055.100, 151
Trd, 000055.517, 146
Trd, 000056.267, 146
Trd, 000057.067, 153
Trd, 000057.433, 147
Trd, 000057.783, 145
Trd, 000058.000, 151
Trd, 000059.133, 151
Trd, 000059.533, 157
Trd, 000059.583, 147
Trd, 000060.133, 149
Trd, 000060.183, 167
Trd, 000061.083, 149
Trd, 000061.483, 163
Trd, 000061.933, 142
Trd, 000062.050, 168
Trd, 000062.550, 148
Trd, 000063.700, 147
Trd, 000063.783, 158
Trd, 000064.150, 172
Trd, 000066.900, 155
Trd, 000066.933, 149
Trd, 000067.533, 153
Trd, 000067.667, 154
Trd, 000068.533, 153
Trd, 000068.933, 157
Trd, 000069.550, 157
Trd, 000070.000, 153
Trd, 000070.700, 153
Trd, 000070.950, 152
Trd, 000071.433, 155
Trd, 000071.450, 158
Trd, 000071.883, 169
Trd, 000072.050, 151
Trd, 000072.383, 171
Trd, 000072.983, 151
Trd, 000074.233, 161
Trd, 000074.683, 150
Trd, 000075.583, 169
Trd, 000076.183, 150
Trd, 000076.400, 150
Trd, 000078.233, 162
Trd, 000078.483, 161
Trd, 000078.817, 152
Trd, 000079.167, 161
Trd, 000080.100, 156
Trd, 000080.317, 159
Trd, 000081.783, 156
Trd, 000081.917, 153
Trd, 000082.117, 149
Trd, 000082.133, 158
Trd, 000082.667, 158
Trd, 000083.250, 152
Trd, 000083.283, 156
Trd, 000083.400, 159
Trd, 000083.783, 148
Trd, 000084.617, 147
Trd, 000085.417, 158
Trd, 000086.233, 150
Trd, 000086.350, 146
Trd, 000086.933, 159
Trd, 000087.033, 170
Trd, 000088.650, 153
Trd, 000089.017, 164
Trd, 000089.433, 148
Trd, 000090.167, 161
Trd, 000092.300, 155
Trd, 000092.367, 150
Trd, 000092.867, 151
Trd, 000092.917, 145
Trd, 000093.133, 144
Trd, 000093.433, 156
Trd, 000094.283, 148
Trd, 000095.017, 153
Trd, 000095.450, 154
Trd, 000095.783, 155
Trd, 000095.817, 160
Trd, 000096.383, 149
Trd, 000097.433, 166
Trd, 000100.683, 153
Trd, 000100.733, 153
Trd, 000100.750, 147
Trd, 000100.850, 154
Trd, 000101.250, 157
Trd, 000101.283, 161
Trd, 000101.517, 143
Trd, 000102.017, 172
Trd, 000102.700, 168
Trd, 000103.933, 151
Trd, 000103.950, 151
Trd, 000104.017, 151
Trd, 000104.483, 163
Trd, 000104.733, 157
Trd, 000105.967, 151
Trd, 000106.783, 158
Trd, 000107.150, 158
Trd, 000107.900, 151
Trd, 000107.983, 150
Trd, 000108.117, 162
Trd, 000108.683, 157
Trd, 000109.333, 173
Trd, 000109.917, 155
Trd, 000110.133, 147
Trd, 000110.450, 166
Trd, 000110.967, 144
Trd, 000114.233, 160
Trd, 000115.500, 157
Trd, 000115.633, 156
Trd, 000115.817, 158
Trd, 000115.850, 152
Trd, 000116.217, 150
Trd, 000117.067, 153
Trd, 000117.783, 152
Trd, 000117.883, 153
Trd, 000118.567, 153
Trd, 000118.767, 149
Trd, 000118.900, 156
Trd, 000119.167, 150
Trd, 000119.500, 162
Trd, 000119.983, 159
Trd, 000120.533, 157
Trd, 000121.183, 174
Trd, 000121.650, 168
Trd, 000121.683, 171
Trd, 000121.933, 174
Trd, 000122.150, 177
Trd, 000122.483, 184
Trd, 000123.000, 247
Trd, 000123.500, 247
Trd, 000123.617, 297
Trd, 000124.517, 286
Trd, 000124.717, 300.0
Trd, 000124.933, 268
Trd, 000125.283, 310.0
Trd, 000125.417, 316.0
Trd, 000125.550, 317.0
Trd, 000126.217, 329
Trd, 000128.017, 311
Trd, 000128.083, 337.0
Trd, 000128.533, 345
Trd, 000128.983, 345
Trd, 000130.033, 327
Trd, 000131.350, 345
Trd, 000131.967, 341.0
Trd, 000132.383, 346
Trd, 000132.450, 331.0
Trd, 000132.983, 330
Trd, 000133.267, 351
Trd, 000133.350, 362.0
Trd, 000134.483, 363
Trd, 000135.083, 365.0
Trd, 000135.167, 346
Trd, 000136.767, 345
Trd, 000137.483, 343
Trd, 000137.650, 348
Trd, 000139.217, 341.0
Trd, 000139.550, 343
Trd, 000140.150, 346
Trd, 000140.583, 350
Trd, 000141.200, 348
Trd, 000141.483, 343
Trd, 000141.600, 336
Trd, 000143.483, 342
Trd, 000143.500, 343
Trd, 000143.667, 341
Trd, 000143.967, 338
Trd, 000144.583, 342
Trd, 000145.950, 337
Trd, 000146.317, 333
Trd, 000146.650, 344
Trd, 000146.850, 346
Trd, 000147.467, 347
Trd, 000147.733, 351
Trd, 000149.683, 341.0
Trd, 000150.233, 346
Trd, 000150.633, 341
Trd, 000152.267, 343
Trd, 000152.633, 343
Trd, 000152.650, 345
Trd, 000152.783, 340
Trd, 000153.233, 340
Trd, 000153.767, 338
Trd, 000154.100, 341.0
Trd, 000154.317, 343
Trd, 000154.617, 344
Trd, 000156.367, 350
Trd, 000157.933, 348
Trd, 000158.100, 341.0
Trd, 000158.250, 339
Trd, 000158.750, 336
Trd, 000159.617, 347
Trd, 000159.917, 347
Trd, 000159.933, 348
Trd, 000160.467, 349
Trd, 000160.883, 351
Trd, 000160.917, 338
Trd, 000161.217, 337
Trd, 000162.233, 350
Trd, 000163.983, 336
Trd, 000164.417, 336
Trd, 000164.600, 337.0
Trd, 000164.667, 333
Trd, 000165.617, 340
Trd, 000166.583, 345
Trd, 000166.883, 347
Trd, 000167.117, 345
Trd, 000167.283, 349
Trd, 000168.067, 341.0
Trd, 000168.917, 352
Trd, 000169.767, 346
Trd, 000170.033, 349
Trd, 000170.217, 348
Trd, 000170.250, 350
Trd, 000170.300, 346
Trd, 000170.433, 354
Trd, 000171.817, 352
Trd, 000172.367, 352
Trd, 000173.483, 347
Trd, 000173.550, 343
Trd, 000173.733, 352
Trd, 000174.433, 343
Trd, 000174.983, 352
Trd, 000175.400, 341.0
Trd, 000175.533, 336
Trd, 000177.700, 334
Trd, 000178.850, 344
Trd, 000179.183, 343
Trd, 000179.383, 345
Trd, 000179.450, 350
Trd, 000179.467, 333
Trd, 000179.967, 351
Trd, 000181.417, 339
Trd, 000181.583, 343
Trd, 000181.767, 337
Trd, 000182.100, 350
Trd, 000182.717, 337
Trd, 000182.933, 340
Trd, 000183.067, 335
Trd, 000183.083, 333
Trd, 000183.200, 306.0
Trd, 000183.400, 300.0
Trd, 000183.500, 180
Trd, 000183.600, 176
Trd, 000185.517, 159
Trd, 000185.833, 179
Trd, 000186.267, 182
Trd, 000186.383, 149
Trd, 000186.633, 183
Trd, 000187.100, 180
Trd, 000187.700, 155
Trd, 000188.917, 150
Trd, 000188.983, 156
Trd, 000189.433, 168
Trd, 000190.350, 174
Trd, 000191.100, 178
Trd, 000191.600, 160
Trd, 000191.783, 160
Trd, 000192.017, 181
Trd, 000192.633, 159
Trd, 000193.283, 184
Trd, 000193.617, 172
Trd, 000193.767, 181
Trd, 000196.450, 174
Trd, 000196.533, 171
Trd, 000197.100, 175
Trd, 000198.533, 172
Trd, 000198.767, 172
Trd, 000199.700, 172
Trd, 000200.183, 172
Trd, 000200.783, 173
Trd, 000201.217, 172
Trd, 000201.267, 169
Trd, 000201.483, 161
Trd, 000202.250, 166
Trd, 000202.383, 173
Trd, 000202.583, 164
Trd, 000203.983, 173
Trd, 000205.717, 165
Trd, 000206.117, 162
Trd, 000207.067, 161
Trd, 000207.350, 163
Trd, 000207.917, 162
Trd, 000208.333, 167
Trd, 000208.917, 156
Trd, 000209.150, 166
Trd, 000210.017, 162
Trd, 000210.800, 165
Trd, 000210.933, 161
Trd, 000211.000, 166
Trd, 000211.133, 166
Trd, 000211.300, 158
Trd, 000211.417, 167
Trd, 000211.733, 172
Trd, 000212.550, 165
Trd, 000214.350, 173
Trd, 000214.500, 174
Trd, 000215.017, 162
Trd, 000215.067, 160
Trd, 000215.850, 165
Trd, 000217.417, 164
Trd, 000218.250, 157
Trd, 000218.500, 165
Trd, 000218.800, 166
Trd, 000219.050, 166
Trd, 000219.900, 167
Trd, 000220.867, 163
Trd, 000220.933, 161
Trd, 000221.250, 167
Trd, 000221.267, 161
Trd, 000221.583, 167
Trd, 000221.633, 173
Trd, 000222.200, 161
Trd, 000223.467, 174
Trd, 000225.967, 178
Trd, 000225.983, 169
Trd, 000226.333, 171
Trd, 000226.617, 164
Trd, 000226.917, 173
Trd, 000227.283, 169
Trd, 000227.900, 169
Trd, 000228.000, 170
Trd, 000228.483, 168
Trd, 000229.333, 185
Trd, 000229.633, 168
Trd, 000229.733, 167
Trd, 000230.850, 172
Trd, 000231.417, 171
Trd, 000233.233, 168
Trd, 000233.267, 164
Trd, 000233.983, 170
Trd, 000234.383, 171
Trd, 000234.983, 171
Trd, 000235.850, 175
Trd, 000236.067, 183
Trd, 000236.233, 169
Trd, 000236.600, 175
Trd, 000239.400, 175
Trd, 000239.733, 175
Trd, 000240.183, 170
Trd, 000240.283, 171
Trd, 000240.700, 169
Trd, 000240.767, 174
Trd, 000240.817, 172
Trd, 000240.883, 165
Trd, 000241.733, 173
Trd, 000241.817, 165
Trd, 000241.867, 163
Trd, 000242.467, 174
Trd, 000243.250, 170
Trd, 000243.900, 166
Trd, 000244.117, 167
Trd, 000244.650, 168
Trd, 000245.450, 166
Trd, 000246.050, 165
Trd, 000246.233, 167
Trd, 000246.450, 170
Trd, 000246.683, 172
Trd, 000247.300, 161
Trd, 000247.383, 162
Trd, 000247.483, 173
Trd, 000247.850, 166
Trd, 000247.867, 163
Trd, 000248.383, 161
Trd, 000248.400, 168
Trd, 000248.733, 166
Trd, 000248.783, 180
Trd, 000249.700, 159
Trd, 000251.233, 175
Trd, 000251.633, 176
Trd, 000252.417, 175
Trd, 000252.600, 171
Trd, 000253.750, 171
Trd, 000253.800, 171
Trd, 000254.017, 169
Trd, 000254.100, 168
Trd, 000254.217, 162
Trd, 000255.033, 171
Trd, 000255.433, 172
Trd, 000255.833, 173
Trd, 000256.017, 167
Trd, 000256.667, 175
Trd, 000256.750, 177
Trd, 000257.717, 175
Trd, 000257.850, 176
Trd, 000258.100, 180
Trd, 000258.450, 188
Trd, 000258.550, 178
Trd, 000258.583, 176
Trd, 000259.083, 182
Trd, 000259.233, 180
Trd, 000260.250, 180
Trd, 000260.600, 179
Trd, 000260.983, 179
Trd, 000261.050, 177
Trd, 000262.383, 180
Trd, 000262.467, 179
Trd, 000262.783, 183
Trd, 000263.633, 181
Trd, 000264.283, 178
Trd, 000264.700, 181
Trd, 000264.900, 177
Trd, 000265.033, 182
Trd, 000265.417, 183
Trd, 000265.800, 183
Trd, 000265.817, 179
Trd, 000266.417, 183
Trd, 000266.783, 183
Trd, 000267.233, 184
Trd, 000268.250, 182
Trd, 000268.717, 180
Trd, 000268.883, 178
Trd, 000269.483, 179
Trd, 000269.833, 177
Trd, 000270.100, 173
Trd, 000270.617, 172
Trd, 000271.033, 168
Trd, 000271.150, 174
Trd, 000271.500, 173
Trd, 000271.767, 168
Trd, 000272.217, 173
Trd, 000272.317, 174
Trd, 000273.050, 175
Trd, 000273.217, 178
Trd, 000273.350, 189
Trd, 000273.533, 169
Trd, 000274.600, 173
Trd, 000275.533, 172
Trd, 000276.200, 167
Trd, 000276.633, 171
Trd, 000277.150, 169
Trd, 000277.500, 170
Trd, 000277.550, 175
Trd, 000277.683, 175
Trd, 000277.950, 176
Trd, 000278.000, 177
Trd, 000278.017, 170
Trd, 000279.233, 169
Trd, 000279.283, 169
Trd, 000279.300, 176
Trd, 000279.817, 179
Trd, 000279.900, 168
Trd, 000280.283, 171
Trd, 000281.333, 174
Trd, 000281.767, 174
Trd, 000283.133, 172
Trd, 000283.500, 173
Trd, 000283.617, 173
Trd, 000284.217, 170
Trd, 000284.383, 174
Trd, 000285.133, 164
Trd, 000285.250, 170
Trd, 000285.483, 172
Trd, 000285.617, 177
Trd, 000286.217, 169
Trd, 000286.267, 168
Trd, 000286.400, 176
Trd, 000286.983, 173
Trd, 000287.500, 178
Trd, 000288.050, 170
Trd, 000288.300, 171
Trd, 000288.667, 172
Trd, 000288.750, 164
Trd, 000289.317, 191
Trd, 000289.483, 178
Trd, 000289.833, 179
Trd, 000290.600, 172
Trd, 000290.800, 191
Trd, 000290.900, 171
Trd, 000290.983, 194
Trd, 000291.700, 165
Trd, 000291.717, 166
Trd, 000292.017, 176
Trd, 000292.550, 174
Trd, 000292.950, 175
Trd, 000293.117, 173
Trd, 000293.467, 177
Trd, 000294.150, 180
Trd, 000294.267, 180
Trd, 000295.117, 190
Trd, 000295.150, 172
Trd, 000295.483, 191
Trd, 000296.217, 172
Trd, 000296.267, 194
Trd, 000296.550, 178
Trd, 000297.300, 179
Trd, 000297.367, 181
Trd, 000297.467, 183
Trd, 000297.667, 184
Trd, 000298.183, 170
Trd, 000298.383, 182
Trd, 000299.000, 180
Trd, 000299.033, 172
Trd, 000299.383, 168
Trd, 000299.833, 183
