Trd, 000001.583, 164
Trd, 000002.383, 188
Trd, 000003.083, 159
Trd, 000003.400, 153
Trd, 000003.467, 147
Trd, 000003.733, 144
Trd, 000004.817, 146
Trd, 000005.350, 137
Trd, 000006.700, 135
Trd, 000006.867, 136
Trd, 000006.967, 138
Trd, 000007.783, 142
Trd, 000008.033, 127
Trd, 000008.867, 141
Trd, 000009.233, 163
Trd, 000009.850, 146
Trd, 000010.217, 157
Trd, 000011.550, 152
Trd, 000011.900, 151
Trd, 000012.767, 150
Trd, 000012.950, 148
Trd, 000013.000, 147
Trd, 000013.750, 147
Trd, 000014.383, 148
Trd, 000014.983, 148
Trd, 000015.617, 149
Trd, 000015.833, 147
Trd, 000015.933, 148
Trd, 000017.367, 163
Trd, 000018.700, 160
Trd, 000018.733, 155
Trd, 000018.867, 155
Trd, 000019.117, 158
Trd, 000019.433, 155
Trd, 000021.000, 157
Trd, 000021.117, 154
Trd, 000021.500, 154
Trd, 000021.667, 152
Trd, 000021.967, 152
Trd, 000022.317, 152
Trd, 000022.617, 146
Trd, 000022.850, 150
Trd, 000023.733, 122
Trd, 000023.950, 146
Trd, 000024.450, 150
Trd, 000024.467, 164
Trd, 000026.217, 147
Trd, 000028.483, 148
Trd, 000029.050, 147
Trd, 000029.333, 146
Trd, 000029.667, 149
Trd, 000030.283, 150
Trd, 000031.250, 149
Trd, 000031.583, 151
Trd, 000031.700, 150
Trd, 000033.300, 149
Trd, 000033.850, 149
Trd, 000034.183, 150
Trd, 000035.350, 149
Trd, 000035.800, 149
Trd, 000036.667, 166
Trd, 000037.617, 158
Trd, 000037.700, 160
Trd, 000039.467, 158
Trd, 000039.783, 161
Trd, 000040.067, 158
Trd, 000041.033, 158
Trd, 000041.183, 157
Trd, 000041.300, 148
Trd, 000041.550, 158
Trd, 000042.200, 145
Trd, 000042.450, 158
Trd, 000042.683, 148
Trd, 000043.283, 156
Trd, 000044.033, 149
Trd, 000044.733, 149
Trd, 000045.217, 152
Trd, 000045.833, 151
Trd, 000045.917, 152
Trd, 000046.833, 156
Trd, 000046.967, 154
Trd, 000048.500, 154
Trd, 000048.650, 152
Trd, 000048.683, 159
Trd, 000050.200, 151
Trd, 000050.450, 154
Trd, 000051.450, 153
Trd, 000052.100, 152
Trd, 000052.250, 152
Trd, 000052.367, 151
Trd, 000053.250, 151
Trd, 000054.300, 151
Trd, 000055.350, 153
Trd, 000055.450, 152
Trd, 000055.667, 142
Trd, 000056.533, 150
Trd, 000056.767, 143
Trd, 000057.167, 150
Trd, 000059.367, 142
Trd, 000059.467, 140
Trd, 000059.833, 130
Trd, 000059.950, 140
Trd, 000060.183, 141
Trd, 000061.167, 149
Trd, 000061.300, 154
Trd, 000061.900, 168
Trd, 000062.683, 157
Trd, 000064.200, 164
Trd, 000064.233, 159
Trd, 000064.967, 159
Trd, 000064.983, 156
Trd, 000066.700, 158
Trd, 000067.367, 157
Trd, 000067.517, 156
Trd, 000069.767, 158
Trd, 000070.417, 158
Trd, 000070.833, 158
Trd, 000070.867, 157
Trd, 000071.250, 156
Trd, 000071.483, 156
Trd, 000072.850, 156
Trd, 000073.500, 155
Trd, 000074.800, 154
Trd, 000074.850, 154
Trd, 000074.867, 151
Trd, 000074.933, 169
Trd, 000075.183, 148
Trd, 000075.367, 149
Trd, 000075.383, 149
Trd, 000075.767, 150
Trd, 000075.950, 150
Trd, 000076.083, 146
Trd, 000076.333, 144
Trd, 000079.050, 144
Trd, 000079.650, 143
Trd, 000080.117, 147
Trd, 000080.717, 149
Trd, 000080.983, 148
Trd, 000081.167, 154
Trd, 000081.667, 152
Trd, 000081.783, 155
Trd, 000081.800, 156
Trd, 000083.483, 160
Trd, 000084.117, 170
Trd, 000084.150, 171
Trd, 000084.783, 163
Trd, 000085.017, 162
Trd, 000085.367, 162
Trd, 000085.750, 164
Trd, 000086.233, 162
Trd, 000086.950, 173
Trd, 000087.150, 161
Trd, 000088.117, 160
Trd, 000088.667, 165
Trd, 000089.317, 161
Trd, 000089.367, 159
Trd, 000090.683, 154
Trd, 000090.917, 153
Trd, 000091.550, 150
Trd, 000092.283, 150
Trd, 000092.683, 152
Trd, 000092.850, 153
Trd, 000093.200, 153
Trd, 000093.733, 151
Trd, 000094.267, 152
Trd, 000094.633, 150
Trd, 000094.683, 146
Trd, 000096.567, 147
Trd, 000097.050, 148
Trd, 000097.283, 150
Trd, 000097.550, 153
Trd, 000100.050, 157
Trd, 000100.400, 154
Trd, 000100.550, 154
Trd, 000101.117, 155
Trd, 000101.150, 161
Trd, 000101.567, 156
Trd, 000101.850, 161
Trd, 000102.950, 164
Trd, 000103.750, 156
Trd, 000104.250, 164
Trd, 000104.583, 154
Trd, 000105.300, 158
Trd, 000105.500, 161
Trd, 000106.383, 156
Trd, 000106.717, 158
Trd, 000107.167, 156
Trd, 000107.850, 156
Trd, 000107.900, 156
Trd, 000108.050, 159
Trd, 000108.167, 156
Trd, 000108.700, 176
Trd, 000110.867, 158
Trd, 000110.967, 156
Trd, 000111.350, 162
Trd, 000111.700, 163
Trd, 000112.683, 156
Trd, 000114.550, 154
Trd, 000115.183, 156
Trd, 000115.817, 155
Trd, 000115.900, 157
Trd, 000116.017, 153
Trd, 000116.483, 157
Trd, 000116.567, 152
Trd, 000116.850, 159
Trd, 000117.850, 153
Trd, 000118.700, 155
Trd, 000119.200, 154
Trd, 000119.700, 153
Trd, 000119.817, 153
Trd, 000120.500, 153
Trd, 000120.933, 154
Trd, 000121.267, 174
Trd, 000121.817, 151
Trd, 000122.433, 173
Trd, 000122.450, 150
Trd, 000122.733, 174
Trd, 000123.250, 180
Trd, 000123.700, 180
Trd, 000124.767, 308
Trd, 000125.100, 320
Trd, 000125.317, 321
Trd, 000125.350, 324.0
Trd, 000125.500, 327.0
Trd, 000125.750, 336.0
Trd, 000126.033, 334
Trd, 000127.433, 327
Trd, 000127.683, 337.0
Trd, 000128.417, 313
Trd, 000128.683, 315
Trd, 000128.750, 326
Trd, 000130.900, 341.0
Trd, 000132.383, 341
Trd, 000132.817, 339
Trd, 000133.050, 344.0
Trd, 000133.183, 336
Trd, 000133.767, 339
Trd, 000134.233, 337.0
Trd, 000134.300, 339
Trd, 000136.867, 338
Trd, 000136.900, 336
Trd, 000137.717, 335
Trd, 000140.250, 336.0
Trd, 000140.667, 336.0
Trd, 000141.067, 335
Trd, 000141.267, 334
Trd, 000141.883, 333
Trd, 000142.467, 335
Trd, 000142.917, 336
Trd, 000143.267, 337.0
Trd, 000145.000, 339.0
Trd, 000145.933, 349
Trd, 000146.217, 341
Trd, 000147.550, 348.0
Trd, 000147.633, 346
Trd, 000147.967, 349.0
Trd, 000148.333, 344
Trd, 000149.750, 344
Trd, 000149.900, 345.0
Trd, 000150.367, 343
Trd, 000151.567, 346
Trd, 000153.100, 344
Trd, 000153.200, 348.0
Trd, 000154.117, 347
Trd, 000154.550, 345.0
Trd, 000155.067, 344.0
Trd, 000155.533, 345
Trd, 000155.983, 346
Trd, 000156.067, 340
Trd, 000156.783, 337.0
Trd, 000157.933, 337
Trd, 000158.267, 343
Trd, 000159.150, 338
Trd, 000159.633, 345
Trd, 000160.750, 347
Trd, 000161.267, 358.0
Trd, 000162.533, 344.0
Trd, 000162.567, 341
Trd, 000162.967, 337.0
Trd, 000163.600, 340
Trd, 000164.183, 337
Trd, 000164.200, 337
Trd, 000164.733, 339
Trd, 000165.133, 341.0
Trd, 000165.200, 342
Trd, 000166.100, 337.0
Trd, 000166.750, 339
Trd, 000167.350, 337.0
Trd, 000169.350, 342.0
Trd, 000169.950, 340.0
Trd, 000171.033, 340
Trd, 000172.000, 341.0
Trd, 000172.033, 348.0
Trd, 000172.317, 345
Trd, 000172.600, 347
Trd, 000172.650, 344
Trd, 000174.217, 344
Trd, 000175.100, 344.0
Trd, 000175.350, 341
Trd, 000175.917, 344
Trd, 000177.433, 343
Trd, 000178.633, 337.0
Trd, 000179.200, 338
Trd, 000180.167, 340
Trd, 000180.200, 347
Trd, 000180.517, 338
Trd, 000181.317, 344
Trd, 000181.967, 341.0
Trd, 000182.283, 340
Trd, 000182.650, 337.0
Trd, 000183.067, 324.0
Trd, 000184.200, 326
Trd, 000184.367, 317.0
Trd, 000184.867, 298
Trd, 000185.083, 211
Trd, 000185.717, 183
Trd, 000185.883, 188
Trd, 000186.133, 182
Trd, 000186.233, 181
Trd, 000188.533, 170
Trd, 000188.633, 171
Trd, 000188.950, 168
Trd, 000189.133, 170
Trd, 000189.600, 165
Trd, 000190.450, 168
Trd, 000191.183, 171
Trd, 000192.033, 168
Trd, 000192.350, 170
Trd, 000192.367, 167
Trd, 000193.383, 169
Trd, 000194.567, 167
Trd, 000194.967, 167
Trd, 000195.250, 166
Trd, 000195.883, 165
Trd, 000196.017, 162
Trd, 000196.567, 180
Trd, 000196.633, 168
Trd, 000196.700, 165
Trd, 000198.883, 179
Trd, 000199.200, 166
Trd, 000199.267, 180
Trd, 000199.533, 180
Trd, 000201.000, 170
Trd, 000202.467, 171
Trd, 000202.950, 171
Trd, 000203.633, 173
Trd, 000204.150, 171
Trd, 000204.467, 171
Trd, 000205.100, 170
Trd, 000206.167, 171
Trd, 000206.817, 165
Trd, 000207.000, 158
Trd, 000207.233, 156
Trd, 000207.517, 157
Trd, 000207.533, 169
Trd, 000208.300, 158
Trd, 000209.200, 163
Trd, 000209.783, 160
Trd, 000209.867, 162
Trd, 000210.783, 160
Trd, 000212.083, 162
Trd, 000214.617, 162
Trd, 000215.000, 162
Trd, 000215.033, 161
Trd, 000215.183, 162
Trd, 000215.267, 160
Trd, 000216.283, 161
Trd, 000216.450, 161
Trd, 000216.917, 183
Trd, 000217.200, 184
Trd, 000218.283, 172
Trd, 000219.083, 171
Trd, 000220.483, 172
Trd, 000221.500, 173
Trd, 000221.917, 170
Trd, 000223.267, 168
Trd, 000223.583, 159
Trd, 000224.083, 166
Trd, 000225.367, 162
Trd, 000225.900, 163
Trd, 000226.150, 166
Trd, 000227.017, 161
Trd, 000227.450, 162
Trd, 000227.550, 165
Trd, 000228.533, 164
Trd, 000229.683, 164
Trd, 000229.933, 167
Trd, 000230.350, 166
Trd, 000230.400, 165
Trd, 000231.267, 165
Trd, 000231.667, 167
Trd, 000232.917, 185
Trd, 000233.867, 167
Trd, 000234.017, 168
Trd, 000234.033, 166
Trd, 000234.350, 171
Trd, 000234.367, 165
Trd, 000235.017, 172
Trd, 000235.217, 164
Trd, 000236.083, 172
Trd, 000237.133, 168
Trd, 000237.217, 167
Trd, 000237.867, 167
Trd, 000237.933, 170
Trd, 000238.300, 170
Trd, 000238.767, 165
Trd, 000239.450, 161
Trd, 000239.817, 163
Trd, 000240.200, 170
Trd, 000240.500, 168
Trd, 000241.267, 166
Trd, 000241.500, 167
Trd, 000242.033, 168
Trd, 000242.567, 172
Trd, 000243.017, 175
Trd, 000243.133, 177
Trd, 000243.550, 186
Trd, 000244.250, 171
Trd, 000244.917, 174
Trd, 000245.200, 172
Trd, 000245.450, 172
Trd, 000245.667, 187
Trd, 000246.333, 176
Trd, 000246.700, 176
Trd, 000247.150, 176
Trd, 000247.200, 174
Trd, 000247.333, 173
Trd, 000247.767, 175
Trd, 000248.067, 173
Trd, 000248.533, 172
Trd, 000249.633, 180
Trd, 000249.817, 181
Trd, 000249.967, 178
Trd, 000251.200, 184
Trd, 000251.767, 183
Trd, 000252.100, 183
Trd, 000252.317, 183
Trd, 000252.350, 182
Trd, 000253.017, 181
Trd, 000253.167, 180
Trd, 000254.600, 179
Trd, 000254.900, 178
Trd, 000255.700, 179
Trd, 000255.717, 180
Trd, 000255.900, 182
Trd, 000256.683, 187
Trd, 000256.883, 185
Trd, 000258.083, 191
Trd, 000258.333, 192
Trd, 000258.500, 189
Trd, 000259.033, 192
Trd, 000259.067, 188
Trd, 000260.067, 192
Trd, 000260.200, 189
Trd, 000260.383, 189
Trd, 000261.067, 192
Trd, 000261.650, 191
Trd, 000261.700, 192
Trd, 000261.950, 189
Trd, 000262.217, 188
Trd, 000262.267, 184
Trd, 000263.167, 186
Trd, 000263.950, 183
Trd, 000264.600, 187
Trd, 000265.050, 181
Trd, 000265.517, 181
Trd, 000265.633, 180
Trd, 000265.683, 179
Trd, 000265.933, 178
Trd, 000266.283, 178
Trd, 000267.483, 176
Trd, 000267.500, 176
Trd, 000267.700, 176
Trd, 000268.000, 176
Trd, 000268.033, 173
Trd, 000268.583, 176
Trd, 000269.217, 174
Trd, 000269.667, 178
Trd, 000270.067, 177
Trd, 000271.000, 175
Trd, 000271.100, 187
Trd, 000271.250, 187
Trd, 000271.917, 185
Trd, 000272.200, 184
Trd, 000273.367, 185
Trd, 000273.517, 185
Trd, 000273.617, 189
Trd, 000273.767, 181
Trd, 000274.750, 185
Trd, 000275.600, 189
Trd, 000275.667, 190
Trd, 000275.917, 183
Trd, 000276.433, 188
Trd, 000276.450, 184
Trd, 000277.083, 185
Trd, 000277.883, 185
Trd, 000278.250, 186
Trd, 000278.383, 187
Trd, 000278.483, 184
Trd, 000279.017, 186
Trd, 000279.250, 185
Trd, 000279.467, 185
Trd, 000279.700, 184
Trd, 000279.783, 190
Trd, 000280.183, 193
Trd, 000280.583, 186
Trd, 000280.783, 182
Trd, 000281.233, 172
Trd, 000282.733, 180
Trd, 000282.750, 177
Trd, 000282.917, 176
Trd, 000283.300, 176
Trd, 000283.750, 173
Trd, 000283.883, 179
Trd, 000284.750, 175
Trd, 000284.767, 176
Trd, 000284.967, 179
Trd, 000286.250, 174
Trd, 000287.483, 177
Trd, 000287.650, 178
Trd, 000288.083, 175
Trd, 000288.400, 178
Trd, 000288.583, 179
Trd, 000288.900, 175
Trd, 000289.433, 189
Trd, 000290.283, 184
Trd, 000290.467, 189
Trd, 000291.083, 191
Trd, 000291.583, 184
Trd, 000291.667, 181
Trd, 000292.383, 187
Trd, 000292.417, 184
Trd, 000292.567, 189
Trd, 000293.333, 185
Trd, 000293.450, 183
Trd, 000294.100, 186
Trd, 000294.850, 185
Trd, 000295.600, 186
Trd, 000295.950, 187
Trd, 000296.033, 183
Trd, 000296.317, 182
Trd, 000297.500, 173
Trd, 000297.583, 186
Trd, 000298.050, 185
Trd, 000298.500, 184
Trd, 000298.650, 167
Trd, 000298.967, 186
Trd, 000299.333, 179
Trd, 000299.417, 157
Trd, 000299.783, 187
