Trd, 000002.033, 144
Trd, 000003.033, 144
Trd, 000004.067, 142
Trd, 000004.233, 141
Trd, 000004.617, 141
Trd, 000004.933, 142
Trd, 000005.367, 142
Trd, 000006.183, 141
Trd, 000006.300, 143
Trd, 000006.800, 148
Trd, 000007.183, 144
Trd, 000008.000, 156
Trd, 000008.067, 146
Trd, 000009.317, 153
Trd, 000010.350, 149
Trd, 000010.700, 148
Trd, 000011.133, 145
Trd, 000011.283, 145
Trd, 000011.967, 145
Trd, 000012.133, 145
Trd, 000012.650, 145
Trd, 000013.300, 144
Trd, 000013.350, 145
Trd, 000013.367, 146
Trd, 000014.033, 143
Trd, 000014.983, 149
Trd, 000015.883, 158
Trd, 000017.217, 157
Trd, 000017.483, 156
Trd, 000017.517, 154
Trd, 000018.683, 153
Trd, 000018.933, 154
Trd, 000019.983, 154
Trd, 000020.250, 155
Trd, 000020.583, 158
Trd, 000021.967, 159
Trd, 000022.400, 169
Trd, 000022.550, 159
Trd, 000022.733, 157
Trd, 000022.833, 161
Trd, 000024.433, 160
Trd, 000024.617, 160
Trd, 000025.117, 160
Trd, 000025.633, 160
Trd, 000026.033, 161
Trd, 000026.500, 163
Trd, 000026.783, 164
Trd, 000026.933, 159
Trd, 000027.283, 159
Trd, 000028.317, 160
Trd, 000028.350, 159
Trd, 000030.300, 157
Trd, 000030.950, 160
Trd, 000031.650, 158
Trd, 000032.333, 155
Trd, 000032.883, 154
Trd, 000033.583, 156
Trd, 000034.533, 158
Trd, 000034.800, 156
Trd, 000034.867, 155
Trd, 000036.383, 155
Trd, 000036.700, 154
Trd, 000037.467, 155
Trd, 000038.083, 155
Trd, 000038.400, 156
Trd, 000038.450, 156
Trd, 000038.567, 156
Trd, 000039.417, 158
Trd, 000039.633, 155
Trd, 000040.400, 159
Trd, 000041.383, 158
Trd, 000041.967, 159
Trd, 000042.650, 161
Trd, 000043.050, 155
Trd, 000043.183, 162
Trd, 000045.217, 157
Trd, 000045.800, 156
Trd, 000046.883, 156
Trd, 000047.517, 155
Trd, 000048.317, 156
Trd, 000048.683, 155
Trd, 000048.717, 156
Trd, 000049.133, 154
Trd, 000049.317, 152
Trd, 000050.267, 154
Trd, 000050.633, 154
Trd, 000051.700, 152
Trd, 000053.850, 159
Trd, 000054.700, 157
Trd, 000055.033, 156
Trd, 000055.133, 157
Trd, 000055.317, 156
Trd, 000055.767, 163
Trd, 000056.600, 159
Trd, 000056.717, 157
Trd, 000057.400, 159
Trd, 000057.683, 156
Trd, 000058.100, 157
Trd, 000058.750, 161
Trd, 000059.800, 158
Trd, 000060.250, 156
Trd, 000060.833, 155
Trd, 000061.183, 155
Trd, 000061.733, 164
Trd, 000062.600, 156
Trd, 000063.700, 155
Trd, 000064.233, 155
Trd, 000064.517, 158
Trd, 000065.433, 154
Trd, 000065.983, 158
Trd, 000066.383, 155
Trd, 000066.533, 157
Trd, 000067.467, 158
Trd, 000067.517, 159
Trd, 000067.667, 155
Trd, 000068.117, 162
Trd, 000070.750, 159
Trd, 000070.917, 158
Trd, 000071.150, 159
Trd, 000072.133, 159
Trd, 000072.583, 157
Trd, 000072.833, 158
Trd, 000072.950, 159
Trd, 000073.933, 162
Trd, 000074.433, 158
Trd, 000075.433, 161
Trd, 000075.600, 162
Trd, 000077.100, 163
Trd, 000077.217, 162
Trd, 000077.500, 162
Trd, 000077.900, 163
Trd, 000077.950, 163
Trd, 000078.683, 163
Trd, 000079.883, 165
Trd, 000080.100, 165
Trd, 000080.567, 164
Trd, 000081.783, 163
Trd, 000082.200, 161
Trd, 000082.333, 162
Trd, 000083.200, 158
Trd, 000083.517, 160
Trd, 000085.167, 161
Trd, 000085.600, 160
Trd, 000085.700, 159
Trd, 000086.200, 161
Trd, 000087.900, 158
Trd, 000089.250, 159
Trd, 000089.400, 157
Trd, 000089.867, 160
Trd, 000090.183, 160
Trd, 000091.000, 160
Trd, 000092.200, 157
Trd, 000093.717, 156
Trd, 000093.783, 156
Trd, 000094.183, 155
Trd, 000094.533, 154
Trd, 000095.133, 154
Trd, 000095.667, 154
Trd, 000096.250, 157
Trd, 000096.983, 157
Trd, 000097.350, 158
Trd, 000099.350, 162
Trd, 000099.667, 163
Trd, 000100.017, 163
Trd, 000100.767, 163
Trd, 000101.483, 162
Trd, 000103.283, 160
Trd, 000103.600, 158
Trd, 000103.817, 160
Trd, 000104.483, 158
Trd, 000104.700, 161
Trd, 000105.467, 160
Trd, 000105.833, 159
Trd, 000106.150, 159
Trd, 000106.517, 159
Trd, 000106.833, 159
Trd, 000107.183, 159
Trd, 000107.483, 158
Trd, 000107.900, 165
Trd, 000108.417, 172
Trd, 000108.750, 168
Trd, 000109.550, 163
Trd, 000110.167, 165
Trd, 000110.200, 164
Trd, 000112.217, 163
Trd, 000113.000, 165
Trd, 000113.317, 163
Trd, 000113.817, 162
Trd, 000114.550, 155
Trd, 000114.767, 157
Trd, 000115.000, 165
Trd, 000116.883, 160
Trd, 000116.900, 158
Trd, 000117.017, 161
Trd, 000118.250, 160
Trd, 000118.300, 162
Trd, 000119.300, 162
Trd, 000119.533, 161
Trd, 000119.850, 159
Trd, 000120.367, 161
Trd, 000121.433, 163
Trd, 000121.550, 167
Trd, 000122.717, 170
Trd, 000123.183, 170
Trd, 000123.350, 174
Trd, 000123.567, 208
Trd, 000123.583, 246
Trd, 000123.700, 184
Trd, 000124.650, 300.0
Trd, 000125.017, 337.0
Trd, 000125.633, 344.0
Trd, 000126.483, 344.0
Trd, 000126.517, 346.0
Trd, 000126.667, 348.0
Trd, 000126.967, 349
Trd, 000127.383, 342.0
Trd, 000128.733, 344.0
Trd, 000129.733, 348
Trd, 000130.683, 348
Trd, 000130.900, 349
Trd, 000131.950, 355.0
Trd, 000133.067, 351
Trd, 000133.183, 350
Trd, 000136.500, 349
Trd, 000137.150, 349
Trd, 000137.950, 353
Trd, 000140.183, 353
Trd, 000141.017, 354
Trd, 000141.167, 355.0
Trd, 000141.333, 353
Trd, 000141.667, 351
Trd, 000142.150, 350
Trd, 000142.433, 351
Trd, 000143.467, 355.0
Trd, 000143.817, 351
Trd, 000144.633, 357
Trd, 000145.267, 348
Trd, 000145.517, 347
Trd, 000147.050, 351
Trd, 000147.717, 351
Trd, 000149.050, 349
Trd, 000149.150, 346.0
Trd, 000150.050, 348
Trd, 000150.183, 347
Trd, 000150.317, 344.0
Trd, 000152.350, 346.0
Trd, 000152.850, 344
Trd, 000152.967, 343.0
Trd, 000153.683, 342
Trd, 000153.850, 341.0
Trd, 000153.883, 344.0
Trd, 000154.017, 346
Trd, 000154.700, 347
Trd, 000156.117, 346.0
Trd, 000156.450, 347
Trd, 000157.250, 348
Trd, 000157.467, 355.0
Trd, 000158.350, 358
Trd, 000160.150, 353
Trd, 000161.350, 348
Trd, 000161.533, 346
Trd, 000162.483, 346
Trd, 000163.150, 346
Trd, 000163.167, 345
Trd, 000164.017, 345
Trd, 000164.283, 347
Trd, 000164.950, 344
Trd, 000165.017, 345
Trd, 000165.267, 347
Trd, 000166.700, 345.0
Trd, 000166.750, 349
Trd, 000168.133, 347
Trd, 000168.417, 349.0
Trd, 000168.717, 346.0
Trd, 000169.650, 350.0
Trd, 000170.967, 346.0
Trd, 000171.783, 348
Trd, 000172.033, 347
Trd, 000172.833, 348.0
Trd, 000173.500, 346
Trd, 000173.900, 354.0
Trd, 000173.933, 346
Trd, 000174.417, 344
Trd, 000174.933, 353
Trd, 000177.800, 352
Trd, 000178.717, 350
Trd, 000178.883, 350
Trd, 000179.167, 351
Trd, 000179.950, 348
Trd, 000180.150, 349
Trd, 000180.233, 352
Trd, 000180.367, 344
Trd, 000181.300, 345.0
Trd, 000181.333, 344.0
Trd, 000181.667, 337.0
Trd, 000182.350, 331
Trd, 000182.633, 323
Trd, 000183.783, 313.0
Trd, 000184.067, 299
Trd, 000184.867, 294
Trd, 000185.050, 211
Trd, 000185.183, 180
Trd, 000185.867, 173
Trd, 000187.017, 161
Trd, 000187.433, 161
Trd, 000187.617, 163
Trd, 000187.900, 167
Trd, 000190.650, 170
Trd, 000191.217, 171
Trd, 000191.683, 171
Trd, 000191.783, 170
Trd, 000192.667, 170
Trd, 000194.033, 169
Trd, 000194.250, 169
Trd, 000195.833, 170
Trd, 000195.850, 171
Trd, 000195.900, 171
Trd, 000195.967, 174
Trd, 000197.583, 170
Trd, 000198.683, 173
Trd, 000199.900, 172
Trd, 000200.067, 172
Trd, 000200.617, 172
Trd, 000200.633, 171
Trd, 000201.300, 175
Trd, 000202.700, 167
Trd, 000203.617, 166
Trd, 000204.033, 167
Trd, 000205.050, 167
Trd, 000205.317, 168
Trd, 000205.450, 168
Trd, 000206.367, 168
Trd, 000206.533, 170
Trd, 000206.800, 169
Trd, 000207.083, 168
Trd, 000208.133, 168
Trd, 000209.367, 168
Trd, 000209.600, 166
Trd, 000211.067, 166
Trd, 000211.433, 169
Trd, 000211.767, 169
Trd, 000211.967, 165
Trd, 000212.433, 176
Trd, 000213.900, 168
Trd, 000214.533, 168
Trd, 000214.667, 169
Trd, 000215.517, 167
Trd, 000215.667, 169
Trd, 000217.317, 168
Trd, 000217.450, 169
Trd, 000219.033, 165
Trd, 000219.067, 165
Trd, 000219.150, 164
Trd, 000219.883, 170
Trd, 000220.967, 166
Trd, 000221.133, 170
Trd, 000222.950, 174
Trd, 000223.567, 176
Trd, 000224.000, 178
Trd, 000224.150, 180
Trd, 000224.417, 174
Trd, 000225.000, 173
Trd, 000226.500, 170
Trd, 000226.517, 171
Trd, 000227.317, 171
Trd, 000228.150, 171
Trd, 000228.500, 171
Trd, 000228.633, 170
Trd, 000228.750, 176
Trd, 000228.783, 177
Trd, 000229.183, 167
Trd, 000230.067, 183
Trd, 000230.433, 184
Trd, 000230.533, 174
Trd, 000232.900, 177
Trd, 000233.267, 176
Trd, 000233.467, 176
Trd, 000234.617, 170
Trd, 000235.117, 176
Trd, 000235.833, 174
Trd, 000237.533, 173
Trd, 000237.633, 174
Trd, 000239.183, 174
Trd, 000239.317, 175
Trd, 000239.383, 179
Trd, 000240.367, 178
Trd, 000240.433, 177
Trd, 000240.750, 176
Trd, 000240.767, 177
Trd, 000241.817, 182
Trd, 000241.967, 183
Trd, 000242.467, 182
Trd, 000242.533, 183
Trd, 000243.033, 183
Trd, 000243.550, 181
Trd, 000243.583, 179
Trd, 000244.050, 181
Trd, 000244.617, 180
Trd, 000246.317, 175
Trd, 000246.400, 175
Trd, 000246.867, 172
Trd, 000247.267, 171
Trd, 000248.267, 173
Trd, 000249.183, 172
Trd, 000249.867, 173
Trd, 000250.367, 171
Trd, 000250.650, 173
Trd, 000250.850, 175
Trd, 000251.450, 173
Trd, 000251.867, 174
Trd, 000252.100, 173
Trd, 000253.233, 175
Trd, 000253.633, 176
Trd, 000253.817, 176
Trd, 000254.433, 173
Trd, 000254.567, 170
Trd, 000254.767, 169
Trd, 000255.167, 166
Trd, 000255.283, 169
Trd, 000255.667, 170
Trd, 000255.983, 171
Trd, 000256.283, 170
Trd, 000257.233, 171
Trd, 000257.283, 173
Trd, 000258.250, 176
Trd, 000258.567, 177
Trd, 000258.633, 178
Trd, 000260.133, 179
Trd, 000260.667, 179
Trd, 000261.367, 179
Trd, 000261.983, 177
Trd, 000262.450, 176
Trd, 000263.350, 179
Trd, 000263.400, 178
Trd, 000263.567, 180
Trd, 000264.733, 175
Trd, 000264.850, 174
Trd, 000264.950, 179
Trd, 000265.700, 178
Trd, 000265.883, 180
Trd, 000266.067, 180
Trd, 000266.217, 178
Trd, 000266.467, 173
Trd, 000267.500, 173
Trd, 000267.717, 170
Trd, 000267.733, 170
Trd, 000267.850, 173
Trd, 000268.283, 173
Trd, 000268.733, 174
Trd, 000269.400, 173
Trd, 000269.750, 174
Trd, 000270.167, 176
Trd, 000270.400, 172
Trd, 000270.600, 177
Trd, 000273.050, 173
Trd, 000273.150, 174
Trd, 000273.400, 172
Trd, 000274.533, 173
Trd, 000274.850, 171
Trd, 000274.983, 173
Trd, 000275.233, 181
Trd, 000276.017, 178
Trd, 000276.400, 183
Trd, 000276.450, 183
Trd, 000277.133, 183
Trd, 000277.233, 186
Trd, 000277.500, 184
Trd, 000277.583, 189
Trd, 000277.883, 185
Trd, 000279.183, 184
Trd, 000279.267, 187
Trd, 000279.517, 177
Trd, 000281.767, 184
Trd, 000282.267, 183
Trd, 000282.467, 182
Trd, 000283.167, 182
Trd, 000283.217, 183
Trd, 000283.250, 182
Trd, 000283.533, 183
Trd, 000284.400, 175
Trd, 000284.967, 184
Trd, 000285.350, 185
Trd, 000285.450, 183
Trd, 000285.517, 179
Trd, 000285.783, 182
Trd, 000286.533, 186
Trd, 000287.917, 179
Trd, 000288.683, 179
Trd, 000288.717, 178
Trd, 000288.733, 177
Trd, 000289.100, 180
Trd, 000289.833, 178
Trd, 000290.533, 179
Trd, 000290.767, 174
Trd, 000291.000, 177
Trd, 000291.850, 175
Trd, 000292.833, 176
Trd, 000293.417, 176
Trd, 000293.817, 173
Trd, 000293.933, 176
Trd, 000295.117, 183
Trd, 000295.783, 177
Trd, 000296.367, 181
Trd, 000296.583, 182
Trd, 000296.750, 178
Trd, 000297.233, 177
Trd, 000298.183, 178
Trd, 000298.383, 180
Trd, 000298.667, 180
Trd, 000299.267, 180
Trd, 000299.367, 181
Trd, 000299.617, 179
