Trd, 000001.417, 170
Trd, 000002.017, 128
Trd, 000002.233, 147
Trd, 000003.617, 147
Trd, 000004.867, 143
Trd, 000004.967, 145
Trd, 000005.533, 143
Trd, 000005.650, 143
Trd, 000006.200, 142
Trd, 000007.000, 152
Trd, 000007.417, 167
Trd, 000007.917, 160
Trd, 000008.617, 168
Trd, 000010.683, 158
Trd, 000010.750, 157
Trd, 000011.133, 157
Trd, 000012.800, 167
Trd, 000013.717, 166
Trd, 000013.817, 166
Trd, 000013.933, 168
Trd, 000014.150, 164
Trd, 000014.833, 163
Trd, 000014.850, 168
Trd, 000015.467, 168
Trd, 000015.533, 169
Trd, 000015.600, 152
Trd, 000016.767, 165
Trd, 000018.583, 166
Trd, 000019.200, 160
Trd, 000020.500, 159
Trd, 000021.100, 157
Trd, 000021.200, 158
Trd, 000021.533, 156
Trd, 000021.600, 156
Trd, 000022.367, 157
Trd, 000022.567, 156
Trd, 000023.617, 153
Trd, 000024.050, 153
Trd, 000024.583, 153
Trd, 000025.250, 156
Trd, 000025.300, 153
Trd, 000026.583, 158
Trd, 000028.250, 157
Trd, 000028.400, 158
Trd, 000029.250, 156
Trd, 000029.417, 156
Trd, 000029.667, 156
Trd, 000031.350, 158
Trd, 000031.667, 156
Trd, 000032.867, 155
Trd, 000032.883, 154
Trd, 000035.133, 162
Trd, 000036.033, 166
Trd, 000036.067, 165
Trd, 000036.533, 165
Trd, 000037.817, 166
Trd, 000038.000, 165
Trd, 000039.150, 169
Trd, 000039.450, 172
Trd, 000040.350, 166
Trd, 000040.650, 178
Trd, 000041.083, 158
Trd, 000041.933, 159
Trd, 000042.183, 155
Trd, 000042.717, 176
Trd, 000042.950, 176
Trd, 000044.633, 162
Trd, 000045.567, 166
Trd, 000045.783, 164
Trd, 000046.233, 166
Trd, 000046.550, 161
Trd, 000047.033, 161
Trd, 000048.483, 161
Trd, 000048.650, 161
Trd, 000049.333, 162
Trd, 000049.350, 164
Trd, 000049.383, 156
Trd, 000050.550, 158
Trd, 000051.483, 163
Trd, 000052.283, 163
Trd, 000052.983, 172
Trd, 000054.000, 164
Trd, 000054.650, 164
Trd, 000055.967, 164
Trd, 000056.400, 163
Trd, 000056.567, 164
Trd, 000056.650, 163
Trd, 000057.517, 162
Trd, 000059.100, 162
Trd, 000059.283, 163
Trd, 000059.733, 179
Trd, 000059.783, 180
Trd, 000060.400, 163
Trd, 000060.667, 164
Trd, 000060.917, 162
Trd, 000061.517, 157
Trd, 000063.500, 167
Trd, 000063.767, 165
Trd, 000064.100, 166
Trd, 000064.300, 164
Trd, 000064.750, 164
Trd, 000065.750, 165
Trd, 000066.850, 165
Trd, 000067.583, 160
Trd, 000067.650, 164
Trd, 000067.783, 158
Trd, 000068.283, 163
Trd, 000068.450, 161
Trd, 000068.550, 157
Trd, 000068.650, 149
Trd, 000069.500, 148
Trd, 000069.567, 149
Trd, 000069.700, 151
Trd, 000070.467, 151
Trd, 000071.583, 155
Trd, 000072.750, 157
Trd, 000072.817, 155
Trd, 000073.067, 156
Trd, 000073.100, 157
Trd, 000073.550, 157
Trd, 000074.050, 158
Trd, 000075.650, 157
Trd, 000077.033, 158
Trd, 000077.750, 159
Trd, 000078.750, 165
Trd, 000078.783, 172
Trd, 000079.067, 165
Trd, 000079.217, 172
Trd, 000082.350, 171
Trd, 000082.833, 171
Trd, 000082.967, 176
Trd, 000083.633, 160
Trd, 000083.883, 161
Trd, 000084.100, 168
Trd, 000084.300, 159
Trd, 000084.667, 166
Trd, 000084.767, 163
Trd, 000085.567, 159
Trd, 000086.183, 174
Trd, 000086.950, 165
Trd, 000090.350, 170
Trd, 000090.617, 174
Trd, 000090.733, 170
Trd, 000091.167, 170
Trd, 000091.567, 170
Trd, 000092.917, 172
Trd, 000093.667, 171
Trd, 000093.817, 157
Trd, 000094.567, 168
Trd, 000094.617, 166
Trd, 000095.017, 170
Trd, 000095.833, 160
Trd, 000096.367, 164
Trd, 000096.417, 157
Trd, 000097.233, 167
Trd, 000097.983, 162
Trd, 000098.767, 161
Trd, 000099.367, 160
Trd, 000100.100, 159
Trd, 000100.333, 163
Trd, 000102.600, 160
Trd, 000102.817, 159
Trd, 000103.217, 158
Trd, 000103.617, 160
Trd, 000103.917, 176
Trd, 000104.383, 170
Trd, 000105.767, 160
Trd, 000106.017, 161
Trd, 000106.583, 160
Trd, 000107.167, 161
Trd, 000107.433, 162
Trd, 000107.950, 184
Trd, 000108.100, 161
Trd, 000108.550, 168
Trd, 000108.600, 167
Trd, 000109.550, 167
Trd, 000110.417, 168
Trd, 000111.367, 169
Trd, 000111.983, 168
Trd, 000112.467, 168
Trd, 000112.817, 159
Trd, 000113.367, 162
Trd, 000114.017, 159
Trd, 000114.550, 166
Trd, 000115.133, 164
Trd, 000115.517, 163
Trd, 000115.550, 162
Trd, 000116.383, 156
Trd, 000116.600, 159
Trd, 000117.950, 157
Trd, 000118.483, 156
Trd, 000118.750, 154
Trd, 000118.850, 155
Trd, 000119.383, 156
Trd, 000119.433, 155
Trd, 000119.767, 155
Trd, 000120.117, 156
Trd, 000120.733, 158
Trd, 000120.800, 163
Trd, 000122.033, 167
Trd, 000122.183, 185
Trd, 000122.867, 198
Trd, 000123.083, 208
Trd, 000123.233, 227
Trd, 000123.517, 207
Trd, 000123.983, 285
Trd, 000124.800, 315
Trd, 000125.200, 316
Trd, 000125.417, 317.0
Trd, 000126.217, 324.0
Trd, 000126.850, 331.0
Trd, 000126.950, 324.0
Trd, 000127.000, 337.0
Trd, 000127.283, 323
Trd, 000128.550, 336
Trd, 000130.117, 336
Trd, 000130.383, 337.0
Trd, 000131.000, 347
Trd, 000131.900, 351.0
Trd, 000132.383, 350.0
Trd, 000133.150, 350
Trd, 000133.617, 350
Trd, 000133.817, 348.0
Trd, 000134.467, 351
Trd, 000135.250, 350.0
Trd, 000135.400, 349
Trd, 000136.017, 351.0
Trd, 000136.617, 345
Trd, 000136.850, 342
Trd, 000137.700, 351
Trd, 000137.950, 342.0
Trd, 000138.250, 351.0
Trd, 000138.467, 355
Trd, 000139.683, 344.0
Trd, 000140.617, 350
Trd, 000140.933, 349
Trd, 000141.500, 349
Trd, 000141.667, 351
Trd, 000142.000, 348
Trd, 000142.467, 348.0
Trd, 000142.767, 362
Trd, 000143.500, 351
Trd, 000143.967, 362
Trd, 000144.383, 351.0
Trd, 000144.550, 349
Trd, 000144.733, 345
Trd, 000147.583, 354
Trd, 000148.617, 350
Trd, 000148.667, 351.0
Trd, 000148.883, 349.0
Trd, 000148.967, 351
Trd, 000149.017, 348.0
Trd, 000149.250, 349
Trd, 000150.933, 352
Trd, 000151.600, 353
Trd, 000151.817, 354
Trd, 000152.667, 353
Trd, 000152.767, 350
Trd, 000153.117, 355
Trd, 000153.950, 347
Trd, 000154.733, 349.0
Trd, 000155.000, 348
Trd, 000155.067, 348.0
Trd, 000155.350, 351.0
Trd, 000156.833, 349
Trd, 000157.283, 349
Trd, 000158.100, 338.0
Trd, 000159.033, 349.0
Trd, 000160.150, 342
Trd, 000160.350, 343
Trd, 000160.417, 349.0
Trd, 000161.267, 350.0
Trd, 000161.917, 342
Trd, 000162.583, 350.0
Trd, 000163.217, 343
Trd, 000163.367, 343
Trd, 000163.750, 351.0
Trd, 000163.800, 352
Trd, 000165.367, 349
Trd, 000166.467, 350.0
Trd, 000166.867, 348.0
Trd, 000167.667, 350.0
Trd, 000168.333, 347
Trd, 000169.317, 345
Trd, 000169.367, 343
Trd, 000169.567, 341.0
Trd, 000171.150, 343
Trd, 000171.417, 342
Trd, 000171.817, 343
Trd, 000172.383, 346
Trd, 000172.817, 354
Trd, 000173.217, 355
Trd, 000173.367, 351.0
Trd, 000173.717, 367
Trd, 000174.717, 356
Trd, 000175.333, 353
Trd, 000175.700, 351
Trd, 000176.067, 359
Trd, 000177.283, 350.0
Trd, 000177.917, 350
Trd, 000178.633, 351.0
Trd, 000179.117, 352
Trd, 000179.750, 351.0
Trd, 000180.017, 350
Trd, 000180.433, 350.0
Trd, 000180.600, 348.0
Trd, 000181.600, 347
Trd, 000181.717, 345
Trd, 000181.767, 344
Trd, 000181.950, 342
Trd, 000182.367, 348
Trd, 000182.467, 342.0
Trd, 000182.900, 341.0
Trd, 000183.217, 337.0
Trd, 000183.333, 299
Trd, 000184.533, 200
Trd, 000184.867, 193
Trd, 000185.200, 184
Trd, 000186.217, 185
Trd, 000186.333, 181
Trd, 000187.117, 194
Trd, 000187.733, 198
Trd, 000188.000, 184
Trd, 000189.000, 183
Trd, 000189.833, 189
Trd, 000190.450, 181
Trd, 000190.917, 170
Trd, 000191.467, 175
Trd, 000192.633, 177
Trd, 000192.700, 172
Trd, 000193.283, 176
Trd, 000194.483, 174
Trd, 000194.967, 173
Trd, 000195.083, 173
Trd, 000195.633, 175
Trd, 000196.450, 186
Trd, 000196.900, 174
Trd, 000198.183, 178
Trd, 000199.133, 176
Trd, 000199.250, 176
Trd, 000199.933, 175
Trd, 000200.450, 176
Trd, 000201.417, 174
Trd, 000202.000, 173
Trd, 000203.167, 171
Trd, 000203.567, 172
Trd, 000203.733, 185
Trd, 000203.750, 171
Trd, 000203.850, 189
Trd, 000205.433, 173
Trd, 000206.533, 178
Trd, 000206.633, 176
Trd, 000206.733, 175
Trd, 000206.967, 175
Trd, 000207.183, 171
Trd, 000208.767, 177
Trd, 000209.750, 176
Trd, 000210.683, 178
Trd, 000211.983, 196
Trd, 000212.350, 189
Trd, 000212.550, 196
Trd, 000212.950, 188
Trd, 000213.867, 190
Trd, 000214.083, 188
Trd, 000214.717, 189
Trd, 000215.167, 188
Trd, 000215.400, 184
Trd, 000216.150, 173
Trd, 000217.533, 182
Trd, 000217.733, 183
Trd, 000218.133, 187
Trd, 000218.217, 183
Trd, 000219.017, 191
Trd, 000219.817, 182
Trd, 000220.850, 187
Trd, 000221.550, 187
Trd, 000221.883, 186
Trd, 000221.983, 185
Trd, 000222.450, 173
Trd, 000224.283, 170
Trd, 000224.567, 170
Trd, 000224.717, 170
Trd, 000224.933, 159
Trd, 000225.850, 169
Trd, 000226.000, 169
Trd, 000227.783, 188
Trd, 000228.283, 180
Trd, 000229.000, 186
Trd, 000229.483, 177
Trd, 000229.633, 189
Trd, 000231.133, 180
Trd, 000231.167, 180
Trd, 000231.183, 188
Trd, 000231.333, 179
Trd, 000231.583, 179
Trd, 000233.267, 178
Trd, 000234.183, 177
Trd, 000234.500, 176
Trd, 000235.100, 176
Trd, 000236.000, 176
Trd, 000237.233, 175
Trd, 000237.250, 175
Trd, 000238.117, 175
Trd, 000238.150, 174
Trd, 000238.233, 175
Trd, 000239.017, 181
Trd, 000239.983, 178
Trd, 000241.000, 178
Trd, 000241.250, 177
Trd, 000241.450, 178
Trd, 000241.817, 180
Trd, 000242.017, 183
Trd, 000242.050, 177
Trd, 000242.717, 184
Trd, 000243.367, 181
Trd, 000243.900, 183
Trd, 000244.467, 183
Trd, 000244.767, 182
Trd, 000244.950, 183
Trd, 000245.317, 184
Trd, 000246.150, 181
Trd, 000246.183, 179
Trd, 000248.417, 189
Trd, 000248.433, 188
Trd, 000248.917, 187
Trd, 000249.017, 190
Trd, 000249.333, 185
Trd, 000249.817, 184
Trd, 000250.100, 176
Trd, 000250.400, 180
Trd, 000250.917, 179
Trd, 000251.067, 182
Trd, 000251.133, 176
Trd, 000251.317, 175
Trd, 000251.783, 183
Trd, 000252.967, 176
Trd, 000253.800, 175
Trd, 000254.233, 174
Trd, 000254.417, 177
Trd, 000254.667, 178
Trd, 000255.100, 177
Trd, 000255.300, 176
Trd, 000255.583, 174
Trd, 000256.183, 176
Trd, 000256.500, 178
Trd, 000256.583, 179
Trd, 000256.950, 194
Trd, 000257.600, 176
Trd, 000257.900, 174
Trd, 000257.917, 162
Trd, 000258.033, 177
Trd, 000258.550, 173
Trd, 000259.450, 176
Trd, 000259.467, 177
Trd, 000260.233, 177
Trd, 000260.567, 178
Trd, 000261.117, 177
Trd, 000262.083, 177
Trd, 000262.417, 176
Trd, 000262.833, 175
Trd, 000262.900, 174
Trd, 000263.517, 175
Trd, 000263.617, 176
Trd, 000263.783, 176
Trd, 000264.250, 175
Trd, 000264.633, 174
Trd, 000264.683, 173
Trd, 000265.317, 177
Trd, 000265.567, 184
Trd, 000265.583, 188
Trd, 000266.117, 180
Trd, 000267.333, 178
Trd, 000267.733, 179
Trd, 000268.100, 178
Trd, 000268.450, 177
Trd, 000269.017, 176
Trd, 000269.050, 177
Trd, 000269.583, 196
Trd, 000270.550, 182
Trd, 000270.667, 182
Trd, 000270.950, 180
Trd, 000272.217, 182
Trd, 000272.400, 182
Trd, 000272.583, 179
Trd, 000273.300, 179
Trd, 000273.833, 183
Trd, 000274.233, 184
Trd, 000274.417, 185
Trd, 000274.800, 177
Trd, 000274.900, 177
Trd, 000275.733, 181
Trd, 000276.250, 178
Trd, 000277.433, 180
Trd, 000277.750, 178
Trd, 000277.917, 179
Trd, 000278.300, 178
Trd, 000278.900, 177
Trd, 000279.217, 176
Trd, 000279.567, 176
Trd, 000279.667, 177
Trd, 000280.183, 176
Trd, 000280.683, 179
Trd, 000281.367, 178
Trd, 000281.450, 179
Trd, 000282.733, 186
Trd, 000284.233, 181
Trd, 000284.683, 183
Trd, 000284.967, 178
Trd, 000285.383, 184
Trd, 000285.617, 177
Trd, 000285.667, 180
Trd, 000285.817, 176
Trd, 000286.483, 179
Trd, 000286.517, 176
Trd, 000286.633, 180
Trd, 000287.100, 175
Trd, 000287.283, 175
Trd, 000288.800, 177
Trd, 000288.933, 179
Trd, 000289.383, 180
Trd, 000289.400, 176
Trd, 000290.050, 163
Trd, 000290.567, 170
Trd, 000291.117, 168
Trd, 000291.483, 170
Trd, 000291.650, 171
Trd, 000292.167, 175
Trd, 000292.500, 186
Trd, 000293.217, 187
Trd, 000293.950, 191
Trd, 000294.217, 182
Trd, 000294.533, 182
Trd, 000295.383, 183
Trd, 000296.133, 185
Trd, 000296.450, 184
Trd, 000296.500, 186
Trd, 000296.633, 187
Trd, 000296.783, 183
Trd, 000297.567, 181
Trd, 000297.667, 180
Trd, 000298.283, 178
Trd, 000298.433, 182
Trd, 000299.350, 181
Trd, 000299.917, 184
