Trd, 000001.050, 166
Trd, 000002.867, 181
Trd, 000004.800, 163
Trd, 000005.417, 162
Trd, 000005.500, 148
Trd, 000005.683, 164
Trd, 000005.850, 152
Trd, 000005.917, 151
Trd, 000006.500, 149
Trd, 000007.433, 151
Trd, 000008.333, 152
Trd, 000008.967, 143
Trd, 000009.000, 142
Trd, 000009.833, 143
Trd, 000009.933, 150
Trd, 000011.133, 146
Trd, 000011.850, 158
Trd, 000013.117, 152
Trd, 000013.367, 158
Trd, 000013.517, 159
Trd, 000013.933, 152
Trd, 000014.400, 153
Trd, 000014.867, 158
Trd, 000014.900, 151
Trd, 000015.900, 154
Trd, 000017.167, 151
Trd, 000018.317, 152
Trd, 000018.583, 154
Trd, 000018.850, 155
Trd, 000019.600, 148
Trd, 000020.033, 147
Trd, 000022.267, 151
Trd, 000022.617, 153
Trd, 000022.983, 151
Trd, 000023.083, 153
Trd, 000024.350, 150
Trd, 000024.750, 150
Trd, 000025.217, 156
Trd, 000026.100, 156
Trd, 000027.233, 146
Trd, 000027.650, 153
Trd, 000028.200, 152
Trd, 000028.550, 159
Trd, 000029.700, 154
Trd, 000029.800, 161
Trd, 000030.533, 152
Trd, 000030.633, 158
Trd, 000032.650, 161
Trd, 000032.867, 154
Trd, 000033.433, 153
Trd, 000035.000, 154
Trd, 000035.917, 153
Trd, 000036.150, 154
Trd, 000036.250, 153
Trd, 000037.300, 158
Trd, 000037.633, 163
Trd, 000039.183, 162
Trd, 000039.550, 162
Trd, 000039.817, 162
Trd, 000040.033, 160
Trd, 000040.217, 163
Trd, 000040.550, 154
Trd, 000040.850, 149
Trd, 000041.550, 153
Trd, 000044.000, 142
Trd, 000044.100, 160
Trd, 000044.850, 150
Trd, 000045.050, 155
Trd, 000045.200, 162
Trd, 000045.283, 164
Trd, 000045.300, 169
Trd, 000045.633, 179
Trd, 000046.950, 156
Trd, 000047.600, 162
Trd, 000049.367, 161
Trd, 000049.617, 159
Trd, 000050.017, 159
Trd, 000050.083, 158
Trd, 000050.183, 160
Trd, 000051.017, 158
Trd, 000051.283, 157
Trd, 000051.550, 158
Trd, 000051.617, 155
Trd, 000051.850, 160
Trd, 000052.467, 156
Trd, 000054.433, 157
Trd, 000054.633, 162
Trd, 000054.683, 164
Trd, 000055.417, 161
Trd, 000055.833, 160
Trd, 000056.600, 162
Trd, 000056.917, 159
Trd, 000057.917, 162
Trd, 000058.417, 165
Trd, 000058.433, 181
Trd, 000058.817, 168
Trd, 000060.417, 162
Trd, 000060.617, 162
Trd, 000060.667, 163
Trd, 000061.467, 172
Trd, 000062.100, 167
Trd, 000062.300, 168
Trd, 000063.383, 161
Trd, 000064.267, 161
Trd, 000064.300, 158
Trd, 000065.933, 159
Trd, 000066.950, 160
Trd, 000067.617, 161
Trd, 000067.650, 158
Trd, 000068.483, 159
Trd, 000069.350, 163
Trd, 000069.667, 159
Trd, 000070.450, 161
Trd, 000070.650, 158
Trd, 000070.917, 157
Trd, 000071.583, 162
Trd, 000073.133, 156
Trd, 000073.617, 155
Trd, 000074.067, 157
Trd, 000074.167, 156
Trd, 000075.633, 154
Trd, 000075.683, 154
Trd, 000076.817, 157
Trd, 000077.000, 157
Trd, 000078.867, 157
Trd, 000079.150, 156
Trd, 000079.333, 153
Trd, 000081.817, 159
Trd, 000082.433, 157
Trd, 000082.483, 159
Trd, 000083.867, 163
Trd, 000083.983, 154
Trd, 000085.300, 159
Trd, 000085.367, 166
Trd, 000085.700, 182
Trd, 000086.100, 186
Trd, 000088.817, 164
Trd, 000088.950, 165
Trd, 000089.633, 166
Trd, 000090.333, 181
Trd, 000090.467, 166
Trd, 000090.800, 172
Trd, 000092.050, 174
Trd, 000092.517, 165
Trd, 000092.750, 159
Trd, 000092.800, 153
Trd, 000093.833, 164
Trd, 000093.917, 159
Trd, 000095.517, 158
Trd, 000096.100, 159
Trd, 000097.450, 161
Trd, 000097.633, 161
Trd, 000099.800, 162
Trd, 000101.117, 165
Trd, 000101.533, 164
Trd, 000102.983, 162
Trd, 000103.000, 160
Trd, 000103.267, 156
Trd, 000103.300, 155
Trd, 000103.317, 154
Trd, 000103.467, 168
Trd, 000103.933, 180
Trd, 000105.533, 149
Trd, 000105.850, 158
Trd, 000105.900, 159
Trd, 000107.333, 162
Trd, 000107.767, 162
Trd, 000107.867, 165
Trd, 000107.883, 161
Trd, 000108.500, 163
Trd, 000109.217, 166
Trd, 000109.250, 169
Trd, 000110.100, 187
Trd, 000110.500, 167
Trd, 000111.017, 159
Trd, 000111.417, 172
Trd, 000112.583, 161
Trd, 000113.833, 166
Trd, 000114.167, 165
Trd, 000114.800, 168
Trd, 000115.583, 169
Trd, 000115.600, 189
Trd, 000116.183, 167
Trd, 000117.350, 167
Trd, 000117.483, 174
Trd, 000118.400, 166
Trd, 000118.600, 163
Trd, 000118.633, 162
Trd, 000119.250, 170
Trd, 000119.800, 157
Trd, 000119.950, 146
Trd, 000120.533, 163
Trd, 000120.867, 167
Trd, 000121.133, 169
Trd, 000121.800, 187
Trd, 000121.933, 189
Trd, 000122.333, 154
Trd, 000122.633, 187
Trd, 000122.667, 191
Trd, 000123.800, 212
Trd, 000124.200, 254
Trd, 000124.233, 327.0
Trd, 000125.383, 334
Trd, 000126.333, 348
Trd, 000126.983, 349
Trd, 000127.633, 351.0
Trd, 000128.367, 344.0
Trd, 000128.400, 344
Trd, 000129.017, 342
Trd, 000129.767, 343
Trd, 000130.517, 346
Trd, 000130.833, 343
Trd, 000131.467, 346
Trd, 000132.183, 350.0
Trd, 000134.467, 349
Trd, 000134.550, 350.0
Trd, 000136.033, 349.0
Trd, 000137.817, 351.0
Trd, 000137.833, 348
Trd, 000138.083, 346
Trd, 000138.233, 344
Trd, 000138.833, 344.0
Trd, 000140.400, 351.0
Trd, 000140.800, 353
Trd, 000141.533, 342
Trd, 000141.550, 357
Trd, 000141.717, 358
Trd, 000141.933, 341
Trd, 000142.417, 338
Trd, 000145.883, 342
Trd, 000146.400, 346
Trd, 000146.817, 341
Trd, 000147.467, 345
Trd, 000147.550, 347
Trd, 000149.583, 355
Trd, 000151.167, 347
Trd, 000152.000, 349.0
Trd, 000152.133, 347.0
Trd, 000152.467, 344.0
Trd, 000152.850, 341
Trd, 000153.850, 344
Trd, 000154.783, 343
Trd, 000155.767, 345
Trd, 000155.800, 351.0
Trd, 000156.250, 343
Trd, 000157.017, 358
Trd, 000158.333, 359
Trd, 000160.083, 356
Trd, 000160.117, 357
Trd, 000160.450, 357
Trd, 000160.617, 356
Trd, 000160.717, 359
Trd, 000160.983, 358
Trd, 000162.300, 357
Trd, 000163.067, 355.0
Trd, 000163.233, 359
Trd, 000163.483, 355
Trd, 000163.667, 350
Trd, 000164.433, 359
Trd, 000164.733, 359
Trd, 000165.133, 353
Trd, 000166.200, 357
Trd, 000166.850, 350
Trd, 000167.450, 351
Trd, 000167.500, 350
Trd, 000168.850, 334.0
Trd, 000169.983, 342
Trd, 000170.000, 347
Trd, 000170.900, 350
Trd, 000171.167, 350
Trd, 000171.350, 351.0
Trd, 000171.867, 349
Trd, 000172.667, 345
Trd, 000173.317, 354
Trd, 000173.417, 355
Trd, 000173.700, 343
Trd, 000173.783, 334.0
Trd, 000175.750, 338
Trd, 000177.133, 344
Trd, 000177.933, 344
Trd, 000178.633, 345
Trd, 000179.183, 351.0
Trd, 000180.333, 345
Trd, 000180.817, 346
Trd, 000181.050, 346
Trd, 000181.167, 376
Trd, 000182.183, 346
Trd, 000182.250, 344
Trd, 000182.800, 324.0
Trd, 000183.000, 353
Trd, 000183.050, 304
Trd, 000183.233, 303.0
Trd, 000183.350, 242
Trd, 000183.367, 207
Trd, 000183.700, 190
Trd, 000184.683, 176
Trd, 000184.933, 214
Trd, 000185.433, 165
Trd, 000185.633, 179
Trd, 000186.367, 212
Trd, 000187.500, 184
Trd, 000187.717, 172
Trd, 000189.300, 181
Trd, 000189.417, 180
Trd, 000190.250, 183
Trd, 000190.433, 181
Trd, 000191.733, 180
Trd, 000192.433, 174
Trd, 000192.833, 168
Trd, 000194.617, 194
Trd, 000194.750, 190
Trd, 000195.767, 184
Trd, 000196.133, 183
Trd, 000196.467, 185
Trd, 000197.167, 177
Trd, 000197.500, 176
Trd, 000197.783, 188
Trd, 000198.950, 189
Trd, 000199.067, 178
Trd, 000199.667, 188
Trd, 000200.017, 177
Trd, 000200.583, 175
Trd, 000201.333, 189
Trd, 000202.217, 188
Trd, 000203.083, 171
Trd, 000203.617, 195
Trd, 000203.817, 172
Trd, 000204.433, 179
Trd, 000205.233, 171
Trd, 000206.567, 170
Trd, 000206.700, 170
Trd, 000206.833, 169
Trd, 000207.000, 178
Trd, 000207.100, 164
Trd, 000207.967, 171
Trd, 000210.817, 170
Trd, 000211.233, 172
Trd, 000211.533, 167
Trd, 000211.550, 173
Trd, 000211.717, 176
Trd, 000213.300, 176
Trd, 000214.950, 171
Trd, 000215.233, 170
Trd, 000217.183, 172
Trd, 000218.150, 197
Trd, 000218.617, 171
Trd, 000220.750, 172
Trd, 000221.350, 171
Trd, 000222.600, 170
Trd, 000222.783, 171
Trd, 000222.900, 170
Trd, 000224.433, 171
Trd, 000224.467, 168
Trd, 000226.300, 171
Trd, 000226.767, 177
Trd, 000227.633, 170
Trd, 000229.083, 171
Trd, 000229.400, 174
Trd, 000229.883, 175
Trd, 000230.367, 175
Trd, 000230.567, 173
Trd, 000231.167, 176
Trd, 000232.633, 175
Trd, 000233.817, 173
Trd, 000234.617, 171
Trd, 000235.683, 170
Trd, 000235.767, 174
Trd, 000236.017, 169
Trd, 000236.900, 169
Trd, 000239.417, 172
Trd, 000239.850, 174
Trd, 000239.933, 172
Trd, 000240.050, 169
Trd, 000240.417, 173
Trd, 000240.700, 172
Trd, 000240.983, 173
Trd, 000241.217, 174
Trd, 000242.600, 174
Trd, 000243.717, 179
Trd, 000243.867, 182
Trd, 000244.550, 179
Trd, 000245.667, 180
Trd, 000245.817, 179
Trd, 000246.267, 185
Trd, 000247.000, 181
Trd, 000247.183, 179
Trd, 000247.400, 180
Trd, 000247.983, 176
Trd, 000248.117, 180
Trd, 000248.700, 180
Trd, 000249.050, 176
Trd, 000249.100, 172
Trd, 000249.167, 177
Trd, 000249.667, 184
Trd, 000250.150, 175
Trd, 000250.183, 176
Trd, 000250.267, 174
Trd, 000251.617, 173
Trd, 000252.267, 175
Trd, 000253.150, 173
Trd, 000253.400, 170
Trd, 000253.983, 173
Trd, 000254.100, 174
Trd, 000254.617, 175
Trd, 000255.550, 175
Trd, 000255.667, 173
Trd, 000255.833, 172
Trd, 000256.067, 176
Trd, 000256.467, 187
Trd, 000256.983, 171
Trd, 000258.550, 174
Trd, 000258.600, 185
Trd, 000258.817, 187
Trd, 000260.783, 192
Trd, 000261.000, 187
Trd, 000261.133, 190
Trd, 000261.317, 187
Trd, 000261.600, 183
Trd, 000262.250, 182
Trd, 000262.317, 188
Trd, 000262.683, 188
Trd, 000263.233, 188
Trd, 000264.350, 184
Trd, 000264.767, 181
Trd, 000264.900, 181
Trd, 000265.217, 182
Trd, 000265.517, 184
Trd, 000265.733, 177
Trd, 000266.833, 176
Trd, 000267.217, 175
Trd, 000267.583, 181
Trd, 000268.317, 181
Trd, 000268.550, 182
Trd, 000269.100, 178
Trd, 000269.167, 177
Trd, 000269.917, 177
Trd, 000270.133, 178
Trd, 000270.217, 181
Trd, 000272.450, 179
Trd, 000272.950, 178
Trd, 000273.417, 181
Trd, 000274.200, 176
Trd, 000275.217, 181
Trd, 000275.300, 175
Trd, 000275.317, 176
Trd, 000275.450, 187
Trd, 000276.350, 178
Trd, 000276.600, 178
Trd, 000276.633, 172
Trd, 000276.783, 189
Trd, 000277.817, 177
Trd, 000278.733, 185
Trd, 000279.000, 186
Trd, 000279.083, 191
Trd, 000279.433, 185
Trd, 000280.767, 182
Trd, 000281.683, 183
Trd, 000281.883, 188
Trd, 000282.133, 188
Trd, 000282.750, 184
Trd, 000282.850, 185
Trd, 000283.483, 184
Trd, 000283.717, 177
Trd, 000284.350, 186
Trd, 000284.867, 177
Trd, 000285.400, 186
Trd, 000286.067, 177
Trd, 000286.417, 190
Trd, 000286.933, 177
Trd, 000287.450, 176
Trd, 000288.067, 180
Trd, 000288.500, 184
Trd, 000289.117, 175
Trd, 000289.683, 161
Trd, 000289.950, 171
Trd, 000290.383, 174
Trd, 000290.483, 171
Trd, 000291.117, 172
Trd, 000291.483, 176
Trd, 000291.700, 188
Trd, 000292.967, 180
Trd, 000293.867, 179
Trd, 000293.967, 175
Trd, 000294.000, 180
Trd, 000295.483, 176
Trd, 000295.883, 176
Trd, 000296.250, 174
Trd, 000296.333, 178
Trd, 000296.900, 188
Trd, 000296.950, 174
Trd, 000297.783, 186
Trd, 000297.867, 180
Trd, 000298.133, 184
Trd, 000298.367, 192
Trd, 000298.667, 179
Trd, 000299.133, 178
Trd, 000299.700, 181
