Trd, 000001.583, 152
Trd, 000001.667, 119
Trd, 000003.150, 130
Trd, 000003.950, 179
Trd, 000004.667, 138
Trd, 000004.950, 144
Trd, 000005.150, 131
Trd, 000005.567, 158
Trd, 000005.817, 146
Trd, 000006.000, 134
Trd, 000006.233, 131
Trd, 000006.650, 155
Trd, 000007.767, 150
Trd, 000008.667, 150
Trd, 000008.950, 147
Trd, 000008.983, 152
Trd, 000009.367, 151
Trd, 000009.633, 156
Trd, 000010.483, 162
Trd, 000010.867, 149
Trd, 000012.350, 156
Trd, 000012.883, 152
Trd, 000013.100, 150
Trd, 000013.600, 161
Trd, 000013.750, 156
Trd, 000013.850, 148
Trd, 000014.433, 138
Trd, 000015.583, 135
Trd, 000015.800, 159
Trd, 000016.233, 146
Trd, 000016.917, 142
Trd, 000017.000, 145
Trd, 000017.783, 145
Trd, 000019.533, 162
Trd, 000019.867, 157
Trd, 000020.250, 157
Trd, 000020.283, 156
Trd, 000021.467, 157
Trd, 000021.833, 164
Trd, 000022.450, 156
Trd, 000022.933, 158
Trd, 000023.183, 159
Trd, 000023.433, 150
Trd, 000023.717, 142
Trd, 000023.900, 139
Trd, 000024.950, 160
Trd, 000025.317, 151
Trd, 000025.400, 151
Trd, 000027.217, 151
Trd, 000027.633, 163
Trd, 000027.650, 153
Trd, 000027.683, 150
Trd, 000027.967, 150
Trd, 000028.900, 158
Trd, 000028.967, 140
Trd, 000029.450, 152
Trd, 000029.933, 149
Trd, 000030.133, 150
Trd, 000031.300, 151
Trd, 000032.683, 152
Trd, 000032.750, 151
Trd, 000032.917, 150
Trd, 000033.900, 152
Trd, 000034.117, 153
Trd, 000034.983, 150
Trd, 000035.100, 149
Trd, 000035.983, 153
Trd, 000036.250, 149
Trd, 000036.300, 155
Trd, 000036.700, 149
Trd, 000036.917, 155
Trd, 000038.717, 152
Trd, 000038.783, 152
Trd, 000038.933, 151
Trd, 000039.283, 154
Trd, 000039.400, 155
Trd, 000039.450, 150
Trd, 000039.583, 141
Trd, 000039.900, 163
Trd, 000040.017, 135
Trd, 000040.933, 160
Trd, 000041.217, 135
Trd, 000041.733, 141
Trd, 000042.017, 135
Trd, 000042.867, 161
Trd, 000044.133, 144
Trd, 000044.467, 146
Trd, 000044.617, 144
Trd, 000044.933, 148
Trd, 000045.200, 148
Trd, 000045.417, 151
Trd, 000045.667, 166
Trd, 000047.083, 156
Trd, 000047.167, 154
Trd, 000048.067, 158
Trd, 000048.517, 154
Trd, 000048.900, 159
Trd, 000049.400, 153
Trd, 000050.000, 154
Trd, 000050.550, 155
Trd, 000050.733, 152
Trd, 000051.217, 151
Trd, 000051.683, 150
Trd, 000052.117, 152
Trd, 000052.333, 142
Trd, 000052.417, 153
Trd, 000052.617, 155
Trd, 000052.983, 154
Trd, 000053.450, 155
Trd, 000053.850, 153
Trd, 000053.917, 136
Trd, 000055.000, 149
Trd, 000055.217, 155
Trd, 000055.450, 167
Trd, 000055.933, 157
Trd, 000057.183, 160
Trd, 000057.317, 156
Trd, 000057.517, 162
Trd, 000057.700, 163
Trd, 000058.433, 164
Trd, 000059.117, 164
Trd, 000059.850, 165
Trd, 000060.383, 167
Trd, 000060.983, 188
Trd, 000062.050, 169
Trd, 000062.167, 167
Trd, 000062.183, 177
Trd, 000063.233, 165
Trd, 000063.883, 167
Trd, 000064.317, 165
Trd, 000064.917, 169
Trd, 000065.900, 164
Trd, 000066.067, 164
Trd, 000066.233, 161
Trd, 000067.683, 156
Trd, 000067.833, 143
Trd, 000068.167, 152
Trd, 000068.400, 159
Trd, 000068.833, 142
Trd, 000069.467, 150
Trd, 000069.900, 150
Trd, 000070.000, 158
Trd, 000070.150, 151
Trd, 000070.433, 168
Trd, 000070.700, 147
Trd, 000070.717, 144
Trd, 000072.467, 141
Trd, 000072.500, 144
Trd, 000072.850, 150
Trd, 000072.883, 151
Trd, 000073.217, 141
Trd, 000073.350, 169
Trd, 000074.467, 159
Trd, 000075.733, 153
Trd, 000075.933, 161
Trd, 000076.833, 155
Trd, 000077.917, 155
Trd, 000077.933, 159
Trd, 000078.600, 154
Trd, 000079.583, 153
Trd, 000079.700, 145
Trd, 000080.150, 155
Trd, 000080.167, 139
Trd, 000080.733, 142
Trd, 000080.817, 145
Trd, 000081.617, 151
Trd, 000082.350, 150
Trd, 000082.683, 150
Trd, 000083.117, 166
Trd, 000083.550, 164
Trd, 000083.733, 163
Trd, 000084.500, 161
Trd, 000085.167, 145
Trd, 000086.300, 154
Trd, 000086.983, 148
Trd, 000087.517, 143
Trd, 000087.667, 148
Trd, 000088.433, 147
Trd, 000088.483, 140
Trd, 000088.533, 148
Trd, 000088.650, 136
Trd, 000089.067, 171
Trd, 000089.300, 164
Trd, 000089.717, 166
Trd, 000090.217, 156
Trd, 000090.517, 155
Trd, 000091.867, 151
Trd, 000092.050, 168
Trd, 000092.300, 140
Trd, 000092.600, 164
Trd, 000093.617, 150
Trd, 000093.917, 153
Trd, 000093.950, 156
Trd, 000094.850, 154
Trd, 000095.533, 160
Trd, 000095.767, 155
Trd, 000096.017, 154
Trd, 000096.650, 164
Trd, 000096.750, 146
Trd, 000097.017, 137
Trd, 000097.533, 151
Trd, 000097.617, 160
Trd, 000098.517, 151
Trd, 000098.700, 161
Trd, 000099.017, 150
Trd, 000099.083, 163
Trd, 000099.117, 147
Trd, 000099.900, 153
Trd, 000100.433, 147
Trd, 000100.950, 149
Trd, 000101.067, 154
Trd, 000101.450, 172
Trd, 000102.850, 163
Trd, 000103.450, 155
Trd, 000103.467, 162
Trd, 000103.783, 164
Trd, 000103.850, 153
Trd, 000104.267, 153
Trd, 000104.350, 152
Trd, 000104.983, 152
Trd, 000106.017, 159
Trd, 000106.967, 152
Trd, 000107.633, 151
Trd, 000107.717, 160
Trd, 000107.900, 162
Trd, 000108.250, 157
Trd, 000108.733, 162
Trd, 000109.783, 159
Trd, 000110.233, 162
Trd, 000110.983, 161
Trd, 000111.517, 169
Trd, 000111.967, 166
Trd, 000113.317, 166
Trd, 000113.600, 166
Trd, 000113.900, 166
Trd, 000114.733, 161
Trd, 000114.750, 158
Trd, 000115.117, 165
Trd, 000115.167, 166
Trd, 000116.833, 163
Trd, 000116.950, 167
Trd, 000117.017, 149
Trd, 000117.600, 168
Trd, 000117.633, 148
Trd, 000118.233, 155
Trd, 000118.450, 156
Trd, 000118.900, 153
Trd, 000119.317, 156
Trd, 000119.733, 154
Trd, 000120.817, 156
Trd, 000122.100, 174
Trd, 000122.150, 177
Trd, 000122.400, 184
Trd, 000122.717, 198
Trd, 000122.917, 188
Trd, 000123.050, 198
Trd, 000123.917, 212
Trd, 000124.050, 242
Trd, 000124.200, 310.0
Trd, 000124.383, 320.0
Trd, 000124.783, 331.0
Trd, 000124.967, 334.0
Trd, 000125.400, 334
Trd, 000126.017, 327
Trd, 000126.233, 334.0
Trd, 000126.383, 337
Trd, 000127.017, 338
Trd, 000127.450, 359.0
Trd, 000127.650, 358.0
Trd, 000128.367, 344.0
Trd, 000129.367, 357
Trd, 000129.583, 350
Trd, 000129.950, 350
Trd, 000130.567, 349
Trd, 000130.967, 346
Trd, 000131.417, 330
Trd, 000131.533, 327.0
Trd, 000131.800, 354
Trd, 000132.883, 335.0
Trd, 000133.983, 342
Trd, 000134.367, 336.0
Trd, 000134.450, 335.0
Trd, 000134.617, 342
Trd, 000134.667, 331.0
Trd, 000134.867, 344.0
Trd, 000136.000, 344
Trd, 000137.167, 338
Trd, 000137.567, 333
Trd, 000137.733, 334
Trd, 000137.800, 332
Trd, 000138.133, 340
Trd, 000138.617, 341
Trd, 000139.083, 334
Trd, 000139.500, 343.0
Trd, 000140.017, 338
Trd, 000140.967, 337
Trd, 000141.217, 337.0
Trd, 000141.700, 338
Trd, 000142.000, 342.0
Trd, 000142.183, 344.0
Trd, 000142.450, 337
Trd, 000143.883, 359.0
Trd, 000144.200, 355.0
Trd, 000144.767, 346
Trd, 000144.800, 360.0
Trd, 000145.717, 346
Trd, 000146.000, 351
Trd, 000146.650, 346
Trd, 000146.700, 346
Trd, 000146.900, 337.0
Trd, 000147.817, 344.0
Trd, 000147.967, 335
Trd, 000148.167, 345
Trd, 000149.850, 348
Trd, 000150.383, 344
Trd, 000150.717, 345
Trd, 000150.733, 343
Trd, 000151.017, 351
Trd, 000152.700, 356.0
Trd, 000152.817, 355.0
Trd, 000153.250, 357
Trd, 000153.483, 347
Trd, 000154.067, 343
Trd, 000154.700, 342
Trd, 000155.717, 337.0
Trd, 000155.833, 354
Trd, 000155.950, 331.0
Trd, 000156.050, 355
Trd, 000156.950, 339
Trd, 000157.467, 340
Trd, 000157.700, 337
Trd, 000157.733, 341
Trd, 000157.950, 337
Trd, 000158.717, 340
Trd, 000159.167, 341
Trd, 000159.233, 337.0
Trd, 000159.950, 342
Trd, 000161.183, 338
Trd, 000161.217, 341
Trd, 000161.917, 337
Trd, 000161.967, 341
Trd, 000162.117, 335
Trd, 000163.067, 328.0
Trd, 000163.133, 342.0
Trd, 000163.200, 344.0
Trd, 000163.933, 333
Trd, 000164.300, 334
Trd, 000164.550, 333
Trd, 000164.900, 362
Trd, 000166.717, 343
Trd, 000167.117, 340
Trd, 000168.700, 343.0
Trd, 000168.767, 346
Trd, 000168.783, 347
Trd, 000168.883, 341
Trd, 000169.917, 340
Trd, 000170.883, 339
Trd, 000171.167, 337.0
Trd, 000171.467, 336
Trd, 000172.333, 331.0
Trd, 000172.533, 341
Trd, 000172.633, 338
Trd, 000173.483, 334
Trd, 000174.083, 342
Trd, 000174.533, 334
Trd, 000175.267, 340
Trd, 000175.667, 342
Trd, 000175.867, 334
Trd, 000176.617, 335
Trd, 000177.033, 334
Trd, 000177.233, 343.0
Trd, 000177.300, 344.0
Trd, 000177.783, 337
Trd, 000178.083, 355.0
Trd, 000178.167, 337
Trd, 000179.350, 349
Trd, 000180.633, 339
Trd, 000180.950, 340
Trd, 000181.067, 339
Trd, 000181.400, 337.0
Trd, 000181.467, 337
Trd, 000181.883, 331.0
Trd, 000182.533, 327.0
Trd, 000182.783, 324.0
Trd, 000183.250, 310.0
Trd, 000183.600, 302
Trd, 000183.950, 247
Trd, 000184.550, 220
Trd, 000184.733, 208
Trd, 000185.367, 206
Trd, 000185.450, 205
Trd, 000186.417, 200
Trd, 000186.467, 185
Trd, 000187.250, 173
Trd, 000187.317, 160
Trd, 000187.517, 164
Trd, 000188.183, 193
Trd, 000189.433, 188
Trd, 000190.083, 186
Trd, 000190.917, 184
Trd, 000191.367, 183
Trd, 000191.583, 185
Trd, 000191.667, 184
Trd, 000192.267, 174
Trd, 000192.600, 169
Trd, 000193.450, 179
Trd, 000195.317, 181
Trd, 000195.800, 178
Trd, 000196.033, 182
Trd, 000196.350, 177
Trd, 000196.500, 183
Trd, 000197.217, 177
Trd, 000198.167, 181
Trd, 000198.317, 178
Trd, 000199.017, 176
Trd, 000199.100, 175
Trd, 000199.533, 178
Trd, 000200.117, 178
Trd, 000200.383, 175
Trd, 000200.600, 170
Trd, 000201.067, 175
Trd, 000201.533, 179
Trd, 000203.050, 175
Trd, 000203.550, 173
Trd, 000204.250, 172
Trd, 000204.733, 170
Trd, 000205.333, 157
Trd, 000205.400, 175
Trd, 000206.450, 165
Trd, 000206.650, 162
Trd, 000206.800, 163
Trd, 000207.383, 153
Trd, 000207.700, 152
Trd, 000207.733, 165
Trd, 000208.850, 166
Trd, 000208.933, 164
Trd, 000209.550, 186
Trd, 000209.767, 179
Trd, 000211.000, 171
Trd, 000211.050, 177
Trd, 000211.267, 172
Trd, 000212.167, 169
Trd, 000212.217, 168
Trd, 000212.350, 169
Trd, 000212.817, 163
Trd, 000212.983, 167
Trd, 000213.283, 167
Trd, 000213.333, 158
Trd, 000214.317, 165
Trd, 000214.533, 166
Trd, 000215.183, 163
Trd, 000215.283, 165
Trd, 000215.650, 166
Trd, 000216.633, 181
Trd, 000217.483, 181
Trd, 000219.017, 181
Trd, 000220.033, 181
Trd, 000220.200, 180
Trd, 000220.350, 180
Trd, 000220.600, 180
Trd, 000220.617, 178
Trd, 000221.450, 180
Trd, 000221.633, 177
Trd, 000221.650, 172
Trd, 000221.950, 184
Trd, 000222.167, 169
Trd, 000222.217, 159
Trd, 000222.967, 180
Trd, 000223.433, 153
Trd, 000223.783, 175
Trd, 000223.800, 184
Trd, 000224.800, 170
Trd, 000225.667, 176
Trd, 000227.083, 172
Trd, 000227.167, 173
Trd, 000227.517, 174
Trd, 000228.233, 171
Trd, 000228.883, 173
Trd, 000228.950, 171
Trd, 000229.000, 170
Trd, 000229.733, 172
Trd, 000229.767, 174
Trd, 000230.250, 169
Trd, 000230.300, 169
Trd, 000231.067, 169
Trd, 000231.417, 170
Trd, 000231.433, 175
Trd, 000231.833, 172
Trd, 000231.850, 148
Trd, 000232.217, 184
Trd, 000232.267, 178
Trd, 000233.433, 185
Trd, 000234.100, 173
Trd, 000235.333, 181
Trd, 000235.733, 175
Trd, 000235.933, 176
Trd, 000238.217, 181
Trd, 000238.567, 177
Trd, 000239.333, 179
Trd, 000239.700, 178
Trd, 000239.900, 177
Trd, 000239.967, 183
Trd, 000240.250, 175
Trd, 000240.683, 179
Trd, 000241.133, 178
Trd, 000241.583, 176
Trd, 000242.000, 173
Trd, 000242.567, 177
Trd, 000242.683, 173
Trd, 000243.567, 176
Trd, 000244.083, 174
Trd, 000244.567, 176
Trd, 000244.600, 177
Trd, 000245.483, 178
Trd, 000245.850, 178
Trd, 000245.900, 175
Trd, 000246.033, 172
Trd, 000246.817, 175
Trd, 000247.133, 175
Trd, 000247.750, 173
Trd, 000248.567, 172
Trd, 000248.850, 176
Trd, 000248.867, 166
Trd, 000249.283, 171
Trd, 000249.367, 176
Trd, 000249.483, 179
Trd, 000250.783, 178
Trd, 000250.917, 179
Trd, 000251.033, 176
Trd, 000251.317, 180
Trd, 000251.517, 180
Trd, 000251.617, 174
Trd, 000251.900, 187
Trd, 000253.983, 178
Trd, 000254.367, 190
Trd, 000254.450, 194
Trd, 000255.367, 180
Trd, 000255.567, 182
Trd, 000255.700, 183
Trd, 000255.983, 175
Trd, 000256.533, 177
Trd, 000256.617, 169
Trd, 000256.850, 181
Trd, 000257.100, 181
Trd, 000257.383, 180
Trd, 000257.700, 166
Trd, 000257.867, 175
Trd, 000258.583, 167
Trd, 000259.000, 176
Trd, 000259.417, 173
Trd, 000259.817, 180
Trd, 000260.033, 186
Trd, 000261.200, 187
Trd, 000261.233, 183
Trd, 000261.300, 182
Trd, 000261.683, 191
Trd, 000261.983, 181
Trd, 000263.067, 179
Trd, 000263.617, 188
Trd, 000263.817, 188
Trd, 000264.000, 187
Trd, 000264.033, 184
Trd, 000264.150, 176
Trd, 000264.317, 178
Trd, 000264.367, 173
Trd, 000264.567, 167
Trd, 000265.017, 181
Trd, 000266.133, 184
Trd, 000266.183, 182
Trd, 000266.283, 179
Trd, 000267.017, 184
Trd, 000267.367, 185
Trd, 000267.400, 188
Trd, 000267.683, 180
Trd, 000267.850, 186
Trd, 000268.200, 187
Trd, 000269.383, 189
Trd, 000269.733, 188
Trd, 000269.850, 183
Trd, 000269.933, 182
Trd, 000270.167, 177
Trd, 000270.400, 173
Trd, 000271.450, 181
Trd, 000271.933, 180
Trd, 000271.950, 182
Trd, 000272.050, 180
Trd, 000272.150, 181
Trd, 000272.333, 164
Trd, 000272.683, 182
Trd, 000273.733, 182
Trd, 000273.967, 177
Trd, 000274.933, 182
Trd, 000275.417, 176
Trd, 000275.700, 183
Trd, 000276.183, 188
Trd, 000276.217, 176
Trd, 000276.383, 189
Trd, 000276.767, 164
Trd, 000277.317, 191
Trd, 000277.583, 170
Trd, 000278.200, 183
Trd, 000278.417, 177
Trd, 000278.867, 184
Trd, 000279.017, 183
Trd, 000279.500, 176
Trd, 000279.567, 175
Trd, 000279.700, 185
Trd, 000280.500, 183
Trd, 000281.483, 186
Trd, 000281.967, 182
Trd, 000282.400, 181
Trd, 000282.633, 185
Trd, 000283.250, 183
Trd, 000283.817, 184
Trd, 000284.133, 186
Trd, 000284.450, 184
Trd, 000284.533, 181
Trd, 000284.833, 180
Trd, 000284.950, 190
Trd, 000285.883, 191
Trd, 000286.483, 186
Trd, 000286.650, 184
Trd, 000286.883, 178
Trd, 000286.933, 175
Trd, 000288.617, 180
Trd, 000288.700, 182
Trd, 000289.450, 183
Trd, 000289.883, 180
Trd, 000290.833, 181
Trd, 000291.000, 179
Trd, 000291.100, 183
Trd, 000291.233, 179
Trd, 000291.667, 184
Trd, 000291.917, 178
Trd, 000292.000, 186
Trd, 000292.233, 191
Trd, 000292.800, 185
Trd, 000292.983, 184
Trd, 000293.083, 200
Trd, 000293.483, 183
Trd, 000294.183, 178
Trd, 000294.550, 187
Trd, 000294.850, 177
Trd, 000295.533, 185
Trd, 000295.600, 176
Trd, 000295.850, 186
Trd, 000296.050, 186
Trd, 000296.233, 191
Trd, 000296.867, 195
Trd, 000297.017, 178
Trd, 000297.817, 201
Trd, 000298.450, 208
Trd, 000298.733, 188
Trd, 000298.900, 185
Trd, 000299.517, 203
Trd, 000299.850, 181
