Trd, 000000.633, 154
Trd, 000001.267, 125
Trd, 000001.483, 131
Trd, 000002.083, 125
Trd, 000002.533, 134
Trd, 000004.367, 135
Trd, 000004.717, 136
Trd, 000005.033, 139
Trd, 000005.967, 138
Trd, 000006.217, 140
Trd, 000006.550, 140
Trd, 000006.850, 141
Trd, 000007.200, 163
Trd, 000009.200, 154
Trd, 000009.850, 158
Trd, 000010.000, 166
Trd, 000010.250, 159
Trd, 000011.433, 164
Trd, 000011.517, 159
Trd, 000011.650, 160
Trd, 000011.667, 166
Trd, 000012.350, 169
Trd, 000012.483, 179
Trd, 000012.767, 159
Trd, 000013.217, 150
Trd, 000013.600, 167
Trd, 000015.033, 160
Trd, 000015.067, 159
Trd, 000015.433, 172
Trd, 000015.650, 173
Trd, 000017.850, 163
Trd, 000018.133, 171
Trd, 000018.550, 168
Trd, 000019.400, 167
Trd, 000019.633, 165
Trd, 000021.217, 164
Trd, 000021.267, 167
Trd, 000022.150, 167
Trd, 000023.300, 160
Trd, 000023.733, 162
Trd, 000024.233, 160
Trd, 000024.917, 162
Trd, 000025.167, 161
Trd, 000025.983, 158
Trd, 000026.050, 149
Trd, 000026.100, 162
Trd, 000026.233, 163
Trd, 000026.750, 165
Trd, 000027.850, 159
Trd, 000028.350, 166
Trd, 000029.550, 161
Trd, 000029.833, 166
Trd, 000030.367, 167
Trd, 000031.400, 164
Trd, 000031.450, 165
Trd, 000031.467, 165
Trd, 000031.700, 163
Trd, 000031.750, 164
Trd, 000031.900, 167
Trd, 000032.933, 168
Trd, 000033.750, 161
Trd, 000034.117, 144
Trd, 000035.850, 164
Trd, 000036.150, 159
Trd, 000036.183, 164
Trd, 000036.650, 159
Trd, 000037.017, 170
Trd, 000037.833, 168
Trd, 000038.083, 168
Trd, 000039.100, 168
Trd, 000039.467, 163
Trd, 000039.567, 169
Trd, 000039.833, 162
Trd, 000040.617, 168
Trd, 000041.017, 163
Trd, 000041.967, 169
Trd, 000042.683, 165
Trd, 000044.050, 164
Trd, 000044.667, 163
Trd, 000044.833, 165
Trd, 000045.050, 162
Trd, 000045.517, 165
Trd, 000046.250, 165
Trd, 000046.383, 164
Trd, 000046.633, 166
Trd, 000047.417, 163
Trd, 000047.917, 137
Trd, 000047.967, 167
Trd, 000049.317, 151
Trd, 000050.183, 163
Trd, 000050.267, 164
Trd, 000050.450, 166
Trd, 000051.100, 177
Trd, 000051.700, 161
Trd, 000051.983, 169
Trd, 000052.200, 159
Trd, 000052.333, 169
Trd, 000052.933, 167
Trd, 000052.983, 172
Trd, 000053.600, 170
Trd, 000055.167, 172
Trd, 000055.667, 170
Trd, 000056.017, 165
Trd, 000056.117, 146
Trd, 000056.367, 170
Trd, 000057.283, 173
Trd, 000059.033, 163
Trd, 000059.300, 168
Trd, 000059.467, 168
Trd, 000061.283, 166
Trd, 000061.450, 163
Trd, 000062.517, 162
Trd, 000064.150, 165
Trd, 000064.233, 165
Trd, 000064.717, 165
Trd, 000065.017, 163
Trd, 000066.167, 165
Trd, 000066.250, 165
Trd, 000066.667, 168
Trd, 000067.883, 166
Trd, 000068.233, 168
Trd, 000068.850, 165
Trd, 000069.033, 166
Trd, 000069.050, 165
Trd, 000070.683, 166
Trd, 000071.433, 174
Trd, 000073.133, 168
Trd, 000073.767, 168
Trd, 000073.883, 168
Trd, 000074.300, 168
Trd, 000074.617, 165
Trd, 000074.783, 169
Trd, 000074.983, 179
Trd, 000075.367, 165
Trd, 000075.783, 182
Trd, 000076.017, 164
Trd, 000076.300, 173
Trd, 000078.033, 161
Trd, 000078.150, 161
Trd, 000078.533, 163
Trd, 000078.583, 156
Trd, 000078.817, 165
Trd, 000079.067, 155
Trd, 000079.383, 163
Trd, 000079.717, 171
Trd, 000079.867, 173
Trd, 000080.083, 162
Trd, 000081.683, 166
Trd, 000082.317, 165
Trd, 000083.017, 165
Trd, 000083.367, 162
Trd, 000083.667, 149
Trd, 000083.783, 166
Trd, 000084.117, 176
Trd, 000084.217, 159
Trd, 000084.817, 158
Trd, 000084.883, 182
Trd, 000085.850, 179
Trd, 000085.967, 180
Trd, 000087.633, 163
Trd, 000087.700, 162
Trd, 000089.683, 165
Trd, 000089.850, 163
Trd, 000089.883, 162
Trd, 000090.450, 164
Trd, 000090.717, 161
Trd, 000090.733, 167
Trd, 000090.783, 161
Trd, 000090.950, 173
Trd, 000091.150, 167
Trd, 000091.967, 165
Trd, 000092.367, 174
Trd, 000092.583, 177
Trd, 000094.433, 171
Trd, 000094.483, 170
Trd, 000094.900, 170
Trd, 000095.383, 173
Trd, 000096.250, 171
Trd, 000096.583, 172
Trd, 000096.950, 169
Trd, 000098.367, 171
Trd, 000098.800, 174
Trd, 000099.167, 168
Trd, 000100.383, 171
Trd, 000100.617, 173
Trd, 000102.033, 163
Trd, 000102.267, 171
Trd, 000102.550, 167
Trd, 000102.617, 172
Trd, 000103.667, 171
Trd, 000103.750, 175
Trd, 000104.217, 165
Trd, 000104.383, 182
Trd, 000104.717, 178
Trd, 000104.800, 185
Trd, 000106.650, 170
Trd, 000106.983, 175
Trd, 000107.017, 159
Trd, 000107.317, 154
Trd, 000109.217, 168
Trd, 000109.800, 166
Trd, 000110.650, 165
Trd, 000110.950, 167
Trd, 000111.100, 160
Trd, 000111.167, 165
Trd, 000112.317, 176
Trd, 000112.633, 168
Trd, 000112.867, 168
Trd, 000113.100, 167
Trd, 000113.817, 169
Trd, 000113.983, 176
Trd, 000114.400, 166
Trd, 000114.883, 167
Trd, 000115.883, 165
Trd, 000116.150, 164
Trd, 000116.167, 165
Trd, 000116.383, 183
Trd, 000118.100, 156
Trd, 000119.567, 173
Trd, 000119.800, 173
Trd, 000120.200, 172
Trd, 000120.317, 173
Trd, 000120.633, 168
Trd, 000120.667, 172
Trd, 000121.183, 173
Trd, 000121.817, 172
Trd, 000122.667, 174
Trd, 000123.083, 177
Trd, 000123.400, 180
Trd, 000123.600, 184
Trd, 000124.100, 208
Trd, 000124.433, 275
Trd, 000124.467, 310.0
Trd, 000125.000, 303.0
Trd, 000125.367, 320.0
Trd, 000125.850, 341.0
Trd, 000126.467, 366
Trd, 000127.983, 365.0
Trd, 000128.517, 363
Trd, 000129.400, 362
Trd, 000129.867, 370
Trd, 000130.550, 365.0
Trd, 000130.800, 368
Trd, 000131.950, 361
Trd, 000132.383, 368
Trd, 000132.500, 375
Trd, 000132.783, 375.0
Trd, 000133.350, 368.0
Trd, 000135.017, 367.0
Trd, 000135.317, 365.0
Trd, 000136.050, 364
Trd, 000136.483, 358.0
Trd, 000137.417, 362
Trd, 000137.467, 364
Trd, 000137.800, 362
Trd, 000138.533, 362
Trd, 000139.133, 360
Trd, 000140.183, 361
Trd, 000140.367, 362
Trd, 000140.500, 365.0
Trd, 000140.517, 352
Trd, 000141.733, 363
Trd, 000141.917, 362
Trd, 000143.833, 360
Trd, 000145.100, 357
Trd, 000145.833, 360
Trd, 000145.967, 357
Trd, 000146.117, 357
Trd, 000146.283, 358
Trd, 000146.717, 357
Trd, 000146.950, 355
Trd, 000148.467, 357
Trd, 000148.750, 358
Trd, 000149.783, 357
Trd, 000150.017, 364.0
Trd, 000150.067, 356
Trd, 000150.367, 365.0
Trd, 000151.117, 368.0
Trd, 000151.750, 365.0
Trd, 000151.867, 342.0
Trd, 000152.117, 370
Trd, 000152.233, 355
Trd, 000152.733, 370
Trd, 000153.767, 352
Trd, 000154.033, 353
Trd, 000154.350, 364.0
Trd, 000157.300, 361
Trd, 000157.450, 363
Trd, 000158.000, 360
Trd, 000159.250, 357
Trd, 000159.550, 362
Trd, 000160.967, 356
Trd, 000161.200, 362
Trd, 000161.250, 362
Trd, 000161.717, 356
Trd, 000161.850, 341.0
Trd, 000161.867, 363
Trd, 000162.867, 360
Trd, 000163.750, 364
Trd, 000164.267, 363
Trd, 000164.850, 364
Trd, 000165.083, 353
Trd, 000165.317, 368.0
Trd, 000166.033, 366
Trd, 000166.750, 359
Trd, 000167.683, 363
Trd, 000168.150, 365
Trd, 000168.900, 365
Trd, 000169.050, 361
Trd, 000169.533, 365.0
Trd, 000170.950, 360
Trd, 000171.033, 364
Trd, 000171.550, 366
Trd, 000172.067, 364
Trd, 000172.100, 356
Trd, 000172.667, 358
Trd, 000173.583, 365
Trd, 000175.233, 360
Trd, 000176.050, 365.0
Trd, 000176.250, 365
Trd, 000176.933, 363
Trd, 000177.517, 365.0
Trd, 000178.183, 366
Trd, 000178.517, 360
Trd, 000179.217, 360
Trd, 000180.200, 360
Trd, 000181.233, 345.0
Trd, 000181.733, 354
Trd, 000181.950, 354
Trd, 000183.700, 347
Trd, 000183.767, 343.0
Trd, 000184.033, 324.0
Trd, 000184.283, 308
Trd, 000184.350, 288
Trd, 000184.533, 207
Trd, 000184.767, 200
Trd, 000185.517, 185
Trd, 000186.283, 201
Trd, 000186.383, 193
Trd, 000187.817, 189
Trd, 000188.017, 184
Trd, 000188.383, 190
Trd, 000188.517, 187
Trd, 000188.667, 193
Trd, 000189.500, 183
Trd, 000190.433, 186
Trd, 000190.483, 184
Trd, 000193.083, 186
Trd, 000193.867, 182
Trd, 000194.233, 185
Trd, 000195.000, 177
Trd, 000196.033, 183
Trd, 000196.067, 184
Trd, 000196.500, 181
Trd, 000196.567, 181
Trd, 000196.600, 182
Trd, 000197.083, 189
Trd, 000197.367, 182
Trd, 000197.817, 183
Trd, 000199.150, 184
Trd, 000200.033, 184
Trd, 000200.050, 186
Trd, 000200.333, 183
Trd, 000200.933, 186
Trd, 000201.683, 178
Trd, 000201.733, 188
Trd, 000202.517, 187
Trd, 000202.733, 186
Trd, 000202.817, 188
Trd, 000203.217, 185
Trd, 000203.633, 188
Trd, 000205.117, 177
Trd, 000205.500, 189
Trd, 000206.917, 191
Trd, 000206.933, 192
Trd, 000207.333, 195
Trd, 000207.967, 189
Trd, 000209.650, 190
Trd, 000209.833, 189
Trd, 000210.200, 186
Trd, 000210.400, 186
Trd, 000212.233, 188
Trd, 000212.400, 187
Trd, 000212.933, 192
Trd, 000213.617, 190
Trd, 000214.667, 189
Trd, 000214.767, 183
Trd, 000215.350, 186
Trd, 000216.783, 181
Trd, 000217.100, 184
Trd, 000217.250, 185
Trd, 000217.350, 184
Trd, 000217.750, 185
Trd, 000217.883, 187
Trd, 000219.633, 184
Trd, 000219.867, 185
Trd, 000219.983, 180
Trd, 000220.100, 178
Trd, 000221.100, 163
Trd, 000221.300, 168
Trd, 000221.467, 175
Trd, 000221.833, 183
Trd, 000222.517, 173
Trd, 000222.567, 174
Trd, 000223.267, 170
Trd, 000223.767, 175
Trd, 000225.300, 172
Trd, 000225.583, 173
Trd, 000227.600, 173
Trd, 000227.933, 175
Trd, 000227.967, 187
Trd, 000228.000, 191
Trd, 000229.050, 168
Trd, 000229.083, 193
Trd, 000230.583, 188
Trd, 000231.467, 177
Trd, 000232.133, 188
Trd, 000233.000, 183
Trd, 000233.383, 184
Trd, 000233.683, 180
Trd, 000233.783, 184
Trd, 000235.500, 181
Trd, 000236.000, 182
Trd, 000236.233, 177
Trd, 000236.250, 184
Trd, 000236.783, 161
Trd, 000238.333, 184
Trd, 000238.583, 184
Trd, 000239.883, 183
Trd, 000240.317, 181
Trd, 000240.350, 181
Trd, 000240.567, 181
Trd, 000240.650, 180
Trd, 000241.117, 180
Trd, 000241.367, 176
Trd, 000241.500, 177
Trd, 000241.817, 175
Trd, 000241.933, 179
Trd, 000243.667, 172
Trd, 000243.767, 173
Trd, 000244.050, 170
Trd, 000244.683, 171
Trd, 000245.200, 173
Trd, 000245.333, 174
Trd, 000245.467, 175
Trd, 000246.367, 174
Trd, 000246.867, 175
Trd, 000247.233, 176
Trd, 000248.200, 180
Trd, 000248.217, 177
Trd, 000248.400, 189
Trd, 000249.300, 180
Trd, 000249.367, 182
Trd, 000249.400, 183
Trd, 000249.467, 186
Trd, 000250.050, 183
Trd, 000251.017, 180
Trd, 000251.550, 179
Trd, 000251.833, 178
Trd, 000252.067, 176
Trd, 000252.117, 179
Trd, 000252.983, 180
Trd, 000253.433, 180
Trd, 000254.450, 177
Trd, 000254.617, 176
Trd, 000255.100, 178
Trd, 000255.200, 175
Trd, 000255.267, 178
Trd, 000255.600, 170
Trd, 000255.767, 173
Trd, 000256.683, 171
Trd, 000258.067, 169
Trd, 000258.333, 170
Trd, 000258.400, 166
Trd, 000259.533, 164
Trd, 000259.567, 165
Trd, 000259.933, 162
Trd, 000260.000, 163
Trd, 000260.267, 163
Trd, 000260.583, 161
Trd, 000261.600, 164
Trd, 000261.750, 164
Trd, 000261.850, 167
Trd, 000262.383, 165
Trd, 000262.500, 165
Trd, 000263.267, 163
Trd, 000263.633, 170
Trd, 000263.750, 162
Trd, 000264.067, 167
Trd, 000264.117, 173
Trd, 000264.383, 173
Trd, 000264.800, 174
Trd, 000265.383, 177
Trd, 000265.600, 178
Trd, 000266.500, 173
Trd, 000267.417, 170
Trd, 000267.800, 191
Trd, 000269.067, 175
Trd, 000269.100, 180
Trd, 000269.350, 182
Trd, 000269.400, 182
Trd, 000271.050, 177
Trd, 000271.767, 177
Trd, 000273.100, 173
Trd, 000273.200, 179
Trd, 000273.967, 177
Trd, 000274.267, 174
Trd, 000275.333, 175
Trd, 000275.417, 173
Trd, 000276.167, 175
Trd, 000276.600, 176
Trd, 000276.683, 182
Trd, 000276.850, 174
Trd, 000276.950, 179
Trd, 000277.033, 172
Trd, 000277.633, 181
Trd, 000278.317, 178
Trd, 000278.467, 173
Trd, 000279.117, 182
Trd, 000279.267, 168
Trd, 000280.033, 195
Trd, 000280.917, 197
Trd, 000282.250, 178
Trd, 000282.350, 177
Trd, 000282.850, 180
Trd, 000283.050, 179
Trd, 000283.633, 176
Trd, 000284.350, 178
Trd, 000284.567, 174
Trd, 000286.067, 173
Trd, 000286.317, 175
Trd, 000287.083, 172
Trd, 000287.317, 169
Trd, 000287.533, 173
Trd, 000287.950, 177
Trd, 000288.350, 175
Trd, 000288.367, 183
Trd, 000289.000, 178
Trd, 000289.433, 175
Trd, 000289.517, 184
Trd, 000290.417, 174
Trd, 000290.467, 172
Trd, 000291.267, 170
Trd, 000291.283, 171
Trd, 000291.333, 172
Trd, 000291.800, 166
Trd, 000292.917, 171
Trd, 000293.567, 173
Trd, 000293.733, 172
Trd, 000294.233, 173
Trd, 000294.733, 173
Trd, 000295.000, 193
Trd, 000295.150, 194
Trd, 000295.333, 174
Trd, 000295.750, 174
Trd, 000295.983, 173
Trd, 000296.500, 184
Trd, 000296.933, 174
Trd, 000297.500, 174
Trd, 000298.417, 184
Trd, 000299.317, 184
Trd, 000299.600, 182
