Trd, 000001.633, 184
Trd, 000002.100, 165
Trd, 000002.633, 127
Trd, 000002.733, 131
Trd, 000002.783, 113
Trd, 000003.350, 128
Trd, 000005.200, 143
Trd, 000005.567, 142
Trd, 000005.583, 144
Trd, 000006.467, 146
Trd, 000006.633, 148
Trd, 000007.633, 149
Trd, 000009.200, 149
Trd, 000009.350, 148
Trd, 000010.233, 147
Trd, 000011.117, 147
Trd, 000011.383, 147
Trd, 000011.833, 146
Trd, 000012.533, 144
Trd, 000012.567, 151
Trd, 000013.750, 148
Trd, 000014.233, 148
Trd, 000014.350, 144
Trd, 000014.450, 148
Trd, 000014.817, 149
Trd, 000015.167, 159
Trd, 000016.350, 171
Trd, 000016.417, 170
Trd, 000017.317, 171
Trd, 000017.417, 163
Trd, 000017.767, 181
Trd, 000019.150, 166
Trd, 000019.483, 165
Trd, 000020.983, 168
Trd, 000021.367, 167
Trd, 000021.633, 164
Trd, 000021.650, 168
Trd, 000022.450, 166
Trd, 000022.967, 160
Trd, 000023.183, 159
Trd, 000024.283, 159
Trd, 000024.433, 155
Trd, 000025.150, 150
Trd, 000026.133, 158
Trd, 000026.750, 156
Trd, 000027.917, 155
Trd, 000028.083, 155
Trd, 000030.150, 151
Trd, 000030.467, 150
Trd, 000030.517, 151
Trd, 000030.600, 154
Trd, 000030.750, 156
Trd, 000031.450, 146
Trd, 000032.017, 153
Trd, 000032.567, 154
Trd, 000033.000, 154
Trd, 000033.817, 151
Trd, 000034.300, 149
Trd, 000034.617, 151
Trd, 000034.733, 154
Trd, 000035.633, 152
Trd, 000036.683, 152
Trd, 000036.750, 153
Trd, 000037.083, 154
Trd, 000038.100, 152
Trd, 000038.617, 152
Trd, 000039.050, 152
Trd, 000039.233, 153
Trd, 000039.350, 154
Trd, 000040.133, 153
Trd, 000041.700, 154
Trd, 000043.233, 154
Trd, 000043.333, 155
Trd, 000043.533, 159
Trd, 000043.600, 151
Trd, 000044.667, 160
Trd, 000044.767, 161
Trd, 000045.450, 153
Trd, 000045.800, 152
Trd, 000046.333, 153
Trd, 000046.550, 154
Trd, 000046.683, 152
Trd, 000046.967, 155
Trd, 000047.783, 153
Trd, 000048.400, 156
Trd, 000049.017, 157
Trd, 000050.550, 155
Trd, 000051.200, 153
Trd, 000051.283, 154
Trd, 000052.733, 156
Trd, 000052.783, 157
Trd, 000052.933, 155
Trd, 000053.017, 160
Trd, 000053.583, 153
Trd, 000054.517, 154
Trd, 000055.317, 154
Trd, 000056.567, 155
Trd, 000056.617, 158
Trd, 000057.033, 159
Trd, 000058.067, 155
Trd, 000058.633, 155
Trd, 000059.467, 154
Trd, 000059.567, 154
Trd, 000059.833, 156
Trd, 000061.117, 157
Trd, 000061.233, 153
Trd, 000061.267, 161
Trd, 000061.300, 153
Trd, 000061.883, 158
Trd, 000062.200, 149
Trd, 000063.583, 161
Trd, 000063.833, 153
Trd, 000064.050, 154
Trd, 000065.900, 159
Trd, 000066.083, 155
Trd, 000066.283, 158
Trd, 000067.500, 159
Trd, 000067.983, 158
Trd, 000068.117, 160
Trd, 000068.667, 159
Trd, 000068.700, 157
Trd, 000069.533, 158
Trd, 000069.867, 160
Trd, 000070.767, 157
Trd, 000071.250, 159
Trd, 000071.283, 155
Trd, 000072.017, 156
Trd, 000072.883, 154
Trd, 000073.917, 156
Trd, 000074.133, 155
Trd, 000074.750, 156
Trd, 000075.767, 158
Trd, 000076.533, 155
Trd, 000076.700, 157
Trd, 000076.983, 159
Trd, 000077.100, 162
Trd, 000077.833, 163
Trd, 000077.933, 166
Trd, 000078.367, 173
Trd, 000079.333, 171
Trd, 000079.767, 168
Trd, 000080.067, 166
Trd, 000080.183, 163
Trd, 000081.000, 162
Trd, 000081.400, 162
Trd, 000081.583, 163
Trd, 000081.750, 157
Trd, 000081.967, 156
Trd, 000082.483, 159
Trd, 000082.600, 153
Trd, 000083.617, 155
Trd, 000083.683, 155
Trd, 000085.550, 155
Trd, 000085.917, 154
Trd, 000086.117, 156
Trd, 000087.117, 157
Trd, 000088.317, 156
Trd, 000088.600, 154
Trd, 000088.650, 155
Trd, 000089.300, 154
Trd, 000090.167, 152
Trd, 000090.250, 156
Trd, 000090.417, 157
Trd, 000090.850, 156
Trd, 000091.500, 160
Trd, 000091.567, 156
Trd, 000091.817, 157
Trd, 000093.100, 158
Trd, 000093.467, 156
Trd, 000093.650, 157
Trd, 000094.850, 158
Trd, 000095.250, 160
Trd, 000096.367, 156
Trd, 000097.367, 157
Trd, 000097.650, 156
Trd, 000097.883, 157
Trd, 000098.567, 153
Trd, 000099.083, 153
Trd, 000100.083, 153
Trd, 000100.367, 152
Trd, 000100.683, 154
Trd, 000101.117, 147
Trd, 000101.133, 156
Trd, 000101.667, 158
Trd, 000102.567, 151
Trd, 000103.233, 153
Trd, 000103.533, 156
Trd, 000103.733, 162
Trd, 000104.983, 162
Trd, 000105.550, 165
Trd, 000105.650, 164
Trd, 000105.817, 167
Trd, 000106.283, 168
Trd, 000106.917, 162
Trd, 000107.550, 162
Trd, 000107.583, 163
Trd, 000107.767, 154
Trd, 000108.467, 158
Trd, 000108.783, 148
Trd, 000108.967, 156
Trd, 000109.833, 148
Trd, 000110.717, 157
Trd, 000110.883, 157
Trd, 000112.500, 153
Trd, 000113.083, 154
Trd, 000113.183, 156
Trd, 000113.233, 159
Trd, 000113.533, 151
Trd, 000113.750, 163
Trd, 000114.750, 159
Trd, 000115.600, 158
Trd, 000116.117, 168
Trd, 000116.200, 157
Trd, 000117.150, 154
Trd, 000118.200, 160
Trd, 000119.517, 159
Trd, 000120.633, 160
Trd, 000120.817, 160
Trd, 000121.433, 160
Trd, 000121.600, 167
Trd, 000121.617, 175
Trd, 000121.933, 181
Trd, 000122.100, 186
Trd, 000122.133, 212
Trd, 000122.700, 202
Trd, 000123.333, 245
Trd, 000124.300, 312.0
Trd, 000124.500, 313.0
Trd, 000124.533, 326.0
Trd, 000125.400, 327.0
Trd, 000125.967, 331.0
Trd, 000126.400, 344.0
Trd, 000127.367, 343
Trd, 000127.383, 348.0
Trd, 000127.450, 358.0
Trd, 000129.000, 353
Trd, 000129.067, 349.0
Trd, 000129.183, 350
Trd, 000129.383, 348.0
Trd, 000129.533, 358.0
Trd, 000131.150, 348.0
Trd, 000131.200, 344
Trd, 000131.600, 343
Trd, 000132.500, 355
Trd, 000132.650, 355
Trd, 000132.933, 356
Trd, 000133.867, 348.0
Trd, 000133.933, 352
Trd, 000134.550, 345
Trd, 000135.050, 346
Trd, 000135.067, 342
Trd, 000136.017, 343
Trd, 000136.467, 345
Trd, 000136.800, 346
Trd, 000136.917, 348.0
Trd, 000138.333, 342
Trd, 000138.983, 343
Trd, 000139.350, 343.0
Trd, 000139.983, 344.0
Trd, 000141.000, 346
Trd, 000141.067, 345
Trd, 000142.350, 346
Trd, 000143.417, 356
Trd, 000143.667, 348.0
Trd, 000144.467, 352
Trd, 000144.783, 354
Trd, 000145.167, 352
Trd, 000145.967, 353
Trd, 000146.233, 351
Trd, 000146.400, 349
Trd, 000146.483, 352
Trd, 000147.650, 349
Trd, 000148.317, 351
Trd, 000148.800, 351.0
Trd, 000149.633, 351
Trd, 000150.367, 349
Trd, 000150.433, 348.0
Trd, 000150.500, 350
Trd, 000151.067, 358.0
Trd, 000151.117, 359
Trd, 000151.233, 346
Trd, 000151.983, 348.0
Trd, 000152.083, 344
Trd, 000153.100, 345
Trd, 000153.183, 346.0
Trd, 000153.833, 344
Trd, 000154.233, 338
Trd, 000155.100, 348.0
Trd, 000155.533, 348
Trd, 000157.050, 347
Trd, 000157.317, 348
Trd, 000157.533, 343
Trd, 000158.583, 344
Trd, 000158.900, 344
Trd, 000158.983, 347
Trd, 000159.317, 343
Trd, 000159.650, 341
Trd, 000161.467, 351
Trd, 000163.500, 345
Trd, 000164.083, 344
Trd, 000164.200, 346.0
Trd, 000164.267, 347.0
Trd, 000164.950, 348.0
Trd, 000166.000, 353
Trd, 000166.700, 355
Trd, 000168.033, 351
Trd, 000168.200, 348.0
Trd, 000168.617, 348
Trd, 000168.633, 352
Trd, 000168.817, 352
Trd, 000169.550, 348.0
Trd, 000169.783, 351
Trd, 000170.300, 348
Trd, 000171.017, 347
Trd, 000171.500, 345
Trd, 000172.083, 351
Trd, 000172.967, 346
Trd, 000173.083, 352
Trd, 000174.217, 349.0
Trd, 000174.600, 353
Trd, 000175.950, 348.0
Trd, 000176.233, 348
Trd, 000176.383, 347
Trd, 000176.800, 348
Trd, 000177.250, 348.0
Trd, 000177.817, 348
Trd, 000178.600, 344
Trd, 000180.533, 343
Trd, 000180.767, 344.0
Trd, 000181.150, 344
Trd, 000181.167, 343
Trd, 000181.367, 345
Trd, 000181.833, 342
Trd, 000182.417, 348.0
Trd, 000182.517, 340
Trd, 000184.133, 324
Trd, 000184.167, 323
Trd, 000184.267, 317.0
Trd, 000184.983, 300.0
Trd, 000185.033, 295
Trd, 000185.183, 218
Trd, 000185.650, 183
Trd, 000185.717, 172
Trd, 000186.200, 186
Trd, 000186.400, 170
Trd, 000186.767, 166
Trd, 000186.867, 190
Trd, 000187.567, 187
Trd, 000189.117, 175
Trd, 000189.167, 174
Trd, 000189.867, 172
Trd, 000190.617, 174
Trd, 000190.667, 176
Trd, 000191.283, 167
Trd, 000192.733, 170
Trd, 000194.217, 169
Trd, 000194.650, 168
Trd, 000194.833, 170
Trd, 000195.267, 168
Trd, 000195.583, 167
Trd, 000196.167, 169
Trd, 000196.300, 170
Trd, 000196.883, 169
Trd, 000196.933, 171
Trd, 000197.233, 169
Trd, 000197.600, 171
Trd, 000199.100, 172
Trd, 000200.833, 168
Trd, 000201.500, 168
Trd, 000201.583, 172
Trd, 000202.150, 166
Trd, 000202.383, 168
Trd, 000203.317, 167
Trd, 000204.850, 166
Trd, 000204.933, 166
Trd, 000205.000, 167
Trd, 000205.433, 163
Trd, 000205.533, 166
Trd, 000205.567, 167
Trd, 000206.500, 167
Trd, 000207.017, 166
Trd, 000207.717, 169
Trd, 000207.950, 176
Trd, 000208.100, 167
Trd, 000209.950, 170
Trd, 000210.050, 171
Trd, 000210.150, 172
Trd, 000210.833, 172
Trd, 000211.167, 173
Trd, 000211.217, 171
Trd, 000211.550, 171
Trd, 000212.267, 179
Trd, 000212.983, 171
Trd, 000213.233, 170
Trd, 000213.967, 164
Trd, 000214.033, 178
Trd, 000215.183, 179
Trd, 000215.417, 178
Trd, 000215.983, 177
Trd, 000216.950, 174
Trd, 000217.533, 177
Trd, 000218.083, 170
Trd, 000218.633, 175
Trd, 000219.067, 170
Trd, 000219.517, 169
Trd, 000220.883, 170
Trd, 000221.133, 169
Trd, 000221.850, 170
Trd, 000221.933, 159
Trd, 000222.133, 173
Trd, 000222.167, 174
Trd, 000223.433, 166
Trd, 000223.933, 164
Trd, 000224.467, 166
Trd, 000224.567, 167
Trd, 000226.083, 167
Trd, 000226.150, 168
Trd, 000226.700, 170
Trd, 000227.083, 174
Trd, 000227.833, 179
Trd, 000227.933, 174
Trd, 000228.483, 170
Trd, 000228.550, 169
Trd, 000228.700, 171
Trd, 000228.800, 174
Trd, 000229.950, 178
Trd, 000230.867, 181
Trd, 000230.967, 171
Trd, 000231.133, 168
Trd, 000231.617, 188
Trd, 000231.750, 174
Trd, 000231.967, 173
Trd, 000233.367, 175
Trd, 000233.833, 173
Trd, 000235.483, 170
Trd, 000236.183, 169
Trd, 000236.633, 169
Trd, 000236.733, 170
Trd, 000237.233, 170
Trd, 000237.900, 171
Trd, 000237.933, 173
Trd, 000238.750, 172
Trd, 000238.917, 174
Trd, 000239.367, 179
Trd, 000239.733, 167
Trd, 000240.300, 169
Trd, 000240.583, 168
Trd, 000240.783, 167
Trd, 000241.233, 168
Trd, 000241.600, 170
Trd, 000242.067, 172
Trd, 000242.717, 172
Trd, 000243.117, 173
Trd, 000243.167, 173
Trd, 000243.400, 174
Trd, 000243.600, 172
Trd, 000243.717, 175
Trd, 000243.783, 174
Trd, 000244.167, 174
Trd, 000244.367, 175
Trd, 000245.050, 178
Trd, 000245.200, 171
Trd, 000245.317, 170
Trd, 000245.817, 170
Trd, 000245.933, 171
Trd, 000246.117, 173
Trd, 000246.750, 168
Trd, 000246.967, 167
Trd, 000247.333, 165
Trd, 000247.950, 162
Trd, 000248.000, 164
Trd, 000248.117, 164
Trd, 000248.217, 164
Trd, 000248.500, 161
Trd, 000248.633, 161
Trd, 000249.033, 159
Trd, 000249.200, 161
Trd, 000250.083, 160
Trd, 000250.200, 161
Trd, 000250.383, 161
Trd, 000251.767, 169
Trd, 000251.917, 173
Trd, 000252.433, 176
Trd, 000253.167, 177
Trd, 000254.417, 177
Trd, 000254.683, 174
Trd, 000254.883, 177
Trd, 000255.200, 176
Trd, 000255.317, 175
Trd, 000255.350, 177
Trd, 000255.750, 174
Trd, 000255.783, 173
Trd, 000256.533, 177
Trd, 000256.700, 177
Trd, 000256.717, 177
Trd, 000256.850, 174
Trd, 000257.583, 176
Trd, 000257.950, 177
Trd, 000258.083, 180
Trd, 000258.650, 177
Trd, 000258.717, 176
Trd, 000258.867, 178
Trd, 000259.183, 175
Trd, 000260.100, 176
Trd, 000260.150, 181
Trd, 000260.400, 179
Trd, 000260.617, 175
Trd, 000260.883, 174
Trd, 000261.350, 172
Trd, 000261.750, 174
Trd, 000262.200, 175
Trd, 000262.317, 169
Trd, 000262.633, 171
Trd, 000262.950, 175
Trd, 000264.017, 169
Trd, 000264.167, 172
Trd, 000264.883, 183
Trd, 000265.367, 176
Trd, 000265.800, 177
Trd, 000266.100, 176
Trd, 000266.133, 181
Trd, 000266.617, 179
Trd, 000267.717, 182
Trd, 000267.750, 181
Trd, 000268.667, 180
Trd, 000269.033, 188
Trd, 000269.233, 198
Trd, 000269.433, 181
Trd, 000270.467, 182
Trd, 000270.550, 181
Trd, 000270.667, 182
Trd, 000270.783, 184
Trd, 000270.983, 185
Trd, 000271.367, 181
Trd, 000271.567, 177
Trd, 000272.133, 178
Trd, 000272.433, 176
Trd, 000272.617, 177
Trd, 000273.217, 174
Trd, 000273.383, 173
Trd, 000273.850, 175
Trd, 000274.200, 170
Trd, 000274.417, 161
Trd, 000274.667, 170
Trd, 000275.217, 168
Trd, 000275.483, 165
Trd, 000275.650, 178
Trd, 000276.483, 175
Trd, 000276.633, 174
Trd, 000276.683, 175
Trd, 000277.083, 171
Trd, 000277.433, 173
Trd, 000277.950, 175
Trd, 000278.517, 175
Trd, 000278.783, 176
Trd, 000278.967, 180
Trd, 000279.367, 180
Trd, 000279.983, 178
Trd, 000280.233, 178
Trd, 000280.650, 178
Trd, 000280.900, 178
Trd, 000281.350, 176
Trd, 000282.550, 175
Trd, 000282.783, 177
Trd, 000282.817, 176
Trd, 000282.967, 173
Trd, 000283.283, 177
Trd, 000283.467, 171
Trd, 000284.250, 182
Trd, 000285.050, 170
Trd, 000285.183, 169
Trd, 000285.367, 165
Trd, 000285.433, 172
Trd, 000285.650, 173
Trd, 000286.233, 176
Trd, 000286.967, 169
Trd, 000287.100, 180
Trd, 000287.500, 177
Trd, 000287.683, 180
Trd, 000287.800, 176
Trd, 000287.833, 172
Trd, 000288.250, 169
Trd, 000288.700, 184
Trd, 000288.967, 178
Trd, 000289.383, 177
Trd, 000290.300, 175
Trd, 000291.200, 172
Trd, 000291.767, 176
Trd, 000291.933, 171
Trd, 000292.133, 177
Trd, 000292.467, 180
Trd, 000292.483, 187
Trd, 000293.950, 208
Trd, 000294.417, 202
Trd, 000294.567, 201
Trd, 000294.933, 197
Trd, 000294.983, 191
Trd, 000295.317, 183
Trd, 000295.550, 195
Trd, 000296.467, 179
Trd, 000296.533, 186
Trd, 000296.967, 190
Trd, 000297.467, 178
Trd, 000297.800, 170
Trd, 000298.983, 168
Trd, 000299.217, 178
Trd, 000299.483, 179
Trd, 000299.500, 178
Trd, 000299.900, 179
