Trd, 000001.700, 128
Trd, 000002.900, 151
Trd, 000003.517, 163
Trd, 000003.583, 156
Trd, 000005.033, 155
Trd, 000005.250, 151
Trd, 000005.350, 141
Trd, 000005.450, 127
Trd, 000005.517, 132
Trd, 000006.417, 140
Trd, 000007.400, 140
Trd, 000008.567, 140
Trd, 000008.867, 141
Trd, 000009.167, 142
Trd, 000009.600, 146
Trd, 000011.017, 151
Trd, 000011.117, 142
Trd, 000011.150, 152
Trd, 000011.383, 139
Trd, 000012.317, 158
Trd, 000012.500, 146
Trd, 000013.433, 146
Trd, 000014.717, 146
Trd, 000014.733, 150
Trd, 000014.950, 152
Trd, 000015.383, 148
Trd, 000016.633, 146
Trd, 000016.767, 147
Trd, 000017.050, 148
Trd, 000018.300, 146
Trd, 000018.917, 148
Trd, 000019.533, 150
Trd, 000019.667, 153
Trd, 000020.250, 146
Trd, 000020.983, 146
Trd, 000022.233, 141
Trd, 000022.533, 150
Trd, 000022.617, 151
Trd, 000022.750, 139
Trd, 000023.483, 152
Trd, 000023.833, 139
Trd, 000023.867, 153
Trd, 000025.050, 148
Trd, 000025.450, 148
Trd, 000025.650, 147
Trd, 000028.167, 148
Trd, 000028.650, 148
Trd, 000028.850, 149
Trd, 000029.800, 148
Trd, 000030.817, 148
Trd, 000031.050, 149
Trd, 000031.250, 151
Trd, 000031.350, 146
Trd, 000031.950, 151
Trd, 000032.133, 154
Trd, 000032.667, 155
Trd, 000032.683, 160
Trd, 000034.017, 148
Trd, 000034.800, 147
Trd, 000035.033, 148
Trd, 000035.817, 147
Trd, 000037.683, 149
Trd, 000037.833, 147
Trd, 000038.917, 149
Trd, 000039.250, 147
Trd, 000040.217, 148
Trd, 000040.500, 149
Trd, 000040.700, 150
Trd, 000041.017, 155
Trd, 000041.617, 150
Trd, 000041.683, 147
Trd, 000042.117, 145
Trd, 000042.400, 153
Trd, 000043.600, 148
Trd, 000043.650, 149
Trd, 000043.733, 158
Trd, 000044.383, 155
Trd, 000044.517, 149
Trd, 000044.783, 160
Trd, 000045.250, 149
Trd, 000045.633, 154
Trd, 000047.067, 148
Trd, 000048.033, 154
Trd, 000048.733, 143
Trd, 000048.983, 152
Trd, 000049.833, 149
Trd, 000050.300, 149
Trd, 000050.317, 148
Trd, 000051.183, 151
Trd, 000051.433, 151
Trd, 000052.083, 151
Trd, 000052.650, 149
Trd, 000052.717, 148
Trd, 000053.033, 148
Trd, 000054.300, 148
Trd, 000054.700, 147
Trd, 000054.967, 146
Trd, 000056.333, 146
Trd, 000056.433, 147
Trd, 000056.617, 146
Trd, 000057.683, 146
Trd, 000058.417, 148
Trd, 000058.700, 148
Trd, 000059.183, 149
Trd, 000059.250, 145
Trd, 000059.550, 144
Trd, 000060.333, 145
Trd, 000061.367, 147
Trd, 000061.850, 143
Trd, 000061.983, 157
Trd, 000062.267, 165
Trd, 000062.300, 162
Trd, 000063.650, 152
Trd, 000063.983, 151
Trd, 000064.250, 142
Trd, 000066.133, 148
Trd, 000066.833, 147
Trd, 000067.483, 148
Trd, 000068.567, 147
Trd, 000068.733, 148
Trd, 000068.767, 146
Trd, 000069.883, 151
Trd, 000070.350, 144
Trd, 000070.367, 141
Trd, 000070.533, 149
Trd, 000071.383, 143
Trd, 000072.300, 144
Trd, 000072.517, 145
Trd, 000072.900, 146
Trd, 000073.400, 144
Trd, 000073.700, 145
Trd, 000073.967, 147
Trd, 000074.050, 148
Trd, 000074.200, 151
Trd, 000074.617, 146
Trd, 000075.967, 148
Trd, 000076.983, 146
Trd, 000077.417, 150
Trd, 000077.517, 151
Trd, 000079.200, 150
Trd, 000079.650, 149
Trd, 000079.867, 150
Trd, 000080.217, 149
Trd, 000080.583, 151
Trd, 000081.450, 146
Trd, 000081.800, 145
Trd, 000082.683, 152
Trd, 000082.933, 152
Trd, 000083.117, 149
Trd, 000083.433, 158
Trd, 000084.283, 159
Trd, 000084.767, 149
Trd, 000085.633, 149
Trd, 000085.783, 154
Trd, 000086.583, 149
Trd, 000086.867, 153
Trd, 000087.133, 148
Trd, 000087.517, 145
Trd, 000088.267, 154
Trd, 000089.283, 148
Trd, 000089.300, 153
Trd, 000091.367, 152
Trd, 000091.767, 149
Trd, 000091.967, 149
Trd, 000092.117, 147
Trd, 000092.233, 150
Trd, 000092.533, 151
Trd, 000092.600, 152
Trd, 000093.767, 148
Trd, 000095.250, 150
Trd, 000095.850, 150
Trd, 000096.417, 152
Trd, 000096.683, 152
Trd, 000097.050, 164
Trd, 000097.367, 150
Trd, 000099.383, 150
Trd, 000099.433, 151
Trd, 000099.967, 151
Trd, 000100.567, 149
Trd, 000100.783, 148
Trd, 000101.900, 149
Trd, 000101.983, 152
Trd, 000102.367, 154
Trd, 000102.667, 151
Trd, 000104.283, 149
Trd, 000104.617, 150
Trd, 000105.967, 148
Trd, 000106.567, 149
Trd, 000107.200, 147
Trd, 000108.367, 147
Trd, 000108.400, 149
Trd, 000108.567, 149
Trd, 000109.167, 147
Trd, 000109.450, 146
Trd, 000109.850, 150
Trd, 000110.367, 150
Trd, 000110.850, 151
Trd, 000110.983, 162
Trd, 000111.383, 166
Trd, 000111.650, 169
Trd, 000113.567, 160
Trd, 000114.100, 161
Trd, 000114.350, 155
Trd, 000115.317, 157
Trd, 000116.033, 158
Trd, 000116.583, 158
Trd, 000117.017, 156
Trd, 000117.517, 156
Trd, 000118.383, 154
Trd, 000118.700, 149
Trd, 000118.933, 154
Trd, 000120.533, 152
Trd, 000120.567, 153
Trd, 000120.633, 151
Trd, 000120.783, 154
Trd, 000121.367, 156
Trd, 000121.400, 157
Trd, 000122.133, 163
Trd, 000123.000, 177
Trd, 000123.267, 194
Trd, 000123.350, 198
Trd, 000123.600, 211
Trd, 000123.867, 212
Trd, 000124.283, 264
Trd, 000124.583, 303.0
Trd, 000124.650, 306.0
Trd, 000124.667, 313.0
Trd, 000125.183, 331.0
Trd, 000125.483, 334.0
Trd, 000125.633, 320.0
Trd, 000127.250, 351.0
Trd, 000127.300, 365.0
Trd, 000128.000, 341
Trd, 000129.767, 363
Trd, 000130.267, 355
Trd, 000130.700, 342
Trd, 000131.283, 355
Trd, 000131.450, 341
Trd, 000133.433, 338
Trd, 000133.783, 343
Trd, 000134.600, 340
Trd, 000135.267, 338.0
Trd, 000135.350, 337.0
Trd, 000135.917, 337
Trd, 000136.733, 338
Trd, 000138.133, 337
Trd, 000139.067, 336
Trd, 000139.433, 336
Trd, 000140.167, 339
Trd, 000140.433, 340
Trd, 000140.850, 338
Trd, 000141.133, 337.0
Trd, 000141.867, 339
Trd, 000141.883, 340
Trd, 000142.550, 345
Trd, 000144.500, 341
Trd, 000144.583, 338
Trd, 000144.983, 337
Trd, 000145.050, 341
Trd, 000145.700, 342
Trd, 000147.133, 337.0
Trd, 000148.067, 340
Trd, 000148.833, 336
Trd, 000148.917, 342
Trd, 000149.583, 343
Trd, 000150.067, 345
Trd, 000150.567, 341
Trd, 000152.200, 341.0
Trd, 000152.367, 344
Trd, 000152.800, 344
Trd, 000153.117, 339
Trd, 000154.100, 345
Trd, 000155.433, 344
Trd, 000155.950, 344
Trd, 000156.117, 345
Trd, 000156.283, 343
Trd, 000157.683, 344
Trd, 000157.967, 344
Trd, 000158.567, 345
Trd, 000158.767, 345
Trd, 000159.083, 341.0
Trd, 000160.817, 342
Trd, 000161.217, 341.0
Trd, 000161.367, 344
Trd, 000161.550, 339
Trd, 000162.550, 338
Trd, 000164.000, 339
Trd, 000164.750, 337.0
Trd, 000165.050, 334.0
Trd, 000165.517, 335
Trd, 000166.083, 343
Trd, 000166.433, 333
Trd, 000166.767, 344
Trd, 000167.017, 337.0
Trd, 000167.183, 334.0
Trd, 000169.350, 337
Trd, 000169.383, 334
Trd, 000170.100, 335
Trd, 000170.133, 337
Trd, 000171.183, 339
Trd, 000171.383, 341
Trd, 000172.100, 343
Trd, 000172.433, 340
Trd, 000174.650, 344
Trd, 000175.617, 339
Trd, 000175.950, 339
Trd, 000176.733, 338
Trd, 000177.467, 340
Trd, 000178.100, 337.0
Trd, 000179.417, 340
Trd, 000180.067, 344
Trd, 000180.150, 346
Trd, 000180.867, 342
Trd, 000180.933, 339
Trd, 000180.950, 355
Trd, 000181.150, 339
Trd, 000181.500, 334.0
Trd, 000181.517, 350.0
Trd, 000182.083, 348
Trd, 000182.133, 330
Trd, 000182.750, 325
Trd, 000182.917, 324.0
Trd, 000182.967, 238
Trd, 000183.667, 186
Trd, 000184.300, 174
Trd, 000185.967, 164
Trd, 000186.367, 159
Trd, 000186.867, 164
Trd, 000187.217, 161
Trd, 000188.617, 161
Trd, 000188.717, 161
Trd, 000189.250, 160
Trd, 000189.767, 160
Trd, 000189.900, 161
Trd, 000190.367, 166
Trd, 000190.450, 170
Trd, 000191.200, 156
Trd, 000192.383, 157
Trd, 000193.250, 163
Trd, 000193.417, 158
Trd, 000193.633, 156
Trd, 000194.267, 156
Trd, 000194.450, 168
Trd, 000194.667, 161
Trd, 000195.767, 164
Trd, 000195.800, 155
Trd, 000196.267, 157
Trd, 000196.317, 163
Trd, 000196.767, 164
Trd, 000198.233, 164
Trd, 000198.267, 156
Trd, 000201.067, 159
Trd, 000201.100, 157
Trd, 000201.383, 159
Trd, 000202.117, 157
Trd, 000202.233, 160
Trd, 000202.450, 156
Trd, 000202.717, 157
Trd, 000203.800, 157
Trd, 000204.667, 159
Trd, 000205.533, 163
Trd, 000206.000, 163
Trd, 000206.117, 161
Trd, 000206.250, 169
Trd, 000208.217, 161
Trd, 000208.350, 161
Trd, 000208.783, 161
Trd, 000209.000, 159
Trd, 000209.217, 158
Trd, 000210.667, 160
Trd, 000212.617, 159
Trd, 000212.667, 160
Trd, 000213.083, 157
Trd, 000214.317, 160
Trd, 000214.367, 160
Trd, 000214.533, 159
Trd, 000214.550, 165
Trd, 000215.033, 155
Trd, 000215.600, 161
Trd, 000216.600, 156
Trd, 000217.267, 159
Trd, 000217.300, 166
Trd, 000217.433, 167
Trd, 000217.500, 172
Trd, 000217.933, 177
Trd, 000219.417, 154
Trd, 000221.350, 160
Trd, 000221.633, 158
Trd, 000222.300, 157
Trd, 000223.350, 158
Trd, 000223.450, 159
Trd, 000223.500, 156
Trd, 000224.450, 173
Trd, 000224.600, 159
Trd, 000224.800, 180
Trd, 000225.450, 164
Trd, 000225.483, 186
Trd, 000225.883, 159
Trd, 000226.383, 160
Trd, 000226.767, 160
Trd, 000228.067, 166
Trd, 000228.733, 167
Trd, 000228.800, 159
Trd, 000229.400, 158
Trd, 000229.467, 157
Trd, 000230.817, 165
Trd, 000231.133, 166
Trd, 000231.583, 167
Trd, 000231.783, 164
Trd, 000232.833, 164
Trd, 000232.983, 167
Trd, 000233.267, 167
Trd, 000233.367, 168
Trd, 000233.533, 161
Trd, 000236.767, 164
Trd, 000236.783, 162
Trd, 000237.017, 167
Trd, 000237.833, 164
Trd, 000237.900, 166
Trd, 000237.933, 163
Trd, 000237.983, 167
Trd, 000238.000, 160
Trd, 000239.017, 167
Trd, 000240.067, 166
Trd, 000240.083, 165
Trd, 000240.233, 168
Trd, 000240.967, 164
Trd, 000241.133, 165
Trd, 000241.567, 165
Trd, 000242.533, 174
Trd, 000242.633, 164
Trd, 000242.900, 169
Trd, 000243.517, 171
Trd, 000243.883, 170
Trd, 000244.067, 167
Trd, 000244.083, 169
Trd, 000245.450, 169
Trd, 000245.833, 171
Trd, 000245.933, 168
Trd, 000246.233, 172
Trd, 000247.683, 179
Trd, 000248.100, 176
Trd, 000249.000, 176
Trd, 000249.183, 175
Trd, 000249.350, 174
Trd, 000249.600, 175
Trd, 000249.967, 173
Trd, 000251.067, 177
Trd, 000251.300, 176
Trd, 000251.967, 176
Trd, 000252.433, 175
Trd, 000252.483, 174
Trd, 000252.867, 174
Trd, 000252.883, 166
Trd, 000253.667, 174
Trd, 000254.417, 165
Trd, 000254.700, 171
Trd, 000255.183, 165
Trd, 000255.200, 170
Trd, 000255.350, 171
Trd, 000256.600, 167
Trd, 000256.617, 170
Trd, 000256.967, 164
Trd, 000257.233, 168
Trd, 000257.917, 177
Trd, 000258.000, 176
Trd, 000259.467, 178
Trd, 000259.517, 174
Trd, 000259.917, 175
Trd, 000260.117, 174
Trd, 000260.183, 180
Trd, 000260.450, 176
Trd, 000261.483, 178
Trd, 000261.783, 181
Trd, 000262.167, 177
Trd, 000262.850, 176
Trd, 000262.933, 176
Trd, 000263.700, 175
Trd, 000264.417, 174
Trd, 000264.800, 173
Trd, 000265.133, 171
Trd, 000265.400, 170
Trd, 000265.533, 168
Trd, 000265.583, 168
Trd, 000265.617, 167
Trd, 000265.750, 173
Trd, 000266.333, 171
Trd, 000267.050, 171
Trd, 000267.183, 176
Trd, 000267.483, 183
Trd, 000267.617, 185
Trd, 000268.900, 189
Trd, 000269.317, 179
Trd, 000269.383, 176
Trd, 000269.767, 174
Trd, 000270.067, 177
Trd, 000270.233, 178
Trd, 000270.517, 161
Trd, 000270.583, 174
Trd, 000271.350, 169
Trd, 000271.667, 174
Trd, 000271.800, 174
Trd, 000272.117, 180
Trd, 000272.483, 183
Trd, 000272.767, 179
Trd, 000272.833, 175
Trd, 000274.333, 179
Trd, 000274.467, 178
Trd, 000274.867, 184
Trd, 000274.883, 185
Trd, 000275.283, 199
Trd, 000275.633, 192
Trd, 000275.917, 185
Trd, 000275.967, 190
Trd, 000276.117, 175
Trd, 000276.867, 179
Trd, 000277.783, 182
Trd, 000277.883, 178
Trd, 000278.183, 179
Trd, 000278.733, 180
Trd, 000279.033, 169
Trd, 000279.783, 172
Trd, 000280.667, 177
Trd, 000281.183, 179
Trd, 000281.383, 180
Trd, 000282.133, 178
Trd, 000282.400, 182
Trd, 000282.483, 183
Trd, 000282.917, 177
Trd, 000283.133, 176
Trd, 000283.567, 178
Trd, 000284.550, 175
Trd, 000284.633, 174
Trd, 000284.867, 169
Trd, 000285.033, 179
Trd, 000285.067, 183
Trd, 000285.283, 193
Trd, 000285.483, 190
Trd, 000286.067, 184
Trd, 000286.133, 186
Trd, 000287.350, 188
Trd, 000287.717, 205
Trd, 000288.367, 181
Trd, 000288.883, 164
Trd, 000289.417, 158
Trd, 000289.583, 177
Trd, 000289.817, 177
Trd, 000290.283, 186
Trd, 000290.467, 186
Trd, 000290.533, 181
Trd, 000291.567, 180
Trd, 000291.617, 177
Trd, 000292.033, 170
Trd, 000292.417, 184
Trd, 000292.583, 174
Trd, 000293.300, 169
Trd, 000293.467, 170
Trd, 000293.617, 180
Trd, 000293.650, 177
Trd, 000294.200, 186
Trd, 000294.567, 185
Trd, 000295.067, 181
Trd, 000295.833, 180
Trd, 000295.917, 181
Trd, 000296.333, 169
Trd, 000296.883, 182
Trd, 000297.600, 176
Trd, 000297.750, 176
Trd, 000298.217, 167
Trd, 000299.400, 167
Trd, 000299.850, 176
Trd, 000299.900, 177
