Trd, 000001.533, 135
Trd, 000002.267, 137
Trd, 000002.883, 151
Trd, 000002.933, 141
Trd, 000004.100, 158
Trd, 000004.650, 166
Trd, 000005.367, 156
Trd, 000006.183, 158
Trd, 000006.550, 158
Trd, 000007.233, 159
Trd, 000008.067, 162
Trd, 000008.600, 155
Trd, 000008.633, 161
Trd, 000008.717, 152
Trd, 000008.867, 169
Trd, 000009.533, 152
Trd, 000009.683, 167
Trd, 000010.033, 163
Trd, 000010.683, 165
Trd, 000010.917, 163
Trd, 000011.467, 161
Trd, 000011.550, 161
Trd, 000012.033, 159
Trd, 000012.550, 159
Trd, 000013.100, 144
Trd, 000013.317, 150
Trd, 000013.667, 150
Trd, 000014.117, 152
Trd, 000014.400, 159
Trd, 000015.167, 153
Trd, 000015.217, 151
Trd, 000015.783, 154
Trd, 000015.900, 159
Trd, 000016.400, 155
Trd, 000017.750, 157
Trd, 000018.733, 159
Trd, 000019.500, 157
Trd, 000019.533, 155
Trd, 000019.800, 160
Trd, 000020.000, 155
Trd, 000020.567, 155
Trd, 000020.750, 153
Trd, 000021.000, 166
Trd, 000021.117, 167
Trd, 000022.100, 167
Trd, 000022.367, 175
Trd, 000022.950, 176
Trd, 000023.400, 165
Trd, 000023.567, 167
Trd, 000023.617, 165
Trd, 000024.083, 163
Trd, 000024.767, 157
Trd, 000024.783, 172
Trd, 000025.483, 153
Trd, 000025.967, 147
Trd, 000026.983, 157
Trd, 000027.683, 158
Trd, 000028.050, 156
Trd, 000028.100, 167
Trd, 000028.233, 167
Trd, 000028.600, 161
Trd, 000029.700, 155
Trd, 000030.667, 154
Trd, 000030.767, 152
Trd, 000031.333, 160
Trd, 000032.150, 160
Trd, 000032.417, 158
Trd, 000032.567, 156
Trd, 000032.733, 159
Trd, 000033.050, 159
Trd, 000033.250, 159
Trd, 000034.167, 154
Trd, 000034.733, 154
Trd, 000035.267, 162
Trd, 000036.433, 166
Trd, 000036.983, 158
Trd, 000037.483, 162
Trd, 000038.300, 163
Trd, 000038.783, 155
Trd, 000038.967, 154
Trd, 000039.333, 163
Trd, 000039.367, 155
Trd, 000039.833, 152
Trd, 000040.067, 164
Trd, 000040.550, 166
Trd, 000040.650, 150
Trd, 000041.500, 162
Trd, 000041.800, 166
Trd, 000042.117, 167
Trd, 000042.683, 162
Trd, 000043.267, 162
Trd, 000044.600, 162
Trd, 000045.167, 165
Trd, 000045.517, 162
Trd, 000045.717, 159
Trd, 000045.950, 162
Trd, 000045.983, 167
Trd, 000047.050, 167
Trd, 000047.850, 168
Trd, 000048.117, 169
Trd, 000048.967, 163
Trd, 000049.133, 161
Trd, 000049.267, 161
Trd, 000049.400, 148
Trd, 000049.467, 167
Trd, 000050.150, 155
Trd, 000050.200, 156
Trd, 000050.833, 163
Trd, 000050.867, 155
Trd, 000050.967, 153
Trd, 000051.817, 165
Trd, 000052.183, 161
Trd, 000052.400, 139
Trd, 000052.767, 168
Trd, 000053.417, 162
Trd, 000054.533, 162
Trd, 000054.633, 155
Trd, 000054.967, 154
Trd, 000055.117, 163
Trd, 000056.533, 163
Trd, 000057.567, 157
Trd, 000057.983, 149
Trd, 000058.517, 155
Trd, 000058.800, 156
Trd, 000059.350, 156
Trd, 000060.217, 152
Trd, 000060.233, 149
Trd, 000060.917, 149
Trd, 000060.967, 157
Trd, 000061.583, 164
Trd, 000062.533, 157
Trd, 000062.583, 161
Trd, 000062.633, 150
Trd, 000062.933, 170
Trd, 000063.550, 155
Trd, 000065.350, 160
Trd, 000066.167, 157
Trd, 000067.267, 155
Trd, 000067.533, 159
Trd, 000068.367, 157
Trd, 000068.383, 159
Trd, 000069.250, 158
Trd, 000069.750, 158
Trd, 000070.017, 157
Trd, 000070.333, 161
Trd, 000070.750, 165
Trd, 000071.833, 161
Trd, 000072.250, 161
Trd, 000072.317, 160
Trd, 000072.333, 171
Trd, 000072.533, 159
Trd, 000072.733, 158
Trd, 000073.333, 171
Trd, 000073.517, 172
Trd, 000073.933, 158
Trd, 000075.517, 167
Trd, 000075.867, 158
Trd, 000076.217, 158
Trd, 000076.700, 166
Trd, 000076.800, 166
Trd, 000077.050, 167
Trd, 000078.367, 163
Trd, 000078.550, 162
Trd, 000079.350, 162
Trd, 000079.450, 161
Trd, 000079.733, 164
Trd, 000080.117, 163
Trd, 000080.550, 166
Trd, 000080.633, 162
Trd, 000081.033, 159
Trd, 000081.167, 151
Trd, 000081.817, 166
Trd, 000081.967, 166
Trd, 000082.050, 154
Trd, 000082.667, 169
Trd, 000083.200, 169
Trd, 000084.067, 159
Trd, 000084.550, 157
Trd, 000085.600, 162
Trd, 000085.650, 162
Trd, 000085.800, 173
Trd, 000086.767, 165
Trd, 000087.133, 165
Trd, 000087.950, 163
Trd, 000088.517, 143
Trd, 000089.000, 167
Trd, 000090.383, 160
Trd, 000090.483, 171
Trd, 000090.500, 172
Trd, 000090.950, 160
Trd, 000091.133, 160
Trd, 000091.933, 160
Trd, 000092.067, 158
Trd, 000092.350, 170
Trd, 000092.917, 166
Trd, 000093.050, 167
Trd, 000093.100, 153
Trd, 000094.600, 170
Trd, 000095.783, 164
Trd, 000095.800, 159
Trd, 000096.200, 161
Trd, 000096.217, 157
Trd, 000096.833, 168
Trd, 000099.833, 167
Trd, 000099.950, 161
Trd, 000100.117, 161
Trd, 000100.200, 168
Trd, 000100.317, 160
Trd, 000100.450, 173
Trd, 000101.350, 167
Trd, 000102.233, 167
Trd, 000102.400, 168
Trd, 000102.567, 169
Trd, 000102.600, 169
Trd, 000103.133, 169
Trd, 000103.400, 168
Trd, 000103.633, 167
Trd, 000105.150, 166
Trd, 000105.233, 161
Trd, 000107.083, 158
Trd, 000107.667, 166
Trd, 000107.900, 153
Trd, 000107.967, 167
Trd, 000108.283, 162
Trd, 000108.683, 168
Trd, 000109.000, 172
Trd, 000110.333, 160
Trd, 000110.467, 165
Trd, 000111.717, 161
Trd, 000112.600, 161
Trd, 000112.667, 163
Trd, 000113.050, 165
Trd, 000114.017, 162
Trd, 000114.150, 160
Trd, 000114.250, 161
Trd, 000114.533, 160
Trd, 000115.000, 162
Trd, 000115.683, 165
Trd, 000116.000, 155
Trd, 000116.533, 173
Trd, 000116.550, 165
Trd, 000116.700, 154
Trd, 000116.850, 166
Trd, 000117.417, 166
Trd, 000117.717, 149
Trd, 000118.283, 177
Trd, 000119.033, 154
Trd, 000119.367, 165
Trd, 000119.883, 167
Trd, 000120.100, 168
Trd, 000120.533, 159
Trd, 000121.650, 170
Trd, 000121.783, 179
Trd, 000122.350, 180
Trd, 000122.383, 165
Trd, 000122.700, 182
Trd, 000123.183, 198
Trd, 000123.517, 323
Trd, 000123.583, 351.0
Trd, 000123.767, 361
Trd, 000124.383, 358
Trd, 000124.650, 368.0
Trd, 000124.933, 357
Trd, 000125.300, 355.0
Trd, 000125.950, 352.0
Trd, 000126.133, 351.0
Trd, 000126.483, 351.0
Trd, 000127.567, 358.0
Trd, 000128.750, 349
Trd, 000128.983, 358.0
Trd, 000129.017, 348
Trd, 000129.100, 347
Trd, 000129.383, 362
Trd, 000131.317, 357
Trd, 000132.017, 355.0
Trd, 000132.033, 348
Trd, 000133.067, 365
Trd, 000134.183, 364
Trd, 000134.383, 365
Trd, 000135.450, 361
Trd, 000135.467, 364
Trd, 000136.200, 361
Trd, 000136.433, 355.0
Trd, 000136.600, 364
Trd, 000137.433, 353
Trd, 000138.283, 353.0
Trd, 000139.067, 351.0
Trd, 000139.633, 344
Trd, 000140.133, 343
Trd, 000140.867, 339
Trd, 000141.483, 352
Trd, 000141.633, 350
Trd, 000142.183, 345
Trd, 000142.400, 343
Trd, 000143.417, 350.0
Trd, 000143.600, 343
Trd, 000143.750, 351.0
Trd, 000144.500, 348
Trd, 000144.600, 351.0
Trd, 000144.900, 341
Trd, 000145.883, 341
Trd, 000145.950, 352
Trd, 000146.000, 358.0
Trd, 000146.750, 345
Trd, 000147.067, 341
Trd, 000147.683, 340
Trd, 000148.000, 357
Trd, 000148.367, 334.0
Trd, 000148.433, 337
Trd, 000148.600, 356
Trd, 000150.233, 357
Trd, 000151.050, 358
Trd, 000152.033, 358.0
Trd, 000152.267, 351
Trd, 000153.617, 354
Trd, 000153.633, 360
Trd, 000155.500, 355
Trd, 000155.917, 354
Trd, 000157.067, 351
Trd, 000157.167, 351.0
Trd, 000157.683, 356.0
Trd, 000157.967, 342
Trd, 000158.183, 351
Trd, 000158.967, 352
Trd, 000159.067, 350
Trd, 000159.183, 348
Trd, 000159.433, 351.0
Trd, 000159.600, 341
Trd, 000160.967, 345
Trd, 000162.133, 349
Trd, 000162.350, 350
Trd, 000162.433, 348
Trd, 000162.533, 347
Trd, 000162.550, 338
Trd, 000162.867, 349
Trd, 000163.517, 345
Trd, 000163.600, 347
Trd, 000164.117, 349
Trd, 000164.917, 340
Trd, 000165.433, 348
Trd, 000167.350, 342
Trd, 000168.333, 346
Trd, 000168.417, 347
Trd, 000169.717, 348
Trd, 000170.717, 344
Trd, 000171.317, 351
Trd, 000171.450, 346
Trd, 000171.883, 351.0
Trd, 000172.817, 358.0
Trd, 000173.917, 348
Trd, 000174.233, 346
Trd, 000174.633, 349
Trd, 000175.167, 354
Trd, 000175.367, 353
Trd, 000175.567, 343
Trd, 000176.133, 345
Trd, 000176.183, 343
Trd, 000176.500, 355
Trd, 000177.283, 343
Trd, 000177.467, 349
Trd, 000177.633, 338
Trd, 000178.000, 345
Trd, 000178.283, 343
Trd, 000178.783, 340
Trd, 000178.950, 348
Trd, 000179.283, 351.0
Trd, 000180.667, 345
Trd, 000180.783, 350
Trd, 000181.017, 346
Trd, 000181.967, 345
Trd, 000182.017, 344
Trd, 000182.500, 334.0
Trd, 000182.583, 331.0
Trd, 000183.033, 320.0
Trd, 000183.733, 313.0
Trd, 000184.283, 252
Trd, 000184.583, 169
Trd, 000185.100, 181
Trd, 000186.150, 201
Trd, 000186.350, 161
Trd, 000186.417, 160
Trd, 000187.067, 170
Trd, 000187.400, 192
Trd, 000187.867, 185
Trd, 000188.017, 174
Trd, 000188.267, 166
Trd, 000188.550, 198
Trd, 000188.667, 183
Trd, 000189.583, 197
Trd, 000192.017, 181
Trd, 000192.650, 185
Trd, 000193.067, 185
Trd, 000193.317, 185
Trd, 000193.600, 181
Trd, 000194.467, 181
Trd, 000194.900, 180
Trd, 000195.467, 178
Trd, 000195.633, 175
Trd, 000195.900, 182
Trd, 000196.050, 178
Trd, 000196.667, 178
Trd, 000197.750, 172
Trd, 000198.633, 170
Trd, 000199.650, 176
Trd, 000200.117, 172
Trd, 000200.183, 171
Trd, 000200.350, 171
Trd, 000200.400, 178
Trd, 000200.850, 170
Trd, 000200.950, 182
Trd, 000201.083, 184
Trd, 000202.050, 173
Trd, 000202.500, 185
Trd, 000202.583, 180
Trd, 000203.217, 172
Trd, 000203.617, 171
Trd, 000204.050, 170
Trd, 000204.633, 166
Trd, 000204.750, 163
Trd, 000205.533, 179
Trd, 000205.733, 180
Trd, 000206.100, 183
Trd, 000207.083, 170
Trd, 000208.583, 180
Trd, 000209.200, 181
Trd, 000209.650, 179
Trd, 000209.667, 181
Trd, 000211.917, 180
Trd, 000211.950, 181
Trd, 000213.100, 179
Trd, 000213.617, 180
Trd, 000213.850, 184
Trd, 000214.633, 179
Trd, 000214.783, 176
Trd, 000215.150, 183
Trd, 000216.050, 177
Trd, 000216.067, 176
Trd, 000216.300, 183
Trd, 000217.317, 177
Trd, 000217.617, 181
Trd, 000217.950, 183
Trd, 000218.033, 185
Trd, 000220.083, 180
Trd, 000220.117, 177
Trd, 000220.433, 177
Trd, 000221.383, 177
Trd, 000221.500, 180
Trd, 000221.867, 182
Trd, 000222.000, 183
Trd, 000222.300, 177
Trd, 000222.417, 173
Trd, 000223.300, 184
Trd, 000224.817, 184
Trd, 000224.950, 182
Trd, 000225.367, 178
Trd, 000225.767, 190
Trd, 000226.033, 184
Trd, 000226.333, 178
Trd, 000226.467, 177
Trd, 000226.733, 186
Trd, 000227.217, 158
Trd, 000227.783, 187
Trd, 000228.150, 188
Trd, 000229.833, 181
Trd, 000229.883, 180
Trd, 000230.317, 184
Trd, 000230.667, 188
Trd, 000230.700, 179
Trd, 000231.067, 191
Trd, 000231.250, 179
Trd, 000231.867, 189
Trd, 000233.067, 183
Trd, 000233.150, 183
Trd, 000233.967, 188
Trd, 000234.083, 191
Trd, 000234.100, 182
Trd, 000235.500, 182
Trd, 000235.600, 188
Trd, 000236.233, 188
Trd, 000236.517, 178
Trd, 000236.667, 175
Trd, 000237.050, 177
Trd, 000237.467, 189
Trd, 000237.600, 189
Trd, 000238.150, 175
Trd, 000238.533, 165
Trd, 000238.583, 164
Trd, 000238.617, 157
Trd, 000239.933, 203
Trd, 000240.200, 197
Trd, 000241.600, 192
Trd, 000241.717, 190
Trd, 000241.900, 189
Trd, 000241.983, 189
Trd, 000242.567, 187
Trd, 000243.183, 192
Trd, 000244.100, 189
Trd, 000244.167, 191
Trd, 000244.417, 179
Trd, 000245.050, 180
Trd, 000245.400, 179
Trd, 000245.467, 175
Trd, 000245.683, 182
Trd, 000245.783, 172
Trd, 000246.400, 171
Trd, 000246.733, 176
Trd, 000246.850, 167
Trd, 000247.883, 170
Trd, 000248.117, 176
Trd, 000248.167, 178
Trd, 000248.517, 169
Trd, 000249.483, 172
Trd, 000249.500, 171
Trd, 000250.183, 172
Trd, 000250.667, 171
Trd, 000250.733, 169
Trd, 000252.150, 174
Trd, 000252.750, 172
Trd, 000253.150, 174
Trd, 000253.800, 176
Trd, 000254.267, 174
Trd, 000254.683, 183
Trd, 000254.850, 173
Trd, 000255.150, 179
Trd, 000256.400, 174
Trd, 000256.650, 172
Trd, 000256.683, 171
Trd, 000257.217, 171
Trd, 000257.283, 174
Trd, 000258.450, 170
Trd, 000258.517, 174
Trd, 000258.833, 169
Trd, 000259.617, 174
Trd, 000259.917, 174
Trd, 000260.100, 172
Trd, 000260.667, 174
Trd, 000261.450, 173
Trd, 000261.500, 176
Trd, 000261.650, 175
Trd, 000262.233, 184
Trd, 000262.467, 175
Trd, 000262.700, 191
Trd, 000262.817, 191
Trd, 000263.300, 177
Trd, 000264.033, 191
Trd, 000265.417, 180
Trd, 000265.750, 182
Trd, 000266.083, 181
Trd, 000266.483, 181
Trd, 000266.650, 181
Trd, 000267.050, 179
Trd, 000267.217, 178
Trd, 000269.000, 177
Trd, 000269.883, 177
Trd, 000270.333, 179
Trd, 000270.433, 178
Trd, 000270.733, 178
Trd, 000271.400, 179
Trd, 000271.467, 177
Trd, 000271.883, 177
Trd, 000272.233, 179
Trd, 000273.133, 178
Trd, 000273.617, 176
Trd, 000273.700, 176
Trd, 000273.883, 175
Trd, 000274.400, 179
Trd, 000275.033, 178
Trd, 000275.183, 176
Trd, 000275.667, 175
Trd, 000276.500, 174
Trd, 000276.900, 171
Trd, 000277.133, 181
Trd, 000277.900, 182
Trd, 000277.917, 184
Trd, 000278.483, 173
Trd, 000279.283, 171
Trd, 000279.583, 179
Trd, 000280.117, 174
Trd, 000281.000, 181
Trd, 000281.033, 182
Trd, 000281.150, 186
Trd, 000281.583, 173
Trd, 000282.433, 186
Trd, 000282.767, 181
Trd, 000282.900, 183
Trd, 000282.983, 194
Trd, 000283.150, 196
Trd, 000283.783, 193
Trd, 000283.933, 187
Trd, 000284.333, 187
Trd, 000285.233, 184
Trd, 000287.600, 163
Trd, 000288.200, 169
Trd, 000288.317, 163
Trd, 000288.467, 163
Trd, 000289.033, 165
Trd, 000289.400, 170
Trd, 000289.583, 171
Trd, 000289.600, 177
Trd, 000289.767, 180
Trd, 000289.783, 166
Trd, 000290.033, 165
Trd, 000291.517, 166
Trd, 000292.383, 175
Trd, 000293.200, 164
Trd, 000293.250, 164
Trd, 000293.350, 164
Trd, 000294.083, 167
Trd, 000294.700, 165
Trd, 000294.717, 168
Trd, 000295.117, 187
Trd, 000295.250, 195
Trd, 000296.967, 167
Trd, 000297.000, 166
Trd, 000297.183, 168
Trd, 000297.567, 167
Trd, 000297.967, 170
Trd, 000298.367, 171
Trd, 000298.417, 168
Trd, 000298.433, 168
Trd, 000298.633, 173
Trd, 000299.050, 178
Trd, 000299.167, 184
Trd, 000299.500, 176
