Trd, 000001.100, 157
Trd, 000002.783, 145
Trd, 000003.050, 133
Trd, 000003.200, 146
Trd, 000003.800, 131
Trd, 000004.150, 128
Trd, 000004.267, 145
Trd, 000005.783, 135
Trd, 000006.000, 129
Trd, 000007.200, 139
Trd, 000007.800, 137
Trd, 000007.833, 138
Trd, 000008.133, 136
Trd, 000008.450, 142
Trd, 000009.667, 144
Trd, 000010.450, 143
Trd, 000010.567, 138
Trd, 000011.350, 149
Trd, 000012.767, 159
Trd, 000012.833, 158
Trd, 000012.900, 149
Trd, 000013.817, 147
Trd, 000015.233, 132
Trd, 000015.467, 137
Trd, 000015.917, 140
Trd, 000015.933, 143
Trd, 000016.483, 129
Trd, 000016.900, 139
Trd, 000017.100, 143
Trd, 000017.283, 139
Trd, 000017.350, 134
Trd, 000018.450, 174
Trd, 000020.033, 159
Trd, 000020.217, 158
Trd, 000020.500, 160
Trd, 000020.733, 162
Trd, 000021.233, 161
Trd, 000022.350, 180
Trd, 000023.150, 174
Trd, 000024.517, 171
Trd, 000024.783, 171
Trd, 000025.017, 165
Trd, 000025.183, 164
Trd, 000025.467, 167
Trd, 000025.667, 150
Trd, 000025.700, 130
Trd, 000026.467, 161
Trd, 000027.167, 152
Trd, 000028.250, 141
Trd, 000028.633, 144
Trd, 000029.050, 134
Trd, 000029.683, 140
Trd, 000029.767, 140
Trd, 000029.833, 135
Trd, 000030.383, 140
Trd, 000030.900, 141
Trd, 000030.967, 141
Trd, 000031.667, 144
Trd, 000031.850, 141
Trd, 000032.333, 134
Trd, 000032.383, 127
Trd, 000033.783, 142
Trd, 000034.350, 148
Trd, 000034.900, 145
Trd, 000034.933, 136
Trd, 000035.600, 161
Trd, 000036.517, 148
Trd, 000037.300, 151
Trd, 000037.317, 152
Trd, 000037.650, 149
Trd, 000038.183, 152
Trd, 000038.617, 151
Trd, 000038.867, 132
Trd, 000038.933, 152
Trd, 000039.100, 150
Trd, 000039.683, 152
Trd, 000040.100, 152
Trd, 000040.933, 145
Trd, 000041.050, 131
Trd, 000041.183, 129
Trd, 000041.700, 151
Trd, 000041.817, 152
Trd, 000043.383, 145
Trd, 000043.867, 141
Trd, 000044.117, 139
Trd, 000044.517, 143
Trd, 000045.700, 138
Trd, 000046.317, 141
Trd, 000046.400, 137
Trd, 000046.467, 142
Trd, 000047.633, 144
Trd, 000049.167, 139
Trd, 000050.133, 133
Trd, 000050.283, 144
Trd, 000050.500, 133
Trd, 000051.383, 140
Trd, 000051.533, 138
Trd, 000051.633, 140
Trd, 000051.867, 140
Trd, 000051.917, 142
Trd, 000052.067, 177
Trd, 000052.583, 136
Trd, 000052.800, 167
Trd, 000053.050, 164
Trd, 000055.033, 155
Trd, 000055.950, 158
Trd, 000056.200, 158
Trd, 000056.383, 157
Trd, 000056.517, 133
Trd, 000056.667, 132
Trd, 000057.133, 136
Trd, 000057.167, 138
Trd, 000057.300, 160
Trd, 000058.050, 155
Trd, 000059.100, 152
Trd, 000060.483, 148
Trd, 000060.783, 148
Trd, 000060.950, 147
Trd, 000061.233, 149
Trd, 000061.350, 133
Trd, 000063.433, 143
Trd, 000063.500, 142
Trd, 000063.683, 137
Trd, 000064.817, 137
Trd, 000065.067, 136
Trd, 000065.167, 137
Trd, 000065.500, 136
Trd, 000065.900, 140
Trd, 000066.283, 137
Trd, 000066.967, 148
Trd, 000067.167, 144
Trd, 000067.533, 143
Trd, 000067.933, 142
Trd, 000068.800, 138
Trd, 000069.350, 149
Trd, 000069.467, 152
Trd, 000069.833, 172
Trd, 000070.550, 150
Trd, 000070.883, 152
Trd, 000071.333, 146
Trd, 000071.533, 153
Trd, 000072.733, 151
Trd, 000073.617, 152
Trd, 000074.433, 151
Trd, 000074.933, 152
Trd, 000075.250, 153
Trd, 000075.983, 150
Trd, 000076.117, 153
Trd, 000076.133, 154
Trd, 000076.567, 155
Trd, 000077.117, 149
Trd, 000078.217, 152
Trd, 000078.417, 150
Trd, 000079.217, 151
Trd, 000079.333, 152
Trd, 000079.633, 151
Trd, 000079.750, 153
Trd, 000079.917, 149
Trd, 000080.667, 152
Trd, 000081.317, 149
Trd, 000081.333, 151
Trd, 000081.950, 151
Trd, 000082.750, 156
Trd, 000083.317, 142
Trd, 000084.117, 141
Trd, 000084.783, 151
Trd, 000085.150, 150
Trd, 000085.267, 151
Trd, 000085.700, 151
Trd, 000085.967, 152
Trd, 000086.617, 148
Trd, 000087.633, 148
Trd, 000087.683, 152
Trd, 000088.400, 153
Trd, 000088.717, 154
Trd, 000089.000, 149
Trd, 000089.683, 148
Trd, 000090.100, 154
Trd, 000090.833, 143
Trd, 000091.367, 149
Trd, 000091.683, 136
Trd, 000091.950, 152
Trd, 000091.967, 145
Trd, 000093.017, 144
Trd, 000094.483, 146
Trd, 000094.733, 141
Trd, 000095.517, 146
Trd, 000095.617, 142
Trd, 000096.067, 142
Trd, 000096.383, 137
Trd, 000096.533, 145
Trd, 000098.250, 144
Trd, 000098.400, 143
Trd, 000098.967, 145
Trd, 000099.000, 146
Trd, 000099.100, 141
Trd, 000099.950, 147
Trd, 000100.700, 141
Trd, 000100.717, 148
Trd, 000101.333, 156
Trd, 000101.600, 155
Trd, 000102.100, 140
Trd, 000102.950, 158
Trd, 000103.183, 159
Trd, 000103.633, 158
Trd, 000103.650, 158
Trd, 000104.500, 166
Trd, 000105.583, 159
Trd, 000105.617, 161
Trd, 000105.750, 163
Trd, 000106.083, 160
Trd, 000106.250, 163
Trd, 000106.450, 161
Trd, 000107.150, 173
Trd, 000107.633, 165
Trd, 000108.067, 169
Trd, 000108.533, 169
Trd, 000108.600, 142
Trd, 000109.950, 137
Trd, 000110.583, 143
Trd, 000110.617, 138
Trd, 000111.317, 151
Trd, 000111.383, 151
Trd, 000111.967, 151
Trd, 000112.033, 154
Trd, 000112.617, 152
Trd, 000112.650, 154
Trd, 000112.967, 151
Trd, 000113.950, 153
Trd, 000114.500, 153
Trd, 000114.833, 144
Trd, 000115.883, 138
Trd, 000116.283, 159
Trd, 000116.633, 157
Trd, 000117.000, 158
Trd, 000117.267, 149
Trd, 000117.367, 169
Trd, 000117.667, 147
Trd, 000118.283, 158
Trd, 000118.967, 156
Trd, 000119.100, 159
Trd, 000120.217, 145
Trd, 000121.367, 149
Trd, 000121.533, 157
Trd, 000121.567, 158
Trd, 000121.700, 159
Trd, 000122.117, 177
Trd, 000122.350, 201
Trd, 000122.833, 203
Trd, 000122.983, 212
Trd, 000123.600, 291
Trd, 000124.417, 311
Trd, 000125.233, 302.0
Trd, 000125.317, 303.0
Trd, 000125.450, 306.0
Trd, 000126.133, 327.0
Trd, 000126.550, 313.0
Trd, 000126.917, 328
Trd, 000127.000, 334.0
Trd, 000127.917, 335.0
Trd, 000128.867, 335
Trd, 000129.633, 316
Trd, 000129.917, 336.0
Trd, 000130.017, 316
Trd, 000131.133, 327.0
Trd, 000131.933, 326
Trd, 000132.050, 337
Trd, 000133.617, 327.0
Trd, 000133.750, 326
Trd, 000134.383, 325.0
Trd, 000134.433, 326
Trd, 000135.000, 329
Trd, 000135.883, 334.0
Trd, 000136.100, 337.0
Trd, 000136.217, 348.0
Trd, 000136.867, 360
Trd, 000137.167, 362.0
Trd, 000137.367, 365.0
Trd, 000137.400, 360
Trd, 000138.083, 359
Trd, 000138.833, 349
Trd, 000139.200, 348.0
Trd, 000140.233, 350
Trd, 000141.150, 344
Trd, 000141.867, 333
Trd, 000143.100, 341
Trd, 000143.717, 340
Trd, 000145.133, 338
Trd, 000145.583, 338
Trd, 000145.833, 338
Trd, 000146.533, 336
Trd, 000146.583, 337
Trd, 000147.233, 331.0
Trd, 000147.467, 325.0
Trd, 000147.483, 336
Trd, 000148.250, 324.0
Trd, 000149.117, 336
Trd, 000149.417, 335
Trd, 000149.783, 337.0
Trd, 000151.317, 337
Trd, 000151.433, 334
Trd, 000151.750, 334
Trd, 000151.833, 332
Trd, 000151.850, 335
Trd, 000151.950, 341
Trd, 000152.050, 348.0
Trd, 000153.100, 350
Trd, 000153.650, 358.0
Trd, 000153.850, 344
Trd, 000154.467, 349
Trd, 000154.867, 345
Trd, 000155.933, 331.0
Trd, 000156.717, 341
Trd, 000157.200, 344
Trd, 000158.100, 342
Trd, 000158.283, 342
Trd, 000158.967, 342
Trd, 000159.450, 336
Trd, 000160.333, 339
Trd, 000160.417, 341
Trd, 000160.533, 336
Trd, 000161.183, 343
Trd, 000161.950, 337
Trd, 000162.067, 334
Trd, 000162.533, 346
Trd, 000163.717, 334
Trd, 000163.900, 341
Trd, 000164.017, 337
Trd, 000164.100, 333
Trd, 000164.117, 341
Trd, 000165.417, 338
Trd, 000165.850, 340
Trd, 000166.417, 334.0
Trd, 000166.650, 341
Trd, 000167.600, 340
Trd, 000167.717, 341
Trd, 000168.300, 340
Trd, 000168.567, 339
Trd, 000169.767, 334
Trd, 000169.900, 344
Trd, 000170.067, 327.0
Trd, 000170.583, 331.0
Trd, 000170.667, 324.0
Trd, 000171.250, 348.0
Trd, 000172.200, 346
Trd, 000172.433, 347
Trd, 000173.167, 359.0
Trd, 000173.367, 358.0
Trd, 000173.833, 348.0
Trd, 000174.350, 356
Trd, 000174.833, 348
Trd, 000174.917, 365.0
Trd, 000175.167, 334
Trd, 000176.400, 314
Trd, 000176.867, 349
Trd, 000177.117, 331.0
Trd, 000178.100, 328
Trd, 000178.500, 329.0
Trd, 000178.917, 332
Trd, 000180.767, 332.0
Trd, 000181.250, 334.0
Trd, 000181.383, 332.0
Trd, 000182.033, 334
Trd, 000182.317, 331.0
Trd, 000182.383, 327.0
Trd, 000182.400, 324.0
Trd, 000182.700, 334
Trd, 000183.483, 312
Trd, 000183.550, 335.0
Trd, 000183.650, 303.0
Trd, 000183.833, 202
Trd, 000184.950, 201
Trd, 000185.050, 187
Trd, 000185.317, 186
Trd, 000187.733, 192
Trd, 000187.983, 190
Trd, 000188.033, 181
Trd, 000188.150, 185
Trd, 000189.400, 181
Trd, 000189.483, 189
Trd, 000189.583, 176
Trd, 000189.617, 150
Trd, 000190.700, 186
Trd, 000191.083, 183
Trd, 000191.650, 171
Trd, 000192.133, 177
Trd, 000193.150, 176
Trd, 000193.283, 177
Trd, 000193.517, 178
Trd, 000194.100, 175
Trd, 000194.450, 176
Trd, 000194.883, 168
Trd, 000195.767, 178
Trd, 000196.117, 170
Trd, 000196.767, 168
Trd, 000196.883, 168
Trd, 000197.700, 146
Trd, 000197.917, 169
Trd, 000198.217, 167
Trd, 000198.250, 168
Trd, 000198.383, 169
Trd, 000199.050, 145
Trd, 000199.917, 160
Trd, 000200.033, 167
Trd, 000200.400, 159
Trd, 000200.700, 168
Trd, 000201.067, 168
Trd, 000203.133, 151
Trd, 000203.183, 147
Trd, 000203.217, 144
Trd, 000204.183, 178
Trd, 000204.867, 161
Trd, 000204.917, 168
Trd, 000206.300, 177
Trd, 000207.083, 178
Trd, 000207.467, 170
Trd, 000208.417, 169
Trd, 000208.567, 169
Trd, 000209.517, 170
Trd, 000209.883, 152
Trd, 000210.600, 163
Trd, 000210.650, 162
Trd, 000211.117, 167
Trd, 000211.517, 162
Trd, 000211.633, 163
Trd, 000211.817, 166
Trd, 000214.483, 156
Trd, 000214.667, 158
Trd, 000214.833, 159
Trd, 000215.033, 156
Trd, 000215.317, 159
Trd, 000215.467, 159
Trd, 000216.300, 157
Trd, 000216.633, 152
Trd, 000216.817, 162
Trd, 000217.600, 169
Trd, 000217.650, 159
Trd, 000219.283, 164
Trd, 000219.467, 158
Trd, 000219.617, 156
Trd, 000220.033, 162
Trd, 000220.067, 155
Trd, 000220.450, 163
Trd, 000220.517, 161
Trd, 000221.083, 153
Trd, 000221.833, 153
Trd, 000221.967, 154
Trd, 000222.583, 155
Trd, 000222.750, 156
Trd, 000223.317, 157
Trd, 000223.750, 157
Trd, 000223.917, 153
Trd, 000224.167, 149
Trd, 000224.767, 156
Trd, 000225.267, 170
Trd, 000225.367, 187
Trd, 000226.217, 155
Trd, 000227.183, 162
Trd, 000227.283, 153
Trd, 000229.450, 156
Trd, 000229.967, 156
Trd, 000230.283, 155
Trd, 000230.733, 157
Trd, 000230.800, 157
Trd, 000231.183, 154
Trd, 000231.233, 156
Trd, 000231.317, 153
Trd, 000232.300, 157
Trd, 000233.300, 157
Trd, 000233.450, 160
Trd, 000234.367, 164
Trd, 000234.467, 171
Trd, 000235.000, 155
Trd, 000235.567, 185
Trd, 000235.617, 184
Trd, 000236.833, 171
Trd, 000238.317, 169
Trd, 000238.567, 155
Trd, 000238.717, 170
Trd, 000239.233, 169
Trd, 000239.267, 171
Trd, 000239.717, 172
Trd, 000240.267, 180
Trd, 000240.500, 180
Trd, 000240.950, 181
Trd, 000241.317, 181
Trd, 000242.067, 186
Trd, 000242.467, 183
Trd, 000242.500, 185
Trd, 000242.683, 182
Trd, 000244.183, 182
Trd, 000244.217, 178
Trd, 000244.650, 175
Trd, 000244.883, 172
Trd, 000244.967, 180
Trd, 000244.983, 182
Trd, 000245.650, 181
Trd, 000246.517, 175
Trd, 000247.050, 174
Trd, 000247.283, 169
Trd, 000248.383, 172
Trd, 000248.483, 156
Trd, 000249.083, 170
Trd, 000249.550, 172
Trd, 000249.767, 176
Trd, 000250.983, 185
Trd, 000251.050, 185
Trd, 000251.117, 186
Trd, 000251.267, 183
Trd, 000252.383, 184
Trd, 000252.400, 173
Trd, 000252.617, 184
Trd, 000253.050, 185
Trd, 000254.000, 183
Trd, 000254.150, 178
Trd, 000254.183, 185
Trd, 000254.950, 176
Trd, 000255.333, 186
Trd, 000256.433, 189
Trd, 000256.533, 190
Trd, 000256.633, 188
Trd, 000257.867, 193
Trd, 000258.167, 192
Trd, 000258.667, 191
Trd, 000259.150, 191
Trd, 000259.650, 188
Trd, 000259.667, 188
Trd, 000259.683, 181
Trd, 000260.033, 186
Trd, 000260.283, 181
Trd, 000260.517, 181
Trd, 000261.400, 187
Trd, 000261.717, 183
Trd, 000261.800, 177
Trd, 000263.000, 182
Trd, 000263.300, 181
Trd, 000263.700, 177
Trd, 000263.783, 174
Trd, 000264.150, 172
Trd, 000264.250, 170
Trd, 000264.817, 173
Trd, 000265.267, 174
Trd, 000265.683, 171
Trd, 000266.483, 171
Trd, 000266.633, 172
Trd, 000267.250, 165
Trd, 000267.800, 171
Trd, 000267.833, 172
Trd, 000268.017, 174
Trd, 000268.167, 175
Trd, 000268.233, 176
Trd, 000268.317, 177
Trd, 000269.150, 172
Trd, 000269.167, 174
Trd, 000269.533, 171
Trd, 000270.133, 173
Trd, 000270.333, 174
Trd, 000270.400, 163
Trd, 000270.717, 176
Trd, 000271.650, 177
Trd, 000272.033, 172
Trd, 000273.100, 173
Trd, 000273.317, 171
Trd, 000274.183, 172
Trd, 000274.617, 170
Trd, 000274.633, 169
Trd, 000274.967, 154
Trd, 000275.317, 170
Trd, 000276.250, 189
Trd, 000276.400, 194
Trd, 000277.600, 189
Trd, 000277.683, 186
Trd, 000278.233, 190
Trd, 000278.333, 185
Trd, 000278.367, 184
Trd, 000279.367, 191
Trd, 000279.667, 183
Trd, 000279.900, 188
Trd, 000279.967, 189
Trd, 000280.350, 183
Trd, 000280.683, 182
Trd, 000280.800, 171
Trd, 000281.233, 189
Trd, 000281.733, 183
Trd, 000282.383, 190
Trd, 000282.517, 179
Trd, 000283.750, 179
Trd, 000284.367, 183
Trd, 000284.650, 184
Trd, 000285.017, 184
Trd, 000285.367, 183
Trd, 000285.567, 179
Trd, 000285.817, 177
Trd, 000286.133, 183
Trd, 000287.617, 178
Trd, 000287.733, 179
Trd, 000288.183, 176
Trd, 000288.450, 177
Trd, 000288.550, 178
Trd, 000288.983, 174
Trd, 000289.483, 177
Trd, 000289.800, 178
Trd, 000290.500, 178
Trd, 000291.267, 177
Trd, 000291.333, 175
Trd, 000291.767, 179
Trd, 000292.217, 180
Trd, 000292.283, 182
Trd, 000292.783, 163
Trd, 000293.983, 191
Trd, 000294.083, 187
Trd, 000294.950, 190
Trd, 000295.200, 188
Trd, 000295.467, 186
Trd, 000296.167, 186
Trd, 000296.217, 184
Trd, 000297.033, 189
Trd, 000297.117, 190
Trd, 000297.267, 181
Trd, 000297.867, 190
Trd, 000298.400, 188
Trd, 000298.417, 190
Trd, 000298.967, 188
Trd, 000299.617, 178
