Trd, 000001.150, 137
Trd, 000001.267, 130
Trd, 000002.400, 151
Trd, 000002.833, 168
Trd, 000003.433, 142
Trd, 000004.433, 155
Trd, 000004.617, 140
Trd, 000004.750, 156
Trd, 000005.867, 156
Trd, 000005.967, 151
Trd, 000006.400, 163
Trd, 000007.750, 156
Trd, 000007.817, 151
Trd, 000007.900, 157
Trd, 000008.000, 163
Trd, 000008.500, 149
Trd, 000010.633, 150
Trd, 000011.117, 150
Trd, 000011.550, 141
Trd, 000012.000, 146
Trd, 000012.817, 139
Trd, 000013.250, 147
Trd, 000013.517, 147
Trd, 000013.583, 149
Trd, 000013.950, 137
Trd, 000014.150, 137
Trd, 000014.233, 149
Trd, 000015.567, 154
Trd, 000015.917, 153
Trd, 000016.400, 137
Trd, 000016.467, 151
Trd, 000016.633, 137
Trd, 000017.467, 135
Trd, 000017.917, 138
Trd, 000019.367, 141
Trd, 000019.850, 141
Trd, 000019.933, 140
Trd, 000020.050, 150
Trd, 000020.250, 153
Trd, 000020.683, 173
Trd, 000021.500, 136
Trd, 000021.800, 139
Trd, 000022.067, 139
Trd, 000023.333, 140
Trd, 000023.933, 150
Trd, 000024.250, 141
Trd, 000024.283, 140
Trd, 000025.300, 152
Trd, 000025.600, 153
Trd, 000025.900, 140
Trd, 000026.100, 139
Trd, 000026.150, 137
Trd, 000026.983, 130
Trd, 000027.417, 155
Trd, 000028.333, 124
Trd, 000030.050, 158
Trd, 000030.217, 154
Trd, 000030.683, 151
Trd, 000031.017, 152
Trd, 000032.100, 136
Trd, 000032.350, 137
Trd, 000032.633, 137
Trd, 000032.900, 141
Trd, 000033.583, 139
Trd, 000034.300, 141
Trd, 000034.883, 142
Trd, 000036.183, 144
Trd, 000037.117, 143
Trd, 000037.367, 142
Trd, 000038.533, 149
Trd, 000038.767, 151
Trd, 000038.867, 155
Trd, 000039.367, 149
Trd, 000041.200, 153
Trd, 000041.617, 145
Trd, 000041.633, 143
Trd, 000042.183, 153
Trd, 000042.400, 137
Trd, 000043.383, 145
Trd, 000043.483, 142
Trd, 000044.533, 143
Trd, 000044.700, 141
Trd, 000045.567, 140
Trd, 000045.667, 139
Trd, 000048.133, 143
Trd, 000048.717, 143
Trd, 000049.283, 144
Trd, 000049.400, 145
Trd, 000049.417, 142
Trd, 000049.683, 141
Trd, 000050.000, 145
Trd, 000050.450, 141
Trd, 000050.483, 146
Trd, 000050.617, 153
Trd, 000051.267, 151
Trd, 000052.283, 155
Trd, 000052.300, 156
Trd, 000054.967, 158
Trd, 000055.567, 145
Trd, 000055.850, 143
Trd, 000056.433, 156
Trd, 000056.650, 157
Trd, 000057.567, 154
Trd, 000058.700, 152
Trd, 000058.800, 138
Trd, 000059.133, 154
Trd, 000060.150, 154
Trd, 000060.850, 154
Trd, 000060.883, 152
Trd, 000061.333, 152
Trd, 000061.550, 154
Trd, 000063.017, 152
Trd, 000063.083, 151
Trd, 000065.067, 151
Trd, 000065.083, 148
Trd, 000065.500, 151
Trd, 000066.150, 153
Trd, 000066.450, 154
Trd, 000066.500, 155
Trd, 000066.750, 152
Trd, 000068.000, 160
Trd, 000068.383, 153
Trd, 000069.000, 153
Trd, 000070.117, 155
Trd, 000070.167, 158
Trd, 000070.567, 152
Trd, 000070.817, 158
Trd, 000071.983, 150
Trd, 000072.567, 148
Trd, 000073.400, 143
Trd, 000073.683, 140
Trd, 000075.150, 150
Trd, 000075.750, 150
Trd, 000076.183, 151
Trd, 000076.350, 150
Trd, 000076.700, 158
Trd, 000076.967, 149
Trd, 000078.250, 154
Trd, 000078.333, 156
Trd, 000078.517, 148
Trd, 000079.050, 148
Trd, 000079.983, 157
Trd, 000080.467, 157
Trd, 000080.483, 149
Trd, 000081.217, 158
Trd, 000081.833, 149
Trd, 000081.933, 148
Trd, 000082.033, 159
Trd, 000082.683, 159
Trd, 000082.700, 166
Trd, 000084.400, 147
Trd, 000084.900, 159
Trd, 000085.283, 164
Trd, 000085.617, 163
Trd, 000085.717, 154
Trd, 000086.733, 153
Trd, 000087.333, 163
Trd, 000087.633, 153
Trd, 000087.750, 154
Trd, 000089.300, 157
Trd, 000089.850, 157
Trd, 000090.033, 160
Trd, 000090.633, 160
Trd, 000091.600, 156
Trd, 000091.617, 159
Trd, 000092.350, 161
Trd, 000092.633, 167
Trd, 000093.400, 164
Trd, 000094.400, 160
Trd, 000095.550, 159
Trd, 000096.100, 161
Trd, 000096.950, 160
Trd, 000097.083, 159
Trd, 000097.267, 158
Trd, 000097.783, 159
Trd, 000098.600, 157
Trd, 000098.683, 149
Trd, 000098.867, 159
Trd, 000099.317, 146
Trd, 000100.583, 161
Trd, 000100.983, 161
Trd, 000101.917, 150
Trd, 000102.583, 167
Trd, 000103.567, 161
Trd, 000103.750, 158
Trd, 000104.267, 161
Trd, 000104.850, 161
Trd, 000105.600, 145
Trd, 000105.717, 143
Trd, 000108.200, 155
Trd, 000108.633, 156
Trd, 000109.100, 159
Trd, 000109.117, 159
Trd, 000109.633, 157
Trd, 000110.367, 159
Trd, 000110.917, 157
Trd, 000111.033, 156
Trd, 000111.283, 160
Trd, 000112.783, 160
Trd, 000114.650, 158
Trd, 000115.333, 156
Trd, 000115.583, 151
Trd, 000116.450, 161
Trd, 000116.767, 153
Trd, 000117.000, 173
Trd, 000117.150, 167
Trd, 000117.300, 167
Trd, 000117.350, 170
Trd, 000117.800, 163
Trd, 000119.217, 154
Trd, 000119.350, 152
Trd, 000119.483, 165
Trd, 000120.083, 161
Trd, 000120.433, 153
Trd, 000121.133, 152
Trd, 000121.467, 158
Trd, 000122.167, 161
Trd, 000122.617, 163
Trd, 000123.183, 184
Trd, 000123.383, 187
Trd, 000124.017, 201
Trd, 000124.200, 327.0
Trd, 000124.800, 344
Trd, 000125.183, 334.0
Trd, 000125.883, 339
Trd, 000125.983, 343.0
Trd, 000126.133, 348.0
Trd, 000127.000, 351.0
Trd, 000127.733, 344
Trd, 000127.783, 346
Trd, 000128.300, 347
Trd, 000128.417, 356
Trd, 000129.567, 355
Trd, 000129.950, 342
Trd, 000130.150, 355.0
Trd, 000130.350, 340
Trd, 000130.583, 337
Trd, 000130.667, 335
Trd, 000131.633, 351
Trd, 000132.300, 351.0
Trd, 000132.850, 350
Trd, 000132.983, 349.0
Trd, 000133.133, 351
Trd, 000134.017, 348.0
Trd, 000134.550, 344
Trd, 000134.667, 353
Trd, 000135.500, 339
Trd, 000136.500, 351
Trd, 000136.917, 350
Trd, 000137.083, 336
Trd, 000138.133, 347
Trd, 000139.283, 326.0
Trd, 000139.567, 327.0
Trd, 000139.717, 332
Trd, 000140.550, 335
Trd, 000141.117, 334.0
Trd, 000141.850, 333
Trd, 000142.900, 334
Trd, 000143.367, 338
Trd, 000143.933, 334.0
Trd, 000144.133, 340
Trd, 000144.167, 348.0
Trd, 000144.417, 351.0
Trd, 000145.817, 336
Trd, 000147.167, 339
Trd, 000147.467, 338
Trd, 000148.467, 340
Trd, 000148.750, 340
Trd, 000149.283, 340
Trd, 000150.383, 341
Trd, 000150.750, 342
Trd, 000151.483, 342
Trd, 000151.683, 339
Trd, 000152.117, 342
Trd, 000153.217, 340
Trd, 000153.417, 334
Trd, 000154.467, 334.0
Trd, 000155.000, 337
Trd, 000155.933, 342
Trd, 000156.050, 342
Trd, 000156.683, 348.0
Trd, 000156.767, 351.0
Trd, 000156.950, 337
Trd, 000157.217, 351.0
Trd, 000158.100, 336
Trd, 000158.233, 348
Trd, 000158.317, 357
Trd, 000158.817, 336
Trd, 000159.667, 355
Trd, 000160.350, 349
Trd, 000162.167, 351.0
Trd, 000162.483, 354
Trd, 000162.983, 348.0
Trd, 000163.317, 347
Trd, 000163.800, 351.0
Trd, 000164.450, 349
Trd, 000164.683, 350
Trd, 000164.850, 348.0
Trd, 000165.217, 361.0
Trd, 000165.533, 351
Trd, 000166.250, 353
Trd, 000167.767, 355
Trd, 000168.300, 350
Trd, 000168.417, 351.0
Trd, 000168.717, 355
Trd, 000169.033, 348.0
Trd, 000169.850, 339
Trd, 000170.733, 342
Trd, 000171.500, 348
Trd, 000171.967, 348.0
Trd, 000173.333, 344
Trd, 000173.633, 341
Trd, 000174.467, 338
Trd, 000174.483, 344
Trd, 000175.567, 342
Trd, 000175.633, 345
Trd, 000175.667, 348.0
Trd, 000176.367, 339
Trd, 000177.600, 340
Trd, 000177.800, 342
Trd, 000178.767, 340
Trd, 000179.683, 340
Trd, 000180.817, 342
Trd, 000181.083, 341
Trd, 000181.100, 343
Trd, 000181.167, 348.0
Trd, 000181.183, 358
Trd, 000182.433, 351.0
Trd, 000182.450, 339
Trd, 000182.750, 333
Trd, 000182.900, 331
Trd, 000183.250, 313.0
Trd, 000183.267, 306.0
Trd, 000183.350, 303
Trd, 000183.433, 207
Trd, 000184.700, 190
Trd, 000186.100, 189
Trd, 000186.267, 191
Trd, 000186.450, 178
Trd, 000186.500, 174
Trd, 000187.533, 198
Trd, 000187.750, 170
Trd, 000188.717, 174
Trd, 000189.133, 175
Trd, 000189.967, 170
Trd, 000190.017, 173
Trd, 000190.283, 167
Trd, 000191.033, 174
Trd, 000191.300, 176
Trd, 000191.717, 173
Trd, 000192.000, 171
Trd, 000193.000, 170
Trd, 000194.217, 171
Trd, 000194.850, 168
Trd, 000195.000, 170
Trd, 000195.550, 170
Trd, 000196.017, 170
Trd, 000196.067, 174
Trd, 000196.183, 159
Trd, 000196.333, 159
Trd, 000198.500, 171
Trd, 000199.433, 170
Trd, 000199.667, 156
Trd, 000199.767, 155
Trd, 000200.717, 159
Trd, 000200.750, 171
Trd, 000201.183, 169
Trd, 000201.650, 161
Trd, 000202.267, 162
Trd, 000202.417, 168
Trd, 000203.433, 165
Trd, 000204.167, 168
Trd, 000205.050, 163
Trd, 000205.083, 166
Trd, 000205.233, 171
Trd, 000207.267, 177
Trd, 000208.767, 176
Trd, 000208.983, 172
Trd, 000209.950, 171
Trd, 000210.267, 169
Trd, 000211.583, 169
Trd, 000212.183, 168
Trd, 000212.500, 172
Trd, 000213.217, 172
Trd, 000213.250, 170
Trd, 000213.583, 171
Trd, 000213.600, 172
Trd, 000214.833, 171
Trd, 000215.900, 169
Trd, 000216.083, 172
Trd, 000217.750, 169
Trd, 000218.867, 172
Trd, 000219.100, 170
Trd, 000219.383, 169
Trd, 000220.167, 172
Trd, 000220.900, 162
Trd, 000221.400, 159
Trd, 000221.483, 168
Trd, 000222.117, 158
Trd, 000222.183, 170
Trd, 000223.183, 160
Trd, 000223.267, 183
Trd, 000224.000, 162
Trd, 000224.150, 172
Trd, 000224.283, 176
Trd, 000225.883, 168
Trd, 000226.183, 163
Trd, 000226.450, 167
Trd, 000226.600, 162
Trd, 000228.900, 177
Trd, 000229.517, 176
Trd, 000229.900, 174
Trd, 000230.767, 172
Trd, 000231.417, 175
Trd, 000231.483, 177
Trd, 000231.500, 179
Trd, 000232.333, 179
Trd, 000232.800, 178
Trd, 000233.383, 171
Trd, 000233.900, 179
Trd, 000233.933, 182
Trd, 000234.600, 185
Trd, 000234.750, 197
Trd, 000234.967, 165
Trd, 000235.350, 194
Trd, 000236.700, 182
Trd, 000237.433, 181
Trd, 000237.500, 185
Trd, 000238.283, 179
Trd, 000238.500, 178
Trd, 000238.683, 163
Trd, 000238.767, 179
Trd, 000238.917, 163
Trd, 000239.817, 180
Trd, 000240.850, 175
Trd, 000241.133, 176
Trd, 000241.283, 177
Trd, 000241.983, 177
Trd, 000242.150, 176
Trd, 000242.267, 178
Trd, 000242.350, 177
Trd, 000242.400, 175
Trd, 000242.783, 180
Trd, 000242.850, 175
Trd, 000243.533, 179
Trd, 000243.633, 186
Trd, 000244.033, 179
Trd, 000244.350, 176
Trd, 000245.167, 176
Trd, 000245.600, 175
Trd, 000246.117, 177
Trd, 000246.533, 180
Trd, 000246.800, 178
Trd, 000247.117, 175
Trd, 000247.767, 172
Trd, 000248.250, 171
Trd, 000248.767, 167
Trd, 000248.900, 167
Trd, 000249.250, 173
Trd, 000249.317, 166
Trd, 000250.233, 171
Trd, 000250.383, 170
Trd, 000250.800, 167
Trd, 000251.083, 176
Trd, 000251.917, 180
Trd, 000252.350, 182
Trd, 000252.467, 183
Trd, 000252.500, 181
Trd, 000253.533, 186
Trd, 000253.567, 187
Trd, 000253.833, 200
Trd, 000254.400, 179
Trd, 000254.567, 176
Trd, 000255.000, 189
Trd, 000255.567, 179
Trd, 000256.283, 176
Trd, 000256.733, 174
Trd, 000256.900, 173
Trd, 000256.950, 168
Trd, 000257.450, 180
Trd, 000257.583, 180
Trd, 000257.800, 176
Trd, 000258.233, 168
Trd, 000258.333, 164
Trd, 000258.467, 172
Trd, 000259.050, 172
Trd, 000259.350, 171
Trd, 000259.667, 174
Trd, 000261.267, 171
Trd, 000261.783, 170
Trd, 000262.033, 171
Trd, 000262.050, 171
Trd, 000262.350, 169
Trd, 000262.483, 184
Trd, 000262.867, 176
Trd, 000263.983, 177
Trd, 000264.083, 179
Trd, 000264.350, 180
Trd, 000264.883, 187
Trd, 000265.833, 182
Trd, 000265.983, 181
Trd, 000266.283, 179
Trd, 000266.350, 182
Trd, 000266.500, 184
Trd, 000267.783, 182
Trd, 000268.250, 185
Trd, 000268.500, 185
Trd, 000268.750, 186
Trd, 000269.000, 181
Trd, 000269.383, 181
Trd, 000270.617, 178
Trd, 000271.067, 179
Trd, 000271.167, 175
Trd, 000272.067, 179
Trd, 000272.383, 177
Trd, 000272.783, 178
Trd, 000272.867, 177
Trd, 000272.900, 179
Trd, 000273.383, 179
Trd, 000273.850, 174
Trd, 000274.000, 179
Trd, 000274.150, 185
Trd, 000274.767, 186
Trd, 000274.817, 185
Trd, 000275.383, 197
Trd, 000275.517, 180
Trd, 000276.383, 184
Trd, 000277.033, 184
Trd, 000277.217, 184
Trd, 000277.817, 183
Trd, 000278.017, 189
Trd, 000278.550, 183
Trd, 000279.300, 189
Trd, 000279.483, 182
Trd, 000279.583, 190
Trd, 000280.217, 179
Trd, 000281.150, 183
Trd, 000281.317, 176
Trd, 000281.417, 184
Trd, 000281.867, 186
Trd, 000282.100, 176
Trd, 000282.283, 175
Trd, 000282.783, 170
Trd, 000283.917, 180
Trd, 000284.183, 181
Trd, 000284.467, 179
Trd, 000284.517, 182
Trd, 000284.700, 179
Trd, 000285.067, 183
Trd, 000285.200, 187
Trd, 000285.567, 180
Trd, 000285.850, 182
Trd, 000286.317, 187
Trd, 000286.633, 188
Trd, 000288.533, 185
Trd, 000288.550, 187
Trd, 000288.833, 187
Trd, 000289.317, 185
Trd, 000289.400, 184
Trd, 000289.883, 184
Trd, 000290.000, 182
Trd, 000290.250, 180
Trd, 000290.767, 170
Trd, 000291.250, 169
Trd, 000291.333, 170
Trd, 000291.767, 172
Trd, 000292.467, 185
Trd, 000292.967, 189
Trd, 000293.883, 181
Trd, 000294.267, 187
Trd, 000294.433, 175
Trd, 000294.583, 190
Trd, 000295.683, 175
Trd, 000295.717, 174
Trd, 000296.000, 186
Trd, 000296.083, 176
Trd, 000296.133, 187
Trd, 000296.367, 172
Trd, 000296.650, 171
Trd, 000297.100, 174
Trd, 000297.283, 174
Trd, 000297.400, 169
Trd, 000297.433, 189
Trd, 000298.283, 188
Trd, 000298.367, 190
Trd, 000298.667, 190
Trd, 000298.683, 185
Trd, 000299.383, 178
Trd, 000299.633, 191
Trd, 000299.967, 181
