Trd, 000001.400, 175
Trd, 000001.483, 182
Trd, 000002.517, 186
Trd, 000003.367, 169
Trd, 000004.667, 168
Trd, 000004.783, 167
Trd, 000005.650, 149
Trd, 000006.100, 148
Trd, 000006.383, 158
Trd, 000006.817, 146
Trd, 000007.300, 150
Trd, 000007.717, 145
Trd, 000008.133, 169
Trd, 000008.383, 161
Trd, 000009.200, 161
Trd, 000009.617, 159
Trd, 000010.883, 162
Trd, 000011.083, 173
Trd, 000011.467, 158
Trd, 000011.600, 158
Trd, 000011.950, 157
Trd, 000012.200, 171
Trd, 000012.617, 175
Trd, 000012.650, 149
Trd, 000013.767, 157
Trd, 000014.000, 145
Trd, 000014.417, 136
Trd, 000014.600, 146
Trd, 000015.317, 161
Trd, 000016.133, 153
Trd, 000016.683, 157
Trd, 000017.633, 157
Trd, 000018.150, 156
Trd, 000018.383, 156
Trd, 000018.650, 153
Trd, 000019.000, 170
Trd, 000020.850, 163
Trd, 000021.450, 159
Trd, 000021.533, 165
Trd, 000022.583, 155
Trd, 000022.817, 154
Trd, 000023.133, 163
Trd, 000023.383, 163
Trd, 000024.067, 154
Trd, 000025.433, 160
Trd, 000025.683, 158
Trd, 000025.967, 156
Trd, 000026.300, 166
Trd, 000028.467, 157
Trd, 000028.667, 163
Trd, 000029.750, 158
Trd, 000030.083, 157
Trd, 000030.267, 165
Trd, 000030.550, 158
Trd, 000031.133, 157
Trd, 000032.150, 155
Trd, 000032.567, 162
Trd, 000032.667, 163
Trd, 000033.650, 164
Trd, 000034.750, 170
Trd, 000035.700, 165
Trd, 000036.033, 164
Trd, 000036.233, 164
Trd, 000037.150, 164
Trd, 000037.300, 166
Trd, 000037.333, 166
Trd, 000037.417, 163
Trd, 000038.050, 164
Trd, 000038.483, 151
Trd, 000038.517, 168
Trd, 000039.333, 141
Trd, 000039.850, 167
Trd, 000040.133, 155
Trd, 000040.883, 172
Trd, 000041.200, 159
Trd, 000041.517, 169
Trd, 000042.000, 171
Trd, 000042.950, 162
Trd, 000043.083, 161
Trd, 000043.583, 170
Trd, 000045.650, 167
Trd, 000046.117, 166
Trd, 000046.200, 162
Trd, 000046.350, 165
Trd, 000046.433, 161
Trd, 000047.967, 167
Trd, 000048.267, 170
Trd, 000048.783, 168
Trd, 000050.117, 166
Trd, 000050.383, 166
Trd, 000051.133, 165
Trd, 000051.950, 165
Trd, 000052.117, 162
Trd, 000052.550, 153
Trd, 000053.400, 162
Trd, 000053.433, 164
Trd, 000053.650, 170
Trd, 000053.717, 161
Trd, 000055.617, 168
Trd, 000055.750, 156
Trd, 000056.117, 170
Trd, 000057.650, 156
Trd, 000058.717, 171
Trd, 000059.167, 171
Trd, 000059.600, 156
Trd, 000060.067, 171
Trd, 000060.100, 154
Trd, 000060.317, 171
Trd, 000060.950, 174
Trd, 000061.267, 161
Trd, 000061.783, 161
Trd, 000063.183, 164
Trd, 000063.433, 163
Trd, 000063.667, 162
Trd, 000063.767, 158
Trd, 000063.933, 171
Trd, 000063.967, 174
Trd, 000065.517, 175
Trd, 000066.367, 154
Trd, 000066.900, 176
Trd, 000067.217, 143
Trd, 000067.800, 155
Trd, 000068.000, 166
Trd, 000069.317, 161
Trd, 000069.533, 165
Trd, 000070.267, 154
Trd, 000070.733, 171
Trd, 000071.917, 170
Trd, 000072.517, 169
Trd, 000073.383, 162
Trd, 000074.100, 169
Trd, 000075.183, 166
Trd, 000075.683, 164
Trd, 000075.900, 164
Trd, 000076.200, 163
Trd, 000076.283, 171
Trd, 000076.700, 155
Trd, 000076.833, 170
Trd, 000077.017, 152
Trd, 000078.700, 172
Trd, 000079.233, 169
Trd, 000079.450, 168
Trd, 000079.967, 169
Trd, 000080.383, 172
Trd, 000081.183, 172
Trd, 000081.517, 168
Trd, 000081.750, 166
Trd, 000082.067, 168
Trd, 000082.683, 168
Trd, 000082.767, 167
Trd, 000083.050, 152
Trd, 000083.700, 166
Trd, 000085.467, 169
Trd, 000085.583, 167
Trd, 000085.783, 170
Trd, 000085.983, 163
Trd, 000086.150, 162
Trd, 000086.783, 158
Trd, 000086.833, 163
Trd, 000087.283, 156
Trd, 000088.633, 176
Trd, 000089.083, 181
Trd, 000089.617, 161
Trd, 000090.283, 172
Trd, 000091.050, 162
Trd, 000091.833, 173
Trd, 000091.867, 162
Trd, 000092.050, 161
Trd, 000093.383, 157
Trd, 000093.517, 169
Trd, 000093.583, 174
Trd, 000094.133, 177
Trd, 000094.983, 174
Trd, 000095.017, 165
Trd, 000095.150, 163
Trd, 000096.000, 171
Trd, 000097.383, 172
Trd, 000097.650, 169
Trd, 000098.167, 170
Trd, 000098.483, 172
Trd, 000099.250, 168
Trd, 000099.683, 178
Trd, 000099.983, 180
Trd, 000100.667, 177
Trd, 000102.083, 175
Trd, 000102.233, 173
Trd, 000102.517, 179
Trd, 000102.550, 172
Trd, 000105.067, 171
Trd, 000105.083, 177
Trd, 000105.683, 172
Trd, 000107.250, 173
Trd, 000107.283, 171
Trd, 000107.367, 170
Trd, 000107.583, 175
Trd, 000108.200, 161
Trd, 000108.500, 172
Trd, 000108.917, 174
Trd, 000109.067, 176
Trd, 000109.800, 171
Trd, 000110.517, 167
Trd, 000111.333, 169
Trd, 000111.367, 168
Trd, 000111.583, 177
Trd, 000112.533, 171
Trd, 000113.900, 168
Trd, 000114.300, 169
Trd, 000114.833, 172
Trd, 000115.267, 169
Trd, 000115.667, 159
Trd, 000117.417, 157
Trd, 000117.533, 166
Trd, 000118.283, 163
Trd, 000118.350, 168
Trd, 000118.767, 156
Trd, 000119.283, 160
Trd, 000119.900, 168
Trd, 000119.967, 155
Trd, 000120.917, 151
Trd, 000121.167, 170
Trd, 000121.250, 177
Trd, 000121.583, 184
Trd, 000122.000, 187
Trd, 000122.167, 191
Trd, 000122.833, 201
Trd, 000123.450, 212
Trd, 000124.317, 227
Trd, 000124.583, 347
Trd, 000125.300, 335
Trd, 000125.433, 337.0
Trd, 000125.633, 333
Trd, 000125.783, 332
Trd, 000125.833, 350
Trd, 000125.967, 351
Trd, 000126.283, 348.0
Trd, 000126.683, 358.0
Trd, 000126.883, 365.0
Trd, 000128.300, 360
Trd, 000128.817, 332
Trd, 000129.067, 336.0
Trd, 000129.233, 337.0
Trd, 000129.417, 335
Trd, 000130.483, 339
Trd, 000131.067, 340
Trd, 000131.483, 340
Trd, 000132.450, 344
Trd, 000132.633, 342
Trd, 000133.000, 350
Trd, 000133.750, 349.0
Trd, 000133.967, 350
Trd, 000134.233, 354
Trd, 000134.700, 358.0
Trd, 000134.983, 348.0
Trd, 000135.517, 362
Trd, 000135.967, 362
Trd, 000137.333, 361
Trd, 000137.800, 351
Trd, 000138.350, 351
Trd, 000139.217, 350
Trd, 000139.650, 349
Trd, 000140.317, 351
Trd, 000140.450, 364.0
Trd, 000140.733, 365.0
Trd, 000141.067, 365
Trd, 000142.050, 348.0
Trd, 000142.950, 368
Trd, 000143.817, 365.0
Trd, 000143.983, 354
Trd, 000144.167, 368.0
Trd, 000144.733, 354
Trd, 000145.050, 365
Trd, 000145.700, 367
Trd, 000146.817, 365.0
Trd, 000146.833, 362.0
Trd, 000147.483, 357
Trd, 000147.933, 352
Trd, 000148.367, 348.0
Trd, 000149.100, 353
Trd, 000149.333, 351
Trd, 000149.617, 344.0
Trd, 000149.700, 336
Trd, 000150.850, 335.0
Trd, 000151.883, 337.0
Trd, 000152.767, 358.0
Trd, 000152.933, 336.0
Trd, 000153.150, 365.0
Trd, 000153.467, 348.0
Trd, 000153.483, 372.0
Trd, 000153.617, 346
Trd, 000154.017, 365.0
Trd, 000154.933, 345
Trd, 000155.017, 368
Trd, 000155.550, 339.0
Trd, 000156.200, 343
Trd, 000156.417, 365
Trd, 000157.017, 364
Trd, 000157.683, 348.0
Trd, 000158.317, 344.0
Trd, 000158.733, 363
Trd, 000158.983, 346
Trd, 000159.117, 345
Trd, 000159.583, 358
Trd, 000160.050, 358.0
Trd, 000161.267, 347
Trd, 000161.833, 347
Trd, 000162.483, 346
Trd, 000163.383, 350
Trd, 000163.617, 346
Trd, 000163.967, 358.0
Trd, 000164.167, 345.0
Trd, 000165.517, 347
Trd, 000165.800, 346
Trd, 000165.933, 337.0
Trd, 000166.550, 343
Trd, 000166.617, 337.0
Trd, 000167.650, 349.0
Trd, 000168.333, 353
Trd, 000170.117, 349.0
Trd, 000170.367, 368
Trd, 000170.583, 348.0
Trd, 000171.683, 344.0
Trd, 000171.867, 346
Trd, 000172.217, 357.0
Trd, 000172.800, 340
Trd, 000172.933, 336
Trd, 000173.700, 334.0
Trd, 000175.217, 354.0
Trd, 000175.400, 349
Trd, 000175.500, 358.0
Trd, 000175.983, 350.0
Trd, 000176.367, 357
Trd, 000176.567, 351.0
Trd, 000176.600, 349.0
Trd, 000177.367, 351
Trd, 000178.883, 359
Trd, 000179.133, 363.0
Trd, 000179.483, 356
Trd, 000179.717, 353
Trd, 000181.183, 363.0
Trd, 000181.200, 352
Trd, 000181.350, 351
Trd, 000181.850, 348.0
Trd, 000182.367, 344.0
Trd, 000182.583, 334.0
Trd, 000182.950, 324.0
Trd, 000183.500, 317.0
Trd, 000183.917, 248
Trd, 000184.917, 292
Trd, 000185.067, 282
Trd, 000185.417, 200
Trd, 000185.767, 193
Trd, 000185.883, 183
Trd, 000185.917, 180
Trd, 000186.517, 196
Trd, 000187.150, 193
Trd, 000187.283, 190
Trd, 000188.633, 189
Trd, 000189.200, 166
Trd, 000190.283, 191
Trd, 000190.617, 190
Trd, 000191.033, 183
Trd, 000191.233, 183
Trd, 000191.383, 182
Trd, 000191.750, 178
Trd, 000192.133, 177
Trd, 000195.017, 180
Trd, 000195.283, 182
Trd, 000195.350, 186
Trd, 000195.567, 182
Trd, 000195.967, 181
Trd, 000196.250, 186
Trd, 000196.567, 181
Trd, 000197.150, 180
Trd, 000198.400, 181
Trd, 000198.650, 180
Trd, 000199.333, 179
Trd, 000199.750, 184
Trd, 000200.767, 180
Trd, 000201.250, 179
Trd, 000201.300, 184
Trd, 000201.333, 186
Trd, 000201.800, 185
Trd, 000201.850, 168
Trd, 000202.367, 188
Trd, 000202.667, 195
Trd, 000204.217, 188
Trd, 000205.550, 185
Trd, 000205.583, 188
Trd, 000206.933, 183
Trd, 000206.950, 183
Trd, 000207.083, 186
Trd, 000207.783, 186
Trd, 000207.800, 183
Trd, 000209.300, 184
Trd, 000209.650, 168
Trd, 000210.250, 178
Trd, 000210.400, 185
Trd, 000211.083, 179
Trd, 000213.283, 181
Trd, 000214.167, 182
Trd, 000214.250, 182
Trd, 000214.683, 186
Trd, 000214.850, 184
Trd, 000214.883, 189
Trd, 000216.083, 188
Trd, 000216.317, 183
Trd, 000216.383, 182
Trd, 000216.417, 183
Trd, 000217.017, 173
Trd, 000217.117, 180
Trd, 000217.783, 184
Trd, 000218.167, 170
Trd, 000218.533, 177
Trd, 000220.000, 181
Trd, 000220.067, 185
Trd, 000220.167, 166
Trd, 000220.717, 176
Trd, 000221.300, 186
Trd, 000222.200, 173
Trd, 000224.333, 182
Trd, 000224.350, 175
Trd, 000224.683, 183
Trd, 000225.383, 173
Trd, 000225.567, 184
Trd, 000225.600, 171
Trd, 000225.667, 170
Trd, 000226.500, 187
Trd, 000226.600, 167
Trd, 000226.700, 160
Trd, 000227.883, 188
Trd, 000228.750, 188
Trd, 000229.033, 186
Trd, 000229.433, 180
Trd, 000229.483, 190
Trd, 000230.533, 194
Trd, 000231.317, 181
Trd, 000231.833, 182
Trd, 000232.217, 183
Trd, 000232.517, 183
Trd, 000232.917, 183
Trd, 000234.050, 181
Trd, 000234.117, 171
Trd, 000234.867, 185
Trd, 000234.983, 181
Trd, 000235.250, 188
Trd, 000235.267, 191
Trd, 000235.417, 171
Trd, 000236.233, 181
Trd, 000236.300, 168
Trd, 000236.750, 179
Trd, 000237.950, 195
Trd, 000238.067, 180
Trd, 000238.283, 180
Trd, 000238.433, 172
Trd, 000240.117, 174
Trd, 000240.217, 176
Trd, 000241.250, 175
Trd, 000241.750, 174
Trd, 000241.950, 168
Trd, 000242.433, 169
Trd, 000242.750, 172
Trd, 000243.617, 170
Trd, 000243.650, 168
Trd, 000244.017, 170
Trd, 000244.117, 173
Trd, 000244.250, 175
Trd, 000244.833, 173
Trd, 000245.033, 175
Trd, 000245.450, 172
Trd, 000245.533, 175
Trd, 000246.967, 178
Trd, 000247.067, 181
Trd, 000247.517, 178
Trd, 000248.283, 179
Trd, 000248.483, 178
Trd, 000248.500, 163
Trd, 000249.583, 173
Trd, 000250.167, 176
Trd, 000250.383, 176
Trd, 000251.083, 177
Trd, 000251.183, 175
Trd, 000251.783, 183
Trd, 000253.167, 181
Trd, 000253.233, 174
Trd, 000253.483, 184
Trd, 000253.767, 177
Trd, 000254.000, 178
Trd, 000254.117, 180
Trd, 000254.900, 187
Trd, 000255.567, 187
Trd, 000256.300, 179
Trd, 000256.667, 187
Trd, 000256.900, 180
Trd, 000256.917, 177
Trd, 000257.333, 187
Trd, 000257.700, 178
Trd, 000257.950, 175
Trd, 000258.033, 174
Trd, 000258.317, 173
Trd, 000259.000, 175
Trd, 000259.183, 177
Trd, 000259.233, 171
Trd, 000260.050, 173
Trd, 000260.617, 171
Trd, 000260.800, 173
Trd, 000260.967, 177
Trd, 000262.667, 176
Trd, 000263.850, 175
Trd, 000264.283, 172
Trd, 000264.883, 174
Trd, 000265.033, 176
Trd, 000265.283, 182
Trd, 000265.483, 179
Trd, 000265.533, 178
Trd, 000265.850, 184
Trd, 000266.100, 162
Trd, 000266.917, 170
Trd, 000267.117, 174
Trd, 000267.333, 172
Trd, 000267.350, 171
Trd, 000267.367, 161
Trd, 000268.233, 157
Trd, 000268.700, 176
Trd, 000269.417, 168
Trd, 000269.450, 171
Trd, 000270.150, 170
Trd, 000270.367, 167
Trd, 000270.400, 175
Trd, 000271.517, 179
Trd, 000271.550, 188
Trd, 000272.533, 179
Trd, 000272.567, 176
Trd, 000272.650, 175
Trd, 000272.800, 171
Trd, 000273.667, 178
Trd, 000273.967, 176
Trd, 000274.417, 176
Trd, 000274.583, 181
Trd, 000274.950, 175
Trd, 000275.367, 174
Trd, 000275.417, 180
Trd, 000276.017, 189
Trd, 000276.917, 174
Trd, 000277.050, 164
Trd, 000277.117, 188
Trd, 000277.883, 178
Trd, 000278.900, 175
Trd, 000279.050, 192
Trd, 000279.567, 175
Trd, 000280.083, 185
Trd, 000280.250, 183
Trd, 000280.900, 179
Trd, 000282.117, 176
Trd, 000282.267, 186
Trd, 000283.217, 182
Trd, 000284.683, 183
Trd, 000285.183, 183
Trd, 000285.500, 184
Trd, 000285.700, 182
Trd, 000285.817, 189
Trd, 000285.933, 187
Trd, 000286.367, 176
Trd, 000286.683, 178
Trd, 000286.717, 172
Trd, 000286.750, 179
Trd, 000287.767, 181
Trd, 000287.900, 177
Trd, 000288.183, 165
Trd, 000288.883, 183
Trd, 000289.333, 184
Trd, 000289.500, 183
Trd, 000289.633, 180
Trd, 000290.050, 191
Trd, 000290.433, 191
Trd, 000290.683, 180
Trd, 000291.033, 197
Trd, 000291.417, 180
Trd, 000292.183, 201
Trd, 000292.433, 201
Trd, 000293.533, 185
Trd, 000293.600, 178
Trd, 000293.700, 177
Trd, 000293.783, 189
Trd, 000293.800, 173
Trd, 000294.017, 164
Trd, 000294.550, 182
Trd, 000295.183, 160
Trd, 000295.483, 173
Trd, 000296.717, 178
Trd, 000297.150, 187
Trd, 000297.317, 188
Trd, 000297.367, 185
Trd, 000298.067, 186
Trd, 000298.200, 194
Trd, 000298.467, 181
Trd, 000298.617, 192
Trd, 000299.033, 197
Trd, 000299.183, 202
Trd, 000299.883, 174
