Trd, 000001.667, 175
Trd, 000002.917, 158
Trd, 000003.150, 155
Trd, 000004.017, 141
Trd, 000005.517, 150
Trd, 000005.600, 155
Trd, 000005.667, 144
Trd, 000005.850, 158
Trd, 000006.033, 138
Trd, 000006.517, 146
Trd, 000006.900, 149
Trd, 000007.383, 140
Trd, 000007.550, 135
Trd, 000009.283, 150
Trd, 000009.567, 150
Trd, 000010.083, 152
Trd, 000010.417, 149
Trd, 000010.667, 148
Trd, 000010.750, 151
Trd, 000011.750, 150
Trd, 000011.983, 151
Trd, 000012.367, 148
Trd, 000013.133, 156
Trd, 000013.233, 153
Trd, 000013.433, 151
Trd, 000013.550, 159
Trd, 000013.917, 163
Trd, 000014.783, 163
Trd, 000014.817, 156
Trd, 000015.317, 160
Trd, 000016.200, 161
Trd, 000017.733, 157
Trd, 000017.933, 132
Trd, 000019.167, 152
Trd, 000019.250, 153
Trd, 000019.967, 150
Trd, 000020.033, 154
Trd, 000020.633, 156
Trd, 000020.967, 150
Trd, 000021.017, 157
Trd, 000021.133, 160
Trd, 000021.950, 155
Trd, 000022.150, 154
Trd, 000023.783, 156
Trd, 000024.350, 155
Trd, 000024.383, 156
Trd, 000025.117, 157
Trd, 000025.433, 157
Trd, 000025.933, 157
Trd, 000026.467, 156
Trd, 000026.783, 157
Trd, 000026.817, 154
Trd, 000027.033, 157
Trd, 000027.250, 151
Trd, 000027.950, 159
Trd, 000028.083, 161
Trd, 000028.450, 158
Trd, 000028.783, 159
Trd, 000028.850, 142
Trd, 000028.867, 141
Trd, 000029.333, 141
Trd, 000030.383, 158
Trd, 000030.900, 145
Trd, 000032.683, 156
Trd, 000032.717, 158
Trd, 000033.233, 162
Trd, 000033.633, 165
Trd, 000035.200, 164
Trd, 000035.250, 163
Trd, 000035.567, 163
Trd, 000036.017, 163
Trd, 000036.650, 161
Trd, 000036.700, 164
Trd, 000037.667, 163
Trd, 000038.450, 162
Trd, 000038.617, 163
Trd, 000038.750, 164
Trd, 000039.617, 161
Trd, 000040.050, 160
Trd, 000040.283, 156
Trd, 000040.350, 162
Trd, 000041.850, 161
Trd, 000041.933, 160
Trd, 000042.533, 163
Trd, 000042.683, 164
Trd, 000042.733, 162
Trd, 000043.550, 160
Trd, 000044.783, 162
Trd, 000044.933, 165
Trd, 000045.683, 160
Trd, 000046.100, 159
Trd, 000046.267, 163
Trd, 000046.917, 167
Trd, 000047.750, 165
Trd, 000047.950, 167
Trd, 000048.200, 160
Trd, 000049.000, 163
Trd, 000049.617, 166
Trd, 000050.283, 161
Trd, 000050.517, 164
Trd, 000051.133, 144
Trd, 000051.783, 156
Trd, 000052.200, 144
Trd, 000052.750, 155
Trd, 000053.050, 148
Trd, 000053.350, 153
Trd, 000053.783, 154
Trd, 000054.333, 154
Trd, 000054.383, 160
Trd, 000056.600, 152
Trd, 000057.617, 152
Trd, 000058.033, 156
Trd, 000058.417, 156
Trd, 000058.683, 157
Trd, 000060.567, 158
Trd, 000060.983, 160
Trd, 000061.200, 159
Trd, 000061.917, 161
Trd, 000062.083, 160
Trd, 000062.850, 168
Trd, 000063.400, 167
Trd, 000063.500, 164
Trd, 000063.567, 161
Trd, 000064.133, 173
Trd, 000064.717, 165
Trd, 000065.500, 174
Trd, 000065.667, 164
Trd, 000066.200, 164
Trd, 000066.267, 163
Trd, 000067.283, 165
Trd, 000068.000, 164
Trd, 000068.033, 163
Trd, 000068.483, 167
Trd, 000069.600, 165
Trd, 000069.733, 165
Trd, 000070.033, 165
Trd, 000070.450, 165
Trd, 000070.767, 180
Trd, 000071.450, 175
Trd, 000071.683, 175
Trd, 000072.300, 175
Trd, 000072.333, 174
Trd, 000074.067, 176
Trd, 000074.883, 171
Trd, 000075.050, 171
Trd, 000075.217, 169
Trd, 000075.250, 173
Trd, 000076.667, 168
Trd, 000076.933, 165
Trd, 000078.150, 167
Trd, 000078.867, 162
Trd, 000079.233, 162
Trd, 000080.117, 146
Trd, 000080.283, 166
Trd, 000081.383, 155
Trd, 000081.550, 155
Trd, 000081.583, 150
Trd, 000082.833, 152
Trd, 000083.183, 151
Trd, 000083.317, 151
Trd, 000083.483, 152
Trd, 000084.083, 163
Trd, 000084.317, 165
Trd, 000084.833, 156
Trd, 000085.067, 154
Trd, 000085.250, 156
Trd, 000086.717, 156
Trd, 000087.400, 157
Trd, 000088.050, 164
Trd, 000088.733, 166
Trd, 000088.817, 159
Trd, 000089.000, 148
Trd, 000090.817, 157
Trd, 000091.200, 159
Trd, 000091.450, 160
Trd, 000092.000, 154
Trd, 000092.300, 161
Trd, 000092.700, 156
Trd, 000092.767, 164
Trd, 000093.317, 167
Trd, 000094.600, 158
Trd, 000096.017, 158
Trd, 000096.550, 159
Trd, 000097.267, 158
Trd, 000098.467, 159
Trd, 000098.800, 156
Trd, 000098.850, 155
Trd, 000099.100, 157
Trd, 000099.567, 136
Trd, 000100.067, 144
Trd, 000100.833, 160
Trd, 000101.067, 165
Trd, 000101.267, 165
Trd, 000101.967, 156
Trd, 000103.450, 156
Trd, 000103.717, 157
Trd, 000103.817, 158
Trd, 000103.850, 155
Trd, 000104.267, 157
Trd, 000105.167, 157
Trd, 000105.533, 164
Trd, 000106.217, 165
Trd, 000106.283, 159
Trd, 000106.683, 157
Trd, 000107.683, 135
Trd, 000108.033, 156
Trd, 000108.050, 157
Trd, 000108.417, 156
Trd, 000109.033, 173
Trd, 000109.617, 162
Trd, 000109.900, 159
Trd, 000110.950, 176
Trd, 000111.283, 169
Trd, 000111.333, 166
Trd, 000111.483, 152
Trd, 000111.933, 142
Trd, 000112.350, 173
Trd, 000112.550, 178
Trd, 000113.350, 168
Trd, 000114.383, 164
Trd, 000114.850, 157
Trd, 000116.033, 165
Trd, 000116.083, 166
Trd, 000116.567, 155
Trd, 000116.817, 166
Trd, 000117.050, 168
Trd, 000117.317, 169
Trd, 000117.783, 169
Trd, 000118.150, 157
Trd, 000118.967, 174
Trd, 000119.933, 171
Trd, 000120.300, 170
Trd, 000120.867, 167
Trd, 000121.133, 172
Trd, 000121.267, 168
Trd, 000121.917, 179
Trd, 000122.983, 179
Trd, 000123.483, 180
Trd, 000123.683, 198
Trd, 000123.967, 225
Trd, 000124.883, 306.0
Trd, 000124.933, 310
Trd, 000125.667, 325
Trd, 000126.183, 319
Trd, 000126.883, 322
Trd, 000128.050, 347
Trd, 000128.150, 340
Trd, 000128.483, 354.0
Trd, 000128.733, 355.0
Trd, 000129.983, 346
Trd, 000130.017, 345
Trd, 000130.167, 345
Trd, 000130.683, 347
Trd, 000130.750, 358.0
Trd, 000131.800, 350
Trd, 000132.300, 344
Trd, 000132.417, 355
Trd, 000134.883, 347
Trd, 000135.183, 350
Trd, 000135.300, 348
Trd, 000136.150, 350
Trd, 000136.417, 349
Trd, 000137.050, 352
Trd, 000137.717, 353
Trd, 000138.033, 347
Trd, 000138.683, 334.0
Trd, 000139.133, 331
Trd, 000140.383, 329
Trd, 000141.033, 328
Trd, 000141.533, 333
Trd, 000142.250, 337.0
Trd, 000142.767, 332
Trd, 000143.100, 332
Trd, 000143.383, 346
Trd, 000143.867, 353.0
Trd, 000144.650, 333
Trd, 000144.867, 355.0
Trd, 000145.217, 351
Trd, 000146.383, 339
Trd, 000146.750, 342
Trd, 000146.883, 341
Trd, 000147.417, 342
Trd, 000147.450, 348
Trd, 000147.733, 350
Trd, 000149.583, 345
Trd, 000149.950, 344
Trd, 000150.050, 354.0
Trd, 000150.067, 339
Trd, 000150.433, 354
Trd, 000151.817, 347
Trd, 000152.150, 346
Trd, 000152.467, 355.0
Trd, 000153.150, 336
Trd, 000155.317, 345
Trd, 000155.600, 347
Trd, 000156.150, 348
Trd, 000156.433, 348
Trd, 000156.633, 355.0
Trd, 000156.933, 349
Trd, 000157.100, 345
Trd, 000157.283, 358.0
Trd, 000157.400, 361.0
Trd, 000158.433, 352
Trd, 000159.433, 347
Trd, 000159.583, 352
Trd, 000160.267, 351
Trd, 000160.950, 350
Trd, 000161.300, 352
Trd, 000161.833, 337
Trd, 000162.950, 334.0
Trd, 000163.500, 351
Trd, 000163.567, 335.0
Trd, 000163.783, 349
Trd, 000163.867, 355.0
Trd, 000165.017, 351
Trd, 000166.000, 357.0
Trd, 000166.283, 358.0
Trd, 000166.583, 355.0
Trd, 000166.750, 348
Trd, 000166.950, 355
Trd, 000167.200, 348
Trd, 000167.783, 352
Trd, 000168.017, 350
Trd, 000169.117, 350
Trd, 000169.167, 350
Trd, 000169.900, 349
Trd, 000170.383, 349
Trd, 000170.667, 349
Trd, 000171.317, 345
Trd, 000171.617, 351
Trd, 000172.150, 351
Trd, 000172.867, 351
Trd, 000173.833, 349
Trd, 000174.183, 345
Trd, 000174.467, 340
Trd, 000174.833, 333.0
Trd, 000175.250, 334.0
Trd, 000175.450, 344
Trd, 000175.483, 358.0
Trd, 000176.900, 352
Trd, 000177.167, 355.0
Trd, 000177.383, 355.0
Trd, 000178.100, 357
Trd, 000178.200, 332
Trd, 000178.817, 356
Trd, 000179.150, 345
Trd, 000179.433, 354
Trd, 000180.300, 349
Trd, 000180.650, 350.0
Trd, 000180.883, 333
Trd, 000181.217, 332
Trd, 000181.600, 316
Trd, 000181.667, 313.0
Trd, 000181.850, 309
Trd, 000182.067, 306
Trd, 000182.467, 316
Trd, 000183.467, 327
Trd, 000184.483, 188
Trd, 000185.833, 196
Trd, 000185.967, 196
Trd, 000186.150, 195
Trd, 000187.100, 189
Trd, 000187.667, 191
Trd, 000188.267, 181
Trd, 000188.983, 184
Trd, 000190.050, 189
Trd, 000190.183, 181
Trd, 000190.450, 180
Trd, 000190.950, 181
Trd, 000191.017, 186
Trd, 000191.433, 178
Trd, 000191.633, 184
Trd, 000192.550, 179
Trd, 000192.650, 177
Trd, 000192.717, 181
Trd, 000192.733, 176
Trd, 000192.850, 185
Trd, 000193.150, 185
Trd, 000193.550, 177
Trd, 000194.567, 177
Trd, 000195.767, 175
Trd, 000196.033, 175
Trd, 000196.267, 175
Trd, 000196.333, 174
Trd, 000196.533, 172
Trd, 000197.433, 157
Trd, 000197.850, 169
Trd, 000198.117, 170
Trd, 000198.217, 175
Trd, 000198.967, 172
Trd, 000199.100, 138
Trd, 000199.350, 167
Trd, 000200.500, 166
Trd, 000203.333, 166
Trd, 000203.517, 166
Trd, 000203.650, 167
Trd, 000204.117, 177
Trd, 000204.200, 178
Trd, 000204.633, 182
Trd, 000205.400, 180
Trd, 000206.017, 181
Trd, 000206.517, 181
Trd, 000206.683, 180
Trd, 000206.833, 179
Trd, 000207.983, 172
Trd, 000208.083, 176
Trd, 000208.267, 164
Trd, 000208.383, 148
Trd, 000209.350, 155
Trd, 000209.367, 153
Trd, 000210.367, 168
Trd, 000210.867, 169
Trd, 000211.033, 169
Trd, 000211.283, 146
Trd, 000211.917, 174
Trd, 000213.200, 165
Trd, 000213.467, 169
Trd, 000215.233, 176
Trd, 000215.700, 167
Trd, 000216.050, 170
Trd, 000216.267, 171
Trd, 000217.367, 171
Trd, 000217.867, 172
Trd, 000218.167, 173
Trd, 000218.183, 170
Trd, 000218.400, 170
Trd, 000219.200, 170
Trd, 000219.483, 172
Trd, 000219.833, 177
Trd, 000220.767, 179
Trd, 000220.883, 180
Trd, 000222.183, 187
Trd, 000223.450, 182
Trd, 000223.667, 183
Trd, 000223.750, 183
Trd, 000224.050, 184
Trd, 000224.350, 183
Trd, 000224.600, 181
Trd, 000226.933, 182
Trd, 000227.367, 182
Trd, 000227.667, 185
Trd, 000228.067, 182
Trd, 000228.267, 181
Trd, 000230.417, 181
Trd, 000230.750, 181
Trd, 000231.233, 181
Trd, 000231.517, 181
Trd, 000231.667, 182
Trd, 000232.167, 179
Trd, 000232.200, 181
Trd, 000232.267, 178
Trd, 000233.967, 179
Trd, 000234.600, 179
Trd, 000234.667, 180
Trd, 000235.183, 175
Trd, 000235.617, 148
Trd, 000236.033, 179
Trd, 000236.150, 179
Trd, 000237.967, 160
Trd, 000238.067, 167
Trd, 000238.183, 168
Trd, 000238.533, 168
Trd, 000238.650, 169
Trd, 000239.333, 158
Trd, 000240.133, 159
Trd, 000240.417, 161
Trd, 000240.517, 153
Trd, 000240.883, 175
Trd, 000241.117, 163
Trd, 000241.517, 162
Trd, 000242.167, 175
Trd, 000242.500, 159
Trd, 000242.817, 167
Trd, 000243.000, 160
Trd, 000243.100, 168
Trd, 000243.833, 167
Trd, 000244.383, 161
Trd, 000244.600, 174
Trd, 000244.917, 163
Trd, 000245.433, 172
Trd, 000247.100, 173
Trd, 000247.183, 172
Trd, 000247.317, 175
Trd, 000247.700, 179
Trd, 000248.217, 181
Trd, 000248.317, 180
Trd, 000248.450, 176
Trd, 000248.483, 183
Trd, 000248.800, 186
Trd, 000249.183, 174
Trd, 000250.317, 180
Trd, 000251.267, 183
Trd, 000251.483, 183
Trd, 000251.500, 179
Trd, 000252.067, 173
Trd, 000252.133, 178
Trd, 000252.517, 177
Trd, 000253.683, 176
Trd, 000254.883, 176
Trd, 000255.433, 177
Trd, 000255.550, 177
Trd, 000255.867, 177
Trd, 000256.217, 177
Trd, 000256.317, 176
Trd, 000257.350, 177
Trd, 000257.767, 177
Trd, 000258.317, 173
Trd, 000258.750, 176
Trd, 000259.300, 177
Trd, 000259.850, 180
Trd, 000259.967, 179
Trd, 000260.517, 179
Trd, 000260.583, 178
Trd, 000260.633, 181
Trd, 000260.650, 174
Trd, 000262.033, 175
Trd, 000262.083, 175
Trd, 000262.900, 174
Trd, 000262.983, 176
Trd, 000263.383, 175
Trd, 000263.583, 175
Trd, 000263.700, 150
Trd, 000265.350, 166
Trd, 000265.733, 164
Trd, 000266.600, 158
Trd, 000266.900, 159
Trd, 000267.083, 162
Trd, 000267.217, 163
Trd, 000267.300, 157
Trd, 000267.767, 165
Trd, 000268.033, 160
Trd, 000268.300, 161
Trd, 000268.733, 162
Trd, 000268.800, 170
Trd, 000268.817, 175
Trd, 000269.500, 172
Trd, 000269.667, 167
Trd, 000270.083, 172
Trd, 000270.417, 167
Trd, 000271.283, 170
Trd, 000271.633, 175
Trd, 000271.883, 184
Trd, 000272.483, 176
Trd, 000272.500, 179
Trd, 000272.900, 182
Trd, 000273.450, 182
Trd, 000273.617, 177
Trd, 000273.667, 176
Trd, 000273.933, 175
Trd, 000274.150, 174
Trd, 000274.517, 179
Trd, 000276.133, 174
Trd, 000276.150, 163
Trd, 000276.633, 166
Trd, 000276.833, 169
Trd, 000277.900, 171
Trd, 000278.183, 176
Trd, 000278.533, 182
Trd, 000278.583, 173
Trd, 000278.983, 183
Trd, 000279.967, 176
Trd, 000280.783, 174
Trd, 000280.900, 176
Trd, 000281.217, 163
Trd, 000281.333, 177
Trd, 000281.667, 178
Trd, 000281.867, 162
Trd, 000282.817, 162
Trd, 000283.333, 161
Trd, 000283.533, 162
Trd, 000283.633, 164
Trd, 000283.733, 160
Trd, 000284.350, 165
Trd, 000284.833, 172
Trd, 000286.150, 172
Trd, 000286.500, 170
Trd, 000286.650, 173
Trd, 000286.750, 169
Trd, 000286.833, 179
Trd, 000287.133, 174
Trd, 000287.517, 168
Trd, 000287.933, 173
Trd, 000288.050, 177
Trd, 000288.117, 180
Trd, 000289.417, 164
Trd, 000289.433, 176
Trd, 000290.250, 160
Trd, 000290.667, 159
Trd, 000290.683, 172
Trd, 000290.967, 157
Trd, 000291.400, 165
Trd, 000291.583, 166
Trd, 000292.700, 171
Trd, 000292.917, 163
Trd, 000293.383, 172
Trd, 000293.833, 173
Trd, 000294.083, 177
Trd, 000294.867, 164
Trd, 000294.900, 162
Trd, 000295.133, 180
Trd, 000295.300, 184
Trd, 000295.400, 177
Trd, 000295.500, 184
Trd, 000295.583, 187
Trd, 000296.233, 161
Trd, 000296.467, 162
Trd, 000297.433, 174
Trd, 000297.783, 173
Trd, 000298.133, 165
Trd, 000298.550, 166
Trd, 000299.267, 167
