Trd, 000001.083, 165
Trd, 000002.150, 192
Trd, 000003.633, 181
Trd, 000003.967, 180
Trd, 000004.033, 171
Trd, 000004.383, 151
Trd, 000004.633, 149
Trd, 000005.983, 148
Trd, 000006.133, 168
Trd, 000007.200, 151
Trd, 000007.550, 154
Trd, 000008.583, 153
Trd, 000008.733, 154
Trd, 000008.800, 142
Trd, 000009.000, 156
Trd, 000009.950, 156
Trd, 000010.150, 147
Trd, 000010.367, 147
Trd, 000011.183, 150
Trd, 000011.433, 155
Trd, 000013.133, 152
Trd, 000013.217, 145
Trd, 000013.650, 147
Trd, 000014.067, 151
Trd, 000014.217, 152
Trd, 000014.550, 146
Trd, 000016.433, 148
Trd, 000016.867, 153
Trd, 000017.050, 147
Trd, 000017.250, 142
Trd, 000017.450, 152
Trd, 000017.583, 152
Trd, 000018.117, 153
Trd, 000018.400, 152
Trd, 000018.750, 153
Trd, 000019.317, 145
Trd, 000020.433, 153
Trd, 000020.517, 149
Trd, 000020.533, 144
Trd, 000020.883, 143
Trd, 000021.367, 154
Trd, 000021.967, 157
Trd, 000022.483, 156
Trd, 000022.917, 156
Trd, 000023.150, 157
Trd, 000024.100, 156
Trd, 000024.300, 156
Trd, 000024.733, 159
Trd, 000024.967, 160
Trd, 000025.183, 183
Trd, 000026.233, 156
Trd, 000026.317, 172
Trd, 000026.433, 143
Trd, 000026.933, 172
Trd, 000028.250, 157
Trd, 000028.300, 146
Trd, 000029.717, 149
Trd, 000029.883, 162
Trd, 000030.000, 163
Trd, 000030.483, 164
Trd, 000031.050, 156
Trd, 000031.267, 161
Trd, 000032.833, 155
Trd, 000033.250, 160
Trd, 000033.300, 161
Trd, 000033.333, 158
Trd, 000033.717, 163
Trd, 000033.950, 145
Trd, 000035.283, 155
Trd, 000036.700, 159
Trd, 000037.850, 159
Trd, 000038.017, 158
Trd, 000038.367, 159
Trd, 000038.600, 159
Trd, 000038.867, 159
Trd, 000038.883, 158
Trd, 000039.533, 159
Trd, 000040.500, 158
Trd, 000040.533, 156
Trd, 000041.317, 155
Trd, 000042.300, 154
Trd, 000042.817, 155
Trd, 000043.300, 154
Trd, 000043.867, 145
Trd, 000044.183, 135
Trd, 000044.283, 155
Trd, 000044.517, 156
Trd, 000044.917, 157
Trd, 000045.333, 146
Trd, 000045.350, 146
Trd, 000045.733, 146
Trd, 000045.883, 161
Trd, 000045.950, 135
Trd, 000045.967, 162
Trd, 000046.183, 130
Trd, 000048.033, 151
Trd, 000048.133, 151
Trd, 000048.167, 150
Trd, 000049.750, 155
Trd, 000050.133, 157
Trd, 000050.250, 157
Trd, 000050.367, 157
Trd, 000050.717, 152
Trd, 000051.500, 155
Trd, 000052.200, 154
Trd, 000052.867, 153
Trd, 000053.033, 156
Trd, 000053.367, 156
Trd, 000053.800, 158
Trd, 000055.000, 157
Trd, 000055.333, 160
Trd, 000055.467, 160
Trd, 000055.517, 163
Trd, 000055.833, 158
Trd, 000056.267, 168
Trd, 000056.733, 160
Trd, 000056.983, 158
Trd, 000057.817, 161
Trd, 000057.883, 162
Trd, 000058.283, 158
Trd, 000059.383, 155
Trd, 000059.900, 156
Trd, 000060.100, 151
Trd, 000060.567, 155
Trd, 000060.600, 157
Trd, 000060.783, 157
Trd, 000061.050, 148
Trd, 000061.100, 164
Trd, 000061.200, 147
Trd, 000062.083, 168
Trd, 000062.617, 188
Trd, 000062.733, 153
Trd, 000062.933, 159
Trd, 000063.817, 162
Trd, 000064.417, 157
Trd, 000064.633, 162
Trd, 000065.000, 157
Trd, 000065.467, 158
Trd, 000065.617, 159
Trd, 000066.517, 162
Trd, 000067.467, 159
Trd, 000067.667, 158
Trd, 000067.883, 160
Trd, 000068.533, 156
Trd, 000068.667, 161
Trd, 000069.117, 157
Trd, 000069.600, 158
Trd, 000070.150, 159
Trd, 000071.100, 156
Trd, 000072.133, 156
Trd, 000072.283, 138
Trd, 000072.633, 134
Trd, 000073.617, 157
Trd, 000074.833, 158
Trd, 000075.233, 153
Trd, 000075.900, 158
Trd, 000076.117, 159
Trd, 000076.650, 154
Trd, 000077.150, 155
Trd, 000077.200, 154
Trd, 000077.967, 162
Trd, 000078.100, 165
Trd, 000078.117, 169
Trd, 000078.433, 187
Trd, 000080.033, 174
Trd, 000080.150, 173
Trd, 000080.483, 174
Trd, 000080.700, 162
Trd, 000080.833, 175
Trd, 000081.100, 161
Trd, 000083.100, 155
Trd, 000083.233, 156
Trd, 000083.967, 152
Trd, 000084.267, 156
Trd, 000084.700, 150
Trd, 000085.150, 151
Trd, 000085.283, 155
Trd, 000086.150, 155
Trd, 000086.700, 159
Trd, 000086.817, 153
Trd, 000087.350, 152
Trd, 000088.083, 151
Trd, 000088.100, 158
Trd, 000089.150, 160
Trd, 000089.450, 150
Trd, 000089.883, 161
Trd, 000090.300, 155
Trd, 000090.867, 153
Trd, 000090.933, 155
Trd, 000092.183, 154
Trd, 000092.317, 156
Trd, 000092.717, 155
Trd, 000093.000, 164
Trd, 000093.983, 155
Trd, 000095.833, 154
Trd, 000095.850, 155
Trd, 000095.950, 153
Trd, 000096.350, 160
Trd, 000096.433, 158
Trd, 000096.567, 146
Trd, 000097.050, 164
Trd, 000098.350, 148
Trd, 000098.367, 143
Trd, 000098.650, 151
Trd, 000099.917, 150
Trd, 000100.150, 151
Trd, 000100.350, 152
Trd, 000100.683, 143
Trd, 000101.233, 150
Trd, 000102.050, 150
Trd, 000102.750, 151
Trd, 000103.083, 150
Trd, 000104.083, 152
Trd, 000104.183, 161
Trd, 000104.217, 168
Trd, 000105.183, 172
Trd, 000105.233, 173
Trd, 000105.950, 159
Trd, 000106.167, 162
Trd, 000106.867, 160
Trd, 000108.017, 160
Trd, 000109.700, 162
Trd, 000110.033, 162
Trd, 000110.433, 159
Trd, 000110.450, 164
Trd, 000110.567, 165
Trd, 000110.817, 166
Trd, 000111.383, 152
Trd, 000111.417, 141
Trd, 000111.450, 173
Trd, 000111.700, 139
Trd, 000112.350, 162
Trd, 000113.617, 167
Trd, 000113.683, 169
Trd, 000115.017, 162
Trd, 000115.067, 160
Trd, 000115.333, 159
Trd, 000115.883, 161
Trd, 000116.450, 160
Trd, 000116.850, 159
Trd, 000118.067, 159
Trd, 000118.400, 158
Trd, 000119.350, 159
Trd, 000119.500, 154
Trd, 000119.517, 163
Trd, 000119.900, 153
Trd, 000120.783, 161
Trd, 000121.083, 167
Trd, 000121.317, 170
Trd, 000121.467, 153
Trd, 000122.300, 174
Trd, 000123.150, 155
Trd, 000123.367, 194
Trd, 000123.517, 193
Trd, 000123.583, 212
Trd, 000123.767, 252
Trd, 000123.833, 275
Trd, 000123.850, 299
Trd, 000124.000, 303.0
Trd, 000124.017, 310.0
Trd, 000124.083, 317.0
Trd, 000124.467, 316
Trd, 000124.617, 327.0
Trd, 000125.033, 334.0
Trd, 000125.100, 353
Trd, 000128.117, 341.0
Trd, 000128.317, 351
Trd, 000128.717, 353
Trd, 000128.983, 355.0
Trd, 000129.150, 358.0
Trd, 000129.650, 343
Trd, 000129.717, 344
Trd, 000129.900, 352
Trd, 000130.500, 358
Trd, 000131.367, 355
Trd, 000132.483, 357
Trd, 000133.767, 357
Trd, 000133.783, 358.0
Trd, 000133.867, 354
Trd, 000134.683, 346
Trd, 000135.433, 348
Trd, 000135.600, 352
Trd, 000135.883, 351
Trd, 000135.900, 349
Trd, 000136.483, 348
Trd, 000136.783, 353
Trd, 000137.783, 353
Trd, 000139.067, 354
Trd, 000139.167, 355.0
Trd, 000140.300, 353
Trd, 000140.817, 355.0
Trd, 000141.033, 353
Trd, 000141.100, 355.0
Trd, 000141.533, 358.0
Trd, 000141.550, 349
Trd, 000142.817, 346
Trd, 000143.333, 348
Trd, 000143.633, 347
Trd, 000143.783, 341.0
Trd, 000143.933, 351
Trd, 000144.300, 350
Trd, 000144.333, 352
Trd, 000145.083, 334.0
Trd, 000145.267, 350
Trd, 000146.283, 351
Trd, 000146.483, 339
Trd, 000148.083, 355.0
Trd, 000148.550, 342
Trd, 000149.200, 358.0
Trd, 000150.383, 349
Trd, 000150.700, 347
Trd, 000150.967, 351
Trd, 000151.083, 346
Trd, 000151.283, 344
Trd, 000151.350, 331.0
Trd, 000153.733, 351
Trd, 000154.567, 352
Trd, 000154.933, 350
Trd, 000155.100, 351
Trd, 000155.200, 353
Trd, 000155.350, 358.0
Trd, 000155.450, 346
Trd, 000156.750, 356
Trd, 000157.600, 353
Trd, 000157.967, 358
Trd, 000158.467, 354
Trd, 000158.667, 358
Trd, 000158.717, 361
Trd, 000158.783, 363
Trd, 000159.900, 358.0
Trd, 000159.933, 364
Trd, 000160.233, 364
Trd, 000160.400, 356
Trd, 000160.633, 357
Trd, 000161.750, 356
Trd, 000162.300, 355
Trd, 000162.450, 364
Trd, 000162.933, 365
Trd, 000163.167, 365.0
Trd, 000164.717, 366
Trd, 000164.933, 360
Trd, 000166.633, 357
Trd, 000166.867, 361
Trd, 000166.883, 357
Trd, 000167.217, 361
Trd, 000167.450, 351
Trd, 000167.833, 357.0
Trd, 000169.033, 341.0
Trd, 000169.367, 333
Trd, 000170.033, 344
Trd, 000170.917, 347
Trd, 000171.683, 341.0
Trd, 000171.983, 346
Trd, 000172.917, 346
Trd, 000173.367, 343
Trd, 000173.500, 349
Trd, 000174.450, 348
Trd, 000175.600, 350
Trd, 000176.617, 348
Trd, 000176.850, 349
Trd, 000177.450, 348
Trd, 000177.533, 355.0
Trd, 000177.817, 358.0
Trd, 000178.117, 362
Trd, 000179.050, 345
Trd, 000179.883, 344
Trd, 000180.150, 356
Trd, 000180.400, 354
Trd, 000181.283, 351
Trd, 000181.833, 350
Trd, 000181.933, 341.0
Trd, 000181.967, 331
Trd, 000183.200, 326
Trd, 000183.283, 324
Trd, 000183.750, 308
Trd, 000183.800, 300.0
Trd, 000183.933, 316
Trd, 000184.317, 317
Trd, 000185.567, 211
Trd, 000185.700, 207
Trd, 000186.000, 207
Trd, 000187.467, 208
Trd, 000187.550, 205
Trd, 000188.217, 199
Trd, 000188.717, 194
Trd, 000189.933, 194
Trd, 000189.950, 198
Trd, 000190.900, 194
Trd, 000191.050, 190
Trd, 000191.550, 184
Trd, 000193.367, 184
Trd, 000193.767, 162
Trd, 000193.850, 151
Trd, 000194.817, 176
Trd, 000195.117, 172
Trd, 000195.833, 174
Trd, 000195.933, 173
Trd, 000196.450, 174
Trd, 000196.733, 173
Trd, 000196.950, 175
Trd, 000197.783, 174
Trd, 000198.233, 175
Trd, 000198.950, 177
Trd, 000199.317, 174
Trd, 000199.533, 176
Trd, 000199.583, 178
Trd, 000199.917, 179
Trd, 000200.517, 182
Trd, 000200.833, 175
Trd, 000202.800, 178
Trd, 000203.183, 178
Trd, 000203.350, 180
Trd, 000203.450, 178
Trd, 000203.617, 181
Trd, 000204.333, 178
Trd, 000204.417, 177
Trd, 000204.583, 176
Trd, 000204.633, 173
Trd, 000205.283, 173
Trd, 000205.683, 174
Trd, 000207.717, 171
Trd, 000207.883, 175
Trd, 000209.083, 164
Trd, 000209.317, 162
Trd, 000209.950, 163
Trd, 000209.983, 168
Trd, 000210.050, 162
Trd, 000210.350, 168
Trd, 000210.717, 160
Trd, 000211.067, 169
Trd, 000211.883, 152
Trd, 000211.900, 173
Trd, 000212.517, 176
Trd, 000212.733, 179
Trd, 000212.767, 183
Trd, 000213.700, 166
Trd, 000214.267, 164
Trd, 000214.983, 174
Trd, 000215.267, 173
Trd, 000216.333, 166
Trd, 000216.383, 173
Trd, 000216.433, 166
Trd, 000218.067, 173
Trd, 000218.450, 173
Trd, 000218.583, 168
Trd, 000219.017, 175
Trd, 000219.100, 180
Trd, 000219.667, 178
Trd, 000220.900, 176
Trd, 000221.167, 170
Trd, 000222.300, 175
Trd, 000222.517, 176
Trd, 000223.017, 175
Trd, 000223.267, 174
Trd, 000223.450, 176
Trd, 000223.467, 177
Trd, 000223.683, 178
Trd, 000225.283, 174
Trd, 000226.150, 177
Trd, 000226.200, 177
Trd, 000226.217, 176
Trd, 000226.383, 177
Trd, 000226.467, 180
Trd, 000227.000, 184
Trd, 000227.983, 181
Trd, 000228.367, 176
Trd, 000229.417, 179
Trd, 000229.450, 180
Trd, 000230.000, 177
Trd, 000230.250, 181
Trd, 000230.550, 181
Trd, 000230.933, 181
Trd, 000231.917, 178
Trd, 000232.500, 176
Trd, 000233.150, 173
Trd, 000233.233, 173
Trd, 000234.383, 173
Trd, 000234.650, 172
Trd, 000234.667, 173
Trd, 000235.283, 178
Trd, 000235.817, 181
Trd, 000236.250, 177
Trd, 000236.400, 183
Trd, 000236.517, 186
Trd, 000237.350, 185
Trd, 000237.383, 177
Trd, 000237.883, 195
Trd, 000238.100, 171
Trd, 000239.267, 177
Trd, 000240.267, 179
Trd, 000240.333, 178
Trd, 000240.383, 177
Trd, 000240.450, 175
Trd, 000240.983, 176
Trd, 000241.167, 177
Trd, 000241.600, 177
Trd, 000241.850, 165
Trd, 000242.733, 169
Trd, 000242.967, 171
Trd, 000243.617, 166
Trd, 000243.633, 165
Trd, 000243.783, 155
Trd, 000244.567, 161
Trd, 000244.683, 159
Trd, 000245.117, 162
Trd, 000245.867, 161
Trd, 000246.183, 163
Trd, 000246.500, 161
Trd, 000246.700, 164
Trd, 000247.017, 166
Trd, 000247.517, 166
Trd, 000247.883, 162
Trd, 000248.033, 158
Trd, 000248.050, 166
Trd, 000249.033, 161
Trd, 000249.283, 154
Trd, 000249.933, 157
Trd, 000249.967, 159
Trd, 000249.983, 159
Trd, 000250.317, 159
Trd, 000250.800, 157
Trd, 000251.267, 166
Trd, 000251.600, 169
Trd, 000252.067, 159
Trd, 000253.400, 162
Trd, 000253.533, 163
Trd, 000253.617, 166
Trd, 000254.200, 165
Trd, 000254.350, 167
Trd, 000254.883, 164
Trd, 000255.067, 164
Trd, 000255.417, 166
Trd, 000255.783, 166
Trd, 000255.983, 164
Trd, 000256.317, 166
Trd, 000256.400, 169
Trd, 000257.233, 176
Trd, 000258.333, 175
Trd, 000258.717, 178
Trd, 000259.317, 176
Trd, 000259.667, 180
Trd, 000259.867, 174
Trd, 000260.633, 180
Trd, 000261.183, 174
Trd, 000261.383, 173
Trd, 000261.967, 174
Trd, 000262.400, 170
Trd, 000262.467, 177
Trd, 000262.550, 167
Trd, 000262.683, 178
Trd, 000264.300, 176
Trd, 000264.533, 179
Trd, 000264.900, 174
Trd, 000265.000, 176
Trd, 000265.250, 177
Trd, 000266.383, 176
Trd, 000266.583, 169
Trd, 000266.933, 177
Trd, 000267.350, 172
Trd, 000267.367, 171
Trd, 000267.483, 182
Trd, 000267.600, 183
Trd, 000268.100, 180
Trd, 000268.133, 174
Trd, 000268.733, 179
Trd, 000269.300, 175
Trd, 000269.500, 176
Trd, 000270.750, 176
Trd, 000270.950, 170
Trd, 000271.567, 171
Trd, 000271.717, 176
Trd, 000272.300, 174
Trd, 000273.317, 175
Trd, 000273.533, 175
Trd, 000273.800, 177
Trd, 000273.933, 174
Trd, 000274.100, 172
Trd, 000274.833, 173
Trd, 000274.967, 171
Trd, 000276.233, 170
Trd, 000276.267, 171
Trd, 000276.300, 172
Trd, 000276.367, 179
Trd, 000277.800, 170
Trd, 000278.000, 178
Trd, 000278.817, 172
Trd, 000279.383, 179
Trd, 000280.100, 177
Trd, 000280.400, 173
Trd, 000280.617, 172
Trd, 000281.217, 178
Trd, 000281.233, 173
Trd, 000281.300, 172
Trd, 000281.333, 180
Trd, 000281.500, 172
Trd, 000282.850, 172
Trd, 000283.200, 175
Trd, 000283.650, 172
Trd, 000283.883, 171
Trd, 000284.567, 169
Trd, 000285.033, 168
Trd, 000286.050, 171
Trd, 000286.083, 168
Trd, 000286.517, 170
Trd, 000286.650, 170
Trd, 000286.700, 172
Trd, 000286.883, 174
Trd, 000286.917, 171
Trd, 000288.100, 173
Trd, 000288.117, 175
Trd, 000288.200, 183
Trd, 000289.033, 183
Trd, 000289.717, 173
Trd, 000290.683, 180
Trd, 000291.700, 178
Trd, 000292.133, 176
Trd, 000292.517, 175
Trd, 000292.650, 175
Trd, 000292.983, 178
Trd, 000293.917, 174
Trd, 000294.867, 174
Trd, 000295.067, 176
Trd, 000295.200, 177
Trd, 000295.467, 174
Trd, 000295.700, 173
Trd, 000295.783, 167
Trd, 000296.800, 175
Trd, 000297.867, 174
Trd, 000298.033, 174
Trd, 000298.100, 172
Trd, 000298.333, 171
Trd, 000299.233, 174
Trd, 000299.433, 177
Trd, 000299.850, 171
