Trd, 000002.967, 158
Trd, 000003.583, 157
Trd, 000003.700, 146
Trd, 000004.283, 140
Trd, 000004.367, 157
Trd, 000005.317, 158
Trd, 000006.017, 145
Trd, 000006.217, 145
Trd, 000006.450, 144
Trd, 000007.333, 146
Trd, 000008.133, 159
Trd, 000009.583, 152
Trd, 000010.417, 153
Trd, 000010.983, 145
Trd, 000011.217, 152
Trd, 000011.600, 159
Trd, 000011.917, 156
Trd, 000012.550, 156
Trd, 000012.900, 156
Trd, 000012.917, 148
Trd, 000013.617, 159
Trd, 000015.233, 155
Trd, 000015.350, 159
Trd, 000016.117, 161
Trd, 000016.467, 151
Trd, 000017.117, 163
Trd, 000018.317, 161
Trd, 000018.350, 145
Trd, 000020.367, 157
Trd, 000020.517, 158
Trd, 000020.550, 155
Trd, 000020.617, 150
Trd, 000021.833, 157
Trd, 000022.867, 155
Trd, 000023.317, 154
Trd, 000023.633, 157
Trd, 000024.333, 160
Trd, 000024.433, 155
Trd, 000025.417, 158
Trd, 000025.817, 157
Trd, 000026.700, 158
Trd, 000026.967, 158
Trd, 000027.400, 159
Trd, 000028.067, 176
Trd, 000030.183, 159
Trd, 000030.333, 158
Trd, 000030.900, 159
Trd, 000031.267, 160
Trd, 000032.250, 157
Trd, 000032.567, 157
Trd, 000032.650, 147
Trd, 000033.317, 158
Trd, 000035.333, 157
Trd, 000035.350, 147
Trd, 000036.450, 157
Trd, 000037.317, 161
Trd, 000037.383, 157
Trd, 000039.233, 159
Trd, 000039.267, 171
Trd, 000040.367, 160
Trd, 000040.400, 161
Trd, 000040.483, 158
Trd, 000041.283, 162
Trd, 000041.517, 159
Trd, 000042.350, 159
Trd, 000042.667, 163
Trd, 000042.933, 162
Trd, 000044.300, 158
Trd, 000044.333, 148
Trd, 000044.400, 171
Trd, 000044.500, 141
Trd, 000045.033, 156
Trd, 000045.667, 155
Trd, 000047.533, 159
Trd, 000047.700, 161
Trd, 000048.083, 161
Trd, 000048.417, 162
Trd, 000049.383, 164
Trd, 000049.500, 163
Trd, 000050.150, 163
Trd, 000051.067, 166
Trd, 000052.733, 163
Trd, 000052.800, 162
Trd, 000053.750, 162
Trd, 000053.817, 161
Trd, 000054.400, 160
Trd, 000054.700, 149
Trd, 000055.317, 146
Trd, 000056.233, 155
Trd, 000058.267, 155
Trd, 000058.583, 158
Trd, 000058.617, 158
Trd, 000058.983, 163
Trd, 000059.233, 155
Trd, 000059.700, 161
Trd, 000060.617, 157
Trd, 000061.617, 158
Trd, 000061.650, 156
Trd, 000062.117, 156
Trd, 000062.850, 164
Trd, 000063.500, 160
Trd, 000063.517, 161
Trd, 000064.250, 157
Trd, 000064.617, 154
Trd, 000065.383, 153
Trd, 000066.350, 164
Trd, 000067.767, 162
Trd, 000068.117, 161
Trd, 000069.583, 156
Trd, 000069.717, 161
Trd, 000071.450, 161
Trd, 000072.250, 159
Trd, 000072.300, 160
Trd, 000072.367, 159
Trd, 000072.450, 158
Trd, 000074.800, 156
Trd, 000075.383, 152
Trd, 000075.683, 162
Trd, 000075.883, 146
Trd, 000076.683, 160
Trd, 000076.717, 152
Trd, 000078.933, 157
Trd, 000080.967, 156
Trd, 000081.183, 156
Trd, 000081.217, 157
Trd, 000082.283, 154
Trd, 000082.617, 157
Trd, 000082.767, 152
Trd, 000084.567, 158
Trd, 000084.800, 152
Trd, 000085.400, 155
Trd, 000085.450, 157
Trd, 000085.550, 152
Trd, 000085.633, 151
Trd, 000086.733, 156
Trd, 000087.033, 166
Trd, 000088.500, 153
Trd, 000088.867, 153
Trd, 000088.967, 152
Trd, 000089.683, 161
Trd, 000090.683, 160
Trd, 000091.983, 155
Trd, 000092.867, 151
Trd, 000093.917, 158
Trd, 000094.550, 157
Trd, 000094.867, 158
Trd, 000095.617, 158
Trd, 000096.050, 157
Trd, 000096.700, 158
Trd, 000096.717, 158
Trd, 000099.067, 159
Trd, 000099.400, 157
Trd, 000099.433, 157
Trd, 000099.517, 150
Trd, 000099.600, 150
Trd, 000100.000, 159
Trd, 000101.833, 156
Trd, 000101.900, 156
Trd, 000103.000, 157
Trd, 000103.100, 160
Trd, 000103.250, 157
Trd, 000103.750, 158
Trd, 000105.133, 166
Trd, 000105.167, 164
Trd, 000105.250, 168
Trd, 000106.583, 167
Trd, 000107.100, 159
Trd, 000107.617, 154
Trd, 000107.717, 178
Trd, 000109.033, 167
Trd, 000109.183, 169
Trd, 000109.967, 157
Trd, 000111.317, 158
Trd, 000112.067, 167
Trd, 000113.117, 163
Trd, 000113.333, 162
Trd, 000114.567, 165
Trd, 000114.833, 164
Trd, 000114.967, 162
Trd, 000115.000, 165
Trd, 000115.317, 161
Trd, 000116.950, 164
Trd, 000118.367, 164
Trd, 000119.150, 164
Trd, 000119.200, 163
Trd, 000119.317, 170
Trd, 000120.583, 166
Trd, 000120.733, 164
Trd, 000121.483, 165
Trd, 000121.550, 166
Trd, 000122.650, 170
Trd, 000122.667, 187
Trd, 000123.167, 194
Trd, 000123.300, 198
Trd, 000123.750, 201
Trd, 000124.017, 205
Trd, 000124.733, 317.0
Trd, 000124.867, 320.0
Trd, 000124.933, 322
Trd, 000125.467, 357
Trd, 000126.017, 361
Trd, 000126.717, 343
Trd, 000127.700, 356
Trd, 000128.417, 368.0
Trd, 000128.583, 358
Trd, 000129.233, 357
Trd, 000129.717, 348
Trd, 000130.050, 358.0
Trd, 000131.700, 346.0
Trd, 000132.517, 350
Trd, 000132.783, 349
Trd, 000132.867, 344.0
Trd, 000133.150, 340
Trd, 000135.783, 348
Trd, 000135.983, 347.0
Trd, 000136.683, 354
Trd, 000136.800, 346.0
Trd, 000136.933, 358.0
Trd, 000137.617, 359
Trd, 000139.917, 359.0
Trd, 000140.100, 358.0
Trd, 000140.250, 359
Trd, 000140.450, 356
Trd, 000141.933, 357
Trd, 000142.050, 355
Trd, 000142.917, 359
Trd, 000143.350, 354
Trd, 000144.300, 357
Trd, 000144.533, 356
Trd, 000145.767, 358
Trd, 000145.967, 356
Trd, 000146.217, 358.0
Trd, 000146.267, 361
Trd, 000146.733, 356
Trd, 000147.400, 365
Trd, 000147.800, 358.0
Trd, 000148.850, 364
Trd, 000150.350, 364
Trd, 000150.517, 363
Trd, 000151.150, 362
Trd, 000151.883, 364
Trd, 000152.650, 360
Trd, 000153.483, 359
Trd, 000154.283, 360
Trd, 000154.833, 359.0
Trd, 000155.083, 363
Trd, 000157.083, 360.0
Trd, 000157.250, 363
Trd, 000157.500, 360.0
Trd, 000157.900, 358.0
Trd, 000158.583, 365
Trd, 000159.817, 360
Trd, 000160.433, 358
Trd, 000160.567, 365
Trd, 000161.183, 358
Trd, 000162.417, 358
Trd, 000164.383, 359
Trd, 000164.450, 362
Trd, 000166.050, 358.0
Trd, 000166.117, 357
Trd, 000166.283, 346.0
Trd, 000166.717, 350
Trd, 000167.033, 358
Trd, 000168.417, 356
Trd, 000169.067, 350
Trd, 000170.233, 354
Trd, 000170.400, 356
Trd, 000171.100, 354
Trd, 000171.917, 356
Trd, 000172.000, 353
Trd, 000172.783, 354
Trd, 000173.283, 355
Trd, 000173.567, 358.0
Trd, 000173.767, 368.0
Trd, 000173.800, 353
Trd, 000174.017, 366
Trd, 000174.283, 352
Trd, 000175.083, 352
Trd, 000176.250, 350
Trd, 000178.317, 356
Trd, 000179.633, 358.0
Trd, 000180.600, 359
Trd, 000180.850, 363
Trd, 000181.617, 359
Trd, 000181.850, 353
Trd, 000181.867, 344.0
Trd, 000182.283, 341
Trd, 000182.417, 339
Trd, 000183.283, 343
Trd, 000183.633, 337
Trd, 000183.650, 329
Trd, 000183.667, 324.0
Trd, 000183.867, 321
Trd, 000184.100, 342
Trd, 000184.917, 309
Trd, 000185.850, 304
Trd, 000186.017, 214
Trd, 000186.067, 200
Trd, 000186.733, 196
Trd, 000186.967, 190
Trd, 000187.333, 187
Trd, 000188.383, 184
Trd, 000188.867, 192
Trd, 000189.317, 194
Trd, 000189.717, 189
Trd, 000190.300, 187
Trd, 000191.300, 178
Trd, 000192.500, 181
Trd, 000193.850, 177
Trd, 000194.733, 180
Trd, 000195.200, 178
Trd, 000195.467, 164
Trd, 000195.817, 177
Trd, 000196.167, 177
Trd, 000198.450, 176
Trd, 000199.500, 178
Trd, 000199.700, 164
Trd, 000199.867, 178
Trd, 000200.717, 179
Trd, 000201.167, 178
Trd, 000201.400, 178
Trd, 000203.100, 177
Trd, 000203.450, 178
Trd, 000203.850, 178
Trd, 000204.050, 176
Trd, 000205.050, 177
Trd, 000205.083, 176
Trd, 000205.233, 178
Trd, 000206.333, 176
Trd, 000206.500, 178
Trd, 000209.150, 165
Trd, 000209.250, 179
Trd, 000209.567, 178
Trd, 000209.650, 176
Trd, 000209.733, 164
Trd, 000210.917, 179
Trd, 000211.900, 160
Trd, 000212.000, 160
Trd, 000212.133, 161
Trd, 000212.300, 166
Trd, 000213.033, 173
Trd, 000214.117, 168
Trd, 000214.967, 168
Trd, 000215.150, 179
Trd, 000215.383, 189
Trd, 000215.683, 168
Trd, 000215.883, 180
Trd, 000218.750, 174
Trd, 000219.267, 178
Trd, 000219.367, 174
Trd, 000220.067, 177
Trd, 000220.167, 176
Trd, 000220.483, 178
Trd, 000220.900, 179
Trd, 000223.083, 177
Trd, 000223.683, 179
Trd, 000224.100, 196
Trd, 000224.683, 180
Trd, 000225.133, 182
Trd, 000225.550, 185
Trd, 000225.883, 176
Trd, 000226.933, 183
Trd, 000227.383, 183
Trd, 000227.767, 184
Trd, 000228.367, 181
Trd, 000228.567, 181
Trd, 000228.733, 184
Trd, 000228.900, 179
Trd, 000231.750, 183
Trd, 000232.433, 183
Trd, 000232.500, 181
Trd, 000232.517, 180
Trd, 000232.600, 184
Trd, 000232.917, 180
Trd, 000233.633, 179
Trd, 000233.650, 178
Trd, 000235.567, 182
Trd, 000236.067, 182
Trd, 000236.350, 182
Trd, 000236.450, 179
Trd, 000238.200, 179
Trd, 000238.417, 169
Trd, 000239.283, 177
Trd, 000239.550, 178
Trd, 000239.667, 178
Trd, 000240.383, 178
Trd, 000240.667, 178
Trd, 000241.183, 179
Trd, 000241.617, 177
Trd, 000241.950, 181
Trd, 000242.150, 177
Trd, 000242.500, 168
Trd, 000243.133, 172
Trd, 000243.483, 164
Trd, 000243.733, 173
Trd, 000244.000, 173
Trd, 000244.883, 174
Trd, 000245.033, 172
Trd, 000245.183, 172
Trd, 000245.833, 170
Trd, 000246.183, 173
Trd, 000246.383, 173
Trd, 000247.383, 182
Trd, 000247.933, 186
Trd, 000248.300, 182
Trd, 000248.400, 181
Trd, 000249.150, 192
Trd, 000249.783, 182
Trd, 000250.217, 182
Trd, 000250.317, 181
Trd, 000250.400, 181
Trd, 000251.217, 178
Trd, 000251.883, 178
Trd, 000252.200, 182
Trd, 000253.133, 179
Trd, 000254.100, 180
Trd, 000254.767, 182
Trd, 000254.800, 183
Trd, 000254.917, 178
Trd, 000255.350, 180
Trd, 000256.050, 180
Trd, 000256.067, 181
Trd, 000256.300, 178
Trd, 000256.467, 184
Trd, 000256.683, 179
Trd, 000257.350, 183
Trd, 000257.533, 184
Trd, 000257.833, 183
Trd, 000258.933, 186
Trd, 000258.983, 185
Trd, 000259.000, 184
Trd, 000260.567, 184
Trd, 000260.583, 186
Trd, 000261.850, 184
Trd, 000261.933, 184
Trd, 000262.250, 182
Trd, 000262.267, 181
Trd, 000262.733, 184
Trd, 000262.833, 180
Trd, 000263.983, 184
Trd, 000265.050, 182
Trd, 000265.067, 181
Trd, 000265.183, 183
Trd, 000265.317, 194
Trd, 000266.717, 187
Trd, 000266.767, 186
Trd, 000267.100, 185
Trd, 000267.300, 182
Trd, 000267.633, 181
Trd, 000267.817, 175
Trd, 000269.150, 184
Trd, 000269.183, 181
Trd, 000269.233, 178
Trd, 000269.417, 186
Trd, 000269.783, 171
Trd, 000270.333, 188
Trd, 000270.983, 186
Trd, 000271.233, 186
Trd, 000271.267, 185
Trd, 000271.350, 188
Trd, 000271.967, 167
Trd, 000272.533, 186
Trd, 000272.850, 185
Trd, 000273.033, 179
Trd, 000273.850, 202
Trd, 000274.367, 191
Trd, 000275.183, 193
Trd, 000275.217, 195
Trd, 000275.483, 189
Trd, 000275.517, 191
Trd, 000276.333, 187
Trd, 000276.350, 189
Trd, 000276.683, 186
Trd, 000276.817, 185
Trd, 000277.933, 179
Trd, 000278.783, 180
Trd, 000279.200, 172
Trd, 000279.783, 173
Trd, 000280.067, 176
Trd, 000280.583, 179
Trd, 000280.950, 173
Trd, 000281.217, 178
Trd, 000281.283, 186
Trd, 000281.350, 190
Trd, 000282.050, 176
Trd, 000282.367, 172
Trd, 000282.433, 176
Trd, 000282.767, 177
Trd, 000282.850, 180
Trd, 000283.467, 179
Trd, 000284.000, 179
Trd, 000284.317, 179
Trd, 000284.633, 174
Trd, 000285.983, 177
Trd, 000286.183, 186
Trd, 000286.417, 179
Trd, 000287.050, 190
Trd, 000287.317, 179
Trd, 000287.633, 185
Trd, 000287.733, 184
Trd, 000288.067, 191
Trd, 000288.633, 184
Trd, 000289.417, 183
Trd, 000289.800, 173
Trd, 000290.417, 183
Trd, 000290.533, 173
Trd, 000290.850, 187
Trd, 000291.000, 187
Trd, 000291.150, 188
Trd, 000292.450, 173
Trd, 000292.600, 185
Trd, 000292.817, 185
Trd, 000293.033, 185
Trd, 000293.217, 174
Trd, 000293.417, 185
Trd, 000293.917, 176
Trd, 000293.950, 173
Trd, 000294.017, 179
Trd, 000294.200, 172
Trd, 000294.567, 195
Trd, 000295.633, 188
Trd, 000295.650, 177
Trd, 000296.717, 191
Trd, 000296.850, 171
Trd, 000296.867, 169
Trd, 000297.933, 176
Trd, 000298.317, 174
Trd, 000298.400, 177
Trd, 000299.517, 184
