Trd, 000000.967, 153
Trd, 000001.283, 174
Trd, 000001.950, 179
Trd, 000004.133, 157
Trd, 000004.750, 160
Trd, 000004.783, 161
Trd, 000004.950, 153
Trd, 000005.333, 161
Trd, 000006.400, 161
Trd, 000006.617, 155
Trd, 000007.283, 161
Trd, 000008.017, 160
Trd, 000008.333, 156
Trd, 000008.450, 152
Trd, 000009.017, 155
Trd, 000010.817, 155
Trd, 000011.133, 155
Trd, 000011.700, 154
Trd, 000011.933, 153
Trd, 000012.483, 155
Trd, 000013.000, 155
Trd, 000013.783, 154
Trd, 000014.550, 155
Trd, 000014.733, 155
Trd, 000015.133, 156
Trd, 000015.217, 166
Trd, 000015.533, 158
Trd, 000016.883, 156
Trd, 000018.267, 156
Trd, 000018.300, 156
Trd, 000018.383, 144
Trd, 000018.667, 139
Trd, 000018.983, 137
Trd, 000019.050, 138
Trd, 000019.367, 150
Trd, 000019.417, 144
Trd, 000020.283, 150
Trd, 000021.567, 146
Trd, 000022.067, 148
Trd, 000023.067, 146
Trd, 000023.267, 148
Trd, 000023.650, 147
Trd, 000023.867, 147
Trd, 000023.933, 145
Trd, 000024.100, 147
Trd, 000024.667, 144
Trd, 000026.650, 149
Trd, 000026.800, 150
Trd, 000027.183, 153
Trd, 000027.933, 149
Trd, 000029.117, 148
Trd, 000029.350, 154
Trd, 000029.550, 154
Trd, 000029.950, 148
Trd, 000031.550, 154
Trd, 000032.150, 153
Trd, 000032.200, 153
Trd, 000032.650, 151
Trd, 000032.983, 150
Trd, 000033.183, 148
Trd, 000033.500, 148
Trd, 000033.900, 146
Trd, 000034.233, 149
Trd, 000034.900, 151
Trd, 000036.000, 147
Trd, 000037.300, 147
Trd, 000037.617, 154
Trd, 000038.317, 147
Trd, 000038.817, 149
Trd, 000038.850, 154
Trd, 000040.317, 152
Trd, 000040.600, 149
Trd, 000040.883, 148
Trd, 000041.200, 147
Trd, 000041.467, 154
Trd, 000041.683, 154
Trd, 000041.867, 155
Trd, 000043.117, 153
Trd, 000044.350, 151
Trd, 000044.467, 145
Trd, 000045.083, 150
Trd, 000045.967, 147
Trd, 000047.317, 148
Trd, 000047.950, 148
Trd, 000048.400, 148
Trd, 000048.733, 149
Trd, 000048.817, 146
Trd, 000049.300, 145
Trd, 000049.400, 145
Trd, 000049.450, 150
Trd, 000049.883, 151
Trd, 000051.100, 149
Trd, 000052.067, 149
Trd, 000052.400, 146
Trd, 000052.767, 156
Trd, 000053.400, 146
Trd, 000053.550, 151
Trd, 000053.633, 148
Trd, 000054.133, 148
Trd, 000054.233, 153
Trd, 000054.467, 159
Trd, 000055.450, 155
Trd, 000056.367, 148
Trd, 000057.217, 156
Trd, 000057.350, 158
Trd, 000057.617, 151
Trd, 000057.867, 149
Trd, 000058.150, 159
Trd, 000058.983, 150
Trd, 000059.217, 157
Trd, 000059.833, 159
Trd, 000059.917, 153
Trd, 000060.917, 155
Trd, 000061.383, 161
Trd, 000061.667, 149
Trd, 000064.150, 156
Trd, 000064.317, 153
Trd, 000064.433, 156
Trd, 000064.650, 156
Trd, 000064.867, 155
Trd, 000066.050, 152
Trd, 000066.500, 155
Trd, 000068.100, 152
Trd, 000068.417, 150
Trd, 000068.767, 152
Trd, 000069.067, 153
Trd, 000069.650, 155
Trd, 000069.867, 156
Trd, 000070.667, 156
Trd, 000071.267, 152
Trd, 000071.333, 150
Trd, 000071.667, 154
Trd, 000072.433, 149
Trd, 000072.500, 158
Trd, 000073.150, 161
Trd, 000074.883, 162
Trd, 000076.233, 155
Trd, 000076.667, 154
Trd, 000077.183, 153
Trd, 000077.283, 152
Trd, 000078.117, 154
Trd, 000078.133, 155
Trd, 000078.283, 158
Trd, 000078.650, 159
Trd, 000079.550, 152
Trd, 000079.683, 150
Trd, 000080.300, 155
Trd, 000081.817, 149
Trd, 000082.133, 149
Trd, 000082.600, 152
Trd, 000083.583, 150
Trd, 000085.117, 150
Trd, 000085.167, 149
Trd, 000085.633, 149
Trd, 000085.667, 151
Trd, 000085.733, 159
Trd, 000086.283, 158
Trd, 000086.650, 149
Trd, 000086.933, 157
Trd, 000088.017, 162
Trd, 000088.183, 163
Trd, 000088.900, 187
Trd, 000090.050, 168
Trd, 000090.367, 167
Trd, 000090.633, 171
Trd, 000090.917, 164
Trd, 000091.133, 172
Trd, 000091.233, 163
Trd, 000091.433, 166
Trd, 000091.850, 163
Trd, 000092.267, 171
Trd, 000092.967, 164
Trd, 000093.367, 161
Trd, 000093.483, 164
Trd, 000096.267, 158
Trd, 000096.767, 143
Trd, 000096.783, 156
Trd, 000096.967, 157
Trd, 000098.050, 157
Trd, 000098.417, 156
Trd, 000099.433, 162
Trd, 000099.567, 156
Trd, 000099.783, 166
Trd, 000100.000, 156
Trd, 000100.833, 158
Trd, 000101.600, 158
Trd, 000101.700, 160
Trd, 000103.917, 156
Trd, 000104.233, 156
Trd, 000105.017, 155
Trd, 000105.317, 157
Trd, 000105.533, 159
Trd, 000105.667, 159
Trd, 000105.750, 161
Trd, 000106.083, 155
Trd, 000107.833, 154
Trd, 000108.767, 153
Trd, 000108.983, 155
Trd, 000109.483, 157
Trd, 000110.183, 157
Trd, 000110.417, 158
Trd, 000110.983, 155
Trd, 000111.200, 158
Trd, 000111.967, 162
Trd, 000112.100, 165
Trd, 000112.483, 153
Trd, 000113.667, 159
Trd, 000114.217, 153
Trd, 000114.433, 160
Trd, 000114.900, 152
Trd, 000115.300, 160
Trd, 000115.733, 160
Trd, 000115.983, 161
Trd, 000116.383, 162
Trd, 000116.400, 163
Trd, 000117.183, 161
Trd, 000117.217, 165
Trd, 000118.850, 175
Trd, 000119.367, 177
Trd, 000119.950, 167
Trd, 000120.550, 167
Trd, 000120.700, 169
Trd, 000120.733, 165
Trd, 000121.550, 167
Trd, 000121.783, 156
Trd, 000122.017, 169
Trd, 000122.200, 170
Trd, 000122.233, 205
Trd, 000122.300, 209
Trd, 000122.950, 260
Trd, 000123.700, 307
Trd, 000123.900, 324.0
Trd, 000124.383, 350.0
Trd, 000125.300, 344
Trd, 000125.433, 343
Trd, 000126.500, 350.0
Trd, 000126.967, 349.0
Trd, 000127.483, 337
Trd, 000128.117, 351.0
Trd, 000128.983, 345
Trd, 000129.233, 351.0
Trd, 000129.800, 343
Trd, 000130.033, 350
Trd, 000130.100, 354.0
Trd, 000130.550, 342
Trd, 000131.017, 341
Trd, 000131.500, 350
Trd, 000132.017, 339
Trd, 000132.567, 341
Trd, 000133.183, 351
Trd, 000133.950, 345
Trd, 000134.967, 335
Trd, 000135.383, 336
Trd, 000135.967, 345
Trd, 000136.667, 345
Trd, 000136.750, 344
Trd, 000138.083, 343
Trd, 000138.717, 343
Trd, 000138.983, 344
Trd, 000139.233, 338.0
Trd, 000139.283, 337.0
Trd, 000139.633, 344
Trd, 000140.283, 344
Trd, 000141.433, 340
Trd, 000141.750, 344
Trd, 000142.100, 341
Trd, 000142.983, 340
Trd, 000143.183, 338
Trd, 000143.250, 338
Trd, 000143.733, 351.0
Trd, 000144.100, 354.0
Trd, 000146.083, 343
Trd, 000146.883, 348
Trd, 000147.683, 343
Trd, 000148.050, 351.0
Trd, 000149.883, 352
Trd, 000150.067, 353
Trd, 000151.133, 345
Trd, 000151.600, 344
Trd, 000152.467, 344
Trd, 000152.817, 345
Trd, 000153.167, 341
Trd, 000153.500, 348
Trd, 000154.233, 347
Trd, 000154.367, 344
Trd, 000154.517, 348
Trd, 000155.367, 343
Trd, 000155.933, 346
Trd, 000156.183, 344
Trd, 000157.683, 345
Trd, 000157.917, 341
Trd, 000157.933, 345
Trd, 000158.800, 339
Trd, 000158.883, 346
Trd, 000159.633, 346
Trd, 000159.783, 340
Trd, 000161.817, 339
Trd, 000162.583, 347
Trd, 000164.017, 344
Trd, 000164.383, 346
Trd, 000165.100, 347
Trd, 000165.400, 351.0
Trd, 000166.267, 343
Trd, 000166.950, 347
Trd, 000167.267, 337.0
Trd, 000167.667, 337
Trd, 000168.667, 338
Trd, 000169.133, 340
Trd, 000169.217, 340
Trd, 000169.733, 344
Trd, 000170.800, 344
Trd, 000171.650, 344
Trd, 000172.050, 345
Trd, 000172.550, 351.0
Trd, 000173.500, 339
Trd, 000173.733, 354.0
Trd, 000173.750, 338
Trd, 000175.333, 337.0
Trd, 000175.633, 348
Trd, 000176.117, 350
Trd, 000176.883, 348
Trd, 000178.050, 346
Trd, 000178.217, 339
Trd, 000179.433, 337.0
Trd, 000179.917, 339
Trd, 000180.200, 337
Trd, 000180.233, 336
Trd, 000181.717, 338
Trd, 000182.017, 335
Trd, 000183.017, 327.0
Trd, 000183.100, 324.0
Trd, 000184.567, 320.0
Trd, 000184.700, 313.0
Trd, 000185.050, 211
Trd, 000185.350, 207
Trd, 000185.850, 198
Trd, 000186.700, 198
Trd, 000187.517, 190
Trd, 000188.333, 210
Trd, 000189.283, 208
Trd, 000189.883, 200
Trd, 000190.867, 191
Trd, 000191.533, 184
Trd, 000191.850, 194
Trd, 000192.267, 175
Trd, 000192.617, 191
Trd, 000192.917, 184
Trd, 000193.517, 191
Trd, 000193.833, 184
Trd, 000194.183, 191
Trd, 000194.617, 164
Trd, 000195.733, 176
Trd, 000195.750, 161
Trd, 000195.950, 175
Trd, 000196.033, 176
Trd, 000196.367, 156
Trd, 000197.250, 167
Trd, 000198.333, 170
Trd, 000198.783, 172
Trd, 000199.050, 170
Trd, 000199.667, 170
Trd, 000200.317, 175
Trd, 000200.733, 170
Trd, 000200.767, 181
Trd, 000201.017, 182
Trd, 000201.350, 185
Trd, 000202.617, 171
Trd, 000203.700, 176
Trd, 000203.783, 175
Trd, 000203.867, 185
Trd, 000204.267, 176
Trd, 000204.817, 179
Trd, 000205.100, 177
Trd, 000205.200, 172
Trd, 000206.350, 175
Trd, 000207.083, 158
Trd, 000208.467, 172
Trd, 000209.167, 163
Trd, 000209.900, 171
Trd, 000209.917, 172
Trd, 000210.267, 170
Trd, 000210.583, 172
Trd, 000211.017, 168
Trd, 000211.050, 158
Trd, 000211.117, 173
Trd, 000211.550, 175
Trd, 000212.583, 176
Trd, 000213.417, 164
Trd, 000214.700, 165
Trd, 000214.933, 163
Trd, 000215.150, 162
Trd, 000215.400, 164
Trd, 000215.500, 162
Trd, 000215.833, 170
Trd, 000216.200, 171
Trd, 000216.600, 172
Trd, 000216.633, 155
Trd, 000216.983, 173
Trd, 000217.950, 173
Trd, 000219.183, 174
Trd, 000219.333, 175
Trd, 000219.717, 175
Trd, 000219.967, 164
Trd, 000220.000, 177
Trd, 000220.433, 186
Trd, 000221.550, 185
Trd, 000221.583, 167
Trd, 000222.717, 172
Trd, 000223.167, 173
Trd, 000224.483, 173
Trd, 000224.983, 174
Trd, 000225.783, 174
Trd, 000226.000, 174
Trd, 000226.317, 173
Trd, 000226.500, 174
Trd, 000227.050, 178
Trd, 000227.433, 172
Trd, 000227.567, 215
Trd, 000228.833, 171
Trd, 000228.983, 172
Trd, 000230.117, 172
Trd, 000230.817, 173
Trd, 000231.000, 173
Trd, 000231.133, 174
Trd, 000231.217, 171
Trd, 000231.767, 173
Trd, 000232.350, 172
Trd, 000232.483, 174
Trd, 000233.250, 171
Trd, 000233.483, 173
Trd, 000233.717, 175
Trd, 000233.833, 178
Trd, 000234.433, 170
Trd, 000235.100, 168
Trd, 000235.967, 187
Trd, 000235.983, 172
Trd, 000237.350, 184
Trd, 000237.433, 181
Trd, 000238.183, 179
Trd, 000238.650, 183
Trd, 000238.983, 182
Trd, 000239.083, 175
Trd, 000239.400, 174
Trd, 000239.450, 182
Trd, 000239.533, 166
Trd, 000240.267, 169
Trd, 000240.783, 187
Trd, 000242.367, 180
Trd, 000242.433, 176
Trd, 000243.133, 176
Trd, 000244.533, 181
Trd, 000244.617, 175
Trd, 000245.133, 178
Trd, 000245.333, 179
Trd, 000246.117, 177
Trd, 000246.300, 178
Trd, 000246.400, 179
Trd, 000246.850, 176
Trd, 000247.283, 179
Trd, 000247.317, 180
Trd, 000247.683, 181
Trd, 000248.533, 186
Trd, 000248.950, 176
Trd, 000249.750, 190
Trd, 000250.567, 193
Trd, 000251.167, 182
Trd, 000251.317, 180
Trd, 000251.867, 180
Trd, 000251.883, 182
Trd, 000252.133, 177
Trd, 000252.983, 177
Trd, 000253.950, 180
Trd, 000254.233, 181
Trd, 000254.417, 177
Trd, 000254.733, 174
Trd, 000254.883, 173
Trd, 000255.267, 172
Trd, 000255.983, 169
Trd, 000256.500, 170
Trd, 000257.050, 172
Trd, 000257.067, 173
Trd, 000257.450, 176
Trd, 000258.250, 180
Trd, 000258.450, 181
Trd, 000259.283, 169
Trd, 000260.083, 173
Trd, 000260.183, 174
Trd, 000260.750, 174
Trd, 000260.900, 174
Trd, 000261.067, 175
Trd, 000261.300, 172
Trd, 000261.667, 170
Trd, 000262.217, 174
Trd, 000262.617, 171
Trd, 000262.867, 171
Trd, 000263.817, 170
Trd, 000264.500, 172
Trd, 000264.733, 169
Trd, 000264.767, 172
Trd, 000266.367, 172
Trd, 000266.783, 173
Trd, 000267.050, 173
Trd, 000267.100, 173
Trd, 000267.117, 169
Trd, 000267.800, 172
Trd, 000268.033, 174
Trd, 000269.400, 182
Trd, 000270.000, 176
Trd, 000270.017, 174
Trd, 000270.317, 176
Trd, 000270.583, 175
Trd, 000270.950, 176
Trd, 000271.200, 178
Trd, 000271.333, 176
Trd, 000271.517, 171
Trd, 000271.600, 170
Trd, 000273.217, 173
Trd, 000273.400, 177
Trd, 000273.567, 175
Trd, 000273.983, 176
Trd, 000274.400, 172
Trd, 000274.633, 174
Trd, 000276.517, 173
Trd, 000276.600, 178
Trd, 000277.350, 176
Trd, 000277.567, 177
Trd, 000277.783, 178
Trd, 000277.883, 176
Trd, 000278.983, 179
Trd, 000279.183, 182
Trd, 000279.467, 173
Trd, 000279.817, 174
Trd, 000281.067, 179
Trd, 000281.183, 180
Trd, 000281.417, 183
Trd, 000281.883, 175
Trd, 000282.850, 179
Trd, 000283.450, 178
Trd, 000283.467, 179
Trd, 000283.667, 183
Trd, 000283.917, 177
Trd, 000284.617, 177
Trd, 000284.783, 183
Trd, 000285.017, 179
Trd, 000285.050, 179
Trd, 000285.067, 181
Trd, 000285.400, 176
Trd, 000286.217, 182
Trd, 000286.517, 172
Trd, 000287.467, 177
Trd, 000287.883, 182
Trd, 000287.950, 180
Trd, 000288.083, 191
Trd, 000288.717, 189
Trd, 000289.117, 180
Trd, 000289.433, 196
Trd, 000289.617, 179
Trd, 000290.400, 186
Trd, 000290.467, 186
Trd, 000291.350, 183
Trd, 000291.950, 183
Trd, 000292.150, 176
Trd, 000292.933, 179
Trd, 000293.350, 180
Trd, 000293.483, 181
Trd, 000293.783, 184
Trd, 000294.033, 184
Trd, 000294.933, 181
Trd, 000295.350, 181
Trd, 000295.933, 180
Trd, 000296.050, 181
Trd, 000296.283, 180
Trd, 000296.683, 181
Trd, 000297.417, 180
Trd, 000297.567, 178
Trd, 000298.550, 178
Trd, 000298.933, 176
Trd, 000299.917, 178
