Trd, 000001.483, 159
Trd, 000001.867, 170
Trd, 000002.817, 155
Trd, 000003.033, 127
Trd, 000003.117, 165
Trd, 000003.483, 137
Trd, 000004.267, 162
Trd, 000004.583, 142
Trd, 000005.817, 145
Trd, 000006.700, 146
Trd, 000007.017, 153
Trd, 000007.467, 153
Trd, 000007.533, 154
Trd, 000007.567, 155
Trd, 000008.183, 147
Trd, 000008.717, 147
Trd, 000008.833, 144
Trd, 000009.250, 138
Trd, 000009.283, 153
Trd, 000010.700, 147
Trd, 000011.083, 146
Trd, 000011.183, 144
Trd, 000011.767, 147
Trd, 000011.883, 153
Trd, 000012.067, 159
Trd, 000012.117, 146
Trd, 000012.467, 180
Trd, 000013.417, 144
Trd, 000014.450, 149
Trd, 000015.267, 149
Trd, 000015.683, 149
Trd, 000015.817, 148
Trd, 000016.833, 148
Trd, 000017.100, 149
Trd, 000017.917, 148
Trd, 000018.583, 152
Trd, 000019.267, 147
Trd, 000020.150, 149
Trd, 000020.517, 153
Trd, 000020.633, 157
Trd, 000021.200, 151
Trd, 000023.333, 151
Trd, 000023.800, 152
Trd, 000024.233, 151
Trd, 000024.400, 151
Trd, 000025.017, 152
Trd, 000025.550, 152
Trd, 000025.717, 153
Trd, 000025.783, 150
Trd, 000026.350, 155
Trd, 000026.650, 150
Trd, 000027.417, 156
Trd, 000028.550, 161
Trd, 000029.183, 150
Trd, 000030.300, 153
Trd, 000030.317, 153
Trd, 000030.983, 155
Trd, 000031.100, 157
Trd, 000031.433, 156
Trd, 000031.533, 157
Trd, 000032.450, 156
Trd, 000032.883, 151
Trd, 000033.233, 151
Trd, 000033.533, 155
Trd, 000033.800, 144
Trd, 000034.483, 155
Trd, 000035.267, 147
Trd, 000036.267, 140
Trd, 000036.800, 148
Trd, 000037.367, 151
Trd, 000037.550, 152
Trd, 000037.617, 156
Trd, 000038.200, 158
Trd, 000038.250, 149
Trd, 000038.733, 148
Trd, 000039.767, 159
Trd, 000039.817, 160
Trd, 000040.583, 161
Trd, 000041.100, 149
Trd, 000041.483, 158
Trd, 000041.833, 158
Trd, 000042.350, 159
Trd, 000042.467, 148
Trd, 000042.650, 147
Trd, 000042.783, 146
Trd, 000043.350, 145
Trd, 000043.633, 160
Trd, 000045.783, 151
Trd, 000046.383, 153
Trd, 000047.400, 154
Trd, 000047.717, 155
Trd, 000048.033, 160
Trd, 000049.533, 157
Trd, 000051.000, 154
Trd, 000051.083, 159
Trd, 000051.650, 153
Trd, 000052.600, 153
Trd, 000052.917, 154
Trd, 000053.583, 151
Trd, 000054.083, 151
Trd, 000054.967, 150
Trd, 000055.583, 152
Trd, 000055.650, 150
Trd, 000055.983, 148
Trd, 000056.450, 148
Trd, 000057.100, 149
Trd, 000057.133, 152
Trd, 000057.150, 148
Trd, 000057.600, 150
Trd, 000058.533, 151
Trd, 000059.017, 150
Trd, 000059.233, 149
Trd, 000060.433, 164
Trd, 000061.550, 158
Trd, 000062.667, 150
Trd, 000063.017, 152
Trd, 000063.033, 149
Trd, 000063.450, 161
Trd, 000063.517, 164
Trd, 000063.567, 167
Trd, 000064.033, 149
Trd, 000064.350, 148
Trd, 000065.383, 147
Trd, 000065.767, 146
Trd, 000066.083, 154
Trd, 000066.217, 146
Trd, 000066.850, 156
Trd, 000066.967, 147
Trd, 000067.133, 158
Trd, 000068.417, 153
Trd, 000069.400, 156
Trd, 000070.683, 156
Trd, 000071.167, 155
Trd, 000071.317, 156
Trd, 000071.567, 152
Trd, 000071.733, 162
Trd, 000072.517, 160
Trd, 000073.717, 158
Trd, 000074.400, 157
Trd, 000074.650, 158
Trd, 000074.983, 159
Trd, 000075.450, 157
Trd, 000075.633, 155
Trd, 000075.700, 159
Trd, 000076.283, 156
Trd, 000076.350, 148
Trd, 000078.033, 158
Trd, 000078.117, 160
Trd, 000078.150, 165
Trd, 000078.633, 154
Trd, 000078.950, 153
Trd, 000079.100, 154
Trd, 000080.217, 159
Trd, 000080.483, 159
Trd, 000081.283, 158
Trd, 000081.650, 157
Trd, 000081.883, 166
Trd, 000082.183, 157
Trd, 000082.867, 161
Trd, 000083.250, 161
Trd, 000084.283, 160
Trd, 000084.450, 157
Trd, 000085.650, 157
Trd, 000085.883, 158
Trd, 000086.433, 158
Trd, 000086.750, 157
Trd, 000086.883, 156
Trd, 000086.900, 158
Trd, 000087.250, 159
Trd, 000087.350, 163
Trd, 000088.867, 166
Trd, 000089.233, 160
Trd, 000089.450, 167
Trd, 000089.933, 158
Trd, 000090.917, 159
Trd, 000091.733, 163
Trd, 000092.000, 159
Trd, 000092.667, 159
Trd, 000092.733, 160
Trd, 000093.700, 158
Trd, 000094.100, 158
Trd, 000094.133, 157
Trd, 000094.483, 157
Trd, 000094.800, 159
Trd, 000094.933, 156
Trd, 000095.500, 159
Trd, 000096.583, 157
Trd, 000097.483, 156
Trd, 000097.983, 156
Trd, 000099.517, 156
Trd, 000099.633, 156
Trd, 000100.150, 157
Trd, 000100.233, 157
Trd, 000100.267, 155
Trd, 000100.333, 155
Trd, 000100.533, 148
Trd, 000100.633, 161
Trd, 000102.200, 164
Trd, 000102.517, 165
Trd, 000102.583, 152
Trd, 000102.717, 151
Trd, 000103.483, 168
Trd, 000104.183, 169
Trd, 000106.183, 165
Trd, 000106.300, 162
Trd, 000107.083, 161
Trd, 000107.217, 160
Trd, 000107.267, 159
Trd, 000107.450, 161
Trd, 000107.550, 164
Trd, 000108.167, 165
Trd, 000109.017, 148
Trd, 000110.650, 159
Trd, 000112.033, 160
Trd, 000113.283, 158
Trd, 000113.300, 159
Trd, 000114.000, 160
Trd, 000114.933, 165
Trd, 000115.050, 161
Trd, 000115.367, 166
Trd, 000115.583, 173
Trd, 000116.650, 168
Trd, 000116.667, 167
Trd, 000116.733, 159
Trd, 000116.883, 158
Trd, 000117.817, 168
Trd, 000118.633, 167
Trd, 000119.717, 166
Trd, 000119.883, 149
Trd, 000120.300, 155
Trd, 000120.433, 165
Trd, 000120.850, 160
Trd, 000121.800, 163
Trd, 000122.117, 164
Trd, 000122.150, 167
Trd, 000122.767, 170
Trd, 000123.383, 177
Trd, 000123.500, 206
Trd, 000123.700, 210
Trd, 000123.833, 210
Trd, 000123.850, 223
Trd, 000124.650, 261
Trd, 000124.767, 284
Trd, 000124.867, 301
Trd, 000125.517, 317.0
Trd, 000125.717, 324.0
Trd, 000127.250, 336
Trd, 000127.300, 337.0
Trd, 000127.833, 334
Trd, 000128.500, 340.0
Trd, 000128.933, 324.0
Trd, 000129.233, 337.0
Trd, 000130.967, 334
Trd, 000131.383, 346
Trd, 000131.833, 343
Trd, 000132.183, 337.0
Trd, 000132.517, 338
Trd, 000133.100, 343
Trd, 000133.500, 343
Trd, 000133.867, 344.0
Trd, 000134.433, 341.0
Trd, 000135.250, 335
Trd, 000135.383, 345
Trd, 000135.717, 354.0
Trd, 000135.750, 355.0
Trd, 000136.683, 336
Trd, 000137.017, 335
Trd, 000138.200, 356
Trd, 000139.383, 349
Trd, 000139.433, 353
Trd, 000139.683, 354
Trd, 000139.833, 350
Trd, 000139.867, 355
Trd, 000140.883, 348.0
Trd, 000141.633, 353.0
Trd, 000142.050, 349
Trd, 000142.217, 347
Trd, 000142.667, 353
Trd, 000143.483, 349
Trd, 000143.817, 352
Trd, 000144.533, 347
Trd, 000145.117, 349
Trd, 000145.917, 347
Trd, 000146.483, 345
Trd, 000146.867, 347
Trd, 000147.800, 350
Trd, 000148.333, 350
Trd, 000148.800, 348.0
Trd, 000149.867, 347
Trd, 000151.267, 345
Trd, 000151.500, 346
Trd, 000151.633, 347
Trd, 000151.683, 354
Trd, 000152.467, 344
Trd, 000152.667, 348
Trd, 000152.800, 344
Trd, 000153.583, 343.0
Trd, 000154.617, 343.0
Trd, 000154.733, 346
Trd, 000155.517, 345
Trd, 000155.933, 344
Trd, 000156.417, 342
Trd, 000156.933, 341
Trd, 000156.967, 345
Trd, 000158.017, 345
Trd, 000158.467, 345
Trd, 000158.950, 342.0
Trd, 000159.683, 341
Trd, 000160.000, 338.0
Trd, 000160.100, 349
Trd, 000161.833, 340
Trd, 000161.967, 340.0
Trd, 000162.333, 341
Trd, 000162.750, 339
Trd, 000162.783, 337.0
Trd, 000163.483, 342.0
Trd, 000164.167, 351
Trd, 000166.067, 342
Trd, 000166.083, 346
Trd, 000166.283, 347
Trd, 000167.233, 346
Trd, 000167.467, 345
Trd, 000167.817, 347
Trd, 000168.950, 345
Trd, 000169.967, 344
Trd, 000170.183, 346.0
Trd, 000170.333, 344
Trd, 000170.467, 341.0
Trd, 000170.533, 346.0
Trd, 000171.583, 340
Trd, 000172.417, 351
Trd, 000172.967, 362.0
Trd, 000173.733, 347
Trd, 000174.017, 364.0
Trd, 000174.467, 345
Trd, 000175.617, 350
Trd, 000177.267, 351
Trd, 000177.400, 350.0
Trd, 000178.267, 350.0
Trd, 000178.367, 348.0
Trd, 000178.600, 350
Trd, 000178.733, 342
Trd, 000178.933, 351
Trd, 000179.850, 349
Trd, 000180.317, 348
Trd, 000180.450, 349
Trd, 000180.550, 341.0
Trd, 000181.533, 340
Trd, 000181.550, 341
Trd, 000182.417, 331
Trd, 000183.167, 330
Trd, 000183.217, 329
Trd, 000183.400, 293
Trd, 000183.433, 286
Trd, 000183.717, 228
Trd, 000184.250, 218
Trd, 000184.550, 214
Trd, 000184.633, 187
Trd, 000185.283, 186
Trd, 000185.883, 180
Trd, 000186.233, 177
Trd, 000187.483, 190
Trd, 000187.983, 196
Trd, 000188.167, 184
Trd, 000188.950, 183
Trd, 000189.450, 187
Trd, 000190.333, 183
Trd, 000190.533, 184
Trd, 000192.200, 182
Trd, 000192.217, 181
Trd, 000192.267, 178
Trd, 000192.367, 173
Trd, 000192.633, 178
Trd, 000193.783, 177
Trd, 000194.367, 172
Trd, 000194.733, 168
Trd, 000195.467, 168
Trd, 000195.767, 169
Trd, 000195.833, 156
Trd, 000196.117, 168
Trd, 000197.250, 164
Trd, 000197.350, 161
Trd, 000198.083, 160
Trd, 000198.483, 163
Trd, 000198.817, 163
Trd, 000199.417, 164
Trd, 000200.183, 174
Trd, 000200.317, 163
Trd, 000201.117, 173
Trd, 000201.533, 174
Trd, 000201.950, 163
Trd, 000203.500, 169
Trd, 000203.817, 171
Trd, 000203.900, 172
Trd, 000204.033, 173
Trd, 000204.633, 167
Trd, 000205.183, 167
Trd, 000206.383, 159
Trd, 000207.067, 170
Trd, 000207.333, 170
Trd, 000207.600, 169
Trd, 000208.333, 168
Trd, 000209.033, 169
Trd, 000209.767, 168
Trd, 000210.267, 164
Trd, 000210.350, 168
Trd, 000211.000, 171
Trd, 000212.817, 166
Trd, 000213.617, 168
Trd, 000214.467, 168
Trd, 000214.833, 167
Trd, 000215.083, 166
Trd, 000215.500, 163
Trd, 000216.083, 164
Trd, 000216.300, 165
Trd, 000216.567, 168
Trd, 000217.200, 169
Trd, 000217.550, 169
Trd, 000217.750, 168
Trd, 000217.817, 166
Trd, 000220.000, 169
Trd, 000220.900, 167
Trd, 000220.967, 169
Trd, 000221.000, 170
Trd, 000221.050, 172
Trd, 000222.000, 177
Trd, 000222.433, 179
Trd, 000222.633, 180
Trd, 000224.233, 175
Trd, 000225.317, 173
Trd, 000225.733, 175
Trd, 000225.883, 173
Trd, 000226.050, 176
Trd, 000226.667, 173
Trd, 000227.300, 174
Trd, 000227.417, 170
Trd, 000227.517, 169
Trd, 000228.100, 176
Trd, 000229.417, 175
Trd, 000231.333, 174
Trd, 000231.367, 172
Trd, 000231.917, 173
Trd, 000232.667, 173
Trd, 000233.250, 172
Trd, 000233.500, 172
Trd, 000234.250, 173
Trd, 000234.433, 173
Trd, 000234.650, 172
Trd, 000235.333, 170
Trd, 000235.417, 173
Trd, 000235.967, 175
Trd, 000236.150, 164
Trd, 000236.217, 178
Trd, 000236.267, 181
Trd, 000236.367, 188
Trd, 000237.867, 176
Trd, 000238.567, 171
Trd, 000239.283, 172
Trd, 000240.383, 171
Trd, 000240.433, 171
Trd, 000240.700, 172
Trd, 000241.033, 172
Trd, 000241.500, 174
Trd, 000241.533, 175
Trd, 000241.733, 178
Trd, 000242.267, 171
Trd, 000242.683, 179
Trd, 000242.950, 182
Trd, 000243.217, 176
Trd, 000243.383, 176
Trd, 000243.850, 172
Trd, 000243.900, 167
Trd, 000244.550, 173
Trd, 000244.650, 168
Trd, 000246.067, 171
Trd, 000246.183, 174
Trd, 000246.400, 173
Trd, 000247.033, 172
Trd, 000247.433, 178
Trd, 000247.467, 173
Trd, 000249.500, 177
Trd, 000249.667, 178
Trd, 000249.883, 180
Trd, 000250.200, 181
Trd, 000250.600, 181
Trd, 000251.133, 181
Trd, 000251.550, 182
Trd, 000252.017, 183
Trd, 000252.567, 181
Trd, 000252.833, 182
Trd, 000253.683, 179
Trd, 000253.733, 180
Trd, 000254.350, 183
Trd, 000254.850, 183
Trd, 000255.500, 180
Trd, 000256.233, 181
Trd, 000256.283, 178
Trd, 000256.550, 181
Trd, 000256.600, 184
Trd, 000256.917, 184
Trd, 000257.467, 186
Trd, 000257.883, 187
Trd, 000257.967, 188
Trd, 000258.967, 184
Trd, 000259.133, 180
Trd, 000259.383, 180
Trd, 000259.633, 181
Trd, 000260.117, 174
Trd, 000260.400, 171
Trd, 000261.267, 176
Trd, 000261.517, 178
Trd, 000261.600, 177
Trd, 000262.450, 176
Trd, 000262.533, 177
Trd, 000263.017, 177
Trd, 000263.417, 175
Trd, 000265.217, 174
Trd, 000265.483, 175
Trd, 000265.750, 175
Trd, 000265.833, 176
Trd, 000266.417, 178
Trd, 000266.467, 179
Trd, 000266.533, 189
Trd, 000266.683, 175
Trd, 000267.117, 180
Trd, 000267.567, 181
Trd, 000267.733, 178
Trd, 000268.283, 178
Trd, 000268.550, 185
Trd, 000268.817, 185
Trd, 000269.717, 191
Trd, 000270.233, 187
Trd, 000270.467, 191
Trd, 000270.533, 187
Trd, 000270.950, 187
Trd, 000271.033, 191
Trd, 000271.367, 186
Trd, 000272.100, 173
Trd, 000272.433, 177
Trd, 000272.883, 172
Trd, 000273.167, 178
Trd, 000273.333, 183
Trd, 000273.700, 176
Trd, 000273.833, 192
Trd, 000273.900, 175
Trd, 000275.000, 190
Trd, 000275.250, 182
Trd, 000276.583, 182
Trd, 000276.633, 178
Trd, 000277.067, 178
Trd, 000277.633, 181
Trd, 000277.767, 181
Trd, 000278.033, 185
Trd, 000278.433, 186
Trd, 000278.667, 193
Trd, 000279.600, 194
Trd, 000279.617, 186
Trd, 000279.933, 184
Trd, 000280.100, 184
Trd, 000281.283, 184
Trd, 000281.383, 185
Trd, 000281.883, 185
Trd, 000282.017, 182
Trd, 000282.533, 183
Trd, 000282.683, 182
Trd, 000283.117, 183
Trd, 000283.383, 184
Trd, 000283.767, 184
Trd, 000283.817, 183
Trd, 000284.417, 185
Trd, 000284.467, 181
Trd, 000285.467, 180
Trd, 000285.600, 179
Trd, 000285.617, 176
Trd, 000285.817, 186
Trd, 000285.833, 169
Trd, 000286.317, 165
Trd, 000286.700, 186
Trd, 000287.617, 180
Trd, 000287.717, 186
Trd, 000288.450, 187
Trd, 000288.483, 191
Trd, 000288.800, 194
Trd, 000289.083, 190
Trd, 000289.350, 184
Trd, 000289.733, 190
Trd, 000289.800, 170
Trd, 000290.800, 181
Trd, 000291.283, 179
Trd, 000291.383, 178
Trd, 000291.483, 179
Trd, 000291.533, 178
Trd, 000291.833, 177
Trd, 000292.000, 183
Trd, 000292.483, 177
Trd, 000293.467, 166
Trd, 000293.867, 180
Trd, 000293.917, 181
Trd, 000294.333, 175
Trd, 000294.817, 191
Trd, 000296.050, 182
Trd, 000296.583, 181
Trd, 000297.283, 180
Trd, 000297.717, 184
Trd, 000298.250, 180
Trd, 000298.317, 183
Trd, 000298.333, 184
Trd, 000298.500, 180
Trd, 000299.367, 180
Trd, 000299.600, 182
Trd, 000299.850, 181
