Trd, 000001.417, 169
Trd, 000001.983, 168
Trd, 000002.033, 166
Trd, 000002.333, 172
Trd, 000004.117, 126
Trd, 000004.750, 162
Trd, 000005.583, 133
Trd, 000005.667, 126
Trd, 000006.667, 137
Trd, 000006.733, 162
Trd, 000006.883, 163
Trd, 000007.183, 158
Trd, 000008.050, 153
Trd, 000008.167, 151
Trd, 000009.100, 149
Trd, 000009.133, 151
Trd, 000009.700, 145
Trd, 000010.683, 138
Trd, 000010.867, 135
Trd, 000012.433, 145
Trd, 000012.467, 148
Trd, 000012.850, 132
Trd, 000014.400, 128
Trd, 000014.700, 142
Trd, 000015.300, 139
Trd, 000015.483, 139
Trd, 000015.833, 127
Trd, 000015.967, 140
Trd, 000017.433, 130
Trd, 000019.217, 136
Trd, 000020.133, 134
Trd, 000020.350, 135
Trd, 000020.500, 134
Trd, 000020.717, 140
Trd, 000020.833, 143
Trd, 000021.567, 135
Trd, 000021.583, 136
Trd, 000021.933, 146
Trd, 000022.150, 136
Trd, 000023.467, 162
Trd, 000023.667, 142
Trd, 000024.050, 164
Trd, 000024.233, 174
Trd, 000024.400, 144
Trd, 000026.417, 143
Trd, 000026.617, 143
Trd, 000027.150, 150
Trd, 000027.683, 150
Trd, 000028.483, 143
Trd, 000028.500, 151
Trd, 000029.317, 149
Trd, 000029.833, 150
Trd, 000030.867, 142
Trd, 000031.400, 152
Trd, 000032.150, 149
Trd, 000033.383, 148
Trd, 000033.850, 149
Trd, 000034.050, 149
Trd, 000034.150, 137
Trd, 000034.367, 148
Trd, 000034.633, 145
Trd, 000034.900, 149
Trd, 000036.267, 147
Trd, 000036.367, 147
Trd, 000037.650, 146
Trd, 000037.917, 146
Trd, 000038.050, 147
Trd, 000038.250, 148
Trd, 000039.117, 170
Trd, 000040.917, 159
Trd, 000041.800, 156
Trd, 000042.083, 157
Trd, 000042.267, 166
Trd, 000042.717, 157
Trd, 000043.067, 155
Trd, 000045.200, 156
Trd, 000045.750, 154
Trd, 000046.600, 156
Trd, 000046.617, 139
Trd, 000047.200, 135
Trd, 000047.867, 148
Trd, 000049.500, 151
Trd, 000049.717, 153
Trd, 000050.417, 150
Trd, 000050.833, 149
Trd, 000050.867, 150
Trd, 000051.383, 151
Trd, 000052.167, 151
Trd, 000052.550, 152
Trd, 000052.600, 149
Trd, 000053.000, 151
Trd, 000053.450, 149
Trd, 000053.683, 166
Trd, 000053.783, 155
Trd, 000054.167, 147
Trd, 000054.817, 139
Trd, 000054.883, 147
Trd, 000055.800, 143
Trd, 000057.117, 147
Trd, 000058.500, 146
Trd, 000058.783, 147
Trd, 000058.850, 150
Trd, 000059.317, 151
Trd, 000059.783, 146
Trd, 000060.033, 150
Trd, 000060.200, 143
Trd, 000061.000, 150
Trd, 000062.533, 145
Trd, 000063.600, 146
Trd, 000063.700, 145
Trd, 000064.600, 145
Trd, 000065.133, 147
Trd, 000065.350, 148
Trd, 000065.400, 149
Trd, 000065.700, 149
Trd, 000066.683, 149
Trd, 000067.133, 164
Trd, 000067.667, 167
Trd, 000067.883, 174
Trd, 000069.733, 153
Trd, 000070.167, 152
Trd, 000070.467, 153
Trd, 000070.850, 157
Trd, 000072.967, 144
Trd, 000073.067, 146
Trd, 000073.117, 140
Trd, 000073.183, 148
Trd, 000073.433, 151
Trd, 000073.533, 155
Trd, 000074.200, 152
Trd, 000075.767, 143
Trd, 000075.817, 150
Trd, 000076.767, 148
Trd, 000077.567, 149
Trd, 000079.017, 144
Trd, 000079.100, 149
Trd, 000079.750, 147
Trd, 000080.517, 146
Trd, 000080.567, 148
Trd, 000081.033, 149
Trd, 000081.450, 148
Trd, 000081.733, 150
Trd, 000082.850, 144
Trd, 000083.133, 149
Trd, 000083.333, 140
Trd, 000084.117, 150
Trd, 000085.250, 150
Trd, 000085.350, 145
Trd, 000087.000, 152
Trd, 000088.083, 145
Trd, 000088.750, 145
Trd, 000089.050, 151
Trd, 000089.133, 171
Trd, 000091.133, 153
Trd, 000091.767, 148
Trd, 000092.483, 147
Trd, 000093.317, 145
Trd, 000093.933, 149
Trd, 000094.933, 149
Trd, 000095.533, 150
Trd, 000096.583, 151
Trd, 000097.067, 150
Trd, 000097.867, 168
Trd, 000098.083, 151
Trd, 000098.333, 157
Trd, 000098.467, 169
Trd, 000099.200, 160
Trd, 000099.267, 171
Trd, 000101.383, 157
Trd, 000101.417, 158
Trd, 000102.183, 157
Trd, 000102.383, 155
Trd, 000102.417, 153
Trd, 000102.700, 151
Trd, 000103.867, 145
Trd, 000104.000, 151
Trd, 000104.517, 145
Trd, 000105.733, 154
Trd, 000105.750, 155
Trd, 000106.417, 155
Trd, 000106.483, 141
Trd, 000106.567, 156
Trd, 000108.983, 156
Trd, 000109.650, 149
Trd, 000110.067, 147
Trd, 000111.050, 152
Trd, 000111.850, 151
Trd, 000112.450, 156
Trd, 000112.467, 152
Trd, 000112.567, 157
Trd, 000112.733, 145
Trd, 000113.433, 177
Trd, 000113.950, 158
Trd, 000114.917, 156
Trd, 000115.117, 149
Trd, 000115.683, 159
Trd, 000116.300, 152
Trd, 000117.083, 150
Trd, 000117.817, 155
Trd, 000118.500, 151
Trd, 000119.017, 152
Trd, 000119.650, 151
Trd, 000119.783, 152
Trd, 000120.067, 149
Trd, 000120.983, 156
Trd, 000121.933, 180
Trd, 000122.133, 176
Trd, 000122.367, 182
Trd, 000122.517, 186
Trd, 000122.567, 198
Trd, 000122.933, 201
Trd, 000124.083, 310.0
Trd, 000124.500, 326
Trd, 000124.533, 341.0
Trd, 000124.900, 307.0
Trd, 000124.967, 316
Trd, 000125.383, 345
Trd, 000125.800, 310
Trd, 000126.150, 327.0
Trd, 000127.483, 345
Trd, 000128.650, 332
Trd, 000129.300, 336
Trd, 000129.750, 351
Trd, 000130.017, 333
Trd, 000130.367, 341
Trd, 000131.417, 337.0
Trd, 000131.483, 334.0
Trd, 000131.617, 331.0
Trd, 000131.917, 343
Trd, 000133.633, 340
Trd, 000134.600, 343
Trd, 000134.650, 326
Trd, 000134.767, 327.0
Trd, 000135.900, 340
Trd, 000136.983, 335
Trd, 000137.783, 339
Trd, 000137.817, 340
Trd, 000138.383, 338
Trd, 000139.750, 340.0
Trd, 000139.800, 339
Trd, 000140.400, 337
Trd, 000140.817, 342
Trd, 000141.183, 328
Trd, 000141.950, 341
Trd, 000143.550, 334
Trd, 000144.450, 337
Trd, 000145.133, 341
Trd, 000146.317, 341.0
Trd, 000146.550, 341
Trd, 000147.950, 336
Trd, 000148.217, 341
Trd, 000148.283, 336
Trd, 000149.217, 335
Trd, 000149.817, 341
Trd, 000149.867, 335
Trd, 000150.767, 341.0
Trd, 000150.783, 345
Trd, 000152.400, 342
Trd, 000152.933, 342
Trd, 000153.283, 362.0
Trd, 000154.650, 344
Trd, 000154.817, 345
Trd, 000155.100, 341
Trd, 000155.233, 336
Trd, 000155.500, 335.0
Trd, 000156.033, 346
Trd, 000156.267, 334.0
Trd, 000156.383, 347
Trd, 000157.433, 338
Trd, 000157.533, 328.0
Trd, 000158.700, 335
Trd, 000159.550, 339
Trd, 000159.800, 333
Trd, 000160.700, 342
Trd, 000161.467, 334.0
Trd, 000161.750, 332.0
Trd, 000162.267, 341
Trd, 000164.400, 337
Trd, 000164.433, 335
Trd, 000165.133, 338
Trd, 000165.767, 339
Trd, 000166.067, 341
Trd, 000166.100, 334
Trd, 000166.167, 341.0
Trd, 000166.267, 344
Trd, 000166.567, 334.0
Trd, 000167.567, 359
Trd, 000167.900, 338
Trd, 000168.483, 343
Trd, 000168.833, 337
Trd, 000169.483, 342
Trd, 000170.083, 339
Trd, 000170.100, 362.0
Trd, 000170.117, 333.0
Trd, 000171.600, 333.0
Trd, 000171.850, 331.0
Trd, 000172.467, 344
Trd, 000173.817, 338
Trd, 000174.667, 340
Trd, 000174.750, 335
Trd, 000175.100, 334
Trd, 000175.117, 341
Trd, 000175.767, 342
Trd, 000177.250, 344
Trd, 000179.367, 336
Trd, 000181.017, 335
Trd, 000181.267, 334.0
Trd, 000181.800, 339
Trd, 000181.883, 334
Trd, 000181.967, 333
Trd, 000182.150, 331.0
Trd, 000182.667, 319
Trd, 000182.783, 317.0
Trd, 000182.850, 312
Trd, 000182.900, 265
Trd, 000182.950, 333
Trd, 000183.133, 240
Trd, 000183.150, 239
Trd, 000183.433, 193
Trd, 000183.483, 144
Trd, 000183.717, 300
Trd, 000185.100, 207
Trd, 000186.733, 190
Trd, 000187.150, 189
Trd, 000187.300, 187
Trd, 000187.833, 177
Trd, 000188.217, 153
Trd, 000188.283, 152
Trd, 000188.433, 191
Trd, 000189.683, 183
Trd, 000190.050, 183
Trd, 000191.433, 176
Trd, 000191.783, 164
Trd, 000192.217, 181
Trd, 000192.467, 153
Trd, 000193.317, 171
Trd, 000193.433, 181
Trd, 000194.450, 160
Trd, 000195.483, 164
Trd, 000196.450, 161
Trd, 000196.733, 162
Trd, 000197.450, 161
Trd, 000197.500, 160
Trd, 000198.017, 164
Trd, 000198.033, 182
Trd, 000198.900, 172
Trd, 000199.533, 185
Trd, 000199.850, 180
Trd, 000199.900, 168
Trd, 000201.533, 171
Trd, 000201.767, 156
Trd, 000202.917, 164
Trd, 000204.150, 163
Trd, 000205.400, 162
Trd, 000205.567, 156
Trd, 000205.833, 162
Trd, 000206.250, 163
Trd, 000206.617, 162
Trd, 000207.217, 161
Trd, 000208.217, 162
Trd, 000208.783, 164
Trd, 000208.917, 163
Trd, 000209.683, 163
Trd, 000210.000, 162
Trd, 000210.350, 164
Trd, 000210.817, 178
Trd, 000211.950, 177
Trd, 000212.483, 171
Trd, 000212.700, 183
Trd, 000213.233, 172
Trd, 000213.950, 171
Trd, 000214.533, 156
Trd, 000215.600, 169
Trd, 000216.717, 168
Trd, 000216.950, 169
Trd, 000217.350, 169
Trd, 000217.433, 165
Trd, 000217.550, 155
Trd, 000217.967, 153
Trd, 000218.050, 170
Trd, 000218.500, 169
Trd, 000218.767, 163
Trd, 000219.233, 168
Trd, 000220.367, 165
Trd, 000220.517, 166
Trd, 000220.817, 166
Trd, 000221.933, 167
Trd, 000222.917, 162
Trd, 000223.000, 164
Trd, 000223.367, 162
Trd, 000223.400, 156
Trd, 000223.833, 184
Trd, 000224.867, 184
Trd, 000225.433, 179
Trd, 000225.850, 163
Trd, 000226.300, 175
Trd, 000226.517, 188
Trd, 000228.100, 158
Trd, 000228.883, 167
Trd, 000229.200, 166
Trd, 000229.417, 166
Trd, 000230.133, 165
Trd, 000231.167, 167
Trd, 000231.533, 168
Trd, 000232.183, 166
Trd, 000233.483, 165
Trd, 000233.867, 164
Trd, 000233.883, 157
Trd, 000235.350, 158
Trd, 000235.983, 164
Trd, 000236.200, 156
Trd, 000236.750, 163
Trd, 000237.567, 159
Trd, 000238.150, 164
Trd, 000238.517, 168
Trd, 000238.817, 159
Trd, 000239.750, 162
Trd, 000240.383, 165
Trd, 000240.567, 167
Trd, 000240.700, 167
Trd, 000240.817, 165
Trd, 000241.233, 168
Trd, 000241.317, 172
Trd, 000241.850, 171
Trd, 000242.783, 168
Trd, 000243.533, 168
Trd, 000243.867, 167
Trd, 000244.033, 161
Trd, 000244.300, 160
Trd, 000244.683, 169
Trd, 000244.983, 179
Trd, 000245.783, 171
Trd, 000246.033, 173
Trd, 000246.333, 174
Trd, 000246.533, 187
Trd, 000246.583, 174
Trd, 000247.167, 179
Trd, 000247.883, 189
Trd, 000247.900, 181
Trd, 000248.667, 193
Trd, 000249.017, 180
Trd, 000250.033, 180
Trd, 000250.100, 180
Trd, 000251.750, 172
Trd, 000252.667, 166
Trd, 000253.183, 167
Trd, 000253.383, 168
Trd, 000253.933, 170
Trd, 000253.967, 171
Trd, 000254.150, 169
Trd, 000254.550, 169
Trd, 000254.583, 169
Trd, 000256.217, 171
Trd, 000256.533, 170
Trd, 000257.033, 169
Trd, 000257.050, 168
Trd, 000257.217, 162
Trd, 000257.667, 171
Trd, 000258.667, 172
Trd, 000259.283, 167
Trd, 000259.317, 169
Trd, 000259.350, 171
Trd, 000259.467, 164
Trd, 000260.367, 171
Trd, 000261.567, 170
Trd, 000261.817, 172
Trd, 000262.150, 171
Trd, 000262.567, 173
Trd, 000263.117, 172
Trd, 000263.283, 171
Trd, 000263.367, 174
Trd, 000263.500, 188
Trd, 000263.700, 171
Trd, 000264.800, 170
Trd, 000264.983, 178
Trd, 000265.667, 174
Trd, 000265.683, 172
Trd, 000266.467, 175
Trd, 000266.850, 174
Trd, 000266.967, 171
Trd, 000267.450, 170
Trd, 000267.517, 170
Trd, 000268.400, 163
Trd, 000268.967, 171
Trd, 000270.150, 164
Trd, 000270.733, 164
Trd, 000270.800, 165
Trd, 000270.967, 168
Trd, 000271.000, 164
Trd, 000271.167, 171
Trd, 000271.867, 167
Trd, 000272.550, 167
Trd, 000273.017, 170
Trd, 000273.133, 175
Trd, 000273.517, 192
Trd, 000273.933, 176
Trd, 000274.450, 180
Trd, 000274.717, 176
Trd, 000275.667, 180
Trd, 000275.817, 176
Trd, 000276.367, 189
Trd, 000277.017, 186
Trd, 000277.500, 194
Trd, 000277.650, 187
Trd, 000278.117, 188
Trd, 000278.600, 187
Trd, 000278.733, 192
Trd, 000278.833, 186
Trd, 000279.533, 183
Trd, 000279.717, 172
Trd, 000280.017, 187
Trd, 000280.617, 183
Trd, 000280.683, 184
Trd, 000281.067, 178
Trd, 000281.383, 172
Trd, 000282.367, 173
Trd, 000282.917, 172
Trd, 000282.933, 174
Trd, 000283.650, 174
Trd, 000283.783, 173
Trd, 000284.017, 172
Trd, 000284.383, 174
Trd, 000284.483, 174
Trd, 000284.750, 174
Trd, 000284.917, 173
Trd, 000285.650, 175
Trd, 000285.733, 169
Trd, 000286.267, 172
Trd, 000286.483, 175
Trd, 000286.800, 172
Trd, 000287.017, 176
Trd, 000287.117, 165
Trd, 000287.217, 184
Trd, 000288.933, 176
Trd, 000289.217, 175
Trd, 000289.367, 174
Trd, 000289.833, 163
Trd, 000290.000, 176
Trd, 000290.717, 175
Trd, 000290.783, 178
Trd, 000290.983, 173
Trd, 000291.450, 179
Trd, 000291.483, 187
Trd, 000291.500, 163
Trd, 000292.117, 191
Trd, 000292.300, 167
Trd, 000293.500, 172
Trd, 000293.583, 173
Trd, 000294.000, 184
Trd, 000294.283, 181
Trd, 000294.383, 194
Trd, 000295.467, 183
Trd, 000296.967, 173
Trd, 000297.200, 181
Trd, 000297.467, 182
Trd, 000297.983, 192
Trd, 000298.550, 187
Trd, 000298.700, 186
Trd, 000299.317, 185
Trd, 000299.467, 181
