Trd, 000001.867, 122
Trd, 000002.450, 125
Trd, 000003.200, 106
Trd, 000003.617, 117
Trd, 000004.783, 114
Trd, 000004.933, 141
Trd, 000005.067, 144
Trd, 000005.400, 151
Trd, 000005.733, 146
Trd, 000005.767, 129
Trd, 000006.117, 133
Trd, 000006.650, 154
Trd, 000006.883, 160
Trd, 000006.967, 136
Trd, 000007.117, 158
Trd, 000007.150, 161
Trd, 000008.000, 149
Trd, 000008.533, 139
Trd, 000009.550, 144
Trd, 000009.800, 145
Trd, 000011.133, 145
Trd, 000011.983, 146
Trd, 000012.167, 146
Trd, 000012.233, 163
Trd, 000012.583, 156
Trd, 000012.650, 145
Trd, 000014.300, 152
Trd, 000014.517, 148
Trd, 000014.933, 157
Trd, 000015.000, 164
Trd, 000016.083, 150
Trd, 000016.150, 151
Trd, 000016.467, 150
Trd, 000016.633, 160
Trd, 000016.867, 148
Trd, 000017.000, 147
Trd, 000018.217, 146
Trd, 000018.917, 149
Trd, 000018.983, 129
Trd, 000019.183, 136
Trd, 000019.467, 150
Trd, 000019.583, 151
Trd, 000019.617, 123
Trd, 000020.100, 157
Trd, 000020.400, 165
Trd, 000021.333, 164
Trd, 000022.583, 152
Trd, 000023.050, 157
Trd, 000023.350, 150
Trd, 000024.517, 155
Trd, 000024.650, 150
Trd, 000024.733, 162
Trd, 000025.450, 161
Trd, 000025.467, 153
Trd, 000026.517, 158
Trd, 000026.883, 159
Trd, 000027.083, 165
Trd, 000027.133, 152
Trd, 000027.533, 151
Trd, 000028.767, 152
Trd, 000028.833, 154
Trd, 000028.883, 156
Trd, 000028.983, 157
Trd, 000029.533, 151
Trd, 000029.800, 154
Trd, 000029.850, 160
Trd, 000029.867, 147
Trd, 000030.883, 130
Trd, 000031.317, 130
Trd, 000032.183, 154
Trd, 000032.917, 148
Trd, 000033.117, 147
Trd, 000033.517, 147
Trd, 000033.983, 148
Trd, 000034.233, 148
Trd, 000034.917, 154
Trd, 000036.167, 156
Trd, 000037.150, 148
Trd, 000037.267, 147
Trd, 000037.900, 159
Trd, 000038.117, 167
Trd, 000038.733, 152
Trd, 000038.833, 152
Trd, 000039.283, 154
Trd, 000039.767, 152
Trd, 000040.550, 151
Trd, 000040.767, 150
Trd, 000041.483, 151
Trd, 000041.583, 153
Trd, 000041.783, 153
Trd, 000041.950, 172
Trd, 000042.333, 162
Trd, 000042.817, 161
Trd, 000043.383, 163
Trd, 000044.567, 164
Trd, 000044.750, 152
Trd, 000045.750, 167
Trd, 000046.117, 148
Trd, 000046.933, 154
Trd, 000048.000, 160
Trd, 000048.567, 159
Trd, 000048.700, 156
Trd, 000049.217, 153
Trd, 000049.517, 159
Trd, 000049.967, 159
Trd, 000051.150, 158
Trd, 000051.383, 160
Trd, 000051.500, 157
Trd, 000051.733, 159
Trd, 000052.900, 157
Trd, 000053.567, 156
Trd, 000053.650, 155
Trd, 000053.817, 153
Trd, 000054.783, 158
Trd, 000054.967, 158
Trd, 000055.483, 157
Trd, 000055.517, 159
Trd, 000056.350, 159
Trd, 000058.450, 156
Trd, 000058.950, 160
Trd, 000059.783, 159
Trd, 000060.567, 157
Trd, 000060.800, 156
Trd, 000061.467, 157
Trd, 000061.483, 158
Trd, 000061.767, 160
Trd, 000061.933, 155
Trd, 000063.900, 157
Trd, 000064.367, 157
Trd, 000064.733, 158
Trd, 000065.483, 155
Trd, 000065.650, 156
Trd, 000066.217, 154
Trd, 000066.800, 157
Trd, 000066.933, 158
Trd, 000067.233, 154
Trd, 000067.350, 157
Trd, 000067.367, 153
Trd, 000068.433, 158
Trd, 000069.900, 155
Trd, 000070.017, 155
Trd, 000070.050, 154
Trd, 000070.567, 155
Trd, 000071.383, 154
Trd, 000071.767, 153
Trd, 000071.900, 156
Trd, 000072.383, 156
Trd, 000073.233, 154
Trd, 000074.017, 153
Trd, 000074.433, 152
Trd, 000074.650, 155
Trd, 000074.683, 157
Trd, 000074.700, 158
Trd, 000075.250, 151
Trd, 000075.483, 162
Trd, 000076.417, 151
Trd, 000076.900, 152
Trd, 000077.800, 152
Trd, 000077.900, 153
Trd, 000077.933, 156
Trd, 000078.350, 151
Trd, 000078.483, 159
Trd, 000079.467, 171
Trd, 000081.133, 166
Trd, 000081.533, 166
Trd, 000081.633, 163
Trd, 000081.933, 162
Trd, 000082.700, 161
Trd, 000083.550, 166
Trd, 000084.033, 161
Trd, 000084.200, 160
Trd, 000084.867, 163
Trd, 000084.950, 161
Trd, 000085.767, 163
Trd, 000085.817, 164
Trd, 000086.500, 162
Trd, 000086.883, 163
Trd, 000087.167, 163
Trd, 000088.083, 160
Trd, 000088.883, 163
Trd, 000089.333, 163
Trd, 000089.500, 163
Trd, 000089.633, 158
Trd, 000089.833, 164
Trd, 000090.300, 158
Trd, 000090.967, 158
Trd, 000091.117, 170
Trd, 000091.550, 171
Trd, 000091.717, 168
Trd, 000093.033, 160
Trd, 000093.800, 168
Trd, 000093.933, 169
Trd, 000094.133, 172
Trd, 000095.000, 170
Trd, 000095.100, 167
Trd, 000095.150, 167
Trd, 000095.533, 157
Trd, 000095.750, 160
Trd, 000096.033, 169
Trd, 000096.183, 155
Trd, 000096.783, 168
Trd, 000097.483, 159
Trd, 000097.667, 154
Trd, 000098.100, 164
Trd, 000098.733, 149
Trd, 000098.817, 150
Trd, 000098.983, 150
Trd, 000099.367, 162
Trd, 000100.183, 156
Trd, 000100.717, 156
Trd, 000100.983, 165
Trd, 000101.217, 154
Trd, 000101.667, 154
Trd, 000102.150, 137
Trd, 000102.267, 173
Trd, 000102.933, 162
Trd, 000104.633, 173
Trd, 000105.233, 168
Trd, 000107.283, 169
Trd, 000107.317, 167
Trd, 000107.583, 167
Trd, 000107.767, 169
Trd, 000107.983, 167
Trd, 000108.450, 170
Trd, 000108.967, 165
Trd, 000109.633, 162
Trd, 000109.717, 161
Trd, 000110.417, 162
Trd, 000110.517, 163
Trd, 000110.617, 160
Trd, 000110.867, 155
Trd, 000113.117, 159
Trd, 000113.533, 163
Trd, 000113.683, 166
Trd, 000114.150, 160
Trd, 000114.317, 161
Trd, 000115.150, 161
Trd, 000115.183, 160
Trd, 000115.483, 159
Trd, 000116.517, 160
Trd, 000116.550, 163
Trd, 000116.617, 163
Trd, 000118.317, 160
Trd, 000118.417, 159
Trd, 000118.883, 156
Trd, 000119.333, 157
Trd, 000120.717, 157
Trd, 000120.750, 158
Trd, 000121.633, 159
Trd, 000121.717, 162
Trd, 000122.167, 167
Trd, 000122.550, 191
Trd, 000123.867, 198
Trd, 000124.050, 306.0
Trd, 000124.133, 317.0
Trd, 000124.383, 320.0
Trd, 000124.833, 327.0
Trd, 000125.533, 331
Trd, 000125.567, 344.0
Trd, 000126.067, 351.0
Trd, 000127.283, 344
Trd, 000127.333, 332
Trd, 000127.967, 334
Trd, 000128.383, 329
Trd, 000128.767, 343
Trd, 000128.783, 344
Trd, 000129.017, 349.0
Trd, 000129.550, 344.0
Trd, 000131.800, 349.0
Trd, 000132.300, 355.0
Trd, 000132.467, 344
Trd, 000133.717, 348
Trd, 000133.833, 347
Trd, 000134.700, 349.0
Trd, 000135.183, 350
Trd, 000136.183, 346
Trd, 000136.250, 351.0
Trd, 000136.417, 346
Trd, 000136.467, 351
Trd, 000137.700, 344.0
Trd, 000138.417, 340
Trd, 000138.817, 340
Trd, 000139.350, 351
Trd, 000139.783, 351.0
Trd, 000140.733, 342.0
Trd, 000140.833, 343.0
Trd, 000141.483, 343
Trd, 000141.583, 343
Trd, 000141.767, 344.0
Trd, 000142.400, 362
Trd, 000142.533, 358.0
Trd, 000142.567, 364
Trd, 000142.767, 348.0
Trd, 000144.350, 350
Trd, 000144.433, 351.0
Trd, 000144.950, 347
Trd, 000146.000, 349
Trd, 000146.567, 348.0
Trd, 000146.700, 349
Trd, 000146.800, 358
Trd, 000147.633, 354
Trd, 000147.850, 347
Trd, 000148.383, 355.0
Trd, 000149.100, 344
Trd, 000150.050, 331
Trd, 000150.183, 351
Trd, 000150.967, 339
Trd, 000151.200, 344.0
Trd, 000151.433, 351.0
Trd, 000152.367, 342
Trd, 000152.883, 341
Trd, 000154.200, 343
Trd, 000154.500, 344
Trd, 000155.417, 344
Trd, 000155.867, 344.0
Trd, 000156.800, 343
Trd, 000156.950, 342
Trd, 000157.183, 344.0
Trd, 000157.300, 348
Trd, 000157.567, 351.0
Trd, 000158.483, 351
Trd, 000158.733, 341
Trd, 000158.933, 341
Trd, 000160.217, 351.0
Trd, 000161.267, 350
Trd, 000162.150, 343
Trd, 000162.183, 344.0
Trd, 000162.433, 342
Trd, 000163.000, 348
Trd, 000163.283, 341
Trd, 000165.417, 346
Trd, 000165.767, 349
Trd, 000166.183, 345
Trd, 000166.450, 350
Trd, 000166.800, 349
Trd, 000167.783, 350
Trd, 000168.067, 349
Trd, 000168.633, 348.0
Trd, 000170.483, 345
Trd, 000170.983, 348
Trd, 000171.083, 344
Trd, 000171.200, 350
Trd, 000171.900, 346
Trd, 000171.983, 347
Trd, 000172.933, 344.0
Trd, 000174.600, 343
Trd, 000174.833, 344
Trd, 000175.917, 344.0
Trd, 000176.017, 338
Trd, 000177.117, 343
Trd, 000177.817, 342
Trd, 000177.850, 344.0
Trd, 000178.217, 340
Trd, 000178.400, 345
Trd, 000180.700, 345
Trd, 000180.833, 346
Trd, 000181.150, 345
Trd, 000181.600, 344
Trd, 000182.283, 344.0
Trd, 000182.383, 341
Trd, 000182.583, 341
Trd, 000182.617, 338
Trd, 000182.717, 323
Trd, 000183.150, 344
Trd, 000184.183, 313.0
Trd, 000184.450, 310.0
Trd, 000184.767, 306.0
Trd, 000185.267, 198
Trd, 000186.000, 197
Trd, 000186.217, 186
Trd, 000187.250, 190
Trd, 000188.383, 197
Trd, 000189.617, 189
Trd, 000189.867, 177
Trd, 000190.067, 173
Trd, 000190.267, 180
Trd, 000190.600, 176
Trd, 000191.167, 163
Trd, 000191.683, 179
Trd, 000191.950, 167
Trd, 000192.350, 180
Trd, 000193.033, 176
Trd, 000194.433, 186
Trd, 000194.450, 174
Trd, 000195.100, 183
Trd, 000195.333, 175
Trd, 000195.617, 172
Trd, 000195.817, 168
Trd, 000196.983, 181
Trd, 000197.600, 178
Trd, 000197.867, 182
Trd, 000198.283, 182
Trd, 000198.317, 181
Trd, 000198.817, 164
Trd, 000199.867, 181
Trd, 000200.667, 178
Trd, 000202.017, 171
Trd, 000202.233, 178
Trd, 000202.433, 168
Trd, 000202.717, 174
Trd, 000204.250, 171
Trd, 000205.133, 165
Trd, 000205.350, 171
Trd, 000205.433, 175
Trd, 000206.750, 172
Trd, 000207.683, 168
Trd, 000207.800, 168
Trd, 000208.433, 169
Trd, 000208.450, 168
Trd, 000209.200, 167
Trd, 000209.333, 166
Trd, 000209.500, 172
Trd, 000209.650, 175
Trd, 000210.617, 185
Trd, 000211.150, 183
Trd, 000212.400, 183
Trd, 000212.683, 181
Trd, 000213.333, 182
Trd, 000213.983, 180
Trd, 000214.917, 183
Trd, 000215.283, 188
Trd, 000215.683, 189
Trd, 000215.883, 183
Trd, 000215.900, 179
Trd, 000216.050, 179
Trd, 000216.417, 178
Trd, 000217.350, 171
Trd, 000217.567, 174
Trd, 000218.633, 184
Trd, 000219.200, 178
Trd, 000219.900, 188
Trd, 000220.583, 181
Trd, 000220.767, 186
Trd, 000221.400, 180
Trd, 000221.517, 186
Trd, 000221.850, 173
Trd, 000223.400, 184
Trd, 000223.500, 180
Trd, 000224.200, 180
Trd, 000225.167, 179
Trd, 000225.783, 179
Trd, 000225.867, 179
Trd, 000226.217, 171
Trd, 000226.467, 170
Trd, 000226.633, 167
Trd, 000227.200, 180
Trd, 000227.317, 181
Trd, 000228.567, 179
Trd, 000228.817, 173
Trd, 000229.117, 179
Trd, 000229.200, 181
Trd, 000230.200, 189
Trd, 000230.717, 176
Trd, 000231.700, 175
Trd, 000231.733, 171
Trd, 000232.833, 179
Trd, 000233.100, 177
Trd, 000233.217, 176
Trd, 000234.283, 174
Trd, 000234.550, 172
Trd, 000234.933, 174
Trd, 000235.233, 176
Trd, 000235.250, 179
Trd, 000235.633, 179
Trd, 000236.150, 172
Trd, 000236.167, 178
Trd, 000237.083, 177
Trd, 000237.600, 177
Trd, 000237.717, 172
Trd, 000238.533, 145
Trd, 000240.317, 149
Trd, 000240.400, 155
Trd, 000240.883, 164
Trd, 000240.917, 165
Trd, 000241.200, 163
Trd, 000241.750, 168
Trd, 000241.867, 168
Trd, 000242.300, 165
Trd, 000243.733, 165
Trd, 000244.050, 167
Trd, 000244.733, 167
Trd, 000244.967, 168
Trd, 000245.183, 175
Trd, 000245.283, 167
Trd, 000245.850, 169
Trd, 000246.267, 168
Trd, 000246.683, 168
Trd, 000247.300, 172
Trd, 000247.750, 171
Trd, 000248.100, 172
Trd, 000248.883, 169
Trd, 000249.083, 170
Trd, 000249.300, 168
Trd, 000249.333, 176
Trd, 000249.350, 167
Trd, 000249.883, 173
Trd, 000250.067, 173
Trd, 000250.100, 190
Trd, 000250.800, 176
Trd, 000251.900, 178
Trd, 000252.617, 193
Trd, 000253.100, 183
Trd, 000253.450, 187
Trd, 000253.733, 188
Trd, 000254.083, 191
Trd, 000255.017, 188
Trd, 000255.267, 187
Trd, 000255.483, 184
Trd, 000256.417, 183
Trd, 000256.750, 176
Trd, 000257.600, 175
Trd, 000258.067, 173
Trd, 000258.267, 174
Trd, 000258.600, 176
Trd, 000259.183, 173
Trd, 000259.233, 177
Trd, 000259.817, 178
Trd, 000260.167, 178
Trd, 000261.083, 176
Trd, 000261.133, 181
Trd, 000261.500, 182
Trd, 000261.967, 181
Trd, 000262.933, 194
Trd, 000263.017, 179
Trd, 000263.867, 176
Trd, 000264.000, 174
Trd, 000264.650, 182
Trd, 000264.767, 183
Trd, 000265.050, 174
Trd, 000265.333, 174
Trd, 000265.617, 177
Trd, 000265.817, 176
Trd, 000266.350, 177
Trd, 000266.617, 175
Trd, 000266.833, 179
Trd, 000267.283, 173
Trd, 000267.533, 170
Trd, 000268.133, 173
Trd, 000268.350, 172
Trd, 000268.550, 170
Trd, 000269.767, 176
Trd, 000271.133, 171
Trd, 000271.167, 174
Trd, 000271.233, 178
Trd, 000271.667, 183
Trd, 000271.783, 180
Trd, 000272.333, 181
Trd, 000272.633, 192
Trd, 000272.950, 187
Trd, 000273.867, 189
Trd, 000274.200, 191
Trd, 000274.283, 192
Trd, 000275.600, 195
Trd, 000275.917, 194
Trd, 000276.083, 202
Trd, 000276.367, 191
Trd, 000276.400, 188
Trd, 000277.533, 193
Trd, 000277.733, 195
Trd, 000277.933, 197
Trd, 000278.733, 197
Trd, 000278.800, 197
Trd, 000279.350, 190
Trd, 000279.617, 191
Trd, 000280.417, 196
Trd, 000280.583, 197
Trd, 000280.600, 185
Trd, 000280.933, 197
Trd, 000280.983, 193
Trd, 000282.650, 176
Trd, 000282.883, 178
Trd, 000283.150, 173
Trd, 000283.400, 172
Trd, 000283.700, 172
Trd, 000283.850, 178
Trd, 000284.333, 179
Trd, 000285.433, 176
Trd, 000285.717, 178
Trd, 000286.117, 174
Trd, 000286.150, 177
Trd, 000286.233, 183
Trd, 000286.567, 173
Trd, 000287.283, 176
Trd, 000287.300, 180
Trd, 000288.383, 177
Trd, 000288.650, 179
Trd, 000288.667, 183
Trd, 000289.150, 195
Trd, 000289.450, 189
Trd, 000289.667, 187
Trd, 000290.067, 189
Trd, 000290.333, 183
Trd, 000290.417, 182
Trd, 000290.900, 191
Trd, 000291.133, 177
Trd, 000291.750, 188
Trd, 000292.317, 181
Trd, 000292.617, 190
Trd, 000292.683, 177
Trd, 000293.833, 180
Trd, 000294.050, 178
Trd, 000294.183, 173
Trd, 000294.350, 183
Trd, 000294.600, 182
Trd, 000295.300, 174
Trd, 000295.733, 177
Trd, 000295.917, 174
Trd, 000296.317, 183
Trd, 000296.917, 174
Trd, 000297.667, 183
Trd, 000298.583, 178
Trd, 000299.050, 182
Trd, 000299.400, 181
Trd, 000299.900, 182
