Trd, 000001.267, 157
Trd, 000001.433, 158
Trd, 000002.783, 159
Trd, 000003.083, 129
Trd, 000004.050, 162
Trd, 000005.233, 156
Trd, 000006.383, 152
Trd, 000006.550, 162
Trd, 000007.433, 159
Trd, 000009.400, 162
Trd, 000010.200, 159
Trd, 000010.900, 158
Trd, 000012.117, 157
Trd, 000013.800, 141
Trd, 000015.967, 144
Trd, 000016.133, 148
Trd, 000016.183, 142
Trd, 000016.367, 148
Trd, 000017.133, 146
Trd, 000017.383, 147
Trd, 000019.017, 139
Trd, 000019.150, 137
Trd, 000019.383, 142
Trd, 000020.133, 142
Trd, 000020.483, 143
Trd, 000020.717, 143
Trd, 000021.217, 145
Trd, 000021.733, 137
Trd, 000022.533, 135
Trd, 000022.817, 138
Trd, 000023.500, 139
Trd, 000024.283, 139
Trd, 000024.700, 138
Trd, 000025.050, 142
Trd, 000025.467, 141
Trd, 000026.250, 142
Trd, 000027.133, 140
Trd, 000029.750, 141
Trd, 000029.767, 142
Trd, 000029.950, 141
Trd, 000030.067, 140
Trd, 000030.367, 141
Trd, 000030.600, 144
Trd, 000030.800, 154
Trd, 000032.483, 140
Trd, 000032.750, 148
Trd, 000034.283, 146
Trd, 000035.133, 146
Trd, 000035.300, 146
Trd, 000035.333, 148
Trd, 000035.867, 156
Trd, 000036.250, 152
Trd, 000036.850, 152
Trd, 000037.467, 152
Trd, 000037.850, 141
Trd, 000038.117, 145
Trd, 000038.367, 150
Trd, 000038.500, 148
Trd, 000040.133, 154
Trd, 000040.567, 155
Trd, 000040.750, 149
Trd, 000042.633, 155
Trd, 000042.950, 154
Trd, 000043.267, 152
Trd, 000044.683, 152
Trd, 000044.900, 151
Trd, 000044.967, 154
Trd, 000045.200, 154
Trd, 000047.500, 145
Trd, 000047.850, 138
Trd, 000048.017, 150
Trd, 000049.500, 149
Trd, 000049.683, 150
Trd, 000050.150, 148
Trd, 000050.750, 147
Trd, 000052.067, 148
Trd, 000053.050, 146
Trd, 000053.183, 149
Trd, 000053.567, 145
Trd, 000054.350, 147
Trd, 000054.500, 149
Trd, 000055.400, 149
Trd, 000055.417, 146
Trd, 000056.767, 149
Trd, 000057.867, 150
Trd, 000058.000, 149
Trd, 000058.633, 150
Trd, 000059.283, 160
Trd, 000060.067, 156
Trd, 000060.717, 159
Trd, 000061.550, 151
Trd, 000061.700, 152
Trd, 000064.083, 154
Trd, 000064.133, 154
Trd, 000064.217, 153
Trd, 000064.250, 154
Trd, 000064.817, 152
Trd, 000065.350, 151
Trd, 000065.733, 152
Trd, 000066.133, 150
Trd, 000067.117, 150
Trd, 000068.100, 156
Trd, 000068.583, 157
Trd, 000068.833, 162
Trd, 000069.883, 152
Trd, 000070.383, 153
Trd, 000071.083, 153
Trd, 000072.000, 153
Trd, 000072.300, 151
Trd, 000072.867, 145
Trd, 000073.167, 146
Trd, 000073.800, 144
Trd, 000073.933, 145
Trd, 000074.567, 147
Trd, 000074.850, 158
Trd, 000075.167, 147
Trd, 000075.317, 174
Trd, 000077.250, 167
Trd, 000079.083, 158
Trd, 000079.217, 159
Trd, 000079.283, 157
Trd, 000079.300, 157
Trd, 000080.683, 159
Trd, 000080.950, 157
Trd, 000081.800, 156
Trd, 000082.217, 156
Trd, 000082.600, 148
Trd, 000084.600, 157
Trd, 000085.283, 156
Trd, 000086.083, 154
Trd, 000086.683, 150
Trd, 000086.750, 153
Trd, 000088.267, 151
Trd, 000088.350, 150
Trd, 000089.267, 150
Trd, 000089.433, 151
Trd, 000089.767, 153
Trd, 000089.950, 152
Trd, 000090.133, 148
Trd, 000091.433, 164
Trd, 000093.467, 153
Trd, 000094.317, 152
Trd, 000095.317, 151
Trd, 000095.783, 151
Trd, 000096.367, 152
Trd, 000097.683, 151
Trd, 000097.767, 150
Trd, 000098.300, 151
Trd, 000098.933, 150
Trd, 000099.050, 152
Trd, 000099.533, 151
Trd, 000100.317, 151
Trd, 000100.400, 150
Trd, 000101.133, 164
Trd, 000101.633, 150
Trd, 000102.417, 157
Trd, 000103.683, 149
Trd, 000104.067, 148
Trd, 000104.950, 147
Trd, 000105.550, 146
Trd, 000106.017, 147
Trd, 000106.067, 148
Trd, 000106.767, 151
Trd, 000107.000, 148
Trd, 000108.117, 150
Trd, 000108.950, 150
Trd, 000109.617, 149
Trd, 000109.683, 152
Trd, 000109.783, 152
Trd, 000110.717, 149
Trd, 000111.950, 150
Trd, 000112.083, 148
Trd, 000113.317, 153
Trd, 000113.550, 155
Trd, 000115.900, 152
Trd, 000117.383, 150
Trd, 000117.450, 152
Trd, 000117.617, 153
Trd, 000117.850, 153
Trd, 000120.700, 153
Trd, 000121.617, 151
Trd, 000121.867, 153
Trd, 000122.700, 151
Trd, 000122.867, 154
Trd, 000123.083, 191
Trd, 000123.700, 212
Trd, 000123.917, 196
Trd, 000124.367, 324
Trd, 000125.350, 327.0
Trd, 000125.467, 334
Trd, 000125.767, 341.0
Trd, 000126.467, 333
Trd, 000126.700, 336
Trd, 000126.733, 337.0
Trd, 000127.933, 335
Trd, 000128.267, 335
Trd, 000129.500, 338
Trd, 000129.783, 336
Trd, 000130.417, 337
Trd, 000130.717, 341.0
Trd, 000132.750, 337.0
Trd, 000133.033, 338
Trd, 000134.200, 338
Trd, 000134.617, 340
Trd, 000135.400, 341.0
Trd, 000135.483, 341
Trd, 000136.100, 343
Trd, 000136.333, 333
Trd, 000136.983, 341
Trd, 000137.117, 344.0
Trd, 000137.350, 331
Trd, 000137.383, 351.0
Trd, 000139.033, 337.0
Trd, 000140.100, 339
Trd, 000140.300, 355
Trd, 000141.383, 339
Trd, 000143.533, 343.0
Trd, 000144.133, 338
Trd, 000144.600, 340
Trd, 000145.633, 341.0
Trd, 000145.933, 340
Trd, 000146.050, 339
Trd, 000146.333, 335
Trd, 000146.517, 340
Trd, 000147.300, 334
Trd, 000149.717, 337
Trd, 000149.967, 337.0
Trd, 000150.733, 336
Trd, 000150.867, 335
Trd, 000150.933, 337
Trd, 000150.950, 339
Trd, 000151.083, 335
Trd, 000151.367, 341
Trd, 000151.600, 341.0
Trd, 000151.683, 334
Trd, 000153.783, 337
Trd, 000153.900, 341
Trd, 000155.283, 341.0
Trd, 000156.867, 340
Trd, 000157.450, 341
Trd, 000158.467, 342
Trd, 000158.500, 342
Trd, 000159.417, 344.0
Trd, 000159.650, 343
Trd, 000160.150, 342
Trd, 000160.833, 354
Trd, 000161.250, 345
Trd, 000161.667, 346
Trd, 000162.683, 344
Trd, 000163.417, 352
Trd, 000163.567, 355
Trd, 000164.283, 342
Trd, 000164.383, 354
Trd, 000166.450, 342
Trd, 000166.833, 343
Trd, 000167.100, 343
Trd, 000168.283, 342
Trd, 000168.667, 339
Trd, 000169.633, 340
Trd, 000169.850, 338
Trd, 000170.283, 341
Trd, 000171.917, 342
Trd, 000172.783, 343
Trd, 000173.300, 343
Trd, 000173.617, 344.0
Trd, 000174.067, 339
Trd, 000174.150, 337
Trd, 000175.717, 338
Trd, 000176.183, 340
Trd, 000178.450, 338
Trd, 000178.650, 337
Trd, 000179.300, 337.0
Trd, 000179.883, 341.0
Trd, 000179.933, 336
Trd, 000181.533, 336
Trd, 000181.817, 333
Trd, 000182.383, 332
Trd, 000182.633, 326
Trd, 000183.050, 313.0
Trd, 000183.100, 298
Trd, 000183.533, 243
Trd, 000183.733, 214
Trd, 000183.817, 207
Trd, 000184.267, 199
Trd, 000184.950, 186
Trd, 000187.517, 188
Trd, 000187.800, 176
Trd, 000187.867, 167
Trd, 000188.233, 178
Trd, 000188.900, 174
Trd, 000189.267, 155
Trd, 000190.300, 165
Trd, 000190.833, 155
Trd, 000191.483, 157
Trd, 000192.250, 157
Trd, 000194.717, 157
Trd, 000195.033, 158
Trd, 000195.450, 160
Trd, 000196.567, 158
Trd, 000196.850, 157
Trd, 000197.017, 160
Trd, 000197.750, 170
Trd, 000198.700, 160
Trd, 000199.800, 163
Trd, 000200.200, 164
Trd, 000200.367, 164
Trd, 000200.500, 163
Trd, 000201.683, 162
Trd, 000202.267, 156
Trd, 000202.933, 156
Trd, 000203.267, 158
Trd, 000203.450, 161
Trd, 000203.717, 175
Trd, 000204.483, 157
Trd, 000205.350, 166
Trd, 000206.200, 171
Trd, 000207.333, 167
Trd, 000207.483, 159
Trd, 000207.900, 186
Trd, 000208.800, 160
Trd, 000210.817, 170
Trd, 000213.033, 166
Trd, 000213.267, 166
Trd, 000213.933, 162
Trd, 000214.050, 164
Trd, 000214.333, 166
Trd, 000214.367, 164
Trd, 000214.900, 161
Trd, 000215.850, 164
Trd, 000216.267, 165
Trd, 000217.200, 164
Trd, 000217.267, 163
Trd, 000217.500, 166
Trd, 000218.617, 162
Trd, 000218.767, 161
Trd, 000219.567, 161
Trd, 000220.850, 162
Trd, 000221.333, 162
Trd, 000222.333, 161
Trd, 000223.000, 163
Trd, 000223.767, 163
Trd, 000224.217, 164
Trd, 000224.833, 163
Trd, 000225.283, 165
Trd, 000225.417, 166
Trd, 000225.567, 173
Trd, 000225.967, 162
Trd, 000226.633, 161
Trd, 000227.517, 167
Trd, 000230.100, 165
Trd, 000230.217, 165
Trd, 000231.250, 164
Trd, 000231.683, 165
Trd, 000232.433, 166
Trd, 000232.500, 174
Trd, 000232.917, 177
Trd, 000234.683, 172
Trd, 000234.817, 170
Trd, 000234.867, 178
Trd, 000235.950, 172
Trd, 000237.983, 171
Trd, 000238.667, 171
Trd, 000239.167, 169
Trd, 000240.100, 168
Trd, 000240.267, 168
Trd, 000240.417, 166
Trd, 000240.700, 162
Trd, 000241.250, 159
Trd, 000241.600, 160
Trd, 000241.933, 160
Trd, 000241.967, 162
Trd, 000242.433, 160
Trd, 000242.733, 158
Trd, 000243.617, 157
Trd, 000244.233, 147
Trd, 000244.367, 147
Trd, 000244.467, 150
Trd, 000244.583, 155
Trd, 000244.950, 151
Trd, 000245.017, 161
Trd, 000245.367, 148
Trd, 000246.267, 155
Trd, 000246.900, 158
Trd, 000247.450, 161
Trd, 000247.767, 160
Trd, 000248.050, 165
Trd, 000248.517, 167
Trd, 000248.633, 172
Trd, 000249.200, 176
Trd, 000250.867, 174
Trd, 000251.150, 174
Trd, 000251.300, 174
Trd, 000251.867, 176
Trd, 000252.167, 175
Trd, 000252.450, 176
Trd, 000252.700, 174
Trd, 000253.000, 180
Trd, 000253.833, 176
Trd, 000254.317, 178
Trd, 000254.467, 176
Trd, 000255.117, 175
Trd, 000255.417, 173
Trd, 000256.250, 171
Trd, 000256.517, 168
Trd, 000256.600, 165
Trd, 000257.167, 168
Trd, 000257.900, 168
Trd, 000258.200, 168
Trd, 000258.600, 169
Trd, 000259.367, 169
Trd, 000259.817, 170
Trd, 000260.067, 169
Trd, 000260.483, 169
Trd, 000260.800, 167
Trd, 000261.017, 168
Trd, 000261.450, 166
Trd, 000262.000, 167
Trd, 000262.917, 165
Trd, 000262.950, 159
Trd, 000263.167, 166
Trd, 000263.267, 168
Trd, 000263.850, 169
Trd, 000264.000, 166
Trd, 000264.333, 170
Trd, 000264.700, 165
Trd, 000265.183, 167
Trd, 000265.283, 165
Trd, 000265.750, 169
Trd, 000266.317, 169
Trd, 000267.367, 171
Trd, 000267.450, 172
Trd, 000267.483, 175
Trd, 000267.650, 178
Trd, 000268.517, 167
Trd, 000269.000, 177
Trd, 000269.367, 170
Trd, 000269.567, 172
Trd, 000269.867, 173
Trd, 000270.717, 172
Trd, 000270.783, 172
Trd, 000270.917, 173
Trd, 000271.633, 181
Trd, 000271.767, 182
Trd, 000272.717, 183
Trd, 000273.133, 179
Trd, 000274.017, 178
Trd, 000274.983, 180
Trd, 000275.017, 180
Trd, 000275.050, 179
Trd, 000275.517, 180
Trd, 000275.533, 179
Trd, 000275.967, 178
Trd, 000276.017, 179
Trd, 000276.217, 181
Trd, 000276.433, 178
Trd, 000277.217, 175
Trd, 000277.533, 176
Trd, 000279.133, 175
Trd, 000279.733, 167
Trd, 000279.817, 176
Trd, 000280.567, 177
Trd, 000280.650, 177
Trd, 000280.917, 170
Trd, 000281.033, 169
Trd, 000281.567, 173
Trd, 000281.683, 162
Trd, 000283.317, 170
Trd, 000284.467, 170
Trd, 000284.500, 169
Trd, 000284.733, 171
Trd, 000284.850, 172
Trd, 000285.267, 179
Trd, 000285.400, 183
Trd, 000285.500, 191
Trd, 000286.500, 181
Trd, 000286.767, 182
Trd, 000287.217, 183
Trd, 000287.500, 182
Trd, 000287.533, 180
Trd, 000287.767, 179
Trd, 000288.067, 182
Trd, 000288.167, 177
Trd, 000288.383, 177
Trd, 000288.433, 177
Trd, 000288.800, 170
Trd, 000289.733, 183
Trd, 000290.450, 183
Trd, 000290.683, 184
Trd, 000290.783, 184
Trd, 000291.500, 182
Trd, 000292.317, 183
Trd, 000292.483, 194
Trd, 000293.600, 189
Trd, 000294.200, 187
Trd, 000294.250, 188
Trd, 000294.450, 189
Trd, 000294.567, 185
Trd, 000294.750, 190
Trd, 000295.083, 184
Trd, 000295.450, 180
Trd, 000296.017, 187
Trd, 000297.617, 181
Trd, 000297.850, 177
Trd, 000297.950, 171
Trd, 000298.533, 182
Trd, 000298.567, 183
Trd, 000299.383, 181
Trd, 000299.567, 179
