Trd, 000000.717, 200
Trd, 000001.817, 130
Trd, 000001.933, 131
Trd, 000003.233, 155
Trd, 000004.283, 152
Trd, 000004.550, 151
Trd, 000005.067, 152
Trd, 000005.917, 150
Trd, 000006.467, 150
Trd, 000006.767, 150
Trd, 000007.150, 151
Trd, 000007.350, 151
Trd, 000007.467, 156
Trd, 000008.483, 150
Trd, 000008.633, 154
Trd, 000010.500, 149
Trd, 000010.533, 153
Trd, 000011.950, 151
Trd, 000012.033, 152
Trd, 000012.133, 150
Trd, 000012.300, 152
Trd, 000014.033, 150
Trd, 000014.367, 149
Trd, 000015.083, 148
Trd, 000015.200, 149
Trd, 000015.417, 151
Trd, 000015.533, 151
Trd, 000015.733, 156
Trd, 000015.983, 156
Trd, 000016.300, 167
Trd, 000017.700, 153
Trd, 000018.433, 155
Trd, 000019.017, 155
Trd, 000019.583, 152
Trd, 000020.350, 153
Trd, 000020.767, 153
Trd, 000021.583, 150
Trd, 000021.783, 151
Trd, 000022.050, 150
Trd, 000023.867, 150
Trd, 000024.167, 152
Trd, 000024.317, 150
Trd, 000025.400, 155
Trd, 000025.583, 151
Trd, 000025.883, 149
Trd, 000026.867, 150
Trd, 000027.417, 151
Trd, 000027.633, 152
Trd, 000027.650, 153
Trd, 000028.867, 158
Trd, 000029.333, 152
Trd, 000030.167, 161
Trd, 000030.250, 152
Trd, 000030.400, 162
Trd, 000030.483, 166
Trd, 000031.033, 161
Trd, 000031.300, 163
Trd, 000032.083, 160
Trd, 000032.717, 157
Trd, 000033.117, 157
Trd, 000033.267, 146
Trd, 000033.667, 158
Trd, 000034.183, 156
Trd, 000034.483, 159
Trd, 000034.683, 168
Trd, 000035.417, 150
Trd, 000036.283, 160
Trd, 000036.500, 161
Trd, 000037.600, 160
Trd, 000038.067, 157
Trd, 000038.283, 156
Trd, 000038.333, 158
Trd, 000039.283, 149
Trd, 000040.817, 148
Trd, 000040.850, 148
Trd, 000040.917, 151
Trd, 000041.767, 151
Trd, 000042.167, 154
Trd, 000042.267, 168
Trd, 000042.333, 169
Trd, 000043.100, 149
Trd, 000043.250, 140
Trd, 000043.367, 150
Trd, 000043.900, 140
Trd, 000044.883, 151
Trd, 000046.083, 152
Trd, 000046.650, 153
Trd, 000047.283, 154
Trd, 000048.250, 151
Trd, 000049.117, 153
Trd, 000049.183, 154
Trd, 000049.667, 153
Trd, 000050.850, 155
Trd, 000051.600, 154
Trd, 000052.017, 153
Trd, 000052.317, 154
Trd, 000052.933, 159
Trd, 000054.417, 156
Trd, 000054.917, 155
Trd, 000055.017, 159
Trd, 000055.450, 153
Trd, 000055.983, 152
Trd, 000056.017, 157
Trd, 000057.283, 156
Trd, 000058.000, 157
Trd, 000058.167, 150
Trd, 000058.267, 151
Trd, 000058.700, 155
Trd, 000058.717, 140
Trd, 000058.783, 161
Trd, 000059.450, 144
Trd, 000059.683, 145
Trd, 000060.250, 142
Trd, 000060.767, 141
Trd, 000061.033, 146
Trd, 000062.100, 148
Trd, 000062.167, 150
Trd, 000062.917, 147
Trd, 000062.983, 171
Trd, 000064.017, 153
Trd, 000064.783, 147
Trd, 000064.933, 154
Trd, 000065.933, 151
Trd, 000066.033, 152
Trd, 000066.067, 152
Trd, 000066.283, 152
Trd, 000066.300, 150
Trd, 000067.683, 168
Trd, 000068.150, 156
Trd, 000068.267, 169
Trd, 000069.833, 158
Trd, 000070.217, 164
Trd, 000070.383, 171
Trd, 000071.200, 158
Trd, 000071.650, 162
Trd, 000071.867, 172
Trd, 000072.550, 157
Trd, 000072.600, 155
Trd, 000074.100, 154
Trd, 000074.350, 155
Trd, 000075.667, 155
Trd, 000075.767, 153
Trd, 000076.017, 154
Trd, 000076.067, 155
Trd, 000076.283, 151
Trd, 000076.433, 154
Trd, 000076.567, 152
Trd, 000076.800, 150
Trd, 000078.417, 151
Trd, 000078.617, 153
Trd, 000079.467, 149
Trd, 000079.933, 151
Trd, 000080.067, 152
Trd, 000080.300, 163
Trd, 000081.167, 173
Trd, 000081.350, 160
Trd, 000081.717, 176
Trd, 000082.683, 180
Trd, 000083.583, 163
Trd, 000083.900, 156
Trd, 000084.067, 156
Trd, 000084.183, 163
Trd, 000085.633, 162
Trd, 000085.733, 163
Trd, 000085.917, 155
Trd, 000086.900, 162
Trd, 000087.950, 157
Trd, 000088.700, 159
Trd, 000089.083, 157
Trd, 000089.100, 159
Trd, 000089.867, 159
Trd, 000090.000, 157
Trd, 000090.367, 157
Trd, 000090.500, 159
Trd, 000091.550, 160
Trd, 000092.400, 153
Trd, 000093.083, 156
Trd, 000093.283, 156
Trd, 000093.717, 156
Trd, 000093.883, 152
Trd, 000094.550, 157
Trd, 000095.650, 153
Trd, 000095.783, 153
Trd, 000096.117, 164
Trd, 000096.383, 149
Trd, 000097.833, 168
Trd, 000098.950, 164
Trd, 000099.917, 164
Trd, 000100.083, 175
Trd, 000100.383, 176
Trd, 000100.600, 177
Trd, 000101.317, 160
Trd, 000101.467, 158
Trd, 000102.383, 166
Trd, 000102.433, 160
Trd, 000102.733, 167
Trd, 000104.433, 160
Trd, 000104.833, 159
Trd, 000104.850, 160
Trd, 000105.650, 160
Trd, 000106.083, 160
Trd, 000106.717, 164
Trd, 000107.500, 164
Trd, 000107.617, 165
Trd, 000107.883, 157
Trd, 000109.200, 173
Trd, 000109.700, 170
Trd, 000110.017, 169
Trd, 000110.300, 159
Trd, 000110.433, 155
Trd, 000111.633, 179
Trd, 000112.217, 172
Trd, 000112.950, 172
Trd, 000113.950, 163
Trd, 000115.317, 169
Trd, 000115.567, 161
Trd, 000115.600, 160
Trd, 000115.817, 166
Trd, 000115.883, 167
Trd, 000115.950, 166
Trd, 000117.783, 160
Trd, 000118.050, 162
Trd, 000118.067, 164
Trd, 000119.850, 160
Trd, 000120.600, 163
Trd, 000120.633, 164
Trd, 000121.083, 165
Trd, 000121.133, 167
Trd, 000121.550, 168
Trd, 000121.583, 174
Trd, 000121.617, 177
Trd, 000122.550, 165
Trd, 000122.850, 194
Trd, 000124.067, 178
Trd, 000124.183, 229
Trd, 000124.800, 303.0
Trd, 000125.117, 306.0
Trd, 000125.367, 340
Trd, 000125.817, 313.0
Trd, 000126.683, 331.0
Trd, 000126.700, 347
Trd, 000128.333, 339
Trd, 000128.367, 338
Trd, 000128.683, 348.0
Trd, 000128.933, 348
Trd, 000129.250, 339
Trd, 000129.650, 336
Trd, 000129.933, 349
Trd, 000130.267, 350
Trd, 000132.433, 336
Trd, 000133.100, 323
Trd, 000133.783, 336
Trd, 000134.083, 333
Trd, 000134.583, 332
Trd, 000136.383, 334
Trd, 000136.667, 344
Trd, 000136.800, 348.0
Trd, 000137.300, 334
Trd, 000138.617, 355.0
Trd, 000138.883, 348
Trd, 000139.667, 350
Trd, 000140.400, 344.0
Trd, 000140.983, 348
Trd, 000141.817, 346
Trd, 000141.917, 346
Trd, 000142.367, 355
Trd, 000142.583, 356
Trd, 000142.600, 357
Trd, 000143.350, 348
Trd, 000143.750, 350
Trd, 000144.050, 352
Trd, 000145.067, 346
Trd, 000145.883, 346
Trd, 000146.150, 343
Trd, 000146.383, 343.0
Trd, 000146.583, 349
Trd, 000147.900, 328
Trd, 000148.033, 345
Trd, 000148.217, 322
Trd, 000148.783, 331.0
Trd, 000149.300, 343
Trd, 000150.483, 338
Trd, 000151.050, 338
Trd, 000152.583, 340
Trd, 000152.833, 340
Trd, 000153.067, 332
Trd, 000153.250, 331
Trd, 000153.817, 342
Trd, 000154.633, 347.0
Trd, 000155.817, 344
Trd, 000156.100, 333
Trd, 000157.267, 341
Trd, 000158.433, 343
Trd, 000159.067, 342
Trd, 000159.367, 342
Trd, 000159.967, 345
Trd, 000160.667, 350.0
Trd, 000160.950, 343
Trd, 000161.100, 358.0
Trd, 000162.233, 348
Trd, 000162.833, 348
Trd, 000163.383, 361
Trd, 000164.817, 354.0
Trd, 000165.550, 350
Trd, 000165.700, 349
Trd, 000166.033, 349
Trd, 000166.283, 351
Trd, 000166.633, 351
Trd, 000166.817, 348.0
Trd, 000167.617, 355.0
Trd, 000168.033, 357
Trd, 000168.617, 349
Trd, 000168.750, 355
Trd, 000168.783, 356
Trd, 000169.433, 354
Trd, 000169.450, 350
Trd, 000169.817, 355
Trd, 000170.083, 344.0
Trd, 000170.983, 354
Trd, 000172.183, 346
Trd, 000173.283, 350
Trd, 000173.800, 349.0
Trd, 000173.850, 348.0
Trd, 000173.967, 350
Trd, 000174.233, 356
Trd, 000174.817, 357
Trd, 000174.867, 344.0
Trd, 000176.900, 343
Trd, 000177.050, 350
Trd, 000177.400, 350
Trd, 000178.183, 349
Trd, 000179.050, 348.0
Trd, 000179.133, 351
Trd, 000179.267, 352
Trd, 000179.300, 344
Trd, 000179.500, 352
Trd, 000179.983, 354
Trd, 000180.200, 354
Trd, 000181.283, 353
Trd, 000181.533, 354.0
Trd, 000182.400, 324
Trd, 000182.817, 323
Trd, 000183.150, 319
Trd, 000183.633, 306
Trd, 000185.217, 198
Trd, 000185.350, 184
Trd, 000186.450, 204
Trd, 000186.833, 191
Trd, 000187.217, 202
Trd, 000187.283, 183
Trd, 000187.400, 182
Trd, 000188.617, 177
Trd, 000188.850, 177
Trd, 000189.217, 164
Trd, 000191.233, 171
Trd, 000191.317, 167
Trd, 000191.583, 169
Trd, 000192.733, 163
Trd, 000193.483, 165
Trd, 000193.767, 165
Trd, 000194.233, 166
Trd, 000194.250, 163
Trd, 000194.700, 160
Trd, 000195.933, 161
Trd, 000196.050, 163
Trd, 000196.267, 162
Trd, 000196.450, 167
Trd, 000197.383, 167
Trd, 000197.550, 174
Trd, 000198.167, 163
Trd, 000198.833, 171
Trd, 000199.467, 171
Trd, 000199.550, 172
Trd, 000199.917, 164
Trd, 000200.350, 171
Trd, 000201.133, 171
Trd, 000201.683, 167
Trd, 000201.933, 172
Trd, 000202.533, 171
Trd, 000202.917, 169
Trd, 000203.867, 170
Trd, 000204.367, 186
Trd, 000204.867, 178
Trd, 000205.333, 184
Trd, 000205.567, 167
Trd, 000205.867, 184
Trd, 000206.617, 181
Trd, 000206.800, 167
Trd, 000207.000, 165
Trd, 000207.500, 167
Trd, 000208.900, 169
Trd, 000209.833, 173
Trd, 000210.000, 171
Trd, 000210.283, 169
Trd, 000210.417, 171
Trd, 000210.583, 170
Trd, 000210.700, 172
Trd, 000211.667, 173
Trd, 000211.900, 171
Trd, 000212.150, 182
Trd, 000214.900, 179
Trd, 000215.083, 181
Trd, 000215.200, 178
Trd, 000215.867, 179
Trd, 000216.517, 176
Trd, 000216.900, 176
Trd, 000217.133, 172
Trd, 000217.883, 174
Trd, 000218.183, 177
Trd, 000218.267, 172
Trd, 000219.000, 176
Trd, 000219.633, 176
Trd, 000219.900, 170
Trd, 000220.133, 177
Trd, 000220.717, 170
Trd, 000221.550, 177
Trd, 000221.667, 177
Trd, 000223.000, 168
Trd, 000223.200, 166
Trd, 000223.433, 169
Trd, 000223.950, 168
Trd, 000224.633, 169
Trd, 000224.883, 169
Trd, 000225.383, 169
Trd, 000225.450, 170
Trd, 000226.817, 180
Trd, 000226.917, 184
Trd, 000227.467, 178
Trd, 000227.750, 172
Trd, 000229.200, 173
Trd, 000229.700, 170
Trd, 000229.733, 173
Trd, 000229.767, 176
Trd, 000231.033, 174
Trd, 000231.283, 174
Trd, 000231.533, 175
Trd, 000231.550, 171
Trd, 000232.467, 164
Trd, 000232.717, 176
Trd, 000232.767, 140
Trd, 000233.750, 176
Trd, 000234.033, 177
Trd, 000234.617, 178
Trd, 000235.100, 178
Trd, 000236.117, 177
Trd, 000237.383, 182
Trd, 000237.800, 189
Trd, 000238.283, 186
Trd, 000239.600, 185
Trd, 000240.283, 182
Trd, 000240.317, 181
Trd, 000240.733, 174
Trd, 000241.183, 182
Trd, 000241.483, 182
Trd, 000241.950, 178
Trd, 000242.317, 179
Trd, 000242.900, 178
Trd, 000242.950, 178
Trd, 000243.983, 169
Trd, 000244.300, 172
Trd, 000244.733, 175
Trd, 000244.767, 175
Trd, 000244.850, 177
Trd, 000244.883, 178
Trd, 000246.067, 176
Trd, 000246.117, 179
Trd, 000246.150, 174
Trd, 000246.383, 166
Trd, 000246.667, 178
Trd, 000247.000, 186
Trd, 000247.183, 187
Trd, 000248.333, 185
Trd, 000248.533, 183
Trd, 000249.183, 180
Trd, 000249.200, 173
Trd, 000249.317, 184
Trd, 000249.683, 186
Trd, 000250.983, 181
Trd, 000251.133, 182
Trd, 000251.233, 181
Trd, 000251.617, 181
Trd, 000251.717, 175
Trd, 000252.450, 173
Trd, 000253.683, 171
Trd, 000253.800, 171
Trd, 000255.350, 172
Trd, 000255.467, 172
Trd, 000255.700, 171
Trd, 000255.833, 170
Trd, 000256.267, 171
Trd, 000256.950, 172
Trd, 000257.117, 174
Trd, 000257.383, 174
Trd, 000258.567, 175
Trd, 000258.683, 175
Trd, 000259.200, 174
Trd, 000259.417, 176
Trd, 000260.517, 181
Trd, 000260.817, 179
Trd, 000262.083, 179
Trd, 000262.117, 178
Trd, 000262.583, 179
Trd, 000262.633, 180
Trd, 000263.017, 176
Trd, 000263.750, 174
Trd, 000263.850, 182
Trd, 000264.833, 175
Trd, 000264.867, 183
Trd, 000265.517, 182
Trd, 000266.117, 182
Trd, 000266.150, 174
Trd, 000266.767, 186
Trd, 000266.967, 187
Trd, 000267.750, 191
Trd, 000268.400, 192
Trd, 000269.050, 185
Trd, 000269.783, 186
Trd, 000269.850, 187
Trd, 000269.950, 177
Trd, 000270.767, 186
Trd, 000270.917, 175
Trd, 000270.950, 186
Trd, 000271.183, 183
Trd, 000271.617, 187
Trd, 000271.650, 187
Trd, 000271.833, 187
Trd, 000272.050, 186
Trd, 000272.067, 185
Trd, 000273.383, 186
Trd, 000274.300, 189
Trd, 000275.683, 177
Trd, 000275.917, 177
Trd, 000276.383, 175
Trd, 000276.750, 178
Trd, 000277.100, 178
Trd, 000277.183, 178
Trd, 000278.233, 172
Trd, 000278.850, 166
Trd, 000279.233, 165
Trd, 000279.833, 173
Trd, 000280.033, 172
Trd, 000280.183, 176
Trd, 000280.383, 183
Trd, 000280.633, 172
Trd, 000281.183, 190
Trd, 000281.317, 196
Trd, 000281.550, 174
Trd, 000281.617, 173
Trd, 000282.583, 182
Trd, 000282.950, 173
Trd, 000283.083, 174
Trd, 000283.917, 183
Trd, 000284.683, 190
Trd, 000284.917, 181
Trd, 000285.617, 178
Trd, 000285.650, 181
Trd, 000286.733, 177
Trd, 000286.833, 179
Trd, 000287.167, 180
Trd, 000287.200, 176
Trd, 000287.217, 181
Trd, 000287.750, 181
Trd, 000287.950, 194
Trd, 000288.050, 194
Trd, 000288.433, 192
Trd, 000288.833, 194
Trd, 000289.383, 194
Trd, 000289.817, 193
Trd, 000290.667, 193
Trd, 000291.317, 197
Trd, 000291.917, 194
Trd, 000292.117, 183
Trd, 000292.283, 180
Trd, 000292.733, 194
Trd, 000293.683, 190
Trd, 000295.667, 187
Trd, 000295.750, 187
Trd, 000295.800, 190
Trd, 000297.050, 189
Trd, 000297.133, 190
Trd, 000297.333, 189
Trd, 000297.900, 190
Trd, 000297.983, 191
Trd, 000298.400, 193
Trd, 000298.567, 195
Trd, 000298.600, 197
Trd, 000299.833, 194
Trd, 000299.983, 179
