Trd, 000001.000, 178
Trd, 000002.200, 141
Trd, 000002.517, 177
Trd, 000002.600, 140
Trd, 000003.483, 151
Trd, 000004.033, 147
Trd, 000005.717, 163
Trd, 000005.900, 162
Trd, 000006.183, 163
Trd, 000006.217, 165
Trd, 000006.900, 162
Trd, 000006.917, 160
Trd, 000007.967, 158
Trd, 000008.300, 152
Trd, 000008.833, 166
Trd, 000009.783, 137
Trd, 000009.950, 164
Trd, 000010.117, 145
Trd, 000011.400, 142
Trd, 000012.683, 152
Trd, 000013.500, 145
Trd, 000014.633, 146
Trd, 000014.683, 146
Trd, 000015.217, 144
Trd, 000016.100, 145
Trd, 000016.333, 143
Trd, 000016.383, 142
Trd, 000017.117, 145
Trd, 000017.367, 146
Trd, 000018.167, 146
Trd, 000018.967, 145
Trd, 000019.183, 145
Trd, 000019.233, 142
Trd, 000019.550, 150
Trd, 000019.633, 157
Trd, 000020.200, 143
Trd, 000020.983, 142
Trd, 000022.267, 146
Trd, 000022.517, 145
Trd, 000023.750, 150
Trd, 000023.900, 148
Trd, 000024.117, 150
Trd, 000024.367, 144
Trd, 000025.817, 147
Trd, 000025.850, 144
Trd, 000027.250, 149
Trd, 000028.083, 147
Trd, 000028.100, 150
Trd, 000028.483, 158
Trd, 000028.600, 147
Trd, 000028.917, 146
Trd, 000029.783, 146
Trd, 000029.833, 150
Trd, 000029.933, 154
Trd, 000030.467, 155
Trd, 000031.417, 147
Trd, 000032.550, 145
Trd, 000032.733, 151
Trd, 000033.800, 145
Trd, 000034.233, 150
Trd, 000034.583, 151
Trd, 000034.950, 147
Trd, 000035.817, 169
Trd, 000035.917, 149
Trd, 000036.367, 170
Trd, 000038.300, 168
Trd, 000038.317, 169
Trd, 000038.417, 157
Trd, 000038.517, 170
Trd, 000039.650, 158
Trd, 000039.800, 157
Trd, 000040.867, 156
Trd, 000041.900, 162
Trd, 000042.417, 155
Trd, 000043.933, 155
Trd, 000043.950, 156
Trd, 000044.400, 155
Trd, 000045.200, 157
Trd, 000045.717, 157
Trd, 000046.133, 159
Trd, 000046.250, 156
Trd, 000046.967, 170
Trd, 000047.100, 171
Trd, 000047.167, 155
Trd, 000047.400, 171
Trd, 000049.283, 155
Trd, 000049.350, 164
Trd, 000049.433, 165
Trd, 000049.533, 154
Trd, 000049.600, 148
Trd, 000050.533, 137
Trd, 000050.850, 146
Trd, 000051.217, 156
Trd, 000052.133, 156
Trd, 000052.233, 144
Trd, 000052.317, 136
Trd, 000052.933, 148
Trd, 000053.833, 146
Trd, 000054.017, 169
Trd, 000054.833, 149
Trd, 000054.983, 160
Trd, 000056.217, 151
Trd, 000056.517, 152
Trd, 000057.400, 149
Trd, 000057.583, 153
Trd, 000058.567, 148
Trd, 000058.733, 146
Trd, 000058.767, 150
Trd, 000059.200, 147
Trd, 000059.300, 140
Trd, 000059.750, 148
Trd, 000059.833, 150
Trd, 000060.550, 151
Trd, 000061.117, 150
Trd, 000061.283, 154
Trd, 000061.850, 146
Trd, 000062.117, 161
Trd, 000064.067, 146
Trd, 000064.183, 153
Trd, 000066.417, 149
Trd, 000066.650, 151
Trd, 000067.483, 149
Trd, 000068.333, 149
Trd, 000069.483, 151
Trd, 000069.650, 150
Trd, 000070.017, 151
Trd, 000070.250, 148
Trd, 000071.050, 152
Trd, 000071.500, 151
Trd, 000071.667, 147
Trd, 000072.217, 151
Trd, 000072.800, 147
Trd, 000072.900, 151
Trd, 000074.983, 150
Trd, 000075.100, 151
Trd, 000075.867, 148
Trd, 000076.550, 151
Trd, 000076.933, 151
Trd, 000077.667, 147
Trd, 000077.833, 149
Trd, 000078.067, 155
Trd, 000078.467, 171
Trd, 000078.933, 148
Trd, 000080.417, 154
Trd, 000081.133, 153
Trd, 000081.333, 155
Trd, 000081.950, 154
Trd, 000082.383, 156
Trd, 000082.917, 152
Trd, 000083.300, 156
Trd, 000083.717, 152
Trd, 000083.800, 151
Trd, 000084.983, 161
Trd, 000085.733, 151
Trd, 000088.450, 153
Trd, 000089.033, 153
Trd, 000089.317, 155
Trd, 000089.717, 153
Trd, 000090.583, 154
Trd, 000090.617, 152
Trd, 000090.650, 156
Trd, 000090.667, 157
Trd, 000091.467, 156
Trd, 000092.233, 152
Trd, 000092.433, 151
Trd, 000092.583, 158
Trd, 000094.350, 157
Trd, 000095.300, 156
Trd, 000095.350, 157
Trd, 000096.583, 152
Trd, 000096.733, 158
Trd, 000097.267, 159
Trd, 000097.500, 154
Trd, 000097.633, 153
Trd, 000097.783, 175
Trd, 000099.050, 174
Trd, 000099.233, 161
Trd, 000100.250, 162
Trd, 000100.283, 157
Trd, 000100.750, 152
Trd, 000101.850, 164
Trd, 000101.917, 165
Trd, 000102.700, 164
Trd, 000102.883, 160
Trd, 000103.833, 161
Trd, 000104.817, 161
Trd, 000105.150, 160
Trd, 000106.367, 160
Trd, 000107.400, 158
Trd, 000107.917, 158
Trd, 000108.167, 154
Trd, 000108.467, 151
Trd, 000110.017, 152
Trd, 000110.550, 154
Trd, 000110.633, 155
Trd, 000110.817, 166
Trd, 000111.167, 175
Trd, 000111.367, 148
Trd, 000111.667, 145
Trd, 000112.067, 176
Trd, 000112.400, 163
Trd, 000112.433, 197
Trd, 000113.950, 152
Trd, 000115.483, 154
Trd, 000115.600, 155
Trd, 000116.050, 158
Trd, 000116.567, 153
Trd, 000116.800, 154
Trd, 000116.850, 156
Trd, 000117.400, 156
Trd, 000117.650, 153
Trd, 000117.700, 151
Trd, 000118.317, 159
Trd, 000118.583, 159
Trd, 000118.717, 155
Trd, 000119.783, 160
Trd, 000120.317, 155
Trd, 000120.667, 160
Trd, 000121.733, 179
Trd, 000122.083, 180
Trd, 000122.667, 185
Trd, 000122.983, 222
Trd, 000123.600, 306.0
Trd, 000123.617, 323
Trd, 000124.300, 344
Trd, 000124.750, 353
Trd, 000125.983, 341.0
Trd, 000126.283, 348.0
Trd, 000127.083, 341.0
Trd, 000127.800, 335
Trd, 000128.100, 344.0
Trd, 000128.850, 355.0
Trd, 000129.833, 336.0
Trd, 000132.150, 341.0
Trd, 000132.233, 344.0
Trd, 000132.800, 346
Trd, 000132.883, 355
Trd, 000135.117, 342.0
Trd, 000135.250, 344.0
Trd, 000135.283, 348.0
Trd, 000135.733, 342
Trd, 000135.817, 337.0
Trd, 000136.500, 340
Trd, 000136.950, 349
Trd, 000137.267, 344.0
Trd, 000137.750, 338
Trd, 000139.367, 340
Trd, 000140.017, 347
Trd, 000140.233, 341
Trd, 000140.983, 340
Trd, 000141.350, 344.0
Trd, 000142.050, 334.0
Trd, 000143.333, 333.0
Trd, 000144.717, 339.0
Trd, 000144.783, 341.0
Trd, 000145.967, 335
Trd, 000146.017, 339
Trd, 000146.583, 334.0
Trd, 000146.967, 337
Trd, 000149.417, 338
Trd, 000149.617, 338
Trd, 000150.333, 336.0
Trd, 000150.867, 338
Trd, 000151.300, 335.0
Trd, 000151.817, 339.0
Trd, 000152.033, 338
Trd, 000152.050, 334.0
Trd, 000152.417, 344.0
Trd, 000153.717, 341.0
Trd, 000154.367, 342
Trd, 000155.067, 344.0
Trd, 000155.217, 344
Trd, 000156.750, 334
Trd, 000157.567, 344
Trd, 000158.783, 340
Trd, 000159.000, 344
Trd, 000159.500, 341.0
Trd, 000160.183, 342
Trd, 000160.317, 343
Trd, 000161.483, 336
Trd, 000161.817, 334.0
Trd, 000162.000, 342
Trd, 000162.800, 344.0
Trd, 000163.117, 334
Trd, 000163.517, 333
Trd, 000163.650, 341.0
Trd, 000164.850, 333
Trd, 000165.617, 333.0
Trd, 000166.100, 337
Trd, 000167.267, 340
Trd, 000167.300, 343
Trd, 000170.617, 339.0
Trd, 000171.333, 340
Trd, 000171.517, 341.0
Trd, 000171.850, 343
Trd, 000171.867, 345
Trd, 000172.533, 348.0
Trd, 000172.750, 339
Trd, 000173.750, 344.0
Trd, 000174.233, 337
Trd, 000175.367, 342
Trd, 000176.600, 345
Trd, 000176.650, 346
Trd, 000176.817, 341
Trd, 000178.050, 343
Trd, 000178.583, 342
Trd, 000178.650, 340
Trd, 000180.117, 344.0
Trd, 000180.817, 346
Trd, 000180.867, 343
Trd, 000181.317, 347
Trd, 000182.083, 346
Trd, 000182.383, 336
Trd, 000182.683, 320.0
Trd, 000183.067, 335
Trd, 000183.083, 317
Trd, 000183.167, 299
Trd, 000183.517, 245
Trd, 000183.867, 175
Trd, 000183.883, 169
Trd, 000183.900, 169
Trd, 000184.283, 159
Trd, 000184.733, 211
Trd, 000186.333, 190
Trd, 000187.083, 191
Trd, 000187.483, 189
Trd, 000187.517, 183
Trd, 000187.650, 176
Trd, 000188.683, 197
Trd, 000188.700, 191
Trd, 000189.883, 168
Trd, 000190.683, 190
Trd, 000190.967, 184
Trd, 000191.017, 181
Trd, 000191.400, 179
Trd, 000192.700, 175
Trd, 000192.950, 170
Trd, 000193.217, 179
Trd, 000194.033, 159
Trd, 000195.417, 154
Trd, 000195.917, 160
Trd, 000196.067, 163
Trd, 000196.917, 165
Trd, 000197.483, 165
Trd, 000197.700, 166
Trd, 000198.467, 164
Trd, 000198.533, 165
Trd, 000198.600, 163
Trd, 000199.150, 184
Trd, 000199.683, 171
Trd, 000200.083, 171
Trd, 000200.233, 171
Trd, 000200.917, 173
Trd, 000201.050, 172
Trd, 000201.800, 175
Trd, 000202.383, 171
Trd, 000203.217, 169
Trd, 000203.267, 170
Trd, 000203.967, 164
Trd, 000204.217, 168
Trd, 000205.350, 168
Trd, 000205.400, 168
Trd, 000205.883, 166
Trd, 000207.550, 180
Trd, 000208.067, 175
Trd, 000208.483, 176
Trd, 000208.500, 166
Trd, 000209.500, 167
Trd, 000209.767, 166
Trd, 000210.200, 186
Trd, 000210.683, 172
Trd, 000211.700, 167
Trd, 000211.833, 173
Trd, 000212.917, 164
Trd, 000213.550, 172
Trd, 000214.067, 165
Trd, 000214.550, 165
Trd, 000214.633, 165
Trd, 000215.483, 169
Trd, 000215.517, 186
Trd, 000216.067, 163
Trd, 000216.167, 162
Trd, 000216.467, 173
Trd, 000217.100, 152
Trd, 000217.117, 188
Trd, 000218.267, 163
Trd, 000218.300, 166
Trd, 000218.933, 164
Trd, 000219.650, 163
Trd, 000221.633, 162
Trd, 000221.883, 163
Trd, 000222.267, 162
Trd, 000222.467, 160
Trd, 000222.667, 164
Trd, 000222.917, 159
Trd, 000223.900, 164
Trd, 000224.650, 163
Trd, 000225.350, 163
Trd, 000227.300, 162
Trd, 000227.333, 162
Trd, 000227.817, 162
Trd, 000228.117, 162
Trd, 000228.567, 166
Trd, 000228.633, 162
Trd, 000230.067, 164
Trd, 000231.517, 164
Trd, 000231.550, 164
Trd, 000231.683, 164
Trd, 000232.217, 163
Trd, 000233.767, 164
Trd, 000233.950, 167
Trd, 000234.250, 165
Trd, 000234.383, 162
Trd, 000234.717, 161
Trd, 000234.900, 171
Trd, 000236.167, 159
Trd, 000236.517, 175
Trd, 000237.133, 168
Trd, 000238.033, 158
Trd, 000239.133, 168
Trd, 000239.533, 166
Trd, 000240.217, 169
Trd, 000240.600, 176
Trd, 000241.300, 174
Trd, 000241.700, 174
Trd, 000242.133, 172
Trd, 000242.217, 175
Trd, 000242.500, 189
Trd, 000243.867, 176
Trd, 000244.667, 177
Trd, 000244.833, 178
Trd, 000245.000, 179
Trd, 000245.217, 175
Trd, 000245.400, 175
Trd, 000245.600, 172
Trd, 000246.350, 178
Trd, 000246.583, 175
Trd, 000246.650, 174
Trd, 000246.933, 175
Trd, 000247.617, 178
Trd, 000248.233, 179
Trd, 000248.600, 176
Trd, 000249.800, 176
Trd, 000249.900, 175
Trd, 000250.100, 178
Trd, 000250.200, 176
Trd, 000250.250, 174
Trd, 000250.633, 175
Trd, 000250.817, 180
Trd, 000251.517, 183
Trd, 000252.100, 179
Trd, 000252.483, 178
Trd, 000253.033, 178
Trd, 000253.433, 176
Trd, 000253.467, 176
Trd, 000253.917, 173
Trd, 000253.933, 177
Trd, 000254.600, 176
Trd, 000255.183, 178
Trd, 000255.650, 177
Trd, 000255.800, 193
Trd, 000256.850, 180
Trd, 000256.950, 176
Trd, 000257.067, 180
Trd, 000257.500, 175
Trd, 000257.750, 180
Trd, 000258.850, 177
Trd, 000259.067, 178
Trd, 000259.417, 181
Trd, 000259.550, 181
Trd, 000259.867, 181
Trd, 000260.000, 179
Trd, 000260.033, 174
Trd, 000260.200, 182
Trd, 000260.333, 194
Trd, 000260.433, 169
Trd, 000261.683, 181
Trd, 000262.117, 177
Trd, 000262.783, 181
Trd, 000263.083, 177
Trd, 000263.600, 180
Trd, 000263.717, 176
Trd, 000265.017, 177
Trd, 000265.350, 179
Trd, 000265.517, 176
Trd, 000265.667, 177
Trd, 000266.017, 180
Trd, 000266.517, 182
Trd, 000267.567, 190
Trd, 000267.783, 191
Trd, 000268.700, 187
Trd, 000268.817, 186
Trd, 000269.100, 185
Trd, 000269.617, 183
Trd, 000270.350, 187
Trd, 000270.550, 188
Trd, 000270.750, 183
Trd, 000271.183, 182
Trd, 000271.217, 181
Trd, 000271.633, 178
Trd, 000272.167, 187
Trd, 000272.200, 188
Trd, 000272.383, 177
Trd, 000272.717, 188
Trd, 000273.983, 187
Trd, 000275.300, 179
Trd, 000275.400, 178
Trd, 000275.733, 186
Trd, 000276.067, 187
Trd, 000276.300, 179
Trd, 000276.383, 175
Trd, 000277.167, 183
Trd, 000277.283, 181
Trd, 000277.350, 176
Trd, 000278.000, 187
Trd, 000278.183, 186
Trd, 000278.750, 184
Trd, 000278.783, 171
Trd, 000280.050, 183
Trd, 000280.233, 180
Trd, 000280.417, 182
Trd, 000281.250, 196
Trd, 000281.600, 192
Trd, 000281.683, 190
Trd, 000282.800, 191
Trd, 000282.883, 185
Trd, 000283.350, 182
Trd, 000283.817, 186
Trd, 000284.333, 185
Trd, 000284.733, 187
Trd, 000285.117, 188
Trd, 000285.850, 183
Trd, 000285.967, 181
Trd, 000286.000, 186
Trd, 000286.067, 187
Trd, 000286.083, 179
Trd, 000286.483, 188
Trd, 000286.600, 180
Trd, 000286.817, 176
Trd, 000287.567, 172
Trd, 000287.950, 185
Trd, 000288.500, 187
Trd, 000289.317, 178
Trd, 000289.650, 187
Trd, 000290.200, 194
Trd, 000290.300, 181
Trd, 000290.400, 189
Trd, 000290.500, 180
Trd, 000291.067, 179
Trd, 000291.500, 187
Trd, 000291.833, 177
Trd, 000292.633, 187
Trd, 000292.683, 188
Trd, 000292.750, 192
Trd, 000292.767, 180
Trd, 000292.783, 197
Trd, 000292.833, 178
Trd, 000293.117, 177
Trd, 000293.200, 191
Trd, 000293.683, 170
Trd, 000294.217, 163
Trd, 000294.633, 173
Trd, 000297.017, 181
Trd, 000297.400, 181
Trd, 000297.717, 180
Trd, 000297.950, 180
Trd, 000297.967, 177
Trd, 000297.983, 177
Trd, 000298.050, 186
Trd, 000298.250, 197
Trd, 000298.317, 171
Trd, 000298.367, 165
Trd, 000298.383, 164
Trd, 000299.050, 181
Trd, 000299.267, 177
Trd, 000299.417, 182
