Trd, 000002.100, 106
Trd, 000003.200, 158
Trd, 000003.450, 157
Trd, 000003.483, 159
Trd, 000004.150, 148
Trd, 000004.367, 144
Trd, 000005.217, 159
Trd, 000006.850, 155
Trd, 000007.083, 160
Trd, 000007.283, 162
Trd, 000008.217, 164
Trd, 000008.617, 162
Trd, 000008.633, 149
Trd, 000010.117, 161
Trd, 000012.633, 156
Trd, 000013.417, 156
Trd, 000014.667, 151
Trd, 000014.817, 152
Trd, 000015.017, 150
Trd, 000015.217, 151
Trd, 000015.367, 152
Trd, 000016.550, 152
Trd, 000017.783, 153
Trd, 000017.800, 153
Trd, 000017.850, 153
Trd, 000018.317, 142
Trd, 000019.567, 163
Trd, 000020.633, 150
Trd, 000020.900, 155
Trd, 000021.167, 154
Trd, 000021.667, 154
Trd, 000021.700, 150
Trd, 000021.950, 156
Trd, 000022.100, 151
Trd, 000022.183, 150
Trd, 000023.433, 153
Trd, 000024.567, 152
Trd, 000025.350, 154
Trd, 000025.633, 154
Trd, 000026.100, 152
Trd, 000026.817, 151
Trd, 000028.800, 154
Trd, 000029.033, 147
Trd, 000029.150, 155
Trd, 000030.417, 153
Trd, 000030.817, 154
Trd, 000030.867, 154
Trd, 000031.133, 156
Trd, 000031.433, 151
Trd, 000031.767, 155
Trd, 000033.200, 151
Trd, 000033.400, 150
Trd, 000034.500, 143
Trd, 000034.600, 146
Trd, 000035.450, 145
Trd, 000035.583, 145
Trd, 000036.367, 147
Trd, 000037.533, 146
Trd, 000039.217, 146
Trd, 000039.600, 146
Trd, 000040.000, 147
Trd, 000040.400, 148
Trd, 000040.733, 147
Trd, 000041.350, 148
Trd, 000042.083, 154
Trd, 000042.867, 154
Trd, 000043.050, 153
Trd, 000043.200, 155
Trd, 000044.600, 154
Trd, 000045.283, 163
Trd, 000046.917, 162
Trd, 000048.667, 158
Trd, 000048.733, 156
Trd, 000049.233, 157
Trd, 000049.383, 149
Trd, 000050.117, 154
Trd, 000050.917, 152
Trd, 000051.333, 152
Trd, 000052.700, 151
Trd, 000053.900, 150
Trd, 000054.000, 149
Trd, 000054.317, 149
Trd, 000055.550, 154
Trd, 000055.633, 151
Trd, 000056.600, 152
Trd, 000056.800, 151
Trd, 000056.950, 143
Trd, 000057.367, 130
Trd, 000058.067, 130
Trd, 000058.400, 142
Trd, 000059.367, 142
Trd, 000059.967, 144
Trd, 000060.100, 150
Trd, 000060.850, 150
Trd, 000061.067, 148
Trd, 000062.417, 153
Trd, 000063.033, 157
Trd, 000063.383, 174
Trd, 000064.450, 156
Trd, 000064.617, 155
Trd, 000066.683, 156
Trd, 000066.800, 156
Trd, 000067.300, 157
Trd, 000067.550, 155
Trd, 000068.100, 155
Trd, 000068.500, 155
Trd, 000069.033, 156
Trd, 000069.883, 156
Trd, 000070.400, 157
Trd, 000070.600, 158
Trd, 000070.967, 159
Trd, 000071.167, 169
Trd, 000072.517, 172
Trd, 000072.783, 168
Trd, 000073.217, 152
Trd, 000073.733, 150
Trd, 000073.833, 147
Trd, 000074.483, 168
Trd, 000075.083, 155
Trd, 000075.567, 168
Trd, 000075.967, 168
Trd, 000077.067, 170
Trd, 000077.350, 170
Trd, 000077.800, 156
Trd, 000078.350, 169
Trd, 000080.933, 165
Trd, 000081.150, 165
Trd, 000081.733, 165
Trd, 000082.733, 164
Trd, 000082.800, 165
Trd, 000083.250, 164
Trd, 000084.267, 161
Trd, 000084.617, 164
Trd, 000085.750, 163
Trd, 000086.100, 162
Trd, 000086.583, 163
Trd, 000087.000, 163
Trd, 000087.350, 164
Trd, 000087.600, 163
Trd, 000089.650, 165
Trd, 000089.983, 165
Trd, 000091.267, 162
Trd, 000091.333, 162
Trd, 000092.517, 163
Trd, 000092.817, 161
Trd, 000093.733, 157
Trd, 000094.417, 161
Trd, 000094.900, 160
Trd, 000095.067, 149
Trd, 000095.400, 158
Trd, 000096.467, 157
Trd, 000096.783, 159
Trd, 000098.183, 155
Trd, 000099.367, 157
Trd, 000099.767, 156
Trd, 000099.867, 161
Trd, 000100.017, 155
Trd, 000101.233, 160
Trd, 000101.783, 158
Trd, 000102.050, 160
Trd, 000102.550, 160
Trd, 000102.617, 163
Trd, 000103.067, 164
Trd, 000105.083, 163
Trd, 000106.033, 163
Trd, 000106.833, 162
Trd, 000107.600, 161
Trd, 000107.700, 162
Trd, 000108.000, 159
Trd, 000108.917, 154
Trd, 000110.250, 168
Trd, 000111.267, 164
Trd, 000111.350, 165
Trd, 000112.367, 167
Trd, 000112.567, 167
Trd, 000112.900, 167
Trd, 000113.133, 172
Trd, 000114.150, 171
Trd, 000115.633, 167
Trd, 000116.650, 154
Trd, 000116.750, 157
Trd, 000117.117, 157
Trd, 000117.900, 158
Trd, 000118.267, 163
Trd, 000119.383, 159
Trd, 000119.433, 159
Trd, 000120.183, 156
Trd, 000120.317, 152
Trd, 000121.083, 156
Trd, 000121.983, 157
Trd, 000122.267, 157
Trd, 000123.117, 159
Trd, 000123.450, 180
Trd, 000123.650, 212
Trd, 000123.850, 249
Trd, 000124.533, 324.0
Trd, 000125.083, 325
Trd, 000125.733, 343
Trd, 000126.000, 344.0
Trd, 000126.500, 344
Trd, 000127.733, 344
Trd, 000128.000, 343
Trd, 000128.383, 344.0
Trd, 000128.550, 340
Trd, 000128.917, 344
Trd, 000130.333, 341
Trd, 000130.933, 340
Trd, 000131.400, 341
Trd, 000132.233, 343
Trd, 000132.650, 343
Trd, 000133.600, 343
Trd, 000133.683, 352
Trd, 000134.367, 364
Trd, 000136.517, 352
Trd, 000136.967, 347
Trd, 000136.983, 346
Trd, 000137.083, 351
Trd, 000137.317, 347
Trd, 000138.700, 348
Trd, 000139.167, 349.0
Trd, 000139.900, 349
Trd, 000141.300, 350
Trd, 000142.183, 348.0
Trd, 000142.800, 344
Trd, 000143.283, 348
Trd, 000143.700, 345
Trd, 000144.117, 352
Trd, 000144.633, 347
Trd, 000145.400, 346
Trd, 000146.033, 350
Trd, 000146.983, 345
Trd, 000147.400, 347
Trd, 000148.083, 347
Trd, 000148.550, 348
Trd, 000148.650, 352
Trd, 000149.500, 347
Trd, 000150.217, 346
Trd, 000151.183, 340
Trd, 000151.400, 337.0
Trd, 000151.500, 342
Trd, 000152.033, 343
Trd, 000153.000, 343.0
Trd, 000153.017, 352
Trd, 000153.300, 337
Trd, 000153.933, 348.0
Trd, 000155.350, 359.0
Trd, 000156.067, 353
Trd, 000156.200, 344
Trd, 000157.233, 353
Trd, 000157.350, 348.0
Trd, 000159.433, 353
Trd, 000159.733, 351
Trd, 000160.367, 347
Trd, 000161.600, 340
Trd, 000162.333, 348.0
Trd, 000162.917, 349
Trd, 000163.467, 349
Trd, 000163.733, 349
Trd, 000163.933, 353
Trd, 000164.500, 348
Trd, 000164.950, 345
Trd, 000165.183, 350
Trd, 000165.750, 349
Trd, 000166.183, 349
Trd, 000166.550, 342
Trd, 000167.183, 347
Trd, 000167.367, 343
Trd, 000167.850, 346
Trd, 000167.917, 339
Trd, 000167.983, 337.0
Trd, 000169.567, 338
Trd, 000170.033, 340
Trd, 000170.417, 340
Trd, 000170.983, 342
Trd, 000171.683, 343.0
Trd, 000172.000, 344.0
Trd, 000172.933, 343
Trd, 000173.533, 340
Trd, 000174.617, 345
Trd, 000175.183, 351
Trd, 000175.333, 339
Trd, 000176.150, 350
Trd, 000176.767, 342
Trd, 000178.433, 344
Trd, 000178.450, 346
Trd, 000178.533, 348.0
Trd, 000178.867, 343
Trd, 000179.167, 351
Trd, 000179.217, 362.0
Trd, 000179.617, 342
Trd, 000180.750, 340
Trd, 000181.333, 337.0
Trd, 000181.617, 331.0
Trd, 000182.017, 332
Trd, 000183.100, 340
Trd, 000183.150, 306.0
Trd, 000183.283, 300
Trd, 000184.200, 270
Trd, 000184.317, 320
Trd, 000184.717, 258
Trd, 000185.700, 214
Trd, 000185.867, 180
Trd, 000186.350, 204
Trd, 000186.383, 182
Trd, 000186.917, 176
Trd, 000187.283, 167
Trd, 000188.333, 177
Trd, 000188.917, 170
Trd, 000189.100, 171
Trd, 000190.317, 176
Trd, 000191.133, 176
Trd, 000191.433, 178
Trd, 000192.117, 184
Trd, 000192.133, 187
Trd, 000192.233, 172
Trd, 000192.550, 187
Trd, 000193.667, 176
Trd, 000194.683, 179
Trd, 000194.867, 178
Trd, 000196.183, 178
Trd, 000196.983, 177
Trd, 000197.600, 180
Trd, 000198.733, 171
Trd, 000199.117, 172
Trd, 000199.133, 170
Trd, 000199.800, 172
Trd, 000201.183, 169
Trd, 000202.283, 168
Trd, 000202.517, 160
Trd, 000203.383, 168
Trd, 000204.833, 164
Trd, 000205.400, 164
Trd, 000205.967, 165
Trd, 000206.133, 163
Trd, 000206.200, 164
Trd, 000207.050, 164
Trd, 000207.133, 162
Trd, 000207.533, 162
Trd, 000208.717, 171
Trd, 000209.000, 183
Trd, 000209.267, 169
Trd, 000209.850, 169
Trd, 000210.150, 171
Trd, 000210.500, 171
Trd, 000211.333, 170
Trd, 000211.633, 171
Trd, 000211.667, 173
Trd, 000213.167, 172
Trd, 000213.650, 172
Trd, 000213.900, 172
Trd, 000215.367, 174
Trd, 000216.017, 181
Trd, 000216.150, 182
Trd, 000218.133, 177
Trd, 000218.217, 177
Trd, 000218.317, 174
Trd, 000218.750, 181
Trd, 000219.867, 178
Trd, 000220.267, 175
Trd, 000221.150, 178
Trd, 000222.783, 175
Trd, 000223.183, 176
Trd, 000223.433, 174
Trd, 000223.767, 171
Trd, 000225.217, 175
Trd, 000225.300, 174
Trd, 000226.317, 162
Trd, 000226.350, 173
Trd, 000227.733, 173
Trd, 000228.250, 171
Trd, 000228.667, 168
Trd, 000229.650, 162
Trd, 000230.283, 167
Trd, 000230.700, 167
Trd, 000231.750, 169
Trd, 000231.917, 170
Trd, 000233.267, 172
Trd, 000233.383, 170
Trd, 000233.600, 173
Trd, 000234.167, 174
Trd, 000234.583, 175
Trd, 000234.750, 173
Trd, 000236.917, 175
Trd, 000237.300, 176
Trd, 000237.483, 186
Trd, 000237.983, 175
Trd, 000238.650, 173
Trd, 000238.900, 167
Trd, 000239.983, 172
Trd, 000240.150, 173
Trd, 000240.567, 173
Trd, 000240.983, 175
Trd, 000241.033, 174
Trd, 000241.483, 173
Trd, 000241.650, 171
Trd, 000241.783, 175
Trd, 000241.833, 169
Trd, 000243.217, 173
Trd, 000243.233, 171
Trd, 000243.667, 173
Trd, 000244.033, 173
Trd, 000244.200, 172
Trd, 000244.533, 174
Trd, 000244.833, 172
Trd, 000245.317, 176
Trd, 000245.817, 177
Trd, 000246.233, 186
Trd, 000246.817, 183
Trd, 000247.033, 177
Trd, 000247.600, 182
Trd, 000248.767, 181
Trd, 000249.150, 181
Trd, 000249.500, 180
Trd, 000249.850, 178
Trd, 000249.917, 181
Trd, 000251.067, 176
Trd, 000251.350, 175
Trd, 000251.733, 176
Trd, 000251.883, 175
Trd, 000252.233, 176
Trd, 000252.317, 178
Trd, 000252.550, 178
Trd, 000253.567, 174
Trd, 000253.617, 173
Trd, 000254.550, 172
Trd, 000254.650, 165
Trd, 000254.833, 162
Trd, 000254.933, 173
Trd, 000255.117, 174
Trd, 000256.200, 184
Trd, 000256.650, 185
Trd, 000256.683, 187
Trd, 000257.317, 173
Trd, 000258.050, 180
Trd, 000258.733, 181
Trd, 000258.767, 187
Trd, 000259.200, 184
Trd, 000259.950, 183
Trd, 000260.217, 183
Trd, 000260.433, 180
Trd, 000261.333, 179
Trd, 000261.433, 181
Trd, 000261.633, 181
Trd, 000261.650, 180
Trd, 000261.683, 174
Trd, 000262.217, 181
Trd, 000262.383, 180
Trd, 000263.050, 183
Trd, 000264.000, 182
Trd, 000264.167, 183
Trd, 000264.683, 182
Trd, 000264.883, 181
Trd, 000266.683, 190
Trd, 000267.133, 185
Trd, 000267.483, 185
Trd, 000267.800, 185
Trd, 000268.117, 175
Trd, 000269.050, 183
Trd, 000269.467, 183
Trd, 000269.500, 184
Trd, 000270.117, 186
Trd, 000270.300, 187
Trd, 000270.683, 182
Trd, 000270.900, 183
Trd, 000270.917, 184
Trd, 000271.600, 167
Trd, 000272.000, 179
Trd, 000272.183, 185
Trd, 000272.583, 186
Trd, 000273.883, 182
Trd, 000274.283, 182
Trd, 000275.067, 183
Trd, 000275.200, 183
Trd, 000275.583, 189
Trd, 000275.950, 183
Trd, 000276.017, 188
Trd, 000276.267, 189
Trd, 000276.783, 183
Trd, 000277.500, 177
Trd, 000278.283, 177
Trd, 000278.367, 178
Trd, 000278.850, 179
Trd, 000279.150, 179
Trd, 000279.183, 180
Trd, 000280.150, 183
Trd, 000280.367, 178
Trd, 000280.783, 184
Trd, 000281.800, 184
Trd, 000282.467, 181
Trd, 000282.900, 184
Trd, 000283.017, 183
Trd, 000283.433, 184
Trd, 000283.800, 178
Trd, 000284.617, 184
Trd, 000285.783, 180
Trd, 000285.967, 178
Trd, 000286.333, 179
Trd, 000286.517, 182
Trd, 000287.483, 193
Trd, 000288.733, 184
Trd, 000288.800, 181
Trd, 000288.883, 184
Trd, 000289.733, 185
Trd, 000290.250, 184
Trd, 000290.483, 178
Trd, 000290.633, 185
Trd, 000290.800, 186
Trd, 000291.000, 190
Trd, 000291.983, 189
Trd, 000292.517, 189
Trd, 000293.300, 187
Trd, 000293.967, 187
Trd, 000294.633, 186
Trd, 000294.967, 177
Trd, 000295.050, 189
Trd, 000295.583, 175
Trd, 000295.667, 189
Trd, 000296.533, 188
Trd, 000297.033, 181
Trd, 000297.133, 187
Trd, 000297.300, 189
Trd, 000297.883, 191
Trd, 000298.350, 185
Trd, 000298.367, 182
Trd, 000298.633, 192
Trd, 000298.983, 181
Trd, 000299.633, 181
Trd, 000299.767, 193
