Trd, 000001.850, 174
Trd, 000002.667, 174
Trd, 000003.500, 174
Trd, 000003.683, 148
Trd, 000003.817, 147
Trd, 000004.233, 166
Trd, 000005.517, 168
Trd, 000005.550, 152
Trd, 000005.750, 152
Trd, 000005.917, 175
Trd, 000006.067, 176
Trd, 000006.167, 162
Trd, 000006.733, 154
Trd, 000007.717, 154
Trd, 000009.300, 152
Trd, 000009.550, 159
Trd, 000010.217, 155
Trd, 000011.450, 154
Trd, 000011.633, 155
Trd, 000012.183, 153
Trd, 000012.317, 149
Trd, 000013.300, 152
Trd, 000014.200, 149
Trd, 000014.917, 154
Trd, 000015.267, 155
Trd, 000016.733, 154
Trd, 000016.850, 155
Trd, 000017.267, 156
Trd, 000017.367, 153
Trd, 000018.000, 156
Trd, 000018.017, 156
Trd, 000018.183, 156
Trd, 000018.483, 155
Trd, 000020.433, 162
Trd, 000020.667, 165
Trd, 000020.800, 159
Trd, 000021.233, 167
Trd, 000021.283, 159
Trd, 000021.717, 158
Trd, 000021.817, 157
Trd, 000021.967, 153
Trd, 000022.083, 166
Trd, 000022.467, 177
Trd, 000024.300, 142
Trd, 000024.317, 141
Trd, 000024.750, 148
Trd, 000024.817, 149
Trd, 000024.917, 150
Trd, 000026.450, 148
Trd, 000026.500, 150
Trd, 000026.833, 150
Trd, 000026.933, 147
Trd, 000027.733, 143
Trd, 000028.217, 151
Trd, 000029.367, 143
Trd, 000029.950, 148
Trd, 000030.233, 146
Trd, 000030.533, 145
Trd, 000030.850, 146
Trd, 000032.000, 144
Trd, 000032.467, 145
Trd, 000032.883, 153
Trd, 000032.950, 158
Trd, 000033.017, 161
Trd, 000033.033, 145
Trd, 000033.600, 153
Trd, 000034.417, 173
Trd, 000035.033, 161
Trd, 000036.450, 154
Trd, 000036.583, 152
Trd, 000036.917, 156
Trd, 000037.033, 158
Trd, 000039.233, 159
Trd, 000039.350, 158
Trd, 000039.700, 160
Trd, 000040.200, 167
Trd, 000040.700, 159
Trd, 000041.667, 160
Trd, 000041.833, 164
Trd, 000043.533, 160
Trd, 000043.617, 159
Trd, 000044.000, 159
Trd, 000044.017, 160
Trd, 000044.117, 156
Trd, 000044.633, 159
Trd, 000044.767, 155
Trd, 000045.117, 159
Trd, 000045.567, 161
Trd, 000046.567, 160
Trd, 000046.617, 156
Trd, 000047.083, 156
Trd, 000047.583, 160
Trd, 000047.783, 162
Trd, 000047.817, 156
Trd, 000048.767, 157
Trd, 000048.867, 159
Trd, 000050.117, 157
Trd, 000050.467, 159
Trd, 000051.983, 157
Trd, 000052.033, 158
Trd, 000052.050, 156
Trd, 000053.233, 156
Trd, 000053.450, 155
Trd, 000053.667, 154
Trd, 000054.033, 155
Trd, 000054.733, 160
Trd, 000055.250, 162
Trd, 000055.433, 158
Trd, 000056.033, 168
Trd, 000056.283, 162
Trd, 000056.617, 169
Trd, 000057.367, 165
Trd, 000058.533, 166
Trd, 000058.750, 163
Trd, 000059.033, 163
Trd, 000059.917, 165
Trd, 000060.383, 165
Trd, 000060.783, 163
Trd, 000061.750, 132
Trd, 000062.533, 132
Trd, 000062.733, 163
Trd, 000062.933, 157
Trd, 000063.533, 164
Trd, 000064.517, 152
Trd, 000064.967, 152
Trd, 000065.467, 153
Trd, 000065.600, 153
Trd, 000065.700, 154
Trd, 000066.450, 161
Trd, 000067.183, 172
Trd, 000068.150, 172
Trd, 000069.017, 165
Trd, 000069.250, 165
Trd, 000069.383, 162
Trd, 000069.550, 166
Trd, 000070.350, 162
Trd, 000070.467, 161
Trd, 000070.933, 160
Trd, 000071.583, 167
Trd, 000072.033, 166
Trd, 000073.517, 158
Trd, 000074.233, 160
Trd, 000074.733, 162
Trd, 000074.867, 159
Trd, 000075.100, 162
Trd, 000075.983, 158
Trd, 000077.700, 156
Trd, 000078.067, 159
Trd, 000078.350, 160
Trd, 000078.783, 159
Trd, 000078.933, 160
Trd, 000079.450, 158
Trd, 000079.950, 162
Trd, 000080.433, 183
Trd, 000081.600, 166
Trd, 000081.617, 161
Trd, 000082.667, 168
Trd, 000083.767, 173
Trd, 000083.900, 168
Trd, 000084.117, 167
Trd, 000084.150, 159
Trd, 000084.717, 165
Trd, 000084.950, 166
Trd, 000085.033, 184
Trd, 000085.900, 165
Trd, 000086.300, 169
Trd, 000086.917, 172
Trd, 000087.000, 164
Trd, 000087.417, 142
Trd, 000087.950, 159
Trd, 000088.683, 162
Trd, 000088.800, 164
Trd, 000089.867, 164
Trd, 000090.067, 166
Trd, 000090.500, 162
Trd, 000090.967, 164
Trd, 000091.300, 165
Trd, 000091.650, 167
Trd, 000092.233, 166
Trd, 000092.683, 172
Trd, 000094.867, 169
Trd, 000095.450, 170
Trd, 000095.883, 168
Trd, 000096.100, 166
Trd, 000096.317, 165
Trd, 000096.817, 163
Trd, 000098.117, 165
Trd, 000098.133, 167
Trd, 000099.133, 165
Trd, 000099.167, 168
Trd, 000099.950, 167
Trd, 000100.117, 168
Trd, 000100.317, 168
Trd, 000100.683, 168
Trd, 000100.850, 169
Trd, 000101.133, 163
Trd, 000102.183, 164
Trd, 000104.267, 168
Trd, 000104.500, 170
Trd, 000105.550, 168
Trd, 000106.017, 171
Trd, 000106.250, 170
Trd, 000106.333, 171
Trd, 000106.367, 167
Trd, 000106.717, 165
Trd, 000106.967, 167
Trd, 000107.933, 170
Trd, 000108.167, 169
Trd, 000108.383, 171
Trd, 000109.183, 173
Trd, 000110.283, 175
Trd, 000110.733, 168
Trd, 000110.850, 168
Trd, 000110.950, 162
Trd, 000111.200, 176
Trd, 000112.433, 175
Trd, 000113.250, 169
Trd, 000113.317, 168
Trd, 000114.883, 170
Trd, 000114.917, 171
Trd, 000115.350, 171
Trd, 000115.950, 170
Trd, 000116.100, 170
Trd, 000116.283, 171
Trd, 000116.700, 172
Trd, 000118.283, 169
Trd, 000118.600, 168
Trd, 000118.800, 162
Trd, 000118.933, 170
Trd, 000119.767, 160
Trd, 000120.383, 163
Trd, 000121.467, 165
Trd, 000121.583, 170
Trd, 000121.617, 170
Trd, 000121.683, 173
Trd, 000121.950, 177
Trd, 000122.067, 181
Trd, 000122.083, 198
Trd, 000122.200, 212
Trd, 000122.467, 230
Trd, 000122.900, 286
Trd, 000123.000, 287
Trd, 000123.700, 261
Trd, 000123.933, 319
Trd, 000124.150, 318
Trd, 000124.300, 347.0
Trd, 000125.650, 326
Trd, 000125.900, 346.0
Trd, 000127.300, 330.0
Trd, 000127.567, 331.0
Trd, 000128.167, 348.0
Trd, 000128.550, 330
Trd, 000129.933, 333
Trd, 000130.717, 338
Trd, 000131.533, 338
Trd, 000131.667, 339
Trd, 000132.183, 335
Trd, 000132.950, 337
Trd, 000133.367, 341
Trd, 000133.733, 348.0
Trd, 000134.100, 338
Trd, 000134.333, 347
Trd, 000134.750, 355
Trd, 000134.783, 358.0
Trd, 000136.817, 352
Trd, 000137.533, 346
Trd, 000137.767, 355.0
Trd, 000138.183, 357.0
Trd, 000138.833, 348.0
Trd, 000139.817, 351.0
Trd, 000140.083, 355
Trd, 000140.267, 354
Trd, 000140.450, 358.0
Trd, 000140.767, 358
Trd, 000141.017, 354
Trd, 000141.400, 359
Trd, 000141.517, 347
Trd, 000142.683, 331.0
Trd, 000143.367, 331
Trd, 000144.533, 332.0
Trd, 000145.250, 334.0
Trd, 000146.083, 356
Trd, 000146.100, 341
Trd, 000146.833, 352.0
Trd, 000147.167, 351.0
Trd, 000147.850, 351
Trd, 000147.917, 348.0
Trd, 000148.300, 347
Trd, 000149.283, 351
Trd, 000150.100, 350
Trd, 000150.550, 351
Trd, 000150.983, 353
Trd, 000151.200, 375.0
Trd, 000151.567, 374
Trd, 000152.250, 352
Trd, 000152.650, 351
Trd, 000154.033, 355
Trd, 000155.267, 356
Trd, 000155.400, 362
Trd, 000156.100, 360
Trd, 000156.683, 358
Trd, 000157.317, 357
Trd, 000157.933, 356
Trd, 000158.200, 355
Trd, 000158.500, 354.0
Trd, 000158.733, 355
Trd, 000158.783, 356
Trd, 000158.933, 357
Trd, 000158.950, 353.0
Trd, 000160.617, 352
Trd, 000160.733, 358.0
Trd, 000161.000, 351.0
Trd, 000161.017, 355
Trd, 000161.300, 351
Trd, 000161.550, 348
Trd, 000161.617, 354
Trd, 000162.117, 356
Trd, 000162.333, 348
Trd, 000163.033, 347
Trd, 000164.550, 348
Trd, 000165.300, 331
Trd, 000165.317, 349
Trd, 000167.667, 347
Trd, 000167.800, 348
Trd, 000168.050, 346
Trd, 000168.250, 346
Trd, 000168.333, 343
Trd, 000168.383, 355
Trd, 000168.883, 347
Trd, 000169.017, 358.0
Trd, 000170.433, 349
Trd, 000170.900, 348
Trd, 000171.200, 354
Trd, 000171.700, 350
Trd, 000171.933, 334.0
Trd, 000172.383, 360
Trd, 000173.600, 348.0
Trd, 000175.033, 357
Trd, 000176.450, 347.0
Trd, 000176.600, 353
Trd, 000177.433, 348.0
Trd, 000177.550, 352.0
Trd, 000177.567, 351.0
Trd, 000177.583, 347
Trd, 000177.767, 347
Trd, 000178.000, 354
Trd, 000178.183, 348
Trd, 000179.333, 350
Trd, 000179.633, 348
Trd, 000180.967, 349
Trd, 000181.633, 349
Trd, 000181.800, 339
Trd, 000182.467, 334.0
Trd, 000182.667, 326
Trd, 000183.133, 252
Trd, 000183.533, 200
Trd, 000184.317, 197
Trd, 000184.700, 211
Trd, 000185.433, 203
Trd, 000185.500, 193
Trd, 000186.283, 193
Trd, 000186.783, 182
Trd, 000186.833, 180
Trd, 000187.317, 182
Trd, 000187.683, 190
Trd, 000188.567, 190
Trd, 000189.250, 183
Trd, 000190.533, 183
Trd, 000190.683, 183
Trd, 000191.117, 182
Trd, 000191.133, 181
Trd, 000191.150, 187
Trd, 000192.633, 182
Trd, 000192.933, 181
Trd, 000193.383, 181
Trd, 000193.467, 182
Trd, 000194.150, 180
Trd, 000194.383, 181
Trd, 000194.600, 185
Trd, 000195.567, 179
Trd, 000195.717, 176
Trd, 000195.983, 188
Trd, 000196.283, 176
Trd, 000197.933, 180
Trd, 000199.150, 175
Trd, 000199.500, 174
Trd, 000199.850, 171
Trd, 000200.367, 175
Trd, 000201.200, 173
Trd, 000201.567, 174
Trd, 000202.383, 173
Trd, 000202.833, 175
Trd, 000202.883, 171
Trd, 000202.967, 171
Trd, 000203.217, 169
Trd, 000203.367, 170
Trd, 000205.333, 169
Trd, 000205.633, 170
Trd, 000205.700, 171
Trd, 000206.483, 170
Trd, 000207.267, 168
Trd, 000207.767, 168
Trd, 000209.433, 169
Trd, 000209.517, 173
Trd, 000209.917, 172
Trd, 000210.383, 172
Trd, 000210.417, 171
Trd, 000210.467, 160
Trd, 000210.533, 172
Trd, 000210.617, 175
Trd, 000210.933, 155
Trd, 000212.183, 168
Trd, 000212.833, 174
Trd, 000213.000, 173
Trd, 000213.800, 176
Trd, 000214.150, 179
Trd, 000214.217, 172
Trd, 000214.567, 177
Trd, 000215.200, 178
Trd, 000215.933, 179
Trd, 000215.950, 178
Trd, 000216.567, 179
Trd, 000217.083, 185
Trd, 000217.317, 182
Trd, 000217.683, 181
Trd, 000218.050, 180
Trd, 000218.700, 173
Trd, 000218.933, 185
Trd, 000220.383, 184
Trd, 000221.200, 184
Trd, 000221.550, 184
Trd, 000221.583, 183
Trd, 000222.250, 183
Trd, 000222.500, 176
Trd, 000223.317, 184
Trd, 000224.983, 178
Trd, 000225.000, 176
Trd, 000225.500, 172
Trd, 000225.667, 157
Trd, 000225.950, 184
Trd, 000226.567, 181
Trd, 000227.183, 184
Trd, 000227.300, 185
Trd, 000227.383, 183
Trd, 000227.483, 185
Trd, 000227.650, 184
Trd, 000227.883, 183
Trd, 000228.633, 183
Trd, 000229.133, 180
Trd, 000230.167, 180
Trd, 000230.800, 178
Trd, 000230.833, 179
Trd, 000232.300, 175
Trd, 000233.000, 174
Trd, 000233.167, 152
Trd, 000233.467, 172
Trd, 000233.933, 146
Trd, 000235.117, 163
Trd, 000235.300, 163
Trd, 000235.550, 164
Trd, 000236.867, 167
Trd, 000236.950, 167
Trd, 000237.383, 177
Trd, 000238.417, 172
Trd, 000238.550, 177
Trd, 000238.600, 179
Trd, 000238.750, 165
Trd, 000239.467, 171
Trd, 000239.683, 182
Trd, 000240.467, 183
Trd, 000240.833, 181
Trd, 000241.233, 179
Trd, 000241.617, 179
Trd, 000241.717, 181
Trd, 000241.800, 178
Trd, 000242.317, 180
Trd, 000242.350, 175
Trd, 000242.700, 178
Trd, 000242.800, 174
Trd, 000243.350, 176
Trd, 000243.400, 174
Trd, 000244.017, 175
Trd, 000244.583, 177
Trd, 000244.733, 175
Trd, 000245.617, 176
Trd, 000245.950, 178
Trd, 000245.967, 179
Trd, 000246.033, 175
Trd, 000246.083, 173
Trd, 000247.067, 199
Trd, 000248.150, 187
Trd, 000248.167, 185
Trd, 000248.550, 186
Trd, 000248.583, 187
Trd, 000248.883, 187
Trd, 000249.700, 185
Trd, 000249.817, 183
Trd, 000250.200, 182
Trd, 000250.667, 180
Trd, 000251.233, 166
Trd, 000251.700, 176
Trd, 000251.733, 172
Trd, 000251.883, 172
Trd, 000252.283, 171
Trd, 000252.867, 172
Trd, 000253.083, 171
Trd, 000253.467, 171
Trd, 000254.933, 160
Trd, 000255.167, 160
Trd, 000255.783, 160
Trd, 000255.867, 161
Trd, 000256.017, 164
Trd, 000257.067, 162
Trd, 000257.183, 173
Trd, 000257.267, 167
Trd, 000257.617, 161
Trd, 000257.817, 180
Trd, 000258.533, 163
Trd, 000259.050, 173
Trd, 000259.800, 169
Trd, 000260.100, 168
Trd, 000260.533, 170
Trd, 000261.300, 166
Trd, 000262.150, 169
Trd, 000262.300, 168
Trd, 000262.383, 174
Trd, 000262.600, 170
Trd, 000262.667, 180
Trd, 000262.767, 182
Trd, 000263.133, 180
Trd, 000263.633, 180
Trd, 000263.850, 185
Trd, 000264.133, 177
Trd, 000265.433, 178
Trd, 000265.467, 174
Trd, 000265.767, 178
Trd, 000265.950, 174
Trd, 000266.333, 177
Trd, 000267.167, 183
Trd, 000267.250, 184
Trd, 000267.567, 191
Trd, 000267.717, 167
Trd, 000268.217, 196
Trd, 000269.067, 179
Trd, 000269.400, 177
Trd, 000270.000, 182
Trd, 000270.250, 178
Trd, 000270.533, 184
Trd, 000270.617, 180
Trd, 000270.750, 182
Trd, 000271.100, 176
Trd, 000271.650, 172
Trd, 000272.617, 161
Trd, 000273.550, 171
Trd, 000273.933, 175
Trd, 000274.267, 169
Trd, 000274.567, 170
Trd, 000274.867, 169
Trd, 000275.167, 167
Trd, 000275.233, 161
Trd, 000275.283, 173
Trd, 000275.317, 175
Trd, 000276.067, 172
Trd, 000277.033, 179
Trd, 000277.400, 179
Trd, 000277.900, 180
Trd, 000278.333, 178
Trd, 000278.450, 177
Trd, 000278.600, 176
Trd, 000279.033, 180
Trd, 000279.333, 176
Trd, 000279.400, 165
Trd, 000280.217, 183
Trd, 000280.383, 170
Trd, 000280.400, 186
Trd, 000281.267, 183
Trd, 000281.667, 184
Trd, 000282.117, 188
Trd, 000282.200, 180
Trd, 000282.350, 180
Trd, 000283.050, 179
Trd, 000283.817, 179
Trd, 000284.283, 179
Trd, 000284.367, 174
Trd, 000284.383, 180
Trd, 000284.783, 174
Trd, 000285.550, 177
Trd, 000286.233, 178
Trd, 000286.450, 179
Trd, 000287.550, 180
Trd, 000287.667, 182
Trd, 000287.950, 174
Trd, 000288.017, 175
Trd, 000288.083, 174
Trd, 000288.367, 177
Trd, 000289.083, 180
Trd, 000289.383, 176
Trd, 000289.900, 175
Trd, 000290.733, 176
Trd, 000291.267, 177
Trd, 000291.383, 175
Trd, 000291.467, 172
Trd, 000292.050, 180
Trd, 000292.183, 181
Trd, 000292.600, 184
Trd, 000293.117, 181
Trd, 000293.450, 181
Trd, 000293.500, 180
Trd, 000293.800, 185
Trd, 000293.950, 180
Trd, 000294.167, 186
Trd, 000294.517, 179
Trd, 000294.867, 178
Trd, 000295.483, 180
Trd, 000295.567, 177
Trd, 000295.767, 183
Trd, 000295.833, 186
Trd, 000295.950, 194
Trd, 000296.417, 182
Trd, 000297.750, 189
Trd, 000297.817, 189
Trd, 000298.133, 181
Trd, 000298.433, 187
Trd, 000298.733, 181
Trd, 000299.000, 188
Trd, 000299.750, 195
