Trd, 000000.650, 120
Trd, 000002.167, 131
Trd, 000003.433, 137
Trd, 000005.083, 136
Trd, 000005.217, 136
Trd, 000005.400, 140
Trd, 000006.000, 141
Trd, 000006.183, 141
Trd, 000006.433, 137
Trd, 000007.300, 152
Trd, 000007.750, 140
Trd, 000008.283, 142
Trd, 000008.350, 158
Trd, 000008.700, 147
Trd, 000009.033, 140
Trd, 000010.283, 158
Trd, 000010.883, 140
Trd, 000011.733, 140
Trd, 000012.617, 145
Trd, 000012.933, 142
Trd, 000013.517, 144
Trd, 000013.750, 135
Trd, 000015.200, 155
Trd, 000015.383, 156
Trd, 000016.067, 157
Trd, 000016.350, 146
Trd, 000016.633, 161
Trd, 000016.683, 146
Trd, 000019.117, 151
Trd, 000019.400, 148
Trd, 000020.650, 151
Trd, 000021.133, 153
Trd, 000022.033, 155
Trd, 000022.350, 148
Trd, 000023.367, 147
Trd, 000023.733, 156
Trd, 000024.050, 161
Trd, 000024.300, 152
Trd, 000024.800, 158
Trd, 000025.033, 164
Trd, 000025.467, 151
Trd, 000025.483, 158
Trd, 000025.667, 136
Trd, 000026.617, 144
Trd, 000027.100, 161
Trd, 000028.000, 147
Trd, 000028.850, 144
Trd, 000028.917, 162
Trd, 000029.867, 150
Trd, 000029.983, 162
Trd, 000031.667, 141
Trd, 000031.917, 137
Trd, 000031.933, 144
Trd, 000031.950, 152
Trd, 000032.883, 155
Trd, 000032.917, 145
Trd, 000033.200, 159
Trd, 000034.783, 152
Trd, 000035.067, 152
Trd, 000035.250, 163
Trd, 000035.317, 146
Trd, 000035.817, 163
Trd, 000038.033, 149
Trd, 000038.283, 158
Trd, 000038.817, 147
Trd, 000038.883, 159
Trd, 000039.617, 145
Trd, 000040.050, 143
Trd, 000040.583, 172
Trd, 000041.117, 169
Trd, 000041.567, 139
Trd, 000041.617, 166
Trd, 000041.667, 138
Trd, 000042.883, 160
Trd, 000043.183, 159
Trd, 000043.733, 149
Trd, 000044.767, 158
Trd, 000044.817, 159
Trd, 000045.583, 153
Trd, 000047.400, 155
Trd, 000048.233, 154
Trd, 000048.417, 155
Trd, 000048.583, 152
Trd, 000049.283, 156
Trd, 000049.850, 142
Trd, 000049.900, 156
Trd, 000050.267, 158
Trd, 000051.200, 160
Trd, 000051.367, 166
Trd, 000051.450, 147
Trd, 000051.550, 162
Trd, 000052.433, 149
Trd, 000052.450, 141
Trd, 000053.383, 144
Trd, 000055.917, 151
Trd, 000056.167, 155
Trd, 000056.567, 155
Trd, 000056.750, 152
Trd, 000057.350, 156
Trd, 000058.617, 157
Trd, 000059.150, 156
Trd, 000060.150, 153
Trd, 000060.250, 157
Trd, 000060.817, 153
Trd, 000061.050, 152
Trd, 000061.317, 158
Trd, 000063.017, 158
Trd, 000063.067, 151
Trd, 000063.717, 153
Trd, 000063.850, 157
Trd, 000064.467, 154
Trd, 000065.017, 143
Trd, 000065.233, 155
Trd, 000065.250, 140
Trd, 000067.067, 153
Trd, 000067.083, 162
Trd, 000067.333, 152
Trd, 000068.100, 153
Trd, 000068.967, 167
Trd, 000069.417, 152
Trd, 000070.217, 153
Trd, 000070.267, 163
Trd, 000070.750, 165
Trd, 000071.250, 167
Trd, 000071.267, 156
Trd, 000072.033, 152
Trd, 000073.517, 162
Trd, 000073.550, 179
Trd, 000073.600, 154
Trd, 000076.050, 150
Trd, 000076.133, 151
Trd, 000076.350, 142
Trd, 000077.800, 150
Trd, 000078.333, 151
Trd, 000078.533, 150
Trd, 000078.950, 152
Trd, 000079.167, 169
Trd, 000079.667, 168
Trd, 000080.133, 148
Trd, 000080.250, 170
Trd, 000080.383, 139
Trd, 000080.417, 137
Trd, 000084.167, 147
Trd, 000084.650, 147
Trd, 000085.083, 148
Trd, 000085.100, 149
Trd, 000085.383, 148
Trd, 000085.417, 146
Trd, 000085.750, 145
Trd, 000085.917, 176
Trd, 000086.017, 155
Trd, 000087.317, 160
Trd, 000088.067, 143
Trd, 000089.017, 140
Trd, 000089.150, 150
Trd, 000089.350, 152
Trd, 000090.050, 153
Trd, 000090.133, 154
Trd, 000090.200, 155
Trd, 000090.717, 167
Trd, 000091.267, 163
Trd, 000092.867, 169
Trd, 000093.267, 168
Trd, 000093.650, 171
Trd, 000094.733, 152
Trd, 000095.417, 156
Trd, 000095.617, 160
Trd, 000095.917, 153
Trd, 000096.100, 164
Trd, 000096.750, 156
Trd, 000098.483, 156
Trd, 000098.800, 146
Trd, 000099.083, 145
Trd, 000099.633, 157
Trd, 000099.767, 157
Trd, 000099.900, 158
Trd, 000100.217, 159
Trd, 000101.067, 144
Trd, 000101.450, 146
Trd, 000101.817, 156
Trd, 000102.050, 157
Trd, 000102.150, 141
Trd, 000102.800, 137
Trd, 000104.217, 156
Trd, 000105.183, 157
Trd, 000106.500, 151
Trd, 000107.533, 149
Trd, 000107.867, 150
Trd, 000108.033, 149
Trd, 000108.633, 152
Trd, 000108.817, 166
Trd, 000108.950, 173
Trd, 000109.167, 178
Trd, 000109.967, 147
Trd, 000110.517, 164
Trd, 000110.817, 172
Trd, 000111.533, 155
Trd, 000111.567, 152
Trd, 000111.683, 151
Trd, 000112.817, 164
Trd, 000113.483, 155
Trd, 000113.950, 155
Trd, 000114.483, 159
Trd, 000114.867, 160
Trd, 000114.883, 154
Trd, 000115.000, 173
Trd, 000115.517, 145
Trd, 000116.567, 160
Trd, 000117.633, 154
Trd, 000118.333, 154
Trd, 000119.067, 158
Trd, 000119.300, 153
Trd, 000120.033, 152
Trd, 000120.417, 153
Trd, 000120.600, 158
Trd, 000121.117, 155
Trd, 000121.233, 146
Trd, 000121.500, 145
Trd, 000121.667, 172
Trd, 000121.800, 180
Trd, 000122.400, 189
Trd, 000122.433, 190
Trd, 000122.567, 191
Trd, 000122.617, 205
Trd, 000122.850, 226
Trd, 000123.017, 269
Trd, 000123.300, 274
Trd, 000123.717, 243
Trd, 000124.017, 214
Trd, 000124.067, 299
Trd, 000125.667, 300.0
Trd, 000126.717, 303.0
Trd, 000126.917, 320.0
Trd, 000128.033, 335.0
Trd, 000128.483, 339
Trd, 000128.833, 334.0
Trd, 000128.967, 336
Trd, 000129.650, 337
Trd, 000130.333, 331.0
Trd, 000130.450, 327.0
Trd, 000131.233, 334.0
Trd, 000131.883, 339
Trd, 000131.900, 328
Trd, 000132.550, 339
Trd, 000132.933, 340
Trd, 000133.317, 341.0
Trd, 000133.700, 332
Trd, 000133.717, 360
Trd, 000134.867, 350
Trd, 000136.383, 338
Trd, 000138.233, 336
Trd, 000138.483, 337
Trd, 000138.517, 340
Trd, 000139.800, 331.0
Trd, 000140.350, 337
Trd, 000140.483, 340.0
Trd, 000141.200, 331
Trd, 000141.283, 328.0
Trd, 000141.667, 332
Trd, 000142.600, 331.0
Trd, 000143.450, 333.0
Trd, 000143.817, 333.0
Trd, 000143.933, 341.0
Trd, 000145.383, 355
Trd, 000145.967, 362.0
Trd, 000146.083, 335
Trd, 000146.533, 359
Trd, 000150.033, 339
Trd, 000150.167, 346
Trd, 000150.200, 348
Trd, 000151.133, 349
Trd, 000151.550, 347
Trd, 000152.033, 339
Trd, 000152.317, 338
Trd, 000152.533, 348
Trd, 000153.217, 344
Trd, 000155.300, 334.0
Trd, 000155.483, 341.0
Trd, 000156.033, 331.0
Trd, 000156.500, 338
Trd, 000156.900, 342
Trd, 000157.483, 341
Trd, 000158.533, 341.0
Trd, 000158.867, 354
Trd, 000159.450, 337
Trd, 000159.667, 347
Trd, 000160.133, 340
Trd, 000160.200, 347
Trd, 000161.083, 352
Trd, 000161.483, 355
Trd, 000163.033, 348
Trd, 000163.650, 349
Trd, 000163.683, 339
Trd, 000164.567, 358.0
Trd, 000164.667, 336
Trd, 000165.300, 341.0
Trd, 000167.483, 337
Trd, 000168.000, 336.0
Trd, 000168.483, 336
Trd, 000168.667, 338
Trd, 000169.717, 335
Trd, 000170.133, 337
Trd, 000170.617, 336
Trd, 000172.033, 337
Trd, 000172.050, 337
Trd, 000172.317, 338
Trd, 000172.750, 334.0
Trd, 000173.433, 341.0
Trd, 000173.533, 362.0
Trd, 000174.533, 335.0
Trd, 000176.117, 337
Trd, 000176.183, 334.0
Trd, 000176.417, 337
Trd, 000177.117, 338
Trd, 000177.467, 341.0
Trd, 000178.217, 338
Trd, 000178.900, 362.0
Trd, 000179.383, 344
Trd, 000179.900, 339
Trd, 000181.133, 349
Trd, 000181.417, 339
Trd, 000181.683, 350
Trd, 000182.250, 334
Trd, 000182.517, 334.0
Trd, 000182.617, 331.0
Trd, 000182.750, 324.0
Trd, 000182.967, 320.0
Trd, 000183.000, 334
Trd, 000183.167, 313.0
Trd, 000183.200, 309
Trd, 000183.550, 215
Trd, 000183.900, 200
Trd, 000184.783, 185
Trd, 000185.033, 201
Trd, 000185.883, 164
Trd, 000186.900, 204
Trd, 000187.417, 152
Trd, 000188.700, 178
Trd, 000188.717, 176
Trd, 000189.183, 177
Trd, 000189.417, 178
Trd, 000189.467, 179
Trd, 000190.100, 176
Trd, 000190.533, 157
Trd, 000190.583, 177
Trd, 000191.167, 153
Trd, 000191.767, 150
Trd, 000192.800, 156
Trd, 000193.433, 179
Trd, 000193.617, 174
Trd, 000196.400, 170
Trd, 000196.733, 166
Trd, 000197.300, 166
Trd, 000197.850, 166
Trd, 000198.500, 167
Trd, 000199.317, 167
Trd, 000199.500, 174
Trd, 000200.333, 173
Trd, 000200.633, 165
Trd, 000200.650, 164
Trd, 000200.983, 174
Trd, 000201.333, 155
Trd, 000202.050, 166
Trd, 000202.117, 163
Trd, 000203.467, 165
Trd, 000203.667, 166
Trd, 000204.050, 174
Trd, 000204.700, 177
Trd, 000205.233, 166
Trd, 000206.233, 179
Trd, 000206.567, 171
Trd, 000206.700, 180
Trd, 000207.483, 169
Trd, 000207.583, 152
Trd, 000207.917, 177
Trd, 000208.233, 167
Trd, 000210.083, 169
Trd, 000210.150, 171
Trd, 000210.267, 174
Trd, 000210.600, 169
Trd, 000211.183, 174
Trd, 000211.633, 176
Trd, 000211.750, 189
Trd, 000212.300, 183
Trd, 000212.650, 193
Trd, 000213.567, 159
Trd, 000214.050, 161
Trd, 000214.733, 161
Trd, 000214.850, 162
Trd, 000214.983, 155
Trd, 000215.517, 161
Trd, 000215.883, 152
Trd, 000216.767, 165
Trd, 000216.850, 168
Trd, 000216.867, 184
Trd, 000217.433, 191
Trd, 000218.450, 194
Trd, 000218.867, 179
Trd, 000220.250, 180
Trd, 000220.300, 175
Trd, 000220.683, 181
Trd, 000220.967, 179
Trd, 000221.217, 182
Trd, 000221.800, 176
Trd, 000222.117, 176
Trd, 000224.933, 171
Trd, 000225.133, 168
Trd, 000225.250, 172
Trd, 000225.700, 168
Trd, 000226.550, 177
Trd, 000226.900, 176
Trd, 000226.917, 184
Trd, 000227.050, 164
Trd, 000227.283, 170
Trd, 000227.367, 157
Trd, 000227.733, 155
Trd, 000228.667, 166
Trd, 000228.750, 186
Trd, 000229.483, 166
Trd, 000229.600, 187
Trd, 000230.217, 185
Trd, 000231.583, 182
Trd, 000232.150, 181
Trd, 000232.783, 180
Trd, 000233.367, 173
Trd, 000233.983, 180
Trd, 000234.017, 168
Trd, 000234.450, 179
Trd, 000234.667, 185
Trd, 000235.367, 184
Trd, 000235.867, 195
Trd, 000236.467, 196
Trd, 000236.733, 173
Trd, 000237.383, 185
Trd, 000239.533, 181
Trd, 000239.617, 182
Trd, 000239.867, 180
Trd, 000240.067, 180
Trd, 000240.400, 180
Trd, 000240.533, 182
Trd, 000241.067, 178
Trd, 000241.933, 173
Trd, 000242.283, 169
Trd, 000242.300, 165
Trd, 000242.433, 172
Trd, 000242.783, 175
Trd, 000243.650, 172
Trd, 000244.267, 169
Trd, 000245.283, 167
Trd, 000245.900, 162
Trd, 000246.233, 165
Trd, 000246.483, 164
Trd, 000246.567, 173
Trd, 000246.833, 179
Trd, 000247.317, 173
Trd, 000248.283, 179
Trd, 000248.350, 182
Trd, 000248.833, 183
Trd, 000248.917, 183
Trd, 000249.467, 180
Trd, 000249.583, 171
Trd, 000250.033, 176
Trd, 000250.183, 178
Trd, 000250.883, 174
Trd, 000251.350, 177
Trd, 000251.817, 177
Trd, 000252.433, 178
Trd, 000252.683, 177
Trd, 000253.033, 174
Trd, 000253.117, 178
Trd, 000253.600, 176
Trd, 000253.817, 173
Trd, 000254.350, 174
Trd, 000254.433, 163
Trd, 000255.200, 163
Trd, 000255.467, 162
Trd, 000255.483, 163
Trd, 000256.167, 161
Trd, 000256.800, 162
Trd, 000256.833, 173
Trd, 000257.567, 169
Trd, 000258.600, 177
Trd, 000259.100, 179
Trd, 000259.117, 177
Trd, 000260.133, 174
Trd, 000260.200, 163
Trd, 000260.567, 170
Trd, 000261.483, 172
Trd, 000261.583, 167
Trd, 000261.850, 166
Trd, 000262.167, 169
Trd, 000262.550, 166
Trd, 000263.317, 165
Trd, 000263.967, 168
Trd, 000264.167, 167
Trd, 000264.233, 163
Trd, 000264.700, 167
Trd, 000264.850, 168
Trd, 000265.483, 165
Trd, 000265.783, 177
Trd, 000266.050, 165
Trd, 000266.150, 181
Trd, 000266.717, 173
Trd, 000267.800, 183
Trd, 000268.733, 186
Trd, 000268.783, 183
Trd, 000269.100, 189
Trd, 000269.683, 175
Trd, 000269.983, 189
Trd, 000270.133, 194
Trd, 000270.767, 182
Trd, 000272.017, 178
Trd, 000272.217, 179
Trd, 000272.433, 178
Trd, 000272.650, 177
Trd, 000272.900, 178
Trd, 000274.167, 168
Trd, 000274.433, 173
Trd, 000274.483, 177
Trd, 000274.950, 174
Trd, 000275.200, 175
Trd, 000275.600, 184
Trd, 000276.417, 174
Trd, 000276.467, 177
Trd, 000277.067, 174
Trd, 000277.133, 189
Trd, 000277.150, 170
Trd, 000277.733, 185
Trd, 000277.750, 186
Trd, 000278.850, 183
Trd, 000278.933, 171
Trd, 000279.967, 179
Trd, 000280.133, 175
Trd, 000280.783, 175
Trd, 000280.967, 178
Trd, 000281.250, 171
Trd, 000282.067, 176
Trd, 000282.083, 177
Trd, 000282.417, 176
Trd, 000282.650, 171
Trd, 000282.767, 175
Trd, 000283.217, 176
Trd, 000283.267, 176
Trd, 000284.433, 171
Trd, 000285.833, 177
Trd, 000286.050, 176
Trd, 000286.100, 172
Trd, 000286.233, 167
Trd, 000286.417, 170
Trd, 000286.983, 163
Trd, 000287.183, 174
Trd, 000287.350, 160
Trd, 000287.667, 166
Trd, 000288.117, 164
Trd, 000288.383, 172
Trd, 000288.933, 177
Trd, 000289.567, 179
Trd, 000289.950, 183
Trd, 000291.050, 179
Trd, 000291.167, 175
Trd, 000291.367, 177
Trd, 000291.417, 186
Trd, 000291.783, 185
Trd, 000293.250, 185
Trd, 000293.817, 176
Trd, 000294.067, 181
Trd, 000294.100, 175
Trd, 000294.250, 170
Trd, 000294.400, 184
Trd, 000294.967, 170
Trd, 000295.317, 177
Trd, 000295.417, 185
Trd, 000296.150, 177
Trd, 000296.667, 179
Trd, 000297.017, 180
Trd, 000297.050, 178
Trd, 000297.250, 182
Trd, 000297.817, 181
Trd, 000297.967, 181
Trd, 000298.233, 183
Trd, 000298.767, 185
Trd, 000298.883, 187
Trd, 000299.017, 192
