Trd, 000000.983, 106
Trd, 000001.317, 128
Trd, 000001.817, 149
Trd, 000004.200, 124
Trd, 000004.433, 125
Trd, 000004.633, 142
Trd, 000004.717, 144
Trd, 000004.967, 148
Trd, 000005.067, 141
Trd, 000005.083, 157
Trd, 000005.267, 148
Trd, 000005.867, 154
Trd, 000006.600, 142
Trd, 000006.800, 158
Trd, 000008.217, 143
Trd, 000008.967, 142
Trd, 000009.200, 143
Trd, 000009.300, 140
Trd, 000009.600, 142
Trd, 000010.167, 142
Trd, 000010.417, 149
Trd, 000011.600, 149
Trd, 000011.733, 138
Trd, 000012.250, 139
Trd, 000013.250, 146
Trd, 000013.733, 142
Trd, 000014.283, 142
Trd, 000014.567, 141
Trd, 000015.067, 142
Trd, 000015.267, 140
Trd, 000015.583, 154
Trd, 000015.817, 155
Trd, 000015.850, 138
Trd, 000016.467, 139
Trd, 000017.267, 150
Trd, 000017.550, 157
Trd, 000018.100, 150
Trd, 000018.183, 164
Trd, 000018.333, 152
Trd, 000018.833, 157
Trd, 000019.567, 162
Trd, 000020.817, 161
Trd, 000021.350, 160
Trd, 000021.733, 161
Trd, 000022.017, 160
Trd, 000022.150, 161
Trd, 000022.550, 157
Trd, 000022.717, 150
Trd, 000024.133, 151
Trd, 000024.783, 158
Trd, 000024.800, 158
Trd, 000024.883, 151
Trd, 000025.183, 170
Trd, 000026.800, 171
Trd, 000027.550, 171
Trd, 000027.733, 171
Trd, 000027.933, 169
Trd, 000027.950, 165
Trd, 000028.967, 161
Trd, 000029.800, 158
Trd, 000030.317, 156
Trd, 000030.917, 161
Trd, 000031.383, 157
Trd, 000031.500, 157
Trd, 000031.517, 151
Trd, 000032.367, 136
Trd, 000033.383, 149
Trd, 000033.683, 148
Trd, 000034.383, 146
Trd, 000034.633, 146
Trd, 000034.800, 141
Trd, 000035.367, 143
Trd, 000036.017, 144
Trd, 000036.783, 144
Trd, 000037.283, 144
Trd, 000037.583, 145
Trd, 000037.800, 144
Trd, 000038.450, 142
Trd, 000038.500, 152
Trd, 000039.067, 136
Trd, 000039.100, 154
Trd, 000039.617, 155
Trd, 000039.717, 152
Trd, 000039.917, 154
Trd, 000040.667, 147
Trd, 000042.117, 150
Trd, 000042.217, 148
Trd, 000042.333, 155
Trd, 000042.700, 158
Trd, 000043.667, 152
Trd, 000043.733, 150
Trd, 000043.867, 158
Trd, 000044.167, 155
Trd, 000044.367, 150
Trd, 000044.950, 151
Trd, 000046.483, 154
Trd, 000046.567, 155
Trd, 000046.633, 159
Trd, 000046.750, 153
Trd, 000047.283, 153
Trd, 000048.267, 156
Trd, 000048.283, 157
Trd, 000049.400, 156
Trd, 000049.417, 156
Trd, 000049.667, 153
Trd, 000049.750, 157
Trd, 000049.833, 150
Trd, 000050.400, 162
Trd, 000051.133, 163
Trd, 000052.167, 149
Trd, 000052.567, 160
Trd, 000052.950, 150
Trd, 000053.200, 149
Trd, 000054.050, 162
Trd, 000055.683, 158
Trd, 000055.800, 153
Trd, 000056.650, 152
Trd, 000056.733, 157
Trd, 000057.117, 155
Trd, 000059.167, 140
Trd, 000059.267, 145
Trd, 000059.533, 147
Trd, 000059.617, 148
Trd, 000059.800, 157
Trd, 000060.583, 150
Trd, 000060.700, 154
Trd, 000062.417, 155
Trd, 000062.467, 154
Trd, 000063.117, 154
Trd, 000063.150, 156
Trd, 000063.967, 146
Trd, 000064.017, 144
Trd, 000064.050, 156
Trd, 000064.367, 156
Trd, 000065.633, 146
Trd, 000066.483, 152
Trd, 000066.567, 154
Trd, 000066.600, 157
Trd, 000066.650, 148
Trd, 000067.517, 151
Trd, 000068.217, 159
Trd, 000068.383, 143
Trd, 000069.750, 148
Trd, 000069.833, 152
Trd, 000070.167, 147
Trd, 000070.283, 151
Trd, 000070.583, 152
Trd, 000070.850, 153
Trd, 000072.783, 153
Trd, 000072.917, 155
Trd, 000073.333, 157
Trd, 000073.867, 156
Trd, 000074.317, 156
Trd, 000074.467, 158
Trd, 000074.817, 155
Trd, 000075.017, 157
Trd, 000075.133, 159
Trd, 000077.750, 157
Trd, 000077.867, 155
Trd, 000078.183, 159
Trd, 000078.817, 158
Trd, 000079.400, 155
Trd, 000079.583, 158
Trd, 000079.750, 142
Trd, 000079.917, 156
Trd, 000080.433, 158
Trd, 000080.650, 159
Trd, 000080.667, 156
Trd, 000081.183, 159
Trd, 000082.750, 157
Trd, 000083.717, 158
Trd, 000084.400, 156
Trd, 000084.667, 159
Trd, 000084.783, 159
Trd, 000084.917, 163
Trd, 000085.183, 148
Trd, 000085.267, 162
Trd, 000086.400, 161
Trd, 000087.050, 157
Trd, 000087.533, 159
Trd, 000087.783, 160
Trd, 000088.300, 158
Trd, 000088.350, 160
Trd, 000088.733, 160
Trd, 000088.750, 157
Trd, 000088.867, 154
Trd, 000090.133, 162
Trd, 000090.283, 154
Trd, 000090.950, 152
Trd, 000091.233, 159
Trd, 000091.500, 160
Trd, 000092.533, 157
Trd, 000093.767, 157
Trd, 000094.317, 157
Trd, 000095.217, 157
Trd, 000095.333, 154
Trd, 000095.400, 158
Trd, 000095.617, 156
Trd, 000095.683, 159
Trd, 000096.150, 145
Trd, 000096.233, 161
Trd, 000096.450, 155
Trd, 000097.100, 151
Trd, 000098.683, 158
Trd, 000099.033, 157
Trd, 000099.200, 157
Trd, 000099.250, 158
Trd, 000099.483, 158
Trd, 000100.000, 161
Trd, 000100.333, 157
Trd, 000100.800, 155
Trd, 000101.433, 154
Trd, 000101.617, 159
Trd, 000101.850, 161
Trd, 000102.000, 165
Trd, 000102.150, 160
Trd, 000102.767, 158
Trd, 000102.950, 158
Trd, 000103.017, 161
Trd, 000103.533, 143
Trd, 000103.733, 140
Trd, 000105.383, 145
Trd, 000105.750, 157
Trd, 000106.200, 146
Trd, 000106.900, 158
Trd, 000107.167, 158
Trd, 000107.300, 158
Trd, 000107.533, 159
Trd, 000108.233, 157
Trd, 000108.350, 156
Trd, 000108.817, 158
Trd, 000109.817, 157
Trd, 000110.017, 158
Trd, 000110.317, 144
Trd, 000110.783, 162
Trd, 000111.017, 146
Trd, 000112.083, 157
Trd, 000112.633, 158
Trd, 000112.833, 169
Trd, 000113.517, 178
Trd, 000114.233, 164
Trd, 000114.283, 166
Trd, 000114.617, 164
Trd, 000115.000, 164
Trd, 000115.733, 163
Trd, 000116.517, 153
Trd, 000116.550, 160
Trd, 000116.900, 144
Trd, 000117.033, 136
Trd, 000117.550, 152
Trd, 000117.850, 163
Trd, 000118.533, 155
Trd, 000118.650, 147
Trd, 000119.000, 157
Trd, 000119.167, 157
Trd, 000120.100, 153
Trd, 000120.617, 154
Trd, 000122.200, 156
Trd, 000122.467, 157
Trd, 000123.100, 167
Trd, 000123.517, 180
Trd, 000124.267, 241
Trd, 000124.433, 306.0
Trd, 000124.767, 324.0
Trd, 000125.000, 306.0
Trd, 000125.617, 331.0
Trd, 000125.867, 330
Trd, 000126.017, 341.0
Trd, 000126.300, 351
Trd, 000126.383, 355.0
Trd, 000128.217, 340
Trd, 000128.567, 333
Trd, 000129.033, 339.0
Trd, 000129.150, 340.0
Trd, 000131.000, 335
Trd, 000131.283, 337
Trd, 000131.383, 337
Trd, 000131.417, 341.0
Trd, 000131.700, 348.0
Trd, 000132.967, 350.0
Trd, 000133.500, 351.0
Trd, 000133.550, 355.0
Trd, 000134.383, 349.0
Trd, 000134.567, 350
Trd, 000134.683, 348.0
Trd, 000135.617, 345
Trd, 000135.750, 347
Trd, 000136.750, 343
Trd, 000137.100, 346
Trd, 000137.533, 347
Trd, 000138.683, 331
Trd, 000138.967, 340.0
Trd, 000139.583, 347
Trd, 000139.717, 347
Trd, 000140.550, 337
Trd, 000140.867, 336
Trd, 000140.967, 341.0
Trd, 000143.600, 347
Trd, 000143.650, 348.0
Trd, 000143.983, 342
Trd, 000144.417, 348
Trd, 000144.550, 352
Trd, 000144.800, 348.0
Trd, 000145.633, 349
Trd, 000145.667, 351
Trd, 000146.267, 347
Trd, 000146.333, 329
Trd, 000146.983, 353.0
Trd, 000147.067, 354
Trd, 000147.317, 351
Trd, 000147.417, 355.0
Trd, 000148.283, 340.0
Trd, 000150.150, 339
Trd, 000150.333, 340
Trd, 000150.367, 340
Trd, 000150.483, 337
Trd, 000150.533, 341.0
Trd, 000150.850, 343
Trd, 000151.417, 336
Trd, 000152.467, 332
Trd, 000153.283, 342
Trd, 000153.667, 344
Trd, 000154.333, 348.0
Trd, 000154.467, 346
Trd, 000154.917, 352
Trd, 000155.967, 343
Trd, 000157.267, 344
Trd, 000157.433, 342
Trd, 000157.567, 344
Trd, 000158.300, 341.0
Trd, 000158.733, 339
Trd, 000159.300, 343
Trd, 000159.400, 334
Trd, 000160.733, 341
Trd, 000161.583, 341
Trd, 000162.300, 332
Trd, 000162.400, 339
Trd, 000164.083, 339
Trd, 000164.350, 338
Trd, 000164.600, 337
Trd, 000164.700, 335
Trd, 000164.817, 339
Trd, 000164.950, 336
Trd, 000165.000, 342
Trd, 000165.167, 341.0
Trd, 000165.917, 351
Trd, 000166.750, 341.0
Trd, 000168.033, 335
Trd, 000168.283, 336
Trd, 000169.300, 335
Trd, 000169.833, 339
Trd, 000170.300, 339
Trd, 000171.217, 339
Trd, 000173.233, 333
Trd, 000173.467, 333
Trd, 000174.033, 341.0
Trd, 000175.400, 334
Trd, 000175.517, 335
Trd, 000175.600, 338
Trd, 000175.850, 338
Trd, 000176.083, 333
Trd, 000176.117, 339
Trd, 000176.733, 333
Trd, 000177.033, 348.0
Trd, 000177.667, 349.0
Trd, 000177.700, 351
Trd, 000177.900, 348.0
Trd, 000178.967, 347
Trd, 000179.083, 333
Trd, 000179.433, 349
Trd, 000180.800, 336
Trd, 000182.117, 331
Trd, 000182.150, 330
Trd, 000182.367, 328
Trd, 000183.217, 324.0
Trd, 000183.667, 319
Trd, 000183.883, 230
Trd, 000183.950, 187
Trd, 000184.033, 186
Trd, 000184.933, 190
Trd, 000185.017, 185
Trd, 000185.217, 180
Trd, 000185.400, 176
Trd, 000186.667, 173
Trd, 000187.517, 183
Trd, 000187.583, 168
Trd, 000190.117, 178
Trd, 000190.350, 176
Trd, 000190.450, 175
Trd, 000190.783, 175
Trd, 000190.817, 174
Trd, 000190.883, 171
Trd, 000191.217, 157
Trd, 000191.733, 170
Trd, 000191.917, 152
Trd, 000192.317, 170
Trd, 000192.433, 167
Trd, 000193.133, 170
Trd, 000193.817, 171
Trd, 000194.417, 171
Trd, 000194.633, 167
Trd, 000195.033, 174
Trd, 000195.933, 174
Trd, 000196.283, 173
Trd, 000196.317, 176
Trd, 000196.617, 176
Trd, 000196.767, 178
Trd, 000197.533, 170
Trd, 000198.717, 170
Trd, 000198.900, 172
Trd, 000199.267, 173
Trd, 000200.900, 170
Trd, 000201.283, 173
Trd, 000201.717, 168
Trd, 000202.983, 171
Trd, 000204.333, 170
Trd, 000204.367, 171
Trd, 000204.750, 171
Trd, 000205.150, 170
Trd, 000205.317, 172
Trd, 000205.517, 171
Trd, 000205.633, 170
Trd, 000206.417, 175
Trd, 000206.517, 169
Trd, 000206.567, 168
Trd, 000207.117, 176
Trd, 000208.033, 189
Trd, 000208.317, 151
Trd, 000208.750, 176
Trd, 000208.817, 170
Trd, 000208.883, 176
Trd, 000209.217, 177
Trd, 000209.333, 171
Trd, 000209.583, 185
Trd, 000209.717, 176
Trd, 000210.583, 186
Trd, 000211.067, 196
Trd, 000211.967, 189
Trd, 000212.250, 189
Trd, 000214.283, 179
Trd, 000215.233, 169
Trd, 000216.117, 167
Trd, 000216.283, 168
Trd, 000216.450, 169
Trd, 000216.517, 169
Trd, 000216.717, 171
Trd, 000217.250, 165
Trd, 000217.450, 168
Trd, 000217.650, 176
Trd, 000218.033, 162
Trd, 000218.083, 174
Trd, 000219.683, 163
Trd, 000219.850, 154
Trd, 000219.950, 167
Trd, 000220.933, 168
Trd, 000221.067, 169
Trd, 000222.250, 168
Trd, 000222.400, 162
Trd, 000222.483, 169
Trd, 000222.500, 170
Trd, 000222.933, 173
Trd, 000223.233, 163
Trd, 000223.250, 161
Trd, 000223.283, 155
Trd, 000224.083, 161
Trd, 000224.167, 168
Trd, 000224.400, 168
Trd, 000225.767, 166
Trd, 000226.017, 167
Trd, 000226.367, 169
Trd, 000228.183, 172
Trd, 000228.383, 174
Trd, 000228.583, 172
Trd, 000229.117, 171
Trd, 000229.850, 176
Trd, 000230.000, 177
Trd, 000230.083, 175
Trd, 000230.200, 171
Trd, 000230.350, 169
Trd, 000231.233, 178
Trd, 000232.083, 171
Trd, 000232.100, 158
Trd, 000232.833, 171
Trd, 000232.867, 157
Trd, 000233.333, 174
Trd, 000233.533, 175
Trd, 000234.283, 172
Trd, 000234.367, 173
Trd, 000236.217, 175
Trd, 000237.050, 172
Trd, 000237.083, 178
Trd, 000237.317, 153
Trd, 000237.333, 179
Trd, 000238.117, 179
Trd, 000239.067, 178
Trd, 000239.617, 172
Trd, 000240.667, 172
Trd, 000240.850, 171
Trd, 000241.200, 170
Trd, 000241.467, 168
Trd, 000241.633, 175
Trd, 000242.050, 170
Trd, 000243.733, 171
Trd, 000243.900, 172
Trd, 000244.167, 168
Trd, 000245.067, 170
Trd, 000245.117, 169
Trd, 000245.167, 171
Trd, 000245.600, 172
Trd, 000245.717, 175
Trd, 000245.867, 192
Trd, 000246.000, 169
Trd, 000246.383, 168
Trd, 000246.750, 161
Trd, 000247.050, 176
Trd, 000248.750, 171
Trd, 000249.217, 169
Trd, 000249.517, 170
Trd, 000249.950, 168
Trd, 000250.317, 166
Trd, 000250.533, 169
Trd, 000251.083, 171
Trd, 000251.183, 166
Trd, 000251.483, 172
Trd, 000251.883, 173
Trd, 000253.150, 169
Trd, 000253.333, 171
Trd, 000253.617, 169
Trd, 000253.717, 169
Trd, 000253.817, 170
Trd, 000254.417, 176
Trd, 000254.550, 171
Trd, 000255.000, 170
Trd, 000255.867, 171
Trd, 000256.133, 168
Trd, 000256.233, 168
Trd, 000256.783, 167
Trd, 000256.817, 171
Trd, 000257.283, 171
Trd, 000258.167, 172
Trd, 000259.033, 170
Trd, 000259.700, 171
Trd, 000259.817, 171
Trd, 000259.833, 169
Trd, 000260.300, 167
Trd, 000260.783, 173
Trd, 000261.033, 174
Trd, 000261.350, 174
Trd, 000262.233, 174
Trd, 000262.600, 173
Trd, 000262.850, 174
Trd, 000263.183, 173
Trd, 000263.900, 174
Trd, 000263.967, 172
Trd, 000264.200, 170
Trd, 000265.183, 173
Trd, 000265.633, 173
Trd, 000266.367, 175
Trd, 000266.483, 170
Trd, 000267.167, 172
Trd, 000267.333, 177
Trd, 000268.100, 177
Trd, 000268.300, 173
Trd, 000268.800, 176
Trd, 000269.067, 180
Trd, 000270.083, 180
Trd, 000270.133, 182
Trd, 000270.450, 178
Trd, 000270.483, 175
Trd, 000270.600, 169
Trd, 000270.667, 165
Trd, 000271.517, 170
Trd, 000271.767, 168
Trd, 000272.183, 169
Trd, 000272.533, 169
Trd, 000272.783, 164
Trd, 000272.950, 166
Trd, 000273.817, 166
Trd, 000274.900, 168
Trd, 000276.283, 168
Trd, 000276.733, 169
Trd, 000276.783, 170
Trd, 000276.833, 168
Trd, 000276.867, 175
Trd, 000276.950, 165
Trd, 000277.433, 172
Trd, 000277.567, 170
Trd, 000278.283, 165
Trd, 000279.050, 165
Trd, 000279.400, 169
Trd, 000279.417, 170
Trd, 000279.550, 163
Trd, 000279.750, 161
Trd, 000279.917, 171
Trd, 000280.083, 177
Trd, 000280.317, 169
Trd, 000281.000, 178
Trd, 000281.033, 183
Trd, 000281.800, 184
Trd, 000281.900, 196
Trd, 000282.850, 183
Trd, 000283.033, 177
Trd, 000283.950, 177
Trd, 000284.217, 187
Trd, 000284.750, 182
Trd, 000285.250, 180
Trd, 000285.517, 177
Trd, 000285.817, 176
Trd, 000286.050, 172
Trd, 000287.017, 175
Trd, 000287.083, 179
Trd, 000287.550, 173
Trd, 000287.683, 167
Trd, 000288.733, 173
Trd, 000289.083, 174
Trd, 000289.433, 175
Trd, 000289.617, 176
Trd, 000290.000, 176
Trd, 000290.167, 177
Trd, 000290.283, 166
Trd, 000290.833, 170
Trd, 000291.417, 159
Trd, 000291.500, 176
Trd, 000292.017, 166
Trd, 000292.333, 175
Trd, 000292.600, 173
Trd, 000292.917, 170
Trd, 000292.933, 169
Trd, 000293.033, 164
Trd, 000293.650, 173
Trd, 000293.683, 180
Trd, 000294.033, 163
Trd, 000294.133, 187
Trd, 000294.183, 196
Trd, 000295.033, 166
Trd, 000295.117, 183
Trd, 000295.150, 163
Trd, 000295.200, 184
Trd, 000297.450, 182
Trd, 000298.100, 182
Trd, 000298.950, 183
Trd, 000299.133, 186
Trd, 000299.300, 181
