Trd, 000001.167, 196
Trd, 000003.133, 147
Trd, 000004.417, 154
Trd, 000004.683, 148
Trd, 000004.950, 153
Trd, 000005.233, 148
Trd, 000005.400, 157
Trd, 000005.567, 158
Trd, 000005.733, 143
Trd, 000007.200, 158
Trd, 000007.417, 160
Trd, 000008.450, 147
Trd, 000008.650, 146
Trd, 000008.817, 145
Trd, 000009.050, 146
Trd, 000010.483, 145
Trd, 000011.500, 148
Trd, 000011.750, 149
Trd, 000012.333, 147
Trd, 000012.567, 143
Trd, 000012.767, 147
Trd, 000013.567, 144
Trd, 000014.450, 140
Trd, 000014.567, 144
Trd, 000014.650, 138
Trd, 000015.650, 143
Trd, 000016.267, 145
Trd, 000017.667, 146
Trd, 000018.133, 138
Trd, 000019.050, 139
Trd, 000019.100, 138
Trd, 000019.833, 143
Trd, 000020.583, 144
Trd, 000020.633, 139
Trd, 000020.833, 148
Trd, 000022.633, 146
Trd, 000024.650, 142
Trd, 000025.317, 143
Trd, 000025.450, 142
Trd, 000026.383, 142
Trd, 000026.550, 144
Trd, 000026.633, 149
Trd, 000027.083, 146
Trd, 000027.650, 147
Trd, 000028.217, 146
Trd, 000029.167, 140
Trd, 000029.583, 145
Trd, 000030.017, 146
Trd, 000030.150, 146
Trd, 000030.783, 143
Trd, 000033.317, 147
Trd, 000033.350, 147
Trd, 000033.467, 148
Trd, 000034.550, 147
Trd, 000035.117, 145
Trd, 000035.217, 147
Trd, 000035.933, 149
Trd, 000036.267, 143
Trd, 000037.083, 143
Trd, 000037.550, 141
Trd, 000037.667, 151
Trd, 000038.100, 152
Trd, 000038.467, 150
Trd, 000038.500, 151
Trd, 000038.750, 148
Trd, 000039.033, 143
Trd, 000039.517, 152
Trd, 000041.317, 145
Trd, 000041.667, 146
Trd, 000042.067, 142
Trd, 000043.350, 151
Trd, 000043.933, 152
Trd, 000044.317, 148
Trd, 000044.650, 149
Trd, 000044.817, 159
Trd, 000045.133, 158
Trd, 000046.550, 156
Trd, 000046.667, 157
Trd, 000046.833, 163
Trd, 000047.683, 149
Trd, 000047.767, 164
Trd, 000049.483, 158
Trd, 000050.283, 147
Trd, 000051.200, 149
Trd, 000051.450, 155
Trd, 000052.983, 152
Trd, 000053.333, 149
Trd, 000054.067, 142
Trd, 000054.250, 150
Trd, 000054.550, 139
Trd, 000054.750, 151
Trd, 000055.467, 151
Trd, 000055.550, 153
Trd, 000056.283, 151
Trd, 000057.567, 150
Trd, 000058.483, 151
Trd, 000059.133, 154
Trd, 000059.867, 150
Trd, 000060.250, 153
Trd, 000061.400, 148
Trd, 000061.417, 150
Trd, 000063.317, 149
Trd, 000063.500, 151
Trd, 000063.567, 147
Trd, 000063.817, 146
Trd, 000064.100, 151
Trd, 000064.750, 150
Trd, 000065.700, 149
Trd, 000066.833, 150
Trd, 000066.933, 148
Trd, 000067.100, 151
Trd, 000067.350, 152
Trd, 000067.367, 152
Trd, 000068.733, 151
Trd, 000068.983, 152
Trd, 000069.000, 153
Trd, 000069.533, 155
Trd, 000069.550, 149
Trd, 000069.600, 158
Trd, 000070.300, 159
Trd, 000071.250, 162
Trd, 000071.300, 165
Trd, 000073.000, 158
Trd, 000073.200, 157
Trd, 000073.683, 160
Trd, 000073.983, 158
Trd, 000074.183, 160
Trd, 000074.750, 156
Trd, 000075.917, 151
Trd, 000076.133, 153
Trd, 000077.600, 151
Trd, 000078.217, 150
Trd, 000078.967, 152
Trd, 000079.000, 153
Trd, 000079.333, 146
Trd, 000079.433, 154
Trd, 000079.450, 155
Trd, 000080.050, 154
Trd, 000080.567, 156
Trd, 000080.900, 149
Trd, 000082.017, 158
Trd, 000083.283, 152
Trd, 000083.450, 152
Trd, 000084.167, 150
Trd, 000084.183, 152
Trd, 000084.300, 149
Trd, 000084.850, 152
Trd, 000085.983, 152
Trd, 000086.333, 159
Trd, 000088.800, 151
Trd, 000088.917, 154
Trd, 000089.167, 153
Trd, 000090.117, 153
Trd, 000090.333, 152
Trd, 000090.583, 153
Trd, 000091.750, 153
Trd, 000092.117, 156
Trd, 000092.767, 154
Trd, 000093.200, 154
Trd, 000093.433, 155
Trd, 000093.467, 151
Trd, 000094.217, 150
Trd, 000094.317, 155
Trd, 000094.417, 157
Trd, 000096.433, 154
Trd, 000098.733, 152
Trd, 000098.933, 154
Trd, 000100.000, 156
Trd, 000100.100, 154
Trd, 000100.300, 156
Trd, 000100.883, 156
Trd, 000101.200, 156
Trd, 000101.600, 158
Trd, 000101.867, 160
Trd, 000103.017, 157
Trd, 000103.133, 161
Trd, 000104.867, 158
Trd, 000105.083, 157
Trd, 000105.233, 165
Trd, 000105.517, 156
Trd, 000106.100, 156
Trd, 000106.883, 155
Trd, 000108.117, 156
Trd, 000108.433, 157
Trd, 000108.533, 158
Trd, 000109.433, 157
Trd, 000109.917, 148
Trd, 000110.583, 158
Trd, 000110.800, 159
Trd, 000111.367, 160
Trd, 000111.900, 161
Trd, 000112.167, 162
Trd, 000112.433, 145
Trd, 000112.450, 131
Trd, 000113.883, 147
Trd, 000113.967, 148
Trd, 000115.117, 148
Trd, 000115.467, 149
Trd, 000115.767, 155
Trd, 000116.500, 153
Trd, 000117.350, 158
Trd, 000117.733, 154
Trd, 000117.883, 150
Trd, 000118.400, 156
Trd, 000118.483, 152
Trd, 000118.583, 158
Trd, 000119.900, 159
Trd, 000120.217, 166
Trd, 000121.600, 159
Trd, 000121.633, 160
Trd, 000122.017, 163
Trd, 000122.283, 171
Trd, 000122.367, 174
Trd, 000122.383, 184
Trd, 000122.967, 160
Trd, 000123.117, 183
Trd, 000123.350, 209
Trd, 000124.083, 300.0
Trd, 000124.333, 313
Trd, 000124.867, 317.0
Trd, 000125.133, 337.0
Trd, 000125.533, 349
Trd, 000126.917, 347
Trd, 000127.367, 346.0
Trd, 000127.517, 349
Trd, 000127.967, 348.0
Trd, 000128.617, 352
Trd, 000129.017, 350
Trd, 000129.217, 346
Trd, 000130.183, 344.0
Trd, 000130.600, 352
Trd, 000131.383, 353
Trd, 000132.667, 352
Trd, 000132.967, 339
Trd, 000133.533, 347.0
Trd, 000133.967, 337.0
Trd, 000134.050, 344
Trd, 000134.500, 344
Trd, 000135.433, 347.0
Trd, 000138.283, 339
Trd, 000138.700, 341.0
Trd, 000138.983, 337
Trd, 000139.050, 343
Trd, 000139.167, 334.0
Trd, 000139.933, 338
Trd, 000141.133, 339.0
Trd, 000141.383, 340
Trd, 000142.033, 341.0
Trd, 000143.033, 340
Trd, 000143.550, 339
Trd, 000144.933, 337.0
Trd, 000145.100, 338
Trd, 000145.550, 344.0
Trd, 000146.217, 348.0
Trd, 000146.583, 337
Trd, 000147.400, 344
Trd, 000147.800, 345
Trd, 000148.517, 345
Trd, 000148.800, 346
Trd, 000149.367, 337
Trd, 000149.967, 334.0
Trd, 000150.000, 345
Trd, 000152.167, 344
Trd, 000152.183, 351
Trd, 000153.283, 353
Trd, 000153.900, 346
Trd, 000154.367, 345.0
Trd, 000154.500, 344.0
Trd, 000155.917, 343.0
Trd, 000156.150, 345.0
Trd, 000156.417, 346
Trd, 000158.500, 345
Trd, 000159.000, 344.0
Trd, 000159.083, 346
Trd, 000159.133, 351
Trd, 000159.217, 340
Trd, 000159.267, 346
Trd, 000159.700, 337.0
Trd, 000160.917, 346.0
Trd, 000162.667, 337.0
Trd, 000163.517, 334.0
Trd, 000164.067, 342
Trd, 000164.650, 337.0
Trd, 000165.183, 338
Trd, 000165.950, 338
Trd, 000168.850, 339
Trd, 000168.933, 338.0
Trd, 000169.300, 341
Trd, 000169.467, 341
Trd, 000169.867, 337.0
Trd, 000170.500, 341
Trd, 000170.533, 342
Trd, 000171.567, 344.0
Trd, 000171.850, 342
Trd, 000173.333, 344.0
Trd, 000173.617, 343
Trd, 000175.367, 343
Trd, 000175.783, 341
Trd, 000176.317, 343
Trd, 000176.867, 348.0
Trd, 000177.583, 344.0
Trd, 000178.167, 342
Trd, 000178.283, 345
Trd, 000178.483, 345
Trd, 000178.567, 351
Trd, 000179.667, 346
Trd, 000180.683, 352
Trd, 000181.017, 348
Trd, 000182.083, 344
Trd, 000182.150, 338.0
Trd, 000182.167, 337.0
Trd, 000183.450, 334.0
Trd, 000183.833, 317.0
Trd, 000184.083, 282
Trd, 000184.433, 214
Trd, 000184.483, 186
Trd, 000185.200, 187
Trd, 000185.700, 170
Trd, 000187.300, 186
Trd, 000187.867, 185
Trd, 000188.317, 182
Trd, 000188.617, 184
Trd, 000188.700, 185
Trd, 000189.383, 186
Trd, 000190.217, 176
Trd, 000190.283, 178
Trd, 000190.800, 183
Trd, 000190.883, 181
Trd, 000191.383, 177
Trd, 000191.750, 163
Trd, 000192.183, 156
Trd, 000192.583, 178
Trd, 000193.300, 171
Trd, 000193.750, 171
Trd, 000193.867, 167
Trd, 000194.283, 172
Trd, 000194.917, 172
Trd, 000195.217, 166
Trd, 000195.250, 163
Trd, 000195.800, 173
Trd, 000197.633, 171
Trd, 000198.567, 168
Trd, 000199.117, 161
Trd, 000199.783, 157
Trd, 000200.383, 165
Trd, 000200.867, 164
Trd, 000201.500, 164
Trd, 000202.250, 163
Trd, 000202.333, 164
Trd, 000202.417, 162
Trd, 000203.167, 164
Trd, 000203.567, 165
Trd, 000204.400, 157
Trd, 000206.283, 167
Trd, 000206.433, 166
Trd, 000206.700, 166
Trd, 000206.950, 161
Trd, 000207.533, 169
Trd, 000208.733, 158
Trd, 000209.017, 163
Trd, 000209.233, 164
Trd, 000209.650, 165
Trd, 000210.567, 168
Trd, 000211.200, 166
Trd, 000211.983, 166
Trd, 000212.067, 167
Trd, 000213.233, 167
Trd, 000213.300, 167
Trd, 000213.600, 165
Trd, 000213.833, 172
Trd, 000215.150, 168
Trd, 000216.167, 167
Trd, 000217.017, 168
Trd, 000217.200, 166
Trd, 000217.433, 165
Trd, 000218.683, 170
Trd, 000220.133, 169
Trd, 000220.683, 166
Trd, 000220.967, 169
Trd, 000222.400, 167
Trd, 000223.133, 169
Trd, 000223.933, 168
Trd, 000224.250, 168
Trd, 000225.533, 169
Trd, 000225.917, 168
Trd, 000226.400, 166
Trd, 000226.533, 169
Trd, 000226.800, 170
Trd, 000228.283, 170
Trd, 000228.500, 171
Trd, 000228.867, 171
Trd, 000228.917, 169
Trd, 000230.267, 169
Trd, 000230.967, 170
Trd, 000231.033, 171
Trd, 000232.533, 169
Trd, 000233.417, 167
Trd, 000233.833, 169
Trd, 000234.000, 167
Trd, 000234.033, 167
Trd, 000235.050, 164
Trd, 000235.183, 165
Trd, 000235.650, 167
Trd, 000236.033, 171
Trd, 000236.550, 174
Trd, 000236.750, 178
Trd, 000238.633, 170
Trd, 000239.400, 168
Trd, 000239.533, 168
Trd, 000239.550, 172
Trd, 000240.100, 164
Trd, 000240.750, 168
Trd, 000241.267, 168
Trd, 000241.383, 170
Trd, 000241.633, 170
Trd, 000241.833, 171
Trd, 000241.950, 171
Trd, 000242.183, 167
Trd, 000242.300, 175
Trd, 000242.317, 159
Trd, 000243.083, 167
Trd, 000244.100, 169
Trd, 000244.133, 170
Trd, 000244.233, 170
Trd, 000244.317, 168
Trd, 000244.550, 171
Trd, 000245.417, 172
Trd, 000246.533, 172
Trd, 000246.717, 174
Trd, 000247.317, 179
Trd, 000247.800, 178
Trd, 000247.850, 177
Trd, 000247.867, 176
Trd, 000248.167, 180
Trd, 000248.450, 181
Trd, 000248.700, 179
Trd, 000249.383, 179
Trd, 000249.417, 180
Trd, 000249.583, 173
Trd, 000250.450, 177
Trd, 000250.933, 176
Trd, 000251.117, 169
Trd, 000252.233, 176
Trd, 000253.433, 172
Trd, 000253.567, 174
Trd, 000253.783, 176
Trd, 000253.850, 176
Trd, 000254.067, 177
Trd, 000254.283, 171
Trd, 000254.483, 173
Trd, 000255.683, 174
Trd, 000255.783, 177
Trd, 000255.983, 174
Trd, 000256.433, 177
Trd, 000256.683, 169
Trd, 000256.800, 162
Trd, 000257.733, 177
Trd, 000257.750, 172
Trd, 000258.217, 164
Trd, 000258.617, 171
Trd, 000260.033, 173
Trd, 000260.583, 174
Trd, 000260.883, 170
Trd, 000261.117, 174
Trd, 000261.533, 172
Trd, 000261.733, 170
Trd, 000262.250, 172
Trd, 000262.300, 173
Trd, 000262.417, 172
Trd, 000262.683, 170
Trd, 000262.883, 174
Trd, 000263.267, 175
Trd, 000263.900, 175
Trd, 000264.000, 177
Trd, 000264.633, 178
Trd, 000264.783, 176
Trd, 000264.850, 179
Trd, 000265.200, 178
Trd, 000266.050, 180
Trd, 000266.483, 183
Trd, 000266.833, 184
Trd, 000267.100, 176
Trd, 000267.333, 175
Trd, 000267.550, 183
Trd, 000268.000, 178
Trd, 000268.667, 171
Trd, 000269.633, 173
Trd, 000269.700, 175
Trd, 000270.683, 175
Trd, 000270.800, 175
Trd, 000270.950, 177
Trd, 000271.100, 164
Trd, 000272.333, 176
Trd, 000272.633, 176
Trd, 000273.217, 175
Trd, 000273.233, 173
Trd, 000273.950, 172
Trd, 000274.133, 173
Trd, 000274.217, 179
Trd, 000274.733, 173
Trd, 000274.800, 174
Trd, 000275.167, 182
Trd, 000275.850, 179
Trd, 000275.900, 182
Trd, 000276.050, 185
Trd, 000277.600, 172
Trd, 000278.283, 175
Trd, 000278.517, 175
Trd, 000278.600, 177
Trd, 000278.667, 188
Trd, 000279.217, 175
Trd, 000279.383, 176
Trd, 000279.633, 190
Trd, 000280.717, 183
Trd, 000281.650, 177
Trd, 000282.083, 183
Trd, 000282.150, 179
Trd, 000282.433, 182
Trd, 000282.600, 184
Trd, 000282.950, 185
Trd, 000283.400, 182
Trd, 000283.717, 181
Trd, 000283.850, 184
Trd, 000284.350, 182
Trd, 000284.833, 184
Trd, 000285.200, 182
Trd, 000285.967, 172
Trd, 000286.350, 166
Trd, 000286.650, 159
Trd, 000287.033, 169
Trd, 000287.433, 170
Trd, 000287.483, 173
Trd, 000287.967, 173
Trd, 000288.733, 184
Trd, 000288.883, 180
Trd, 000289.017, 184
Trd, 000289.533, 190
Trd, 000289.683, 187
Trd, 000290.083, 190
Trd, 000290.367, 177
Trd, 000290.650, 191
Trd, 000291.133, 180
Trd, 000291.267, 178
Trd, 000291.933, 189
Trd, 000292.333, 188
Trd, 000293.250, 177
Trd, 000294.083, 179
Trd, 000294.367, 186
Trd, 000295.317, 182
Trd, 000295.917, 182
Trd, 000296.333, 184
Trd, 000296.400, 185
Trd, 000296.667, 182
Trd, 000296.767, 184
Trd, 000297.117, 180
Trd, 000297.167, 182
Trd, 000297.350, 180
Trd, 000297.550, 186
Trd, 000298.167, 178
Trd, 000298.217, 176
Trd, 000298.400, 187
Trd, 000298.733, 190
Trd, 000299.917, 188
