Trd, 000003.350, 149
Trd, 000003.367, 149
Trd, 000004.067, 149
Trd, 000004.317, 148
Trd, 000004.700, 145
Trd, 000004.867, 149
Trd, 000005.567, 144
Trd, 000007.533, 156
Trd, 000007.900, 157
Trd, 000008.083, 156
Trd, 000008.700, 158
Trd, 000008.983, 146
Trd, 000009.283, 146
Trd, 000010.150, 159
Trd, 000010.183, 152
Trd, 000010.983, 144
Trd, 000011.467, 154
Trd, 000011.483, 154
Trd, 000012.983, 150
Trd, 000013.333, 153
Trd, 000013.800, 153
Trd, 000014.050, 155
Trd, 000016.250, 153
Trd, 000016.667, 153
Trd, 000018.133, 154
Trd, 000018.400, 153
Trd, 000018.733, 155
Trd, 000019.017, 153
Trd, 000019.850, 154
Trd, 000020.017, 166
Trd, 000022.600, 159
Trd, 000023.733, 156
Trd, 000024.050, 154
Trd, 000024.617, 153
Trd, 000024.850, 159
Trd, 000025.533, 160
Trd, 000025.883, 160
Trd, 000025.967, 157
Trd, 000026.600, 164
Trd, 000027.033, 156
Trd, 000027.267, 168
Trd, 000028.867, 164
Trd, 000029.350, 165
Trd, 000031.383, 163
Trd, 000031.483, 163
Trd, 000031.900, 162
Trd, 000032.617, 163
Trd, 000033.383, 161
Trd, 000034.033, 159
Trd, 000034.633, 161
Trd, 000034.967, 161
Trd, 000035.583, 156
Trd, 000036.033, 162
Trd, 000036.417, 161
Trd, 000036.633, 159
Trd, 000037.417, 163
Trd, 000037.433, 156
Trd, 000038.000, 166
Trd, 000038.683, 162
Trd, 000038.883, 152
Trd, 000040.517, 156
Trd, 000041.883, 159
Trd, 000042.167, 160
Trd, 000042.383, 157
Trd, 000042.483, 160
Trd, 000043.150, 169
Trd, 000043.767, 159
Trd, 000043.883, 157
Trd, 000044.433, 155
Trd, 000046.150, 152
Trd, 000046.167, 151
Trd, 000047.183, 158
Trd, 000047.650, 154
Trd, 000048.350, 152
Trd, 000050.167, 151
Trd, 000050.600, 152
Trd, 000051.500, 152
Trd, 000051.767, 153
Trd, 000051.800, 167
Trd, 000053.950, 151
Trd, 000054.367, 167
Trd, 000055.017, 165
Trd, 000055.400, 157
Trd, 000056.383, 156
Trd, 000057.067, 160
Trd, 000057.733, 161
Trd, 000058.583, 159
Trd, 000058.683, 162
Trd, 000059.383, 163
Trd, 000059.600, 159
Trd, 000060.167, 164
Trd, 000060.450, 158
Trd, 000062.617, 160
Trd, 000064.300, 158
Trd, 000064.967, 159
Trd, 000065.117, 161
Trd, 000065.183, 160
Trd, 000066.367, 160
Trd, 000066.633, 161
Trd, 000067.900, 165
Trd, 000068.150, 174
Trd, 000068.300, 166
Trd, 000069.850, 164
Trd, 000070.050, 167
Trd, 000070.467, 165
Trd, 000070.617, 163
Trd, 000070.983, 165
Trd, 000071.867, 158
Trd, 000072.933, 156
Trd, 000073.167, 154
Trd, 000073.467, 156
Trd, 000073.633, 154
Trd, 000074.050, 151
Trd, 000074.967, 156
Trd, 000075.350, 157
Trd, 000075.500, 158
Trd, 000076.917, 151
Trd, 000077.783, 151
Trd, 000077.967, 159
Trd, 000078.017, 150
Trd, 000078.550, 156
Trd, 000078.800, 157
Trd, 000078.900, 158
Trd, 000080.383, 160
Trd, 000082.067, 161
Trd, 000082.617, 162
Trd, 000083.517, 166
Trd, 000083.683, 163
Trd, 000084.550, 163
Trd, 000084.817, 163
Trd, 000085.283, 170
Trd, 000087.417, 168
Trd, 000087.550, 167
Trd, 000087.867, 167
Trd, 000088.233, 171
Trd, 000089.300, 172
Trd, 000089.650, 168
Trd, 000090.100, 168
Trd, 000090.167, 167
Trd, 000090.817, 156
Trd, 000091.300, 170
Trd, 000091.600, 171
Trd, 000092.567, 167
Trd, 000093.200, 169
Trd, 000093.700, 170
Trd, 000093.783, 168
Trd, 000095.233, 166
Trd, 000096.700, 164
Trd, 000097.500, 165
Trd, 000098.083, 166
Trd, 000098.350, 167
Trd, 000098.567, 165
Trd, 000098.667, 164
Trd, 000099.450, 161
Trd, 000099.567, 162
Trd, 000099.667, 160
Trd, 000099.900, 150
Trd, 000100.633, 172
Trd, 000102.967, 170
Trd, 000103.050, 160
Trd, 000103.250, 159
Trd, 000105.017, 171
Trd, 000106.083, 168
Trd, 000106.733, 169
Trd, 000108.933, 168
Trd, 000109.183, 166
Trd, 000109.783, 169
Trd, 000109.817, 166
Trd, 000110.367, 169
Trd, 000110.567, 181
Trd, 000111.000, 167
Trd, 000111.250, 166
Trd, 000111.867, 169
Trd, 000112.233, 165
Trd, 000112.300, 169
Trd, 000113.383, 166
Trd, 000113.500, 164
Trd, 000114.967, 165
Trd, 000115.750, 165
Trd, 000116.100, 163
Trd, 000116.500, 162
Trd, 000116.967, 153
Trd, 000117.100, 154
Trd, 000117.167, 166
Trd, 000117.867, 170
Trd, 000118.133, 172
Trd, 000118.617, 168
Trd, 000118.933, 166
Trd, 000118.983, 165
Trd, 000119.333, 165
Trd, 000119.650, 172
Trd, 000120.633, 171
Trd, 000121.917, 174
Trd, 000122.233, 177
Trd, 000122.250, 184
Trd, 000122.333, 191
Trd, 000122.383, 201
Trd, 000123.683, 208
Trd, 000124.067, 229
Trd, 000124.650, 309
Trd, 000124.917, 310.0
Trd, 000125.417, 306
Trd, 000125.783, 313.0
Trd, 000126.117, 324.0
Trd, 000126.167, 349
Trd, 000126.583, 324
Trd, 000127.367, 348
Trd, 000127.467, 356
Trd, 000128.450, 340
Trd, 000128.917, 335
Trd, 000129.167, 332
Trd, 000129.883, 362.0
Trd, 000130.300, 361
Trd, 000130.650, 361
Trd, 000130.917, 359
Trd, 000131.350, 353
Trd, 000131.417, 371
Trd, 000132.950, 366
Trd, 000133.783, 366
Trd, 000134.100, 364
Trd, 000134.483, 364
Trd, 000134.650, 363
Trd, 000135.567, 355
Trd, 000136.450, 360
Trd, 000136.650, 357
Trd, 000137.483, 356
Trd, 000138.267, 352
Trd, 000138.650, 356
Trd, 000138.700, 353
Trd, 000139.500, 350
Trd, 000139.567, 347
Trd, 000139.933, 355
Trd, 000141.167, 353
Trd, 000141.617, 353.0
Trd, 000141.800, 351.0
Trd, 000142.717, 349
Trd, 000144.100, 347
Trd, 000144.717, 348
Trd, 000145.117, 351.0
Trd, 000145.217, 347
Trd, 000145.850, 352
Trd, 000146.867, 347
Trd, 000148.433, 346
Trd, 000149.083, 344
Trd, 000150.217, 343.0
Trd, 000150.467, 344
Trd, 000150.767, 350
Trd, 000150.850, 352
Trd, 000150.917, 365.0
Trd, 000152.817, 353
Trd, 000153.150, 352
Trd, 000153.383, 351.0
Trd, 000153.550, 362.0
Trd, 000153.700, 343
Trd, 000154.217, 358.0
Trd, 000154.717, 363.0
Trd, 000155.583, 343.0
Trd, 000157.783, 357
Trd, 000158.100, 353
Trd, 000158.633, 351
Trd, 000158.900, 349
Trd, 000159.317, 356
Trd, 000159.450, 346
Trd, 000161.300, 351.0
Trd, 000162.033, 356
Trd, 000163.583, 353
Trd, 000164.050, 358
Trd, 000164.617, 352
Trd, 000165.033, 350
Trd, 000165.517, 350
Trd, 000166.000, 349
Trd, 000166.583, 352
Trd, 000166.950, 351.0
Trd, 000167.900, 347
Trd, 000168.283, 351
Trd, 000169.067, 352
Trd, 000169.400, 353
Trd, 000170.167, 355
Trd, 000170.283, 347
Trd, 000171.167, 355
Trd, 000173.600, 353
Trd, 000173.650, 352
Trd, 000174.117, 352
Trd, 000174.550, 355
Trd, 000175.433, 349
Trd, 000175.533, 351
Trd, 000176.467, 349
Trd, 000176.667, 350
Trd, 000176.900, 352
Trd, 000177.833, 349
Trd, 000178.033, 357
Trd, 000178.350, 348
Trd, 000179.050, 358.0
Trd, 000179.217, 348
Trd, 000181.717, 351.0
Trd, 000182.567, 348
Trd, 000183.400, 347
Trd, 000183.683, 337.0
Trd, 000184.450, 322
Trd, 000184.717, 255
Trd, 000184.767, 240
Trd, 000185.233, 209
Trd, 000185.417, 207
Trd, 000186.200, 186
Trd, 000187.133, 204
Trd, 000187.167, 187
Trd, 000187.433, 194
Trd, 000187.583, 186
Trd, 000188.017, 184
Trd, 000189.083, 177
Trd, 000189.100, 170
Trd, 000189.217, 168
Trd, 000190.967, 182
Trd, 000191.417, 173
Trd, 000191.533, 172
Trd, 000191.567, 176
Trd, 000193.150, 177
Trd, 000193.233, 178
Trd, 000194.900, 173
Trd, 000195.250, 178
Trd, 000195.850, 181
Trd, 000196.017, 175
Trd, 000197.217, 173
Trd, 000197.350, 179
Trd, 000197.467, 178
Trd, 000197.700, 170
Trd, 000198.467, 167
Trd, 000199.867, 174
Trd, 000200.983, 171
Trd, 000201.300, 172
Trd, 000201.400, 173
Trd, 000202.367, 171
Trd, 000202.617, 172
Trd, 000203.933, 174
Trd, 000204.433, 173
Trd, 000204.550, 174
Trd, 000205.067, 176
Trd, 000205.133, 171
Trd, 000205.417, 166
Trd, 000205.600, 161
Trd, 000205.900, 179
Trd, 000209.450, 175
Trd, 000209.950, 177
Trd, 000209.983, 174
Trd, 000210.700, 175
Trd, 000210.900, 174
Trd, 000211.217, 174
Trd, 000211.433, 173
Trd, 000212.250, 173
Trd, 000212.467, 172
Trd, 000212.750, 168
Trd, 000212.967, 172
Trd, 000213.400, 174
Trd, 000215.917, 174
Trd, 000216.233, 176
Trd, 000216.283, 174
Trd, 000216.500, 169
Trd, 000217.317, 171
Trd, 000218.933, 182
Trd, 000219.033, 180
Trd, 000220.550, 187
Trd, 000220.750, 181
Trd, 000221.817, 185
Trd, 000221.950, 180
Trd, 000222.900, 185
Trd, 000223.317, 180
Trd, 000224.167, 185
Trd, 000224.350, 180
Trd, 000225.800, 183
Trd, 000225.950, 182
Trd, 000227.317, 182
Trd, 000228.650, 183
Trd, 000229.267, 184
Trd, 000229.983, 184
Trd, 000230.283, 185
Trd, 000230.567, 185
Trd, 000230.833, 186
Trd, 000231.267, 181
Trd, 000232.017, 182
Trd, 000232.967, 194
Trd, 000233.133, 188
Trd, 000233.717, 188
Trd, 000234.333, 186
Trd, 000235.017, 186
Trd, 000235.933, 187
Trd, 000236.583, 186
Trd, 000236.650, 184
Trd, 000238.133, 185
Trd, 000238.967, 184
Trd, 000239.517, 183
Trd, 000239.883, 183
Trd, 000240.367, 182
Trd, 000240.933, 179
Trd, 000241.633, 174
Trd, 000241.917, 176
Trd, 000242.083, 175
Trd, 000242.333, 171
Trd, 000242.483, 172
Trd, 000243.167, 172
Trd, 000243.667, 171
Trd, 000244.750, 178
Trd, 000244.800, 175
Trd, 000245.317, 180
Trd, 000245.767, 177
Trd, 000246.267, 174
Trd, 000246.633, 173
Trd, 000246.800, 176
Trd, 000247.567, 172
Trd, 000247.733, 175
Trd, 000247.783, 174
Trd, 000248.350, 177
Trd, 000248.417, 179
Trd, 000249.383, 176
Trd, 000249.583, 180
Trd, 000250.067, 174
Trd, 000250.517, 173
Trd, 000251.017, 174
Trd, 000251.483, 173
Trd, 000251.517, 172
Trd, 000251.683, 173
Trd, 000252.183, 169
Trd, 000252.783, 169
Trd, 000253.650, 169
Trd, 000254.067, 170
Trd, 000254.367, 169
Trd, 000254.383, 171
Trd, 000254.750, 173
Trd, 000255.500, 193
Trd, 000256.000, 174
Trd, 000256.333, 184
Trd, 000256.700, 181
Trd, 000257.183, 180
Trd, 000258.017, 176
Trd, 000258.083, 175
Trd, 000258.167, 180
Trd, 000260.783, 178
Trd, 000260.917, 177
Trd, 000261.200, 180
Trd, 000261.433, 176
Trd, 000261.450, 177
Trd, 000261.717, 175
Trd, 000261.867, 174
Trd, 000261.917, 173
Trd, 000262.383, 170
Trd, 000262.483, 175
Trd, 000263.383, 172
Trd, 000263.617, 167
Trd, 000263.633, 176
Trd, 000264.317, 175
Trd, 000264.867, 176
Trd, 000266.000, 178
Trd, 000267.000, 178
Trd, 000267.050, 179
Trd, 000267.083, 177
Trd, 000267.550, 177
Trd, 000268.117, 182
Trd, 000268.233, 184
Trd, 000268.583, 175
Trd, 000268.883, 180
Trd, 000268.983, 184
Trd, 000269.333, 178
Trd, 000270.300, 178
Trd, 000271.033, 178
Trd, 000271.133, 177
Trd, 000271.600, 174
Trd, 000272.917, 183
Trd, 000273.383, 174
Trd, 000273.767, 179
Trd, 000275.383, 183
Trd, 000275.650, 183
Trd, 000276.217, 181
Trd, 000276.600, 175
Trd, 000276.933, 181
Trd, 000277.267, 179
Trd, 000277.450, 181
Trd, 000278.350, 175
Trd, 000279.400, 175
Trd, 000279.900, 182
Trd, 000280.533, 182
Trd, 000281.367, 180
Trd, 000281.533, 179
Trd, 000281.700, 182
Trd, 000282.050, 180
Trd, 000282.133, 181
Trd, 000282.250, 180
Trd, 000282.300, 186
Trd, 000282.367, 190
Trd, 000282.767, 188
Trd, 000283.133, 183
Trd, 000283.417, 180
Trd, 000283.833, 179
Trd, 000283.867, 180
Trd, 000284.700, 180
Trd, 000285.817, 180
Trd, 000286.583, 175
Trd, 000286.883, 179
Trd, 000286.967, 172
Trd, 000288.133, 177
Trd, 000288.783, 173
Trd, 000288.950, 177
Trd, 000289.700, 171
Trd, 000290.117, 171
Trd, 000290.333, 173
Trd, 000291.100, 175
Trd, 000291.567, 172
Trd, 000291.633, 174
Trd, 000292.450, 173
Trd, 000292.483, 174
Trd, 000292.667, 172
Trd, 000293.233, 171
Trd, 000293.783, 173
Trd, 000293.967, 175
Trd, 000294.250, 176
Trd, 000294.517, 177
Trd, 000295.300, 176
Trd, 000295.900, 186
Trd, 000296.583, 180
Trd, 000296.700, 179
Trd, 000296.800, 183
Trd, 000297.267, 185
Trd, 000297.350, 175
Trd, 000298.467, 174
Trd, 000298.650, 171
Trd, 000299.433, 166
