Trd, 000000.833, 196
Trd, 000001.533, 122
Trd, 000001.617, 148
Trd, 000002.300, 135
Trd, 000002.883, 148
Trd, 000003.267, 139
Trd, 000004.317, 137
Trd, 000004.817, 136
Trd, 000005.017, 141
Trd, 000005.833, 141
Trd, 000006.483, 146
Trd, 000007.167, 161
Trd, 000007.650, 152
Trd, 000007.717, 139
Trd, 000008.117, 143
Trd, 000008.517, 142
Trd, 000008.817, 144
Trd, 000009.950, 141
Trd, 000010.133, 142
Trd, 000010.517, 138
Trd, 000011.067, 143
Trd, 000011.917, 142
Trd, 000012.167, 143
Trd, 000012.267, 125
Trd, 000012.933, 141
Trd, 000013.650, 140
Trd, 000013.967, 150
Trd, 000014.500, 142
Trd, 000014.700, 140
Trd, 000015.683, 139
Trd, 000016.700, 140
Trd, 000016.733, 144
Trd, 000017.367, 145
Trd, 000017.617, 141
Trd, 000017.683, 149
Trd, 000018.067, 147
Trd, 000018.150, 143
Trd, 000018.683, 144
Trd, 000019.433, 149
Trd, 000020.067, 159
Trd, 000020.117, 144
Trd, 000021.217, 150
Trd, 000021.450, 151
Trd, 000021.583, 149
Trd, 000022.167, 148
Trd, 000023.167, 151
Trd, 000024.217, 150
Trd, 000024.267, 148
Trd, 000024.817, 138
Trd, 000025.467, 144
Trd, 000025.600, 137
Trd, 000025.683, 133
Trd, 000026.383, 147
Trd, 000026.483, 143
Trd, 000026.983, 139
Trd, 000027.017, 145
Trd, 000027.150, 145
Trd, 000027.767, 139
Trd, 000028.167, 150
Trd, 000028.217, 151
Trd, 000028.383, 135
Trd, 000028.817, 164
Trd, 000029.317, 173
Trd, 000030.150, 152
Trd, 000030.533, 153
Trd, 000030.600, 154
Trd, 000030.783, 148
Trd, 000030.917, 147
Trd, 000031.717, 147
Trd, 000032.367, 150
Trd, 000033.083, 147
Trd, 000033.550, 151
Trd, 000033.817, 151
Trd, 000034.283, 147
Trd, 000034.567, 147
Trd, 000035.100, 146
Trd, 000036.417, 150
Trd, 000036.517, 148
Trd, 000037.067, 146
Trd, 000037.383, 145
Trd, 000037.733, 145
Trd, 000038.167, 147
Trd, 000038.817, 146
Trd, 000041.250, 149
Trd, 000041.850, 150
Trd, 000041.950, 146
Trd, 000042.883, 150
Trd, 000043.167, 150
Trd, 000043.183, 148
Trd, 000043.333, 152
Trd, 000043.433, 147
Trd, 000045.200, 164
Trd, 000046.050, 159
Trd, 000046.167, 169
Trd, 000046.717, 158
Trd, 000046.817, 156
Trd, 000047.117, 158
Trd, 000048.683, 162
Trd, 000048.767, 159
Trd, 000049.017, 158
Trd, 000049.183, 157
Trd, 000049.533, 160
Trd, 000050.133, 157
Trd, 000050.333, 157
Trd, 000050.683, 156
Trd, 000051.300, 158
Trd, 000051.517, 157
Trd, 000052.500, 165
Trd, 000053.267, 162
Trd, 000053.600, 163
Trd, 000054.450, 167
Trd, 000054.667, 158
Trd, 000055.300, 159
Trd, 000055.433, 157
Trd, 000055.917, 157
Trd, 000057.800, 156
Trd, 000058.400, 158
Trd, 000058.567, 156
Trd, 000059.100, 156
Trd, 000059.400, 156
Trd, 000059.517, 147
Trd, 000060.050, 157
Trd, 000060.067, 158
Trd, 000060.200, 137
Trd, 000060.517, 131
Trd, 000061.033, 130
Trd, 000061.117, 138
Trd, 000062.117, 144
Trd, 000062.950, 142
Trd, 000063.317, 146
Trd, 000063.433, 146
Trd, 000063.533, 142
Trd, 000064.717, 147
Trd, 000064.967, 147
Trd, 000065.183, 154
Trd, 000066.317, 141
Trd, 000067.000, 143
Trd, 000067.900, 144
Trd, 000068.050, 146
Trd, 000068.083, 148
Trd, 000068.717, 148
Trd, 000068.883, 142
Trd, 000069.733, 149
Trd, 000070.417, 151
Trd, 000072.400, 165
Trd, 000072.717, 157
Trd, 000073.367, 158
Trd, 000073.783, 158
Trd, 000073.917, 157
Trd, 000074.100, 156
Trd, 000074.650, 158
Trd, 000075.133, 155
Trd, 000076.117, 149
Trd, 000076.483, 156
Trd, 000076.917, 156
Trd, 000077.433, 157
Trd, 000077.833, 152
Trd, 000077.933, 148
Trd, 000078.933, 142
Trd, 000079.233, 154
Trd, 000079.633, 153
Trd, 000080.000, 150
Trd, 000081.050, 150
Trd, 000081.850, 149
Trd, 000082.367, 153
Trd, 000082.600, 153
Trd, 000083.367, 166
Trd, 000083.800, 167
Trd, 000083.950, 163
Trd, 000084.317, 156
Trd, 000085.100, 157
Trd, 000085.933, 159
Trd, 000086.317, 160
Trd, 000086.900, 157
Trd, 000087.450, 158
Trd, 000087.617, 157
Trd, 000088.450, 160
Trd, 000088.767, 160
Trd, 000089.050, 160
Trd, 000089.350, 162
Trd, 000089.733, 159
Trd, 000089.817, 159
Trd, 000090.933, 159
Trd, 000090.950, 158
Trd, 000091.317, 160
Trd, 000092.900, 159
Trd, 000092.950, 157
Trd, 000094.017, 157
Trd, 000095.767, 157
Trd, 000096.017, 156
Trd, 000096.183, 156
Trd, 000096.967, 157
Trd, 000097.067, 155
Trd, 000097.267, 172
Trd, 000097.450, 150
Trd, 000097.517, 151
Trd, 000099.417, 154
Trd, 000099.767, 152
Trd, 000100.383, 153
Trd, 000100.533, 158
Trd, 000100.650, 152
Trd, 000101.583, 153
Trd, 000101.733, 156
Trd, 000102.133, 154
Trd, 000102.300, 158
Trd, 000102.417, 164
Trd, 000102.850, 167
Trd, 000103.667, 169
Trd, 000105.183, 152
Trd, 000105.250, 152
Trd, 000105.617, 156
Trd, 000105.867, 152
Trd, 000105.983, 151
Trd, 000106.300, 160
Trd, 000106.617, 161
Trd, 000106.950, 151
Trd, 000107.433, 138
Trd, 000107.650, 135
Trd, 000108.400, 150
Trd, 000108.533, 149
Trd, 000109.033, 150
Trd, 000109.783, 152
Trd, 000110.033, 149
Trd, 000110.917, 159
Trd, 000111.217, 152
Trd, 000112.883, 156
Trd, 000113.017, 157
Trd, 000113.400, 156
Trd, 000113.450, 169
Trd, 000114.167, 160
Trd, 000114.667, 156
Trd, 000115.100, 155
Trd, 000116.267, 170
Trd, 000116.300, 158
Trd, 000116.783, 153
Trd, 000117.600, 159
Trd, 000117.917, 159
Trd, 000118.200, 159
Trd, 000118.483, 157
Trd, 000118.933, 153
Trd, 000119.000, 159
Trd, 000120.167, 153
Trd, 000120.567, 152
Trd, 000121.283, 153
Trd, 000122.150, 174
Trd, 000122.283, 184
Trd, 000122.417, 208
Trd, 000122.650, 215
Trd, 000122.883, 219
Trd, 000122.917, 300.0
Trd, 000123.250, 338
Trd, 000123.917, 303.0
Trd, 000124.400, 320.0
Trd, 000124.583, 334
Trd, 000124.717, 336
Trd, 000125.200, 335
Trd, 000125.333, 341.0
Trd, 000125.683, 321
Trd, 000126.450, 348.0
Trd, 000127.883, 341.0
Trd, 000128.800, 354
Trd, 000129.083, 361.0
Trd, 000130.083, 345
Trd, 000130.167, 334
Trd, 000130.500, 334
Trd, 000130.567, 333
Trd, 000131.200, 345
Trd, 000131.350, 329
Trd, 000131.683, 324.0
Trd, 000132.267, 326
Trd, 000132.967, 328
Trd, 000133.600, 340
Trd, 000133.933, 343
Trd, 000134.867, 332
Trd, 000136.117, 333
Trd, 000138.583, 334
Trd, 000138.950, 335
Trd, 000139.183, 335
Trd, 000139.350, 334
Trd, 000139.450, 337
Trd, 000139.633, 348.0
Trd, 000139.933, 324.0
Trd, 000141.483, 341.0
Trd, 000142.050, 331.0
Trd, 000142.650, 329
Trd, 000143.850, 338
Trd, 000144.133, 332
Trd, 000144.200, 327
Trd, 000144.450, 336
Trd, 000145.017, 338
Trd, 000145.350, 341.0
Trd, 000145.417, 338
Trd, 000146.083, 339
Trd, 000146.433, 327
Trd, 000147.283, 339
Trd, 000147.300, 341.0
Trd, 000147.650, 334
Trd, 000148.917, 339
Trd, 000149.717, 338
Trd, 000150.833, 348.0
Trd, 000151.383, 338
Trd, 000151.483, 356
Trd, 000151.567, 336
Trd, 000151.817, 346
Trd, 000152.033, 336
Trd, 000153.400, 340
Trd, 000153.500, 338
Trd, 000154.517, 339
Trd, 000154.683, 341.0
Trd, 000155.217, 338
Trd, 000155.600, 346
Trd, 000156.067, 341.0
Trd, 000156.617, 331.0
Trd, 000156.667, 346.0
Trd, 000157.117, 358
Trd, 000157.383, 338
Trd, 000157.817, 362.0
Trd, 000158.617, 340
Trd, 000159.933, 341.0
Trd, 000160.067, 323
Trd, 000160.200, 343
Trd, 000160.400, 334
Trd, 000161.467, 333
Trd, 000161.833, 345
Trd, 000162.700, 344.0
Trd, 000163.267, 345
Trd, 000164.067, 342
Trd, 000164.233, 341.0
Trd, 000164.300, 336
Trd, 000164.450, 324.0
Trd, 000164.700, 344
Trd, 000166.383, 341
Trd, 000166.433, 332
Trd, 000166.450, 331.0
Trd, 000166.900, 341.0
Trd, 000167.467, 331
Trd, 000167.700, 343
Trd, 000169.050, 333
Trd, 000169.083, 333
Trd, 000169.650, 332
Trd, 000171.317, 332
Trd, 000171.683, 331
Trd, 000171.850, 340.0
Trd, 000171.900, 331.0
Trd, 000171.967, 341.0
Trd, 000172.350, 330
Trd, 000172.400, 340
Trd, 000172.917, 324.0
Trd, 000173.117, 343
Trd, 000173.800, 358.0
Trd, 000176.533, 346
Trd, 000176.700, 346
Trd, 000176.900, 343
Trd, 000177.183, 345
Trd, 000178.167, 345
Trd, 000178.617, 341.0
Trd, 000179.567, 345
Trd, 000179.867, 346
Trd, 000179.983, 344
Trd, 000180.383, 348.0
Trd, 000180.667, 343
Trd, 000181.117, 344
Trd, 000181.833, 342
Trd, 000181.883, 342
Trd, 000182.650, 341.0
Trd, 000182.817, 331.0
Trd, 000182.850, 319
Trd, 000183.483, 259
Trd, 000183.983, 335
Trd, 000185.183, 225
Trd, 000186.050, 181
Trd, 000186.450, 182
Trd, 000186.600, 177
Trd, 000186.850, 186
Trd, 000187.450, 186
Trd, 000187.467, 189
Trd, 000187.700, 176
Trd, 000187.733, 165
Trd, 000188.133, 191
Trd, 000188.900, 179
Trd, 000189.983, 180
Trd, 000190.350, 179
Trd, 000191.250, 183
Trd, 000191.833, 183
Trd, 000192.150, 179
Trd, 000192.433, 177
Trd, 000193.767, 178
Trd, 000193.933, 177
Trd, 000194.517, 175
Trd, 000194.833, 174
Trd, 000195.400, 160
Trd, 000195.700, 156
Trd, 000197.333, 170
Trd, 000198.183, 170
Trd, 000198.383, 169
Trd, 000198.467, 168
Trd, 000198.633, 171
Trd, 000198.867, 161
Trd, 000198.917, 175
Trd, 000199.400, 178
Trd, 000199.667, 157
Trd, 000199.883, 167
Trd, 000200.817, 171
Trd, 000202.083, 171
Trd, 000202.117, 170
Trd, 000203.367, 184
Trd, 000204.083, 170
Trd, 000204.133, 170
Trd, 000205.017, 170
Trd, 000205.117, 172
Trd, 000205.733, 170
Trd, 000205.783, 161
Trd, 000206.083, 152
Trd, 000206.350, 171
Trd, 000207.067, 162
Trd, 000208.017, 164
Trd, 000208.467, 172
Trd, 000209.050, 179
Trd, 000209.133, 175
Trd, 000209.633, 174
Trd, 000210.567, 162
Trd, 000210.783, 141
Trd, 000210.950, 163
Trd, 000211.467, 163
Trd, 000211.967, 180
Trd, 000212.717, 183
Trd, 000213.900, 181
Trd, 000213.933, 179
Trd, 000214.167, 176
Trd, 000214.500, 188
Trd, 000214.933, 177
Trd, 000215.417, 175
Trd, 000215.517, 181
Trd, 000216.517, 176
Trd, 000217.117, 175
Trd, 000217.283, 177
Trd, 000217.400, 162
Trd, 000217.550, 172
Trd, 000218.483, 183
Trd, 000219.200, 166
Trd, 000219.317, 180
Trd, 000219.733, 164
Trd, 000219.933, 153
Trd, 000220.867, 163
Trd, 000221.167, 163
Trd, 000221.267, 176
Trd, 000221.883, 176
Trd, 000222.317, 173
Trd, 000223.033, 176
Trd, 000223.150, 172
Trd, 000224.150, 172
Trd, 000224.450, 171
Trd, 000224.700, 170
Trd, 000225.117, 173
Trd, 000225.567, 168
Trd, 000227.000, 164
Trd, 000227.667, 165
Trd, 000228.567, 166
Trd, 000229.233, 170
Trd, 000230.133, 164
Trd, 000230.800, 165
Trd, 000231.417, 169
Trd, 000231.617, 169
Trd, 000232.633, 168
Trd, 000232.950, 168
Trd, 000233.017, 165
Trd, 000233.050, 168
Trd, 000233.583, 171
Trd, 000233.867, 166
Trd, 000234.183, 171
Trd, 000235.167, 169
Trd, 000235.400, 169
Trd, 000236.417, 168
Trd, 000236.600, 164
Trd, 000236.917, 158
Trd, 000238.067, 160
Trd, 000238.483, 162
Trd, 000239.617, 154
Trd, 000239.800, 164
Trd, 000240.967, 165
Trd, 000241.167, 164
Trd, 000241.333, 165
Trd, 000241.450, 160
Trd, 000241.733, 161
Trd, 000242.100, 158
Trd, 000242.233, 165
Trd, 000242.283, 160
Trd, 000242.817, 166
Trd, 000242.933, 172
Trd, 000243.417, 182
Trd, 000244.700, 171
Trd, 000245.317, 170
Trd, 000245.517, 170
Trd, 000245.583, 170
Trd, 000246.200, 169
Trd, 000246.283, 172
Trd, 000246.300, 169
Trd, 000246.867, 183
Trd, 000247.400, 169
Trd, 000247.500, 168
Trd, 000248.200, 180
Trd, 000249.567, 178
Trd, 000249.850, 177
Trd, 000250.033, 173
Trd, 000251.517, 175
Trd, 000251.817, 174
Trd, 000251.967, 173
Trd, 000253.283, 174
Trd, 000253.900, 173
Trd, 000254.217, 173
Trd, 000254.600, 174
Trd, 000254.850, 173
Trd, 000255.233, 176
Trd, 000255.450, 172
Trd, 000255.700, 171
Trd, 000255.967, 179
Trd, 000256.150, 171
Trd, 000256.383, 183
Trd, 000256.417, 170
Trd, 000256.483, 190
Trd, 000257.433, 179
Trd, 000257.983, 169
Trd, 000258.283, 167
Trd, 000259.167, 175
Trd, 000259.567, 174
Trd, 000260.500, 173
Trd, 000260.900, 172
Trd, 000261.017, 174
Trd, 000262.017, 173
Trd, 000262.100, 174
Trd, 000262.150, 177
Trd, 000262.983, 176
Trd, 000263.067, 179
Trd, 000263.200, 172
Trd, 000264.400, 175
Trd, 000264.500, 176
Trd, 000264.633, 172
Trd, 000264.917, 175
Trd, 000266.367, 188
Trd, 000266.517, 181
Trd, 000266.750, 178
Trd, 000267.233, 178
Trd, 000269.000, 179
Trd, 000269.133, 179
Trd, 000269.150, 178
Trd, 000269.333, 177
Trd, 000269.483, 181
Trd, 000270.733, 181
Trd, 000271.533, 183
Trd, 000271.600, 177
Trd, 000272.150, 178
Trd, 000272.300, 178
Trd, 000272.650, 178
Trd, 000272.933, 177
Trd, 000273.050, 171
Trd, 000273.167, 184
Trd, 000273.617, 185
Trd, 000274.150, 174
Trd, 000275.167, 172
Trd, 000275.300, 173
Trd, 000275.400, 177
Trd, 000275.867, 178
Trd, 000276.417, 174
Trd, 000276.883, 173
Trd, 000277.117, 177
Trd, 000277.300, 177
Trd, 000278.017, 191
Trd, 000278.583, 190
Trd, 000279.033, 179
Trd, 000279.817, 181
Trd, 000280.750, 182
Trd, 000281.383, 182
Trd, 000281.517, 186
Trd, 000281.867, 187
Trd, 000282.067, 181
Trd, 000282.300, 179
Trd, 000282.700, 169
Trd, 000283.133, 175
Trd, 000283.183, 172
Trd, 000283.500, 180
Trd, 000283.817, 172
Trd, 000283.850, 169
Trd, 000284.700, 175
Trd, 000286.550, 175
Trd, 000286.917, 175
Trd, 000286.983, 174
Trd, 000287.067, 173
Trd, 000288.433, 173
Trd, 000288.450, 175
Trd, 000289.083, 176
Trd, 000289.517, 173
Trd, 000290.200, 175
Trd, 000290.283, 175
Trd, 000290.600, 173
Trd, 000291.067, 175
Trd, 000291.117, 173
Trd, 000291.383, 173
Trd, 000291.600, 177
Trd, 000292.517, 187
Trd, 000292.900, 181
Trd, 000293.133, 194
Trd, 000293.467, 196
Trd, 000293.883, 180
Trd, 000294.300, 180
Trd, 000294.617, 180
Trd, 000295.333, 182
Trd, 000295.450, 187
Trd, 000295.783, 181
Trd, 000296.383, 170
Trd, 000296.500, 171
Trd, 000296.567, 176
Trd, 000296.800, 177
Trd, 000297.067, 181
Trd, 000297.200, 175
Trd, 000297.567, 176
Trd, 000297.933, 178
Trd, 000298.350, 175
Trd, 000299.000, 178
Trd, 000299.250, 175
Trd, 000299.983, 176
