Trd, 000002.183, 182
Trd, 000003.383, 175
Trd, 000003.550, 172
Trd, 000003.667, 168
Trd, 000004.350, 175
Trd, 000004.983, 140
Trd, 000005.383, 158
Trd, 000005.600, 151
Trd, 000006.383, 128
Trd, 000006.533, 129
Trd, 000008.417, 139
Trd, 000008.617, 139
Trd, 000008.667, 140
Trd, 000009.150, 144
Trd, 000009.517, 156
Trd, 000010.100, 155
Trd, 000010.383, 141
Trd, 000013.167, 153
Trd, 000013.183, 155
Trd, 000013.300, 156
Trd, 000013.383, 144
Trd, 000013.583, 138
Trd, 000013.983, 137
Trd, 000014.300, 159
Trd, 000014.683, 160
Trd, 000015.250, 143
Trd, 000015.967, 161
Trd, 000018.733, 156
Trd, 000019.367, 164
Trd, 000020.050, 164
Trd, 000020.133, 145
Trd, 000020.217, 145
Trd, 000020.867, 140
Trd, 000022.417, 155
Trd, 000023.400, 156
Trd, 000023.717, 156
Trd, 000024.017, 157
Trd, 000024.550, 148
Trd, 000024.917, 147
Trd, 000025.133, 145
Trd, 000026.150, 160
Trd, 000027.083, 167
Trd, 000027.683, 160
Trd, 000028.667, 151
Trd, 000028.800, 140
Trd, 000029.683, 131
Trd, 000029.850, 157
Trd, 000029.917, 158
Trd, 000030.517, 155
Trd, 000031.600, 153
Trd, 000031.667, 152
Trd, 000033.417, 153
Trd, 000033.633, 152
Trd, 000033.967, 154
Trd, 000034.150, 153
Trd, 000034.200, 154
Trd, 000034.350, 150
Trd, 000034.533, 158
Trd, 000037.117, 156
Trd, 000037.433, 151
Trd, 000037.533, 158
Trd, 000037.900, 161
Trd, 000038.317, 149
Trd, 000040.117, 152
Trd, 000040.217, 160
Trd, 000040.300, 161
Trd, 000040.400, 163
Trd, 000041.567, 162
Trd, 000042.233, 163
Trd, 000042.300, 167
Trd, 000042.500, 169
Trd, 000043.250, 151
Trd, 000044.500, 142
Trd, 000045.200, 165
Trd, 000045.817, 165
Trd, 000045.950, 128
Trd, 000046.350, 165
Trd, 000046.650, 169
Trd, 000046.767, 144
Trd, 000047.567, 143
Trd, 000049.367, 152
Trd, 000050.250, 149
Trd, 000050.417, 149
Trd, 000050.467, 145
Trd, 000051.167, 160
Trd, 000052.150, 153
Trd, 000052.317, 142
Trd, 000052.367, 161
Trd, 000052.483, 162
Trd, 000053.400, 146
Trd, 000053.500, 163
Trd, 000053.633, 165
Trd, 000054.117, 168
Trd, 000054.883, 148
Trd, 000056.367, 160
Trd, 000057.983, 155
Trd, 000058.517, 155
Trd, 000058.667, 142
Trd, 000059.033, 148
Trd, 000059.433, 142
Trd, 000059.450, 149
Trd, 000059.467, 150
Trd, 000059.667, 151
Trd, 000059.933, 161
Trd, 000062.750, 155
Trd, 000063.483, 152
Trd, 000064.167, 157
Trd, 000064.283, 150
Trd, 000064.650, 159
Trd, 000065.033, 160
Trd, 000065.450, 161
Trd, 000066.250, 152
Trd, 000066.800, 131
Trd, 000067.217, 130
Trd, 000068.067, 161
Trd, 000068.367, 133
Trd, 000068.950, 163
Trd, 000069.617, 139
Trd, 000070.117, 144
Trd, 000070.767, 134
Trd, 000071.133, 151
Trd, 000071.233, 166
Trd, 000072.917, 158
Trd, 000073.750, 167
Trd, 000073.850, 168
Trd, 000074.283, 159
Trd, 000074.900, 158
Trd, 000075.033, 162
Trd, 000077.017, 162
Trd, 000077.233, 160
Trd, 000078.117, 157
Trd, 000079.067, 159
Trd, 000079.550, 159
Trd, 000079.583, 157
Trd, 000079.633, 162
Trd, 000080.017, 163
Trd, 000080.067, 145
Trd, 000080.150, 135
Trd, 000080.767, 166
Trd, 000081.083, 170
Trd, 000082.383, 152
Trd, 000083.383, 132
Trd, 000084.400, 151
Trd, 000084.683, 167
Trd, 000085.500, 153
Trd, 000086.133, 148
Trd, 000086.200, 153
Trd, 000086.600, 155
Trd, 000086.933, 163
Trd, 000087.217, 166
Trd, 000087.450, 147
Trd, 000087.483, 145
Trd, 000088.283, 172
Trd, 000088.383, 173
Trd, 000089.700, 159
Trd, 000089.917, 162
Trd, 000090.233, 148
Trd, 000090.900, 152
Trd, 000091.433, 171
Trd, 000091.450, 174
Trd, 000092.000, 154
Trd, 000092.217, 147
Trd, 000092.650, 150
Trd, 000093.250, 148
Trd, 000094.400, 169
Trd, 000094.817, 171
Trd, 000095.100, 174
Trd, 000095.500, 172
Trd, 000096.233, 169
Trd, 000096.350, 173
Trd, 000096.550, 172
Trd, 000096.617, 152
Trd, 000097.283, 147
Trd, 000098.400, 165
Trd, 000098.817, 156
Trd, 000099.367, 147
Trd, 000099.850, 138
Trd, 000101.000, 157
Trd, 000101.633, 158
Trd, 000101.667, 165
Trd, 000102.017, 171
Trd, 000102.500, 173
Trd, 000103.183, 155
Trd, 000104.617, 164
Trd, 000105.133, 137
Trd, 000105.917, 150
Trd, 000106.033, 166
Trd, 000107.133, 150
Trd, 000107.717, 145
Trd, 000108.233, 144
Trd, 000108.250, 135
Trd, 000108.367, 147
Trd, 000108.483, 148
Trd, 000109.600, 167
Trd, 000111.100, 164
Trd, 000111.183, 170
Trd, 000111.667, 152
Trd, 000111.767, 173
Trd, 000112.633, 176
Trd, 000113.583, 179
Trd, 000113.850, 186
Trd, 000114.883, 164
Trd, 000116.133, 165
Trd, 000116.450, 167
Trd, 000116.967, 166
Trd, 000117.817, 163
Trd, 000117.883, 167
Trd, 000118.083, 168
Trd, 000118.550, 168
Trd, 000119.317, 152
Trd, 000119.350, 151
Trd, 000119.700, 159
Trd, 000120.517, 169
Trd, 000121.417, 170
Trd, 000121.700, 171
Trd, 000121.900, 176
Trd, 000122.067, 191
Trd, 000122.100, 212
Trd, 000122.717, 216
Trd, 000122.883, 250
Trd, 000123.383, 205
Trd, 000123.917, 289
Trd, 000124.167, 306.0
Trd, 000124.500, 317.0
Trd, 000125.050, 242
Trd, 000125.383, 242
Trd, 000125.400, 310.0
Trd, 000125.850, 327.0
Trd, 000126.717, 342
Trd, 000127.017, 317
Trd, 000127.383, 344.0
Trd, 000127.883, 324.0
Trd, 000128.050, 352.0
Trd, 000129.917, 332
Trd, 000130.617, 350
Trd, 000131.050, 349
Trd, 000132.217, 327.0
Trd, 000132.550, 344.0
Trd, 000134.183, 343
Trd, 000134.400, 344.0
Trd, 000134.550, 330
Trd, 000134.567, 339
Trd, 000135.283, 343
Trd, 000135.650, 355.0
Trd, 000135.833, 359
Trd, 000136.567, 333
Trd, 000137.617, 336
Trd, 000137.633, 351
Trd, 000138.033, 365.0
Trd, 000138.400, 326
Trd, 000138.617, 327.0
Trd, 000141.433, 330
Trd, 000142.183, 342.0
Trd, 000142.200, 343.0
Trd, 000142.333, 344.0
Trd, 000143.283, 346
Trd, 000143.600, 364.0
Trd, 000143.700, 335
Trd, 000143.767, 333
Trd, 000144.683, 357
Trd, 000145.883, 356
Trd, 000145.900, 337
Trd, 000146.067, 337
Trd, 000146.283, 337.0
Trd, 000147.967, 335
Trd, 000148.000, 358
Trd, 000148.217, 333
Trd, 000149.917, 350
Trd, 000150.917, 351
Trd, 000152.817, 355
Trd, 000152.950, 337
Trd, 000153.433, 357.0
Trd, 000154.033, 341
Trd, 000154.067, 358.0
Trd, 000154.467, 335
Trd, 000155.750, 337
Trd, 000156.183, 346
Trd, 000156.550, 336
Trd, 000157.150, 345
Trd, 000157.467, 342
Trd, 000157.967, 365.0
Trd, 000158.900, 345
Trd, 000158.950, 352
Trd, 000159.617, 353
Trd, 000160.067, 340
Trd, 000160.233, 337.0
Trd, 000160.317, 355.0
Trd, 000161.783, 326
Trd, 000162.467, 327.0
Trd, 000162.667, 333
Trd, 000163.000, 355
Trd, 000163.517, 331
Trd, 000163.900, 330
Trd, 000164.833, 355.0
Trd, 000166.067, 361
Trd, 000166.117, 363
Trd, 000166.667, 353
Trd, 000167.333, 332
Trd, 000169.967, 325
Trd, 000170.217, 345
Trd, 000170.317, 349
Trd, 000170.367, 350
Trd, 000170.867, 341
Trd, 000171.517, 338
Trd, 000171.550, 354.0
Trd, 000172.517, 342
Trd, 000173.417, 336
Trd, 000174.033, 343.0
Trd, 000174.383, 343
Trd, 000175.400, 344.0
Trd, 000176.017, 339
Trd, 000176.233, 344
Trd, 000176.300, 355.0
Trd, 000176.717, 360
Trd, 000176.867, 342
Trd, 000177.100, 340
Trd, 000180.000, 351
Trd, 000180.050, 355
Trd, 000180.750, 354
Trd, 000181.300, 341
Trd, 000181.817, 337.0
Trd, 000182.717, 337
Trd, 000183.033, 338
Trd, 000183.433, 326.0
Trd, 000183.600, 322
Trd, 000183.900, 311
Trd, 000184.050, 306.0
Trd, 000184.083, 300.0
Trd, 000184.150, 287
Trd, 000184.767, 202
Trd, 000185.300, 193
Trd, 000185.367, 188
Trd, 000186.217, 190
Trd, 000186.867, 187
Trd, 000187.067, 177
Trd, 000188.783, 172
Trd, 000188.833, 179
Trd, 000189.717, 166
Trd, 000190.217, 176
Trd, 000191.483, 171
Trd, 000192.133, 172
Trd, 000192.283, 171
Trd, 000192.450, 177
Trd, 000192.983, 177
Trd, 000193.200, 177
Trd, 000193.483, 175
Trd, 000193.583, 179
Trd, 000194.367, 173
Trd, 000194.750, 177
Trd, 000196.167, 176
Trd, 000196.233, 159
Trd, 000196.567, 159
Trd, 000197.967, 172
Trd, 000198.767, 173
Trd, 000198.933, 167
Trd, 000199.817, 168
Trd, 000200.433, 171
Trd, 000201.767, 170
Trd, 000201.983, 168
Trd, 000202.883, 179
Trd, 000203.483, 167
Trd, 000203.917, 179
Trd, 000204.733, 175
Trd, 000205.033, 170
Trd, 000205.700, 179
Trd, 000206.133, 170
Trd, 000207.300, 174
Trd, 000207.800, 170
Trd, 000208.000, 174
Trd, 000208.017, 176
Trd, 000208.650, 176
Trd, 000208.850, 168
Trd, 000209.000, 158
Trd, 000210.467, 176
Trd, 000211.217, 176
Trd, 000211.633, 167
Trd, 000211.700, 178
Trd, 000212.283, 179
Trd, 000213.483, 184
Trd, 000214.183, 175
Trd, 000214.700, 158
Trd, 000215.483, 175
Trd, 000215.550, 167
Trd, 000215.883, 172
Trd, 000216.167, 167
Trd, 000216.850, 159
Trd, 000217.350, 170
Trd, 000217.750, 172
Trd, 000219.183, 165
Trd, 000219.917, 170
Trd, 000220.250, 165
Trd, 000221.017, 170
Trd, 000221.350, 171
Trd, 000221.717, 150
Trd, 000221.917, 175
Trd, 000221.983, 177
Trd, 000222.100, 150
Trd, 000223.417, 180
Trd, 000223.800, 163
Trd, 000224.433, 177
Trd, 000225.950, 178
Trd, 000226.450, 173
Trd, 000226.817, 178
Trd, 000227.283, 171
Trd, 000227.517, 180
Trd, 000229.300, 179
Trd, 000230.167, 174
Trd, 000230.300, 173
Trd, 000230.367, 178
Trd, 000230.767, 173
Trd, 000231.150, 174
Trd, 000232.017, 173
Trd, 000232.617, 171
Trd, 000233.350, 177
Trd, 000233.400, 160
Trd, 000234.483, 166
Trd, 000234.633, 172
Trd, 000234.717, 173
Trd, 000234.867, 165
Trd, 000235.267, 174
Trd, 000235.617, 178
Trd, 000237.700, 168
Trd, 000237.967, 178
Trd, 000238.283, 171
Trd, 000238.717, 177
Trd, 000239.083, 180
Trd, 000240.200, 178
Trd, 000240.300, 178
Trd, 000240.633, 174
Trd, 000240.833, 178
Trd, 000241.083, 179
Trd, 000241.133, 186
Trd, 000241.183, 169
Trd, 000243.017, 172
Trd, 000243.133, 176
Trd, 000243.433, 165
Trd, 000244.767, 165
Trd, 000244.933, 164
Trd, 000244.967, 165
Trd, 000245.000, 169
Trd, 000245.033, 179
Trd, 000245.250, 182
Trd, 000245.383, 161
Trd, 000245.500, 184
Trd, 000246.367, 167
Trd, 000246.900, 167
Trd, 000247.233, 168
Trd, 000247.483, 158
Trd, 000248.600, 164
Trd, 000248.617, 178
Trd, 000248.983, 157
Trd, 000249.150, 178
Trd, 000249.233, 156
Trd, 000250.317, 175
Trd, 000251.083, 173
Trd, 000251.417, 175
Trd, 000251.767, 176
Trd, 000252.350, 167
Trd, 000252.767, 182
Trd, 000252.933, 183
Trd, 000253.900, 183
Trd, 000253.917, 184
Trd, 000254.183, 189
Trd, 000255.283, 187
Trd, 000255.483, 184
Trd, 000255.967, 182
Trd, 000256.450, 180
Trd, 000256.617, 178
Trd, 000256.983, 181
Trd, 000257.400, 181
Trd, 000257.617, 182
Trd, 000258.683, 173
Trd, 000258.717, 172
Trd, 000259.467, 172
Trd, 000259.633, 174
Trd, 000260.183, 179
Trd, 000260.367, 183
Trd, 000260.850, 183
Trd, 000260.950, 179
Trd, 000261.100, 183
Trd, 000261.233, 180
Trd, 000261.933, 163
Trd, 000262.317, 165
Trd, 000262.600, 157
Trd, 000263.317, 172
Trd, 000263.733, 180
Trd, 000264.817, 176
Trd, 000265.150, 180
Trd, 000265.167, 181
Trd, 000265.333, 176
Trd, 000265.433, 184
Trd, 000266.250, 173
Trd, 000266.317, 178
Trd, 000266.717, 162
Trd, 000266.833, 155
Trd, 000266.850, 162
Trd, 000267.000, 170
Trd, 000267.117, 171
Trd, 000267.733, 165
Trd, 000268.483, 168
Trd, 000268.533, 185
Trd, 000269.817, 170
Trd, 000269.950, 184
Trd, 000270.150, 174
Trd, 000270.967, 174
Trd, 000271.083, 173
Trd, 000271.483, 176
Trd, 000272.283, 178
Trd, 000272.483, 177
Trd, 000272.950, 172
Trd, 000273.300, 167
Trd, 000273.867, 171
Trd, 000274.450, 177
Trd, 000274.750, 177
Trd, 000275.250, 173
Trd, 000275.600, 175
Trd, 000275.817, 171
Trd, 000276.050, 176
Trd, 000276.317, 182
Trd, 000276.833, 189
Trd, 000277.567, 177
Trd, 000277.583, 179
Trd, 000278.533, 168
Trd, 000278.817, 169
Trd, 000279.000, 164
Trd, 000279.133, 172
Trd, 000279.817, 163
Trd, 000280.283, 166
Trd, 000280.450, 167
Trd, 000280.583, 168
Trd, 000281.000, 168
Trd, 000281.200, 183
Trd, 000281.833, 187
Trd, 000281.950, 168
Trd, 000284.250, 188
Trd, 000284.300, 190
Trd, 000284.400, 173
Trd, 000284.417, 165
Trd, 000285.233, 186
Trd, 000285.417, 169
Trd, 000286.200, 176
Trd, 000286.717, 174
Trd, 000287.067, 173
Trd, 000287.333, 172
Trd, 000287.550, 175
Trd, 000288.000, 184
Trd, 000288.550, 179
Trd, 000288.583, 174
Trd, 000289.883, 177
Trd, 000290.850, 176
Trd, 000291.533, 176
Trd, 000291.733, 177
Trd, 000291.750, 187
Trd, 000291.800, 174
Trd, 000291.883, 191
Trd, 000292.217, 197
Trd, 000293.183, 178
Trd, 000293.633, 176
Trd, 000294.283, 182
Trd, 000294.300, 183
Trd, 000294.383, 184
Trd, 000294.450, 177
Trd, 000294.467, 175
Trd, 000294.583, 171
Trd, 000295.600, 175
Trd, 000295.733, 170
Trd, 000295.817, 166
Trd, 000297.367, 184
Trd, 000297.900, 183
Trd, 000297.917, 186
Trd, 000298.283, 175
Trd, 000298.433, 164
Trd, 000298.517, 160
Trd, 000299.950, 178
Trd, 000299.983, 181
