Trd, 000001.000, 156
Trd, 000001.517, 117
Trd, 000001.917, 119
Trd, 000003.517, 100
Trd, 000004.950, 134
Trd, 000006.600, 140
Trd, 000007.417, 140
Trd, 000007.567, 144
Trd, 000007.617, 139
Trd, 000009.150, 144
Trd, 000009.250, 144
Trd, 000009.400, 145
Trd, 000009.450, 145
Trd, 000010.067, 146
Trd, 000010.600, 152
Trd, 000011.633, 147
Trd, 000012.483, 146
Trd, 000013.150, 149
Trd, 000013.233, 147
Trd, 000013.483, 146
Trd, 000013.900, 152
Trd, 000014.250, 157
Trd, 000016.033, 151
Trd, 000017.000, 153
Trd, 000017.467, 153
Trd, 000017.717, 151
Trd, 000017.833, 151
Trd, 000019.183, 153
Trd, 000019.633, 152
Trd, 000020.650, 153
Trd, 000020.667, 154
Trd, 000020.783, 155
Trd, 000021.433, 157
Trd, 000021.983, 157
Trd, 000022.317, 153
Trd, 000023.233, 152
Trd, 000024.233, 154
Trd, 000025.167, 153
Trd, 000025.250, 153
Trd, 000025.683, 151
Trd, 000025.767, 151
Trd, 000025.817, 150
Trd, 000026.217, 151
Trd, 000026.250, 157
Trd, 000026.617, 167
Trd, 000027.283, 163
Trd, 000027.817, 151
Trd, 000028.117, 153
Trd, 000028.283, 152
Trd, 000028.433, 151
Trd, 000029.917, 153
Trd, 000030.450, 152
Trd, 000030.883, 155
Trd, 000031.550, 152
Trd, 000032.517, 151
Trd, 000032.567, 153
Trd, 000033.717, 153
Trd, 000034.083, 151
Trd, 000034.150, 151
Trd, 000035.817, 152
Trd, 000035.933, 151
Trd, 000037.133, 152
Trd, 000037.667, 152
Trd, 000037.683, 153
Trd, 000038.050, 154
Trd, 000038.183, 153
Trd, 000039.200, 153
Trd, 000041.100, 155
Trd, 000042.083, 156
Trd, 000043.000, 158
Trd, 000043.650, 152
Trd, 000044.817, 153
Trd, 000045.033, 152
Trd, 000045.333, 151
Trd, 000045.933, 152
Trd, 000046.067, 159
Trd, 000048.033, 157
Trd, 000048.217, 158
Trd, 000049.200, 156
Trd, 000049.867, 154
Trd, 000050.100, 156
Trd, 000050.183, 154
Trd, 000051.300, 154
Trd, 000051.350, 153
Trd, 000052.367, 156
Trd, 000052.617, 153
Trd, 000053.600, 153
Trd, 000053.783, 152
Trd, 000054.633, 155
Trd, 000055.317, 153
Trd, 000056.183, 155
Trd, 000056.200, 156
Trd, 000057.267, 155
Trd, 000057.300, 156
Trd, 000058.033, 158
Trd, 000058.117, 157
Trd, 000058.350, 157
Trd, 000059.400, 157
Trd, 000059.500, 158
Trd, 000059.617, 157
Trd, 000059.683, 156
Trd, 000062.083, 160
Trd, 000062.300, 161
Trd, 000063.033, 157
Trd, 000063.250, 156
Trd, 000063.400, 160
Trd, 000063.650, 156
Trd, 000064.667, 162
Trd, 000065.717, 157
Trd, 000066.800, 158
Trd, 000067.700, 159
Trd, 000067.717, 157
Trd, 000068.250, 157
Trd, 000068.467, 157
Trd, 000069.350, 159
Trd, 000069.417, 162
Trd, 000069.783, 159
Trd, 000070.233, 159
Trd, 000070.517, 171
Trd, 000072.100, 158
Trd, 000072.150, 164
Trd, 000072.783, 159
Trd, 000073.567, 164
Trd, 000073.917, 158
Trd, 000075.467, 161
Trd, 000075.700, 157
Trd, 000076.033, 158
Trd, 000076.883, 158
Trd, 000077.017, 159
Trd, 000077.633, 158
Trd, 000078.283, 156
Trd, 000079.783, 156
Trd, 000080.750, 159
Trd, 000081.417, 158
Trd, 000081.450, 156
Trd, 000081.717, 157
Trd, 000082.083, 157
Trd, 000082.200, 156
Trd, 000082.450, 156
Trd, 000082.683, 159
Trd, 000083.300, 157
Trd, 000083.883, 155
Trd, 000083.917, 159
Trd, 000085.600, 158
Trd, 000086.833, 161
Trd, 000087.600, 161
Trd, 000088.050, 161
Trd, 000088.067, 160
Trd, 000088.333, 159
Trd, 000088.700, 159
Trd, 000088.750, 164
Trd, 000089.883, 158
Trd, 000090.433, 178
Trd, 000090.533, 158
Trd, 000092.217, 174
Trd, 000094.167, 168
Trd, 000094.283, 169
Trd, 000094.917, 165
Trd, 000094.933, 164
Trd, 000095.550, 164
Trd, 000095.833, 166
Trd, 000095.883, 165
Trd, 000096.650, 167
Trd, 000096.967, 165
Trd, 000097.233, 165
Trd, 000097.683, 165
Trd, 000098.583, 164
Trd, 000098.800, 166
Trd, 000098.883, 160
Trd, 000099.350, 160
Trd, 000099.417, 165
Trd, 000101.317, 161
Trd, 000101.383, 160
Trd, 000101.767, 158
Trd, 000102.717, 164
Trd, 000104.483, 161
Trd, 000104.600, 160
Trd, 000104.900, 161
Trd, 000105.217, 159
Trd, 000105.483, 159
Trd, 000105.817, 159
Trd, 000105.833, 158
Trd, 000107.083, 160
Trd, 000107.317, 158
Trd, 000107.933, 154
Trd, 000107.967, 165
Trd, 000108.117, 176
Trd, 000108.367, 168
Trd, 000108.767, 180
Trd, 000108.883, 157
Trd, 000109.967, 145
Trd, 000110.433, 166
Trd, 000111.583, 167
Trd, 000112.300, 161
Trd, 000112.450, 160
Trd, 000112.600, 160
Trd, 000114.867, 162
Trd, 000114.933, 160
Trd, 000115.050, 162
Trd, 000116.033, 160
Trd, 000116.167, 159
Trd, 000116.850, 161
Trd, 000117.750, 159
Trd, 000118.683, 160
Trd, 000119.350, 160
Trd, 000119.433, 159
Trd, 000119.800, 161
Trd, 000120.650, 161
Trd, 000120.733, 163
Trd, 000121.017, 167
Trd, 000121.967, 167
Trd, 000123.117, 177
Trd, 000123.917, 324
Trd, 000124.000, 334.0
Trd, 000124.233, 349
Trd, 000124.317, 351.0
Trd, 000124.400, 345
Trd, 000124.850, 344.0
Trd, 000126.000, 337
Trd, 000126.267, 343
Trd, 000127.017, 344
Trd, 000127.633, 344.0
Trd, 000128.017, 341
Trd, 000128.717, 344
Trd, 000129.133, 345
Trd, 000129.167, 352
Trd, 000129.200, 355
Trd, 000129.850, 344
Trd, 000130.633, 368.0
Trd, 000132.817, 354
Trd, 000133.117, 349
Trd, 000133.717, 350
Trd, 000134.417, 351
Trd, 000134.567, 354
Trd, 000134.700, 350
Trd, 000136.183, 349
Trd, 000136.983, 350
Trd, 000137.050, 344.0
Trd, 000137.167, 353
Trd, 000138.217, 333
Trd, 000138.333, 343
Trd, 000139.317, 337
Trd, 000140.117, 343
Trd, 000140.217, 341
Trd, 000140.583, 341
Trd, 000142.017, 344
Trd, 000142.100, 344.0
Trd, 000142.167, 347
Trd, 000143.633, 341
Trd, 000144.033, 343
Trd, 000145.533, 342
Trd, 000145.917, 344.0
Trd, 000146.717, 346
Trd, 000146.850, 343
Trd, 000146.917, 341
Trd, 000147.117, 340
Trd, 000147.817, 342
Trd, 000149.083, 342
Trd, 000149.300, 341
Trd, 000150.467, 342
Trd, 000150.883, 343
Trd, 000151.017, 342
Trd, 000152.100, 341
Trd, 000152.350, 344
Trd, 000152.583, 340
Trd, 000152.767, 348
Trd, 000153.767, 341
Trd, 000154.000, 344.0
Trd, 000154.583, 344
Trd, 000155.083, 351
Trd, 000155.117, 344
Trd, 000156.783, 351.0
Trd, 000157.300, 354
Trd, 000157.483, 347
Trd, 000157.933, 349
Trd, 000158.400, 346
Trd, 000158.683, 345
Trd, 000158.850, 345
Trd, 000160.167, 345
Trd, 000160.917, 345
Trd, 000161.267, 352
Trd, 000161.750, 355
Trd, 000161.967, 346
Trd, 000162.750, 356
Trd, 000162.850, 344.0
Trd, 000164.350, 350
Trd, 000165.017, 350
Trd, 000165.383, 350.0
Trd, 000166.233, 345.0
Trd, 000167.183, 347.0
Trd, 000168.583, 345
Trd, 000168.717, 344
Trd, 000169.417, 346.0
Trd, 000169.500, 351
Trd, 000169.567, 344.0
Trd, 000171.483, 344
Trd, 000171.683, 345.0
Trd, 000172.033, 344.0
Trd, 000172.417, 346
Trd, 000172.433, 344
Trd, 000173.050, 345
Trd, 000174.817, 349
Trd, 000175.233, 348
Trd, 000175.383, 345
Trd, 000176.250, 348
Trd, 000176.733, 345
Trd, 000177.383, 346
Trd, 000177.400, 345
Trd, 000177.850, 344.0
Trd, 000177.900, 345
Trd, 000178.983, 344
Trd, 000179.383, 344.0
Trd, 000180.800, 345
Trd, 000181.850, 348
Trd, 000182.433, 346
Trd, 000182.550, 344
Trd, 000182.567, 341
Trd, 000182.817, 340
Trd, 000182.833, 310.0
Trd, 000183.033, 306.0
Trd, 000183.917, 344.0
Trd, 000184.117, 323
Trd, 000184.483, 222
Trd, 000185.200, 337
Trd, 000185.350, 194
Trd, 000185.367, 186
Trd, 000185.783, 219
Trd, 000187.167, 207
Trd, 000187.617, 204
Trd, 000188.033, 194
Trd, 000188.567, 205
Trd, 000188.883, 195
Trd, 000189.200, 187
Trd, 000189.617, 207
Trd, 000189.717, 184
Trd, 000191.017, 180
Trd, 000191.433, 186
Trd, 000191.817, 183
Trd, 000191.900, 177
Trd, 000193.817, 179
Trd, 000193.850, 169
Trd, 000193.900, 179
Trd, 000194.833, 179
Trd, 000194.867, 178
Trd, 000195.150, 180
Trd, 000196.450, 176
Trd, 000196.750, 180
Trd, 000197.033, 182
Trd, 000197.533, 176
Trd, 000198.533, 178
Trd, 000199.350, 170
Trd, 000199.667, 182
Trd, 000199.733, 168
Trd, 000200.600, 168
Trd, 000200.800, 182
Trd, 000201.050, 165
Trd, 000201.367, 170
Trd, 000202.567, 175
Trd, 000203.233, 174
Trd, 000203.300, 171
Trd, 000204.117, 172
Trd, 000205.033, 174
Trd, 000205.133, 172
Trd, 000205.817, 174
Trd, 000206.300, 175
Trd, 000206.750, 172
Trd, 000206.967, 176
Trd, 000207.067, 171
Trd, 000207.317, 171
Trd, 000208.100, 175
Trd, 000209.183, 177
Trd, 000209.583, 172
Trd, 000210.100, 170
Trd, 000211.767, 173
Trd, 000212.200, 176
Trd, 000212.533, 172
Trd, 000212.767, 173
Trd, 000212.850, 171
Trd, 000213.033, 169
Trd, 000213.200, 176
Trd, 000213.400, 165
Trd, 000213.750, 168
Trd, 000215.117, 155
Trd, 000216.233, 159
Trd, 000216.367, 166
Trd, 000217.000, 168
Trd, 000217.850, 172
Trd, 000218.617, 167
Trd, 000218.900, 166
Trd, 000219.000, 166
Trd, 000219.783, 152
Trd, 000220.467, 169
Trd, 000220.567, 176
Trd, 000221.333, 163
Trd, 000221.817, 176
Trd, 000223.567, 172
Trd, 000223.583, 175
Trd, 000223.783, 171
Trd, 000225.250, 171
Trd, 000226.000, 177
Trd, 000226.167, 173
Trd, 000226.300, 173
Trd, 000227.667, 174
Trd, 000227.717, 173
Trd, 000228.517, 177
Trd, 000229.150, 172
Trd, 000230.383, 173
Trd, 000230.800, 174
Trd, 000230.817, 178
Trd, 000231.517, 174
Trd, 000231.800, 175
Trd, 000232.933, 177
Trd, 000234.183, 176
Trd, 000234.533, 176
Trd, 000234.950, 177
Trd, 000235.033, 175
Trd, 000235.117, 173
Trd, 000235.283, 177
Trd, 000235.483, 174
Trd, 000235.667, 174
Trd, 000236.133, 171
Trd, 000236.367, 172
Trd, 000236.717, 168
Trd, 000237.433, 173
Trd, 000237.550, 158
Trd, 000237.700, 176
Trd, 000239.450, 169
Trd, 000240.067, 172
Trd, 000240.600, 172
Trd, 000240.783, 173
Trd, 000241.150, 173
Trd, 000241.517, 173
Trd, 000242.067, 175
Trd, 000243.033, 172
Trd, 000243.383, 172
Trd, 000243.550, 172
Trd, 000244.417, 175
Trd, 000245.183, 176
Trd, 000245.250, 175
Trd, 000245.950, 175
Trd, 000246.617, 177
Trd, 000247.167, 174
Trd, 000247.317, 176
Trd, 000247.467, 176
Trd, 000247.617, 178
Trd, 000248.933, 183
Trd, 000249.000, 180
Trd, 000249.617, 179
Trd, 000249.767, 182
Trd, 000250.367, 183
Trd, 000250.450, 178
Trd, 000250.833, 177
Trd, 000251.267, 176
Trd, 000251.517, 177
Trd, 000251.683, 177
Trd, 000252.900, 177
Trd, 000253.167, 178
Trd, 000253.700, 178
Trd, 000253.800, 176
Trd, 000253.900, 177
Trd, 000254.083, 180
Trd, 000255.717, 176
Trd, 000255.817, 181
Trd, 000256.200, 178
Trd, 000256.300, 178
Trd, 000257.333, 181
Trd, 000257.533, 178
Trd, 000257.550, 177
Trd, 000258.050, 177
Trd, 000258.083, 178
Trd, 000258.150, 176
Trd, 000258.450, 180
Trd, 000258.500, 173
Trd, 000258.667, 197
Trd, 000260.033, 176
Trd, 000260.483, 178
Trd, 000260.817, 180
Trd, 000261.150, 177
Trd, 000261.550, 181
Trd, 000262.800, 177
Trd, 000262.983, 177
Trd, 000263.233, 177
Trd, 000263.767, 177
Trd, 000264.650, 175
Trd, 000265.233, 175
Trd, 000265.600, 174
Trd, 000266.050, 174
Trd, 000266.400, 177
Trd, 000266.633, 175
Trd, 000267.017, 179
Trd, 000267.167, 180
Trd, 000267.200, 172
Trd, 000267.867, 182
Trd, 000268.467, 175
Trd, 000268.633, 174
Trd, 000268.833, 173
Trd, 000269.517, 172
Trd, 000269.583, 181
Trd, 000270.100, 171
Trd, 000270.300, 170
Trd, 000270.383, 174
Trd, 000271.617, 175
Trd, 000271.950, 176
Trd, 000273.183, 183
Trd, 000273.433, 180
Trd, 000273.567, 179
Trd, 000273.967, 184
Trd, 000274.050, 178
Trd, 000274.117, 188
Trd, 000274.550, 178
Trd, 000275.133, 178
Trd, 000276.000, 182
Trd, 000276.300, 182
Trd, 000276.600, 178
Trd, 000277.383, 179
Trd, 000277.917, 176
Trd, 000277.933, 181
Trd, 000278.033, 179
Trd, 000278.933, 193
Trd, 000279.333, 182
Trd, 000279.367, 186
Trd, 000279.433, 181
Trd, 000280.333, 180
Trd, 000281.167, 179
Trd, 000281.350, 178
Trd, 000282.083, 174
Trd, 000282.133, 179
Trd, 000282.483, 175
Trd, 000283.617, 177
Trd, 000283.817, 177
Trd, 000284.583, 179
Trd, 000284.983, 178
Trd, 000285.050, 176
Trd, 000285.300, 179
Trd, 000285.367, 176
Trd, 000285.850, 181
Trd, 000286.117, 183
Trd, 000286.417, 183
Trd, 000286.700, 180
Trd, 000287.017, 177
Trd, 000288.800, 177
Trd, 000288.850, 176
Trd, 000289.183, 181
Trd, 000289.267, 176
Trd, 000289.317, 175
Trd, 000289.450, 182
Trd, 000289.467, 173
Trd, 000290.650, 180
Trd, 000290.667, 178
Trd, 000290.717, 183
Trd, 000291.633, 183
Trd, 000292.367, 183
Trd, 000292.483, 184
Trd, 000292.783, 180
Trd, 000292.900, 194
Trd, 000293.167, 205
Trd, 000294.633, 180
Trd, 000294.700, 179
Trd, 000294.933, 159
Trd, 000294.983, 166
Trd, 000295.267, 175
Trd, 000295.550, 174
Trd, 000296.117, 177
Trd, 000296.283, 176
Trd, 000296.300, 175
Trd, 000296.617, 175
Trd, 000296.883, 175
Trd, 000297.250, 177
Trd, 000297.633, 181
Trd, 000297.650, 174
Trd, 000298.683, 182
Trd, 000298.717, 181
Trd, 000298.933, 176
Trd, 000299.033, 175
Trd, 000299.517, 174
Trd, 000299.617, 182
