Trd, 000001.150, 151
Trd, 000002.250, 170
Trd, 000002.833, 170
Trd, 000003.217, 141
Trd, 000004.517, 124
Trd, 000004.917, 147
Trd, 000005.583, 152
Trd, 000005.700, 141
Trd, 000006.533, 147
Trd, 000006.617, 148
Trd, 000006.733, 132
Trd, 000006.833, 149
Trd, 000007.183, 151
Trd, 000008.017, 143
Trd, 000008.300, 158
Trd, 000009.500, 163
Trd, 000009.833, 156
Trd, 000010.667, 150
Trd, 000010.983, 142
Trd, 000011.750, 147
Trd, 000012.050, 148
Trd, 000012.133, 150
Trd, 000012.983, 151
Trd, 000013.233, 152
Trd, 000013.517, 153
Trd, 000013.967, 145
Trd, 000015.433, 154
Trd, 000015.517, 145
Trd, 000015.917, 162
Trd, 000018.117, 155
Trd, 000018.383, 153
Trd, 000018.500, 151
Trd, 000018.650, 156
Trd, 000019.200, 156
Trd, 000019.750, 150
Trd, 000020.733, 152
Trd, 000021.050, 149
Trd, 000021.883, 152
Trd, 000021.933, 152
Trd, 000022.167, 150
Trd, 000022.350, 149
Trd, 000022.517, 142
Trd, 000022.850, 133
Trd, 000023.350, 150
Trd, 000024.167, 143
Trd, 000024.583, 147
Trd, 000024.917, 147
Trd, 000026.900, 161
Trd, 000027.083, 162
Trd, 000027.950, 156
Trd, 000028.133, 152
Trd, 000029.000, 154
Trd, 000029.400, 151
Trd, 000029.833, 145
Trd, 000030.067, 149
Trd, 000030.183, 153
Trd, 000030.517, 152
Trd, 000030.933, 152
Trd, 000031.100, 153
Trd, 000031.650, 153
Trd, 000032.333, 166
Trd, 000032.600, 150
Trd, 000032.850, 168
Trd, 000033.333, 162
Trd, 000033.417, 158
Trd, 000033.583, 160
Trd, 000035.333, 160
Trd, 000035.533, 162
Trd, 000035.600, 154
Trd, 000035.633, 166
Trd, 000035.850, 159
Trd, 000036.650, 169
Trd, 000036.850, 172
Trd, 000036.983, 158
Trd, 000037.633, 166
Trd, 000038.600, 160
Trd, 000038.950, 165
Trd, 000039.600, 168
Trd, 000041.983, 164
Trd, 000042.500, 160
Trd, 000043.050, 159
Trd, 000043.150, 155
Trd, 000043.350, 164
Trd, 000044.617, 164
Trd, 000045.450, 156
Trd, 000045.567, 166
Trd, 000046.617, 157
Trd, 000046.700, 156
Trd, 000047.767, 166
Trd, 000047.983, 152
Trd, 000049.283, 163
Trd, 000050.150, 160
Trd, 000050.367, 156
Trd, 000051.783, 150
Trd, 000051.817, 157
Trd, 000052.200, 159
Trd, 000052.417, 160
Trd, 000052.467, 161
Trd, 000052.817, 163
Trd, 000053.683, 156
Trd, 000054.717, 156
Trd, 000054.750, 157
Trd, 000055.033, 159
Trd, 000055.150, 167
Trd, 000055.217, 170
Trd, 000055.483, 155
Trd, 000056.383, 153
Trd, 000056.683, 177
Trd, 000056.917, 168
Trd, 000057.617, 172
Trd, 000058.417, 161
Trd, 000059.383, 157
Trd, 000060.450, 158
Trd, 000060.617, 154
Trd, 000060.800, 146
Trd, 000060.817, 159
Trd, 000061.750, 156
Trd, 000062.283, 156
Trd, 000062.667, 157
Trd, 000062.867, 168
Trd, 000063.767, 169
Trd, 000065.200, 161
Trd, 000065.283, 160
Trd, 000065.950, 166
Trd, 000066.283, 167
Trd, 000066.450, 160
Trd, 000067.083, 167
Trd, 000068.150, 167
Trd, 000068.650, 164
Trd, 000069.200, 163
Trd, 000069.433, 162
Trd, 000069.900, 163
Trd, 000070.483, 160
Trd, 000071.583, 161
Trd, 000073.383, 158
Trd, 000073.433, 159
Trd, 000073.800, 166
Trd, 000073.917, 155
Trd, 000074.183, 163
Trd, 000074.350, 147
Trd, 000074.917, 162
Trd, 000075.117, 162
Trd, 000075.133, 153
Trd, 000076.767, 169
Trd, 000077.067, 170
Trd, 000077.950, 170
Trd, 000077.983, 175
Trd, 000078.700, 162
Trd, 000079.750, 163
Trd, 000080.417, 171
Trd, 000080.533, 166
Trd, 000080.783, 163
Trd, 000082.067, 163
Trd, 000082.117, 168
Trd, 000082.667, 166
Trd, 000082.833, 170
Trd, 000084.167, 169
Trd, 000084.300, 173
Trd, 000084.900, 173
Trd, 000085.467, 170
Trd, 000085.600, 166
Trd, 000085.933, 163
Trd, 000086.967, 170
Trd, 000087.383, 164
Trd, 000087.633, 171
Trd, 000088.367, 164
Trd, 000090.217, 164
Trd, 000090.600, 168
Trd, 000090.783, 160
Trd, 000091.800, 157
Trd, 000092.283, 152
Trd, 000092.433, 149
Trd, 000092.500, 133
Trd, 000092.750, 136
Trd, 000094.117, 150
Trd, 000094.300, 151
Trd, 000094.517, 162
Trd, 000094.600, 164
Trd, 000094.633, 174
Trd, 000095.867, 165
Trd, 000097.350, 155
Trd, 000097.783, 164
Trd, 000098.083, 165
Trd, 000099.650, 161
Trd, 000100.000, 163
Trd, 000100.017, 165
Trd, 000100.150, 160
Trd, 000100.617, 165
Trd, 000101.367, 165
Trd, 000102.000, 159
Trd, 000102.550, 161
Trd, 000102.700, 161
Trd, 000102.733, 158
Trd, 000104.333, 159
Trd, 000104.450, 162
Trd, 000104.683, 164
Trd, 000105.350, 161
Trd, 000105.750, 160
Trd, 000106.167, 154
Trd, 000107.083, 160
Trd, 000107.200, 157
Trd, 000108.233, 159
Trd, 000108.317, 158
Trd, 000108.600, 160
Trd, 000109.033, 160
Trd, 000109.100, 160
Trd, 000109.383, 162
Trd, 000109.600, 173
Trd, 000109.650, 159
Trd, 000110.633, 158
Trd, 000112.383, 136
Trd, 000112.867, 138
Trd, 000112.950, 145
Trd, 000112.967, 151
Trd, 000113.133, 157
Trd, 000113.850, 145
Trd, 000114.133, 160
Trd, 000114.583, 155
Trd, 000115.033, 175
Trd, 000115.617, 139
Trd, 000117.483, 163
Trd, 000117.900, 173
Trd, 000118.183, 170
Trd, 000119.017, 167
Trd, 000119.317, 170
Trd, 000119.367, 166
Trd, 000120.533, 169
Trd, 000120.817, 164
Trd, 000121.050, 169
Trd, 000121.083, 163
Trd, 000121.550, 165
Trd, 000122.150, 168
Trd, 000122.200, 174
Trd, 000122.267, 180
Trd, 000122.533, 184
Trd, 000122.550, 202
Trd, 000122.750, 246
Trd, 000123.183, 277
Trd, 000123.233, 288
Trd, 000124.200, 288
Trd, 000124.433, 310.0
Trd, 000124.917, 324.0
Trd, 000125.217, 327.0
Trd, 000125.750, 313
Trd, 000126.433, 342
Trd, 000126.583, 324.0
Trd, 000126.833, 311.0
Trd, 000127.300, 334
Trd, 000128.183, 333
Trd, 000129.217, 335
Trd, 000130.183, 325.0
Trd, 000130.333, 327.0
Trd, 000130.867, 357
Trd, 000130.950, 351.0
Trd, 000131.367, 345
Trd, 000132.167, 349
Trd, 000133.250, 339
Trd, 000133.300, 338
Trd, 000134.467, 344
Trd, 000134.983, 349
Trd, 000135.500, 343
Trd, 000135.733, 359
Trd, 000135.750, 325.0
Trd, 000137.017, 351
Trd, 000138.267, 341
Trd, 000138.567, 340
Trd, 000139.150, 326
Trd, 000139.917, 344
Trd, 000140.533, 334
Trd, 000140.683, 344
Trd, 000140.983, 345
Trd, 000141.667, 358
Trd, 000142.417, 355.0
Trd, 000142.700, 354
Trd, 000143.750, 351
Trd, 000144.233, 351.0
Trd, 000145.017, 352
Trd, 000145.150, 353
Trd, 000145.333, 355
Trd, 000145.650, 348.0
Trd, 000146.267, 331.0
Trd, 000146.367, 347
Trd, 000147.050, 327.0
Trd, 000148.150, 333
Trd, 000148.550, 331.0
Trd, 000148.667, 341
Trd, 000149.350, 349
Trd, 000149.700, 331
Trd, 000149.833, 360
Trd, 000150.267, 362.0
Trd, 000150.750, 325
Trd, 000151.183, 357
Trd, 000151.567, 333
Trd, 000151.983, 339
Trd, 000152.450, 338
Trd, 000152.900, 338
Trd, 000153.050, 334
Trd, 000153.617, 331
Trd, 000154.350, 334.0
Trd, 000154.417, 336
Trd, 000155.550, 334
Trd, 000155.883, 354
Trd, 000156.133, 365.0
Trd, 000156.367, 351
Trd, 000157.883, 344
Trd, 000158.283, 355.0
Trd, 000158.333, 339
Trd, 000158.367, 331.0
Trd, 000159.100, 360
Trd, 000159.417, 362.0
Trd, 000159.783, 360
Trd, 000161.233, 351.0
Trd, 000161.633, 355.0
Trd, 000162.100, 357
Trd, 000162.400, 355
Trd, 000163.017, 356
Trd, 000163.250, 350
Trd, 000163.583, 365.0
Trd, 000164.133, 343
Trd, 000165.150, 340
Trd, 000165.600, 326
Trd, 000166.267, 357
Trd, 000166.933, 351.0
Trd, 000167.250, 338
Trd, 000168.183, 358
Trd, 000168.233, 331.0
Trd, 000168.450, 324.0
Trd, 000168.700, 356
Trd, 000168.800, 360
Trd, 000169.967, 358
Trd, 000170.400, 360
Trd, 000171.517, 355.0
Trd, 000171.750, 348.0
Trd, 000172.450, 347
Trd, 000172.917, 360
Trd, 000174.800, 355.0
Trd, 000175.117, 359
Trd, 000176.617, 351.0
Trd, 000177.500, 351
Trd, 000177.833, 348.0
Trd, 000178.167, 351.0
Trd, 000179.150, 353
Trd, 000179.483, 355
Trd, 000181.033, 348
Trd, 000181.150, 356
Trd, 000181.367, 348.0
Trd, 000181.400, 344
Trd, 000182.550, 323
Trd, 000182.783, 312
Trd, 000183.083, 328
Trd, 000183.150, 310.0
Trd, 000183.400, 306.0
Trd, 000183.467, 300.0
Trd, 000183.900, 265
Trd, 000183.917, 260
Trd, 000184.117, 229
Trd, 000184.600, 190
Trd, 000185.200, 182
Trd, 000185.567, 166
Trd, 000185.850, 211
Trd, 000186.033, 181
Trd, 000187.567, 213
Trd, 000187.933, 174
Trd, 000189.017, 174
Trd, 000189.683, 181
Trd, 000190.067, 181
Trd, 000190.167, 181
Trd, 000191.200, 177
Trd, 000191.283, 178
Trd, 000191.467, 179
Trd, 000192.067, 184
Trd, 000192.650, 176
Trd, 000193.050, 174
Trd, 000194.033, 170
Trd, 000194.433, 169
Trd, 000195.217, 169
Trd, 000195.533, 175
Trd, 000196.367, 172
Trd, 000196.900, 169
Trd, 000197.950, 168
Trd, 000200.033, 168
Trd, 000200.200, 168
Trd, 000200.567, 159
Trd, 000200.950, 168
Trd, 000201.400, 175
Trd, 000201.700, 169
Trd, 000203.667, 171
Trd, 000203.717, 179
Trd, 000203.767, 161
Trd, 000204.500, 166
Trd, 000204.533, 185
Trd, 000205.467, 164
Trd, 000206.017, 170
Trd, 000206.033, 171
Trd, 000206.650, 172
Trd, 000206.833, 172
Trd, 000207.450, 173
Trd, 000208.600, 171
Trd, 000208.750, 167
Trd, 000209.067, 170
Trd, 000210.783, 168
Trd, 000210.983, 166
Trd, 000211.150, 165
Trd, 000211.450, 163
Trd, 000211.517, 171
Trd, 000212.200, 168
Trd, 000212.600, 161
Trd, 000212.717, 152
Trd, 000213.967, 160
Trd, 000214.983, 161
Trd, 000216.283, 160
Trd, 000216.983, 159
Trd, 000217.133, 163
Trd, 000217.967, 165
Trd, 000218.467, 158
Trd, 000218.633, 164
Trd, 000219.017, 164
Trd, 000219.950, 165
Trd, 000220.100, 177
Trd, 000220.667, 187
Trd, 000222.033, 170
Trd, 000222.283, 159
Trd, 000223.683, 167
Trd, 000223.750, 165
Trd, 000223.933, 169
Trd, 000224.067, 176
Trd, 000224.183, 184
Trd, 000224.400, 187
Trd, 000224.867, 189
Trd, 000226.050, 186
Trd, 000226.317, 173
Trd, 000226.483, 186
Trd, 000226.717, 178
Trd, 000226.817, 169
Trd, 000228.483, 176
Trd, 000229.317, 174
Trd, 000229.667, 176
Trd, 000229.933, 174
Trd, 000230.100, 171
Trd, 000230.150, 168
Trd, 000230.867, 174
Trd, 000230.917, 175
Trd, 000232.517, 175
Trd, 000233.217, 171
Trd, 000233.233, 175
Trd, 000234.033, 174
Trd, 000234.950, 171
Trd, 000235.333, 171
Trd, 000235.500, 173
Trd, 000235.533, 176
Trd, 000235.750, 185
Trd, 000236.000, 184
Trd, 000236.317, 183
Trd, 000236.567, 178
Trd, 000237.217, 179
Trd, 000237.800, 159
Trd, 000238.433, 183
Trd, 000239.950, 174
Trd, 000240.683, 177
Trd, 000241.017, 176
Trd, 000241.417, 179
Trd, 000242.050, 180
Trd, 000242.417, 177
Trd, 000243.150, 178
Trd, 000243.267, 177
Trd, 000243.450, 176
Trd, 000243.583, 180
Trd, 000244.283, 182
Trd, 000245.833, 178
Trd, 000245.917, 175
Trd, 000245.967, 182
Trd, 000246.283, 163
Trd, 000246.533, 186
Trd, 000246.717, 162
Trd, 000246.883, 181
Trd, 000246.933, 189
Trd, 000247.233, 190
Trd, 000248.100, 189
Trd, 000248.283, 184
Trd, 000249.067, 182
Trd, 000249.217, 185
Trd, 000249.867, 186
Trd, 000249.983, 184
Trd, 000250.167, 180
Trd, 000250.567, 176
Trd, 000250.767, 165
Trd, 000250.983, 177
Trd, 000251.950, 181
Trd, 000252.933, 182
Trd, 000253.600, 179
Trd, 000253.883, 180
Trd, 000254.833, 177
Trd, 000254.917, 165
Trd, 000255.083, 176
Trd, 000255.317, 183
Trd, 000255.450, 174
Trd, 000256.500, 177
Trd, 000256.933, 173
Trd, 000256.950, 179
Trd, 000257.883, 170
Trd, 000258.317, 177
Trd, 000258.383, 180
Trd, 000259.033, 179
Trd, 000259.267, 184
Trd, 000259.550, 179
Trd, 000259.783, 175
Trd, 000259.867, 166
Trd, 000259.983, 179
Trd, 000260.050, 163
Trd, 000260.783, 185
Trd, 000260.967, 185
Trd, 000261.367, 188
Trd, 000262.767, 185
Trd, 000262.900, 181
Trd, 000264.117, 180
Trd, 000264.533, 181
Trd, 000264.800, 179
Trd, 000265.150, 179
Trd, 000266.783, 183
Trd, 000267.133, 185
Trd, 000267.250, 179
Trd, 000267.317, 183
Trd, 000267.483, 178
Trd, 000267.733, 182
Trd, 000268.033, 188
Trd, 000268.567, 185
Trd, 000268.617, 185
Trd, 000268.733, 184
Trd, 000269.183, 182
Trd, 000269.750, 184
Trd, 000270.083, 167
Trd, 000270.433, 169
Trd, 000271.850, 171
Trd, 000271.883, 172
Trd, 000272.083, 173
Trd, 000273.000, 173
Trd, 000273.933, 168
Trd, 000273.967, 169
Trd, 000274.150, 187
Trd, 000274.333, 170
Trd, 000275.050, 172
Trd, 000275.167, 177
Trd, 000275.283, 171
Trd, 000275.450, 178
Trd, 000275.683, 167
Trd, 000276.833, 178
Trd, 000277.533, 176
Trd, 000277.783, 180
Trd, 000278.300, 185
Trd, 000278.583, 183
Trd, 000279.217, 181
Trd, 000279.783, 179
Trd, 000280.200, 176
Trd, 000280.783, 176
Trd, 000281.183, 176
Trd, 000281.567, 177
Trd, 000281.900, 179
Trd, 000282.000, 183
Trd, 000282.317, 186
Trd, 000283.017, 190
Trd, 000283.317, 188
Trd, 000283.750, 187
Trd, 000284.583, 183
Trd, 000284.700, 176
Trd, 000285.050, 176
Trd, 000285.550, 176
Trd, 000286.100, 180
Trd, 000286.450, 181
Trd, 000286.733, 180
Trd, 000286.883, 182
Trd, 000287.183, 176
Trd, 000287.267, 169
Trd, 000288.367, 180
Trd, 000289.133, 187
Trd, 000289.150, 191
Trd, 000289.833, 195
Trd, 000289.950, 191
Trd, 000290.900, 177
Trd, 000290.917, 177
Trd, 000291.200, 177
Trd, 000291.317, 193
Trd, 000292.417, 177
Trd, 000292.717, 178
Trd, 000292.917, 180
Trd, 000293.300, 181
Trd, 000294.233, 179
Trd, 000294.700, 176
Trd, 000295.100, 180
Trd, 000295.367, 187
Trd, 000295.500, 177
Trd, 000295.600, 169
Trd, 000295.833, 174
Trd, 000295.983, 189
Trd, 000296.900, 167
Trd, 000297.000, 186
Trd, 000297.033, 193
Trd, 000297.733, 179
Trd, 000298.350, 189
Trd, 000299.033, 194
Trd, 000299.533, 182
Trd, 000299.683, 189
Trd, 000299.717, 178
