Trd, 000002.950, 130
Trd, 000003.483, 134
Trd, 000003.933, 131
Trd, 000004.550, 136
Trd, 000004.633, 137
Trd, 000004.867, 136
Trd, 000005.450, 148
Trd, 000005.700, 151
Trd, 000007.133, 153
Trd, 000007.183, 146
Trd, 000007.450, 159
Trd, 000009.217, 153
Trd, 000009.600, 152
Trd, 000010.017, 147
Trd, 000010.567, 148
Trd, 000010.700, 147
Trd, 000011.050, 147
Trd, 000011.150, 148
Trd, 000011.217, 148
Trd, 000012.600, 142
Trd, 000013.017, 145
Trd, 000013.533, 146
Trd, 000015.117, 144
Trd, 000015.633, 145
Trd, 000015.850, 139
Trd, 000016.433, 147
Trd, 000016.600, 147
Trd, 000017.117, 144
Trd, 000017.867, 146
Trd, 000018.000, 149
Trd, 000018.667, 148
Trd, 000019.467, 144
Trd, 000019.917, 145
Trd, 000020.400, 150
Trd, 000021.267, 152
Trd, 000021.367, 151
Trd, 000021.750, 152
Trd, 000023.050, 152
Trd, 000023.333, 153
Trd, 000023.900, 156
Trd, 000024.183, 156
Trd, 000024.717, 155
Trd, 000025.467, 155
Trd, 000027.083, 149
Trd, 000027.333, 148
Trd, 000027.350, 143
Trd, 000028.733, 147
Trd, 000029.033, 146
Trd, 000029.283, 145
Trd, 000029.833, 145
Trd, 000029.917, 149
Trd, 000029.983, 151
Trd, 000030.600, 146
Trd, 000032.083, 148
Trd, 000032.283, 149
Trd, 000032.333, 151
Trd, 000032.733, 150
Trd, 000033.033, 154
Trd, 000034.000, 154
Trd, 000034.967, 154
Trd, 000035.200, 153
Trd, 000035.950, 152
Trd, 000036.267, 153
Trd, 000036.617, 150
Trd, 000036.850, 154
Trd, 000038.117, 145
Trd, 000038.617, 145
Trd, 000039.833, 146
Trd, 000040.150, 147
Trd, 000041.067, 149
Trd, 000041.433, 152
Trd, 000042.383, 150
Trd, 000042.533, 150
Trd, 000043.433, 149
Trd, 000044.183, 152
Trd, 000044.600, 152
Trd, 000044.800, 151
Trd, 000045.450, 151
Trd, 000045.600, 151
Trd, 000046.550, 148
Trd, 000047.067, 149
Trd, 000047.900, 152
Trd, 000048.000, 153
Trd, 000048.733, 150
Trd, 000049.350, 151
Trd, 000050.100, 153
Trd, 000050.383, 154
Trd, 000050.733, 156
Trd, 000051.650, 158
Trd, 000052.417, 159
Trd, 000052.933, 157
Trd, 000053.083, 157
Trd, 000053.217, 156
Trd, 000053.317, 157
Trd, 000053.833, 158
Trd, 000054.200, 157
Trd, 000054.650, 159
Trd, 000055.800, 158
Trd, 000055.833, 155
Trd, 000056.133, 155
Trd, 000056.367, 159
Trd, 000057.283, 160
Trd, 000059.250, 156
Trd, 000059.317, 154
Trd, 000059.600, 157
Trd, 000060.483, 156
Trd, 000060.783, 156
Trd, 000061.300, 157
Trd, 000061.367, 156
Trd, 000061.450, 154
Trd, 000063.183, 152
Trd, 000063.267, 157
Trd, 000063.733, 159
Trd, 000063.850, 156
Trd, 000064.100, 157
Trd, 000064.200, 164
Trd, 000065.300, 160
Trd, 000067.217, 157
Trd, 000067.583, 155
Trd, 000067.917, 158
Trd, 000068.050, 150
Trd, 000070.267, 154
Trd, 000070.417, 154
Trd, 000070.667, 154
Trd, 000071.467, 154
Trd, 000071.817, 154
Trd, 000071.900, 155
Trd, 000072.600, 153
Trd, 000073.633, 154
Trd, 000073.800, 153
Trd, 000074.783, 155
Trd, 000075.267, 153
Trd, 000075.817, 153
Trd, 000076.583, 152
Trd, 000076.733, 156
Trd, 000077.150, 158
Trd, 000077.983, 157
Trd, 000078.150, 157
Trd, 000078.967, 157
Trd, 000079.117, 158
Trd, 000079.383, 158
Trd, 000080.367, 158
Trd, 000081.433, 145
Trd, 000082.033, 149
Trd, 000082.233, 149
Trd, 000082.600, 158
Trd, 000083.050, 158
Trd, 000085.200, 154
Trd, 000085.550, 154
Trd, 000085.667, 156
Trd, 000086.200, 157
Trd, 000086.817, 158
Trd, 000087.617, 158
Trd, 000088.983, 158
Trd, 000090.167, 157
Trd, 000090.883, 150
Trd, 000091.200, 153
Trd, 000092.650, 156
Trd, 000093.450, 155
Trd, 000094.850, 154
Trd, 000095.350, 154
Trd, 000095.767, 156
Trd, 000096.583, 154
Trd, 000097.083, 154
Trd, 000097.667, 153
Trd, 000098.017, 153
Trd, 000098.033, 151
Trd, 000099.033, 158
Trd, 000099.667, 157
Trd, 000100.267, 156
Trd, 000100.567, 155
Trd, 000100.883, 154
Trd, 000101.250, 158
Trd, 000103.217, 156
Trd, 000103.383, 156
Trd, 000103.967, 151
Trd, 000104.833, 153
Trd, 000105.033, 153
Trd, 000106.000, 155
Trd, 000106.133, 158
Trd, 000106.350, 160
Trd, 000107.467, 159
Trd, 000107.733, 159
Trd, 000108.533, 159
Trd, 000110.217, 161
Trd, 000110.567, 162
Trd, 000110.650, 162
Trd, 000111.550, 162
Trd, 000112.400, 162
Trd, 000113.517, 162
Trd, 000113.667, 155
Trd, 000113.983, 159
Trd, 000114.217, 160
Trd, 000114.700, 154
Trd, 000114.800, 151
Trd, 000117.983, 161
Trd, 000118.100, 159
Trd, 000118.300, 161
Trd, 000118.550, 161
Trd, 000119.333, 163
Trd, 000119.717, 165
Trd, 000121.050, 163
Trd, 000121.183, 164
Trd, 000121.267, 166
Trd, 000121.317, 166
Trd, 000121.717, 168
Trd, 000122.117, 170
Trd, 000122.500, 172
Trd, 000123.050, 184
Trd, 000123.933, 197
Trd, 000124.167, 241
Trd, 000124.217, 310.0
Trd, 000124.383, 324.0
Trd, 000125.233, 334
Trd, 000125.650, 331
Trd, 000126.250, 333
Trd, 000126.467, 334.0
Trd, 000127.733, 333.0
Trd, 000128.033, 334.0
Trd, 000130.217, 347.0
Trd, 000131.183, 345.0
Trd, 000131.517, 346.0
Trd, 000132.133, 347.0
Trd, 000132.383, 348.0
Trd, 000132.500, 347
Trd, 000132.767, 346
Trd, 000133.750, 353
Trd, 000134.917, 348
Trd, 000135.050, 347.0
Trd, 000135.667, 347
Trd, 000136.567, 346.0
Trd, 000137.133, 349
Trd, 000138.150, 349
Trd, 000138.383, 350
Trd, 000138.467, 349
Trd, 000138.700, 347
Trd, 000139.117, 344.0
Trd, 000140.217, 341.0
Trd, 000140.717, 344.0
Trd, 000142.433, 342
Trd, 000143.033, 344
Trd, 000143.650, 350
Trd, 000145.783, 348
Trd, 000145.850, 348.0
Trd, 000146.517, 345
Trd, 000146.733, 344.0
Trd, 000146.883, 346
Trd, 000148.133, 345.0
Trd, 000148.150, 344.0
Trd, 000149.367, 341.0
Trd, 000150.250, 334
Trd, 000150.283, 335
Trd, 000150.533, 338
Trd, 000150.750, 336
Trd, 000151.467, 338
Trd, 000151.933, 341
Trd, 000152.200, 343
Trd, 000153.200, 342
Trd, 000153.583, 340
Trd, 000153.933, 343
Trd, 000155.217, 343
Trd, 000156.400, 342
Trd, 000156.717, 344
Trd, 000157.667, 344.0
Trd, 000158.033, 343.0
Trd, 000158.300, 343
Trd, 000158.550, 344
Trd, 000160.383, 343.0
Trd, 000161.183, 343
Trd, 000161.300, 344
Trd, 000161.800, 348.0
Trd, 000163.250, 345.0
Trd, 000163.550, 345.0
Trd, 000163.800, 351
Trd, 000164.833, 347.0
Trd, 000164.933, 346.0
Trd, 000166.100, 345
Trd, 000167.383, 346.0
Trd, 000167.417, 345.0
Trd, 000167.700, 347.0
Trd, 000170.067, 348.0
Trd, 000170.617, 348
Trd, 000170.867, 346.0
Trd, 000171.233, 347
Trd, 000172.433, 344.0
Trd, 000172.550, 347
Trd, 000172.600, 350
Trd, 000173.917, 349
Trd, 000174.750, 342
Trd, 000176.083, 348
Trd, 000176.150, 348
Trd, 000176.900, 348.0
Trd, 000177.467, 343
Trd, 000178.050, 346
Trd, 000178.367, 348.0
Trd, 000178.433, 347.0
Trd, 000179.017, 344.0
Trd, 000180.383, 342
Trd, 000180.467, 346.0
Trd, 000182.600, 337
Trd, 000183.367, 335
Trd, 000183.400, 323
Trd, 000183.550, 303.0
Trd, 000183.667, 282
Trd, 000183.800, 224
Trd, 000183.917, 211
Trd, 000184.233, 200
Trd, 000186.500, 185
Trd, 000186.733, 183
Trd, 000186.800, 181
Trd, 000188.383, 181
Trd, 000188.400, 180
Trd, 000189.717, 180
Trd, 000189.817, 183
Trd, 000189.900, 177
Trd, 000190.333, 173
Trd, 000192.250, 169
Trd, 000192.950, 166
Trd, 000193.017, 167
Trd, 000193.150, 163
Trd, 000194.200, 165
Trd, 000194.733, 167
Trd, 000194.883, 168
Trd, 000195.483, 167
Trd, 000195.817, 168
Trd, 000195.883, 165
Trd, 000196.683, 165
Trd, 000196.917, 165
Trd, 000197.083, 162
Trd, 000197.100, 161
Trd, 000198.950, 161
Trd, 000200.450, 160
Trd, 000200.617, 158
Trd, 000200.700, 160
Trd, 000200.883, 161
Trd, 000201.500, 161
Trd, 000203.100, 166
Trd, 000204.033, 168
Trd, 000204.567, 169
Trd, 000204.900, 171
Trd, 000205.000, 170
Trd, 000205.400, 168
Trd, 000205.433, 171
Trd, 000206.633, 166
Trd, 000207.050, 172
Trd, 000207.533, 165
Trd, 000208.050, 169
Trd, 000209.433, 169
Trd, 000209.633, 168
Trd, 000209.700, 167
Trd, 000210.400, 168
Trd, 000210.617, 162
Trd, 000212.000, 164
Trd, 000212.067, 169
Trd, 000212.950, 168
Trd, 000214.433, 167
Trd, 000214.783, 167
Trd, 000214.950, 167
Trd, 000215.150, 166
Trd, 000215.767, 166
Trd, 000216.250, 169
Trd, 000216.367, 168
Trd, 000216.450, 166
Trd, 000217.500, 166
Trd, 000217.650, 166
Trd, 000218.433, 165
Trd, 000219.900, 170
Trd, 000220.500, 168
Trd, 000220.617, 167
Trd, 000221.783, 168
Trd, 000222.133, 164
Trd, 000223.717, 170
Trd, 000223.833, 177
Trd, 000224.517, 173
Trd, 000225.883, 170
Trd, 000226.333, 171
Trd, 000227.100, 170
Trd, 000228.633, 171
Trd, 000228.700, 171
Trd, 000228.783, 169
Trd, 000229.150, 168
Trd, 000230.133, 169
Trd, 000230.817, 169
Trd, 000231.067, 170
Trd, 000231.300, 170
Trd, 000231.450, 171
Trd, 000231.783, 167
Trd, 000233.650, 170
Trd, 000234.133, 171
Trd, 000234.667, 169
Trd, 000234.683, 161
Trd, 000235.100, 170
Trd, 000235.200, 175
Trd, 000237.217, 169
Trd, 000237.900, 169
Trd, 000238.117, 168
Trd, 000239.183, 169
Trd, 000240.167, 168
Trd, 000240.617, 167
Trd, 000240.717, 166
Trd, 000240.850, 168
Trd, 000241.183, 168
Trd, 000241.233, 169
Trd, 000241.433, 171
Trd, 000241.850, 172
Trd, 000242.983, 177
Trd, 000243.850, 179
Trd, 000244.050, 171
Trd, 000244.883, 168
Trd, 000244.967, 173
Trd, 000245.250, 165
Trd, 000245.400, 161
Trd, 000245.533, 169
Trd, 000245.633, 172
Trd, 000246.150, 173
Trd, 000247.117, 173
Trd, 000247.167, 176
Trd, 000247.300, 176
Trd, 000247.650, 176
Trd, 000247.783, 178
Trd, 000247.867, 177
Trd, 000249.367, 173
Trd, 000249.533, 173
Trd, 000250.600, 173
Trd, 000250.683, 175
Trd, 000251.167, 172
Trd, 000251.217, 170
Trd, 000252.400, 170
Trd, 000252.483, 172
Trd, 000253.017, 173
Trd, 000253.450, 173
Trd, 000253.800, 172
Trd, 000255.033, 171
Trd, 000255.467, 171
Trd, 000255.733, 173
Trd, 000256.033, 173
Trd, 000256.883, 176
Trd, 000257.550, 181
Trd, 000258.017, 177
Trd, 000258.083, 179
Trd, 000258.983, 170
Trd, 000259.583, 176
Trd, 000259.783, 176
Trd, 000260.067, 178
Trd, 000261.033, 179
Trd, 000261.783, 179
Trd, 000261.800, 181
Trd, 000262.117, 176
Trd, 000262.650, 176
Trd, 000262.717, 177
Trd, 000263.483, 174
Trd, 000265.283, 174
Trd, 000265.933, 174
Trd, 000266.317, 174
Trd, 000266.733, 173
Trd, 000266.867, 174
Trd, 000266.933, 175
Trd, 000267.117, 176
Trd, 000267.833, 171
Trd, 000268.617, 173
Trd, 000268.867, 174
Trd, 000268.967, 175
Trd, 000269.483, 175
Trd, 000269.700, 172
Trd, 000270.350, 176
Trd, 000270.367, 178
Trd, 000270.733, 182
Trd, 000270.800, 174
Trd, 000271.250, 178
Trd, 000271.767, 183
Trd, 000273.600, 184
Trd, 000273.683, 182
Trd, 000273.900, 182
Trd, 000274.283, 171
Trd, 000275.633, 178
Trd, 000275.900, 177
Trd, 000276.217, 179
Trd, 000276.317, 179
Trd, 000276.800, 178
Trd, 000276.833, 179
Trd, 000277.800, 176
Trd, 000278.833, 174
Trd, 000279.833, 177
Trd, 000280.067, 178
Trd, 000280.600, 177
Trd, 000281.067, 175
Trd, 000281.233, 172
Trd, 000281.767, 176
Trd, 000282.500, 174
Trd, 000283.267, 173
Trd, 000283.833, 175
Trd, 000283.917, 175
Trd, 000284.750, 169
Trd, 000285.583, 174
Trd, 000285.700, 175
Trd, 000285.800, 174
Trd, 000285.867, 175
Trd, 000286.200, 183
Trd, 000286.883, 174
Trd, 000287.233, 181
Trd, 000288.283, 183
Trd, 000288.867, 183
Trd, 000289.183, 185
Trd, 000289.500, 187
Trd, 000290.183, 181
Trd, 000290.350, 182
Trd, 000290.683, 176
Trd, 000290.883, 180
Trd, 000291.067, 173
Trd, 000291.450, 180
Trd, 000292.000, 170
Trd, 000292.417, 182
Trd, 000292.683, 181
Trd, 000293.183, 175
Trd, 000293.467, 173
Trd, 000293.933, 176
Trd, 000295.267, 176
Trd, 000295.583, 174
Trd, 000295.650, 177
Trd, 000295.933, 179
Trd, 000296.500, 179
Trd, 000296.667, 176
Trd, 000297.300, 175
Trd, 000297.350, 177
Trd, 000298.700, 178
Trd, 000298.983, 177
Trd, 000299.750, 179
Trd, 000299.950, 180
