Trd, 000001.417, 132
Trd, 000001.883, 140
Trd, 000003.317, 144
Trd, 000003.633, 151
Trd, 000005.033, 163
Trd, 000005.767, 165
Trd, 000006.167, 163
Trd, 000006.950, 162
Trd, 000007.900, 160
Trd, 000008.517, 160
Trd, 000008.767, 160
Trd, 000009.017, 159
Trd, 000009.400, 156
Trd, 000009.833, 155
Trd, 000010.617, 153
Trd, 000011.883, 153
Trd, 000011.917, 152
Trd, 000012.167, 155
Trd, 000012.217, 160
Trd, 000013.183, 155
Trd, 000014.150, 151
Trd, 000015.550, 152
Trd, 000016.150, 152
Trd, 000016.950, 143
Trd, 000017.217, 142
Trd, 000017.467, 143
Trd, 000018.083, 146
Trd, 000018.417, 148
Trd, 000018.683, 145
Trd, 000019.067, 148
Trd, 000019.567, 148
Trd, 000019.833, 148
Trd, 000019.883, 147
Trd, 000020.217, 150
Trd, 000020.617, 160
Trd, 000021.350, 136
Trd, 000021.950, 133
Trd, 000023.117, 153
Trd, 000024.283, 151
Trd, 000024.333, 151
Trd, 000024.550, 148
Trd, 000024.867, 153
Trd, 000026.050, 157
Trd, 000027.017, 152
Trd, 000027.667, 154
Trd, 000028.017, 151
Trd, 000028.217, 154
Trd, 000029.033, 151
Trd, 000029.200, 137
Trd, 000029.433, 153
Trd, 000029.783, 152
Trd, 000031.717, 149
Trd, 000032.250, 148
Trd, 000032.383, 148
Trd, 000032.417, 147
Trd, 000033.233, 148
Trd, 000033.383, 151
Trd, 000033.533, 147
Trd, 000034.617, 148
Trd, 000034.667, 147
Trd, 000034.700, 149
Trd, 000035.917, 140
Trd, 000036.000, 145
Trd, 000038.067, 143
Trd, 000038.267, 142
Trd, 000038.283, 143
Trd, 000038.433, 143
Trd, 000038.950, 143
Trd, 000039.217, 143
Trd, 000039.500, 150
Trd, 000039.833, 151
Trd, 000039.900, 143
Trd, 000042.900, 147
Trd, 000043.350, 147
Trd, 000043.683, 146
Trd, 000043.900, 150
Trd, 000044.150, 144
Trd, 000045.967, 146
Trd, 000046.133, 147
Trd, 000046.167, 143
Trd, 000046.517, 141
Trd, 000047.283, 147
Trd, 000047.867, 148
Trd, 000049.767, 153
Trd, 000049.850, 161
Trd, 000050.367, 161
Trd, 000050.883, 156
Trd, 000051.400, 163
Trd, 000051.550, 159
Trd, 000052.317, 159
Trd, 000052.367, 160
Trd, 000053.217, 159
Trd, 000053.517, 160
Trd, 000054.483, 160
Trd, 000054.817, 161
Trd, 000055.017, 163
Trd, 000055.183, 162
Trd, 000056.467, 164
Trd, 000057.150, 157
Trd, 000057.350, 169
Trd, 000058.883, 158
Trd, 000059.417, 159
Trd, 000059.967, 158
Trd, 000060.483, 155
Trd, 000060.550, 157
Trd, 000061.750, 157
Trd, 000062.067, 156
Trd, 000062.650, 160
Trd, 000063.000, 156
Trd, 000063.900, 158
Trd, 000064.300, 160
Trd, 000064.400, 158
Trd, 000064.983, 159
Trd, 000065.550, 160
Trd, 000066.167, 160
Trd, 000066.333, 161
Trd, 000066.717, 160
Trd, 000067.550, 160
Trd, 000067.667, 162
Trd, 000069.050, 159
Trd, 000069.550, 159
Trd, 000069.967, 159
Trd, 000070.317, 158
Trd, 000070.350, 165
Trd, 000071.500, 161
Trd, 000073.033, 165
Trd, 000073.500, 164
Trd, 000074.017, 167
Trd, 000074.033, 163
Trd, 000074.317, 150
Trd, 000076.133, 159
Trd, 000078.333, 154
Trd, 000078.717, 156
Trd, 000079.117, 157
Trd, 000079.817, 157
Trd, 000080.133, 156
Trd, 000080.383, 154
Trd, 000081.267, 153
Trd, 000081.850, 153
Trd, 000083.000, 155
Trd, 000083.967, 148
Trd, 000084.000, 146
Trd, 000084.667, 151
Trd, 000084.950, 146
Trd, 000085.450, 159
Trd, 000085.733, 154
Trd, 000086.017, 166
Trd, 000088.217, 158
Trd, 000088.350, 161
Trd, 000089.733, 163
Trd, 000089.750, 162
Trd, 000090.000, 164
Trd, 000090.967, 161
Trd, 000091.483, 161
Trd, 000091.700, 162
Trd, 000092.067, 160
Trd, 000092.617, 162
Trd, 000092.833, 162
Trd, 000093.467, 160
Trd, 000093.800, 167
Trd, 000094.150, 160
Trd, 000095.300, 164
Trd, 000095.867, 160
Trd, 000096.267, 160
Trd, 000096.283, 159
Trd, 000097.383, 158
Trd, 000098.450, 158
Trd, 000099.667, 155
Trd, 000099.817, 156
Trd, 000099.883, 157
Trd, 000100.300, 156
Trd, 000100.650, 154
Trd, 000101.617, 157
Trd, 000102.183, 156
Trd, 000102.467, 158
Trd, 000103.083, 155
Trd, 000103.167, 154
Trd, 000103.717, 153
Trd, 000104.550, 155
Trd, 000104.650, 146
Trd, 000105.067, 153
Trd, 000106.583, 153
Trd, 000106.833, 152
Trd, 000107.033, 148
Trd, 000108.183, 146
Trd, 000108.900, 146
Trd, 000109.200, 145
Trd, 000109.683, 146
Trd, 000109.800, 147
Trd, 000111.383, 146
Trd, 000111.633, 147
Trd, 000111.783, 148
Trd, 000112.383, 145
Trd, 000113.667, 140
Trd, 000114.150, 147
Trd, 000114.300, 148
Trd, 000114.750, 160
Trd, 000115.683, 150
Trd, 000115.833, 178
Trd, 000116.267, 145
Trd, 000116.700, 159
Trd, 000116.800, 176
Trd, 000117.000, 151
Trd, 000117.250, 150
Trd, 000117.667, 154
Trd, 000118.033, 154
Trd, 000120.717, 155
Trd, 000120.900, 155
Trd, 000121.383, 154
Trd, 000121.517, 156
Trd, 000121.600, 161
Trd, 000121.617, 170
Trd, 000121.833, 180
Trd, 000121.933, 194
Trd, 000122.233, 205
Trd, 000122.367, 208
Trd, 000122.767, 169
Trd, 000123.150, 194
Trd, 000123.900, 198
Trd, 000124.833, 277
Trd, 000125.083, 320.0
Trd, 000125.283, 324.0
Trd, 000125.417, 306
Trd, 000126.733, 326
Trd, 000127.300, 325.0
Trd, 000127.333, 327.0
Trd, 000127.383, 334.0
Trd, 000128.550, 329
Trd, 000128.800, 327
Trd, 000128.917, 337.0
Trd, 000129.217, 326
Trd, 000129.517, 326
Trd, 000130.333, 332.0
Trd, 000130.883, 346
Trd, 000131.750, 336
Trd, 000133.767, 346
Trd, 000134.483, 346
Trd, 000135.233, 347
Trd, 000136.017, 340
Trd, 000136.083, 339
Trd, 000137.683, 339
Trd, 000137.800, 340
Trd, 000137.817, 341
Trd, 000138.200, 338
Trd, 000138.583, 337
Trd, 000138.950, 336
Trd, 000139.683, 338
Trd, 000140.067, 338
Trd, 000140.217, 337
Trd, 000140.517, 335.0
Trd, 000143.417, 337
Trd, 000144.333, 338
Trd, 000144.400, 336.0
Trd, 000144.850, 334.0
Trd, 000145.133, 348
Trd, 000145.200, 333
Trd, 000146.333, 337
Trd, 000146.783, 338
Trd, 000146.817, 337
Trd, 000148.267, 350
Trd, 000149.467, 351
Trd, 000149.667, 352
Trd, 000149.867, 353
Trd, 000150.083, 353
Trd, 000150.200, 352
Trd, 000150.483, 358
Trd, 000150.633, 351
Trd, 000151.033, 352
Trd, 000151.167, 349
Trd, 000151.850, 351.0
Trd, 000152.283, 353
Trd, 000152.500, 337
Trd, 000153.150, 354
Trd, 000153.783, 339
Trd, 000154.883, 346
Trd, 000155.717, 340
Trd, 000156.317, 336
Trd, 000156.383, 336
Trd, 000157.100, 340
Trd, 000158.250, 336
Trd, 000158.683, 336
Trd, 000158.800, 337
Trd, 000158.850, 338
Trd, 000159.733, 341
Trd, 000160.000, 338
Trd, 000160.233, 336
Trd, 000161.583, 336
Trd, 000161.667, 334.0
Trd, 000162.550, 337
Trd, 000162.783, 336
Trd, 000163.217, 335
Trd, 000164.083, 336
Trd, 000165.650, 335
Trd, 000166.117, 335.0
Trd, 000166.350, 334.0
Trd, 000166.467, 358
Trd, 000166.700, 331
Trd, 000168.017, 355
Trd, 000168.683, 356.0
Trd, 000169.217, 357
Trd, 000169.400, 355
Trd, 000170.000, 351.0
Trd, 000170.717, 353
Trd, 000170.933, 355
Trd, 000171.583, 335
Trd, 000172.200, 345
Trd, 000172.450, 334
Trd, 000172.867, 345
Trd, 000174.700, 339.0
Trd, 000175.117, 341
Trd, 000175.683, 339
Trd, 000175.783, 339.0
Trd, 000176.217, 343
Trd, 000176.417, 336
Trd, 000176.483, 350
Trd, 000177.800, 348
Trd, 000177.883, 342
Trd, 000177.950, 341
Trd, 000179.283, 343
Trd, 000179.333, 344
Trd, 000179.700, 350
Trd, 000179.917, 344
Trd, 000180.150, 344
Trd, 000180.650, 342
Trd, 000181.100, 351
Trd, 000181.183, 337
Trd, 000181.933, 336
Trd, 000182.333, 334.0
Trd, 000182.417, 331.0
Trd, 000182.933, 327.0
Trd, 000183.967, 309
Trd, 000184.200, 302
Trd, 000184.383, 294
Trd, 000185.233, 186
Trd, 000185.383, 184
Trd, 000185.700, 184
Trd, 000186.383, 183
Trd, 000187.083, 201
Trd, 000188.000, 187
Trd, 000188.350, 176
Trd, 000190.350, 192
Trd, 000190.433, 186
Trd, 000190.533, 184
Trd, 000190.583, 184
Trd, 000190.933, 174
Trd, 000192.683, 173
Trd, 000192.900, 172
Trd, 000193.183, 171
Trd, 000193.250, 170
Trd, 000194.100, 172
Trd, 000194.933, 172
Trd, 000195.500, 172
Trd, 000196.017, 172
Trd, 000196.167, 173
Trd, 000196.233, 170
Trd, 000196.383, 173
Trd, 000196.667, 167
Trd, 000197.883, 170
Trd, 000199.233, 164
Trd, 000199.367, 155
Trd, 000200.017, 163
Trd, 000200.283, 164
Trd, 000200.333, 166
Trd, 000201.417, 164
Trd, 000201.717, 164
Trd, 000202.767, 163
Trd, 000203.533, 165
Trd, 000204.017, 166
Trd, 000204.767, 168
Trd, 000205.150, 168
Trd, 000205.733, 177
Trd, 000205.967, 169
Trd, 000206.167, 178
Trd, 000206.933, 176
Trd, 000207.167, 173
Trd, 000208.717, 180
Trd, 000209.000, 177
Trd, 000209.950, 174
Trd, 000210.650, 172
Trd, 000210.733, 175
Trd, 000210.817, 173
Trd, 000210.983, 173
Trd, 000211.650, 172
Trd, 000212.050, 170
Trd, 000212.300, 171
Trd, 000212.467, 169
Trd, 000213.900, 167
Trd, 000214.050, 160
Trd, 000215.067, 164
Trd, 000215.150, 162
Trd, 000215.400, 163
Trd, 000216.300, 161
Trd, 000216.567, 168
Trd, 000217.133, 163
Trd, 000217.183, 168
Trd, 000217.533, 162
Trd, 000218.467, 160
Trd, 000219.433, 161
Trd, 000220.600, 166
Trd, 000220.933, 166
Trd, 000222.000, 163
Trd, 000222.083, 163
Trd, 000222.183, 161
Trd, 000222.717, 162
Trd, 000223.950, 161
Trd, 000224.183, 159
Trd, 000224.900, 170
Trd, 000225.000, 180
Trd, 000225.900, 162
Trd, 000226.783, 167
Trd, 000227.300, 164
Trd, 000227.383, 163
Trd, 000227.550, 169
Trd, 000229.033, 163
Trd, 000229.217, 162
Trd, 000230.783, 163
Trd, 000230.967, 164
Trd, 000231.450, 161
Trd, 000231.633, 161
Trd, 000232.633, 161
Trd, 000232.883, 165
Trd, 000234.783, 162
Trd, 000235.200, 163
Trd, 000236.183, 169
Trd, 000237.100, 167
Trd, 000237.150, 173
Trd, 000237.317, 164
Trd, 000238.117, 168
Trd, 000238.450, 167
Trd, 000238.917, 168
Trd, 000239.017, 167
Trd, 000240.133, 162
Trd, 000240.167, 166
Trd, 000240.267, 161
Trd, 000241.500, 165
Trd, 000241.950, 172
Trd, 000242.583, 167
Trd, 000243.000, 167
Trd, 000243.817, 166
Trd, 000244.517, 167
Trd, 000245.067, 169
Trd, 000245.333, 172
Trd, 000245.400, 172
Trd, 000245.850, 171
Trd, 000246.083, 179
Trd, 000246.133, 169
Trd, 000246.233, 167
Trd, 000247.083, 176
Trd, 000247.250, 176
Trd, 000247.700, 178
Trd, 000249.050, 180
Trd, 000249.250, 181
Trd, 000249.517, 180
Trd, 000250.417, 183
Trd, 000250.933, 183
Trd, 000251.067, 190
Trd, 000251.367, 185
Trd, 000251.767, 183
Trd, 000252.217, 183
Trd, 000252.383, 180
Trd, 000253.617, 180
Trd, 000253.833, 180
Trd, 000254.550, 187
Trd, 000254.767, 177
Trd, 000254.933, 188
Trd, 000255.333, 178
Trd, 000255.600, 177
Trd, 000256.100, 180
Trd, 000256.767, 179
Trd, 000257.317, 180
Trd, 000257.900, 179
Trd, 000258.300, 180
Trd, 000258.983, 179
Trd, 000259.100, 169
Trd, 000259.183, 160
Trd, 000259.633, 179
Trd, 000259.667, 166
Trd, 000260.017, 177
Trd, 000261.083, 176
Trd, 000261.400, 175
Trd, 000261.517, 175
Trd, 000262.483, 177
Trd, 000263.333, 179
Trd, 000263.417, 182
Trd, 000264.067, 177
Trd, 000264.583, 176
Trd, 000264.850, 177
Trd, 000264.867, 177
Trd, 000265.617, 178
Trd, 000266.000, 178
Trd, 000266.233, 175
Trd, 000267.233, 165
Trd, 000267.967, 164
Trd, 000268.433, 166
Trd, 000268.950, 163
Trd, 000269.150, 162
Trd, 000270.100, 165
Trd, 000270.283, 161
Trd, 000270.583, 166
Trd, 000270.650, 167
Trd, 000270.667, 168
Trd, 000271.467, 169
Trd, 000271.767, 170
Trd, 000272.267, 171
Trd, 000272.483, 175
Trd, 000272.517, 176
Trd, 000273.100, 176
Trd, 000273.200, 170
Trd, 000273.717, 178
Trd, 000273.817, 179
Trd, 000274.300, 185
Trd, 000275.017, 192
Trd, 000275.183, 183
Trd, 000276.267, 184
Trd, 000276.433, 190
Trd, 000276.750, 191
Trd, 000276.767, 182
Trd, 000276.933, 179
Trd, 000276.983, 192
Trd, 000279.100, 182
Trd, 000279.367, 187
Trd, 000279.767, 187
Trd, 000279.933, 187
Trd, 000280.033, 182
Trd, 000280.967, 181
Trd, 000281.100, 179
Trd, 000282.017, 182
Trd, 000282.083, 183
Trd, 000282.300, 178
Trd, 000282.583, 181
Trd, 000282.750, 181
Trd, 000282.900, 179
Trd, 000283.483, 185
Trd, 000283.717, 179
Trd, 000283.950, 177
Trd, 000284.400, 175
Trd, 000285.767, 167
Trd, 000286.017, 168
Trd, 000286.133, 167
Trd, 000286.933, 169
Trd, 000287.250, 173
Trd, 000287.317, 180
Trd, 000287.967, 174
Trd, 000288.017, 180
Trd, 000288.317, 175
Trd, 000288.983, 173
Trd, 000289.900, 187
Trd, 000290.217, 182
Trd, 000290.250, 194
Trd, 000290.767, 180
Trd, 000291.883, 179
Trd, 000292.117, 179
Trd, 000292.233, 178
Trd, 000292.450, 177
Trd, 000292.867, 178
Trd, 000293.133, 179
Trd, 000293.283, 169
Trd, 000293.700, 177
Trd, 000294.083, 177
Trd, 000294.600, 164
Trd, 000294.983, 164
Trd, 000295.800, 177
Trd, 000295.900, 169
Trd, 000296.150, 168
Trd, 000296.617, 167
Trd, 000297.233, 167
Trd, 000297.600, 173
Trd, 000297.817, 165
Trd, 000298.017, 173
Trd, 000298.133, 174
Trd, 000298.233, 187
Trd, 000298.417, 171
Trd, 000298.667, 178
