Trd, 000001.067, 110
Trd, 000001.250, 134
Trd, 000003.700, 127
Trd, 000003.850, 146
Trd, 000004.467, 170
Trd, 000004.550, 171
Trd, 000004.633, 132
Trd, 000006.150, 165
Trd, 000006.600, 162
Trd, 000006.950, 150
Trd, 000007.250, 164
Trd, 000007.517, 165
Trd, 000008.467, 160
Trd, 000008.783, 161
Trd, 000009.300, 157
Trd, 000009.417, 158
Trd, 000011.717, 161
Trd, 000012.067, 159
Trd, 000012.583, 158
Trd, 000013.217, 158
Trd, 000013.817, 159
Trd, 000013.850, 158
Trd, 000013.883, 161
Trd, 000015.033, 157
Trd, 000015.050, 160
Trd, 000015.200, 160
Trd, 000015.583, 161
Trd, 000016.117, 162
Trd, 000017.900, 157
Trd, 000018.100, 158
Trd, 000018.250, 157
Trd, 000019.417, 157
Trd, 000019.567, 157
Trd, 000020.250, 157
Trd, 000020.933, 157
Trd, 000021.133, 156
Trd, 000021.200, 156
Trd, 000021.600, 158
Trd, 000022.417, 157
Trd, 000022.483, 159
Trd, 000022.567, 153
Trd, 000023.183, 153
Trd, 000024.383, 158
Trd, 000024.650, 154
Trd, 000025.483, 156
Trd, 000025.717, 156
Trd, 000026.417, 157
Trd, 000026.700, 153
Trd, 000027.000, 158
Trd, 000027.217, 159
Trd, 000028.033, 154
Trd, 000028.700, 154
Trd, 000029.100, 156
Trd, 000029.383, 158
Trd, 000030.683, 157
Trd, 000031.450, 154
Trd, 000032.717, 153
Trd, 000032.983, 153
Trd, 000033.200, 153
Trd, 000033.800, 153
Trd, 000034.350, 152
Trd, 000034.433, 157
Trd, 000035.017, 156
Trd, 000035.117, 151
Trd, 000035.133, 157
Trd, 000036.667, 152
Trd, 000036.967, 156
Trd, 000037.100, 158
Trd, 000038.517, 151
Trd, 000038.650, 150
Trd, 000039.483, 151
Trd, 000039.567, 152
Trd, 000039.883, 152
Trd, 000040.883, 153
Trd, 000041.917, 153
Trd, 000042.367, 153
Trd, 000042.617, 159
Trd, 000042.900, 150
Trd, 000043.900, 157
Trd, 000044.400, 158
Trd, 000044.517, 152
Trd, 000044.933, 152
Trd, 000045.117, 160
Trd, 000045.367, 160
Trd, 000045.767, 153
Trd, 000046.200, 161
Trd, 000046.250, 153
Trd, 000046.550, 153
Trd, 000048.183, 155
Trd, 000048.717, 155
Trd, 000049.133, 157
Trd, 000049.733, 159
Trd, 000050.467, 157
Trd, 000050.533, 161
Trd, 000050.900, 176
Trd, 000051.667, 163
Trd, 000052.117, 163
Trd, 000052.800, 162
Trd, 000053.550, 161
Trd, 000053.783, 161
Trd, 000054.750, 161
Trd, 000057.467, 158
Trd, 000057.533, 159
Trd, 000057.583, 156
Trd, 000058.267, 161
Trd, 000058.400, 160
Trd, 000058.550, 168
Trd, 000059.100, 157
Trd, 000059.250, 157
Trd, 000059.633, 154
Trd, 000059.983, 165
Trd, 000060.200, 165
Trd, 000062.783, 161
Trd, 000063.000, 158
Trd, 000064.500, 158
Trd, 000065.033, 157
Trd, 000065.717, 156
Trd, 000065.733, 156
Trd, 000066.100, 158
Trd, 000067.083, 159
Trd, 000067.483, 158
Trd, 000068.117, 159
Trd, 000068.583, 159
Trd, 000068.933, 164
Trd, 000070.033, 161
Trd, 000070.433, 162
Trd, 000070.633, 160
Trd, 000070.867, 165
Trd, 000071.617, 165
Trd, 000071.883, 160
Trd, 000073.400, 162
Trd, 000073.683, 163
Trd, 000074.933, 162
Trd, 000075.383, 161
Trd, 000077.133, 160
Trd, 000078.100, 159
Trd, 000078.117, 162
Trd, 000078.200, 158
Trd, 000078.400, 159
Trd, 000078.467, 166
Trd, 000079.750, 166
Trd, 000081.083, 165
Trd, 000081.283, 160
Trd, 000081.867, 159
Trd, 000082.317, 159
Trd, 000083.283, 163
Trd, 000083.917, 162
Trd, 000084.750, 160
Trd, 000085.050, 159
Trd, 000085.133, 160
Trd, 000085.550, 161
Trd, 000086.000, 159
Trd, 000086.767, 159
Trd, 000087.583, 158
Trd, 000087.733, 158
Trd, 000088.550, 157
Trd, 000088.600, 159
Trd, 000089.617, 159
Trd, 000090.650, 159
Trd, 000090.967, 158
Trd, 000091.050, 164
Trd, 000091.367, 167
Trd, 000091.917, 180
Trd, 000091.967, 157
Trd, 000093.367, 169
Trd, 000093.867, 157
Trd, 000094.217, 169
Trd, 000094.683, 162
Trd, 000096.167, 165
Trd, 000096.217, 164
Trd, 000096.733, 165
Trd, 000097.867, 163
Trd, 000098.150, 162
Trd, 000098.233, 162
Trd, 000098.617, 161
Trd, 000099.250, 160
Trd, 000099.433, 161
Trd, 000100.867, 158
Trd, 000100.883, 167
Trd, 000101.750, 159
Trd, 000101.833, 167
Trd, 000101.983, 165
Trd, 000102.750, 165
Trd, 000103.367, 163
Trd, 000104.317, 163
Trd, 000104.433, 163
Trd, 000105.200, 162
Trd, 000105.483, 161
Trd, 000106.783, 161
Trd, 000106.833, 163
Trd, 000108.200, 160
Trd, 000108.767, 164
Trd, 000109.100, 164
Trd, 000109.317, 165
Trd, 000109.633, 165
Trd, 000110.683, 164
Trd, 000111.550, 165
Trd, 000111.817, 163
Trd, 000112.700, 166
Trd, 000113.133, 162
Trd, 000113.667, 162
Trd, 000113.983, 165
Trd, 000114.533, 166
Trd, 000114.550, 162
Trd, 000114.683, 167
Trd, 000114.750, 173
Trd, 000115.500, 159
Trd, 000115.767, 158
Trd, 000116.750, 169
Trd, 000116.900, 161
Trd, 000117.783, 161
Trd, 000119.367, 164
Trd, 000119.583, 165
Trd, 000119.833, 163
Trd, 000120.133, 162
Trd, 000120.200, 165
Trd, 000120.667, 165
Trd, 000121.050, 166
Trd, 000121.500, 165
Trd, 000122.000, 168
Trd, 000122.233, 170
Trd, 000122.617, 184
Trd, 000122.667, 184
Trd, 000122.967, 205
Trd, 000123.733, 261
Trd, 000124.350, 317.0
Trd, 000124.667, 300.0
Trd, 000125.533, 310
Trd, 000125.917, 325.0
Trd, 000126.150, 327.0
Trd, 000126.333, 331.0
Trd, 000126.483, 361
Trd, 000127.867, 342
Trd, 000128.283, 350
Trd, 000128.400, 340
Trd, 000129.800, 363
Trd, 000130.717, 351.0
Trd, 000130.833, 361
Trd, 000131.333, 351.0
Trd, 000131.967, 358
Trd, 000132.350, 351
Trd, 000132.900, 356
Trd, 000134.667, 351
Trd, 000134.883, 353
Trd, 000135.067, 354
Trd, 000135.367, 351.0
Trd, 000135.650, 355
Trd, 000135.933, 352
Trd, 000136.000, 355
Trd, 000136.783, 351
Trd, 000136.883, 354
Trd, 000136.933, 355
Trd, 000138.000, 359
Trd, 000138.750, 359
Trd, 000138.783, 358
Trd, 000139.750, 358.0
Trd, 000140.567, 354
Trd, 000143.067, 354
Trd, 000143.200, 353
Trd, 000143.583, 351.0
Trd, 000144.367, 353
Trd, 000144.383, 351
Trd, 000145.100, 352
Trd, 000145.800, 353
Trd, 000145.967, 350
Trd, 000146.467, 358.0
Trd, 000147.483, 358
Trd, 000147.633, 360
Trd, 000148.350, 352.0
Trd, 000149.250, 357
Trd, 000149.317, 351.0
Trd, 000150.867, 351
Trd, 000151.167, 352
Trd, 000152.367, 351
Trd, 000152.383, 351.0
Trd, 000153.083, 351
Trd, 000153.333, 352
Trd, 000154.500, 351
Trd, 000154.517, 349
Trd, 000154.933, 357
Trd, 000155.767, 348
Trd, 000156.783, 353
Trd, 000157.033, 355
Trd, 000158.033, 355
Trd, 000158.150, 357
Trd, 000159.633, 353.0
Trd, 000159.917, 354
Trd, 000160.583, 353
Trd, 000160.833, 352
Trd, 000161.517, 356
Trd, 000162.483, 362
Trd, 000163.383, 361
Trd, 000164.050, 358
Trd, 000164.783, 359
Trd, 000165.100, 357
Trd, 000165.267, 357
Trd, 000165.383, 358
Trd, 000165.900, 356
Trd, 000166.917, 358
Trd, 000167.533, 349.0
Trd, 000167.783, 348.0
Trd, 000167.900, 359
Trd, 000168.400, 359
Trd, 000170.600, 354
Trd, 000170.733, 358
Trd, 000170.783, 351
Trd, 000171.750, 350
Trd, 000173.150, 350.0
Trd, 000173.250, 348.0
Trd, 000173.833, 350
Trd, 000174.567, 351.0
Trd, 000175.050, 354
Trd, 000175.533, 358.0
Trd, 000175.633, 355
Trd, 000175.767, 349
Trd, 000176.217, 362
Trd, 000176.850, 348
Trd, 000177.250, 356
Trd, 000179.100, 348.0
Trd, 000179.433, 352
Trd, 000179.533, 347
Trd, 000179.900, 346
Trd, 000180.450, 333.0
Trd, 000181.617, 351
Trd, 000181.917, 347
Trd, 000182.033, 350
Trd, 000182.117, 345
Trd, 000183.800, 340
Trd, 000184.433, 214
Trd, 000185.117, 221
Trd, 000185.250, 207
Trd, 000186.050, 205
Trd, 000186.367, 190
Trd, 000186.717, 180
Trd, 000187.083, 198
Trd, 000188.167, 183
Trd, 000188.467, 181
Trd, 000188.767, 183
Trd, 000189.417, 198
Trd, 000190.083, 188
Trd, 000191.133, 182
Trd, 000191.233, 182
Trd, 000192.350, 181
Trd, 000192.583, 180
Trd, 000193.417, 179
Trd, 000193.800, 178
Trd, 000194.683, 177
Trd, 000194.817, 176
Trd, 000195.133, 177
Trd, 000195.217, 170
Trd, 000195.367, 179
Trd, 000195.417, 180
Trd, 000195.533, 180
Trd, 000196.233, 189
Trd, 000196.333, 190
Trd, 000196.367, 167
Trd, 000196.483, 190
Trd, 000197.200, 191
Trd, 000199.017, 182
Trd, 000200.700, 176
Trd, 000201.717, 177
Trd, 000201.783, 178
Trd, 000202.050, 178
Trd, 000202.450, 171
Trd, 000202.617, 177
Trd, 000203.150, 176
Trd, 000203.350, 168
Trd, 000204.783, 177
Trd, 000205.083, 178
Trd, 000206.050, 173
Trd, 000206.183, 171
Trd, 000206.467, 173
Trd, 000206.483, 174
Trd, 000206.767, 143
Trd, 000208.283, 169
Trd, 000208.550, 172
Trd, 000209.000, 168
Trd, 000209.217, 167
Trd, 000209.683, 175
Trd, 000210.650, 173
Trd, 000210.967, 170
Trd, 000211.617, 172
Trd, 000212.150, 169
Trd, 000212.283, 174
Trd, 000212.550, 171
Trd, 000213.217, 171
Trd, 000213.283, 172
Trd, 000213.600, 169
Trd, 000213.750, 168
Trd, 000215.317, 174
Trd, 000215.833, 171
Trd, 000216.217, 175
Trd, 000219.133, 173
Trd, 000219.267, 171
Trd, 000219.950, 174
Trd, 000220.150, 174
Trd, 000220.450, 177
Trd, 000220.650, 171
Trd, 000220.850, 180
Trd, 000221.200, 170
Trd, 000221.467, 170
Trd, 000221.817, 179
Trd, 000222.117, 180
Trd, 000222.183, 181
Trd, 000224.517, 172
Trd, 000224.633, 174
Trd, 000224.950, 173
Trd, 000225.433, 174
Trd, 000225.750, 170
Trd, 000226.533, 173
Trd, 000227.417, 173
Trd, 000228.017, 172
Trd, 000228.267, 170
Trd, 000229.050, 156
Trd, 000229.183, 174
Trd, 000229.750, 171
Trd, 000230.617, 170
Trd, 000230.917, 170
Trd, 000232.000, 178
Trd, 000232.100, 179
Trd, 000232.117, 181
Trd, 000232.550, 175
Trd, 000233.150, 176
Trd, 000233.450, 177
Trd, 000233.667, 185
Trd, 000233.700, 186
Trd, 000233.900, 195
Trd, 000234.617, 190
Trd, 000236.200, 181
Trd, 000236.367, 180
Trd, 000237.267, 180
Trd, 000238.450, 180
Trd, 000239.350, 181
Trd, 000239.400, 182
Trd, 000239.450, 183
Trd, 000240.300, 180
Trd, 000240.683, 179
Trd, 000241.050, 177
Trd, 000241.100, 176
Trd, 000241.583, 175
Trd, 000242.300, 174
Trd, 000242.450, 175
Trd, 000242.683, 176
Trd, 000242.967, 173
Trd, 000243.133, 172
Trd, 000243.600, 174
Trd, 000243.883, 176
Trd, 000244.200, 177
Trd, 000244.850, 180
Trd, 000245.683, 175
Trd, 000245.917, 175
Trd, 000246.050, 174
Trd, 000246.933, 176
Trd, 000246.950, 173
Trd, 000247.133, 172
Trd, 000247.950, 177
Trd, 000248.450, 176
Trd, 000248.750, 177
Trd, 000248.783, 179
Trd, 000249.033, 180
Trd, 000249.483, 179
Trd, 000250.017, 175
Trd, 000250.933, 174
Trd, 000251.717, 176
Trd, 000252.050, 173
Trd, 000252.433, 173
Trd, 000252.550, 172
Trd, 000253.067, 171
Trd, 000253.567, 171
Trd, 000253.950, 170
Trd, 000254.167, 174
Trd, 000254.717, 170
Trd, 000254.767, 171
Trd, 000255.800, 172
Trd, 000255.833, 173
Trd, 000256.117, 173
Trd, 000256.233, 174
Trd, 000256.600, 169
Trd, 000257.733, 172
Trd, 000258.183, 175
Trd, 000258.600, 179
Trd, 000259.517, 181
Trd, 000259.617, 177
Trd, 000259.750, 177
Trd, 000259.883, 187
Trd, 000260.933, 173
Trd, 000261.183, 175
Trd, 000261.250, 180
Trd, 000261.317, 183
Trd, 000261.633, 175
Trd, 000261.717, 180
Trd, 000261.883, 174
Trd, 000263.250, 175
Trd, 000263.600, 187
Trd, 000264.150, 174
Trd, 000264.333, 172
Trd, 000264.367, 175
Trd, 000264.383, 172
Trd, 000264.483, 180
Trd, 000265.500, 173
Trd, 000265.817, 182
Trd, 000266.783, 175
Trd, 000267.950, 172
Trd, 000268.283, 171
Trd, 000268.867, 174
Trd, 000269.300, 175
Trd, 000269.383, 174
Trd, 000269.767, 174
Trd, 000270.083, 174
Trd, 000270.217, 173
Trd, 000270.400, 175
Trd, 000270.600, 175
Trd, 000271.350, 175
Trd, 000271.450, 177
Trd, 000271.650, 173
Trd, 000271.700, 173
Trd, 000272.033, 182
Trd, 000272.333, 185
Trd, 000272.567, 181
Trd, 000272.950, 177
Trd, 000273.283, 175
Trd, 000273.900, 174
Trd, 000274.067, 172
Trd, 000274.283, 171
Trd, 000275.417, 175
Trd, 000275.450, 176
Trd, 000275.917, 177
Trd, 000276.533, 176
Trd, 000276.583, 175
Trd, 000276.617, 177
Trd, 000278.067, 176
Trd, 000278.117, 175
Trd, 000278.183, 173
Trd, 000278.267, 171
Trd, 000278.667, 176
Trd, 000278.700, 173
Trd, 000278.933, 178
Trd, 000279.417, 179
Trd, 000280.067, 181
Trd, 000280.333, 182
Trd, 000280.350, 183
Trd, 000281.400, 178
Trd, 000281.583, 183
Trd, 000281.950, 190
Trd, 000282.350, 178
Trd, 000282.533, 178
Trd, 000282.667, 177
Trd, 000282.850, 180
Trd, 000283.017, 172
Trd, 000283.750, 175
Trd, 000284.650, 178
Trd, 000284.750, 175
Trd, 000285.200, 175
Trd, 000285.317, 181
Trd, 000285.750, 181
Trd, 000285.900, 184
Trd, 000287.233, 183
Trd, 000287.350, 181
Trd, 000287.650, 178
Trd, 000288.100, 176
Trd, 000288.367, 177
Trd, 000288.400, 176
Trd, 000289.433, 175
Trd, 000289.533, 178
Trd, 000289.567, 165
Trd, 000289.633, 160
Trd, 000290.283, 174
Trd, 000290.367, 178
Trd, 000291.400, 178
Trd, 000291.417, 180
Trd, 000291.433, 180
Trd, 000291.583, 181
Trd, 000293.317, 177
Trd, 000293.617, 174
Trd, 000294.217, 179
Trd, 000294.383, 180
Trd, 000295.083, 183
Trd, 000295.283, 174
Trd, 000295.300, 173
Trd, 000295.450, 184
Trd, 000295.517, 192
Trd, 000295.650, 173
Trd, 000295.833, 175
Trd, 000296.033, 174
Trd, 000296.500, 185
Trd, 000296.683, 173
Trd, 000297.017, 185
Trd, 000297.500, 181
Trd, 000297.650, 184
Trd, 000297.817, 184
Trd, 000298.800, 191
Trd, 000299.367, 187
Trd, 000299.533, 183
Trd, 000299.617, 182
