Trd, 000002.067, 144
Trd, 000003.117, 165
Trd, 000003.650, 174
Trd, 000003.867, 169
Trd, 000004.983, 157
Trd, 000005.217, 151
Trd, 000005.617, 141
Trd, 000005.900, 135
Trd, 000006.133, 142
Trd, 000008.267, 150
Trd, 000009.850, 149
Trd, 000010.067, 149
Trd, 000010.200, 150
Trd, 000010.533, 149
Trd, 000010.833, 147
Trd, 000010.933, 146
Trd, 000011.183, 144
Trd, 000011.667, 142
Trd, 000012.167, 136
Trd, 000013.683, 139
Trd, 000014.483, 139
Trd, 000014.917, 142
Trd, 000015.017, 145
Trd, 000015.233, 152
Trd, 000015.400, 147
Trd, 000015.567, 161
Trd, 000017.167, 153
Trd, 000017.200, 152
Trd, 000017.217, 147
Trd, 000017.250, 154
Trd, 000017.950, 151
Trd, 000018.183, 147
Trd, 000018.883, 153
Trd, 000019.350, 154
Trd, 000019.567, 145
Trd, 000020.167, 144
Trd, 000020.783, 144
Trd, 000020.900, 145
Trd, 000021.933, 144
Trd, 000022.433, 147
Trd, 000022.517, 159
Trd, 000023.300, 154
Trd, 000024.283, 148
Trd, 000024.500, 140
Trd, 000025.000, 145
Trd, 000025.333, 143
Trd, 000025.550, 144
Trd, 000025.983, 143
Trd, 000026.733, 142
Trd, 000027.200, 143
Trd, 000027.550, 147
Trd, 000029.067, 168
Trd, 000030.450, 165
Trd, 000030.567, 168
Trd, 000030.717, 169
Trd, 000031.967, 163
Trd, 000033.067, 170
Trd, 000033.367, 161
Trd, 000034.350, 166
Trd, 000034.483, 165
Trd, 000035.433, 164
Trd, 000036.483, 162
Trd, 000036.500, 152
Trd, 000036.633, 147
Trd, 000037.567, 144
Trd, 000038.000, 158
Trd, 000038.033, 157
Trd, 000038.067, 158
Trd, 000038.967, 158
Trd, 000040.283, 153
Trd, 000040.383, 157
Trd, 000041.000, 160
Trd, 000041.450, 170
Trd, 000043.050, 154
Trd, 000043.133, 153
Trd, 000043.800, 153
Trd, 000044.283, 154
Trd, 000044.500, 154
Trd, 000044.883, 156
Trd, 000046.083, 154
Trd, 000046.367, 153
Trd, 000047.100, 153
Trd, 000047.217, 155
Trd, 000047.883, 162
Trd, 000048.600, 156
Trd, 000049.350, 157
Trd, 000049.783, 150
Trd, 000050.383, 153
Trd, 000050.950, 149
Trd, 000051.183, 146
Trd, 000051.300, 151
Trd, 000051.433, 156
Trd, 000052.433, 155
Trd, 000052.783, 156
Trd, 000052.867, 149
Trd, 000053.733, 153
Trd, 000054.883, 152
Trd, 000055.167, 151
Trd, 000056.617, 150
Trd, 000056.850, 154
Trd, 000057.433, 149
Trd, 000058.083, 150
Trd, 000058.417, 151
Trd, 000058.867, 148
Trd, 000059.717, 152
Trd, 000059.733, 157
Trd, 000059.850, 174
Trd, 000060.183, 171
Trd, 000060.683, 164
Trd, 000061.217, 164
Trd, 000061.433, 170
Trd, 000062.317, 164
Trd, 000062.617, 158
Trd, 000062.967, 150
Trd, 000064.800, 161
Trd, 000065.117, 155
Trd, 000065.533, 149
Trd, 000065.633, 148
Trd, 000065.700, 159
Trd, 000066.383, 148
Trd, 000066.750, 147
Trd, 000067.817, 149
Trd, 000068.850, 148
Trd, 000069.883, 147
Trd, 000070.217, 146
Trd, 000070.400, 146
Trd, 000070.483, 148
Trd, 000070.867, 151
Trd, 000072.517, 158
Trd, 000073.083, 178
Trd, 000073.317, 172
Trd, 000073.567, 166
Trd, 000073.850, 163
Trd, 000074.267, 162
Trd, 000074.683, 160
Trd, 000075.150, 159
Trd, 000075.933, 152
Trd, 000075.967, 149
Trd, 000076.183, 157
Trd, 000077.150, 149
Trd, 000077.883, 149
Trd, 000078.267, 151
Trd, 000078.783, 159
Trd, 000079.250, 147
Trd, 000080.033, 152
Trd, 000080.117, 164
Trd, 000080.217, 165
Trd, 000081.150, 159
Trd, 000081.167, 151
Trd, 000082.050, 166
Trd, 000082.367, 153
Trd, 000082.800, 172
Trd, 000083.083, 174
Trd, 000084.133, 177
Trd, 000084.783, 155
Trd, 000085.000, 151
Trd, 000085.617, 167
Trd, 000085.700, 166
Trd, 000085.850, 159
Trd, 000087.083, 168
Trd, 000087.617, 174
Trd, 000088.967, 168
Trd, 000089.200, 153
Trd, 000089.700, 171
Trd, 000089.867, 172
Trd, 000090.083, 176
Trd, 000090.983, 174
Trd, 000092.183, 172
Trd, 000092.967, 143
Trd, 000093.250, 153
Trd, 000093.700, 169
Trd, 000094.017, 165
Trd, 000095.183, 166
Trd, 000095.333, 164
Trd, 000096.450, 162
Trd, 000096.917, 161
Trd, 000097.217, 154
Trd, 000097.550, 159
Trd, 000097.617, 160
Trd, 000097.750, 160
Trd, 000099.250, 159
Trd, 000100.217, 155
Trd, 000100.933, 156
Trd, 000101.367, 156
Trd, 000101.633, 154
Trd, 000103.417, 156
Trd, 000104.300, 153
Trd, 000104.317, 154
Trd, 000104.400, 151
Trd, 000104.450, 144
Trd, 000105.167, 152
Trd, 000105.300, 153
Trd, 000106.883, 152
Trd, 000106.950, 153
Trd, 000107.083, 154
Trd, 000108.167, 160
Trd, 000108.183, 154
Trd, 000109.083, 179
Trd, 000109.100, 153
Trd, 000109.733, 155
Trd, 000110.300, 152
Trd, 000110.317, 161
Trd, 000111.250, 160
Trd, 000111.700, 155
Trd, 000112.233, 162
Trd, 000112.950, 173
Trd, 000113.883, 161
Trd, 000114.450, 170
Trd, 000114.733, 164
Trd, 000114.783, 152
Trd, 000116.200, 157
Trd, 000116.750, 157
Trd, 000116.800, 158
Trd, 000117.233, 156
Trd, 000118.150, 154
Trd, 000119.117, 156
Trd, 000120.233, 155
Trd, 000120.283, 149
Trd, 000120.817, 160
Trd, 000120.850, 163
Trd, 000121.683, 170
Trd, 000122.050, 182
Trd, 000122.867, 183
Trd, 000122.883, 184
Trd, 000123.233, 156
Trd, 000123.367, 186
Trd, 000123.667, 198
Trd, 000124.250, 223
Trd, 000124.300, 313.0
Trd, 000124.783, 303.0
Trd, 000125.267, 317.0
Trd, 000125.550, 320.0
Trd, 000126.683, 329
Trd, 000126.800, 334.0
Trd, 000129.183, 338.0
Trd, 000129.450, 340.0
Trd, 000129.750, 339
Trd, 000130.767, 339
Trd, 000131.100, 338
Trd, 000131.333, 343.0
Trd, 000131.917, 337.0
Trd, 000133.067, 343.0
Trd, 000133.117, 338.0
Trd, 000134.300, 338.0
Trd, 000134.467, 341
Trd, 000135.250, 337
Trd, 000135.550, 341
Trd, 000136.533, 340
Trd, 000136.917, 337
Trd, 000137.817, 341.0
Trd, 000138.067, 344.0
Trd, 000139.033, 345
Trd, 000139.467, 344.0
Trd, 000140.850, 341.0
Trd, 000140.883, 341
Trd, 000141.583, 343
Trd, 000142.350, 344.0
Trd, 000142.517, 341
Trd, 000143.817, 342
Trd, 000144.383, 344
Trd, 000144.850, 344
Trd, 000145.050, 343
Trd, 000145.217, 341.0
Trd, 000146.100, 344
Trd, 000146.750, 343
Trd, 000146.850, 344
Trd, 000147.350, 346
Trd, 000147.717, 346
Trd, 000149.067, 341
Trd, 000150.300, 342
Trd, 000150.433, 343.0
Trd, 000150.667, 343.0
Trd, 000150.717, 341
Trd, 000151.267, 342.0
Trd, 000151.300, 344.0
Trd, 000153.567, 343.0
Trd, 000154.467, 346
Trd, 000154.667, 342
Trd, 000154.950, 347
Trd, 000155.483, 354
Trd, 000156.233, 355
Trd, 000156.550, 344
Trd, 000157.800, 342
Trd, 000158.567, 349
Trd, 000160.283, 345
Trd, 000161.333, 344
Trd, 000161.783, 343
Trd, 000162.450, 343.0
Trd, 000162.867, 342
Trd, 000163.133, 342
Trd, 000163.150, 341.0
Trd, 000164.933, 340.0
Trd, 000165.183, 337.0
Trd, 000165.933, 338.0
Trd, 000167.017, 340.0
Trd, 000167.883, 337
Trd, 000168.817, 336
Trd, 000169.183, 336
Trd, 000169.583, 337.0
Trd, 000169.750, 341.0
Trd, 000171.483, 338
Trd, 000171.833, 339.0
Trd, 000172.033, 337.0
Trd, 000172.317, 336
Trd, 000172.667, 335
Trd, 000173.133, 340.0
Trd, 000173.550, 341.0
Trd, 000174.333, 341.0
Trd, 000176.217, 340
Trd, 000176.550, 338
Trd, 000176.850, 340.0
Trd, 000177.817, 339.0
Trd, 000177.900, 340.0
Trd, 000178.300, 341.0
Trd, 000178.483, 344.0
Trd, 000179.233, 351
Trd, 000180.517, 343
Trd, 000180.867, 344.0
Trd, 000181.167, 341.0
Trd, 000181.683, 338
Trd, 000182.033, 349
Trd, 000182.217, 334.0
Trd, 000182.333, 327.0
Trd, 000182.467, 317.0
Trd, 000182.633, 343
Trd, 000183.317, 300.0
Trd, 000183.417, 328
Trd, 000183.767, 293
Trd, 000184.300, 218
Trd, 000184.367, 214
Trd, 000184.533, 201
Trd, 000185.433, 184
Trd, 000187.467, 167
Trd, 000187.517, 168
Trd, 000187.833, 168
Trd, 000188.217, 163
Trd, 000188.600, 162
Trd, 000188.683, 163
Trd, 000190.617, 179
Trd, 000191.267, 162
Trd, 000192.917, 168
Trd, 000193.267, 170
Trd, 000193.317, 169
Trd, 000194.817, 166
Trd, 000195.650, 163
Trd, 000195.733, 162
Trd, 000196.917, 161
Trd, 000197.133, 163
Trd, 000197.400, 163
Trd, 000197.800, 163
Trd, 000198.550, 162
Trd, 000198.583, 164
Trd, 000199.133, 161
Trd, 000199.217, 160
Trd, 000199.700, 162
Trd, 000199.867, 164
Trd, 000200.567, 159
Trd, 000201.450, 166
Trd, 000202.033, 161
Trd, 000202.217, 161
Trd, 000203.317, 168
Trd, 000203.783, 170
Trd, 000204.517, 169
Trd, 000205.250, 162
Trd, 000205.967, 162
Trd, 000206.150, 164
Trd, 000206.167, 168
Trd, 000206.300, 169
Trd, 000206.800, 172
Trd, 000208.300, 190
Trd, 000208.433, 178
Trd, 000208.900, 186
Trd, 000210.333, 178
Trd, 000210.483, 176
Trd, 000211.683, 179
Trd, 000212.183, 179
Trd, 000212.567, 181
Trd, 000212.617, 179
Trd, 000213.033, 181
Trd, 000213.733, 179
Trd, 000213.833, 181
Trd, 000213.850, 173
Trd, 000216.383, 176
Trd, 000216.450, 173
Trd, 000216.467, 173
Trd, 000216.667, 174
Trd, 000216.933, 180
Trd, 000217.750, 175
Trd, 000220.117, 170
Trd, 000220.600, 168
Trd, 000220.817, 168
Trd, 000221.517, 170
Trd, 000222.233, 169
Trd, 000222.550, 171
Trd, 000223.000, 165
Trd, 000224.433, 166
Trd, 000224.983, 168
Trd, 000225.050, 166
Trd, 000225.533, 171
Trd, 000225.750, 167
Trd, 000226.533, 172
Trd, 000226.583, 173
Trd, 000227.933, 167
Trd, 000228.017, 166
Trd, 000228.300, 185
Trd, 000229.017, 183
Trd, 000229.150, 167
Trd, 000229.233, 184
Trd, 000229.800, 179
Trd, 000231.217, 168
Trd, 000231.783, 167
Trd, 000232.467, 169
Trd, 000232.733, 166
Trd, 000232.850, 166
Trd, 000233.483, 166
Trd, 000233.767, 167
Trd, 000234.500, 164
Trd, 000236.000, 166
Trd, 000236.183, 166
Trd, 000236.950, 174
Trd, 000237.267, 175
Trd, 000238.383, 190
Trd, 000239.000, 176
Trd, 000239.667, 194
Trd, 000240.250, 191
Trd, 000240.317, 190
Trd, 000240.617, 189
Trd, 000240.750, 189
Trd, 000241.333, 187
Trd, 000241.417, 184
Trd, 000241.717, 187
Trd, 000242.483, 192
Trd, 000242.967, 187
Trd, 000243.150, 189
Trd, 000243.733, 188
Trd, 000244.100, 189
Trd, 000244.333, 188
Trd, 000244.767, 187
Trd, 000245.100, 184
Trd, 000245.117, 182
Trd, 000246.200, 178
Trd, 000246.733, 175
Trd, 000247.200, 179
Trd, 000247.350, 172
Trd, 000247.633, 177
Trd, 000248.033, 178
Trd, 000248.433, 181
Trd, 000248.717, 181
Trd, 000248.767, 190
Trd, 000249.400, 180
Trd, 000250.400, 183
Trd, 000250.733, 181
Trd, 000250.917, 179
Trd, 000251.017, 179
Trd, 000251.767, 181
Trd, 000252.083, 188
Trd, 000252.233, 189
Trd, 000252.383, 173
Trd, 000254.233, 172
Trd, 000254.300, 171
Trd, 000254.367, 173
Trd, 000254.983, 174
Trd, 000255.417, 174
Trd, 000255.733, 175
Trd, 000255.867, 178
Trd, 000256.167, 178
Trd, 000256.850, 168
Trd, 000257.650, 171
Trd, 000258.350, 174
Trd, 000259.017, 174
Trd, 000259.800, 178
Trd, 000259.967, 179
Trd, 000260.350, 180
Trd, 000260.900, 176
Trd, 000260.950, 173
Trd, 000262.033, 175
Trd, 000262.050, 172
Trd, 000262.333, 174
Trd, 000262.650, 175
Trd, 000262.800, 174
Trd, 000263.100, 176
Trd, 000263.783, 171
Trd, 000264.300, 171
Trd, 000264.433, 174
Trd, 000264.617, 176
Trd, 000264.700, 169
Trd, 000264.733, 177
Trd, 000264.933, 181
Trd, 000265.367, 191
Trd, 000266.000, 183
Trd, 000266.533, 187
Trd, 000267.200, 187
Trd, 000268.133, 190
Trd, 000268.683, 184
Trd, 000269.400, 183
Trd, 000269.417, 175
Trd, 000269.933, 183
Trd, 000270.017, 177
Trd, 000270.317, 184
Trd, 000271.083, 180
Trd, 000271.667, 180
Trd, 000272.933, 180
Trd, 000273.100, 175
Trd, 000273.333, 173
Trd, 000274.667, 171
Trd, 000274.850, 170
Trd, 000275.017, 170
Trd, 000275.767, 172
Trd, 000276.333, 174
Trd, 000276.567, 175
Trd, 000277.083, 178
Trd, 000277.117, 174
Trd, 000277.567, 170
Trd, 000277.683, 172
Trd, 000278.567, 179
Trd, 000279.383, 178
Trd, 000279.850, 176
Trd, 000279.883, 181
Trd, 000280.750, 176
Trd, 000280.783, 173
Trd, 000280.917, 174
Trd, 000281.050, 173
Trd, 000281.633, 177
Trd, 000281.867, 171
Trd, 000282.300, 178
Trd, 000283.200, 176
Trd, 000283.450, 183
Trd, 000284.083, 189
Trd, 000284.367, 191
Trd, 000284.633, 185
Trd, 000284.883, 193
Trd, 000285.350, 184
Trd, 000286.083, 183
Trd, 000286.567, 184
Trd, 000286.867, 184
Trd, 000287.700, 183
Trd, 000287.750, 180
Trd, 000288.583, 177
Trd, 000288.633, 172
Trd, 000289.300, 172
Trd, 000289.750, 172
Trd, 000289.867, 171
Trd, 000290.400, 169
Trd, 000290.483, 171
Trd, 000290.717, 171
Trd, 000290.833, 173
Trd, 000291.550, 175
Trd, 000291.650, 164
Trd, 000291.950, 177
Trd, 000292.317, 179
Trd, 000292.583, 180
Trd, 000293.217, 191
Trd, 000293.267, 172
Trd, 000293.817, 179
Trd, 000293.850, 178
Trd, 000294.183, 177
Trd, 000294.500, 190
Trd, 000294.833, 180
Trd, 000295.033, 188
Trd, 000296.383, 185
Trd, 000298.400, 182
Trd, 000298.617, 183
Trd, 000299.250, 181
Trd, 000299.667, 182
