Trd, 000000.933, 137
Trd, 000002.233, 167
Trd, 000002.500, 156
Trd, 000003.267, 169
Trd, 000003.983, 168
Trd, 000004.633, 171
Trd, 000006.033, 160
Trd, 000006.500, 159
Trd, 000006.667, 157
Trd, 000007.333, 165
Trd, 000007.433, 166
Trd, 000007.717, 157
Trd, 000007.800, 156
Trd, 000008.017, 151
Trd, 000009.500, 155
Trd, 000010.050, 154
Trd, 000010.617, 155
Trd, 000011.117, 152
Trd, 000011.483, 152
Trd, 000012.533, 153
Trd, 000014.267, 152
Trd, 000014.550, 155
Trd, 000014.833, 154
Trd, 000014.900, 166
Trd, 000015.083, 154
Trd, 000015.433, 156
Trd, 000015.533, 153
Trd, 000015.817, 176
Trd, 000016.417, 152
Trd, 000016.883, 185
Trd, 000017.150, 184
Trd, 000018.317, 164
Trd, 000018.550, 166
Trd, 000019.150, 165
Trd, 000020.233, 164
Trd, 000020.383, 164
Trd, 000020.600, 165
Trd, 000021.067, 164
Trd, 000022.217, 163
Trd, 000022.467, 158
Trd, 000023.333, 159
Trd, 000024.833, 159
Trd, 000024.850, 159
Trd, 000024.883, 161
Trd, 000025.417, 163
Trd, 000025.550, 162
Trd, 000025.700, 158
Trd, 000025.833, 164
Trd, 000026.817, 158
Trd, 000027.283, 147
Trd, 000027.383, 163
Trd, 000028.600, 165
Trd, 000028.817, 154
Trd, 000028.933, 155
Trd, 000029.083, 155
Trd, 000031.233, 157
Trd, 000031.783, 158
Trd, 000032.417, 155
Trd, 000032.483, 156
Trd, 000033.517, 156
Trd, 000034.017, 155
Trd, 000034.050, 155
Trd, 000034.117, 156
Trd, 000034.600, 156
Trd, 000036.117, 159
Trd, 000036.333, 160
Trd, 000036.650, 159
Trd, 000036.950, 159
Trd, 000037.500, 158
Trd, 000038.367, 156
Trd, 000038.733, 169
Trd, 000039.350, 160
Trd, 000039.633, 177
Trd, 000040.233, 160
Trd, 000040.917, 160
Trd, 000042.950, 160
Trd, 000043.933, 161
Trd, 000044.417, 159
Trd, 000044.433, 160
Trd, 000044.483, 160
Trd, 000044.850, 159
Trd, 000045.067, 158
Trd, 000045.417, 149
Trd, 000045.950, 150
Trd, 000047.250, 150
Trd, 000047.600, 150
Trd, 000047.667, 156
Trd, 000048.383, 152
Trd, 000048.650, 156
Trd, 000050.100, 156
Trd, 000050.433, 155
Trd, 000050.500, 154
Trd, 000051.700, 156
Trd, 000051.717, 160
Trd, 000052.617, 157
Trd, 000053.217, 157
Trd, 000053.500, 154
Trd, 000054.483, 158
Trd, 000054.750, 155
Trd, 000055.150, 162
Trd, 000057.283, 160
Trd, 000057.867, 160
Trd, 000057.917, 160
Trd, 000058.133, 158
Trd, 000058.683, 158
Trd, 000059.300, 159
Trd, 000059.400, 160
Trd, 000059.900, 161
Trd, 000060.033, 157
Trd, 000061.283, 158
Trd, 000061.500, 158
Trd, 000061.567, 157
Trd, 000061.983, 161
Trd, 000063.400, 156
Trd, 000064.950, 159
Trd, 000065.117, 157
Trd, 000065.583, 156
Trd, 000065.933, 156
Trd, 000066.183, 160
Trd, 000066.950, 161
Trd, 000067.500, 161
Trd, 000067.583, 162
Trd, 000069.233, 162
Trd, 000069.733, 161
Trd, 000070.433, 162
Trd, 000070.850, 161
Trd, 000071.183, 162
Trd, 000071.633, 158
Trd, 000072.067, 159
Trd, 000072.150, 172
Trd, 000073.250, 165
Trd, 000074.300, 175
Trd, 000074.767, 169
Trd, 000076.133, 170
Trd, 000076.367, 168
Trd, 000076.483, 170
Trd, 000076.767, 168
Trd, 000076.933, 164
Trd, 000077.083, 169
Trd, 000078.467, 171
Trd, 000078.550, 164
Trd, 000078.717, 163
Trd, 000079.333, 165
Trd, 000079.433, 163
Trd, 000079.533, 150
Trd, 000079.683, 172
Trd, 000080.800, 159
Trd, 000081.917, 158
Trd, 000082.583, 163
Trd, 000083.700, 163
Trd, 000085.083, 162
Trd, 000085.600, 165
Trd, 000085.883, 165
Trd, 000086.050, 172
Trd, 000086.250, 167
Trd, 000086.850, 165
Trd, 000087.133, 170
Trd, 000087.683, 166
Trd, 000088.383, 165
Trd, 000088.833, 168
Trd, 000089.133, 167
Trd, 000090.367, 167
Trd, 000091.400, 165
Trd, 000091.567, 165
Trd, 000092.617, 166
Trd, 000092.717, 168
Trd, 000093.433, 166
Trd, 000093.900, 165
Trd, 000094.100, 167
Trd, 000096.300, 166
Trd, 000096.650, 166
Trd, 000098.283, 167
Trd, 000098.617, 166
Trd, 000098.750, 166
Trd, 000099.250, 165
Trd, 000100.000, 167
Trd, 000100.117, 167
Trd, 000100.433, 166
Trd, 000100.800, 162
Trd, 000100.833, 167
Trd, 000101.333, 162
Trd, 000101.867, 167
Trd, 000102.533, 162
Trd, 000103.233, 162
Trd, 000104.267, 164
Trd, 000104.650, 166
Trd, 000105.533, 172
Trd, 000105.683, 164
Trd, 000106.350, 165
Trd, 000106.517, 165
Trd, 000108.250, 175
Trd, 000108.933, 169
Trd, 000108.983, 168
Trd, 000109.833, 167
Trd, 000111.333, 169
Trd, 000111.567, 168
Trd, 000111.667, 165
Trd, 000111.700, 169
Trd, 000112.317, 166
Trd, 000112.867, 168
Trd, 000113.483, 170
Trd, 000113.700, 170
Trd, 000114.600, 172
Trd, 000115.500, 171
Trd, 000115.900, 169
Trd, 000116.517, 169
Trd, 000116.967, 169
Trd, 000117.967, 172
Trd, 000119.117, 175
Trd, 000119.233, 173
Trd, 000119.483, 177
Trd, 000119.900, 176
Trd, 000120.450, 175
Trd, 000120.533, 170
Trd, 000120.950, 183
Trd, 000121.000, 168
Trd, 000121.450, 184
Trd, 000121.633, 190
Trd, 000121.833, 200
Trd, 000122.433, 186
Trd, 000122.567, 174
Trd, 000122.667, 187
Trd, 000122.683, 201
Trd, 000123.950, 208
Trd, 000124.400, 212
Trd, 000124.433, 306.0
Trd, 000124.567, 311
Trd, 000124.683, 313
Trd, 000125.367, 317.0
Trd, 000125.567, 320.0
Trd, 000126.183, 316.0
Trd, 000126.200, 313.0
Trd, 000126.750, 334.0
Trd, 000127.367, 334.0
Trd, 000128.317, 337.0
Trd, 000129.417, 338
Trd, 000130.767, 348
Trd, 000130.950, 353.0
Trd, 000131.367, 353.0
Trd, 000131.833, 357.0
Trd, 000132.483, 355.0
Trd, 000133.500, 354
Trd, 000133.750, 353
Trd, 000134.700, 358
Trd, 000134.717, 357
Trd, 000135.400, 354
Trd, 000136.283, 354
Trd, 000137.517, 355.0
Trd, 000137.617, 355
Trd, 000138.450, 352
Trd, 000138.617, 351
Trd, 000138.850, 348
Trd, 000139.617, 346
Trd, 000140.683, 353
Trd, 000141.067, 347
Trd, 000143.467, 348
Trd, 000143.717, 347
Trd, 000144.500, 348
Trd, 000144.783, 348
Trd, 000144.833, 343
Trd, 000145.033, 339.0
Trd, 000145.100, 337.0
Trd, 000146.850, 348
Trd, 000147.283, 352
Trd, 000149.200, 345
Trd, 000149.233, 349
Trd, 000149.417, 345
Trd, 000150.117, 346
Trd, 000150.500, 347
Trd, 000150.883, 347
Trd, 000151.300, 348
Trd, 000151.717, 350
Trd, 000151.867, 347
Trd, 000152.817, 353.0
Trd, 000153.083, 355.0
Trd, 000153.667, 346
Trd, 000154.583, 357.0
Trd, 000154.617, 358.0
Trd, 000154.833, 351
Trd, 000155.850, 355
Trd, 000156.083, 357
Trd, 000156.400, 359
Trd, 000157.300, 357
Trd, 000158.133, 357
Trd, 000158.467, 356.0
Trd, 000159.400, 358.0
Trd, 000159.600, 357
Trd, 000159.817, 357
Trd, 000160.550, 356
Trd, 000161.000, 355.0
Trd, 000161.050, 343
Trd, 000161.550, 338
Trd, 000162.033, 344
Trd, 000162.083, 355
Trd, 000163.017, 337.0
Trd, 000163.700, 347
Trd, 000164.717, 345
Trd, 000165.783, 348
Trd, 000166.300, 340
Trd, 000167.100, 340
Trd, 000167.367, 350
Trd, 000168.550, 350
Trd, 000168.683, 348
Trd, 000168.733, 351
Trd, 000168.833, 347
Trd, 000169.883, 355.0
Trd, 000170.683, 350
Trd, 000171.233, 351
Trd, 000171.533, 349
Trd, 000171.800, 350
Trd, 000171.967, 350
Trd, 000172.417, 352
Trd, 000172.617, 351
Trd, 000172.750, 348
Trd, 000173.200, 338.0
Trd, 000174.067, 363
Trd, 000175.800, 347
Trd, 000176.183, 357
Trd, 000176.917, 347
Trd, 000179.400, 355
Trd, 000179.617, 352
Trd, 000179.750, 354
Trd, 000180.550, 355
Trd, 000180.567, 354
Trd, 000180.817, 355.0
Trd, 000181.900, 354
Trd, 000182.067, 355
Trd, 000182.133, 353
Trd, 000182.633, 352
Trd, 000183.183, 343
Trd, 000183.483, 353
Trd, 000183.533, 340
Trd, 000183.867, 339
Trd, 000184.200, 337.0
Trd, 000184.550, 334.0
Trd, 000184.717, 322
Trd, 000184.950, 323
Trd, 000185.200, 190
Trd, 000185.550, 186
Trd, 000185.783, 183
Trd, 000187.200, 190
Trd, 000187.317, 189
Trd, 000188.383, 185
Trd, 000188.917, 181
Trd, 000189.200, 180
Trd, 000190.133, 181
Trd, 000190.217, 176
Trd, 000190.833, 175
Trd, 000190.950, 182
Trd, 000192.033, 180
Trd, 000193.267, 181
Trd, 000193.533, 177
Trd, 000193.567, 175
Trd, 000193.700, 174
Trd, 000194.550, 188
Trd, 000194.617, 187
Trd, 000195.750, 180
Trd, 000196.433, 185
Trd, 000196.833, 188
Trd, 000197.867, 183
Trd, 000198.283, 183
Trd, 000198.817, 182
Trd, 000199.250, 180
Trd, 000199.717, 180
Trd, 000200.133, 180
Trd, 000200.400, 181
Trd, 000200.517, 176
Trd, 000201.050, 178
Trd, 000201.533, 178
Trd, 000201.800, 177
Trd, 000201.983, 175
Trd, 000202.767, 175
Trd, 000202.800, 176
Trd, 000204.300, 175
Trd, 000205.617, 175
Trd, 000205.800, 174
Trd, 000206.483, 173
Trd, 000206.583, 171
Trd, 000206.783, 176
Trd, 000207.317, 161
Trd, 000207.917, 162
Trd, 000208.367, 175
Trd, 000209.250, 174
Trd, 000210.150, 176
Trd, 000210.667, 176
Trd, 000211.167, 179
Trd, 000211.450, 178
Trd, 000211.517, 175
Trd, 000212.133, 175
Trd, 000212.617, 189
Trd, 000213.000, 182
Trd, 000213.633, 178
Trd, 000213.867, 178
Trd, 000214.200, 177
Trd, 000214.683, 176
Trd, 000214.967, 177
Trd, 000216.083, 178
Trd, 000216.250, 178
Trd, 000216.750, 178
Trd, 000217.483, 179
Trd, 000217.750, 177
Trd, 000218.017, 179
Trd, 000219.383, 179
Trd, 000219.950, 179
Trd, 000220.483, 176
Trd, 000221.283, 178
Trd, 000221.600, 179
Trd, 000222.483, 178
Trd, 000223.067, 177
Trd, 000223.233, 177
Trd, 000223.383, 178
Trd, 000224.000, 177
Trd, 000224.367, 178
Trd, 000224.433, 166
Trd, 000224.767, 172
Trd, 000227.083, 174
Trd, 000227.533, 173
Trd, 000227.800, 170
Trd, 000227.967, 166
Trd, 000229.267, 174
Trd, 000229.800, 174
Trd, 000230.000, 174
Trd, 000230.133, 176
Trd, 000230.767, 175
Trd, 000231.333, 177
Trd, 000232.100, 178
Trd, 000232.317, 177
Trd, 000232.333, 173
Trd, 000232.617, 172
Trd, 000233.617, 188
Trd, 000235.450, 183
Trd, 000235.767, 183
Trd, 000236.217, 182
Trd, 000237.217, 180
Trd, 000237.800, 183
Trd, 000238.017, 183
Trd, 000238.433, 182
Trd, 000238.767, 183
Trd, 000239.200, 185
Trd, 000240.067, 184
Trd, 000240.133, 183
Trd, 000240.567, 186
Trd, 000241.233, 185
Trd, 000241.300, 183
Trd, 000241.333, 181
Trd, 000242.350, 183
Trd, 000242.767, 180
Trd, 000242.833, 184
Trd, 000244.350, 182
Trd, 000244.850, 180
Trd, 000245.467, 179
Trd, 000246.050, 182
Trd, 000246.133, 181
Trd, 000246.467, 181
Trd, 000246.483, 182
Trd, 000246.817, 181
Trd, 000246.900, 180
Trd, 000246.933, 179
Trd, 000248.317, 181
Trd, 000248.333, 178
Trd, 000249.183, 178
Trd, 000249.450, 179
Trd, 000250.367, 179
Trd, 000250.450, 178
Trd, 000251.083, 179
Trd, 000251.300, 182
Trd, 000251.450, 176
Trd, 000252.300, 177
Trd, 000252.917, 172
Trd, 000253.067, 174
Trd, 000253.200, 173
Trd, 000253.400, 173
Trd, 000253.767, 174
Trd, 000254.117, 168
Trd, 000254.233, 166
Trd, 000255.100, 173
Trd, 000255.433, 168
Trd, 000255.600, 165
Trd, 000256.267, 172
Trd, 000256.350, 171
Trd, 000256.500, 173
Trd, 000256.817, 168
Trd, 000258.017, 170
Trd, 000258.533, 170
Trd, 000259.300, 172
Trd, 000259.417, 173
Trd, 000259.650, 177
Trd, 000259.900, 174
Trd, 000260.200, 172
Trd, 000260.333, 172
Trd, 000260.617, 171
Trd, 000261.767, 180
Trd, 000262.617, 175
Trd, 000262.717, 176
Trd, 000263.050, 176
Trd, 000264.233, 176
Trd, 000264.417, 175
Trd, 000264.467, 174
Trd, 000264.833, 169
Trd, 000265.567, 170
Trd, 000265.617, 172
Trd, 000265.950, 181
Trd, 000266.033, 177
Trd, 000266.133, 171
Trd, 000268.250, 173
Trd, 000268.400, 172
Trd, 000268.467, 178
Trd, 000269.433, 180
Trd, 000269.567, 179
Trd, 000270.883, 180
Trd, 000270.917, 178
Trd, 000270.933, 181
Trd, 000271.733, 180
Trd, 000272.283, 182
Trd, 000272.800, 181
Trd, 000273.267, 182
Trd, 000273.917, 186
Trd, 000274.000, 183
Trd, 000274.067, 192
Trd, 000275.300, 182
Trd, 000275.433, 186
Trd, 000275.550, 170
Trd, 000276.800, 180
Trd, 000276.917, 177
Trd, 000277.300, 177
Trd, 000277.583, 184
Trd, 000278.150, 176
Trd, 000278.683, 185
Trd, 000279.333, 180
Trd, 000279.533, 182
Trd, 000280.017, 181
Trd, 000281.250, 185
Trd, 000281.367, 184
Trd, 000281.433, 184
Trd, 000281.883, 183
Trd, 000282.817, 185
Trd, 000282.950, 184
Trd, 000282.967, 182
Trd, 000283.467, 180
Trd, 000283.517, 169
Trd, 000283.867, 185
Trd, 000283.933, 190
Trd, 000284.317, 174
Trd, 000284.617, 171
Trd, 000285.033, 184
Trd, 000286.233, 184
Trd, 000286.933, 176
Trd, 000287.100, 184
Trd, 000287.800, 183
Trd, 000289.217, 183
Trd, 000289.300, 179
Trd, 000289.717, 181
Trd, 000290.400, 180
Trd, 000290.567, 179
Trd, 000290.667, 183
Trd, 000290.833, 184
Trd, 000291.900, 185
Trd, 000292.500, 187
Trd, 000292.683, 186
Trd, 000292.983, 184
Trd, 000293.467, 186
Trd, 000293.617, 184
Trd, 000294.017, 173
Trd, 000294.667, 172
Trd, 000294.717, 181
Trd, 000295.000, 171
Trd, 000295.383, 175
Trd, 000296.017, 187
Trd, 000296.950, 173
Trd, 000297.100, 190
Trd, 000297.800, 175
Trd, 000297.950, 174
Trd, 000298.583, 186
Trd, 000298.683, 171
Trd, 000298.883, 174
Trd, 000299.150, 169
Trd, 000299.300, 166
