Trd, 000001.717, 138
Trd, 000002.350, 120
Trd, 000003.067, 122
Trd, 000003.683, 123
Trd, 000003.767, 135
Trd, 000004.133, 122
Trd, 000004.817, 137
Trd, 000005.033, 138
Trd, 000005.667, 141
Trd, 000007.000, 132
Trd, 000007.567, 134
Trd, 000008.100, 140
Trd, 000008.700, 143
Trd, 000010.033, 141
Trd, 000010.133, 140
Trd, 000010.433, 141
Trd, 000010.467, 143
Trd, 000011.350, 144
Trd, 000012.717, 143
Trd, 000013.100, 143
Trd, 000014.000, 145
Trd, 000014.317, 137
Trd, 000014.450, 144
Trd, 000014.867, 145
Trd, 000015.033, 137
Trd, 000015.250, 147
Trd, 000017.983, 145
Trd, 000018.000, 158
Trd, 000018.917, 158
Trd, 000019.183, 159
Trd, 000020.300, 165
Trd, 000020.333, 163
Trd, 000020.850, 165
Trd, 000021.117, 164
Trd, 000021.233, 162
Trd, 000023.367, 152
Trd, 000023.550, 153
Trd, 000023.950, 156
Trd, 000024.017, 153
Trd, 000024.383, 153
Trd, 000024.783, 154
Trd, 000025.033, 152
Trd, 000025.300, 154
Trd, 000025.333, 156
Trd, 000026.383, 154
Trd, 000026.933, 143
Trd, 000028.583, 148
Trd, 000028.900, 145
Trd, 000029.133, 148
Trd, 000029.450, 149
Trd, 000030.283, 146
Trd, 000030.883, 145
Trd, 000031.283, 144
Trd, 000031.400, 151
Trd, 000031.983, 163
Trd, 000033.683, 156
Trd, 000033.883, 150
Trd, 000034.383, 156
Trd, 000034.517, 151
Trd, 000034.667, 150
Trd, 000035.917, 150
Trd, 000036.783, 151
Trd, 000037.150, 148
Trd, 000037.517, 151
Trd, 000037.800, 151
Trd, 000038.717, 151
Trd, 000038.850, 152
Trd, 000039.017, 162
Trd, 000039.167, 152
Trd, 000039.900, 166
Trd, 000040.250, 162
Trd, 000040.317, 152
Trd, 000041.317, 150
Trd, 000042.350, 150
Trd, 000042.450, 151
Trd, 000043.333, 153
Trd, 000043.483, 152
Trd, 000043.800, 152
Trd, 000044.283, 153
Trd, 000044.917, 153
Trd, 000045.500, 153
Trd, 000045.833, 153
Trd, 000046.333, 142
Trd, 000046.800, 162
Trd, 000047.467, 145
Trd, 000047.533, 135
Trd, 000048.050, 154
Trd, 000048.367, 157
Trd, 000049.833, 140
Trd, 000051.900, 156
Trd, 000051.917, 156
Trd, 000051.983, 155
Trd, 000052.650, 153
Trd, 000053.017, 153
Trd, 000053.717, 162
Trd, 000053.817, 142
Trd, 000054.917, 160
Trd, 000055.233, 161
Trd, 000055.267, 160
Trd, 000055.433, 158
Trd, 000056.033, 143
Trd, 000056.517, 158
Trd, 000057.033, 151
Trd, 000059.250, 153
Trd, 000059.400, 154
Trd, 000060.200, 168
Trd, 000060.533, 154
Trd, 000060.867, 153
Trd, 000061.550, 154
Trd, 000061.717, 150
Trd, 000061.967, 163
Trd, 000063.633, 154
Trd, 000063.667, 154
Trd, 000063.950, 152
Trd, 000064.100, 157
Trd, 000064.350, 150
Trd, 000065.067, 148
Trd, 000065.850, 154
Trd, 000066.317, 153
Trd, 000066.433, 152
Trd, 000066.767, 164
Trd, 000066.917, 171
Trd, 000067.783, 157
Trd, 000068.100, 163
Trd, 000068.900, 164
Trd, 000068.967, 164
Trd, 000070.017, 163
Trd, 000070.350, 164
Trd, 000070.567, 163
Trd, 000071.417, 165
Trd, 000072.050, 161
Trd, 000072.817, 160
Trd, 000072.867, 147
Trd, 000073.183, 159
Trd, 000074.033, 160
Trd, 000074.683, 166
Trd, 000075.100, 167
Trd, 000075.217, 163
Trd, 000075.683, 162
Trd, 000076.183, 163
Trd, 000076.383, 166
Trd, 000077.150, 163
Trd, 000077.700, 164
Trd, 000078.167, 155
Trd, 000078.683, 163
Trd, 000079.450, 155
Trd, 000080.683, 156
Trd, 000080.700, 155
Trd, 000080.967, 157
Trd, 000081.567, 149
Trd, 000081.683, 156
Trd, 000083.617, 165
Trd, 000083.900, 170
Trd, 000084.083, 154
Trd, 000085.367, 160
Trd, 000086.033, 161
Trd, 000086.917, 160
Trd, 000087.000, 159
Trd, 000087.500, 160
Trd, 000087.617, 153
Trd, 000087.783, 158
Trd, 000087.917, 148
Trd, 000088.017, 129
Trd, 000088.717, 159
Trd, 000088.917, 146
Trd, 000090.200, 159
Trd, 000090.850, 160
Trd, 000091.517, 171
Trd, 000093.600, 164
Trd, 000094.800, 162
Trd, 000094.950, 163
Trd, 000095.917, 164
Trd, 000096.267, 167
Trd, 000096.367, 171
Trd, 000096.550, 174
Trd, 000096.583, 165
Trd, 000096.633, 164
Trd, 000098.200, 172
Trd, 000098.850, 171
Trd, 000098.867, 169
Trd, 000099.233, 174
Trd, 000099.433, 150
Trd, 000100.133, 172
Trd, 000101.067, 169
Trd, 000102.067, 158
Trd, 000103.217, 153
Trd, 000103.517, 155
Trd, 000103.933, 153
Trd, 000104.100, 155
Trd, 000104.117, 159
Trd, 000104.200, 154
Trd, 000104.300, 150
Trd, 000104.617, 147
Trd, 000105.183, 168
Trd, 000105.883, 139
Trd, 000107.683, 145
Trd, 000108.050, 149
Trd, 000108.200, 152
Trd, 000108.467, 150
Trd, 000108.833, 147
Trd, 000109.517, 152
Trd, 000110.317, 150
Trd, 000110.800, 152
Trd, 000111.017, 152
Trd, 000111.117, 153
Trd, 000111.267, 150
Trd, 000112.050, 155
Trd, 000112.900, 169
Trd, 000113.267, 154
Trd, 000114.883, 161
Trd, 000115.483, 161
Trd, 000115.517, 160
Trd, 000116.183, 161
Trd, 000116.583, 162
Trd, 000118.083, 169
Trd, 000118.917, 166
Trd, 000119.533, 166
Trd, 000119.617, 165
Trd, 000120.233, 151
Trd, 000120.950, 162
Trd, 000121.100, 165
Trd, 000121.117, 167
Trd, 000121.200, 158
Trd, 000121.367, 167
Trd, 000121.683, 170
Trd, 000122.050, 177
Trd, 000122.517, 184
Trd, 000123.050, 191
Trd, 000123.100, 198
Trd, 000123.650, 205
Trd, 000123.917, 212
Trd, 000124.133, 228
Trd, 000124.733, 327.0
Trd, 000125.383, 352
Trd, 000126.017, 306
Trd, 000126.717, 317.0
Trd, 000128.933, 327
Trd, 000128.950, 332
Trd, 000128.983, 326
Trd, 000129.650, 331
Trd, 000130.383, 331
Trd, 000131.467, 333
Trd, 000132.133, 336
Trd, 000132.900, 337
Trd, 000133.750, 339
Trd, 000133.883, 340
Trd, 000134.250, 340
Trd, 000135.133, 342
Trd, 000135.567, 341
Trd, 000135.900, 346
Trd, 000136.067, 342
Trd, 000136.400, 341
Trd, 000136.633, 338
Trd, 000137.950, 343
Trd, 000138.550, 341
Trd, 000138.750, 340
Trd, 000138.833, 339
Trd, 000139.017, 334
Trd, 000139.117, 331
Trd, 000140.500, 335
Trd, 000140.583, 333
Trd, 000140.983, 336
Trd, 000141.200, 344
Trd, 000142.333, 335
Trd, 000142.467, 343
Trd, 000142.617, 361
Trd, 000143.117, 362
Trd, 000143.683, 365.0
Trd, 000144.167, 370.0
Trd, 000144.400, 370
Trd, 000144.617, 369
Trd, 000145.517, 370.0
Trd, 000145.633, 358
Trd, 000146.100, 357
Trd, 000147.317, 361
Trd, 000147.650, 363.0
Trd, 000147.683, 362
Trd, 000148.150, 339
Trd, 000149.200, 351
Trd, 000149.400, 350
Trd, 000150.000, 348
Trd, 000150.117, 357
Trd, 000150.600, 321.0
Trd, 000150.850, 358.0
Trd, 000151.733, 341
Trd, 000151.933, 342
Trd, 000152.183, 346
Trd, 000153.367, 335
Trd, 000153.450, 363
Trd, 000154.150, 334
Trd, 000154.433, 333
Trd, 000155.000, 336
Trd, 000156.167, 351
Trd, 000157.233, 349
Trd, 000157.683, 339
Trd, 000157.983, 358.0
Trd, 000158.500, 337
Trd, 000159.183, 346
Trd, 000159.967, 338
Trd, 000160.750, 339
Trd, 000160.967, 333
Trd, 000161.217, 341
Trd, 000162.150, 333
Trd, 000163.167, 336
Trd, 000163.550, 338
Trd, 000164.083, 335
Trd, 000164.967, 332
Trd, 000165.000, 341
Trd, 000165.317, 342
Trd, 000165.983, 339
Trd, 000166.883, 341
Trd, 000168.433, 340
Trd, 000168.550, 357.0
Trd, 000168.617, 358.0
Trd, 000168.817, 340
Trd, 000169.500, 337
Trd, 000169.800, 337
Trd, 000170.333, 350
Trd, 000170.950, 354
Trd, 000171.100, 340
Trd, 000172.517, 346
Trd, 000172.600, 355
Trd, 000172.633, 341
Trd, 000173.900, 365
Trd, 000174.183, 364.0
Trd, 000174.967, 348
Trd, 000175.017, 357
Trd, 000175.167, 360
Trd, 000175.983, 350
Trd, 000177.717, 350
Trd, 000178.283, 350
Trd, 000178.317, 349
Trd, 000178.550, 348
Trd, 000178.567, 340
Trd, 000178.683, 359
Trd, 000179.800, 340
Trd, 000179.900, 341
Trd, 000180.300, 341
Trd, 000180.800, 339
Trd, 000181.167, 344
Trd, 000181.567, 341
Trd, 000181.800, 348
Trd, 000182.417, 338
Trd, 000182.633, 337
Trd, 000182.883, 320.0
Trd, 000183.267, 337
Trd, 000183.550, 316
Trd, 000183.950, 313
Trd, 000184.367, 305
Trd, 000184.617, 279
Trd, 000184.767, 214
Trd, 000186.067, 211
Trd, 000186.367, 208
Trd, 000186.783, 204
Trd, 000186.900, 195
Trd, 000187.217, 193
Trd, 000187.483, 201
Trd, 000187.683, 192
Trd, 000188.733, 197
Trd, 000189.883, 193
Trd, 000190.017, 194
Trd, 000190.167, 194
Trd, 000190.350, 193
Trd, 000190.617, 187
Trd, 000191.717, 180
Trd, 000191.883, 178
Trd, 000193.000, 179
Trd, 000193.150, 153
Trd, 000194.283, 151
Trd, 000194.533, 184
Trd, 000194.617, 184
Trd, 000195.667, 139
Trd, 000196.950, 162
Trd, 000197.300, 163
Trd, 000198.000, 163
Trd, 000198.500, 175
Trd, 000199.317, 165
Trd, 000199.550, 167
Trd, 000200.233, 167
Trd, 000200.867, 167
Trd, 000200.967, 166
Trd, 000201.583, 168
Trd, 000201.600, 174
Trd, 000202.567, 178
Trd, 000203.050, 182
Trd, 000203.917, 156
Trd, 000204.650, 162
Trd, 000205.350, 160
Trd, 000205.600, 160
Trd, 000205.867, 162
Trd, 000206.217, 161
Trd, 000206.533, 160
Trd, 000206.567, 162
Trd, 000207.633, 162
Trd, 000208.183, 164
Trd, 000208.850, 183
Trd, 000209.350, 174
Trd, 000209.667, 175
Trd, 000211.067, 179
Trd, 000211.417, 180
Trd, 000211.700, 179
Trd, 000211.983, 180
Trd, 000212.117, 179
Trd, 000212.583, 182
Trd, 000212.783, 162
Trd, 000213.567, 172
Trd, 000214.400, 179
Trd, 000215.083, 180
Trd, 000215.317, 172
Trd, 000216.167, 174
Trd, 000216.267, 171
Trd, 000216.983, 177
Trd, 000217.200, 141
Trd, 000218.233, 162
Trd, 000218.783, 166
Trd, 000219.383, 160
Trd, 000219.467, 159
Trd, 000220.233, 159
Trd, 000220.583, 161
Trd, 000222.450, 163
Trd, 000222.517, 160
Trd, 000223.100, 164
Trd, 000223.367, 166
Trd, 000223.800, 184
Trd, 000224.217, 168
Trd, 000224.483, 168
Trd, 000224.700, 167
Trd, 000225.300, 183
Trd, 000226.000, 183
Trd, 000226.467, 181
Trd, 000228.233, 174
Trd, 000228.550, 175
Trd, 000229.133, 177
Trd, 000229.583, 179
Trd, 000229.817, 178
Trd, 000230.050, 183
Trd, 000231.550, 180
Trd, 000231.617, 184
Trd, 000232.083, 181
Trd, 000233.383, 183
Trd, 000233.650, 184
Trd, 000233.867, 185
Trd, 000234.183, 181
Trd, 000234.400, 163
Trd, 000234.567, 185
Trd, 000235.050, 157
Trd, 000235.233, 181
Trd, 000237.833, 175
Trd, 000237.950, 172
Trd, 000238.283, 172
Trd, 000238.667, 173
Trd, 000238.750, 174
Trd, 000238.767, 178
Trd, 000239.950, 174
Trd, 000240.167, 175
Trd, 000240.300, 174
Trd, 000240.450, 173
Trd, 000242.017, 173
Trd, 000242.250, 175
Trd, 000242.283, 174
Trd, 000243.867, 179
Trd, 000244.150, 179
Trd, 000244.283, 178
Trd, 000244.400, 180
Trd, 000244.717, 177
Trd, 000244.983, 176
Trd, 000245.217, 173
Trd, 000245.467, 172
Trd, 000245.900, 162
Trd, 000246.467, 172
Trd, 000246.600, 182
Trd, 000247.000, 186
Trd, 000247.533, 161
Trd, 000247.800, 161
Trd, 000248.783, 170
Trd, 000248.867, 173
Trd, 000249.350, 173
Trd, 000249.850, 174
Trd, 000250.300, 174
Trd, 000250.650, 174
Trd, 000250.750, 173
Trd, 000251.333, 174
Trd, 000251.567, 175
Trd, 000252.017, 175
Trd, 000252.317, 190
Trd, 000254.450, 188
Trd, 000254.533, 187
Trd, 000254.600, 185
Trd, 000254.717, 183
Trd, 000255.050, 165
Trd, 000255.800, 160
Trd, 000256.017, 176
Trd, 000256.067, 174
Trd, 000256.183, 176
Trd, 000257.000, 175
Trd, 000257.200, 178
Trd, 000257.717, 179
Trd, 000258.200, 179
Trd, 000259.200, 187
Trd, 000259.833, 185
Trd, 000260.083, 184
Trd, 000260.333, 184
Trd, 000260.533, 186
Trd, 000261.200, 186
Trd, 000261.600, 185
Trd, 000261.633, 184
Trd, 000261.767, 175
Trd, 000262.133, 189
Trd, 000262.583, 189
Trd, 000263.317, 183
Trd, 000263.483, 166
Trd, 000264.367, 169
Trd, 000264.850, 173
Trd, 000264.950, 177
Trd, 000265.650, 184
Trd, 000265.817, 163
Trd, 000266.317, 180
Trd, 000267.183, 174
Trd, 000267.350, 179
Trd, 000267.400, 177
Trd, 000268.017, 180
Trd, 000268.783, 180
Trd, 000268.967, 181
Trd, 000269.067, 182
Trd, 000269.317, 180
Trd, 000269.383, 183
Trd, 000269.450, 178
Trd, 000270.317, 180
Trd, 000270.567, 178
Trd, 000271.283, 176
Trd, 000271.533, 175
Trd, 000272.100, 178
Trd, 000272.183, 173
Trd, 000272.550, 168
Trd, 000272.567, 167
Trd, 000273.700, 185
Trd, 000274.583, 185
Trd, 000274.733, 185
Trd, 000274.850, 189
Trd, 000275.750, 186
Trd, 000276.017, 177
Trd, 000276.467, 179
Trd, 000276.717, 181
Trd, 000277.150, 176
Trd, 000277.167, 185
Trd, 000277.383, 181
Trd, 000277.800, 176
Trd, 000278.167, 177
Trd, 000278.767, 179
Trd, 000278.817, 184
Trd, 000278.933, 178
Trd, 000279.650, 191
Trd, 000279.883, 187
Trd, 000279.950, 186
Trd, 000280.817, 186
Trd, 000280.900, 184
Trd, 000282.450, 178
Trd, 000282.667, 177
Trd, 000283.083, 177
Trd, 000283.317, 179
Trd, 000283.600, 178
Trd, 000283.883, 177
Trd, 000284.733, 189
Trd, 000285.150, 186
Trd, 000285.567, 176
Trd, 000285.717, 159
Trd, 000286.817, 167
Trd, 000286.917, 173
Trd, 000286.983, 183
Trd, 000287.067, 184
Trd, 000287.133, 177
Trd, 000288.150, 181
Trd, 000288.483, 186
Trd, 000288.917, 186
Trd, 000289.067, 186
Trd, 000289.100, 185
Trd, 000289.783, 165
Trd, 000290.033, 169
Trd, 000290.267, 162
Trd, 000290.383, 172
Trd, 000291.217, 164
Trd, 000291.267, 170
Trd, 000292.650, 167
Trd, 000292.750, 170
Trd, 000293.867, 170
Trd, 000293.983, 168
Trd, 000294.883, 171
Trd, 000295.017, 172
Trd, 000295.033, 173
Trd, 000295.183, 169
Trd, 000295.217, 180
Trd, 000295.450, 179
Trd, 000295.683, 187
Trd, 000296.667, 170
Trd, 000297.033, 188
Trd, 000297.100, 189
Trd, 000297.383, 174
Trd, 000298.200, 169
Trd, 000298.783, 172
Trd, 000299.967, 174
