Trd, 000001.950, 177
Trd, 000002.067, 175
Trd, 000003.500, 164
Trd, 000004.683, 169
Trd, 000004.733, 162
Trd, 000004.917, 179
Trd, 000005.983, 158
Trd, 000006.433, 163
Trd, 000006.617, 155
Trd, 000007.733, 148
Trd, 000008.033, 159
Trd, 000009.567, 160
Trd, 000009.967, 161
Trd, 000010.683, 163
Trd, 000011.250, 163
Trd, 000012.783, 163
Trd, 000013.267, 162
Trd, 000013.350, 163
Trd, 000013.533, 161
Trd, 000013.617, 159
Trd, 000014.933, 147
Trd, 000015.033, 160
Trd, 000015.650, 156
Trd, 000016.583, 158
Trd, 000016.817, 149
Trd, 000018.150, 157
Trd, 000019.417, 154
Trd, 000019.583, 155
Trd, 000019.883, 153
Trd, 000020.100, 156
Trd, 000020.317, 151
Trd, 000021.717, 158
Trd, 000021.983, 150
Trd, 000023.350, 153
Trd, 000024.117, 151
Trd, 000024.317, 152
Trd, 000024.583, 154
Trd, 000025.850, 153
Trd, 000026.350, 157
Trd, 000026.683, 155
Trd, 000026.700, 154
Trd, 000027.333, 156
Trd, 000027.783, 156
Trd, 000028.883, 153
Trd, 000029.000, 150
Trd, 000029.617, 165
Trd, 000030.100, 149
Trd, 000030.500, 162
Trd, 000031.050, 161
Trd, 000031.133, 158
Trd, 000031.917, 160
Trd, 000033.800, 162
Trd, 000034.200, 163
Trd, 000034.417, 164
Trd, 000035.600, 162
Trd, 000038.200, 164
Trd, 000038.400, 163
Trd, 000038.433, 164
Trd, 000038.983, 163
Trd, 000039.167, 165
Trd, 000040.017, 164
Trd, 000040.417, 164
Trd, 000040.783, 162
Trd, 000042.117, 164
Trd, 000042.850, 163
Trd, 000044.267, 162
Trd, 000044.433, 159
Trd, 000044.950, 162
Trd, 000045.200, 162
Trd, 000046.600, 162
Trd, 000047.083, 163
Trd, 000048.717, 167
Trd, 000048.833, 163
Trd, 000048.883, 162
Trd, 000050.800, 163
Trd, 000051.700, 158
Trd, 000052.133, 162
Trd, 000052.483, 162
Trd, 000052.550, 164
Trd, 000053.250, 161
Trd, 000054.633, 164
Trd, 000055.033, 165
Trd, 000055.133, 161
Trd, 000056.233, 160
Trd, 000056.667, 166
Trd, 000058.067, 158
Trd, 000058.900, 161
Trd, 000059.550, 161
Trd, 000060.033, 161
Trd, 000060.483, 160
Trd, 000060.967, 162
Trd, 000062.050, 168
Trd, 000062.467, 163
Trd, 000063.050, 162
Trd, 000063.100, 170
Trd, 000063.350, 161
Trd, 000063.750, 170
Trd, 000065.833, 166
Trd, 000066.000, 169
Trd, 000068.000, 164
Trd, 000068.150, 165
Trd, 000068.200, 167
Trd, 000068.350, 168
Trd, 000068.967, 170
Trd, 000070.317, 164
Trd, 000071.017, 166
Trd, 000071.733, 168
Trd, 000072.350, 168
Trd, 000072.900, 168
Trd, 000073.583, 167
Trd, 000073.983, 165
Trd, 000074.583, 167
Trd, 000074.817, 168
Trd, 000075.217, 168
Trd, 000075.317, 167
Trd, 000075.533, 165
Trd, 000075.550, 169
Trd, 000076.717, 165
Trd, 000077.267, 164
Trd, 000077.483, 163
Trd, 000077.617, 155
Trd, 000078.767, 161
Trd, 000079.800, 165
Trd, 000080.900, 164
Trd, 000081.783, 165
Trd, 000081.850, 166
Trd, 000082.250, 166
Trd, 000082.400, 170
Trd, 000082.933, 166
Trd, 000084.050, 167
Trd, 000084.483, 173
Trd, 000084.583, 187
Trd, 000086.033, 170
Trd, 000086.250, 169
Trd, 000086.717, 167
Trd, 000086.767, 171
Trd, 000087.233, 171
Trd, 000088.650, 169
Trd, 000088.950, 170
Trd, 000089.183, 169
Trd, 000090.483, 169
Trd, 000090.983, 168
Trd, 000091.167, 164
Trd, 000092.067, 169
Trd, 000092.317, 165
Trd, 000092.683, 166
Trd, 000093.017, 170
Trd, 000093.350, 168
Trd, 000094.633, 165
Trd, 000094.867, 165
Trd, 000095.067, 164
Trd, 000095.283, 165
Trd, 000096.783, 167
Trd, 000098.150, 163
Trd, 000098.750, 168
Trd, 000099.767, 165
Trd, 000100.167, 164
Trd, 000100.700, 166
Trd, 000100.750, 167
Trd, 000101.067, 166
Trd, 000101.417, 169
Trd, 000102.117, 163
Trd, 000103.650, 171
Trd, 000104.250, 170
Trd, 000104.367, 171
Trd, 000104.767, 168
Trd, 000104.950, 168
Trd, 000106.183, 169
Trd, 000106.300, 157
Trd, 000107.700, 167
Trd, 000108.117, 167
Trd, 000108.283, 171
Trd, 000108.450, 172
Trd, 000109.317, 175
Trd, 000109.833, 174
Trd, 000110.533, 172
Trd, 000111.350, 174
Trd, 000111.767, 174
Trd, 000111.917, 172
Trd, 000112.100, 166
Trd, 000112.500, 176
Trd, 000112.867, 179
Trd, 000113.517, 158
Trd, 000114.167, 175
Trd, 000114.500, 176
Trd, 000116.700, 173
Trd, 000116.783, 170
Trd, 000117.517, 170
Trd, 000117.617, 175
Trd, 000118.267, 167
Trd, 000119.100, 167
Trd, 000120.917, 173
Trd, 000121.867, 170
Trd, 000122.400, 170
Trd, 000122.417, 171
Trd, 000122.500, 172
Trd, 000123.200, 171
Trd, 000123.417, 174
Trd, 000123.500, 177
Trd, 000123.583, 206
Trd, 000123.750, 212
Trd, 000124.667, 211
Trd, 000125.433, 326.0
Trd, 000126.017, 325.0
Trd, 000126.267, 327.0
Trd, 000126.417, 344.0
Trd, 000126.700, 360.0
Trd, 000127.117, 360.0
Trd, 000127.367, 358.0
Trd, 000127.917, 355.0
Trd, 000129.333, 360.0
Trd, 000129.583, 366
Trd, 000130.800, 355
Trd, 000131.633, 355
Trd, 000132.017, 354
Trd, 000132.617, 359
Trd, 000133.583, 357
Trd, 000134.000, 360
Trd, 000134.233, 361
Trd, 000134.583, 358
Trd, 000134.717, 357
Trd, 000135.583, 357
Trd, 000136.200, 357.0
Trd, 000136.250, 345.0
Trd, 000137.500, 358.0
Trd, 000137.550, 355.0
Trd, 000137.783, 358
Trd, 000137.850, 344.0
Trd, 000140.800, 347
Trd, 000141.517, 352
Trd, 000141.617, 354
Trd, 000142.467, 350
Trd, 000142.500, 354
Trd, 000142.850, 353
Trd, 000143.200, 347
Trd, 000144.117, 350
Trd, 000144.433, 344.0
Trd, 000144.867, 350
Trd, 000145.250, 345
Trd, 000145.867, 350
Trd, 000146.150, 351
Trd, 000146.367, 343.0
Trd, 000147.917, 345
Trd, 000147.950, 343
Trd, 000149.500, 347
Trd, 000149.617, 355
Trd, 000150.317, 343
Trd, 000150.733, 355
Trd, 000151.583, 353
Trd, 000152.017, 355
Trd, 000152.650, 355
Trd, 000153.817, 346
Trd, 000154.333, 346
Trd, 000155.117, 347
Trd, 000155.233, 352
Trd, 000156.133, 351
Trd, 000156.217, 344.0
Trd, 000157.967, 349
Trd, 000159.067, 345
Trd, 000159.333, 347
Trd, 000159.583, 344
Trd, 000160.117, 344.0
Trd, 000160.467, 345
Trd, 000160.533, 347
Trd, 000161.150, 342
Trd, 000161.450, 348
Trd, 000162.017, 343
Trd, 000163.050, 340
Trd, 000163.400, 339
Trd, 000163.967, 344.0
Trd, 000164.050, 346
Trd, 000164.300, 348
Trd, 000165.983, 355
Trd, 000166.350, 364
Trd, 000167.967, 349
Trd, 000168.650, 359
Trd, 000169.033, 362
Trd, 000169.317, 358.0
Trd, 000169.817, 362
Trd, 000170.417, 357
Trd, 000170.933, 355
Trd, 000171.367, 359
Trd, 000172.000, 357
Trd, 000173.517, 357.0
Trd, 000174.033, 355.0
Trd, 000175.567, 350
Trd, 000175.667, 352
Trd, 000176.117, 352
Trd, 000176.300, 355.0
Trd, 000178.300, 353
Trd, 000178.433, 354
Trd, 000178.600, 351
Trd, 000178.650, 348
Trd, 000179.333, 355
Trd, 000179.800, 362.0
Trd, 000179.833, 346
Trd, 000180.367, 345
Trd, 000180.950, 364
Trd, 000181.983, 347
Trd, 000182.083, 346
Trd, 000182.117, 341.0
Trd, 000182.250, 337.0
Trd, 000182.267, 334.0
Trd, 000182.883, 331.0
Trd, 000183.017, 326
Trd, 000183.083, 297
Trd, 000184.150, 276
Trd, 000184.983, 207
Trd, 000185.783, 205
Trd, 000186.517, 195
Trd, 000187.950, 193
Trd, 000188.200, 189
Trd, 000189.000, 187
Trd, 000190.267, 180
Trd, 000190.683, 185
Trd, 000190.750, 174
Trd, 000192.783, 178
Trd, 000193.033, 177
Trd, 000193.333, 180
Trd, 000194.317, 176
Trd, 000194.733, 166
Trd, 000195.000, 165
Trd, 000195.233, 166
Trd, 000195.317, 167
Trd, 000195.750, 168
Trd, 000196.350, 179
Trd, 000196.933, 184
Trd, 000198.567, 178
Trd, 000198.700, 177
Trd, 000198.767, 175
Trd, 000199.317, 172
Trd, 000200.133, 172
Trd, 000200.433, 177
Trd, 000201.017, 175
Trd, 000202.467, 175
Trd, 000202.533, 176
Trd, 000202.583, 175
Trd, 000202.933, 173
Trd, 000203.033, 182
Trd, 000203.867, 170
Trd, 000203.933, 173
Trd, 000204.933, 175
Trd, 000205.350, 170
Trd, 000205.983, 171
Trd, 000206.467, 172
Trd, 000206.533, 173
Trd, 000206.933, 169
Trd, 000207.183, 175
Trd, 000207.733, 170
Trd, 000209.033, 175
Trd, 000209.100, 176
Trd, 000210.067, 179
Trd, 000211.317, 174
Trd, 000211.500, 174
Trd, 000211.783, 175
Trd, 000212.583, 177
Trd, 000213.217, 173
Trd, 000213.983, 178
Trd, 000214.867, 183
Trd, 000215.400, 176
Trd, 000216.167, 181
Trd, 000217.700, 178
Trd, 000219.717, 176
Trd, 000220.017, 177
Trd, 000220.700, 175
Trd, 000221.033, 169
Trd, 000221.500, 175
Trd, 000222.350, 179
Trd, 000222.683, 184
Trd, 000223.650, 180
Trd, 000225.383, 182
Trd, 000225.683, 180
Trd, 000226.300, 179
Trd, 000227.167, 180
Trd, 000227.433, 180
Trd, 000227.967, 178
Trd, 000228.300, 178
Trd, 000228.967, 185
Trd, 000229.367, 184
Trd, 000230.417, 182
Trd, 000230.783, 182
Trd, 000230.850, 181
Trd, 000230.983, 178
Trd, 000231.517, 188
Trd, 000232.867, 183
Trd, 000233.167, 183
Trd, 000234.100, 183
Trd, 000234.367, 182
Trd, 000235.067, 181
Trd, 000235.500, 180
Trd, 000235.800, 183
Trd, 000236.683, 185
Trd, 000236.700, 188
Trd, 000236.717, 198
Trd, 000238.050, 181
Trd, 000239.817, 180
Trd, 000240.400, 177
Trd, 000240.633, 178
Trd, 000240.867, 177
Trd, 000241.017, 176
Trd, 000241.250, 176
Trd, 000241.267, 178
Trd, 000241.583, 177
Trd, 000241.767, 179
Trd, 000242.133, 175
Trd, 000242.733, 179
Trd, 000243.067, 173
Trd, 000243.367, 176
Trd, 000243.467, 179
Trd, 000244.083, 189
Trd, 000244.983, 187
Trd, 000246.817, 185
Trd, 000247.317, 188
Trd, 000247.583, 185
Trd, 000247.733, 189
Trd, 000248.183, 183
Trd, 000248.667, 182
Trd, 000249.400, 181
Trd, 000249.450, 180
Trd, 000250.117, 177
Trd, 000250.667, 179
Trd, 000250.850, 182
Trd, 000251.100, 183
Trd, 000251.233, 179
Trd, 000251.450, 176
Trd, 000251.933, 182
Trd, 000252.333, 180
Trd, 000253.183, 177
Trd, 000253.367, 180
Trd, 000253.517, 183
Trd, 000254.600, 184
Trd, 000254.783, 190
Trd, 000254.883, 186
Trd, 000255.583, 188
Trd, 000256.600, 187
Trd, 000256.833, 186
Trd, 000257.233, 184
Trd, 000257.300, 184
Trd, 000257.933, 176
Trd, 000258.767, 175
Trd, 000258.983, 170
Trd, 000259.517, 176
Trd, 000259.583, 177
Trd, 000260.167, 174
Trd, 000260.967, 177
Trd, 000261.050, 177
Trd, 000261.417, 173
Trd, 000262.383, 191
Trd, 000262.717, 191
Trd, 000263.183, 189
Trd, 000263.633, 188
Trd, 000264.067, 191
Trd, 000264.467, 185
Trd, 000264.867, 192
Trd, 000265.367, 189
Trd, 000265.600, 184
Trd, 000265.783, 181
Trd, 000266.667, 183
Trd, 000266.817, 188
Trd, 000267.950, 190
Trd, 000268.133, 183
Trd, 000268.800, 189
Trd, 000269.433, 177
Trd, 000269.600, 179
Trd, 000269.833, 175
Trd, 000269.950, 180
Trd, 000270.383, 183
Trd, 000271.217, 184
Trd, 000271.750, 182
Trd, 000271.933, 184
Trd, 000272.033, 182
Trd, 000272.167, 174
Trd, 000272.417, 177
Trd, 000272.550, 190
Trd, 000273.233, 168
Trd, 000273.550, 172
Trd, 000273.750, 177
Trd, 000273.950, 177
Trd, 000275.217, 177
Trd, 000275.467, 177
Trd, 000276.200, 185
Trd, 000276.450, 189
Trd, 000277.067, 192
Trd, 000277.667, 190
Trd, 000277.733, 186
Trd, 000278.900, 182
Trd, 000279.400, 187
Trd, 000279.650, 180
Trd, 000279.700, 175
Trd, 000280.817, 179
Trd, 000281.100, 175
Trd, 000281.250, 179
Trd, 000281.817, 192
Trd, 000282.100, 184
Trd, 000282.417, 191
Trd, 000282.500, 185
Trd, 000282.583, 184
Trd, 000283.283, 183
Trd, 000283.300, 190
Trd, 000283.983, 191
Trd, 000284.100, 190
Trd, 000284.350, 190
Trd, 000284.367, 189
Trd, 000284.583, 191
Trd, 000284.817, 182
Trd, 000285.100, 192
Trd, 000285.683, 196
Trd, 000285.917, 186
Trd, 000286.483, 195
Trd, 000286.650, 185
Trd, 000286.883, 180
Trd, 000287.667, 185
Trd, 000287.733, 193
Trd, 000290.267, 186
Trd, 000290.350, 190
Trd, 000290.700, 189
Trd, 000290.850, 188
Trd, 000290.983, 193
Trd, 000291.217, 187
Trd, 000291.717, 186
Trd, 000291.800, 184
Trd, 000292.083, 192
Trd, 000292.117, 180
Trd, 000292.383, 193
Trd, 000293.317, 184
Trd, 000293.467, 185
Trd, 000294.017, 187
Trd, 000294.467, 176
Trd, 000295.083, 194
Trd, 000295.167, 174
Trd, 000295.533, 183
Trd, 000296.083, 185
Trd, 000296.250, 186
Trd, 000296.767, 186
Trd, 000296.867, 184
Trd, 000297.533, 186
Trd, 000297.600, 180
Trd, 000297.650, 178
Trd, 000297.850, 173
Trd, 000298.017, 185
Trd, 000299.083, 174
Trd, 000299.950, 176
