Trd, 000001.250, 155
Trd, 000003.400, 153
Trd, 000003.617, 174
Trd, 000004.500, 153
Trd, 000004.683, 154
Trd, 000005.050, 149
Trd, 000005.200, 154
Trd, 000005.917, 164
Trd, 000006.567, 153
Trd, 000006.967, 157
Trd, 000007.050, 153
Trd, 000007.217, 153
Trd, 000007.533, 152
Trd, 000007.667, 156
Trd, 000008.017, 152
Trd, 000008.200, 156
Trd, 000009.150, 152
Trd, 000009.900, 152
Trd, 000010.317, 153
Trd, 000010.933, 151
Trd, 000011.283, 151
Trd, 000012.417, 152
Trd, 000012.550, 152
Trd, 000012.883, 150
Trd, 000013.417, 149
Trd, 000013.767, 151
Trd, 000013.917, 149
Trd, 000013.933, 153
Trd, 000014.283, 148
Trd, 000015.267, 153
Trd, 000015.467, 159
Trd, 000015.833, 158
Trd, 000016.083, 154
Trd, 000016.233, 161
Trd, 000016.367, 169
Trd, 000017.833, 179
Trd, 000018.017, 165
Trd, 000018.317, 170
Trd, 000018.700, 167
Trd, 000018.900, 162
Trd, 000020.000, 159
Trd, 000021.400, 163
Trd, 000021.633, 163
Trd, 000022.433, 163
Trd, 000022.483, 159
Trd, 000022.817, 157
Trd, 000023.300, 160
Trd, 000023.650, 153
Trd, 000024.017, 159
Trd, 000024.133, 157
Trd, 000024.250, 170
Trd, 000024.533, 144
Trd, 000024.900, 144
Trd, 000026.250, 150
Trd, 000027.033, 150
Trd, 000028.217, 153
Trd, 000028.500, 153
Trd, 000028.683, 160
Trd, 000028.917, 153
Trd, 000029.000, 161
Trd, 000029.150, 161
Trd, 000030.350, 154
Trd, 000030.817, 161
Trd, 000032.100, 161
Trd, 000032.633, 160
Trd, 000033.067, 158
Trd, 000033.800, 160
Trd, 000034.317, 159
Trd, 000035.400, 156
Trd, 000035.500, 157
Trd, 000036.250, 155
Trd, 000037.000, 155
Trd, 000037.150, 156
Trd, 000037.333, 157
Trd, 000037.500, 158
Trd, 000038.133, 158
Trd, 000038.233, 155
Trd, 000038.800, 155
Trd, 000039.067, 155
Trd, 000039.450, 160
Trd, 000040.583, 161
Trd, 000040.633, 154
Trd, 000043.517, 155
Trd, 000043.583, 159
Trd, 000044.000, 157
Trd, 000044.300, 156
Trd, 000044.417, 155
Trd, 000044.567, 154
Trd, 000044.867, 157
Trd, 000045.050, 159
Trd, 000045.233, 152
Trd, 000045.700, 159
Trd, 000046.767, 160
Trd, 000047.100, 162
Trd, 000047.267, 156
Trd, 000047.850, 155
Trd, 000048.067, 147
Trd, 000048.767, 158
Trd, 000049.083, 155
Trd, 000049.500, 159
Trd, 000049.917, 156
Trd, 000050.033, 157
Trd, 000050.067, 161
Trd, 000051.717, 171
Trd, 000052.267, 162
Trd, 000053.367, 160
Trd, 000053.750, 163
Trd, 000054.217, 161
Trd, 000055.283, 160
Trd, 000055.450, 162
Trd, 000056.183, 162
Trd, 000056.450, 161
Trd, 000056.650, 162
Trd, 000057.600, 160
Trd, 000057.817, 148
Trd, 000058.850, 152
Trd, 000059.350, 153
Trd, 000059.933, 152
Trd, 000060.450, 162
Trd, 000060.617, 162
Trd, 000060.800, 161
Trd, 000061.000, 164
Trd, 000061.317, 166
Trd, 000061.850, 172
Trd, 000062.417, 162
Trd, 000063.483, 160
Trd, 000064.633, 160
Trd, 000064.883, 159
Trd, 000065.350, 159
Trd, 000065.517, 164
Trd, 000066.300, 174
Trd, 000067.000, 160
Trd, 000067.167, 149
Trd, 000067.233, 148
Trd, 000067.733, 153
Trd, 000069.033, 152
Trd, 000069.250, 150
Trd, 000069.367, 152
Trd, 000069.433, 154
Trd, 000069.767, 158
Trd, 000070.133, 165
Trd, 000070.217, 152
Trd, 000070.467, 175
Trd, 000070.667, 174
Trd, 000071.883, 171
Trd, 000072.267, 151
Trd, 000072.833, 165
Trd, 000073.450, 164
Trd, 000073.983, 163
Trd, 000074.183, 162
Trd, 000074.333, 164
Trd, 000075.050, 148
Trd, 000075.217, 158
Trd, 000075.600, 157
Trd, 000075.667, 165
Trd, 000076.700, 158
Trd, 000076.800, 158
Trd, 000077.250, 157
Trd, 000078.717, 157
Trd, 000079.600, 156
Trd, 000080.067, 157
Trd, 000080.383, 159
Trd, 000081.033, 156
Trd, 000081.333, 158
Trd, 000081.383, 155
Trd, 000082.333, 154
Trd, 000082.683, 158
Trd, 000083.067, 157
Trd, 000083.650, 159
Trd, 000083.700, 156
Trd, 000084.083, 160
Trd, 000084.733, 158
Trd, 000085.300, 156
Trd, 000085.817, 159
Trd, 000086.267, 161
Trd, 000087.050, 166
Trd, 000087.367, 166
Trd, 000088.850, 160
Trd, 000088.950, 156
Trd, 000089.583, 157
Trd, 000090.900, 158
Trd, 000091.717, 158
Trd, 000092.000, 159
Trd, 000093.083, 159
Trd, 000093.250, 161
Trd, 000093.450, 162
Trd, 000093.750, 160
Trd, 000093.800, 159
Trd, 000093.933, 166
Trd, 000094.783, 160
Trd, 000095.367, 163
Trd, 000095.683, 160
Trd, 000096.300, 164
Trd, 000096.350, 162
Trd, 000097.217, 165
Trd, 000097.383, 162
Trd, 000098.067, 161
Trd, 000098.617, 161
Trd, 000098.817, 151
Trd, 000099.200, 160
Trd, 000100.217, 145
Trd, 000101.050, 150
Trd, 000101.117, 154
Trd, 000101.933, 153
Trd, 000102.183, 153
Trd, 000102.367, 154
Trd, 000103.100, 154
Trd, 000103.200, 154
Trd, 000103.333, 153
Trd, 000104.200, 152
Trd, 000104.250, 151
Trd, 000104.417, 154
Trd, 000106.233, 152
Trd, 000106.417, 155
Trd, 000106.967, 155
Trd, 000107.017, 161
Trd, 000107.983, 160
Trd, 000108.300, 160
Trd, 000108.617, 159
Trd, 000109.417, 160
Trd, 000110.400, 162
Trd, 000110.617, 168
Trd, 000110.800, 161
Trd, 000110.983, 169
Trd, 000111.083, 169
Trd, 000111.933, 166
Trd, 000112.117, 167
Trd, 000112.483, 166
Trd, 000112.800, 169
Trd, 000113.100, 168
Trd, 000113.283, 167
Trd, 000113.450, 163
Trd, 000115.800, 164
Trd, 000116.100, 162
Trd, 000116.317, 165
Trd, 000117.383, 163
Trd, 000117.683, 161
Trd, 000117.800, 159
Trd, 000118.433, 160
Trd, 000119.017, 161
Trd, 000119.650, 162
Trd, 000120.633, 163
Trd, 000120.917, 163
Trd, 000120.950, 164
Trd, 000121.433, 162
Trd, 000121.633, 170
Trd, 000123.117, 168
Trd, 000123.750, 168
Trd, 000123.817, 201
Trd, 000125.450, 300.0
Trd, 000125.600, 234
Trd, 000125.667, 310.0
Trd, 000125.800, 331.0
Trd, 000125.850, 334.0
Trd, 000126.533, 337
Trd, 000127.217, 351.0
Trd, 000127.333, 341
Trd, 000127.833, 358.0
Trd, 000127.917, 344
Trd, 000128.050, 341
Trd, 000129.400, 349.0
Trd, 000129.433, 341
Trd, 000130.267, 350.0
Trd, 000130.750, 350
Trd, 000131.550, 350
Trd, 000131.817, 348
Trd, 000132.550, 349
Trd, 000133.767, 349.0
Trd, 000133.900, 345
Trd, 000134.550, 345
Trd, 000135.100, 351.0
Trd, 000135.250, 342
Trd, 000136.000, 348
Trd, 000136.100, 342
Trd, 000136.333, 341.0
Trd, 000136.717, 344
Trd, 000137.133, 341
Trd, 000137.800, 343
Trd, 000138.850, 343
Trd, 000139.083, 338
Trd, 000139.667, 341
Trd, 000140.633, 342
Trd, 000140.950, 338
Trd, 000141.683, 342
Trd, 000141.850, 341.0
Trd, 000141.950, 343
Trd, 000142.183, 337
Trd, 000142.450, 335
Trd, 000143.050, 342
Trd, 000143.850, 344
Trd, 000144.833, 343
Trd, 000145.583, 345
Trd, 000145.617, 342.0
Trd, 000146.717, 342.0
Trd, 000146.900, 343
Trd, 000146.950, 341
Trd, 000147.250, 341.0
Trd, 000147.333, 342
Trd, 000149.550, 340
Trd, 000150.167, 341
Trd, 000150.500, 348
Trd, 000150.933, 350
Trd, 000151.583, 341
Trd, 000152.117, 347.0
Trd, 000152.517, 348
Trd, 000153.250, 339
Trd, 000154.800, 347
Trd, 000155.917, 347.0
Trd, 000156.417, 346.0
Trd, 000156.517, 345.0
Trd, 000157.300, 349
Trd, 000158.333, 347
Trd, 000159.000, 347
Trd, 000159.483, 346
Trd, 000160.850, 346
Trd, 000161.233, 346.0
Trd, 000161.367, 351.0
Trd, 000161.700, 353
Trd, 000162.067, 354
Trd, 000162.400, 358.0
Trd, 000162.600, 348
Trd, 000163.217, 350
Trd, 000163.533, 346
Trd, 000164.250, 345
Trd, 000165.433, 345
Trd, 000165.500, 346
Trd, 000166.067, 343
Trd, 000166.317, 346
Trd, 000166.917, 341.0
Trd, 000167.783, 345
Trd, 000168.750, 349.0
Trd, 000168.883, 348
Trd, 000169.033, 346
Trd, 000169.917, 347
Trd, 000170.317, 351.0
Trd, 000170.583, 352
Trd, 000170.683, 345
Trd, 000172.967, 348
Trd, 000173.150, 345
Trd, 000173.367, 341
Trd, 000174.067, 341.0
Trd, 000174.217, 342
Trd, 000174.883, 341
Trd, 000175.650, 341
Trd, 000176.133, 343
Trd, 000176.600, 343
Trd, 000176.750, 346
Trd, 000176.983, 347
Trd, 000177.050, 349
Trd, 000177.317, 351.0
Trd, 000177.333, 339
Trd, 000178.767, 355.0
Trd, 000179.100, 357.0
Trd, 000179.267, 358.0
Trd, 000180.067, 357
Trd, 000181.433, 357
Trd, 000182.533, 352
Trd, 000183.117, 351.0
Trd, 000183.167, 352
Trd, 000183.617, 327.0
Trd, 000183.633, 323
Trd, 000183.717, 304
Trd, 000184.133, 214
Trd, 000184.483, 353
Trd, 000184.800, 207
Trd, 000186.150, 193
Trd, 000186.233, 183
Trd, 000186.783, 179
Trd, 000187.400, 174
Trd, 000187.667, 173
Trd, 000187.767, 170
Trd, 000187.783, 188
Trd, 000188.517, 161
Trd, 000188.783, 159
Trd, 000189.650, 186
Trd, 000190.650, 177
Trd, 000190.917, 170
Trd, 000191.883, 171
Trd, 000192.433, 172
Trd, 000192.617, 170
Trd, 000193.150, 173
Trd, 000194.533, 171
Trd, 000194.717, 170
Trd, 000195.433, 169
Trd, 000195.750, 171
Trd, 000195.900, 173
Trd, 000196.050, 171
Trd, 000197.283, 171
Trd, 000197.950, 174
Trd, 000198.117, 170
Trd, 000199.683, 183
Trd, 000200.017, 179
Trd, 000200.083, 171
Trd, 000200.217, 176
Trd, 000201.117, 172
Trd, 000202.183, 175
Trd, 000202.767, 174
Trd, 000202.883, 179
Trd, 000203.167, 171
Trd, 000203.333, 171
Trd, 000204.183, 174
Trd, 000204.250, 169
Trd, 000204.383, 175
Trd, 000204.950, 168
Trd, 000205.000, 176
Trd, 000205.433, 176
Trd, 000205.500, 178
Trd, 000205.717, 164
Trd, 000206.317, 170
Trd, 000207.633, 168
Trd, 000208.150, 167
Trd, 000209.617, 166
Trd, 000209.667, 170
Trd, 000209.767, 173
Trd, 000210.500, 176
Trd, 000211.017, 171
Trd, 000211.217, 172
Trd, 000211.767, 175
Trd, 000212.000, 175
Trd, 000213.767, 172
Trd, 000214.233, 172
Trd, 000214.350, 174
Trd, 000216.267, 173
Trd, 000216.400, 174
Trd, 000216.417, 173
Trd, 000216.683, 171
Trd, 000216.900, 169
Trd, 000217.167, 173
Trd, 000217.400, 176
Trd, 000217.600, 176
Trd, 000218.917, 169
Trd, 000219.117, 170
Trd, 000219.783, 178
Trd, 000219.833, 177
Trd, 000220.650, 177
Trd, 000221.133, 176
Trd, 000221.983, 175
Trd, 000222.867, 178
Trd, 000224.183, 176
Trd, 000224.250, 174
Trd, 000224.333, 173
Trd, 000224.400, 180
Trd, 000226.683, 179
Trd, 000227.083, 174
Trd, 000227.517, 178
Trd, 000227.800, 179
Trd, 000227.833, 174
Trd, 000228.033, 167
Trd, 000228.883, 166
Trd, 000229.967, 172
Trd, 000230.150, 171
Trd, 000230.817, 172
Trd, 000232.167, 172
Trd, 000232.600, 169
Trd, 000233.383, 172
Trd, 000233.717, 173
Trd, 000234.767, 170
Trd, 000234.967, 169
Trd, 000235.617, 174
Trd, 000238.200, 171
Trd, 000238.233, 172
Trd, 000238.533, 171
Trd, 000238.733, 170
Trd, 000239.000, 172
Trd, 000239.117, 182
Trd, 000239.417, 179
Trd, 000240.267, 175
Trd, 000240.483, 174
Trd, 000240.783, 172
Trd, 000241.967, 171
Trd, 000242.050, 167
Trd, 000242.600, 167
Trd, 000242.850, 166
Trd, 000243.050, 168
Trd, 000243.450, 168
Trd, 000245.183, 167
Trd, 000245.333, 167
Trd, 000245.650, 167
Trd, 000245.833, 168
Trd, 000246.183, 172
Trd, 000247.050, 168
Trd, 000247.300, 168
Trd, 000247.550, 171
Trd, 000248.750, 171
Trd, 000248.917, 170
Trd, 000249.183, 170
Trd, 000250.350, 165
Trd, 000250.750, 165
Trd, 000251.000, 164
Trd, 000251.250, 165
Trd, 000251.717, 180
Trd, 000251.850, 169
Trd, 000252.183, 181
Trd, 000252.583, 183
Trd, 000252.950, 190
Trd, 000253.183, 180
Trd, 000253.867, 181
Trd, 000254.183, 179
Trd, 000255.167, 182
Trd, 000255.600, 181
Trd, 000256.133, 179
Trd, 000256.767, 181
Trd, 000256.867, 182
Trd, 000257.350, 178
Trd, 000257.500, 177
Trd, 000257.517, 168
Trd, 000258.300, 181
Trd, 000258.450, 181
Trd, 000258.567, 182
Trd, 000259.050, 179
Trd, 000259.833, 177
Trd, 000260.567, 176
Trd, 000261.033, 177
Trd, 000261.633, 174
Trd, 000261.733, 177
Trd, 000262.317, 177
Trd, 000262.433, 177
Trd, 000262.933, 180
Trd, 000263.050, 177
Trd, 000263.417, 177
Trd, 000263.850, 181
Trd, 000264.333, 183
Trd, 000264.867, 177
Trd, 000265.467, 176
Trd, 000265.817, 170
Trd, 000266.700, 176
Trd, 000267.667, 180
Trd, 000268.100, 182
Trd, 000268.933, 187
Trd, 000269.267, 183
Trd, 000269.550, 181
Trd, 000269.583, 178
Trd, 000269.617, 178
Trd, 000270.267, 174
Trd, 000270.567, 176
Trd, 000270.700, 178
Trd, 000270.867, 171
Trd, 000270.900, 178
Trd, 000271.133, 180
Trd, 000272.317, 177
Trd, 000273.350, 179
Trd, 000273.817, 177
Trd, 000274.150, 178
Trd, 000274.917, 176
Trd, 000275.100, 177
Trd, 000275.167, 180
Trd, 000275.333, 176
Trd, 000275.367, 170
Trd, 000275.683, 182
Trd, 000276.533, 173
Trd, 000277.283, 170
Trd, 000277.717, 172
Trd, 000277.933, 176
Trd, 000279.250, 178
Trd, 000279.617, 179
Trd, 000279.650, 179
Trd, 000279.767, 185
Trd, 000280.583, 183
Trd, 000281.217, 182
Trd, 000281.817, 180
Trd, 000282.433, 180
Trd, 000282.450, 183
Trd, 000282.633, 184
Trd, 000282.850, 179
Trd, 000283.133, 184
Trd, 000283.633, 179
Trd, 000284.017, 183
Trd, 000284.417, 177
Trd, 000285.317, 182
Trd, 000285.800, 181
Trd, 000286.300, 181
Trd, 000286.633, 183
Trd, 000287.767, 179
Trd, 000287.950, 179
Trd, 000289.217, 179
Trd, 000289.617, 179
Trd, 000289.650, 181
Trd, 000289.783, 181
Trd, 000290.017, 178
Trd, 000290.317, 180
Trd, 000290.833, 183
Trd, 000291.117, 170
Trd, 000291.917, 171
Trd, 000292.317, 173
Trd, 000293.183, 175
Trd, 000293.233, 179
Trd, 000293.317, 180
Trd, 000293.367, 184
Trd, 000293.983, 184
Trd, 000294.167, 187
Trd, 000295.000, 182
Trd, 000295.050, 190
Trd, 000295.200, 186
Trd, 000295.883, 189
Trd, 000296.217, 186
Trd, 000297.133, 185
Trd, 000297.167, 185
Trd, 000298.017, 189
Trd, 000298.267, 188
Trd, 000299.467, 183
Trd, 000299.533, 181
Trd, 000299.783, 185
