Trd, 000000.867, 140
Trd, 000002.183, 149
Trd, 000003.317, 155
Trd, 000003.600, 157
Trd, 000004.717, 161
Trd, 000005.033, 157
Trd, 000005.433, 157
Trd, 000006.017, 152
Trd, 000006.217, 159
Trd, 000007.033, 156
Trd, 000008.150, 153
Trd, 000008.867, 152
Trd, 000010.467, 154
Trd, 000010.483, 153
Trd, 000010.517, 155
Trd, 000010.583, 152
Trd, 000011.500, 154
Trd, 000012.150, 158
Trd, 000012.167, 156
Trd, 000012.817, 155
Trd, 000013.217, 154
Trd, 000013.583, 153
Trd, 000013.933, 152
Trd, 000015.467, 158
Trd, 000016.133, 159
Trd, 000016.717, 154
Trd, 000018.717, 161
Trd, 000019.217, 157
Trd, 000019.400, 156
Trd, 000019.917, 156
Trd, 000019.983, 158
Trd, 000020.750, 158
Trd, 000021.633, 158
Trd, 000022.117, 159
Trd, 000022.683, 159
Trd, 000023.100, 160
Trd, 000023.550, 160
Trd, 000024.417, 160
Trd, 000024.567, 159
Trd, 000024.767, 158
Trd, 000025.017, 158
Trd, 000025.233, 158
Trd, 000025.500, 159
Trd, 000025.817, 158
Trd, 000026.200, 161
Trd, 000026.233, 157
Trd, 000026.267, 153
Trd, 000026.400, 149
Trd, 000027.267, 163
Trd, 000027.733, 164
Trd, 000028.867, 170
Trd, 000029.683, 180
Trd, 000029.800, 172
Trd, 000030.017, 171
Trd, 000031.150, 171
Trd, 000032.350, 161
Trd, 000032.767, 162
Trd, 000033.117, 158
Trd, 000034.283, 158
Trd, 000034.500, 158
Trd, 000035.383, 161
Trd, 000035.750, 160
Trd, 000035.867, 159
Trd, 000036.300, 161
Trd, 000037.417, 159
Trd, 000037.733, 162
Trd, 000037.983, 160
Trd, 000038.133, 159
Trd, 000039.467, 161
Trd, 000039.933, 159
Trd, 000040.517, 158
Trd, 000040.883, 158
Trd, 000041.750, 152
Trd, 000042.650, 155
Trd, 000042.900, 154
Trd, 000042.933, 155
Trd, 000043.133, 155
Trd, 000043.467, 163
Trd, 000043.700, 176
Trd, 000044.083, 155
Trd, 000044.700, 158
Trd, 000045.433, 160
Trd, 000045.950, 155
Trd, 000046.667, 157
Trd, 000047.233, 157
Trd, 000047.267, 156
Trd, 000047.367, 156
Trd, 000048.050, 155
Trd, 000049.433, 154
Trd, 000050.117, 155
Trd, 000050.317, 158
Trd, 000050.817, 160
Trd, 000051.050, 160
Trd, 000051.117, 154
Trd, 000051.633, 160
Trd, 000051.717, 154
Trd, 000052.133, 160
Trd, 000052.333, 149
Trd, 000053.350, 155
Trd, 000053.700, 156
Trd, 000055.100, 162
Trd, 000055.883, 161
Trd, 000056.950, 159
Trd, 000057.383, 157
Trd, 000057.433, 158
Trd, 000057.733, 157
Trd, 000058.600, 157
Trd, 000058.950, 157
Trd, 000059.650, 160
Trd, 000059.917, 157
Trd, 000059.950, 156
Trd, 000060.683, 155
Trd, 000060.783, 162
Trd, 000062.067, 162
Trd, 000062.300, 164
Trd, 000062.317, 161
Trd, 000062.433, 157
Trd, 000063.800, 163
Trd, 000063.917, 161
Trd, 000064.567, 164
Trd, 000065.250, 167
Trd, 000065.367, 164
Trd, 000065.767, 168
Trd, 000067.067, 163
Trd, 000067.233, 168
Trd, 000067.650, 162
Trd, 000068.117, 163
Trd, 000068.450, 151
Trd, 000068.817, 165
Trd, 000069.100, 157
Trd, 000070.800, 159
Trd, 000071.767, 163
Trd, 000072.050, 163
Trd, 000072.117, 164
Trd, 000072.850, 165
Trd, 000073.150, 166
Trd, 000073.833, 164
Trd, 000074.067, 166
Trd, 000074.133, 169
Trd, 000074.550, 162
Trd, 000077.633, 164
Trd, 000078.317, 163
Trd, 000078.633, 180
Trd, 000080.433, 168
Trd, 000080.883, 169
Trd, 000080.900, 170
Trd, 000081.100, 170
Trd, 000081.133, 171
Trd, 000082.200, 170
Trd, 000082.550, 171
Trd, 000082.650, 169
Trd, 000083.050, 171
Trd, 000083.117, 170
Trd, 000083.467, 169
Trd, 000084.733, 168
Trd, 000086.617, 164
Trd, 000087.100, 162
Trd, 000087.467, 164
Trd, 000087.483, 165
Trd, 000089.100, 163
Trd, 000089.667, 163
Trd, 000090.517, 164
Trd, 000090.717, 164
Trd, 000090.733, 168
Trd, 000091.667, 165
Trd, 000091.967, 165
Trd, 000092.217, 164
Trd, 000093.583, 164
Trd, 000093.800, 165
Trd, 000093.900, 166
Trd, 000095.400, 168
Trd, 000096.333, 169
Trd, 000096.467, 168
Trd, 000098.450, 168
Trd, 000098.733, 167
Trd, 000098.883, 166
Trd, 000099.633, 166
Trd, 000100.033, 167
Trd, 000100.667, 168
Trd, 000102.000, 168
Trd, 000102.067, 167
Trd, 000102.783, 167
Trd, 000103.683, 165
Trd, 000103.917, 166
Trd, 000104.567, 165
Trd, 000105.200, 164
Trd, 000106.050, 164
Trd, 000106.767, 160
Trd, 000106.883, 161
Trd, 000106.983, 159
Trd, 000108.233, 168
Trd, 000108.900, 165
Trd, 000109.667, 166
Trd, 000110.100, 165
Trd, 000110.150, 167
Trd, 000110.300, 164
Trd, 000110.733, 159
Trd, 000110.983, 163
Trd, 000112.000, 162
Trd, 000112.483, 165
Trd, 000112.750, 173
Trd, 000113.550, 169
Trd, 000114.267, 169
Trd, 000115.567, 168
Trd, 000115.833, 166
Trd, 000116.233, 164
Trd, 000116.567, 164
Trd, 000117.367, 164
Trd, 000117.600, 165
Trd, 000118.433, 165
Trd, 000118.700, 162
Trd, 000119.683, 168
Trd, 000120.150, 169
Trd, 000120.383, 164
Trd, 000121.567, 165
Trd, 000121.733, 164
Trd, 000121.833, 165
Trd, 000121.983, 170
Trd, 000122.583, 170
Trd, 000122.683, 191
Trd, 000122.833, 194
Trd, 000122.867, 205
Trd, 000123.117, 208
Trd, 000123.150, 234
Trd, 000123.483, 266
Trd, 000123.683, 310.0
Trd, 000124.200, 338
Trd, 000124.633, 343.0
Trd, 000125.183, 343.0
Trd, 000126.783, 316
Trd, 000127.950, 331.0
Trd, 000129.833, 337
Trd, 000130.217, 344.0
Trd, 000131.300, 348
Trd, 000132.067, 343.0
Trd, 000132.250, 343
Trd, 000132.267, 344.0
Trd, 000132.767, 344.0
Trd, 000132.950, 345
Trd, 000133.633, 343
Trd, 000134.550, 345
Trd, 000134.800, 344
Trd, 000135.033, 347
Trd, 000136.283, 344.0
Trd, 000136.667, 341
Trd, 000136.917, 347
Trd, 000137.883, 351
Trd, 000138.600, 345
Trd, 000139.400, 346
Trd, 000140.033, 347
Trd, 000140.250, 346
Trd, 000140.333, 347
Trd, 000140.883, 348
Trd, 000140.983, 345
Trd, 000141.317, 354
Trd, 000142.900, 350.0
Trd, 000143.533, 351
Trd, 000143.683, 351.0
Trd, 000144.333, 353
Trd, 000144.433, 352.0
Trd, 000144.467, 362.0
Trd, 000145.683, 357
Trd, 000145.717, 356.0
Trd, 000146.367, 362
Trd, 000147.867, 364
Trd, 000148.050, 363
Trd, 000148.917, 363
Trd, 000149.350, 364
Trd, 000149.600, 363
Trd, 000150.800, 361
Trd, 000151.217, 360
Trd, 000151.267, 355.0
Trd, 000151.833, 360
Trd, 000152.000, 354
Trd, 000152.100, 353
Trd, 000153.150, 357
Trd, 000154.117, 356
Trd, 000154.217, 355.0
Trd, 000156.467, 357
Trd, 000156.850, 358
Trd, 000157.367, 358
Trd, 000157.733, 357
Trd, 000158.033, 359
Trd, 000159.300, 354.0
Trd, 000159.350, 351.0
Trd, 000160.067, 354
Trd, 000160.567, 350
Trd, 000160.700, 351
Trd, 000162.183, 350
Trd, 000162.633, 355
Trd, 000162.900, 353
Trd, 000164.517, 357
Trd, 000164.650, 362
Trd, 000165.417, 360
Trd, 000165.500, 359
Trd, 000166.183, 356.0
Trd, 000166.800, 359
Trd, 000167.100, 356.0
Trd, 000167.733, 357
Trd, 000168.383, 355.0
Trd, 000168.500, 351.0
Trd, 000168.983, 344.0
Trd, 000169.917, 353
Trd, 000169.983, 358
Trd, 000171.417, 355
Trd, 000172.067, 355
Trd, 000172.467, 356
Trd, 000174.083, 358
Trd, 000174.383, 358
Trd, 000174.817, 357.0
Trd, 000175.267, 355.0
Trd, 000176.067, 353
Trd, 000176.650, 353
Trd, 000176.683, 351.0
Trd, 000177.000, 362.0
Trd, 000177.083, 347
Trd, 000177.383, 344.0
Trd, 000178.350, 357
Trd, 000179.600, 356
Trd, 000179.700, 355.0
Trd, 000180.667, 351
Trd, 000181.017, 352
Trd, 000181.767, 352
Trd, 000181.900, 349
Trd, 000182.633, 349
Trd, 000183.233, 349
Trd, 000183.250, 348
Trd, 000183.583, 344.0
Trd, 000184.283, 354
Trd, 000184.350, 327.0
Trd, 000184.517, 307
Trd, 000185.450, 300.0
Trd, 000185.650, 214
Trd, 000185.983, 211
Trd, 000186.033, 191
Trd, 000186.483, 191
Trd, 000186.950, 189
Trd, 000187.000, 187
Trd, 000187.633, 186
Trd, 000188.967, 184
Trd, 000189.300, 183
Trd, 000189.517, 184
Trd, 000190.183, 184
Trd, 000190.817, 187
Trd, 000191.700, 185
Trd, 000191.933, 182
Trd, 000193.600, 181
Trd, 000193.833, 180
Trd, 000194.300, 181
Trd, 000194.983, 179
Trd, 000195.233, 178
Trd, 000195.767, 179
Trd, 000196.250, 178
Trd, 000196.583, 178
Trd, 000196.833, 175
Trd, 000197.100, 174
Trd, 000198.417, 173
Trd, 000198.517, 177
Trd, 000198.533, 172
Trd, 000199.750, 178
Trd, 000200.033, 178
Trd, 000201.567, 179
Trd, 000201.600, 180
Trd, 000202.317, 179
Trd, 000203.267, 176
Trd, 000203.383, 175
Trd, 000204.233, 178
Trd, 000204.700, 178
Trd, 000204.750, 179
Trd, 000205.267, 192
Trd, 000205.583, 192
Trd, 000206.533, 189
Trd, 000206.617, 183
Trd, 000206.850, 181
Trd, 000208.350, 177
Trd, 000208.533, 178
Trd, 000209.583, 174
Trd, 000210.517, 175
Trd, 000210.617, 176
Trd, 000211.217, 178
Trd, 000211.867, 177
Trd, 000212.183, 176
Trd, 000212.217, 175
Trd, 000212.517, 174
Trd, 000213.733, 175
Trd, 000214.550, 176
Trd, 000215.283, 176
Trd, 000215.500, 176
Trd, 000216.600, 175
Trd, 000217.317, 176
Trd, 000217.933, 177
Trd, 000217.950, 176
Trd, 000218.233, 173
Trd, 000220.683, 175
Trd, 000221.467, 171
Trd, 000221.967, 171
Trd, 000222.600, 176
Trd, 000223.000, 177
Trd, 000224.350, 175
Trd, 000225.467, 177
Trd, 000225.583, 177
Trd, 000225.683, 176
Trd, 000226.917, 175
Trd, 000227.517, 176
Trd, 000227.850, 177
Trd, 000228.450, 175
Trd, 000229.100, 179
Trd, 000229.200, 178
Trd, 000230.167, 178
Trd, 000230.350, 177
Trd, 000230.600, 179
Trd, 000231.583, 177
Trd, 000232.200, 181
Trd, 000232.483, 175
Trd, 000233.350, 184
Trd, 000233.467, 173
Trd, 000234.000, 172
Trd, 000234.183, 183
Trd, 000234.650, 184
Trd, 000235.567, 186
Trd, 000236.333, 184
Trd, 000236.450, 183
Trd, 000236.633, 184
Trd, 000237.183, 185
Trd, 000238.117, 184
Trd, 000238.483, 175
Trd, 000239.600, 182
Trd, 000239.850, 179
Trd, 000240.167, 182
Trd, 000240.350, 183
Trd, 000240.617, 184
Trd, 000241.550, 185
Trd, 000241.583, 181
Trd, 000243.433, 181
Trd, 000243.550, 180
Trd, 000244.383, 185
Trd, 000244.600, 180
Trd, 000245.450, 182
Trd, 000245.750, 183
Trd, 000245.783, 186
Trd, 000246.250, 185
Trd, 000246.350, 181
Trd, 000246.450, 186
Trd, 000247.183, 181
Trd, 000247.683, 183
Trd, 000248.583, 182
Trd, 000248.783, 188
Trd, 000249.750, 187
Trd, 000250.400, 185
Trd, 000250.433, 184
Trd, 000250.633, 185
Trd, 000251.233, 185
Trd, 000251.450, 187
Trd, 000252.367, 189
Trd, 000252.550, 187
Trd, 000252.750, 188
Trd, 000253.200, 185
Trd, 000253.267, 182
Trd, 000254.750, 176
Trd, 000254.983, 173
Trd, 000255.333, 174
Trd, 000255.567, 175
Trd, 000255.800, 174
Trd, 000256.750, 180
Trd, 000257.017, 175
Trd, 000257.100, 173
Trd, 000257.233, 172
Trd, 000258.417, 178
Trd, 000258.550, 177
Trd, 000258.700, 181
Trd, 000258.767, 182
Trd, 000258.867, 185
Trd, 000259.850, 176
Trd, 000261.233, 184
Trd, 000261.567, 183
Trd, 000262.417, 182
Trd, 000263.633, 180
Trd, 000264.450, 183
Trd, 000264.550, 184
Trd, 000266.283, 184
Trd, 000266.667, 181
Trd, 000266.917, 180
Trd, 000267.050, 184
Trd, 000267.400, 181
Trd, 000267.700, 181
Trd, 000267.783, 180
Trd, 000268.400, 180
Trd, 000268.500, 181
Trd, 000268.900, 180
Trd, 000269.283, 182
Trd, 000269.767, 182
Trd, 000270.367, 189
Trd, 000270.683, 192
Trd, 000270.967, 181
Trd, 000271.917, 184
Trd, 000272.383, 180
Trd, 000273.133, 189
Trd, 000273.683, 185
Trd, 000273.817, 192
Trd, 000274.700, 187
Trd, 000274.783, 192
Trd, 000275.483, 187
Trd, 000275.667, 187
Trd, 000276.233, 185
Trd, 000276.650, 185
Trd, 000276.767, 186
Trd, 000276.950, 184
Trd, 000277.917, 183
Trd, 000277.967, 185
Trd, 000278.283, 175
Trd, 000278.717, 179
Trd, 000279.333, 176
Trd, 000279.483, 177
Trd, 000280.450, 176
Trd, 000280.783, 177
Trd, 000281.217, 178
Trd, 000281.367, 180
Trd, 000281.850, 186
Trd, 000282.883, 186
Trd, 000283.033, 193
Trd, 000283.283, 193
Trd, 000283.350, 185
Trd, 000283.633, 178
Trd, 000284.617, 180
Trd, 000284.833, 182
Trd, 000285.000, 183
Trd, 000285.550, 178
Trd, 000285.800, 176
Trd, 000285.933, 183
Trd, 000286.283, 194
Trd, 000286.383, 201
Trd, 000286.583, 177
Trd, 000286.617, 175
Trd, 000288.383, 192
Trd, 000288.600, 192
Trd, 000288.883, 188
Trd, 000289.567, 189
Trd, 000290.200, 191
Trd, 000290.350, 188
Trd, 000291.017, 187
Trd, 000291.367, 193
Trd, 000291.483, 192
Trd, 000291.650, 193
Trd, 000292.533, 194
Trd, 000292.983, 188
Trd, 000293.150, 201
Trd, 000294.217, 196
Trd, 000295.083, 193
Trd, 000295.633, 193
Trd, 000295.850, 192
Trd, 000296.667, 191
Trd, 000297.100, 193
Trd, 000297.567, 194
Trd, 000297.583, 192
Trd, 000297.950, 193
Trd, 000298.017, 191
Trd, 000298.267, 190
Trd, 000298.417, 193
Trd, 000298.817, 186
