Trd, 000002.850, 160
Trd, 000003.117, 160
Trd, 000003.183, 161
Trd, 000003.367, 155
Trd, 000003.750, 162
Trd, 000003.800, 151
Trd, 000005.000, 167
Trd, 000005.167, 159
Trd, 000005.350, 158
Trd, 000005.567, 150
Trd, 000005.950, 127
Trd, 000006.167, 140
Trd, 000007.200, 142
Trd, 000007.950, 139
Trd, 000008.117, 141
Trd, 000008.633, 141
Trd, 000009.867, 142
Trd, 000010.800, 144
Trd, 000011.500, 151
Trd, 000011.517, 152
Trd, 000013.000, 153
Trd, 000013.617, 154
Trd, 000013.917, 156
Trd, 000014.300, 157
Trd, 000014.600, 152
Trd, 000015.083, 152
Trd, 000016.233, 153
Trd, 000016.583, 152
Trd, 000017.367, 153
Trd, 000017.583, 157
Trd, 000017.867, 155
Trd, 000018.150, 152
Trd, 000019.217, 157
Trd, 000019.467, 149
Trd, 000019.800, 157
Trd, 000020.117, 161
Trd, 000020.767, 161
Trd, 000021.517, 151
Trd, 000022.283, 156
Trd, 000022.850, 155
Trd, 000023.267, 156
Trd, 000023.567, 156
Trd, 000024.250, 155
Trd, 000024.517, 156
Trd, 000025.683, 155
Trd, 000025.950, 159
Trd, 000026.483, 162
Trd, 000027.300, 162
Trd, 000028.583, 164
Trd, 000028.600, 163
Trd, 000029.050, 161
Trd, 000029.417, 164
Trd, 000030.200, 164
Trd, 000030.617, 161
Trd, 000031.033, 158
Trd, 000031.183, 154
Trd, 000031.567, 162
Trd, 000032.617, 154
Trd, 000032.800, 155
Trd, 000033.500, 153
Trd, 000033.633, 154
Trd, 000035.083, 154
Trd, 000036.433, 151
Trd, 000037.167, 153
Trd, 000037.950, 151
Trd, 000038.033, 149
Trd, 000038.533, 144
Trd, 000039.367, 149
Trd, 000040.367, 145
Trd, 000040.600, 150
Trd, 000040.783, 148
Trd, 000041.450, 152
Trd, 000041.633, 149
Trd, 000042.350, 155
Trd, 000043.350, 152
Trd, 000043.683, 151
Trd, 000043.983, 150
Trd, 000044.200, 154
Trd, 000045.000, 154
Trd, 000045.617, 162
Trd, 000046.650, 155
Trd, 000046.983, 154
Trd, 000047.050, 160
Trd, 000048.750, 160
Trd, 000049.467, 159
Trd, 000049.967, 153
Trd, 000050.150, 162
Trd, 000050.383, 152
Trd, 000050.900, 154
Trd, 000051.717, 159
Trd, 000053.217, 153
Trd, 000053.383, 153
Trd, 000053.667, 156
Trd, 000053.700, 153
Trd, 000053.767, 152
Trd, 000054.217, 156
Trd, 000055.533, 151
Trd, 000055.633, 155
Trd, 000056.417, 157
Trd, 000057.133, 156
Trd, 000057.850, 155
Trd, 000057.950, 155
Trd, 000058.850, 154
Trd, 000058.950, 153
Trd, 000059.017, 146
Trd, 000060.183, 146
Trd, 000060.267, 139
Trd, 000060.400, 147
Trd, 000060.500, 147
Trd, 000060.633, 151
Trd, 000063.467, 152
Trd, 000064.183, 154
Trd, 000064.250, 149
Trd, 000064.533, 145
Trd, 000064.900, 146
Trd, 000065.483, 147
Trd, 000065.633, 149
Trd, 000066.167, 155
Trd, 000066.683, 156
Trd, 000066.867, 158
Trd, 000067.750, 168
Trd, 000068.733, 158
Trd, 000069.233, 157
Trd, 000069.533, 162
Trd, 000070.867, 161
Trd, 000070.967, 162
Trd, 000071.683, 161
Trd, 000072.400, 162
Trd, 000072.800, 161
Trd, 000072.817, 160
Trd, 000074.533, 160
Trd, 000074.917, 158
Trd, 000075.383, 156
Trd, 000075.817, 156
Trd, 000076.633, 156
Trd, 000076.917, 159
Trd, 000077.067, 159
Trd, 000077.100, 154
Trd, 000078.767, 163
Trd, 000079.100, 163
Trd, 000079.417, 163
Trd, 000079.733, 162
Trd, 000080.400, 160
Trd, 000080.550, 162
Trd, 000081.483, 162
Trd, 000081.967, 156
Trd, 000084.000, 158
Trd, 000084.417, 157
Trd, 000085.117, 159
Trd, 000086.100, 157
Trd, 000086.733, 156
Trd, 000087.183, 159
Trd, 000087.783, 158
Trd, 000088.950, 159
Trd, 000089.067, 159
Trd, 000089.750, 160
Trd, 000090.000, 151
Trd, 000090.017, 171
Trd, 000090.550, 150
Trd, 000091.917, 159
Trd, 000092.067, 155
Trd, 000092.450, 149
Trd, 000092.667, 143
Trd, 000092.850, 153
Trd, 000094.917, 153
Trd, 000095.467, 154
Trd, 000096.083, 154
Trd, 000096.217, 155
Trd, 000097.933, 156
Trd, 000098.667, 157
Trd, 000099.217, 156
Trd, 000099.650, 153
Trd, 000100.033, 158
Trd, 000100.883, 156
Trd, 000101.100, 154
Trd, 000102.300, 155
Trd, 000102.433, 159
Trd, 000103.100, 161
Trd, 000103.517, 159
Trd, 000103.850, 161
Trd, 000104.033, 161
Trd, 000104.600, 160
Trd, 000106.167, 160
Trd, 000106.433, 161
Trd, 000106.850, 158
Trd, 000107.850, 163
Trd, 000108.667, 169
Trd, 000109.267, 162
Trd, 000109.550, 168
Trd, 000109.667, 169
Trd, 000109.817, 171
Trd, 000110.817, 173
Trd, 000112.167, 145
Trd, 000112.583, 153
Trd, 000113.050, 156
Trd, 000113.133, 163
Trd, 000114.067, 155
Trd, 000114.667, 156
Trd, 000114.750, 159
Trd, 000114.933, 161
Trd, 000115.417, 157
Trd, 000115.433, 170
Trd, 000116.550, 154
Trd, 000116.883, 152
Trd, 000117.633, 162
Trd, 000117.983, 159
Trd, 000118.617, 160
Trd, 000118.917, 160
Trd, 000119.983, 158
Trd, 000120.550, 159
Trd, 000121.133, 160
Trd, 000121.683, 162
Trd, 000121.750, 180
Trd, 000122.300, 173
Trd, 000122.333, 174
Trd, 000122.383, 191
Trd, 000122.517, 194
Trd, 000122.600, 163
Trd, 000123.817, 188
Trd, 000123.833, 201
Trd, 000124.133, 320.0
Trd, 000124.650, 330
Trd, 000124.683, 334.0
Trd, 000124.933, 341.0
Trd, 000125.033, 348.0
Trd, 000126.367, 305.0
Trd, 000127.733, 306.0
Trd, 000128.283, 318
Trd, 000128.467, 331
Trd, 000128.600, 341.0
Trd, 000129.717, 324
Trd, 000130.867, 324.0
Trd, 000130.967, 332.0
Trd, 000133.167, 329
Trd, 000133.483, 330
Trd, 000133.633, 332.0
Trd, 000133.817, 334.0
Trd, 000134.483, 335
Trd, 000135.800, 331
Trd, 000135.817, 341.0
Trd, 000136.617, 334.0
Trd, 000138.100, 341
Trd, 000138.683, 359.0
Trd, 000139.033, 358.0
Trd, 000140.100, 362.0
Trd, 000140.633, 356.0
Trd, 000140.933, 363
Trd, 000142.317, 357.0
Trd, 000143.400, 356.0
Trd, 000144.567, 357
Trd, 000145.183, 356.0
Trd, 000145.250, 355.0
Trd, 000145.567, 355
Trd, 000145.817, 353.0
Trd, 000147.150, 343
Trd, 000147.250, 342
Trd, 000148.167, 347.0
Trd, 000148.917, 347.0
Trd, 000150.333, 347
Trd, 000151.083, 348.0
Trd, 000151.367, 349
Trd, 000151.633, 347
Trd, 000151.750, 351
Trd, 000152.500, 348
Trd, 000152.850, 345
Trd, 000153.433, 348
Trd, 000153.767, 349
Trd, 000154.633, 360.0
Trd, 000155.033, 348
Trd, 000156.800, 361.0
Trd, 000157.717, 352
Trd, 000158.367, 351.0
Trd, 000159.333, 347
Trd, 000160.400, 343
Trd, 000160.750, 344
Trd, 000160.933, 343
Trd, 000161.400, 341
Trd, 000162.117, 340
Trd, 000163.567, 344
Trd, 000164.033, 346
Trd, 000164.167, 351.0
Trd, 000165.250, 334.0
Trd, 000166.367, 338
Trd, 000167.133, 340.0
Trd, 000167.650, 348.0
Trd, 000169.917, 341
Trd, 000169.950, 345
Trd, 000170.867, 348
Trd, 000171.350, 347
Trd, 000171.400, 350
Trd, 000172.050, 350.0
Trd, 000172.617, 350
Trd, 000172.700, 351.0
Trd, 000172.800, 349
Trd, 000173.517, 350
Trd, 000173.883, 343
Trd, 000173.933, 333
Trd, 000174.083, 368.0
Trd, 000175.583, 352
Trd, 000176.050, 352
Trd, 000178.417, 348
Trd, 000178.517, 347
Trd, 000179.467, 348.0
Trd, 000179.517, 346
Trd, 000179.700, 342
Trd, 000180.500, 350.0
Trd, 000181.367, 342
Trd, 000181.850, 341
Trd, 000182.200, 340
Trd, 000182.917, 333
Trd, 000183.217, 331
Trd, 000183.300, 341
Trd, 000183.383, 324.0
Trd, 000183.417, 297
Trd, 000183.483, 294
Trd, 000183.700, 326
Trd, 000183.817, 292
Trd, 000184.550, 202
Trd, 000186.850, 183
Trd, 000187.700, 184
Trd, 000188.283, 184
Trd, 000188.383, 177
Trd, 000190.167, 175
Trd, 000190.183, 174
Trd, 000191.150, 164
Trd, 000192.333, 166
Trd, 000194.267, 166
Trd, 000194.333, 166
Trd, 000195.000, 165
Trd, 000195.067, 166
Trd, 000195.400, 167
Trd, 000195.650, 169
Trd, 000195.750, 167
Trd, 000196.367, 168
Trd, 000196.567, 170
Trd, 000196.633, 167
Trd, 000196.817, 181
Trd, 000198.517, 177
Trd, 000199.267, 165
Trd, 000200.367, 174
Trd, 000200.650, 174
Trd, 000201.000, 174
Trd, 000201.600, 171
Trd, 000201.683, 171
Trd, 000202.033, 171
Trd, 000202.350, 182
Trd, 000203.067, 188
Trd, 000203.617, 176
Trd, 000204.650, 160
Trd, 000205.450, 170
Trd, 000205.467, 172
Trd, 000205.750, 176
Trd, 000207.117, 175
Trd, 000207.517, 173
Trd, 000207.617, 175
Trd, 000207.683, 176
Trd, 000209.083, 177
Trd, 000209.617, 177
Trd, 000209.900, 176
Trd, 000211.300, 177
Trd, 000211.667, 176
Trd, 000212.083, 172
Trd, 000212.267, 171
Trd, 000212.817, 176
Trd, 000213.917, 168
Trd, 000214.233, 169
Trd, 000215.333, 161
Trd, 000215.700, 169
Trd, 000216.000, 170
Trd, 000216.917, 169
Trd, 000217.150, 173
Trd, 000217.667, 175
Trd, 000219.433, 176
Trd, 000219.650, 175
Trd, 000220.117, 173
Trd, 000220.317, 177
Trd, 000220.833, 180
Trd, 000221.117, 179
Trd, 000221.183, 177
Trd, 000222.383, 181
Trd, 000224.750, 180
Trd, 000224.817, 179
Trd, 000224.833, 173
Trd, 000225.083, 180
Trd, 000225.983, 176
Trd, 000226.367, 177
Trd, 000226.750, 172
Trd, 000227.033, 176
Trd, 000227.450, 173
Trd, 000227.883, 173
Trd, 000228.450, 172
Trd, 000228.700, 177
Trd, 000230.233, 174
Trd, 000230.533, 174
Trd, 000231.233, 177
Trd, 000232.700, 178
Trd, 000232.817, 179
Trd, 000233.050, 181
Trd, 000233.233, 171
Trd, 000233.350, 181
Trd, 000234.017, 181
Trd, 000234.667, 172
Trd, 000235.233, 173
Trd, 000235.417, 171
Trd, 000236.867, 173
Trd, 000238.217, 169
Trd, 000239.083, 170
Trd, 000239.517, 171
Trd, 000240.483, 171
Trd, 000240.617, 164
Trd, 000241.017, 169
Trd, 000241.117, 169
Trd, 000241.133, 168
Trd, 000241.267, 170
Trd, 000242.667, 170
Trd, 000242.950, 169
Trd, 000243.883, 169
Trd, 000244.200, 172
Trd, 000244.383, 173
Trd, 000244.567, 175
Trd, 000244.900, 186
Trd, 000245.433, 175
Trd, 000246.217, 181
Trd, 000246.883, 174
Trd, 000247.350, 175
Trd, 000247.500, 174
Trd, 000247.600, 170
Trd, 000248.050, 169
Trd, 000248.367, 165
Trd, 000248.933, 168
Trd, 000249.650, 160
Trd, 000249.750, 161
Trd, 000250.233, 159
Trd, 000250.317, 161
Trd, 000250.767, 161
Trd, 000251.550, 160
Trd, 000252.133, 167
Trd, 000252.667, 167
Trd, 000253.300, 166
Trd, 000253.500, 167
Trd, 000253.717, 174
Trd, 000254.483, 169
Trd, 000254.583, 171
Trd, 000254.917, 173
Trd, 000255.350, 169
Trd, 000255.733, 174
Trd, 000256.217, 174
Trd, 000256.250, 193
Trd, 000256.483, 185
Trd, 000257.383, 172
Trd, 000258.333, 173
Trd, 000258.450, 172
Trd, 000259.750, 174
Trd, 000260.050, 175
Trd, 000260.150, 174
Trd, 000260.450, 175
Trd, 000260.633, 176
Trd, 000260.683, 177
Trd, 000261.417, 184
Trd, 000261.833, 185
Trd, 000262.333, 187
Trd, 000262.850, 184
Trd, 000263.300, 185
Trd, 000264.383, 183
Trd, 000264.767, 181
Trd, 000265.450, 184
Trd, 000266.000, 181
Trd, 000266.367, 185
Trd, 000266.417, 179
Trd, 000266.917, 183
Trd, 000267.400, 184
Trd, 000267.900, 183
Trd, 000268.700, 187
Trd, 000268.833, 187
Trd, 000269.183, 187
Trd, 000269.483, 182
Trd, 000271.017, 182
Trd, 000271.517, 178
Trd, 000271.800, 180
Trd, 000272.017, 182
Trd, 000272.817, 179
Trd, 000273.333, 178
Trd, 000273.367, 179
Trd, 000273.650, 174
Trd, 000273.750, 180
Trd, 000274.100, 183
Trd, 000274.300, 179
Trd, 000274.400, 180
Trd, 000274.567, 187
Trd, 000274.650, 189
Trd, 000275.267, 189
Trd, 000276.917, 186
Trd, 000277.150, 191
Trd, 000277.967, 184
Trd, 000278.150, 178
Trd, 000278.817, 178
Trd, 000278.950, 180
Trd, 000278.983, 176
Trd, 000279.767, 182
Trd, 000280.767, 180
Trd, 000281.167, 178
Trd, 000281.867, 179
Trd, 000282.367, 175
Trd, 000282.433, 179
Trd, 000282.633, 173
Trd, 000282.683, 180
Trd, 000283.017, 181
Trd, 000284.283, 183
Trd, 000284.483, 182
Trd, 000285.233, 191
Trd, 000285.717, 189
Trd, 000285.900, 184
Trd, 000286.500, 183
Trd, 000286.533, 175
Trd, 000287.450, 185
Trd, 000287.500, 188
Trd, 000287.833, 177
Trd, 000288.900, 179
Trd, 000288.983, 178
Trd, 000289.367, 180
Trd, 000290.217, 178
Trd, 000290.350, 177
Trd, 000290.483, 176
Trd, 000290.900, 173
Trd, 000291.300, 178
Trd, 000292.300, 177
Trd, 000293.400, 173
Trd, 000293.767, 175
Trd, 000295.083, 174
Trd, 000295.150, 175
Trd, 000295.183, 180
Trd, 000295.200, 173
Trd, 000295.550, 191
Trd, 000296.083, 189
Trd, 000296.667, 188
Trd, 000296.750, 185
Trd, 000296.917, 191
Trd, 000297.133, 174
Trd, 000297.633, 192
Trd, 000298.083, 174
Trd, 000298.217, 189
Trd, 000298.283, 170
Trd, 000298.817, 184
Trd, 000299.250, 188
Trd, 000299.483, 195
Trd, 000299.633, 198
