Trd, 000002.100, 156
Trd, 000002.517, 137
Trd, 000002.750, 135
Trd, 000002.933, 175
Trd, 000003.117, 172
Trd, 000003.217, 146
Trd, 000004.367, 147
Trd, 000004.633, 137
Trd, 000004.783, 148
Trd, 000006.033, 147
Trd, 000006.517, 148
Trd, 000006.667, 149
Trd, 000006.800, 144
Trd, 000008.717, 150
Trd, 000009.533, 150
Trd, 000010.783, 148
Trd, 000011.150, 147
Trd, 000011.750, 151
Trd, 000012.517, 151
Trd, 000014.233, 147
Trd, 000015.067, 146
Trd, 000015.183, 146
Trd, 000015.717, 147
Trd, 000015.733, 145
Trd, 000016.900, 146
Trd, 000016.967, 144
Trd, 000017.317, 147
Trd, 000018.567, 145
Trd, 000019.450, 146
Trd, 000019.933, 145
Trd, 000020.000, 146
Trd, 000020.400, 145
Trd, 000020.983, 145
Trd, 000021.100, 144
Trd, 000021.367, 143
Trd, 000021.567, 148
Trd, 000023.067, 147
Trd, 000023.100, 153
Trd, 000024.083, 156
Trd, 000024.100, 144
Trd, 000024.383, 157
Trd, 000024.750, 139
Trd, 000025.567, 145
Trd, 000025.683, 145
Trd, 000026.483, 142
Trd, 000026.817, 148
Trd, 000027.850, 144
Trd, 000027.867, 142
Trd, 000027.933, 139
Trd, 000028.033, 141
Trd, 000028.650, 147
Trd, 000030.100, 144
Trd, 000030.233, 146
Trd, 000031.117, 143
Trd, 000031.817, 144
Trd, 000031.900, 144
Trd, 000032.233, 142
Trd, 000032.350, 140
Trd, 000033.817, 143
Trd, 000034.017, 142
Trd, 000034.533, 145
Trd, 000035.533, 145
Trd, 000036.067, 146
Trd, 000036.783, 151
Trd, 000036.933, 152
Trd, 000037.417, 153
Trd, 000038.133, 154
Trd, 000039.017, 155
Trd, 000039.133, 145
Trd, 000040.017, 149
Trd, 000040.750, 150
Trd, 000041.683, 145
Trd, 000042.700, 145
Trd, 000042.800, 144
Trd, 000043.433, 149
Trd, 000044.217, 151
Trd, 000044.700, 144
Trd, 000045.333, 144
Trd, 000045.517, 150
Trd, 000045.667, 151
Trd, 000046.033, 149
Trd, 000046.767, 147
Trd, 000046.883, 146
Trd, 000047.850, 144
Trd, 000048.500, 143
Trd, 000050.467, 145
Trd, 000050.717, 144
Trd, 000051.233, 144
Trd, 000051.283, 145
Trd, 000051.417, 146
Trd, 000051.433, 143
Trd, 000051.867, 142
Trd, 000053.817, 145
Trd, 000053.933, 145
Trd, 000055.300, 151
Trd, 000057.033, 149
Trd, 000057.150, 148
Trd, 000057.300, 142
Trd, 000057.967, 150
Trd, 000058.183, 151
Trd, 000060.100, 153
Trd, 000060.150, 151
Trd, 000060.200, 150
Trd, 000060.533, 161
Trd, 000060.867, 149
Trd, 000061.383, 154
Trd, 000063.000, 149
Trd, 000063.783, 150
Trd, 000065.267, 149
Trd, 000065.433, 148
Trd, 000065.850, 147
Trd, 000065.950, 150
Trd, 000067.333, 151
Trd, 000067.917, 148
Trd, 000068.333, 152
Trd, 000068.950, 149
Trd, 000069.033, 148
Trd, 000069.050, 146
Trd, 000069.500, 146
Trd, 000069.833, 147
Trd, 000070.017, 148
Trd, 000070.800, 149
Trd, 000070.883, 146
Trd, 000070.950, 158
Trd, 000071.633, 162
Trd, 000072.033, 175
Trd, 000073.300, 175
Trd, 000073.517, 155
Trd, 000074.150, 156
Trd, 000075.183, 155
Trd, 000075.500, 154
Trd, 000076.000, 155
Trd, 000077.333, 155
Trd, 000077.667, 154
Trd, 000077.783, 153
Trd, 000078.117, 154
Trd, 000078.183, 157
Trd, 000078.317, 153
Trd, 000079.267, 154
Trd, 000080.417, 146
Trd, 000080.517, 152
Trd, 000080.783, 150
Trd, 000080.900, 145
Trd, 000081.583, 149
Trd, 000081.917, 148
Trd, 000082.017, 142
Trd, 000083.133, 146
Trd, 000083.383, 148
Trd, 000084.150, 150
Trd, 000084.683, 158
Trd, 000084.967, 150
Trd, 000086.033, 156
Trd, 000086.150, 159
Trd, 000087.517, 149
Trd, 000087.667, 149
Trd, 000087.683, 157
Trd, 000089.533, 156
Trd, 000089.700, 156
Trd, 000090.517, 155
Trd, 000092.017, 154
Trd, 000092.150, 158
Trd, 000093.017, 153
Trd, 000094.317, 154
Trd, 000094.533, 155
Trd, 000095.183, 155
Trd, 000095.850, 154
Trd, 000096.783, 155
Trd, 000097.017, 153
Trd, 000098.267, 153
Trd, 000098.600, 154
Trd, 000098.683, 152
Trd, 000098.933, 152
Trd, 000099.783, 156
Trd, 000100.383, 153
Trd, 000100.650, 156
Trd, 000100.750, 154
Trd, 000101.117, 161
Trd, 000102.600, 156
Trd, 000103.517, 159
Trd, 000104.450, 158
Trd, 000105.517, 158
Trd, 000105.783, 157
Trd, 000106.033, 156
Trd, 000106.300, 157
Trd, 000106.867, 158
Trd, 000107.117, 154
Trd, 000107.433, 160
Trd, 000107.467, 161
Trd, 000108.200, 160
Trd, 000109.333, 162
Trd, 000109.633, 160
Trd, 000110.017, 159
Trd, 000110.950, 160
Trd, 000111.500, 160
Trd, 000111.900, 159
Trd, 000114.017, 159
Trd, 000114.317, 158
Trd, 000114.733, 157
Trd, 000115.483, 159
Trd, 000115.717, 161
Trd, 000116.000, 154
Trd, 000116.267, 161
Trd, 000116.683, 162
Trd, 000116.733, 148
Trd, 000116.750, 166
Trd, 000117.033, 153
Trd, 000117.517, 161
Trd, 000117.650, 153
Trd, 000117.933, 149
Trd, 000118.183, 164
Trd, 000120.167, 158
Trd, 000120.700, 157
Trd, 000121.233, 159
Trd, 000121.650, 158
Trd, 000121.750, 162
Trd, 000121.800, 163
Trd, 000121.933, 167
Trd, 000122.433, 180
Trd, 000122.667, 194
Trd, 000122.767, 261
Trd, 000123.617, 290
Trd, 000123.783, 300.0
Trd, 000124.300, 322
Trd, 000124.800, 325
Trd, 000127.167, 335
Trd, 000127.300, 335.0
Trd, 000127.583, 347.0
Trd, 000128.583, 345
Trd, 000129.350, 341
Trd, 000129.367, 337.0
Trd, 000130.167, 343
Trd, 000130.200, 334.0
Trd, 000130.567, 331.0
Trd, 000132.050, 339
Trd, 000132.600, 332
Trd, 000133.067, 336
Trd, 000133.150, 331
Trd, 000133.567, 333
Trd, 000133.767, 331
Trd, 000134.033, 336
Trd, 000135.533, 340.0
Trd, 000136.167, 341.0
Trd, 000137.333, 337.0
Trd, 000137.450, 337
Trd, 000138.400, 337
Trd, 000140.000, 345
Trd, 000140.267, 336
Trd, 000140.450, 350.0
Trd, 000141.400, 344
Trd, 000141.433, 338
Trd, 000142.017, 345
Trd, 000142.567, 340
Trd, 000142.833, 339
Trd, 000144.533, 339
Trd, 000145.067, 341.0
Trd, 000145.183, 335.0
Trd, 000145.233, 334.0
Trd, 000146.150, 336
Trd, 000146.167, 337
Trd, 000146.450, 337
Trd, 000147.917, 338
Trd, 000148.050, 333
Trd, 000149.500, 336
Trd, 000149.833, 335.0
Trd, 000150.567, 337
Trd, 000150.783, 334
Trd, 000151.583, 337.0
Trd, 000152.133, 336
Trd, 000153.433, 341
Trd, 000154.300, 340.0
Trd, 000156.033, 337.0
Trd, 000156.283, 338
Trd, 000156.750, 339
Trd, 000157.100, 339.0
Trd, 000157.683, 341.0
Trd, 000158.017, 341
Trd, 000158.533, 342
Trd, 000158.783, 342
Trd, 000160.333, 342
Trd, 000161.183, 341
Trd, 000161.500, 340
Trd, 000161.617, 339
Trd, 000163.250, 340
Trd, 000163.367, 345.0
Trd, 000163.400, 346.0
Trd, 000163.900, 339
Trd, 000164.933, 336
Trd, 000165.267, 334.0
Trd, 000166.350, 344
Trd, 000166.533, 344
Trd, 000168.450, 337.0
Trd, 000169.050, 338
Trd, 000169.233, 338
Trd, 000169.617, 335
Trd, 000169.667, 334.0
Trd, 000171.217, 339
Trd, 000171.600, 341.0
Trd, 000172.000, 341
Trd, 000172.450, 334
Trd, 000172.567, 351.0
Trd, 000172.750, 352
Trd, 000173.067, 355
Trd, 000174.800, 353
Trd, 000175.350, 354
Trd, 000175.533, 346
Trd, 000176.233, 347
Trd, 000177.483, 347
Trd, 000177.683, 351.0
Trd, 000177.833, 344
Trd, 000178.017, 354
Trd, 000179.500, 346
Trd, 000180.083, 349
Trd, 000180.200, 350
Trd, 000180.883, 353
Trd, 000181.433, 344
Trd, 000181.600, 342
Trd, 000181.833, 341
Trd, 000182.700, 337.0
Trd, 000183.033, 335
Trd, 000183.133, 331.0
Trd, 000183.383, 343
Trd, 000183.533, 322
Trd, 000184.467, 313.0
Trd, 000184.550, 302
Trd, 000184.750, 201
Trd, 000185.683, 193
Trd, 000186.300, 208
Trd, 000186.600, 190
Trd, 000186.950, 189
Trd, 000187.233, 182
Trd, 000188.050, 173
Trd, 000188.833, 172
Trd, 000189.067, 177
Trd, 000189.283, 179
Trd, 000189.767, 180
Trd, 000190.233, 176
Trd, 000190.500, 173
Trd, 000191.067, 182
Trd, 000191.283, 166
Trd, 000191.317, 157
Trd, 000192.000, 160
Trd, 000192.050, 165
Trd, 000192.917, 164
Trd, 000192.933, 165
Trd, 000194.800, 166
Trd, 000194.833, 162
Trd, 000195.067, 162
Trd, 000195.250, 158
Trd, 000195.417, 156
Trd, 000196.750, 168
Trd, 000196.783, 169
Trd, 000198.067, 169
Trd, 000198.183, 165
Trd, 000199.450, 166
Trd, 000200.117, 164
Trd, 000200.267, 164
Trd, 000201.850, 167
Trd, 000202.033, 167
Trd, 000202.733, 167
Trd, 000203.317, 166
Trd, 000203.467, 169
Trd, 000204.400, 166
Trd, 000205.083, 165
Trd, 000205.400, 167
Trd, 000207.617, 164
Trd, 000207.917, 167
Trd, 000208.400, 168
Trd, 000208.650, 169
Trd, 000208.783, 172
Trd, 000210.467, 165
Trd, 000210.517, 164
Trd, 000211.283, 167
Trd, 000212.767, 166
Trd, 000213.167, 165
Trd, 000213.367, 166
Trd, 000213.383, 168
Trd, 000214.050, 158
Trd, 000214.883, 163
Trd, 000215.117, 166
Trd, 000215.250, 166
Trd, 000216.233, 162
Trd, 000216.283, 164
Trd, 000218.800, 163
Trd, 000219.100, 163
Trd, 000220.217, 162
Trd, 000220.667, 163
Trd, 000220.933, 164
Trd, 000221.433, 164
Trd, 000222.667, 162
Trd, 000223.600, 169
Trd, 000223.833, 161
Trd, 000224.667, 166
Trd, 000224.817, 166
Trd, 000226.267, 164
Trd, 000226.500, 166
Trd, 000226.617, 165
Trd, 000227.250, 165
Trd, 000229.217, 171
Trd, 000229.733, 171
Trd, 000231.083, 168
Trd, 000231.150, 167
Trd, 000232.217, 167
Trd, 000233.350, 166
Trd, 000233.567, 165
Trd, 000233.767, 164
Trd, 000233.800, 165
Trd, 000235.167, 164
Trd, 000235.300, 165
Trd, 000235.567, 160
Trd, 000236.067, 157
Trd, 000236.750, 166
Trd, 000237.350, 164
Trd, 000237.800, 166
Trd, 000237.883, 175
Trd, 000238.450, 176
Trd, 000238.717, 161
Trd, 000239.083, 166
Trd, 000240.300, 170
Trd, 000240.867, 165
Trd, 000240.983, 166
Trd, 000242.350, 167
Trd, 000242.850, 165
Trd, 000243.483, 166
Trd, 000243.767, 167
Trd, 000243.800, 164
Trd, 000244.233, 166
Trd, 000244.933, 167
Trd, 000245.283, 167
Trd, 000245.633, 168
Trd, 000246.233, 168
Trd, 000246.417, 174
Trd, 000247.417, 165
Trd, 000247.533, 173
Trd, 000249.083, 168
Trd, 000249.333, 167
Trd, 000249.450, 168
Trd, 000249.867, 169
Trd, 000249.950, 166
Trd, 000250.183, 166
Trd, 000250.217, 171
Trd, 000251.683, 171
Trd, 000251.867, 170
Trd, 000252.017, 167
Trd, 000253.167, 166
Trd, 000253.583, 162
Trd, 000253.933, 158
Trd, 000254.417, 159
Trd, 000254.700, 162
Trd, 000254.983, 164
Trd, 000255.117, 165
Trd, 000255.750, 162
Trd, 000256.417, 162
Trd, 000256.650, 166
Trd, 000256.767, 161
Trd, 000257.133, 165
Trd, 000257.983, 167
Trd, 000258.133, 173
Trd, 000258.867, 177
Trd, 000259.217, 178
Trd, 000259.933, 179
Trd, 000260.167, 180
Trd, 000261.167, 180
Trd, 000261.467, 178
Trd, 000261.550, 177
Trd, 000262.517, 176
Trd, 000263.217, 174
Trd, 000263.417, 175
Trd, 000263.533, 177
Trd, 000263.717, 177
Trd, 000264.433, 188
Trd, 000265.383, 178
Trd, 000265.617, 176
Trd, 000265.667, 175
Trd, 000265.933, 175
Trd, 000266.367, 175
Trd, 000267.117, 175
Trd, 000267.467, 176
Trd, 000267.617, 173
Trd, 000268.367, 175
Trd, 000268.883, 172
Trd, 000269.783, 171
Trd, 000270.450, 170
Trd, 000270.717, 169
Trd, 000270.950, 171
Trd, 000271.517, 172
Trd, 000271.700, 173
Trd, 000271.883, 174
Trd, 000271.900, 178
Trd, 000272.283, 176
Trd, 000273.783, 170
Trd, 000274.633, 172
Trd, 000274.733, 173
Trd, 000274.767, 171
Trd, 000275.717, 173
Trd, 000275.817, 178
Trd, 000276.167, 171
Trd, 000276.200, 168
Trd, 000276.733, 173
Trd, 000277.467, 169
Trd, 000277.650, 167
Trd, 000277.867, 170
Trd, 000278.150, 168
Trd, 000279.017, 169
Trd, 000279.167, 170
Trd, 000279.833, 169
Trd, 000280.067, 167
Trd, 000280.267, 170
Trd, 000280.300, 179
Trd, 000280.350, 182
Trd, 000281.300, 190
Trd, 000281.950, 174
Trd, 000282.150, 175
Trd, 000282.450, 176
Trd, 000282.667, 183
Trd, 000283.500, 180
Trd, 000284.017, 178
Trd, 000284.100, 179
Trd, 000284.583, 175
Trd, 000284.617, 175
Trd, 000285.233, 180
Trd, 000285.467, 174
Trd, 000285.850, 181
Trd, 000286.300, 166
Trd, 000286.367, 173
Trd, 000286.533, 165
Trd, 000286.733, 171
Trd, 000287.450, 179
Trd, 000288.617, 170
Trd, 000289.733, 174
Trd, 000289.833, 175
Trd, 000289.933, 177
Trd, 000289.967, 168
Trd, 000290.983, 171
Trd, 000291.000, 173
Trd, 000291.600, 170
Trd, 000292.017, 173
Trd, 000292.133, 180
Trd, 000293.033, 173
Trd, 000293.367, 169
Trd, 000293.817, 172
Trd, 000293.867, 174
Trd, 000294.150, 176
Trd, 000294.383, 166
Trd, 000295.550, 165
Trd, 000295.933, 175
Trd, 000296.033, 169
Trd, 000296.417, 178
Trd, 000297.050, 178
Trd, 000297.833, 177
Trd, 000297.900, 178
Trd, 000298.433, 175
Trd, 000298.750, 178
Trd, 000299.617, 175
