Trd, 000002.600, 136
Trd, 000003.283, 136
Trd, 000003.483, 137
Trd, 000003.783, 159
Trd, 000003.933, 157
Trd, 000004.317, 153
Trd, 000005.333, 143
Trd, 000005.350, 156
Trd, 000005.650, 156
Trd, 000006.450, 150
Trd, 000006.800, 153
Trd, 000007.783, 154
Trd, 000008.017, 151
Trd, 000008.250, 151
Trd, 000008.900, 153
Trd, 000009.267, 158
Trd, 000009.850, 155
Trd, 000010.833, 154
Trd, 000010.900, 153
Trd, 000011.133, 144
Trd, 000011.867, 152
Trd, 000013.750, 148
Trd, 000013.783, 147
Trd, 000014.067, 150
Trd, 000014.667, 152
Trd, 000014.800, 148
Trd, 000016.367, 144
Trd, 000016.467, 138
Trd, 000016.717, 148
Trd, 000017.583, 146
Trd, 000017.833, 147
Trd, 000018.367, 148
Trd, 000018.533, 150
Trd, 000019.517, 150
Trd, 000019.850, 150
Trd, 000020.117, 148
Trd, 000022.517, 151
Trd, 000023.583, 150
Trd, 000023.600, 147
Trd, 000024.367, 147
Trd, 000024.900, 150
Trd, 000025.167, 149
Trd, 000025.650, 151
Trd, 000025.883, 147
Trd, 000026.233, 150
Trd, 000026.700, 149
Trd, 000026.933, 149
Trd, 000027.100, 150
Trd, 000027.833, 151
Trd, 000027.900, 152
Trd, 000029.267, 148
Trd, 000029.833, 153
Trd, 000030.033, 149
Trd, 000031.100, 154
Trd, 000031.700, 152
Trd, 000031.900, 148
Trd, 000032.167, 154
Trd, 000033.167, 147
Trd, 000033.717, 148
Trd, 000034.917, 150
Trd, 000035.350, 149
Trd, 000035.500, 150
Trd, 000035.533, 149
Trd, 000036.717, 147
Trd, 000037.033, 148
Trd, 000037.883, 151
Trd, 000038.233, 150
Trd, 000038.517, 149
Trd, 000038.600, 148
Trd, 000039.083, 151
Trd, 000039.917, 150
Trd, 000040.317, 151
Trd, 000040.883, 151
Trd, 000041.167, 152
Trd, 000041.383, 149
Trd, 000042.950, 150
Trd, 000043.117, 151
Trd, 000043.617, 152
Trd, 000045.117, 152
Trd, 000045.200, 150
Trd, 000045.617, 150
Trd, 000045.750, 153
Trd, 000046.033, 150
Trd, 000046.100, 153
Trd, 000046.383, 149
Trd, 000046.500, 147
Trd, 000047.417, 151
Trd, 000048.300, 152
Trd, 000049.567, 151
Trd, 000049.617, 152
Trd, 000050.900, 151
Trd, 000051.033, 152
Trd, 000051.583, 153
Trd, 000051.833, 151
Trd, 000052.617, 152
Trd, 000052.883, 151
Trd, 000053.150, 152
Trd, 000054.417, 154
Trd, 000054.867, 153
Trd, 000054.967, 159
Trd, 000055.000, 150
Trd, 000056.983, 154
Trd, 000057.633, 154
Trd, 000057.700, 163
Trd, 000058.117, 154
Trd, 000058.633, 160
Trd, 000058.867, 155
Trd, 000059.483, 156
Trd, 000059.583, 158
Trd, 000059.933, 160
Trd, 000060.050, 152
Trd, 000060.217, 154
Trd, 000061.417, 153
Trd, 000061.767, 154
Trd, 000061.883, 158
Trd, 000062.467, 144
Trd, 000063.150, 143
Trd, 000063.983, 154
Trd, 000064.083, 154
Trd, 000064.683, 146
Trd, 000064.900, 146
Trd, 000066.200, 149
Trd, 000066.417, 150
Trd, 000066.600, 149
Trd, 000066.950, 149
Trd, 000067.150, 151
Trd, 000068.367, 150
Trd, 000068.417, 149
Trd, 000069.050, 148
Trd, 000069.083, 148
Trd, 000069.950, 149
Trd, 000070.083, 148
Trd, 000070.300, 149
Trd, 000071.633, 148
Trd, 000072.000, 148
Trd, 000072.167, 150
Trd, 000072.333, 152
Trd, 000073.867, 163
Trd, 000074.067, 158
Trd, 000074.517, 152
Trd, 000074.667, 154
Trd, 000074.833, 153
Trd, 000075.300, 153
Trd, 000075.817, 153
Trd, 000075.983, 154
Trd, 000076.967, 155
Trd, 000077.500, 152
Trd, 000077.617, 166
Trd, 000078.033, 157
Trd, 000078.483, 153
Trd, 000079.067, 151
Trd, 000079.117, 144
Trd, 000079.783, 149
Trd, 000080.133, 149
Trd, 000080.300, 149
Trd, 000081.417, 149
Trd, 000082.017, 148
Trd, 000082.567, 148
Trd, 000083.117, 147
Trd, 000083.750, 148
Trd, 000083.850, 147
Trd, 000085.183, 146
Trd, 000085.333, 146
Trd, 000085.583, 148
Trd, 000085.700, 149
Trd, 000085.833, 152
Trd, 000085.850, 147
Trd, 000086.683, 148
Trd, 000087.550, 156
Trd, 000087.883, 148
Trd, 000087.967, 164
Trd, 000088.217, 165
Trd, 000090.050, 156
Trd, 000091.367, 155
Trd, 000091.400, 154
Trd, 000091.583, 153
Trd, 000092.567, 154
Trd, 000092.583, 153
Trd, 000094.067, 154
Trd, 000094.600, 154
Trd, 000094.617, 155
Trd, 000095.483, 153
Trd, 000096.317, 152
Trd, 000096.500, 153
Trd, 000097.900, 151
Trd, 000098.483, 151
Trd, 000098.533, 150
Trd, 000098.650, 152
Trd, 000099.733, 153
Trd, 000100.033, 150
Trd, 000100.917, 153
Trd, 000101.400, 155
Trd, 000101.467, 153
Trd, 000101.667, 150
Trd, 000102.417, 151
Trd, 000103.183, 150
Trd, 000104.000, 152
Trd, 000104.067, 151
Trd, 000104.083, 154
Trd, 000104.950, 150
Trd, 000105.683, 151
Trd, 000106.117, 153
Trd, 000106.250, 153
Trd, 000106.750, 151
Trd, 000107.933, 152
Trd, 000108.450, 153
Trd, 000108.783, 154
Trd, 000108.817, 152
Trd, 000110.250, 153
Trd, 000110.967, 154
Trd, 000111.350, 155
Trd, 000112.150, 155
Trd, 000112.400, 155
Trd, 000113.533, 155
Trd, 000114.417, 154
Trd, 000115.317, 154
Trd, 000117.033, 154
Trd, 000117.300, 152
Trd, 000118.667, 155
Trd, 000119.367, 154
Trd, 000119.600, 155
Trd, 000119.717, 156
Trd, 000120.367, 160
Trd, 000120.650, 157
Trd, 000120.933, 170
Trd, 000121.050, 170
Trd, 000121.250, 178
Trd, 000122.150, 180
Trd, 000122.167, 181
Trd, 000122.300, 180
Trd, 000122.383, 184
Trd, 000123.050, 191
Trd, 000123.717, 208
Trd, 000123.950, 306.0
Trd, 000124.450, 327.0
Trd, 000124.950, 335.0
Trd, 000125.100, 336.0
Trd, 000125.217, 337.0
Trd, 000125.750, 348.0
Trd, 000125.883, 342
Trd, 000126.067, 354
Trd, 000126.717, 344
Trd, 000127.217, 341
Trd, 000129.533, 340
Trd, 000129.767, 340
Trd, 000130.233, 340
Trd, 000130.367, 338
Trd, 000130.483, 340
Trd, 000131.150, 338
Trd, 000131.650, 337
Trd, 000132.117, 344
Trd, 000132.817, 342
Trd, 000133.367, 342
Trd, 000133.633, 343
Trd, 000134.167, 345
Trd, 000134.367, 344
Trd, 000134.433, 348.0
Trd, 000135.867, 354
Trd, 000136.150, 353
Trd, 000136.783, 358.0
Trd, 000139.150, 348.0
Trd, 000139.450, 346
Trd, 000139.717, 345
Trd, 000139.767, 349
Trd, 000140.533, 348
Trd, 000140.967, 347
Trd, 000141.100, 344
Trd, 000141.250, 343
Trd, 000143.400, 344
Trd, 000143.417, 346
Trd, 000143.850, 345
Trd, 000143.867, 349
Trd, 000144.467, 345
Trd, 000145.783, 347
Trd, 000146.017, 346
Trd, 000146.617, 347
Trd, 000146.833, 346
Trd, 000147.150, 342
Trd, 000148.017, 344
Trd, 000149.267, 342
Trd, 000149.433, 338
Trd, 000151.117, 344
Trd, 000151.183, 344
Trd, 000151.300, 343
Trd, 000151.400, 337.0
Trd, 000153.233, 336
Trd, 000153.283, 343
Trd, 000153.483, 336
Trd, 000154.600, 339
Trd, 000154.783, 339
Trd, 000156.033, 338.0
Trd, 000157.533, 339
Trd, 000158.717, 339
Trd, 000158.783, 337.0
Trd, 000159.183, 339
Trd, 000159.750, 344
Trd, 000159.817, 345
Trd, 000160.317, 341
Trd, 000160.867, 346.0
Trd, 000161.117, 340.0
Trd, 000161.400, 337.0
Trd, 000162.033, 337
Trd, 000164.817, 340
Trd, 000165.467, 339
Trd, 000166.583, 342
Trd, 000166.817, 343
Trd, 000167.133, 342
Trd, 000167.300, 343
Trd, 000167.467, 344
Trd, 000168.083, 344
Trd, 000168.217, 343
Trd, 000169.283, 343
Trd, 000169.417, 342
Trd, 000169.783, 344
Trd, 000169.933, 343
Trd, 000170.167, 343
Trd, 000170.217, 348.0
Trd, 000170.433, 349
Trd, 000171.050, 343
Trd, 000172.367, 342
Trd, 000174.950, 347
Trd, 000175.433, 349
Trd, 000175.800, 350
Trd, 000175.933, 344
Trd, 000176.900, 345
Trd, 000177.800, 347.0
Trd, 000178.300, 347
Trd, 000178.533, 345
Trd, 000178.750, 344
Trd, 000179.100, 349
Trd, 000180.500, 346
Trd, 000180.600, 342
Trd, 000181.267, 313.0
Trd, 000181.333, 322
Trd, 000181.550, 310.0
Trd, 000181.783, 332
Trd, 000181.817, 331
Trd, 000182.500, 331
Trd, 000182.517, 305
Trd, 000183.050, 300.0
Trd, 000183.700, 263
Trd, 000183.750, 155
Trd, 000183.967, 165
Trd, 000184.483, 155
Trd, 000184.583, 152
Trd, 000184.833, 154
Trd, 000185.283, 155
Trd, 000185.617, 183
Trd, 000186.883, 150
Trd, 000187.600, 188
Trd, 000188.167, 189
Trd, 000189.367, 166
Trd, 000189.483, 167
Trd, 000189.583, 169
Trd, 000189.617, 165
Trd, 000191.350, 168
Trd, 000191.417, 167
Trd, 000192.417, 167
Trd, 000192.450, 166
Trd, 000192.500, 168
Trd, 000193.200, 166
Trd, 000194.050, 167
Trd, 000194.483, 166
Trd, 000195.500, 165
Trd, 000196.050, 166
Trd, 000196.367, 167
Trd, 000196.567, 167
Trd, 000196.650, 168
Trd, 000197.033, 165
Trd, 000198.017, 169
Trd, 000200.100, 167
Trd, 000200.250, 168
Trd, 000200.333, 169
Trd, 000200.583, 169
Trd, 000200.883, 167
Trd, 000201.300, 168
Trd, 000201.333, 170
Trd, 000202.367, 167
Trd, 000202.717, 167
Trd, 000202.867, 168
Trd, 000203.883, 168
Trd, 000203.900, 167
Trd, 000203.967, 164
Trd, 000204.833, 164
Trd, 000205.033, 170
Trd, 000205.467, 164
Trd, 000206.050, 165
Trd, 000206.867, 165
Trd, 000209.383, 165
Trd, 000209.850, 166
Trd, 000210.083, 166
Trd, 000210.633, 165
Trd, 000211.000, 164
Trd, 000211.033, 164
Trd, 000211.317, 166
Trd, 000211.850, 167
Trd, 000212.217, 167
Trd, 000212.333, 165
Trd, 000212.483, 165
Trd, 000212.783, 165
Trd, 000213.300, 167
Trd, 000215.050, 166
Trd, 000215.667, 165
Trd, 000215.867, 166
Trd, 000215.950, 163
Trd, 000216.217, 165
Trd, 000216.700, 166
Trd, 000217.167, 169
Trd, 000217.483, 168
Trd, 000218.283, 165
Trd, 000218.850, 163
Trd, 000220.033, 166
Trd, 000220.367, 162
Trd, 000221.300, 165
Trd, 000222.417, 163
Trd, 000222.633, 164
Trd, 000222.850, 164
Trd, 000223.700, 164
Trd, 000223.950, 162
Trd, 000225.050, 162
Trd, 000225.200, 164
Trd, 000226.767, 162
Trd, 000226.917, 164
Trd, 000227.017, 162
Trd, 000227.300, 163
Trd, 000227.983, 164
Trd, 000229.017, 165
Trd, 000229.467, 166
Trd, 000230.133, 166
Trd, 000230.283, 166
Trd, 000230.950, 167
Trd, 000231.067, 164
Trd, 000231.800, 167
Trd, 000231.850, 163
Trd, 000232.867, 169
Trd, 000233.400, 169
Trd, 000234.300, 167
Trd, 000235.167, 167
Trd, 000235.417, 168
Trd, 000235.867, 168
Trd, 000236.083, 169
Trd, 000236.917, 169
Trd, 000237.617, 169
Trd, 000237.700, 172
Trd, 000238.433, 168
Trd, 000238.967, 165
Trd, 000239.667, 174
Trd, 000239.750, 167
Trd, 000240.217, 177
Trd, 000240.900, 175
Trd, 000241.300, 176
Trd, 000241.783, 173
Trd, 000241.933, 173
Trd, 000242.033, 174
Trd, 000242.300, 171
Trd, 000242.700, 176
Trd, 000243.250, 175
Trd, 000243.350, 172
Trd, 000243.367, 169
Trd, 000243.950, 172
Trd, 000244.517, 172
Trd, 000245.417, 171
Trd, 000245.583, 171
Trd, 000245.717, 172
Trd, 000246.517, 173
Trd, 000246.550, 173
Trd, 000246.650, 170
Trd, 000247.133, 167
Trd, 000247.750, 172
Trd, 000248.217, 171
Trd, 000248.667, 173
Trd, 000249.117, 173
Trd, 000249.133, 173
Trd, 000249.283, 171
Trd, 000249.733, 171
Trd, 000250.367, 171
Trd, 000251.000, 168
Trd, 000251.483, 170
Trd, 000252.117, 167
Trd, 000252.783, 170
Trd, 000253.033, 168
Trd, 000253.317, 171
Trd, 000253.383, 166
Trd, 000254.500, 170
Trd, 000255.200, 168
Trd, 000255.467, 167
Trd, 000255.700, 171
Trd, 000256.100, 176
Trd, 000256.667, 176
Trd, 000256.683, 179
Trd, 000256.850, 176
Trd, 000257.683, 177
Trd, 000258.467, 177
Trd, 000258.817, 176
Trd, 000258.883, 174
Trd, 000260.233, 171
Trd, 000260.400, 170
Trd, 000260.450, 164
Trd, 000260.667, 171
Trd, 000261.067, 172
Trd, 000261.300, 166
Trd, 000261.433, 172
Trd, 000262.233, 171
Trd, 000262.700, 170
Trd, 000262.800, 171
Trd, 000262.967, 172
Trd, 000264.000, 179
Trd, 000264.183, 177
Trd, 000264.483, 180
Trd, 000264.767, 173
Trd, 000265.617, 174
Trd, 000265.633, 173
Trd, 000265.767, 175
Trd, 000266.100, 175
Trd, 000266.250, 171
Trd, 000266.700, 173
Trd, 000266.917, 168
Trd, 000267.083, 174
Trd, 000267.450, 176
Trd, 000267.800, 175
Trd, 000268.517, 173
Trd, 000269.133, 175
Trd, 000269.283, 173
Trd, 000269.550, 176
Trd, 000269.717, 181
Trd, 000270.067, 184
Trd, 000270.500, 180
Trd, 000270.967, 181
Trd, 000271.517, 182
Trd, 000271.800, 181
Trd, 000271.883, 180
Trd, 000272.583, 182
Trd, 000272.633, 178
Trd, 000273.933, 180
Trd, 000274.217, 182
Trd, 000274.600, 181
Trd, 000275.050, 176
Trd, 000275.817, 174
Trd, 000276.350, 176
Trd, 000276.550, 177
Trd, 000276.950, 179
Trd, 000278.167, 179
Trd, 000278.200, 183
Trd, 000278.367, 183
Trd, 000278.517, 181
Trd, 000278.817, 180
Trd, 000278.950, 186
Trd, 000279.333, 188
Trd, 000279.833, 185
Trd, 000280.583, 182
Trd, 000280.867, 181
Trd, 000281.067, 179
Trd, 000281.733, 178
Trd, 000282.417, 176
Trd, 000282.683, 172
Trd, 000282.750, 176
Trd, 000283.700, 178
Trd, 000284.117, 183
Trd, 000284.183, 175
Trd, 000284.983, 183
Trd, 000285.050, 175
Trd, 000285.817, 174
Trd, 000286.150, 173
Trd, 000286.167, 174
Trd, 000286.200, 172
Trd, 000287.050, 175
Trd, 000287.150, 170
Trd, 000287.283, 176
Trd, 000287.883, 169
Trd, 000288.300, 173
Trd, 000288.983, 167
Trd, 000289.167, 166
Trd, 000290.617, 166
Trd, 000291.400, 166
Trd, 000291.667, 167
Trd, 000292.017, 168
Trd, 000292.500, 169
Trd, 000292.883, 168
Trd, 000292.967, 168
Trd, 000293.100, 170
Trd, 000293.533, 171
Trd, 000294.100, 171
Trd, 000294.900, 171
Trd, 000295.350, 172
Trd, 000295.600, 172
Trd, 000296.383, 172
Trd, 000296.467, 173
Trd, 000296.617, 172
Trd, 000296.683, 177
Trd, 000297.900, 179
Trd, 000298.317, 172
Trd, 000298.783, 173
Trd, 000299.067, 172
Trd, 000299.333, 172
Trd, 000299.400, 174
Trd, 000299.600, 173
