Trd, 000001.583, 131
Trd, 000002.433, 171
Trd, 000002.733, 138
Trd, 000002.900, 106
Trd, 000003.600, 135
Trd, 000003.800, 134
Trd, 000003.950, 168
Trd, 000004.350, 117
Trd, 000005.000, 153
Trd, 000005.900, 155
Trd, 000005.967, 154
Trd, 000006.150, 162
Trd, 000007.017, 156
Trd, 000009.017, 156
Trd, 000009.633, 152
Trd, 000009.750, 148
Trd, 000009.933, 157
Trd, 000010.667, 156
Trd, 000010.917, 145
Trd, 000011.617, 141
Trd, 000013.083, 151
Trd, 000013.117, 149
Trd, 000013.733, 152
Trd, 000014.383, 151
Trd, 000014.750, 145
Trd, 000015.367, 149
Trd, 000015.817, 150
Trd, 000015.900, 142
Trd, 000015.967, 149
Trd, 000016.350, 152
Trd, 000016.400, 139
Trd, 000016.933, 140
Trd, 000017.233, 138
Trd, 000017.650, 151
Trd, 000019.733, 151
Trd, 000020.300, 152
Trd, 000020.383, 153
Trd, 000020.400, 150
Trd, 000020.783, 147
Trd, 000022.017, 146
Trd, 000022.200, 153
Trd, 000022.317, 156
Trd, 000023.850, 147
Trd, 000025.667, 147
Trd, 000026.600, 150
Trd, 000026.817, 147
Trd, 000026.867, 147
Trd, 000027.067, 151
Trd, 000027.783, 143
Trd, 000028.417, 139
Trd, 000028.833, 151
Trd, 000028.867, 135
Trd, 000029.417, 154
Trd, 000030.550, 137
Trd, 000030.967, 149
Trd, 000031.600, 147
Trd, 000032.550, 134
Trd, 000033.200, 130
Trd, 000033.317, 147
Trd, 000033.667, 148
Trd, 000033.700, 158
Trd, 000035.133, 142
Trd, 000036.183, 150
Trd, 000036.317, 143
Trd, 000036.350, 150
Trd, 000036.783, 146
Trd, 000037.417, 150
Trd, 000038.150, 145
Trd, 000038.433, 145
Trd, 000038.617, 144
Trd, 000038.883, 151
Trd, 000038.917, 140
Trd, 000039.183, 135
Trd, 000040.267, 150
Trd, 000040.600, 148
Trd, 000041.083, 150
Trd, 000041.350, 151
Trd, 000041.450, 145
Trd, 000042.633, 146
Trd, 000043.067, 154
Trd, 000044.083, 152
Trd, 000044.450, 145
Trd, 000044.850, 152
Trd, 000045.150, 148
Trd, 000046.233, 150
Trd, 000047.850, 145
Trd, 000047.933, 146
Trd, 000048.267, 147
Trd, 000048.917, 144
Trd, 000049.517, 136
Trd, 000049.867, 147
Trd, 000050.200, 148
Trd, 000050.717, 149
Trd, 000050.800, 144
Trd, 000050.917, 143
Trd, 000051.150, 160
Trd, 000051.283, 137
Trd, 000051.483, 152
Trd, 000052.150, 141
Trd, 000053.950, 150
Trd, 000054.017, 150
Trd, 000054.033, 151
Trd, 000055.800, 147
Trd, 000057.517, 155
Trd, 000057.850, 148
Trd, 000057.900, 157
Trd, 000058.300, 147
Trd, 000058.583, 146
Trd, 000059.100, 143
Trd, 000060.200, 161
Trd, 000060.967, 149
Trd, 000061.600, 149
Trd, 000062.183, 149
Trd, 000062.583, 148
Trd, 000063.050, 149
Trd, 000063.117, 146
Trd, 000064.017, 157
Trd, 000064.050, 150
Trd, 000064.233, 161
Trd, 000064.467, 147
Trd, 000064.517, 146
Trd, 000064.667, 137
Trd, 000065.700, 164
Trd, 000065.850, 133
Trd, 000067.033, 162
Trd, 000067.133, 163
Trd, 000068.400, 154
Trd, 000068.567, 158
Trd, 000069.483, 154
Trd, 000070.533, 148
Trd, 000070.617, 152
Trd, 000071.167, 147
Trd, 000072.950, 149
Trd, 000073.233, 150
Trd, 000074.000, 150
Trd, 000074.017, 149
Trd, 000074.933, 151
Trd, 000075.000, 148
Trd, 000075.133, 148
Trd, 000075.450, 149
Trd, 000075.617, 146
Trd, 000076.033, 144
Trd, 000076.300, 150
Trd, 000076.483, 158
Trd, 000076.717, 162
Trd, 000077.617, 147
Trd, 000077.767, 145
Trd, 000078.567, 140
Trd, 000080.167, 150
Trd, 000080.450, 151
Trd, 000081.133, 150
Trd, 000081.733, 146
Trd, 000084.033, 146
Trd, 000084.133, 147
Trd, 000084.250, 146
Trd, 000084.267, 148
Trd, 000084.400, 156
Trd, 000084.783, 145
Trd, 000085.133, 135
Trd, 000087.083, 156
Trd, 000087.117, 140
Trd, 000087.367, 141
Trd, 000087.417, 158
Trd, 000087.450, 159
Trd, 000087.817, 170
Trd, 000088.217, 142
Trd, 000088.850, 157
Trd, 000088.933, 142
Trd, 000089.133, 152
Trd, 000090.733, 146
Trd, 000091.050, 155
Trd, 000091.133, 148
Trd, 000091.733, 159
Trd, 000093.350, 154
Trd, 000093.600, 156
Trd, 000093.867, 155
Trd, 000094.933, 155
Trd, 000095.383, 153
Trd, 000096.450, 146
Trd, 000096.683, 142
Trd, 000097.417, 149
Trd, 000097.700, 152
Trd, 000099.100, 149
Trd, 000099.983, 148
Trd, 000100.233, 147
Trd, 000100.583, 150
Trd, 000101.583, 150
Trd, 000102.067, 146
Trd, 000102.867, 147
Trd, 000103.017, 149
Trd, 000103.083, 150
Trd, 000103.100, 146
Trd, 000103.183, 151
Trd, 000103.300, 145
Trd, 000104.083, 161
Trd, 000104.950, 147
Trd, 000105.183, 146
Trd, 000105.300, 171
Trd, 000106.933, 169
Trd, 000107.000, 156
Trd, 000107.167, 155
Trd, 000107.400, 171
Trd, 000107.917, 141
Trd, 000108.183, 171
Trd, 000109.317, 155
Trd, 000109.783, 148
Trd, 000110.483, 162
Trd, 000110.667, 150
Trd, 000111.267, 150
Trd, 000112.050, 149
Trd, 000112.250, 162
Trd, 000113.317, 162
Trd, 000113.767, 159
Trd, 000116.200, 156
Trd, 000116.383, 155
Trd, 000116.800, 154
Trd, 000118.000, 152
Trd, 000118.817, 154
Trd, 000119.633, 152
Trd, 000119.933, 153
Trd, 000120.017, 153
Trd, 000120.150, 149
Trd, 000120.267, 148
Trd, 000121.783, 155
Trd, 000121.933, 163
Trd, 000122.083, 167
Trd, 000122.350, 174
Trd, 000122.767, 212
Trd, 000122.900, 162
Trd, 000122.933, 226
Trd, 000123.700, 225
Trd, 000124.233, 194
Trd, 000124.767, 289
Trd, 000124.833, 305
Trd, 000125.317, 306.0
Trd, 000125.500, 317.0
Trd, 000125.717, 324.0
Trd, 000126.017, 303.0
Trd, 000126.050, 310.0
Trd, 000127.867, 306.0
Trd, 000129.383, 324.0
Trd, 000129.883, 331.0
Trd, 000129.967, 348
Trd, 000130.617, 324
Trd, 000130.800, 349
Trd, 000131.467, 346
Trd, 000131.517, 324
Trd, 000132.167, 339
Trd, 000132.317, 349
Trd, 000133.467, 338
Trd, 000134.533, 340
Trd, 000134.717, 350
Trd, 000135.250, 339
Trd, 000136.250, 340
Trd, 000136.567, 341
Trd, 000136.650, 345
Trd, 000136.733, 350
Trd, 000137.000, 337.0
Trd, 000137.267, 351
Trd, 000137.733, 337
Trd, 000137.933, 355.0
Trd, 000138.133, 359
Trd, 000138.267, 340
Trd, 000139.450, 338
Trd, 000141.667, 340
Trd, 000141.933, 343
Trd, 000142.883, 343
Trd, 000144.000, 342
Trd, 000144.633, 339
Trd, 000144.767, 335
Trd, 000145.183, 339
Trd, 000145.250, 342
Trd, 000145.350, 344
Trd, 000145.717, 341
Trd, 000146.067, 337
Trd, 000147.200, 345
Trd, 000147.383, 335
Trd, 000148.417, 341
Trd, 000148.683, 336.0
Trd, 000149.350, 341.0
Trd, 000149.567, 335
Trd, 000149.933, 335
Trd, 000150.100, 334
Trd, 000150.750, 341
Trd, 000151.250, 341
Trd, 000152.067, 355.0
Trd, 000152.617, 352
Trd, 000153.000, 355.0
Trd, 000153.100, 343
Trd, 000153.367, 337
Trd, 000153.767, 350
Trd, 000154.300, 333.0
Trd, 000156.383, 337.0
Trd, 000157.367, 339
Trd, 000158.467, 338
Trd, 000158.533, 341
Trd, 000158.867, 337
Trd, 000159.083, 340.0
Trd, 000159.717, 339
Trd, 000161.017, 340.0
Trd, 000161.083, 341.0
Trd, 000161.417, 340
Trd, 000161.667, 347
Trd, 000162.517, 344
Trd, 000163.150, 343
Trd, 000163.383, 350
Trd, 000163.900, 339
Trd, 000164.000, 334
Trd, 000165.000, 349
Trd, 000166.267, 336.0
Trd, 000166.283, 339
Trd, 000166.617, 335.0
Trd, 000167.067, 338
Trd, 000167.483, 350
Trd, 000167.650, 331.0
Trd, 000168.033, 327.0
Trd, 000168.617, 324
Trd, 000169.250, 331.0
Trd, 000171.117, 340
Trd, 000173.233, 341.0
Trd, 000173.250, 342
Trd, 000173.667, 339
Trd, 000175.350, 337
Trd, 000175.600, 336
Trd, 000175.767, 341
Trd, 000175.850, 337
Trd, 000176.800, 351
Trd, 000177.700, 343
Trd, 000178.717, 343
Trd, 000179.250, 343
Trd, 000179.450, 340
Trd, 000179.467, 339
Trd, 000179.583, 343
Trd, 000180.050, 342
Trd, 000181.433, 337.0
Trd, 000181.567, 336.0
Trd, 000181.733, 331
Trd, 000181.833, 331.0
Trd, 000182.150, 327.0
Trd, 000182.233, 323
Trd, 000182.517, 340.0
Trd, 000182.533, 341.0
Trd, 000183.267, 312
Trd, 000183.450, 287
Trd, 000183.767, 267
Trd, 000183.917, 176
Trd, 000185.850, 193
Trd, 000186.033, 175
Trd, 000186.100, 179
Trd, 000186.267, 173
Trd, 000187.583, 197
Trd, 000188.100, 194
Trd, 000188.983, 189
Trd, 000189.550, 178
Trd, 000190.383, 190
Trd, 000190.633, 181
Trd, 000191.433, 177
Trd, 000191.700, 177
Trd, 000192.800, 179
Trd, 000193.183, 175
Trd, 000193.467, 174
Trd, 000194.383, 170
Trd, 000195.100, 163
Trd, 000195.583, 169
Trd, 000195.967, 170
Trd, 000196.150, 158
Trd, 000197.033, 157
Trd, 000197.717, 157
Trd, 000197.850, 158
Trd, 000197.900, 156
Trd, 000198.217, 161
Trd, 000199.417, 161
Trd, 000199.600, 162
Trd, 000200.950, 156
Trd, 000201.633, 161
Trd, 000201.850, 162
Trd, 000202.167, 163
Trd, 000202.233, 160
Trd, 000202.300, 160
Trd, 000202.650, 160
Trd, 000202.983, 159
Trd, 000203.650, 157
Trd, 000203.783, 163
Trd, 000204.167, 156
Trd, 000204.767, 169
Trd, 000205.283, 171
Trd, 000205.350, 173
Trd, 000205.717, 152
Trd, 000205.850, 151
Trd, 000206.983, 167
Trd, 000208.367, 169
Trd, 000208.950, 168
Trd, 000210.283, 167
Trd, 000210.567, 168
Trd, 000211.083, 167
Trd, 000211.200, 166
Trd, 000212.050, 167
Trd, 000212.233, 165
Trd, 000213.750, 167
Trd, 000213.900, 168
Trd, 000215.000, 164
Trd, 000215.117, 164
Trd, 000215.417, 165
Trd, 000215.683, 161
Trd, 000216.250, 166
Trd, 000217.200, 154
Trd, 000217.833, 167
Trd, 000218.483, 167
Trd, 000218.600, 156
Trd, 000219.333, 158
Trd, 000219.483, 161
Trd, 000220.150, 178
Trd, 000220.200, 177
Trd, 000220.750, 169
Trd, 000221.317, 171
Trd, 000221.633, 160
Trd, 000222.333, 172
Trd, 000223.883, 170
Trd, 000224.450, 173
Trd, 000224.750, 164
Trd, 000225.000, 162
Trd, 000225.800, 177
Trd, 000226.750, 167
Trd, 000227.067, 174
Trd, 000227.217, 166
Trd, 000227.367, 174
Trd, 000228.083, 166
Trd, 000228.667, 167
Trd, 000228.850, 166
Trd, 000229.433, 178
Trd, 000229.883, 165
Trd, 000230.417, 177
Trd, 000230.817, 163
Trd, 000231.350, 160
Trd, 000233.033, 169
Trd, 000233.150, 172
Trd, 000233.400, 161
Trd, 000233.550, 160
Trd, 000234.750, 170
Trd, 000234.950, 176
Trd, 000235.083, 177
Trd, 000237.033, 165
Trd, 000237.117, 179
Trd, 000238.550, 179
Trd, 000238.800, 180
Trd, 000240.083, 178
Trd, 000240.267, 177
Trd, 000240.350, 178
Trd, 000240.400, 168
Trd, 000240.750, 179
Trd, 000241.117, 181
Trd, 000241.633, 174
Trd, 000242.283, 179
Trd, 000242.333, 178
Trd, 000242.583, 186
Trd, 000243.550, 183
Trd, 000243.967, 183
Trd, 000244.333, 179
Trd, 000244.750, 175
Trd, 000245.133, 182
Trd, 000245.650, 174
Trd, 000246.767, 175
Trd, 000247.233, 178
Trd, 000247.583, 179
Trd, 000248.150, 173
Trd, 000248.250, 178
Trd, 000248.567, 171
Trd, 000248.633, 178
Trd, 000249.917, 177
Trd, 000250.400, 176
Trd, 000250.617, 178
Trd, 000250.833, 179
Trd, 000251.100, 175
Trd, 000251.867, 174
Trd, 000252.283, 173
Trd, 000252.350, 169
Trd, 000253.083, 166
Trd, 000253.817, 174
Trd, 000253.967, 175
Trd, 000254.283, 174
Trd, 000254.483, 173
Trd, 000254.517, 171
Trd, 000254.733, 169
Trd, 000255.417, 174
Trd, 000255.633, 180
Trd, 000256.283, 183
Trd, 000256.617, 187
Trd, 000257.433, 188
Trd, 000257.617, 189
Trd, 000257.633, 186
Trd, 000257.850, 189
Trd, 000258.367, 186
Trd, 000258.667, 186
Trd, 000258.967, 181
Trd, 000258.983, 165
Trd, 000260.017, 166
Trd, 000261.233, 180
Trd, 000261.783, 180
Trd, 000261.817, 177
Trd, 000262.300, 180
Trd, 000262.333, 181
Trd, 000262.433, 181
Trd, 000262.633, 183
Trd, 000263.167, 181
Trd, 000263.250, 184
Trd, 000263.433, 181
Trd, 000263.783, 180
Trd, 000265.083, 165
Trd, 000265.183, 163
Trd, 000265.617, 176
Trd, 000265.733, 179
Trd, 000266.567, 178
Trd, 000267.417, 180
Trd, 000267.817, 184
Trd, 000267.933, 185
Trd, 000268.500, 184
Trd, 000268.567, 179
Trd, 000268.633, 170
Trd, 000268.883, 182
Trd, 000269.567, 186
Trd, 000270.117, 178
Trd, 000270.517, 183
Trd, 000270.700, 185
Trd, 000271.117, 180
Trd, 000272.050, 182
Trd, 000272.600, 171
Trd, 000273.167, 185
Trd, 000273.400, 183
Trd, 000273.667, 186
Trd, 000274.717, 182
Trd, 000275.167, 188
Trd, 000275.400, 185
Trd, 000275.850, 179
Trd, 000275.917, 184
Trd, 000276.217, 181
Trd, 000276.267, 184
Trd, 000276.400, 171
Trd, 000276.633, 185
Trd, 000276.950, 167
Trd, 000277.217, 181
Trd, 000278.200, 182
Trd, 000278.850, 190
Trd, 000278.883, 186
Trd, 000279.367, 187
Trd, 000280.267, 185
Trd, 000280.583, 178
Trd, 000281.033, 183
Trd, 000281.117, 172
Trd, 000281.517, 173
Trd, 000281.533, 172
Trd, 000281.633, 176
Trd, 000282.017, 185
Trd, 000282.167, 186
Trd, 000282.833, 186
Trd, 000283.133, 181
Trd, 000283.717, 168
Trd, 000284.017, 177
Trd, 000284.500, 172
Trd, 000284.800, 177
Trd, 000284.817, 179
Trd, 000284.983, 183
Trd, 000285.350, 183
Trd, 000285.450, 176
Trd, 000285.867, 165
Trd, 000287.100, 175
Trd, 000287.850, 180
Trd, 000287.933, 181
Trd, 000288.950, 180
Trd, 000290.100, 183
Trd, 000290.633, 180
Trd, 000290.700, 177
Trd, 000290.733, 182
Trd, 000291.250, 182
Trd, 000291.517, 183
Trd, 000292.050, 184
Trd, 000292.133, 176
Trd, 000292.350, 185
Trd, 000293.250, 177
Trd, 000293.383, 181
Trd, 000293.850, 181
Trd, 000294.250, 181
Trd, 000294.450, 174
Trd, 000295.167, 182
Trd, 000295.383, 176
Trd, 000297.017, 174
Trd, 000297.283, 181
Trd, 000297.317, 182
Trd, 000297.367, 184
Trd, 000297.650, 187
Trd, 000297.900, 186
Trd, 000298.033, 185
Trd, 000298.083, 192
Trd, 000298.433, 176
