Trd, 000001.600, 186
Trd, 000001.700, 122
Trd, 000002.800, 141
Trd, 000003.100, 144
Trd, 000003.183, 128
Trd, 000003.600, 145
Trd, 000004.333, 115
Trd, 000004.917, 142
Trd, 000005.550, 148
Trd, 000005.783, 134
Trd, 000005.967, 148
Trd, 000008.650, 136
Trd, 000009.317, 136
Trd, 000009.450, 140
Trd, 000009.600, 142
Trd, 000009.667, 137
Trd, 000010.150, 143
Trd, 000010.300, 144
Trd, 000010.583, 145
Trd, 000010.667, 149
Trd, 000010.717, 152
Trd, 000010.833, 140
Trd, 000011.983, 155
Trd, 000013.950, 145
Trd, 000014.167, 156
Trd, 000014.183, 156
Trd, 000014.633, 141
Trd, 000015.183, 142
Trd, 000015.267, 141
Trd, 000015.467, 140
Trd, 000015.917, 149
Trd, 000016.183, 150
Trd, 000016.833, 150
Trd, 000016.850, 141
Trd, 000017.267, 150
Trd, 000018.417, 146
Trd, 000019.350, 150
Trd, 000019.467, 147
Trd, 000019.483, 145
Trd, 000020.183, 133
Trd, 000020.217, 154
Trd, 000020.733, 133
Trd, 000021.467, 157
Trd, 000021.767, 146
Trd, 000023.650, 144
Trd, 000023.883, 145
Trd, 000023.983, 146
Trd, 000024.367, 146
Trd, 000025.400, 146
Trd, 000025.450, 150
Trd, 000025.833, 146
Trd, 000026.233, 145
Trd, 000027.683, 148
Trd, 000028.067, 146
Trd, 000028.100, 153
Trd, 000028.517, 158
Trd, 000028.650, 157
Trd, 000029.467, 171
Trd, 000030.317, 145
Trd, 000030.450, 141
Trd, 000030.517, 145
Trd, 000030.667, 138
Trd, 000030.750, 147
Trd, 000030.983, 154
Trd, 000031.100, 137
Trd, 000031.400, 151
Trd, 000031.867, 134
Trd, 000032.700, 171
Trd, 000032.967, 165
Trd, 000033.317, 159
Trd, 000034.617, 151
Trd, 000034.767, 154
Trd, 000035.717, 147
Trd, 000035.733, 155
Trd, 000036.883, 153
Trd, 000037.150, 154
Trd, 000037.400, 154
Trd, 000037.483, 150
Trd, 000037.850, 155
Trd, 000038.367, 154
Trd, 000038.433, 147
Trd, 000039.283, 158
Trd, 000040.150, 151
Trd, 000040.200, 150
Trd, 000040.933, 147
Trd, 000041.567, 147
Trd, 000042.067, 152
Trd, 000042.333, 140
Trd, 000042.533, 155
Trd, 000042.767, 159
Trd, 000043.517, 179
Trd, 000043.583, 160
Trd, 000043.917, 186
Trd, 000044.283, 158
Trd, 000044.683, 157
Trd, 000044.850, 167
Trd, 000045.650, 170
Trd, 000046.433, 168
Trd, 000046.517, 157
Trd, 000047.483, 154
Trd, 000047.883, 152
Trd, 000049.117, 160
Trd, 000049.150, 135
Trd, 000050.167, 147
Trd, 000050.617, 149
Trd, 000050.900, 156
Trd, 000051.067, 141
Trd, 000051.250, 155
Trd, 000052.000, 156
Trd, 000052.083, 159
Trd, 000052.217, 160
Trd, 000052.250, 143
Trd, 000052.633, 160
Trd, 000053.967, 144
Trd, 000054.083, 145
Trd, 000054.583, 146
Trd, 000054.700, 144
Trd, 000055.350, 144
Trd, 000056.333, 153
Trd, 000057.367, 151
Trd, 000058.150, 149
Trd, 000058.383, 148
Trd, 000058.400, 154
Trd, 000058.483, 146
Trd, 000058.567, 156
Trd, 000059.650, 147
Trd, 000060.517, 148
Trd, 000061.133, 145
Trd, 000061.233, 149
Trd, 000061.450, 150
Trd, 000061.983, 153
Trd, 000062.800, 148
Trd, 000063.017, 157
Trd, 000063.817, 158
Trd, 000064.000, 146
Trd, 000064.267, 159
Trd, 000064.817, 141
Trd, 000064.950, 161
Trd, 000066.100, 149
Trd, 000066.217, 147
Trd, 000066.933, 150
Trd, 000068.100, 155
Trd, 000068.450, 149
Trd, 000069.733, 153
Trd, 000069.750, 149
Trd, 000069.933, 153
Trd, 000070.100, 148
Trd, 000070.933, 150
Trd, 000071.683, 147
Trd, 000072.517, 149
Trd, 000072.700, 155
Trd, 000073.583, 149
Trd, 000073.850, 148
Trd, 000074.150, 151
Trd, 000074.317, 148
Trd, 000074.600, 182
Trd, 000074.783, 164
Trd, 000074.933, 155
Trd, 000075.233, 149
Trd, 000075.883, 156
Trd, 000077.067, 152
Trd, 000077.300, 150
Trd, 000077.550, 150
Trd, 000077.917, 153
Trd, 000078.967, 156
Trd, 000079.067, 143
Trd, 000080.250, 145
Trd, 000080.800, 150
Trd, 000080.983, 151
Trd, 000082.550, 151
Trd, 000082.633, 152
Trd, 000083.550, 146
Trd, 000083.883, 149
Trd, 000084.400, 135
Trd, 000084.567, 156
Trd, 000085.017, 139
Trd, 000085.333, 149
Trd, 000086.217, 139
Trd, 000086.533, 148
Trd, 000086.700, 147
Trd, 000086.733, 141
Trd, 000087.133, 147
Trd, 000088.183, 145
Trd, 000088.983, 153
Trd, 000089.600, 147
Trd, 000089.733, 157
Trd, 000089.817, 160
Trd, 000090.333, 162
Trd, 000090.450, 150
Trd, 000090.917, 159
Trd, 000091.717, 158
Trd, 000092.317, 155
Trd, 000092.417, 164
Trd, 000092.600, 154
Trd, 000092.867, 185
Trd, 000093.317, 154
Trd, 000094.017, 153
Trd, 000094.317, 152
Trd, 000094.800, 153
Trd, 000094.833, 154
Trd, 000096.533, 155
Trd, 000096.817, 154
Trd, 000097.017, 156
Trd, 000097.467, 152
Trd, 000097.650, 146
Trd, 000097.817, 158
Trd, 000098.233, 137
Trd, 000098.300, 155
Trd, 000098.483, 158
Trd, 000100.233, 155
Trd, 000100.250, 154
Trd, 000101.450, 152
Trd, 000101.583, 152
Trd, 000102.167, 154
Trd, 000102.750, 161
Trd, 000103.500, 155
Trd, 000104.083, 155
Trd, 000105.033, 156
Trd, 000105.283, 153
Trd, 000105.333, 154
Trd, 000105.550, 146
Trd, 000107.700, 155
Trd, 000108.050, 152
Trd, 000108.283, 146
Trd, 000108.717, 155
Trd, 000108.817, 159
Trd, 000109.300, 151
Trd, 000109.383, 152
Trd, 000109.817, 159
Trd, 000109.967, 159
Trd, 000111.050, 161
Trd, 000111.217, 155
Trd, 000112.200, 162
Trd, 000112.567, 163
Trd, 000112.983, 186
Trd, 000113.250, 187
Trd, 000113.317, 179
Trd, 000113.417, 173
Trd, 000113.650, 157
Trd, 000113.733, 189
Trd, 000114.550, 176
Trd, 000116.417, 142
Trd, 000116.833, 153
Trd, 000117.117, 150
Trd, 000117.367, 159
Trd, 000117.533, 163
Trd, 000118.400, 155
Trd, 000118.783, 156
Trd, 000119.600, 168
Trd, 000119.783, 164
Trd, 000119.900, 155
Trd, 000120.650, 160
Trd, 000120.950, 155
Trd, 000120.967, 148
Trd, 000121.017, 173
Trd, 000121.033, 190
Trd, 000121.717, 156
Trd, 000121.783, 165
Trd, 000121.967, 166
Trd, 000122.883, 285
Trd, 000122.967, 303.0
Trd, 000123.383, 309
Trd, 000124.050, 309
Trd, 000124.067, 327.0
Trd, 000124.533, 348.0
Trd, 000124.783, 349
Trd, 000126.583, 338.0
Trd, 000126.867, 336
Trd, 000127.400, 333
Trd, 000127.617, 336.0
Trd, 000127.983, 330
Trd, 000128.917, 333.0
Trd, 000129.650, 344.0
Trd, 000129.950, 329.0
Trd, 000130.317, 347.0
Trd, 000130.933, 347.0
Trd, 000131.050, 348.0
Trd, 000131.067, 351
Trd, 000131.183, 335
Trd, 000131.917, 356
Trd, 000132.783, 340.0
Trd, 000133.217, 341.0
Trd, 000134.133, 334
Trd, 000135.300, 337
Trd, 000135.500, 341.0
Trd, 000136.000, 337
Trd, 000136.033, 342.0
Trd, 000136.317, 343
Trd, 000136.567, 344.0
Trd, 000137.717, 339
Trd, 000137.817, 341.0
Trd, 000137.900, 338
Trd, 000138.217, 355
Trd, 000138.550, 335
Trd, 000139.717, 333.0
Trd, 000140.917, 346
Trd, 000141.500, 341.0
Trd, 000142.217, 342.0
Trd, 000143.200, 336
Trd, 000143.367, 344.0
Trd, 000143.883, 344
Trd, 000144.117, 336
Trd, 000144.133, 336
Trd, 000147.033, 335
Trd, 000147.100, 336
Trd, 000147.150, 338
Trd, 000147.317, 344
Trd, 000148.050, 348.0
Trd, 000148.367, 351
Trd, 000148.467, 338
Trd, 000148.900, 346
Trd, 000149.183, 337
Trd, 000150.333, 336
Trd, 000150.467, 339.0
Trd, 000151.700, 340.0
Trd, 000152.033, 338
Trd, 000152.383, 337.0
Trd, 000152.533, 338.0
Trd, 000152.567, 341.0
Trd, 000154.317, 343.0
Trd, 000154.733, 337
Trd, 000155.133, 337
Trd, 000155.217, 344.0
Trd, 000156.467, 341.0
Trd, 000157.150, 342
Trd, 000157.900, 342
Trd, 000158.117, 342
Trd, 000158.267, 345
Trd, 000158.300, 351
Trd, 000159.600, 338
Trd, 000160.733, 337
Trd, 000160.950, 336
Trd, 000161.133, 344.0
Trd, 000161.183, 336
Trd, 000161.983, 348.0
Trd, 000162.767, 340.0
Trd, 000162.800, 338
Trd, 000163.733, 334
Trd, 000164.317, 328
Trd, 000164.967, 338.0
Trd, 000166.083, 338.0
Trd, 000166.733, 341.0
Trd, 000166.950, 342
Trd, 000168.550, 339
Trd, 000168.717, 348.0
Trd, 000169.233, 350
Trd, 000169.450, 338
Trd, 000169.750, 344.0
Trd, 000169.917, 337
Trd, 000170.267, 343
Trd, 000171.383, 339
Trd, 000171.400, 340.0
Trd, 000171.900, 337
Trd, 000172.417, 341
Trd, 000172.683, 341.0
Trd, 000173.000, 344.0
Trd, 000174.667, 346.0
Trd, 000174.850, 348.0
Trd, 000175.300, 342
Trd, 000176.183, 344
Trd, 000176.350, 343
Trd, 000176.750, 344.0
Trd, 000176.983, 352
Trd, 000177.583, 340
Trd, 000178.017, 336
Trd, 000179.250, 344
Trd, 000179.550, 343
Trd, 000180.117, 339
Trd, 000180.450, 337
Trd, 000180.950, 339.0
Trd, 000181.350, 331.0
Trd, 000181.833, 341.0
Trd, 000182.083, 347.0
Trd, 000182.317, 328.0
Trd, 000182.583, 328
Trd, 000182.850, 327.0
Trd, 000182.967, 305
Trd, 000183.583, 304
Trd, 000184.433, 302
Trd, 000184.683, 214
Trd, 000185.183, 212
Trd, 000185.550, 189
Trd, 000186.250, 193
Trd, 000186.317, 198
Trd, 000186.600, 186
Trd, 000186.883, 198
Trd, 000187.983, 183
Trd, 000189.817, 188
Trd, 000190.300, 187
Trd, 000190.517, 185
Trd, 000190.700, 180
Trd, 000190.917, 185
Trd, 000191.683, 171
Trd, 000191.800, 181
Trd, 000192.800, 179
Trd, 000192.967, 167
Trd, 000193.067, 178
Trd, 000194.500, 158
Trd, 000194.700, 172
Trd, 000195.450, 158
Trd, 000195.767, 159
Trd, 000196.050, 160
Trd, 000196.167, 155
Trd, 000196.867, 160
Trd, 000197.483, 164
Trd, 000198.233, 165
Trd, 000198.817, 156
Trd, 000200.133, 156
Trd, 000200.383, 161
Trd, 000201.167, 160
Trd, 000202.017, 161
Trd, 000202.917, 167
Trd, 000203.133, 168
Trd, 000204.267, 159
Trd, 000205.100, 164
Trd, 000206.250, 159
Trd, 000206.317, 160
Trd, 000206.383, 164
Trd, 000206.567, 159
Trd, 000206.900, 168
Trd, 000207.050, 158
Trd, 000207.333, 156
Trd, 000207.967, 152
Trd, 000208.017, 165
Trd, 000208.583, 157
Trd, 000209.567, 154
Trd, 000210.017, 155
Trd, 000210.083, 162
Trd, 000210.867, 169
Trd, 000211.017, 173
Trd, 000211.133, 176
Trd, 000212.017, 159
Trd, 000212.867, 167
Trd, 000213.550, 165
Trd, 000214.067, 169
Trd, 000214.867, 166
Trd, 000215.017, 166
Trd, 000215.233, 165
Trd, 000215.567, 166
Trd, 000215.783, 167
Trd, 000215.850, 157
Trd, 000216.433, 167
Trd, 000217.233, 163
Trd, 000217.850, 163
Trd, 000219.017, 164
Trd, 000220.200, 165
Trd, 000220.233, 166
Trd, 000220.283, 168
Trd, 000220.800, 163
Trd, 000221.717, 166
Trd, 000221.933, 170
Trd, 000222.100, 172
Trd, 000222.617, 173
Trd, 000223.433, 176
Trd, 000223.583, 163
Trd, 000223.817, 176
Trd, 000224.050, 162
Trd, 000224.250, 177
Trd, 000224.783, 184
Trd, 000225.467, 165
Trd, 000225.683, 168
Trd, 000227.083, 166
Trd, 000227.833, 174
Trd, 000227.900, 199
Trd, 000228.567, 177
Trd, 000228.700, 169
Trd, 000228.817, 169
Trd, 000229.467, 177
Trd, 000230.050, 178
Trd, 000230.417, 178
Trd, 000230.800, 168
Trd, 000231.017, 178
Trd, 000231.167, 191
Trd, 000231.233, 167
Trd, 000232.417, 159
Trd, 000232.567, 167
Trd, 000234.167, 167
Trd, 000234.183, 197
Trd, 000234.733, 166
Trd, 000234.883, 164
Trd, 000235.267, 171
Trd, 000235.600, 180
Trd, 000236.200, 171
Trd, 000236.267, 160
Trd, 000236.333, 157
Trd, 000237.017, 158
Trd, 000237.533, 175
Trd, 000238.433, 175
Trd, 000238.567, 176
Trd, 000239.300, 165
Trd, 000240.100, 165
Trd, 000240.150, 166
Trd, 000240.367, 167
Trd, 000240.533, 167
Trd, 000241.283, 166
Trd, 000241.317, 165
Trd, 000241.517, 165
Trd, 000242.233, 167
Trd, 000242.417, 166
Trd, 000242.950, 163
Trd, 000243.033, 164
Trd, 000243.083, 168
Trd, 000244.100, 163
Trd, 000244.500, 166
Trd, 000245.333, 172
Trd, 000245.633, 167
Trd, 000246.083, 172
Trd, 000246.417, 173
Trd, 000246.483, 169
Trd, 000246.817, 180
Trd, 000246.833, 188
Trd, 000247.317, 193
Trd, 000247.433, 168
Trd, 000248.833, 171
Trd, 000249.400, 183
Trd, 000249.417, 185
Trd, 000250.217, 193
Trd, 000250.267, 190
Trd, 000250.950, 193
Trd, 000251.183, 190
Trd, 000251.933, 190
Trd, 000252.733, 187
Trd, 000253.567, 187
Trd, 000254.200, 187
Trd, 000254.233, 188
Trd, 000254.267, 186
Trd, 000255.217, 179
Trd, 000255.617, 184
Trd, 000256.183, 186
Trd, 000256.567, 186
Trd, 000256.617, 185
Trd, 000256.750, 183
Trd, 000257.200, 185
Trd, 000257.317, 187
Trd, 000257.350, 181
Trd, 000257.467, 190
Trd, 000257.717, 180
Trd, 000258.917, 187
Trd, 000259.083, 194
Trd, 000259.517, 187
Trd, 000259.950, 185
Trd, 000260.017, 191
Trd, 000260.200, 192
Trd, 000260.583, 184
Trd, 000261.900, 185
Trd, 000262.150, 181
Trd, 000262.333, 174
Trd, 000262.833, 174
Trd, 000263.033, 174
Trd, 000263.117, 176
Trd, 000263.600, 176
Trd, 000263.650, 175
Trd, 000264.067, 174
Trd, 000264.183, 176
Trd, 000264.533, 177
Trd, 000264.650, 176
Trd, 000264.767, 181
Trd, 000266.000, 184
Trd, 000267.267, 197
Trd, 000267.583, 195
Trd, 000267.683, 180
Trd, 000267.717, 174
Trd, 000268.117, 177
Trd, 000268.567, 174
Trd, 000268.883, 175
Trd, 000268.900, 194
Trd, 000269.600, 187
Trd, 000269.700, 191
Trd, 000269.950, 172
Trd, 000270.300, 171
Trd, 000270.583, 188
Trd, 000270.617, 189
Trd, 000270.933, 169
Trd, 000271.483, 180
Trd, 000271.517, 168
Trd, 000272.167, 187
Trd, 000272.633, 164
Trd, 000273.433, 188
Trd, 000273.883, 186
Trd, 000274.167, 185
Trd, 000274.517, 182
Trd, 000274.550, 190
Trd, 000274.950, 171
Trd, 000275.000, 171
Trd, 000275.300, 188
Trd, 000275.767, 186
Trd, 000275.917, 182
Trd, 000276.200, 187
Trd, 000276.400, 188
Trd, 000276.483, 193
Trd, 000276.583, 183
Trd, 000277.033, 176
Trd, 000278.183, 172
Trd, 000278.833, 180
Trd, 000279.433, 180
Trd, 000279.483, 174
Trd, 000279.833, 187
Trd, 000280.217, 193
Trd, 000281.150, 198
Trd, 000281.283, 190
Trd, 000281.367, 199
Trd, 000281.567, 187
Trd, 000281.750, 197
Trd, 000282.233, 188
Trd, 000282.317, 179
Trd, 000282.400, 200
Trd, 000282.417, 169
Trd, 000282.550, 203
Trd, 000282.983, 196
Trd, 000283.133, 190
Trd, 000284.033, 182
Trd, 000284.267, 171
Trd, 000284.533, 164
Trd, 000284.633, 173
Trd, 000284.850, 159
Trd, 000285.867, 180
Trd, 000285.917, 181
Trd, 000286.750, 182
Trd, 000287.200, 176
Trd, 000287.333, 184
Trd, 000287.433, 185
Trd, 000287.733, 187
Trd, 000287.917, 175
Trd, 000288.033, 188
Trd, 000288.083, 184
Trd, 000288.600, 172
Trd, 000288.850, 171
Trd, 000289.283, 174
Trd, 000289.450, 175
Trd, 000289.467, 177
Trd, 000289.600, 171
Trd, 000289.717, 194
Trd, 000290.750, 200
Trd, 000291.233, 188
Trd, 000291.533, 193
Trd, 000292.100, 173
Trd, 000292.633, 181
Trd, 000293.150, 174
Trd, 000293.183, 184
Trd, 000293.317, 185
Trd, 000293.617, 173
Trd, 000294.067, 182
Trd, 000294.433, 170
Trd, 000294.517, 201
Trd, 000295.783, 168
Trd, 000296.133, 165
Trd, 000296.167, 168
Trd, 000296.350, 157
Trd, 000296.800, 170
Trd, 000297.250, 173
Trd, 000297.367, 177
Trd, 000297.900, 174
Trd, 000298.167, 202
Trd, 000298.683, 191
Trd, 000298.700, 202
