Trd, 000001.233, 166
Trd, 000001.650, 162
Trd, 000002.083, 162
Trd, 000004.400, 144
Trd, 000004.800, 148
Trd, 000005.133, 144
Trd, 000006.850, 141
Trd, 000007.717, 139
Trd, 000008.100, 142
Trd, 000008.117, 137
Trd, 000008.500, 149
Trd, 000008.683, 152
Trd, 000009.000, 143
Trd, 000009.100, 155
Trd, 000009.667, 162
Trd, 000010.167, 161
Trd, 000010.917, 157
Trd, 000011.767, 156
Trd, 000012.017, 151
Trd, 000013.750, 151
Trd, 000015.017, 144
Trd, 000015.450, 145
Trd, 000015.650, 140
Trd, 000016.250, 146
Trd, 000016.467, 146
Trd, 000016.500, 149
Trd, 000016.683, 155
Trd, 000017.183, 141
Trd, 000017.767, 149
Trd, 000018.067, 149
Trd, 000019.467, 146
Trd, 000021.717, 145
Trd, 000022.250, 145
Trd, 000022.383, 148
Trd, 000022.400, 150
Trd, 000024.583, 148
Trd, 000024.767, 148
Trd, 000025.633, 148
Trd, 000025.867, 146
Trd, 000025.983, 148
Trd, 000026.433, 149
Trd, 000027.200, 149
Trd, 000029.117, 152
Trd, 000029.467, 154
Trd, 000029.783, 153
Trd, 000030.317, 153
Trd, 000030.367, 154
Trd, 000031.250, 152
Trd, 000031.800, 153
Trd, 000031.967, 152
Trd, 000031.983, 154
Trd, 000032.400, 158
Trd, 000032.883, 164
Trd, 000033.300, 155
Trd, 000034.400, 154
Trd, 000034.550, 151
Trd, 000035.600, 151
Trd, 000035.867, 154
Trd, 000036.317, 152
Trd, 000036.950, 167
Trd, 000037.633, 162
Trd, 000038.783, 152
Trd, 000039.133, 150
Trd, 000039.767, 148
Trd, 000040.033, 155
Trd, 000042.050, 149
Trd, 000042.133, 147
Trd, 000042.250, 150
Trd, 000043.067, 149
Trd, 000043.667, 149
Trd, 000043.883, 149
Trd, 000044.267, 148
Trd, 000044.600, 149
Trd, 000044.667, 152
Trd, 000045.617, 147
Trd, 000045.883, 154
Trd, 000046.250, 155
Trd, 000047.917, 156
Trd, 000048.883, 159
Trd, 000048.900, 153
Trd, 000049.183, 160
Trd, 000049.800, 153
Trd, 000050.817, 156
Trd, 000051.183, 159
Trd, 000051.283, 157
Trd, 000051.633, 155
Trd, 000052.100, 158
Trd, 000052.117, 156
Trd, 000052.217, 159
Trd, 000052.233, 160
Trd, 000052.867, 155
Trd, 000053.467, 162
Trd, 000054.617, 160
Trd, 000055.283, 158
Trd, 000055.767, 159
Trd, 000055.783, 160
Trd, 000055.833, 158
Trd, 000056.383, 171
Trd, 000056.800, 157
Trd, 000056.867, 160
Trd, 000058.467, 157
Trd, 000059.117, 159
Trd, 000060.250, 161
Trd, 000060.633, 161
Trd, 000060.733, 157
Trd, 000061.183, 162
Trd, 000061.250, 163
Trd, 000062.317, 156
Trd, 000062.667, 168
Trd, 000063.633, 151
Trd, 000063.717, 160
Trd, 000065.133, 151
Trd, 000065.300, 152
Trd, 000065.967, 151
Trd, 000066.150, 145
Trd, 000066.783, 143
Trd, 000067.883, 144
Trd, 000067.967, 147
Trd, 000068.300, 143
Trd, 000070.283, 150
Trd, 000070.417, 151
Trd, 000070.867, 149
Trd, 000071.333, 152
Trd, 000071.650, 151
Trd, 000071.783, 151
Trd, 000072.267, 155
Trd, 000073.033, 158
Trd, 000073.800, 153
Trd, 000074.733, 156
Trd, 000075.417, 153
Trd, 000076.050, 152
Trd, 000076.083, 154
Trd, 000076.200, 155
Trd, 000076.217, 155
Trd, 000076.417, 159
Trd, 000077.250, 141
Trd, 000077.917, 154
Trd, 000078.850, 155
Trd, 000079.983, 150
Trd, 000080.700, 150
Trd, 000080.750, 151
Trd, 000080.883, 149
Trd, 000081.517, 149
Trd, 000081.683, 150
Trd, 000081.917, 153
Trd, 000083.317, 153
Trd, 000083.467, 154
Trd, 000083.900, 147
Trd, 000084.917, 156
Trd, 000085.250, 169
Trd, 000085.500, 163
Trd, 000085.900, 163
Trd, 000086.267, 170
Trd, 000086.917, 164
Trd, 000087.433, 164
Trd, 000087.883, 166
Trd, 000088.133, 157
Trd, 000089.417, 157
Trd, 000089.500, 156
Trd, 000089.900, 160
Trd, 000090.250, 160
Trd, 000090.750, 142
Trd, 000091.200, 159
Trd, 000091.383, 160
Trd, 000091.867, 154
Trd, 000092.433, 152
Trd, 000092.667, 153
Trd, 000092.783, 154
Trd, 000094.633, 157
Trd, 000095.850, 156
Trd, 000095.983, 155
Trd, 000096.600, 155
Trd, 000097.283, 161
Trd, 000097.633, 158
Trd, 000097.850, 155
Trd, 000098.500, 152
Trd, 000099.833, 153
Trd, 000100.067, 154
Trd, 000101.283, 154
Trd, 000101.483, 153
Trd, 000101.683, 151
Trd, 000102.900, 155
Trd, 000103.883, 155
Trd, 000105.400, 155
Trd, 000105.517, 155
Trd, 000105.883, 155
Trd, 000106.167, 155
Trd, 000106.783, 154
Trd, 000108.433, 156
Trd, 000109.300, 171
Trd, 000110.383, 159
Trd, 000111.133, 164
Trd, 000111.217, 161
Trd, 000111.300, 165
Trd, 000111.800, 173
Trd, 000112.017, 166
Trd, 000112.633, 162
Trd, 000113.500, 169
Trd, 000114.067, 161
Trd, 000114.583, 149
Trd, 000115.667, 153
Trd, 000115.900, 154
Trd, 000116.100, 159
Trd, 000116.133, 150
Trd, 000116.367, 161
Trd, 000117.350, 160
Trd, 000119.083, 152
Trd, 000119.217, 152
Trd, 000119.433, 155
Trd, 000119.717, 152
Trd, 000119.767, 154
Trd, 000120.317, 155
Trd, 000120.450, 160
Trd, 000121.350, 159
Trd, 000121.883, 160
Trd, 000121.933, 160
Trd, 000121.967, 163
Trd, 000122.167, 165
Trd, 000122.333, 167
Trd, 000122.433, 167
Trd, 000122.683, 184
Trd, 000122.767, 207
Trd, 000122.783, 208
Trd, 000122.933, 235
Trd, 000123.717, 183
Trd, 000124.433, 313
Trd, 000124.700, 317.0
Trd, 000126.017, 335
Trd, 000127.167, 341
Trd, 000127.517, 346.0
Trd, 000127.650, 348.0
Trd, 000128.233, 351.0
Trd, 000129.317, 345
Trd, 000130.117, 344
Trd, 000131.167, 344
Trd, 000131.350, 345.0
Trd, 000131.783, 340
Trd, 000133.333, 343
Trd, 000133.917, 342
Trd, 000134.733, 342
Trd, 000134.950, 341
Trd, 000135.083, 347
Trd, 000135.400, 348.0
Trd, 000135.417, 351.0
Trd, 000137.317, 348
Trd, 000137.900, 348
Trd, 000138.300, 348.0
Trd, 000138.667, 341
Trd, 000139.717, 339
Trd, 000139.900, 337.0
Trd, 000140.383, 338
Trd, 000141.317, 337
Trd, 000141.617, 338
Trd, 000142.217, 340
Trd, 000142.267, 337
Trd, 000143.050, 338
Trd, 000143.250, 338
Trd, 000143.717, 337
Trd, 000144.433, 339
Trd, 000144.867, 347.0
Trd, 000145.300, 348.0
Trd, 000145.317, 339
Trd, 000146.450, 351
Trd, 000147.217, 352.0
Trd, 000147.950, 355.0
Trd, 000148.383, 351
Trd, 000150.017, 345
Trd, 000150.517, 344.0
Trd, 000151.250, 348
Trd, 000151.600, 347
Trd, 000152.400, 348.0
Trd, 000153.817, 348
Trd, 000154.150, 349.0
Trd, 000154.767, 348
Trd, 000154.967, 347
Trd, 000155.917, 348.0
Trd, 000156.700, 360.0
Trd, 000156.917, 345
Trd, 000157.783, 349
Trd, 000158.567, 339
Trd, 000158.983, 348
Trd, 000159.767, 348.0
Trd, 000160.300, 347
Trd, 000161.500, 347
Trd, 000161.867, 343.0
Trd, 000161.950, 348.0
Trd, 000163.350, 345
Trd, 000163.617, 345
Trd, 000163.917, 346
Trd, 000164.750, 345
Trd, 000165.550, 346
Trd, 000166.950, 342
Trd, 000168.233, 346
Trd, 000168.500, 345
Trd, 000169.650, 343
Trd, 000170.617, 341
Trd, 000170.733, 338
Trd, 000170.950, 342.0
Trd, 000171.433, 337.0
Trd, 000171.950, 338
Trd, 000172.633, 343
Trd, 000173.133, 344
Trd, 000174.417, 344
Trd, 000174.633, 345
Trd, 000174.650, 348.0
Trd, 000175.733, 342
Trd, 000176.800, 338
Trd, 000176.917, 343
Trd, 000178.417, 354.0
Trd, 000178.583, 355.0
Trd, 000179.667, 346
Trd, 000179.867, 346
Trd, 000180.083, 345
Trd, 000180.183, 347
Trd, 000181.600, 339
Trd, 000181.667, 337.0
Trd, 000182.033, 334.0
Trd, 000182.600, 327.0
Trd, 000182.717, 326
Trd, 000182.750, 324.0
Trd, 000183.100, 306.0
Trd, 000183.417, 304
Trd, 000185.633, 211
Trd, 000185.917, 200
Trd, 000186.450, 213
Trd, 000186.533, 180
Trd, 000187.067, 165
Trd, 000188.167, 163
Trd, 000188.400, 166
Trd, 000188.800, 167
Trd, 000189.417, 164
Trd, 000189.467, 161
Trd, 000190.767, 167
Trd, 000191.017, 164
Trd, 000191.450, 168
Trd, 000192.567, 168
Trd, 000194.250, 162
Trd, 000194.283, 163
Trd, 000194.517, 163
Trd, 000195.100, 164
Trd, 000195.533, 164
Trd, 000196.450, 167
Trd, 000196.533, 168
Trd, 000197.750, 165
Trd, 000198.233, 164
Trd, 000199.133, 165
Trd, 000200.467, 164
Trd, 000200.850, 164
Trd, 000201.400, 168
Trd, 000201.467, 171
Trd, 000202.733, 166
Trd, 000203.333, 171
Trd, 000203.750, 167
Trd, 000204.367, 170
Trd, 000204.617, 169
Trd, 000205.700, 166
Trd, 000205.733, 167
Trd, 000206.117, 169
Trd, 000206.667, 167
Trd, 000207.817, 163
Trd, 000208.050, 168
Trd, 000208.083, 169
Trd, 000209.100, 163
Trd, 000209.667, 162
Trd, 000210.183, 163
Trd, 000210.850, 156
Trd, 000212.550, 160
Trd, 000212.817, 160
Trd, 000213.750, 161
Trd, 000213.833, 169
Trd, 000213.917, 172
Trd, 000215.267, 163
Trd, 000215.383, 174
Trd, 000215.483, 162
Trd, 000215.683, 174
Trd, 000216.283, 173
Trd, 000217.433, 174
Trd, 000218.050, 168
Trd, 000218.217, 175
Trd, 000218.317, 171
Trd, 000218.633, 177
Trd, 000219.317, 180
Trd, 000219.517, 182
Trd, 000221.067, 178
Trd, 000221.717, 181
Trd, 000222.017, 178
Trd, 000222.450, 177
Trd, 000222.767, 180
Trd, 000223.217, 178
Trd, 000223.400, 175
Trd, 000223.567, 175
Trd, 000224.833, 170
Trd, 000224.933, 171
Trd, 000225.683, 173
Trd, 000226.017, 171
Trd, 000227.317, 158
Trd, 000228.933, 171
Trd, 000230.117, 169
Trd, 000230.233, 168
Trd, 000230.500, 170
Trd, 000230.750, 171
Trd, 000232.183, 168
Trd, 000232.200, 170
Trd, 000232.750, 171
Trd, 000233.267, 168
Trd, 000233.367, 169
Trd, 000233.650, 167
Trd, 000233.967, 157
Trd, 000235.467, 168
Trd, 000235.500, 168
Trd, 000235.783, 170
Trd, 000236.717, 170
Trd, 000237.433, 171
Trd, 000238.400, 171
Trd, 000238.867, 171
Trd, 000239.550, 174
Trd, 000240.583, 176
Trd, 000240.983, 186
Trd, 000241.317, 177
Trd, 000242.250, 185
Trd, 000242.483, 179
Trd, 000242.767, 179
Trd, 000243.033, 181
Trd, 000243.350, 181
Trd, 000243.367, 183
Trd, 000244.783, 179
Trd, 000245.617, 176
Trd, 000246.017, 173
Trd, 000246.183, 177
Trd, 000246.583, 168
Trd, 000246.900, 172
Trd, 000247.167, 177
Trd, 000247.417, 173
Trd, 000248.400, 175
Trd, 000248.650, 176
Trd, 000248.933, 176
Trd, 000249.283, 173
Trd, 000249.783, 174
Trd, 000250.367, 175
Trd, 000250.517, 176
Trd, 000251.550, 178
Trd, 000252.017, 179
Trd, 000252.683, 174
Trd, 000252.733, 173
Trd, 000253.017, 177
Trd, 000253.250, 178
Trd, 000253.517, 171
Trd, 000253.900, 171
Trd, 000254.050, 172
Trd, 000254.467, 173
Trd, 000255.233, 175
Trd, 000255.300, 176
Trd, 000256.133, 172
Trd, 000256.300, 175
Trd, 000258.333, 170
Trd, 000258.417, 170
Trd, 000258.617, 176
Trd, 000259.383, 174
Trd, 000259.883, 173
Trd, 000260.617, 175
Trd, 000261.800, 174
Trd, 000262.033, 173
Trd, 000262.117, 174
Trd, 000262.167, 175
Trd, 000264.467, 175
Trd, 000265.317, 177
Trd, 000265.533, 174
Trd, 000266.017, 173
Trd, 000266.400, 174
Trd, 000266.700, 172
Trd, 000266.833, 170
Trd, 000266.900, 174
Trd, 000267.267, 172
Trd, 000267.550, 173
Trd, 000267.617, 174
Trd, 000268.433, 174
Trd, 000268.750, 179
Trd, 000269.533, 176
Trd, 000269.550, 172
Trd, 000270.000, 171
Trd, 000270.250, 176
Trd, 000270.967, 175
Trd, 000271.467, 176
Trd, 000272.217, 172
Trd, 000272.250, 178
Trd, 000272.633, 175
Trd, 000273.117, 172
Trd, 000273.283, 169
Trd, 000275.333, 181
Trd, 000275.517, 182
Trd, 000276.017, 181
Trd, 000276.350, 176
Trd, 000276.467, 176
Trd, 000276.533, 178
Trd, 000276.583, 179
Trd, 000277.050, 175
Trd, 000277.350, 175
Trd, 000277.667, 173
Trd, 000279.017, 175
Trd, 000279.483, 176
Trd, 000279.833, 177
Trd, 000279.967, 178
Trd, 000279.983, 174
Trd, 000280.233, 189
Trd, 000280.700, 183
Trd, 000280.850, 183
Trd, 000280.983, 178
Trd, 000282.600, 181
Trd, 000282.617, 183
Trd, 000282.817, 184
Trd, 000283.283, 178
Trd, 000283.333, 177
Trd, 000283.533, 190
Trd, 000283.950, 193
Trd, 000284.000, 192
Trd, 000284.667, 174
Trd, 000285.783, 177
Trd, 000285.883, 172
Trd, 000286.000, 177
Trd, 000286.567, 170
Trd, 000286.917, 177
Trd, 000287.600, 177
Trd, 000287.783, 174
Trd, 000288.000, 180
Trd, 000289.133, 178
Trd, 000289.383, 184
Trd, 000289.433, 191
Trd, 000289.933, 174
Trd, 000290.350, 175
Trd, 000290.817, 175
Trd, 000290.933, 177
Trd, 000291.167, 182
Trd, 000291.633, 178
Trd, 000292.717, 175
Trd, 000292.950, 176
Trd, 000293.000, 178
Trd, 000293.383, 176
Trd, 000293.767, 177
Trd, 000294.217, 179
Trd, 000295.200, 178
Trd, 000295.583, 178
Trd, 000295.667, 177
Trd, 000297.100, 179
Trd, 000297.150, 179
Trd, 000297.367, 184
Trd, 000298.150, 182
Trd, 000298.817, 190
Trd, 000298.850, 192
