Trd, 000001.467, 182
Trd, 000002.767, 189
Trd, 000002.950, 186
Trd, 000003.417, 185
Trd, 000003.483, 175
Trd, 000005.200, 164
Trd, 000005.250, 165
Trd, 000005.967, 168
Trd, 000006.100, 154
Trd, 000006.433, 164
Trd, 000007.000, 148
Trd, 000008.683, 153
Trd, 000008.717, 154
Trd, 000009.150, 145
Trd, 000009.233, 158
Trd, 000009.617, 155
Trd, 000009.783, 140
Trd, 000010.850, 143
Trd, 000011.033, 141
Trd, 000011.100, 140
Trd, 000011.267, 142
Trd, 000012.400, 133
Trd, 000012.417, 143
Trd, 000014.467, 163
Trd, 000014.550, 154
Trd, 000014.733, 148
Trd, 000015.050, 163
Trd, 000015.650, 167
Trd, 000016.800, 171
Trd, 000016.850, 172
Trd, 000017.200, 159
Trd, 000019.133, 164
Trd, 000019.383, 163
Trd, 000019.400, 165
Trd, 000020.483, 161
Trd, 000020.917, 165
Trd, 000021.850, 159
Trd, 000022.283, 159
Trd, 000022.450, 161
Trd, 000023.733, 159
Trd, 000023.867, 160
Trd, 000023.917, 161
Trd, 000024.167, 167
Trd, 000025.367, 161
Trd, 000025.450, 173
Trd, 000025.717, 177
Trd, 000026.000, 161
Trd, 000026.517, 178
Trd, 000028.917, 173
Trd, 000029.300, 178
Trd, 000029.733, 177
Trd, 000030.550, 177
Trd, 000031.950, 168
Trd, 000032.633, 165
Trd, 000032.783, 165
Trd, 000032.933, 171
Trd, 000032.967, 164
Trd, 000034.083, 161
Trd, 000034.150, 147
Trd, 000034.983, 161
Trd, 000036.000, 149
Trd, 000036.050, 147
Trd, 000036.117, 149
Trd, 000036.400, 149
Trd, 000038.050, 163
Trd, 000038.350, 163
Trd, 000038.467, 160
Trd, 000038.700, 152
Trd, 000038.917, 157
Trd, 000039.317, 162
Trd, 000040.317, 160
Trd, 000040.900, 147
Trd, 000041.233, 160
Trd, 000041.350, 146
Trd, 000041.467, 169
Trd, 000041.600, 145
Trd, 000041.617, 169
Trd, 000043.717, 151
Trd, 000043.933, 151
Trd, 000044.317, 160
Trd, 000044.533, 150
Trd, 000044.617, 162
Trd, 000044.933, 165
Trd, 000045.483, 167
Trd, 000045.667, 168
Trd, 000046.117, 165
Trd, 000046.733, 165
Trd, 000046.900, 157
Trd, 000047.633, 159
Trd, 000047.767, 166
Trd, 000049.017, 158
Trd, 000049.083, 165
Trd, 000049.933, 149
Trd, 000052.083, 156
Trd, 000052.200, 156
Trd, 000053.933, 156
Trd, 000054.067, 155
Trd, 000054.167, 154
Trd, 000054.600, 149
Trd, 000054.633, 155
Trd, 000055.533, 153
Trd, 000056.067, 153
Trd, 000056.567, 153
Trd, 000056.700, 152
Trd, 000058.317, 151
Trd, 000058.867, 151
Trd, 000059.017, 152
Trd, 000059.033, 153
Trd, 000059.367, 153
Trd, 000059.467, 171
Trd, 000059.600, 175
Trd, 000060.183, 181
Trd, 000061.250, 154
Trd, 000061.300, 158
Trd, 000061.817, 166
Trd, 000061.933, 165
Trd, 000062.350, 180
Trd, 000063.517, 162
Trd, 000063.633, 162
Trd, 000063.883, 162
Trd, 000066.200, 161
Trd, 000066.367, 163
Trd, 000066.517, 160
Trd, 000067.167, 159
Trd, 000067.283, 151
Trd, 000067.967, 162
Trd, 000069.017, 162
Trd, 000069.233, 166
Trd, 000069.250, 156
Trd, 000069.350, 172
Trd, 000070.533, 159
Trd, 000071.683, 156
Trd, 000072.633, 158
Trd, 000072.867, 159
Trd, 000072.933, 160
Trd, 000073.450, 160
Trd, 000074.350, 162
Trd, 000074.400, 182
Trd, 000075.317, 173
Trd, 000075.817, 158
Trd, 000076.000, 160
Trd, 000076.767, 173
Trd, 000077.367, 175
Trd, 000078.017, 154
Trd, 000078.583, 170
Trd, 000078.817, 160
Trd, 000080.133, 164
Trd, 000080.917, 162
Trd, 000081.167, 162
Trd, 000081.800, 154
Trd, 000081.900, 152
Trd, 000081.983, 161
Trd, 000082.233, 161
Trd, 000083.683, 161
Trd, 000084.867, 161
Trd, 000085.883, 162
Trd, 000086.000, 161
Trd, 000086.033, 163
Trd, 000086.217, 169
Trd, 000086.317, 173
Trd, 000086.367, 161
Trd, 000087.233, 161
Trd, 000089.967, 167
Trd, 000090.183, 167
Trd, 000090.933, 165
Trd, 000091.083, 166
Trd, 000091.233, 167
Trd, 000091.983, 177
Trd, 000093.000, 166
Trd, 000095.250, 166
Trd, 000095.400, 164
Trd, 000097.567, 153
Trd, 000097.650, 159
Trd, 000098.417, 160
Trd, 000099.417, 154
Trd, 000099.783, 160
Trd, 000099.800, 152
Trd, 000100.850, 160
Trd, 000100.867, 161
Trd, 000100.933, 172
Trd, 000101.383, 157
Trd, 000101.450, 180
Trd, 000101.517, 153
Trd, 000101.867, 184
Trd, 000102.633, 160
Trd, 000103.117, 145
Trd, 000103.167, 165
Trd, 000103.450, 166
Trd, 000104.150, 171
Trd, 000104.650, 167
Trd, 000105.033, 170
Trd, 000105.583, 171
Trd, 000107.083, 156
Trd, 000108.633, 168
Trd, 000108.800, 168
Trd, 000109.250, 168
Trd, 000110.000, 168
Trd, 000110.283, 169
Trd, 000110.950, 169
Trd, 000112.650, 169
Trd, 000113.983, 167
Trd, 000114.833, 166
Trd, 000115.033, 165
Trd, 000115.883, 165
Trd, 000115.900, 164
Trd, 000116.367, 158
Trd, 000116.817, 156
Trd, 000117.050, 165
Trd, 000117.583, 157
Trd, 000117.617, 170
Trd, 000117.750, 177
Trd, 000118.350, 180
Trd, 000118.683, 187
Trd, 000118.817, 190
Trd, 000121.917, 172
Trd, 000122.117, 178
Trd, 000122.150, 190
Trd, 000122.600, 180
Trd, 000123.483, 178
Trd, 000123.767, 198
Trd, 000123.833, 209
Trd, 000124.050, 304
Trd, 000124.617, 215
Trd, 000124.733, 309.0
Trd, 000124.850, 310.0
Trd, 000126.633, 324.0
Trd, 000127.133, 310.0
Trd, 000127.750, 311
Trd, 000128.867, 337.0
Trd, 000129.750, 337
Trd, 000130.317, 337
Trd, 000130.383, 338
Trd, 000130.950, 367
Trd, 000131.350, 336
Trd, 000131.433, 334
Trd, 000132.100, 366
Trd, 000132.183, 375.0
Trd, 000132.283, 338
Trd, 000133.033, 364
Trd, 000133.233, 364
Trd, 000133.633, 337
Trd, 000134.000, 368
Trd, 000136.300, 346
Trd, 000137.183, 357
Trd, 000138.700, 357
Trd, 000139.033, 359
Trd, 000139.133, 360
Trd, 000139.717, 353
Trd, 000139.800, 346
Trd, 000139.883, 359
Trd, 000141.117, 356
Trd, 000142.150, 355
Trd, 000142.333, 353.0
Trd, 000143.083, 355
Trd, 000143.267, 349.0
Trd, 000143.950, 354
Trd, 000143.983, 355
Trd, 000144.617, 344.0
Trd, 000146.233, 347
Trd, 000146.333, 351
Trd, 000146.367, 345
Trd, 000146.617, 352
Trd, 000146.667, 344
Trd, 000146.783, 353
Trd, 000147.167, 357
Trd, 000148.883, 363
Trd, 000149.550, 359
Trd, 000151.967, 362
Trd, 000152.167, 348
Trd, 000152.183, 365
Trd, 000152.950, 347
Trd, 000153.950, 348
Trd, 000154.500, 359
Trd, 000154.733, 359
Trd, 000158.300, 349
Trd, 000158.717, 349
Trd, 000158.767, 348
Trd, 000159.633, 353
Trd, 000160.317, 352
Trd, 000160.467, 353
Trd, 000160.650, 354
Trd, 000161.150, 358
Trd, 000161.933, 361
Trd, 000162.283, 346.0
Trd, 000163.033, 347.0
Trd, 000163.700, 346.0
Trd, 000165.167, 356
Trd, 000166.350, 355
Trd, 000166.600, 354
Trd, 000167.083, 347
Trd, 000167.300, 344.0
Trd, 000167.550, 331
Trd, 000168.650, 342
Trd, 000169.583, 342
Trd, 000169.933, 346
Trd, 000170.233, 347
Trd, 000171.533, 347
Trd, 000171.683, 348
Trd, 000172.067, 363
Trd, 000172.700, 348
Trd, 000173.350, 365
Trd, 000173.767, 347
Trd, 000173.917, 358
Trd, 000174.167, 368
Trd, 000174.833, 349
Trd, 000176.867, 355
Trd, 000177.150, 360
Trd, 000177.467, 359
Trd, 000177.483, 351
Trd, 000177.517, 368
Trd, 000178.217, 358
Trd, 000179.267, 355
Trd, 000179.333, 352
Trd, 000179.850, 352
Trd, 000179.900, 351
Trd, 000180.517, 354
Trd, 000181.667, 349
Trd, 000182.350, 344.0
Trd, 000182.417, 335
Trd, 000182.683, 327.0
Trd, 000183.200, 329
Trd, 000183.550, 323
Trd, 000184.067, 316
Trd, 000184.567, 293
Trd, 000184.700, 207
Trd, 000184.833, 197
Trd, 000185.483, 194
Trd, 000185.633, 180
Trd, 000186.083, 194
Trd, 000186.733, 201
Trd, 000186.833, 202
Trd, 000187.183, 194
Trd, 000188.033, 183
Trd, 000188.150, 193
Trd, 000188.500, 193
Trd, 000188.767, 181
Trd, 000189.700, 154
Trd, 000189.883, 179
Trd, 000190.700, 157
Trd, 000191.567, 165
Trd, 000191.900, 154
Trd, 000192.217, 164
Trd, 000193.417, 159
Trd, 000193.833, 165
Trd, 000193.967, 165
Trd, 000194.167, 163
Trd, 000195.050, 162
Trd, 000195.683, 160
Trd, 000195.867, 161
Trd, 000196.783, 161
Trd, 000197.050, 155
Trd, 000197.467, 160
Trd, 000199.100, 158
Trd, 000199.783, 162
Trd, 000200.033, 162
Trd, 000200.217, 169
Trd, 000200.250, 184
Trd, 000200.400, 155
Trd, 000201.033, 190
Trd, 000201.933, 166
Trd, 000202.233, 185
Trd, 000202.433, 186
Trd, 000202.550, 165
Trd, 000203.233, 193
Trd, 000205.200, 184
Trd, 000205.250, 182
Trd, 000206.217, 178
Trd, 000206.367, 175
Trd, 000207.517, 173
Trd, 000207.850, 173
Trd, 000208.117, 173
Trd, 000208.967, 165
Trd, 000209.317, 165
Trd, 000210.283, 168
Trd, 000210.633, 165
Trd, 000210.933, 155
Trd, 000211.283, 165
Trd, 000211.450, 170
Trd, 000213.000, 170
Trd, 000213.283, 163
Trd, 000213.550, 196
Trd, 000214.467, 165
Trd, 000215.333, 165
Trd, 000215.350, 167
Trd, 000215.817, 167
Trd, 000217.217, 167
Trd, 000217.317, 166
Trd, 000217.683, 166
Trd, 000217.717, 170
Trd, 000218.500, 170
Trd, 000220.150, 195
Trd, 000220.600, 182
Trd, 000220.683, 181
Trd, 000220.717, 179
Trd, 000221.500, 196
Trd, 000223.533, 182
Trd, 000223.767, 183
Trd, 000223.867, 190
Trd, 000224.350, 192
Trd, 000224.383, 182
Trd, 000225.617, 189
Trd, 000226.183, 190
Trd, 000226.900, 191
Trd, 000226.983, 184
Trd, 000227.333, 191
Trd, 000227.550, 174
Trd, 000228.300, 189
Trd, 000229.467, 186
Trd, 000231.300, 183
Trd, 000231.450, 181
Trd, 000231.717, 184
Trd, 000232.267, 188
Trd, 000232.700, 186
Trd, 000234.000, 186
Trd, 000235.100, 185
Trd, 000235.317, 185
Trd, 000236.167, 187
Trd, 000236.267, 188
Trd, 000236.433, 189
Trd, 000236.467, 185
Trd, 000236.617, 192
Trd, 000236.700, 167
Trd, 000238.317, 165
Trd, 000238.517, 160
Trd, 000239.567, 170
Trd, 000239.667, 171
Trd, 000240.417, 177
Trd, 000240.950, 179
Trd, 000241.217, 179
Trd, 000241.617, 178
Trd, 000242.083, 179
Trd, 000242.117, 178
Trd, 000243.167, 177
Trd, 000243.500, 179
Trd, 000243.617, 182
Trd, 000244.500, 174
Trd, 000244.617, 175
Trd, 000244.667, 181
Trd, 000245.517, 170
Trd, 000245.950, 175
Trd, 000246.583, 174
Trd, 000246.817, 177
Trd, 000247.267, 180
Trd, 000248.667, 176
Trd, 000248.750, 168
Trd, 000248.933, 176
Trd, 000249.167, 179
Trd, 000249.383, 180
Trd, 000250.433, 176
Trd, 000250.783, 179
Trd, 000251.367, 187
Trd, 000251.550, 177
Trd, 000252.700, 180
Trd, 000252.900, 178
Trd, 000253.267, 174
Trd, 000253.417, 179
Trd, 000254.000, 169
Trd, 000254.983, 171
Trd, 000255.450, 165
Trd, 000255.817, 173
Trd, 000256.017, 173
Trd, 000256.517, 173
Trd, 000256.567, 174
Trd, 000257.433, 174
Trd, 000257.450, 174
Trd, 000257.650, 184
Trd, 000258.233, 191
Trd, 000258.867, 179
Trd, 000258.967, 169
Trd, 000260.083, 175
Trd, 000260.683, 173
Trd, 000260.733, 174
Trd, 000261.183, 173
Trd, 000261.800, 172
Trd, 000262.150, 173
Trd, 000262.950, 170
Trd, 000263.033, 172
Trd, 000263.050, 172
Trd, 000263.700, 184
Trd, 000263.900, 181
Trd, 000264.267, 185
Trd, 000264.400, 180
Trd, 000265.000, 170
Trd, 000265.867, 175
Trd, 000266.733, 171
Trd, 000266.967, 163
Trd, 000267.967, 168
Trd, 000268.050, 170
Trd, 000268.717, 173
Trd, 000269.250, 167
Trd, 000269.833, 170
Trd, 000269.867, 168
Trd, 000269.967, 171
Trd, 000270.183, 173
Trd, 000270.333, 172
Trd, 000270.700, 171
Trd, 000271.217, 178
Trd, 000272.317, 174
Trd, 000272.400, 180
Trd, 000272.417, 172
Trd, 000272.633, 181
Trd, 000272.833, 185
Trd, 000273.750, 175
Trd, 000274.417, 166
Trd, 000274.533, 168
Trd, 000274.750, 177
Trd, 000274.800, 171
Trd, 000275.750, 174
Trd, 000276.533, 175
Trd, 000276.817, 178
Trd, 000277.017, 192
Trd, 000277.083, 195
Trd, 000278.000, 193
Trd, 000278.700, 174
Trd, 000279.017, 184
Trd, 000279.867, 175
Trd, 000280.067, 174
Trd, 000280.533, 176
Trd, 000280.767, 176
Trd, 000280.900, 177
Trd, 000281.967, 186
Trd, 000282.167, 184
Trd, 000282.800, 176
Trd, 000282.867, 182
Trd, 000283.017, 174
Trd, 000283.950, 180
Trd, 000284.233, 182
Trd, 000285.150, 180
Trd, 000285.467, 181
Trd, 000285.517, 179
Trd, 000285.667, 182
Trd, 000286.300, 186
Trd, 000286.933, 162
Trd, 000287.483, 170
Trd, 000287.717, 176
Trd, 000287.800, 177
Trd, 000288.167, 193
Trd, 000288.367, 196
Trd, 000289.167, 189
Trd, 000289.233, 188
Trd, 000289.283, 203
Trd, 000290.800, 181
Trd, 000291.183, 181
Trd, 000292.333, 181
Trd, 000292.417, 184
Trd, 000293.133, 181
Trd, 000293.617, 179
Trd, 000294.267, 172
Trd, 000294.450, 171
Trd, 000294.950, 187
Trd, 000295.083, 183
Trd, 000295.750, 183
Trd, 000296.400, 178
Trd, 000296.467, 184
Trd, 000296.550, 176
Trd, 000296.883, 181
Trd, 000297.183, 175
Trd, 000297.317, 174
Trd, 000297.617, 181
Trd, 000297.950, 182
Trd, 000299.517, 188
