Trd, 000000.883, 172
Trd, 000002.767, 166
Trd, 000003.233, 150
Trd, 000003.267, 147
Trd, 000003.900, 162
Trd, 000005.117, 149
Trd, 000005.317, 147
Trd, 000005.533, 146
Trd, 000006.083, 132
Trd, 000006.233, 146
Trd, 000007.283, 144
Trd, 000007.800, 145
Trd, 000008.483, 145
Trd, 000010.317, 145
Trd, 000010.617, 144
Trd, 000010.767, 146
Trd, 000012.233, 144
Trd, 000012.450, 142
Trd, 000013.567, 138
Trd, 000013.850, 145
Trd, 000013.933, 145
Trd, 000014.367, 145
Trd, 000014.750, 140
Trd, 000015.833, 151
Trd, 000016.383, 140
Trd, 000018.750, 148
Trd, 000018.933, 149
Trd, 000019.350, 150
Trd, 000020.283, 152
Trd, 000020.517, 152
Trd, 000021.500, 153
Trd, 000021.583, 157
Trd, 000022.167, 152
Trd, 000023.633, 152
Trd, 000024.100, 152
Trd, 000024.617, 151
Trd, 000024.750, 150
Trd, 000024.900, 152
Trd, 000025.250, 154
Trd, 000027.067, 152
Trd, 000028.283, 153
Trd, 000028.800, 153
Trd, 000029.317, 153
Trd, 000029.433, 152
Trd, 000029.683, 151
Trd, 000029.833, 147
Trd, 000030.400, 151
Trd, 000033.917, 151
Trd, 000033.933, 151
Trd, 000034.000, 152
Trd, 000034.933, 150
Trd, 000035.517, 150
Trd, 000035.550, 149
Trd, 000035.883, 150
Trd, 000036.000, 152
Trd, 000036.367, 153
Trd, 000036.433, 158
Trd, 000038.217, 153
Trd, 000038.650, 154
Trd, 000038.883, 153
Trd, 000038.983, 153
Trd, 000041.083, 152
Trd, 000041.133, 156
Trd, 000041.317, 150
Trd, 000041.533, 148
Trd, 000042.333, 139
Trd, 000042.983, 155
Trd, 000043.083, 155
Trd, 000044.017, 150
Trd, 000044.633, 152
Trd, 000044.767, 149
Trd, 000046.317, 153
Trd, 000046.667, 152
Trd, 000047.267, 153
Trd, 000047.667, 152
Trd, 000048.433, 152
Trd, 000048.917, 153
Trd, 000050.000, 153
Trd, 000051.083, 155
Trd, 000051.167, 154
Trd, 000052.333, 153
Trd, 000053.067, 154
Trd, 000055.283, 154
Trd, 000055.650, 156
Trd, 000056.200, 155
Trd, 000057.233, 157
Trd, 000057.333, 157
Trd, 000057.583, 157
Trd, 000057.950, 156
Trd, 000058.483, 156
Trd, 000060.117, 154
Trd, 000061.433, 157
Trd, 000061.817, 158
Trd, 000065.433, 158
Trd, 000065.517, 157
Trd, 000065.600, 160
Trd, 000066.983, 156
Trd, 000068.150, 156
Trd, 000068.800, 157
Trd, 000069.117, 156
Trd, 000069.583, 158
Trd, 000069.900, 158
Trd, 000069.983, 157
Trd, 000070.400, 158
Trd, 000070.500, 157
Trd, 000071.967, 153
Trd, 000072.617, 153
Trd, 000073.500, 153
Trd, 000074.400, 156
Trd, 000074.767, 153
Trd, 000075.183, 153
Trd, 000075.250, 154
Trd, 000075.967, 153
Trd, 000076.617, 154
Trd, 000077.183, 153
Trd, 000077.883, 156
Trd, 000079.100, 153
Trd, 000079.600, 156
Trd, 000079.983, 159
Trd, 000080.250, 154
Trd, 000080.467, 158
Trd, 000081.033, 161
Trd, 000081.683, 158
Trd, 000081.867, 142
Trd, 000082.183, 142
Trd, 000082.283, 147
Trd, 000083.550, 150
Trd, 000083.717, 154
Trd, 000083.867, 153
Trd, 000083.933, 146
Trd, 000086.217, 154
Trd, 000086.700, 153
Trd, 000087.367, 155
Trd, 000087.467, 160
Trd, 000089.083, 155
Trd, 000090.167, 156
Trd, 000091.000, 155
Trd, 000092.017, 155
Trd, 000092.650, 155
Trd, 000092.800, 156
Trd, 000093.333, 164
Trd, 000093.450, 153
Trd, 000094.517, 156
Trd, 000096.950, 157
Trd, 000097.183, 158
Trd, 000097.267, 156
Trd, 000097.450, 161
Trd, 000098.967, 163
Trd, 000099.717, 164
Trd, 000100.017, 163
Trd, 000100.550, 162
Trd, 000101.167, 164
Trd, 000101.250, 160
Trd, 000101.333, 164
Trd, 000102.700, 165
Trd, 000103.250, 172
Trd, 000104.617, 165
Trd, 000104.683, 165
Trd, 000104.933, 165
Trd, 000105.383, 164
Trd, 000105.417, 166
Trd, 000106.117, 166
Trd, 000106.283, 164
Trd, 000106.983, 166
Trd, 000107.250, 165
Trd, 000107.500, 160
Trd, 000109.350, 163
Trd, 000110.283, 162
Trd, 000110.350, 160
Trd, 000112.117, 161
Trd, 000112.283, 156
Trd, 000112.383, 161
Trd, 000112.983, 161
Trd, 000114.033, 156
Trd, 000114.250, 161
Trd, 000115.350, 159
Trd, 000115.483, 161
Trd, 000116.200, 157
Trd, 000116.500, 161
Trd, 000117.317, 161
Trd, 000117.617, 158
Trd, 000118.617, 161
Trd, 000119.483, 161
Trd, 000119.783, 161
Trd, 000120.467, 160
Trd, 000121.367, 160
Trd, 000121.483, 160
Trd, 000122.317, 163
Trd, 000122.717, 167
Trd, 000122.817, 187
Trd, 000123.267, 191
Trd, 000123.367, 201
Trd, 000124.633, 212
Trd, 000124.900, 306
Trd, 000125.367, 318.0
Trd, 000125.633, 334
Trd, 000126.383, 336
Trd, 000126.500, 335
Trd, 000126.650, 355.0
Trd, 000127.233, 362.0
Trd, 000127.317, 322.0
Trd, 000129.667, 355.0
Trd, 000130.233, 355
Trd, 000130.367, 354.0
Trd, 000130.867, 353
Trd, 000132.617, 351
Trd, 000132.667, 353
Trd, 000132.917, 352
Trd, 000133.533, 355
Trd, 000134.750, 353
Trd, 000135.100, 355
Trd, 000135.533, 354
Trd, 000136.317, 349
Trd, 000137.883, 334.0
Trd, 000138.217, 341.0
Trd, 000138.267, 349
Trd, 000138.833, 331
Trd, 000139.833, 345.0
Trd, 000140.383, 344.0
Trd, 000140.933, 341
Trd, 000141.800, 338
Trd, 000142.267, 335
Trd, 000142.783, 339
Trd, 000143.467, 338
Trd, 000144.050, 341.0
Trd, 000144.650, 344
Trd, 000145.667, 349
Trd, 000146.000, 355.0
Trd, 000146.917, 351
Trd, 000147.083, 352
Trd, 000147.533, 334.0
Trd, 000147.550, 330
Trd, 000148.150, 355.0
Trd, 000149.850, 352
Trd, 000150.150, 350
Trd, 000150.167, 352
Trd, 000151.133, 354
Trd, 000151.883, 352
Trd, 000152.800, 353
Trd, 000153.183, 351
Trd, 000153.717, 352
Trd, 000154.633, 352
Trd, 000154.933, 353
Trd, 000155.850, 353
Trd, 000156.350, 353
Trd, 000156.550, 355.0
Trd, 000157.767, 347.0
Trd, 000158.950, 354
Trd, 000159.200, 355
Trd, 000159.583, 347.0
Trd, 000161.433, 349
Trd, 000161.733, 352
Trd, 000161.917, 348
Trd, 000163.350, 348
Trd, 000164.333, 349
Trd, 000164.867, 352
Trd, 000164.900, 349
Trd, 000165.033, 350
Trd, 000166.100, 345
Trd, 000167.367, 346
Trd, 000169.500, 349
Trd, 000170.017, 344
Trd, 000170.383, 344
Trd, 000170.433, 349
Trd, 000170.867, 343
Trd, 000172.100, 346
Trd, 000172.350, 345.0
Trd, 000172.383, 346
Trd, 000175.033, 345.0
Trd, 000176.350, 346
Trd, 000176.467, 345.0
Trd, 000177.433, 342
Trd, 000177.517, 334.0
Trd, 000177.717, 343
Trd, 000178.067, 345
Trd, 000178.200, 346.0
Trd, 000179.067, 344.0
Trd, 000180.117, 344
Trd, 000181.117, 345.0
Trd, 000181.167, 348
Trd, 000181.233, 344.0
Trd, 000182.017, 347
Trd, 000182.417, 345
Trd, 000182.733, 334.0
Trd, 000183.517, 330
Trd, 000183.767, 313.0
Trd, 000183.917, 306
Trd, 000184.217, 300.0
Trd, 000184.750, 279
Trd, 000184.883, 204
Trd, 000185.267, 199
Trd, 000185.800, 188
Trd, 000186.200, 183
Trd, 000187.000, 181
Trd, 000188.367, 178
Trd, 000189.100, 162
Trd, 000189.783, 174
Trd, 000189.800, 167
Trd, 000190.317, 167
Trd, 000191.933, 174
Trd, 000192.150, 164
Trd, 000193.700, 169
Trd, 000194.217, 168
Trd, 000195.300, 170
Trd, 000195.583, 169
Trd, 000196.100, 165
Trd, 000196.583, 168
Trd, 000196.817, 169
Trd, 000197.767, 169
Trd, 000198.233, 167
Trd, 000198.300, 169
Trd, 000198.817, 169
Trd, 000200.417, 170
Trd, 000200.450, 170
Trd, 000201.667, 168
Trd, 000201.700, 167
Trd, 000202.883, 158
Trd, 000203.350, 170
Trd, 000204.233, 165
Trd, 000204.300, 164
Trd, 000205.867, 165
Trd, 000205.900, 166
Trd, 000206.700, 167
Trd, 000207.267, 169
Trd, 000208.117, 165
Trd, 000209.000, 164
Trd, 000209.133, 164
Trd, 000209.717, 162
Trd, 000210.167, 163
Trd, 000211.150, 168
Trd, 000211.467, 169
Trd, 000213.083, 168
Trd, 000213.550, 167
Trd, 000214.333, 166
Trd, 000214.417, 170
Trd, 000215.067, 155
Trd, 000216.183, 166
Trd, 000216.983, 166
Trd, 000217.417, 166
Trd, 000217.500, 165
Trd, 000217.517, 167
Trd, 000218.783, 169
Trd, 000219.167, 168
Trd, 000219.467, 170
Trd, 000220.200, 169
Trd, 000220.900, 168
Trd, 000221.400, 168
Trd, 000221.933, 172
Trd, 000222.067, 173
Trd, 000223.733, 170
Trd, 000224.367, 171
Trd, 000224.617, 171
Trd, 000224.817, 173
Trd, 000226.567, 172
Trd, 000226.733, 174
Trd, 000227.617, 172
Trd, 000227.800, 174
Trd, 000228.817, 174
Trd, 000228.950, 173
Trd, 000229.367, 186
Trd, 000229.950, 185
Trd, 000231.300, 183
Trd, 000231.850, 181
Trd, 000232.767, 183
Trd, 000233.533, 180
Trd, 000233.683, 167
Trd, 000235.033, 177
Trd, 000235.617, 178
Trd, 000237.267, 176
Trd, 000237.883, 177
Trd, 000237.933, 178
Trd, 000238.567, 176
Trd, 000238.717, 168
Trd, 000239.483, 176
Trd, 000239.900, 170
Trd, 000240.183, 172
Trd, 000240.500, 171
Trd, 000240.917, 173
Trd, 000241.250, 172
Trd, 000241.783, 170
Trd, 000241.817, 168
Trd, 000242.933, 170
Trd, 000243.200, 173
Trd, 000243.633, 172
Trd, 000243.883, 172
Trd, 000243.967, 173
Trd, 000244.083, 175
Trd, 000244.317, 176
Trd, 000245.200, 176
Trd, 000245.567, 177
Trd, 000246.000, 175
Trd, 000246.117, 178
Trd, 000246.367, 177
Trd, 000246.467, 179
Trd, 000247.583, 179
Trd, 000248.017, 178
Trd, 000248.150, 180
Trd, 000248.900, 161
Trd, 000249.350, 157
Trd, 000249.650, 160
Trd, 000250.783, 163
Trd, 000251.200, 165
Trd, 000251.350, 164
Trd, 000251.983, 165
Trd, 000252.083, 164
Trd, 000252.283, 159
Trd, 000252.450, 159
Trd, 000253.667, 167
Trd, 000253.883, 168
Trd, 000254.517, 169
Trd, 000255.083, 172
Trd, 000255.583, 173
Trd, 000255.733, 172
Trd, 000256.417, 171
Trd, 000256.850, 171
Trd, 000256.883, 173
Trd, 000257.200, 174
Trd, 000257.267, 172
Trd, 000257.317, 170
Trd, 000257.667, 171
Trd, 000259.567, 178
Trd, 000259.800, 173
Trd, 000260.367, 179
Trd, 000260.733, 180
Trd, 000260.850, 177
Trd, 000261.383, 179
Trd, 000261.567, 178
Trd, 000261.950, 178
Trd, 000262.933, 183
Trd, 000263.233, 181
Trd, 000264.533, 183
Trd, 000264.767, 184
Trd, 000265.050, 194
Trd, 000265.733, 191
Trd, 000266.000, 189
Trd, 000266.017, 193
Trd, 000266.033, 188
Trd, 000266.417, 188
Trd, 000266.700, 187
Trd, 000266.750, 187
Trd, 000267.650, 189
Trd, 000267.850, 187
Trd, 000267.883, 184
Trd, 000268.450, 187
Trd, 000268.717, 184
Trd, 000269.400, 166
Trd, 000269.933, 174
Trd, 000270.167, 171
Trd, 000270.383, 173
Trd, 000270.500, 170
Trd, 000271.500, 168
Trd, 000272.217, 168
Trd, 000272.983, 168
Trd, 000273.500, 169
Trd, 000273.567, 172
Trd, 000273.683, 172
Trd, 000273.767, 171
Trd, 000274.483, 175
Trd, 000274.583, 178
Trd, 000274.733, 175
Trd, 000275.417, 185
Trd, 000275.533, 181
Trd, 000275.583, 176
Trd, 000276.633, 181
Trd, 000276.950, 182
Trd, 000277.233, 182
Trd, 000278.000, 177
Trd, 000278.400, 178
Trd, 000278.817, 179
Trd, 000279.467, 186
Trd, 000279.617, 189
Trd, 000280.000, 177
Trd, 000281.333, 174
Trd, 000281.350, 172
Trd, 000281.667, 160
Trd, 000281.800, 171
Trd, 000281.850, 176
Trd, 000282.300, 181
Trd, 000282.750, 175
Trd, 000283.550, 172
Trd, 000283.583, 169
Trd, 000283.650, 174
Trd, 000283.850, 168
Trd, 000284.150, 175
Trd, 000284.983, 173
Trd, 000285.367, 175
Trd, 000286.100, 174
Trd, 000286.150, 173
Trd, 000287.033, 174
Trd, 000287.317, 174
Trd, 000287.767, 173
Trd, 000288.017, 180
Trd, 000288.550, 183
Trd, 000288.600, 187
Trd, 000289.233, 179
Trd, 000289.633, 175
Trd, 000290.617, 175
Trd, 000290.867, 174
Trd, 000291.517, 179
Trd, 000291.550, 174
Trd, 000291.717, 181
Trd, 000292.683, 181
Trd, 000293.383, 175
Trd, 000293.417, 179
Trd, 000293.483, 174
Trd, 000293.767, 182
Trd, 000293.917, 190
Trd, 000294.017, 174
Trd, 000295.217, 184
Trd, 000295.367, 179
Trd, 000295.600, 177
Trd, 000296.650, 181
Trd, 000297.000, 178
Trd, 000297.050, 174
Trd, 000297.967, 176
Trd, 000298.100, 175
Trd, 000298.467, 183
Trd, 000299.083, 179
Trd, 000299.267, 179
Trd, 000299.417, 184
Trd, 000299.467, 179
Trd, 000299.667, 184
Trd, 000299.750, 178
