Trd, 000000.367, 132
Trd, 000002.867, 119
Trd, 000003.733, 117
Trd, 000003.833, 120
Trd, 000004.233, 127
Trd, 000005.000, 133
Trd, 000005.133, 120
Trd, 000006.067, 142
Trd, 000006.350, 143
Trd, 000007.033, 142
Trd, 000007.517, 143
Trd, 000007.783, 144
Trd, 000008.117, 141
Trd, 000008.283, 145
Trd, 000008.567, 146
Trd, 000009.800, 148
Trd, 000009.850, 152
Trd, 000010.100, 147
Trd, 000010.983, 146
Trd, 000011.333, 146
Trd, 000011.800, 146
Trd, 000012.400, 145
Trd, 000012.950, 144
Trd, 000013.183, 144
Trd, 000013.700, 142
Trd, 000014.583, 142
Trd, 000014.633, 141
Trd, 000014.950, 140
Trd, 000015.233, 138
Trd, 000015.667, 145
Trd, 000016.267, 144
Trd, 000016.367, 134
Trd, 000016.883, 142
Trd, 000017.433, 136
Trd, 000017.783, 137
Trd, 000017.950, 153
Trd, 000017.967, 153
Trd, 000019.333, 153
Trd, 000019.567, 153
Trd, 000019.667, 143
Trd, 000020.017, 143
Trd, 000020.733, 148
Trd, 000020.817, 142
Trd, 000021.200, 141
Trd, 000021.550, 147
Trd, 000021.983, 157
Trd, 000022.050, 173
Trd, 000022.283, 174
Trd, 000022.417, 139
Trd, 000024.283, 157
Trd, 000025.667, 152
Trd, 000025.767, 154
Trd, 000025.917, 154
Trd, 000026.067, 151
Trd, 000026.883, 150
Trd, 000026.983, 149
Trd, 000028.050, 149
Trd, 000028.217, 154
Trd, 000029.083, 152
Trd, 000029.417, 153
Trd, 000030.083, 150
Trd, 000030.317, 154
Trd, 000030.667, 158
Trd, 000031.033, 147
Trd, 000031.517, 148
Trd, 000031.617, 165
Trd, 000032.933, 152
Trd, 000033.450, 151
Trd, 000034.133, 150
Trd, 000034.250, 151
Trd, 000034.967, 147
Trd, 000035.000, 144
Trd, 000036.083, 147
Trd, 000036.683, 147
Trd, 000037.383, 147
Trd, 000037.583, 147
Trd, 000037.933, 147
Trd, 000038.417, 147
Trd, 000039.017, 147
Trd, 000039.417, 146
Trd, 000039.667, 146
Trd, 000040.783, 148
Trd, 000041.083, 147
Trd, 000042.017, 145
Trd, 000042.783, 144
Trd, 000043.767, 144
Trd, 000043.983, 148
Trd, 000044.017, 143
Trd, 000044.550, 155
Trd, 000044.833, 149
Trd, 000045.067, 150
Trd, 000045.300, 159
Trd, 000045.867, 169
Trd, 000045.950, 148
Trd, 000046.217, 148
Trd, 000046.433, 145
Trd, 000046.933, 152
Trd, 000047.233, 141
Trd, 000047.517, 153
Trd, 000047.617, 160
Trd, 000049.817, 156
Trd, 000049.933, 156
Trd, 000050.383, 156
Trd, 000050.433, 155
Trd, 000050.783, 157
Trd, 000050.883, 158
Trd, 000050.900, 159
Trd, 000052.000, 166
Trd, 000052.083, 158
Trd, 000052.433, 167
Trd, 000052.733, 172
Trd, 000052.967, 165
Trd, 000053.000, 149
Trd, 000055.233, 174
Trd, 000055.417, 173
Trd, 000055.433, 174
Trd, 000055.600, 175
Trd, 000055.617, 173
Trd, 000055.783, 124
Trd, 000055.833, 122
Trd, 000056.883, 148
Trd, 000057.750, 159
Trd, 000057.900, 159
Trd, 000057.917, 149
Trd, 000058.383, 147
Trd, 000058.567, 161
Trd, 000060.233, 157
Trd, 000060.367, 157
Trd, 000061.683, 157
Trd, 000063.050, 157
Trd, 000063.333, 156
Trd, 000063.600, 160
Trd, 000064.033, 155
Trd, 000064.567, 156
Trd, 000065.417, 153
Trd, 000065.700, 155
Trd, 000066.767, 153
Trd, 000067.467, 150
Trd, 000067.917, 151
Trd, 000068.833, 154
Trd, 000068.883, 155
Trd, 000069.200, 149
Trd, 000069.950, 156
Trd, 000070.033, 157
Trd, 000071.083, 153
Trd, 000071.200, 152
Trd, 000071.683, 151
Trd, 000072.850, 149
Trd, 000073.150, 153
Trd, 000073.517, 155
Trd, 000073.967, 159
Trd, 000074.000, 160
Trd, 000074.167, 154
Trd, 000075.233, 155
Trd, 000075.400, 154
Trd, 000075.550, 153
Trd, 000075.567, 156
Trd, 000076.683, 153
Trd, 000076.967, 153
Trd, 000077.183, 152
Trd, 000077.333, 154
Trd, 000077.433, 151
Trd, 000078.283, 150
Trd, 000078.567, 157
Trd, 000078.933, 158
Trd, 000079.567, 149
Trd, 000079.817, 145
Trd, 000079.983, 157
Trd, 000080.533, 170
Trd, 000080.683, 159
Trd, 000081.133, 152
Trd, 000082.017, 159
Trd, 000082.217, 150
Trd, 000082.483, 146
Trd, 000083.483, 151
Trd, 000083.533, 156
Trd, 000083.600, 147
Trd, 000084.550, 162
Trd, 000085.033, 162
Trd, 000085.533, 163
Trd, 000086.133, 152
Trd, 000086.317, 153
Trd, 000087.667, 158
Trd, 000087.900, 159
Trd, 000088.133, 153
Trd, 000089.950, 156
Trd, 000090.083, 155
Trd, 000090.667, 156
Trd, 000090.850, 154
Trd, 000091.500, 154
Trd, 000092.383, 154
Trd, 000092.717, 156
Trd, 000093.017, 153
Trd, 000093.433, 155
Trd, 000093.533, 157
Trd, 000094.083, 153
Trd, 000094.117, 162
Trd, 000094.283, 153
Trd, 000094.617, 152
Trd, 000094.883, 150
Trd, 000095.283, 162
Trd, 000096.017, 156
Trd, 000096.117, 154
Trd, 000097.183, 156
Trd, 000097.200, 157
Trd, 000097.883, 154
Trd, 000098.250, 153
Trd, 000099.750, 156
Trd, 000099.800, 152
Trd, 000099.817, 160
Trd, 000100.600, 157
Trd, 000100.900, 153
Trd, 000101.333, 156
Trd, 000102.400, 154
Trd, 000103.100, 155
Trd, 000103.250, 154
Trd, 000103.850, 157
Trd, 000104.117, 154
Trd, 000104.550, 153
Trd, 000104.683, 155
Trd, 000105.267, 155
Trd, 000105.417, 165
Trd, 000106.133, 151
Trd, 000106.167, 162
Trd, 000107.367, 155
Trd, 000108.283, 157
Trd, 000108.433, 155
Trd, 000108.633, 159
Trd, 000109.800, 154
Trd, 000110.333, 152
Trd, 000110.600, 160
Trd, 000110.917, 152
Trd, 000111.183, 161
Trd, 000112.883, 157
Trd, 000112.933, 159
Trd, 000114.850, 153
Trd, 000115.300, 157
Trd, 000115.633, 155
Trd, 000115.800, 155
Trd, 000115.817, 152
Trd, 000116.933, 153
Trd, 000117.100, 162
Trd, 000118.100, 157
Trd, 000118.367, 158
Trd, 000118.683, 157
Trd, 000118.767, 172
Trd, 000119.633, 164
Trd, 000120.333, 156
Trd, 000120.417, 156
Trd, 000120.500, 157
Trd, 000121.467, 161
Trd, 000121.667, 154
Trd, 000121.833, 163
Trd, 000122.317, 167
Trd, 000122.783, 184
Trd, 000122.950, 198
Trd, 000123.450, 339
Trd, 000123.600, 315
Trd, 000123.983, 324
Trd, 000124.217, 348
Trd, 000125.500, 323
Trd, 000125.533, 341
Trd, 000125.900, 340
Trd, 000126.717, 321
Trd, 000126.900, 341
Trd, 000127.483, 342
Trd, 000129.150, 340
Trd, 000130.367, 338
Trd, 000131.283, 338.0
Trd, 000131.483, 338
Trd, 000131.717, 339
Trd, 000131.783, 341
Trd, 000131.900, 345
Trd, 000132.283, 345
Trd, 000133.400, 351.0
Trd, 000134.233, 342
Trd, 000134.467, 341
Trd, 000135.450, 343
Trd, 000135.483, 339.0
Trd, 000136.017, 344
Trd, 000137.150, 338.0
Trd, 000137.167, 338
Trd, 000137.833, 341
Trd, 000138.267, 338.0
Trd, 000139.183, 339
Trd, 000139.233, 343
Trd, 000139.750, 346
Trd, 000140.567, 344
Trd, 000140.633, 345
Trd, 000140.767, 340
Trd, 000141.917, 343
Trd, 000142.000, 343
Trd, 000142.483, 342
Trd, 000142.617, 341
Trd, 000143.250, 337.0
Trd, 000143.433, 338
Trd, 000143.617, 339
Trd, 000143.667, 318
Trd, 000143.950, 343
Trd, 000145.083, 334
Trd, 000145.133, 344
Trd, 000146.117, 344
Trd, 000146.250, 344
Trd, 000147.267, 337
Trd, 000147.900, 343
Trd, 000148.333, 350
Trd, 000148.567, 341
Trd, 000149.100, 343
Trd, 000149.700, 341
Trd, 000150.367, 341
Trd, 000150.583, 342
Trd, 000150.633, 347.0
Trd, 000151.217, 348
Trd, 000151.783, 338
Trd, 000152.933, 337.0
Trd, 000153.050, 342
Trd, 000153.433, 345
Trd, 000154.183, 342.0
Trd, 000154.567, 345
Trd, 000154.583, 351.0
Trd, 000154.700, 347
Trd, 000154.950, 345
Trd, 000155.267, 355
Trd, 000157.117, 348
Trd, 000157.167, 349
Trd, 000157.617, 345
Trd, 000158.417, 345
Trd, 000158.583, 345
Trd, 000158.667, 341.0
Trd, 000159.233, 337.0
Trd, 000159.267, 323
Trd, 000159.750, 351
Trd, 000160.133, 345.0
Trd, 000160.317, 353
Trd, 000162.067, 354
Trd, 000163.000, 354
Trd, 000163.617, 345
Trd, 000163.900, 344
Trd, 000163.950, 344.0
Trd, 000164.133, 341.0
Trd, 000165.217, 329
Trd, 000165.350, 331
Trd, 000165.500, 331
Trd, 000166.100, 331
Trd, 000166.683, 333.0
Trd, 000167.050, 334.0
Trd, 000167.583, 334
Trd, 000167.950, 344
Trd, 000168.233, 340
Trd, 000169.200, 342
Trd, 000169.483, 337
Trd, 000169.733, 338
Trd, 000170.400, 338
Trd, 000170.450, 337.0
Trd, 000170.733, 333
Trd, 000172.017, 338
Trd, 000172.133, 346
Trd, 000172.350, 351.0
Trd, 000173.250, 349
Trd, 000173.817, 344.0
Trd, 000174.400, 342.0
Trd, 000174.800, 347
Trd, 000174.850, 342
Trd, 000175.250, 341.0
Trd, 000175.383, 349
Trd, 000175.883, 339
Trd, 000177.967, 342
Trd, 000178.133, 343
Trd, 000179.000, 342
Trd, 000179.283, 341
Trd, 000179.567, 343
Trd, 000179.950, 344
Trd, 000180.367, 342
Trd, 000180.650, 343
Trd, 000181.550, 340
Trd, 000182.667, 339.0
Trd, 000182.883, 337.0
Trd, 000183.033, 317.0
Trd, 000183.100, 306.0
Trd, 000183.550, 302
Trd, 000184.000, 252
Trd, 000184.017, 217
Trd, 000184.433, 333
Trd, 000184.467, 298
Trd, 000184.750, 214
Trd, 000185.067, 197
Trd, 000185.600, 194
Trd, 000186.717, 193
Trd, 000187.083, 186
Trd, 000187.250, 184
Trd, 000187.500, 193
Trd, 000188.033, 199
Trd, 000188.850, 197
Trd, 000189.933, 195
Trd, 000190.067, 194
Trd, 000190.267, 197
Trd, 000190.833, 190
Trd, 000191.483, 186
Trd, 000192.033, 173
Trd, 000192.367, 165
Trd, 000192.550, 163
Trd, 000192.617, 160
Trd, 000193.450, 170
Trd, 000193.650, 168
Trd, 000193.950, 170
Trd, 000194.083, 166
Trd, 000194.317, 171
Trd, 000194.783, 157
Trd, 000196.283, 169
Trd, 000196.367, 163
Trd, 000198.150, 166
Trd, 000198.333, 169
Trd, 000199.433, 168
Trd, 000199.800, 166
Trd, 000200.200, 167
Trd, 000201.167, 168
Trd, 000201.600, 165
Trd, 000202.033, 165
Trd, 000202.167, 164
Trd, 000202.933, 165
Trd, 000203.800, 165
Trd, 000204.433, 163
Trd, 000204.483, 162
Trd, 000204.600, 165
Trd, 000204.833, 166
Trd, 000204.967, 164
Trd, 000205.583, 167
Trd, 000206.067, 172
Trd, 000206.233, 161
Trd, 000206.283, 161
Trd, 000207.883, 160
Trd, 000208.033, 139
Trd, 000208.150, 169
Trd, 000208.600, 170
Trd, 000209.150, 172
Trd, 000209.233, 182
Trd, 000211.000, 173
Trd, 000211.800, 171
Trd, 000212.883, 169
Trd, 000212.950, 170
Trd, 000213.083, 165
Trd, 000213.650, 162
Trd, 000214.100, 169
Trd, 000214.117, 170
Trd, 000215.367, 168
Trd, 000215.767, 169
Trd, 000216.283, 166
Trd, 000216.700, 167
Trd, 000217.433, 168
Trd, 000217.833, 168
Trd, 000218.217, 173
Trd, 000219.533, 173
Trd, 000219.933, 171
Trd, 000220.400, 167
Trd, 000221.083, 177
Trd, 000222.333, 168
Trd, 000223.200, 171
Trd, 000223.650, 167
Trd, 000223.717, 167
Trd, 000224.383, 169
Trd, 000224.950, 170
Trd, 000225.133, 170
Trd, 000225.150, 171
Trd, 000225.700, 166
Trd, 000226.000, 159
Trd, 000226.250, 172
Trd, 000226.550, 171
Trd, 000227.750, 168
Trd, 000229.033, 168
Trd, 000229.150, 168
Trd, 000229.783, 160
Trd, 000230.067, 166
Trd, 000231.000, 166
Trd, 000231.150, 165
Trd, 000231.333, 161
Trd, 000232.467, 156
Trd, 000232.850, 156
Trd, 000233.600, 158
Trd, 000235.333, 178
Trd, 000235.467, 173
Trd, 000236.383, 183
Trd, 000236.467, 185
Trd, 000236.833, 172
Trd, 000237.683, 172
Trd, 000238.750, 173
Trd, 000238.867, 172
Trd, 000239.200, 171
Trd, 000239.350, 167
Trd, 000239.433, 161
Trd, 000239.467, 172
Trd, 000240.417, 162
Trd, 000240.850, 172
Trd, 000241.800, 173
Trd, 000241.967, 172
Trd, 000242.217, 173
Trd, 000242.550, 172
Trd, 000242.983, 171
Trd, 000243.917, 175
Trd, 000244.033, 174
Trd, 000244.333, 174
Trd, 000244.517, 173
Trd, 000244.717, 174
Trd, 000244.783, 175
Trd, 000244.833, 176
Trd, 000245.083, 172
Trd, 000245.767, 177
Trd, 000246.100, 172
Trd, 000246.300, 165
Trd, 000248.183, 170
Trd, 000248.283, 176
Trd, 000248.917, 174
Trd, 000249.200, 174
Trd, 000249.317, 175
Trd, 000250.033, 173
Trd, 000250.200, 170
Trd, 000250.567, 174
Trd, 000251.133, 174
Trd, 000251.167, 172
Trd, 000252.333, 176
Trd, 000253.650, 173
Trd, 000254.167, 173
Trd, 000254.350, 175
Trd, 000254.617, 171
Trd, 000254.700, 173
Trd, 000254.750, 169
Trd, 000254.767, 180
Trd, 000255.450, 187
Trd, 000255.667, 176
Trd, 000256.833, 176
Trd, 000257.067, 175
Trd, 000257.167, 177
Trd, 000257.733, 173
Trd, 000257.767, 166
Trd, 000259.133, 172
Trd, 000259.233, 173
Trd, 000260.017, 171
Trd, 000260.217, 172
Trd, 000260.600, 172
Trd, 000260.900, 172
Trd, 000261.100, 174
Trd, 000261.133, 174
Trd, 000261.183, 177
Trd, 000261.717, 175
Trd, 000262.683, 179
Trd, 000262.833, 180
Trd, 000263.367, 181
Trd, 000264.233, 188
Trd, 000264.417, 189
Trd, 000264.450, 186
Trd, 000264.783, 175
Trd, 000265.500, 180
Trd, 000265.533, 170
Trd, 000265.700, 181
Trd, 000266.033, 174
Trd, 000266.133, 167
Trd, 000266.333, 164
Trd, 000266.450, 163
Trd, 000266.800, 170
Trd, 000267.000, 180
Trd, 000268.517, 177
Trd, 000268.900, 171
Trd, 000269.083, 174
Trd, 000269.533, 171
Trd, 000270.433, 175
Trd, 000270.917, 171
Trd, 000271.200, 172
Trd, 000272.300, 172
Trd, 000273.183, 172
Trd, 000273.317, 173
Trd, 000274.033, 172
Trd, 000274.217, 171
Trd, 000274.367, 175
Trd, 000274.767, 178
Trd, 000274.983, 171
Trd, 000275.067, 170
Trd, 000275.567, 177
Trd, 000275.667, 176
Trd, 000276.433, 173
Trd, 000277.133, 172
Trd, 000277.217, 175
Trd, 000277.417, 176
Trd, 000277.450, 183
Trd, 000277.467, 172
Trd, 000279.767, 176
Trd, 000280.300, 175
Trd, 000280.700, 172
Trd, 000281.633, 173
Trd, 000282.117, 175
Trd, 000282.450, 172
Trd, 000282.833, 175
Trd, 000283.633, 174
Trd, 000284.000, 173
Trd, 000284.283, 174
Trd, 000284.317, 172
Trd, 000284.817, 173
Trd, 000285.650, 173
Trd, 000286.267, 170
Trd, 000286.300, 169
Trd, 000287.050, 173
Trd, 000287.350, 176
Trd, 000288.717, 179
Trd, 000288.883, 177
Trd, 000288.967, 180
Trd, 000289.700, 184
Trd, 000290.333, 176
Trd, 000290.417, 174
Trd, 000290.983, 175
Trd, 000291.283, 174
Trd, 000292.067, 173
Trd, 000292.317, 174
Trd, 000292.717, 177
Trd, 000292.750, 173
Trd, 000292.850, 184
Trd, 000293.400, 173
Trd, 000294.550, 173
Trd, 000294.700, 171
Trd, 000295.400, 174
Trd, 000296.100, 174
Trd, 000296.217, 174
Trd, 000296.383, 171
Trd, 000297.200, 170
Trd, 000297.600, 171
Trd, 000297.900, 172
Trd, 000298.133, 175
Trd, 000298.167, 176
Trd, 000298.217, 177
Trd, 000298.983, 181
Trd, 000299.067, 192
Trd, 000299.983, 195
