Trd, 000001.533, 182
Trd, 000002.617, 168
Trd, 000003.683, 178
Trd, 000003.983, 166
Trd, 000004.000, 165
Trd, 000004.217, 158
Trd, 000005.050, 137
Trd, 000005.517, 144
Trd, 000005.800, 135
Trd, 000006.600, 155
Trd, 000006.833, 140
Trd, 000007.450, 155
Trd, 000007.767, 139
Trd, 000008.717, 139
Trd, 000010.033, 142
Trd, 000010.700, 143
Trd, 000010.750, 143
Trd, 000011.217, 141
Trd, 000011.300, 145
Trd, 000011.733, 157
Trd, 000012.117, 141
Trd, 000013.050, 149
Trd, 000013.083, 150
Trd, 000013.800, 146
Trd, 000014.400, 148
Trd, 000014.483, 152
Trd, 000015.233, 147
Trd, 000015.433, 147
Trd, 000015.700, 148
Trd, 000015.783, 147
Trd, 000016.900, 144
Trd, 000017.417, 139
Trd, 000018.467, 140
Trd, 000018.750, 139
Trd, 000019.183, 141
Trd, 000019.217, 146
Trd, 000019.283, 153
Trd, 000019.667, 160
Trd, 000020.633, 148
Trd, 000021.000, 160
Trd, 000021.117, 150
Trd, 000022.167, 150
Trd, 000022.700, 141
Trd, 000023.733, 138
Trd, 000024.000, 145
Trd, 000024.233, 137
Trd, 000024.800, 144
Trd, 000024.967, 145
Trd, 000025.417, 146
Trd, 000026.250, 147
Trd, 000026.417, 146
Trd, 000026.683, 152
Trd, 000027.200, 146
Trd, 000027.350, 147
Trd, 000027.733, 149
Trd, 000028.200, 154
Trd, 000028.650, 156
Trd, 000029.583, 147
Trd, 000030.150, 156
Trd, 000031.767, 156
Trd, 000032.050, 153
Trd, 000032.317, 158
Trd, 000033.183, 158
Trd, 000033.650, 157
Trd, 000033.667, 156
Trd, 000034.000, 160
Trd, 000034.217, 153
Trd, 000034.617, 150
Trd, 000035.117, 148
Trd, 000036.450, 148
Trd, 000036.650, 147
Trd, 000037.500, 153
Trd, 000037.517, 147
Trd, 000038.600, 152
Trd, 000038.700, 146
Trd, 000040.150, 155
Trd, 000040.217, 150
Trd, 000041.483, 146
Trd, 000042.100, 148
Trd, 000042.150, 141
Trd, 000042.667, 148
Trd, 000043.100, 151
Trd, 000043.850, 151
Trd, 000044.417, 150
Trd, 000045.017, 152
Trd, 000045.033, 154
Trd, 000045.167, 138
Trd, 000047.450, 148
Trd, 000047.533, 147
Trd, 000048.567, 153
Trd, 000049.367, 156
Trd, 000050.417, 152
Trd, 000050.450, 150
Trd, 000050.683, 154
Trd, 000050.950, 158
Trd, 000051.083, 150
Trd, 000051.850, 161
Trd, 000052.533, 152
Trd, 000054.067, 160
Trd, 000054.333, 153
Trd, 000054.417, 159
Trd, 000055.617, 153
Trd, 000055.633, 152
Trd, 000055.800, 152
Trd, 000056.883, 153
Trd, 000057.550, 154
Trd, 000057.983, 158
Trd, 000058.333, 162
Trd, 000058.967, 155
Trd, 000059.667, 161
Trd, 000060.083, 168
Trd, 000060.650, 155
Trd, 000060.717, 175
Trd, 000060.933, 154
Trd, 000061.383, 158
Trd, 000061.467, 154
Trd, 000063.250, 159
Trd, 000063.617, 143
Trd, 000064.250, 151
Trd, 000064.567, 159
Trd, 000065.017, 154
Trd, 000065.617, 160
Trd, 000066.400, 160
Trd, 000067.100, 157
Trd, 000067.200, 154
Trd, 000067.367, 160
Trd, 000068.667, 157
Trd, 000069.933, 160
Trd, 000070.017, 159
Trd, 000070.483, 156
Trd, 000070.667, 162
Trd, 000070.867, 165
Trd, 000071.233, 162
Trd, 000071.317, 165
Trd, 000072.500, 163
Trd, 000073.183, 150
Trd, 000073.333, 144
Trd, 000073.683, 147
Trd, 000074.667, 151
Trd, 000075.750, 154
Trd, 000076.867, 150
Trd, 000077.300, 156
Trd, 000078.400, 151
Trd, 000079.550, 156
Trd, 000080.333, 152
Trd, 000080.467, 156
Trd, 000080.550, 145
Trd, 000080.633, 157
Trd, 000081.533, 155
Trd, 000082.000, 151
Trd, 000082.067, 150
Trd, 000082.250, 149
Trd, 000082.350, 152
Trd, 000082.400, 145
Trd, 000082.900, 142
Trd, 000085.300, 151
Trd, 000085.533, 149
Trd, 000085.567, 154
Trd, 000086.067, 147
Trd, 000086.567, 153
Trd, 000087.133, 151
Trd, 000087.300, 145
Trd, 000088.000, 153
Trd, 000088.717, 160
Trd, 000089.983, 162
Trd, 000090.583, 161
Trd, 000090.633, 160
Trd, 000090.983, 159
Trd, 000091.683, 159
Trd, 000092.217, 159
Trd, 000093.633, 160
Trd, 000093.667, 157
Trd, 000094.183, 153
Trd, 000094.433, 159
Trd, 000095.050, 157
Trd, 000096.133, 158
Trd, 000096.233, 156
Trd, 000097.150, 154
Trd, 000098.383, 158
Trd, 000098.417, 164
Trd, 000098.850, 167
Trd, 000099.667, 161
Trd, 000099.767, 158
Trd, 000099.783, 168
Trd, 000100.167, 164
Trd, 000100.600, 159
Trd, 000101.867, 163
Trd, 000102.067, 165
Trd, 000102.400, 160
Trd, 000103.133, 159
Trd, 000103.583, 162
Trd, 000103.967, 163
Trd, 000104.033, 165
Trd, 000105.150, 160
Trd, 000105.633, 160
Trd, 000106.150, 158
Trd, 000106.333, 156
Trd, 000106.433, 154
Trd, 000107.233, 161
Trd, 000108.383, 158
Trd, 000108.650, 146
Trd, 000108.867, 158
Trd, 000108.900, 145
Trd, 000110.367, 161
Trd, 000110.500, 162
Trd, 000110.683, 153
Trd, 000112.450, 156
Trd, 000113.133, 157
Trd, 000114.250, 163
Trd, 000114.467, 157
Trd, 000114.783, 164
Trd, 000115.350, 171
Trd, 000115.700, 159
Trd, 000116.350, 159
Trd, 000116.683, 158
Trd, 000116.733, 156
Trd, 000117.167, 169
Trd, 000117.800, 169
Trd, 000117.833, 156
Trd, 000117.983, 149
Trd, 000118.500, 167
Trd, 000118.783, 154
Trd, 000119.850, 165
Trd, 000120.467, 157
Trd, 000120.933, 158
Trd, 000121.017, 165
Trd, 000121.067, 165
Trd, 000121.833, 170
Trd, 000122.283, 191
Trd, 000122.683, 235
Trd, 000122.717, 237
Trd, 000122.750, 299
Trd, 000123.100, 314
Trd, 000123.650, 306.0
Trd, 000124.617, 310.0
Trd, 000124.800, 324
Trd, 000125.417, 326
Trd, 000125.867, 324
Trd, 000126.067, 330.0
Trd, 000126.117, 331.0
Trd, 000127.250, 328.0
Trd, 000127.733, 333
Trd, 000127.800, 327.0
Trd, 000128.550, 334
Trd, 000129.067, 328
Trd, 000129.200, 342.0
Trd, 000129.633, 335
Trd, 000129.733, 327
Trd, 000131.383, 336
Trd, 000132.283, 336
Trd, 000133.317, 324
Trd, 000135.267, 334
Trd, 000135.333, 337
Trd, 000135.650, 340.0
Trd, 000136.950, 339.0
Trd, 000137.150, 341.0
Trd, 000137.500, 338.0
Trd, 000138.567, 343.0
Trd, 000138.900, 343
Trd, 000139.267, 344.0
Trd, 000140.533, 341
Trd, 000140.633, 340
Trd, 000140.983, 344
Trd, 000141.267, 339
Trd, 000142.083, 337.0
Trd, 000142.483, 348
Trd, 000143.733, 351
Trd, 000144.100, 340
Trd, 000144.717, 344.0
Trd, 000145.067, 344
Trd, 000146.483, 349
Trd, 000146.783, 352
Trd, 000146.850, 354
Trd, 000147.350, 355
Trd, 000147.800, 355
Trd, 000147.900, 349
Trd, 000148.750, 349
Trd, 000149.250, 356.0
Trd, 000149.600, 358.0
Trd, 000150.067, 348
Trd, 000151.650, 355
Trd, 000151.767, 352
Trd, 000151.983, 357
Trd, 000152.750, 351
Trd, 000153.500, 349
Trd, 000153.767, 349
Trd, 000153.783, 355
Trd, 000155.633, 346
Trd, 000156.183, 353
Trd, 000156.533, 353
Trd, 000156.750, 354
Trd, 000156.783, 347
Trd, 000157.100, 352
Trd, 000157.417, 355
Trd, 000158.550, 348
Trd, 000159.600, 337.0
Trd, 000160.650, 349
Trd, 000161.517, 344
Trd, 000161.917, 351
Trd, 000162.400, 353
Trd, 000162.583, 355
Trd, 000163.200, 347
Trd, 000163.700, 349
Trd, 000164.350, 346
Trd, 000165.233, 344
Trd, 000166.333, 354
Trd, 000167.033, 346
Trd, 000167.517, 346
Trd, 000168.017, 344
Trd, 000168.617, 351
Trd, 000168.633, 352
Trd, 000168.667, 353
Trd, 000168.700, 354
Trd, 000170.033, 344.0
Trd, 000172.850, 344.0
Trd, 000173.483, 343
Trd, 000173.583, 345
Trd, 000173.700, 348
Trd, 000174.450, 340
Trd, 000175.100, 354
Trd, 000175.117, 355
Trd, 000175.917, 343
Trd, 000176.333, 345
Trd, 000177.483, 342
Trd, 000177.767, 351
Trd, 000178.200, 341
Trd, 000180.500, 342
Trd, 000180.967, 341.0
Trd, 000182.617, 341
Trd, 000182.750, 337
Trd, 000182.917, 342
Trd, 000183.267, 337.0
Trd, 000183.383, 335
Trd, 000183.450, 343
Trd, 000183.500, 327.0
Trd, 000183.733, 323
Trd, 000183.750, 303.0
Trd, 000184.533, 247
Trd, 000184.650, 204
Trd, 000184.733, 190
Trd, 000184.850, 187
Trd, 000185.817, 190
Trd, 000185.833, 189
Trd, 000186.683, 187
Trd, 000187.700, 192
Trd, 000188.567, 191
Trd, 000188.917, 190
Trd, 000189.183, 183
Trd, 000190.083, 187
Trd, 000190.300, 184
Trd, 000190.683, 181
Trd, 000191.833, 174
Trd, 000192.583, 177
Trd, 000192.667, 168
Trd, 000192.917, 177
Trd, 000193.567, 177
Trd, 000195.033, 160
Trd, 000195.050, 157
Trd, 000195.083, 163
Trd, 000195.367, 165
Trd, 000195.850, 163
Trd, 000196.100, 171
Trd, 000196.883, 180
Trd, 000197.933, 169
Trd, 000198.933, 169
Trd, 000199.100, 169
Trd, 000199.283, 174
Trd, 000199.633, 171
Trd, 000200.583, 171
Trd, 000200.700, 167
Trd, 000200.850, 172
Trd, 000201.300, 174
Trd, 000202.133, 176
Trd, 000202.417, 178
Trd, 000203.150, 168
Trd, 000203.600, 168
Trd, 000204.317, 170
Trd, 000204.650, 171
Trd, 000204.933, 168
Trd, 000207.050, 171
Trd, 000207.100, 169
Trd, 000207.300, 168
Trd, 000208.133, 172
Trd, 000208.183, 166
Trd, 000208.983, 173
Trd, 000209.367, 167
Trd, 000209.700, 166
Trd, 000211.100, 167
Trd, 000211.417, 168
Trd, 000211.933, 165
Trd, 000212.067, 166
Trd, 000212.517, 165
Trd, 000212.767, 163
Trd, 000212.867, 169
Trd, 000213.833, 170
Trd, 000213.867, 163
Trd, 000214.433, 172
Trd, 000215.383, 172
Trd, 000215.767, 175
Trd, 000217.983, 171
Trd, 000219.733, 171
Trd, 000219.983, 169
Trd, 000220.000, 168
Trd, 000220.383, 170
Trd, 000220.483, 171
Trd, 000220.900, 167
Trd, 000221.250, 174
Trd, 000221.400, 177
Trd, 000221.817, 166
Trd, 000221.983, 172
Trd, 000223.133, 173
Trd, 000224.067, 173
Trd, 000224.333, 173
Trd, 000224.750, 174
Trd, 000225.200, 173
Trd, 000225.617, 180
Trd, 000226.100, 172
Trd, 000226.117, 174
Trd, 000226.550, 177
Trd, 000226.817, 178
Trd, 000226.917, 168
Trd, 000228.267, 185
Trd, 000230.000, 191
Trd, 000230.150, 188
Trd, 000230.367, 192
Trd, 000230.467, 183
Trd, 000232.083, 183
Trd, 000232.117, 182
Trd, 000232.167, 185
Trd, 000232.617, 181
Trd, 000232.867, 185
Trd, 000233.133, 184
Trd, 000233.500, 176
Trd, 000233.767, 183
Trd, 000234.800, 173
Trd, 000235.400, 171
Trd, 000235.633, 182
Trd, 000235.667, 161
Trd, 000237.033, 176
Trd, 000237.933, 168
Trd, 000238.100, 171
Trd, 000238.800, 171
Trd, 000239.333, 169
Trd, 000239.400, 167
Trd, 000239.967, 165
Trd, 000241.083, 170
Trd, 000241.333, 168
Trd, 000242.283, 168
Trd, 000242.333, 169
Trd, 000242.833, 173
Trd, 000243.350, 175
Trd, 000243.400, 170
Trd, 000244.333, 175
Trd, 000244.467, 181
Trd, 000244.817, 175
Trd, 000244.917, 176
Trd, 000245.667, 177
Trd, 000245.867, 175
Trd, 000246.433, 173
Trd, 000246.550, 169
Trd, 000247.600, 176
Trd, 000247.817, 179
Trd, 000247.983, 166
Trd, 000248.567, 179
Trd, 000248.867, 169
Trd, 000249.417, 174
Trd, 000249.700, 176
Trd, 000250.167, 173
Trd, 000251.483, 170
Trd, 000252.450, 171
Trd, 000252.833, 169
Trd, 000253.500, 170
Trd, 000253.917, 168
Trd, 000254.133, 170
Trd, 000254.533, 175
Trd, 000254.683, 180
Trd, 000254.733, 169
Trd, 000254.767, 169
Trd, 000254.833, 183
Trd, 000255.800, 167
Trd, 000256.150, 170
Trd, 000257.283, 170
Trd, 000257.517, 169
Trd, 000257.967, 169
Trd, 000258.250, 173
Trd, 000258.350, 179
Trd, 000258.867, 180
Trd, 000259.717, 184
Trd, 000259.767, 175
Trd, 000260.000, 167
Trd, 000260.183, 159
Trd, 000261.000, 188
Trd, 000261.733, 160
Trd, 000261.750, 161
Trd, 000262.267, 162
Trd, 000262.450, 167
Trd, 000262.683, 190
Trd, 000263.117, 184
Trd, 000263.333, 178
Trd, 000263.850, 178
Trd, 000264.250, 176
Trd, 000264.467, 174
Trd, 000264.867, 170
Trd, 000265.033, 194
Trd, 000266.200, 185
Trd, 000267.283, 187
Trd, 000267.833, 187
Trd, 000267.900, 188
Trd, 000268.150, 187
Trd, 000268.217, 188
Trd, 000268.667, 185
Trd, 000269.400, 189
Trd, 000269.500, 185
Trd, 000269.717, 182
Trd, 000270.183, 177
Trd, 000271.433, 179
Trd, 000271.767, 182
Trd, 000273.133, 177
Trd, 000273.433, 176
Trd, 000274.283, 181
Trd, 000274.417, 179
Trd, 000274.567, 181
Trd, 000274.933, 177
Trd, 000275.000, 181
Trd, 000275.567, 171
Trd, 000275.717, 177
Trd, 000276.250, 162
Trd, 000276.317, 178
Trd, 000277.017, 171
Trd, 000277.850, 176
Trd, 000277.983, 172
Trd, 000278.333, 182
Trd, 000279.100, 179
Trd, 000280.233, 176
Trd, 000280.733, 176
Trd, 000280.783, 174
Trd, 000280.967, 175
Trd, 000281.683, 177
Trd, 000281.833, 173
Trd, 000281.983, 180
Trd, 000282.050, 180
Trd, 000282.517, 183
Trd, 000283.267, 186
Trd, 000284.450, 185
Trd, 000284.700, 183
Trd, 000284.833, 175
Trd, 000284.967, 167
Trd, 000285.383, 186
Trd, 000285.550, 173
Trd, 000285.767, 179
Trd, 000287.283, 184
Trd, 000287.550, 183
Trd, 000288.800, 184
Trd, 000289.583, 183
Trd, 000289.600, 181
Trd, 000289.867, 185
Trd, 000290.017, 184
Trd, 000290.350, 180
Trd, 000290.850, 180
Trd, 000291.150, 186
Trd, 000291.300, 181
Trd, 000291.950, 184
Trd, 000293.167, 186
Trd, 000293.217, 179
Trd, 000293.917, 186
Trd, 000294.567, 173
Trd, 000294.633, 184
Trd, 000294.950, 174
Trd, 000295.117, 182
Trd, 000295.233, 183
Trd, 000295.317, 185
Trd, 000295.350, 187
Trd, 000295.783, 174
Trd, 000296.567, 191
Trd, 000296.733, 175
Trd, 000297.367, 179
Trd, 000298.050, 179
Trd, 000298.483, 178
Trd, 000298.767, 177
Trd, 000299.233, 188
