Trd, 000001.817, 152
Trd, 000002.183, 153
Trd, 000002.467, 154
Trd, 000002.533, 146
Trd, 000004.383, 154
Trd, 000004.800, 153
Trd, 000005.217, 154
Trd, 000005.583, 153
Trd, 000006.033, 153
Trd, 000006.050, 150
Trd, 000006.217, 146
Trd, 000007.083, 149
Trd, 000008.867, 158
Trd, 000009.100, 156
Trd, 000009.867, 154
Trd, 000009.883, 150
Trd, 000010.383, 154
Trd, 000011.267, 149
Trd, 000011.767, 149
Trd, 000012.817, 134
Trd, 000013.517, 138
Trd, 000013.700, 137
Trd, 000013.767, 142
Trd, 000015.550, 139
Trd, 000015.983, 141
Trd, 000016.333, 149
Trd, 000016.483, 152
Trd, 000018.050, 141
Trd, 000018.617, 143
Trd, 000019.000, 140
Trd, 000019.767, 148
Trd, 000020.050, 148
Trd, 000021.900, 145
Trd, 000021.950, 146
Trd, 000023.100, 148
Trd, 000023.217, 147
Trd, 000024.150, 144
Trd, 000025.800, 145
Trd, 000025.967, 144
Trd, 000026.100, 143
Trd, 000026.383, 144
Trd, 000027.417, 143
Trd, 000027.483, 144
Trd, 000027.567, 149
Trd, 000028.083, 156
Trd, 000028.633, 146
Trd, 000029.017, 137
Trd, 000030.067, 153
Trd, 000032.333, 144
Trd, 000033.517, 144
Trd, 000033.700, 145
Trd, 000033.883, 145
Trd, 000034.200, 146
Trd, 000034.250, 148
Trd, 000035.617, 147
Trd, 000035.983, 144
Trd, 000037.883, 146
Trd, 000038.000, 144
Trd, 000039.867, 147
Trd, 000040.050, 146
Trd, 000040.200, 147
Trd, 000040.400, 149
Trd, 000040.417, 146
Trd, 000041.467, 151
Trd, 000041.550, 145
Trd, 000041.733, 144
Trd, 000041.933, 145
Trd, 000042.583, 149
Trd, 000043.883, 150
Trd, 000044.417, 148
Trd, 000044.783, 148
Trd, 000046.800, 147
Trd, 000046.933, 147
Trd, 000047.400, 146
Trd, 000048.400, 146
Trd, 000048.550, 147
Trd, 000049.883, 149
Trd, 000050.517, 148
Trd, 000051.117, 149
Trd, 000051.533, 152
Trd, 000052.367, 152
Trd, 000052.400, 151
Trd, 000052.467, 155
Trd, 000052.883, 151
Trd, 000052.983, 149
Trd, 000053.750, 155
Trd, 000055.383, 151
Trd, 000055.683, 152
Trd, 000056.150, 156
Trd, 000056.717, 152
Trd, 000058.033, 151
Trd, 000058.150, 150
Trd, 000059.550, 145
Trd, 000059.950, 147
Trd, 000060.033, 145
Trd, 000062.367, 145
Trd, 000062.483, 146
Trd, 000062.983, 145
Trd, 000063.933, 147
Trd, 000064.050, 147
Trd, 000064.700, 147
Trd, 000067.200, 146
Trd, 000067.350, 149
Trd, 000067.567, 154
Trd, 000067.733, 155
Trd, 000068.317, 156
Trd, 000069.750, 155
Trd, 000069.867, 156
Trd, 000070.333, 154
Trd, 000071.200, 156
Trd, 000071.350, 154
Trd, 000071.867, 158
Trd, 000072.150, 158
Trd, 000072.483, 154
Trd, 000073.200, 152
Trd, 000073.417, 151
Trd, 000073.817, 160
Trd, 000074.233, 152
Trd, 000075.017, 153
Trd, 000076.317, 153
Trd, 000076.967, 153
Trd, 000077.150, 155
Trd, 000077.483, 155
Trd, 000078.883, 154
Trd, 000079.417, 156
Trd, 000079.633, 152
Trd, 000081.850, 156
Trd, 000082.667, 154
Trd, 000082.983, 153
Trd, 000083.233, 148
Trd, 000084.600, 142
Trd, 000084.700, 139
Trd, 000085.567, 144
Trd, 000086.533, 144
Trd, 000087.367, 146
Trd, 000087.767, 143
Trd, 000089.683, 145
Trd, 000089.717, 146
Trd, 000090.417, 145
Trd, 000091.450, 147
Trd, 000091.467, 150
Trd, 000091.967, 144
Trd, 000092.200, 144
Trd, 000093.100, 150
Trd, 000093.683, 160
Trd, 000095.717, 152
Trd, 000095.883, 151
Trd, 000095.933, 152
Trd, 000096.667, 150
Trd, 000096.767, 152
Trd, 000097.017, 149
Trd, 000097.900, 157
Trd, 000098.967, 148
Trd, 000099.450, 149
Trd, 000100.400, 147
Trd, 000100.700, 148
Trd, 000101.567, 150
Trd, 000101.600, 149
Trd, 000101.733, 151
Trd, 000104.250, 152
Trd, 000104.267, 154
Trd, 000104.817, 151
Trd, 000105.900, 157
Trd, 000106.117, 152
Trd, 000106.467, 153
Trd, 000107.650, 155
Trd, 000108.383, 155
Trd, 000109.600, 154
Trd, 000109.750, 156
Trd, 000110.400, 154
Trd, 000110.650, 152
Trd, 000111.667, 152
Trd, 000112.133, 153
Trd, 000113.033, 154
Trd, 000113.350, 160
Trd, 000113.950, 158
Trd, 000115.717, 154
Trd, 000116.183, 156
Trd, 000117.083, 156
Trd, 000117.400, 155
Trd, 000117.500, 163
Trd, 000117.600, 153
Trd, 000118.250, 164
Trd, 000118.650, 159
Trd, 000119.617, 159
Trd, 000120.917, 161
Trd, 000121.050, 160
Trd, 000121.383, 164
Trd, 000122.383, 167
Trd, 000122.583, 170
Trd, 000122.933, 191
Trd, 000123.267, 194
Trd, 000123.350, 208
Trd, 000123.533, 223
Trd, 000123.683, 229
Trd, 000123.900, 278
Trd, 000124.183, 310.0
Trd, 000124.683, 334
Trd, 000124.733, 333
Trd, 000124.883, 335.0
Trd, 000127.333, 330.0
Trd, 000128.083, 339
Trd, 000128.950, 350
Trd, 000130.200, 348.0
Trd, 000130.617, 341
Trd, 000131.150, 340
Trd, 000131.883, 345
Trd, 000133.300, 346
Trd, 000133.783, 347.0
Trd, 000133.800, 347
Trd, 000134.367, 348
Trd, 000135.000, 348
Trd, 000135.300, 348
Trd, 000136.117, 347
Trd, 000136.183, 350
Trd, 000137.350, 347
Trd, 000139.050, 341
Trd, 000139.750, 344
Trd, 000140.250, 346
Trd, 000140.400, 347
Trd, 000140.633, 348
Trd, 000140.833, 345
Trd, 000141.500, 342
Trd, 000144.383, 347
Trd, 000144.617, 344
Trd, 000145.183, 345
Trd, 000145.750, 345
Trd, 000146.200, 345
Trd, 000146.933, 342
Trd, 000147.083, 340
Trd, 000147.133, 344
Trd, 000147.300, 341
Trd, 000148.133, 341
Trd, 000148.217, 342
Trd, 000150.117, 340
Trd, 000151.933, 341.0
Trd, 000152.733, 340
Trd, 000154.567, 339
Trd, 000154.650, 340
Trd, 000154.950, 339
Trd, 000155.933, 342
Trd, 000158.367, 338.0
Trd, 000158.800, 337
Trd, 000159.100, 341.0
Trd, 000159.717, 336
Trd, 000159.900, 334
Trd, 000160.683, 336
Trd, 000160.867, 335
Trd, 000161.733, 336
Trd, 000161.983, 340
Trd, 000162.050, 341
Trd, 000162.950, 339.0
Trd, 000164.617, 337
Trd, 000165.950, 338
Trd, 000166.350, 337
Trd, 000167.000, 338
Trd, 000167.117, 341.0
Trd, 000167.233, 342
Trd, 000168.650, 351.0
Trd, 000169.517, 340
Trd, 000169.700, 340.0
Trd, 000170.900, 340.0
Trd, 000172.250, 340
Trd, 000172.983, 339
Trd, 000173.267, 341.0
Trd, 000173.350, 338
Trd, 000174.817, 342
Trd, 000175.567, 341.0
Trd, 000176.283, 339
Trd, 000176.333, 339
Trd, 000176.867, 339
Trd, 000177.567, 339
Trd, 000177.733, 339
Trd, 000178.550, 339
Trd, 000179.667, 337
Trd, 000180.050, 341.0
Trd, 000180.483, 335
Trd, 000181.533, 338
Trd, 000182.283, 338
Trd, 000182.517, 341
Trd, 000182.567, 337
Trd, 000183.067, 320.0
Trd, 000183.233, 306.0
Trd, 000183.267, 300.0
Trd, 000183.483, 255
Trd, 000183.733, 218
Trd, 000183.967, 180
Trd, 000184.083, 177
Trd, 000185.317, 168
Trd, 000185.750, 161
Trd, 000186.867, 185
Trd, 000187.133, 174
Trd, 000188.183, 175
Trd, 000188.400, 175
Trd, 000188.450, 172
Trd, 000188.667, 170
Trd, 000189.067, 175
Trd, 000189.417, 172
Trd, 000190.533, 173
Trd, 000190.717, 170
Trd, 000191.650, 172
Trd, 000191.733, 173
Trd, 000192.000, 168
Trd, 000192.867, 171
Trd, 000193.900, 172
Trd, 000195.717, 170
Trd, 000196.250, 169
Trd, 000196.350, 169
Trd, 000197.517, 170
Trd, 000197.650, 170
Trd, 000197.867, 169
Trd, 000198.350, 168
Trd, 000198.400, 168
Trd, 000198.667, 170
Trd, 000199.567, 163
Trd, 000199.650, 167
Trd, 000201.567, 168
Trd, 000202.067, 165
Trd, 000202.617, 171
Trd, 000203.400, 171
Trd, 000203.750, 169
Trd, 000204.433, 169
Trd, 000204.650, 168
Trd, 000205.050, 165
Trd, 000205.633, 159
Trd, 000206.583, 161
Trd, 000207.350, 161
Trd, 000208.000, 160
Trd, 000209.117, 159
Trd, 000210.167, 162
Trd, 000211.433, 162
Trd, 000212.033, 163
Trd, 000212.100, 162
Trd, 000212.550, 162
Trd, 000213.500, 163
Trd, 000213.700, 172
Trd, 000214.483, 162
Trd, 000214.850, 172
Trd, 000215.950, 172
Trd, 000216.567, 170
Trd, 000217.733, 170
Trd, 000218.283, 170
Trd, 000219.150, 165
Trd, 000220.067, 165
Trd, 000220.217, 163
Trd, 000220.600, 164
Trd, 000220.733, 166
Trd, 000220.933, 170
Trd, 000221.867, 169
Trd, 000222.217, 167
Trd, 000223.250, 167
Trd, 000223.417, 173
Trd, 000224.100, 163
Trd, 000225.433, 163
Trd, 000225.633, 163
Trd, 000225.733, 164
Trd, 000225.800, 165
Trd, 000226.017, 163
Trd, 000227.733, 171
Trd, 000227.900, 164
Trd, 000228.017, 172
Trd, 000229.617, 167
Trd, 000230.000, 166
Trd, 000230.017, 171
Trd, 000230.683, 172
Trd, 000231.183, 166
Trd, 000232.167, 170
Trd, 000232.683, 169
Trd, 000232.967, 167
Trd, 000233.450, 168
Trd, 000233.733, 168
Trd, 000234.067, 168
Trd, 000234.367, 167
Trd, 000235.567, 166
Trd, 000236.333, 166
Trd, 000236.617, 164
Trd, 000237.017, 167
Trd, 000237.883, 168
Trd, 000239.133, 167
Trd, 000240.167, 168
Trd, 000240.317, 168
Trd, 000240.367, 166
Trd, 000240.517, 169
Trd, 000240.817, 172
Trd, 000241.200, 172
Trd, 000241.533, 168
Trd, 000242.300, 175
Trd, 000242.433, 170
Trd, 000242.783, 176
Trd, 000242.983, 174
Trd, 000243.017, 178
Trd, 000243.350, 172
Trd, 000243.950, 170
Trd, 000245.233, 172
Trd, 000245.450, 171
Trd, 000245.817, 173
Trd, 000246.700, 174
Trd, 000247.017, 172
Trd, 000247.100, 174
Trd, 000247.550, 173
Trd, 000248.017, 175
Trd, 000248.233, 177
Trd, 000248.467, 176
Trd, 000248.650, 174
Trd, 000249.767, 173
Trd, 000250.033, 170
Trd, 000250.433, 175
Trd, 000251.083, 171
Trd, 000251.483, 183
Trd, 000252.617, 181
Trd, 000253.267, 176
Trd, 000253.450, 177
Trd, 000253.650, 180
Trd, 000254.117, 181
Trd, 000254.383, 178
Trd, 000254.417, 180
Trd, 000254.550, 181
Trd, 000254.683, 177
Trd, 000254.933, 183
Trd, 000255.467, 178
Trd, 000256.133, 179
Trd, 000256.517, 180
Trd, 000256.933, 174
Trd, 000257.667, 173
Trd, 000258.433, 173
Trd, 000258.717, 174
Trd, 000258.833, 174
Trd, 000259.117, 175
Trd, 000259.317, 174
Trd, 000259.917, 174
Trd, 000261.300, 180
Trd, 000261.367, 176
Trd, 000261.483, 175
Trd, 000262.017, 180
Trd, 000262.133, 176
Trd, 000262.833, 181
Trd, 000263.133, 182
Trd, 000263.400, 179
Trd, 000264.050, 177
Trd, 000264.717, 177
Trd, 000264.917, 180
Trd, 000265.167, 181
Trd, 000265.617, 180
Trd, 000265.933, 183
Trd, 000266.483, 181
Trd, 000266.933, 183
Trd, 000267.000, 179
Trd, 000267.583, 179
Trd, 000267.917, 178
Trd, 000268.467, 181
Trd, 000268.750, 178
Trd, 000269.283, 182
Trd, 000269.350, 182
Trd, 000269.567, 179
Trd, 000270.383, 182
Trd, 000270.567, 183
Trd, 000270.750, 185
Trd, 000270.917, 181
Trd, 000271.000, 179
Trd, 000271.050, 178
Trd, 000273.683, 187
Trd, 000273.900, 185
Trd, 000274.017, 182
Trd, 000274.200, 184
Trd, 000274.700, 183
Trd, 000275.167, 184
Trd, 000275.317, 184
Trd, 000275.350, 185
Trd, 000275.917, 181
Trd, 000276.483, 183
Trd, 000276.583, 185
Trd, 000276.650, 186
Trd, 000276.967, 180
Trd, 000276.983, 179
Trd, 000277.517, 180
Trd, 000278.250, 182
Trd, 000279.233, 183
Trd, 000279.700, 185
Trd, 000279.983, 185
Trd, 000280.867, 182
Trd, 000280.900, 179
Trd, 000281.333, 183
Trd, 000281.467, 179
Trd, 000281.767, 173
Trd, 000282.783, 166
Trd, 000282.817, 169
Trd, 000282.917, 171
Trd, 000283.033, 165
Trd, 000284.217, 170
Trd, 000284.533, 178
Trd, 000284.917, 177
Trd, 000285.167, 173
Trd, 000286.283, 173
Trd, 000286.433, 174
Trd, 000286.700, 175
Trd, 000286.883, 179
Trd, 000287.183, 173
Trd, 000287.333, 179
Trd, 000288.100, 182
Trd, 000288.733, 180
Trd, 000289.200, 176
Trd, 000289.733, 176
Trd, 000290.167, 175
Trd, 000290.533, 180
Trd, 000290.650, 180
Trd, 000290.850, 181
Trd, 000290.917, 174
Trd, 000291.233, 167
Trd, 000291.333, 183
Trd, 000293.483, 181
Trd, 000293.567, 170
Trd, 000293.633, 182
Trd, 000294.733, 179
Trd, 000295.650, 176
Trd, 000295.883, 177
Trd, 000296.067, 176
Trd, 000296.183, 178
Trd, 000296.383, 178
Trd, 000296.633, 181
Trd, 000297.000, 177
Trd, 000297.217, 189
Trd, 000297.383, 177
Trd, 000297.633, 176
Trd, 000297.983, 181
Trd, 000299.167, 183
