Trd, 000001.783, 107
Trd, 000002.400, 100
Trd, 000002.833, 127
Trd, 000003.600, 131
Trd, 000004.600, 151
Trd, 000004.617, 153
Trd, 000004.917, 158
Trd, 000005.083, 140
Trd, 000006.133, 148
Trd, 000006.333, 147
Trd, 000007.067, 138
Trd, 000007.133, 143
Trd, 000007.300, 142
Trd, 000007.400, 135
Trd, 000007.567, 156
Trd, 000007.783, 128
Trd, 000008.367, 132
Trd, 000008.517, 149
Trd, 000010.583, 144
Trd, 000010.850, 145
Trd, 000011.467, 146
Trd, 000012.533, 150
Trd, 000012.883, 149
Trd, 000013.000, 149
Trd, 000013.550, 153
Trd, 000013.733, 149
Trd, 000014.067, 148
Trd, 000014.217, 148
Trd, 000014.383, 156
Trd, 000015.183, 153
Trd, 000016.133, 153
Trd, 000017.050, 148
Trd, 000018.117, 150
Trd, 000018.300, 151
Trd, 000018.317, 150
Trd, 000018.717, 155
Trd, 000019.217, 140
Trd, 000019.750, 157
Trd, 000020.200, 136
Trd, 000020.733, 136
Trd, 000021.283, 145
Trd, 000023.133, 144
Trd, 000023.183, 145
Trd, 000023.667, 146
Trd, 000023.983, 146
Trd, 000024.617, 145
Trd, 000024.700, 146
Trd, 000024.783, 150
Trd, 000024.950, 143
Trd, 000025.400, 150
Trd, 000026.850, 156
Trd, 000026.933, 157
Trd, 000027.083, 150
Trd, 000027.183, 149
Trd, 000027.317, 136
Trd, 000028.200, 134
Trd, 000030.167, 143
Trd, 000030.467, 151
Trd, 000032.617, 148
Trd, 000032.733, 146
Trd, 000032.850, 147
Trd, 000033.133, 158
Trd, 000033.933, 151
Trd, 000033.950, 163
Trd, 000034.600, 145
Trd, 000035.267, 145
Trd, 000036.233, 144
Trd, 000036.267, 150
Trd, 000036.500, 151
Trd, 000037.217, 150
Trd, 000037.400, 143
Trd, 000039.650, 148
Trd, 000039.700, 147
Trd, 000040.033, 148
Trd, 000040.350, 145
Trd, 000041.000, 145
Trd, 000041.200, 149
Trd, 000041.333, 145
Trd, 000041.450, 150
Trd, 000042.683, 150
Trd, 000042.917, 151
Trd, 000043.100, 150
Trd, 000043.267, 152
Trd, 000043.400, 153
Trd, 000043.567, 148
Trd, 000044.350, 147
Trd, 000045.483, 150
Trd, 000046.367, 149
Trd, 000047.067, 151
Trd, 000047.200, 151
Trd, 000047.983, 152
Trd, 000048.033, 149
Trd, 000048.200, 139
Trd, 000048.800, 153
Trd, 000049.783, 135
Trd, 000050.517, 143
Trd, 000050.683, 149
Trd, 000051.850, 146
Trd, 000052.333, 146
Trd, 000053.133, 147
Trd, 000053.300, 149
Trd, 000053.467, 147
Trd, 000053.500, 145
Trd, 000054.567, 150
Trd, 000055.500, 160
Trd, 000055.983, 160
Trd, 000056.017, 163
Trd, 000056.600, 157
Trd, 000056.850, 145
Trd, 000056.867, 148
Trd, 000057.083, 139
Trd, 000057.583, 168
Trd, 000057.667, 161
Trd, 000058.367, 156
Trd, 000058.433, 160
Trd, 000059.250, 159
Trd, 000059.950, 150
Trd, 000062.250, 153
Trd, 000063.383, 153
Trd, 000063.567, 153
Trd, 000063.633, 154
Trd, 000064.617, 158
Trd, 000065.117, 160
Trd, 000065.783, 157
Trd, 000065.833, 159
Trd, 000066.033, 153
Trd, 000066.100, 141
Trd, 000066.983, 145
Trd, 000067.183, 162
Trd, 000067.900, 148
Trd, 000068.317, 147
Trd, 000068.367, 146
Trd, 000068.533, 163
Trd, 000069.183, 162
Trd, 000070.017, 158
Trd, 000070.367, 153
Trd, 000071.067, 154
Trd, 000071.167, 153
Trd, 000072.217, 151
Trd, 000072.333, 156
Trd, 000072.517, 150
Trd, 000074.117, 152
Trd, 000074.167, 154
Trd, 000074.317, 155
Trd, 000074.533, 156
Trd, 000076.433, 158
Trd, 000076.550, 159
Trd, 000077.850, 162
Trd, 000078.083, 156
Trd, 000078.450, 159
Trd, 000078.817, 156
Trd, 000079.067, 156
Trd, 000080.133, 145
Trd, 000080.233, 160
Trd, 000080.933, 150
Trd, 000082.300, 156
Trd, 000082.400, 157
Trd, 000082.933, 151
Trd, 000083.083, 157
Trd, 000084.417, 150
Trd, 000084.450, 155
Trd, 000084.617, 150
Trd, 000084.633, 151
Trd, 000084.983, 150
Trd, 000085.600, 149
Trd, 000085.650, 152
Trd, 000086.867, 156
Trd, 000086.967, 163
Trd, 000087.650, 149
Trd, 000088.183, 157
Trd, 000089.183, 151
Trd, 000090.217, 152
Trd, 000091.083, 153
Trd, 000091.367, 151
Trd, 000091.800, 153
Trd, 000092.033, 157
Trd, 000093.033, 172
Trd, 000093.200, 152
Trd, 000093.617, 149
Trd, 000094.383, 159
Trd, 000095.067, 150
Trd, 000096.483, 155
Trd, 000097.400, 156
Trd, 000098.800, 150
Trd, 000099.317, 157
Trd, 000099.350, 158
Trd, 000099.867, 153
Trd, 000100.517, 154
Trd, 000102.300, 155
Trd, 000102.550, 156
Trd, 000102.783, 157
Trd, 000102.983, 156
Trd, 000103.350, 155
Trd, 000103.650, 154
Trd, 000103.767, 157
Trd, 000105.550, 152
Trd, 000105.733, 158
Trd, 000106.017, 157
Trd, 000106.317, 145
Trd, 000107.683, 158
Trd, 000108.900, 157
Trd, 000109.150, 157
Trd, 000109.267, 159
Trd, 000109.883, 161
Trd, 000110.017, 165
Trd, 000110.933, 161
Trd, 000112.867, 163
Trd, 000113.000, 162
Trd, 000113.017, 166
Trd, 000113.067, 161
Trd, 000113.167, 159
Trd, 000113.733, 159
Trd, 000114.467, 159
Trd, 000114.583, 163
Trd, 000114.783, 158
Trd, 000114.800, 159
Trd, 000115.983, 155
Trd, 000117.550, 155
Trd, 000118.317, 154
Trd, 000118.333, 142
Trd, 000119.483, 148
Trd, 000120.917, 149
Trd, 000121.533, 149
Trd, 000121.650, 153
Trd, 000121.750, 152
Trd, 000121.900, 152
Trd, 000122.200, 160
Trd, 000122.550, 167
Trd, 000122.600, 170
Trd, 000122.783, 177
Trd, 000123.117, 183
Trd, 000123.383, 186
Trd, 000123.633, 212
Trd, 000124.083, 300.0
Trd, 000124.783, 324.0
Trd, 000125.933, 325
Trd, 000126.350, 327.0
Trd, 000127.750, 327.0
Trd, 000128.217, 328
Trd, 000129.017, 329
Trd, 000129.233, 331.0
Trd, 000129.417, 335
Trd, 000129.467, 348.0
Trd, 000129.600, 329
Trd, 000130.617, 357
Trd, 000130.833, 358
Trd, 000130.950, 337
Trd, 000131.667, 349
Trd, 000132.750, 349
Trd, 000134.017, 338
Trd, 000134.933, 348.0
Trd, 000135.750, 354.0
Trd, 000135.850, 343
Trd, 000136.283, 351
Trd, 000136.350, 352
Trd, 000137.033, 352.0
Trd, 000137.167, 344
Trd, 000137.617, 347
Trd, 000139.700, 347
Trd, 000139.800, 346
Trd, 000140.267, 348
Trd, 000140.433, 346
Trd, 000142.467, 336.0
Trd, 000142.517, 342
Trd, 000143.433, 339
Trd, 000143.750, 339.0
Trd, 000143.833, 341
Trd, 000145.167, 339.0
Trd, 000145.767, 346
Trd, 000146.017, 341
Trd, 000147.350, 348.0
Trd, 000147.433, 371
Trd, 000147.833, 335
Trd, 000149.700, 344
Trd, 000150.717, 342
Trd, 000150.950, 346
Trd, 000150.983, 341
Trd, 000151.350, 339
Trd, 000151.367, 347
Trd, 000151.650, 337
Trd, 000151.833, 347.0
Trd, 000153.333, 348.0
Trd, 000153.550, 348
Trd, 000155.183, 345
Trd, 000155.333, 343
Trd, 000155.450, 341
Trd, 000155.800, 354
Trd, 000155.833, 341
Trd, 000156.067, 348
Trd, 000157.083, 342
Trd, 000158.733, 350
Trd, 000158.767, 345
Trd, 000160.217, 348.0
Trd, 000160.500, 344
Trd, 000160.550, 340
Trd, 000160.800, 337
Trd, 000161.517, 341
Trd, 000162.433, 342
Trd, 000162.467, 334
Trd, 000162.617, 348.0
Trd, 000164.417, 345
Trd, 000165.117, 338
Trd, 000165.317, 343
Trd, 000166.483, 338
Trd, 000166.667, 342
Trd, 000166.833, 345
Trd, 000167.150, 343
Trd, 000167.283, 341
Trd, 000168.583, 353
Trd, 000169.000, 352
Trd, 000169.183, 345
Trd, 000169.600, 334.0
Trd, 000170.450, 353
Trd, 000171.067, 353
Trd, 000171.717, 351
Trd, 000172.717, 347
Trd, 000173.417, 348
Trd, 000173.500, 358.0
Trd, 000173.883, 355.0
Trd, 000174.100, 349
Trd, 000174.550, 353
Trd, 000175.067, 355.0
Trd, 000175.867, 352
Trd, 000175.900, 348
Trd, 000176.100, 334.0
Trd, 000176.300, 355
Trd, 000176.417, 324
Trd, 000176.817, 357
Trd, 000177.567, 353
Trd, 000178.067, 355.0
Trd, 000179.200, 353.0
Trd, 000179.883, 356
Trd, 000180.000, 355
Trd, 000180.283, 355.0
Trd, 000180.400, 358.0
Trd, 000182.500, 351.0
Trd, 000182.667, 348
Trd, 000182.833, 348.0
Trd, 000183.100, 334.0
Trd, 000183.450, 327.0
Trd, 000183.517, 285
Trd, 000183.650, 243
Trd, 000183.817, 242
Trd, 000184.367, 210
Trd, 000184.767, 187
Trd, 000184.800, 180
Trd, 000184.950, 173
Trd, 000185.067, 192
Trd, 000185.783, 190
Trd, 000185.867, 182
Trd, 000185.933, 175
Trd, 000186.200, 170
Trd, 000186.583, 169
Trd, 000187.900, 167
Trd, 000188.617, 166
Trd, 000189.217, 167
Trd, 000189.383, 172
Trd, 000189.983, 164
Trd, 000190.083, 173
Trd, 000190.550, 174
Trd, 000191.033, 169
Trd, 000191.367, 177
Trd, 000191.450, 168
Trd, 000192.733, 174
Trd, 000193.483, 175
Trd, 000193.567, 174
Trd, 000193.583, 169
Trd, 000194.217, 176
Trd, 000194.900, 176
Trd, 000195.017, 170
Trd, 000195.033, 170
Trd, 000195.400, 168
Trd, 000196.233, 168
Trd, 000197.433, 167
Trd, 000197.467, 177
Trd, 000197.850, 178
Trd, 000199.300, 175
Trd, 000199.950, 171
Trd, 000201.483, 174
Trd, 000201.750, 175
Trd, 000202.683, 172
Trd, 000202.867, 173
Trd, 000203.650, 171
Trd, 000203.717, 168
Trd, 000203.967, 168
Trd, 000204.317, 172
Trd, 000206.017, 168
Trd, 000206.383, 169
Trd, 000206.683, 169
Trd, 000207.100, 174
Trd, 000207.167, 175
Trd, 000207.850, 175
Trd, 000208.600, 169
Trd, 000208.750, 169
Trd, 000209.500, 170
Trd, 000210.333, 176
Trd, 000210.367, 158
Trd, 000210.383, 155
Trd, 000210.917, 176
Trd, 000212.800, 169
Trd, 000213.033, 170
Trd, 000213.217, 171
Trd, 000214.667, 169
Trd, 000215.133, 170
Trd, 000215.683, 172
Trd, 000215.983, 169
Trd, 000217.367, 169
Trd, 000218.350, 169
Trd, 000218.483, 167
Trd, 000218.900, 170
Trd, 000221.300, 169
Trd, 000221.517, 167
Trd, 000221.867, 167
Trd, 000222.150, 171
Trd, 000222.367, 172
Trd, 000222.483, 177
Trd, 000223.917, 170
Trd, 000223.950, 169
Trd, 000225.350, 170
Trd, 000225.467, 173
Trd, 000226.017, 172
Trd, 000226.517, 170
Trd, 000226.683, 172
Trd, 000227.200, 172
Trd, 000227.250, 173
Trd, 000229.500, 171
Trd, 000229.683, 179
Trd, 000230.017, 178
Trd, 000230.667, 176
Trd, 000231.317, 175
Trd, 000231.400, 177
Trd, 000232.367, 175
Trd, 000232.383, 173
Trd, 000233.150, 176
Trd, 000234.300, 176
Trd, 000234.633, 173
Trd, 000234.883, 171
Trd, 000234.933, 177
Trd, 000234.967, 178
Trd, 000235.617, 180
Trd, 000236.650, 171
Trd, 000237.000, 177
Trd, 000237.150, 175
Trd, 000237.383, 171
Trd, 000237.600, 175
Trd, 000237.633, 176
Trd, 000238.850, 176
Trd, 000238.867, 174
Trd, 000238.967, 173
Trd, 000239.267, 172
Trd, 000239.417, 172
Trd, 000240.750, 174
Trd, 000240.967, 174
Trd, 000241.300, 174
Trd, 000241.900, 172
Trd, 000242.417, 174
Trd, 000242.483, 173
Trd, 000243.800, 173
Trd, 000243.933, 173
Trd, 000244.250, 174
Trd, 000244.433, 175
Trd, 000245.367, 179
Trd, 000245.600, 179
Trd, 000245.683, 179
Trd, 000245.950, 174
Trd, 000246.033, 172
Trd, 000246.533, 183
Trd, 000247.017, 179
Trd, 000247.217, 182
Trd, 000247.383, 180
Trd, 000248.033, 183
Trd, 000248.650, 181
Trd, 000248.683, 187
Trd, 000249.300, 192
Trd, 000250.733, 180
Trd, 000251.150, 185
Trd, 000251.283, 182
Trd, 000251.533, 180
Trd, 000252.083, 181
Trd, 000252.417, 179
Trd, 000252.967, 180
Trd, 000253.117, 181
Trd, 000253.233, 179
Trd, 000253.467, 176
Trd, 000253.617, 176
Trd, 000254.367, 176
Trd, 000254.583, 173
Trd, 000255.317, 175
Trd, 000255.417, 176
Trd, 000256.150, 177
Trd, 000256.783, 177
Trd, 000257.267, 178
Trd, 000257.700, 179
Trd, 000257.833, 176
Trd, 000258.617, 176
Trd, 000258.883, 175
Trd, 000259.500, 174
Trd, 000259.717, 174
Trd, 000259.733, 173
Trd, 000260.233, 180
Trd, 000260.450, 183
Trd, 000260.817, 173
Trd, 000261.333, 172
Trd, 000261.383, 181
Trd, 000261.633, 181
Trd, 000261.900, 182
Trd, 000263.350, 182
Trd, 000263.817, 181
Trd, 000264.167, 183
Trd, 000264.933, 188
Trd, 000265.133, 184
Trd, 000265.217, 182
Trd, 000265.500, 182
Trd, 000265.883, 185
Trd, 000266.100, 186
Trd, 000266.633, 188
Trd, 000267.633, 185
Trd, 000267.650, 187
Trd, 000268.433, 181
Trd, 000268.900, 181
Trd, 000269.233, 180
Trd, 000269.333, 182
Trd, 000269.867, 185
Trd, 000270.283, 185
Trd, 000270.567, 186
Trd, 000271.100, 185
Trd, 000271.133, 181
Trd, 000271.267, 183
Trd, 000271.467, 175
Trd, 000272.450, 182
Trd, 000272.467, 178
Trd, 000273.100, 181
Trd, 000274.000, 181
Trd, 000275.233, 180
Trd, 000275.267, 181
Trd, 000275.533, 180
Trd, 000275.550, 182
Trd, 000275.667, 178
Trd, 000276.167, 185
Trd, 000276.933, 184
Trd, 000277.183, 179
Trd, 000277.367, 186
Trd, 000277.533, 185
Trd, 000277.783, 182
Trd, 000277.950, 189
Trd, 000278.917, 190
Trd, 000279.150, 191
Trd, 000279.350, 188
Trd, 000280.183, 183
Trd, 000280.833, 188
Trd, 000281.000, 181
Trd, 000281.183, 176
Trd, 000281.333, 178
Trd, 000281.500, 173
Trd, 000282.000, 175
Trd, 000282.017, 177
Trd, 000282.967, 176
Trd, 000283.183, 176
Trd, 000283.350, 175
Trd, 000284.167, 178
Trd, 000284.733, 178
Trd, 000285.133, 178
Trd, 000286.367, 181
Trd, 000286.583, 180
Trd, 000286.800, 179
Trd, 000286.883, 179
Trd, 000286.933, 190
Trd, 000286.967, 176
Trd, 000287.900, 185
Trd, 000288.367, 184
Trd, 000288.433, 184
Trd, 000288.483, 186
Trd, 000289.033, 175
Trd, 000289.317, 171
Trd, 000290.133, 177
Trd, 000290.267, 174
Trd, 000291.433, 182
Trd, 000291.483, 183
Trd, 000292.400, 177
Trd, 000292.467, 183
Trd, 000292.567, 187
Trd, 000293.317, 184
Trd, 000293.717, 184
Trd, 000293.900, 191
Trd, 000294.700, 189
Trd, 000295.183, 184
Trd, 000295.600, 184
Trd, 000295.900, 180
Trd, 000296.350, 191
Trd, 000296.650, 191
Trd, 000297.550, 190
Trd, 000297.867, 191
Trd, 000298.333, 185
Trd, 000298.350, 184
Trd, 000298.800, 180
Trd, 000299.033, 178
Trd, 000299.117, 188
Trd, 000299.267, 173
Trd, 000299.400, 164
Trd, 000299.483, 188
Trd, 000299.817, 190
