Trd, 000001.883, 160
Trd, 000003.467, 150
Trd, 000004.050, 148
Trd, 000004.417, 150
Trd, 000004.650, 149
Trd, 000005.133, 149
Trd, 000006.483, 151
Trd, 000007.100, 152
Trd, 000007.317, 151
Trd, 000007.767, 145
Trd, 000009.000, 138
Trd, 000009.033, 148
Trd, 000010.683, 147
Trd, 000011.683, 148
Trd, 000011.700, 146
Trd, 000012.533, 149
Trd, 000013.033, 147
Trd, 000013.267, 158
Trd, 000016.433, 148
Trd, 000016.850, 149
Trd, 000016.950, 148
Trd, 000018.033, 149
Trd, 000018.667, 149
Trd, 000019.650, 150
Trd, 000019.833, 160
Trd, 000021.850, 149
Trd, 000022.550, 150
Trd, 000023.067, 151
Trd, 000023.217, 151
Trd, 000023.683, 149
Trd, 000024.217, 150
Trd, 000025.183, 164
Trd, 000025.650, 152
Trd, 000026.350, 153
Trd, 000026.567, 161
Trd, 000027.833, 158
Trd, 000027.950, 157
Trd, 000028.750, 152
Trd, 000029.217, 154
Trd, 000029.783, 152
Trd, 000030.067, 156
Trd, 000031.783, 151
Trd, 000032.300, 150
Trd, 000033.667, 151
Trd, 000033.950, 150
Trd, 000034.267, 150
Trd, 000035.550, 151
Trd, 000036.017, 148
Trd, 000036.283, 149
Trd, 000036.867, 149
Trd, 000037.150, 147
Trd, 000038.117, 150
Trd, 000038.167, 146
Trd, 000039.450, 152
Trd, 000039.917, 151
Trd, 000040.233, 153
Trd, 000041.600, 154
Trd, 000041.800, 155
Trd, 000042.317, 151
Trd, 000042.467, 152
Trd, 000042.883, 156
Trd, 000044.683, 155
Trd, 000044.850, 154
Trd, 000045.567, 158
Trd, 000047.417, 157
Trd, 000047.517, 158
Trd, 000047.700, 156
Trd, 000048.050, 157
Trd, 000048.467, 158
Trd, 000049.133, 156
Trd, 000050.600, 157
Trd, 000051.367, 158
Trd, 000051.467, 156
Trd, 000051.933, 156
Trd, 000052.067, 156
Trd, 000052.250, 156
Trd, 000053.150, 159
Trd, 000054.683, 156
Trd, 000056.667, 157
Trd, 000056.750, 154
Trd, 000056.867, 152
Trd, 000057.583, 156
Trd, 000057.733, 156
Trd, 000058.633, 157
Trd, 000059.733, 156
Trd, 000061.983, 157
Trd, 000062.250, 155
Trd, 000062.817, 155
Trd, 000063.083, 155
Trd, 000063.683, 157
Trd, 000065.067, 154
Trd, 000066.200, 155
Trd, 000066.567, 155
Trd, 000067.050, 155
Trd, 000067.317, 154
Trd, 000067.367, 156
Trd, 000067.400, 165
Trd, 000069.483, 154
Trd, 000070.033, 153
Trd, 000070.433, 152
Trd, 000071.667, 154
Trd, 000072.883, 151
Trd, 000073.067, 153
Trd, 000073.283, 152
Trd, 000074.683, 153
Trd, 000075.533, 154
Trd, 000076.183, 153
Trd, 000076.733, 152
Trd, 000077.050, 155
Trd, 000077.850, 159
Trd, 000078.083, 152
Trd, 000079.900, 153
Trd, 000080.017, 154
Trd, 000081.117, 156
Trd, 000082.733, 155
Trd, 000083.650, 155
Trd, 000084.217, 153
Trd, 000085.383, 154
Trd, 000087.200, 153
Trd, 000087.367, 152
Trd, 000087.833, 156
Trd, 000088.700, 156
Trd, 000089.183, 160
Trd, 000090.183, 154
Trd, 000090.500, 157
Trd, 000091.733, 156
Trd, 000092.300, 154
Trd, 000093.517, 154
Trd, 000094.067, 155
Trd, 000094.917, 154
Trd, 000095.650, 166
Trd, 000095.700, 168
Trd, 000098.467, 159
Trd, 000098.500, 160
Trd, 000098.617, 158
Trd, 000098.650, 160
Trd, 000101.183, 159
Trd, 000101.350, 161
Trd, 000101.433, 162
Trd, 000102.117, 163
Trd, 000103.417, 160
Trd, 000103.967, 160
Trd, 000105.200, 161
Trd, 000105.250, 154
Trd, 000106.017, 161
Trd, 000107.350, 158
Trd, 000108.267, 158
Trd, 000108.467, 157
Trd, 000108.933, 155
Trd, 000108.950, 155
Trd, 000109.350, 155
Trd, 000109.900, 159
Trd, 000109.983, 149
Trd, 000110.817, 159
Trd, 000111.433, 160
Trd, 000114.117, 156
Trd, 000114.150, 156
Trd, 000114.767, 155
Trd, 000115.650, 155
Trd, 000115.800, 156
Trd, 000117.400, 156
Trd, 000117.733, 157
Trd, 000118.567, 157
Trd, 000119.900, 159
Trd, 000120.400, 159
Trd, 000120.683, 157
Trd, 000120.917, 160
Trd, 000121.150, 170
Trd, 000121.533, 163
Trd, 000122.383, 173
Trd, 000122.483, 157
Trd, 000122.533, 174
Trd, 000122.617, 156
Trd, 000122.800, 184
Trd, 000123.083, 187
Trd, 000123.717, 311
Trd, 000124.667, 317.0
Trd, 000125.667, 327.0
Trd, 000126.883, 334.0
Trd, 000128.267, 340
Trd, 000129.167, 337
Trd, 000130.650, 338
Trd, 000130.933, 341
Trd, 000131.117, 342
Trd, 000132.333, 338
Trd, 000133.667, 341
Trd, 000134.383, 341
Trd, 000135.033, 340
Trd, 000135.167, 341
Trd, 000135.883, 341
Trd, 000136.033, 341
Trd, 000137.167, 351.0
Trd, 000137.317, 354
Trd, 000139.417, 344.0
Trd, 000139.833, 345.0
Trd, 000139.933, 343
Trd, 000141.633, 344
Trd, 000141.817, 343
Trd, 000141.883, 344
Trd, 000143.983, 347
Trd, 000145.833, 346
Trd, 000145.900, 348
Trd, 000146.867, 342
Trd, 000146.933, 341
Trd, 000147.533, 344
Trd, 000147.900, 344.0
Trd, 000148.600, 344
Trd, 000149.300, 345
Trd, 000149.867, 344
Trd, 000150.333, 350.0
Trd, 000151.283, 344
Trd, 000151.800, 349.0
Trd, 000151.817, 343
Trd, 000151.850, 336
Trd, 000152.033, 350
Trd, 000154.300, 345.0
Trd, 000154.850, 346.0
Trd, 000155.000, 345.0
Trd, 000155.367, 347
Trd, 000156.717, 344.0
Trd, 000158.583, 349.0
Trd, 000159.183, 351.0
Trd, 000159.400, 353
Trd, 000160.817, 349
Trd, 000162.167, 350
Trd, 000162.300, 350
Trd, 000162.450, 347
Trd, 000162.667, 350
Trd, 000162.817, 345
Trd, 000163.300, 351
Trd, 000166.250, 350.0
Trd, 000166.750, 346
Trd, 000166.933, 345
Trd, 000167.850, 347
Trd, 000167.933, 346
Trd, 000168.500, 344.0
Trd, 000168.567, 343
Trd, 000169.367, 345
Trd, 000170.600, 341
Trd, 000170.683, 342
Trd, 000171.017, 343
Trd, 000172.117, 339
Trd, 000172.133, 341
Trd, 000173.167, 351.0
Trd, 000174.883, 345
Trd, 000175.617, 346
Trd, 000176.467, 346.0
Trd, 000176.600, 345.0
Trd, 000176.817, 345
Trd, 000177.050, 346.0
Trd, 000178.633, 350
Trd, 000179.000, 346
Trd, 000179.933, 346
Trd, 000181.183, 349.0
Trd, 000181.717, 348
Trd, 000182.400, 344.0
Trd, 000182.833, 342
Trd, 000182.983, 341
Trd, 000183.217, 336
Trd, 000183.417, 325
Trd, 000183.517, 317
Trd, 000183.600, 303.0
Trd, 000183.967, 331
Trd, 000184.183, 211
Trd, 000184.850, 207
Trd, 000185.117, 239
Trd, 000185.267, 204
Trd, 000185.433, 187
Trd, 000185.917, 186
Trd, 000186.250, 183
Trd, 000187.467, 180
Trd, 000188.283, 180
Trd, 000188.717, 180
Trd, 000189.233, 172
Trd, 000190.833, 174
Trd, 000191.500, 175
Trd, 000191.517, 173
Trd, 000191.733, 172
Trd, 000193.617, 171
Trd, 000194.350, 172
Trd, 000194.700, 172
Trd, 000196.283, 173
Trd, 000196.633, 172
Trd, 000196.933, 171
Trd, 000197.383, 173
Trd, 000198.733, 175
Trd, 000199.517, 176
Trd, 000201.217, 175
Trd, 000202.433, 174
Trd, 000203.317, 167
Trd, 000203.467, 170
Trd, 000203.483, 171
Trd, 000204.250, 168
Trd, 000204.683, 168
Trd, 000205.417, 169
Trd, 000205.500, 170
Trd, 000206.650, 177
Trd, 000207.517, 174
Trd, 000209.183, 175
Trd, 000209.583, 175
Trd, 000209.767, 174
Trd, 000210.550, 175
Trd, 000211.483, 174
Trd, 000211.683, 172
Trd, 000212.117, 172
Trd, 000212.133, 171
Trd, 000212.350, 165
Trd, 000212.617, 170
Trd, 000214.783, 168
Trd, 000215.000, 167
Trd, 000215.050, 167
Trd, 000217.133, 171
Trd, 000217.650, 171
Trd, 000218.450, 172
Trd, 000218.517, 169
Trd, 000218.683, 169
Trd, 000219.850, 168
Trd, 000220.917, 168
Trd, 000221.217, 167
Trd, 000221.517, 168
Trd, 000221.583, 171
Trd, 000221.833, 168
Trd, 000224.133, 167
Trd, 000224.817, 167
Trd, 000225.050, 168
Trd, 000225.133, 166
Trd, 000225.817, 169
Trd, 000227.500, 168
Trd, 000229.717, 169
Trd, 000230.100, 169
Trd, 000230.600, 167
Trd, 000230.667, 168
Trd, 000231.183, 171
Trd, 000233.850, 169
Trd, 000234.033, 172
Trd, 000234.067, 173
Trd, 000235.450, 174
Trd, 000236.117, 174
Trd, 000236.417, 176
Trd, 000237.283, 176
Trd, 000238.233, 175
Trd, 000238.250, 172
Trd, 000238.500, 170
Trd, 000238.617, 182
Trd, 000240.050, 175
Trd, 000240.550, 173
Trd, 000240.583, 172
Trd, 000240.800, 172
Trd, 000240.817, 173
Trd, 000241.583, 171
Trd, 000241.667, 171
Trd, 000242.067, 170
Trd, 000243.350, 170
Trd, 000243.417, 171
Trd, 000244.083, 170
Trd, 000245.200, 168
Trd, 000245.233, 169
Trd, 000246.250, 169
Trd, 000246.350, 169
Trd, 000246.417, 167
Trd, 000246.700, 162
Trd, 000246.717, 172
Trd, 000247.667, 170
Trd, 000247.950, 170
Trd, 000248.333, 169
Trd, 000248.650, 172
Trd, 000249.217, 175
Trd, 000250.150, 174
Trd, 000250.433, 175
Trd, 000250.717, 176
Trd, 000251.683, 177
Trd, 000252.167, 176
Trd, 000252.350, 176
Trd, 000253.100, 175
Trd, 000253.717, 175
Trd, 000253.850, 174
Trd, 000253.983, 174
Trd, 000254.850, 173
Trd, 000255.150, 172
Trd, 000256.317, 177
Trd, 000256.600, 178
Trd, 000257.100, 175
Trd, 000257.367, 176
Trd, 000258.817, 178
Trd, 000258.867, 177
Trd, 000259.083, 177
Trd, 000259.600, 179
Trd, 000259.700, 174
Trd, 000260.317, 173
Trd, 000261.033, 171
Trd, 000261.083, 172
Trd, 000262.017, 173
Trd, 000263.150, 174
Trd, 000263.400, 172
Trd, 000263.717, 175
Trd, 000264.467, 177
Trd, 000264.550, 180
Trd, 000264.617, 177
Trd, 000265.233, 180
Trd, 000265.250, 181
Trd, 000266.317, 183
Trd, 000266.400, 182
Trd, 000266.800, 184
Trd, 000268.233, 176
Trd, 000268.567, 177
Trd, 000269.050, 178
Trd, 000269.733, 182
Trd, 000270.133, 177
Trd, 000270.267, 176
Trd, 000270.767, 174
Trd, 000271.150, 177
Trd, 000271.500, 178
Trd, 000272.150, 183
Trd, 000272.250, 185
Trd, 000272.633, 177
Trd, 000272.767, 176
Trd, 000272.950, 179
Trd, 000273.800, 172
Trd, 000274.033, 173
Trd, 000274.417, 172
Trd, 000274.583, 173
Trd, 000275.200, 175
Trd, 000275.433, 182
Trd, 000276.383, 177
Trd, 000277.367, 178
Trd, 000277.817, 189
Trd, 000278.917, 186
Trd, 000279.450, 180
Trd, 000280.050, 181
Trd, 000280.067, 179
Trd, 000280.133, 177
Trd, 000280.533, 183
Trd, 000280.550, 177
Trd, 000281.183, 176
Trd, 000281.833, 175
Trd, 000282.117, 172
Trd, 000282.583, 174
Trd, 000282.733, 176
Trd, 000283.033, 174
Trd, 000283.433, 175
Trd, 000283.750, 179
Trd, 000285.033, 175
Trd, 000285.267, 176
Trd, 000286.417, 187
Trd, 000287.233, 183
Trd, 000287.283, 180
Trd, 000287.683, 180
Trd, 000287.933, 178
Trd, 000288.500, 180
Trd, 000288.817, 182
Trd, 000289.383, 180
Trd, 000289.483, 188
Trd, 000289.533, 191
Trd, 000290.517, 180
Trd, 000290.717, 176
Trd, 000292.000, 180
Trd, 000292.050, 174
Trd, 000292.850, 175
Trd, 000292.883, 176
Trd, 000293.300, 180
Trd, 000293.400, 181
Trd, 000293.700, 182
Trd, 000293.750, 178
Trd, 000294.117, 177
Trd, 000296.033, 178
Trd, 000296.717, 177
Trd, 000297.833, 177
Trd, 000298.067, 179
Trd, 000298.683, 179
Trd, 000299.050, 180
Trd, 000299.083, 179
Trd, 000299.100, 180
Trd, 000299.583, 179
Trd, 000299.733, 178
Trd, 000299.817, 177
