Trd, 000000.733, 166
Trd, 000001.033, 149
Trd, 000001.450, 159
Trd, 000001.850, 178
Trd, 000002.400, 165
Trd, 000002.567, 120
Trd, 000002.900, 131
Trd, 000003.300, 133
Trd, 000004.683, 127
Trd, 000005.550, 141
Trd, 000005.983, 136
Trd, 000006.617, 138
Trd, 000008.067, 149
Trd, 000008.183, 147
Trd, 000008.333, 141
Trd, 000008.783, 153
Trd, 000009.550, 149
Trd, 000010.767, 146
Trd, 000010.850, 148
Trd, 000010.933, 145
Trd, 000011.150, 150
Trd, 000012.167, 145
Trd, 000012.317, 144
Trd, 000012.383, 149
Trd, 000012.733, 151
Trd, 000012.783, 156
Trd, 000013.050, 142
Trd, 000015.150, 154
Trd, 000015.183, 155
Trd, 000016.050, 147
Trd, 000017.067, 154
Trd, 000018.017, 152
Trd, 000018.050, 155
Trd, 000018.433, 150
Trd, 000019.100, 159
Trd, 000019.767, 151
Trd, 000020.250, 148
Trd, 000020.683, 146
Trd, 000020.933, 142
Trd, 000021.283, 138
Trd, 000021.317, 157
Trd, 000021.867, 131
Trd, 000022.183, 148
Trd, 000023.667, 153
Trd, 000023.800, 164
Trd, 000023.817, 152
Trd, 000023.867, 167
Trd, 000025.283, 157
Trd, 000026.550, 156
Trd, 000027.400, 154
Trd, 000027.533, 157
Trd, 000027.550, 155
Trd, 000027.617, 154
Trd, 000027.667, 150
Trd, 000029.833, 153
Trd, 000030.750, 154
Trd, 000031.017, 154
Trd, 000031.233, 155
Trd, 000031.283, 156
Trd, 000031.633, 156
Trd, 000033.333, 150
Trd, 000034.267, 155
Trd, 000034.867, 151
Trd, 000034.967, 151
Trd, 000035.067, 155
Trd, 000035.083, 156
Trd, 000036.100, 157
Trd, 000036.517, 156
Trd, 000036.600, 147
Trd, 000037.417, 158
Trd, 000037.667, 136
Trd, 000038.417, 154
Trd, 000039.017, 148
Trd, 000039.167, 155
Trd, 000039.267, 158
Trd, 000040.667, 165
Trd, 000041.800, 156
Trd, 000042.583, 158
Trd, 000042.633, 159
Trd, 000044.217, 154
Trd, 000044.450, 156
Trd, 000045.000, 158
Trd, 000045.333, 158
Trd, 000045.733, 155
Trd, 000046.217, 159
Trd, 000046.350, 152
Trd, 000046.583, 160
Trd, 000047.833, 149
Trd, 000047.900, 148
Trd, 000048.900, 159
Trd, 000049.267, 152
Trd, 000049.400, 146
Trd, 000050.267, 146
Trd, 000050.517, 137
Trd, 000050.667, 153
Trd, 000051.833, 147
Trd, 000052.133, 145
Trd, 000052.683, 147
Trd, 000052.783, 150
Trd, 000053.400, 150
Trd, 000053.417, 147
Trd, 000054.117, 153
Trd, 000054.267, 167
Trd, 000054.533, 168
Trd, 000056.217, 159
Trd, 000057.283, 155
Trd, 000057.733, 154
Trd, 000058.517, 151
Trd, 000058.983, 155
Trd, 000059.633, 147
Trd, 000060.217, 152
Trd, 000060.267, 156
Trd, 000060.450, 161
Trd, 000061.083, 147
Trd, 000061.100, 166
Trd, 000061.583, 163
Trd, 000062.933, 156
Trd, 000063.083, 156
Trd, 000063.300, 156
Trd, 000063.683, 155
Trd, 000064.050, 150
Trd, 000065.400, 150
Trd, 000065.833, 146
Trd, 000066.083, 153
Trd, 000066.650, 154
Trd, 000066.667, 143
Trd, 000066.717, 142
Trd, 000066.800, 168
Trd, 000067.133, 178
Trd, 000067.317, 185
Trd, 000068.083, 127
Trd, 000068.700, 162
Trd, 000068.883, 134
Trd, 000069.767, 134
Trd, 000070.450, 148
Trd, 000071.617, 141
Trd, 000072.250, 139
Trd, 000072.267, 138
Trd, 000073.167, 148
Trd, 000074.233, 147
Trd, 000074.600, 149
Trd, 000075.017, 155
Trd, 000075.767, 147
Trd, 000075.867, 151
Trd, 000076.100, 146
Trd, 000077.383, 155
Trd, 000077.550, 152
Trd, 000077.850, 156
Trd, 000077.967, 151
Trd, 000079.150, 153
Trd, 000079.417, 152
Trd, 000079.900, 161
Trd, 000080.533, 153
Trd, 000080.550, 156
Trd, 000080.583, 162
Trd, 000081.417, 154
Trd, 000081.817, 160
Trd, 000082.800, 160
Trd, 000083.283, 155
Trd, 000084.967, 160
Trd, 000085.017, 161
Trd, 000085.067, 157
Trd, 000086.267, 159
Trd, 000086.550, 152
Trd, 000086.800, 157
Trd, 000087.000, 155
Trd, 000087.717, 154
Trd, 000088.067, 155
Trd, 000088.550, 153
Trd, 000088.883, 156
Trd, 000089.317, 158
Trd, 000091.033, 164
Trd, 000091.200, 163
Trd, 000091.250, 155
Trd, 000091.700, 150
Trd, 000093.150, 166
Trd, 000093.267, 167
Trd, 000094.867, 164
Trd, 000095.283, 164
Trd, 000095.633, 160
Trd, 000095.717, 159
Trd, 000095.983, 163
Trd, 000096.083, 175
Trd, 000096.850, 172
Trd, 000097.717, 165
Trd, 000098.483, 166
Trd, 000098.617, 163
Trd, 000098.683, 161
Trd, 000099.550, 150
Trd, 000099.617, 162
Trd, 000099.650, 163
Trd, 000100.867, 156
Trd, 000101.283, 161
Trd, 000101.883, 156
Trd, 000101.983, 172
Trd, 000102.200, 172
Trd, 000102.617, 176
Trd, 000102.800, 155
Trd, 000103.400, 162
Trd, 000104.100, 167
Trd, 000104.650, 162
Trd, 000104.700, 164
Trd, 000107.067, 163
Trd, 000108.600, 163
Trd, 000108.850, 162
Trd, 000109.433, 164
Trd, 000109.683, 158
Trd, 000109.950, 155
Trd, 000110.100, 149
Trd, 000110.167, 164
Trd, 000110.300, 166
Trd, 000110.683, 150
Trd, 000111.567, 167
Trd, 000111.717, 166
Trd, 000112.217, 172
Trd, 000113.100, 159
Trd, 000113.317, 170
Trd, 000113.683, 178
Trd, 000114.200, 168
Trd, 000115.417, 171
Trd, 000115.517, 165
Trd, 000115.650, 161
Trd, 000115.683, 175
Trd, 000115.717, 178
Trd, 000116.300, 159
Trd, 000116.650, 155
Trd, 000117.500, 167
Trd, 000117.517, 150
Trd, 000118.133, 169
Trd, 000119.283, 165
Trd, 000119.817, 163
Trd, 000120.283, 162
Trd, 000120.317, 167
Trd, 000120.533, 174
Trd, 000120.833, 169
Trd, 000121.867, 162
Trd, 000121.967, 167
Trd, 000122.000, 161
Trd, 000122.017, 191
Trd, 000122.467, 179
Trd, 000122.517, 205
Trd, 000122.867, 277
Trd, 000123.767, 228
Trd, 000123.950, 310.0
Trd, 000124.017, 319
Trd, 000124.317, 327.0
Trd, 000125.417, 334.0
Trd, 000125.933, 327
Trd, 000126.333, 341.0
Trd, 000127.067, 328.0
Trd, 000127.250, 354
Trd, 000127.967, 339
Trd, 000128.050, 355.0
Trd, 000128.183, 338
Trd, 000128.617, 328
Trd, 000129.283, 329.0
Trd, 000130.783, 333
Trd, 000130.883, 340
Trd, 000133.267, 334
Trd, 000133.767, 335
Trd, 000134.383, 340
Trd, 000134.633, 335
Trd, 000135.083, 345
Trd, 000135.650, 335
Trd, 000136.033, 336
Trd, 000136.550, 345
Trd, 000136.733, 346
Trd, 000137.117, 348
Trd, 000137.133, 355.0
Trd, 000137.550, 354
Trd, 000138.033, 339
Trd, 000139.350, 348
Trd, 000140.250, 349
Trd, 000140.317, 342
Trd, 000140.600, 350
Trd, 000141.133, 352.0
Trd, 000141.333, 355.0
Trd, 000141.933, 340
Trd, 000142.067, 335
Trd, 000142.300, 340
Trd, 000143.267, 354
Trd, 000144.650, 344
Trd, 000144.950, 355
Trd, 000145.283, 344
Trd, 000145.367, 354.0
Trd, 000146.233, 345
Trd, 000147.617, 349
Trd, 000147.900, 340
Trd, 000148.067, 336
Trd, 000149.233, 341
Trd, 000149.433, 342
Trd, 000149.533, 341
Trd, 000149.617, 340
Trd, 000149.817, 351
Trd, 000150.117, 355.0
Trd, 000150.317, 339
Trd, 000150.333, 339
Trd, 000151.183, 342
Trd, 000153.450, 350
Trd, 000153.967, 353
Trd, 000154.250, 347
Trd, 000154.467, 360.0
Trd, 000156.183, 349
Trd, 000156.467, 353.0
Trd, 000157.433, 349
Trd, 000157.500, 347
Trd, 000157.633, 352
Trd, 000157.733, 344.0
Trd, 000159.633, 344
Trd, 000159.883, 345
Trd, 000159.933, 346
Trd, 000160.083, 346
Trd, 000161.033, 350
Trd, 000162.417, 339
Trd, 000162.467, 355.0
Trd, 000163.583, 347
Trd, 000163.883, 357
Trd, 000164.900, 353
Trd, 000164.950, 344.0
Trd, 000165.900, 354
Trd, 000168.717, 348
Trd, 000168.883, 352.0
Trd, 000168.967, 354
Trd, 000169.017, 344.0
Trd, 000170.017, 353
Trd, 000170.617, 355.0
Trd, 000170.883, 354
Trd, 000171.450, 355
Trd, 000172.300, 350
Trd, 000172.367, 347
Trd, 000172.483, 356
Trd, 000173.000, 357
Trd, 000173.883, 362.0
Trd, 000174.033, 349
Trd, 000174.200, 365
Trd, 000175.383, 352
Trd, 000175.917, 344
Trd, 000176.583, 343
Trd, 000176.683, 342
Trd, 000176.950, 340
Trd, 000177.433, 345
Trd, 000177.767, 320.0
Trd, 000178.050, 345
Trd, 000178.333, 328
Trd, 000178.817, 342
Trd, 000179.317, 332
Trd, 000180.200, 342
Trd, 000180.483, 349
Trd, 000181.750, 338
Trd, 000182.450, 337
Trd, 000183.050, 324.0
Trd, 000183.383, 309
Trd, 000183.617, 306.0
Trd, 000183.850, 291
Trd, 000184.000, 281
Trd, 000184.033, 190
Trd, 000184.283, 180
Trd, 000184.917, 179
Trd, 000185.133, 167
Trd, 000185.150, 192
Trd, 000185.200, 291
Trd, 000186.167, 167
Trd, 000187.233, 166
Trd, 000188.050, 191
Trd, 000188.133, 191
Trd, 000188.533, 162
Trd, 000189.817, 193
Trd, 000190.333, 180
Trd, 000190.717, 180
Trd, 000191.200, 178
Trd, 000192.017, 185
Trd, 000192.083, 186
Trd, 000192.683, 178
Trd, 000192.900, 168
Trd, 000193.467, 168
Trd, 000193.617, 174
Trd, 000194.017, 167
Trd, 000195.467, 170
Trd, 000195.650, 173
Trd, 000196.250, 170
Trd, 000196.383, 163
Trd, 000196.650, 174
Trd, 000196.983, 166
Trd, 000198.217, 163
Trd, 000198.633, 163
Trd, 000199.650, 169
Trd, 000199.683, 169
Trd, 000199.983, 168
Trd, 000200.600, 170
Trd, 000202.983, 164
Trd, 000203.117, 163
Trd, 000203.683, 167
Trd, 000204.133, 168
Trd, 000204.233, 164
Trd, 000205.083, 161
Trd, 000205.950, 165
Trd, 000205.967, 167
Trd, 000206.283, 166
Trd, 000207.550, 164
Trd, 000207.900, 164
Trd, 000209.033, 163
Trd, 000209.200, 157
Trd, 000209.267, 168
Trd, 000210.450, 175
Trd, 000210.750, 176
Trd, 000210.850, 161
Trd, 000211.100, 160
Trd, 000211.850, 175
Trd, 000212.850, 174
Trd, 000213.433, 184
Trd, 000213.567, 168
Trd, 000214.383, 187
Trd, 000215.350, 166
Trd, 000215.367, 165
Trd, 000215.683, 145
Trd, 000215.833, 141
Trd, 000216.533, 160
Trd, 000216.900, 159
Trd, 000217.017, 149
Trd, 000217.333, 160
Trd, 000218.783, 162
Trd, 000219.750, 156
Trd, 000219.900, 163
Trd, 000220.000, 155
Trd, 000220.783, 160
Trd, 000220.883, 162
Trd, 000221.000, 162
Trd, 000221.300, 159
Trd, 000222.067, 160
Trd, 000222.267, 160
Trd, 000222.567, 169
Trd, 000222.767, 170
Trd, 000223.433, 168
Trd, 000225.000, 167
Trd, 000225.350, 163
Trd, 000226.850, 170
Trd, 000227.150, 170
Trd, 000227.817, 167
Trd, 000228.167, 178
Trd, 000229.783, 181
Trd, 000230.517, 173
Trd, 000230.533, 167
Trd, 000230.800, 175
Trd, 000231.267, 177
Trd, 000232.067, 175
Trd, 000233.100, 175
Trd, 000233.750, 174
Trd, 000233.767, 163
Trd, 000234.067, 174
Trd, 000234.783, 173
Trd, 000234.850, 176
Trd, 000235.950, 169
Trd, 000236.417, 170
Trd, 000236.600, 178
Trd, 000237.183, 180
Trd, 000237.617, 186
Trd, 000237.717, 172
Trd, 000239.583, 184
Trd, 000240.267, 172
Trd, 000240.800, 177
Trd, 000241.033, 178
Trd, 000241.067, 172
Trd, 000241.367, 174
Trd, 000241.700, 173
Trd, 000241.717, 172
Trd, 000241.950, 173
Trd, 000242.367, 171
Trd, 000242.633, 179
Trd, 000242.967, 174
Trd, 000244.150, 178
Trd, 000244.700, 175
Trd, 000244.767, 176
Trd, 000245.450, 175
Trd, 000245.817, 175
Trd, 000246.150, 174
Trd, 000246.417, 162
Trd, 000247.133, 173
Trd, 000247.367, 172
Trd, 000247.467, 172
Trd, 000247.733, 169
Trd, 000248.833, 161
Trd, 000249.533, 162
Trd, 000249.667, 150
Trd, 000249.833, 164
Trd, 000250.683, 160
Trd, 000251.100, 159
Trd, 000251.400, 161
Trd, 000252.000, 162
Trd, 000252.683, 166
Trd, 000252.867, 167
Trd, 000252.933, 164
Trd, 000253.067, 169
Trd, 000253.583, 167
Trd, 000253.633, 173
Trd, 000254.000, 174
Trd, 000254.083, 166
Trd, 000254.717, 167
Trd, 000255.017, 175
Trd, 000255.350, 180
Trd, 000255.750, 178
Trd, 000256.800, 175
Trd, 000257.417, 177
Trd, 000257.800, 181
Trd, 000257.850, 190
Trd, 000258.500, 196
Trd, 000258.833, 176
Trd, 000259.550, 175
Trd, 000260.033, 181
Trd, 000260.533, 177
Trd, 000260.667, 177
Trd, 000261.067, 173
Trd, 000261.283, 183
Trd, 000261.433, 172
Trd, 000262.100, 168
Trd, 000262.400, 172
Trd, 000262.883, 181
Trd, 000263.283, 172
Trd, 000263.967, 169
Trd, 000264.033, 166
Trd, 000264.300, 162
Trd, 000265.150, 151
Trd, 000265.533, 170
Trd, 000265.650, 173
Trd, 000266.383, 173
Trd, 000266.433, 174
Trd, 000267.433, 170
Trd, 000267.617, 171
Trd, 000267.783, 173
Trd, 000267.900, 175
Trd, 000268.000, 182
Trd, 000268.417, 178
Trd, 000268.450, 174
Trd, 000268.817, 179
Trd, 000270.100, 181
Trd, 000270.300, 175
Trd, 000271.217, 177
Trd, 000271.700, 178
Trd, 000272.050, 177
Trd, 000272.167, 179
Trd, 000272.883, 181
Trd, 000273.267, 182
Trd, 000273.333, 179
Trd, 000273.900, 178
Trd, 000274.217, 187
Trd, 000274.283, 175
Trd, 000275.500, 178
Trd, 000276.083, 177
Trd, 000276.233, 177
Trd, 000276.683, 172
Trd, 000276.800, 172
Trd, 000277.233, 177
Trd, 000277.433, 178
Trd, 000277.717, 190
Trd, 000277.783, 171
Trd, 000277.917, 167
Trd, 000278.383, 193
Trd, 000278.550, 200
Trd, 000279.600, 183
Trd, 000279.883, 184
Trd, 000280.267, 182
Trd, 000280.433, 180
Trd, 000280.867, 179
Trd, 000281.567, 173
Trd, 000282.317, 173
Trd, 000282.717, 175
Trd, 000282.783, 176
Trd, 000283.667, 183
Trd, 000283.767, 183
Trd, 000283.817, 182
Trd, 000284.017, 167
Trd, 000284.683, 177
Trd, 000285.700, 180
Trd, 000285.750, 177
Trd, 000285.783, 184
Trd, 000285.833, 176
Trd, 000287.967, 176
Trd, 000288.050, 184
Trd, 000288.667, 183
Trd, 000288.800, 176
Trd, 000289.650, 183
Trd, 000290.117, 183
Trd, 000290.433, 180
Trd, 000290.533, 175
Trd, 000290.783, 175
Trd, 000291.433, 183
Trd, 000291.517, 184
Trd, 000291.550, 186
Trd, 000292.083, 166
Trd, 000292.100, 195
Trd, 000292.317, 165
Trd, 000292.967, 201
Trd, 000294.650, 184
Trd, 000295.433, 181
Trd, 000295.450, 180
Trd, 000295.800, 182
Trd, 000296.400, 175
Trd, 000296.500, 174
Trd, 000296.550, 173
Trd, 000296.567, 181
Trd, 000297.067, 182
Trd, 000297.167, 174
Trd, 000297.600, 181
Trd, 000297.700, 185
Trd, 000297.950, 202
Trd, 000298.550, 172
