Trd, 000000.983, 144
Trd, 000002.467, 116
Trd, 000002.567, 117
Trd, 000003.017, 118
Trd, 000003.350, 141
Trd, 000003.817, 162
Trd, 000005.633, 131
Trd, 000006.000, 132
Trd, 000006.567, 138
Trd, 000007.583, 138
Trd, 000008.733, 138
Trd, 000008.883, 142
Trd, 000009.367, 144
Trd, 000009.433, 145
Trd, 000010.383, 144
Trd, 000010.950, 142
Trd, 000011.050, 143
Trd, 000011.200, 142
Trd, 000011.683, 143
Trd, 000011.850, 142
Trd, 000011.933, 150
Trd, 000011.967, 152
Trd, 000014.717, 142
Trd, 000014.817, 145
Trd, 000015.017, 147
Trd, 000015.633, 157
Trd, 000015.750, 163
Trd, 000016.250, 143
Trd, 000016.517, 164
Trd, 000017.383, 153
Trd, 000017.583, 169
Trd, 000017.700, 147
Trd, 000018.283, 146
Trd, 000018.650, 171
Trd, 000018.917, 151
Trd, 000019.167, 167
Trd, 000020.600, 157
Trd, 000021.700, 160
Trd, 000021.850, 160
Trd, 000022.083, 154
Trd, 000022.450, 150
Trd, 000022.867, 160
Trd, 000022.883, 162
Trd, 000023.650, 157
Trd, 000024.533, 143
Trd, 000024.800, 149
Trd, 000025.233, 151
Trd, 000025.433, 153
Trd, 000025.833, 152
Trd, 000026.750, 152
Trd, 000027.067, 144
Trd, 000028.533, 140
Trd, 000028.817, 147
Trd, 000029.200, 134
Trd, 000029.283, 146
Trd, 000029.367, 147
Trd, 000029.550, 151
Trd, 000029.800, 149
Trd, 000030.283, 151
Trd, 000031.400, 148
Trd, 000031.800, 147
Trd, 000032.117, 148
Trd, 000032.417, 146
Trd, 000032.633, 149
Trd, 000032.950, 144
Trd, 000032.967, 151
Trd, 000033.017, 144
Trd, 000033.883, 154
Trd, 000034.350, 142
Trd, 000034.367, 143
Trd, 000034.600, 143
Trd, 000034.883, 137
Trd, 000035.250, 144
Trd, 000036.633, 146
Trd, 000037.917, 145
Trd, 000038.467, 146
Trd, 000038.700, 145
Trd, 000039.483, 148
Trd, 000040.017, 144
Trd, 000040.217, 145
Trd, 000040.350, 149
Trd, 000040.367, 152
Trd, 000040.550, 155
Trd, 000041.150, 162
Trd, 000041.367, 166
Trd, 000042.300, 153
Trd, 000042.317, 152
Trd, 000042.833, 145
Trd, 000043.033, 145
Trd, 000044.367, 151
Trd, 000045.483, 146
Trd, 000045.717, 148
Trd, 000046.283, 150
Trd, 000047.067, 147
Trd, 000047.233, 150
Trd, 000047.600, 147
Trd, 000047.700, 147
Trd, 000047.983, 150
Trd, 000048.800, 148
Trd, 000048.867, 151
Trd, 000050.133, 149
Trd, 000050.183, 150
Trd, 000051.050, 151
Trd, 000051.300, 149
Trd, 000052.100, 151
Trd, 000053.150, 153
Trd, 000053.167, 154
Trd, 000053.217, 149
Trd, 000053.250, 147
Trd, 000054.183, 149
Trd, 000054.367, 148
Trd, 000054.500, 155
Trd, 000055.183, 146
Trd, 000055.667, 156
Trd, 000056.800, 154
Trd, 000057.400, 148
Trd, 000057.700, 153
Trd, 000058.267, 149
Trd, 000058.417, 153
Trd, 000058.900, 157
Trd, 000059.367, 147
Trd, 000059.550, 155
Trd, 000060.683, 156
Trd, 000060.983, 160
Trd, 000061.017, 161
Trd, 000061.333, 147
Trd, 000061.733, 147
Trd, 000061.917, 157
Trd, 000064.067, 157
Trd, 000064.467, 151
Trd, 000065.483, 149
Trd, 000067.450, 153
Trd, 000068.067, 151
Trd, 000068.117, 152
Trd, 000068.733, 158
Trd, 000068.783, 158
Trd, 000068.800, 159
Trd, 000068.817, 153
Trd, 000070.767, 155
Trd, 000071.167, 155
Trd, 000071.217, 159
Trd, 000072.050, 156
Trd, 000072.333, 152
Trd, 000072.517, 152
Trd, 000072.650, 148
Trd, 000073.900, 151
Trd, 000075.067, 150
Trd, 000075.183, 149
Trd, 000075.400, 149
Trd, 000075.700, 150
Trd, 000075.800, 148
Trd, 000077.167, 152
Trd, 000077.233, 154
Trd, 000077.383, 155
Trd, 000077.867, 147
Trd, 000078.133, 158
Trd, 000078.483, 147
Trd, 000079.183, 160
Trd, 000079.683, 163
Trd, 000080.167, 149
Trd, 000080.700, 149
Trd, 000080.833, 163
Trd, 000081.617, 146
Trd, 000082.133, 149
Trd, 000082.150, 155
Trd, 000082.417, 166
Trd, 000083.683, 160
Trd, 000084.217, 156
Trd, 000084.767, 151
Trd, 000085.633, 149
Trd, 000085.717, 151
Trd, 000086.050, 152
Trd, 000086.517, 154
Trd, 000088.917, 154
Trd, 000088.950, 154
Trd, 000089.033, 153
Trd, 000089.983, 153
Trd, 000090.067, 154
Trd, 000090.133, 157
Trd, 000090.167, 152
Trd, 000090.817, 151
Trd, 000092.167, 160
Trd, 000092.333, 151
Trd, 000093.250, 167
Trd, 000093.383, 156
Trd, 000093.617, 156
Trd, 000093.767, 155
Trd, 000093.900, 154
Trd, 000094.100, 150
Trd, 000094.333, 155
Trd, 000094.433, 156
Trd, 000095.100, 151
Trd, 000096.317, 162
Trd, 000096.583, 153
Trd, 000097.267, 158
Trd, 000098.683, 146
Trd, 000098.900, 155
Trd, 000098.983, 153
Trd, 000099.450, 156
Trd, 000099.683, 153
Trd, 000099.950, 158
Trd, 000100.133, 154
Trd, 000101.783, 153
Trd, 000101.933, 156
Trd, 000103.517, 155
Trd, 000104.383, 152
Trd, 000104.617, 155
Trd, 000104.650, 156
Trd, 000105.033, 154
Trd, 000105.333, 152
Trd, 000105.733, 151
Trd, 000106.183, 154
Trd, 000107.300, 155
Trd, 000107.367, 152
Trd, 000107.517, 159
Trd, 000108.250, 155
Trd, 000108.867, 152
Trd, 000109.417, 152
Trd, 000110.783, 156
Trd, 000111.017, 152
Trd, 000111.533, 155
Trd, 000111.883, 152
Trd, 000112.417, 153
Trd, 000112.750, 154
Trd, 000113.050, 152
Trd, 000114.217, 151
Trd, 000115.017, 151
Trd, 000115.917, 150
Trd, 000116.117, 152
Trd, 000116.233, 153
Trd, 000117.817, 153
Trd, 000117.950, 154
Trd, 000118.600, 152
Trd, 000118.833, 152
Trd, 000118.933, 154
Trd, 000119.517, 153
Trd, 000119.800, 156
Trd, 000120.000, 155
Trd, 000120.100, 151
Trd, 000121.183, 157
Trd, 000121.283, 160
Trd, 000121.417, 174
Trd, 000122.083, 185
Trd, 000122.650, 200
Trd, 000122.667, 221
Trd, 000123.367, 219
Trd, 000123.417, 224
Trd, 000123.583, 334
Trd, 000123.867, 203
Trd, 000124.150, 315
Trd, 000124.183, 316
Trd, 000124.450, 335
Trd, 000125.367, 311.0
Trd, 000125.667, 331.0
Trd, 000125.683, 338
Trd, 000127.567, 339
Trd, 000127.883, 340
Trd, 000128.617, 333
Trd, 000129.950, 335
Trd, 000130.450, 340.0
Trd, 000130.900, 337.0
Trd, 000131.217, 341.0
Trd, 000131.450, 337
Trd, 000131.650, 344.0
Trd, 000132.567, 337.0
Trd, 000134.417, 340.0
Trd, 000134.667, 338
Trd, 000134.983, 340.0
Trd, 000135.050, 341.0
Trd, 000135.267, 344.0
Trd, 000136.200, 340
Trd, 000137.067, 338
Trd, 000137.967, 338.0
Trd, 000139.133, 338
Trd, 000139.733, 338
Trd, 000139.883, 339
Trd, 000140.733, 339.0
Trd, 000141.967, 337.0
Trd, 000142.150, 336
Trd, 000142.233, 340.0
Trd, 000143.000, 341.0
Trd, 000143.167, 339
Trd, 000144.050, 341.0
Trd, 000144.867, 338
Trd, 000145.300, 339
Trd, 000145.483, 341
Trd, 000145.700, 344.0
Trd, 000145.717, 336
Trd, 000146.167, 332.0
Trd, 000146.267, 344
Trd, 000146.500, 345
Trd, 000147.667, 348
Trd, 000148.233, 350.0
Trd, 000148.350, 338
Trd, 000149.750, 339.0
Trd, 000150.083, 341.0
Trd, 000150.167, 344.0
Trd, 000152.017, 346
Trd, 000152.583, 345
Trd, 000152.783, 350
Trd, 000152.883, 350
Trd, 000153.600, 358.0
Trd, 000153.817, 340
Trd, 000153.967, 361.0
Trd, 000154.300, 339
Trd, 000155.683, 343.0
Trd, 000155.900, 341.0
Trd, 000156.283, 344.0
Trd, 000157.750, 343
Trd, 000157.767, 342
Trd, 000158.517, 350
Trd, 000158.933, 358.0
Trd, 000160.117, 343
Trd, 000160.183, 343.0
Trd, 000160.333, 344.0
Trd, 000160.533, 342
Trd, 000160.567, 347
Trd, 000162.150, 344
Trd, 000162.667, 347
Trd, 000163.650, 343
Trd, 000164.217, 346
Trd, 000164.400, 344
Trd, 000164.450, 341.0
Trd, 000164.717, 347
Trd, 000164.783, 342
Trd, 000164.917, 348
Trd, 000166.500, 342
Trd, 000167.283, 343
Trd, 000167.567, 342
Trd, 000167.667, 341.0
Trd, 000168.533, 342
Trd, 000170.333, 346
Trd, 000170.733, 345
Trd, 000170.867, 339
Trd, 000171.300, 346
Trd, 000172.467, 344
Trd, 000173.600, 345
Trd, 000174.167, 342.0
Trd, 000174.333, 341.0
Trd, 000175.167, 338
Trd, 000175.417, 337.0
Trd, 000175.717, 342.0
Trd, 000176.183, 344.0
Trd, 000177.983, 344.0
Trd, 000178.383, 350
Trd, 000178.600, 350
Trd, 000179.450, 342
Trd, 000180.633, 342
Trd, 000180.683, 341.0
Trd, 000181.200, 346
Trd, 000181.317, 339
Trd, 000181.733, 344
Trd, 000182.233, 341.0
Trd, 000182.400, 339
Trd, 000182.450, 348
Trd, 000182.500, 337.0
Trd, 000182.550, 337
Trd, 000182.733, 331.0
Trd, 000182.750, 310.0
Trd, 000182.967, 302
Trd, 000183.567, 184
Trd, 000184.050, 164
Trd, 000184.217, 204
Trd, 000185.367, 167
Trd, 000186.233, 156
Trd, 000186.533, 179
Trd, 000187.333, 178
Trd, 000187.950, 157
Trd, 000188.050, 178
Trd, 000188.233, 179
Trd, 000188.483, 179
Trd, 000189.817, 163
Trd, 000190.000, 170
Trd, 000190.067, 163
Trd, 000191.167, 162
Trd, 000191.883, 166
Trd, 000192.500, 170
Trd, 000193.533, 166
Trd, 000193.800, 165
Trd, 000193.933, 167
Trd, 000194.000, 166
Trd, 000194.217, 168
Trd, 000195.083, 164
Trd, 000195.100, 170
Trd, 000196.517, 165
Trd, 000197.567, 170
Trd, 000198.067, 172
Trd, 000198.167, 171
Trd, 000198.317, 166
Trd, 000199.900, 169
Trd, 000201.133, 168
Trd, 000201.467, 167
Trd, 000201.983, 168
Trd, 000202.117, 167
Trd, 000202.333, 170
Trd, 000202.450, 171
Trd, 000202.900, 167
Trd, 000203.050, 165
Trd, 000203.667, 167
Trd, 000204.667, 164
Trd, 000205.117, 163
Trd, 000205.517, 165
Trd, 000205.583, 166
Trd, 000207.483, 167
Trd, 000207.683, 168
Trd, 000208.433, 168
Trd, 000208.833, 166
Trd, 000209.117, 170
Trd, 000209.767, 171
Trd, 000210.600, 164
Trd, 000211.000, 164
Trd, 000211.750, 164
Trd, 000211.767, 165
Trd, 000211.850, 170
Trd, 000212.233, 171
Trd, 000213.233, 164
Trd, 000214.333, 169
Trd, 000214.683, 169
Trd, 000214.917, 170
Trd, 000215.017, 170
Trd, 000215.900, 166
Trd, 000216.233, 166
Trd, 000216.317, 169
Trd, 000216.567, 165
Trd, 000216.867, 172
Trd, 000217.483, 169
Trd, 000217.533, 179
Trd, 000218.367, 162
Trd, 000219.517, 178
Trd, 000220.367, 176
Trd, 000220.767, 168
Trd, 000220.950, 175
Trd, 000221.133, 175
Trd, 000221.367, 168
Trd, 000221.900, 176
Trd, 000223.750, 175
Trd, 000223.767, 174
Trd, 000223.833, 176
Trd, 000225.100, 173
Trd, 000225.483, 179
Trd, 000226.233, 173
Trd, 000227.350, 170
Trd, 000227.850, 174
Trd, 000227.867, 174
Trd, 000228.250, 170
Trd, 000228.633, 185
Trd, 000228.867, 197
Trd, 000229.867, 193
Trd, 000230.500, 164
Trd, 000231.017, 161
Trd, 000231.783, 175
Trd, 000232.067, 174
Trd, 000232.300, 174
Trd, 000232.833, 174
Trd, 000233.267, 176
Trd, 000233.867, 184
Trd, 000234.100, 183
Trd, 000234.333, 181
Trd, 000234.967, 182
Trd, 000235.717, 181
Trd, 000236.567, 177
Trd, 000237.167, 177
Trd, 000238.083, 174
Trd, 000238.233, 172
Trd, 000238.533, 172
Trd, 000238.550, 174
Trd, 000239.317, 171
Trd, 000239.350, 173
Trd, 000239.383, 174
Trd, 000239.650, 171
Trd, 000240.150, 174
Trd, 000240.217, 167
Trd, 000240.900, 172
Trd, 000241.017, 173
Trd, 000241.200, 173
Trd, 000241.750, 171
Trd, 000241.833, 168
Trd, 000242.267, 168
Trd, 000242.700, 170
Trd, 000242.750, 169
Trd, 000242.783, 171
Trd, 000244.200, 170
Trd, 000244.267, 174
Trd, 000244.550, 168
Trd, 000244.567, 174
Trd, 000245.600, 173
Trd, 000245.883, 174
Trd, 000246.950, 175
Trd, 000247.317, 171
Trd, 000247.667, 169
Trd, 000248.283, 174
Trd, 000248.383, 175
Trd, 000248.933, 172
Trd, 000248.950, 173
Trd, 000248.967, 176
Trd, 000249.067, 182
Trd, 000249.200, 169
Trd, 000249.283, 169
Trd, 000250.150, 177
Trd, 000250.283, 166
Trd, 000250.417, 185
Trd, 000252.083, 179
Trd, 000252.867, 175
Trd, 000253.317, 170
Trd, 000253.550, 169
Trd, 000253.600, 176
Trd, 000253.683, 162
Trd, 000254.800, 173
Trd, 000254.850, 172
Trd, 000254.967, 170
Trd, 000256.017, 171
Trd, 000256.100, 175
Trd, 000256.250, 170
Trd, 000257.183, 173
Trd, 000257.217, 176
Trd, 000258.033, 178
Trd, 000258.217, 179
Trd, 000259.117, 187
Trd, 000259.650, 186
Trd, 000259.833, 185
Trd, 000260.600, 184
Trd, 000260.750, 176
Trd, 000261.100, 173
Trd, 000261.183, 170
Trd, 000261.517, 185
Trd, 000262.333, 173
Trd, 000262.467, 181
Trd, 000262.850, 180
Trd, 000263.033, 171
Trd, 000263.133, 181
Trd, 000264.017, 180
Trd, 000264.217, 178
Trd, 000265.583, 182
Trd, 000265.983, 183
Trd, 000266.117, 178
Trd, 000266.183, 180
Trd, 000266.983, 183
Trd, 000267.317, 177
Trd, 000267.667, 181
Trd, 000268.600, 178
Trd, 000268.700, 178
Trd, 000269.100, 177
Trd, 000269.317, 175
Trd, 000270.233, 173
Trd, 000270.250, 175
Trd, 000270.267, 170
Trd, 000270.667, 174
Trd, 000270.917, 177
Trd, 000270.967, 178
Trd, 000271.600, 180
Trd, 000271.917, 181
Trd, 000272.433, 188
Trd, 000272.933, 184
Trd, 000273.250, 182
Trd, 000273.983, 187
Trd, 000274.300, 181
Trd, 000274.817, 186
Trd, 000275.433, 181
Trd, 000276.283, 175
Trd, 000276.683, 183
Trd, 000276.717, 186
Trd, 000276.800, 187
Trd, 000276.933, 190
Trd, 000278.300, 187
Trd, 000278.533, 190
Trd, 000278.583, 180
Trd, 000280.067, 185
Trd, 000280.300, 184
Trd, 000280.567, 183
Trd, 000280.950, 182
Trd, 000281.133, 183
Trd, 000281.333, 180
Trd, 000281.417, 186
Trd, 000281.533, 175
Trd, 000282.150, 173
Trd, 000282.350, 180
Trd, 000283.350, 178
Trd, 000283.417, 172
Trd, 000283.817, 176
Trd, 000284.717, 176
Trd, 000284.900, 179
Trd, 000284.917, 169
Trd, 000285.117, 180
Trd, 000285.500, 180
Trd, 000285.700, 175
Trd, 000286.483, 180
Trd, 000287.683, 176
Trd, 000287.983, 174
Trd, 000288.000, 175
Trd, 000288.083, 176
Trd, 000288.100, 174
Trd, 000288.183, 172
Trd, 000288.517, 172
Trd, 000288.667, 173
Trd, 000289.167, 170
Trd, 000290.133, 172
Trd, 000290.433, 182
Trd, 000291.233, 176
Trd, 000291.783, 176
Trd, 000291.983, 175
Trd, 000292.017, 174
Trd, 000292.300, 184
Trd, 000292.750, 175
Trd, 000292.850, 185
Trd, 000293.133, 187
Trd, 000294.067, 187
Trd, 000294.750, 178
Trd, 000294.850, 188
Trd, 000295.317, 191
Trd, 000296.717, 185
Trd, 000296.833, 186
Trd, 000296.850, 181
Trd, 000297.017, 197
Trd, 000297.117, 181
Trd, 000297.483, 191
Trd, 000297.967, 193
Trd, 000299.050, 188
Trd, 000299.450, 188
Trd, 000299.533, 187
Trd, 000299.850, 186
