Trd, 000003.400, 121
Trd, 000003.633, 122
Trd, 000003.683, 123
Trd, 000004.150, 129
Trd, 000004.467, 139
Trd, 000005.667, 155
Trd, 000005.733, 145
Trd, 000006.000, 160
Trd, 000007.033, 150
Trd, 000007.533, 154
Trd, 000007.567, 150
Trd, 000008.633, 159
Trd, 000008.983, 158
Trd, 000009.367, 159
Trd, 000009.600, 155
Trd, 000009.983, 156
Trd, 000010.550, 158
Trd, 000011.533, 155
Trd, 000012.433, 154
Trd, 000012.767, 155
Trd, 000013.050, 156
Trd, 000013.300, 156
Trd, 000013.967, 156
Trd, 000014.833, 156
Trd, 000015.583, 156
Trd, 000016.083, 154
Trd, 000017.583, 154
Trd, 000017.800, 156
Trd, 000018.633, 154
Trd, 000019.567, 155
Trd, 000019.667, 156
Trd, 000021.533, 156
Trd, 000021.950, 151
Trd, 000022.033, 157
Trd, 000022.133, 157
Trd, 000022.467, 156
Trd, 000024.067, 156
Trd, 000024.800, 155
Trd, 000024.950, 151
Trd, 000025.167, 156
Trd, 000026.717, 156
Trd, 000028.950, 155
Trd, 000029.117, 155
Trd, 000029.267, 157
Trd, 000029.833, 155
Trd, 000030.750, 156
Trd, 000031.500, 156
Trd, 000032.033, 157
Trd, 000032.350, 157
Trd, 000033.083, 158
Trd, 000035.383, 157
Trd, 000036.217, 159
Trd, 000036.900, 157
Trd, 000037.100, 158
Trd, 000037.333, 156
Trd, 000037.950, 157
Trd, 000039.233, 157
Trd, 000039.367, 157
Trd, 000040.050, 157
Trd, 000041.500, 157
Trd, 000041.533, 156
Trd, 000041.817, 159
Trd, 000043.333, 159
Trd, 000044.900, 156
Trd, 000045.033, 158
Trd, 000045.367, 156
Trd, 000045.433, 156
Trd, 000045.600, 156
Trd, 000045.917, 156
Trd, 000046.083, 160
Trd, 000046.267, 166
Trd, 000047.283, 170
Trd, 000048.183, 164
Trd, 000048.667, 164
Trd, 000049.017, 162
Trd, 000049.633, 162
Trd, 000050.650, 162
Trd, 000051.700, 163
Trd, 000051.783, 162
Trd, 000053.350, 163
Trd, 000053.867, 161
Trd, 000054.050, 161
Trd, 000055.083, 162
Trd, 000055.550, 160
Trd, 000055.567, 161
Trd, 000056.100, 160
Trd, 000056.817, 159
Trd, 000056.850, 161
Trd, 000058.733, 160
Trd, 000059.183, 159
Trd, 000059.450, 160
Trd, 000060.233, 158
Trd, 000060.283, 161
Trd, 000060.733, 145
Trd, 000062.100, 155
Trd, 000063.217, 155
Trd, 000063.917, 156
Trd, 000063.950, 156
Trd, 000064.733, 156
Trd, 000064.800, 157
Trd, 000065.050, 156
Trd, 000066.450, 154
Trd, 000067.150, 155
Trd, 000067.217, 155
Trd, 000068.250, 156
Trd, 000068.700, 159
Trd, 000069.917, 158
Trd, 000070.183, 159
Trd, 000070.800, 159
Trd, 000070.933, 160
Trd, 000071.900, 158
Trd, 000073.267, 158
Trd, 000073.383, 162
Trd, 000073.983, 160
Trd, 000074.450, 170
Trd, 000075.067, 159
Trd, 000075.750, 163
Trd, 000076.450, 163
Trd, 000076.800, 162
Trd, 000077.383, 164
Trd, 000078.883, 164
Trd, 000079.250, 163
Trd, 000080.133, 164
Trd, 000080.550, 161
Trd, 000081.317, 162
Trd, 000082.500, 163
Trd, 000082.700, 162
Trd, 000084.317, 159
Trd, 000084.417, 158
Trd, 000084.983, 156
Trd, 000085.233, 159
Trd, 000086.267, 159
Trd, 000087.233, 159
Trd, 000088.783, 164
Trd, 000089.183, 161
Trd, 000089.567, 162
Trd, 000090.267, 161
Trd, 000091.417, 163
Trd, 000092.850, 161
Trd, 000092.917, 165
Trd, 000093.050, 171
Trd, 000093.967, 165
Trd, 000094.250, 164
Trd, 000094.733, 163
Trd, 000095.167, 164
Trd, 000096.433, 163
Trd, 000096.900, 164
Trd, 000097.583, 164
Trd, 000098.267, 163
Trd, 000098.350, 163
Trd, 000098.483, 163
Trd, 000098.600, 164
Trd, 000100.917, 164
Trd, 000101.250, 164
Trd, 000102.117, 163
Trd, 000102.633, 163
Trd, 000102.967, 163
Trd, 000104.150, 162
Trd, 000104.950, 161
Trd, 000105.450, 147
Trd, 000105.567, 162
Trd, 000106.333, 159
Trd, 000106.950, 160
Trd, 000106.967, 159
Trd, 000108.683, 161
Trd, 000108.750, 162
Trd, 000109.717, 162
Trd, 000109.883, 163
Trd, 000110.517, 163
Trd, 000110.850, 163
Trd, 000111.033, 166
Trd, 000111.267, 172
Trd, 000111.950, 162
Trd, 000112.267, 156
Trd, 000113.917, 167
Trd, 000114.883, 166
Trd, 000115.350, 167
Trd, 000115.750, 166
Trd, 000116.500, 167
Trd, 000116.600, 165
Trd, 000116.717, 168
Trd, 000116.983, 165
Trd, 000118.650, 165
Trd, 000119.133, 166
Trd, 000119.200, 168
Trd, 000120.183, 166
Trd, 000120.583, 161
Trd, 000121.200, 165
Trd, 000122.133, 168
Trd, 000122.317, 168
Trd, 000122.983, 177
Trd, 000123.150, 180
Trd, 000123.267, 198
Trd, 000123.367, 303.0
Trd, 000124.117, 225
Trd, 000124.650, 294
Trd, 000125.050, 355.0
Trd, 000125.217, 355
Trd, 000127.900, 365.0
Trd, 000128.800, 358
Trd, 000128.883, 357
Trd, 000129.067, 357
Trd, 000129.617, 364
Trd, 000130.950, 361
Trd, 000133.800, 358
Trd, 000133.950, 359
Trd, 000134.083, 356
Trd, 000134.900, 355
Trd, 000135.083, 355
Trd, 000136.067, 356
Trd, 000137.167, 360
Trd, 000138.267, 355
Trd, 000138.600, 359
Trd, 000138.967, 360
Trd, 000139.517, 359
Trd, 000140.067, 359
Trd, 000140.983, 357
Trd, 000142.067, 348.0
Trd, 000144.400, 348
Trd, 000144.783, 347
Trd, 000145.417, 352
Trd, 000145.933, 352
Trd, 000146.400, 343
Trd, 000147.867, 345
Trd, 000148.867, 344
Trd, 000150.917, 342
Trd, 000151.067, 343
Trd, 000151.500, 343
Trd, 000151.567, 344
Trd, 000151.900, 343
Trd, 000152.850, 343
Trd, 000153.983, 348
Trd, 000154.800, 351
Trd, 000155.400, 348.0
Trd, 000155.567, 352
Trd, 000157.250, 351
Trd, 000157.400, 351
Trd, 000157.633, 351
Trd, 000158.050, 352
Trd, 000158.317, 350
Trd, 000159.467, 350.0
Trd, 000159.700, 354
Trd, 000159.967, 355.0
Trd, 000162.633, 348
Trd, 000162.750, 348.0
Trd, 000163.333, 349
Trd, 000164.117, 348
Trd, 000166.117, 346
Trd, 000166.350, 347
Trd, 000167.500, 347
Trd, 000167.633, 347
Trd, 000168.000, 348
Trd, 000168.400, 347
Trd, 000169.283, 347
Trd, 000169.700, 348
Trd, 000170.883, 347
Trd, 000171.400, 362.0
Trd, 000172.567, 355.0
Trd, 000173.033, 350
Trd, 000174.133, 352
Trd, 000174.733, 351
Trd, 000174.883, 352
Trd, 000175.050, 352
Trd, 000175.217, 353
Trd, 000176.033, 355.0
Trd, 000179.617, 352
Trd, 000180.217, 351
Trd, 000180.367, 352
Trd, 000180.533, 353
Trd, 000181.850, 350.0
Trd, 000181.983, 350.0
Trd, 000182.383, 349.0
Trd, 000182.600, 343
Trd, 000182.817, 339
Trd, 000182.967, 334.0
Trd, 000183.483, 320
Trd, 000183.617, 305
Trd, 000184.283, 302
Trd, 000184.383, 260
Trd, 000185.450, 184
Trd, 000186.233, 204
Trd, 000186.483, 200
Trd, 000186.500, 199
Trd, 000187.200, 184
Trd, 000187.517, 158
Trd, 000188.133, 192
Trd, 000188.667, 193
Trd, 000189.317, 186
Trd, 000190.317, 184
Trd, 000191.383, 181
Trd, 000192.133, 180
Trd, 000192.417, 181
Trd, 000193.633, 176
Trd, 000194.767, 171
Trd, 000194.817, 172
Trd, 000195.550, 172
Trd, 000195.783, 173
Trd, 000196.267, 172
Trd, 000196.817, 173
Trd, 000197.533, 175
Trd, 000198.467, 185
Trd, 000198.583, 188
Trd, 000199.167, 175
Trd, 000200.067, 175
Trd, 000200.217, 173
Trd, 000201.333, 175
Trd, 000201.450, 176
Trd, 000202.600, 168
Trd, 000203.433, 166
Trd, 000203.917, 165
Trd, 000205.183, 165
Trd, 000205.967, 164
Trd, 000206.317, 164
Trd, 000206.783, 164
Trd, 000206.850, 165
Trd, 000206.950, 165
Trd, 000207.283, 165
Trd, 000207.483, 164
Trd, 000207.600, 166
Trd, 000209.350, 165
Trd, 000210.533, 165
Trd, 000210.633, 165
Trd, 000210.967, 166
Trd, 000211.250, 166
Trd, 000211.683, 164
Trd, 000212.567, 165
Trd, 000212.950, 165
Trd, 000213.350, 164
Trd, 000213.650, 163
Trd, 000214.067, 164
Trd, 000214.750, 164
Trd, 000215.600, 170
Trd, 000216.383, 190
Trd, 000217.267, 170
Trd, 000217.467, 169
Trd, 000218.583, 176
Trd, 000218.733, 172
Trd, 000219.667, 171
Trd, 000219.967, 173
Trd, 000220.150, 175
Trd, 000220.550, 172
Trd, 000221.083, 177
Trd, 000222.367, 175
Trd, 000223.167, 175
Trd, 000223.533, 176
Trd, 000223.733, 177
Trd, 000224.000, 179
Trd, 000226.183, 176
Trd, 000227.133, 175
Trd, 000227.400, 174
Trd, 000228.450, 178
Trd, 000228.583, 177
Trd, 000229.617, 174
Trd, 000229.850, 174
Trd, 000230.000, 173
Trd, 000230.233, 173
Trd, 000231.033, 174
Trd, 000231.350, 178
Trd, 000231.567, 185
Trd, 000231.933, 171
Trd, 000232.783, 173
Trd, 000233.250, 172
Trd, 000234.483, 170
Trd, 000235.833, 171
Trd, 000236.033, 172
Trd, 000237.267, 175
Trd, 000238.300, 176
Trd, 000239.083, 178
Trd, 000239.583, 175
Trd, 000240.783, 172
Trd, 000241.817, 175
Trd, 000242.433, 175
Trd, 000242.617, 175
Trd, 000243.483, 175
Trd, 000243.500, 179
Trd, 000244.767, 177
Trd, 000244.950, 176
Trd, 000245.117, 179
Trd, 000245.783, 177
Trd, 000245.867, 180
Trd, 000247.283, 176
Trd, 000247.483, 175
Trd, 000247.833, 176
Trd, 000249.100, 176
Trd, 000249.217, 177
Trd, 000249.583, 178
Trd, 000249.617, 176
Trd, 000250.550, 176
Trd, 000250.600, 180
Trd, 000252.533, 179
Trd, 000252.667, 177
Trd, 000252.850, 177
Trd, 000253.400, 179
Trd, 000254.033, 177
Trd, 000254.283, 177
Trd, 000254.983, 179
Trd, 000255.150, 184
Trd, 000256.150, 180
Trd, 000257.567, 181
Trd, 000258.933, 181
Trd, 000259.200, 184
Trd, 000259.817, 188
Trd, 000259.833, 190
Trd, 000260.067, 188
Trd, 000260.467, 189
Trd, 000261.150, 188
Trd, 000261.567, 187
Trd, 000262.383, 185
Trd, 000262.750, 185
Trd, 000263.100, 184
Trd, 000263.617, 186
Trd, 000264.700, 183
Trd, 000265.317, 183
Trd, 000265.833, 183
Trd, 000266.033, 182
Trd, 000266.550, 178
Trd, 000267.400, 183
Trd, 000268.550, 185
Trd, 000268.967, 182
Trd, 000269.183, 185
Trd, 000269.283, 182
Trd, 000270.217, 183
Trd, 000270.500, 181
Trd, 000270.850, 182
Trd, 000271.717, 183
Trd, 000271.933, 184
Trd, 000273.100, 184
Trd, 000273.283, 184
Trd, 000273.467, 184
Trd, 000273.583, 178
Trd, 000273.767, 185
Trd, 000274.367, 181
Trd, 000275.133, 189
Trd, 000276.733, 184
Trd, 000277.083, 185
Trd, 000277.683, 186
Trd, 000277.800, 183
Trd, 000279.183, 186
Trd, 000280.417, 184
Trd, 000281.900, 185
Trd, 000282.167, 185
Trd, 000282.483, 183
Trd, 000282.500, 182
Trd, 000282.700, 181
Trd, 000283.217, 186
Trd, 000283.883, 179
Trd, 000284.567, 180
Trd, 000285.117, 181
Trd, 000286.500, 181
Trd, 000286.967, 179
Trd, 000287.167, 176
Trd, 000287.733, 178
Trd, 000288.567, 177
Trd, 000288.583, 173
Trd, 000288.733, 177
Trd, 000288.800, 183
Trd, 000289.933, 182
Trd, 000291.850, 183
Trd, 000292.217, 180
Trd, 000293.117, 185
Trd, 000294.200, 182
Trd, 000294.517, 182
Trd, 000294.550, 183
Trd, 000294.717, 184
Trd, 000294.733, 187
Trd, 000296.450, 184
Trd, 000296.600, 185
Trd, 000297.300, 185
Trd, 000298.000, 185
Trd, 000298.200, 186
Trd, 000298.817, 179
