Trd, 000003.100, 169
Trd, 000003.133, 168
Trd, 000003.883, 172
Trd, 000004.117, 167
Trd, 000004.450, 164
Trd, 000004.617, 164
Trd, 000004.700, 163
Trd, 000004.917, 161
Trd, 000005.250, 110
Trd, 000006.200, 163
Trd, 000006.217, 152
Trd, 000006.467, 158
Trd, 000006.800, 146
Trd, 000007.500, 150
Trd, 000008.400, 150
Trd, 000008.450, 151
Trd, 000008.700, 151
Trd, 000008.867, 152
Trd, 000009.133, 147
Trd, 000011.783, 153
Trd, 000012.917, 154
Trd, 000014.317, 149
Trd, 000014.650, 153
Trd, 000014.900, 150
Trd, 000015.167, 151
Trd, 000015.650, 148
Trd, 000015.850, 145
Trd, 000016.083, 141
Trd, 000017.183, 146
Trd, 000017.533, 144
Trd, 000017.567, 142
Trd, 000019.383, 144
Trd, 000019.700, 140
Trd, 000019.733, 145
Trd, 000020.067, 147
Trd, 000020.083, 154
Trd, 000020.567, 155
Trd, 000021.233, 151
Trd, 000022.217, 157
Trd, 000022.683, 153
Trd, 000023.367, 157
Trd, 000023.417, 152
Trd, 000023.467, 151
Trd, 000023.700, 141
Trd, 000024.167, 154
Trd, 000025.083, 165
Trd, 000025.683, 154
Trd, 000026.167, 162
Trd, 000027.800, 155
Trd, 000028.283, 156
Trd, 000028.417, 155
Trd, 000029.067, 154
Trd, 000030.150, 155
Trd, 000030.483, 155
Trd, 000030.717, 154
Trd, 000031.067, 154
Trd, 000031.417, 130
Trd, 000033.217, 152
Trd, 000033.300, 147
Trd, 000033.883, 147
Trd, 000034.700, 151
Trd, 000035.267, 150
Trd, 000035.300, 151
Trd, 000035.917, 149
Trd, 000035.983, 150
Trd, 000037.150, 132
Trd, 000037.250, 152
Trd, 000038.217, 149
Trd, 000038.350, 150
Trd, 000039.650, 152
Trd, 000040.683, 151
Trd, 000042.067, 151
Trd, 000042.817, 150
Trd, 000043.067, 150
Trd, 000043.167, 148
Trd, 000043.600, 157
Trd, 000044.383, 154
Trd, 000044.633, 157
Trd, 000045.367, 154
Trd, 000045.850, 153
Trd, 000046.383, 154
Trd, 000046.717, 154
Trd, 000047.383, 155
Trd, 000047.567, 155
Trd, 000048.133, 155
Trd, 000048.467, 155
Trd, 000048.483, 156
Trd, 000048.533, 153
Trd, 000049.300, 155
Trd, 000049.533, 155
Trd, 000050.350, 155
Trd, 000050.567, 157
Trd, 000050.817, 158
Trd, 000051.483, 160
Trd, 000051.500, 164
Trd, 000051.933, 168
Trd, 000053.167, 159
Trd, 000053.200, 158
Trd, 000054.617, 156
Trd, 000055.517, 157
Trd, 000055.633, 156
Trd, 000055.867, 157
Trd, 000056.050, 156
Trd, 000057.283, 158
Trd, 000057.517, 156
Trd, 000057.567, 145
Trd, 000057.667, 161
Trd, 000058.183, 159
Trd, 000059.083, 152
Trd, 000059.733, 155
Trd, 000060.550, 153
Trd, 000060.850, 154
Trd, 000061.067, 155
Trd, 000062.067, 153
Trd, 000062.200, 154
Trd, 000062.317, 155
Trd, 000062.617, 156
Trd, 000063.700, 157
Trd, 000064.117, 157
Trd, 000064.217, 158
Trd, 000064.900, 160
Trd, 000065.300, 157
Trd, 000065.950, 160
Trd, 000066.100, 160
Trd, 000067.100, 159
Trd, 000067.433, 156
Trd, 000067.567, 161
Trd, 000067.667, 161
Trd, 000067.950, 158
Trd, 000069.717, 159
Trd, 000070.033, 159
Trd, 000070.967, 160
Trd, 000071.233, 159
Trd, 000071.800, 160
Trd, 000073.017, 147
Trd, 000073.350, 155
Trd, 000073.467, 151
Trd, 000073.683, 157
Trd, 000074.917, 155
Trd, 000075.383, 157
Trd, 000075.833, 158
Trd, 000077.233, 159
Trd, 000077.833, 160
Trd, 000078.150, 162
Trd, 000079.067, 162
Trd, 000079.250, 163
Trd, 000079.400, 159
Trd, 000079.450, 157
Trd, 000080.667, 162
Trd, 000082.200, 163
Trd, 000082.250, 162
Trd, 000082.467, 162
Trd, 000082.783, 162
Trd, 000082.817, 148
Trd, 000082.950, 163
Trd, 000083.867, 160
Trd, 000084.383, 159
Trd, 000084.450, 155
Trd, 000084.933, 162
Trd, 000085.033, 159
Trd, 000086.183, 159
Trd, 000086.450, 163
Trd, 000086.817, 162
Trd, 000088.567, 166
Trd, 000089.167, 161
Trd, 000089.333, 157
Trd, 000090.283, 160
Trd, 000090.383, 160
Trd, 000090.400, 162
Trd, 000091.533, 162
Trd, 000091.633, 159
Trd, 000092.050, 159
Trd, 000093.500, 160
Trd, 000093.900, 162
Trd, 000095.100, 162
Trd, 000095.433, 161
Trd, 000095.533, 161
Trd, 000095.817, 160
Trd, 000096.483, 160
Trd, 000098.200, 150
Trd, 000098.317, 154
Trd, 000099.117, 149
Trd, 000099.683, 147
Trd, 000100.200, 146
Trd, 000100.983, 150
Trd, 000101.233, 154
Trd, 000101.867, 148
Trd, 000102.050, 149
Trd, 000102.517, 146
Trd, 000103.433, 147
Trd, 000103.600, 148
Trd, 000105.267, 147
Trd, 000105.783, 147
Trd, 000105.867, 151
Trd, 000107.317, 155
Trd, 000107.867, 162
Trd, 000108.700, 163
Trd, 000108.817, 156
Trd, 000109.633, 157
Trd, 000109.933, 157
Trd, 000110.300, 156
Trd, 000111.300, 158
Trd, 000111.450, 156
Trd, 000112.383, 156
Trd, 000112.583, 156
Trd, 000113.017, 155
Trd, 000113.050, 156
Trd, 000113.533, 158
Trd, 000114.250, 154
Trd, 000114.333, 162
Trd, 000114.717, 157
Trd, 000115.567, 163
Trd, 000115.917, 162
Trd, 000116.917, 155
Trd, 000117.183, 156
Trd, 000117.600, 162
Trd, 000118.217, 159
Trd, 000118.617, 163
Trd, 000118.883, 168
Trd, 000120.333, 169
Trd, 000121.717, 167
Trd, 000121.900, 170
Trd, 000121.933, 170
Trd, 000122.150, 170
Trd, 000122.300, 177
Trd, 000122.750, 180
Trd, 000123.517, 187
Trd, 000123.533, 303.0
Trd, 000123.600, 263
Trd, 000124.017, 219
Trd, 000124.067, 292
Trd, 000124.550, 317.0
Trd, 000124.650, 293
Trd, 000125.150, 300.0
Trd, 000125.450, 320.0
Trd, 000125.567, 341.0
Trd, 000126.350, 344.0
Trd, 000127.117, 310.0
Trd, 000127.767, 310.0
Trd, 000128.817, 350
Trd, 000130.333, 327
Trd, 000130.783, 326
Trd, 000131.183, 322
Trd, 000131.633, 325
Trd, 000131.917, 326
Trd, 000132.083, 326
Trd, 000132.767, 342.0
Trd, 000133.233, 343.0
Trd, 000134.650, 344.0
Trd, 000135.850, 347
Trd, 000135.983, 352
Trd, 000136.417, 348
Trd, 000137.200, 351
Trd, 000137.383, 352
Trd, 000138.633, 345
Trd, 000139.133, 349
Trd, 000139.417, 351
Trd, 000140.267, 350
Trd, 000140.533, 345
Trd, 000141.333, 350
Trd, 000141.583, 352
Trd, 000142.083, 351.0
Trd, 000142.250, 349
Trd, 000142.350, 355
Trd, 000142.450, 361
Trd, 000142.617, 343
Trd, 000143.233, 340
Trd, 000144.533, 339
Trd, 000144.567, 340.0
Trd, 000144.933, 343.0
Trd, 000145.883, 343.0
Trd, 000146.100, 344.0
Trd, 000146.283, 345
Trd, 000146.417, 348
Trd, 000146.700, 339
Trd, 000149.067, 339
Trd, 000149.433, 342
Trd, 000149.983, 340
Trd, 000151.250, 339.0
Trd, 000152.000, 341.0
Trd, 000153.100, 343.0
Trd, 000154.033, 342
Trd, 000154.100, 343
Trd, 000154.867, 344.0
Trd, 000156.117, 342
Trd, 000156.400, 343
Trd, 000156.750, 343
Trd, 000156.983, 344
Trd, 000157.317, 338
Trd, 000158.300, 344.0
Trd, 000159.633, 345
Trd, 000160.000, 346
Trd, 000160.383, 347
Trd, 000160.983, 341
Trd, 000161.633, 341.0
Trd, 000161.667, 347
Trd, 000162.183, 352
Trd, 000163.317, 344
Trd, 000163.383, 344.0
Trd, 000163.617, 340
Trd, 000164.600, 342
Trd, 000165.717, 340
Trd, 000165.883, 339
Trd, 000165.950, 340
Trd, 000166.050, 342
Trd, 000167.267, 348
Trd, 000168.467, 341
Trd, 000168.967, 342
Trd, 000169.233, 341
Trd, 000169.533, 339
Trd, 000169.667, 341.0
Trd, 000170.117, 341
Trd, 000170.617, 341
Trd, 000171.950, 341
Trd, 000172.150, 338
Trd, 000172.433, 342.0
Trd, 000173.483, 338.0
Trd, 000173.533, 342.0
Trd, 000173.633, 344.0
Trd, 000173.750, 349
Trd, 000174.883, 337
Trd, 000175.300, 351.0
Trd, 000175.533, 351
Trd, 000175.967, 353
Trd, 000176.833, 353
Trd, 000176.883, 355
Trd, 000177.350, 346
Trd, 000177.683, 345
Trd, 000178.083, 344
Trd, 000179.017, 365.0
Trd, 000179.917, 343
Trd, 000180.617, 351.0
Trd, 000180.717, 355
Trd, 000181.333, 350
Trd, 000182.433, 342
Trd, 000182.717, 334.0
Trd, 000182.817, 320.0
Trd, 000183.150, 312
Trd, 000183.500, 310.0
Trd, 000183.783, 211
Trd, 000184.217, 232
Trd, 000184.233, 233
Trd, 000184.533, 196
Trd, 000185.800, 208
Trd, 000186.133, 192
Trd, 000186.467, 190
Trd, 000186.717, 186
Trd, 000186.800, 184
Trd, 000186.883, 169
Trd, 000188.183, 190
Trd, 000188.267, 187
Trd, 000188.517, 194
Trd, 000189.267, 188
Trd, 000189.783, 183
Trd, 000190.267, 189
Trd, 000191.017, 190
Trd, 000191.400, 189
Trd, 000191.583, 188
Trd, 000191.833, 184
Trd, 000192.650, 187
Trd, 000192.817, 184
Trd, 000193.017, 182
Trd, 000194.850, 181
Trd, 000194.867, 182
Trd, 000195.517, 159
Trd, 000196.700, 177
Trd, 000197.117, 177
Trd, 000197.467, 177
Trd, 000197.933, 178
Trd, 000198.017, 177
Trd, 000198.083, 175
Trd, 000198.500, 182
Trd, 000198.517, 185
Trd, 000198.533, 177
Trd, 000199.767, 180
Trd, 000199.817, 176
Trd, 000200.933, 171
Trd, 000201.200, 164
Trd, 000201.833, 169
Trd, 000202.417, 169
Trd, 000202.567, 168
Trd, 000203.400, 167
Trd, 000203.600, 168
Trd, 000204.583, 168
Trd, 000205.100, 165
Trd, 000205.567, 164
Trd, 000206.233, 173
Trd, 000206.633, 176
Trd, 000207.250, 160
Trd, 000207.283, 158
Trd, 000207.317, 155
Trd, 000207.900, 166
Trd, 000208.500, 160
Trd, 000208.817, 161
Trd, 000209.217, 162
Trd, 000209.783, 159
Trd, 000209.850, 160
Trd, 000210.067, 159
Trd, 000210.950, 161
Trd, 000212.867, 162
Trd, 000213.083, 165
Trd, 000213.800, 169
Trd, 000214.117, 174
Trd, 000214.467, 175
Trd, 000214.867, 162
Trd, 000217.017, 171
Trd, 000218.667, 165
Trd, 000218.750, 164
Trd, 000218.850, 163
Trd, 000219.500, 165
Trd, 000219.800, 166
Trd, 000220.067, 163
Trd, 000220.433, 162
Trd, 000221.083, 168
Trd, 000221.583, 169
Trd, 000221.750, 171
Trd, 000221.900, 164
Trd, 000222.933, 170
Trd, 000223.450, 171
Trd, 000224.783, 173
Trd, 000225.767, 171
Trd, 000225.833, 169
Trd, 000227.050, 172
Trd, 000227.200, 171
Trd, 000227.367, 172
Trd, 000227.917, 174
Trd, 000229.067, 173
Trd, 000229.200, 175
Trd, 000229.550, 173
Trd, 000229.800, 172
Trd, 000229.850, 174
Trd, 000230.133, 172
Trd, 000231.383, 176
Trd, 000231.550, 178
Trd, 000231.817, 182
Trd, 000232.383, 191
Trd, 000232.833, 176
Trd, 000233.833, 177
Trd, 000234.533, 175
Trd, 000235.350, 175
Trd, 000236.100, 176
Trd, 000236.683, 174
Trd, 000236.883, 174
Trd, 000237.183, 175
Trd, 000237.700, 163
Trd, 000238.933, 159
Trd, 000238.983, 162
Trd, 000239.600, 164
Trd, 000240.050, 162
Trd, 000240.150, 163
Trd, 000240.333, 162
Trd, 000240.583, 164
Trd, 000240.933, 168
Trd, 000241.283, 172
Trd, 000241.950, 170
Trd, 000242.867, 169
Trd, 000242.883, 169
Trd, 000243.083, 170
Trd, 000243.883, 157
Trd, 000245.333, 165
Trd, 000245.383, 168
Trd, 000245.533, 167
Trd, 000246.100, 169
Trd, 000246.317, 169
Trd, 000246.333, 168
Trd, 000246.383, 165
Trd, 000246.783, 170
Trd, 000246.867, 172
Trd, 000246.950, 174
Trd, 000247.867, 176
Trd, 000248.000, 177
Trd, 000248.833, 178
Trd, 000249.083, 176
Trd, 000250.067, 177
Trd, 000250.300, 179
Trd, 000250.883, 179
Trd, 000251.467, 176
Trd, 000251.683, 175
Trd, 000251.817, 175
Trd, 000252.367, 176
Trd, 000253.017, 178
Trd, 000253.150, 179
Trd, 000253.600, 177
Trd, 000255.367, 175
Trd, 000255.417, 176
Trd, 000255.450, 180
Trd, 000255.600, 181
Trd, 000255.650, 174
Trd, 000256.067, 173
Trd, 000256.300, 181
Trd, 000257.667, 176
Trd, 000257.717, 177
Trd, 000257.750, 176
Trd, 000258.083, 174
Trd, 000258.183, 173
Trd, 000258.667, 171
Trd, 000259.467, 166
Trd, 000260.050, 168
Trd, 000260.350, 169
Trd, 000260.683, 171
Trd, 000260.917, 173
Trd, 000260.933, 174
Trd, 000262.050, 172
Trd, 000262.700, 176
Trd, 000262.733, 174
Trd, 000263.833, 177
Trd, 000263.850, 176
Trd, 000264.083, 182
Trd, 000264.433, 178
Trd, 000264.833, 177
Trd, 000265.133, 183
Trd, 000265.933, 177
Trd, 000266.350, 179
Trd, 000267.017, 176
Trd, 000267.250, 179
Trd, 000267.583, 178
Trd, 000267.600, 181
Trd, 000268.383, 182
Trd, 000268.700, 177
Trd, 000268.850, 178
Trd, 000269.200, 174
Trd, 000269.217, 167
Trd, 000270.167, 171
Trd, 000270.350, 172
Trd, 000271.133, 171
Trd, 000271.183, 174
Trd, 000271.967, 175
Trd, 000273.050, 175
Trd, 000274.200, 174
Trd, 000274.667, 176
Trd, 000275.317, 176
Trd, 000275.517, 181
Trd, 000275.733, 178
Trd, 000275.800, 182
Trd, 000276.133, 185
Trd, 000276.600, 179
Trd, 000276.683, 178
Trd, 000276.733, 177
Trd, 000276.950, 180
Trd, 000277.367, 176
Trd, 000277.517, 175
Trd, 000277.783, 174
Trd, 000278.833, 178
Trd, 000279.083, 178
Trd, 000279.117, 176
Trd, 000279.750, 178
Trd, 000279.833, 172
Trd, 000280.483, 178
Trd, 000280.533, 170
Trd, 000280.567, 179
Trd, 000281.433, 176
Trd, 000282.700, 174
Trd, 000283.283, 181
Trd, 000283.533, 176
Trd, 000283.617, 182
Trd, 000283.883, 183
Trd, 000284.050, 175
Trd, 000284.100, 185
Trd, 000284.283, 175
Trd, 000284.600, 185
Trd, 000284.950, 172
Trd, 000285.317, 178
Trd, 000285.500, 181
Trd, 000286.000, 179
Trd, 000286.767, 181
Trd, 000287.100, 177
Trd, 000288.433, 179
Trd, 000288.533, 181
Trd, 000288.583, 177
Trd, 000290.117, 179
Trd, 000290.800, 179
Trd, 000290.817, 180
Trd, 000290.850, 180
Trd, 000291.433, 180
Trd, 000291.450, 178
Trd, 000291.750, 179
Trd, 000291.850, 177
Trd, 000292.750, 177
Trd, 000292.850, 176
Trd, 000293.250, 178
Trd, 000293.400, 177
Trd, 000293.633, 178
Trd, 000293.817, 179
Trd, 000294.300, 177
Trd, 000295.000, 173
Trd, 000295.600, 170
Trd, 000296.083, 179
Trd, 000296.517, 183
Trd, 000296.717, 185
Trd, 000297.167, 170
Trd, 000297.783, 174
Trd, 000298.167, 173
Trd, 000298.600, 170
Trd, 000299.017, 169
Trd, 000299.217, 169
