Trd, 000001.867, 122
Trd, 000003.283, 128
Trd, 000003.483, 133
Trd, 000003.533, 121
Trd, 000004.050, 144
Trd, 000004.100, 144
Trd, 000004.833, 136
Trd, 000005.550, 148
Trd, 000006.000, 141
Trd, 000006.700, 138
Trd, 000007.133, 145
Trd, 000007.733, 148
Trd, 000008.650, 149
Trd, 000008.733, 144
Trd, 000009.317, 151
Trd, 000009.350, 145
Trd, 000010.267, 159
Trd, 000010.333, 156
Trd, 000010.750, 152
Trd, 000010.900, 155
Trd, 000011.417, 161
Trd, 000011.783, 169
Trd, 000012.067, 150
Trd, 000012.167, 154
Trd, 000012.233, 150
Trd, 000012.867, 155
Trd, 000013.117, 156
Trd, 000014.700, 154
Trd, 000015.100, 156
Trd, 000015.683, 156
Trd, 000016.383, 171
Trd, 000016.567, 172
Trd, 000017.217, 154
Trd, 000018.650, 163
Trd, 000018.817, 160
Trd, 000019.383, 158
Trd, 000019.517, 156
Trd, 000019.617, 164
Trd, 000020.383, 163
Trd, 000021.817, 165
Trd, 000022.817, 160
Trd, 000023.183, 158
Trd, 000023.350, 151
Trd, 000024.167, 159
Trd, 000024.783, 160
Trd, 000025.050, 160
Trd, 000025.500, 156
Trd, 000026.317, 155
Trd, 000026.467, 150
Trd, 000027.000, 158
Trd, 000027.783, 161
Trd, 000028.017, 163
Trd, 000028.083, 156
Trd, 000028.650, 162
Trd, 000028.783, 170
Trd, 000029.217, 164
Trd, 000029.567, 156
Trd, 000030.383, 163
Trd, 000030.433, 162
Trd, 000030.500, 163
Trd, 000030.550, 157
Trd, 000031.400, 161
Trd, 000032.067, 163
Trd, 000032.600, 158
Trd, 000032.717, 156
Trd, 000033.183, 163
Trd, 000033.650, 161
Trd, 000034.967, 158
Trd, 000035.733, 158
Trd, 000035.833, 161
Trd, 000035.883, 163
Trd, 000038.533, 156
Trd, 000039.000, 162
Trd, 000039.250, 155
Trd, 000039.400, 162
Trd, 000039.417, 163
Trd, 000040.117, 157
Trd, 000041.133, 161
Trd, 000041.417, 162
Trd, 000041.733, 159
Trd, 000041.967, 164
Trd, 000042.667, 165
Trd, 000042.783, 165
Trd, 000043.217, 159
Trd, 000043.867, 163
Trd, 000044.883, 161
Trd, 000045.250, 162
Trd, 000045.700, 163
Trd, 000045.883, 164
Trd, 000045.967, 165
Trd, 000046.067, 161
Trd, 000046.200, 158
Trd, 000046.267, 157
Trd, 000047.883, 163
Trd, 000047.983, 157
Trd, 000048.050, 164
Trd, 000048.283, 155
Trd, 000049.050, 154
Trd, 000050.383, 162
Trd, 000050.550, 159
Trd, 000050.800, 162
Trd, 000051.117, 162
Trd, 000051.383, 158
Trd, 000053.567, 159
Trd, 000053.600, 159
Trd, 000053.883, 161
Trd, 000054.533, 162
Trd, 000055.117, 160
Trd, 000055.433, 161
Trd, 000055.983, 159
Trd, 000056.283, 160
Trd, 000056.350, 160
Trd, 000056.833, 159
Trd, 000057.300, 158
Trd, 000057.650, 159
Trd, 000059.217, 157
Trd, 000059.367, 155
Trd, 000059.417, 158
Trd, 000060.450, 155
Trd, 000060.750, 158
Trd, 000061.367, 155
Trd, 000062.317, 155
Trd, 000063.017, 154
Trd, 000063.483, 158
Trd, 000063.717, 153
Trd, 000064.583, 157
Trd, 000065.200, 157
Trd, 000065.683, 158
Trd, 000065.700, 158
Trd, 000066.050, 157
Trd, 000066.367, 159
Trd, 000067.233, 157
Trd, 000067.467, 159
Trd, 000067.783, 155
Trd, 000067.867, 155
Trd, 000068.400, 158
Trd, 000068.583, 155
Trd, 000069.217, 156
Trd, 000069.517, 153
Trd, 000069.617, 162
Trd, 000070.133, 152
Trd, 000071.250, 175
Trd, 000071.467, 179
Trd, 000071.867, 182
Trd, 000072.550, 170
Trd, 000072.917, 168
Trd, 000073.233, 175
Trd, 000073.800, 166
Trd, 000074.383, 165
Trd, 000074.517, 167
Trd, 000075.300, 164
Trd, 000076.250, 167
Trd, 000076.333, 166
Trd, 000077.017, 167
Trd, 000077.267, 162
Trd, 000078.150, 166
Trd, 000078.183, 167
Trd, 000078.533, 162
Trd, 000078.733, 166
Trd, 000079.433, 163
Trd, 000079.967, 162
Trd, 000080.317, 157
Trd, 000080.633, 166
Trd, 000081.050, 165
Trd, 000081.217, 169
Trd, 000082.500, 157
Trd, 000083.000, 163
Trd, 000083.283, 156
Trd, 000083.400, 164
Trd, 000084.150, 155
Trd, 000084.917, 158
Trd, 000085.767, 161
Trd, 000086.517, 161
Trd, 000086.817, 156
Trd, 000087.983, 155
Trd, 000088.217, 162
Trd, 000088.550, 163
Trd, 000088.767, 164
Trd, 000089.150, 157
Trd, 000089.983, 165
Trd, 000090.050, 160
Trd, 000090.283, 159
Trd, 000090.500, 164
Trd, 000091.517, 161
Trd, 000092.483, 163
Trd, 000092.850, 165
Trd, 000092.883, 177
Trd, 000093.250, 159
Trd, 000093.333, 173
Trd, 000095.150, 167
Trd, 000095.383, 168
Trd, 000095.667, 162
Trd, 000096.183, 163
Trd, 000097.300, 163
Trd, 000097.767, 164
Trd, 000098.617, 164
Trd, 000098.667, 165
Trd, 000098.767, 163
Trd, 000099.167, 159
Trd, 000099.817, 164
Trd, 000100.367, 151
Trd, 000101.833, 163
Trd, 000102.117, 164
Trd, 000102.167, 165
Trd, 000102.267, 165
Trd, 000103.600, 165
Trd, 000103.800, 164
Trd, 000104.083, 161
Trd, 000104.100, 169
Trd, 000105.383, 165
Trd, 000105.433, 159
Trd, 000106.417, 165
Trd, 000106.450, 160
Trd, 000107.083, 166
Trd, 000107.317, 159
Trd, 000107.850, 165
Trd, 000107.867, 160
Trd, 000108.167, 166
Trd, 000109.150, 167
Trd, 000109.667, 161
Trd, 000109.750, 160
Trd, 000110.400, 169
Trd, 000111.067, 168
Trd, 000111.200, 162
Trd, 000112.217, 166
Trd, 000112.467, 165
Trd, 000114.267, 168
Trd, 000114.317, 162
Trd, 000114.400, 169
Trd, 000114.683, 164
Trd, 000115.000, 168
Trd, 000115.383, 166
Trd, 000115.733, 161
Trd, 000116.067, 168
Trd, 000117.450, 163
Trd, 000117.467, 161
Trd, 000118.717, 167
Trd, 000119.167, 160
Trd, 000119.300, 168
Trd, 000119.550, 169
Trd, 000121.333, 164
Trd, 000121.450, 168
Trd, 000121.650, 165
Trd, 000122.667, 170
Trd, 000122.767, 184
Trd, 000122.867, 198
Trd, 000122.900, 205
Trd, 000123.100, 240
Trd, 000123.333, 270
Trd, 000123.517, 320
Trd, 000123.550, 327.0
Trd, 000123.833, 313.0
Trd, 000124.617, 352
Trd, 000126.233, 358.0
Trd, 000127.117, 350
Trd, 000127.283, 365
Trd, 000129.200, 357
Trd, 000130.400, 357
Trd, 000131.417, 361
Trd, 000131.683, 360.0
Trd, 000131.783, 359.0
Trd, 000131.950, 362
Trd, 000132.450, 363
Trd, 000132.667, 358.0
Trd, 000133.633, 361
Trd, 000135.133, 359
Trd, 000135.217, 361
Trd, 000135.683, 360
Trd, 000135.933, 362
Trd, 000135.983, 365
Trd, 000136.317, 356
Trd, 000136.567, 352
Trd, 000137.600, 363
Trd, 000138.317, 359
Trd, 000138.333, 365
Trd, 000138.633, 358.0
Trd, 000138.800, 349
Trd, 000139.167, 361
Trd, 000140.117, 358
Trd, 000140.300, 357
Trd, 000140.717, 359
Trd, 000141.083, 354
Trd, 000141.667, 348
Trd, 000142.817, 359
Trd, 000143.300, 360
Trd, 000143.817, 360
Trd, 000144.317, 358.0
Trd, 000145.267, 355
Trd, 000145.333, 354
Trd, 000145.550, 358
Trd, 000146.667, 355
Trd, 000146.867, 358
Trd, 000147.017, 352
Trd, 000147.100, 358
Trd, 000147.217, 348
Trd, 000147.650, 361
Trd, 000147.883, 348.0
Trd, 000147.967, 341.0
Trd, 000148.933, 359
Trd, 000148.983, 337
Trd, 000150.317, 358.0
Trd, 000150.417, 359
Trd, 000151.650, 354
Trd, 000152.083, 354
Trd, 000152.200, 351
Trd, 000153.117, 355
Trd, 000153.400, 350
Trd, 000153.850, 352
Trd, 000154.417, 349
Trd, 000155.300, 351
Trd, 000155.633, 350
Trd, 000155.883, 351
Trd, 000155.967, 352
Trd, 000156.150, 354
Trd, 000156.183, 351
Trd, 000156.867, 350
Trd, 000157.400, 353
Trd, 000158.217, 351
Trd, 000158.567, 350
Trd, 000159.683, 350.0
Trd, 000159.783, 348.0
Trd, 000159.917, 355
Trd, 000159.967, 356
Trd, 000160.300, 358
Trd, 000160.400, 368.0
Trd, 000160.417, 341.0
Trd, 000161.267, 357
Trd, 000162.233, 368
Trd, 000163.417, 359
Trd, 000163.567, 370
Trd, 000163.583, 354
Trd, 000163.700, 365
Trd, 000164.050, 352
Trd, 000164.283, 366
Trd, 000164.583, 350
Trd, 000166.367, 354
Trd, 000166.600, 349
Trd, 000168.300, 362
Trd, 000169.567, 363
Trd, 000169.800, 363
Trd, 000170.300, 360
Trd, 000170.633, 365
Trd, 000170.833, 358.0
Trd, 000171.133, 355
Trd, 000171.150, 365
Trd, 000172.217, 354
Trd, 000172.867, 363
Trd, 000172.933, 355
Trd, 000173.117, 350
Trd, 000174.117, 360
Trd, 000174.250, 348.0
Trd, 000174.550, 357
Trd, 000174.750, 359
Trd, 000175.667, 358.0
Trd, 000175.800, 349
Trd, 000178.633, 356
Trd, 000179.033, 356
Trd, 000179.050, 355
Trd, 000179.233, 355
Trd, 000179.317, 356
Trd, 000179.400, 354
Trd, 000179.583, 355
Trd, 000180.050, 350
Trd, 000180.183, 362
Trd, 000180.200, 350
Trd, 000180.750, 353
Trd, 000180.833, 368.0
Trd, 000181.167, 359
Trd, 000181.833, 348.0
Trd, 000181.883, 333
Trd, 000182.000, 313.0
Trd, 000182.417, 303.0
Trd, 000183.600, 279
Trd, 000184.083, 258
Trd, 000184.517, 207
Trd, 000184.550, 196
Trd, 000185.367, 201
Trd, 000185.450, 202
Trd, 000186.350, 200
Trd, 000186.883, 196
Trd, 000187.417, 193
Trd, 000187.483, 196
Trd, 000188.267, 194
Trd, 000188.300, 190
Trd, 000188.450, 196
Trd, 000189.400, 184
Trd, 000189.483, 183
Trd, 000190.167, 187
Trd, 000190.550, 178
Trd, 000191.117, 190
Trd, 000191.817, 178
Trd, 000191.850, 182
Trd, 000192.750, 181
Trd, 000193.083, 177
Trd, 000193.167, 174
Trd, 000193.433, 170
Trd, 000194.133, 175
Trd, 000194.200, 182
Trd, 000194.217, 184
Trd, 000194.883, 182
Trd, 000196.350, 182
Trd, 000196.433, 181
Trd, 000197.283, 173
Trd, 000197.983, 172
Trd, 000198.117, 175
Trd, 000198.633, 171
Trd, 000199.883, 175
Trd, 000200.050, 174
Trd, 000200.333, 170
Trd, 000200.467, 178
Trd, 000200.583, 170
Trd, 000200.783, 178
Trd, 000200.900, 169
Trd, 000201.067, 181
Trd, 000201.767, 168
Trd, 000202.283, 163
Trd, 000202.600, 188
Trd, 000203.850, 182
Trd, 000204.500, 182
Trd, 000205.217, 183
Trd, 000205.717, 181
Trd, 000206.567, 183
Trd, 000207.033, 184
Trd, 000207.383, 181
Trd, 000207.550, 178
Trd, 000208.183, 176
Trd, 000209.183, 181
Trd, 000209.267, 179
Trd, 000209.950, 184
Trd, 000210.100, 184
Trd, 000210.517, 176
Trd, 000211.617, 184
Trd, 000211.767, 178
Trd, 000213.833, 182
Trd, 000213.883, 178
Trd, 000214.917, 180
Trd, 000215.017, 180
Trd, 000215.067, 179
Trd, 000215.250, 180
Trd, 000216.050, 178
Trd, 000217.183, 177
Trd, 000217.367, 180
Trd, 000217.483, 175
Trd, 000217.583, 181
Trd, 000218.517, 170
Trd, 000218.900, 174
Trd, 000219.350, 179
Trd, 000219.433, 172
Trd, 000220.600, 180
Trd, 000220.767, 179
Trd, 000223.900, 179
Trd, 000224.267, 175
Trd, 000224.300, 180
Trd, 000224.450, 172
Trd, 000224.600, 178
Trd, 000225.333, 163
Trd, 000225.817, 175
Trd, 000226.233, 176
Trd, 000226.350, 177
Trd, 000226.683, 173
Trd, 000226.950, 178
Trd, 000227.050, 172
Trd, 000227.500, 177
Trd, 000228.567, 178
Trd, 000229.150, 178
Trd, 000229.183, 180
Trd, 000230.733, 176
Trd, 000231.533, 176
Trd, 000233.300, 177
Trd, 000233.717, 176
Trd, 000233.933, 179
Trd, 000234.117, 180
Trd, 000235.200, 180
Trd, 000235.617, 180
Trd, 000235.967, 180
Trd, 000236.533, 175
Trd, 000236.783, 176
Trd, 000237.567, 181
Trd, 000238.633, 190
Trd, 000238.817, 179
Trd, 000239.400, 181
Trd, 000240.300, 186
Trd, 000240.583, 184
Trd, 000240.733, 184
Trd, 000241.533, 184
Trd, 000241.833, 185
Trd, 000242.300, 183
Trd, 000242.350, 185
Trd, 000242.500, 186
Trd, 000243.017, 183
Trd, 000243.067, 186
Trd, 000243.200, 186
Trd, 000243.517, 186
Trd, 000243.817, 182
Trd, 000244.383, 186
Trd, 000244.950, 181
Trd, 000245.183, 178
Trd, 000245.550, 178
Trd, 000245.917, 179
Trd, 000246.200, 180
Trd, 000246.933, 182
Trd, 000246.983, 183
Trd, 000247.700, 183
Trd, 000248.483, 183
Trd, 000248.850, 181
Trd, 000249.000, 184
Trd, 000250.267, 180
Trd, 000250.383, 188
Trd, 000250.900, 187
Trd, 000251.117, 184
Trd, 000251.350, 186
Trd, 000251.450, 182
Trd, 000251.500, 187
Trd, 000251.533, 175
Trd, 000252.383, 173
Trd, 000253.517, 178
Trd, 000253.833, 177
Trd, 000253.900, 175
Trd, 000254.250, 185
Trd, 000254.317, 185
Trd, 000254.450, 180
Trd, 000255.200, 182
Trd, 000255.217, 183
Trd, 000255.717, 179
Trd, 000255.883, 180
Trd, 000256.400, 172
Trd, 000256.967, 183
Trd, 000257.033, 174
Trd, 000258.417, 181
Trd, 000259.033, 178
Trd, 000259.217, 181
Trd, 000259.783, 179
Trd, 000260.067, 179
Trd, 000260.083, 177
Trd, 000260.167, 176
Trd, 000260.300, 175
Trd, 000260.417, 181
Trd, 000260.733, 167
Trd, 000261.400, 172
Trd, 000261.683, 174
Trd, 000261.817, 180
Trd, 000262.217, 180
Trd, 000262.333, 184
Trd, 000263.217, 188
Trd, 000263.817, 185
Trd, 000264.250, 181
Trd, 000264.267, 183
Trd, 000265.067, 188
Trd, 000265.117, 194
Trd, 000265.417, 186
Trd, 000265.817, 185
Trd, 000266.083, 187
Trd, 000266.650, 189
Trd, 000267.133, 184
Trd, 000267.900, 185
Trd, 000268.833, 185
Trd, 000269.417, 185
Trd, 000269.467, 187
Trd, 000269.717, 187
Trd, 000270.167, 187
Trd, 000270.233, 185
Trd, 000270.783, 183
Trd, 000271.217, 181
Trd, 000271.383, 184
Trd, 000271.633, 186
Trd, 000271.917, 187
Trd, 000272.183, 182
Trd, 000272.517, 185
Trd, 000273.717, 183
Trd, 000273.733, 182
Trd, 000273.750, 185
Trd, 000274.017, 188
Trd, 000275.033, 187
Trd, 000277.283, 186
Trd, 000277.350, 183
Trd, 000277.500, 181
Trd, 000277.833, 185
Trd, 000278.333, 183
Trd, 000278.467, 180
Trd, 000279.133, 188
Trd, 000279.250, 189
Trd, 000279.450, 190
Trd, 000279.717, 191
Trd, 000279.817, 179
Trd, 000280.033, 196
Trd, 000281.500, 181
Trd, 000281.600, 176
Trd, 000282.083, 178
Trd, 000282.200, 181
Trd, 000282.333, 182
Trd, 000282.717, 188
Trd, 000283.267, 181
Trd, 000284.050, 180
Trd, 000284.633, 183
Trd, 000284.883, 186
Trd, 000284.900, 181
Trd, 000285.200, 186
Trd, 000285.317, 190
Trd, 000286.333, 182
Trd, 000287.450, 177
Trd, 000287.933, 173
Trd, 000288.050, 179
Trd, 000288.183, 176
Trd, 000288.433, 175
Trd, 000288.567, 181
Trd, 000289.050, 182
Trd, 000289.250, 182
Trd, 000290.117, 182
Trd, 000291.067, 182
Trd, 000291.300, 177
Trd, 000291.500, 176
Trd, 000292.100, 173
Trd, 000292.633, 184
Trd, 000293.183, 178
Trd, 000293.317, 183
Trd, 000293.733, 179
Trd, 000294.500, 181
Trd, 000295.200, 182
Trd, 000295.317, 180
Trd, 000295.467, 184
Trd, 000295.583, 184
Trd, 000295.800, 185
Trd, 000295.983, 179
Trd, 000296.383, 178
Trd, 000296.683, 188
Trd, 000297.067, 191
Trd, 000297.167, 192
Trd, 000297.950, 196
Trd, 000298.450, 184
Trd, 000299.833, 185
