Trd, 000002.317, 131
Trd, 000003.633, 131
Trd, 000004.083, 131
Trd, 000004.600, 131
Trd, 000004.750, 132
Trd, 000005.017, 134
Trd, 000005.083, 148
Trd, 000005.133, 151
Trd, 000005.250, 158
Trd, 000005.267, 127
Trd, 000005.900, 161
Trd, 000006.717, 124
Trd, 000006.733, 149
Trd, 000007.650, 150
Trd, 000008.117, 125
Trd, 000008.483, 161
Trd, 000010.533, 157
Trd, 000010.667, 153
Trd, 000011.033, 155
Trd, 000011.550, 154
Trd, 000012.133, 144
Trd, 000012.900, 154
Trd, 000013.167, 148
Trd, 000013.467, 147
Trd, 000014.583, 142
Trd, 000014.767, 150
Trd, 000015.667, 144
Trd, 000016.333, 149
Trd, 000017.233, 145
Trd, 000017.450, 144
Trd, 000018.267, 143
Trd, 000018.400, 141
Trd, 000018.850, 124
Trd, 000019.683, 141
Trd, 000020.233, 143
Trd, 000020.617, 137
Trd, 000020.667, 136
Trd, 000020.683, 150
Trd, 000021.917, 160
Trd, 000022.200, 136
Trd, 000022.417, 188
Trd, 000022.650, 164
Trd, 000023.900, 158
Trd, 000024.017, 158
Trd, 000024.233, 157
Trd, 000024.683, 148
Trd, 000025.233, 149
Trd, 000025.567, 150
Trd, 000026.400, 152
Trd, 000027.483, 157
Trd, 000027.783, 161
Trd, 000028.617, 169
Trd, 000028.933, 156
Trd, 000030.117, 153
Trd, 000030.217, 151
Trd, 000030.300, 143
Trd, 000030.350, 161
Trd, 000030.967, 150
Trd, 000031.733, 150
Trd, 000032.017, 150
Trd, 000032.283, 151
Trd, 000032.650, 149
Trd, 000032.833, 152
Trd, 000033.100, 153
Trd, 000034.100, 151
Trd, 000034.200, 160
Trd, 000035.317, 151
Trd, 000035.967, 153
Trd, 000036.683, 151
Trd, 000037.150, 148
Trd, 000037.450, 150
Trd, 000038.083, 149
Trd, 000039.100, 152
Trd, 000039.250, 151
Trd, 000040.100, 154
Trd, 000040.117, 152
Trd, 000040.450, 166
Trd, 000040.717, 154
Trd, 000041.250, 152
Trd, 000041.633, 159
Trd, 000042.550, 157
Trd, 000042.683, 154
Trd, 000043.683, 156
Trd, 000043.817, 158
Trd, 000044.250, 162
Trd, 000045.317, 154
Trd, 000045.600, 153
Trd, 000046.383, 155
Trd, 000047.333, 152
Trd, 000047.567, 153
Trd, 000047.600, 145
Trd, 000048.583, 155
Trd, 000049.017, 153
Trd, 000049.050, 154
Trd, 000049.700, 149
Trd, 000050.883, 152
Trd, 000051.017, 151
Trd, 000052.500, 152
Trd, 000052.517, 151
Trd, 000053.050, 152
Trd, 000053.217, 153
Trd, 000053.850, 151
Trd, 000054.083, 150
Trd, 000055.100, 146
Trd, 000055.350, 155
Trd, 000056.133, 161
Trd, 000056.700, 162
Trd, 000056.933, 153
Trd, 000057.717, 146
Trd, 000057.833, 154
Trd, 000057.967, 146
Trd, 000059.317, 149
Trd, 000059.867, 151
Trd, 000059.900, 152
Trd, 000060.200, 151
Trd, 000060.817, 147
Trd, 000061.417, 168
Trd, 000062.083, 172
Trd, 000062.267, 171
Trd, 000062.283, 159
Trd, 000062.317, 176
Trd, 000063.000, 147
Trd, 000064.717, 156
Trd, 000065.400, 156
Trd, 000065.917, 156
Trd, 000067.417, 147
Trd, 000067.650, 146
Trd, 000067.933, 146
Trd, 000068.617, 150
Trd, 000069.083, 148
Trd, 000069.417, 152
Trd, 000070.050, 152
Trd, 000070.667, 149
Trd, 000071.083, 149
Trd, 000071.650, 148
Trd, 000072.367, 149
Trd, 000072.700, 149
Trd, 000073.267, 147
Trd, 000073.567, 140
Trd, 000073.767, 153
Trd, 000074.300, 154
Trd, 000074.650, 155
Trd, 000076.283, 152
Trd, 000076.583, 152
Trd, 000077.050, 151
Trd, 000077.683, 148
Trd, 000078.200, 162
Trd, 000079.617, 158
Trd, 000080.133, 160
Trd, 000080.567, 160
Trd, 000081.050, 160
Trd, 000081.133, 159
Trd, 000081.267, 158
Trd, 000081.517, 161
Trd, 000082.283, 149
Trd, 000082.900, 150
Trd, 000083.900, 149
Trd, 000084.150, 153
Trd, 000084.983, 148
Trd, 000085.450, 151
Trd, 000085.683, 148
Trd, 000085.783, 149
Trd, 000085.800, 147
Trd, 000086.767, 147
Trd, 000086.950, 141
Trd, 000088.133, 147
Trd, 000088.533, 148
Trd, 000088.817, 147
Trd, 000089.283, 146
Trd, 000089.583, 146
Trd, 000089.883, 145
Trd, 000090.750, 145
Trd, 000091.567, 146
Trd, 000092.633, 156
Trd, 000093.617, 167
Trd, 000093.733, 171
Trd, 000093.967, 156
Trd, 000094.400, 166
Trd, 000094.583, 163
Trd, 000095.100, 159
Trd, 000095.167, 155
Trd, 000096.283, 157
Trd, 000096.433, 157
Trd, 000097.117, 158
Trd, 000097.483, 155
Trd, 000097.783, 158
Trd, 000098.100, 159
Trd, 000099.133, 156
Trd, 000099.867, 157
Trd, 000099.967, 157
Trd, 000100.733, 157
Trd, 000100.883, 156
Trd, 000101.100, 158
Trd, 000102.817, 157
Trd, 000102.900, 158
Trd, 000103.517, 158
Trd, 000104.183, 158
Trd, 000104.617, 158
Trd, 000105.150, 156
Trd, 000105.950, 157
Trd, 000106.283, 154
Trd, 000106.633, 158
Trd, 000106.867, 161
Trd, 000107.167, 172
Trd, 000108.850, 168
Trd, 000109.533, 161
Trd, 000109.883, 160
Trd, 000109.900, 166
Trd, 000111.217, 159
Trd, 000112.367, 153
Trd, 000112.433, 152
Trd, 000113.100, 158
Trd, 000113.233, 159
Trd, 000114.133, 162
Trd, 000114.433, 160
Trd, 000114.650, 165
Trd, 000114.867, 161
Trd, 000115.567, 162
Trd, 000115.667, 161
Trd, 000115.767, 163
Trd, 000116.500, 161
Trd, 000116.983, 163
Trd, 000117.067, 169
Trd, 000118.150, 160
Trd, 000119.417, 160
Trd, 000120.383, 157
Trd, 000120.417, 153
Trd, 000120.567, 157
Trd, 000120.950, 157
Trd, 000121.067, 158
Trd, 000121.950, 160
Trd, 000122.117, 167
Trd, 000123.250, 170
Trd, 000123.317, 184
Trd, 000123.767, 171
Trd, 000123.883, 181
Trd, 000124.067, 239
Trd, 000125.150, 303.0
Trd, 000125.367, 310
Trd, 000126.167, 316.0
Trd, 000126.733, 317.0
Trd, 000127.533, 320
Trd, 000128.117, 316
Trd, 000129.467, 331.0
Trd, 000129.633, 337.0
Trd, 000130.817, 329
Trd, 000130.867, 329
Trd, 000131.433, 331
Trd, 000131.600, 331.0
Trd, 000131.683, 332
Trd, 000132.750, 332
Trd, 000132.883, 331
Trd, 000134.283, 336
Trd, 000134.633, 333
Trd, 000134.883, 337.0
Trd, 000135.817, 337
Trd, 000136.283, 334
Trd, 000137.050, 337
Trd, 000137.833, 338
Trd, 000138.133, 336
Trd, 000138.967, 336
Trd, 000139.067, 337
Trd, 000140.017, 336
Trd, 000141.000, 347.0
Trd, 000141.017, 337
Trd, 000142.450, 340
Trd, 000142.467, 343
Trd, 000143.633, 349
Trd, 000144.067, 358.0
Trd, 000144.233, 346
Trd, 000145.267, 348
Trd, 000145.400, 347
Trd, 000146.200, 348
Trd, 000146.283, 347
Trd, 000146.683, 350
Trd, 000148.000, 342
Trd, 000148.417, 346
Trd, 000148.467, 345
Trd, 000149.167, 345
Trd, 000150.017, 340
Trd, 000150.333, 344
Trd, 000150.583, 345
Trd, 000150.917, 345
Trd, 000151.433, 331.0
Trd, 000151.500, 348.0
Trd, 000151.533, 324
Trd, 000151.700, 351
Trd, 000154.850, 354
Trd, 000154.900, 349
Trd, 000154.983, 349
Trd, 000155.450, 348.0
Trd, 000156.050, 348
Trd, 000156.367, 356.0
Trd, 000156.617, 358.0
Trd, 000157.133, 354
Trd, 000157.950, 360.0
Trd, 000158.067, 359.0
Trd, 000158.933, 356
Trd, 000159.317, 357
Trd, 000159.617, 355
Trd, 000160.050, 350
Trd, 000160.117, 348.0
Trd, 000161.267, 346
Trd, 000161.917, 343
Trd, 000162.233, 344
Trd, 000162.367, 345
Trd, 000162.883, 346
Trd, 000163.083, 344
Trd, 000163.983, 338
Trd, 000164.217, 347.0
Trd, 000165.533, 336
Trd, 000165.717, 347.0
Trd, 000166.683, 343
Trd, 000166.767, 345
Trd, 000168.750, 341
Trd, 000169.683, 341
Trd, 000169.767, 342
Trd, 000170.217, 340
Trd, 000170.333, 346
Trd, 000170.583, 348.0
Trd, 000170.933, 341
Trd, 000171.250, 339
Trd, 000171.300, 348.0
Trd, 000172.517, 340
Trd, 000174.067, 341
Trd, 000174.200, 337
Trd, 000174.567, 332
Trd, 000174.967, 341
Trd, 000175.533, 340
Trd, 000176.833, 338
Trd, 000177.133, 340
Trd, 000178.400, 340
Trd, 000178.783, 341
Trd, 000179.150, 340
Trd, 000179.200, 339
Trd, 000180.033, 348.0
Trd, 000180.467, 347
Trd, 000180.850, 347
Trd, 000180.933, 348.0
Trd, 000181.350, 356.0
Trd, 000181.583, 340
Trd, 000182.483, 345
Trd, 000182.517, 343
Trd, 000182.650, 322
Trd, 000182.733, 313.0
Trd, 000183.150, 310.0
Trd, 000183.367, 311
Trd, 000184.800, 243
Trd, 000185.367, 211
Trd, 000185.550, 204
Trd, 000185.950, 185
Trd, 000187.017, 175
Trd, 000187.383, 184
Trd, 000187.717, 181
Trd, 000187.783, 173
Trd, 000189.317, 170
Trd, 000189.400, 169
Trd, 000189.817, 176
Trd, 000190.567, 175
Trd, 000191.017, 176
Trd, 000191.683, 168
Trd, 000192.433, 162
Trd, 000192.800, 177
Trd, 000194.033, 167
Trd, 000194.333, 169
Trd, 000195.667, 175
Trd, 000196.050, 159
Trd, 000196.133, 152
Trd, 000196.617, 173
Trd, 000196.633, 160
Trd, 000198.083, 168
Trd, 000198.200, 166
Trd, 000198.800, 168
Trd, 000198.950, 169
Trd, 000199.333, 168
Trd, 000199.483, 169
Trd, 000199.583, 167
Trd, 000200.033, 160
Trd, 000200.583, 166
Trd, 000201.833, 168
Trd, 000202.550, 167
Trd, 000202.600, 167
Trd, 000203.400, 153
Trd, 000204.267, 159
Trd, 000205.033, 164
Trd, 000205.733, 162
Trd, 000206.567, 161
Trd, 000207.183, 161
Trd, 000207.200, 163
Trd, 000207.567, 167
Trd, 000207.717, 168
Trd, 000208.650, 193
Trd, 000209.067, 169
Trd, 000209.567, 180
Trd, 000209.767, 167
Trd, 000210.583, 181
Trd, 000211.067, 169
Trd, 000211.633, 169
Trd, 000211.967, 167
Trd, 000212.900, 171
Trd, 000213.167, 170
Trd, 000213.233, 169
Trd, 000214.150, 169
Trd, 000215.383, 161
Trd, 000215.667, 168
Trd, 000216.033, 159
Trd, 000216.167, 153
Trd, 000216.450, 150
Trd, 000216.933, 154
Trd, 000217.600, 154
Trd, 000218.317, 151
Trd, 000218.683, 153
Trd, 000218.733, 156
Trd, 000218.933, 150
Trd, 000220.233, 156
Trd, 000220.267, 158
Trd, 000220.300, 159
Trd, 000220.733, 159
Trd, 000221.717, 184
Trd, 000222.133, 164
Trd, 000222.583, 165
Trd, 000223.650, 169
Trd, 000223.717, 170
Trd, 000225.117, 167
Trd, 000225.233, 168
Trd, 000225.450, 166
Trd, 000226.083, 167
Trd, 000227.750, 176
Trd, 000228.067, 168
Trd, 000228.450, 167
Trd, 000230.000, 172
Trd, 000230.667, 171
Trd, 000231.267, 170
Trd, 000231.350, 169
Trd, 000231.667, 168
Trd, 000231.883, 170
Trd, 000231.967, 169
Trd, 000232.017, 171
Trd, 000232.500, 168
Trd, 000232.617, 163
Trd, 000232.717, 153
Trd, 000233.917, 147
Trd, 000234.333, 160
Trd, 000235.733, 154
Trd, 000236.250, 156
Trd, 000236.750, 156
Trd, 000237.300, 169
Trd, 000237.850, 168
Trd, 000238.833, 168
Trd, 000238.950, 166
Trd, 000239.383, 171
Trd, 000239.667, 172
Trd, 000240.083, 170
Trd, 000240.383, 172
Trd, 000240.700, 174
Trd, 000241.033, 174
Trd, 000241.633, 174
Trd, 000241.767, 176
Trd, 000241.933, 174
Trd, 000242.217, 186
Trd, 000243.433, 171
Trd, 000244.300, 164
Trd, 000244.800, 163
Trd, 000245.267, 162
Trd, 000245.417, 163
Trd, 000246.350, 167
Trd, 000246.817, 171
Trd, 000247.100, 171
Trd, 000247.167, 170
Trd, 000247.183, 178
Trd, 000247.683, 172
Trd, 000247.867, 173
Trd, 000248.600, 186
Trd, 000248.817, 181
Trd, 000249.233, 180
Trd, 000249.800, 176
Trd, 000249.933, 177
Trd, 000249.950, 174
Trd, 000250.150, 165
Trd, 000250.617, 161
Trd, 000250.633, 176
Trd, 000251.350, 173
Trd, 000252.417, 164
Trd, 000252.433, 156
Trd, 000253.233, 170
Trd, 000253.433, 173
Trd, 000253.700, 168
Trd, 000254.367, 171
Trd, 000254.533, 172
Trd, 000254.567, 173
Trd, 000255.400, 172
Trd, 000255.850, 172
Trd, 000256.550, 170
Trd, 000257.000, 174
Trd, 000257.150, 170
Trd, 000257.383, 169
Trd, 000257.533, 172
Trd, 000257.967, 170
Trd, 000258.800, 170
Trd, 000259.050, 172
Trd, 000259.117, 168
Trd, 000259.317, 170
Trd, 000259.617, 174
Trd, 000259.867, 184
Trd, 000260.150, 167
Trd, 000260.183, 188
Trd, 000262.133, 174
Trd, 000262.483, 177
Trd, 000263.000, 175
Trd, 000263.150, 176
Trd, 000263.783, 176
Trd, 000264.683, 170
Trd, 000265.333, 170
Trd, 000266.317, 171
Trd, 000266.500, 157
Trd, 000266.917, 171
Trd, 000267.017, 168
Trd, 000267.083, 168
Trd, 000267.617, 164
Trd, 000267.800, 165
Trd, 000267.933, 173
Trd, 000268.433, 173
Trd, 000268.467, 189
Trd, 000268.550, 199
Trd, 000269.150, 171
Trd, 000269.417, 175
Trd, 000269.583, 206
Trd, 000270.417, 189
Trd, 000271.183, 192
Trd, 000271.400, 189
Trd, 000271.933, 188
Trd, 000272.667, 185
Trd, 000272.817, 187
Trd, 000273.100, 182
Trd, 000273.967, 186
Trd, 000274.283, 184
Trd, 000274.417, 181
Trd, 000274.883, 178
Trd, 000275.383, 186
Trd, 000276.233, 175
Trd, 000276.533, 173
Trd, 000276.983, 174
Trd, 000277.100, 169
Trd, 000277.250, 167
Trd, 000277.533, 158
Trd, 000277.850, 167
Trd, 000278.067, 166
Trd, 000278.550, 167
Trd, 000278.700, 161
Trd, 000279.433, 170
Trd, 000279.867, 175
Trd, 000280.083, 176
Trd, 000280.283, 183
Trd, 000280.783, 185
Trd, 000280.983, 190
Trd, 000281.483, 190
Trd, 000283.050, 182
Trd, 000283.483, 184
Trd, 000283.833, 182
Trd, 000283.950, 184
Trd, 000284.283, 176
Trd, 000285.400, 177
Trd, 000285.483, 177
Trd, 000285.950, 180
Trd, 000285.983, 175
Trd, 000286.283, 170
Trd, 000286.450, 176
Trd, 000287.633, 175
Trd, 000288.767, 185
Trd, 000289.233, 177
Trd, 000289.350, 176
Trd, 000289.850, 168
Trd, 000290.550, 189
Trd, 000290.950, 185
Trd, 000290.983, 177
Trd, 000291.133, 187
Trd, 000291.283, 189
Trd, 000291.333, 177
Trd, 000291.517, 190
Trd, 000291.717, 191
Trd, 000293.200, 186
Trd, 000293.333, 186
Trd, 000293.400, 185
Trd, 000293.500, 182
Trd, 000294.117, 182
Trd, 000294.133, 183
Trd, 000294.417, 182
Trd, 000294.900, 187
Trd, 000294.933, 188
Trd, 000296.200, 179
Trd, 000296.317, 173
Trd, 000296.733, 170
Trd, 000296.817, 188
Trd, 000297.267, 191
Trd, 000297.517, 173
Trd, 000298.250, 193
Trd, 000298.817, 182
Trd, 000299.200, 186
Trd, 000299.217, 193
Trd, 000299.917, 186
