Trd, 000000.833, 133
Trd, 000002.900, 155
Trd, 000003.317, 156
Trd, 000003.500, 134
Trd, 000003.667, 158
Trd, 000004.667, 134
Trd, 000004.817, 167
Trd, 000005.000, 133
Trd, 000005.083, 132
Trd, 000005.800, 133
Trd, 000006.200, 134
Trd, 000006.917, 154
Trd, 000007.950, 147
Trd, 000008.967, 143
Trd, 000009.250, 147
Trd, 000009.833, 144
Trd, 000009.983, 147
Trd, 000010.033, 147
Trd, 000010.950, 148
Trd, 000011.167, 146
Trd, 000011.500, 149
Trd, 000011.733, 166
Trd, 000012.333, 157
Trd, 000013.917, 157
Trd, 000013.950, 156
Trd, 000014.250, 156
Trd, 000015.783, 151
Trd, 000016.567, 152
Trd, 000016.717, 151
Trd, 000017.200, 151
Trd, 000017.517, 151
Trd, 000019.100, 150
Trd, 000019.200, 151
Trd, 000019.300, 152
Trd, 000020.183, 152
Trd, 000020.683, 153
Trd, 000020.817, 152
Trd, 000021.250, 155
Trd, 000022.167, 154
Trd, 000023.150, 152
Trd, 000023.750, 152
Trd, 000023.817, 152
Trd, 000024.133, 152
Trd, 000024.517, 152
Trd, 000024.733, 153
Trd, 000025.783, 151
Trd, 000025.917, 152
Trd, 000025.950, 150
Trd, 000026.533, 155
Trd, 000027.417, 158
Trd, 000028.050, 155
Trd, 000028.683, 157
Trd, 000029.100, 156
Trd, 000029.183, 155
Trd, 000031.050, 157
Trd, 000031.133, 155
Trd, 000032.000, 158
Trd, 000032.417, 161
Trd, 000032.700, 171
Trd, 000033.117, 162
Trd, 000033.283, 160
Trd, 000033.867, 159
Trd, 000034.183, 159
Trd, 000035.267, 155
Trd, 000037.067, 160
Trd, 000037.500, 159
Trd, 000037.600, 156
Trd, 000037.750, 160
Trd, 000038.200, 147
Trd, 000038.483, 149
Trd, 000039.650, 151
Trd, 000039.950, 160
Trd, 000040.000, 161
Trd, 000040.750, 151
Trd, 000041.650, 152
Trd, 000042.517, 153
Trd, 000043.100, 159
Trd, 000043.850, 154
Trd, 000045.117, 157
Trd, 000045.367, 157
Trd, 000045.533, 157
Trd, 000045.983, 160
Trd, 000046.233, 161
Trd, 000047.517, 161
Trd, 000048.367, 163
Trd, 000048.933, 163
Trd, 000049.100, 161
Trd, 000049.117, 160
Trd, 000050.217, 163
Trd, 000050.767, 160
Trd, 000050.833, 160
Trd, 000051.350, 165
Trd, 000051.417, 159
Trd, 000052.500, 165
Trd, 000052.817, 161
Trd, 000054.067, 160
Trd, 000054.333, 160
Trd, 000054.350, 161
Trd, 000054.817, 162
Trd, 000056.483, 160
Trd, 000056.917, 162
Trd, 000057.283, 163
Trd, 000057.700, 163
Trd, 000058.167, 161
Trd, 000058.283, 162
Trd, 000058.617, 171
Trd, 000060.167, 162
Trd, 000060.583, 161
Trd, 000060.783, 157
Trd, 000061.450, 161
Trd, 000062.800, 157
Trd, 000063.083, 150
Trd, 000063.633, 156
Trd, 000063.817, 156
Trd, 000064.267, 156
Trd, 000064.733, 156
Trd, 000064.883, 155
Trd, 000064.967, 155
Trd, 000065.483, 164
Trd, 000065.933, 159
Trd, 000066.617, 167
Trd, 000066.900, 157
Trd, 000068.283, 165
Trd, 000068.367, 169
Trd, 000068.800, 165
Trd, 000070.083, 162
Trd, 000070.500, 163
Trd, 000070.650, 158
Trd, 000070.750, 166
Trd, 000072.367, 158
Trd, 000073.433, 160
Trd, 000073.750, 159
Trd, 000073.783, 162
Trd, 000074.783, 159
Trd, 000075.100, 160
Trd, 000075.133, 159
Trd, 000075.400, 161
Trd, 000075.483, 163
Trd, 000076.917, 159
Trd, 000078.200, 161
Trd, 000079.117, 160
Trd, 000079.183, 163
Trd, 000080.383, 161
Trd, 000080.433, 163
Trd, 000080.667, 161
Trd, 000080.817, 160
Trd, 000081.067, 160
Trd, 000081.233, 159
Trd, 000081.500, 157
Trd, 000081.667, 162
Trd, 000082.083, 162
Trd, 000084.867, 156
Trd, 000085.267, 155
Trd, 000085.350, 156
Trd, 000085.983, 157
Trd, 000086.417, 156
Trd, 000087.700, 156
Trd, 000088.450, 159
Trd, 000089.233, 158
Trd, 000089.450, 158
Trd, 000089.550, 158
Trd, 000089.650, 157
Trd, 000090.067, 157
Trd, 000090.817, 160
Trd, 000091.183, 157
Trd, 000091.383, 167
Trd, 000092.183, 164
Trd, 000093.217, 165
Trd, 000093.433, 163
Trd, 000093.617, 162
Trd, 000094.100, 164
Trd, 000095.167, 164
Trd, 000095.350, 163
Trd, 000096.017, 167
Trd, 000097.017, 164
Trd, 000097.650, 164
Trd, 000098.033, 174
Trd, 000098.983, 170
Trd, 000099.583, 172
Trd, 000099.783, 169
Trd, 000099.833, 172
Trd, 000099.950, 146
Trd, 000100.350, 151
Trd, 000100.533, 140
Trd, 000102.883, 154
Trd, 000103.083, 157
Trd, 000104.450, 154
Trd, 000104.983, 154
Trd, 000105.000, 161
Trd, 000105.567, 156
Trd, 000106.200, 157
Trd, 000106.850, 158
Trd, 000106.950, 159
Trd, 000107.367, 158
Trd, 000108.167, 158
Trd, 000108.417, 159
Trd, 000108.450, 158
Trd, 000108.717, 158
Trd, 000108.833, 155
Trd, 000109.183, 160
Trd, 000111.033, 161
Trd, 000111.083, 160
Trd, 000111.550, 161
Trd, 000112.017, 160
Trd, 000112.083, 159
Trd, 000113.217, 162
Trd, 000114.667, 166
Trd, 000115.117, 167
Trd, 000115.367, 166
Trd, 000115.933, 166
Trd, 000116.817, 166
Trd, 000116.933, 167
Trd, 000117.067, 164
Trd, 000118.100, 165
Trd, 000118.283, 167
Trd, 000119.367, 167
Trd, 000119.433, 168
Trd, 000120.050, 166
Trd, 000120.933, 170
Trd, 000121.333, 171
Trd, 000121.367, 174
Trd, 000121.500, 180
Trd, 000121.867, 184
Trd, 000122.117, 168
Trd, 000122.567, 170
Trd, 000123.433, 238
Trd, 000123.500, 283
Trd, 000123.567, 298
Trd, 000123.700, 306.0
Trd, 000125.017, 334.0
Trd, 000125.900, 327.0
Trd, 000127.250, 333.0
Trd, 000127.600, 334.0
Trd, 000129.117, 345
Trd, 000129.917, 347
Trd, 000130.383, 348.0
Trd, 000130.983, 358
Trd, 000132.267, 355
Trd, 000132.617, 353
Trd, 000133.533, 357
Trd, 000133.750, 359
Trd, 000134.067, 357
Trd, 000134.267, 356
Trd, 000135.150, 359
Trd, 000135.500, 355
Trd, 000135.600, 344.0
Trd, 000137.117, 355.0
Trd, 000138.783, 354
Trd, 000139.133, 353
Trd, 000139.283, 353
Trd, 000139.383, 354
Trd, 000140.050, 354
Trd, 000140.100, 352
Trd, 000140.633, 355
Trd, 000140.933, 350
Trd, 000141.483, 348
Trd, 000141.917, 356
Trd, 000142.433, 348
Trd, 000143.417, 350
Trd, 000143.950, 355
Trd, 000143.967, 356
Trd, 000144.833, 357
Trd, 000145.050, 357
Trd, 000145.383, 356
Trd, 000146.517, 358
Trd, 000146.767, 355.0
Trd, 000147.350, 353
Trd, 000148.383, 357
Trd, 000148.550, 356
Trd, 000148.967, 355
Trd, 000149.200, 351
Trd, 000150.450, 357
Trd, 000151.383, 356
Trd, 000151.400, 355.0
Trd, 000152.017, 350
Trd, 000152.200, 349
Trd, 000153.133, 354
Trd, 000153.750, 354
Trd, 000154.133, 355
Trd, 000154.933, 353
Trd, 000155.850, 352
Trd, 000155.967, 353
Trd, 000156.350, 351
Trd, 000156.517, 355
Trd, 000157.317, 347
Trd, 000158.117, 344.0
Trd, 000158.517, 337
Trd, 000160.750, 344
Trd, 000160.950, 345
Trd, 000161.333, 346
Trd, 000161.567, 347
Trd, 000161.850, 346
Trd, 000162.017, 345
Trd, 000163.267, 347
Trd, 000163.767, 344
Trd, 000164.950, 345
Trd, 000166.150, 347
Trd, 000166.300, 347
Trd, 000166.567, 346
Trd, 000166.767, 346
Trd, 000166.817, 348
Trd, 000167.250, 348.0
Trd, 000167.283, 344
Trd, 000168.617, 347
Trd, 000168.850, 348
Trd, 000169.717, 349.0
Trd, 000170.550, 350
Trd, 000171.250, 357
Trd, 000171.683, 358
Trd, 000171.833, 358.0
Trd, 000172.333, 360
Trd, 000173.133, 354
Trd, 000175.283, 355.0
Trd, 000175.667, 351
Trd, 000176.000, 355
Trd, 000177.100, 353
Trd, 000177.550, 350
Trd, 000177.633, 351
Trd, 000177.867, 353
Trd, 000177.983, 347
Trd, 000178.283, 353
Trd, 000178.817, 347.0
Trd, 000180.033, 354
Trd, 000180.567, 348
Trd, 000181.667, 345
Trd, 000182.067, 344.0
Trd, 000183.450, 345
Trd, 000183.583, 331.0
Trd, 000183.800, 334
Trd, 000184.217, 311
Trd, 000184.283, 300
Trd, 000184.967, 200
Trd, 000185.333, 188
Trd, 000185.767, 184
Trd, 000185.783, 182
Trd, 000186.033, 181
Trd, 000186.200, 201
Trd, 000186.700, 185
Trd, 000187.033, 181
Trd, 000187.267, 180
Trd, 000188.083, 173
Trd, 000188.717, 180
Trd, 000189.200, 178
Trd, 000189.450, 178
Trd, 000189.967, 180
Trd, 000190.550, 178
Trd, 000190.717, 176
Trd, 000190.917, 178
Trd, 000191.767, 175
Trd, 000191.800, 174
Trd, 000192.000, 177
Trd, 000192.750, 170
Trd, 000193.000, 172
Trd, 000194.000, 173
Trd, 000194.233, 175
Trd, 000194.600, 171
Trd, 000195.900, 170
Trd, 000195.933, 176
Trd, 000197.300, 174
Trd, 000197.433, 169
Trd, 000197.550, 175
Trd, 000199.800, 173
Trd, 000199.900, 174
Trd, 000200.433, 172
Trd, 000200.450, 170
Trd, 000201.467, 169
Trd, 000202.250, 168
Trd, 000202.400, 171
Trd, 000202.750, 169
Trd, 000203.283, 171
Trd, 000204.017, 170
Trd, 000204.583, 169
Trd, 000204.900, 167
Trd, 000205.100, 166
Trd, 000205.400, 164
Trd, 000205.483, 156
Trd, 000205.650, 167
Trd, 000207.050, 169
Trd, 000207.667, 170
Trd, 000207.967, 170
Trd, 000208.250, 169
Trd, 000209.450, 170
Trd, 000209.750, 169
Trd, 000211.483, 170
Trd, 000211.767, 170
Trd, 000211.967, 169
Trd, 000212.033, 169
Trd, 000212.617, 169
Trd, 000213.000, 167
Trd, 000213.417, 179
Trd, 000213.850, 168
Trd, 000214.167, 175
Trd, 000214.317, 186
Trd, 000215.117, 188
Trd, 000216.717, 177
Trd, 000216.850, 177
Trd, 000217.100, 176
Trd, 000217.783, 176
Trd, 000218.167, 175
Trd, 000219.517, 178
Trd, 000219.800, 179
Trd, 000219.933, 178
Trd, 000220.200, 180
Trd, 000220.300, 180
Trd, 000220.750, 172
Trd, 000221.717, 178
Trd, 000222.083, 178
Trd, 000222.217, 178
Trd, 000222.233, 177
Trd, 000223.467, 162
Trd, 000223.683, 176
Trd, 000224.333, 175
Trd, 000225.367, 172
Trd, 000226.167, 172
Trd, 000226.950, 174
Trd, 000227.133, 175
Trd, 000227.983, 181
Trd, 000228.400, 174
Trd, 000228.433, 171
Trd, 000230.067, 177
Trd, 000230.083, 175
Trd, 000231.000, 178
Trd, 000231.867, 174
Trd, 000231.933, 178
Trd, 000232.183, 174
Trd, 000232.517, 179
Trd, 000233.433, 179
Trd, 000233.900, 179
Trd, 000234.333, 179
Trd, 000235.500, 178
Trd, 000235.583, 180
Trd, 000236.117, 180
Trd, 000236.383, 178
Trd, 000236.567, 180
Trd, 000237.450, 177
Trd, 000238.317, 167
Trd, 000239.250, 174
Trd, 000239.900, 180
Trd, 000240.333, 175
Trd, 000240.350, 176
Trd, 000240.583, 180
Trd, 000240.667, 181
Trd, 000240.733, 180
Trd, 000241.050, 180
Trd, 000241.317, 179
Trd, 000241.867, 175
Trd, 000242.167, 178
Trd, 000242.367, 177
Trd, 000242.550, 181
Trd, 000243.800, 179
Trd, 000244.083, 178
Trd, 000245.300, 180
Trd, 000245.550, 183
Trd, 000246.550, 184
Trd, 000247.250, 177
Trd, 000247.667, 179
Trd, 000247.950, 175
Trd, 000248.500, 174
Trd, 000248.600, 173
Trd, 000249.150, 173
Trd, 000249.300, 177
Trd, 000249.383, 180
Trd, 000250.017, 176
Trd, 000250.217, 180
Trd, 000250.883, 178
Trd, 000251.800, 182
Trd, 000252.067, 182
Trd, 000252.133, 181
Trd, 000252.267, 177
Trd, 000253.233, 179
Trd, 000253.267, 178
Trd, 000253.567, 178
Trd, 000254.000, 172
Trd, 000255.467, 176
Trd, 000255.617, 177
Trd, 000256.050, 176
Trd, 000256.267, 177
Trd, 000256.533, 175
Trd, 000257.067, 174
Trd, 000257.517, 174
Trd, 000257.617, 175
Trd, 000258.550, 175
Trd, 000258.700, 175
Trd, 000259.450, 191
Trd, 000259.800, 188
Trd, 000260.533, 183
Trd, 000260.767, 180
Trd, 000261.283, 181
Trd, 000261.500, 179
Trd, 000261.850, 178
Trd, 000262.467, 174
Trd, 000262.983, 180
Trd, 000263.467, 180
Trd, 000263.683, 178
Trd, 000264.050, 177
Trd, 000264.550, 178
Trd, 000265.533, 181
Trd, 000265.633, 178
Trd, 000265.750, 176
Trd, 000266.767, 173
Trd, 000267.133, 178
Trd, 000267.317, 174
Trd, 000267.433, 176
Trd, 000267.783, 172
Trd, 000268.450, 175
Trd, 000268.517, 171
Trd, 000268.717, 173
Trd, 000269.167, 175
Trd, 000269.700, 183
Trd, 000269.967, 183
Trd, 000270.183, 182
Trd, 000270.250, 176
Trd, 000271.083, 179
Trd, 000271.517, 178
Trd, 000271.717, 179
Trd, 000273.067, 185
Trd, 000273.333, 184
Trd, 000273.500, 183
Trd, 000274.333, 182
Trd, 000274.733, 177
Trd, 000274.900, 177
Trd, 000275.683, 182
Trd, 000275.833, 181
Trd, 000275.967, 180
Trd, 000276.050, 177
Trd, 000276.950, 180
Trd, 000277.783, 179
Trd, 000277.917, 179
Trd, 000277.967, 180
Trd, 000278.000, 181
Trd, 000278.100, 178
Trd, 000279.150, 164
Trd, 000279.167, 171
Trd, 000279.867, 168
Trd, 000280.100, 168
Trd, 000280.267, 162
Trd, 000280.783, 169
Trd, 000281.233, 169
Trd, 000281.433, 167
Trd, 000282.150, 172
Trd, 000282.467, 171
Trd, 000282.600, 176
Trd, 000282.900, 196
Trd, 000283.250, 203
Trd, 000283.533, 199
Trd, 000283.633, 180
Trd, 000284.100, 177
Trd, 000285.150, 177
Trd, 000285.167, 174
Trd, 000285.417, 175
Trd, 000285.983, 183
Trd, 000286.100, 184
Trd, 000286.400, 196
Trd, 000286.500, 173
Trd, 000287.333, 177
Trd, 000287.567, 183
Trd, 000287.633, 184
Trd, 000287.833, 179
Trd, 000287.967, 175
Trd, 000288.367, 178
Trd, 000289.433, 175
Trd, 000289.867, 173
Trd, 000290.267, 174
Trd, 000290.833, 173
Trd, 000291.867, 173
Trd, 000292.067, 172
Trd, 000292.217, 173
Trd, 000293.633, 172
Trd, 000294.217, 171
Trd, 000294.300, 165
Trd, 000294.883, 172
Trd, 000294.900, 173
Trd, 000295.200, 174
Trd, 000295.750, 173
Trd, 000295.833, 172
Trd, 000296.350, 173
Trd, 000296.550, 176
Trd, 000297.233, 174
Trd, 000297.617, 177
Trd, 000297.933, 174
Trd, 000298.517, 174
Trd, 000298.583, 173
Trd, 000299.017, 178
Trd, 000299.250, 178
Trd, 000299.417, 173
Trd, 000299.950, 174
