Trd, 000000.933, 168
Trd, 000001.950, 182
Trd, 000002.017, 173
Trd, 000003.183, 179
Trd, 000003.800, 174
Trd, 000003.867, 172
Trd, 000004.600, 155
Trd, 000004.783, 165
Trd, 000005.483, 154
Trd, 000005.583, 155
Trd, 000005.733, 153
Trd, 000006.917, 148
Trd, 000007.200, 146
Trd, 000007.567, 147
Trd, 000007.700, 149
Trd, 000007.783, 150
Trd, 000007.950, 152
Trd, 000008.267, 153
Trd, 000008.383, 141
Trd, 000009.850, 147
Trd, 000011.583, 138
Trd, 000012.400, 145
Trd, 000013.400, 146
Trd, 000013.467, 149
Trd, 000013.483, 152
Trd, 000013.550, 134
Trd, 000013.967, 154
Trd, 000013.983, 156
Trd, 000014.333, 151
Trd, 000015.300, 181
Trd, 000015.717, 158
Trd, 000015.733, 157
Trd, 000015.967, 159
Trd, 000018.017, 157
Trd, 000018.667, 150
Trd, 000018.683, 146
Trd, 000018.717, 157
Trd, 000019.617, 147
Trd, 000020.300, 146
Trd, 000020.367, 153
Trd, 000020.633, 153
Trd, 000021.200, 155
Trd, 000021.733, 154
Trd, 000022.650, 153
Trd, 000024.317, 154
Trd, 000024.567, 152
Trd, 000025.083, 150
Trd, 000025.400, 155
Trd, 000025.517, 138
Trd, 000025.633, 157
Trd, 000025.783, 149
Trd, 000025.883, 157
Trd, 000026.100, 155
Trd, 000026.383, 154
Trd, 000028.667, 156
Trd, 000028.733, 155
Trd, 000028.883, 156
Trd, 000029.683, 154
Trd, 000030.300, 154
Trd, 000030.783, 154
Trd, 000031.433, 152
Trd, 000033.000, 156
Trd, 000033.050, 156
Trd, 000034.283, 151
Trd, 000034.600, 151
Trd, 000035.017, 150
Trd, 000035.283, 152
Trd, 000035.983, 150
Trd, 000036.033, 148
Trd, 000036.567, 162
Trd, 000037.383, 182
Trd, 000037.400, 183
Trd, 000037.817, 155
Trd, 000038.483, 156
Trd, 000040.117, 157
Trd, 000040.483, 159
Trd, 000040.683, 155
Trd, 000041.783, 155
Trd, 000042.533, 154
Trd, 000042.833, 155
Trd, 000043.417, 155
Trd, 000044.083, 152
Trd, 000044.883, 153
Trd, 000045.217, 153
Trd, 000045.783, 154
Trd, 000046.717, 150
Trd, 000048.150, 147
Trd, 000048.267, 149
Trd, 000048.650, 149
Trd, 000049.233, 147
Trd, 000049.600, 141
Trd, 000049.933, 151
Trd, 000050.317, 153
Trd, 000050.733, 155
Trd, 000052.583, 147
Trd, 000052.633, 146
Trd, 000052.700, 153
Trd, 000053.367, 153
Trd, 000054.683, 147
Trd, 000054.850, 147
Trd, 000055.083, 148
Trd, 000055.117, 145
Trd, 000055.150, 144
Trd, 000055.517, 148
Trd, 000056.367, 144
Trd, 000056.467, 148
Trd, 000056.633, 149
Trd, 000057.150, 156
Trd, 000059.650, 152
Trd, 000060.100, 156
Trd, 000060.150, 156
Trd, 000060.317, 148
Trd, 000060.383, 145
Trd, 000060.733, 152
Trd, 000061.067, 142
Trd, 000061.550, 144
Trd, 000061.817, 154
Trd, 000062.800, 161
Trd, 000062.850, 144
Trd, 000063.233, 160
Trd, 000064.667, 147
Trd, 000064.900, 154
Trd, 000065.450, 156
Trd, 000066.983, 154
Trd, 000067.383, 155
Trd, 000067.767, 152
Trd, 000068.650, 152
Trd, 000068.817, 155
Trd, 000068.850, 151
Trd, 000069.200, 164
Trd, 000069.967, 144
Trd, 000071.367, 155
Trd, 000072.833, 155
Trd, 000073.417, 154
Trd, 000073.900, 155
Trd, 000074.033, 158
Trd, 000074.717, 153
Trd, 000075.350, 152
Trd, 000076.450, 158
Trd, 000076.650, 158
Trd, 000077.267, 153
Trd, 000078.067, 158
Trd, 000078.550, 152
Trd, 000079.533, 154
Trd, 000079.667, 155
Trd, 000079.783, 156
Trd, 000079.900, 157
Trd, 000080.917, 155
Trd, 000081.483, 154
Trd, 000081.817, 141
Trd, 000081.867, 156
Trd, 000083.383, 151
Trd, 000084.267, 153
Trd, 000084.500, 145
Trd, 000084.850, 163
Trd, 000084.983, 164
Trd, 000085.200, 156
Trd, 000086.183, 154
Trd, 000086.900, 154
Trd, 000087.467, 157
Trd, 000088.700, 155
Trd, 000089.000, 157
Trd, 000089.517, 158
Trd, 000089.683, 153
Trd, 000090.067, 158
Trd, 000090.700, 153
Trd, 000091.133, 153
Trd, 000093.183, 154
Trd, 000093.583, 155
Trd, 000093.950, 157
Trd, 000094.183, 160
Trd, 000094.300, 160
Trd, 000094.717, 157
Trd, 000094.783, 165
Trd, 000095.467, 154
Trd, 000097.017, 155
Trd, 000097.750, 142
Trd, 000097.850, 158
Trd, 000099.017, 151
Trd, 000100.417, 155
Trd, 000100.517, 154
Trd, 000100.833, 152
Trd, 000100.850, 155
Trd, 000100.883, 156
Trd, 000101.117, 156
Trd, 000101.467, 158
Trd, 000101.583, 161
Trd, 000102.683, 144
Trd, 000103.367, 142
Trd, 000104.600, 156
Trd, 000105.400, 157
Trd, 000105.450, 157
Trd, 000105.717, 158
Trd, 000105.833, 159
Trd, 000106.933, 154
Trd, 000108.050, 154
Trd, 000108.533, 158
Trd, 000109.333, 158
Trd, 000110.133, 156
Trd, 000110.683, 157
Trd, 000110.983, 159
Trd, 000111.717, 156
Trd, 000112.283, 160
Trd, 000113.800, 158
Trd, 000114.183, 159
Trd, 000114.467, 157
Trd, 000114.583, 158
Trd, 000114.600, 157
Trd, 000114.783, 157
Trd, 000114.800, 156
Trd, 000115.117, 159
Trd, 000115.317, 158
Trd, 000115.650, 158
Trd, 000115.833, 162
Trd, 000116.117, 166
Trd, 000116.650, 165
Trd, 000116.667, 145
Trd, 000117.167, 170
Trd, 000117.950, 152
Trd, 000118.183, 151
Trd, 000120.600, 159
Trd, 000120.783, 160
Trd, 000120.983, 161
Trd, 000121.817, 163
Trd, 000122.717, 167
Trd, 000122.817, 175
Trd, 000122.850, 194
Trd, 000123.083, 201
Trd, 000123.717, 339.0
Trd, 000123.967, 288
Trd, 000124.733, 331.0
Trd, 000125.200, 318
Trd, 000125.233, 341.0
Trd, 000125.983, 344.0
Trd, 000126.250, 335
Trd, 000127.933, 350.0
Trd, 000128.000, 347
Trd, 000128.867, 346.0
Trd, 000129.817, 341
Trd, 000129.900, 345
Trd, 000130.133, 348
Trd, 000130.450, 346
Trd, 000131.150, 341
Trd, 000131.467, 341
Trd, 000132.633, 335
Trd, 000132.733, 345
Trd, 000133.083, 333
Trd, 000133.633, 343
Trd, 000134.250, 348.0
Trd, 000135.017, 346
Trd, 000135.417, 333.0
Trd, 000135.850, 333
Trd, 000136.067, 344
Trd, 000136.117, 349.0
Trd, 000136.317, 328.0
Trd, 000137.350, 337
Trd, 000138.800, 343
Trd, 000139.733, 341
Trd, 000139.967, 342
Trd, 000140.383, 343
Trd, 000140.650, 340
Trd, 000140.717, 344.0
Trd, 000140.900, 348.0
Trd, 000141.267, 337
Trd, 000142.133, 349
Trd, 000142.517, 334
Trd, 000144.133, 346
Trd, 000144.500, 348.0
Trd, 000144.883, 335
Trd, 000145.117, 348
Trd, 000146.500, 350
Trd, 000147.017, 337
Trd, 000149.117, 347
Trd, 000149.333, 346
Trd, 000149.767, 347.0
Trd, 000150.233, 348.0
Trd, 000150.683, 342
Trd, 000151.167, 340
Trd, 000151.283, 349
Trd, 000154.050, 345
Trd, 000155.633, 342
Trd, 000155.833, 340
Trd, 000155.900, 344
Trd, 000155.967, 340
Trd, 000156.217, 345
Trd, 000156.467, 345
Trd, 000156.600, 348.0
Trd, 000157.783, 346
Trd, 000158.667, 344
Trd, 000159.267, 347
Trd, 000159.350, 347
Trd, 000159.583, 338
Trd, 000159.717, 338
Trd, 000160.017, 335
Trd, 000160.417, 336
Trd, 000160.850, 347.0
Trd, 000161.750, 348.0
Trd, 000163.700, 337
Trd, 000164.667, 343
Trd, 000165.417, 336
Trd, 000165.433, 341
Trd, 000165.767, 342
Trd, 000166.033, 344
Trd, 000166.200, 336
Trd, 000166.517, 335
Trd, 000167.200, 336
Trd, 000167.517, 336
Trd, 000167.967, 331.0
Trd, 000169.033, 341
Trd, 000170.000, 342
Trd, 000170.583, 336
Trd, 000170.817, 340
Trd, 000171.450, 343
Trd, 000172.033, 345
Trd, 000172.433, 348.0
Trd, 000173.633, 351.0
Trd, 000174.467, 344
Trd, 000174.600, 336
Trd, 000176.117, 338
Trd, 000176.650, 337
Trd, 000178.683, 338
Trd, 000179.183, 340
Trd, 000179.517, 341
Trd, 000179.683, 342
Trd, 000180.300, 340
Trd, 000180.550, 341
Trd, 000181.050, 344.0
Trd, 000181.300, 346
Trd, 000182.133, 336
Trd, 000182.800, 334
Trd, 000183.017, 333
Trd, 000183.050, 334
Trd, 000183.317, 331.0
Trd, 000183.550, 319
Trd, 000183.967, 313.0
Trd, 000184.150, 303.0
Trd, 000184.467, 282
Trd, 000184.783, 242
Trd, 000186.250, 206
Trd, 000187.133, 201
Trd, 000187.183, 198
Trd, 000187.967, 200
Trd, 000188.200, 194
Trd, 000188.350, 193
Trd, 000189.333, 191
Trd, 000189.500, 167
Trd, 000189.750, 185
Trd, 000189.783, 191
Trd, 000189.917, 165
Trd, 000190.067, 194
Trd, 000191.333, 170
Trd, 000191.733, 167
Trd, 000192.267, 161
Trd, 000192.833, 174
Trd, 000193.450, 169
Trd, 000193.617, 170
Trd, 000194.367, 174
Trd, 000195.150, 171
Trd, 000196.117, 170
Trd, 000196.350, 169
Trd, 000197.017, 169
Trd, 000197.217, 155
Trd, 000197.750, 168
Trd, 000197.783, 154
Trd, 000198.267, 153
Trd, 000198.667, 163
Trd, 000199.533, 176
Trd, 000201.400, 170
Trd, 000201.917, 173
Trd, 000202.550, 175
Trd, 000203.550, 177
Trd, 000204.250, 169
Trd, 000204.600, 174
Trd, 000206.200, 169
Trd, 000206.550, 168
Trd, 000206.567, 167
Trd, 000207.333, 169
Trd, 000208.017, 168
Trd, 000208.533, 170
Trd, 000209.233, 169
Trd, 000209.600, 170
Trd, 000209.617, 167
Trd, 000211.483, 171
Trd, 000212.267, 172
Trd, 000212.900, 170
Trd, 000213.650, 168
Trd, 000214.050, 160
Trd, 000214.167, 171
Trd, 000214.450, 159
Trd, 000214.483, 171
Trd, 000214.817, 173
Trd, 000215.167, 152
Trd, 000215.350, 142
Trd, 000216.500, 170
Trd, 000217.283, 172
Trd, 000217.383, 158
Trd, 000219.033, 172
Trd, 000219.417, 158
Trd, 000220.567, 166
Trd, 000221.217, 168
Trd, 000221.450, 162
Trd, 000222.867, 167
Trd, 000223.317, 163
Trd, 000223.600, 165
Trd, 000224.067, 167
Trd, 000224.150, 173
Trd, 000224.600, 162
Trd, 000224.967, 182
Trd, 000225.133, 153
Trd, 000226.133, 156
Trd, 000226.183, 178
Trd, 000226.833, 178
Trd, 000227.200, 178
Trd, 000227.550, 159
Trd, 000228.833, 171
Trd, 000229.183, 171
Trd, 000229.850, 168
Trd, 000230.283, 167
Trd, 000231.150, 167
Trd, 000231.733, 168
Trd, 000231.783, 167
Trd, 000232.150, 168
Trd, 000232.733, 174
Trd, 000233.817, 166
Trd, 000234.083, 170
Trd, 000235.133, 172
Trd, 000236.317, 173
Trd, 000237.167, 173
Trd, 000237.500, 174
Trd, 000237.633, 172
Trd, 000239.183, 173
Trd, 000239.700, 170
Trd, 000239.733, 169
Trd, 000240.750, 159
Trd, 000240.850, 161
Trd, 000241.083, 169
Trd, 000241.300, 166
Trd, 000241.600, 163
Trd, 000242.150, 165
Trd, 000242.583, 162
Trd, 000243.200, 162
Trd, 000243.217, 166
Trd, 000244.067, 164
Trd, 000244.683, 163
Trd, 000244.883, 162
Trd, 000245.367, 165
Trd, 000246.033, 167
Trd, 000246.833, 157
Trd, 000247.117, 159
Trd, 000248.800, 162
Trd, 000249.033, 162
Trd, 000249.067, 162
Trd, 000250.150, 163
Trd, 000250.583, 164
Trd, 000251.167, 169
Trd, 000251.267, 165
Trd, 000251.550, 170
Trd, 000251.667, 173
Trd, 000252.333, 175
Trd, 000252.383, 176
Trd, 000252.433, 165
Trd, 000253.533, 174
Trd, 000253.933, 168
Trd, 000254.117, 174
Trd, 000255.233, 169
Trd, 000255.400, 169
Trd, 000255.650, 167
Trd, 000256.017, 170
Trd, 000256.917, 167
Trd, 000257.467, 169
Trd, 000257.483, 173
Trd, 000257.800, 174
Trd, 000257.883, 180
Trd, 000258.283, 169
Trd, 000258.367, 179
Trd, 000258.583, 179
Trd, 000259.433, 175
Trd, 000260.117, 174
Trd, 000260.767, 173
Trd, 000261.633, 173
Trd, 000261.700, 174
Trd, 000261.950, 173
Trd, 000264.183, 174
Trd, 000264.350, 176
Trd, 000264.700, 173
Trd, 000264.900, 174
Trd, 000266.167, 177
Trd, 000266.250, 174
Trd, 000266.533, 176
Trd, 000266.733, 175
Trd, 000266.817, 177
Trd, 000266.900, 174
Trd, 000267.017, 174
Trd, 000267.050, 178
Trd, 000268.267, 173
Trd, 000268.517, 172
Trd, 000268.633, 171
Trd, 000269.067, 167
Trd, 000269.833, 164
Trd, 000270.000, 166
Trd, 000270.433, 168
Trd, 000270.533, 164
Trd, 000271.017, 165
Trd, 000271.583, 166
Trd, 000271.650, 163
Trd, 000272.067, 171
Trd, 000272.417, 178
Trd, 000273.617, 168
Trd, 000273.833, 174
Trd, 000274.167, 175
Trd, 000274.733, 182
Trd, 000275.300, 169
Trd, 000275.683, 167
Trd, 000276.017, 168
Trd, 000276.567, 175
Trd, 000276.883, 175
Trd, 000277.133, 167
Trd, 000277.983, 168
Trd, 000278.050, 170
Trd, 000278.200, 163
Trd, 000279.167, 171
Trd, 000279.200, 172
Trd, 000279.967, 170
Trd, 000280.200, 166
Trd, 000280.667, 165
Trd, 000280.717, 161
Trd, 000281.667, 166
Trd, 000282.200, 167
Trd, 000282.267, 171
Trd, 000282.500, 172
Trd, 000283.233, 168
Trd, 000283.450, 168
Trd, 000284.017, 168
Trd, 000285.300, 167
Trd, 000285.550, 169
Trd, 000285.883, 170
Trd, 000286.767, 170
Trd, 000287.133, 165
Trd, 000287.767, 166
Trd, 000287.983, 170
Trd, 000288.017, 171
Trd, 000288.283, 179
Trd, 000288.733, 186
Trd, 000289.017, 190
Trd, 000289.083, 168
Trd, 000289.167, 167
Trd, 000290.083, 180
Trd, 000290.267, 180
Trd, 000290.717, 170
Trd, 000291.433, 181
Trd, 000291.700, 172
Trd, 000291.783, 184
Trd, 000291.850, 187
Trd, 000291.917, 170
Trd, 000292.250, 182
Trd, 000292.350, 166
Trd, 000292.417, 162
Trd, 000293.867, 162
Trd, 000294.333, 160
Trd, 000294.350, 163
Trd, 000294.533, 166
Trd, 000294.850, 159
Trd, 000294.983, 163
Trd, 000296.000, 161
Trd, 000296.033, 170
Trd, 000296.150, 165
Trd, 000296.500, 180
Trd, 000296.717, 188
Trd, 000297.350, 167
Trd, 000297.433, 190
Trd, 000297.583, 188
Trd, 000298.250, 188
Trd, 000298.333, 198
Trd, 000298.933, 205
Trd, 000299.833, 161
Trd, 000299.950, 164
