Trd, 000001.517, 103
Trd, 000002.183, 141
Trd, 000003.333, 164
Trd, 000004.367, 138
Trd, 000004.900, 150
Trd, 000005.250, 151
Trd, 000005.500, 151
Trd, 000007.583, 154
Trd, 000008.417, 155
Trd, 000008.700, 154
Trd, 000009.083, 153
Trd, 000009.533, 152
Trd, 000009.917, 144
Trd, 000010.050, 152
Trd, 000010.700, 157
Trd, 000011.433, 154
Trd, 000011.833, 156
Trd, 000012.517, 154
Trd, 000013.783, 156
Trd, 000013.800, 157
Trd, 000014.533, 159
Trd, 000016.850, 163
Trd, 000017.450, 162
Trd, 000018.400, 163
Trd, 000019.200, 161
Trd, 000019.383, 162
Trd, 000019.450, 160
Trd, 000020.600, 166
Trd, 000021.483, 153
Trd, 000021.900, 168
Trd, 000022.567, 157
Trd, 000023.267, 155
Trd, 000023.283, 168
Trd, 000024.417, 167
Trd, 000026.683, 160
Trd, 000026.850, 159
Trd, 000027.000, 156
Trd, 000028.917, 158
Trd, 000029.017, 158
Trd, 000029.483, 159
Trd, 000030.500, 158
Trd, 000030.833, 158
Trd, 000031.917, 158
Trd, 000032.067, 157
Trd, 000032.117, 161
Trd, 000032.150, 154
Trd, 000032.300, 171
Trd, 000032.650, 151
Trd, 000032.850, 144
Trd, 000034.033, 158
Trd, 000034.900, 158
Trd, 000036.017, 155
Trd, 000036.633, 160
Trd, 000036.850, 161
Trd, 000038.333, 158
Trd, 000038.983, 169
Trd, 000039.183, 156
Trd, 000041.833, 162
Trd, 000042.250, 159
Trd, 000042.867, 159
Trd, 000044.083, 160
Trd, 000044.250, 158
Trd, 000044.583, 162
Trd, 000045.200, 159
Trd, 000045.533, 164
Trd, 000046.850, 161
Trd, 000047.850, 162
Trd, 000048.167, 163
Trd, 000048.433, 164
Trd, 000049.117, 171
Trd, 000049.300, 165
Trd, 000050.967, 163
Trd, 000051.033, 164
Trd, 000051.300, 159
Trd, 000052.517, 161
Trd, 000053.067, 163
Trd, 000054.517, 156
Trd, 000054.633, 160
Trd, 000055.133, 159
Trd, 000056.067, 160
Trd, 000056.150, 151
Trd, 000057.483, 161
Trd, 000058.033, 159
Trd, 000058.100, 158
Trd, 000058.450, 164
Trd, 000059.800, 169
Trd, 000060.017, 158
Trd, 000060.067, 154
Trd, 000060.850, 170
Trd, 000062.550, 167
Trd, 000062.617, 167
Trd, 000063.500, 167
Trd, 000064.317, 163
Trd, 000065.400, 162
Trd, 000065.417, 161
Trd, 000067.367, 160
Trd, 000067.933, 161
Trd, 000068.100, 163
Trd, 000068.550, 163
Trd, 000069.217, 162
Trd, 000069.683, 161
Trd, 000070.067, 157
Trd, 000070.917, 175
Trd, 000071.933, 176
Trd, 000072.117, 175
Trd, 000072.517, 158
Trd, 000073.100, 170
Trd, 000074.883, 165
Trd, 000076.917, 165
Trd, 000078.933, 159
Trd, 000079.300, 160
Trd, 000079.533, 162
Trd, 000079.783, 162
Trd, 000080.183, 159
Trd, 000080.733, 160
Trd, 000081.117, 163
Trd, 000081.783, 161
Trd, 000081.983, 162
Trd, 000082.183, 159
Trd, 000083.467, 157
Trd, 000084.317, 160
Trd, 000085.033, 157
Trd, 000085.133, 163
Trd, 000087.733, 161
Trd, 000087.817, 164
Trd, 000087.833, 160
Trd, 000087.867, 166
Trd, 000088.800, 157
Trd, 000090.183, 166
Trd, 000090.233, 160
Trd, 000091.800, 162
Trd, 000092.150, 157
Trd, 000092.600, 157
Trd, 000093.783, 163
Trd, 000095.283, 162
Trd, 000095.667, 162
Trd, 000097.617, 160
Trd, 000098.500, 159
Trd, 000099.083, 163
Trd, 000099.167, 161
Trd, 000100.017, 164
Trd, 000100.800, 165
Trd, 000101.633, 165
Trd, 000103.183, 163
Trd, 000103.717, 165
Trd, 000104.017, 167
Trd, 000104.400, 162
Trd, 000104.983, 168
Trd, 000106.283, 163
Trd, 000106.483, 163
Trd, 000106.933, 161
Trd, 000107.033, 158
Trd, 000107.183, 152
Trd, 000108.017, 163
Trd, 000109.533, 164
Trd, 000110.683, 166
Trd, 000112.850, 162
Trd, 000113.067, 160
Trd, 000113.733, 160
Trd, 000113.767, 162
Trd, 000114.683, 159
Trd, 000115.300, 162
Trd, 000115.783, 154
Trd, 000116.150, 155
Trd, 000116.633, 152
Trd, 000117.433, 165
Trd, 000118.117, 165
Trd, 000118.783, 166
Trd, 000119.433, 168
Trd, 000120.033, 166
Trd, 000120.900, 163
Trd, 000120.950, 166
Trd, 000121.200, 167
Trd, 000122.167, 180
Trd, 000122.183, 184
Trd, 000122.333, 198
Trd, 000122.600, 200
Trd, 000122.683, 201
Trd, 000123.133, 242
Trd, 000124.650, 303.0
Trd, 000124.717, 320.0
Trd, 000125.383, 323.0
Trd, 000125.950, 324.0
Trd, 000126.733, 342.0
Trd, 000127.817, 319
Trd, 000128.250, 334.0
Trd, 000129.967, 331.0
Trd, 000129.983, 333.0
Trd, 000130.283, 344.0
Trd, 000131.600, 356
Trd, 000132.750, 353.0
Trd, 000132.767, 356
Trd, 000133.950, 353.0
Trd, 000134.100, 351.0
Trd, 000134.183, 354
Trd, 000135.033, 352
Trd, 000135.233, 355
Trd, 000136.583, 354
Trd, 000137.050, 356
Trd, 000137.300, 354
Trd, 000138.500, 354
Trd, 000138.683, 351.0
Trd, 000139.900, 341.0
Trd, 000140.000, 347
Trd, 000140.450, 358
Trd, 000143.000, 348
Trd, 000143.100, 347
Trd, 000143.850, 353
Trd, 000144.283, 351.0
Trd, 000145.850, 349
Trd, 000145.983, 348
Trd, 000146.317, 348.0
Trd, 000148.833, 347
Trd, 000149.317, 346
Trd, 000149.867, 343
Trd, 000150.183, 344
Trd, 000150.833, 343.0
Trd, 000151.050, 356
Trd, 000151.417, 342
Trd, 000154.750, 351.0
Trd, 000155.500, 345
Trd, 000156.000, 349
Trd, 000156.417, 346
Trd, 000157.633, 345
Trd, 000157.700, 346
Trd, 000158.900, 352.0
Trd, 000159.133, 351.0
Trd, 000160.400, 350
Trd, 000160.917, 350
Trd, 000161.383, 349
Trd, 000163.000, 349
Trd, 000163.333, 350
Trd, 000163.767, 350
Trd, 000163.917, 348
Trd, 000165.300, 344
Trd, 000165.350, 348
Trd, 000166.617, 348
Trd, 000167.183, 342.0
Trd, 000167.783, 352
Trd, 000168.917, 343.0
Trd, 000169.050, 350
Trd, 000170.067, 355
Trd, 000171.683, 357
Trd, 000171.883, 344
Trd, 000172.267, 341
Trd, 000173.267, 354
Trd, 000174.017, 354
Trd, 000175.450, 346
Trd, 000175.567, 341.0
Trd, 000176.600, 351.0
Trd, 000177.900, 355
Trd, 000180.767, 350
Trd, 000181.383, 347
Trd, 000181.650, 348
Trd, 000181.717, 347
Trd, 000181.783, 348
Trd, 000181.817, 343
Trd, 000182.467, 348
Trd, 000182.600, 334.0
Trd, 000183.717, 319
Trd, 000184.117, 300.0
Trd, 000184.767, 207
Trd, 000185.000, 197
Trd, 000185.583, 186
Trd, 000186.550, 172
Trd, 000187.183, 173
Trd, 000187.933, 173
Trd, 000188.133, 173
Trd, 000188.650, 173
Trd, 000189.650, 172
Trd, 000190.750, 172
Trd, 000190.867, 170
Trd, 000192.367, 169
Trd, 000192.717, 170
Trd, 000193.083, 171
Trd, 000193.817, 172
Trd, 000193.833, 169
Trd, 000196.250, 174
Trd, 000196.500, 176
Trd, 000198.183, 175
Trd, 000198.617, 175
Trd, 000199.033, 175
Trd, 000200.550, 173
Trd, 000201.467, 171
Trd, 000202.250, 172
Trd, 000202.300, 174
Trd, 000202.667, 175
Trd, 000203.867, 172
Trd, 000204.000, 186
Trd, 000204.983, 173
Trd, 000207.667, 173
Trd, 000207.817, 172
Trd, 000207.867, 173
Trd, 000207.950, 192
Trd, 000209.400, 172
Trd, 000211.283, 176
Trd, 000211.567, 175
Trd, 000212.333, 173
Trd, 000213.383, 173
Trd, 000213.917, 174
Trd, 000215.533, 172
Trd, 000215.667, 173
Trd, 000215.933, 171
Trd, 000218.250, 174
Trd, 000218.700, 174
Trd, 000219.517, 174
Trd, 000220.683, 174
Trd, 000220.717, 175
Trd, 000221.067, 173
Trd, 000223.133, 171
Trd, 000223.317, 170
Trd, 000223.450, 177
Trd, 000223.733, 190
Trd, 000224.533, 177
Trd, 000225.600, 180
Trd, 000225.683, 183
Trd, 000225.933, 183
Trd, 000226.133, 177
Trd, 000227.317, 178
Trd, 000227.483, 173
Trd, 000227.517, 171
Trd, 000229.817, 177
Trd, 000231.067, 176
Trd, 000231.917, 174
Trd, 000231.983, 175
Trd, 000232.133, 177
Trd, 000233.983, 176
Trd, 000234.467, 174
Trd, 000234.883, 173
Trd, 000235.400, 175
Trd, 000235.717, 178
Trd, 000236.533, 177
Trd, 000238.750, 177
Trd, 000239.300, 175
Trd, 000239.433, 175
Trd, 000240.067, 176
Trd, 000240.150, 173
Trd, 000240.233, 175
Trd, 000240.450, 175
Trd, 000240.733, 174
Trd, 000241.117, 176
Trd, 000241.700, 173
Trd, 000242.417, 179
Trd, 000242.500, 172
Trd, 000242.700, 175
Trd, 000242.767, 172
Trd, 000243.250, 172
Trd, 000243.900, 175
Trd, 000244.333, 180
Trd, 000244.500, 181
Trd, 000245.317, 180
Trd, 000246.100, 177
Trd, 000247.050, 178
Trd, 000247.117, 176
Trd, 000247.367, 174
Trd, 000247.900, 174
Trd, 000248.467, 175
Trd, 000248.767, 172
Trd, 000249.033, 175
Trd, 000249.050, 176
Trd, 000249.750, 173
Trd, 000250.417, 172
Trd, 000251.633, 174
Trd, 000251.667, 175
Trd, 000252.200, 173
Trd, 000253.183, 180
Trd, 000253.883, 182
Trd, 000254.067, 180
Trd, 000254.400, 183
Trd, 000254.717, 197
Trd, 000255.083, 181
Trd, 000256.050, 190
Trd, 000256.300, 192
Trd, 000256.600, 189
Trd, 000256.667, 186
Trd, 000256.733, 185
Trd, 000256.783, 191
Trd, 000257.050, 186
Trd, 000257.117, 186
Trd, 000257.283, 182
Trd, 000257.450, 174
Trd, 000259.067, 183
Trd, 000259.200, 185
Trd, 000260.050, 183
Trd, 000260.467, 182
Trd, 000260.817, 181
Trd, 000260.833, 188
Trd, 000261.933, 178
Trd, 000261.950, 181
Trd, 000262.600, 179
Trd, 000262.733, 177
Trd, 000263.200, 177
Trd, 000263.367, 178
Trd, 000263.417, 176
Trd, 000263.950, 175
Trd, 000264.150, 174
Trd, 000265.017, 171
Trd, 000265.433, 174
Trd, 000265.583, 172
Trd, 000266.500, 170
Trd, 000266.967, 168
Trd, 000267.700, 173
Trd, 000268.383, 170
Trd, 000269.550, 182
Trd, 000269.717, 179
Trd, 000270.033, 178
Trd, 000270.417, 183
Trd, 000270.983, 181
Trd, 000271.017, 180
Trd, 000271.167, 175
Trd, 000271.950, 182
Trd, 000272.283, 176
Trd, 000272.467, 175
Trd, 000272.500, 176
Trd, 000272.600, 172
Trd, 000272.783, 178
Trd, 000273.483, 171
Trd, 000273.783, 164
Trd, 000274.033, 185
Trd, 000275.333, 186
Trd, 000275.383, 187
Trd, 000275.817, 184
Trd, 000276.083, 178
Trd, 000277.033, 172
Trd, 000278.833, 176
Trd, 000279.633, 174
Trd, 000279.767, 181
Trd, 000280.333, 177
Trd, 000280.933, 174
Trd, 000281.033, 172
Trd, 000281.333, 177
Trd, 000281.767, 186
Trd, 000281.983, 196
Trd, 000282.467, 179
Trd, 000282.483, 178
Trd, 000282.950, 170
Trd, 000283.183, 171
Trd, 000284.283, 179
Trd, 000284.333, 180
Trd, 000284.517, 174
Trd, 000285.483, 184
Trd, 000285.550, 183
Trd, 000286.267, 179
Trd, 000286.650, 169
Trd, 000287.817, 182
Trd, 000288.833, 184
Trd, 000289.217, 184
Trd, 000289.550, 179
Trd, 000289.600, 185
Trd, 000289.833, 178
Trd, 000289.883, 187
Trd, 000289.933, 196
Trd, 000290.150, 177
Trd, 000291.567, 174
Trd, 000291.650, 175
Trd, 000291.733, 170
Trd, 000292.067, 172
Trd, 000292.717, 183
Trd, 000292.733, 184
Trd, 000293.150, 180
Trd, 000293.183, 194
Trd, 000294.067, 206
Trd, 000294.133, 197
Trd, 000294.350, 190
Trd, 000294.617, 183
Trd, 000294.883, 173
Trd, 000295.150, 195
Trd, 000295.783, 183
Trd, 000296.200, 163
Trd, 000296.333, 160
Trd, 000296.383, 164
Trd, 000297.550, 192
Trd, 000298.000, 187
Trd, 000298.267, 178
Trd, 000298.433, 171
Trd, 000299.250, 187
Trd, 000299.333, 164
Trd, 000299.500, 161
Trd, 000299.683, 188
