Trd, 000001.200, 149
Trd, 000001.733, 148
Trd, 000002.000, 144
Trd, 000004.283, 153
Trd, 000004.483, 154
Trd, 000004.917, 152
Trd, 000005.283, 151
Trd, 000005.533, 150
Trd, 000005.867, 150
Trd, 000006.067, 151
Trd, 000006.183, 151
Trd, 000006.233, 155
Trd, 000007.783, 154
Trd, 000008.700, 150
Trd, 000009.317, 156
Trd, 000010.583, 154
Trd, 000011.433, 155
Trd, 000011.583, 154
Trd, 000011.767, 153
Trd, 000012.700, 154
Trd, 000013.017, 153
Trd, 000013.067, 154
Trd, 000013.683, 153
Trd, 000014.450, 153
Trd, 000014.850, 152
Trd, 000015.283, 153
Trd, 000015.500, 154
Trd, 000015.567, 155
Trd, 000015.767, 153
Trd, 000016.200, 154
Trd, 000016.950, 152
Trd, 000017.433, 155
Trd, 000018.117, 154
Trd, 000018.750, 154
Trd, 000019.350, 157
Trd, 000019.900, 155
Trd, 000020.550, 161
Trd, 000021.467, 160
Trd, 000021.817, 157
Trd, 000022.233, 158
Trd, 000022.400, 157
Trd, 000023.250, 162
Trd, 000023.383, 157
Trd, 000023.833, 158
Trd, 000024.517, 158
Trd, 000024.600, 157
Trd, 000025.400, 156
Trd, 000026.850, 156
Trd, 000026.900, 158
Trd, 000026.967, 158
Trd, 000028.050, 165
Trd, 000028.400, 162
Trd, 000029.083, 156
Trd, 000029.150, 154
Trd, 000029.800, 153
Trd, 000029.950, 159
Trd, 000031.083, 155
Trd, 000031.400, 154
Trd, 000032.033, 153
Trd, 000032.417, 158
Trd, 000032.650, 151
Trd, 000032.883, 154
Trd, 000034.267, 152
Trd, 000034.600, 153
Trd, 000034.717, 153
Trd, 000034.933, 156
Trd, 000036.017, 154
Trd, 000036.917, 156
Trd, 000037.833, 158
Trd, 000037.967, 157
Trd, 000038.283, 157
Trd, 000038.850, 157
Trd, 000039.250, 158
Trd, 000040.300, 156
Trd, 000040.617, 159
Trd, 000040.800, 156
Trd, 000042.200, 155
Trd, 000042.967, 154
Trd, 000043.317, 154
Trd, 000043.550, 155
Trd, 000043.783, 157
Trd, 000044.717, 156
Trd, 000044.767, 157
Trd, 000044.783, 152
Trd, 000045.267, 151
Trd, 000045.317, 145
Trd, 000045.867, 155
Trd, 000045.983, 159
Trd, 000047.017, 161
Trd, 000047.800, 161
Trd, 000048.683, 162
Trd, 000049.033, 160
Trd, 000049.417, 156
Trd, 000050.450, 160
Trd, 000050.700, 158
Trd, 000051.000, 157
Trd, 000051.950, 160
Trd, 000052.350, 158
Trd, 000052.717, 161
Trd, 000052.800, 162
Trd, 000053.117, 158
Trd, 000053.467, 156
Trd, 000054.633, 156
Trd, 000055.467, 158
Trd, 000055.800, 157
Trd, 000055.917, 156
Trd, 000056.467, 156
Trd, 000056.933, 154
Trd, 000057.867, 155
Trd, 000058.267, 154
Trd, 000058.333, 155
Trd, 000058.950, 158
Trd, 000059.000, 160
Trd, 000061.100, 159
Trd, 000061.133, 160
Trd, 000062.717, 157
Trd, 000062.850, 156
Trd, 000063.467, 158
Trd, 000063.533, 160
Trd, 000064.283, 155
Trd, 000064.483, 158
Trd, 000065.083, 155
Trd, 000065.200, 156
Trd, 000065.417, 155
Trd, 000065.717, 155
Trd, 000066.533, 154
Trd, 000066.767, 154
Trd, 000067.400, 155
Trd, 000067.750, 154
Trd, 000068.233, 153
Trd, 000068.867, 154
Trd, 000068.917, 156
Trd, 000068.933, 161
Trd, 000069.100, 149
Trd, 000069.567, 149
Trd, 000070.033, 148
Trd, 000070.750, 158
Trd, 000072.800, 154
Trd, 000072.833, 156
Trd, 000073.133, 154
Trd, 000073.383, 134
Trd, 000073.733, 155
Trd, 000074.200, 156
Trd, 000074.517, 157
Trd, 000075.033, 157
Trd, 000075.883, 151
Trd, 000076.533, 157
Trd, 000078.417, 157
Trd, 000078.567, 157
Trd, 000078.767, 158
Trd, 000079.383, 158
Trd, 000079.400, 157
Trd, 000079.567, 158
Trd, 000080.033, 162
Trd, 000080.933, 163
Trd, 000081.017, 160
Trd, 000081.450, 164
Trd, 000084.117, 166
Trd, 000084.633, 165
Trd, 000085.117, 164
Trd, 000085.283, 164
Trd, 000085.533, 163
Trd, 000085.800, 163
Trd, 000086.017, 162
Trd, 000086.733, 164
Trd, 000087.617, 164
Trd, 000088.350, 162
Trd, 000088.817, 164
Trd, 000089.117, 165
Trd, 000089.450, 166
Trd, 000089.533, 162
Trd, 000089.583, 161
Trd, 000090.983, 164
Trd, 000091.033, 163
Trd, 000091.067, 160
Trd, 000092.217, 163
Trd, 000093.083, 161
Trd, 000093.100, 163
Trd, 000093.183, 163
Trd, 000094.917, 161
Trd, 000095.133, 160
Trd, 000096.017, 160
Trd, 000096.133, 163
Trd, 000096.467, 164
Trd, 000096.633, 163
Trd, 000096.683, 162
Trd, 000097.767, 161
Trd, 000098.083, 150
Trd, 000098.150, 162
Trd, 000098.450, 164
Trd, 000098.833, 175
Trd, 000100.017, 171
Trd, 000100.367, 168
Trd, 000100.783, 169
Trd, 000101.517, 170
Trd, 000101.750, 169
Trd, 000101.867, 168
Trd, 000102.133, 166
Trd, 000103.133, 168
Trd, 000103.550, 162
Trd, 000103.617, 161
Trd, 000104.183, 168
Trd, 000105.617, 165
Trd, 000106.700, 164
Trd, 000106.867, 164
Trd, 000106.983, 167
Trd, 000107.383, 162
Trd, 000107.900, 162
Trd, 000108.667, 164
Trd, 000109.000, 163
Trd, 000109.650, 164
Trd, 000109.783, 164
Trd, 000109.850, 162
Trd, 000109.983, 166
Trd, 000110.317, 176
Trd, 000110.650, 171
Trd, 000111.833, 169
Trd, 000112.083, 175
Trd, 000113.617, 173
Trd, 000113.817, 170
Trd, 000113.867, 169
Trd, 000115.300, 168
Trd, 000115.517, 169
Trd, 000116.433, 168
Trd, 000117.750, 167
Trd, 000118.050, 167
Trd, 000118.400, 166
Trd, 000118.950, 162
Trd, 000119.283, 167
Trd, 000119.317, 169
Trd, 000120.150, 168
Trd, 000120.200, 173
Trd, 000120.333, 175
Trd, 000121.700, 171
Trd, 000122.017, 173
Trd, 000122.167, 177
Trd, 000122.183, 178
Trd, 000122.517, 201
Trd, 000122.567, 212
Trd, 000122.800, 263
Trd, 000122.900, 320.0
Trd, 000123.350, 292
Trd, 000123.383, 329
Trd, 000123.617, 333
Trd, 000123.650, 332
Trd, 000123.900, 341.0
Trd, 000124.783, 348.0
Trd, 000125.217, 354.0
Trd, 000125.400, 355.0
Trd, 000125.783, 346
Trd, 000125.850, 345
Trd, 000126.083, 326.0
Trd, 000128.450, 342.0
Trd, 000128.667, 343
Trd, 000128.750, 346
Trd, 000128.933, 348
Trd, 000129.300, 348
Trd, 000129.550, 341.0
Trd, 000130.383, 353.0
Trd, 000130.833, 355.0
Trd, 000131.167, 356
Trd, 000131.467, 356
Trd, 000131.683, 365.0
Trd, 000132.150, 349
Trd, 000134.500, 356
Trd, 000134.767, 353
Trd, 000135.283, 352.0
Trd, 000135.717, 351.0
Trd, 000135.750, 351
Trd, 000135.833, 351
Trd, 000136.650, 350
Trd, 000136.700, 349
Trd, 000137.150, 342
Trd, 000137.183, 342
Trd, 000137.483, 346
Trd, 000137.833, 347
Trd, 000139.033, 355.0
Trd, 000139.783, 352.0
Trd, 000140.067, 352
Trd, 000140.950, 361.0
Trd, 000141.667, 359.0
Trd, 000141.850, 360.0
Trd, 000142.800, 356.0
Trd, 000143.400, 356
Trd, 000144.433, 355
Trd, 000144.800, 355
Trd, 000145.000, 355
Trd, 000145.100, 355.0
Trd, 000145.250, 353
Trd, 000145.667, 351.0
Trd, 000146.983, 352
Trd, 000147.617, 350
Trd, 000148.267, 350
Trd, 000149.700, 349
Trd, 000150.250, 349
Trd, 000150.883, 348
Trd, 000151.333, 351
Trd, 000151.500, 349.0
Trd, 000152.000, 348.0
Trd, 000152.333, 347
Trd, 000152.483, 347
Trd, 000152.717, 348
Trd, 000153.567, 346
Trd, 000153.683, 348.0
Trd, 000153.883, 343.0
Trd, 000154.567, 346
Trd, 000154.583, 341.0
Trd, 000155.533, 347
Trd, 000156.483, 351
Trd, 000156.900, 350
Trd, 000157.150, 350.0
Trd, 000157.217, 351
Trd, 000157.233, 348.0
Trd, 000158.050, 350
Trd, 000158.583, 348
Trd, 000158.750, 349
Trd, 000159.667, 347
Trd, 000159.750, 352
Trd, 000160.333, 353
Trd, 000160.550, 355.0
Trd, 000161.400, 347
Trd, 000161.517, 346
Trd, 000162.583, 355
Trd, 000162.800, 355
Trd, 000163.367, 353
Trd, 000163.483, 355
Trd, 000164.000, 356
Trd, 000164.283, 351.0
Trd, 000165.133, 356
Trd, 000165.617, 356.0
Trd, 000166.083, 357.0
Trd, 000166.583, 356.0
Trd, 000168.000, 359
Trd, 000169.683, 356.0
Trd, 000170.233, 356
Trd, 000170.417, 355.0
Trd, 000170.667, 356
Trd, 000170.717, 349
Trd, 000171.433, 352
Trd, 000172.367, 350
Trd, 000172.467, 354
Trd, 000172.800, 348.0
Trd, 000173.083, 350
Trd, 000174.100, 347
Trd, 000174.383, 348.0
Trd, 000175.033, 347
Trd, 000175.067, 348.0
Trd, 000175.600, 346
Trd, 000176.183, 347
Trd, 000176.667, 347
Trd, 000177.867, 346
Trd, 000178.017, 347
Trd, 000178.467, 347
Trd, 000178.733, 346
Trd, 000179.083, 347
Trd, 000179.233, 345
Trd, 000179.767, 341
Trd, 000180.333, 347.0
Trd, 000180.733, 347.0
Trd, 000180.767, 348.0
Trd, 000181.467, 344
Trd, 000181.800, 341.0
Trd, 000181.817, 341
Trd, 000181.950, 339
Trd, 000182.800, 344
Trd, 000183.433, 320.0
Trd, 000184.133, 294
Trd, 000184.300, 242
Trd, 000184.533, 182
Trd, 000185.133, 197
Trd, 000186.483, 176
Trd, 000186.750, 169
Trd, 000188.217, 187
Trd, 000189.417, 179
Trd, 000189.750, 178
Trd, 000189.867, 186
Trd, 000189.883, 177
Trd, 000191.233, 178
Trd, 000191.383, 177
Trd, 000191.700, 178
Trd, 000192.017, 180
Trd, 000192.517, 181
Trd, 000192.683, 182
Trd, 000192.900, 180
Trd, 000194.117, 179
Trd, 000194.850, 177
Trd, 000195.167, 177
Trd, 000195.550, 176
Trd, 000195.967, 175
Trd, 000196.317, 170
Trd, 000197.533, 174
Trd, 000197.817, 175
Trd, 000198.567, 174
Trd, 000199.333, 174
Trd, 000199.383, 175
Trd, 000199.683, 169
Trd, 000200.550, 172
Trd, 000201.067, 174
Trd, 000201.617, 174
Trd, 000201.817, 173
Trd, 000203.217, 172
Trd, 000204.150, 172
Trd, 000204.350, 173
Trd, 000204.433, 174
Trd, 000204.933, 172
Trd, 000205.133, 175
Trd, 000205.733, 171
Trd, 000206.017, 175
Trd, 000207.283, 175
Trd, 000208.233, 172
Trd, 000208.433, 171
Trd, 000208.733, 171
Trd, 000208.983, 175
Trd, 000210.417, 170
Trd, 000211.267, 170
Trd, 000211.333, 169
Trd, 000211.650, 175
Trd, 000211.750, 170
Trd, 000211.767, 171
Trd, 000212.883, 171
Trd, 000212.933, 175
Trd, 000213.350, 176
Trd, 000213.850, 175
Trd, 000214.083, 173
Trd, 000214.167, 171
Trd, 000215.083, 178
Trd, 000215.733, 173
Trd, 000216.367, 174
Trd, 000218.000, 173
Trd, 000218.317, 173
Trd, 000218.517, 174
Trd, 000219.600, 175
Trd, 000220.000, 174
Trd, 000220.567, 174
Trd, 000221.067, 173
Trd, 000221.100, 172
Trd, 000221.150, 172
Trd, 000222.017, 172
Trd, 000222.517, 172
Trd, 000222.717, 173
Trd, 000223.150, 170
Trd, 000224.067, 174
Trd, 000224.167, 174
Trd, 000224.833, 177
Trd, 000225.333, 170
Trd, 000226.467, 177
Trd, 000227.133, 177
Trd, 000227.233, 178
Trd, 000228.000, 177
Trd, 000228.350, 176
Trd, 000228.417, 178
Trd, 000229.967, 175
Trd, 000232.150, 175
Trd, 000232.350, 174
Trd, 000232.467, 174
Trd, 000232.533, 174
Trd, 000234.133, 175
Trd, 000234.467, 178
Trd, 000234.633, 178
Trd, 000235.067, 174
Trd, 000235.800, 177
Trd, 000236.317, 178
Trd, 000236.483, 187
Trd, 000238.533, 179
Trd, 000238.567, 179
Trd, 000239.033, 178
Trd, 000239.317, 178
Trd, 000240.133, 177
Trd, 000240.917, 177
Trd, 000241.150, 179
Trd, 000241.400, 179
Trd, 000241.983, 178
Trd, 000242.367, 177
Trd, 000242.467, 175
Trd, 000242.567, 172
Trd, 000243.067, 171
Trd, 000243.300, 169
Trd, 000243.383, 168
Trd, 000243.900, 168
Trd, 000245.133, 169
Trd, 000245.417, 168
Trd, 000245.767, 169
Trd, 000245.800, 170
Trd, 000245.883, 166
Trd, 000245.983, 173
Trd, 000246.083, 166
Trd, 000246.650, 169
Trd, 000246.833, 174
Trd, 000247.100, 175
Trd, 000247.333, 173
Trd, 000247.733, 178
Trd, 000247.867, 179
Trd, 000248.650, 173
Trd, 000248.967, 172
Trd, 000249.433, 174
Trd, 000249.717, 172
Trd, 000250.733, 172
Trd, 000250.917, 170
Trd, 000250.933, 174
Trd, 000251.550, 177
Trd, 000251.667, 177
Trd, 000252.267, 174
Trd, 000252.300, 179
Trd, 000253.250, 180
Trd, 000253.733, 176
Trd, 000253.983, 178
Trd, 000254.633, 176
Trd, 000255.383, 177
Trd, 000255.833, 176
Trd, 000256.317, 177
Trd, 000256.567, 178
Trd, 000256.667, 179
Trd, 000256.767, 178
Trd, 000257.083, 176
Trd, 000258.350, 177
Trd, 000258.833, 174
Trd, 000259.017, 174
Trd, 000259.183, 171
Trd, 000260.100, 174
Trd, 000260.267, 173
Trd, 000261.200, 176
Trd, 000261.817, 173
Trd, 000262.250, 174
Trd, 000262.617, 171
Trd, 000262.817, 173
Trd, 000263.183, 172
Trd, 000263.333, 175
Trd, 000263.583, 170
Trd, 000263.767, 176
Trd, 000263.817, 174
Trd, 000264.250, 174
Trd, 000264.283, 176
Trd, 000265.800, 178
Trd, 000265.933, 176
Trd, 000265.950, 178
Trd, 000267.150, 181
Trd, 000267.667, 181
Trd, 000269.267, 178
Trd, 000269.583, 178
Trd, 000270.017, 179
Trd, 000270.217, 183
Trd, 000270.517, 182
Trd, 000271.133, 183
Trd, 000271.783, 178
Trd, 000272.033, 178
Trd, 000273.000, 179
Trd, 000273.367, 179
Trd, 000273.833, 177
Trd, 000274.150, 177
Trd, 000274.550, 175
Trd, 000275.517, 178
Trd, 000275.700, 174
Trd, 000275.750, 180
Trd, 000276.417, 173
Trd, 000276.467, 174
Trd, 000276.683, 173
Trd, 000276.967, 174
Trd, 000276.983, 174
Trd, 000277.200, 175
Trd, 000277.583, 174
Trd, 000277.617, 173
Trd, 000278.883, 173
Trd, 000279.117, 174
Trd, 000279.250, 175
Trd, 000279.650, 182
Trd, 000279.917, 183
Trd, 000281.050, 173
Trd, 000281.433, 176
Trd, 000281.667, 176
Trd, 000281.733, 175
Trd, 000282.033, 177
Trd, 000282.367, 174
Trd, 000282.750, 184
Trd, 000282.867, 186
Trd, 000283.067, 184
Trd, 000283.750, 183
Trd, 000284.150, 177
Trd, 000285.300, 180
Trd, 000286.517, 177
Trd, 000286.750, 177
Trd, 000287.467, 177
Trd, 000287.750, 175
Trd, 000288.117, 178
Trd, 000288.633, 182
Trd, 000288.733, 183
Trd, 000289.483, 184
Trd, 000290.133, 187
Trd, 000290.717, 185
Trd, 000291.050, 182
Trd, 000291.400, 183
Trd, 000292.533, 180
Trd, 000292.717, 181
Trd, 000293.250, 180
Trd, 000293.533, 181
Trd, 000293.933, 181
Trd, 000294.050, 182
Trd, 000294.233, 182
Trd, 000294.933, 183
Trd, 000295.550, 180
Trd, 000295.667, 180
Trd, 000295.783, 188
Trd, 000295.933, 179
Trd, 000296.083, 178
Trd, 000296.533, 177
Trd, 000296.917, 189
Trd, 000298.433, 176
Trd, 000299.250, 180
Trd, 000299.617, 181
Trd, 000299.633, 174
