Trd, 000001.283, 127
Trd, 000002.167, 131
Trd, 000003.433, 131
Trd, 000004.733, 134
Trd, 000004.817, 137
Trd, 000005.033, 132
Trd, 000005.683, 143
Trd, 000006.250, 147
Trd, 000006.967, 148
Trd, 000008.383, 138
Trd, 000008.550, 149
Trd, 000009.150, 139
Trd, 000009.800, 139
Trd, 000010.117, 140
Trd, 000010.350, 142
Trd, 000010.650, 138
Trd, 000012.567, 139
Trd, 000012.600, 140
Trd, 000012.950, 139
Trd, 000013.050, 156
Trd, 000013.350, 136
Trd, 000014.050, 163
Trd, 000015.367, 136
Trd, 000015.717, 138
Trd, 000016.383, 137
Trd, 000016.617, 144
Trd, 000017.683, 137
Trd, 000018.250, 138
Trd, 000018.833, 138
Trd, 000019.033, 138
Trd, 000019.617, 139
Trd, 000021.150, 137
Trd, 000022.900, 150
Trd, 000023.533, 144
Trd, 000023.983, 142
Trd, 000024.450, 142
Trd, 000025.167, 141
Trd, 000025.800, 141
Trd, 000026.183, 140
Trd, 000026.533, 140
Trd, 000026.767, 142
Trd, 000027.217, 142
Trd, 000027.267, 143
Trd, 000028.133, 166
Trd, 000028.567, 145
Trd, 000028.933, 168
Trd, 000029.267, 147
Trd, 000030.017, 154
Trd, 000030.317, 159
Trd, 000030.550, 160
Trd, 000030.950, 168
Trd, 000031.367, 157
Trd, 000032.067, 140
Trd, 000033.217, 151
Trd, 000033.917, 150
Trd, 000034.100, 151
Trd, 000034.183, 149
Trd, 000034.483, 138
Trd, 000034.767, 148
Trd, 000036.500, 139
Trd, 000037.083, 147
Trd, 000038.083, 141
Trd, 000039.000, 141
Trd, 000039.117, 142
Trd, 000039.217, 140
Trd, 000039.283, 145
Trd, 000039.333, 152
Trd, 000039.750, 159
Trd, 000040.133, 156
Trd, 000041.767, 159
Trd, 000041.817, 167
Trd, 000041.983, 138
Trd, 000042.033, 137
Trd, 000042.567, 153
Trd, 000044.083, 156
Trd, 000044.650, 159
Trd, 000044.767, 158
Trd, 000045.067, 154
Trd, 000045.167, 151
Trd, 000046.383, 159
Trd, 000046.950, 161
Trd, 000047.867, 159
Trd, 000047.933, 153
Trd, 000048.767, 159
Trd, 000049.083, 143
Trd, 000050.017, 154
Trd, 000050.133, 149
Trd, 000050.617, 155
Trd, 000052.167, 150
Trd, 000052.967, 149
Trd, 000053.483, 147
Trd, 000054.767, 147
Trd, 000054.983, 148
Trd, 000055.183, 145
Trd, 000055.317, 153
Trd, 000055.867, 142
Trd, 000056.083, 149
Trd, 000056.433, 157
Trd, 000056.983, 141
Trd, 000058.033, 140
Trd, 000058.117, 144
Trd, 000058.533, 144
Trd, 000059.217, 141
Trd, 000059.900, 143
Trd, 000060.067, 144
Trd, 000060.650, 141
Trd, 000060.733, 141
Trd, 000061.367, 140
Trd, 000061.500, 134
Trd, 000061.650, 141
Trd, 000062.067, 142
Trd, 000063.133, 142
Trd, 000063.667, 143
Trd, 000064.433, 147
Trd, 000065.133, 143
Trd, 000065.600, 154
Trd, 000067.433, 144
Trd, 000067.833, 144
Trd, 000067.933, 143
Trd, 000068.567, 153
Trd, 000069.833, 153
Trd, 000070.050, 159
Trd, 000070.467, 162
Trd, 000070.600, 160
Trd, 000071.817, 170
Trd, 000072.217, 154
Trd, 000073.033, 155
Trd, 000073.233, 156
Trd, 000074.383, 159
Trd, 000074.733, 161
Trd, 000075.283, 161
Trd, 000075.750, 157
Trd, 000076.867, 155
Trd, 000077.150, 161
Trd, 000078.350, 159
Trd, 000078.483, 160
Trd, 000079.117, 159
Trd, 000080.100, 159
Trd, 000080.667, 158
Trd, 000080.883, 161
Trd, 000081.217, 163
Trd, 000081.517, 172
Trd, 000081.750, 155
Trd, 000083.733, 164
Trd, 000083.900, 158
Trd, 000084.533, 157
Trd, 000084.833, 155
Trd, 000088.683, 146
Trd, 000088.783, 146
Trd, 000089.117, 150
Trd, 000089.417, 151
Trd, 000090.533, 151
Trd, 000090.850, 152
Trd, 000090.933, 150
Trd, 000091.000, 153
Trd, 000091.367, 164
Trd, 000091.633, 173
Trd, 000092.617, 156
Trd, 000093.100, 153
Trd, 000093.250, 150
Trd, 000093.767, 154
Trd, 000094.133, 155
Trd, 000094.250, 151
Trd, 000094.900, 144
Trd, 000096.033, 155
Trd, 000096.517, 144
Trd, 000097.367, 165
Trd, 000097.800, 160
Trd, 000098.517, 159
Trd, 000099.250, 146
Trd, 000099.800, 143
Trd, 000100.250, 144
Trd, 000100.733, 146
Trd, 000101.100, 147
Trd, 000101.150, 150
Trd, 000102.067, 173
Trd, 000102.500, 172
Trd, 000102.567, 158
Trd, 000102.950, 180
Trd, 000103.700, 147
Trd, 000104.150, 159
Trd, 000104.250, 162
Trd, 000106.050, 159
Trd, 000106.683, 158
Trd, 000107.717, 153
Trd, 000108.767, 148
Trd, 000109.017, 148
Trd, 000110.267, 153
Trd, 000110.550, 155
Trd, 000111.750, 147
Trd, 000111.967, 145
Trd, 000112.567, 144
Trd, 000113.767, 145
Trd, 000114.300, 143
Trd, 000114.350, 142
Trd, 000114.867, 147
Trd, 000114.983, 145
Trd, 000115.200, 148
Trd, 000115.617, 154
Trd, 000116.000, 159
Trd, 000117.133, 155
Trd, 000118.067, 166
Trd, 000118.967, 161
Trd, 000119.450, 165
Trd, 000119.783, 162
Trd, 000119.967, 158
Trd, 000120.117, 163
Trd, 000120.383, 165
Trd, 000120.733, 158
Trd, 000121.017, 158
Trd, 000121.450, 161
Trd, 000121.617, 177
Trd, 000122.233, 185
Trd, 000122.300, 187
Trd, 000122.567, 167
Trd, 000123.300, 198
Trd, 000123.550, 267
Trd, 000124.200, 284
Trd, 000124.250, 303.0
Trd, 000125.033, 289
Trd, 000125.700, 313.0
Trd, 000126.550, 318
Trd, 000126.583, 312
Trd, 000127.150, 329.0
Trd, 000127.300, 331.0
Trd, 000127.533, 337.0
Trd, 000127.617, 345
Trd, 000128.167, 344
Trd, 000129.333, 341
Trd, 000129.417, 342
Trd, 000130.283, 342
Trd, 000130.883, 334.0
Trd, 000131.967, 340
Trd, 000132.367, 331
Trd, 000133.000, 335.0
Trd, 000135.800, 336.0
Trd, 000135.883, 337.0
Trd, 000135.917, 334.0
Trd, 000136.650, 335
Trd, 000137.050, 337
Trd, 000138.233, 335
Trd, 000138.767, 333
Trd, 000139.650, 333
Trd, 000139.900, 332
Trd, 000140.033, 337.0
Trd, 000140.067, 355.0
Trd, 000140.867, 362.0
Trd, 000140.883, 365.0
Trd, 000140.933, 355
Trd, 000141.217, 348
Trd, 000142.200, 350
Trd, 000143.450, 349
Trd, 000144.283, 349
Trd, 000144.667, 349
Trd, 000145.850, 346
Trd, 000146.450, 344
Trd, 000146.483, 345
Trd, 000146.950, 344
Trd, 000147.333, 334.0
Trd, 000148.150, 336.0
Trd, 000148.783, 337.0
Trd, 000149.950, 342
Trd, 000150.133, 343
Trd, 000150.283, 349
Trd, 000150.500, 331
Trd, 000151.383, 355.0
Trd, 000152.450, 340
Trd, 000152.950, 336.0
Trd, 000153.133, 335.0
Trd, 000153.550, 334.0
Trd, 000153.967, 332
Trd, 000154.683, 337.0
Trd, 000155.167, 334
Trd, 000155.550, 345
Trd, 000155.817, 347
Trd, 000156.633, 343
Trd, 000158.083, 343
Trd, 000158.567, 343
Trd, 000158.850, 342
Trd, 000159.450, 340
Trd, 000159.750, 345
Trd, 000159.767, 335
Trd, 000160.667, 347
Trd, 000161.933, 334.0
Trd, 000162.350, 345
Trd, 000162.733, 331.0
Trd, 000162.917, 324.0
Trd, 000163.150, 337.0
Trd, 000163.467, 340
Trd, 000163.617, 341
Trd, 000165.333, 338
Trd, 000165.383, 340
Trd, 000165.950, 342
Trd, 000166.850, 335.0
Trd, 000167.517, 337.0
Trd, 000167.850, 341
Trd, 000168.017, 344
Trd, 000168.100, 354.0
Trd, 000169.200, 336.0
Trd, 000169.850, 337.0
Trd, 000170.217, 334
Trd, 000170.500, 341
Trd, 000173.417, 334.0
Trd, 000174.633, 334
Trd, 000174.700, 333
Trd, 000174.767, 335
Trd, 000175.483, 336
Trd, 000176.817, 336
Trd, 000176.850, 337.0
Trd, 000177.583, 331.0
Trd, 000177.883, 337
Trd, 000179.083, 339
Trd, 000179.317, 337
Trd, 000180.317, 338
Trd, 000180.350, 337
Trd, 000180.433, 339
Trd, 000180.483, 340
Trd, 000181.667, 341
Trd, 000181.900, 334.0
Trd, 000182.200, 342
Trd, 000182.417, 331.0
Trd, 000183.300, 330
Trd, 000183.417, 327.0
Trd, 000184.400, 214
Trd, 000185.300, 218
Trd, 000185.600, 196
Trd, 000185.800, 162
Trd, 000186.067, 161
Trd, 000187.583, 181
Trd, 000187.767, 159
Trd, 000188.350, 173
Trd, 000188.367, 174
Trd, 000189.183, 163
Trd, 000189.883, 161
Trd, 000190.433, 165
Trd, 000191.233, 166
Trd, 000191.617, 166
Trd, 000192.467, 167
Trd, 000192.983, 167
Trd, 000193.300, 173
Trd, 000193.383, 166
Trd, 000194.033, 174
Trd, 000196.167, 171
Trd, 000196.450, 170
Trd, 000196.633, 170
Trd, 000196.867, 169
Trd, 000197.400, 166
Trd, 000197.717, 167
Trd, 000198.667, 168
Trd, 000198.983, 169
Trd, 000200.467, 168
Trd, 000200.600, 167
Trd, 000200.667, 160
Trd, 000201.933, 164
Trd, 000202.467, 165
Trd, 000203.050, 163
Trd, 000204.050, 163
Trd, 000204.183, 164
Trd, 000204.217, 168
Trd, 000205.900, 159
Trd, 000206.500, 155
Trd, 000206.933, 156
Trd, 000207.083, 157
Trd, 000207.233, 157
Trd, 000207.250, 162
Trd, 000208.317, 158
Trd, 000209.000, 169
Trd, 000209.067, 175
Trd, 000209.600, 160
Trd, 000210.150, 172
Trd, 000210.500, 165
Trd, 000210.883, 171
Trd, 000211.117, 171
Trd, 000211.467, 186
Trd, 000211.617, 169
Trd, 000212.950, 188
Trd, 000213.817, 183
Trd, 000214.267, 173
Trd, 000216.133, 172
Trd, 000216.200, 174
Trd, 000216.850, 169
Trd, 000217.883, 172
Trd, 000218.217, 170
Trd, 000218.700, 169
Trd, 000218.783, 156
Trd, 000220.800, 157
Trd, 000220.817, 158
Trd, 000221.500, 159
Trd, 000221.650, 164
Trd, 000222.083, 161
Trd, 000222.250, 170
Trd, 000222.867, 163
Trd, 000223.433, 167
Trd, 000223.633, 164
Trd, 000224.867, 169
Trd, 000225.033, 177
Trd, 000225.150, 156
Trd, 000226.200, 185
Trd, 000226.633, 184
Trd, 000226.983, 153
Trd, 000228.467, 168
Trd, 000229.000, 167
Trd, 000229.667, 170
Trd, 000230.317, 168
Trd, 000230.567, 168
Trd, 000230.617, 168
Trd, 000230.633, 170
Trd, 000231.333, 170
Trd, 000232.050, 158
Trd, 000232.100, 160
Trd, 000235.100, 163
Trd, 000235.650, 163
Trd, 000235.717, 163
Trd, 000235.983, 164
Trd, 000236.133, 162
Trd, 000236.600, 171
Trd, 000237.467, 169
Trd, 000238.183, 163
Trd, 000238.233, 177
Trd, 000238.683, 165
Trd, 000239.150, 178
Trd, 000240.267, 164
Trd, 000240.417, 168
Trd, 000241.567, 163
Trd, 000242.033, 162
Trd, 000242.050, 163
Trd, 000242.083, 163
Trd, 000242.117, 164
Trd, 000242.217, 168
Trd, 000242.517, 171
Trd, 000242.950, 169
Trd, 000243.150, 171
Trd, 000243.450, 167
Trd, 000243.967, 172
Trd, 000244.867, 171
Trd, 000245.450, 172
Trd, 000245.600, 172
Trd, 000246.067, 173
Trd, 000246.650, 174
Trd, 000246.833, 174
Trd, 000247.733, 175
Trd, 000248.050, 174
Trd, 000248.817, 161
Trd, 000249.017, 162
Trd, 000249.083, 169
Trd, 000249.100, 176
Trd, 000250.417, 178
Trd, 000250.433, 177
Trd, 000250.750, 168
Trd, 000251.333, 168
Trd, 000251.617, 172
Trd, 000251.800, 175
Trd, 000252.083, 180
Trd, 000252.633, 191
Trd, 000253.117, 184
Trd, 000255.100, 180
Trd, 000255.117, 179
Trd, 000255.167, 178
Trd, 000255.333, 168
Trd, 000256.333, 176
Trd, 000256.467, 172
Trd, 000256.633, 176
Trd, 000257.100, 173
Trd, 000257.350, 175
Trd, 000258.117, 175
Trd, 000258.217, 166
Trd, 000258.817, 176
Trd, 000258.850, 176
Trd, 000259.667, 176
Trd, 000260.167, 180
Trd, 000260.467, 179
Trd, 000260.800, 177
Trd, 000260.950, 181
Trd, 000262.017, 168
Trd, 000263.183, 175
Trd, 000263.550, 172
Trd, 000263.650, 174
Trd, 000263.983, 172
Trd, 000264.067, 171
Trd, 000264.167, 173
Trd, 000264.750, 175
Trd, 000265.250, 175
Trd, 000266.300, 175
Trd, 000266.400, 171
Trd, 000268.183, 171
Trd, 000268.200, 173
Trd, 000268.433, 172
Trd, 000269.617, 172
Trd, 000270.033, 169
Trd, 000270.633, 169
Trd, 000270.900, 162
Trd, 000271.133, 171
Trd, 000271.667, 165
Trd, 000271.700, 166
Trd, 000271.833, 169
Trd, 000272.117, 155
Trd, 000272.633, 170
Trd, 000273.200, 175
Trd, 000273.267, 178
Trd, 000273.933, 176
Trd, 000274.817, 180
Trd, 000275.167, 176
Trd, 000275.833, 178
Trd, 000275.917, 168
Trd, 000276.583, 174
Trd, 000277.033, 173
Trd, 000277.150, 173
Trd, 000277.400, 173
Trd, 000277.850, 179
Trd, 000278.733, 162
Trd, 000279.417, 177
Trd, 000279.517, 177
Trd, 000279.550, 181
Trd, 000279.883, 185
Trd, 000281.000, 191
Trd, 000281.167, 180
Trd, 000281.333, 173
Trd, 000281.717, 178
Trd, 000281.917, 179
Trd, 000282.433, 176
Trd, 000282.483, 174
Trd, 000283.400, 172
Trd, 000283.533, 175
Trd, 000283.933, 174
Trd, 000284.117, 175
Trd, 000285.000, 175
Trd, 000285.050, 171
Trd, 000285.067, 169
Trd, 000285.600, 165
Trd, 000286.200, 170
Trd, 000286.483, 174
Trd, 000286.817, 178
Trd, 000286.983, 180
Trd, 000288.567, 179
Trd, 000288.900, 180
Trd, 000289.133, 175
Trd, 000289.867, 180
Trd, 000290.183, 178
Trd, 000290.233, 184
Trd, 000291.000, 182
Trd, 000291.083, 173
Trd, 000291.600, 187
Trd, 000292.483, 171
Trd, 000292.883, 171
Trd, 000293.733, 170
Trd, 000293.867, 170
Trd, 000294.183, 172
Trd, 000294.317, 173
Trd, 000294.667, 178
Trd, 000295.017, 170
Trd, 000295.217, 179
Trd, 000295.450, 184
Trd, 000296.217, 163
Trd, 000296.517, 177
Trd, 000297.367, 176
Trd, 000297.817, 174
Trd, 000297.983, 175
Trd, 000298.033, 169
Trd, 000298.300, 175
Trd, 000298.783, 175
Trd, 000298.950, 175
Trd, 000299.650, 178
Trd, 000299.883, 181
