Trd, 000002.000, 137
Trd, 000003.233, 155
Trd, 000003.450, 145
Trd, 000004.167, 176
Trd, 000004.433, 165
Trd, 000004.883, 142
Trd, 000004.967, 143
Trd, 000005.267, 140
Trd, 000005.433, 139
Trd, 000005.900, 148
Trd, 000006.650, 147
Trd, 000007.083, 143
Trd, 000007.867, 140
Trd, 000008.217, 137
Trd, 000008.833, 159
Trd, 000009.067, 152
Trd, 000009.317, 151
Trd, 000009.583, 147
Trd, 000009.983, 149
Trd, 000010.133, 165
Trd, 000011.200, 157
Trd, 000011.417, 156
Trd, 000011.550, 166
Trd, 000011.900, 139
Trd, 000013.467, 173
Trd, 000014.967, 160
Trd, 000015.200, 148
Trd, 000016.233, 158
Trd, 000016.667, 157
Trd, 000016.800, 160
Trd, 000017.083, 158
Trd, 000017.467, 159
Trd, 000017.550, 158
Trd, 000017.600, 157
Trd, 000018.000, 159
Trd, 000018.617, 160
Trd, 000018.667, 149
Trd, 000019.617, 139
Trd, 000020.383, 148
Trd, 000021.133, 150
Trd, 000022.483, 148
Trd, 000022.517, 145
Trd, 000023.000, 148
Trd, 000023.633, 141
Trd, 000024.333, 149
Trd, 000025.267, 147
Trd, 000025.450, 144
Trd, 000026.133, 145
Trd, 000027.050, 150
Trd, 000027.833, 140
Trd, 000028.633, 139
Trd, 000028.850, 152
Trd, 000028.950, 154
Trd, 000029.117, 140
Trd, 000029.383, 135
Trd, 000029.933, 127
Trd, 000030.600, 148
Trd, 000030.667, 153
Trd, 000031.433, 142
Trd, 000031.467, 144
Trd, 000031.667, 146
Trd, 000031.700, 168
Trd, 000032.083, 141
Trd, 000032.500, 151
Trd, 000033.100, 152
Trd, 000033.533, 154
Trd, 000034.017, 150
Trd, 000034.300, 149
Trd, 000035.567, 168
Trd, 000035.850, 148
Trd, 000036.583, 151
Trd, 000036.750, 152
Trd, 000037.417, 141
Trd, 000037.883, 164
Trd, 000039.450, 159
Trd, 000039.783, 157
Trd, 000040.550, 155
Trd, 000041.000, 164
Trd, 000041.100, 159
Trd, 000041.150, 165
Trd, 000041.233, 166
Trd, 000041.783, 151
Trd, 000044.100, 155
Trd, 000044.533, 153
Trd, 000045.350, 157
Trd, 000045.533, 164
Trd, 000046.583, 159
Trd, 000046.783, 160
Trd, 000046.883, 155
Trd, 000046.950, 160
Trd, 000047.183, 151
Trd, 000048.583, 153
Trd, 000049.383, 151
Trd, 000049.883, 152
Trd, 000050.317, 156
Trd, 000050.733, 170
Trd, 000050.767, 153
Trd, 000051.567, 172
Trd, 000051.617, 171
Trd, 000051.667, 142
Trd, 000051.867, 173
Trd, 000052.867, 160
Trd, 000053.767, 158
Trd, 000054.550, 158
Trd, 000054.667, 166
Trd, 000054.683, 157
Trd, 000054.950, 157
Trd, 000055.200, 168
Trd, 000056.800, 169
Trd, 000057.600, 167
Trd, 000058.133, 165
Trd, 000058.383, 166
Trd, 000058.767, 171
Trd, 000058.783, 164
Trd, 000058.917, 161
Trd, 000059.350, 171
Trd, 000059.750, 153
Trd, 000061.883, 156
Trd, 000062.033, 143
Trd, 000062.517, 149
Trd, 000062.550, 153
Trd, 000063.167, 154
Trd, 000063.417, 157
Trd, 000063.767, 160
Trd, 000063.783, 149
Trd, 000064.133, 148
Trd, 000065.500, 156
Trd, 000065.600, 160
Trd, 000066.650, 150
Trd, 000067.050, 155
Trd, 000067.600, 154
Trd, 000067.650, 156
Trd, 000067.883, 158
Trd, 000068.100, 161
Trd, 000070.033, 155
Trd, 000071.367, 156
Trd, 000072.217, 157
Trd, 000072.433, 157
Trd, 000072.733, 172
Trd, 000073.050, 156
Trd, 000073.183, 158
Trd, 000074.533, 172
Trd, 000074.883, 162
Trd, 000075.217, 161
Trd, 000075.300, 158
Trd, 000075.633, 165
Trd, 000077.167, 175
Trd, 000077.950, 176
Trd, 000078.367, 174
Trd, 000078.917, 176
Trd, 000079.767, 173
Trd, 000079.967, 174
Trd, 000080.200, 173
Trd, 000080.317, 163
Trd, 000080.733, 155
Trd, 000080.783, 145
Trd, 000081.817, 159
Trd, 000082.033, 151
Trd, 000082.400, 153
Trd, 000082.683, 160
Trd, 000083.483, 152
Trd, 000083.817, 155
Trd, 000084.050, 156
Trd, 000084.267, 147
Trd, 000084.600, 156
Trd, 000085.267, 161
Trd, 000085.550, 150
Trd, 000086.767, 156
Trd, 000087.200, 150
Trd, 000087.483, 149
Trd, 000088.050, 154
Trd, 000088.700, 154
Trd, 000088.850, 155
Trd, 000089.750, 150
Trd, 000090.017, 159
Trd, 000091.100, 173
Trd, 000091.533, 155
Trd, 000092.717, 157
Trd, 000093.033, 160
Trd, 000093.200, 156
Trd, 000093.933, 160
Trd, 000094.417, 160
Trd, 000096.267, 159
Trd, 000097.300, 165
Trd, 000097.850, 164
Trd, 000097.967, 162
Trd, 000098.033, 162
Trd, 000098.533, 164
Trd, 000098.600, 165
Trd, 000098.700, 176
Trd, 000098.767, 184
Trd, 000099.000, 157
Trd, 000099.233, 158
Trd, 000101.583, 171
Trd, 000101.633, 166
Trd, 000102.033, 167
Trd, 000102.100, 158
Trd, 000102.417, 158
Trd, 000102.517, 143
Trd, 000103.467, 158
Trd, 000103.550, 159
Trd, 000104.067, 148
Trd, 000105.017, 148
Trd, 000105.200, 159
Trd, 000105.950, 168
Trd, 000106.767, 166
Trd, 000107.117, 171
Trd, 000107.700, 155
Trd, 000109.117, 174
Trd, 000109.200, 169
Trd, 000109.833, 166
Trd, 000110.133, 176
Trd, 000110.317, 171
Trd, 000111.000, 169
Trd, 000111.100, 168
Trd, 000111.217, 167
Trd, 000113.383, 164
Trd, 000113.533, 165
Trd, 000113.817, 166
Trd, 000113.950, 176
Trd, 000114.200, 161
Trd, 000115.033, 177
Trd, 000115.733, 176
Trd, 000116.000, 175
Trd, 000116.533, 166
Trd, 000116.983, 155
Trd, 000117.433, 149
Trd, 000118.333, 151
Trd, 000118.867, 153
Trd, 000119.067, 163
Trd, 000119.767, 160
Trd, 000120.083, 163
Trd, 000121.183, 164
Trd, 000121.717, 161
Trd, 000122.217, 160
Trd, 000122.383, 176
Trd, 000122.983, 171
Trd, 000123.600, 160
Trd, 000123.767, 187
Trd, 000123.883, 195
Trd, 000124.017, 198
Trd, 000124.283, 212
Trd, 000124.583, 266
Trd, 000124.617, 327.0
Trd, 000124.767, 331
Trd, 000125.067, 331.0
Trd, 000125.600, 337.0
Trd, 000127.567, 340
Trd, 000127.633, 341.0
Trd, 000129.017, 341
Trd, 000129.067, 347.0
Trd, 000129.533, 341
Trd, 000129.650, 343
Trd, 000130.017, 342
Trd, 000130.233, 340
Trd, 000130.933, 348.0
Trd, 000131.267, 350.0
Trd, 000132.250, 351
Trd, 000132.450, 343
Trd, 000132.933, 343
Trd, 000132.983, 350.0
Trd, 000134.033, 341
Trd, 000134.833, 348.0
Trd, 000135.300, 346
Trd, 000135.517, 348
Trd, 000136.633, 348
Trd, 000137.700, 347.0
Trd, 000137.850, 346
Trd, 000137.900, 344.0
Trd, 000137.917, 340
Trd, 000138.650, 344
Trd, 000140.083, 346.0
Trd, 000140.150, 346
Trd, 000140.183, 348.0
Trd, 000140.650, 341.0
Trd, 000141.700, 340
Trd, 000141.733, 351.0
Trd, 000142.367, 340
Trd, 000142.833, 355.0
Trd, 000143.550, 336
Trd, 000143.867, 364
Trd, 000144.700, 350
Trd, 000145.100, 360
Trd, 000145.267, 350
Trd, 000145.983, 349
Trd, 000146.483, 357
Trd, 000147.883, 337.0
Trd, 000148.067, 341.0
Trd, 000148.183, 348.0
Trd, 000149.350, 347
Trd, 000149.383, 348
Trd, 000150.267, 334
Trd, 000150.617, 337.0
Trd, 000152.167, 350.0
Trd, 000152.267, 351.0
Trd, 000152.517, 341
Trd, 000153.067, 347
Trd, 000153.317, 348
Trd, 000154.300, 345
Trd, 000155.433, 350
Trd, 000155.867, 350
Trd, 000155.900, 365
Trd, 000156.650, 353
Trd, 000158.433, 355
Trd, 000158.633, 354
Trd, 000158.650, 367
Trd, 000158.833, 351
Trd, 000159.600, 349
Trd, 000160.200, 369
Trd, 000160.317, 365.0
Trd, 000160.550, 348
Trd, 000161.250, 351.0
Trd, 000161.383, 358
Trd, 000162.083, 348
Trd, 000162.167, 347
Trd, 000162.650, 347
Trd, 000162.900, 354
Trd, 000163.433, 337.0
Trd, 000163.683, 333
Trd, 000165.350, 335.0
Trd, 000166.067, 335.0
Trd, 000167.283, 337
Trd, 000167.917, 337
Trd, 000168.750, 338
Trd, 000168.883, 341.0
Trd, 000169.083, 348.0
Trd, 000169.533, 350.0
Trd, 000169.667, 340
Trd, 000170.800, 341.0
Trd, 000171.150, 348.0
Trd, 000171.233, 351.0
Trd, 000171.600, 364
Trd, 000172.550, 343
Trd, 000173.417, 340
Trd, 000174.483, 351.0
Trd, 000174.800, 348.0
Trd, 000174.917, 356
Trd, 000175.067, 337.0
Trd, 000175.367, 349
Trd, 000176.233, 340.0
Trd, 000177.983, 342
Trd, 000178.183, 339
Trd, 000178.600, 344
Trd, 000179.017, 350
Trd, 000179.117, 365
Trd, 000180.067, 341
Trd, 000180.150, 342
Trd, 000181.683, 348.0
Trd, 000181.867, 339
Trd, 000182.217, 337.0
Trd, 000182.450, 325
Trd, 000182.933, 323
Trd, 000183.183, 306.0
Trd, 000183.333, 344
Trd, 000183.567, 218
Trd, 000184.200, 211
Trd, 000185.050, 307
Trd, 000185.067, 214
Trd, 000185.083, 197
Trd, 000186.200, 193
Trd, 000186.417, 192
Trd, 000187.217, 190
Trd, 000187.600, 183
Trd, 000188.383, 174
Trd, 000188.717, 186
Trd, 000189.417, 185
Trd, 000189.817, 184
Trd, 000190.017, 173
Trd, 000190.500, 173
Trd, 000191.183, 181
Trd, 000191.917, 181
Trd, 000192.217, 181
Trd, 000192.233, 182
Trd, 000193.533, 181
Trd, 000193.683, 177
Trd, 000194.617, 174
Trd, 000196.033, 174
Trd, 000196.850, 173
Trd, 000196.867, 166
Trd, 000197.583, 171
Trd, 000197.900, 199
Trd, 000199.100, 176
Trd, 000199.267, 174
Trd, 000199.817, 175
Trd, 000199.900, 175
Trd, 000200.517, 176
Trd, 000201.967, 176
Trd, 000202.400, 175
Trd, 000203.783, 170
Trd, 000204.000, 177
Trd, 000204.033, 167
Trd, 000204.150, 157
Trd, 000204.883, 176
Trd, 000205.267, 171
Trd, 000205.833, 176
Trd, 000205.883, 162
Trd, 000205.933, 178
Trd, 000206.800, 158
Trd, 000207.033, 166
Trd, 000207.650, 169
Trd, 000208.317, 176
Trd, 000208.483, 168
Trd, 000209.833, 167
Trd, 000210.300, 170
Trd, 000210.850, 183
Trd, 000211.000, 186
Trd, 000211.550, 177
Trd, 000211.583, 178
Trd, 000211.783, 180
Trd, 000213.517, 177
Trd, 000213.983, 177
Trd, 000214.500, 178
Trd, 000214.650, 176
Trd, 000215.017, 170
Trd, 000215.283, 168
Trd, 000215.650, 172
Trd, 000216.333, 159
Trd, 000216.433, 186
Trd, 000217.783, 163
Trd, 000217.967, 171
Trd, 000218.467, 162
Trd, 000218.683, 159
Trd, 000218.700, 170
Trd, 000219.400, 184
Trd, 000220.317, 173
Trd, 000220.400, 202
Trd, 000221.117, 203
Trd, 000222.000, 190
Trd, 000222.750, 190
Trd, 000223.000, 187
Trd, 000223.083, 191
Trd, 000223.383, 188
Trd, 000224.100, 187
Trd, 000224.533, 187
Trd, 000224.633, 186
Trd, 000224.683, 168
Trd, 000224.733, 159
Trd, 000226.150, 187
Trd, 000226.667, 188
Trd, 000226.867, 178
Trd, 000227.783, 188
Trd, 000228.283, 187
Trd, 000228.467, 180
Trd, 000229.717, 179
Trd, 000230.417, 184
Trd, 000230.517, 178
Trd, 000231.533, 185
Trd, 000231.817, 180
Trd, 000232.600, 164
Trd, 000233.233, 173
Trd, 000233.833, 173
Trd, 000234.517, 171
Trd, 000234.733, 171
Trd, 000236.050, 172
Trd, 000236.067, 156
Trd, 000236.183, 174
Trd, 000236.600, 165
Trd, 000237.000, 164
Trd, 000237.350, 165
Trd, 000238.650, 187
Trd, 000239.133, 187
Trd, 000239.150, 186
Trd, 000239.667, 179
Trd, 000240.267, 169
Trd, 000240.283, 173
Trd, 000240.450, 162
Trd, 000240.483, 160
Trd, 000241.500, 174
Trd, 000242.317, 167
Trd, 000242.383, 166
Trd, 000242.817, 165
Trd, 000244.033, 165
Trd, 000244.117, 164
Trd, 000244.467, 168
Trd, 000244.933, 167
Trd, 000245.100, 168
Trd, 000245.867, 171
Trd, 000246.850, 172
Trd, 000247.117, 173
Trd, 000247.267, 175
Trd, 000247.417, 173
Trd, 000247.583, 173
Trd, 000247.850, 175
Trd, 000247.883, 176
Trd, 000247.933, 180
Trd, 000249.700, 180
Trd, 000250.100, 178
Trd, 000250.650, 181
Trd, 000250.950, 182
Trd, 000251.083, 180
Trd, 000251.150, 176
Trd, 000252.000, 180
Trd, 000252.083, 177
Trd, 000252.567, 177
Trd, 000252.683, 176
Trd, 000253.367, 175
Trd, 000253.550, 177
Trd, 000254.283, 173
Trd, 000254.500, 177
Trd, 000254.833, 172
Trd, 000255.783, 173
Trd, 000256.050, 170
Trd, 000256.617, 170
Trd, 000257.283, 170
Trd, 000257.517, 171
Trd, 000257.667, 167
Trd, 000258.567, 171
Trd, 000258.683, 172
Trd, 000258.967, 167
Trd, 000259.750, 163
Trd, 000260.200, 165
Trd, 000260.367, 170
Trd, 000260.533, 170
Trd, 000260.717, 161
Trd, 000261.017, 174
Trd, 000261.717, 172
Trd, 000261.800, 171
Trd, 000261.917, 173
Trd, 000262.067, 170
Trd, 000262.517, 166
Trd, 000262.733, 177
Trd, 000263.367, 168
Trd, 000263.800, 177
Trd, 000264.017, 173
Trd, 000264.033, 174
Trd, 000264.417, 178
Trd, 000264.633, 171
Trd, 000264.867, 172
Trd, 000265.233, 179
Trd, 000266.600, 177
Trd, 000266.633, 180
Trd, 000267.317, 172
Trd, 000267.450, 182
Trd, 000268.050, 179
Trd, 000268.167, 185
Trd, 000268.650, 184
Trd, 000268.800, 189
Trd, 000268.967, 192
Trd, 000269.533, 190
Trd, 000269.667, 188
Trd, 000270.083, 199
Trd, 000270.683, 185
Trd, 000271.350, 177
Trd, 000272.467, 177
Trd, 000272.483, 178
Trd, 000272.783, 178
Trd, 000272.833, 175
Trd, 000273.017, 180
Trd, 000273.267, 182
Trd, 000274.000, 193
Trd, 000274.783, 193
Trd, 000275.117, 183
Trd, 000275.350, 179
Trd, 000275.567, 178
Trd, 000275.667, 183
Trd, 000276.467, 179
Trd, 000276.517, 176
Trd, 000277.167, 176
Trd, 000278.017, 176
Trd, 000278.467, 175
Trd, 000278.517, 174
Trd, 000278.567, 176
Trd, 000279.350, 164
Trd, 000279.383, 165
Trd, 000280.617, 165
Trd, 000280.733, 165
Trd, 000281.067, 164
Trd, 000281.767, 170
Trd, 000281.950, 171
Trd, 000282.133, 169
Trd, 000282.750, 172
Trd, 000282.800, 168
Trd, 000283.283, 168
Trd, 000283.667, 169
Trd, 000283.850, 166
Trd, 000284.533, 169
Trd, 000284.600, 165
Trd, 000284.800, 176
Trd, 000284.817, 179
Trd, 000285.467, 182
Trd, 000285.600, 173
Trd, 000285.950, 183
Trd, 000286.650, 176
Trd, 000288.050, 176
Trd, 000288.417, 176
Trd, 000288.450, 177
Trd, 000288.833, 176
Trd, 000288.867, 175
Trd, 000289.033, 173
Trd, 000289.083, 170
Trd, 000289.317, 187
Trd, 000290.500, 170
Trd, 000290.517, 180
Trd, 000290.900, 180
Trd, 000291.267, 183
Trd, 000292.750, 183
Trd, 000292.883, 184
Trd, 000293.383, 180
Trd, 000293.717, 184
Trd, 000293.867, 187
Trd, 000294.583, 194
Trd, 000294.650, 187
Trd, 000294.933, 184
Trd, 000295.367, 179
Trd, 000295.417, 176
Trd, 000295.467, 176
Trd, 000296.417, 184
Trd, 000296.433, 185
Trd, 000296.800, 185
Trd, 000297.150, 175
Trd, 000297.367, 178
Trd, 000297.567, 175
Trd, 000297.683, 179
Trd, 000298.567, 181
Trd, 000298.733, 185
Trd, 000298.883, 185
Trd, 000299.417, 179
Trd, 000299.633, 185
