Trd, 000000.633, 179
Trd, 000002.117, 151
Trd, 000002.467, 144
Trd, 000002.950, 188
Trd, 000002.983, 189
Trd, 000004.783, 163
Trd, 000004.867, 153
Trd, 000005.200, 153
Trd, 000005.983, 149
Trd, 000006.867, 150
Trd, 000006.983, 160
Trd, 000007.917, 163
Trd, 000008.783, 164
Trd, 000009.433, 148
Trd, 000009.700, 149
Trd, 000010.017, 157
Trd, 000010.667, 159
Trd, 000010.950, 152
Trd, 000011.417, 147
Trd, 000011.483, 146
Trd, 000011.600, 158
Trd, 000011.883, 145
Trd, 000012.100, 146
Trd, 000012.633, 145
Trd, 000013.467, 149
Trd, 000013.633, 147
Trd, 000014.333, 160
Trd, 000014.667, 159
Trd, 000016.267, 157
Trd, 000016.433, 163
Trd, 000016.717, 159
Trd, 000018.133, 164
Trd, 000019.750, 157
Trd, 000020.150, 157
Trd, 000020.867, 157
Trd, 000021.300, 160
Trd, 000021.550, 156
Trd, 000021.800, 160
Trd, 000022.167, 153
Trd, 000022.217, 157
Trd, 000022.233, 149
Trd, 000022.633, 146
Trd, 000023.350, 143
Trd, 000024.300, 141
Trd, 000025.083, 140
Trd, 000025.183, 146
Trd, 000025.283, 164
Trd, 000026.033, 153
Trd, 000026.233, 155
Trd, 000027.250, 134
Trd, 000027.817, 136
Trd, 000027.933, 141
Trd, 000029.217, 142
Trd, 000029.650, 144
Trd, 000029.900, 147
Trd, 000030.067, 151
Trd, 000030.367, 142
Trd, 000030.517, 154
Trd, 000031.900, 153
Trd, 000032.300, 149
Trd, 000032.500, 146
Trd, 000032.900, 149
Trd, 000032.983, 150
Trd, 000033.667, 149
Trd, 000033.750, 150
Trd, 000035.333, 148
Trd, 000035.833, 150
Trd, 000035.867, 151
Trd, 000035.917, 152
Trd, 000036.717, 156
Trd, 000037.250, 168
Trd, 000037.750, 160
Trd, 000038.300, 160
Trd, 000039.000, 161
Trd, 000039.317, 162
Trd, 000039.467, 156
Trd, 000040.683, 161
Trd, 000041.083, 161
Trd, 000041.600, 164
Trd, 000041.650, 159
Trd, 000042.950, 155
Trd, 000043.067, 163
Trd, 000044.133, 164
Trd, 000045.517, 160
Trd, 000045.683, 156
Trd, 000047.100, 158
Trd, 000047.933, 158
Trd, 000048.483, 156
Trd, 000048.633, 158
Trd, 000048.700, 160
Trd, 000048.833, 161
Trd, 000049.050, 167
Trd, 000049.983, 153
Trd, 000050.400, 156
Trd, 000050.817, 156
Trd, 000051.167, 170
Trd, 000051.217, 168
Trd, 000051.367, 168
Trd, 000052.617, 172
Trd, 000052.750, 163
Trd, 000052.917, 152
Trd, 000053.183, 148
Trd, 000054.833, 145
Trd, 000056.017, 146
Trd, 000057.050, 139
Trd, 000057.183, 139
Trd, 000057.750, 142
Trd, 000058.200, 143
Trd, 000058.367, 147
Trd, 000058.500, 150
Trd, 000059.250, 149
Trd, 000059.483, 150
Trd, 000059.600, 161
Trd, 000060.683, 158
Trd, 000060.717, 157
Trd, 000060.983, 156
Trd, 000061.533, 152
Trd, 000062.033, 153
Trd, 000062.283, 154
Trd, 000062.667, 156
Trd, 000062.700, 168
Trd, 000063.317, 174
Trd, 000064.100, 169
Trd, 000064.483, 157
Trd, 000064.717, 151
Trd, 000065.483, 146
Trd, 000066.550, 138
Trd, 000067.233, 147
Trd, 000067.550, 140
Trd, 000067.917, 141
Trd, 000068.267, 145
Trd, 000069.450, 148
Trd, 000069.833, 146
Trd, 000069.883, 150
Trd, 000070.150, 155
Trd, 000070.183, 156
Trd, 000071.583, 149
Trd, 000071.700, 150
Trd, 000071.783, 150
Trd, 000072.367, 151
Trd, 000072.883, 152
Trd, 000073.383, 146
Trd, 000073.900, 153
Trd, 000074.183, 153
Trd, 000074.683, 155
Trd, 000075.300, 160
Trd, 000077.100, 159
Trd, 000077.417, 155
Trd, 000077.500, 154
Trd, 000077.833, 161
Trd, 000079.650, 165
Trd, 000080.650, 162
Trd, 000081.100, 163
Trd, 000081.283, 160
Trd, 000081.350, 164
Trd, 000082.183, 160
Trd, 000082.233, 159
Trd, 000082.450, 162
Trd, 000082.517, 158
Trd, 000082.667, 163
Trd, 000082.767, 139
Trd, 000083.567, 170
Trd, 000083.650, 156
Trd, 000084.317, 168
Trd, 000084.633, 171
Trd, 000084.917, 170
Trd, 000086.067, 173
Trd, 000087.867, 171
Trd, 000088.050, 172
Trd, 000089.767, 166
Trd, 000089.817, 168
Trd, 000090.067, 165
Trd, 000090.350, 169
Trd, 000091.183, 160
Trd, 000091.300, 163
Trd, 000091.450, 145
Trd, 000092.900, 153
Trd, 000093.167, 153
Trd, 000094.833, 157
Trd, 000095.033, 167
Trd, 000095.367, 154
Trd, 000095.800, 167
Trd, 000096.167, 165
Trd, 000096.317, 163
Trd, 000096.383, 161
Trd, 000096.600, 156
Trd, 000097.050, 165
Trd, 000099.050, 157
Trd, 000099.317, 163
Trd, 000099.483, 156
Trd, 000099.617, 163
Trd, 000099.850, 141
Trd, 000100.400, 164
Trd, 000100.683, 172
Trd, 000101.167, 168
Trd, 000102.367, 161
Trd, 000102.567, 175
Trd, 000103.100, 159
Trd, 000104.917, 163
Trd, 000105.350, 164
Trd, 000105.633, 164
Trd, 000105.733, 162
Trd, 000106.417, 164
Trd, 000106.833, 163
Trd, 000107.317, 164
Trd, 000108.150, 160
Trd, 000108.333, 173
Trd, 000108.783, 159
Trd, 000110.767, 169
Trd, 000111.100, 169
Trd, 000111.417, 165
Trd, 000111.800, 163
Trd, 000113.000, 162
Trd, 000113.633, 167
Trd, 000114.067, 166
Trd, 000114.400, 173
Trd, 000114.467, 162
Trd, 000114.700, 162
Trd, 000115.333, 162
Trd, 000116.000, 171
Trd, 000116.167, 172
Trd, 000116.817, 166
Trd, 000117.467, 176
Trd, 000117.733, 176
Trd, 000118.517, 167
Trd, 000120.200, 176
Trd, 000120.900, 176
Trd, 000121.150, 176
Trd, 000121.600, 177
Trd, 000121.617, 175
Trd, 000121.833, 174
Trd, 000121.850, 178
Trd, 000121.950, 178
Trd, 000122.450, 183
Trd, 000122.467, 184
Trd, 000122.600, 198
Trd, 000122.700, 198
Trd, 000123.100, 208
Trd, 000123.867, 186
Trd, 000124.250, 225
Trd, 000124.500, 167
Trd, 000125.217, 317.0
Trd, 000125.283, 327.0
Trd, 000125.883, 317
Trd, 000126.000, 336
Trd, 000126.167, 341.0
Trd, 000126.800, 348.0
Trd, 000127.733, 360
Trd, 000128.083, 352
Trd, 000129.017, 354.0
Trd, 000129.333, 359
Trd, 000129.367, 351.0
Trd, 000129.533, 345
Trd, 000130.450, 362
Trd, 000130.750, 363.0
Trd, 000131.267, 346
Trd, 000131.650, 358
Trd, 000132.483, 346.0
Trd, 000132.667, 347
Trd, 000133.050, 347.0
Trd, 000134.283, 344
Trd, 000135.417, 347.0
Trd, 000136.267, 347.0
Trd, 000136.300, 344
Trd, 000136.700, 345
Trd, 000136.850, 348
Trd, 000137.433, 348.0
Trd, 000139.167, 341.0
Trd, 000139.933, 339
Trd, 000140.083, 345
Trd, 000140.750, 337.0
Trd, 000141.133, 343
Trd, 000141.617, 343.0
Trd, 000141.917, 344.0
Trd, 000142.350, 342
Trd, 000142.500, 365.0
Trd, 000144.050, 351.0
Trd, 000144.833, 343
Trd, 000144.900, 342
Trd, 000145.100, 350
Trd, 000145.283, 351
Trd, 000145.983, 344
Trd, 000147.067, 346
Trd, 000147.867, 343
Trd, 000147.883, 342
Trd, 000148.267, 344.0
Trd, 000148.350, 349
Trd, 000148.933, 347
Trd, 000149.200, 348.0
Trd, 000149.767, 345
Trd, 000151.100, 348
Trd, 000151.150, 356
Trd, 000151.233, 357
Trd, 000151.300, 362
Trd, 000151.317, 365.0
Trd, 000152.850, 357
Trd, 000153.900, 351.0
Trd, 000154.150, 358
Trd, 000154.167, 348
Trd, 000154.250, 359
Trd, 000155.200, 362
Trd, 000156.267, 347
Trd, 000156.900, 346
Trd, 000157.400, 359
Trd, 000158.650, 346
Trd, 000159.017, 345
Trd, 000159.417, 345
Trd, 000159.650, 350
Trd, 000160.217, 332
Trd, 000160.667, 333
Trd, 000160.883, 332
Trd, 000161.217, 333.0
Trd, 000161.750, 334.0
Trd, 000161.783, 341.0
Trd, 000161.850, 346
Trd, 000161.983, 348.0
Trd, 000164.050, 340
Trd, 000164.650, 360.0
Trd, 000166.817, 347
Trd, 000166.867, 348
Trd, 000167.333, 349
Trd, 000167.433, 349
Trd, 000167.767, 348
Trd, 000167.883, 345
Trd, 000168.350, 351
Trd, 000168.950, 362
Trd, 000169.067, 344
Trd, 000169.500, 363.0
Trd, 000170.000, 344
Trd, 000170.350, 363.0
Trd, 000170.583, 351.0
Trd, 000172.233, 347
Trd, 000172.467, 349
Trd, 000172.550, 347
Trd, 000173.333, 345
Trd, 000173.483, 341.0
Trd, 000174.367, 341
Trd, 000174.517, 343
Trd, 000176.633, 337
Trd, 000176.667, 344.0
Trd, 000176.750, 362
Trd, 000177.117, 332.0
Trd, 000178.400, 332.0
Trd, 000178.800, 341.0
Trd, 000178.950, 346
Trd, 000178.967, 326
Trd, 000179.867, 348
Trd, 000180.167, 348
Trd, 000180.633, 348.0
Trd, 000181.300, 349
Trd, 000182.000, 332.0
Trd, 000183.050, 332
Trd, 000183.467, 324
Trd, 000183.633, 306.0
Trd, 000183.900, 207
Trd, 000183.917, 200
Trd, 000184.200, 180
Trd, 000185.017, 159
Trd, 000185.617, 165
Trd, 000185.683, 203
Trd, 000186.633, 198
Trd, 000186.717, 166
Trd, 000188.200, 181
Trd, 000188.450, 182
Trd, 000188.950, 177
Trd, 000189.400, 169
Trd, 000190.833, 173
Trd, 000191.483, 174
Trd, 000192.417, 175
Trd, 000192.433, 176
Trd, 000193.667, 176
Trd, 000194.117, 175
Trd, 000194.150, 172
Trd, 000194.300, 170
Trd, 000194.567, 150
Trd, 000194.667, 159
Trd, 000194.933, 158
Trd, 000195.217, 160
Trd, 000197.500, 153
Trd, 000197.650, 161
Trd, 000197.883, 163
Trd, 000197.900, 167
Trd, 000198.083, 182
Trd, 000198.467, 161
Trd, 000198.550, 169
Trd, 000200.067, 168
Trd, 000200.983, 167
Trd, 000201.433, 161
Trd, 000201.867, 163
Trd, 000202.200, 163
Trd, 000202.300, 165
Trd, 000202.950, 168
Trd, 000203.200, 164
Trd, 000203.933, 167
Trd, 000204.200, 164
Trd, 000205.067, 161
Trd, 000205.667, 163
Trd, 000206.317, 164
Trd, 000207.567, 164
Trd, 000208.433, 168
Trd, 000209.167, 168
Trd, 000209.600, 168
Trd, 000210.050, 164
Trd, 000210.267, 168
Trd, 000210.933, 169
Trd, 000211.167, 169
Trd, 000213.050, 178
Trd, 000213.567, 183
Trd, 000213.883, 177
Trd, 000214.000, 186
Trd, 000214.650, 178
Trd, 000214.667, 183
Trd, 000214.967, 184
Trd, 000215.133, 183
Trd, 000215.350, 177
Trd, 000215.767, 181
Trd, 000216.067, 162
Trd, 000216.433, 162
Trd, 000217.250, 163
Trd, 000218.167, 187
Trd, 000218.333, 173
Trd, 000218.567, 189
Trd, 000219.650, 183
Trd, 000219.667, 187
Trd, 000219.750, 174
Trd, 000221.017, 173
Trd, 000221.433, 175
Trd, 000221.817, 169
Trd, 000222.533, 173
Trd, 000222.850, 174
Trd, 000223.000, 177
Trd, 000223.033, 155
Trd, 000223.283, 165
Trd, 000223.500, 187
Trd, 000224.300, 162
Trd, 000225.317, 169
Trd, 000225.650, 166
Trd, 000226.667, 170
Trd, 000227.500, 164
Trd, 000227.733, 162
Trd, 000228.067, 171
Trd, 000229.067, 170
Trd, 000229.250, 171
Trd, 000229.683, 170
Trd, 000230.183, 172
Trd, 000230.583, 185
Trd, 000231.583, 190
Trd, 000231.983, 191
Trd, 000232.050, 195
Trd, 000232.750, 185
Trd, 000234.433, 177
Trd, 000235.233, 177
Trd, 000235.950, 178
Trd, 000236.317, 178
Trd, 000236.550, 176
Trd, 000236.800, 183
Trd, 000236.917, 185
Trd, 000237.150, 176
Trd, 000237.883, 176
Trd, 000238.367, 185
Trd, 000238.450, 174
Trd, 000239.150, 184
Trd, 000239.717, 184
Trd, 000240.133, 186
Trd, 000240.667, 172
Trd, 000241.500, 168
Trd, 000242.200, 175
Trd, 000242.967, 177
Trd, 000243.067, 175
Trd, 000243.400, 174
Trd, 000243.967, 174
Trd, 000244.267, 171
Trd, 000244.650, 170
Trd, 000245.483, 183
Trd, 000245.817, 178
Trd, 000245.900, 175
Trd, 000246.250, 170
Trd, 000246.333, 171
Trd, 000246.683, 170
Trd, 000246.717, 168
Trd, 000247.583, 171
Trd, 000247.617, 176
Trd, 000248.067, 186
Trd, 000248.667, 173
Trd, 000248.917, 188
Trd, 000249.433, 188
Trd, 000249.850, 187
Trd, 000251.267, 183
Trd, 000251.567, 182
Trd, 000251.733, 180
Trd, 000251.800, 190
Trd, 000252.133, 179
Trd, 000252.667, 187
Trd, 000252.683, 176
Trd, 000252.850, 192
Trd, 000252.867, 193
Trd, 000252.950, 196
Trd, 000254.517, 182
Trd, 000255.000, 178
Trd, 000255.033, 179
Trd, 000256.267, 176
Trd, 000256.400, 177
Trd, 000257.150, 176
Trd, 000257.567, 181
Trd, 000258.483, 179
Trd, 000258.883, 184
Trd, 000259.333, 178
Trd, 000260.150, 178
Trd, 000260.500, 179
Trd, 000261.000, 178
Trd, 000261.067, 177
Trd, 000261.200, 180
Trd, 000261.467, 173
Trd, 000261.900, 177
Trd, 000262.550, 179
Trd, 000263.500, 181
Trd, 000263.883, 182
Trd, 000264.283, 184
Trd, 000264.833, 182
Trd, 000264.867, 181
Trd, 000264.917, 177
Trd, 000265.300, 177
Trd, 000265.583, 177
Trd, 000266.483, 178
Trd, 000266.800, 178
Trd, 000267.100, 178
Trd, 000268.633, 173
Trd, 000268.683, 174
Trd, 000269.000, 170
Trd, 000270.367, 167
Trd, 000270.983, 168
Trd, 000271.083, 165
Trd, 000271.167, 171
Trd, 000271.283, 175
Trd, 000272.217, 175
Trd, 000272.450, 177
Trd, 000272.617, 179
Trd, 000274.067, 182
Trd, 000274.850, 177
Trd, 000274.917, 176
Trd, 000275.000, 173
Trd, 000275.233, 171
Trd, 000275.833, 174
Trd, 000276.400, 176
Trd, 000276.817, 178
Trd, 000276.883, 173
Trd, 000277.200, 180
Trd, 000277.283, 172
Trd, 000278.650, 182
Trd, 000278.867, 186
Trd, 000279.017, 180
Trd, 000279.133, 179
Trd, 000279.783, 179
Trd, 000280.000, 175
Trd, 000280.200, 177
Trd, 000280.800, 179
Trd, 000281.067, 172
Trd, 000281.083, 181
Trd, 000281.283, 169
Trd, 000281.433, 186
Trd, 000281.617, 183
Trd, 000283.100, 173
Trd, 000283.400, 174
Trd, 000283.767, 176
Trd, 000284.217, 171
Trd, 000284.250, 169
Trd, 000284.783, 174
Trd, 000284.983, 178
Trd, 000285.250, 170
Trd, 000287.033, 174
Trd, 000287.133, 175
Trd, 000287.267, 173
Trd, 000287.667, 178
Trd, 000287.700, 179
Trd, 000288.400, 177
Trd, 000288.933, 174
Trd, 000289.150, 173
Trd, 000289.600, 173
Trd, 000290.283, 172
Trd, 000290.800, 170
Trd, 000291.317, 170
Trd, 000291.483, 171
Trd, 000291.700, 173
Trd, 000292.117, 177
Trd, 000292.217, 180
Trd, 000292.633, 176
Trd, 000292.933, 187
Trd, 000293.050, 181
Trd, 000293.367, 180
Trd, 000293.700, 168
Trd, 000293.917, 176
Trd, 000294.583, 177
Trd, 000294.650, 173
Trd, 000295.117, 167
Trd, 000295.683, 193
Trd, 000295.967, 192
Trd, 000296.017, 201
Trd, 000296.417, 191
Trd, 000296.500, 170
Trd, 000297.267, 177
Trd, 000297.317, 168
Trd, 000297.550, 195
Trd, 000297.650, 166
Trd, 000298.067, 195
Trd, 000299.333, 180
Trd, 000299.417, 181
Trd, 000299.783, 188
