Trd, 000001.050, 151
Trd, 000002.017, 120
Trd, 000002.433, 131
Trd, 000002.667, 148
Trd, 000003.533, 157
Trd, 000003.767, 157
Trd, 000004.250, 158
Trd, 000004.517, 158
Trd, 000004.700, 155
Trd, 000007.550, 158
Trd, 000007.933, 158
Trd, 000008.900, 158
Trd, 000009.383, 159
Trd, 000009.750, 158
Trd, 000009.917, 156
Trd, 000010.200, 155
Trd, 000010.517, 156
Trd, 000010.950, 153
Trd, 000011.650, 155
Trd, 000012.583, 152
Trd, 000013.450, 154
Trd, 000013.583, 156
Trd, 000014.067, 154
Trd, 000014.767, 154
Trd, 000015.033, 155
Trd, 000015.433, 153
Trd, 000015.683, 153
Trd, 000015.817, 153
Trd, 000016.250, 154
Trd, 000016.650, 153
Trd, 000017.783, 156
Trd, 000018.867, 151
Trd, 000019.233, 154
Trd, 000021.017, 151
Trd, 000021.183, 152
Trd, 000021.250, 151
Trd, 000021.333, 153
Trd, 000022.917, 152
Trd, 000023.067, 156
Trd, 000024.000, 150
Trd, 000025.167, 153
Trd, 000025.483, 152
Trd, 000026.033, 152
Trd, 000026.400, 153
Trd, 000026.667, 153
Trd, 000026.800, 150
Trd, 000027.683, 154
Trd, 000028.417, 154
Trd, 000028.900, 154
Trd, 000029.417, 154
Trd, 000030.017, 154
Trd, 000030.600, 153
Trd, 000031.267, 154
Trd, 000031.867, 154
Trd, 000032.233, 152
Trd, 000032.583, 154
Trd, 000032.867, 151
Trd, 000033.950, 154
Trd, 000034.517, 153
Trd, 000035.433, 153
Trd, 000036.333, 151
Trd, 000036.383, 153
Trd, 000036.883, 152
Trd, 000036.967, 151
Trd, 000037.300, 151
Trd, 000037.550, 154
Trd, 000038.400, 154
Trd, 000039.533, 151
Trd, 000039.783, 152
Trd, 000040.333, 154
Trd, 000040.733, 152
Trd, 000041.233, 154
Trd, 000041.467, 152
Trd, 000042.433, 152
Trd, 000042.633, 153
Trd, 000042.817, 151
Trd, 000044.617, 154
Trd, 000044.967, 154
Trd, 000045.117, 154
Trd, 000045.883, 153
Trd, 000046.100, 152
Trd, 000046.683, 153
Trd, 000047.150, 156
Trd, 000048.267, 157
Trd, 000048.433, 156
Trd, 000048.783, 157
Trd, 000049.217, 159
Trd, 000049.467, 157
Trd, 000050.300, 156
Trd, 000050.883, 155
Trd, 000051.800, 158
Trd, 000052.117, 157
Trd, 000052.200, 158
Trd, 000052.333, 155
Trd, 000052.567, 146
Trd, 000054.150, 158
Trd, 000054.400, 156
Trd, 000054.867, 156
Trd, 000055.167, 155
Trd, 000055.683, 157
Trd, 000055.750, 155
Trd, 000055.800, 158
Trd, 000057.050, 157
Trd, 000057.300, 158
Trd, 000057.800, 156
Trd, 000058.550, 155
Trd, 000058.683, 158
Trd, 000059.117, 157
Trd, 000059.517, 156
Trd, 000059.850, 154
Trd, 000060.300, 155
Trd, 000061.183, 161
Trd, 000061.300, 168
Trd, 000062.100, 154
Trd, 000062.117, 152
Trd, 000063.700, 158
Trd, 000064.050, 159
Trd, 000064.267, 158
Trd, 000064.500, 157
Trd, 000064.883, 158
Trd, 000065.183, 157
Trd, 000065.483, 154
Trd, 000066.450, 159
Trd, 000066.483, 160
Trd, 000066.933, 162
Trd, 000067.317, 160
Trd, 000067.633, 159
Trd, 000067.900, 158
Trd, 000068.533, 158
Trd, 000068.967, 160
Trd, 000069.683, 157
Trd, 000070.167, 157
Trd, 000070.233, 158
Trd, 000070.750, 158
Trd, 000071.067, 156
Trd, 000072.850, 155
Trd, 000073.067, 158
Trd, 000073.367, 160
Trd, 000073.783, 157
Trd, 000074.383, 156
Trd, 000075.450, 158
Trd, 000075.833, 157
Trd, 000076.117, 159
Trd, 000076.900, 156
Trd, 000077.017, 160
Trd, 000077.783, 161
Trd, 000077.933, 161
Trd, 000077.950, 160
Trd, 000080.533, 161
Trd, 000080.767, 162
Trd, 000081.217, 159
Trd, 000082.217, 159
Trd, 000082.967, 161
Trd, 000083.733, 160
Trd, 000083.833, 161
Trd, 000084.033, 161
Trd, 000084.317, 158
Trd, 000084.500, 159
Trd, 000084.767, 158
Trd, 000086.083, 161
Trd, 000086.167, 163
Trd, 000087.833, 164
Trd, 000087.950, 160
Trd, 000087.983, 158
Trd, 000089.717, 163
Trd, 000090.150, 164
Trd, 000090.317, 162
Trd, 000090.617, 162
Trd, 000090.883, 160
Trd, 000091.100, 163
Trd, 000091.300, 165
Trd, 000091.417, 165
Trd, 000092.300, 156
Trd, 000092.717, 156
Trd, 000093.033, 153
Trd, 000093.267, 159
Trd, 000093.617, 159
Trd, 000094.900, 159
Trd, 000095.683, 158
Trd, 000096.217, 160
Trd, 000097.083, 160
Trd, 000098.167, 160
Trd, 000098.700, 160
Trd, 000098.800, 161
Trd, 000099.550, 159
Trd, 000099.933, 161
Trd, 000100.217, 161
Trd, 000101.483, 163
Trd, 000101.650, 165
Trd, 000101.933, 159
Trd, 000102.133, 155
Trd, 000102.233, 167
Trd, 000104.767, 161
Trd, 000105.467, 161
Trd, 000105.550, 161
Trd, 000105.667, 162
Trd, 000105.733, 165
Trd, 000106.167, 160
Trd, 000107.500, 160
Trd, 000108.083, 161
Trd, 000108.733, 161
Trd, 000108.950, 162
Trd, 000109.100, 158
Trd, 000110.883, 162
Trd, 000111.500, 160
Trd, 000111.717, 162
Trd, 000112.033, 160
Trd, 000112.633, 163
Trd, 000113.083, 162
Trd, 000113.167, 158
Trd, 000115.367, 160
Trd, 000115.517, 162
Trd, 000116.467, 161
Trd, 000117.533, 161
Trd, 000118.200, 161
Trd, 000118.733, 162
Trd, 000119.033, 163
Trd, 000119.183, 160
Trd, 000119.783, 162
Trd, 000120.250, 163
Trd, 000120.833, 164
Trd, 000121.550, 170
Trd, 000121.633, 174
Trd, 000121.783, 175
Trd, 000122.167, 163
Trd, 000122.783, 198
Trd, 000123.233, 199
Trd, 000123.667, 277
Trd, 000124.033, 281
Trd, 000124.100, 306.0
Trd, 000124.150, 314
Trd, 000124.517, 324.0
Trd, 000124.583, 331.0
Trd, 000125.017, 350.0
Trd, 000125.683, 335
Trd, 000127.083, 324
Trd, 000127.483, 329
Trd, 000128.033, 324
Trd, 000128.317, 328
Trd, 000129.083, 329
Trd, 000131.300, 331
Trd, 000131.533, 331.0
Trd, 000131.817, 337.0
Trd, 000132.367, 349
Trd, 000133.017, 341
Trd, 000133.633, 340
Trd, 000134.083, 341
Trd, 000135.250, 341
Trd, 000135.433, 338
Trd, 000135.700, 345.0
Trd, 000136.150, 346.0
Trd, 000137.350, 345.0
Trd, 000137.917, 351.0
Trd, 000137.967, 345.0
Trd, 000139.483, 345
Trd, 000139.550, 344.0
Trd, 000140.333, 344
Trd, 000140.667, 345
Trd, 000141.350, 343
Trd, 000141.567, 349
Trd, 000143.017, 347
Trd, 000143.600, 347
Trd, 000143.783, 348
Trd, 000144.667, 350.0
Trd, 000144.717, 349
Trd, 000145.000, 346.0
Trd, 000145.900, 349
Trd, 000146.017, 345
Trd, 000146.833, 345
Trd, 000146.917, 344.0
Trd, 000147.467, 342
Trd, 000147.533, 341
Trd, 000148.267, 346
Trd, 000148.967, 348.0
Trd, 000149.033, 348
Trd, 000149.717, 340
Trd, 000150.967, 340
Trd, 000151.500, 344
Trd, 000151.717, 344.0
Trd, 000151.983, 345
Trd, 000153.233, 345
Trd, 000153.267, 346.0
Trd, 000153.900, 345
Trd, 000154.250, 347.0
Trd, 000155.867, 345
Trd, 000156.550, 345.0
Trd, 000156.683, 349
Trd, 000156.867, 351.0
Trd, 000157.283, 345
Trd, 000159.583, 349.0
Trd, 000160.267, 345.0
Trd, 000160.500, 347
Trd, 000161.033, 348
Trd, 000161.300, 351.0
Trd, 000161.400, 345
Trd, 000161.650, 344.0
Trd, 000164.200, 345
Trd, 000164.600, 345.0
Trd, 000164.983, 347
Trd, 000165.667, 346
Trd, 000166.167, 346
Trd, 000166.333, 352
Trd, 000166.417, 354
Trd, 000166.683, 344
Trd, 000168.783, 348.0
Trd, 000168.883, 346.0
Trd, 000169.350, 350.0
Trd, 000169.733, 351.0
Trd, 000171.917, 346
Trd, 000172.433, 349
Trd, 000172.567, 344
Trd, 000172.700, 351.0
Trd, 000172.850, 345.0
Trd, 000173.450, 346
Trd, 000174.533, 346
Trd, 000174.733, 345.0
Trd, 000174.933, 344.0
Trd, 000175.183, 345
Trd, 000175.750, 345
Trd, 000175.967, 346
Trd, 000177.033, 343
Trd, 000178.217, 346
Trd, 000179.017, 344.0
Trd, 000180.167, 347
Trd, 000180.233, 348
Trd, 000180.650, 346
Trd, 000180.900, 345
Trd, 000181.350, 344
Trd, 000181.800, 344.0
Trd, 000181.983, 340
Trd, 000182.233, 338
Trd, 000183.067, 331.0
Trd, 000183.150, 327.0
Trd, 000183.317, 319
Trd, 000183.817, 305
Trd, 000184.567, 263
Trd, 000185.017, 218
Trd, 000185.550, 198
Trd, 000185.783, 197
Trd, 000185.983, 193
Trd, 000186.000, 186
Trd, 000186.250, 176
Trd, 000186.567, 191
Trd, 000186.667, 170
Trd, 000188.700, 175
Trd, 000188.717, 177
Trd, 000188.733, 170
Trd, 000190.550, 174
Trd, 000191.167, 172
Trd, 000191.433, 173
Trd, 000192.900, 170
Trd, 000193.350, 173
Trd, 000193.400, 174
Trd, 000194.100, 174
Trd, 000194.283, 174
Trd, 000194.333, 172
Trd, 000195.083, 171
Trd, 000195.267, 174
Trd, 000195.883, 174
Trd, 000196.250, 173
Trd, 000196.550, 172
Trd, 000198.617, 171
Trd, 000198.700, 170
Trd, 000198.950, 175
Trd, 000199.533, 170
Trd, 000200.650, 173
Trd, 000202.133, 172
Trd, 000202.417, 173
Trd, 000202.617, 174
Trd, 000202.983, 171
Trd, 000203.017, 169
Trd, 000203.233, 167
Trd, 000204.017, 169
Trd, 000204.133, 168
Trd, 000205.867, 168
Trd, 000206.683, 167
Trd, 000206.883, 166
Trd, 000208.233, 167
Trd, 000208.517, 166
Trd, 000208.667, 168
Trd, 000209.933, 167
Trd, 000210.500, 168
Trd, 000210.700, 166
Trd, 000211.183, 166
Trd, 000211.833, 166
Trd, 000211.850, 165
Trd, 000212.267, 167
Trd, 000212.667, 169
Trd, 000213.917, 165
Trd, 000214.650, 168
Trd, 000214.667, 169
Trd, 000215.567, 165
Trd, 000217.100, 170
Trd, 000218.550, 171
Trd, 000219.367, 170
Trd, 000219.400, 167
Trd, 000219.983, 168
Trd, 000220.117, 171
Trd, 000220.750, 171
Trd, 000220.833, 171
Trd, 000221.700, 171
Trd, 000222.167, 170
Trd, 000223.183, 171
Trd, 000223.300, 172
Trd, 000224.767, 169
Trd, 000225.367, 169
Trd, 000225.483, 173
Trd, 000225.583, 180
Trd, 000225.733, 166
Trd, 000227.617, 174
Trd, 000228.117, 171
Trd, 000228.383, 174
Trd, 000228.467, 170
Trd, 000230.033, 175
Trd, 000230.200, 175
Trd, 000230.267, 174
Trd, 000231.350, 173
Trd, 000231.717, 178
Trd, 000232.450, 174
Trd, 000233.267, 176
Trd, 000233.500, 176
Trd, 000233.750, 175
Trd, 000234.433, 174
Trd, 000234.967, 176
Trd, 000235.183, 177
Trd, 000236.483, 175
Trd, 000236.633, 174
Trd, 000238.667, 174
Trd, 000239.217, 175
Trd, 000239.350, 176
Trd, 000239.567, 175
Trd, 000239.950, 192
Trd, 000239.967, 168
Trd, 000240.583, 181
Trd, 000240.800, 170
Trd, 000241.350, 172
Trd, 000241.783, 172
Trd, 000242.217, 171
Trd, 000242.933, 168
Trd, 000243.083, 169
Trd, 000243.133, 167
Trd, 000243.433, 168
Trd, 000243.517, 172
Trd, 000244.367, 169
Trd, 000244.683, 170
Trd, 000245.283, 172
Trd, 000246.100, 171
Trd, 000246.750, 172
Trd, 000247.067, 171
Trd, 000248.150, 172
Trd, 000248.867, 174
Trd, 000248.900, 175
Trd, 000248.950, 174
Trd, 000249.467, 174
Trd, 000250.200, 174
Trd, 000250.367, 172
Trd, 000250.533, 175
Trd, 000250.867, 170
Trd, 000250.933, 173
Trd, 000251.633, 173
Trd, 000251.950, 174
Trd, 000252.033, 173
Trd, 000252.217, 173
Trd, 000252.933, 176
Trd, 000252.983, 172
Trd, 000255.100, 176
Trd, 000255.167, 173
Trd, 000255.567, 174
Trd, 000255.733, 173
Trd, 000256.017, 173
Trd, 000256.617, 177
Trd, 000256.700, 176
Trd, 000257.433, 173
Trd, 000257.533, 173
Trd, 000257.667, 172
Trd, 000258.083, 173
Trd, 000258.383, 177
Trd, 000258.833, 172
Trd, 000259.350, 172
Trd, 000259.450, 176
Trd, 000260.067, 171
Trd, 000260.417, 172
Trd, 000260.617, 170
Trd, 000260.867, 177
Trd, 000261.783, 172
Trd, 000263.617, 171
Trd, 000263.783, 170
Trd, 000263.983, 170
Trd, 000264.133, 171
Trd, 000264.317, 173
Trd, 000264.650, 168
Trd, 000264.667, 172
Trd, 000265.433, 174
Trd, 000265.717, 174
Trd, 000266.517, 175
Trd, 000266.583, 184
Trd, 000267.417, 174
Trd, 000268.117, 179
Trd, 000268.383, 178
Trd, 000269.233, 176
Trd, 000269.250, 174
Trd, 000269.750, 177
Trd, 000269.917, 176
Trd, 000270.550, 178
Trd, 000270.733, 182
Trd, 000270.767, 172
Trd, 000270.883, 182
Trd, 000272.033, 182
Trd, 000272.183, 178
Trd, 000272.383, 178
Trd, 000272.433, 183
Trd, 000273.133, 178
Trd, 000273.750, 178
Trd, 000273.983, 181
Trd, 000274.300, 178
Trd, 000274.317, 189
Trd, 000274.617, 178
Trd, 000275.000, 176
Trd, 000275.167, 183
Trd, 000275.400, 177
Trd, 000275.750, 182
Trd, 000276.833, 181
Trd, 000277.300, 180
Trd, 000277.500, 181
Trd, 000278.083, 181
Trd, 000278.217, 181
Trd, 000278.233, 180
Trd, 000278.283, 178
Trd, 000279.333, 182
Trd, 000280.233, 182
Trd, 000280.400, 179
Trd, 000280.950, 179
Trd, 000281.033, 180
Trd, 000281.517, 178
Trd, 000281.717, 178
Trd, 000282.233, 177
Trd, 000282.417, 179
Trd, 000282.533, 176
Trd, 000284.083, 177
Trd, 000284.450, 178
Trd, 000284.700, 173
Trd, 000284.733, 172
Trd, 000284.967, 176
Trd, 000285.167, 178
Trd, 000285.933, 177
Trd, 000286.000, 174
Trd, 000286.150, 173
Trd, 000287.567, 170
Trd, 000287.867, 177
Trd, 000288.100, 174
Trd, 000288.800, 174
Trd, 000288.950, 175
Trd, 000289.017, 174
Trd, 000289.100, 177
Trd, 000289.617, 173
Trd, 000290.533, 172
Trd, 000290.783, 179
Trd, 000292.033, 178
Trd, 000292.433, 178
Trd, 000292.617, 180
Trd, 000292.917, 177
Trd, 000293.933, 180
Trd, 000294.350, 177
Trd, 000295.600, 175
Trd, 000295.983, 176
Trd, 000296.017, 177
Trd, 000296.550, 176
Trd, 000296.650, 177
Trd, 000296.917, 176
Trd, 000297.217, 176
Trd, 000297.333, 176
Trd, 000297.550, 175
Trd, 000297.600, 179
Trd, 000297.783, 174
Trd, 000298.200, 178
Trd, 000298.633, 184
Trd, 000299.467, 179
