Trd, 000002.367, 142
Trd, 000002.433, 141
Trd, 000003.417, 136
Trd, 000003.767, 137
Trd, 000003.933, 137
Trd, 000004.417, 136
Trd, 000004.883, 137
Trd, 000005.233, 136
Trd, 000005.600, 137
Trd, 000005.617, 138
Trd, 000005.683, 148
Trd, 000006.867, 143
Trd, 000007.383, 147
Trd, 000008.000, 145
Trd, 000009.167, 160
Trd, 000009.667, 160
Trd, 000009.700, 159
Trd, 000009.900, 166
Trd, 000010.683, 157
Trd, 000010.967, 160
Trd, 000011.067, 152
Trd, 000011.450, 149
Trd, 000011.867, 145
Trd, 000011.900, 164
Trd, 000012.283, 151
Trd, 000013.000, 145
Trd, 000014.350, 153
Trd, 000015.233, 148
Trd, 000015.650, 153
Trd, 000015.783, 152
Trd, 000016.283, 154
Trd, 000018.133, 154
Trd, 000018.417, 155
Trd, 000018.750, 155
Trd, 000019.033, 155
Trd, 000019.117, 157
Trd, 000019.867, 154
Trd, 000020.117, 153
Trd, 000020.333, 153
Trd, 000021.283, 153
Trd, 000021.733, 155
Trd, 000021.900, 155
Trd, 000022.300, 153
Trd, 000022.367, 153
Trd, 000022.867, 152
Trd, 000024.417, 150
Trd, 000024.567, 146
Trd, 000025.367, 147
Trd, 000025.450, 148
Trd, 000026.400, 143
Trd, 000027.133, 146
Trd, 000027.200, 146
Trd, 000027.267, 152
Trd, 000027.667, 154
Trd, 000029.983, 165
Trd, 000030.367, 164
Trd, 000030.567, 164
Trd, 000031.167, 165
Trd, 000032.033, 164
Trd, 000032.633, 163
Trd, 000033.050, 155
Trd, 000033.833, 158
Trd, 000034.267, 162
Trd, 000034.900, 155
Trd, 000035.050, 159
Trd, 000035.983, 156
Trd, 000036.617, 146
Trd, 000036.767, 155
Trd, 000037.200, 158
Trd, 000037.367, 157
Trd, 000038.150, 161
Trd, 000038.167, 160
Trd, 000039.533, 159
Trd, 000039.600, 160
Trd, 000040.400, 158
Trd, 000040.517, 158
Trd, 000041.183, 158
Trd, 000041.650, 159
Trd, 000042.033, 158
Trd, 000042.050, 160
Trd, 000043.100, 158
Trd, 000043.917, 159
Trd, 000044.533, 157
Trd, 000044.633, 158
Trd, 000044.667, 157
Trd, 000045.283, 155
Trd, 000047.050, 153
Trd, 000047.883, 153
Trd, 000048.067, 155
Trd, 000049.300, 152
Trd, 000049.583, 148
Trd, 000049.950, 153
Trd, 000050.000, 147
Trd, 000050.767, 149
Trd, 000050.900, 148
Trd, 000051.867, 149
Trd, 000051.983, 152
Trd, 000052.800, 149
Trd, 000054.033, 151
Trd, 000054.300, 150
Trd, 000054.350, 149
Trd, 000055.033, 151
Trd, 000056.433, 149
Trd, 000056.517, 148
Trd, 000057.383, 147
Trd, 000058.283, 151
Trd, 000058.967, 148
Trd, 000059.250, 149
Trd, 000059.300, 147
Trd, 000060.133, 148
Trd, 000060.467, 153
Trd, 000060.917, 148
Trd, 000061.467, 149
Trd, 000061.917, 148
Trd, 000063.183, 149
Trd, 000063.417, 150
Trd, 000063.733, 149
Trd, 000064.967, 148
Trd, 000065.600, 149
Trd, 000066.450, 148
Trd, 000066.600, 147
Trd, 000067.067, 147
Trd, 000067.283, 147
Trd, 000067.633, 146
Trd, 000067.950, 146
Trd, 000068.017, 154
Trd, 000068.350, 152
Trd, 000069.100, 154
Trd, 000069.917, 153
Trd, 000070.067, 153
Trd, 000071.017, 155
Trd, 000071.750, 155
Trd, 000073.650, 160
Trd, 000073.733, 158
Trd, 000073.883, 154
Trd, 000074.450, 155
Trd, 000074.983, 156
Trd, 000075.433, 150
Trd, 000075.500, 156
Trd, 000075.967, 147
Trd, 000076.767, 154
Trd, 000077.350, 155
Trd, 000077.783, 156
Trd, 000078.117, 157
Trd, 000078.900, 155
Trd, 000079.317, 154
Trd, 000079.533, 156
Trd, 000079.883, 152
Trd, 000081.400, 151
Trd, 000081.933, 155
Trd, 000082.450, 150
Trd, 000082.550, 153
Trd, 000083.500, 150
Trd, 000083.883, 151
Trd, 000085.133, 151
Trd, 000086.283, 160
Trd, 000086.350, 159
Trd, 000086.550, 163
Trd, 000086.700, 157
Trd, 000087.317, 160
Trd, 000087.500, 149
Trd, 000089.133, 164
Trd, 000089.483, 164
Trd, 000090.300, 164
Trd, 000090.500, 166
Trd, 000091.117, 164
Trd, 000092.267, 163
Trd, 000092.417, 162
Trd, 000093.450, 163
Trd, 000093.683, 163
Trd, 000094.100, 163
Trd, 000095.217, 162
Trd, 000095.317, 165
Trd, 000095.767, 162
Trd, 000096.083, 161
Trd, 000096.617, 158
Trd, 000096.867, 159
Trd, 000099.200, 159
Trd, 000099.283, 159
Trd, 000099.683, 160
Trd, 000099.933, 161
Trd, 000100.417, 160
Trd, 000100.883, 159
Trd, 000100.933, 162
Trd, 000101.233, 153
Trd, 000102.700, 157
Trd, 000102.783, 151
Trd, 000103.883, 160
Trd, 000103.950, 161
Trd, 000104.883, 158
Trd, 000105.150, 159
Trd, 000105.283, 157
Trd, 000105.633, 158
Trd, 000106.017, 158
Trd, 000106.417, 156
Trd, 000107.267, 157
Trd, 000107.283, 155
Trd, 000107.550, 159
Trd, 000109.350, 155
Trd, 000109.667, 160
Trd, 000109.717, 154
Trd, 000110.300, 158
Trd, 000111.533, 159
Trd, 000112.667, 158
Trd, 000112.717, 157
Trd, 000112.750, 157
Trd, 000112.983, 157
Trd, 000113.667, 155
Trd, 000113.700, 154
Trd, 000113.900, 154
Trd, 000114.317, 153
Trd, 000114.500, 155
Trd, 000116.183, 155
Trd, 000116.517, 154
Trd, 000117.200, 153
Trd, 000118.517, 153
Trd, 000119.133, 153
Trd, 000119.550, 155
Trd, 000120.033, 152
Trd, 000120.767, 152
Trd, 000120.883, 152
Trd, 000121.433, 157
Trd, 000121.667, 160
Trd, 000122.267, 180
Trd, 000122.300, 194
Trd, 000122.950, 201
Trd, 000123.133, 212
Trd, 000123.250, 186
Trd, 000123.617, 253
Trd, 000124.267, 217
Trd, 000124.767, 287
Trd, 000124.833, 303.0
Trd, 000125.083, 300
Trd, 000126.150, 306.0
Trd, 000127.267, 317.0
Trd, 000127.500, 328
Trd, 000128.200, 330.0
Trd, 000129.100, 329.0
Trd, 000130.267, 327.0
Trd, 000131.150, 328.0
Trd, 000131.950, 328
Trd, 000132.250, 329
Trd, 000133.217, 330
Trd, 000133.283, 331.0
Trd, 000134.650, 334.0
Trd, 000135.633, 337
Trd, 000136.067, 336
Trd, 000136.133, 337.0
Trd, 000136.317, 348.0
Trd, 000137.683, 340
Trd, 000138.050, 338
Trd, 000138.600, 338
Trd, 000138.850, 337.0
Trd, 000139.267, 341
Trd, 000139.983, 337
Trd, 000140.250, 337.0
Trd, 000141.667, 337
Trd, 000141.683, 338
Trd, 000141.967, 348.0
Trd, 000143.233, 337
Trd, 000143.717, 340
Trd, 000144.033, 341
Trd, 000144.100, 347
Trd, 000145.000, 344
Trd, 000145.300, 344.0
Trd, 000145.783, 344
Trd, 000145.850, 348.0
Trd, 000147.450, 348.0
Trd, 000147.517, 347
Trd, 000149.017, 347
Trd, 000149.983, 344
Trd, 000150.317, 346
Trd, 000150.367, 347
Trd, 000150.783, 344
Trd, 000151.800, 344
Trd, 000151.933, 343
Trd, 000152.000, 346
Trd, 000152.467, 342
Trd, 000153.033, 341.0
Trd, 000153.950, 342
Trd, 000154.150, 341
Trd, 000154.283, 348.0
Trd, 000154.567, 349
Trd, 000154.917, 341
Trd, 000156.400, 346
Trd, 000156.850, 344
Trd, 000157.050, 341.0
Trd, 000157.267, 342
Trd, 000157.650, 346
Trd, 000158.283, 343
Trd, 000158.650, 341
Trd, 000159.433, 343
Trd, 000161.717, 345
Trd, 000162.500, 346
Trd, 000162.633, 342
Trd, 000164.067, 344.0
Trd, 000164.217, 346
Trd, 000165.000, 343.0
Trd, 000165.100, 350
Trd, 000165.983, 347
Trd, 000166.167, 346
Trd, 000166.850, 346.0
Trd, 000167.350, 346.0
Trd, 000168.333, 345
Trd, 000168.833, 343
Trd, 000169.900, 346.0
Trd, 000170.167, 347.0
Trd, 000170.467, 347
Trd, 000170.633, 341.0
Trd, 000171.050, 351
Trd, 000171.800, 342
Trd, 000171.817, 339
Trd, 000171.967, 346
Trd, 000172.650, 330
Trd, 000173.950, 345
Trd, 000174.783, 344
Trd, 000174.867, 345
Trd, 000176.400, 347
Trd, 000176.450, 343
Trd, 000177.367, 348
Trd, 000177.917, 345.0
Trd, 000178.200, 341.0
Trd, 000178.450, 343
Trd, 000178.500, 347.0
Trd, 000179.800, 342
Trd, 000180.150, 343
Trd, 000180.533, 341.0
Trd, 000181.500, 342
Trd, 000182.100, 342
Trd, 000182.200, 341
Trd, 000182.833, 339
Trd, 000183.100, 337.0
Trd, 000183.433, 334
Trd, 000183.733, 327.0
Trd, 000184.467, 317.0
Trd, 000184.650, 287
Trd, 000185.000, 207
Trd, 000185.267, 190
Trd, 000185.917, 192
Trd, 000188.400, 183
Trd, 000188.700, 182
Trd, 000189.000, 182
Trd, 000190.267, 180
Trd, 000190.767, 181
Trd, 000191.167, 173
Trd, 000191.933, 177
Trd, 000192.333, 176
Trd, 000192.400, 170
Trd, 000192.517, 161
Trd, 000193.367, 172
Trd, 000194.200, 170
Trd, 000194.667, 168
Trd, 000194.733, 169
Trd, 000195.100, 166
Trd, 000195.117, 170
Trd, 000196.017, 176
Trd, 000196.567, 178
Trd, 000197.133, 181
Trd, 000198.133, 179
Trd, 000199.233, 178
Trd, 000199.250, 167
Trd, 000199.317, 162
Trd, 000200.967, 173
Trd, 000201.400, 173
Trd, 000202.150, 172
Trd, 000202.333, 172
Trd, 000202.400, 179
Trd, 000202.900, 175
Trd, 000203.850, 175
Trd, 000204.050, 174
Trd, 000205.200, 174
Trd, 000205.383, 173
Trd, 000206.833, 173
Trd, 000207.500, 173
Trd, 000207.583, 171
Trd, 000208.000, 172
Trd, 000208.300, 170
Trd, 000210.000, 169
Trd, 000210.133, 166
Trd, 000211.300, 170
Trd, 000211.500, 170
Trd, 000211.967, 170
Trd, 000212.167, 169
Trd, 000212.467, 167
Trd, 000212.900, 171
Trd, 000213.767, 172
Trd, 000214.817, 172
Trd, 000214.850, 173
Trd, 000215.017, 166
Trd, 000215.517, 170
Trd, 000216.000, 170
Trd, 000216.300, 171
Trd, 000217.150, 171
Trd, 000217.350, 171
Trd, 000218.683, 170
Trd, 000218.700, 169
Trd, 000219.383, 170
Trd, 000219.500, 169
Trd, 000219.967, 167
Trd, 000220.617, 164
Trd, 000221.350, 170
Trd, 000222.117, 169
Trd, 000222.750, 169
Trd, 000222.800, 169
Trd, 000223.417, 169
Trd, 000223.500, 170
Trd, 000224.583, 168
Trd, 000224.900, 173
Trd, 000225.217, 165
Trd, 000225.450, 163
Trd, 000226.467, 161
Trd, 000227.333, 167
Trd, 000227.917, 167
Trd, 000228.017, 166
Trd, 000229.517, 166
Trd, 000229.617, 167
Trd, 000230.183, 165
Trd, 000230.500, 165
Trd, 000231.267, 165
Trd, 000232.367, 165
Trd, 000232.617, 165
Trd, 000233.000, 167
Trd, 000233.633, 167
Trd, 000234.167, 165
Trd, 000234.467, 165
Trd, 000235.600, 167
Trd, 000235.833, 167
Trd, 000236.467, 167
Trd, 000236.817, 168
Trd, 000237.100, 168
Trd, 000237.867, 171
Trd, 000238.150, 171
Trd, 000238.333, 169
Trd, 000239.150, 171
Trd, 000239.250, 161
Trd, 000240.167, 170
Trd, 000240.383, 171
Trd, 000241.050, 172
Trd, 000241.250, 172
Trd, 000241.417, 171
Trd, 000241.633, 170
Trd, 000241.750, 172
Trd, 000243.300, 170
Trd, 000243.533, 169
Trd, 000244.033, 170
Trd, 000244.150, 168
Trd, 000244.500, 169
Trd, 000244.567, 167
Trd, 000244.933, 170
Trd, 000245.267, 179
Trd, 000245.367, 167
Trd, 000246.600, 181
Trd, 000247.483, 183
Trd, 000247.567, 185
Trd, 000248.217, 186
Trd, 000248.967, 185
Trd, 000249.567, 186
Trd, 000249.900, 188
Trd, 000249.967, 185
Trd, 000250.883, 184
Trd, 000250.983, 183
Trd, 000251.150, 182
Trd, 000251.350, 182
Trd, 000252.167, 179
Trd, 000252.583, 181
Trd, 000253.600, 179
Trd, 000254.217, 177
Trd, 000254.567, 178
Trd, 000255.000, 179
Trd, 000255.083, 178
Trd, 000255.200, 176
Trd, 000256.500, 177
Trd, 000256.850, 174
Trd, 000258.133, 179
Trd, 000258.350, 174
Trd, 000258.550, 170
Trd, 000258.583, 172
Trd, 000258.917, 174
Trd, 000259.367, 177
Trd, 000259.650, 172
Trd, 000260.467, 175
Trd, 000260.683, 177
Trd, 000262.133, 176
Trd, 000262.517, 174
Trd, 000262.667, 169
Trd, 000263.567, 177
Trd, 000263.867, 173
Trd, 000265.233, 176
Trd, 000265.383, 177
Trd, 000265.500, 178
Trd, 000265.833, 174
Trd, 000266.167, 176
Trd, 000266.367, 178
Trd, 000267.100, 183
Trd, 000267.333, 187
Trd, 000267.983, 178
Trd, 000268.200, 177
Trd, 000268.933, 181
Trd, 000269.183, 181
Trd, 000269.233, 180
Trd, 000270.150, 182
Trd, 000270.783, 179
Trd, 000271.200, 178
Trd, 000271.933, 178
Trd, 000272.817, 176
Trd, 000272.850, 179
Trd, 000273.450, 180
Trd, 000274.017, 182
Trd, 000274.967, 181
Trd, 000275.233, 179
Trd, 000275.667, 178
Trd, 000275.883, 180
Trd, 000276.133, 181
Trd, 000276.317, 178
Trd, 000276.400, 182
Trd, 000276.533, 182
Trd, 000277.250, 184
Trd, 000278.567, 184
Trd, 000278.833, 183
Trd, 000278.950, 187
Trd, 000279.017, 183
Trd, 000279.333, 179
Trd, 000279.350, 176
Trd, 000280.083, 183
Trd, 000280.200, 179
Trd, 000281.267, 179
Trd, 000281.500, 179
Trd, 000281.667, 176
Trd, 000281.683, 171
Trd, 000282.050, 176
Trd, 000282.683, 174
Trd, 000282.867, 177
Trd, 000283.250, 173
Trd, 000283.317, 172
Trd, 000283.983, 183
Trd, 000284.567, 171
Trd, 000284.733, 176
Trd, 000285.217, 179
Trd, 000285.950, 176
Trd, 000286.550, 179
Trd, 000286.583, 180
Trd, 000286.700, 180
Trd, 000286.733, 183
Trd, 000288.200, 178
Trd, 000288.350, 183
Trd, 000288.533, 178
Trd, 000289.583, 180
Trd, 000290.700, 184
Trd, 000290.750, 181
Trd, 000291.117, 180
Trd, 000291.267, 180
Trd, 000291.600, 173
Trd, 000292.400, 178
Trd, 000292.783, 173
Trd, 000292.900, 172
Trd, 000293.133, 176
Trd, 000293.233, 170
Trd, 000293.533, 174
Trd, 000294.317, 168
Trd, 000294.433, 168
Trd, 000294.467, 169
Trd, 000294.500, 166
Trd, 000294.933, 165
Trd, 000295.167, 165
Trd, 000295.333, 169
Trd, 000295.617, 193
Trd, 000298.067, 200
Trd, 000298.683, 199
Trd, 000298.900, 192
Trd, 000299.250, 192
Trd, 000299.333, 194
Trd, 000299.500, 190
Trd, 000299.983, 186
