Trd, 000002.933, 142
Trd, 000003.033, 103
Trd, 000003.850, 122
Trd, 000003.917, 137
Trd, 000004.967, 142
Trd, 000005.033, 139
Trd, 000005.367, 139
Trd, 000005.967, 143
Trd, 000006.033, 155
Trd, 000006.067, 139
Trd, 000007.700, 151
Trd, 000008.067, 152
Trd, 000008.783, 150
Trd, 000009.500, 152
Trd, 000010.000, 159
Trd, 000010.867, 156
Trd, 000011.533, 153
Trd, 000012.183, 158
Trd, 000012.767, 157
Trd, 000012.867, 155
Trd, 000013.067, 153
Trd, 000013.500, 138
Trd, 000014.800, 152
Trd, 000014.883, 153
Trd, 000015.117, 147
Trd, 000015.167, 146
Trd, 000015.633, 156
Trd, 000017.017, 153
Trd, 000018.317, 151
Trd, 000019.117, 151
Trd, 000019.250, 149
Trd, 000019.483, 149
Trd, 000020.117, 150
Trd, 000020.150, 149
Trd, 000020.267, 154
Trd, 000020.333, 157
Trd, 000020.850, 160
Trd, 000020.967, 164
Trd, 000023.017, 163
Trd, 000023.750, 161
Trd, 000023.950, 161
Trd, 000024.217, 162
Trd, 000024.450, 157
Trd, 000024.867, 157
Trd, 000025.067, 159
Trd, 000025.383, 163
Trd, 000026.017, 164
Trd, 000026.033, 167
Trd, 000026.233, 170
Trd, 000026.400, 170
Trd, 000026.567, 157
Trd, 000027.767, 165
Trd, 000028.450, 145
Trd, 000028.983, 154
Trd, 000029.050, 143
Trd, 000029.933, 158
Trd, 000031.283, 150
Trd, 000031.567, 153
Trd, 000031.783, 149
Trd, 000032.433, 150
Trd, 000032.867, 147
Trd, 000032.883, 150
Trd, 000033.467, 150
Trd, 000033.583, 154
Trd, 000033.917, 150
Trd, 000033.983, 149
Trd, 000035.600, 151
Trd, 000035.733, 158
Trd, 000036.083, 168
Trd, 000036.600, 161
Trd, 000037.367, 160
Trd, 000037.467, 143
Trd, 000038.050, 141
Trd, 000038.150, 139
Trd, 000038.367, 159
Trd, 000038.383, 160
Trd, 000038.700, 144
Trd, 000038.833, 164
Trd, 000038.850, 166
Trd, 000040.650, 152
Trd, 000040.667, 155
Trd, 000042.067, 157
Trd, 000042.133, 157
Trd, 000042.183, 166
Trd, 000042.233, 169
Trd, 000042.933, 159
Trd, 000043.983, 161
Trd, 000044.033, 162
Trd, 000044.467, 161
Trd, 000044.783, 152
Trd, 000044.933, 149
Trd, 000045.600, 148
Trd, 000047.133, 151
Trd, 000047.750, 153
Trd, 000047.850, 154
Trd, 000047.967, 152
Trd, 000048.383, 151
Trd, 000048.950, 156
Trd, 000049.367, 160
Trd, 000049.733, 167
Trd, 000050.533, 158
Trd, 000050.950, 160
Trd, 000051.567, 158
Trd, 000051.700, 162
Trd, 000052.083, 161
Trd, 000053.233, 170
Trd, 000053.800, 165
Trd, 000054.200, 141
Trd, 000054.700, 159
Trd, 000054.767, 158
Trd, 000055.400, 159
Trd, 000055.650, 160
Trd, 000055.783, 163
Trd, 000057.250, 156
Trd, 000057.767, 158
Trd, 000058.150, 153
Trd, 000058.200, 145
Trd, 000059.167, 158
Trd, 000059.867, 155
Trd, 000060.167, 156
Trd, 000060.300, 157
Trd, 000062.017, 167
Trd, 000062.633, 162
Trd, 000062.733, 162
Trd, 000063.117, 161
Trd, 000063.300, 167
Trd, 000063.467, 168
Trd, 000065.483, 156
Trd, 000065.850, 157
Trd, 000066.050, 156
Trd, 000066.317, 154
Trd, 000067.267, 153
Trd, 000067.333, 154
Trd, 000067.500, 148
Trd, 000068.550, 146
Trd, 000069.000, 155
Trd, 000069.200, 156
Trd, 000069.517, 158
Trd, 000069.717, 169
Trd, 000070.233, 162
Trd, 000070.250, 172
Trd, 000070.800, 167
Trd, 000070.883, 165
Trd, 000071.117, 164
Trd, 000072.933, 143
Trd, 000073.367, 153
Trd, 000074.133, 153
Trd, 000074.250, 154
Trd, 000074.517, 152
Trd, 000074.750, 154
Trd, 000074.817, 158
Trd, 000075.633, 159
Trd, 000076.100, 168
Trd, 000076.183, 169
Trd, 000076.300, 172
Trd, 000077.317, 159
Trd, 000078.633, 171
Trd, 000078.700, 170
Trd, 000079.117, 171
Trd, 000079.483, 166
Trd, 000080.050, 157
Trd, 000080.133, 170
Trd, 000080.650, 170
Trd, 000081.500, 163
Trd, 000081.833, 171
Trd, 000082.200, 170
Trd, 000083.083, 164
Trd, 000083.533, 170
Trd, 000083.917, 163
Trd, 000084.183, 160
Trd, 000085.050, 163
Trd, 000085.583, 158
Trd, 000085.817, 159
Trd, 000085.833, 160
Trd, 000087.017, 160
Trd, 000087.233, 164
Trd, 000087.267, 158
Trd, 000087.733, 157
Trd, 000088.300, 160
Trd, 000088.783, 159
Trd, 000088.850, 160
Trd, 000089.167, 160
Trd, 000090.100, 156
Trd, 000091.283, 157
Trd, 000091.967, 156
Trd, 000092.233, 158
Trd, 000093.567, 160
Trd, 000093.817, 158
Trd, 000094.083, 149
Trd, 000094.283, 160
Trd, 000094.917, 159
Trd, 000095.400, 163
Trd, 000095.733, 164
Trd, 000095.950, 170
Trd, 000096.367, 171
Trd, 000097.183, 170
Trd, 000097.567, 166
Trd, 000097.917, 167
Trd, 000098.450, 168
Trd, 000098.583, 175
Trd, 000099.417, 171
Trd, 000099.750, 169
Trd, 000099.800, 166
Trd, 000100.083, 158
Trd, 000100.983, 151
Trd, 000101.283, 165
Trd, 000102.683, 158
Trd, 000104.000, 156
Trd, 000104.717, 150
Trd, 000104.867, 148
Trd, 000104.917, 154
Trd, 000105.433, 154
Trd, 000105.783, 157
Trd, 000108.033, 162
Trd, 000108.067, 173
Trd, 000108.533, 161
Trd, 000109.133, 161
Trd, 000110.317, 165
Trd, 000110.483, 166
Trd, 000110.633, 161
Trd, 000110.867, 166
Trd, 000111.117, 160
Trd, 000111.150, 173
Trd, 000112.483, 152
Trd, 000113.117, 151
Trd, 000113.133, 161
Trd, 000113.317, 146
Trd, 000114.017, 153
Trd, 000114.950, 160
Trd, 000115.000, 161
Trd, 000116.633, 158
Trd, 000116.767, 158
Trd, 000117.083, 159
Trd, 000118.333, 161
Trd, 000118.883, 161
Trd, 000119.383, 162
Trd, 000119.467, 162
Trd, 000119.717, 161
Trd, 000120.200, 163
Trd, 000121.400, 162
Trd, 000121.983, 167
Trd, 000122.483, 174
Trd, 000122.667, 180
Trd, 000122.867, 191
Trd, 000123.050, 214
Trd, 000123.117, 222
Trd, 000123.667, 167
Trd, 000123.700, 179
Trd, 000123.783, 321
Trd, 000124.317, 330.0
Trd, 000124.867, 303.0
Trd, 000125.400, 331.0
Trd, 000125.683, 351.0
Trd, 000126.083, 340
Trd, 000126.100, 338
Trd, 000127.083, 355.0
Trd, 000127.933, 351.0
Trd, 000128.083, 336
Trd, 000129.633, 359.0
Trd, 000129.817, 360.0
Trd, 000131.067, 353
Trd, 000131.200, 360.0
Trd, 000131.583, 355
Trd, 000131.600, 365.0
Trd, 000131.667, 355.0
Trd, 000132.167, 355.0
Trd, 000132.883, 349.0
Trd, 000133.250, 362
Trd, 000133.750, 362
Trd, 000134.883, 350
Trd, 000135.483, 348
Trd, 000135.900, 348.0
Trd, 000135.950, 348
Trd, 000136.317, 351.0
Trd, 000136.833, 350.0
Trd, 000136.867, 348
Trd, 000137.400, 341
Trd, 000139.133, 336
Trd, 000139.500, 347
Trd, 000139.617, 335
Trd, 000140.833, 348
Trd, 000141.000, 348
Trd, 000141.083, 349
Trd, 000141.900, 347
Trd, 000142.517, 348
Trd, 000142.550, 350
Trd, 000143.467, 347
Trd, 000143.917, 342
Trd, 000144.150, 350.0
Trd, 000144.950, 351.0
Trd, 000145.150, 344
Trd, 000145.300, 344
Trd, 000145.717, 343
Trd, 000146.433, 341
Trd, 000146.500, 348
Trd, 000147.400, 354.0
Trd, 000147.450, 340
Trd, 000148.917, 352
Trd, 000149.067, 353
Trd, 000149.200, 341
Trd, 000149.250, 362
Trd, 000150.600, 344
Trd, 000150.667, 351.0
Trd, 000151.033, 345
Trd, 000151.233, 359
Trd, 000151.450, 339
Trd, 000152.767, 353
Trd, 000153.733, 342
Trd, 000154.700, 348
Trd, 000155.817, 346
Trd, 000155.950, 355.0
Trd, 000155.983, 345
Trd, 000156.633, 347
Trd, 000156.933, 351.0
Trd, 000157.233, 354
Trd, 000157.767, 349
Trd, 000158.167, 361
Trd, 000158.767, 348
Trd, 000159.433, 354
Trd, 000159.450, 362
Trd, 000159.767, 348
Trd, 000160.100, 347
Trd, 000162.200, 350.0
Trd, 000162.583, 347
Trd, 000162.783, 350.0
Trd, 000163.150, 340
Trd, 000163.350, 350.0
Trd, 000163.533, 351.0
Trd, 000164.183, 354
Trd, 000165.367, 343
Trd, 000165.450, 352
Trd, 000165.917, 343
Trd, 000166.217, 351.0
Trd, 000166.800, 342
Trd, 000168.850, 346
Trd, 000169.333, 347
Trd, 000169.967, 352
Trd, 000170.500, 346
Trd, 000170.900, 344
Trd, 000171.350, 351.0
Trd, 000171.667, 347
Trd, 000171.800, 352
Trd, 000172.600, 349
Trd, 000172.983, 353
Trd, 000173.133, 345
Trd, 000174.400, 349.0
Trd, 000176.367, 350.0
Trd, 000177.033, 350
Trd, 000177.750, 350
Trd, 000178.533, 350.0
Trd, 000179.000, 349
Trd, 000179.100, 348.0
Trd, 000179.583, 351.0
Trd, 000179.783, 352
Trd, 000180.867, 349
Trd, 000181.400, 350
Trd, 000181.450, 349
Trd, 000181.533, 347
Trd, 000181.700, 340
Trd, 000181.967, 331.0
Trd, 000181.983, 349.0
Trd, 000182.650, 335
Trd, 000182.850, 306.0
Trd, 000182.933, 298
Trd, 000184.133, 231
Trd, 000184.150, 207
Trd, 000184.750, 202
Trd, 000186.117, 184
Trd, 000186.783, 183
Trd, 000187.433, 181
Trd, 000188.100, 180
Trd, 000189.300, 177
Trd, 000189.867, 177
Trd, 000190.200, 174
Trd, 000190.600, 172
Trd, 000190.833, 180
Trd, 000190.933, 182
Trd, 000191.350, 183
Trd, 000191.550, 179
Trd, 000191.783, 178
Trd, 000192.017, 177
Trd, 000192.133, 184
Trd, 000192.217, 181
Trd, 000192.617, 175
Trd, 000193.033, 170
Trd, 000194.217, 175
Trd, 000195.550, 178
Trd, 000196.467, 179
Trd, 000196.633, 174
Trd, 000196.883, 181
Trd, 000197.283, 168
Trd, 000198.233, 182
Trd, 000199.883, 178
Trd, 000199.917, 178
Trd, 000200.350, 178
Trd, 000200.467, 177
Trd, 000200.550, 175
Trd, 000201.400, 171
Trd, 000201.633, 168
Trd, 000202.967, 174
Trd, 000203.300, 175
Trd, 000203.750, 169
Trd, 000204.967, 169
Trd, 000205.350, 169
Trd, 000206.050, 162
Trd, 000207.183, 167
Trd, 000207.333, 168
Trd, 000207.467, 168
Trd, 000208.217, 168
Trd, 000208.333, 175
Trd, 000208.517, 166
Trd, 000208.917, 172
Trd, 000209.850, 172
Trd, 000209.883, 166
Trd, 000210.383, 166
Trd, 000210.500, 173
Trd, 000211.850, 166
Trd, 000212.417, 171
Trd, 000212.533, 164
Trd, 000212.650, 172
Trd, 000213.550, 169
Trd, 000213.950, 169
Trd, 000214.183, 170
Trd, 000214.717, 171
Trd, 000215.233, 171
Trd, 000215.550, 172
Trd, 000215.617, 170
Trd, 000216.100, 176
Trd, 000216.517, 184
Trd, 000218.150, 176
Trd, 000218.300, 172
Trd, 000218.450, 177
Trd, 000218.533, 170
Trd, 000218.600, 187
Trd, 000218.717, 162
Trd, 000219.183, 166
Trd, 000219.333, 189
Trd, 000219.833, 176
Trd, 000219.850, 195
Trd, 000220.050, 178
Trd, 000221.117, 187
Trd, 000221.333, 188
Trd, 000223.117, 184
Trd, 000223.617, 181
Trd, 000224.433, 182
Trd, 000225.783, 181
Trd, 000225.950, 179
Trd, 000226.433, 178
Trd, 000226.700, 178
Trd, 000227.833, 178
Trd, 000227.900, 175
Trd, 000228.017, 171
Trd, 000228.567, 170
Trd, 000229.450, 177
Trd, 000229.633, 179
Trd, 000229.917, 165
Trd, 000231.200, 175
Trd, 000232.100, 171
Trd, 000232.133, 171
Trd, 000232.483, 167
Trd, 000232.800, 170
Trd, 000232.917, 171
Trd, 000233.867, 172
Trd, 000234.300, 173
Trd, 000235.550, 174
Trd, 000235.700, 171
Trd, 000236.633, 173
Trd, 000237.200, 172
Trd, 000237.350, 170
Trd, 000238.017, 179
Trd, 000239.100, 184
Trd, 000239.783, 184
Trd, 000240.083, 175
Trd, 000240.467, 179
Trd, 000240.533, 175
Trd, 000241.250, 179
Trd, 000241.717, 176
Trd, 000242.117, 177
Trd, 000242.133, 179
Trd, 000242.217, 179
Trd, 000242.350, 176
Trd, 000242.667, 174
Trd, 000243.417, 179
Trd, 000243.633, 181
Trd, 000244.133, 178
Trd, 000244.217, 183
Trd, 000245.333, 178
Trd, 000245.400, 176
Trd, 000246.467, 177
Trd, 000246.767, 178
Trd, 000247.083, 173
Trd, 000247.767, 178
Trd, 000248.183, 180
Trd, 000248.283, 168
Trd, 000249.717, 168
Trd, 000249.750, 165
Trd, 000250.417, 175
Trd, 000250.500, 176
Trd, 000250.667, 169
Trd, 000251.150, 173
Trd, 000252.100, 172
Trd, 000252.233, 174
Trd, 000252.500, 170
Trd, 000252.783, 176
Trd, 000253.333, 179
Trd, 000253.433, 180
Trd, 000253.650, 183
Trd, 000253.800, 178
Trd, 000254.667, 186
Trd, 000254.717, 182
Trd, 000254.900, 179
Trd, 000255.233, 178
Trd, 000255.600, 179
Trd, 000256.167, 179
Trd, 000256.800, 183
Trd, 000257.167, 184
Trd, 000257.483, 181
Trd, 000257.583, 178
Trd, 000258.017, 170
Trd, 000258.500, 179
Trd, 000259.383, 177
Trd, 000259.567, 181
Trd, 000259.783, 181
Trd, 000259.933, 182
Trd, 000260.050, 184
Trd, 000260.183, 188
Trd, 000260.617, 182
Trd, 000260.917, 190
Trd, 000261.333, 180
Trd, 000261.383, 179
Trd, 000262.350, 177
Trd, 000262.883, 176
Trd, 000263.250, 177
Trd, 000263.867, 176
Trd, 000264.317, 177
Trd, 000265.050, 177
Trd, 000265.283, 175
Trd, 000265.800, 177
Trd, 000266.150, 174
Trd, 000266.233, 176
Trd, 000267.250, 181
Trd, 000267.333, 179
Trd, 000267.383, 174
Trd, 000267.517, 188
Trd, 000267.833, 178
Trd, 000268.967, 178
Trd, 000269.317, 177
Trd, 000270.617, 179
Trd, 000270.917, 180
Trd, 000271.167, 175
Trd, 000272.033, 178
Trd, 000272.483, 175
Trd, 000273.067, 178
Trd, 000273.267, 175
Trd, 000273.700, 174
Trd, 000274.167, 177
Trd, 000274.300, 177
Trd, 000275.300, 177
Trd, 000275.733, 176
Trd, 000275.950, 176
Trd, 000276.017, 179
Trd, 000276.150, 182
Trd, 000276.500, 179
Trd, 000277.017, 179
Trd, 000277.100, 178
Trd, 000277.333, 185
Trd, 000277.350, 174
Trd, 000277.783, 185
Trd, 000277.883, 169
Trd, 000277.983, 179
Trd, 000279.583, 181
Trd, 000280.767, 184
Trd, 000281.100, 182
Trd, 000281.333, 184
Trd, 000281.883, 182
Trd, 000282.200, 183
Trd, 000282.733, 184
Trd, 000282.933, 186
Trd, 000283.233, 190
Trd, 000284.100, 190
Trd, 000284.517, 182
Trd, 000284.550, 193
Trd, 000284.733, 181
Trd, 000285.183, 189
Trd, 000285.200, 180
Trd, 000285.450, 195
Trd, 000285.950, 183
Trd, 000286.717, 182
Trd, 000287.483, 192
Trd, 000287.767, 191
Trd, 000288.083, 188
Trd, 000288.350, 180
Trd, 000289.767, 182
Trd, 000290.317, 182
Trd, 000290.383, 183
Trd, 000290.717, 177
Trd, 000290.917, 184
Trd, 000291.933, 182
Trd, 000292.117, 180
Trd, 000292.433, 181
Trd, 000293.150, 184
Trd, 000293.300, 185
Trd, 000293.750, 178
Trd, 000294.033, 180
Trd, 000294.733, 191
Trd, 000295.800, 185
Trd, 000296.067, 181
Trd, 000296.150, 185
Trd, 000296.750, 182
Trd, 000297.317, 181
Trd, 000297.800, 183
Trd, 000297.867, 182
Trd, 000298.100, 183
Trd, 000298.383, 184
Trd, 000298.500, 184
Trd, 000298.983, 188
Trd, 000299.300, 182
Trd, 000299.817, 193
