Trd, 000001.333, 113
Trd, 000001.433, 156
Trd, 000003.033, 135
Trd, 000003.933, 160
Trd, 000004.250, 163
Trd, 000004.817, 133
Trd, 000004.933, 132
Trd, 000005.233, 128
Trd, 000005.267, 145
Trd, 000006.167, 148
Trd, 000006.450, 145
Trd, 000007.483, 146
Trd, 000007.800, 148
Trd, 000007.900, 150
Trd, 000007.917, 152
Trd, 000008.367, 146
Trd, 000008.533, 145
Trd, 000010.917, 146
Trd, 000012.467, 140
Trd, 000012.600, 149
Trd, 000013.417, 138
Trd, 000013.650, 159
Trd, 000014.083, 159
Trd, 000014.267, 144
Trd, 000014.700, 156
Trd, 000015.667, 144
Trd, 000016.400, 152
Trd, 000017.667, 147
Trd, 000018.117, 151
Trd, 000018.800, 149
Trd, 000020.217, 146
Trd, 000020.433, 146
Trd, 000020.533, 141
Trd, 000022.483, 142
Trd, 000024.233, 147
Trd, 000024.533, 146
Trd, 000024.833, 142
Trd, 000025.300, 146
Trd, 000025.367, 148
Trd, 000025.450, 153
Trd, 000025.817, 139
Trd, 000026.333, 135
Trd, 000027.483, 125
Trd, 000027.750, 143
Trd, 000027.950, 146
Trd, 000027.983, 130
Trd, 000028.550, 147
Trd, 000029.433, 129
Trd, 000031.467, 147
Trd, 000031.917, 140
Trd, 000032.050, 133
Trd, 000032.283, 140
Trd, 000032.317, 147
Trd, 000032.733, 149
Trd, 000032.883, 154
Trd, 000033.017, 139
Trd, 000033.350, 158
Trd, 000035.200, 158
Trd, 000035.417, 157
Trd, 000035.450, 136
Trd, 000035.900, 151
Trd, 000036.250, 156
Trd, 000037.617, 155
Trd, 000038.467, 157
Trd, 000039.167, 156
Trd, 000039.283, 153
Trd, 000039.567, 148
Trd, 000039.783, 133
Trd, 000039.867, 132
Trd, 000040.633, 144
Trd, 000041.200, 159
Trd, 000041.950, 148
Trd, 000042.317, 148
Trd, 000045.017, 149
Trd, 000045.133, 150
Trd, 000045.183, 149
Trd, 000045.417, 142
Trd, 000045.433, 153
Trd, 000045.500, 156
Trd, 000045.933, 162
Trd, 000046.083, 141
Trd, 000048.367, 154
Trd, 000049.283, 152
Trd, 000049.883, 151
Trd, 000050.433, 151
Trd, 000051.417, 151
Trd, 000051.817, 154
Trd, 000052.000, 155
Trd, 000052.383, 157
Trd, 000053.217, 156
Trd, 000053.300, 152
Trd, 000053.333, 150
Trd, 000053.967, 150
Trd, 000054.483, 150
Trd, 000054.683, 139
Trd, 000055.267, 151
Trd, 000056.200, 150
Trd, 000056.450, 143
Trd, 000056.583, 140
Trd, 000056.883, 143
Trd, 000058.267, 133
Trd, 000059.983, 155
Trd, 000060.183, 154
Trd, 000060.217, 150
Trd, 000060.283, 157
Trd, 000060.300, 161
Trd, 000060.733, 143
Trd, 000060.833, 164
Trd, 000060.933, 148
Trd, 000061.767, 150
Trd, 000062.717, 172
Trd, 000062.767, 177
Trd, 000063.083, 172
Trd, 000063.267, 168
Trd, 000064.150, 136
Trd, 000064.717, 132
Trd, 000065.817, 133
Trd, 000065.850, 140
Trd, 000066.100, 162
Trd, 000066.300, 132
Trd, 000067.133, 164
Trd, 000067.183, 141
Trd, 000067.350, 134
Trd, 000067.383, 165
Trd, 000067.917, 131
Trd, 000068.967, 146
Trd, 000069.967, 148
Trd, 000071.617, 154
Trd, 000071.833, 158
Trd, 000072.300, 163
Trd, 000072.400, 155
Trd, 000072.533, 153
Trd, 000072.950, 151
Trd, 000073.183, 163
Trd, 000073.533, 150
Trd, 000074.367, 140
Trd, 000077.933, 152
Trd, 000078.117, 146
Trd, 000078.817, 153
Trd, 000078.883, 149
Trd, 000079.683, 154
Trd, 000079.700, 159
Trd, 000079.800, 148
Trd, 000080.083, 146
Trd, 000080.350, 144
Trd, 000082.300, 154
Trd, 000082.350, 156
Trd, 000083.067, 152
Trd, 000083.100, 153
Trd, 000083.583, 159
Trd, 000083.750, 165
Trd, 000084.383, 166
Trd, 000084.550, 141
Trd, 000084.717, 135
Trd, 000085.067, 144
Trd, 000085.950, 131
Trd, 000086.850, 136
Trd, 000087.400, 147
Trd, 000088.483, 152
Trd, 000089.350, 153
Trd, 000089.933, 146
Trd, 000089.967, 144
Trd, 000091.383, 146
Trd, 000092.117, 148
Trd, 000092.483, 146
Trd, 000092.550, 160
Trd, 000093.150, 154
Trd, 000094.133, 153
Trd, 000094.383, 153
Trd, 000094.617, 154
Trd, 000095.383, 152
Trd, 000095.650, 160
Trd, 000096.383, 150
Trd, 000096.600, 156
Trd, 000096.717, 165
Trd, 000098.067, 151
Trd, 000098.117, 167
Trd, 000098.333, 147
Trd, 000098.583, 140
Trd, 000099.183, 149
Trd, 000099.833, 136
Trd, 000100.517, 141
Trd, 000100.917, 152
Trd, 000101.300, 136
Trd, 000101.817, 154
Trd, 000102.217, 135
Trd, 000103.117, 137
Trd, 000104.967, 156
Trd, 000105.433, 160
Trd, 000105.517, 154
Trd, 000106.233, 148
Trd, 000106.367, 157
Trd, 000106.700, 151
Trd, 000106.783, 158
Trd, 000107.433, 150
Trd, 000107.583, 162
Trd, 000107.900, 149
Trd, 000109.917, 151
Trd, 000109.967, 152
Trd, 000110.750, 153
Trd, 000110.800, 150
Trd, 000111.150, 166
Trd, 000113.650, 158
Trd, 000113.683, 157
Trd, 000113.933, 155
Trd, 000114.700, 159
Trd, 000114.933, 158
Trd, 000115.383, 161
Trd, 000115.433, 157
Trd, 000115.783, 162
Trd, 000116.350, 165
Trd, 000116.417, 165
Trd, 000116.667, 166
Trd, 000117.333, 157
Trd, 000117.400, 156
Trd, 000118.617, 154
Trd, 000118.933, 163
Trd, 000119.217, 136
Trd, 000119.883, 161
Trd, 000120.300, 163
Trd, 000121.850, 160
Trd, 000121.883, 161
Trd, 000122.133, 167
Trd, 000122.233, 170
Trd, 000122.550, 175
Trd, 000122.750, 191
Trd, 000122.800, 192
Trd, 000123.200, 201
Trd, 000124.033, 208
Trd, 000124.433, 212
Trd, 000124.500, 230
Trd, 000124.850, 254
Trd, 000124.950, 300.0
Trd, 000125.233, 306.0
Trd, 000126.367, 313.0
Trd, 000127.317, 341.0
Trd, 000127.417, 356
Trd, 000129.083, 338
Trd, 000129.417, 337
Trd, 000129.883, 341
Trd, 000130.517, 352
Trd, 000130.983, 345
Trd, 000131.383, 341
Trd, 000131.583, 337.0
Trd, 000132.250, 346
Trd, 000132.417, 344.0
Trd, 000133.150, 346
Trd, 000133.517, 344
Trd, 000133.700, 355
Trd, 000133.750, 339
Trd, 000135.100, 329
Trd, 000135.600, 327.0
Trd, 000135.700, 341.0
Trd, 000136.000, 333
Trd, 000136.633, 329
Trd, 000136.917, 342
Trd, 000138.400, 344
Trd, 000138.450, 327
Trd, 000139.867, 345
Trd, 000140.283, 331
Trd, 000140.367, 330
Trd, 000141.350, 340
Trd, 000143.083, 340
Trd, 000144.100, 339
Trd, 000144.383, 330
Trd, 000144.450, 332
Trd, 000145.250, 336
Trd, 000145.833, 336
Trd, 000145.950, 335
Trd, 000146.817, 339
Trd, 000147.900, 326
Trd, 000148.000, 344
Trd, 000148.200, 324.0
Trd, 000148.283, 351
Trd, 000148.883, 353
Trd, 000150.167, 344.0
Trd, 000150.233, 335
Trd, 000152.683, 345
Trd, 000152.967, 343
Trd, 000153.267, 346
Trd, 000153.700, 347
Trd, 000154.033, 344.0
Trd, 000154.217, 348
Trd, 000154.550, 343
Trd, 000155.833, 346
Trd, 000156.783, 345
Trd, 000156.900, 344
Trd, 000157.167, 337.0
Trd, 000157.683, 356
Trd, 000159.317, 340
Trd, 000159.900, 344.0
Trd, 000160.233, 351
Trd, 000160.367, 352
Trd, 000161.083, 345
Trd, 000162.367, 351
Trd, 000162.450, 345
Trd, 000163.133, 351
Trd, 000163.983, 344.0
Trd, 000164.117, 343
Trd, 000164.417, 337.0
Trd, 000166.200, 332
Trd, 000166.767, 327.0
Trd, 000168.100, 344
Trd, 000169.350, 344.0
Trd, 000169.967, 338.0
Trd, 000170.000, 347
Trd, 000170.183, 337.0
Trd, 000170.400, 335
Trd, 000170.550, 350
Trd, 000171.317, 334
Trd, 000171.367, 326
Trd, 000173.033, 328
Trd, 000173.417, 351
Trd, 000173.867, 324.0
Trd, 000174.750, 342
Trd, 000175.483, 327.0
Trd, 000175.550, 344
Trd, 000175.967, 351
Trd, 000176.033, 342
Trd, 000176.167, 355
Trd, 000176.650, 325
Trd, 000176.733, 350
Trd, 000178.383, 336
Trd, 000179.050, 351
Trd, 000179.583, 343
Trd, 000180.733, 344.0
Trd, 000181.267, 346
Trd, 000181.867, 345
Trd, 000181.883, 337.0
Trd, 000182.000, 337
Trd, 000183.100, 323
Trd, 000184.000, 320.0
Trd, 000184.450, 309
Trd, 000185.250, 315
Trd, 000185.383, 273
Trd, 000185.467, 218
Trd, 000186.383, 190
Trd, 000186.517, 185
Trd, 000187.467, 186
Trd, 000188.633, 184
Trd, 000189.667, 183
Trd, 000190.100, 183
Trd, 000190.583, 181
Trd, 000191.000, 183
Trd, 000191.083, 188
Trd, 000192.733, 182
Trd, 000193.367, 156
Trd, 000193.617, 149
Trd, 000193.917, 183
Trd, 000193.950, 181
Trd, 000194.833, 163
Trd, 000196.250, 157
Trd, 000196.283, 156
Trd, 000196.567, 161
Trd, 000196.850, 171
Trd, 000198.017, 164
Trd, 000198.233, 172
Trd, 000198.717, 176
Trd, 000198.983, 164
Trd, 000199.450, 167
Trd, 000199.717, 164
Trd, 000200.200, 164
Trd, 000201.533, 168
Trd, 000201.700, 166
Trd, 000202.433, 169
Trd, 000204.350, 165
Trd, 000204.833, 188
Trd, 000205.133, 182
Trd, 000205.583, 188
Trd, 000205.800, 178
Trd, 000206.033, 175
Trd, 000206.167, 165
Trd, 000206.617, 157
Trd, 000207.917, 156
Trd, 000208.383, 153
Trd, 000208.750, 158
Trd, 000209.317, 166
Trd, 000209.583, 165
Trd, 000209.867, 166
Trd, 000210.367, 156
Trd, 000211.267, 167
Trd, 000211.533, 172
Trd, 000212.750, 169
Trd, 000213.217, 155
Trd, 000214.650, 169
Trd, 000214.817, 160
Trd, 000214.967, 159
Trd, 000216.150, 156
Trd, 000216.733, 160
Trd, 000217.183, 162
Trd, 000217.800, 172
Trd, 000217.967, 158
Trd, 000218.283, 166
Trd, 000218.983, 168
Trd, 000219.317, 177
Trd, 000219.717, 171
Trd, 000220.217, 167
Trd, 000220.683, 165
Trd, 000221.267, 159
Trd, 000221.533, 168
Trd, 000222.150, 155
Trd, 000222.717, 163
Trd, 000223.067, 161
Trd, 000223.117, 166
Trd, 000223.167, 159
Trd, 000223.217, 162
Trd, 000223.333, 149
Trd, 000223.667, 170
Trd, 000225.333, 171
Trd, 000226.417, 173
Trd, 000226.950, 172
Trd, 000227.800, 177
Trd, 000227.817, 171
Trd, 000227.967, 177
Trd, 000228.750, 154
Trd, 000229.167, 171
Trd, 000229.850, 169
Trd, 000229.900, 162
Trd, 000230.533, 174
Trd, 000230.817, 164
Trd, 000231.083, 171
Trd, 000231.383, 179
Trd, 000231.500, 181
Trd, 000232.283, 168
Trd, 000232.550, 154
Trd, 000232.967, 149
Trd, 000234.150, 174
Trd, 000234.267, 172
Trd, 000234.683, 167
Trd, 000235.117, 173
Trd, 000236.350, 171
Trd, 000237.867, 172
Trd, 000238.450, 172
Trd, 000239.467, 167
Trd, 000239.617, 169
Trd, 000240.567, 171
Trd, 000240.783, 173
Trd, 000241.017, 175
Trd, 000241.050, 174
Trd, 000241.717, 174
Trd, 000242.067, 174
Trd, 000242.083, 175
Trd, 000242.250, 175
Trd, 000242.483, 172
Trd, 000242.700, 175
Trd, 000242.850, 173
Trd, 000243.000, 177
Trd, 000243.517, 178
Trd, 000243.933, 171
Trd, 000243.950, 178
Trd, 000244.467, 178
Trd, 000244.583, 169
Trd, 000245.033, 168
Trd, 000245.333, 152
Trd, 000246.750, 164
Trd, 000246.767, 161
Trd, 000247.183, 173
Trd, 000247.283, 163
Trd, 000247.733, 169
Trd, 000247.833, 170
Trd, 000248.283, 170
Trd, 000248.517, 172
Trd, 000249.050, 170
Trd, 000250.050, 176
Trd, 000250.667, 175
Trd, 000250.833, 176
Trd, 000251.267, 174
Trd, 000251.733, 173
Trd, 000251.833, 172
Trd, 000252.000, 171
Trd, 000252.167, 172
Trd, 000252.517, 169
Trd, 000253.117, 180
Trd, 000253.233, 172
Trd, 000253.467, 170
Trd, 000254.783, 190
Trd, 000255.133, 193
Trd, 000255.300, 187
Trd, 000255.833, 187
Trd, 000255.900, 187
Trd, 000256.483, 169
Trd, 000257.000, 180
Trd, 000257.033, 180
Trd, 000257.733, 166
Trd, 000258.883, 164
Trd, 000259.283, 167
Trd, 000259.333, 166
Trd, 000259.650, 165
Trd, 000259.833, 150
Trd, 000259.867, 172
Trd, 000260.400, 171
Trd, 000260.433, 170
Trd, 000260.717, 174
Trd, 000261.317, 174
Trd, 000261.467, 177
Trd, 000261.517, 181
Trd, 000262.683, 177
Trd, 000263.317, 179
Trd, 000263.350, 175
Trd, 000263.450, 175
Trd, 000263.867, 176
Trd, 000264.317, 174
Trd, 000265.017, 170
Trd, 000265.333, 171
Trd, 000265.467, 181
Trd, 000265.533, 183
Trd, 000266.100, 168
Trd, 000266.467, 181
Trd, 000266.533, 178
Trd, 000266.783, 184
Trd, 000267.400, 176
Trd, 000267.883, 182
Trd, 000268.117, 181
Trd, 000268.183, 179
Trd, 000268.967, 173
Trd, 000269.100, 174
Trd, 000270.317, 180
Trd, 000270.733, 177
Trd, 000271.133, 175
Trd, 000271.567, 182
Trd, 000271.683, 176
Trd, 000272.033, 174
Trd, 000272.233, 174
Trd, 000272.617, 172
Trd, 000272.983, 171
Trd, 000273.333, 174
Trd, 000273.433, 178
Trd, 000274.800, 172
Trd, 000274.950, 175
Trd, 000274.967, 171
Trd, 000275.467, 169
Trd, 000275.533, 176
Trd, 000275.550, 168
Trd, 000276.083, 170
Trd, 000277.117, 180
Trd, 000277.833, 172
Trd, 000277.900, 171
Trd, 000278.383, 171
Trd, 000278.733, 179
Trd, 000278.750, 169
Trd, 000280.367, 177
Trd, 000280.700, 180
Trd, 000280.850, 180
Trd, 000280.933, 183
Trd, 000281.433, 179
Trd, 000281.850, 180
Trd, 000282.000, 173
Trd, 000282.533, 180
Trd, 000282.700, 188
Trd, 000282.967, 183
Trd, 000283.167, 178
Trd, 000283.783, 176
Trd, 000284.050, 172
Trd, 000285.400, 180
Trd, 000285.467, 182
Trd, 000285.567, 186
Trd, 000286.117, 175
Trd, 000286.383, 181
Trd, 000286.917, 176
Trd, 000287.050, 175
Trd, 000287.650, 170
Trd, 000288.750, 173
Trd, 000289.083, 180
Trd, 000289.100, 183
Trd, 000289.233, 171
Trd, 000289.733, 172
Trd, 000289.867, 184
Trd, 000290.183, 186
Trd, 000290.350, 174
Trd, 000290.850, 170
Trd, 000291.033, 166
Trd, 000291.100, 171
Trd, 000291.683, 157
Trd, 000292.067, 175
Trd, 000292.650, 163
Trd, 000292.783, 170
Trd, 000292.967, 162
Trd, 000293.400, 163
Trd, 000293.483, 160
Trd, 000294.333, 167
Trd, 000294.383, 173
Trd, 000295.117, 172
Trd, 000295.817, 174
Trd, 000295.950, 181
Trd, 000296.217, 169
Trd, 000296.267, 184
Trd, 000296.467, 167
Trd, 000297.117, 169
Trd, 000297.600, 166
Trd, 000297.717, 187
Trd, 000298.050, 171
Trd, 000298.233, 193
Trd, 000298.517, 185
Trd, 000298.583, 187
Trd, 000299.167, 161
Trd, 000299.317, 160
Trd, 000299.733, 184
