Trd, 000002.433, 172
Trd, 000002.683, 173
Trd, 000002.983, 171
Trd, 000003.233, 169
Trd, 000003.833, 165
Trd, 000004.667, 161
Trd, 000004.717, 160
Trd, 000005.217, 158
Trd, 000005.233, 164
Trd, 000006.050, 162
Trd, 000006.467, 162
Trd, 000007.517, 151
Trd, 000008.050, 154
Trd, 000008.933, 154
Trd, 000009.100, 154
Trd, 000009.533, 132
Trd, 000009.600, 156
Trd, 000010.650, 149
Trd, 000010.733, 148
Trd, 000011.500, 149
Trd, 000012.500, 156
Trd, 000013.000, 150
Trd, 000013.017, 149
Trd, 000013.250, 148
Trd, 000013.600, 153
Trd, 000014.350, 154
Trd, 000014.417, 149
Trd, 000015.233, 149
Trd, 000015.517, 154
Trd, 000015.717, 154
Trd, 000016.117, 149
Trd, 000016.133, 138
Trd, 000016.517, 134
Trd, 000018.200, 146
Trd, 000018.383, 146
Trd, 000018.400, 147
Trd, 000019.267, 144
Trd, 000020.367, 151
Trd, 000021.917, 148
Trd, 000022.583, 148
Trd, 000022.983, 153
Trd, 000023.100, 145
Trd, 000023.883, 144
Trd, 000024.467, 144
Trd, 000024.533, 139
Trd, 000025.417, 127
Trd, 000025.583, 146
Trd, 000026.517, 140
Trd, 000026.933, 139
Trd, 000027.200, 141
Trd, 000027.217, 140
Trd, 000027.333, 145
Trd, 000027.617, 139
Trd, 000029.017, 151
Trd, 000029.217, 152
Trd, 000029.683, 144
Trd, 000030.417, 151
Trd, 000031.667, 143
Trd, 000032.017, 149
Trd, 000033.167, 148
Trd, 000033.283, 150
Trd, 000033.567, 151
Trd, 000033.617, 145
Trd, 000034.150, 145
Trd, 000034.200, 137
Trd, 000035.983, 145
Trd, 000036.350, 148
Trd, 000036.800, 145
Trd, 000037.083, 148
Trd, 000037.600, 151
Trd, 000037.833, 146
Trd, 000038.733, 145
Trd, 000040.567, 151
Trd, 000040.583, 151
Trd, 000040.667, 149
Trd, 000041.100, 149
Trd, 000041.883, 154
Trd, 000042.167, 155
Trd, 000043.850, 156
Trd, 000044.533, 157
Trd, 000044.550, 156
Trd, 000045.167, 155
Trd, 000045.517, 153
Trd, 000046.017, 156
Trd, 000046.283, 141
Trd, 000046.417, 156
Trd, 000046.550, 138
Trd, 000047.100, 157
Trd, 000047.750, 156
Trd, 000049.050, 152
Trd, 000049.100, 155
Trd, 000051.183, 155
Trd, 000051.417, 155
Trd, 000051.533, 156
Trd, 000051.900, 155
Trd, 000052.450, 157
Trd, 000052.633, 155
Trd, 000052.783, 154
Trd, 000052.867, 142
Trd, 000053.200, 157
Trd, 000053.333, 160
Trd, 000054.117, 157
Trd, 000056.117, 159
Trd, 000058.050, 158
Trd, 000058.233, 157
Trd, 000058.617, 158
Trd, 000059.300, 143
Trd, 000059.433, 141
Trd, 000059.533, 158
Trd, 000061.200, 155
Trd, 000061.767, 154
Trd, 000062.117, 153
Trd, 000062.683, 154
Trd, 000062.950, 155
Trd, 000063.367, 157
Trd, 000063.567, 159
Trd, 000064.050, 160
Trd, 000064.933, 161
Trd, 000065.000, 160
Trd, 000065.217, 159
Trd, 000065.817, 159
Trd, 000066.117, 158
Trd, 000067.717, 162
Trd, 000067.967, 162
Trd, 000068.867, 161
Trd, 000069.200, 161
Trd, 000069.450, 157
Trd, 000069.733, 157
Trd, 000070.350, 157
Trd, 000071.033, 157
Trd, 000071.650, 156
Trd, 000071.817, 144
Trd, 000073.117, 156
Trd, 000073.233, 142
Trd, 000073.517, 157
Trd, 000074.117, 158
Trd, 000074.833, 151
Trd, 000075.683, 151
Trd, 000076.150, 150
Trd, 000076.200, 126
Trd, 000077.317, 142
Trd, 000077.650, 149
Trd, 000079.217, 152
Trd, 000080.333, 150
Trd, 000080.683, 150
Trd, 000080.833, 149
Trd, 000081.050, 155
Trd, 000081.167, 147
Trd, 000081.283, 146
Trd, 000081.367, 154
Trd, 000083.517, 150
Trd, 000083.567, 149
Trd, 000083.600, 151
Trd, 000083.683, 156
Trd, 000084.200, 147
Trd, 000084.233, 154
Trd, 000086.450, 149
Trd, 000086.783, 151
Trd, 000087.200, 153
Trd, 000087.650, 152
Trd, 000087.700, 150
Trd, 000088.200, 150
Trd, 000088.450, 148
Trd, 000088.850, 153
Trd, 000090.150, 154
Trd, 000090.233, 153
Trd, 000092.083, 155
Trd, 000092.233, 157
Trd, 000092.833, 154
Trd, 000093.200, 157
Trd, 000093.550, 153
Trd, 000094.100, 147
Trd, 000094.217, 146
Trd, 000094.967, 147
Trd, 000095.183, 145
Trd, 000095.517, 144
Trd, 000095.733, 147
Trd, 000096.783, 158
Trd, 000097.400, 155
Trd, 000097.883, 156
Trd, 000097.900, 152
Trd, 000097.933, 161
Trd, 000098.667, 149
Trd, 000099.483, 152
Trd, 000100.033, 152
Trd, 000100.117, 168
Trd, 000100.917, 151
Trd, 000101.950, 147
Trd, 000103.817, 147
Trd, 000105.167, 165
Trd, 000105.250, 153
Trd, 000105.900, 154
Trd, 000106.150, 161
Trd, 000106.517, 160
Trd, 000108.317, 158
Trd, 000108.583, 157
Trd, 000108.983, 155
Trd, 000109.317, 154
Trd, 000109.433, 150
Trd, 000110.667, 154
Trd, 000112.083, 148
Trd, 000112.183, 147
Trd, 000112.683, 146
Trd, 000113.217, 149
Trd, 000114.517, 154
Trd, 000114.600, 154
Trd, 000114.800, 159
Trd, 000115.317, 160
Trd, 000115.417, 156
Trd, 000115.600, 148
Trd, 000115.883, 162
Trd, 000116.950, 152
Trd, 000117.250, 146
Trd, 000117.600, 153
Trd, 000118.017, 154
Trd, 000118.183, 155
Trd, 000118.433, 146
Trd, 000118.900, 135
Trd, 000119.050, 160
Trd, 000121.017, 156
Trd, 000121.333, 157
Trd, 000121.600, 164
Trd, 000121.667, 165
Trd, 000121.750, 174
Trd, 000121.900, 181
Trd, 000122.883, 187
Trd, 000123.183, 202
Trd, 000123.950, 229
Trd, 000124.583, 300.0
Trd, 000124.767, 306.0
Trd, 000124.950, 290
Trd, 000125.283, 327.0
Trd, 000125.500, 260
Trd, 000125.800, 322
Trd, 000126.333, 312
Trd, 000126.700, 317.0
Trd, 000126.967, 300.0
Trd, 000129.417, 318
Trd, 000129.950, 321
Trd, 000131.467, 325
Trd, 000131.750, 327.0
Trd, 000132.300, 331.0
Trd, 000132.450, 329
Trd, 000132.783, 334
Trd, 000133.100, 334.0
Trd, 000133.450, 344.0
Trd, 000133.667, 334
Trd, 000134.050, 333
Trd, 000134.933, 334
Trd, 000135.433, 333
Trd, 000135.983, 339
Trd, 000136.100, 338
Trd, 000136.167, 336
Trd, 000136.800, 339
Trd, 000137.600, 336
Trd, 000138.300, 335
Trd, 000138.500, 334
Trd, 000139.333, 324.0
Trd, 000139.750, 344.0
Trd, 000139.783, 326
Trd, 000141.100, 344.0
Trd, 000141.200, 348.0
Trd, 000141.233, 348
Trd, 000142.550, 341
Trd, 000143.933, 340
Trd, 000144.300, 345
Trd, 000144.383, 335
Trd, 000144.400, 348.0
Trd, 000144.433, 352
Trd, 000144.933, 334.0
Trd, 000145.433, 358
Trd, 000146.217, 331.0
Trd, 000146.717, 344.0
Trd, 000147.333, 337.0
Trd, 000148.400, 338.0
Trd, 000148.883, 340
Trd, 000149.383, 338.0
Trd, 000149.600, 341
Trd, 000150.283, 344
Trd, 000151.633, 337.0
Trd, 000152.383, 319
Trd, 000152.983, 337
Trd, 000153.183, 331.0
Trd, 000153.883, 344.0
Trd, 000153.967, 344
Trd, 000154.033, 346
Trd, 000155.783, 339.0
Trd, 000156.283, 337.0
Trd, 000156.383, 337.0
Trd, 000156.883, 337.0
Trd, 000158.033, 340
Trd, 000158.583, 340
Trd, 000159.417, 342
Trd, 000160.567, 337.0
Trd, 000161.133, 343
Trd, 000161.567, 344.0
Trd, 000162.900, 346
Trd, 000163.150, 340.0
Trd, 000163.300, 348.0
Trd, 000163.400, 346
Trd, 000163.833, 338
Trd, 000164.717, 351
Trd, 000165.183, 349
Trd, 000165.517, 352
Trd, 000166.133, 348
Trd, 000166.333, 347
Trd, 000166.500, 347
Trd, 000168.150, 337.0
Trd, 000169.000, 334.0
Trd, 000169.417, 349
Trd, 000171.083, 344
Trd, 000171.317, 347
Trd, 000171.450, 343
Trd, 000171.483, 342
Trd, 000172.167, 347.0
Trd, 000172.217, 342
Trd, 000173.400, 341
Trd, 000173.517, 339
Trd, 000174.233, 337
Trd, 000174.267, 336
Trd, 000175.133, 345
Trd, 000176.350, 344
Trd, 000177.050, 348.0
Trd, 000177.350, 344.0
Trd, 000177.917, 346.0
Trd, 000178.450, 346
Trd, 000178.950, 342
Trd, 000180.400, 347
Trd, 000180.983, 345
Trd, 000181.750, 334.0
Trd, 000182.000, 324
Trd, 000182.583, 328
Trd, 000182.967, 303.0
Trd, 000183.083, 302
Trd, 000183.533, 242
Trd, 000183.683, 239
Trd, 000184.600, 211
Trd, 000185.000, 193
Trd, 000185.033, 183
Trd, 000185.167, 155
Trd, 000185.600, 167
Trd, 000185.617, 169
Trd, 000186.950, 178
Trd, 000187.800, 156
Trd, 000188.267, 156
Trd, 000189.267, 158
Trd, 000189.400, 165
Trd, 000190.150, 167
Trd, 000191.400, 166
Trd, 000191.433, 161
Trd, 000191.617, 166
Trd, 000191.883, 161
Trd, 000192.483, 160
Trd, 000193.350, 161
Trd, 000193.783, 160
Trd, 000194.450, 160
Trd, 000195.667, 163
Trd, 000195.683, 167
Trd, 000195.917, 165
Trd, 000195.933, 161
Trd, 000196.733, 167
Trd, 000196.983, 169
Trd, 000197.667, 170
Trd, 000198.200, 163
Trd, 000198.617, 171
Trd, 000199.050, 175
Trd, 000199.683, 182
Trd, 000199.833, 166
Trd, 000201.183, 174
Trd, 000202.217, 178
Trd, 000202.617, 177
Trd, 000202.950, 175
Trd, 000203.333, 170
Trd, 000205.033, 164
Trd, 000205.083, 162
Trd, 000205.250, 164
Trd, 000205.383, 166
Trd, 000205.700, 156
Trd, 000205.783, 155
Trd, 000206.500, 166
Trd, 000208.400, 167
Trd, 000209.067, 167
Trd, 000209.267, 167
Trd, 000209.700, 164
Trd, 000210.600, 169
Trd, 000212.300, 168
Trd, 000212.717, 164
Trd, 000213.117, 164
Trd, 000213.567, 161
Trd, 000213.617, 164
Trd, 000213.750, 164
Trd, 000213.917, 165
Trd, 000214.517, 170
Trd, 000214.967, 167
Trd, 000216.117, 170
Trd, 000216.817, 169
Trd, 000216.833, 172
Trd, 000217.333, 171
Trd, 000218.300, 172
Trd, 000218.433, 168
Trd, 000218.550, 167
Trd, 000218.983, 175
Trd, 000219.450, 176
Trd, 000219.583, 172
Trd, 000219.750, 167
Trd, 000220.150, 156
Trd, 000220.567, 174
Trd, 000221.533, 177
Trd, 000222.317, 194
Trd, 000223.700, 171
Trd, 000223.817, 170
Trd, 000224.333, 164
Trd, 000224.567, 171
Trd, 000224.683, 162
Trd, 000225.650, 173
Trd, 000225.983, 163
Trd, 000226.333, 174
Trd, 000226.917, 164
Trd, 000227.050, 163
Trd, 000227.067, 173
Trd, 000227.117, 159
Trd, 000227.583, 161
Trd, 000229.000, 163
Trd, 000229.333, 173
Trd, 000229.467, 162
Trd, 000229.533, 175
Trd, 000230.733, 163
Trd, 000231.583, 165
Trd, 000231.750, 164
Trd, 000232.833, 166
Trd, 000233.483, 166
Trd, 000233.517, 164
Trd, 000233.950, 170
Trd, 000235.117, 167
Trd, 000235.633, 167
Trd, 000236.217, 167
Trd, 000237.167, 167
Trd, 000238.733, 169
Trd, 000239.117, 172
Trd, 000239.600, 175
Trd, 000240.333, 178
Trd, 000240.733, 180
Trd, 000240.967, 181
Trd, 000241.050, 179
Trd, 000241.133, 181
Trd, 000241.250, 182
Trd, 000241.850, 180
Trd, 000242.083, 180
Trd, 000242.233, 174
Trd, 000242.267, 172
Trd, 000243.283, 176
Trd, 000243.817, 175
Trd, 000244.083, 175
Trd, 000244.350, 174
Trd, 000244.783, 178
Trd, 000245.283, 174
Trd, 000245.300, 173
Trd, 000245.417, 178
Trd, 000245.550, 161
Trd, 000246.650, 176
Trd, 000246.683, 174
Trd, 000246.967, 178
Trd, 000248.283, 177
Trd, 000248.650, 178
Trd, 000249.067, 178
Trd, 000249.083, 179
Trd, 000249.117, 180
Trd, 000249.150, 175
Trd, 000249.233, 173
Trd, 000249.767, 175
Trd, 000250.150, 180
Trd, 000250.883, 179
Trd, 000252.067, 177
Trd, 000252.550, 175
Trd, 000252.950, 174
Trd, 000253.833, 178
Trd, 000254.333, 177
Trd, 000254.667, 177
Trd, 000255.567, 179
Trd, 000255.750, 180
Trd, 000256.033, 184
Trd, 000256.167, 179
Trd, 000257.100, 181
Trd, 000257.167, 182
Trd, 000257.233, 178
Trd, 000257.917, 163
Trd, 000259.150, 178
Trd, 000259.233, 179
Trd, 000259.333, 174
Trd, 000260.150, 176
Trd, 000260.250, 174
Trd, 000260.783, 175
Trd, 000260.917, 176
Trd, 000261.017, 173
Trd, 000261.183, 175
Trd, 000261.867, 173
Trd, 000262.533, 176
Trd, 000262.633, 168
Trd, 000263.467, 175
Trd, 000264.250, 175
Trd, 000264.350, 174
Trd, 000265.033, 178
Trd, 000265.133, 168
Trd, 000265.667, 181
Trd, 000266.050, 174
Trd, 000266.167, 173
Trd, 000266.567, 172
Trd, 000267.083, 167
Trd, 000267.750, 177
Trd, 000267.817, 184
Trd, 000268.467, 176
Trd, 000268.750, 172
Trd, 000269.150, 172
Trd, 000269.650, 171
Trd, 000270.750, 170
Trd, 000271.033, 173
Trd, 000271.167, 173
Trd, 000271.717, 172
Trd, 000271.767, 173
Trd, 000272.433, 165
Trd, 000273.217, 172
Trd, 000273.283, 170
Trd, 000274.750, 175
Trd, 000275.167, 182
Trd, 000275.267, 183
Trd, 000275.650, 178
Trd, 000275.817, 179
Trd, 000276.033, 177
Trd, 000276.417, 186
Trd, 000277.050, 182
Trd, 000277.350, 181
Trd, 000277.967, 185
Trd, 000278.750, 186
Trd, 000278.817, 188
Trd, 000279.200, 185
Trd, 000279.233, 190
Trd, 000280.033, 183
Trd, 000280.633, 179
Trd, 000280.783, 184
Trd, 000281.383, 179
Trd, 000281.433, 178
Trd, 000282.983, 182
Trd, 000283.083, 179
Trd, 000283.417, 179
Trd, 000284.033, 180
Trd, 000285.583, 179
Trd, 000285.683, 178
Trd, 000285.900, 177
Trd, 000286.017, 176
Trd, 000286.067, 162
Trd, 000286.233, 179
Trd, 000286.750, 160
Trd, 000286.883, 160
Trd, 000287.333, 164
Trd, 000287.517, 179
Trd, 000287.850, 181
Trd, 000288.017, 178
Trd, 000288.033, 180
Trd, 000288.700, 178
Trd, 000290.417, 178
Trd, 000290.817, 179
Trd, 000291.000, 179
Trd, 000291.167, 178
Trd, 000291.417, 177
Trd, 000292.167, 178
Trd, 000292.350, 176
Trd, 000292.400, 180
Trd, 000292.450, 182
Trd, 000293.283, 183
Trd, 000293.617, 165
Trd, 000293.867, 180
Trd, 000294.450, 181
Trd, 000294.833, 182
Trd, 000295.033, 184
Trd, 000295.383, 187
Trd, 000295.750, 186
Trd, 000295.950, 191
Trd, 000296.400, 188
Trd, 000296.483, 182
Trd, 000297.050, 190
Trd, 000297.083, 188
Trd, 000297.700, 192
Trd, 000298.867, 188
Trd, 000298.967, 180
Trd, 000299.183, 178
Trd, 000299.450, 192
Trd, 000299.850, 168
