Trd, 000001.983, 186
Trd, 000002.267, 183
Trd, 000002.567, 168
Trd, 000002.750, 126
Trd, 000003.017, 134
Trd, 000004.633, 134
Trd, 000005.300, 137
Trd, 000005.467, 141
Trd, 000005.717, 136
Trd, 000007.683, 150
Trd, 000007.850, 145
Trd, 000008.017, 148
Trd, 000008.117, 142
Trd, 000008.333, 146
Trd, 000009.483, 152
Trd, 000009.917, 159
Trd, 000010.050, 149
Trd, 000010.100, 160
Trd, 000010.733, 140
Trd, 000011.450, 143
Trd, 000011.650, 142
Trd, 000011.800, 138
Trd, 000012.800, 144
Trd, 000012.883, 144
Trd, 000013.383, 149
Trd, 000014.183, 149
Trd, 000014.800, 159
Trd, 000016.250, 151
Trd, 000017.017, 155
Trd, 000017.250, 170
Trd, 000018.000, 152
Trd, 000018.400, 152
Trd, 000018.883, 151
Trd, 000019.917, 157
Trd, 000020.233, 159
Trd, 000021.217, 155
Trd, 000021.800, 155
Trd, 000021.883, 157
Trd, 000022.383, 153
Trd, 000023.333, 157
Trd, 000023.450, 171
Trd, 000025.267, 161
Trd, 000025.617, 167
Trd, 000027.117, 164
Trd, 000027.167, 163
Trd, 000027.783, 162
Trd, 000028.250, 161
Trd, 000028.517, 153
Trd, 000028.717, 165
Trd, 000028.783, 144
Trd, 000029.650, 158
Trd, 000030.133, 157
Trd, 000030.400, 156
Trd, 000030.733, 150
Trd, 000031.183, 165
Trd, 000032.017, 148
Trd, 000033.567, 144
Trd, 000033.883, 142
Trd, 000034.717, 144
Trd, 000035.383, 145
Trd, 000035.767, 145
Trd, 000036.400, 145
Trd, 000037.717, 147
Trd, 000037.733, 159
Trd, 000038.717, 149
Trd, 000039.017, 148
Trd, 000039.217, 146
Trd, 000039.550, 148
Trd, 000039.567, 150
Trd, 000039.867, 152
Trd, 000041.533, 152
Trd, 000041.833, 170
Trd, 000042.033, 145
Trd, 000042.800, 143
Trd, 000043.033, 141
Trd, 000043.900, 134
Trd, 000044.000, 147
Trd, 000045.533, 148
Trd, 000045.867, 152
Trd, 000046.150, 148
Trd, 000046.383, 172
Trd, 000047.450, 155
Trd, 000047.550, 164
Trd, 000047.683, 172
Trd, 000048.133, 153
Trd, 000048.733, 147
Trd, 000049.133, 146
Trd, 000049.183, 136
Trd, 000049.867, 150
Trd, 000050.683, 151
Trd, 000051.800, 152
Trd, 000052.167, 147
Trd, 000052.683, 169
Trd, 000052.833, 175
Trd, 000052.917, 154
Trd, 000053.083, 153
Trd, 000054.417, 153
Trd, 000054.650, 151
Trd, 000054.967, 149
Trd, 000056.033, 150
Trd, 000056.683, 150
Trd, 000056.850, 151
Trd, 000056.900, 153
Trd, 000057.683, 154
Trd, 000058.450, 175
Trd, 000059.033, 176
Trd, 000059.467, 174
Trd, 000059.783, 150
Trd, 000060.433, 151
Trd, 000060.800, 154
Trd, 000061.017, 150
Trd, 000061.300, 148
Trd, 000061.867, 149
Trd, 000062.767, 155
Trd, 000063.367, 153
Trd, 000063.583, 154
Trd, 000063.717, 151
Trd, 000064.050, 179
Trd, 000064.717, 149
Trd, 000064.767, 179
Trd, 000066.350, 165
Trd, 000066.533, 156
Trd, 000066.883, 144
Trd, 000068.017, 148
Trd, 000069.600, 153
Trd, 000069.967, 155
Trd, 000070.467, 150
Trd, 000071.467, 151
Trd, 000072.200, 141
Trd, 000072.350, 144
Trd, 000073.183, 151
Trd, 000073.267, 145
Trd, 000073.567, 142
Trd, 000073.917, 167
Trd, 000075.050, 154
Trd, 000075.100, 166
Trd, 000076.767, 153
Trd, 000077.533, 152
Trd, 000077.767, 152
Trd, 000078.217, 153
Trd, 000078.683, 155
Trd, 000079.400, 155
Trd, 000079.833, 151
Trd, 000080.383, 156
Trd, 000080.517, 181
Trd, 000080.617, 151
Trd, 000081.033, 150
Trd, 000081.683, 149
Trd, 000081.700, 160
Trd, 000081.950, 138
Trd, 000083.317, 156
Trd, 000083.567, 150
Trd, 000085.250, 149
Trd, 000085.333, 155
Trd, 000085.633, 149
Trd, 000086.467, 150
Trd, 000086.567, 149
Trd, 000086.667, 152
Trd, 000086.867, 155
Trd, 000087.383, 182
Trd, 000088.550, 153
Trd, 000090.200, 155
Trd, 000090.600, 157
Trd, 000091.150, 158
Trd, 000091.167, 154
Trd, 000091.350, 156
Trd, 000091.650, 155
Trd, 000092.400, 155
Trd, 000093.767, 174
Trd, 000093.867, 177
Trd, 000095.250, 158
Trd, 000095.417, 164
Trd, 000095.467, 157
Trd, 000095.633, 166
Trd, 000096.433, 156
Trd, 000096.583, 157
Trd, 000097.467, 150
Trd, 000097.700, 146
Trd, 000097.733, 154
Trd, 000099.000, 150
Trd, 000099.383, 154
Trd, 000100.783, 153
Trd, 000100.833, 156
Trd, 000100.917, 158
Trd, 000101.267, 161
Trd, 000102.717, 185
Trd, 000102.850, 179
Trd, 000103.283, 178
Trd, 000103.433, 161
Trd, 000104.683, 168
Trd, 000105.000, 161
Trd, 000105.567, 178
Trd, 000106.117, 161
Trd, 000106.333, 177
Trd, 000106.983, 160
Trd, 000108.183, 174
Trd, 000108.450, 165
Trd, 000108.900, 177
Trd, 000109.333, 159
Trd, 000109.350, 152
Trd, 000109.650, 152
Trd, 000110.233, 175
Trd, 000110.867, 154
Trd, 000111.567, 170
Trd, 000111.817, 172
Trd, 000111.850, 162
Trd, 000113.433, 167
Trd, 000113.633, 165
Trd, 000114.150, 169
Trd, 000114.450, 172
Trd, 000114.517, 165
Trd, 000115.383, 161
Trd, 000115.533, 152
Trd, 000117.317, 167
Trd, 000117.667, 168
Trd, 000118.367, 165
Trd, 000118.517, 171
Trd, 000118.567, 164
Trd, 000119.517, 165
Trd, 000120.100, 164
Trd, 000120.167, 153
Trd, 000120.217, 171
Trd, 000120.317, 161
Trd, 000122.017, 171
Trd, 000122.183, 181
Trd, 000122.350, 188
Trd, 000122.783, 189
Trd, 000122.817, 191
Trd, 000123.617, 205
Trd, 000123.800, 211
Trd, 000124.667, 212
Trd, 000125.183, 303.0
Trd, 000125.783, 324.0
Trd, 000126.317, 334.0
Trd, 000127.683, 324
Trd, 000127.700, 333
Trd, 000127.733, 324.0
Trd, 000128.550, 337.0
Trd, 000129.317, 336
Trd, 000129.900, 331
Trd, 000132.267, 339.0
Trd, 000132.567, 341.0
Trd, 000133.900, 344
Trd, 000134.633, 340
Trd, 000134.983, 341
Trd, 000136.283, 340
Trd, 000136.400, 340
Trd, 000137.300, 341.0
Trd, 000137.517, 335
Trd, 000139.117, 338.0
Trd, 000139.150, 345
Trd, 000139.483, 341
Trd, 000140.000, 345
Trd, 000140.133, 348.0
Trd, 000140.200, 339.0
Trd, 000142.267, 339.0
Trd, 000142.450, 340.0
Trd, 000142.717, 338.0
Trd, 000142.800, 340.0
Trd, 000142.983, 338
Trd, 000144.100, 341.0
Trd, 000144.233, 339.0
Trd, 000144.333, 344
Trd, 000144.717, 357
Trd, 000144.883, 343
Trd, 000145.433, 368
Trd, 000147.333, 345.0
Trd, 000147.617, 348.0
Trd, 000147.950, 351
Trd, 000148.717, 344
Trd, 000150.317, 349
Trd, 000150.883, 348
Trd, 000151.367, 350
Trd, 000151.800, 342
Trd, 000151.950, 341.0
Trd, 000152.767, 341.0
Trd, 000153.550, 347
Trd, 000153.867, 339
Trd, 000155.000, 345.0
Trd, 000156.867, 344.0
Trd, 000157.317, 345
Trd, 000158.650, 345.0
Trd, 000158.950, 341.0
Trd, 000159.583, 342.0
Trd, 000160.167, 343.0
Trd, 000160.467, 343
Trd, 000160.767, 340
Trd, 000162.417, 344
Trd, 000163.100, 345
Trd, 000164.450, 346
Trd, 000165.000, 343
Trd, 000165.017, 342
Trd, 000165.583, 342
Trd, 000165.617, 349
Trd, 000165.817, 341.0
Trd, 000166.667, 347.0
Trd, 000166.717, 348.0
Trd, 000167.900, 346
Trd, 000168.233, 348
Trd, 000169.000, 349
Trd, 000169.067, 348
Trd, 000169.367, 347
Trd, 000170.383, 369.0
Trd, 000170.467, 368.0
Trd, 000171.067, 359
Trd, 000172.500, 339.0
Trd, 000172.517, 349
Trd, 000172.583, 337.0
Trd, 000173.267, 339
Trd, 000174.317, 340
Trd, 000174.833, 335
Trd, 000175.450, 339.0
Trd, 000176.717, 338.0
Trd, 000176.883, 341.0
Trd, 000177.100, 344
Trd, 000177.650, 338.0
Trd, 000179.083, 342
Trd, 000179.867, 341
Trd, 000180.183, 342.0
Trd, 000180.550, 341.0
Trd, 000181.267, 349
Trd, 000181.383, 338.0
Trd, 000181.550, 337.0
Trd, 000181.667, 337
Trd, 000182.033, 346
Trd, 000182.883, 330
Trd, 000182.950, 324.0
Trd, 000183.467, 330
Trd, 000183.600, 319
Trd, 000184.483, 316
Trd, 000184.567, 306.0
Trd, 000184.650, 246
Trd, 000184.700, 241
Trd, 000185.333, 214
Trd, 000185.483, 211
Trd, 000185.650, 207
Trd, 000186.583, 204
Trd, 000186.683, 190
Trd, 000187.083, 188
Trd, 000187.483, 186
Trd, 000187.533, 168
Trd, 000188.400, 196
Trd, 000189.167, 169
Trd, 000189.233, 192
Trd, 000189.550, 169
Trd, 000190.500, 178
Trd, 000191.400, 179
Trd, 000192.000, 196
Trd, 000193.183, 195
Trd, 000193.317, 189
Trd, 000193.500, 188
Trd, 000194.017, 188
Trd, 000194.300, 187
Trd, 000194.333, 182
Trd, 000194.483, 168
Trd, 000196.100, 179
Trd, 000196.150, 170
Trd, 000197.017, 158
Trd, 000197.533, 159
Trd, 000197.983, 158
Trd, 000198.500, 161
Trd, 000199.383, 159
Trd, 000200.033, 161
Trd, 000200.067, 162
Trd, 000200.283, 163
Trd, 000201.617, 161
Trd, 000202.367, 161
Trd, 000204.533, 161
Trd, 000204.700, 162
Trd, 000204.767, 163
Trd, 000204.850, 168
Trd, 000205.283, 166
Trd, 000205.600, 159
Trd, 000206.000, 168
Trd, 000206.600, 162
Trd, 000207.283, 171
Trd, 000207.667, 170
Trd, 000208.033, 168
Trd, 000208.350, 169
Trd, 000209.700, 185
Trd, 000209.833, 168
Trd, 000209.867, 190
Trd, 000210.067, 162
Trd, 000211.050, 198
Trd, 000211.767, 186
Trd, 000212.050, 165
Trd, 000213.250, 145
Trd, 000213.750, 169
Trd, 000214.117, 164
Trd, 000214.317, 162
Trd, 000214.867, 169
Trd, 000215.300, 165
Trd, 000216.933, 168
Trd, 000216.950, 169
Trd, 000217.433, 169
Trd, 000217.683, 169
Trd, 000217.917, 171
Trd, 000218.983, 170
Trd, 000219.217, 170
Trd, 000219.633, 171
Trd, 000220.967, 178
Trd, 000221.017, 183
Trd, 000221.067, 177
Trd, 000221.800, 183
Trd, 000222.117, 175
Trd, 000223.533, 182
Trd, 000224.600, 179
Trd, 000224.967, 177
Trd, 000225.317, 179
Trd, 000225.600, 172
Trd, 000226.217, 181
Trd, 000227.367, 183
Trd, 000228.667, 177
Trd, 000229.667, 166
Trd, 000229.933, 182
Trd, 000230.500, 174
Trd, 000230.733, 166
Trd, 000230.950, 165
Trd, 000231.567, 168
Trd, 000232.300, 171
Trd, 000232.417, 178
Trd, 000232.567, 164
Trd, 000232.983, 181
Trd, 000233.183, 160
Trd, 000234.283, 149
Trd, 000234.633, 164
Trd, 000235.500, 161
Trd, 000235.717, 162
Trd, 000235.783, 164
Trd, 000235.950, 191
Trd, 000236.650, 172
Trd, 000237.183, 164
Trd, 000237.450, 165
Trd, 000237.533, 168
Trd, 000237.733, 180
Trd, 000239.050, 185
Trd, 000239.067, 175
Trd, 000240.117, 182
Trd, 000240.550, 178
Trd, 000240.883, 177
Trd, 000241.050, 177
Trd, 000241.617, 176
Trd, 000242.200, 176
Trd, 000242.767, 174
Trd, 000243.283, 161
Trd, 000243.733, 159
Trd, 000243.833, 162
Trd, 000244.133, 159
Trd, 000244.233, 161
Trd, 000245.150, 159
Trd, 000245.433, 160
Trd, 000245.483, 165
Trd, 000246.167, 168
Trd, 000246.950, 169
Trd, 000247.017, 168
Trd, 000247.117, 168
Trd, 000247.433, 175
Trd, 000248.133, 183
Trd, 000248.383, 178
Trd, 000248.850, 175
Trd, 000249.450, 180
Trd, 000249.517, 178
Trd, 000250.317, 175
Trd, 000250.567, 180
Trd, 000250.883, 176
Trd, 000251.400, 174
Trd, 000251.650, 166
Trd, 000252.367, 173
Trd, 000253.167, 168
Trd, 000253.383, 166
Trd, 000253.600, 169
Trd, 000254.500, 167
Trd, 000254.567, 169
Trd, 000255.383, 167
Trd, 000255.417, 172
Trd, 000256.367, 169
Trd, 000257.033, 168
Trd, 000257.900, 168
Trd, 000257.983, 167
Trd, 000258.050, 166
Trd, 000258.067, 172
Trd, 000258.517, 167
Trd, 000258.550, 170
Trd, 000259.350, 162
Trd, 000259.800, 163
Trd, 000260.783, 167
Trd, 000260.950, 167
Trd, 000261.133, 176
Trd, 000261.433, 173
Trd, 000261.550, 177
Trd, 000261.567, 174
Trd, 000262.117, 167
Trd, 000263.000, 174
Trd, 000263.167, 175
Trd, 000263.350, 183
Trd, 000264.083, 172
Trd, 000264.733, 169
Trd, 000265.400, 168
Trd, 000265.467, 167
Trd, 000265.700, 170
Trd, 000265.783, 172
Trd, 000266.400, 171
Trd, 000267.000, 172
Trd, 000267.333, 170
Trd, 000267.617, 171
Trd, 000267.650, 164
Trd, 000268.183, 168
Trd, 000268.300, 166
Trd, 000269.067, 174
Trd, 000269.133, 172
Trd, 000269.367, 175
Trd, 000269.400, 170
Trd, 000270.167, 168
Trd, 000270.267, 178
Trd, 000270.433, 185
Trd, 000270.500, 200
Trd, 000271.233, 167
Trd, 000272.767, 172
Trd, 000273.583, 181
Trd, 000273.783, 165
Trd, 000274.250, 170
Trd, 000275.067, 170
Trd, 000275.617, 170
Trd, 000275.983, 171
Trd, 000276.017, 176
Trd, 000276.067, 178
Trd, 000276.283, 176
Trd, 000277.017, 184
Trd, 000277.700, 174
Trd, 000278.367, 173
Trd, 000278.417, 173
Trd, 000278.467, 170
Trd, 000278.483, 169
Trd, 000278.500, 176
Trd, 000279.133, 163
Trd, 000279.433, 165
Trd, 000279.533, 162
Trd, 000279.983, 167
Trd, 000280.617, 169
Trd, 000280.983, 177
Trd, 000281.617, 175
Trd, 000282.050, 186
Trd, 000282.183, 179
Trd, 000282.917, 179
Trd, 000283.867, 179
Trd, 000284.000, 182
Trd, 000284.033, 183
Trd, 000284.783, 178
Trd, 000285.350, 182
Trd, 000285.883, 198
Trd, 000285.983, 197
Trd, 000286.100, 177
Trd, 000286.533, 166
Trd, 000287.517, 178
Trd, 000287.650, 188
Trd, 000287.717, 177
Trd, 000288.167, 188
Trd, 000288.817, 175
Trd, 000289.133, 173
Trd, 000289.600, 181
Trd, 000290.117, 187
Trd, 000290.717, 175
Trd, 000291.783, 179
Trd, 000291.867, 177
Trd, 000292.067, 177
Trd, 000292.183, 176
Trd, 000292.650, 170
Trd, 000292.967, 173
Trd, 000293.417, 174
Trd, 000294.800, 174
Trd, 000295.017, 172
Trd, 000295.183, 172
Trd, 000296.233, 172
Trd, 000296.700, 170
Trd, 000297.483, 172
Trd, 000297.517, 177
Trd, 000297.550, 181
Trd, 000298.250, 183
Trd, 000298.400, 187
Trd, 000298.450, 203
Trd, 000298.533, 172
Trd, 000298.567, 171
Trd, 000298.867, 169
Trd, 000299.483, 168
Trd, 000299.567, 185
Trd, 000299.900, 194
