Trd, 000001.617, 134
Trd, 000002.033, 153
Trd, 000003.133, 133
Trd, 000003.367, 169
Trd, 000003.867, 147
Trd, 000003.950, 131
Trd, 000005.250, 150
Trd, 000005.917, 141
Trd, 000006.317, 148
Trd, 000007.217, 150
Trd, 000008.150, 149
Trd, 000008.567, 148
Trd, 000009.350, 147
Trd, 000009.667, 150
Trd, 000010.883, 150
Trd, 000011.200, 149
Trd, 000011.783, 148
Trd, 000012.383, 148
Trd, 000012.567, 146
Trd, 000014.450, 146
Trd, 000014.800, 145
Trd, 000015.450, 146
Trd, 000015.883, 146
Trd, 000016.183, 145
Trd, 000016.533, 147
Trd, 000018.150, 150
Trd, 000019.233, 146
Trd, 000019.533, 148
Trd, 000019.700, 147
Trd, 000020.117, 148
Trd, 000021.233, 149
Trd, 000021.350, 153
Trd, 000021.483, 157
Trd, 000023.067, 149
Trd, 000024.933, 149
Trd, 000025.000, 149
Trd, 000025.317, 149
Trd, 000025.567, 149
Trd, 000025.717, 144
Trd, 000025.983, 148
Trd, 000026.850, 148
Trd, 000028.050, 147
Trd, 000028.383, 147
Trd, 000028.617, 148
Trd, 000028.817, 148
Trd, 000029.083, 149
Trd, 000029.967, 149
Trd, 000030.717, 150
Trd, 000031.500, 149
Trd, 000031.850, 149
Trd, 000033.017, 149
Trd, 000033.367, 148
Trd, 000034.217, 148
Trd, 000034.567, 149
Trd, 000035.650, 148
Trd, 000035.700, 147
Trd, 000036.000, 154
Trd, 000036.600, 155
Trd, 000036.867, 142
Trd, 000037.933, 148
Trd, 000038.750, 150
Trd, 000039.083, 149
Trd, 000039.467, 147
Trd, 000040.433, 148
Trd, 000040.833, 149
Trd, 000041.667, 150
Trd, 000041.717, 151
Trd, 000042.433, 150
Trd, 000042.617, 151
Trd, 000043.100, 155
Trd, 000044.767, 151
Trd, 000044.983, 150
Trd, 000045.067, 150
Trd, 000045.983, 150
Trd, 000046.217, 149
Trd, 000047.250, 147
Trd, 000047.600, 147
Trd, 000048.867, 144
Trd, 000049.000, 136
Trd, 000049.283, 147
Trd, 000050.533, 146
Trd, 000050.550, 146
Trd, 000050.900, 145
Trd, 000051.050, 147
Trd, 000051.167, 152
Trd, 000052.883, 146
Trd, 000053.217, 143
Trd, 000053.517, 143
Trd, 000053.667, 148
Trd, 000053.767, 153
Trd, 000055.517, 145
Trd, 000055.600, 145
Trd, 000056.483, 146
Trd, 000056.700, 147
Trd, 000057.333, 147
Trd, 000059.167, 145
Trd, 000060.167, 145
Trd, 000060.833, 144
Trd, 000060.933, 144
Trd, 000061.700, 145
Trd, 000062.467, 146
Trd, 000063.117, 145
Trd, 000063.883, 146
Trd, 000064.000, 145
Trd, 000064.400, 145
Trd, 000064.833, 147
Trd, 000066.050, 155
Trd, 000066.367, 145
Trd, 000066.750, 149
Trd, 000068.350, 150
Trd, 000069.367, 149
Trd, 000070.483, 148
Trd, 000070.700, 150
Trd, 000070.783, 150
Trd, 000071.583, 149
Trd, 000072.333, 147
Trd, 000072.833, 148
Trd, 000073.200, 148
Trd, 000073.483, 147
Trd, 000073.500, 146
Trd, 000073.617, 146
Trd, 000075.483, 146
Trd, 000076.517, 148
Trd, 000076.550, 148
Trd, 000076.683, 158
Trd, 000077.683, 149
Trd, 000078.067, 150
Trd, 000078.750, 152
Trd, 000078.950, 152
Trd, 000079.083, 153
Trd, 000079.350, 159
Trd, 000079.433, 152
Trd, 000080.417, 157
Trd, 000081.900, 155
Trd, 000082.133, 155
Trd, 000082.800, 153
Trd, 000084.033, 152
Trd, 000084.133, 152
Trd, 000084.650, 152
Trd, 000085.133, 152
Trd, 000085.300, 154
Trd, 000087.600, 155
Trd, 000087.650, 153
Trd, 000088.450, 156
Trd, 000088.917, 154
Trd, 000089.417, 156
Trd, 000090.267, 157
Trd, 000090.483, 153
Trd, 000091.567, 158
Trd, 000091.850, 157
Trd, 000092.517, 158
Trd, 000093.117, 158
Trd, 000094.050, 158
Trd, 000094.433, 158
Trd, 000094.633, 158
Trd, 000095.383, 156
Trd, 000095.900, 157
Trd, 000096.050, 158
Trd, 000096.217, 157
Trd, 000097.200, 157
Trd, 000097.467, 158
Trd, 000098.517, 158
Trd, 000099.483, 157
Trd, 000100.350, 158
Trd, 000100.967, 157
Trd, 000102.317, 156
Trd, 000102.400, 157
Trd, 000102.983, 158
Trd, 000103.317, 155
Trd, 000104.250, 158
Trd, 000104.633, 154
Trd, 000105.967, 155
Trd, 000106.800, 155
Trd, 000107.717, 157
Trd, 000108.750, 159
Trd, 000108.967, 156
Trd, 000109.833, 155
Trd, 000109.933, 155
Trd, 000110.883, 158
Trd, 000111.450, 158
Trd, 000111.850, 157
Trd, 000112.467, 157
Trd, 000112.717, 157
Trd, 000114.733, 156
Trd, 000114.833, 154
Trd, 000114.983, 155
Trd, 000115.400, 156
Trd, 000115.950, 155
Trd, 000116.267, 157
Trd, 000116.383, 157
Trd, 000116.783, 157
Trd, 000118.167, 160
Trd, 000118.533, 163
Trd, 000119.383, 154
Trd, 000120.350, 157
Trd, 000120.683, 156
Trd, 000120.767, 155
Trd, 000121.033, 157
Trd, 000121.167, 158
Trd, 000121.833, 158
Trd, 000121.950, 160
Trd, 000122.000, 162
Trd, 000124.033, 163
Trd, 000124.067, 191
Trd, 000124.317, 205
Trd, 000124.400, 233
Trd, 000125.050, 303.0
Trd, 000125.167, 306
Trd, 000125.367, 327.0
Trd, 000125.433, 334.0
Trd, 000126.117, 337
Trd, 000126.483, 343
Trd, 000126.517, 336
Trd, 000128.067, 339.0
Trd, 000128.433, 343
Trd, 000129.283, 343
Trd, 000129.517, 344
Trd, 000130.450, 351.0
Trd, 000132.850, 347
Trd, 000133.433, 347
Trd, 000133.667, 347
Trd, 000134.233, 347
Trd, 000134.950, 351.0
Trd, 000136.583, 345
Trd, 000136.783, 352
Trd, 000138.950, 347
Trd, 000139.117, 345
Trd, 000139.850, 347
Trd, 000141.233, 346
Trd, 000142.200, 344
Trd, 000142.233, 345
Trd, 000142.500, 344
Trd, 000143.450, 344
Trd, 000145.533, 344
Trd, 000145.733, 343
Trd, 000146.550, 344
Trd, 000146.633, 342
Trd, 000146.700, 345
Trd, 000147.950, 340
Trd, 000148.283, 346
Trd, 000148.417, 347
Trd, 000148.983, 347
Trd, 000150.050, 344
Trd, 000150.233, 347
Trd, 000150.917, 347
Trd, 000152.800, 349
Trd, 000153.483, 349
Trd, 000154.433, 354.0
Trd, 000154.783, 348
Trd, 000155.367, 353.0
Trd, 000156.017, 353
Trd, 000156.517, 342
Trd, 000157.167, 346
Trd, 000158.017, 347
Trd, 000159.583, 346
Trd, 000159.617, 345
Trd, 000160.567, 345
Trd, 000161.033, 345
Trd, 000161.467, 344
Trd, 000162.583, 344
Trd, 000163.833, 345
Trd, 000164.000, 346
Trd, 000164.467, 344
Trd, 000164.583, 342
Trd, 000165.450, 344
Trd, 000165.533, 345
Trd, 000166.950, 345
Trd, 000167.183, 344
Trd, 000167.583, 350
Trd, 000167.667, 348
Trd, 000167.900, 350.0
Trd, 000168.283, 348
Trd, 000169.433, 348
Trd, 000169.600, 348
Trd, 000171.283, 349
Trd, 000171.800, 351.0
Trd, 000172.000, 344
Trd, 000173.483, 345
Trd, 000174.833, 344
Trd, 000175.417, 345
Trd, 000176.100, 344
Trd, 000176.400, 343
Trd, 000176.750, 344
Trd, 000177.867, 345
Trd, 000177.917, 346
Trd, 000178.483, 346
Trd, 000178.533, 344
Trd, 000178.800, 345
Trd, 000179.183, 346
Trd, 000182.283, 340
Trd, 000182.417, 340
Trd, 000183.133, 338
Trd, 000183.400, 331.0
Trd, 000183.417, 327.0
Trd, 000183.500, 324.0
Trd, 000183.850, 301.0
Trd, 000184.817, 300.0
Trd, 000184.867, 252
Trd, 000185.200, 200
Trd, 000185.383, 197
Trd, 000185.800, 180
Trd, 000187.250, 195
Trd, 000188.267, 166
Trd, 000189.417, 185
Trd, 000189.650, 171
Trd, 000189.700, 185
Trd, 000190.167, 170
Trd, 000190.267, 165
Trd, 000191.650, 169
Trd, 000192.050, 168
Trd, 000193.233, 167
Trd, 000193.533, 166
Trd, 000194.950, 165
Trd, 000195.817, 164
Trd, 000197.517, 161
Trd, 000197.867, 162
Trd, 000198.150, 162
Trd, 000198.483, 160
Trd, 000199.250, 163
Trd, 000200.917, 161
Trd, 000201.483, 160
Trd, 000202.117, 161
Trd, 000202.217, 162
Trd, 000202.750, 161
Trd, 000202.933, 160
Trd, 000203.650, 161
Trd, 000203.900, 160
Trd, 000205.383, 161
Trd, 000205.617, 161
Trd, 000205.900, 162
Trd, 000206.650, 162
Trd, 000206.667, 163
Trd, 000206.683, 166
Trd, 000209.000, 161
Trd, 000209.800, 161
Trd, 000210.417, 166
Trd, 000211.233, 165
Trd, 000211.900, 165
Trd, 000212.117, 166
Trd, 000212.833, 164
Trd, 000213.367, 164
Trd, 000214.467, 165
Trd, 000214.533, 165
Trd, 000215.317, 163
Trd, 000216.433, 163
Trd, 000216.467, 164
Trd, 000217.200, 163
Trd, 000217.333, 165
Trd, 000220.117, 163
Trd, 000221.000, 163
Trd, 000221.300, 163
Trd, 000221.517, 164
Trd, 000221.633, 165
Trd, 000221.683, 166
Trd, 000222.467, 163
Trd, 000223.050, 163
Trd, 000224.150, 165
Trd, 000224.533, 163
Trd, 000225.983, 162
Trd, 000227.300, 161
Trd, 000227.433, 163
Trd, 000228.000, 160
Trd, 000228.300, 163
Trd, 000228.883, 164
Trd, 000230.250, 164
Trd, 000231.517, 163
Trd, 000231.617, 162
Trd, 000232.333, 165
Trd, 000232.733, 164
Trd, 000233.167, 164
Trd, 000234.000, 163
Trd, 000234.900, 162
Trd, 000235.267, 162
Trd, 000235.667, 162
Trd, 000236.733, 163
Trd, 000237.817, 163
Trd, 000238.100, 164
Trd, 000238.183, 161
Trd, 000239.683, 162
Trd, 000240.000, 161
Trd, 000240.117, 159
Trd, 000240.250, 163
Trd, 000240.617, 165
Trd, 000240.850, 165
Trd, 000241.217, 167
Trd, 000241.817, 169
Trd, 000241.850, 173
Trd, 000242.017, 175
Trd, 000242.583, 179
Trd, 000243.017, 178
Trd, 000243.600, 178
Trd, 000243.733, 177
Trd, 000244.583, 181
Trd, 000244.900, 182
Trd, 000245.067, 176
Trd, 000245.583, 183
Trd, 000245.900, 186
Trd, 000246.550, 182
Trd, 000246.700, 181
Trd, 000247.117, 182
Trd, 000248.533, 181
Trd, 000248.750, 181
Trd, 000248.983, 179
Trd, 000249.083, 179
Trd, 000249.133, 175
Trd, 000250.017, 173
Trd, 000250.283, 176
Trd, 000250.350, 180
Trd, 000250.667, 175
Trd, 000251.433, 177
Trd, 000251.750, 177
Trd, 000252.033, 177
Trd, 000252.050, 177
Trd, 000252.283, 177
Trd, 000253.350, 175
Trd, 000253.517, 174
Trd, 000253.767, 172
Trd, 000254.317, 174
Trd, 000254.433, 172
Trd, 000254.450, 180
Trd, 000255.267, 174
Trd, 000256.667, 174
Trd, 000256.833, 174
Trd, 000257.417, 175
Trd, 000258.133, 177
Trd, 000259.033, 177
Trd, 000259.100, 177
Trd, 000259.217, 175
Trd, 000259.583, 177
Trd, 000260.267, 176
Trd, 000260.517, 175
Trd, 000261.017, 177
Trd, 000261.667, 176
Trd, 000262.133, 177
Trd, 000262.567, 173
Trd, 000263.083, 177
Trd, 000263.467, 175
Trd, 000263.917, 173
Trd, 000264.650, 173
Trd, 000264.950, 174
Trd, 000264.983, 173
Trd, 000266.433, 172
Trd, 000266.667, 173
Trd, 000266.700, 172
Trd, 000266.717, 173
Trd, 000268.083, 173
Trd, 000268.767, 172
Trd, 000268.850, 174
Trd, 000268.950, 172
Trd, 000269.650, 172
Trd, 000269.817, 171
Trd, 000270.017, 173
Trd, 000270.500, 177
Trd, 000270.883, 181
Trd, 000271.667, 175
Trd, 000272.483, 175
Trd, 000272.883, 176
Trd, 000273.600, 176
Trd, 000273.850, 175
Trd, 000274.517, 177
Trd, 000274.583, 176
Trd, 000275.233, 177
Trd, 000275.483, 178
Trd, 000275.683, 178
Trd, 000275.917, 175
Trd, 000276.083, 178
Trd, 000276.167, 183
Trd, 000276.300, 174
Trd, 000277.817, 179
Trd, 000278.783, 178
Trd, 000279.067, 178
Trd, 000279.183, 177
Trd, 000279.417, 178
Trd, 000279.633, 178
Trd, 000280.467, 176
Trd, 000281.167, 179
Trd, 000281.183, 181
Trd, 000281.467, 181
Trd, 000281.733, 183
Trd, 000282.483, 176
Trd, 000283.050, 178
Trd, 000283.317, 180
Trd, 000283.750, 176
Trd, 000284.500, 179
Trd, 000284.917, 175
Trd, 000285.217, 175
Trd, 000285.383, 172
Trd, 000285.450, 176
Trd, 000285.867, 175
Trd, 000286.550, 176
Trd, 000287.050, 175
Trd, 000288.633, 176
Trd, 000288.667, 176
Trd, 000288.883, 184
Trd, 000289.333, 176
Trd, 000289.533, 177
Trd, 000289.767, 176
Trd, 000289.950, 177
Trd, 000290.533, 179
Trd, 000290.650, 179
Trd, 000291.367, 176
Trd, 000291.500, 180
Trd, 000293.767, 182
Trd, 000293.850, 184
Trd, 000294.200, 186
Trd, 000294.400, 185
Trd, 000294.467, 187
Trd, 000294.567, 180
Trd, 000294.900, 179
Trd, 000295.000, 185
Trd, 000295.450, 187
Trd, 000295.700, 179
Trd, 000296.633, 180
Trd, 000297.067, 179
Trd, 000297.433, 185
Trd, 000297.450, 177
Trd, 000298.450, 178
Trd, 000298.667, 181
Trd, 000299.350, 179
Trd, 000299.650, 181
Trd, 000299.750, 178
Trd, 000299.783, 184
