Trd, 000001.333, 168
Trd, 000002.817, 127
Trd, 000003.200, 132
Trd, 000003.433, 138
Trd, 000004.283, 139
Trd, 000004.550, 140
Trd, 000004.733, 141
Trd, 000005.100, 144
Trd, 000005.367, 138
Trd, 000005.400, 148
Trd, 000005.567, 137
Trd, 000006.200, 155
Trd, 000007.350, 142
Trd, 000008.217, 144
Trd, 000008.717, 154
Trd, 000009.833, 150
Trd, 000010.550, 148
Trd, 000011.600, 141
Trd, 000011.867, 140
Trd, 000011.917, 143
Trd, 000012.600, 140
Trd, 000013.483, 143
Trd, 000013.600, 145
Trd, 000013.683, 156
Trd, 000014.133, 161
Trd, 000015.550, 153
Trd, 000016.083, 153
Trd, 000016.967, 154
Trd, 000017.033, 167
Trd, 000017.617, 155
Trd, 000018.200, 155
Trd, 000018.600, 154
Trd, 000018.683, 157
Trd, 000018.750, 155
Trd, 000019.167, 153
Trd, 000019.350, 153
Trd, 000020.883, 153
Trd, 000021.717, 154
Trd, 000022.333, 152
Trd, 000023.183, 148
Trd, 000023.467, 146
Trd, 000023.533, 147
Trd, 000023.867, 148
Trd, 000024.100, 150
Trd, 000024.333, 148
Trd, 000024.667, 153
Trd, 000025.850, 151
Trd, 000027.300, 150
Trd, 000027.433, 150
Trd, 000027.600, 151
Trd, 000029.367, 151
Trd, 000029.467, 152
Trd, 000030.117, 152
Trd, 000030.233, 144
Trd, 000031.533, 152
Trd, 000033.217, 149
Trd, 000033.733, 147
Trd, 000033.767, 148
Trd, 000033.817, 147
Trd, 000035.200, 147
Trd, 000035.483, 148
Trd, 000035.667, 147
Trd, 000035.767, 148
Trd, 000036.383, 147
Trd, 000036.967, 151
Trd, 000037.333, 154
Trd, 000037.400, 147
Trd, 000038.800, 146
Trd, 000040.100, 149
Trd, 000040.633, 148
Trd, 000041.333, 147
Trd, 000041.500, 146
Trd, 000042.133, 147
Trd, 000042.750, 145
Trd, 000042.767, 146
Trd, 000043.883, 147
Trd, 000044.183, 146
Trd, 000044.433, 145
Trd, 000044.867, 146
Trd, 000044.983, 145
Trd, 000046.783, 148
Trd, 000048.000, 147
Trd, 000048.633, 146
Trd, 000049.000, 149
Trd, 000050.267, 149
Trd, 000050.667, 150
Trd, 000051.267, 150
Trd, 000051.850, 151
Trd, 000052.050, 150
Trd, 000052.400, 150
Trd, 000053.617, 150
Trd, 000053.983, 149
Trd, 000054.300, 149
Trd, 000054.317, 151
Trd, 000054.850, 156
Trd, 000057.033, 154
Trd, 000057.217, 148
Trd, 000057.267, 154
Trd, 000058.400, 148
Trd, 000059.333, 147
Trd, 000059.967, 148
Trd, 000060.133, 148
Trd, 000060.517, 149
Trd, 000061.850, 149
Trd, 000063.100, 150
Trd, 000063.367, 147
Trd, 000064.100, 149
Trd, 000065.067, 149
Trd, 000065.617, 150
Trd, 000065.867, 150
Trd, 000066.117, 154
Trd, 000067.567, 150
Trd, 000067.850, 151
Trd, 000067.917, 149
Trd, 000068.633, 149
Trd, 000069.217, 148
Trd, 000069.567, 149
Trd, 000070.400, 151
Trd, 000070.433, 152
Trd, 000070.650, 152
Trd, 000072.000, 151
Trd, 000072.167, 150
Trd, 000073.550, 149
Trd, 000073.650, 149
Trd, 000074.950, 150
Trd, 000075.950, 150
Trd, 000076.617, 149
Trd, 000077.283, 150
Trd, 000077.817, 148
Trd, 000078.200, 148
Trd, 000078.733, 149
Trd, 000078.850, 149
Trd, 000078.900, 152
Trd, 000079.233, 156
Trd, 000079.483, 149
Trd, 000080.200, 151
Trd, 000080.967, 153
Trd, 000081.067, 152
Trd, 000081.383, 153
Trd, 000082.400, 153
Trd, 000082.850, 153
Trd, 000083.383, 153
Trd, 000083.567, 159
Trd, 000083.600, 152
Trd, 000084.233, 163
Trd, 000084.533, 156
Trd, 000085.150, 155
Trd, 000085.400, 154
Trd, 000085.633, 153
Trd, 000087.150, 150
Trd, 000088.583, 151
Trd, 000088.700, 152
Trd, 000089.383, 151
Trd, 000089.700, 152
Trd, 000090.833, 153
Trd, 000091.100, 153
Trd, 000091.633, 154
Trd, 000092.150, 152
Trd, 000093.150, 153
Trd, 000093.483, 153
Trd, 000093.750, 151
Trd, 000094.050, 157
Trd, 000094.350, 155
Trd, 000094.533, 153
Trd, 000095.933, 154
Trd, 000096.200, 153
Trd, 000096.550, 152
Trd, 000096.867, 151
Trd, 000097.200, 153
Trd, 000097.600, 148
Trd, 000098.700, 155
Trd, 000100.350, 153
Trd, 000100.517, 153
Trd, 000100.567, 154
Trd, 000101.033, 151
Trd, 000102.200, 153
Trd, 000102.433, 154
Trd, 000102.633, 152
Trd, 000102.933, 153
Trd, 000103.083, 155
Trd, 000104.250, 155
Trd, 000105.617, 157
Trd, 000105.867, 158
Trd, 000106.217, 157
Trd, 000107.000, 154
Trd, 000107.933, 155
Trd, 000108.933, 155
Trd, 000109.017, 155
Trd, 000109.833, 155
Trd, 000112.950, 155
Trd, 000113.500, 155
Trd, 000113.933, 156
Trd, 000114.367, 156
Trd, 000114.433, 155
Trd, 000115.667, 159
Trd, 000116.117, 155
Trd, 000117.533, 155
Trd, 000118.200, 157
Trd, 000118.550, 159
Trd, 000119.317, 156
Trd, 000120.083, 160
Trd, 000121.467, 160
Trd, 000121.850, 163
Trd, 000121.933, 167
Trd, 000122.000, 160
Trd, 000123.200, 177
Trd, 000123.700, 180
Trd, 000123.783, 194
Trd, 000124.050, 250
Trd, 000124.100, 254
Trd, 000124.317, 273
Trd, 000124.583, 306.0
Trd, 000125.067, 320.0
Trd, 000125.533, 314
Trd, 000125.633, 337.0
Trd, 000126.050, 341.0
Trd, 000126.550, 344.0
Trd, 000128.250, 343
Trd, 000129.200, 342
Trd, 000130.200, 347.0
Trd, 000130.517, 343
Trd, 000131.450, 347.0
Trd, 000131.817, 346
Trd, 000131.850, 342
Trd, 000133.283, 342
Trd, 000133.633, 342
Trd, 000133.983, 344.0
Trd, 000134.983, 343
Trd, 000135.183, 344
Trd, 000137.267, 343
Trd, 000137.800, 344
Trd, 000137.883, 345
Trd, 000138.567, 346.0
Trd, 000138.600, 344
Trd, 000138.650, 342
Trd, 000139.850, 346
Trd, 000140.333, 348.0
Trd, 000142.167, 348
Trd, 000142.317, 346
Trd, 000143.333, 346
Trd, 000143.617, 348
Trd, 000144.050, 342
Trd, 000145.183, 342
Trd, 000145.233, 344.0
Trd, 000146.050, 343
Trd, 000146.350, 344
Trd, 000147.683, 343
Trd, 000147.867, 344.0
Trd, 000149.217, 344
Trd, 000149.300, 348
Trd, 000149.683, 341
Trd, 000149.967, 341
Trd, 000152.183, 340
Trd, 000153.100, 342
Trd, 000153.500, 343
Trd, 000153.617, 342.0
Trd, 000154.267, 344
Trd, 000154.567, 340
Trd, 000155.167, 338
Trd, 000156.367, 337
Trd, 000156.583, 341.0
Trd, 000157.883, 339.0
Trd, 000157.900, 340
Trd, 000158.583, 343.0
Trd, 000159.517, 343
Trd, 000160.567, 348
Trd, 000161.717, 346
Trd, 000161.983, 339
Trd, 000162.700, 344
Trd, 000164.550, 343
Trd, 000164.883, 344.0
Trd, 000165.017, 343
Trd, 000165.050, 347.0
Trd, 000165.850, 341.0
Trd, 000167.467, 342
Trd, 000167.700, 343
Trd, 000168.083, 342
Trd, 000169.750, 341
Trd, 000170.083, 346.0
Trd, 000171.033, 341
Trd, 000172.150, 342
Trd, 000173.450, 341
Trd, 000173.483, 343.0
Trd, 000174.217, 344.0
Trd, 000174.250, 344
Trd, 000175.033, 342
Trd, 000175.817, 342
Trd, 000177.150, 342
Trd, 000177.950, 343
Trd, 000177.967, 344.0
Trd, 000178.033, 345
Trd, 000178.417, 342
Trd, 000178.500, 340
Trd, 000179.250, 340
Trd, 000181.333, 340
Trd, 000181.717, 338
Trd, 000181.783, 337
Trd, 000182.000, 337
Trd, 000182.250, 335
Trd, 000183.383, 327.0
Trd, 000184.033, 333
Trd, 000184.117, 324.0
Trd, 000184.167, 312
Trd, 000184.833, 307
Trd, 000185.000, 254
Trd, 000185.183, 214
Trd, 000186.183, 209
Trd, 000187.067, 200
Trd, 000187.167, 196
Trd, 000187.367, 177
Trd, 000187.667, 173
Trd, 000188.450, 178
Trd, 000188.900, 179
Trd, 000188.950, 166
Trd, 000190.083, 167
Trd, 000190.400, 177
Trd, 000191.033, 174
Trd, 000193.600, 158
Trd, 000194.583, 170
Trd, 000195.100, 170
Trd, 000195.350, 171
Trd, 000195.583, 172
Trd, 000195.633, 170
Trd, 000196.600, 170
Trd, 000196.867, 171
Trd, 000197.400, 168
Trd, 000199.400, 166
Trd, 000199.900, 161
Trd, 000200.567, 165
Trd, 000201.033, 162
Trd, 000201.150, 162
Trd, 000202.033, 162
Trd, 000203.050, 161
Trd, 000203.267, 163
Trd, 000203.983, 160
Trd, 000207.217, 162
Trd, 000207.650, 162
Trd, 000208.017, 162
Trd, 000208.467, 164
Trd, 000210.350, 164
Trd, 000210.650, 163
Trd, 000211.083, 165
Trd, 000212.017, 167
Trd, 000212.750, 163
Trd, 000213.083, 167
Trd, 000213.767, 166
Trd, 000214.067, 166
Trd, 000214.600, 164
Trd, 000214.767, 163
Trd, 000215.683, 161
Trd, 000215.883, 161
Trd, 000216.633, 160
Trd, 000216.900, 162
Trd, 000218.083, 162
Trd, 000218.350, 161
Trd, 000219.150, 169
Trd, 000219.350, 172
Trd, 000220.800, 164
Trd, 000221.200, 164
Trd, 000222.633, 165
Trd, 000222.833, 165
Trd, 000223.483, 164
Trd, 000224.117, 164
Trd, 000224.983, 165
Trd, 000225.250, 166
Trd, 000225.433, 165
Trd, 000226.367, 166
Trd, 000226.850, 164
Trd, 000229.117, 166
Trd, 000229.583, 167
Trd, 000230.500, 168
Trd, 000231.067, 167
Trd, 000231.900, 166
Trd, 000231.967, 168
Trd, 000232.283, 167
Trd, 000232.433, 167
Trd, 000233.433, 165
Trd, 000235.133, 167
Trd, 000235.167, 165
Trd, 000235.333, 166
Trd, 000235.367, 165
Trd, 000235.600, 164
Trd, 000236.200, 167
Trd, 000236.283, 161
Trd, 000237.467, 172
Trd, 000238.167, 171
Trd, 000238.533, 166
Trd, 000240.167, 170
Trd, 000241.017, 172
Trd, 000241.283, 171
Trd, 000241.667, 172
Trd, 000242.017, 171
Trd, 000242.433, 171
Trd, 000242.817, 170
Trd, 000243.133, 171
Trd, 000243.483, 172
Trd, 000243.567, 169
Trd, 000243.700, 169
Trd, 000243.733, 170
Trd, 000244.450, 170
Trd, 000244.683, 170
Trd, 000245.017, 169
Trd, 000246.167, 172
Trd, 000246.400, 169
Trd, 000246.917, 170
Trd, 000247.667, 170
Trd, 000248.183, 176
Trd, 000248.800, 178
Trd, 000248.833, 179
Trd, 000249.567, 178
Trd, 000250.167, 179
Trd, 000250.183, 177
Trd, 000250.350, 176
Trd, 000250.767, 175
Trd, 000251.083, 173
Trd, 000251.850, 176
Trd, 000252.333, 176
Trd, 000253.250, 175
Trd, 000253.600, 174
Trd, 000253.683, 179
Trd, 000253.900, 173
Trd, 000254.167, 172
Trd, 000254.517, 175
Trd, 000255.050, 173
Trd, 000255.350, 172
Trd, 000255.567, 158
Trd, 000256.350, 166
Trd, 000256.800, 166
Trd, 000257.017, 176
Trd, 000257.500, 171
Trd, 000257.750, 171
Trd, 000257.900, 170
Trd, 000258.183, 169
Trd, 000258.233, 172
Trd, 000260.150, 167
Trd, 000260.217, 167
Trd, 000260.317, 169
Trd, 000260.367, 177
Trd, 000261.950, 173
Trd, 000262.317, 173
Trd, 000263.333, 176
Trd, 000263.733, 176
Trd, 000263.900, 181
Trd, 000264.183, 180
Trd, 000264.750, 180
Trd, 000265.167, 180
Trd, 000265.483, 180
Trd, 000265.933, 179
Trd, 000266.000, 183
Trd, 000266.350, 178
Trd, 000266.450, 174
Trd, 000266.583, 170
Trd, 000267.233, 179
Trd, 000268.017, 175
Trd, 000268.067, 177
Trd, 000268.367, 182
Trd, 000269.033, 175
Trd, 000269.533, 180
Trd, 000269.867, 176
Trd, 000269.933, 175
Trd, 000271.167, 174
Trd, 000271.467, 178
Trd, 000271.717, 178
Trd, 000272.000, 174
Trd, 000272.433, 175
Trd, 000272.967, 175
Trd, 000273.550, 177
Trd, 000273.783, 174
Trd, 000274.233, 171
Trd, 000274.983, 175
Trd, 000275.083, 176
Trd, 000275.467, 177
Trd, 000276.467, 173
Trd, 000277.033, 173
Trd, 000278.000, 176
Trd, 000278.133, 178
Trd, 000278.500, 175
Trd, 000278.950, 177
Trd, 000278.967, 175
Trd, 000279.267, 175
Trd, 000279.667, 172
Trd, 000279.833, 176
Trd, 000279.967, 177
Trd, 000280.850, 176
Trd, 000281.533, 175
Trd, 000281.650, 175
Trd, 000282.150, 175
Trd, 000282.600, 176
Trd, 000283.333, 176
Trd, 000283.483, 177
Trd, 000284.283, 175
Trd, 000284.317, 176
Trd, 000284.567, 172
Trd, 000285.283, 177
Trd, 000285.300, 176
Trd, 000285.967, 179
Trd, 000286.600, 176
Trd, 000287.200, 177
Trd, 000287.800, 176
Trd, 000287.850, 176
Trd, 000287.983, 173
Trd, 000288.533, 175
Trd, 000289.000, 166
Trd, 000289.100, 173
Trd, 000290.317, 170
Trd, 000290.950, 170
Trd, 000290.967, 171
Trd, 000291.200, 169
Trd, 000291.750, 170
Trd, 000291.967, 170
Trd, 000292.267, 173
Trd, 000293.283, 172
Trd, 000294.767, 172
Trd, 000295.100, 172
Trd, 000295.600, 171
Trd, 000295.700, 177
Trd, 000295.983, 170
Trd, 000296.233, 177
Trd, 000296.600, 170
Trd, 000297.600, 178
Trd, 000298.233, 180
Trd, 000298.267, 178
Trd, 000298.800, 178
Trd, 000298.883, 178
Trd, 000298.900, 177
Trd, 000298.933, 174
Trd, 000299.083, 171
Trd, 000299.183, 181
Trd, 000299.200, 167
Trd, 000299.300, 192
Trd, 000299.517, 164
