Trd, 000000.917, 123
Trd, 000003.000, 138
Trd, 000004.117, 125
Trd, 000004.300, 145
Trd, 000004.317, 146
Trd, 000004.533, 138
Trd, 000005.133, 146
Trd, 000005.750, 148
Trd, 000006.233, 141
Trd, 000006.383, 168
Trd, 000007.183, 140
Trd, 000007.300, 141
Trd, 000008.500, 146
Trd, 000010.117, 147
Trd, 000010.600, 146
Trd, 000010.683, 146
Trd, 000010.850, 149
Trd, 000011.333, 143
Trd, 000011.500, 142
Trd, 000011.633, 147
Trd, 000011.883, 141
Trd, 000013.317, 149
Trd, 000013.333, 145
Trd, 000013.817, 155
Trd, 000015.233, 150
Trd, 000015.367, 148
Trd, 000016.917, 146
Trd, 000017.233, 147
Trd, 000017.350, 146
Trd, 000017.900, 139
Trd, 000017.983, 147
Trd, 000018.183, 150
Trd, 000019.017, 166
Trd, 000019.817, 143
Trd, 000019.900, 158
Trd, 000020.417, 158
Trd, 000020.767, 167
Trd, 000021.283, 163
Trd, 000021.400, 162
Trd, 000022.317, 164
Trd, 000024.400, 156
Trd, 000024.450, 167
Trd, 000024.900, 144
Trd, 000025.183, 144
Trd, 000025.433, 143
Trd, 000026.667, 162
Trd, 000028.983, 149
Trd, 000029.817, 150
Trd, 000030.000, 150
Trd, 000030.267, 149
Trd, 000030.450, 149
Trd, 000030.817, 151
Trd, 000030.900, 151
Trd, 000031.783, 148
Trd, 000032.900, 151
Trd, 000034.200, 151
Trd, 000035.117, 150
Trd, 000035.600, 150
Trd, 000035.667, 150
Trd, 000035.983, 151
Trd, 000036.233, 152
Trd, 000036.817, 160
Trd, 000037.767, 154
Trd, 000038.433, 152
Trd, 000038.633, 154
Trd, 000038.783, 151
Trd, 000040.783, 150
Trd, 000041.067, 151
Trd, 000041.417, 152
Trd, 000041.950, 152
Trd, 000042.867, 146
Trd, 000043.667, 145
Trd, 000044.150, 162
Trd, 000044.250, 169
Trd, 000045.267, 168
Trd, 000045.450, 161
Trd, 000045.950, 151
Trd, 000047.950, 150
Trd, 000048.100, 154
Trd, 000048.367, 154
Trd, 000048.517, 155
Trd, 000048.733, 145
Trd, 000048.767, 160
Trd, 000049.783, 157
Trd, 000050.050, 170
Trd, 000051.617, 156
Trd, 000052.067, 157
Trd, 000052.083, 158
Trd, 000052.350, 155
Trd, 000052.417, 159
Trd, 000053.350, 162
Trd, 000053.600, 156
Trd, 000054.050, 159
Trd, 000054.433, 158
Trd, 000054.583, 154
Trd, 000055.600, 155
Trd, 000055.750, 170
Trd, 000058.367, 160
Trd, 000059.200, 157
Trd, 000059.333, 160
Trd, 000059.367, 161
Trd, 000059.717, 155
Trd, 000059.817, 171
Trd, 000060.800, 165
Trd, 000061.767, 155
Trd, 000062.017, 153
Trd, 000062.333, 170
Trd, 000063.467, 163
Trd, 000064.200, 166
Trd, 000064.933, 164
Trd, 000065.017, 158
Trd, 000066.917, 159
Trd, 000067.167, 162
Trd, 000067.717, 161
Trd, 000067.817, 158
Trd, 000068.550, 170
Trd, 000070.100, 155
Trd, 000070.183, 164
Trd, 000070.383, 147
Trd, 000072.267, 158
Trd, 000072.783, 156
Trd, 000073.367, 155
Trd, 000073.650, 153
Trd, 000074.100, 155
Trd, 000074.850, 153
Trd, 000075.100, 154
Trd, 000075.600, 155
Trd, 000075.767, 171
Trd, 000077.950, 160
Trd, 000078.183, 157
Trd, 000078.933, 157
Trd, 000079.100, 156
Trd, 000079.150, 155
Trd, 000079.483, 159
Trd, 000081.383, 152
Trd, 000081.617, 154
Trd, 000081.633, 155
Trd, 000081.717, 148
Trd, 000082.650, 152
Trd, 000083.033, 151
Trd, 000083.217, 150
Trd, 000083.950, 150
Trd, 000084.533, 172
Trd, 000084.800, 173
Trd, 000085.217, 165
Trd, 000086.033, 156
Trd, 000086.550, 163
Trd, 000086.883, 164
Trd, 000087.567, 156
Trd, 000088.600, 154
Trd, 000089.200, 154
Trd, 000089.433, 173
Trd, 000090.083, 171
Trd, 000090.217, 172
Trd, 000090.517, 150
Trd, 000091.033, 174
Trd, 000091.217, 154
Trd, 000092.317, 155
Trd, 000094.817, 159
Trd, 000095.117, 156
Trd, 000095.600, 159
Trd, 000096.200, 160
Trd, 000096.367, 157
Trd, 000097.150, 159
Trd, 000098.917, 156
Trd, 000099.083, 158
Trd, 000099.417, 159
Trd, 000100.017, 160
Trd, 000100.400, 157
Trd, 000100.550, 160
Trd, 000100.800, 166
Trd, 000101.167, 154
Trd, 000101.567, 175
Trd, 000101.900, 178
Trd, 000102.233, 150
Trd, 000103.233, 150
Trd, 000103.500, 160
Trd, 000103.817, 159
Trd, 000104.017, 149
Trd, 000104.367, 160
Trd, 000104.750, 156
Trd, 000106.000, 158
Trd, 000107.967, 158
Trd, 000108.350, 158
Trd, 000108.367, 159
Trd, 000108.767, 158
Trd, 000109.050, 157
Trd, 000110.250, 152
Trd, 000110.683, 154
Trd, 000111.867, 156
Trd, 000113.083, 164
Trd, 000113.767, 177
Trd, 000114.017, 173
Trd, 000114.883, 166
Trd, 000114.917, 165
Trd, 000115.133, 169
Trd, 000115.900, 167
Trd, 000116.117, 170
Trd, 000116.633, 157
Trd, 000116.950, 173
Trd, 000117.183, 157
Trd, 000117.550, 156
Trd, 000117.767, 176
Trd, 000117.800, 177
Trd, 000119.317, 178
Trd, 000119.933, 175
Trd, 000120.533, 176
Trd, 000121.450, 164
Trd, 000121.717, 163
Trd, 000121.917, 177
Trd, 000122.033, 178
Trd, 000122.167, 191
Trd, 000122.917, 181
Trd, 000123.200, 234
Trd, 000123.767, 327
Trd, 000124.083, 250
Trd, 000124.333, 316
Trd, 000124.367, 323
Trd, 000124.583, 331.0
Trd, 000126.300, 323
Trd, 000126.500, 324
Trd, 000126.617, 341.0
Trd, 000126.633, 348.0
Trd, 000127.250, 331.0
Trd, 000128.217, 332
Trd, 000129.450, 341.0
Trd, 000131.017, 334
Trd, 000131.217, 336
Trd, 000131.733, 348.0
Trd, 000132.550, 344
Trd, 000133.000, 341.0
Trd, 000133.483, 339
Trd, 000133.717, 350
Trd, 000133.783, 338
Trd, 000135.317, 347
Trd, 000136.233, 345.0
Trd, 000138.117, 341
Trd, 000138.267, 343
Trd, 000139.350, 340
Trd, 000139.750, 344
Trd, 000139.917, 345
Trd, 000141.000, 340
Trd, 000142.100, 341.0
Trd, 000142.467, 343
Trd, 000142.783, 343
Trd, 000143.117, 345
Trd, 000143.167, 348.0
Trd, 000145.483, 344
Trd, 000145.600, 343
Trd, 000145.633, 323
Trd, 000145.933, 336
Trd, 000146.283, 345
Trd, 000146.400, 344
Trd, 000146.817, 336
Trd, 000147.083, 347.0
Trd, 000147.733, 341.0
Trd, 000147.767, 348.0
Trd, 000148.283, 335
Trd, 000150.200, 335
Trd, 000150.483, 344
Trd, 000150.717, 343
Trd, 000152.433, 360
Trd, 000152.550, 365
Trd, 000152.700, 357
Trd, 000153.517, 368.0
Trd, 000153.533, 345
Trd, 000154.583, 371
Trd, 000155.717, 365
Trd, 000157.133, 348
Trd, 000158.600, 356
Trd, 000159.217, 356
Trd, 000159.450, 354
Trd, 000159.483, 353
Trd, 000159.867, 360
Trd, 000159.933, 345
Trd, 000160.983, 358
Trd, 000161.583, 362
Trd, 000161.683, 379.0
Trd, 000162.367, 382.0
Trd, 000162.383, 385.0
Trd, 000162.850, 355
Trd, 000163.083, 354
Trd, 000164.417, 355
Trd, 000165.600, 355
Trd, 000165.783, 356
Trd, 000166.200, 356
Trd, 000167.150, 354
Trd, 000167.250, 348
Trd, 000168.583, 349
Trd, 000169.100, 344
Trd, 000169.483, 341
Trd, 000170.133, 341.0
Trd, 000170.300, 347
Trd, 000170.867, 346
Trd, 000171.400, 345
Trd, 000172.283, 343
Trd, 000172.333, 338
Trd, 000173.183, 340
Trd, 000173.700, 340
Trd, 000174.133, 346
Trd, 000174.700, 345
Trd, 000175.550, 345
Trd, 000176.300, 345.0
Trd, 000176.683, 347
Trd, 000176.933, 348.0
Trd, 000177.317, 343
Trd, 000177.950, 349
Trd, 000178.233, 346
Trd, 000179.533, 347
Trd, 000180.067, 344
Trd, 000180.383, 348.0
Trd, 000180.900, 350
Trd, 000181.267, 364
Trd, 000181.583, 339
Trd, 000182.400, 323
Trd, 000182.483, 341.0
Trd, 000183.400, 310.0
Trd, 000183.967, 295
Trd, 000184.017, 340
Trd, 000184.300, 285
Trd, 000184.683, 223
Trd, 000185.433, 207
Trd, 000186.067, 200
Trd, 000186.117, 193
Trd, 000186.733, 160
Trd, 000187.067, 201
Trd, 000187.617, 188
Trd, 000187.917, 188
Trd, 000188.050, 201
Trd, 000188.267, 204
Trd, 000188.483, 171
Trd, 000189.183, 201
Trd, 000189.783, 172
Trd, 000191.383, 178
Trd, 000191.900, 172
Trd, 000193.333, 177
Trd, 000193.767, 175
Trd, 000194.650, 174
Trd, 000195.317, 172
Trd, 000195.383, 172
Trd, 000195.483, 166
Trd, 000196.133, 171
Trd, 000196.367, 159
Trd, 000197.183, 169
Trd, 000198.533, 158
Trd, 000198.683, 161
Trd, 000199.817, 159
Trd, 000200.067, 157
Trd, 000200.283, 160
Trd, 000201.133, 160
Trd, 000201.300, 161
Trd, 000201.883, 159
Trd, 000202.000, 160
Trd, 000202.617, 158
Trd, 000204.183, 151
Trd, 000204.567, 153
Trd, 000205.633, 153
Trd, 000205.700, 154
Trd, 000205.900, 154
Trd, 000206.183, 161
Trd, 000206.400, 153
Trd, 000206.733, 185
Trd, 000207.067, 156
Trd, 000208.250, 171
Trd, 000208.267, 185
Trd, 000208.617, 186
Trd, 000210.183, 187
Trd, 000210.583, 173
Trd, 000210.950, 177
Trd, 000212.450, 167
Trd, 000212.600, 162
Trd, 000212.733, 176
Trd, 000213.483, 161
Trd, 000214.083, 174
Trd, 000214.617, 187
Trd, 000215.117, 176
Trd, 000215.700, 169
Trd, 000216.033, 175
Trd, 000216.400, 175
Trd, 000217.667, 174
Trd, 000217.717, 169
Trd, 000217.817, 176
Trd, 000218.450, 175
Trd, 000218.750, 176
Trd, 000218.850, 169
Trd, 000219.683, 187
Trd, 000220.883, 185
Trd, 000222.817, 181
Trd, 000223.600, 170
Trd, 000224.950, 173
Trd, 000225.067, 174
Trd, 000225.517, 173
Trd, 000225.900, 175
Trd, 000226.133, 174
Trd, 000226.600, 175
Trd, 000227.100, 173
Trd, 000227.550, 186
Trd, 000227.617, 172
Trd, 000227.800, 178
Trd, 000228.067, 169
Trd, 000228.683, 179
Trd, 000229.917, 169
Trd, 000229.967, 176
Trd, 000230.183, 180
Trd, 000230.767, 185
Trd, 000231.150, 191
Trd, 000231.500, 202
Trd, 000232.917, 182
Trd, 000233.433, 172
Trd, 000233.917, 171
Trd, 000235.183, 176
Trd, 000235.850, 176
Trd, 000236.050, 175
Trd, 000236.450, 176
Trd, 000236.767, 171
Trd, 000236.900, 180
Trd, 000237.000, 181
Trd, 000237.467, 169
Trd, 000237.800, 168
Trd, 000238.300, 164
Trd, 000238.600, 165
Trd, 000240.017, 167
Trd, 000240.683, 166
Trd, 000240.717, 167
Trd, 000241.467, 172
Trd, 000241.633, 169
Trd, 000241.950, 170
Trd, 000242.350, 170
Trd, 000242.750, 169
Trd, 000243.067, 168
Trd, 000243.933, 168
Trd, 000243.950, 162
Trd, 000244.100, 168
Trd, 000244.867, 166
Trd, 000244.967, 166
Trd, 000245.933, 175
Trd, 000246.083, 173
Trd, 000246.367, 178
Trd, 000246.617, 179
Trd, 000248.317, 181
Trd, 000248.450, 181
Trd, 000249.017, 178
Trd, 000249.383, 181
Trd, 000249.450, 172
Trd, 000249.533, 168
Trd, 000250.500, 179
Trd, 000251.467, 178
Trd, 000251.533, 178
Trd, 000251.817, 177
Trd, 000252.067, 179
Trd, 000253.233, 179
Trd, 000253.533, 178
Trd, 000253.767, 180
Trd, 000254.467, 175
Trd, 000254.550, 179
Trd, 000255.433, 177
Trd, 000255.883, 179
Trd, 000256.100, 190
Trd, 000256.150, 174
Trd, 000256.917, 169
Trd, 000256.933, 162
Trd, 000257.533, 164
Trd, 000257.767, 170
Trd, 000258.167, 174
Trd, 000258.317, 171
Trd, 000259.733, 184
Trd, 000259.900, 181
Trd, 000260.400, 180
Trd, 000260.500, 181
Trd, 000260.567, 181
Trd, 000260.933, 186
Trd, 000261.733, 183
Trd, 000262.067, 186
Trd, 000262.433, 188
Trd, 000262.750, 191
Trd, 000263.283, 190
Trd, 000263.650, 184
Trd, 000264.483, 182
Trd, 000264.850, 179
Trd, 000265.367, 175
Trd, 000265.633, 177
Trd, 000265.833, 180
Trd, 000266.067, 179
Trd, 000266.650, 173
Trd, 000267.017, 171
Trd, 000267.600, 166
Trd, 000267.633, 164
Trd, 000268.000, 165
Trd, 000268.417, 168
Trd, 000269.133, 171
Trd, 000269.650, 170
Trd, 000269.950, 170
Trd, 000270.317, 171
Trd, 000270.583, 171
Trd, 000270.783, 175
Trd, 000271.200, 195
Trd, 000272.483, 185
Trd, 000272.550, 191
Trd, 000272.733, 170
Trd, 000272.883, 186
Trd, 000274.050, 189
Trd, 000274.200, 191
Trd, 000274.400, 192
Trd, 000275.017, 189
Trd, 000275.050, 191
Trd, 000275.217, 192
Trd, 000275.967, 181
Trd, 000276.250, 182
Trd, 000277.050, 180
Trd, 000277.117, 194
Trd, 000277.250, 171
Trd, 000278.017, 180
Trd, 000278.100, 187
Trd, 000279.867, 178
Trd, 000279.900, 176
Trd, 000280.183, 174
Trd, 000280.633, 179
Trd, 000281.667, 178
Trd, 000282.000, 178
Trd, 000282.133, 177
Trd, 000282.167, 178
Trd, 000283.300, 178
Trd, 000283.417, 176
Trd, 000283.483, 179
Trd, 000283.683, 179
Trd, 000283.750, 180
Trd, 000284.517, 180
Trd, 000284.983, 175
Trd, 000285.317, 183
Trd, 000285.733, 185
Trd, 000286.750, 185
Trd, 000287.133, 178
Trd, 000287.217, 174
Trd, 000288.217, 185
Trd, 000288.400, 174
Trd, 000288.917, 173
Trd, 000289.133, 184
Trd, 000289.683, 173
Trd, 000290.033, 187
Trd, 000290.267, 165
Trd, 000290.283, 185
Trd, 000290.600, 193
Trd, 000290.717, 194
Trd, 000291.017, 197
Trd, 000292.950, 181
Trd, 000293.650, 189
Trd, 000293.933, 182
Trd, 000294.333, 188
Trd, 000294.733, 181
Trd, 000295.417, 168
Trd, 000295.700, 173
Trd, 000295.750, 163
Trd, 000295.783, 176
Trd, 000296.150, 177
Trd, 000296.167, 179
Trd, 000296.717, 174
Trd, 000296.750, 173
Trd, 000296.817, 170
Trd, 000297.017, 181
Trd, 000297.100, 183
Trd, 000297.233, 177
Trd, 000297.983, 194
Trd, 000298.333, 177
Trd, 000298.783, 183
Trd, 000299.883, 180
