Trd, 000001.750, 172
Trd, 000001.900, 160
Trd, 000002.783, 171
Trd, 000003.983, 170
Trd, 000004.033, 157
Trd, 000004.233, 171
Trd, 000004.250, 156
Trd, 000004.917, 158
Trd, 000005.617, 162
Trd, 000005.967, 157
Trd, 000006.333, 155
Trd, 000007.383, 157
Trd, 000008.267, 157
Trd, 000008.667, 157
Trd, 000009.917, 156
Trd, 000009.967, 157
Trd, 000010.317, 156
Trd, 000010.933, 159
Trd, 000011.050, 155
Trd, 000011.450, 158
Trd, 000013.333, 162
Trd, 000013.367, 161
Trd, 000013.567, 160
Trd, 000013.800, 161
Trd, 000015.417, 158
Trd, 000015.433, 156
Trd, 000016.683, 159
Trd, 000016.883, 158
Trd, 000017.433, 159
Trd, 000018.000, 159
Trd, 000019.500, 161
Trd, 000020.883, 159
Trd, 000021.517, 160
Trd, 000021.833, 160
Trd, 000022.567, 159
Trd, 000023.383, 157
Trd, 000024.167, 160
Trd, 000024.350, 157
Trd, 000024.533, 167
Trd, 000024.617, 156
Trd, 000026.800, 154
Trd, 000026.967, 136
Trd, 000027.383, 148
Trd, 000027.467, 152
Trd, 000027.817, 137
Trd, 000028.567, 152
Trd, 000029.150, 161
Trd, 000029.717, 151
Trd, 000030.650, 150
Trd, 000031.483, 153
Trd, 000031.950, 153
Trd, 000032.633, 150
Trd, 000032.650, 152
Trd, 000032.967, 153
Trd, 000033.933, 150
Trd, 000034.850, 152
Trd, 000035.217, 154
Trd, 000035.550, 149
Trd, 000037.533, 154
Trd, 000037.833, 157
Trd, 000038.517, 154
Trd, 000038.967, 159
Trd, 000039.300, 154
Trd, 000039.567, 159
Trd, 000039.800, 154
Trd, 000040.183, 153
Trd, 000040.883, 160
Trd, 000042.467, 159
Trd, 000043.233, 159
Trd, 000043.267, 161
Trd, 000043.567, 155
Trd, 000043.900, 159
Trd, 000045.417, 158
Trd, 000045.617, 159
Trd, 000046.267, 158
Trd, 000046.750, 158
Trd, 000047.000, 159
Trd, 000047.967, 159
Trd, 000047.983, 158
Trd, 000048.250, 157
Trd, 000048.317, 160
Trd, 000049.033, 155
Trd, 000049.317, 160
Trd, 000050.400, 157
Trd, 000050.667, 158
Trd, 000051.383, 157
Trd, 000051.733, 149
Trd, 000052.600, 161
Trd, 000052.750, 160
Trd, 000053.450, 159
Trd, 000053.567, 161
Trd, 000055.133, 161
Trd, 000055.533, 162
Trd, 000055.633, 163
Trd, 000056.267, 163
Trd, 000056.467, 151
Trd, 000056.483, 150
Trd, 000056.883, 151
Trd, 000059.333, 160
Trd, 000059.583, 164
Trd, 000061.000, 164
Trd, 000061.267, 163
Trd, 000061.467, 161
Trd, 000062.217, 162
Trd, 000062.783, 159
Trd, 000063.233, 158
Trd, 000063.850, 158
Trd, 000064.550, 158
Trd, 000065.450, 158
Trd, 000065.883, 159
Trd, 000066.067, 160
Trd, 000066.683, 159
Trd, 000066.783, 158
Trd, 000067.083, 157
Trd, 000068.450, 158
Trd, 000068.867, 158
Trd, 000069.583, 159
Trd, 000070.950, 160
Trd, 000071.567, 158
Trd, 000071.633, 160
Trd, 000071.967, 155
Trd, 000072.633, 158
Trd, 000073.467, 158
Trd, 000073.550, 157
Trd, 000073.600, 154
Trd, 000074.783, 159
Trd, 000075.433, 164
Trd, 000075.717, 162
Trd, 000075.917, 155
Trd, 000076.667, 156
Trd, 000076.800, 165
Trd, 000076.883, 189
Trd, 000079.133, 159
Trd, 000079.883, 159
Trd, 000080.283, 160
Trd, 000080.467, 163
Trd, 000080.717, 158
Trd, 000081.100, 163
Trd, 000081.617, 152
Trd, 000082.000, 163
Trd, 000082.067, 163
Trd, 000083.317, 158
Trd, 000083.600, 163
Trd, 000083.700, 157
Trd, 000084.167, 166
Trd, 000084.233, 174
Trd, 000084.400, 180
Trd, 000084.917, 157
Trd, 000086.033, 156
Trd, 000086.933, 153
Trd, 000087.133, 134
Trd, 000088.167, 154
Trd, 000088.517, 154
Trd, 000088.533, 155
Trd, 000089.067, 153
Trd, 000089.267, 155
Trd, 000090.233, 164
Trd, 000090.500, 166
Trd, 000091.133, 167
Trd, 000091.683, 165
Trd, 000092.150, 165
Trd, 000093.317, 173
Trd, 000093.350, 164
Trd, 000093.650, 164
Trd, 000093.750, 163
Trd, 000094.233, 141
Trd, 000094.367, 167
Trd, 000094.917, 167
Trd, 000096.000, 157
Trd, 000096.700, 157
Trd, 000098.317, 155
Trd, 000098.700, 154
Trd, 000098.750, 158
Trd, 000099.400, 157
Trd, 000100.000, 156
Trd, 000100.517, 155
Trd, 000100.717, 154
Trd, 000101.350, 158
Trd, 000102.450, 157
Trd, 000102.683, 157
Trd, 000103.300, 158
Trd, 000104.550, 158
Trd, 000105.350, 160
Trd, 000106.050, 157
Trd, 000106.517, 161
Trd, 000106.700, 165
Trd, 000107.233, 169
Trd, 000107.417, 157
Trd, 000107.533, 157
Trd, 000109.267, 158
Trd, 000109.450, 163
Trd, 000109.633, 163
Trd, 000110.917, 164
Trd, 000111.033, 162
Trd, 000111.350, 162
Trd, 000111.933, 164
Trd, 000112.083, 161
Trd, 000112.767, 160
Trd, 000112.950, 160
Trd, 000113.200, 160
Trd, 000113.350, 163
Trd, 000114.950, 159
Trd, 000116.083, 158
Trd, 000116.167, 162
Trd, 000118.117, 151
Trd, 000119.183, 155
Trd, 000119.650, 157
Trd, 000120.400, 167
Trd, 000120.467, 158
Trd, 000120.917, 156
Trd, 000121.050, 155
Trd, 000121.167, 170
Trd, 000122.050, 162
Trd, 000122.583, 164
Trd, 000122.817, 177
Trd, 000122.983, 194
Trd, 000123.117, 201
Trd, 000123.300, 205
Trd, 000123.683, 212
Trd, 000124.967, 256
Trd, 000125.033, 274
Trd, 000125.083, 217
Trd, 000125.367, 317.0
Trd, 000125.533, 326
Trd, 000125.850, 300.0
Trd, 000125.883, 316
Trd, 000126.100, 327.0
Trd, 000127.133, 325.0
Trd, 000127.500, 324.0
Trd, 000128.217, 326
Trd, 000128.567, 331
Trd, 000128.900, 331
Trd, 000128.950, 334
Trd, 000129.683, 335
Trd, 000129.850, 331
Trd, 000129.917, 349
Trd, 000130.067, 354.0
Trd, 000130.583, 332
Trd, 000130.867, 333
Trd, 000132.450, 349
Trd, 000132.700, 333
Trd, 000132.850, 330
Trd, 000133.583, 343
Trd, 000133.867, 354.0
Trd, 000135.383, 358.0
Trd, 000136.417, 352
Trd, 000136.883, 341
Trd, 000137.317, 342
Trd, 000138.517, 342
Trd, 000139.150, 348
Trd, 000139.467, 348
Trd, 000140.117, 344
Trd, 000140.233, 343
Trd, 000140.250, 348
Trd, 000141.583, 345
Trd, 000142.717, 348
Trd, 000143.433, 343
Trd, 000144.667, 322
Trd, 000145.050, 322
Trd, 000145.133, 326.0
Trd, 000145.533, 327.0
Trd, 000146.000, 337
Trd, 000146.383, 325
Trd, 000146.650, 327
Trd, 000146.733, 328
Trd, 000147.783, 328
Trd, 000147.850, 335
Trd, 000148.600, 337
Trd, 000148.717, 346
Trd, 000150.533, 336
Trd, 000151.350, 341
Trd, 000151.783, 355.0
Trd, 000152.400, 361
Trd, 000152.467, 355
Trd, 000153.550, 351
Trd, 000154.083, 354
Trd, 000155.350, 352
Trd, 000156.517, 352
Trd, 000156.933, 354
Trd, 000157.417, 350
Trd, 000157.950, 351
Trd, 000158.517, 351
Trd, 000158.800, 355.0
Trd, 000158.883, 327
Trd, 000159.400, 351
Trd, 000160.800, 340
Trd, 000160.867, 339
Trd, 000162.117, 348
Trd, 000162.183, 342
Trd, 000162.983, 346
Trd, 000163.317, 343
Trd, 000163.467, 344
Trd, 000163.683, 347
Trd, 000163.983, 345
Trd, 000164.100, 342
Trd, 000165.167, 343
Trd, 000165.883, 342
Trd, 000166.850, 350
Trd, 000166.900, 340
Trd, 000166.983, 355.0
Trd, 000168.150, 350
Trd, 000168.333, 342
Trd, 000169.467, 344
Trd, 000170.517, 344
Trd, 000170.783, 346
Trd, 000170.933, 345
Trd, 000171.517, 344
Trd, 000172.233, 340
Trd, 000172.583, 326
Trd, 000172.933, 339
Trd, 000173.833, 339
Trd, 000175.067, 339
Trd, 000175.233, 336
Trd, 000175.267, 344
Trd, 000176.467, 335
Trd, 000177.017, 341
Trd, 000177.567, 338
Trd, 000178.517, 338
Trd, 000179.517, 343
Trd, 000181.067, 345
Trd, 000181.283, 338
Trd, 000181.350, 353
Trd, 000181.367, 341
Trd, 000181.667, 336
Trd, 000181.767, 325
Trd, 000182.917, 319.0
Trd, 000183.517, 318.0
Trd, 000183.833, 317.0
Trd, 000183.933, 313.0
Trd, 000184.233, 309
Trd, 000184.283, 228
Trd, 000184.333, 214
Trd, 000184.517, 202
Trd, 000185.200, 286
Trd, 000185.400, 197
Trd, 000186.033, 193
Trd, 000187.817, 190
Trd, 000189.883, 187
Trd, 000190.200, 186
Trd, 000190.350, 185
Trd, 000190.583, 192
Trd, 000191.183, 191
Trd, 000191.767, 193
Trd, 000192.300, 191
Trd, 000192.467, 191
Trd, 000192.533, 189
Trd, 000193.467, 186
Trd, 000194.467, 185
Trd, 000195.650, 183
Trd, 000196.317, 184
Trd, 000196.967, 183
Trd, 000197.183, 184
Trd, 000197.233, 181
Trd, 000198.133, 178
Trd, 000198.450, 177
Trd, 000199.167, 176
Trd, 000199.217, 166
Trd, 000199.967, 175
Trd, 000200.317, 171
Trd, 000200.883, 165
Trd, 000201.100, 174
Trd, 000201.533, 171
Trd, 000202.900, 173
Trd, 000203.567, 170
Trd, 000204.283, 173
Trd, 000205.600, 168
Trd, 000206.233, 171
Trd, 000206.483, 173
Trd, 000207.200, 173
Trd, 000207.583, 173
Trd, 000208.583, 174
Trd, 000209.167, 175
Trd, 000209.200, 176
Trd, 000209.383, 171
Trd, 000210.433, 179
Trd, 000210.650, 169
Trd, 000211.050, 169
Trd, 000211.500, 168
Trd, 000213.083, 172
Trd, 000213.550, 172
Trd, 000214.000, 171
Trd, 000214.533, 171
Trd, 000215.700, 171
Trd, 000215.867, 170
Trd, 000215.967, 172
Trd, 000216.633, 176
Trd, 000216.750, 168
Trd, 000217.000, 167
Trd, 000217.517, 174
Trd, 000218.100, 166
Trd, 000218.200, 165
Trd, 000218.600, 149
Trd, 000218.950, 159
Trd, 000219.883, 158
Trd, 000219.900, 160
Trd, 000220.433, 159
Trd, 000220.833, 168
Trd, 000221.633, 177
Trd, 000222.417, 165
Trd, 000223.283, 166
Trd, 000223.900, 168
Trd, 000224.183, 165
Trd, 000224.450, 170
Trd, 000224.617, 163
Trd, 000225.600, 174
Trd, 000227.000, 180
Trd, 000227.800, 187
Trd, 000227.817, 176
Trd, 000227.933, 175
Trd, 000229.800, 181
Trd, 000230.050, 179
Trd, 000230.167, 182
Trd, 000230.383, 178
Trd, 000232.667, 178
Trd, 000232.717, 178
Trd, 000232.833, 167
Trd, 000233.150, 150
Trd, 000234.300, 179
Trd, 000234.750, 179
Trd, 000235.583, 178
Trd, 000236.400, 180
Trd, 000237.867, 181
Trd, 000239.300, 179
Trd, 000239.383, 178
Trd, 000239.400, 176
Trd, 000240.217, 174
Trd, 000240.317, 177
Trd, 000240.533, 168
Trd, 000240.983, 170
Trd, 000241.167, 171
Trd, 000241.600, 172
Trd, 000241.917, 174
Trd, 000242.183, 179
Trd, 000243.333, 176
Trd, 000243.867, 176
Trd, 000244.750, 176
Trd, 000245.483, 175
Trd, 000245.933, 175
Trd, 000246.050, 174
Trd, 000246.350, 173
Trd, 000246.550, 170
Trd, 000247.300, 176
Trd, 000247.717, 164
Trd, 000248.167, 176
Trd, 000248.633, 177
Trd, 000248.867, 179
Trd, 000248.983, 176
Trd, 000250.083, 174
Trd, 000250.183, 176
Trd, 000250.267, 179
Trd, 000250.617, 175
Trd, 000250.800, 179
Trd, 000251.900, 174
Trd, 000252.717, 176
Trd, 000253.100, 177
Trd, 000253.200, 178
Trd, 000253.283, 178
Trd, 000254.217, 177
Trd, 000254.317, 176
Trd, 000254.350, 176
Trd, 000254.583, 180
Trd, 000255.133, 173
Trd, 000256.217, 169
Trd, 000256.550, 179
Trd, 000256.817, 162
Trd, 000257.283, 165
Trd, 000257.317, 161
Trd, 000258.600, 161
Trd, 000258.700, 167
Trd, 000258.817, 167
Trd, 000259.533, 167
Trd, 000259.617, 170
Trd, 000260.167, 166
Trd, 000260.483, 169
Trd, 000261.433, 169
Trd, 000261.667, 167
Trd, 000261.833, 166
Trd, 000261.933, 170
Trd, 000262.500, 170
Trd, 000262.733, 165
Trd, 000263.383, 177
Trd, 000264.450, 178
Trd, 000264.533, 177
Trd, 000264.750, 177
Trd, 000265.267, 181
Trd, 000265.433, 184
Trd, 000265.583, 176
Trd, 000266.450, 182
Trd, 000266.483, 179
Trd, 000266.750, 179
Trd, 000267.217, 178
Trd, 000267.717, 184
Trd, 000268.233, 192
Trd, 000268.367, 191
Trd, 000269.050, 192
Trd, 000269.183, 185
Trd, 000269.983, 186
Trd, 000270.633, 198
Trd, 000271.850, 186
Trd, 000272.100, 189
Trd, 000272.933, 185
Trd, 000273.783, 186
Trd, 000274.267, 185
Trd, 000274.450, 184
Trd, 000274.600, 184
Trd, 000275.017, 186
Trd, 000275.300, 182
Trd, 000275.733, 171
Trd, 000275.983, 171
Trd, 000276.167, 183
Trd, 000277.333, 175
Trd, 000278.083, 168
Trd, 000278.183, 171
Trd, 000278.400, 174
Trd, 000278.883, 179
Trd, 000279.183, 180
Trd, 000279.867, 177
Trd, 000280.300, 172
Trd, 000280.350, 177
Trd, 000280.600, 177
Trd, 000280.733, 171
Trd, 000281.700, 174
Trd, 000281.933, 173
Trd, 000282.117, 178
Trd, 000282.583, 183
Trd, 000282.717, 177
Trd, 000283.100, 179
Trd, 000283.167, 177
Trd, 000284.717, 176
Trd, 000284.750, 178
Trd, 000284.817, 171
Trd, 000285.750, 178
Trd, 000285.983, 180
Trd, 000286.150, 180
Trd, 000286.333, 173
Trd, 000287.000, 181
Trd, 000287.017, 173
Trd, 000288.917, 181
Trd, 000289.183, 180
Trd, 000289.217, 174
Trd, 000289.233, 173
Trd, 000289.283, 181
Trd, 000289.633, 173
Trd, 000289.667, 183
Trd, 000290.133, 184
Trd, 000291.267, 170
Trd, 000292.000, 184
Trd, 000292.833, 179
Trd, 000293.200, 180
Trd, 000293.300, 178
Trd, 000293.367, 181
Trd, 000294.217, 176
Trd, 000295.083, 180
Trd, 000295.483, 181
Trd, 000295.683, 181
Trd, 000295.900, 180
Trd, 000296.933, 175
Trd, 000296.950, 174
Trd, 000297.283, 180
Trd, 000297.867, 175
Trd, 000297.933, 181
Trd, 000298.767, 175
Trd, 000298.817, 174
Trd, 000299.183, 171
Trd, 000299.283, 161
Trd, 000299.333, 181
Trd, 000299.417, 180
Trd, 000299.450, 185
