Trd, 000001.617, 181
Trd, 000002.667, 158
Trd, 000002.717, 159
Trd, 000004.300, 160
Trd, 000004.500, 160
Trd, 000004.867, 160
Trd, 000004.983, 159
Trd, 000005.050, 161
Trd, 000005.633, 160
Trd, 000005.767, 161
Trd, 000006.050, 162
Trd, 000006.367, 160
Trd, 000006.833, 159
Trd, 000007.300, 146
Trd, 000007.467, 149
Trd, 000008.683, 148
Trd, 000010.033, 153
Trd, 000010.250, 152
Trd, 000010.483, 150
Trd, 000010.700, 155
Trd, 000012.083, 154
Trd, 000012.783, 151
Trd, 000013.817, 148
Trd, 000014.100, 148
Trd, 000014.717, 147
Trd, 000015.050, 148
Trd, 000015.350, 150
Trd, 000015.400, 152
Trd, 000016.000, 158
Trd, 000016.883, 155
Trd, 000017.333, 157
Trd, 000018.350, 156
Trd, 000018.517, 149
Trd, 000019.133, 157
Trd, 000019.150, 158
Trd, 000019.833, 157
Trd, 000020.167, 156
Trd, 000022.150, 156
Trd, 000022.300, 156
Trd, 000023.067, 153
Trd, 000023.400, 157
Trd, 000023.883, 156
Trd, 000024.267, 153
Trd, 000025.617, 151
Trd, 000025.733, 152
Trd, 000025.750, 146
Trd, 000026.333, 152
Trd, 000027.333, 153
Trd, 000027.367, 148
Trd, 000028.033, 150
Trd, 000028.650, 153
Trd, 000029.583, 152
Trd, 000029.650, 154
Trd, 000029.867, 158
Trd, 000031.717, 158
Trd, 000032.700, 160
Trd, 000034.083, 159
Trd, 000034.500, 158
Trd, 000034.733, 159
Trd, 000035.333, 156
Trd, 000035.767, 157
Trd, 000035.867, 155
Trd, 000036.700, 158
Trd, 000037.500, 155
Trd, 000037.517, 160
Trd, 000038.950, 157
Trd, 000039.333, 154
Trd, 000040.233, 154
Trd, 000040.383, 155
Trd, 000040.767, 153
Trd, 000041.717, 151
Trd, 000041.917, 152
Trd, 000042.000, 151
Trd, 000042.583, 154
Trd, 000043.067, 155
Trd, 000044.400, 153
Trd, 000044.450, 152
Trd, 000045.050, 153
Trd, 000045.350, 152
Trd, 000045.550, 153
Trd, 000046.117, 153
Trd, 000046.600, 155
Trd, 000046.883, 155
Trd, 000047.333, 152
Trd, 000048.450, 153
Trd, 000048.700, 156
Trd, 000049.300, 156
Trd, 000049.767, 157
Trd, 000049.817, 152
Trd, 000050.833, 154
Trd, 000051.267, 152
Trd, 000052.550, 153
Trd, 000053.117, 152
Trd, 000053.150, 156
Trd, 000053.717, 155
Trd, 000053.917, 163
Trd, 000055.267, 156
Trd, 000056.267, 155
Trd, 000056.417, 154
Trd, 000057.567, 153
Trd, 000058.000, 154
Trd, 000058.317, 153
Trd, 000059.133, 154
Trd, 000059.417, 152
Trd, 000059.433, 157
Trd, 000059.950, 154
Trd, 000060.050, 156
Trd, 000061.683, 153
Trd, 000062.100, 157
Trd, 000062.533, 155
Trd, 000063.200, 154
Trd, 000063.550, 157
Trd, 000064.300, 154
Trd, 000064.933, 156
Trd, 000064.983, 157
Trd, 000066.183, 153
Trd, 000066.517, 151
Trd, 000066.800, 153
Trd, 000067.367, 152
Trd, 000067.700, 154
Trd, 000068.133, 158
Trd, 000068.383, 162
Trd, 000070.017, 154
Trd, 000070.683, 155
Trd, 000070.800, 154
Trd, 000071.033, 155
Trd, 000072.233, 158
Trd, 000072.400, 153
Trd, 000073.250, 156
Trd, 000074.400, 154
Trd, 000074.900, 155
Trd, 000075.150, 155
Trd, 000076.633, 155
Trd, 000076.750, 158
Trd, 000076.867, 153
Trd, 000077.500, 157
Trd, 000078.583, 154
Trd, 000078.650, 155
Trd, 000079.217, 158
Trd, 000079.617, 159
Trd, 000079.933, 153
Trd, 000080.117, 161
Trd, 000082.067, 158
Trd, 000082.517, 156
Trd, 000082.717, 157
Trd, 000083.717, 158
Trd, 000083.833, 159
Trd, 000084.233, 157
Trd, 000084.767, 159
Trd, 000085.850, 156
Trd, 000086.067, 162
Trd, 000087.300, 161
Trd, 000088.183, 161
Trd, 000088.483, 161
Trd, 000088.800, 162
Trd, 000089.183, 161
Trd, 000089.400, 158
Trd, 000090.383, 159
Trd, 000091.033, 157
Trd, 000091.067, 159
Trd, 000091.100, 161
Trd, 000091.217, 162
Trd, 000091.833, 162
Trd, 000093.033, 156
Trd, 000093.817, 161
Trd, 000094.533, 156
Trd, 000095.567, 159
Trd, 000096.183, 156
Trd, 000096.267, 159
Trd, 000096.933, 158
Trd, 000097.083, 160
Trd, 000097.200, 159
Trd, 000098.133, 154
Trd, 000099.183, 155
Trd, 000099.817, 153
Trd, 000100.783, 153
Trd, 000101.117, 153
Trd, 000102.033, 156
Trd, 000102.567, 158
Trd, 000103.433, 155
Trd, 000104.550, 157
Trd, 000104.933, 157
Trd, 000105.250, 157
Trd, 000105.600, 158
Trd, 000105.717, 156
Trd, 000107.017, 157
Trd, 000109.117, 156
Trd, 000109.333, 154
Trd, 000109.950, 159
Trd, 000110.467, 155
Trd, 000110.500, 158
Trd, 000112.167, 160
Trd, 000112.200, 161
Trd, 000112.683, 160
Trd, 000112.750, 160
Trd, 000113.450, 160
Trd, 000113.900, 162
Trd, 000114.017, 166
Trd, 000114.600, 162
Trd, 000114.617, 160
Trd, 000115.167, 159
Trd, 000115.833, 159
Trd, 000115.850, 160
Trd, 000115.967, 158
Trd, 000117.767, 158
Trd, 000118.983, 157
Trd, 000119.867, 163
Trd, 000120.383, 166
Trd, 000120.750, 170
Trd, 000121.150, 166
Trd, 000121.233, 167
Trd, 000121.267, 170
Trd, 000121.317, 174
Trd, 000122.200, 163
Trd, 000122.350, 173
Trd, 000122.383, 174
Trd, 000122.783, 174
Trd, 000122.883, 178
Trd, 000123.550, 184
Trd, 000124.033, 201
Trd, 000125.183, 303.0
Trd, 000125.650, 318
Trd, 000125.983, 334.0
Trd, 000126.233, 341
Trd, 000126.483, 327.0
Trd, 000128.183, 327.0
Trd, 000128.283, 327
Trd, 000128.583, 344
Trd, 000130.067, 349
Trd, 000130.833, 342
Trd, 000131.100, 341
Trd, 000131.267, 348.0
Trd, 000132.300, 346
Trd, 000133.367, 345
Trd, 000133.533, 341
Trd, 000134.350, 342
Trd, 000134.967, 344
Trd, 000136.067, 345
Trd, 000136.767, 344
Trd, 000137.267, 345
Trd, 000138.033, 346
Trd, 000138.217, 344.0
Trd, 000139.383, 343
Trd, 000139.517, 346
Trd, 000140.050, 347
Trd, 000140.083, 343
Trd, 000140.150, 347.0
Trd, 000140.733, 348.0
Trd, 000141.567, 347
Trd, 000142.200, 348.0
Trd, 000143.167, 349
Trd, 000143.817, 345.0
Trd, 000144.600, 347
Trd, 000145.050, 351
Trd, 000146.917, 349
Trd, 000147.167, 351
Trd, 000147.733, 354
Trd, 000148.467, 351
Trd, 000148.733, 345
Trd, 000148.833, 345
Trd, 000148.933, 350
Trd, 000149.700, 349
Trd, 000150.717, 348
Trd, 000151.233, 348
Trd, 000151.400, 348
Trd, 000152.967, 347
Trd, 000153.383, 349
Trd, 000153.417, 347
Trd, 000154.017, 344
Trd, 000154.300, 350
Trd, 000156.133, 344.0
Trd, 000156.483, 349
Trd, 000157.500, 350
Trd, 000157.567, 351
Trd, 000158.600, 346
Trd, 000158.900, 345
Trd, 000159.083, 353
Trd, 000159.133, 357
Trd, 000159.517, 358.0
Trd, 000161.400, 347
Trd, 000161.867, 346
Trd, 000162.450, 347
Trd, 000163.117, 345
Trd, 000163.700, 344.0
Trd, 000164.617, 341
Trd, 000164.717, 340
Trd, 000165.700, 340
Trd, 000166.067, 340
Trd, 000166.450, 340
Trd, 000166.533, 340
Trd, 000166.633, 339
Trd, 000166.767, 348.0
Trd, 000169.533, 344
Trd, 000169.583, 340
Trd, 000170.200, 348
Trd, 000171.567, 343
Trd, 000171.650, 348.0
Trd, 000173.150, 345
Trd, 000173.250, 344
Trd, 000173.283, 348.0
Trd, 000174.317, 345
Trd, 000175.583, 348
Trd, 000175.900, 346
Trd, 000176.417, 343
Trd, 000176.833, 347
Trd, 000177.833, 344
Trd, 000177.867, 344.0
Trd, 000178.183, 345
Trd, 000178.967, 347
Trd, 000179.350, 345
Trd, 000179.667, 348.0
Trd, 000181.200, 345
Trd, 000181.567, 344
Trd, 000181.833, 344
Trd, 000183.033, 309
Trd, 000184.067, 314
Trd, 000184.267, 306.0
Trd, 000184.450, 300.0
Trd, 000184.467, 338
Trd, 000184.750, 190
Trd, 000185.517, 183
Trd, 000185.983, 177
Trd, 000186.083, 177
Trd, 000186.183, 176
Trd, 000186.667, 189
Trd, 000187.400, 178
Trd, 000187.933, 177
Trd, 000188.817, 170
Trd, 000189.000, 171
Trd, 000189.367, 170
Trd, 000189.400, 164
Trd, 000191.233, 172
Trd, 000192.183, 169
Trd, 000192.783, 172
Trd, 000192.983, 173
Trd, 000193.800, 173
Trd, 000194.400, 170
Trd, 000194.533, 171
Trd, 000195.083, 171
Trd, 000195.167, 169
Trd, 000195.950, 169
Trd, 000196.750, 167
Trd, 000197.033, 168
Trd, 000197.883, 167
Trd, 000198.050, 168
Trd, 000198.067, 168
Trd, 000198.150, 164
Trd, 000199.817, 166
Trd, 000200.367, 165
Trd, 000200.733, 164
Trd, 000201.433, 171
Trd, 000201.517, 166
Trd, 000201.550, 174
Trd, 000201.767, 165
Trd, 000203.533, 170
Trd, 000204.850, 168
Trd, 000205.000, 165
Trd, 000205.483, 167
Trd, 000205.667, 170
Trd, 000205.983, 164
Trd, 000206.167, 171
Trd, 000208.350, 170
Trd, 000209.000, 170
Trd, 000210.300, 167
Trd, 000210.617, 168
Trd, 000211.567, 167
Trd, 000211.683, 167
Trd, 000211.983, 165
Trd, 000212.417, 169
Trd, 000212.933, 165
Trd, 000213.467, 167
Trd, 000214.183, 162
Trd, 000214.367, 165
Trd, 000214.900, 167
Trd, 000215.750, 169
Trd, 000216.183, 165
Trd, 000216.917, 172
Trd, 000217.300, 165
Trd, 000218.767, 171
Trd, 000220.300, 168
Trd, 000220.633, 168
Trd, 000220.783, 169
Trd, 000221.833, 170
Trd, 000222.400, 171
Trd, 000222.417, 173
Trd, 000223.083, 170
Trd, 000223.217, 172
Trd, 000224.617, 171
Trd, 000225.700, 170
Trd, 000226.033, 170
Trd, 000226.433, 169
Trd, 000226.583, 170
Trd, 000226.900, 169
Trd, 000227.167, 171
Trd, 000227.367, 172
Trd, 000227.450, 169
Trd, 000228.817, 175
Trd, 000229.250, 181
Trd, 000229.850, 158
Trd, 000232.550, 166
Trd, 000232.683, 169
Trd, 000233.050, 169
Trd, 000233.183, 168
Trd, 000233.200, 170
Trd, 000233.333, 171
Trd, 000235.150, 171
Trd, 000235.683, 171
Trd, 000236.317, 171
Trd, 000236.483, 172
Trd, 000237.183, 173
Trd, 000237.383, 171
Trd, 000237.733, 174
Trd, 000239.450, 173
Trd, 000239.550, 174
Trd, 000240.300, 172
Trd, 000240.533, 171
Trd, 000240.633, 170
Trd, 000241.300, 171
Trd, 000242.567, 171
Trd, 000242.833, 172
Trd, 000243.167, 171
Trd, 000243.317, 171
Trd, 000243.467, 175
Trd, 000244.000, 179
Trd, 000244.500, 181
Trd, 000244.517, 182
Trd, 000244.867, 171
Trd, 000245.200, 181
Trd, 000247.200, 175
Trd, 000247.333, 174
Trd, 000247.883, 173
Trd, 000248.433, 183
Trd, 000249.417, 180
Trd, 000249.533, 186
Trd, 000249.667, 183
Trd, 000250.167, 187
Trd, 000250.467, 185
Trd, 000251.100, 182
Trd, 000251.600, 182
Trd, 000251.917, 182
Trd, 000252.583, 183
Trd, 000253.133, 181
Trd, 000253.450, 180
Trd, 000253.733, 178
Trd, 000254.283, 178
Trd, 000254.467, 177
Trd, 000254.517, 177
Trd, 000254.783, 176
Trd, 000255.467, 172
Trd, 000256.850, 166
Trd, 000257.050, 167
Trd, 000257.150, 174
Trd, 000257.250, 176
Trd, 000257.267, 177
Trd, 000257.683, 182
Trd, 000258.500, 168
Trd, 000259.017, 169
Trd, 000259.150, 169
Trd, 000259.617, 170
Trd, 000260.383, 181
Trd, 000260.850, 184
Trd, 000261.600, 181
Trd, 000262.133, 178
Trd, 000263.017, 174
Trd, 000263.167, 175
Trd, 000264.083, 175
Trd, 000264.333, 170
Trd, 000264.700, 175
Trd, 000265.783, 174
Trd, 000265.850, 176
Trd, 000266.833, 176
Trd, 000267.167, 176
Trd, 000267.183, 175
Trd, 000267.633, 173
Trd, 000268.700, 174
Trd, 000269.383, 177
Trd, 000269.533, 173
Trd, 000270.050, 177
Trd, 000270.067, 175
Trd, 000270.367, 177
Trd, 000270.733, 178
Trd, 000271.250, 175
Trd, 000272.050, 174
Trd, 000272.100, 176
Trd, 000272.167, 177
Trd, 000273.133, 175
Trd, 000273.183, 177
Trd, 000273.383, 172
Trd, 000275.267, 175
Trd, 000275.867, 174
Trd, 000276.067, 175
Trd, 000276.117, 176
Trd, 000276.150, 174
Trd, 000276.367, 173
Trd, 000276.667, 178
Trd, 000277.750, 173
Trd, 000278.183, 178
Trd, 000278.633, 172
Trd, 000278.717, 178
Trd, 000279.267, 179
Trd, 000279.317, 189
Trd, 000279.767, 176
Trd, 000280.400, 180
Trd, 000280.833, 176
Trd, 000281.150, 175
Trd, 000281.783, 181
Trd, 000282.850, 178
Trd, 000283.533, 178
Trd, 000283.600, 179
Trd, 000283.650, 179
Trd, 000284.650, 178
Trd, 000285.117, 178
Trd, 000285.200, 177
Trd, 000285.333, 178
Trd, 000285.350, 179
Trd, 000285.683, 183
Trd, 000286.433, 176
Trd, 000286.833, 186
Trd, 000287.350, 175
Trd, 000287.500, 177
Trd, 000287.600, 184
Trd, 000288.950, 175
Trd, 000289.067, 181
Trd, 000289.767, 179
Trd, 000289.933, 175
Trd, 000290.267, 176
Trd, 000290.700, 176
Trd, 000290.717, 177
Trd, 000291.133, 176
Trd, 000291.367, 175
Trd, 000292.667, 180
Trd, 000293.350, 177
Trd, 000293.533, 177
Trd, 000293.583, 174
Trd, 000294.400, 177
Trd, 000294.983, 177
Trd, 000295.067, 177
Trd, 000295.117, 184
Trd, 000295.450, 172
Trd, 000296.267, 181
Trd, 000296.283, 174
Trd, 000296.683, 174
Trd, 000296.817, 175
Trd, 000297.550, 179
Trd, 000298.017, 174
Trd, 000298.567, 180
Trd, 000299.400, 183
Trd, 000299.433, 176
