Trd, 000001.750, 159
Trd, 000002.467, 168
Trd, 000002.917, 162
Trd, 000003.633, 162
Trd, 000003.933, 162
Trd, 000004.150, 163
Trd, 000004.450, 161
Trd, 000004.883, 161
Trd, 000006.150, 158
Trd, 000006.617, 159
Trd, 000006.933, 143
Trd, 000007.767, 158
Trd, 000008.400, 144
Trd, 000008.650, 142
Trd, 000009.100, 145
Trd, 000009.617, 134
Trd, 000009.717, 155
Trd, 000010.167, 156
Trd, 000010.233, 161
Trd, 000011.917, 139
Trd, 000012.283, 138
Trd, 000012.733, 144
Trd, 000013.300, 153
Trd, 000014.917, 151
Trd, 000015.033, 145
Trd, 000015.500, 143
Trd, 000015.617, 142
Trd, 000015.917, 143
Trd, 000016.617, 155
Trd, 000017.983, 146
Trd, 000018.583, 142
Trd, 000019.183, 141
Trd, 000019.417, 148
Trd, 000020.050, 167
Trd, 000020.133, 161
Trd, 000020.317, 160
Trd, 000021.533, 158
Trd, 000023.617, 153
Trd, 000024.283, 149
Trd, 000025.700, 148
Trd, 000025.733, 146
Trd, 000026.050, 144
Trd, 000026.800, 147
Trd, 000028.100, 143
Trd, 000028.483, 148
Trd, 000029.217, 134
Trd, 000029.650, 131
Trd, 000030.500, 146
Trd, 000030.700, 144
Trd, 000031.317, 147
Trd, 000031.633, 148
Trd, 000031.717, 154
Trd, 000031.833, 143
Trd, 000033.033, 145
Trd, 000033.517, 150
Trd, 000034.567, 158
Trd, 000035.567, 148
Trd, 000036.217, 147
Trd, 000036.617, 148
Trd, 000037.567, 154
Trd, 000037.867, 159
Trd, 000038.267, 153
Trd, 000039.533, 146
Trd, 000039.683, 159
Trd, 000040.250, 150
Trd, 000040.350, 160
Trd, 000041.050, 145
Trd, 000041.900, 156
Trd, 000042.267, 147
Trd, 000042.567, 148
Trd, 000042.600, 135
Trd, 000042.950, 155
Trd, 000044.750, 141
Trd, 000044.833, 147
Trd, 000045.250, 142
Trd, 000045.917, 155
Trd, 000046.850, 159
Trd, 000048.750, 149
Trd, 000048.850, 156
Trd, 000048.967, 154
Trd, 000050.050, 150
Trd, 000050.133, 156
Trd, 000050.650, 160
Trd, 000050.683, 170
Trd, 000050.867, 151
Trd, 000051.183, 148
Trd, 000051.917, 150
Trd, 000053.933, 152
Trd, 000054.367, 155
Trd, 000054.667, 155
Trd, 000054.867, 160
Trd, 000055.450, 151
Trd, 000055.617, 150
Trd, 000055.967, 170
Trd, 000056.433, 164
Trd, 000056.867, 163
Trd, 000057.533, 149
Trd, 000058.967, 150
Trd, 000059.033, 149
Trd, 000060.050, 150
Trd, 000060.283, 155
Trd, 000061.983, 155
Trd, 000063.083, 154
Trd, 000063.100, 167
Trd, 000063.550, 153
Trd, 000064.650, 150
Trd, 000064.833, 150
Trd, 000065.517, 147
Trd, 000065.683, 157
Trd, 000067.283, 165
Trd, 000068.450, 144
Trd, 000069.367, 146
Trd, 000069.467, 141
Trd, 000069.833, 148
Trd, 000070.733, 151
Trd, 000070.933, 145
Trd, 000071.533, 149
Trd, 000071.917, 154
Trd, 000072.017, 158
Trd, 000072.333, 164
Trd, 000072.683, 163
Trd, 000073.133, 162
Trd, 000073.300, 149
Trd, 000073.550, 151
Trd, 000074.567, 172
Trd, 000075.467, 162
Trd, 000075.783, 164
Trd, 000077.017, 161
Trd, 000077.650, 152
Trd, 000079.017, 155
Trd, 000080.133, 155
Trd, 000080.317, 173
Trd, 000081.067, 160
Trd, 000082.083, 168
Trd, 000082.467, 158
Trd, 000083.917, 164
Trd, 000084.033, 171
Trd, 000084.517, 164
Trd, 000085.500, 162
Trd, 000085.617, 163
Trd, 000086.567, 162
Trd, 000086.867, 161
Trd, 000087.733, 164
Trd, 000088.450, 164
Trd, 000088.783, 174
Trd, 000089.017, 150
Trd, 000089.650, 176
Trd, 000090.750, 146
Trd, 000091.050, 151
Trd, 000091.583, 166
Trd, 000092.400, 143
Trd, 000093.450, 146
Trd, 000093.967, 151
Trd, 000094.100, 150
Trd, 000094.617, 153
Trd, 000096.433, 151
Trd, 000096.783, 150
Trd, 000097.000, 155
Trd, 000097.367, 153
Trd, 000097.400, 161
Trd, 000097.650, 165
Trd, 000098.767, 174
Trd, 000099.133, 155
Trd, 000099.833, 154
Trd, 000101.067, 147
Trd, 000101.733, 161
Trd, 000101.967, 160
Trd, 000102.533, 152
Trd, 000102.783, 160
Trd, 000102.917, 165
Trd, 000104.800, 156
Trd, 000105.517, 163
Trd, 000106.133, 155
Trd, 000106.167, 163
Trd, 000106.733, 169
Trd, 000108.083, 155
Trd, 000108.750, 152
Trd, 000110.683, 147
Trd, 000110.783, 148
Trd, 000111.500, 148
Trd, 000111.633, 142
Trd, 000111.917, 155
Trd, 000112.617, 151
Trd, 000112.717, 152
Trd, 000113.050, 165
Trd, 000115.317, 154
Trd, 000115.467, 155
Trd, 000115.917, 165
Trd, 000117.350, 164
Trd, 000118.283, 160
Trd, 000118.533, 166
Trd, 000118.700, 178
Trd, 000118.967, 162
Trd, 000119.517, 161
Trd, 000119.767, 159
Trd, 000121.000, 170
Trd, 000121.050, 173
Trd, 000121.067, 156
Trd, 000121.517, 153
Trd, 000121.817, 174
Trd, 000122.217, 176
Trd, 000122.717, 178
Trd, 000122.750, 184
Trd, 000123.067, 191
Trd, 000124.433, 350.0
Trd, 000124.633, 342.0
Trd, 000124.717, 342.0
Trd, 000125.283, 341.0
Trd, 000125.550, 331.0
Trd, 000125.567, 344.0
Trd, 000126.017, 337.0
Trd, 000126.217, 314.0
Trd, 000127.300, 355.0
Trd, 000128.183, 367.0
Trd, 000128.417, 331
Trd, 000129.250, 367
Trd, 000129.650, 358
Trd, 000130.183, 364.0
Trd, 000130.700, 358
Trd, 000131.450, 341.0
Trd, 000133.400, 353
Trd, 000133.717, 353
Trd, 000133.750, 365
Trd, 000133.800, 367
Trd, 000134.383, 358.0
Trd, 000135.067, 341.0
Trd, 000137.817, 344.0
Trd, 000138.500, 341.0
Trd, 000139.300, 338.0
Trd, 000140.183, 337
Trd, 000141.533, 337.0
Trd, 000141.900, 346
Trd, 000143.067, 341.0
Trd, 000143.083, 340
Trd, 000143.867, 344.0
Trd, 000144.367, 351.0
Trd, 000145.183, 342.0
Trd, 000145.517, 342.0
Trd, 000146.500, 342.0
Trd, 000148.933, 349
Trd, 000149.117, 348
Trd, 000149.283, 341.0
Trd, 000149.517, 355.0
Trd, 000149.983, 325.0
Trd, 000150.233, 336
Trd, 000150.367, 362
Trd, 000151.083, 327
Trd, 000151.317, 334.0
Trd, 000153.933, 342.0
Trd, 000154.550, 344.0
Trd, 000154.767, 342.0
Trd, 000155.850, 343.0
Trd, 000156.467, 344.0
Trd, 000158.017, 343
Trd, 000158.083, 345
Trd, 000158.367, 341.0
Trd, 000159.300, 344
Trd, 000160.150, 343
Trd, 000160.283, 339
Trd, 000161.550, 344
Trd, 000161.950, 345
Trd, 000162.117, 346
Trd, 000162.717, 351.0
Trd, 000164.167, 342
Trd, 000164.350, 344
Trd, 000165.117, 342
Trd, 000165.500, 344.0
Trd, 000166.333, 343.0
Trd, 000166.633, 343
Trd, 000167.367, 331.0
Trd, 000167.833, 354.0
Trd, 000168.050, 341
Trd, 000168.117, 354
Trd, 000169.317, 347
Trd, 000169.683, 351.0
Trd, 000171.700, 337.0
Trd, 000171.967, 337
Trd, 000173.433, 343.0
Trd, 000175.050, 343
Trd, 000175.883, 341.0
Trd, 000175.917, 343.0
Trd, 000176.267, 344.0
Trd, 000176.583, 339
Trd, 000177.117, 342
Trd, 000178.167, 359
Trd, 000178.583, 361
Trd, 000178.700, 358.0
Trd, 000178.833, 341.0
Trd, 000180.150, 327
Trd, 000180.700, 330
Trd, 000181.300, 343.0
Trd, 000182.017, 334
Trd, 000182.167, 334
Trd, 000182.400, 335
Trd, 000182.700, 333
Trd, 000182.900, 336
Trd, 000183.033, 324
Trd, 000183.067, 306.0
Trd, 000183.250, 297
Trd, 000183.650, 207
Trd, 000184.650, 176
Trd, 000185.150, 189
Trd, 000185.383, 190
Trd, 000185.833, 182
Trd, 000186.400, 160
Trd, 000187.683, 159
Trd, 000189.233, 161
Trd, 000189.350, 163
Trd, 000190.050, 160
Trd, 000190.150, 170
Trd, 000190.667, 172
Trd, 000191.300, 162
Trd, 000192.600, 181
Trd, 000192.933, 182
Trd, 000193.150, 182
Trd, 000193.467, 177
Trd, 000193.617, 175
Trd, 000194.050, 176
Trd, 000194.117, 185
Trd, 000196.050, 174
Trd, 000196.200, 175
Trd, 000196.483, 161
Trd, 000198.600, 165
Trd, 000199.500, 162
Trd, 000199.917, 162
Trd, 000200.583, 164
Trd, 000200.650, 165
Trd, 000201.033, 164
Trd, 000201.650, 171
Trd, 000202.300, 161
Trd, 000203.067, 162
Trd, 000203.983, 174
Trd, 000204.067, 175
Trd, 000204.667, 170
Trd, 000204.800, 185
Trd, 000205.933, 183
Trd, 000206.433, 181
Trd, 000206.783, 182
Trd, 000208.133, 180
Trd, 000208.617, 177
Trd, 000209.083, 181
Trd, 000209.183, 179
Trd, 000210.250, 186
Trd, 000210.600, 188
Trd, 000210.617, 184
Trd, 000212.050, 184
Trd, 000212.133, 182
Trd, 000212.333, 164
Trd, 000212.850, 182
Trd, 000214.083, 157
Trd, 000214.333, 158
Trd, 000214.417, 152
Trd, 000215.050, 162
Trd, 000215.067, 165
Trd, 000215.333, 163
Trd, 000215.500, 170
Trd, 000216.450, 170
Trd, 000217.733, 161
Trd, 000217.917, 182
Trd, 000219.483, 158
Trd, 000219.650, 165
Trd, 000220.333, 155
Trd, 000221.000, 166
Trd, 000221.450, 167
Trd, 000222.017, 159
Trd, 000223.000, 172
Trd, 000223.150, 177
Trd, 000224.467, 165
Trd, 000225.750, 166
Trd, 000225.867, 167
Trd, 000226.233, 167
Trd, 000227.067, 166
Trd, 000227.083, 164
Trd, 000227.600, 162
Trd, 000229.417, 182
Trd, 000229.733, 181
Trd, 000229.933, 183
Trd, 000230.383, 188
Trd, 000230.950, 191
Trd, 000231.883, 188
Trd, 000232.233, 188
Trd, 000232.867, 189
Trd, 000233.617, 188
Trd, 000233.850, 187
Trd, 000234.383, 178
Trd, 000234.567, 165
Trd, 000237.167, 181
Trd, 000237.583, 180
Trd, 000237.800, 181
Trd, 000238.083, 165
Trd, 000239.850, 178
Trd, 000240.083, 185
Trd, 000240.267, 173
Trd, 000240.400, 172
Trd, 000241.050, 182
Trd, 000241.250, 183
Trd, 000241.883, 178
Trd, 000241.900, 175
Trd, 000242.583, 179
Trd, 000242.917, 178
Trd, 000243.067, 186
Trd, 000243.417, 180
Trd, 000243.700, 181
Trd, 000243.800, 180
Trd, 000244.517, 179
Trd, 000244.717, 175
Trd, 000244.850, 172
Trd, 000245.367, 171
Trd, 000246.083, 189
Trd, 000246.750, 185
Trd, 000246.767, 186
Trd, 000247.350, 176
Trd, 000248.833, 180
Trd, 000248.900, 179
Trd, 000249.067, 176
Trd, 000249.467, 176
Trd, 000249.917, 173
Trd, 000249.983, 178
Trd, 000251.167, 179
Trd, 000251.500, 179
Trd, 000251.517, 177
Trd, 000252.167, 180
Trd, 000252.383, 178
Trd, 000252.883, 183
Trd, 000253.283, 185
Trd, 000254.133, 187
Trd, 000254.283, 186
Trd, 000254.683, 189
Trd, 000255.050, 190
Trd, 000255.667, 189
Trd, 000256.517, 190
Trd, 000256.800, 189
Trd, 000256.833, 191
Trd, 000257.067, 182
Trd, 000258.017, 184
Trd, 000258.467, 184
Trd, 000258.867, 186
Trd, 000259.017, 187
Trd, 000259.267, 184
Trd, 000259.683, 183
Trd, 000260.067, 181
Trd, 000260.717, 174
Trd, 000261.217, 184
Trd, 000262.317, 167
Trd, 000262.483, 165
Trd, 000263.333, 171
Trd, 000263.767, 167
Trd, 000263.867, 169
Trd, 000264.350, 169
Trd, 000265.867, 182
Trd, 000266.400, 183
Trd, 000266.450, 184
Trd, 000266.500, 186
Trd, 000267.383, 185
Trd, 000267.817, 167
Trd, 000268.000, 183
Trd, 000268.183, 182
Trd, 000268.350, 189
Trd, 000269.367, 182
Trd, 000269.433, 181
Trd, 000269.750, 185
Trd, 000269.917, 178
Trd, 000270.583, 179
Trd, 000270.717, 178
Trd, 000271.617, 178
Trd, 000271.900, 184
Trd, 000272.117, 189
Trd, 000272.417, 192
Trd, 000273.467, 181
Trd, 000273.900, 174
Trd, 000274.183, 174
Trd, 000274.683, 178
Trd, 000274.817, 168
Trd, 000275.150, 171
Trd, 000276.050, 164
Trd, 000276.383, 158
Trd, 000276.550, 173
Trd, 000276.933, 174
Trd, 000277.300, 160
Trd, 000277.617, 159
Trd, 000277.983, 165
Trd, 000278.167, 176
Trd, 000278.583, 179
Trd, 000279.583, 189
Trd, 000280.050, 186
Trd, 000280.433, 187
Trd, 000280.850, 181
Trd, 000281.150, 178
Trd, 000281.383, 177
Trd, 000281.617, 190
Trd, 000282.017, 176
Trd, 000282.283, 176
Trd, 000282.783, 193
Trd, 000283.200, 187
Trd, 000284.133, 187
Trd, 000284.400, 186
Trd, 000285.150, 183
Trd, 000285.733, 188
Trd, 000286.050, 185
Trd, 000286.133, 188
Trd, 000286.517, 184
Trd, 000287.050, 183
Trd, 000287.883, 183
Trd, 000288.017, 182
Trd, 000288.650, 185
Trd, 000288.783, 184
Trd, 000288.867, 187
Trd, 000289.883, 181
Trd, 000289.967, 177
Trd, 000290.967, 183
Trd, 000291.150, 171
Trd, 000291.200, 183
Trd, 000291.650, 184
Trd, 000292.767, 171
Trd, 000292.917, 184
Trd, 000293.133, 177
Trd, 000293.767, 172
Trd, 000293.883, 185
Trd, 000294.400, 188
Trd, 000294.733, 187
Trd, 000295.283, 191
Trd, 000295.750, 180
Trd, 000296.233, 189
Trd, 000296.517, 167
Trd, 000296.950, 167
Trd, 000297.200, 169
Trd, 000297.267, 170
Trd, 000297.583, 181
Trd, 000298.267, 171
Trd, 000298.467, 185
Trd, 000298.667, 191
Trd, 000298.700, 167
Trd, 000298.783, 166
Trd, 000298.933, 163
Trd, 000299.383, 161
