Trd, 000001.150, 200
Trd, 000001.417, 109
Trd, 000001.567, 124
Trd, 000002.300, 137
Trd, 000003.567, 121
Trd, 000003.717, 142
Trd, 000004.933, 134
Trd, 000005.183, 139
Trd, 000005.200, 131
Trd, 000005.900, 164
Trd, 000006.867, 156
Trd, 000007.033, 155
Trd, 000008.883, 155
Trd, 000009.183, 155
Trd, 000009.217, 154
Trd, 000009.283, 156
Trd, 000009.767, 153
Trd, 000009.950, 153
Trd, 000010.133, 148
Trd, 000011.717, 154
Trd, 000012.017, 156
Trd, 000012.733, 148
Trd, 000012.983, 163
Trd, 000014.333, 148
Trd, 000014.833, 148
Trd, 000015.433, 148
Trd, 000015.483, 147
Trd, 000015.967, 161
Trd, 000016.033, 145
Trd, 000017.467, 145
Trd, 000018.317, 144
Trd, 000019.750, 152
Trd, 000019.900, 148
Trd, 000020.567, 144
Trd, 000020.850, 157
Trd, 000021.367, 148
Trd, 000021.733, 156
Trd, 000022.983, 154
Trd, 000023.233, 146
Trd, 000023.350, 144
Trd, 000023.483, 144
Trd, 000023.583, 142
Trd, 000024.067, 136
Trd, 000024.433, 135
Trd, 000025.883, 146
Trd, 000025.900, 162
Trd, 000026.567, 162
Trd, 000027.567, 153
Trd, 000027.617, 149
Trd, 000028.350, 162
Trd, 000028.517, 149
Trd, 000029.600, 165
Trd, 000029.967, 170
Trd, 000030.367, 166
Trd, 000030.533, 154
Trd, 000030.733, 151
Trd, 000030.933, 151
Trd, 000031.200, 167
Trd, 000032.733, 152
Trd, 000033.400, 152
Trd, 000033.917, 151
Trd, 000035.567, 165
Trd, 000035.583, 155
Trd, 000035.800, 154
Trd, 000036.050, 156
Trd, 000036.217, 150
Trd, 000036.283, 165
Trd, 000037.317, 161
Trd, 000038.183, 173
Trd, 000038.317, 171
Trd, 000039.767, 169
Trd, 000039.933, 168
Trd, 000040.150, 169
Trd, 000040.567, 152
Trd, 000040.650, 151
Trd, 000040.817, 144
Trd, 000041.167, 174
Trd, 000041.917, 166
Trd, 000041.967, 148
Trd, 000042.050, 145
Trd, 000042.117, 176
Trd, 000042.167, 138
Trd, 000043.583, 137
Trd, 000043.717, 141
Trd, 000045.433, 156
Trd, 000045.450, 157
Trd, 000045.600, 159
Trd, 000045.900, 156
Trd, 000047.000, 158
Trd, 000048.783, 159
Trd, 000048.850, 157
Trd, 000049.217, 159
Trd, 000049.550, 158
Trd, 000049.767, 157
Trd, 000050.133, 156
Trd, 000050.317, 155
Trd, 000051.317, 164
Trd, 000052.167, 164
Trd, 000053.183, 158
Trd, 000053.517, 159
Trd, 000053.650, 158
Trd, 000053.667, 159
Trd, 000053.733, 158
Trd, 000053.867, 156
Trd, 000055.383, 152
Trd, 000055.400, 148
Trd, 000057.150, 146
Trd, 000057.933, 150
Trd, 000058.133, 154
Trd, 000058.450, 156
Trd, 000058.967, 150
Trd, 000059.150, 158
Trd, 000059.883, 157
Trd, 000060.367, 168
Trd, 000060.500, 153
Trd, 000060.650, 153
Trd, 000061.833, 152
Trd, 000061.967, 168
Trd, 000062.800, 149
Trd, 000062.967, 147
Trd, 000063.700, 154
Trd, 000063.983, 176
Trd, 000064.017, 152
Trd, 000064.267, 147
Trd, 000065.383, 146
Trd, 000066.117, 166
Trd, 000066.933, 169
Trd, 000067.483, 158
Trd, 000067.500, 153
Trd, 000067.633, 141
Trd, 000067.817, 140
Trd, 000068.917, 173
Trd, 000069.217, 163
Trd, 000072.250, 170
Trd, 000072.300, 168
Trd, 000072.333, 151
Trd, 000073.250, 170
Trd, 000073.533, 169
Trd, 000074.083, 155
Trd, 000074.200, 151
Trd, 000074.617, 171
Trd, 000075.717, 171
Trd, 000076.450, 171
Trd, 000076.883, 171
Trd, 000078.283, 170
Trd, 000080.000, 170
Trd, 000080.017, 170
Trd, 000080.200, 170
Trd, 000080.350, 170
Trd, 000080.500, 172
Trd, 000080.667, 169
Trd, 000081.183, 180
Trd, 000081.283, 153
Trd, 000082.267, 170
Trd, 000082.633, 149
Trd, 000083.850, 159
Trd, 000084.250, 149
Trd, 000085.300, 156
Trd, 000085.317, 153
Trd, 000085.517, 150
Trd, 000086.017, 149
Trd, 000086.117, 163
Trd, 000086.500, 159
Trd, 000087.600, 170
Trd, 000087.750, 171
Trd, 000087.900, 153
Trd, 000089.517, 165
Trd, 000089.783, 165
Trd, 000090.283, 169
Trd, 000090.850, 167
Trd, 000091.383, 166
Trd, 000091.717, 169
Trd, 000092.700, 165
Trd, 000092.733, 156
Trd, 000093.450, 172
Trd, 000094.333, 171
Trd, 000094.800, 153
Trd, 000095.267, 154
Trd, 000095.567, 172
Trd, 000096.283, 160
Trd, 000096.667, 159
Trd, 000097.433, 172
Trd, 000097.917, 164
Trd, 000098.167, 157
Trd, 000098.417, 150
Trd, 000098.933, 143
Trd, 000099.017, 168
Trd, 000100.017, 158
Trd, 000100.917, 188
Trd, 000101.267, 165
Trd, 000101.583, 161
Trd, 000102.667, 150
Trd, 000103.917, 172
Trd, 000104.183, 171
Trd, 000105.433, 173
Trd, 000106.300, 174
Trd, 000106.400, 173
Trd, 000106.483, 172
Trd, 000106.683, 156
Trd, 000107.900, 150
Trd, 000108.000, 165
Trd, 000109.267, 162
Trd, 000109.717, 163
Trd, 000109.883, 171
Trd, 000110.317, 163
Trd, 000110.783, 162
Trd, 000111.283, 160
Trd, 000112.100, 159
Trd, 000112.267, 157
Trd, 000112.450, 171
Trd, 000112.517, 173
Trd, 000112.917, 156
Trd, 000114.450, 174
Trd, 000114.817, 173
Trd, 000115.167, 173
Trd, 000115.400, 171
Trd, 000115.800, 172
Trd, 000116.050, 175
Trd, 000117.217, 157
Trd, 000118.100, 177
Trd, 000118.283, 175
Trd, 000119.383, 174
Trd, 000119.417, 174
Trd, 000120.617, 175
Trd, 000120.750, 177
Trd, 000120.983, 174
Trd, 000121.033, 156
Trd, 000121.400, 155
Trd, 000121.883, 175
Trd, 000122.183, 184
Trd, 000122.700, 194
Trd, 000122.783, 205
Trd, 000122.800, 218
Trd, 000123.517, 214
Trd, 000124.133, 229
Trd, 000124.250, 303.0
Trd, 000124.433, 317.0
Trd, 000124.483, 320.0
Trd, 000124.767, 324.0
Trd, 000126.200, 327.0
Trd, 000126.917, 335.0
Trd, 000127.300, 337.0
Trd, 000127.500, 336
Trd, 000127.967, 345
Trd, 000128.233, 336
Trd, 000129.050, 339
Trd, 000130.300, 343
Trd, 000130.417, 345
Trd, 000131.533, 337.0
Trd, 000131.550, 335.0
Trd, 000132.917, 357
Trd, 000133.783, 359
Trd, 000133.817, 336
Trd, 000133.900, 335
Trd, 000134.083, 334.0
Trd, 000134.650, 331.0
Trd, 000134.883, 362.0
Trd, 000134.967, 323
Trd, 000135.850, 337
Trd, 000136.750, 362
Trd, 000137.917, 354
Trd, 000138.717, 345
Trd, 000138.900, 352
Trd, 000138.950, 342
Trd, 000139.733, 362.0
Trd, 000140.200, 342
Trd, 000140.433, 348
Trd, 000141.117, 342
Trd, 000141.533, 340
Trd, 000142.100, 348
Trd, 000142.233, 345
Trd, 000143.267, 342
Trd, 000143.400, 360
Trd, 000143.667, 341
Trd, 000144.033, 339
Trd, 000145.317, 360.0
Trd, 000145.617, 362.0
Trd, 000146.017, 358
Trd, 000147.133, 363.0
Trd, 000147.550, 362
Trd, 000147.600, 362.0
Trd, 000148.083, 360
Trd, 000148.250, 359
Trd, 000148.550, 347
Trd, 000149.183, 347
Trd, 000149.383, 359
Trd, 000150.300, 338
Trd, 000151.333, 362
Trd, 000152.450, 343
Trd, 000153.717, 341
Trd, 000154.183, 346
Trd, 000155.267, 348
Trd, 000155.283, 350
Trd, 000155.383, 347
Trd, 000155.633, 349
Trd, 000155.733, 341
Trd, 000156.167, 341
Trd, 000156.250, 340
Trd, 000158.817, 337
Trd, 000159.050, 349
Trd, 000159.417, 337
Trd, 000159.850, 336
Trd, 000160.183, 337.0
Trd, 000160.367, 334
Trd, 000161.033, 337
Trd, 000162.200, 346
Trd, 000162.517, 341.0
Trd, 000163.667, 349
Trd, 000164.033, 361.0
Trd, 000164.850, 363
Trd, 000165.383, 362
Trd, 000165.700, 363
Trd, 000166.267, 368
Trd, 000166.467, 363
Trd, 000167.067, 365
Trd, 000168.550, 364
Trd, 000168.717, 361
Trd, 000169.217, 346
Trd, 000169.267, 364
Trd, 000169.283, 343
Trd, 000169.500, 340
Trd, 000170.283, 362.0
Trd, 000170.933, 362
Trd, 000171.267, 353
Trd, 000171.717, 352
Trd, 000171.733, 343
Trd, 000172.833, 348
Trd, 000172.900, 347
Trd, 000173.433, 334.0
Trd, 000173.550, 331.0
Trd, 000173.850, 324.0
Trd, 000173.983, 327.0
Trd, 000174.067, 328
Trd, 000174.150, 357
Trd, 000174.817, 362.0
Trd, 000176.683, 373
Trd, 000178.333, 371
Trd, 000178.767, 370
Trd, 000179.050, 368.0
Trd, 000179.200, 372
Trd, 000179.933, 364
Trd, 000179.983, 347
Trd, 000180.167, 334.0
Trd, 000181.000, 365.0
Trd, 000181.167, 364.0
Trd, 000181.833, 362.0
Trd, 000181.867, 339
Trd, 000181.950, 333
Trd, 000182.233, 331.0
Trd, 000182.500, 310.0
Trd, 000182.517, 303.0
Trd, 000183.017, 316
Trd, 000183.167, 311
Trd, 000183.433, 199
Trd, 000183.967, 197
Trd, 000184.100, 198
Trd, 000184.133, 211
Trd, 000184.350, 236
Trd, 000184.600, 188
Trd, 000184.733, 185
Trd, 000184.850, 152
Trd, 000185.417, 181
Trd, 000186.183, 213
Trd, 000186.750, 213
Trd, 000187.533, 162
Trd, 000187.700, 161
Trd, 000189.067, 182
Trd, 000189.200, 181
Trd, 000189.550, 162
Trd, 000191.350, 188
Trd, 000191.700, 187
Trd, 000191.950, 187
Trd, 000194.217, 196
Trd, 000194.250, 188
Trd, 000194.283, 188
Trd, 000194.850, 190
Trd, 000194.983, 188
Trd, 000195.700, 187
Trd, 000196.317, 187
Trd, 000197.100, 161
Trd, 000197.233, 162
Trd, 000197.350, 179
Trd, 000197.583, 180
Trd, 000199.850, 178
Trd, 000200.033, 175
Trd, 000200.467, 173
Trd, 000200.783, 177
Trd, 000200.883, 177
Trd, 000202.400, 174
Trd, 000203.900, 177
Trd, 000204.167, 174
Trd, 000204.550, 182
Trd, 000204.700, 192
Trd, 000204.817, 173
Trd, 000204.933, 173
Trd, 000205.667, 171
Trd, 000205.700, 180
Trd, 000205.883, 170
Trd, 000206.367, 180
Trd, 000207.150, 170
Trd, 000207.183, 170
Trd, 000208.067, 168
Trd, 000208.883, 175
Trd, 000209.233, 171
Trd, 000209.350, 168
Trd, 000209.800, 183
Trd, 000210.000, 202
Trd, 000210.417, 164
Trd, 000211.617, 177
Trd, 000211.850, 163
Trd, 000212.133, 192
Trd, 000212.450, 193
Trd, 000212.483, 171
Trd, 000212.700, 172
Trd, 000213.283, 161
Trd, 000213.717, 155
Trd, 000215.100, 167
Trd, 000215.150, 166
Trd, 000215.817, 169
Trd, 000216.583, 194
Trd, 000217.150, 190
Trd, 000218.117, 193
Trd, 000218.217, 190
Trd, 000218.367, 189
Trd, 000219.400, 188
Trd, 000219.783, 187
Trd, 000221.850, 189
Trd, 000222.333, 189
Trd, 000223.617, 188
Trd, 000224.250, 187
Trd, 000224.400, 184
Trd, 000225.767, 182
Trd, 000225.967, 185
Trd, 000225.983, 178
Trd, 000226.217, 185
Trd, 000226.500, 169
Trd, 000229.417, 185
Trd, 000229.567, 195
Trd, 000229.883, 185
Trd, 000230.333, 185
Trd, 000230.600, 183
Trd, 000231.300, 174
Trd, 000232.483, 171
Trd, 000232.500, 170
Trd, 000232.783, 178
Trd, 000233.700, 183
Trd, 000234.767, 172
Trd, 000234.900, 164
Trd, 000236.050, 172
Trd, 000236.100, 170
Trd, 000236.300, 186
Trd, 000236.500, 189
Trd, 000238.100, 186
Trd, 000238.700, 183
Trd, 000239.283, 182
Trd, 000239.700, 180
Trd, 000239.733, 166
Trd, 000241.100, 178
Trd, 000241.350, 180
Trd, 000241.567, 170
Trd, 000241.850, 177
Trd, 000242.000, 173
Trd, 000242.333, 179
Trd, 000242.700, 173
Trd, 000243.367, 173
Trd, 000243.400, 175
Trd, 000243.600, 172
Trd, 000243.617, 178
Trd, 000245.267, 178
Trd, 000245.800, 174
Trd, 000246.017, 171
Trd, 000247.183, 170
Trd, 000247.333, 167
Trd, 000249.167, 179
Trd, 000249.317, 177
Trd, 000249.633, 182
Trd, 000250.250, 188
Trd, 000251.017, 187
Trd, 000251.100, 186
Trd, 000251.567, 176
Trd, 000252.317, 172
Trd, 000252.733, 177
Trd, 000253.167, 176
Trd, 000253.667, 177
Trd, 000253.767, 174
Trd, 000254.183, 175
Trd, 000254.333, 176
Trd, 000255.017, 173
Trd, 000255.117, 176
Trd, 000255.200, 172
Trd, 000255.317, 180
Trd, 000255.717, 165
Trd, 000256.000, 162
Trd, 000256.517, 166
Trd, 000256.583, 164
Trd, 000257.933, 164
Trd, 000258.650, 171
Trd, 000259.267, 171
Trd, 000259.567, 169
Trd, 000259.983, 169
Trd, 000260.383, 171
Trd, 000261.183, 180
Trd, 000261.217, 173
Trd, 000261.783, 172
Trd, 000261.983, 180
Trd, 000262.933, 177
Trd, 000263.067, 175
Trd, 000263.583, 178
Trd, 000263.633, 180
Trd, 000263.967, 181
Trd, 000264.183, 188
Trd, 000265.133, 172
Trd, 000265.700, 174
Trd, 000266.017, 173
Trd, 000266.400, 172
Trd, 000266.633, 174
Trd, 000267.117, 170
Trd, 000267.183, 170
Trd, 000267.800, 166
Trd, 000268.100, 175
Trd, 000269.033, 168
Trd, 000270.133, 170
Trd, 000270.283, 176
Trd, 000270.883, 169
Trd, 000271.450, 169
Trd, 000271.617, 172
Trd, 000271.833, 174
Trd, 000271.917, 168
Trd, 000271.967, 167
Trd, 000272.317, 174
Trd, 000272.667, 182
Trd, 000273.000, 170
Trd, 000273.033, 169
Trd, 000273.883, 180
Trd, 000274.767, 181
Trd, 000275.283, 189
Trd, 000275.650, 181
Trd, 000276.083, 180
Trd, 000276.233, 188
Trd, 000276.850, 174
Trd, 000276.967, 167
Trd, 000278.367, 181
Trd, 000278.400, 167
Trd, 000279.650, 181
Trd, 000279.867, 175
Trd, 000280.233, 175
Trd, 000280.283, 175
Trd, 000280.717, 182
Trd, 000280.800, 183
Trd, 000280.817, 173
Trd, 000281.700, 169
Trd, 000281.833, 174
Trd, 000282.250, 168
Trd, 000283.117, 169
Trd, 000283.533, 174
Trd, 000284.250, 169
Trd, 000284.283, 178
Trd, 000284.550, 169
Trd, 000285.017, 194
Trd, 000285.517, 191
Trd, 000285.817, 187
Trd, 000285.950, 173
Trd, 000287.317, 178
Trd, 000287.567, 174
Trd, 000288.650, 178
Trd, 000289.117, 176
Trd, 000289.767, 176
Trd, 000290.900, 175
Trd, 000290.950, 175
Trd, 000291.100, 181
Trd, 000291.383, 174
Trd, 000291.833, 173
Trd, 000291.850, 172
Trd, 000292.133, 188
Trd, 000293.067, 172
Trd, 000293.433, 184
Trd, 000293.550, 191
Trd, 000293.567, 171
Trd, 000294.800, 178
Trd, 000294.967, 171
Trd, 000295.000, 169
Trd, 000295.317, 169
Trd, 000295.517, 169
Trd, 000296.400, 176
Trd, 000296.867, 191
Trd, 000297.333, 198
Trd, 000297.900, 200
Trd, 000298.267, 199
Trd, 000298.450, 200
Trd, 000298.533, 198
