Trd, 000000.867, 138
Trd, 000001.833, 147
Trd, 000002.933, 122
Trd, 000003.483, 155
Trd, 000004.167, 133
Trd, 000005.050, 134
Trd, 000005.150, 144
Trd, 000006.283, 155
Trd, 000006.367, 144
Trd, 000006.800, 156
Trd, 000008.633, 151
Trd, 000008.700, 153
Trd, 000008.767, 150
Trd, 000009.633, 155
Trd, 000009.900, 157
Trd, 000010.933, 157
Trd, 000011.083, 151
Trd, 000012.350, 159
Trd, 000012.500, 158
Trd, 000012.950, 159
Trd, 000013.300, 152
Trd, 000013.667, 160
Trd, 000013.800, 152
Trd, 000015.767, 159
Trd, 000016.083, 156
Trd, 000016.950, 157
Trd, 000017.717, 156
Trd, 000018.117, 157
Trd, 000018.417, 156
Trd, 000018.550, 153
Trd, 000018.967, 157
Trd, 000019.517, 156
Trd, 000020.133, 157
Trd, 000021.217, 160
Trd, 000021.650, 154
Trd, 000021.767, 150
Trd, 000022.117, 178
Trd, 000023.233, 169
Trd, 000023.383, 170
Trd, 000023.867, 181
Trd, 000024.167, 167
Trd, 000024.900, 161
Trd, 000026.900, 161
Trd, 000027.267, 162
Trd, 000027.617, 163
Trd, 000028.683, 163
Trd, 000028.900, 162
Trd, 000029.050, 161
Trd, 000029.117, 163
Trd, 000030.583, 158
Trd, 000031.150, 156
Trd, 000031.983, 156
Trd, 000032.200, 157
Trd, 000032.533, 157
Trd, 000033.133, 155
Trd, 000033.800, 157
Trd, 000034.233, 157
Trd, 000034.483, 151
Trd, 000035.067, 137
Trd, 000036.117, 158
Trd, 000037.450, 145
Trd, 000038.050, 140
Trd, 000038.083, 152
Trd, 000039.450, 150
Trd, 000039.467, 150
Trd, 000040.250, 152
Trd, 000040.467, 148
Trd, 000040.917, 151
Trd, 000041.617, 152
Trd, 000042.000, 152
Trd, 000042.933, 161
Trd, 000043.467, 160
Trd, 000043.583, 151
Trd, 000044.383, 160
Trd, 000044.450, 150
Trd, 000045.467, 159
Trd, 000046.033, 149
Trd, 000046.350, 155
Trd, 000046.983, 151
Trd, 000047.567, 149
Trd, 000048.517, 149
Trd, 000049.800, 151
Trd, 000050.150, 151
Trd, 000050.183, 151
Trd, 000051.717, 140
Trd, 000052.000, 150
Trd, 000052.250, 149
Trd, 000052.350, 151
Trd, 000053.650, 150
Trd, 000054.500, 171
Trd, 000055.067, 164
Trd, 000055.883, 161
Trd, 000056.000, 162
Trd, 000056.433, 158
Trd, 000056.833, 163
Trd, 000057.517, 153
Trd, 000059.933, 163
Trd, 000060.083, 164
Trd, 000060.317, 164
Trd, 000060.900, 161
Trd, 000061.017, 162
Trd, 000061.050, 164
Trd, 000061.333, 161
Trd, 000061.483, 162
Trd, 000061.800, 160
Trd, 000062.150, 160
Trd, 000063.267, 155
Trd, 000064.017, 174
Trd, 000064.900, 159
Trd, 000064.917, 160
Trd, 000065.233, 147
Trd, 000066.300, 163
Trd, 000066.983, 158
Trd, 000067.833, 158
Trd, 000067.883, 161
Trd, 000068.150, 162
Trd, 000068.650, 162
Trd, 000070.367, 161
Trd, 000070.450, 159
Trd, 000071.367, 158
Trd, 000071.467, 163
Trd, 000071.550, 164
Trd, 000072.117, 165
Trd, 000073.033, 159
Trd, 000073.750, 162
Trd, 000073.800, 157
Trd, 000074.000, 155
Trd, 000074.233, 163
Trd, 000074.250, 154
Trd, 000075.683, 160
Trd, 000077.317, 161
Trd, 000077.850, 159
Trd, 000078.617, 157
Trd, 000078.633, 159
Trd, 000080.067, 157
Trd, 000080.733, 157
Trd, 000080.950, 159
Trd, 000081.067, 159
Trd, 000082.083, 158
Trd, 000082.300, 157
Trd, 000084.383, 160
Trd, 000084.583, 159
Trd, 000084.800, 158
Trd, 000085.017, 165
Trd, 000085.233, 166
Trd, 000085.667, 167
Trd, 000086.450, 163
Trd, 000086.633, 156
Trd, 000086.767, 177
Trd, 000088.100, 174
Trd, 000089.117, 171
Trd, 000089.533, 167
Trd, 000089.767, 161
Trd, 000090.717, 167
Trd, 000090.833, 165
Trd, 000090.850, 168
Trd, 000091.333, 164
Trd, 000093.333, 164
Trd, 000093.683, 164
Trd, 000095.183, 164
Trd, 000095.333, 165
Trd, 000095.500, 167
Trd, 000096.633, 166
Trd, 000096.817, 162
Trd, 000097.000, 162
Trd, 000097.300, 159
Trd, 000097.750, 166
Trd, 000098.900, 160
Trd, 000099.200, 160
Trd, 000099.750, 161
Trd, 000099.967, 163
Trd, 000100.150, 163
Trd, 000100.683, 163
Trd, 000100.850, 163
Trd, 000101.383, 162
Trd, 000101.867, 164
Trd, 000101.900, 158
Trd, 000102.100, 163
Trd, 000102.633, 160
Trd, 000103.900, 159
Trd, 000103.950, 158
Trd, 000105.050, 152
Trd, 000105.683, 160
Trd, 000106.600, 157
Trd, 000106.917, 157
Trd, 000107.400, 160
Trd, 000108.717, 160
Trd, 000109.033, 160
Trd, 000110.133, 166
Trd, 000110.250, 169
Trd, 000110.433, 164
Trd, 000112.017, 177
Trd, 000112.550, 166
Trd, 000112.867, 160
Trd, 000114.183, 170
Trd, 000114.683, 170
Trd, 000116.200, 169
Trd, 000118.133, 168
Trd, 000118.317, 168
Trd, 000118.433, 163
Trd, 000119.717, 160
Trd, 000120.133, 161
Trd, 000120.217, 162
Trd, 000120.467, 180
Trd, 000120.533, 190
Trd, 000120.800, 174
Trd, 000121.000, 183
Trd, 000121.033, 191
Trd, 000122.267, 175
Trd, 000122.283, 169
Trd, 000122.367, 178
Trd, 000122.433, 178
Trd, 000123.000, 181
Trd, 000123.167, 194
Trd, 000123.250, 207
Trd, 000123.367, 211
Trd, 000124.567, 200
Trd, 000124.950, 320.0
Trd, 000125.283, 331.0
Trd, 000125.483, 334.0
Trd, 000128.000, 329
Trd, 000128.533, 327
Trd, 000128.800, 328
Trd, 000129.200, 329
Trd, 000129.383, 330
Trd, 000129.850, 334.0
Trd, 000130.083, 339
Trd, 000130.533, 332
Trd, 000131.100, 358.0
Trd, 000132.517, 334.0
Trd, 000132.667, 343
Trd, 000133.067, 339
Trd, 000133.633, 340
Trd, 000134.567, 341
Trd, 000134.917, 355.0
Trd, 000136.150, 346
Trd, 000136.367, 346
Trd, 000136.700, 343
Trd, 000137.100, 350
Trd, 000137.817, 347
Trd, 000139.333, 350
Trd, 000139.533, 351
Trd, 000140.733, 350
Trd, 000140.950, 344
Trd, 000143.567, 349
Trd, 000144.033, 348
Trd, 000144.517, 348
Trd, 000145.117, 347
Trd, 000145.800, 348
Trd, 000146.400, 354.0
Trd, 000147.750, 350
Trd, 000148.217, 351
Trd, 000148.567, 351.0
Trd, 000148.700, 355.0
Trd, 000150.217, 357.0
Trd, 000150.333, 350
Trd, 000150.850, 358.0
Trd, 000151.383, 350
Trd, 000151.900, 349.0
Trd, 000151.967, 355
Trd, 000153.033, 356
Trd, 000153.933, 356
Trd, 000154.667, 354
Trd, 000155.283, 353
Trd, 000155.650, 352
Trd, 000156.033, 354
Trd, 000156.433, 350
Trd, 000156.483, 348.0
Trd, 000158.017, 348
Trd, 000158.533, 349
Trd, 000158.683, 349
Trd, 000159.433, 340
Trd, 000159.633, 341
Trd, 000159.883, 355.0
Trd, 000160.067, 340.0
Trd, 000160.650, 338.0
Trd, 000160.717, 358.0
Trd, 000161.067, 358
Trd, 000162.933, 354
Trd, 000164.450, 353
Trd, 000164.783, 345
Trd, 000164.850, 350
Trd, 000165.017, 353
Trd, 000165.050, 353
Trd, 000165.517, 354
Trd, 000167.067, 354
Trd, 000168.333, 355.0
Trd, 000168.850, 346
Trd, 000169.100, 345
Trd, 000169.933, 353
Trd, 000170.317, 353
Trd, 000170.617, 348
Trd, 000170.733, 354
Trd, 000171.683, 348.0
Trd, 000172.550, 348.0
Trd, 000172.617, 352
Trd, 000174.017, 350
Trd, 000174.800, 351
Trd, 000175.200, 351
Trd, 000175.333, 352
Trd, 000175.450, 354
Trd, 000176.083, 351
Trd, 000176.633, 344
Trd, 000176.867, 343
Trd, 000177.600, 365.0
Trd, 000178.700, 361
Trd, 000180.517, 362.0
Trd, 000181.417, 360.0
Trd, 000182.217, 359.0
Trd, 000182.450, 359.0
Trd, 000182.517, 358.0
Trd, 000183.050, 355
Trd, 000183.067, 331.0
Trd, 000183.083, 313.0
Trd, 000183.133, 309
Trd, 000183.933, 287
Trd, 000184.567, 217
Trd, 000184.733, 214
Trd, 000184.750, 211
Trd, 000185.250, 203
Trd, 000185.650, 197
Trd, 000186.633, 195
Trd, 000187.100, 193
Trd, 000187.833, 190
Trd, 000188.000, 185
Trd, 000188.767, 178
Trd, 000188.900, 179
Trd, 000189.317, 177
Trd, 000190.383, 178
Trd, 000191.567, 177
Trd, 000191.783, 177
Trd, 000191.817, 167
Trd, 000192.167, 179
Trd, 000193.183, 187
Trd, 000193.517, 169
Trd, 000194.967, 169
Trd, 000195.883, 150
Trd, 000196.083, 164
Trd, 000196.350, 159
Trd, 000196.583, 160
Trd, 000196.783, 161
Trd, 000197.017, 151
Trd, 000197.183, 178
Trd, 000198.100, 177
Trd, 000198.283, 159
Trd, 000200.567, 162
Trd, 000200.617, 165
Trd, 000200.800, 162
Trd, 000201.333, 165
Trd, 000201.350, 163
Trd, 000201.667, 165
Trd, 000201.800, 166
Trd, 000203.767, 165
Trd, 000204.583, 164
Trd, 000205.217, 166
Trd, 000205.900, 175
Trd, 000206.533, 172
Trd, 000206.783, 171
Trd, 000206.983, 178
Trd, 000207.850, 178
Trd, 000208.217, 176
Trd, 000208.867, 201
Trd, 000208.950, 200
Trd, 000209.167, 179
Trd, 000211.017, 180
Trd, 000212.083, 173
Trd, 000212.167, 170
Trd, 000212.583, 174
Trd, 000213.217, 174
Trd, 000213.533, 175
Trd, 000214.650, 170
Trd, 000215.533, 173
Trd, 000216.150, 173
Trd, 000216.200, 173
Trd, 000216.517, 172
Trd, 000217.100, 172
Trd, 000217.617, 171
Trd, 000218.650, 172
Trd, 000219.450, 176
Trd, 000219.833, 169
Trd, 000220.000, 156
Trd, 000220.633, 167
Trd, 000220.933, 177
Trd, 000221.467, 173
Trd, 000222.367, 170
Trd, 000222.433, 169
Trd, 000223.150, 172
Trd, 000223.233, 173
Trd, 000223.367, 174
Trd, 000224.367, 177
Trd, 000224.650, 178
Trd, 000225.133, 179
Trd, 000225.750, 172
Trd, 000226.950, 177
Trd, 000230.083, 172
Trd, 000230.633, 173
Trd, 000230.717, 176
Trd, 000230.867, 177
Trd, 000231.350, 171
Trd, 000231.683, 172
Trd, 000231.767, 171
Trd, 000232.250, 172
Trd, 000232.750, 178
Trd, 000232.950, 179
Trd, 000233.217, 181
Trd, 000233.983, 170
Trd, 000234.450, 181
Trd, 000235.683, 170
Trd, 000235.883, 172
Trd, 000236.467, 169
Trd, 000237.117, 172
Trd, 000237.500, 173
Trd, 000237.650, 172
Trd, 000238.117, 179
Trd, 000238.733, 181
Trd, 000240.033, 182
Trd, 000240.183, 177
Trd, 000240.433, 176
Trd, 000240.717, 178
Trd, 000240.867, 177
Trd, 000241.050, 179
Trd, 000241.633, 179
Trd, 000241.850, 178
Trd, 000241.983, 179
Trd, 000242.517, 176
Trd, 000242.583, 181
Trd, 000244.533, 176
Trd, 000244.650, 176
Trd, 000245.133, 175
Trd, 000245.233, 177
Trd, 000245.417, 174
Trd, 000245.983, 178
Trd, 000246.167, 177
Trd, 000247.067, 176
Trd, 000248.017, 174
Trd, 000248.283, 173
Trd, 000248.750, 173
Trd, 000248.783, 174
Trd, 000249.000, 175
Trd, 000249.417, 178
Trd, 000250.233, 173
Trd, 000250.767, 175
Trd, 000250.833, 175
Trd, 000250.983, 176
Trd, 000251.033, 180
Trd, 000251.517, 174
Trd, 000252.000, 172
Trd, 000252.683, 172
Trd, 000252.800, 176
Trd, 000253.267, 199
Trd, 000253.383, 193
Trd, 000254.683, 176
Trd, 000255.500, 176
Trd, 000255.533, 175
Trd, 000255.867, 174
Trd, 000256.017, 173
Trd, 000256.183, 172
Trd, 000256.383, 174
Trd, 000256.483, 171
Trd, 000256.567, 181
Trd, 000257.017, 173
Trd, 000257.433, 172
Trd, 000258.150, 171
Trd, 000258.267, 179
Trd, 000258.833, 184
Trd, 000259.183, 183
Trd, 000259.650, 179
Trd, 000259.733, 180
Trd, 000260.333, 177
Trd, 000260.450, 174
Trd, 000261.017, 180
Trd, 000261.400, 180
Trd, 000261.717, 180
Trd, 000262.583, 176
Trd, 000262.850, 174
Trd, 000262.983, 176
Trd, 000263.350, 173
Trd, 000264.067, 178
Trd, 000264.400, 174
Trd, 000264.450, 179
Trd, 000265.067, 175
Trd, 000265.300, 179
Trd, 000265.400, 181
Trd, 000265.750, 175
Trd, 000265.933, 174
Trd, 000267.167, 177
Trd, 000267.433, 181
Trd, 000267.600, 178
Trd, 000268.300, 170
Trd, 000268.867, 178
Trd, 000269.250, 185
Trd, 000269.317, 181
Trd, 000271.350, 184
Trd, 000271.500, 184
Trd, 000271.717, 182
Trd, 000271.783, 182
Trd, 000272.217, 182
Trd, 000272.250, 181
Trd, 000272.717, 178
Trd, 000272.750, 183
Trd, 000273.683, 177
Trd, 000273.767, 177
Trd, 000274.167, 180
Trd, 000274.333, 181
Trd, 000274.950, 177
Trd, 000274.983, 179
Trd, 000275.317, 177
Trd, 000275.883, 178
Trd, 000276.383, 176
Trd, 000276.500, 181
Trd, 000276.983, 182
Trd, 000277.700, 189
Trd, 000278.083, 176
Trd, 000278.450, 175
Trd, 000278.567, 171
Trd, 000279.150, 178
Trd, 000280.350, 176
Trd, 000280.550, 179
Trd, 000280.700, 179
Trd, 000281.000, 181
Trd, 000281.267, 185
Trd, 000281.933, 182
Trd, 000282.217, 177
Trd, 000283.033, 181
Trd, 000283.050, 176
Trd, 000283.150, 182
Trd, 000283.467, 183
Trd, 000284.000, 178
Trd, 000284.067, 179
Trd, 000284.317, 176
Trd, 000284.800, 185
Trd, 000284.950, 175
Trd, 000285.200, 176
Trd, 000286.117, 185
Trd, 000286.617, 189
Trd, 000286.717, 205
Trd, 000287.200, 185
Trd, 000288.300, 185
Trd, 000289.067, 192
Trd, 000289.583, 190
Trd, 000289.967, 191
Trd, 000290.517, 190
Trd, 000290.900, 187
Trd, 000290.917, 192
Trd, 000291.750, 185
Trd, 000292.267, 187
Trd, 000292.300, 184
Trd, 000292.933, 189
Trd, 000292.967, 183
Trd, 000293.233, 191
Trd, 000293.250, 193
Trd, 000294.117, 186
Trd, 000294.550, 184
Trd, 000295.417, 176
Trd, 000295.717, 179
Trd, 000296.500, 177
Trd, 000296.850, 167
Trd, 000297.050, 177
Trd, 000297.300, 178
Trd, 000297.450, 180
Trd, 000297.517, 183
Trd, 000297.700, 177
Trd, 000298.083, 166
Trd, 000298.550, 174
Trd, 000298.817, 181
Trd, 000299.067, 182
Trd, 000299.750, 174
Trd, 000299.850, 174
