Trd, 000001.250, 120
Trd, 000001.433, 158
Trd, 000002.233, 134
Trd, 000002.533, 133
Trd, 000004.717, 145
Trd, 000005.033, 144
Trd, 000005.417, 145
Trd, 000005.817, 145
Trd, 000006.983, 150
Trd, 000007.533, 148
Trd, 000007.600, 145
Trd, 000007.750, 168
Trd, 000008.133, 171
Trd, 000008.683, 154
Trd, 000008.717, 153
Trd, 000009.300, 138
Trd, 000010.283, 148
Trd, 000010.800, 135
Trd, 000012.767, 140
Trd, 000013.183, 141
Trd, 000013.500, 141
Trd, 000013.567, 142
Trd, 000014.833, 150
Trd, 000014.867, 149
Trd, 000015.033, 147
Trd, 000015.333, 147
Trd, 000015.867, 149
Trd, 000016.633, 149
Trd, 000017.317, 149
Trd, 000018.433, 151
Trd, 000018.683, 150
Trd, 000019.000, 150
Trd, 000020.517, 151
Trd, 000020.633, 147
Trd, 000021.750, 146
Trd, 000023.083, 145
Trd, 000023.867, 146
Trd, 000023.933, 149
Trd, 000024.650, 150
Trd, 000025.267, 151
Trd, 000026.750, 150
Trd, 000027.283, 149
Trd, 000027.417, 147
Trd, 000027.767, 151
Trd, 000028.033, 147
Trd, 000029.717, 144
Trd, 000029.950, 144
Trd, 000030.483, 144
Trd, 000031.567, 150
Trd, 000031.833, 161
Trd, 000033.067, 157
Trd, 000033.083, 167
Trd, 000034.317, 158
Trd, 000034.650, 165
Trd, 000035.250, 158
Trd, 000035.933, 153
Trd, 000035.983, 151
Trd, 000037.850, 154
Trd, 000038.233, 153
Trd, 000038.750, 155
Trd, 000039.267, 154
Trd, 000039.283, 153
Trd, 000039.483, 155
Trd, 000041.133, 153
Trd, 000041.567, 154
Trd, 000041.800, 153
Trd, 000042.917, 154
Trd, 000043.183, 162
Trd, 000043.300, 153
Trd, 000043.317, 169
Trd, 000043.933, 152
Trd, 000046.383, 155
Trd, 000047.000, 155
Trd, 000049.017, 157
Trd, 000049.267, 157
Trd, 000049.367, 156
Trd, 000049.917, 154
Trd, 000050.767, 158
Trd, 000051.317, 150
Trd, 000051.567, 158
Trd, 000052.217, 158
Trd, 000052.483, 152
Trd, 000052.750, 152
Trd, 000052.983, 151
Trd, 000054.283, 156
Trd, 000054.883, 150
Trd, 000054.983, 162
Trd, 000055.483, 163
Trd, 000056.233, 158
Trd, 000057.133, 155
Trd, 000058.183, 155
Trd, 000059.233, 157
Trd, 000059.383, 157
Trd, 000059.833, 157
Trd, 000060.300, 156
Trd, 000061.033, 154
Trd, 000061.300, 155
Trd, 000061.517, 151
Trd, 000061.967, 150
Trd, 000062.033, 156
Trd, 000062.117, 157
Trd, 000063.500, 149
Trd, 000064.050, 155
Trd, 000064.650, 157
Trd, 000065.083, 150
Trd, 000067.067, 158
Trd, 000067.633, 172
Trd, 000067.900, 167
Trd, 000069.067, 163
Trd, 000069.100, 173
Trd, 000069.917, 161
Trd, 000070.300, 157
Trd, 000070.550, 155
Trd, 000071.683, 157
Trd, 000072.183, 155
Trd, 000072.850, 157
Trd, 000073.133, 155
Trd, 000073.633, 154
Trd, 000073.717, 154
Trd, 000073.833, 155
Trd, 000074.833, 158
Trd, 000075.617, 152
Trd, 000076.350, 152
Trd, 000076.717, 152
Trd, 000077.100, 151
Trd, 000078.000, 155
Trd, 000079.167, 161
Trd, 000079.483, 157
Trd, 000079.567, 157
Trd, 000080.717, 157
Trd, 000081.117, 158
Trd, 000081.583, 159
Trd, 000082.733, 159
Trd, 000083.067, 159
Trd, 000083.383, 159
Trd, 000084.200, 157
Trd, 000084.517, 159
Trd, 000084.633, 172
Trd, 000085.067, 157
Trd, 000086.417, 158
Trd, 000086.750, 169
Trd, 000087.050, 158
Trd, 000089.517, 159
Trd, 000089.717, 160
Trd, 000090.083, 159
Trd, 000090.133, 161
Trd, 000091.617, 161
Trd, 000091.633, 157
Trd, 000092.117, 174
Trd, 000092.617, 160
Trd, 000093.467, 157
Trd, 000093.917, 153
Trd, 000095.817, 159
Trd, 000095.950, 160
Trd, 000096.383, 156
Trd, 000096.833, 156
Trd, 000098.450, 159
Trd, 000098.500, 158
Trd, 000098.517, 156
Trd, 000098.950, 161
Trd, 000101.350, 156
Trd, 000101.783, 155
Trd, 000102.233, 155
Trd, 000103.150, 155
Trd, 000103.367, 155
Trd, 000103.617, 154
Trd, 000103.783, 161
Trd, 000105.167, 153
Trd, 000105.983, 154
Trd, 000106.167, 154
Trd, 000106.217, 152
Trd, 000106.400, 156
Trd, 000107.050, 155
Trd, 000107.267, 148
Trd, 000107.767, 154
Trd, 000109.300, 151
Trd, 000109.350, 162
Trd, 000111.550, 168
Trd, 000112.350, 169
Trd, 000113.017, 164
Trd, 000113.383, 159
Trd, 000113.667, 165
Trd, 000114.650, 164
Trd, 000114.767, 163
Trd, 000114.850, 162
Trd, 000115.167, 163
Trd, 000115.583, 160
Trd, 000115.950, 155
Trd, 000116.483, 162
Trd, 000117.500, 176
Trd, 000118.650, 160
Trd, 000120.283, 164
Trd, 000120.333, 163
Trd, 000120.367, 162
Trd, 000120.833, 162
Trd, 000120.950, 164
Trd, 000121.050, 164
Trd, 000121.250, 165
Trd, 000121.533, 178
Trd, 000121.883, 180
Trd, 000122.150, 161
Trd, 000122.733, 174
Trd, 000123.700, 184
Trd, 000123.717, 191
Trd, 000124.450, 194
Trd, 000124.700, 205
Trd, 000125.033, 317.0
Trd, 000125.217, 320.0
Trd, 000125.700, 338
Trd, 000126.817, 341.0
Trd, 000127.900, 326
Trd, 000128.700, 336
Trd, 000128.933, 335
Trd, 000129.700, 331
Trd, 000129.900, 341.0
Trd, 000130.167, 347
Trd, 000130.267, 327
Trd, 000130.617, 344
Trd, 000130.983, 321
Trd, 000131.767, 327
Trd, 000132.217, 341
Trd, 000132.283, 350.0
Trd, 000133.150, 358.0
Trd, 000133.950, 340
Trd, 000134.800, 358.0
Trd, 000134.933, 358
Trd, 000135.033, 345.0
Trd, 000135.783, 348
Trd, 000136.117, 349
Trd, 000136.567, 350
Trd, 000137.150, 348
Trd, 000138.700, 348
Trd, 000138.817, 347
Trd, 000139.033, 348.0
Trd, 000139.850, 345
Trd, 000140.867, 347.0
Trd, 000140.967, 346.0
Trd, 000141.450, 347.0
Trd, 000141.717, 345.0
Trd, 000142.300, 346
Trd, 000142.600, 344.0
Trd, 000142.683, 337.0
Trd, 000144.333, 342
Trd, 000144.883, 343
Trd, 000146.450, 350.0
Trd, 000146.633, 343
Trd, 000147.217, 345
Trd, 000147.300, 338
Trd, 000147.717, 334
Trd, 000150.467, 343
Trd, 000150.600, 344
Trd, 000150.983, 350.0
Trd, 000151.417, 338.0
Trd, 000151.833, 338
Trd, 000152.550, 340
Trd, 000153.933, 337
Trd, 000154.617, 336
Trd, 000155.033, 338
Trd, 000155.117, 337
Trd, 000155.400, 339
Trd, 000155.417, 340
Trd, 000155.583, 337
Trd, 000155.917, 335
Trd, 000157.267, 337
Trd, 000158.133, 348.0
Trd, 000158.267, 344.0
Trd, 000158.633, 336
Trd, 000159.617, 342
Trd, 000161.133, 337
Trd, 000161.300, 336
Trd, 000161.517, 337
Trd, 000162.233, 336
Trd, 000162.350, 351.0
Trd, 000162.600, 358
Trd, 000164.350, 344.0
Trd, 000164.983, 340
Trd, 000165.483, 342
Trd, 000165.817, 344
Trd, 000166.417, 343
Trd, 000166.633, 342
Trd, 000166.683, 341
Trd, 000167.083, 338.0
Trd, 000167.967, 345
Trd, 000168.800, 339
Trd, 000170.217, 338
Trd, 000170.267, 339
Trd, 000171.583, 341
Trd, 000172.717, 339
Trd, 000172.867, 336
Trd, 000173.767, 342
Trd, 000173.917, 343
Trd, 000173.950, 344
Trd, 000174.317, 336
Trd, 000176.050, 345
Trd, 000178.650, 344.0
Trd, 000179.400, 344.0
Trd, 000179.667, 344.0
Trd, 000180.183, 345.0
Trd, 000180.200, 342
Trd, 000180.433, 341
Trd, 000180.700, 346
Trd, 000181.217, 346
Trd, 000181.383, 338.0
Trd, 000181.633, 341
Trd, 000181.883, 338.0
Trd, 000182.100, 337.0
Trd, 000182.317, 333
Trd, 000182.333, 331.0
Trd, 000182.583, 324
Trd, 000183.067, 310.0
Trd, 000183.633, 331
Trd, 000183.767, 320.0
Trd, 000183.783, 298
Trd, 000184.117, 286
Trd, 000184.583, 204
Trd, 000185.800, 198
Trd, 000186.400, 193
Trd, 000187.117, 175
Trd, 000187.883, 176
Trd, 000187.983, 177
Trd, 000188.633, 178
Trd, 000188.950, 170
Trd, 000189.517, 169
Trd, 000189.550, 172
Trd, 000189.567, 164
Trd, 000190.233, 173
Trd, 000190.250, 174
Trd, 000192.850, 165
Trd, 000193.033, 170
Trd, 000193.150, 174
Trd, 000194.133, 168
Trd, 000194.617, 163
Trd, 000195.283, 172
Trd, 000196.133, 174
Trd, 000196.400, 168
Trd, 000196.733, 179
Trd, 000197.500, 176
Trd, 000198.367, 177
Trd, 000199.150, 175
Trd, 000199.583, 176
Trd, 000199.717, 174
Trd, 000200.450, 170
Trd, 000200.767, 165
Trd, 000200.783, 164
Trd, 000200.883, 171
Trd, 000201.200, 162
Trd, 000201.500, 162
Trd, 000203.150, 164
Trd, 000205.350, 166
Trd, 000205.400, 170
Trd, 000205.683, 166
Trd, 000206.100, 170
Trd, 000207.250, 171
Trd, 000207.333, 169
Trd, 000207.417, 184
Trd, 000208.000, 169
Trd, 000209.567, 171
Trd, 000209.967, 168
Trd, 000210.000, 172
Trd, 000210.617, 166
Trd, 000210.867, 174
Trd, 000212.183, 170
Trd, 000212.517, 173
Trd, 000212.833, 186
Trd, 000213.217, 171
Trd, 000213.450, 170
Trd, 000213.650, 170
Trd, 000213.700, 162
Trd, 000214.617, 164
Trd, 000214.683, 158
Trd, 000215.400, 154
Trd, 000215.483, 163
Trd, 000215.933, 166
Trd, 000216.567, 179
Trd, 000217.867, 184
Trd, 000218.933, 169
Trd, 000218.967, 170
Trd, 000219.217, 169
Trd, 000219.733, 169
Trd, 000219.983, 171
Trd, 000220.800, 169
Trd, 000221.083, 170
Trd, 000221.483, 191
Trd, 000221.767, 168
Trd, 000222.917, 173
Trd, 000224.100, 178
Trd, 000224.400, 173
Trd, 000225.350, 176
Trd, 000225.517, 178
Trd, 000226.000, 175
Trd, 000227.350, 174
Trd, 000228.350, 174
Trd, 000228.750, 176
Trd, 000229.117, 180
Trd, 000229.450, 171
Trd, 000230.033, 172
Trd, 000230.217, 174
Trd, 000230.850, 167
Trd, 000231.767, 177
Trd, 000232.383, 167
Trd, 000232.483, 179
Trd, 000234.050, 160
Trd, 000234.767, 174
Trd, 000234.817, 166
Trd, 000235.567, 165
Trd, 000235.767, 164
Trd, 000236.083, 165
Trd, 000236.650, 160
Trd, 000237.867, 163
Trd, 000238.133, 163
Trd, 000238.800, 165
Trd, 000239.267, 159
Trd, 000240.183, 166
Trd, 000240.333, 175
Trd, 000240.767, 177
Trd, 000241.317, 177
Trd, 000241.433, 178
Trd, 000241.500, 175
Trd, 000242.267, 178
Trd, 000242.383, 176
Trd, 000243.350, 181
Trd, 000243.617, 176
Trd, 000243.883, 173
Trd, 000244.217, 172
Trd, 000245.300, 168
Trd, 000245.483, 182
Trd, 000246.050, 184
Trd, 000246.867, 173
Trd, 000248.050, 172
Trd, 000248.867, 180
Trd, 000249.300, 179
Trd, 000249.483, 179
Trd, 000250.017, 179
Trd, 000250.083, 178
Trd, 000250.150, 180
Trd, 000250.283, 177
Trd, 000250.433, 177
Trd, 000250.450, 180
Trd, 000251.733, 176
Trd, 000251.817, 174
Trd, 000252.233, 176
Trd, 000252.533, 173
Trd, 000253.033, 176
Trd, 000253.467, 181
Trd, 000254.567, 180
Trd, 000254.883, 177
Trd, 000255.000, 175
Trd, 000255.117, 175
Trd, 000255.550, 178
Trd, 000255.583, 180
Trd, 000255.767, 173
Trd, 000256.600, 172
Trd, 000257.917, 173
Trd, 000258.450, 174
Trd, 000258.667, 173
Trd, 000259.350, 170
Trd, 000259.717, 167
Trd, 000260.367, 177
Trd, 000260.383, 191
Trd, 000260.567, 167
Trd, 000261.000, 176
Trd, 000261.500, 171
Trd, 000261.550, 174
Trd, 000261.900, 170
Trd, 000262.083, 169
Trd, 000262.117, 171
Trd, 000263.017, 172
Trd, 000263.533, 175
Trd, 000263.750, 181
Trd, 000264.217, 182
Trd, 000264.333, 178
Trd, 000265.283, 176
Trd, 000265.600, 174
Trd, 000265.950, 173
Trd, 000266.567, 177
Trd, 000266.850, 172
Trd, 000267.100, 178
Trd, 000267.817, 184
Trd, 000268.300, 185
Trd, 000269.317, 180
Trd, 000269.967, 179
Trd, 000270.100, 177
Trd, 000270.417, 177
Trd, 000270.433, 175
Trd, 000271.600, 172
Trd, 000271.717, 172
Trd, 000271.933, 174
Trd, 000272.083, 171
Trd, 000272.217, 168
Trd, 000273.083, 170
Trd, 000273.567, 176
Trd, 000274.150, 178
Trd, 000274.350, 172
Trd, 000274.750, 181
Trd, 000275.700, 172
Trd, 000276.300, 177
Trd, 000276.750, 178
Trd, 000276.767, 177
Trd, 000277.083, 182
Trd, 000277.233, 176
Trd, 000277.450, 176
Trd, 000278.650, 175
Trd, 000279.900, 178
Trd, 000280.717, 176
Trd, 000280.950, 178
Trd, 000281.167, 179
Trd, 000281.483, 176
Trd, 000281.717, 181
Trd, 000282.017, 176
Trd, 000282.033, 183
Trd, 000282.583, 181
Trd, 000282.700, 176
Trd, 000282.750, 183
Trd, 000283.583, 176
Trd, 000284.067, 176
Trd, 000284.850, 177
Trd, 000285.083, 178
Trd, 000285.467, 176
Trd, 000285.733, 178
Trd, 000285.783, 179
Trd, 000286.917, 182
Trd, 000286.983, 183
Trd, 000287.767, 181
Trd, 000287.817, 186
Trd, 000288.033, 179
Trd, 000288.117, 178
Trd, 000289.083, 174
Trd, 000289.100, 172
Trd, 000290.067, 170
Trd, 000290.133, 171
Trd, 000290.833, 196
Trd, 000291.000, 182
Trd, 000291.667, 179
Trd, 000292.083, 177
Trd, 000292.150, 173
Trd, 000292.983, 175
Trd, 000293.000, 176
Trd, 000293.117, 160
Trd, 000293.267, 169
Trd, 000294.417, 163
Trd, 000294.550, 177
Trd, 000294.967, 163
Trd, 000295.867, 173
Trd, 000297.000, 178
Trd, 000297.250, 174
Trd, 000297.417, 180
Trd, 000298.083, 176
Trd, 000298.483, 188
Trd, 000298.517, 175
Trd, 000298.617, 174
Trd, 000299.483, 185
Trd, 000299.600, 180
