Trd, 000003.517, 162
Trd, 000003.783, 150
Trd, 000004.950, 155
Trd, 000005.133, 157
Trd, 000005.167, 158
Trd, 000005.400, 155
Trd, 000005.933, 156
Trd, 000007.000, 159
Trd, 000008.133, 153
Trd, 000009.217, 154
Trd, 000009.450, 150
Trd, 000010.033, 156
Trd, 000010.633, 151
Trd, 000011.317, 157
Trd, 000012.083, 157
Trd, 000012.500, 151
Trd, 000014.467, 158
Trd, 000016.550, 157
Trd, 000016.750, 156
Trd, 000018.450, 154
Trd, 000018.500, 159
Trd, 000021.017, 159
Trd, 000021.067, 164
Trd, 000021.233, 165
Trd, 000021.400, 158
Trd, 000021.667, 167
Trd, 000021.883, 174
Trd, 000022.317, 155
Trd, 000023.250, 157
Trd, 000025.267, 160
Trd, 000025.600, 160
Trd, 000025.933, 164
Trd, 000026.350, 163
Trd, 000026.367, 167
Trd, 000028.233, 170
Trd, 000028.900, 172
Trd, 000029.450, 164
Trd, 000030.150, 163
Trd, 000030.583, 162
Trd, 000030.850, 158
Trd, 000031.617, 157
Trd, 000033.033, 154
Trd, 000033.083, 154
Trd, 000033.250, 156
Trd, 000034.067, 155
Trd, 000034.350, 153
Trd, 000035.150, 169
Trd, 000035.333, 165
Trd, 000036.867, 154
Trd, 000037.400, 161
Trd, 000037.450, 154
Trd, 000039.317, 155
Trd, 000039.967, 159
Trd, 000040.200, 161
Trd, 000040.750, 161
Trd, 000041.617, 160
Trd, 000042.700, 164
Trd, 000042.783, 160
Trd, 000042.867, 153
Trd, 000045.400, 159
Trd, 000045.967, 159
Trd, 000046.433, 160
Trd, 000047.417, 159
Trd, 000047.967, 155
Trd, 000048.217, 160
Trd, 000048.400, 161
Trd, 000048.533, 163
Trd, 000050.683, 170
Trd, 000051.067, 158
Trd, 000051.283, 163
Trd, 000051.333, 152
Trd, 000052.817, 160
Trd, 000054.300, 160
Trd, 000054.317, 159
Trd, 000055.650, 161
Trd, 000056.250, 161
Trd, 000057.900, 163
Trd, 000057.983, 163
Trd, 000058.400, 163
Trd, 000058.533, 164
Trd, 000059.633, 163
Trd, 000059.700, 161
Trd, 000060.250, 158
Trd, 000060.650, 159
Trd, 000061.183, 164
Trd, 000062.167, 158
Trd, 000062.600, 158
Trd, 000063.250, 158
Trd, 000063.333, 157
Trd, 000063.483, 161
Trd, 000064.000, 147
Trd, 000064.883, 168
Trd, 000066.167, 157
Trd, 000066.233, 155
Trd, 000067.983, 157
Trd, 000068.000, 159
Trd, 000068.367, 156
Trd, 000068.483, 154
Trd, 000069.033, 154
Trd, 000069.667, 164
Trd, 000071.483, 162
Trd, 000071.567, 162
Trd, 000072.700, 160
Trd, 000073.550, 156
Trd, 000074.400, 158
Trd, 000074.667, 157
Trd, 000075.400, 156
Trd, 000076.250, 155
Trd, 000076.600, 154
Trd, 000077.783, 160
Trd, 000079.433, 154
Trd, 000080.400, 156
Trd, 000080.750, 157
Trd, 000081.583, 155
Trd, 000082.550, 159
Trd, 000083.133, 156
Trd, 000084.233, 155
Trd, 000085.100, 159
Trd, 000085.167, 160
Trd, 000085.850, 161
Trd, 000086.100, 161
Trd, 000086.283, 171
Trd, 000086.617, 159
Trd, 000086.833, 160
Trd, 000087.717, 166
Trd, 000088.867, 167
Trd, 000090.100, 167
Trd, 000091.567, 168
Trd, 000092.033, 170
Trd, 000092.350, 171
Trd, 000092.900, 176
Trd, 000093.567, 171
Trd, 000093.817, 170
Trd, 000095.650, 169
Trd, 000096.700, 169
Trd, 000097.050, 156
Trd, 000097.550, 159
Trd, 000098.750, 161
Trd, 000099.817, 165
Trd, 000100.783, 165
Trd, 000100.883, 164
Trd, 000101.500, 164
Trd, 000102.383, 158
Trd, 000103.000, 168
Trd, 000103.133, 172
Trd, 000103.767, 160
Trd, 000104.650, 159
Trd, 000104.850, 158
Trd, 000105.467, 161
Trd, 000105.583, 147
Trd, 000106.000, 141
Trd, 000106.883, 158
Trd, 000107.917, 158
Trd, 000108.133, 161
Trd, 000108.617, 158
Trd, 000108.933, 158
Trd, 000109.300, 173
Trd, 000110.100, 158
Trd, 000111.350, 163
Trd, 000112.350, 161
Trd, 000112.883, 162
Trd, 000113.350, 161
Trd, 000114.750, 162
Trd, 000114.950, 168
Trd, 000115.083, 164
Trd, 000115.500, 161
Trd, 000115.683, 158
Trd, 000115.900, 166
Trd, 000119.350, 166
Trd, 000120.050, 165
Trd, 000120.567, 166
Trd, 000120.867, 167
Trd, 000121.083, 165
Trd, 000121.133, 159
Trd, 000121.250, 168
Trd, 000122.300, 170
Trd, 000122.467, 160
Trd, 000122.550, 174
Trd, 000122.650, 177
Trd, 000123.033, 184
Trd, 000123.067, 187
Trd, 000123.333, 156
Trd, 000123.600, 201
Trd, 000123.667, 202
Trd, 000123.933, 274
Trd, 000124.150, 310.0
Trd, 000124.617, 327.0
Trd, 000124.750, 323
Trd, 000125.217, 355
Trd, 000125.867, 358.0
Trd, 000128.000, 355.0
Trd, 000128.450, 342
Trd, 000128.667, 342
Trd, 000128.967, 341
Trd, 000129.233, 357.0
Trd, 000130.717, 354
Trd, 000131.817, 357
Trd, 000132.317, 351
Trd, 000132.550, 350
Trd, 000132.867, 351
Trd, 000133.100, 344
Trd, 000134.033, 345
Trd, 000135.150, 347.0
Trd, 000136.500, 347.0
Trd, 000138.367, 347
Trd, 000138.967, 350.0
Trd, 000141.367, 349
Trd, 000142.200, 347
Trd, 000144.133, 348
Trd, 000144.250, 346
Trd, 000144.750, 348.0
Trd, 000145.417, 348
Trd, 000145.600, 351.0
Trd, 000146.283, 356
Trd, 000147.550, 353
Trd, 000147.650, 350
Trd, 000148.600, 350
Trd, 000149.150, 356
Trd, 000150.517, 356
Trd, 000150.917, 355
Trd, 000151.350, 347
Trd, 000151.783, 355
Trd, 000153.233, 351
Trd, 000153.917, 352
Trd, 000154.183, 349
Trd, 000155.067, 349
Trd, 000155.200, 341.0
Trd, 000155.733, 345
Trd, 000156.150, 353
Trd, 000156.367, 344
Trd, 000156.450, 343
Trd, 000158.067, 348
Trd, 000158.533, 346
Trd, 000159.017, 348
Trd, 000159.600, 350
Trd, 000160.183, 351.0
Trd, 000161.233, 347
Trd, 000162.267, 351
Trd, 000162.317, 357
Trd, 000162.517, 344
Trd, 000163.833, 350
Trd, 000164.350, 349
Trd, 000166.467, 346
Trd, 000166.783, 343.0
Trd, 000167.400, 350.0
Trd, 000169.467, 350
Trd, 000169.700, 351.0
Trd, 000169.800, 357.0
Trd, 000170.933, 357.0
Trd, 000171.067, 355
Trd, 000171.617, 355
Trd, 000172.000, 356
Trd, 000172.650, 353
Trd, 000172.817, 356
Trd, 000173.083, 349
Trd, 000174.567, 355
Trd, 000174.883, 352
Trd, 000174.967, 357.0
Trd, 000176.317, 358.0
Trd, 000176.633, 347
Trd, 000176.667, 347
Trd, 000177.350, 349
Trd, 000178.017, 341.0
Trd, 000179.317, 349
Trd, 000179.900, 351.0
Trd, 000180.650, 354
Trd, 000181.517, 351
Trd, 000181.617, 350
Trd, 000181.767, 348
Trd, 000182.383, 347
Trd, 000182.750, 341
Trd, 000182.800, 327.0
Trd, 000182.817, 313.0
Trd, 000183.467, 306.0
Trd, 000184.250, 302
Trd, 000184.300, 287
Trd, 000184.483, 214
Trd, 000184.700, 164
Trd, 000185.000, 298
Trd, 000186.333, 197
Trd, 000187.233, 202
Trd, 000187.383, 196
Trd, 000188.150, 196
Trd, 000188.367, 189
Trd, 000188.800, 180
Trd, 000190.250, 178
Trd, 000190.417, 177
Trd, 000190.633, 176
Trd, 000193.250, 174
Trd, 000193.683, 172
Trd, 000193.767, 174
Trd, 000195.500, 171
Trd, 000196.183, 173
Trd, 000196.667, 172
Trd, 000196.750, 170
Trd, 000197.517, 166
Trd, 000198.450, 177
Trd, 000198.933, 168
Trd, 000199.600, 175
Trd, 000199.667, 179
Trd, 000200.117, 177
Trd, 000200.467, 178
Trd, 000201.917, 176
Trd, 000203.167, 178
Trd, 000203.583, 178
Trd, 000204.233, 177
Trd, 000205.100, 180
Trd, 000205.383, 176
Trd, 000205.800, 167
Trd, 000206.317, 178
Trd, 000206.600, 171
Trd, 000206.683, 161
Trd, 000207.000, 172
Trd, 000207.400, 179
Trd, 000208.183, 170
Trd, 000208.617, 182
Trd, 000208.833, 186
Trd, 000210.417, 179
Trd, 000210.900, 172
Trd, 000211.500, 178
Trd, 000212.600, 176
Trd, 000213.633, 177
Trd, 000213.650, 174
Trd, 000214.933, 172
Trd, 000215.283, 173
Trd, 000216.600, 174
Trd, 000216.767, 175
Trd, 000218.083, 173
Trd, 000218.600, 171
Trd, 000218.750, 177
Trd, 000219.400, 178
Trd, 000219.917, 169
Trd, 000221.167, 177
Trd, 000222.517, 179
Trd, 000222.750, 180
Trd, 000223.167, 175
Trd, 000223.217, 174
Trd, 000225.450, 179
Trd, 000226.083, 179
Trd, 000226.550, 178
Trd, 000227.100, 179
Trd, 000227.417, 180
Trd, 000227.717, 178
Trd, 000228.100, 178
Trd, 000228.283, 180
Trd, 000229.617, 180
Trd, 000229.933, 177
Trd, 000233.433, 178
Trd, 000234.333, 180
Trd, 000234.850, 179
Trd, 000235.083, 180
Trd, 000236.283, 178
Trd, 000236.467, 180
Trd, 000237.500, 182
Trd, 000237.817, 181
Trd, 000238.717, 182
Trd, 000239.517, 182
Trd, 000240.067, 184
Trd, 000240.300, 183
Trd, 000240.400, 181
Trd, 000240.567, 182
Trd, 000241.300, 173
Trd, 000241.550, 167
Trd, 000241.650, 165
Trd, 000241.783, 173
Trd, 000243.500, 172
Trd, 000244.050, 171
Trd, 000244.367, 168
Trd, 000245.000, 172
Trd, 000246.017, 172
Trd, 000246.400, 175
Trd, 000246.783, 174
Trd, 000247.033, 172
Trd, 000247.700, 179
Trd, 000248.467, 175
Trd, 000248.933, 182
Trd, 000249.567, 177
Trd, 000250.117, 181
Trd, 000250.183, 183
Trd, 000251.050, 183
Trd, 000251.583, 182
Trd, 000251.600, 174
Trd, 000252.783, 180
Trd, 000253.467, 183
Trd, 000254.250, 182
Trd, 000254.317, 181
Trd, 000254.450, 183
Trd, 000254.517, 180
Trd, 000254.683, 187
Trd, 000255.467, 179
Trd, 000255.833, 181
Trd, 000256.483, 190
Trd, 000257.017, 183
Trd, 000257.350, 179
Trd, 000259.367, 178
Trd, 000259.483, 175
Trd, 000259.917, 172
Trd, 000260.000, 180
Trd, 000260.250, 177
Trd, 000260.717, 180
Trd, 000260.800, 181
Trd, 000261.517, 176
Trd, 000262.150, 177
Trd, 000262.900, 178
Trd, 000263.533, 188
Trd, 000264.400, 180
Trd, 000264.533, 180
Trd, 000264.567, 176
Trd, 000265.133, 174
Trd, 000265.317, 173
Trd, 000266.200, 174
Trd, 000266.433, 177
Trd, 000266.783, 174
Trd, 000267.100, 175
Trd, 000267.367, 174
Trd, 000268.050, 179
Trd, 000268.117, 179
Trd, 000268.550, 179
Trd, 000269.283, 181
Trd, 000269.783, 179
Trd, 000270.517, 181
Trd, 000271.817, 179
Trd, 000272.117, 179
Trd, 000272.400, 178
Trd, 000272.700, 182
Trd, 000272.783, 182
Trd, 000272.950, 185
Trd, 000273.283, 187
Trd, 000273.300, 181
Trd, 000273.933, 183
Trd, 000275.250, 174
Trd, 000275.517, 178
Trd, 000275.717, 179
Trd, 000276.317, 178
Trd, 000278.117, 178
Trd, 000278.367, 177
Trd, 000278.983, 179
Trd, 000279.367, 177
Trd, 000279.700, 182
Trd, 000280.600, 183
Trd, 000280.967, 177
Trd, 000281.783, 183
Trd, 000282.033, 175
Trd, 000282.967, 182
Trd, 000283.450, 180
Trd, 000283.783, 183
Trd, 000284.133, 186
Trd, 000284.567, 179
Trd, 000284.883, 178
Trd, 000285.100, 193
Trd, 000286.233, 190
Trd, 000286.417, 183
Trd, 000286.550, 184
Trd, 000286.683, 181
Trd, 000287.883, 186
Trd, 000288.017, 180
Trd, 000288.950, 184
Trd, 000289.400, 179
Trd, 000289.500, 184
Trd, 000289.667, 185
Trd, 000290.033, 183
Trd, 000290.300, 187
Trd, 000291.150, 188
Trd, 000291.467, 188
Trd, 000291.900, 189
Trd, 000291.983, 176
Trd, 000292.850, 183
Trd, 000293.183, 184
Trd, 000293.717, 178
Trd, 000293.867, 182
Trd, 000294.067, 176
Trd, 000294.317, 185
Trd, 000295.133, 185
Trd, 000296.550, 187
Trd, 000297.367, 187
Trd, 000297.767, 184
Trd, 000298.317, 192
Trd, 000298.333, 187
Trd, 000298.550, 194
