Trd, 000001.733, 182
Trd, 000001.867, 175
Trd, 000002.783, 127
Trd, 000003.233, 130
Trd, 000003.433, 134
Trd, 000004.283, 164
Trd, 000004.983, 162
Trd, 000005.583, 161
Trd, 000005.750, 160
Trd, 000005.983, 162
Trd, 000006.583, 162
Trd, 000006.950, 167
Trd, 000007.217, 161
Trd, 000009.017, 160
Trd, 000010.067, 159
Trd, 000010.450, 160
Trd, 000010.500, 159
Trd, 000010.617, 161
Trd, 000010.900, 158
Trd, 000011.250, 163
Trd, 000011.400, 163
Trd, 000013.033, 158
Trd, 000013.233, 159
Trd, 000014.550, 156
Trd, 000015.417, 156
Trd, 000015.600, 158
Trd, 000015.717, 155
Trd, 000017.183, 152
Trd, 000018.117, 156
Trd, 000018.583, 157
Trd, 000018.683, 155
Trd, 000018.767, 159
Trd, 000019.000, 159
Trd, 000019.800, 164
Trd, 000022.117, 157
Trd, 000022.283, 155
Trd, 000022.583, 155
Trd, 000022.633, 153
Trd, 000023.217, 158
Trd, 000023.417, 158
Trd, 000024.650, 155
Trd, 000025.233, 154
Trd, 000025.417, 155
Trd, 000025.850, 154
Trd, 000026.000, 154
Trd, 000027.133, 147
Trd, 000028.383, 148
Trd, 000030.067, 160
Trd, 000031.150, 159
Trd, 000032.117, 163
Trd, 000032.783, 159
Trd, 000033.117, 160
Trd, 000034.017, 160
Trd, 000035.217, 155
Trd, 000035.567, 160
Trd, 000035.900, 156
Trd, 000036.383, 162
Trd, 000036.400, 162
Trd, 000038.300, 160
Trd, 000039.167, 161
Trd, 000040.633, 165
Trd, 000041.117, 166
Trd, 000041.933, 166
Trd, 000042.900, 167
Trd, 000043.100, 169
Trd, 000043.333, 172
Trd, 000043.683, 166
Trd, 000043.800, 165
Trd, 000045.183, 165
Trd, 000045.250, 163
Trd, 000046.367, 162
Trd, 000046.833, 162
Trd, 000047.800, 158
Trd, 000048.267, 160
Trd, 000049.050, 162
Trd, 000049.633, 161
Trd, 000050.333, 156
Trd, 000051.017, 157
Trd, 000051.133, 163
Trd, 000052.667, 157
Trd, 000053.133, 161
Trd, 000054.333, 159
Trd, 000055.067, 160
Trd, 000055.183, 160
Trd, 000056.050, 164
Trd, 000056.767, 157
Trd, 000057.300, 167
Trd, 000059.417, 167
Trd, 000059.767, 158
Trd, 000060.417, 166
Trd, 000060.433, 165
Trd, 000060.550, 164
Trd, 000061.800, 166
Trd, 000062.283, 166
Trd, 000062.433, 167
Trd, 000063.817, 167
Trd, 000064.017, 167
Trd, 000064.150, 168
Trd, 000065.550, 166
Trd, 000066.250, 170
Trd, 000067.450, 166
Trd, 000068.483, 166
Trd, 000069.133, 171
Trd, 000069.367, 167
Trd, 000071.117, 168
Trd, 000071.750, 168
Trd, 000071.833, 166
Trd, 000072.050, 158
Trd, 000072.267, 154
Trd, 000072.550, 168
Trd, 000072.633, 161
Trd, 000073.667, 165
Trd, 000074.150, 166
Trd, 000074.733, 167
Trd, 000075.550, 169
Trd, 000075.950, 163
Trd, 000077.517, 163
Trd, 000077.933, 166
Trd, 000078.617, 165
Trd, 000078.800, 165
Trd, 000079.467, 164
Trd, 000080.750, 162
Trd, 000081.483, 165
Trd, 000082.000, 165
Trd, 000084.050, 169
Trd, 000084.600, 167
Trd, 000084.717, 168
Trd, 000085.200, 167
Trd, 000086.000, 168
Trd, 000086.417, 167
Trd, 000087.250, 166
Trd, 000088.917, 166
Trd, 000088.967, 165
Trd, 000089.033, 164
Trd, 000089.333, 166
Trd, 000090.567, 165
Trd, 000091.000, 164
Trd, 000091.667, 164
Trd, 000091.800, 165
Trd, 000092.117, 164
Trd, 000092.133, 161
Trd, 000092.417, 161
Trd, 000094.033, 162
Trd, 000095.183, 164
Trd, 000095.200, 165
Trd, 000095.333, 164
Trd, 000097.683, 171
Trd, 000097.767, 175
Trd, 000097.850, 168
Trd, 000099.083, 169
Trd, 000099.250, 164
Trd, 000100.700, 165
Trd, 000101.000, 165
Trd, 000101.467, 165
Trd, 000102.150, 166
Trd, 000102.450, 170
Trd, 000103.650, 165
Trd, 000104.083, 164
Trd, 000105.150, 164
Trd, 000105.417, 164
Trd, 000106.017, 165
Trd, 000106.067, 164
Trd, 000107.067, 161
Trd, 000107.233, 166
Trd, 000107.500, 166
Trd, 000107.783, 157
Trd, 000107.867, 162
Trd, 000109.150, 165
Trd, 000109.550, 164
Trd, 000110.100, 163
Trd, 000111.567, 163
Trd, 000112.183, 163
Trd, 000112.950, 167
Trd, 000113.567, 165
Trd, 000113.983, 167
Trd, 000114.450, 173
Trd, 000115.233, 169
Trd, 000115.983, 168
Trd, 000116.933, 168
Trd, 000117.367, 168
Trd, 000117.533, 175
Trd, 000117.633, 167
Trd, 000119.667, 168
Trd, 000120.517, 167
Trd, 000121.050, 174
Trd, 000121.267, 177
Trd, 000121.467, 184
Trd, 000122.250, 173
Trd, 000122.350, 208
Trd, 000122.767, 212
Trd, 000122.933, 213
Trd, 000123.200, 206
Trd, 000123.633, 188
Trd, 000123.717, 312
Trd, 000124.000, 254
Trd, 000124.317, 320.0
Trd, 000125.767, 331.0
Trd, 000127.783, 330.0
Trd, 000128.883, 331.0
Trd, 000129.333, 344.0
Trd, 000129.750, 336
Trd, 000132.133, 344.0
Trd, 000132.783, 348.0
Trd, 000133.167, 347.0
Trd, 000133.667, 357
Trd, 000133.983, 358
Trd, 000134.500, 349.0
Trd, 000134.917, 350
Trd, 000135.417, 349
Trd, 000135.983, 351
Trd, 000137.150, 355
Trd, 000137.217, 351
Trd, 000137.483, 362.0
Trd, 000138.883, 360.0
Trd, 000139.067, 362
Trd, 000139.217, 359.0
Trd, 000139.450, 358.0
Trd, 000140.850, 358
Trd, 000141.533, 358
Trd, 000141.583, 357
Trd, 000142.100, 358.0
Trd, 000144.367, 353.0
Trd, 000144.817, 355
Trd, 000146.483, 352.0
Trd, 000146.617, 353
Trd, 000147.033, 358
Trd, 000147.900, 359
Trd, 000149.217, 357
Trd, 000149.583, 359.0
Trd, 000150.500, 359.0
Trd, 000150.633, 362
Trd, 000150.917, 359.0
Trd, 000151.317, 360
Trd, 000151.717, 358.0
Trd, 000151.833, 359.0
Trd, 000152.100, 362.0
Trd, 000152.233, 354
Trd, 000154.400, 351
Trd, 000155.017, 357
Trd, 000155.533, 354
Trd, 000155.850, 355
Trd, 000157.733, 361.0
Trd, 000158.417, 356
Trd, 000158.683, 353.0
Trd, 000158.967, 352
Trd, 000160.033, 362.0
Trd, 000160.083, 359.0
Trd, 000160.533, 364
Trd, 000161.350, 362.0
Trd, 000162.600, 359
Trd, 000162.650, 358
Trd, 000164.100, 363
Trd, 000164.550, 356
Trd, 000164.883, 362.0
Trd, 000165.583, 358.0
Trd, 000166.167, 357
Trd, 000166.383, 357
Trd, 000166.467, 358
Trd, 000166.950, 354
Trd, 000168.100, 356
Trd, 000168.550, 355
Trd, 000168.583, 358
Trd, 000169.100, 351.0
Trd, 000172.500, 349
Trd, 000172.850, 359
Trd, 000174.350, 354.0
Trd, 000175.200, 359.0
Trd, 000176.167, 359.0
Trd, 000176.317, 356
Trd, 000176.600, 357.0
Trd, 000177.200, 353
Trd, 000178.100, 358
Trd, 000178.550, 355.0
Trd, 000178.883, 357
Trd, 000179.967, 354.0
Trd, 000180.750, 356.0
Trd, 000180.950, 357
Trd, 000181.083, 351
Trd, 000181.250, 351.0
Trd, 000181.383, 347
Trd, 000181.617, 341.0
Trd, 000182.017, 334.0
Trd, 000182.267, 356
Trd, 000183.083, 332
Trd, 000183.400, 323
Trd, 000183.550, 315
Trd, 000183.583, 226
Trd, 000183.733, 206
Trd, 000184.117, 200
Trd, 000184.200, 188
Trd, 000184.483, 283
Trd, 000185.967, 202
Trd, 000186.533, 193
Trd, 000188.200, 189
Trd, 000188.650, 184
Trd, 000189.550, 186
Trd, 000190.133, 183
Trd, 000190.500, 185
Trd, 000190.683, 186
Trd, 000191.650, 186
Trd, 000191.833, 185
Trd, 000192.400, 182
Trd, 000193.033, 177
Trd, 000193.717, 174
Trd, 000194.300, 175
Trd, 000194.750, 174
Trd, 000195.150, 175
Trd, 000195.350, 174
Trd, 000195.833, 178
Trd, 000196.600, 177
Trd, 000196.800, 182
Trd, 000197.967, 174
Trd, 000198.367, 175
Trd, 000200.500, 176
Trd, 000201.800, 176
Trd, 000202.500, 175
Trd, 000202.850, 176
Trd, 000202.933, 175
Trd, 000203.450, 178
Trd, 000204.183, 178
Trd, 000205.217, 179
Trd, 000205.600, 181
Trd, 000206.300, 179
Trd, 000206.717, 181
Trd, 000206.783, 182
Trd, 000206.800, 181
Trd, 000209.300, 181
Trd, 000209.867, 181
Trd, 000210.433, 179
Trd, 000210.800, 167
Trd, 000211.000, 180
Trd, 000211.067, 183
Trd, 000211.833, 180
Trd, 000212.233, 179
Trd, 000212.533, 181
Trd, 000213.317, 182
Trd, 000215.833, 180
Trd, 000216.783, 183
Trd, 000217.167, 183
Trd, 000217.233, 183
Trd, 000217.550, 183
Trd, 000217.917, 180
Trd, 000218.883, 182
Trd, 000219.417, 180
Trd, 000220.567, 181
Trd, 000220.850, 182
Trd, 000220.933, 182
Trd, 000221.717, 180
Trd, 000221.817, 179
Trd, 000223.433, 179
Trd, 000224.833, 178
Trd, 000225.533, 180
Trd, 000226.133, 180
Trd, 000227.067, 179
Trd, 000227.150, 178
Trd, 000227.400, 180
Trd, 000229.017, 182
Trd, 000229.700, 187
Trd, 000230.217, 182
Trd, 000231.200, 185
Trd, 000232.400, 185
Trd, 000232.650, 183
Trd, 000233.100, 188
Trd, 000233.800, 186
Trd, 000234.100, 186
Trd, 000234.733, 186
Trd, 000236.417, 185
Trd, 000236.450, 181
Trd, 000236.800, 184
Trd, 000237.283, 182
Trd, 000237.483, 170
Trd, 000237.533, 186
Trd, 000240.167, 180
Trd, 000240.217, 180
Trd, 000240.800, 175
Trd, 000241.300, 169
Trd, 000241.433, 170
Trd, 000241.500, 169
Trd, 000241.717, 170
Trd, 000241.933, 169
Trd, 000242.233, 169
Trd, 000242.717, 168
Trd, 000243.450, 171
Trd, 000244.467, 174
Trd, 000245.083, 173
Trd, 000245.117, 169
Trd, 000245.633, 175
Trd, 000245.650, 172
Trd, 000245.767, 171
Trd, 000246.133, 177
Trd, 000247.100, 176
Trd, 000247.300, 176
Trd, 000247.517, 175
Trd, 000247.983, 176
Trd, 000248.500, 179
Trd, 000248.567, 180
Trd, 000249.283, 181
Trd, 000249.667, 183
Trd, 000249.750, 180
Trd, 000250.317, 180
Trd, 000250.650, 180
Trd, 000251.300, 187
Trd, 000251.417, 189
Trd, 000252.100, 190
Trd, 000252.500, 187
Trd, 000252.933, 190
Trd, 000253.050, 188
Trd, 000253.533, 187
Trd, 000253.600, 189
Trd, 000254.533, 193
Trd, 000254.583, 189
Trd, 000255.717, 173
Trd, 000255.983, 174
Trd, 000256.050, 172
Trd, 000256.383, 171
Trd, 000256.533, 174
Trd, 000256.983, 177
Trd, 000258.083, 173
Trd, 000258.483, 183
Trd, 000258.633, 177
Trd, 000258.867, 173
Trd, 000258.950, 172
Trd, 000259.200, 177
Trd, 000259.267, 178
Trd, 000259.383, 171
Trd, 000259.800, 175
Trd, 000260.383, 174
Trd, 000261.017, 192
Trd, 000261.367, 189
Trd, 000261.550, 174
Trd, 000261.683, 194
Trd, 000262.367, 177
Trd, 000263.650, 179
Trd, 000263.783, 171
Trd, 000263.800, 176
Trd, 000264.300, 179
Trd, 000264.717, 177
Trd, 000265.400, 175
Trd, 000265.483, 176
Trd, 000265.900, 173
Trd, 000266.033, 169
Trd, 000266.117, 174
Trd, 000266.867, 170
Trd, 000267.050, 170
Trd, 000267.083, 171
Trd, 000268.100, 163
Trd, 000268.300, 168
Trd, 000268.750, 167
Trd, 000269.883, 172
Trd, 000270.133, 173
Trd, 000270.317, 175
Trd, 000270.667, 177
Trd, 000270.783, 177
Trd, 000270.933, 178
Trd, 000271.650, 177
Trd, 000271.983, 174
Trd, 000272.500, 181
Trd, 000272.800, 168
Trd, 000273.350, 172
Trd, 000273.700, 182
Trd, 000273.917, 179
Trd, 000274.567, 185
Trd, 000274.850, 189
Trd, 000275.383, 189
Trd, 000275.933, 185
Trd, 000276.567, 187
Trd, 000276.917, 186
Trd, 000277.683, 187
Trd, 000277.733, 189
Trd, 000277.800, 185
Trd, 000278.250, 186
Trd, 000278.467, 179
Trd, 000278.883, 182
Trd, 000279.433, 175
Trd, 000279.483, 176
Trd, 000279.900, 185
Trd, 000280.650, 179
Trd, 000281.517, 184
Trd, 000281.550, 183
Trd, 000281.683, 180
Trd, 000282.300, 186
Trd, 000282.600, 187
Trd, 000282.883, 183
Trd, 000283.167, 184
Trd, 000283.550, 190
Trd, 000283.767, 183
Trd, 000284.317, 180
Trd, 000284.350, 188
Trd, 000285.600, 186
Trd, 000285.617, 189
Trd, 000285.667, 192
Trd, 000286.417, 185
Trd, 000286.917, 184
Trd, 000287.167, 192
Trd, 000287.733, 192
Trd, 000287.867, 183
Trd, 000288.950, 183
Trd, 000289.283, 180
Trd, 000290.350, 178
Trd, 000290.567, 179
Trd, 000290.600, 180
Trd, 000290.633, 191
Trd, 000291.200, 181
Trd, 000292.117, 189
Trd, 000292.350, 189
Trd, 000292.683, 183
Trd, 000293.117, 184
Trd, 000293.183, 194
Trd, 000294.267, 192
Trd, 000294.917, 200
Trd, 000295.017, 191
Trd, 000295.050, 191
Trd, 000295.667, 189
Trd, 000296.100, 189
Trd, 000296.133, 187
Trd, 000296.433, 192
Trd, 000296.600, 189
Trd, 000296.900, 189
Trd, 000297.567, 192
Trd, 000298.467, 192
Trd, 000298.767, 193
Trd, 000298.867, 195
