Trd, 000001.550, 121
Trd, 000002.000, 150
Trd, 000002.133, 138
Trd, 000002.417, 151
Trd, 000002.967, 139
Trd, 000003.183, 176
Trd, 000003.733, 152
Trd, 000004.467, 156
Trd, 000004.550, 158
Trd, 000004.833, 154
Trd, 000006.117, 143
Trd, 000007.567, 148
Trd, 000007.633, 149
Trd, 000008.200, 141
Trd, 000008.450, 133
Trd, 000008.583, 143
Trd, 000008.850, 140
Trd, 000009.250, 150
Trd, 000010.717, 144
Trd, 000010.933, 145
Trd, 000010.950, 152
Trd, 000010.967, 143
Trd, 000011.050, 152
Trd, 000011.350, 158
Trd, 000014.267, 147
Trd, 000014.383, 146
Trd, 000015.000, 145
Trd, 000015.333, 144
Trd, 000015.450, 144
Trd, 000015.550, 145
Trd, 000015.733, 152
Trd, 000016.517, 167
Trd, 000016.533, 145
Trd, 000016.917, 145
Trd, 000017.467, 170
Trd, 000017.950, 159
Trd, 000018.467, 161
Trd, 000018.633, 173
Trd, 000020.000, 170
Trd, 000020.067, 172
Trd, 000020.600, 164
Trd, 000020.667, 162
Trd, 000020.767, 162
Trd, 000021.650, 160
Trd, 000021.883, 158
Trd, 000023.283, 164
Trd, 000025.033, 159
Trd, 000025.350, 160
Trd, 000025.683, 152
Trd, 000025.883, 152
Trd, 000025.950, 152
Trd, 000025.983, 149
Trd, 000026.333, 153
Trd, 000026.433, 148
Trd, 000027.867, 153
Trd, 000028.117, 157
Trd, 000028.717, 158
Trd, 000029.050, 165
Trd, 000030.050, 164
Trd, 000030.283, 164
Trd, 000030.500, 161
Trd, 000031.450, 174
Trd, 000031.683, 168
Trd, 000032.050, 161
Trd, 000032.750, 163
Trd, 000033.267, 160
Trd, 000033.483, 161
Trd, 000034.633, 151
Trd, 000034.667, 154
Trd, 000035.567, 154
Trd, 000035.650, 154
Trd, 000036.467, 154
Trd, 000037.667, 152
Trd, 000037.717, 153
Trd, 000037.983, 153
Trd, 000038.150, 152
Trd, 000038.750, 155
Trd, 000039.733, 159
Trd, 000040.433, 159
Trd, 000040.467, 153
Trd, 000041.283, 152
Trd, 000042.600, 151
Trd, 000043.200, 152
Trd, 000043.450, 155
Trd, 000043.667, 156
Trd, 000043.983, 157
Trd, 000045.100, 155
Trd, 000045.300, 159
Trd, 000045.383, 153
Trd, 000045.700, 152
Trd, 000045.833, 148
Trd, 000045.950, 159
Trd, 000046.983, 151
Trd, 000047.383, 153
Trd, 000048.800, 155
Trd, 000049.617, 154
Trd, 000050.300, 153
Trd, 000050.317, 155
Trd, 000051.100, 160
Trd, 000051.717, 154
Trd, 000052.050, 159
Trd, 000053.517, 158
Trd, 000053.617, 161
Trd, 000054.417, 155
Trd, 000055.100, 154
Trd, 000055.600, 154
Trd, 000055.700, 155
Trd, 000056.617, 154
Trd, 000057.483, 155
Trd, 000058.383, 154
Trd, 000058.483, 153
Trd, 000058.567, 153
Trd, 000059.267, 158
Trd, 000059.800, 157
Trd, 000059.833, 159
Trd, 000060.183, 154
Trd, 000060.850, 160
Trd, 000062.233, 153
Trd, 000062.367, 152
Trd, 000062.883, 153
Trd, 000063.050, 156
Trd, 000063.417, 158
Trd, 000063.583, 160
Trd, 000064.350, 160
Trd, 000064.400, 159
Trd, 000065.133, 160
Trd, 000065.550, 161
Trd, 000065.967, 161
Trd, 000066.250, 157
Trd, 000066.300, 158
Trd, 000066.433, 153
Trd, 000067.533, 157
Trd, 000069.117, 157
Trd, 000070.017, 158
Trd, 000070.050, 157
Trd, 000071.767, 158
Trd, 000071.900, 159
Trd, 000072.667, 156
Trd, 000072.700, 155
Trd, 000072.717, 158
Trd, 000074.233, 160
Trd, 000074.683, 162
Trd, 000075.250, 161
Trd, 000075.667, 151
Trd, 000075.733, 155
Trd, 000077.350, 158
Trd, 000077.517, 159
Trd, 000077.567, 161
Trd, 000079.200, 154
Trd, 000080.083, 153
Trd, 000080.117, 154
Trd, 000080.217, 153
Trd, 000080.467, 151
Trd, 000080.533, 156
Trd, 000080.650, 159
Trd, 000080.700, 160
Trd, 000080.983, 149
Trd, 000081.017, 163
Trd, 000082.183, 151
Trd, 000082.350, 150
Trd, 000083.867, 152
Trd, 000084.550, 163
Trd, 000085.800, 157
Trd, 000086.100, 157
Trd, 000086.367, 163
Trd, 000087.033, 152
Trd, 000088.600, 155
Trd, 000089.533, 155
Trd, 000089.850, 155
Trd, 000090.067, 154
Trd, 000090.317, 156
Trd, 000091.033, 154
Trd, 000091.383, 154
Trd, 000091.483, 160
Trd, 000091.500, 161
Trd, 000092.267, 164
Trd, 000092.450, 167
Trd, 000092.750, 153
Trd, 000093.067, 154
Trd, 000093.350, 153
Trd, 000093.933, 155
Trd, 000094.733, 156
Trd, 000094.950, 158
Trd, 000096.067, 157
Trd, 000096.100, 157
Trd, 000096.517, 158
Trd, 000097.833, 159
Trd, 000097.967, 158
Trd, 000098.283, 159
Trd, 000098.683, 156
Trd, 000098.817, 160
Trd, 000098.967, 167
Trd, 000101.183, 157
Trd, 000102.033, 156
Trd, 000102.100, 156
Trd, 000102.667, 155
Trd, 000102.950, 155
Trd, 000103.333, 156
Trd, 000103.783, 157
Trd, 000103.950, 157
Trd, 000104.583, 156
Trd, 000105.883, 157
Trd, 000106.100, 158
Trd, 000106.767, 154
Trd, 000106.817, 155
Trd, 000106.933, 155
Trd, 000107.883, 161
Trd, 000108.200, 162
Trd, 000108.950, 153
Trd, 000110.050, 153
Trd, 000111.583, 159
Trd, 000111.717, 158
Trd, 000111.833, 157
Trd, 000112.917, 155
Trd, 000113.150, 155
Trd, 000114.150, 156
Trd, 000114.967, 155
Trd, 000115.017, 154
Trd, 000115.967, 155
Trd, 000116.000, 156
Trd, 000116.700, 153
Trd, 000117.250, 154
Trd, 000117.900, 153
Trd, 000117.967, 154
Trd, 000118.550, 152
Trd, 000119.800, 153
Trd, 000120.183, 153
Trd, 000120.333, 155
Trd, 000121.467, 155
Trd, 000121.550, 156
Trd, 000121.650, 152
Trd, 000121.817, 152
Trd, 000122.100, 163
Trd, 000122.200, 170
Trd, 000122.650, 184
Trd, 000122.733, 194
Trd, 000122.833, 244
Trd, 000122.867, 320.0
Trd, 000123.167, 322
Trd, 000124.317, 331.0
Trd, 000124.417, 334.0
Trd, 000125.067, 309
Trd, 000125.667, 310
Trd, 000127.867, 350
Trd, 000127.883, 348
Trd, 000128.667, 334.0
Trd, 000128.883, 345
Trd, 000129.367, 347.0
Trd, 000129.950, 349.0
Trd, 000130.450, 338
Trd, 000131.333, 338
Trd, 000132.017, 343.0
Trd, 000132.283, 342
Trd, 000132.383, 339
Trd, 000132.883, 341.0
Trd, 000133.633, 344.0
Trd, 000133.800, 342
Trd, 000134.183, 346
Trd, 000134.433, 342
Trd, 000134.800, 351.0
Trd, 000135.867, 348
Trd, 000136.317, 354
Trd, 000136.800, 355
Trd, 000137.767, 344
Trd, 000138.550, 345
Trd, 000138.833, 345
Trd, 000139.650, 350.0
Trd, 000140.750, 346
Trd, 000140.917, 346
Trd, 000142.183, 344
Trd, 000142.617, 350
Trd, 000142.850, 347
Trd, 000143.617, 346
Trd, 000144.067, 347
Trd, 000144.183, 354
Trd, 000144.233, 346
Trd, 000144.683, 351.0
Trd, 000144.733, 345
Trd, 000145.567, 352
Trd, 000146.050, 353
Trd, 000147.617, 345
Trd, 000147.633, 345
Trd, 000148.200, 351.0
Trd, 000148.533, 353
Trd, 000149.567, 346
Trd, 000149.750, 353
Trd, 000152.217, 349
Trd, 000152.817, 345
Trd, 000153.017, 349
Trd, 000153.333, 347
Trd, 000153.900, 346
Trd, 000154.017, 342
Trd, 000154.483, 346
Trd, 000155.067, 344
Trd, 000155.650, 343
Trd, 000157.867, 341
Trd, 000157.967, 340
Trd, 000158.200, 339
Trd, 000158.283, 338
Trd, 000158.717, 340
Trd, 000158.767, 346
Trd, 000159.050, 350
Trd, 000160.133, 342
Trd, 000161.117, 349
Trd, 000161.867, 351.0
Trd, 000162.600, 352
Trd, 000165.000, 343
Trd, 000165.317, 344
Trd, 000165.750, 341.0
Trd, 000166.000, 339
Trd, 000166.183, 340
Trd, 000166.550, 347
Trd, 000167.050, 339
Trd, 000168.133, 351.0
Trd, 000168.233, 355
Trd, 000169.267, 341
Trd, 000169.933, 340
Trd, 000171.717, 339
Trd, 000172.550, 341
Trd, 000173.317, 341
Trd, 000173.350, 341.0
Trd, 000173.783, 340
Trd, 000173.833, 342
Trd, 000174.317, 344
Trd, 000174.450, 342
Trd, 000174.750, 339
Trd, 000174.900, 355
Trd, 000175.417, 357.0
Trd, 000176.933, 351.0
Trd, 000177.367, 358.0
Trd, 000178.017, 362
Trd, 000178.267, 343
Trd, 000180.050, 354
Trd, 000181.017, 351.0
Trd, 000181.550, 348
Trd, 000181.833, 346
Trd, 000181.850, 345
Trd, 000182.683, 337
Trd, 000182.750, 349
Trd, 000182.883, 331.0
Trd, 000183.217, 324.0
Trd, 000183.400, 313.0
Trd, 000183.733, 284
Trd, 000184.250, 273
Trd, 000184.583, 214
Trd, 000185.000, 203
Trd, 000186.483, 203
Trd, 000186.917, 201
Trd, 000188.317, 190
Trd, 000188.467, 192
Trd, 000188.550, 187
Trd, 000189.567, 180
Trd, 000189.583, 178
Trd, 000190.317, 185
Trd, 000190.433, 178
Trd, 000190.467, 178
Trd, 000191.250, 181
Trd, 000191.667, 181
Trd, 000192.583, 175
Trd, 000193.417, 175
Trd, 000193.533, 174
Trd, 000193.767, 174
Trd, 000194.233, 173
Trd, 000194.267, 172
Trd, 000194.433, 170
Trd, 000194.517, 173
Trd, 000194.600, 168
Trd, 000195.467, 173
Trd, 000196.517, 167
Trd, 000197.150, 168
Trd, 000197.467, 174
Trd, 000198.100, 171
Trd, 000198.417, 167
Trd, 000198.967, 171
Trd, 000199.150, 171
Trd, 000199.700, 167
Trd, 000199.800, 167
Trd, 000201.317, 167
Trd, 000201.417, 168
Trd, 000201.667, 164
Trd, 000202.983, 167
Trd, 000203.100, 166
Trd, 000203.633, 163
Trd, 000204.550, 166
Trd, 000205.133, 168
Trd, 000205.750, 170
Trd, 000205.883, 171
Trd, 000208.150, 168
Trd, 000208.633, 166
Trd, 000208.983, 165
Trd, 000209.017, 166
Trd, 000209.317, 164
Trd, 000209.867, 163
Trd, 000210.683, 164
Trd, 000210.867, 165
Trd, 000211.267, 176
Trd, 000213.100, 166
Trd, 000214.033, 164
Trd, 000214.200, 160
Trd, 000214.600, 166
Trd, 000215.233, 163
Trd, 000215.433, 163
Trd, 000216.067, 162
Trd, 000216.100, 164
Trd, 000216.400, 162
Trd, 000216.633, 166
Trd, 000216.933, 176
Trd, 000217.183, 173
Trd, 000217.533, 188
Trd, 000217.917, 193
Trd, 000218.500, 173
Trd, 000218.883, 178
Trd, 000219.567, 175
Trd, 000219.650, 180
Trd, 000221.167, 181
Trd, 000221.767, 175
Trd, 000222.100, 181
Trd, 000223.067, 174
Trd, 000223.300, 172
Trd, 000223.350, 173
Trd, 000223.683, 170
Trd, 000224.850, 169
Trd, 000225.400, 165
Trd, 000226.100, 170
Trd, 000226.400, 169
Trd, 000226.733, 174
Trd, 000227.333, 172
Trd, 000229.083, 171
Trd, 000229.200, 170
Trd, 000229.417, 172
Trd, 000230.067, 170
Trd, 000231.133, 169
Trd, 000231.333, 169
Trd, 000231.350, 170
Trd, 000231.583, 169
Trd, 000231.800, 176
Trd, 000232.183, 167
Trd, 000232.417, 160
Trd, 000232.483, 154
Trd, 000232.600, 166
Trd, 000233.083, 178
Trd, 000233.633, 180
Trd, 000234.833, 181
Trd, 000235.567, 181
Trd, 000236.033, 183
Trd, 000237.033, 181
Trd, 000238.350, 180
Trd, 000238.400, 182
Trd, 000239.033, 183
Trd, 000239.117, 179
Trd, 000239.767, 179
Trd, 000240.683, 179
Trd, 000240.800, 178
Trd, 000241.000, 177
Trd, 000241.283, 182
Trd, 000241.517, 177
Trd, 000241.817, 173
Trd, 000242.883, 180
Trd, 000243.100, 177
Trd, 000243.500, 177
Trd, 000244.050, 179
Trd, 000244.433, 176
Trd, 000245.083, 182
Trd, 000245.750, 189
Trd, 000246.483, 178
Trd, 000246.967, 181
Trd, 000247.583, 183
Trd, 000248.183, 182
Trd, 000248.900, 175
Trd, 000249.617, 172
Trd, 000249.733, 173
Trd, 000250.017, 173
Trd, 000250.367, 176
Trd, 000250.683, 180
Trd, 000250.967, 176
Trd, 000251.867, 181
Trd, 000252.000, 182
Trd, 000252.250, 183
Trd, 000252.417, 190
Trd, 000252.450, 176
Trd, 000253.033, 189
Trd, 000253.100, 180
Trd, 000253.250, 176
Trd, 000254.183, 190
Trd, 000254.617, 187
Trd, 000254.967, 179
Trd, 000255.183, 189
Trd, 000255.867, 189
Trd, 000256.900, 192
Trd, 000257.383, 191
Trd, 000257.517, 183
Trd, 000258.200, 182
Trd, 000258.283, 181
Trd, 000258.700, 182
Trd, 000259.083, 182
Trd, 000259.617, 183
Trd, 000259.850, 181
Trd, 000260.867, 180
Trd, 000262.383, 179
Trd, 000262.417, 181
Trd, 000263.167, 181
Trd, 000263.550, 179
Trd, 000263.833, 179
Trd, 000263.933, 182
Trd, 000264.317, 182
Trd, 000264.483, 183
Trd, 000265.600, 177
Trd, 000265.733, 181
Trd, 000265.850, 181
Trd, 000266.367, 175
Trd, 000266.750, 183
Trd, 000267.383, 180
Trd, 000268.133, 182
Trd, 000268.783, 180
Trd, 000268.817, 183
Trd, 000269.617, 179
Trd, 000270.300, 180
Trd, 000271.550, 180
Trd, 000271.733, 182
Trd, 000271.867, 183
Trd, 000271.917, 175
Trd, 000272.133, 174
Trd, 000272.217, 187
Trd, 000272.333, 185
Trd, 000273.600, 178
Trd, 000274.000, 182
Trd, 000274.067, 177
Trd, 000274.233, 176
Trd, 000274.333, 182
Trd, 000274.750, 183
Trd, 000274.767, 174
Trd, 000276.200, 176
Trd, 000277.783, 176
Trd, 000278.450, 180
Trd, 000278.650, 179
Trd, 000278.967, 178
Trd, 000279.800, 178
Trd, 000279.883, 175
Trd, 000279.933, 179
Trd, 000280.150, 179
Trd, 000280.383, 179
Trd, 000281.233, 171
Trd, 000281.283, 183
Trd, 000281.367, 186
Trd, 000282.700, 177
Trd, 000282.983, 178
Trd, 000283.083, 177
Trd, 000283.617, 180
Trd, 000283.750, 183
Trd, 000283.850, 174
Trd, 000285.633, 181
Trd, 000286.033, 179
Trd, 000286.133, 179
Trd, 000286.317, 182
Trd, 000286.883, 193
Trd, 000286.900, 191
Trd, 000287.300, 181
Trd, 000287.550, 183
Trd, 000288.167, 186
Trd, 000289.433, 187
Trd, 000289.883, 187
Trd, 000290.500, 187
Trd, 000290.617, 184
Trd, 000290.683, 193
Trd, 000290.833, 184
Trd, 000292.567, 186
Trd, 000293.700, 180
Trd, 000293.833, 182
Trd, 000293.967, 172
Trd, 000294.183, 183
Trd, 000295.050, 177
Trd, 000295.200, 179
Trd, 000295.500, 180
Trd, 000295.900, 182
Trd, 000296.100, 176
Trd, 000296.333, 181
Trd, 000296.350, 184
Trd, 000296.450, 176
Trd, 000296.667, 173
Trd, 000297.367, 185
Trd, 000297.550, 181
Trd, 000297.817, 186
Trd, 000298.183, 187
Trd, 000298.600, 188
