Trd, 000000.717, 152
Trd, 000001.983, 152
Trd, 000002.750, 156
Trd, 000003.167, 165
Trd, 000003.283, 140
Trd, 000003.317, 168
Trd, 000004.033, 155
Trd, 000006.050, 162
Trd, 000006.617, 154
Trd, 000008.367, 160
Trd, 000009.333, 159
Trd, 000009.583, 160
Trd, 000009.883, 163
Trd, 000010.167, 158
Trd, 000010.200, 158
Trd, 000010.383, 156
Trd, 000011.083, 160
Trd, 000011.117, 161
Trd, 000011.200, 156
Trd, 000012.167, 163
Trd, 000012.683, 157
Trd, 000013.600, 156
Trd, 000013.833, 158
Trd, 000014.400, 160
Trd, 000014.600, 155
Trd, 000014.800, 155
Trd, 000014.933, 161
Trd, 000015.550, 164
Trd, 000015.800, 146
Trd, 000015.933, 154
Trd, 000017.400, 164
Trd, 000017.600, 155
Trd, 000019.633, 157
Trd, 000019.767, 162
Trd, 000021.283, 157
Trd, 000021.317, 157
Trd, 000021.850, 159
Trd, 000021.950, 155
Trd, 000022.667, 159
Trd, 000023.383, 154
Trd, 000023.633, 143
Trd, 000024.350, 150
Trd, 000024.567, 150
Trd, 000024.767, 149
Trd, 000024.800, 151
Trd, 000025.117, 157
Trd, 000028.050, 151
Trd, 000028.133, 150
Trd, 000028.317, 150
Trd, 000028.383, 154
Trd, 000028.583, 151
Trd, 000028.733, 149
Trd, 000029.517, 152
Trd, 000029.550, 155
Trd, 000030.833, 154
Trd, 000031.033, 155
Trd, 000031.050, 153
Trd, 000031.300, 149
Trd, 000031.883, 158
Trd, 000032.800, 163
Trd, 000032.817, 154
Trd, 000033.817, 167
Trd, 000034.500, 162
Trd, 000034.733, 156
Trd, 000035.567, 155
Trd, 000036.117, 154
Trd, 000036.850, 155
Trd, 000037.617, 151
Trd, 000037.650, 153
Trd, 000037.850, 150
Trd, 000039.417, 152
Trd, 000039.633, 153
Trd, 000039.917, 151
Trd, 000041.083, 151
Trd, 000041.750, 150
Trd, 000041.967, 152
Trd, 000042.550, 152
Trd, 000042.750, 154
Trd, 000042.983, 155
Trd, 000043.067, 153
Trd, 000043.117, 151
Trd, 000043.200, 160
Trd, 000045.333, 153
Trd, 000045.900, 152
Trd, 000046.633, 151
Trd, 000047.783, 151
Trd, 000047.817, 153
Trd, 000048.033, 156
Trd, 000048.350, 150
Trd, 000048.467, 150
Trd, 000049.183, 159
Trd, 000049.300, 169
Trd, 000049.650, 152
Trd, 000050.750, 158
Trd, 000052.017, 158
Trd, 000052.300, 157
Trd, 000052.967, 157
Trd, 000053.033, 158
Trd, 000053.050, 149
Trd, 000053.617, 156
Trd, 000053.933, 156
Trd, 000054.900, 159
Trd, 000055.050, 159
Trd, 000056.117, 159
Trd, 000056.567, 160
Trd, 000056.850, 159
Trd, 000057.000, 161
Trd, 000057.850, 157
Trd, 000058.300, 157
Trd, 000058.533, 158
Trd, 000058.617, 156
Trd, 000059.233, 155
Trd, 000059.767, 158
Trd, 000060.367, 157
Trd, 000061.100, 156
Trd, 000061.450, 156
Trd, 000061.717, 153
Trd, 000062.550, 154
Trd, 000063.233, 154
Trd, 000064.133, 154
Trd, 000064.217, 153
Trd, 000065.000, 153
Trd, 000065.333, 156
Trd, 000065.350, 157
Trd, 000066.967, 156
Trd, 000067.583, 153
Trd, 000067.750, 153
Trd, 000068.150, 160
Trd, 000069.233, 156
Trd, 000069.433, 158
Trd, 000069.783, 156
Trd, 000070.717, 159
Trd, 000070.850, 160
Trd, 000071.433, 162
Trd, 000073.667, 158
Trd, 000073.800, 158
Trd, 000074.017, 157
Trd, 000074.033, 159
Trd, 000074.150, 162
Trd, 000074.517, 182
Trd, 000075.150, 162
Trd, 000075.367, 160
Trd, 000077.433, 162
Trd, 000078.183, 160
Trd, 000078.300, 159
Trd, 000078.667, 159
Trd, 000079.050, 159
Trd, 000079.183, 159
Trd, 000079.333, 159
Trd, 000079.367, 160
Trd, 000079.633, 160
Trd, 000079.883, 163
Trd, 000080.267, 158
Trd, 000081.217, 163
Trd, 000081.967, 158
Trd, 000082.767, 172
Trd, 000083.317, 161
Trd, 000084.383, 160
Trd, 000085.250, 159
Trd, 000085.500, 159
Trd, 000086.017, 161
Trd, 000086.183, 160
Trd, 000087.250, 159
Trd, 000087.383, 159
Trd, 000087.950, 158
Trd, 000088.200, 162
Trd, 000088.300, 164
Trd, 000088.817, 160
Trd, 000089.017, 160
Trd, 000090.000, 162
Trd, 000090.617, 162
Trd, 000090.900, 164
Trd, 000091.117, 161
Trd, 000091.350, 161
Trd, 000092.183, 160
Trd, 000092.350, 160
Trd, 000092.567, 161
Trd, 000092.700, 159
Trd, 000092.983, 161
Trd, 000093.300, 160
Trd, 000094.800, 157
Trd, 000095.600, 158
Trd, 000096.383, 150
Trd, 000096.650, 158
Trd, 000097.467, 155
Trd, 000097.883, 156
Trd, 000098.367, 161
Trd, 000098.450, 164
Trd, 000099.117, 172
Trd, 000100.133, 170
Trd, 000100.300, 171
Trd, 000101.233, 164
Trd, 000101.600, 164
Trd, 000102.033, 161
Trd, 000102.400, 161
Trd, 000102.550, 160
Trd, 000103.350, 160
Trd, 000103.533, 160
Trd, 000103.883, 161
Trd, 000104.483, 159
Trd, 000105.600, 160
Trd, 000106.250, 159
Trd, 000106.483, 161
Trd, 000106.533, 162
Trd, 000107.600, 162
Trd, 000108.133, 162
Trd, 000109.167, 159
Trd, 000109.783, 159
Trd, 000110.883, 161
Trd, 000110.900, 162
Trd, 000111.533, 161
Trd, 000111.833, 159
Trd, 000112.000, 161
Trd, 000112.333, 161
Trd, 000112.500, 158
Trd, 000112.517, 155
Trd, 000112.867, 162
Trd, 000113.483, 167
Trd, 000115.517, 162
Trd, 000115.883, 162
Trd, 000115.983, 162
Trd, 000117.033, 161
Trd, 000117.733, 161
Trd, 000118.200, 164
Trd, 000119.183, 162
Trd, 000120.383, 162
Trd, 000120.617, 161
Trd, 000121.100, 162
Trd, 000121.150, 161
Trd, 000121.850, 160
Trd, 000122.550, 162
Trd, 000122.683, 163
Trd, 000122.950, 177
Trd, 000123.100, 187
Trd, 000123.533, 208
Trd, 000123.983, 208
Trd, 000124.100, 274
Trd, 000124.633, 272
Trd, 000125.000, 274
Trd, 000125.367, 300
Trd, 000126.050, 303.0
Trd, 000127.283, 311
Trd, 000127.433, 320.0
Trd, 000127.633, 324.0
Trd, 000128.183, 303.0
Trd, 000129.283, 323
Trd, 000129.550, 340.0
Trd, 000130.683, 333
Trd, 000131.450, 332
Trd, 000132.633, 332
Trd, 000133.083, 337
Trd, 000133.867, 337
Trd, 000134.100, 333
Trd, 000134.850, 334
Trd, 000135.083, 333
Trd, 000136.050, 338
Trd, 000136.500, 334.0
Trd, 000137.300, 335
Trd, 000137.333, 334.0
Trd, 000137.533, 345.0
Trd, 000137.883, 343
Trd, 000139.600, 353
Trd, 000139.917, 354
Trd, 000140.567, 348
Trd, 000141.133, 346
Trd, 000141.467, 345
Trd, 000141.883, 348
Trd, 000142.100, 346
Trd, 000142.183, 345
Trd, 000142.600, 343
Trd, 000143.700, 346
Trd, 000144.033, 345
Trd, 000144.367, 346
Trd, 000144.767, 347
Trd, 000145.883, 346
Trd, 000145.950, 347
Trd, 000146.433, 348
Trd, 000146.683, 347
Trd, 000148.667, 348.0
Trd, 000148.783, 349.0
Trd, 000150.817, 347.0
Trd, 000151.083, 345.0
Trd, 000151.267, 344.0
Trd, 000151.283, 343
Trd, 000152.417, 348.0
Trd, 000152.733, 348
Trd, 000153.600, 346
Trd, 000154.267, 347.0
Trd, 000155.050, 346
Trd, 000155.133, 348.0
Trd, 000155.217, 345
Trd, 000155.717, 351.0
Trd, 000155.817, 345
Trd, 000156.400, 351
Trd, 000157.733, 349
Trd, 000157.767, 344
Trd, 000158.633, 349.0
Trd, 000159.433, 351.0
Trd, 000159.617, 345.0
Trd, 000161.517, 348
Trd, 000162.133, 348
Trd, 000162.517, 348
Trd, 000163.083, 347
Trd, 000163.483, 347
Trd, 000163.600, 348.0
Trd, 000164.083, 349
Trd, 000164.500, 350
Trd, 000164.650, 351
Trd, 000165.467, 346
Trd, 000166.750, 354
Trd, 000167.317, 350
Trd, 000167.450, 348
Trd, 000168.067, 345
Trd, 000168.500, 351.0
Trd, 000168.850, 344.0
Trd, 000170.067, 351
Trd, 000170.650, 349
Trd, 000170.733, 345
Trd, 000170.817, 345
Trd, 000171.833, 344
Trd, 000172.583, 347
Trd, 000173.167, 349
Trd, 000173.300, 345
Trd, 000173.933, 345
Trd, 000174.517, 346
Trd, 000175.333, 345.0
Trd, 000175.617, 351
Trd, 000175.767, 344.0
Trd, 000176.567, 350.0
Trd, 000177.233, 347
Trd, 000178.267, 347.0
Trd, 000178.517, 346
Trd, 000178.633, 347.0
Trd, 000178.950, 345
Trd, 000179.083, 345
Trd, 000179.850, 348.0
Trd, 000180.150, 341
Trd, 000180.883, 351.0
Trd, 000180.967, 365.0
Trd, 000181.633, 340
Trd, 000181.683, 339
Trd, 000181.817, 338
Trd, 000182.133, 337.0
Trd, 000182.667, 324.0
Trd, 000183.050, 318
Trd, 000183.200, 290
Trd, 000183.333, 341
Trd, 000183.700, 206
Trd, 000184.367, 217
Trd, 000184.850, 202
Trd, 000185.217, 199
Trd, 000185.333, 173
Trd, 000186.083, 172
Trd, 000186.417, 171
Trd, 000187.000, 183
Trd, 000187.367, 184
Trd, 000188.100, 174
Trd, 000188.283, 169
Trd, 000189.050, 180
Trd, 000189.733, 173
Trd, 000190.183, 181
Trd, 000190.700, 172
Trd, 000191.083, 172
Trd, 000192.183, 174
Trd, 000192.317, 176
Trd, 000192.833, 175
Trd, 000193.533, 177
Trd, 000194.583, 174
Trd, 000194.683, 175
Trd, 000195.450, 174
Trd, 000195.933, 173
Trd, 000196.283, 174
Trd, 000196.433, 171
Trd, 000196.567, 163
Trd, 000196.650, 154
Trd, 000196.717, 165
Trd, 000197.350, 168
Trd, 000197.717, 169
Trd, 000197.800, 168
Trd, 000198.233, 175
Trd, 000198.467, 167
Trd, 000201.100, 172
Trd, 000201.783, 168
Trd, 000202.417, 168
Trd, 000202.867, 169
Trd, 000203.833, 170
Trd, 000205.083, 174
Trd, 000205.117, 175
Trd, 000205.417, 173
Trd, 000205.717, 177
Trd, 000206.133, 167
Trd, 000206.650, 175
Trd, 000207.150, 169
Trd, 000208.317, 172
Trd, 000209.533, 172
Trd, 000209.767, 171
Trd, 000210.117, 169
Trd, 000210.183, 169
Trd, 000211.533, 169
Trd, 000212.550, 169
Trd, 000212.850, 170
Trd, 000212.867, 167
Trd, 000213.333, 169
Trd, 000214.250, 167
Trd, 000214.400, 174
Trd, 000214.583, 176
Trd, 000215.300, 176
Trd, 000217.750, 172
Trd, 000217.883, 170
Trd, 000218.250, 170
Trd, 000218.383, 168
Trd, 000219.633, 167
Trd, 000219.817, 167
Trd, 000220.567, 174
Trd, 000220.900, 168
Trd, 000221.050, 172
Trd, 000221.333, 172
Trd, 000223.467, 172
Trd, 000223.800, 170
Trd, 000223.933, 168
Trd, 000224.367, 168
Trd, 000224.550, 172
Trd, 000226.250, 167
Trd, 000226.767, 170
Trd, 000226.867, 170
Trd, 000227.000, 171
Trd, 000227.350, 170
Trd, 000229.300, 169
Trd, 000229.950, 168
Trd, 000230.667, 170
Trd, 000230.850, 169
Trd, 000231.033, 169
Trd, 000231.500, 169
Trd, 000231.800, 171
Trd, 000231.900, 169
Trd, 000232.033, 167
Trd, 000232.483, 167
Trd, 000233.317, 168
Trd, 000233.933, 166
Trd, 000234.283, 170
Trd, 000234.833, 169
Trd, 000235.433, 169
Trd, 000235.633, 167
Trd, 000236.850, 169
Trd, 000237.017, 171
Trd, 000237.167, 174
Trd, 000237.517, 167
Trd, 000239.000, 170
Trd, 000239.583, 169
Trd, 000239.767, 169
Trd, 000239.783, 170
Trd, 000240.817, 168
Trd, 000240.850, 169
Trd, 000241.117, 175
Trd, 000241.233, 173
Trd, 000241.833, 174
Trd, 000241.917, 172
Trd, 000242.083, 171
Trd, 000242.567, 171
Trd, 000243.017, 170
Trd, 000243.300, 173
Trd, 000243.667, 176
Trd, 000244.200, 178
Trd, 000245.867, 173
Trd, 000246.000, 173
Trd, 000246.283, 176
Trd, 000247.683, 171
Trd, 000249.183, 172
Trd, 000249.233, 171
Trd, 000249.517, 171
Trd, 000249.533, 176
Trd, 000250.350, 173
Trd, 000250.483, 170
Trd, 000250.617, 170
Trd, 000250.967, 169
Trd, 000251.583, 169
Trd, 000251.650, 168
Trd, 000252.350, 167
Trd, 000252.550, 166
Trd, 000253.133, 168
Trd, 000253.800, 167
Trd, 000254.550, 170
Trd, 000255.050, 168
Trd, 000255.617, 170
Trd, 000255.900, 170
Trd, 000256.117, 169
Trd, 000256.567, 169
Trd, 000256.883, 169
Trd, 000257.350, 172
Trd, 000257.633, 168
Trd, 000257.983, 170
Trd, 000258.150, 172
Trd, 000258.617, 170
Trd, 000258.933, 168
Trd, 000259.183, 167
Trd, 000260.300, 168
Trd, 000261.683, 168
Trd, 000261.800, 169
Trd, 000261.933, 168
Trd, 000262.783, 167
Trd, 000262.800, 168
Trd, 000263.150, 165
Trd, 000263.233, 168
Trd, 000263.717, 164
Trd, 000264.317, 163
Trd, 000264.867, 169
Trd, 000266.067, 166
Trd, 000266.683, 167
Trd, 000266.833, 168
Trd, 000267.550, 169
Trd, 000268.000, 170
Trd, 000268.100, 166
Trd, 000269.017, 169
Trd, 000269.567, 168
Trd, 000269.967, 167
Trd, 000271.100, 171
Trd, 000271.750, 172
Trd, 000272.450, 172
Trd, 000272.783, 173
Trd, 000274.250, 172
Trd, 000274.450, 172
Trd, 000274.983, 172
Trd, 000275.200, 173
Trd, 000276.233, 172
Trd, 000276.467, 172
Trd, 000277.000, 171
Trd, 000278.333, 174
Trd, 000278.950, 175
Trd, 000279.167, 178
Trd, 000279.217, 172
Trd, 000279.550, 172
Trd, 000279.667, 171
Trd, 000280.317, 171
Trd, 000280.400, 172
Trd, 000281.183, 172
Trd, 000281.517, 176
Trd, 000282.233, 172
Trd, 000282.633, 171
Trd, 000283.033, 173
Trd, 000283.117, 167
Trd, 000283.800, 171
Trd, 000283.850, 179
Trd, 000284.850, 171
Trd, 000284.867, 177
Trd, 000286.133, 172
Trd, 000286.367, 172
Trd, 000286.850, 173
Trd, 000286.950, 173
Trd, 000287.217, 172
Trd, 000287.250, 171
Trd, 000287.467, 176
Trd, 000288.783, 173
Trd, 000290.367, 174
Trd, 000290.400, 172
Trd, 000290.617, 174
Trd, 000290.933, 175
Trd, 000291.750, 173
Trd, 000292.683, 173
Trd, 000292.800, 172
Trd, 000293.250, 171
Trd, 000293.667, 172
Trd, 000293.967, 172
Trd, 000294.033, 171
Trd, 000294.350, 169
Trd, 000295.000, 173
Trd, 000297.083, 174
Trd, 000297.350, 178
Trd, 000297.567, 182
Trd, 000297.817, 173
Trd, 000298.583, 173
Trd, 000298.617, 171
