Trd, 000001.150, 141
Trd, 000001.683, 122
Trd, 000002.333, 162
Trd, 000002.867, 175
Trd, 000004.050, 177
Trd, 000004.200, 179
Trd, 000004.250, 176
Trd, 000004.383, 158
Trd, 000005.467, 144
Trd, 000005.500, 176
Trd, 000006.750, 156
Trd, 000006.900, 158
Trd, 000007.633, 159
Trd, 000008.250, 155
Trd, 000009.783, 159
Trd, 000010.000, 159
Trd, 000010.500, 158
Trd, 000011.383, 153
Trd, 000011.533, 153
Trd, 000013.283, 149
Trd, 000013.350, 152
Trd, 000013.417, 145
Trd, 000014.050, 153
Trd, 000014.767, 150
Trd, 000015.283, 163
Trd, 000015.383, 160
Trd, 000015.667, 148
Trd, 000015.683, 176
Trd, 000018.750, 154
Trd, 000019.000, 157
Trd, 000019.233, 156
Trd, 000019.367, 155
Trd, 000019.750, 155
Trd, 000019.983, 146
Trd, 000021.250, 150
Trd, 000021.867, 145
Trd, 000022.017, 146
Trd, 000022.200, 157
Trd, 000022.583, 145
Trd, 000022.800, 155
Trd, 000022.817, 164
Trd, 000023.067, 143
Trd, 000023.217, 143
Trd, 000023.433, 143
Trd, 000025.567, 151
Trd, 000025.600, 153
Trd, 000025.700, 150
Trd, 000026.017, 154
Trd, 000026.233, 153
Trd, 000026.900, 155
Trd, 000026.933, 157
Trd, 000028.583, 154
Trd, 000029.217, 156
Trd, 000029.800, 155
Trd, 000030.350, 155
Trd, 000030.517, 146
Trd, 000032.333, 148
Trd, 000032.367, 150
Trd, 000032.383, 148
Trd, 000032.650, 147
Trd, 000033.483, 146
Trd, 000034.033, 145
Trd, 000034.450, 154
Trd, 000034.833, 140
Trd, 000035.167, 158
Trd, 000035.267, 165
Trd, 000036.717, 156
Trd, 000037.367, 156
Trd, 000037.767, 179
Trd, 000038.317, 163
Trd, 000039.100, 160
Trd, 000039.117, 158
Trd, 000039.183, 162
Trd, 000039.233, 157
Trd, 000039.450, 154
Trd, 000039.583, 164
Trd, 000040.300, 188
Trd, 000040.383, 147
Trd, 000040.983, 176
Trd, 000042.617, 173
Trd, 000043.667, 167
Trd, 000043.883, 169
Trd, 000044.417, 167
Trd, 000045.467, 166
Trd, 000045.867, 167
Trd, 000046.067, 167
Trd, 000046.183, 164
Trd, 000046.233, 147
Trd, 000046.667, 167
Trd, 000046.967, 164
Trd, 000047.017, 179
Trd, 000048.017, 151
Trd, 000048.217, 148
Trd, 000049.967, 154
Trd, 000050.633, 154
Trd, 000050.933, 154
Trd, 000051.717, 153
Trd, 000052.100, 152
Trd, 000052.350, 153
Trd, 000053.050, 153
Trd, 000053.083, 160
Trd, 000053.400, 161
Trd, 000053.550, 153
Trd, 000053.883, 168
Trd, 000054.167, 170
Trd, 000054.617, 149
Trd, 000056.083, 180
Trd, 000056.400, 153
Trd, 000057.033, 150
Trd, 000057.117, 148
Trd, 000058.133, 168
Trd, 000058.483, 155
Trd, 000059.650, 159
Trd, 000060.567, 161
Trd, 000061.683, 164
Trd, 000062.100, 163
Trd, 000062.617, 160
Trd, 000063.117, 160
Trd, 000063.183, 152
Trd, 000063.567, 161
Trd, 000063.700, 161
Trd, 000064.600, 159
Trd, 000065.150, 158
Trd, 000065.333, 158
Trd, 000067.033, 156
Trd, 000067.817, 155
Trd, 000068.350, 156
Trd, 000069.083, 156
Trd, 000069.267, 156
Trd, 000070.200, 160
Trd, 000070.567, 160
Trd, 000070.750, 150
Trd, 000071.883, 159
Trd, 000072.867, 154
Trd, 000073.150, 159
Trd, 000074.033, 151
Trd, 000074.050, 162
Trd, 000075.150, 159
Trd, 000075.600, 154
Trd, 000076.717, 155
Trd, 000077.217, 150
Trd, 000077.767, 148
Trd, 000077.983, 152
Trd, 000079.033, 153
Trd, 000079.083, 154
Trd, 000079.133, 155
Trd, 000079.300, 160
Trd, 000080.967, 159
Trd, 000081.183, 159
Trd, 000081.317, 158
Trd, 000082.117, 163
Trd, 000082.417, 187
Trd, 000083.700, 160
Trd, 000084.617, 160
Trd, 000084.650, 168
Trd, 000085.350, 169
Trd, 000085.583, 168
Trd, 000086.733, 164
Trd, 000087.300, 165
Trd, 000087.333, 166
Trd, 000087.633, 166
Trd, 000087.833, 163
Trd, 000090.033, 163
Trd, 000090.083, 162
Trd, 000090.267, 163
Trd, 000090.500, 164
Trd, 000091.050, 161
Trd, 000091.767, 163
Trd, 000092.800, 161
Trd, 000092.833, 160
Trd, 000094.267, 158
Trd, 000094.350, 160
Trd, 000094.933, 157
Trd, 000095.233, 162
Trd, 000095.817, 164
Trd, 000095.950, 155
Trd, 000096.050, 171
Trd, 000096.850, 172
Trd, 000097.750, 164
Trd, 000099.150, 165
Trd, 000099.533, 166
Trd, 000100.017, 165
Trd, 000100.333, 168
Trd, 000100.467, 169
Trd, 000102.117, 167
Trd, 000102.700, 164
Trd, 000103.233, 165
Trd, 000103.350, 167
Trd, 000103.767, 163
Trd, 000104.433, 163
Trd, 000104.833, 164
Trd, 000105.483, 164
Trd, 000106.000, 167
Trd, 000106.117, 168
Trd, 000106.783, 157
Trd, 000107.000, 169
Trd, 000107.683, 163
Trd, 000107.950, 169
Trd, 000108.300, 155
Trd, 000108.583, 172
Trd, 000108.717, 151
Trd, 000108.833, 154
Trd, 000109.550, 159
Trd, 000111.467, 159
Trd, 000112.100, 160
Trd, 000112.633, 155
Trd, 000114.183, 156
Trd, 000114.233, 160
Trd, 000114.950, 162
Trd, 000115.217, 160
Trd, 000115.317, 161
Trd, 000116.000, 167
Trd, 000116.117, 157
Trd, 000116.200, 162
Trd, 000116.367, 168
Trd, 000116.450, 169
Trd, 000117.317, 174
Trd, 000118.283, 161
Trd, 000118.900, 159
Trd, 000119.183, 172
Trd, 000119.417, 173
Trd, 000120.350, 165
Trd, 000121.550, 161
Trd, 000121.667, 171
Trd, 000121.700, 172
Trd, 000121.817, 174
Trd, 000123.067, 191
Trd, 000123.233, 198
Trd, 000123.417, 212
Trd, 000123.983, 235
Trd, 000124.350, 234
Trd, 000124.633, 310.0
Trd, 000125.617, 329.0
Trd, 000127.367, 328.0
Trd, 000128.200, 331
Trd, 000128.600, 326
Trd, 000128.650, 333
Trd, 000129.033, 334
Trd, 000129.117, 335
Trd, 000131.017, 337.0
Trd, 000131.150, 344.0
Trd, 000131.617, 337
Trd, 000131.667, 353
Trd, 000132.733, 354.0
Trd, 000132.933, 355.0
Trd, 000133.133, 347
Trd, 000135.167, 347
Trd, 000135.417, 349
Trd, 000135.433, 355
Trd, 000135.467, 342
Trd, 000135.517, 357
Trd, 000136.567, 341.0
Trd, 000137.233, 360
Trd, 000137.883, 347
Trd, 000139.800, 350
Trd, 000139.867, 356
Trd, 000140.150, 356
Trd, 000140.900, 347
Trd, 000141.000, 346
Trd, 000141.517, 357
Trd, 000141.783, 357
Trd, 000142.000, 356
Trd, 000142.433, 350
Trd, 000142.533, 343
Trd, 000143.417, 341.0
Trd, 000144.267, 356
Trd, 000144.333, 340
Trd, 000144.550, 339
Trd, 000144.633, 362
Trd, 000144.733, 375.0
Trd, 000146.583, 344.0
Trd, 000147.433, 346
Trd, 000147.833, 355
Trd, 000148.217, 355
Trd, 000148.783, 345
Trd, 000149.417, 346
Trd, 000150.200, 347
Trd, 000150.400, 344
Trd, 000151.167, 344
Trd, 000151.417, 342
Trd, 000152.050, 344
Trd, 000152.867, 343.0
Trd, 000152.967, 344.0
Trd, 000154.700, 346
Trd, 000155.000, 346
Trd, 000155.833, 342
Trd, 000156.217, 345
Trd, 000156.767, 344.0
Trd, 000157.150, 347
Trd, 000157.383, 342.0
Trd, 000157.717, 351
Trd, 000157.800, 359
Trd, 000158.667, 342
Trd, 000159.350, 344.0
Trd, 000160.283, 351
Trd, 000161.550, 344
Trd, 000161.767, 348
Trd, 000161.817, 341.0
Trd, 000162.067, 349
Trd, 000162.650, 353.0
Trd, 000162.800, 340
Trd, 000162.933, 353.0
Trd, 000164.717, 346
Trd, 000165.050, 350
Trd, 000165.933, 343.0
Trd, 000166.283, 341.0
Trd, 000166.783, 351.0
Trd, 000167.133, 344
Trd, 000167.517, 343
Trd, 000168.050, 344.0
Trd, 000168.967, 361
Trd, 000169.617, 354
Trd, 000171.017, 344
Trd, 000171.350, 357
Trd, 000172.533, 344
Trd, 000172.633, 356
Trd, 000172.983, 345
Trd, 000176.917, 345
Trd, 000177.283, 344
Trd, 000178.667, 344
Trd, 000179.067, 346
Trd, 000179.383, 348
Trd, 000179.833, 349
Trd, 000180.350, 345
Trd, 000180.450, 352
Trd, 000180.883, 344
Trd, 000181.117, 349
Trd, 000181.200, 343
Trd, 000181.283, 341.0
Trd, 000181.483, 344.0
Trd, 000181.800, 334.0
Trd, 000181.900, 338
Trd, 000181.917, 326
Trd, 000182.233, 352.0
Trd, 000182.567, 317.0
Trd, 000182.983, 299
Trd, 000183.333, 288
Trd, 000183.933, 300
Trd, 000184.333, 267
Trd, 000184.367, 200
Trd, 000184.983, 201
Trd, 000185.333, 159
Trd, 000185.467, 202
Trd, 000185.883, 162
Trd, 000185.933, 161
Trd, 000186.633, 153
Trd, 000187.083, 185
Trd, 000188.150, 190
Trd, 000188.300, 181
Trd, 000188.517, 192
Trd, 000189.333, 170
Trd, 000189.500, 176
Trd, 000190.933, 182
Trd, 000191.217, 182
Trd, 000191.383, 181
Trd, 000191.467, 170
Trd, 000191.800, 161
Trd, 000192.283, 183
Trd, 000192.400, 194
Trd, 000192.767, 166
Trd, 000194.400, 174
Trd, 000194.500, 174
Trd, 000194.683, 169
Trd, 000195.150, 177
Trd, 000196.650, 171
Trd, 000196.767, 173
Trd, 000196.867, 166
Trd, 000197.983, 174
Trd, 000199.450, 173
Trd, 000199.550, 172
Trd, 000200.683, 179
Trd, 000200.767, 170
Trd, 000201.050, 180
Trd, 000201.233, 180
Trd, 000201.900, 169
Trd, 000201.933, 167
Trd, 000202.033, 181
Trd, 000202.433, 163
Trd, 000203.283, 161
Trd, 000203.917, 161
Trd, 000204.517, 156
Trd, 000205.483, 156
Trd, 000205.667, 162
Trd, 000205.683, 163
Trd, 000206.467, 164
Trd, 000206.567, 160
Trd, 000207.150, 158
Trd, 000207.217, 166
Trd, 000208.383, 177
Trd, 000209.967, 182
Trd, 000210.417, 184
Trd, 000210.567, 184
Trd, 000211.117, 188
Trd, 000211.500, 185
Trd, 000211.600, 186
Trd, 000212.283, 168
Trd, 000212.683, 167
Trd, 000212.700, 186
Trd, 000213.167, 183
Trd, 000214.750, 183
Trd, 000214.767, 180
Trd, 000215.283, 179
Trd, 000216.050, 177
Trd, 000217.167, 172
Trd, 000217.800, 172
Trd, 000218.233, 172
Trd, 000218.250, 173
Trd, 000218.333, 169
Trd, 000218.883, 172
Trd, 000218.983, 176
Trd, 000220.133, 167
Trd, 000221.033, 168
Trd, 000222.333, 167
Trd, 000222.600, 177
Trd, 000223.683, 176
Trd, 000223.733, 171
Trd, 000223.750, 170
Trd, 000224.233, 180
Trd, 000224.467, 180
Trd, 000226.633, 175
Trd, 000226.950, 176
Trd, 000227.183, 177
Trd, 000227.583, 169
Trd, 000228.000, 169
Trd, 000228.583, 168
Trd, 000228.783, 178
Trd, 000230.233, 175
Trd, 000231.100, 176
Trd, 000232.000, 177
Trd, 000232.267, 181
Trd, 000232.433, 176
Trd, 000233.267, 179
Trd, 000233.517, 181
Trd, 000233.900, 179
Trd, 000235.383, 180
Trd, 000236.050, 172
Trd, 000236.983, 177
Trd, 000237.217, 175
Trd, 000237.567, 178
Trd, 000237.917, 176
Trd, 000238.350, 174
Trd, 000238.583, 179
Trd, 000238.800, 185
Trd, 000239.350, 186
Trd, 000240.333, 177
Trd, 000240.633, 179
Trd, 000240.750, 186
Trd, 000241.550, 175
Trd, 000242.667, 172
Trd, 000242.950, 172
Trd, 000243.100, 172
Trd, 000243.250, 173
Trd, 000243.350, 174
Trd, 000244.083, 177
Trd, 000244.433, 179
Trd, 000244.933, 182
Trd, 000245.283, 176
Trd, 000245.683, 175
Trd, 000245.917, 178
Trd, 000246.550, 176
Trd, 000246.683, 182
Trd, 000247.617, 176
Trd, 000247.933, 175
Trd, 000248.133, 174
Trd, 000249.083, 174
Trd, 000249.633, 171
Trd, 000249.950, 173
Trd, 000250.217, 176
Trd, 000250.350, 176
Trd, 000250.600, 175
Trd, 000250.783, 186
Trd, 000251.533, 185
Trd, 000251.733, 186
Trd, 000252.417, 175
Trd, 000252.567, 176
Trd, 000254.067, 184
Trd, 000254.400, 189
Trd, 000254.583, 187
Trd, 000254.633, 182
Trd, 000254.917, 187
Trd, 000255.217, 187
Trd, 000255.500, 183
Trd, 000255.833, 183
Trd, 000256.033, 183
Trd, 000256.383, 183
Trd, 000257.533, 185
Trd, 000258.000, 188
Trd, 000258.100, 180
Trd, 000259.250, 183
Trd, 000259.283, 184
Trd, 000259.367, 180
Trd, 000259.883, 179
Trd, 000260.267, 177
Trd, 000260.567, 174
Trd, 000260.883, 176
Trd, 000261.500, 176
Trd, 000261.900, 179
Trd, 000262.150, 177
Trd, 000262.200, 174
Trd, 000262.833, 174
Trd, 000263.000, 173
Trd, 000263.417, 173
Trd, 000264.000, 176
Trd, 000264.600, 178
Trd, 000265.417, 180
Trd, 000265.600, 181
Trd, 000265.633, 181
Trd, 000266.017, 177
Trd, 000266.567, 178
Trd, 000266.600, 185
Trd, 000266.683, 177
Trd, 000267.067, 175
Trd, 000267.700, 188
Trd, 000268.050, 175
Trd, 000268.667, 171
Trd, 000268.917, 170
Trd, 000269.333, 178
Trd, 000269.667, 179
Trd, 000270.200, 179
Trd, 000270.433, 179
Trd, 000270.833, 182
Trd, 000271.567, 177
Trd, 000271.667, 182
Trd, 000272.150, 187
Trd, 000272.533, 178
Trd, 000272.650, 173
Trd, 000273.133, 181
Trd, 000273.717, 185
Trd, 000274.000, 186
Trd, 000274.567, 184
Trd, 000275.400, 182
Trd, 000276.017, 187
Trd, 000276.167, 187
Trd, 000277.000, 185
Trd, 000277.283, 187
Trd, 000277.367, 182
Trd, 000277.433, 182
Trd, 000277.917, 182
Trd, 000277.967, 189
Trd, 000278.400, 182
Trd, 000278.417, 181
Trd, 000278.833, 188
Trd, 000280.083, 185
Trd, 000280.483, 183
Trd, 000281.167, 182
Trd, 000281.333, 179
Trd, 000281.483, 174
Trd, 000281.833, 180
Trd, 000281.917, 181
Trd, 000282.300, 182
Trd, 000282.583, 162
Trd, 000282.817, 165
Trd, 000283.400, 166
Trd, 000283.483, 162
Trd, 000283.550, 181
Trd, 000283.667, 162
Trd, 000284.600, 168
Trd, 000284.667, 159
Trd, 000284.733, 169
Trd, 000285.167, 154
Trd, 000285.267, 182
Trd, 000286.733, 184
Trd, 000286.817, 180
Trd, 000288.333, 164
Trd, 000288.383, 166
Trd, 000288.550, 159
Trd, 000288.900, 166
Trd, 000289.000, 171
Trd, 000289.017, 161
Trd, 000289.050, 172
Trd, 000290.517, 182
Trd, 000290.867, 183
Trd, 000290.917, 184
Trd, 000290.950, 181
Trd, 000291.333, 181
Trd, 000291.683, 181
Trd, 000291.717, 180
Trd, 000291.983, 187
Trd, 000292.400, 191
Trd, 000292.933, 184
Trd, 000293.150, 172
Trd, 000293.350, 163
Trd, 000293.550, 173
Trd, 000293.600, 184
Trd, 000294.267, 166
Trd, 000294.633, 165
Trd, 000294.867, 166
Trd, 000295.083, 159
Trd, 000295.250, 159
Trd, 000295.983, 160
Trd, 000296.650, 193
Trd, 000296.850, 192
Trd, 000297.483, 191
Trd, 000298.050, 159
Trd, 000298.433, 190
Trd, 000298.783, 192
Trd, 000299.367, 192
