Trd, 000002.383, 162
Trd, 000002.633, 151
Trd, 000002.950, 150
Trd, 000003.600, 151
Trd, 000003.950, 150
Trd, 000004.117, 144
Trd, 000004.450, 155
Trd, 000007.150, 151
Trd, 000007.517, 151
Trd, 000008.150, 151
Trd, 000010.133, 151
Trd, 000010.200, 152
Trd, 000010.550, 151
Trd, 000010.917, 152
Trd, 000010.950, 150
Trd, 000011.217, 151
Trd, 000011.583, 153
Trd, 000012.533, 150
Trd, 000014.567, 149
Trd, 000014.600, 150
Trd, 000015.483, 150
Trd, 000015.500, 159
Trd, 000016.150, 152
Trd, 000016.700, 156
Trd, 000017.533, 152
Trd, 000018.300, 151
Trd, 000019.183, 151
Trd, 000019.667, 153
Trd, 000019.917, 153
Trd, 000020.217, 153
Trd, 000020.500, 154
Trd, 000021.083, 154
Trd, 000021.100, 155
Trd, 000021.700, 154
Trd, 000021.850, 152
Trd, 000022.817, 151
Trd, 000023.167, 150
Trd, 000023.200, 154
Trd, 000024.200, 153
Trd, 000025.017, 148
Trd, 000027.317, 148
Trd, 000027.400, 149
Trd, 000027.933, 151
Trd, 000028.350, 149
Trd, 000028.617, 149
Trd, 000029.317, 150
Trd, 000029.350, 148
Trd, 000031.683, 150
Trd, 000031.717, 151
Trd, 000033.083, 153
Trd, 000033.300, 154
Trd, 000033.350, 149
Trd, 000033.583, 154
Trd, 000034.150, 156
Trd, 000035.350, 151
Trd, 000037.283, 152
Trd, 000038.483, 153
Trd, 000038.933, 154
Trd, 000039.100, 154
Trd, 000039.450, 155
Trd, 000039.983, 158
Trd, 000041.700, 154
Trd, 000041.717, 153
Trd, 000042.600, 156
Trd, 000042.767, 152
Trd, 000043.783, 158
Trd, 000044.200, 154
Trd, 000044.350, 155
Trd, 000044.800, 155
Trd, 000045.133, 153
Trd, 000045.250, 152
Trd, 000046.083, 152
Trd, 000046.300, 153
Trd, 000046.367, 152
Trd, 000046.783, 151
Trd, 000047.050, 151
Trd, 000047.850, 153
Trd, 000049.300, 153
Trd, 000049.700, 153
Trd, 000049.817, 154
Trd, 000050.233, 153
Trd, 000050.517, 153
Trd, 000050.733, 152
Trd, 000050.833, 154
Trd, 000051.067, 156
Trd, 000051.833, 155
Trd, 000051.967, 156
Trd, 000052.317, 160
Trd, 000053.433, 155
Trd, 000053.767, 155
Trd, 000054.650, 156
Trd, 000054.733, 153
Trd, 000055.483, 153
Trd, 000058.350, 155
Trd, 000059.133, 154
Trd, 000060.417, 155
Trd, 000060.433, 157
Trd, 000062.183, 156
Trd, 000062.817, 155
Trd, 000063.133, 156
Trd, 000063.783, 156
Trd, 000063.867, 155
Trd, 000064.483, 157
Trd, 000064.517, 157
Trd, 000064.767, 161
Trd, 000066.183, 162
Trd, 000067.400, 159
Trd, 000068.600, 159
Trd, 000069.750, 160
Trd, 000070.217, 158
Trd, 000070.400, 161
Trd, 000071.383, 160
Trd, 000071.700, 158
Trd, 000072.233, 158
Trd, 000072.467, 160
Trd, 000072.767, 157
Trd, 000074.667, 161
Trd, 000074.933, 158
Trd, 000075.400, 157
Trd, 000076.200, 157
Trd, 000076.917, 157
Trd, 000077.667, 157
Trd, 000077.717, 160
Trd, 000078.317, 156
Trd, 000078.700, 159
Trd, 000080.583, 160
Trd, 000080.767, 159
Trd, 000082.017, 162
Trd, 000082.567, 161
Trd, 000082.883, 162
Trd, 000083.333, 160
Trd, 000083.633, 159
Trd, 000084.300, 159
Trd, 000085.083, 160
Trd, 000085.383, 158
Trd, 000085.983, 158
Trd, 000086.067, 158
Trd, 000086.100, 159
Trd, 000086.850, 157
Trd, 000087.833, 154
Trd, 000088.117, 160
Trd, 000088.267, 161
Trd, 000088.367, 161
Trd, 000089.083, 162
Trd, 000090.133, 164
Trd, 000090.167, 161
Trd, 000090.233, 162
Trd, 000090.367, 160
Trd, 000090.933, 165
Trd, 000092.650, 159
Trd, 000094.383, 159
Trd, 000094.450, 158
Trd, 000094.483, 160
Trd, 000094.567, 161
Trd, 000095.400, 157
Trd, 000097.300, 161
Trd, 000098.383, 159
Trd, 000098.867, 161
Trd, 000099.317, 161
Trd, 000099.400, 160
Trd, 000099.483, 164
Trd, 000099.800, 165
Trd, 000100.633, 160
Trd, 000100.783, 160
Trd, 000101.517, 159
Trd, 000102.650, 161
Trd, 000104.100, 161
Trd, 000106.200, 163
Trd, 000106.483, 161
Trd, 000106.783, 161
Trd, 000107.483, 161
Trd, 000108.383, 162
Trd, 000108.850, 161
Trd, 000109.550, 161
Trd, 000109.983, 161
Trd, 000110.067, 160
Trd, 000111.633, 160
Trd, 000111.717, 159
Trd, 000111.750, 158
Trd, 000113.083, 161
Trd, 000113.533, 160
Trd, 000115.233, 161
Trd, 000115.733, 161
Trd, 000116.400, 160
Trd, 000116.667, 163
Trd, 000117.567, 160
Trd, 000118.233, 163
Trd, 000118.283, 166
Trd, 000119.167, 166
Trd, 000120.350, 161
Trd, 000121.133, 163
Trd, 000121.250, 164
Trd, 000121.367, 163
Trd, 000121.483, 164
Trd, 000121.700, 167
Trd, 000122.717, 241
Trd, 000122.733, 264
Trd, 000122.833, 280
Trd, 000123.600, 299
Trd, 000123.683, 307
Trd, 000124.133, 319
Trd, 000124.767, 331.0
Trd, 000126.100, 333.0
Trd, 000126.267, 334.0
Trd, 000126.333, 337.0
Trd, 000127.283, 336
Trd, 000127.950, 337
Trd, 000128.183, 332.0
Trd, 000129.267, 338
Trd, 000129.650, 337.0
Trd, 000130.133, 334.0
Trd, 000132.133, 338
Trd, 000133.583, 337
Trd, 000133.850, 334.0
Trd, 000134.983, 334
Trd, 000135.367, 335
Trd, 000135.583, 336
Trd, 000135.633, 345
Trd, 000135.750, 351.0
Trd, 000138.350, 346
Trd, 000138.733, 347
Trd, 000139.200, 344.0
Trd, 000139.350, 345
Trd, 000139.867, 347
Trd, 000139.933, 346
Trd, 000140.033, 341
Trd, 000141.383, 338
Trd, 000142.017, 351.0
Trd, 000143.683, 347
Trd, 000144.717, 351.0
Trd, 000145.117, 344.0
Trd, 000145.700, 348
Trd, 000145.833, 348
Trd, 000146.867, 348
Trd, 000147.167, 347
Trd, 000147.650, 347
Trd, 000147.900, 344
Trd, 000148.717, 346
Trd, 000149.117, 347
Trd, 000149.300, 346
Trd, 000149.383, 348
Trd, 000150.383, 354
Trd, 000152.467, 351.0
Trd, 000153.983, 348
Trd, 000155.267, 346
Trd, 000155.617, 346
Trd, 000155.900, 346
Trd, 000155.933, 347
Trd, 000158.033, 347
Trd, 000158.100, 351
Trd, 000158.767, 347
Trd, 000159.433, 348
Trd, 000160.083, 351.0
Trd, 000160.433, 346
Trd, 000160.733, 346
Trd, 000162.783, 355.0
Trd, 000163.800, 351
Trd, 000164.783, 351
Trd, 000164.867, 351.0
Trd, 000165.800, 348.0
Trd, 000166.633, 346
Trd, 000167.100, 348
Trd, 000167.917, 346
Trd, 000168.917, 347
Trd, 000169.917, 346
Trd, 000170.783, 348.0
Trd, 000171.000, 348
Trd, 000171.483, 349.0
Trd, 000171.800, 349.0
Trd, 000173.383, 348
Trd, 000174.583, 350
Trd, 000174.600, 351.0
Trd, 000175.050, 354.0
Trd, 000175.900, 348
Trd, 000177.400, 351.0
Trd, 000177.683, 350
Trd, 000177.733, 348
Trd, 000178.333, 349
Trd, 000178.467, 348.0
Trd, 000179.000, 348
Trd, 000179.333, 350
Trd, 000180.750, 350.0
Trd, 000180.767, 349.0
Trd, 000181.367, 349
Trd, 000181.450, 344.0
Trd, 000182.183, 345
Trd, 000182.833, 343
Trd, 000183.317, 331.0
Trd, 000183.467, 313.0
Trd, 000183.500, 300.0
Trd, 000183.683, 276
Trd, 000184.483, 259
Trd, 000184.867, 185
Trd, 000185.267, 183
Trd, 000185.650, 171
Trd, 000187.450, 179
Trd, 000187.600, 171
Trd, 000188.000, 169
Trd, 000189.200, 171
Trd, 000189.967, 173
Trd, 000190.950, 172
Trd, 000191.283, 170
Trd, 000191.633, 172
Trd, 000192.183, 169
Trd, 000192.650, 170
Trd, 000192.800, 169
Trd, 000193.750, 173
Trd, 000194.133, 176
Trd, 000194.317, 171
Trd, 000195.317, 173
Trd, 000195.733, 171
Trd, 000197.367, 176
Trd, 000197.400, 171
Trd, 000198.217, 171
Trd, 000198.233, 174
Trd, 000199.950, 173
Trd, 000200.567, 170
Trd, 000200.700, 171
Trd, 000201.467, 166
Trd, 000201.517, 169
Trd, 000202.017, 168
Trd, 000202.283, 175
Trd, 000205.183, 171
Trd, 000205.233, 170
Trd, 000207.250, 172
Trd, 000208.650, 170
Trd, 000208.733, 174
Trd, 000208.817, 175
Trd, 000209.350, 171
Trd, 000209.850, 170
Trd, 000210.283, 172
Trd, 000210.733, 169
Trd, 000210.800, 169
Trd, 000210.850, 170
Trd, 000211.333, 168
Trd, 000211.917, 166
Trd, 000212.133, 164
Trd, 000213.017, 164
Trd, 000213.767, 164
Trd, 000214.383, 176
Trd, 000214.633, 186
Trd, 000215.700, 172
Trd, 000215.983, 172
Trd, 000216.217, 170
Trd, 000217.450, 171
Trd, 000218.583, 171
Trd, 000219.417, 172
Trd, 000219.650, 171
Trd, 000219.700, 172
Trd, 000219.867, 173
Trd, 000221.650, 171
Trd, 000221.783, 172
Trd, 000221.983, 170
Trd, 000222.767, 173
Trd, 000223.283, 173
Trd, 000223.600, 173
Trd, 000223.750, 171
Trd, 000225.400, 171
Trd, 000227.550, 172
Trd, 000227.600, 172
Trd, 000228.167, 171
Trd, 000228.383, 172
Trd, 000228.833, 174
Trd, 000229.017, 187
Trd, 000229.650, 172
Trd, 000230.383, 178
Trd, 000233.133, 179
Trd, 000234.350, 175
Trd, 000234.567, 175
Trd, 000234.900, 176
Trd, 000235.167, 177
Trd, 000235.750, 176
Trd, 000236.400, 177
Trd, 000238.133, 176
Trd, 000238.350, 175
Trd, 000239.317, 177
Trd, 000239.850, 175
Trd, 000239.983, 176
Trd, 000240.183, 172
Trd, 000240.200, 168
Trd, 000240.267, 164
Trd, 000240.883, 166
Trd, 000241.283, 165
Trd, 000241.983, 167
Trd, 000242.450, 166
Trd, 000242.567, 167
Trd, 000242.750, 165
Trd, 000243.050, 164
Trd, 000244.183, 164
Trd, 000244.617, 165
Trd, 000244.700, 164
Trd, 000245.233, 165
Trd, 000246.033, 168
Trd, 000246.217, 167
Trd, 000246.417, 175
Trd, 000247.033, 180
Trd, 000247.517, 170
Trd, 000248.683, 172
Trd, 000249.350, 173
Trd, 000249.517, 175
Trd, 000249.983, 176
Trd, 000250.167, 180
Trd, 000250.500, 183
Trd, 000251.183, 176
Trd, 000251.667, 179
Trd, 000251.883, 175
Trd, 000253.450, 179
Trd, 000254.067, 181
Trd, 000254.517, 181
Trd, 000254.833, 182
Trd, 000254.867, 180
Trd, 000255.200, 179
Trd, 000255.733, 182
Trd, 000256.733, 183
Trd, 000257.600, 179
Trd, 000257.617, 181
Trd, 000257.867, 181
Trd, 000258.483, 183
Trd, 000258.800, 183
Trd, 000259.583, 184
Trd, 000259.783, 177
Trd, 000260.167, 174
Trd, 000260.400, 181
Trd, 000261.083, 177
Trd, 000262.017, 176
Trd, 000262.433, 176
Trd, 000262.483, 175
Trd, 000263.133, 176
Trd, 000263.983, 178
Trd, 000264.050, 176
Trd, 000264.767, 174
Trd, 000265.167, 174
Trd, 000265.700, 174
Trd, 000265.750, 175
Trd, 000266.400, 173
Trd, 000266.433, 174
Trd, 000266.717, 172
Trd, 000267.600, 171
Trd, 000268.117, 170
Trd, 000269.283, 174
Trd, 000269.700, 171
Trd, 000270.133, 171
Trd, 000270.517, 172
Trd, 000271.450, 171
Trd, 000271.633, 170
Trd, 000271.767, 169
Trd, 000272.433, 171
Trd, 000272.533, 172
Trd, 000272.750, 169
Trd, 000272.850, 168
Trd, 000273.250, 169
Trd, 000273.700, 168
Trd, 000273.900, 169
Trd, 000274.100, 169
Trd, 000275.283, 177
Trd, 000276.083, 170
Trd, 000276.417, 177
Trd, 000276.917, 178
Trd, 000277.700, 175
Trd, 000277.867, 175
Trd, 000277.983, 174
Trd, 000278.250, 175
Trd, 000278.933, 174
Trd, 000280.317, 174
Trd, 000280.400, 175
Trd, 000280.683, 179
Trd, 000281.283, 179
Trd, 000282.017, 174
Trd, 000282.117, 172
Trd, 000282.633, 181
Trd, 000282.867, 173
Trd, 000284.117, 181
Trd, 000284.467, 175
Trd, 000284.700, 174
Trd, 000285.033, 175
Trd, 000286.000, 175
Trd, 000286.333, 180
Trd, 000286.483, 182
Trd, 000286.783, 175
Trd, 000287.483, 176
Trd, 000287.883, 181
Trd, 000287.933, 182
Trd, 000288.417, 180
Trd, 000288.883, 182
Trd, 000289.017, 177
Trd, 000290.050, 178
Trd, 000290.150, 179
Trd, 000290.333, 175
Trd, 000290.450, 182
Trd, 000290.500, 174
Trd, 000290.567, 182
Trd, 000290.750, 184
Trd, 000290.967, 173
Trd, 000291.900, 170
Trd, 000292.183, 168
Trd, 000292.667, 186
Trd, 000293.133, 177
Trd, 000293.183, 187
Trd, 000293.400, 191
Trd, 000294.850, 176
Trd, 000295.367, 177
Trd, 000295.450, 176
Trd, 000296.217, 176
Trd, 000296.350, 175
Trd, 000296.433, 176
Trd, 000296.983, 174
Trd, 000297.417, 177
Trd, 000298.750, 176
Trd, 000299.083, 180
Trd, 000299.117, 174
Trd, 000299.533, 175
Trd, 000299.567, 174
Trd, 000299.667, 181
Trd, 000299.900, 184
