Trd, 000001.467, 167
Trd, 000001.817, 131
Trd, 000002.067, 151
Trd, 000002.233, 162
Trd, 000002.567, 161
Trd, 000003.317, 162
Trd, 000003.767, 146
Trd, 000003.867, 155
Trd, 000004.233, 139
Trd, 000005.350, 146
Trd, 000005.883, 146
Trd, 000006.917, 149
Trd, 000007.117, 151
Trd, 000007.250, 148
Trd, 000008.233, 169
Trd, 000008.583, 149
Trd, 000009.667, 158
Trd, 000009.867, 156
Trd, 000010.167, 154
Trd, 000010.617, 144
Trd, 000010.833, 151
Trd, 000010.850, 152
Trd, 000011.350, 152
Trd, 000011.500, 151
Trd, 000011.917, 153
Trd, 000012.650, 145
Trd, 000013.217, 147
Trd, 000014.550, 152
Trd, 000015.217, 152
Trd, 000015.250, 151
Trd, 000015.733, 155
Trd, 000016.667, 151
Trd, 000016.767, 154
Trd, 000016.850, 154
Trd, 000017.683, 144
Trd, 000018.117, 138
Trd, 000018.467, 150
Trd, 000018.600, 152
Trd, 000019.017, 154
Trd, 000019.367, 153
Trd, 000020.183, 153
Trd, 000020.833, 153
Trd, 000021.683, 152
Trd, 000021.783, 151
Trd, 000022.117, 151
Trd, 000023.200, 153
Trd, 000023.600, 151
Trd, 000023.717, 154
Trd, 000023.850, 150
Trd, 000024.150, 155
Trd, 000025.217, 148
Trd, 000025.300, 156
Trd, 000026.400, 154
Trd, 000026.533, 155
Trd, 000026.817, 153
Trd, 000027.650, 153
Trd, 000027.950, 153
Trd, 000028.017, 154
Trd, 000028.150, 150
Trd, 000028.717, 152
Trd, 000029.183, 150
Trd, 000029.400, 154
Trd, 000029.467, 161
Trd, 000031.317, 135
Trd, 000031.333, 142
Trd, 000033.050, 142
Trd, 000033.683, 143
Trd, 000033.733, 142
Trd, 000034.383, 141
Trd, 000034.417, 146
Trd, 000035.183, 148
Trd, 000035.217, 154
Trd, 000035.333, 161
Trd, 000035.867, 141
Trd, 000036.117, 140
Trd, 000036.700, 144
Trd, 000037.750, 148
Trd, 000038.017, 152
Trd, 000038.350, 152
Trd, 000038.483, 143
Trd, 000039.967, 151
Trd, 000040.167, 145
Trd, 000040.483, 150
Trd, 000040.633, 146
Trd, 000041.083, 151
Trd, 000041.250, 152
Trd, 000041.333, 153
Trd, 000041.500, 162
Trd, 000041.983, 152
Trd, 000042.283, 147
Trd, 000042.567, 150
Trd, 000043.150, 151
Trd, 000044.383, 150
Trd, 000045.000, 150
Trd, 000045.417, 150
Trd, 000045.550, 153
Trd, 000045.667, 155
Trd, 000046.567, 148
Trd, 000047.400, 153
Trd, 000048.583, 161
Trd, 000048.800, 160
Trd, 000049.667, 161
Trd, 000049.950, 162
Trd, 000050.100, 160
Trd, 000051.533, 160
Trd, 000051.633, 159
Trd, 000052.333, 162
Trd, 000052.767, 160
Trd, 000053.283, 156
Trd, 000053.467, 163
Trd, 000055.283, 162
Trd, 000055.983, 163
Trd, 000056.117, 164
Trd, 000056.150, 162
Trd, 000056.300, 165
Trd, 000057.933, 160
Trd, 000058.033, 153
Trd, 000058.817, 151
Trd, 000059.450, 153
Trd, 000059.783, 154
Trd, 000060.567, 157
Trd, 000060.967, 158
Trd, 000061.183, 171
Trd, 000061.617, 167
Trd, 000062.367, 156
Trd, 000063.250, 160
Trd, 000063.350, 149
Trd, 000064.383, 157
Trd, 000064.683, 156
Trd, 000064.733, 157
Trd, 000064.900, 160
Trd, 000065.550, 161
Trd, 000066.067, 165
Trd, 000066.783, 163
Trd, 000067.183, 158
Trd, 000068.483, 162
Trd, 000068.717, 165
Trd, 000068.833, 166
Trd, 000069.817, 158
Trd, 000070.467, 165
Trd, 000071.050, 164
Trd, 000071.650, 161
Trd, 000072.900, 162
Trd, 000072.933, 162
Trd, 000073.083, 159
Trd, 000073.867, 163
Trd, 000074.033, 159
Trd, 000074.600, 161
Trd, 000075.567, 160
Trd, 000076.350, 160
Trd, 000077.517, 160
Trd, 000077.650, 161
Trd, 000077.717, 162
Trd, 000078.417, 161
Trd, 000078.933, 160
Trd, 000079.667, 163
Trd, 000080.733, 159
Trd, 000081.233, 159
Trd, 000081.983, 163
Trd, 000082.000, 163
Trd, 000082.133, 158
Trd, 000083.067, 161
Trd, 000083.400, 162
Trd, 000084.567, 159
Trd, 000085.000, 159
Trd, 000085.283, 158
Trd, 000085.333, 158
Trd, 000085.450, 157
Trd, 000086.517, 156
Trd, 000086.667, 155
Trd, 000086.683, 151
Trd, 000087.300, 157
Trd, 000087.867, 157
Trd, 000088.300, 158
Trd, 000089.333, 157
Trd, 000090.333, 159
Trd, 000091.633, 155
Trd, 000092.250, 156
Trd, 000093.350, 156
Trd, 000093.750, 157
Trd, 000093.917, 159
Trd, 000094.083, 155
Trd, 000094.933, 167
Trd, 000095.467, 160
Trd, 000095.517, 159
Trd, 000095.800, 161
Trd, 000095.983, 162
Trd, 000097.533, 159
Trd, 000098.117, 161
Trd, 000098.867, 162
Trd, 000099.267, 161
Trd, 000099.433, 162
Trd, 000100.267, 158
Trd, 000101.467, 157
Trd, 000101.517, 164
Trd, 000102.450, 158
Trd, 000103.000, 159
Trd, 000103.867, 158
Trd, 000104.150, 160
Trd, 000104.317, 160
Trd, 000105.100, 157
Trd, 000105.117, 153
Trd, 000105.633, 159
Trd, 000105.900, 161
Trd, 000106.633, 162
Trd, 000106.767, 155
Trd, 000106.883, 159
Trd, 000107.967, 162
Trd, 000108.183, 159
Trd, 000108.983, 161
Trd, 000109.100, 157
Trd, 000109.267, 162
Trd, 000109.767, 162
Trd, 000110.733, 157
Trd, 000110.900, 164
Trd, 000112.483, 159
Trd, 000112.917, 162
Trd, 000113.833, 157
Trd, 000113.967, 157
Trd, 000114.317, 159
Trd, 000114.650, 157
Trd, 000114.783, 157
Trd, 000115.050, 155
Trd, 000115.600, 154
Trd, 000115.683, 148
Trd, 000116.550, 156
Trd, 000117.083, 157
Trd, 000117.667, 146
Trd, 000118.117, 157
Trd, 000119.117, 158
Trd, 000119.350, 150
Trd, 000119.533, 149
Trd, 000120.200, 158
Trd, 000120.950, 156
Trd, 000121.500, 151
Trd, 000121.967, 160
Trd, 000122.317, 153
Trd, 000122.733, 187
Trd, 000122.783, 191
Trd, 000123.183, 307
Trd, 000123.200, 348.0
Trd, 000124.017, 310.0
Trd, 000124.783, 309
Trd, 000124.967, 320
Trd, 000125.017, 321
Trd, 000125.100, 323
Trd, 000125.433, 331.0
Trd, 000125.783, 338
Trd, 000126.050, 351.0
Trd, 000128.300, 347
Trd, 000128.900, 348.0
Trd, 000128.917, 349
Trd, 000129.500, 338
Trd, 000130.167, 340
Trd, 000131.050, 350
Trd, 000131.333, 352
Trd, 000133.100, 343
Trd, 000133.433, 341
Trd, 000134.133, 342
Trd, 000134.167, 339
Trd, 000134.500, 343
Trd, 000135.517, 340
Trd, 000135.917, 344
Trd, 000136.167, 342
Trd, 000137.317, 342
Trd, 000138.183, 341
Trd, 000138.700, 341
Trd, 000138.733, 340
Trd, 000138.967, 344
Trd, 000139.333, 348.0
Trd, 000139.350, 350
Trd, 000140.517, 342
Trd, 000141.217, 339
Trd, 000141.817, 343
Trd, 000141.867, 350
Trd, 000143.167, 341
Trd, 000143.233, 332
Trd, 000143.867, 350
Trd, 000144.483, 346
Trd, 000145.150, 346
Trd, 000146.300, 348.0
Trd, 000147.650, 347
Trd, 000147.950, 338
Trd, 000148.267, 337.0
Trd, 000148.800, 347
Trd, 000149.433, 343
Trd, 000149.483, 339
Trd, 000149.833, 344
Trd, 000151.317, 345
Trd, 000153.217, 337.0
Trd, 000153.867, 343
Trd, 000154.250, 344
Trd, 000154.567, 345
Trd, 000154.967, 347
Trd, 000155.050, 348.0
Trd, 000155.983, 347
Trd, 000156.233, 346
Trd, 000156.700, 349
Trd, 000157.933, 348.0
Trd, 000158.233, 344
Trd, 000158.883, 345
Trd, 000159.383, 343
Trd, 000159.983, 349
Trd, 000160.017, 345
Trd, 000160.033, 342
Trd, 000160.883, 339
Trd, 000161.150, 344
Trd, 000162.367, 344
Trd, 000162.467, 344
Trd, 000162.533, 343
Trd, 000162.950, 348
Trd, 000164.517, 344
Trd, 000165.383, 347.0
Trd, 000166.050, 348.0
Trd, 000166.100, 343
Trd, 000166.467, 350
Trd, 000167.033, 343
Trd, 000168.333, 344
Trd, 000169.183, 341
Trd, 000169.400, 344
Trd, 000169.850, 348.0
Trd, 000169.933, 351
Trd, 000171.050, 348.0
Trd, 000171.333, 349.0
Trd, 000171.350, 343
Trd, 000173.317, 346
Trd, 000174.050, 349.0
Trd, 000174.333, 350.0
Trd, 000174.350, 351
Trd, 000174.683, 348.0
Trd, 000175.067, 345
Trd, 000175.600, 351
Trd, 000175.667, 347
Trd, 000176.183, 344
Trd, 000177.300, 351
Trd, 000177.517, 353
Trd, 000179.883, 348
Trd, 000179.917, 351.0
Trd, 000180.067, 353
Trd, 000180.267, 355.0
Trd, 000180.417, 351
Trd, 000181.033, 347.0
Trd, 000181.617, 344
Trd, 000182.100, 331.0
Trd, 000182.500, 323
Trd, 000182.517, 317.0
Trd, 000183.217, 310.0
Trd, 000183.283, 306.0
Trd, 000183.367, 285
Trd, 000183.383, 183
Trd, 000183.667, 173
Trd, 000185.250, 236
Trd, 000185.767, 214
Trd, 000185.950, 177
Trd, 000186.717, 200
Trd, 000187.517, 196
Trd, 000187.567, 186
Trd, 000187.983, 195
Trd, 000189.233, 174
Trd, 000190.650, 180
Trd, 000190.717, 179
Trd, 000191.750, 179
Trd, 000191.800, 172
Trd, 000191.867, 170
Trd, 000192.333, 170
Trd, 000192.450, 179
Trd, 000192.683, 161
Trd, 000193.150, 158
Trd, 000193.583, 170
Trd, 000194.317, 170
Trd, 000194.750, 172
Trd, 000194.933, 172
Trd, 000195.717, 168
Trd, 000196.383, 169
Trd, 000196.750, 172
Trd, 000198.067, 169
Trd, 000198.350, 169
Trd, 000198.883, 168
Trd, 000199.167, 168
Trd, 000200.450, 167
Trd, 000200.533, 168
Trd, 000201.350, 166
Trd, 000201.600, 170
Trd, 000201.950, 165
Trd, 000202.883, 168
Trd, 000203.217, 167
Trd, 000203.283, 169
Trd, 000203.350, 171
Trd, 000204.767, 166
Trd, 000204.800, 171
Trd, 000205.183, 171
Trd, 000206.467, 170
Trd, 000206.717, 172
Trd, 000207.250, 170
Trd, 000207.733, 167
Trd, 000207.933, 171
Trd, 000208.067, 172
Trd, 000208.167, 174
Trd, 000208.433, 163
Trd, 000208.967, 157
Trd, 000209.583, 175
Trd, 000209.767, 179
Trd, 000210.750, 169
Trd, 000210.950, 166
Trd, 000211.417, 169
Trd, 000212.417, 169
Trd, 000212.600, 166
Trd, 000212.917, 169
Trd, 000212.933, 164
Trd, 000213.100, 171
Trd, 000213.950, 171
Trd, 000214.550, 163
Trd, 000215.217, 174
Trd, 000215.867, 171
Trd, 000216.117, 173
Trd, 000216.200, 181
Trd, 000217.433, 170
Trd, 000217.983, 177
Trd, 000218.000, 180
Trd, 000218.950, 176
Trd, 000219.250, 177
Trd, 000219.400, 173
Trd, 000220.150, 172
Trd, 000220.917, 181
Trd, 000220.950, 163
Trd, 000221.350, 164
Trd, 000221.883, 166
Trd, 000221.933, 169
Trd, 000223.233, 167
Trd, 000223.950, 168
Trd, 000224.133, 167
Trd, 000224.150, 155
Trd, 000224.633, 170
Trd, 000225.300, 161
Trd, 000225.333, 170
Trd, 000226.483, 171
Trd, 000227.133, 172
Trd, 000227.333, 172
Trd, 000227.800, 179
Trd, 000228.100, 178
Trd, 000228.200, 191
Trd, 000228.500, 189
Trd, 000229.500, 189
Trd, 000230.300, 178
Trd, 000230.350, 182
Trd, 000232.150, 180
Trd, 000232.467, 179
Trd, 000232.683, 178
Trd, 000232.783, 179
Trd, 000233.667, 175
Trd, 000233.817, 174
Trd, 000234.050, 181
Trd, 000234.217, 174
Trd, 000236.617, 175
Trd, 000236.633, 176
Trd, 000236.967, 174
Trd, 000237.550, 176
Trd, 000237.583, 173
Trd, 000238.017, 176
Trd, 000238.250, 177
Trd, 000239.000, 177
Trd, 000240.783, 177
Trd, 000241.500, 176
Trd, 000241.583, 177
Trd, 000241.617, 175
Trd, 000241.900, 174
Trd, 000242.383, 175
Trd, 000243.150, 172
Trd, 000243.367, 172
Trd, 000244.217, 175
Trd, 000244.600, 175
Trd, 000245.250, 178
Trd, 000245.333, 172
Trd, 000246.167, 172
Trd, 000246.600, 175
Trd, 000246.833, 175
Trd, 000247.100, 176
Trd, 000247.617, 173
Trd, 000247.967, 179
Trd, 000248.167, 180
Trd, 000248.533, 173
Trd, 000248.617, 182
Trd, 000249.167, 182
Trd, 000251.367, 181
Trd, 000251.617, 180
Trd, 000252.067, 178
Trd, 000252.100, 179
Trd, 000252.667, 177
Trd, 000252.967, 177
Trd, 000253.217, 177
Trd, 000253.833, 177
Trd, 000253.950, 178
Trd, 000255.250, 178
Trd, 000255.417, 180
Trd, 000255.750, 179
Trd, 000255.817, 176
Trd, 000255.917, 180
Trd, 000256.600, 181
Trd, 000257.250, 177
Trd, 000257.933, 176
Trd, 000258.417, 179
Trd, 000259.050, 175
Trd, 000259.300, 174
Trd, 000259.917, 174
Trd, 000259.967, 175
Trd, 000260.000, 170
Trd, 000260.467, 174
Trd, 000261.083, 174
Trd, 000261.267, 177
Trd, 000262.133, 173
Trd, 000262.933, 176
Trd, 000262.950, 177
Trd, 000264.517, 167
Trd, 000264.600, 177
Trd, 000264.783, 176
Trd, 000264.967, 178
Trd, 000265.133, 178
Trd, 000265.533, 178
Trd, 000266.050, 178
Trd, 000266.117, 177
Trd, 000266.333, 176
Trd, 000266.350, 179
Trd, 000267.600, 184
Trd, 000268.017, 191
Trd, 000268.400, 192
Trd, 000268.850, 188
Trd, 000269.183, 188
Trd, 000270.150, 183
Trd, 000270.217, 184
Trd, 000270.400, 182
Trd, 000270.517, 178
Trd, 000271.033, 182
Trd, 000271.367, 175
Trd, 000271.467, 180
Trd, 000271.633, 182
Trd, 000272.250, 180
Trd, 000272.717, 182
Trd, 000272.850, 185
Trd, 000274.083, 185
Trd, 000274.617, 184
Trd, 000274.700, 182
Trd, 000275.333, 181
Trd, 000276.400, 182
Trd, 000276.667, 180
Trd, 000276.733, 180
Trd, 000277.233, 186
Trd, 000277.267, 190
Trd, 000278.083, 184
Trd, 000278.350, 183
Trd, 000278.433, 183
Trd, 000278.550, 180
Trd, 000278.567, 184
Trd, 000279.500, 183
Trd, 000279.967, 182
Trd, 000280.117, 178
Trd, 000280.733, 183
Trd, 000280.800, 182
Trd, 000281.033, 186
Trd, 000282.367, 184
Trd, 000282.383, 183
Trd, 000282.633, 183
Trd, 000282.933, 184
Trd, 000283.617, 182
Trd, 000284.200, 184
Trd, 000284.617, 183
Trd, 000285.000, 184
Trd, 000285.250, 188
Trd, 000286.033, 183
Trd, 000286.267, 182
Trd, 000287.300, 180
Trd, 000287.400, 179
Trd, 000287.717, 177
Trd, 000288.217, 176
Trd, 000289.117, 177
Trd, 000289.550, 177
Trd, 000291.350, 175
Trd, 000291.467, 176
Trd, 000291.533, 179
Trd, 000291.700, 180
Trd, 000292.750, 178
Trd, 000292.900, 179
Trd, 000293.033, 174
Trd, 000293.500, 180
Trd, 000293.550, 194
Trd, 000293.833, 190
Trd, 000294.267, 177
Trd, 000294.617, 189
Trd, 000294.650, 172
Trd, 000295.567, 183
Trd, 000295.983, 184
Trd, 000296.283, 182
Trd, 000296.533, 185
Trd, 000298.133, 184
Trd, 000298.633, 182
Trd, 000298.733, 183
Trd, 000299.117, 182
Trd, 000299.367, 181
