Trd, 000002.717, 158
Trd, 000003.467, 167
Trd, 000003.717, 158
Trd, 000005.000, 158
Trd, 000005.733, 157
Trd, 000006.233, 156
Trd, 000006.350, 155
Trd, 000006.417, 157
Trd, 000006.883, 148
Trd, 000007.567, 158
Trd, 000007.800, 162
Trd, 000009.017, 156
Trd, 000010.067, 156
Trd, 000010.150, 157
Trd, 000010.250, 152
Trd, 000010.850, 156
Trd, 000011.233, 153
Trd, 000011.350, 152
Trd, 000012.200, 157
Trd, 000012.217, 149
Trd, 000014.167, 151
Trd, 000014.600, 152
Trd, 000014.950, 156
Trd, 000015.067, 152
Trd, 000015.183, 163
Trd, 000016.117, 153
Trd, 000016.650, 154
Trd, 000016.667, 155
Trd, 000016.783, 152
Trd, 000017.400, 152
Trd, 000017.717, 151
Trd, 000017.983, 152
Trd, 000018.967, 153
Trd, 000019.300, 151
Trd, 000019.383, 150
Trd, 000019.600, 146
Trd, 000020.450, 145
Trd, 000021.633, 156
Trd, 000022.200, 157
Trd, 000022.217, 160
Trd, 000023.600, 154
Trd, 000024.100, 153
Trd, 000024.150, 159
Trd, 000025.533, 153
Trd, 000025.783, 152
Trd, 000025.800, 156
Trd, 000026.617, 152
Trd, 000026.683, 151
Trd, 000026.767, 150
Trd, 000026.950, 150
Trd, 000028.717, 152
Trd, 000028.817, 153
Trd, 000028.917, 152
Trd, 000029.067, 160
Trd, 000029.717, 158
Trd, 000030.683, 156
Trd, 000030.733, 154
Trd, 000030.800, 161
Trd, 000032.083, 155
Trd, 000032.283, 160
Trd, 000032.483, 153
Trd, 000032.950, 158
Trd, 000034.617, 155
Trd, 000034.983, 155
Trd, 000035.850, 159
Trd, 000036.600, 165
Trd, 000036.633, 168
Trd, 000037.950, 156
Trd, 000038.633, 157
Trd, 000039.383, 156
Trd, 000039.600, 155
Trd, 000039.750, 152
Trd, 000040.250, 154
Trd, 000040.467, 149
Trd, 000041.517, 148
Trd, 000041.717, 151
Trd, 000041.750, 151
Trd, 000042.617, 148
Trd, 000043.250, 158
Trd, 000044.050, 158
Trd, 000044.133, 157
Trd, 000047.017, 152
Trd, 000047.417, 154
Trd, 000047.483, 157
Trd, 000047.767, 157
Trd, 000048.167, 153
Trd, 000048.267, 158
Trd, 000049.367, 156
Trd, 000049.600, 159
Trd, 000050.967, 160
Trd, 000051.183, 159
Trd, 000051.933, 159
Trd, 000052.833, 159
Trd, 000052.850, 160
Trd, 000053.533, 158
Trd, 000053.633, 157
Trd, 000053.767, 156
Trd, 000054.667, 157
Trd, 000055.667, 156
Trd, 000055.733, 143
Trd, 000056.533, 153
Trd, 000058.083, 154
Trd, 000058.383, 155
Trd, 000058.767, 158
Trd, 000058.817, 161
Trd, 000059.167, 161
Trd, 000059.500, 157
Trd, 000060.600, 159
Trd, 000061.067, 159
Trd, 000061.483, 158
Trd, 000062.000, 159
Trd, 000062.467, 164
Trd, 000062.483, 157
Trd, 000062.717, 168
Trd, 000063.533, 161
Trd, 000063.717, 159
Trd, 000063.833, 173
Trd, 000065.750, 159
Trd, 000066.183, 158
Trd, 000066.217, 154
Trd, 000066.300, 164
Trd, 000066.733, 162
Trd, 000067.400, 160
Trd, 000067.800, 162
Trd, 000068.117, 163
Trd, 000068.967, 162
Trd, 000069.083, 164
Trd, 000069.700, 160
Trd, 000069.717, 165
Trd, 000070.067, 169
Trd, 000071.100, 160
Trd, 000071.267, 167
Trd, 000073.433, 162
Trd, 000073.550, 158
Trd, 000074.367, 167
Trd, 000075.383, 167
Trd, 000075.583, 169
Trd, 000075.883, 165
Trd, 000076.867, 166
Trd, 000077.033, 166
Trd, 000078.950, 165
Trd, 000079.233, 163
Trd, 000079.633, 160
Trd, 000080.067, 163
Trd, 000081.067, 162
Trd, 000081.650, 159
Trd, 000081.800, 163
Trd, 000081.900, 159
Trd, 000082.300, 163
Trd, 000082.383, 156
Trd, 000082.400, 152
Trd, 000082.900, 156
Trd, 000083.183, 164
Trd, 000083.367, 155
Trd, 000083.767, 153
Trd, 000084.483, 165
Trd, 000085.867, 161
Trd, 000086.583, 162
Trd, 000087.217, 163
Trd, 000088.000, 158
Trd, 000089.017, 162
Trd, 000089.083, 157
Trd, 000090.133, 161
Trd, 000090.350, 164
Trd, 000090.833, 160
Trd, 000090.950, 161
Trd, 000092.733, 164
Trd, 000093.517, 164
Trd, 000094.850, 165
Trd, 000094.933, 164
Trd, 000095.633, 164
Trd, 000095.767, 157
Trd, 000096.283, 157
Trd, 000096.917, 162
Trd, 000097.583, 161
Trd, 000098.067, 158
Trd, 000098.483, 160
Trd, 000098.600, 162
Trd, 000099.217, 159
Trd, 000099.533, 160
Trd, 000099.783, 159
Trd, 000100.183, 160
Trd, 000100.783, 161
Trd, 000101.583, 162
Trd, 000102.017, 162
Trd, 000103.450, 165
Trd, 000103.783, 161
Trd, 000104.600, 163
Trd, 000104.767, 162
Trd, 000104.950, 165
Trd, 000105.300, 165
Trd, 000105.617, 158
Trd, 000106.883, 164
Trd, 000107.117, 162
Trd, 000107.700, 166
Trd, 000108.017, 166
Trd, 000108.550, 160
Trd, 000108.633, 154
Trd, 000108.917, 166
Trd, 000109.483, 167
Trd, 000109.583, 167
Trd, 000110.883, 168
Trd, 000112.017, 169
Trd, 000112.550, 169
Trd, 000112.767, 170
Trd, 000113.100, 172
Trd, 000114.167, 167
Trd, 000114.283, 166
Trd, 000115.717, 169
Trd, 000116.483, 161
Trd, 000117.117, 166
Trd, 000117.383, 167
Trd, 000117.983, 166
Trd, 000118.450, 166
Trd, 000119.317, 164
Trd, 000119.400, 165
Trd, 000120.233, 166
Trd, 000120.250, 163
Trd, 000120.383, 160
Trd, 000120.500, 167
Trd, 000120.700, 155
Trd, 000121.917, 163
Trd, 000122.017, 167
Trd, 000122.117, 168
Trd, 000122.300, 170
Trd, 000122.333, 174
Trd, 000122.617, 175
Trd, 000123.167, 177
Trd, 000123.933, 201
Trd, 000124.117, 208
Trd, 000124.167, 221
Trd, 000124.600, 301
Trd, 000125.383, 303.0
Trd, 000125.600, 326
Trd, 000126.383, 337.0
Trd, 000126.483, 345
Trd, 000126.817, 344.0
Trd, 000126.983, 350
Trd, 000127.450, 350
Trd, 000127.600, 351
Trd, 000128.000, 356
Trd, 000128.667, 358.0
Trd, 000128.750, 351.0
Trd, 000129.283, 350.0
Trd, 000129.600, 348.0
Trd, 000130.767, 341
Trd, 000131.017, 347.0
Trd, 000131.900, 337.0
Trd, 000133.050, 346
Trd, 000133.267, 341
Trd, 000133.350, 345
Trd, 000133.833, 348.0
Trd, 000134.333, 350
Trd, 000134.567, 345.0
Trd, 000134.950, 344.0
Trd, 000135.567, 349
Trd, 000136.317, 351
Trd, 000136.733, 356
Trd, 000137.500, 348.0
Trd, 000137.867, 352
Trd, 000139.300, 349
Trd, 000139.483, 346
Trd, 000139.817, 351
Trd, 000140.200, 344.0
Trd, 000141.567, 348
Trd, 000141.750, 346
Trd, 000142.350, 340.0
Trd, 000142.467, 342
Trd, 000142.567, 347
Trd, 000142.700, 337.0
Trd, 000142.967, 348.0
Trd, 000144.550, 346.0
Trd, 000144.967, 348
Trd, 000145.067, 344.0
Trd, 000145.317, 352
Trd, 000145.900, 343
Trd, 000146.483, 350
Trd, 000146.667, 348.0
Trd, 000148.233, 345
Trd, 000149.033, 345.0
Trd, 000149.550, 347
Trd, 000150.400, 344.0
Trd, 000150.483, 348.0
Trd, 000150.933, 345
Trd, 000151.017, 346
Trd, 000152.200, 346
Trd, 000153.050, 344
Trd, 000153.450, 348
Trd, 000154.117, 350
Trd, 000154.983, 347.0
Trd, 000155.183, 346.0
Trd, 000156.367, 345
Trd, 000156.483, 344.0
Trd, 000156.817, 347
Trd, 000157.800, 351.0
Trd, 000158.300, 353
Trd, 000159.083, 355.0
Trd, 000159.300, 353
Trd, 000160.450, 356.0
Trd, 000161.500, 357
Trd, 000161.633, 358.0
Trd, 000162.083, 353
Trd, 000162.467, 350
Trd, 000162.950, 355.0
Trd, 000163.117, 354
Trd, 000163.417, 348
Trd, 000164.183, 352
Trd, 000164.550, 350
Trd, 000164.667, 355
Trd, 000164.967, 348.0
Trd, 000165.700, 349
Trd, 000166.983, 353
Trd, 000167.200, 348
Trd, 000167.483, 352
Trd, 000167.567, 351.0
Trd, 000167.717, 355
Trd, 000168.917, 353
Trd, 000169.283, 351.0
Trd, 000169.367, 349
Trd, 000170.033, 349.0
Trd, 000171.033, 353
Trd, 000171.250, 348.0
Trd, 000171.367, 354
Trd, 000171.417, 355
Trd, 000172.033, 345.0
Trd, 000172.817, 349
Trd, 000173.017, 351.0
Trd, 000173.067, 353
Trd, 000173.167, 356
Trd, 000173.800, 358.0
Trd, 000174.617, 350
Trd, 000174.750, 344.0
Trd, 000175.383, 349
Trd, 000177.400, 349.0
Trd, 000177.650, 349
Trd, 000178.967, 349
Trd, 000179.467, 355
Trd, 000179.517, 350.0
Trd, 000179.617, 351.0
Trd, 000179.667, 348.0
Trd, 000179.767, 356
Trd, 000181.133, 350
Trd, 000181.217, 348.0
Trd, 000181.283, 345.0
Trd, 000181.733, 344.0
Trd, 000182.100, 342
Trd, 000182.167, 337.0
Trd, 000182.767, 321
Trd, 000183.417, 312
Trd, 000183.867, 306.0
Trd, 000184.183, 232
Trd, 000184.233, 186
Trd, 000184.700, 176
Trd, 000184.950, 173
Trd, 000185.267, 169
Trd, 000185.817, 183
Trd, 000186.017, 166
Trd, 000187.250, 178
Trd, 000187.667, 164
Trd, 000187.733, 166
Trd, 000188.267, 166
Trd, 000189.317, 173
Trd, 000190.267, 174
Trd, 000190.383, 177
Trd, 000190.600, 173
Trd, 000190.733, 170
Trd, 000190.833, 167
Trd, 000191.833, 163
Trd, 000192.033, 168
Trd, 000192.617, 168
Trd, 000193.500, 174
Trd, 000193.517, 170
Trd, 000194.067, 174
Trd, 000194.500, 173
Trd, 000195.650, 173
Trd, 000196.050, 177
Trd, 000196.317, 172
Trd, 000196.467, 163
Trd, 000197.417, 176
Trd, 000198.450, 175
Trd, 000198.650, 171
Trd, 000198.683, 177
Trd, 000199.300, 177
Trd, 000199.650, 178
Trd, 000200.517, 172
Trd, 000200.667, 171
Trd, 000201.133, 169
Trd, 000202.067, 177
Trd, 000202.267, 175
Trd, 000203.867, 171
Trd, 000204.067, 168
Trd, 000204.450, 174
Trd, 000204.933, 172
Trd, 000205.033, 175
Trd, 000205.450, 169
Trd, 000206.367, 170
Trd, 000206.400, 168
Trd, 000206.517, 171
Trd, 000207.550, 176
Trd, 000208.283, 178
Trd, 000208.633, 172
Trd, 000209.467, 179
Trd, 000210.450, 180
Trd, 000210.467, 170
Trd, 000212.067, 170
Trd, 000212.233, 173
Trd, 000212.367, 169
Trd, 000212.833, 169
Trd, 000213.433, 171
Trd, 000214.500, 172
Trd, 000214.717, 174
Trd, 000214.783, 169
Trd, 000216.700, 176
Trd, 000217.617, 174
Trd, 000217.717, 177
Trd, 000219.733, 176
Trd, 000220.283, 176
Trd, 000220.433, 173
Trd, 000220.500, 177
Trd, 000221.100, 179
Trd, 000221.183, 174
Trd, 000221.583, 174
Trd, 000222.600, 177
Trd, 000222.950, 178
Trd, 000223.117, 173
Trd, 000223.750, 178
Trd, 000224.017, 170
Trd, 000224.267, 177
Trd, 000224.383, 171
Trd, 000225.883, 175
Trd, 000225.983, 178
Trd, 000226.300, 184
Trd, 000226.817, 183
Trd, 000227.117, 171
Trd, 000227.950, 183
Trd, 000229.017, 184
Trd, 000230.100, 181
Trd, 000230.850, 182
Trd, 000230.967, 181
Trd, 000231.617, 181
Trd, 000232.583, 179
Trd, 000233.817, 180
Trd, 000234.183, 178
Trd, 000234.983, 178
Trd, 000235.050, 177
Trd, 000235.617, 175
Trd, 000236.000, 175
Trd, 000236.600, 175
Trd, 000236.717, 176
Trd, 000236.750, 174
Trd, 000236.933, 179
Trd, 000237.717, 172
Trd, 000238.983, 172
Trd, 000239.217, 177
Trd, 000239.267, 172
Trd, 000239.317, 179
Trd, 000240.700, 175
Trd, 000240.983, 175
Trd, 000241.233, 177
Trd, 000241.333, 176
Trd, 000241.733, 176
Trd, 000241.917, 177
Trd, 000242.083, 168
Trd, 000242.233, 182
Trd, 000242.250, 161
Trd, 000243.217, 176
Trd, 000243.400, 179
Trd, 000243.683, 177
Trd, 000244.017, 176
Trd, 000244.033, 177
Trd, 000244.200, 179
Trd, 000244.517, 178
Trd, 000245.067, 180
Trd, 000245.950, 183
Trd, 000246.233, 181
Trd, 000246.767, 178
Trd, 000246.783, 175
Trd, 000247.050, 179
Trd, 000247.083, 180
Trd, 000248.117, 177
Trd, 000248.867, 176
Trd, 000248.983, 180
Trd, 000249.467, 174
Trd, 000250.250, 176
Trd, 000250.917, 177
Trd, 000251.000, 174
Trd, 000251.083, 180
Trd, 000251.167, 176
Trd, 000251.883, 179
Trd, 000252.517, 177
Trd, 000253.067, 173
Trd, 000253.583, 173
Trd, 000253.750, 174
Trd, 000255.017, 175
Trd, 000255.333, 176
Trd, 000255.400, 173
Trd, 000255.933, 170
Trd, 000256.283, 177
Trd, 000256.867, 174
Trd, 000257.400, 171
Trd, 000257.817, 175
Trd, 000258.183, 172
Trd, 000258.217, 180
Trd, 000258.383, 169
Trd, 000258.867, 177
Trd, 000259.683, 180
Trd, 000260.167, 177
Trd, 000260.700, 180
Trd, 000261.883, 174
Trd, 000262.217, 180
Trd, 000263.183, 181
Trd, 000263.200, 176
Trd, 000263.667, 182
Trd, 000263.767, 178
Trd, 000264.883, 174
Trd, 000265.433, 175
Trd, 000265.633, 177
Trd, 000266.517, 178
Trd, 000266.700, 176
Trd, 000266.950, 175
Trd, 000268.017, 175
Trd, 000268.250, 174
Trd, 000268.300, 175
Trd, 000268.450, 173
Trd, 000269.050, 177
Trd, 000269.200, 179
Trd, 000269.483, 182
Trd, 000269.617, 183
Trd, 000269.683, 185
Trd, 000269.750, 186
Trd, 000269.833, 181
Trd, 000270.033, 178
Trd, 000271.750, 179
Trd, 000271.933, 177
Trd, 000272.650, 176
Trd, 000272.967, 175
Trd, 000274.000, 171
Trd, 000275.950, 178
Trd, 000276.133, 178
Trd, 000276.233, 184
Trd, 000276.550, 183
Trd, 000277.000, 183
Trd, 000277.350, 178
Trd, 000277.567, 178
Trd, 000277.867, 177
Trd, 000278.117, 175
Trd, 000278.900, 175
Trd, 000279.117, 177
Trd, 000279.800, 174
Trd, 000279.900, 180
Trd, 000280.200, 183
Trd, 000280.300, 173
Trd, 000280.717, 183
Trd, 000280.817, 172
Trd, 000281.367, 174
Trd, 000281.583, 176
Trd, 000281.817, 176
Trd, 000282.633, 179
Trd, 000283.067, 183
Trd, 000283.883, 176
Trd, 000284.100, 176
Trd, 000284.600, 173
Trd, 000285.100, 179
Trd, 000285.117, 173
Trd, 000285.683, 181
Trd, 000286.183, 173
Trd, 000286.467, 181
Trd, 000286.633, 182
Trd, 000286.867, 179
Trd, 000287.200, 180
Trd, 000287.900, 183
Trd, 000288.117, 191
Trd, 000288.417, 193
Trd, 000289.100, 185
Trd, 000289.333, 187
Trd, 000289.483, 178
Trd, 000289.633, 189
Trd, 000290.350, 188
Trd, 000290.867, 182
Trd, 000291.117, 180
Trd, 000291.450, 179
Trd, 000291.550, 187
Trd, 000291.900, 180
Trd, 000292.200, 187
Trd, 000292.850, 188
Trd, 000293.617, 187
Trd, 000293.800, 185
Trd, 000294.017, 189
Trd, 000294.383, 184
Trd, 000294.467, 180
Trd, 000294.483, 177
Trd, 000295.417, 176
Trd, 000296.083, 179
Trd, 000296.233, 173
Trd, 000296.650, 177
Trd, 000298.300, 178
Trd, 000298.533, 177
Trd, 000298.633, 179
Trd, 000298.667, 180
Trd, 000299.133, 178
Trd, 000299.300, 174
Trd, 000299.533, 174
Trd, 000299.967, 174
