Trd, 000001.167, 123
Trd, 000002.000, 155
Trd, 000002.167, 140
Trd, 000002.217, 143
Trd, 000003.733, 157
Trd, 000004.633, 162
Trd, 000004.883, 163
Trd, 000005.967, 161
Trd, 000006.133, 162
Trd, 000006.500, 164
Trd, 000007.050, 159
Trd, 000007.333, 158
Trd, 000009.383, 156
Trd, 000009.533, 159
Trd, 000009.817, 156
Trd, 000009.917, 155
Trd, 000009.967, 157
Trd, 000010.400, 153
Trd, 000010.967, 150
Trd, 000012.733, 152
Trd, 000013.450, 150
Trd, 000013.567, 151
Trd, 000013.750, 153
Trd, 000014.533, 153
Trd, 000014.700, 154
Trd, 000015.417, 155
Trd, 000015.817, 150
Trd, 000016.017, 156
Trd, 000016.433, 158
Trd, 000017.317, 154
Trd, 000017.617, 150
Trd, 000018.067, 139
Trd, 000019.233, 157
Trd, 000019.617, 156
Trd, 000019.683, 152
Trd, 000020.200, 154
Trd, 000020.317, 157
Trd, 000021.250, 160
Trd, 000021.933, 160
Trd, 000022.450, 171
Trd, 000022.983, 160
Trd, 000024.517, 161
Trd, 000024.917, 160
Trd, 000025.033, 159
Trd, 000025.333, 160
Trd, 000025.683, 157
Trd, 000026.250, 149
Trd, 000026.467, 147
Trd, 000026.683, 160
Trd, 000027.150, 161
Trd, 000028.383, 161
Trd, 000028.833, 153
Trd, 000028.883, 151
Trd, 000029.400, 156
Trd, 000029.417, 149
Trd, 000030.967, 159
Trd, 000031.183, 158
Trd, 000032.433, 159
Trd, 000032.767, 159
Trd, 000033.600, 158
Trd, 000033.717, 159
Trd, 000034.133, 158
Trd, 000034.383, 157
Trd, 000034.700, 155
Trd, 000034.800, 158
Trd, 000035.233, 151
Trd, 000035.350, 159
Trd, 000036.383, 159
Trd, 000037.750, 153
Trd, 000038.083, 157
Trd, 000038.183, 141
Trd, 000038.483, 138
Trd, 000038.817, 133
Trd, 000039.050, 156
Trd, 000039.800, 157
Trd, 000040.117, 136
Trd, 000041.683, 155
Trd, 000042.017, 147
Trd, 000042.583, 146
Trd, 000042.933, 156
Trd, 000044.283, 145
Trd, 000044.750, 148
Trd, 000045.067, 147
Trd, 000045.167, 141
Trd, 000045.350, 134
Trd, 000045.700, 133
Trd, 000046.017, 144
Trd, 000046.550, 146
Trd, 000046.883, 134
Trd, 000047.250, 135
Trd, 000047.267, 134
Trd, 000047.700, 147
Trd, 000048.200, 142
Trd, 000048.650, 149
Trd, 000049.717, 145
Trd, 000050.133, 160
Trd, 000050.567, 160
Trd, 000051.567, 153
Trd, 000052.233, 162
Trd, 000052.450, 154
Trd, 000053.650, 144
Trd, 000055.267, 148
Trd, 000055.633, 176
Trd, 000056.850, 168
Trd, 000057.133, 169
Trd, 000057.450, 173
Trd, 000057.617, 169
Trd, 000058.000, 168
Trd, 000058.450, 169
Trd, 000058.700, 166
Trd, 000058.750, 165
Trd, 000060.400, 164
Trd, 000060.667, 164
Trd, 000060.800, 161
Trd, 000062.283, 160
Trd, 000062.900, 156
Trd, 000063.500, 156
Trd, 000063.750, 156
Trd, 000064.017, 152
Trd, 000064.433, 158
Trd, 000064.650, 136
Trd, 000064.750, 161
Trd, 000065.183, 136
Trd, 000065.883, 143
Trd, 000066.283, 145
Trd, 000066.617, 134
Trd, 000066.750, 132
Trd, 000066.867, 131
Trd, 000067.700, 143
Trd, 000068.317, 142
Trd, 000068.367, 142
Trd, 000068.400, 144
Trd, 000068.750, 144
Trd, 000070.233, 148
Trd, 000070.817, 150
Trd, 000071.533, 155
Trd, 000072.333, 162
Trd, 000073.767, 186
Trd, 000073.783, 176
Trd, 000074.467, 160
Trd, 000074.750, 160
Trd, 000075.817, 165
Trd, 000076.650, 163
Trd, 000076.700, 166
Trd, 000076.817, 162
Trd, 000077.350, 145
Trd, 000077.900, 156
Trd, 000078.967, 154
Trd, 000079.517, 154
Trd, 000079.733, 154
Trd, 000079.850, 156
Trd, 000080.400, 155
Trd, 000080.717, 163
Trd, 000081.317, 166
Trd, 000081.950, 156
Trd, 000082.367, 161
Trd, 000082.750, 158
Trd, 000084.483, 156
Trd, 000084.600, 145
Trd, 000084.667, 157
Trd, 000084.883, 158
Trd, 000085.200, 160
Trd, 000086.067, 162
Trd, 000086.967, 164
Trd, 000087.100, 161
Trd, 000087.750, 182
Trd, 000087.783, 183
Trd, 000088.250, 159
Trd, 000089.067, 147
Trd, 000090.733, 163
Trd, 000090.767, 149
Trd, 000092.200, 150
Trd, 000092.300, 154
Trd, 000093.500, 149
Trd, 000093.517, 146
Trd, 000094.133, 146
Trd, 000094.450, 151
Trd, 000095.167, 151
Trd, 000095.317, 164
Trd, 000095.733, 150
Trd, 000096.750, 174
Trd, 000097.200, 172
Trd, 000098.150, 172
Trd, 000098.450, 178
Trd, 000099.417, 177
Trd, 000099.500, 177
Trd, 000100.117, 168
Trd, 000100.733, 165
Trd, 000101.150, 158
Trd, 000102.717, 159
Trd, 000104.133, 159
Trd, 000104.267, 159
Trd, 000104.383, 160
Trd, 000104.533, 162
Trd, 000104.883, 158
Trd, 000104.900, 157
Trd, 000105.017, 147
Trd, 000106.100, 162
Trd, 000106.117, 145
Trd, 000106.250, 165
Trd, 000107.000, 185
Trd, 000107.167, 166
Trd, 000107.617, 143
Trd, 000108.650, 161
Trd, 000108.917, 162
Trd, 000109.200, 189
Trd, 000110.267, 151
Trd, 000110.983, 151
Trd, 000111.267, 150
Trd, 000111.617, 150
Trd, 000112.300, 148
Trd, 000112.867, 156
Trd, 000113.917, 157
Trd, 000114.083, 156
Trd, 000114.167, 155
Trd, 000115.183, 164
Trd, 000115.717, 165
Trd, 000115.883, 166
Trd, 000116.200, 157
Trd, 000116.933, 162
Trd, 000118.250, 157
Trd, 000118.833, 159
Trd, 000118.967, 158
Trd, 000119.633, 161
Trd, 000119.950, 159
Trd, 000120.683, 167
Trd, 000120.817, 185
Trd, 000121.233, 185
Trd, 000121.633, 198
Trd, 000122.083, 183
Trd, 000122.583, 208
Trd, 000122.817, 227
Trd, 000123.067, 205
Trd, 000123.233, 209
Trd, 000123.317, 217
Trd, 000123.333, 250
Trd, 000124.150, 303
Trd, 000124.300, 302
Trd, 000124.767, 310.0
Trd, 000124.900, 317.0
Trd, 000126.083, 319.0
Trd, 000126.283, 318
Trd, 000126.633, 320.0
Trd, 000126.783, 327.0
Trd, 000127.117, 340
Trd, 000127.583, 340.0
Trd, 000127.950, 341.0
Trd, 000128.250, 317.0
Trd, 000129.033, 339.0
Trd, 000129.083, 353.0
Trd, 000129.483, 337.0
Trd, 000129.533, 336
Trd, 000130.717, 354.0
Trd, 000130.767, 330
Trd, 000131.733, 355.0
Trd, 000133.067, 359.0
Trd, 000133.100, 358.0
Trd, 000133.850, 354
Trd, 000134.183, 356
Trd, 000134.317, 326
Trd, 000134.467, 324.0
Trd, 000134.700, 327.0
Trd, 000136.233, 352
Trd, 000137.317, 344
Trd, 000137.683, 344
Trd, 000138.033, 345
Trd, 000138.150, 343
Trd, 000138.733, 355.0
Trd, 000138.917, 360
Trd, 000139.367, 344
Trd, 000139.767, 351
Trd, 000140.983, 365
Trd, 000141.017, 364
Trd, 000141.167, 352
Trd, 000141.250, 379.0
Trd, 000142.700, 337.0
Trd, 000143.033, 333
Trd, 000143.233, 336
Trd, 000143.867, 376
Trd, 000144.283, 330
Trd, 000145.367, 338.0
Trd, 000147.000, 359.0
Trd, 000147.050, 358.0
Trd, 000147.117, 356
Trd, 000147.650, 354
Trd, 000148.033, 351
Trd, 000148.900, 353
Trd, 000149.050, 351
Trd, 000150.167, 351.0
Trd, 000151.367, 349
Trd, 000151.600, 338.0
Trd, 000151.967, 347
Trd, 000152.000, 350
Trd, 000152.717, 339.0
Trd, 000153.433, 349
Trd, 000154.783, 337.0
Trd, 000155.200, 350
Trd, 000155.283, 351
Trd, 000155.317, 334
Trd, 000155.383, 332
Trd, 000156.433, 333
Trd, 000156.700, 331
Trd, 000157.517, 351.0
Trd, 000157.733, 355.0
Trd, 000158.317, 348
Trd, 000159.383, 348
Trd, 000159.483, 337.0
Trd, 000160.050, 353
Trd, 000161.583, 349
Trd, 000161.817, 345
Trd, 000162.300, 343
Trd, 000162.550, 339
Trd, 000163.550, 345
Trd, 000164.050, 340
Trd, 000164.367, 346
Trd, 000164.700, 338
Trd, 000165.417, 338.0
Trd, 000165.750, 346
Trd, 000166.183, 339.0
Trd, 000166.283, 338.0
Trd, 000166.533, 354.0
Trd, 000166.967, 348
Trd, 000167.250, 355.0
Trd, 000167.367, 337.0
Trd, 000169.450, 339
Trd, 000169.517, 338
Trd, 000170.717, 353
Trd, 000171.017, 337.0
Trd, 000171.133, 353
Trd, 000171.250, 355.0
Trd, 000171.567, 355
Trd, 000171.683, 349
Trd, 000171.933, 332
Trd, 000172.433, 354
Trd, 000172.617, 339
Trd, 000172.717, 329
Trd, 000174.467, 375
Trd, 000175.850, 349
Trd, 000176.483, 349.0
Trd, 000176.583, 348.0
Trd, 000176.783, 339
Trd, 000176.933, 351
Trd, 000177.067, 355.0
Trd, 000177.750, 358.0
Trd, 000178.517, 356.0
Trd, 000179.000, 355.0
Trd, 000179.067, 369
Trd, 000179.783, 356
Trd, 000180.367, 352
Trd, 000181.267, 349.0
Trd, 000181.817, 337.0
Trd, 000181.833, 330
Trd, 000181.983, 356
Trd, 000182.667, 326
Trd, 000183.267, 324.0
Trd, 000183.550, 317.0
Trd, 000183.567, 300.0
Trd, 000183.850, 293
Trd, 000183.917, 309
Trd, 000184.067, 250
Trd, 000184.367, 207
Trd, 000185.117, 218
Trd, 000185.150, 207
Trd, 000185.217, 192
Trd, 000185.967, 183
Trd, 000186.650, 182
Trd, 000188.150, 176
Trd, 000190.417, 184
Trd, 000190.550, 182
Trd, 000191.083, 180
Trd, 000191.400, 182
Trd, 000192.000, 181
Trd, 000192.667, 180
Trd, 000193.600, 177
Trd, 000194.000, 177
Trd, 000194.350, 174
Trd, 000194.483, 178
Trd, 000195.900, 172
Trd, 000196.117, 168
Trd, 000196.283, 167
Trd, 000197.083, 172
Trd, 000197.683, 193
Trd, 000197.833, 194
Trd, 000197.983, 182
Trd, 000198.467, 166
Trd, 000199.133, 173
Trd, 000199.900, 173
Trd, 000200.117, 178
Trd, 000200.217, 195
Trd, 000200.767, 172
Trd, 000201.167, 172
Trd, 000202.617, 168
Trd, 000203.450, 159
Trd, 000203.617, 177
Trd, 000203.700, 157
Trd, 000205.117, 175
Trd, 000205.817, 156
Trd, 000205.967, 153
Trd, 000206.050, 172
Trd, 000207.150, 164
Trd, 000207.567, 170
Trd, 000207.617, 175
Trd, 000207.783, 172
Trd, 000208.183, 163
Trd, 000209.300, 173
Trd, 000209.867, 159
Trd, 000209.883, 158
Trd, 000210.367, 177
Trd, 000210.800, 176
Trd, 000211.467, 156
Trd, 000211.650, 189
Trd, 000211.967, 166
Trd, 000212.883, 151
Trd, 000213.067, 178
Trd, 000213.467, 175
Trd, 000214.300, 176
Trd, 000214.833, 173
Trd, 000215.333, 194
Trd, 000216.317, 172
Trd, 000216.483, 169
Trd, 000217.600, 176
Trd, 000217.650, 173
Trd, 000218.200, 175
Trd, 000218.267, 170
Trd, 000219.167, 174
Trd, 000219.667, 170
Trd, 000220.417, 174
Trd, 000220.600, 170
Trd, 000220.850, 169
Trd, 000221.267, 170
Trd, 000222.417, 170
Trd, 000222.550, 170
Trd, 000222.650, 159
Trd, 000223.367, 173
Trd, 000224.383, 155
Trd, 000224.700, 156
Trd, 000224.917, 165
Trd, 000224.933, 155
Trd, 000225.100, 166
Trd, 000225.483, 153
Trd, 000226.550, 152
Trd, 000228.883, 162
Trd, 000228.950, 161
Trd, 000229.417, 160
Trd, 000230.083, 160
Trd, 000230.300, 160
Trd, 000230.650, 159
Trd, 000230.950, 160
Trd, 000231.100, 163
Trd, 000231.133, 156
Trd, 000231.517, 163
Trd, 000231.867, 178
Trd, 000232.117, 181
Trd, 000232.583, 180
Trd, 000232.700, 152
Trd, 000232.800, 149
Trd, 000233.183, 194
Trd, 000236.283, 180
Trd, 000237.150, 181
Trd, 000237.400, 180
Trd, 000237.883, 182
Trd, 000238.583, 178
Trd, 000239.033, 178
Trd, 000239.400, 177
Trd, 000239.500, 176
Trd, 000239.967, 179
Trd, 000240.117, 177
Trd, 000240.150, 175
Trd, 000240.200, 173
Trd, 000240.350, 177
Trd, 000241.200, 173
Trd, 000241.300, 176
Trd, 000241.417, 176
Trd, 000241.617, 172
Trd, 000241.833, 171
Trd, 000242.900, 172
Trd, 000243.383, 170
Trd, 000243.567, 169
Trd, 000243.700, 176
Trd, 000244.983, 169
Trd, 000245.250, 168
Trd, 000245.567, 168
Trd, 000245.883, 173
Trd, 000246.100, 174
Trd, 000246.317, 168
Trd, 000246.833, 174
Trd, 000247.250, 179
Trd, 000247.400, 179
Trd, 000248.383, 176
Trd, 000248.700, 175
Trd, 000249.017, 175
Trd, 000249.183, 175
Trd, 000249.417, 176
Trd, 000249.767, 174
Trd, 000250.017, 180
Trd, 000250.133, 173
Trd, 000250.200, 169
Trd, 000250.800, 181
Trd, 000251.100, 168
Trd, 000251.550, 181
Trd, 000251.700, 180
Trd, 000251.950, 181
Trd, 000252.033, 174
Trd, 000253.200, 185
Trd, 000253.767, 184
Trd, 000253.983, 155
Trd, 000255.300, 171
Trd, 000255.450, 181
Trd, 000255.667, 168
Trd, 000256.300, 176
Trd, 000256.433, 175
Trd, 000256.533, 172
Trd, 000256.750, 167
Trd, 000257.300, 175
Trd, 000257.767, 176
Trd, 000257.833, 174
Trd, 000258.467, 174
Trd, 000259.517, 165
Trd, 000259.583, 170
Trd, 000259.617, 157
Trd, 000259.717, 171
Trd, 000259.983, 172
Trd, 000260.600, 177
Trd, 000261.233, 164
Trd, 000261.700, 172
Trd, 000261.950, 172
Trd, 000262.383, 172
Trd, 000262.550, 174
Trd, 000262.750, 171
Trd, 000262.767, 177
Trd, 000264.233, 181
Trd, 000264.533, 176
Trd, 000264.550, 176
Trd, 000265.433, 173
Trd, 000265.467, 163
Trd, 000265.833, 180
Trd, 000266.050, 180
Trd, 000266.350, 178
Trd, 000266.417, 158
Trd, 000266.700, 183
Trd, 000266.833, 182
Trd, 000267.650, 184
Trd, 000268.550, 180
Trd, 000268.767, 177
Trd, 000268.850, 181
Trd, 000269.017, 182
Trd, 000269.233, 179
Trd, 000269.867, 176
Trd, 000269.933, 179
Trd, 000270.100, 175
Trd, 000270.833, 178
Trd, 000270.883, 177
Trd, 000271.433, 181
Trd, 000271.750, 179
Trd, 000272.700, 181
Trd, 000272.767, 177
Trd, 000272.983, 176
Trd, 000273.450, 180
Trd, 000274.033, 181
Trd, 000274.567, 175
Trd, 000275.317, 181
Trd, 000275.383, 182
Trd, 000275.683, 182
Trd, 000275.967, 175
Trd, 000276.317, 181
Trd, 000276.800, 185
Trd, 000277.133, 180
Trd, 000277.267, 186
Trd, 000277.583, 185
Trd, 000277.750, 164
Trd, 000277.917, 187
Trd, 000277.933, 186
Trd, 000279.433, 165
Trd, 000279.933, 160
Trd, 000279.967, 159
Trd, 000280.383, 166
Trd, 000280.400, 173
Trd, 000280.717, 173
Trd, 000281.467, 163
Trd, 000281.850, 163
Trd, 000282.083, 165
Trd, 000282.100, 165
Trd, 000282.400, 158
Trd, 000282.583, 179
Trd, 000282.833, 183
Trd, 000282.983, 154
Trd, 000283.267, 181
Trd, 000283.750, 165
Trd, 000284.050, 185
Trd, 000284.217, 186
Trd, 000284.433, 184
Trd, 000284.833, 174
Trd, 000285.517, 186
Trd, 000286.717, 191
Trd, 000286.967, 191
Trd, 000287.233, 187
Trd, 000287.400, 188
Trd, 000287.783, 190
Trd, 000287.933, 184
Trd, 000288.483, 166
Trd, 000288.533, 173
Trd, 000288.867, 185
Trd, 000289.133, 170
Trd, 000289.833, 183
Trd, 000290.183, 184
Trd, 000291.300, 178
Trd, 000291.450, 177
Trd, 000291.767, 157
Trd, 000292.867, 173
Trd, 000293.150, 178
Trd, 000293.300, 171
Trd, 000293.367, 183
Trd, 000294.150, 186
Trd, 000294.233, 187
Trd, 000294.267, 166
Trd, 000294.350, 194
Trd, 000294.367, 155
Trd, 000294.767, 177
Trd, 000294.833, 154
Trd, 000296.117, 170
Trd, 000296.417, 178
Trd, 000296.467, 178
Trd, 000296.917, 157
Trd, 000297.050, 178
Trd, 000297.400, 180
Trd, 000298.183, 179
Trd, 000299.033, 162
Trd, 000299.117, 179
Trd, 000299.183, 160
Trd, 000299.450, 195
