Trd, 000000.833, 135
Trd, 000001.450, 121
Trd, 000003.000, 112
Trd, 000003.783, 113
Trd, 000004.433, 132
Trd, 000005.483, 141
Trd, 000005.933, 135
Trd, 000006.100, 151
Trd, 000007.050, 148
Trd, 000007.883, 138
Trd, 000007.917, 148
Trd, 000008.133, 149
Trd, 000008.767, 141
Trd, 000008.800, 148
Trd, 000010.283, 147
Trd, 000010.500, 148
Trd, 000011.767, 150
Trd, 000012.067, 152
Trd, 000012.417, 149
Trd, 000013.033, 149
Trd, 000014.000, 154
Trd, 000014.483, 162
Trd, 000014.650, 148
Trd, 000014.900, 150
Trd, 000015.000, 147
Trd, 000015.633, 152
Trd, 000016.167, 149
Trd, 000017.167, 149
Trd, 000017.850, 148
Trd, 000018.033, 149
Trd, 000018.367, 150
Trd, 000018.383, 150
Trd, 000018.633, 146
Trd, 000020.183, 146
Trd, 000020.333, 153
Trd, 000021.300, 149
Trd, 000021.617, 148
Trd, 000021.850, 153
Trd, 000023.133, 152
Trd, 000023.500, 148
Trd, 000023.833, 147
Trd, 000023.933, 153
Trd, 000025.000, 147
Trd, 000025.083, 152
Trd, 000027.317, 147
Trd, 000027.883, 153
Trd, 000028.017, 153
Trd, 000029.333, 151
Trd, 000029.367, 148
Trd, 000029.633, 152
Trd, 000030.600, 150
Trd, 000031.067, 149
Trd, 000031.733, 147
Trd, 000031.767, 149
Trd, 000032.267, 154
Trd, 000033.467, 155
Trd, 000034.767, 152
Trd, 000034.933, 153
Trd, 000035.883, 154
Trd, 000036.117, 153
Trd, 000036.267, 185
Trd, 000036.333, 150
Trd, 000038.683, 156
Trd, 000038.933, 161
Trd, 000039.517, 157
Trd, 000039.567, 155
Trd, 000039.850, 154
Trd, 000039.983, 157
Trd, 000040.717, 151
Trd, 000041.133, 155
Trd, 000041.500, 157
Trd, 000042.117, 176
Trd, 000042.450, 169
Trd, 000042.883, 178
Trd, 000042.967, 157
Trd, 000043.817, 172
Trd, 000045.000, 164
Trd, 000045.217, 161
Trd, 000046.150, 165
Trd, 000046.500, 165
Trd, 000047.783, 163
Trd, 000047.933, 160
Trd, 000047.983, 160
Trd, 000049.783, 160
Trd, 000049.817, 159
Trd, 000050.883, 161
Trd, 000051.067, 156
Trd, 000052.233, 156
Trd, 000052.317, 155
Trd, 000053.333, 157
Trd, 000054.683, 157
Trd, 000054.733, 152
Trd, 000055.100, 155
Trd, 000055.150, 152
Trd, 000055.317, 156
Trd, 000056.667, 154
Trd, 000056.817, 149
Trd, 000057.150, 153
Trd, 000059.883, 154
Trd, 000060.000, 153
Trd, 000060.283, 153
Trd, 000060.617, 153
Trd, 000060.883, 154
Trd, 000061.250, 153
Trd, 000061.567, 151
Trd, 000062.667, 152
Trd, 000062.933, 154
Trd, 000063.583, 150
Trd, 000064.350, 153
Trd, 000065.500, 153
Trd, 000065.550, 153
Trd, 000066.683, 153
Trd, 000066.750, 154
Trd, 000069.150, 155
Trd, 000069.533, 152
Trd, 000070.183, 151
Trd, 000070.233, 155
Trd, 000070.483, 157
Trd, 000071.167, 158
Trd, 000071.583, 159
Trd, 000071.800, 150
Trd, 000072.100, 157
Trd, 000073.067, 157
Trd, 000074.333, 157
Trd, 000074.550, 153
Trd, 000075.683, 153
Trd, 000075.800, 158
Trd, 000077.000, 156
Trd, 000077.667, 156
Trd, 000077.850, 153
Trd, 000078.717, 153
Trd, 000078.850, 153
Trd, 000079.517, 154
Trd, 000079.767, 153
Trd, 000079.900, 156
Trd, 000081.400, 156
Trd, 000082.833, 158
Trd, 000082.867, 159
Trd, 000084.233, 158
Trd, 000084.350, 158
Trd, 000084.650, 159
Trd, 000084.950, 170
Trd, 000086.433, 162
Trd, 000087.317, 159
Trd, 000087.433, 166
Trd, 000087.567, 171
Trd, 000088.117, 160
Trd, 000088.233, 159
Trd, 000088.317, 156
Trd, 000088.383, 165
Trd, 000089.650, 161
Trd, 000091.017, 160
Trd, 000092.300, 157
Trd, 000093.267, 157
Trd, 000093.900, 156
Trd, 000094.500, 156
Trd, 000095.267, 156
Trd, 000095.300, 157
Trd, 000096.083, 155
Trd, 000096.383, 155
Trd, 000096.850, 155
Trd, 000098.100, 157
Trd, 000098.300, 158
Trd, 000098.583, 160
Trd, 000099.183, 159
Trd, 000100.067, 160
Trd, 000100.600, 171
Trd, 000100.933, 158
Trd, 000100.967, 156
Trd, 000101.133, 155
Trd, 000101.483, 172
Trd, 000101.700, 172
Trd, 000101.783, 155
Trd, 000102.567, 168
Trd, 000103.267, 157
Trd, 000105.533, 161
Trd, 000105.667, 161
Trd, 000106.783, 159
Trd, 000107.100, 157
Trd, 000107.433, 161
Trd, 000108.133, 158
Trd, 000108.333, 160
Trd, 000109.917, 160
Trd, 000110.083, 158
Trd, 000110.250, 160
Trd, 000111.383, 160
Trd, 000112.500, 158
Trd, 000113.167, 159
Trd, 000113.833, 157
Trd, 000113.983, 157
Trd, 000114.017, 160
Trd, 000114.650, 160
Trd, 000115.150, 160
Trd, 000115.267, 161
Trd, 000115.300, 162
Trd, 000115.600, 159
Trd, 000115.783, 159
Trd, 000117.050, 161
Trd, 000118.350, 161
Trd, 000119.567, 161
Trd, 000119.617, 162
Trd, 000119.967, 163
Trd, 000119.983, 163
Trd, 000120.783, 161
Trd, 000121.017, 163
Trd, 000121.100, 156
Trd, 000121.500, 173
Trd, 000122.333, 175
Trd, 000122.500, 184
Trd, 000122.600, 192
Trd, 000122.733, 194
Trd, 000123.233, 254
Trd, 000123.333, 257
Trd, 000124.150, 333
Trd, 000124.367, 312.0
Trd, 000124.967, 306.0
Trd, 000125.133, 313.0
Trd, 000125.200, 341.0
Trd, 000127.550, 327
Trd, 000128.083, 351.0
Trd, 000128.767, 342
Trd, 000130.967, 353
Trd, 000131.500, 349.0
Trd, 000131.850, 355
Trd, 000131.933, 346.0
Trd, 000133.033, 346
Trd, 000133.317, 355
Trd, 000134.167, 353
Trd, 000134.650, 345
Trd, 000136.167, 351.0
Trd, 000136.750, 353
Trd, 000137.600, 353
Trd, 000139.333, 348
Trd, 000139.367, 350
Trd, 000140.167, 349
Trd, 000140.850, 350
Trd, 000141.200, 348
Trd, 000141.517, 351.0
Trd, 000142.833, 351
Trd, 000142.883, 351.0
Trd, 000143.283, 347
Trd, 000143.683, 356
Trd, 000144.167, 348
Trd, 000145.617, 350
Trd, 000146.350, 349
Trd, 000146.533, 348
Trd, 000146.933, 350
Trd, 000148.217, 359
Trd, 000148.617, 353
Trd, 000149.150, 356
Trd, 000149.567, 349
Trd, 000150.567, 355
Trd, 000150.800, 354
Trd, 000150.817, 349
Trd, 000151.467, 360
Trd, 000151.850, 362.0
Trd, 000151.867, 351
Trd, 000152.250, 372.0
Trd, 000152.533, 376
Trd, 000152.700, 351
Trd, 000153.033, 352
Trd, 000153.200, 368
Trd, 000154.117, 370
Trd, 000154.367, 363
Trd, 000155.033, 358.0
Trd, 000155.617, 357
Trd, 000155.800, 363
Trd, 000156.317, 358
Trd, 000156.450, 356
Trd, 000158.500, 358
Trd, 000158.650, 355
Trd, 000159.383, 360
Trd, 000159.467, 355
Trd, 000160.283, 353
Trd, 000160.500, 360
Trd, 000160.600, 351
Trd, 000161.233, 350
Trd, 000163.317, 353
Trd, 000163.633, 349
Trd, 000164.433, 348
Trd, 000164.650, 347
Trd, 000164.900, 351.0
Trd, 000166.183, 347
Trd, 000166.883, 347
Trd, 000167.050, 346
Trd, 000167.533, 348
Trd, 000168.150, 349
Trd, 000168.183, 339
Trd, 000168.200, 349
Trd, 000168.217, 338
Trd, 000170.533, 348
Trd, 000170.617, 343
Trd, 000171.667, 345
Trd, 000171.950, 344
Trd, 000172.033, 347
Trd, 000172.117, 348
Trd, 000172.483, 351.0
Trd, 000173.267, 349
Trd, 000173.400, 345
Trd, 000174.750, 351
Trd, 000175.533, 347
Trd, 000176.467, 346
Trd, 000176.600, 350
Trd, 000177.367, 345
Trd, 000178.350, 351.0
Trd, 000178.533, 351
Trd, 000178.833, 359
Trd, 000178.967, 347
Trd, 000179.567, 346
Trd, 000179.917, 344
Trd, 000181.033, 349.0
Trd, 000181.867, 346
Trd, 000182.517, 344.0
Trd, 000182.650, 343
Trd, 000183.050, 317.0
Trd, 000183.133, 308
Trd, 000183.383, 303.0
Trd, 000183.400, 296
Trd, 000183.667, 259
Trd, 000184.300, 194
Trd, 000184.333, 192
Trd, 000184.700, 193
Trd, 000186.550, 192
Trd, 000186.850, 198
Trd, 000188.433, 192
Trd, 000189.550, 184
Trd, 000190.717, 177
Trd, 000191.917, 170
Trd, 000192.300, 173
Trd, 000192.817, 170
Trd, 000193.100, 171
Trd, 000194.133, 170
Trd, 000194.533, 171
Trd, 000194.833, 180
Trd, 000195.917, 175
Trd, 000196.367, 177
Trd, 000196.900, 174
Trd, 000197.050, 177
Trd, 000197.933, 172
Trd, 000198.800, 171
Trd, 000199.050, 177
Trd, 000199.683, 170
Trd, 000200.567, 164
Trd, 000202.067, 169
Trd, 000202.317, 168
Trd, 000203.050, 171
Trd, 000204.317, 170
Trd, 000205.367, 169
Trd, 000205.533, 168
Trd, 000205.883, 167
Trd, 000206.633, 169
Trd, 000206.967, 168
Trd, 000208.050, 169
Trd, 000210.067, 168
Trd, 000210.717, 169
Trd, 000210.783, 168
Trd, 000210.917, 172
Trd, 000211.117, 167
Trd, 000211.683, 167
Trd, 000212.100, 174
Trd, 000212.533, 179
Trd, 000212.933, 171
Trd, 000215.083, 171
Trd, 000215.117, 170
Trd, 000215.150, 172
Trd, 000216.150, 173
Trd, 000216.567, 173
Trd, 000216.883, 168
Trd, 000217.750, 171
Trd, 000218.533, 170
Trd, 000218.917, 172
Trd, 000219.417, 172
Trd, 000219.633, 169
Trd, 000221.033, 171
Trd, 000223.700, 171
Trd, 000223.733, 172
Trd, 000225.217, 171
Trd, 000225.367, 172
Trd, 000225.817, 172
Trd, 000226.067, 173
Trd, 000226.167, 173
Trd, 000226.583, 185
Trd, 000227.500, 176
Trd, 000227.583, 175
Trd, 000228.033, 174
Trd, 000229.000, 175
Trd, 000230.067, 175
Trd, 000230.267, 175
Trd, 000230.700, 174
Trd, 000231.083, 185
Trd, 000231.833, 191
Trd, 000233.183, 190
Trd, 000233.450, 188
Trd, 000233.833, 188
Trd, 000233.867, 180
Trd, 000233.883, 172
Trd, 000234.833, 172
Trd, 000235.150, 173
Trd, 000235.250, 174
Trd, 000235.267, 177
Trd, 000237.883, 177
Trd, 000238.050, 192
Trd, 000238.583, 179
Trd, 000238.850, 179
Trd, 000240.067, 180
Trd, 000240.433, 182
Trd, 000240.533, 181
Trd, 000240.850, 183
Trd, 000240.900, 179
Trd, 000241.367, 177
Trd, 000241.617, 179
Trd, 000242.300, 183
Trd, 000242.667, 177
Trd, 000243.067, 174
Trd, 000243.667, 171
Trd, 000244.233, 186
Trd, 000245.217, 183
Trd, 000245.767, 179
Trd, 000245.950, 182
Trd, 000246.200, 180
Trd, 000246.217, 177
Trd, 000246.417, 183
Trd, 000246.900, 183
Trd, 000247.433, 185
Trd, 000247.467, 183
Trd, 000247.950, 183
Trd, 000248.767, 185
Trd, 000249.000, 183
Trd, 000249.667, 189
Trd, 000250.583, 184
Trd, 000251.150, 183
Trd, 000251.517, 182
Trd, 000251.717, 180
Trd, 000251.900, 182
Trd, 000252.733, 183
Trd, 000253.033, 183
Trd, 000253.567, 175
Trd, 000253.933, 174
Trd, 000254.267, 179
Trd, 000254.283, 172
Trd, 000254.583, 177
Trd, 000254.767, 177
Trd, 000255.383, 182
Trd, 000256.067, 185
Trd, 000256.733, 180
Trd, 000256.817, 182
Trd, 000257.117, 185
Trd, 000257.400, 184
Trd, 000257.800, 181
Trd, 000258.000, 182
Trd, 000258.017, 181
Trd, 000258.250, 181
Trd, 000259.883, 182
Trd, 000260.067, 181
Trd, 000260.283, 186
Trd, 000260.650, 191
Trd, 000261.117, 183
Trd, 000261.217, 182
Trd, 000262.533, 182
Trd, 000262.600, 184
Trd, 000263.683, 181
Trd, 000263.917, 181
Trd, 000264.367, 177
Trd, 000264.583, 175
Trd, 000265.533, 177
Trd, 000265.750, 176
Trd, 000266.683, 172
Trd, 000267.333, 172
Trd, 000267.600, 177
Trd, 000268.000, 176
Trd, 000268.217, 177
Trd, 000268.500, 177
Trd, 000268.933, 176
Trd, 000268.950, 178
Trd, 000269.083, 184
Trd, 000269.450, 175
Trd, 000269.850, 179
Trd, 000270.867, 178
Trd, 000271.650, 177
Trd, 000271.667, 176
Trd, 000271.950, 182
Trd, 000272.433, 178
Trd, 000272.733, 175
Trd, 000272.817, 174
Trd, 000273.033, 172
Trd, 000273.200, 185
Trd, 000273.800, 174
Trd, 000273.850, 170
Trd, 000273.933, 171
Trd, 000273.983, 178
Trd, 000274.667, 172
Trd, 000275.100, 174
Trd, 000276.083, 173
Trd, 000276.483, 175
Trd, 000276.567, 173
Trd, 000277.017, 179
Trd, 000278.400, 185
Trd, 000279.217, 192
Trd, 000280.250, 184
Trd, 000280.833, 186
Trd, 000281.200, 187
Trd, 000282.117, 183
Trd, 000282.233, 185
Trd, 000282.283, 182
Trd, 000283.183, 183
Trd, 000283.483, 182
Trd, 000283.550, 184
Trd, 000284.750, 176
Trd, 000285.650, 177
Trd, 000286.083, 179
Trd, 000286.600, 180
Trd, 000286.633, 186
Trd, 000287.533, 178
Trd, 000287.567, 177
Trd, 000287.983, 177
Trd, 000288.267, 184
Trd, 000289.017, 188
Trd, 000289.250, 190
Trd, 000289.300, 189
Trd, 000289.917, 188
Trd, 000289.983, 187
Trd, 000291.300, 186
Trd, 000291.983, 185
Trd, 000292.433, 183
Trd, 000292.600, 184
Trd, 000292.717, 179
Trd, 000293.050, 187
Trd, 000293.500, 176
Trd, 000293.800, 173
Trd, 000294.267, 181
Trd, 000294.300, 176
Trd, 000294.617, 176
Trd, 000294.967, 174
Trd, 000295.317, 173
Trd, 000295.717, 173
Trd, 000296.267, 175
Trd, 000296.367, 177
Trd, 000296.800, 191
Trd, 000296.917, 181
Trd, 000297.633, 174
Trd, 000297.650, 174
Trd, 000297.733, 194
Trd, 000298.433, 184
Trd, 000298.833, 185
