Trd, 000001.767, 120
Trd, 000002.533, 141
Trd, 000002.583, 164
Trd, 000003.200, 119
Trd, 000003.383, 159
Trd, 000003.717, 152
Trd, 000003.767, 131
Trd, 000005.400, 151
Trd, 000006.050, 155
Trd, 000007.317, 155
Trd, 000007.633, 156
Trd, 000008.400, 155
Trd, 000009.000, 153
Trd, 000009.283, 152
Trd, 000010.050, 151
Trd, 000010.800, 151
Trd, 000011.017, 150
Trd, 000011.250, 150
Trd, 000011.567, 149
Trd, 000011.967, 150
Trd, 000012.117, 150
Trd, 000012.650, 150
Trd, 000013.000, 149
Trd, 000013.150, 151
Trd, 000013.200, 144
Trd, 000015.217, 152
Trd, 000015.317, 146
Trd, 000016.233, 155
Trd, 000016.917, 150
Trd, 000017.050, 146
Trd, 000017.167, 145
Trd, 000017.700, 156
Trd, 000017.933, 160
Trd, 000018.633, 158
Trd, 000020.083, 151
Trd, 000020.983, 153
Trd, 000021.550, 152
Trd, 000021.833, 146
Trd, 000022.417, 150
Trd, 000022.467, 145
Trd, 000023.400, 149
Trd, 000024.150, 147
Trd, 000024.217, 150
Trd, 000025.433, 150
Trd, 000025.467, 145
Trd, 000026.283, 153
Trd, 000026.417, 145
Trd, 000027.100, 156
Trd, 000028.033, 155
Trd, 000028.117, 151
Trd, 000029.617, 153
Trd, 000030.300, 154
Trd, 000030.783, 153
Trd, 000031.600, 152
Trd, 000031.700, 152
Trd, 000032.017, 151
Trd, 000032.167, 151
Trd, 000032.517, 152
Trd, 000034.517, 152
Trd, 000034.900, 152
Trd, 000035.017, 150
Trd, 000035.150, 154
Trd, 000035.267, 158
Trd, 000035.317, 150
Trd, 000035.683, 161
Trd, 000035.700, 148
Trd, 000036.450, 146
Trd, 000037.200, 168
Trd, 000037.600, 165
Trd, 000037.700, 152
Trd, 000037.900, 153
Trd, 000038.050, 155
Trd, 000039.900, 156
Trd, 000040.433, 155
Trd, 000041.683, 158
Trd, 000042.533, 156
Trd, 000043.700, 159
Trd, 000044.167, 160
Trd, 000044.533, 156
Trd, 000045.000, 155
Trd, 000045.717, 155
Trd, 000045.750, 154
Trd, 000046.250, 152
Trd, 000046.283, 147
Trd, 000046.350, 157
Trd, 000047.000, 150
Trd, 000048.450, 154
Trd, 000048.667, 150
Trd, 000049.533, 160
Trd, 000049.900, 162
Trd, 000049.983, 153
Trd, 000051.267, 154
Trd, 000051.750, 155
Trd, 000052.217, 155
Trd, 000052.233, 156
Trd, 000052.250, 156
Trd, 000052.667, 156
Trd, 000052.833, 163
Trd, 000053.600, 154
Trd, 000054.283, 153
Trd, 000054.533, 156
Trd, 000054.883, 157
Trd, 000055.100, 170
Trd, 000055.567, 153
Trd, 000056.150, 157
Trd, 000057.300, 160
Trd, 000057.450, 159
Trd, 000058.117, 154
Trd, 000058.233, 161
Trd, 000059.450, 156
Trd, 000060.533, 159
Trd, 000061.233, 155
Trd, 000061.483, 160
Trd, 000061.950, 156
Trd, 000062.350, 156
Trd, 000062.850, 154
Trd, 000063.250, 154
Trd, 000063.850, 158
Trd, 000064.267, 150
Trd, 000064.567, 157
Trd, 000064.967, 150
Trd, 000065.367, 161
Trd, 000067.250, 150
Trd, 000068.017, 152
Trd, 000068.033, 150
Trd, 000069.183, 152
Trd, 000069.400, 153
Trd, 000069.683, 150
Trd, 000070.467, 155
Trd, 000070.683, 152
Trd, 000071.017, 152
Trd, 000071.300, 154
Trd, 000072.567, 155
Trd, 000072.800, 158
Trd, 000072.883, 154
Trd, 000073.167, 160
Trd, 000074.200, 158
Trd, 000075.783, 159
Trd, 000075.850, 160
Trd, 000076.250, 157
Trd, 000076.317, 161
Trd, 000076.800, 156
Trd, 000076.850, 162
Trd, 000078.333, 158
Trd, 000078.567, 158
Trd, 000079.967, 158
Trd, 000080.167, 158
Trd, 000080.550, 158
Trd, 000080.683, 157
Trd, 000081.117, 155
Trd, 000081.233, 149
Trd, 000082.917, 156
Trd, 000084.367, 157
Trd, 000084.617, 156
Trd, 000085.050, 155
Trd, 000085.233, 156
Trd, 000085.617, 157
Trd, 000086.100, 158
Trd, 000086.833, 156
Trd, 000087.150, 154
Trd, 000088.383, 156
Trd, 000089.183, 158
Trd, 000089.617, 160
Trd, 000089.783, 157
Trd, 000090.200, 156
Trd, 000090.333, 163
Trd, 000090.483, 164
Trd, 000091.150, 158
Trd, 000091.850, 157
Trd, 000092.117, 166
Trd, 000093.067, 161
Trd, 000093.900, 158
Trd, 000094.433, 165
Trd, 000094.600, 157
Trd, 000095.167, 158
Trd, 000096.700, 160
Trd, 000098.067, 160
Trd, 000098.217, 157
Trd, 000098.600, 160
Trd, 000099.000, 156
Trd, 000099.400, 160
Trd, 000099.483, 154
Trd, 000100.317, 161
Trd, 000101.017, 155
Trd, 000101.217, 155
Trd, 000101.450, 155
Trd, 000102.650, 154
Trd, 000103.183, 153
Trd, 000103.250, 151
Trd, 000103.433, 159
Trd, 000103.783, 159
Trd, 000104.567, 158
Trd, 000104.933, 158
Trd, 000105.767, 156
Trd, 000106.050, 160
Trd, 000106.267, 156
Trd, 000107.600, 157
Trd, 000107.833, 156
Trd, 000109.400, 158
Trd, 000109.433, 156
Trd, 000109.650, 156
Trd, 000110.150, 156
Trd, 000110.383, 155
Trd, 000110.767, 156
Trd, 000112.233, 156
Trd, 000112.500, 159
Trd, 000112.617, 162
Trd, 000112.967, 165
Trd, 000113.800, 162
Trd, 000114.383, 154
Trd, 000114.700, 152
Trd, 000115.550, 154
Trd, 000115.783, 153
Trd, 000116.367, 158
Trd, 000117.567, 158
Trd, 000118.100, 159
Trd, 000118.333, 157
Trd, 000118.550, 167
Trd, 000118.617, 170
Trd, 000118.750, 160
Trd, 000118.817, 158
Trd, 000119.267, 167
Trd, 000119.550, 158
Trd, 000120.350, 174
Trd, 000120.600, 159
Trd, 000121.033, 161
Trd, 000122.583, 166
Trd, 000122.667, 184
Trd, 000122.783, 198
Trd, 000122.883, 204
Trd, 000123.367, 238
Trd, 000123.733, 251
Trd, 000123.983, 317.0
Trd, 000124.183, 249
Trd, 000125.050, 318.0
Trd, 000125.717, 316
Trd, 000125.750, 320.0
Trd, 000125.767, 321
Trd, 000127.067, 324
Trd, 000127.617, 319
Trd, 000128.117, 320
Trd, 000129.567, 326
Trd, 000129.633, 321
Trd, 000130.450, 322
Trd, 000130.683, 321
Trd, 000132.017, 324
Trd, 000132.817, 326
Trd, 000133.067, 328
Trd, 000133.483, 339
Trd, 000133.833, 326
Trd, 000133.933, 341.0
Trd, 000134.567, 327.0
Trd, 000136.767, 341
Trd, 000137.517, 330
Trd, 000138.167, 333
Trd, 000138.383, 351.0
Trd, 000139.300, 347
Trd, 000139.700, 334
Trd, 000139.750, 354
Trd, 000140.217, 340
Trd, 000140.517, 338
Trd, 000141.283, 342
Trd, 000141.700, 341.0
Trd, 000141.850, 341
Trd, 000143.083, 340
Trd, 000144.100, 340
Trd, 000144.333, 344
Trd, 000144.483, 339
Trd, 000144.650, 341.0
Trd, 000145.250, 327.0
Trd, 000146.400, 343
Trd, 000146.450, 358.0
Trd, 000146.900, 340
Trd, 000148.983, 336
Trd, 000149.500, 339
Trd, 000149.800, 338
Trd, 000150.850, 341.0
Trd, 000151.083, 336
Trd, 000151.550, 337
Trd, 000151.750, 341
Trd, 000152.017, 343
Trd, 000152.083, 347
Trd, 000153.633, 336.0
Trd, 000153.933, 336
Trd, 000153.983, 341.0
Trd, 000154.617, 336
Trd, 000155.500, 344
Trd, 000157.800, 337
Trd, 000157.900, 341.0
Trd, 000158.400, 337
Trd, 000158.983, 337
Trd, 000159.150, 348.0
Trd, 000159.783, 350.0
Trd, 000160.100, 340
Trd, 000160.867, 342
Trd, 000161.983, 348
Trd, 000162.350, 343
Trd, 000162.800, 351.0
Trd, 000163.300, 355
Trd, 000163.367, 344
Trd, 000164.283, 343
Trd, 000165.233, 344
Trd, 000166.050, 346
Trd, 000167.167, 342
Trd, 000167.317, 335.0
Trd, 000167.883, 348.0
Trd, 000167.950, 343
Trd, 000168.083, 350.0
Trd, 000168.450, 351.0
Trd, 000168.617, 342.0
Trd, 000169.350, 341.0
Trd, 000171.717, 342
Trd, 000172.767, 348.0
Trd, 000173.433, 341
Trd, 000173.833, 341.0
Trd, 000174.117, 340
Trd, 000174.600, 343
Trd, 000174.650, 341
Trd, 000174.783, 327.0
Trd, 000175.583, 343
Trd, 000176.450, 344
Trd, 000176.767, 343
Trd, 000177.617, 342
Trd, 000179.033, 345
Trd, 000179.567, 342
Trd, 000179.767, 341
Trd, 000180.367, 342.0
Trd, 000181.167, 341.0
Trd, 000181.583, 339
Trd, 000181.633, 338
Trd, 000181.867, 334.0
Trd, 000182.750, 335
Trd, 000182.850, 324
Trd, 000182.883, 312
Trd, 000183.000, 303.0
Trd, 000183.800, 327.0
Trd, 000183.850, 300.0
Trd, 000183.933, 278
Trd, 000185.000, 221
Trd, 000185.233, 218
Trd, 000185.767, 191
Trd, 000186.117, 215
Trd, 000187.233, 193
Trd, 000188.133, 186
Trd, 000189.533, 184
Trd, 000190.367, 168
Trd, 000190.600, 167
Trd, 000190.933, 169
Trd, 000191.217, 162
Trd, 000191.683, 161
Trd, 000192.450, 162
Trd, 000193.583, 162
Trd, 000194.300, 166
Trd, 000194.450, 161
Trd, 000194.933, 161
Trd, 000195.650, 167
Trd, 000197.517, 166
Trd, 000197.967, 166
Trd, 000198.850, 167
Trd, 000199.033, 170
Trd, 000199.250, 171
Trd, 000199.867, 174
Trd, 000199.917, 168
Trd, 000200.083, 168
Trd, 000200.617, 178
Trd, 000200.733, 168
Trd, 000201.617, 167
Trd, 000202.033, 172
Trd, 000202.817, 168
Trd, 000202.967, 167
Trd, 000203.067, 161
Trd, 000205.217, 167
Trd, 000205.433, 167
Trd, 000205.600, 170
Trd, 000206.117, 167
Trd, 000206.250, 169
Trd, 000206.533, 171
Trd, 000207.183, 165
Trd, 000207.550, 164
Trd, 000208.367, 163
Trd, 000208.983, 162
Trd, 000210.283, 165
Trd, 000210.433, 163
Trd, 000210.683, 167
Trd, 000212.233, 163
Trd, 000212.450, 167
Trd, 000213.100, 164
Trd, 000213.367, 163
Trd, 000215.433, 167
Trd, 000215.883, 164
Trd, 000216.317, 163
Trd, 000216.533, 163
Trd, 000216.567, 168
Trd, 000217.250, 165
Trd, 000217.483, 166
Trd, 000217.933, 167
Trd, 000218.150, 169
Trd, 000218.733, 167
Trd, 000220.300, 175
Trd, 000220.367, 167
Trd, 000220.417, 180
Trd, 000221.567, 171
Trd, 000221.850, 172
Trd, 000222.717, 171
Trd, 000223.267, 172
Trd, 000224.083, 171
Trd, 000224.217, 172
Trd, 000224.300, 170
Trd, 000225.200, 173
Trd, 000225.300, 168
Trd, 000225.433, 173
Trd, 000225.800, 168
Trd, 000225.883, 177
Trd, 000226.783, 164
Trd, 000227.217, 165
Trd, 000227.783, 163
Trd, 000228.783, 168
Trd, 000229.133, 169
Trd, 000229.617, 171
Trd, 000230.733, 166
Trd, 000231.933, 167
Trd, 000232.083, 170
Trd, 000233.350, 169
Trd, 000233.833, 168
Trd, 000233.950, 166
Trd, 000234.617, 168
Trd, 000234.783, 168
Trd, 000235.900, 174
Trd, 000236.767, 176
Trd, 000237.217, 168
Trd, 000237.433, 168
Trd, 000238.700, 170
Trd, 000239.117, 170
Trd, 000239.733, 170
Trd, 000240.617, 169
Trd, 000240.850, 169
Trd, 000241.267, 169
Trd, 000241.650, 171
Trd, 000242.233, 169
Trd, 000242.267, 172
Trd, 000242.383, 170
Trd, 000242.767, 172
Trd, 000242.917, 169
Trd, 000243.017, 167
Trd, 000243.667, 174
Trd, 000243.717, 175
Trd, 000244.867, 172
Trd, 000245.150, 169
Trd, 000245.250, 171
Trd, 000245.983, 168
Trd, 000246.733, 168
Trd, 000247.317, 171
Trd, 000247.517, 167
Trd, 000248.283, 169
Trd, 000248.417, 167
Trd, 000248.500, 170
Trd, 000248.517, 173
Trd, 000249.000, 175
Trd, 000249.317, 176
Trd, 000249.367, 173
Trd, 000249.750, 173
Trd, 000250.217, 173
Trd, 000250.617, 176
Trd, 000251.083, 173
Trd, 000251.150, 176
Trd, 000252.067, 174
Trd, 000252.533, 176
Trd, 000253.050, 180
Trd, 000253.633, 179
Trd, 000254.117, 181
Trd, 000255.133, 180
Trd, 000255.150, 180
Trd, 000255.683, 181
Trd, 000255.800, 180
Trd, 000256.017, 179
Trd, 000256.517, 180
Trd, 000256.850, 181
Trd, 000257.117, 178
Trd, 000257.150, 179
Trd, 000257.767, 179
Trd, 000258.417, 182
Trd, 000258.467, 183
Trd, 000258.517, 181
Trd, 000259.133, 180
Trd, 000259.483, 179
Trd, 000259.617, 177
Trd, 000260.567, 181
Trd, 000260.917, 178
Trd, 000261.267, 184
Trd, 000261.317, 177
Trd, 000261.467, 174
Trd, 000262.100, 181
Trd, 000262.233, 181
Trd, 000262.617, 169
Trd, 000263.200, 161
Trd, 000263.783, 166
Trd, 000264.350, 165
Trd, 000264.967, 165
Trd, 000265.700, 169
Trd, 000265.883, 165
Trd, 000265.967, 165
Trd, 000266.133, 170
Trd, 000267.083, 171
Trd, 000267.417, 174
Trd, 000267.967, 173
Trd, 000268.017, 174
Trd, 000268.300, 172
Trd, 000268.617, 171
Trd, 000268.717, 170
Trd, 000268.850, 160
Trd, 000269.333, 173
Trd, 000270.033, 173
Trd, 000270.200, 177
Trd, 000270.850, 172
Trd, 000271.167, 175
Trd, 000271.767, 174
Trd, 000271.883, 178
Trd, 000272.183, 170
Trd, 000272.667, 176
Trd, 000272.883, 172
Trd, 000273.117, 181
Trd, 000273.883, 173
Trd, 000273.983, 182
Trd, 000274.733, 178
Trd, 000275.533, 179
Trd, 000275.600, 176
Trd, 000275.783, 183
Trd, 000276.600, 183
Trd, 000276.617, 184
Trd, 000276.767, 176
Trd, 000276.983, 185
Trd, 000277.250, 186
Trd, 000277.400, 180
Trd, 000278.200, 189
Trd, 000278.567, 179
Trd, 000279.617, 180
Trd, 000281.050, 179
Trd, 000281.067, 179
Trd, 000281.233, 179
Trd, 000281.500, 183
Trd, 000281.600, 177
Trd, 000282.017, 176
Trd, 000282.767, 181
Trd, 000282.850, 177
Trd, 000283.033, 176
Trd, 000283.250, 176
Trd, 000283.500, 171
Trd, 000283.583, 180
Trd, 000283.917, 182
Trd, 000284.450, 169
Trd, 000285.133, 177
Trd, 000285.467, 178
Trd, 000285.567, 178
Trd, 000285.650, 179
Trd, 000285.867, 183
Trd, 000286.483, 183
Trd, 000286.983, 176
Trd, 000287.100, 182
Trd, 000287.233, 176
Trd, 000287.467, 184
Trd, 000287.550, 186
Trd, 000287.633, 174
Trd, 000288.417, 181
Trd, 000288.817, 184
Trd, 000288.900, 181
Trd, 000289.000, 189
Trd, 000289.100, 180
Trd, 000289.417, 181
Trd, 000290.283, 187
Trd, 000292.717, 185
Trd, 000293.067, 183
Trd, 000293.417, 182
Trd, 000293.600, 184
Trd, 000293.783, 185
Trd, 000293.950, 182
Trd, 000294.167, 181
Trd, 000294.617, 178
Trd, 000294.967, 184
Trd, 000295.233, 180
Trd, 000295.250, 177
Trd, 000295.500, 173
Trd, 000295.633, 172
Trd, 000296.033, 183
Trd, 000296.267, 170
Trd, 000297.100, 183
Trd, 000297.133, 177
Trd, 000297.367, 171
Trd, 000298.500, 185
Trd, 000298.517, 180
Trd, 000299.617, 185
