Trd, 000001.350, 120
Trd, 000002.350, 100
Trd, 000003.433, 129
Trd, 000003.517, 130
Trd, 000003.883, 132
Trd, 000005.017, 125
Trd, 000005.550, 128
Trd, 000005.600, 130
Trd, 000005.900, 130
Trd, 000006.200, 131
Trd, 000006.533, 137
Trd, 000006.867, 141
Trd, 000007.717, 136
Trd, 000007.950, 138
Trd, 000008.600, 139
Trd, 000010.100, 140
Trd, 000010.167, 141
Trd, 000010.383, 142
Trd, 000010.817, 142
Trd, 000011.333, 150
Trd, 000011.583, 142
Trd, 000012.133, 143
Trd, 000012.833, 142
Trd, 000013.300, 151
Trd, 000013.733, 142
Trd, 000014.650, 137
Trd, 000014.750, 146
Trd, 000014.850, 146
Trd, 000016.267, 142
Trd, 000016.750, 141
Trd, 000016.833, 142
Trd, 000016.933, 145
Trd, 000017.267, 147
Trd, 000017.300, 152
Trd, 000017.933, 135
Trd, 000018.417, 135
Trd, 000019.017, 132
Trd, 000019.367, 142
Trd, 000019.733, 142
Trd, 000020.300, 142
Trd, 000021.050, 143
Trd, 000021.617, 134
Trd, 000022.583, 137
Trd, 000023.033, 143
Trd, 000023.817, 142
Trd, 000023.917, 141
Trd, 000024.083, 143
Trd, 000024.483, 149
Trd, 000024.767, 149
Trd, 000025.150, 142
Trd, 000025.250, 146
Trd, 000027.283, 144
Trd, 000027.433, 149
Trd, 000027.917, 146
Trd, 000028.317, 147
Trd, 000028.750, 148
Trd, 000028.900, 148
Trd, 000029.317, 149
Trd, 000029.717, 150
Trd, 000030.567, 152
Trd, 000030.767, 155
Trd, 000031.983, 142
Trd, 000032.300, 145
Trd, 000032.433, 149
Trd, 000032.567, 151
Trd, 000032.750, 142
Trd, 000033.383, 136
Trd, 000034.850, 145
Trd, 000035.150, 141
Trd, 000035.383, 144
Trd, 000035.900, 143
Trd, 000035.950, 142
Trd, 000036.200, 155
Trd, 000037.067, 154
Trd, 000038.517, 148
Trd, 000039.517, 148
Trd, 000039.583, 140
Trd, 000039.850, 138
Trd, 000039.933, 149
Trd, 000041.083, 148
Trd, 000041.367, 143
Trd, 000041.733, 146
Trd, 000041.917, 146
Trd, 000042.150, 142
Trd, 000042.717, 143
Trd, 000042.750, 147
Trd, 000044.367, 146
Trd, 000044.383, 143
Trd, 000044.517, 146
Trd, 000045.067, 145
Trd, 000045.433, 146
Trd, 000046.000, 156
Trd, 000046.067, 157
Trd, 000046.283, 157
Trd, 000046.667, 146
Trd, 000047.350, 144
Trd, 000047.700, 154
Trd, 000048.733, 137
Trd, 000050.900, 152
Trd, 000050.933, 153
Trd, 000051.733, 146
Trd, 000051.933, 150
Trd, 000052.600, 149
Trd, 000052.733, 149
Trd, 000053.067, 150
Trd, 000053.850, 151
Trd, 000054.783, 148
Trd, 000055.467, 149
Trd, 000055.500, 148
Trd, 000055.850, 137
Trd, 000055.900, 155
Trd, 000056.233, 156
Trd, 000056.833, 158
Trd, 000056.917, 160
Trd, 000056.967, 157
Trd, 000058.883, 165
Trd, 000059.083, 164
Trd, 000060.100, 166
Trd, 000060.650, 161
Trd, 000060.817, 157
Trd, 000061.300, 155
Trd, 000062.450, 157
Trd, 000062.550, 158
Trd, 000062.867, 158
Trd, 000063.667, 157
Trd, 000063.783, 157
Trd, 000064.967, 154
Trd, 000065.217, 155
Trd, 000065.883, 156
Trd, 000066.450, 137
Trd, 000066.683, 152
Trd, 000066.833, 156
Trd, 000067.233, 153
Trd, 000068.300, 156
Trd, 000069.333, 156
Trd, 000069.733, 157
Trd, 000069.817, 156
Trd, 000070.183, 157
Trd, 000070.517, 156
Trd, 000070.883, 155
Trd, 000070.917, 150
Trd, 000071.200, 157
Trd, 000071.633, 157
Trd, 000073.067, 149
Trd, 000073.183, 148
Trd, 000073.317, 148
Trd, 000073.500, 153
Trd, 000074.150, 151
Trd, 000074.733, 157
Trd, 000075.433, 153
Trd, 000075.500, 155
Trd, 000076.500, 156
Trd, 000076.617, 156
Trd, 000077.300, 158
Trd, 000077.517, 158
Trd, 000077.750, 157
Trd, 000078.267, 157
Trd, 000078.450, 155
Trd, 000078.667, 159
Trd, 000079.767, 150
Trd, 000080.000, 160
Trd, 000080.850, 156
Trd, 000081.133, 149
Trd, 000081.883, 150
Trd, 000082.367, 150
Trd, 000082.517, 141
Trd, 000082.800, 151
Trd, 000083.617, 161
Trd, 000084.783, 144
Trd, 000085.717, 148
Trd, 000086.467, 146
Trd, 000086.933, 146
Trd, 000087.867, 144
Trd, 000088.300, 144
Trd, 000088.317, 142
Trd, 000088.450, 145
Trd, 000089.550, 147
Trd, 000089.783, 148
Trd, 000089.967, 149
Trd, 000090.017, 150
Trd, 000090.733, 146
Trd, 000091.400, 153
Trd, 000091.483, 164
Trd, 000091.783, 165
Trd, 000093.167, 153
Trd, 000094.250, 152
Trd, 000095.267, 153
Trd, 000095.350, 152
Trd, 000095.617, 153
Trd, 000095.683, 151
Trd, 000096.317, 143
Trd, 000097.100, 150
Trd, 000097.250, 150
Trd, 000097.767, 147
Trd, 000098.000, 149
Trd, 000098.667, 149
Trd, 000099.567, 155
Trd, 000100.350, 154
Trd, 000100.433, 154
Trd, 000100.533, 152
Trd, 000100.883, 154
Trd, 000101.850, 154
Trd, 000102.150, 155
Trd, 000102.250, 153
Trd, 000102.383, 151
Trd, 000102.767, 151
Trd, 000103.117, 153
Trd, 000103.383, 155
Trd, 000103.450, 156
Trd, 000104.433, 149
Trd, 000105.500, 152
Trd, 000105.850, 150
Trd, 000106.033, 150
Trd, 000106.667, 152
Trd, 000106.683, 150
Trd, 000107.417, 152
Trd, 000107.517, 150
Trd, 000108.250, 158
Trd, 000108.467, 147
Trd, 000108.883, 159
Trd, 000110.450, 157
Trd, 000111.100, 155
Trd, 000111.283, 156
Trd, 000111.600, 156
Trd, 000112.217, 156
Trd, 000112.417, 156
Trd, 000112.900, 157
Trd, 000113.050, 156
Trd, 000114.267, 159
Trd, 000114.450, 153
Trd, 000114.650, 154
Trd, 000114.933, 162
Trd, 000115.733, 156
Trd, 000116.217, 155
Trd, 000117.617, 149
Trd, 000117.717, 153
Trd, 000118.700, 151
Trd, 000118.750, 152
Trd, 000119.000, 150
Trd, 000119.767, 151
Trd, 000120.300, 151
Trd, 000120.733, 151
Trd, 000121.050, 152
Trd, 000121.417, 153
Trd, 000121.583, 163
Trd, 000121.967, 163
Trd, 000122.267, 167
Trd, 000122.533, 240
Trd, 000123.050, 187
Trd, 000123.333, 300.0
Trd, 000123.650, 324.0
Trd, 000125.133, 326
Trd, 000126.117, 327.0
Trd, 000126.417, 337.0
Trd, 000126.500, 345
Trd, 000126.517, 333
Trd, 000126.567, 355.0
Trd, 000127.850, 331.0
Trd, 000128.167, 350
Trd, 000128.517, 348.0
Trd, 000128.567, 353
Trd, 000128.767, 354
Trd, 000128.867, 355
Trd, 000130.100, 351
Trd, 000130.333, 351
Trd, 000130.450, 350
Trd, 000131.250, 348
Trd, 000131.500, 346
Trd, 000131.833, 333
Trd, 000132.700, 346
Trd, 000132.750, 349
Trd, 000132.967, 334.0
Trd, 000133.583, 332
Trd, 000134.667, 346
Trd, 000136.100, 340
Trd, 000136.250, 341
Trd, 000136.433, 341
Trd, 000136.583, 339.0
Trd, 000136.783, 340
Trd, 000136.817, 344
Trd, 000137.117, 327.0
Trd, 000138.800, 352
Trd, 000138.900, 335
Trd, 000139.667, 348.0
Trd, 000140.550, 342
Trd, 000140.933, 341
Trd, 000141.117, 341
Trd, 000141.150, 340
Trd, 000141.417, 341
Trd, 000141.950, 345
Trd, 000141.967, 337
Trd, 000142.117, 337
Trd, 000142.583, 335
Trd, 000144.700, 342
Trd, 000145.550, 339
Trd, 000145.783, 337
Trd, 000145.950, 340
Trd, 000146.483, 338
Trd, 000146.833, 338
Trd, 000147.183, 338
Trd, 000147.867, 337
Trd, 000148.533, 337
Trd, 000148.933, 334
Trd, 000149.767, 331.0
Trd, 000150.117, 335
Trd, 000150.167, 330
Trd, 000150.200, 337
Trd, 000151.000, 337
Trd, 000151.917, 335
Trd, 000152.150, 339
Trd, 000152.500, 335
Trd, 000153.067, 341.0
Trd, 000153.283, 355.0
Trd, 000155.183, 345
Trd, 000155.550, 343
Trd, 000156.183, 343
Trd, 000156.250, 344
Trd, 000156.683, 344
Trd, 000157.267, 343
Trd, 000157.383, 343
Trd, 000157.433, 331.0
Trd, 000158.983, 331
Trd, 000159.533, 337
Trd, 000160.250, 337
Trd, 000160.783, 336
Trd, 000160.817, 339
Trd, 000161.350, 339
Trd, 000162.333, 340
Trd, 000162.417, 341.0
Trd, 000163.483, 341
Trd, 000164.033, 342
Trd, 000164.167, 341
Trd, 000164.683, 340
Trd, 000164.883, 342
Trd, 000166.217, 333.0
Trd, 000166.533, 335
Trd, 000166.717, 340
Trd, 000166.833, 340
Trd, 000166.900, 341.0
Trd, 000167.917, 340
Trd, 000168.750, 334
Trd, 000169.750, 333
Trd, 000169.950, 338
Trd, 000170.667, 337
Trd, 000170.700, 338
Trd, 000171.067, 337
Trd, 000171.167, 338
Trd, 000171.533, 339.0
Trd, 000171.583, 341.0
Trd, 000172.317, 348.0
Trd, 000172.617, 350
Trd, 000173.183, 350
Trd, 000174.000, 351
Trd, 000174.100, 348
Trd, 000174.467, 348
Trd, 000174.567, 350
Trd, 000177.300, 349
Trd, 000177.417, 342
Trd, 000178.033, 350
Trd, 000178.467, 333
Trd, 000178.717, 332
Trd, 000179.783, 340
Trd, 000180.867, 336
Trd, 000181.100, 336
Trd, 000181.183, 336.0
Trd, 000181.200, 335.0
Trd, 000181.283, 331.0
Trd, 000181.300, 341.0
Trd, 000181.817, 323
Trd, 000181.917, 337
Trd, 000182.283, 320.0
Trd, 000182.300, 316
Trd, 000182.550, 338
Trd, 000182.650, 340
Trd, 000183.100, 306
Trd, 000183.267, 305
Trd, 000184.617, 200
Trd, 000184.633, 187
Trd, 000186.667, 211
Trd, 000186.750, 196
Trd, 000187.050, 186
Trd, 000187.083, 204
Trd, 000187.650, 185
Trd, 000188.067, 190
Trd, 000188.767, 181
Trd, 000189.800, 180
Trd, 000191.083, 175
Trd, 000191.233, 175
Trd, 000191.600, 176
Trd, 000191.950, 176
Trd, 000192.200, 178
Trd, 000192.333, 169
Trd, 000192.950, 163
Trd, 000194.733, 171
Trd, 000194.900, 169
Trd, 000194.983, 168
Trd, 000195.200, 167
Trd, 000196.050, 165
Trd, 000196.467, 165
Trd, 000197.033, 164
Trd, 000198.150, 160
Trd, 000198.467, 148
Trd, 000199.283, 161
Trd, 000199.483, 161
Trd, 000199.750, 161
Trd, 000199.917, 162
Trd, 000201.183, 154
Trd, 000202.233, 161
Trd, 000202.583, 161
Trd, 000203.600, 162
Trd, 000203.900, 159
Trd, 000204.867, 159
Trd, 000205.317, 160
Trd, 000205.350, 153
Trd, 000206.067, 159
Trd, 000206.433, 160
Trd, 000206.700, 161
Trd, 000206.817, 160
Trd, 000207.133, 171
Trd, 000208.000, 169
Trd, 000209.167, 169
Trd, 000210.017, 168
Trd, 000210.250, 171
Trd, 000211.183, 171
Trd, 000211.267, 170
Trd, 000211.417, 165
Trd, 000211.900, 164
Trd, 000212.883, 168
Trd, 000213.250, 167
Trd, 000213.367, 166
Trd, 000213.567, 168
Trd, 000214.067, 169
Trd, 000214.117, 161
Trd, 000214.283, 169
Trd, 000215.067, 158
Trd, 000215.850, 164
Trd, 000216.783, 160
Trd, 000217.067, 162
Trd, 000217.100, 163
Trd, 000217.833, 162
Trd, 000217.867, 163
Trd, 000218.317, 162
Trd, 000218.933, 162
Trd, 000219.933, 170
Trd, 000220.200, 176
Trd, 000220.317, 172
Trd, 000221.367, 168
Trd, 000221.433, 169
Trd, 000221.633, 169
Trd, 000222.200, 158
Trd, 000222.717, 171
Trd, 000223.217, 158
Trd, 000223.933, 168
Trd, 000224.483, 167
Trd, 000224.850, 167
Trd, 000224.883, 173
Trd, 000225.300, 168
Trd, 000225.883, 168
Trd, 000226.283, 169
Trd, 000226.600, 168
Trd, 000226.667, 171
Trd, 000227.450, 173
Trd, 000228.100, 172
Trd, 000229.167, 172
Trd, 000229.850, 172
Trd, 000230.300, 172
Trd, 000230.717, 171
Trd, 000230.867, 173
Trd, 000231.267, 173
Trd, 000231.300, 178
Trd, 000231.733, 172
Trd, 000231.817, 166
Trd, 000232.700, 175
Trd, 000233.550, 173
Trd, 000233.900, 173
Trd, 000234.267, 174
Trd, 000235.433, 175
Trd, 000235.500, 171
Trd, 000235.767, 175
Trd, 000235.900, 167
Trd, 000236.367, 175
Trd, 000237.450, 172
Trd, 000237.717, 175
Trd, 000239.067, 173
Trd, 000239.417, 169
Trd, 000240.083, 172
Trd, 000240.817, 170
Trd, 000241.117, 171
Trd, 000241.500, 171
Trd, 000241.600, 169
Trd, 000241.900, 168
Trd, 000242.167, 168
Trd, 000242.183, 171
Trd, 000242.417, 171
Trd, 000243.117, 174
Trd, 000243.350, 158
Trd, 000243.933, 172
Trd, 000244.583, 166
Trd, 000244.617, 169
Trd, 000244.883, 168
Trd, 000245.050, 167
Trd, 000246.017, 164
Trd, 000246.050, 166
Trd, 000247.117, 162
Trd, 000247.433, 172
Trd, 000247.667, 171
Trd, 000247.883, 174
Trd, 000248.450, 163
Trd, 000249.100, 168
Trd, 000249.133, 169
Trd, 000249.367, 169
Trd, 000250.017, 167
Trd, 000250.700, 168
Trd, 000250.783, 168
Trd, 000251.083, 170
Trd, 000251.767, 175
Trd, 000252.533, 175
Trd, 000253.300, 171
Trd, 000253.400, 173
Trd, 000253.717, 167
Trd, 000254.333, 170
Trd, 000254.450, 172
Trd, 000255.267, 169
Trd, 000255.583, 158
Trd, 000256.883, 167
Trd, 000257.183, 168
Trd, 000257.633, 172
Trd, 000257.817, 172
Trd, 000257.850, 162
Trd, 000258.767, 173
Trd, 000258.867, 176
Trd, 000259.217, 159
Trd, 000261.000, 169
Trd, 000261.483, 170
Trd, 000261.567, 170
Trd, 000261.633, 168
Trd, 000262.033, 162
Trd, 000262.117, 160
Trd, 000262.417, 161
Trd, 000262.550, 159
Trd, 000263.083, 159
Trd, 000263.333, 161
Trd, 000264.500, 162
Trd, 000265.533, 161
Trd, 000265.550, 163
Trd, 000265.633, 164
Trd, 000266.350, 167
Trd, 000266.450, 167
Trd, 000266.650, 177
Trd, 000266.900, 178
Trd, 000267.617, 173
Trd, 000268.367, 180
Trd, 000268.967, 176
Trd, 000269.483, 176
Trd, 000270.033, 177
Trd, 000270.983, 177
Trd, 000271.050, 177
Trd, 000271.150, 177
Trd, 000271.233, 179
Trd, 000271.467, 175
Trd, 000272.033, 174
Trd, 000272.217, 173
Trd, 000272.517, 172
Trd, 000273.283, 171
Trd, 000273.367, 175
Trd, 000273.383, 176
Trd, 000274.383, 170
Trd, 000274.917, 161
Trd, 000275.100, 171
Trd, 000275.750, 172
Trd, 000276.033, 160
Trd, 000276.783, 170
Trd, 000276.817, 176
Trd, 000276.833, 178
Trd, 000278.400, 166
Trd, 000278.483, 170
Trd, 000279.483, 162
Trd, 000279.933, 169
Trd, 000280.217, 163
Trd, 000280.667, 168
Trd, 000280.850, 167
Trd, 000281.283, 168
Trd, 000281.700, 159
Trd, 000281.983, 162
Trd, 000283.517, 161
Trd, 000283.550, 162
Trd, 000283.617, 163
Trd, 000283.767, 179
Trd, 000284.533, 163
Trd, 000284.733, 166
Trd, 000285.083, 182
Trd, 000285.417, 175
Trd, 000285.583, 174
Trd, 000285.867, 172
Trd, 000286.633, 161
Trd, 000287.433, 162
Trd, 000287.450, 161
Trd, 000288.267, 166
Trd, 000288.950, 168
Trd, 000289.150, 165
Trd, 000289.667, 164
Trd, 000289.700, 167
Trd, 000290.283, 156
Trd, 000290.583, 168
Trd, 000291.333, 163
Trd, 000291.733, 161
Trd, 000291.800, 164
Trd, 000291.883, 164
Trd, 000292.617, 165
Trd, 000293.583, 166
Trd, 000293.633, 161
Trd, 000294.017, 166
Trd, 000294.567, 165
Trd, 000294.683, 166
Trd, 000295.133, 165
Trd, 000295.317, 167
Trd, 000295.400, 170
Trd, 000295.717, 178
Trd, 000295.817, 163
Trd, 000296.083, 180
Trd, 000297.367, 184
Trd, 000297.900, 172
Trd, 000298.500, 175
Trd, 000299.083, 176
Trd, 000299.400, 188
Trd, 000299.533, 185
