Trd, 000001.467, 100
Trd, 000002.300, 116
Trd, 000002.817, 152
Trd, 000003.900, 152
Trd, 000004.083, 163
Trd, 000004.450, 152
Trd, 000004.967, 156
Trd, 000005.100, 151
Trd, 000005.950, 161
Trd, 000006.833, 157
Trd, 000006.883, 160
Trd, 000006.967, 156
Trd, 000007.917, 160
Trd, 000008.083, 143
Trd, 000008.850, 146
Trd, 000009.600, 149
Trd, 000010.167, 148
Trd, 000010.367, 149
Trd, 000010.450, 142
Trd, 000010.550, 150
Trd, 000011.017, 142
Trd, 000011.583, 148
Trd, 000012.017, 146
Trd, 000012.067, 141
Trd, 000013.550, 132
Trd, 000013.700, 147
Trd, 000013.867, 138
Trd, 000014.783, 149
Trd, 000014.817, 152
Trd, 000015.433, 144
Trd, 000015.467, 143
Trd, 000016.433, 149
Trd, 000016.517, 153
Trd, 000016.550, 144
Trd, 000017.267, 162
Trd, 000018.067, 152
Trd, 000018.700, 152
Trd, 000018.817, 155
Trd, 000018.850, 152
Trd, 000018.983, 156
Trd, 000021.200, 156
Trd, 000021.650, 156
Trd, 000021.683, 154
Trd, 000022.000, 157
Trd, 000022.433, 158
Trd, 000022.517, 157
Trd, 000022.667, 158
Trd, 000022.950, 152
Trd, 000024.117, 158
Trd, 000024.767, 155
Trd, 000025.933, 157
Trd, 000026.017, 156
Trd, 000026.167, 153
Trd, 000027.483, 139
Trd, 000028.333, 149
Trd, 000028.367, 146
Trd, 000028.633, 150
Trd, 000028.783, 149
Trd, 000029.067, 144
Trd, 000029.250, 153
Trd, 000030.067, 140
Trd, 000031.817, 148
Trd, 000031.967, 152
Trd, 000032.400, 148
Trd, 000033.233, 151
Trd, 000033.667, 149
Trd, 000034.033, 154
Trd, 000034.250, 168
Trd, 000034.283, 159
Trd, 000034.583, 149
Trd, 000035.950, 154
Trd, 000036.367, 154
Trd, 000037.550, 155
Trd, 000037.600, 153
Trd, 000038.033, 153
Trd, 000038.050, 145
Trd, 000039.000, 155
Trd, 000040.250, 153
Trd, 000040.600, 152
Trd, 000040.800, 152
Trd, 000041.467, 151
Trd, 000041.717, 151
Trd, 000041.783, 151
Trd, 000041.933, 153
Trd, 000043.283, 150
Trd, 000044.283, 150
Trd, 000044.883, 152
Trd, 000045.000, 148
Trd, 000045.233, 148
Trd, 000045.400, 146
Trd, 000045.600, 150
Trd, 000046.433, 146
Trd, 000046.867, 148
Trd, 000047.350, 148
Trd, 000047.917, 146
Trd, 000048.300, 146
Trd, 000048.350, 148
Trd, 000048.500, 145
Trd, 000049.183, 148
Trd, 000049.267, 150
Trd, 000050.650, 150
Trd, 000050.667, 149
Trd, 000050.883, 153
Trd, 000051.450, 148
Trd, 000051.817, 145
Trd, 000053.250, 146
Trd, 000053.817, 146
Trd, 000054.433, 148
Trd, 000054.450, 149
Trd, 000055.717, 145
Trd, 000055.850, 148
Trd, 000055.900, 144
Trd, 000056.133, 149
Trd, 000056.683, 145
Trd, 000057.400, 156
Trd, 000057.417, 148
Trd, 000057.733, 148
Trd, 000058.533, 153
Trd, 000059.167, 153
Trd, 000059.283, 149
Trd, 000059.300, 153
Trd, 000059.317, 154
Trd, 000059.433, 148
Trd, 000060.117, 157
Trd, 000060.650, 147
Trd, 000060.983, 147
Trd, 000062.833, 166
Trd, 000063.217, 160
Trd, 000064.017, 160
Trd, 000064.500, 160
Trd, 000064.733, 159
Trd, 000065.250, 172
Trd, 000065.317, 159
Trd, 000066.283, 159
Trd, 000067.233, 162
Trd, 000067.817, 158
Trd, 000068.417, 159
Trd, 000068.550, 160
Trd, 000068.600, 159
Trd, 000068.750, 158
Trd, 000069.133, 158
Trd, 000069.433, 159
Trd, 000069.833, 158
Trd, 000069.850, 157
Trd, 000071.283, 156
Trd, 000072.417, 157
Trd, 000072.500, 157
Trd, 000073.017, 155
Trd, 000073.183, 149
Trd, 000073.233, 148
Trd, 000073.367, 144
Trd, 000073.833, 154
Trd, 000074.917, 146
Trd, 000075.367, 149
Trd, 000075.800, 148
Trd, 000077.533, 154
Trd, 000078.017, 153
Trd, 000078.183, 156
Trd, 000078.917, 155
Trd, 000079.867, 157
Trd, 000079.900, 157
Trd, 000080.133, 159
Trd, 000080.267, 155
Trd, 000080.333, 149
Trd, 000081.017, 149
Trd, 000081.850, 172
Trd, 000083.167, 147
Trd, 000084.233, 165
Trd, 000084.267, 166
Trd, 000084.450, 152
Trd, 000084.533, 149
Trd, 000085.050, 164
Trd, 000085.933, 170
Trd, 000085.950, 164
Trd, 000086.667, 163
Trd, 000086.817, 162
Trd, 000087.367, 160
Trd, 000087.400, 167
Trd, 000087.567, 173
Trd, 000087.700, 158
Trd, 000088.000, 154
Trd, 000088.750, 157
Trd, 000090.183, 159
Trd, 000090.367, 159
Trd, 000091.517, 165
Trd, 000092.283, 161
Trd, 000092.317, 161
Trd, 000092.567, 160
Trd, 000093.267, 151
Trd, 000093.350, 150
Trd, 000094.167, 155
Trd, 000094.300, 154
Trd, 000094.317, 156
Trd, 000095.467, 156
Trd, 000095.883, 154
Trd, 000097.650, 155
Trd, 000098.150, 155
Trd, 000098.367, 157
Trd, 000099.100, 156
Trd, 000099.183, 155
Trd, 000099.400, 154
Trd, 000099.733, 156
Trd, 000100.167, 153
Trd, 000100.217, 158
Trd, 000100.317, 151
Trd, 000101.567, 151
Trd, 000102.367, 152
Trd, 000103.467, 158
Trd, 000104.133, 155
Trd, 000104.267, 154
Trd, 000104.867, 158
Trd, 000105.033, 160
Trd, 000105.200, 157
Trd, 000105.300, 154
Trd, 000105.533, 152
Trd, 000105.983, 152
Trd, 000106.200, 151
Trd, 000106.250, 161
Trd, 000107.333, 148
Trd, 000107.450, 147
Trd, 000108.367, 153
Trd, 000108.467, 154
Trd, 000108.533, 152
Trd, 000108.950, 150
Trd, 000110.067, 158
Trd, 000110.617, 154
Trd, 000111.067, 158
Trd, 000111.617, 156
Trd, 000111.883, 153
Trd, 000112.050, 152
Trd, 000112.200, 149
Trd, 000112.567, 148
Trd, 000113.283, 141
Trd, 000114.917, 148
Trd, 000114.933, 147
Trd, 000115.600, 149
Trd, 000115.900, 149
Trd, 000116.250, 150
Trd, 000116.300, 146
Trd, 000116.550, 146
Trd, 000117.167, 150
Trd, 000118.117, 150
Trd, 000118.150, 153
Trd, 000118.433, 160
Trd, 000118.517, 149
Trd, 000119.717, 148
Trd, 000119.917, 149
Trd, 000120.050, 157
Trd, 000120.233, 139
Trd, 000122.083, 159
Trd, 000122.417, 160
Trd, 000122.833, 203
Trd, 000123.650, 223
Trd, 000124.250, 306.0
Trd, 000124.350, 313.0
Trd, 000125.100, 337.0
Trd, 000125.600, 337.0
Trd, 000125.800, 300.0
Trd, 000126.950, 336
Trd, 000127.283, 337
Trd, 000127.483, 338
Trd, 000127.717, 340
Trd, 000128.233, 348.0
Trd, 000129.017, 351
Trd, 000129.633, 348
Trd, 000129.650, 350
Trd, 000130.017, 338
Trd, 000130.617, 340
Trd, 000130.683, 340
Trd, 000130.950, 337
Trd, 000131.517, 346
Trd, 000132.100, 337.0
Trd, 000133.250, 339
Trd, 000133.333, 340
Trd, 000133.633, 338
Trd, 000134.033, 340
Trd, 000134.083, 339
Trd, 000134.950, 339
Trd, 000135.083, 337
Trd, 000135.417, 341
Trd, 000135.750, 334
Trd, 000135.883, 341
Trd, 000136.200, 338.0
Trd, 000137.317, 337.0
Trd, 000138.217, 337
Trd, 000139.267, 341
Trd, 000139.667, 342
Trd, 000140.050, 340.0
Trd, 000140.250, 351
Trd, 000140.600, 351
Trd, 000140.867, 350
Trd, 000141.033, 348
Trd, 000141.167, 354
Trd, 000142.083, 352
Trd, 000142.717, 346
Trd, 000142.917, 354
Trd, 000143.167, 355
Trd, 000143.200, 346
Trd, 000144.333, 344.0
Trd, 000144.517, 344
Trd, 000145.167, 341.0
Trd, 000145.450, 328.0
Trd, 000146.400, 345
Trd, 000146.917, 344
Trd, 000147.217, 337
Trd, 000147.800, 337.0
Trd, 000149.217, 338
Trd, 000149.417, 337
Trd, 000149.883, 338
Trd, 000150.267, 340
Trd, 000150.883, 342
Trd, 000151.100, 341.0
Trd, 000152.083, 337
Trd, 000152.117, 343
Trd, 000152.200, 337.0
Trd, 000152.217, 344
Trd, 000152.450, 335
Trd, 000153.917, 337.0
Trd, 000154.867, 342
Trd, 000154.900, 343
Trd, 000155.467, 341
Trd, 000155.483, 344
Trd, 000155.550, 347
Trd, 000156.417, 350
Trd, 000156.883, 342
Trd, 000157.300, 342
Trd, 000158.317, 337.0
Trd, 000159.183, 347
Trd, 000159.483, 345
Trd, 000160.433, 338
Trd, 000160.450, 346
Trd, 000160.583, 348
Trd, 000161.100, 342
Trd, 000161.267, 348.0
Trd, 000161.933, 343.0
Trd, 000162.700, 344
Trd, 000163.450, 344
Trd, 000163.550, 343
Trd, 000163.900, 349
Trd, 000163.950, 350
Trd, 000164.467, 344
Trd, 000164.633, 350
Trd, 000164.800, 341.0
Trd, 000166.033, 349
Trd, 000166.150, 340
Trd, 000166.233, 350
Trd, 000166.867, 351
Trd, 000167.483, 339
Trd, 000168.667, 350
Trd, 000168.750, 342
Trd, 000169.600, 349
Trd, 000170.267, 347
Trd, 000170.367, 344
Trd, 000170.667, 343
Trd, 000171.033, 346
Trd, 000171.200, 348
Trd, 000171.233, 343
Trd, 000173.967, 345
Trd, 000174.050, 344
Trd, 000174.083, 346.0
Trd, 000174.200, 347.0
Trd, 000175.050, 347
Trd, 000175.133, 348.0
Trd, 000175.200, 343
Trd, 000176.033, 342.0
Trd, 000176.933, 341.0
Trd, 000178.150, 341
Trd, 000178.750, 338
Trd, 000178.783, 327.0
Trd, 000178.867, 348
Trd, 000179.517, 338.0
Trd, 000180.333, 344
Trd, 000180.600, 340.0
Trd, 000180.683, 339.0
Trd, 000181.100, 341
Trd, 000181.900, 343
Trd, 000182.067, 336
Trd, 000182.200, 334
Trd, 000182.467, 333
Trd, 000182.500, 330
Trd, 000182.617, 327.0
Trd, 000183.117, 306.0
Trd, 000183.217, 302
Trd, 000184.100, 310
Trd, 000184.400, 244
Trd, 000184.550, 213
Trd, 000184.883, 200
Trd, 000186.300, 197
Trd, 000186.617, 187
Trd, 000187.750, 186
Trd, 000187.783, 181
Trd, 000188.450, 194
Trd, 000188.733, 187
Trd, 000190.083, 192
Trd, 000190.933, 190
Trd, 000191.217, 190
Trd, 000191.517, 171
Trd, 000192.100, 188
Trd, 000192.350, 187
Trd, 000193.567, 184
Trd, 000193.700, 185
Trd, 000194.550, 177
Trd, 000194.800, 168
Trd, 000195.117, 167
Trd, 000195.133, 164
Trd, 000195.783, 172
Trd, 000196.017, 160
Trd, 000197.267, 172
Trd, 000198.383, 170
Trd, 000198.683, 169
Trd, 000199.183, 172
Trd, 000199.450, 168
Trd, 000199.717, 167
Trd, 000200.167, 164
Trd, 000200.217, 171
Trd, 000201.000, 164
Trd, 000202.167, 169
Trd, 000202.867, 167
Trd, 000203.550, 161
Trd, 000204.400, 164
Trd, 000204.833, 166
Trd, 000205.467, 163
Trd, 000205.567, 165
Trd, 000205.800, 162
Trd, 000206.217, 166
Trd, 000206.300, 168
Trd, 000206.883, 164
Trd, 000207.650, 163
Trd, 000207.667, 162
Trd, 000207.983, 157
Trd, 000208.583, 168
Trd, 000209.333, 161
Trd, 000209.467, 160
Trd, 000209.550, 168
Trd, 000210.350, 171
Trd, 000211.617, 168
Trd, 000211.883, 170
Trd, 000212.133, 167
Trd, 000212.417, 172
Trd, 000212.700, 164
Trd, 000213.500, 166
Trd, 000213.700, 165
Trd, 000213.850, 165
Trd, 000214.883, 172
Trd, 000215.283, 185
Trd, 000217.750, 167
Trd, 000218.017, 170
Trd, 000218.567, 171
Trd, 000218.850, 168
Trd, 000218.983, 171
Trd, 000219.200, 167
Trd, 000219.867, 165
Trd, 000220.017, 172
Trd, 000221.983, 169
Trd, 000222.717, 170
Trd, 000222.817, 173
Trd, 000223.383, 170
Trd, 000223.950, 171
Trd, 000224.133, 171
Trd, 000224.800, 170
Trd, 000225.383, 169
Trd, 000225.417, 163
Trd, 000225.517, 170
Trd, 000225.533, 166
Trd, 000226.267, 168
Trd, 000226.317, 166
Trd, 000226.400, 171
Trd, 000228.017, 166
Trd, 000228.033, 164
Trd, 000229.050, 160
Trd, 000229.567, 163
Trd, 000230.000, 171
Trd, 000230.350, 159
Trd, 000230.367, 174
Trd, 000231.550, 174
Trd, 000231.933, 170
Trd, 000232.500, 171
Trd, 000232.600, 172
Trd, 000232.817, 171
Trd, 000232.883, 164
Trd, 000233.867, 186
Trd, 000234.367, 186
Trd, 000234.717, 186
Trd, 000234.750, 184
Trd, 000235.517, 184
Trd, 000236.183, 183
Trd, 000236.983, 170
Trd, 000238.617, 179
Trd, 000239.700, 179
Trd, 000239.800, 179
Trd, 000240.067, 180
Trd, 000240.500, 179
Trd, 000240.567, 178
Trd, 000241.300, 179
Trd, 000241.733, 178
Trd, 000241.767, 174
Trd, 000241.783, 174
Trd, 000242.667, 168
Trd, 000242.933, 179
Trd, 000242.983, 169
Trd, 000243.000, 167
Trd, 000243.067, 182
Trd, 000243.200, 162
Trd, 000244.283, 176
Trd, 000244.467, 165
Trd, 000244.733, 189
Trd, 000245.033, 188
Trd, 000246.000, 172
Trd, 000246.183, 163
Trd, 000246.283, 161
Trd, 000246.533, 162
Trd, 000246.700, 168
Trd, 000247.350, 168
Trd, 000249.167, 168
Trd, 000250.383, 171
Trd, 000250.683, 170
Trd, 000250.733, 166
Trd, 000250.750, 166
Trd, 000251.300, 166
Trd, 000251.417, 168
Trd, 000251.583, 171
Trd, 000251.750, 165
Trd, 000251.783, 164
Trd, 000251.917, 162
Trd, 000252.233, 170
Trd, 000252.350, 156
Trd, 000252.400, 171
Trd, 000253.767, 171
Trd, 000254.100, 170
Trd, 000254.317, 169
Trd, 000255.083, 171
Trd, 000255.283, 168
Trd, 000255.917, 173
Trd, 000256.283, 168
Trd, 000256.700, 166
Trd, 000257.433, 181
Trd, 000257.700, 183
Trd, 000257.833, 181
Trd, 000257.917, 187
Trd, 000258.783, 184
Trd, 000258.917, 177
Trd, 000259.083, 176
Trd, 000259.850, 178
Trd, 000260.133, 180
Trd, 000261.567, 179
Trd, 000262.067, 178
Trd, 000262.817, 182
Trd, 000263.283, 176
Trd, 000263.317, 182
Trd, 000263.967, 175
Trd, 000264.217, 167
Trd, 000264.383, 163
Trd, 000264.483, 179
Trd, 000265.433, 169
Trd, 000266.500, 178
Trd, 000267.400, 176
Trd, 000267.817, 178
Trd, 000267.967, 183
Trd, 000268.650, 182
Trd, 000268.700, 183
Trd, 000269.300, 183
Trd, 000269.333, 181
Trd, 000269.767, 182
Trd, 000270.050, 181
Trd, 000270.233, 181
Trd, 000270.333, 180
Trd, 000271.467, 177
Trd, 000271.600, 168
Trd, 000271.833, 164
Trd, 000272.517, 175
Trd, 000272.900, 173
Trd, 000272.950, 172
Trd, 000273.383, 170
Trd, 000273.483, 164
Trd, 000273.717, 173
Trd, 000274.833, 171
Trd, 000274.867, 171
Trd, 000274.900, 172
Trd, 000274.967, 175
Trd, 000276.183, 169
Trd, 000276.767, 168
Trd, 000277.683, 168
Trd, 000278.050, 173
Trd, 000278.333, 186
Trd, 000278.450, 168
Trd, 000278.950, 165
Trd, 000279.583, 165
Trd, 000279.600, 164
Trd, 000280.600, 172
Trd, 000280.650, 176
Trd, 000280.950, 166
Trd, 000282.133, 175
Trd, 000282.283, 176
Trd, 000282.467, 176
Trd, 000282.833, 175
Trd, 000282.883, 177
Trd, 000283.217, 171
Trd, 000283.900, 170
Trd, 000284.917, 170
Trd, 000285.333, 174
Trd, 000286.967, 173
Trd, 000287.033, 176
Trd, 000287.183, 176
Trd, 000288.017, 172
Trd, 000288.067, 179
Trd, 000289.367, 179
Trd, 000289.417, 177
Trd, 000289.583, 178
Trd, 000289.850, 180
Trd, 000290.083, 177
Trd, 000290.650, 178
Trd, 000291.150, 179
Trd, 000291.183, 180
Trd, 000291.400, 171
Trd, 000291.900, 179
Trd, 000291.933, 168
Trd, 000291.950, 166
Trd, 000292.283, 166
Trd, 000292.367, 180
Trd, 000294.650, 174
Trd, 000294.733, 179
Trd, 000295.350, 171
Trd, 000295.583, 176
Trd, 000295.983, 173
Trd, 000296.067, 176
Trd, 000296.817, 176
Trd, 000297.583, 172
Trd, 000298.233, 177
Trd, 000298.383, 181
Trd, 000298.917, 187
Trd, 000299.267, 179
Trd, 000299.550, 168
Trd, 000299.800, 167
