Trd, 000002.833, 135
Trd, 000002.950, 138
Trd, 000002.967, 151
Trd, 000004.033, 162
Trd, 000004.083, 143
Trd, 000004.817, 165
Trd, 000005.067, 138
Trd, 000005.433, 158
Trd, 000006.667, 155
Trd, 000006.833, 155
Trd, 000007.150, 158
Trd, 000007.267, 156
Trd, 000007.350, 158
Trd, 000008.400, 149
Trd, 000011.400, 151
Trd, 000012.150, 156
Trd, 000012.217, 156
Trd, 000012.833, 156
Trd, 000012.883, 156
Trd, 000014.417, 158
Trd, 000014.933, 157
Trd, 000015.050, 158
Trd, 000015.350, 156
Trd, 000016.817, 155
Trd, 000017.317, 159
Trd, 000017.383, 154
Trd, 000018.850, 160
Trd, 000019.517, 160
Trd, 000020.583, 160
Trd, 000020.700, 159
Trd, 000020.833, 160
Trd, 000021.117, 161
Trd, 000021.817, 158
Trd, 000022.217, 158
Trd, 000022.233, 157
Trd, 000023.333, 161
Trd, 000023.967, 160
Trd, 000024.217, 162
Trd, 000024.350, 156
Trd, 000026.150, 164
Trd, 000026.317, 158
Trd, 000026.550, 167
Trd, 000027.050, 158
Trd, 000027.633, 158
Trd, 000028.817, 158
Trd, 000029.383, 158
Trd, 000029.450, 151
Trd, 000031.233, 158
Trd, 000032.183, 153
Trd, 000033.917, 159
Trd, 000034.133, 158
Trd, 000034.700, 155
Trd, 000035.683, 158
Trd, 000036.267, 158
Trd, 000036.950, 159
Trd, 000037.133, 161
Trd, 000039.700, 159
Trd, 000039.917, 160
Trd, 000040.217, 158
Trd, 000041.050, 157
Trd, 000042.067, 160
Trd, 000042.367, 160
Trd, 000042.567, 159
Trd, 000042.833, 162
Trd, 000044.000, 159
Trd, 000045.233, 159
Trd, 000045.350, 161
Trd, 000045.467, 162
Trd, 000046.617, 162
Trd, 000047.167, 163
Trd, 000047.983, 161
Trd, 000049.567, 160
Trd, 000050.817, 162
Trd, 000050.950, 161
Trd, 000052.067, 162
Trd, 000052.117, 160
Trd, 000052.817, 161
Trd, 000053.150, 163
Trd, 000053.600, 162
Trd, 000054.000, 160
Trd, 000054.050, 153
Trd, 000054.600, 160
Trd, 000055.300, 160
Trd, 000056.000, 163
Trd, 000056.183, 159
Trd, 000057.400, 152
Trd, 000057.800, 162
Trd, 000058.133, 162
Trd, 000058.517, 160
Trd, 000059.217, 162
Trd, 000061.300, 161
Trd, 000061.450, 158
Trd, 000062.383, 160
Trd, 000063.450, 160
Trd, 000063.567, 161
Trd, 000063.900, 160
Trd, 000064.417, 160
Trd, 000065.583, 158
Trd, 000066.017, 164
Trd, 000066.550, 165
Trd, 000067.367, 160
Trd, 000067.817, 161
Trd, 000068.250, 158
Trd, 000068.950, 162
Trd, 000069.733, 158
Trd, 000069.983, 158
Trd, 000070.467, 161
Trd, 000071.550, 161
Trd, 000072.050, 161
Trd, 000072.300, 157
Trd, 000072.600, 162
Trd, 000075.000, 158
Trd, 000075.433, 159
Trd, 000075.817, 157
Trd, 000076.100, 160
Trd, 000076.717, 170
Trd, 000077.183, 161
Trd, 000078.750, 163
Trd, 000078.833, 160
Trd, 000078.933, 163
Trd, 000079.217, 164
Trd, 000079.267, 166
Trd, 000079.450, 156
Trd, 000081.500, 151
Trd, 000081.983, 170
Trd, 000083.067, 164
Trd, 000083.483, 173
Trd, 000083.850, 163
Trd, 000084.267, 164
Trd, 000085.383, 166
Trd, 000086.967, 164
Trd, 000087.567, 168
Trd, 000087.600, 169
Trd, 000089.033, 164
Trd, 000089.283, 163
Trd, 000089.317, 170
Trd, 000092.367, 167
Trd, 000092.767, 165
Trd, 000093.183, 163
Trd, 000093.533, 168
Trd, 000093.767, 162
Trd, 000093.800, 157
Trd, 000094.750, 164
Trd, 000095.350, 150
Trd, 000095.650, 166
Trd, 000095.667, 167
Trd, 000097.867, 167
Trd, 000098.500, 165
Trd, 000099.683, 165
Trd, 000100.083, 168
Trd, 000100.450, 165
Trd, 000101.567, 167
Trd, 000102.517, 167
Trd, 000102.533, 167
Trd, 000103.100, 165
Trd, 000105.350, 167
Trd, 000106.633, 167
Trd, 000106.750, 169
Trd, 000107.233, 169
Trd, 000107.433, 171
Trd, 000108.333, 172
Trd, 000108.450, 168
Trd, 000108.467, 166
Trd, 000108.933, 164
Trd, 000109.450, 153
Trd, 000109.800, 171
Trd, 000110.750, 160
Trd, 000111.950, 169
Trd, 000112.233, 166
Trd, 000112.383, 176
Trd, 000113.533, 169
Trd, 000113.917, 167
Trd, 000115.033, 168
Trd, 000115.283, 166
Trd, 000116.017, 169
Trd, 000116.083, 162
Trd, 000117.050, 166
Trd, 000117.167, 169
Trd, 000117.383, 167
Trd, 000119.000, 168
Trd, 000119.283, 169
Trd, 000119.933, 169
Trd, 000120.700, 170
Trd, 000120.817, 167
Trd, 000122.350, 173
Trd, 000122.517, 184
Trd, 000122.950, 186
Trd, 000123.333, 187
Trd, 000123.517, 191
Trd, 000123.550, 194
Trd, 000124.117, 198
Trd, 000124.517, 221
Trd, 000124.750, 311
Trd, 000125.900, 358.0
Trd, 000126.217, 330.0
Trd, 000126.267, 337.0
Trd, 000126.900, 358.0
Trd, 000128.000, 355.0
Trd, 000128.133, 338
Trd, 000130.217, 365.0
Trd, 000130.600, 365.0
Trd, 000132.033, 366
Trd, 000132.150, 367
Trd, 000132.500, 362.0
Trd, 000133.500, 362
Trd, 000134.117, 355.0
Trd, 000134.350, 356
Trd, 000135.017, 356
Trd, 000136.150, 355
Trd, 000136.900, 358.0
Trd, 000137.000, 355.0
Trd, 000138.700, 355
Trd, 000138.733, 352
Trd, 000138.883, 348.0
Trd, 000140.667, 357
Trd, 000142.350, 356
Trd, 000142.767, 355
Trd, 000144.017, 357
Trd, 000144.583, 357.0
Trd, 000144.800, 355.0
Trd, 000146.100, 355.0
Trd, 000146.667, 358.0
Trd, 000147.350, 354
Trd, 000147.883, 353
Trd, 000150.450, 352
Trd, 000150.817, 355.0
Trd, 000151.200, 356
Trd, 000151.817, 355.0
Trd, 000152.000, 351
Trd, 000152.750, 344
Trd, 000153.333, 358.0
Trd, 000154.667, 356
Trd, 000155.850, 351.0
Trd, 000155.883, 355.0
Trd, 000156.750, 355
Trd, 000157.067, 356
Trd, 000157.650, 357
Trd, 000157.967, 365.0
Trd, 000159.183, 357.0
Trd, 000159.900, 358.0
Trd, 000160.183, 352
Trd, 000160.367, 370
Trd, 000160.450, 356
Trd, 000160.600, 355.0
Trd, 000161.433, 354
Trd, 000163.317, 355.0
Trd, 000165.500, 354
Trd, 000165.800, 358.0
Trd, 000166.083, 352
Trd, 000166.283, 354
Trd, 000166.483, 348.0
Trd, 000166.900, 333
Trd, 000168.150, 340
Trd, 000168.900, 342
Trd, 000169.200, 342
Trd, 000170.467, 343
Trd, 000172.033, 343
Trd, 000172.183, 355.0
Trd, 000172.233, 338
Trd, 000173.183, 347
Trd, 000174.367, 345
Trd, 000175.300, 348
Trd, 000175.817, 347
Trd, 000176.600, 343
Trd, 000177.100, 339
Trd, 000179.383, 348
Trd, 000180.400, 347
Trd, 000180.700, 346
Trd, 000180.850, 347
Trd, 000181.500, 351
Trd, 000181.750, 345
Trd, 000182.567, 352
Trd, 000183.233, 343
Trd, 000183.283, 340
Trd, 000183.967, 338
Trd, 000184.150, 328
Trd, 000184.633, 327.0
Trd, 000184.917, 323
Trd, 000185.067, 266
Trd, 000185.467, 193
Trd, 000186.117, 180
Trd, 000187.533, 191
Trd, 000187.600, 180
Trd, 000187.700, 197
Trd, 000187.867, 179
Trd, 000188.317, 173
Trd, 000189.483, 172
Trd, 000190.117, 184
Trd, 000190.600, 177
Trd, 000191.517, 180
Trd, 000192.100, 180
Trd, 000192.150, 181
Trd, 000193.350, 177
Trd, 000193.933, 184
Trd, 000194.917, 183
Trd, 000195.283, 182
Trd, 000195.700, 185
Trd, 000197.000, 182
Trd, 000197.233, 185
Trd, 000197.800, 181
Trd, 000198.400, 182
Trd, 000198.917, 186
Trd, 000200.033, 187
Trd, 000200.050, 182
Trd, 000201.367, 185
Trd, 000201.933, 187
Trd, 000201.950, 187
Trd, 000202.783, 187
Trd, 000203.400, 189
Trd, 000203.517, 186
Trd, 000203.667, 186
Trd, 000203.917, 182
Trd, 000203.950, 175
Trd, 000204.100, 168
Trd, 000204.883, 159
Trd, 000206.433, 175
Trd, 000206.750, 174
Trd, 000207.417, 177
Trd, 000207.917, 176
Trd, 000208.767, 179
Trd, 000209.917, 179
Trd, 000210.083, 183
Trd, 000210.417, 181
Trd, 000211.267, 180
Trd, 000211.817, 182
Trd, 000213.550, 186
Trd, 000213.617, 183
Trd, 000213.767, 193
Trd, 000214.467, 182
Trd, 000214.617, 181
Trd, 000215.233, 179
Trd, 000215.450, 186
Trd, 000216.717, 180
Trd, 000217.483, 184
Trd, 000218.383, 181
Trd, 000218.967, 180
Trd, 000219.167, 176
Trd, 000219.233, 171
Trd, 000219.383, 186
Trd, 000219.467, 177
Trd, 000220.150, 179
Trd, 000221.383, 179
Trd, 000222.017, 177
Trd, 000224.000, 179
Trd, 000224.850, 178
Trd, 000225.417, 178
Trd, 000225.750, 179
Trd, 000225.817, 177
Trd, 000227.733, 176
Trd, 000228.183, 178
Trd, 000228.633, 178
Trd, 000229.650, 178
Trd, 000230.400, 180
Trd, 000230.567, 180
Trd, 000231.400, 179
Trd, 000231.550, 183
Trd, 000232.933, 180
Trd, 000233.133, 181
Trd, 000233.200, 182
Trd, 000233.333, 179
Trd, 000234.067, 182
Trd, 000235.350, 182
Trd, 000235.533, 180
Trd, 000237.367, 182
Trd, 000237.417, 184
Trd, 000237.700, 185
Trd, 000239.067, 181
Trd, 000239.400, 180
Trd, 000240.433, 185
Trd, 000241.000, 181
Trd, 000241.183, 176
Trd, 000241.500, 187
Trd, 000241.833, 186
Trd, 000242.167, 182
Trd, 000242.767, 189
Trd, 000243.150, 184
Trd, 000243.483, 186
Trd, 000244.000, 184
Trd, 000244.100, 181
Trd, 000244.450, 181
Trd, 000244.833, 179
Trd, 000245.950, 171
Trd, 000246.550, 172
Trd, 000246.783, 175
Trd, 000247.250, 176
Trd, 000247.267, 182
Trd, 000248.350, 176
Trd, 000248.917, 180
Trd, 000249.050, 190
Trd, 000249.783, 177
Trd, 000250.433, 176
Trd, 000250.733, 180
Trd, 000251.483, 179
Trd, 000251.517, 173
Trd, 000252.233, 175
Trd, 000253.200, 172
Trd, 000254.050, 173
Trd, 000254.367, 173
Trd, 000254.867, 175
Trd, 000255.367, 173
Trd, 000255.433, 173
Trd, 000255.767, 176
Trd, 000255.867, 176
Trd, 000256.567, 180
Trd, 000256.600, 181
Trd, 000256.633, 183
Trd, 000257.533, 175
Trd, 000257.783, 181
Trd, 000258.500, 181
Trd, 000258.700, 179
Trd, 000259.317, 182
Trd, 000259.333, 168
Trd, 000259.617, 184
Trd, 000260.083, 183
Trd, 000260.700, 181
Trd, 000261.500, 178
Trd, 000261.983, 181
Trd, 000262.583, 178
Trd, 000262.667, 179
Trd, 000263.267, 178
Trd, 000263.417, 181
Trd, 000263.650, 181
Trd, 000263.817, 181
Trd, 000264.417, 178
Trd, 000265.250, 175
Trd, 000265.483, 179
Trd, 000266.033, 184
Trd, 000267.000, 186
Trd, 000267.667, 182
Trd, 000267.983, 183
Trd, 000268.033, 180
Trd, 000268.950, 182
Trd, 000269.017, 185
Trd, 000270.567, 185
Trd, 000270.683, 182
Trd, 000270.817, 182
Trd, 000271.267, 185
Trd, 000271.500, 182
Trd, 000271.650, 185
Trd, 000272.267, 187
Trd, 000273.317, 189
Trd, 000273.700, 185
Trd, 000273.717, 188
Trd, 000273.983, 185
Trd, 000274.467, 176
Trd, 000274.867, 182
Trd, 000276.183, 182
Trd, 000276.733, 182
Trd, 000277.750, 185
Trd, 000279.333, 185
Trd, 000279.733, 186
Trd, 000279.900, 187
Trd, 000279.933, 184
Trd, 000280.117, 188
Trd, 000280.717, 183
Trd, 000281.167, 182
Trd, 000281.617, 176
Trd, 000281.817, 178
Trd, 000281.950, 186
Trd, 000283.033, 186
Trd, 000283.617, 178
Trd, 000284.250, 181
Trd, 000285.417, 183
Trd, 000285.767, 187
Trd, 000286.050, 183
Trd, 000286.250, 189
Trd, 000286.467, 191
Trd, 000286.650, 185
Trd, 000286.983, 185
Trd, 000287.017, 182
Trd, 000288.233, 190
Trd, 000289.400, 185
Trd, 000289.650, 186
Trd, 000289.717, 185
Trd, 000289.767, 191
Trd, 000289.967, 191
Trd, 000290.017, 185
Trd, 000290.250, 184
Trd, 000291.000, 184
Trd, 000291.733, 183
Trd, 000291.800, 177
Trd, 000291.867, 187
Trd, 000292.650, 193
Trd, 000293.650, 187
Trd, 000293.917, 188
Trd, 000294.533, 172
Trd, 000294.883, 170
Trd, 000295.183, 184
Trd, 000295.483, 180
Trd, 000296.000, 185
Trd, 000296.067, 178
Trd, 000296.317, 183
Trd, 000296.650, 177
Trd, 000297.183, 184
Trd, 000297.483, 179
Trd, 000298.133, 194
Trd, 000298.583, 202
Trd, 000298.817, 192
Trd, 000299.000, 185
Trd, 000299.583, 171
