Trd, 000001.583, 151
Trd, 000002.200, 181
Trd, 000002.900, 164
Trd, 000003.017, 148
Trd, 000004.183, 168
Trd, 000005.433, 153
Trd, 000005.517, 145
Trd, 000006.050, 169
Trd, 000006.817, 142
Trd, 000006.950, 152
Trd, 000007.000, 140
Trd, 000007.383, 138
Trd, 000008.050, 145
Trd, 000009.183, 147
Trd, 000010.883, 147
Trd, 000010.967, 148
Trd, 000011.283, 148
Trd, 000011.383, 169
Trd, 000011.750, 145
Trd, 000012.233, 171
Trd, 000012.600, 152
Trd, 000013.283, 152
Trd, 000013.550, 143
Trd, 000015.517, 150
Trd, 000015.683, 150
Trd, 000015.883, 159
Trd, 000016.267, 149
Trd, 000016.767, 155
Trd, 000018.483, 151
Trd, 000018.867, 149
Trd, 000019.383, 150
Trd, 000019.500, 150
Trd, 000019.717, 133
Trd, 000020.333, 152
Trd, 000021.200, 153
Trd, 000022.017, 155
Trd, 000022.533, 150
Trd, 000024.000, 174
Trd, 000025.267, 159
Trd, 000025.417, 159
Trd, 000025.433, 158
Trd, 000025.750, 157
Trd, 000026.367, 151
Trd, 000028.350, 159
Trd, 000028.767, 160
Trd, 000029.750, 158
Trd, 000029.917, 156
Trd, 000032.433, 157
Trd, 000032.550, 155
Trd, 000033.983, 154
Trd, 000034.017, 153
Trd, 000034.883, 154
Trd, 000035.200, 155
Trd, 000035.217, 155
Trd, 000035.283, 153
Trd, 000036.100, 152
Trd, 000036.533, 155
Trd, 000038.100, 153
Trd, 000038.667, 152
Trd, 000039.167, 154
Trd, 000039.233, 147
Trd, 000039.433, 155
Trd, 000039.817, 155
Trd, 000041.000, 162
Trd, 000041.433, 155
Trd, 000041.667, 152
Trd, 000042.717, 171
Trd, 000042.767, 161
Trd, 000043.150, 161
Trd, 000044.383, 149
Trd, 000044.417, 162
Trd, 000044.483, 148
Trd, 000044.733, 142
Trd, 000047.567, 156
Trd, 000048.567, 157
Trd, 000049.967, 156
Trd, 000050.017, 155
Trd, 000050.333, 157
Trd, 000050.567, 158
Trd, 000050.867, 155
Trd, 000050.883, 153
Trd, 000051.950, 161
Trd, 000052.683, 163
Trd, 000052.750, 149
Trd, 000054.233, 145
Trd, 000055.017, 153
Trd, 000055.350, 142
Trd, 000055.483, 142
Trd, 000057.767, 155
Trd, 000057.967, 156
Trd, 000058.050, 157
Trd, 000058.450, 148
Trd, 000058.633, 149
Trd, 000059.917, 154
Trd, 000060.500, 151
Trd, 000061.933, 163
Trd, 000062.067, 164
Trd, 000062.167, 157
Trd, 000062.950, 152
Trd, 000065.050, 158
Trd, 000065.283, 154
Trd, 000066.133, 152
Trd, 000066.417, 153
Trd, 000067.800, 157
Trd, 000068.767, 159
Trd, 000069.017, 160
Trd, 000069.383, 161
Trd, 000069.483, 164
Trd, 000069.617, 158
Trd, 000070.567, 159
Trd, 000070.783, 164
Trd, 000072.450, 165
Trd, 000072.700, 175
Trd, 000073.933, 168
Trd, 000074.400, 166
Trd, 000074.583, 165
Trd, 000075.100, 159
Trd, 000075.433, 173
Trd, 000076.067, 158
Trd, 000077.400, 165
Trd, 000078.433, 158
Trd, 000078.750, 163
Trd, 000079.967, 159
Trd, 000080.683, 158
Trd, 000080.917, 158
Trd, 000081.217, 159
Trd, 000082.717, 166
Trd, 000084.200, 159
Trd, 000085.100, 158
Trd, 000085.183, 152
Trd, 000085.450, 164
Trd, 000085.967, 164
Trd, 000086.133, 157
Trd, 000086.800, 165
Trd, 000087.817, 156
Trd, 000088.550, 165
Trd, 000089.450, 174
Trd, 000090.050, 167
Trd, 000090.200, 170
Trd, 000091.267, 167
Trd, 000091.383, 175
Trd, 000091.800, 169
Trd, 000093.050, 170
Trd, 000093.300, 169
Trd, 000093.667, 181
Trd, 000094.650, 160
Trd, 000095.000, 174
Trd, 000095.800, 157
Trd, 000095.883, 177
Trd, 000096.183, 159
Trd, 000097.133, 161
Trd, 000097.783, 173
Trd, 000098.350, 159
Trd, 000099.150, 185
Trd, 000099.967, 173
Trd, 000100.867, 158
Trd, 000101.317, 158
Trd, 000101.533, 161
Trd, 000101.700, 168
Trd, 000102.750, 160
Trd, 000104.617, 163
Trd, 000104.917, 162
Trd, 000105.967, 163
Trd, 000105.983, 159
Trd, 000106.883, 162
Trd, 000107.033, 169
Trd, 000108.083, 182
Trd, 000108.283, 183
Trd, 000109.483, 176
Trd, 000110.150, 176
Trd, 000110.233, 172
Trd, 000110.417, 169
Trd, 000111.150, 169
Trd, 000112.483, 169
Trd, 000113.133, 169
Trd, 000113.450, 161
Trd, 000113.900, 161
Trd, 000114.600, 160
Trd, 000114.950, 162
Trd, 000115.900, 159
Trd, 000116.167, 162
Trd, 000116.900, 162
Trd, 000117.683, 162
Trd, 000118.583, 153
Trd, 000118.833, 152
Trd, 000119.550, 162
Trd, 000119.650, 156
Trd, 000120.617, 155
Trd, 000120.733, 160
Trd, 000120.950, 160
Trd, 000121.133, 163
Trd, 000121.783, 182
Trd, 000122.300, 184
Trd, 000122.317, 187
Trd, 000123.200, 182
Trd, 000123.667, 198
Trd, 000124.083, 205
Trd, 000124.450, 303.0
Trd, 000125.000, 317.0
Trd, 000125.417, 312
Trd, 000126.100, 329
Trd, 000126.900, 348.0
Trd, 000127.883, 346
Trd, 000127.933, 351.0
Trd, 000128.883, 343
Trd, 000130.950, 351.0
Trd, 000132.000, 350.0
Trd, 000132.800, 349
Trd, 000133.217, 346
Trd, 000134.017, 351.0
Trd, 000134.767, 349.0
Trd, 000135.150, 348.0
Trd, 000135.417, 344.0
Trd, 000137.850, 348
Trd, 000138.300, 346
Trd, 000138.450, 345
Trd, 000139.450, 349
Trd, 000139.867, 350
Trd, 000140.017, 346
Trd, 000140.817, 351.0
Trd, 000141.017, 346
Trd, 000141.783, 350.0
Trd, 000141.817, 351.0
Trd, 000142.983, 351.0
Trd, 000143.050, 358.0
Trd, 000143.067, 350.0
Trd, 000143.250, 369
Trd, 000143.650, 348.0
Trd, 000145.000, 346.0
Trd, 000145.883, 350
Trd, 000147.300, 346.0
Trd, 000147.650, 345.0
Trd, 000147.883, 345
Trd, 000148.167, 351
Trd, 000150.000, 351.0
Trd, 000150.367, 348.0
Trd, 000151.583, 347
Trd, 000153.417, 349
Trd, 000153.617, 350
Trd, 000153.650, 347.0
Trd, 000154.483, 348.0
Trd, 000154.733, 351
Trd, 000155.817, 351.0
Trd, 000155.950, 349
Trd, 000156.100, 352
Trd, 000157.067, 347
Trd, 000158.467, 351
Trd, 000158.617, 349.0
Trd, 000158.733, 340
Trd, 000160.400, 349.0
Trd, 000161.400, 351
Trd, 000161.833, 348.0
Trd, 000161.867, 344.0
Trd, 000161.883, 341
Trd, 000162.967, 348
Trd, 000163.083, 351.0
Trd, 000163.133, 339
Trd, 000163.433, 358.0
Trd, 000163.867, 339
Trd, 000166.000, 348.0
Trd, 000167.433, 349.0
Trd, 000167.667, 348.0
Trd, 000167.983, 348
Trd, 000168.167, 347
Trd, 000168.400, 344.0
Trd, 000168.933, 351.0
Trd, 000169.417, 342.0
Trd, 000170.750, 342
Trd, 000172.200, 343
Trd, 000172.367, 341
Trd, 000173.683, 341
Trd, 000173.817, 340
Trd, 000174.333, 337
Trd, 000174.800, 346
Trd, 000175.133, 351.0
Trd, 000176.500, 349.0
Trd, 000177.200, 348.0
Trd, 000178.000, 348.0
Trd, 000178.333, 353
Trd, 000178.950, 344.0
Trd, 000180.033, 346
Trd, 000180.683, 337.0
Trd, 000181.350, 345
Trd, 000181.650, 335
Trd, 000182.500, 334
Trd, 000182.767, 329
Trd, 000183.600, 312
Trd, 000183.817, 285
Trd, 000184.017, 314
Trd, 000184.083, 282
Trd, 000185.450, 240
Trd, 000185.483, 197
Trd, 000186.033, 199
Trd, 000186.200, 198
Trd, 000186.750, 193
Trd, 000187.167, 176
Trd, 000187.683, 166
Trd, 000188.333, 170
Trd, 000189.033, 186
Trd, 000190.250, 179
Trd, 000190.367, 174
Trd, 000190.917, 165
Trd, 000191.233, 165
Trd, 000191.250, 179
Trd, 000191.550, 164
Trd, 000192.217, 182
Trd, 000192.933, 163
Trd, 000194.867, 169
Trd, 000195.017, 168
Trd, 000196.850, 170
Trd, 000197.100, 167
Trd, 000197.233, 173
Trd, 000197.367, 173
Trd, 000197.467, 177
Trd, 000198.817, 168
Trd, 000199.767, 164
Trd, 000200.117, 169
Trd, 000200.300, 170
Trd, 000200.550, 171
Trd, 000200.883, 180
Trd, 000201.183, 175
Trd, 000202.483, 161
Trd, 000202.750, 158
Trd, 000204.600, 170
Trd, 000204.883, 169
Trd, 000205.117, 171
Trd, 000206.433, 168
Trd, 000207.133, 172
Trd, 000207.450, 169
Trd, 000208.150, 171
Trd, 000208.417, 169
Trd, 000209.183, 168
Trd, 000210.567, 168
Trd, 000210.617, 166
Trd, 000210.717, 170
Trd, 000211.500, 165
Trd, 000212.017, 171
Trd, 000212.850, 172
Trd, 000212.917, 179
Trd, 000214.067, 189
Trd, 000214.317, 176
Trd, 000214.983, 184
Trd, 000215.200, 182
Trd, 000215.583, 182
Trd, 000216.533, 179
Trd, 000216.933, 165
Trd, 000218.717, 172
Trd, 000218.833, 173
Trd, 000219.133, 172
Trd, 000219.583, 189
Trd, 000219.633, 190
Trd, 000219.767, 188
Trd, 000220.917, 172
Trd, 000221.133, 170
Trd, 000222.617, 176
Trd, 000223.800, 172
Trd, 000224.133, 162
Trd, 000225.600, 173
Trd, 000225.933, 173
Trd, 000225.967, 172
Trd, 000226.950, 174
Trd, 000227.033, 174
Trd, 000227.450, 172
Trd, 000228.250, 174
Trd, 000229.517, 173
Trd, 000229.617, 174
Trd, 000229.733, 180
Trd, 000230.200, 193
Trd, 000230.733, 180
Trd, 000231.317, 181
Trd, 000233.400, 181
Trd, 000233.467, 182
Trd, 000234.233, 181
Trd, 000234.417, 180
Trd, 000234.700, 182
Trd, 000235.400, 181
Trd, 000235.700, 184
Trd, 000236.467, 173
Trd, 000236.517, 174
Trd, 000236.883, 172
Trd, 000237.783, 175
Trd, 000238.317, 174
Trd, 000238.867, 162
Trd, 000239.100, 175
Trd, 000239.833, 162
Trd, 000240.717, 184
Trd, 000240.800, 186
Trd, 000240.883, 182
Trd, 000240.950, 177
Trd, 000241.217, 161
Trd, 000242.000, 174
Trd, 000242.283, 174
Trd, 000242.483, 175
Trd, 000242.600, 179
Trd, 000243.333, 183
Trd, 000243.667, 183
Trd, 000244.650, 187
Trd, 000244.883, 180
Trd, 000245.067, 174
Trd, 000245.350, 157
Trd, 000246.783, 178
Trd, 000246.867, 177
Trd, 000247.000, 182
Trd, 000247.350, 184
Trd, 000247.817, 179
Trd, 000248.000, 176
Trd, 000248.633, 174
Trd, 000249.567, 183
Trd, 000250.250, 178
Trd, 000250.733, 180
Trd, 000251.517, 182
Trd, 000251.550, 180
Trd, 000252.967, 179
Trd, 000253.633, 179
Trd, 000253.900, 178
Trd, 000253.967, 176
Trd, 000254.650, 176
Trd, 000254.700, 175
Trd, 000255.033, 173
Trd, 000255.350, 169
Trd, 000256.267, 165
Trd, 000256.717, 170
Trd, 000257.117, 176
Trd, 000257.633, 175
Trd, 000258.267, 162
Trd, 000258.800, 175
Trd, 000259.467, 174
Trd, 000259.800, 176
Trd, 000259.967, 179
Trd, 000260.733, 175
Trd, 000262.133, 176
Trd, 000262.450, 177
Trd, 000262.700, 175
Trd, 000262.833, 178
Trd, 000262.900, 184
Trd, 000263.200, 174
Trd, 000264.017, 178
Trd, 000264.317, 178
Trd, 000264.717, 175
Trd, 000265.050, 175
Trd, 000265.283, 177
Trd, 000265.767, 175
Trd, 000266.500, 175
Trd, 000266.800, 176
Trd, 000267.283, 175
Trd, 000267.750, 174
Trd, 000268.300, 171
Trd, 000268.533, 181
Trd, 000268.900, 177
Trd, 000269.883, 175
Trd, 000270.783, 178
Trd, 000271.183, 172
Trd, 000271.850, 177
Trd, 000272.150, 179
Trd, 000272.817, 178
Trd, 000273.167, 175
Trd, 000273.400, 173
Trd, 000273.667, 172
Trd, 000273.967, 172
Trd, 000274.050, 178
Trd, 000274.300, 172
Trd, 000274.533, 178
Trd, 000274.767, 182
Trd, 000274.933, 171
Trd, 000275.100, 169
Trd, 000276.550, 171
Trd, 000277.167, 168
Trd, 000277.917, 171
Trd, 000278.017, 169
Trd, 000278.300, 167
Trd, 000278.733, 172
Trd, 000278.767, 178
Trd, 000279.000, 179
Trd, 000280.200, 165
Trd, 000280.717, 176
Trd, 000281.017, 179
Trd, 000281.133, 176
Trd, 000282.350, 183
Trd, 000282.367, 186
Trd, 000282.850, 186
Trd, 000282.983, 169
Trd, 000284.367, 181
Trd, 000284.600, 182
Trd, 000284.767, 183
Trd, 000284.917, 183
Trd, 000285.033, 179
Trd, 000285.050, 177
Trd, 000285.567, 176
Trd, 000286.850, 178
Trd, 000287.000, 186
Trd, 000287.850, 178
Trd, 000287.867, 176
Trd, 000288.233, 173
Trd, 000288.317, 168
Trd, 000288.517, 180
Trd, 000290.067, 182
Trd, 000290.200, 182
Trd, 000290.650, 187
Trd, 000291.467, 181
Trd, 000292.217, 183
Trd, 000292.567, 181
Trd, 000292.833, 184
Trd, 000293.183, 186
Trd, 000293.217, 187
Trd, 000293.500, 187
Trd, 000293.683, 182
Trd, 000293.867, 182
Trd, 000294.000, 181
Trd, 000294.750, 180
Trd, 000294.950, 197
Trd, 000295.433, 179
Trd, 000297.283, 181
Trd, 000297.517, 184
Trd, 000298.350, 185
Trd, 000298.750, 186
Trd, 000299.283, 209
