Trd, 000001.483, 122
Trd, 000001.783, 100
Trd, 000004.383, 162
Trd, 000005.133, 161
Trd, 000005.467, 160
Trd, 000005.983, 162
Trd, 000006.133, 160
Trd, 000006.283, 158
Trd, 000006.433, 165
Trd, 000007.383, 164
Trd, 000007.500, 167
Trd, 000008.767, 167
Trd, 000009.500, 164
Trd, 000010.433, 165
Trd, 000010.733, 162
Trd, 000010.800, 162
Trd, 000011.717, 162
Trd, 000012.483, 164
Trd, 000012.617, 161
Trd, 000013.050, 160
Trd, 000014.333, 164
Trd, 000014.883, 162
Trd, 000015.583, 160
Trd, 000016.933, 160
Trd, 000016.950, 168
Trd, 000017.850, 160
Trd, 000017.983, 160
Trd, 000020.533, 160
Trd, 000021.150, 160
Trd, 000021.167, 159
Trd, 000021.367, 162
Trd, 000021.967, 163
Trd, 000024.483, 170
Trd, 000024.600, 169
Trd, 000025.367, 167
Trd, 000028.017, 166
Trd, 000028.083, 164
Trd, 000028.267, 161
Trd, 000029.783, 162
Trd, 000030.433, 165
Trd, 000030.617, 162
Trd, 000031.600, 160
Trd, 000031.617, 162
Trd, 000032.067, 161
Trd, 000033.483, 161
Trd, 000033.717, 159
Trd, 000034.267, 161
Trd, 000035.200, 159
Trd, 000035.433, 161
Trd, 000036.967, 159
Trd, 000037.100, 162
Trd, 000037.500, 158
Trd, 000038.417, 157
Trd, 000038.700, 160
Trd, 000038.750, 154
Trd, 000038.767, 151
Trd, 000038.900, 162
Trd, 000040.900, 162
Trd, 000041.417, 160
Trd, 000041.917, 158
Trd, 000043.183, 167
Trd, 000043.400, 168
Trd, 000043.950, 168
Trd, 000044.000, 169
Trd, 000044.783, 169
Trd, 000044.867, 167
Trd, 000045.483, 166
Trd, 000045.733, 164
Trd, 000047.433, 164
Trd, 000047.450, 163
Trd, 000047.567, 169
Trd, 000047.667, 170
Trd, 000048.383, 161
Trd, 000049.617, 161
Trd, 000051.150, 163
Trd, 000051.300, 170
Trd, 000052.317, 164
Trd, 000052.450, 163
Trd, 000052.800, 160
Trd, 000053.283, 163
Trd, 000053.367, 163
Trd, 000054.300, 162
Trd, 000055.133, 161
Trd, 000055.833, 160
Trd, 000056.350, 159
Trd, 000057.383, 175
Trd, 000057.817, 159
Trd, 000059.317, 166
Trd, 000059.883, 168
Trd, 000060.267, 167
Trd, 000060.833, 168
Trd, 000060.933, 166
Trd, 000061.417, 162
Trd, 000061.833, 164
Trd, 000062.200, 164
Trd, 000062.433, 161
Trd, 000063.100, 157
Trd, 000063.567, 154
Trd, 000064.667, 174
Trd, 000064.883, 176
Trd, 000065.683, 163
Trd, 000066.233, 164
Trd, 000066.333, 173
Trd, 000067.650, 171
Trd, 000067.767, 172
Trd, 000068.267, 173
Trd, 000068.717, 172
Trd, 000068.933, 171
Trd, 000070.767, 167
Trd, 000070.850, 165
Trd, 000071.083, 162
Trd, 000071.700, 165
Trd, 000072.067, 163
Trd, 000072.600, 164
Trd, 000072.617, 166
Trd, 000072.700, 165
Trd, 000072.800, 165
Trd, 000072.833, 178
Trd, 000073.400, 177
Trd, 000073.683, 165
Trd, 000074.700, 162
Trd, 000076.033, 164
Trd, 000076.767, 163
Trd, 000078.000, 165
Trd, 000078.583, 167
Trd, 000078.717, 166
Trd, 000080.017, 167
Trd, 000080.133, 166
Trd, 000080.283, 165
Trd, 000080.517, 165
Trd, 000081.700, 166
Trd, 000081.867, 156
Trd, 000082.167, 166
Trd, 000084.150, 171
Trd, 000084.317, 171
Trd, 000084.433, 173
Trd, 000084.817, 180
Trd, 000084.833, 170
Trd, 000084.967, 167
Trd, 000085.617, 163
Trd, 000087.817, 166
Trd, 000088.433, 166
Trd, 000088.950, 160
Trd, 000089.000, 170
Trd, 000089.867, 168
Trd, 000090.617, 170
Trd, 000090.650, 165
Trd, 000090.683, 164
Trd, 000091.750, 168
Trd, 000092.117, 167
Trd, 000092.617, 167
Trd, 000092.667, 166
Trd, 000093.833, 168
Trd, 000094.000, 170
Trd, 000094.233, 181
Trd, 000094.583, 170
Trd, 000095.250, 169
Trd, 000096.250, 169
Trd, 000096.467, 168
Trd, 000097.733, 166
Trd, 000098.450, 169
Trd, 000098.517, 170
Trd, 000098.533, 168
Trd, 000100.633, 167
Trd, 000100.867, 168
Trd, 000101.100, 168
Trd, 000101.533, 169
Trd, 000102.267, 167
Trd, 000102.300, 166
Trd, 000103.333, 170
Trd, 000105.150, 170
Trd, 000105.833, 170
Trd, 000105.917, 171
Trd, 000107.033, 168
Trd, 000107.367, 168
Trd, 000107.467, 169
Trd, 000107.667, 168
Trd, 000108.050, 166
Trd, 000108.283, 169
Trd, 000108.500, 162
Trd, 000108.617, 161
Trd, 000109.900, 180
Trd, 000111.017, 171
Trd, 000111.800, 176
Trd, 000111.967, 177
Trd, 000112.017, 176
Trd, 000112.267, 178
Trd, 000112.833, 175
Trd, 000113.650, 169
Trd, 000115.050, 163
Trd, 000116.117, 174
Trd, 000116.983, 170
Trd, 000117.117, 171
Trd, 000117.150, 169
Trd, 000117.933, 168
Trd, 000118.033, 166
Trd, 000119.000, 169
Trd, 000119.633, 166
Trd, 000120.067, 168
Trd, 000120.617, 167
Trd, 000120.900, 167
Trd, 000120.950, 184
Trd, 000121.117, 187
Trd, 000121.767, 167
Trd, 000121.833, 191
Trd, 000122.650, 199
Trd, 000122.733, 201
Trd, 000123.350, 201
Trd, 000124.133, 212
Trd, 000124.267, 316
Trd, 000125.267, 314
Trd, 000125.367, 320
Trd, 000125.567, 324.0
Trd, 000126.000, 322
Trd, 000126.050, 334
Trd, 000126.683, 327.0
Trd, 000127.850, 317
Trd, 000127.867, 318
Trd, 000128.067, 335
Trd, 000128.200, 315
Trd, 000128.983, 330
Trd, 000130.233, 324.0
Trd, 000130.900, 334
Trd, 000131.950, 351.0
Trd, 000132.483, 357.0
Trd, 000133.033, 350.0
Trd, 000133.583, 358.0
Trd, 000134.133, 364
Trd, 000134.533, 359
Trd, 000135.483, 359
Trd, 000135.633, 361
Trd, 000136.150, 358.0
Trd, 000136.333, 363
Trd, 000138.517, 358
Trd, 000138.700, 360
Trd, 000138.883, 356.0
Trd, 000140.217, 358.0
Trd, 000140.867, 360
Trd, 000141.150, 359.0
Trd, 000141.600, 358.0
Trd, 000141.817, 355.0
Trd, 000141.850, 355
Trd, 000142.317, 351.0
Trd, 000142.850, 344.0
Trd, 000143.483, 348
Trd, 000143.867, 354
Trd, 000144.617, 339.0
Trd, 000144.717, 352
Trd, 000145.300, 343.0
Trd, 000145.600, 350
Trd, 000145.700, 343.0
Trd, 000146.800, 351
Trd, 000147.217, 358.0
Trd, 000148.217, 359
Trd, 000149.050, 348
Trd, 000149.517, 346.0
Trd, 000150.217, 362
Trd, 000150.350, 361
Trd, 000152.167, 361.0
Trd, 000152.300, 359.0
Trd, 000152.917, 360
Trd, 000153.150, 358.0
Trd, 000153.800, 358
Trd, 000154.450, 355.0
Trd, 000154.467, 352
Trd, 000154.900, 352.0
Trd, 000155.833, 349
Trd, 000156.083, 348.0
Trd, 000156.150, 368
Trd, 000156.450, 344.0
Trd, 000157.150, 375
Trd, 000157.733, 358
Trd, 000158.100, 355.0
Trd, 000158.267, 354
Trd, 000159.833, 360
Trd, 000161.400, 361
Trd, 000161.800, 360
Trd, 000161.883, 359
Trd, 000163.467, 358.0
Trd, 000163.717, 351.0
Trd, 000164.083, 348.0
Trd, 000164.883, 357
Trd, 000165.167, 355.0
Trd, 000165.717, 354
Trd, 000165.733, 355
Trd, 000166.117, 353
Trd, 000166.967, 356.0
Trd, 000168.367, 357.0
Trd, 000168.783, 358.0
Trd, 000169.467, 358.0
Trd, 000169.583, 353
Trd, 000170.833, 353
Trd, 000171.267, 353
Trd, 000171.517, 348.0
Trd, 000171.800, 355
Trd, 000171.933, 345
Trd, 000172.817, 354.0
Trd, 000173.617, 356
Trd, 000174.067, 354
Trd, 000174.450, 355
Trd, 000174.750, 356
Trd, 000175.350, 358.0
Trd, 000175.617, 351.0
Trd, 000176.100, 350
Trd, 000176.883, 357
Trd, 000177.217, 350
Trd, 000177.467, 348.0
Trd, 000177.633, 345
Trd, 000177.800, 352
Trd, 000178.950, 359.0
Trd, 000179.533, 358.0
Trd, 000180.250, 365.0
Trd, 000180.383, 358
Trd, 000181.417, 358.0
Trd, 000181.433, 355.0
Trd, 000181.900, 351.0
Trd, 000181.950, 348.0
Trd, 000181.967, 348
Trd, 000182.533, 344.0
Trd, 000182.667, 333
Trd, 000182.983, 331.0
Trd, 000183.033, 316
Trd, 000183.717, 309
Trd, 000184.333, 204
Trd, 000184.850, 183
Trd, 000185.333, 196
Trd, 000185.883, 189
Trd, 000187.000, 190
Trd, 000187.417, 181
Trd, 000187.950, 187
Trd, 000188.667, 177
Trd, 000189.117, 174
Trd, 000189.250, 170
Trd, 000190.567, 177
Trd, 000191.433, 177
Trd, 000193.617, 175
Trd, 000194.217, 177
Trd, 000194.467, 176
Trd, 000194.700, 171
Trd, 000194.833, 179
Trd, 000195.867, 179
Trd, 000196.900, 178
Trd, 000197.333, 178
Trd, 000198.067, 181
Trd, 000198.567, 180
Trd, 000198.933, 180
Trd, 000199.717, 181
Trd, 000199.817, 181
Trd, 000199.883, 178
Trd, 000200.000, 178
Trd, 000200.683, 174
Trd, 000202.183, 180
Trd, 000202.567, 178
Trd, 000203.067, 175
Trd, 000204.583, 175
Trd, 000205.533, 175
Trd, 000205.850, 174
Trd, 000205.917, 177
Trd, 000207.100, 176
Trd, 000207.333, 172
Trd, 000207.367, 177
Trd, 000208.083, 171
Trd, 000208.900, 180
Trd, 000209.350, 176
Trd, 000209.700, 182
Trd, 000211.200, 179
Trd, 000211.850, 182
Trd, 000212.400, 182
Trd, 000213.833, 181
Trd, 000214.033, 180
Trd, 000214.083, 179
Trd, 000215.133, 178
Trd, 000215.417, 177
Trd, 000215.500, 175
Trd, 000215.550, 179
Trd, 000216.183, 175
Trd, 000216.233, 193
Trd, 000217.000, 169
Trd, 000217.483, 154
Trd, 000218.717, 178
Trd, 000219.300, 183
Trd, 000220.900, 180
Trd, 000221.317, 184
Trd, 000221.800, 179
Trd, 000222.283, 178
Trd, 000223.050, 182
Trd, 000223.483, 179
Trd, 000223.633, 177
Trd, 000224.633, 177
Trd, 000225.433, 179
Trd, 000225.883, 173
Trd, 000225.917, 179
Trd, 000226.267, 177
Trd, 000226.433, 180
Trd, 000227.550, 184
Trd, 000228.083, 183
Trd, 000228.367, 181
Trd, 000228.583, 185
Trd, 000228.700, 174
Trd, 000230.133, 178
Trd, 000230.183, 182
Trd, 000231.300, 178
Trd, 000231.467, 179
Trd, 000231.583, 181
Trd, 000231.783, 181
Trd, 000232.767, 181
Trd, 000233.267, 180
Trd, 000233.400, 180
Trd, 000234.017, 180
Trd, 000234.083, 179
Trd, 000234.567, 181
Trd, 000235.050, 178
Trd, 000236.000, 193
Trd, 000237.083, 185
Trd, 000239.033, 186
Trd, 000239.500, 183
Trd, 000240.033, 183
Trd, 000240.217, 182
Trd, 000240.283, 182
Trd, 000241.367, 183
Trd, 000241.400, 182
Trd, 000241.533, 175
Trd, 000242.367, 179
Trd, 000242.467, 175
Trd, 000242.517, 177
Trd, 000243.517, 175
Trd, 000243.650, 172
Trd, 000243.783, 174
Trd, 000244.300, 172
Trd, 000244.850, 169
Trd, 000245.033, 170
Trd, 000245.100, 169
Trd, 000246.400, 176
Trd, 000246.617, 171
Trd, 000246.683, 176
Trd, 000246.733, 182
Trd, 000247.600, 189
Trd, 000247.900, 188
Trd, 000248.083, 190
Trd, 000248.500, 190
Trd, 000249.150, 189
Trd, 000249.217, 185
Trd, 000249.517, 184
Trd, 000250.017, 189
Trd, 000250.250, 183
Trd, 000250.417, 176
Trd, 000250.983, 173
Trd, 000251.283, 175
Trd, 000251.433, 173
Trd, 000251.500, 172
Trd, 000251.933, 173
Trd, 000252.767, 183
Trd, 000253.833, 183
Trd, 000254.050, 183
Trd, 000254.600, 182
Trd, 000255.200, 178
Trd, 000255.467, 173
Trd, 000255.567, 178
Trd, 000255.917, 172
Trd, 000256.050, 176
Trd, 000256.600, 178
Trd, 000256.650, 179
Trd, 000256.700, 177
Trd, 000258.033, 180
Trd, 000258.450, 181
Trd, 000258.983, 182
Trd, 000259.050, 180
Trd, 000259.600, 180
Trd, 000259.850, 176
Trd, 000260.117, 182
Trd, 000260.150, 175
Trd, 000260.450, 182
Trd, 000260.700, 177
Trd, 000261.517, 175
Trd, 000262.167, 178
Trd, 000262.367, 179
Trd, 000262.817, 177
Trd, 000263.783, 177
Trd, 000264.117, 186
Trd, 000264.217, 190
Trd, 000264.250, 177
Trd, 000265.517, 179
Trd, 000265.650, 176
Trd, 000265.767, 176
Trd, 000265.800, 174
Trd, 000265.883, 177
Trd, 000266.983, 178
Trd, 000267.083, 183
Trd, 000267.267, 168
Trd, 000267.283, 185
Trd, 000267.300, 167
Trd, 000268.867, 177
Trd, 000269.133, 176
Trd, 000269.467, 185
Trd, 000269.683, 179
Trd, 000270.100, 178
Trd, 000270.550, 176
Trd, 000270.900, 178
Trd, 000270.917, 175
Trd, 000271.000, 167
Trd, 000271.117, 172
Trd, 000272.500, 172
Trd, 000272.800, 170
Trd, 000272.900, 178
Trd, 000273.583, 176
Trd, 000273.783, 185
Trd, 000274.067, 171
Trd, 000274.333, 181
Trd, 000274.683, 191
Trd, 000274.733, 190
Trd, 000275.150, 182
Trd, 000275.367, 186
Trd, 000276.150, 181
Trd, 000276.333, 179
Trd, 000276.533, 179
Trd, 000277.067, 178
Trd, 000277.233, 175
Trd, 000278.450, 171
Trd, 000278.483, 178
Trd, 000278.983, 178
Trd, 000279.333, 171
Trd, 000279.350, 172
Trd, 000279.450, 179
Trd, 000279.700, 179
Trd, 000280.283, 176
Trd, 000280.417, 175
Trd, 000280.750, 178
Trd, 000281.383, 175
Trd, 000281.867, 172
Trd, 000282.167, 169
Trd, 000282.500, 178
Trd, 000282.517, 177
Trd, 000282.600, 179
Trd, 000283.150, 177
Trd, 000283.250, 179
Trd, 000283.600, 169
Trd, 000284.117, 176
Trd, 000285.450, 164
Trd, 000286.417, 164
Trd, 000286.500, 166
Trd, 000286.617, 165
Trd, 000286.650, 164
Trd, 000286.817, 172
Trd, 000287.067, 180
Trd, 000287.583, 178
Trd, 000287.817, 186
Trd, 000288.817, 185
Trd, 000289.183, 192
Trd, 000289.750, 184
Trd, 000289.933, 180
Trd, 000290.200, 177
Trd, 000290.267, 191
Trd, 000290.600, 176
Trd, 000291.600, 190
Trd, 000292.333, 181
Trd, 000292.600, 177
Trd, 000293.217, 188
Trd, 000293.667, 181
Trd, 000294.167, 179
Trd, 000294.783, 179
Trd, 000295.100, 181
Trd, 000295.167, 180
Trd, 000295.183, 178
Trd, 000295.450, 179
Trd, 000295.483, 177
Trd, 000296.267, 180
Trd, 000297.150, 181
Trd, 000297.383, 187
Trd, 000297.450, 174
Trd, 000297.683, 195
Trd, 000297.800, 188
Trd, 000298.517, 197
Trd, 000298.767, 182
Trd, 000298.983, 172
Trd, 000299.817, 183
