Trd, 000000.750, 162
Trd, 000001.233, 124
Trd, 000001.983, 189
Trd, 000002.100, 152
Trd, 000002.567, 200
Trd, 000002.933, 151
Trd, 000004.633, 132
Trd, 000005.050, 128
Trd, 000005.333, 134
Trd, 000006.017, 136
Trd, 000006.883, 136
Trd, 000007.483, 133
Trd, 000007.650, 165
Trd, 000007.900, 135
Trd, 000008.450, 167
Trd, 000009.183, 144
Trd, 000009.467, 158
Trd, 000009.717, 173
Trd, 000010.017, 144
Trd, 000011.000, 145
Trd, 000011.817, 145
Trd, 000013.300, 144
Trd, 000013.350, 142
Trd, 000013.767, 144
Trd, 000014.067, 144
Trd, 000014.150, 149
Trd, 000014.350, 168
Trd, 000015.250, 153
Trd, 000015.317, 152
Trd, 000015.450, 166
Trd, 000015.567, 151
Trd, 000015.867, 165
Trd, 000016.050, 176
Trd, 000017.433, 164
Trd, 000018.933, 157
Trd, 000019.083, 147
Trd, 000020.683, 157
Trd, 000021.183, 158
Trd, 000021.933, 154
Trd, 000021.967, 156
Trd, 000023.333, 157
Trd, 000024.067, 153
Trd, 000024.783, 145
Trd, 000024.967, 146
Trd, 000025.017, 152
Trd, 000025.433, 150
Trd, 000025.517, 143
Trd, 000025.533, 151
Trd, 000025.917, 150
Trd, 000027.633, 147
Trd, 000027.800, 147
Trd, 000028.000, 145
Trd, 000028.483, 147
Trd, 000028.617, 148
Trd, 000028.933, 156
Trd, 000028.967, 146
Trd, 000029.917, 152
Trd, 000030.400, 175
Trd, 000031.033, 171
Trd, 000031.167, 178
Trd, 000031.867, 170
Trd, 000032.017, 145
Trd, 000033.133, 144
Trd, 000033.600, 143
Trd, 000033.800, 159
Trd, 000033.917, 162
Trd, 000035.517, 159
Trd, 000036.250, 156
Trd, 000036.400, 155
Trd, 000037.567, 154
Trd, 000037.950, 152
Trd, 000038.933, 153
Trd, 000039.633, 152
Trd, 000040.267, 152
Trd, 000040.433, 152
Trd, 000040.567, 147
Trd, 000041.850, 152
Trd, 000042.317, 153
Trd, 000042.333, 146
Trd, 000042.567, 147
Trd, 000043.183, 147
Trd, 000043.650, 153
Trd, 000043.817, 153
Trd, 000043.917, 153
Trd, 000044.033, 154
Trd, 000045.000, 151
Trd, 000045.500, 155
Trd, 000046.383, 157
Trd, 000047.850, 156
Trd, 000047.967, 152
Trd, 000048.117, 158
Trd, 000048.550, 146
Trd, 000049.150, 175
Trd, 000049.483, 178
Trd, 000049.900, 172
Trd, 000050.217, 173
Trd, 000050.750, 167
Trd, 000051.117, 170
Trd, 000053.250, 163
Trd, 000053.317, 161
Trd, 000053.417, 165
Trd, 000054.083, 164
Trd, 000055.183, 156
Trd, 000056.550, 154
Trd, 000056.633, 160
Trd, 000057.067, 161
Trd, 000057.683, 153
Trd, 000057.817, 152
Trd, 000057.933, 161
Trd, 000058.567, 158
Trd, 000058.950, 147
Trd, 000059.017, 158
Trd, 000059.867, 158
Trd, 000059.983, 152
Trd, 000060.267, 158
Trd, 000060.783, 157
Trd, 000061.083, 160
Trd, 000061.383, 156
Trd, 000061.717, 149
Trd, 000062.767, 168
Trd, 000063.033, 161
Trd, 000063.417, 163
Trd, 000063.667, 143
Trd, 000064.533, 150
Trd, 000064.650, 154
Trd, 000065.517, 151
Trd, 000067.033, 150
Trd, 000067.050, 149
Trd, 000067.700, 150
Trd, 000067.783, 147
Trd, 000068.333, 140
Trd, 000068.667, 149
Trd, 000068.683, 149
Trd, 000069.583, 149
Trd, 000069.700, 155
Trd, 000070.117, 179
Trd, 000070.383, 182
Trd, 000072.483, 158
Trd, 000073.100, 156
Trd, 000073.550, 157
Trd, 000073.900, 153
Trd, 000073.917, 150
Trd, 000074.133, 157
Trd, 000074.767, 157
Trd, 000075.033, 158
Trd, 000077.467, 174
Trd, 000078.017, 162
Trd, 000078.050, 163
Trd, 000078.067, 155
Trd, 000078.150, 162
Trd, 000079.100, 162
Trd, 000079.883, 161
Trd, 000080.367, 172
Trd, 000082.183, 160
Trd, 000083.100, 167
Trd, 000083.633, 160
Trd, 000084.233, 166
Trd, 000084.550, 174
Trd, 000085.283, 170
Trd, 000085.750, 164
Trd, 000087.350, 164
Trd, 000087.917, 160
Trd, 000088.500, 159
Trd, 000088.700, 164
Trd, 000089.317, 156
Trd, 000089.517, 152
Trd, 000090.683, 164
Trd, 000090.967, 165
Trd, 000091.183, 176
Trd, 000092.683, 164
Trd, 000092.733, 165
Trd, 000092.867, 177
Trd, 000093.000, 184
Trd, 000094.000, 168
Trd, 000095.017, 155
Trd, 000095.417, 165
Trd, 000095.617, 156
Trd, 000095.683, 152
Trd, 000096.983, 162
Trd, 000097.233, 162
Trd, 000097.300, 160
Trd, 000098.633, 156
Trd, 000098.867, 163
Trd, 000099.183, 163
Trd, 000099.400, 163
Trd, 000100.583, 163
Trd, 000101.250, 161
Trd, 000101.517, 157
Trd, 000101.933, 163
Trd, 000104.200, 157
Trd, 000104.267, 159
Trd, 000104.983, 160
Trd, 000105.300, 157
Trd, 000105.367, 161
Trd, 000105.433, 155
Trd, 000105.917, 160
Trd, 000107.150, 161
Trd, 000107.950, 161
Trd, 000108.033, 173
Trd, 000108.217, 174
Trd, 000108.317, 158
Trd, 000109.167, 155
Trd, 000109.567, 165
Trd, 000109.750, 154
Trd, 000110.217, 169
Trd, 000110.333, 183
Trd, 000110.583, 144
Trd, 000112.017, 165
Trd, 000112.033, 167
Trd, 000112.733, 174
Trd, 000113.433, 179
Trd, 000113.700, 173
Trd, 000114.350, 162
Trd, 000116.183, 163
Trd, 000116.667, 167
Trd, 000116.850, 168
Trd, 000117.383, 167
Trd, 000117.400, 169
Trd, 000117.433, 159
Trd, 000118.717, 154
Trd, 000118.800, 168
Trd, 000119.650, 163
Trd, 000119.700, 164
Trd, 000120.817, 159
Trd, 000121.233, 161
Trd, 000122.300, 165
Trd, 000123.133, 184
Trd, 000123.350, 187
Trd, 000123.533, 194
Trd, 000123.700, 205
Trd, 000123.733, 166
Trd, 000123.850, 285
Trd, 000124.333, 324.0
Trd, 000124.667, 326
Trd, 000124.783, 334.0
Trd, 000126.233, 356
Trd, 000126.967, 348
Trd, 000127.567, 348
Trd, 000127.633, 349
Trd, 000128.417, 357
Trd, 000128.533, 356
Trd, 000128.867, 347
Trd, 000129.100, 357
Trd, 000129.417, 351.0
Trd, 000130.283, 351
Trd, 000131.500, 362.0
Trd, 000132.367, 351.0
Trd, 000132.867, 365
Trd, 000133.400, 367
Trd, 000133.800, 350
Trd, 000134.267, 365.0
Trd, 000134.633, 358
Trd, 000134.800, 348
Trd, 000135.850, 368.0
Trd, 000136.933, 367
Trd, 000136.950, 346
Trd, 000137.067, 343
Trd, 000137.400, 341.0
Trd, 000139.717, 344
Trd, 000139.750, 347
Trd, 000139.783, 341.0
Trd, 000139.800, 348
Trd, 000139.900, 340
Trd, 000140.017, 360
Trd, 000140.700, 358
Trd, 000141.683, 356
Trd, 000142.683, 331.0
Trd, 000142.800, 332.0
Trd, 000142.817, 334.0
Trd, 000143.550, 340
Trd, 000144.050, 368.0
Trd, 000144.383, 358
Trd, 000146.050, 352
Trd, 000146.267, 347
Trd, 000146.383, 333
Trd, 000147.283, 362.0
Trd, 000147.333, 340
Trd, 000148.667, 352
Trd, 000149.150, 353
Trd, 000149.900, 351.0
Trd, 000150.200, 352
Trd, 000150.400, 343
Trd, 000151.467, 352
Trd, 000151.583, 354
Trd, 000151.633, 344
Trd, 000151.733, 375.0
Trd, 000152.917, 367.0
Trd, 000154.083, 361
Trd, 000154.150, 351.0
Trd, 000154.167, 372.0
Trd, 000154.933, 382
Trd, 000155.533, 362.0
Trd, 000156.833, 352
Trd, 000156.850, 361
Trd, 000157.400, 353
Trd, 000157.583, 358
Trd, 000158.817, 352.0
Trd, 000159.083, 359
Trd, 000160.733, 351.0
Trd, 000161.650, 356
Trd, 000162.567, 350
Trd, 000162.617, 358
Trd, 000163.733, 358
Trd, 000164.317, 352.0
Trd, 000164.483, 358
Trd, 000164.617, 359
Trd, 000165.100, 360
Trd, 000165.883, 351.0
Trd, 000166.567, 350
Trd, 000167.050, 347
Trd, 000168.233, 353
Trd, 000168.533, 353
Trd, 000169.483, 346
Trd, 000169.550, 352
Trd, 000169.850, 351
Trd, 000170.183, 343
Trd, 000170.367, 351
Trd, 000170.783, 351
Trd, 000172.050, 350
Trd, 000172.083, 349
Trd, 000172.633, 353
Trd, 000172.650, 359
Trd, 000174.267, 352.0
Trd, 000174.367, 351.0
Trd, 000175.067, 355
Trd, 000175.533, 342
Trd, 000175.967, 356
Trd, 000176.667, 351.0
Trd, 000176.800, 341.0
Trd, 000177.400, 355
Trd, 000178.083, 342
Trd, 000178.533, 352
Trd, 000179.533, 352
Trd, 000179.850, 352
Trd, 000181.317, 350
Trd, 000181.350, 351
Trd, 000181.667, 348
Trd, 000181.733, 342.0
Trd, 000181.950, 341.0
Trd, 000182.867, 344
Trd, 000183.650, 338
Trd, 000183.817, 330
Trd, 000183.833, 310.0
Trd, 000184.717, 218
Trd, 000184.800, 214
Trd, 000185.217, 207
Trd, 000186.283, 193
Trd, 000186.483, 188
Trd, 000186.783, 180
Trd, 000187.133, 200
Trd, 000187.950, 169
Trd, 000189.167, 183
Trd, 000189.350, 173
Trd, 000190.567, 178
Trd, 000191.300, 182
Trd, 000192.383, 181
Trd, 000192.650, 182
Trd, 000193.050, 181
Trd, 000193.067, 170
Trd, 000193.083, 182
Trd, 000193.500, 184
Trd, 000193.700, 165
Trd, 000195.317, 185
Trd, 000195.950, 173
Trd, 000196.100, 179
Trd, 000197.383, 187
Trd, 000197.717, 189
Trd, 000198.117, 182
Trd, 000198.550, 180
Trd, 000199.133, 180
Trd, 000200.433, 177
Trd, 000201.200, 180
Trd, 000201.550, 171
Trd, 000202.117, 165
Trd, 000202.150, 163
Trd, 000202.917, 179
Trd, 000203.533, 174
Trd, 000203.617, 177
Trd, 000204.017, 171
Trd, 000204.500, 188
Trd, 000204.617, 194
Trd, 000205.017, 171
Trd, 000207.583, 172
Trd, 000209.200, 178
Trd, 000209.317, 179
Trd, 000209.950, 172
Trd, 000210.117, 179
Trd, 000211.283, 179
Trd, 000211.700, 179
Trd, 000212.767, 173
Trd, 000212.950, 179
Trd, 000214.717, 172
Trd, 000215.333, 178
Trd, 000215.400, 179
Trd, 000215.500, 179
Trd, 000216.483, 173
Trd, 000218.183, 172
Trd, 000218.950, 178
Trd, 000219.283, 178
Trd, 000219.950, 180
Trd, 000220.517, 180
Trd, 000220.817, 169
Trd, 000222.000, 178
Trd, 000222.017, 180
Trd, 000222.867, 179
Trd, 000223.217, 175
Trd, 000223.317, 173
Trd, 000224.350, 176
Trd, 000225.100, 177
Trd, 000226.300, 177
Trd, 000227.167, 176
Trd, 000228.233, 176
Trd, 000229.400, 177
Trd, 000230.433, 174
Trd, 000230.550, 177
Trd, 000230.600, 178
Trd, 000231.683, 177
Trd, 000232.317, 177
Trd, 000232.383, 174
Trd, 000232.533, 173
Trd, 000232.817, 177
Trd, 000233.233, 175
Trd, 000234.800, 174
Trd, 000235.217, 167
Trd, 000236.400, 173
Trd, 000237.500, 171
Trd, 000237.517, 173
Trd, 000237.700, 174
Trd, 000237.833, 174
Trd, 000238.033, 175
Trd, 000238.200, 176
Trd, 000240.500, 171
Trd, 000240.750, 174
Trd, 000241.183, 177
Trd, 000241.417, 177
Trd, 000241.550, 177
Trd, 000241.733, 179
Trd, 000242.217, 180
Trd, 000242.317, 183
Trd, 000242.550, 184
Trd, 000242.917, 181
Trd, 000243.700, 178
Trd, 000244.583, 178
Trd, 000245.000, 178
Trd, 000245.300, 179
Trd, 000246.367, 177
Trd, 000246.650, 178
Trd, 000246.750, 175
Trd, 000247.050, 179
Trd, 000247.183, 172
Trd, 000247.517, 180
Trd, 000247.950, 180
Trd, 000248.833, 187
Trd, 000249.333, 182
Trd, 000250.367, 182
Trd, 000250.450, 182
Trd, 000250.633, 183
Trd, 000250.950, 183
Trd, 000250.983, 180
Trd, 000251.417, 180
Trd, 000252.433, 178
Trd, 000252.583, 180
Trd, 000252.800, 181
Trd, 000252.867, 187
Trd, 000253.583, 187
Trd, 000254.167, 186
Trd, 000254.550, 186
Trd, 000255.017, 186
Trd, 000255.200, 184
Trd, 000255.433, 193
Trd, 000256.367, 190
Trd, 000256.617, 180
Trd, 000256.983, 203
Trd, 000257.933, 182
Trd, 000258.817, 182
Trd, 000259.217, 178
Trd, 000259.483, 192
Trd, 000260.300, 192
Trd, 000260.617, 193
Trd, 000260.783, 192
Trd, 000261.117, 189
Trd, 000261.500, 188
Trd, 000261.900, 191
Trd, 000262.917, 188
Trd, 000263.600, 187
Trd, 000264.200, 187
Trd, 000264.333, 181
Trd, 000265.517, 179
Trd, 000265.783, 185
Trd, 000265.850, 186
Trd, 000266.217, 186
Trd, 000266.267, 187
Trd, 000267.133, 187
Trd, 000267.350, 186
Trd, 000267.483, 187
Trd, 000268.417, 189
Trd, 000268.650, 195
Trd, 000269.000, 186
Trd, 000269.417, 183
Trd, 000270.000, 195
Trd, 000270.400, 192
Trd, 000271.033, 186
Trd, 000271.267, 182
Trd, 000271.567, 188
Trd, 000271.767, 189
Trd, 000272.317, 183
Trd, 000273.367, 182
Trd, 000273.483, 188
Trd, 000273.583, 188
Trd, 000273.683, 178
Trd, 000273.867, 189
Trd, 000274.233, 182
Trd, 000274.867, 181
Trd, 000274.917, 177
Trd, 000275.033, 176
Trd, 000275.567, 181
Trd, 000276.600, 181
Trd, 000276.817, 184
Trd, 000277.517, 190
Trd, 000277.967, 194
Trd, 000278.700, 185
Trd, 000278.983, 183
Trd, 000279.267, 179
Trd, 000279.433, 187
Trd, 000280.633, 185
Trd, 000280.983, 186
Trd, 000281.300, 196
Trd, 000281.767, 189
Trd, 000282.033, 189
Trd, 000282.100, 190
Trd, 000282.383, 191
Trd, 000282.617, 196
Trd, 000282.717, 200
Trd, 000283.067, 193
Trd, 000283.633, 200
Trd, 000283.700, 183
Trd, 000283.983, 193
Trd, 000284.350, 190
Trd, 000284.883, 183
Trd, 000285.350, 175
Trd, 000285.667, 173
Trd, 000286.050, 181
Trd, 000286.433, 182
Trd, 000286.500, 186
Trd, 000287.050, 196
Trd, 000287.400, 203
Trd, 000288.317, 192
Trd, 000288.650, 191
Trd, 000289.083, 199
Trd, 000289.617, 197
Trd, 000289.783, 200
Trd, 000290.000, 186
Trd, 000290.417, 191
Trd, 000290.450, 184
Trd, 000290.933, 191
Trd, 000292.217, 180
Trd, 000292.467, 193
Trd, 000292.917, 193
Trd, 000293.433, 182
Trd, 000293.917, 194
Trd, 000294.517, 184
Trd, 000294.550, 175
Trd, 000294.667, 191
Trd, 000294.767, 192
Trd, 000295.517, 194
Trd, 000295.750, 192
Trd, 000295.867, 193
Trd, 000297.400, 175
Trd, 000297.583, 173
Trd, 000297.817, 179
Trd, 000298.017, 184
Trd, 000298.133, 185
Trd, 000298.250, 184
Trd, 000298.283, 181
Trd, 000298.817, 186
Trd, 000299.100, 192
Trd, 000299.550, 185
Trd, 000299.833, 192
