Trd, 000002.817, 130
Trd, 000004.400, 154
Trd, 000004.800, 144
Trd, 000004.983, 144
Trd, 000005.550, 144
Trd, 000005.783, 144
Trd, 000006.733, 142
Trd, 000007.233, 142
Trd, 000007.517, 145
Trd, 000007.683, 142
Trd, 000008.267, 144
Trd, 000008.867, 145
Trd, 000010.217, 145
Trd, 000010.367, 145
Trd, 000010.500, 140
Trd, 000010.783, 146
Trd, 000012.017, 145
Trd, 000012.267, 146
Trd, 000012.983, 143
Trd, 000014.167, 148
Trd, 000014.583, 149
Trd, 000016.200, 152
Trd, 000017.250, 152
Trd, 000018.283, 157
Trd, 000019.683, 159
Trd, 000019.833, 157
Trd, 000020.833, 158
Trd, 000021.100, 157
Trd, 000022.133, 156
Trd, 000023.933, 157
Trd, 000024.133, 157
Trd, 000024.500, 157
Trd, 000025.317, 153
Trd, 000026.833, 159
Trd, 000026.900, 158
Trd, 000028.050, 155
Trd, 000029.033, 156
Trd, 000030.700, 156
Trd, 000030.817, 157
Trd, 000031.017, 155
Trd, 000032.033, 155
Trd, 000032.200, 158
Trd, 000032.867, 157
Trd, 000034.433, 157
Trd, 000034.700, 154
Trd, 000036.300, 154
Trd, 000036.833, 151
Trd, 000037.067, 152
Trd, 000038.083, 144
Trd, 000038.283, 144
Trd, 000038.667, 147
Trd, 000040.267, 146
Trd, 000040.300, 147
Trd, 000041.583, 150
Trd, 000042.767, 161
Trd, 000043.633, 159
Trd, 000044.883, 160
Trd, 000045.600, 160
Trd, 000045.683, 160
Trd, 000046.800, 158
Trd, 000047.033, 159
Trd, 000047.217, 158
Trd, 000048.900, 155
Trd, 000049.817, 153
Trd, 000050.933, 152
Trd, 000051.100, 154
Trd, 000051.433, 150
Trd, 000052.533, 144
Trd, 000052.650, 153
Trd, 000054.500, 153
Trd, 000054.533, 152
Trd, 000055.717, 160
Trd, 000055.800, 149
Trd, 000056.483, 150
Trd, 000056.817, 157
Trd, 000058.100, 157
Trd, 000060.150, 153
Trd, 000061.117, 155
Trd, 000061.833, 153
Trd, 000062.017, 154
Trd, 000062.567, 154
Trd, 000063.033, 152
Trd, 000063.083, 151
Trd, 000063.333, 150
Trd, 000065.567, 156
Trd, 000066.150, 157
Trd, 000066.233, 161
Trd, 000066.833, 157
Trd, 000066.917, 156
Trd, 000069.250, 159
Trd, 000069.450, 158
Trd, 000070.633, 158
Trd, 000070.750, 161
Trd, 000071.233, 161
Trd, 000072.800, 160
Trd, 000072.900, 161
Trd, 000073.983, 161
Trd, 000074.800, 161
Trd, 000075.717, 162
Trd, 000076.517, 160
Trd, 000076.667, 162
Trd, 000078.517, 159
Trd, 000079.000, 158
Trd, 000079.667, 159
Trd, 000080.617, 160
Trd, 000080.950, 158
Trd, 000081.150, 159
Trd, 000081.283, 157
Trd, 000082.533, 159
Trd, 000083.467, 157
Trd, 000084.900, 156
Trd, 000085.283, 156
Trd, 000085.450, 153
Trd, 000086.100, 155
Trd, 000086.567, 156
Trd, 000086.583, 167
Trd, 000086.617, 155
Trd, 000088.867, 164
Trd, 000089.533, 164
Trd, 000090.850, 165
Trd, 000091.050, 162
Trd, 000091.067, 162
Trd, 000091.233, 160
Trd, 000091.250, 159
Trd, 000091.367, 153
Trd, 000091.700, 140
Trd, 000093.517, 164
Trd, 000094.700, 163
Trd, 000095.933, 162
Trd, 000096.917, 166
Trd, 000097.133, 165
Trd, 000097.600, 164
Trd, 000098.750, 163
Trd, 000099.467, 162
Trd, 000099.917, 165
Trd, 000100.083, 164
Trd, 000103.450, 163
Trd, 000103.817, 163
Trd, 000104.483, 164
Trd, 000104.733, 162
Trd, 000106.583, 162
Trd, 000107.067, 163
Trd, 000107.083, 161
Trd, 000107.917, 163
Trd, 000108.133, 163
Trd, 000109.050, 163
Trd, 000109.933, 162
Trd, 000111.050, 166
Trd, 000111.200, 167
Trd, 000112.150, 169
Trd, 000112.583, 166
Trd, 000113.333, 164
Trd, 000113.567, 165
Trd, 000114.550, 161
Trd, 000115.200, 160
Trd, 000115.350, 162
Trd, 000115.900, 155
Trd, 000116.483, 161
Trd, 000117.350, 161
Trd, 000117.367, 160
Trd, 000117.850, 160
Trd, 000117.983, 158
Trd, 000119.783, 167
Trd, 000121.283, 167
Trd, 000121.300, 168
Trd, 000121.667, 165
Trd, 000121.733, 170
Trd, 000122.050, 174
Trd, 000123.083, 166
Trd, 000123.133, 176
Trd, 000123.517, 178
Trd, 000123.683, 198
Trd, 000124.183, 208
Trd, 000124.283, 275
Trd, 000124.433, 310.0
Trd, 000125.783, 331.0
Trd, 000126.900, 343
Trd, 000127.383, 340
Trd, 000127.783, 340
Trd, 000128.500, 341.0
Trd, 000129.650, 339
Trd, 000130.217, 340
Trd, 000131.133, 344
Trd, 000131.650, 344.0
Trd, 000131.850, 351.0
Trd, 000132.050, 353
Trd, 000133.367, 351
Trd, 000135.867, 344
Trd, 000136.150, 344
Trd, 000136.317, 344.0
Trd, 000137.683, 344
Trd, 000138.100, 344
Trd, 000138.250, 343
Trd, 000139.017, 345
Trd, 000139.433, 348
Trd, 000140.300, 344.0
Trd, 000141.767, 347
Trd, 000142.000, 347
Trd, 000142.650, 347
Trd, 000143.033, 346
Trd, 000144.767, 347.0
Trd, 000145.667, 346
Trd, 000146.567, 347.0
Trd, 000147.267, 346
Trd, 000147.400, 348
Trd, 000147.517, 344.0
Trd, 000147.650, 343
Trd, 000148.650, 349
Trd, 000149.583, 356.0
Trd, 000149.650, 355.0
Trd, 000150.333, 344
Trd, 000150.583, 337.0
Trd, 000152.867, 345
Trd, 000153.233, 345
Trd, 000153.850, 344
Trd, 000154.767, 346
Trd, 000155.733, 340
Trd, 000157.017, 346
Trd, 000157.267, 344.0
Trd, 000159.267, 352.0
Trd, 000159.933, 351.0
Trd, 000160.033, 340
Trd, 000160.900, 351.0
Trd, 000162.317, 344
Trd, 000163.050, 343
Trd, 000164.100, 344.0
Trd, 000165.617, 344.0
Trd, 000165.667, 343
Trd, 000166.183, 345
Trd, 000167.967, 341.0
Trd, 000168.217, 341
Trd, 000169.033, 342
Trd, 000169.200, 343
Trd, 000169.283, 344.0
Trd, 000170.250, 351.0
Trd, 000170.500, 345
Trd, 000170.850, 337.0
Trd, 000172.933, 343
Trd, 000173.133, 343
Trd, 000173.550, 344.0
Trd, 000175.600, 343
Trd, 000176.017, 346.0
Trd, 000177.200, 347
Trd, 000179.683, 355.0
Trd, 000179.783, 348
Trd, 000181.400, 353.0
Trd, 000181.417, 351.0
Trd, 000181.550, 349
Trd, 000181.600, 347
Trd, 000181.717, 356.0
Trd, 000181.733, 346
Trd, 000182.217, 337.0
Trd, 000182.483, 334.0
Trd, 000182.550, 305
Trd, 000182.783, 274
Trd, 000182.867, 267
Trd, 000183.367, 218
Trd, 000183.850, 205
Trd, 000184.217, 180
Trd, 000184.850, 173
Trd, 000185.533, 180
Trd, 000186.767, 172
Trd, 000187.550, 177
Trd, 000187.750, 177
Trd, 000188.450, 174
Trd, 000188.900, 174
Trd, 000188.967, 177
Trd, 000190.083, 174
Trd, 000190.233, 170
Trd, 000192.000, 173
Trd, 000192.733, 171
Trd, 000192.883, 170
Trd, 000194.617, 168
Trd, 000195.200, 164
Trd, 000195.500, 164
Trd, 000195.967, 163
Trd, 000196.683, 163
Trd, 000196.833, 164
Trd, 000197.450, 164
Trd, 000198.400, 168
Trd, 000199.650, 167
Trd, 000199.850, 168
Trd, 000200.350, 170
Trd, 000201.050, 168
Trd, 000201.150, 167
Trd, 000201.467, 166
Trd, 000202.883, 165
Trd, 000203.417, 157
Trd, 000203.700, 151
Trd, 000205.700, 160
Trd, 000205.833, 160
Trd, 000206.100, 160
Trd, 000206.467, 161
Trd, 000206.533, 165
Trd, 000207.383, 164
Trd, 000208.200, 164
Trd, 000208.400, 165
Trd, 000209.267, 166
Trd, 000209.600, 164
Trd, 000210.283, 166
Trd, 000211.300, 172
Trd, 000211.650, 175
Trd, 000214.133, 176
Trd, 000215.000, 174
Trd, 000215.600, 175
Trd, 000216.100, 174
Trd, 000217.733, 173
Trd, 000218.033, 172
Trd, 000218.467, 171
Trd, 000219.400, 171
Trd, 000219.667, 174
Trd, 000220.933, 177
Trd, 000221.533, 176
Trd, 000222.233, 175
Trd, 000222.633, 174
Trd, 000223.400, 177
Trd, 000225.750, 177
Trd, 000226.000, 175
Trd, 000227.367, 176
Trd, 000227.850, 178
Trd, 000228.583, 175
Trd, 000229.983, 176
Trd, 000230.167, 175
Trd, 000230.450, 178
Trd, 000231.367, 178
Trd, 000231.683, 176
Trd, 000235.300, 178
Trd, 000235.700, 179
Trd, 000236.200, 179
Trd, 000236.967, 178
Trd, 000237.133, 176
Trd, 000237.583, 178
Trd, 000237.883, 176
Trd, 000238.517, 177
Trd, 000240.067, 181
Trd, 000240.250, 179
Trd, 000240.350, 180
Trd, 000240.617, 182
Trd, 000240.800, 181
Trd, 000241.000, 182
Trd, 000242.100, 180
Trd, 000242.183, 182
Trd, 000242.317, 181
Trd, 000242.683, 180
Trd, 000242.817, 179
Trd, 000243.317, 182
Trd, 000243.400, 183
Trd, 000243.483, 180
Trd, 000244.133, 183
Trd, 000244.267, 188
Trd, 000244.900, 186
Trd, 000245.950, 181
Trd, 000246.233, 182
Trd, 000246.633, 180
Trd, 000246.700, 183
Trd, 000246.983, 180
Trd, 000247.367, 179
Trd, 000248.483, 179
Trd, 000249.117, 178
Trd, 000249.200, 177
Trd, 000250.117, 177
Trd, 000250.167, 178
Trd, 000251.117, 179
Trd, 000251.150, 176
Trd, 000251.617, 177
Trd, 000251.833, 181
Trd, 000252.400, 177
Trd, 000252.667, 177
Trd, 000252.683, 178
Trd, 000253.300, 176
Trd, 000253.933, 165
Trd, 000254.450, 168
Trd, 000255.167, 172
Trd, 000256.150, 176
Trd, 000256.400, 178
Trd, 000256.683, 177
Trd, 000257.600, 184
Trd, 000257.750, 181
Trd, 000258.050, 182
Trd, 000258.133, 184
Trd, 000258.450, 181
Trd, 000258.700, 181
Trd, 000259.183, 179
Trd, 000259.700, 180
Trd, 000260.133, 182
Trd, 000260.850, 182
Trd, 000261.000, 183
Trd, 000261.100, 183
Trd, 000261.217, 183
Trd, 000261.433, 183
Trd, 000261.550, 179
Trd, 000261.883, 177
Trd, 000264.583, 180
Trd, 000264.850, 184
Trd, 000265.050, 183
Trd, 000265.483, 186
Trd, 000265.850, 185
Trd, 000265.983, 186
Trd, 000266.033, 181
Trd, 000266.167, 188
Trd, 000266.367, 187
Trd, 000266.617, 182
Trd, 000267.050, 186
Trd, 000267.783, 186
Trd, 000267.900, 190
Trd, 000268.617, 184
Trd, 000268.833, 189
Trd, 000269.833, 187
Trd, 000269.867, 186
Trd, 000270.133, 183
Trd, 000270.267, 177
Trd, 000271.017, 185
Trd, 000271.167, 185
Trd, 000271.800, 186
Trd, 000272.417, 185
Trd, 000272.450, 184
Trd, 000272.867, 184
Trd, 000273.317, 183
Trd, 000273.500, 183
Trd, 000273.983, 186
Trd, 000274.150, 182
Trd, 000274.300, 186
Trd, 000274.450, 182
Trd, 000274.617, 186
Trd, 000275.100, 186
Trd, 000275.450, 181
Trd, 000276.017, 180
Trd, 000277.900, 183
Trd, 000278.233, 180
Trd, 000278.433, 183
Trd, 000279.167, 181
Trd, 000279.550, 179
Trd, 000279.867, 179
Trd, 000280.733, 180
Trd, 000280.800, 179
Trd, 000280.967, 179
Trd, 000281.917, 183
Trd, 000282.083, 186
Trd, 000282.517, 182
Trd, 000282.567, 181
Trd, 000282.817, 185
Trd, 000283.283, 184
Trd, 000283.317, 181
Trd, 000283.900, 177
Trd, 000284.117, 179
Trd, 000284.133, 172
Trd, 000284.583, 183
Trd, 000284.950, 186
Trd, 000285.883, 182
Trd, 000285.933, 190
Trd, 000286.167, 193
Trd, 000286.900, 193
Trd, 000286.933, 192
Trd, 000287.267, 196
Trd, 000287.367, 193
Trd, 000287.633, 187
Trd, 000288.450, 191
Trd, 000288.750, 173
Trd, 000289.900, 180
Trd, 000291.433, 186
Trd, 000291.517, 187
Trd, 000291.967, 182
Trd, 000292.200, 190
Trd, 000292.550, 194
Trd, 000293.250, 184
Trd, 000293.333, 183
Trd, 000293.400, 189
Trd, 000293.767, 180
Trd, 000294.533, 180
Trd, 000294.767, 179
Trd, 000295.483, 180
Trd, 000295.917, 189
Trd, 000296.067, 187
Trd, 000296.583, 185
Trd, 000296.650, 189
Trd, 000296.667, 190
Trd, 000296.683, 183
Trd, 000296.983, 180
Trd, 000297.417, 174
Trd, 000297.583, 166
Trd, 000298.333, 185
Trd, 000298.783, 188
Trd, 000298.900, 189
Trd, 000298.967, 190
Trd, 000299.983, 174
