Trd, 000002.183, 175
Trd, 000002.583, 158
Trd, 000002.600, 150
Trd, 000003.300, 184
Trd, 000004.150, 155
Trd, 000004.200, 152
Trd, 000004.467, 145
Trd, 000004.500, 144
Trd, 000004.933, 141
Trd, 000005.717, 131
Trd, 000006.617, 138
Trd, 000006.717, 139
Trd, 000008.450, 136
Trd, 000008.783, 140
Trd, 000009.433, 139
Trd, 000010.333, 139
Trd, 000010.917, 138
Trd, 000011.317, 138
Trd, 000011.417, 140
Trd, 000011.833, 141
Trd, 000012.317, 145
Trd, 000012.817, 139
Trd, 000013.433, 148
Trd, 000014.417, 146
Trd, 000014.683, 146
Trd, 000014.750, 147
Trd, 000014.933, 152
Trd, 000015.133, 151
Trd, 000015.150, 165
Trd, 000015.167, 173
Trd, 000016.367, 151
Trd, 000016.767, 156
Trd, 000017.283, 151
Trd, 000017.550, 150
Trd, 000017.700, 153
Trd, 000019.133, 151
Trd, 000020.767, 151
Trd, 000021.033, 150
Trd, 000021.267, 151
Trd, 000022.233, 153
Trd, 000022.350, 153
Trd, 000022.850, 153
Trd, 000023.133, 151
Trd, 000023.917, 151
Trd, 000024.217, 151
Trd, 000024.317, 149
Trd, 000024.500, 152
Trd, 000026.767, 149
Trd, 000027.067, 153
Trd, 000027.667, 153
Trd, 000028.500, 150
Trd, 000028.650, 152
Trd, 000028.783, 153
Trd, 000028.833, 152
Trd, 000029.633, 152
Trd, 000029.717, 151
Trd, 000030.967, 149
Trd, 000031.433, 152
Trd, 000031.683, 144
Trd, 000032.050, 153
Trd, 000032.633, 153
Trd, 000033.533, 153
Trd, 000033.750, 160
Trd, 000034.933, 149
Trd, 000035.700, 158
Trd, 000036.500, 154
Trd, 000036.683, 151
Trd, 000036.700, 156
Trd, 000038.733, 152
Trd, 000039.200, 153
Trd, 000040.100, 151
Trd, 000040.217, 151
Trd, 000040.550, 151
Trd, 000040.917, 152
Trd, 000040.950, 153
Trd, 000041.833, 152
Trd, 000042.350, 151
Trd, 000043.300, 150
Trd, 000043.717, 149
Trd, 000043.917, 150
Trd, 000044.150, 150
Trd, 000044.383, 151
Trd, 000045.850, 149
Trd, 000046.000, 151
Trd, 000047.300, 151
Trd, 000047.850, 151
Trd, 000048.150, 153
Trd, 000048.417, 153
Trd, 000048.883, 151
Trd, 000049.100, 152
Trd, 000049.600, 152
Trd, 000049.683, 152
Trd, 000050.083, 160
Trd, 000051.450, 151
Trd, 000051.583, 151
Trd, 000052.717, 154
Trd, 000052.750, 150
Trd, 000053.500, 151
Trd, 000053.717, 153
Trd, 000053.850, 154
Trd, 000055.500, 156
Trd, 000056.117, 157
Trd, 000056.283, 153
Trd, 000056.300, 157
Trd, 000057.883, 154
Trd, 000058.067, 153
Trd, 000058.083, 155
Trd, 000058.233, 156
Trd, 000058.533, 152
Trd, 000059.733, 147
Trd, 000060.917, 149
Trd, 000061.967, 150
Trd, 000062.517, 149
Trd, 000063.933, 149
Trd, 000064.100, 148
Trd, 000064.317, 150
Trd, 000064.717, 151
Trd, 000064.833, 151
Trd, 000065.333, 148
Trd, 000065.383, 152
Trd, 000065.500, 161
Trd, 000068.883, 158
Trd, 000069.067, 162
Trd, 000069.167, 164
Trd, 000069.333, 159
Trd, 000069.383, 165
Trd, 000069.833, 158
Trd, 000070.317, 161
Trd, 000070.517, 158
Trd, 000070.583, 157
Trd, 000071.400, 157
Trd, 000071.933, 159
Trd, 000072.250, 153
Trd, 000072.433, 160
Trd, 000073.683, 152
Trd, 000074.350, 152
Trd, 000075.083, 152
Trd, 000075.300, 151
Trd, 000075.600, 152
Trd, 000075.733, 151
Trd, 000076.150, 154
Trd, 000076.433, 155
Trd, 000077.600, 159
Trd, 000077.717, 161
Trd, 000077.833, 156
Trd, 000077.950, 162
Trd, 000078.533, 155
Trd, 000080.217, 157
Trd, 000080.583, 157
Trd, 000080.633, 158
Trd, 000081.233, 157
Trd, 000081.333, 160
Trd, 000081.933, 163
Trd, 000082.383, 157
Trd, 000083.417, 157
Trd, 000083.783, 160
Trd, 000084.917, 158
Trd, 000085.350, 156
Trd, 000085.517, 154
Trd, 000086.750, 154
Trd, 000087.117, 157
Trd, 000087.183, 154
Trd, 000087.400, 163
Trd, 000087.567, 166
Trd, 000087.617, 168
Trd, 000088.100, 153
Trd, 000089.067, 160
Trd, 000090.017, 156
Trd, 000090.567, 157
Trd, 000090.967, 158
Trd, 000091.317, 156
Trd, 000091.367, 156
Trd, 000093.883, 155
Trd, 000094.633, 154
Trd, 000094.917, 155
Trd, 000095.033, 153
Trd, 000095.367, 152
Trd, 000095.417, 156
Trd, 000096.483, 153
Trd, 000096.500, 154
Trd, 000097.200, 155
Trd, 000097.567, 153
Trd, 000097.617, 156
Trd, 000098.083, 153
Trd, 000098.933, 155
Trd, 000099.717, 155
Trd, 000100.033, 153
Trd, 000101.283, 153
Trd, 000101.467, 151
Trd, 000101.500, 154
Trd, 000102.067, 147
Trd, 000102.417, 154
Trd, 000103.117, 165
Trd, 000103.867, 159
Trd, 000103.983, 165
Trd, 000104.917, 166
Trd, 000105.200, 167
Trd, 000105.733, 168
Trd, 000106.567, 173
Trd, 000107.433, 182
Trd, 000108.467, 161
Trd, 000109.017, 161
Trd, 000110.350, 162
Trd, 000110.983, 162
Trd, 000111.117, 162
Trd, 000111.400, 165
Trd, 000112.617, 164
Trd, 000112.767, 160
Trd, 000113.400, 162
Trd, 000113.650, 163
Trd, 000114.633, 158
Trd, 000115.133, 161
Trd, 000115.417, 163
Trd, 000115.483, 166
Trd, 000116.217, 163
Trd, 000116.917, 164
Trd, 000117.000, 165
Trd, 000117.283, 162
Trd, 000117.800, 169
Trd, 000117.950, 162
Trd, 000118.483, 172
Trd, 000119.783, 172
Trd, 000120.033, 174
Trd, 000120.783, 168
Trd, 000120.817, 166
Trd, 000121.283, 166
Trd, 000121.817, 165
Trd, 000122.383, 167
Trd, 000123.700, 170
Trd, 000124.100, 172
Trd, 000124.600, 184
Trd, 000124.800, 201
Trd, 000125.400, 310
Trd, 000125.467, 311
Trd, 000125.917, 322
Trd, 000126.867, 321
Trd, 000128.400, 322
Trd, 000128.433, 324.0
Trd, 000128.550, 334.0
Trd, 000129.033, 336
Trd, 000129.217, 320
Trd, 000130.067, 343.0
Trd, 000131.100, 332
Trd, 000131.750, 338
Trd, 000133.433, 335
Trd, 000134.033, 337
Trd, 000134.283, 337
Trd, 000134.500, 338
Trd, 000134.800, 339
Trd, 000135.950, 342.0
Trd, 000136.067, 344.0
Trd, 000136.217, 337
Trd, 000136.483, 341
Trd, 000136.733, 344
Trd, 000137.617, 341
Trd, 000138.150, 344
Trd, 000139.133, 341
Trd, 000139.700, 342.0
Trd, 000140.683, 341
Trd, 000140.700, 338
Trd, 000141.500, 342
Trd, 000142.633, 343
Trd, 000142.733, 341
Trd, 000142.867, 342
Trd, 000143.733, 344.0
Trd, 000144.267, 338
Trd, 000144.417, 340
Trd, 000144.517, 355.0
Trd, 000145.100, 355.0
Trd, 000147.667, 347
Trd, 000147.967, 343
Trd, 000148.950, 348
Trd, 000149.000, 340
Trd, 000150.067, 345
Trd, 000150.467, 344
Trd, 000151.000, 345
Trd, 000151.383, 343
Trd, 000152.667, 342
Trd, 000153.150, 343
Trd, 000153.550, 345
Trd, 000153.900, 347
Trd, 000154.083, 348
Trd, 000154.900, 341.0
Trd, 000155.733, 342
Trd, 000155.917, 343
Trd, 000156.667, 344
Trd, 000156.867, 342
Trd, 000157.000, 346
Trd, 000157.217, 347
Trd, 000157.733, 340
Trd, 000157.767, 347
Trd, 000159.117, 346
Trd, 000159.467, 341.0
Trd, 000159.633, 348
Trd, 000160.450, 340
Trd, 000160.517, 340
Trd, 000160.617, 331.0
Trd, 000161.633, 339
Trd, 000162.667, 345
Trd, 000163.517, 342
Trd, 000163.633, 340
Trd, 000163.733, 343
Trd, 000165.267, 344.0
Trd, 000166.533, 342.0
Trd, 000167.117, 344
Trd, 000167.267, 341.0
Trd, 000168.267, 339
Trd, 000168.283, 339
Trd, 000168.567, 345
Trd, 000171.267, 343.0
Trd, 000171.383, 343
Trd, 000171.533, 355.0
Trd, 000171.933, 342
Trd, 000172.067, 356.0
Trd, 000172.117, 341.0
Trd, 000173.083, 353
Trd, 000173.750, 337
Trd, 000175.750, 347
Trd, 000177.000, 345
Trd, 000177.867, 341
Trd, 000177.883, 342
Trd, 000178.233, 342
Trd, 000178.700, 342
Trd, 000179.233, 344.0
Trd, 000179.600, 347
Trd, 000179.650, 354
Trd, 000180.267, 354
Trd, 000180.300, 343
Trd, 000182.350, 331.0
Trd, 000182.850, 337
Trd, 000183.017, 322
Trd, 000183.067, 317.0
Trd, 000183.333, 310.0
Trd, 000183.950, 306.0
Trd, 000184.000, 193
Trd, 000184.833, 193
Trd, 000185.433, 190
Trd, 000185.933, 208
Trd, 000185.967, 199
Trd, 000186.717, 198
Trd, 000187.083, 172
Trd, 000187.767, 171
Trd, 000187.867, 172
Trd, 000188.017, 174
Trd, 000189.217, 174
Trd, 000189.667, 170
Trd, 000190.050, 171
Trd, 000190.233, 172
Trd, 000190.417, 169
Trd, 000191.267, 172
Trd, 000191.433, 174
Trd, 000191.833, 169
Trd, 000192.850, 179
Trd, 000192.967, 173
Trd, 000193.217, 180
Trd, 000194.933, 174
Trd, 000195.000, 174
Trd, 000195.100, 172
Trd, 000196.067, 174
Trd, 000197.250, 174
Trd, 000197.300, 171
Trd, 000197.833, 173
Trd, 000198.783, 172
Trd, 000198.883, 170
Trd, 000199.000, 174
Trd, 000199.733, 174
Trd, 000201.317, 170
Trd, 000201.833, 170
Trd, 000202.283, 170
Trd, 000202.550, 171
Trd, 000202.933, 169
Trd, 000204.600, 167
Trd, 000205.600, 168
Trd, 000206.150, 175
Trd, 000206.383, 172
Trd, 000206.533, 167
Trd, 000206.700, 171
Trd, 000206.767, 172
Trd, 000207.917, 171
Trd, 000209.517, 171
Trd, 000210.233, 169
Trd, 000210.283, 168
Trd, 000210.950, 171
Trd, 000211.650, 172
Trd, 000211.883, 172
Trd, 000212.250, 169
Trd, 000212.767, 171
Trd, 000212.783, 176
Trd, 000213.117, 173
Trd, 000213.767, 172
Trd, 000213.783, 178
Trd, 000215.317, 176
Trd, 000215.483, 176
Trd, 000216.100, 178
Trd, 000216.150, 179
Trd, 000217.433, 176
Trd, 000217.583, 177
Trd, 000217.683, 177
Trd, 000219.067, 174
Trd, 000219.750, 175
Trd, 000220.883, 171
Trd, 000220.900, 174
Trd, 000222.267, 172
Trd, 000222.967, 172
Trd, 000223.483, 171
Trd, 000223.733, 172
Trd, 000224.350, 173
Trd, 000224.383, 173
Trd, 000224.617, 169
Trd, 000225.183, 168
Trd, 000225.217, 169
Trd, 000225.450, 170
Trd, 000225.933, 172
Trd, 000226.833, 173
Trd, 000228.167, 170
Trd, 000229.167, 167
Trd, 000229.283, 172
Trd, 000229.817, 172
Trd, 000230.233, 167
Trd, 000231.450, 172
Trd, 000232.200, 172
Trd, 000232.383, 174
Trd, 000232.917, 169
Trd, 000233.717, 174
Trd, 000234.950, 174
Trd, 000235.300, 172
Trd, 000236.117, 171
Trd, 000236.433, 172
Trd, 000236.817, 171
Trd, 000237.050, 176
Trd, 000238.317, 169
Trd, 000239.117, 171
Trd, 000239.183, 172
Trd, 000239.733, 171
Trd, 000240.250, 170
Trd, 000240.433, 170
Trd, 000241.050, 171
Trd, 000241.483, 169
Trd, 000241.550, 170
Trd, 000241.850, 170
Trd, 000241.900, 171
Trd, 000242.017, 171
Trd, 000242.800, 174
Trd, 000243.500, 169
Trd, 000243.750, 171
Trd, 000243.850, 172
Trd, 000244.783, 174
Trd, 000244.833, 179
Trd, 000245.817, 171
Trd, 000246.250, 169
Trd, 000246.783, 168
Trd, 000247.067, 170
Trd, 000247.817, 172
Trd, 000247.950, 173
Trd, 000248.033, 177
Trd, 000249.067, 176
Trd, 000249.383, 175
Trd, 000249.450, 175
Trd, 000249.600, 177
Trd, 000249.733, 180
Trd, 000250.467, 173
Trd, 000250.533, 167
Trd, 000250.933, 169
Trd, 000251.333, 168
Trd, 000251.983, 167
Trd, 000252.067, 166
Trd, 000253.467, 162
Trd, 000253.983, 162
Trd, 000254.667, 163
Trd, 000255.100, 164
Trd, 000255.117, 164
Trd, 000256.367, 163
Trd, 000256.567, 165
Trd, 000256.700, 163
Trd, 000256.717, 169
Trd, 000257.267, 167
Trd, 000257.883, 167
Trd, 000258.283, 166
Trd, 000258.417, 169
Trd, 000258.867, 169
Trd, 000259.017, 168
Trd, 000259.633, 171
Trd, 000260.300, 173
Trd, 000261.583, 180
Trd, 000262.183, 179
Trd, 000262.467, 178
Trd, 000262.733, 177
Trd, 000263.917, 177
Trd, 000264.117, 175
Trd, 000264.300, 171
Trd, 000264.533, 171
Trd, 000264.550, 172
Trd, 000265.350, 171
Trd, 000265.383, 172
Trd, 000265.550, 173
Trd, 000265.833, 174
Trd, 000266.667, 171
Trd, 000267.167, 173
Trd, 000267.583, 170
Trd, 000267.950, 171
Trd, 000268.683, 172
Trd, 000268.950, 172
Trd, 000269.100, 173
Trd, 000269.117, 175
Trd, 000269.283, 171
Trd, 000269.633, 175
Trd, 000270.200, 175
Trd, 000270.867, 173
Trd, 000271.117, 173
Trd, 000271.367, 174
Trd, 000271.583, 175
Trd, 000272.217, 172
Trd, 000272.433, 172
Trd, 000272.683, 182
Trd, 000274.433, 174
Trd, 000274.800, 175
Trd, 000274.817, 176
Trd, 000275.200, 175
Trd, 000275.483, 176
Trd, 000275.867, 173
Trd, 000276.217, 173
Trd, 000276.750, 177
Trd, 000276.900, 174
Trd, 000277.983, 173
Trd, 000278.200, 173
Trd, 000278.283, 169
Trd, 000280.233, 172
Trd, 000280.433, 173
Trd, 000280.467, 175
Trd, 000280.600, 174
Trd, 000280.867, 174
Trd, 000281.317, 170
Trd, 000281.733, 169
Trd, 000281.900, 174
Trd, 000282.167, 165
Trd, 000282.383, 176
Trd, 000283.033, 172
Trd, 000284.117, 170
Trd, 000284.650, 175
Trd, 000284.817, 170
Trd, 000285.367, 169
Trd, 000286.050, 172
Trd, 000286.150, 169
Trd, 000286.300, 172
Trd, 000287.883, 173
Trd, 000288.017, 170
Trd, 000288.117, 167
Trd, 000288.667, 173
Trd, 000288.950, 173
Trd, 000289.383, 175
Trd, 000289.650, 177
Trd, 000290.133, 176
Trd, 000290.967, 172
Trd, 000291.000, 175
Trd, 000291.467, 175
Trd, 000291.583, 172
Trd, 000291.767, 171
Trd, 000291.850, 176
Trd, 000292.267, 171
Trd, 000293.033, 170
Trd, 000293.217, 170
Trd, 000293.433, 176
Trd, 000294.067, 183
Trd, 000294.717, 184
Trd, 000295.317, 181
Trd, 000295.517, 174
Trd, 000295.783, 181
Trd, 000296.733, 178
Trd, 000297.050, 174
Trd, 000297.117, 174
Trd, 000298.367, 173
Trd, 000298.567, 172
Trd, 000299.067, 177
Trd, 000299.150, 176
Trd, 000299.700, 172
Trd, 000299.850, 176
