Trd, 000001.200, 179
Trd, 000001.267, 193
Trd, 000002.233, 175
Trd, 000002.983, 165
Trd, 000005.100, 149
Trd, 000005.533, 138
Trd, 000005.717, 138
Trd, 000005.767, 145
Trd, 000006.117, 143
Trd, 000006.433, 144
Trd, 000006.467, 145
Trd, 000006.800, 138
Trd, 000007.783, 157
Trd, 000008.450, 158
Trd, 000009.200, 169
Trd, 000009.233, 168
Trd, 000010.050, 166
Trd, 000010.333, 160
Trd, 000010.450, 156
Trd, 000011.283, 165
Trd, 000011.667, 165
Trd, 000012.133, 162
Trd, 000012.717, 141
Trd, 000013.167, 161
Trd, 000013.533, 156
Trd, 000013.983, 162
Trd, 000014.067, 143
Trd, 000014.733, 143
Trd, 000015.133, 158
Trd, 000015.433, 146
Trd, 000016.417, 149
Trd, 000017.817, 146
Trd, 000018.250, 151
Trd, 000018.300, 152
Trd, 000019.183, 149
Trd, 000019.700, 148
Trd, 000019.783, 147
Trd, 000020.233, 149
Trd, 000020.683, 147
Trd, 000021.717, 146
Trd, 000021.867, 147
Trd, 000022.033, 149
Trd, 000022.667, 149
Trd, 000023.367, 145
Trd, 000023.650, 149
Trd, 000024.767, 149
Trd, 000025.250, 157
Trd, 000025.367, 147
Trd, 000025.450, 153
Trd, 000026.133, 158
Trd, 000026.567, 162
Trd, 000027.483, 159
Trd, 000027.850, 158
Trd, 000028.067, 158
Trd, 000029.000, 160
Trd, 000030.117, 159
Trd, 000030.200, 162
Trd, 000030.717, 157
Trd, 000030.900, 159
Trd, 000031.217, 164
Trd, 000031.500, 165
Trd, 000032.150, 161
Trd, 000032.467, 158
Trd, 000032.550, 152
Trd, 000032.750, 151
Trd, 000032.783, 171
Trd, 000035.283, 150
Trd, 000035.333, 160
Trd, 000035.733, 146
Trd, 000036.283, 144
Trd, 000036.417, 144
Trd, 000037.383, 144
Trd, 000038.450, 144
Trd, 000039.550, 150
Trd, 000039.783, 150
Trd, 000040.200, 152
Trd, 000040.233, 155
Trd, 000040.367, 151
Trd, 000040.583, 137
Trd, 000040.717, 171
Trd, 000040.917, 155
Trd, 000041.233, 136
Trd, 000042.317, 135
Trd, 000042.583, 136
Trd, 000042.800, 138
Trd, 000043.117, 140
Trd, 000043.533, 139
Trd, 000043.617, 161
Trd, 000043.700, 117
Trd, 000044.250, 161
Trd, 000045.450, 159
Trd, 000046.767, 162
Trd, 000046.883, 166
Trd, 000047.733, 162
Trd, 000048.267, 170
Trd, 000048.517, 172
Trd, 000048.650, 162
Trd, 000049.033, 162
Trd, 000049.717, 154
Trd, 000050.433, 158
Trd, 000050.617, 159
Trd, 000051.150, 160
Trd, 000051.367, 153
Trd, 000051.700, 139
Trd, 000051.817, 161
Trd, 000052.000, 144
Trd, 000052.050, 138
Trd, 000052.467, 137
Trd, 000053.450, 157
Trd, 000053.683, 159
Trd, 000054.667, 156
Trd, 000055.150, 148
Trd, 000055.783, 155
Trd, 000056.050, 160
Trd, 000057.433, 157
Trd, 000057.483, 158
Trd, 000058.183, 158
Trd, 000058.800, 158
Trd, 000058.900, 159
Trd, 000058.983, 153
Trd, 000059.200, 160
Trd, 000059.450, 161
Trd, 000059.917, 157
Trd, 000060.000, 151
Trd, 000061.233, 161
Trd, 000061.517, 165
Trd, 000062.150, 167
Trd, 000062.567, 160
Trd, 000062.700, 162
Trd, 000064.650, 163
Trd, 000065.167, 164
Trd, 000065.400, 163
Trd, 000065.583, 155
Trd, 000065.933, 164
Trd, 000066.367, 165
Trd, 000066.733, 156
Trd, 000067.050, 155
Trd, 000068.233, 157
Trd, 000068.333, 155
Trd, 000069.383, 155
Trd, 000069.400, 154
Trd, 000069.517, 155
Trd, 000071.100, 158
Trd, 000071.133, 158
Trd, 000071.300, 159
Trd, 000071.650, 162
Trd, 000071.900, 165
Trd, 000072.283, 153
Trd, 000073.050, 163
Trd, 000073.833, 156
Trd, 000074.083, 156
Trd, 000074.400, 155
Trd, 000075.100, 166
Trd, 000076.500, 159
Trd, 000076.600, 160
Trd, 000076.667, 158
Trd, 000077.317, 161
Trd, 000077.883, 160
Trd, 000078.417, 159
Trd, 000078.550, 156
Trd, 000079.700, 158
Trd, 000079.750, 160
Trd, 000079.967, 166
Trd, 000080.483, 174
Trd, 000080.533, 158
Trd, 000080.717, 157
Trd, 000080.983, 156
Trd, 000081.083, 171
Trd, 000081.333, 170
Trd, 000081.350, 148
Trd, 000081.633, 175
Trd, 000082.467, 147
Trd, 000082.533, 173
Trd, 000083.417, 137
Trd, 000083.583, 142
Trd, 000084.550, 163
Trd, 000084.900, 153
Trd, 000085.833, 156
Trd, 000086.283, 149
Trd, 000086.450, 157
Trd, 000086.767, 149
Trd, 000087.517, 155
Trd, 000087.667, 156
Trd, 000088.933, 157
Trd, 000089.017, 156
Trd, 000089.117, 156
Trd, 000089.833, 157
Trd, 000090.867, 170
Trd, 000091.617, 166
Trd, 000091.800, 168
Trd, 000092.100, 165
Trd, 000092.250, 161
Trd, 000092.467, 168
Trd, 000093.150, 164
Trd, 000093.200, 165
Trd, 000093.433, 149
Trd, 000093.583, 168
Trd, 000094.467, 159
Trd, 000096.017, 150
Trd, 000096.117, 155
Trd, 000096.967, 152
Trd, 000098.083, 150
Trd, 000098.100, 151
Trd, 000098.433, 153
Trd, 000099.067, 150
Trd, 000099.267, 167
Trd, 000099.683, 149
Trd, 000100.733, 159
Trd, 000100.983, 156
Trd, 000101.567, 160
Trd, 000101.783, 157
Trd, 000102.133, 160
Trd, 000102.683, 161
Trd, 000102.950, 168
Trd, 000103.533, 163
Trd, 000104.000, 166
Trd, 000104.417, 167
Trd, 000104.717, 171
Trd, 000105.783, 169
Trd, 000105.817, 165
Trd, 000105.883, 158
Trd, 000106.250, 166
Trd, 000107.683, 161
Trd, 000108.733, 161
Trd, 000108.867, 161
Trd, 000108.883, 165
Trd, 000109.500, 171
Trd, 000109.883, 152
Trd, 000110.167, 151
Trd, 000110.750, 171
Trd, 000110.833, 152
Trd, 000110.917, 172
Trd, 000112.717, 161
Trd, 000113.967, 164
Trd, 000114.000, 164
Trd, 000114.317, 165
Trd, 000114.600, 160
Trd, 000115.783, 164
Trd, 000115.983, 164
Trd, 000116.217, 163
Trd, 000116.450, 172
Trd, 000116.500, 173
Trd, 000117.250, 167
Trd, 000117.417, 162
Trd, 000118.417, 170
Trd, 000119.250, 166
Trd, 000119.450, 165
Trd, 000119.567, 167
Trd, 000120.317, 162
Trd, 000120.483, 165
Trd, 000120.933, 165
Trd, 000121.067, 162
Trd, 000121.400, 167
Trd, 000121.917, 169
Trd, 000122.367, 169
Trd, 000122.417, 170
Trd, 000122.433, 174
Trd, 000122.850, 180
Trd, 000123.633, 201
Trd, 000123.717, 213
Trd, 000124.150, 236
Trd, 000124.267, 310.0
Trd, 000124.983, 318
Trd, 000125.967, 313.0
Trd, 000126.033, 320.0
Trd, 000126.217, 324.0
Trd, 000126.300, 331
Trd, 000127.183, 331
Trd, 000127.800, 327
Trd, 000128.067, 332.0
Trd, 000128.517, 333.0
Trd, 000128.833, 331
Trd, 000130.050, 334.0
Trd, 000130.100, 331
Trd, 000130.283, 334
Trd, 000130.667, 333
Trd, 000130.850, 335
Trd, 000131.117, 362
Trd, 000131.267, 339
Trd, 000131.900, 338
Trd, 000132.433, 336
Trd, 000132.617, 337
Trd, 000134.283, 338
Trd, 000134.600, 335
Trd, 000135.133, 333
Trd, 000136.050, 336
Trd, 000136.367, 339
Trd, 000136.400, 338
Trd, 000136.600, 337
Trd, 000136.933, 335
Trd, 000136.950, 329
Trd, 000137.083, 340
Trd, 000137.367, 346
Trd, 000137.450, 348
Trd, 000138.317, 344
Trd, 000139.550, 358.0
Trd, 000139.700, 362
Trd, 000139.850, 337
Trd, 000141.217, 338
Trd, 000142.683, 344
Trd, 000143.400, 341
Trd, 000143.500, 349
Trd, 000144.017, 341
Trd, 000144.500, 348
Trd, 000145.383, 347
Trd, 000145.767, 348
Trd, 000146.417, 346
Trd, 000146.667, 348
Trd, 000147.083, 349
Trd, 000147.200, 358.0
Trd, 000147.400, 348
Trd, 000148.517, 362
Trd, 000149.117, 350
Trd, 000149.167, 351
Trd, 000149.683, 351
Trd, 000150.317, 352
Trd, 000150.533, 353
Trd, 000150.683, 362
Trd, 000150.883, 350
Trd, 000151.000, 345
Trd, 000151.067, 340
Trd, 000151.400, 349
Trd, 000152.533, 348.0
Trd, 000153.333, 356
Trd, 000153.733, 358.0
Trd, 000153.883, 356.0
Trd, 000153.917, 361
Trd, 000154.067, 362
Trd, 000154.433, 355.0
Trd, 000154.950, 364
Trd, 000155.100, 357
Trd, 000155.400, 344
Trd, 000156.050, 339
Trd, 000156.750, 334
Trd, 000156.850, 324
Trd, 000158.000, 359
Trd, 000158.133, 364
Trd, 000159.333, 361
Trd, 000159.900, 364
Trd, 000160.033, 342
Trd, 000160.100, 340
Trd, 000160.400, 363
Trd, 000160.617, 348
Trd, 000161.783, 356.0
Trd, 000162.583, 358.0
Trd, 000162.917, 350
Trd, 000163.850, 349.0
Trd, 000164.183, 356
Trd, 000164.733, 355.0
Trd, 000164.817, 357
Trd, 000164.917, 358.0
Trd, 000165.267, 357
Trd, 000165.417, 359
Trd, 000165.517, 348.0
Trd, 000165.600, 345
Trd, 000166.517, 359
Trd, 000167.200, 340
Trd, 000167.233, 349
Trd, 000167.550, 350
Trd, 000168.650, 355
Trd, 000169.200, 353
Trd, 000170.200, 349
Trd, 000170.250, 348
Trd, 000170.700, 348.0
Trd, 000171.067, 348
Trd, 000171.483, 348
Trd, 000171.950, 344
Trd, 000172.117, 333
Trd, 000173.550, 332.0
Trd, 000173.617, 323
Trd, 000173.683, 333
Trd, 000173.800, 334.0
Trd, 000173.867, 358.0
Trd, 000174.233, 337
Trd, 000174.767, 356
Trd, 000175.067, 346
Trd, 000176.150, 344
Trd, 000176.383, 343
Trd, 000176.733, 342
Trd, 000176.817, 358.0
Trd, 000177.233, 340
Trd, 000177.567, 357
Trd, 000178.050, 356.0
Trd, 000179.067, 355.0
Trd, 000179.467, 358
Trd, 000180.100, 357
Trd, 000180.217, 358.0
Trd, 000181.017, 357.0
Trd, 000181.050, 355.0
Trd, 000181.283, 361
Trd, 000182.017, 351
Trd, 000182.067, 348.0
Trd, 000182.133, 362
Trd, 000182.150, 340
Trd, 000182.733, 329
Trd, 000182.883, 326
Trd, 000182.967, 300
Trd, 000183.383, 300.0
Trd, 000184.083, 285
Trd, 000184.100, 168
Trd, 000184.667, 206
Trd, 000185.383, 180
Trd, 000186.050, 173
Trd, 000187.617, 179
Trd, 000187.683, 177
Trd, 000187.900, 177
Trd, 000188.383, 180
Trd, 000188.667, 177
Trd, 000188.900, 181
Trd, 000189.250, 186
Trd, 000189.283, 174
Trd, 000189.833, 176
Trd, 000190.300, 175
Trd, 000191.483, 177
Trd, 000191.733, 174
Trd, 000191.750, 178
Trd, 000192.617, 178
Trd, 000192.633, 169
Trd, 000192.833, 167
Trd, 000194.267, 171
Trd, 000195.367, 172
Trd, 000195.500, 172
Trd, 000196.600, 172
Trd, 000197.483, 172
Trd, 000197.650, 171
Trd, 000198.017, 177
Trd, 000198.450, 180
Trd, 000198.683, 181
Trd, 000198.883, 159
Trd, 000199.167, 175
Trd, 000200.300, 176
Trd, 000200.850, 177
Trd, 000201.050, 176
Trd, 000201.517, 178
Trd, 000201.783, 172
Trd, 000202.750, 171
Trd, 000202.967, 168
Trd, 000203.217, 175
Trd, 000203.817, 173
Trd, 000204.050, 172
Trd, 000204.117, 169
Trd, 000204.817, 169
Trd, 000205.150, 168
Trd, 000205.400, 171
Trd, 000206.667, 166
Trd, 000207.350, 172
Trd, 000207.450, 171
Trd, 000207.700, 177
Trd, 000208.317, 175
Trd, 000208.717, 163
Trd, 000208.983, 176
Trd, 000209.717, 180
Trd, 000210.350, 183
Trd, 000210.433, 171
Trd, 000211.333, 173
Trd, 000212.100, 173
Trd, 000212.167, 179
Trd, 000212.200, 165
Trd, 000213.117, 191
Trd, 000213.767, 164
Trd, 000214.100, 163
Trd, 000214.700, 174
Trd, 000215.817, 173
Trd, 000216.100, 169
Trd, 000216.133, 174
Trd, 000216.567, 169
Trd, 000217.533, 171
Trd, 000217.583, 173
Trd, 000217.683, 179
Trd, 000219.867, 180
Trd, 000219.950, 171
Trd, 000220.067, 184
Trd, 000220.117, 170
Trd, 000220.150, 170
Trd, 000220.600, 175
Trd, 000221.500, 174
Trd, 000221.517, 167
Trd, 000221.683, 177
Trd, 000221.850, 189
Trd, 000222.083, 190
Trd, 000222.417, 168
Trd, 000224.000, 181
Trd, 000224.983, 170
Trd, 000225.683, 173
Trd, 000225.950, 177
Trd, 000226.133, 173
Trd, 000226.767, 171
Trd, 000226.800, 170
Trd, 000227.167, 180
Trd, 000228.050, 178
Trd, 000228.967, 178
Trd, 000229.517, 178
Trd, 000230.317, 177
Trd, 000230.367, 176
Trd, 000230.933, 175
Trd, 000231.050, 173
Trd, 000231.167, 173
Trd, 000231.817, 176
Trd, 000232.583, 170
Trd, 000232.700, 176
Trd, 000233.417, 173
Trd, 000233.667, 174
Trd, 000234.983, 185
Trd, 000235.483, 189
Trd, 000235.867, 190
Trd, 000236.550, 177
Trd, 000236.683, 176
Trd, 000236.950, 179
Trd, 000237.650, 184
Trd, 000237.683, 176
Trd, 000238.167, 185
Trd, 000238.567, 185
Trd, 000239.150, 172
Trd, 000240.033, 175
Trd, 000240.267, 184
Trd, 000240.717, 180
Trd, 000240.883, 180
Trd, 000241.150, 180
Trd, 000241.283, 179
Trd, 000241.400, 175
Trd, 000241.717, 180
Trd, 000241.817, 176
Trd, 000242.367, 178
Trd, 000242.533, 179
Trd, 000242.983, 180
Trd, 000243.933, 178
Trd, 000244.333, 178
Trd, 000245.100, 172
Trd, 000245.467, 175
Trd, 000246.100, 176
Trd, 000246.200, 174
Trd, 000246.767, 171
Trd, 000247.500, 176
Trd, 000247.767, 175
Trd, 000247.900, 176
Trd, 000248.100, 176
Trd, 000248.283, 178
Trd, 000248.783, 175
Trd, 000248.917, 175
Trd, 000249.500, 173
Trd, 000249.617, 179
Trd, 000250.650, 175
Trd, 000250.817, 176
Trd, 000250.833, 175
Trd, 000250.900, 178
Trd, 000251.200, 177
Trd, 000252.000, 177
Trd, 000252.100, 171
Trd, 000252.550, 174
Trd, 000252.800, 172
Trd, 000252.817, 173
Trd, 000253.483, 174
Trd, 000253.667, 171
Trd, 000254.267, 170
Trd, 000255.100, 173
Trd, 000255.133, 176
Trd, 000255.683, 168
Trd, 000256.700, 174
Trd, 000256.933, 181
Trd, 000257.283, 186
Trd, 000257.533, 186
Trd, 000258.300, 179
Trd, 000258.783, 178
Trd, 000259.350, 183
Trd, 000260.333, 181
Trd, 000260.400, 178
Trd, 000260.483, 174
Trd, 000260.833, 182
Trd, 000261.333, 177
Trd, 000261.383, 177
Trd, 000261.400, 183
Trd, 000261.967, 178
Trd, 000262.700, 174
Trd, 000262.933, 178
Trd, 000263.133, 175
Trd, 000263.417, 174
Trd, 000264.400, 183
Trd, 000264.417, 181
Trd, 000264.733, 177
Trd, 000265.300, 179
Trd, 000265.867, 181
Trd, 000266.033, 174
Trd, 000266.350, 173
Trd, 000266.783, 178
Trd, 000267.133, 181
Trd, 000267.550, 184
Trd, 000267.683, 182
Trd, 000268.300, 185
Trd, 000268.317, 170
Trd, 000268.817, 169
Trd, 000269.083, 185
Trd, 000269.583, 184
Trd, 000269.783, 185
Trd, 000269.833, 183
Trd, 000270.117, 185
Trd, 000271.000, 182
Trd, 000271.550, 187
Trd, 000272.433, 182
Trd, 000272.617, 179
Trd, 000272.633, 182
Trd, 000273.267, 177
Trd, 000273.417, 177
Trd, 000273.450, 178
Trd, 000273.617, 185
Trd, 000273.633, 177
Trd, 000273.750, 175
Trd, 000274.550, 176
Trd, 000274.583, 177
Trd, 000274.717, 182
Trd, 000274.850, 160
Trd, 000275.217, 165
Trd, 000275.933, 176
Trd, 000276.033, 172
Trd, 000276.333, 175
Trd, 000276.583, 169
Trd, 000276.767, 177
Trd, 000277.033, 178
Trd, 000277.083, 189
Trd, 000278.183, 178
Trd, 000278.250, 186
Trd, 000279.617, 186
Trd, 000279.867, 184
Trd, 000280.183, 183
Trd, 000280.417, 186
Trd, 000280.767, 186
Trd, 000280.933, 185
Trd, 000281.183, 185
Trd, 000281.883, 179
Trd, 000281.967, 184
Trd, 000282.233, 185
Trd, 000283.417, 190
Trd, 000283.633, 187
Trd, 000284.017, 192
Trd, 000284.467, 186
Trd, 000284.650, 185
Trd, 000284.667, 189
Trd, 000284.817, 184
Trd, 000285.167, 187
Trd, 000285.183, 168
Trd, 000285.467, 179
Trd, 000286.267, 173
Trd, 000286.600, 175
Trd, 000286.717, 171
Trd, 000287.700, 162
Trd, 000288.017, 163
Trd, 000288.067, 160
Trd, 000288.267, 160
Trd, 000288.367, 161
Trd, 000288.667, 176
Trd, 000288.833, 192
Trd, 000289.550, 163
Trd, 000289.900, 167
Trd, 000290.667, 174
Trd, 000290.800, 173
Trd, 000291.083, 180
Trd, 000291.617, 186
Trd, 000291.800, 197
Trd, 000291.817, 169
Trd, 000293.383, 184
Trd, 000293.450, 188
Trd, 000293.617, 188
Trd, 000293.983, 182
Trd, 000294.050, 182
Trd, 000294.600, 187
Trd, 000295.450, 181
Trd, 000295.567, 178
Trd, 000296.117, 171
Trd, 000296.467, 170
Trd, 000296.533, 180
Trd, 000296.583, 183
Trd, 000296.683, 184
Trd, 000297.117, 185
Trd, 000297.200, 169
Trd, 000297.883, 180
Trd, 000297.917, 181
