Trd, 000001.200, 149
Trd, 000001.533, 156
Trd, 000002.167, 156
Trd, 000003.417, 175
Trd, 000003.433, 137
Trd, 000004.167, 144
Trd, 000005.050, 146
Trd, 000005.317, 144
Trd, 000006.667, 132
Trd, 000006.983, 141
Trd, 000007.267, 142
Trd, 000007.800, 140
Trd, 000008.350, 145
Trd, 000008.383, 140
Trd, 000009.250, 138
Trd, 000009.567, 152
Trd, 000009.767, 125
Trd, 000010.017, 157
Trd, 000010.333, 158
Trd, 000010.483, 149
Trd, 000011.150, 164
Trd, 000011.583, 146
Trd, 000013.417, 154
Trd, 000013.450, 138
Trd, 000013.583, 157
Trd, 000014.350, 158
Trd, 000015.350, 147
Trd, 000015.500, 146
Trd, 000015.917, 146
Trd, 000016.300, 154
Trd, 000016.517, 146
Trd, 000017.517, 153
Trd, 000017.617, 147
Trd, 000019.050, 154
Trd, 000019.850, 153
Trd, 000019.983, 154
Trd, 000020.133, 155
Trd, 000020.183, 150
Trd, 000021.817, 143
Trd, 000021.933, 154
Trd, 000021.950, 155
Trd, 000022.350, 143
Trd, 000022.717, 139
Trd, 000022.883, 136
Trd, 000023.517, 150
Trd, 000025.283, 144
Trd, 000025.967, 151
Trd, 000026.617, 151
Trd, 000028.117, 149
Trd, 000028.517, 146
Trd, 000028.550, 146
Trd, 000028.567, 153
Trd, 000029.750, 147
Trd, 000030.550, 147
Trd, 000030.883, 145
Trd, 000031.150, 151
Trd, 000031.517, 152
Trd, 000032.233, 154
Trd, 000033.017, 154
Trd, 000033.650, 153
Trd, 000033.867, 154
Trd, 000034.133, 162
Trd, 000034.683, 152
Trd, 000034.867, 159
Trd, 000035.867, 143
Trd, 000036.117, 141
Trd, 000036.133, 140
Trd, 000036.533, 158
Trd, 000037.917, 149
Trd, 000038.817, 165
Trd, 000038.833, 173
Trd, 000040.150, 167
Trd, 000042.967, 159
Trd, 000043.167, 160
Trd, 000043.300, 158
Trd, 000044.417, 161
Trd, 000044.450, 158
Trd, 000045.150, 164
Trd, 000045.367, 169
Trd, 000045.917, 157
Trd, 000047.283, 156
Trd, 000049.467, 158
Trd, 000049.517, 157
Trd, 000050.167, 158
Trd, 000050.233, 157
Trd, 000050.267, 156
Trd, 000050.333, 160
Trd, 000050.617, 150
Trd, 000050.883, 161
Trd, 000052.267, 160
Trd, 000052.400, 155
Trd, 000052.483, 154
Trd, 000052.567, 160
Trd, 000053.150, 153
Trd, 000053.467, 149
Trd, 000054.317, 156
Trd, 000054.800, 159
Trd, 000055.783, 160
Trd, 000056.067, 158
Trd, 000056.200, 163
Trd, 000056.233, 157
Trd, 000056.883, 155
Trd, 000057.417, 155
Trd, 000058.450, 157
Trd, 000058.467, 163
Trd, 000059.000, 163
Trd, 000059.150, 156
Trd, 000059.433, 163
Trd, 000059.967, 163
Trd, 000060.017, 171
Trd, 000060.517, 170
Trd, 000061.433, 157
Trd, 000061.900, 157
Trd, 000061.917, 167
Trd, 000062.283, 156
Trd, 000062.667, 168
Trd, 000063.900, 159
Trd, 000065.067, 166
Trd, 000065.500, 159
Trd, 000065.967, 159
Trd, 000066.200, 161
Trd, 000066.700, 161
Trd, 000066.833, 165
Trd, 000067.017, 159
Trd, 000067.400, 143
Trd, 000067.583, 138
Trd, 000068.017, 131
Trd, 000069.000, 166
Trd, 000069.983, 159
Trd, 000070.217, 154
Trd, 000070.783, 160
Trd, 000071.767, 160
Trd, 000072.667, 154
Trd, 000073.167, 154
Trd, 000073.900, 154
Trd, 000074.283, 157
Trd, 000074.783, 155
Trd, 000074.900, 156
Trd, 000076.300, 154
Trd, 000076.850, 157
Trd, 000077.967, 157
Trd, 000078.750, 166
Trd, 000079.617, 160
Trd, 000079.817, 157
Trd, 000079.833, 156
Trd, 000080.117, 170
Trd, 000080.950, 157
Trd, 000081.017, 156
Trd, 000082.050, 159
Trd, 000082.883, 145
Trd, 000083.100, 147
Trd, 000083.150, 151
Trd, 000083.517, 159
Trd, 000083.683, 135
Trd, 000084.233, 142
Trd, 000084.900, 150
Trd, 000085.783, 150
Trd, 000085.900, 151
Trd, 000087.333, 150
Trd, 000087.400, 147
Trd, 000088.817, 148
Trd, 000089.600, 150
Trd, 000089.850, 150
Trd, 000089.867, 152
Trd, 000090.317, 147
Trd, 000091.133, 161
Trd, 000092.117, 158
Trd, 000092.900, 154
Trd, 000094.150, 154
Trd, 000094.317, 155
Trd, 000095.050, 161
Trd, 000095.667, 170
Trd, 000096.350, 161
Trd, 000096.683, 174
Trd, 000097.650, 165
Trd, 000098.383, 163
Trd, 000100.183, 165
Trd, 000100.567, 166
Trd, 000100.650, 168
Trd, 000101.017, 162
Trd, 000101.083, 168
Trd, 000101.867, 169
Trd, 000101.933, 160
Trd, 000102.367, 168
Trd, 000102.967, 159
Trd, 000102.983, 175
Trd, 000103.767, 182
Trd, 000103.867, 175
Trd, 000104.050, 157
Trd, 000104.733, 164
Trd, 000105.717, 164
Trd, 000106.117, 168
Trd, 000106.133, 164
Trd, 000106.383, 169
Trd, 000107.083, 154
Trd, 000107.233, 148
Trd, 000107.417, 171
Trd, 000110.083, 153
Trd, 000110.350, 172
Trd, 000110.600, 151
Trd, 000110.650, 153
Trd, 000110.800, 171
Trd, 000111.133, 170
Trd, 000111.950, 165
Trd, 000112.550, 169
Trd, 000112.667, 176
Trd, 000112.717, 149
Trd, 000113.900, 165
Trd, 000115.133, 172
Trd, 000115.317, 166
Trd, 000115.717, 165
Trd, 000116.017, 165
Trd, 000118.133, 165
Trd, 000118.450, 166
Trd, 000118.650, 167
Trd, 000118.983, 167
Trd, 000119.150, 165
Trd, 000119.433, 164
Trd, 000119.633, 169
Trd, 000120.783, 167
Trd, 000120.950, 171
Trd, 000121.883, 171
Trd, 000121.967, 174
Trd, 000122.333, 177
Trd, 000122.400, 184
Trd, 000122.450, 179
Trd, 000122.900, 188
Trd, 000122.967, 191
Trd, 000123.250, 212
Trd, 000123.350, 231
Trd, 000123.750, 224
Trd, 000124.333, 207
Trd, 000124.733, 324.0
Trd, 000125.000, 327.0
Trd, 000125.083, 333
Trd, 000125.817, 334.0
Trd, 000126.517, 316
Trd, 000126.733, 347
Trd, 000126.883, 358
Trd, 000127.533, 324.0
Trd, 000128.167, 324
Trd, 000128.350, 322
Trd, 000128.817, 356
Trd, 000128.867, 358
Trd, 000129.417, 334.0
Trd, 000129.733, 362
Trd, 000129.833, 345
Trd, 000130.117, 339
Trd, 000130.333, 347
Trd, 000131.783, 351
Trd, 000132.500, 339
Trd, 000133.117, 335
Trd, 000133.167, 334
Trd, 000134.833, 344
Trd, 000135.317, 347
Trd, 000136.033, 345
Trd, 000136.333, 342
Trd, 000136.350, 341.0
Trd, 000137.133, 342
Trd, 000137.217, 343
Trd, 000137.450, 349
Trd, 000138.100, 339
Trd, 000138.417, 349
Trd, 000138.750, 352
Trd, 000140.067, 340
Trd, 000140.300, 356
Trd, 000140.550, 340
Trd, 000140.900, 340.0
Trd, 000141.550, 339
Trd, 000143.200, 341.0
Trd, 000143.417, 340.0
Trd, 000143.517, 350
Trd, 000143.833, 352
Trd, 000145.233, 351
Trd, 000145.700, 343
Trd, 000146.800, 352
Trd, 000147.017, 344
Trd, 000147.167, 343
Trd, 000148.250, 340
Trd, 000148.667, 338
Trd, 000148.900, 337.0
Trd, 000149.283, 345
Trd, 000150.050, 345
Trd, 000150.483, 351
Trd, 000150.717, 339
Trd, 000151.617, 337
Trd, 000151.700, 351
Trd, 000152.133, 350
Trd, 000152.517, 336
Trd, 000152.533, 358
Trd, 000154.383, 338
Trd, 000154.533, 350
Trd, 000154.950, 339
Trd, 000155.050, 331.0
Trd, 000155.167, 352
Trd, 000156.550, 353
Trd, 000156.700, 368.0
Trd, 000157.017, 340.0
Trd, 000157.217, 339.0
Trd, 000157.483, 338
Trd, 000157.883, 360
Trd, 000158.550, 349
Trd, 000159.450, 340
Trd, 000159.483, 356
Trd, 000161.150, 344
Trd, 000161.267, 350
Trd, 000161.517, 340
Trd, 000162.100, 351
Trd, 000162.250, 354
Trd, 000163.733, 352
Trd, 000164.333, 353
Trd, 000165.100, 352
Trd, 000165.783, 349
Trd, 000166.033, 348
Trd, 000166.633, 354
Trd, 000166.850, 356
Trd, 000167.517, 344
Trd, 000167.650, 357
Trd, 000167.700, 337.0
Trd, 000168.483, 354
Trd, 000168.683, 341
Trd, 000170.183, 345
Trd, 000170.250, 340
Trd, 000170.833, 346
Trd, 000171.167, 352
Trd, 000171.400, 341
Trd, 000172.167, 352
Trd, 000172.367, 342
Trd, 000172.617, 353
Trd, 000175.133, 351
Trd, 000175.417, 348
Trd, 000175.550, 344.0
Trd, 000175.750, 343
Trd, 000175.950, 353
Trd, 000176.550, 352
Trd, 000177.883, 346
Trd, 000180.233, 346
Trd, 000180.400, 344.0
Trd, 000180.450, 348
Trd, 000181.233, 346
Trd, 000181.267, 341
Trd, 000181.750, 337.0
Trd, 000182.667, 338
Trd, 000182.700, 334
Trd, 000182.850, 331.0
Trd, 000183.233, 324.0
Trd, 000183.300, 317.0
Trd, 000183.417, 241
Trd, 000183.433, 341
Trd, 000183.800, 241
Trd, 000183.950, 168
Trd, 000184.333, 205
Trd, 000184.650, 200
Trd, 000186.850, 190
Trd, 000187.067, 186
Trd, 000187.483, 181
Trd, 000188.117, 161
Trd, 000188.367, 187
Trd, 000188.500, 185
Trd, 000188.750, 176
Trd, 000188.817, 170
Trd, 000191.000, 171
Trd, 000191.733, 171
Trd, 000191.783, 173
Trd, 000191.933, 179
Trd, 000192.517, 177
Trd, 000193.100, 169
Trd, 000193.583, 168
Trd, 000193.667, 177
Trd, 000194.100, 184
Trd, 000195.133, 194
Trd, 000195.233, 200
Trd, 000195.450, 164
Trd, 000196.217, 196
Trd, 000196.933, 172
Trd, 000197.733, 174
Trd, 000197.983, 197
Trd, 000198.133, 167
Trd, 000198.933, 181
Trd, 000199.367, 185
Trd, 000200.250, 185
Trd, 000200.400, 186
Trd, 000202.150, 179
Trd, 000202.700, 171
Trd, 000203.100, 179
Trd, 000203.250, 171
Trd, 000204.150, 176
Trd, 000204.450, 171
Trd, 000205.033, 170
Trd, 000205.217, 176
Trd, 000207.117, 175
Trd, 000207.550, 171
Trd, 000207.567, 170
Trd, 000208.383, 169
Trd, 000209.217, 172
Trd, 000209.333, 172
Trd, 000209.617, 173
Trd, 000210.117, 173
Trd, 000211.117, 179
Trd, 000211.133, 169
Trd, 000211.283, 168
Trd, 000211.883, 176
Trd, 000213.167, 185
Trd, 000214.050, 170
Trd, 000214.250, 178
Trd, 000214.383, 170
Trd, 000214.433, 170
Trd, 000215.650, 178
Trd, 000216.483, 171
Trd, 000217.683, 179
Trd, 000218.950, 172
Trd, 000219.433, 174
Trd, 000219.983, 174
Trd, 000220.350, 175
Trd, 000220.417, 172
Trd, 000220.500, 172
Trd, 000220.700, 174
Trd, 000221.333, 176
Trd, 000221.583, 171
Trd, 000221.700, 181
Trd, 000223.250, 169
Trd, 000223.417, 176
Trd, 000224.267, 167
Trd, 000224.317, 173
Trd, 000225.500, 174
Trd, 000226.067, 170
Trd, 000226.450, 168
Trd, 000227.083, 171
Trd, 000227.500, 173
Trd, 000227.517, 169
Trd, 000227.667, 181
Trd, 000228.267, 168
Trd, 000229.783, 173
Trd, 000230.417, 179
Trd, 000230.833, 179
Trd, 000231.017, 174
Trd, 000231.233, 177
Trd, 000231.633, 179
Trd, 000231.700, 166
Trd, 000232.667, 172
Trd, 000233.450, 178
Trd, 000234.783, 179
Trd, 000235.183, 178
Trd, 000235.550, 179
Trd, 000236.417, 181
Trd, 000237.433, 181
Trd, 000237.450, 175
Trd, 000237.683, 183
Trd, 000238.233, 189
Trd, 000238.283, 174
Trd, 000238.500, 186
Trd, 000239.133, 174
Trd, 000240.483, 163
Trd, 000240.683, 172
Trd, 000241.000, 186
Trd, 000241.300, 178
Trd, 000241.733, 185
Trd, 000242.517, 185
Trd, 000242.900, 184
Trd, 000243.217, 185
Trd, 000243.633, 179
Trd, 000243.917, 178
Trd, 000245.150, 176
Trd, 000245.450, 175
Trd, 000245.817, 178
Trd, 000246.283, 179
Trd, 000246.367, 176
Trd, 000246.567, 180
Trd, 000247.050, 179
Trd, 000247.367, 176
Trd, 000247.700, 178
Trd, 000247.883, 176
Trd, 000248.017, 181
Trd, 000248.183, 181
Trd, 000249.300, 189
Trd, 000250.000, 183
Trd, 000250.117, 182
Trd, 000250.517, 184
Trd, 000251.267, 181
Trd, 000251.300, 179
Trd, 000251.617, 176
Trd, 000251.883, 170
Trd, 000252.433, 182
Trd, 000252.450, 171
Trd, 000252.600, 184
Trd, 000252.783, 186
Trd, 000253.000, 169
Trd, 000253.567, 185
Trd, 000253.717, 173
Trd, 000254.667, 182
Trd, 000254.683, 190
Trd, 000255.583, 181
Trd, 000256.300, 181
Trd, 000256.850, 183
Trd, 000257.417, 179
Trd, 000257.750, 179
Trd, 000258.133, 181
Trd, 000258.267, 186
Trd, 000258.567, 178
Trd, 000258.733, 177
Trd, 000258.950, 185
Trd, 000259.483, 172
Trd, 000259.633, 176
Trd, 000260.717, 177
Trd, 000261.067, 177
Trd, 000261.133, 175
Trd, 000261.167, 175
Trd, 000261.617, 180
Trd, 000263.333, 180
Trd, 000263.450, 181
Trd, 000264.133, 179
Trd, 000264.283, 179
Trd, 000264.383, 177
Trd, 000264.650, 177
Trd, 000265.050, 180
Trd, 000265.683, 177
Trd, 000266.017, 174
Trd, 000266.617, 175
Trd, 000267.533, 177
Trd, 000267.933, 176
Trd, 000268.783, 176
Trd, 000268.917, 177
Trd, 000268.967, 177
Trd, 000269.450, 175
Trd, 000269.550, 178
Trd, 000270.083, 179
Trd, 000270.167, 176
Trd, 000270.600, 176
Trd, 000270.950, 173
Trd, 000271.400, 178
Trd, 000273.850, 173
Trd, 000274.583, 176
Trd, 000274.750, 177
Trd, 000274.983, 174
Trd, 000275.017, 171
Trd, 000275.517, 177
Trd, 000276.067, 169
Trd, 000276.167, 179
Trd, 000276.583, 176
Trd, 000276.917, 180
Trd, 000277.300, 181
Trd, 000277.350, 182
Trd, 000277.517, 169
Trd, 000278.517, 175
Trd, 000278.583, 182
Trd, 000278.983, 181
Trd, 000279.583, 180
Trd, 000279.800, 183
Trd, 000280.950, 187
Trd, 000281.367, 183
Trd, 000282.267, 184
Trd, 000283.383, 182
Trd, 000283.500, 183
Trd, 000283.733, 185
Trd, 000283.917, 180
Trd, 000284.450, 179
Trd, 000284.733, 178
Trd, 000285.767, 179
Trd, 000286.000, 185
Trd, 000287.383, 183
Trd, 000287.617, 185
Trd, 000288.333, 179
Trd, 000288.933, 180
Trd, 000289.633, 178
Trd, 000289.767, 172
Trd, 000290.583, 182
Trd, 000290.933, 182
Trd, 000291.200, 183
Trd, 000291.467, 187
Trd, 000291.733, 191
Trd, 000291.783, 181
Trd, 000292.033, 194
Trd, 000292.100, 176
Trd, 000292.517, 176
Trd, 000293.933, 166
Trd, 000294.850, 185
Trd, 000295.050, 180
Trd, 000295.233, 184
Trd, 000295.733, 180
Trd, 000295.767, 176
Trd, 000295.983, 185
Trd, 000296.417, 188
Trd, 000297.233, 173
Trd, 000297.400, 173
Trd, 000298.067, 185
Trd, 000298.250, 174
Trd, 000298.683, 183
Trd, 000299.867, 182
