Trd, 000001.200, 141
Trd, 000001.500, 151
Trd, 000002.850, 143
Trd, 000003.250, 139
Trd, 000004.183, 137
Trd, 000004.233, 144
Trd, 000005.083, 145
Trd, 000005.900, 135
Trd, 000005.967, 132
Trd, 000006.017, 131
Trd, 000006.033, 142
Trd, 000006.117, 156
Trd, 000006.333, 162
Trd, 000006.917, 152
Trd, 000007.550, 168
Trd, 000008.367, 167
Trd, 000008.800, 166
Trd, 000009.350, 165
Trd, 000009.500, 158
Trd, 000012.483, 157
Trd, 000013.350, 158
Trd, 000013.567, 156
Trd, 000014.600, 157
Trd, 000015.150, 157
Trd, 000015.183, 156
Trd, 000015.900, 144
Trd, 000016.017, 157
Trd, 000016.400, 142
Trd, 000017.683, 163
Trd, 000018.050, 164
Trd, 000019.133, 146
Trd, 000019.483, 148
Trd, 000020.050, 147
Trd, 000020.467, 148
Trd, 000020.650, 150
Trd, 000020.683, 147
Trd, 000021.233, 151
Trd, 000021.783, 147
Trd, 000022.183, 145
Trd, 000022.533, 148
Trd, 000023.083, 146
Trd, 000023.517, 146
Trd, 000023.950, 149
Trd, 000024.517, 137
Trd, 000025.900, 149
Trd, 000026.000, 157
Trd, 000026.083, 147
Trd, 000026.483, 141
Trd, 000026.917, 140
Trd, 000027.517, 154
Trd, 000028.983, 154
Trd, 000030.283, 158
Trd, 000030.750, 155
Trd, 000031.333, 158
Trd, 000031.367, 158
Trd, 000032.150, 158
Trd, 000032.667, 155
Trd, 000033.550, 158
Trd, 000033.667, 158
Trd, 000034.117, 159
Trd, 000034.183, 157
Trd, 000034.483, 159
Trd, 000034.867, 157
Trd, 000035.083, 159
Trd, 000035.700, 157
Trd, 000036.700, 161
Trd, 000036.750, 159
Trd, 000037.567, 159
Trd, 000039.117, 160
Trd, 000039.150, 159
Trd, 000040.183, 162
Trd, 000040.583, 163
Trd, 000040.717, 157
Trd, 000041.033, 157
Trd, 000041.617, 156
Trd, 000042.267, 161
Trd, 000042.483, 158
Trd, 000042.933, 159
Trd, 000043.133, 149
Trd, 000043.683, 148
Trd, 000044.467, 159
Trd, 000045.550, 159
Trd, 000045.683, 148
Trd, 000045.950, 166
Trd, 000046.000, 169
Trd, 000047.250, 139
Trd, 000048.550, 146
Trd, 000048.917, 140
Trd, 000049.217, 149
Trd, 000049.800, 149
Trd, 000049.883, 148
Trd, 000050.400, 147
Trd, 000050.833, 147
Trd, 000052.367, 145
Trd, 000052.517, 146
Trd, 000052.750, 144
Trd, 000053.467, 148
Trd, 000053.583, 149
Trd, 000054.250, 144
Trd, 000054.567, 142
Trd, 000055.283, 148
Trd, 000055.550, 160
Trd, 000055.850, 167
Trd, 000056.233, 146
Trd, 000056.250, 136
Trd, 000057.233, 161
Trd, 000057.383, 170
Trd, 000058.083, 161
Trd, 000058.150, 168
Trd, 000059.933, 154
Trd, 000060.967, 155
Trd, 000061.283, 156
Trd, 000061.717, 160
Trd, 000062.083, 155
Trd, 000063.900, 158
Trd, 000064.100, 159
Trd, 000064.350, 156
Trd, 000064.433, 160
Trd, 000064.567, 157
Trd, 000064.967, 155
Trd, 000065.083, 161
Trd, 000066.550, 159
Trd, 000066.683, 150
Trd, 000066.900, 150
Trd, 000067.617, 151
Trd, 000067.900, 153
Trd, 000068.233, 168
Trd, 000069.833, 157
Trd, 000070.267, 154
Trd, 000070.867, 158
Trd, 000071.833, 157
Trd, 000072.000, 162
Trd, 000072.117, 156
Trd, 000072.533, 153
Trd, 000073.300, 160
Trd, 000073.717, 146
Trd, 000074.033, 169
Trd, 000075.700, 162
Trd, 000076.467, 161
Trd, 000077.350, 159
Trd, 000077.417, 158
Trd, 000077.467, 163
Trd, 000077.500, 154
Trd, 000077.850, 168
Trd, 000078.283, 151
Trd, 000079.317, 168
Trd, 000079.333, 152
Trd, 000080.483, 153
Trd, 000081.967, 152
Trd, 000082.100, 150
Trd, 000083.117, 153
Trd, 000083.633, 140
Trd, 000084.167, 152
Trd, 000084.433, 153
Trd, 000084.933, 154
Trd, 000085.100, 151
Trd, 000085.183, 161
Trd, 000087.850, 154
Trd, 000087.950, 153
Trd, 000088.417, 152
Trd, 000089.350, 150
Trd, 000089.750, 146
Trd, 000090.400, 151
Trd, 000090.483, 153
Trd, 000090.650, 152
Trd, 000091.433, 152
Trd, 000091.617, 153
Trd, 000091.950, 164
Trd, 000092.917, 165
Trd, 000093.050, 164
Trd, 000093.267, 155
Trd, 000094.200, 161
Trd, 000094.217, 155
Trd, 000094.383, 171
Trd, 000094.750, 164
Trd, 000095.150, 149
Trd, 000097.283, 154
Trd, 000098.783, 159
Trd, 000098.967, 157
Trd, 000099.100, 156
Trd, 000100.083, 158
Trd, 000100.550, 165
Trd, 000100.683, 158
Trd, 000100.983, 159
Trd, 000101.917, 160
Trd, 000102.800, 162
Trd, 000102.833, 159
Trd, 000104.200, 163
Trd, 000104.567, 158
Trd, 000104.617, 165
Trd, 000104.850, 157
Trd, 000105.267, 161
Trd, 000106.217, 153
Trd, 000106.383, 155
Trd, 000106.933, 156
Trd, 000108.033, 156
Trd, 000108.150, 155
Trd, 000109.900, 156
Trd, 000110.317, 155
Trd, 000110.700, 153
Trd, 000111.667, 156
Trd, 000111.833, 157
Trd, 000111.850, 157
Trd, 000111.917, 166
Trd, 000112.450, 173
Trd, 000113.300, 182
Trd, 000113.633, 176
Trd, 000113.950, 169
Trd, 000114.350, 169
Trd, 000114.950, 168
Trd, 000116.100, 176
Trd, 000116.683, 171
Trd, 000116.733, 172
Trd, 000117.017, 168
Trd, 000117.500, 166
Trd, 000119.600, 156
Trd, 000119.733, 164
Trd, 000119.900, 165
Trd, 000120.000, 174
Trd, 000121.067, 153
Trd, 000121.117, 164
Trd, 000122.017, 163
Trd, 000122.750, 177
Trd, 000123.250, 208
Trd, 000123.717, 198
Trd, 000124.600, 325
Trd, 000124.767, 327.0
Trd, 000124.933, 334.0
Trd, 000124.950, 344.0
Trd, 000125.183, 313.0
Trd, 000125.750, 337
Trd, 000126.533, 352
Trd, 000126.683, 354.0
Trd, 000127.250, 336
Trd, 000127.367, 355.0
Trd, 000128.050, 363
Trd, 000128.783, 338
Trd, 000129.050, 332
Trd, 000129.167, 332
Trd, 000129.367, 338
Trd, 000129.433, 342.0
Trd, 000130.467, 327.0
Trd, 000131.183, 324
Trd, 000131.217, 342
Trd, 000132.500, 325
Trd, 000133.467, 339
Trd, 000133.683, 331.0
Trd, 000133.700, 344.0
Trd, 000133.717, 355.0
Trd, 000134.717, 327.0
Trd, 000135.200, 351
Trd, 000135.617, 335
Trd, 000135.917, 325
Trd, 000136.467, 334.0
Trd, 000137.233, 331.0
Trd, 000137.283, 335
Trd, 000137.500, 341
Trd, 000138.333, 342
Trd, 000138.650, 344.0
Trd, 000138.967, 362.0
Trd, 000139.667, 351
Trd, 000139.883, 353
Trd, 000140.683, 345
Trd, 000141.100, 348
Trd, 000142.317, 354
Trd, 000142.883, 344.0
Trd, 000143.400, 341
Trd, 000144.117, 341
Trd, 000144.217, 340
Trd, 000144.583, 341
Trd, 000144.700, 343
Trd, 000145.533, 345
Trd, 000145.567, 338.0
Trd, 000146.083, 344
Trd, 000147.467, 339
Trd, 000147.567, 337.0
Trd, 000148.050, 336
Trd, 000148.633, 349
Trd, 000149.067, 362.0
Trd, 000149.500, 357.0
Trd, 000150.417, 356.0
Trd, 000151.233, 355.0
Trd, 000151.600, 355
Trd, 000151.650, 352
Trd, 000152.200, 355
Trd, 000152.233, 356
Trd, 000152.283, 359
Trd, 000153.350, 338.0
Trd, 000153.967, 354
Trd, 000154.633, 337.0
Trd, 000155.017, 331.0
Trd, 000155.433, 352
Trd, 000156.383, 353
Trd, 000156.783, 336
Trd, 000157.667, 351
Trd, 000158.050, 352
Trd, 000159.517, 351
Trd, 000161.000, 343
Trd, 000161.033, 341
Trd, 000161.150, 344.0
Trd, 000161.183, 351
Trd, 000161.683, 333.0
Trd, 000162.117, 355.0
Trd, 000164.017, 362.0
Trd, 000164.400, 341
Trd, 000164.583, 339
Trd, 000165.517, 354
Trd, 000165.867, 354
Trd, 000165.983, 356
Trd, 000166.367, 344.0
Trd, 000167.033, 343
Trd, 000167.817, 344.0
Trd, 000167.950, 343
Trd, 000168.183, 346
Trd, 000168.817, 355.0
Trd, 000169.167, 360
Trd, 000169.350, 362.0
Trd, 000169.650, 364.0
Trd, 000170.033, 339.0
Trd, 000170.700, 334.0
Trd, 000171.683, 338
Trd, 000172.883, 341
Trd, 000173.100, 337.0
Trd, 000173.600, 344
Trd, 000174.417, 342
Trd, 000174.667, 343.0
Trd, 000174.850, 341
Trd, 000175.350, 338
Trd, 000175.800, 341
Trd, 000176.167, 344.0
Trd, 000176.500, 323
Trd, 000176.817, 343
Trd, 000177.817, 342
Trd, 000177.983, 355.0
Trd, 000178.583, 355
Trd, 000178.817, 331.0
Trd, 000179.000, 356
Trd, 000179.817, 356.0
Trd, 000179.917, 355.0
Trd, 000180.450, 338
Trd, 000180.633, 355
Trd, 000181.400, 352
Trd, 000181.817, 324
Trd, 000181.900, 321
Trd, 000182.083, 364
Trd, 000182.217, 320.0
Trd, 000182.333, 316
Trd, 000182.350, 310.0
Trd, 000182.917, 254
Trd, 000182.967, 215
Trd, 000183.467, 218
Trd, 000183.500, 191
Trd, 000183.967, 197
Trd, 000184.550, 190
Trd, 000185.333, 211
Trd, 000186.700, 184
Trd, 000187.067, 183
Trd, 000188.033, 175
Trd, 000188.283, 184
Trd, 000188.900, 173
Trd, 000189.317, 177
Trd, 000189.467, 171
Trd, 000190.500, 160
Trd, 000191.233, 171
Trd, 000191.983, 171
Trd, 000192.383, 161
Trd, 000193.017, 157
Trd, 000193.150, 169
Trd, 000193.483, 167
Trd, 000193.600, 173
Trd, 000193.650, 165
Trd, 000193.683, 163
Trd, 000194.017, 163
Trd, 000195.217, 183
Trd, 000196.050, 168
Trd, 000196.517, 182
Trd, 000196.600, 169
Trd, 000196.650, 162
Trd, 000197.050, 157
Trd, 000197.233, 177
Trd, 000197.300, 150
Trd, 000199.517, 170
Trd, 000200.617, 159
Trd, 000200.933, 168
Trd, 000201.083, 168
Trd, 000201.400, 164
Trd, 000203.933, 179
Trd, 000204.100, 182
Trd, 000204.183, 185
Trd, 000204.600, 180
Trd, 000204.617, 168
Trd, 000205.117, 168
Trd, 000205.783, 177
Trd, 000205.900, 175
Trd, 000205.950, 166
Trd, 000206.433, 166
Trd, 000207.133, 171
Trd, 000208.133, 164
Trd, 000208.150, 165
Trd, 000208.267, 165
Trd, 000208.850, 165
Trd, 000209.017, 166
Trd, 000209.917, 165
Trd, 000210.033, 163
Trd, 000210.267, 162
Trd, 000210.817, 176
Trd, 000210.967, 183
Trd, 000211.083, 161
Trd, 000211.483, 158
Trd, 000211.617, 152
Trd, 000212.267, 155
Trd, 000212.900, 176
Trd, 000213.750, 179
Trd, 000214.783, 165
Trd, 000214.867, 164
Trd, 000214.900, 157
Trd, 000215.350, 165
Trd, 000216.283, 169
Trd, 000216.933, 168
Trd, 000217.000, 180
Trd, 000217.950, 168
Trd, 000218.500, 177
Trd, 000218.783, 175
Trd, 000219.017, 171
Trd, 000219.100, 180
Trd, 000219.283, 165
Trd, 000220.583, 183
Trd, 000220.883, 169
Trd, 000221.950, 164
Trd, 000222.567, 161
Trd, 000223.383, 166
Trd, 000223.500, 164
Trd, 000223.733, 159
Trd, 000223.783, 167
Trd, 000224.150, 171
Trd, 000225.233, 159
Trd, 000226.750, 165
Trd, 000228.550, 171
Trd, 000228.867, 172
Trd, 000229.217, 167
Trd, 000229.300, 166
Trd, 000229.367, 173
Trd, 000229.467, 183
Trd, 000230.117, 176
Trd, 000230.417, 163
Trd, 000230.483, 183
Trd, 000231.500, 171
Trd, 000233.617, 180
Trd, 000233.717, 188
Trd, 000233.950, 188
Trd, 000234.150, 179
Trd, 000234.833, 178
Trd, 000234.950, 178
Trd, 000235.517, 180
Trd, 000236.217, 178
Trd, 000236.583, 179
Trd, 000237.400, 179
Trd, 000238.000, 180
Trd, 000238.533, 179
Trd, 000239.333, 181
Trd, 000239.633, 179
Trd, 000239.783, 179
Trd, 000240.900, 167
Trd, 000241.283, 168
Trd, 000241.567, 168
Trd, 000242.417, 170
Trd, 000242.583, 172
Trd, 000243.350, 173
Trd, 000243.433, 179
Trd, 000243.600, 182
Trd, 000243.617, 167
Trd, 000244.850, 172
Trd, 000245.050, 171
Trd, 000245.267, 168
Trd, 000245.900, 164
Trd, 000245.950, 173
Trd, 000246.183, 161
Trd, 000246.350, 167
Trd, 000246.433, 170
Trd, 000246.617, 170
Trd, 000246.800, 170
Trd, 000247.350, 170
Trd, 000248.050, 167
Trd, 000248.367, 170
Trd, 000249.150, 171
Trd, 000249.633, 171
Trd, 000249.967, 169
Trd, 000250.150, 169
Trd, 000251.283, 168
Trd, 000251.883, 172
Trd, 000251.933, 170
Trd, 000252.317, 166
Trd, 000252.417, 173
Trd, 000252.550, 183
Trd, 000253.833, 169
Trd, 000254.333, 169
Trd, 000254.500, 167
Trd, 000255.267, 167
Trd, 000255.317, 166
Trd, 000255.450, 170
Trd, 000255.767, 170
Trd, 000255.850, 169
Trd, 000257.300, 173
Trd, 000258.367, 171
Trd, 000258.883, 172
Trd, 000259.133, 170
Trd, 000260.000, 170
Trd, 000260.383, 174
Trd, 000260.467, 173
Trd, 000260.483, 181
Trd, 000260.667, 187
Trd, 000261.650, 171
Trd, 000262.133, 174
Trd, 000262.267, 178
Trd, 000262.300, 173
Trd, 000262.883, 172
Trd, 000263.533, 170
Trd, 000263.967, 174
Trd, 000264.317, 172
Trd, 000265.033, 172
Trd, 000265.283, 174
Trd, 000265.533, 178
Trd, 000266.350, 170
Trd, 000266.367, 180
Trd, 000266.600, 170
Trd, 000266.750, 181
Trd, 000268.100, 172
Trd, 000268.667, 175
Trd, 000269.217, 170
Trd, 000269.300, 171
Trd, 000269.717, 176
Trd, 000270.117, 168
Trd, 000270.233, 168
Trd, 000270.600, 173
Trd, 000270.633, 166
Trd, 000270.850, 173
Trd, 000271.750, 176
Trd, 000272.000, 176
Trd, 000272.167, 170
Trd, 000272.967, 182
Trd, 000273.600, 179
Trd, 000274.133, 174
Trd, 000274.517, 172
Trd, 000274.833, 178
Trd, 000275.417, 175
Trd, 000275.717, 172
Trd, 000276.050, 172
Trd, 000276.483, 177
Trd, 000276.500, 178
Trd, 000276.683, 178
Trd, 000276.817, 168
Trd, 000276.867, 182
Trd, 000277.133, 168
Trd, 000277.750, 185
Trd, 000278.683, 185
Trd, 000278.867, 192
Trd, 000279.117, 183
Trd, 000280.333, 168
Trd, 000280.733, 160
Trd, 000281.267, 162
Trd, 000281.367, 164
Trd, 000281.467, 165
Trd, 000281.633, 167
Trd, 000281.917, 169
Trd, 000282.450, 169
Trd, 000283.150, 176
Trd, 000284.167, 183
Trd, 000284.583, 172
Trd, 000284.750, 172
Trd, 000285.083, 186
Trd, 000285.667, 181
Trd, 000285.933, 171
Trd, 000286.050, 181
Trd, 000286.333, 191
Trd, 000286.533, 180
Trd, 000286.600, 194
Trd, 000286.667, 193
Trd, 000287.700, 176
Trd, 000288.117, 173
Trd, 000288.133, 171
Trd, 000288.717, 170
Trd, 000288.933, 173
Trd, 000289.800, 172
Trd, 000290.417, 171
Trd, 000290.817, 169
Trd, 000291.133, 172
Trd, 000291.617, 169
Trd, 000291.667, 173
Trd, 000291.700, 168
Trd, 000291.850, 174
Trd, 000292.700, 176
Trd, 000293.083, 177
Trd, 000293.133, 184
Trd, 000293.233, 170
Trd, 000293.933, 168
Trd, 000294.033, 171
Trd, 000294.517, 170
Trd, 000294.583, 175
Trd, 000294.617, 167
Trd, 000294.683, 180
Trd, 000294.900, 184
Trd, 000295.050, 187
Trd, 000295.533, 191
Trd, 000295.633, 194
Trd, 000295.800, 197
Trd, 000296.400, 173
Trd, 000296.883, 171
Trd, 000297.417, 170
Trd, 000298.300, 175
Trd, 000298.367, 174
Trd, 000298.733, 174
Trd, 000299.350, 178
Trd, 000299.400, 178
Trd, 000299.683, 205
Trd, 000299.833, 208
