Trd, 000002.617, 151
Trd, 000002.933, 150
Trd, 000003.100, 150
Trd, 000003.400, 151
Trd, 000004.750, 148
Trd, 000004.950, 143
Trd, 000006.500, 158
Trd, 000007.033, 158
Trd, 000007.533, 156
Trd, 000007.833, 158
Trd, 000008.767, 158
Trd, 000009.550, 159
Trd, 000009.800, 157
Trd, 000010.017, 160
Trd, 000010.650, 156
Trd, 000010.667, 156
Trd, 000010.717, 166
Trd, 000010.833, 155
Trd, 000011.300, 168
Trd, 000011.833, 162
Trd, 000012.200, 156
Trd, 000012.567, 163
Trd, 000012.933, 166
Trd, 000013.033, 157
Trd, 000013.783, 169
Trd, 000014.283, 155
Trd, 000015.900, 164
Trd, 000016.700, 163
Trd, 000017.067, 157
Trd, 000018.017, 164
Trd, 000019.817, 160
Trd, 000020.200, 170
Trd, 000020.550, 171
Trd, 000020.650, 159
Trd, 000020.950, 158
Trd, 000021.317, 159
Trd, 000022.050, 164
Trd, 000022.350, 160
Trd, 000023.400, 163
Trd, 000023.650, 166
Trd, 000024.233, 166
Trd, 000024.567, 159
Trd, 000025.833, 158
Trd, 000025.967, 166
Trd, 000026.250, 167
Trd, 000026.783, 166
Trd, 000027.133, 159
Trd, 000027.283, 159
Trd, 000029.067, 164
Trd, 000029.367, 160
Trd, 000030.033, 158
Trd, 000030.367, 161
Trd, 000030.500, 151
Trd, 000030.800, 162
Trd, 000030.917, 134
Trd, 000031.350, 160
Trd, 000032.450, 149
Trd, 000034.250, 157
Trd, 000034.633, 156
Trd, 000034.883, 164
Trd, 000035.017, 153
Trd, 000035.217, 151
Trd, 000035.817, 157
Trd, 000036.633, 160
Trd, 000036.750, 158
Trd, 000038.133, 160
Trd, 000038.850, 169
Trd, 000038.950, 159
Trd, 000039.617, 165
Trd, 000040.300, 167
Trd, 000040.350, 160
Trd, 000040.417, 181
Trd, 000040.967, 161
Trd, 000042.000, 158
Trd, 000043.133, 161
Trd, 000044.150, 163
Trd, 000044.450, 164
Trd, 000044.900, 164
Trd, 000045.150, 164
Trd, 000045.467, 160
Trd, 000045.750, 172
Trd, 000046.300, 183
Trd, 000046.550, 183
Trd, 000047.867, 161
Trd, 000048.217, 165
Trd, 000048.983, 153
Trd, 000049.367, 154
Trd, 000050.150, 158
Trd, 000050.400, 157
Trd, 000051.833, 157
Trd, 000052.517, 156
Trd, 000052.717, 159
Trd, 000053.233, 156
Trd, 000053.850, 157
Trd, 000054.033, 155
Trd, 000054.333, 156
Trd, 000054.417, 155
Trd, 000055.100, 168
Trd, 000056.883, 153
Trd, 000058.183, 165
Trd, 000058.450, 162
Trd, 000059.367, 161
Trd, 000059.450, 159
Trd, 000060.917, 158
Trd, 000061.683, 160
Trd, 000062.233, 160
Trd, 000062.550, 161
Trd, 000063.233, 160
Trd, 000063.667, 159
Trd, 000063.900, 160
Trd, 000064.067, 162
Trd, 000064.467, 160
Trd, 000064.533, 174
Trd, 000066.483, 159
Trd, 000066.750, 159
Trd, 000067.283, 161
Trd, 000068.017, 166
Trd, 000068.467, 164
Trd, 000069.233, 163
Trd, 000069.833, 162
Trd, 000070.433, 164
Trd, 000070.800, 160
Trd, 000071.000, 162
Trd, 000071.633, 160
Trd, 000072.117, 160
Trd, 000072.667, 172
Trd, 000073.433, 166
Trd, 000073.617, 169
Trd, 000073.933, 175
Trd, 000074.317, 166
Trd, 000074.817, 167
Trd, 000075.200, 165
Trd, 000076.000, 166
Trd, 000076.383, 162
Trd, 000076.617, 160
Trd, 000078.200, 167
Trd, 000078.333, 169
Trd, 000078.650, 171
Trd, 000079.283, 173
Trd, 000080.883, 172
Trd, 000081.400, 172
Trd, 000081.750, 171
Trd, 000082.917, 166
Trd, 000083.083, 172
Trd, 000083.100, 165
Trd, 000084.367, 168
Trd, 000084.833, 169
Trd, 000086.567, 172
Trd, 000086.867, 166
Trd, 000086.917, 170
Trd, 000087.517, 166
Trd, 000087.800, 171
Trd, 000088.867, 165
Trd, 000088.967, 164
Trd, 000089.017, 151
Trd, 000089.150, 167
Trd, 000090.433, 170
Trd, 000092.067, 162
Trd, 000092.167, 162
Trd, 000092.617, 169
Trd, 000093.133, 166
Trd, 000093.950, 165
Trd, 000094.033, 162
Trd, 000095.517, 159
Trd, 000095.750, 162
Trd, 000095.833, 163
Trd, 000097.133, 163
Trd, 000098.767, 169
Trd, 000099.250, 165
Trd, 000099.750, 175
Trd, 000099.867, 164
Trd, 000099.883, 178
Trd, 000101.017, 165
Trd, 000101.233, 166
Trd, 000101.667, 161
Trd, 000103.467, 172
Trd, 000103.650, 171
Trd, 000103.767, 169
Trd, 000103.933, 165
Trd, 000105.433, 163
Trd, 000106.083, 166
Trd, 000106.800, 167
Trd, 000107.233, 168
Trd, 000107.433, 169
Trd, 000107.950, 175
Trd, 000108.600, 178
Trd, 000108.750, 166
Trd, 000108.850, 164
Trd, 000109.517, 169
Trd, 000110.233, 165
Trd, 000110.300, 170
Trd, 000111.467, 175
Trd, 000112.750, 172
Trd, 000112.867, 176
Trd, 000113.100, 171
Trd, 000113.467, 170
Trd, 000114.650, 174
Trd, 000115.267, 168
Trd, 000116.033, 170
Trd, 000116.917, 170
Trd, 000117.017, 168
Trd, 000117.117, 176
Trd, 000117.883, 177
Trd, 000117.900, 170
Trd, 000119.100, 169
Trd, 000120.050, 175
Trd, 000120.167, 175
Trd, 000120.450, 178
Trd, 000120.600, 170
Trd, 000120.900, 174
Trd, 000122.033, 171
Trd, 000122.100, 178
Trd, 000122.350, 191
Trd, 000122.367, 196
Trd, 000122.450, 199
Trd, 000122.667, 205
Trd, 000123.550, 324
Trd, 000124.033, 305.0
Trd, 000125.500, 317
Trd, 000125.567, 318
Trd, 000126.817, 332
Trd, 000126.967, 334.0
Trd, 000127.783, 337.0
Trd, 000127.817, 358
Trd, 000127.933, 334
Trd, 000127.950, 333
Trd, 000128.350, 335
Trd, 000128.650, 347
Trd, 000129.283, 347
Trd, 000129.650, 347
Trd, 000130.200, 347
Trd, 000131.467, 343
Trd, 000132.200, 344
Trd, 000132.383, 341
Trd, 000132.883, 360
Trd, 000134.067, 339
Trd, 000134.100, 359
Trd, 000134.550, 359
Trd, 000135.000, 362
Trd, 000136.967, 352
Trd, 000137.083, 351
Trd, 000137.417, 350
Trd, 000137.883, 349
Trd, 000139.333, 348
Trd, 000139.883, 348
Trd, 000140.633, 350
Trd, 000140.917, 349.0
Trd, 000141.067, 348.0
Trd, 000141.900, 350
Trd, 000142.283, 365
Trd, 000142.650, 365
Trd, 000142.800, 353
Trd, 000144.117, 358
Trd, 000144.183, 357
Trd, 000144.200, 352
Trd, 000144.350, 359
Trd, 000145.483, 356
Trd, 000147.433, 355
Trd, 000147.650, 354
Trd, 000148.167, 354
Trd, 000148.850, 352
Trd, 000148.950, 351
Trd, 000149.633, 355
Trd, 000150.150, 357
Trd, 000150.767, 353
Trd, 000151.000, 352
Trd, 000151.533, 353
Trd, 000151.900, 352
Trd, 000152.417, 365
Trd, 000152.800, 352
Trd, 000152.867, 368.0
Trd, 000152.967, 376
Trd, 000154.383, 356
Trd, 000155.817, 362
Trd, 000157.900, 359
Trd, 000158.517, 358
Trd, 000159.200, 359
Trd, 000159.417, 359
Trd, 000159.750, 356
Trd, 000160.200, 355
Trd, 000160.767, 361
Trd, 000160.783, 362
Trd, 000161.017, 356
Trd, 000161.667, 355.0
Trd, 000163.633, 357
Trd, 000163.867, 361
Trd, 000164.650, 356.0
Trd, 000164.817, 355.0
Trd, 000165.633, 356
Trd, 000166.250, 358
Trd, 000166.333, 357
Trd, 000166.517, 358
Trd, 000166.800, 354
Trd, 000166.983, 354
Trd, 000167.167, 348.0
Trd, 000167.817, 346
Trd, 000168.050, 364
Trd, 000169.917, 360
Trd, 000170.267, 348
Trd, 000170.733, 359
Trd, 000171.367, 358
Trd, 000172.667, 352
Trd, 000174.000, 357
Trd, 000174.650, 356.0
Trd, 000175.167, 355
Trd, 000175.250, 355.0
Trd, 000175.667, 358
Trd, 000176.100, 357
Trd, 000176.567, 357
Trd, 000177.083, 358
Trd, 000177.433, 352
Trd, 000178.317, 359
Trd, 000178.517, 349.0
Trd, 000178.950, 350.0
Trd, 000179.283, 363
Trd, 000179.900, 362
Trd, 000180.083, 333.0
Trd, 000180.200, 363
Trd, 000180.900, 364
Trd, 000182.233, 339
Trd, 000182.300, 338
Trd, 000182.383, 337
Trd, 000182.533, 322
Trd, 000183.050, 331.0
Trd, 000183.483, 273
Trd, 000184.033, 237
Trd, 000184.583, 186
Trd, 000184.717, 201
Trd, 000184.917, 180
Trd, 000186.317, 183
Trd, 000186.633, 180
Trd, 000187.667, 182
Trd, 000187.900, 181
Trd, 000189.350, 181
Trd, 000190.717, 180
Trd, 000190.867, 184
Trd, 000191.050, 176
Trd, 000191.367, 184
Trd, 000191.633, 185
Trd, 000192.783, 184
Trd, 000194.667, 176
Trd, 000194.767, 178
Trd, 000194.933, 181
Trd, 000196.217, 179
Trd, 000196.417, 183
Trd, 000197.033, 178
Trd, 000197.500, 179
Trd, 000198.117, 180
Trd, 000198.200, 179
Trd, 000198.350, 178
Trd, 000198.933, 180
Trd, 000199.700, 178
Trd, 000199.833, 177
Trd, 000200.917, 175
Trd, 000200.950, 168
Trd, 000202.367, 169
Trd, 000202.900, 173
Trd, 000203.767, 183
Trd, 000204.300, 169
Trd, 000206.233, 171
Trd, 000206.383, 171
Trd, 000206.467, 174
Trd, 000206.783, 173
Trd, 000207.483, 175
Trd, 000207.933, 176
Trd, 000208.983, 178
Trd, 000209.183, 177
Trd, 000209.800, 183
Trd, 000210.667, 178
Trd, 000211.367, 178
Trd, 000211.683, 178
Trd, 000212.467, 178
Trd, 000213.000, 178
Trd, 000213.467, 176
Trd, 000213.883, 169
Trd, 000213.950, 177
Trd, 000215.450, 174
Trd, 000215.517, 178
Trd, 000216.333, 176
Trd, 000218.200, 179
Trd, 000218.483, 177
Trd, 000219.333, 175
Trd, 000219.717, 176
Trd, 000219.817, 170
Trd, 000221.883, 179
Trd, 000223.183, 179
Trd, 000223.883, 180
Trd, 000224.567, 180
Trd, 000224.833, 187
Trd, 000225.333, 178
Trd, 000225.967, 177
Trd, 000226.100, 177
Trd, 000226.750, 174
Trd, 000226.950, 176
Trd, 000228.367, 178
Trd, 000228.767, 188
Trd, 000229.233, 176
Trd, 000229.317, 177
Trd, 000231.517, 185
Trd, 000231.633, 186
Trd, 000231.800, 184
Trd, 000232.283, 183
Trd, 000232.500, 188
Trd, 000233.283, 182
Trd, 000233.467, 189
Trd, 000234.150, 190
Trd, 000235.700, 181
Trd, 000236.050, 180
Trd, 000237.100, 180
Trd, 000237.317, 181
Trd, 000237.517, 179
Trd, 000237.867, 178
Trd, 000238.967, 176
Trd, 000239.367, 172
Trd, 000240.233, 176
Trd, 000240.350, 177
Trd, 000240.683, 173
Trd, 000240.983, 174
Trd, 000241.100, 172
Trd, 000241.183, 174
Trd, 000242.300, 175
Trd, 000242.533, 174
Trd, 000243.150, 175
Trd, 000243.167, 174
Trd, 000243.233, 189
Trd, 000243.267, 172
Trd, 000243.600, 168
Trd, 000243.783, 161
Trd, 000244.133, 179
Trd, 000244.367, 158
Trd, 000245.333, 173
Trd, 000246.383, 169
Trd, 000246.500, 169
Trd, 000246.717, 168
Trd, 000246.850, 169
Trd, 000247.067, 167
Trd, 000247.717, 161
Trd, 000248.100, 170
Trd, 000248.133, 172
Trd, 000250.017, 167
Trd, 000250.350, 168
Trd, 000250.517, 172
Trd, 000250.550, 172
Trd, 000251.067, 167
Trd, 000251.233, 173
Trd, 000251.367, 167
Trd, 000251.833, 169
Trd, 000252.850, 176
Trd, 000253.150, 178
Trd, 000253.500, 181
Trd, 000254.900, 173
Trd, 000255.333, 174
Trd, 000256.417, 176
Trd, 000256.617, 180
Trd, 000257.383, 184
Trd, 000257.700, 186
Trd, 000258.567, 183
Trd, 000259.050, 182
Trd, 000259.383, 180
Trd, 000259.600, 181
Trd, 000260.183, 181
Trd, 000260.417, 180
Trd, 000261.617, 182
Trd, 000262.133, 175
Trd, 000262.183, 182
Trd, 000262.233, 174
Trd, 000263.983, 186
Trd, 000264.400, 183
Trd, 000264.817, 181
Trd, 000265.383, 178
Trd, 000265.733, 176
Trd, 000265.967, 180
Trd, 000266.550, 176
Trd, 000266.633, 181
Trd, 000267.517, 179
Trd, 000267.750, 180
Trd, 000268.217, 177
Trd, 000268.933, 176
Trd, 000269.683, 175
Trd, 000270.433, 174
Trd, 000270.650, 176
Trd, 000271.017, 173
Trd, 000271.100, 171
Trd, 000271.117, 171
Trd, 000271.433, 174
Trd, 000271.967, 174
Trd, 000272.917, 166
Trd, 000273.017, 168
Trd, 000273.050, 174
Trd, 000273.883, 171
Trd, 000274.033, 172
Trd, 000274.900, 172
Trd, 000275.217, 206
Trd, 000275.533, 199
Trd, 000276.283, 192
Trd, 000276.567, 191
Trd, 000277.650, 186
Trd, 000277.717, 185
Trd, 000278.167, 180
Trd, 000278.833, 164
Trd, 000280.400, 177
Trd, 000280.600, 175
Trd, 000280.800, 173
Trd, 000281.050, 172
Trd, 000281.633, 171
Trd, 000281.650, 166
Trd, 000281.867, 171
Trd, 000282.350, 168
Trd, 000282.967, 170
Trd, 000283.150, 173
Trd, 000283.433, 169
Trd, 000284.800, 172
Trd, 000284.917, 175
Trd, 000285.233, 171
Trd, 000285.933, 171
Trd, 000286.050, 170
Trd, 000286.733, 175
Trd, 000286.800, 175
Trd, 000286.933, 176
Trd, 000286.967, 183
Trd, 000287.367, 179
Trd, 000287.417, 182
Trd, 000287.733, 194
Trd, 000287.833, 179
Trd, 000288.333, 195
Trd, 000288.500, 195
Trd, 000289.783, 183
Trd, 000290.733, 177
Trd, 000291.083, 173
Trd, 000291.117, 172
Trd, 000291.483, 179
Trd, 000291.967, 179
Trd, 000292.650, 174
Trd, 000292.750, 173
Trd, 000292.817, 174
Trd, 000293.000, 173
Trd, 000293.017, 166
Trd, 000293.483, 176
Trd, 000293.717, 177
Trd, 000293.783, 163
Trd, 000294.150, 176
Trd, 000294.917, 175
Trd, 000295.683, 169
Trd, 000296.133, 173
Trd, 000296.550, 173
Trd, 000296.817, 188
Trd, 000297.050, 171
Trd, 000297.283, 170
Trd, 000298.200, 172
Trd, 000298.250, 188
Trd, 000298.617, 193
Trd, 000298.667, 174
Trd, 000298.883, 172
Trd, 000299.167, 170
Trd, 000299.267, 167
