Trd, 000001.317, 150
Trd, 000002.317, 151
Trd, 000003.117, 159
Trd, 000003.400, 162
Trd, 000004.117, 138
Trd, 000004.217, 146
Trd, 000005.233, 141
Trd, 000005.917, 159
Trd, 000006.483, 153
Trd, 000008.033, 152
Trd, 000008.150, 154
Trd, 000009.667, 162
Trd, 000009.800, 152
Trd, 000010.383, 162
Trd, 000012.000, 159
Trd, 000012.100, 153
Trd, 000014.433, 153
Trd, 000014.700, 152
Trd, 000015.017, 152
Trd, 000015.050, 154
Trd, 000015.450, 148
Trd, 000016.933, 151
Trd, 000017.717, 152
Trd, 000017.850, 153
Trd, 000018.650, 152
Trd, 000018.883, 152
Trd, 000020.000, 151
Trd, 000021.267, 151
Trd, 000023.800, 151
Trd, 000024.183, 150
Trd, 000024.433, 150
Trd, 000024.850, 149
Trd, 000025.200, 146
Trd, 000025.583, 143
Trd, 000026.333, 144
Trd, 000026.567, 145
Trd, 000028.817, 141
Trd, 000029.317, 142
Trd, 000029.417, 142
Trd, 000030.033, 142
Trd, 000030.100, 143
Trd, 000031.000, 144
Trd, 000032.050, 146
Trd, 000032.100, 147
Trd, 000033.067, 143
Trd, 000033.083, 144
Trd, 000034.317, 144
Trd, 000035.233, 143
Trd, 000035.400, 144
Trd, 000035.867, 142
Trd, 000036.283, 147
Trd, 000036.350, 154
Trd, 000037.983, 147
Trd, 000038.333, 145
Trd, 000040.150, 148
Trd, 000040.183, 148
Trd, 000040.967, 147
Trd, 000041.850, 146
Trd, 000042.633, 147
Trd, 000043.117, 147
Trd, 000043.367, 146
Trd, 000044.467, 148
Trd, 000044.833, 149
Trd, 000045.083, 146
Trd, 000045.567, 153
Trd, 000046.800, 151
Trd, 000048.050, 155
Trd, 000048.867, 158
Trd, 000049.400, 157
Trd, 000050.783, 154
Trd, 000051.683, 154
Trd, 000052.417, 152
Trd, 000053.500, 150
Trd, 000054.500, 152
Trd, 000054.850, 151
Trd, 000056.500, 150
Trd, 000057.083, 149
Trd, 000057.300, 151
Trd, 000057.950, 151
Trd, 000058.167, 152
Trd, 000060.117, 152
Trd, 000061.850, 150
Trd, 000061.917, 148
Trd, 000062.267, 151
Trd, 000062.917, 155
Trd, 000064.317, 153
Trd, 000065.717, 152
Trd, 000065.800, 150
Trd, 000067.050, 149
Trd, 000067.167, 151
Trd, 000067.283, 157
Trd, 000069.833, 152
Trd, 000071.633, 151
Trd, 000071.983, 151
Trd, 000072.233, 151
Trd, 000072.517, 155
Trd, 000072.800, 153
Trd, 000074.183, 153
Trd, 000074.533, 153
Trd, 000075.417, 153
Trd, 000075.900, 154
Trd, 000076.283, 159
Trd, 000077.233, 153
Trd, 000077.833, 151
Trd, 000077.933, 150
Trd, 000078.517, 159
Trd, 000079.117, 165
Trd, 000079.317, 170
Trd, 000081.433, 150
Trd, 000082.483, 150
Trd, 000082.733, 149
Trd, 000083.283, 149
Trd, 000083.733, 148
Trd, 000083.867, 149
Trd, 000085.017, 150
Trd, 000085.667, 153
Trd, 000086.833, 151
Trd, 000087.667, 151
Trd, 000087.800, 150
Trd, 000088.867, 150
Trd, 000089.550, 150
Trd, 000090.783, 149
Trd, 000091.600, 149
Trd, 000092.467, 150
Trd, 000092.817, 151
Trd, 000093.333, 153
Trd, 000093.533, 152
Trd, 000093.750, 160
Trd, 000094.617, 156
Trd, 000095.333, 159
Trd, 000096.417, 156
Trd, 000097.400, 153
Trd, 000097.467, 154
Trd, 000097.767, 154
Trd, 000097.900, 153
Trd, 000098.933, 148
Trd, 000098.950, 152
Trd, 000099.067, 151
Trd, 000100.083, 154
Trd, 000100.350, 161
Trd, 000102.683, 158
Trd, 000103.267, 159
Trd, 000104.167, 157
Trd, 000104.767, 155
Trd, 000105.567, 157
Trd, 000106.617, 157
Trd, 000107.783, 154
Trd, 000107.950, 155
Trd, 000109.367, 153
Trd, 000110.167, 154
Trd, 000110.233, 154
Trd, 000111.100, 154
Trd, 000112.167, 153
Trd, 000113.217, 150
Trd, 000113.283, 150
Trd, 000114.150, 151
Trd, 000115.017, 151
Trd, 000115.950, 150
Trd, 000116.000, 149
Trd, 000117.033, 152
Trd, 000117.567, 153
Trd, 000119.183, 156
Trd, 000119.400, 149
Trd, 000121.283, 158
Trd, 000121.667, 156
Trd, 000121.767, 156
Trd, 000122.000, 157
Trd, 000122.100, 158
Trd, 000122.367, 170
Trd, 000122.667, 174
Trd, 000123.150, 183
Trd, 000123.733, 187
Trd, 000123.850, 201
Trd, 000124.367, 262
Trd, 000124.733, 331.0
Trd, 000125.667, 314
Trd, 000125.883, 315
Trd, 000126.000, 331
Trd, 000127.817, 332
Trd, 000127.967, 335
Trd, 000128.800, 336
Trd, 000129.533, 333
Trd, 000132.050, 336
Trd, 000132.650, 336
Trd, 000133.600, 337
Trd, 000134.017, 338
Trd, 000134.400, 335
Trd, 000135.200, 336
Trd, 000135.383, 345
Trd, 000135.767, 351.0
Trd, 000136.167, 350
Trd, 000137.850, 349
Trd, 000137.983, 346
Trd, 000138.817, 354
Trd, 000139.533, 338
Trd, 000140.550, 355
Trd, 000142.150, 344
Trd, 000142.733, 345
Trd, 000143.150, 345
Trd, 000143.633, 344
Trd, 000143.650, 346
Trd, 000145.050, 350.0
Trd, 000145.367, 344
Trd, 000146.133, 345
Trd, 000147.367, 347.0
Trd, 000148.100, 345.0
Trd, 000148.550, 346.0
Trd, 000149.400, 349
Trd, 000150.217, 346
Trd, 000150.283, 350.0
Trd, 000150.683, 345
Trd, 000154.017, 342
Trd, 000154.083, 340
Trd, 000154.783, 340
Trd, 000154.817, 341
Trd, 000155.133, 343
Trd, 000155.467, 345
Trd, 000156.283, 347
Trd, 000157.367, 348.0
Trd, 000157.850, 342
Trd, 000159.067, 344.0
Trd, 000159.200, 343
Trd, 000159.417, 345
Trd, 000160.183, 348
Trd, 000162.783, 343
Trd, 000163.117, 343
Trd, 000164.000, 337.0
Trd, 000164.400, 338.0
Trd, 000164.817, 339.0
Trd, 000166.633, 341.0
Trd, 000167.567, 342
Trd, 000168.333, 346
Trd, 000168.950, 345
Trd, 000169.767, 346
Trd, 000172.183, 341.0
Trd, 000173.467, 340
Trd, 000174.267, 340
Trd, 000174.450, 340
Trd, 000174.667, 339
Trd, 000175.017, 338
Trd, 000176.700, 338.0
Trd, 000176.883, 337.0
Trd, 000177.533, 341.0
Trd, 000178.083, 344
Trd, 000179.333, 344
Trd, 000180.233, 340
Trd, 000180.567, 340
Trd, 000181.550, 339
Trd, 000181.817, 339.0
Trd, 000182.050, 337
Trd, 000182.100, 336
Trd, 000182.233, 335
Trd, 000182.517, 334.0
Trd, 000182.583, 326
Trd, 000182.617, 310.0
Trd, 000182.717, 303.0
Trd, 000183.467, 299
Trd, 000183.967, 312
Trd, 000184.250, 298
Trd, 000184.367, 203
Trd, 000184.567, 201
Trd, 000188.383, 186
Trd, 000190.000, 184
Trd, 000190.483, 184
Trd, 000191.067, 184
Trd, 000191.083, 181
Trd, 000192.350, 169
Trd, 000192.850, 166
Trd, 000193.000, 166
Trd, 000193.817, 167
Trd, 000193.967, 170
Trd, 000194.100, 171
Trd, 000195.867, 169
Trd, 000196.033, 166
Trd, 000198.750, 168
Trd, 000198.983, 167
Trd, 000199.750, 166
Trd, 000199.900, 165
Trd, 000200.000, 167
Trd, 000201.383, 164
Trd, 000201.700, 167
Trd, 000202.100, 166
Trd, 000202.733, 161
Trd, 000203.383, 160
Trd, 000204.317, 158
Trd, 000205.083, 165
Trd, 000206.000, 164
Trd, 000206.617, 164
Trd, 000207.367, 161
Trd, 000208.067, 162
Trd, 000210.483, 162
Trd, 000210.533, 163
Trd, 000210.567, 161
Trd, 000210.617, 162
Trd, 000211.383, 164
Trd, 000212.050, 165
Trd, 000212.183, 172
Trd, 000214.933, 163
Trd, 000215.783, 161
Trd, 000215.917, 162
Trd, 000216.383, 160
Trd, 000216.517, 161
Trd, 000216.717, 160
Trd, 000216.750, 166
Trd, 000216.817, 172
Trd, 000218.117, 162
Trd, 000218.350, 163
Trd, 000219.333, 159
Trd, 000219.483, 163
Trd, 000219.900, 162
Trd, 000220.900, 160
Trd, 000221.450, 160
Trd, 000223.150, 160
Trd, 000223.500, 159
Trd, 000224.450, 159
Trd, 000224.600, 160
Trd, 000225.333, 160
Trd, 000225.917, 161
Trd, 000226.000, 166
Trd, 000226.133, 184
Trd, 000227.650, 165
Trd, 000227.850, 174
Trd, 000229.367, 164
Trd, 000230.550, 164
Trd, 000230.917, 163
Trd, 000231.200, 164
Trd, 000231.350, 165
Trd, 000231.783, 167
Trd, 000233.067, 169
Trd, 000234.817, 169
Trd, 000235.000, 165
Trd, 000235.217, 170
Trd, 000236.683, 165
Trd, 000236.717, 166
Trd, 000237.150, 163
Trd, 000237.350, 165
Trd, 000238.400, 165
Trd, 000238.667, 164
Trd, 000238.867, 163
Trd, 000239.517, 162
Trd, 000239.900, 162
Trd, 000240.017, 163
Trd, 000240.150, 168
Trd, 000240.583, 173
Trd, 000241.333, 166
Trd, 000241.583, 167
Trd, 000241.750, 164
Trd, 000242.117, 166
Trd, 000242.267, 172
Trd, 000242.583, 169
Trd, 000244.133, 170
Trd, 000244.283, 172
Trd, 000245.033, 169
Trd, 000245.217, 169
Trd, 000245.317, 168
Trd, 000245.433, 166
Trd, 000246.033, 166
Trd, 000246.600, 168
Trd, 000246.750, 166
Trd, 000246.800, 169
Trd, 000246.833, 164
Trd, 000248.017, 169
Trd, 000249.133, 175
Trd, 000249.200, 176
Trd, 000250.183, 171
Trd, 000250.500, 170
Trd, 000250.617, 170
Trd, 000251.417, 170
Trd, 000251.550, 169
Trd, 000251.867, 173
Trd, 000252.083, 171
Trd, 000252.567, 169
Trd, 000253.217, 168
Trd, 000253.250, 168
Trd, 000254.567, 167
Trd, 000255.100, 165
Trd, 000255.350, 166
Trd, 000255.783, 165
Trd, 000256.117, 166
Trd, 000256.383, 169
Trd, 000257.650, 166
Trd, 000257.883, 166
Trd, 000257.917, 168
Trd, 000258.283, 168
Trd, 000259.100, 167
Trd, 000259.500, 167
Trd, 000259.650, 169
Trd, 000259.800, 166
Trd, 000260.967, 169
Trd, 000261.267, 170
Trd, 000262.650, 168
Trd, 000262.983, 165
Trd, 000263.067, 166
Trd, 000263.783, 164
Trd, 000264.050, 163
Trd, 000264.283, 165
Trd, 000264.350, 166
Trd, 000264.867, 166
Trd, 000265.000, 167
Trd, 000265.633, 168
Trd, 000265.800, 170
Trd, 000266.467, 172
Trd, 000267.783, 167
Trd, 000267.800, 172
Trd, 000268.167, 172
Trd, 000268.700, 172
Trd, 000268.933, 166
Trd, 000269.183, 165
Trd, 000270.017, 171
Trd, 000270.383, 165
Trd, 000271.100, 166
Trd, 000271.183, 167
Trd, 000272.350, 167
Trd, 000272.383, 168
Trd, 000273.333, 166
Trd, 000273.833, 167
Trd, 000273.933, 170
Trd, 000274.533, 165
Trd, 000275.283, 164
Trd, 000276.333, 162
Trd, 000276.450, 168
Trd, 000276.800, 166
Trd, 000276.983, 163
Trd, 000277.117, 168
Trd, 000277.300, 169
Trd, 000277.383, 170
Trd, 000277.667, 172
Trd, 000277.933, 176
Trd, 000278.150, 171
Trd, 000278.417, 169
Trd, 000279.033, 171
Trd, 000279.383, 172
Trd, 000279.667, 166
Trd, 000280.217, 170
Trd, 000281.250, 171
Trd, 000281.617, 170
Trd, 000281.800, 173
Trd, 000283.250, 175
Trd, 000284.167, 178
Trd, 000284.433, 169
Trd, 000284.800, 172
Trd, 000284.883, 175
Trd, 000284.983, 170
Trd, 000285.067, 175
Trd, 000285.383, 176
Trd, 000285.683, 171
Trd, 000287.700, 173
Trd, 000287.917, 174
Trd, 000287.950, 176
Trd, 000288.717, 179
Trd, 000289.217, 177
Trd, 000289.483, 186
Trd, 000289.767, 174
Trd, 000290.533, 180
Trd, 000291.083, 180
Trd, 000291.133, 182
Trd, 000291.233, 177
Trd, 000291.250, 172
Trd, 000291.783, 174
Trd, 000292.633, 173
Trd, 000292.717, 172
Trd, 000293.000, 174
Trd, 000294.433, 173
Trd, 000294.667, 174
Trd, 000295.000, 173
Trd, 000295.233, 167
Trd, 000295.433, 166
Trd, 000295.750, 170
Trd, 000295.783, 173
Trd, 000296.050, 173
Trd, 000296.933, 170
Trd, 000297.000, 171
Trd, 000297.050, 173
Trd, 000297.233, 167
Trd, 000299.317, 170
