Trd, 000001.283, 124
Trd, 000001.950, 146
Trd, 000003.400, 161
Trd, 000003.450, 151
Trd, 000004.267, 159
Trd, 000004.483, 167
Trd, 000005.050, 155
Trd, 000006.433, 148
Trd, 000007.133, 141
Trd, 000007.367, 155
Trd, 000009.117, 155
Trd, 000009.683, 156
Trd, 000010.150, 156
Trd, 000010.850, 154
Trd, 000011.350, 158
Trd, 000011.783, 155
Trd, 000013.017, 152
Trd, 000013.233, 151
Trd, 000013.767, 156
Trd, 000014.217, 152
Trd, 000014.400, 159
Trd, 000014.633, 163
Trd, 000016.567, 157
Trd, 000018.717, 153
Trd, 000018.983, 157
Trd, 000019.633, 150
Trd, 000020.167, 158
Trd, 000021.033, 153
Trd, 000021.800, 155
Trd, 000022.400, 156
Trd, 000022.550, 157
Trd, 000022.833, 159
Trd, 000023.283, 155
Trd, 000024.050, 159
Trd, 000024.150, 154
Trd, 000024.967, 156
Trd, 000025.117, 159
Trd, 000025.667, 160
Trd, 000025.983, 158
Trd, 000026.767, 162
Trd, 000028.500, 165
Trd, 000028.867, 162
Trd, 000029.400, 162
Trd, 000030.033, 163
Trd, 000030.050, 165
Trd, 000031.300, 165
Trd, 000031.683, 166
Trd, 000031.917, 164
Trd, 000032.183, 161
Trd, 000033.633, 164
Trd, 000033.783, 164
Trd, 000034.100, 164
Trd, 000036.067, 166
Trd, 000037.400, 167
Trd, 000037.900, 163
Trd, 000038.033, 165
Trd, 000038.300, 166
Trd, 000039.367, 167
Trd, 000039.450, 168
Trd, 000042.800, 168
Trd, 000042.833, 166
Trd, 000043.250, 165
Trd, 000043.433, 168
Trd, 000044.333, 162
Trd, 000044.667, 165
Trd, 000045.100, 160
Trd, 000045.267, 162
Trd, 000046.683, 162
Trd, 000048.150, 162
Trd, 000048.250, 164
Trd, 000048.850, 164
Trd, 000049.017, 167
Trd, 000049.183, 162
Trd, 000050.217, 162
Trd, 000051.217, 163
Trd, 000051.400, 169
Trd, 000051.933, 169
Trd, 000051.967, 172
Trd, 000052.100, 168
Trd, 000052.983, 169
Trd, 000053.767, 169
Trd, 000055.100, 168
Trd, 000056.583, 168
Trd, 000057.783, 167
Trd, 000057.800, 166
Trd, 000057.883, 168
Trd, 000059.600, 166
Trd, 000060.483, 166
Trd, 000060.517, 169
Trd, 000060.550, 170
Trd, 000060.833, 165
Trd, 000060.983, 164
Trd, 000061.450, 166
Trd, 000063.283, 161
Trd, 000063.900, 162
Trd, 000064.050, 159
Trd, 000064.500, 162
Trd, 000065.000, 164
Trd, 000066.150, 157
Trd, 000066.383, 164
Trd, 000067.050, 164
Trd, 000067.683, 157
Trd, 000067.717, 172
Trd, 000068.950, 173
Trd, 000069.950, 167
Trd, 000071.533, 162
Trd, 000071.867, 168
Trd, 000071.933, 161
Trd, 000073.633, 165
Trd, 000074.850, 164
Trd, 000075.017, 166
Trd, 000075.417, 165
Trd, 000076.950, 166
Trd, 000077.083, 164
Trd, 000077.917, 169
Trd, 000078.300, 169
Trd, 000078.950, 167
Trd, 000080.500, 167
Trd, 000081.283, 168
Trd, 000081.300, 168
Trd, 000082.367, 170
Trd, 000083.083, 173
Trd, 000084.217, 167
Trd, 000084.400, 179
Trd, 000085.467, 169
Trd, 000086.283, 170
Trd, 000086.767, 170
Trd, 000086.967, 170
Trd, 000087.600, 167
Trd, 000088.167, 165
Trd, 000089.200, 165
Trd, 000089.600, 166
Trd, 000090.017, 167
Trd, 000090.500, 173
Trd, 000090.600, 174
Trd, 000091.867, 171
Trd, 000092.750, 167
Trd, 000093.700, 167
Trd, 000094.067, 167
Trd, 000094.533, 166
Trd, 000094.567, 168
Trd, 000095.817, 168
Trd, 000097.367, 166
Trd, 000097.817, 166
Trd, 000098.000, 167
Trd, 000098.350, 169
Trd, 000099.367, 165
Trd, 000100.917, 165
Trd, 000102.950, 168
Trd, 000103.417, 168
Trd, 000104.883, 168
Trd, 000105.200, 168
Trd, 000106.417, 165
Trd, 000106.450, 164
Trd, 000107.033, 169
Trd, 000107.600, 172
Trd, 000108.933, 165
Trd, 000109.117, 159
Trd, 000109.383, 169
Trd, 000110.350, 168
Trd, 000111.517, 169
Trd, 000111.650, 164
Trd, 000113.267, 167
Trd, 000113.617, 167
Trd, 000114.067, 166
Trd, 000115.317, 165
Trd, 000116.233, 165
Trd, 000117.000, 167
Trd, 000117.483, 169
Trd, 000118.517, 167
Trd, 000119.050, 170
Trd, 000119.117, 170
Trd, 000120.817, 170
Trd, 000121.317, 177
Trd, 000121.333, 168
Trd, 000121.483, 180
Trd, 000121.717, 178
Trd, 000121.833, 174
Trd, 000122.383, 184
Trd, 000122.450, 201
Trd, 000122.900, 208
Trd, 000122.933, 180
Trd, 000123.033, 212
Trd, 000123.800, 329
Trd, 000124.300, 333
Trd, 000124.467, 358.0
Trd, 000125.067, 337
Trd, 000126.800, 347
Trd, 000127.833, 349
Trd, 000128.117, 343
Trd, 000128.350, 362.0
Trd, 000129.767, 350
Trd, 000130.500, 343
Trd, 000132.200, 351
Trd, 000132.483, 351
Trd, 000132.750, 350.0
Trd, 000133.267, 353
Trd, 000134.083, 355.0
Trd, 000135.950, 351
Trd, 000136.033, 350
Trd, 000136.183, 358.0
Trd, 000136.417, 351
Trd, 000137.700, 354
Trd, 000137.900, 357
Trd, 000138.217, 350.0
Trd, 000138.733, 361.0
Trd, 000139.017, 361
Trd, 000139.117, 349
Trd, 000142.483, 357
Trd, 000142.967, 349
Trd, 000144.800, 350
Trd, 000144.933, 352
Trd, 000146.133, 355
Trd, 000146.333, 350
Trd, 000147.333, 351
Trd, 000148.350, 356
Trd, 000150.300, 355.0
Trd, 000150.617, 358.0
Trd, 000152.100, 356
Trd, 000153.417, 352.0
Trd, 000154.367, 350
Trd, 000154.700, 355.0
Trd, 000155.483, 355
Trd, 000156.867, 351
Trd, 000157.467, 352
Trd, 000157.700, 354
Trd, 000159.900, 357
Trd, 000160.950, 356
Trd, 000161.500, 357.0
Trd, 000162.050, 350
Trd, 000162.317, 357
Trd, 000162.550, 350
Trd, 000163.200, 348.0
Trd, 000163.500, 358.0
Trd, 000163.667, 365.0
Trd, 000164.050, 350
Trd, 000165.117, 349
Trd, 000167.600, 351.0
Trd, 000167.767, 358
Trd, 000168.083, 346
Trd, 000169.017, 357
Trd, 000169.850, 354
Trd, 000169.867, 355
Trd, 000170.400, 356
Trd, 000171.617, 356
Trd, 000172.400, 356
Trd, 000172.467, 351.0
Trd, 000176.100, 355.0
Trd, 000176.350, 356
Trd, 000177.833, 356
Trd, 000177.967, 358
Trd, 000178.083, 356
Trd, 000178.300, 359
Trd, 000179.733, 356.0
Trd, 000179.800, 358.0
Trd, 000180.517, 359
Trd, 000181.683, 352
Trd, 000182.233, 354
Trd, 000182.300, 351.0
Trd, 000182.600, 352
Trd, 000182.783, 327
Trd, 000182.867, 307
Trd, 000182.967, 303.0
Trd, 000184.183, 254
Trd, 000184.800, 214
Trd, 000185.100, 216
Trd, 000185.717, 190
Trd, 000186.200, 212
Trd, 000187.067, 180
Trd, 000187.300, 180
Trd, 000188.017, 175
Trd, 000188.667, 178
Trd, 000188.983, 181
Trd, 000189.500, 180
Trd, 000189.983, 186
Trd, 000190.717, 179
Trd, 000191.867, 181
Trd, 000192.633, 179
Trd, 000193.700, 185
Trd, 000194.700, 181
Trd, 000194.850, 180
Trd, 000194.883, 178
Trd, 000197.033, 177
Trd, 000198.250, 173
Trd, 000200.267, 178
Trd, 000200.717, 177
Trd, 000201.833, 176
Trd, 000202.417, 176
Trd, 000202.683, 176
Trd, 000203.750, 177
Trd, 000205.133, 178
Trd, 000206.400, 176
Trd, 000207.717, 177
Trd, 000207.983, 176
Trd, 000208.833, 177
Trd, 000209.700, 183
Trd, 000210.517, 178
Trd, 000211.367, 180
Trd, 000211.867, 180
Trd, 000212.000, 179
Trd, 000212.483, 178
Trd, 000212.500, 189
Trd, 000214.550, 176
Trd, 000214.650, 178
Trd, 000215.433, 179
Trd, 000216.783, 179
Trd, 000218.567, 177
Trd, 000219.200, 180
Trd, 000220.983, 179
Trd, 000221.767, 177
Trd, 000221.933, 176
Trd, 000222.400, 179
Trd, 000223.150, 178
Trd, 000223.283, 177
Trd, 000224.383, 177
Trd, 000225.617, 177
Trd, 000225.867, 177
Trd, 000226.150, 180
Trd, 000227.483, 182
Trd, 000228.100, 177
Trd, 000228.467, 183
Trd, 000229.717, 177
Trd, 000229.767, 176
Trd, 000230.150, 183
Trd, 000230.700, 183
Trd, 000231.117, 175
Trd, 000232.450, 180
Trd, 000232.483, 181
Trd, 000233.433, 177
Trd, 000234.333, 181
Trd, 000234.683, 176
Trd, 000235.400, 181
Trd, 000236.250, 182
Trd, 000238.383, 181
Trd, 000238.867, 182
Trd, 000239.700, 181
Trd, 000240.100, 179
Trd, 000240.117, 178
Trd, 000240.133, 181
Trd, 000240.367, 183
Trd, 000240.800, 182
Trd, 000241.767, 179
Trd, 000241.850, 182
Trd, 000242.000, 183
Trd, 000242.650, 176
Trd, 000242.983, 176
Trd, 000243.717, 176
Trd, 000244.050, 176
Trd, 000245.250, 175
Trd, 000245.950, 177
Trd, 000246.483, 178
Trd, 000246.500, 174
Trd, 000247.050, 176
Trd, 000247.333, 179
Trd, 000247.450, 179
Trd, 000248.750, 180
Trd, 000248.950, 182
Trd, 000248.967, 182
Trd, 000250.233, 178
Trd, 000251.233, 182
Trd, 000251.350, 182
Trd, 000251.550, 182
Trd, 000251.750, 183
Trd, 000251.817, 183
Trd, 000252.683, 181
Trd, 000252.817, 184
Trd, 000253.167, 185
Trd, 000253.817, 182
Trd, 000254.150, 182
Trd, 000254.400, 182
Trd, 000255.217, 181
Trd, 000256.233, 176
Trd, 000256.717, 182
Trd, 000257.850, 181
Trd, 000258.083, 181
Trd, 000258.283, 183
Trd, 000258.583, 180
Trd, 000259.033, 179
Trd, 000259.133, 183
Trd, 000259.333, 180
Trd, 000260.017, 183
Trd, 000261.017, 179
Trd, 000261.267, 183
Trd, 000261.917, 181
Trd, 000262.167, 180
Trd, 000262.567, 183
Trd, 000263.250, 182
Trd, 000264.100, 178
Trd, 000264.383, 184
Trd, 000264.817, 191
Trd, 000264.867, 182
Trd, 000265.633, 186
Trd, 000265.733, 182
Trd, 000266.233, 177
Trd, 000266.967, 180
Trd, 000267.033, 181
Trd, 000267.083, 183
Trd, 000267.800, 179
Trd, 000268.733, 182
Trd, 000269.050, 192
Trd, 000269.617, 185
Trd, 000269.850, 180
Trd, 000271.183, 179
Trd, 000272.550, 183
Trd, 000273.183, 181
Trd, 000273.300, 178
Trd, 000273.333, 182
Trd, 000274.067, 178
Trd, 000274.750, 181
Trd, 000275.233, 180
Trd, 000275.750, 183
Trd, 000275.817, 179
Trd, 000276.800, 179
Trd, 000278.200, 182
Trd, 000278.233, 185
Trd, 000278.400, 190
Trd, 000278.600, 190
Trd, 000279.300, 191
Trd, 000279.417, 192
Trd, 000279.983, 190
Trd, 000280.633, 190
Trd, 000280.933, 190
Trd, 000281.117, 189
Trd, 000282.333, 188
Trd, 000282.933, 183
Trd, 000283.300, 191
Trd, 000283.633, 192
Trd, 000284.967, 192
Trd, 000285.383, 185
Trd, 000285.617, 186
Trd, 000286.583, 184
Trd, 000287.000, 181
Trd, 000287.117, 186
Trd, 000287.217, 178
Trd, 000287.317, 190
Trd, 000287.850, 177
Trd, 000287.950, 181
Trd, 000288.300, 183
Trd, 000289.150, 177
Trd, 000289.517, 190
Trd, 000290.033, 177
Trd, 000290.817, 178
Trd, 000290.983, 176
Trd, 000291.067, 186
Trd, 000291.233, 169
Trd, 000291.317, 187
Trd, 000291.733, 186
Trd, 000292.450, 174
Trd, 000292.717, 186
Trd, 000293.117, 175
Trd, 000293.367, 191
Trd, 000293.500, 173
Trd, 000293.600, 194
Trd, 000293.767, 197
Trd, 000294.317, 201
Trd, 000296.717, 186
Trd, 000296.850, 185
Trd, 000297.233, 184
Trd, 000297.800, 187
Trd, 000298.317, 185
Trd, 000298.883, 183
Trd, 000299.050, 188
Trd, 000299.483, 188
Trd, 000299.767, 189
