Trd, 000002.100, 127
Trd, 000003.083, 135
Trd, 000003.217, 136
Trd, 000003.617, 127
Trd, 000003.833, 170
Trd, 000004.717, 153
Trd, 000005.217, 159
Trd, 000005.717, 159
Trd, 000005.733, 159
Trd, 000005.883, 162
Trd, 000006.150, 137
Trd, 000006.650, 163
Trd, 000007.933, 156
Trd, 000008.133, 156
Trd, 000008.233, 157
Trd, 000010.500, 144
Trd, 000011.050, 145
Trd, 000011.183, 145
Trd, 000012.117, 154
Trd, 000012.500, 155
Trd, 000012.533, 150
Trd, 000013.200, 160
Trd, 000013.433, 156
Trd, 000015.050, 150
Trd, 000016.700, 154
Trd, 000016.767, 155
Trd, 000017.233, 154
Trd, 000017.450, 150
Trd, 000018.467, 154
Trd, 000018.683, 150
Trd, 000018.833, 156
Trd, 000019.000, 157
Trd, 000019.050, 136
Trd, 000020.017, 158
Trd, 000020.317, 161
Trd, 000020.433, 157
Trd, 000021.650, 159
Trd, 000022.167, 157
Trd, 000022.367, 164
Trd, 000023.117, 162
Trd, 000023.200, 151
Trd, 000023.550, 150
Trd, 000023.583, 139
Trd, 000025.300, 150
Trd, 000025.333, 159
Trd, 000025.767, 158
Trd, 000026.850, 159
Trd, 000027.783, 153
Trd, 000028.083, 151
Trd, 000029.250, 147
Trd, 000029.750, 148
Trd, 000030.933, 153
Trd, 000031.017, 156
Trd, 000031.850, 154
Trd, 000032.267, 152
Trd, 000032.817, 152
Trd, 000033.367, 154
Trd, 000034.417, 154
Trd, 000035.017, 152
Trd, 000035.617, 151
Trd, 000035.700, 156
Trd, 000036.317, 152
Trd, 000036.650, 157
Trd, 000037.533, 156
Trd, 000037.850, 148
Trd, 000037.967, 157
Trd, 000039.217, 157
Trd, 000039.867, 157
Trd, 000040.067, 154
Trd, 000040.117, 159
Trd, 000042.017, 154
Trd, 000042.200, 152
Trd, 000042.717, 148
Trd, 000042.767, 154
Trd, 000042.917, 151
Trd, 000043.367, 152
Trd, 000044.200, 152
Trd, 000045.383, 158
Trd, 000045.883, 152
Trd, 000046.117, 154
Trd, 000046.250, 152
Trd, 000046.633, 158
Trd, 000046.683, 159
Trd, 000048.150, 160
Trd, 000048.367, 158
Trd, 000050.183, 160
Trd, 000050.267, 160
Trd, 000050.350, 157
Trd, 000051.033, 162
Trd, 000051.883, 155
Trd, 000052.183, 163
Trd, 000052.650, 160
Trd, 000054.483, 156
Trd, 000054.800, 157
Trd, 000054.867, 160
Trd, 000054.883, 155
Trd, 000054.917, 155
Trd, 000055.067, 153
Trd, 000056.083, 150
Trd, 000056.433, 152
Trd, 000056.583, 157
Trd, 000056.767, 159
Trd, 000056.783, 160
Trd, 000056.867, 167
Trd, 000057.367, 191
Trd, 000058.133, 162
Trd, 000059.400, 162
Trd, 000061.300, 161
Trd, 000061.750, 163
Trd, 000062.300, 157
Trd, 000062.700, 160
Trd, 000063.250, 160
Trd, 000064.233, 160
Trd, 000064.650, 161
Trd, 000065.200, 160
Trd, 000065.333, 159
Trd, 000065.583, 160
Trd, 000066.033, 159
Trd, 000066.183, 154
Trd, 000067.100, 158
Trd, 000068.117, 144
Trd, 000068.650, 151
Trd, 000068.933, 151
Trd, 000069.017, 150
Trd, 000070.967, 157
Trd, 000071.233, 158
Trd, 000071.400, 162
Trd, 000071.883, 155
Trd, 000072.600, 158
Trd, 000072.733, 154
Trd, 000072.767, 151
Trd, 000074.150, 157
Trd, 000075.550, 157
Trd, 000075.633, 157
Trd, 000076.200, 157
Trd, 000076.933, 158
Trd, 000077.300, 160
Trd, 000077.717, 161
Trd, 000078.117, 162
Trd, 000078.317, 160
Trd, 000078.667, 157
Trd, 000079.217, 170
Trd, 000079.600, 171
Trd, 000080.667, 158
Trd, 000081.383, 157
Trd, 000081.450, 156
Trd, 000081.483, 165
Trd, 000081.850, 163
Trd, 000082.267, 156
Trd, 000082.600, 155
Trd, 000083.333, 156
Trd, 000084.633, 154
Trd, 000085.583, 155
Trd, 000086.317, 154
Trd, 000086.817, 155
Trd, 000086.850, 159
Trd, 000087.250, 161
Trd, 000087.683, 156
Trd, 000087.867, 155
Trd, 000088.100, 163
Trd, 000088.950, 159
Trd, 000089.450, 162
Trd, 000089.533, 166
Trd, 000091.200, 150
Trd, 000091.300, 160
Trd, 000091.983, 153
Trd, 000092.933, 161
Trd, 000093.150, 168
Trd, 000093.917, 157
Trd, 000094.467, 163
Trd, 000095.600, 158
Trd, 000095.933, 163
Trd, 000096.050, 164
Trd, 000096.117, 157
Trd, 000096.200, 171
Trd, 000096.383, 157
Trd, 000098.633, 162
Trd, 000099.400, 163
Trd, 000099.567, 161
Trd, 000099.750, 163
Trd, 000099.783, 160
Trd, 000099.883, 158
Trd, 000100.133, 164
Trd, 000101.567, 152
Trd, 000102.100, 153
Trd, 000102.117, 154
Trd, 000102.333, 157
Trd, 000102.433, 162
Trd, 000102.717, 165
Trd, 000103.633, 154
Trd, 000104.133, 155
Trd, 000104.400, 152
Trd, 000104.800, 153
Trd, 000105.800, 149
Trd, 000106.267, 155
Trd, 000107.017, 168
Trd, 000107.217, 173
Trd, 000108.100, 169
Trd, 000108.533, 167
Trd, 000109.650, 163
Trd, 000109.733, 164
Trd, 000109.917, 148
Trd, 000110.233, 164
Trd, 000110.450, 166
Trd, 000111.883, 165
Trd, 000111.950, 157
Trd, 000111.983, 138
Trd, 000112.050, 166
Trd, 000112.150, 167
Trd, 000112.283, 138
Trd, 000112.850, 197
Trd, 000113.500, 182
Trd, 000115.683, 179
Trd, 000115.983, 178
Trd, 000116.883, 141
Trd, 000117.600, 165
Trd, 000117.867, 166
Trd, 000118.550, 164
Trd, 000118.817, 166
Trd, 000119.250, 165
Trd, 000120.450, 149
Trd, 000120.817, 167
Trd, 000121.267, 149
Trd, 000121.583, 156
Trd, 000121.867, 171
Trd, 000121.883, 174
Trd, 000123.317, 198
Trd, 000123.900, 208
Trd, 000123.933, 238
Trd, 000125.117, 310.0
Trd, 000125.483, 309
Trd, 000125.517, 324.0
Trd, 000126.917, 325.0
Trd, 000127.183, 327.0
Trd, 000127.967, 341
Trd, 000128.017, 344.0
Trd, 000129.250, 333
Trd, 000129.667, 333
Trd, 000130.000, 332
Trd, 000130.350, 342
Trd, 000131.550, 342.0
Trd, 000132.233, 341
Trd, 000132.633, 343
Trd, 000132.700, 362.0
Trd, 000134.117, 355.0
Trd, 000134.233, 347
Trd, 000134.717, 358
Trd, 000134.783, 347
Trd, 000138.000, 350
Trd, 000138.400, 348.0
Trd, 000138.683, 354
Trd, 000138.767, 349
Trd, 000139.067, 353
Trd, 000139.167, 353
Trd, 000139.367, 342
Trd, 000140.517, 355.0
Trd, 000140.883, 348
Trd, 000141.200, 355.0
Trd, 000142.633, 349
Trd, 000142.650, 359
Trd, 000143.317, 360
Trd, 000143.417, 362.0
Trd, 000144.300, 357
Trd, 000146.167, 359
Trd, 000146.317, 358
Trd, 000146.550, 355.0
Trd, 000146.800, 349.0
Trd, 000147.583, 361
Trd, 000147.867, 362
Trd, 000147.933, 358
Trd, 000149.400, 358
Trd, 000151.217, 356
Trd, 000151.383, 348.0
Trd, 000151.717, 349
Trd, 000152.050, 357
Trd, 000152.217, 349
Trd, 000152.317, 355.0
Trd, 000152.600, 359
Trd, 000153.050, 337.0
Trd, 000155.200, 351
Trd, 000155.950, 346
Trd, 000156.067, 353
Trd, 000156.683, 351
Trd, 000157.000, 337.0
Trd, 000157.500, 352
Trd, 000157.550, 330
Trd, 000159.017, 344.0
Trd, 000159.550, 353
Trd, 000160.333, 348
Trd, 000160.583, 347
Trd, 000161.583, 349
Trd, 000161.650, 347
Trd, 000161.900, 343
Trd, 000162.300, 341
Trd, 000162.883, 343
Trd, 000163.217, 353
Trd, 000164.217, 355.0
Trd, 000165.267, 357
Trd, 000165.800, 355.0
Trd, 000166.267, 356
Trd, 000166.433, 351
Trd, 000167.333, 348.0
Trd, 000168.750, 350
Trd, 000169.017, 351
Trd, 000169.150, 355.0
Trd, 000169.767, 349
Trd, 000170.433, 348.0
Trd, 000171.000, 353
Trd, 000171.083, 339.0
Trd, 000173.750, 350
Trd, 000173.900, 352
Trd, 000174.167, 346
Trd, 000174.400, 355.0
Trd, 000174.500, 339.0
Trd, 000175.367, 356
Trd, 000176.167, 344
Trd, 000176.217, 342
Trd, 000177.883, 342
Trd, 000178.450, 342.0
Trd, 000179.250, 330
Trd, 000179.633, 327
Trd, 000179.667, 326
Trd, 000180.650, 333
Trd, 000180.700, 335
Trd, 000181.850, 327.0
Trd, 000182.100, 331
Trd, 000182.167, 332
Trd, 000183.067, 327.0
Trd, 000183.083, 324.0
Trd, 000183.100, 316
Trd, 000183.283, 306.0
Trd, 000183.317, 295
Trd, 000183.383, 299
Trd, 000183.683, 258
Trd, 000183.817, 204
Trd, 000184.617, 196
Trd, 000184.733, 216
Trd, 000185.150, 206
Trd, 000185.600, 204
Trd, 000185.617, 195
Trd, 000185.967, 179
Trd, 000187.450, 205
Trd, 000187.967, 176
Trd, 000188.450, 174
Trd, 000189.433, 185
Trd, 000191.233, 194
Trd, 000191.850, 193
Trd, 000192.800, 191
Trd, 000193.600, 188
Trd, 000195.100, 188
Trd, 000195.433, 186
Trd, 000195.550, 184
Trd, 000196.350, 182
Trd, 000196.567, 177
Trd, 000198.000, 171
Trd, 000198.233, 147
Trd, 000198.317, 160
Trd, 000198.933, 179
Trd, 000199.317, 164
Trd, 000199.883, 161
Trd, 000200.067, 161
Trd, 000200.150, 157
Trd, 000200.617, 160
Trd, 000201.300, 159
Trd, 000201.350, 160
Trd, 000201.917, 161
Trd, 000202.550, 159
Trd, 000203.317, 160
Trd, 000203.383, 161
Trd, 000205.300, 161
Trd, 000205.400, 164
Trd, 000206.200, 163
Trd, 000207.117, 162
Trd, 000207.300, 163
Trd, 000207.817, 182
Trd, 000208.733, 160
Trd, 000209.533, 162
Trd, 000209.600, 164
Trd, 000210.833, 165
Trd, 000210.867, 176
Trd, 000211.533, 163
Trd, 000212.500, 182
Trd, 000212.933, 177
Trd, 000213.000, 176
Trd, 000213.067, 168
Trd, 000213.517, 176
Trd, 000213.817, 179
Trd, 000213.917, 165
Trd, 000214.550, 179
Trd, 000215.383, 168
Trd, 000215.400, 167
Trd, 000216.850, 180
Trd, 000217.000, 183
Trd, 000217.117, 170
Trd, 000217.367, 177
Trd, 000217.850, 172
Trd, 000218.650, 177
Trd, 000218.817, 179
Trd, 000218.967, 174
Trd, 000219.100, 181
Trd, 000219.333, 181
Trd, 000219.567, 174
Trd, 000220.767, 172
Trd, 000221.567, 178
Trd, 000222.267, 176
Trd, 000222.283, 171
Trd, 000223.483, 173
Trd, 000223.683, 176
Trd, 000224.317, 159
Trd, 000225.433, 177
Trd, 000226.383, 172
Trd, 000227.300, 174
Trd, 000227.500, 173
Trd, 000228.050, 174
Trd, 000228.200, 173
Trd, 000228.433, 174
Trd, 000229.583, 178
Trd, 000230.417, 178
Trd, 000232.350, 175
Trd, 000232.733, 175
Trd, 000232.833, 174
Trd, 000233.183, 171
Trd, 000234.650, 174
Trd, 000234.717, 161
Trd, 000235.100, 173
Trd, 000235.517, 168
Trd, 000235.967, 168
Trd, 000236.283, 164
Trd, 000236.800, 169
Trd, 000238.317, 164
Trd, 000239.267, 168
Trd, 000239.750, 166
Trd, 000240.117, 167
Trd, 000240.683, 166
Trd, 000240.750, 165
Trd, 000241.033, 165
Trd, 000241.050, 166
Trd, 000241.550, 164
Trd, 000242.033, 166
Trd, 000242.483, 172
Trd, 000242.867, 170
Trd, 000243.300, 167
Trd, 000243.883, 168
Trd, 000244.183, 168
Trd, 000244.733, 167
Trd, 000244.900, 170
Trd, 000244.967, 170
Trd, 000245.133, 168
Trd, 000245.350, 176
Trd, 000246.400, 176
Trd, 000246.583, 170
Trd, 000247.050, 174
Trd, 000247.083, 176
Trd, 000247.917, 173
Trd, 000248.567, 173
Trd, 000248.700, 174
Trd, 000249.067, 173
Trd, 000249.717, 173
Trd, 000250.433, 172
Trd, 000250.817, 172
Trd, 000250.883, 170
Trd, 000251.083, 172
Trd, 000251.267, 169
Trd, 000252.483, 169
Trd, 000253.083, 183
Trd, 000253.433, 162
Trd, 000253.483, 175
Trd, 000253.850, 179
Trd, 000254.883, 168
Trd, 000254.917, 167
Trd, 000255.700, 166
Trd, 000256.067, 166
Trd, 000256.283, 169
Trd, 000256.350, 173
Trd, 000256.417, 180
Trd, 000256.650, 164
Trd, 000257.017, 177
Trd, 000257.400, 171
Trd, 000257.450, 167
Trd, 000257.783, 164
Trd, 000258.733, 174
Trd, 000258.783, 173
Trd, 000259.500, 173
Trd, 000259.850, 170
Trd, 000260.283, 175
Trd, 000261.083, 175
Trd, 000261.333, 172
Trd, 000261.483, 174
Trd, 000262.117, 166
Trd, 000262.217, 167
Trd, 000262.867, 169
Trd, 000263.817, 169
Trd, 000263.933, 170
Trd, 000264.150, 169
Trd, 000264.483, 167
Trd, 000264.550, 171
Trd, 000264.967, 170
Trd, 000265.300, 174
Trd, 000265.700, 166
Trd, 000266.183, 181
Trd, 000267.083, 171
Trd, 000268.417, 172
Trd, 000269.017, 174
Trd, 000269.133, 173
Trd, 000269.433, 170
Trd, 000269.450, 175
Trd, 000269.933, 172
Trd, 000271.300, 173
Trd, 000271.433, 174
Trd, 000271.567, 170
Trd, 000272.250, 174
Trd, 000272.567, 174
Trd, 000272.883, 174
Trd, 000272.933, 175
Trd, 000273.117, 175
Trd, 000273.683, 182
Trd, 000273.783, 180
Trd, 000274.133, 178
Trd, 000274.417, 174
Trd, 000275.183, 181
Trd, 000275.217, 178
Trd, 000275.467, 167
Trd, 000275.600, 174
Trd, 000276.350, 164
Trd, 000276.683, 175
Trd, 000277.000, 185
Trd, 000277.617, 176
Trd, 000277.667, 163
Trd, 000277.900, 183
Trd, 000278.133, 162
Trd, 000278.833, 180
Trd, 000279.150, 175
Trd, 000279.483, 176
Trd, 000279.800, 176
Trd, 000279.983, 183
Trd, 000280.200, 179
Trd, 000280.967, 174
Trd, 000281.217, 179
Trd, 000281.383, 176
Trd, 000281.950, 181
Trd, 000282.300, 183
Trd, 000282.733, 188
Trd, 000283.117, 186
Trd, 000283.417, 183
Trd, 000283.433, 190
Trd, 000284.167, 197
Trd, 000284.800, 183
Trd, 000285.050, 182
Trd, 000285.117, 185
Trd, 000285.300, 179
Trd, 000285.317, 176
Trd, 000285.417, 168
Trd, 000286.100, 188
Trd, 000286.317, 165
Trd, 000287.517, 172
Trd, 000288.250, 172
Trd, 000288.700, 172
Trd, 000288.750, 167
Trd, 000289.000, 173
Trd, 000289.267, 173
Trd, 000289.350, 166
Trd, 000289.600, 164
Trd, 000290.067, 184
Trd, 000290.333, 177
Trd, 000290.783, 184
Trd, 000291.983, 169
Trd, 000293.050, 168
Trd, 000293.700, 164
Trd, 000293.817, 167
Trd, 000293.900, 163
Trd, 000293.967, 171
Trd, 000294.483, 163
Trd, 000294.550, 172
Trd, 000294.867, 170
Trd, 000295.683, 166
Trd, 000297.000, 165
Trd, 000297.017, 167
Trd, 000297.467, 168
Trd, 000297.750, 164
Trd, 000298.000, 162
Trd, 000298.100, 168
Trd, 000298.117, 159
Trd, 000298.683, 178
Trd, 000299.167, 169
Trd, 000299.533, 174
Trd, 000299.767, 184
