Trd, 000002.433, 161
Trd, 000002.467, 152
Trd, 000002.617, 164
Trd, 000002.967, 165
Trd, 000004.317, 146
Trd, 000004.333, 164
Trd, 000004.483, 148
Trd, 000004.900, 146
Trd, 000005.100, 144
Trd, 000006.900, 156
Trd, 000006.933, 178
Trd, 000007.733, 168
Trd, 000008.117, 151
Trd, 000008.350, 154
Trd, 000008.417, 159
Trd, 000009.217, 156
Trd, 000010.083, 161
Trd, 000011.867, 161
Trd, 000012.467, 161
Trd, 000013.017, 160
Trd, 000013.267, 161
Trd, 000013.700, 162
Trd, 000013.933, 160
Trd, 000014.533, 163
Trd, 000014.817, 159
Trd, 000015.117, 152
Trd, 000016.567, 162
Trd, 000017.450, 162
Trd, 000018.350, 161
Trd, 000018.600, 160
Trd, 000019.283, 159
Trd, 000020.017, 158
Trd, 000020.117, 159
Trd, 000020.167, 162
Trd, 000020.183, 158
Trd, 000021.117, 161
Trd, 000022.767, 159
Trd, 000022.800, 157
Trd, 000023.083, 158
Trd, 000024.233, 159
Trd, 000025.050, 159
Trd, 000025.350, 160
Trd, 000025.600, 161
Trd, 000026.033, 160
Trd, 000027.167, 160
Trd, 000027.383, 159
Trd, 000028.333, 165
Trd, 000029.250, 163
Trd, 000030.017, 163
Trd, 000030.217, 164
Trd, 000030.450, 162
Trd, 000030.950, 164
Trd, 000031.833, 162
Trd, 000032.783, 164
Trd, 000033.100, 161
Trd, 000033.833, 161
Trd, 000034.167, 165
Trd, 000034.483, 165
Trd, 000035.267, 161
Trd, 000035.967, 161
Trd, 000037.233, 162
Trd, 000037.367, 161
Trd, 000037.383, 163
Trd, 000037.717, 163
Trd, 000039.700, 162
Trd, 000040.400, 162
Trd, 000040.900, 162
Trd, 000041.183, 163
Trd, 000041.233, 163
Trd, 000041.600, 160
Trd, 000041.717, 172
Trd, 000042.233, 172
Trd, 000043.417, 167
Trd, 000044.067, 167
Trd, 000044.517, 162
Trd, 000045.633, 164
Trd, 000045.783, 163
Trd, 000047.017, 166
Trd, 000047.933, 164
Trd, 000048.633, 166
Trd, 000049.633, 167
Trd, 000049.667, 165
Trd, 000049.850, 164
Trd, 000051.433, 167
Trd, 000052.150, 167
Trd, 000052.467, 165
Trd, 000053.100, 164
Trd, 000054.467, 163
Trd, 000054.817, 163
Trd, 000055.400, 161
Trd, 000055.517, 160
Trd, 000055.533, 165
Trd, 000056.467, 163
Trd, 000057.233, 163
Trd, 000057.367, 164
Trd, 000057.617, 163
Trd, 000057.783, 166
Trd, 000058.433, 157
Trd, 000058.517, 166
Trd, 000059.717, 162
Trd, 000060.450, 163
Trd, 000060.500, 167
Trd, 000061.850, 164
Trd, 000061.983, 166
Trd, 000062.683, 165
Trd, 000064.133, 165
Trd, 000064.817, 169
Trd, 000064.867, 174
Trd, 000065.550, 170
Trd, 000066.567, 170
Trd, 000066.717, 168
Trd, 000067.700, 171
Trd, 000067.800, 165
Trd, 000068.017, 171
Trd, 000068.033, 174
Trd, 000069.750, 167
Trd, 000070.150, 167
Trd, 000071.300, 167
Trd, 000071.417, 169
Trd, 000071.467, 170
Trd, 000071.533, 173
Trd, 000071.683, 168
Trd, 000071.833, 175
Trd, 000073.033, 173
Trd, 000074.267, 169
Trd, 000074.883, 170
Trd, 000077.467, 169
Trd, 000077.717, 169
Trd, 000077.750, 172
Trd, 000078.050, 168
Trd, 000078.650, 172
Trd, 000080.250, 171
Trd, 000080.317, 174
Trd, 000080.967, 171
Trd, 000081.717, 170
Trd, 000081.800, 170
Trd, 000082.033, 169
Trd, 000082.350, 169
Trd, 000082.983, 170
Trd, 000083.617, 169
Trd, 000083.800, 170
Trd, 000084.183, 171
Trd, 000084.433, 171
Trd, 000085.417, 171
Trd, 000086.167, 168
Trd, 000086.517, 169
Trd, 000087.133, 168
Trd, 000087.983, 167
Trd, 000088.950, 169
Trd, 000089.883, 167
Trd, 000090.000, 166
Trd, 000090.267, 166
Trd, 000090.383, 169
Trd, 000091.017, 173
Trd, 000091.067, 176
Trd, 000091.433, 166
Trd, 000092.717, 174
Trd, 000092.900, 169
Trd, 000093.100, 168
Trd, 000093.150, 167
Trd, 000094.050, 175
Trd, 000094.833, 168
Trd, 000096.550, 167
Trd, 000096.767, 168
Trd, 000096.883, 167
Trd, 000099.500, 169
Trd, 000099.650, 171
Trd, 000100.400, 171
Trd, 000101.017, 171
Trd, 000101.683, 168
Trd, 000102.233, 169
Trd, 000102.400, 171
Trd, 000102.583, 168
Trd, 000102.633, 165
Trd, 000104.233, 167
Trd, 000105.200, 166
Trd, 000105.517, 167
Trd, 000105.550, 167
Trd, 000105.867, 166
Trd, 000105.950, 161
Trd, 000106.783, 167
Trd, 000107.167, 166
Trd, 000107.817, 167
Trd, 000108.417, 166
Trd, 000108.650, 165
Trd, 000109.833, 165
Trd, 000110.517, 165
Trd, 000110.717, 166
Trd, 000111.533, 164
Trd, 000111.733, 165
Trd, 000112.367, 164
Trd, 000112.817, 163
Trd, 000113.300, 163
Trd, 000113.867, 163
Trd, 000115.017, 162
Trd, 000115.600, 159
Trd, 000115.633, 163
Trd, 000115.867, 164
Trd, 000116.117, 166
Trd, 000116.467, 164
Trd, 000117.100, 169
Trd, 000117.750, 166
Trd, 000118.383, 166
Trd, 000118.450, 165
Trd, 000118.500, 172
Trd, 000118.617, 173
Trd, 000119.600, 156
Trd, 000121.217, 171
Trd, 000122.250, 173
Trd, 000123.183, 184
Trd, 000123.250, 184
Trd, 000124.400, 326
Trd, 000124.617, 341.0
Trd, 000125.733, 355.0
Trd, 000125.933, 353.0
Trd, 000127.017, 361
Trd, 000127.117, 361
Trd, 000127.183, 360
Trd, 000127.333, 368.0
Trd, 000127.600, 359.0
Trd, 000128.717, 364
Trd, 000129.850, 358
Trd, 000130.383, 358.0
Trd, 000130.933, 358
Trd, 000131.433, 360
Trd, 000131.450, 360
Trd, 000132.250, 357.0
Trd, 000132.700, 355
Trd, 000133.133, 355
Trd, 000134.167, 360
Trd, 000134.200, 360
Trd, 000134.333, 354
Trd, 000135.650, 354
Trd, 000135.700, 353
Trd, 000136.133, 352
Trd, 000136.450, 351
Trd, 000136.950, 351
Trd, 000137.067, 350
Trd, 000137.283, 350
Trd, 000138.050, 348.0
Trd, 000138.300, 350
Trd, 000138.933, 343
Trd, 000139.367, 344
Trd, 000139.633, 334
Trd, 000140.483, 343
Trd, 000140.967, 343
Trd, 000141.367, 345
Trd, 000142.417, 347
Trd, 000143.250, 350
Trd, 000143.567, 368.0
Trd, 000143.850, 367
Trd, 000144.650, 354
Trd, 000145.450, 354
Trd, 000146.850, 356
Trd, 000147.167, 356
Trd, 000147.417, 355
Trd, 000147.750, 358
Trd, 000147.783, 355.0
Trd, 000148.683, 355
Trd, 000149.183, 356
Trd, 000149.917, 354
Trd, 000150.350, 354
Trd, 000150.533, 353
Trd, 000151.017, 358
Trd, 000152.500, 355.0
Trd, 000152.533, 358
Trd, 000153.117, 360
Trd, 000153.250, 368.0
Trd, 000155.417, 365.0
Trd, 000156.200, 363
Trd, 000156.983, 363
Trd, 000157.500, 364
Trd, 000157.700, 362.0
Trd, 000157.783, 361.0
Trd, 000157.917, 360
Trd, 000158.450, 358
Trd, 000159.583, 358.0
Trd, 000159.783, 355.0
Trd, 000160.217, 353
Trd, 000160.283, 349
Trd, 000160.967, 362
Trd, 000162.633, 357
Trd, 000162.650, 356
Trd, 000162.717, 359
Trd, 000163.433, 358
Trd, 000163.850, 356
Trd, 000165.367, 358.0
Trd, 000165.583, 356.0
Trd, 000165.817, 356.0
Trd, 000165.983, 360
Trd, 000166.500, 355.0
Trd, 000167.017, 359
Trd, 000167.583, 359
Trd, 000167.683, 360
Trd, 000170.017, 357
Trd, 000170.133, 356.0
Trd, 000170.617, 357
Trd, 000170.667, 358
Trd, 000170.767, 351.0
Trd, 000171.333, 354
Trd, 000172.367, 356
Trd, 000172.483, 355
Trd, 000172.533, 358
Trd, 000172.833, 354
Trd, 000172.850, 351
Trd, 000172.900, 351.0
Trd, 000174.150, 350
Trd, 000174.717, 356.0
Trd, 000174.950, 367.0
Trd, 000175.600, 355.0
Trd, 000177.767, 356
Trd, 000178.300, 356
Trd, 000178.517, 353
Trd, 000178.883, 352
Trd, 000179.450, 356
Trd, 000179.767, 357
Trd, 000180.083, 356
Trd, 000180.117, 358
Trd, 000180.433, 357.0
Trd, 000181.183, 357
Trd, 000181.500, 357
Trd, 000181.833, 355.0
Trd, 000182.517, 354
Trd, 000183.067, 348.0
Trd, 000183.500, 344.0
Trd, 000183.650, 218
Trd, 000183.983, 239
Trd, 000185.583, 207
Trd, 000186.317, 206
Trd, 000186.933, 205
Trd, 000187.717, 197
Trd, 000187.783, 189
Trd, 000188.517, 198
Trd, 000188.733, 197
Trd, 000189.317, 192
Trd, 000189.350, 191
Trd, 000189.367, 188
Trd, 000189.517, 181
Trd, 000191.917, 183
Trd, 000192.117, 180
Trd, 000193.117, 181
Trd, 000193.367, 183
Trd, 000193.550, 180
Trd, 000193.700, 182
Trd, 000194.383, 181
Trd, 000196.033, 180
Trd, 000196.250, 180
Trd, 000197.417, 179
Trd, 000197.700, 181
Trd, 000198.200, 177
Trd, 000198.267, 175
Trd, 000200.850, 179
Trd, 000201.283, 178
Trd, 000201.417, 181
Trd, 000201.917, 181
Trd, 000202.650, 181
Trd, 000203.950, 182
Trd, 000203.967, 183
Trd, 000204.367, 181
Trd, 000204.900, 182
Trd, 000205.383, 180
Trd, 000205.450, 179
Trd, 000206.133, 178
Trd, 000206.500, 179
Trd, 000206.667, 178
Trd, 000206.917, 175
Trd, 000207.167, 171
Trd, 000207.750, 162
Trd, 000207.983, 161
Trd, 000208.417, 188
Trd, 000209.033, 174
Trd, 000209.617, 188
Trd, 000210.333, 179
Trd, 000210.950, 185
Trd, 000211.767, 180
Trd, 000212.833, 181
Trd, 000213.500, 179
Trd, 000214.633, 181
Trd, 000214.900, 180
Trd, 000215.000, 192
Trd, 000215.750, 194
Trd, 000215.833, 179
Trd, 000215.967, 179
Trd, 000217.483, 185
Trd, 000218.400, 183
Trd, 000219.400, 184
Trd, 000219.633, 185
Trd, 000220.883, 184
Trd, 000221.517, 182
Trd, 000222.800, 184
Trd, 000223.083, 183
Trd, 000223.433, 184
Trd, 000224.333, 190
Trd, 000224.767, 184
Trd, 000226.683, 184
Trd, 000226.917, 189
Trd, 000227.833, 188
Trd, 000228.683, 188
Trd, 000229.100, 188
Trd, 000229.517, 188
Trd, 000229.900, 188
Trd, 000230.200, 181
Trd, 000230.683, 188
Trd, 000231.450, 181
Trd, 000233.217, 183
Trd, 000233.433, 186
Trd, 000234.283, 187
Trd, 000234.683, 186
Trd, 000235.117, 183
Trd, 000235.183, 188
Trd, 000235.650, 182
Trd, 000236.383, 188
Trd, 000236.783, 189
Trd, 000237.600, 191
Trd, 000237.733, 187
Trd, 000238.250, 191
Trd, 000239.133, 186
Trd, 000240.183, 189
Trd, 000240.900, 189
Trd, 000240.983, 187
Trd, 000241.050, 190
Trd, 000241.117, 187
Trd, 000241.367, 186
Trd, 000241.833, 188
Trd, 000242.100, 186
Trd, 000242.700, 186
Trd, 000244.083, 185
Trd, 000244.417, 181
Trd, 000244.700, 181
Trd, 000244.917, 186
Trd, 000245.033, 183
Trd, 000245.417, 186
Trd, 000245.567, 184
Trd, 000246.750, 181
Trd, 000247.000, 182
Trd, 000248.150, 181
Trd, 000248.283, 180
Trd, 000248.300, 176
Trd, 000248.417, 182
Trd, 000249.783, 181
Trd, 000249.967, 182
Trd, 000250.267, 181
Trd, 000250.767, 182
Trd, 000251.500, 182
Trd, 000251.683, 184
Trd, 000251.817, 181
Trd, 000252.017, 182
Trd, 000252.467, 185
Trd, 000253.050, 185
Trd, 000253.167, 184
Trd, 000253.200, 186
Trd, 000253.733, 187
Trd, 000254.400, 189
Trd, 000254.650, 186
Trd, 000254.700, 185
Trd, 000255.550, 184
Trd, 000255.583, 183
Trd, 000256.283, 186
Trd, 000257.483, 187
Trd, 000257.550, 190
Trd, 000258.267, 192
Trd, 000258.817, 195
Trd, 000259.217, 192
Trd, 000259.267, 192
Trd, 000259.400, 192
Trd, 000259.517, 191
Trd, 000259.650, 190
Trd, 000260.517, 188
Trd, 000261.033, 188
Trd, 000261.050, 190
Trd, 000261.083, 191
Trd, 000262.200, 194
Trd, 000263.167, 188
Trd, 000263.250, 187
Trd, 000263.350, 186
Trd, 000263.683, 184
Trd, 000264.550, 186
Trd, 000264.650, 188
Trd, 000265.183, 187
Trd, 000265.300, 188
Trd, 000266.217, 187
Trd, 000266.250, 186
Trd, 000266.900, 186
Trd, 000268.467, 187
Trd, 000268.617, 190
Trd, 000269.183, 188
Trd, 000270.033, 187
Trd, 000270.050, 189
Trd, 000270.267, 188
Trd, 000270.467, 187
Trd, 000270.567, 186
Trd, 000272.217, 187
Trd, 000273.083, 187
Trd, 000273.333, 185
Trd, 000273.867, 186
Trd, 000274.017, 185
Trd, 000274.233, 187
Trd, 000275.283, 183
Trd, 000275.317, 178
Trd, 000276.050, 189
Trd, 000277.150, 187
Trd, 000277.233, 191
Trd, 000278.283, 188
Trd, 000278.483, 189
Trd, 000278.950, 189
Trd, 000279.217, 190
Trd, 000279.350, 188
Trd, 000279.917, 187
Trd, 000280.717, 190
Trd, 000280.917, 186
Trd, 000280.950, 191
Trd, 000281.033, 185
Trd, 000281.650, 183
Trd, 000282.100, 179
Trd, 000282.650, 181
Trd, 000282.917, 188
Trd, 000283.917, 188
Trd, 000284.133, 186
Trd, 000284.300, 187
Trd, 000284.483, 188
Trd, 000285.083, 180
Trd, 000286.933, 181
Trd, 000287.083, 182
Trd, 000287.267, 183
Trd, 000287.450, 182
Trd, 000287.833, 183
Trd, 000288.000, 183
Trd, 000289.783, 182
Trd, 000289.883, 184
Trd, 000290.333, 190
Trd, 000290.917, 183
Trd, 000290.933, 182
Trd, 000291.033, 181
Trd, 000291.583, 184
Trd, 000292.383, 186
Trd, 000292.783, 182
Trd, 000293.083, 181
Trd, 000294.700, 182
Trd, 000294.933, 182
Trd, 000295.333, 181
Trd, 000295.800, 182
Trd, 000296.067, 184
Trd, 000296.200, 180
Trd, 000296.767, 187
Trd, 000296.900, 189
Trd, 000297.283, 190
Trd, 000297.883, 190
Trd, 000298.083, 191
Trd, 000298.200, 184
Trd, 000298.483, 181
Trd, 000298.950, 195
