Trd, 000001.217, 144
Trd, 000003.067, 145
Trd, 000004.133, 150
Trd, 000004.950, 164
Trd, 000005.133, 161
Trd, 000006.000, 161
Trd, 000006.450, 161
Trd, 000006.850, 166
Trd, 000006.900, 154
Trd, 000007.067, 144
Trd, 000009.167, 150
Trd, 000009.450, 149
Trd, 000009.633, 149
Trd, 000010.317, 150
Trd, 000011.450, 148
Trd, 000012.217, 147
Trd, 000012.567, 148
Trd, 000012.617, 146
Trd, 000013.133, 145
Trd, 000013.400, 148
Trd, 000014.267, 144
Trd, 000015.900, 145
Trd, 000016.150, 144
Trd, 000017.433, 144
Trd, 000018.517, 146
Trd, 000018.583, 145
Trd, 000018.967, 156
Trd, 000019.467, 157
Trd, 000021.000, 150
Trd, 000021.067, 150
Trd, 000022.017, 149
Trd, 000022.417, 146
Trd, 000022.950, 146
Trd, 000023.517, 145
Trd, 000023.733, 146
Trd, 000024.850, 145
Trd, 000024.967, 145
Trd, 000025.233, 143
Trd, 000025.767, 145
Trd, 000026.217, 142
Trd, 000026.833, 143
Trd, 000027.517, 147
Trd, 000027.933, 151
Trd, 000028.733, 155
Trd, 000028.767, 156
Trd, 000028.950, 158
Trd, 000030.217, 151
Trd, 000030.300, 149
Trd, 000030.850, 150
Trd, 000031.017, 154
Trd, 000032.467, 154
Trd, 000032.500, 152
Trd, 000032.533, 147
Trd, 000034.850, 149
Trd, 000034.933, 150
Trd, 000035.200, 151
Trd, 000035.217, 151
Trd, 000035.800, 150
Trd, 000036.067, 149
Trd, 000036.117, 152
Trd, 000037.533, 150
Trd, 000038.350, 149
Trd, 000039.833, 147
Trd, 000040.117, 148
Trd, 000040.133, 149
Trd, 000040.333, 147
Trd, 000040.433, 151
Trd, 000040.850, 145
Trd, 000041.583, 148
Trd, 000041.633, 153
Trd, 000041.983, 149
Trd, 000043.033, 148
Trd, 000043.167, 155
Trd, 000044.667, 148
Trd, 000044.967, 148
Trd, 000045.867, 148
Trd, 000046.000, 147
Trd, 000046.033, 152
Trd, 000047.300, 151
Trd, 000047.783, 150
Trd, 000048.050, 149
Trd, 000048.717, 149
Trd, 000049.000, 149
Trd, 000049.717, 150
Trd, 000049.967, 152
Trd, 000050.467, 153
Trd, 000050.750, 148
Trd, 000052.933, 152
Trd, 000053.550, 149
Trd, 000054.283, 151
Trd, 000054.600, 153
Trd, 000054.833, 150
Trd, 000056.167, 149
Trd, 000058.767, 149
Trd, 000058.800, 147
Trd, 000059.200, 151
Trd, 000059.367, 150
Trd, 000059.583, 151
Trd, 000059.967, 151
Trd, 000060.300, 150
Trd, 000060.400, 151
Trd, 000060.617, 147
Trd, 000061.083, 154
Trd, 000061.150, 161
Trd, 000061.433, 150
Trd, 000062.567, 152
Trd, 000063.867, 153
Trd, 000064.150, 152
Trd, 000064.233, 151
Trd, 000065.217, 153
Trd, 000066.617, 149
Trd, 000066.850, 147
Trd, 000067.400, 148
Trd, 000067.983, 150
Trd, 000068.833, 149
Trd, 000069.033, 150
Trd, 000069.333, 150
Trd, 000070.283, 151
Trd, 000070.650, 153
Trd, 000071.233, 150
Trd, 000071.500, 150
Trd, 000072.317, 151
Trd, 000072.800, 154
Trd, 000072.867, 153
Trd, 000073.667, 153
Trd, 000073.817, 152
Trd, 000074.817, 154
Trd, 000075.483, 152
Trd, 000076.433, 155
Trd, 000077.167, 151
Trd, 000077.283, 152
Trd, 000077.350, 145
Trd, 000077.717, 144
Trd, 000078.683, 149
Trd, 000079.083, 150
Trd, 000079.383, 156
Trd, 000079.433, 147
Trd, 000080.250, 153
Trd, 000080.533, 163
Trd, 000083.517, 155
Trd, 000083.867, 154
Trd, 000084.550, 154
Trd, 000084.917, 153
Trd, 000085.000, 155
Trd, 000086.283, 153
Trd, 000087.050, 153
Trd, 000087.200, 155
Trd, 000087.667, 154
Trd, 000088.200, 153
Trd, 000088.267, 153
Trd, 000089.000, 153
Trd, 000089.650, 155
Trd, 000090.583, 153
Trd, 000091.300, 151
Trd, 000093.200, 153
Trd, 000095.117, 152
Trd, 000095.167, 153
Trd, 000095.333, 157
Trd, 000095.700, 151
Trd, 000097.400, 153
Trd, 000098.317, 153
Trd, 000098.400, 152
Trd, 000099.033, 153
Trd, 000099.167, 152
Trd, 000099.300, 153
Trd, 000100.817, 154
Trd, 000101.133, 153
Trd, 000102.883, 153
Trd, 000103.300, 152
Trd, 000103.350, 152
Trd, 000103.700, 153
Trd, 000104.667, 151
Trd, 000104.833, 152
Trd, 000105.150, 153
Trd, 000106.617, 151
Trd, 000107.217, 150
Trd, 000107.450, 154
Trd, 000108.733, 156
Trd, 000109.567, 156
Trd, 000109.700, 157
Trd, 000110.167, 155
Trd, 000110.317, 155
Trd, 000111.300, 159
Trd, 000111.783, 156
Trd, 000112.050, 168
Trd, 000112.183, 169
Trd, 000112.467, 155
Trd, 000114.167, 155
Trd, 000114.483, 155
Trd, 000116.050, 161
Trd, 000116.250, 161
Trd, 000116.367, 158
Trd, 000116.633, 156
Trd, 000117.783, 155
Trd, 000118.600, 158
Trd, 000119.300, 157
Trd, 000119.983, 159
Trd, 000120.650, 157
Trd, 000120.700, 157
Trd, 000120.750, 157
Trd, 000121.333, 156
Trd, 000121.883, 159
Trd, 000122.250, 159
Trd, 000122.267, 191
Trd, 000122.367, 194
Trd, 000122.483, 208
Trd, 000122.883, 276
Trd, 000122.950, 280
Trd, 000123.650, 282
Trd, 000124.217, 320.0
Trd, 000124.750, 227
Trd, 000125.267, 320
Trd, 000126.000, 327.0
Trd, 000127.367, 327
Trd, 000127.817, 331
Trd, 000127.983, 336.0
Trd, 000128.100, 337.0
Trd, 000128.683, 344.0
Trd, 000128.800, 348
Trd, 000128.967, 344.0
Trd, 000129.167, 330
Trd, 000129.483, 334.0
Trd, 000132.100, 348
Trd, 000132.533, 350
Trd, 000132.617, 343
Trd, 000132.633, 341.0
Trd, 000133.883, 347
Trd, 000134.000, 348
Trd, 000134.083, 355
Trd, 000135.117, 345.0
Trd, 000135.233, 352
Trd, 000135.800, 352
Trd, 000137.417, 355
Trd, 000138.200, 349
Trd, 000138.283, 355
Trd, 000139.250, 350
Trd, 000139.617, 345
Trd, 000141.017, 345.0
Trd, 000142.033, 350
Trd, 000142.500, 351
Trd, 000144.050, 344
Trd, 000145.067, 346
Trd, 000145.450, 345.0
Trd, 000146.117, 344.0
Trd, 000146.983, 341
Trd, 000147.400, 346
Trd, 000147.867, 345
Trd, 000150.017, 343.0
Trd, 000150.083, 344.0
Trd, 000150.400, 343.0
Trd, 000150.833, 342.0
Trd, 000150.867, 341.0
Trd, 000151.633, 337.0
Trd, 000152.567, 335.0
Trd, 000152.733, 341
Trd, 000153.133, 334.0
Trd, 000154.083, 342
Trd, 000154.333, 339
Trd, 000155.717, 341
Trd, 000155.867, 337.0
Trd, 000156.967, 339
Trd, 000157.117, 338
Trd, 000157.467, 341
Trd, 000157.900, 339
Trd, 000158.050, 340.0
Trd, 000159.433, 342.0
Trd, 000159.700, 344.0
Trd, 000161.317, 341.0
Trd, 000162.683, 342.0
Trd, 000163.717, 342.0
Trd, 000164.017, 337
Trd, 000164.450, 340
Trd, 000164.500, 344.0
Trd, 000164.933, 348
Trd, 000165.783, 345.0
Trd, 000166.083, 345.0
Trd, 000166.333, 347
Trd, 000166.733, 344.0
Trd, 000168.417, 346
Trd, 000168.967, 347
Trd, 000169.433, 349
Trd, 000170.533, 344.0
Trd, 000170.783, 343
Trd, 000171.100, 344
Trd, 000171.217, 349
Trd, 000171.250, 351
Trd, 000171.717, 341
Trd, 000172.350, 344
Trd, 000173.283, 344.0
Trd, 000173.650, 346
Trd, 000175.250, 347.0
Trd, 000176.100, 345
Trd, 000176.200, 345
Trd, 000176.550, 344.0
Trd, 000176.633, 345
Trd, 000177.300, 349
Trd, 000177.700, 353
Trd, 000178.417, 341.0
Trd, 000178.667, 341
Trd, 000179.950, 343
Trd, 000181.017, 342.0
Trd, 000181.133, 343.0
Trd, 000181.733, 342
Trd, 000181.900, 341.0
Trd, 000181.917, 339
Trd, 000182.433, 335.0
Trd, 000182.633, 334.0
Trd, 000182.683, 331.0
Trd, 000182.783, 317.0
Trd, 000182.833, 312
Trd, 000183.317, 310.0
Trd, 000183.700, 307
Trd, 000183.767, 306
Trd, 000184.417, 294
Trd, 000185.217, 216
Trd, 000185.800, 211
Trd, 000186.767, 207
Trd, 000187.617, 185
Trd, 000189.067, 183
Trd, 000189.650, 183
Trd, 000190.083, 181
Trd, 000190.183, 178
Trd, 000190.767, 173
Trd, 000191.383, 167
Trd, 000193.033, 161
Trd, 000193.267, 168
Trd, 000193.383, 150
Trd, 000193.917, 167
Trd, 000194.783, 167
Trd, 000196.067, 163
Trd, 000196.333, 164
Trd, 000196.867, 160
Trd, 000198.367, 162
Trd, 000198.917, 163
Trd, 000198.967, 166
Trd, 000199.417, 165
Trd, 000199.800, 174
Trd, 000200.217, 178
Trd, 000200.967, 173
Trd, 000201.417, 168
Trd, 000202.717, 169
Trd, 000202.967, 167
Trd, 000203.117, 165
Trd, 000204.933, 170
Trd, 000205.833, 170
Trd, 000206.633, 169
Trd, 000207.117, 169
Trd, 000207.183, 168
Trd, 000208.217, 170
Trd, 000209.383, 165
Trd, 000209.767, 165
Trd, 000210.000, 168
Trd, 000210.033, 169
Trd, 000210.450, 169
Trd, 000211.333, 164
Trd, 000212.083, 169
Trd, 000213.733, 167
Trd, 000214.117, 166
Trd, 000214.567, 168
Trd, 000214.783, 166
Trd, 000215.267, 166
Trd, 000216.633, 167
Trd, 000217.583, 167
Trd, 000218.017, 167
Trd, 000218.533, 166
Trd, 000219.350, 168
Trd, 000220.800, 166
Trd, 000220.983, 166
Trd, 000221.333, 165
Trd, 000222.317, 166
Trd, 000222.533, 167
Trd, 000223.150, 166
Trd, 000223.317, 167
Trd, 000224.900, 164
Trd, 000225.033, 165
Trd, 000225.533, 164
Trd, 000225.550, 162
Trd, 000226.717, 165
Trd, 000227.033, 164
Trd, 000227.450, 171
Trd, 000228.283, 170
Trd, 000229.783, 168
Trd, 000230.233, 168
Trd, 000230.767, 167
Trd, 000231.000, 168
Trd, 000231.033, 169
Trd, 000231.467, 174
Trd, 000233.867, 165
Trd, 000233.967, 165
Trd, 000234.017, 164
Trd, 000234.617, 167
Trd, 000235.967, 166
Trd, 000236.083, 165
Trd, 000236.500, 165
Trd, 000237.067, 166
Trd, 000237.383, 166
Trd, 000237.800, 166
Trd, 000239.267, 165
Trd, 000239.817, 167
Trd, 000239.967, 166
Trd, 000240.033, 168
Trd, 000240.050, 170
Trd, 000240.583, 171
Trd, 000240.700, 175
Trd, 000241.217, 173
Trd, 000241.817, 172
Trd, 000241.917, 171
Trd, 000242.117, 171
Trd, 000242.283, 173
Trd, 000242.867, 170
Trd, 000243.467, 168
Trd, 000244.033, 170
Trd, 000244.950, 166
Trd, 000245.267, 168
Trd, 000245.367, 169
Trd, 000245.517, 169
Trd, 000245.550, 168
Trd, 000246.033, 172
Trd, 000246.333, 169
Trd, 000246.867, 168
Trd, 000247.150, 173
Trd, 000247.433, 170
Trd, 000247.617, 168
Trd, 000248.650, 171
Trd, 000249.167, 172
Trd, 000249.483, 170
Trd, 000249.567, 173
Trd, 000249.667, 172
Trd, 000250.233, 173
Trd, 000251.117, 183
Trd, 000252.017, 179
Trd, 000252.300, 177
Trd, 000252.617, 179
Trd, 000252.650, 174
Trd, 000253.083, 174
Trd, 000253.800, 175
Trd, 000254.817, 173
Trd, 000255.717, 172
Trd, 000256.067, 172
Trd, 000256.550, 173
Trd, 000256.833, 172
Trd, 000257.000, 173
Trd, 000257.283, 172
Trd, 000257.383, 169
Trd, 000257.533, 170
Trd, 000257.800, 171
Trd, 000258.067, 170
Trd, 000258.900, 170
Trd, 000259.233, 167
Trd, 000259.683, 164
Trd, 000259.883, 169
Trd, 000260.017, 170
Trd, 000260.433, 171
Trd, 000260.500, 167
Trd, 000261.700, 164
Trd, 000262.517, 170
Trd, 000262.700, 168
Trd, 000263.583, 170
Trd, 000263.617, 167
Trd, 000263.917, 171
Trd, 000264.317, 174
Trd, 000264.333, 177
Trd, 000264.433, 174
Trd, 000265.000, 172
Trd, 000265.217, 170
Trd, 000266.467, 171
Trd, 000266.550, 173
Trd, 000266.567, 174
Trd, 000266.733, 171
Trd, 000266.967, 171
Trd, 000267.367, 171
Trd, 000267.533, 182
Trd, 000267.883, 178
Trd, 000268.483, 183
Trd, 000268.817, 181
Trd, 000269.767, 178
Trd, 000269.817, 182
Trd, 000270.133, 183
Trd, 000270.700, 178
Trd, 000270.850, 168
Trd, 000271.250, 164
Trd, 000271.633, 179
Trd, 000271.750, 180
Trd, 000272.800, 177
Trd, 000273.050, 178
Trd, 000273.250, 171
Trd, 000274.083, 164
Trd, 000274.517, 166
Trd, 000274.650, 167
Trd, 000275.367, 163
Trd, 000276.083, 163
Trd, 000276.350, 165
Trd, 000276.933, 171
Trd, 000277.350, 170
Trd, 000277.883, 174
Trd, 000277.950, 178
Trd, 000278.100, 172
Trd, 000278.250, 172
Trd, 000278.300, 173
Trd, 000278.383, 183
Trd, 000278.717, 179
Trd, 000279.650, 184
Trd, 000280.433, 186
Trd, 000280.700, 182
Trd, 000280.750, 182
Trd, 000280.767, 181
Trd, 000281.417, 172
Trd, 000281.467, 169
Trd, 000282.100, 169
Trd, 000282.367, 176
Trd, 000282.650, 178
Trd, 000282.867, 181
Trd, 000282.883, 176
Trd, 000283.533, 186
Trd, 000284.400, 183
Trd, 000284.517, 183
Trd, 000285.050, 182
Trd, 000285.100, 190
Trd, 000286.150, 181
Trd, 000286.617, 174
Trd, 000287.850, 175
Trd, 000287.967, 173
Trd, 000288.300, 180
Trd, 000288.400, 180
Trd, 000288.867, 178
Trd, 000288.967, 169
Trd, 000289.017, 179
Trd, 000289.167, 182
Trd, 000289.617, 186
Trd, 000290.083, 166
Trd, 000290.500, 172
Trd, 000290.633, 173
Trd, 000290.683, 179
Trd, 000291.000, 170
Trd, 000291.583, 179
Trd, 000291.717, 180
Trd, 000292.000, 185
Trd, 000292.783, 175
Trd, 000292.967, 174
Trd, 000293.417, 178
Trd, 000293.617, 180
Trd, 000293.767, 175
Trd, 000294.167, 179
Trd, 000294.567, 178
Trd, 000295.033, 177
Trd, 000295.183, 171
Trd, 000295.317, 178
Trd, 000296.167, 171
Trd, 000296.567, 174
Trd, 000297.017, 173
Trd, 000297.250, 173
Trd, 000297.483, 178
Trd, 000298.067, 173
Trd, 000298.117, 171
Trd, 000298.300, 185
Trd, 000298.350, 187
Trd, 000299.383, 179
Trd, 000299.550, 175
Trd, 000299.583, 181
Trd, 000299.800, 180
