Trd, 000001.883, 157
Trd, 000002.267, 186
Trd, 000002.400, 182
Trd, 000004.467, 176
Trd, 000005.167, 162
Trd, 000005.233, 139
Trd, 000006.650, 151
Trd, 000006.700, 155
Trd, 000006.767, 141
Trd, 000007.683, 140
Trd, 000008.000, 153
Trd, 000008.067, 148
Trd, 000008.300, 154
Trd, 000008.400, 169
Trd, 000010.533, 144
Trd, 000011.317, 147
Trd, 000012.000, 145
Trd, 000012.733, 146
Trd, 000012.750, 146
Trd, 000013.133, 146
Trd, 000013.183, 147
Trd, 000013.200, 153
Trd, 000013.300, 143
Trd, 000014.383, 154
Trd, 000015.350, 150
Trd, 000015.383, 168
Trd, 000015.983, 136
Trd, 000017.983, 153
Trd, 000018.067, 155
Trd, 000018.450, 169
Trd, 000018.667, 146
Trd, 000019.350, 170
Trd, 000019.917, 165
Trd, 000020.050, 162
Trd, 000020.983, 160
Trd, 000021.600, 154
Trd, 000022.533, 160
Trd, 000022.833, 162
Trd, 000022.850, 156
Trd, 000023.433, 159
Trd, 000023.600, 161
Trd, 000023.950, 158
Trd, 000024.700, 154
Trd, 000026.583, 151
Trd, 000027.933, 151
Trd, 000028.150, 150
Trd, 000028.867, 151
Trd, 000029.000, 150
Trd, 000029.117, 151
Trd, 000029.333, 162
Trd, 000030.317, 156
Trd, 000031.017, 152
Trd, 000031.700, 155
Trd, 000033.350, 152
Trd, 000033.383, 155
Trd, 000033.517, 152
Trd, 000034.017, 154
Trd, 000034.317, 156
Trd, 000035.067, 155
Trd, 000035.867, 154
Trd, 000035.950, 156
Trd, 000036.083, 172
Trd, 000036.433, 178
Trd, 000036.850, 166
Trd, 000037.367, 167
Trd, 000038.800, 161
Trd, 000039.267, 167
Trd, 000039.900, 169
Trd, 000040.300, 169
Trd, 000040.600, 162
Trd, 000040.617, 158
Trd, 000041.350, 177
Trd, 000041.917, 183
Trd, 000041.967, 161
Trd, 000044.017, 169
Trd, 000045.217, 169
Trd, 000045.400, 160
Trd, 000045.617, 165
Trd, 000045.683, 169
Trd, 000045.783, 162
Trd, 000046.833, 158
Trd, 000048.133, 160
Trd, 000049.200, 154
Trd, 000049.517, 155
Trd, 000049.883, 154
Trd, 000050.017, 156
Trd, 000050.083, 159
Trd, 000050.317, 161
Trd, 000051.200, 159
Trd, 000051.650, 158
Trd, 000052.117, 159
Trd, 000052.983, 159
Trd, 000053.450, 156
Trd, 000053.900, 151
Trd, 000054.117, 152
Trd, 000054.550, 153
Trd, 000055.467, 161
Trd, 000055.667, 160
Trd, 000056.017, 158
Trd, 000056.350, 173
Trd, 000057.450, 187
Trd, 000057.650, 171
Trd, 000058.500, 157
Trd, 000059.617, 168
Trd, 000059.867, 145
Trd, 000059.967, 151
Trd, 000061.017, 158
Trd, 000061.400, 149
Trd, 000061.817, 159
Trd, 000062.200, 158
Trd, 000062.633, 158
Trd, 000062.650, 159
Trd, 000063.000, 158
Trd, 000063.683, 162
Trd, 000063.917, 161
Trd, 000065.700, 160
Trd, 000066.317, 159
Trd, 000067.217, 158
Trd, 000068.067, 158
Trd, 000068.183, 146
Trd, 000069.467, 168
Trd, 000069.883, 163
Trd, 000069.983, 161
Trd, 000070.217, 164
Trd, 000071.150, 165
Trd, 000072.000, 175
Trd, 000073.017, 161
Trd, 000073.317, 160
Trd, 000074.433, 164
Trd, 000075.450, 161
Trd, 000075.783, 162
Trd, 000076.383, 161
Trd, 000076.767, 163
Trd, 000076.967, 159
Trd, 000078.350, 161
Trd, 000078.583, 144
Trd, 000079.117, 155
Trd, 000080.117, 157
Trd, 000080.933, 158
Trd, 000081.517, 157
Trd, 000081.533, 158
Trd, 000081.617, 159
Trd, 000081.750, 156
Trd, 000083.650, 175
Trd, 000084.717, 171
Trd, 000084.850, 167
Trd, 000085.150, 156
Trd, 000085.800, 160
Trd, 000087.750, 158
Trd, 000088.233, 159
Trd, 000088.633, 158
Trd, 000089.133, 159
Trd, 000089.717, 159
Trd, 000089.900, 162
Trd, 000090.417, 177
Trd, 000090.483, 158
Trd, 000091.267, 178
Trd, 000091.867, 185
Trd, 000092.350, 173
Trd, 000092.450, 171
Trd, 000093.450, 174
Trd, 000094.600, 175
Trd, 000094.917, 171
Trd, 000096.183, 166
Trd, 000096.550, 164
Trd, 000096.867, 171
Trd, 000097.100, 167
Trd, 000097.450, 168
Trd, 000097.800, 172
Trd, 000099.183, 166
Trd, 000099.700, 164
Trd, 000099.750, 170
Trd, 000100.983, 163
Trd, 000101.367, 166
Trd, 000101.783, 171
Trd, 000101.900, 162
Trd, 000102.883, 169
Trd, 000103.267, 184
Trd, 000103.717, 164
Trd, 000104.117, 172
Trd, 000104.967, 172
Trd, 000105.217, 173
Trd, 000105.483, 178
Trd, 000106.450, 185
Trd, 000106.783, 172
Trd, 000107.000, 185
Trd, 000107.833, 166
Trd, 000109.117, 178
Trd, 000109.967, 174
Trd, 000110.400, 179
Trd, 000110.550, 173
Trd, 000110.817, 169
Trd, 000111.433, 168
Trd, 000112.683, 174
Trd, 000112.983, 168
Trd, 000113.100, 176
Trd, 000113.533, 176
Trd, 000113.833, 177
Trd, 000114.850, 175
Trd, 000116.183, 173
Trd, 000116.683, 174
Trd, 000116.883, 168
Trd, 000117.633, 167
Trd, 000118.750, 169
Trd, 000119.783, 173
Trd, 000121.283, 169
Trd, 000122.217, 171
Trd, 000122.533, 171
Trd, 000123.067, 180
Trd, 000123.317, 191
Trd, 000123.700, 205
Trd, 000123.867, 208
Trd, 000124.500, 247
Trd, 000125.000, 300
Trd, 000125.133, 287
Trd, 000125.150, 303.0
Trd, 000126.283, 317.0
Trd, 000126.617, 331.0
Trd, 000127.517, 334
Trd, 000127.733, 343
Trd, 000128.350, 368.0
Trd, 000128.400, 375.0
Trd, 000129.100, 352
Trd, 000129.483, 349
Trd, 000129.933, 348
Trd, 000130.367, 351
Trd, 000130.983, 350
Trd, 000131.767, 349
Trd, 000132.017, 347
Trd, 000132.233, 338.0
Trd, 000134.017, 345
Trd, 000134.483, 342.0
Trd, 000134.733, 339
Trd, 000136.300, 342
Trd, 000136.583, 338
Trd, 000136.733, 339
Trd, 000137.000, 344
Trd, 000137.533, 368.0
Trd, 000139.100, 341
Trd, 000139.317, 346
Trd, 000142.583, 341
Trd, 000144.017, 338
Trd, 000144.450, 337.0
Trd, 000144.967, 341
Trd, 000145.250, 337
Trd, 000145.950, 337
Trd, 000146.033, 337
Trd, 000146.233, 338
Trd, 000146.550, 335
Trd, 000147.433, 337
Trd, 000147.783, 336
Trd, 000148.717, 336
Trd, 000149.250, 335
Trd, 000149.367, 340
Trd, 000149.733, 343
Trd, 000150.167, 366.0
Trd, 000152.233, 346
Trd, 000153.017, 352
Trd, 000153.333, 355
Trd, 000154.167, 350
Trd, 000154.483, 350
Trd, 000154.950, 351
Trd, 000156.133, 349
Trd, 000156.683, 352
Trd, 000156.967, 361
Trd, 000157.683, 351
Trd, 000157.917, 345
Trd, 000158.733, 345
Trd, 000158.950, 350
Trd, 000160.817, 347
Trd, 000161.483, 348
Trd, 000161.817, 345
Trd, 000161.917, 351
Trd, 000162.367, 375.0
Trd, 000163.067, 353
Trd, 000164.833, 358
Trd, 000165.050, 344
Trd, 000166.017, 341
Trd, 000166.667, 352
Trd, 000167.667, 344
Trd, 000167.900, 340
Trd, 000169.067, 342
Trd, 000170.550, 344
Trd, 000170.883, 348
Trd, 000171.883, 345
Trd, 000172.000, 342
Trd, 000172.583, 352
Trd, 000173.350, 341
Trd, 000174.183, 351
Trd, 000174.917, 344
Trd, 000175.833, 344
Trd, 000176.717, 339
Trd, 000176.750, 344
Trd, 000178.283, 342
Trd, 000178.317, 344
Trd, 000178.750, 348
Trd, 000179.983, 346
Trd, 000180.083, 347
Trd, 000180.317, 341
Trd, 000180.567, 338.0
Trd, 000180.917, 349
Trd, 000181.367, 337.0
Trd, 000183.500, 333
Trd, 000183.517, 331.0
Trd, 000183.633, 319
Trd, 000184.400, 317.0
Trd, 000184.483, 254
Trd, 000184.850, 218
Trd, 000185.233, 204
Trd, 000185.483, 200
Trd, 000185.667, 203
Trd, 000185.967, 190
Trd, 000186.383, 219
Trd, 000186.900, 180
Trd, 000188.117, 174
Trd, 000189.217, 174
Trd, 000189.350, 178
Trd, 000190.283, 176
Trd, 000190.300, 181
Trd, 000190.650, 172
Trd, 000192.000, 168
Trd, 000192.083, 169
Trd, 000192.400, 169
Trd, 000192.617, 170
Trd, 000192.883, 168
Trd, 000194.633, 170
Trd, 000194.717, 168
Trd, 000195.650, 165
Trd, 000196.133, 163
Trd, 000196.467, 163
Trd, 000196.583, 164
Trd, 000197.700, 164
Trd, 000198.833, 163
Trd, 000198.850, 165
Trd, 000199.717, 166
Trd, 000201.617, 166
Trd, 000201.967, 163
Trd, 000202.300, 166
Trd, 000202.367, 167
Trd, 000202.767, 162
Trd, 000203.317, 167
Trd, 000203.767, 166
Trd, 000204.100, 164
Trd, 000204.700, 165
Trd, 000205.400, 165
Trd, 000205.900, 167
Trd, 000206.183, 166
Trd, 000206.533, 167
Trd, 000206.750, 170
Trd, 000207.750, 160
Trd, 000208.050, 187
Trd, 000210.150, 185
Trd, 000210.267, 186
Trd, 000210.367, 183
Trd, 000211.683, 175
Trd, 000212.883, 176
Trd, 000213.400, 178
Trd, 000213.650, 179
Trd, 000214.150, 173
Trd, 000215.067, 177
Trd, 000215.200, 177
Trd, 000215.617, 179
Trd, 000215.650, 174
Trd, 000216.650, 172
Trd, 000217.667, 162
Trd, 000218.150, 172
Trd, 000219.850, 172
Trd, 000220.167, 171
Trd, 000220.367, 171
Trd, 000220.617, 159
Trd, 000221.450, 170
Trd, 000221.467, 161
Trd, 000222.600, 165
Trd, 000223.067, 170
Trd, 000223.133, 173
Trd, 000223.900, 169
Trd, 000224.000, 170
Trd, 000224.583, 171
Trd, 000224.767, 181
Trd, 000225.133, 174
Trd, 000225.283, 171
Trd, 000225.600, 175
Trd, 000226.900, 177
Trd, 000227.500, 170
Trd, 000228.300, 176
Trd, 000228.683, 177
Trd, 000230.417, 175
Trd, 000230.633, 169
Trd, 000231.367, 176
Trd, 000231.833, 178
Trd, 000232.150, 191
Trd, 000233.550, 175
Trd, 000234.000, 175
Trd, 000234.567, 173
Trd, 000235.500, 174
Trd, 000236.317, 172
Trd, 000236.383, 173
Trd, 000236.450, 173
Trd, 000236.583, 191
Trd, 000236.717, 163
Trd, 000238.067, 181
Trd, 000238.633, 180
Trd, 000238.700, 185
Trd, 000239.683, 181
Trd, 000240.450, 184
Trd, 000240.567, 186
Trd, 000240.967, 192
Trd, 000241.250, 193
Trd, 000241.817, 185
Trd, 000242.350, 186
Trd, 000242.617, 183
Trd, 000243.033, 185
Trd, 000243.117, 178
Trd, 000243.133, 188
Trd, 000243.217, 187
Trd, 000243.717, 186
Trd, 000245.867, 165
Trd, 000246.233, 166
Trd, 000246.350, 165
Trd, 000247.000, 165
Trd, 000247.550, 166
Trd, 000247.767, 160
Trd, 000247.900, 167
Trd, 000247.983, 163
Trd, 000248.217, 168
Trd, 000249.267, 169
Trd, 000249.617, 175
Trd, 000250.050, 169
Trd, 000250.067, 172
Trd, 000250.250, 170
Trd, 000251.267, 175
Trd, 000251.967, 172
Trd, 000252.267, 173
Trd, 000253.083, 172
Trd, 000253.400, 168
Trd, 000253.667, 173
Trd, 000254.167, 174
Trd, 000254.550, 172
Trd, 000255.167, 174
Trd, 000255.567, 173
Trd, 000255.667, 177
Trd, 000257.133, 181
Trd, 000257.467, 189
Trd, 000258.067, 191
Trd, 000258.383, 177
Trd, 000259.250, 182
Trd, 000259.783, 185
Trd, 000259.967, 183
Trd, 000260.083, 186
Trd, 000261.333, 183
Trd, 000261.500, 184
Trd, 000261.717, 186
Trd, 000261.817, 194
Trd, 000263.033, 185
Trd, 000263.233, 181
Trd, 000263.400, 181
Trd, 000264.650, 189
Trd, 000265.167, 192
Trd, 000265.317, 191
Trd, 000265.500, 194
Trd, 000266.100, 180
Trd, 000266.217, 183
Trd, 000266.933, 181
Trd, 000267.133, 185
Trd, 000267.550, 188
Trd, 000267.783, 186
Trd, 000267.950, 187
Trd, 000268.383, 187
Trd, 000268.883, 189
Trd, 000269.467, 185
Trd, 000269.917, 184
Trd, 000270.433, 186
Trd, 000271.700, 181
Trd, 000271.883, 186
Trd, 000272.267, 187
Trd, 000272.450, 195
Trd, 000273.217, 186
Trd, 000273.250, 182
Trd, 000273.500, 181
Trd, 000274.983, 177
Trd, 000275.083, 177
Trd, 000275.183, 175
Trd, 000275.667, 177
Trd, 000275.817, 177
Trd, 000276.117, 176
Trd, 000276.567, 176
Trd, 000276.767, 174
Trd, 000277.417, 177
Trd, 000277.950, 174
Trd, 000277.967, 167
Trd, 000278.883, 174
Trd, 000279.083, 188
Trd, 000279.650, 187
Trd, 000280.050, 184
Trd, 000281.233, 175
Trd, 000282.083, 183
Trd, 000282.867, 178
Trd, 000283.300, 184
Trd, 000283.583, 175
Trd, 000284.083, 173
Trd, 000284.300, 174
Trd, 000285.283, 200
Trd, 000285.450, 182
Trd, 000285.950, 191
Trd, 000286.317, 180
Trd, 000287.117, 185
Trd, 000287.400, 186
Trd, 000287.783, 181
Trd, 000287.800, 179
Trd, 000287.883, 171
Trd, 000289.067, 180
Trd, 000289.250, 179
Trd, 000289.283, 180
Trd, 000290.183, 178
Trd, 000290.767, 179
Trd, 000290.817, 179
Trd, 000290.883, 197
Trd, 000291.167, 180
Trd, 000291.717, 184
Trd, 000292.217, 194
Trd, 000292.400, 182
Trd, 000292.667, 189
Trd, 000292.783, 169
Trd, 000292.933, 189
Trd, 000293.550, 184
Trd, 000294.333, 184
Trd, 000295.283, 183
Trd, 000295.917, 182
Trd, 000296.167, 181
Trd, 000296.467, 187
Trd, 000296.633, 181
Trd, 000296.883, 180
Trd, 000297.217, 183
Trd, 000297.900, 193
Trd, 000297.917, 202
Trd, 000298.033, 183
Trd, 000299.500, 178
Trd, 000299.733, 171
