Trd, 000000.967, 122
Trd, 000001.200, 120
Trd, 000002.600, 136
Trd, 000002.767, 133
Trd, 000004.517, 134
Trd, 000004.750, 134
Trd, 000005.117, 137
Trd, 000005.133, 141
Trd, 000005.350, 143
Trd, 000006.367, 142
Trd, 000006.633, 139
Trd, 000007.550, 138
Trd, 000007.867, 139
Trd, 000008.833, 142
Trd, 000010.450, 142
Trd, 000010.850, 143
Trd, 000012.000, 143
Trd, 000012.483, 139
Trd, 000013.250, 142
Trd, 000013.350, 144
Trd, 000014.067, 141
Trd, 000014.417, 144
Trd, 000014.950, 145
Trd, 000015.283, 149
Trd, 000016.000, 145
Trd, 000016.200, 147
Trd, 000016.600, 145
Trd, 000017.517, 143
Trd, 000018.633, 143
Trd, 000018.933, 144
Trd, 000020.067, 144
Trd, 000021.417, 146
Trd, 000022.350, 148
Trd, 000023.650, 145
Trd, 000023.967, 146
Trd, 000024.033, 145
Trd, 000025.150, 145
Trd, 000027.550, 144
Trd, 000027.683, 143
Trd, 000028.500, 143
Trd, 000029.183, 145
Trd, 000029.233, 146
Trd, 000030.133, 144
Trd, 000030.483, 144
Trd, 000031.650, 144
Trd, 000032.283, 144
Trd, 000032.500, 143
Trd, 000033.167, 144
Trd, 000033.517, 144
Trd, 000034.333, 147
Trd, 000034.483, 145
Trd, 000034.600, 149
Trd, 000035.567, 145
Trd, 000036.250, 144
Trd, 000036.783, 146
Trd, 000039.300, 145
Trd, 000039.433, 144
Trd, 000039.550, 145
Trd, 000040.950, 143
Trd, 000041.750, 144
Trd, 000042.933, 144
Trd, 000043.183, 143
Trd, 000043.750, 143
Trd, 000044.133, 141
Trd, 000044.283, 140
Trd, 000044.400, 142
Trd, 000044.683, 145
Trd, 000045.150, 151
Trd, 000046.367, 142
Trd, 000047.450, 147
Trd, 000047.917, 147
Trd, 000048.067, 146
Trd, 000048.683, 146
Trd, 000048.950, 145
Trd, 000050.467, 146
Trd, 000051.183, 147
Trd, 000052.200, 149
Trd, 000052.767, 146
Trd, 000053.350, 148
Trd, 000053.517, 150
Trd, 000054.717, 148
Trd, 000054.850, 149
Trd, 000055.500, 147
Trd, 000056.617, 148
Trd, 000056.867, 147
Trd, 000058.067, 148
Trd, 000058.100, 147
Trd, 000058.817, 146
Trd, 000058.917, 151
Trd, 000060.950, 147
Trd, 000062.383, 145
Trd, 000062.567, 146
Trd, 000062.600, 145
Trd, 000063.183, 144
Trd, 000064.617, 145
Trd, 000064.850, 146
Trd, 000065.083, 145
Trd, 000065.617, 146
Trd, 000066.200, 147
Trd, 000067.550, 150
Trd, 000067.950, 148
Trd, 000067.967, 145
Trd, 000069.583, 151
Trd, 000069.917, 150
Trd, 000070.433, 150
Trd, 000070.583, 151
Trd, 000070.767, 148
Trd, 000071.633, 150
Trd, 000072.233, 151
Trd, 000074.183, 150
Trd, 000074.467, 148
Trd, 000074.633, 149
Trd, 000075.233, 151
Trd, 000076.800, 150
Trd, 000078.450, 151
Trd, 000078.633, 151
Trd, 000079.133, 149
Trd, 000079.750, 150
Trd, 000079.917, 149
Trd, 000080.233, 149
Trd, 000081.417, 158
Trd, 000081.850, 156
Trd, 000084.033, 152
Trd, 000084.633, 151
Trd, 000084.850, 151
Trd, 000085.267, 150
Trd, 000085.417, 149
Trd, 000085.700, 148
Trd, 000086.583, 149
Trd, 000086.667, 150
Trd, 000086.917, 151
Trd, 000088.367, 156
Trd, 000088.767, 157
Trd, 000089.483, 165
Trd, 000090.550, 162
Trd, 000091.400, 160
Trd, 000091.750, 159
Trd, 000092.083, 158
Trd, 000093.850, 153
Trd, 000094.033, 153
Trd, 000094.750, 153
Trd, 000096.300, 151
Trd, 000096.433, 154
Trd, 000097.083, 150
Trd, 000098.983, 154
Trd, 000099.100, 154
Trd, 000099.350, 155
Trd, 000099.917, 155
Trd, 000100.750, 153
Trd, 000100.983, 155
Trd, 000101.283, 156
Trd, 000102.350, 157
Trd, 000103.417, 157
Trd, 000103.983, 153
Trd, 000105.200, 156
Trd, 000105.600, 147
Trd, 000105.933, 157
Trd, 000106.550, 153
Trd, 000107.900, 155
Trd, 000109.967, 154
Trd, 000110.133, 155
Trd, 000110.417, 153
Trd, 000110.717, 153
Trd, 000111.600, 152
Trd, 000111.817, 153
Trd, 000112.133, 155
Trd, 000113.217, 155
Trd, 000113.333, 154
Trd, 000114.150, 155
Trd, 000115.467, 155
Trd, 000115.483, 156
Trd, 000115.533, 154
Trd, 000117.783, 154
Trd, 000117.983, 153
Trd, 000118.133, 151
Trd, 000118.150, 154
Trd, 000119.017, 153
Trd, 000119.150, 156
Trd, 000119.217, 155
Trd, 000120.183, 156
Trd, 000121.017, 156
Trd, 000121.417, 157
Trd, 000121.450, 160
Trd, 000122.317, 169
Trd, 000122.833, 180
Trd, 000123.183, 187
Trd, 000123.233, 187
Trd, 000123.767, 189
Trd, 000124.317, 201
Trd, 000124.983, 319.0
Trd, 000125.200, 318
Trd, 000125.550, 320.0
Trd, 000125.767, 319
Trd, 000127.067, 334
Trd, 000127.567, 337.0
Trd, 000127.717, 334
Trd, 000127.800, 333
Trd, 000128.117, 337
Trd, 000128.233, 341.0
Trd, 000130.517, 332
Trd, 000130.800, 332
Trd, 000131.867, 334
Trd, 000131.933, 337.0
Trd, 000132.967, 340
Trd, 000134.550, 338
Trd, 000135.300, 341.0
Trd, 000135.567, 342
Trd, 000136.200, 338.0
Trd, 000137.700, 342.0
Trd, 000139.233, 341.0
Trd, 000139.550, 343
Trd, 000141.000, 342
Trd, 000141.783, 341
Trd, 000142.683, 340.0
Trd, 000144.083, 340
Trd, 000144.200, 340
Trd, 000144.867, 341.0
Trd, 000146.600, 341
Trd, 000146.683, 341.0
Trd, 000147.283, 342
Trd, 000148.967, 340.0
Trd, 000149.900, 337
Trd, 000150.017, 341.0
Trd, 000150.217, 342
Trd, 000152.067, 338.0
Trd, 000152.667, 339
Trd, 000152.867, 338.0
Trd, 000153.183, 338.0
Trd, 000153.500, 337.0
Trd, 000155.200, 337.0
Trd, 000155.550, 336
Trd, 000156.150, 337.0
Trd, 000156.417, 339
Trd, 000157.900, 340
Trd, 000158.017, 338.0
Trd, 000159.100, 341.0
Trd, 000159.383, 340.0
Trd, 000159.433, 341
Trd, 000160.050, 341.0
Trd, 000161.383, 337.0
Trd, 000162.000, 337.0
Trd, 000163.317, 340
Trd, 000163.717, 341
Trd, 000165.233, 340
Trd, 000166.100, 341.0
Trd, 000167.150, 340
Trd, 000168.500, 339
Trd, 000169.383, 339.0
Trd, 000169.417, 337.0
Trd, 000170.133, 339
Trd, 000170.333, 339
Trd, 000170.383, 344.0
Trd, 000170.867, 337.0
Trd, 000171.667, 342.0
Trd, 000172.383, 343.0
Trd, 000174.367, 344
Trd, 000174.800, 343
Trd, 000175.567, 341.0
Trd, 000176.033, 340
Trd, 000176.400, 342
Trd, 000177.550, 342.0
Trd, 000178.183, 344
Trd, 000178.650, 343.0
Trd, 000179.283, 344.0
Trd, 000180.333, 341
Trd, 000180.533, 343
Trd, 000181.083, 342
Trd, 000181.567, 341.0
Trd, 000181.617, 341
Trd, 000181.900, 337.0
Trd, 000182.150, 343
Trd, 000182.167, 335
Trd, 000182.183, 331
Trd, 000182.850, 326
Trd, 000182.983, 324.0
Trd, 000183.450, 306.0
Trd, 000183.483, 303.0
Trd, 000184.417, 316
Trd, 000185.367, 204
Trd, 000185.533, 197
Trd, 000186.033, 189
Trd, 000186.817, 177
Trd, 000187.117, 167
Trd, 000187.883, 159
Trd, 000189.000, 166
Trd, 000190.867, 163
Trd, 000190.950, 162
Trd, 000191.833, 160
Trd, 000192.167, 162
Trd, 000192.467, 158
Trd, 000193.917, 161
Trd, 000194.017, 161
Trd, 000194.067, 160
Trd, 000194.500, 162
Trd, 000196.050, 160
Trd, 000196.517, 161
Trd, 000196.733, 163
Trd, 000199.083, 162
Trd, 000199.633, 163
Trd, 000199.717, 163
Trd, 000199.983, 162
Trd, 000200.450, 161
Trd, 000201.000, 162
Trd, 000202.150, 160
Trd, 000202.333, 168
Trd, 000202.600, 160
Trd, 000203.317, 164
Trd, 000203.650, 164
Trd, 000204.850, 161
Trd, 000204.917, 163
Trd, 000205.967, 162
Trd, 000206.083, 161
Trd, 000206.583, 161
Trd, 000207.650, 160
Trd, 000208.067, 161
Trd, 000208.400, 162
Trd, 000209.150, 158
Trd, 000210.167, 158
Trd, 000210.417, 163
Trd, 000211.950, 163
Trd, 000212.650, 161
Trd, 000212.683, 163
Trd, 000215.100, 161
Trd, 000215.350, 161
Trd, 000215.500, 161
Trd, 000215.667, 162
Trd, 000215.767, 162
Trd, 000215.833, 159
Trd, 000216.217, 164
Trd, 000216.933, 159
Trd, 000217.467, 164
Trd, 000218.467, 164
Trd, 000219.267, 163
Trd, 000220.850, 164
Trd, 000221.183, 162
Trd, 000221.300, 160
Trd, 000221.633, 166
Trd, 000224.050, 169
Trd, 000224.683, 167
Trd, 000225.250, 166
Trd, 000225.467, 164
Trd, 000225.550, 166
Trd, 000227.367, 165
Trd, 000227.600, 166
Trd, 000228.167, 164
Trd, 000228.550, 166
Trd, 000228.633, 166
Trd, 000229.433, 166
Trd, 000230.017, 166
Trd, 000230.600, 162
Trd, 000231.333, 164
Trd, 000231.883, 160
Trd, 000233.483, 164
Trd, 000233.833, 164
Trd, 000233.850, 165
Trd, 000233.967, 165
Trd, 000234.150, 166
Trd, 000235.900, 166
Trd, 000236.533, 166
Trd, 000236.767, 162
Trd, 000238.583, 166
Trd, 000239.500, 165
Trd, 000239.783, 164
Trd, 000240.233, 164
Trd, 000240.417, 165
Trd, 000240.650, 165
Trd, 000240.900, 168
Trd, 000241.083, 166
Trd, 000241.700, 165
Trd, 000241.783, 166
Trd, 000241.950, 167
Trd, 000241.983, 168
Trd, 000243.250, 165
Trd, 000244.067, 175
Trd, 000244.750, 168
Trd, 000244.933, 168
Trd, 000245.000, 170
Trd, 000245.383, 168
Trd, 000245.417, 171
Trd, 000246.067, 168
Trd, 000246.117, 171
Trd, 000246.517, 168
Trd, 000246.633, 168
Trd, 000246.650, 169
Trd, 000247.017, 171
Trd, 000247.950, 170
Trd, 000248.550, 170
Trd, 000249.317, 167
Trd, 000249.567, 171
Trd, 000249.900, 172
Trd, 000250.317, 172
Trd, 000250.717, 172
Trd, 000250.750, 166
Trd, 000250.783, 173
Trd, 000251.483, 171
Trd, 000251.567, 174
Trd, 000253.250, 174
Trd, 000253.583, 174
Trd, 000253.800, 171
Trd, 000254.233, 169
Trd, 000254.667, 167
Trd, 000254.717, 169
Trd, 000255.017, 169
Trd, 000255.267, 173
Trd, 000256.467, 168
Trd, 000256.883, 169
Trd, 000257.183, 171
Trd, 000257.517, 171
Trd, 000257.833, 170
Trd, 000257.917, 171
Trd, 000258.867, 173
Trd, 000259.567, 174
Trd, 000259.883, 174
Trd, 000260.200, 173
Trd, 000261.367, 175
Trd, 000261.567, 175
Trd, 000262.017, 175
Trd, 000262.167, 174
Trd, 000262.683, 175
Trd, 000262.783, 167
Trd, 000263.633, 170
Trd, 000264.117, 172
Trd, 000264.900, 173
Trd, 000265.133, 174
Trd, 000265.833, 170
Trd, 000265.850, 174
Trd, 000266.217, 173
Trd, 000266.233, 168
Trd, 000268.400, 169
Trd, 000269.000, 169
Trd, 000269.100, 168
Trd, 000269.167, 171
Trd, 000269.967, 173
Trd, 000270.483, 168
Trd, 000271.283, 170
Trd, 000271.883, 170
Trd, 000271.983, 170
Trd, 000272.383, 171
Trd, 000272.617, 170
Trd, 000272.717, 169
Trd, 000272.767, 167
Trd, 000272.883, 171
Trd, 000273.200, 169
Trd, 000274.117, 168
Trd, 000275.717, 170
Trd, 000275.850, 169
Trd, 000276.333, 170
Trd, 000276.500, 168
Trd, 000276.617, 169
Trd, 000276.650, 168
Trd, 000276.750, 171
Trd, 000277.217, 182
Trd, 000277.550, 185
Trd, 000277.867, 189
Trd, 000278.250, 186
Trd, 000278.533, 187
Trd, 000278.617, 184
Trd, 000278.833, 179
Trd, 000279.883, 181
Trd, 000279.933, 186
Trd, 000281.383, 183
Trd, 000281.983, 179
Trd, 000282.067, 178
Trd, 000283.333, 171
Trd, 000283.967, 169
Trd, 000284.050, 170
Trd, 000284.117, 172
Trd, 000284.150, 172
Trd, 000284.167, 174
Trd, 000284.417, 165
Trd, 000284.483, 172
Trd, 000284.850, 162
Trd, 000285.750, 167
Trd, 000285.800, 167
Trd, 000286.267, 166
Trd, 000286.583, 171
Trd, 000286.767, 170
Trd, 000286.917, 164
Trd, 000288.217, 174
Trd, 000288.650, 175
Trd, 000288.950, 172
Trd, 000289.633, 175
Trd, 000289.767, 175
Trd, 000289.833, 175
Trd, 000290.267, 172
Trd, 000291.650, 173
Trd, 000291.733, 174
Trd, 000291.933, 166
Trd, 000291.967, 175
Trd, 000292.333, 175
Trd, 000293.433, 171
Trd, 000293.483, 175
Trd, 000293.817, 170
Trd, 000293.867, 176
Trd, 000294.017, 177
Trd, 000295.750, 183
Trd, 000295.833, 182
Trd, 000296.550, 187
Trd, 000297.067, 187
Trd, 000298.333, 180
Trd, 000298.867, 182
Trd, 000299.150, 182
