Trd, 000002.467, 137
Trd, 000004.450, 135
Trd, 000004.700, 158
Trd, 000004.833, 172
Trd, 000005.400, 142
Trd, 000005.417, 135
Trd, 000007.267, 172
Trd, 000008.517, 158
Trd, 000008.817, 163
Trd, 000008.900, 160
Trd, 000009.300, 160
Trd, 000009.417, 160
Trd, 000009.550, 168
Trd, 000009.933, 161
Trd, 000011.067, 162
Trd, 000011.133, 161
Trd, 000011.267, 162
Trd, 000011.683, 160
Trd, 000011.817, 159
Trd, 000012.633, 157
Trd, 000012.900, 153
Trd, 000014.300, 150
Trd, 000014.667, 148
Trd, 000015.367, 136
Trd, 000015.550, 145
Trd, 000016.700, 144
Trd, 000017.483, 149
Trd, 000017.800, 148
Trd, 000018.683, 147
Trd, 000018.767, 148
Trd, 000018.983, 147
Trd, 000019.800, 145
Trd, 000019.900, 146
Trd, 000021.583, 151
Trd, 000021.883, 137
Trd, 000022.150, 142
Trd, 000023.750, 155
Trd, 000024.633, 156
Trd, 000025.367, 155
Trd, 000025.433, 147
Trd, 000026.117, 154
Trd, 000027.567, 153
Trd, 000028.533, 153
Trd, 000028.983, 152
Trd, 000029.650, 153
Trd, 000029.750, 154
Trd, 000029.883, 158
Trd, 000030.167, 151
Trd, 000031.467, 152
Trd, 000033.200, 153
Trd, 000033.500, 153
Trd, 000033.600, 153
Trd, 000033.917, 153
Trd, 000033.933, 153
Trd, 000035.017, 153
Trd, 000035.050, 154
Trd, 000036.000, 151
Trd, 000036.100, 150
Trd, 000036.567, 158
Trd, 000038.117, 173
Trd, 000038.433, 174
Trd, 000038.967, 167
Trd, 000039.033, 166
Trd, 000040.483, 165
Trd, 000041.283, 164
Trd, 000042.033, 160
Trd, 000042.217, 168
Trd, 000042.483, 169
Trd, 000042.700, 170
Trd, 000043.617, 172
Trd, 000044.700, 165
Trd, 000044.817, 161
Trd, 000045.150, 160
Trd, 000045.383, 161
Trd, 000046.450, 156
Trd, 000046.633, 162
Trd, 000047.100, 159
Trd, 000049.083, 165
Trd, 000049.700, 167
Trd, 000050.150, 175
Trd, 000050.367, 167
Trd, 000050.633, 173
Trd, 000050.700, 174
Trd, 000051.133, 152
Trd, 000052.967, 161
Trd, 000054.150, 156
Trd, 000054.183, 151
Trd, 000055.017, 155
Trd, 000055.550, 155
Trd, 000055.650, 156
Trd, 000056.083, 150
Trd, 000056.800, 149
Trd, 000057.250, 149
Trd, 000057.300, 140
Trd, 000057.833, 148
Trd, 000059.067, 145
Trd, 000059.567, 157
Trd, 000060.567, 146
Trd, 000062.133, 149
Trd, 000062.567, 149
Trd, 000062.800, 150
Trd, 000063.200, 148
Trd, 000064.100, 149
Trd, 000064.517, 138
Trd, 000065.950, 147
Trd, 000066.967, 149
Trd, 000067.300, 148
Trd, 000067.983, 161
Trd, 000069.167, 153
Trd, 000069.667, 151
Trd, 000070.150, 154
Trd, 000071.183, 152
Trd, 000072.167, 154
Trd, 000072.700, 158
Trd, 000072.783, 162
Trd, 000075.117, 152
Trd, 000075.250, 150
Trd, 000075.433, 152
Trd, 000075.517, 153
Trd, 000076.017, 152
Trd, 000076.050, 150
Trd, 000076.233, 149
Trd, 000076.250, 158
Trd, 000077.283, 151
Trd, 000077.967, 149
Trd, 000078.917, 161
Trd, 000079.033, 144
Trd, 000079.050, 162
Trd, 000079.100, 142
Trd, 000079.333, 162
Trd, 000081.200, 149
Trd, 000081.383, 159
Trd, 000081.700, 149
Trd, 000082.667, 159
Trd, 000083.083, 147
Trd, 000083.167, 160
Trd, 000084.683, 158
Trd, 000085.900, 157
Trd, 000086.417, 154
Trd, 000087.283, 149
Trd, 000088.883, 153
Trd, 000089.250, 148
Trd, 000089.617, 143
Trd, 000090.050, 147
Trd, 000090.700, 146
Trd, 000091.050, 146
Trd, 000091.150, 144
Trd, 000091.217, 151
Trd, 000092.333, 149
Trd, 000093.567, 151
Trd, 000094.367, 150
Trd, 000094.883, 150
Trd, 000095.067, 151
Trd, 000095.217, 157
Trd, 000095.567, 156
Trd, 000095.633, 164
Trd, 000097.050, 158
Trd, 000098.033, 162
Trd, 000098.200, 162
Trd, 000098.283, 157
Trd, 000098.917, 165
Trd, 000100.000, 161
Trd, 000100.983, 162
Trd, 000101.683, 162
Trd, 000101.717, 160
Trd, 000103.033, 162
Trd, 000103.067, 159
Trd, 000103.117, 157
Trd, 000103.367, 163
Trd, 000103.850, 144
Trd, 000104.233, 161
Trd, 000105.700, 164
Trd, 000106.417, 158
Trd, 000107.133, 162
Trd, 000107.867, 162
Trd, 000108.683, 160
Trd, 000109.183, 159
Trd, 000109.433, 162
Trd, 000109.550, 158
Trd, 000109.917, 154
Trd, 000110.700, 151
Trd, 000111.467, 161
Trd, 000112.483, 156
Trd, 000113.300, 157
Trd, 000113.567, 157
Trd, 000113.850, 158
Trd, 000114.133, 161
Trd, 000115.200, 158
Trd, 000115.583, 157
Trd, 000115.850, 158
Trd, 000116.117, 162
Trd, 000116.667, 165
Trd, 000117.833, 164
Trd, 000118.950, 159
Trd, 000118.983, 182
Trd, 000119.317, 158
Trd, 000119.533, 172
Trd, 000120.683, 191
Trd, 000121.617, 181
Trd, 000121.633, 178
Trd, 000121.917, 182
Trd, 000122.083, 187
Trd, 000122.250, 188
Trd, 000122.700, 201
Trd, 000123.483, 262
Trd, 000123.733, 307
Trd, 000124.483, 314.0
Trd, 000124.550, 317.0
Trd, 000124.800, 314.0
Trd, 000124.950, 343
Trd, 000126.417, 349.0
Trd, 000127.417, 337
Trd, 000127.533, 351.0
Trd, 000127.583, 335.0
Trd, 000128.733, 334.0
Trd, 000128.983, 354
Trd, 000129.200, 320.0
Trd, 000129.750, 331.0
Trd, 000131.083, 350
Trd, 000131.717, 351
Trd, 000132.200, 348.0
Trd, 000133.267, 351
Trd, 000133.883, 341
Trd, 000135.700, 344
Trd, 000135.883, 337
Trd, 000137.217, 341
Trd, 000138.050, 340
Trd, 000138.633, 344
Trd, 000139.067, 344
Trd, 000139.100, 331.0
Trd, 000139.133, 326
Trd, 000140.750, 336.0
Trd, 000141.683, 341
Trd, 000141.850, 351.0
Trd, 000143.017, 355
Trd, 000143.217, 363
Trd, 000143.233, 334.0
Trd, 000143.917, 335
Trd, 000145.783, 351
Trd, 000146.750, 353
Trd, 000147.683, 351
Trd, 000148.933, 347
Trd, 000149.467, 348
Trd, 000149.500, 346
Trd, 000150.033, 348
Trd, 000150.100, 343
Trd, 000151.750, 351
Trd, 000151.800, 342
Trd, 000152.033, 351.0
Trd, 000153.367, 340
Trd, 000154.117, 336.0
Trd, 000154.133, 344
Trd, 000155.783, 349.0
Trd, 000156.583, 337
Trd, 000156.833, 346
Trd, 000157.683, 336
Trd, 000158.450, 332.0
Trd, 000159.050, 347.0
Trd, 000160.817, 341
Trd, 000161.300, 349
Trd, 000161.700, 350
Trd, 000162.583, 350.0
Trd, 000162.783, 343
Trd, 000163.733, 343
Trd, 000164.117, 349.0
Trd, 000164.783, 351.0
Trd, 000164.800, 343
Trd, 000168.200, 344
Trd, 000168.267, 343
Trd, 000168.967, 345
Trd, 000169.200, 344
Trd, 000169.333, 341
Trd, 000169.350, 351
Trd, 000170.383, 349.0
Trd, 000171.567, 343
Trd, 000171.667, 342
Trd, 000171.933, 355
Trd, 000171.967, 343
Trd, 000171.983, 372.0
Trd, 000173.583, 368
Trd, 000174.200, 365
Trd, 000174.583, 347
Trd, 000175.400, 345
Trd, 000176.533, 353
Trd, 000177.017, 353
Trd, 000179.267, 350
Trd, 000179.350, 351.0
Trd, 000179.383, 347
Trd, 000179.633, 334.0
Trd, 000179.850, 331.0
Trd, 000179.883, 351
Trd, 000181.217, 329
Trd, 000181.883, 332
Trd, 000182.083, 326
Trd, 000183.933, 300.0
Trd, 000184.033, 284
Trd, 000184.567, 306
Trd, 000185.817, 193
Trd, 000186.017, 193
Trd, 000186.083, 190
Trd, 000187.133, 191
Trd, 000189.100, 180
Trd, 000190.533, 179
Trd, 000190.617, 179
Trd, 000190.667, 180
Trd, 000191.283, 179
Trd, 000191.367, 166
Trd, 000191.567, 153
Trd, 000191.633, 179
Trd, 000191.967, 179
Trd, 000192.633, 178
Trd, 000192.933, 171
Trd, 000193.100, 171
Trd, 000194.900, 171
Trd, 000195.383, 170
Trd, 000195.500, 170
Trd, 000195.667, 166
Trd, 000196.550, 170
Trd, 000197.283, 156
Trd, 000197.933, 161
Trd, 000198.550, 154
Trd, 000198.833, 172
Trd, 000198.867, 145
Trd, 000199.167, 140
Trd, 000200.533, 161
Trd, 000202.583, 157
Trd, 000202.883, 157
Trd, 000202.917, 156
Trd, 000203.283, 161
Trd, 000203.400, 171
Trd, 000203.583, 175
Trd, 000204.133, 190
Trd, 000204.300, 154
Trd, 000206.817, 178
Trd, 000208.417, 177
Trd, 000208.450, 179
Trd, 000208.617, 181
Trd, 000209.117, 174
Trd, 000209.133, 168
Trd, 000210.483, 182
Trd, 000211.367, 196
Trd, 000211.750, 186
Trd, 000212.033, 189
Trd, 000213.200, 183
Trd, 000213.533, 187
Trd, 000213.683, 180
Trd, 000215.083, 183
Trd, 000215.333, 181
Trd, 000215.650, 158
Trd, 000216.733, 165
Trd, 000216.883, 155
Trd, 000217.750, 168
Trd, 000217.767, 159
Trd, 000219.033, 162
Trd, 000219.767, 165
Trd, 000220.450, 164
Trd, 000220.867, 163
Trd, 000221.950, 159
Trd, 000223.567, 165
Trd, 000223.600, 173
Trd, 000224.200, 168
Trd, 000224.650, 162
Trd, 000225.150, 162
Trd, 000225.550, 174
Trd, 000226.117, 174
Trd, 000226.583, 174
Trd, 000227.433, 176
Trd, 000227.533, 173
Trd, 000227.617, 177
Trd, 000227.850, 179
Trd, 000228.250, 175
Trd, 000229.717, 178
Trd, 000230.383, 178
Trd, 000231.117, 178
Trd, 000231.717, 178
Trd, 000232.100, 169
Trd, 000232.800, 182
Trd, 000234.367, 176
Trd, 000235.150, 174
Trd, 000235.500, 157
Trd, 000236.233, 175
Trd, 000237.700, 172
Trd, 000237.967, 173
Trd, 000239.600, 173
Trd, 000239.933, 173
Trd, 000240.467, 175
Trd, 000240.600, 178
Trd, 000240.633, 176
Trd, 000241.333, 175
Trd, 000241.450, 176
Trd, 000241.767, 176
Trd, 000241.883, 175
Trd, 000242.050, 174
Trd, 000242.350, 174
Trd, 000242.417, 171
Trd, 000243.000, 159
Trd, 000243.367, 174
Trd, 000244.833, 159
Trd, 000244.967, 164
Trd, 000245.133, 178
Trd, 000245.717, 176
Trd, 000245.733, 179
Trd, 000246.833, 195
Trd, 000247.033, 192
Trd, 000247.050, 190
Trd, 000247.550, 194
Trd, 000247.617, 196
Trd, 000247.833, 189
Trd, 000249.217, 196
Trd, 000249.400, 197
Trd, 000249.433, 197
Trd, 000249.650, 189
Trd, 000250.267, 188
Trd, 000250.450, 177
Trd, 000251.817, 178
Trd, 000252.317, 176
Trd, 000252.667, 178
Trd, 000252.683, 176
Trd, 000252.967, 176
Trd, 000253.100, 176
Trd, 000253.967, 175
Trd, 000254.733, 174
Trd, 000255.000, 173
Trd, 000255.200, 172
Trd, 000256.200, 174
Trd, 000256.467, 173
Trd, 000257.183, 172
Trd, 000257.217, 172
Trd, 000257.650, 171
Trd, 000258.317, 169
Trd, 000259.200, 168
Trd, 000259.783, 169
Trd, 000259.983, 170
Trd, 000260.250, 181
Trd, 000261.283, 185
Trd, 000261.317, 194
Trd, 000262.267, 179
Trd, 000262.350, 182
Trd, 000262.583, 179
Trd, 000263.367, 179
Trd, 000263.900, 180
Trd, 000264.000, 180
Trd, 000264.133, 182
Trd, 000264.767, 178
Trd, 000265.283, 177
Trd, 000265.550, 178
Trd, 000265.900, 178
Trd, 000266.100, 177
Trd, 000266.200, 173
Trd, 000267.083, 165
Trd, 000267.317, 160
Trd, 000267.767, 155
Trd, 000267.950, 153
Trd, 000268.500, 165
Trd, 000269.033, 161
Trd, 000269.133, 173
Trd, 000269.583, 170
Trd, 000269.983, 172
Trd, 000270.200, 163
Trd, 000270.933, 168
Trd, 000271.250, 167
Trd, 000271.833, 173
Trd, 000271.850, 173
Trd, 000271.933, 178
Trd, 000272.117, 174
Trd, 000273.067, 177
Trd, 000273.767, 176
Trd, 000273.883, 172
Trd, 000274.167, 177
Trd, 000274.583, 177
Trd, 000275.000, 178
Trd, 000276.233, 178
Trd, 000276.417, 182
Trd, 000276.483, 174
Trd, 000276.767, 175
Trd, 000277.550, 182
Trd, 000277.800, 177
Trd, 000277.933, 181
Trd, 000279.783, 180
Trd, 000280.167, 183
Trd, 000280.617, 187
Trd, 000280.833, 180
Trd, 000281.000, 179
Trd, 000281.050, 175
Trd, 000281.333, 173
Trd, 000281.567, 181
Trd, 000281.833, 179
Trd, 000283.150, 178
Trd, 000283.717, 177
Trd, 000283.817, 179
Trd, 000284.067, 167
Trd, 000284.233, 172
Trd, 000284.517, 180
Trd, 000285.350, 182
Trd, 000286.000, 175
Trd, 000286.183, 172
Trd, 000286.483, 163
Trd, 000287.233, 183
Trd, 000287.933, 174
Trd, 000288.200, 175
Trd, 000288.317, 172
Trd, 000289.150, 185
Trd, 000289.533, 187
Trd, 000289.817, 174
Trd, 000290.567, 180
Trd, 000290.650, 188
Trd, 000290.800, 179
Trd, 000291.183, 193
Trd, 000291.517, 193
Trd, 000291.550, 164
Trd, 000291.900, 173
Trd, 000293.183, 176
Trd, 000293.367, 174
Trd, 000294.400, 179
Trd, 000294.917, 179
Trd, 000295.267, 175
Trd, 000296.233, 177
Trd, 000296.383, 175
Trd, 000296.400, 177
Trd, 000296.467, 178
Trd, 000296.567, 180
Trd, 000296.583, 184
Trd, 000296.767, 175
Trd, 000297.033, 160
Trd, 000297.717, 177
Trd, 000298.200, 189
Trd, 000298.333, 179
Trd, 000298.400, 181
Trd, 000298.750, 179
Trd, 000299.317, 200
Trd, 000299.333, 178
