Trd, 000001.533, 193
Trd, 000002.733, 163
Trd, 000003.300, 165
Trd, 000003.983, 168
Trd, 000004.017, 153
Trd, 000004.567, 160
Trd, 000005.967, 165
Trd, 000006.200, 164
Trd, 000006.667, 155
Trd, 000007.583, 151
Trd, 000008.317, 148
Trd, 000008.650, 157
Trd, 000009.583, 158
Trd, 000009.717, 156
Trd, 000010.450, 154
Trd, 000010.650, 155
Trd, 000010.933, 153
Trd, 000010.983, 159
Trd, 000012.400, 156
Trd, 000012.483, 149
Trd, 000013.417, 157
Trd, 000013.533, 159
Trd, 000014.950, 159
Trd, 000015.000, 163
Trd, 000015.283, 153
Trd, 000015.450, 165
Trd, 000016.017, 166
Trd, 000016.717, 167
Trd, 000017.417, 160
Trd, 000018.783, 157
Trd, 000018.800, 152
Trd, 000019.433, 162
Trd, 000019.517, 161
Trd, 000019.700, 150
Trd, 000019.733, 155
Trd, 000020.783, 156
Trd, 000021.717, 147
Trd, 000021.750, 146
Trd, 000023.683, 164
Trd, 000024.933, 168
Trd, 000025.400, 157
Trd, 000025.767, 154
Trd, 000026.150, 153
Trd, 000026.183, 163
Trd, 000026.817, 158
Trd, 000027.233, 153
Trd, 000027.633, 162
Trd, 000028.150, 164
Trd, 000029.000, 155
Trd, 000029.467, 155
Trd, 000029.817, 154
Trd, 000031.283, 153
Trd, 000032.000, 159
Trd, 000033.250, 148
Trd, 000034.167, 146
Trd, 000034.183, 147
Trd, 000034.350, 158
Trd, 000034.433, 160
Trd, 000034.767, 162
Trd, 000035.150, 137
Trd, 000035.533, 148
Trd, 000037.117, 161
Trd, 000037.500, 162
Trd, 000037.983, 154
Trd, 000038.750, 154
Trd, 000039.183, 153
Trd, 000039.450, 159
Trd, 000039.767, 164
Trd, 000040.433, 164
Trd, 000040.617, 166
Trd, 000042.100, 159
Trd, 000042.850, 159
Trd, 000043.317, 168
Trd, 000043.367, 154
Trd, 000045.117, 168
Trd, 000045.217, 169
Trd, 000045.617, 190
Trd, 000046.150, 160
Trd, 000047.567, 156
Trd, 000048.650, 155
Trd, 000049.133, 162
Trd, 000049.933, 164
Trd, 000050.417, 164
Trd, 000050.617, 165
Trd, 000051.233, 160
Trd, 000051.350, 167
Trd, 000051.550, 156
Trd, 000051.617, 170
Trd, 000051.650, 153
Trd, 000052.983, 151
Trd, 000053.983, 170
Trd, 000054.033, 160
Trd, 000054.083, 158
Trd, 000055.233, 154
Trd, 000055.617, 153
Trd, 000055.783, 154
Trd, 000056.000, 157
Trd, 000056.633, 156
Trd, 000057.667, 142
Trd, 000058.217, 150
Trd, 000060.600, 162
Trd, 000061.017, 161
Trd, 000061.233, 166
Trd, 000062.150, 167
Trd, 000062.317, 158
Trd, 000062.450, 157
Trd, 000062.783, 155
Trd, 000063.383, 151
Trd, 000063.400, 165
Trd, 000063.767, 150
Trd, 000063.950, 165
Trd, 000064.800, 155
Trd, 000065.550, 166
Trd, 000065.900, 171
Trd, 000067.183, 167
Trd, 000067.200, 171
Trd, 000067.283, 175
Trd, 000067.367, 161
Trd, 000067.717, 163
Trd, 000067.800, 162
Trd, 000068.317, 161
Trd, 000068.883, 156
Trd, 000069.117, 150
Trd, 000069.183, 172
Trd, 000070.767, 166
Trd, 000071.950, 163
Trd, 000072.200, 167
Trd, 000072.583, 162
Trd, 000073.117, 155
Trd, 000073.433, 171
Trd, 000073.967, 165
Trd, 000074.117, 162
Trd, 000075.883, 165
Trd, 000076.417, 167
Trd, 000077.417, 163
Trd, 000077.517, 158
Trd, 000077.617, 163
Trd, 000078.317, 162
Trd, 000079.767, 160
Trd, 000080.183, 163
Trd, 000080.283, 164
Trd, 000080.583, 159
Trd, 000080.867, 166
Trd, 000081.017, 173
Trd, 000082.517, 166
Trd, 000082.650, 163
Trd, 000082.767, 171
Trd, 000083.150, 173
Trd, 000084.333, 163
Trd, 000084.850, 156
Trd, 000085.150, 152
Trd, 000085.833, 158
Trd, 000086.183, 168
Trd, 000088.000, 169
Trd, 000089.767, 166
Trd, 000090.017, 164
Trd, 000090.267, 160
Trd, 000091.050, 163
Trd, 000091.433, 166
Trd, 000092.067, 162
Trd, 000092.100, 160
Trd, 000092.383, 164
Trd, 000093.217, 165
Trd, 000093.333, 166
Trd, 000094.017, 167
Trd, 000094.617, 161
Trd, 000094.750, 171
Trd, 000094.783, 174
Trd, 000094.900, 169
Trd, 000095.083, 157
Trd, 000095.500, 177
Trd, 000096.033, 178
Trd, 000096.767, 165
Trd, 000097.083, 178
Trd, 000097.350, 165
Trd, 000097.683, 182
Trd, 000097.700, 154
Trd, 000098.000, 153
Trd, 000100.533, 168
Trd, 000100.750, 164
Trd, 000102.300, 171
Trd, 000104.267, 167
Trd, 000104.367, 165
Trd, 000104.383, 164
Trd, 000105.050, 155
Trd, 000105.433, 156
Trd, 000105.500, 157
Trd, 000105.733, 153
Trd, 000106.350, 168
Trd, 000109.133, 175
Trd, 000109.550, 166
Trd, 000109.600, 159
Trd, 000110.083, 175
Trd, 000110.150, 176
Trd, 000110.200, 165
Trd, 000110.400, 164
Trd, 000110.833, 178
Trd, 000111.167, 179
Trd, 000111.200, 162
Trd, 000111.317, 155
Trd, 000112.100, 163
Trd, 000113.883, 162
Trd, 000114.083, 161
Trd, 000114.267, 163
Trd, 000115.383, 167
Trd, 000115.733, 162
Trd, 000115.900, 159
Trd, 000117.050, 149
Trd, 000117.717, 147
Trd, 000118.000, 148
Trd, 000118.083, 149
Trd, 000118.433, 153
Trd, 000118.667, 156
Trd, 000119.433, 145
Trd, 000120.400, 170
Trd, 000121.050, 178
Trd, 000123.000, 187
Trd, 000123.333, 198
Trd, 000123.700, 201
Trd, 000123.917, 215
Trd, 000124.783, 300.0
Trd, 000124.967, 327.0
Trd, 000125.217, 337.0
Trd, 000125.817, 336.0
Trd, 000125.883, 339.0
Trd, 000126.567, 361
Trd, 000126.650, 336.0
Trd, 000126.933, 343.0
Trd, 000126.967, 344.0
Trd, 000127.483, 344.0
Trd, 000128.533, 348
Trd, 000128.700, 341.0
Trd, 000129.733, 350
Trd, 000129.917, 335.0
Trd, 000130.917, 337.0
Trd, 000131.067, 335.0
Trd, 000133.167, 355.0
Trd, 000133.650, 357
Trd, 000134.000, 346
Trd, 000134.350, 346
Trd, 000134.700, 344
Trd, 000135.500, 345
Trd, 000135.750, 334.0
Trd, 000135.833, 355
Trd, 000137.633, 347
Trd, 000137.800, 343
Trd, 000138.033, 355.0
Trd, 000140.200, 348
Trd, 000140.433, 346
Trd, 000140.900, 335.0
Trd, 000140.983, 337.0
Trd, 000141.550, 353
Trd, 000141.800, 359
Trd, 000141.933, 336.0
Trd, 000142.733, 355
Trd, 000142.783, 362
Trd, 000144.800, 355.0
Trd, 000145.633, 351.0
Trd, 000145.700, 355
Trd, 000146.033, 356
Trd, 000147.000, 348.0
Trd, 000147.050, 344.0
Trd, 000147.083, 344
Trd, 000147.350, 357
Trd, 000147.550, 342
Trd, 000147.983, 358
Trd, 000148.217, 356
Trd, 000148.883, 358
Trd, 000150.200, 355.0
Trd, 000150.367, 347
Trd, 000150.483, 346
Trd, 000150.600, 344.0
Trd, 000152.617, 355
Trd, 000153.217, 344.0
Trd, 000153.267, 338
Trd, 000155.083, 354
Trd, 000155.100, 344.0
Trd, 000155.483, 363
Trd, 000156.317, 348
Trd, 000156.467, 368
Trd, 000156.733, 345
Trd, 000157.083, 346.0
Trd, 000158.133, 347
Trd, 000158.283, 362
Trd, 000158.867, 362
Trd, 000158.883, 346
Trd, 000159.033, 344.0
Trd, 000159.317, 344
Trd, 000160.717, 355
Trd, 000162.017, 368.0
Trd, 000163.017, 355
Trd, 000163.250, 352
Trd, 000163.933, 353
Trd, 000164.817, 355
Trd, 000165.483, 351.0
Trd, 000165.983, 348.0
Trd, 000166.517, 355.0
Trd, 000166.683, 351
Trd, 000167.233, 345.0
Trd, 000168.100, 344.0
Trd, 000168.283, 354
Trd, 000168.600, 346
Trd, 000170.367, 340.0
Trd, 000170.417, 353
Trd, 000170.667, 358
Trd, 000171.050, 346
Trd, 000172.467, 356.0
Trd, 000172.600, 355.0
Trd, 000173.233, 353
Trd, 000173.417, 354
Trd, 000174.083, 351
Trd, 000174.617, 363
Trd, 000174.883, 365
Trd, 000175.633, 351.0
Trd, 000176.217, 348.0
Trd, 000176.450, 348
Trd, 000177.667, 360
Trd, 000177.817, 349
Trd, 000178.100, 349
Trd, 000178.683, 348
Trd, 000179.517, 355.0
Trd, 000180.233, 357
Trd, 000180.417, 359
Trd, 000181.433, 336.0
Trd, 000181.850, 331.0
Trd, 000181.933, 363
Trd, 000182.017, 323
Trd, 000183.233, 358
Trd, 000183.650, 320.0
Trd, 000184.000, 313
Trd, 000184.500, 235
Trd, 000184.817, 205
Trd, 000184.967, 186
Trd, 000185.483, 178
Trd, 000185.517, 180
Trd, 000186.367, 174
Trd, 000186.700, 162
Trd, 000187.117, 180
Trd, 000187.600, 182
Trd, 000188.817, 161
Trd, 000189.250, 183
Trd, 000189.300, 161
Trd, 000189.467, 160
Trd, 000189.767, 160
Trd, 000190.033, 181
Trd, 000190.350, 160
Trd, 000190.567, 181
Trd, 000191.633, 174
Trd, 000192.200, 164
Trd, 000193.533, 169
Trd, 000195.217, 181
Trd, 000195.867, 178
Trd, 000196.783, 178
Trd, 000196.950, 175
Trd, 000197.550, 167
Trd, 000197.817, 179
Trd, 000198.017, 165
Trd, 000198.617, 168
Trd, 000200.033, 180
Trd, 000200.667, 184
Trd, 000201.333, 168
Trd, 000202.467, 176
Trd, 000203.133, 175
Trd, 000204.067, 175
Trd, 000204.150, 181
Trd, 000204.217, 182
Trd, 000204.517, 171
Trd, 000205.050, 181
Trd, 000205.283, 182
Trd, 000205.933, 176
Trd, 000206.317, 175
Trd, 000206.800, 175
Trd, 000208.517, 174
Trd, 000209.083, 173
Trd, 000210.133, 172
Trd, 000210.283, 179
Trd, 000210.367, 171
Trd, 000210.583, 169
Trd, 000210.933, 179
Trd, 000211.133, 169
Trd, 000211.383, 166
Trd, 000212.317, 178
Trd, 000213.600, 176
Trd, 000213.900, 176
Trd, 000215.067, 176
Trd, 000215.400, 177
Trd, 000215.450, 183
Trd, 000215.550, 196
Trd, 000216.433, 182
Trd, 000217.367, 177
Trd, 000217.433, 174
Trd, 000219.100, 172
Trd, 000219.833, 175
Trd, 000219.967, 181
Trd, 000220.833, 176
Trd, 000220.917, 179
Trd, 000222.117, 171
Trd, 000222.283, 171
Trd, 000222.567, 180
Trd, 000222.683, 188
Trd, 000222.767, 171
Trd, 000224.033, 170
Trd, 000224.733, 157
Trd, 000225.400, 158
Trd, 000225.600, 159
Trd, 000226.117, 163
Trd, 000226.167, 166
Trd, 000226.217, 189
Trd, 000226.583, 161
Trd, 000226.717, 193
Trd, 000227.150, 161
Trd, 000227.917, 158
Trd, 000228.483, 157
Trd, 000228.500, 160
Trd, 000229.567, 165
Trd, 000229.600, 167
Trd, 000230.233, 159
Trd, 000230.467, 182
Trd, 000232.400, 178
Trd, 000232.783, 178
Trd, 000233.133, 191
Trd, 000233.283, 167
Trd, 000234.650, 173
Trd, 000235.517, 182
Trd, 000236.183, 168
Trd, 000236.317, 180
Trd, 000236.350, 185
Trd, 000237.883, 170
Trd, 000238.650, 175
Trd, 000238.783, 171
Trd, 000239.983, 170
Trd, 000240.367, 170
Trd, 000240.617, 173
Trd, 000240.817, 173
Trd, 000241.317, 174
Trd, 000241.333, 172
Trd, 000241.733, 171
Trd, 000241.850, 170
Trd, 000242.100, 172
Trd, 000242.717, 170
Trd, 000243.567, 165
Trd, 000243.683, 170
Trd, 000243.817, 165
Trd, 000243.983, 169
Trd, 000244.817, 167
Trd, 000245.433, 168
Trd, 000245.567, 172
Trd, 000246.050, 170
Trd, 000246.317, 168
Trd, 000247.250, 168
Trd, 000247.600, 166
Trd, 000247.750, 169
Trd, 000248.150, 168
Trd, 000248.933, 173
Trd, 000248.967, 168
Trd, 000250.117, 175
Trd, 000250.683, 171
Trd, 000250.833, 176
Trd, 000251.367, 172
Trd, 000251.417, 173
Trd, 000251.467, 183
Trd, 000252.150, 183
Trd, 000252.783, 170
Trd, 000253.083, 169
Trd, 000253.567, 178
Trd, 000253.700, 174
Trd, 000254.567, 179
Trd, 000254.583, 178
Trd, 000254.900, 176
Trd, 000255.250, 171
Trd, 000255.367, 174
Trd, 000255.883, 180
Trd, 000256.400, 181
Trd, 000256.867, 174
Trd, 000257.400, 174
Trd, 000258.033, 177
Trd, 000258.100, 183
Trd, 000258.700, 184
Trd, 000259.067, 185
Trd, 000259.200, 174
Trd, 000259.917, 189
Trd, 000260.800, 181
Trd, 000260.950, 184
Trd, 000261.383, 180
Trd, 000261.783, 178
Trd, 000261.833, 175
Trd, 000262.117, 177
Trd, 000262.600, 180
Trd, 000263.083, 172
Trd, 000263.317, 163
Trd, 000263.817, 172
Trd, 000263.900, 160
Trd, 000264.117, 175
Trd, 000264.383, 166
Trd, 000265.067, 170
Trd, 000265.533, 173
Trd, 000265.733, 170
Trd, 000266.250, 184
Trd, 000266.917, 178
Trd, 000267.133, 173
Trd, 000267.517, 183
Trd, 000267.600, 185
Trd, 000268.567, 185
Trd, 000268.633, 183
Trd, 000269.433, 179
Trd, 000269.850, 178
Trd, 000270.233, 181
Trd, 000270.483, 178
Trd, 000270.617, 171
Trd, 000270.717, 176
Trd, 000271.567, 170
Trd, 000271.617, 164
Trd, 000271.700, 171
Trd, 000272.317, 185
Trd, 000272.517, 164
Trd, 000273.067, 178
Trd, 000273.183, 190
Trd, 000273.567, 167
Trd, 000274.950, 171
Trd, 000275.683, 169
Trd, 000276.017, 169
Trd, 000276.417, 169
Trd, 000276.633, 167
Trd, 000276.833, 171
Trd, 000277.333, 174
Trd, 000277.717, 175
Trd, 000278.250, 175
Trd, 000278.367, 192
Trd, 000279.217, 172
Trd, 000279.333, 176
Trd, 000279.567, 172
Trd, 000279.983, 171
Trd, 000281.000, 170
Trd, 000281.733, 179
Trd, 000283.117, 180
Trd, 000283.233, 177
Trd, 000283.750, 180
Trd, 000284.617, 176
Trd, 000284.950, 180
Trd, 000285.383, 177
Trd, 000285.750, 185
Trd, 000285.800, 190
Trd, 000285.917, 187
Trd, 000286.000, 195
Trd, 000286.450, 185
Trd, 000286.533, 184
Trd, 000287.417, 183
Trd, 000287.867, 194
Trd, 000289.117, 191
Trd, 000289.383, 184
Trd, 000289.617, 184
Trd, 000290.083, 187
Trd, 000290.283, 186
Trd, 000290.300, 180
Trd, 000291.367, 187
Trd, 000291.500, 188
Trd, 000291.717, 177
Trd, 000291.917, 173
Trd, 000292.233, 162
Trd, 000293.200, 166
Trd, 000293.750, 177
Trd, 000293.850, 192
Trd, 000294.267, 190
Trd, 000294.483, 174
Trd, 000294.567, 194
Trd, 000296.650, 171
Trd, 000296.867, 173
Trd, 000297.217, 173
Trd, 000297.583, 175
Trd, 000297.917, 177
Trd, 000298.000, 175
Trd, 000298.133, 177
Trd, 000298.167, 178
Trd, 000298.500, 174
Trd, 000298.717, 188
Trd, 000299.517, 174
