Trd, 000000.700, 106
Trd, 000003.050, 138
Trd, 000004.767, 136
Trd, 000004.983, 134
Trd, 000005.217, 151
Trd, 000006.167, 143
Trd, 000006.383, 146
Trd, 000006.883, 155
Trd, 000006.900, 158
Trd, 000008.583, 148
Trd, 000008.950, 142
Trd, 000009.733, 147
Trd, 000010.233, 147
Trd, 000010.383, 148
Trd, 000010.700, 145
Trd, 000014.150, 147
Trd, 000014.517, 147
Trd, 000015.267, 148
Trd, 000016.467, 146
Trd, 000017.150, 150
Trd, 000017.300, 146
Trd, 000017.517, 153
Trd, 000017.967, 153
Trd, 000019.967, 152
Trd, 000020.883, 150
Trd, 000021.000, 149
Trd, 000022.367, 152
Trd, 000023.167, 152
Trd, 000024.500, 152
Trd, 000024.517, 153
Trd, 000024.683, 151
Trd, 000024.867, 153
Trd, 000025.650, 154
Trd, 000026.900, 156
Trd, 000027.283, 156
Trd, 000027.600, 157
Trd, 000029.167, 156
Trd, 000029.367, 157
Trd, 000029.467, 155
Trd, 000029.483, 154
Trd, 000031.050, 153
Trd, 000032.167, 153
Trd, 000032.450, 158
Trd, 000033.350, 157
Trd, 000033.483, 158
Trd, 000034.683, 161
Trd, 000034.717, 155
Trd, 000035.050, 160
Trd, 000035.533, 158
Trd, 000035.600, 160
Trd, 000036.000, 155
Trd, 000036.100, 161
Trd, 000036.450, 155
Trd, 000036.617, 153
Trd, 000037.683, 154
Trd, 000037.983, 153
Trd, 000038.000, 163
Trd, 000038.417, 156
Trd, 000040.450, 156
Trd, 000040.700, 155
Trd, 000041.983, 157
Trd, 000042.233, 158
Trd, 000043.533, 155
Trd, 000044.283, 159
Trd, 000044.600, 159
Trd, 000045.300, 158
Trd, 000045.650, 156
Trd, 000046.367, 155
Trd, 000046.867, 154
Trd, 000047.700, 155
Trd, 000047.750, 153
Trd, 000047.967, 149
Trd, 000048.150, 138
Trd, 000049.200, 147
Trd, 000049.683, 152
Trd, 000050.383, 148
Trd, 000050.500, 149
Trd, 000050.767, 150
Trd, 000051.250, 158
Trd, 000051.800, 154
Trd, 000052.950, 147
Trd, 000052.967, 142
Trd, 000054.067, 154
Trd, 000054.600, 154
Trd, 000055.367, 154
Trd, 000055.450, 156
Trd, 000055.800, 160
Trd, 000056.650, 160
Trd, 000057.733, 161
Trd, 000057.917, 163
Trd, 000058.383, 181
Trd, 000059.767, 154
Trd, 000060.467, 155
Trd, 000060.600, 162
Trd, 000061.850, 160
Trd, 000062.400, 160
Trd, 000062.917, 154
Trd, 000063.017, 160
Trd, 000063.383, 154
Trd, 000063.717, 149
Trd, 000064.217, 158
Trd, 000064.350, 161
Trd, 000064.550, 161
Trd, 000066.350, 157
Trd, 000067.033, 153
Trd, 000067.750, 154
Trd, 000068.667, 152
Trd, 000069.367, 152
Trd, 000069.667, 155
Trd, 000070.567, 152
Trd, 000070.700, 151
Trd, 000071.117, 154
Trd, 000071.867, 143
Trd, 000073.183, 154
Trd, 000073.400, 158
Trd, 000073.483, 162
Trd, 000073.950, 155
Trd, 000075.000, 154
Trd, 000075.417, 155
Trd, 000075.883, 156
Trd, 000076.583, 156
Trd, 000076.717, 159
Trd, 000077.467, 160
Trd, 000078.300, 160
Trd, 000078.617, 163
Trd, 000079.150, 163
Trd, 000079.317, 159
Trd, 000080.267, 164
Trd, 000080.683, 162
Trd, 000081.133, 166
Trd, 000081.483, 170
Trd, 000082.483, 170
Trd, 000083.533, 165
Trd, 000084.000, 164
Trd, 000084.217, 166
Trd, 000085.000, 165
Trd, 000085.100, 163
Trd, 000085.867, 164
Trd, 000086.983, 161
Trd, 000087.017, 165
Trd, 000087.133, 168
Trd, 000087.200, 170
Trd, 000087.350, 158
Trd, 000087.367, 170
Trd, 000089.850, 153
Trd, 000089.900, 158
Trd, 000090.050, 143
Trd, 000090.133, 159
Trd, 000091.433, 157
Trd, 000091.783, 159
Trd, 000092.617, 158
Trd, 000092.867, 157
Trd, 000093.283, 155
Trd, 000094.583, 156
Trd, 000095.167, 156
Trd, 000095.633, 157
Trd, 000096.800, 154
Trd, 000097.200, 158
Trd, 000098.100, 156
Trd, 000098.267, 155
Trd, 000098.533, 157
Trd, 000098.633, 161
Trd, 000098.700, 154
Trd, 000099.800, 165
Trd, 000100.583, 163
Trd, 000101.183, 152
Trd, 000102.783, 162
Trd, 000103.183, 168
Trd, 000103.233, 182
Trd, 000103.683, 149
Trd, 000105.383, 172
Trd, 000105.667, 174
Trd, 000106.100, 165
Trd, 000106.400, 166
Trd, 000106.833, 166
Trd, 000106.883, 164
Trd, 000107.283, 165
Trd, 000107.433, 167
Trd, 000107.967, 167
Trd, 000108.050, 147
Trd, 000109.267, 161
Trd, 000109.317, 162
Trd, 000110.967, 160
Trd, 000111.550, 159
Trd, 000111.700, 155
Trd, 000112.567, 153
Trd, 000112.667, 145
Trd, 000113.367, 144
Trd, 000114.883, 154
Trd, 000115.817, 153
Trd, 000115.867, 153
Trd, 000117.133, 157
Trd, 000117.700, 158
Trd, 000118.500, 155
Trd, 000118.700, 157
Trd, 000118.900, 163
Trd, 000119.233, 153
Trd, 000119.417, 151
Trd, 000119.467, 161
Trd, 000121.717, 153
Trd, 000122.100, 152
Trd, 000122.683, 174
Trd, 000122.767, 185
Trd, 000122.900, 184
Trd, 000122.950, 198
Trd, 000123.250, 240
Trd, 000123.350, 296
Trd, 000123.500, 306.0
Trd, 000125.400, 324.0
Trd, 000126.800, 336
Trd, 000127.917, 335
Trd, 000128.000, 336.0
Trd, 000128.050, 337.0
Trd, 000128.117, 351.0
Trd, 000128.550, 355.0
Trd, 000131.567, 344
Trd, 000132.467, 341.0
Trd, 000133.250, 342
Trd, 000133.350, 343
Trd, 000133.717, 343
Trd, 000134.083, 342
Trd, 000134.433, 344
Trd, 000134.533, 345
Trd, 000134.733, 341
Trd, 000135.717, 342
Trd, 000138.317, 342
Trd, 000140.017, 344
Trd, 000140.233, 345
Trd, 000140.550, 344
Trd, 000141.150, 342
Trd, 000141.683, 340
Trd, 000142.383, 337.0
Trd, 000142.933, 341
Trd, 000143.183, 342
Trd, 000144.717, 336
Trd, 000144.733, 345
Trd, 000148.350, 342
Trd, 000149.050, 339
Trd, 000149.150, 340
Trd, 000149.267, 338
Trd, 000150.717, 339
Trd, 000151.367, 343
Trd, 000152.083, 339.0
Trd, 000152.150, 345
Trd, 000154.000, 339.0
Trd, 000154.567, 339
Trd, 000155.567, 339
Trd, 000157.567, 341
Trd, 000158.650, 340
Trd, 000158.783, 345
Trd, 000159.500, 339
Trd, 000159.667, 350.0
Trd, 000159.883, 349
Trd, 000160.217, 337.0
Trd, 000160.450, 348
Trd, 000163.150, 344
Trd, 000164.833, 336
Trd, 000165.583, 338
Trd, 000166.117, 338
Trd, 000166.533, 337.0
Trd, 000167.750, 338
Trd, 000167.900, 341
Trd, 000168.517, 341
Trd, 000169.083, 341
Trd, 000169.200, 334
Trd, 000169.767, 342
Trd, 000169.817, 337
Trd, 000170.167, 354.0
Trd, 000173.233, 338
Trd, 000173.467, 343
Trd, 000173.633, 344
Trd, 000174.683, 340
Trd, 000174.733, 342
Trd, 000176.217, 339
Trd, 000176.467, 338
Trd, 000177.217, 339
Trd, 000177.400, 337
Trd, 000178.667, 341
Trd, 000179.683, 341
Trd, 000179.783, 342
Trd, 000180.600, 340
Trd, 000181.017, 341
Trd, 000182.033, 333
Trd, 000182.433, 336
Trd, 000182.683, 331.0
Trd, 000182.900, 322
Trd, 000183.233, 335
Trd, 000183.500, 200
Trd, 000184.017, 190
Trd, 000184.700, 189
Trd, 000185.317, 189
Trd, 000185.350, 190
Trd, 000185.933, 181
Trd, 000187.100, 190
Trd, 000187.300, 180
Trd, 000187.500, 175
Trd, 000188.833, 173
Trd, 000189.483, 170
Trd, 000192.167, 170
Trd, 000192.383, 169
Trd, 000192.567, 169
Trd, 000193.500, 169
Trd, 000193.883, 170
Trd, 000193.983, 176
Trd, 000194.633, 175
Trd, 000194.783, 177
Trd, 000195.000, 181
Trd, 000195.150, 181
Trd, 000195.933, 176
Trd, 000196.667, 183
Trd, 000196.983, 178
Trd, 000197.050, 173
Trd, 000197.467, 169
Trd, 000198.033, 161
Trd, 000198.117, 171
Trd, 000198.300, 181
Trd, 000199.300, 169
Trd, 000199.750, 173
Trd, 000201.367, 168
Trd, 000202.283, 166
Trd, 000202.483, 165
Trd, 000203.350, 163
Trd, 000204.233, 165
Trd, 000204.817, 165
Trd, 000205.167, 170
Trd, 000205.783, 182
Trd, 000206.600, 189
Trd, 000206.683, 181
Trd, 000208.200, 182
Trd, 000208.233, 182
Trd, 000208.567, 193
Trd, 000209.283, 177
Trd, 000209.600, 177
Trd, 000210.133, 176
Trd, 000210.500, 175
Trd, 000210.683, 177
Trd, 000211.983, 175
Trd, 000212.483, 175
Trd, 000212.917, 178
Trd, 000213.583, 171
Trd, 000213.750, 176
Trd, 000216.450, 173
Trd, 000216.767, 174
Trd, 000216.900, 172
Trd, 000217.017, 174
Trd, 000217.600, 178
Trd, 000217.867, 171
Trd, 000218.483, 175
Trd, 000220.300, 171
Trd, 000220.767, 175
Trd, 000221.133, 177
Trd, 000222.433, 171
Trd, 000222.467, 158
Trd, 000222.800, 178
Trd, 000223.533, 168
Trd, 000223.700, 168
Trd, 000224.167, 157
Trd, 000225.333, 165
Trd, 000225.900, 165
Trd, 000226.533, 171
Trd, 000226.600, 173
Trd, 000226.983, 176
Trd, 000227.400, 178
Trd, 000227.867, 178
Trd, 000228.383, 167
Trd, 000228.900, 181
Trd, 000229.617, 167
Trd, 000229.683, 167
Trd, 000231.000, 179
Trd, 000232.650, 173
Trd, 000233.033, 171
Trd, 000234.717, 173
Trd, 000234.867, 173
Trd, 000234.983, 174
Trd, 000235.150, 174
Trd, 000236.100, 180
Trd, 000236.583, 179
Trd, 000236.750, 170
Trd, 000238.117, 179
Trd, 000239.183, 170
Trd, 000240.067, 174
Trd, 000240.550, 172
Trd, 000240.817, 171
Trd, 000240.983, 170
Trd, 000241.200, 168
Trd, 000241.250, 170
Trd, 000241.500, 167
Trd, 000241.683, 170
Trd, 000242.100, 172
Trd, 000242.150, 172
Trd, 000242.233, 179
Trd, 000243.067, 182
Trd, 000243.383, 178
Trd, 000244.033, 180
Trd, 000244.150, 183
Trd, 000244.267, 176
Trd, 000245.283, 175
Trd, 000245.983, 177
Trd, 000246.533, 176
Trd, 000246.617, 175
Trd, 000246.767, 176
Trd, 000247.150, 176
Trd, 000247.217, 172
Trd, 000247.550, 180
Trd, 000248.250, 181
Trd, 000248.617, 179
Trd, 000248.950, 175
Trd, 000249.017, 174
Trd, 000249.617, 172
Trd, 000249.683, 173
Trd, 000249.850, 171
Trd, 000250.200, 173
Trd, 000250.383, 170
Trd, 000251.167, 174
Trd, 000251.817, 171
Trd, 000251.917, 173
Trd, 000253.200, 175
Trd, 000253.750, 169
Trd, 000253.817, 175
Trd, 000254.033, 175
Trd, 000254.267, 176
Trd, 000255.083, 180
Trd, 000255.450, 180
Trd, 000256.700, 174
Trd, 000256.733, 173
Trd, 000257.350, 171
Trd, 000257.817, 171
Trd, 000258.250, 171
Trd, 000259.133, 172
Trd, 000259.150, 172
Trd, 000259.983, 177
Trd, 000261.167, 173
Trd, 000261.333, 172
Trd, 000261.367, 170
Trd, 000261.517, 174
Trd, 000261.850, 171
Trd, 000262.100, 172
Trd, 000262.333, 174
Trd, 000262.583, 177
Trd, 000263.117, 178
Trd, 000263.783, 171
Trd, 000264.667, 171
Trd, 000265.483, 174
Trd, 000265.600, 176
Trd, 000265.717, 184
Trd, 000266.500, 180
Trd, 000266.583, 173
Trd, 000266.933, 181
Trd, 000268.383, 179
Trd, 000268.617, 181
Trd, 000268.850, 184
Trd, 000269.033, 185
Trd, 000269.350, 189
Trd, 000270.450, 188
Trd, 000271.017, 181
Trd, 000271.267, 183
Trd, 000271.283, 182
Trd, 000271.433, 184
Trd, 000273.150, 177
Trd, 000273.617, 181
Trd, 000273.683, 183
Trd, 000274.333, 174
Trd, 000274.633, 175
Trd, 000274.833, 178
Trd, 000274.900, 180
Trd, 000275.500, 185
Trd, 000275.783, 166
Trd, 000276.167, 170
Trd, 000276.850, 177
Trd, 000276.883, 178
Trd, 000277.700, 176
Trd, 000277.933, 180
Trd, 000278.150, 182
Trd, 000278.217, 183
Trd, 000278.367, 173
Trd, 000278.700, 201
Trd, 000279.033, 168
Trd, 000279.450, 201
Trd, 000279.983, 183
Trd, 000281.317, 185
Trd, 000281.350, 186
Trd, 000281.583, 186
Trd, 000281.950, 188
Trd, 000281.983, 185
Trd, 000282.000, 189
Trd, 000282.017, 183
Trd, 000282.133, 181
Trd, 000282.667, 178
Trd, 000283.383, 172
Trd, 000283.417, 176
Trd, 000284.633, 175
Trd, 000284.700, 172
Trd, 000285.083, 174
Trd, 000285.300, 175
Trd, 000285.867, 178
Trd, 000286.050, 177
Trd, 000286.317, 177
Trd, 000286.717, 181
Trd, 000287.167, 181
Trd, 000287.283, 176
Trd, 000289.067, 177
Trd, 000289.117, 184
Trd, 000289.767, 175
Trd, 000289.983, 177
Trd, 000290.017, 184
Trd, 000290.233, 169
Trd, 000290.817, 185
Trd, 000290.850, 185
Trd, 000291.233, 163
Trd, 000291.800, 175
Trd, 000292.083, 177
Trd, 000292.450, 180
Trd, 000294.050, 177
Trd, 000294.067, 178
Trd, 000294.150, 176
Trd, 000294.217, 180
Trd, 000294.300, 174
Trd, 000295.000, 177
Trd, 000295.483, 184
Trd, 000295.767, 177
Trd, 000296.100, 187
Trd, 000296.383, 190
Trd, 000297.433, 178
Trd, 000297.900, 183
Trd, 000299.500, 185
Trd, 000299.633, 186
Trd, 000299.867, 186
Trd, 000299.983, 183
