Trd, 000001.600, 165
Trd, 000002.733, 123
Trd, 000003.500, 134
Trd, 000003.917, 130
Trd, 000003.950, 137
Trd, 000004.133, 135
Trd, 000004.733, 107
Trd, 000005.267, 144
Trd, 000005.933, 140
Trd, 000006.500, 144
Trd, 000006.817, 151
Trd, 000007.333, 154
Trd, 000007.600, 152
Trd, 000008.250, 148
Trd, 000008.517, 148
Trd, 000009.000, 150
Trd, 000009.467, 155
Trd, 000010.000, 145
Trd, 000011.533, 146
Trd, 000011.983, 147
Trd, 000012.883, 151
Trd, 000013.083, 151
Trd, 000013.667, 146
Trd, 000013.733, 152
Trd, 000014.350, 156
Trd, 000014.433, 160
Trd, 000014.917, 165
Trd, 000017.633, 158
Trd, 000017.767, 160
Trd, 000018.183, 156
Trd, 000019.500, 159
Trd, 000020.083, 161
Trd, 000020.250, 158
Trd, 000021.617, 161
Trd, 000022.050, 156
Trd, 000022.400, 160
Trd, 000022.717, 156
Trd, 000022.967, 161
Trd, 000023.133, 155
Trd, 000024.667, 149
Trd, 000025.300, 155
Trd, 000025.717, 152
Trd, 000026.133, 146
Trd, 000026.467, 151
Trd, 000026.617, 149
Trd, 000027.050, 150
Trd, 000027.083, 145
Trd, 000027.400, 151
Trd, 000027.833, 151
Trd, 000028.283, 154
Trd, 000028.533, 148
Trd, 000028.667, 148
Trd, 000030.117, 153
Trd, 000031.283, 154
Trd, 000031.667, 155
Trd, 000031.850, 153
Trd, 000032.550, 165
Trd, 000033.500, 167
Trd, 000035.917, 156
Trd, 000036.717, 155
Trd, 000036.733, 153
Trd, 000036.883, 158
Trd, 000037.300, 152
Trd, 000037.367, 154
Trd, 000037.567, 150
Trd, 000038.517, 151
Trd, 000039.117, 155
Trd, 000039.600, 155
Trd, 000040.667, 157
Trd, 000040.817, 152
Trd, 000041.433, 157
Trd, 000042.067, 151
Trd, 000042.600, 151
Trd, 000043.083, 155
Trd, 000043.200, 151
Trd, 000044.083, 153
Trd, 000045.267, 159
Trd, 000045.600, 155
Trd, 000045.917, 150
Trd, 000046.183, 155
Trd, 000046.417, 155
Trd, 000046.850, 149
Trd, 000048.383, 154
Trd, 000048.867, 150
Trd, 000048.883, 149
Trd, 000049.500, 155
Trd, 000049.833, 155
Trd, 000050.017, 156
Trd, 000051.233, 154
Trd, 000051.367, 151
Trd, 000051.383, 157
Trd, 000052.567, 158
Trd, 000052.667, 160
Trd, 000053.900, 162
Trd, 000053.917, 170
Trd, 000054.317, 173
Trd, 000056.233, 154
Trd, 000057.167, 160
Trd, 000058.467, 155
Trd, 000059.000, 153
Trd, 000059.717, 158
Trd, 000059.850, 158
Trd, 000060.250, 155
Trd, 000060.400, 150
Trd, 000060.417, 143
Trd, 000061.467, 152
Trd, 000061.483, 158
Trd, 000061.517, 151
Trd, 000061.600, 158
Trd, 000062.967, 158
Trd, 000064.000, 153
Trd, 000064.383, 152
Trd, 000064.667, 158
Trd, 000064.817, 152
Trd, 000064.833, 158
Trd, 000065.150, 152
Trd, 000065.317, 160
Trd, 000065.517, 161
Trd, 000066.683, 159
Trd, 000066.817, 160
Trd, 000067.283, 151
Trd, 000067.333, 176
Trd, 000067.450, 150
Trd, 000067.667, 173
Trd, 000068.067, 160
Trd, 000068.383, 172
Trd, 000069.000, 156
Trd, 000069.583, 163
Trd, 000070.967, 164
Trd, 000071.383, 162
Trd, 000073.517, 156
Trd, 000074.117, 160
Trd, 000074.200, 159
Trd, 000074.367, 159
Trd, 000074.700, 158
Trd, 000075.267, 157
Trd, 000075.617, 162
Trd, 000076.633, 160
Trd, 000076.650, 154
Trd, 000076.667, 162
Trd, 000076.700, 162
Trd, 000077.033, 142
Trd, 000077.900, 170
Trd, 000078.450, 152
Trd, 000078.733, 150
Trd, 000079.083, 149
Trd, 000080.700, 161
Trd, 000080.767, 162
Trd, 000081.183, 173
Trd, 000081.533, 152
Trd, 000081.567, 151
Trd, 000082.350, 167
Trd, 000082.683, 142
Trd, 000082.983, 172
Trd, 000083.783, 145
Trd, 000083.917, 152
Trd, 000084.033, 173
Trd, 000085.817, 156
Trd, 000086.133, 158
Trd, 000086.317, 160
Trd, 000087.167, 157
Trd, 000089.333, 157
Trd, 000089.517, 159
Trd, 000090.433, 160
Trd, 000091.083, 160
Trd, 000091.200, 156
Trd, 000091.350, 156
Trd, 000091.633, 153
Trd, 000092.183, 159
Trd, 000092.333, 159
Trd, 000093.600, 157
Trd, 000093.617, 155
Trd, 000093.883, 154
Trd, 000094.117, 158
Trd, 000094.200, 153
Trd, 000094.267, 160
Trd, 000094.767, 164
Trd, 000095.100, 172
Trd, 000095.600, 160
Trd, 000096.367, 165
Trd, 000096.450, 166
Trd, 000096.700, 154
Trd, 000097.533, 162
Trd, 000097.750, 165
Trd, 000097.967, 161
Trd, 000098.150, 158
Trd, 000098.917, 164
Trd, 000099.500, 160
Trd, 000100.633, 147
Trd, 000101.217, 155
Trd, 000101.767, 154
Trd, 000101.817, 161
Trd, 000102.917, 161
Trd, 000103.050, 165
Trd, 000103.633, 155
Trd, 000104.367, 177
Trd, 000105.550, 165
Trd, 000106.383, 161
Trd, 000107.867, 165
Trd, 000108.667, 163
Trd, 000108.767, 163
Trd, 000108.933, 160
Trd, 000108.983, 166
Trd, 000110.600, 167
Trd, 000111.317, 163
Trd, 000112.267, 165
Trd, 000112.283, 165
Trd, 000112.683, 161
Trd, 000113.083, 163
Trd, 000113.983, 160
Trd, 000115.033, 163
Trd, 000115.200, 160
Trd, 000116.200, 162
Trd, 000116.417, 160
Trd, 000116.550, 158
Trd, 000117.500, 159
Trd, 000117.533, 163
Trd, 000118.017, 164
Trd, 000118.317, 164
Trd, 000118.617, 166
Trd, 000118.867, 149
Trd, 000120.050, 162
Trd, 000120.167, 158
Trd, 000120.617, 159
Trd, 000121.450, 163
Trd, 000122.100, 176
Trd, 000122.167, 177
Trd, 000122.350, 180
Trd, 000122.433, 195
Trd, 000122.583, 201
Trd, 000123.233, 205
Trd, 000125.833, 306.0
Trd, 000126.083, 326
Trd, 000126.133, 333
Trd, 000126.533, 337.0
Trd, 000126.867, 329
Trd, 000127.100, 319.0
Trd, 000127.167, 339
Trd, 000127.517, 334
Trd, 000127.733, 337.0
Trd, 000128.600, 342
Trd, 000129.050, 340
Trd, 000129.283, 339
Trd, 000129.517, 345
Trd, 000129.550, 334.0
Trd, 000131.050, 364.0
Trd, 000131.083, 365.0
Trd, 000131.467, 341
Trd, 000132.400, 334
Trd, 000132.883, 328
Trd, 000133.100, 334
Trd, 000133.500, 333
Trd, 000134.467, 345
Trd, 000134.983, 355.0
Trd, 000135.083, 337.0
Trd, 000135.133, 316.0
Trd, 000135.617, 330
Trd, 000136.367, 357
Trd, 000137.950, 335
Trd, 000138.883, 349
Trd, 000139.717, 347
Trd, 000140.033, 340
Trd, 000140.450, 339
Trd, 000140.883, 348
Trd, 000140.933, 337.0
Trd, 000141.267, 348
Trd, 000141.600, 344.0
Trd, 000141.617, 337.0
Trd, 000142.117, 339
Trd, 000142.950, 342
Trd, 000143.333, 338
Trd, 000145.433, 344
Trd, 000146.083, 345
Trd, 000146.150, 341
Trd, 000146.233, 346
Trd, 000148.117, 345.0
Trd, 000148.683, 346
Trd, 000148.700, 344.0
Trd, 000148.783, 347
Trd, 000149.467, 342
Trd, 000150.950, 342
Trd, 000151.033, 339
Trd, 000151.117, 337.0
Trd, 000151.150, 346
Trd, 000151.283, 349
Trd, 000152.700, 350
Trd, 000153.017, 344.0
Trd, 000154.667, 343
Trd, 000155.000, 341
Trd, 000155.033, 350
Trd, 000155.167, 350
Trd, 000158.483, 345
Trd, 000158.633, 346
Trd, 000158.750, 350
Trd, 000159.000, 344.0
Trd, 000159.083, 341
Trd, 000159.983, 337.0
Trd, 000160.350, 364.0
Trd, 000162.417, 340
Trd, 000163.283, 340
Trd, 000163.883, 339
Trd, 000164.050, 347
Trd, 000164.267, 350
Trd, 000165.200, 351
Trd, 000165.833, 344.0
Trd, 000165.850, 339
Trd, 000166.317, 345
Trd, 000167.433, 340
Trd, 000169.117, 343
Trd, 000169.450, 346
Trd, 000169.950, 345
Trd, 000169.983, 341
Trd, 000170.267, 345
Trd, 000170.367, 339
Trd, 000170.967, 339
Trd, 000171.033, 338.0
Trd, 000171.167, 346
Trd, 000171.450, 337.0
Trd, 000171.933, 325.0
Trd, 000173.950, 345
Trd, 000174.033, 343
Trd, 000174.783, 339
Trd, 000174.883, 344
Trd, 000175.167, 337
Trd, 000175.500, 351.0
Trd, 000176.000, 344.0
Trd, 000177.483, 345
Trd, 000177.717, 363.0
Trd, 000178.317, 354
Trd, 000179.767, 350
Trd, 000180.183, 347
Trd, 000180.300, 353
Trd, 000181.117, 346
Trd, 000181.350, 346
Trd, 000181.667, 345
Trd, 000181.917, 353
Trd, 000182.183, 344.0
Trd, 000183.267, 348
Trd, 000183.467, 347
Trd, 000183.533, 337.0
Trd, 000183.700, 311
Trd, 000184.450, 303.0
Trd, 000184.650, 282
Trd, 000185.267, 199
Trd, 000185.367, 193
Trd, 000185.483, 189
Trd, 000185.617, 182
Trd, 000186.050, 199
Trd, 000186.067, 173
Trd, 000186.367, 164
Trd, 000186.883, 165
Trd, 000187.517, 163
Trd, 000188.533, 179
Trd, 000188.633, 180
Trd, 000189.033, 178
Trd, 000190.867, 175
Trd, 000191.717, 174
Trd, 000191.733, 178
Trd, 000191.900, 181
Trd, 000192.267, 166
Trd, 000192.567, 169
Trd, 000193.817, 172
Trd, 000194.233, 179
Trd, 000194.567, 171
Trd, 000194.933, 178
Trd, 000195.267, 169
Trd, 000196.467, 172
Trd, 000196.817, 173
Trd, 000197.717, 173
Trd, 000197.783, 174
Trd, 000199.433, 174
Trd, 000199.467, 167
Trd, 000199.933, 174
Trd, 000200.033, 169
Trd, 000200.100, 171
Trd, 000200.717, 175
Trd, 000201.300, 174
Trd, 000201.767, 170
Trd, 000202.050, 169
Trd, 000202.333, 171
Trd, 000203.983, 171
Trd, 000204.500, 170
Trd, 000205.217, 169
Trd, 000205.383, 173
Trd, 000205.667, 172
Trd, 000207.133, 171
Trd, 000208.817, 173
Trd, 000209.083, 175
Trd, 000209.550, 185
Trd, 000209.783, 172
Trd, 000210.200, 186
Trd, 000210.433, 171
Trd, 000211.333, 174
Trd, 000211.867, 173
Trd, 000212.900, 173
Trd, 000213.567, 175
Trd, 000213.733, 173
Trd, 000214.533, 169
Trd, 000214.767, 168
Trd, 000214.867, 165
Trd, 000216.733, 167
Trd, 000217.117, 168
Trd, 000217.567, 182
Trd, 000217.700, 166
Trd, 000218.900, 184
Trd, 000219.083, 169
Trd, 000219.300, 167
Trd, 000219.900, 166
Trd, 000219.917, 181
Trd, 000222.583, 159
Trd, 000222.633, 159
Trd, 000222.767, 169
Trd, 000222.883, 170
Trd, 000222.983, 170
Trd, 000223.833, 166
Trd, 000224.133, 165
Trd, 000224.167, 166
Trd, 000224.333, 165
Trd, 000224.600, 168
Trd, 000225.933, 165
Trd, 000226.617, 164
Trd, 000227.817, 170
Trd, 000229.350, 166
Trd, 000229.483, 173
Trd, 000229.533, 173
Trd, 000229.750, 166
Trd, 000230.183, 171
Trd, 000230.433, 167
Trd, 000230.500, 171
Trd, 000231.333, 174
Trd, 000231.517, 174
Trd, 000231.733, 173
Trd, 000231.883, 178
Trd, 000232.267, 171
Trd, 000233.317, 185
Trd, 000235.133, 188
Trd, 000235.417, 172
Trd, 000235.583, 183
Trd, 000236.217, 170
Trd, 000236.333, 169
Trd, 000236.933, 180
Trd, 000239.050, 172
Trd, 000239.983, 171
Trd, 000240.050, 171
Trd, 000240.683, 170
Trd, 000241.017, 170
Trd, 000241.200, 171
Trd, 000241.400, 170
Trd, 000241.617, 171
Trd, 000241.867, 173
Trd, 000243.183, 174
Trd, 000243.317, 172
Trd, 000243.683, 172
Trd, 000243.983, 172
Trd, 000244.367, 175
Trd, 000244.433, 177
Trd, 000244.467, 171
Trd, 000245.133, 168
Trd, 000245.983, 170
Trd, 000246.217, 171
Trd, 000246.333, 176
Trd, 000247.050, 166
Trd, 000247.817, 178
Trd, 000249.233, 177
Trd, 000249.600, 178
Trd, 000249.850, 176
Trd, 000250.300, 172
Trd, 000250.417, 177
Trd, 000250.567, 180
Trd, 000251.300, 172
Trd, 000251.817, 176
Trd, 000252.017, 179
Trd, 000252.200, 179
Trd, 000252.350, 177
Trd, 000252.400, 180
Trd, 000252.450, 173
Trd, 000253.683, 174
Trd, 000253.783, 171
Trd, 000255.100, 171
Trd, 000255.300, 172
Trd, 000255.550, 173
Trd, 000255.617, 171
Trd, 000256.283, 174
Trd, 000256.383, 171
Trd, 000256.567, 165
Trd, 000257.583, 172
Trd, 000257.800, 175
Trd, 000258.117, 177
Trd, 000258.567, 174
Trd, 000259.017, 176
Trd, 000259.733, 172
Trd, 000260.583, 171
Trd, 000260.800, 175
Trd, 000260.983, 177
Trd, 000261.517, 170
Trd, 000262.000, 175
Trd, 000262.150, 170
Trd, 000262.883, 172
Trd, 000263.183, 173
Trd, 000263.617, 179
Trd, 000263.700, 190
Trd, 000264.533, 186
Trd, 000264.900, 178
Trd, 000265.417, 192
Trd, 000265.967, 185
Trd, 000266.650, 184
Trd, 000267.233, 185
Trd, 000267.317, 180
Trd, 000267.417, 187
Trd, 000267.700, 173
Trd, 000267.850, 163
Trd, 000268.517, 183
Trd, 000268.933, 187
Trd, 000269.467, 188
Trd, 000270.517, 188
Trd, 000270.900, 188
Trd, 000270.950, 185
Trd, 000270.967, 182
Trd, 000272.833, 183
Trd, 000273.017, 184
Trd, 000273.117, 182
Trd, 000273.533, 182
Trd, 000273.767, 183
Trd, 000274.233, 183
Trd, 000274.283, 185
Trd, 000274.350, 186
Trd, 000275.700, 185
Trd, 000276.467, 185
Trd, 000276.500, 184
Trd, 000276.750, 184
Trd, 000277.283, 178
Trd, 000277.967, 185
Trd, 000278.233, 193
Trd, 000279.717, 180
Trd, 000280.150, 181
Trd, 000280.250, 179
Trd, 000280.667, 186
Trd, 000281.083, 184
Trd, 000281.200, 178
Trd, 000281.717, 179
Trd, 000281.767, 175
Trd, 000283.283, 180
Trd, 000283.567, 179
Trd, 000283.867, 172
Trd, 000283.900, 180
Trd, 000284.367, 181
Trd, 000284.617, 183
Trd, 000284.667, 193
Trd, 000285.433, 185
Trd, 000286.167, 179
Trd, 000286.483, 178
Trd, 000287.200, 178
Trd, 000287.317, 174
Trd, 000287.517, 187
Trd, 000288.100, 172
Trd, 000288.400, 178
Trd, 000288.750, 171
Trd, 000289.183, 180
Trd, 000289.383, 180
Trd, 000290.100, 174
Trd, 000290.217, 179
Trd, 000290.600, 178
Trd, 000291.617, 176
Trd, 000291.900, 181
Trd, 000291.967, 182
Trd, 000292.083, 183
Trd, 000292.167, 176
Trd, 000292.867, 184
Trd, 000294.033, 184
Trd, 000294.117, 185
Trd, 000294.250, 177
Trd, 000295.417, 181
Trd, 000295.667, 185
Trd, 000295.750, 186
Trd, 000296.083, 178
Trd, 000296.533, 181
Trd, 000296.733, 178
Trd, 000297.133, 179
Trd, 000297.600, 187
Trd, 000298.733, 174
Trd, 000298.800, 187
Trd, 000298.950, 167
Trd, 000299.550, 189
Trd, 000299.617, 176
