Trd, 000002.050, 134
Trd, 000003.533, 144
Trd, 000004.550, 124
Trd, 000005.417, 145
Trd, 000006.100, 146
Trd, 000006.217, 148
Trd, 000006.733, 134
Trd, 000006.800, 151
Trd, 000006.883, 161
Trd, 000006.967, 134
Trd, 000007.533, 152
Trd, 000008.033, 145
Trd, 000008.150, 144
Trd, 000008.300, 151
Trd, 000010.400, 149
Trd, 000011.000, 150
Trd, 000012.767, 156
Trd, 000012.900, 156
Trd, 000012.933, 163
Trd, 000013.950, 157
Trd, 000014.133, 156
Trd, 000014.233, 159
Trd, 000014.283, 162
Trd, 000015.200, 157
Trd, 000015.617, 158
Trd, 000016.450, 162
Trd, 000016.967, 163
Trd, 000017.617, 157
Trd, 000018.283, 156
Trd, 000018.400, 153
Trd, 000019.767, 158
Trd, 000019.933, 162
Trd, 000019.950, 165
Trd, 000020.750, 157
Trd, 000021.550, 161
Trd, 000022.267, 159
Trd, 000023.350, 157
Trd, 000023.967, 157
Trd, 000024.033, 153
Trd, 000024.900, 155
Trd, 000025.083, 154
Trd, 000025.117, 159
Trd, 000025.283, 161
Trd, 000025.300, 164
Trd, 000026.233, 145
Trd, 000026.250, 146
Trd, 000026.783, 147
Trd, 000026.833, 143
Trd, 000028.083, 152
Trd, 000029.433, 160
Trd, 000029.450, 170
Trd, 000029.500, 153
Trd, 000029.700, 154
Trd, 000032.017, 157
Trd, 000032.833, 157
Trd, 000033.033, 156
Trd, 000033.150, 167
Trd, 000033.933, 161
Trd, 000034.200, 159
Trd, 000034.400, 157
Trd, 000034.583, 158
Trd, 000035.567, 157
Trd, 000035.667, 158
Trd, 000036.317, 155
Trd, 000036.617, 155
Trd, 000036.883, 161
Trd, 000037.167, 162
Trd, 000037.317, 154
Trd, 000037.867, 138
Trd, 000039.167, 171
Trd, 000042.300, 165
Trd, 000042.417, 166
Trd, 000042.533, 165
Trd, 000043.217, 166
Trd, 000043.467, 171
Trd, 000043.550, 163
Trd, 000044.667, 170
Trd, 000045.133, 164
Trd, 000045.400, 163
Trd, 000046.000, 159
Trd, 000047.333, 163
Trd, 000048.150, 161
Trd, 000049.150, 163
Trd, 000049.383, 163
Trd, 000049.700, 161
Trd, 000049.800, 160
Trd, 000050.517, 162
Trd, 000051.883, 162
Trd, 000052.050, 161
Trd, 000052.733, 161
Trd, 000052.883, 162
Trd, 000053.017, 157
Trd, 000053.700, 164
Trd, 000054.233, 166
Trd, 000054.500, 167
Trd, 000055.200, 160
Trd, 000055.783, 159
Trd, 000055.883, 165
Trd, 000056.983, 166
Trd, 000057.900, 159
Trd, 000057.933, 174
Trd, 000059.133, 159
Trd, 000059.367, 171
Trd, 000059.483, 161
Trd, 000060.467, 159
Trd, 000062.033, 164
Trd, 000062.500, 167
Trd, 000062.683, 165
Trd, 000062.767, 168
Trd, 000062.967, 181
Trd, 000063.400, 165
Trd, 000064.717, 159
Trd, 000064.967, 158
Trd, 000065.150, 161
Trd, 000065.950, 165
Trd, 000066.117, 165
Trd, 000067.217, 164
Trd, 000067.333, 166
Trd, 000068.250, 159
Trd, 000068.750, 158
Trd, 000068.983, 157
Trd, 000069.550, 161
Trd, 000070.800, 163
Trd, 000071.017, 164
Trd, 000071.283, 161
Trd, 000072.783, 162
Trd, 000073.167, 161
Trd, 000073.400, 158
Trd, 000073.783, 155
Trd, 000074.467, 155
Trd, 000074.767, 157
Trd, 000075.033, 158
Trd, 000075.333, 164
Trd, 000075.500, 120
Trd, 000077.917, 161
Trd, 000078.500, 144
Trd, 000079.350, 160
Trd, 000079.500, 162
Trd, 000079.983, 166
Trd, 000080.133, 160
Trd, 000080.850, 163
Trd, 000081.100, 162
Trd, 000082.350, 164
Trd, 000082.550, 160
Trd, 000082.650, 159
Trd, 000083.083, 159
Trd, 000084.133, 165
Trd, 000084.267, 165
Trd, 000084.300, 139
Trd, 000084.567, 166
Trd, 000085.883, 172
Trd, 000086.433, 170
Trd, 000086.733, 164
Trd, 000087.317, 163
Trd, 000088.733, 163
Trd, 000088.850, 170
Trd, 000089.950, 167
Trd, 000090.250, 168
Trd, 000090.283, 167
Trd, 000090.567, 169
Trd, 000091.017, 169
Trd, 000091.217, 168
Trd, 000091.467, 164
Trd, 000091.533, 162
Trd, 000091.800, 160
Trd, 000092.400, 169
Trd, 000092.417, 170
Trd, 000093.450, 143
Trd, 000093.550, 169
Trd, 000094.433, 164
Trd, 000095.583, 168
Trd, 000096.900, 168
Trd, 000097.033, 167
Trd, 000097.217, 174
Trd, 000098.883, 173
Trd, 000099.483, 172
Trd, 000099.767, 172
Trd, 000099.783, 171
Trd, 000100.417, 172
Trd, 000100.750, 171
Trd, 000101.083, 172
Trd, 000101.867, 177
Trd, 000102.517, 178
Trd, 000102.567, 173
Trd, 000102.650, 172
Trd, 000103.233, 172
Trd, 000103.750, 179
Trd, 000103.850, 178
Trd, 000104.467, 175
Trd, 000104.950, 173
Trd, 000106.083, 165
Trd, 000106.917, 170
Trd, 000107.333, 165
Trd, 000107.367, 171
Trd, 000107.750, 163
Trd, 000107.833, 167
Trd, 000108.017, 161
Trd, 000108.583, 166
Trd, 000109.233, 179
Trd, 000111.167, 162
Trd, 000111.450, 169
Trd, 000111.550, 173
Trd, 000112.283, 154
Trd, 000113.867, 166
Trd, 000114.083, 166
Trd, 000114.817, 164
Trd, 000115.117, 162
Trd, 000115.900, 170
Trd, 000116.100, 172
Trd, 000117.233, 150
Trd, 000118.050, 160
Trd, 000118.083, 159
Trd, 000119.083, 164
Trd, 000119.250, 166
Trd, 000120.150, 162
Trd, 000120.217, 160
Trd, 000120.550, 163
Trd, 000120.633, 167
Trd, 000122.383, 171
Trd, 000122.567, 172
Trd, 000123.233, 174
Trd, 000123.317, 180
Trd, 000123.867, 188
Trd, 000124.133, 198
Trd, 000124.150, 201
Trd, 000124.217, 221
Trd, 000124.267, 303.0
Trd, 000124.717, 306.0
Trd, 000125.300, 313.0
Trd, 000125.383, 321
Trd, 000125.400, 344.0
Trd, 000127.833, 344.0
Trd, 000127.900, 346.0
Trd, 000128.183, 347.0
Trd, 000128.617, 348.0
Trd, 000129.050, 350.0
Trd, 000129.283, 350
Trd, 000129.683, 351.0
Trd, 000130.150, 353
Trd, 000130.400, 350
Trd, 000131.567, 353
Trd, 000131.683, 356
Trd, 000132.333, 357
Trd, 000132.500, 359
Trd, 000132.900, 355
Trd, 000133.400, 363
Trd, 000133.833, 354
Trd, 000135.333, 369
Trd, 000135.550, 361
Trd, 000135.933, 359
Trd, 000136.850, 359
Trd, 000137.567, 357.0
Trd, 000137.967, 363
Trd, 000138.500, 356
Trd, 000139.650, 357
Trd, 000139.883, 359
Trd, 000140.067, 363
Trd, 000140.450, 357
Trd, 000140.833, 355.0
Trd, 000141.100, 355
Trd, 000141.767, 353.0
Trd, 000141.783, 351.0
Trd, 000143.067, 354
Trd, 000143.333, 354.0
Trd, 000143.583, 353
Trd, 000144.317, 354.0
Trd, 000144.383, 359
Trd, 000144.400, 352.0
Trd, 000145.867, 354
Trd, 000145.950, 367
Trd, 000146.433, 353.0
Trd, 000146.933, 363
Trd, 000147.900, 349
Trd, 000148.517, 351.0
Trd, 000148.900, 351
Trd, 000149.750, 354
Trd, 000149.917, 352
Trd, 000150.917, 352
Trd, 000151.150, 354
Trd, 000151.183, 361
Trd, 000151.350, 352
Trd, 000152.533, 350
Trd, 000152.917, 351.0
Trd, 000153.717, 336.0
Trd, 000155.750, 351
Trd, 000156.433, 350.0
Trd, 000156.450, 351.0
Trd, 000156.683, 340.0
Trd, 000158.083, 350.0
Trd, 000158.950, 344.0
Trd, 000159.183, 342.0
Trd, 000159.750, 348.0
Trd, 000160.483, 350.0
Trd, 000160.983, 350.0
Trd, 000161.017, 351.0
Trd, 000161.400, 358
Trd, 000161.817, 359
Trd, 000162.067, 350.0
Trd, 000163.000, 350.0
Trd, 000163.367, 348
Trd, 000164.383, 350.0
Trd, 000164.500, 334.0
Trd, 000165.067, 351.0
Trd, 000165.450, 355
Trd, 000166.133, 337
Trd, 000166.333, 337
Trd, 000166.667, 360
Trd, 000168.133, 358
Trd, 000168.450, 332
Trd, 000169.117, 331
Trd, 000169.517, 351.0
Trd, 000169.583, 359
Trd, 000169.783, 362
Trd, 000171.633, 342
Trd, 000172.400, 340
Trd, 000174.333, 337
Trd, 000175.033, 344.0
Trd, 000175.767, 348.0
Trd, 000176.050, 344.0
Trd, 000176.383, 351.0
Trd, 000176.550, 352
Trd, 000176.967, 341
Trd, 000177.033, 340
Trd, 000177.383, 358
Trd, 000177.650, 362
Trd, 000177.900, 358
Trd, 000177.967, 344
Trd, 000179.533, 346.0
Trd, 000180.617, 346
Trd, 000180.733, 348.0
Trd, 000180.850, 350.0
Trd, 000181.567, 347
Trd, 000183.050, 348
Trd, 000183.733, 304
Trd, 000184.033, 282
Trd, 000184.667, 280
Trd, 000185.233, 226
Trd, 000185.617, 207
Trd, 000185.733, 204
Trd, 000185.800, 186
Trd, 000186.117, 184
Trd, 000187.267, 183
Trd, 000187.283, 180
Trd, 000187.850, 190
Trd, 000188.517, 187
Trd, 000188.583, 180
Trd, 000189.200, 192
Trd, 000189.600, 180
Trd, 000189.700, 180
Trd, 000191.933, 181
Trd, 000192.567, 182
Trd, 000192.750, 180
Trd, 000193.067, 176
Trd, 000193.633, 181
Trd, 000193.883, 178
Trd, 000193.917, 181
Trd, 000194.400, 175
Trd, 000195.517, 178
Trd, 000196.717, 178
Trd, 000196.750, 177
Trd, 000197.667, 178
Trd, 000198.700, 179
Trd, 000199.483, 178
Trd, 000200.450, 176
Trd, 000200.617, 177
Trd, 000200.683, 181
Trd, 000200.767, 181
Trd, 000201.517, 184
Trd, 000201.633, 176
Trd, 000202.150, 175
Trd, 000202.317, 171
Trd, 000203.133, 185
Trd, 000204.500, 164
Trd, 000205.817, 168
Trd, 000206.217, 168
Trd, 000206.350, 170
Trd, 000206.367, 171
Trd, 000207.933, 176
Trd, 000208.350, 176
Trd, 000208.417, 187
Trd, 000208.467, 194
Trd, 000208.800, 177
Trd, 000209.783, 178
Trd, 000209.933, 184
Trd, 000211.983, 184
Trd, 000212.117, 180
Trd, 000212.617, 184
Trd, 000213.733, 185
Trd, 000213.817, 182
Trd, 000214.033, 181
Trd, 000214.500, 184
Trd, 000215.167, 176
Trd, 000217.083, 180
Trd, 000217.933, 181
Trd, 000218.150, 181
Trd, 000218.733, 178
Trd, 000219.050, 182
Trd, 000219.450, 183
Trd, 000219.583, 180
Trd, 000219.733, 185
Trd, 000219.917, 179
Trd, 000222.117, 180
Trd, 000222.467, 177
Trd, 000222.533, 156
Trd, 000223.217, 166
Trd, 000224.533, 176
Trd, 000224.583, 172
Trd, 000225.317, 176
Trd, 000226.067, 167
Trd, 000226.100, 178
Trd, 000227.233, 180
Trd, 000228.133, 176
Trd, 000228.633, 185
Trd, 000229.667, 178
Trd, 000229.800, 177
Trd, 000230.067, 174
Trd, 000230.100, 174
Trd, 000230.217, 158
Trd, 000231.300, 185
Trd, 000232.050, 178
Trd, 000232.900, 176
Trd, 000233.067, 176
Trd, 000233.350, 175
Trd, 000233.483, 181
Trd, 000234.400, 186
Trd, 000234.933, 187
Trd, 000236.783, 184
Trd, 000237.650, 169
Trd, 000237.717, 183
Trd, 000240.100, 178
Trd, 000240.483, 176
Trd, 000240.933, 172
Trd, 000241.400, 172
Trd, 000241.533, 175
Trd, 000242.100, 173
Trd, 000242.350, 173
Trd, 000242.767, 172
Trd, 000242.800, 174
Trd, 000242.983, 172
Trd, 000243.150, 175
Trd, 000243.383, 179
Trd, 000243.533, 173
Trd, 000243.667, 175
Trd, 000243.917, 181
Trd, 000244.117, 173
Trd, 000244.567, 183
Trd, 000244.800, 171
Trd, 000245.783, 171
Trd, 000246.883, 173
Trd, 000247.033, 173
Trd, 000247.417, 172
Trd, 000247.517, 173
Trd, 000247.900, 172
Trd, 000248.050, 174
Trd, 000248.533, 175
Trd, 000249.033, 190
Trd, 000249.483, 190
Trd, 000249.600, 191
Trd, 000249.700, 176
Trd, 000250.767, 186
Trd, 000250.833, 182
Trd, 000250.983, 187
Trd, 000251.683, 182
Trd, 000251.750, 185
Trd, 000252.300, 186
Trd, 000252.350, 181
Trd, 000252.567, 167
Trd, 000253.933, 173
Trd, 000254.150, 173
Trd, 000254.400, 167
Trd, 000254.567, 169
Trd, 000255.500, 175
Trd, 000255.950, 176
Trd, 000256.550, 178
Trd, 000256.750, 179
Trd, 000256.950, 180
Trd, 000257.967, 181
Trd, 000258.450, 182
Trd, 000258.850, 181
Trd, 000259.017, 176
Trd, 000259.717, 184
Trd, 000260.400, 188
Trd, 000260.683, 188
Trd, 000260.933, 182
Trd, 000261.150, 182
Trd, 000261.417, 175
Trd, 000261.683, 174
Trd, 000262.350, 165
Trd, 000262.783, 172
Trd, 000262.817, 175
Trd, 000263.533, 171
Trd, 000263.667, 171
Trd, 000264.150, 167
Trd, 000264.467, 172
Trd, 000264.767, 183
Trd, 000264.783, 186
Trd, 000265.750, 183
Trd, 000266.050, 181
Trd, 000266.450, 175
Trd, 000266.750, 179
Trd, 000267.050, 184
Trd, 000267.250, 180
Trd, 000267.683, 180
Trd, 000267.817, 179
Trd, 000268.767, 178
Trd, 000269.250, 176
Trd, 000269.700, 182
Trd, 000270.167, 184
Trd, 000270.450, 177
Trd, 000270.967, 176
Trd, 000271.000, 175
Trd, 000271.333, 168
Trd, 000271.850, 182
Trd, 000272.267, 185
Trd, 000272.300, 182
Trd, 000272.400, 175
Trd, 000273.433, 171
Trd, 000274.700, 173
Trd, 000275.000, 173
Trd, 000275.267, 170
Trd, 000275.350, 173
Trd, 000276.217, 173
Trd, 000276.383, 175
Trd, 000276.400, 186
Trd, 000276.933, 173
Trd, 000277.050, 172
Trd, 000277.100, 179
Trd, 000277.550, 182
Trd, 000277.750, 191
Trd, 000278.800, 183
Trd, 000278.817, 176
Trd, 000279.117, 176
Trd, 000279.250, 171
Trd, 000279.483, 177
Trd, 000279.567, 184
Trd, 000280.500, 185
Trd, 000280.533, 185
Trd, 000280.950, 179
Trd, 000282.250, 178
Trd, 000282.300, 177
Trd, 000282.450, 179
Trd, 000282.500, 186
Trd, 000282.883, 176
Trd, 000283.483, 184
Trd, 000283.550, 190
Trd, 000283.567, 177
Trd, 000283.817, 192
Trd, 000284.433, 182
Trd, 000285.167, 171
Trd, 000285.617, 179
Trd, 000285.750, 178
Trd, 000285.967, 179
Trd, 000286.350, 187
Trd, 000286.500, 178
Trd, 000286.517, 176
Trd, 000287.733, 186
Trd, 000288.367, 182
Trd, 000288.467, 190
Trd, 000288.500, 193
Trd, 000288.917, 180
Trd, 000288.933, 177
Trd, 000289.467, 170
Trd, 000289.717, 163
Trd, 000289.767, 162
Trd, 000290.617, 165
Trd, 000290.717, 164
Trd, 000291.283, 166
Trd, 000292.550, 173
Trd, 000292.683, 161
Trd, 000292.850, 177
Trd, 000293.067, 163
Trd, 000294.083, 180
Trd, 000294.567, 188
Trd, 000295.333, 179
Trd, 000295.483, 179
Trd, 000295.600, 178
Trd, 000295.700, 164
Trd, 000296.283, 169
Trd, 000296.733, 173
Trd, 000296.800, 171
Trd, 000296.917, 174
Trd, 000297.017, 171
Trd, 000297.117, 180
Trd, 000297.267, 184
Trd, 000297.733, 189
Trd, 000298.733, 171
Trd, 000299.233, 182
Trd, 000299.967, 172
Trd, 000299.983, 171
