Trd, 000002.117, 106
Trd, 000002.917, 137
Trd, 000003.733, 138
Trd, 000004.333, 134
Trd, 000004.467, 145
Trd, 000005.067, 132
Trd, 000005.100, 133
Trd, 000005.167, 151
Trd, 000005.483, 155
Trd, 000005.600, 150
Trd, 000006.000, 151
Trd, 000006.150, 158
Trd, 000007.117, 156
Trd, 000009.983, 163
Trd, 000010.133, 173
Trd, 000010.350, 163
Trd, 000010.583, 173
Trd, 000011.733, 164
Trd, 000012.100, 164
Trd, 000012.700, 163
Trd, 000013.867, 163
Trd, 000014.000, 162
Trd, 000014.883, 163
Trd, 000015.567, 166
Trd, 000015.617, 167
Trd, 000015.767, 169
Trd, 000016.217, 165
Trd, 000016.233, 164
Trd, 000016.517, 162
Trd, 000017.900, 162
Trd, 000018.233, 160
Trd, 000018.767, 156
Trd, 000018.850, 145
Trd, 000019.250, 157
Trd, 000019.850, 157
Trd, 000020.200, 158
Trd, 000020.583, 158
Trd, 000021.717, 162
Trd, 000022.367, 157
Trd, 000022.850, 158
Trd, 000023.000, 160
Trd, 000023.050, 157
Trd, 000023.867, 155
Trd, 000023.917, 155
Trd, 000024.450, 159
Trd, 000024.467, 151
Trd, 000024.783, 157
Trd, 000025.650, 157
Trd, 000026.467, 154
Trd, 000027.350, 153
Trd, 000027.583, 154
Trd, 000028.017, 146
Trd, 000028.467, 147
Trd, 000028.750, 150
Trd, 000030.217, 148
Trd, 000030.283, 149
Trd, 000030.800, 154
Trd, 000031.517, 158
Trd, 000032.600, 155
Trd, 000033.567, 158
Trd, 000033.917, 160
Trd, 000034.767, 159
Trd, 000035.250, 157
Trd, 000035.367, 156
Trd, 000035.867, 156
Trd, 000036.167, 156
Trd, 000036.233, 155
Trd, 000036.300, 161
Trd, 000036.417, 158
Trd, 000036.800, 154
Trd, 000039.917, 153
Trd, 000040.267, 154
Trd, 000040.617, 152
Trd, 000040.867, 153
Trd, 000041.033, 153
Trd, 000041.567, 155
Trd, 000041.817, 154
Trd, 000043.833, 155
Trd, 000043.867, 154
Trd, 000044.067, 153
Trd, 000044.750, 153
Trd, 000044.917, 154
Trd, 000045.700, 153
Trd, 000046.083, 154
Trd, 000047.317, 157
Trd, 000048.333, 179
Trd, 000049.033, 160
Trd, 000049.767, 160
Trd, 000050.233, 160
Trd, 000050.333, 161
Trd, 000050.500, 160
Trd, 000050.683, 161
Trd, 000051.533, 159
Trd, 000051.683, 159
Trd, 000052.067, 159
Trd, 000053.083, 158
Trd, 000053.417, 159
Trd, 000054.100, 159
Trd, 000054.433, 160
Trd, 000054.667, 158
Trd, 000055.433, 158
Trd, 000055.867, 157
Trd, 000055.900, 158
Trd, 000055.917, 157
Trd, 000056.600, 159
Trd, 000056.933, 162
Trd, 000057.683, 161
Trd, 000057.883, 161
Trd, 000058.867, 163
Trd, 000059.017, 164
Trd, 000059.617, 162
Trd, 000059.967, 165
Trd, 000060.250, 161
Trd, 000062.250, 163
Trd, 000062.317, 161
Trd, 000062.417, 159
Trd, 000063.617, 161
Trd, 000064.050, 161
Trd, 000065.000, 161
Trd, 000065.217, 161
Trd, 000066.200, 162
Trd, 000066.483, 162
Trd, 000067.133, 163
Trd, 000067.200, 164
Trd, 000067.517, 161
Trd, 000067.617, 160
Trd, 000068.817, 162
Trd, 000069.083, 161
Trd, 000069.283, 160
Trd, 000069.983, 159
Trd, 000070.000, 160
Trd, 000070.650, 158
Trd, 000072.333, 162
Trd, 000074.133, 162
Trd, 000074.683, 161
Trd, 000075.033, 160
Trd, 000075.100, 159
Trd, 000075.183, 162
Trd, 000075.850, 162
Trd, 000075.967, 163
Trd, 000077.367, 161
Trd, 000077.550, 161
Trd, 000079.017, 160
Trd, 000079.867, 161
Trd, 000080.317, 160
Trd, 000081.067, 158
Trd, 000081.267, 163
Trd, 000081.683, 162
Trd, 000081.733, 159
Trd, 000081.783, 164
Trd, 000083.067, 163
Trd, 000083.283, 164
Trd, 000083.350, 163
Trd, 000085.683, 163
Trd, 000086.383, 163
Trd, 000086.800, 164
Trd, 000087.317, 162
Trd, 000087.417, 165
Trd, 000087.833, 165
Trd, 000088.050, 166
Trd, 000089.233, 165
Trd, 000089.500, 165
Trd, 000089.900, 164
Trd, 000090.333, 163
Trd, 000092.017, 166
Trd, 000092.100, 167
Trd, 000092.233, 167
Trd, 000092.333, 167
Trd, 000092.533, 164
Trd, 000092.933, 168
Trd, 000094.283, 164
Trd, 000094.517, 169
Trd, 000094.667, 165
Trd, 000095.300, 168
Trd, 000096.117, 166
Trd, 000096.183, 167
Trd, 000096.250, 168
Trd, 000096.950, 165
Trd, 000097.833, 166
Trd, 000098.717, 165
Trd, 000098.800, 165
Trd, 000098.817, 168
Trd, 000099.167, 152
Trd, 000099.450, 162
Trd, 000100.833, 163
Trd, 000101.517, 163
Trd, 000101.583, 162
Trd, 000102.067, 164
Trd, 000102.733, 165
Trd, 000103.583, 165
Trd, 000103.767, 164
Trd, 000104.000, 161
Trd, 000105.250, 163
Trd, 000105.600, 163
Trd, 000105.700, 162
Trd, 000105.833, 161
Trd, 000106.317, 161
Trd, 000106.850, 164
Trd, 000107.300, 164
Trd, 000108.950, 164
Trd, 000109.283, 162
Trd, 000109.400, 161
Trd, 000109.933, 164
Trd, 000110.183, 166
Trd, 000112.617, 165
Trd, 000112.817, 166
Trd, 000113.183, 164
Trd, 000113.717, 167
Trd, 000113.917, 162
Trd, 000115.433, 165
Trd, 000115.567, 166
Trd, 000116.050, 166
Trd, 000117.383, 167
Trd, 000117.483, 168
Trd, 000118.050, 170
Trd, 000118.583, 169
Trd, 000118.667, 162
Trd, 000119.750, 173
Trd, 000120.583, 168
Trd, 000120.700, 174
Trd, 000120.717, 180
Trd, 000122.217, 177
Trd, 000122.350, 177
Trd, 000122.567, 187
Trd, 000123.000, 198
Trd, 000123.383, 226
Trd, 000123.733, 253
Trd, 000123.833, 266
Trd, 000124.383, 309
Trd, 000124.483, 331.0
Trd, 000124.517, 334.0
Trd, 000124.767, 310.0
Trd, 000124.933, 323
Trd, 000126.317, 317.0
Trd, 000126.717, 326
Trd, 000127.583, 320
Trd, 000127.917, 327
Trd, 000128.167, 355.0
Trd, 000129.133, 346
Trd, 000130.500, 334
Trd, 000130.683, 334
Trd, 000130.717, 340
Trd, 000132.333, 339
Trd, 000133.083, 341
Trd, 000133.383, 343
Trd, 000133.683, 340
Trd, 000134.800, 340
Trd, 000135.900, 342
Trd, 000136.967, 343
Trd, 000138.133, 344
Trd, 000139.033, 347
Trd, 000139.817, 346
Trd, 000140.533, 350
Trd, 000140.933, 343
Trd, 000141.783, 348
Trd, 000141.867, 343
Trd, 000141.933, 350
Trd, 000143.100, 352
Trd, 000143.483, 347
Trd, 000143.700, 347
Trd, 000144.283, 349
Trd, 000144.567, 354
Trd, 000144.650, 358.0
Trd, 000147.000, 355
Trd, 000148.233, 353
Trd, 000148.450, 355
Trd, 000149.083, 355.0
Trd, 000150.667, 352
Trd, 000150.717, 350
Trd, 000151.167, 355
Trd, 000151.317, 349
Trd, 000151.667, 350
Trd, 000153.350, 350
Trd, 000153.617, 351
Trd, 000153.800, 351
Trd, 000154.383, 353
Trd, 000154.433, 353
Trd, 000154.850, 350
Trd, 000155.833, 354
Trd, 000157.233, 354
Trd, 000157.717, 355.0
Trd, 000157.883, 355
Trd, 000158.483, 350
Trd, 000159.233, 350
Trd, 000159.683, 354.0
Trd, 000159.750, 355.0
Trd, 000159.950, 353
Trd, 000159.983, 348.0
Trd, 000161.000, 348
Trd, 000163.233, 347
Trd, 000164.200, 352
Trd, 000164.550, 348
Trd, 000164.817, 347
Trd, 000165.683, 350
Trd, 000165.917, 346
Trd, 000166.800, 349
Trd, 000167.500, 348.0
Trd, 000168.667, 351
Trd, 000168.733, 352
Trd, 000169.750, 352
Trd, 000169.783, 349
Trd, 000170.283, 348.0
Trd, 000170.317, 353
Trd, 000170.983, 349
Trd, 000172.383, 352
Trd, 000172.650, 355.0
Trd, 000173.183, 350
Trd, 000173.300, 355
Trd, 000175.267, 348
Trd, 000175.850, 353
Trd, 000176.100, 352
Trd, 000177.333, 353
Trd, 000177.900, 353
Trd, 000178.933, 351
Trd, 000179.050, 350
Trd, 000179.667, 353
Trd, 000179.917, 349.0
Trd, 000180.167, 354
Trd, 000180.800, 349.0
Trd, 000180.983, 355.0
Trd, 000181.183, 349
Trd, 000181.417, 343
Trd, 000181.533, 358.0
Trd, 000182.700, 342
Trd, 000183.350, 327.0
Trd, 000184.633, 211
Trd, 000184.667, 211
Trd, 000185.050, 201
Trd, 000185.917, 197
Trd, 000186.050, 190
Trd, 000186.267, 184
Trd, 000186.317, 176
Trd, 000187.600, 182
Trd, 000188.600, 186
Trd, 000188.800, 182
Trd, 000190.683, 185
Trd, 000190.700, 185
Trd, 000190.883, 182
Trd, 000191.067, 185
Trd, 000191.100, 186
Trd, 000191.833, 177
Trd, 000192.183, 186
Trd, 000192.650, 187
Trd, 000193.833, 181
Trd, 000195.783, 176
Trd, 000196.217, 184
Trd, 000196.950, 179
Trd, 000197.050, 182
Trd, 000197.200, 180
Trd, 000197.300, 180
Trd, 000197.783, 179
Trd, 000198.000, 180
Trd, 000198.233, 179
Trd, 000199.083, 175
Trd, 000199.583, 174
Trd, 000199.967, 175
Trd, 000200.317, 168
Trd, 000201.067, 174
Trd, 000201.150, 165
Trd, 000201.900, 163
Trd, 000203.250, 172
Trd, 000203.283, 188
Trd, 000203.883, 171
Trd, 000203.967, 175
Trd, 000204.983, 175
Trd, 000205.150, 169
Trd, 000205.733, 176
Trd, 000206.067, 168
Trd, 000206.233, 169
Trd, 000207.333, 169
Trd, 000207.583, 169
Trd, 000208.483, 170
Trd, 000208.567, 173
Trd, 000208.617, 176
Trd, 000210.533, 171
Trd, 000211.400, 173
Trd, 000211.767, 171
Trd, 000212.233, 172
Trd, 000212.867, 171
Trd, 000212.883, 170
Trd, 000213.033, 164
Trd, 000214.300, 163
Trd, 000214.683, 167
Trd, 000216.700, 170
Trd, 000216.917, 170
Trd, 000216.933, 176
Trd, 000217.767, 172
Trd, 000218.217, 173
Trd, 000218.917, 177
Trd, 000219.667, 176
Trd, 000219.833, 177
Trd, 000219.867, 177
Trd, 000220.550, 175
Trd, 000220.983, 177
Trd, 000221.383, 173
Trd, 000221.933, 180
Trd, 000222.767, 179
Trd, 000222.967, 177
Trd, 000223.367, 175
Trd, 000223.767, 173
Trd, 000224.167, 179
Trd, 000225.183, 175
Trd, 000225.917, 178
Trd, 000226.800, 178
Trd, 000228.283, 180
Trd, 000228.817, 178
Trd, 000229.850, 177
Trd, 000229.950, 178
Trd, 000230.250, 179
Trd, 000230.417, 181
Trd, 000230.650, 179
Trd, 000230.800, 178
Trd, 000231.000, 181
Trd, 000231.050, 166
Trd, 000231.517, 181
Trd, 000232.467, 178
Trd, 000232.800, 175
Trd, 000233.300, 178
Trd, 000233.383, 180
Trd, 000234.183, 181
Trd, 000235.083, 180
Trd, 000235.233, 179
Trd, 000235.700, 177
Trd, 000235.900, 171
Trd, 000236.033, 182
Trd, 000237.150, 177
Trd, 000237.967, 176
Trd, 000239.300, 177
Trd, 000239.917, 178
Trd, 000240.200, 176
Trd, 000240.233, 178
Trd, 000240.917, 177
Trd, 000241.250, 177
Trd, 000241.867, 176
Trd, 000241.983, 175
Trd, 000242.633, 177
Trd, 000243.200, 177
Trd, 000243.317, 177
Trd, 000243.750, 175
Trd, 000243.833, 177
Trd, 000244.533, 175
Trd, 000245.050, 176
Trd, 000246.167, 177
Trd, 000246.700, 176
Trd, 000247.067, 176
Trd, 000247.317, 175
Trd, 000247.383, 178
Trd, 000247.950, 177
Trd, 000248.383, 175
Trd, 000248.517, 175
Trd, 000249.567, 176
Trd, 000250.050, 174
Trd, 000250.183, 174
Trd, 000250.300, 177
Trd, 000250.650, 180
Trd, 000250.883, 180
Trd, 000250.917, 168
Trd, 000251.167, 183
Trd, 000251.333, 180
Trd, 000252.033, 180
Trd, 000252.317, 178
Trd, 000253.683, 179
Trd, 000253.817, 178
Trd, 000254.150, 177
Trd, 000254.633, 177
Trd, 000254.783, 178
Trd, 000255.083, 178
Trd, 000256.333, 178
Trd, 000256.550, 182
Trd, 000256.933, 181
Trd, 000256.983, 177
Trd, 000257.300, 176
Trd, 000257.583, 175
Trd, 000257.867, 179
Trd, 000258.283, 177
Trd, 000258.483, 177
Trd, 000258.783, 179
Trd, 000258.983, 182
Trd, 000259.517, 183
Trd, 000259.817, 184
Trd, 000260.033, 182
Trd, 000260.833, 183
Trd, 000261.950, 181
Trd, 000262.050, 184
Trd, 000262.167, 184
Trd, 000263.283, 185
Trd, 000263.333, 184
Trd, 000264.450, 189
Trd, 000264.500, 186
Trd, 000265.300, 185
Trd, 000265.617, 184
Trd, 000265.867, 184
Trd, 000266.617, 184
Trd, 000266.767, 184
Trd, 000266.883, 189
Trd, 000267.183, 190
Trd, 000267.333, 182
Trd, 000267.667, 181
Trd, 000267.867, 177
Trd, 000267.983, 175
Trd, 000269.083, 183
Trd, 000269.667, 179
Trd, 000269.700, 183
Trd, 000269.867, 178
Trd, 000270.017, 171
Trd, 000270.383, 175
Trd, 000271.717, 172
Trd, 000271.783, 173
Trd, 000271.800, 170
Trd, 000271.967, 167
Trd, 000272.250, 178
Trd, 000272.717, 167
Trd, 000272.967, 175
Trd, 000273.917, 178
Trd, 000274.183, 179
Trd, 000274.217, 182
Trd, 000274.333, 185
Trd, 000274.817, 187
Trd, 000274.900, 186
Trd, 000275.050, 185
Trd, 000276.483, 189
Trd, 000277.167, 186
Trd, 000277.950, 182
Trd, 000278.017, 185
Trd, 000278.450, 182
Trd, 000278.533, 186
Trd, 000279.517, 183
Trd, 000279.683, 181
Trd, 000279.883, 186
Trd, 000280.683, 179
Trd, 000281.150, 187
Trd, 000281.517, 183
Trd, 000281.833, 187
Trd, 000282.000, 182
Trd, 000282.650, 181
Trd, 000282.967, 183
Trd, 000283.517, 186
Trd, 000283.583, 181
Trd, 000284.283, 180
Trd, 000284.533, 179
Trd, 000284.567, 184
Trd, 000284.650, 176
Trd, 000284.700, 171
Trd, 000285.250, 185
Trd, 000285.883, 180
Trd, 000285.917, 185
Trd, 000286.933, 179
Trd, 000287.500, 184
Trd, 000287.617, 184
Trd, 000288.033, 185
Trd, 000288.650, 182
Trd, 000288.750, 184
Trd, 000288.800, 185
Trd, 000288.917, 182
Trd, 000289.500, 185
Trd, 000289.733, 182
Trd, 000290.333, 180
Trd, 000290.517, 185
Trd, 000290.783, 179
Trd, 000291.867, 184
Trd, 000292.183, 184
Trd, 000292.683, 191
Trd, 000292.833, 184
Trd, 000293.567, 184
Trd, 000294.067, 186
Trd, 000294.350, 188
Trd, 000294.817, 183
Trd, 000295.417, 188
Trd, 000296.633, 188
Trd, 000297.133, 197
Trd, 000297.733, 189
Trd, 000297.950, 188
Trd, 000298.033, 195
Trd, 000298.200, 187
Trd, 000299.267, 189
Trd, 000299.583, 186
