Trd, 000001.667, 131
Trd, 000003.133, 151
Trd, 000003.317, 161
Trd, 000003.967, 163
Trd, 000004.833, 149
Trd, 000004.917, 158
Trd, 000005.400, 149
Trd, 000005.433, 152
Trd, 000006.000, 160
Trd, 000006.067, 163
Trd, 000007.583, 158
Trd, 000007.833, 155
Trd, 000008.750, 155
Trd, 000008.767, 166
Trd, 000010.633, 160
Trd, 000012.300, 159
Trd, 000012.400, 156
Trd, 000012.667, 158
Trd, 000012.733, 154
Trd, 000014.367, 155
Trd, 000014.733, 156
Trd, 000015.017, 154
Trd, 000015.300, 153
Trd, 000015.367, 158
Trd, 000015.817, 156
Trd, 000018.200, 153
Trd, 000018.817, 150
Trd, 000019.000, 152
Trd, 000019.283, 146
Trd, 000019.533, 153
Trd, 000019.883, 151
Trd, 000020.450, 151
Trd, 000021.100, 139
Trd, 000021.700, 155
Trd, 000021.933, 156
Trd, 000021.950, 157
Trd, 000022.300, 157
Trd, 000022.650, 150
Trd, 000025.067, 155
Trd, 000025.133, 153
Trd, 000026.300, 152
Trd, 000027.150, 155
Trd, 000027.167, 156
Trd, 000028.017, 158
Trd, 000028.517, 157
Trd, 000028.800, 154
Trd, 000029.150, 158
Trd, 000029.467, 154
Trd, 000029.517, 161
Trd, 000030.800, 161
Trd, 000031.933, 158
Trd, 000032.217, 163
Trd, 000032.933, 158
Trd, 000033.650, 153
Trd, 000033.967, 151
Trd, 000034.883, 157
Trd, 000034.967, 161
Trd, 000035.883, 172
Trd, 000036.633, 172
Trd, 000036.717, 169
Trd, 000036.767, 159
Trd, 000036.833, 175
Trd, 000037.050, 162
Trd, 000039.083, 156
Trd, 000039.917, 162
Trd, 000040.650, 166
Trd, 000041.433, 158
Trd, 000041.850, 154
Trd, 000042.067, 155
Trd, 000043.250, 155
Trd, 000043.517, 156
Trd, 000043.567, 155
Trd, 000043.983, 159
Trd, 000044.867, 159
Trd, 000045.167, 154
Trd, 000045.233, 152
Trd, 000046.083, 149
Trd, 000047.183, 141
Trd, 000048.100, 156
Trd, 000048.900, 155
Trd, 000050.033, 153
Trd, 000050.533, 154
Trd, 000051.267, 153
Trd, 000051.950, 156
Trd, 000052.233, 160
Trd, 000053.000, 156
Trd, 000053.067, 152
Trd, 000054.083, 149
Trd, 000054.300, 151
Trd, 000054.317, 142
Trd, 000054.400, 139
Trd, 000054.883, 145
Trd, 000055.683, 156
Trd, 000055.733, 131
Trd, 000057.200, 159
Trd, 000057.417, 156
Trd, 000057.650, 160
Trd, 000058.567, 161
Trd, 000059.900, 162
Trd, 000060.467, 162
Trd, 000060.833, 163
Trd, 000061.050, 159
Trd, 000061.733, 163
Trd, 000062.233, 157
Trd, 000062.433, 161
Trd, 000062.533, 162
Trd, 000062.950, 157
Trd, 000063.233, 157
Trd, 000063.433, 159
Trd, 000063.817, 150
Trd, 000064.333, 158
Trd, 000065.533, 153
Trd, 000066.000, 153
Trd, 000067.883, 158
Trd, 000067.983, 154
Trd, 000068.933, 153
Trd, 000069.483, 156
Trd, 000069.983, 156
Trd, 000070.300, 155
Trd, 000070.633, 156
Trd, 000070.833, 158
Trd, 000072.233, 161
Trd, 000072.367, 165
Trd, 000073.017, 158
Trd, 000074.233, 156
Trd, 000074.767, 162
Trd, 000076.717, 160
Trd, 000076.800, 161
Trd, 000076.850, 163
Trd, 000076.900, 165
Trd, 000078.483, 161
Trd, 000078.650, 155
Trd, 000078.967, 161
Trd, 000079.283, 148
Trd, 000080.283, 155
Trd, 000080.600, 149
Trd, 000080.750, 157
Trd, 000080.883, 158
Trd, 000081.417, 157
Trd, 000081.500, 159
Trd, 000081.700, 152
Trd, 000082.217, 162
Trd, 000082.617, 163
Trd, 000084.183, 154
Trd, 000084.733, 153
Trd, 000087.333, 158
Trd, 000087.417, 158
Trd, 000087.717, 158
Trd, 000087.917, 160
Trd, 000088.933, 156
Trd, 000089.100, 162
Trd, 000090.000, 163
Trd, 000091.533, 164
Trd, 000091.583, 158
Trd, 000092.100, 165
Trd, 000092.333, 166
Trd, 000093.200, 164
Trd, 000094.050, 165
Trd, 000094.917, 162
Trd, 000095.300, 165
Trd, 000095.867, 153
Trd, 000096.200, 160
Trd, 000096.450, 161
Trd, 000097.500, 163
Trd, 000098.733, 164
Trd, 000098.750, 165
Trd, 000099.467, 167
Trd, 000099.600, 163
Trd, 000099.967, 161
Trd, 000101.517, 165
Trd, 000102.183, 164
Trd, 000102.833, 161
Trd, 000102.983, 161
Trd, 000103.533, 161
Trd, 000104.083, 160
Trd, 000104.200, 158
Trd, 000104.317, 166
Trd, 000104.633, 163
Trd, 000104.833, 172
Trd, 000105.117, 167
Trd, 000107.717, 169
Trd, 000108.217, 166
Trd, 000109.767, 169
Trd, 000109.933, 167
Trd, 000110.350, 166
Trd, 000111.000, 169
Trd, 000111.950, 166
Trd, 000112.400, 162
Trd, 000112.950, 162
Trd, 000113.483, 161
Trd, 000113.517, 165
Trd, 000114.600, 161
Trd, 000114.667, 165
Trd, 000114.800, 165
Trd, 000115.083, 156
Trd, 000115.233, 165
Trd, 000115.517, 166
Trd, 000116.100, 169
Trd, 000117.133, 161
Trd, 000117.483, 171
Trd, 000117.550, 148
Trd, 000117.750, 166
Trd, 000119.217, 165
Trd, 000119.567, 164
Trd, 000119.600, 168
Trd, 000120.983, 167
Trd, 000121.083, 169
Trd, 000121.333, 170
Trd, 000121.600, 174
Trd, 000122.650, 190
Trd, 000122.750, 191
Trd, 000122.817, 200
Trd, 000122.850, 208
Trd, 000123.350, 244
Trd, 000123.583, 203
Trd, 000123.617, 277
Trd, 000124.333, 303.0
Trd, 000124.650, 320.0
Trd, 000124.900, 326
Trd, 000125.117, 330
Trd, 000125.567, 334.0
Trd, 000127.317, 300.0
Trd, 000128.017, 320
Trd, 000128.050, 320.0
Trd, 000128.300, 334.0
Trd, 000128.433, 355
Trd, 000128.983, 357.0
Trd, 000129.483, 351.0
Trd, 000130.367, 348.0
Trd, 000130.767, 348.0
Trd, 000131.083, 344.0
Trd, 000132.033, 334.0
Trd, 000132.433, 353
Trd, 000133.467, 346
Trd, 000133.933, 343
Trd, 000134.433, 354
Trd, 000134.833, 353
Trd, 000136.133, 349
Trd, 000136.317, 345
Trd, 000136.900, 351
Trd, 000137.550, 351.0
Trd, 000138.167, 352
Trd, 000138.200, 348
Trd, 000138.633, 342
Trd, 000139.567, 351.0
Trd, 000139.650, 355
Trd, 000140.183, 357.0
Trd, 000140.500, 344.0
Trd, 000141.150, 355.0
Trd, 000141.283, 337
Trd, 000142.200, 355
Trd, 000142.367, 356
Trd, 000143.750, 355
Trd, 000144.667, 351.0
Trd, 000145.383, 348.0
Trd, 000145.733, 349
Trd, 000146.667, 345.0
Trd, 000147.617, 349
Trd, 000147.733, 344.0
Trd, 000148.883, 345
Trd, 000149.250, 350
Trd, 000149.833, 345
Trd, 000150.100, 351
Trd, 000150.900, 352
Trd, 000152.100, 354
Trd, 000152.167, 355
Trd, 000152.333, 347
Trd, 000152.833, 354
Trd, 000153.183, 356.0
Trd, 000154.833, 354
Trd, 000155.533, 351.0
Trd, 000155.917, 348.0
Trd, 000157.250, 355.0
Trd, 000157.617, 351
Trd, 000157.917, 350
Trd, 000158.000, 356
Trd, 000158.300, 348.0
Trd, 000158.350, 357
Trd, 000158.783, 351.0
Trd, 000159.133, 355.0
Trd, 000160.350, 356.0
Trd, 000162.233, 355.0
Trd, 000162.650, 350
Trd, 000163.600, 355
Trd, 000164.350, 351
Trd, 000164.517, 356
Trd, 000164.800, 350
Trd, 000165.100, 349
Trd, 000166.000, 358.0
Trd, 000166.033, 347
Trd, 000166.483, 345.0
Trd, 000166.567, 351
Trd, 000167.517, 355
Trd, 000167.533, 358
Trd, 000168.300, 357
Trd, 000168.483, 355.0
Trd, 000168.517, 358
Trd, 000169.333, 347
Trd, 000169.817, 358
Trd, 000171.167, 346
Trd, 000171.517, 347
Trd, 000171.533, 337.0
Trd, 000171.867, 354
Trd, 000172.950, 351.0
Trd, 000173.967, 358.0
Trd, 000174.033, 344.0
Trd, 000176.150, 355.0
Trd, 000176.250, 351.0
Trd, 000176.533, 356
Trd, 000176.583, 348.0
Trd, 000176.950, 347
Trd, 000178.517, 358.0
Trd, 000178.867, 355.0
Trd, 000179.000, 358
Trd, 000179.483, 355
Trd, 000180.350, 351.0
Trd, 000180.783, 356
Trd, 000180.800, 358.0
Trd, 000181.650, 352
Trd, 000182.083, 351
Trd, 000182.200, 348.0
Trd, 000182.967, 344.0
Trd, 000183.283, 337.0
Trd, 000183.317, 334
Trd, 000183.483, 318
Trd, 000183.717, 317.0
Trd, 000183.800, 305
Trd, 000184.050, 261
Trd, 000184.850, 200
Trd, 000185.817, 218
Trd, 000185.933, 203
Trd, 000186.633, 199
Trd, 000186.650, 199
Trd, 000187.083, 198
Trd, 000188.200, 192
Trd, 000189.083, 196
Trd, 000189.183, 195
Trd, 000191.617, 179
Trd, 000191.933, 180
Trd, 000192.433, 185
Trd, 000192.517, 177
Trd, 000192.833, 174
Trd, 000193.233, 180
Trd, 000194.400, 177
Trd, 000195.583, 172
Trd, 000196.367, 176
Trd, 000196.783, 172
Trd, 000196.933, 175
Trd, 000197.133, 170
Trd, 000198.550, 170
Trd, 000200.000, 168
Trd, 000200.400, 173
Trd, 000201.600, 171
Trd, 000201.733, 168
Trd, 000201.833, 174
Trd, 000202.250, 168
Trd, 000202.617, 164
Trd, 000202.817, 178
Trd, 000203.300, 181
Trd, 000203.317, 167
Trd, 000204.533, 177
Trd, 000204.950, 178
Trd, 000205.017, 178
Trd, 000205.817, 171
Trd, 000206.250, 171
Trd, 000207.067, 169
Trd, 000207.850, 173
Trd, 000209.300, 175
Trd, 000210.250, 172
Trd, 000210.583, 172
Trd, 000211.150, 171
Trd, 000212.100, 172
Trd, 000212.467, 171
Trd, 000212.650, 170
Trd, 000213.200, 170
Trd, 000213.500, 172
Trd, 000214.283, 169
Trd, 000214.317, 165
Trd, 000214.650, 155
Trd, 000214.850, 149
Trd, 000215.567, 165
Trd, 000216.583, 168
Trd, 000216.667, 172
Trd, 000217.750, 170
Trd, 000217.867, 171
Trd, 000218.150, 165
Trd, 000218.783, 171
Trd, 000219.733, 171
Trd, 000221.150, 173
Trd, 000221.483, 168
Trd, 000221.567, 166
Trd, 000222.083, 166
Trd, 000222.433, 173
Trd, 000223.483, 173
Trd, 000223.733, 166
Trd, 000224.650, 171
Trd, 000225.717, 170
Trd, 000226.183, 172
Trd, 000226.233, 171
Trd, 000226.950, 176
Trd, 000227.400, 173
Trd, 000228.150, 170
Trd, 000229.000, 177
Trd, 000229.033, 178
Trd, 000229.467, 171
Trd, 000229.767, 180
Trd, 000230.567, 167
Trd, 000231.583, 167
Trd, 000231.700, 170
Trd, 000231.783, 174
Trd, 000232.317, 181
Trd, 000232.617, 174
Trd, 000232.933, 178
Trd, 000233.750, 178
Trd, 000233.833, 179
Trd, 000234.417, 176
Trd, 000235.783, 175
Trd, 000236.333, 176
Trd, 000237.800, 174
Trd, 000237.883, 171
Trd, 000238.367, 181
Trd, 000239.967, 180
Trd, 000240.483, 178
Trd, 000240.583, 179
Trd, 000241.000, 181
Trd, 000241.167, 181
Trd, 000241.217, 179
Trd, 000242.033, 180
Trd, 000242.050, 179
Trd, 000242.733, 179
Trd, 000242.900, 181
Trd, 000243.250, 178
Trd, 000243.550, 177
Trd, 000243.883, 179
Trd, 000244.050, 182
Trd, 000244.150, 175
Trd, 000244.750, 178
Trd, 000245.017, 175
Trd, 000245.683, 175
Trd, 000245.817, 177
Trd, 000246.700, 176
Trd, 000247.083, 177
Trd, 000247.317, 178
Trd, 000248.167, 177
Trd, 000248.467, 176
Trd, 000249.283, 171
Trd, 000249.333, 172
Trd, 000249.483, 175
Trd, 000249.667, 174
Trd, 000250.233, 179
Trd, 000250.967, 176
Trd, 000251.067, 178
Trd, 000251.517, 180
Trd, 000251.717, 177
Trd, 000252.000, 180
Trd, 000252.350, 180
Trd, 000252.383, 179
Trd, 000252.917, 178
Trd, 000252.933, 181
Trd, 000253.783, 180
Trd, 000254.483, 180
Trd, 000254.950, 182
Trd, 000255.267, 177
Trd, 000255.883, 182
Trd, 000256.117, 183
Trd, 000256.250, 187
Trd, 000256.917, 182
Trd, 000257.167, 180
Trd, 000257.517, 183
Trd, 000257.900, 187
Trd, 000258.300, 184
Trd, 000258.783, 178
Trd, 000259.317, 182
Trd, 000259.400, 184
Trd, 000260.000, 188
Trd, 000260.833, 188
Trd, 000260.850, 184
Trd, 000261.117, 186
Trd, 000261.567, 185
Trd, 000262.050, 184
Trd, 000262.317, 181
Trd, 000262.733, 174
Trd, 000263.083, 177
Trd, 000263.300, 174
Trd, 000263.483, 176
Trd, 000263.600, 177
Trd, 000264.967, 173
Trd, 000265.550, 177
Trd, 000266.000, 176
Trd, 000266.033, 173
Trd, 000266.850, 172
Trd, 000267.033, 178
Trd, 000267.333, 180
Trd, 000267.517, 171
Trd, 000268.350, 178
Trd, 000268.583, 180
Trd, 000268.950, 173
Trd, 000269.500, 176
Trd, 000269.833, 184
Trd, 000270.033, 183
Trd, 000270.417, 183
Trd, 000270.717, 176
Trd, 000270.967, 188
Trd, 000271.283, 187
Trd, 000271.733, 182
Trd, 000272.117, 182
Trd, 000273.050, 177
Trd, 000273.333, 175
Trd, 000273.650, 179
Trd, 000273.817, 179
Trd, 000273.850, 185
Trd, 000274.217, 185
Trd, 000274.717, 186
Trd, 000274.983, 189
Trd, 000276.167, 189
Trd, 000276.200, 193
Trd, 000276.417, 187
Trd, 000276.550, 182
Trd, 000276.850, 193
Trd, 000277.100, 194
Trd, 000277.133, 175
Trd, 000277.833, 190
Trd, 000278.317, 190
Trd, 000278.800, 183
Trd, 000278.967, 172
Trd, 000279.433, 165
Trd, 000280.817, 188
Trd, 000280.967, 186
Trd, 000281.300, 183
Trd, 000281.367, 189
Trd, 000281.917, 181
Trd, 000282.017, 181
Trd, 000282.367, 184
Trd, 000282.650, 184
Trd, 000282.867, 187
Trd, 000283.600, 191
Trd, 000284.083, 190
Trd, 000284.250, 195
Trd, 000284.717, 190
Trd, 000285.267, 190
Trd, 000285.900, 183
Trd, 000286.717, 191
Trd, 000287.233, 187
Trd, 000287.333, 195
Trd, 000287.367, 198
Trd, 000288.167, 194
Trd, 000288.517, 187
Trd, 000289.150, 193
Trd, 000289.250, 194
Trd, 000289.467, 191
Trd, 000290.283, 180
Trd, 000290.967, 191
Trd, 000291.233, 193
Trd, 000291.683, 191
Trd, 000292.333, 192
Trd, 000292.750, 188
Trd, 000293.133, 191
Trd, 000293.583, 186
Trd, 000295.017, 191
Trd, 000295.333, 187
Trd, 000295.567, 184
Trd, 000296.000, 186
Trd, 000296.517, 184
Trd, 000296.667, 187
Trd, 000297.333, 188
Trd, 000297.567, 185
Trd, 000297.700, 187
Trd, 000298.000, 184
Trd, 000298.483, 177
Trd, 000299.267, 187
Trd, 000299.450, 187
