Trd, 000004.000, 127
Trd, 000004.433, 127
Trd, 000004.850, 134
Trd, 000005.100, 133
Trd, 000006.067, 145
Trd, 000006.283, 134
Trd, 000006.333, 148
Trd, 000006.533, 159
Trd, 000007.767, 142
Trd, 000007.867, 141
Trd, 000007.917, 152
Trd, 000008.650, 137
Trd, 000008.917, 176
Trd, 000010.983, 154
Trd, 000011.333, 156
Trd, 000011.883, 156
Trd, 000012.317, 159
Trd, 000012.917, 160
Trd, 000013.950, 153
Trd, 000014.983, 172
Trd, 000015.083, 151
Trd, 000015.667, 147
Trd, 000018.933, 155
Trd, 000019.483, 152
Trd, 000019.550, 151
Trd, 000019.617, 154
Trd, 000019.917, 154
Trd, 000020.400, 152
Trd, 000021.717, 152
Trd, 000022.867, 153
Trd, 000023.517, 160
Trd, 000024.317, 160
Trd, 000024.667, 155
Trd, 000025.567, 156
Trd, 000025.700, 154
Trd, 000025.883, 159
Trd, 000026.233, 161
Trd, 000027.700, 159
Trd, 000028.117, 158
Trd, 000028.417, 152
Trd, 000028.867, 150
Trd, 000030.100, 152
Trd, 000030.900, 151
Trd, 000031.150, 153
Trd, 000033.183, 150
Trd, 000033.400, 148
Trd, 000033.533, 151
Trd, 000035.083, 152
Trd, 000035.200, 153
Trd, 000036.600, 153
Trd, 000037.050, 154
Trd, 000037.333, 153
Trd, 000037.467, 148
Trd, 000037.583, 152
Trd, 000037.667, 153
Trd, 000038.133, 154
Trd, 000039.067, 142
Trd, 000039.750, 154
Trd, 000041.667, 152
Trd, 000042.733, 149
Trd, 000042.833, 154
Trd, 000043.733, 149
Trd, 000044.733, 150
Trd, 000045.650, 150
Trd, 000046.433, 152
Trd, 000046.900, 150
Trd, 000047.600, 153
Trd, 000048.300, 153
Trd, 000048.600, 152
Trd, 000048.850, 153
Trd, 000048.867, 156
Trd, 000049.867, 159
Trd, 000050.050, 158
Trd, 000051.017, 154
Trd, 000051.083, 157
Trd, 000051.800, 162
Trd, 000051.883, 163
Trd, 000052.633, 171
Trd, 000054.517, 152
Trd, 000055.483, 152
Trd, 000055.567, 154
Trd, 000056.117, 152
Trd, 000056.517, 154
Trd, 000056.967, 156
Trd, 000057.600, 155
Trd, 000057.850, 152
Trd, 000057.950, 156
Trd, 000058.000, 151
Trd, 000059.383, 157
Trd, 000060.150, 157
Trd, 000061.317, 161
Trd, 000061.783, 160
Trd, 000061.983, 146
Trd, 000062.400, 142
Trd, 000063.333, 160
Trd, 000064.117, 163
Trd, 000065.733, 164
Trd, 000067.450, 167
Trd, 000067.767, 169
Trd, 000068.083, 168
Trd, 000069.417, 168
Trd, 000069.700, 173
Trd, 000070.150, 167
Trd, 000070.333, 186
Trd, 000070.483, 151
Trd, 000071.917, 153
Trd, 000072.817, 152
Trd, 000073.183, 155
Trd, 000073.633, 154
Trd, 000074.133, 146
Trd, 000075.600, 152
Trd, 000075.750, 153
Trd, 000077.450, 155
Trd, 000078.450, 159
Trd, 000079.067, 157
Trd, 000080.067, 157
Trd, 000080.733, 150
Trd, 000081.000, 149
Trd, 000081.367, 157
Trd, 000081.817, 158
Trd, 000083.517, 160
Trd, 000083.683, 163
Trd, 000084.683, 151
Trd, 000085.550, 156
Trd, 000085.967, 155
Trd, 000086.200, 157
Trd, 000086.917, 155
Trd, 000087.100, 156
Trd, 000088.283, 157
Trd, 000088.467, 160
Trd, 000089.867, 149
Trd, 000090.317, 168
Trd, 000090.700, 153
Trd, 000091.067, 161
Trd, 000092.483, 155
Trd, 000092.783, 156
Trd, 000092.983, 156
Trd, 000093.267, 157
Trd, 000093.517, 156
Trd, 000093.683, 146
Trd, 000094.100, 156
Trd, 000094.517, 160
Trd, 000095.233, 165
Trd, 000096.083, 154
Trd, 000096.683, 165
Trd, 000097.700, 154
Trd, 000098.800, 154
Trd, 000098.900, 155
Trd, 000098.950, 151
Trd, 000100.267, 156
Trd, 000101.000, 158
Trd, 000102.767, 158
Trd, 000103.050, 159
Trd, 000103.333, 159
Trd, 000103.350, 161
Trd, 000103.417, 155
Trd, 000104.583, 169
Trd, 000104.600, 154
Trd, 000105.383, 171
Trd, 000106.233, 165
Trd, 000106.283, 165
Trd, 000106.550, 166
Trd, 000106.750, 168
Trd, 000109.850, 157
Trd, 000110.400, 158
Trd, 000110.583, 159
Trd, 000111.200, 160
Trd, 000111.333, 159
Trd, 000111.500, 152
Trd, 000111.867, 160
Trd, 000113.250, 156
Trd, 000114.117, 155
Trd, 000114.467, 157
Trd, 000114.733, 158
Trd, 000116.283, 160
Trd, 000116.917, 159
Trd, 000117.217, 154
Trd, 000117.900, 154
Trd, 000119.017, 158
Trd, 000119.167, 158
Trd, 000119.217, 156
Trd, 000119.733, 160
Trd, 000121.550, 157
Trd, 000121.683, 159
Trd, 000121.733, 163
Trd, 000121.950, 167
Trd, 000121.967, 201
Trd, 000122.333, 205
Trd, 000122.450, 158
Trd, 000122.800, 208
Trd, 000123.500, 195
Trd, 000123.517, 283
Trd, 000123.717, 308
Trd, 000124.067, 320.0
Trd, 000124.300, 327.0
Trd, 000125.000, 321.0
Trd, 000128.167, 338
Trd, 000128.967, 341
Trd, 000130.200, 360
Trd, 000130.400, 371
Trd, 000130.450, 351
Trd, 000131.767, 353
Trd, 000132.300, 350
Trd, 000133.433, 350
Trd, 000133.533, 351
Trd, 000133.750, 344
Trd, 000134.383, 354
Trd, 000134.450, 344.0
Trd, 000135.750, 351.0
Trd, 000136.133, 348
Trd, 000136.250, 349
Trd, 000137.267, 348.0
Trd, 000137.533, 343
Trd, 000137.950, 349
Trd, 000139.283, 349.0
Trd, 000139.300, 351.0
Trd, 000139.933, 350
Trd, 000140.667, 351
Trd, 000141.050, 350
Trd, 000142.383, 349
Trd, 000142.983, 346
Trd, 000144.667, 347
Trd, 000144.717, 348
Trd, 000145.283, 348
Trd, 000145.717, 345.0
Trd, 000145.733, 344.0
Trd, 000146.450, 340
Trd, 000146.483, 338
Trd, 000148.517, 342
Trd, 000148.733, 344
Trd, 000148.767, 341.0
Trd, 000149.333, 345
Trd, 000149.883, 344
Trd, 000150.217, 348.0
Trd, 000150.417, 358
Trd, 000152.033, 347
Trd, 000152.583, 345
Trd, 000153.583, 347
Trd, 000154.167, 356
Trd, 000154.233, 359
Trd, 000154.617, 350
Trd, 000155.167, 368.0
Trd, 000155.833, 346
Trd, 000156.250, 345
Trd, 000157.183, 349.0
Trd, 000157.817, 350.0
Trd, 000159.017, 351.0
Trd, 000159.067, 351
Trd, 000159.450, 350
Trd, 000159.750, 352
Trd, 000159.900, 355
Trd, 000161.800, 348
Trd, 000162.383, 350.0
Trd, 000163.817, 345
Trd, 000164.600, 346.0
Trd, 000165.100, 347
Trd, 000165.650, 346
Trd, 000165.783, 345
Trd, 000165.900, 344
Trd, 000167.300, 344.0
Trd, 000167.700, 347
Trd, 000167.900, 348.0
Trd, 000167.933, 351.0
Trd, 000168.133, 343
Trd, 000169.550, 348.0
Trd, 000170.100, 345
Trd, 000170.250, 347
Trd, 000170.633, 346
Trd, 000171.400, 347
Trd, 000171.550, 346
Trd, 000173.500, 358
Trd, 000173.850, 350.0
Trd, 000174.633, 345.0
Trd, 000175.050, 351.0
Trd, 000176.000, 349
Trd, 000176.217, 348
Trd, 000176.483, 340
Trd, 000178.267, 359
Trd, 000178.300, 373
Trd, 000178.717, 340
Trd, 000179.283, 356
Trd, 000180.617, 341.0
Trd, 000182.100, 344.0
Trd, 000182.883, 339
Trd, 000183.000, 337.0
Trd, 000183.017, 330
Trd, 000183.100, 317.0
Trd, 000184.050, 313.0
Trd, 000184.067, 302
Trd, 000184.433, 299
Trd, 000184.750, 283
Trd, 000185.083, 218
Trd, 000185.217, 214
Trd, 000185.367, 207
Trd, 000187.317, 199
Trd, 000188.100, 189
Trd, 000188.367, 187
Trd, 000189.383, 173
Trd, 000189.400, 172
Trd, 000190.117, 174
Trd, 000191.133, 176
Trd, 000191.483, 183
Trd, 000192.683, 170
Trd, 000193.650, 179
Trd, 000193.933, 180
Trd, 000194.217, 180
Trd, 000194.817, 174
Trd, 000195.433, 172
Trd, 000196.100, 178
Trd, 000196.317, 179
Trd, 000196.500, 169
Trd, 000198.100, 176
Trd, 000199.700, 169
Trd, 000199.800, 171
Trd, 000200.450, 170
Trd, 000201.083, 168
Trd, 000201.950, 169
Trd, 000201.983, 168
Trd, 000202.217, 164
Trd, 000205.817, 166
Trd, 000206.183, 168
Trd, 000206.250, 164
Trd, 000206.283, 169
Trd, 000206.450, 169
Trd, 000207.600, 168
Trd, 000208.250, 165
Trd, 000208.300, 164
Trd, 000208.333, 169
Trd, 000209.533, 170
Trd, 000210.083, 171
Trd, 000210.250, 180
Trd, 000211.433, 171
Trd, 000211.450, 170
Trd, 000211.800, 172
Trd, 000212.767, 165
Trd, 000213.067, 161
Trd, 000214.500, 168
Trd, 000214.633, 169
Trd, 000214.850, 178
Trd, 000215.350, 195
Trd, 000215.850, 190
Trd, 000216.283, 190
Trd, 000216.700, 189
Trd, 000216.717, 166
Trd, 000217.467, 173
Trd, 000220.183, 175
Trd, 000220.317, 179
Trd, 000220.833, 178
Trd, 000221.000, 181
Trd, 000221.167, 174
Trd, 000221.433, 172
Trd, 000222.950, 169
Trd, 000224.867, 172
Trd, 000225.033, 175
Trd, 000225.133, 172
Trd, 000225.183, 173
Trd, 000225.550, 164
Trd, 000225.733, 163
Trd, 000225.767, 162
Trd, 000226.350, 173
Trd, 000227.250, 166
Trd, 000227.550, 174
Trd, 000228.133, 180
Trd, 000228.933, 165
Trd, 000230.167, 176
Trd, 000231.117, 173
Trd, 000231.967, 174
Trd, 000232.067, 173
Trd, 000232.133, 172
Trd, 000232.333, 172
Trd, 000232.500, 174
Trd, 000233.133, 175
Trd, 000233.683, 174
Trd, 000234.683, 181
Trd, 000235.300, 177
Trd, 000235.417, 175
Trd, 000236.350, 177
Trd, 000236.883, 175
Trd, 000237.233, 177
Trd, 000238.283, 177
Trd, 000238.300, 174
Trd, 000238.983, 178
Trd, 000240.133, 173
Trd, 000240.350, 170
Trd, 000240.433, 169
Trd, 000241.050, 165
Trd, 000241.333, 167
Trd, 000241.583, 171
Trd, 000241.833, 172
Trd, 000242.333, 174
Trd, 000242.633, 175
Trd, 000242.683, 179
Trd, 000243.233, 174
Trd, 000244.350, 179
Trd, 000244.550, 168
Trd, 000245.400, 168
Trd, 000245.633, 164
Trd, 000246.433, 176
Trd, 000247.200, 174
Trd, 000247.250, 172
Trd, 000247.450, 171
Trd, 000247.900, 171
Trd, 000248.167, 169
Trd, 000248.417, 171
Trd, 000248.850, 170
Trd, 000249.250, 169
Trd, 000249.650, 170
Trd, 000250.767, 170
Trd, 000251.050, 173
Trd, 000251.250, 173
Trd, 000252.167, 170
Trd, 000252.800, 171
Trd, 000252.933, 172
Trd, 000253.033, 173
Trd, 000254.283, 174
Trd, 000254.367, 172
Trd, 000254.817, 172
Trd, 000255.567, 172
Trd, 000256.033, 173
Trd, 000256.817, 170
Trd, 000256.933, 171
Trd, 000257.133, 172
Trd, 000257.217, 174
Trd, 000258.133, 179
Trd, 000259.233, 171
Trd, 000259.350, 172
Trd, 000259.400, 170
Trd, 000259.700, 166
Trd, 000259.950, 173
Trd, 000260.267, 174
Trd, 000261.567, 173
Trd, 000261.733, 173
Trd, 000261.850, 177
Trd, 000262.150, 181
Trd, 000263.867, 177
Trd, 000264.483, 178
Trd, 000264.683, 178
Trd, 000265.300, 177
Trd, 000265.683, 175
Trd, 000265.917, 175
Trd, 000266.017, 171
Trd, 000266.217, 177
Trd, 000266.250, 178
Trd, 000266.900, 181
Trd, 000267.083, 195
Trd, 000268.783, 186
Trd, 000268.900, 187
Trd, 000268.950, 186
Trd, 000269.000, 185
Trd, 000269.283, 171
Trd, 000269.683, 173
Trd, 000270.067, 166
Trd, 000270.650, 173
Trd, 000271.417, 169
Trd, 000271.600, 170
Trd, 000272.233, 167
Trd, 000272.517, 170
Trd, 000272.550, 171
Trd, 000273.033, 173
Trd, 000273.500, 175
Trd, 000274.650, 177
Trd, 000275.150, 174
Trd, 000275.650, 174
Trd, 000275.983, 175
Trd, 000276.217, 176
Trd, 000276.267, 172
Trd, 000276.483, 182
Trd, 000276.983, 179
Trd, 000277.083, 178
Trd, 000277.200, 188
Trd, 000277.533, 188
Trd, 000278.700, 177
Trd, 000278.900, 181
Trd, 000279.650, 182
Trd, 000279.750, 179
Trd, 000279.950, 177
Trd, 000280.250, 181
Trd, 000280.600, 182
Trd, 000281.267, 182
Trd, 000281.433, 188
Trd, 000281.500, 187
Trd, 000281.900, 190
Trd, 000282.717, 198
Trd, 000283.033, 190
Trd, 000283.350, 193
Trd, 000283.683, 194
Trd, 000284.917, 179
Trd, 000285.033, 190
Trd, 000285.717, 178
Trd, 000286.250, 173
Trd, 000286.500, 183
Trd, 000287.350, 186
Trd, 000287.383, 190
Trd, 000288.567, 174
Trd, 000289.017, 177
Trd, 000289.150, 183
Trd, 000289.450, 173
Trd, 000289.650, 171
Trd, 000289.767, 169
Trd, 000290.283, 166
Trd, 000290.517, 177
Trd, 000291.500, 176
Trd, 000291.733, 177
Trd, 000291.933, 178
Trd, 000292.317, 173
Trd, 000292.333, 180
Trd, 000292.883, 184
Trd, 000294.367, 194
Trd, 000294.700, 193
Trd, 000295.033, 181
Trd, 000295.183, 184
Trd, 000295.200, 178
Trd, 000295.433, 176
Trd, 000295.733, 173
Trd, 000295.767, 195
Trd, 000296.367, 174
Trd, 000296.433, 171
Trd, 000297.017, 172
Trd, 000297.117, 173
Trd, 000297.150, 177
Trd, 000297.483, 171
Trd, 000298.100, 178
Trd, 000299.117, 170
Trd, 000299.167, 180
Trd, 000299.183, 185
Trd, 000299.283, 169
Trd, 000299.400, 174
