Trd, 000001.850, 172
Trd, 000002.583, 180
Trd, 000002.800, 154
Trd, 000003.050, 152
Trd, 000003.583, 164
Trd, 000003.617, 163
Trd, 000003.950, 173
Trd, 000004.517, 153
Trd, 000004.617, 153
Trd, 000006.017, 145
Trd, 000006.167, 146
Trd, 000007.633, 151
Trd, 000007.850, 151
Trd, 000008.900, 149
Trd, 000009.217, 149
Trd, 000009.500, 152
Trd, 000009.617, 152
Trd, 000009.933, 129
Trd, 000010.617, 150
Trd, 000011.283, 141
Trd, 000012.283, 142
Trd, 000013.100, 141
Trd, 000014.333, 141
Trd, 000014.717, 140
Trd, 000015.217, 142
Trd, 000015.767, 149
Trd, 000016.100, 152
Trd, 000016.567, 144
Trd, 000016.833, 159
Trd, 000019.800, 149
Trd, 000020.383, 149
Trd, 000022.233, 150
Trd, 000022.400, 149
Trd, 000022.650, 148
Trd, 000023.583, 150
Trd, 000023.817, 148
Trd, 000023.983, 148
Trd, 000024.850, 146
Trd, 000025.150, 146
Trd, 000026.200, 144
Trd, 000026.483, 159
Trd, 000027.133, 152
Trd, 000027.317, 160
Trd, 000027.433, 169
Trd, 000027.783, 155
Trd, 000027.833, 162
Trd, 000029.833, 153
Trd, 000030.117, 153
Trd, 000030.817, 153
Trd, 000031.217, 154
Trd, 000031.367, 156
Trd, 000031.917, 153
Trd, 000033.617, 154
Trd, 000034.950, 154
Trd, 000035.600, 158
Trd, 000036.200, 157
Trd, 000036.583, 156
Trd, 000036.817, 155
Trd, 000037.017, 155
Trd, 000038.250, 161
Trd, 000038.450, 158
Trd, 000039.717, 158
Trd, 000040.450, 158
Trd, 000042.083, 158
Trd, 000042.517, 159
Trd, 000043.083, 160
Trd, 000043.517, 159
Trd, 000044.517, 160
Trd, 000044.550, 159
Trd, 000044.900, 165
Trd, 000045.550, 160
Trd, 000046.450, 161
Trd, 000048.100, 160
Trd, 000048.300, 159
Trd, 000049.083, 162
Trd, 000049.200, 154
Trd, 000049.383, 161
Trd, 000050.417, 142
Trd, 000050.700, 149
Trd, 000050.717, 150
Trd, 000051.467, 151
Trd, 000052.350, 163
Trd, 000054.550, 151
Trd, 000054.700, 157
Trd, 000054.967, 151
Trd, 000055.783, 150
Trd, 000055.883, 156
Trd, 000055.933, 156
Trd, 000056.233, 149
Trd, 000056.500, 148
Trd, 000057.283, 145
Trd, 000058.100, 146
Trd, 000058.183, 147
Trd, 000059.283, 149
Trd, 000061.533, 150
Trd, 000062.683, 152
Trd, 000062.750, 149
Trd, 000063.083, 149
Trd, 000063.517, 150
Trd, 000063.917, 157
Trd, 000064.917, 149
Trd, 000065.250, 156
Trd, 000065.717, 161
Trd, 000066.333, 152
Trd, 000068.717, 156
Trd, 000068.750, 158
Trd, 000069.433, 157
Trd, 000069.783, 156
Trd, 000071.133, 156
Trd, 000071.600, 157
Trd, 000072.050, 156
Trd, 000072.300, 157
Trd, 000072.700, 148
Trd, 000073.850, 152
Trd, 000074.450, 165
Trd, 000075.183, 155
Trd, 000076.417, 165
Trd, 000077.250, 165
Trd, 000077.883, 167
Trd, 000078.850, 168
Trd, 000079.383, 166
Trd, 000079.567, 166
Trd, 000079.833, 163
Trd, 000080.067, 149
Trd, 000080.583, 149
Trd, 000082.083, 158
Trd, 000082.250, 156
Trd, 000083.183, 159
Trd, 000083.300, 156
Trd, 000084.850, 159
Trd, 000085.000, 158
Trd, 000085.050, 157
Trd, 000086.083, 163
Trd, 000086.367, 164
Trd, 000088.017, 159
Trd, 000089.033, 162
Trd, 000089.333, 162
Trd, 000089.400, 160
Trd, 000089.850, 162
Trd, 000090.250, 157
Trd, 000090.867, 167
Trd, 000091.900, 157
Trd, 000092.767, 160
Trd, 000092.933, 159
Trd, 000094.883, 158
Trd, 000095.250, 161
Trd, 000095.833, 161
Trd, 000096.683, 160
Trd, 000097.250, 164
Trd, 000097.850, 168
Trd, 000098.000, 172
Trd, 000098.300, 160
Trd, 000100.417, 163
Trd, 000100.617, 161
Trd, 000101.367, 161
Trd, 000101.950, 161
Trd, 000102.483, 160
Trd, 000102.950, 151
Trd, 000105.017, 155
Trd, 000105.217, 162
Trd, 000105.817, 156
Trd, 000107.067, 162
Trd, 000107.900, 157
Trd, 000108.200, 160
Trd, 000109.267, 158
Trd, 000109.400, 158
Trd, 000109.633, 162
Trd, 000109.850, 168
Trd, 000110.050, 158
Trd, 000110.150, 157
Trd, 000111.950, 163
Trd, 000112.583, 164
Trd, 000112.650, 163
Trd, 000112.733, 159
Trd, 000112.917, 161
Trd, 000113.250, 161
Trd, 000113.467, 169
Trd, 000114.333, 161
Trd, 000114.400, 160
Trd, 000115.800, 160
Trd, 000116.700, 159
Trd, 000116.817, 164
Trd, 000117.617, 153
Trd, 000118.833, 158
Trd, 000119.083, 161
Trd, 000119.133, 159
Trd, 000119.183, 159
Trd, 000121.283, 163
Trd, 000122.067, 174
Trd, 000122.400, 184
Trd, 000122.450, 162
Trd, 000122.700, 198
Trd, 000123.267, 201
Trd, 000123.767, 174
Trd, 000124.083, 208
Trd, 000124.433, 264
Trd, 000124.700, 320.0
Trd, 000124.800, 322
Trd, 000126.567, 313.0
Trd, 000126.700, 317.0
Trd, 000129.033, 334
Trd, 000130.333, 338.0
Trd, 000130.633, 337
Trd, 000130.750, 337
Trd, 000132.733, 340
Trd, 000132.883, 341.0
Trd, 000133.783, 341.0
Trd, 000134.050, 340
Trd, 000134.100, 351.0
Trd, 000134.567, 340
Trd, 000134.583, 333
Trd, 000135.850, 339
Trd, 000136.267, 337
Trd, 000136.750, 337
Trd, 000136.917, 339
Trd, 000138.033, 340
Trd, 000138.750, 343
Trd, 000139.150, 345
Trd, 000139.317, 342
Trd, 000139.767, 333
Trd, 000141.467, 351.0
Trd, 000144.017, 345
Trd, 000144.600, 344
Trd, 000144.867, 342
Trd, 000145.033, 341
Trd, 000145.350, 341
Trd, 000147.567, 342
Trd, 000147.750, 346
Trd, 000148.017, 345
Trd, 000149.233, 347
Trd, 000149.283, 342
Trd, 000150.817, 346
Trd, 000150.967, 345
Trd, 000151.100, 343
Trd, 000153.400, 347
Trd, 000153.800, 345
Trd, 000154.067, 364
Trd, 000154.950, 344
Trd, 000155.000, 343
Trd, 000156.817, 349
Trd, 000157.667, 348
Trd, 000157.800, 346
Trd, 000160.550, 345
Trd, 000160.617, 349
Trd, 000160.767, 345
Trd, 000161.967, 344
Trd, 000162.550, 345
Trd, 000163.750, 348
Trd, 000164.567, 349
Trd, 000164.600, 350
Trd, 000165.350, 349
Trd, 000166.083, 348
Trd, 000166.583, 348
Trd, 000167.467, 347
Trd, 000168.067, 342
Trd, 000168.083, 353
Trd, 000168.883, 341.0
Trd, 000169.533, 351
Trd, 000169.783, 340
Trd, 000171.950, 342
Trd, 000172.850, 343
Trd, 000173.200, 347.0
Trd, 000174.200, 341
Trd, 000176.833, 344
Trd, 000177.383, 342
Trd, 000177.850, 347
Trd, 000178.133, 344
Trd, 000178.900, 346
Trd, 000178.983, 343
Trd, 000179.333, 347
Trd, 000182.117, 342.0
Trd, 000182.150, 341.0
Trd, 000182.167, 341
Trd, 000182.650, 333
Trd, 000182.967, 324.0
Trd, 000183.033, 320.0
Trd, 000183.083, 306.0
Trd, 000183.517, 207
Trd, 000184.800, 201
Trd, 000184.867, 193
Trd, 000185.017, 176
Trd, 000185.167, 212
Trd, 000185.683, 190
Trd, 000186.717, 191
Trd, 000187.267, 190
Trd, 000187.383, 177
Trd, 000189.367, 185
Trd, 000190.000, 186
Trd, 000190.433, 183
Trd, 000191.383, 178
Trd, 000193.017, 178
Trd, 000193.533, 176
Trd, 000194.500, 168
Trd, 000195.117, 175
Trd, 000196.067, 169
Trd, 000196.517, 175
Trd, 000197.100, 164
Trd, 000197.400, 161
Trd, 000198.033, 171
Trd, 000198.483, 165
Trd, 000198.517, 175
Trd, 000201.017, 174
Trd, 000201.517, 178
Trd, 000201.983, 175
Trd, 000202.217, 175
Trd, 000202.683, 177
Trd, 000204.117, 174
Trd, 000205.783, 176
Trd, 000205.867, 175
Trd, 000206.067, 174
Trd, 000206.600, 178
Trd, 000207.050, 172
Trd, 000207.533, 172
Trd, 000208.150, 171
Trd, 000209.483, 176
Trd, 000210.017, 175
Trd, 000210.700, 175
Trd, 000211.767, 176
Trd, 000213.367, 176
Trd, 000213.917, 174
Trd, 000214.033, 184
Trd, 000214.517, 175
Trd, 000214.617, 173
Trd, 000214.850, 176
Trd, 000215.717, 177
Trd, 000216.250, 176
Trd, 000216.550, 176
Trd, 000217.267, 175
Trd, 000217.783, 173
Trd, 000218.617, 173
Trd, 000218.983, 184
Trd, 000220.183, 174
Trd, 000220.883, 178
Trd, 000221.133, 176
Trd, 000222.050, 180
Trd, 000222.283, 175
Trd, 000222.517, 174
Trd, 000224.517, 174
Trd, 000225.033, 172
Trd, 000225.183, 175
Trd, 000225.433, 175
Trd, 000226.333, 176
Trd, 000226.500, 174
Trd, 000228.233, 177
Trd, 000228.633, 177
Trd, 000229.333, 169
Trd, 000229.433, 163
Trd, 000230.400, 171
Trd, 000230.867, 181
Trd, 000231.467, 185
Trd, 000231.733, 195
Trd, 000231.783, 170
Trd, 000231.867, 171
Trd, 000232.483, 176
Trd, 000234.467, 175
Trd, 000235.033, 175
Trd, 000236.083, 179
Trd, 000236.767, 184
Trd, 000236.850, 176
Trd, 000237.233, 174
Trd, 000237.633, 173
Trd, 000237.833, 170
Trd, 000239.650, 166
Trd, 000240.533, 175
Trd, 000240.983, 175
Trd, 000241.817, 174
Trd, 000241.967, 182
Trd, 000242.250, 186
Trd, 000243.350, 173
Trd, 000243.850, 175
Trd, 000244.067, 175
Trd, 000244.300, 174
Trd, 000244.983, 175
Trd, 000245.350, 172
Trd, 000245.550, 172
Trd, 000245.783, 172
Trd, 000246.117, 170
Trd, 000247.567, 172
Trd, 000247.667, 171
Trd, 000247.717, 177
Trd, 000248.417, 176
Trd, 000248.767, 176
Trd, 000249.017, 170
Trd, 000249.700, 170
Trd, 000250.967, 178
Trd, 000251.483, 181
Trd, 000251.717, 183
Trd, 000252.700, 186
Trd, 000253.433, 187
Trd, 000253.667, 187
Trd, 000254.150, 175
Trd, 000254.333, 172
Trd, 000255.117, 189
Trd, 000255.333, 170
Trd, 000256.900, 179
Trd, 000257.033, 176
Trd, 000257.067, 181
Trd, 000257.650, 181
Trd, 000257.700, 177
Trd, 000257.733, 176
Trd, 000258.883, 182
Trd, 000259.067, 181
Trd, 000259.617, 184
Trd, 000260.650, 179
Trd, 000260.717, 189
Trd, 000261.633, 194
Trd, 000262.017, 179
Trd, 000263.050, 176
Trd, 000263.383, 180
Trd, 000263.933, 182
Trd, 000264.600, 179
Trd, 000265.217, 182
Trd, 000265.717, 186
Trd, 000267.283, 182
Trd, 000267.633, 184
Trd, 000267.750, 183
Trd, 000267.783, 187
Trd, 000268.183, 184
Trd, 000268.317, 189
Trd, 000269.183, 187
Trd, 000269.850, 181
Trd, 000270.017, 179
Trd, 000270.050, 184
Trd, 000270.083, 181
Trd, 000270.767, 177
Trd, 000271.367, 185
Trd, 000272.850, 182
Trd, 000272.900, 185
Trd, 000273.250, 181
Trd, 000273.917, 186
Trd, 000274.567, 184
Trd, 000274.783, 181
Trd, 000276.000, 184
Trd, 000276.067, 185
Trd, 000276.133, 182
Trd, 000276.633, 179
Trd, 000276.917, 179
Trd, 000276.983, 181
Trd, 000277.050, 176
Trd, 000277.633, 189
Trd, 000279.550, 182
Trd, 000279.917, 179
Trd, 000280.267, 176
Trd, 000280.317, 180
Trd, 000281.500, 184
Trd, 000281.983, 186
Trd, 000282.300, 183
Trd, 000282.383, 178
Trd, 000282.650, 188
Trd, 000283.233, 189
Trd, 000283.450, 181
Trd, 000283.717, 179
Trd, 000283.867, 190
Trd, 000284.633, 187
Trd, 000285.633, 186
Trd, 000286.050, 186
Trd, 000286.267, 188
Trd, 000288.117, 187
Trd, 000288.717, 186
Trd, 000288.900, 183
Trd, 000288.950, 182
Trd, 000288.967, 185
Trd, 000289.567, 181
Trd, 000289.917, 181
Trd, 000290.600, 179
Trd, 000290.717, 173
Trd, 000290.883, 187
Trd, 000291.450, 180
Trd, 000292.233, 191
Trd, 000292.867, 177
Trd, 000293.500, 188
Trd, 000293.767, 201
Trd, 000294.517, 194
Trd, 000294.933, 194
Trd, 000295.433, 194
Trd, 000295.900, 193
Trd, 000296.000, 195
Trd, 000297.017, 197
Trd, 000297.100, 192
Trd, 000297.317, 179
Trd, 000297.483, 171
Trd, 000297.983, 180
Trd, 000298.967, 166
Trd, 000299.133, 186
