Trd, 000001.667, 182
Trd, 000001.817, 168
Trd, 000003.000, 142
Trd, 000004.867, 153
Trd, 000005.317, 144
Trd, 000006.467, 148
Trd, 000006.583, 147
Trd, 000006.633, 146
Trd, 000007.483, 144
Trd, 000007.850, 144
Trd, 000007.950, 145
Trd, 000008.633, 151
Trd, 000009.250, 140
Trd, 000009.633, 156
Trd, 000010.017, 147
Trd, 000010.900, 153
Trd, 000011.333, 153
Trd, 000011.667, 146
Trd, 000012.400, 147
Trd, 000013.133, 147
Trd, 000014.983, 145
Trd, 000015.467, 144
Trd, 000016.200, 146
Trd, 000016.683, 144
Trd, 000017.600, 144
Trd, 000017.833, 144
Trd, 000017.967, 144
Trd, 000018.250, 142
Trd, 000018.383, 143
Trd, 000019.400, 152
Trd, 000020.283, 151
Trd, 000021.317, 152
Trd, 000021.850, 152
Trd, 000022.017, 152
Trd, 000022.333, 152
Trd, 000023.233, 151
Trd, 000023.450, 152
Trd, 000023.467, 155
Trd, 000024.083, 148
Trd, 000025.783, 157
Trd, 000026.650, 149
Trd, 000027.483, 166
Trd, 000027.500, 167
Trd, 000027.750, 164
Trd, 000027.967, 164
Trd, 000028.317, 150
Trd, 000030.633, 156
Trd, 000031.200, 156
Trd, 000031.267, 155
Trd, 000031.517, 158
Trd, 000031.750, 158
Trd, 000031.950, 168
Trd, 000033.250, 153
Trd, 000033.700, 154
Trd, 000034.717, 152
Trd, 000034.733, 151
Trd, 000035.317, 151
Trd, 000035.700, 150
Trd, 000036.333, 140
Trd, 000037.083, 151
Trd, 000038.217, 152
Trd, 000038.483, 156
Trd, 000039.117, 168
Trd, 000039.700, 147
Trd, 000040.483, 147
Trd, 000041.300, 153
Trd, 000041.567, 154
Trd, 000043.450, 154
Trd, 000043.467, 155
Trd, 000044.350, 158
Trd, 000044.867, 155
Trd, 000045.617, 158
Trd, 000045.667, 157
Trd, 000046.050, 159
Trd, 000046.717, 158
Trd, 000046.933, 158
Trd, 000047.533, 157
Trd, 000048.317, 157
Trd, 000048.867, 157
Trd, 000049.283, 156
Trd, 000049.767, 153
Trd, 000050.267, 170
Trd, 000050.450, 173
Trd, 000050.883, 150
Trd, 000051.583, 149
Trd, 000052.867, 153
Trd, 000052.983, 155
Trd, 000053.133, 157
Trd, 000053.683, 155
Trd, 000053.750, 154
Trd, 000054.067, 152
Trd, 000054.200, 155
Trd, 000055.583, 155
Trd, 000056.050, 157
Trd, 000056.600, 160
Trd, 000056.683, 154
Trd, 000058.050, 161
Trd, 000058.217, 166
Trd, 000059.200, 164
Trd, 000059.600, 165
Trd, 000059.900, 164
Trd, 000060.133, 162
Trd, 000060.783, 160
Trd, 000061.667, 160
Trd, 000062.117, 159
Trd, 000063.550, 159
Trd, 000064.183, 160
Trd, 000064.300, 159
Trd, 000064.633, 161
Trd, 000065.067, 162
Trd, 000066.017, 157
Trd, 000066.933, 162
Trd, 000067.367, 161
Trd, 000067.650, 155
Trd, 000068.417, 161
Trd, 000069.400, 160
Trd, 000070.467, 160
Trd, 000070.983, 158
Trd, 000071.250, 161
Trd, 000072.250, 162
Trd, 000073.050, 158
Trd, 000073.200, 156
Trd, 000073.983, 162
Trd, 000075.250, 162
Trd, 000075.383, 161
Trd, 000076.717, 158
Trd, 000076.850, 162
Trd, 000077.533, 163
Trd, 000079.550, 163
Trd, 000079.783, 160
Trd, 000079.917, 163
Trd, 000080.100, 157
Trd, 000080.167, 155
Trd, 000081.033, 159
Trd, 000081.283, 160
Trd, 000082.433, 156
Trd, 000083.083, 155
Trd, 000083.417, 157
Trd, 000083.700, 153
Trd, 000084.267, 153
Trd, 000085.450, 149
Trd, 000085.517, 159
Trd, 000087.717, 155
Trd, 000087.800, 157
Trd, 000088.467, 155
Trd, 000088.483, 155
Trd, 000088.583, 152
Trd, 000088.967, 147
Trd, 000089.967, 156
Trd, 000090.283, 157
Trd, 000090.517, 160
Trd, 000090.633, 153
Trd, 000091.817, 171
Trd, 000093.767, 157
Trd, 000093.817, 151
Trd, 000094.483, 159
Trd, 000095.417, 155
Trd, 000095.667, 156
Trd, 000096.033, 155
Trd, 000096.600, 158
Trd, 000097.000, 160
Trd, 000098.883, 159
Trd, 000098.967, 160
Trd, 000099.067, 162
Trd, 000099.367, 158
Trd, 000099.633, 157
Trd, 000099.950, 162
Trd, 000100.750, 161
Trd, 000100.833, 157
Trd, 000101.400, 165
Trd, 000101.417, 160
Trd, 000101.433, 154
Trd, 000103.900, 160
Trd, 000104.083, 161
Trd, 000104.233, 161
Trd, 000104.733, 159
Trd, 000105.533, 161
Trd, 000106.083, 162
Trd, 000106.433, 166
Trd, 000106.517, 160
Trd, 000108.050, 168
Trd, 000108.533, 169
Trd, 000109.667, 170
Trd, 000110.017, 176
Trd, 000110.283, 176
Trd, 000110.883, 177
Trd, 000111.033, 173
Trd, 000111.167, 163
Trd, 000111.933, 178
Trd, 000112.383, 180
Trd, 000113.150, 181
Trd, 000113.650, 179
Trd, 000113.767, 180
Trd, 000114.833, 173
Trd, 000114.883, 158
Trd, 000116.517, 168
Trd, 000117.233, 164
Trd, 000119.017, 163
Trd, 000119.367, 167
Trd, 000119.683, 165
Trd, 000120.017, 167
Trd, 000120.650, 168
Trd, 000121.067, 168
Trd, 000121.233, 169
Trd, 000122.017, 183
Trd, 000123.100, 178
Trd, 000123.417, 187
Trd, 000124.117, 191
Trd, 000124.150, 196
Trd, 000124.217, 306.0
Trd, 000124.650, 362
Trd, 000124.783, 362
Trd, 000126.050, 331.0
Trd, 000126.083, 326
Trd, 000126.233, 355
Trd, 000128.250, 348
Trd, 000128.600, 348
Trd, 000129.200, 358
Trd, 000129.633, 345
Trd, 000129.683, 344.0
Trd, 000129.700, 365.0
Trd, 000131.267, 355
Trd, 000131.383, 348
Trd, 000131.417, 355
Trd, 000132.117, 353
Trd, 000132.600, 353
Trd, 000133.633, 348
Trd, 000134.117, 346
Trd, 000134.600, 351
Trd, 000134.850, 344
Trd, 000135.550, 344
Trd, 000136.883, 345
Trd, 000137.183, 352
Trd, 000137.517, 354
Trd, 000138.433, 364.0
Trd, 000138.717, 353
Trd, 000138.900, 365.0
Trd, 000139.417, 352
Trd, 000140.533, 355
Trd, 000140.567, 354
Trd, 000141.400, 356
Trd, 000142.000, 357
Trd, 000142.067, 355
Trd, 000143.000, 355
Trd, 000143.567, 354
Trd, 000144.033, 354
Trd, 000145.383, 354
Trd, 000146.300, 345
Trd, 000146.717, 354
Trd, 000148.000, 348
Trd, 000148.567, 347
Trd, 000148.583, 344
Trd, 000149.633, 349
Trd, 000150.433, 344.0
Trd, 000150.600, 350
Trd, 000150.783, 341
Trd, 000151.100, 351
Trd, 000151.383, 355
Trd, 000151.567, 339
Trd, 000151.650, 349
Trd, 000152.250, 338
Trd, 000153.433, 338
Trd, 000155.000, 352
Trd, 000155.650, 353
Trd, 000155.783, 355
Trd, 000156.667, 347
Trd, 000157.267, 353
Trd, 000157.600, 355
Trd, 000157.750, 354
Trd, 000158.067, 354
Trd, 000158.100, 354
Trd, 000158.483, 354
Trd, 000158.500, 355
Trd, 000159.283, 347
Trd, 000159.467, 354
Trd, 000159.967, 356
Trd, 000161.433, 352
Trd, 000162.833, 339
Trd, 000162.933, 350
Trd, 000164.067, 339
Trd, 000164.083, 336
Trd, 000164.633, 347
Trd, 000165.367, 346
Trd, 000168.067, 342
Trd, 000168.200, 344
Trd, 000168.267, 345
Trd, 000168.833, 346
Trd, 000169.550, 350
Trd, 000169.933, 351
Trd, 000170.083, 362
Trd, 000170.450, 345
Trd, 000170.717, 356
Trd, 000171.017, 347
Trd, 000171.700, 346
Trd, 000171.883, 344.0
Trd, 000172.283, 368.0
Trd, 000173.000, 375.0
Trd, 000173.133, 360
Trd, 000173.283, 336
Trd, 000174.667, 342
Trd, 000175.217, 342
Trd, 000176.117, 332
Trd, 000176.350, 349
Trd, 000176.567, 365.0
Trd, 000176.833, 358
Trd, 000178.250, 347.0
Trd, 000178.617, 348.0
Trd, 000178.950, 348
Trd, 000180.200, 346
Trd, 000180.317, 344
Trd, 000181.433, 344.0
Trd, 000181.467, 342
Trd, 000182.200, 333
Trd, 000182.250, 322
Trd, 000182.283, 310.0
Trd, 000182.850, 308.0
Trd, 000183.000, 306.0
Trd, 000183.433, 263
Trd, 000183.817, 221
Trd, 000184.000, 187
Trd, 000185.433, 197
Trd, 000185.517, 199
Trd, 000186.217, 186
Trd, 000186.400, 187
Trd, 000187.600, 191
Trd, 000187.650, 190
Trd, 000188.183, 192
Trd, 000188.517, 192
Trd, 000188.750, 180
Trd, 000190.017, 184
Trd, 000191.233, 187
Trd, 000191.817, 188
Trd, 000192.433, 187
Trd, 000192.850, 188
Trd, 000193.400, 186
Trd, 000193.983, 184
Trd, 000194.083, 185
Trd, 000194.550, 163
Trd, 000195.817, 182
Trd, 000196.150, 182
Trd, 000196.967, 184
Trd, 000197.050, 181
Trd, 000197.850, 185
Trd, 000197.917, 195
Trd, 000198.017, 199
Trd, 000199.117, 188
Trd, 000199.617, 182
Trd, 000200.650, 180
Trd, 000200.717, 178
Trd, 000201.400, 186
Trd, 000202.333, 182
Trd, 000202.717, 180
Trd, 000203.367, 179
Trd, 000203.533, 179
Trd, 000203.733, 178
Trd, 000203.900, 180
Trd, 000204.550, 182
Trd, 000205.083, 165
Trd, 000206.583, 185
Trd, 000206.650, 169
Trd, 000207.033, 194
Trd, 000207.850, 189
Trd, 000208.183, 183
Trd, 000208.467, 191
Trd, 000209.717, 169
Trd, 000210.550, 171
Trd, 000212.133, 167
Trd, 000213.050, 169
Trd, 000214.500, 167
Trd, 000214.650, 169
Trd, 000215.067, 171
Trd, 000215.400, 172
Trd, 000215.800, 173
Trd, 000216.067, 176
Trd, 000216.300, 164
Trd, 000217.850, 160
Trd, 000218.300, 174
Trd, 000219.100, 172
Trd, 000219.950, 173
Trd, 000221.217, 171
Trd, 000221.250, 170
Trd, 000221.850, 173
Trd, 000222.217, 172
Trd, 000222.383, 170
Trd, 000222.967, 173
Trd, 000223.133, 175
Trd, 000223.300, 176
Trd, 000224.583, 176
Trd, 000226.000, 177
Trd, 000226.183, 186
Trd, 000226.900, 178
Trd, 000226.983, 177
Trd, 000227.217, 171
Trd, 000227.283, 169
Trd, 000227.683, 179
Trd, 000228.167, 187
Trd, 000228.817, 169
Trd, 000229.633, 181
Trd, 000229.917, 189
Trd, 000230.867, 176
Trd, 000231.400, 171
Trd, 000231.650, 180
Trd, 000232.450, 170
Trd, 000234.567, 176
Trd, 000234.683, 177
Trd, 000234.967, 177
Trd, 000235.417, 179
Trd, 000236.083, 173
Trd, 000236.117, 180
Trd, 000236.783, 179
Trd, 000237.467, 171
Trd, 000238.300, 188
Trd, 000239.167, 180
Trd, 000239.800, 179
Trd, 000240.267, 178
Trd, 000240.350, 179
Trd, 000240.817, 176
Trd, 000240.883, 178
Trd, 000241.317, 179
Trd, 000241.367, 179
Trd, 000242.200, 183
Trd, 000242.383, 184
Trd, 000242.500, 182
Trd, 000243.000, 184
Trd, 000244.167, 182
Trd, 000244.550, 180
Trd, 000245.033, 179
Trd, 000245.417, 181
Trd, 000245.617, 180
Trd, 000245.733, 178
Trd, 000246.183, 182
Trd, 000246.433, 180
Trd, 000246.633, 182
Trd, 000246.967, 184
Trd, 000247.250, 183
Trd, 000248.533, 187
Trd, 000248.767, 187
Trd, 000248.867, 186
Trd, 000249.283, 186
Trd, 000249.450, 189
Trd, 000250.683, 189
Trd, 000251.133, 187
Trd, 000251.500, 188
Trd, 000251.700, 190
Trd, 000251.817, 187
Trd, 000252.050, 191
Trd, 000253.000, 188
Trd, 000253.300, 187
Trd, 000254.017, 187
Trd, 000254.350, 187
Trd, 000254.833, 186
Trd, 000255.067, 187
Trd, 000255.467, 188
Trd, 000256.167, 188
Trd, 000256.900, 189
Trd, 000257.200, 187
Trd, 000257.783, 188
Trd, 000258.150, 190
Trd, 000258.633, 183
Trd, 000259.350, 185
Trd, 000259.450, 183
Trd, 000259.817, 183
Trd, 000260.117, 186
Trd, 000260.800, 181
Trd, 000260.967, 181
Trd, 000261.017, 183
Trd, 000261.067, 185
Trd, 000262.150, 180
Trd, 000262.567, 180
Trd, 000262.717, 183
Trd, 000262.783, 184
Trd, 000263.083, 184
Trd, 000264.000, 184
Trd, 000264.400, 181
Trd, 000264.733, 186
Trd, 000265.433, 188
Trd, 000265.700, 194
Trd, 000266.800, 192
Trd, 000266.950, 194
Trd, 000267.500, 189
Trd, 000267.717, 187
Trd, 000267.833, 186
Trd, 000268.150, 192
Trd, 000268.317, 185
Trd, 000270.050, 191
Trd, 000270.100, 192
Trd, 000270.317, 194
Trd, 000270.750, 190
Trd, 000271.067, 191
Trd, 000272.100, 189
Trd, 000272.683, 182
Trd, 000272.717, 183
Trd, 000273.233, 175
Trd, 000273.400, 186
Trd, 000274.567, 176
Trd, 000274.700, 175
Trd, 000274.933, 181
Trd, 000274.983, 178
Trd, 000275.550, 173
Trd, 000275.700, 174
Trd, 000276.333, 172
Trd, 000276.533, 179
Trd, 000276.700, 181
Trd, 000277.000, 163
Trd, 000277.083, 183
Trd, 000278.117, 172
Trd, 000278.233, 192
Trd, 000278.267, 191
Trd, 000279.500, 189
Trd, 000279.783, 187
Trd, 000280.317, 194
Trd, 000280.433, 194
Trd, 000280.900, 187
Trd, 000280.950, 186
Trd, 000281.967, 192
Trd, 000282.100, 191
Trd, 000282.167, 172
Trd, 000282.183, 193
Trd, 000283.133, 179
Trd, 000283.767, 183
Trd, 000283.833, 175
Trd, 000284.150, 173
Trd, 000285.167, 184
Trd, 000285.200, 184
Trd, 000285.750, 183
Trd, 000286.017, 183
Trd, 000286.200, 176
Trd, 000287.050, 173
Trd, 000287.383, 174
Trd, 000288.100, 176
Trd, 000289.083, 177
Trd, 000289.233, 176
Trd, 000289.400, 175
Trd, 000289.750, 178
Trd, 000290.083, 172
Trd, 000290.933, 178
Trd, 000291.033, 180
Trd, 000291.250, 187
Trd, 000291.533, 175
Trd, 000291.717, 177
Trd, 000292.417, 185
Trd, 000292.433, 193
Trd, 000292.883, 191
Trd, 000293.467, 184
Trd, 000293.867, 187
Trd, 000294.383, 173
Trd, 000294.650, 187
Trd, 000295.067, 189
Trd, 000295.700, 175
Trd, 000296.033, 187
Trd, 000296.700, 167
Trd, 000296.900, 188
Trd, 000297.000, 204
Trd, 000297.150, 208
Trd, 000297.267, 185
Trd, 000297.350, 174
Trd, 000297.633, 192
Trd, 000298.333, 190
Trd, 000299.033, 195
Trd, 000299.333, 188
