Trd, 000001.183, 191
Trd, 000001.933, 175
Trd, 000002.517, 148
Trd, 000003.083, 139
Trd, 000004.817, 151
Trd, 000005.083, 150
Trd, 000005.183, 150
Trd, 000005.283, 150
Trd, 000007.183, 149
Trd, 000008.050, 146
Trd, 000008.617, 151
Trd, 000008.717, 153
Trd, 000008.917, 146
Trd, 000010.317, 151
Trd, 000012.117, 151
Trd, 000012.167, 153
Trd, 000012.533, 153
Trd, 000013.250, 152
Trd, 000013.683, 155
Trd, 000014.967, 153
Trd, 000015.500, 152
Trd, 000015.600, 154
Trd, 000015.967, 153
Trd, 000016.167, 152
Trd, 000017.100, 153
Trd, 000017.933, 154
Trd, 000018.250, 156
Trd, 000018.483, 156
Trd, 000019.217, 159
Trd, 000021.683, 157
Trd, 000021.850, 157
Trd, 000022.150, 156
Trd, 000022.667, 153
Trd, 000023.633, 152
Trd, 000024.217, 152
Trd, 000024.367, 154
Trd, 000024.517, 155
Trd, 000025.017, 153
Trd, 000025.033, 154
Trd, 000025.933, 152
Trd, 000027.250, 152
Trd, 000027.383, 152
Trd, 000028.833, 152
Trd, 000030.150, 152
Trd, 000030.350, 154
Trd, 000030.500, 154
Trd, 000031.367, 157
Trd, 000032.767, 158
Trd, 000033.517, 154
Trd, 000034.850, 154
Trd, 000035.483, 157
Trd, 000035.800, 153
Trd, 000036.333, 158
Trd, 000036.533, 158
Trd, 000036.950, 159
Trd, 000037.800, 158
Trd, 000038.350, 158
Trd, 000038.733, 158
Trd, 000038.900, 158
Trd, 000039.300, 155
Trd, 000040.383, 154
Trd, 000040.750, 156
Trd, 000041.867, 156
Trd, 000041.967, 159
Trd, 000043.433, 154
Trd, 000043.917, 154
Trd, 000044.150, 154
Trd, 000044.683, 153
Trd, 000045.167, 152
Trd, 000045.617, 155
Trd, 000047.683, 154
Trd, 000048.133, 154
Trd, 000048.550, 155
Trd, 000048.983, 154
Trd, 000050.050, 153
Trd, 000050.117, 152
Trd, 000050.550, 157
Trd, 000051.450, 152
Trd, 000052.717, 153
Trd, 000053.317, 154
Trd, 000053.400, 154
Trd, 000053.450, 152
Trd, 000053.850, 152
Trd, 000054.350, 152
Trd, 000054.750, 153
Trd, 000055.500, 153
Trd, 000055.650, 157
Trd, 000055.867, 151
Trd, 000056.817, 154
Trd, 000058.100, 154
Trd, 000058.217, 156
Trd, 000058.533, 161
Trd, 000059.950, 151
Trd, 000060.683, 149
Trd, 000060.717, 154
Trd, 000060.950, 152
Trd, 000061.383, 153
Trd, 000061.467, 154
Trd, 000061.617, 154
Trd, 000062.100, 156
Trd, 000063.733, 156
Trd, 000063.933, 161
Trd, 000065.500, 159
Trd, 000065.700, 158
Trd, 000066.417, 158
Trd, 000066.833, 157
Trd, 000066.917, 157
Trd, 000068.833, 159
Trd, 000070.433, 158
Trd, 000071.117, 159
Trd, 000071.417, 159
Trd, 000071.433, 160
Trd, 000072.550, 161
Trd, 000072.600, 162
Trd, 000073.033, 163
Trd, 000073.500, 162
Trd, 000074.700, 164
Trd, 000075.383, 164
Trd, 000075.600, 165
Trd, 000075.650, 167
Trd, 000076.150, 166
Trd, 000077.083, 177
Trd, 000079.017, 170
Trd, 000079.417, 172
Trd, 000079.467, 170
Trd, 000080.100, 169
Trd, 000080.767, 165
Trd, 000081.350, 158
Trd, 000083.100, 157
Trd, 000083.750, 139
Trd, 000083.833, 151
Trd, 000084.150, 150
Trd, 000084.233, 154
Trd, 000085.700, 147
Trd, 000085.900, 149
Trd, 000086.467, 152
Trd, 000087.033, 153
Trd, 000088.083, 154
Trd, 000089.183, 153
Trd, 000089.317, 156
Trd, 000089.850, 164
Trd, 000090.300, 157
Trd, 000090.450, 158
Trd, 000091.217, 156
Trd, 000091.317, 155
Trd, 000091.467, 158
Trd, 000092.133, 157
Trd, 000092.767, 155
Trd, 000092.850, 157
Trd, 000093.917, 158
Trd, 000094.783, 158
Trd, 000095.300, 157
Trd, 000095.450, 159
Trd, 000096.117, 161
Trd, 000097.133, 163
Trd, 000097.800, 161
Trd, 000098.367, 160
Trd, 000099.867, 171
Trd, 000101.650, 167
Trd, 000101.883, 167
Trd, 000102.733, 167
Trd, 000103.000, 167
Trd, 000103.300, 167
Trd, 000103.433, 168
Trd, 000103.750, 171
Trd, 000104.233, 165
Trd, 000104.567, 163
Trd, 000104.967, 173
Trd, 000105.217, 168
Trd, 000107.467, 167
Trd, 000107.500, 166
Trd, 000109.050, 166
Trd, 000109.300, 167
Trd, 000110.300, 166
Trd, 000111.033, 165
Trd, 000111.300, 166
Trd, 000111.633, 164
Trd, 000111.967, 166
Trd, 000112.233, 167
Trd, 000114.117, 166
Trd, 000114.233, 165
Trd, 000114.800, 166
Trd, 000115.117, 166
Trd, 000115.533, 165
Trd, 000115.617, 165
Trd, 000117.167, 167
Trd, 000117.917, 165
Trd, 000118.133, 165
Trd, 000118.567, 165
Trd, 000118.850, 163
Trd, 000118.967, 165
Trd, 000120.717, 168
Trd, 000121.750, 165
Trd, 000121.867, 167
Trd, 000122.067, 169
Trd, 000122.133, 173
Trd, 000122.533, 187
Trd, 000122.583, 194
Trd, 000122.683, 194
Trd, 000122.883, 192
Trd, 000123.367, 205
Trd, 000123.500, 240
Trd, 000123.633, 310.0
Trd, 000123.650, 326
Trd, 000124.667, 302
Trd, 000125.267, 308
Trd, 000125.450, 344.0
Trd, 000126.950, 330
Trd, 000128.817, 352
Trd, 000129.200, 351
Trd, 000129.950, 348.0
Trd, 000130.933, 350.0
Trd, 000131.000, 350.0
Trd, 000131.033, 351.0
Trd, 000131.267, 349
Trd, 000131.683, 350
Trd, 000132.167, 351
Trd, 000134.567, 349
Trd, 000135.467, 349
Trd, 000135.650, 348
Trd, 000136.450, 348
Trd, 000137.517, 348
Trd, 000137.733, 350
Trd, 000138.333, 353
Trd, 000139.117, 352.0
Trd, 000139.533, 354
Trd, 000140.133, 355.0
Trd, 000140.917, 352
Trd, 000140.950, 351
Trd, 000141.000, 351.0
Trd, 000142.500, 348.0
Trd, 000142.767, 348
Trd, 000143.083, 347
Trd, 000143.450, 348
Trd, 000143.800, 350
Trd, 000144.400, 355
Trd, 000145.000, 346
Trd, 000145.933, 351
Trd, 000145.950, 348.0
Trd, 000146.767, 353
Trd, 000147.567, 352
Trd, 000148.383, 355
Trd, 000149.167, 354
Trd, 000149.650, 355.0
Trd, 000149.933, 357
Trd, 000150.283, 351
Trd, 000151.350, 353
Trd, 000151.400, 351
Trd, 000152.783, 351
Trd, 000152.950, 350
Trd, 000153.150, 348
Trd, 000153.983, 349
Trd, 000155.133, 350
Trd, 000155.333, 348.0
Trd, 000155.967, 354
Trd, 000156.083, 348
Trd, 000157.283, 353
Trd, 000157.300, 347
Trd, 000158.483, 345
Trd, 000159.800, 349.0
Trd, 000159.817, 348.0
Trd, 000160.350, 350.0
Trd, 000160.583, 354
Trd, 000162.300, 352
Trd, 000162.600, 353.0
Trd, 000163.033, 355.0
Trd, 000163.217, 353
Trd, 000163.683, 355
Trd, 000164.367, 357.0
Trd, 000164.817, 356
Trd, 000164.867, 349
Trd, 000165.217, 357
Trd, 000167.083, 352
Trd, 000167.817, 357.0
Trd, 000168.150, 357.0
Trd, 000168.850, 357
Trd, 000169.067, 356
Trd, 000169.933, 355.0
Trd, 000170.033, 355.0
Trd, 000171.917, 356
Trd, 000172.250, 357
Trd, 000172.533, 358.0
Trd, 000172.617, 356
Trd, 000173.300, 359
Trd, 000173.483, 360
Trd, 000175.400, 359
Trd, 000175.967, 353
Trd, 000176.983, 353
Trd, 000177.683, 350
Trd, 000178.783, 353.0
Trd, 000179.033, 349
Trd, 000179.983, 354
Trd, 000180.300, 354
Trd, 000180.800, 355
Trd, 000181.500, 353
Trd, 000181.650, 353
Trd, 000182.100, 350
Trd, 000182.183, 349
Trd, 000182.650, 348
Trd, 000182.800, 348.0
Trd, 000183.017, 331.0
Trd, 000183.667, 310
Trd, 000183.750, 306.0
Trd, 000184.250, 333.0
Trd, 000184.267, 259
Trd, 000185.450, 204
Trd, 000186.050, 214
Trd, 000186.383, 197
Trd, 000187.533, 196
Trd, 000188.233, 192
Trd, 000188.733, 193
Trd, 000189.017, 193
Trd, 000189.633, 175
Trd, 000190.317, 175
Trd, 000191.433, 178
Trd, 000191.633, 179
Trd, 000191.833, 177
Trd, 000192.133, 179
Trd, 000193.033, 178
Trd, 000193.600, 176
Trd, 000194.817, 175
Trd, 000195.167, 174
Trd, 000195.383, 173
Trd, 000196.600, 174
Trd, 000197.417, 174
Trd, 000197.533, 170
Trd, 000197.817, 175
Trd, 000199.383, 170
Trd, 000200.050, 171
Trd, 000200.317, 173
Trd, 000200.617, 170
Trd, 000201.750, 173
Trd, 000201.800, 172
Trd, 000202.017, 174
Trd, 000203.833, 173
Trd, 000204.950, 173
Trd, 000205.933, 178
Trd, 000206.500, 176
Trd, 000206.933, 173
Trd, 000207.033, 173
Trd, 000207.400, 174
Trd, 000207.750, 172
Trd, 000207.883, 170
Trd, 000208.050, 173
Trd, 000208.100, 173
Trd, 000211.167, 172
Trd, 000211.683, 171
Trd, 000212.533, 172
Trd, 000212.750, 173
Trd, 000213.817, 173
Trd, 000214.367, 173
Trd, 000214.417, 170
Trd, 000214.850, 179
Trd, 000215.217, 195
Trd, 000215.833, 196
Trd, 000217.350, 180
Trd, 000217.650, 182
Trd, 000218.283, 180
Trd, 000218.433, 179
Trd, 000220.733, 180
Trd, 000220.983, 181
Trd, 000221.383, 179
Trd, 000222.550, 177
Trd, 000222.567, 179
Trd, 000222.633, 180
Trd, 000222.983, 180
Trd, 000223.750, 181
Trd, 000225.583, 179
Trd, 000225.633, 178
Trd, 000226.100, 179
Trd, 000226.550, 179
Trd, 000227.500, 180
Trd, 000227.833, 179
Trd, 000229.583, 178
Trd, 000230.100, 179
Trd, 000230.617, 178
Trd, 000230.850, 177
Trd, 000231.717, 177
Trd, 000232.600, 177
Trd, 000232.950, 178
Trd, 000233.400, 178
Trd, 000233.850, 176
Trd, 000234.500, 173
Trd, 000234.767, 176
Trd, 000236.433, 176
Trd, 000238.317, 176
Trd, 000238.583, 176
Trd, 000238.683, 178
Trd, 000239.967, 176
Trd, 000240.017, 178
Trd, 000240.433, 174
Trd, 000240.483, 176
Trd, 000241.050, 177
Trd, 000241.600, 179
Trd, 000241.617, 178
Trd, 000241.683, 176
Trd, 000243.100, 175
Trd, 000243.367, 178
Trd, 000243.917, 173
Trd, 000244.000, 172
Trd, 000244.400, 177
Trd, 000245.383, 171
Trd, 000246.217, 171
Trd, 000246.450, 171
Trd, 000246.717, 172
Trd, 000247.250, 172
Trd, 000247.367, 176
Trd, 000247.750, 171
Trd, 000248.217, 171
Trd, 000248.850, 172
Trd, 000249.017, 171
Trd, 000249.050, 170
Trd, 000249.083, 173
Trd, 000250.300, 174
Trd, 000250.667, 175
Trd, 000251.650, 170
Trd, 000251.683, 172
Trd, 000251.783, 176
Trd, 000252.350, 175
Trd, 000252.500, 170
Trd, 000253.383, 171
Trd, 000254.233, 169
Trd, 000254.317, 171
Trd, 000254.433, 170
Trd, 000255.350, 170
Trd, 000255.950, 170
Trd, 000255.983, 169
Trd, 000257.150, 172
Trd, 000257.250, 174
Trd, 000257.733, 174
Trd, 000258.133, 173
Trd, 000258.383, 173
Trd, 000258.517, 172
Trd, 000258.667, 171
Trd, 000258.883, 173
Trd, 000259.717, 174
Trd, 000260.167, 176
Trd, 000260.950, 177
Trd, 000261.083, 175
Trd, 000261.617, 173
Trd, 000261.767, 176
Trd, 000262.117, 173
Trd, 000262.783, 177
Trd, 000264.450, 176
Trd, 000264.867, 174
Trd, 000265.000, 174
Trd, 000266.000, 177
Trd, 000266.017, 176
Trd, 000266.117, 177
Trd, 000266.417, 176
Trd, 000266.467, 178
Trd, 000266.967, 181
Trd, 000267.017, 184
Trd, 000267.433, 178
Trd, 000268.200, 178
Trd, 000268.600, 184
Trd, 000268.667, 177
Trd, 000270.083, 183
Trd, 000270.367, 185
Trd, 000270.550, 183
Trd, 000270.950, 180
Trd, 000271.867, 183
Trd, 000271.917, 181
Trd, 000273.000, 181
Trd, 000273.100, 177
Trd, 000273.200, 176
Trd, 000274.033, 176
Trd, 000274.117, 178
Trd, 000274.167, 174
Trd, 000274.950, 174
Trd, 000275.183, 179
Trd, 000275.417, 173
Trd, 000275.633, 171
Trd, 000275.917, 169
Trd, 000276.150, 174
Trd, 000277.033, 169
Trd, 000277.300, 171
Trd, 000278.167, 172
Trd, 000278.583, 176
Trd, 000278.667, 177
Trd, 000278.683, 172
Trd, 000279.017, 172
Trd, 000279.600, 170
Trd, 000280.767, 173
Trd, 000280.950, 173
Trd, 000281.400, 172
Trd, 000281.467, 170
Trd, 000281.683, 174
Trd, 000282.050, 169
Trd, 000283.183, 172
Trd, 000283.317, 170
Trd, 000284.383, 176
Trd, 000284.950, 172
Trd, 000285.083, 176
Trd, 000285.650, 174
Trd, 000285.717, 171
Trd, 000286.300, 175
Trd, 000286.400, 175
Trd, 000286.933, 173
Trd, 000287.267, 176
Trd, 000288.417, 176
Trd, 000288.633, 177
Trd, 000289.200, 175
Trd, 000289.933, 175
Trd, 000289.967, 177
Trd, 000290.233, 173
Trd, 000290.400, 177
Trd, 000290.550, 177
Trd, 000291.017, 173
Trd, 000291.283, 182
Trd, 000291.717, 183
Trd, 000292.100, 173
Trd, 000292.250, 180
Trd, 000292.683, 184
Trd, 000293.383, 178
Trd, 000293.883, 178
Trd, 000295.033, 179
Trd, 000295.200, 178
Trd, 000295.367, 179
Trd, 000295.683, 178
Trd, 000295.767, 178
Trd, 000296.183, 180
Trd, 000297.150, 176
Trd, 000297.417, 176
Trd, 000297.667, 175
Trd, 000297.867, 177
Trd, 000298.200, 173
Trd, 000298.633, 164
Trd, 000298.750, 161
Trd, 000298.867, 174
Trd, 000299.217, 185
Trd, 000299.450, 170
