Trd, 000001.817, 145
Trd, 000002.100, 134
Trd, 000002.167, 182
Trd, 000003.900, 172
Trd, 000003.933, 173
Trd, 000004.333, 157
Trd, 000004.717, 144
Trd, 000006.450, 149
Trd, 000006.617, 151
Trd, 000006.883, 138
Trd, 000007.200, 151
Trd, 000007.783, 147
Trd, 000008.183, 148
Trd, 000008.717, 148
Trd, 000008.783, 147
Trd, 000009.367, 148
Trd, 000010.767, 147
Trd, 000010.883, 146
Trd, 000011.400, 147
Trd, 000011.450, 145
Trd, 000012.300, 147
Trd, 000013.217, 146
Trd, 000013.333, 145
Trd, 000013.583, 145
Trd, 000014.283, 146
Trd, 000014.600, 145
Trd, 000015.033, 146
Trd, 000015.750, 148
Trd, 000015.817, 138
Trd, 000016.083, 159
Trd, 000017.083, 150
Trd, 000019.417, 145
Trd, 000019.450, 144
Trd, 000019.650, 137
Trd, 000019.800, 146
Trd, 000020.200, 146
Trd, 000020.367, 147
Trd, 000020.583, 147
Trd, 000020.833, 142
Trd, 000021.050, 141
Trd, 000021.317, 139
Trd, 000022.417, 143
Trd, 000023.483, 141
Trd, 000023.633, 142
Trd, 000024.617, 139
Trd, 000025.033, 139
Trd, 000025.233, 140
Trd, 000025.750, 142
Trd, 000027.650, 142
Trd, 000027.817, 141
Trd, 000028.583, 146
Trd, 000029.533, 145
Trd, 000029.867, 146
Trd, 000030.083, 145
Trd, 000030.267, 148
Trd, 000030.500, 141
Trd, 000030.883, 148
Trd, 000031.750, 142
Trd, 000032.933, 147
Trd, 000033.550, 142
Trd, 000033.800, 143
Trd, 000033.883, 141
Trd, 000034.317, 143
Trd, 000034.367, 144
Trd, 000034.783, 146
Trd, 000035.033, 154
Trd, 000035.150, 141
Trd, 000036.350, 141
Trd, 000037.217, 149
Trd, 000037.633, 148
Trd, 000037.733, 145
Trd, 000038.083, 144
Trd, 000038.183, 140
Trd, 000039.200, 144
Trd, 000039.567, 135
Trd, 000039.733, 145
Trd, 000039.750, 147
Trd, 000039.767, 148
Trd, 000040.350, 155
Trd, 000041.033, 154
Trd, 000041.083, 155
Trd, 000041.667, 158
Trd, 000042.983, 154
Trd, 000043.633, 152
Trd, 000044.267, 153
Trd, 000045.100, 152
Trd, 000045.183, 148
Trd, 000045.317, 153
Trd, 000045.683, 155
Trd, 000045.767, 169
Trd, 000046.500, 165
Trd, 000048.367, 177
Trd, 000048.767, 154
Trd, 000049.333, 151
Trd, 000049.967, 156
Trd, 000050.083, 160
Trd, 000050.150, 160
Trd, 000051.317, 152
Trd, 000051.550, 153
Trd, 000051.700, 154
Trd, 000052.750, 151
Trd, 000053.733, 149
Trd, 000053.750, 150
Trd, 000053.933, 151
Trd, 000055.350, 151
Trd, 000056.917, 152
Trd, 000057.400, 151
Trd, 000057.933, 150
Trd, 000058.450, 150
Trd, 000059.033, 151
Trd, 000059.050, 152
Trd, 000059.067, 149
Trd, 000059.233, 154
Trd, 000059.550, 154
Trd, 000060.783, 152
Trd, 000061.483, 151
Trd, 000061.600, 149
Trd, 000063.017, 150
Trd, 000063.617, 151
Trd, 000064.183, 152
Trd, 000064.283, 155
Trd, 000064.700, 149
Trd, 000064.883, 148
Trd, 000065.550, 151
Trd, 000066.717, 151
Trd, 000066.917, 147
Trd, 000067.300, 144
Trd, 000067.617, 143
Trd, 000068.767, 152
Trd, 000069.400, 170
Trd, 000070.250, 160
Trd, 000070.850, 156
Trd, 000071.400, 156
Trd, 000071.800, 159
Trd, 000071.833, 160
Trd, 000071.983, 160
Trd, 000073.167, 168
Trd, 000073.467, 172
Trd, 000074.283, 187
Trd, 000074.483, 157
Trd, 000075.917, 160
Trd, 000076.167, 159
Trd, 000076.283, 157
Trd, 000077.350, 162
Trd, 000077.583, 159
Trd, 000077.650, 160
Trd, 000077.683, 159
Trd, 000079.417, 157
Trd, 000080.133, 156
Trd, 000080.467, 156
Trd, 000081.100, 156
Trd, 000081.283, 145
Trd, 000082.200, 149
Trd, 000083.017, 150
Trd, 000083.317, 151
Trd, 000083.417, 152
Trd, 000083.733, 154
Trd, 000084.733, 158
Trd, 000085.100, 159
Trd, 000085.917, 149
Trd, 000086.100, 172
Trd, 000087.467, 170
Trd, 000087.767, 160
Trd, 000088.883, 163
Trd, 000089.050, 165
Trd, 000089.500, 165
Trd, 000090.867, 161
Trd, 000091.167, 165
Trd, 000092.667, 162
Trd, 000092.983, 162
Trd, 000093.800, 162
Trd, 000095.133, 160
Trd, 000095.533, 160
Trd, 000095.683, 161
Trd, 000095.833, 149
Trd, 000095.917, 161
Trd, 000096.700, 143
Trd, 000097.383, 156
Trd, 000097.533, 156
Trd, 000098.850, 157
Trd, 000099.000, 158
Trd, 000099.033, 161
Trd, 000100.467, 155
Trd, 000100.717, 153
Trd, 000101.533, 153
Trd, 000102.267, 154
Trd, 000102.483, 152
Trd, 000102.700, 153
Trd, 000102.800, 152
Trd, 000103.000, 155
Trd, 000103.017, 147
Trd, 000103.217, 175
Trd, 000104.967, 163
Trd, 000105.683, 162
Trd, 000106.367, 162
Trd, 000106.583, 161
Trd, 000106.833, 163
Trd, 000107.417, 157
Trd, 000108.367, 160
Trd, 000108.750, 159
Trd, 000108.950, 150
Trd, 000109.417, 159
Trd, 000109.833, 158
Trd, 000110.200, 158
Trd, 000110.450, 150
Trd, 000110.950, 158
Trd, 000111.500, 162
Trd, 000111.600, 151
Trd, 000112.933, 153
Trd, 000113.150, 160
Trd, 000114.183, 160
Trd, 000114.650, 159
Trd, 000114.683, 176
Trd, 000117.100, 161
Trd, 000117.350, 161
Trd, 000117.750, 159
Trd, 000118.150, 162
Trd, 000118.483, 162
Trd, 000118.850, 158
Trd, 000121.050, 159
Trd, 000121.233, 159
Trd, 000121.583, 163
Trd, 000121.650, 165
Trd, 000121.967, 164
Trd, 000122.167, 177
Trd, 000122.333, 194
Trd, 000122.583, 208
Trd, 000122.867, 195
Trd, 000123.200, 212
Trd, 000124.417, 311
Trd, 000124.783, 313.0
Trd, 000125.300, 317.0
Trd, 000125.683, 334.0
Trd, 000125.967, 365.0
Trd, 000126.100, 355
Trd, 000126.200, 371
Trd, 000126.400, 327.0
Trd, 000127.417, 345
Trd, 000128.650, 329.0
Trd, 000129.967, 331
Trd, 000130.350, 330
Trd, 000130.600, 331
Trd, 000131.383, 335
Trd, 000132.150, 335
Trd, 000132.250, 341
Trd, 000133.583, 338
Trd, 000134.633, 337
Trd, 000135.067, 340
Trd, 000135.483, 340
Trd, 000135.717, 337
Trd, 000136.233, 337.0
Trd, 000136.583, 341
Trd, 000136.683, 345
Trd, 000136.900, 348
Trd, 000138.200, 351.0
Trd, 000138.800, 343
Trd, 000139.150, 350
Trd, 000140.217, 344
Trd, 000140.267, 341
Trd, 000140.917, 345
Trd, 000141.050, 341
Trd, 000142.417, 341
Trd, 000142.800, 340
Trd, 000143.500, 338
Trd, 000143.750, 345
Trd, 000145.650, 340.0
Trd, 000146.000, 338.0
Trd, 000146.167, 343
Trd, 000146.517, 342
Trd, 000146.567, 345
Trd, 000147.850, 342
Trd, 000147.867, 345
Trd, 000147.917, 345
Trd, 000148.933, 343
Trd, 000148.950, 344
Trd, 000149.133, 338.0
Trd, 000150.900, 340
Trd, 000151.467, 340
Trd, 000152.067, 345
Trd, 000152.200, 339
Trd, 000153.283, 337.0
Trd, 000154.350, 343
Trd, 000154.500, 339
Trd, 000154.600, 337.0
Trd, 000155.183, 343
Trd, 000156.250, 342
Trd, 000157.317, 338
Trd, 000157.583, 345
Trd, 000158.033, 338
Trd, 000159.033, 340
Trd, 000159.883, 340
Trd, 000160.283, 338.0
Trd, 000160.850, 343
Trd, 000161.767, 341.0
Trd, 000161.783, 345
Trd, 000162.267, 339
Trd, 000163.717, 345
Trd, 000164.017, 345
Trd, 000165.800, 341
Trd, 000166.267, 343
Trd, 000166.733, 339
Trd, 000168.033, 337
Trd, 000168.400, 337
Trd, 000169.450, 337.0
Trd, 000170.433, 347
Trd, 000170.550, 339
Trd, 000171.467, 343
Trd, 000172.367, 343
Trd, 000172.583, 341
Trd, 000173.217, 340
Trd, 000174.967, 341
Trd, 000175.100, 344
Trd, 000175.533, 342
Trd, 000175.700, 341
Trd, 000176.600, 340
Trd, 000177.650, 339
Trd, 000177.850, 337.0
Trd, 000178.350, 338
Trd, 000178.833, 337
Trd, 000179.600, 339.0
Trd, 000179.733, 340
Trd, 000179.950, 341
Trd, 000180.033, 347
Trd, 000181.367, 341
Trd, 000181.667, 337.0
Trd, 000182.050, 336
Trd, 000182.250, 334.0
Trd, 000183.200, 363
Trd, 000183.383, 334
Trd, 000183.617, 313.0
Trd, 000184.117, 306
Trd, 000184.867, 262
Trd, 000185.050, 207
Trd, 000185.967, 204
Trd, 000186.850, 194
Trd, 000187.667, 198
Trd, 000187.867, 190
Trd, 000188.733, 183
Trd, 000188.950, 182
Trd, 000190.183, 169
Trd, 000190.283, 170
Trd, 000190.767, 169
Trd, 000191.483, 167
Trd, 000192.050, 166
Trd, 000192.433, 163
Trd, 000192.800, 153
Trd, 000192.883, 165
Trd, 000193.550, 166
Trd, 000194.717, 161
Trd, 000194.833, 162
Trd, 000195.033, 150
Trd, 000195.783, 163
Trd, 000198.267, 161
Trd, 000198.450, 162
Trd, 000199.450, 164
Trd, 000199.717, 164
Trd, 000200.400, 162
Trd, 000200.517, 171
Trd, 000201.800, 163
Trd, 000201.967, 162
Trd, 000202.250, 164
Trd, 000202.433, 163
Trd, 000202.583, 166
Trd, 000204.150, 165
Trd, 000204.383, 165
Trd, 000204.717, 168
Trd, 000205.383, 168
Trd, 000205.833, 171
Trd, 000206.317, 166
Trd, 000206.933, 171
Trd, 000207.350, 171
Trd, 000208.350, 172
Trd, 000208.367, 172
Trd, 000209.433, 168
Trd, 000210.550, 167
Trd, 000211.300, 169
Trd, 000211.467, 169
Trd, 000212.650, 165
Trd, 000212.800, 166
Trd, 000212.833, 165
Trd, 000213.167, 165
Trd, 000213.933, 161
Trd, 000214.333, 159
Trd, 000214.867, 163
Trd, 000215.400, 159
Trd, 000215.500, 165
Trd, 000216.367, 156
Trd, 000216.550, 157
Trd, 000217.367, 159
Trd, 000217.833, 166
Trd, 000219.317, 165
Trd, 000219.933, 165
Trd, 000220.533, 166
Trd, 000220.583, 163
Trd, 000221.217, 162
Trd, 000221.333, 160
Trd, 000222.933, 164
Trd, 000223.233, 163
Trd, 000223.883, 163
Trd, 000225.067, 163
Trd, 000225.233, 162
Trd, 000226.117, 162
Trd, 000226.133, 163
Trd, 000226.267, 164
Trd, 000226.850, 165
Trd, 000228.383, 166
Trd, 000228.633, 167
Trd, 000229.583, 167
Trd, 000229.783, 162
Trd, 000231.300, 164
Trd, 000231.433, 164
Trd, 000231.600, 165
Trd, 000231.850, 163
Trd, 000232.067, 174
Trd, 000232.333, 163
Trd, 000232.700, 170
Trd, 000232.983, 161
Trd, 000234.683, 171
Trd, 000235.350, 166
Trd, 000235.717, 169
Trd, 000236.333, 170
Trd, 000236.833, 167
Trd, 000237.433, 168
Trd, 000237.950, 165
Trd, 000238.550, 167
Trd, 000239.217, 163
Trd, 000240.033, 166
Trd, 000240.233, 165
Trd, 000240.367, 162
Trd, 000240.633, 166
Trd, 000241.133, 167
Trd, 000241.200, 166
Trd, 000241.917, 168
Trd, 000242.567, 167
Trd, 000242.767, 168
Trd, 000243.567, 166
Trd, 000243.850, 167
Trd, 000244.300, 167
Trd, 000244.533, 165
Trd, 000244.550, 167
Trd, 000244.700, 168
Trd, 000245.200, 175
Trd, 000245.500, 165
Trd, 000246.383, 172
Trd, 000246.433, 166
Trd, 000246.767, 161
Trd, 000247.500, 169
Trd, 000248.050, 167
Trd, 000248.717, 168
Trd, 000249.233, 170
Trd, 000249.917, 168
Trd, 000250.067, 169
Trd, 000250.967, 167
Trd, 000251.067, 166
Trd, 000251.517, 168
Trd, 000251.583, 168
Trd, 000251.950, 169
Trd, 000252.033, 166
Trd, 000252.567, 170
Trd, 000252.933, 190
Trd, 000253.850, 168
Trd, 000254.083, 168
Trd, 000254.433, 168
Trd, 000254.867, 169
Trd, 000255.350, 167
Trd, 000255.400, 167
Trd, 000255.417, 166
Trd, 000255.850, 168
Trd, 000256.650, 163
Trd, 000257.100, 162
Trd, 000257.967, 165
Trd, 000258.550, 171
Trd, 000258.783, 171
Trd, 000259.150, 172
Trd, 000260.150, 174
Trd, 000260.200, 175
Trd, 000260.300, 173
Trd, 000260.683, 171
Trd, 000260.867, 170
Trd, 000261.183, 173
Trd, 000261.583, 176
Trd, 000262.283, 169
Trd, 000263.167, 175
Trd, 000263.867, 167
Trd, 000264.900, 172
Trd, 000265.167, 170
Trd, 000265.367, 168
Trd, 000266.167, 174
Trd, 000266.583, 173
Trd, 000267.033, 172
Trd, 000267.533, 171
Trd, 000267.683, 171
Trd, 000267.983, 171
Trd, 000268.083, 172
Trd, 000269.083, 170
Trd, 000269.317, 172
Trd, 000269.983, 177
Trd, 000270.833, 180
Trd, 000271.217, 178
Trd, 000271.500, 174
Trd, 000271.800, 177
Trd, 000271.867, 173
Trd, 000272.550, 178
Trd, 000272.933, 169
Trd, 000273.300, 169
Trd, 000273.633, 170
Trd, 000274.367, 172
Trd, 000274.433, 168
Trd, 000274.600, 164
Trd, 000275.017, 169
Trd, 000275.300, 158
Trd, 000275.800, 170
Trd, 000276.900, 165
Trd, 000277.433, 168
Trd, 000277.700, 165
Trd, 000278.350, 172
Trd, 000279.467, 168
Trd, 000279.700, 165
Trd, 000279.950, 169
Trd, 000280.267, 168
Trd, 000280.400, 169
Trd, 000280.500, 165
Trd, 000280.550, 162
Trd, 000280.967, 154
Trd, 000281.483, 163
Trd, 000281.617, 164
Trd, 000282.133, 179
Trd, 000283.383, 193
Trd, 000283.600, 179
Trd, 000284.467, 175
Trd, 000284.750, 161
Trd, 000285.200, 169
Trd, 000285.617, 173
Trd, 000285.633, 175
Trd, 000286.617, 171
Trd, 000287.100, 167
Trd, 000287.200, 166
Trd, 000287.367, 169
Trd, 000287.667, 163
Trd, 000287.950, 174
Trd, 000288.000, 179
Trd, 000288.333, 171
Trd, 000289.183, 186
Trd, 000289.333, 177
Trd, 000289.933, 181
Trd, 000290.633, 180
Trd, 000291.367, 175
Trd, 000291.433, 176
Trd, 000292.267, 170
Trd, 000292.533, 174
Trd, 000292.850, 175
Trd, 000293.267, 172
Trd, 000293.283, 169
Trd, 000294.417, 174
Trd, 000294.517, 173
Trd, 000294.967, 174
Trd, 000295.367, 175
Trd, 000295.533, 180
Trd, 000295.633, 170
Trd, 000295.750, 194
Trd, 000296.433, 169
Trd, 000296.733, 176
Trd, 000297.500, 168
Trd, 000297.583, 181
Trd, 000298.267, 182
Trd, 000299.050, 181
Trd, 000299.250, 182
Trd, 000299.933, 181
