Trd, 000005.250, 148
Trd, 000005.617, 149
Trd, 000005.833, 154
Trd, 000005.883, 160
Trd, 000006.067, 155
Trd, 000007.367, 150
Trd, 000008.667, 154
Trd, 000008.767, 148
Trd, 000009.867, 158
Trd, 000010.200, 148
Trd, 000010.733, 154
Trd, 000013.433, 166
Trd, 000013.900, 155
Trd, 000014.500, 164
Trd, 000014.550, 146
Trd, 000015.300, 155
Trd, 000015.567, 140
Trd, 000016.017, 146
Trd, 000016.783, 152
Trd, 000017.000, 159
Trd, 000019.000, 172
Trd, 000020.017, 150
Trd, 000020.383, 138
Trd, 000021.300, 168
Trd, 000022.850, 158
Trd, 000023.067, 163
Trd, 000023.983, 182
Trd, 000024.683, 163
Trd, 000025.333, 148
Trd, 000025.517, 167
Trd, 000026.717, 172
Trd, 000026.950, 167
Trd, 000027.683, 162
Trd, 000029.417, 185
Trd, 000029.633, 175
Trd, 000030.317, 160
Trd, 000034.133, 177
Trd, 000035.333, 152
Trd, 000036.083, 157
Trd, 000036.283, 147
Trd, 000036.550, 159
Trd, 000036.967, 179
Trd, 000037.967, 166
Trd, 000038.383, 150
Trd, 000038.800, 164
Trd, 000040.067, 180
Trd, 000040.500, 181
Trd, 000041.933, 149
Trd, 000042.717, 154
Trd, 000042.783, 170
Trd, 000043.233, 148
Trd, 000043.250, 157
Trd, 000044.100, 153
Trd, 000044.783, 168
Trd, 000045.983, 172
Trd, 000046.250, 151
Trd, 000046.683, 154
Trd, 000046.833, 163
Trd, 000048.600, 161
Trd, 000048.650, 154
Trd, 000050.950, 171
Trd, 000051.117, 154
Trd, 000052.150, 158
Trd, 000053.283, 166
Trd, 000053.833, 164
Trd, 000055.300, 164
Trd, 000055.417, 179
Trd, 000056.017, 155
Trd, 000056.650, 157
Trd, 000057.383, 151
Trd, 000059.267, 165
Trd, 000060.850, 181
Trd, 000060.917, 172
Trd, 000060.967, 169
Trd, 000061.233, 169
Trd, 000061.783, 172
Trd, 000063.350, 163
Trd, 000064.733, 163
Trd, 000066.033, 172
Trd, 000066.883, 168
Trd, 000067.583, 164
Trd, 000068.633, 160
Trd, 000069.000, 147
Trd, 000070.483, 170
Trd, 000071.017, 169
Trd, 000072.333, 171
Trd, 000075.833, 156
Trd, 000076.417, 158
Trd, 000076.767, 164
Trd, 000077.000, 171
Trd, 000078.033, 164
Trd, 000078.633, 160
Trd, 000080.683, 158
Trd, 000080.983, 171
Trd, 000081.300, 160
Trd, 000081.433, 144
Trd, 000081.450, 175
Trd, 000083.150, 167
Trd, 000083.917, 166
Trd, 000086.500, 169
Trd, 000087.217, 161
Trd, 000087.233, 166
Trd, 000088.050, 164
Trd, 000088.333, 178
Trd, 000088.833, 176
Trd, 000091.417, 158
Trd, 000092.033, 165
Trd, 000093.217, 161
Trd, 000093.583, 157
Trd, 000095.850, 175
Trd, 000096.283, 153
Trd, 000096.467, 161
Trd, 000096.550, 172
Trd, 000097.817, 167
Trd, 000100.583, 170
Trd, 000101.050, 180
Trd, 000101.233, 159
Trd, 000101.917, 156
Trd, 000106.100, 165
Trd, 000107.217, 162
Trd, 000107.450, 157
Trd, 000107.750, 147
Trd, 000108.817, 168
Trd, 000109.067, 149
Trd, 000110.983, 161
Trd, 000111.533, 157
Trd, 000112.233, 166
Trd, 000112.467, 163
Trd, 000113.283, 163
Trd, 000113.433, 150
Trd, 000115.867, 163
Trd, 000116.300, 146
Trd, 000116.500, 149
Trd, 000116.617, 172
Trd, 000118.333, 165
Trd, 000118.617, 148
Trd, 000119.483, 166
Trd, 000119.850, 160
Trd, 000122.300, 163
Trd, 000122.400, 156
Trd, 000124.200, 165
Trd, 000125.350, 169
Trd, 000125.433, 174
Trd, 000125.533, 151
Trd, 000126.350, 177
Trd, 000126.517, 174
Trd, 000126.867, 168
Trd, 000127.683, 168
Trd, 000130.267, 166
Trd, 000131.617, 168
Trd, 000132.317, 155
Trd, 000132.583, 167
Trd, 000133.000, 176
Trd, 000136.267, 169
Trd, 000136.700, 148
Trd, 000137.167, 163
Trd, 000137.717, 156
Trd, 000137.967, 155
Trd, 000138.783, 175
Trd, 000139.533, 156
Trd, 000140.950, 158
Trd, 000141.150, 174
Trd, 000141.517, 165
Trd, 000141.900, 156
Trd, 000142.450, 179
Trd, 000143.317, 159
Trd, 000144.400, 167
Trd, 000145.017, 151
Trd, 000147.017, 175
Trd, 000148.500, 167
Trd, 000148.983, 167
Trd, 000149.067, 166
Trd, 000149.733, 172
Trd, 000150.533, 148
Trd, 000150.850, 181
Trd, 000151.233, 170
Trd, 000151.583, 167
Trd, 000151.767, 161
Trd, 000152.983, 152
Trd, 000153.567, 172
Trd, 000156.017, 150
Trd, 000156.683, 150
Trd, 000157.050, 148
Trd, 000158.383, 160
Trd, 000159.600, 180
Trd, 000159.717, 164
Trd, 000161.767, 151
Trd, 000162.550, 178
Trd, 000162.900, 168
Trd, 000162.933, 181
Trd, 000163.550, 168
Trd, 000166.317, 145
Trd, 000167.083, 170
Trd, 000167.667, 168
Trd, 000167.850, 182
Trd, 000170.583, 171
Trd, 000171.800, 178
Trd, 000172.150, 169
Trd, 000173.250, 169
Trd, 000175.000, 167
Trd, 000175.200, 166
Trd, 000176.117, 147
Trd, 000176.850, 162
Trd, 000177.367, 166
Trd, 000178.067, 180
Trd, 000180.250, 155
Trd, 000181.383, 164
Trd, 000183.333, 171
Trd, 000183.567, 171
Trd, 000183.967, 181
Trd, 000184.067, 167
Trd, 000184.583, 161
Trd, 000185.867, 174
Trd, 000187.250, 152
Trd, 000187.300, 153
Trd, 000187.667, 153
Trd, 000188.783, 161
Trd, 000189.400, 168
Trd, 000189.733, 155
Trd, 000191.383, 177
Trd, 000191.417, 167
Trd, 000191.783, 157
Trd, 000192.333, 149
Trd, 000192.417, 165
Trd, 000192.767, 177
Trd, 000193.500, 150
Trd, 000196.517, 164
Trd, 000196.783, 150
Trd, 000197.150, 150
Trd, 000197.183, 161
Trd, 000201.000, 157
Trd, 000201.633, 175
Trd, 000203.067, 168
Trd, 000203.733, 165
Trd, 000203.900, 152
Trd, 000204.150, 163
Trd, 000206.250, 156
Trd, 000206.367, 152
Trd, 000207.350, 177
Trd, 000207.983, 182
Trd, 000208.000, 163
Trd, 000208.717, 147
Trd, 000209.033, 155
Trd, 000209.183, 158
Trd, 000209.283, 171
Trd, 000211.417, 165
Trd, 000211.533, 163
Trd, 000211.667, 182
Trd, 000212.517, 158
Trd, 000213.417, 153
Trd, 000213.883, 182
Trd, 000215.917, 165
Trd, 000216.167, 155
Trd, 000216.417, 158
Trd, 000217.017, 151
Trd, 000217.417, 152
Trd, 000219.283, 160
Trd, 000219.317, 168
Trd, 000219.600, 150
Trd, 000221.600, 167
Trd, 000221.800, 167
Trd, 000222.033, 153
Trd, 000222.650, 174
Trd, 000222.867, 151
Trd, 000224.000, 161
Trd, 000224.900, 166
Trd, 000225.450, 156
Trd, 000225.700, 163
Trd, 000226.083, 156
Trd, 000226.233, 127
Trd, 000226.417, 158
Trd, 000227.083, 132
Trd, 000228.233, 167
Trd, 000229.350, 157
Trd, 000229.617, 147
Trd, 000231.750, 195
Trd, 000232.033, 178
Trd, 000234.950, 167
Trd, 000235.250, 158
Trd, 000236.683, 133
Trd, 000236.950, 167
Trd, 000237.583, 142
Trd, 000238.917, 161
Trd, 000241.133, 164
Trd, 000242.133, 158
Trd, 000243.467, 166
Trd, 000244.033, 169
Trd, 000247.000, 172
Trd, 000247.050, 172
Trd, 000247.183, 167
Trd, 000247.917, 160
Trd, 000249.850, 148
Trd, 000251.017, 155
Trd, 000251.767, 177
Trd, 000252.617, 167
Trd, 000254.150, 161
Trd, 000255.250, 169
Trd, 000256.100, 148
Trd, 000256.500, 159
Trd, 000257.017, 167
Trd, 000258.233, 172
Trd, 000258.317, 173
Trd, 000260.217, 170
Trd, 000261.467, 167
Trd, 000261.550, 165
Trd, 000261.883, 160
Trd, 000263.200, 155
Trd, 000264.000, 168
Trd, 000264.550, 170
Trd, 000266.033, 145
Trd, 000266.567, 153
Trd, 000268.050, 156
Trd, 000268.867, 166
Trd, 000269.217, 145
Trd, 000269.950, 166
Trd, 000271.050, 163
Trd, 000271.700, 171
Trd, 000271.733, 172
Trd, 000273.533, 165
Trd, 000273.750, 160
Trd, 000273.950, 158
Trd, 000274.167, 156
Trd, 000274.667, 167
Trd, 000275.333, 152
Trd, 000276.917, 172
Trd, 000277.650, 174
Trd, 000278.050, 175
Trd, 000278.267, 159
Trd, 000278.533, 165
Trd, 000278.967, 173
Trd, 000279.000, 168
Trd, 000280.267, 156
Trd, 000282.000, 150
Trd, 000284.867, 167
Trd, 000285.350, 166
Trd, 000285.767, 165
Trd, 000286.850, 162
Trd, 000287.667, 170
Trd, 000287.900, 153
Trd, 000288.233, 172
Trd, 000289.767, 166
Trd, 000289.983, 160
Trd, 000290.117, 156
Trd, 000290.150, 148
Trd, 000290.333, 147
Trd, 000292.667, 165
Trd, 000292.883, 164
Trd, 000293.267, 162
Trd, 000293.500, 160
Trd, 000294.817, 169
Trd, 000295.167, 157
Trd, 000295.717, 154
Trd, 000298.700, 172
Trd, 000299.383, 175
