Trd, 000005.233, 148
Trd, 000005.300, 154
Trd, 000005.450, 148
Trd, 000005.833, 157
Trd, 000005.867, 136
Trd, 000005.983, 167
Trd, 000006.200, 128
Trd, 000006.517, 127
Trd, 000006.983, 127
Trd, 000008.150, 173
Trd, 000010.083, 148
Trd, 000010.383, 141
Trd, 000010.533, 134
Trd, 000010.917, 150
Trd, 000011.067, 158
Trd, 000011.183, 178
Trd, 000011.300, 147
Trd, 000011.600, 151
Trd, 000011.967, 134
Trd, 000012.800, 130
Trd, 000014.433, 135
Trd, 000015.433, 125
Trd, 000016.483, 156
Trd, 000016.967, 141
Trd, 000017.450, 147
Trd, 000017.500, 159
Trd, 000020.450, 165
Trd, 000020.600, 169
Trd, 000020.950, 163
Trd, 000021.217, 156
Trd, 000021.617, 165
Trd, 000023.083, 153
Trd, 000023.733, 166
Trd, 000024.717, 144
Trd, 000025.267, 154
Trd, 000025.467, 178
Trd, 000027.383, 160
Trd, 000027.550, 149
Trd, 000027.700, 164
Trd, 000029.267, 141
Trd, 000030.483, 185
Trd, 000031.583, 143
Trd, 000031.833, 150
Trd, 000032.200, 161
Trd, 000032.367, 145
Trd, 000032.400, 128
Trd, 000035.283, 158
Trd, 000035.833, 177
Trd, 000036.250, 171
Trd, 000037.550, 156
Trd, 000038.183, 159
Trd, 000038.567, 152
Trd, 000038.917, 158
Trd, 000039.633, 152
Trd, 000040.900, 142
Trd, 000042.167, 134
Trd, 000042.283, 146
Trd, 000042.483, 161
Trd, 000042.717, 157
Trd, 000043.983, 145
Trd, 000045.217, 139
Trd, 000045.467, 150
Trd, 000045.683, 157
Trd, 000045.733, 174
Trd, 000046.350, 172
Trd, 000046.483, 150
Trd, 000047.633, 149
Trd, 000048.000, 153
Trd, 000049.967, 145
Trd, 000050.650, 148
Trd, 000051.267, 132
Trd, 000051.550, 178
Trd, 000051.750, 131
Trd, 000052.117, 148
Trd, 000054.417, 171
Trd, 000054.533, 178
Trd, 000055.433, 138
Trd, 000057.750, 150
Trd, 000058.300, 167
Trd, 000059.383, 166
Trd, 000060.500, 144
Trd, 000060.683, 165
Trd, 000061.083, 137
Trd, 000061.133, 139
Trd, 000061.683, 151
Trd, 000062.433, 173
Trd, 000063.667, 165
Trd, 000065.600, 176
Trd, 000065.733, 135
Trd, 000066.917, 162
Trd, 000067.583, 154
Trd, 000068.183, 142
Trd, 000068.850, 138
Trd, 000070.917, 158
Trd, 000071.517, 188
Trd, 000072.150, 165
Trd, 000072.650, 151
Trd, 000073.000, 149
Trd, 000073.300, 162
Trd, 000073.783, 168
Trd, 000074.050, 150
Trd, 000075.667, 127
Trd, 000076.167, 124
Trd, 000076.800, 141
Trd, 000077.083, 131
Trd, 000077.633, 182
Trd, 000078.533, 181
Trd, 000078.717, 163
Trd, 000080.717, 169
Trd, 000081.017, 138
Trd, 000081.200, 137
Trd, 000081.217, 132
Trd, 000081.733, 148
Trd, 000082.033, 139
Trd, 000083.267, 163
Trd, 000084.300, 165
Trd, 000085.350, 161
Trd, 000086.050, 196
Trd, 000086.333, 177
Trd, 000087.167, 174
Trd, 000088.300, 173
Trd, 000088.383, 177
Trd, 000088.600, 158
Trd, 000088.750, 171
Trd, 000090.683, 125
Trd, 000090.967, 132
Trd, 000091.100, 162
Trd, 000091.383, 152
Trd, 000091.417, 149
Trd, 000091.883, 147
Trd, 000092.050, 141
Trd, 000092.833, 144
Trd, 000095.500, 154
Trd, 000095.767, 143
Trd, 000096.350, 155
Trd, 000096.383, 183
Trd, 000097.950, 162
Trd, 000098.950, 148
Trd, 000100.350, 155
Trd, 000100.800, 130
Trd, 000101.133, 187
Trd, 000101.200, 175
Trd, 000101.767, 142
Trd, 000102.550, 136
Trd, 000102.733, 163
Trd, 000103.217, 159
Trd, 000103.617, 163
Trd, 000105.983, 167
Trd, 000106.183, 133
Trd, 000106.833, 131
Trd, 000106.850, 133
Trd, 000108.900, 154
Trd, 000109.017, 132
Trd, 000109.317, 172
Trd, 000110.067, 179
Trd, 000110.800, 127
Trd, 000111.233, 176
Trd, 000111.600, 157
Trd, 000111.933, 133
Trd, 000112.117, 135
Trd, 000112.633, 138
Trd, 000114.983, 153
Trd, 000116.117, 149
Trd, 000116.417, 134
Trd, 000116.767, 147
Trd, 000117.433, 155
Trd, 000117.650, 138
Trd, 000118.233, 127
Trd, 000119.050, 126
Trd, 000119.850, 127
Trd, 000120.900, 185
Trd, 000120.933, 155
Trd, 000121.450, 168
Trd, 000121.483, 169
Trd, 000122.083, 156
Trd, 000122.950, 172
Trd, 000123.217, 173
Trd, 000126.083, 146
Trd, 000126.383, 139
Trd, 000126.833, 127
Trd, 000126.950, 138
Trd, 000127.467, 134
Trd, 000128.150, 146
Trd, 000129.467, 156
Trd, 000130.250, 171
Trd, 000131.150, 133
Trd, 000131.883, 132
Trd, 000132.133, 144
Trd, 000132.283, 156
Trd, 000132.500, 179
Trd, 000132.750, 158
Trd, 000134.483, 140
Trd, 000135.300, 143
Trd, 000136.217, 168
Trd, 000136.267, 149
Trd, 000136.700, 163
Trd, 000137.050, 130
Trd, 000137.667, 142
Trd, 000137.950, 146
Trd, 000138.750, 155
Trd, 000139.100, 166
Trd, 000140.650, 168
Trd, 000141.533, 157
Trd, 000143.167, 135
Trd, 000143.300, 132
Trd, 000143.467, 151
Trd, 000143.833, 158
Trd, 000143.867, 159
Trd, 000146.367, 161
Trd, 000146.483, 131
Trd, 000147.500, 125
Trd, 000147.917, 148
Trd, 000149.017, 166
Trd, 000150.100, 169
Trd, 000151.400, 155
Trd, 000152.600, 177
Trd, 000152.950, 132
Trd, 000153.000, 147
Trd, 000154.033, 150
Trd, 000155.500, 153
Trd, 000155.750, 147
Trd, 000156.900, 157
Trd, 000157.417, 140
Trd, 000158.500, 148
Trd, 000161.183, 134
Trd, 000161.517, 195
Trd, 000161.983, 168
Trd, 000162.000, 155
Trd, 000162.233, 168
Trd, 000163.417, 158
Trd, 000166.267, 154
Trd, 000167.700, 162
Trd, 000167.950, 155
Trd, 000168.083, 159
Trd, 000168.300, 145
Trd, 000169.550, 177
Trd, 000171.917, 160
Trd, 000172.133, 152
Trd, 000172.517, 184
Trd, 000173.533, 145
Trd, 000174.100, 150
Trd, 000175.717, 159
Trd, 000176.233, 160
Trd, 000176.583, 156
Trd, 000177.100, 153
Trd, 000179.917, 163
Trd, 000179.983, 154
Trd, 000181.100, 152
Trd, 000181.967, 163
Trd, 000182.367, 143
Trd, 000182.433, 141
Trd, 000182.833, 159
Trd, 000184.150, 157
Trd, 000186.067, 154
Trd, 000186.200, 189
Trd, 000186.783, 175
Trd, 000187.150, 155
Trd, 000187.183, 152
Trd, 000187.217, 130
Trd, 000187.583, 178
Trd, 000189.567, 175
Trd, 000191.383, 130
Trd, 000192.533, 168
Trd, 000192.650, 139
Trd, 000194.550, 164
Trd, 000194.767, 159
Trd, 000196.317, 157
Trd, 000196.383, 149
Trd, 000197.433, 132
Trd, 000198.683, 151
Trd, 000199.083, 154
Trd, 000199.917, 145
Trd, 000201.267, 149
Trd, 000201.683, 193
Trd, 000202.033, 165
Trd, 000204.050, 147
Trd, 000205.617, 154
Trd, 000205.850, 167
Trd, 000206.033, 133
Trd, 000206.383, 172
Trd, 000206.450, 159
Trd, 000206.517, 187
Trd, 000206.983, 132
Trd, 000208.500, 151
Trd, 000209.983, 156
Trd, 000210.050, 157
Trd, 000211.150, 163
Trd, 000211.300, 150
Trd, 000211.417, 135
Trd, 000211.950, 144
Trd, 000212.617, 152
Trd, 000213.733, 172
Trd, 000216.617, 195
Trd, 000217.000, 151
Trd, 000218.300, 162
Trd, 000218.800, 174
Trd, 000219.883, 153
Trd, 000220.350, 179
Trd, 000220.383, 142
Trd, 000221.250, 132
Trd, 000221.917, 129
Trd, 000223.317, 142
Trd, 000224.167, 139
Trd, 000224.633, 149
Trd, 000225.033, 150
Trd, 000225.183, 178
Trd, 000226.233, 180
Trd, 000226.433, 164
Trd, 000226.683, 173
Trd, 000227.483, 152
Trd, 000228.117, 151
Trd, 000228.900, 167
Trd, 000229.150, 145
Trd, 000229.767, 165
Trd, 000229.950, 142
Trd, 000232.133, 155
Trd, 000232.450, 132
Trd, 000232.583, 160
Trd, 000233.933, 149
Trd, 000234.533, 137
Trd, 000235.233, 153
Trd, 000236.267, 191
Trd, 000236.800, 121
Trd, 000237.233, 147
Trd, 000237.450, 131
Trd, 000239.133, 146
Trd, 000240.667, 153
Trd, 000241.350, 189
Trd, 000241.650, 147
Trd, 000241.850, 154
Trd, 000242.383, 130
Trd, 000243.050, 144
Trd, 000244.050, 158
Trd, 000244.517, 171
Trd, 000246.750, 129
Trd, 000247.133, 134
Trd, 000247.367, 148
Trd, 000248.433, 165
Trd, 000248.583, 165
Trd, 000249.933, 146
Trd, 000250.667, 152
Trd, 000251.683, 150
Trd, 000252.083, 148
Trd, 000252.133, 152
Trd, 000252.167, 155
Trd, 000252.600, 142
Trd, 000253.433, 134
Trd, 000254.483, 161
Trd, 000256.467, 135
Trd, 000257.383, 143
Trd, 000258.483, 153
Trd, 000258.533, 160
Trd, 000258.867, 163
Trd, 000259.250, 152
Trd, 000259.583, 139
Trd, 000260.400, 130
Trd, 000261.317, 132
Trd, 000261.500, 135
Trd, 000262.833, 150
Trd, 000262.917, 158
Trd, 000263.033, 166
Trd, 000263.233, 140
Trd, 000263.450, 179
Trd, 000264.283, 171
Trd, 000265.733, 166
Trd, 000265.783, 139
Trd, 000266.633, 158
Trd, 000266.833, 176
Trd, 000267.150, 157
Trd, 000267.333, 155
Trd, 000267.400, 150
Trd, 000268.067, 163
Trd, 000268.600, 146
Trd, 000271.233, 158
Trd, 000271.983, 173
Trd, 000272.633, 142
Trd, 000272.800, 153
Trd, 000273.850, 160
Trd, 000274.067, 141
Trd, 000275.017, 165
Trd, 000276.567, 140
Trd, 000277.550, 181
Trd, 000278.200, 152
Trd, 000278.433, 132
Trd, 000279.917, 154
Trd, 000281.733, 122
Trd, 000282.367, 172
Trd, 000282.883, 149
Trd, 000283.183, 144
Trd, 000285.050, 133
Trd, 000286.500, 153
Trd, 000286.767, 162
Trd, 000287.517, 150
Trd, 000288.533, 152
Trd, 000288.917, 147
Trd, 000290.133, 141
Trd, 000291.050, 147
Trd, 000291.533, 144
Trd, 000292.400, 138
Trd, 000292.750, 141
Trd, 000292.767, 140
Trd, 000294.967, 147
Trd, 000295.300, 157
Trd, 000295.383, 138
Trd, 000296.150, 177
Trd, 000298.000, 160
Trd, 000298.483, 142
Trd, 000298.617, 159
Trd, 000299.733, 160
Trd, 000299.783, 149
