Trd, 000005.233, 183
Trd, 000005.283, 167
Trd, 000005.317, 133
Trd, 000005.983, 134
Trd, 000006.067, 151
Trd, 000007.333, 162
Trd, 000007.367, 141
Trd, 000010.367, 146
Trd, 000011.067, 122
Trd, 000011.617, 152
Trd, 000012.967, 138
Trd, 000013.233, 150
Trd, 000013.250, 151
Trd, 000014.033, 177
Trd, 000015.283, 147
Trd, 000015.317, 150
Trd, 000015.517, 173
Trd, 000016.583, 158
Trd, 000016.983, 179
Trd, 000017.017, 155
Trd, 000017.883, 144
Trd, 000018.750, 151
Trd, 000019.083, 143
Trd, 000020.033, 123
Trd, 000020.517, 165
Trd, 000020.600, 150
Trd, 000020.650, 148
Trd, 000021.383, 136
Trd, 000021.450, 144
Trd, 000023.433, 133
Trd, 000024.983, 148
Trd, 000025.900, 159
Trd, 000026.600, 180
Trd, 000027.067, 167
Trd, 000027.183, 154
Trd, 000027.983, 162
Trd, 000030.700, 144
Trd, 000030.717, 159
Trd, 000031.083, 140
Trd, 000031.667, 156
Trd, 000032.167, 147
Trd, 000033.200, 157
Trd, 000033.967, 142
Trd, 000035.217, 125
Trd, 000035.850, 197
Trd, 000037.100, 154
Trd, 000037.533, 142
Trd, 000037.550, 158
Trd, 000038.683, 147
Trd, 000040.417, 199
Trd, 000040.917, 144
Trd, 000041.400, 146
Trd, 000042.067, 148
Trd, 000042.817, 119
Trd, 000043.033, 119
Trd, 000044.233, 165
Trd, 000044.267, 164
Trd, 000045.850, 145
Trd, 000046.517, 149
Trd, 000047.367, 139
Trd, 000047.833, 136
Trd, 000048.283, 149
Trd, 000049.350, 164
Trd, 000050.117, 153
Trd, 000050.583, 200
Trd, 000051.650, 174
Trd, 000051.917, 169
Trd, 000052.417, 146
Trd, 000052.500, 144
Trd, 000053.733, 173
Trd, 000054.433, 147
Trd, 000054.817, 164
Trd, 000055.450, 147
Trd, 000056.500, 164
Trd, 000056.567, 148
Trd, 000058.167, 142
Trd, 000059.417, 138
Trd, 000060.583, 170
Trd, 000060.783, 143
Trd, 000060.900, 174
Trd, 000061.867, 175
Trd, 000062.317, 161
Trd, 000063.783, 138
Trd, 000066.017, 172
Trd, 000066.350, 159
Trd, 000066.467, 161
Trd, 000066.850, 157
Trd, 000067.550, 152
Trd, 000068.900, 145
Trd, 000069.733, 154
Trd, 000071.017, 141
Trd, 000071.750, 125
Trd, 000071.883, 148
Trd, 000072.183, 152
Trd, 000074.450, 168
Trd, 000074.817, 134
Trd, 000075.550, 148
Trd, 000075.867, 133
Trd, 000076.000, 143
Trd, 000076.617, 157
Trd, 000078.000, 164
Trd, 000078.467, 162
Trd, 000080.633, 196
Trd, 000081.417, 160
Trd, 000081.533, 155
Trd, 000081.817, 166
Trd, 000082.033, 177
Trd, 000082.567, 146
Trd, 000082.683, 143
Trd, 000083.800, 151
Trd, 000086.450, 143
Trd, 000086.483, 147
Trd, 000086.650, 147
Trd, 000086.750, 165
Trd, 000087.283, 159
Trd, 000088.033, 144
Trd, 000088.083, 151
Trd, 000089.217, 136
Trd, 000089.900, 135
Trd, 000090.217, 144
Trd, 000090.750, 197
Trd, 000090.767, 182
Trd, 000091.350, 157
Trd, 000091.733, 155
Trd, 000092.650, 155
Trd, 000093.133, 138
Trd, 000094.917, 156
Trd, 000096.200, 136
Trd, 000096.317, 146
Trd, 000097.100, 148
Trd, 000097.333, 148
Trd, 000099.850, 152
Trd, 000100.500, 160
Trd, 000101.417, 183
Trd, 000101.600, 173
Trd, 000102.017, 163
Trd, 000103.750, 160
Trd, 000104.683, 154
Trd, 000104.900, 143
Trd, 000105.850, 129
Trd, 000106.400, 174
Trd, 000107.017, 147
Trd, 000108.650, 158
Trd, 000108.950, 164
Trd, 000109.233, 154
Trd, 000110.067, 177
Trd, 000110.717, 120
Trd, 000111.517, 148
Trd, 000111.700, 146
Trd, 000112.150, 158
Trd, 000113.983, 132
Trd, 000114.350, 166
Trd, 000115.617, 137
Trd, 000117.100, 169
Trd, 000117.467, 159
Trd, 000118.483, 167
Trd, 000118.617, 154
Trd, 000119.350, 139
Trd, 000119.917, 163
Trd, 000121.250, 157
Trd, 000122.733, 146
Trd, 000123.167, 178
Trd, 000123.400, 177
Trd, 000124.500, 149
Trd, 000125.933, 190
Trd, 000126.117, 152
Trd, 000128.617, 159
Trd, 000130.167, 151
Trd, 000130.233, 162
Trd, 000130.867, 195
Trd, 000131.583, 150
Trd, 000132.917, 143
Trd, 000133.100, 156
Trd, 000133.717, 174
Trd, 000133.883, 162
Trd, 000136.017, 143
Trd, 000136.883, 153
Trd, 000137.150, 146
Trd, 000138.717, 150
Trd, 000138.817, 175
Trd, 000140.567, 134
Trd, 000141.400, 130
Trd, 000142.800, 144
Trd, 000142.933, 140
Trd, 000143.867, 148
Trd, 000143.917, 149
Trd, 000143.983, 153
Trd, 000144.250, 140
Trd, 000146.383, 180
Trd, 000146.900, 163
Trd, 000147.683, 180
Trd, 000149.000, 158
Trd, 000150.250, 159
Trd, 000150.267, 154
Trd, 000151.700, 151
Trd, 000152.017, 160
Trd, 000152.150, 157
Trd, 000153.067, 146
Trd, 000153.083, 155
Trd, 000154.550, 157
Trd, 000156.200, 194
Trd, 000156.217, 174
Trd, 000156.417, 163
Trd, 000157.267, 163
Trd, 000160.367, 144
Trd, 000160.650, 139
Trd, 000161.467, 196
Trd, 000162.433, 148
Trd, 000163.183, 161
Trd, 000165.150, 149
Trd, 000166.117, 187
Trd, 000166.500, 173
Trd, 000166.617, 168
Trd, 000166.667, 148
Trd, 000166.850, 155
Trd, 000167.417, 154
Trd, 000168.300, 162
Trd, 000169.817, 145
Trd, 000171.417, 129
Trd, 000171.667, 171
Trd, 000172.517, 159
Trd, 000173.917, 163
Trd, 000174.383, 170
Trd, 000174.867, 156
Trd, 000176.267, 140
Trd, 000176.567, 125
Trd, 000176.983, 155
Trd, 000177.233, 162
Trd, 000178.817, 142
Trd, 000181.217, 196
Trd, 000181.383, 174
Trd, 000181.650, 170
Trd, 000182.017, 191
Trd, 000182.067, 133
Trd, 000183.267, 149
Trd, 000183.717, 164
Trd, 000184.150, 127
Trd, 000184.883, 125
Trd, 000185.483, 153
Trd, 000186.350, 198
Trd, 000186.483, 182
Trd, 000186.900, 146
Trd, 000187.050, 126
Trd, 000187.867, 163
Trd, 000188.217, 161
Trd, 000189.367, 158
Trd, 000191.200, 135
Trd, 000191.467, 148
Trd, 000192.767, 163
Trd, 000193.283, 147
Trd, 000195.950, 159
Trd, 000196.267, 147
Trd, 000197.183, 119
Trd, 000197.367, 124
Trd, 000199.200, 142
Trd, 000201.117, 191
Trd, 000201.333, 163
Trd, 000201.433, 148
Trd, 000202.267, 152
Trd, 000203.883, 126
Trd, 000204.033, 125
Trd, 000204.817, 166
Trd, 000206.033, 155
Trd, 000206.317, 140
Trd, 000206.333, 115
Trd, 000206.433, 200
Trd, 000206.750, 148
Trd, 000207.000, 146
Trd, 000207.667, 139
Trd, 000209.500, 158
Trd, 000210.500, 154
Trd, 000210.833, 165
Trd, 000211.383, 170
Trd, 000211.483, 142
Trd, 000211.817, 163
Trd, 000213.417, 146
Trd, 000214.233, 154
Trd, 000214.983, 149
Trd, 000216.333, 182
Trd, 000216.467, 143
Trd, 000217.867, 180
Trd, 000218.267, 150
Trd, 000219.100, 151
Trd, 000219.517, 154
Trd, 000219.700, 149
Trd, 000221.567, 150
Trd, 000222.067, 146
Trd, 000222.450, 114
Trd, 000222.533, 155
Trd, 000222.750, 130
Trd, 000222.817, 175
Trd, 000224.467, 148
Trd, 000225.700, 139
Trd, 000226.567, 136
Trd, 000226.933, 156
Trd, 000227.550, 132
Trd, 000227.633, 129
Trd, 000228.350, 140
Trd, 000229.400, 126
Trd, 000230.150, 160
Trd, 000232.000, 159
Trd, 000232.300, 161
Trd, 000232.933, 162
Trd, 000233.267, 152
Trd, 000234.233, 172
Trd, 000234.533, 168
Trd, 000236.017, 158
Trd, 000236.817, 145
Trd, 000238.000, 144
Trd, 000238.300, 148
Trd, 000239.117, 175
Trd, 000239.317, 159
Trd, 000241.300, 199
Trd, 000241.633, 130
Trd, 000242.133, 168
Trd, 000243.717, 151
Trd, 000244.800, 158
Trd, 000245.800, 137
Trd, 000246.317, 197
Trd, 000246.667, 155
Trd, 000247.083, 149
Trd, 000248.000, 170
Trd, 000248.733, 148
Trd, 000249.017, 176
Trd, 000249.350, 139
Trd, 000249.983, 138
Trd, 000251.283, 159
Trd, 000252.450, 158
Trd, 000252.600, 134
Trd, 000252.650, 126
Trd, 000252.900, 143
Trd, 000253.850, 144
Trd, 000254.983, 156
Trd, 000256.417, 147
Trd, 000257.000, 151
Trd, 000257.133, 173
Trd, 000257.367, 176
Trd, 000258.033, 139
Trd, 000258.067, 183
Trd, 000258.783, 141
Trd, 000259.150, 180
Trd, 000260.683, 160
Trd, 000261.517, 170
Trd, 000262.067, 142
Trd, 000262.100, 154
Trd, 000263.917, 146
Trd, 000266.067, 139
Trd, 000266.867, 196
Trd, 000267.633, 180
Trd, 000267.783, 174
Trd, 000267.883, 167
Trd, 000268.450, 164
Trd, 000268.817, 149
Trd, 000271.750, 134
Trd, 000271.833, 153
Trd, 000272.050, 149
Trd, 000272.900, 179
Trd, 000273.400, 128
Trd, 000275.800, 164
Trd, 000275.900, 150
Trd, 000276.733, 168
Trd, 000276.967, 164
Trd, 000277.050, 148
Trd, 000278.333, 145
Trd, 000278.500, 153
Trd, 000279.583, 154
Trd, 000279.933, 164
Trd, 000281.200, 145
Trd, 000282.083, 146
Trd, 000282.117, 167
Trd, 000283.383, 131
Trd, 000283.983, 143
Trd, 000284.367, 147
Trd, 000284.633, 155
Trd, 000284.967, 155
Trd, 000285.033, 152
Trd, 000287.667, 149
Trd, 000287.917, 141
Trd, 000288.267, 159
Trd, 000288.683, 170
Trd, 000290.550, 157
Trd, 000290.683, 153
Trd, 000291.900, 166
Trd, 000292.500, 167
Trd, 000292.633, 178
Trd, 000294.233, 163
Trd, 000295.183, 152
Trd, 000296.333, 161
Trd, 000297.533, 170
Trd, 000297.967, 137
Trd, 000298.283, 165
