Trd, 000005.450, 146
Trd, 000005.483, 143
Trd, 000005.500, 155
Trd, 000005.733, 157
Trd, 000006.900, 150
Trd, 000007.283, 168
Trd, 000007.450, 145
Trd, 000008.683, 142
Trd, 000009.650, 159
Trd, 000010.600, 170
Trd, 000011.200, 159
Trd, 000011.217, 151
Trd, 000012.300, 134
Trd, 000012.500, 161
Trd, 000014.183, 154
Trd, 000015.117, 137
Trd, 000015.383, 172
Trd, 000015.633, 166
Trd, 000015.750, 187
Trd, 000015.817, 148
Trd, 000016.850, 147
Trd, 000019.450, 156
Trd, 000020.267, 173
Trd, 000020.383, 172
Trd, 000020.917, 149
Trd, 000021.083, 145
Trd, 000021.533, 152
Trd, 000022.350, 146
Trd, 000023.817, 151
Trd, 000024.533, 129
Trd, 000025.467, 162
Trd, 000025.800, 189
Trd, 000026.117, 169
Trd, 000026.433, 152
Trd, 000027.167, 147
Trd, 000027.733, 176
Trd, 000029.067, 136
Trd, 000029.600, 158
Trd, 000030.467, 153
Trd, 000030.700, 151
Trd, 000030.767, 148
Trd, 000031.467, 152
Trd, 000031.750, 142
Trd, 000032.383, 162
Trd, 000032.717, 159
Trd, 000035.283, 106
Trd, 000035.450, 127
Trd, 000035.583, 148
Trd, 000036.500, 142
Trd, 000036.733, 152
Trd, 000038.233, 153
Trd, 000040.433, 172
Trd, 000040.600, 180
Trd, 000040.750, 146
Trd, 000040.950, 129
Trd, 000041.000, 181
Trd, 000042.117, 154
Trd, 000043.617, 160
Trd, 000045.350, 166
Trd, 000045.767, 173
Trd, 000046.517, 152
Trd, 000046.550, 145
Trd, 000046.683, 134
Trd, 000047.133, 167
Trd, 000047.383, 157
Trd, 000047.467, 172
Trd, 000049.383, 182
Trd, 000050.567, 138
Trd, 000050.833, 170
Trd, 000051.033, 180
Trd, 000051.533, 149
Trd, 000052.033, 170
Trd, 000052.883, 153
Trd, 000053.467, 168
Trd, 000053.667, 135
Trd, 000055.450, 104
Trd, 000055.767, 157
Trd, 000056.433, 123
Trd, 000056.467, 115
Trd, 000056.717, 136
Trd, 000056.867, 138
Trd, 000057.183, 174
Trd, 000058.983, 168
Trd, 000060.383, 163
Trd, 000060.600, 136
Trd, 000061.050, 178
Trd, 000061.900, 130
Trd, 000062.467, 148
Trd, 000064.417, 137
Trd, 000065.533, 167
Trd, 000065.700, 166
Trd, 000065.800, 129
Trd, 000067.717, 171
Trd, 000068.250, 163
Trd, 000068.767, 171
Trd, 000068.900, 158
Trd, 000069.967, 182
Trd, 000070.317, 162
Trd, 000070.450, 116
Trd, 000070.817, 146
Trd, 000071.400, 133
Trd, 000071.850, 147
Trd, 000072.333, 139
Trd, 000073.783, 142
Trd, 000075.867, 119
Trd, 000076.233, 155
Trd, 000077.083, 162
Trd, 000078.833, 144
Trd, 000079.317, 169
Trd, 000079.950, 144
Trd, 000080.117, 144
Trd, 000081.033, 171
Trd, 000081.117, 128
Trd, 000082.250, 166
Trd, 000083.833, 186
Trd, 000084.217, 165
Trd, 000085.450, 158
Trd, 000085.783, 140
Trd, 000085.817, 153
Trd, 000086.133, 130
Trd, 000086.250, 155
Trd, 000086.583, 152
Trd, 000086.800, 150
Trd, 000087.933, 160
Trd, 000089.017, 154
Trd, 000089.933, 146
Trd, 000091.117, 169
Trd, 000091.400, 154
Trd, 000091.767, 150
Trd, 000092.250, 145
Trd, 000093.200, 153
Trd, 000095.117, 150
Trd, 000095.133, 168
Trd, 000095.900, 128
Trd, 000096.333, 123
Trd, 000096.683, 145
Trd, 000096.733, 161
Trd, 000096.983, 115
Trd, 000097.017, 163
Trd, 000097.117, 115
Trd, 000100.867, 175
Trd, 000101.350, 151
Trd, 000103.417, 166
Trd, 000103.633, 166
Trd, 000104.167, 158
Trd, 000104.717, 158
Trd, 000105.750, 114
Trd, 000105.833, 140
Trd, 000106.433, 163
Trd, 000106.633, 170
Trd, 000107.300, 176
Trd, 000107.533, 157
Trd, 000108.850, 157
Trd, 000110.467, 166
Trd, 000111.267, 151
Trd, 000111.650, 150
Trd, 000111.900, 126
Trd, 000112.417, 141
Trd, 000114.367, 159
Trd, 000114.600, 171
Trd, 000115.983, 175
Trd, 000116.167, 142
Trd, 000116.733, 162
Trd, 000116.800, 134
Trd, 000117.000, 184
Trd, 000118.550, 168
Trd, 000119.967, 192
Trd, 000120.800, 130
Trd, 000121.300, 159
Trd, 000121.567, 128
Trd, 000122.167, 154
Trd, 000122.217, 134
Trd, 000122.317, 172
Trd, 000122.750, 168
Trd, 000123.467, 180
Trd, 000125.017, 156
Trd, 000125.900, 176
Trd, 000126.050, 172
Trd, 000126.083, 158
Trd, 000126.283, 152
Trd, 000126.383, 151
Trd, 000127.067, 187
Trd, 000128.717, 173
Trd, 000130.283, 151
Trd, 000130.950, 181
Trd, 000131.117, 133
Trd, 000131.350, 149
Trd, 000132.600, 137
Trd, 000132.633, 141
Trd, 000134.750, 135
Trd, 000135.983, 196
Trd, 000136.217, 172
Trd, 000136.317, 142
Trd, 000136.467, 154
Trd, 000136.900, 155
Trd, 000138.333, 148
Trd, 000139.417, 159
Trd, 000140.083, 171
Trd, 000140.100, 138
Trd, 000141.033, 172
Trd, 000141.433, 179
Trd, 000141.583, 160
Trd, 000141.867, 131
Trd, 000142.183, 144
Trd, 000142.583, 146
Trd, 000143.633, 171
Trd, 000144.517, 151
Trd, 000145.350, 143
Trd, 000145.967, 143
Trd, 000146.067, 122
Trd, 000146.700, 168
Trd, 000147.683, 162
Trd, 000149.050, 155
Trd, 000149.683, 154
Trd, 000150.967, 159
Trd, 000151.467, 180
Trd, 000152.400, 171
Trd, 000153.250, 183
Trd, 000154.250, 138
Trd, 000154.283, 133
Trd, 000156.033, 189
Trd, 000156.267, 154
Trd, 000156.350, 172
Trd, 000157.100, 159
Trd, 000157.267, 156
Trd, 000158.533, 147
Trd, 000158.783, 170
Trd, 000159.883, 163
Trd, 000160.067, 173
Trd, 000161.033, 105
Trd, 000161.100, 164
Trd, 000161.667, 169
Trd, 000161.933, 173
Trd, 000163.000, 135
Trd, 000163.800, 130
Trd, 000164.717, 149
Trd, 000166.167, 164
Trd, 000167.033, 162
Trd, 000167.517, 166
Trd, 000167.800, 156
Trd, 000168.233, 173
Trd, 000168.650, 139
Trd, 000170.083, 145
Trd, 000170.983, 137
Trd, 000171.133, 151
Trd, 000171.750, 158
Trd, 000173.100, 126
Trd, 000173.300, 161
Trd, 000173.867, 164
Trd, 000174.433, 166
Trd, 000176.217, 116
Trd, 000176.600, 122
Trd, 000176.783, 172
Trd, 000177.750, 157
Trd, 000178.833, 166
Trd, 000179.067, 174
Trd, 000179.167, 156
Trd, 000180.683, 149
Trd, 000181.033, 166
Trd, 000181.717, 126
Trd, 000181.750, 122
Trd, 000181.817, 133
Trd, 000182.283, 157
Trd, 000186.133, 143
Trd, 000186.167, 150
Trd, 000186.517, 169
Trd, 000186.783, 144
Trd, 000186.883, 161
Trd, 000187.300, 145
Trd, 000187.800, 158
Trd, 000188.483, 165
Trd, 000188.933, 127
Trd, 000191.250, 191
Trd, 000191.350, 171
Trd, 000191.533, 182
Trd, 000191.600, 145
Trd, 000192.067, 151
Trd, 000193.950, 133
Trd, 000194.467, 163
Trd, 000196.050, 149
Trd, 000196.267, 129
Trd, 000196.417, 162
Trd, 000197.650, 189
Trd, 000198.017, 186
Trd, 000199.500, 170
Trd, 000201.267, 103
Trd, 000201.400, 128
Trd, 000201.583, 176
Trd, 000202.033, 150
Trd, 000202.233, 163
Trd, 000202.850, 177
Trd, 000205.400, 140
Trd, 000206.333, 175
Trd, 000206.483, 137
Trd, 000206.750, 124
Trd, 000207.433, 136
Trd, 000207.850, 157
Trd, 000207.933, 168
Trd, 000209.967, 151
Trd, 000211.267, 178
Trd, 000211.400, 143
Trd, 000211.533, 152
Trd, 000212.567, 161
Trd, 000213.067, 171
Trd, 000213.083, 140
Trd, 000214.000, 166
Trd, 000214.883, 133
Trd, 000216.117, 142
Trd, 000216.733, 161
Trd, 000217.333, 150
Trd, 000217.367, 171
Trd, 000217.533, 151
Trd, 000218.683, 151
Trd, 000219.383, 150
Trd, 000221.383, 103
Trd, 000221.650, 114
Trd, 000221.750, 128
Trd, 000222.167, 136
Trd, 000222.283, 141
Trd, 000222.917, 152
Trd, 000223.850, 162
Trd, 000225.050, 165
Trd, 000226.283, 109
Trd, 000226.567, 180
Trd, 000226.917, 186
Trd, 000227.300, 172
Trd, 000228.717, 172
Trd, 000229.433, 154
Trd, 000229.550, 178
Trd, 000231.300, 185
Trd, 000231.333, 150
Trd, 000232.133, 144
Trd, 000232.767, 165
Trd, 000232.867, 138
Trd, 000236.533, 171
Trd, 000236.783, 152
Trd, 000236.900, 164
Trd, 000237.650, 179
Trd, 000237.883, 169
Trd, 000238.733, 161
Trd, 000241.667, 104
Trd, 000241.683, 119
Trd, 000241.717, 143
Trd, 000242.517, 158
Trd, 000242.617, 141
Trd, 000243.117, 162
Trd, 000243.600, 142
Trd, 000246.450, 146
Trd, 000247.083, 166
Trd, 000247.700, 161
Trd, 000247.950, 139
Trd, 000248.100, 137
Trd, 000248.533, 167
Trd, 000248.683, 170
Trd, 000249.333, 175
Trd, 000250.183, 155
Trd, 000250.817, 193
Trd, 000250.883, 153
Trd, 000251.217, 103
Trd, 000251.317, 123
Trd, 000252.933, 175
Trd, 000253.600, 180
Trd, 000254.167, 171
Trd, 000255.917, 174
Trd, 000256.617, 106
Trd, 000256.800, 171
Trd, 000256.883, 165
Trd, 000257.250, 170
Trd, 000257.333, 175
Trd, 000257.617, 173
Trd, 000258.117, 144
Trd, 000258.533, 134
Trd, 000259.617, 150
Trd, 000261.367, 162
Trd, 000261.583, 180
Trd, 000261.917, 155
Trd, 000262.050, 125
Trd, 000262.167, 172
Trd, 000262.567, 151
Trd, 000262.583, 150
Trd, 000264.183, 153
Trd, 000265.550, 160
Trd, 000266.417, 120
Trd, 000266.633, 170
Trd, 000266.683, 182
Trd, 000267.183, 161
Trd, 000267.650, 161
Trd, 000268.017, 167
Trd, 000270.417, 160
Trd, 000270.483, 172
Trd, 000271.550, 155
Trd, 000272.133, 125
Trd, 000272.167, 126
Trd, 000272.967, 171
Trd, 000274.150, 169
Trd, 000275.933, 170
Trd, 000276.733, 177
Trd, 000276.800, 135
Trd, 000277.517, 144
Trd, 000278.383, 167
Trd, 000278.700, 165
Trd, 000279.600, 161
Trd, 000281.183, 161
Trd, 000281.600, 119
Trd, 000281.850, 163
Trd, 000282.167, 147
Trd, 000282.500, 184
Trd, 000283.600, 160
Trd, 000285.100, 155
Trd, 000285.567, 182
Trd, 000286.683, 149
Trd, 000287.050, 176
Trd, 000287.500, 170
Trd, 000287.683, 153
Trd, 000288.483, 148
Trd, 000288.983, 157
Trd, 000289.367, 142
Trd, 000289.650, 145
Trd, 000290.750, 161
Trd, 000291.567, 149
Trd, 000291.683, 121
Trd, 000291.733, 116
Trd, 000292.150, 110
Trd, 000292.350, 177
Trd, 000292.583, 124
Trd, 000294.050, 178
Trd, 000294.333, 157
Trd, 000295.100, 144
Trd, 000295.133, 152
Trd, 000296.283, 144
Trd, 000296.567, 113
Trd, 000296.967, 156
Trd, 000296.983, 156
Trd, 000297.150, 169
Trd, 000297.833, 150
Trd, 000299.133, 143
Trd, 000299.483, 159
