Trd, 000005.083, 125
Trd, 000005.217, 117
Trd, 000005.267, 155
Trd, 000005.400, 113
Trd, 000005.550, 122
Trd, 000005.967, 123
Trd, 000006.000, 149
Trd, 000006.583, 156
Trd, 000009.250, 160
Trd, 000010.500, 130
Trd, 000010.583, 132
Trd, 000010.983, 122
Trd, 000011.167, 171
Trd, 000011.433, 166
Trd, 000011.517, 116
Trd, 000012.467, 146
Trd, 000013.283, 156
Trd, 000014.933, 163
Trd, 000015.000, 153
Trd, 000015.700, 152
Trd, 000015.867, 172
Trd, 000016.100, 164
Trd, 000016.133, 179
Trd, 000016.450, 142
Trd, 000017.267, 163
Trd, 000018.167, 148
Trd, 000018.983, 165
Trd, 000020.100, 162
Trd, 000020.300, 125
Trd, 000020.933, 161
Trd, 000021.167, 174
Trd, 000021.267, 154
Trd, 000021.583, 154
Trd, 000023.050, 156
Trd, 000024.850, 151
Trd, 000025.017, 177
Trd, 000025.617, 149
Trd, 000025.750, 115
Trd, 000026.250, 156
Trd, 000026.950, 162
Trd, 000027.317, 140
Trd, 000028.117, 152
Trd, 000028.200, 136
Trd, 000029.033, 161
Trd, 000030.867, 136
Trd, 000030.933, 157
Trd, 000031.317, 157
Trd, 000031.633, 157
Trd, 000031.750, 164
Trd, 000031.950, 155
Trd, 000032.533, 129
Trd, 000032.550, 128
Trd, 000035.283, 168
Trd, 000035.633, 152
Trd, 000035.733, 132
Trd, 000036.217, 171
Trd, 000036.933, 156
Trd, 000037.583, 156
Trd, 000039.467, 132
Trd, 000039.650, 128
Trd, 000039.800, 140
Trd, 000040.400, 156
Trd, 000040.450, 158
Trd, 000040.633, 146
Trd, 000040.883, 138
Trd, 000041.000, 133
Trd, 000041.183, 140
Trd, 000042.500, 173
Trd, 000044.050, 173
Trd, 000045.333, 161
Trd, 000045.767, 172
Trd, 000045.867, 143
Trd, 000046.900, 154
Trd, 000047.067, 158
Trd, 000047.200, 165
Trd, 000050.533, 153
Trd, 000050.583, 155
Trd, 000051.117, 143
Trd, 000051.467, 157
Trd, 000051.533, 155
Trd, 000051.850, 158
Trd, 000053.000, 155
Trd, 000053.367, 129
Trd, 000053.667, 174
Trd, 000053.783, 125
Trd, 000055.450, 140
Trd, 000055.917, 155
Trd, 000056.317, 158
Trd, 000056.500, 141
Trd, 000056.550, 123
Trd, 000056.733, 159
Trd, 000058.833, 156
Trd, 000060.600, 193
Trd, 000060.700, 159
Trd, 000061.033, 143
Trd, 000062.033, 136
Trd, 000062.083, 152
Trd, 000062.300, 156
Trd, 000062.667, 154
Trd, 000063.283, 140
Trd, 000065.600, 143
Trd, 000066.400, 156
Trd, 000066.933, 163
Trd, 000068.000, 155
Trd, 000068.600, 126
Trd, 000068.750, 166
Trd, 000070.750, 155
Trd, 000071.183, 170
Trd, 000071.200, 161
Trd, 000071.300, 160
Trd, 000071.983, 167
Trd, 000072.033, 164
Trd, 000074.917, 168
Trd, 000075.100, 147
Trd, 000076.100, 116
Trd, 000076.633, 154
Trd, 000076.800, 146
Trd, 000076.850, 156
Trd, 000076.983, 135
Trd, 000078.133, 158
Trd, 000079.967, 146
Trd, 000080.517, 114
Trd, 000080.917, 170
Trd, 000081.867, 179
Trd, 000082.067, 161
Trd, 000082.333, 168
Trd, 000084.250, 150
Trd, 000084.267, 132
Trd, 000086.017, 141
Trd, 000086.600, 147
Trd, 000087.017, 146
Trd, 000087.383, 145
Trd, 000087.867, 155
Trd, 000089.550, 159
Trd, 000092.350, 173
Trd, 000092.550, 163
Trd, 000093.783, 169
Trd, 000094.633, 147
Trd, 000095.200, 171
Trd, 000095.733, 155
Trd, 000096.717, 159
Trd, 000096.850, 154
Trd, 000097.817, 149
Trd, 000097.983, 144
Trd, 000098.350, 163
Trd, 000099.233, 158
Trd, 000099.567, 190
Trd, 000101.200, 162
Trd, 000101.567, 170
Trd, 000101.950, 167
Trd, 000102.550, 165
Trd, 000103.133, 152
Trd, 000103.750, 155
Trd, 000104.317, 144
Trd, 000105.483, 137
Trd, 000105.950, 144
Trd, 000105.967, 129
Trd, 000106.167, 163
Trd, 000106.633, 160
Trd, 000108.833, 170
Trd, 000108.983, 151
Trd, 000110.833, 179
Trd, 000111.367, 157
Trd, 000111.983, 157
Trd, 000113.017, 147
Trd, 000113.133, 129
Trd, 000113.333, 137
Trd, 000114.367, 153
Trd, 000115.000, 149
Trd, 000115.383, 114
Trd, 000115.800, 146
Trd, 000115.833, 114
Trd, 000115.917, 155
Trd, 000116.433, 167
Trd, 000116.717, 167
Trd, 000117.533, 172
Trd, 000117.600, 144
Trd, 000119.050, 175
Trd, 000119.583, 164
Trd, 000121.467, 130
Trd, 000122.383, 155
Trd, 000123.583, 148
Trd, 000124.383, 155
Trd, 000125.800, 135
Trd, 000126.250, 168
Trd, 000126.633, 171
Trd, 000127.300, 164
Trd, 000127.817, 162
Trd, 000127.933, 159
Trd, 000128.017, 152
Trd, 000128.250, 147
Trd, 000128.517, 138
Trd, 000129.100, 174
Trd, 000129.750, 161
Trd, 000131.717, 157
Trd, 000132.500, 156
Trd, 000133.183, 136
Trd, 000133.317, 124
Trd, 000133.483, 182
Trd, 000135.400, 150
Trd, 000135.967, 140
Trd, 000137.100, 119
Trd, 000137.233, 124
Trd, 000137.450, 123
Trd, 000137.467, 130
Trd, 000138.617, 142
Trd, 000139.000, 141
Trd, 000139.600, 164
Trd, 000139.833, 169
Trd, 000141.100, 182
Trd, 000141.200, 116
Trd, 000141.400, 135
Trd, 000141.567, 157
Trd, 000141.783, 157
Trd, 000141.983, 117
Trd, 000142.650, 131
Trd, 000146.233, 160
Trd, 000146.367, 143
Trd, 000147.050, 140
Trd, 000147.850, 169
Trd, 000147.917, 158
Trd, 000148.850, 170
Trd, 000150.050, 163
Trd, 000151.300, 139
Trd, 000151.750, 156
Trd, 000151.767, 137
Trd, 000151.833, 120
Trd, 000152.800, 153
Trd, 000153.433, 167
Trd, 000153.650, 158
Trd, 000154.250, 150
Trd, 000154.417, 148
Trd, 000156.033, 139
Trd, 000156.333, 136
Trd, 000156.667, 134
Trd, 000156.783, 159
Trd, 000157.367, 153
Trd, 000158.233, 152
Trd, 000158.433, 174
Trd, 000159.033, 136
Trd, 000160.183, 126
Trd, 000161.217, 182
Trd, 000161.483, 159
Trd, 000162.650, 153
Trd, 000163.333, 145
Trd, 000163.733, 156
Trd, 000163.783, 144
Trd, 000164.900, 160
Trd, 000166.217, 173
Trd, 000166.533, 168
Trd, 000167.117, 137
Trd, 000167.367, 141
Trd, 000168.433, 148
Trd, 000168.500, 158
Trd, 000168.883, 147
Trd, 000170.100, 154
Trd, 000171.150, 123
Trd, 000171.433, 134
Trd, 000171.700, 159
Trd, 000172.417, 152
Trd, 000172.650, 162
Trd, 000174.600, 165
Trd, 000176.200, 143
Trd, 000176.467, 156
Trd, 000177.850, 158
Trd, 000178.167, 154
Trd, 000178.400, 163
Trd, 000178.467, 152
Trd, 000179.233, 177
Trd, 000181.417, 135
Trd, 000181.467, 116
Trd, 000182.117, 120
Trd, 000182.233, 155
Trd, 000182.533, 155
Trd, 000183.883, 156
Trd, 000184.400, 157
Trd, 000184.650, 159
Trd, 000184.800, 153
Trd, 000186.033, 158
Trd, 000186.667, 181
Trd, 000186.967, 165
Trd, 000187.450, 148
Trd, 000187.683, 168
Trd, 000187.950, 157
Trd, 000188.250, 148
Trd, 000190.283, 163
Trd, 000190.567, 164
Trd, 000191.550, 155
Trd, 000191.917, 191
Trd, 000192.467, 165
Trd, 000192.867, 151
Trd, 000193.317, 149
Trd, 000193.517, 138
Trd, 000194.117, 137
Trd, 000196.083, 113
Trd, 000196.933, 131
Trd, 000197.367, 156
Trd, 000197.400, 164
Trd, 000199.300, 159
Trd, 000199.617, 170
Trd, 000199.833, 137
Trd, 000201.017, 151
Trd, 000201.150, 164
Trd, 000201.233, 127
Trd, 000201.900, 144
Trd, 000202.083, 159
Trd, 000202.117, 166
Trd, 000203.417, 151
Trd, 000204.200, 153
Trd, 000205.033, 160
Trd, 000206.150, 131
Trd, 000206.450, 153
Trd, 000206.867, 159
Trd, 000207.217, 128
Trd, 000207.483, 160
Trd, 000210.867, 152
Trd, 000211.417, 122
Trd, 000212.350, 164
Trd, 000212.650, 170
Trd, 000212.733, 177
Trd, 000213.183, 162
Trd, 000213.550, 185
Trd, 000214.767, 152
Trd, 000215.383, 136
Trd, 000216.350, 119
Trd, 000216.467, 177
Trd, 000217.233, 155
Trd, 000217.400, 165
Trd, 000218.567, 146
Trd, 000219.300, 162
Trd, 000219.717, 157
Trd, 000220.150, 154
Trd, 000220.533, 157
Trd, 000221.300, 165
Trd, 000221.317, 179
Trd, 000221.550, 151
Trd, 000221.600, 126
Trd, 000221.750, 146
Trd, 000222.650, 170
Trd, 000223.133, 146
Trd, 000224.283, 136
Trd, 000226.533, 125
Trd, 000227.383, 145
Trd, 000227.967, 139
Trd, 000228.033, 132
Trd, 000228.900, 160
Trd, 000228.967, 172
Trd, 000229.217, 169
Trd, 000231.433, 160
Trd, 000231.650, 132
Trd, 000231.800, 145
Trd, 000232.200, 154
Trd, 000232.583, 156
Trd, 000233.000, 152
Trd, 000233.500, 161
Trd, 000233.967, 146
Trd, 000236.367, 119
Trd, 000236.483, 128
Trd, 000236.583, 156
Trd, 000236.617, 170
Trd, 000236.733, 108
Trd, 000237.200, 137
Trd, 000237.483, 138
Trd, 000240.500, 162
Trd, 000241.250, 137
Trd, 000241.867, 139
Trd, 000242.517, 133
Trd, 000242.983, 142
Trd, 000243.550, 148
Trd, 000244.417, 154
Trd, 000245.117, 138
Trd, 000245.217, 129
Trd, 000246.200, 121
Trd, 000246.350, 168
Trd, 000246.550, 173
Trd, 000246.750, 178
Trd, 000247.733, 142
Trd, 000248.067, 149
Trd, 000249.433, 148
Trd, 000251.833, 155
Trd, 000251.917, 181
Trd, 000252.000, 150
Trd, 000252.317, 175
Trd, 000253.050, 166
Trd, 000253.800, 173
Trd, 000255.933, 160
Trd, 000256.733, 158
Trd, 000257.067, 145
Trd, 000257.200, 153
Trd, 000257.267, 155
Trd, 000257.583, 163
Trd, 000258.633, 152
Trd, 000258.900, 142
Trd, 000259.383, 144
Trd, 000261.600, 183
Trd, 000261.650, 172
Trd, 000261.783, 171
Trd, 000262.117, 152
Trd, 000262.550, 157
Trd, 000262.750, 148
Trd, 000262.967, 182
Trd, 000263.133, 142
Trd, 000263.950, 134
Trd, 000264.083, 129
Trd, 000267.183, 156
Trd, 000268.317, 168
Trd, 000268.350, 158
Trd, 000268.667, 159
Trd, 000269.000, 157
Trd, 000269.633, 178
Trd, 000271.483, 113
Trd, 000271.650, 129
Trd, 000271.750, 140
Trd, 000271.800, 147
Trd, 000271.883, 136
Trd, 000273.050, 159
Trd, 000273.167, 146
Trd, 000274.433, 156
Trd, 000274.483, 153
Trd, 000275.667, 142
Trd, 000276.700, 122
Trd, 000276.750, 137
Trd, 000277.417, 153
Trd, 000277.950, 168
Trd, 000278.517, 164
Trd, 000278.567, 177
Trd, 000281.533, 156
Trd, 000282.100, 137
Trd, 000282.250, 171
Trd, 000282.767, 151
Trd, 000283.133, 141
Trd, 000283.817, 148
Trd, 000284.533, 138
Trd, 000286.567, 150
Trd, 000286.717, 146
Trd, 000287.517, 184
Trd, 000287.783, 171
Trd, 000288.083, 170
Trd, 000288.917, 184
Trd, 000289.167, 151
Trd, 000289.617, 156
Trd, 000290.883, 151
Trd, 000291.217, 154
Trd, 000291.333, 156
Trd, 000291.733, 133
Trd, 000291.967, 115
Trd, 000292.083, 152
Trd, 000292.383, 157
Trd, 000292.433, 159
Trd, 000293.000, 160
Trd, 000293.967, 169
Trd, 000296.117, 147
Trd, 000296.750, 169
Trd, 000297.067, 145
Trd, 000297.750, 130
Trd, 000297.783, 156
Trd, 000298.000, 137
Trd, 000299.150, 140
