Trd, 000005.267, 179
Trd, 000005.483, 192
Trd, 000005.533, 158
Trd, 000005.667, 148
Trd, 000005.950, 149
Trd, 000006.083, 174
Trd, 000006.917, 161
Trd, 000010.467, 154
Trd, 000010.550, 166
Trd, 000010.567, 169
Trd, 000010.817, 146
Trd, 000011.217, 154
Trd, 000011.483, 149
Trd, 000011.833, 145
Trd, 000013.617, 148
Trd, 000015.333, 130
Trd, 000015.433, 144
Trd, 000015.917, 123
Trd, 000016.100, 137
Trd, 000016.683, 143
Trd, 000018.167, 149
Trd, 000018.950, 171
Trd, 000019.967, 146
Trd, 000020.617, 177
Trd, 000020.683, 167
Trd, 000020.817, 185
Trd, 000024.617, 150
Trd, 000025.217, 188
Trd, 000025.317, 186
Trd, 000025.683, 183
Trd, 000025.700, 148
Trd, 000025.883, 150
Trd, 000027.283, 158
Trd, 000027.683, 156
Trd, 000028.150, 154
Trd, 000030.483, 179
Trd, 000030.550, 181
Trd, 000030.717, 144
Trd, 000030.767, 130
Trd, 000032.717, 171
Trd, 000033.083, 172
Trd, 000035.067, 153
Trd, 000035.350, 155
Trd, 000035.750, 185
Trd, 000036.083, 150
Trd, 000036.600, 154
Trd, 000037.567, 154
Trd, 000037.800, 146
Trd, 000039.267, 165
Trd, 000039.417, 152
Trd, 000040.500, 139
Trd, 000040.817, 189
Trd, 000041.150, 151
Trd, 000041.233, 149
Trd, 000041.267, 152
Trd, 000041.967, 188
Trd, 000042.867, 171
Trd, 000043.700, 168
Trd, 000043.850, 144
Trd, 000044.200, 154
Trd, 000045.333, 149
Trd, 000045.867, 159
Trd, 000045.967, 171
Trd, 000047.083, 149
Trd, 000047.350, 148
Trd, 000047.917, 144
Trd, 000048.483, 167
Trd, 000050.100, 147
Trd, 000050.450, 136
Trd, 000050.650, 149
Trd, 000051.067, 165
Trd, 000051.833, 170
Trd, 000053.483, 150
Trd, 000054.050, 147
Trd, 000054.483, 151
Trd, 000055.650, 178
Trd, 000056.117, 159
Trd, 000056.550, 163
Trd, 000057.050, 144
Trd, 000058.967, 151
Trd, 000059.200, 168
Trd, 000059.617, 147
Trd, 000060.400, 127
Trd, 000060.650, 140
Trd, 000061.117, 173
Trd, 000061.750, 142
Trd, 000062.267, 170
Trd, 000063.017, 155
Trd, 000066.367, 170
Trd, 000067.383, 171
Trd, 000067.650, 162
Trd, 000069.900, 169
Trd, 000069.967, 156
Trd, 000070.900, 169
Trd, 000071.033, 174
Trd, 000071.083, 151
Trd, 000071.600, 148
Trd, 000072.817, 126
Trd, 000073.017, 143
Trd, 000073.250, 156
Trd, 000075.067, 169
Trd, 000076.017, 185
Trd, 000076.100, 164
Trd, 000076.317, 178
Trd, 000076.367, 151
Trd, 000077.900, 141
Trd, 000078.317, 155
Trd, 000079.550, 162
Trd, 000079.883, 151
Trd, 000080.150, 145
Trd, 000080.700, 180
Trd, 000080.883, 148
Trd, 000081.850, 189
Trd, 000082.867, 154
Trd, 000083.583, 153
Trd, 000083.617, 141
Trd, 000084.000, 174
Trd, 000086.250, 163
Trd, 000086.517, 142
Trd, 000087.467, 178
Trd, 000087.550, 144
Trd, 000087.633, 167
Trd, 000087.733, 130
Trd, 000088.483, 179
Trd, 000088.617, 170
Trd, 000090.633, 175
Trd, 000090.750, 167
Trd, 000091.550, 172
Trd, 000092.533, 172
Trd, 000092.950, 171
Trd, 000093.150, 153
Trd, 000093.967, 162
Trd, 000095.150, 170
Trd, 000095.383, 145
Trd, 000096.150, 110
Trd, 000096.267, 153
Trd, 000096.450, 149
Trd, 000096.683, 181
Trd, 000096.783, 159
Trd, 000097.050, 173
Trd, 000097.233, 185
Trd, 000098.050, 150
Trd, 000098.933, 176
Trd, 000099.267, 159
Trd, 000100.633, 174
Trd, 000101.450, 153
Trd, 000101.900, 153
Trd, 000102.367, 163
Trd, 000103.500, 168
Trd, 000103.517, 140
Trd, 000106.167, 189
Trd, 000107.167, 158
Trd, 000108.100, 154
Trd, 000108.367, 166
Trd, 000108.750, 146
Trd, 000109.233, 145
Trd, 000111.017, 147
Trd, 000111.467, 154
Trd, 000111.517, 170
Trd, 000111.933, 181
Trd, 000112.233, 157
Trd, 000112.417, 147
Trd, 000113.783, 172
Trd, 000114.117, 163
Trd, 000115.167, 146
Trd, 000115.850, 177
Trd, 000117.017, 162
Trd, 000117.417, 164
Trd, 000117.617, 169
Trd, 000117.667, 176
Trd, 000118.550, 169
Trd, 000118.883, 156
Trd, 000119.067, 146
Trd, 000119.317, 171
Trd, 000121.183, 185
Trd, 000121.217, 166
Trd, 000121.500, 158
Trd, 000121.550, 142
Trd, 000122.517, 140
Trd, 000124.133, 153
Trd, 000125.733, 155
Trd, 000126.250, 165
Trd, 000126.400, 138
Trd, 000126.717, 184
Trd, 000126.800, 143
Trd, 000127.283, 189
Trd, 000127.550, 148
Trd, 000132.450, 170
Trd, 000132.567, 171
Trd, 000132.667, 167
Trd, 000132.733, 154
Trd, 000132.783, 151
Trd, 000134.217, 163
Trd, 000136.033, 161
Trd, 000136.117, 131
Trd, 000136.550, 185
Trd, 000136.667, 178
Trd, 000137.167, 168
Trd, 000138.517, 150
Trd, 000140.933, 146
Trd, 000141.017, 174
Trd, 000141.400, 176
Trd, 000141.850, 150
Trd, 000141.983, 170
Trd, 000143.783, 151
Trd, 000143.933, 142
Trd, 000144.100, 145
Trd, 000144.817, 165
Trd, 000145.917, 162
Trd, 000146.117, 146
Trd, 000146.233, 142
Trd, 000146.367, 142
Trd, 000148.250, 163
Trd, 000148.267, 166
Trd, 000148.350, 154
Trd, 000148.517, 145
Trd, 000150.100, 164
Trd, 000150.900, 128
Trd, 000151.683, 168
Trd, 000151.983, 172
Trd, 000152.150, 177
Trd, 000152.267, 180
Trd, 000152.433, 150
Trd, 000153.083, 142
Trd, 000155.000, 152
Trd, 000156.267, 188
Trd, 000156.817, 176
Trd, 000156.833, 151
Trd, 000157.200, 160
Trd, 000157.467, 150
Trd, 000158.333, 170
Trd, 000158.883, 149
Trd, 000160.950, 139
Trd, 000161.233, 192
Trd, 000161.600, 131
Trd, 000162.050, 166
Trd, 000162.750, 151
Trd, 000163.783, 164
Trd, 000165.633, 172
Trd, 000165.683, 168
Trd, 000166.217, 147
Trd, 000166.750, 146
Trd, 000167.300, 158
Trd, 000167.467, 153
Trd, 000167.783, 162
Trd, 000167.867, 143
Trd, 000169.450, 165
Trd, 000170.217, 150
Trd, 000170.633, 155
Trd, 000171.400, 149
Trd, 000171.417, 141
Trd, 000171.550, 166
Trd, 000172.217, 153
Trd, 000173.667, 149
Trd, 000174.200, 168
Trd, 000175.083, 170
Trd, 000176.150, 190
Trd, 000176.250, 149
Trd, 000177.183, 157
Trd, 000177.767, 142
Trd, 000179.533, 159
Trd, 000179.767, 155
Trd, 000179.883, 154
Trd, 000181.167, 142
Trd, 000182.100, 151
Trd, 000182.717, 154
Trd, 000182.850, 147
Trd, 000183.317, 147
Trd, 000184.000, 156
Trd, 000185.217, 169
Trd, 000186.217, 151
Trd, 000186.333, 154
Trd, 000186.500, 156
Trd, 000186.900, 158
Trd, 000187.167, 161
Trd, 000187.367, 149
Trd, 000187.933, 152
Trd, 000189.017, 158
Trd, 000191.833, 149
Trd, 000192.350, 155
Trd, 000192.483, 156
Trd, 000192.700, 164
Trd, 000193.033, 154
Trd, 000194.833, 166
Trd, 000196.100, 172
Trd, 000196.417, 136
Trd, 000196.933, 184
Trd, 000198.050, 166
Trd, 000199.000, 156
Trd, 000199.600, 149
Trd, 000199.917, 146
Trd, 000201.800, 148
Trd, 000201.983, 165
Trd, 000202.183, 177
Trd, 000202.633, 161
Trd, 000202.667, 138
Trd, 000202.950, 135
Trd, 000203.367, 159
Trd, 000203.783, 135
Trd, 000204.000, 161
Trd, 000204.633, 164
Trd, 000206.517, 137
Trd, 000206.833, 149
Trd, 000207.100, 144
Trd, 000207.483, 152
Trd, 000208.217, 162
Trd, 000209.683, 155
Trd, 000209.917, 161
Trd, 000210.217, 149
Trd, 000211.333, 134
Trd, 000211.550, 164
Trd, 000212.083, 163
Trd, 000212.233, 188
Trd, 000212.717, 184
Trd, 000213.267, 152
Trd, 000216.517, 139
Trd, 000216.833, 143
Trd, 000217.100, 171
Trd, 000217.450, 143
Trd, 000218.483, 162
Trd, 000218.700, 173
Trd, 000220.200, 174
Trd, 000221.317, 187
Trd, 000221.850, 172
Trd, 000221.967, 160
Trd, 000222.133, 149
Trd, 000222.833, 163
Trd, 000222.967, 149
Trd, 000223.133, 165
Trd, 000224.350, 145
Trd, 000225.233, 151
Trd, 000226.717, 184
Trd, 000227.100, 189
Trd, 000227.200, 157
Trd, 000227.250, 157
Trd, 000227.533, 159
Trd, 000228.867, 150
Trd, 000229.467, 172
Trd, 000231.300, 158
Trd, 000232.033, 166
Trd, 000232.100, 151
Trd, 000232.917, 173
Trd, 000233.733, 157
Trd, 000235.467, 156
Trd, 000236.650, 188
Trd, 000237.733, 183
Trd, 000238.117, 171
Trd, 000238.733, 169
Trd, 000239.017, 176
Trd, 000241.400, 145
Trd, 000241.433, 162
Trd, 000241.667, 118
Trd, 000241.850, 131
Trd, 000242.000, 159
Trd, 000242.467, 165
Trd, 000242.850, 156
Trd, 000243.533, 144
Trd, 000244.867, 138
Trd, 000246.267, 149
Trd, 000246.417, 142
Trd, 000246.550, 156
Trd, 000246.933, 159
Trd, 000247.500, 162
Trd, 000248.417, 143
Trd, 000249.750, 175
Trd, 000250.200, 177
Trd, 000250.933, 159
Trd, 000252.117, 186
Trd, 000252.150, 190
Trd, 000252.433, 164
Trd, 000253.683, 148
Trd, 000254.233, 171
Trd, 000254.317, 134
Trd, 000256.333, 189
Trd, 000256.700, 186
Trd, 000256.833, 155
Trd, 000257.167, 148
Trd, 000257.367, 143
Trd, 000257.417, 155
Trd, 000257.950, 145
Trd, 000259.767, 158
Trd, 000261.400, 142
Trd, 000261.667, 172
Trd, 000262.300, 147
Trd, 000262.433, 141
Trd, 000262.883, 154
Trd, 000263.617, 152
Trd, 000264.067, 142
Trd, 000265.150, 170
Trd, 000266.517, 142
Trd, 000266.817, 151
Trd, 000266.900, 154
Trd, 000267.450, 145
Trd, 000268.767, 161
Trd, 000268.950, 164
Trd, 000272.183, 150
Trd, 000272.283, 165
Trd, 000272.800, 141
Trd, 000273.000, 153
Trd, 000273.167, 137
Trd, 000273.433, 159
Trd, 000273.567, 136
Trd, 000273.667, 158
Trd, 000275.433, 166
Trd, 000276.483, 188
Trd, 000276.600, 165
Trd, 000277.067, 166
Trd, 000277.200, 173
Trd, 000278.450, 168
Trd, 000278.550, 168
Trd, 000279.050, 150
Trd, 000281.767, 156
Trd, 000282.133, 159
Trd, 000282.233, 152
Trd, 000282.283, 159
Trd, 000283.633, 150
Trd, 000285.467, 167
Trd, 000286.150, 166
Trd, 000286.367, 167
Trd, 000286.667, 154
Trd, 000287.183, 180
Trd, 000287.233, 142
Trd, 000287.533, 188
Trd, 000289.283, 168
Trd, 000289.950, 161
Trd, 000290.467, 152
Trd, 000290.967, 145
Trd, 000291.800, 186
Trd, 000292.167, 134
Trd, 000292.567, 181
Trd, 000292.717, 160
Trd, 000293.317, 171
Trd, 000293.900, 150
Trd, 000294.233, 148
Trd, 000294.683, 143
Trd, 000296.550, 180
Trd, 000297.133, 154
Trd, 000297.517, 147
Trd, 000297.933, 180
Trd, 000298.400, 174
Trd, 000299.767, 163
