Trd, 000005.233, 109
Trd, 000005.550, 127
Trd, 000005.650, 138
Trd, 000005.800, 114
Trd, 000005.833, 142
Trd, 000006.083, 137
Trd, 000006.583, 124
Trd, 000006.617, 133
Trd, 000006.817, 134
Trd, 000010.183, 164
Trd, 000010.383, 148
Trd, 000010.483, 131
Trd, 000010.850, 134
Trd, 000010.933, 146
Trd, 000011.700, 157
Trd, 000012.983, 145
Trd, 000013.167, 138
Trd, 000015.283, 183
Trd, 000015.467, 167
Trd, 000015.533, 161
Trd, 000016.517, 159
Trd, 000018.683, 150
Trd, 000019.250, 152
Trd, 000020.033, 149
Trd, 000020.517, 183
Trd, 000020.667, 169
Trd, 000021.033, 142
Trd, 000021.083, 159
Trd, 000022.600, 162
Trd, 000024.150, 162
Trd, 000024.400, 167
Trd, 000024.917, 158
Trd, 000025.300, 166
Trd, 000026.000, 159
Trd, 000026.167, 138
Trd, 000026.233, 167
Trd, 000028.167, 139
Trd, 000030.333, 148
Trd, 000030.633, 149
Trd, 000032.700, 146
Trd, 000033.050, 147
Trd, 000033.583, 161
Trd, 000033.867, 166
Trd, 000034.433, 168
Trd, 000035.383, 151
Trd, 000035.600, 148
Trd, 000035.900, 166
Trd, 000036.633, 143
Trd, 000036.783, 140
Trd, 000037.417, 168
Trd, 000037.650, 156
Trd, 000039.833, 156
Trd, 000040.333, 161
Trd, 000040.667, 162
Trd, 000041.017, 174
Trd, 000041.700, 166
Trd, 000041.900, 142
Trd, 000042.633, 142
Trd, 000043.017, 159
Trd, 000043.700, 182
Trd, 000045.617, 179
Trd, 000046.350, 158
Trd, 000046.650, 158
Trd, 000047.383, 161
Trd, 000047.617, 155
Trd, 000050.317, 166
Trd, 000051.017, 169
Trd, 000052.650, 162
Trd, 000053.100, 152
Trd, 000053.150, 150
Trd, 000053.250, 141
Trd, 000055.250, 150
Trd, 000055.683, 163
Trd, 000055.867, 157
Trd, 000056.500, 154
Trd, 000056.800, 150
Trd, 000057.783, 147
Trd, 000057.833, 142
Trd, 000058.000, 154
Trd, 000059.467, 149
Trd, 000060.600, 184
Trd, 000060.717, 144
Trd, 000061.000, 181
Trd, 000061.050, 146
Trd, 000061.283, 159
Trd, 000061.917, 146
Trd, 000062.100, 136
Trd, 000062.250, 151
Trd, 000062.717, 151
Trd, 000062.883, 126
Trd, 000063.517, 160
Trd, 000065.550, 134
Trd, 000065.867, 121
Trd, 000065.967, 167
Trd, 000066.933, 140
Trd, 000067.383, 162
Trd, 000067.417, 158
Trd, 000068.367, 142
Trd, 000069.350, 156
Trd, 000070.167, 158
Trd, 000071.000, 135
Trd, 000071.167, 139
Trd, 000072.200, 160
Trd, 000072.217, 173
Trd, 000072.317, 157
Trd, 000072.517, 146
Trd, 000073.117, 143
Trd, 000075.917, 148
Trd, 000075.983, 143
Trd, 000076.483, 155
Trd, 000076.850, 164
Trd, 000077.067, 184
Trd, 000078.017, 165
Trd, 000079.333, 162
Trd, 000081.033, 153
Trd, 000082.000, 166
Trd, 000084.133, 147
Trd, 000084.150, 151
Trd, 000084.383, 171
Trd, 000084.400, 178
Trd, 000084.967, 155
Trd, 000085.017, 149
Trd, 000085.783, 134
Trd, 000085.967, 155
Trd, 000086.533, 147
Trd, 000087.233, 171
Trd, 000089.450, 178
Trd, 000090.000, 164
Trd, 000090.217, 164
Trd, 000090.350, 159
Trd, 000090.617, 163
Trd, 000091.033, 160
Trd, 000091.583, 157
Trd, 000092.017, 162
Trd, 000093.750, 155
Trd, 000093.917, 160
Trd, 000096.117, 159
Trd, 000096.500, 162
Trd, 000096.683, 168
Trd, 000097.017, 159
Trd, 000098.150, 172
Trd, 000098.467, 172
Trd, 000099.183, 149
Trd, 000100.717, 160
Trd, 000101.767, 161
Trd, 000101.983, 158
Trd, 000103.050, 170
Trd, 000103.617, 159
Trd, 000104.317, 169
Trd, 000104.500, 151
Trd, 000105.550, 159
Trd, 000105.950, 159
Trd, 000106.000, 133
Trd, 000106.667, 137
Trd, 000106.750, 151
Trd, 000107.067, 164
Trd, 000107.200, 141
Trd, 000108.717, 135
Trd, 000108.883, 166
Trd, 000109.100, 173
Trd, 000109.767, 169
Trd, 000111.100, 170
Trd, 000111.117, 160
Trd, 000111.667, 168
Trd, 000111.783, 164
Trd, 000112.450, 158
Trd, 000113.667, 162
Trd, 000113.717, 158
Trd, 000114.567, 152
Trd, 000115.833, 134
Trd, 000116.300, 151
Trd, 000116.683, 133
Trd, 000117.600, 163
Trd, 000117.783, 164
Trd, 000117.900, 161
Trd, 000117.933, 158
Trd, 000118.833, 143
Trd, 000121.100, 188
Trd, 000121.283, 180
Trd, 000121.600, 166
Trd, 000121.817, 163
Trd, 000122.250, 174
Trd, 000123.500, 174
Trd, 000125.150, 161
Trd, 000125.717, 183
Trd, 000126.083, 165
Trd, 000127.433, 161
Trd, 000127.550, 159
Trd, 000127.667, 157
Trd, 000127.767, 178
Trd, 000129.083, 159
Trd, 000129.217, 162
Trd, 000130.483, 150
Trd, 000131.033, 136
Trd, 000131.483, 167
Trd, 000131.600, 172
Trd, 000133.450, 173
Trd, 000133.683, 157
Trd, 000133.883, 156
Trd, 000134.083, 152
Trd, 000134.183, 149
Trd, 000136.250, 157
Trd, 000136.383, 143
Trd, 000137.583, 149
Trd, 000138.133, 152
Trd, 000138.717, 157
Trd, 000139.383, 167
Trd, 000139.517, 176
Trd, 000140.933, 155
Trd, 000141.250, 162
Trd, 000142.017, 165
Trd, 000142.350, 142
Trd, 000144.550, 170
Trd, 000146.083, 167
Trd, 000146.450, 157
Trd, 000146.950, 162
Trd, 000147.500, 158
Trd, 000147.633, 148
Trd, 000148.750, 162
Trd, 000149.217, 152
Trd, 000149.417, 178
Trd, 000150.800, 150
Trd, 000151.333, 143
Trd, 000152.033, 154
Trd, 000152.050, 130
Trd, 000152.433, 156
Trd, 000152.833, 159
Trd, 000152.867, 160
Trd, 000154.700, 144
Trd, 000155.467, 153
Trd, 000156.317, 155
Trd, 000156.950, 166
Trd, 000157.383, 168
Trd, 000157.883, 152
Trd, 000158.450, 167
Trd, 000158.950, 160
Trd, 000159.017, 154
Trd, 000160.367, 142
Trd, 000161.683, 160
Trd, 000161.833, 165
Trd, 000162.300, 161
Trd, 000162.950, 150
Trd, 000163.600, 151
Trd, 000164.283, 150
Trd, 000165.000, 155
Trd, 000166.083, 128
Trd, 000166.467, 183
Trd, 000166.600, 171
Trd, 000166.883, 169
Trd, 000167.283, 166
Trd, 000167.917, 160
Trd, 000168.117, 159
Trd, 000169.383, 159
Trd, 000170.617, 159
Trd, 000171.167, 158
Trd, 000171.200, 178
Trd, 000171.733, 161
Trd, 000172.283, 157
Trd, 000172.450, 151
Trd, 000174.183, 165
Trd, 000174.867, 158
Trd, 000176.567, 136
Trd, 000177.033, 149
Trd, 000177.367, 163
Trd, 000177.583, 153
Trd, 000177.967, 151
Trd, 000178.133, 174
Trd, 000178.700, 161
Trd, 000179.933, 156
Trd, 000182.017, 161
Trd, 000182.600, 168
Trd, 000183.083, 166
Trd, 000183.133, 171
Trd, 000183.517, 174
Trd, 000184.150, 160
Trd, 000184.683, 158
Trd, 000186.500, 130
Trd, 000186.683, 159
Trd, 000187.050, 150
Trd, 000187.700, 168
Trd, 000187.833, 166
Trd, 000189.400, 164
Trd, 000190.683, 161
Trd, 000190.867, 158
Trd, 000191.233, 188
Trd, 000191.317, 184
Trd, 000191.433, 171
Trd, 000191.900, 174
Trd, 000192.267, 158
Trd, 000192.433, 163
Trd, 000193.383, 155
Trd, 000194.200, 169
Trd, 000195.250, 151
Trd, 000196.067, 161
Trd, 000198.067, 161
Trd, 000198.083, 156
Trd, 000198.667, 154
Trd, 000198.850, 142
Trd, 000199.033, 144
Trd, 000199.150, 138
Trd, 000199.183, 130
Trd, 000201.400, 160
Trd, 000201.583, 162
Trd, 000202.333, 158
Trd, 000202.517, 154
Trd, 000202.583, 149
Trd, 000203.050, 148
Trd, 000203.283, 162
Trd, 000204.333, 166
Trd, 000205.400, 148
Trd, 000208.167, 167
Trd, 000208.600, 165
Trd, 000209.067, 161
Trd, 000209.817, 159
Trd, 000210.167, 167
Trd, 000210.283, 157
Trd, 000211.667, 137
Trd, 000212.033, 151
Trd, 000212.567, 140
Trd, 000212.617, 170
Trd, 000212.733, 160
Trd, 000215.217, 157
Trd, 000215.383, 153
Trd, 000216.383, 160
Trd, 000216.650, 158
Trd, 000216.850, 146
Trd, 000217.667, 153
Trd, 000217.767, 162
Trd, 000217.817, 151
Trd, 000218.200, 151
Trd, 000218.667, 153
Trd, 000219.500, 134
Trd, 000221.917, 177
Trd, 000221.983, 162
Trd, 000222.100, 162
Trd, 000222.617, 160
Trd, 000223.983, 156
Trd, 000224.400, 158
Trd, 000225.217, 165
Trd, 000225.267, 152
Trd, 000226.500, 140
Trd, 000226.617, 148
Trd, 000227.650, 166
Trd, 000228.100, 165
Trd, 000228.533, 168
Trd, 000229.650, 161
Trd, 000229.800, 152
Trd, 000230.517, 150
Trd, 000231.500, 161
Trd, 000231.550, 158
Trd, 000231.983, 154
Trd, 000232.500, 141
Trd, 000232.750, 155
Trd, 000235.083, 158
Trd, 000236.833, 192
Trd, 000237.333, 171
Trd, 000237.567, 164
Trd, 000238.000, 163
Trd, 000238.567, 160
Trd, 000239.200, 159
Trd, 000240.533, 158
Trd, 000240.950, 138
Trd, 000241.433, 183
Trd, 000241.583, 170
Trd, 000242.167, 144
Trd, 000242.333, 151
Trd, 000242.850, 157
Trd, 000243.283, 177
Trd, 000243.900, 172
Trd, 000244.067, 168
Trd, 000245.783, 173
Trd, 000247.000, 161
Trd, 000247.183, 155
Trd, 000247.200, 162
Trd, 000247.267, 150
Trd, 000247.517, 138
Trd, 000249.667, 147
Trd, 000250.133, 149
Trd, 000250.150, 157
Trd, 000251.500, 159
Trd, 000251.583, 147
Trd, 000251.933, 156
Trd, 000252.450, 173
Trd, 000252.650, 137
Trd, 000254.433, 171
Trd, 000255.533, 162
Trd, 000256.450, 158
Trd, 000256.533, 152
Trd, 000256.733, 153
Trd, 000256.817, 163
Trd, 000256.883, 175
Trd, 000258.700, 161
Trd, 000259.100, 151
Trd, 000260.467, 162
Trd, 000261.383, 154
Trd, 000261.517, 137
Trd, 000262.600, 173
Trd, 000262.750, 169
Trd, 000262.900, 162
Trd, 000265.983, 168
Trd, 000266.483, 124
Trd, 000266.533, 157
Trd, 000266.700, 179
Trd, 000266.800, 152
Trd, 000267.100, 174
Trd, 000267.783, 159
Trd, 000269.167, 152
Trd, 000271.167, 167
Trd, 000271.450, 161
Trd, 000273.067, 188
Trd, 000273.083, 184
Trd, 000273.133, 171
Trd, 000276.717, 135
Trd, 000276.883, 162
Trd, 000277.683, 161
Trd, 000277.717, 160
Trd, 000277.767, 163
Trd, 000278.267, 154
Trd, 000278.400, 156
Trd, 000279.750, 163
Trd, 000279.783, 169
Trd, 000281.483, 171
Trd, 000281.867, 160
Trd, 000282.017, 184
Trd, 000282.050, 144
Trd, 000282.067, 140
Trd, 000283.200, 152
Trd, 000284.650, 143
Trd, 000285.350, 140
Trd, 000286.883, 158
Trd, 000287.283, 191
Trd, 000287.300, 162
Trd, 000287.433, 154
Trd, 000287.450, 151
Trd, 000288.133, 164
Trd, 000290.533, 163
Trd, 000291.517, 163
Trd, 000292.583, 167
Trd, 000292.700, 141
Trd, 000293.983, 162
Trd, 000294.067, 160
Trd, 000296.367, 158
Trd, 000296.417, 146
Trd, 000297.117, 165
Trd, 000297.167, 151
Trd, 000297.900, 155
Trd, 000299.017, 162
Trd, 000299.817, 148
