Trd, 000005.217, 179
Trd, 000005.317, 170
Trd, 000005.583, 163
Trd, 000005.850, 146
Trd, 000005.883, 142
Trd, 000007.250, 137
Trd, 000008.550, 159
Trd, 000008.783, 151
Trd, 000010.167, 160
Trd, 000010.650, 171
Trd, 000010.817, 165
Trd, 000011.233, 177
Trd, 000011.267, 171
Trd, 000012.167, 151
Trd, 000014.200, 168
Trd, 000014.717, 144
Trd, 000015.300, 106
Trd, 000015.650, 188
Trd, 000016.067, 176
Trd, 000016.183, 175
Trd, 000016.483, 151
Trd, 000017.400, 157
Trd, 000018.550, 170
Trd, 000019.600, 147
Trd, 000019.883, 145
Trd, 000020.733, 183
Trd, 000020.750, 176
Trd, 000020.833, 189
Trd, 000021.567, 170
Trd, 000022.817, 156
Trd, 000023.017, 154
Trd, 000023.950, 157
Trd, 000025.400, 146
Trd, 000025.517, 116
Trd, 000025.600, 166
Trd, 000026.100, 170
Trd, 000027.167, 152
Trd, 000028.250, 164
Trd, 000028.650, 150
Trd, 000029.667, 160
Trd, 000030.050, 184
Trd, 000030.350, 174
Trd, 000030.583, 171
Trd, 000030.917, 148
Trd, 000031.417, 167
Trd, 000032.967, 184
Trd, 000033.317, 172
Trd, 000033.817, 154
Trd, 000035.617, 187
Trd, 000036.150, 180
Trd, 000036.950, 181
Trd, 000038.333, 165
Trd, 000038.517, 169
Trd, 000038.600, 158
Trd, 000039.133, 153
Trd, 000039.933, 156
Trd, 000040.067, 146
Trd, 000040.583, 113
Trd, 000040.650, 169
Trd, 000040.767, 156
Trd, 000041.567, 180
Trd, 000041.833, 184
Trd, 000042.517, 172
Trd, 000045.433, 181
Trd, 000046.217, 188
Trd, 000046.233, 182
Trd, 000046.250, 180
Trd, 000046.983, 127
Trd, 000047.483, 171
Trd, 000048.317, 151
Trd, 000048.517, 144
Trd, 000049.517, 151
Trd, 000050.383, 113
Trd, 000050.417, 156
Trd, 000050.533, 180
Trd, 000051.133, 159
Trd, 000051.317, 146
Trd, 000052.500, 181
Trd, 000054.867, 179
Trd, 000055.583, 170
Trd, 000056.383, 175
Trd, 000056.400, 139
Trd, 000056.600, 139
Trd, 000057.850, 161
Trd, 000058.200, 157
Trd, 000058.250, 166
Trd, 000058.900, 146
Trd, 000059.933, 166
Trd, 000060.700, 177
Trd, 000060.817, 151
Trd, 000061.267, 196
Trd, 000062.450, 145
Trd, 000062.850, 146
Trd, 000063.583, 137
Trd, 000065.600, 166
Trd, 000065.850, 169
Trd, 000066.100, 167
Trd, 000066.867, 163
Trd, 000067.667, 173
Trd, 000070.650, 127
Trd, 000070.717, 161
Trd, 000071.383, 155
Trd, 000071.550, 163
Trd, 000072.483, 175
Trd, 000072.817, 192
Trd, 000073.667, 144
Trd, 000074.633, 144
Trd, 000074.800, 156
Trd, 000075.767, 193
Trd, 000076.550, 169
Trd, 000076.583, 172
Trd, 000076.617, 160
Trd, 000076.633, 140
Trd, 000077.200, 191
Trd, 000077.533, 167
Trd, 000078.500, 173
Trd, 000080.650, 136
Trd, 000081.000, 160
Trd, 000081.050, 172
Trd, 000081.150, 134
Trd, 000081.750, 168
Trd, 000082.433, 154
Trd, 000083.267, 153
Trd, 000083.350, 132
Trd, 000084.450, 165
Trd, 000085.850, 169
Trd, 000085.967, 185
Trd, 000086.350, 179
Trd, 000087.317, 163
Trd, 000087.800, 168
Trd, 000088.000, 179
Trd, 000090.167, 151
Trd, 000090.867, 175
Trd, 000091.217, 162
Trd, 000091.417, 155
Trd, 000092.100, 164
Trd, 000092.117, 181
Trd, 000093.217, 145
Trd, 000093.333, 133
Trd, 000093.667, 153
Trd, 000094.017, 138
Trd, 000095.017, 142
Trd, 000095.717, 137
Trd, 000096.233, 182
Trd, 000096.467, 195
Trd, 000098.100, 182
Trd, 000098.133, 175
Trd, 000098.517, 166
Trd, 000099.350, 159
Trd, 000099.583, 157
Trd, 000101.300, 157
Trd, 000101.467, 151
Trd, 000102.467, 178
Trd, 000102.583, 177
Trd, 000104.117, 178
Trd, 000104.433, 167
Trd, 000105.500, 159
Trd, 000105.683, 164
Trd, 000105.850, 162
Trd, 000106.250, 185
Trd, 000106.533, 168
Trd, 000106.783, 150
Trd, 000107.600, 162
Trd, 000107.667, 193
Trd, 000111.100, 174
Trd, 000111.283, 185
Trd, 000111.383, 148
Trd, 000112.017, 151
Trd, 000112.517, 178
Trd, 000113.300, 180
Trd, 000114.517, 174
Trd, 000116.783, 180
Trd, 000117.217, 175
Trd, 000117.500, 192
Trd, 000117.917, 184
Trd, 000117.933, 164
Trd, 000118.083, 139
Trd, 000119.200, 132
Trd, 000119.317, 143
Trd, 000120.783, 138
Trd, 000121.367, 193
Trd, 000121.400, 179
Trd, 000121.833, 167
Trd, 000122.083, 171
Trd, 000122.500, 160
Trd, 000123.317, 150
Trd, 000123.900, 148
Trd, 000124.467, 183
Trd, 000126.100, 108
Trd, 000126.267, 140
Trd, 000126.433, 135
Trd, 000127.033, 137
Trd, 000127.317, 180
Trd, 000127.883, 168
Trd, 000127.900, 161
Trd, 000128.217, 173
Trd, 000129.333, 140
Trd, 000130.483, 163
Trd, 000131.083, 193
Trd, 000131.850, 167
Trd, 000131.983, 172
Trd, 000132.000, 165
Trd, 000132.183, 164
Trd, 000133.633, 179
Trd, 000135.000, 142
Trd, 000136.417, 181
Trd, 000137.283, 166
Trd, 000138.133, 168
Trd, 000138.617, 172
Trd, 000139.717, 151
Trd, 000140.800, 165
Trd, 000141.100, 112
Trd, 000141.217, 153
Trd, 000141.933, 177
Trd, 000142.033, 155
Trd, 000142.883, 174
Trd, 000142.933, 186
Trd, 000143.283, 178
Trd, 000146.233, 143
Trd, 000146.450, 181
Trd, 000146.583, 175
Trd, 000146.633, 170
Trd, 000146.667, 139
Trd, 000146.900, 177
Trd, 000148.933, 175
Trd, 000150.283, 139
Trd, 000151.467, 175
Trd, 000151.867, 162
Trd, 000152.433, 156
Trd, 000152.583, 155
Trd, 000153.050, 166
Trd, 000153.267, 148
Trd, 000153.350, 145
Trd, 000154.450, 166
Trd, 000155.517, 135
Trd, 000155.983, 175
Trd, 000156.317, 156
Trd, 000156.900, 159
Trd, 000157.633, 171
Trd, 000158.233, 146
Trd, 000158.450, 178
Trd, 000159.117, 140
Trd, 000161.133, 173
Trd, 000161.750, 178
Trd, 000161.867, 173
Trd, 000162.117, 162
Trd, 000162.267, 153
Trd, 000162.533, 165
Trd, 000163.283, 189
Trd, 000165.517, 155
Trd, 000166.167, 178
Trd, 000166.283, 175
Trd, 000166.800, 170
Trd, 000168.217, 149
Trd, 000169.067, 135
Trd, 000169.900, 152
Trd, 000170.183, 175
Trd, 000171.117, 175
Trd, 000171.383, 140
Trd, 000172.117, 166
Trd, 000172.867, 156
Trd, 000173.133, 181
Trd, 000173.250, 149
Trd, 000173.433, 163
Trd, 000173.900, 142
Trd, 000174.933, 166
Trd, 000175.233, 143
Trd, 000176.000, 105
Trd, 000176.067, 186
Trd, 000176.533, 178
Trd, 000177.267, 162
Trd, 000178.317, 156
Trd, 000178.900, 160
Trd, 000179.900, 148
Trd, 000180.867, 149
Trd, 000181.050, 182
Trd, 000181.883, 167
Trd, 000182.333, 154
Trd, 000183.817, 176
Trd, 000184.033, 170
Trd, 000185.283, 148
Trd, 000185.300, 163
Trd, 000185.383, 144
Trd, 000185.533, 142
Trd, 000185.900, 161
Trd, 000186.300, 193
Trd, 000186.550, 193
Trd, 000187.233, 172
Trd, 000187.250, 171
Trd, 000187.933, 175
Trd, 000190.050, 150
Trd, 000191.083, 188
Trd, 000191.283, 173
Trd, 000191.850, 132
Trd, 000191.883, 129
Trd, 000192.533, 191
Trd, 000193.317, 170
Trd, 000193.600, 171
Trd, 000194.067, 162
Trd, 000195.600, 166
Trd, 000196.567, 163
Trd, 000196.817, 153
Trd, 000196.950, 166
Trd, 000197.000, 127
Trd, 000197.783, 179
Trd, 000198.500, 176
Trd, 000198.517, 151
Trd, 000199.917, 195
Trd, 000201.133, 161
Trd, 000201.217, 174
Trd, 000202.067, 174
Trd, 000202.850, 177
Trd, 000203.133, 164
Trd, 000206.200, 161
Trd, 000206.483, 155
Trd, 000206.867, 119
Trd, 000207.300, 171
Trd, 000207.417, 167
Trd, 000209.300, 189
Trd, 000210.417, 167
Trd, 000210.517, 157
Trd, 000211.250, 187
Trd, 000211.967, 172
Trd, 000212.167, 176
Trd, 000212.183, 178
Trd, 000212.333, 188
Trd, 000214.100, 160
Trd, 000214.317, 137
Trd, 000214.717, 168
Trd, 000216.300, 176
Trd, 000216.750, 174
Trd, 000217.033, 164
Trd, 000217.067, 165
Trd, 000217.717, 175
Trd, 000218.217, 169
Trd, 000218.950, 147
Trd, 000219.150, 139
Trd, 000220.133, 154
Trd, 000221.150, 180
Trd, 000221.583, 155
Trd, 000222.183, 179
Trd, 000223.367, 157
Trd, 000224.717, 173
Trd, 000225.000, 140
Trd, 000225.367, 134
Trd, 000226.433, 174
Trd, 000226.733, 157
Trd, 000227.483, 186
Trd, 000228.083, 157
Trd, 000228.100, 148
Trd, 000228.250, 130
Trd, 000230.433, 126
Trd, 000231.117, 166
Trd, 000231.417, 169
Trd, 000231.933, 172
Trd, 000232.067, 174
Trd, 000232.433, 191
Trd, 000233.450, 159
Trd, 000233.800, 153
Trd, 000235.683, 165
Trd, 000236.350, 189
Trd, 000236.367, 181
Trd, 000237.250, 154
Trd, 000237.833, 165
Trd, 000238.583, 151
Trd, 000239.400, 135
Trd, 000241.400, 131
Trd, 000241.450, 138
Trd, 000241.650, 169
Trd, 000242.017, 167
Trd, 000242.033, 174
Trd, 000242.333, 163
Trd, 000244.350, 165
Trd, 000245.617, 148
Trd, 000245.867, 127
Trd, 000246.517, 162
Trd, 000247.267, 141
Trd, 000247.567, 146
Trd, 000248.083, 166
Trd, 000248.867, 175
Trd, 000248.950, 163
Trd, 000249.417, 141
Trd, 000249.450, 136
Trd, 000251.233, 120
Trd, 000251.467, 154
Trd, 000252.250, 165
Trd, 000252.333, 126
Trd, 000253.133, 169
Trd, 000253.300, 140
Trd, 000253.383, 134
Trd, 000253.600, 155
Trd, 000255.417, 193
Trd, 000255.683, 138
Trd, 000256.400, 168
Trd, 000256.633, 170
Trd, 000256.950, 159
Trd, 000257.800, 187
Trd, 000257.833, 183
Trd, 000257.883, 182
Trd, 000259.400, 163
Trd, 000261.400, 175
Trd, 000261.433, 149
Trd, 000262.000, 142
Trd, 000262.167, 119
Trd, 000262.417, 165
Trd, 000264.017, 163
Trd, 000264.117, 170
Trd, 000265.383, 162
Trd, 000265.867, 140
Trd, 000266.700, 182
Trd, 000266.950, 165
Trd, 000268.083, 176
Trd, 000268.683, 148
Trd, 000268.983, 144
Trd, 000269.150, 166
Trd, 000270.750, 152
Trd, 000271.367, 161
Trd, 000271.983, 145
Trd, 000272.217, 168
Trd, 000272.400, 165
Trd, 000272.617, 171
Trd, 000273.400, 163
Trd, 000275.000, 155
Trd, 000275.333, 161
Trd, 000276.583, 188
Trd, 000276.700, 185
Trd, 000276.900, 180
Trd, 000277.183, 158
Trd, 000277.600, 167
Trd, 000277.800, 174
Trd, 000278.433, 165
Trd, 000279.900, 134
Trd, 000281.683, 181
Trd, 000281.950, 160
Trd, 000282.383, 152
Trd, 000282.917, 158
Trd, 000283.967, 165
Trd, 000284.450, 187
Trd, 000286.017, 169
Trd, 000286.550, 170
Trd, 000286.950, 179
Trd, 000288.217, 168
Trd, 000288.383, 164
Trd, 000289.050, 159
Trd, 000289.083, 154
Trd, 000290.250, 169
Trd, 000291.583, 193
Trd, 000292.667, 141
Trd, 000292.767, 139
Trd, 000293.217, 130
Trd, 000293.600, 155
Trd, 000293.767, 160
Trd, 000294.283, 168
Trd, 000297.150, 165
Trd, 000298.767, 175
Trd, 000299.333, 176
Trd, 000299.350, 172
