Trd, 000005.217, 106
Trd, 000005.467, 143
Trd, 000005.800, 135
Trd, 000005.950, 145
Trd, 000006.033, 151
Trd, 000006.217, 149
Trd, 000007.233, 130
Trd, 000008.800, 177
Trd, 000009.183, 137
Trd, 000010.617, 130
Trd, 000011.050, 177
Trd, 000011.700, 140
Trd, 000011.950, 158
Trd, 000012.233, 139
Trd, 000012.350, 146
Trd, 000012.667, 163
Trd, 000012.967, 160
Trd, 000014.150, 148
Trd, 000014.417, 147
Trd, 000015.167, 198
Trd, 000015.233, 171
Trd, 000015.400, 151
Trd, 000015.767, 161
Trd, 000016.000, 155
Trd, 000016.333, 146
Trd, 000016.617, 152
Trd, 000018.633, 143
Trd, 000019.700, 173
Trd, 000021.300, 132
Trd, 000022.183, 137
Trd, 000022.833, 153
Trd, 000023.133, 162
Trd, 000023.350, 161
Trd, 000023.833, 162
Trd, 000024.533, 167
Trd, 000025.417, 179
Trd, 000025.483, 121
Trd, 000025.733, 152
Trd, 000025.983, 131
Trd, 000026.500, 146
Trd, 000026.817, 150
Trd, 000027.250, 128
Trd, 000028.183, 158
Trd, 000029.417, 175
Trd, 000030.367, 165
Trd, 000030.917, 200
Trd, 000031.267, 190
Trd, 000031.467, 168
Trd, 000033.483, 170
Trd, 000033.550, 156
Trd, 000036.083, 154
Trd, 000036.133, 167
Trd, 000036.383, 153
Trd, 000036.900, 163
Trd, 000037.617, 169
Trd, 000037.883, 168
Trd, 000038.750, 167
Trd, 000039.267, 141
Trd, 000039.633, 165
Trd, 000040.367, 168
Trd, 000041.517, 166
Trd, 000042.633, 184
Trd, 000043.817, 168
Trd, 000045.900, 193
Trd, 000046.100, 183
Trd, 000046.783, 148
Trd, 000047.983, 153
Trd, 000048.183, 158
Trd, 000048.617, 145
Trd, 000048.783, 143
Trd, 000050.483, 180
Trd, 000051.033, 193
Trd, 000051.233, 186
Trd, 000051.817, 175
Trd, 000052.950, 156
Trd, 000053.550, 153
Trd, 000054.383, 142
Trd, 000055.500, 125
Trd, 000055.817, 153
Trd, 000056.217, 148
Trd, 000056.333, 139
Trd, 000057.483, 177
Trd, 000058.600, 133
Trd, 000059.567, 155
Trd, 000060.617, 187
Trd, 000060.867, 200
Trd, 000061.333, 166
Trd, 000061.967, 152
Trd, 000062.083, 172
Trd, 000062.283, 129
Trd, 000063.667, 145
Trd, 000065.567, 158
Trd, 000065.583, 192
Trd, 000066.100, 149
Trd, 000066.133, 147
Trd, 000067.567, 152
Trd, 000067.950, 157
Trd, 000068.033, 164
Trd, 000068.733, 165
Trd, 000070.533, 116
Trd, 000070.600, 191
Trd, 000070.833, 167
Trd, 000071.100, 164
Trd, 000071.483, 160
Trd, 000072.333, 171
Trd, 000072.567, 163
Trd, 000073.067, 166
Trd, 000075.850, 165
Trd, 000076.267, 161
Trd, 000077.117, 158
Trd, 000078.933, 161
Trd, 000079.117, 165
Trd, 000079.283, 178
Trd, 000080.950, 157
Trd, 000081.267, 184
Trd, 000081.517, 186
Trd, 000082.383, 141
Trd, 000082.417, 150
Trd, 000082.883, 137
Trd, 000085.133, 151
Trd, 000085.583, 187
Trd, 000085.850, 171
Trd, 000086.417, 143
Trd, 000087.583, 177
Trd, 000087.917, 159
Trd, 000087.983, 144
Trd, 000088.067, 142
Trd, 000088.333, 163
Trd, 000088.400, 131
Trd, 000089.933, 160
Trd, 000090.767, 153
Trd, 000091.033, 161
Trd, 000091.517, 136
Trd, 000091.533, 147
Trd, 000092.033, 145
Trd, 000092.850, 175
Trd, 000093.800, 151
Trd, 000094.167, 159
Trd, 000094.517, 174
Trd, 000095.650, 184
Trd, 000096.800, 164
Trd, 000097.317, 151
Trd, 000097.617, 174
Trd, 000098.200, 152
Trd, 000100.700, 168
Trd, 000102.100, 170
Trd, 000102.417, 164
Trd, 000102.550, 171
Trd, 000103.533, 179
Trd, 000104.367, 167
Trd, 000104.617, 160
Trd, 000105.767, 200
Trd, 000106.233, 152
Trd, 000106.433, 154
Trd, 000108.383, 165
Trd, 000109.200, 176
Trd, 000110.950, 173
Trd, 000111.433, 168
Trd, 000111.500, 175
Trd, 000111.533, 174
Trd, 000112.417, 170
Trd, 000113.067, 163
Trd, 000114.083, 176
Trd, 000114.700, 160
Trd, 000115.683, 159
Trd, 000115.967, 186
Trd, 000116.267, 200
Trd, 000116.350, 176
Trd, 000116.633, 155
Trd, 000117.383, 159
Trd, 000118.450, 160
Trd, 000119.717, 172
Trd, 000119.750, 162
Trd, 000120.483, 141
Trd, 000121.900, 197
Trd, 000122.233, 168
Trd, 000122.900, 162
Trd, 000122.983, 161
Trd, 000123.600, 148
Trd, 000123.617, 167
Trd, 000125.267, 170
Trd, 000126.517, 194
Trd, 000126.650, 167
Trd, 000126.983, 185
Trd, 000127.483, 173
Trd, 000128.517, 144
Trd, 000128.950, 143
Trd, 000129.083, 149
Trd, 000130.067, 147
Trd, 000131.300, 154
Trd, 000131.617, 150
Trd, 000132.050, 142
Trd, 000132.283, 154
Trd, 000132.333, 163
Trd, 000133.533, 187
Trd, 000134.350, 166
Trd, 000136.050, 126
Trd, 000136.267, 143
Trd, 000136.967, 181
Trd, 000137.017, 139
Trd, 000137.433, 147
Trd, 000138.833, 174
Trd, 000138.900, 165
Trd, 000139.600, 185
Trd, 000141.183, 167
Trd, 000141.417, 158
Trd, 000141.800, 161
Trd, 000143.433, 155
Trd, 000143.567, 140
Trd, 000144.717, 152
Trd, 000145.550, 166
Trd, 000145.883, 129
Trd, 000146.433, 197
Trd, 000147.767, 174
Trd, 000148.733, 161
Trd, 000149.067, 163
Trd, 000149.083, 173
Trd, 000149.483, 151
Trd, 000150.633, 158
Trd, 000151.033, 156
Trd, 000151.250, 192
Trd, 000152.017, 159
Trd, 000152.083, 151
Trd, 000152.900, 146
Trd, 000153.867, 148
Trd, 000155.250, 152
Trd, 000155.983, 161
Trd, 000156.783, 200
Trd, 000158.183, 167
Trd, 000159.317, 171
Trd, 000161.233, 128
Trd, 000161.833, 177
Trd, 000163.267, 182
Trd, 000163.617, 188
Trd, 000163.933, 163
Trd, 000164.283, 167
Trd, 000164.650, 171
Trd, 000165.633, 178
Trd, 000166.700, 171
Trd, 000166.850, 165
Trd, 000167.100, 173
Trd, 000167.200, 170
Trd, 000167.917, 136
Trd, 000169.933, 177
Trd, 000170.283, 176
Trd, 000171.233, 146
Trd, 000171.283, 195
Trd, 000172.283, 163
Trd, 000172.617, 175
Trd, 000173.167, 162
Trd, 000173.217, 145
Trd, 000174.700, 164
Trd, 000176.500, 137
Trd, 000177.267, 164
Trd, 000177.567, 159
Trd, 000178.500, 142
Trd, 000178.533, 158
Trd, 000179.117, 147
Trd, 000180.433, 181
Trd, 000181.183, 200
Trd, 000181.500, 150
Trd, 000182.450, 153
Trd, 000184.450, 169
Trd, 000185.733, 172
Trd, 000186.733, 187
Trd, 000186.983, 179
Trd, 000187.183, 150
Trd, 000187.933, 156
Trd, 000188.250, 164
Trd, 000188.467, 148
Trd, 000189.633, 147
Trd, 000191.517, 180
Trd, 000191.633, 180
Trd, 000191.783, 141
Trd, 000192.217, 126
Trd, 000192.933, 164
Trd, 000193.567, 140
Trd, 000194.100, 146
Trd, 000196.233, 145
Trd, 000196.617, 195
Trd, 000197.150, 160
Trd, 000197.183, 155
Trd, 000198.133, 180
Trd, 000198.933, 144
Trd, 000199.633, 138
Trd, 000200.883, 160
Trd, 000201.383, 200
Trd, 000201.783, 189
Trd, 000202.633, 161
Trd, 000202.750, 148
Trd, 000202.817, 183
Trd, 000204.167, 159
Trd, 000204.667, 166
Trd, 000206.100, 166
Trd, 000206.417, 154
Trd, 000206.950, 154
Trd, 000206.983, 164
Trd, 000207.500, 187
Trd, 000207.533, 173
Trd, 000208.033, 181
Trd, 000209.600, 152
Trd, 000209.917, 171
Trd, 000211.333, 151
Trd, 000211.500, 154
Trd, 000211.633, 181
Trd, 000212.283, 171
Trd, 000212.500, 165
Trd, 000213.500, 164
Trd, 000213.683, 147
Trd, 000215.567, 179
Trd, 000216.150, 133
Trd, 000216.467, 163
Trd, 000216.500, 169
Trd, 000216.700, 174
Trd, 000217.350, 148
Trd, 000217.883, 158
Trd, 000219.383, 147
Trd, 000221.250, 180
Trd, 000221.350, 180
Trd, 000221.883, 187
Trd, 000221.900, 170
Trd, 000222.500, 161
Trd, 000225.900, 148
Trd, 000226.817, 173
Trd, 000226.917, 159
Trd, 000227.933, 167
Trd, 000228.283, 157
Trd, 000228.817, 156
Trd, 000229.500, 141
Trd, 000230.833, 168
Trd, 000231.033, 152
Trd, 000231.283, 128
Trd, 000231.717, 153
Trd, 000232.067, 154
Trd, 000233.100, 151
Trd, 000233.800, 186
Trd, 000234.867, 156
Trd, 000236.917, 143
Trd, 000236.983, 149
Trd, 000237.100, 130
Trd, 000237.267, 184
Trd, 000237.383, 158
Trd, 000237.600, 143
Trd, 000238.167, 174
Trd, 000239.967, 184
Trd, 000240.383, 148
Trd, 000241.617, 192
Trd, 000242.000, 158
Trd, 000242.450, 179
Trd, 000242.617, 161
Trd, 000243.633, 159
Trd, 000247.033, 133
Trd, 000247.183, 168
Trd, 000247.500, 179
Trd, 000248.650, 197
Trd, 000248.833, 180
Trd, 000249.400, 173
Trd, 000251.600, 195
Trd, 000251.933, 175
Trd, 000252.117, 139
Trd, 000252.283, 166
Trd, 000252.633, 168
Trd, 000253.633, 147
Trd, 000254.000, 148
Trd, 000256.733, 197
Trd, 000256.833, 170
Trd, 000257.350, 161
Trd, 000257.533, 140
Trd, 000258.017, 152
Trd, 000258.750, 162
Trd, 000259.300, 160
Trd, 000259.783, 159
Trd, 000260.467, 159
Trd, 000261.450, 144
Trd, 000262.167, 155
Trd, 000262.217, 167
Trd, 000262.800, 193
Trd, 000264.967, 162
Trd, 000266.617, 182
Trd, 000267.333, 137
Trd, 000267.467, 184
Trd, 000267.783, 143
Trd, 000268.567, 160
Trd, 000268.667, 143
Trd, 000268.950, 154
Trd, 000269.983, 137
Trd, 000270.717, 148
Trd, 000271.350, 153
Trd, 000271.750, 137
Trd, 000271.917, 166
Trd, 000272.233, 165
Trd, 000272.900, 165
Trd, 000274.983, 157
Trd, 000275.317, 165
Trd, 000276.433, 177
Trd, 000276.767, 157
Trd, 000277.100, 167
Trd, 000277.317, 173
Trd, 000278.217, 150
Trd, 000278.350, 126
Trd, 000278.367, 151
Trd, 000278.417, 125
Trd, 000279.850, 142
Trd, 000281.817, 155
Trd, 000282.150, 181
Trd, 000282.917, 147
Trd, 000283.683, 157
Trd, 000283.717, 142
Trd, 000284.883, 166
Trd, 000285.433, 141
Trd, 000285.933, 148
Trd, 000287.033, 148
Trd, 000287.450, 137
Trd, 000287.667, 149
Trd, 000287.850, 151
Trd, 000288.483, 159
Trd, 000288.650, 143
Trd, 000289.833, 143
Trd, 000291.817, 199
Trd, 000291.933, 177
Trd, 000292.533, 163
Trd, 000293.650, 183
Trd, 000295.733, 169
Trd, 000296.333, 159
Trd, 000296.617, 194
Trd, 000296.767, 167
Trd, 000296.933, 126
Trd, 000297.517, 144
Trd, 000297.533, 143
Trd, 000297.850, 199
Trd, 000299.483, 168
