Trd, 000005.717, 136
Trd, 000006.083, 151
Trd, 000006.217, 170
Trd, 000006.283, 148
Trd, 000006.767, 144
Trd, 000006.917, 172
Trd, 000007.583, 133
Trd, 000007.633, 128
Trd, 000010.667, 150
Trd, 000010.833, 180
Trd, 000011.583, 186
Trd, 000011.600, 179
Trd, 000011.817, 151
Trd, 000012.217, 144
Trd, 000012.400, 153
Trd, 000015.483, 144
Trd, 000016.000, 176
Trd, 000017.017, 192
Trd, 000017.817, 163
Trd, 000020.433, 169
Trd, 000021.183, 151
Trd, 000021.433, 171
Trd, 000021.517, 173
Trd, 000021.583, 182
Trd, 000022.617, 151
Trd, 000022.833, 176
Trd, 000022.900, 140
Trd, 000023.583, 138
Trd, 000024.317, 155
Trd, 000025.683, 154
Trd, 000025.700, 173
Trd, 000025.950, 178
Trd, 000026.133, 153
Trd, 000026.833, 165
Trd, 000027.300, 120
Trd, 000028.133, 154
Trd, 000028.467, 166
Trd, 000030.833, 163
Trd, 000030.950, 163
Trd, 000031.067, 156
Trd, 000031.650, 137
Trd, 000031.867, 140
Trd, 000032.867, 150
Trd, 000034.217, 156
Trd, 000035.083, 146
Trd, 000035.283, 153
Trd, 000035.567, 177
Trd, 000035.800, 152
Trd, 000036.600, 172
Trd, 000037.133, 169
Trd, 000038.717, 145
Trd, 000040.667, 162
Trd, 000041.067, 174
Trd, 000041.250, 172
Trd, 000041.450, 167
Trd, 000042.100, 148
Trd, 000043.667, 183
Trd, 000043.950, 177
Trd, 000045.450, 167
Trd, 000046.117, 167
Trd, 000046.633, 172
Trd, 000046.983, 151
Trd, 000047.300, 174
Trd, 000047.967, 158
Trd, 000048.533, 152
Trd, 000048.767, 148
Trd, 000048.900, 155
Trd, 000049.867, 153
Trd, 000050.033, 164
Trd, 000050.850, 156
Trd, 000050.950, 174
Trd, 000051.283, 172
Trd, 000051.367, 184
Trd, 000052.100, 175
Trd, 000052.700, 167
Trd, 000055.800, 146
Trd, 000055.817, 144
Trd, 000056.417, 172
Trd, 000056.500, 168
Trd, 000056.817, 156
Trd, 000057.550, 169
Trd, 000058.683, 161
Trd, 000060.083, 171
Trd, 000060.867, 188
Trd, 000061.583, 170
Trd, 000062.017, 162
Trd, 000062.450, 177
Trd, 000062.683, 151
Trd, 000063.467, 151
Trd, 000063.883, 162
Trd, 000064.583, 142
Trd, 000064.733, 153
Trd, 000065.433, 159
Trd, 000065.900, 177
Trd, 000066.000, 189
Trd, 000067.600, 154
Trd, 000068.367, 165
Trd, 000068.983, 143
Trd, 000069.800, 157
Trd, 000071.100, 151
Trd, 000072.517, 177
Trd, 000072.683, 154
Trd, 000073.133, 185
Trd, 000073.233, 166
Trd, 000073.317, 175
Trd, 000073.567, 154
Trd, 000074.300, 147
Trd, 000074.900, 138
Trd, 000077.000, 171
Trd, 000077.383, 157
Trd, 000078.750, 158
Trd, 000079.317, 168
Trd, 000080.250, 165
Trd, 000081.167, 175
Trd, 000081.450, 150
Trd, 000083.017, 147
Trd, 000084.250, 161
Trd, 000084.267, 176
Trd, 000084.433, 153
Trd, 000085.767, 191
Trd, 000085.800, 174
Trd, 000086.300, 150
Trd, 000087.100, 137
Trd, 000087.917, 149
Trd, 000088.817, 145
Trd, 000091.533, 186
Trd, 000091.567, 173
Trd, 000091.733, 179
Trd, 000092.300, 159
Trd, 000092.483, 152
Trd, 000093.383, 147
Trd, 000094.000, 146
Trd, 000094.067, 168
Trd, 000094.367, 170
Trd, 000095.733, 187
Trd, 000096.017, 179
Trd, 000096.350, 158
Trd, 000096.883, 177
Trd, 000097.250, 163
Trd, 000097.400, 184
Trd, 000098.100, 185
Trd, 000098.533, 181
Trd, 000100.817, 188
Trd, 000100.883, 145
Trd, 000101.433, 147
Trd, 000101.800, 172
Trd, 000101.850, 179
Trd, 000102.733, 145
Trd, 000103.167, 160
Trd, 000104.000, 165
Trd, 000104.417, 143
Trd, 000105.783, 185
Trd, 000106.150, 176
Trd, 000107.533, 192
Trd, 000109.267, 172
Trd, 000109.467, 163
Trd, 000109.900, 154
Trd, 000110.050, 148
Trd, 000110.300, 162
Trd, 000111.017, 173
Trd, 000111.050, 148
Trd, 000111.583, 148
Trd, 000112.633, 140
Trd, 000112.650, 149
Trd, 000113.300, 161
Trd, 000113.650, 154
Trd, 000115.867, 165
Trd, 000116.967, 169
Trd, 000117.300, 183
Trd, 000117.417, 183
Trd, 000119.483, 151
Trd, 000121.133, 191
Trd, 000122.133, 157
Trd, 000122.600, 149
Trd, 000122.800, 140
Trd, 000125.917, 167
Trd, 000126.383, 145
Trd, 000126.400, 162
Trd, 000127.217, 180
Trd, 000127.717, 164
Trd, 000128.283, 159
Trd, 000129.533, 153
Trd, 000131.150, 156
Trd, 000131.367, 156
Trd, 000131.450, 175
Trd, 000132.433, 160
Trd, 000132.817, 151
Trd, 000134.567, 167
Trd, 000136.300, 173
Trd, 000136.917, 193
Trd, 000137.450, 182
Trd, 000137.517, 179
Trd, 000138.117, 186
Trd, 000138.933, 158
Trd, 000141.700, 171
Trd, 000142.883, 178
Trd, 000143.483, 163
Trd, 000144.400, 177
Trd, 000144.717, 162
Trd, 000144.783, 157
Trd, 000145.233, 148
Trd, 000146.117, 173
Trd, 000146.217, 167
Trd, 000146.583, 155
Trd, 000147.333, 176
Trd, 000148.133, 156
Trd, 000149.133, 165
Trd, 000149.467, 166
Trd, 000151.150, 156
Trd, 000151.283, 168
Trd, 000152.017, 150
Trd, 000152.300, 144
Trd, 000155.083, 149
Trd, 000155.400, 167
Trd, 000156.000, 123
Trd, 000156.050, 136
Trd, 000156.267, 179
Trd, 000157.467, 161
Trd, 000158.233, 159
Trd, 000159.650, 162
Trd, 000160.433, 172
Trd, 000160.517, 154
Trd, 000161.500, 188
Trd, 000162.117, 177
Trd, 000162.433, 155
Trd, 000163.433, 142
Trd, 000164.017, 145
Trd, 000165.333, 157
Trd, 000165.483, 153
Trd, 000166.267, 173
Trd, 000166.900, 172
Trd, 000167.133, 154
Trd, 000168.117, 178
Trd, 000168.267, 158
Trd, 000168.933, 161
Trd, 000170.200, 165
Trd, 000171.267, 189
Trd, 000172.850, 172
Trd, 000172.917, 157
Trd, 000173.150, 151
Trd, 000174.583, 166
Trd, 000175.333, 161
Trd, 000175.817, 154
Trd, 000176.250, 179
Trd, 000176.300, 154
Trd, 000177.433, 179
Trd, 000178.267, 181
Trd, 000178.933, 169
Trd, 000179.450, 163
Trd, 000181.883, 154
Trd, 000183.067, 146
Trd, 000184.117, 149
Trd, 000185.050, 166
Trd, 000185.950, 165
Trd, 000186.133, 143
Trd, 000186.700, 156
Trd, 000186.833, 187
Trd, 000187.483, 167
Trd, 000188.300, 162
Trd, 000188.767, 173
Trd, 000189.433, 152
Trd, 000191.433, 131
Trd, 000192.533, 183
Trd, 000192.650, 182
Trd, 000193.867, 174
Trd, 000193.883, 155
Trd, 000194.483, 167
Trd, 000197.100, 186
Trd, 000197.817, 177
Trd, 000197.867, 165
Trd, 000198.117, 169
Trd, 000198.467, 148
Trd, 000198.883, 183
Trd, 000200.133, 164
Trd, 000201.200, 155
Trd, 000202.133, 190
Trd, 000204.567, 181
Trd, 000205.267, 176
Trd, 000205.700, 171
Trd, 000206.583, 188
Trd, 000206.750, 166
Trd, 000207.017, 163
Trd, 000207.617, 156
Trd, 000207.633, 172
Trd, 000208.667, 150
Trd, 000208.967, 162
Trd, 000211.567, 160
Trd, 000211.683, 163
Trd, 000212.300, 150
Trd, 000212.717, 168
Trd, 000214.100, 169
Trd, 000215.067, 172
Trd, 000216.300, 145
Trd, 000216.600, 142
Trd, 000216.683, 175
Trd, 000217.650, 169
Trd, 000218.433, 155
Trd, 000219.350, 143
Trd, 000220.250, 163
Trd, 000221.417, 154
Trd, 000221.600, 190
Trd, 000222.167, 194
Trd, 000223.333, 159
Trd, 000224.300, 155
Trd, 000224.517, 149
Trd, 000224.700, 141
Trd, 000225.283, 149
Trd, 000226.250, 137
Trd, 000226.483, 173
Trd, 000226.867, 176
Trd, 000227.450, 179
Trd, 000230.550, 158
Trd, 000230.800, 167
Trd, 000230.933, 153
Trd, 000231.650, 158
Trd, 000232.083, 163
Trd, 000232.117, 168
Trd, 000233.550, 130
Trd, 000233.633, 136
Trd, 000235.183, 146
Trd, 000235.600, 156
Trd, 000236.333, 167
Trd, 000236.350, 155
Trd, 000236.383, 149
Trd, 000237.250, 175
Trd, 000238.717, 159
Trd, 000240.383, 154
Trd, 000241.983, 150
Trd, 000242.483, 174
Trd, 000243.083, 173
Trd, 000243.850, 170
Trd, 000243.867, 152
Trd, 000244.867, 159
Trd, 000246.100, 141
Trd, 000246.683, 183
Trd, 000248.017, 178
Trd, 000248.400, 168
Trd, 000248.800, 197
Trd, 000249.183, 154
Trd, 000250.100, 145
Trd, 000250.433, 150
Trd, 000251.167, 131
Trd, 000251.267, 161
Trd, 000252.300, 161
Trd, 000252.450, 154
Trd, 000252.533, 174
Trd, 000253.817, 149
Trd, 000255.133, 145
Trd, 000255.267, 147
Trd, 000256.567, 185
Trd, 000256.900, 177
Trd, 000259.617, 178
Trd, 000259.833, 179
Trd, 000259.867, 146
Trd, 000260.700, 164
Trd, 000260.950, 152
Trd, 000261.050, 147
Trd, 000261.850, 154
Trd, 000263.017, 166
Trd, 000263.733, 148
Trd, 000264.800, 154
Trd, 000265.583, 156
Trd, 000265.833, 150
Trd, 000266.017, 150
Trd, 000266.600, 158
Trd, 000266.633, 181
Trd, 000267.267, 150
Trd, 000267.350, 181
Trd, 000267.750, 136
Trd, 000268.200, 151
Trd, 000268.383, 152
Trd, 000269.700, 137
Trd, 000270.450, 146
Trd, 000270.533, 147
Trd, 000270.750, 158
Trd, 000272.733, 175
Trd, 000273.033, 175
Trd, 000273.633, 164
Trd, 000275.533, 147
Trd, 000275.917, 146
Trd, 000276.750, 169
Trd, 000277.333, 164
Trd, 000277.517, 194
Trd, 000277.683, 154
Trd, 000279.683, 176
Trd, 000280.167, 173
Trd, 000280.367, 140
Trd, 000281.317, 146
Trd, 000282.433, 175
Trd, 000283.183, 162
Trd, 000283.300, 175
Trd, 000283.800, 179
Trd, 000284.667, 170
Trd, 000284.767, 168
Trd, 000286.467, 149
Trd, 000286.633, 156
Trd, 000286.650, 154
Trd, 000289.950, 145
Trd, 000292.150, 168
Trd, 000292.717, 163
Trd, 000294.233, 148
Trd, 000294.583, 152
Trd, 000294.717, 139
Trd, 000295.967, 140
Trd, 000296.583, 160
Trd, 000297.067, 155
Trd, 000298.167, 167
Trd, 000298.333, 157
Trd, 000298.567, 171
Trd, 000298.817, 177
