Trd, 000005.717, 156
Trd, 000006.067, 153
Trd, 000006.133, 150
Trd, 000006.217, 148
Trd, 000006.650, 142
Trd, 000006.767, 147
Trd, 000008.200, 146
Trd, 000009.950, 148
Trd, 000010.500, 170
Trd, 000011.017, 139
Trd, 000011.550, 157
Trd, 000012.617, 161
Trd, 000013.433, 144
Trd, 000014.433, 132
Trd, 000014.950, 142
Trd, 000015.017, 127
Trd, 000015.517, 156
Trd, 000016.150, 153
Trd, 000016.567, 161
Trd, 000017.600, 155
Trd, 000018.283, 153
Trd, 000019.033, 135
Trd, 000019.600, 137
Trd, 000021.200, 141
Trd, 000021.500, 139
Trd, 000024.000, 142
Trd, 000025.733, 184
Trd, 000026.150, 165
Trd, 000026.317, 153
Trd, 000026.433, 152
Trd, 000028.183, 147
Trd, 000029.983, 135
Trd, 000030.483, 158
Trd, 000031.283, 146
Trd, 000031.867, 149
Trd, 000031.883, 143
Trd, 000033.967, 144
Trd, 000034.217, 135
Trd, 000035.967, 146
Trd, 000036.683, 145
Trd, 000038.200, 141
Trd, 000038.250, 147
Trd, 000040.383, 181
Trd, 000041.867, 165
Trd, 000043.900, 174
Trd, 000044.283, 149
Trd, 000044.883, 147
Trd, 000046.183, 172
Trd, 000046.667, 147
Trd, 000047.483, 145
Trd, 000047.533, 142
Trd, 000047.550, 131
Trd, 000047.767, 169
Trd, 000048.533, 162
Trd, 000050.167, 159
Trd, 000050.867, 128
Trd, 000051.883, 139
Trd, 000051.983, 123
Trd, 000052.300, 159
Trd, 000054.800, 141
Trd, 000054.967, 163
Trd, 000056.400, 147
Trd, 000056.417, 137
Trd, 000057.483, 156
Trd, 000057.933, 150
Trd, 000059.633, 144
Trd, 000059.967, 163
Trd, 000060.317, 143
Trd, 000060.800, 175
Trd, 000061.883, 186
Trd, 000062.050, 184
Trd, 000062.717, 162
Trd, 000064.683, 138
Trd, 000065.767, 152
Trd, 000066.017, 138
Trd, 000066.700, 122
Trd, 000067.100, 120
Trd, 000067.300, 147
Trd, 000068.717, 136
Trd, 000070.000, 148
Trd, 000071.067, 142
Trd, 000071.267, 143
Trd, 000073.383, 152
Trd, 000073.733, 150
Trd, 000074.467, 167
Trd, 000074.883, 160
Trd, 000076.100, 170
Trd, 000076.200, 144
Trd, 000076.417, 171
Trd, 000076.733, 125
Trd, 000077.850, 168
Trd, 000079.933, 146
Trd, 000080.867, 170
Trd, 000082.933, 159
Trd, 000084.583, 153
Trd, 000084.733, 150
Trd, 000084.967, 180
Trd, 000085.917, 152
Trd, 000088.000, 160
Trd, 000088.517, 162
Trd, 000088.667, 155
Trd, 000090.117, 145
Trd, 000090.217, 141
Trd, 000091.950, 176
Trd, 000092.183, 159
Trd, 000092.733, 156
Trd, 000094.000, 146
Trd, 000094.317, 143
Trd, 000095.000, 146
Trd, 000095.933, 136
Trd, 000097.667, 167
Trd, 000098.550, 168
Trd, 000099.600, 148
Trd, 000099.967, 148
Trd, 000100.267, 147
Trd, 000101.633, 163
Trd, 000102.467, 160
Trd, 000103.200, 181
Trd, 000104.783, 159
Trd, 000104.883, 159
Trd, 000107.250, 166
Trd, 000108.550, 169
Trd, 000109.433, 147
Trd, 000111.050, 172
Trd, 000112.050, 143
Trd, 000113.467, 171
Trd, 000114.167, 148
Trd, 000114.600, 147
Trd, 000116.233, 144
Trd, 000116.417, 148
Trd, 000116.433, 156
Trd, 000117.850, 148
Trd, 000118.200, 127
Trd, 000121.583, 131
Trd, 000122.017, 150
Trd, 000123.050, 167
Trd, 000123.550, 176
Trd, 000124.100, 147
Trd, 000124.433, 172
Trd, 000126.617, 123
Trd, 000126.917, 130
Trd, 000126.983, 176
Trd, 000127.600, 147
Trd, 000129.200, 163
Trd, 000131.583, 143
Trd, 000133.683, 148
Trd, 000133.700, 145
Trd, 000134.517, 170
Trd, 000136.567, 159
Trd, 000137.383, 165
Trd, 000138.017, 160
Trd, 000139.833, 138
Trd, 000140.617, 148
Trd, 000141.267, 112
Trd, 000141.283, 126
Trd, 000142.283, 126
Trd, 000143.750, 170
Trd, 000144.083, 147
Trd, 000144.567, 190
Trd, 000146.200, 145
Trd, 000146.250, 154
Trd, 000147.550, 139
Trd, 000147.750, 171
Trd, 000148.467, 146
Trd, 000149.483, 143
Trd, 000150.600, 172
Trd, 000151.783, 145
Trd, 000152.150, 136
Trd, 000152.250, 157
Trd, 000152.267, 134
Trd, 000152.483, 134
Trd, 000153.017, 150
Trd, 000156.433, 176
Trd, 000156.567, 160
Trd, 000157.400, 135
Trd, 000158.433, 192
Trd, 000159.200, 161
Trd, 000161.650, 130
Trd, 000162.567, 136
Trd, 000163.900, 127
Trd, 000164.433, 145
Trd, 000165.083, 122
Trd, 000165.250, 137
Trd, 000166.583, 160
Trd, 000167.983, 167
Trd, 000170.183, 162
Trd, 000170.850, 137
Trd, 000171.800, 154
Trd, 000172.517, 157
Trd, 000174.917, 161
Trd, 000177.283, 188
Trd, 000177.533, 182
Trd, 000177.983, 164
Trd, 000178.317, 152
Trd, 000178.433, 147
Trd, 000181.217, 137
Trd, 000181.533, 142
Trd, 000181.583, 143
Trd, 000182.300, 156
Trd, 000183.183, 126
Trd, 000184.333, 160
Trd, 000185.183, 162
Trd, 000185.317, 138
Trd, 000185.550, 136
Trd, 000186.117, 124
Trd, 000186.317, 102
Trd, 000186.983, 125
Trd, 000187.700, 134
Trd, 000188.817, 160
Trd, 000190.267, 144
Trd, 000192.667, 155
Trd, 000193.200, 162
Trd, 000194.433, 162
Trd, 000197.117, 148
Trd, 000197.983, 133
Trd, 000199.000, 151
Trd, 000200.250, 152
Trd, 000200.283, 137
Trd, 000203.033, 155
Trd, 000203.500, 165
Trd, 000204.150, 171
Trd, 000204.817, 143
Trd, 000206.967, 151
Trd, 000207.633, 163
Trd, 000207.983, 153
Trd, 000210.067, 159
Trd, 000211.333, 140
Trd, 000212.333, 169
Trd, 000213.650, 154
Trd, 000214.667, 162
Trd, 000214.867, 159
Trd, 000216.433, 128
Trd, 000217.050, 149
Trd, 000217.233, 144
Trd, 000219.967, 150
Trd, 000220.000, 185
Trd, 000220.250, 136
Trd, 000221.583, 130
Trd, 000221.800, 131
Trd, 000223.317, 163
Trd, 000223.633, 165
Trd, 000224.883, 161
Trd, 000226.750, 129
Trd, 000227.967, 162
Trd, 000228.133, 177
Trd, 000228.150, 153
Trd, 000229.400, 152
Trd, 000231.900, 173
Trd, 000232.283, 165
Trd, 000233.800, 167
Trd, 000233.833, 161
Trd, 000236.217, 137
Trd, 000236.600, 168
Trd, 000236.883, 148
Trd, 000237.233, 170
Trd, 000238.933, 134
Trd, 000239.200, 155
Trd, 000241.350, 154
Trd, 000242.867, 172
Trd, 000243.483, 148
Trd, 000244.083, 153
Trd, 000245.850, 137
Trd, 000246.867, 133
Trd, 000246.933, 176
Trd, 000248.250, 145
Trd, 000248.333, 157
Trd, 000249.033, 136
Trd, 000249.100, 133
Trd, 000250.083, 160
Trd, 000252.433, 156
Trd, 000252.667, 178
Trd, 000254.833, 147
Trd, 000255.917, 166
Trd, 000256.467, 143
Trd, 000257.317, 127
Trd, 000258.583, 146
Trd, 000259.867, 135
Trd, 000260.050, 150
Trd, 000261.233, 166
Trd, 000262.383, 160
Trd, 000262.550, 147
Trd, 000262.700, 146
Trd, 000263.200, 190
Trd, 000264.650, 158
Trd, 000265.767, 150
Trd, 000266.717, 137
Trd, 000267.050, 148
Trd, 000269.250, 156
Trd, 000269.850, 172
Trd, 000270.250, 144
Trd, 000270.383, 141
Trd, 000270.833, 180
Trd, 000272.050, 151
Trd, 000272.250, 145
Trd, 000273.400, 150
Trd, 000273.933, 144
Trd, 000274.183, 148
Trd, 000274.300, 153
Trd, 000276.283, 152
Trd, 000276.967, 151
Trd, 000279.583, 144
Trd, 000280.600, 133
Trd, 000282.667, 153
Trd, 000283.617, 159
Trd, 000283.983, 161
Trd, 000286.167, 154
Trd, 000286.583, 114
Trd, 000287.350, 191
Trd, 000288.500, 147
Trd, 000290.217, 150
Trd, 000290.783, 154
Trd, 000291.433, 135
Trd, 000291.783, 180
Trd, 000293.500, 147
Trd, 000295.583, 161
Trd, 000296.367, 145
Trd, 000296.617, 137
Trd, 000297.050, 178
Trd, 000297.167, 160
Trd, 000298.400, 144
Trd, 000299.817, 138
