Trd, 000005.167, 117
Trd, 000005.250, 145
Trd, 000005.533, 149
Trd, 000005.967, 154
Trd, 000006.017, 164
Trd, 000006.083, 138
Trd, 000006.767, 149
Trd, 000006.850, 125
Trd, 000009.417, 151
Trd, 000010.467, 183
Trd, 000010.733, 157
Trd, 000010.800, 146
Trd, 000011.050, 140
Trd, 000011.717, 135
Trd, 000013.250, 168
Trd, 000013.467, 168
Trd, 000013.900, 158
Trd, 000014.083, 147
Trd, 000015.267, 145
Trd, 000016.033, 152
Trd, 000016.350, 169
Trd, 000018.100, 149
Trd, 000018.300, 142
Trd, 000018.600, 138
Trd, 000019.083, 133
Trd, 000019.600, 148
Trd, 000020.117, 158
Trd, 000020.283, 193
Trd, 000020.433, 129
Trd, 000020.950, 128
Trd, 000021.500, 158
Trd, 000022.083, 179
Trd, 000022.333, 187
Trd, 000023.633, 144
Trd, 000023.717, 185
Trd, 000025.417, 167
Trd, 000025.967, 186
Trd, 000026.367, 183
Trd, 000026.583, 159
Trd, 000027.700, 150
Trd, 000028.617, 149
Trd, 000030.317, 186
Trd, 000030.450, 143
Trd, 000030.517, 155
Trd, 000030.917, 139
Trd, 000031.100, 144
Trd, 000034.000, 155
Trd, 000034.400, 142
Trd, 000035.133, 148
Trd, 000035.283, 136
Trd, 000035.667, 146
Trd, 000035.683, 149
Trd, 000036.300, 147
Trd, 000036.367, 163
Trd, 000036.883, 152
Trd, 000037.283, 173
Trd, 000037.533, 164
Trd, 000040.783, 127
Trd, 000040.850, 130
Trd, 000041.050, 146
Trd, 000041.200, 163
Trd, 000042.100, 151
Trd, 000043.117, 167
Trd, 000043.517, 158
Trd, 000045.083, 187
Trd, 000045.600, 181
Trd, 000045.700, 164
Trd, 000046.283, 163
Trd, 000046.367, 156
Trd, 000047.033, 174
Trd, 000047.350, 178
Trd, 000047.433, 182
Trd, 000049.933, 163
Trd, 000050.417, 119
Trd, 000050.450, 146
Trd, 000050.883, 135
Trd, 000051.283, 152
Trd, 000051.417, 149
Trd, 000051.483, 184
Trd, 000053.250, 137
Trd, 000054.400, 168
Trd, 000055.517, 142
Trd, 000055.750, 188
Trd, 000055.783, 173
Trd, 000056.267, 143
Trd, 000056.350, 134
Trd, 000056.533, 134
Trd, 000056.817, 147
Trd, 000059.933, 144
Trd, 000060.900, 137
Trd, 000061.317, 146
Trd, 000061.583, 167
Trd, 000061.850, 127
Trd, 000062.217, 149
Trd, 000062.333, 146
Trd, 000063.817, 172
Trd, 000065.400, 140
Trd, 000065.600, 119
Trd, 000065.617, 136
Trd, 000065.867, 147
Trd, 000067.633, 164
Trd, 000068.167, 176
Trd, 000068.767, 169
Trd, 000068.983, 163
Trd, 000069.383, 160
Trd, 000069.917, 161
Trd, 000070.617, 189
Trd, 000070.750, 144
Trd, 000070.817, 141
Trd, 000071.600, 190
Trd, 000072.283, 153
Trd, 000073.533, 164
Trd, 000074.850, 172
Trd, 000075.150, 164
Trd, 000075.650, 137
Trd, 000075.883, 143
Trd, 000076.200, 137
Trd, 000076.550, 171
Trd, 000077.117, 121
Trd, 000077.250, 180
Trd, 000077.483, 114
Trd, 000077.933, 182
Trd, 000078.883, 147
Trd, 000079.833, 179
Trd, 000080.567, 145
Trd, 000081.000, 182
Trd, 000081.817, 165
Trd, 000081.883, 152
Trd, 000082.267, 169
Trd, 000082.950, 166
Trd, 000083.567, 173
Trd, 000084.067, 132
Trd, 000084.100, 129
Trd, 000085.550, 128
Trd, 000085.667, 190
Trd, 000086.217, 163
Trd, 000086.550, 156
Trd, 000088.283, 166
Trd, 000088.950, 143
Trd, 000089.050, 177
Trd, 000089.550, 181
Trd, 000089.767, 150
Trd, 000089.883, 137
Trd, 000089.983, 168
Trd, 000090.650, 146
Trd, 000090.850, 152
Trd, 000090.933, 171
Trd, 000091.333, 185
Trd, 000091.933, 151
Trd, 000092.033, 148
Trd, 000093.267, 161
Trd, 000095.800, 129
Trd, 000096.033, 129
Trd, 000096.117, 142
Trd, 000096.550, 152
Trd, 000097.100, 148
Trd, 000098.950, 178
Trd, 000099.550, 158
Trd, 000101.033, 142
Trd, 000101.133, 138
Trd, 000101.233, 142
Trd, 000101.650, 152
Trd, 000101.883, 155
Trd, 000102.133, 152
Trd, 000102.783, 154
Trd, 000105.017, 156
Trd, 000105.317, 144
Trd, 000105.767, 119
Trd, 000106.217, 161
Trd, 000106.367, 144
Trd, 000106.517, 137
Trd, 000106.550, 182
Trd, 000110.467, 157
Trd, 000111.017, 188
Trd, 000111.217, 167
Trd, 000111.367, 157
Trd, 000111.633, 158
Trd, 000113.050, 149
Trd, 000113.517, 155
Trd, 000114.500, 159
Trd, 000115.417, 183
Trd, 000115.800, 191
Trd, 000116.567, 183
Trd, 000116.700, 160
Trd, 000116.833, 158
Trd, 000117.200, 182
Trd, 000118.083, 161
Trd, 000118.617, 166
Trd, 000121.083, 171
Trd, 000121.567, 181
Trd, 000121.783, 160
Trd, 000121.950, 151
Trd, 000123.300, 158
Trd, 000125.217, 154
Trd, 000125.950, 128
Trd, 000126.050, 130
Trd, 000126.067, 133
Trd, 000126.400, 154
Trd, 000128.050, 168
Trd, 000130.183, 184
Trd, 000130.917, 143
Trd, 000131.150, 160
Trd, 000131.917, 183
Trd, 000132.983, 152
Trd, 000133.967, 182
Trd, 000134.000, 153
Trd, 000136.350, 191
Trd, 000137.000, 149
Trd, 000137.017, 158
Trd, 000137.250, 147
Trd, 000137.567, 144
Trd, 000138.017, 144
Trd, 000138.333, 169
Trd, 000139.050, 167
Trd, 000140.000, 151
Trd, 000140.267, 138
Trd, 000140.983, 134
Trd, 000141.317, 144
Trd, 000141.517, 137
Trd, 000141.983, 168
Trd, 000142.883, 168
Trd, 000143.250, 143
Trd, 000144.067, 174
Trd, 000145.067, 140
Trd, 000145.467, 139
Trd, 000146.067, 167
Trd, 000146.200, 176
Trd, 000147.267, 159
Trd, 000147.450, 174
Trd, 000147.783, 171
Trd, 000148.667, 149
Trd, 000151.483, 189
Trd, 000152.117, 172
Trd, 000152.200, 165
Trd, 000152.550, 140
Trd, 000152.600, 136
Trd, 000153.183, 155
Trd, 000153.250, 182
Trd, 000155.967, 126
Trd, 000156.050, 130
Trd, 000157.183, 193
Trd, 000158.483, 156
Trd, 000159.117, 138
Trd, 000159.600, 166
Trd, 000160.167, 163
Trd, 000161.333, 192
Trd, 000161.350, 175
Trd, 000161.467, 140
Trd, 000161.983, 152
Trd, 000163.250, 158
Trd, 000163.700, 168
Trd, 000166.367, 144
Trd, 000166.417, 142
Trd, 000167.200, 171
Trd, 000167.683, 172
Trd, 000168.433, 151
Trd, 000168.450, 153
Trd, 000170.650, 171
Trd, 000171.050, 126
Trd, 000171.350, 193
Trd, 000171.800, 166
Trd, 000172.433, 170
Trd, 000172.467, 147
Trd, 000173.200, 165
Trd, 000174.550, 145
Trd, 000176.850, 177
Trd, 000177.017, 153
Trd, 000177.050, 148
Trd, 000177.833, 149
Trd, 000178.883, 147
Trd, 000179.750, 148
Trd, 000180.067, 169
Trd, 000181.383, 191
Trd, 000181.667, 143
Trd, 000181.917, 137
Trd, 000182.233, 136
Trd, 000182.300, 134
Trd, 000183.583, 168
Trd, 000184.083, 171
Trd, 000186.150, 154
Trd, 000186.483, 154
Trd, 000186.567, 144
Trd, 000187.333, 190
Trd, 000188.200, 170
Trd, 000189.117, 154
Trd, 000191.100, 161
Trd, 000191.667, 141
Trd, 000192.833, 177
Trd, 000193.100, 163
Trd, 000193.533, 150
Trd, 000194.183, 153
Trd, 000195.450, 161
Trd, 000195.933, 158
Trd, 000196.883, 155
Trd, 000197.583, 157
Trd, 000197.983, 164
Trd, 000198.467, 158
Trd, 000198.767, 136
Trd, 000200.067, 164
Trd, 000200.567, 152
Trd, 000200.933, 152
Trd, 000201.267, 156
Trd, 000201.533, 137
Trd, 000201.850, 169
Trd, 000202.283, 156
Trd, 000202.800, 185
Trd, 000203.283, 182
Trd, 000206.483, 129
Trd, 000206.600, 129
Trd, 000206.733, 130
Trd, 000207.217, 192
Trd, 000207.533, 167
Trd, 000208.133, 167
Trd, 000208.267, 165
Trd, 000209.217, 170
Trd, 000211.083, 146
Trd, 000211.167, 168
Trd, 000211.533, 184
Trd, 000212.083, 183
Trd, 000212.133, 173
Trd, 000213.000, 181
Trd, 000213.233, 162
Trd, 000214.233, 146
Trd, 000216.217, 129
Trd, 000216.533, 145
Trd, 000216.800, 131
Trd, 000217.000, 138
Trd, 000217.350, 170
Trd, 000219.300, 184
Trd, 000220.750, 157
Trd, 000221.617, 146
Trd, 000221.833, 141
Trd, 000222.200, 136
Trd, 000222.250, 154
Trd, 000224.050, 142
Trd, 000225.117, 137
Trd, 000226.200, 192
Trd, 000226.350, 145
Trd, 000226.433, 168
Trd, 000226.800, 163
Trd, 000228.283, 144
Trd, 000228.383, 142
Trd, 000229.167, 153
Trd, 000229.533, 161
Trd, 000231.467, 139
Trd, 000231.917, 165
Trd, 000232.100, 142
Trd, 000232.450, 154
Trd, 000233.083, 168
Trd, 000235.367, 147
Trd, 000235.400, 149
Trd, 000236.300, 137
Trd, 000236.450, 141
Trd, 000236.983, 149
Trd, 000238.067, 148
Trd, 000239.500, 172
Trd, 000239.550, 130
Trd, 000241.533, 185
Trd, 000241.800, 165
Trd, 000241.983, 139
Trd, 000242.317, 149
Trd, 000242.983, 152
Trd, 000243.367, 184
Trd, 000244.800, 145
Trd, 000245.617, 137
Trd, 000246.417, 135
Trd, 000246.617, 182
Trd, 000247.300, 154
Trd, 000247.667, 153
Trd, 000248.100, 141
Trd, 000248.983, 188
Trd, 000249.400, 173
Trd, 000250.683, 182
Trd, 000251.533, 128
Trd, 000251.550, 135
Trd, 000251.900, 125
Trd, 000252.017, 142
Trd, 000253.467, 165
Trd, 000254.767, 149
Trd, 000255.317, 180
Trd, 000255.933, 180
Trd, 000256.367, 190
Trd, 000256.767, 178
Trd, 000256.833, 165
Trd, 000257.150, 144
Trd, 000257.283, 145
Trd, 000258.683, 186
Trd, 000260.133, 189
Trd, 000260.833, 161
Trd, 000261.850, 169
Trd, 000261.900, 155
Trd, 000262.183, 155
Trd, 000262.283, 144
Trd, 000262.367, 168
Trd, 000262.633, 155
Trd, 000264.017, 180
Trd, 000265.017, 143
Trd, 000266.500, 148
Trd, 000266.783, 154
Trd, 000267.233, 159
Trd, 000267.650, 175
Trd, 000268.133, 180
Trd, 000268.150, 176
Trd, 000269.217, 184
Trd, 000270.217, 143
Trd, 000271.750, 168
Trd, 000272.083, 160
Trd, 000272.150, 140
Trd, 000272.250, 144
Trd, 000272.933, 174
Trd, 000273.983, 155
Trd, 000274.500, 144
Trd, 000276.467, 141
Trd, 000276.733, 161
Trd, 000277.033, 186
Trd, 000277.150, 177
Trd, 000278.900, 156
Trd, 000279.933, 146
Trd, 000281.667, 132
Trd, 000281.850, 144
Trd, 000282.100, 181
Trd, 000282.667, 176
Trd, 000283.417, 168
Trd, 000285.150, 149
Trd, 000286.617, 132
Trd, 000286.933, 114
Trd, 000287.250, 166
Trd, 000287.683, 180
Trd, 000287.933, 174
Trd, 000288.917, 143
Trd, 000288.983, 120
Trd, 000291.567, 140
Trd, 000292.983, 142
Trd, 000293.083, 147
Trd, 000293.967, 152
Trd, 000294.967, 167
Trd, 000295.467, 155
Trd, 000296.933, 182
Trd, 000297.017, 154
Trd, 000297.217, 149
Trd, 000298.767, 183
Trd, 000299.000, 180
Trd, 000299.067, 148
Trd, 000299.133, 144
Trd, 000299.483, 152
Trd, 000299.850, 134
