Trd, 000005.300, 157
Trd, 000005.433, 151
Trd, 000005.950, 151
Trd, 000005.983, 149
Trd, 000006.083, 161
Trd, 000006.333, 165
Trd, 000006.517, 147
Trd, 000006.817, 141
Trd, 000009.717, 164
Trd, 000009.817, 158
Trd, 000011.350, 191
Trd, 000012.067, 164
Trd, 000012.133, 162
Trd, 000013.417, 165
Trd, 000014.933, 165
Trd, 000015.150, 107
Trd, 000015.200, 165
Trd, 000015.583, 155
Trd, 000015.967, 165
Trd, 000016.133, 172
Trd, 000017.217, 168
Trd, 000017.950, 172
Trd, 000020.400, 127
Trd, 000020.450, 157
Trd, 000020.567, 159
Trd, 000021.000, 114
Trd, 000021.133, 119
Trd, 000021.417, 125
Trd, 000021.917, 137
Trd, 000022.350, 149
Trd, 000022.817, 161
Trd, 000025.617, 161
Trd, 000025.933, 158
Trd, 000026.267, 122
Trd, 000027.267, 145
Trd, 000027.450, 140
Trd, 000027.650, 156
Trd, 000027.867, 156
Trd, 000028.600, 149
Trd, 000030.583, 193
Trd, 000031.300, 159
Trd, 000031.417, 145
Trd, 000032.567, 164
Trd, 000033.483, 164
Trd, 000034.117, 155
Trd, 000035.733, 186
Trd, 000035.833, 190
Trd, 000036.183, 200
Trd, 000036.217, 153
Trd, 000036.683, 163
Trd, 000038.633, 143
Trd, 000039.917, 141
Trd, 000040.467, 193
Trd, 000041.500, 155
Trd, 000041.683, 174
Trd, 000041.867, 198
Trd, 000043.183, 150
Trd, 000045.000, 139
Trd, 000045.533, 155
Trd, 000045.567, 108
Trd, 000045.767, 135
Trd, 000046.033, 169
Trd, 000046.083, 164
Trd, 000046.733, 154
Trd, 000047.017, 141
Trd, 000047.150, 170
Trd, 000047.683, 175
Trd, 000048.333, 177
Trd, 000048.533, 170
Trd, 000050.617, 175
Trd, 000051.100, 156
Trd, 000051.183, 153
Trd, 000051.333, 145
Trd, 000051.750, 167
Trd, 000052.117, 149
Trd, 000052.983, 174
Trd, 000055.117, 170
Trd, 000055.383, 157
Trd, 000055.533, 164
Trd, 000055.750, 139
Trd, 000056.183, 186
Trd, 000057.133, 158
Trd, 000057.317, 166
Trd, 000058.767, 156
Trd, 000060.433, 178
Trd, 000060.867, 115
Trd, 000060.917, 133
Trd, 000061.500, 131
Trd, 000062.417, 149
Trd, 000063.800, 138
Trd, 000065.717, 116
Trd, 000065.750, 151
Trd, 000066.367, 151
Trd, 000066.633, 161
Trd, 000068.450, 148
Trd, 000068.617, 151
Trd, 000068.683, 143
Trd, 000068.800, 164
Trd, 000070.667, 176
Trd, 000070.933, 168
Trd, 000071.067, 153
Trd, 000072.217, 171
Trd, 000072.450, 164
Trd, 000073.450, 143
Trd, 000073.550, 140
Trd, 000073.950, 158
Trd, 000074.500, 148
Trd, 000075.950, 157
Trd, 000076.233, 160
Trd, 000077.200, 163
Trd, 000077.633, 173
Trd, 000078.083, 161
Trd, 000078.683, 155
Trd, 000079.817, 156
Trd, 000080.517, 121
Trd, 000080.683, 160
Trd, 000081.217, 169
Trd, 000081.533, 166
Trd, 000082.350, 165
Trd, 000083.267, 148
Trd, 000083.767, 171
Trd, 000085.817, 169
Trd, 000086.017, 158
Trd, 000086.083, 141
Trd, 000087.017, 140
Trd, 000087.033, 156
Trd, 000087.767, 150
Trd, 000088.033, 156
Trd, 000089.533, 152
Trd, 000091.083, 183
Trd, 000091.400, 163
Trd, 000091.883, 134
Trd, 000092.367, 146
Trd, 000092.900, 168
Trd, 000094.350, 176
Trd, 000096.000, 182
Trd, 000096.600, 153
Trd, 000097.783, 161
Trd, 000098.683, 149
Trd, 000099.000, 156
Trd, 000099.350, 156
Trd, 000101.167, 158
Trd, 000101.717, 163
Trd, 000102.850, 154
Trd, 000103.050, 155
Trd, 000103.100, 152
Trd, 000103.500, 149
Trd, 000104.650, 161
Trd, 000105.417, 171
Trd, 000106.050, 149
Trd, 000106.317, 164
Trd, 000106.567, 157
Trd, 000106.950, 171
Trd, 000110.817, 153
Trd, 000110.917, 128
Trd, 000111.233, 159
Trd, 000111.750, 159
Trd, 000112.200, 158
Trd, 000113.783, 160
Trd, 000114.233, 154
Trd, 000115.750, 193
Trd, 000115.933, 143
Trd, 000116.067, 142
Trd, 000116.133, 143
Trd, 000118.150, 185
Trd, 000119.533, 174
Trd, 000121.133, 193
Trd, 000121.300, 164
Trd, 000121.533, 160
Trd, 000121.750, 152
Trd, 000121.917, 156
Trd, 000124.067, 151
Trd, 000125.867, 139
Trd, 000126.467, 185
Trd, 000126.700, 167
Trd, 000126.967, 118
Trd, 000127.150, 165
Trd, 000130.183, 159
Trd, 000130.267, 154
Trd, 000130.900, 157
Trd, 000131.200, 147
Trd, 000131.483, 170
Trd, 000132.067, 145
Trd, 000132.700, 163
Trd, 000133.250, 157
Trd, 000134.133, 167
Trd, 000134.767, 167
Trd, 000136.217, 146
Trd, 000136.267, 155
Trd, 000136.483, 155
Trd, 000136.933, 167
Trd, 000137.867, 157
Trd, 000138.417, 180
Trd, 000139.350, 153
Trd, 000140.933, 151
Trd, 000141.367, 156
Trd, 000142.150, 166
Trd, 000142.450, 168
Trd, 000143.067, 171
Trd, 000143.250, 152
Trd, 000144.433, 182
Trd, 000146.017, 154
Trd, 000146.517, 153
Trd, 000146.583, 156
Trd, 000146.717, 150
Trd, 000147.400, 154
Trd, 000148.300, 191
Trd, 000148.667, 181
Trd, 000149.283, 139
Trd, 000150.967, 179
Trd, 000151.017, 141
Trd, 000151.183, 146
Trd, 000151.917, 148
Trd, 000152.833, 154
Trd, 000153.983, 156
Trd, 000155.767, 154
Trd, 000156.433, 156
Trd, 000156.750, 148
Trd, 000157.117, 135
Trd, 000157.250, 143
Trd, 000157.300, 156
Trd, 000158.133, 156
Trd, 000161.283, 181
Trd, 000161.767, 181
Trd, 000163.450, 160
Trd, 000165.000, 157
Trd, 000165.200, 150
Trd, 000165.567, 141
Trd, 000166.250, 185
Trd, 000166.417, 183
Trd, 000166.600, 186
Trd, 000167.933, 150
Trd, 000168.483, 155
Trd, 000168.700, 159
Trd, 000169.283, 167
Trd, 000171.167, 157
Trd, 000171.667, 161
Trd, 000171.833, 162
Trd, 000172.333, 190
Trd, 000172.900, 173
Trd, 000172.917, 155
Trd, 000173.917, 148
Trd, 000175.567, 145
Trd, 000176.850, 176
Trd, 000176.933, 151
Trd, 000177.367, 141
Trd, 000178.317, 151
Trd, 000178.367, 156
Trd, 000178.617, 156
Trd, 000180.567, 153
Trd, 000181.450, 189
Trd, 000181.717, 150
Trd, 000182.517, 150
Trd, 000182.833, 166
Trd, 000184.917, 162
Trd, 000185.483, 166
Trd, 000186.250, 184
Trd, 000186.850, 154
Trd, 000186.883, 148
Trd, 000187.250, 188
Trd, 000187.850, 161
Trd, 000191.217, 146
Trd, 000191.433, 157
Trd, 000191.567, 177
Trd, 000192.217, 167
Trd, 000193.283, 148
Trd, 000193.750, 189
Trd, 000196.367, 120
Trd, 000196.433, 154
Trd, 000197.117, 169
Trd, 000197.250, 172
Trd, 000199.467, 193
Trd, 000200.583, 166
Trd, 000201.817, 190
Trd, 000201.900, 157
Trd, 000202.150, 165
Trd, 000202.200, 164
Trd, 000204.867, 175
Trd, 000205.917, 161
Trd, 000206.233, 184
Trd, 000206.733, 165
Trd, 000206.750, 182
Trd, 000206.817, 158
Trd, 000207.683, 171
Trd, 000208.100, 158
Trd, 000208.267, 156
Trd, 000208.600, 156
Trd, 000209.533, 148
Trd, 000209.600, 158
Trd, 000211.367, 184
Trd, 000211.783, 151
Trd, 000212.517, 176
Trd, 000213.583, 168
Trd, 000213.833, 161
Trd, 000214.100, 154
Trd, 000214.200, 147
Trd, 000214.383, 145
Trd, 000215.100, 162
Trd, 000215.700, 169
Trd, 000216.200, 176
Trd, 000216.383, 157
Trd, 000216.500, 167
Trd, 000216.567, 143
Trd, 000217.367, 148
Trd, 000217.700, 141
Trd, 000217.983, 158
Trd, 000218.783, 156
Trd, 000218.833, 166
Trd, 000221.017, 118
Trd, 000221.267, 146
Trd, 000221.433, 135
Trd, 000221.783, 126
Trd, 000223.100, 151
Trd, 000223.367, 161
Trd, 000223.817, 149
Trd, 000224.333, 152
Trd, 000224.567, 160
Trd, 000226.383, 159
Trd, 000226.767, 186
Trd, 000227.283, 164
Trd, 000228.100, 151
Trd, 000229.300, 148
Trd, 000229.783, 163
Trd, 000230.683, 150
Trd, 000231.317, 159
Trd, 000231.500, 118
Trd, 000231.617, 152
Trd, 000231.683, 115
Trd, 000233.783, 171
Trd, 000235.267, 171
Trd, 000236.550, 175
Trd, 000237.233, 147
Trd, 000238.183, 150
Trd, 000238.317, 165
Trd, 000238.933, 165
Trd, 000239.033, 145
Trd, 000241.083, 165
Trd, 000241.117, 170
Trd, 000241.400, 192
Trd, 000241.533, 154
Trd, 000242.733, 153
Trd, 000242.967, 143
Trd, 000243.433, 148
Trd, 000247.133, 186
Trd, 000247.900, 149
Trd, 000248.467, 161
Trd, 000248.900, 166
Trd, 000250.100, 151
Trd, 000250.333, 167
Trd, 000251.750, 162
Trd, 000251.900, 192
Trd, 000252.267, 158
Trd, 000252.950, 177
Trd, 000253.533, 153
Trd, 000254.633, 153
Trd, 000256.000, 170
Trd, 000256.433, 137
Trd, 000256.667, 157
Trd, 000256.883, 103
Trd, 000256.950, 157
Trd, 000258.517, 160
Trd, 000259.483, 157
Trd, 000259.900, 176
Trd, 000261.467, 182
Trd, 000262.033, 180
Trd, 000262.267, 163
Trd, 000263.367, 151
Trd, 000263.550, 171
Trd, 000263.667, 153
Trd, 000265.317, 153
Trd, 000266.417, 162
Trd, 000266.800, 160
Trd, 000267.500, 173
Trd, 000267.600, 173
Trd, 000268.250, 159
Trd, 000268.733, 147
Trd, 000269.067, 169
Trd, 000271.650, 146
Trd, 000271.883, 158
Trd, 000272.167, 163
Trd, 000272.300, 172
Trd, 000272.550, 183
Trd, 000273.633, 158
Trd, 000275.200, 141
Trd, 000277.217, 170
Trd, 000277.317, 187
Trd, 000277.867, 148
Trd, 000278.883, 168
Trd, 000281.783, 157
Trd, 000282.417, 193
Trd, 000283.017, 155
Trd, 000283.267, 158
Trd, 000284.450, 157
Trd, 000284.567, 159
Trd, 000284.967, 152
Trd, 000286.867, 167
Trd, 000287.617, 149
Trd, 000287.950, 160
Trd, 000288.167, 155
Trd, 000288.217, 177
Trd, 000289.100, 150
Trd, 000289.200, 150
Trd, 000289.533, 165
Trd, 000290.950, 164
Trd, 000291.700, 154
Trd, 000291.833, 167
Trd, 000291.917, 143
Trd, 000292.217, 165
Trd, 000292.300, 157
Trd, 000292.400, 141
Trd, 000294.283, 150
Trd, 000295.283, 142
Trd, 000296.233, 145
Trd, 000296.683, 156
Trd, 000296.800, 189
Trd, 000296.833, 159
Trd, 000297.183, 146
Trd, 000297.950, 152
Trd, 000299.133, 159
Trd, 000299.267, 164
