Trd, 000005.133, 112
Trd, 000005.183, 168
Trd, 000005.400, 147
Trd, 000005.767, 172
Trd, 000006.933, 145
Trd, 000008.333, 152
Trd, 000008.533, 157
Trd, 000008.933, 161
Trd, 000009.033, 140
Trd, 000010.550, 134
Trd, 000010.817, 136
Trd, 000011.667, 143
Trd, 000011.800, 142
Trd, 000011.950, 149
Trd, 000012.200, 146
Trd, 000014.417, 163
Trd, 000015.700, 163
Trd, 000015.967, 144
Trd, 000016.950, 146
Trd, 000017.083, 164
Trd, 000018.083, 159
Trd, 000018.233, 164
Trd, 000018.867, 146
Trd, 000020.483, 141
Trd, 000020.667, 155
Trd, 000020.717, 144
Trd, 000021.050, 169
Trd, 000022.300, 149
Trd, 000022.550, 144
Trd, 000024.683, 160
Trd, 000025.317, 172
Trd, 000025.367, 137
Trd, 000026.483, 173
Trd, 000026.850, 159
Trd, 000030.600, 189
Trd, 000030.833, 168
Trd, 000031.383, 163
Trd, 000031.500, 157
Trd, 000031.967, 151
Trd, 000032.500, 150
Trd, 000033.067, 151
Trd, 000035.450, 136
Trd, 000035.867, 151
Trd, 000036.417, 169
Trd, 000037.050, 146
Trd, 000039.083, 145
Trd, 000039.583, 132
Trd, 000040.467, 185
Trd, 000041.683, 153
Trd, 000042.333, 152
Trd, 000042.617, 156
Trd, 000045.083, 151
Trd, 000047.917, 170
Trd, 000047.967, 169
Trd, 000048.100, 167
Trd, 000048.333, 161
Trd, 000049.450, 151
Trd, 000050.833, 160
Trd, 000051.017, 165
Trd, 000052.817, 146
Trd, 000052.883, 162
Trd, 000053.233, 158
Trd, 000056.017, 166
Trd, 000057.183, 153
Trd, 000057.867, 180
Trd, 000058.633, 144
Trd, 000058.817, 150
Trd, 000059.767, 163
Trd, 000060.167, 142
Trd, 000060.450, 175
Trd, 000060.583, 150
Trd, 000061.367, 139
Trd, 000063.333, 169
Trd, 000064.000, 145
Trd, 000065.767, 140
Trd, 000066.233, 137
Trd, 000066.617, 179
Trd, 000067.017, 140
Trd, 000068.550, 155
Trd, 000070.617, 181
Trd, 000072.183, 152
Trd, 000072.967, 162
Trd, 000073.267, 143
Trd, 000075.150, 156
Trd, 000075.633, 141
Trd, 000075.733, 133
Trd, 000077.583, 138
Trd, 000078.417, 140
Trd, 000079.983, 145
Trd, 000081.883, 142
Trd, 000081.950, 142
Trd, 000084.033, 138
Trd, 000085.650, 140
Trd, 000086.000, 153
Trd, 000086.967, 161
Trd, 000087.517, 146
Trd, 000089.183, 154
Trd, 000089.233, 140
Trd, 000090.883, 140
Trd, 000091.200, 122
Trd, 000094.267, 162
Trd, 000094.650, 151
Trd, 000094.967, 150
Trd, 000096.600, 151
Trd, 000096.650, 172
Trd, 000096.717, 144
Trd, 000097.717, 152
Trd, 000098.967, 147
Trd, 000100.817, 159
Trd, 000101.367, 131
Trd, 000101.500, 123
Trd, 000101.883, 139
Trd, 000101.950, 150
Trd, 000102.483, 160
Trd, 000104.933, 159
Trd, 000106.017, 131
Trd, 000106.717, 181
Trd, 000107.150, 162
Trd, 000108.783, 149
Trd, 000109.200, 145
Trd, 000111.117, 158
Trd, 000111.783, 133
Trd, 000111.867, 129
Trd, 000112.550, 138
Trd, 000113.167, 166
Trd, 000113.700, 154
Trd, 000114.050, 172
Trd, 000114.817, 162
Trd, 000115.483, 151
Trd, 000116.350, 135
Trd, 000116.533, 131
Trd, 000116.833, 160
Trd, 000117.250, 149
Trd, 000117.767, 152
Trd, 000118.083, 169
Trd, 000119.500, 157
Trd, 000120.933, 173
Trd, 000121.883, 142
Trd, 000122.033, 143
Trd, 000123.567, 166
Trd, 000123.917, 162
Trd, 000124.100, 141
Trd, 000124.950, 140
Trd, 000126.800, 154
Trd, 000127.317, 160
Trd, 000128.617, 150
Trd, 000129.450, 150
Trd, 000130.500, 143
Trd, 000131.400, 165
Trd, 000131.533, 136
Trd, 000132.217, 148
Trd, 000134.550, 159
Trd, 000136.350, 161
Trd, 000136.400, 177
Trd, 000136.633, 141
Trd, 000138.733, 163
Trd, 000139.383, 175
Trd, 000140.017, 156
Trd, 000140.583, 162
Trd, 000140.917, 147
Trd, 000141.267, 144
Trd, 000142.133, 138
Trd, 000143.117, 144
Trd, 000144.683, 159
Trd, 000144.767, 159
Trd, 000146.417, 153
Trd, 000146.800, 149
Trd, 000147.467, 141
Trd, 000149.217, 165
Trd, 000149.617, 154
Trd, 000151.517, 147
Trd, 000152.550, 161
Trd, 000154.400, 163
Trd, 000155.167, 169
Trd, 000156.017, 119
Trd, 000156.300, 122
Trd, 000157.367, 131
Trd, 000158.717, 155
Trd, 000159.800, 159
Trd, 000160.667, 182
Trd, 000161.517, 145
Trd, 000161.867, 154
Trd, 000162.550, 158
Trd, 000164.150, 171
Trd, 000165.283, 155
Trd, 000166.367, 150
Trd, 000166.617, 144
Trd, 000166.767, 139
Trd, 000167.367, 162
Trd, 000168.183, 164
Trd, 000171.700, 190
Trd, 000172.983, 170
Trd, 000173.350, 162
Trd, 000173.400, 155
Trd, 000175.650, 148
Trd, 000175.800, 153
Trd, 000176.750, 138
Trd, 000177.133, 145
Trd, 000178.067, 147
Trd, 000178.650, 157
Trd, 000179.250, 158
Trd, 000180.333, 163
Trd, 000181.250, 157
Trd, 000182.067, 142
Trd, 000182.983, 171
Trd, 000185.650, 155
Trd, 000186.683, 128
Trd, 000187.100, 147
Trd, 000187.467, 131
Trd, 000189.117, 150
Trd, 000189.183, 160
Trd, 000189.600, 173
Trd, 000189.717, 146
Trd, 000191.217, 138
Trd, 000191.950, 130
Trd, 000192.517, 162
Trd, 000192.867, 150
Trd, 000193.167, 157
Trd, 000194.050, 180
Trd, 000195.900, 162
Trd, 000196.217, 166
Trd, 000200.283, 159
Trd, 000200.433, 152
Trd, 000201.017, 155
Trd, 000201.483, 190
Trd, 000202.750, 165
Trd, 000202.867, 167
Trd, 000204.367, 175
Trd, 000204.783, 154
Trd, 000207.017, 153
Trd, 000207.850, 157
Trd, 000207.983, 180
Trd, 000208.900, 172
Trd, 000211.617, 137
Trd, 000211.767, 172
Trd, 000212.983, 172
Trd, 000213.400, 143
Trd, 000214.083, 150
Trd, 000214.433, 151
Trd, 000216.500, 158
Trd, 000216.967, 143
Trd, 000217.000, 135
Trd, 000217.183, 187
Trd, 000219.133, 171
Trd, 000219.383, 159
Trd, 000221.467, 152
Trd, 000222.867, 161
Trd, 000222.983, 177
Trd, 000223.950, 173
Trd, 000224.533, 178
Trd, 000225.700, 159
Trd, 000226.433, 180
Trd, 000227.317, 176
Trd, 000230.300, 156
Trd, 000230.617, 155
Trd, 000230.850, 153
Trd, 000230.883, 168
Trd, 000230.950, 148
Trd, 000231.383, 125
Trd, 000232.550, 160
Trd, 000232.883, 156
Trd, 000234.900, 143
Trd, 000235.133, 139
Trd, 000235.467, 134
Trd, 000236.283, 181
Trd, 000236.967, 183
Trd, 000237.300, 143
Trd, 000237.333, 186
Trd, 000237.433, 159
Trd, 000237.500, 142
Trd, 000241.600, 148
Trd, 000242.000, 148
Trd, 000242.467, 149
Trd, 000242.750, 158
Trd, 000244.200, 158
Trd, 000245.183, 142
Trd, 000247.083, 155
Trd, 000247.133, 156
Trd, 000247.683, 160
Trd, 000248.717, 147
Trd, 000251.700, 169
Trd, 000252.000, 163
Trd, 000252.067, 139
Trd, 000252.500, 142
Trd, 000252.950, 153
Trd, 000253.733, 150
Trd, 000254.050, 158
Trd, 000254.667, 148
Trd, 000256.483, 141
Trd, 000256.800, 133
Trd, 000257.117, 158
Trd, 000258.017, 154
Trd, 000259.517, 179
Trd, 000259.550, 161
Trd, 000261.400, 175
Trd, 000261.417, 153
Trd, 000264.133, 152
Trd, 000265.433, 177
Trd, 000265.500, 167
Trd, 000266.400, 125
Trd, 000268.050, 165
Trd, 000268.733, 158
Trd, 000269.567, 152
Trd, 000270.167, 165
Trd, 000270.417, 157
Trd, 000270.617, 153
Trd, 000272.850, 157
Trd, 000272.900, 156
Trd, 000273.133, 165
Trd, 000273.200, 157
Trd, 000277.883, 154
Trd, 000279.783, 149
Trd, 000280.150, 147
Trd, 000281.283, 159
Trd, 000282.017, 140
Trd, 000282.200, 151
Trd, 000282.217, 134
Trd, 000283.150, 145
Trd, 000283.350, 162
Trd, 000284.600, 155
Trd, 000284.933, 151
Trd, 000286.833, 163
Trd, 000287.117, 146
Trd, 000288.033, 139
Trd, 000288.550, 185
Trd, 000288.600, 190
Trd, 000289.817, 149
Trd, 000292.883, 158
Trd, 000293.317, 153
Trd, 000293.417, 152
Trd, 000295.167, 144
Trd, 000295.283, 145
Trd, 000296.767, 148
Trd, 000298.317, 151
Trd, 000298.500, 150
Trd, 000298.533, 148
Trd, 000299.200, 150
