Trd, 000005.183, 162
Trd, 000005.217, 140
Trd, 000005.500, 158
Trd, 000005.750, 146
Trd, 000005.900, 142
Trd, 000006.150, 141
Trd, 000006.333, 161
Trd, 000006.350, 163
Trd, 000006.617, 137
Trd, 000007.167, 143
Trd, 000007.333, 145
Trd, 000009.967, 147
Trd, 000010.633, 176
Trd, 000010.700, 171
Trd, 000011.233, 152
Trd, 000011.550, 162
Trd, 000011.900, 134
Trd, 000011.983, 172
Trd, 000012.617, 132
Trd, 000013.600, 138
Trd, 000015.483, 167
Trd, 000015.750, 130
Trd, 000015.817, 140
Trd, 000017.050, 152
Trd, 000018.883, 151
Trd, 000019.583, 147
Trd, 000019.700, 148
Trd, 000020.567, 171
Trd, 000020.833, 170
Trd, 000021.233, 168
Trd, 000021.583, 138
Trd, 000022.100, 161
Trd, 000023.850, 160
Trd, 000024.133, 145
Trd, 000025.683, 177
Trd, 000025.750, 158
Trd, 000026.017, 172
Trd, 000026.150, 170
Trd, 000026.400, 168
Trd, 000027.933, 164
Trd, 000027.950, 156
Trd, 000028.033, 147
Trd, 000030.367, 173
Trd, 000030.667, 183
Trd, 000030.733, 164
Trd, 000030.783, 162
Trd, 000030.917, 154
Trd, 000032.800, 160
Trd, 000032.867, 158
Trd, 000033.067, 156
Trd, 000033.100, 175
Trd, 000033.917, 137
Trd, 000034.283, 136
Trd, 000034.917, 142
Trd, 000035.317, 121
Trd, 000035.550, 152
Trd, 000036.100, 134
Trd, 000036.233, 137
Trd, 000036.617, 175
Trd, 000037.050, 156
Trd, 000037.133, 176
Trd, 000037.467, 149
Trd, 000037.750, 139
Trd, 000037.833, 134
Trd, 000038.367, 159
Trd, 000040.583, 160
Trd, 000041.667, 165
Trd, 000041.733, 148
Trd, 000042.500, 148
Trd, 000042.867, 169
Trd, 000045.683, 162
Trd, 000045.867, 173
Trd, 000046.083, 152
Trd, 000046.583, 151
Trd, 000046.917, 146
Trd, 000048.133, 168
Trd, 000050.350, 178
Trd, 000050.600, 169
Trd, 000050.717, 173
Trd, 000050.817, 150
Trd, 000051.200, 138
Trd, 000053.117, 149
Trd, 000053.800, 148
Trd, 000055.483, 177
Trd, 000055.883, 137
Trd, 000056.467, 173
Trd, 000056.483, 161
Trd, 000056.683, 145
Trd, 000056.750, 145
Trd, 000059.067, 164
Trd, 000059.567, 152
Trd, 000060.667, 126
Trd, 000062.283, 178
Trd, 000062.350, 176
Trd, 000062.400, 175
Trd, 000063.117, 168
Trd, 000063.667, 158
Trd, 000065.783, 138
Trd, 000066.033, 176
Trd, 000067.350, 148
Trd, 000067.967, 153
Trd, 000069.717, 137
Trd, 000070.633, 189
Trd, 000070.750, 122
Trd, 000071.850, 157
Trd, 000071.933, 136
Trd, 000072.017, 172
Trd, 000072.317, 140
Trd, 000073.100, 155
Trd, 000073.650, 155
Trd, 000075.950, 156
Trd, 000076.300, 140
Trd, 000076.433, 140
Trd, 000076.450, 165
Trd, 000076.883, 163
Trd, 000077.083, 145
Trd, 000077.400, 142
Trd, 000078.200, 163
Trd, 000078.250, 146
Trd, 000078.933, 157
Trd, 000080.250, 164
Trd, 000080.567, 138
Trd, 000081.133, 134
Trd, 000081.450, 165
Trd, 000082.150, 178
Trd, 000082.183, 178
Trd, 000082.533, 140
Trd, 000082.867, 157
Trd, 000084.517, 153
Trd, 000085.200, 177
Trd, 000086.350, 123
Trd, 000086.417, 157
Trd, 000087.067, 162
Trd, 000087.583, 141
Trd, 000087.933, 152
Trd, 000089.250, 164
Trd, 000089.800, 160
Trd, 000090.117, 145
Trd, 000090.467, 159
Trd, 000090.767, 186
Trd, 000090.783, 174
Trd, 000092.717, 149
Trd, 000095.233, 177
Trd, 000095.867, 128
Trd, 000096.567, 137
Trd, 000096.883, 151
Trd, 000096.900, 133
Trd, 000097.350, 162
Trd, 000099.367, 135
Trd, 000100.683, 183
Trd, 000101.333, 133
Trd, 000101.517, 149
Trd, 000101.700, 152
Trd, 000102.683, 173
Trd, 000103.083, 172
Trd, 000104.217, 170
Trd, 000105.817, 150
Trd, 000105.933, 137
Trd, 000106.417, 182
Trd, 000106.483, 169
Trd, 000106.733, 143
Trd, 000107.117, 165
Trd, 000107.833, 157
Trd, 000108.233, 153
Trd, 000109.383, 148
Trd, 000110.583, 176
Trd, 000111.333, 130
Trd, 000111.783, 145
Trd, 000112.217, 147
Trd, 000112.517, 145
Trd, 000112.767, 157
Trd, 000113.167, 135
Trd, 000113.567, 154
Trd, 000114.033, 156
Trd, 000114.367, 176
Trd, 000115.000, 126
Trd, 000116.267, 177
Trd, 000116.350, 180
Trd, 000116.417, 175
Trd, 000116.750, 144
Trd, 000117.033, 177
Trd, 000117.433, 158
Trd, 000120.500, 162
Trd, 000121.233, 172
Trd, 000122.250, 155
Trd, 000123.367, 156
Trd, 000123.533, 158
Trd, 000124.050, 145
Trd, 000124.850, 148
Trd, 000126.133, 180
Trd, 000126.200, 149
Trd, 000126.633, 173
Trd, 000127.217, 172
Trd, 000127.600, 162
Trd, 000127.833, 171
Trd, 000128.117, 158
Trd, 000131.450, 145
Trd, 000131.683, 145
Trd, 000132.183, 167
Trd, 000132.533, 165
Trd, 000132.817, 160
Trd, 000134.600, 148
Trd, 000136.317, 187
Trd, 000137.717, 147
Trd, 000137.850, 145
Trd, 000138.200, 175
Trd, 000138.700, 152
Trd, 000139.233, 147
Trd, 000139.783, 152
Trd, 000140.967, 174
Trd, 000141.450, 181
Trd, 000141.600, 172
Trd, 000142.550, 163
Trd, 000142.567, 160
Trd, 000142.600, 155
Trd, 000142.850, 186
Trd, 000143.050, 160
Trd, 000143.300, 155
Trd, 000143.750, 152
Trd, 000143.817, 144
Trd, 000146.183, 168
Trd, 000147.250, 168
Trd, 000147.417, 152
Trd, 000148.100, 167
Trd, 000148.383, 153
Trd, 000148.700, 177
Trd, 000149.633, 146
Trd, 000150.933, 137
Trd, 000151.133, 175
Trd, 000152.733, 161
Trd, 000153.217, 169
Trd, 000153.850, 158
Trd, 000153.917, 156
Trd, 000154.767, 157
Trd, 000155.317, 176
Trd, 000156.017, 129
Trd, 000156.700, 182
Trd, 000157.217, 145
Trd, 000158.200, 153
Trd, 000158.217, 155
Trd, 000158.300, 151
Trd, 000158.867, 180
Trd, 000159.567, 145
Trd, 000159.717, 140
Trd, 000161.300, 106
Trd, 000161.500, 169
Trd, 000161.900, 137
Trd, 000162.100, 158
Trd, 000162.250, 158
Trd, 000162.600, 167
Trd, 000162.667, 157
Trd, 000164.917, 174
Trd, 000165.933, 143
Trd, 000166.967, 189
Trd, 000167.300, 180
Trd, 000167.317, 178
Trd, 000167.417, 177
Trd, 000168.850, 165
Trd, 000168.933, 147
Trd, 000170.633, 158
Trd, 000171.267, 188
Trd, 000171.333, 184
Trd, 000171.850, 155
Trd, 000172.883, 156
Trd, 000172.933, 179
Trd, 000176.883, 188
Trd, 000176.950, 186
Trd, 000177.367, 168
Trd, 000177.567, 166
Trd, 000177.600, 164
Trd, 000177.800, 155
Trd, 000178.267, 167
Trd, 000182.117, 170
Trd, 000182.300, 156
Trd, 000182.317, 147
Trd, 000182.717, 156
Trd, 000183.883, 164
Trd, 000184.700, 145
Trd, 000185.050, 151
Trd, 000186.800, 148
Trd, 000187.117, 156
Trd, 000188.033, 158
Trd, 000189.033, 157
Trd, 000189.333, 162
Trd, 000190.683, 158
Trd, 000190.933, 176
Trd, 000191.500, 130
Trd, 000192.033, 160
Trd, 000193.017, 161
Trd, 000193.850, 157
Trd, 000193.917, 155
Trd, 000194.233, 152
Trd, 000194.633, 151
Trd, 000195.233, 160
Trd, 000195.500, 145
Trd, 000196.350, 139
Trd, 000196.567, 164
Trd, 000196.700, 160
Trd, 000196.867, 169
Trd, 000197.767, 182
Trd, 000199.600, 151
Trd, 000201.300, 189
Trd, 000201.400, 144
Trd, 000202.083, 156
Trd, 000202.817, 167
Trd, 000203.400, 147
Trd, 000205.750, 167
Trd, 000206.333, 124
Trd, 000207.167, 143
Trd, 000207.883, 178
Trd, 000209.133, 134
Trd, 000209.983, 130
Trd, 000210.383, 150
Trd, 000211.417, 153
Trd, 000212.150, 153
Trd, 000212.300, 174
Trd, 000213.117, 178
Trd, 000213.250, 165
Trd, 000216.383, 182
Trd, 000216.533, 172
Trd, 000216.783, 177
Trd, 000217.067, 166
Trd, 000217.383, 164
Trd, 000217.850, 167
Trd, 000218.567, 170
Trd, 000218.917, 155
Trd, 000219.517, 143
Trd, 000219.750, 176
Trd, 000221.450, 149
Trd, 000221.650, 164
Trd, 000221.700, 160
Trd, 000222.567, 152
Trd, 000222.583, 145
Trd, 000222.633, 143
Trd, 000223.433, 167
Trd, 000224.817, 156
Trd, 000225.150, 170
Trd, 000226.233, 122
Trd, 000226.467, 166
Trd, 000226.633, 158
Trd, 000227.233, 175
Trd, 000227.533, 166
Trd, 000227.633, 148
Trd, 000228.317, 148
Trd, 000228.950, 143
Trd, 000229.200, 156
Trd, 000230.300, 156
Trd, 000231.300, 167
Trd, 000231.317, 165
Trd, 000231.517, 168
Trd, 000231.967, 150
Trd, 000233.600, 144
Trd, 000233.917, 150
Trd, 000237.100, 172
Trd, 000237.900, 168
Trd, 000238.033, 162
Trd, 000238.283, 167
Trd, 000240.167, 152
Trd, 000241.667, 146
Trd, 000241.900, 176
Trd, 000243.650, 154
Trd, 000244.133, 152
Trd, 000245.850, 149
Trd, 000246.083, 150
Trd, 000246.400, 144
Trd, 000246.617, 148
Trd, 000246.783, 154
Trd, 000247.200, 130
Trd, 000248.583, 176
Trd, 000248.750, 167
Trd, 000250.300, 153
Trd, 000251.550, 184
Trd, 000252.217, 180
Trd, 000252.317, 172
Trd, 000253.050, 135
Trd, 000253.900, 137
Trd, 000256.333, 180
Trd, 000256.700, 175
Trd, 000256.767, 145
Trd, 000257.417, 137
Trd, 000257.733, 133
Trd, 000258.967, 166
Trd, 000259.050, 145
Trd, 000260.300, 140
Trd, 000261.767, 130
Trd, 000262.600, 155
Trd, 000262.683, 129
Trd, 000263.817, 152
Trd, 000264.117, 144
Trd, 000264.367, 140
Trd, 000266.367, 147
Trd, 000266.600, 158
Trd, 000267.067, 149
Trd, 000267.150, 154
Trd, 000268.950, 166
Trd, 000269.417, 163
Trd, 000269.617, 179
Trd, 000270.283, 159
Trd, 000271.417, 164
Trd, 000272.967, 162
Trd, 000274.217, 168
Trd, 000274.667, 167
Trd, 000274.767, 157
Trd, 000274.867, 170
Trd, 000275.800, 165
Trd, 000276.267, 145
Trd, 000276.617, 175
Trd, 000276.817, 171
Trd, 000277.083, 174
Trd, 000277.350, 169
Trd, 000277.700, 133
Trd, 000278.733, 134
Trd, 000279.917, 145
Trd, 000280.433, 143
Trd, 000281.633, 176
Trd, 000281.983, 176
Trd, 000282.183, 157
Trd, 000282.517, 153
Trd, 000283.017, 179
Trd, 000283.517, 151
Trd, 000283.767, 145
Trd, 000284.433, 165
Trd, 000285.233, 182
Trd, 000287.550, 175
Trd, 000288.000, 152
Trd, 000288.250, 168
Trd, 000288.333, 145
Trd, 000289.267, 145
Trd, 000289.317, 166
Trd, 000289.350, 180
Trd, 000291.650, 163
Trd, 000291.667, 150
Trd, 000292.250, 169
Trd, 000292.767, 167
Trd, 000292.817, 165
Trd, 000293.500, 148
Trd, 000294.817, 147
Trd, 000295.083, 166
Trd, 000295.233, 161
Trd, 000296.817, 156
Trd, 000297.833, 159
Trd, 000297.950, 166
Trd, 000299.467, 152
