Trd, 000005.350, 110
Trd, 000005.367, 112
Trd, 000005.533, 128
Trd, 000005.833, 130
Trd, 000006.333, 145
Trd, 000006.467, 124
Trd, 000006.900, 135
Trd, 000007.017, 135
Trd, 000007.200, 122
Trd, 000010.233, 186
Trd, 000010.433, 149
Trd, 000010.533, 140
Trd, 000011.117, 179
Trd, 000011.267, 134
Trd, 000011.650, 178
Trd, 000014.183, 138
Trd, 000014.400, 154
Trd, 000014.617, 161
Trd, 000015.150, 113
Trd, 000015.250, 176
Trd, 000016.183, 146
Trd, 000017.133, 138
Trd, 000017.300, 148
Trd, 000018.367, 161
Trd, 000020.050, 137
Trd, 000020.100, 137
Trd, 000020.833, 150
Trd, 000020.967, 164
Trd, 000021.483, 144
Trd, 000021.667, 154
Trd, 000021.967, 165
Trd, 000022.117, 142
Trd, 000022.683, 142
Trd, 000023.550, 141
Trd, 000025.100, 146
Trd, 000025.233, 128
Trd, 000025.650, 141
Trd, 000026.633, 176
Trd, 000026.817, 154
Trd, 000027.067, 150
Trd, 000027.617, 146
Trd, 000029.317, 164
Trd, 000030.117, 142
Trd, 000030.667, 124
Trd, 000030.733, 179
Trd, 000030.933, 141
Trd, 000031.133, 124
Trd, 000031.333, 118
Trd, 000032.900, 173
Trd, 000033.683, 168
Trd, 000034.617, 143
Trd, 000035.050, 151
Trd, 000035.233, 172
Trd, 000035.633, 150
Trd, 000036.817, 141
Trd, 000037.383, 142
Trd, 000037.417, 140
Trd, 000037.433, 137
Trd, 000038.967, 168
Trd, 000039.417, 147
Trd, 000040.433, 113
Trd, 000040.700, 118
Trd, 000040.967, 137
Trd, 000042.067, 145
Trd, 000042.317, 180
Trd, 000042.833, 165
Trd, 000042.983, 156
Trd, 000043.133, 143
Trd, 000045.067, 141
Trd, 000045.383, 120
Trd, 000045.450, 129
Trd, 000046.167, 150
Trd, 000046.517, 158
Trd, 000047.333, 158
Trd, 000047.450, 156
Trd, 000047.667, 148
Trd, 000049.667, 157
Trd, 000049.783, 153
Trd, 000051.033, 151
Trd, 000051.367, 153
Trd, 000052.317, 175
Trd, 000053.117, 146
Trd, 000054.133, 140
Trd, 000054.733, 149
Trd, 000055.633, 152
Trd, 000056.100, 151
Trd, 000056.283, 184
Trd, 000056.467, 153
Trd, 000056.583, 141
Trd, 000056.817, 139
Trd, 000060.683, 145
Trd, 000060.800, 117
Trd, 000062.000, 143
Trd, 000062.583, 145
Trd, 000063.167, 168
Trd, 000063.400, 172
Trd, 000065.083, 141
Trd, 000065.733, 151
Trd, 000065.800, 142
Trd, 000065.817, 132
Trd, 000065.917, 130
Trd, 000066.067, 176
Trd, 000066.600, 150
Trd, 000067.000, 140
Trd, 000067.133, 141
Trd, 000067.350, 153
Trd, 000068.517, 136
Trd, 000070.900, 144
Trd, 000071.000, 145
Trd, 000071.150, 168
Trd, 000071.367, 151
Trd, 000072.050, 149
Trd, 000072.233, 148
Trd, 000072.533, 141
Trd, 000074.233, 155
Trd, 000075.583, 174
Trd, 000075.617, 153
Trd, 000075.667, 128
Trd, 000075.783, 117
Trd, 000076.217, 141
Trd, 000076.233, 174
Trd, 000076.950, 187
Trd, 000079.100, 141
Trd, 000080.983, 116
Trd, 000081.017, 117
Trd, 000081.167, 157
Trd, 000082.483, 149
Trd, 000084.217, 158
Trd, 000084.450, 154
Trd, 000084.833, 160
Trd, 000085.600, 141
Trd, 000085.783, 145
Trd, 000086.200, 161
Trd, 000086.283, 159
Trd, 000086.683, 152
Trd, 000087.267, 178
Trd, 000089.767, 169
Trd, 000090.850, 152
Trd, 000091.083, 141
Trd, 000091.433, 148
Trd, 000091.783, 151
Trd, 000093.067, 136
Trd, 000094.150, 149
Trd, 000095.533, 148
Trd, 000095.833, 158
Trd, 000096.717, 150
Trd, 000096.850, 148
Trd, 000097.683, 156
Trd, 000097.700, 154
Trd, 000097.733, 141
Trd, 000097.750, 137
Trd, 000098.967, 149
Trd, 000099.250, 141
Trd, 000100.867, 138
Trd, 000100.883, 144
Trd, 000102.150, 145
Trd, 000102.283, 144
Trd, 000102.667, 141
Trd, 000102.683, 160
Trd, 000103.600, 148
Trd, 000103.733, 142
Trd, 000105.833, 117
Trd, 000106.617, 132
Trd, 000106.800, 151
Trd, 000107.000, 165
Trd, 000107.667, 158
Trd, 000108.267, 141
Trd, 000108.467, 139
Trd, 000111.083, 110
Trd, 000111.533, 169
Trd, 000111.850, 141
Trd, 000112.233, 173
Trd, 000113.883, 163
Trd, 000114.000, 159
Trd, 000114.367, 163
Trd, 000114.950, 170
Trd, 000115.467, 154
Trd, 000115.767, 192
Trd, 000116.667, 139
Trd, 000117.317, 155
Trd, 000117.500, 141
Trd, 000117.683, 139
Trd, 000118.817, 157
Trd, 000119.967, 148
Trd, 000121.050, 161
Trd, 000121.167, 144
Trd, 000122.217, 133
Trd, 000122.250, 137
Trd, 000122.717, 140
Trd, 000123.933, 165
Trd, 000124.917, 154
Trd, 000126.567, 179
Trd, 000126.717, 149
Trd, 000128.083, 150
Trd, 000128.283, 148
Trd, 000128.383, 163
Trd, 000129.233, 142
Trd, 000131.167, 168
Trd, 000131.267, 165
Trd, 000131.783, 150
Trd, 000132.200, 152
Trd, 000132.317, 163
Trd, 000133.717, 140
Trd, 000134.367, 149
Trd, 000134.500, 139
Trd, 000134.667, 138
Trd, 000134.983, 140
Trd, 000136.067, 174
Trd, 000136.500, 170
Trd, 000136.517, 142
Trd, 000136.750, 141
Trd, 000136.933, 137
Trd, 000137.800, 152
Trd, 000137.833, 150
Trd, 000139.883, 161
Trd, 000140.983, 115
Trd, 000141.600, 130
Trd, 000141.783, 179
Trd, 000141.900, 168
Trd, 000142.650, 155
Trd, 000143.717, 151
Trd, 000144.333, 161
Trd, 000144.533, 141
Trd, 000146.017, 120
Trd, 000146.033, 140
Trd, 000147.067, 158
Trd, 000147.267, 167
Trd, 000147.817, 149
Trd, 000148.300, 147
Trd, 000149.217, 147
Trd, 000151.000, 140
Trd, 000151.050, 122
Trd, 000151.783, 161
Trd, 000152.133, 167
Trd, 000152.883, 157
Trd, 000153.033, 152
Trd, 000153.850, 163
Trd, 000154.350, 148
Trd, 000155.200, 156
Trd, 000155.650, 180
Trd, 000155.933, 156
Trd, 000156.583, 171
Trd, 000156.600, 161
Trd, 000156.783, 141
Trd, 000156.900, 143
Trd, 000157.400, 144
Trd, 000159.450, 145
Trd, 000159.717, 149
Trd, 000160.250, 163
Trd, 000161.267, 146
Trd, 000162.083, 167
Trd, 000162.850, 139
Trd, 000163.283, 152
Trd, 000163.433, 154
Trd, 000164.917, 139
Trd, 000165.433, 152
Trd, 000166.167, 161
Trd, 000166.667, 143
Trd, 000167.083, 151
Trd, 000167.283, 181
Trd, 000167.550, 158
Trd, 000167.650, 149
Trd, 000167.700, 141
Trd, 000168.550, 147
Trd, 000170.683, 175
Trd, 000171.100, 148
Trd, 000171.300, 153
Trd, 000171.317, 132
Trd, 000171.583, 158
Trd, 000172.550, 186
Trd, 000173.567, 150
Trd, 000173.917, 158
Trd, 000175.533, 140
Trd, 000175.683, 139
Trd, 000176.033, 133
Trd, 000176.250, 168
Trd, 000176.650, 159
Trd, 000177.017, 158
Trd, 000177.700, 157
Trd, 000178.083, 155
Trd, 000178.383, 157
Trd, 000179.550, 141
Trd, 000179.917, 138
Trd, 000181.250, 128
Trd, 000181.267, 135
Trd, 000181.717, 152
Trd, 000182.233, 140
Trd, 000182.400, 129
Trd, 000183.033, 152
Trd, 000183.317, 181
Trd, 000184.333, 150
Trd, 000185.500, 137
Trd, 000186.167, 174
Trd, 000187.400, 158
Trd, 000188.017, 147
Trd, 000188.200, 141
Trd, 000188.467, 153
Trd, 000190.417, 142
Trd, 000190.467, 178
Trd, 000191.350, 163
Trd, 000191.667, 160
Trd, 000192.617, 163
Trd, 000192.633, 158
Trd, 000193.500, 172
Trd, 000194.100, 151
Trd, 000196.117, 153
Trd, 000196.833, 184
Trd, 000197.033, 150
Trd, 000197.633, 143
Trd, 000197.833, 156
Trd, 000198.467, 179
Trd, 000200.017, 166
Trd, 000201.217, 141
Trd, 000202.083, 157
Trd, 000202.167, 133
Trd, 000202.483, 133
Trd, 000202.867, 156
Trd, 000203.383, 131
Trd, 000203.450, 137
Trd, 000204.067, 157
Trd, 000205.983, 145
Trd, 000206.183, 139
Trd, 000206.383, 121
Trd, 000206.617, 117
Trd, 000206.833, 155
Trd, 000206.933, 161
Trd, 000208.017, 160
Trd, 000208.450, 151
Trd, 000210.733, 141
Trd, 000211.250, 116
Trd, 000212.183, 139
Trd, 000212.950, 133
Trd, 000213.850, 152
Trd, 000214.267, 155
Trd, 000214.383, 145
Trd, 000214.600, 152
Trd, 000215.417, 143
Trd, 000215.617, 158
Trd, 000216.233, 117
Trd, 000216.883, 141
Trd, 000217.050, 157
Trd, 000217.767, 138
Trd, 000218.550, 145
Trd, 000219.817, 152
Trd, 000219.917, 178
Trd, 000221.483, 127
Trd, 000221.867, 144
Trd, 000221.883, 138
Trd, 000221.967, 142
Trd, 000222.800, 142
Trd, 000223.267, 140
Trd, 000226.217, 134
Trd, 000226.733, 148
Trd, 000227.300, 169
Trd, 000227.633, 162
Trd, 000227.883, 153
Trd, 000229.467, 140
Trd, 000230.383, 159
Trd, 000231.150, 123
Trd, 000231.650, 106
Trd, 000232.067, 152
Trd, 000232.367, 134
Trd, 000233.367, 157
Trd, 000235.417, 145
Trd, 000235.467, 149
Trd, 000236.533, 142
Trd, 000236.833, 170
Trd, 000236.867, 139
Trd, 000237.700, 172
Trd, 000237.717, 160
Trd, 000238.567, 146
Trd, 000239.367, 167
Trd, 000241.133, 163
Trd, 000241.250, 184
Trd, 000241.450, 143
Trd, 000241.650, 128
Trd, 000242.217, 144
Trd, 000243.533, 152
Trd, 000243.633, 149
Trd, 000243.717, 141
Trd, 000243.917, 156
Trd, 000245.333, 136
Trd, 000245.500, 133
Trd, 000245.600, 159
Trd, 000246.350, 132
Trd, 000246.900, 140
Trd, 000247.333, 144
Trd, 000247.733, 160
Trd, 000248.133, 167
Trd, 000251.933, 166
Trd, 000252.067, 141
Trd, 000252.383, 152
Trd, 000252.950, 160
Trd, 000254.600, 155
Trd, 000254.883, 157
Trd, 000256.067, 152
Trd, 000256.150, 141
Trd, 000256.317, 175
Trd, 000256.833, 141
Trd, 000257.133, 139
Trd, 000258.183, 168
Trd, 000258.250, 188
Trd, 000259.583, 143
Trd, 000259.717, 150
Trd, 000259.867, 148
Trd, 000261.633, 180
Trd, 000261.733, 142
Trd, 000262.033, 163
Trd, 000262.367, 143
Trd, 000262.933, 142
Trd, 000265.250, 169
Trd, 000266.867, 165
Trd, 000267.233, 155
Trd, 000268.067, 153
Trd, 000268.950, 146
Trd, 000270.650, 173
Trd, 000272.417, 153
Trd, 000272.500, 150
Trd, 000272.883, 170
Trd, 000273.150, 156
Trd, 000273.550, 179
Trd, 000274.117, 141
Trd, 000274.600, 141
Trd, 000276.550, 127
Trd, 000276.650, 116
Trd, 000276.817, 152
Trd, 000277.333, 120
Trd, 000277.367, 143
Trd, 000279.100, 178
Trd, 000281.700, 119
Trd, 000281.967, 143
Trd, 000282.167, 160
Trd, 000282.333, 160
Trd, 000282.467, 143
Trd, 000285.050, 144
Trd, 000285.417, 156
Trd, 000285.933, 149
Trd, 000286.267, 145
Trd, 000286.583, 184
Trd, 000286.817, 154
Trd, 000286.883, 195
Trd, 000287.167, 164
Trd, 000288.483, 164
Trd, 000289.833, 149
Trd, 000290.717, 148
Trd, 000290.933, 142
Trd, 000291.667, 194
Trd, 000291.700, 141
Trd, 000292.000, 172
Trd, 000294.083, 164
Trd, 000294.133, 141
Trd, 000295.317, 142
Trd, 000295.400, 140
Trd, 000296.567, 117
Trd, 000296.917, 140
Trd, 000297.733, 129
Trd, 000297.967, 138
Trd, 000298.100, 145
Trd, 000299.100, 132
Trd, 000299.767, 150
