Trd, 000005.100, 117
Trd, 000005.167, 149
Trd, 000005.767, 158
Trd, 000006.683, 165
Trd, 000006.850, 154
Trd, 000006.867, 163
Trd, 000007.317, 148
Trd, 000008.033, 166
Trd, 000010.217, 188
Trd, 000010.550, 147
Trd, 000011.283, 167
Trd, 000011.750, 176
Trd, 000012.000, 165
Trd, 000012.433, 158
Trd, 000013.250, 162
Trd, 000014.483, 159
Trd, 000014.867, 152
Trd, 000014.933, 153
Trd, 000015.367, 163
Trd, 000015.583, 152
Trd, 000016.100, 158
Trd, 000017.000, 161
Trd, 000018.617, 177
Trd, 000018.800, 157
Trd, 000019.700, 178
Trd, 000020.633, 172
Trd, 000021.300, 175
Trd, 000021.400, 168
Trd, 000022.283, 161
Trd, 000022.717, 156
Trd, 000024.367, 169
Trd, 000025.317, 187
Trd, 000025.400, 135
Trd, 000025.550, 169
Trd, 000025.750, 166
Trd, 000029.533, 176
Trd, 000029.600, 174
Trd, 000030.267, 150
Trd, 000030.533, 171
Trd, 000031.233, 167
Trd, 000031.933, 159
Trd, 000032.200, 183
Trd, 000033.383, 168
Trd, 000034.867, 171
Trd, 000035.250, 184
Trd, 000035.433, 174
Trd, 000035.483, 177
Trd, 000036.133, 172
Trd, 000037.517, 172
Trd, 000038.983, 166
Trd, 000039.417, 160
Trd, 000040.517, 177
Trd, 000040.650, 175
Trd, 000041.300, 167
Trd, 000042.550, 162
Trd, 000044.200, 171
Trd, 000044.900, 161
Trd, 000047.117, 165
Trd, 000047.733, 168
Trd, 000048.267, 183
Trd, 000048.833, 163
Trd, 000049.133, 151
Trd, 000049.350, 154
Trd, 000050.567, 189
Trd, 000050.717, 138
Trd, 000051.433, 130
Trd, 000051.717, 146
Trd, 000051.750, 155
Trd, 000055.800, 149
Trd, 000055.833, 168
Trd, 000056.983, 169
Trd, 000057.183, 177
Trd, 000059.450, 159
Trd, 000059.933, 162
Trd, 000060.550, 187
Trd, 000060.917, 157
Trd, 000061.683, 160
Trd, 000062.633, 172
Trd, 000064.600, 171
Trd, 000065.933, 182
Trd, 000066.533, 168
Trd, 000067.000, 184
Trd, 000067.467, 182
Trd, 000069.367, 151
Trd, 000069.450, 143
Trd, 000070.733, 189
Trd, 000071.800, 161
Trd, 000073.550, 168
Trd, 000074.767, 172
Trd, 000075.583, 125
Trd, 000076.550, 176
Trd, 000077.633, 173
Trd, 000077.883, 173
Trd, 000077.983, 183
Trd, 000079.750, 164
Trd, 000080.800, 136
Trd, 000081.917, 184
Trd, 000082.233, 161
Trd, 000083.467, 167
Trd, 000083.667, 176
Trd, 000086.083, 189
Trd, 000087.083, 161
Trd, 000087.133, 167
Trd, 000087.950, 165
Trd, 000089.183, 150
Trd, 000091.100, 173
Trd, 000091.983, 173
Trd, 000093.150, 162
Trd, 000094.333, 185
Trd, 000094.767, 157
Trd, 000095.733, 130
Trd, 000096.900, 159
Trd, 000097.000, 170
Trd, 000097.833, 155
Trd, 000098.450, 177
Trd, 000099.017, 144
Trd, 000100.583, 177
Trd, 000101.483, 153
Trd, 000101.550, 171
Trd, 000101.800, 161
Trd, 000103.033, 172
Trd, 000105.700, 145
Trd, 000106.283, 185
Trd, 000107.767, 181
Trd, 000107.833, 168
Trd, 000111.300, 167
Trd, 000111.700, 173
Trd, 000112.000, 174
Trd, 000112.267, 159
Trd, 000113.617, 158
Trd, 000114.850, 148
Trd, 000115.800, 158
Trd, 000116.167, 174
Trd, 000116.817, 178
Trd, 000118.833, 169
Trd, 000121.900, 184
Trd, 000122.633, 171
Trd, 000123.650, 160
Trd, 000123.800, 179
Trd, 000124.450, 168
Trd, 000126.350, 174
Trd, 000126.983, 162
Trd, 000127.267, 146
Trd, 000127.583, 158
Trd, 000128.767, 172
Trd, 000129.517, 170
Trd, 000129.600, 174
Trd, 000130.900, 150
Trd, 000131.383, 178
Trd, 000131.533, 180
Trd, 000132.433, 166
Trd, 000135.450, 165
Trd, 000136.250, 149
Trd, 000136.567, 184
Trd, 000136.767, 177
Trd, 000137.367, 152
Trd, 000138.067, 149
Trd, 000138.850, 169
Trd, 000141.117, 180
Trd, 000141.567, 152
Trd, 000142.767, 168
Trd, 000144.200, 169
Trd, 000144.650, 162
Trd, 000145.550, 151
Trd, 000146.967, 184
Trd, 000147.100, 182
Trd, 000147.800, 163
Trd, 000149.483, 182
Trd, 000151.067, 185
Trd, 000151.667, 138
Trd, 000151.750, 137
Trd, 000152.233, 155
Trd, 000153.933, 178
Trd, 000154.300, 169
Trd, 000156.183, 184
Trd, 000156.733, 157
Trd, 000156.867, 163
Trd, 000157.000, 163
Trd, 000158.383, 177
Trd, 000161.500, 135
Trd, 000161.783, 150
Trd, 000161.850, 159
Trd, 000162.767, 156
Trd, 000163.167, 165
Trd, 000164.350, 174
Trd, 000164.417, 145
Trd, 000165.067, 161
Trd, 000165.200, 163
Trd, 000166.017, 160
Trd, 000166.167, 174
Trd, 000166.217, 153
Trd, 000167.000, 156
Trd, 000167.550, 175
Trd, 000168.533, 150
Trd, 000168.800, 177
Trd, 000171.217, 163
Trd, 000171.550, 166
Trd, 000171.633, 176
Trd, 000172.350, 148
Trd, 000172.583, 150
Trd, 000176.150, 160
Trd, 000176.767, 158
Trd, 000177.933, 166
Trd, 000178.667, 165
Trd, 000178.733, 167
Trd, 000181.200, 182
Trd, 000181.483, 185
Trd, 000181.867, 148
Trd, 000182.600, 159
Trd, 000182.883, 142
Trd, 000183.783, 173
Trd, 000186.383, 175
Trd, 000187.583, 183
Trd, 000187.833, 164
Trd, 000188.583, 145
Trd, 000189.317, 179
Trd, 000190.950, 167
Trd, 000191.967, 170
Trd, 000192.250, 163
Trd, 000192.800, 189
Trd, 000193.467, 175
Trd, 000194.900, 169
Trd, 000195.700, 159
Trd, 000196.483, 171
Trd, 000196.567, 166
Trd, 000196.617, 164
Trd, 000197.183, 176
Trd, 000198.533, 167
Trd, 000199.200, 160
Trd, 000200.433, 169
Trd, 000200.750, 156
Trd, 000201.183, 151
Trd, 000202.033, 155
Trd, 000202.417, 171
Trd, 000202.850, 184
Trd, 000203.200, 185
Trd, 000204.767, 173
Trd, 000206.600, 169
Trd, 000206.683, 172
Trd, 000206.783, 165
Trd, 000207.467, 166
Trd, 000207.567, 156
Trd, 000211.267, 178
Trd, 000211.550, 160
Trd, 000211.833, 170
Trd, 000212.583, 179
Trd, 000214.117, 180
Trd, 000215.533, 163
Trd, 000217.550, 168
Trd, 000217.683, 166
Trd, 000217.700, 162
Trd, 000218.933, 189
Trd, 000219.967, 166
Trd, 000221.400, 184
Trd, 000221.583, 148
Trd, 000221.833, 134
Trd, 000222.183, 146
Trd, 000222.900, 138
Trd, 000224.233, 153
Trd, 000224.350, 179
Trd, 000225.983, 166
Trd, 000227.617, 188
Trd, 000227.833, 169
Trd, 000227.950, 175
Trd, 000228.433, 167
Trd, 000229.667, 183
Trd, 000229.983, 178
Trd, 000231.433, 171
Trd, 000233.767, 165
Trd, 000235.000, 167
Trd, 000236.683, 178
Trd, 000236.750, 181
Trd, 000236.883, 156
Trd, 000237.200, 149
Trd, 000237.683, 142
Trd, 000239.917, 162
Trd, 000241.250, 161
Trd, 000241.417, 144
Trd, 000243.000, 162
Trd, 000243.517, 152
Trd, 000245.617, 144
Trd, 000246.217, 188
Trd, 000247.967, 143
Trd, 000249.033, 167
Trd, 000250.050, 171
Trd, 000251.433, 165
Trd, 000252.683, 150
Trd, 000252.983, 148
Trd, 000253.667, 185
Trd, 000254.517, 187
Trd, 000256.167, 159
Trd, 000256.517, 150
Trd, 000256.750, 178
Trd, 000257.550, 167
Trd, 000257.950, 134
Trd, 000258.817, 185
Trd, 000261.383, 118
Trd, 000263.050, 150
Trd, 000264.067, 177
Trd, 000264.400, 167
Trd, 000266.400, 133
Trd, 000266.483, 189
Trd, 000267.067, 142
Trd, 000267.233, 166
Trd, 000268.417, 176
Trd, 000270.483, 171
Trd, 000271.617, 150
Trd, 000271.833, 186
Trd, 000272.400, 185
Trd, 000273.733, 164
Trd, 000273.850, 166
Trd, 000275.000, 154
Trd, 000276.900, 170
Trd, 000277.200, 172
Trd, 000277.783, 160
Trd, 000277.850, 175
Trd, 000281.617, 170
Trd, 000281.917, 173
Trd, 000282.300, 161
Trd, 000282.633, 177
Trd, 000285.183, 161
Trd, 000286.817, 189
Trd, 000287.300, 156
Trd, 000287.433, 151
Trd, 000287.550, 162
Trd, 000289.467, 160
Trd, 000290.800, 151
Trd, 000292.533, 177
Trd, 000293.550, 159
Trd, 000293.667, 174
Trd, 000295.967, 159
Trd, 000296.267, 177
Trd, 000296.917, 183
Trd, 000298.183, 165
Trd, 000298.217, 168
Trd, 000298.483, 175
Trd, 000298.883, 188
Trd, 000299.283, 186
Trd, 000299.533, 147
