Trd, 000005.100, 107
Trd, 000005.150, 132
Trd, 000005.550, 184
Trd, 000005.983, 166
Trd, 000006.267, 161
Trd, 000006.350, 159
Trd, 000006.750, 141
Trd, 000006.933, 145
Trd, 000006.983, 178
Trd, 000007.400, 128
Trd, 000009.383, 159
Trd, 000010.217, 171
Trd, 000010.300, 154
Trd, 000010.383, 127
Trd, 000010.683, 179
Trd, 000011.083, 167
Trd, 000011.117, 162
Trd, 000011.400, 171
Trd, 000011.533, 168
Trd, 000013.633, 139
Trd, 000013.817, 153
Trd, 000015.117, 137
Trd, 000015.367, 164
Trd, 000015.867, 181
Trd, 000016.033, 167
Trd, 000016.850, 184
Trd, 000017.850, 156
Trd, 000018.367, 151
Trd, 000019.650, 176
Trd, 000020.233, 185
Trd, 000022.433, 167
Trd, 000023.200, 161
Trd, 000023.300, 148
Trd, 000023.867, 167
Trd, 000024.350, 168
Trd, 000025.050, 157
Trd, 000025.300, 186
Trd, 000025.550, 164
Trd, 000025.900, 186
Trd, 000026.533, 171
Trd, 000027.450, 180
Trd, 000028.600, 152
Trd, 000031.283, 157
Trd, 000032.433, 158
Trd, 000032.733, 141
Trd, 000033.283, 182
Trd, 000033.583, 183
Trd, 000034.500, 158
Trd, 000034.800, 137
Trd, 000035.417, 165
Trd, 000035.800, 185
Trd, 000036.333, 178
Trd, 000037.267, 164
Trd, 000037.667, 156
Trd, 000038.717, 179
Trd, 000038.833, 175
Trd, 000040.717, 186
Trd, 000041.483, 194
Trd, 000042.183, 178
Trd, 000042.617, 162
Trd, 000043.600, 160
Trd, 000045.517, 168
Trd, 000045.767, 157
Trd, 000046.617, 166
Trd, 000046.650, 155
Trd, 000046.833, 150
Trd, 000046.933, 148
Trd, 000047.383, 158
Trd, 000047.400, 143
Trd, 000050.717, 156
Trd, 000050.767, 146
Trd, 000051.467, 144
Trd, 000051.933, 167
Trd, 000052.033, 182
Trd, 000052.450, 152
Trd, 000053.400, 170
Trd, 000055.467, 181
Trd, 000055.500, 158
Trd, 000056.533, 175
Trd, 000056.900, 151
Trd, 000057.967, 152
Trd, 000058.467, 151
Trd, 000058.883, 175
Trd, 000059.150, 166
Trd, 000060.900, 167
Trd, 000062.717, 165
Trd, 000063.117, 154
Trd, 000063.933, 143
Trd, 000064.983, 160
Trd, 000065.067, 155
Trd, 000065.450, 182
Trd, 000066.433, 180
Trd, 000068.267, 175
Trd, 000069.833, 160
Trd, 000069.983, 167
Trd, 000070.883, 183
Trd, 000071.450, 158
Trd, 000072.383, 149
Trd, 000072.517, 159
Trd, 000072.683, 139
Trd, 000074.200, 165
Trd, 000074.717, 146
Trd, 000075.683, 186
Trd, 000077.567, 164
Trd, 000077.983, 171
Trd, 000078.717, 162
Trd, 000079.750, 158
Trd, 000079.800, 182
Trd, 000080.733, 183
Trd, 000081.833, 187
Trd, 000081.867, 186
Trd, 000082.167, 162
Trd, 000082.267, 165
Trd, 000082.583, 177
Trd, 000085.300, 178
Trd, 000085.833, 145
Trd, 000085.950, 151
Trd, 000086.450, 141
Trd, 000087.550, 164
Trd, 000088.033, 177
Trd, 000088.183, 158
Trd, 000091.117, 186
Trd, 000091.283, 174
Trd, 000091.717, 183
Trd, 000093.083, 177
Trd, 000093.550, 151
Trd, 000096.350, 182
Trd, 000096.517, 186
Trd, 000096.900, 163
Trd, 000101.183, 172
Trd, 000101.400, 185
Trd, 000101.433, 160
Trd, 000102.600, 166
Trd, 000103.333, 172
Trd, 000104.183, 149
Trd, 000106.450, 158
Trd, 000107.550, 181
Trd, 000107.817, 171
Trd, 000108.267, 155
Trd, 000108.300, 153
Trd, 000111.067, 165
Trd, 000111.183, 149
Trd, 000111.383, 178
Trd, 000111.900, 171
Trd, 000112.550, 186
Trd, 000112.967, 186
Trd, 000114.067, 164
Trd, 000116.017, 173
Trd, 000116.567, 175
Trd, 000116.817, 158
Trd, 000116.917, 149
Trd, 000118.050, 172
Trd, 000121.150, 145
Trd, 000121.867, 185
Trd, 000122.250, 158
Trd, 000123.967, 183
Trd, 000125.967, 162
Trd, 000126.850, 185
Trd, 000127.633, 184
Trd, 000127.783, 159
Trd, 000128.533, 151
Trd, 000129.467, 160
Trd, 000132.350, 176
Trd, 000132.533, 175
Trd, 000132.767, 181
Trd, 000132.883, 175
Trd, 000134.267, 182
Trd, 000135.583, 164
Trd, 000136.183, 144
Trd, 000136.367, 169
Trd, 000136.600, 160
Trd, 000137.267, 187
Trd, 000138.933, 183
Trd, 000140.017, 171
Trd, 000141.067, 132
Trd, 000141.117, 181
Trd, 000141.300, 147
Trd, 000141.617, 185
Trd, 000141.867, 144
Trd, 000141.917, 152
Trd, 000142.217, 146
Trd, 000142.917, 187
Trd, 000144.017, 177
Trd, 000145.317, 152
Trd, 000146.917, 185
Trd, 000147.133, 170
Trd, 000147.283, 152
Trd, 000147.483, 151
Trd, 000147.817, 155
Trd, 000148.050, 162
Trd, 000148.167, 159
Trd, 000151.317, 186
Trd, 000153.550, 171
Trd, 000153.767, 172
Trd, 000154.617, 173
Trd, 000154.650, 154
Trd, 000156.033, 139
Trd, 000156.367, 189
Trd, 000156.400, 184
Trd, 000156.900, 182
Trd, 000157.917, 161
Trd, 000161.100, 160
Trd, 000161.750, 175
Trd, 000162.217, 177
Trd, 000163.267, 160
Trd, 000163.283, 158
Trd, 000164.117, 188
Trd, 000165.217, 143
Trd, 000165.900, 182
Trd, 000166.200, 168
Trd, 000166.233, 163
Trd, 000167.283, 165
Trd, 000167.517, 183
Trd, 000170.200, 153
Trd, 000171.383, 180
Trd, 000172.067, 168
Trd, 000173.000, 166
Trd, 000173.233, 158
Trd, 000175.117, 160
Trd, 000175.550, 141
Trd, 000176.500, 180
Trd, 000177.267, 179
Trd, 000180.567, 168
Trd, 000180.867, 163
Trd, 000181.950, 168
Trd, 000182.200, 186
Trd, 000182.883, 171
Trd, 000184.583, 171
Trd, 000184.783, 155
Trd, 000184.817, 154
Trd, 000185.367, 187
Trd, 000185.467, 157
Trd, 000186.917, 171
Trd, 000187.117, 151
Trd, 000187.150, 165
Trd, 000188.350, 159
Trd, 000188.750, 147
Trd, 000188.900, 168
Trd, 000190.067, 159
Trd, 000190.733, 152
Trd, 000191.050, 154
Trd, 000191.217, 185
Trd, 000191.767, 167
Trd, 000192.083, 175
Trd, 000192.467, 136
Trd, 000192.933, 153
Trd, 000193.650, 146
Trd, 000194.050, 154
Trd, 000196.633, 190
Trd, 000196.750, 182
Trd, 000197.117, 162
Trd, 000197.467, 179
Trd, 000198.183, 157
Trd, 000199.900, 163
Trd, 000201.800, 185
Trd, 000202.433, 163
Trd, 000205.300, 168
Trd, 000206.033, 150
Trd, 000206.617, 161
Trd, 000206.783, 158
Trd, 000206.833, 177
Trd, 000208.300, 169
Trd, 000208.450, 163
Trd, 000209.617, 163
Trd, 000210.667, 154
Trd, 000210.883, 166
Trd, 000211.467, 159
Trd, 000211.617, 180
Trd, 000211.650, 157
Trd, 000211.983, 145
Trd, 000212.083, 149
Trd, 000212.667, 184
Trd, 000212.750, 180
Trd, 000213.533, 159
Trd, 000213.733, 172
Trd, 000214.933, 131
Trd, 000215.683, 165
Trd, 000217.700, 178
Trd, 000218.017, 166
Trd, 000218.983, 158
Trd, 000220.533, 155
Trd, 000221.583, 186
Trd, 000222.600, 176
Trd, 000223.217, 176
Trd, 000224.250, 169
Trd, 000224.783, 181
Trd, 000226.233, 152
Trd, 000226.983, 185
Trd, 000227.017, 170
Trd, 000228.667, 172
Trd, 000231.350, 186
Trd, 000231.650, 171
Trd, 000232.467, 151
Trd, 000234.617, 178
Trd, 000235.267, 187
Trd, 000236.783, 151
Trd, 000237.300, 190
Trd, 000237.583, 185
Trd, 000238.800, 154
Trd, 000238.833, 151
Trd, 000239.517, 154
Trd, 000241.483, 186
Trd, 000241.533, 192
Trd, 000241.933, 188
Trd, 000242.767, 158
Trd, 000243.467, 155
Trd, 000244.317, 175
Trd, 000246.333, 136
Trd, 000247.533, 166
Trd, 000247.667, 183
Trd, 000247.900, 177
Trd, 000249.300, 158
Trd, 000250.350, 185
Trd, 000251.367, 184
Trd, 000251.650, 177
Trd, 000251.667, 171
Trd, 000252.917, 162
Trd, 000253.317, 177
Trd, 000254.467, 141
Trd, 000254.583, 142
Trd, 000255.967, 169
Trd, 000256.583, 147
Trd, 000257.533, 169
Trd, 000258.533, 163
Trd, 000258.850, 165
Trd, 000259.383, 172
Trd, 000259.667, 160
Trd, 000260.950, 167
Trd, 000262.500, 167
Trd, 000262.517, 173
Trd, 000262.650, 180
Trd, 000263.500, 163
Trd, 000264.083, 158
Trd, 000264.467, 163
Trd, 000266.717, 179
Trd, 000266.733, 184
Trd, 000267.667, 181
Trd, 000268.333, 177
Trd, 000270.250, 163
Trd, 000271.550, 192
Trd, 000272.017, 179
Trd, 000272.617, 193
Trd, 000273.933, 164
Trd, 000276.317, 164
Trd, 000276.650, 174
Trd, 000277.183, 185
Trd, 000277.733, 153
Trd, 000278.200, 169
Trd, 000282.417, 142
Trd, 000282.700, 152
Trd, 000282.767, 164
Trd, 000283.983, 161
Trd, 000284.967, 185
Trd, 000285.883, 159
Trd, 000286.800, 182
Trd, 000286.917, 149
Trd, 000287.717, 182
Trd, 000288.750, 167
Trd, 000289.467, 165
Trd, 000292.250, 185
Trd, 000294.117, 176
Trd, 000294.933, 160
Trd, 000295.100, 170
Trd, 000295.800, 165
Trd, 000297.117, 151
Trd, 000297.250, 185
Trd, 000297.883, 166
Trd, 000297.967, 165
Trd, 000298.417, 167
Trd, 000299.217, 171
Trd, 000299.817, 173
