Trd, 000005.167, 120
Trd, 000005.317, 109
Trd, 000005.550, 149
Trd, 000005.883, 174
Trd, 000006.433, 154
Trd, 000006.617, 148
Trd, 000010.100, 133
Trd, 000010.433, 146
Trd, 000011.183, 154
Trd, 000011.600, 148
Trd, 000011.817, 156
Trd, 000011.900, 158
Trd, 000011.933, 136
Trd, 000014.217, 152
Trd, 000015.033, 168
Trd, 000015.750, 199
Trd, 000016.183, 180
Trd, 000016.350, 178
Trd, 000016.417, 158
Trd, 000017.433, 160
Trd, 000018.867, 151
Trd, 000019.800, 154
Trd, 000020.017, 147
Trd, 000020.283, 179
Trd, 000020.467, 134
Trd, 000022.667, 161
Trd, 000022.733, 164
Trd, 000022.917, 177
Trd, 000024.900, 163
Trd, 000025.467, 187
Trd, 000025.517, 159
Trd, 000025.750, 177
Trd, 000026.433, 162
Trd, 000026.883, 169
Trd, 000027.333, 148
Trd, 000028.900, 143
Trd, 000030.117, 144
Trd, 000030.383, 199
Trd, 000030.800, 161
Trd, 000032.017, 162
Trd, 000032.617, 171
Trd, 000032.633, 163
Trd, 000034.100, 146
Trd, 000034.400, 146
Trd, 000034.700, 148
Trd, 000036.483, 151
Trd, 000036.533, 152
Trd, 000036.867, 148
Trd, 000037.183, 139
Trd, 000039.200, 156
Trd, 000040.267, 148
Trd, 000040.500, 153
Trd, 000041.133, 130
Trd, 000041.217, 122
Trd, 000042.467, 141
Trd, 000043.300, 162
Trd, 000044.233, 182
Trd, 000044.700, 163
Trd, 000045.183, 137
Trd, 000045.733, 166
Trd, 000046.000, 140
Trd, 000046.867, 149
Trd, 000047.783, 148
Trd, 000047.917, 150
Trd, 000050.367, 146
Trd, 000051.367, 156
Trd, 000052.950, 148
Trd, 000053.167, 158
Trd, 000054.583, 164
Trd, 000054.617, 154
Trd, 000055.450, 167
Trd, 000057.317, 167
Trd, 000058.133, 179
Trd, 000058.833, 156
Trd, 000061.233, 148
Trd, 000062.200, 144
Trd, 000063.333, 149
Trd, 000063.900, 152
Trd, 000064.367, 146
Trd, 000065.917, 140
Trd, 000065.933, 136
Trd, 000066.233, 168
Trd, 000066.867, 145
Trd, 000067.067, 179
Trd, 000067.817, 162
Trd, 000070.933, 121
Trd, 000071.600, 151
Trd, 000071.717, 160
Trd, 000071.983, 161
Trd, 000072.367, 156
Trd, 000072.483, 152
Trd, 000073.600, 146
Trd, 000073.967, 157
Trd, 000074.267, 180
Trd, 000076.767, 170
Trd, 000077.183, 154
Trd, 000078.100, 151
Trd, 000078.883, 157
Trd, 000080.083, 177
Trd, 000080.600, 164
Trd, 000083.617, 162
Trd, 000085.067, 161
Trd, 000085.650, 121
Trd, 000086.283, 158
Trd, 000086.717, 169
Trd, 000088.467, 171
Trd, 000090.267, 149
Trd, 000091.300, 181
Trd, 000091.833, 151
Trd, 000091.900, 148
Trd, 000094.067, 161
Trd, 000094.217, 154
Trd, 000094.317, 162
Trd, 000094.633, 162
Trd, 000095.233, 131
Trd, 000096.317, 160
Trd, 000096.533, 146
Trd, 000096.867, 151
Trd, 000098.150, 145
Trd, 000098.467, 156
Trd, 000100.833, 138
Trd, 000101.217, 148
Trd, 000101.333, 130
Trd, 000101.767, 151
Trd, 000102.200, 160
Trd, 000102.700, 171
Trd, 000105.767, 144
Trd, 000106.433, 132
Trd, 000107.167, 141
Trd, 000107.667, 150
Trd, 000107.767, 168
Trd, 000108.500, 133
Trd, 000109.900, 150
Trd, 000110.783, 136
Trd, 000111.750, 149
Trd, 000111.800, 150
Trd, 000114.583, 154
Trd, 000115.033, 148
Trd, 000115.683, 149
Trd, 000115.850, 132
Trd, 000116.150, 160
Trd, 000116.717, 165
Trd, 000117.333, 168
Trd, 000118.900, 153
Trd, 000120.933, 160
Trd, 000121.233, 148
Trd, 000121.533, 182
Trd, 000122.550, 158
Trd, 000122.633, 164
Trd, 000122.767, 170
Trd, 000123.533, 151
Trd, 000124.867, 166
Trd, 000125.083, 144
Trd, 000125.733, 136
Trd, 000126.017, 159
Trd, 000126.533, 148
Trd, 000126.867, 170
Trd, 000128.600, 162
Trd, 000129.250, 162
Trd, 000129.583, 156
Trd, 000130.300, 149
Trd, 000131.000, 162
Trd, 000131.633, 175
Trd, 000131.933, 146
Trd, 000133.583, 161
Trd, 000133.867, 159
Trd, 000134.067, 148
Trd, 000135.250, 144
Trd, 000136.000, 139
Trd, 000136.383, 148
Trd, 000136.900, 164
Trd, 000137.083, 171
Trd, 000137.500, 144
Trd, 000138.083, 174
Trd, 000138.867, 181
Trd, 000140.967, 180
Trd, 000141.033, 168
Trd, 000141.833, 141
Trd, 000142.267, 176
Trd, 000142.783, 153
Trd, 000143.667, 174
Trd, 000144.233, 150
Trd, 000144.750, 180
Trd, 000145.117, 140
Trd, 000145.917, 108
Trd, 000146.167, 174
Trd, 000146.717, 140
Trd, 000146.833, 129
Trd, 000147.383, 155
Trd, 000150.217, 170
Trd, 000151.300, 138
Trd, 000152.067, 173
Trd, 000152.567, 177
Trd, 000153.033, 160
Trd, 000153.267, 174
Trd, 000155.567, 162
Trd, 000155.917, 147
Trd, 000156.333, 180
Trd, 000159.250, 160
Trd, 000159.633, 164
Trd, 000160.400, 161
Trd, 000160.550, 156
Trd, 000161.433, 174
Trd, 000161.517, 166
Trd, 000161.600, 148
Trd, 000162.933, 170
Trd, 000163.967, 154
Trd, 000165.767, 153
Trd, 000166.200, 165
Trd, 000166.250, 134
Trd, 000167.767, 159
Trd, 000168.167, 151
Trd, 000169.200, 148
Trd, 000169.500, 155
Trd, 000171.267, 148
Trd, 000171.800, 182
Trd, 000173.533, 139
Trd, 000174.283, 140
Trd, 000176.283, 169
Trd, 000176.783, 168
Trd, 000176.983, 156
Trd, 000177.267, 155
Trd, 000178.650, 165
Trd, 000178.767, 149
Trd, 000181.350, 146
Trd, 000181.450, 158
Trd, 000181.467, 150
Trd, 000182.517, 164
Trd, 000185.933, 154
Trd, 000186.300, 177
Trd, 000186.383, 148
Trd, 000186.550, 182
Trd, 000186.833, 140
Trd, 000187.883, 144
Trd, 000189.917, 143
Trd, 000191.483, 182
Trd, 000191.567, 163
Trd, 000191.917, 163
Trd, 000191.983, 174
Trd, 000194.617, 163
Trd, 000195.033, 147
Trd, 000196.233, 148
Trd, 000196.433, 169
Trd, 000197.350, 149
Trd, 000197.683, 148
Trd, 000199.733, 158
Trd, 000200.433, 150
Trd, 000201.183, 182
Trd, 000201.650, 147
Trd, 000201.967, 144
Trd, 000204.017, 145
Trd, 000204.333, 154
Trd, 000204.517, 152
Trd, 000204.933, 158
Trd, 000205.950, 141
Trd, 000206.317, 160
Trd, 000207.800, 152
Trd, 000207.867, 165
Trd, 000207.900, 180
Trd, 000208.783, 153
Trd, 000209.500, 166
Trd, 000212.150, 182
Trd, 000212.167, 179
Trd, 000213.217, 179
Trd, 000213.750, 168
Trd, 000213.867, 152
Trd, 000214.700, 164
Trd, 000214.867, 148
Trd, 000216.533, 138
Trd, 000216.767, 141
Trd, 000219.050, 165
Trd, 000219.317, 167
Trd, 000219.717, 158
Trd, 000220.117, 140
Trd, 000220.133, 131
Trd, 000221.300, 144
Trd, 000221.683, 161
Trd, 000222.283, 145
Trd, 000223.933, 170
Trd, 000224.950, 145
Trd, 000226.933, 147
Trd, 000227.217, 177
Trd, 000227.250, 180
Trd, 000228.883, 146
Trd, 000229.150, 137
Trd, 000229.667, 165
Trd, 000231.483, 178
Trd, 000232.150, 168
Trd, 000232.250, 182
Trd, 000232.867, 158
Trd, 000234.867, 151
Trd, 000236.900, 162
Trd, 000237.433, 165
Trd, 000237.517, 150
Trd, 000237.900, 176
Trd, 000238.383, 147
Trd, 000240.100, 156
Trd, 000240.733, 167
Trd, 000241.667, 152
Trd, 000242.550, 172
Trd, 000242.683, 146
Trd, 000243.483, 173
Trd, 000243.600, 160
Trd, 000244.517, 163
Trd, 000245.333, 151
Trd, 000246.383, 117
Trd, 000246.550, 120
Trd, 000247.367, 154
Trd, 000247.600, 171
Trd, 000248.067, 167
Trd, 000249.167, 181
Trd, 000250.283, 148
Trd, 000251.600, 160
Trd, 000252.083, 131
Trd, 000252.733, 152
Trd, 000253.700, 180
Trd, 000256.367, 150
Trd, 000256.983, 146
Trd, 000257.733, 172
Trd, 000258.483, 155
Trd, 000258.650, 138
Trd, 000259.200, 143
Trd, 000259.233, 163
Trd, 000259.450, 154
Trd, 000259.767, 168
Trd, 000261.800, 195
Trd, 000262.100, 175
Trd, 000262.883, 176
Trd, 000264.200, 148
Trd, 000264.717, 159
Trd, 000265.483, 160
Trd, 000266.100, 144
Trd, 000266.817, 133
Trd, 000267.000, 139
Trd, 000267.533, 140
Trd, 000268.367, 122
Trd, 000268.417, 155
Trd, 000268.867, 139
Trd, 000269.100, 184
Trd, 000271.417, 183
Trd, 000271.700, 167
Trd, 000272.367, 174
Trd, 000272.733, 164
Trd, 000273.650, 171
Trd, 000274.050, 148
Trd, 000275.233, 161
Trd, 000276.817, 180
Trd, 000276.933, 161
Trd, 000277.117, 179
Trd, 000277.483, 135
Trd, 000282.367, 152
Trd, 000282.533, 146
Trd, 000283.050, 151
Trd, 000283.200, 159
Trd, 000284.567, 147
Trd, 000286.533, 131
Trd, 000286.833, 187
Trd, 000287.250, 162
Trd, 000287.317, 142
Trd, 000287.383, 165
Trd, 000288.650, 182
Trd, 000288.867, 148
Trd, 000289.183, 145
Trd, 000291.983, 157
Trd, 000292.183, 163
Trd, 000292.550, 147
Trd, 000292.900, 141
Trd, 000293.083, 159
Trd, 000293.167, 164
Trd, 000294.483, 143
Trd, 000296.617, 181
Trd, 000297.167, 150
Trd, 000297.233, 166
Trd, 000297.333, 148
Trd, 000297.750, 158
