Trd, 000005.233, 199
Trd, 000005.433, 131
Trd, 000005.633, 155
Trd, 000005.733, 155
Trd, 000006.550, 132
Trd, 000007.050, 141
Trd, 000007.250, 151
Trd, 000008.983, 155
Trd, 000009.367, 132
Trd, 000010.400, 151
Trd, 000010.983, 141
Trd, 000011.233, 146
Trd, 000011.717, 130
Trd, 000012.000, 153
Trd, 000012.733, 172
Trd, 000015.200, 126
Trd, 000016.800, 166
Trd, 000017.900, 162
Trd, 000018.000, 132
Trd, 000018.650, 131
Trd, 000019.900, 141
Trd, 000020.300, 114
Trd, 000020.767, 118
Trd, 000022.067, 148
Trd, 000022.450, 151
Trd, 000022.933, 152
Trd, 000023.300, 164
Trd, 000023.867, 162
Trd, 000025.283, 141
Trd, 000025.900, 174
Trd, 000026.067, 180
Trd, 000026.167, 185
Trd, 000027.433, 142
Trd, 000027.483, 171
Trd, 000028.017, 136
Trd, 000030.650, 172
Trd, 000030.950, 151
Trd, 000031.200, 171
Trd, 000031.250, 149
Trd, 000033.817, 149
Trd, 000034.267, 149
Trd, 000035.217, 165
Trd, 000035.417, 118
Trd, 000036.150, 161
Trd, 000036.733, 132
Trd, 000037.083, 131
Trd, 000037.983, 131
Trd, 000038.767, 152
Trd, 000040.700, 157
Trd, 000041.300, 158
Trd, 000042.267, 149
Trd, 000042.333, 159
Trd, 000042.533, 148
Trd, 000042.717, 158
Trd, 000043.467, 140
Trd, 000045.033, 157
Trd, 000045.750, 192
Trd, 000046.733, 144
Trd, 000046.983, 134
Trd, 000047.717, 148
Trd, 000048.017, 148
Trd, 000048.033, 139
Trd, 000050.400, 130
Trd, 000050.533, 132
Trd, 000051.050, 139
Trd, 000051.367, 156
Trd, 000052.667, 171
Trd, 000053.467, 172
Trd, 000055.600, 156
Trd, 000055.683, 155
Trd, 000055.733, 136
Trd, 000057.050, 186
Trd, 000057.133, 177
Trd, 000058.083, 160
Trd, 000058.633, 157
Trd, 000058.900, 146
Trd, 000060.533, 126
Trd, 000060.783, 167
Trd, 000060.900, 162
Trd, 000061.550, 124
Trd, 000061.650, 133
Trd, 000061.700, 146
Trd, 000065.667, 152
Trd, 000065.833, 165
Trd, 000066.417, 166
Trd, 000066.517, 162
Trd, 000066.600, 144
Trd, 000068.467, 192
Trd, 000069.083, 160
Trd, 000070.717, 191
Trd, 000071.683, 157
Trd, 000072.417, 157
Trd, 000072.500, 144
Trd, 000074.317, 154
Trd, 000075.817, 167
Trd, 000075.850, 146
Trd, 000076.383, 139
Trd, 000076.817, 183
Trd, 000080.367, 146
Trd, 000081.600, 130
Trd, 000082.217, 132
Trd, 000082.450, 146
Trd, 000082.583, 147
Trd, 000082.617, 150
Trd, 000083.817, 158
Trd, 000085.583, 167
Trd, 000086.033, 121
Trd, 000086.617, 161
Trd, 000087.217, 170
Trd, 000087.467, 131
Trd, 000087.800, 172
Trd, 000088.117, 152
Trd, 000089.467, 179
Trd, 000090.817, 142
Trd, 000091.467, 142
Trd, 000091.617, 158
Trd, 000092.433, 151
Trd, 000092.983, 145
Trd, 000094.950, 135
Trd, 000096.150, 124
Trd, 000096.533, 124
Trd, 000096.567, 139
Trd, 000097.300, 154
Trd, 000097.367, 153
Trd, 000098.033, 151
Trd, 000101.083, 149
Trd, 000102.183, 167
Trd, 000102.767, 173
Trd, 000105.933, 145
Trd, 000106.600, 145
Trd, 000106.967, 147
Trd, 000108.717, 147
Trd, 000109.033, 152
Trd, 000109.683, 159
Trd, 000110.133, 145
Trd, 000110.850, 117
Trd, 000111.017, 170
Trd, 000111.633, 149
Trd, 000112.050, 131
Trd, 000112.500, 173
Trd, 000114.400, 156
Trd, 000116.000, 146
Trd, 000116.133, 138
Trd, 000116.200, 119
Trd, 000116.500, 131
Trd, 000118.200, 131
Trd, 000118.700, 144
Trd, 000119.100, 150
Trd, 000121.233, 186
Trd, 000121.333, 191
Trd, 000121.417, 165
Trd, 000122.500, 158
Trd, 000122.933, 151
Trd, 000124.333, 155
Trd, 000124.683, 155
Trd, 000125.217, 144
Trd, 000126.233, 171
Trd, 000126.483, 174
Trd, 000126.567, 146
Trd, 000127.083, 145
Trd, 000127.267, 140
Trd, 000129.350, 156
Trd, 000131.500, 137
Trd, 000133.233, 150
Trd, 000133.500, 148
Trd, 000134.200, 152
Trd, 000134.267, 159
Trd, 000134.867, 146
Trd, 000136.150, 155
Trd, 000136.700, 139
Trd, 000136.717, 138
Trd, 000137.500, 143
Trd, 000137.817, 170
Trd, 000140.433, 160
Trd, 000140.950, 143
Trd, 000142.283, 158
Trd, 000142.450, 178
Trd, 000143.183, 155
Trd, 000144.133, 158
Trd, 000146.517, 145
Trd, 000146.583, 137
Trd, 000147.233, 178
Trd, 000147.250, 165
Trd, 000147.467, 167
Trd, 000147.667, 160
Trd, 000150.467, 163
Trd, 000151.000, 135
Trd, 000151.467, 136
Trd, 000152.900, 164
Trd, 000153.033, 164
Trd, 000153.783, 138
Trd, 000155.617, 167
Trd, 000155.683, 162
Trd, 000156.617, 166
Trd, 000156.733, 153
Trd, 000157.017, 175
Trd, 000157.367, 166
Trd, 000157.400, 162
Trd, 000157.917, 138
Trd, 000160.367, 157
Trd, 000161.183, 136
Trd, 000161.367, 162
Trd, 000161.850, 153
Trd, 000163.583, 181
Trd, 000166.200, 188
Trd, 000166.233, 125
Trd, 000166.850, 177
Trd, 000167.083, 144
Trd, 000168.267, 157
Trd, 000169.767, 150
Trd, 000171.183, 127
Trd, 000171.783, 151
Trd, 000171.967, 183
Trd, 000172.533, 141
Trd, 000172.817, 154
Trd, 000174.583, 159
Trd, 000174.850, 138
Trd, 000175.100, 131
Trd, 000175.117, 159
Trd, 000176.317, 155
Trd, 000176.650, 151
Trd, 000177.150, 149
Trd, 000177.700, 136
Trd, 000178.333, 165
Trd, 000179.950, 145
Trd, 000179.983, 172
Trd, 000180.983, 129
Trd, 000181.217, 123
Trd, 000182.100, 167
Trd, 000182.767, 131
Trd, 000182.983, 123
Trd, 000184.350, 149
Trd, 000186.267, 104
Trd, 000186.300, 121
Trd, 000186.333, 154
Trd, 000186.417, 166
Trd, 000186.483, 151
Trd, 000187.533, 154
Trd, 000191.217, 151
Trd, 000191.683, 151
Trd, 000191.733, 122
Trd, 000191.917, 147
Trd, 000194.067, 153
Trd, 000194.483, 140
Trd, 000194.667, 134
Trd, 000195.617, 165
Trd, 000196.817, 139
Trd, 000197.267, 151
Trd, 000197.333, 151
Trd, 000197.500, 131
Trd, 000198.200, 130
Trd, 000199.233, 158
Trd, 000199.617, 149
Trd, 000201.550, 146
Trd, 000201.683, 145
Trd, 000203.383, 141
Trd, 000203.867, 161
Trd, 000205.600, 140
Trd, 000205.883, 140
Trd, 000207.167, 166
Trd, 000207.983, 146
Trd, 000208.067, 146
Trd, 000208.183, 180
Trd, 000208.567, 174
Trd, 000209.983, 144
Trd, 000210.200, 156
Trd, 000211.783, 174
Trd, 000212.600, 153
Trd, 000212.817, 155
Trd, 000212.883, 144
Trd, 000213.367, 144
Trd, 000214.050, 148
Trd, 000214.917, 153
Trd, 000215.117, 152
Trd, 000216.550, 146
Trd, 000217.617, 171
Trd, 000218.200, 157
Trd, 000220.300, 146
Trd, 000220.600, 150
Trd, 000220.917, 150
Trd, 000221.367, 162
Trd, 000222.000, 138
Trd, 000222.233, 146
Trd, 000222.367, 166
Trd, 000222.750, 137
Trd, 000223.400, 146
Trd, 000224.017, 146
Trd, 000226.417, 141
Trd, 000226.600, 150
Trd, 000227.000, 142
Trd, 000227.417, 139
Trd, 000227.500, 133
Trd, 000227.617, 148
Trd, 000229.917, 170
Trd, 000231.500, 134
Trd, 000232.817, 157
Trd, 000233.083, 156
Trd, 000233.150, 156
Trd, 000234.100, 137
Trd, 000234.450, 181
Trd, 000234.833, 188
Trd, 000236.600, 139
Trd, 000236.867, 152
Trd, 000237.133, 164
Trd, 000237.367, 174
Trd, 000237.733, 135
Trd, 000238.800, 173
Trd, 000242.433, 169
Trd, 000242.983, 144
Trd, 000243.550, 141
Trd, 000243.700, 137
Trd, 000245.700, 156
Trd, 000246.467, 169
Trd, 000246.650, 193
Trd, 000246.683, 187
Trd, 000246.817, 168
Trd, 000248.217, 141
Trd, 000248.583, 150
Trd, 000252.250, 173
Trd, 000252.650, 162
Trd, 000254.050, 157
Trd, 000254.450, 155
Trd, 000254.600, 153
Trd, 000256.467, 148
Trd, 000257.767, 144
Trd, 000257.783, 149
Trd, 000257.867, 168
Trd, 000258.167, 151
Trd, 000258.333, 169
Trd, 000259.467, 137
Trd, 000261.417, 169
Trd, 000262.950, 169
Trd, 000263.533, 146
Trd, 000263.983, 168
Trd, 000264.067, 175
Trd, 000264.450, 138
Trd, 000264.633, 155
Trd, 000264.650, 162
Trd, 000264.667, 131
Trd, 000266.783, 135
Trd, 000266.983, 153
Trd, 000267.200, 136
Trd, 000267.500, 170
Trd, 000268.783, 143
Trd, 000270.267, 162
Trd, 000272.100, 158
Trd, 000272.333, 145
Trd, 000272.367, 187
Trd, 000273.567, 151
Trd, 000274.233, 147
Trd, 000276.667, 158
Trd, 000277.833, 182
Trd, 000277.917, 178
Trd, 000278.833, 154
Trd, 000279.467, 153
Trd, 000280.817, 144
Trd, 000281.167, 144
Trd, 000281.650, 142
Trd, 000281.700, 149
Trd, 000282.050, 136
Trd, 000282.167, 136
Trd, 000282.817, 145
Trd, 000284.400, 138
Trd, 000286.783, 179
Trd, 000288.967, 149
Trd, 000289.167, 153
Trd, 000292.167, 176
Trd, 000292.700, 171
Trd, 000293.417, 165
Trd, 000294.967, 165
Trd, 000296.133, 156
Trd, 000296.983, 150
Trd, 000297.533, 156
