Trd, 000005.500, 150
Trd, 000005.650, 163
Trd, 000005.683, 152
Trd, 000006.117, 180
Trd, 000006.300, 174
Trd, 000006.750, 167
Trd, 000006.800, 146
Trd, 000007.517, 139
Trd, 000008.083, 198
Trd, 000009.117, 153
Trd, 000010.350, 165
Trd, 000010.433, 160
Trd, 000010.867, 177
Trd, 000011.083, 154
Trd, 000012.033, 162
Trd, 000012.517, 167
Trd, 000014.950, 147
Trd, 000015.717, 180
Trd, 000015.850, 163
Trd, 000017.200, 186
Trd, 000017.600, 162
Trd, 000019.933, 174
Trd, 000020.167, 162
Trd, 000021.117, 175
Trd, 000021.233, 157
Trd, 000021.950, 167
Trd, 000022.667, 176
Trd, 000022.767, 164
Trd, 000024.467, 184
Trd, 000025.183, 138
Trd, 000025.567, 137
Trd, 000025.983, 180
Trd, 000027.850, 171
Trd, 000028.117, 158
Trd, 000028.183, 156
Trd, 000028.833, 158
Trd, 000030.400, 167
Trd, 000030.617, 171
Trd, 000030.967, 169
Trd, 000031.233, 149
Trd, 000031.517, 167
Trd, 000035.367, 136
Trd, 000035.650, 151
Trd, 000036.333, 156
Trd, 000036.400, 164
Trd, 000036.750, 174
Trd, 000039.900, 168
Trd, 000039.983, 175
Trd, 000041.067, 169
Trd, 000041.117, 159
Trd, 000042.967, 162
Trd, 000044.150, 175
Trd, 000044.183, 165
Trd, 000044.200, 152
Trd, 000044.767, 168
Trd, 000045.750, 154
Trd, 000046.017, 137
Trd, 000046.167, 156
Trd, 000046.750, 176
Trd, 000046.867, 162
Trd, 000046.967, 167
Trd, 000047.883, 170
Trd, 000048.750, 160
Trd, 000050.983, 167
Trd, 000051.267, 163
Trd, 000051.567, 154
Trd, 000051.733, 161
Trd, 000053.417, 148
Trd, 000055.417, 173
Trd, 000055.467, 151
Trd, 000055.667, 151
Trd, 000055.933, 175
Trd, 000056.367, 182
Trd, 000056.767, 183
Trd, 000057.300, 153
Trd, 000059.067, 151
Trd, 000060.017, 143
Trd, 000060.650, 158
Trd, 000061.183, 168
Trd, 000061.467, 159
Trd, 000061.750, 175
Trd, 000062.617, 173
Trd, 000063.633, 171
Trd, 000065.800, 140
Trd, 000065.983, 142
Trd, 000066.417, 159
Trd, 000067.117, 150
Trd, 000067.800, 192
Trd, 000069.467, 174
Trd, 000069.550, 174
Trd, 000070.217, 172
Trd, 000070.583, 171
Trd, 000070.983, 139
Trd, 000071.767, 167
Trd, 000073.117, 174
Trd, 000073.150, 175
Trd, 000073.283, 171
Trd, 000073.517, 164
Trd, 000074.333, 162
Trd, 000074.800, 155
Trd, 000075.683, 186
Trd, 000075.750, 178
Trd, 000076.333, 152
Trd, 000076.467, 131
Trd, 000077.117, 153
Trd, 000080.583, 171
Trd, 000081.083, 161
Trd, 000081.433, 147
Trd, 000083.200, 169
Trd, 000084.833, 157
Trd, 000085.583, 147
Trd, 000085.917, 150
Trd, 000086.000, 161
Trd, 000087.767, 183
Trd, 000089.983, 166
Trd, 000090.183, 196
Trd, 000091.200, 154
Trd, 000092.050, 167
Trd, 000092.883, 173
Trd, 000092.900, 164
Trd, 000093.033, 158
Trd, 000093.650, 152
Trd, 000095.817, 136
Trd, 000096.100, 180
Trd, 000096.117, 171
Trd, 000096.300, 194
Trd, 000097.150, 134
Trd, 000097.783, 169
Trd, 000100.550, 163
Trd, 000101.600, 184
Trd, 000102.050, 172
Trd, 000102.717, 163
Trd, 000103.417, 178
Trd, 000103.917, 154
Trd, 000105.817, 117
Trd, 000105.967, 147
Trd, 000106.167, 167
Trd, 000106.783, 148
Trd, 000107.250, 135
Trd, 000111.083, 150
Trd, 000111.267, 174
Trd, 000111.783, 174
Trd, 000111.800, 169
Trd, 000111.933, 173
Trd, 000112.117, 166
Trd, 000114.300, 159
Trd, 000114.650, 172
Trd, 000115.433, 156
Trd, 000115.933, 150
Trd, 000116.983, 166
Trd, 000117.333, 158
Trd, 000118.233, 178
Trd, 000118.467, 165
Trd, 000121.250, 157
Trd, 000121.517, 171
Trd, 000122.267, 175
Trd, 000124.050, 177
Trd, 000124.250, 176
Trd, 000124.317, 159
Trd, 000125.100, 153
Trd, 000126.433, 173
Trd, 000127.267, 179
Trd, 000127.717, 178
Trd, 000128.250, 167
Trd, 000128.367, 151
Trd, 000128.983, 149
Trd, 000130.033, 162
Trd, 000130.517, 168
Trd, 000131.350, 174
Trd, 000132.200, 163
Trd, 000132.350, 158
Trd, 000132.400, 178
Trd, 000133.217, 173
Trd, 000133.750, 163
Trd, 000134.500, 169
Trd, 000135.917, 128
Trd, 000136.033, 143
Trd, 000136.550, 140
Trd, 000136.583, 176
Trd, 000136.867, 151
Trd, 000136.983, 182
Trd, 000137.683, 134
Trd, 000137.967, 152
Trd, 000138.750, 141
Trd, 000139.333, 152
Trd, 000139.717, 135
Trd, 000141.817, 197
Trd, 000142.700, 175
Trd, 000142.717, 175
Trd, 000143.750, 176
Trd, 000143.783, 162
Trd, 000144.333, 160
Trd, 000144.900, 162
Trd, 000146.167, 164
Trd, 000146.300, 153
Trd, 000146.517, 136
Trd, 000147.117, 155
Trd, 000147.683, 180
Trd, 000147.817, 171
Trd, 000149.400, 177
Trd, 000150.033, 174
Trd, 000150.450, 150
Trd, 000152.200, 156
Trd, 000152.333, 159
Trd, 000152.900, 152
Trd, 000153.117, 154
Trd, 000153.400, 160
Trd, 000153.750, 164
Trd, 000154.567, 187
Trd, 000155.517, 169
Trd, 000156.367, 150
Trd, 000157.850, 190
Trd, 000161.033, 135
Trd, 000161.417, 145
Trd, 000162.283, 178
Trd, 000163.183, 157
Trd, 000163.733, 173
Trd, 000164.200, 168
Trd, 000165.233, 164
Trd, 000166.050, 164
Trd, 000166.833, 188
Trd, 000166.983, 179
Trd, 000167.183, 164
Trd, 000168.933, 173
Trd, 000169.133, 166
Trd, 000169.550, 178
Trd, 000170.967, 179
Trd, 000171.283, 141
Trd, 000171.383, 142
Trd, 000171.700, 188
Trd, 000171.750, 172
Trd, 000172.400, 149
Trd, 000172.733, 197
Trd, 000175.300, 181
Trd, 000176.150, 146
Trd, 000176.633, 137
Trd, 000176.717, 176
Trd, 000176.967, 181
Trd, 000177.900, 178
Trd, 000179.200, 172
Trd, 000179.567, 158
Trd, 000181.100, 161
Trd, 000181.600, 173
Trd, 000181.683, 166
Trd, 000182.767, 173
Trd, 000182.817, 161
Trd, 000184.383, 164
Trd, 000184.483, 172
Trd, 000184.983, 163
Trd, 000186.617, 135
Trd, 000187.367, 159
Trd, 000188.450, 178
Trd, 000188.850, 176
Trd, 000189.183, 175
Trd, 000189.600, 168
Trd, 000189.817, 153
Trd, 000190.667, 155
Trd, 000191.200, 161
Trd, 000191.883, 175
Trd, 000192.050, 165
Trd, 000192.350, 162
Trd, 000193.650, 189
Trd, 000195.683, 165
Trd, 000196.333, 169
Trd, 000197.450, 165
Trd, 000197.683, 177
Trd, 000197.733, 163
Trd, 000198.300, 180
Trd, 000199.150, 156
Trd, 000201.317, 168
Trd, 000201.533, 155
Trd, 000201.967, 141
Trd, 000203.183, 175
Trd, 000203.800, 173
Trd, 000204.567, 169
Trd, 000204.750, 163
Trd, 000205.050, 146
Trd, 000206.167, 171
Trd, 000206.717, 161
Trd, 000208.000, 170
Trd, 000210.100, 185
Trd, 000210.150, 182
Trd, 000211.450, 160
Trd, 000211.950, 177
Trd, 000212.017, 168
Trd, 000213.150, 167
Trd, 000213.500, 165
Trd, 000213.917, 164
Trd, 000215.767, 171
Trd, 000216.183, 181
Trd, 000217.033, 181
Trd, 000217.500, 177
Trd, 000219.333, 179
Trd, 000220.850, 168
Trd, 000220.967, 169
Trd, 000221.267, 136
Trd, 000222.133, 187
Trd, 000222.917, 167
Trd, 000224.133, 168
Trd, 000226.900, 169
Trd, 000227.417, 160
Trd, 000229.883, 175
Trd, 000229.983, 184
Trd, 000230.000, 162
Trd, 000230.667, 170
Trd, 000231.417, 166
Trd, 000231.800, 164
Trd, 000233.317, 164
Trd, 000234.333, 174
Trd, 000234.650, 173
Trd, 000234.767, 164
Trd, 000235.500, 157
Trd, 000235.533, 155
Trd, 000236.200, 142
Trd, 000237.233, 170
Trd, 000237.617, 180
Trd, 000238.183, 175
Trd, 000238.900, 165
Trd, 000239.300, 170
Trd, 000240.167, 172
Trd, 000241.283, 155
Trd, 000241.600, 171
Trd, 000242.000, 161
Trd, 000243.167, 175
Trd, 000243.233, 164
Trd, 000245.333, 159
Trd, 000246.600, 195
Trd, 000246.717, 176
Trd, 000246.817, 164
Trd, 000246.883, 161
Trd, 000246.967, 160
Trd, 000247.300, 158
Trd, 000249.367, 149
Trd, 000249.783, 171
Trd, 000251.683, 180
Trd, 000251.733, 175
Trd, 000251.783, 166
Trd, 000252.383, 170
Trd, 000253.250, 163
Trd, 000254.950, 173
Trd, 000255.417, 164
Trd, 000256.067, 146
Trd, 000257.267, 179
Trd, 000257.667, 163
Trd, 000257.950, 161
Trd, 000258.317, 165
Trd, 000259.217, 163
Trd, 000261.683, 177
Trd, 000261.950, 173
Trd, 000262.200, 168
Trd, 000262.700, 154
Trd, 000266.917, 153
Trd, 000267.867, 172
Trd, 000268.933, 170
Trd, 000269.283, 165
Trd, 000270.817, 164
Trd, 000271.417, 182
Trd, 000272.183, 181
Trd, 000272.317, 176
Trd, 000272.600, 162
Trd, 000274.233, 146
Trd, 000274.983, 171
Trd, 000276.550, 172
Trd, 000277.233, 178
Trd, 000277.800, 177
Trd, 000279.067, 153
Trd, 000279.250, 175
Trd, 000281.100, 170
Trd, 000282.183, 174
Trd, 000282.583, 165
Trd, 000282.950, 165
Trd, 000283.200, 158
Trd, 000284.167, 179
Trd, 000285.450, 149
Trd, 000286.600, 170
Trd, 000287.333, 170
Trd, 000287.483, 128
Trd, 000287.783, 152
Trd, 000288.467, 153
Trd, 000288.550, 162
Trd, 000288.717, 137
Trd, 000289.500, 172
Trd, 000290.867, 176
Trd, 000291.567, 161
Trd, 000292.283, 176
Trd, 000292.950, 154
Trd, 000293.367, 175
Trd, 000293.467, 168
Trd, 000293.683, 163
Trd, 000294.733, 167
Trd, 000296.633, 149
Trd, 000296.750, 159
Trd, 000296.800, 152
Trd, 000297.267, 165
Trd, 000297.667, 149
Trd, 000298.400, 146
Trd, 000299.033, 140
Trd, 000299.067, 150
Trd, 000299.733, 142
