Trd, 000005.083, 154
Trd, 000005.167, 117
Trd, 000005.217, 117
Trd, 000005.300, 143
Trd, 000005.433, 138
Trd, 000005.600, 117
Trd, 000005.917, 115
Trd, 000006.317, 144
Trd, 000007.467, 153
Trd, 000010.150, 163
Trd, 000010.850, 147
Trd, 000010.950, 145
Trd, 000011.517, 178
Trd, 000012.983, 167
Trd, 000013.217, 156
Trd, 000014.017, 149
Trd, 000014.283, 153
Trd, 000015.117, 111
Trd, 000015.217, 163
Trd, 000016.450, 157
Trd, 000017.600, 171
Trd, 000018.683, 163
Trd, 000018.700, 159
Trd, 000019.133, 156
Trd, 000020.500, 166
Trd, 000020.533, 162
Trd, 000020.667, 175
Trd, 000021.000, 148
Trd, 000021.417, 154
Trd, 000021.717, 178
Trd, 000025.550, 156
Trd, 000026.317, 155
Trd, 000026.600, 139
Trd, 000027.550, 158
Trd, 000028.717, 150
Trd, 000029.667, 155
Trd, 000029.967, 149
Trd, 000030.500, 132
Trd, 000031.067, 156
Trd, 000032.433, 188
Trd, 000033.900, 159
Trd, 000034.767, 159
Trd, 000035.567, 172
Trd, 000035.883, 164
Trd, 000036.383, 173
Trd, 000036.750, 161
Trd, 000037.117, 164
Trd, 000038.500, 191
Trd, 000038.700, 151
Trd, 000040.283, 150
Trd, 000040.667, 152
Trd, 000041.233, 184
Trd, 000041.633, 160
Trd, 000042.367, 156
Trd, 000043.950, 144
Trd, 000045.050, 164
Trd, 000045.983, 159
Trd, 000046.000, 147
Trd, 000046.167, 166
Trd, 000047.533, 162
Trd, 000047.983, 159
Trd, 000048.183, 159
Trd, 000048.833, 148
Trd, 000050.133, 161
Trd, 000050.383, 108
Trd, 000051.283, 181
Trd, 000053.683, 174
Trd, 000054.483, 158
Trd, 000054.517, 165
Trd, 000054.700, 151
Trd, 000055.117, 150
Trd, 000055.433, 151
Trd, 000055.650, 149
Trd, 000056.783, 167
Trd, 000057.150, 163
Trd, 000057.417, 161
Trd, 000057.433, 159
Trd, 000057.533, 158
Trd, 000061.133, 151
Trd, 000061.350, 157
Trd, 000061.467, 148
Trd, 000062.283, 158
Trd, 000063.350, 179
Trd, 000064.883, 148
Trd, 000065.083, 141
Trd, 000065.233, 162
Trd, 000065.567, 169
Trd, 000065.800, 157
Trd, 000066.033, 154
Trd, 000066.400, 142
Trd, 000068.800, 144
Trd, 000070.300, 148
Trd, 000070.617, 111
Trd, 000070.667, 142
Trd, 000070.783, 162
Trd, 000070.950, 123
Trd, 000071.833, 167
Trd, 000072.383, 162
Trd, 000074.417, 149
Trd, 000075.250, 155
Trd, 000075.983, 157
Trd, 000076.117, 162
Trd, 000076.467, 139
Trd, 000080.083, 151
Trd, 000080.500, 130
Trd, 000081.050, 164
Trd, 000082.350, 155
Trd, 000084.033, 157
Trd, 000084.200, 154
Trd, 000085.050, 174
Trd, 000085.867, 141
Trd, 000087.917, 152
Trd, 000087.967, 154
Trd, 000089.217, 151
Trd, 000089.267, 161
Trd, 000089.650, 150
Trd, 000090.667, 195
Trd, 000090.783, 159
Trd, 000091.083, 162
Trd, 000091.367, 160
Trd, 000094.450, 147
Trd, 000094.600, 152
Trd, 000096.183, 190
Trd, 000096.683, 140
Trd, 000096.783, 139
Trd, 000097.350, 163
Trd, 000098.683, 168
Trd, 000099.233, 165
Trd, 000099.417, 161
Trd, 000101.117, 155
Trd, 000101.450, 155
Trd, 000101.983, 153
Trd, 000102.333, 162
Trd, 000103.467, 152
Trd, 000105.200, 155
Trd, 000106.283, 148
Trd, 000107.650, 160
Trd, 000108.033, 152
Trd, 000108.633, 155
Trd, 000108.667, 159
Trd, 000110.533, 157
Trd, 000110.567, 150
Trd, 000111.150, 158
Trd, 000111.633, 175
Trd, 000112.100, 165
Trd, 000112.417, 157
Trd, 000112.767, 154
Trd, 000114.033, 154
Trd, 000116.817, 159
Trd, 000117.767, 168
Trd, 000117.900, 152
Trd, 000118.533, 156
Trd, 000118.633, 149
Trd, 000119.900, 149
Trd, 000120.083, 147
Trd, 000120.550, 149
Trd, 000120.800, 107
Trd, 000120.983, 162
Trd, 000122.283, 146
Trd, 000122.450, 144
Trd, 000122.550, 155
Trd, 000126.950, 148
Trd, 000127.333, 153
Trd, 000127.900, 151
Trd, 000128.633, 161
Trd, 000130.083, 150
Trd, 000130.283, 141
Trd, 000131.000, 148
Trd, 000131.583, 148
Trd, 000133.200, 160
Trd, 000133.550, 153
Trd, 000135.333, 162
Trd, 000136.517, 129
Trd, 000136.617, 140
Trd, 000137.183, 174
Trd, 000138.517, 155
Trd, 000139.483, 165
Trd, 000139.850, 153
Trd, 000141.767, 161
Trd, 000142.333, 167
Trd, 000142.633, 157
Trd, 000142.950, 154
Trd, 000143.183, 154
Trd, 000146.033, 170
Trd, 000146.800, 166
Trd, 000147.417, 157
Trd, 000147.650, 151
Trd, 000147.950, 154
Trd, 000148.050, 140
Trd, 000148.250, 157
Trd, 000148.550, 126
Trd, 000151.700, 155
Trd, 000152.483, 166
Trd, 000153.250, 158
Trd, 000153.683, 175
Trd, 000154.833, 161
Trd, 000156.533, 161
Trd, 000156.950, 144
Trd, 000157.400, 164
Trd, 000157.900, 162
Trd, 000157.950, 163
Trd, 000157.967, 159
Trd, 000158.000, 139
Trd, 000159.617, 156
Trd, 000161.383, 161
Trd, 000162.450, 154
Trd, 000162.767, 165
Trd, 000163.533, 156
Trd, 000164.183, 157
Trd, 000164.983, 155
Trd, 000165.067, 151
Trd, 000165.217, 151
Trd, 000165.400, 143
Trd, 000166.083, 154
Trd, 000166.783, 115
Trd, 000166.900, 136
Trd, 000167.617, 138
Trd, 000168.000, 144
Trd, 000168.783, 155
Trd, 000170.133, 133
Trd, 000171.350, 158
Trd, 000172.917, 160
Trd, 000173.000, 159
Trd, 000173.883, 167
Trd, 000174.317, 160
Trd, 000174.800, 168
Trd, 000176.050, 163
Trd, 000176.100, 161
Trd, 000176.150, 129
Trd, 000177.200, 164
Trd, 000177.517, 170
Trd, 000178.033, 180
Trd, 000179.117, 169
Trd, 000179.783, 150
Trd, 000180.133, 148
Trd, 000181.083, 192
Trd, 000181.933, 162
Trd, 000183.250, 166
Trd, 000183.467, 154
Trd, 000186.717, 159
Trd, 000187.100, 150
Trd, 000187.333, 151
Trd, 000188.883, 155
Trd, 000189.000, 156
Trd, 000191.833, 150
Trd, 000191.933, 155
Trd, 000192.350, 162
Trd, 000194.283, 168
Trd, 000196.283, 155
Trd, 000196.517, 153
Trd, 000196.667, 147
Trd, 000197.350, 146
Trd, 000197.850, 144
Trd, 000200.000, 156
Trd, 000201.300, 156
Trd, 000202.533, 167
Trd, 000203.033, 168
Trd, 000203.183, 169
Trd, 000204.000, 161
Trd, 000204.433, 151
Trd, 000204.650, 149
Trd, 000204.983, 150
Trd, 000206.617, 141
Trd, 000206.933, 164
Trd, 000207.233, 150
Trd, 000208.300, 159
Trd, 000208.633, 157
Trd, 000209.267, 150
Trd, 000211.283, 182
Trd, 000211.983, 181
Trd, 000212.350, 186
Trd, 000213.100, 171
Trd, 000213.883, 164
Trd, 000214.617, 158
Trd, 000216.283, 153
Trd, 000217.333, 156
Trd, 000217.983, 150
Trd, 000218.300, 175
Trd, 000218.333, 171
Trd, 000220.100, 172
Trd, 000221.367, 141
Trd, 000221.717, 161
Trd, 000223.367, 151
Trd, 000225.267, 162
Trd, 000226.317, 142
Trd, 000226.433, 149
Trd, 000226.833, 151
Trd, 000226.850, 180
Trd, 000226.883, 140
Trd, 000228.050, 156
Trd, 000228.233, 155
Trd, 000229.150, 159
Trd, 000229.400, 152
Trd, 000230.300, 131
Trd, 000231.300, 146
Trd, 000231.483, 150
Trd, 000232.533, 163
Trd, 000233.717, 159
Trd, 000233.733, 154
Trd, 000234.900, 156
Trd, 000236.200, 109
Trd, 000236.267, 129
Trd, 000237.817, 161
Trd, 000238.050, 172
Trd, 000238.183, 152
Trd, 000238.567, 181
Trd, 000240.533, 147
Trd, 000241.883, 159
Trd, 000242.567, 159
Trd, 000243.067, 154
Trd, 000243.183, 151
Trd, 000243.583, 151
Trd, 000243.650, 162
Trd, 000244.350, 165
Trd, 000244.367, 150
Trd, 000245.167, 150
Trd, 000246.150, 164
Trd, 000246.900, 159
Trd, 000247.100, 156
Trd, 000248.750, 152
Trd, 000249.100, 149
Trd, 000249.483, 147
Trd, 000250.167, 143
Trd, 000251.683, 133
Trd, 000252.033, 151
Trd, 000252.567, 141
Trd, 000252.667, 166
Trd, 000253.483, 161
Trd, 000255.750, 171
Trd, 000256.317, 107
Trd, 000256.600, 158
Trd, 000256.817, 172
Trd, 000257.500, 186
Trd, 000257.717, 199
Trd, 000259.250, 161
Trd, 000260.483, 155
Trd, 000261.067, 154
Trd, 000261.817, 194
Trd, 000262.083, 177
Trd, 000262.150, 160
Trd, 000262.317, 156
Trd, 000262.617, 174
Trd, 000265.417, 160
Trd, 000266.183, 148
Trd, 000266.667, 147
Trd, 000266.867, 110
Trd, 000267.033, 151
Trd, 000267.667, 130
Trd, 000268.950, 152
Trd, 000270.033, 159
Trd, 000270.750, 158
Trd, 000271.217, 157
Trd, 000272.000, 160
Trd, 000272.867, 154
Trd, 000272.983, 159
Trd, 000273.450, 147
Trd, 000275.283, 156
Trd, 000275.550, 141
Trd, 000277.267, 150
Trd, 000277.683, 146
Trd, 000277.750, 151
Trd, 000277.817, 151
Trd, 000278.567, 151
Trd, 000279.250, 141
Trd, 000280.717, 154
Trd, 000281.533, 140
Trd, 000282.017, 162
Trd, 000282.167, 158
Trd, 000282.783, 153
Trd, 000282.817, 151
Trd, 000283.450, 148
Trd, 000284.883, 141
Trd, 000286.050, 177
Trd, 000286.450, 174
Trd, 000286.850, 154
Trd, 000287.017, 148
Trd, 000287.100, 139
Trd, 000287.217, 137
Trd, 000290.800, 160
Trd, 000292.383, 156
Trd, 000292.700, 163
Trd, 000293.400, 179
Trd, 000294.550, 151
Trd, 000294.983, 177
Trd, 000295.233, 149
Trd, 000297.767, 162
Trd, 000297.983, 165
Trd, 000298.550, 161
Trd, 000299.133, 148
