Trd, 000005.217, 144
Trd, 000005.333, 149
Trd, 000005.500, 142
Trd, 000005.683, 159
Trd, 000006.317, 169
Trd, 000006.550, 152
Trd, 000008.050, 177
Trd, 000009.333, 171
Trd, 000010.133, 188
Trd, 000010.817, 182
Trd, 000011.500, 167
Trd, 000011.800, 163
Trd, 000012.250, 159
Trd, 000013.750, 158
Trd, 000014.033, 180
Trd, 000015.733, 184
Trd, 000016.100, 167
Trd, 000016.233, 164
Trd, 000016.500, 170
Trd, 000017.233, 181
Trd, 000018.017, 163
Trd, 000020.350, 146
Trd, 000022.183, 182
Trd, 000022.500, 167
Trd, 000022.733, 164
Trd, 000023.850, 165
Trd, 000025.200, 143
Trd, 000025.783, 176
Trd, 000026.183, 169
Trd, 000027.083, 173
Trd, 000030.850, 182
Trd, 000031.583, 179
Trd, 000031.933, 178
Trd, 000032.717, 175
Trd, 000034.133, 184
Trd, 000036.383, 180
Trd, 000038.017, 185
Trd, 000038.283, 168
Trd, 000039.500, 176
Trd, 000040.517, 162
Trd, 000040.683, 173
Trd, 000041.100, 169
Trd, 000041.133, 158
Trd, 000041.683, 171
Trd, 000043.267, 145
Trd, 000045.733, 164
Trd, 000046.300, 181
Trd, 000046.317, 156
Trd, 000046.650, 163
Trd, 000047.150, 171
Trd, 000048.050, 188
Trd, 000049.417, 163
Trd, 000050.400, 188
Trd, 000050.600, 182
Trd, 000051.383, 158
Trd, 000052.600, 159
Trd, 000053.017, 170
Trd, 000054.050, 158
Trd, 000054.233, 157
Trd, 000054.283, 165
Trd, 000055.600, 162
Trd, 000055.800, 124
Trd, 000056.017, 136
Trd, 000056.167, 176
Trd, 000056.550, 162
Trd, 000057.383, 177
Trd, 000057.517, 164
Trd, 000057.583, 180
Trd, 000060.650, 153
Trd, 000060.833, 182
Trd, 000061.367, 158
Trd, 000061.433, 169
Trd, 000061.850, 181
Trd, 000062.667, 164
Trd, 000062.900, 160
Trd, 000063.017, 157
Trd, 000063.633, 167
Trd, 000064.800, 173
Trd, 000065.400, 147
Trd, 000065.617, 181
Trd, 000065.967, 123
Trd, 000066.100, 136
Trd, 000066.367, 188
Trd, 000067.150, 187
Trd, 000070.333, 158
Trd, 000071.117, 181
Trd, 000071.183, 168
Trd, 000071.483, 188
Trd, 000072.083, 167
Trd, 000073.117, 173
Trd, 000074.517, 183
Trd, 000075.700, 182
Trd, 000075.717, 170
Trd, 000076.850, 170
Trd, 000076.900, 178
Trd, 000077.550, 167
Trd, 000077.783, 162
Trd, 000080.533, 155
Trd, 000081.167, 140
Trd, 000081.533, 163
Trd, 000082.500, 127
Trd, 000082.533, 170
Trd, 000083.217, 179
Trd, 000084.500, 172
Trd, 000085.700, 188
Trd, 000086.283, 176
Trd, 000086.333, 167
Trd, 000087.167, 164
Trd, 000088.117, 161
Trd, 000088.967, 154
Trd, 000089.317, 161
Trd, 000090.433, 163
Trd, 000091.017, 123
Trd, 000093.133, 181
Trd, 000093.200, 172
Trd, 000093.567, 167
Trd, 000094.317, 162
Trd, 000094.467, 147
Trd, 000094.833, 134
Trd, 000095.867, 115
Trd, 000096.017, 170
Trd, 000096.333, 180
Trd, 000097.350, 151
Trd, 000097.400, 175
Trd, 000098.267, 166
Trd, 000098.650, 170
Trd, 000100.100, 179
Trd, 000100.867, 143
Trd, 000101.083, 150
Trd, 000101.400, 155
Trd, 000103.217, 168
Trd, 000103.300, 166
Trd, 000104.083, 180
Trd, 000106.283, 137
Trd, 000106.950, 177
Trd, 000107.250, 173
Trd, 000107.850, 170
Trd, 000108.367, 168
Trd, 000108.983, 164
Trd, 000110.867, 180
Trd, 000111.833, 176
Trd, 000112.100, 177
Trd, 000112.383, 172
Trd, 000112.667, 162
Trd, 000113.550, 172
Trd, 000116.033, 156
Trd, 000116.883, 164
Trd, 000117.800, 176
Trd, 000119.167, 158
Trd, 000119.700, 154
Trd, 000119.800, 178
Trd, 000119.883, 123
Trd, 000121.033, 182
Trd, 000121.050, 181
Trd, 000121.350, 181
Trd, 000121.817, 171
Trd, 000122.317, 170
Trd, 000122.617, 159
Trd, 000124.583, 154
Trd, 000126.133, 181
Trd, 000126.200, 164
Trd, 000126.567, 185
Trd, 000126.950, 175
Trd, 000128.250, 171
Trd, 000130.100, 192
Trd, 000130.967, 167
Trd, 000131.617, 180
Trd, 000131.800, 164
Trd, 000131.917, 173
Trd, 000132.067, 153
Trd, 000134.283, 167
Trd, 000135.083, 181
Trd, 000135.500, 162
Trd, 000135.900, 181
Trd, 000136.633, 164
Trd, 000137.117, 155
Trd, 000138.050, 178
Trd, 000138.267, 178
Trd, 000141.217, 182
Trd, 000141.317, 188
Trd, 000141.367, 173
Trd, 000141.400, 172
Trd, 000142.617, 170
Trd, 000143.183, 148
Trd, 000145.283, 165
Trd, 000146.400, 155
Trd, 000146.600, 154
Trd, 000146.917, 172
Trd, 000147.283, 178
Trd, 000150.483, 172
Trd, 000150.683, 173
Trd, 000151.433, 187
Trd, 000151.683, 161
Trd, 000151.783, 168
Trd, 000152.250, 172
Trd, 000154.967, 172
Trd, 000156.150, 175
Trd, 000157.133, 177
Trd, 000157.500, 171
Trd, 000157.700, 167
Trd, 000158.100, 154
Trd, 000158.483, 174
Trd, 000159.683, 155
Trd, 000161.300, 149
Trd, 000161.317, 164
Trd, 000161.633, 144
Trd, 000161.933, 132
Trd, 000162.467, 181
Trd, 000163.067, 175
Trd, 000163.300, 121
Trd, 000165.100, 160
Trd, 000165.783, 177
Trd, 000165.817, 164
Trd, 000166.300, 182
Trd, 000166.467, 182
Trd, 000166.733, 172
Trd, 000167.883, 172
Trd, 000168.683, 168
Trd, 000168.850, 167
Trd, 000170.883, 167
Trd, 000171.617, 135
Trd, 000171.867, 145
Trd, 000171.917, 163
Trd, 000172.450, 168
Trd, 000173.450, 159
Trd, 000173.867, 151
Trd, 000174.500, 147
Trd, 000176.883, 180
Trd, 000177.333, 174
Trd, 000178.717, 177
Trd, 000179.567, 163
Trd, 000180.567, 163
Trd, 000181.083, 180
Trd, 000181.400, 142
Trd, 000181.717, 175
Trd, 000181.967, 163
Trd, 000182.967, 180
Trd, 000184.067, 168
Trd, 000184.600, 163
Trd, 000186.333, 154
Trd, 000186.433, 124
Trd, 000186.800, 177
Trd, 000187.500, 171
Trd, 000188.183, 177
Trd, 000188.883, 182
Trd, 000189.650, 167
Trd, 000190.283, 161
Trd, 000191.433, 188
Trd, 000191.717, 179
Trd, 000191.733, 167
Trd, 000192.483, 174
Trd, 000192.550, 167
Trd, 000195.483, 179
Trd, 000196.050, 125
Trd, 000196.783, 175
Trd, 000197.117, 153
Trd, 000198.050, 147
Trd, 000200.217, 167
Trd, 000201.567, 182
Trd, 000201.767, 181
Trd, 000202.150, 169
Trd, 000202.550, 162
Trd, 000203.983, 166
Trd, 000204.333, 144
Trd, 000206.533, 147
Trd, 000207.283, 166
Trd, 000208.700, 177
Trd, 000208.883, 167
Trd, 000209.683, 149
Trd, 000209.733, 182
Trd, 000211.800, 181
Trd, 000212.033, 168
Trd, 000212.617, 164
Trd, 000213.467, 160
Trd, 000214.700, 179
Trd, 000216.783, 171
Trd, 000217.017, 151
Trd, 000217.167, 148
Trd, 000217.250, 133
Trd, 000217.517, 158
Trd, 000217.750, 155
Trd, 000221.417, 178
Trd, 000221.450, 157
Trd, 000221.717, 156
Trd, 000221.800, 179
Trd, 000222.850, 152
Trd, 000223.450, 172
Trd, 000226.300, 155
Trd, 000226.600, 149
Trd, 000226.933, 179
Trd, 000227.617, 180
Trd, 000229.567, 176
Trd, 000231.100, 173
Trd, 000232.267, 169
Trd, 000233.133, 165
Trd, 000233.517, 182
Trd, 000233.533, 161
Trd, 000233.817, 160
Trd, 000233.917, 182
Trd, 000235.583, 162
Trd, 000236.667, 181
Trd, 000236.683, 167
Trd, 000236.767, 155
Trd, 000237.067, 136
Trd, 000237.583, 161
Trd, 000238.833, 139
Trd, 000238.900, 161
Trd, 000239.167, 164
Trd, 000239.517, 185
Trd, 000241.267, 183
Trd, 000241.467, 187
Trd, 000242.233, 182
Trd, 000243.533, 183
Trd, 000244.850, 170
Trd, 000246.350, 183
Trd, 000246.533, 114
Trd, 000246.733, 153
Trd, 000247.150, 165
Trd, 000250.217, 188
Trd, 000250.233, 175
Trd, 000250.267, 167
Trd, 000251.550, 149
Trd, 000252.083, 170
Trd, 000252.150, 176
Trd, 000252.483, 148
Trd, 000256.533, 140
Trd, 000256.717, 161
Trd, 000256.733, 124
Trd, 000256.767, 177
Trd, 000257.000, 157
Trd, 000257.333, 124
Trd, 000257.967, 160
Trd, 000258.483, 166
Trd, 000259.317, 181
Trd, 000261.733, 137
Trd, 000261.833, 144
Trd, 000262.400, 173
Trd, 000262.600, 171
Trd, 000263.500, 176
Trd, 000265.183, 182
Trd, 000266.050, 169
Trd, 000266.700, 180
Trd, 000267.217, 180
Trd, 000267.333, 173
Trd, 000267.567, 182
Trd, 000268.633, 167
Trd, 000269.233, 175
Trd, 000269.300, 155
Trd, 000269.867, 164
Trd, 000271.700, 169
Trd, 000272.033, 168
Trd, 000273.017, 173
Trd, 000273.917, 173
Trd, 000274.783, 171
Trd, 000276.200, 182
Trd, 000276.617, 154
Trd, 000276.650, 170
Trd, 000276.883, 182
Trd, 000277.183, 175
Trd, 000277.333, 152
Trd, 000278.450, 171
Trd, 000279.133, 171
Trd, 000281.650, 170
Trd, 000281.733, 157
Trd, 000282.283, 181
Trd, 000283.317, 156
Trd, 000284.200, 178
Trd, 000284.350, 184
Trd, 000284.717, 178
Trd, 000284.933, 167
Trd, 000285.617, 181
Trd, 000286.583, 177
Trd, 000286.733, 177
Trd, 000287.067, 174
Trd, 000287.683, 162
Trd, 000288.383, 156
Trd, 000289.283, 161
Trd, 000291.433, 167
Trd, 000291.650, 133
Trd, 000291.767, 181
Trd, 000293.267, 181
Trd, 000294.567, 182
Trd, 000295.733, 169
Trd, 000296.767, 156
Trd, 000296.950, 159
Trd, 000297.000, 129
Trd, 000297.200, 165
Trd, 000297.500, 155
Trd, 000297.783, 158
Trd, 000298.183, 151
Trd, 000298.700, 160
