Trd, 000005.500, 150
Trd, 000005.883, 136
Trd, 000006.167, 126
Trd, 000006.333, 154
Trd, 000007.133, 148
Trd, 000007.317, 135
Trd, 000010.267, 144
Trd, 000010.783, 189
Trd, 000011.017, 164
Trd, 000012.500, 134
Trd, 000012.550, 152
Trd, 000012.817, 133
Trd, 000013.100, 130
Trd, 000013.833, 161
Trd, 000013.883, 145
Trd, 000015.500, 144
Trd, 000016.450, 170
Trd, 000016.533, 146
Trd, 000017.083, 145
Trd, 000017.150, 135
Trd, 000018.867, 135
Trd, 000019.333, 155
Trd, 000020.483, 134
Trd, 000020.950, 166
Trd, 000021.017, 166
Trd, 000021.267, 144
Trd, 000022.017, 159
Trd, 000022.100, 160
Trd, 000025.783, 157
Trd, 000025.933, 157
Trd, 000026.033, 144
Trd, 000026.733, 156
Trd, 000027.433, 152
Trd, 000028.900, 165
Trd, 000029.533, 160
Trd, 000030.100, 184
Trd, 000030.900, 128
Trd, 000031.483, 162
Trd, 000032.800, 135
Trd, 000033.867, 157
Trd, 000034.600, 147
Trd, 000035.517, 163
Trd, 000036.083, 164
Trd, 000036.150, 139
Trd, 000036.483, 129
Trd, 000037.833, 133
Trd, 000038.183, 175
Trd, 000039.317, 152
Trd, 000040.600, 131
Trd, 000041.267, 142
Trd, 000041.517, 146
Trd, 000041.917, 142
Trd, 000043.283, 159
Trd, 000046.817, 161
Trd, 000047.467, 155
Trd, 000048.350, 162
Trd, 000048.483, 150
Trd, 000050.517, 130
Trd, 000050.833, 132
Trd, 000050.867, 137
Trd, 000051.067, 165
Trd, 000052.650, 139
Trd, 000052.733, 154
Trd, 000053.433, 144
Trd, 000054.750, 160
Trd, 000055.567, 168
Trd, 000055.600, 131
Trd, 000055.767, 137
Trd, 000056.283, 144
Trd, 000056.750, 143
Trd, 000057.733, 145
Trd, 000058.583, 140
Trd, 000060.667, 145
Trd, 000063.033, 162
Trd, 000063.067, 161
Trd, 000063.450, 144
Trd, 000063.933, 172
Trd, 000065.867, 135
Trd, 000065.917, 151
Trd, 000066.900, 158
Trd, 000068.317, 157
Trd, 000069.000, 165
Trd, 000069.200, 157
Trd, 000070.517, 130
Trd, 000071.333, 165
Trd, 000072.350, 155
Trd, 000072.450, 141
Trd, 000072.867, 158
Trd, 000074.383, 166
Trd, 000074.417, 140
Trd, 000075.650, 129
Trd, 000076.333, 163
Trd, 000076.750, 134
Trd, 000077.000, 143
Trd, 000077.367, 158
Trd, 000077.467, 170
Trd, 000078.650, 157
Trd, 000079.883, 157
Trd, 000081.750, 164
Trd, 000082.500, 164
Trd, 000082.517, 160
Trd, 000083.167, 163
Trd, 000083.183, 141
Trd, 000084.317, 159
Trd, 000085.750, 153
Trd, 000086.400, 154
Trd, 000086.600, 167
Trd, 000088.883, 149
Trd, 000089.250, 137
Trd, 000089.400, 151
Trd, 000090.283, 150
Trd, 000090.983, 151
Trd, 000091.017, 167
Trd, 000091.067, 159
Trd, 000091.233, 122
Trd, 000092.033, 141
Trd, 000092.133, 174
Trd, 000093.117, 138
Trd, 000094.900, 155
Trd, 000095.783, 111
Trd, 000096.133, 152
Trd, 000096.400, 153
Trd, 000096.467, 146
Trd, 000096.733, 147
Trd, 000096.783, 162
Trd, 000096.850, 144
Trd, 000099.017, 146
Trd, 000099.750, 160
Trd, 000100.650, 151
Trd, 000101.050, 133
Trd, 000101.367, 159
Trd, 000101.767, 180
Trd, 000103.050, 165
Trd, 000105.600, 159
Trd, 000106.367, 168
Trd, 000106.533, 159
Trd, 000106.983, 177
Trd, 000107.867, 175
Trd, 000108.750, 159
Trd, 000110.633, 151
Trd, 000111.833, 141
Trd, 000112.250, 148
Trd, 000112.333, 161
Trd, 000113.133, 161
Trd, 000113.433, 160
Trd, 000115.083, 148
Trd, 000116.133, 162
Trd, 000116.383, 143
Trd, 000116.550, 142
Trd, 000117.100, 143
Trd, 000117.667, 159
Trd, 000118.633, 162
Trd, 000118.917, 140
Trd, 000119.233, 135
Trd, 000120.867, 139
Trd, 000121.100, 161
Trd, 000121.350, 142
Trd, 000122.417, 136
Trd, 000122.467, 140
Trd, 000123.583, 156
Trd, 000123.933, 170
Trd, 000126.033, 144
Trd, 000126.233, 130
Trd, 000126.517, 156
Trd, 000126.733, 158
Trd, 000127.867, 143
Trd, 000129.717, 140
Trd, 000130.150, 169
Trd, 000131.217, 155
Trd, 000131.500, 148
Trd, 000132.883, 146
Trd, 000133.717, 151
Trd, 000134.183, 148
Trd, 000135.967, 122
Trd, 000136.717, 192
Trd, 000136.750, 165
Trd, 000137.217, 150
Trd, 000138.633, 158
Trd, 000140.567, 155
Trd, 000140.783, 172
Trd, 000141.050, 132
Trd, 000141.167, 144
Trd, 000142.000, 144
Trd, 000142.550, 146
Trd, 000143.450, 141
Trd, 000144.150, 143
Trd, 000144.550, 149
Trd, 000145.217, 156
Trd, 000146.300, 110
Trd, 000146.600, 121
Trd, 000147.317, 132
Trd, 000147.700, 132
Trd, 000147.867, 139
Trd, 000148.050, 148
Trd, 000148.583, 158
Trd, 000150.400, 158
Trd, 000151.683, 160
Trd, 000152.200, 156
Trd, 000152.483, 159
Trd, 000153.500, 160
Trd, 000153.550, 160
Trd, 000154.150, 155
Trd, 000154.683, 154
Trd, 000155.800, 168
Trd, 000156.900, 147
Trd, 000157.333, 152
Trd, 000157.450, 146
Trd, 000158.333, 140
Trd, 000158.633, 141
Trd, 000159.300, 148
Trd, 000159.483, 156
Trd, 000159.933, 162
Trd, 000161.017, 133
Trd, 000161.467, 146
Trd, 000161.950, 148
Trd, 000163.283, 164
Trd, 000163.583, 147
Trd, 000165.183, 170
Trd, 000165.233, 150
Trd, 000165.583, 158
Trd, 000165.767, 147
Trd, 000166.367, 154
Trd, 000167.017, 155
Trd, 000167.200, 151
Trd, 000167.333, 151
Trd, 000168.217, 160
Trd, 000169.200, 125
Trd, 000169.867, 142
Trd, 000170.833, 135
Trd, 000171.450, 153
Trd, 000172.033, 135
Trd, 000173.700, 163
Trd, 000175.050, 162
Trd, 000175.283, 146
Trd, 000175.817, 157
Trd, 000176.617, 139
Trd, 000177.917, 140
Trd, 000178.183, 129
Trd, 000178.733, 135
Trd, 000181.267, 150
Trd, 000181.483, 148
Trd, 000182.067, 188
Trd, 000182.350, 169
Trd, 000183.567, 166
Trd, 000183.983, 166
Trd, 000186.367, 171
Trd, 000186.567, 134
Trd, 000186.983, 133
Trd, 000187.517, 166
Trd, 000187.717, 145
Trd, 000189.217, 157
Trd, 000189.450, 156
Trd, 000191.550, 135
Trd, 000191.733, 143
Trd, 000192.083, 148
Trd, 000192.150, 148
Trd, 000192.617, 164
Trd, 000193.200, 153
Trd, 000194.083, 166
Trd, 000196.750, 141
Trd, 000197.017, 142
Trd, 000197.400, 136
Trd, 000197.933, 158
Trd, 000198.400, 171
Trd, 000198.533, 151
Trd, 000199.817, 138
Trd, 000200.233, 148
Trd, 000200.467, 153
Trd, 000200.850, 146
Trd, 000201.150, 178
Trd, 000201.367, 151
Trd, 000202.150, 136
Trd, 000202.900, 172
Trd, 000204.133, 166
Trd, 000204.283, 156
Trd, 000204.567, 142
Trd, 000204.800, 159
Trd, 000206.317, 118
Trd, 000206.600, 163
Trd, 000206.700, 174
Trd, 000207.950, 163
Trd, 000208.200, 174
Trd, 000208.683, 155
Trd, 000210.033, 149
Trd, 000211.383, 150
Trd, 000212.233, 154
Trd, 000213.250, 162
Trd, 000213.883, 163
Trd, 000215.733, 160
Trd, 000215.800, 150
Trd, 000216.367, 167
Trd, 000217.633, 139
Trd, 000217.750, 156
Trd, 000218.283, 154
Trd, 000221.183, 161
Trd, 000221.717, 161
Trd, 000222.483, 158
Trd, 000223.117, 140
Trd, 000225.083, 158
Trd, 000226.733, 156
Trd, 000227.717, 129
Trd, 000228.150, 145
Trd, 000228.800, 146
Trd, 000229.050, 147
Trd, 000229.167, 171
Trd, 000229.450, 150
Trd, 000230.400, 147
Trd, 000231.800, 143
Trd, 000232.167, 146
Trd, 000232.900, 158
Trd, 000233.167, 163
Trd, 000233.667, 153
Trd, 000235.900, 152
Trd, 000236.883, 140
Trd, 000237.500, 134
Trd, 000237.600, 145
Trd, 000238.067, 142
Trd, 000238.183, 147
Trd, 000238.250, 160
Trd, 000239.783, 144
Trd, 000240.617, 162
Trd, 000241.367, 179
Trd, 000241.533, 181
Trd, 000242.150, 165
Trd, 000242.250, 173
Trd, 000242.483, 161
Trd, 000242.633, 161
Trd, 000243.733, 168
Trd, 000244.633, 132
Trd, 000246.350, 147
Trd, 000246.500, 146
Trd, 000246.867, 127
Trd, 000247.500, 153
Trd, 000247.783, 155
Trd, 000248.633, 152
Trd, 000249.250, 148
Trd, 000251.417, 149
Trd, 000251.467, 152
Trd, 000252.000, 165
Trd, 000252.333, 143
Trd, 000253.083, 155
Trd, 000253.700, 162
Trd, 000254.067, 161
Trd, 000255.650, 151
Trd, 000256.800, 183
Trd, 000257.283, 156
Trd, 000257.350, 152
Trd, 000257.883, 141
Trd, 000257.967, 159
Trd, 000259.900, 165
Trd, 000260.867, 168
Trd, 000261.817, 162
Trd, 000262.200, 158
Trd, 000262.583, 157
Trd, 000262.917, 157
Trd, 000263.433, 171
Trd, 000263.533, 145
Trd, 000263.700, 145
Trd, 000264.133, 162
Trd, 000267.150, 152
Trd, 000267.700, 167
Trd, 000268.083, 160
Trd, 000268.183, 167
Trd, 000270.417, 165
Trd, 000271.133, 160
Trd, 000271.450, 134
Trd, 000271.517, 131
Trd, 000271.917, 119
Trd, 000273.017, 158
Trd, 000273.367, 161
Trd, 000276.917, 160
Trd, 000277.867, 151
Trd, 000279.467, 142
Trd, 000280.900, 160
Trd, 000281.067, 163
Trd, 000281.650, 136
Trd, 000282.100, 146
Trd, 000282.267, 146
Trd, 000282.800, 141
Trd, 000284.567, 151
Trd, 000284.800, 156
Trd, 000284.967, 141
Trd, 000286.683, 165
Trd, 000287.167, 143
Trd, 000287.233, 156
Trd, 000287.317, 143
Trd, 000288.450, 160
Trd, 000291.250, 158
Trd, 000292.167, 156
Trd, 000292.217, 173
Trd, 000292.533, 153
Trd, 000293.450, 159
Trd, 000293.883, 167
Trd, 000295.233, 178
Trd, 000296.017, 154
Trd, 000296.600, 163
Trd, 000297.050, 156
Trd, 000297.217, 151
Trd, 000297.667, 156
Trd, 000299.167, 159
