Trd, 000005.217, 126
Trd, 000005.250, 131
Trd, 000005.433, 141
Trd, 000005.700, 127
Trd, 000006.950, 154
Trd, 000007.050, 150
Trd, 000007.383, 160
Trd, 000008.267, 136
Trd, 000010.217, 146
Trd, 000010.333, 123
Trd, 000010.933, 134
Trd, 000011.017, 179
Trd, 000011.067, 159
Trd, 000011.650, 155
Trd, 000012.117, 156
Trd, 000012.217, 180
Trd, 000013.183, 158
Trd, 000015.533, 182
Trd, 000015.983, 166
Trd, 000016.300, 156
Trd, 000017.617, 151
Trd, 000017.833, 149
Trd, 000018.000, 161
Trd, 000020.217, 199
Trd, 000020.867, 140
Trd, 000021.183, 159
Trd, 000021.733, 166
Trd, 000021.750, 157
Trd, 000021.900, 156
Trd, 000022.033, 152
Trd, 000022.083, 135
Trd, 000023.967, 157
Trd, 000024.050, 151
Trd, 000025.333, 144
Trd, 000025.850, 184
Trd, 000026.133, 171
Trd, 000026.150, 147
Trd, 000026.233, 131
Trd, 000026.367, 187
Trd, 000026.433, 128
Trd, 000028.233, 166
Trd, 000029.300, 146
Trd, 000029.767, 150
Trd, 000030.533, 123
Trd, 000030.900, 155
Trd, 000031.017, 139
Trd, 000031.200, 181
Trd, 000031.850, 148
Trd, 000031.917, 155
Trd, 000032.550, 184
Trd, 000035.267, 188
Trd, 000035.350, 165
Trd, 000035.517, 138
Trd, 000036.233, 194
Trd, 000036.600, 170
Trd, 000038.383, 179
Trd, 000040.083, 164
Trd, 000040.750, 171
Trd, 000040.950, 164
Trd, 000041.200, 162
Trd, 000041.533, 178
Trd, 000041.650, 190
Trd, 000042.250, 173
Trd, 000042.783, 169
Trd, 000043.667, 168
Trd, 000045.550, 148
Trd, 000045.700, 170
Trd, 000046.650, 157
Trd, 000047.533, 172
Trd, 000047.683, 156
Trd, 000047.883, 180
Trd, 000050.183, 146
Trd, 000050.383, 182
Trd, 000050.600, 200
Trd, 000050.783, 148
Trd, 000051.300, 167
Trd, 000051.717, 143
Trd, 000052.250, 157
Trd, 000052.583, 147
Trd, 000055.183, 159
Trd, 000055.333, 137
Trd, 000055.767, 158
Trd, 000055.783, 162
Trd, 000057.017, 144
Trd, 000057.833, 145
Trd, 000058.167, 175
Trd, 000061.067, 132
Trd, 000061.267, 163
Trd, 000061.333, 170
Trd, 000061.600, 158
Trd, 000061.633, 151
Trd, 000062.967, 128
Trd, 000063.383, 134
Trd, 000065.883, 188
Trd, 000066.617, 164
Trd, 000067.950, 161
Trd, 000068.550, 142
Trd, 000069.150, 181
Trd, 000070.350, 154
Trd, 000070.867, 195
Trd, 000071.733, 158
Trd, 000072.150, 156
Trd, 000072.883, 186
Trd, 000074.500, 166
Trd, 000074.617, 148
Trd, 000076.800, 162
Trd, 000076.950, 146
Trd, 000077.700, 167
Trd, 000078.300, 177
Trd, 000078.800, 151
Trd, 000079.350, 144
Trd, 000080.183, 161
Trd, 000080.850, 170
Trd, 000081.850, 131
Trd, 000081.917, 156
Trd, 000083.217, 167
Trd, 000084.667, 161
Trd, 000085.600, 195
Trd, 000086.417, 150
Trd, 000086.900, 150
Trd, 000087.883, 163
Trd, 000088.667, 157
Trd, 000089.733, 154
Trd, 000090.183, 149
Trd, 000091.600, 177
Trd, 000091.867, 162
Trd, 000094.267, 176
Trd, 000094.683, 164
Trd, 000095.650, 115
Trd, 000095.833, 159
Trd, 000097.700, 165
Trd, 000097.967, 151
Trd, 000098.583, 149
Trd, 000099.117, 160
Trd, 000100.900, 113
Trd, 000101.550, 142
Trd, 000101.733, 149
Trd, 000102.517, 151
Trd, 000102.550, 154
Trd, 000102.767, 160
Trd, 000103.833, 158
Trd, 000105.450, 178
Trd, 000106.133, 157
Trd, 000106.367, 152
Trd, 000106.633, 168
Trd, 000107.683, 175
Trd, 000107.833, 167
Trd, 000108.200, 165
Trd, 000109.033, 160
Trd, 000109.733, 171
Trd, 000110.817, 152
Trd, 000110.850, 179
Trd, 000111.083, 134
Trd, 000111.117, 146
Trd, 000112.467, 172
Trd, 000115.283, 189
Trd, 000115.383, 166
Trd, 000115.533, 161
Trd, 000116.017, 154
Trd, 000116.150, 150
Trd, 000116.283, 163
Trd, 000116.300, 171
Trd, 000118.100, 153
Trd, 000118.583, 157
Trd, 000119.583, 168
Trd, 000119.717, 152
Trd, 000121.583, 159
Trd, 000121.633, 146
Trd, 000121.750, 188
Trd, 000121.933, 179
Trd, 000122.250, 147
Trd, 000123.433, 168
Trd, 000125.617, 170
Trd, 000125.883, 122
Trd, 000126.667, 156
Trd, 000127.067, 171
Trd, 000127.717, 163
Trd, 000128.033, 181
Trd, 000128.167, 172
Trd, 000128.583, 181
Trd, 000129.150, 163
Trd, 000130.233, 174
Trd, 000130.617, 152
Trd, 000131.467, 141
Trd, 000131.583, 164
Trd, 000133.200, 170
Trd, 000133.500, 180
Trd, 000133.850, 195
Trd, 000133.900, 155
Trd, 000133.917, 143
Trd, 000136.100, 158
Trd, 000136.750, 183
Trd, 000138.017, 157
Trd, 000138.700, 148
Trd, 000139.467, 146
Trd, 000139.650, 156
Trd, 000140.200, 166
Trd, 000141.050, 170
Trd, 000141.300, 157
Trd, 000143.117, 176
Trd, 000145.350, 173
Trd, 000145.733, 161
Trd, 000146.017, 172
Trd, 000146.917, 154
Trd, 000147.750, 149
Trd, 000147.933, 158
Trd, 000148.683, 154
Trd, 000148.850, 184
Trd, 000149.367, 193
Trd, 000151.333, 182
Trd, 000151.350, 181
Trd, 000152.000, 173
Trd, 000152.700, 158
Trd, 000154.583, 154
Trd, 000156.217, 163
Trd, 000156.767, 130
Trd, 000156.800, 133
Trd, 000157.233, 161
Trd, 000157.817, 169
Trd, 000159.133, 173
Trd, 000161.483, 198
Trd, 000161.650, 163
Trd, 000164.500, 167
Trd, 000164.517, 170
Trd, 000164.567, 159
Trd, 000165.717, 162
Trd, 000165.967, 137
Trd, 000166.083, 131
Trd, 000166.500, 154
Trd, 000166.933, 133
Trd, 000167.017, 158
Trd, 000170.517, 179
Trd, 000171.300, 200
Trd, 000171.700, 172
Trd, 000171.883, 159
Trd, 000172.983, 169
Trd, 000173.850, 158
Trd, 000174.517, 148
Trd, 000176.333, 199
Trd, 000176.783, 179
Trd, 000176.917, 169
Trd, 000177.033, 158
Trd, 000177.583, 164
Trd, 000177.633, 134
Trd, 000177.950, 168
Trd, 000178.500, 164
Trd, 000180.100, 147
Trd, 000181.233, 163
Trd, 000181.767, 192
Trd, 000181.867, 162
Trd, 000182.017, 143
Trd, 000182.717, 152
Trd, 000184.650, 189
Trd, 000186.500, 155
Trd, 000186.833, 179
Trd, 000187.817, 165
Trd, 000188.150, 162
Trd, 000188.983, 154
Trd, 000189.150, 153
Trd, 000191.517, 152
Trd, 000192.367, 141
Trd, 000194.033, 165
Trd, 000195.000, 160
Trd, 000196.333, 124
Trd, 000197.117, 132
Trd, 000197.317, 158
Trd, 000197.500, 140
Trd, 000198.867, 173
Trd, 000199.567, 177
Trd, 000201.400, 158
Trd, 000202.467, 160
Trd, 000203.350, 164
Trd, 000203.917, 164
Trd, 000204.383, 173
Trd, 000204.950, 163
Trd, 000206.250, 181
Trd, 000206.633, 179
Trd, 000207.233, 165
Trd, 000207.667, 160
Trd, 000207.767, 178
Trd, 000208.450, 147
Trd, 000211.500, 169
Trd, 000211.683, 180
Trd, 000213.383, 146
Trd, 000213.733, 165
Trd, 000214.200, 144
Trd, 000214.400, 153
Trd, 000215.283, 145
Trd, 000216.233, 187
Trd, 000217.000, 160
Trd, 000217.683, 157
Trd, 000218.183, 130
Trd, 000219.733, 155
Trd, 000219.950, 156
Trd, 000220.017, 188
Trd, 000220.267, 159
Trd, 000221.350, 128
Trd, 000223.600, 172
Trd, 000223.667, 171
Trd, 000224.967, 166
Trd, 000225.617, 181
Trd, 000226.567, 152
Trd, 000226.817, 153
Trd, 000227.183, 170
Trd, 000227.350, 165
Trd, 000227.567, 147
Trd, 000227.733, 178
Trd, 000227.867, 141
Trd, 000231.283, 136
Trd, 000232.133, 156
Trd, 000232.767, 166
Trd, 000232.883, 162
Trd, 000233.150, 176
Trd, 000233.650, 153
Trd, 000235.900, 140
Trd, 000236.750, 163
Trd, 000236.800, 179
Trd, 000237.017, 175
Trd, 000238.117, 147
Trd, 000238.333, 145
Trd, 000238.500, 144
Trd, 000239.333, 162
Trd, 000241.433, 177
Trd, 000241.917, 172
Trd, 000242.183, 187
Trd, 000242.533, 199
Trd, 000242.567, 146
Trd, 000243.817, 145
Trd, 000244.350, 161
Trd, 000245.433, 145
Trd, 000246.450, 156
Trd, 000246.800, 177
Trd, 000247.483, 182
Trd, 000247.550, 161
Trd, 000247.933, 168
Trd, 000248.300, 155
Trd, 000249.217, 153
Trd, 000252.000, 146
Trd, 000252.367, 147
Trd, 000252.967, 147
Trd, 000254.800, 158
Trd, 000255.650, 148
Trd, 000256.417, 176
Trd, 000256.717, 156
Trd, 000257.017, 155
Trd, 000257.450, 161
Trd, 000258.683, 156
Trd, 000259.467, 155
Trd, 000260.300, 152
Trd, 000261.617, 134
Trd, 000262.100, 138
Trd, 000262.400, 182
Trd, 000262.767, 140
Trd, 000263.283, 153
Trd, 000264.367, 178
Trd, 000266.500, 174
Trd, 000267.533, 156
Trd, 000267.950, 129
Trd, 000267.967, 169
Trd, 000268.333, 188
Trd, 000268.867, 189
Trd, 000271.533, 139
Trd, 000272.967, 189
Trd, 000273.667, 159
Trd, 000274.367, 151
Trd, 000274.867, 180
Trd, 000275.017, 175
Trd, 000277.117, 173
Trd, 000278.067, 176
Trd, 000278.117, 150
Trd, 000278.383, 170
Trd, 000281.517, 145
Trd, 000282.183, 148
Trd, 000282.350, 183
Trd, 000282.450, 140
Trd, 000282.517, 173
Trd, 000284.917, 155
Trd, 000286.467, 198
Trd, 000287.350, 142
Trd, 000287.850, 149
Trd, 000287.967, 145
Trd, 000288.333, 162
Trd, 000288.467, 170
Trd, 000290.650, 138
Trd, 000291.217, 144
Trd, 000291.933, 172
Trd, 000292.200, 167
Trd, 000292.833, 166
Trd, 000294.017, 160
Trd, 000295.017, 182
Trd, 000295.317, 167
Trd, 000296.067, 191
Trd, 000297.000, 198
Trd, 000297.100, 148
Trd, 000298.000, 150
Trd, 000298.217, 185
Trd, 000298.817, 157
