Trd, 000005.267, 131
Trd, 000005.433, 145
Trd, 000005.450, 159
Trd, 000005.567, 150
Trd, 000005.683, 167
Trd, 000005.800, 171
Trd, 000005.867, 160
Trd, 000006.133, 182
Trd, 000007.300, 143
Trd, 000008.633, 152
Trd, 000010.283, 181
Trd, 000010.400, 191
Trd, 000010.567, 179
Trd, 000011.250, 160
Trd, 000012.067, 150
Trd, 000012.150, 148
Trd, 000013.083, 154
Trd, 000013.183, 163
Trd, 000014.000, 147
Trd, 000014.867, 158
Trd, 000015.300, 167
Trd, 000015.317, 126
Trd, 000015.483, 194
Trd, 000015.767, 134
Trd, 000016.317, 181
Trd, 000016.650, 167
Trd, 000017.050, 157
Trd, 000017.733, 141
Trd, 000017.783, 152
Trd, 000018.917, 147
Trd, 000020.450, 157
Trd, 000020.950, 185
Trd, 000021.033, 177
Trd, 000022.233, 181
Trd, 000022.283, 180
Trd, 000023.000, 172
Trd, 000023.100, 142
Trd, 000026.033, 155
Trd, 000026.050, 179
Trd, 000026.333, 192
Trd, 000026.683, 151
Trd, 000026.883, 171
Trd, 000028.000, 156
Trd, 000028.167, 177
Trd, 000028.317, 153
Trd, 000030.133, 150
Trd, 000030.500, 180
Trd, 000030.817, 179
Trd, 000032.183, 182
Trd, 000032.317, 172
Trd, 000032.667, 177
Trd, 000034.183, 172
Trd, 000034.733, 165
Trd, 000034.950, 148
Trd, 000035.150, 146
Trd, 000035.300, 150
Trd, 000035.617, 156
Trd, 000035.667, 137
Trd, 000035.750, 155
Trd, 000035.867, 144
Trd, 000036.200, 158
Trd, 000036.317, 173
Trd, 000037.950, 160
Trd, 000040.433, 169
Trd, 000040.450, 161
Trd, 000041.217, 174
Trd, 000041.450, 147
Trd, 000041.550, 157
Trd, 000041.967, 140
Trd, 000044.100, 168
Trd, 000044.167, 148
Trd, 000045.583, 118
Trd, 000045.733, 164
Trd, 000045.783, 124
Trd, 000046.000, 160
Trd, 000046.033, 177
Trd, 000046.233, 151
Trd, 000046.900, 172
Trd, 000047.050, 152
Trd, 000048.200, 155
Trd, 000048.817, 153
Trd, 000049.067, 155
Trd, 000049.650, 151
Trd, 000050.917, 181
Trd, 000051.250, 183
Trd, 000051.517, 172
Trd, 000051.567, 156
Trd, 000051.683, 155
Trd, 000051.900, 149
Trd, 000052.650, 163
Trd, 000053.617, 151
Trd, 000055.833, 182
Trd, 000055.933, 175
Trd, 000056.133, 171
Trd, 000056.167, 165
Trd, 000056.667, 153
Trd, 000057.883, 146
Trd, 000059.567, 161
Trd, 000059.583, 159
Trd, 000060.967, 199
Trd, 000061.367, 186
Trd, 000061.433, 181
Trd, 000061.467, 169
Trd, 000063.500, 191
Trd, 000063.633, 172
Trd, 000064.683, 163
Trd, 000065.733, 177
Trd, 000065.800, 189
Trd, 000066.117, 180
Trd, 000066.833, 152
Trd, 000067.183, 148
Trd, 000067.533, 146
Trd, 000067.783, 153
Trd, 000069.083, 159
Trd, 000070.483, 147
Trd, 000070.667, 181
Trd, 000071.400, 169
Trd, 000071.500, 159
Trd, 000071.717, 135
Trd, 000071.950, 161
Trd, 000072.217, 187
Trd, 000072.500, 187
Trd, 000074.450, 177
Trd, 000074.933, 159
Trd, 000075.550, 153
Trd, 000076.117, 145
Trd, 000076.217, 146
Trd, 000076.567, 174
Trd, 000076.600, 185
Trd, 000076.917, 160
Trd, 000077.017, 146
Trd, 000077.333, 162
Trd, 000079.383, 169
Trd, 000080.550, 157
Trd, 000080.633, 192
Trd, 000080.783, 164
Trd, 000081.133, 184
Trd, 000082.217, 164
Trd, 000083.067, 154
Trd, 000083.883, 177
Trd, 000085.700, 145
Trd, 000085.983, 180
Trd, 000086.367, 162
Trd, 000087.067, 169
Trd, 000087.167, 171
Trd, 000088.817, 152
Trd, 000090.950, 179
Trd, 000091.133, 167
Trd, 000091.517, 163
Trd, 000092.217, 182
Trd, 000092.667, 163
Trd, 000095.283, 167
Trd, 000095.967, 187
Trd, 000096.200, 169
Trd, 000096.683, 171
Trd, 000097.150, 169
Trd, 000097.850, 154
Trd, 000099.983, 174
Trd, 000101.117, 160
Trd, 000101.150, 152
Trd, 000101.817, 182
Trd, 000102.550, 186
Trd, 000102.867, 175
Trd, 000104.033, 171
Trd, 000104.083, 154
Trd, 000104.667, 151
Trd, 000105.817, 155
Trd, 000106.083, 189
Trd, 000106.767, 197
Trd, 000106.883, 190
Trd, 000107.183, 187
Trd, 000107.867, 179
Trd, 000108.033, 172
Trd, 000108.817, 167
Trd, 000110.867, 192
Trd, 000110.950, 184
Trd, 000111.133, 141
Trd, 000111.350, 151
Trd, 000113.117, 168
Trd, 000113.300, 154
Trd, 000116.183, 190
Trd, 000116.367, 180
Trd, 000116.400, 195
Trd, 000116.783, 138
Trd, 000117.367, 180
Trd, 000118.067, 141
Trd, 000119.083, 153
Trd, 000121.150, 195
Trd, 000121.633, 175
Trd, 000121.750, 166
Trd, 000122.400, 144
Trd, 000122.767, 186
Trd, 000123.183, 188
Trd, 000123.783, 176
Trd, 000125.217, 170
Trd, 000125.650, 169
Trd, 000125.900, 149
Trd, 000126.100, 191
Trd, 000126.500, 141
Trd, 000127.883, 163
Trd, 000128.150, 178
Trd, 000128.717, 173
Trd, 000131.350, 193
Trd, 000132.350, 182
Trd, 000132.383, 180
Trd, 000133.033, 177
Trd, 000133.333, 170
Trd, 000133.417, 169
Trd, 000135.417, 158
Trd, 000136.183, 187
Trd, 000136.517, 185
Trd, 000136.733, 170
Trd, 000136.967, 180
Trd, 000137.150, 170
Trd, 000137.483, 184
Trd, 000141.200, 186
Trd, 000141.650, 160
Trd, 000141.733, 158
Trd, 000142.250, 139
Trd, 000143.933, 146
Trd, 000144.317, 153
Trd, 000144.817, 177
Trd, 000145.633, 163
Trd, 000146.083, 192
Trd, 000146.583, 172
Trd, 000147.283, 187
Trd, 000148.183, 182
Trd, 000148.700, 180
Trd, 000150.217, 182
Trd, 000150.300, 169
Trd, 000150.833, 159
Trd, 000151.167, 113
Trd, 000151.217, 171
Trd, 000152.550, 187
Trd, 000153.783, 164
Trd, 000153.900, 159
Trd, 000154.700, 176
Trd, 000154.933, 183
Trd, 000155.617, 172
Trd, 000155.950, 159
Trd, 000156.250, 178
Trd, 000156.300, 172
Trd, 000156.933, 161
Trd, 000157.167, 164
Trd, 000157.283, 154
Trd, 000157.650, 189
Trd, 000160.867, 158
Trd, 000161.167, 172
Trd, 000161.650, 147
Trd, 000161.683, 179
Trd, 000161.900, 174
Trd, 000162.950, 160
Trd, 000163.017, 152
Trd, 000163.733, 151
Trd, 000165.000, 156
Trd, 000166.233, 160
Trd, 000166.817, 174
Trd, 000167.450, 190
Trd, 000167.567, 172
Trd, 000168.050, 175
Trd, 000168.067, 153
Trd, 000168.083, 150
Trd, 000168.700, 164
Trd, 000169.700, 156
Trd, 000171.350, 185
Trd, 000171.567, 177
Trd, 000171.617, 193
Trd, 000171.750, 155
Trd, 000171.933, 146
Trd, 000172.083, 185
Trd, 000172.833, 165
Trd, 000172.933, 163
Trd, 000173.417, 167
Trd, 000174.333, 153
Trd, 000176.517, 181
Trd, 000176.667, 155
Trd, 000177.367, 171
Trd, 000177.600, 153
Trd, 000177.983, 180
Trd, 000178.733, 158
Trd, 000179.600, 169
Trd, 000179.767, 156
Trd, 000180.950, 149
Trd, 000181.117, 176
Trd, 000181.467, 181
Trd, 000181.767, 183
Trd, 000181.800, 185
Trd, 000182.400, 172
Trd, 000182.533, 169
Trd, 000183.300, 180
Trd, 000183.417, 153
Trd, 000184.667, 141
Trd, 000184.883, 161
Trd, 000186.400, 178
Trd, 000186.550, 181
Trd, 000186.650, 189
Trd, 000188.533, 179
Trd, 000188.550, 173
Trd, 000188.567, 172
Trd, 000188.750, 169
Trd, 000189.033, 166
Trd, 000190.050, 161
Trd, 000191.250, 182
Trd, 000191.833, 178
Trd, 000192.900, 181
Trd, 000193.400, 172
Trd, 000194.550, 179
Trd, 000194.583, 176
Trd, 000196.217, 160
Trd, 000196.583, 177
Trd, 000196.600, 142
Trd, 000197.033, 182
Trd, 000197.600, 152
Trd, 000198.817, 174
Trd, 000199.533, 182
Trd, 000199.700, 171
Trd, 000201.333, 180
Trd, 000202.033, 169
Trd, 000202.050, 167
Trd, 000202.417, 180
Trd, 000202.717, 165
Trd, 000202.833, 177
Trd, 000202.950, 187
Trd, 000202.983, 188
Trd, 000203.617, 163
Trd, 000204.600, 162
Trd, 000206.217, 140
Trd, 000206.533, 168
Trd, 000206.550, 175
Trd, 000206.750, 169
Trd, 000207.150, 199
Trd, 000207.383, 189
Trd, 000209.067, 172
Trd, 000210.967, 155
Trd, 000211.350, 192
Trd, 000211.600, 177
Trd, 000212.050, 181
Trd, 000212.383, 198
Trd, 000212.500, 158
Trd, 000213.383, 165
Trd, 000216.317, 193
Trd, 000216.383, 172
Trd, 000216.500, 174
Trd, 000217.117, 139
Trd, 000217.217, 168
Trd, 000217.500, 153
Trd, 000217.617, 154
Trd, 000219.200, 141
Trd, 000220.867, 150
Trd, 000221.233, 148
Trd, 000221.783, 191
Trd, 000222.883, 176
Trd, 000223.017, 151
Trd, 000224.117, 179
Trd, 000224.983, 158
Trd, 000226.417, 188
Trd, 000226.450, 182
Trd, 000226.650, 172
Trd, 000226.933, 149
Trd, 000227.117, 146
Trd, 000227.483, 180
Trd, 000227.683, 185
Trd, 000229.650, 158
Trd, 000229.733, 156
Trd, 000231.417, 170
Trd, 000231.500, 177
Trd, 000231.867, 146
Trd, 000231.900, 153
Trd, 000232.283, 140
Trd, 000232.417, 149
Trd, 000233.233, 190
Trd, 000234.967, 144
Trd, 000235.250, 151
Trd, 000236.283, 174
Trd, 000236.700, 158
Trd, 000236.767, 175
Trd, 000237.317, 171
Trd, 000239.433, 155
Trd, 000239.633, 156
Trd, 000241.617, 178
Trd, 000241.633, 176
Trd, 000242.500, 182
Trd, 000242.567, 178
Trd, 000242.883, 174
Trd, 000244.050, 159
Trd, 000244.200, 157
Trd, 000245.000, 155
Trd, 000246.667, 182
Trd, 000246.950, 164
Trd, 000247.083, 159
Trd, 000247.450, 164
Trd, 000248.483, 174
Trd, 000249.400, 172
Trd, 000250.450, 168
Trd, 000251.367, 186
Trd, 000252.217, 156
Trd, 000252.300, 179
Trd, 000252.333, 179
Trd, 000253.017, 144
Trd, 000254.900, 178
Trd, 000256.183, 157
Trd, 000256.850, 170
Trd, 000256.883, 196
Trd, 000258.083, 176
Trd, 000258.483, 175
Trd, 000260.350, 170
Trd, 000260.400, 169
Trd, 000261.733, 154
Trd, 000262.167, 184
Trd, 000262.683, 148
Trd, 000263.117, 158
Trd, 000263.300, 141
Trd, 000264.550, 148
Trd, 000264.650, 164
Trd, 000265.083, 156
Trd, 000266.250, 160
Trd, 000266.400, 174
Trd, 000267.233, 194
Trd, 000267.267, 178
Trd, 000268.533, 180
Trd, 000268.600, 189
Trd, 000268.750, 172
Trd, 000269.150, 169
Trd, 000269.800, 149
Trd, 000271.400, 190
Trd, 000272.233, 174
Trd, 000272.383, 170
Trd, 000272.883, 165
Trd, 000273.400, 183
Trd, 000274.750, 159
Trd, 000275.567, 157
Trd, 000276.700, 191
Trd, 000276.733, 182
Trd, 000276.833, 180
Trd, 000277.250, 197
Trd, 000277.567, 172
Trd, 000278.417, 169
Trd, 000280.517, 182
Trd, 000281.467, 189
Trd, 000282.133, 164
Trd, 000282.300, 144
Trd, 000283.217, 184
Trd, 000283.300, 178
Trd, 000284.267, 178
Trd, 000284.783, 168
Trd, 000284.983, 168
Trd, 000285.317, 162
Trd, 000285.750, 155
Trd, 000287.033, 177
Trd, 000287.117, 176
Trd, 000287.550, 181
Trd, 000287.617, 172
Trd, 000288.250, 171
Trd, 000288.700, 169
Trd, 000288.900, 180
Trd, 000289.767, 168
Trd, 000290.317, 163
Trd, 000290.683, 155
Trd, 000291.017, 145
Trd, 000291.883, 144
Trd, 000292.100, 152
Trd, 000292.250, 184
Trd, 000293.383, 159
Trd, 000294.933, 192
Trd, 000295.583, 172
Trd, 000296.617, 185
Trd, 000297.067, 181
Trd, 000297.317, 136
Trd, 000297.483, 168
Trd, 000298.267, 180
Trd, 000298.500, 172
Trd, 000298.617, 141
