Trd, 000005.217, 146
Trd, 000005.467, 107
Trd, 000005.950, 122
Trd, 000006.183, 123
Trd, 000006.433, 134
Trd, 000006.650, 126
Trd, 000008.500, 170
Trd, 000009.000, 173
Trd, 000010.067, 131
Trd, 000010.800, 165
Trd, 000011.267, 162
Trd, 000011.650, 149
Trd, 000011.933, 153
Trd, 000012.083, 161
Trd, 000013.167, 165
Trd, 000013.233, 159
Trd, 000015.517, 124
Trd, 000015.800, 138
Trd, 000015.933, 159
Trd, 000015.983, 184
Trd, 000016.083, 164
Trd, 000016.167, 157
Trd, 000016.517, 150
Trd, 000017.033, 138
Trd, 000020.600, 182
Trd, 000020.633, 166
Trd, 000020.817, 164
Trd, 000020.883, 156
Trd, 000021.733, 167
Trd, 000023.633, 154
Trd, 000024.783, 144
Trd, 000025.250, 124
Trd, 000025.567, 153
Trd, 000026.417, 168
Trd, 000026.433, 162
Trd, 000026.583, 154
Trd, 000027.800, 147
Trd, 000027.917, 175
Trd, 000029.700, 155
Trd, 000030.350, 183
Trd, 000030.483, 145
Trd, 000030.700, 179
Trd, 000031.167, 162
Trd, 000031.883, 164
Trd, 000031.967, 160
Trd, 000032.700, 154
Trd, 000033.500, 157
Trd, 000033.733, 163
Trd, 000035.250, 156
Trd, 000035.367, 146
Trd, 000035.833, 183
Trd, 000036.000, 134
Trd, 000036.350, 131
Trd, 000036.533, 149
Trd, 000036.600, 136
Trd, 000037.900, 163
Trd, 000039.133, 148
Trd, 000040.700, 181
Trd, 000040.833, 168
Trd, 000041.200, 153
Trd, 000041.917, 165
Trd, 000043.117, 168
Trd, 000043.483, 150
Trd, 000043.900, 162
Trd, 000044.517, 159
Trd, 000044.767, 176
Trd, 000045.333, 185
Trd, 000045.850, 173
Trd, 000046.350, 165
Trd, 000047.383, 167
Trd, 000047.783, 155
Trd, 000048.983, 137
Trd, 000050.017, 149
Trd, 000050.767, 180
Trd, 000050.983, 139
Trd, 000051.983, 175
Trd, 000052.050, 164
Trd, 000052.317, 156
Trd, 000052.417, 146
Trd, 000053.000, 167
Trd, 000053.467, 136
Trd, 000054.950, 164
Trd, 000055.383, 148
Trd, 000055.417, 127
Trd, 000055.883, 151
Trd, 000056.167, 153
Trd, 000056.417, 140
Trd, 000058.467, 168
Trd, 000058.533, 137
Trd, 000059.067, 131
Trd, 000060.267, 137
Trd, 000060.633, 138
Trd, 000060.817, 144
Trd, 000060.833, 147
Trd, 000061.100, 149
Trd, 000061.350, 158
Trd, 000061.933, 163
Trd, 000061.967, 166
Trd, 000063.983, 158
Trd, 000065.533, 178
Trd, 000065.650, 184
Trd, 000066.717, 177
Trd, 000066.783, 169
Trd, 000066.917, 160
Trd, 000067.150, 151
Trd, 000068.317, 178
Trd, 000068.367, 165
Trd, 000068.817, 162
Trd, 000070.550, 163
Trd, 000070.767, 135
Trd, 000071.067, 155
Trd, 000071.167, 159
Trd, 000071.333, 181
Trd, 000071.967, 155
Trd, 000073.000, 158
Trd, 000074.750, 150
Trd, 000076.083, 165
Trd, 000076.367, 165
Trd, 000076.417, 139
Trd, 000076.733, 180
Trd, 000076.800, 167
Trd, 000077.033, 164
Trd, 000077.217, 179
Trd, 000077.583, 165
Trd, 000078.000, 146
Trd, 000078.183, 137
Trd, 000080.633, 166
Trd, 000080.700, 125
Trd, 000081.217, 162
Trd, 000081.333, 155
Trd, 000081.717, 137
Trd, 000081.750, 144
Trd, 000082.883, 163
Trd, 000084.217, 150
Trd, 000085.800, 123
Trd, 000085.817, 143
Trd, 000086.300, 127
Trd, 000086.583, 145
Trd, 000087.417, 154
Trd, 000087.500, 175
Trd, 000087.867, 138
Trd, 000088.317, 143
Trd, 000088.583, 140
Trd, 000090.783, 130
Trd, 000090.833, 137
Trd, 000091.267, 131
Trd, 000091.350, 149
Trd, 000091.417, 133
Trd, 000091.850, 152
Trd, 000094.700, 163
Trd, 000094.967, 164
Trd, 000095.067, 173
Trd, 000095.883, 137
Trd, 000095.950, 141
Trd, 000096.050, 164
Trd, 000096.533, 166
Trd, 000096.683, 160
Trd, 000097.300, 162
Trd, 000097.467, 150
Trd, 000098.633, 138
Trd, 000100.000, 149
Trd, 000100.683, 124
Trd, 000100.767, 107
Trd, 000101.033, 128
Trd, 000101.383, 141
Trd, 000102.333, 173
Trd, 000102.500, 166
Trd, 000102.733, 178
Trd, 000103.367, 141
Trd, 000105.233, 146
Trd, 000106.400, 153
Trd, 000106.750, 138
Trd, 000108.167, 170
Trd, 000108.317, 147
Trd, 000108.683, 146
Trd, 000108.700, 163
Trd, 000110.267, 175
Trd, 000110.783, 160
Trd, 000110.967, 131
Trd, 000111.200, 156
Trd, 000111.417, 175
Trd, 000111.583, 170
Trd, 000111.817, 173
Trd, 000112.650, 167
Trd, 000113.867, 180
Trd, 000115.050, 163
Trd, 000115.933, 161
Trd, 000116.100, 174
Trd, 000116.200, 147
Trd, 000116.383, 149
Trd, 000116.717, 191
Trd, 000117.183, 157
Trd, 000117.433, 164
Trd, 000118.067, 170
Trd, 000119.367, 148
Trd, 000121.117, 162
Trd, 000121.617, 161
Trd, 000121.967, 152
Trd, 000122.167, 167
Trd, 000122.417, 151
Trd, 000122.783, 172
Trd, 000126.033, 178
Trd, 000126.483, 166
Trd, 000126.683, 154
Trd, 000126.800, 138
Trd, 000127.550, 187
Trd, 000127.867, 159
Trd, 000129.050, 137
Trd, 000130.983, 107
Trd, 000131.200, 155
Trd, 000131.850, 183
Trd, 000131.933, 162
Trd, 000132.533, 165
Trd, 000133.050, 160
Trd, 000133.317, 152
Trd, 000133.800, 169
Trd, 000133.917, 147
Trd, 000135.933, 163
Trd, 000136.133, 141
Trd, 000136.383, 146
Trd, 000136.417, 148
Trd, 000136.517, 167
Trd, 000136.567, 135
Trd, 000137.483, 137
Trd, 000139.800, 136
Trd, 000140.383, 154
Trd, 000140.967, 168
Trd, 000141.133, 168
Trd, 000141.233, 157
Trd, 000141.800, 142
Trd, 000142.267, 148
Trd, 000146.300, 188
Trd, 000146.417, 189
Trd, 000146.450, 167
Trd, 000146.717, 175
Trd, 000146.850, 155
Trd, 000147.417, 152
Trd, 000147.483, 168
Trd, 000147.800, 180
Trd, 000149.650, 156
Trd, 000150.933, 165
Trd, 000150.967, 186
Trd, 000151.800, 174
Trd, 000152.167, 168
Trd, 000154.300, 160
Trd, 000154.967, 184
Trd, 000156.033, 137
Trd, 000156.150, 148
Trd, 000157.067, 153
Trd, 000157.250, 166
Trd, 000157.967, 133
Trd, 000159.700, 140
Trd, 000160.000, 137
Trd, 000160.267, 156
Trd, 000160.367, 172
Trd, 000161.417, 159
Trd, 000161.500, 161
Trd, 000161.933, 158
Trd, 000162.000, 150
Trd, 000163.500, 171
Trd, 000164.283, 138
Trd, 000164.717, 174
Trd, 000165.383, 167
Trd, 000165.950, 142
Trd, 000166.033, 186
Trd, 000166.433, 138
Trd, 000167.300, 141
Trd, 000168.567, 167
Trd, 000169.667, 157
Trd, 000171.333, 160
Trd, 000171.533, 144
Trd, 000171.933, 168
Trd, 000172.550, 158
Trd, 000172.917, 157
Trd, 000175.933, 145
Trd, 000176.233, 166
Trd, 000177.317, 170
Trd, 000179.083, 168
Trd, 000179.250, 163
Trd, 000180.400, 151
Trd, 000180.683, 145
Trd, 000181.183, 108
Trd, 000181.267, 125
Trd, 000181.467, 125
Trd, 000181.917, 161
Trd, 000182.050, 164
Trd, 000182.533, 160
Trd, 000182.883, 162
Trd, 000185.883, 170
Trd, 000186.267, 167
Trd, 000187.083, 154
Trd, 000187.100, 151
Trd, 000187.133, 136
Trd, 000187.250, 133
Trd, 000187.483, 159
Trd, 000190.500, 176
Trd, 000191.317, 157
Trd, 000191.383, 159
Trd, 000191.567, 139
Trd, 000191.900, 158
Trd, 000192.183, 162
Trd, 000192.217, 132
Trd, 000192.250, 163
Trd, 000192.683, 153
Trd, 000194.017, 163
Trd, 000194.133, 136
Trd, 000194.167, 137
Trd, 000196.133, 146
Trd, 000196.217, 177
Trd, 000196.467, 178
Trd, 000196.833, 164
Trd, 000196.883, 159
Trd, 000196.933, 138
Trd, 000200.400, 143
Trd, 000200.917, 148
Trd, 000201.450, 153
Trd, 000201.800, 176
Trd, 000201.850, 162
Trd, 000201.983, 152
Trd, 000202.150, 148
Trd, 000202.800, 155
Trd, 000202.933, 145
Trd, 000203.950, 168
Trd, 000205.450, 154
Trd, 000206.467, 174
Trd, 000206.800, 159
Trd, 000206.967, 160
Trd, 000207.083, 153
Trd, 000207.433, 142
Trd, 000207.783, 157
Trd, 000208.517, 145
Trd, 000209.833, 155
Trd, 000210.133, 175
Trd, 000210.467, 149
Trd, 000211.167, 163
Trd, 000211.550, 161
Trd, 000211.900, 133
Trd, 000212.183, 180
Trd, 000213.133, 155
Trd, 000214.300, 154
Trd, 000214.850, 147
Trd, 000216.067, 153
Trd, 000216.283, 149
Trd, 000216.317, 144
Trd, 000216.350, 155
Trd, 000216.600, 159
Trd, 000216.633, 136
Trd, 000217.200, 170
Trd, 000217.550, 165
Trd, 000219.717, 144
Trd, 000219.967, 179
Trd, 000220.600, 181
Trd, 000221.350, 173
Trd, 000221.467, 183
Trd, 000221.600, 161
Trd, 000221.650, 131
Trd, 000221.867, 134
Trd, 000222.750, 185
Trd, 000225.500, 151
Trd, 000226.233, 147
Trd, 000226.433, 179
Trd, 000226.517, 151
Trd, 000226.900, 159
Trd, 000227.033, 181
Trd, 000227.817, 170
Trd, 000229.550, 157
Trd, 000229.933, 149
Trd, 000231.633, 141
Trd, 000231.650, 145
Trd, 000231.867, 147
Trd, 000232.017, 147
Trd, 000235.733, 174
Trd, 000236.267, 181
Trd, 000236.650, 141
Trd, 000237.083, 143
Trd, 000237.300, 144
Trd, 000237.750, 162
Trd, 000237.800, 161
Trd, 000240.383, 165
Trd, 000241.450, 121
Trd, 000241.583, 125
Trd, 000241.633, 139
Trd, 000241.883, 148
Trd, 000242.133, 153
Trd, 000242.233, 176
Trd, 000243.417, 166
Trd, 000246.200, 118
Trd, 000246.400, 149
Trd, 000246.833, 141
Trd, 000246.983, 145
Trd, 000247.250, 134
Trd, 000247.683, 149
Trd, 000248.183, 177
Trd, 000248.217, 168
Trd, 000250.067, 156
Trd, 000250.300, 132
Trd, 000251.517, 180
Trd, 000251.683, 168
Trd, 000252.250, 160
Trd, 000252.367, 179
Trd, 000252.500, 151
Trd, 000252.883, 146
Trd, 000254.117, 172
Trd, 000256.150, 149
Trd, 000256.467, 166
Trd, 000256.683, 159
Trd, 000257.383, 149
Trd, 000257.400, 158
Trd, 000258.150, 148
Trd, 000258.517, 161
Trd, 000258.833, 158
Trd, 000260.350, 160
Trd, 000261.433, 158
Trd, 000261.783, 150
Trd, 000261.800, 153
Trd, 000261.867, 174
Trd, 000262.217, 126
Trd, 000262.533, 157
Trd, 000263.667, 154
Trd, 000264.817, 182
Trd, 000265.300, 173
Trd, 000266.383, 133
Trd, 000266.717, 170
Trd, 000267.133, 162
Trd, 000268.017, 172
Trd, 000268.267, 168
Trd, 000268.367, 165
Trd, 000269.117, 157
Trd, 000271.633, 147
Trd, 000271.833, 175
Trd, 000271.867, 167
Trd, 000271.983, 157
Trd, 000272.617, 169
Trd, 000272.667, 151
Trd, 000276.833, 157
Trd, 000277.317, 166
Trd, 000277.767, 166
Trd, 000277.933, 172
Trd, 000278.083, 142
Trd, 000278.617, 179
Trd, 000278.633, 172
Trd, 000279.733, 122
Trd, 000280.050, 127
Trd, 000281.467, 138
Trd, 000282.800, 147
Trd, 000283.117, 160
Trd, 000283.667, 164
Trd, 000284.800, 162
Trd, 000284.883, 157
Trd, 000286.833, 176
Trd, 000287.267, 168
Trd, 000287.317, 158
Trd, 000288.050, 156
Trd, 000288.067, 144
Trd, 000289.400, 137
Trd, 000289.617, 144
Trd, 000289.733, 171
Trd, 000291.067, 157
Trd, 000291.950, 165
Trd, 000292.117, 169
Trd, 000292.467, 132
Trd, 000292.883, 164
Trd, 000293.050, 181
Trd, 000293.233, 161
Trd, 000294.283, 173
Trd, 000295.267, 177
Trd, 000296.017, 152
Trd, 000296.583, 146
Trd, 000297.167, 168
Trd, 000297.350, 145
Trd, 000297.767, 166
Trd, 000297.783, 172
Trd, 000298.317, 168
Trd, 000298.533, 172
Trd, 000299.183, 161
