Trd, 000005.383, 143
Trd, 000005.800, 124
Trd, 000006.050, 115
Trd, 000006.183, 145
Trd, 000006.400, 146
Trd, 000006.633, 151
Trd, 000007.950, 144
Trd, 000008.367, 153
Trd, 000008.417, 127
Trd, 000009.950, 137
Trd, 000011.200, 159
Trd, 000011.533, 172
Trd, 000011.600, 147
Trd, 000012.050, 186
Trd, 000012.900, 178
Trd, 000014.517, 166
Trd, 000015.233, 168
Trd, 000015.417, 165
Trd, 000015.550, 150
Trd, 000015.783, 133
Trd, 000017.217, 145
Trd, 000017.250, 158
Trd, 000020.217, 147
Trd, 000020.333, 144
Trd, 000021.700, 186
Trd, 000021.783, 162
Trd, 000022.000, 145
Trd, 000022.683, 146
Trd, 000025.383, 153
Trd, 000025.867, 161
Trd, 000027.417, 165
Trd, 000027.500, 133
Trd, 000029.083, 168
Trd, 000029.283, 156
Trd, 000031.083, 155
Trd, 000031.350, 160
Trd, 000031.467, 165
Trd, 000031.683, 140
Trd, 000032.117, 175
Trd, 000032.133, 136
Trd, 000035.417, 146
Trd, 000036.033, 181
Trd, 000036.117, 164
Trd, 000036.400, 164
Trd, 000040.267, 105
Trd, 000040.350, 125
Trd, 000040.550, 122
Trd, 000041.667, 142
Trd, 000042.550, 134
Trd, 000045.033, 136
Trd, 000045.317, 164
Trd, 000046.167, 148
Trd, 000046.250, 144
Trd, 000046.600, 169
Trd, 000047.400, 163
Trd, 000047.867, 145
Trd, 000047.967, 152
Trd, 000048.783, 152
Trd, 000051.617, 171
Trd, 000051.833, 155
Trd, 000052.317, 143
Trd, 000052.400, 142
Trd, 000053.067, 159
Trd, 000053.283, 160
Trd, 000054.950, 154
Trd, 000055.133, 172
Trd, 000055.383, 142
Trd, 000056.000, 149
Trd, 000056.017, 126
Trd, 000056.150, 167
Trd, 000057.250, 164
Trd, 000057.617, 164
Trd, 000058.367, 154
Trd, 000058.783, 146
Trd, 000059.900, 148
Trd, 000060.533, 123
Trd, 000060.583, 138
Trd, 000060.667, 188
Trd, 000061.083, 171
Trd, 000061.150, 166
Trd, 000061.533, 164
Trd, 000062.333, 180
Trd, 000063.150, 161
Trd, 000063.983, 141
Trd, 000065.083, 139
Trd, 000065.717, 162
Trd, 000066.733, 171
Trd, 000066.850, 165
Trd, 000066.967, 158
Trd, 000067.900, 164
Trd, 000068.467, 137
Trd, 000069.433, 157
Trd, 000071.117, 154
Trd, 000071.550, 126
Trd, 000071.850, 179
Trd, 000072.267, 148
Trd, 000072.533, 144
Trd, 000073.283, 135
Trd, 000073.733, 129
Trd, 000075.717, 169
Trd, 000077.000, 154
Trd, 000077.483, 166
Trd, 000077.817, 161
Trd, 000079.400, 164
Trd, 000080.717, 152
Trd, 000081.550, 167
Trd, 000081.583, 162
Trd, 000081.667, 129
Trd, 000082.750, 166
Trd, 000082.850, 142
Trd, 000083.183, 148
Trd, 000084.917, 125
Trd, 000085.283, 157
Trd, 000086.083, 170
Trd, 000086.800, 145
Trd, 000087.267, 148
Trd, 000087.883, 163
Trd, 000088.183, 146
Trd, 000089.000, 152
Trd, 000089.917, 141
Trd, 000090.933, 118
Trd, 000091.350, 136
Trd, 000091.717, 115
Trd, 000091.817, 139
Trd, 000092.167, 118
Trd, 000092.217, 142
Trd, 000093.183, 141
Trd, 000094.567, 135
Trd, 000095.983, 147
Trd, 000096.017, 132
Trd, 000096.367, 139
Trd, 000096.500, 130
Trd, 000096.700, 142
Trd, 000097.000, 178
Trd, 000098.883, 173
Trd, 000099.150, 143
Trd, 000101.317, 169
Trd, 000101.383, 140
Trd, 000102.550, 162
Trd, 000102.617, 156
Trd, 000104.017, 152
Trd, 000104.583, 200
Trd, 000104.700, 165
Trd, 000105.300, 160
Trd, 000106.217, 147
Trd, 000106.550, 185
Trd, 000107.267, 183
Trd, 000107.867, 186
Trd, 000110.017, 153
Trd, 000111.117, 160
Trd, 000111.867, 166
Trd, 000112.017, 151
Trd, 000112.150, 148
Trd, 000113.683, 153
Trd, 000114.583, 162
Trd, 000115.850, 145
Trd, 000116.200, 147
Trd, 000116.500, 155
Trd, 000117.267, 149
Trd, 000118.133, 148
Trd, 000119.167, 159
Trd, 000120.233, 166
Trd, 000120.617, 160
Trd, 000121.100, 147
Trd, 000121.117, 143
Trd, 000121.617, 182
Trd, 000122.167, 141
Trd, 000122.200, 186
Trd, 000123.433, 142
Trd, 000126.233, 168
Trd, 000126.817, 156
Trd, 000127.650, 139
Trd, 000128.433, 156
Trd, 000129.000, 163
Trd, 000130.333, 165
Trd, 000131.200, 176
Trd, 000131.700, 173
Trd, 000131.767, 154
Trd, 000132.650, 133
Trd, 000133.700, 144
Trd, 000134.933, 151
Trd, 000135.267, 143
Trd, 000136.933, 157
Trd, 000137.000, 153
Trd, 000137.350, 166
Trd, 000138.467, 175
Trd, 000138.967, 174
Trd, 000140.317, 164
Trd, 000141.033, 104
Trd, 000141.267, 172
Trd, 000141.983, 166
Trd, 000142.717, 156
Trd, 000143.017, 138
Trd, 000144.400, 177
Trd, 000146.067, 133
Trd, 000146.133, 185
Trd, 000147.083, 166
Trd, 000147.633, 182
Trd, 000148.350, 169
Trd, 000149.333, 151
Trd, 000151.450, 127
Trd, 000151.817, 115
Trd, 000153.250, 153
Trd, 000153.350, 147
Trd, 000153.800, 155
Trd, 000154.750, 184
Trd, 000156.083, 109
Trd, 000156.350, 185
Trd, 000156.367, 173
Trd, 000156.433, 160
Trd, 000156.950, 159
Trd, 000157.400, 179
Trd, 000158.217, 161
Trd, 000159.767, 135
Trd, 000161.083, 141
Trd, 000161.600, 159
Trd, 000162.950, 193
Trd, 000163.133, 157
Trd, 000164.350, 176
Trd, 000166.783, 174
Trd, 000166.933, 160
Trd, 000166.983, 166
Trd, 000168.483, 173
Trd, 000169.433, 156
Trd, 000169.517, 138
Trd, 000170.400, 135
Trd, 000171.300, 185
Trd, 000171.750, 165
Trd, 000171.783, 130
Trd, 000172.017, 155
Trd, 000172.967, 162
Trd, 000173.950, 172
Trd, 000175.650, 135
Trd, 000176.133, 113
Trd, 000176.800, 170
Trd, 000176.950, 169
Trd, 000177.550, 131
Trd, 000178.050, 141
Trd, 000179.467, 159
Trd, 000179.883, 178
Trd, 000180.567, 157
Trd, 000180.950, 166
Trd, 000181.617, 158
Trd, 000182.633, 165
Trd, 000183.067, 162
Trd, 000183.200, 139
Trd, 000184.350, 174
Trd, 000185.617, 165
Trd, 000185.800, 159
Trd, 000186.233, 131
Trd, 000186.700, 179
Trd, 000186.783, 164
Trd, 000186.850, 181
Trd, 000187.183, 121
Trd, 000188.517, 158
Trd, 000188.900, 163
Trd, 000189.883, 131
Trd, 000189.900, 169
Trd, 000191.200, 116
Trd, 000192.017, 153
Trd, 000193.833, 166
Trd, 000194.817, 153
Trd, 000195.483, 184
Trd, 000195.817, 184
Trd, 000196.550, 186
Trd, 000196.600, 150
Trd, 000197.000, 146
Trd, 000197.517, 144
Trd, 000199.400, 151
Trd, 000200.300, 141
Trd, 000201.450, 171
Trd, 000202.100, 170
Trd, 000202.483, 179
Trd, 000202.500, 155
Trd, 000202.683, 191
Trd, 000203.517, 156
Trd, 000205.083, 171
Trd, 000206.367, 171
Trd, 000206.483, 165
Trd, 000206.683, 153
Trd, 000207.633, 177
Trd, 000207.933, 151
Trd, 000210.867, 167
Trd, 000211.700, 148
Trd, 000211.983, 164
Trd, 000212.683, 163
Trd, 000213.700, 167
Trd, 000218.117, 179
Trd, 000218.350, 166
Trd, 000218.817, 164
Trd, 000219.017, 153
Trd, 000220.483, 160
Trd, 000220.883, 169
Trd, 000221.233, 170
Trd, 000221.600, 168
Trd, 000222.317, 161
Trd, 000222.417, 154
Trd, 000222.783, 153
Trd, 000223.067, 147
Trd, 000223.433, 175
Trd, 000224.733, 159
Trd, 000226.267, 119
Trd, 000226.433, 158
Trd, 000226.767, 153
Trd, 000227.733, 134
Trd, 000228.417, 159
Trd, 000228.867, 153
Trd, 000229.767, 157
Trd, 000229.950, 141
Trd, 000231.267, 143
Trd, 000231.333, 145
Trd, 000231.883, 149
Trd, 000232.150, 141
Trd, 000232.250, 158
Trd, 000232.900, 167
Trd, 000233.183, 127
Trd, 000237.083, 146
Trd, 000237.783, 160
Trd, 000238.167, 153
Trd, 000238.750, 156
Trd, 000239.467, 171
Trd, 000240.633, 169
Trd, 000241.850, 174
Trd, 000241.950, 180
Trd, 000242.800, 150
Trd, 000243.117, 185
Trd, 000245.650, 154
Trd, 000246.767, 160
Trd, 000247.283, 176
Trd, 000248.050, 174
Trd, 000248.133, 147
Trd, 000248.483, 193
Trd, 000249.033, 146
Trd, 000249.917, 175
Trd, 000251.433, 161
Trd, 000251.500, 147
Trd, 000251.850, 171
Trd, 000252.717, 144
Trd, 000253.217, 119
Trd, 000253.400, 145
Trd, 000253.683, 145
Trd, 000257.017, 192
Trd, 000257.800, 169
Trd, 000257.883, 164
Trd, 000258.183, 171
Trd, 000259.933, 148
Trd, 000261.433, 175
Trd, 000261.717, 174
Trd, 000261.933, 154
Trd, 000264.133, 171
Trd, 000265.533, 154
Trd, 000266.783, 167
Trd, 000266.833, 171
Trd, 000266.983, 174
Trd, 000267.333, 163
Trd, 000267.900, 160
Trd, 000268.483, 155
Trd, 000270.783, 153
Trd, 000271.600, 184
Trd, 000272.467, 170
Trd, 000272.650, 167
Trd, 000272.900, 174
Trd, 000273.283, 146
Trd, 000275.267, 143
Trd, 000275.433, 154
Trd, 000276.633, 176
Trd, 000276.833, 148
Trd, 000276.983, 146
Trd, 000278.050, 177
Trd, 000278.267, 152
Trd, 000278.350, 180
Trd, 000281.883, 180
Trd, 000282.050, 143
Trd, 000282.267, 143
Trd, 000282.983, 142
Trd, 000283.600, 154
Trd, 000286.717, 129
Trd, 000286.817, 141
Trd, 000287.700, 178
Trd, 000287.783, 167
Trd, 000288.350, 169
Trd, 000291.650, 176
Trd, 000291.783, 149
Trd, 000292.033, 146
Trd, 000292.383, 178
Trd, 000294.933, 157
Trd, 000296.800, 196
Trd, 000297.567, 141
Trd, 000297.767, 165
Trd, 000298.450, 165
