Trd, 000005.200, 157
Trd, 000006.050, 123
Trd, 000006.150, 136
Trd, 000006.717, 140
Trd, 000006.817, 143
Trd, 000009.167, 154
Trd, 000010.333, 140
Trd, 000011.317, 148
Trd, 000011.617, 164
Trd, 000011.833, 149
Trd, 000011.867, 138
Trd, 000012.250, 138
Trd, 000013.217, 147
Trd, 000013.783, 131
Trd, 000015.567, 154
Trd, 000015.817, 166
Trd, 000016.950, 142
Trd, 000018.217, 147
Trd, 000018.950, 150
Trd, 000019.200, 149
Trd, 000021.150, 130
Trd, 000021.250, 161
Trd, 000021.483, 130
Trd, 000021.600, 157
Trd, 000022.017, 165
Trd, 000022.300, 141
Trd, 000022.433, 178
Trd, 000025.250, 131
Trd, 000025.467, 143
Trd, 000025.800, 149
Trd, 000026.250, 170
Trd, 000027.017, 138
Trd, 000027.383, 150
Trd, 000028.117, 155
Trd, 000028.183, 172
Trd, 000030.617, 180
Trd, 000030.900, 168
Trd, 000030.917, 161
Trd, 000031.150, 164
Trd, 000031.600, 142
Trd, 000035.283, 150
Trd, 000037.117, 184
Trd, 000037.367, 169
Trd, 000039.317, 185
Trd, 000040.417, 153
Trd, 000040.483, 127
Trd, 000040.833, 176
Trd, 000041.283, 176
Trd, 000041.450, 171
Trd, 000043.917, 173
Trd, 000044.817, 167
Trd, 000045.533, 122
Trd, 000045.750, 170
Trd, 000046.400, 122
Trd, 000047.300, 189
Trd, 000047.550, 169
Trd, 000049.367, 167
Trd, 000050.533, 185
Trd, 000053.433, 169
Trd, 000053.467, 170
Trd, 000054.000, 139
Trd, 000054.833, 162
Trd, 000055.050, 160
Trd, 000056.050, 176
Trd, 000057.583, 157
Trd, 000057.967, 153
Trd, 000058.100, 171
Trd, 000058.417, 145
Trd, 000059.167, 176
Trd, 000061.250, 170
Trd, 000061.867, 178
Trd, 000063.033, 161
Trd, 000064.317, 170
Trd, 000065.117, 170
Trd, 000065.133, 150
Trd, 000065.650, 155
Trd, 000067.283, 155
Trd, 000068.317, 154
Trd, 000069.433, 167
Trd, 000071.017, 150
Trd, 000071.117, 158
Trd, 000072.017, 188
Trd, 000072.100, 167
Trd, 000073.850, 188
Trd, 000074.533, 160
Trd, 000075.933, 183
Trd, 000076.900, 169
Trd, 000076.950, 174
Trd, 000077.567, 172
Trd, 000077.883, 149
Trd, 000078.850, 166
Trd, 000080.600, 166
Trd, 000081.550, 130
Trd, 000082.767, 151
Trd, 000082.783, 158
Trd, 000083.017, 162
Trd, 000084.067, 163
Trd, 000084.600, 155
Trd, 000085.717, 116
Trd, 000085.900, 173
Trd, 000086.833, 186
Trd, 000087.950, 162
Trd, 000089.333, 156
Trd, 000090.867, 164
Trd, 000091.333, 169
Trd, 000091.633, 155
Trd, 000092.483, 195
Trd, 000092.600, 168
Trd, 000096.483, 134
Trd, 000097.033, 182
Trd, 000097.767, 158
Trd, 000099.367, 158
Trd, 000100.700, 163
Trd, 000101.100, 146
Trd, 000101.917, 181
Trd, 000102.867, 169
Trd, 000104.850, 162
Trd, 000105.800, 145
Trd, 000107.033, 186
Trd, 000108.183, 165
Trd, 000110.133, 160
Trd, 000110.750, 162
Trd, 000110.833, 186
Trd, 000111.150, 164
Trd, 000111.283, 144
Trd, 000111.917, 175
Trd, 000112.367, 172
Trd, 000113.400, 156
Trd, 000115.767, 114
Trd, 000116.167, 145
Trd, 000118.067, 146
Trd, 000118.300, 154
Trd, 000118.517, 157
Trd, 000118.733, 160
Trd, 000118.817, 140
Trd, 000121.350, 174
Trd, 000121.500, 138
Trd, 000121.617, 147
Trd, 000123.667, 183
Trd, 000125.300, 146
Trd, 000126.767, 182
Trd, 000126.933, 169
Trd, 000127.117, 171
Trd, 000128.117, 163
Trd, 000129.583, 138
Trd, 000131.650, 166
Trd, 000132.017, 139
Trd, 000133.267, 170
Trd, 000133.483, 164
Trd, 000135.933, 185
Trd, 000136.583, 153
Trd, 000137.683, 154
Trd, 000138.783, 162
Trd, 000139.667, 164
Trd, 000140.417, 151
Trd, 000141.650, 180
Trd, 000142.633, 176
Trd, 000143.100, 179
Trd, 000143.583, 169
Trd, 000146.217, 161
Trd, 000147.817, 177
Trd, 000148.983, 163
Trd, 000151.017, 192
Trd, 000151.517, 160
Trd, 000151.983, 140
Trd, 000152.550, 161
Trd, 000154.500, 164
Trd, 000154.717, 166
Trd, 000154.983, 157
Trd, 000155.817, 156
Trd, 000155.967, 181
Trd, 000156.267, 172
Trd, 000156.533, 186
Trd, 000157.150, 142
Trd, 000160.867, 164
Trd, 000161.150, 173
Trd, 000161.567, 169
Trd, 000161.583, 181
Trd, 000161.783, 148
Trd, 000162.617, 141
Trd, 000163.883, 158
Trd, 000166.067, 156
Trd, 000166.367, 151
Trd, 000166.900, 158
Trd, 000166.917, 146
Trd, 000169.000, 161
Trd, 000169.533, 159
Trd, 000172.033, 176
Trd, 000172.583, 152
Trd, 000174.150, 166
Trd, 000175.833, 158
Trd, 000176.267, 130
Trd, 000176.533, 185
Trd, 000177.250, 178
Trd, 000178.117, 169
Trd, 000178.317, 172
Trd, 000179.850, 175
Trd, 000181.350, 156
Trd, 000182.583, 151
Trd, 000182.983, 168
Trd, 000183.433, 148
Trd, 000184.883, 183
Trd, 000186.700, 132
Trd, 000186.850, 138
Trd, 000186.983, 154
Trd, 000187.783, 157
Trd, 000187.867, 153
Trd, 000188.500, 152
Trd, 000188.967, 150
Trd, 000191.283, 155
Trd, 000191.533, 183
Trd, 000192.183, 154
Trd, 000193.100, 161
Trd, 000193.333, 172
Trd, 000194.033, 155
Trd, 000194.517, 152
Trd, 000194.833, 162
Trd, 000195.433, 166
Trd, 000196.483, 170
Trd, 000196.900, 169
Trd, 000197.117, 167
Trd, 000200.200, 163
Trd, 000200.283, 167
Trd, 000201.583, 185
Trd, 000202.433, 199
Trd, 000202.483, 165
Trd, 000204.283, 148
Trd, 000204.450, 154
Trd, 000204.717, 154
Trd, 000206.733, 180
Trd, 000207.733, 190
Trd, 000208.467, 183
Trd, 000209.017, 167
Trd, 000211.400, 186
Trd, 000212.033, 148
Trd, 000212.283, 139
Trd, 000213.000, 177
Trd, 000213.633, 184
Trd, 000216.650, 149
Trd, 000217.433, 182
Trd, 000217.867, 188
Trd, 000218.833, 165
Trd, 000220.933, 160
Trd, 000221.183, 186
Trd, 000221.533, 170
Trd, 000222.467, 178
Trd, 000223.533, 169
Trd, 000223.900, 165
Trd, 000226.350, 103
Trd, 000226.500, 142
Trd, 000227.533, 129
Trd, 000227.850, 142
Trd, 000229.300, 179
Trd, 000230.583, 185
Trd, 000231.450, 181
Trd, 000232.783, 165
Trd, 000233.783, 166
Trd, 000236.817, 185
Trd, 000237.500, 178
Trd, 000238.050, 180
Trd, 000238.867, 163
Trd, 000239.067, 157
Trd, 000239.950, 138
Trd, 000242.233, 139
Trd, 000242.367, 154
Trd, 000242.400, 157
Trd, 000242.433, 136
Trd, 000242.467, 172
Trd, 000243.533, 160
Trd, 000244.783, 173
Trd, 000246.500, 148
Trd, 000246.700, 142
Trd, 000247.417, 181
Trd, 000248.533, 149
Trd, 000248.983, 150
Trd, 000249.250, 154
Trd, 000250.850, 155
Trd, 000251.083, 137
Trd, 000251.517, 179
Trd, 000252.117, 163
Trd, 000252.183, 144
Trd, 000252.967, 162
Trd, 000253.383, 157
Trd, 000254.300, 161
Trd, 000254.517, 159
Trd, 000256.383, 132
Trd, 000257.633, 177
Trd, 000257.783, 169
Trd, 000258.200, 169
Trd, 000258.500, 174
Trd, 000258.833, 162
Trd, 000259.667, 144
Trd, 000261.667, 163
Trd, 000262.017, 148
Trd, 000262.433, 157
Trd, 000265.483, 156
Trd, 000265.750, 162
Trd, 000265.783, 151
Trd, 000266.567, 180
Trd, 000266.600, 138
Trd, 000268.117, 173
Trd, 000270.933, 166
Trd, 000271.417, 180
Trd, 000272.300, 153
Trd, 000273.300, 164
Trd, 000273.683, 163
Trd, 000273.933, 167
Trd, 000274.383, 168
Trd, 000276.450, 130
Trd, 000277.667, 140
Trd, 000279.067, 180
Trd, 000279.300, 163
Trd, 000279.567, 182
Trd, 000281.283, 163
Trd, 000282.067, 157
Trd, 000282.600, 131
Trd, 000282.700, 169
Trd, 000282.883, 127
Trd, 000283.300, 128
Trd, 000283.433, 140
Trd, 000284.400, 154
Trd, 000285.317, 130
Trd, 000287.383, 170
Trd, 000287.933, 157
Trd, 000287.967, 171
Trd, 000288.983, 166
Trd, 000290.000, 162
Trd, 000291.767, 129
Trd, 000292.650, 152
Trd, 000293.000, 129
Trd, 000293.317, 156
Trd, 000294.350, 133
Trd, 000296.000, 158
Trd, 000296.783, 167
Trd, 000297.300, 171
Trd, 000297.433, 154
Trd, 000297.700, 128
Trd, 000297.850, 158
Trd, 000299.017, 157
Trd, 000299.750, 159
