Trd, 000005.417, 158
Trd, 000005.967, 142
Trd, 000005.983, 134
Trd, 000006.200, 159
Trd, 000007.433, 153
Trd, 000007.550, 144
Trd, 000007.583, 159
Trd, 000010.250, 104
Trd, 000011.217, 137
Trd, 000013.633, 174
Trd, 000014.150, 155
Trd, 000015.217, 140
Trd, 000015.683, 177
Trd, 000015.950, 147
Trd, 000017.100, 191
Trd, 000019.100, 154
Trd, 000020.200, 184
Trd, 000020.317, 130
Trd, 000023.617, 177
Trd, 000023.783, 161
Trd, 000023.967, 180
Trd, 000025.283, 151
Trd, 000026.333, 147
Trd, 000027.017, 162
Trd, 000030.833, 133
Trd, 000031.133, 170
Trd, 000032.117, 140
Trd, 000033.233, 161
Trd, 000035.417, 162
Trd, 000035.767, 162
Trd, 000036.567, 156
Trd, 000038.583, 154
Trd, 000038.817, 159
Trd, 000040.650, 109
Trd, 000041.450, 161
Trd, 000042.983, 162
Trd, 000043.450, 160
Trd, 000044.083, 161
Trd, 000045.350, 188
Trd, 000045.833, 162
Trd, 000046.367, 146
Trd, 000050.583, 121
Trd, 000052.717, 159
Trd, 000053.117, 169
Trd, 000053.767, 165
Trd, 000054.117, 175
Trd, 000055.867, 166
Trd, 000057.250, 169
Trd, 000059.950, 166
Trd, 000060.867, 168
Trd, 000062.633, 137
Trd, 000063.100, 138
Trd, 000063.167, 154
Trd, 000063.183, 156
Trd, 000064.000, 156
Trd, 000065.683, 165
Trd, 000066.417, 166
Trd, 000068.733, 148
Trd, 000070.550, 192
Trd, 000070.567, 133
Trd, 000071.483, 136
Trd, 000072.467, 139
Trd, 000073.133, 182
Trd, 000074.133, 183
Trd, 000074.667, 156
Trd, 000075.183, 156
Trd, 000075.683, 107
Trd, 000076.150, 133
Trd, 000076.867, 153
Trd, 000077.733, 151
Trd, 000078.500, 163
Trd, 000081.267, 169
Trd, 000081.383, 174
Trd, 000081.567, 174
Trd, 000082.233, 158
Trd, 000083.400, 162
Trd, 000083.450, 185
Trd, 000085.733, 166
Trd, 000086.750, 147
Trd, 000087.250, 156
Trd, 000089.383, 145
Trd, 000091.133, 181
Trd, 000092.817, 184
Trd, 000093.467, 184
Trd, 000093.750, 155
Trd, 000095.050, 159
Trd, 000097.567, 153
Trd, 000097.733, 166
Trd, 000098.683, 153
Trd, 000100.433, 153
Trd, 000102.050, 159
Trd, 000103.267, 159
Trd, 000103.633, 146
Trd, 000103.783, 149
Trd, 000106.050, 153
Trd, 000106.217, 154
Trd, 000106.433, 189
Trd, 000106.733, 178
Trd, 000107.333, 178
Trd, 000108.433, 175
Trd, 000108.783, 170
Trd, 000110.767, 103
Trd, 000111.683, 160
Trd, 000113.050, 168
Trd, 000113.467, 152
Trd, 000114.433, 171
Trd, 000116.717, 167
Trd, 000117.800, 166
Trd, 000117.917, 166
Trd, 000118.000, 184
Trd, 000121.350, 106
Trd, 000121.417, 111
Trd, 000124.967, 188
Trd, 000125.417, 187
Trd, 000126.517, 153
Trd, 000127.000, 140
Trd, 000127.850, 160
Trd, 000128.000, 175
Trd, 000128.083, 166
Trd, 000128.150, 162
Trd, 000131.200, 113
Trd, 000131.267, 131
Trd, 000133.617, 164
Trd, 000134.067, 172
Trd, 000136.133, 183
Trd, 000136.400, 155
Trd, 000138.717, 168
Trd, 000141.517, 178
Trd, 000143.917, 159
Trd, 000146.850, 147
Trd, 000147.167, 133
Trd, 000148.000, 168
Trd, 000148.383, 163
Trd, 000151.300, 114
Trd, 000151.667, 138
Trd, 000153.400, 146
Trd, 000153.500, 159
Trd, 000153.767, 160
Trd, 000156.083, 157
Trd, 000156.633, 185
Trd, 000161.383, 119
Trd, 000161.500, 172
Trd, 000161.550, 182
Trd, 000162.633, 149
Trd, 000163.433, 155
Trd, 000166.200, 116
Trd, 000166.717, 167
Trd, 000169.083, 160
Trd, 000169.950, 149
Trd, 000171.633, 186
Trd, 000172.150, 148
Trd, 000172.450, 162
Trd, 000172.867, 166
Trd, 000175.067, 166
Trd, 000175.617, 166
Trd, 000176.517, 167
Trd, 000176.667, 151
Trd, 000176.783, 162
Trd, 000177.417, 147
Trd, 000179.467, 171
Trd, 000179.667, 146
Trd, 000181.317, 174
Trd, 000183.900, 187
Trd, 000184.600, 187
Trd, 000186.100, 118
Trd, 000187.833, 182
Trd, 000187.983, 174
Trd, 000191.083, 105
Trd, 000191.700, 117
Trd, 000192.100, 135
Trd, 000196.950, 186
Trd, 000197.517, 157
Trd, 000198.733, 156
Trd, 000201.550, 143
Trd, 000201.900, 151
Trd, 000202.500, 168
Trd, 000203.467, 168
Trd, 000206.700, 111
Trd, 000207.800, 143
Trd, 000208.483, 177
Trd, 000209.000, 182
Trd, 000209.450, 181
Trd, 000209.517, 176
Trd, 000213.150, 171
Trd, 000213.467, 167
Trd, 000213.767, 180
Trd, 000215.217, 146
Trd, 000217.567, 181
Trd, 000217.767, 160
Trd, 000218.217, 160
Trd, 000220.650, 156
Trd, 000221.883, 133
Trd, 000222.167, 129
Trd, 000222.567, 129
Trd, 000224.300, 180
Trd, 000225.233, 165
Trd, 000226.333, 185
Trd, 000227.217, 162
Trd, 000230.550, 154
Trd, 000232.533, 137
Trd, 000232.567, 142
Trd, 000232.867, 181
Trd, 000233.450, 162
Trd, 000233.483, 146
Trd, 000233.617, 180
Trd, 000233.867, 159
Trd, 000234.000, 146
Trd, 000236.850, 146
Trd, 000239.367, 187
Trd, 000241.083, 181
Trd, 000242.317, 181
Trd, 000243.067, 160
Trd, 000243.117, 147
Trd, 000243.350, 162
Trd, 000245.650, 184
Trd, 000247.033, 181
Trd, 000247.467, 183
Trd, 000248.817, 152
Trd, 000250.533, 149
Trd, 000250.733, 159
Trd, 000251.600, 175
Trd, 000251.650, 137
Trd, 000253.050, 163
Trd, 000254.617, 156
Trd, 000254.683, 146
Trd, 000256.750, 107
Trd, 000257.233, 145
Trd, 000258.050, 154
Trd, 000259.067, 181
Trd, 000259.150, 153
Trd, 000262.183, 140
Trd, 000262.750, 179
Trd, 000263.633, 162
Trd, 000265.733, 156
Trd, 000266.600, 156
Trd, 000271.267, 170
Trd, 000271.817, 153
Trd, 000274.117, 183
Trd, 000274.367, 168
Trd, 000275.083, 147
Trd, 000276.217, 178
Trd, 000276.700, 143
Trd, 000276.867, 140
Trd, 000278.633, 163
Trd, 000279.800, 153
Trd, 000280.683, 150
Trd, 000281.850, 146
Trd, 000283.967, 162
Trd, 000285.650, 158
Trd, 000286.517, 115
Trd, 000286.783, 172
Trd, 000287.567, 188
Trd, 000287.900, 166
Trd, 000292.267, 162
Trd, 000292.383, 141
Trd, 000292.817, 151
Trd, 000294.333, 154
Trd, 000296.767, 120
Trd, 000297.200, 168
Trd, 000297.900, 164
