Trd, 000005.300, 173
Trd, 000006.667, 156
Trd, 000007.083, 162
Trd, 000007.450, 166
Trd, 000008.083, 149
Trd, 000009.033, 140
Trd, 000010.200, 166
Trd, 000010.617, 170
Trd, 000011.433, 172
Trd, 000012.267, 148
Trd, 000013.133, 160
Trd, 000013.433, 148
Trd, 000013.867, 157
Trd, 000015.167, 168
Trd, 000015.917, 167
Trd, 000016.233, 176
Trd, 000017.417, 177
Trd, 000017.600, 160
Trd, 000018.200, 153
Trd, 000018.517, 154
Trd, 000020.800, 189
Trd, 000023.133, 173
Trd, 000023.917, 165
Trd, 000024.100, 156
Trd, 000025.333, 124
Trd, 000025.500, 187
Trd, 000025.983, 169
Trd, 000026.183, 162
Trd, 000029.383, 165
Trd, 000030.833, 138
Trd, 000032.583, 154
Trd, 000033.100, 162
Trd, 000033.567, 155
Trd, 000035.417, 171
Trd, 000036.333, 174
Trd, 000036.450, 178
Trd, 000037.533, 157
Trd, 000040.433, 177
Trd, 000040.517, 143
Trd, 000040.817, 195
Trd, 000042.617, 177
Trd, 000044.667, 174
Trd, 000048.000, 175
Trd, 000048.150, 168
Trd, 000051.150, 167
Trd, 000052.117, 176
Trd, 000053.367, 165
Trd, 000053.783, 185
Trd, 000054.250, 155
Trd, 000054.300, 150
Trd, 000055.667, 186
Trd, 000055.833, 159
Trd, 000056.000, 163
Trd, 000056.050, 152
Trd, 000056.900, 180
Trd, 000058.800, 163
Trd, 000061.867, 180
Trd, 000062.867, 167
Trd, 000064.500, 171
Trd, 000065.733, 168
Trd, 000066.083, 167
Trd, 000066.933, 153
Trd, 000067.333, 162
Trd, 000067.733, 159
Trd, 000067.917, 169
Trd, 000071.000, 185
Trd, 000071.767, 185
Trd, 000076.700, 183
Trd, 000077.333, 171
Trd, 000080.000, 160
Trd, 000080.683, 186
Trd, 000082.950, 188
Trd, 000083.117, 174
Trd, 000083.733, 166
Trd, 000086.567, 176
Trd, 000086.683, 189
Trd, 000087.350, 165
Trd, 000089.350, 177
Trd, 000091.033, 165
Trd, 000091.433, 148
Trd, 000091.767, 151
Trd, 000092.050, 159
Trd, 000092.917, 154
Trd, 000094.600, 165
Trd, 000095.767, 173
Trd, 000096.050, 169
Trd, 000096.233, 164
Trd, 000098.733, 168
Trd, 000099.300, 183
Trd, 000100.367, 165
Trd, 000100.833, 190
Trd, 000101.500, 156
Trd, 000101.750, 141
Trd, 000101.950, 156
Trd, 000103.967, 168
Trd, 000105.433, 166
Trd, 000106.100, 167
Trd, 000106.483, 153
Trd, 000107.650, 168
Trd, 000108.083, 172
Trd, 000111.783, 186
Trd, 000111.950, 178
Trd, 000113.950, 174
Trd, 000114.783, 169
Trd, 000116.017, 132
Trd, 000116.450, 148
Trd, 000116.717, 173
Trd, 000117.183, 156
Trd, 000119.783, 166
Trd, 000121.217, 170
Trd, 000121.250, 150
Trd, 000121.300, 172
Trd, 000121.350, 138
Trd, 000123.733, 162
Trd, 000124.250, 163
Trd, 000125.933, 125
Trd, 000126.100, 129
Trd, 000127.933, 163
Trd, 000128.367, 140
Trd, 000129.133, 169
Trd, 000129.500, 161
Trd, 000130.383, 154
Trd, 000131.283, 157
Trd, 000131.617, 161
Trd, 000131.933, 165
Trd, 000135.333, 192
Trd, 000135.567, 161
Trd, 000136.133, 152
Trd, 000136.900, 187
Trd, 000141.533, 153
Trd, 000141.783, 158
Trd, 000142.417, 168
Trd, 000142.533, 185
Trd, 000146.583, 172
Trd, 000147.850, 178
Trd, 000148.000, 147
Trd, 000150.667, 155
Trd, 000151.350, 151
Trd, 000151.433, 181
Trd, 000152.950, 165
Trd, 000153.717, 157
Trd, 000156.433, 182
Trd, 000157.067, 189
Trd, 000157.717, 160
Trd, 000157.867, 168
Trd, 000157.950, 158
Trd, 000159.300, 155
Trd, 000159.517, 157
Trd, 000161.617, 172
Trd, 000162.900, 159
Trd, 000163.917, 153
Trd, 000164.400, 163
Trd, 000164.650, 148
Trd, 000166.783, 183
Trd, 000167.133, 169
Trd, 000168.183, 169
Trd, 000169.933, 176
Trd, 000171.417, 160
Trd, 000171.750, 142
Trd, 000172.900, 173
Trd, 000175.433, 179
Trd, 000177.150, 181
Trd, 000177.583, 176
Trd, 000177.800, 174
Trd, 000180.850, 170
Trd, 000181.167, 158
Trd, 000182.683, 180
Trd, 000182.883, 177
Trd, 000185.600, 167
Trd, 000186.917, 179
Trd, 000187.833, 154
Trd, 000190.133, 159
Trd, 000190.567, 161
Trd, 000191.183, 152
Trd, 000193.500, 187
Trd, 000193.533, 155
Trd, 000194.167, 156
Trd, 000195.233, 159
Trd, 000196.400, 193
Trd, 000196.583, 173
Trd, 000197.250, 181
Trd, 000197.683, 163
Trd, 000197.933, 146
Trd, 000200.750, 166
Trd, 000201.500, 133
Trd, 000203.250, 182
Trd, 000205.933, 154
Trd, 000206.517, 179
Trd, 000207.300, 158
Trd, 000207.500, 154
Trd, 000208.033, 156
Trd, 000210.217, 169
Trd, 000212.050, 166
Trd, 000212.183, 155
Trd, 000212.417, 177
Trd, 000213.383, 162
Trd, 000213.967, 152
Trd, 000218.950, 184
Trd, 000219.517, 188
Trd, 000220.700, 171
Trd, 000221.333, 148
Trd, 000222.067, 173
Trd, 000222.617, 158
Trd, 000223.217, 157
Trd, 000225.167, 173
Trd, 000225.433, 166
Trd, 000226.550, 127
Trd, 000226.767, 130
Trd, 000226.783, 134
Trd, 000227.500, 178
Trd, 000228.267, 194
Trd, 000230.300, 154
Trd, 000231.383, 155
Trd, 000232.133, 157
Trd, 000232.933, 187
Trd, 000236.383, 193
Trd, 000236.683, 174
Trd, 000237.117, 177
Trd, 000240.517, 167
Trd, 000241.900, 151
Trd, 000242.050, 135
Trd, 000242.700, 147
Trd, 000242.817, 155
Trd, 000244.817, 174
Trd, 000245.100, 170
Trd, 000246.583, 132
Trd, 000247.850, 168
Trd, 000248.283, 157
Trd, 000249.950, 145
Trd, 000252.133, 178
Trd, 000252.533, 175
Trd, 000254.617, 174
Trd, 000256.317, 152
Trd, 000256.717, 169
Trd, 000257.233, 169
Trd, 000257.617, 150
Trd, 000260.467, 172
Trd, 000260.817, 155
Trd, 000262.700, 171
Trd, 000263.167, 162
Trd, 000263.617, 154
Trd, 000265.267, 185
Trd, 000266.517, 139
Trd, 000266.900, 180
Trd, 000267.267, 132
Trd, 000267.583, 146
Trd, 000267.950, 163
Trd, 000271.883, 164
Trd, 000272.417, 183
Trd, 000273.100, 187
Trd, 000276.900, 158
Trd, 000277.367, 183
Trd, 000278.217, 170
Trd, 000279.267, 151
Trd, 000279.450, 151
Trd, 000281.150, 155
Trd, 000281.933, 153
Trd, 000281.950, 157
Trd, 000282.083, 166
Trd, 000284.950, 179
Trd, 000286.600, 169
Trd, 000286.950, 185
Trd, 000288.250, 136
Trd, 000288.333, 146
Trd, 000288.983, 160
Trd, 000292.683, 157
Trd, 000292.700, 129
Trd, 000293.967, 171
Trd, 000295.117, 163
Trd, 000295.283, 171
Trd, 000295.733, 159
Trd, 000298.250, 182
Trd, 000298.367, 181
Trd, 000299.417, 162
