Trd, 000005.467, 147
Trd, 000005.817, 155
Trd, 000006.050, 141
Trd, 000006.633, 144
Trd, 000007.233, 152
Trd, 000007.400, 159
Trd, 000008.350, 149
Trd, 000008.500, 169
Trd, 000008.867, 148
Trd, 000009.467, 132
Trd, 000010.350, 144
Trd, 000010.533, 139
Trd, 000010.800, 147
Trd, 000012.900, 148
Trd, 000012.933, 164
Trd, 000014.167, 172
Trd, 000014.200, 149
Trd, 000015.167, 177
Trd, 000015.250, 167
Trd, 000016.433, 150
Trd, 000017.883, 159
Trd, 000018.983, 147
Trd, 000020.683, 165
Trd, 000020.933, 149
Trd, 000021.200, 153
Trd, 000021.417, 157
Trd, 000021.733, 157
Trd, 000022.083, 156
Trd, 000023.833, 177
Trd, 000024.933, 155
Trd, 000025.833, 164
Trd, 000026.200, 161
Trd, 000027.517, 169
Trd, 000027.733, 169
Trd, 000027.867, 149
Trd, 000029.000, 137
Trd, 000029.433, 136
Trd, 000030.300, 141
Trd, 000030.600, 146
Trd, 000030.850, 143
Trd, 000031.200, 141
Trd, 000032.817, 154
Trd, 000033.350, 179
Trd, 000033.683, 142
Trd, 000035.750, 168
Trd, 000036.317, 161
Trd, 000036.667, 155
Trd, 000037.467, 154
Trd, 000037.983, 171
Trd, 000040.767, 181
Trd, 000042.217, 160
Trd, 000042.733, 172
Trd, 000043.300, 166
Trd, 000043.433, 140
Trd, 000047.533, 175
Trd, 000047.783, 158
Trd, 000048.550, 175
Trd, 000048.900, 151
Trd, 000049.233, 146
Trd, 000049.317, 137
Trd, 000050.967, 195
Trd, 000051.683, 164
Trd, 000052.050, 145
Trd, 000052.067, 144
Trd, 000055.883, 152
Trd, 000056.900, 176
Trd, 000056.950, 151
Trd, 000057.650, 181
Trd, 000061.533, 175
Trd, 000061.550, 190
Trd, 000063.050, 140
Trd, 000064.750, 172
Trd, 000064.883, 162
Trd, 000066.200, 157
Trd, 000067.383, 147
Trd, 000067.400, 165
Trd, 000069.833, 142
Trd, 000071.017, 153
Trd, 000071.900, 173
Trd, 000072.050, 152
Trd, 000072.217, 150
Trd, 000073.650, 166
Trd, 000073.867, 152
Trd, 000076.267, 142
Trd, 000076.633, 147
Trd, 000076.817, 160
Trd, 000078.233, 160
Trd, 000079.433, 150
Trd, 000079.583, 168
Trd, 000080.550, 134
Trd, 000081.250, 178
Trd, 000083.433, 166
Trd, 000085.800, 128
Trd, 000086.217, 168
Trd, 000088.600, 157
Trd, 000088.650, 176
Trd, 000089.433, 144
Trd, 000091.467, 179
Trd, 000091.850, 161
Trd, 000091.900, 150
Trd, 000092.117, 139
Trd, 000093.283, 153
Trd, 000093.667, 151
Trd, 000095.917, 156
Trd, 000096.067, 136
Trd, 000097.150, 173
Trd, 000098.050, 157
Trd, 000099.117, 181
Trd, 000102.017, 158
Trd, 000102.283, 168
Trd, 000103.317, 153
Trd, 000105.900, 135
Trd, 000106.183, 165
Trd, 000106.250, 155
Trd, 000107.133, 174
Trd, 000107.867, 162
Trd, 000107.983, 147
Trd, 000109.033, 140
Trd, 000110.267, 150
Trd, 000110.967, 143
Trd, 000111.217, 122
Trd, 000111.683, 153
Trd, 000111.783, 155
Trd, 000113.400, 165
Trd, 000113.550, 150
Trd, 000116.950, 171
Trd, 000118.383, 185
Trd, 000120.150, 150
Trd, 000120.517, 166
Trd, 000121.633, 163
Trd, 000122.367, 157
Trd, 000122.917, 162
Trd, 000123.400, 155
Trd, 000123.983, 154
Trd, 000124.083, 140
Trd, 000126.433, 146
Trd, 000126.817, 154
Trd, 000127.300, 172
Trd, 000127.633, 168
Trd, 000127.900, 165
Trd, 000128.517, 171
Trd, 000129.950, 148
Trd, 000130.283, 146
Trd, 000130.383, 141
Trd, 000131.133, 152
Trd, 000131.467, 174
Trd, 000131.917, 164
Trd, 000136.117, 155
Trd, 000137.833, 161
Trd, 000138.650, 181
Trd, 000138.783, 153
Trd, 000140.267, 167
Trd, 000141.267, 169
Trd, 000142.283, 173
Trd, 000142.767, 173
Trd, 000142.933, 171
Trd, 000143.367, 164
Trd, 000144.033, 155
Trd, 000146.583, 144
Trd, 000147.100, 149
Trd, 000148.283, 182
Trd, 000149.050, 147
Trd, 000149.750, 158
Trd, 000150.050, 157
Trd, 000150.917, 153
Trd, 000151.117, 121
Trd, 000152.033, 159
Trd, 000153.383, 150
Trd, 000156.300, 164
Trd, 000156.500, 141
Trd, 000156.867, 148
Trd, 000161.783, 188
Trd, 000162.183, 162
Trd, 000162.217, 158
Trd, 000163.167, 149
Trd, 000163.300, 147
Trd, 000164.717, 177
Trd, 000167.550, 168
Trd, 000167.950, 162
Trd, 000168.083, 149
Trd, 000168.733, 155
Trd, 000170.183, 153
Trd, 000170.283, 150
Trd, 000170.850, 179
Trd, 000171.250, 122
Trd, 000171.983, 198
Trd, 000172.067, 178
Trd, 000172.500, 155
Trd, 000173.300, 167
Trd, 000175.383, 153
Trd, 000176.717, 161
Trd, 000176.833, 159
Trd, 000177.217, 175
Trd, 000177.950, 179
Trd, 000178.600, 141
Trd, 000180.583, 157
Trd, 000182.317, 180
Trd, 000184.550, 172
Trd, 000185.567, 174
Trd, 000185.633, 159
Trd, 000186.367, 143
Trd, 000186.867, 152
Trd, 000187.817, 167
Trd, 000188.250, 154
Trd, 000189.367, 183
Trd, 000192.167, 177
Trd, 000192.783, 168
Trd, 000193.967, 141
Trd, 000196.267, 120
Trd, 000196.533, 147
Trd, 000197.050, 162
Trd, 000197.583, 159
Trd, 000197.633, 161
Trd, 000198.200, 156
Trd, 000199.550, 175
Trd, 000200.117, 167
Trd, 000202.550, 175
Trd, 000202.600, 173
Trd, 000202.733, 145
Trd, 000206.933, 176
Trd, 000207.283, 195
Trd, 000207.400, 184
Trd, 000207.600, 168
Trd, 000208.383, 168
Trd, 000210.617, 148
Trd, 000211.917, 156
Trd, 000211.950, 151
Trd, 000212.883, 148
Trd, 000213.483, 154
Trd, 000214.850, 149
Trd, 000216.183, 184
Trd, 000216.483, 148
Trd, 000218.117, 136
Trd, 000218.150, 144
Trd, 000220.550, 161
Trd, 000221.567, 140
Trd, 000222.183, 181
Trd, 000222.483, 149
Trd, 000223.333, 138
Trd, 000224.117, 158
Trd, 000224.867, 171
Trd, 000225.317, 145
Trd, 000226.583, 191
Trd, 000227.850, 168
Trd, 000228.017, 156
Trd, 000228.283, 147
Trd, 000229.367, 172
Trd, 000231.767, 157
Trd, 000232.167, 159
Trd, 000233.550, 185
Trd, 000234.400, 157
Trd, 000236.667, 186
Trd, 000238.183, 180
Trd, 000238.567, 145
Trd, 000238.867, 159
Trd, 000242.183, 167
Trd, 000242.250, 147
Trd, 000243.067, 169
Trd, 000243.267, 171
Trd, 000244.117, 175
Trd, 000247.917, 171
Trd, 000249.417, 164
Trd, 000249.683, 157
Trd, 000250.150, 155
Trd, 000252.400, 174
Trd, 000252.867, 138
Trd, 000253.500, 149
Trd, 000253.767, 166
Trd, 000255.083, 145
Trd, 000255.283, 146
Trd, 000256.867, 164
Trd, 000258.050, 170
Trd, 000259.850, 151
Trd, 000260.350, 150
Trd, 000261.100, 142
Trd, 000261.617, 151
Trd, 000262.183, 173
Trd, 000264.383, 160
Trd, 000264.833, 166
Trd, 000265.950, 160
Trd, 000266.417, 174
Trd, 000266.700, 180
Trd, 000267.000, 153
Trd, 000269.567, 144
Trd, 000271.117, 141
Trd, 000271.750, 125
Trd, 000271.800, 130
Trd, 000272.483, 162
Trd, 000272.717, 159
Trd, 000273.717, 174
Trd, 000275.433, 157
Trd, 000276.867, 174
Trd, 000277.583, 178
Trd, 000277.650, 168
Trd, 000280.950, 192
Trd, 000281.683, 129
Trd, 000282.200, 148
Trd, 000282.283, 151
Trd, 000282.567, 142
Trd, 000282.700, 186
Trd, 000284.250, 179
Trd, 000285.700, 149
Trd, 000287.233, 154
Trd, 000287.467, 143
Trd, 000289.033, 181
Trd, 000289.067, 158
Trd, 000290.667, 150
Trd, 000291.883, 173
Trd, 000292.617, 161
Trd, 000293.100, 153
Trd, 000293.933, 149
Trd, 000295.700, 156
Trd, 000296.550, 194
Trd, 000297.033, 142
Trd, 000297.083, 181
