Trd, 000005.283, 118
Trd, 000005.317, 119
Trd, 000005.700, 124
Trd, 000005.850, 116
Trd, 000006.033, 137
Trd, 000006.650, 154
Trd, 000007.050, 147
Trd, 000007.133, 157
Trd, 000007.933, 136
Trd, 000010.317, 151
Trd, 000011.100, 168
Trd, 000012.550, 170
Trd, 000013.483, 170
Trd, 000014.517, 168
Trd, 000015.300, 195
Trd, 000015.633, 127
Trd, 000016.117, 166
Trd, 000016.483, 165
Trd, 000018.767, 165
Trd, 000019.917, 163
Trd, 000020.300, 113
Trd, 000020.517, 136
Trd, 000020.983, 178
Trd, 000021.233, 136
Trd, 000021.400, 155
Trd, 000022.850, 173
Trd, 000024.200, 161
Trd, 000025.567, 142
Trd, 000026.000, 152
Trd, 000026.267, 154
Trd, 000027.100, 193
Trd, 000027.600, 157
Trd, 000028.450, 143
Trd, 000028.533, 151
Trd, 000030.383, 166
Trd, 000031.150, 157
Trd, 000031.733, 143
Trd, 000031.750, 164
Trd, 000032.233, 168
Trd, 000032.833, 153
Trd, 000034.367, 151
Trd, 000034.567, 149
Trd, 000035.567, 174
Trd, 000035.583, 171
Trd, 000035.600, 159
Trd, 000036.217, 176
Trd, 000037.383, 171
Trd, 000040.667, 178
Trd, 000040.733, 171
Trd, 000042.133, 175
Trd, 000042.167, 173
Trd, 000042.967, 149
Trd, 000045.050, 144
Trd, 000045.200, 161
Trd, 000045.350, 136
Trd, 000046.017, 166
Trd, 000047.183, 165
Trd, 000048.233, 150
Trd, 000048.617, 148
Trd, 000048.750, 155
Trd, 000051.067, 176
Trd, 000051.483, 179
Trd, 000052.167, 168
Trd, 000053.850, 175
Trd, 000055.033, 176
Trd, 000055.583, 138
Trd, 000055.950, 181
Trd, 000055.967, 157
Trd, 000056.517, 147
Trd, 000057.800, 157
Trd, 000058.617, 157
Trd, 000060.967, 166
Trd, 000061.317, 175
Trd, 000061.583, 172
Trd, 000062.317, 161
Trd, 000064.100, 171
Trd, 000064.717, 178
Trd, 000064.917, 144
Trd, 000066.517, 200
Trd, 000066.867, 164
Trd, 000066.900, 163
Trd, 000067.017, 163
Trd, 000067.733, 163
Trd, 000069.067, 175
Trd, 000071.150, 165
Trd, 000071.850, 171
Trd, 000072.483, 172
Trd, 000072.633, 162
Trd, 000072.650, 146
Trd, 000073.983, 142
Trd, 000075.567, 162
Trd, 000075.600, 198
Trd, 000075.667, 142
Trd, 000076.283, 140
Trd, 000077.133, 155
Trd, 000079.150, 153
Trd, 000080.000, 144
Trd, 000080.967, 166
Trd, 000081.233, 191
Trd, 000081.267, 163
Trd, 000085.133, 164
Trd, 000085.233, 169
Trd, 000085.733, 198
Trd, 000086.333, 155
Trd, 000087.467, 179
Trd, 000087.483, 172
Trd, 000087.950, 175
Trd, 000089.183, 166
Trd, 000089.383, 158
Trd, 000089.667, 170
Trd, 000090.600, 176
Trd, 000091.450, 173
Trd, 000092.133, 163
Trd, 000093.333, 152
Trd, 000094.400, 139
Trd, 000095.733, 164
Trd, 000096.333, 199
Trd, 000096.817, 171
Trd, 000097.850, 151
Trd, 000098.300, 159
Trd, 000098.683, 138
Trd, 000100.233, 157
Trd, 000101.017, 137
Trd, 000101.233, 158
Trd, 000101.350, 145
Trd, 000102.050, 159
Trd, 000102.900, 171
Trd, 000104.567, 150
Trd, 000104.817, 148
Trd, 000106.633, 200
Trd, 000107.167, 185
Trd, 000107.367, 171
Trd, 000107.417, 152
Trd, 000108.617, 176
Trd, 000110.350, 146
Trd, 000110.817, 148
Trd, 000110.833, 148
Trd, 000111.767, 175
Trd, 000111.967, 163
Trd, 000112.883, 141
Trd, 000113.433, 141
Trd, 000114.200, 139
Trd, 000114.267, 174
Trd, 000115.900, 163
Trd, 000116.550, 166
Trd, 000116.617, 166
Trd, 000117.900, 177
Trd, 000120.183, 160
Trd, 000121.067, 174
Trd, 000121.283, 180
Trd, 000121.400, 149
Trd, 000123.150, 165
Trd, 000124.333, 162
Trd, 000125.917, 168
Trd, 000126.183, 150
Trd, 000126.767, 141
Trd, 000126.850, 166
Trd, 000127.867, 149
Trd, 000129.100, 161
Trd, 000129.117, 165
Trd, 000130.950, 194
Trd, 000131.350, 148
Trd, 000132.067, 157
Trd, 000132.133, 157
Trd, 000132.950, 140
Trd, 000133.167, 139
Trd, 000133.400, 133
Trd, 000136.083, 199
Trd, 000136.333, 157
Trd, 000137.183, 147
Trd, 000137.933, 161
Trd, 000140.783, 169
Trd, 000140.933, 181
Trd, 000140.967, 177
Trd, 000141.200, 131
Trd, 000141.250, 146
Trd, 000144.117, 184
Trd, 000144.950, 143
Trd, 000145.533, 147
Trd, 000145.933, 134
Trd, 000146.017, 141
Trd, 000146.167, 195
Trd, 000147.200, 179
Trd, 000150.083, 173
Trd, 000151.150, 150
Trd, 000152.067, 155
Trd, 000153.083, 162
Trd, 000153.417, 167
Trd, 000153.600, 143
Trd, 000155.617, 136
Trd, 000156.267, 186
Trd, 000157.083, 171
Trd, 000157.450, 173
Trd, 000158.750, 164
Trd, 000159.600, 142
Trd, 000162.000, 159
Trd, 000162.183, 142
Trd, 000162.200, 168
Trd, 000162.667, 138
Trd, 000163.967, 168
Trd, 000164.500, 169
Trd, 000166.433, 161
Trd, 000166.600, 146
Trd, 000167.900, 167
Trd, 000169.267, 167
Trd, 000170.200, 176
Trd, 000170.250, 158
Trd, 000171.200, 142
Trd, 000171.583, 168
Trd, 000172.183, 165
Trd, 000172.967, 167
Trd, 000173.250, 158
Trd, 000173.367, 156
Trd, 000175.433, 146
Trd, 000176.267, 200
Trd, 000177.050, 176
Trd, 000178.483, 166
Trd, 000180.500, 160
Trd, 000180.950, 163
Trd, 000181.300, 197
Trd, 000181.467, 162
Trd, 000182.117, 182
Trd, 000184.850, 171
Trd, 000186.150, 174
Trd, 000186.667, 160
Trd, 000186.767, 163
Trd, 000188.917, 154
Trd, 000190.517, 152
Trd, 000191.333, 122
Trd, 000191.450, 168
Trd, 000191.933, 168
Trd, 000192.683, 175
Trd, 000194.133, 166
Trd, 000195.983, 141
Trd, 000196.867, 164
Trd, 000197.217, 159
Trd, 000197.850, 161
Trd, 000197.950, 136
Trd, 000199.017, 178
Trd, 000200.383, 148
Trd, 000201.450, 153
Trd, 000201.717, 166
Trd, 000202.983, 157
Trd, 000203.350, 158
Trd, 000206.633, 120
Trd, 000206.883, 119
Trd, 000206.900, 174
Trd, 000207.967, 175
Trd, 000208.917, 137
Trd, 000210.450, 173
Trd, 000211.800, 150
Trd, 000211.833, 147
Trd, 000212.050, 143
Trd, 000212.367, 165
Trd, 000212.500, 190
Trd, 000213.617, 149
Trd, 000214.033, 149
Trd, 000214.050, 135
Trd, 000217.467, 163
Trd, 000217.517, 169
Trd, 000218.133, 165
Trd, 000218.517, 139
Trd, 000221.383, 126
Trd, 000222.050, 167
Trd, 000222.167, 161
Trd, 000222.667, 145
Trd, 000222.900, 166
Trd, 000224.700, 158
Trd, 000226.917, 143
Trd, 000227.333, 177
Trd, 000228.017, 168
Trd, 000228.883, 159
Trd, 000230.500, 182
Trd, 000231.400, 145
Trd, 000231.783, 144
Trd, 000232.017, 172
Trd, 000232.333, 196
Trd, 000232.867, 143
Trd, 000233.117, 136
Trd, 000236.367, 182
Trd, 000236.667, 181
Trd, 000237.000, 129
Trd, 000238.100, 173
Trd, 000238.783, 173
Trd, 000239.483, 152
Trd, 000240.333, 140
Trd, 000241.283, 130
Trd, 000241.533, 125
Trd, 000242.000, 176
Trd, 000242.083, 180
Trd, 000242.683, 161
Trd, 000243.150, 154
Trd, 000243.850, 139
Trd, 000244.833, 138
Trd, 000245.450, 166
Trd, 000246.500, 178
Trd, 000246.517, 161
Trd, 000246.783, 169
Trd, 000247.183, 179
Trd, 000249.950, 146
Trd, 000251.467, 154
Trd, 000251.567, 156
Trd, 000251.817, 150
Trd, 000252.050, 145
Trd, 000253.833, 177
Trd, 000255.167, 144
Trd, 000256.967, 189
Trd, 000257.500, 150
Trd, 000257.767, 155
Trd, 000258.100, 158
Trd, 000258.850, 144
Trd, 000258.967, 139
Trd, 000262.200, 158
Trd, 000262.300, 164
Trd, 000263.100, 177
Trd, 000264.817, 149
Trd, 000267.017, 164
Trd, 000267.033, 134
Trd, 000267.317, 178
Trd, 000267.800, 177
Trd, 000267.983, 154
Trd, 000270.933, 152
Trd, 000271.783, 200
Trd, 000273.317, 166
Trd, 000273.733, 164
Trd, 000274.683, 153
Trd, 000275.650, 154
Trd, 000277.017, 199
Trd, 000277.333, 170
Trd, 000277.867, 178
Trd, 000278.417, 180
Trd, 000278.950, 163
Trd, 000279.833, 156
Trd, 000281.367, 152
Trd, 000282.983, 179
Trd, 000283.800, 174
Trd, 000284.833, 169
Trd, 000285.617, 154
Trd, 000287.383, 152
Trd, 000287.433, 159
Trd, 000287.750, 166
Trd, 000288.117, 141
Trd, 000288.900, 149
Trd, 000290.100, 132
Trd, 000291.633, 133
Trd, 000291.767, 162
Trd, 000292.467, 155
Trd, 000292.750, 164
Trd, 000293.217, 156
Trd, 000293.500, 175
Trd, 000296.567, 114
Trd, 000296.583, 114
Trd, 000297.150, 195
Trd, 000298.033, 174
Trd, 000298.367, 171
Trd, 000299.050, 162
Trd, 000299.117, 152
