Trd, 000005.050, 139
Trd, 000005.467, 150
Trd, 000005.733, 177
Trd, 000006.067, 144
Trd, 000006.567, 161
Trd, 000006.900, 155
Trd, 000007.217, 159
Trd, 000008.300, 187
Trd, 000008.833, 190
Trd, 000010.250, 169
Trd, 000010.667, 162
Trd, 000010.850, 178
Trd, 000010.950, 161
Trd, 000012.767, 182
Trd, 000014.217, 168
Trd, 000014.617, 162
Trd, 000015.517, 191
Trd, 000015.933, 169
Trd, 000017.283, 172
Trd, 000018.800, 152
Trd, 000018.933, 160
Trd, 000019.017, 181
Trd, 000019.967, 181
Trd, 000020.433, 151
Trd, 000020.917, 188
Trd, 000021.967, 182
Trd, 000023.333, 182
Trd, 000023.600, 174
Trd, 000024.350, 167
Trd, 000024.800, 166
Trd, 000026.100, 191
Trd, 000026.150, 177
Trd, 000026.883, 162
Trd, 000027.683, 184
Trd, 000028.750, 181
Trd, 000030.600, 187
Trd, 000033.317, 179
Trd, 000033.417, 179
Trd, 000034.267, 183
Trd, 000035.567, 173
Trd, 000035.600, 164
Trd, 000036.500, 191
Trd, 000039.050, 174
Trd, 000040.733, 184
Trd, 000041.067, 189
Trd, 000041.217, 167
Trd, 000042.850, 196
Trd, 000043.700, 170
Trd, 000043.983, 169
Trd, 000044.733, 173
Trd, 000046.333, 167
Trd, 000046.983, 186
Trd, 000048.933, 161
Trd, 000051.017, 190
Trd, 000051.200, 188
Trd, 000051.433, 182
Trd, 000052.600, 168
Trd, 000053.017, 170
Trd, 000054.567, 145
Trd, 000055.683, 170
Trd, 000055.833, 161
Trd, 000056.650, 171
Trd, 000057.033, 188
Trd, 000057.833, 197
Trd, 000059.067, 164
Trd, 000060.933, 182
Trd, 000061.650, 179
Trd, 000062.550, 183
Trd, 000064.733, 175
Trd, 000065.800, 131
Trd, 000066.200, 162
Trd, 000066.283, 170
Trd, 000066.417, 170
Trd, 000067.967, 168
Trd, 000069.217, 174
Trd, 000070.983, 195
Trd, 000071.350, 190
Trd, 000071.650, 173
Trd, 000072.200, 171
Trd, 000072.467, 171
Trd, 000074.967, 163
Trd, 000076.050, 185
Trd, 000076.317, 190
Trd, 000076.667, 161
Trd, 000078.533, 175
Trd, 000079.550, 155
Trd, 000081.000, 186
Trd, 000081.300, 158
Trd, 000081.350, 155
Trd, 000081.950, 171
Trd, 000086.567, 193
Trd, 000086.867, 180
Trd, 000087.033, 162
Trd, 000088.100, 172
Trd, 000089.800, 170
Trd, 000090.150, 156
Trd, 000090.350, 189
Trd, 000090.850, 190
Trd, 000091.517, 163
Trd, 000093.950, 188
Trd, 000095.200, 174
Trd, 000096.617, 195
Trd, 000096.783, 178
Trd, 000097.983, 168
Trd, 000100.000, 174
Trd, 000100.500, 183
Trd, 000100.883, 179
Trd, 000101.683, 175
Trd, 000101.867, 173
Trd, 000102.367, 174
Trd, 000103.967, 164
Trd, 000105.433, 155
Trd, 000106.517, 167
Trd, 000106.700, 170
Trd, 000108.167, 171
Trd, 000108.883, 196
Trd, 000109.233, 189
Trd, 000110.250, 159
Trd, 000111.183, 184
Trd, 000111.800, 166
Trd, 000112.617, 173
Trd, 000113.633, 180
Trd, 000116.017, 173
Trd, 000116.500, 171
Trd, 000116.700, 177
Trd, 000118.400, 173
Trd, 000118.817, 160
Trd, 000118.850, 139
Trd, 000120.600, 175
Trd, 000121.333, 163
Trd, 000122.117, 181
Trd, 000122.333, 165
Trd, 000123.867, 162
Trd, 000124.417, 163
Trd, 000125.883, 148
Trd, 000126.167, 164
Trd, 000127.050, 184
Trd, 000128.450, 169
Trd, 000130.283, 186
Trd, 000131.533, 189
Trd, 000132.167, 175
Trd, 000132.500, 173
Trd, 000132.583, 180
Trd, 000132.767, 162
Trd, 000132.917, 158
Trd, 000135.000, 148
Trd, 000135.517, 145
Trd, 000135.533, 169
Trd, 000136.050, 177
Trd, 000136.367, 187
Trd, 000137.117, 168
Trd, 000137.233, 178
Trd, 000137.917, 157
Trd, 000138.383, 183
Trd, 000141.733, 191
Trd, 000141.750, 157
Trd, 000142.067, 176
Trd, 000142.783, 179
Trd, 000143.250, 165
Trd, 000146.450, 187
Trd, 000146.883, 189
Trd, 000147.750, 164
Trd, 000147.950, 171
Trd, 000150.183, 171
Trd, 000151.050, 177
Trd, 000151.917, 192
Trd, 000152.683, 176
Trd, 000153.050, 171
Trd, 000153.283, 149
Trd, 000154.783, 160
Trd, 000154.917, 155
Trd, 000156.367, 136
Trd, 000156.817, 186
Trd, 000157.967, 174
Trd, 000158.817, 178
Trd, 000159.067, 151
Trd, 000160.333, 156
Trd, 000161.367, 200
Trd, 000161.467, 190
Trd, 000161.633, 179
Trd, 000161.900, 176
Trd, 000165.167, 175
Trd, 000165.333, 160
Trd, 000165.617, 155
Trd, 000166.283, 175
Trd, 000166.867, 184
Trd, 000166.933, 169
Trd, 000167.917, 171
Trd, 000168.067, 170
Trd, 000168.300, 167
Trd, 000171.867, 192
Trd, 000172.050, 171
Trd, 000172.433, 168
Trd, 000172.833, 179
Trd, 000173.817, 188
Trd, 000174.217, 150
Trd, 000175.233, 176
Trd, 000176.967, 182
Trd, 000177.450, 187
Trd, 000181.200, 195
Trd, 000181.250, 171
Trd, 000181.750, 188
Trd, 000182.033, 156
Trd, 000187.067, 182
Trd, 000188.000, 194
Trd, 000189.100, 184
Trd, 000190.033, 175
Trd, 000190.800, 174
Trd, 000191.117, 171
Trd, 000191.833, 176
Trd, 000191.917, 168
Trd, 000192.683, 177
Trd, 000193.450, 179
Trd, 000194.200, 174
Trd, 000197.150, 176
Trd, 000197.483, 181
Trd, 000198.500, 177
Trd, 000198.583, 168
Trd, 000199.617, 186
Trd, 000201.467, 165
Trd, 000202.383, 183
Trd, 000202.533, 169
Trd, 000203.317, 168
Trd, 000204.133, 173
Trd, 000206.817, 196
Trd, 000206.867, 189
Trd, 000210.083, 175
Trd, 000211.617, 184
Trd, 000213.300, 175
Trd, 000213.467, 174
Trd, 000216.033, 176
Trd, 000216.850, 189
Trd, 000217.233, 173
Trd, 000217.900, 175
Trd, 000220.200, 158
Trd, 000220.300, 166
Trd, 000221.567, 172
Trd, 000221.900, 169
Trd, 000222.800, 158
Trd, 000223.517, 162
Trd, 000223.583, 153
Trd, 000224.833, 156
Trd, 000225.367, 173
Trd, 000226.417, 181
Trd, 000227.367, 159
Trd, 000228.333, 187
Trd, 000231.250, 161
Trd, 000233.067, 179
Trd, 000233.250, 173
Trd, 000233.733, 193
Trd, 000233.900, 183
Trd, 000236.617, 181
Trd, 000240.733, 169
Trd, 000241.233, 161
Trd, 000242.583, 194
Trd, 000242.800, 187
Trd, 000244.817, 165
Trd, 000246.517, 162
Trd, 000246.917, 192
Trd, 000250.333, 178
Trd, 000250.567, 176
Trd, 000251.583, 182
Trd, 000251.800, 178
Trd, 000252.767, 173
Trd, 000255.133, 177
Trd, 000255.533, 181
Trd, 000257.150, 191
Trd, 000258.350, 187
Trd, 000260.400, 180
Trd, 000260.500, 167
Trd, 000261.583, 178
Trd, 000262.067, 163
Trd, 000262.533, 171
Trd, 000265.183, 170
Trd, 000267.133, 200
Trd, 000267.783, 171
Trd, 000268.517, 168
Trd, 000268.567, 166
Trd, 000268.983, 169
Trd, 000269.800, 186
Trd, 000270.117, 182
Trd, 000271.183, 165
Trd, 000272.483, 186
Trd, 000273.050, 190
Trd, 000273.600, 168
Trd, 000274.367, 167
Trd, 000275.683, 169
Trd, 000276.283, 165
Trd, 000276.467, 119
Trd, 000276.717, 183
Trd, 000276.950, 178
Trd, 000278.617, 164
Trd, 000278.733, 194
Trd, 000279.700, 176
Trd, 000281.117, 172
Trd, 000281.300, 164
Trd, 000282.650, 183
Trd, 000282.783, 174
Trd, 000284.400, 172
Trd, 000287.567, 175
Trd, 000287.750, 173
Trd, 000289.600, 167
Trd, 000290.167, 172
Trd, 000290.567, 165
Trd, 000291.217, 156
Trd, 000291.667, 172
Trd, 000291.833, 175
Trd, 000292.833, 181
Trd, 000293.983, 179
Trd, 000294.167, 165
Trd, 000295.117, 162
Trd, 000296.150, 152
Trd, 000296.833, 147
Trd, 000296.867, 164
Trd, 000298.100, 170
Trd, 000298.217, 192
Trd, 000299.000, 188
Trd, 000299.283, 193
Trd, 000299.983, 150
