Trd, 000005.150, 166
Trd, 000005.233, 161
Trd, 000005.583, 187
Trd, 000005.600, 180
Trd, 000005.750, 155
Trd, 000006.283, 156
Trd, 000006.533, 140
Trd, 000007.250, 164
Trd, 000007.483, 147
Trd, 000008.300, 147
Trd, 000010.950, 182
Trd, 000010.967, 186
Trd, 000011.100, 170
Trd, 000011.517, 147
Trd, 000013.050, 153
Trd, 000013.450, 138
Trd, 000014.383, 156
Trd, 000016.383, 175
Trd, 000017.483, 178
Trd, 000018.517, 183
Trd, 000018.750, 171
Trd, 000018.817, 167
Trd, 000019.683, 163
Trd, 000020.317, 137
Trd, 000020.700, 123
Trd, 000021.283, 125
Trd, 000021.533, 147
Trd, 000021.550, 149
Trd, 000021.917, 157
Trd, 000022.983, 165
Trd, 000023.167, 175
Trd, 000024.500, 180
Trd, 000025.667, 137
Trd, 000025.983, 144
Trd, 000027.133, 175
Trd, 000027.833, 160
Trd, 000029.167, 175
Trd, 000030.433, 144
Trd, 000030.583, 156
Trd, 000031.350, 183
Trd, 000031.417, 164
Trd, 000031.617, 174
Trd, 000031.850, 163
Trd, 000033.517, 158
Trd, 000035.600, 170
Trd, 000036.300, 193
Trd, 000036.933, 175
Trd, 000037.200, 164
Trd, 000037.383, 163
Trd, 000038.800, 156
Trd, 000040.833, 173
Trd, 000041.300, 162
Trd, 000041.550, 163
Trd, 000042.617, 170
Trd, 000042.983, 164
Trd, 000043.050, 164
Trd, 000045.067, 153
Trd, 000045.450, 167
Trd, 000046.900, 182
Trd, 000047.583, 182
Trd, 000047.850, 177
Trd, 000048.083, 174
Trd, 000049.133, 172
Trd, 000050.133, 168
Trd, 000051.633, 175
Trd, 000052.033, 171
Trd, 000052.783, 175
Trd, 000052.800, 168
Trd, 000054.033, 152
Trd, 000054.150, 165
Trd, 000054.283, 138
Trd, 000056.433, 164
Trd, 000056.783, 166
Trd, 000058.450, 154
Trd, 000060.933, 169
Trd, 000061.617, 172
Trd, 000062.033, 177
Trd, 000062.167, 175
Trd, 000062.633, 160
Trd, 000064.217, 154
Trd, 000064.283, 126
Trd, 000066.217, 151
Trd, 000066.233, 164
Trd, 000066.833, 150
Trd, 000067.533, 167
Trd, 000069.717, 171
Trd, 000070.750, 175
Trd, 000071.150, 143
Trd, 000071.500, 162
Trd, 000072.850, 134
Trd, 000073.067, 153
Trd, 000073.900, 157
Trd, 000074.483, 165
Trd, 000076.300, 152
Trd, 000076.383, 176
Trd, 000077.617, 171
Trd, 000078.867, 158
Trd, 000079.950, 171
Trd, 000080.467, 164
Trd, 000080.750, 175
Trd, 000081.283, 171
Trd, 000081.383, 151
Trd, 000082.167, 152
Trd, 000082.283, 152
Trd, 000083.717, 178
Trd, 000085.933, 175
Trd, 000086.033, 140
Trd, 000086.183, 160
Trd, 000086.833, 156
Trd, 000090.750, 157
Trd, 000090.983, 181
Trd, 000091.833, 175
Trd, 000092.100, 168
Trd, 000092.267, 166
Trd, 000095.783, 124
Trd, 000095.883, 142
Trd, 000096.567, 177
Trd, 000096.700, 172
Trd, 000097.350, 172
Trd, 000098.550, 146
Trd, 000100.550, 162
Trd, 000101.550, 174
Trd, 000103.750, 177
Trd, 000104.367, 171
Trd, 000104.483, 157
Trd, 000104.783, 154
Trd, 000105.617, 179
Trd, 000105.833, 172
Trd, 000107.950, 174
Trd, 000108.983, 163
Trd, 000111.517, 174
Trd, 000111.800, 184
Trd, 000112.833, 154
Trd, 000113.200, 143
Trd, 000113.300, 152
Trd, 000113.583, 142
Trd, 000118.000, 182
Trd, 000118.117, 175
Trd, 000118.833, 174
Trd, 000119.167, 169
Trd, 000119.200, 147
Trd, 000119.717, 154
Trd, 000120.983, 175
Trd, 000123.083, 175
Trd, 000124.817, 172
Trd, 000125.533, 160
Trd, 000126.900, 170
Trd, 000128.483, 175
Trd, 000128.800, 168
Trd, 000131.283, 175
Trd, 000133.183, 171
Trd, 000134.100, 186
Trd, 000134.150, 179
Trd, 000134.783, 170
Trd, 000135.333, 165
Trd, 000136.000, 166
Trd, 000137.033, 157
Trd, 000137.317, 168
Trd, 000137.833, 136
Trd, 000139.467, 161
Trd, 000140.050, 152
Trd, 000142.067, 186
Trd, 000142.333, 177
Trd, 000142.700, 186
Trd, 000142.833, 179
Trd, 000143.083, 173
Trd, 000144.233, 170
Trd, 000145.283, 183
Trd, 000146.067, 153
Trd, 000146.183, 164
Trd, 000146.383, 139
Trd, 000146.600, 170
Trd, 000151.583, 172
Trd, 000152.267, 165
Trd, 000152.633, 159
Trd, 000153.100, 168
Trd, 000154.350, 157
Trd, 000154.983, 165
Trd, 000156.033, 148
Trd, 000156.283, 162
Trd, 000156.517, 171
Trd, 000156.750, 167
Trd, 000161.233, 146
Trd, 000161.683, 147
Trd, 000162.183, 159
Trd, 000162.433, 156
Trd, 000163.817, 182
Trd, 000166.633, 169
Trd, 000166.750, 177
Trd, 000167.550, 172
Trd, 000167.600, 160
Trd, 000168.167, 147
Trd, 000168.350, 169
Trd, 000170.050, 138
Trd, 000171.383, 143
Trd, 000171.550, 154
Trd, 000171.583, 158
Trd, 000171.850, 156
Trd, 000172.917, 166
Trd, 000174.883, 153
Trd, 000175.767, 173
Trd, 000176.467, 157
Trd, 000176.867, 164
Trd, 000177.367, 176
Trd, 000177.383, 151
Trd, 000177.617, 156
Trd, 000181.333, 166
Trd, 000182.283, 175
Trd, 000184.200, 162
Trd, 000184.400, 151
Trd, 000184.550, 150
Trd, 000185.283, 146
Trd, 000185.367, 157
Trd, 000186.033, 116
Trd, 000186.850, 128
Trd, 000187.450, 143
Trd, 000191.083, 102
Trd, 000191.667, 149
Trd, 000192.217, 167
Trd, 000193.317, 182
Trd, 000193.650, 173
Trd, 000194.567, 170
Trd, 000195.000, 168
Trd, 000195.150, 161
Trd, 000195.600, 151
Trd, 000196.600, 170
Trd, 000199.600, 170
Trd, 000199.833, 165
Trd, 000200.383, 159
Trd, 000201.217, 182
Trd, 000201.883, 144
Trd, 000201.967, 171
Trd, 000202.667, 174
Trd, 000206.517, 166
Trd, 000207.200, 157
Trd, 000208.533, 156
Trd, 000209.683, 162
Trd, 000210.183, 156
Trd, 000210.417, 152
Trd, 000211.367, 144
Trd, 000211.817, 151
Trd, 000212.000, 145
Trd, 000212.650, 152
Trd, 000212.717, 165
Trd, 000215.800, 143
Trd, 000216.883, 172
Trd, 000217.050, 166
Trd, 000219.367, 175
Trd, 000220.167, 163
Trd, 000220.750, 159
Trd, 000221.567, 169
Trd, 000222.417, 165
Trd, 000222.633, 140
Trd, 000223.383, 154
Trd, 000225.283, 180
Trd, 000225.867, 169
Trd, 000227.267, 163
Trd, 000227.583, 153
Trd, 000227.733, 148
Trd, 000228.867, 165
Trd, 000230.500, 137
Trd, 000231.067, 172
Trd, 000231.550, 136
Trd, 000231.917, 149
Trd, 000232.017, 162
Trd, 000232.167, 159
Trd, 000233.683, 162
Trd, 000236.983, 172
Trd, 000238.033, 171
Trd, 000239.183, 165
Trd, 000239.333, 160
Trd, 000241.950, 175
Trd, 000242.017, 181
Trd, 000243.083, 181
Trd, 000243.983, 172
Trd, 000246.133, 155
Trd, 000246.817, 158
Trd, 000247.433, 152
Trd, 000248.333, 170
Trd, 000248.683, 143
Trd, 000249.883, 180
Trd, 000251.833, 166
Trd, 000253.017, 177
Trd, 000254.400, 182
Trd, 000255.567, 172
Trd, 000255.783, 156
Trd, 000255.933, 171
Trd, 000256.767, 172
Trd, 000256.950, 175
Trd, 000257.267, 136
Trd, 000258.117, 143
Trd, 000258.217, 169
Trd, 000258.600, 133
Trd, 000261.733, 111
Trd, 000261.767, 158
Trd, 000261.850, 162
Trd, 000262.650, 168
Trd, 000264.533, 176
Trd, 000266.733, 159
Trd, 000267.433, 175
Trd, 000268.767, 162
Trd, 000270.450, 161
Trd, 000271.950, 173
Trd, 000272.200, 165
Trd, 000272.283, 147
Trd, 000273.133, 159
Trd, 000276.200, 154
Trd, 000277.017, 167
Trd, 000277.833, 146
Trd, 000278.833, 185
Trd, 000278.933, 168
Trd, 000280.133, 175
Trd, 000280.350, 148
Trd, 000281.933, 188
Trd, 000282.600, 173
Trd, 000283.617, 150
Trd, 000284.233, 149
Trd, 000284.367, 133
Trd, 000286.883, 174
Trd, 000287.517, 169
Trd, 000287.783, 168
Trd, 000288.233, 138
Trd, 000288.667, 137
Trd, 000291.750, 127
Trd, 000292.583, 171
Trd, 000293.150, 173
Trd, 000293.900, 160
Trd, 000294.267, 157
Trd, 000294.567, 151
Trd, 000294.933, 150
Trd, 000295.317, 178
Trd, 000296.150, 146
Trd, 000297.083, 165
Trd, 000298.133, 158
Trd, 000298.717, 178
Trd, 000298.967, 147
