Trd, 000005.200, 128
Trd, 000005.217, 138
Trd, 000005.367, 197
Trd, 000005.467, 186
Trd, 000005.617, 164
Trd, 000006.183, 163
Trd, 000006.550, 143
Trd, 000007.233, 145
Trd, 000008.983, 141
Trd, 000009.367, 148
Trd, 000010.717, 161
Trd, 000010.917, 162
Trd, 000011.133, 140
Trd, 000011.317, 162
Trd, 000012.100, 163
Trd, 000012.583, 153
Trd, 000012.783, 167
Trd, 000013.733, 137
Trd, 000015.017, 152
Trd, 000015.217, 200
Trd, 000015.367, 152
Trd, 000016.367, 162
Trd, 000017.117, 164
Trd, 000017.617, 167
Trd, 000021.133, 164
Trd, 000021.183, 144
Trd, 000021.500, 165
Trd, 000021.933, 168
Trd, 000022.000, 160
Trd, 000024.733, 171
Trd, 000025.017, 138
Trd, 000025.083, 134
Trd, 000025.433, 180
Trd, 000025.683, 162
Trd, 000026.500, 154
Trd, 000027.133, 145
Trd, 000028.350, 141
Trd, 000028.550, 149
Trd, 000030.000, 145
Trd, 000030.883, 141
Trd, 000031.283, 135
Trd, 000031.483, 162
Trd, 000031.967, 171
Trd, 000032.133, 139
Trd, 000032.250, 174
Trd, 000034.567, 162
Trd, 000035.717, 144
Trd, 000035.733, 140
Trd, 000036.517, 162
Trd, 000036.833, 153
Trd, 000037.433, 152
Trd, 000037.667, 158
Trd, 000037.933, 144
Trd, 000038.500, 164
Trd, 000040.550, 146
Trd, 000040.717, 150
Trd, 000040.867, 168
Trd, 000041.183, 154
Trd, 000043.417, 152
Trd, 000045.467, 161
Trd, 000046.133, 145
Trd, 000047.033, 161
Trd, 000047.067, 161
Trd, 000047.167, 167
Trd, 000048.117, 150
Trd, 000049.850, 142
Trd, 000051.000, 162
Trd, 000051.167, 179
Trd, 000051.850, 166
Trd, 000051.933, 162
Trd, 000052.150, 156
Trd, 000053.000, 141
Trd, 000054.067, 177
Trd, 000054.450, 150
Trd, 000055.633, 171
Trd, 000056.300, 160
Trd, 000056.517, 163
Trd, 000056.667, 144
Trd, 000059.250, 162
Trd, 000060.917, 157
Trd, 000061.050, 149
Trd, 000061.767, 173
Trd, 000062.000, 152
Trd, 000062.500, 149
Trd, 000062.700, 161
Trd, 000063.983, 152
Trd, 000064.850, 158
Trd, 000066.117, 163
Trd, 000066.233, 167
Trd, 000066.800, 138
Trd, 000067.317, 153
Trd, 000068.283, 156
Trd, 000068.317, 183
Trd, 000069.867, 160
Trd, 000070.100, 155
Trd, 000070.267, 163
Trd, 000071.167, 156
Trd, 000071.500, 157
Trd, 000071.617, 163
Trd, 000071.867, 152
Trd, 000072.100, 147
Trd, 000072.667, 153
Trd, 000073.800, 163
Trd, 000075.900, 151
Trd, 000076.250, 136
Trd, 000077.100, 161
Trd, 000077.517, 177
Trd, 000077.533, 181
Trd, 000080.050, 162
Trd, 000081.533, 162
Trd, 000081.550, 135
Trd, 000082.533, 145
Trd, 000083.733, 142
Trd, 000083.800, 143
Trd, 000084.167, 148
Trd, 000085.433, 146
Trd, 000085.700, 178
Trd, 000086.083, 145
Trd, 000086.483, 150
Trd, 000086.933, 163
Trd, 000087.167, 151
Trd, 000087.417, 168
Trd, 000088.083, 141
Trd, 000089.100, 150
Trd, 000089.717, 154
Trd, 000091.300, 154
Trd, 000092.550, 146
Trd, 000092.600, 147
Trd, 000092.817, 154
Trd, 000092.833, 143
Trd, 000093.017, 164
Trd, 000095.183, 155
Trd, 000095.633, 129
Trd, 000096.067, 163
Trd, 000096.250, 159
Trd, 000096.783, 155
Trd, 000097.033, 161
Trd, 000098.483, 166
Trd, 000099.350, 155
Trd, 000099.383, 159
Trd, 000100.067, 165
Trd, 000101.183, 164
Trd, 000101.883, 165
Trd, 000102.417, 154
Trd, 000104.100, 154
Trd, 000105.300, 144
Trd, 000105.733, 166
Trd, 000105.933, 150
Trd, 000106.117, 138
Trd, 000107.033, 164
Trd, 000107.783, 162
Trd, 000109.833, 155
Trd, 000111.100, 148
Trd, 000112.400, 154
Trd, 000112.567, 165
Trd, 000113.483, 160
Trd, 000113.500, 166
Trd, 000114.533, 144
Trd, 000116.567, 160
Trd, 000118.000, 154
Trd, 000119.200, 160
Trd, 000119.650, 161
Trd, 000121.217, 163
Trd, 000121.433, 197
Trd, 000121.483, 154
Trd, 000121.750, 176
Trd, 000122.317, 154
Trd, 000124.750, 153
Trd, 000125.983, 162
Trd, 000126.133, 166
Trd, 000126.283, 172
Trd, 000127.650, 158
Trd, 000127.917, 143
Trd, 000128.583, 157
Trd, 000129.233, 151
Trd, 000129.800, 162
Trd, 000131.983, 147
Trd, 000132.583, 164
Trd, 000133.417, 163
Trd, 000133.733, 164
Trd, 000134.367, 149
Trd, 000134.517, 160
Trd, 000135.983, 163
Trd, 000136.650, 160
Trd, 000138.000, 162
Trd, 000138.367, 163
Trd, 000138.433, 167
Trd, 000138.517, 155
Trd, 000139.283, 146
Trd, 000139.883, 165
Trd, 000140.900, 128
Trd, 000141.983, 177
Trd, 000142.133, 148
Trd, 000142.433, 144
Trd, 000142.750, 142
Trd, 000142.867, 145
Trd, 000143.533, 163
Trd, 000145.567, 174
Trd, 000145.983, 195
Trd, 000146.300, 140
Trd, 000147.217, 159
Trd, 000148.133, 156
Trd, 000148.283, 151
Trd, 000149.450, 156
Trd, 000149.733, 166
Trd, 000151.000, 155
Trd, 000151.133, 139
Trd, 000151.183, 125
Trd, 000151.433, 131
Trd, 000151.817, 158
Trd, 000152.400, 155
Trd, 000152.650, 162
Trd, 000153.383, 162
Trd, 000156.017, 173
Trd, 000156.217, 142
Trd, 000156.283, 150
Trd, 000157.267, 150
Trd, 000157.700, 159
Trd, 000157.950, 156
Trd, 000158.733, 174
Trd, 000159.317, 173
Trd, 000161.217, 117
Trd, 000161.633, 178
Trd, 000162.133, 183
Trd, 000162.600, 146
Trd, 000162.933, 158
Trd, 000163.817, 141
Trd, 000165.167, 163
Trd, 000166.150, 169
Trd, 000166.183, 143
Trd, 000166.467, 159
Trd, 000167.033, 179
Trd, 000167.650, 143
Trd, 000167.833, 146
Trd, 000168.650, 143
Trd, 000170.450, 148
Trd, 000171.250, 174
Trd, 000171.883, 158
Trd, 000172.167, 163
Trd, 000173.517, 160
Trd, 000175.817, 143
Trd, 000176.600, 161
Trd, 000176.750, 157
Trd, 000176.900, 153
Trd, 000176.917, 163
Trd, 000178.233, 178
Trd, 000180.033, 161
Trd, 000180.050, 152
Trd, 000181.667, 137
Trd, 000182.083, 140
Trd, 000182.200, 142
Trd, 000182.383, 156
Trd, 000183.100, 163
Trd, 000184.050, 161
Trd, 000186.233, 152
Trd, 000186.517, 163
Trd, 000187.083, 145
Trd, 000187.133, 147
Trd, 000187.333, 168
Trd, 000187.500, 159
Trd, 000187.700, 160
Trd, 000187.767, 155
Trd, 000190.050, 144
Trd, 000190.450, 139
Trd, 000191.267, 200
Trd, 000191.833, 170
Trd, 000191.950, 162
Trd, 000194.067, 156
Trd, 000194.733, 159
Trd, 000196.400, 156
Trd, 000196.550, 155
Trd, 000196.717, 133
Trd, 000197.100, 130
Trd, 000197.400, 162
Trd, 000198.200, 138
Trd, 000199.183, 141
Trd, 000199.783, 138
Trd, 000200.200, 157
Trd, 000201.117, 137
Trd, 000201.867, 142
Trd, 000202.000, 172
Trd, 000202.200, 173
Trd, 000202.517, 141
Trd, 000204.400, 163
Trd, 000205.800, 161
Trd, 000206.500, 152
Trd, 000206.700, 177
Trd, 000207.467, 165
Trd, 000207.750, 148
Trd, 000208.783, 158
Trd, 000209.700, 161
Trd, 000211.183, 177
Trd, 000212.700, 166
Trd, 000213.000, 158
Trd, 000213.550, 146
Trd, 000215.567, 166
Trd, 000216.433, 127
Trd, 000216.467, 145
Trd, 000216.550, 127
Trd, 000216.900, 163
Trd, 000216.933, 165
Trd, 000217.650, 148
Trd, 000217.683, 141
Trd, 000218.883, 145
Trd, 000219.517, 152
Trd, 000220.300, 160
Trd, 000220.833, 163
Trd, 000221.650, 163
Trd, 000222.400, 149
Trd, 000222.433, 139
Trd, 000222.550, 158
Trd, 000223.633, 146
Trd, 000224.983, 151
Trd, 000225.133, 167
Trd, 000226.267, 122
Trd, 000226.950, 156
Trd, 000226.967, 163
Trd, 000227.167, 164
Trd, 000227.183, 156
Trd, 000227.717, 163
Trd, 000228.550, 155
Trd, 000229.650, 151
Trd, 000231.600, 172
Trd, 000231.850, 167
Trd, 000232.017, 162
Trd, 000232.917, 147
Trd, 000233.550, 164
Trd, 000233.950, 157
Trd, 000236.433, 200
Trd, 000236.733, 112
Trd, 000237.100, 160
Trd, 000239.150, 141
Trd, 000239.367, 145
Trd, 000239.467, 158
Trd, 000241.633, 169
Trd, 000241.733, 155
Trd, 000241.867, 153
Trd, 000242.933, 140
Trd, 000243.267, 141
Trd, 000243.700, 151
Trd, 000243.983, 162
Trd, 000245.217, 191
Trd, 000246.767, 167
Trd, 000246.967, 173
Trd, 000247.733, 155
Trd, 000248.383, 152
Trd, 000250.350, 144
Trd, 000251.350, 168
Trd, 000251.500, 152
Trd, 000251.700, 168
Trd, 000252.167, 150
Trd, 000252.417, 148
Trd, 000252.550, 162
Trd, 000253.333, 142
Trd, 000256.650, 171
Trd, 000256.850, 166
Trd, 000257.217, 162
Trd, 000257.650, 158
Trd, 000258.317, 137
Trd, 000258.600, 142
Trd, 000258.917, 144
Trd, 000259.667, 151
Trd, 000261.583, 185
Trd, 000261.667, 179
Trd, 000261.717, 137
Trd, 000262.133, 147
Trd, 000263.017, 161
Trd, 000263.417, 164
Trd, 000263.917, 166
Trd, 000266.700, 160
Trd, 000268.933, 162
Trd, 000268.983, 143
Trd, 000269.317, 163
Trd, 000269.733, 151
Trd, 000271.433, 154
Trd, 000271.517, 138
Trd, 000271.583, 162
Trd, 000272.100, 172
Trd, 000272.233, 157
Trd, 000272.533, 135
Trd, 000274.983, 148
Trd, 000276.767, 153
Trd, 000277.450, 138
Trd, 000277.900, 161
Trd, 000278.983, 160
Trd, 000279.783, 166
Trd, 000282.517, 158
Trd, 000282.600, 186
Trd, 000282.633, 189
Trd, 000283.383, 154
Trd, 000285.150, 163
Trd, 000286.917, 160
Trd, 000287.833, 162
Trd, 000288.717, 150
Trd, 000289.700, 163
Trd, 000289.950, 144
Trd, 000291.267, 157
Trd, 000291.567, 127
Trd, 000291.633, 162
Trd, 000293.067, 168
Trd, 000293.683, 162
Trd, 000294.100, 151
Trd, 000295.533, 150
Trd, 000295.733, 154
Trd, 000296.833, 200
Trd, 000297.567, 171
Trd, 000297.850, 173
Trd, 000298.333, 183
Trd, 000299.350, 163
Trd, 000299.833, 168
