Trd, 000005.033, 136
Trd, 000005.267, 132
Trd, 000005.867, 145
Trd, 000006.667, 144
Trd, 000006.683, 147
Trd, 000006.700, 155
Trd, 000007.000, 143
Trd, 000008.517, 150
Trd, 000010.367, 156
Trd, 000012.633, 151
Trd, 000013.000, 177
Trd, 000014.217, 151
Trd, 000016.000, 133
Trd, 000016.683, 141
Trd, 000017.817, 134
Trd, 000017.833, 131
Trd, 000017.883, 126
Trd, 000018.433, 169
Trd, 000019.350, 155
Trd, 000021.050, 178
Trd, 000021.533, 150
Trd, 000021.617, 149
Trd, 000023.050, 174
Trd, 000024.467, 157
Trd, 000025.300, 137
Trd, 000025.550, 130
Trd, 000025.700, 163
Trd, 000027.317, 150
Trd, 000028.867, 153
Trd, 000029.367, 156
Trd, 000031.933, 166
Trd, 000032.417, 163
Trd, 000032.817, 167
Trd, 000033.400, 145
Trd, 000034.000, 168
Trd, 000034.717, 159
Trd, 000035.350, 181
Trd, 000036.750, 144
Trd, 000036.800, 147
Trd, 000037.633, 145
Trd, 000038.333, 167
Trd, 000038.717, 151
Trd, 000039.100, 174
Trd, 000041.117, 142
Trd, 000042.017, 157
Trd, 000044.983, 140
Trd, 000045.067, 150
Trd, 000045.283, 185
Trd, 000046.150, 152
Trd, 000048.100, 157
Trd, 000048.950, 152
Trd, 000049.333, 149
Trd, 000049.933, 135
Trd, 000050.467, 126
Trd, 000050.600, 157
Trd, 000051.300, 152
Trd, 000052.583, 150
Trd, 000054.450, 163
Trd, 000054.683, 187
Trd, 000057.500, 169
Trd, 000058.917, 169
Trd, 000060.017, 154
Trd, 000060.633, 143
Trd, 000061.067, 157
Trd, 000062.783, 156
Trd, 000064.050, 149
Trd, 000065.017, 143
Trd, 000065.933, 162
Trd, 000066.100, 156
Trd, 000066.250, 145
Trd, 000068.517, 143
Trd, 000070.350, 143
Trd, 000071.083, 162
Trd, 000071.167, 144
Trd, 000071.567, 138
Trd, 000071.717, 140
Trd, 000071.783, 155
Trd, 000072.683, 157
Trd, 000073.050, 133
Trd, 000074.117, 142
Trd, 000076.100, 161
Trd, 000077.133, 182
Trd, 000078.383, 167
Trd, 000081.233, 141
Trd, 000081.433, 141
Trd, 000082.283, 156
Trd, 000083.800, 163
Trd, 000086.717, 156
Trd, 000087.000, 161
Trd, 000087.983, 163
Trd, 000089.550, 153
Trd, 000090.933, 182
Trd, 000091.283, 165
Trd, 000093.017, 148
Trd, 000093.583, 156
Trd, 000094.433, 142
Trd, 000096.067, 160
Trd, 000096.950, 176
Trd, 000097.717, 138
Trd, 000098.217, 151
Trd, 000100.767, 176
Trd, 000101.150, 168
Trd, 000101.983, 174
Trd, 000102.467, 151
Trd, 000102.817, 152
Trd, 000106.050, 156
Trd, 000106.850, 145
Trd, 000107.800, 166
Trd, 000108.783, 153
Trd, 000109.283, 171
Trd, 000109.817, 167
Trd, 000111.867, 144
Trd, 000112.617, 143
Trd, 000112.883, 154
Trd, 000113.333, 149
Trd, 000113.850, 143
Trd, 000115.433, 166
Trd, 000115.867, 125
Trd, 000117.150, 156
Trd, 000117.250, 157
Trd, 000117.300, 153
Trd, 000117.917, 177
Trd, 000120.400, 152
Trd, 000120.417, 142
Trd, 000120.783, 163
Trd, 000121.033, 132
Trd, 000121.550, 170
Trd, 000122.583, 188
Trd, 000124.583, 160
Trd, 000126.217, 156
Trd, 000126.783, 148
Trd, 000127.167, 169
Trd, 000127.750, 163
Trd, 000128.517, 157
Trd, 000128.567, 185
Trd, 000131.817, 151
Trd, 000132.683, 161
Trd, 000133.283, 171
Trd, 000133.500, 153
Trd, 000133.883, 140
Trd, 000134.783, 177
Trd, 000136.000, 154
Trd, 000136.617, 137
Trd, 000137.267, 160
Trd, 000137.383, 156
Trd, 000137.550, 144
Trd, 000141.267, 162
Trd, 000142.350, 148
Trd, 000142.950, 157
Trd, 000146.200, 120
Trd, 000147.267, 159
Trd, 000148.300, 164
Trd, 000150.100, 147
Trd, 000151.083, 159
Trd, 000151.450, 162
Trd, 000151.833, 174
Trd, 000151.900, 152
Trd, 000152.050, 142
Trd, 000152.700, 162
Trd, 000152.850, 156
Trd, 000153.400, 174
Trd, 000155.650, 144
Trd, 000157.117, 160
Trd, 000157.300, 184
Trd, 000157.867, 173
Trd, 000158.433, 157
Trd, 000159.017, 171
Trd, 000159.700, 148
Trd, 000161.867, 162
Trd, 000162.283, 162
Trd, 000162.800, 166
Trd, 000165.033, 149
Trd, 000165.650, 175
Trd, 000166.283, 152
Trd, 000166.500, 153
Trd, 000166.817, 143
Trd, 000167.600, 148
Trd, 000169.100, 149
Trd, 000170.767, 171
Trd, 000172.500, 180
Trd, 000173.000, 163
Trd, 000173.617, 163
Trd, 000174.133, 149
Trd, 000174.767, 140
Trd, 000176.733, 175
Trd, 000176.983, 144
Trd, 000177.583, 176
Trd, 000177.667, 159
Trd, 000177.883, 153
Trd, 000178.900, 161
Trd, 000179.467, 153
Trd, 000181.033, 145
Trd, 000181.750, 151
Trd, 000182.617, 140
Trd, 000182.750, 149
Trd, 000183.300, 151
Trd, 000183.417, 150
Trd, 000183.783, 162
Trd, 000186.117, 172
Trd, 000186.383, 165
Trd, 000187.450, 151
Trd, 000187.767, 189
Trd, 000188.933, 157
Trd, 000189.467, 153
Trd, 000189.900, 158
Trd, 000191.250, 147
Trd, 000191.783, 171
Trd, 000194.633, 144
Trd, 000195.917, 157
Trd, 000197.783, 160
Trd, 000198.000, 136
Trd, 000198.017, 167
Trd, 000199.067, 146
Trd, 000199.900, 172
Trd, 000200.200, 147
Trd, 000201.400, 158
Trd, 000201.550, 173
Trd, 000202.667, 155
Trd, 000203.150, 158
Trd, 000203.900, 151
Trd, 000206.483, 112
Trd, 000208.250, 159
Trd, 000208.667, 163
Trd, 000208.717, 168
Trd, 000209.583, 143
Trd, 000210.550, 162
Trd, 000211.517, 143
Trd, 000212.767, 142
Trd, 000212.900, 164
Trd, 000213.267, 170
Trd, 000213.950, 169
Trd, 000216.400, 135
Trd, 000218.400, 187
Trd, 000220.150, 161
Trd, 000220.500, 166
Trd, 000221.300, 175
Trd, 000221.950, 163
Trd, 000222.050, 178
Trd, 000222.183, 147
Trd, 000222.517, 139
Trd, 000224.017, 140
Trd, 000226.917, 152
Trd, 000227.233, 159
Trd, 000227.850, 173
Trd, 000227.900, 143
Trd, 000228.433, 139
Trd, 000228.733, 187
Trd, 000229.150, 173
Trd, 000231.350, 139
Trd, 000232.817, 161
Trd, 000234.317, 153
Trd, 000234.800, 168
Trd, 000234.833, 144
Trd, 000237.033, 186
Trd, 000237.450, 169
Trd, 000237.883, 159
Trd, 000239.133, 139
Trd, 000239.733, 167
Trd, 000240.800, 172
Trd, 000241.383, 146
Trd, 000241.750, 134
Trd, 000241.900, 163
Trd, 000242.250, 184
Trd, 000243.183, 136
Trd, 000243.850, 157
Trd, 000245.000, 164
Trd, 000245.867, 157
Trd, 000246.833, 148
Trd, 000246.933, 149
Trd, 000247.483, 167
Trd, 000248.317, 174
Trd, 000248.767, 154
Trd, 000249.467, 141
Trd, 000251.483, 150
Trd, 000252.450, 153
Trd, 000254.250, 162
Trd, 000254.400, 142
Trd, 000255.617, 157
Trd, 000255.633, 144
Trd, 000255.767, 137
Trd, 000256.650, 119
Trd, 000258.100, 149
Trd, 000260.350, 153
Trd, 000260.417, 138
Trd, 000261.033, 146
Trd, 000261.350, 151
Trd, 000261.650, 162
Trd, 000264.117, 164
Trd, 000264.217, 163
Trd, 000265.233, 146
Trd, 000265.367, 138
Trd, 000267.417, 170
Trd, 000268.583, 147
Trd, 000269.017, 161
Trd, 000272.233, 149
Trd, 000272.383, 167
Trd, 000272.850, 170
Trd, 000276.050, 147
Trd, 000277.267, 146
Trd, 000278.483, 156
Trd, 000278.817, 167
Trd, 000279.167, 151
Trd, 000279.800, 171
Trd, 000281.050, 148
Trd, 000282.500, 166
Trd, 000283.167, 161
Trd, 000284.483, 143
Trd, 000284.750, 157
Trd, 000285.167, 143
Trd, 000286.533, 141
Trd, 000286.867, 151
Trd, 000289.683, 152
Trd, 000289.883, 148
Trd, 000290.667, 175
Trd, 000292.167, 145
Trd, 000292.800, 147
Trd, 000293.150, 186
Trd, 000293.900, 151
Trd, 000296.550, 136
Trd, 000297.233, 180
Trd, 000298.067, 163
Trd, 000298.400, 155
Trd, 000298.833, 155
