Trd, 000005.200, 164
Trd, 000005.367, 142
Trd, 000005.983, 148
Trd, 000006.100, 132
Trd, 000007.583, 156
Trd, 000007.883, 148
Trd, 000009.317, 142
Trd, 000009.650, 156
Trd, 000010.200, 179
Trd, 000010.783, 157
Trd, 000010.833, 152
Trd, 000011.033, 149
Trd, 000012.767, 165
Trd, 000012.950, 163
Trd, 000014.283, 147
Trd, 000014.567, 141
Trd, 000015.533, 166
Trd, 000015.833, 157
Trd, 000015.867, 146
Trd, 000016.233, 166
Trd, 000016.817, 163
Trd, 000017.000, 151
Trd, 000017.750, 151
Trd, 000020.300, 151
Trd, 000020.583, 150
Trd, 000021.100, 162
Trd, 000021.417, 163
Trd, 000022.000, 171
Trd, 000025.650, 169
Trd, 000026.050, 172
Trd, 000027.050, 164
Trd, 000027.933, 169
Trd, 000028.600, 163
Trd, 000029.650, 150
Trd, 000032.833, 168
Trd, 000032.850, 166
Trd, 000033.167, 161
Trd, 000033.550, 151
Trd, 000033.867, 171
Trd, 000035.400, 140
Trd, 000036.483, 172
Trd, 000036.717, 143
Trd, 000037.350, 155
Trd, 000039.150, 155
Trd, 000040.950, 159
Trd, 000041.650, 172
Trd, 000042.300, 144
Trd, 000043.017, 147
Trd, 000046.133, 167
Trd, 000046.233, 151
Trd, 000046.267, 145
Trd, 000046.783, 168
Trd, 000049.283, 170
Trd, 000050.117, 183
Trd, 000050.567, 163
Trd, 000050.850, 151
Trd, 000050.900, 134
Trd, 000051.117, 131
Trd, 000051.517, 165
Trd, 000052.367, 154
Trd, 000052.567, 177
Trd, 000054.050, 157
Trd, 000056.167, 157
Trd, 000056.850, 175
Trd, 000057.017, 170
Trd, 000057.200, 169
Trd, 000057.400, 152
Trd, 000057.567, 151
Trd, 000060.283, 174
Trd, 000061.117, 168
Trd, 000061.400, 161
Trd, 000062.317, 151
Trd, 000062.450, 149
Trd, 000063.283, 147
Trd, 000063.500, 180
Trd, 000065.750, 132
Trd, 000065.917, 169
Trd, 000066.483, 128
Trd, 000066.733, 136
Trd, 000066.800, 148
Trd, 000070.033, 154
Trd, 000070.883, 119
Trd, 000071.050, 140
Trd, 000073.050, 136
Trd, 000074.700, 146
Trd, 000074.750, 147
Trd, 000074.900, 167
Trd, 000075.683, 144
Trd, 000075.750, 148
Trd, 000075.917, 141
Trd, 000076.550, 164
Trd, 000077.617, 176
Trd, 000077.783, 160
Trd, 000079.817, 171
Trd, 000081.533, 147
Trd, 000081.567, 156
Trd, 000081.583, 162
Trd, 000081.600, 166
Trd, 000081.983, 146
Trd, 000082.600, 144
Trd, 000083.483, 153
Trd, 000085.817, 135
Trd, 000086.217, 150
Trd, 000087.283, 179
Trd, 000087.450, 159
Trd, 000087.933, 154
Trd, 000089.550, 186
Trd, 000091.183, 159
Trd, 000091.517, 178
Trd, 000091.750, 134
Trd, 000092.700, 158
Trd, 000094.733, 155
Trd, 000096.267, 167
Trd, 000097.117, 152
Trd, 000100.383, 148
Trd, 000101.183, 141
Trd, 000101.383, 146
Trd, 000101.817, 138
Trd, 000102.083, 148
Trd, 000102.317, 121
Trd, 000102.650, 133
Trd, 000105.867, 163
Trd, 000106.500, 160
Trd, 000106.933, 172
Trd, 000107.217, 166
Trd, 000107.967, 175
Trd, 000108.850, 137
Trd, 000109.117, 171
Trd, 000110.667, 133
Trd, 000110.767, 175
Trd, 000110.850, 145
Trd, 000111.300, 175
Trd, 000111.350, 158
Trd, 000111.967, 164
Trd, 000115.350, 157
Trd, 000115.567, 151
Trd, 000116.417, 176
Trd, 000116.583, 176
Trd, 000117.283, 176
Trd, 000118.717, 172
Trd, 000118.750, 166
Trd, 000119.533, 148
Trd, 000119.933, 138
Trd, 000120.833, 116
Trd, 000121.517, 130
Trd, 000122.000, 141
Trd, 000122.100, 156
Trd, 000122.350, 146
Trd, 000122.700, 140
Trd, 000123.150, 173
Trd, 000125.333, 153
Trd, 000125.850, 154
Trd, 000126.817, 143
Trd, 000127.167, 139
Trd, 000127.317, 144
Trd, 000127.467, 160
Trd, 000128.950, 163
Trd, 000131.200, 172
Trd, 000131.450, 150
Trd, 000131.533, 147
Trd, 000132.683, 176
Trd, 000133.000, 168
Trd, 000134.967, 170
Trd, 000136.083, 168
Trd, 000136.633, 146
Trd, 000136.950, 144
Trd, 000137.900, 155
Trd, 000138.667, 144
Trd, 000138.933, 158
Trd, 000140.283, 160
Trd, 000140.500, 151
Trd, 000141.217, 165
Trd, 000142.083, 139
Trd, 000142.950, 151
Trd, 000143.133, 166
Trd, 000143.533, 139
Trd, 000144.133, 145
Trd, 000144.750, 142
Trd, 000145.567, 157
Trd, 000145.950, 125
Trd, 000146.383, 127
Trd, 000146.883, 155
Trd, 000147.233, 166
Trd, 000147.600, 161
Trd, 000148.367, 132
Trd, 000148.650, 148
Trd, 000151.167, 136
Trd, 000151.233, 138
Trd, 000151.400, 152
Trd, 000151.883, 169
Trd, 000152.050, 130
Trd, 000152.167, 181
Trd, 000152.900, 160
Trd, 000153.633, 167
Trd, 000155.200, 157
Trd, 000156.183, 143
Trd, 000156.233, 160
Trd, 000156.383, 154
Trd, 000157.600, 155
Trd, 000157.967, 136
Trd, 000158.667, 165
Trd, 000159.533, 160
Trd, 000160.100, 155
Trd, 000161.600, 149
Trd, 000161.967, 170
Trd, 000162.200, 151
Trd, 000162.250, 157
Trd, 000163.283, 183
Trd, 000164.550, 146
Trd, 000165.250, 132
Trd, 000166.200, 164
Trd, 000166.267, 153
Trd, 000168.017, 180
Trd, 000168.133, 173
Trd, 000168.717, 181
Trd, 000169.833, 171
Trd, 000172.367, 151
Trd, 000173.117, 167
Trd, 000173.717, 146
Trd, 000175.350, 147
Trd, 000175.817, 160
Trd, 000176.933, 154
Trd, 000177.300, 154
Trd, 000177.700, 167
Trd, 000178.117, 147
Trd, 000178.500, 151
Trd, 000180.600, 178
Trd, 000181.833, 167
Trd, 000181.883, 162
Trd, 000182.233, 151
Trd, 000183.033, 177
Trd, 000185.083, 158
Trd, 000186.133, 145
Trd, 000187.233, 181
Trd, 000188.517, 173
Trd, 000189.750, 155
Trd, 000191.533, 181
Trd, 000192.117, 163
Trd, 000192.500, 152
Trd, 000192.617, 151
Trd, 000193.233, 153
Trd, 000194.233, 162
Trd, 000194.867, 147
Trd, 000195.517, 135
Trd, 000196.150, 143
Trd, 000197.117, 143
Trd, 000197.133, 162
Trd, 000197.933, 141
Trd, 000198.217, 164
Trd, 000199.467, 174
Trd, 000201.350, 159
Trd, 000201.617, 144
Trd, 000201.750, 141
Trd, 000201.917, 167
Trd, 000202.867, 128
Trd, 000202.883, 125
Trd, 000203.283, 158
Trd, 000204.150, 130
Trd, 000206.867, 167
Trd, 000207.983, 175
Trd, 000208.033, 161
Trd, 000208.100, 151
Trd, 000209.650, 141
Trd, 000209.683, 171
Trd, 000210.783, 161
Trd, 000211.167, 171
Trd, 000211.350, 166
Trd, 000213.233, 178
Trd, 000215.867, 149
Trd, 000216.383, 144
Trd, 000216.400, 154
Trd, 000216.900, 167
Trd, 000217.267, 157
Trd, 000217.283, 151
Trd, 000219.733, 155
Trd, 000221.033, 153
Trd, 000222.133, 164
Trd, 000222.150, 152
Trd, 000222.767, 167
Trd, 000223.017, 154
Trd, 000223.167, 151
Trd, 000223.333, 143
Trd, 000224.333, 142
Trd, 000226.500, 193
Trd, 000226.600, 175
Trd, 000226.800, 134
Trd, 000227.383, 159
Trd, 000228.450, 158
Trd, 000228.767, 162
Trd, 000229.200, 152
Trd, 000229.517, 151
Trd, 000231.450, 153
Trd, 000232.317, 151
Trd, 000233.133, 160
Trd, 000236.383, 163
Trd, 000237.283, 162
Trd, 000239.167, 169
Trd, 000239.667, 167
Trd, 000239.950, 152
Trd, 000241.650, 119
Trd, 000241.983, 129
Trd, 000242.000, 141
Trd, 000242.683, 142
Trd, 000243.383, 145
Trd, 000243.983, 160
Trd, 000246.383, 120
Trd, 000246.567, 137
Trd, 000246.700, 151
Trd, 000249.933, 174
Trd, 000251.150, 162
Trd, 000251.400, 120
Trd, 000252.300, 151
Trd, 000252.700, 166
Trd, 000254.717, 164
Trd, 000255.533, 170
Trd, 000256.700, 180
Trd, 000257.350, 168
Trd, 000257.717, 165
Trd, 000257.783, 146
Trd, 000257.833, 140
Trd, 000259.383, 174
Trd, 000261.900, 170
Trd, 000262.117, 162
Trd, 000262.500, 156
Trd, 000263.650, 171
Trd, 000264.150, 139
Trd, 000266.617, 169
Trd, 000266.750, 149
Trd, 000266.867, 163
Trd, 000267.783, 167
Trd, 000267.883, 153
Trd, 000270.683, 151
Trd, 000271.217, 153
Trd, 000271.300, 171
Trd, 000271.733, 140
Trd, 000272.500, 172
Trd, 000273.483, 177
Trd, 000276.633, 178
Trd, 000276.700, 169
Trd, 000277.650, 130
Trd, 000277.817, 167
Trd, 000279.083, 170
Trd, 000280.150, 151
Trd, 000281.217, 170
Trd, 000281.800, 147
Trd, 000282.283, 144
Trd, 000282.683, 162
Trd, 000284.483, 165
Trd, 000286.367, 151
Trd, 000286.717, 163
Trd, 000288.183, 170
Trd, 000288.367, 169
Trd, 000289.150, 186
Trd, 000290.100, 168
Trd, 000290.167, 151
Trd, 000292.167, 155
Trd, 000292.367, 143
Trd, 000292.733, 144
Trd, 000293.700, 158
Trd, 000294.117, 165
Trd, 000295.533, 171
Trd, 000295.567, 152
Trd, 000296.900, 117
Trd, 000297.067, 140
Trd, 000297.467, 151
Trd, 000297.700, 124
