Trd, 000005.133, 147
Trd, 000005.317, 128
Trd, 000005.350, 138
Trd, 000005.817, 136
Trd, 000007.567, 140
Trd, 000007.833, 144
Trd, 000009.883, 151
Trd, 000010.333, 160
Trd, 000012.050, 158
Trd, 000012.517, 180
Trd, 000012.600, 172
Trd, 000012.967, 149
Trd, 000013.117, 145
Trd, 000013.250, 144
Trd, 000013.633, 156
Trd, 000014.350, 140
Trd, 000015.717, 180
Trd, 000016.800, 155
Trd, 000018.550, 158
Trd, 000018.617, 146
Trd, 000019.117, 175
Trd, 000021.067, 150
Trd, 000021.933, 146
Trd, 000022.150, 142
Trd, 000023.783, 157
Trd, 000026.633, 153
Trd, 000026.767, 152
Trd, 000027.233, 148
Trd, 000027.883, 159
Trd, 000028.100, 156
Trd, 000029.117, 165
Trd, 000030.217, 165
Trd, 000031.867, 166
Trd, 000032.117, 160
Trd, 000032.800, 167
Trd, 000035.517, 152
Trd, 000035.633, 160
Trd, 000035.667, 161
Trd, 000035.867, 136
Trd, 000036.033, 140
Trd, 000037.450, 175
Trd, 000039.267, 148
Trd, 000040.717, 124
Trd, 000040.750, 138
Trd, 000041.350, 156
Trd, 000041.733, 146
Trd, 000042.367, 163
Trd, 000042.450, 145
Trd, 000042.850, 153
Trd, 000045.050, 150
Trd, 000045.200, 159
Trd, 000045.833, 154
Trd, 000045.883, 157
Trd, 000046.617, 177
Trd, 000047.833, 158
Trd, 000048.550, 167
Trd, 000048.667, 150
Trd, 000050.467, 158
Trd, 000050.900, 178
Trd, 000051.117, 142
Trd, 000052.500, 188
Trd, 000053.217, 159
Trd, 000053.250, 171
Trd, 000053.700, 147
Trd, 000053.950, 149
Trd, 000054.683, 148
Trd, 000056.850, 170
Trd, 000057.417, 165
Trd, 000057.750, 164
Trd, 000057.950, 146
Trd, 000058.917, 171
Trd, 000059.417, 168
Trd, 000060.683, 156
Trd, 000061.367, 160
Trd, 000061.650, 162
Trd, 000062.283, 165
Trd, 000062.433, 157
Trd, 000063.433, 153
Trd, 000063.683, 153
Trd, 000063.867, 148
Trd, 000065.783, 123
Trd, 000065.833, 159
Trd, 000066.717, 158
Trd, 000066.817, 155
Trd, 000067.283, 153
Trd, 000068.533, 152
Trd, 000070.000, 167
Trd, 000070.250, 165
Trd, 000071.617, 141
Trd, 000072.050, 162
Trd, 000072.217, 164
Trd, 000072.500, 171
Trd, 000072.733, 150
Trd, 000073.067, 148
Trd, 000073.417, 163
Trd, 000073.917, 144
Trd, 000076.000, 148
Trd, 000076.767, 159
Trd, 000076.950, 161
Trd, 000077.167, 148
Trd, 000077.950, 144
Trd, 000079.017, 153
Trd, 000079.233, 153
Trd, 000079.983, 163
Trd, 000080.600, 165
Trd, 000081.417, 156
Trd, 000081.450, 150
Trd, 000082.483, 167
Trd, 000084.700, 156
Trd, 000085.233, 161
Trd, 000085.867, 143
Trd, 000087.117, 156
Trd, 000087.450, 158
Trd, 000088.150, 159
Trd, 000088.400, 148
Trd, 000089.000, 139
Trd, 000091.267, 171
Trd, 000092.433, 156
Trd, 000092.583, 155
Trd, 000092.683, 153
Trd, 000093.600, 156
Trd, 000094.583, 161
Trd, 000094.617, 152
Trd, 000096.117, 150
Trd, 000096.783, 151
Trd, 000097.067, 158
Trd, 000098.550, 168
Trd, 000099.167, 151
Trd, 000100.433, 175
Trd, 000100.983, 168
Trd, 000101.200, 161
Trd, 000101.533, 149
Trd, 000101.667, 134
Trd, 000102.933, 174
Trd, 000103.217, 163
Trd, 000103.783, 178
Trd, 000104.367, 154
Trd, 000106.167, 136
Trd, 000106.433, 151
Trd, 000107.150, 157
Trd, 000107.233, 152
Trd, 000107.700, 159
Trd, 000107.933, 160
Trd, 000108.967, 178
Trd, 000110.883, 137
Trd, 000110.983, 142
Trd, 000111.450, 147
Trd, 000111.717, 161
Trd, 000112.900, 158
Trd, 000114.183, 165
Trd, 000114.200, 160
Trd, 000119.100, 171
Trd, 000119.417, 162
Trd, 000120.233, 158
Trd, 000120.833, 156
Trd, 000121.400, 142
Trd, 000121.583, 151
Trd, 000122.583, 146
Trd, 000123.600, 161
Trd, 000124.083, 149
Trd, 000125.317, 155
Trd, 000125.933, 152
Trd, 000126.700, 140
Trd, 000127.617, 157
Trd, 000128.067, 155
Trd, 000128.267, 153
Trd, 000128.283, 150
Trd, 000132.317, 158
Trd, 000132.350, 156
Trd, 000133.217, 154
Trd, 000133.267, 154
Trd, 000133.850, 147
Trd, 000134.633, 134
Trd, 000134.933, 153
Trd, 000138.117, 163
Trd, 000139.017, 162
Trd, 000139.383, 171
Trd, 000139.950, 152
Trd, 000140.450, 178
Trd, 000140.533, 151
Trd, 000140.617, 148
Trd, 000141.250, 145
Trd, 000141.533, 168
Trd, 000142.767, 157
Trd, 000142.900, 151
Trd, 000143.933, 148
Trd, 000145.467, 149
Trd, 000145.533, 157
Trd, 000146.250, 179
Trd, 000146.900, 123
Trd, 000147.300, 132
Trd, 000147.700, 136
Trd, 000148.917, 166
Trd, 000149.567, 162
Trd, 000151.550, 175
Trd, 000152.217, 180
Trd, 000152.867, 162
Trd, 000152.950, 170
Trd, 000153.867, 164
Trd, 000154.050, 145
Trd, 000154.583, 142
Trd, 000155.117, 139
Trd, 000155.650, 150
Trd, 000156.050, 155
Trd, 000156.333, 147
Trd, 000156.650, 189
Trd, 000157.250, 173
Trd, 000161.100, 130
Trd, 000161.400, 177
Trd, 000162.217, 158
Trd, 000163.217, 155
Trd, 000163.233, 162
Trd, 000165.133, 171
Trd, 000166.033, 142
Trd, 000166.433, 178
Trd, 000166.717, 183
Trd, 000168.133, 175
Trd, 000169.300, 154
Trd, 000170.167, 166
Trd, 000171.083, 181
Trd, 000171.533, 153
Trd, 000171.817, 172
Trd, 000172.117, 157
Trd, 000172.433, 136
Trd, 000172.833, 166
Trd, 000173.083, 156
Trd, 000176.633, 183
Trd, 000176.783, 170
Trd, 000177.150, 155
Trd, 000177.750, 162
Trd, 000178.200, 151
Trd, 000178.950, 179
Trd, 000178.983, 162
Trd, 000181.000, 150
Trd, 000181.167, 129
Trd, 000181.417, 157
Trd, 000181.850, 149
Trd, 000182.083, 171
Trd, 000182.783, 165
Trd, 000182.983, 159
Trd, 000186.250, 135
Trd, 000186.417, 144
Trd, 000186.817, 151
Trd, 000188.283, 163
Trd, 000188.717, 168
Trd, 000189.450, 151
Trd, 000190.317, 153
Trd, 000191.933, 147
Trd, 000192.567, 144
Trd, 000193.083, 168
Trd, 000193.667, 155
Trd, 000193.850, 176
Trd, 000194.167, 140
Trd, 000194.350, 164
Trd, 000196.733, 170
Trd, 000197.250, 175
Trd, 000197.900, 151
Trd, 000199.117, 162
Trd, 000199.267, 150
Trd, 000199.633, 150
Trd, 000201.933, 155
Trd, 000202.333, 156
Trd, 000202.733, 173
Trd, 000203.467, 162
Trd, 000204.183, 161
Trd, 000205.517, 132
Trd, 000206.533, 188
Trd, 000207.500, 179
Trd, 000207.567, 170
Trd, 000208.117, 156
Trd, 000208.967, 149
Trd, 000209.417, 143
Trd, 000211.883, 152
Trd, 000211.917, 147
Trd, 000212.167, 164
Trd, 000212.750, 179
Trd, 000213.050, 158
Trd, 000213.267, 150
Trd, 000214.300, 142
Trd, 000215.217, 162
Trd, 000215.783, 176
Trd, 000216.283, 141
Trd, 000218.067, 159
Trd, 000218.100, 180
Trd, 000218.783, 160
Trd, 000219.583, 171
Trd, 000220.783, 167
Trd, 000221.783, 160
Trd, 000222.150, 159
Trd, 000222.283, 159
Trd, 000222.717, 166
Trd, 000223.033, 166
Trd, 000223.267, 170
Trd, 000227.650, 143
Trd, 000228.633, 132
Trd, 000229.717, 147
Trd, 000231.400, 132
Trd, 000231.533, 144
Trd, 000232.250, 151
Trd, 000232.750, 158
Trd, 000234.567, 165
Trd, 000235.033, 155
Trd, 000235.567, 158
Trd, 000236.017, 156
Trd, 000236.417, 158
Trd, 000237.000, 155
Trd, 000238.117, 167
Trd, 000240.500, 144
Trd, 000240.667, 173
Trd, 000241.350, 159
Trd, 000241.833, 136
Trd, 000242.100, 168
Trd, 000242.583, 170
Trd, 000242.700, 146
Trd, 000244.017, 152
Trd, 000244.750, 161
Trd, 000245.483, 152
Trd, 000246.283, 124
Trd, 000246.300, 176
Trd, 000247.183, 142
Trd, 000247.633, 176
Trd, 000248.850, 154
Trd, 000251.317, 130
Trd, 000252.350, 144
Trd, 000252.417, 183
Trd, 000252.433, 175
Trd, 000252.683, 164
Trd, 000254.283, 150
Trd, 000255.133, 160
Trd, 000256.817, 166
Trd, 000257.500, 145
Trd, 000257.583, 148
Trd, 000259.383, 162
Trd, 000260.233, 149
Trd, 000261.883, 178
Trd, 000262.150, 170
Trd, 000262.783, 160
Trd, 000263.067, 152
Trd, 000263.550, 160
Trd, 000263.800, 149
Trd, 000266.433, 151
Trd, 000266.750, 176
Trd, 000267.783, 180
Trd, 000268.567, 163
Trd, 000268.600, 162
Trd, 000270.867, 154
Trd, 000271.000, 155
Trd, 000271.633, 149
Trd, 000272.583, 165
Trd, 000274.400, 147
Trd, 000274.617, 161
Trd, 000276.583, 150
Trd, 000276.633, 161
Trd, 000277.450, 166
Trd, 000277.817, 157
Trd, 000278.883, 148
Trd, 000279.017, 145
Trd, 000280.283, 159
Trd, 000281.883, 133
Trd, 000282.300, 153
Trd, 000283.317, 168
Trd, 000283.883, 144
Trd, 000284.367, 152
Trd, 000284.550, 147
Trd, 000285.450, 146
Trd, 000286.550, 140
Trd, 000286.900, 149
Trd, 000287.250, 157
Trd, 000287.967, 161
Trd, 000288.083, 148
Trd, 000288.550, 152
Trd, 000289.750, 172
Trd, 000290.700, 163
Trd, 000291.683, 137
Trd, 000291.950, 162
Trd, 000292.100, 180
Trd, 000293.367, 166
Trd, 000294.683, 145
Trd, 000295.083, 166
Trd, 000295.383, 176
Trd, 000295.683, 159
Trd, 000296.817, 164
Trd, 000297.650, 160
Trd, 000298.550, 171
Trd, 000299.167, 175
