Trd, 000005.400, 137
Trd, 000005.767, 140
Trd, 000005.783, 136
Trd, 000006.050, 135
Trd, 000006.350, 138
Trd, 000006.467, 146
Trd, 000006.683, 156
Trd, 000007.333, 143
Trd, 000008.233, 150
Trd, 000008.267, 164
Trd, 000010.050, 131
Trd, 000010.467, 146
Trd, 000011.000, 151
Trd, 000011.750, 162
Trd, 000012.933, 152
Trd, 000013.367, 141
Trd, 000013.783, 158
Trd, 000013.883, 161
Trd, 000014.150, 165
Trd, 000015.217, 129
Trd, 000015.483, 176
Trd, 000015.717, 193
Trd, 000016.483, 160
Trd, 000017.583, 163
Trd, 000017.733, 161
Trd, 000019.317, 171
Trd, 000020.150, 113
Trd, 000020.733, 137
Trd, 000021.033, 165
Trd, 000021.800, 168
Trd, 000023.633, 171
Trd, 000024.117, 159
Trd, 000025.267, 134
Trd, 000025.483, 114
Trd, 000026.183, 166
Trd, 000026.833, 163
Trd, 000027.400, 175
Trd, 000028.017, 161
Trd, 000030.417, 163
Trd, 000030.433, 150
Trd, 000031.450, 168
Trd, 000032.300, 170
Trd, 000033.583, 182
Trd, 000034.700, 160
Trd, 000035.400, 132
Trd, 000035.533, 154
Trd, 000036.300, 186
Trd, 000037.050, 188
Trd, 000037.617, 158
Trd, 000038.250, 175
Trd, 000038.950, 162
Trd, 000040.033, 161
Trd, 000040.267, 121
Trd, 000040.400, 139
Trd, 000040.983, 125
Trd, 000041.367, 154
Trd, 000043.867, 161
Trd, 000045.433, 170
Trd, 000045.483, 143
Trd, 000045.967, 161
Trd, 000046.000, 168
Trd, 000046.600, 137
Trd, 000047.583, 172
Trd, 000048.100, 182
Trd, 000050.517, 172
Trd, 000051.483, 162
Trd, 000051.917, 177
Trd, 000052.333, 186
Trd, 000052.967, 158
Trd, 000053.933, 161
Trd, 000055.450, 146
Trd, 000055.533, 188
Trd, 000055.550, 175
Trd, 000056.400, 167
Trd, 000057.467, 168
Trd, 000058.983, 166
Trd, 000059.067, 151
Trd, 000059.400, 136
Trd, 000059.833, 177
Trd, 000060.717, 147
Trd, 000060.750, 141
Trd, 000061.567, 143
Trd, 000061.917, 152
Trd, 000062.817, 158
Trd, 000064.667, 162
Trd, 000065.000, 149
Trd, 000065.700, 155
Trd, 000066.517, 156
Trd, 000068.583, 162
Trd, 000068.833, 179
Trd, 000069.833, 168
Trd, 000069.900, 165
Trd, 000070.517, 113
Trd, 000070.700, 160
Trd, 000071.250, 181
Trd, 000071.717, 157
Trd, 000073.167, 175
Trd, 000073.283, 166
Trd, 000073.400, 158
Trd, 000073.500, 152
Trd, 000075.717, 117
Trd, 000075.850, 159
Trd, 000076.383, 173
Trd, 000076.600, 165
Trd, 000076.867, 164
Trd, 000076.983, 174
Trd, 000077.433, 151
Trd, 000077.983, 147
Trd, 000079.183, 173
Trd, 000079.683, 134
Trd, 000080.783, 163
Trd, 000080.950, 182
Trd, 000081.067, 167
Trd, 000082.433, 185
Trd, 000083.417, 179
Trd, 000085.150, 162
Trd, 000085.550, 138
Trd, 000085.983, 172
Trd, 000086.150, 162
Trd, 000086.650, 166
Trd, 000086.817, 130
Trd, 000087.350, 168
Trd, 000089.950, 155
Trd, 000090.283, 147
Trd, 000090.617, 132
Trd, 000090.867, 156
Trd, 000091.350, 174
Trd, 000091.733, 184
Trd, 000093.783, 173
Trd, 000094.567, 163
Trd, 000094.800, 160
Trd, 000094.833, 151
Trd, 000096.300, 135
Trd, 000096.850, 158
Trd, 000096.967, 160
Trd, 000097.267, 166
Trd, 000099.317, 167
Trd, 000099.667, 162
Trd, 000101.117, 180
Trd, 000102.250, 173
Trd, 000102.467, 171
Trd, 000106.217, 170
Trd, 000106.317, 162
Trd, 000106.700, 161
Trd, 000108.667, 176
Trd, 000109.583, 184
Trd, 000110.867, 171
Trd, 000112.483, 174
Trd, 000112.933, 169
Trd, 000113.517, 162
Trd, 000114.783, 168
Trd, 000115.867, 139
Trd, 000115.967, 153
Trd, 000116.367, 167
Trd, 000116.583, 150
Trd, 000116.850, 137
Trd, 000117.033, 171
Trd, 000117.250, 152
Trd, 000117.667, 182
Trd, 000118.283, 154
Trd, 000119.533, 169
Trd, 000121.283, 176
Trd, 000122.067, 175
Trd, 000122.433, 144
Trd, 000124.300, 163
Trd, 000124.950, 162
Trd, 000125.183, 152
Trd, 000125.917, 167
Trd, 000126.917, 172
Trd, 000127.100, 163
Trd, 000127.550, 175
Trd, 000128.200, 154
Trd, 000131.150, 162
Trd, 000131.200, 130
Trd, 000132.100, 163
Trd, 000132.500, 175
Trd, 000136.200, 166
Trd, 000136.767, 140
Trd, 000137.217, 158
Trd, 000137.533, 161
Trd, 000138.500, 173
Trd, 000138.667, 147
Trd, 000139.117, 136
Trd, 000140.733, 163
Trd, 000141.083, 179
Trd, 000141.667, 159
Trd, 000141.900, 165
Trd, 000142.200, 165
Trd, 000142.733, 144
Trd, 000142.983, 136
Trd, 000144.133, 157
Trd, 000145.433, 187
Trd, 000145.983, 167
Trd, 000147.000, 163
Trd, 000148.667, 161
Trd, 000149.417, 163
Trd, 000149.917, 162
Trd, 000150.517, 180
Trd, 000150.917, 161
Trd, 000152.500, 148
Trd, 000152.817, 160
Trd, 000153.150, 143
Trd, 000153.233, 168
Trd, 000153.550, 180
Trd, 000154.583, 156
Trd, 000155.967, 123
Trd, 000156.417, 161
Trd, 000156.483, 135
Trd, 000156.783, 176
Trd, 000157.317, 165
Trd, 000161.283, 113
Trd, 000161.483, 136
Trd, 000162.333, 163
Trd, 000162.800, 170
Trd, 000162.917, 160
Trd, 000163.283, 147
Trd, 000165.117, 168
Trd, 000165.900, 147
Trd, 000166.383, 138
Trd, 000166.433, 154
Trd, 000166.500, 136
Trd, 000167.133, 169
Trd, 000167.517, 162
Trd, 000168.417, 167
Trd, 000170.483, 154
Trd, 000171.117, 159
Trd, 000171.367, 160
Trd, 000171.417, 170
Trd, 000172.367, 171
Trd, 000173.750, 174
Trd, 000173.817, 142
Trd, 000175.567, 180
Trd, 000176.083, 125
Trd, 000176.117, 144
Trd, 000176.683, 173
Trd, 000177.017, 176
Trd, 000177.300, 165
Trd, 000177.733, 175
Trd, 000177.883, 164
Trd, 000178.517, 161
Trd, 000181.133, 153
Trd, 000181.617, 162
Trd, 000182.083, 155
Trd, 000183.333, 185
Trd, 000183.567, 183
Trd, 000185.033, 172
Trd, 000185.450, 163
Trd, 000186.250, 148
Trd, 000186.400, 121
Trd, 000186.733, 134
Trd, 000186.817, 137
Trd, 000187.150, 138
Trd, 000188.217, 135
Trd, 000188.533, 151
Trd, 000189.150, 155
Trd, 000190.050, 174
Trd, 000191.850, 167
Trd, 000192.450, 168
Trd, 000192.783, 173
Trd, 000194.683, 175
Trd, 000194.950, 162
Trd, 000196.550, 179
Trd, 000196.750, 183
Trd, 000197.400, 182
Trd, 000197.450, 171
Trd, 000197.883, 170
Trd, 000198.567, 166
Trd, 000200.100, 162
Trd, 000201.367, 179
Trd, 000201.483, 151
Trd, 000202.367, 164
Trd, 000204.017, 165
Trd, 000204.267, 173
Trd, 000204.933, 161
Trd, 000206.133, 195
Trd, 000206.267, 179
Trd, 000206.633, 167
Trd, 000207.833, 184
Trd, 000208.283, 179
Trd, 000209.400, 158
Trd, 000211.383, 138
Trd, 000211.733, 165
Trd, 000211.917, 160
Trd, 000212.867, 175
Trd, 000213.400, 179
Trd, 000213.467, 179
Trd, 000214.050, 159
Trd, 000216.167, 118
Trd, 000216.383, 133
Trd, 000216.517, 138
Trd, 000216.567, 154
Trd, 000217.733, 179
Trd, 000219.767, 163
Trd, 000221.333, 186
Trd, 000221.633, 173
Trd, 000221.750, 162
Trd, 000221.867, 160
Trd, 000223.400, 148
Trd, 000223.517, 147
Trd, 000224.517, 157
Trd, 000226.217, 163
Trd, 000226.267, 140
Trd, 000226.300, 139
Trd, 000227.467, 174
Trd, 000228.350, 177
Trd, 000228.567, 160
Trd, 000229.467, 162
Trd, 000230.567, 142
Trd, 000231.333, 120
Trd, 000231.733, 178
Trd, 000231.767, 171
Trd, 000232.383, 158
Trd, 000235.167, 154
Trd, 000236.017, 162
Trd, 000236.333, 162
Trd, 000236.900, 177
Trd, 000237.583, 172
Trd, 000237.700, 160
Trd, 000239.133, 164
Trd, 000240.117, 159
Trd, 000241.350, 168
Trd, 000242.267, 167
Trd, 000243.417, 162
Trd, 000243.583, 169
Trd, 000244.650, 167
Trd, 000244.867, 161
Trd, 000245.817, 171
Trd, 000246.650, 162
Trd, 000247.233, 159
Trd, 000247.567, 172
Trd, 000247.850, 154
Trd, 000249.233, 167
Trd, 000249.583, 144
Trd, 000250.467, 168
Trd, 000251.700, 162
Trd, 000251.817, 147
Trd, 000252.817, 174
Trd, 000253.017, 188
Trd, 000253.267, 171
Trd, 000253.883, 168
Trd, 000254.167, 172
Trd, 000255.000, 158
Trd, 000257.833, 176
Trd, 000257.967, 186
Trd, 000258.383, 166
Trd, 000258.967, 168
Trd, 000259.500, 166
Trd, 000260.083, 173
Trd, 000261.050, 175
Trd, 000261.817, 180
Trd, 000262.133, 174
Trd, 000262.800, 169
Trd, 000263.217, 181
Trd, 000264.550, 161
Trd, 000265.167, 187
Trd, 000266.500, 168
Trd, 000266.600, 143
Trd, 000267.367, 167
Trd, 000268.350, 162
Trd, 000268.767, 170
Trd, 000269.683, 163
Trd, 000271.783, 166
Trd, 000272.217, 144
Trd, 000272.767, 172
Trd, 000275.467, 170
Trd, 000275.667, 167
Trd, 000275.783, 181
Trd, 000276.783, 183
Trd, 000277.500, 178
Trd, 000277.833, 166
Trd, 000278.000, 159
Trd, 000278.200, 155
Trd, 000279.900, 157
Trd, 000281.200, 175
Trd, 000281.933, 140
Trd, 000283.350, 179
Trd, 000283.600, 153
Trd, 000284.767, 174
Trd, 000284.967, 174
Trd, 000285.417, 162
Trd, 000286.850, 178
Trd, 000287.283, 159
Trd, 000288.033, 175
Trd, 000288.467, 159
Trd, 000288.633, 173
Trd, 000288.850, 150
Trd, 000289.050, 146
Trd, 000290.050, 137
Trd, 000291.433, 168
Trd, 000291.567, 162
Trd, 000292.200, 162
Trd, 000292.400, 184
Trd, 000292.650, 145
Trd, 000292.817, 180
Trd, 000294.117, 187
Trd, 000295.100, 172
Trd, 000295.283, 164
Trd, 000296.283, 155
Trd, 000296.433, 133
Trd, 000296.867, 165
Trd, 000297.033, 154
Trd, 000298.233, 162
Trd, 000298.467, 159
