Trd, 000005.150, 134
Trd, 000005.500, 152
Trd, 000005.667, 161
Trd, 000005.733, 144
Trd, 000006.217, 157
Trd, 000006.317, 153
Trd, 000006.650, 137
Trd, 000007.150, 154
Trd, 000007.783, 139
Trd, 000008.000, 153
Trd, 000008.517, 131
Trd, 000010.300, 151
Trd, 000010.683, 129
Trd, 000011.000, 162
Trd, 000011.933, 175
Trd, 000012.000, 164
Trd, 000012.533, 133
Trd, 000012.933, 147
Trd, 000015.133, 131
Trd, 000015.433, 154
Trd, 000015.717, 187
Trd, 000015.967, 158
Trd, 000016.200, 179
Trd, 000016.500, 150
Trd, 000016.667, 145
Trd, 000017.000, 142
Trd, 000018.867, 152
Trd, 000020.400, 173
Trd, 000020.500, 170
Trd, 000020.600, 154
Trd, 000021.017, 142
Trd, 000021.250, 152
Trd, 000021.367, 156
Trd, 000022.733, 170
Trd, 000023.683, 167
Trd, 000025.533, 152
Trd, 000025.700, 154
Trd, 000025.833, 148
Trd, 000025.850, 139
Trd, 000026.683, 162
Trd, 000026.850, 165
Trd, 000027.533, 137
Trd, 000030.450, 188
Trd, 000030.917, 145
Trd, 000031.000, 144
Trd, 000031.517, 140
Trd, 000032.200, 131
Trd, 000032.233, 130
Trd, 000032.917, 147
Trd, 000032.950, 153
Trd, 000033.867, 137
Trd, 000035.517, 155
Trd, 000035.700, 181
Trd, 000035.983, 156
Trd, 000036.133, 187
Trd, 000036.800, 129
Trd, 000037.733, 142
Trd, 000037.817, 156
Trd, 000038.067, 137
Trd, 000038.183, 160
Trd, 000038.200, 148
Trd, 000040.567, 134
Trd, 000040.817, 164
Trd, 000040.983, 173
Trd, 000041.683, 149
Trd, 000042.000, 128
Trd, 000043.367, 153
Trd, 000043.617, 166
Trd, 000045.567, 161
Trd, 000045.867, 153
Trd, 000045.900, 178
Trd, 000046.033, 143
Trd, 000046.150, 157
Trd, 000046.850, 141
Trd, 000046.983, 139
Trd, 000047.183, 153
Trd, 000048.967, 149
Trd, 000049.483, 155
Trd, 000049.917, 168
Trd, 000050.417, 147
Trd, 000050.733, 134
Trd, 000050.950, 145
Trd, 000051.033, 124
Trd, 000051.083, 152
Trd, 000051.317, 128
Trd, 000051.733, 153
Trd, 000052.050, 153
Trd, 000052.617, 122
Trd, 000053.650, 152
Trd, 000055.533, 196
Trd, 000055.617, 195
Trd, 000055.933, 162
Trd, 000056.083, 157
Trd, 000056.100, 132
Trd, 000057.233, 151
Trd, 000058.283, 158
Trd, 000058.917, 151
Trd, 000060.517, 142
Trd, 000060.717, 148
Trd, 000060.767, 143
Trd, 000061.217, 162
Trd, 000062.200, 143
Trd, 000062.700, 164
Trd, 000063.917, 161
Trd, 000064.100, 152
Trd, 000064.583, 147
Trd, 000065.550, 155
Trd, 000065.800, 182
Trd, 000066.167, 149
Trd, 000066.650, 158
Trd, 000066.717, 164
Trd, 000067.150, 165
Trd, 000067.200, 152
Trd, 000068.467, 151
Trd, 000069.550, 156
Trd, 000070.817, 162
Trd, 000071.017, 195
Trd, 000071.117, 152
Trd, 000071.750, 182
Trd, 000071.783, 167
Trd, 000071.967, 155
Trd, 000072.450, 170
Trd, 000072.550, 174
Trd, 000072.800, 156
Trd, 000074.600, 143
Trd, 000075.150, 139
Trd, 000075.817, 189
Trd, 000076.267, 153
Trd, 000076.333, 171
Trd, 000076.767, 162
Trd, 000077.517, 155
Trd, 000077.800, 143
Trd, 000078.150, 152
Trd, 000080.683, 128
Trd, 000080.850, 169
Trd, 000081.433, 176
Trd, 000081.683, 175
Trd, 000081.800, 154
Trd, 000083.683, 148
Trd, 000083.883, 149
Trd, 000084.133, 154
Trd, 000084.867, 166
Trd, 000086.167, 187
Trd, 000086.317, 144
Trd, 000087.433, 140
Trd, 000087.550, 132
Trd, 000088.983, 127
Trd, 000089.017, 149
Trd, 000089.100, 160
Trd, 000090.933, 166
Trd, 000091.367, 139
Trd, 000092.567, 168
Trd, 000092.583, 157
Trd, 000093.117, 170
Trd, 000093.467, 161
Trd, 000094.800, 148
Trd, 000096.083, 148
Trd, 000096.267, 136
Trd, 000096.333, 137
Trd, 000096.600, 142
Trd, 000097.933, 148
Trd, 000098.200, 151
Trd, 000100.317, 173
Trd, 000100.350, 167
Trd, 000101.250, 159
Trd, 000101.517, 154
Trd, 000101.633, 152
Trd, 000102.217, 153
Trd, 000102.333, 165
Trd, 000103.017, 178
Trd, 000103.250, 141
Trd, 000105.767, 157
Trd, 000106.283, 138
Trd, 000106.383, 171
Trd, 000106.517, 163
Trd, 000106.917, 158
Trd, 000107.250, 149
Trd, 000107.617, 161
Trd, 000107.867, 146
Trd, 000108.500, 154
Trd, 000109.600, 172
Trd, 000109.750, 137
Trd, 000110.933, 178
Trd, 000111.167, 151
Trd, 000111.683, 142
Trd, 000112.417, 147
Trd, 000112.950, 152
Trd, 000113.483, 172
Trd, 000114.433, 159
Trd, 000114.483, 156
Trd, 000116.017, 170
Trd, 000116.033, 174
Trd, 000116.150, 159
Trd, 000116.533, 150
Trd, 000116.650, 152
Trd, 000116.700, 143
Trd, 000117.333, 140
Trd, 000117.483, 157
Trd, 000118.150, 139
Trd, 000120.883, 107
Trd, 000121.133, 183
Trd, 000121.700, 171
Trd, 000121.967, 165
Trd, 000122.267, 158
Trd, 000123.117, 148
Trd, 000123.183, 168
Trd, 000123.683, 144
Trd, 000124.067, 145
Trd, 000125.167, 158
Trd, 000126.200, 139
Trd, 000126.500, 155
Trd, 000126.717, 172
Trd, 000126.833, 151
Trd, 000127.783, 125
Trd, 000128.217, 147
Trd, 000128.950, 167
Trd, 000129.083, 152
Trd, 000129.350, 144
Trd, 000130.883, 131
Trd, 000131.133, 164
Trd, 000132.050, 174
Trd, 000132.483, 153
Trd, 000132.683, 157
Trd, 000133.067, 152
Trd, 000133.667, 142
Trd, 000133.833, 158
Trd, 000135.267, 138
Trd, 000136.150, 154
Trd, 000136.317, 157
Trd, 000138.067, 168
Trd, 000138.300, 158
Trd, 000138.667, 150
Trd, 000139.167, 153
Trd, 000139.267, 148
Trd, 000139.867, 152
Trd, 000141.000, 144
Trd, 000141.683, 155
Trd, 000142.000, 165
Trd, 000142.067, 150
Trd, 000142.783, 157
Trd, 000143.050, 155
Trd, 000143.650, 166
Trd, 000144.267, 133
Trd, 000144.350, 162
Trd, 000144.650, 165
Trd, 000146.283, 165
Trd, 000146.900, 177
Trd, 000147.283, 178
Trd, 000147.883, 157
Trd, 000148.017, 149
Trd, 000149.567, 146
Trd, 000149.717, 176
Trd, 000149.967, 153
Trd, 000151.217, 196
Trd, 000151.267, 158
Trd, 000151.450, 154
Trd, 000151.950, 186
Trd, 000154.500, 134
Trd, 000155.050, 142
Trd, 000156.000, 151
Trd, 000156.117, 150
Trd, 000156.383, 131
Trd, 000156.517, 160
Trd, 000156.567, 179
Trd, 000156.800, 163
Trd, 000156.817, 128
Trd, 000157.467, 182
Trd, 000157.667, 125
Trd, 000160.300, 158
Trd, 000161.250, 139
Trd, 000161.483, 151
Trd, 000161.633, 152
Trd, 000161.683, 158
Trd, 000161.750, 166
Trd, 000161.900, 132
Trd, 000162.117, 133
Trd, 000163.617, 152
Trd, 000165.567, 151
Trd, 000166.400, 193
Trd, 000166.933, 156
Trd, 000166.950, 159
Trd, 000167.083, 161
Trd, 000167.883, 162
Trd, 000167.900, 159
Trd, 000168.350, 167
Trd, 000168.617, 148
Trd, 000168.700, 180
Trd, 000171.033, 161
Trd, 000171.150, 136
Trd, 000171.783, 150
Trd, 000172.083, 155
Trd, 000172.233, 137
Trd, 000172.633, 145
Trd, 000172.733, 167
Trd, 000173.667, 137
Trd, 000173.983, 137
Trd, 000174.967, 130
Trd, 000175.117, 153
Trd, 000176.233, 145
Trd, 000176.417, 162
Trd, 000176.717, 169
Trd, 000177.283, 147
Trd, 000177.333, 161
Trd, 000177.867, 144
Trd, 000180.067, 160
Trd, 000180.300, 158
Trd, 000180.550, 142
Trd, 000181.367, 156
Trd, 000181.417, 160
Trd, 000181.900, 166
Trd, 000182.233, 149
Trd, 000183.533, 154
Trd, 000183.633, 153
Trd, 000185.100, 147
Trd, 000186.183, 130
Trd, 000187.067, 119
Trd, 000187.150, 126
Trd, 000187.700, 145
Trd, 000188.483, 156
Trd, 000188.867, 134
Trd, 000189.883, 169
Trd, 000191.083, 137
Trd, 000191.100, 150
Trd, 000191.867, 117
Trd, 000193.233, 147
Trd, 000193.650, 152
Trd, 000194.583, 152
Trd, 000196.417, 133
Trd, 000196.783, 144
Trd, 000197.067, 154
Trd, 000197.633, 156
Trd, 000197.883, 147
Trd, 000198.367, 165
Trd, 000200.167, 147
Trd, 000201.133, 161
Trd, 000201.250, 171
Trd, 000201.533, 143
Trd, 000201.550, 145
Trd, 000201.683, 115
Trd, 000204.233, 148
Trd, 000205.633, 152
Trd, 000205.867, 145
Trd, 000206.550, 148
Trd, 000207.017, 141
Trd, 000207.250, 153
Trd, 000207.300, 160
Trd, 000207.583, 183
Trd, 000207.700, 153
Trd, 000207.817, 150
Trd, 000209.217, 157
Trd, 000211.467, 158
Trd, 000211.717, 155
Trd, 000212.033, 157
Trd, 000212.633, 164
Trd, 000213.200, 181
Trd, 000214.383, 147
Trd, 000214.867, 163
Trd, 000216.033, 168
Trd, 000216.217, 144
Trd, 000216.883, 148
Trd, 000217.117, 144
Trd, 000217.167, 143
Trd, 000217.567, 156
Trd, 000217.683, 170
Trd, 000218.250, 131
Trd, 000218.983, 158
Trd, 000221.150, 157
Trd, 000221.633, 183
Trd, 000221.750, 137
Trd, 000221.917, 142
Trd, 000222.533, 159
Trd, 000222.567, 130
Trd, 000222.833, 163
Trd, 000223.533, 155
Trd, 000225.000, 135
Trd, 000226.550, 146
Trd, 000227.350, 155
Trd, 000227.517, 161
Trd, 000227.567, 154
Trd, 000228.350, 144
Trd, 000228.550, 166
Trd, 000228.967, 169
Trd, 000229.367, 144
Trd, 000231.783, 160
Trd, 000231.900, 149
Trd, 000232.033, 162
Trd, 000232.283, 166
Trd, 000232.933, 129
Trd, 000233.833, 135
Trd, 000233.850, 144
Trd, 000234.683, 145
Trd, 000236.433, 188
Trd, 000236.500, 143
Trd, 000236.767, 179
Trd, 000236.883, 169
Trd, 000237.017, 134
Trd, 000238.100, 177
Trd, 000239.300, 193
Trd, 000239.383, 180
Trd, 000241.300, 101
Trd, 000241.700, 168
Trd, 000241.900, 174
Trd, 000242.450, 143
Trd, 000242.667, 146
Trd, 000242.817, 151
Trd, 000242.850, 152
Trd, 000242.933, 166
Trd, 000243.133, 139
Trd, 000243.867, 152
Trd, 000245.400, 148
Trd, 000246.083, 166
Trd, 000246.350, 109
Trd, 000247.683, 184
Trd, 000247.967, 156
Trd, 000248.567, 156
Trd, 000248.683, 167
Trd, 000248.917, 151
Trd, 000249.817, 178
Trd, 000250.017, 151
Trd, 000250.917, 167
Trd, 000251.450, 168
Trd, 000252.100, 166
Trd, 000252.200, 162
Trd, 000252.233, 172
Trd, 000253.500, 154
Trd, 000253.783, 149
Trd, 000254.267, 145
Trd, 000256.400, 123
Trd, 000256.517, 187
Trd, 000257.050, 144
Trd, 000257.233, 160
Trd, 000257.600, 161
Trd, 000258.183, 135
Trd, 000258.533, 145
Trd, 000260.667, 162
Trd, 000260.883, 171
Trd, 000262.000, 185
Trd, 000262.633, 168
Trd, 000263.350, 173
Trd, 000263.667, 168
Trd, 000263.717, 158
Trd, 000263.733, 152
Trd, 000264.200, 160
Trd, 000265.267, 192
Trd, 000265.283, 160
Trd, 000266.067, 144
Trd, 000266.333, 157
Trd, 000266.367, 129
Trd, 000267.033, 184
Trd, 000267.067, 167
Trd, 000267.550, 175
Trd, 000267.717, 152
Trd, 000268.117, 169
Trd, 000269.467, 140
Trd, 000270.850, 135
Trd, 000271.017, 144
Trd, 000271.633, 180
Trd, 000271.700, 159
Trd, 000272.267, 151
Trd, 000272.450, 155
Trd, 000274.633, 173
Trd, 000276.533, 111
Trd, 000276.633, 145
Trd, 000276.767, 129
Trd, 000276.800, 147
Trd, 000277.017, 171
Trd, 000278.667, 154
Trd, 000280.633, 164
Trd, 000281.683, 187
Trd, 000281.800, 161
Trd, 000282.217, 158
Trd, 000282.583, 174
Trd, 000282.817, 157
Trd, 000282.983, 156
Trd, 000283.617, 152
Trd, 000283.867, 158
Trd, 000286.867, 160
Trd, 000287.283, 158
Trd, 000287.967, 170
Trd, 000288.117, 178
Trd, 000288.233, 172
Trd, 000288.383, 146
Trd, 000288.633, 135
Trd, 000289.017, 151
Trd, 000289.167, 144
Trd, 000289.500, 148
Trd, 000291.517, 151
Trd, 000291.817, 122
Trd, 000291.933, 156
Trd, 000292.933, 133
Trd, 000293.200, 145
Trd, 000293.567, 160
Trd, 000294.217, 148
Trd, 000296.683, 114
Trd, 000297.250, 140
Trd, 000297.283, 153
Trd, 000297.867, 153
Trd, 000297.883, 155
Trd, 000298.367, 151
Trd, 000299.667, 155
