Trd, 000005.100, 183
Trd, 000005.283, 177
Trd, 000005.417, 193
Trd, 000005.517, 167
Trd, 000007.000, 144
Trd, 000007.800, 143
Trd, 000008.400, 148
Trd, 000008.550, 167
Trd, 000008.833, 146
Trd, 000010.083, 180
Trd, 000011.417, 168
Trd, 000012.367, 159
Trd, 000013.133, 169
Trd, 000014.967, 153
Trd, 000015.217, 158
Trd, 000016.267, 140
Trd, 000016.500, 143
Trd, 000016.650, 157
Trd, 000016.950, 155
Trd, 000017.300, 168
Trd, 000018.800, 151
Trd, 000019.100, 158
Trd, 000020.350, 131
Trd, 000020.583, 134
Trd, 000020.800, 134
Trd, 000021.500, 146
Trd, 000021.983, 141
Trd, 000022.700, 162
Trd, 000024.333, 162
Trd, 000024.583, 150
Trd, 000025.367, 146
Trd, 000025.433, 158
Trd, 000025.550, 180
Trd, 000026.267, 165
Trd, 000026.567, 166
Trd, 000027.417, 153
Trd, 000027.650, 148
Trd, 000031.400, 196
Trd, 000031.683, 167
Trd, 000031.767, 163
Trd, 000032.533, 174
Trd, 000033.267, 156
Trd, 000034.083, 173
Trd, 000035.333, 174
Trd, 000035.717, 178
Trd, 000036.683, 163
Trd, 000036.883, 195
Trd, 000036.950, 153
Trd, 000037.450, 149
Trd, 000037.900, 175
Trd, 000039.867, 155
Trd, 000040.733, 155
Trd, 000040.917, 165
Trd, 000041.900, 176
Trd, 000042.150, 152
Trd, 000042.333, 151
Trd, 000042.367, 176
Trd, 000043.667, 171
Trd, 000043.683, 148
Trd, 000045.117, 157
Trd, 000045.883, 164
Trd, 000046.067, 164
Trd, 000046.367, 165
Trd, 000047.300, 178
Trd, 000047.467, 179
Trd, 000048.283, 180
Trd, 000050.117, 151
Trd, 000050.583, 148
Trd, 000050.933, 165
Trd, 000051.233, 152
Trd, 000051.517, 145
Trd, 000052.350, 161
Trd, 000054.317, 149
Trd, 000055.950, 170
Trd, 000056.900, 148
Trd, 000057.050, 146
Trd, 000057.133, 167
Trd, 000058.267, 168
Trd, 000059.900, 156
Trd, 000059.950, 153
Trd, 000060.567, 183
Trd, 000060.917, 165
Trd, 000061.233, 184
Trd, 000061.333, 152
Trd, 000062.867, 149
Trd, 000065.783, 172
Trd, 000065.833, 165
Trd, 000066.083, 173
Trd, 000067.250, 171
Trd, 000067.483, 175
Trd, 000068.367, 168
Trd, 000068.667, 160
Trd, 000070.250, 160
Trd, 000071.950, 166
Trd, 000072.000, 169
Trd, 000072.533, 152
Trd, 000072.633, 176
Trd, 000072.767, 172
Trd, 000073.967, 151
Trd, 000074.150, 149
Trd, 000075.500, 150
Trd, 000075.950, 169
Trd, 000076.183, 183
Trd, 000076.617, 151
Trd, 000080.783, 171
Trd, 000081.067, 166
Trd, 000081.650, 177
Trd, 000082.217, 163
Trd, 000082.450, 175
Trd, 000082.750, 157
Trd, 000083.783, 168
Trd, 000085.667, 194
Trd, 000086.050, 149
Trd, 000086.250, 148
Trd, 000086.583, 158
Trd, 000087.217, 173
Trd, 000087.767, 173
Trd, 000089.367, 145
Trd, 000090.450, 167
Trd, 000090.833, 166
Trd, 000090.917, 191
Trd, 000091.433, 162
Trd, 000092.250, 167
Trd, 000093.333, 164
Trd, 000094.250, 170
Trd, 000094.733, 155
Trd, 000096.867, 148
Trd, 000096.917, 150
Trd, 000097.383, 173
Trd, 000097.867, 160
Trd, 000097.967, 153
Trd, 000099.500, 155
Trd, 000101.133, 167
Trd, 000101.217, 192
Trd, 000102.133, 156
Trd, 000102.817, 160
Trd, 000102.983, 174
Trd, 000106.000, 168
Trd, 000106.700, 141
Trd, 000106.733, 139
Trd, 000106.933, 165
Trd, 000107.133, 161
Trd, 000108.767, 169
Trd, 000109.717, 154
Trd, 000110.950, 177
Trd, 000111.683, 150
Trd, 000111.800, 181
Trd, 000111.967, 139
Trd, 000112.433, 179
Trd, 000112.800, 161
Trd, 000113.250, 155
Trd, 000115.917, 152
Trd, 000115.950, 149
Trd, 000116.133, 144
Trd, 000117.133, 134
Trd, 000118.750, 172
Trd, 000119.617, 159
Trd, 000120.450, 157
Trd, 000121.133, 120
Trd, 000121.300, 134
Trd, 000121.617, 149
Trd, 000122.233, 129
Trd, 000122.333, 154
Trd, 000122.933, 159
Trd, 000123.450, 157
Trd, 000124.333, 153
Trd, 000126.050, 183
Trd, 000126.817, 167
Trd, 000127.300, 164
Trd, 000127.517, 156
Trd, 000127.883, 150
Trd, 000129.850, 150
Trd, 000130.567, 152
Trd, 000130.900, 178
Trd, 000131.017, 151
Trd, 000131.050, 153
Trd, 000131.317, 154
Trd, 000134.000, 135
Trd, 000134.433, 155
Trd, 000134.717, 156
Trd, 000135.933, 195
Trd, 000136.233, 188
Trd, 000136.317, 160
Trd, 000137.817, 174
Trd, 000138.200, 157
Trd, 000139.383, 155
Trd, 000141.483, 140
Trd, 000141.550, 161
Trd, 000141.800, 153
Trd, 000142.683, 143
Trd, 000142.917, 182
Trd, 000145.917, 168
Trd, 000146.400, 170
Trd, 000146.617, 172
Trd, 000148.600, 151
Trd, 000149.200, 164
Trd, 000150.650, 151
Trd, 000151.233, 166
Trd, 000151.667, 168
Trd, 000154.033, 174
Trd, 000154.950, 163
Trd, 000155.033, 161
Trd, 000155.767, 156
Trd, 000155.967, 188
Trd, 000156.417, 163
Trd, 000156.683, 166
Trd, 000159.100, 149
Trd, 000160.433, 147
Trd, 000161.200, 196
Trd, 000161.650, 155
Trd, 000161.883, 167
Trd, 000162.017, 172
Trd, 000163.267, 173
Trd, 000163.450, 168
Trd, 000164.017, 152
Trd, 000164.133, 147
Trd, 000166.550, 183
Trd, 000166.983, 155
Trd, 000167.700, 151
Trd, 000168.700, 171
Trd, 000168.733, 166
Trd, 000168.900, 142
Trd, 000169.650, 144
Trd, 000171.433, 152
Trd, 000171.583, 196
Trd, 000171.617, 151
Trd, 000173.600, 185
Trd, 000174.267, 164
Trd, 000175.083, 152
Trd, 000176.483, 162
Trd, 000176.500, 159
Trd, 000176.667, 189
Trd, 000179.250, 169
Trd, 000179.717, 174
Trd, 000181.350, 153
Trd, 000181.750, 154
Trd, 000182.400, 157
Trd, 000182.650, 152
Trd, 000183.033, 150
Trd, 000185.867, 146
Trd, 000186.233, 170
Trd, 000186.567, 176
Trd, 000187.083, 179
Trd, 000187.483, 151
Trd, 000187.667, 154
Trd, 000188.867, 143
Trd, 000189.867, 154
Trd, 000191.200, 185
Trd, 000192.167, 196
Trd, 000192.300, 154
Trd, 000192.700, 154
Trd, 000194.883, 156
Trd, 000196.333, 171
Trd, 000196.567, 155
Trd, 000197.033, 183
Trd, 000197.350, 146
Trd, 000197.400, 191
Trd, 000200.533, 156
Trd, 000201.117, 178
Trd, 000201.333, 163
Trd, 000201.367, 152
Trd, 000201.733, 166
Trd, 000201.917, 164
Trd, 000203.083, 152
Trd, 000204.817, 158
Trd, 000206.117, 160
Trd, 000206.600, 165
Trd, 000206.767, 173
Trd, 000208.350, 163
Trd, 000208.417, 156
Trd, 000211.283, 159
Trd, 000211.700, 150
Trd, 000212.083, 148
Trd, 000212.433, 149
Trd, 000213.217, 152
Trd, 000213.483, 153
Trd, 000213.733, 147
Trd, 000215.817, 157
Trd, 000216.300, 196
Trd, 000217.467, 177
Trd, 000217.600, 160
Trd, 000217.700, 160
Trd, 000218.717, 155
Trd, 000219.017, 153
Trd, 000221.917, 150
Trd, 000222.100, 154
Trd, 000224.767, 166
Trd, 000225.033, 165
Trd, 000225.100, 161
Trd, 000225.850, 181
Trd, 000226.317, 134
Trd, 000226.417, 135
Trd, 000226.500, 137
Trd, 000229.533, 155
Trd, 000230.067, 153
Trd, 000230.517, 147
Trd, 000231.333, 173
Trd, 000232.217, 160
Trd, 000232.750, 169
Trd, 000233.983, 169
Trd, 000235.783, 166
Trd, 000236.533, 148
Trd, 000236.633, 166
Trd, 000237.167, 173
Trd, 000237.500, 154
Trd, 000241.250, 121
Trd, 000241.533, 155
Trd, 000243.867, 185
Trd, 000245.333, 167
Trd, 000245.800, 163
Trd, 000246.267, 177
Trd, 000246.667, 165
Trd, 000246.983, 195
Trd, 000247.217, 171
Trd, 000247.467, 147
Trd, 000247.850, 184
Trd, 000251.450, 114
Trd, 000252.800, 154
Trd, 000252.950, 156
Trd, 000253.000, 161
Trd, 000253.033, 151
Trd, 000253.150, 164
Trd, 000253.617, 151
Trd, 000254.517, 151
Trd, 000256.667, 195
Trd, 000256.817, 152
Trd, 000256.950, 133
Trd, 000257.367, 172
Trd, 000257.700, 147
Trd, 000258.717, 145
Trd, 000261.850, 150
Trd, 000262.400, 167
Trd, 000262.550, 172
Trd, 000263.300, 157
Trd, 000266.383, 147
Trd, 000266.400, 153
Trd, 000268.083, 148
Trd, 000269.000, 155
Trd, 000269.117, 167
Trd, 000269.683, 160
Trd, 000271.633, 159
Trd, 000271.717, 166
Trd, 000272.717, 172
Trd, 000275.833, 158
Trd, 000276.067, 165
Trd, 000276.217, 154
Trd, 000276.283, 151
Trd, 000276.783, 152
Trd, 000276.983, 155
Trd, 000277.083, 142
Trd, 000277.100, 182
Trd, 000277.150, 147
Trd, 000278.650, 178
Trd, 000279.300, 163
Trd, 000281.583, 151
Trd, 000281.733, 146
Trd, 000282.417, 144
Trd, 000282.667, 135
Trd, 000283.033, 130
Trd, 000283.533, 174
Trd, 000283.967, 159
Trd, 000284.017, 160
Trd, 000284.850, 167
Trd, 000286.717, 134
Trd, 000286.867, 136
Trd, 000287.617, 149
Trd, 000288.050, 161
Trd, 000288.600, 149
Trd, 000291.950, 194
Trd, 000292.317, 165
Trd, 000293.817, 175
Trd, 000295.017, 148
Trd, 000297.017, 151
Trd, 000297.317, 166
Trd, 000297.483, 166
Trd, 000297.600, 167
Trd, 000298.133, 191
Trd, 000299.117, 175
