Trd, 000005.217, 149
Trd, 000005.400, 197
Trd, 000005.500, 171
Trd, 000005.533, 124
Trd, 000006.150, 132
Trd, 000007.400, 150
Trd, 000007.483, 158
Trd, 000008.700, 161
Trd, 000010.267, 180
Trd, 000010.783, 160
Trd, 000010.883, 157
Trd, 000011.533, 146
Trd, 000011.867, 150
Trd, 000012.233, 141
Trd, 000012.700, 161
Trd, 000013.033, 165
Trd, 000013.867, 158
Trd, 000014.417, 153
Trd, 000014.733, 139
Trd, 000015.317, 151
Trd, 000016.117, 163
Trd, 000016.233, 151
Trd, 000016.400, 152
Trd, 000016.917, 168
Trd, 000017.150, 151
Trd, 000018.483, 149
Trd, 000020.200, 170
Trd, 000020.717, 137
Trd, 000021.300, 146
Trd, 000021.400, 152
Trd, 000021.483, 155
Trd, 000021.617, 143
Trd, 000022.683, 155
Trd, 000023.033, 154
Trd, 000025.367, 179
Trd, 000025.567, 160
Trd, 000026.467, 185
Trd, 000026.983, 183
Trd, 000027.683, 176
Trd, 000027.817, 165
Trd, 000027.900, 158
Trd, 000027.967, 154
Trd, 000030.550, 189
Trd, 000030.567, 182
Trd, 000030.833, 144
Trd, 000031.233, 168
Trd, 000033.283, 171
Trd, 000033.350, 168
Trd, 000033.900, 178
Trd, 000034.200, 156
Trd, 000035.900, 170
Trd, 000035.933, 176
Trd, 000036.050, 174
Trd, 000036.300, 168
Trd, 000036.400, 184
Trd, 000037.933, 154
Trd, 000038.717, 150
Trd, 000038.800, 149
Trd, 000038.850, 148
Trd, 000040.533, 177
Trd, 000041.583, 177
Trd, 000041.733, 166
Trd, 000041.850, 161
Trd, 000042.667, 155
Trd, 000043.350, 172
Trd, 000044.433, 184
Trd, 000044.633, 143
Trd, 000045.567, 180
Trd, 000045.900, 166
Trd, 000046.083, 159
Trd, 000046.100, 184
Trd, 000046.350, 143
Trd, 000046.583, 141
Trd, 000047.250, 157
Trd, 000047.733, 139
Trd, 000048.383, 169
Trd, 000051.050, 141
Trd, 000051.167, 149
Trd, 000051.250, 162
Trd, 000051.483, 152
Trd, 000052.383, 176
Trd, 000052.900, 170
Trd, 000053.017, 176
Trd, 000055.167, 149
Trd, 000055.367, 167
Trd, 000055.700, 142
Trd, 000056.550, 168
Trd, 000056.633, 163
Trd, 000057.417, 165
Trd, 000057.633, 156
Trd, 000057.717, 153
Trd, 000057.883, 153
Trd, 000058.433, 165
Trd, 000060.767, 156
Trd, 000061.917, 162
Trd, 000062.400, 170
Trd, 000062.683, 163
Trd, 000062.933, 152
Trd, 000063.867, 168
Trd, 000065.100, 168
Trd, 000065.750, 145
Trd, 000066.067, 146
Trd, 000066.150, 155
Trd, 000066.200, 163
Trd, 000066.517, 142
Trd, 000067.233, 142
Trd, 000067.350, 155
Trd, 000069.417, 154
Trd, 000070.700, 193
Trd, 000070.867, 170
Trd, 000070.883, 164
Trd, 000072.000, 160
Trd, 000072.800, 142
Trd, 000072.867, 151
Trd, 000074.967, 163
Trd, 000075.600, 145
Trd, 000076.250, 184
Trd, 000076.500, 165
Trd, 000077.083, 155
Trd, 000077.267, 156
Trd, 000078.617, 145
Trd, 000079.183, 144
Trd, 000079.683, 143
Trd, 000079.850, 166
Trd, 000080.550, 163
Trd, 000081.067, 186
Trd, 000081.300, 167
Trd, 000081.350, 124
Trd, 000081.700, 167
Trd, 000081.933, 165
Trd, 000082.000, 183
Trd, 000083.200, 146
Trd, 000084.533, 164
Trd, 000085.167, 151
Trd, 000086.067, 175
Trd, 000086.167, 166
Trd, 000086.450, 179
Trd, 000086.483, 173
Trd, 000086.967, 149
Trd, 000087.083, 157
Trd, 000088.567, 147
Trd, 000091.067, 143
Trd, 000091.200, 141
Trd, 000091.367, 134
Trd, 000091.800, 167
Trd, 000092.350, 150
Trd, 000092.633, 175
Trd, 000093.300, 163
Trd, 000093.617, 151
Trd, 000093.783, 172
Trd, 000095.883, 188
Trd, 000095.900, 172
Trd, 000096.183, 171
Trd, 000096.333, 167
Trd, 000096.383, 165
Trd, 000098.733, 182
Trd, 000099.983, 164
Trd, 000101.050, 176
Trd, 000101.150, 171
Trd, 000101.583, 166
Trd, 000101.833, 162
Trd, 000103.400, 166
Trd, 000105.717, 172
Trd, 000105.800, 170
Trd, 000106.067, 164
Trd, 000106.733, 158
Trd, 000106.783, 160
Trd, 000107.133, 140
Trd, 000108.300, 184
Trd, 000108.350, 173
Trd, 000109.717, 145
Trd, 000110.583, 144
Trd, 000110.850, 150
Trd, 000111.067, 155
Trd, 000111.650, 177
Trd, 000111.717, 141
Trd, 000112.683, 165
Trd, 000113.233, 163
Trd, 000116.333, 168
Trd, 000116.583, 167
Trd, 000117.367, 175
Trd, 000117.500, 174
Trd, 000117.900, 169
Trd, 000118.483, 177
Trd, 000118.617, 144
Trd, 000119.067, 147
Trd, 000119.650, 155
Trd, 000120.933, 145
Trd, 000121.133, 165
Trd, 000121.433, 157
Trd, 000121.633, 137
Trd, 000122.350, 144
Trd, 000122.733, 151
Trd, 000122.967, 142
Trd, 000126.117, 174
Trd, 000126.817, 156
Trd, 000127.550, 157
Trd, 000128.117, 164
Trd, 000128.150, 166
Trd, 000128.317, 150
Trd, 000129.350, 146
Trd, 000130.000, 143
Trd, 000130.950, 141
Trd, 000131.400, 171
Trd, 000131.767, 162
Trd, 000132.417, 147
Trd, 000133.300, 145
Trd, 000135.200, 171
Trd, 000135.583, 159
Trd, 000136.133, 179
Trd, 000136.267, 182
Trd, 000136.483, 181
Trd, 000136.800, 164
Trd, 000136.867, 167
Trd, 000137.083, 155
Trd, 000137.833, 146
Trd, 000138.250, 132
Trd, 000141.283, 116
Trd, 000141.550, 171
Trd, 000142.050, 172
Trd, 000142.367, 184
Trd, 000143.000, 170
Trd, 000143.533, 165
Trd, 000145.783, 173
Trd, 000146.000, 137
Trd, 000146.267, 145
Trd, 000146.300, 123
Trd, 000147.867, 146
Trd, 000148.817, 163
Trd, 000149.583, 164
Trd, 000149.867, 166
Trd, 000150.417, 159
Trd, 000150.717, 174
Trd, 000151.267, 141
Trd, 000151.517, 173
Trd, 000152.017, 187
Trd, 000152.700, 180
Trd, 000152.967, 172
Trd, 000154.167, 155
Trd, 000155.033, 142
Trd, 000156.133, 141
Trd, 000156.300, 172
Trd, 000156.550, 177
Trd, 000157.950, 172
Trd, 000157.967, 162
Trd, 000158.633, 160
Trd, 000159.333, 163
Trd, 000160.533, 143
Trd, 000161.417, 186
Trd, 000161.783, 173
Trd, 000162.833, 176
Trd, 000163.550, 167
Trd, 000163.767, 161
Trd, 000163.817, 145
Trd, 000165.050, 181
Trd, 000165.117, 170
Trd, 000166.067, 147
Trd, 000166.150, 165
Trd, 000166.333, 179
Trd, 000166.567, 183
Trd, 000168.633, 129
Trd, 000171.200, 172
Trd, 000171.217, 163
Trd, 000171.517, 130
Trd, 000171.950, 162
Trd, 000172.317, 166
Trd, 000172.667, 152
Trd, 000174.367, 166
Trd, 000176.100, 172
Trd, 000176.350, 166
Trd, 000176.950, 174
Trd, 000177.267, 165
Trd, 000177.417, 171
Trd, 000177.450, 161
Trd, 000177.667, 147
Trd, 000178.350, 159
Trd, 000181.383, 155
Trd, 000181.683, 181
Trd, 000181.933, 166
Trd, 000181.967, 151
Trd, 000182.433, 173
Trd, 000182.767, 153
Trd, 000182.950, 167
Trd, 000184.400, 158
Trd, 000185.317, 139
Trd, 000186.483, 192
Trd, 000186.933, 180
Trd, 000186.983, 172
Trd, 000187.267, 177
Trd, 000187.650, 172
Trd, 000188.200, 164
Trd, 000189.183, 176
Trd, 000190.200, 165
Trd, 000190.750, 159
Trd, 000191.350, 183
Trd, 000191.450, 177
Trd, 000191.983, 167
Trd, 000193.300, 167
Trd, 000194.033, 163
Trd, 000195.533, 159
Trd, 000195.550, 161
Trd, 000196.800, 171
Trd, 000197.383, 167
Trd, 000197.667, 185
Trd, 000198.067, 144
Trd, 000198.133, 168
Trd, 000198.867, 151
Trd, 000200.967, 147
Trd, 000201.250, 167
Trd, 000202.717, 164
Trd, 000202.783, 153
Trd, 000205.833, 170
Trd, 000206.383, 159
Trd, 000207.633, 169
Trd, 000208.017, 168
Trd, 000208.333, 162
Trd, 000208.633, 148
Trd, 000210.433, 171
Trd, 000210.917, 174
Trd, 000211.550, 138
Trd, 000211.883, 150
Trd, 000211.933, 153
Trd, 000212.383, 161
Trd, 000212.767, 164
Trd, 000213.000, 170
Trd, 000215.100, 160
Trd, 000216.900, 164
Trd, 000217.650, 177
Trd, 000217.917, 185
Trd, 000219.033, 169
Trd, 000220.667, 170
Trd, 000220.783, 160
Trd, 000221.350, 200
Trd, 000221.650, 169
Trd, 000222.167, 177
Trd, 000222.283, 162
Trd, 000222.833, 168
Trd, 000223.067, 166
Trd, 000224.750, 169
Trd, 000225.267, 163
Trd, 000227.117, 165
Trd, 000227.400, 177
Trd, 000227.550, 183
Trd, 000227.567, 162
Trd, 000230.333, 177
Trd, 000230.850, 171
Trd, 000230.883, 169
Trd, 000232.000, 156
Trd, 000232.583, 167
Trd, 000233.083, 150
Trd, 000233.333, 160
Trd, 000233.650, 142
Trd, 000234.433, 165
Trd, 000236.400, 171
Trd, 000237.150, 145
Trd, 000237.250, 144
Trd, 000237.317, 179
Trd, 000237.717, 181
Trd, 000237.983, 172
Trd, 000239.433, 166
Trd, 000239.783, 149
Trd, 000240.967, 157
Trd, 000241.883, 165
Trd, 000242.200, 170
Trd, 000243.017, 161
Trd, 000243.367, 158
Trd, 000243.583, 156
Trd, 000243.617, 154
Trd, 000244.067, 152
Trd, 000244.583, 154
Trd, 000244.683, 170
Trd, 000246.850, 186
Trd, 000246.967, 181
Trd, 000247.250, 171
Trd, 000248.483, 182
Trd, 000248.567, 167
Trd, 000249.850, 188
Trd, 000250.300, 168
Trd, 000250.833, 156
Trd, 000251.950, 164
Trd, 000252.067, 159
Trd, 000253.450, 166
Trd, 000253.550, 148
Trd, 000254.550, 171
Trd, 000255.367, 166
Trd, 000255.733, 162
Trd, 000256.033, 183
Trd, 000256.400, 192
Trd, 000257.117, 177
Trd, 000257.767, 176
Trd, 000258.133, 171
Trd, 000258.217, 165
Trd, 000258.350, 165
Trd, 000258.667, 168
Trd, 000258.900, 154
Trd, 000260.033, 150
Trd, 000261.467, 178
Trd, 000262.000, 161
Trd, 000262.533, 167
Trd, 000264.350, 176
Trd, 000265.050, 165
Trd, 000265.983, 162
Trd, 000266.467, 168
Trd, 000266.800, 186
Trd, 000267.017, 162
Trd, 000267.083, 146
Trd, 000267.600, 170
Trd, 000268.317, 160
Trd, 000270.300, 151
Trd, 000271.800, 176
Trd, 000272.950, 170
Trd, 000273.467, 168
Trd, 000273.550, 161
Trd, 000274.683, 170
Trd, 000276.550, 154
Trd, 000276.583, 146
Trd, 000276.850, 161
Trd, 000277.500, 135
Trd, 000277.800, 146
Trd, 000278.183, 153
Trd, 000278.700, 135
Trd, 000280.117, 155
Trd, 000280.767, 153
Trd, 000281.617, 175
Trd, 000282.067, 151
Trd, 000282.217, 167
Trd, 000283.400, 168
Trd, 000284.133, 162
Trd, 000284.500, 175
Trd, 000285.000, 190
Trd, 000286.233, 158
Trd, 000286.450, 133
Trd, 000286.750, 157
Trd, 000286.850, 140
Trd, 000288.117, 167
Trd, 000290.200, 180
Trd, 000290.483, 167
Trd, 000291.083, 170
Trd, 000291.267, 178
Trd, 000292.050, 179
Trd, 000292.350, 167
Trd, 000292.367, 162
Trd, 000292.717, 152
Trd, 000292.983, 155
Trd, 000294.250, 161
Trd, 000295.300, 174
Trd, 000296.333, 149
Trd, 000297.183, 192
Trd, 000297.700, 171
Trd, 000299.100, 166
Trd, 000299.333, 161
Trd, 000299.533, 153
Trd, 000299.750, 154
