Trd, 000005.533, 184
Trd, 000005.550, 183
Trd, 000006.183, 157
Trd, 000006.417, 154
Trd, 000006.867, 144
Trd, 000007.150, 153
Trd, 000007.950, 140
Trd, 000010.317, 185
Trd, 000010.750, 200
Trd, 000011.933, 172
Trd, 000012.200, 153
Trd, 000015.467, 171
Trd, 000015.717, 176
Trd, 000015.767, 179
Trd, 000016.117, 172
Trd, 000016.217, 151
Trd, 000018.400, 142
Trd, 000019.233, 142
Trd, 000020.617, 181
Trd, 000021.000, 153
Trd, 000021.633, 145
Trd, 000023.867, 175
Trd, 000023.883, 152
Trd, 000024.433, 148
Trd, 000025.317, 125
Trd, 000026.100, 146
Trd, 000026.750, 172
Trd, 000027.150, 173
Trd, 000027.583, 157
Trd, 000028.150, 128
Trd, 000030.450, 197
Trd, 000031.350, 175
Trd, 000032.017, 164
Trd, 000032.400, 144
Trd, 000032.417, 139
Trd, 000035.083, 158
Trd, 000035.500, 186
Trd, 000036.033, 165
Trd, 000036.767, 171
Trd, 000037.483, 192
Trd, 000038.067, 171
Trd, 000038.483, 162
Trd, 000039.517, 150
Trd, 000040.583, 173
Trd, 000040.600, 145
Trd, 000041.233, 157
Trd, 000041.433, 182
Trd, 000045.900, 184
Trd, 000046.733, 162
Trd, 000046.750, 161
Trd, 000046.883, 163
Trd, 000047.367, 158
Trd, 000050.600, 180
Trd, 000050.900, 166
Trd, 000050.983, 153
Trd, 000051.183, 157
Trd, 000051.967, 158
Trd, 000053.033, 163
Trd, 000053.767, 166
Trd, 000055.650, 155
Trd, 000055.850, 144
Trd, 000055.867, 159
Trd, 000056.233, 135
Trd, 000056.267, 166
Trd, 000058.100, 169
Trd, 000060.683, 127
Trd, 000060.967, 126
Trd, 000061.150, 138
Trd, 000061.650, 164
Trd, 000061.767, 179
Trd, 000062.800, 181
Trd, 000064.867, 151
Trd, 000065.333, 153
Trd, 000065.783, 177
Trd, 000066.833, 184
Trd, 000066.900, 172
Trd, 000066.950, 168
Trd, 000067.100, 149
Trd, 000067.667, 141
Trd, 000067.867, 137
Trd, 000068.567, 180
Trd, 000070.867, 169
Trd, 000071.583, 173
Trd, 000071.933, 180
Trd, 000072.033, 165
Trd, 000072.267, 155
Trd, 000072.583, 164
Trd, 000073.833, 153
Trd, 000075.767, 163
Trd, 000076.867, 186
Trd, 000077.533, 166
Trd, 000077.767, 161
Trd, 000080.783, 156
Trd, 000081.583, 184
Trd, 000081.850, 183
Trd, 000082.067, 192
Trd, 000082.617, 149
Trd, 000084.233, 141
Trd, 000084.583, 164
Trd, 000085.433, 156
Trd, 000085.917, 124
Trd, 000085.967, 157
Trd, 000086.667, 171
Trd, 000086.933, 136
Trd, 000087.733, 165
Trd, 000087.967, 154
Trd, 000088.400, 156
Trd, 000089.467, 191
Trd, 000091.183, 151
Trd, 000091.517, 151
Trd, 000091.817, 150
Trd, 000091.933, 155
Trd, 000092.133, 137
Trd, 000094.083, 141
Trd, 000095.700, 136
Trd, 000095.817, 120
Trd, 000095.967, 185
Trd, 000097.017, 159
Trd, 000097.250, 181
Trd, 000098.100, 153
Trd, 000100.017, 145
Trd, 000100.850, 182
Trd, 000101.100, 142
Trd, 000101.283, 167
Trd, 000102.800, 147
Trd, 000103.200, 157
Trd, 000104.550, 155
Trd, 000105.800, 112
Trd, 000106.200, 198
Trd, 000106.417, 158
Trd, 000107.183, 175
Trd, 000109.000, 166
Trd, 000109.767, 145
Trd, 000110.750, 129
Trd, 000111.333, 153
Trd, 000111.617, 164
Trd, 000111.717, 166
Trd, 000113.100, 164
Trd, 000114.883, 160
Trd, 000115.650, 144
Trd, 000115.800, 162
Trd, 000116.017, 180
Trd, 000118.133, 139
Trd, 000118.183, 164
Trd, 000120.333, 144
Trd, 000121.067, 147
Trd, 000121.250, 189
Trd, 000123.700, 185
Trd, 000124.067, 150
Trd, 000125.133, 170
Trd, 000126.183, 162
Trd, 000126.400, 119
Trd, 000126.933, 160
Trd, 000128.383, 185
Trd, 000128.767, 169
Trd, 000129.650, 181
Trd, 000130.967, 165
Trd, 000131.000, 130
Trd, 000131.567, 167
Trd, 000132.367, 185
Trd, 000135.050, 157
Trd, 000135.850, 198
Trd, 000138.150, 171
Trd, 000138.733, 165
Trd, 000139.883, 137
Trd, 000141.700, 147
Trd, 000141.733, 162
Trd, 000141.833, 145
Trd, 000142.317, 129
Trd, 000142.533, 155
Trd, 000143.233, 162
Trd, 000143.350, 149
Trd, 000144.783, 186
Trd, 000145.883, 117
Trd, 000147.067, 186
Trd, 000147.600, 146
Trd, 000148.250, 164
Trd, 000148.433, 156
Trd, 000150.117, 153
Trd, 000151.233, 186
Trd, 000151.600, 190
Trd, 000152.433, 176
Trd, 000153.450, 142
Trd, 000153.950, 139
Trd, 000154.300, 179
Trd, 000155.233, 157
Trd, 000156.133, 188
Trd, 000156.350, 186
Trd, 000156.533, 199
Trd, 000156.667, 173
Trd, 000157.150, 151
Trd, 000157.450, 150
Trd, 000161.533, 146
Trd, 000161.717, 143
Trd, 000162.333, 182
Trd, 000162.633, 181
Trd, 000163.367, 165
Trd, 000164.450, 158
Trd, 000164.617, 154
Trd, 000165.633, 159
Trd, 000166.350, 181
Trd, 000166.917, 169
Trd, 000167.217, 144
Trd, 000167.333, 139
Trd, 000167.900, 150
Trd, 000171.067, 170
Trd, 000171.967, 146
Trd, 000172.200, 150
Trd, 000172.450, 181
Trd, 000173.333, 151
Trd, 000174.833, 159
Trd, 000175.917, 147
Trd, 000176.450, 196
Trd, 000176.633, 185
Trd, 000176.783, 175
Trd, 000176.983, 153
Trd, 000178.667, 164
Trd, 000180.750, 162
Trd, 000181.050, 146
Trd, 000181.500, 193
Trd, 000181.583, 184
Trd, 000183.717, 130
Trd, 000184.833, 149
Trd, 000185.100, 160
Trd, 000186.467, 199
Trd, 000186.583, 182
Trd, 000187.617, 168
Trd, 000187.983, 158
Trd, 000189.433, 144
Trd, 000190.550, 174
Trd, 000191.233, 147
Trd, 000191.650, 119
Trd, 000191.800, 156
Trd, 000193.833, 149
Trd, 000194.067, 124
Trd, 000194.850, 169
Trd, 000195.200, 147
Trd, 000196.067, 186
Trd, 000196.350, 172
Trd, 000196.700, 175
Trd, 000196.883, 161
Trd, 000197.383, 181
Trd, 000197.550, 189
Trd, 000200.000, 156
Trd, 000201.350, 147
Trd, 000201.700, 163
Trd, 000202.250, 157
Trd, 000203.400, 171
Trd, 000204.333, 157
Trd, 000206.717, 184
Trd, 000206.833, 167
Trd, 000207.683, 176
Trd, 000208.233, 154
Trd, 000208.467, 176
Trd, 000209.517, 166
Trd, 000211.283, 196
Trd, 000211.317, 151
Trd, 000211.917, 132
Trd, 000212.000, 167
Trd, 000212.683, 186
Trd, 000213.183, 169
Trd, 000214.117, 175
Trd, 000216.317, 151
Trd, 000216.933, 138
Trd, 000217.450, 164
Trd, 000217.550, 166
Trd, 000220.050, 166
Trd, 000220.967, 162
Trd, 000221.167, 118
Trd, 000221.383, 120
Trd, 000222.367, 138
Trd, 000222.767, 166
Trd, 000222.950, 159
Trd, 000223.500, 160
Trd, 000224.667, 168
Trd, 000224.883, 171
Trd, 000225.117, 162
Trd, 000226.300, 128
Trd, 000226.617, 149
Trd, 000227.867, 159
Trd, 000228.317, 178
Trd, 000230.550, 165
Trd, 000231.450, 160
Trd, 000231.717, 175
Trd, 000232.383, 170
Trd, 000232.633, 147
Trd, 000233.767, 168
Trd, 000233.917, 154
Trd, 000235.617, 185
Trd, 000236.500, 195
Trd, 000236.617, 184
Trd, 000236.917, 130
Trd, 000238.250, 167
Trd, 000241.217, 182
Trd, 000241.633, 162
Trd, 000241.767, 155
Trd, 000242.667, 158
Trd, 000242.850, 175
Trd, 000244.333, 170
Trd, 000246.233, 139
Trd, 000246.350, 145
Trd, 000247.417, 184
Trd, 000248.083, 158
Trd, 000248.633, 153
Trd, 000248.783, 165
Trd, 000248.900, 185
Trd, 000251.333, 161
Trd, 000251.850, 152
Trd, 000251.983, 151
Trd, 000252.083, 142
Trd, 000254.450, 170
Trd, 000255.433, 178
Trd, 000255.600, 150
Trd, 000256.783, 167
Trd, 000257.517, 157
Trd, 000257.917, 156
Trd, 000258.450, 170
Trd, 000259.450, 155
Trd, 000260.000, 140
Trd, 000261.417, 180
Trd, 000262.350, 150
Trd, 000263.400, 151
Trd, 000263.417, 161
Trd, 000263.483, 147
Trd, 000263.533, 141
Trd, 000264.467, 163
Trd, 000266.950, 186
Trd, 000268.567, 198
Trd, 000268.800, 184
Trd, 000269.517, 168
Trd, 000271.867, 170
Trd, 000272.483, 169
Trd, 000272.917, 170
Trd, 000274.567, 186
Trd, 000277.300, 190
Trd, 000277.633, 167
Trd, 000278.467, 183
Trd, 000278.617, 165
Trd, 000280.067, 151
Trd, 000281.867, 182
Trd, 000281.933, 150
Trd, 000282.317, 156
Trd, 000283.083, 126
Trd, 000283.750, 131
Trd, 000284.100, 149
Trd, 000284.167, 157
Trd, 000286.633, 118
Trd, 000287.583, 161
Trd, 000287.900, 167
Trd, 000288.217, 174
Trd, 000289.417, 149
Trd, 000289.717, 139
Trd, 000290.500, 131
Trd, 000291.650, 119
Trd, 000291.900, 155
Trd, 000292.333, 173
Trd, 000292.533, 149
Trd, 000292.717, 175
Trd, 000296.150, 165
Trd, 000296.900, 183
Trd, 000297.150, 148
Trd, 000297.367, 152
Trd, 000298.017, 158
