Trd, 000005.283, 109
Trd, 000005.400, 108
Trd, 000005.483, 160
Trd, 000005.667, 137
Trd, 000005.917, 132
Trd, 000006.333, 160
Trd, 000006.733, 179
Trd, 000007.467, 194
Trd, 000007.717, 177
Trd, 000011.317, 146
Trd, 000011.400, 156
Trd, 000011.617, 163
Trd, 000011.883, 152
Trd, 000012.067, 166
Trd, 000012.267, 163
Trd, 000013.017, 144
Trd, 000014.867, 176
Trd, 000015.100, 179
Trd, 000015.417, 175
Trd, 000015.717, 175
Trd, 000015.833, 173
Trd, 000017.183, 163
Trd, 000019.117, 176
Trd, 000020.317, 108
Trd, 000020.900, 166
Trd, 000021.083, 165
Trd, 000021.700, 171
Trd, 000022.583, 184
Trd, 000023.150, 163
Trd, 000023.450, 142
Trd, 000025.783, 141
Trd, 000025.833, 119
Trd, 000026.017, 153
Trd, 000026.033, 110
Trd, 000026.467, 157
Trd, 000028.750, 133
Trd, 000029.533, 146
Trd, 000031.050, 171
Trd, 000031.167, 169
Trd, 000031.233, 165
Trd, 000032.483, 146
Trd, 000032.533, 153
Trd, 000034.550, 150
Trd, 000035.700, 159
Trd, 000035.833, 137
Trd, 000036.267, 135
Trd, 000036.817, 136
Trd, 000037.050, 146
Trd, 000037.067, 152
Trd, 000039.100, 155
Trd, 000039.167, 128
Trd, 000039.350, 139
Trd, 000040.633, 136
Trd, 000041.033, 144
Trd, 000041.133, 145
Trd, 000041.450, 148
Trd, 000042.667, 152
Trd, 000042.767, 144
Trd, 000044.850, 129
Trd, 000045.333, 107
Trd, 000045.617, 145
Trd, 000045.700, 158
Trd, 000046.933, 167
Trd, 000047.050, 166
Trd, 000049.950, 169
Trd, 000050.550, 116
Trd, 000050.800, 151
Trd, 000051.717, 166
Trd, 000051.750, 164
Trd, 000051.933, 162
Trd, 000052.550, 140
Trd, 000055.550, 162
Trd, 000055.767, 171
Trd, 000056.183, 109
Trd, 000056.383, 158
Trd, 000057.100, 171
Trd, 000057.117, 127
Trd, 000057.250, 125
Trd, 000058.083, 177
Trd, 000060.583, 163
Trd, 000061.067, 153
Trd, 000062.100, 181
Trd, 000062.267, 171
Trd, 000062.650, 172
Trd, 000063.683, 175
Trd, 000064.917, 133
Trd, 000065.983, 141
Trd, 000066.067, 164
Trd, 000068.717, 175
Trd, 000068.750, 167
Trd, 000070.150, 177
Trd, 000070.717, 153
Trd, 000070.767, 150
Trd, 000070.983, 160
Trd, 000072.017, 154
Trd, 000073.733, 175
Trd, 000074.367, 160
Trd, 000075.833, 150
Trd, 000076.217, 170
Trd, 000076.317, 162
Trd, 000077.417, 147
Trd, 000080.050, 156
Trd, 000080.600, 142
Trd, 000080.950, 143
Trd, 000081.150, 116
Trd, 000081.300, 170
Trd, 000082.767, 171
Trd, 000082.917, 169
Trd, 000085.667, 113
Trd, 000086.133, 104
Trd, 000086.833, 155
Trd, 000087.133, 169
Trd, 000088.133, 161
Trd, 000089.783, 167
Trd, 000089.933, 152
Trd, 000090.950, 167
Trd, 000091.400, 175
Trd, 000091.800, 164
Trd, 000092.183, 163
Trd, 000093.317, 157
Trd, 000094.950, 139
Trd, 000096.000, 110
Trd, 000096.200, 110
Trd, 000096.850, 127
Trd, 000097.333, 135
Trd, 000098.733, 145
Trd, 000099.300, 133
Trd, 000099.600, 145
Trd, 000101.133, 150
Trd, 000101.283, 151
Trd, 000101.550, 179
Trd, 000101.617, 164
Trd, 000102.133, 148
Trd, 000102.267, 129
Trd, 000103.717, 165
Trd, 000104.450, 148
Trd, 000106.500, 169
Trd, 000106.800, 170
Trd, 000107.450, 166
Trd, 000107.533, 173
Trd, 000107.650, 162
Trd, 000108.900, 141
Trd, 000110.100, 161
Trd, 000110.800, 150
Trd, 000110.883, 106
Trd, 000111.150, 146
Trd, 000111.617, 142
Trd, 000112.067, 125
Trd, 000112.717, 130
Trd, 000115.917, 107
Trd, 000116.250, 178
Trd, 000116.350, 147
Trd, 000117.300, 177
Trd, 000117.417, 169
Trd, 000117.567, 148
Trd, 000118.717, 170
Trd, 000121.300, 149
Trd, 000121.317, 133
Trd, 000121.583, 181
Trd, 000121.967, 158
Trd, 000122.233, 155
Trd, 000122.300, 163
Trd, 000123.300, 177
Trd, 000125.700, 148
Trd, 000126.100, 149
Trd, 000126.433, 147
Trd, 000127.150, 154
Trd, 000127.300, 139
Trd, 000128.717, 153
Trd, 000130.400, 153
Trd, 000130.700, 158
Trd, 000131.000, 193
Trd, 000131.317, 169
Trd, 000131.333, 164
Trd, 000132.183, 159
Trd, 000132.433, 148
Trd, 000133.550, 147
Trd, 000134.733, 147
Trd, 000135.867, 166
Trd, 000136.033, 166
Trd, 000136.817, 127
Trd, 000137.017, 154
Trd, 000137.550, 170
Trd, 000139.133, 160
Trd, 000140.950, 143
Trd, 000141.183, 111
Trd, 000142.350, 175
Trd, 000143.083, 159
Trd, 000144.350, 155
Trd, 000145.800, 157
Trd, 000145.933, 120
Trd, 000146.300, 136
Trd, 000146.800, 158
Trd, 000147.650, 158
Trd, 000148.133, 147
Trd, 000150.650, 165
Trd, 000151.450, 187
Trd, 000151.717, 167
Trd, 000151.967, 161
Trd, 000153.050, 161
Trd, 000153.617, 172
Trd, 000154.167, 141
Trd, 000156.283, 145
Trd, 000156.450, 161
Trd, 000156.467, 150
Trd, 000156.500, 158
Trd, 000156.617, 159
Trd, 000159.117, 161
Trd, 000159.483, 162
Trd, 000161.200, 161
Trd, 000161.267, 160
Trd, 000161.817, 153
Trd, 000161.950, 147
Trd, 000162.583, 169
Trd, 000163.167, 173
Trd, 000166.333, 172
Trd, 000166.733, 162
Trd, 000168.050, 168
Trd, 000168.400, 154
Trd, 000168.633, 148
Trd, 000169.467, 172
Trd, 000169.917, 169
Trd, 000171.183, 118
Trd, 000171.317, 142
Trd, 000172.217, 140
Trd, 000172.317, 150
Trd, 000172.367, 135
Trd, 000172.383, 167
Trd, 000172.633, 134
Trd, 000175.783, 158
Trd, 000176.350, 161
Trd, 000176.800, 156
Trd, 000177.400, 167
Trd, 000178.167, 153
Trd, 000179.267, 158
Trd, 000180.917, 152
Trd, 000181.150, 146
Trd, 000181.317, 135
Trd, 000181.533, 149
Trd, 000182.017, 132
Trd, 000182.883, 162
Trd, 000184.417, 179
Trd, 000186.250, 170
Trd, 000186.400, 141
Trd, 000186.467, 140
Trd, 000186.683, 180
Trd, 000188.383, 154
Trd, 000188.467, 157
Trd, 000191.217, 168
Trd, 000191.717, 166
Trd, 000191.867, 143
Trd, 000192.233, 191
Trd, 000192.633, 161
Trd, 000192.833, 149
Trd, 000193.350, 126
Trd, 000193.567, 122
Trd, 000195.150, 183
Trd, 000196.483, 156
Trd, 000196.583, 142
Trd, 000197.300, 147
Trd, 000197.383, 160
Trd, 000197.783, 136
Trd, 000199.483, 171
Trd, 000201.400, 168
Trd, 000201.417, 148
Trd, 000201.450, 171
Trd, 000202.617, 174
Trd, 000202.683, 163
Trd, 000203.150, 159
Trd, 000203.650, 144
Trd, 000204.983, 175
Trd, 000206.517, 146
Trd, 000206.883, 126
Trd, 000207.317, 153
Trd, 000207.950, 167
Trd, 000208.267, 165
Trd, 000208.517, 138
Trd, 000209.683, 161
Trd, 000211.283, 191
Trd, 000211.717, 148
Trd, 000211.950, 165
Trd, 000212.733, 169
Trd, 000212.900, 148
Trd, 000213.250, 144
Trd, 000214.233, 140
Trd, 000215.717, 142
Trd, 000216.433, 196
Trd, 000216.650, 171
Trd, 000216.667, 160
Trd, 000216.700, 134
Trd, 000217.267, 172
Trd, 000220.900, 144
Trd, 000221.217, 115
Trd, 000222.383, 159
Trd, 000222.867, 163
Trd, 000223.467, 154
Trd, 000226.350, 145
Trd, 000226.733, 146
Trd, 000226.900, 124
Trd, 000226.933, 147
Trd, 000227.883, 138
Trd, 000230.983, 179
Trd, 000231.517, 135
Trd, 000231.633, 149
Trd, 000232.000, 168
Trd, 000232.750, 150
Trd, 000233.483, 170
Trd, 000235.183, 159
Trd, 000235.567, 158
Trd, 000235.917, 155
Trd, 000236.283, 138
Trd, 000236.417, 199
Trd, 000236.517, 161
Trd, 000237.367, 145
Trd, 000238.367, 143
Trd, 000238.733, 178
Trd, 000241.200, 121
Trd, 000241.583, 161
Trd, 000241.933, 184
Trd, 000242.467, 179
Trd, 000244.050, 159
Trd, 000246.600, 176
Trd, 000246.800, 174
Trd, 000248.617, 146
Trd, 000248.783, 141
Trd, 000249.500, 140
Trd, 000249.667, 134
Trd, 000250.067, 133
Trd, 000250.533, 143
Trd, 000251.017, 147
Trd, 000252.250, 167
Trd, 000252.633, 182
Trd, 000252.850, 162
Trd, 000253.067, 148
Trd, 000254.950, 148
Trd, 000255.600, 144
Trd, 000256.683, 199
Trd, 000256.933, 130
Trd, 000256.967, 140
Trd, 000257.400, 140
Trd, 000258.233, 132
Trd, 000258.383, 167
Trd, 000261.700, 188
Trd, 000261.733, 148
Trd, 000264.300, 141
Trd, 000264.800, 144
Trd, 000266.083, 158
Trd, 000266.650, 174
Trd, 000267.033, 108
Trd, 000267.150, 117
Trd, 000267.183, 140
Trd, 000268.633, 145
Trd, 000271.483, 111
Trd, 000271.600, 139
Trd, 000272.133, 138
Trd, 000272.367, 140
Trd, 000273.350, 154
Trd, 000274.133, 130
Trd, 000275.600, 145
Trd, 000276.550, 116
Trd, 000276.717, 116
Trd, 000277.033, 140
Trd, 000277.550, 147
Trd, 000279.017, 150
Trd, 000279.350, 200
Trd, 000279.950, 172
Trd, 000281.583, 113
Trd, 000281.783, 164
Trd, 000281.917, 107
Trd, 000282.467, 142
Trd, 000283.767, 172
Trd, 000285.483, 175
Trd, 000286.467, 154
Trd, 000286.583, 109
Trd, 000286.733, 148
Trd, 000287.183, 168
Trd, 000287.783, 164
Trd, 000289.317, 166
Trd, 000290.367, 157
Trd, 000292.217, 180
Trd, 000292.733, 175
Trd, 000292.950, 164
Trd, 000293.283, 153
Trd, 000293.800, 158
Trd, 000294.550, 146
Trd, 000296.600, 120
Trd, 000296.683, 162
Trd, 000296.783, 184
Trd, 000297.117, 139
Trd, 000297.567, 142
Trd, 000299.333, 153
Trd, 000299.383, 170
