Trd, 000005.233, 198
Trd, 000005.467, 167
Trd, 000005.650, 147
Trd, 000006.017, 140
Trd, 000006.067, 137
Trd, 000006.150, 138
Trd, 000006.167, 136
Trd, 000006.700, 151
Trd, 000006.867, 157
Trd, 000011.050, 170
Trd, 000011.167, 150
Trd, 000013.583, 143
Trd, 000015.867, 160
Trd, 000016.383, 176
Trd, 000017.483, 152
Trd, 000018.967, 149
Trd, 000019.133, 142
Trd, 000019.467, 140
Trd, 000021.283, 176
Trd, 000021.400, 161
Trd, 000021.800, 167
Trd, 000021.867, 155
Trd, 000022.233, 146
Trd, 000023.383, 144
Trd, 000024.900, 141
Trd, 000025.317, 196
Trd, 000026.367, 148
Trd, 000026.550, 158
Trd, 000027.417, 161
Trd, 000028.617, 140
Trd, 000029.717, 153
Trd, 000030.517, 151
Trd, 000031.750, 155
Trd, 000034.333, 153
Trd, 000034.400, 160
Trd, 000034.683, 135
Trd, 000035.083, 136
Trd, 000035.267, 189
Trd, 000036.033, 150
Trd, 000036.267, 151
Trd, 000037.417, 152
Trd, 000039.600, 147
Trd, 000039.667, 154
Trd, 000039.700, 146
Trd, 000041.167, 150
Trd, 000041.533, 182
Trd, 000041.967, 167
Trd, 000042.550, 158
Trd, 000043.767, 156
Trd, 000044.033, 152
Trd, 000044.383, 169
Trd, 000045.150, 150
Trd, 000045.850, 147
Trd, 000046.200, 149
Trd, 000047.450, 150
Trd, 000050.033, 154
Trd, 000050.233, 149
Trd, 000051.267, 171
Trd, 000051.383, 172
Trd, 000051.550, 158
Trd, 000052.550, 142
Trd, 000053.283, 139
Trd, 000054.117, 139
Trd, 000055.400, 166
Trd, 000056.300, 158
Trd, 000056.733, 158
Trd, 000057.750, 167
Trd, 000058.450, 147
Trd, 000058.750, 141
Trd, 000060.750, 199
Trd, 000063.700, 165
Trd, 000064.083, 153
Trd, 000064.650, 156
Trd, 000066.133, 141
Trd, 000066.750, 157
Trd, 000066.850, 165
Trd, 000067.100, 136
Trd, 000067.667, 137
Trd, 000068.083, 140
Trd, 000068.283, 161
Trd, 000069.050, 150
Trd, 000069.950, 151
Trd, 000070.583, 148
Trd, 000070.983, 135
Trd, 000071.000, 149
Trd, 000071.450, 176
Trd, 000071.683, 145
Trd, 000073.983, 161
Trd, 000074.383, 159
Trd, 000075.817, 120
Trd, 000076.333, 149
Trd, 000076.350, 143
Trd, 000077.100, 167
Trd, 000079.750, 161
Trd, 000080.217, 155
Trd, 000081.067, 155
Trd, 000081.483, 152
Trd, 000082.033, 141
Trd, 000082.600, 158
Trd, 000082.650, 160
Trd, 000083.067, 161
Trd, 000085.850, 200
Trd, 000087.450, 151
Trd, 000087.500, 150
Trd, 000087.917, 146
Trd, 000088.567, 146
Trd, 000088.733, 144
Trd, 000089.400, 144
Trd, 000090.583, 174
Trd, 000091.100, 178
Trd, 000091.617, 171
Trd, 000091.683, 144
Trd, 000091.767, 172
Trd, 000091.933, 129
Trd, 000092.100, 139
Trd, 000093.333, 135
Trd, 000095.617, 189
Trd, 000095.867, 165
Trd, 000096.083, 161
Trd, 000096.550, 164
Trd, 000097.017, 157
Trd, 000100.717, 198
Trd, 000100.783, 150
Trd, 000101.867, 167
Trd, 000101.933, 163
Trd, 000102.850, 162
Trd, 000103.683, 144
Trd, 000106.117, 115
Trd, 000107.133, 148
Trd, 000107.283, 147
Trd, 000107.350, 160
Trd, 000108.017, 161
Trd, 000109.600, 159
Trd, 000109.833, 148
Trd, 000110.667, 155
Trd, 000111.067, 160
Trd, 000111.300, 148
Trd, 000111.417, 142
Trd, 000112.583, 156
Trd, 000113.933, 151
Trd, 000114.600, 140
Trd, 000116.283, 135
Trd, 000117.467, 144
Trd, 000117.533, 132
Trd, 000117.600, 158
Trd, 000117.717, 141
Trd, 000121.550, 199
Trd, 000122.050, 167
Trd, 000123.100, 173
Trd, 000123.150, 154
Trd, 000123.550, 153
Trd, 000124.600, 138
Trd, 000125.650, 146
Trd, 000126.083, 163
Trd, 000126.600, 166
Trd, 000126.833, 155
Trd, 000126.950, 150
Trd, 000127.667, 158
Trd, 000128.283, 143
Trd, 000128.433, 180
Trd, 000129.200, 184
Trd, 000131.717, 141
Trd, 000131.750, 146
Trd, 000132.833, 144
Trd, 000133.283, 139
Trd, 000133.983, 170
Trd, 000136.150, 195
Trd, 000136.550, 152
Trd, 000136.967, 186
Trd, 000137.600, 160
Trd, 000137.683, 155
Trd, 000140.083, 166
Trd, 000141.500, 150
Trd, 000141.950, 183
Trd, 000141.983, 172
Trd, 000142.433, 177
Trd, 000142.700, 164
Trd, 000143.667, 155
Trd, 000143.883, 166
Trd, 000144.000, 143
Trd, 000146.450, 144
Trd, 000147.167, 151
Trd, 000147.500, 161
Trd, 000147.967, 155
Trd, 000148.500, 175
Trd, 000149.683, 153
Trd, 000149.700, 153
Trd, 000150.783, 152
Trd, 000151.550, 131
Trd, 000152.833, 158
Trd, 000153.017, 149
Trd, 000153.400, 149
Trd, 000154.500, 138
Trd, 000154.550, 157
Trd, 000155.733, 147
Trd, 000156.867, 188
Trd, 000157.517, 157
Trd, 000159.967, 151
Trd, 000160.850, 134
Trd, 000161.250, 199
Trd, 000162.850, 150
Trd, 000162.967, 155
Trd, 000163.100, 148
Trd, 000164.200, 153
Trd, 000165.433, 139
Trd, 000166.200, 190
Trd, 000168.100, 146
Trd, 000169.000, 152
Trd, 000171.283, 147
Trd, 000171.650, 171
Trd, 000171.767, 187
Trd, 000171.950, 156
Trd, 000172.550, 153
Trd, 000173.417, 146
Trd, 000176.483, 194
Trd, 000176.550, 147
Trd, 000177.217, 152
Trd, 000177.633, 170
Trd, 000178.350, 161
Trd, 000178.600, 138
Trd, 000179.817, 153
Trd, 000181.667, 164
Trd, 000182.150, 187
Trd, 000182.417, 159
Trd, 000183.517, 160
Trd, 000184.100, 165
Trd, 000184.117, 154
Trd, 000185.300, 131
Trd, 000185.617, 132
Trd, 000186.400, 138
Trd, 000186.867, 168
Trd, 000189.117, 158
Trd, 000189.867, 146
Trd, 000190.417, 145
Trd, 000191.400, 159
Trd, 000191.533, 129
Trd, 000191.933, 130
Trd, 000192.100, 145
Trd, 000192.250, 159
Trd, 000194.100, 139
Trd, 000194.517, 143
Trd, 000196.050, 154
Trd, 000196.467, 198
Trd, 000197.350, 162
Trd, 000198.550, 158
Trd, 000198.600, 143
Trd, 000199.283, 138
Trd, 000199.867, 153
Trd, 000201.350, 173
Trd, 000202.817, 151
Trd, 000202.933, 145
Trd, 000203.600, 150
Trd, 000204.033, 147
Trd, 000206.483, 138
Trd, 000206.600, 164
Trd, 000207.033, 151
Trd, 000207.217, 160
Trd, 000207.600, 147
Trd, 000207.767, 174
Trd, 000208.150, 137
Trd, 000208.450, 141
Trd, 000210.617, 157
Trd, 000211.250, 190
Trd, 000211.617, 181
Trd, 000211.783, 186
Trd, 000213.067, 166
Trd, 000216.700, 159
Trd, 000217.233, 153
Trd, 000218.133, 149
Trd, 000219.767, 146
Trd, 000222.267, 150
Trd, 000223.167, 164
Trd, 000224.217, 154
Trd, 000225.217, 132
Trd, 000225.500, 146
Trd, 000226.467, 179
Trd, 000226.917, 137
Trd, 000227.550, 146
Trd, 000227.950, 168
Trd, 000228.767, 169
Trd, 000228.800, 147
Trd, 000231.533, 136
Trd, 000231.667, 146
Trd, 000233.167, 151
Trd, 000237.033, 132
Trd, 000237.667, 167
Trd, 000238.633, 153
Trd, 000239.717, 154
Trd, 000241.867, 197
Trd, 000241.983, 146
Trd, 000243.267, 158
Trd, 000244.917, 159
Trd, 000245.917, 157
Trd, 000246.100, 161
Trd, 000246.683, 174
Trd, 000248.650, 159
Trd, 000249.917, 150
Trd, 000250.517, 150
Trd, 000251.950, 200
Trd, 000254.483, 161
Trd, 000254.717, 161
Trd, 000255.283, 156
Trd, 000256.583, 124
Trd, 000257.517, 160
Trd, 000257.600, 154
Trd, 000257.783, 161
Trd, 000258.050, 150
Trd, 000258.650, 155
Trd, 000259.350, 151
Trd, 000260.800, 164
Trd, 000263.067, 144
Trd, 000263.717, 147
Trd, 000264.617, 151
Trd, 000266.950, 190
Trd, 000267.600, 153
Trd, 000268.000, 167
Trd, 000269.733, 164
Trd, 000270.133, 167
Trd, 000271.083, 154
Trd, 000271.533, 121
Trd, 000271.633, 198
Trd, 000272.133, 141
Trd, 000272.600, 144
Trd, 000276.467, 193
Trd, 000276.800, 143
Trd, 000277.017, 137
Trd, 000277.183, 154
Trd, 000278.383, 155
Trd, 000279.317, 138
Trd, 000280.100, 161
Trd, 000282.617, 134
Trd, 000282.717, 151
Trd, 000282.850, 156
Trd, 000284.700, 155
Trd, 000286.333, 157
Trd, 000287.517, 195
Trd, 000288.183, 165
Trd, 000288.450, 170
Trd, 000289.000, 158
Trd, 000291.267, 163
Trd, 000291.683, 148
Trd, 000292.083, 129
Trd, 000293.017, 150
Trd, 000294.217, 161
Trd, 000294.967, 176
Trd, 000295.467, 175
Trd, 000295.533, 167
Trd, 000296.517, 193
Trd, 000297.117, 180
Trd, 000297.300, 161
Trd, 000297.950, 151
Trd, 000298.100, 148
Trd, 000299.950, 157
