Trd, 000005.617, 120
Trd, 000005.700, 126
Trd, 000005.833, 149
Trd, 000006.600, 151
Trd, 000008.483, 167
Trd, 000009.550, 142
Trd, 000010.617, 178
Trd, 000010.717, 149
Trd, 000010.783, 179
Trd, 000012.950, 168
Trd, 000013.250, 161
Trd, 000014.500, 164
Trd, 000015.717, 153
Trd, 000016.950, 155
Trd, 000017.283, 151
Trd, 000017.500, 147
Trd, 000018.117, 170
Trd, 000019.900, 143
Trd, 000020.483, 166
Trd, 000020.750, 145
Trd, 000021.150, 134
Trd, 000021.300, 174
Trd, 000021.800, 169
Trd, 000023.433, 158
Trd, 000025.967, 167
Trd, 000026.067, 153
Trd, 000026.233, 155
Trd, 000028.917, 148
Trd, 000029.733, 147
Trd, 000030.600, 117
Trd, 000031.067, 134
Trd, 000032.300, 157
Trd, 000032.783, 170
Trd, 000033.217, 159
Trd, 000035.733, 146
Trd, 000035.767, 148
Trd, 000036.400, 152
Trd, 000036.650, 150
Trd, 000040.117, 165
Trd, 000040.383, 158
Trd, 000041.650, 180
Trd, 000043.333, 147
Trd, 000043.600, 151
Trd, 000044.133, 144
Trd, 000044.517, 136
Trd, 000045.517, 158
Trd, 000045.933, 145
Trd, 000046.417, 144
Trd, 000046.433, 146
Trd, 000047.450, 151
Trd, 000050.367, 135
Trd, 000051.117, 169
Trd, 000051.450, 145
Trd, 000051.500, 144
Trd, 000051.650, 157
Trd, 000051.917, 129
Trd, 000052.433, 168
Trd, 000053.150, 150
Trd, 000054.783, 145
Trd, 000055.433, 133
Trd, 000055.917, 164
Trd, 000056.033, 159
Trd, 000056.300, 158
Trd, 000056.617, 180
Trd, 000057.783, 175
Trd, 000060.133, 142
Trd, 000062.200, 148
Trd, 000062.633, 152
Trd, 000063.167, 142
Trd, 000063.483, 140
Trd, 000064.117, 141
Trd, 000064.833, 137
Trd, 000065.133, 144
Trd, 000066.150, 141
Trd, 000066.867, 154
Trd, 000068.333, 146
Trd, 000068.583, 146
Trd, 000070.617, 142
Trd, 000070.633, 138
Trd, 000070.717, 119
Trd, 000071.333, 138
Trd, 000071.667, 123
Trd, 000072.433, 140
Trd, 000075.300, 158
Trd, 000075.550, 147
Trd, 000075.800, 137
Trd, 000077.083, 168
Trd, 000077.500, 167
Trd, 000078.450, 160
Trd, 000078.700, 158
Trd, 000079.417, 184
Trd, 000080.583, 163
Trd, 000080.783, 172
Trd, 000082.400, 150
Trd, 000083.133, 155
Trd, 000083.650, 150
Trd, 000084.233, 154
Trd, 000086.033, 158
Trd, 000087.283, 165
Trd, 000087.317, 154
Trd, 000087.433, 161
Trd, 000087.883, 169
Trd, 000088.583, 141
Trd, 000089.317, 152
Trd, 000089.850, 154
Trd, 000092.367, 157
Trd, 000092.850, 147
Trd, 000095.050, 156
Trd, 000095.767, 157
Trd, 000097.517, 144
Trd, 000097.833, 135
Trd, 000098.733, 169
Trd, 000100.050, 164
Trd, 000101.333, 159
Trd, 000101.750, 168
Trd, 000101.900, 156
Trd, 000102.633, 157
Trd, 000104.167, 142
Trd, 000105.000, 137
Trd, 000105.517, 137
Trd, 000106.150, 158
Trd, 000106.350, 133
Trd, 000106.400, 179
Trd, 000107.250, 165
Trd, 000108.517, 148
Trd, 000110.417, 152
Trd, 000111.133, 161
Trd, 000111.450, 155
Trd, 000111.750, 158
Trd, 000112.483, 149
Trd, 000113.800, 154
Trd, 000116.217, 129
Trd, 000116.617, 131
Trd, 000116.900, 114
Trd, 000117.467, 140
Trd, 000117.900, 155
Trd, 000118.150, 166
Trd, 000120.650, 149
Trd, 000120.883, 152
Trd, 000121.017, 142
Trd, 000121.367, 142
Trd, 000121.950, 154
Trd, 000122.717, 137
Trd, 000122.983, 145
Trd, 000124.533, 162
Trd, 000125.000, 168
Trd, 000125.917, 134
Trd, 000126.817, 157
Trd, 000128.167, 153
Trd, 000128.250, 153
Trd, 000128.267, 146
Trd, 000128.333, 143
Trd, 000129.283, 164
Trd, 000130.900, 149
Trd, 000132.867, 147
Trd, 000133.683, 143
Trd, 000134.517, 165
Trd, 000135.083, 160
Trd, 000136.567, 144
Trd, 000136.600, 145
Trd, 000137.100, 141
Trd, 000138.050, 157
Trd, 000138.933, 159
Trd, 000139.400, 153
Trd, 000139.867, 146
Trd, 000140.783, 136
Trd, 000141.033, 157
Trd, 000141.567, 137
Trd, 000141.667, 139
Trd, 000141.833, 169
Trd, 000144.567, 180
Trd, 000146.067, 157
Trd, 000146.433, 181
Trd, 000146.867, 154
Trd, 000147.450, 155
Trd, 000147.567, 153
Trd, 000151.117, 153
Trd, 000151.200, 147
Trd, 000151.383, 143
Trd, 000151.883, 136
Trd, 000152.183, 134
Trd, 000153.050, 167
Trd, 000156.233, 152
Trd, 000156.300, 147
Trd, 000156.883, 160
Trd, 000156.967, 169
Trd, 000158.833, 169
Trd, 000159.517, 158
Trd, 000161.150, 144
Trd, 000161.383, 158
Trd, 000162.150, 176
Trd, 000163.133, 173
Trd, 000167.383, 162
Trd, 000168.133, 157
Trd, 000169.333, 147
Trd, 000170.567, 158
Trd, 000171.683, 160
Trd, 000172.333, 165
Trd, 000172.833, 158
Trd, 000173.033, 142
Trd, 000173.517, 162
Trd, 000175.083, 163
Trd, 000176.567, 144
Trd, 000176.683, 159
Trd, 000177.083, 137
Trd, 000177.433, 143
Trd, 000178.117, 153
Trd, 000179.117, 158
Trd, 000181.300, 155
Trd, 000181.833, 143
Trd, 000182.100, 148
Trd, 000183.067, 170
Trd, 000183.400, 170
Trd, 000183.533, 186
Trd, 000185.167, 191
Trd, 000185.633, 141
Trd, 000186.150, 138
Trd, 000187.017, 151
Trd, 000187.150, 138
Trd, 000187.233, 134
Trd, 000187.317, 160
Trd, 000188.217, 163
Trd, 000190.450, 130
Trd, 000191.367, 132
Trd, 000191.550, 142
Trd, 000191.767, 157
Trd, 000191.900, 146
Trd, 000192.217, 180
Trd, 000193.633, 187
Trd, 000193.717, 162
Trd, 000196.517, 176
Trd, 000196.833, 153
Trd, 000197.167, 171
Trd, 000199.500, 151
Trd, 000199.933, 173
Trd, 000200.300, 160
Trd, 000201.367, 157
Trd, 000202.067, 144
Trd, 000202.433, 158
Trd, 000202.667, 141
Trd, 000203.700, 160
Trd, 000206.283, 174
Trd, 000206.850, 158
Trd, 000207.967, 158
Trd, 000208.033, 143
Trd, 000208.967, 162
Trd, 000209.467, 146
Trd, 000211.550, 157
Trd, 000211.717, 140
Trd, 000212.683, 149
Trd, 000213.167, 136
Trd, 000215.933, 152
Trd, 000216.517, 141
Trd, 000216.783, 134
Trd, 000217.000, 146
Trd, 000217.617, 141
Trd, 000221.533, 157
Trd, 000223.533, 147
Trd, 000223.583, 160
Trd, 000223.783, 144
Trd, 000224.200, 143
Trd, 000225.600, 135
Trd, 000226.333, 125
Trd, 000226.783, 142
Trd, 000227.067, 158
Trd, 000227.850, 153
Trd, 000228.833, 158
Trd, 000230.283, 153
Trd, 000231.650, 155
Trd, 000231.817, 151
Trd, 000232.500, 157
Trd, 000233.100, 161
Trd, 000234.317, 165
Trd, 000234.417, 152
Trd, 000234.750, 153
Trd, 000236.400, 110
Trd, 000236.817, 158
Trd, 000236.867, 158
Trd, 000237.167, 141
Trd, 000239.867, 154
Trd, 000241.883, 156
Trd, 000242.133, 150
Trd, 000244.517, 153
Trd, 000245.383, 153
Trd, 000245.567, 159
Trd, 000246.083, 166
Trd, 000246.467, 176
Trd, 000247.050, 172
Trd, 000248.467, 158
Trd, 000249.483, 145
Trd, 000251.617, 158
Trd, 000252.517, 144
Trd, 000253.133, 132
Trd, 000254.017, 165
Trd, 000256.083, 140
Trd, 000256.533, 118
Trd, 000256.600, 127
Trd, 000257.850, 143
Trd, 000258.817, 150
Trd, 000259.100, 162
Trd, 000259.517, 159
Trd, 000262.050, 149
Trd, 000262.433, 141
Trd, 000265.517, 161
Trd, 000266.967, 157
Trd, 000267.700, 157
Trd, 000268.650, 167
Trd, 000268.683, 160
Trd, 000269.833, 152
Trd, 000270.517, 143
Trd, 000271.533, 175
Trd, 000271.833, 182
Trd, 000271.933, 158
Trd, 000273.117, 154
Trd, 000274.067, 160
Trd, 000274.617, 154
Trd, 000276.633, 142
Trd, 000276.867, 142
Trd, 000277.400, 138
Trd, 000278.417, 158
Trd, 000278.983, 149
Trd, 000279.583, 163
Trd, 000281.783, 141
Trd, 000281.983, 140
Trd, 000282.000, 145
Trd, 000282.233, 154
Trd, 000283.950, 171
Trd, 000284.350, 150
Trd, 000285.850, 151
Trd, 000286.683, 144
Trd, 000287.167, 156
Trd, 000287.650, 158
Trd, 000288.250, 169
Trd, 000292.067, 119
Trd, 000292.317, 137
Trd, 000292.767, 157
Trd, 000293.450, 171
Trd, 000294.700, 144
Trd, 000295.750, 171
Trd, 000296.300, 158
Trd, 000296.867, 144
Trd, 000297.617, 142
Trd, 000297.800, 139
Trd, 000297.850, 147
Trd, 000298.200, 152
Trd, 000299.883, 167
