Trd, 000005.383, 145
Trd, 000005.650, 159
Trd, 000005.767, 134
Trd, 000005.883, 159
Trd, 000006.217, 164
Trd, 000007.283, 164
Trd, 000007.650, 160
Trd, 000008.683, 153
Trd, 000009.300, 165
Trd, 000009.950, 142
Trd, 000010.983, 146
Trd, 000011.783, 135
Trd, 000013.000, 140
Trd, 000013.783, 132
Trd, 000015.200, 175
Trd, 000015.350, 142
Trd, 000015.567, 124
Trd, 000016.517, 145
Trd, 000016.783, 133
Trd, 000016.967, 155
Trd, 000018.983, 167
Trd, 000020.250, 137
Trd, 000020.783, 127
Trd, 000023.267, 150
Trd, 000023.600, 152
Trd, 000024.867, 145
Trd, 000025.800, 154
Trd, 000025.817, 130
Trd, 000025.917, 126
Trd, 000026.900, 162
Trd, 000027.250, 151
Trd, 000027.700, 134
Trd, 000030.417, 121
Trd, 000030.650, 138
Trd, 000030.800, 154
Trd, 000031.167, 141
Trd, 000031.883, 155
Trd, 000034.033, 146
Trd, 000035.967, 167
Trd, 000036.317, 132
Trd, 000038.383, 162
Trd, 000038.567, 161
Trd, 000039.317, 135
Trd, 000041.233, 160
Trd, 000041.400, 160
Trd, 000041.467, 134
Trd, 000041.833, 133
Trd, 000042.133, 130
Trd, 000042.617, 127
Trd, 000042.883, 151
Trd, 000043.483, 141
Trd, 000045.717, 149
Trd, 000046.233, 175
Trd, 000046.617, 152
Trd, 000047.667, 147
Trd, 000050.833, 149
Trd, 000053.250, 156
Trd, 000053.617, 161
Trd, 000053.633, 152
Trd, 000054.517, 145
Trd, 000054.750, 139
Trd, 000054.867, 171
Trd, 000055.933, 164
Trd, 000057.483, 185
Trd, 000057.833, 149
Trd, 000057.983, 145
Trd, 000058.700, 148
Trd, 000059.250, 140
Trd, 000060.683, 133
Trd, 000060.817, 135
Trd, 000061.000, 150
Trd, 000061.500, 159
Trd, 000062.200, 159
Trd, 000062.583, 153
Trd, 000065.633, 133
Trd, 000066.017, 157
Trd, 000066.333, 144
Trd, 000067.267, 157
Trd, 000067.633, 163
Trd, 000069.417, 147
Trd, 000070.333, 148
Trd, 000071.000, 149
Trd, 000071.367, 147
Trd, 000071.700, 126
Trd, 000072.167, 143
Trd, 000073.333, 171
Trd, 000073.683, 171
Trd, 000074.967, 146
Trd, 000076.400, 148
Trd, 000076.517, 124
Trd, 000076.967, 123
Trd, 000077.283, 125
Trd, 000077.433, 151
Trd, 000078.767, 153
Trd, 000079.117, 156
Trd, 000080.367, 177
Trd, 000080.417, 180
Trd, 000080.667, 141
Trd, 000080.883, 147
Trd, 000082.083, 157
Trd, 000084.100, 161
Trd, 000084.250, 148
Trd, 000084.383, 145
Trd, 000085.367, 166
Trd, 000085.800, 145
Trd, 000086.133, 149
Trd, 000086.250, 154
Trd, 000086.450, 144
Trd, 000086.817, 138
Trd, 000088.200, 152
Trd, 000088.950, 141
Trd, 000090.383, 156
Trd, 000091.267, 145
Trd, 000092.000, 150
Trd, 000093.083, 154
Trd, 000093.700, 147
Trd, 000093.983, 159
Trd, 000095.250, 142
Trd, 000095.750, 129
Trd, 000096.317, 156
Trd, 000097.267, 170
Trd, 000097.350, 168
Trd, 000097.667, 182
Trd, 000097.833, 184
Trd, 000098.417, 155
Trd, 000099.483, 149
Trd, 000100.833, 119
Trd, 000102.233, 165
Trd, 000102.267, 159
Trd, 000102.650, 151
Trd, 000102.867, 145
Trd, 000103.500, 138
Trd, 000104.233, 135
Trd, 000105.950, 148
Trd, 000106.300, 139
Trd, 000108.283, 139
Trd, 000108.383, 167
Trd, 000108.467, 165
Trd, 000112.050, 140
Trd, 000112.517, 128
Trd, 000113.283, 127
Trd, 000113.500, 159
Trd, 000114.500, 148
Trd, 000116.000, 151
Trd, 000116.200, 149
Trd, 000117.900, 155
Trd, 000119.183, 154
Trd, 000121.567, 130
Trd, 000122.117, 158
Trd, 000122.600, 149
Trd, 000123.117, 170
Trd, 000124.667, 149
Trd, 000125.733, 148
Trd, 000125.950, 116
Trd, 000126.267, 147
Trd, 000126.967, 147
Trd, 000127.133, 173
Trd, 000127.483, 150
Trd, 000127.600, 164
Trd, 000128.617, 126
Trd, 000130.617, 157
Trd, 000131.033, 142
Trd, 000131.450, 157
Trd, 000132.950, 171
Trd, 000133.200, 165
Trd, 000133.600, 145
Trd, 000134.683, 155
Trd, 000135.033, 185
Trd, 000136.100, 176
Trd, 000136.967, 155
Trd, 000137.550, 178
Trd, 000137.783, 146
Trd, 000138.333, 140
Trd, 000138.783, 172
Trd, 000140.400, 146
Trd, 000141.483, 147
Trd, 000142.000, 160
Trd, 000142.100, 168
Trd, 000142.267, 142
Trd, 000142.750, 140
Trd, 000143.700, 170
Trd, 000145.750, 146
Trd, 000146.200, 130
Trd, 000147.017, 146
Trd, 000147.033, 159
Trd, 000147.933, 132
Trd, 000149.167, 129
Trd, 000150.217, 144
Trd, 000150.667, 157
Trd, 000151.033, 123
Trd, 000151.317, 151
Trd, 000152.450, 168
Trd, 000153.050, 143
Trd, 000153.183, 142
Trd, 000155.383, 171
Trd, 000156.567, 159
Trd, 000156.650, 147
Trd, 000158.117, 143
Trd, 000158.200, 138
Trd, 000159.283, 155
Trd, 000161.567, 161
Trd, 000161.600, 151
Trd, 000162.283, 173
Trd, 000162.933, 161
Trd, 000163.983, 146
Trd, 000166.133, 144
Trd, 000167.083, 160
Trd, 000167.650, 147
Trd, 000169.100, 147
Trd, 000171.950, 164
Trd, 000173.250, 164
Trd, 000175.150, 148
Trd, 000176.267, 159
Trd, 000177.017, 140
Trd, 000177.200, 142
Trd, 000177.367, 152
Trd, 000177.433, 139
Trd, 000177.517, 157
Trd, 000178.067, 154
Trd, 000178.233, 159
Trd, 000182.083, 152
Trd, 000182.700, 147
Trd, 000183.350, 164
Trd, 000184.200, 146
Trd, 000184.483, 153
Trd, 000184.600, 125
Trd, 000185.717, 141
Trd, 000186.983, 150
Trd, 000187.400, 156
Trd, 000188.083, 154
Trd, 000188.417, 153
Trd, 000188.500, 165
Trd, 000189.417, 148
Trd, 000190.383, 149
Trd, 000191.133, 121
Trd, 000191.250, 140
Trd, 000193.300, 172
Trd, 000194.567, 153
Trd, 000196.333, 143
Trd, 000196.400, 178
Trd, 000197.750, 142
Trd, 000198.083, 166
Trd, 000198.700, 153
Trd, 000199.650, 155
Trd, 000201.283, 180
Trd, 000201.633, 153
Trd, 000201.683, 139
Trd, 000203.083, 150
Trd, 000204.000, 150
Trd, 000205.517, 131
Trd, 000206.283, 159
Trd, 000207.417, 143
Trd, 000207.750, 157
Trd, 000208.717, 154
Trd, 000209.517, 147
Trd, 000209.617, 158
Trd, 000211.783, 161
Trd, 000211.983, 180
Trd, 000213.183, 158
Trd, 000213.817, 136
Trd, 000213.900, 135
Trd, 000213.967, 147
Trd, 000215.817, 137
Trd, 000217.300, 144
Trd, 000217.367, 156
Trd, 000218.783, 145
Trd, 000218.967, 143
Trd, 000220.167, 137
Trd, 000220.867, 135
Trd, 000221.550, 162
Trd, 000222.050, 166
Trd, 000222.200, 142
Trd, 000222.650, 148
Trd, 000225.700, 144
Trd, 000226.033, 153
Trd, 000226.317, 142
Trd, 000227.767, 163
Trd, 000228.833, 154
Trd, 000229.050, 145
Trd, 000229.400, 140
Trd, 000232.183, 146
Trd, 000233.817, 158
Trd, 000234.133, 150
Trd, 000234.400, 141
Trd, 000234.917, 157
Trd, 000235.383, 137
Trd, 000235.917, 171
Trd, 000237.133, 175
Trd, 000237.317, 165
Trd, 000237.550, 151
Trd, 000237.917, 165
Trd, 000237.950, 130
Trd, 000238.350, 129
Trd, 000238.983, 127
Trd, 000240.050, 184
Trd, 000241.483, 161
Trd, 000241.517, 152
Trd, 000242.283, 163
Trd, 000242.550, 180
Trd, 000243.133, 164
Trd, 000243.200, 155
Trd, 000244.433, 150
Trd, 000245.467, 149
Trd, 000245.783, 141
Trd, 000246.450, 154
Trd, 000247.083, 157
Trd, 000247.850, 154
Trd, 000247.900, 131
Trd, 000248.250, 130
Trd, 000252.233, 149
Trd, 000253.100, 142
Trd, 000253.600, 150
Trd, 000253.700, 150
Trd, 000254.000, 129
Trd, 000255.467, 162
Trd, 000257.017, 135
Trd, 000257.817, 148
Trd, 000258.117, 136
Trd, 000259.317, 157
Trd, 000259.583, 148
Trd, 000261.683, 146
Trd, 000262.217, 157
Trd, 000262.650, 150
Trd, 000262.667, 151
Trd, 000263.817, 148
Trd, 000264.617, 162
Trd, 000264.733, 141
Trd, 000267.217, 148
Trd, 000268.000, 163
Trd, 000268.283, 158
Trd, 000269.317, 148
Trd, 000269.400, 144
Trd, 000270.150, 143
Trd, 000270.367, 138
Trd, 000271.617, 164
Trd, 000273.483, 151
Trd, 000273.517, 153
Trd, 000273.633, 148
Trd, 000273.700, 162
Trd, 000276.667, 125
Trd, 000277.250, 145
Trd, 000278.800, 142
Trd, 000278.933, 155
Trd, 000280.300, 152
Trd, 000280.333, 166
Trd, 000281.200, 142
Trd, 000281.233, 134
Trd, 000281.550, 125
Trd, 000281.750, 116
Trd, 000282.517, 158
Trd, 000282.933, 177
Trd, 000283.950, 172
Trd, 000284.833, 152
Trd, 000287.033, 138
Trd, 000287.067, 124
Trd, 000287.717, 170
Trd, 000288.733, 133
Trd, 000289.433, 152
Trd, 000291.617, 136
Trd, 000291.683, 160
Trd, 000292.667, 160
Trd, 000292.733, 155
Trd, 000293.167, 153
Trd, 000295.267, 151
Trd, 000296.100, 150
Trd, 000296.733, 174
Trd, 000297.367, 174
Trd, 000298.033, 156
Trd, 000299.550, 170
Trd, 000299.933, 142
