Trd, 000005.117, 152
Trd, 000005.217, 144
Trd, 000005.500, 131
Trd, 000005.650, 127
Trd, 000005.700, 140
Trd, 000006.133, 125
Trd, 000006.650, 137
Trd, 000006.883, 144
Trd, 000007.833, 146
Trd, 000008.483, 148
Trd, 000010.500, 134
Trd, 000011.233, 120
Trd, 000011.467, 151
Trd, 000011.583, 136
Trd, 000012.250, 161
Trd, 000012.600, 135
Trd, 000012.867, 130
Trd, 000013.483, 133
Trd, 000015.233, 155
Trd, 000016.583, 167
Trd, 000016.817, 185
Trd, 000018.000, 144
Trd, 000018.467, 140
Trd, 000018.533, 148
Trd, 000020.267, 135
Trd, 000020.433, 125
Trd, 000020.567, 137
Trd, 000022.483, 154
Trd, 000023.417, 169
Trd, 000025.283, 120
Trd, 000025.517, 133
Trd, 000025.583, 126
Trd, 000027.367, 164
Trd, 000027.817, 138
Trd, 000030.500, 134
Trd, 000030.867, 154
Trd, 000031.167, 153
Trd, 000031.783, 154
Trd, 000031.933, 157
Trd, 000032.467, 162
Trd, 000033.450, 166
Trd, 000034.383, 150
Trd, 000035.100, 171
Trd, 000035.517, 180
Trd, 000036.167, 166
Trd, 000036.217, 171
Trd, 000036.467, 139
Trd, 000036.583, 147
Trd, 000037.333, 143
Trd, 000037.567, 167
Trd, 000038.017, 138
Trd, 000040.450, 164
Trd, 000040.567, 131
Trd, 000041.000, 136
Trd, 000041.767, 163
Trd, 000042.600, 160
Trd, 000042.933, 163
Trd, 000043.150, 152
Trd, 000043.283, 167
Trd, 000045.533, 162
Trd, 000045.900, 116
Trd, 000047.683, 134
Trd, 000047.900, 148
Trd, 000049.333, 152
Trd, 000049.700, 145
Trd, 000049.917, 139
Trd, 000050.683, 138
Trd, 000050.883, 144
Trd, 000053.583, 147
Trd, 000053.900, 152
Trd, 000055.400, 160
Trd, 000056.000, 139
Trd, 000056.633, 150
Trd, 000056.700, 169
Trd, 000058.967, 151
Trd, 000060.950, 128
Trd, 000061.133, 129
Trd, 000061.967, 135
Trd, 000062.083, 158
Trd, 000064.950, 158
Trd, 000065.583, 168
Trd, 000065.783, 175
Trd, 000067.250, 146
Trd, 000067.483, 186
Trd, 000067.633, 170
Trd, 000070.583, 156
Trd, 000070.600, 177
Trd, 000071.917, 143
Trd, 000071.967, 158
Trd, 000072.067, 158
Trd, 000072.450, 136
Trd, 000072.883, 143
Trd, 000075.867, 191
Trd, 000075.917, 188
Trd, 000076.450, 160
Trd, 000077.083, 164
Trd, 000077.133, 157
Trd, 000078.550, 158
Trd, 000079.600, 157
Trd, 000080.850, 142
Trd, 000081.283, 158
Trd, 000081.533, 149
Trd, 000082.267, 156
Trd, 000082.517, 144
Trd, 000082.883, 161
Trd, 000085.267, 144
Trd, 000085.817, 172
Trd, 000085.833, 132
Trd, 000085.967, 169
Trd, 000086.217, 139
Trd, 000086.883, 158
Trd, 000087.000, 141
Trd, 000090.683, 135
Trd, 000091.317, 130
Trd, 000091.467, 143
Trd, 000092.083, 132
Trd, 000092.800, 159
Trd, 000094.367, 149
Trd, 000095.733, 188
Trd, 000096.250, 163
Trd, 000096.483, 153
Trd, 000097.633, 158
Trd, 000097.950, 154
Trd, 000098.417, 147
Trd, 000098.883, 169
Trd, 000099.567, 147
Trd, 000101.200, 140
Trd, 000102.400, 138
Trd, 000103.150, 174
Trd, 000104.400, 170
Trd, 000105.817, 130
Trd, 000106.367, 156
Trd, 000106.867, 140
Trd, 000107.217, 163
Trd, 000109.100, 171
Trd, 000109.367, 155
Trd, 000110.817, 124
Trd, 000111.217, 156
Trd, 000111.817, 119
Trd, 000113.100, 155
Trd, 000113.817, 167
Trd, 000114.283, 141
Trd, 000116.917, 165
Trd, 000116.967, 161
Trd, 000117.083, 180
Trd, 000117.667, 139
Trd, 000117.867, 141
Trd, 000119.567, 158
Trd, 000119.650, 150
Trd, 000119.800, 150
Trd, 000120.300, 174
Trd, 000121.050, 121
Trd, 000121.183, 132
Trd, 000121.317, 177
Trd, 000121.850, 149
Trd, 000122.583, 151
Trd, 000122.833, 148
Trd, 000124.783, 140
Trd, 000124.883, 139
Trd, 000125.150, 177
Trd, 000125.950, 173
Trd, 000126.383, 135
Trd, 000126.950, 147
Trd, 000127.100, 171
Trd, 000128.650, 152
Trd, 000129.217, 140
Trd, 000131.083, 125
Trd, 000131.433, 163
Trd, 000132.150, 130
Trd, 000132.783, 144
Trd, 000133.783, 160
Trd, 000135.733, 177
Trd, 000136.083, 170
Trd, 000136.267, 161
Trd, 000136.550, 159
Trd, 000137.350, 154
Trd, 000137.467, 158
Trd, 000137.850, 162
Trd, 000139.117, 178
Trd, 000141.200, 138
Trd, 000141.767, 150
Trd, 000142.567, 137
Trd, 000142.767, 139
Trd, 000142.817, 142
Trd, 000143.533, 158
Trd, 000143.633, 168
Trd, 000144.550, 145
Trd, 000146.233, 145
Trd, 000146.567, 173
Trd, 000146.867, 164
Trd, 000147.100, 155
Trd, 000148.333, 153
Trd, 000149.133, 160
Trd, 000149.483, 155
Trd, 000149.667, 139
Trd, 000150.200, 143
Trd, 000150.950, 145
Trd, 000151.983, 167
Trd, 000152.200, 153
Trd, 000152.467, 164
Trd, 000152.833, 173
Trd, 000154.067, 163
Trd, 000154.933, 150
Trd, 000155.717, 162
Trd, 000156.083, 147
Trd, 000156.283, 163
Trd, 000157.267, 168
Trd, 000157.567, 153
Trd, 000158.517, 165
Trd, 000158.817, 155
Trd, 000159.750, 164
Trd, 000161.183, 149
Trd, 000161.200, 153
Trd, 000162.650, 146
Trd, 000162.833, 153
Trd, 000163.217, 141
Trd, 000163.517, 186
Trd, 000164.233, 169
Trd, 000166.067, 169
Trd, 000166.417, 167
Trd, 000167.117, 153
Trd, 000167.400, 152
Trd, 000169.050, 164
Trd, 000169.650, 158
Trd, 000169.917, 139
Trd, 000171.133, 140
Trd, 000171.350, 181
Trd, 000171.417, 135
Trd, 000171.617, 135
Trd, 000172.700, 143
Trd, 000172.817, 146
Trd, 000172.933, 158
Trd, 000173.850, 158
Trd, 000175.067, 161
Trd, 000176.283, 177
Trd, 000176.867, 146
Trd, 000177.200, 139
Trd, 000178.300, 166
Trd, 000179.333, 156
Trd, 000180.150, 163
Trd, 000180.533, 166
Trd, 000181.733, 158
Trd, 000182.133, 149
Trd, 000182.533, 148
Trd, 000182.817, 147
Trd, 000183.317, 158
Trd, 000183.967, 168
Trd, 000184.717, 146
Trd, 000186.367, 155
Trd, 000186.850, 173
Trd, 000187.217, 160
Trd, 000187.950, 152
Trd, 000188.250, 165
Trd, 000189.067, 167
Trd, 000189.467, 139
Trd, 000189.567, 173
Trd, 000190.167, 137
Trd, 000192.167, 131
Trd, 000192.183, 144
Trd, 000192.317, 144
Trd, 000192.667, 157
Trd, 000193.550, 131
Trd, 000194.600, 129
Trd, 000195.150, 163
Trd, 000196.417, 121
Trd, 000196.533, 175
Trd, 000196.783, 173
Trd, 000197.600, 151
Trd, 000198.767, 146
Trd, 000199.083, 135
Trd, 000200.500, 145
Trd, 000200.767, 138
Trd, 000201.200, 129
Trd, 000201.483, 128
Trd, 000201.600, 137
Trd, 000201.867, 120
Trd, 000201.950, 197
Trd, 000202.483, 160
Trd, 000204.667, 155
Trd, 000205.283, 148
Trd, 000206.783, 149
Trd, 000206.967, 150
Trd, 000207.350, 133
Trd, 000207.417, 176
Trd, 000209.583, 167
Trd, 000210.250, 154
Trd, 000211.100, 187
Trd, 000211.517, 148
Trd, 000211.550, 141
Trd, 000212.233, 159
Trd, 000212.250, 162
Trd, 000213.367, 161
Trd, 000215.467, 170
Trd, 000217.100, 164
Trd, 000217.950, 178
Trd, 000218.183, 172
Trd, 000218.900, 180
Trd, 000219.917, 154
Trd, 000219.967, 169
Trd, 000220.633, 179
Trd, 000221.717, 174
Trd, 000221.867, 173
Trd, 000222.050, 165
Trd, 000223.167, 149
Trd, 000223.517, 142
Trd, 000223.683, 152
Trd, 000225.067, 164
Trd, 000226.867, 148
Trd, 000227.600, 164
Trd, 000228.083, 153
Trd, 000228.833, 165
Trd, 000229.617, 147
Trd, 000231.283, 133
Trd, 000231.400, 132
Trd, 000231.767, 154
Trd, 000232.517, 164
Trd, 000232.600, 174
Trd, 000233.000, 139
Trd, 000235.517, 162
Trd, 000237.000, 166
Trd, 000237.167, 164
Trd, 000238.217, 155
Trd, 000238.300, 161
Trd, 000238.433, 158
Trd, 000239.100, 157
Trd, 000239.283, 149
Trd, 000240.050, 160
Trd, 000241.083, 166
Trd, 000241.500, 180
Trd, 000242.683, 163
Trd, 000242.733, 136
Trd, 000243.183, 179
Trd, 000243.517, 170
Trd, 000243.733, 165
Trd, 000243.900, 160
Trd, 000244.750, 141
Trd, 000246.367, 187
Trd, 000246.717, 164
Trd, 000246.917, 139
Trd, 000247.500, 135
Trd, 000247.683, 172
Trd, 000247.783, 170
Trd, 000247.867, 156
Trd, 000249.033, 155
Trd, 000250.200, 156
Trd, 000251.567, 108
Trd, 000251.583, 157
Trd, 000251.767, 175
Trd, 000253.200, 157
Trd, 000254.283, 159
Trd, 000254.317, 139
Trd, 000255.450, 172
Trd, 000256.733, 154
Trd, 000257.083, 166
Trd, 000257.250, 138
Trd, 000257.733, 143
Trd, 000258.983, 155
Trd, 000259.900, 154
Trd, 000261.417, 133
Trd, 000262.333, 149
Trd, 000262.650, 146
Trd, 000262.983, 136
Trd, 000263.267, 156
Trd, 000264.033, 175
Trd, 000264.433, 183
Trd, 000264.567, 181
Trd, 000265.350, 158
Trd, 000266.533, 131
Trd, 000266.633, 159
Trd, 000266.850, 160
Trd, 000267.050, 127
Trd, 000269.217, 155
Trd, 000269.933, 144
Trd, 000270.650, 161
Trd, 000271.483, 135
Trd, 000271.883, 137
Trd, 000272.333, 134
Trd, 000272.517, 150
Trd, 000272.783, 137
Trd, 000273.200, 159
Trd, 000275.400, 176
Trd, 000276.483, 139
Trd, 000276.600, 132
Trd, 000276.700, 118
Trd, 000277.383, 188
Trd, 000277.817, 186
Trd, 000278.017, 170
Trd, 000278.433, 154
Trd, 000279.550, 153
Trd, 000281.583, 146
Trd, 000282.000, 180
Trd, 000282.033, 179
Trd, 000282.467, 168
Trd, 000282.850, 150
Trd, 000283.850, 145
Trd, 000286.750, 165
Trd, 000287.083, 171
Trd, 000287.167, 154
Trd, 000287.333, 167
Trd, 000287.850, 159
Trd, 000288.767, 171
Trd, 000289.333, 162
Trd, 000290.133, 170
Trd, 000291.733, 153
Trd, 000292.067, 158
Trd, 000292.767, 160
Trd, 000292.967, 155
Trd, 000293.350, 162
Trd, 000293.733, 145
Trd, 000294.733, 139
Trd, 000295.083, 152
Trd, 000295.467, 151
Trd, 000296.783, 157
Trd, 000297.017, 168
Trd, 000297.300, 139
Trd, 000297.667, 129
Trd, 000298.100, 142
Trd, 000298.417, 151
Trd, 000299.200, 124
