Trd, 000005.250, 134
Trd, 000005.283, 137
Trd, 000005.600, 141
Trd, 000005.900, 131
Trd, 000006.033, 168
Trd, 000006.533, 138
Trd, 000006.867, 158
Trd, 000006.983, 157
Trd, 000010.767, 145
Trd, 000010.933, 143
Trd, 000011.117, 149
Trd, 000011.767, 160
Trd, 000011.817, 137
Trd, 000012.783, 173
Trd, 000013.517, 161
Trd, 000015.267, 191
Trd, 000015.583, 160
Trd, 000015.833, 157
Trd, 000016.900, 163
Trd, 000018.550, 145
Trd, 000018.683, 150
Trd, 000021.033, 188
Trd, 000022.950, 173
Trd, 000022.967, 172
Trd, 000024.267, 158
Trd, 000025.150, 189
Trd, 000025.500, 160
Trd, 000028.083, 184
Trd, 000030.467, 175
Trd, 000031.183, 163
Trd, 000031.917, 154
Trd, 000032.133, 156
Trd, 000032.283, 158
Trd, 000032.767, 182
Trd, 000033.233, 149
Trd, 000034.950, 157
Trd, 000035.617, 113
Trd, 000035.900, 138
Trd, 000036.167, 146
Trd, 000036.733, 168
Trd, 000037.500, 148
Trd, 000040.300, 135
Trd, 000040.517, 155
Trd, 000041.167, 168
Trd, 000042.467, 166
Trd, 000042.600, 137
Trd, 000042.967, 163
Trd, 000044.017, 155
Trd, 000045.433, 157
Trd, 000046.067, 189
Trd, 000047.467, 163
Trd, 000047.683, 152
Trd, 000050.133, 158
Trd, 000050.567, 140
Trd, 000051.283, 147
Trd, 000051.317, 169
Trd, 000051.450, 147
Trd, 000051.800, 171
Trd, 000052.567, 168
Trd, 000052.700, 143
Trd, 000052.783, 136
Trd, 000054.150, 177
Trd, 000055.700, 170
Trd, 000056.933, 171
Trd, 000057.050, 155
Trd, 000058.017, 154
Trd, 000058.583, 154
Trd, 000060.517, 183
Trd, 000060.967, 158
Trd, 000061.650, 175
Trd, 000061.900, 177
Trd, 000063.300, 167
Trd, 000065.667, 183
Trd, 000065.717, 188
Trd, 000066.967, 160
Trd, 000067.950, 165
Trd, 000070.133, 155
Trd, 000071.067, 166
Trd, 000071.317, 176
Trd, 000071.883, 162
Trd, 000073.383, 157
Trd, 000073.850, 160
Trd, 000074.217, 170
Trd, 000076.267, 135
Trd, 000076.383, 137
Trd, 000076.433, 177
Trd, 000078.033, 162
Trd, 000079.567, 164
Trd, 000079.817, 158
Trd, 000080.150, 149
Trd, 000080.467, 158
Trd, 000081.050, 144
Trd, 000081.733, 165
Trd, 000083.467, 175
Trd, 000084.417, 158
Trd, 000085.900, 179
Trd, 000086.417, 159
Trd, 000086.933, 162
Trd, 000087.600, 165
Trd, 000088.083, 157
Trd, 000090.100, 176
Trd, 000090.250, 170
Trd, 000090.967, 188
Trd, 000091.183, 174
Trd, 000091.567, 150
Trd, 000093.600, 150
Trd, 000094.017, 171
Trd, 000095.617, 133
Trd, 000096.650, 183
Trd, 000097.417, 178
Trd, 000097.800, 176
Trd, 000098.833, 168
Trd, 000100.717, 178
Trd, 000100.900, 180
Trd, 000101.617, 175
Trd, 000102.200, 170
Trd, 000102.567, 148
Trd, 000103.967, 182
Trd, 000105.400, 158
Trd, 000107.450, 179
Trd, 000107.667, 155
Trd, 000109.617, 156
Trd, 000109.850, 190
Trd, 000111.600, 170
Trd, 000111.650, 174
Trd, 000112.600, 150
Trd, 000114.083, 151
Trd, 000115.983, 175
Trd, 000116.783, 153
Trd, 000117.250, 176
Trd, 000121.750, 144
Trd, 000122.333, 136
Trd, 000122.917, 152
Trd, 000123.383, 162
Trd, 000123.700, 173
Trd, 000123.817, 178
Trd, 000125.900, 125
Trd, 000126.167, 155
Trd, 000127.500, 184
Trd, 000127.967, 175
Trd, 000128.050, 184
Trd, 000129.967, 158
Trd, 000130.983, 148
Trd, 000131.300, 164
Trd, 000131.633, 137
Trd, 000131.717, 132
Trd, 000131.767, 141
Trd, 000133.233, 154
Trd, 000136.367, 191
Trd, 000136.883, 178
Trd, 000137.050, 178
Trd, 000139.883, 170
Trd, 000140.033, 160
Trd, 000141.483, 174
Trd, 000141.717, 153
Trd, 000142.017, 169
Trd, 000142.133, 147
Trd, 000143.233, 148
Trd, 000146.600, 142
Trd, 000147.333, 135
Trd, 000147.533, 136
Trd, 000148.100, 161
Trd, 000148.333, 171
Trd, 000149.300, 162
Trd, 000149.367, 179
Trd, 000151.167, 178
Trd, 000151.300, 139
Trd, 000151.400, 135
Trd, 000152.417, 162
Trd, 000155.933, 150
Trd, 000155.983, 168
Trd, 000156.183, 186
Trd, 000157.217, 163
Trd, 000157.350, 160
Trd, 000159.733, 181
Trd, 000161.783, 181
Trd, 000162.133, 189
Trd, 000163.300, 158
Trd, 000163.417, 146
Trd, 000165.533, 163
Trd, 000166.433, 200
Trd, 000167.350, 156
Trd, 000167.850, 143
Trd, 000170.400, 174
Trd, 000171.017, 169
Trd, 000172.417, 158
Trd, 000173.600, 165
Trd, 000174.083, 160
Trd, 000174.133, 163
Trd, 000174.217, 152
Trd, 000174.667, 152
Trd, 000175.383, 161
Trd, 000176.100, 181
Trd, 000176.367, 171
Trd, 000177.017, 163
Trd, 000177.817, 171
Trd, 000178.350, 145
Trd, 000178.383, 150
Trd, 000178.500, 141
Trd, 000178.800, 171
Trd, 000181.500, 184
Trd, 000182.200, 167
Trd, 000182.717, 161
Trd, 000183.867, 163
Trd, 000184.367, 156
Trd, 000185.333, 167
Trd, 000186.133, 173
Trd, 000187.933, 161
Trd, 000188.533, 159
Trd, 000191.800, 135
Trd, 000192.217, 168
Trd, 000192.650, 171
Trd, 000192.917, 135
Trd, 000193.767, 161
Trd, 000193.933, 143
Trd, 000196.617, 182
Trd, 000196.683, 137
Trd, 000196.800, 148
Trd, 000197.033, 154
Trd, 000197.533, 170
Trd, 000198.167, 174
Trd, 000198.833, 158
Trd, 000199.150, 182
Trd, 000201.367, 176
Trd, 000202.050, 152
Trd, 000202.333, 145
Trd, 000202.900, 151
Trd, 000203.567, 146
Trd, 000203.867, 143
Trd, 000204.283, 145
Trd, 000204.717, 161
Trd, 000206.467, 161
Trd, 000207.350, 160
Trd, 000207.667, 182
Trd, 000208.183, 173
Trd, 000211.883, 182
Trd, 000212.233, 145
Trd, 000212.467, 169
Trd, 000212.700, 171
Trd, 000213.817, 185
Trd, 000215.350, 162
Trd, 000216.367, 189
Trd, 000217.100, 157
Trd, 000217.133, 143
Trd, 000218.033, 165
Trd, 000219.567, 171
Trd, 000221.183, 131
Trd, 000221.800, 160
Trd, 000223.833, 167
Trd, 000224.400, 152
Trd, 000224.733, 185
Trd, 000225.533, 167
Trd, 000226.317, 162
Trd, 000226.783, 152
Trd, 000227.550, 146
Trd, 000228.067, 144
Trd, 000230.033, 182
Trd, 000230.800, 179
Trd, 000230.917, 167
Trd, 000231.383, 157
Trd, 000231.733, 159
Trd, 000232.917, 160
Trd, 000232.983, 162
Trd, 000233.600, 156
Trd, 000236.083, 176
Trd, 000236.750, 160
Trd, 000236.783, 180
Trd, 000236.983, 189
Trd, 000237.733, 151
Trd, 000238.350, 137
Trd, 000239.383, 182
Trd, 000241.267, 142
Trd, 000241.517, 158
Trd, 000241.700, 166
Trd, 000242.933, 168
Trd, 000243.683, 150
Trd, 000244.117, 155
Trd, 000246.717, 144
Trd, 000246.733, 137
Trd, 000247.467, 172
Trd, 000248.167, 178
Trd, 000249.833, 180
Trd, 000250.517, 176
Trd, 000251.467, 158
Trd, 000251.833, 182
Trd, 000252.217, 172
Trd, 000253.300, 167
Trd, 000257.100, 166
Trd, 000257.317, 146
Trd, 000257.500, 144
Trd, 000257.650, 159
Trd, 000261.133, 162
Trd, 000261.333, 156
Trd, 000261.950, 186
Trd, 000262.817, 171
Trd, 000263.000, 173
Trd, 000263.167, 141
Trd, 000263.800, 146
Trd, 000264.567, 151
Trd, 000266.550, 179
Trd, 000269.433, 178
Trd, 000269.700, 159
Trd, 000271.033, 166
Trd, 000271.083, 158
Trd, 000271.217, 161
Trd, 000272.517, 176
Trd, 000273.383, 187
Trd, 000273.883, 176
Trd, 000274.367, 168
Trd, 000276.683, 168
Trd, 000277.300, 183
Trd, 000277.850, 161
Trd, 000278.983, 160
Trd, 000280.133, 164
Trd, 000280.450, 159
Trd, 000281.833, 191
Trd, 000281.867, 147
Trd, 000282.650, 151
Trd, 000283.033, 186
Trd, 000283.667, 165
Trd, 000286.583, 159
Trd, 000287.317, 180
Trd, 000287.683, 179
Trd, 000288.267, 186
Trd, 000289.783, 153
Trd, 000291.233, 153
Trd, 000292.250, 199
Trd, 000292.317, 165
Trd, 000292.683, 142
Trd, 000292.883, 145
Trd, 000294.967, 165
Trd, 000295.283, 164
Trd, 000297.767, 185
Trd, 000297.867, 154
Trd, 000298.150, 188
Trd, 000298.400, 187
