Trd, 000005.100, 188
Trd, 000005.200, 133
Trd, 000005.550, 146
Trd, 000006.117, 157
Trd, 000006.317, 115
Trd, 000006.517, 151
Trd, 000007.450, 133
Trd, 000008.467, 159
Trd, 000010.183, 137
Trd, 000011.117, 154
Trd, 000011.467, 192
Trd, 000012.333, 168
Trd, 000012.883, 153
Trd, 000015.300, 193
Trd, 000017.517, 175
Trd, 000017.900, 175
Trd, 000018.283, 156
Trd, 000018.867, 164
Trd, 000019.100, 155
Trd, 000020.417, 153
Trd, 000020.483, 172
Trd, 000020.983, 145
Trd, 000021.667, 175
Trd, 000022.000, 161
Trd, 000025.300, 158
Trd, 000025.833, 175
Trd, 000026.750, 193
Trd, 000027.083, 155
Trd, 000028.067, 163
Trd, 000030.983, 188
Trd, 000031.733, 174
Trd, 000032.283, 174
Trd, 000032.583, 186
Trd, 000035.450, 175
Trd, 000035.617, 146
Trd, 000039.417, 186
Trd, 000041.050, 175
Trd, 000041.450, 163
Trd, 000041.617, 192
Trd, 000041.650, 158
Trd, 000043.700, 174
Trd, 000045.417, 175
Trd, 000046.217, 186
Trd, 000046.867, 185
Trd, 000051.283, 178
Trd, 000051.783, 169
Trd, 000052.000, 151
Trd, 000052.717, 150
Trd, 000055.950, 195
Trd, 000056.233, 175
Trd, 000056.400, 172
Trd, 000057.317, 148
Trd, 000057.583, 138
Trd, 000058.650, 149
Trd, 000060.550, 136
Trd, 000060.633, 132
Trd, 000061.883, 175
Trd, 000061.967, 169
Trd, 000062.050, 157
Trd, 000062.183, 151
Trd, 000062.583, 163
Trd, 000065.517, 155
Trd, 000066.000, 183
Trd, 000068.917, 175
Trd, 000069.667, 164
Trd, 000070.333, 167
Trd, 000070.800, 114
Trd, 000070.900, 175
Trd, 000072.200, 164
Trd, 000073.317, 175
Trd, 000073.967, 154
Trd, 000074.317, 155
Trd, 000076.117, 192
Trd, 000076.333, 172
Trd, 000076.900, 174
Trd, 000077.367, 168
Trd, 000078.433, 174
Trd, 000078.983, 150
Trd, 000080.533, 137
Trd, 000080.750, 149
Trd, 000080.983, 185
Trd, 000081.800, 179
Trd, 000083.683, 163
Trd, 000085.317, 158
Trd, 000086.250, 141
Trd, 000086.333, 182
Trd, 000087.350, 147
Trd, 000087.567, 149
Trd, 000088.317, 174
Trd, 000092.067, 173
Trd, 000092.750, 185
Trd, 000092.917, 178
Trd, 000092.950, 167
Trd, 000096.783, 185
Trd, 000096.917, 178
Trd, 000097.367, 176
Trd, 000099.050, 174
Trd, 000099.083, 177
Trd, 000099.183, 168
Trd, 000100.733, 134
Trd, 000101.617, 175
Trd, 000102.050, 173
Trd, 000103.967, 159
Trd, 000106.233, 186
Trd, 000106.333, 172
Trd, 000106.500, 160
Trd, 000107.467, 153
Trd, 000108.383, 174
Trd, 000109.067, 161
Trd, 000109.650, 146
Trd, 000110.933, 181
Trd, 000111.217, 174
Trd, 000111.650, 180
Trd, 000114.550, 163
Trd, 000116.367, 191
Trd, 000116.533, 133
Trd, 000117.200, 174
Trd, 000117.850, 158
Trd, 000118.100, 165
Trd, 000119.167, 165
Trd, 000119.933, 175
Trd, 000120.233, 155
Trd, 000121.000, 173
Trd, 000121.367, 178
Trd, 000121.567, 166
Trd, 000122.667, 160
Trd, 000123.217, 189
Trd, 000124.250, 148
Trd, 000125.700, 173
Trd, 000126.300, 193
Trd, 000126.983, 173
Trd, 000127.367, 170
Trd, 000127.617, 150
Trd, 000129.533, 180
Trd, 000130.200, 156
Trd, 000130.550, 155
Trd, 000131.117, 171
Trd, 000131.233, 175
Trd, 000131.533, 155
Trd, 000131.617, 183
Trd, 000132.333, 149
Trd, 000132.883, 185
Trd, 000136.100, 139
Trd, 000136.600, 170
Trd, 000136.733, 192
Trd, 000137.567, 180
Trd, 000138.533, 174
Trd, 000140.083, 149
Trd, 000141.500, 189
Trd, 000142.383, 151
Trd, 000143.017, 170
Trd, 000145.200, 159
Trd, 000146.217, 190
Trd, 000147.583, 194
Trd, 000148.250, 174
Trd, 000148.300, 161
Trd, 000149.517, 175
Trd, 000150.167, 174
Trd, 000150.417, 159
Trd, 000151.217, 125
Trd, 000151.483, 157
Trd, 000151.517, 150
Trd, 000151.700, 164
Trd, 000151.917, 185
Trd, 000155.183, 179
Trd, 000156.533, 187
Trd, 000156.650, 179
Trd, 000156.817, 176
Trd, 000157.733, 173
Trd, 000160.967, 173
Trd, 000161.350, 135
Trd, 000161.900, 163
Trd, 000162.200, 171
Trd, 000164.633, 160
Trd, 000164.667, 158
Trd, 000167.167, 155
Trd, 000167.900, 154
Trd, 000167.983, 163
Trd, 000168.067, 130
Trd, 000171.050, 150
Trd, 000171.200, 128
Trd, 000172.800, 179
Trd, 000173.967, 174
Trd, 000174.000, 177
Trd, 000175.917, 162
Trd, 000176.133, 173
Trd, 000176.650, 170
Trd, 000176.850, 160
Trd, 000179.783, 195
Trd, 000181.383, 191
Trd, 000181.500, 184
Trd, 000181.950, 178
Trd, 000182.617, 186
Trd, 000185.150, 187
Trd, 000186.100, 172
Trd, 000186.600, 175
Trd, 000187.500, 195
Trd, 000187.767, 179
Trd, 000188.350, 163
Trd, 000191.283, 130
Trd, 000191.400, 160
Trd, 000191.800, 164
Trd, 000192.117, 155
Trd, 000193.417, 176
Trd, 000196.367, 171
Trd, 000197.100, 178
Trd, 000197.717, 185
Trd, 000200.350, 175
Trd, 000201.267, 115
Trd, 000201.483, 176
Trd, 000201.767, 168
Trd, 000202.367, 175
Trd, 000202.433, 168
Trd, 000202.967, 162
Trd, 000203.433, 153
Trd, 000204.583, 176
Trd, 000206.300, 186
Trd, 000206.417, 158
Trd, 000207.033, 143
Trd, 000208.050, 177
Trd, 000208.700, 166
Trd, 000209.667, 152
Trd, 000210.300, 153
Trd, 000211.517, 177
Trd, 000211.550, 170
Trd, 000213.217, 178
Trd, 000213.450, 163
Trd, 000213.800, 157
Trd, 000215.350, 157
Trd, 000216.017, 157
Trd, 000216.550, 175
Trd, 000216.567, 168
Trd, 000217.217, 151
Trd, 000217.250, 145
Trd, 000219.333, 188
Trd, 000220.267, 155
Trd, 000221.050, 190
Trd, 000221.500, 158
Trd, 000222.450, 192
Trd, 000223.583, 154
Trd, 000223.700, 140
Trd, 000226.450, 195
Trd, 000226.567, 188
Trd, 000227.817, 173
Trd, 000227.967, 150
Trd, 000228.050, 175
Trd, 000231.267, 173
Trd, 000231.517, 190
Trd, 000234.033, 188
Trd, 000234.317, 179
Trd, 000234.517, 174
Trd, 000237.750, 175
Trd, 000238.100, 194
Trd, 000239.533, 171
Trd, 000239.867, 163
Trd, 000241.033, 158
Trd, 000241.633, 186
Trd, 000241.650, 118
Trd, 000242.033, 151
Trd, 000244.633, 174
Trd, 000244.933, 182
Trd, 000246.233, 172
Trd, 000246.883, 168
Trd, 000247.283, 155
Trd, 000248.100, 153
Trd, 000248.617, 153
Trd, 000248.883, 145
Trd, 000250.933, 162
Trd, 000251.467, 131
Trd, 000251.550, 123
Trd, 000252.050, 170
Trd, 000252.433, 162
Trd, 000252.867, 129
Trd, 000254.150, 156
Trd, 000254.683, 152
Trd, 000255.750, 153
Trd, 000257.550, 155
Trd, 000257.567, 144
Trd, 000257.783, 163
Trd, 000258.083, 175
Trd, 000259.067, 151
Trd, 000259.333, 150
Trd, 000261.550, 173
Trd, 000262.267, 173
Trd, 000263.067, 168
Trd, 000266.117, 171
Trd, 000266.550, 142
Trd, 000267.000, 153
Trd, 000267.817, 166
Trd, 000267.850, 163
Trd, 000268.683, 168
Trd, 000269.033, 184
Trd, 000269.467, 168
Trd, 000271.650, 168
Trd, 000271.783, 161
Trd, 000272.267, 196
Trd, 000274.233, 171
Trd, 000276.883, 176
Trd, 000277.050, 175
Trd, 000277.767, 155
Trd, 000277.867, 158
Trd, 000278.200, 178
Trd, 000278.233, 184
Trd, 000279.300, 155
Trd, 000281.700, 154
Trd, 000282.483, 126
Trd, 000282.650, 151
Trd, 000283.600, 163
Trd, 000283.900, 185
Trd, 000283.983, 178
Trd, 000284.083, 162
Trd, 000286.783, 161
Trd, 000287.233, 151
Trd, 000289.717, 174
Trd, 000289.767, 167
Trd, 000290.300, 153
Trd, 000291.600, 181
Trd, 000291.883, 176
Trd, 000292.567, 163
Trd, 000293.967, 147
Trd, 000295.217, 174
Trd, 000295.967, 179
Trd, 000296.900, 137
Trd, 000296.950, 155
Trd, 000297.367, 107
Trd, 000298.683, 163
Trd, 000299.050, 173
Trd, 000299.767, 174
