Trd, 000005.133, 120
Trd, 000005.517, 127
Trd, 000005.583, 168
Trd, 000005.683, 168
Trd, 000006.333, 154
Trd, 000006.867, 146
Trd, 000006.967, 130
Trd, 000007.000, 122
Trd, 000010.217, 154
Trd, 000010.450, 130
Trd, 000010.467, 131
Trd, 000010.833, 139
Trd, 000010.900, 137
Trd, 000011.567, 142
Trd, 000013.350, 170
Trd, 000015.550, 184
Trd, 000015.783, 182
Trd, 000015.983, 148
Trd, 000016.050, 147
Trd, 000018.767, 154
Trd, 000019.250, 155
Trd, 000020.367, 143
Trd, 000020.800, 137
Trd, 000020.933, 168
Trd, 000022.267, 170
Trd, 000022.833, 159
Trd, 000023.050, 145
Trd, 000023.950, 171
Trd, 000024.050, 139
Trd, 000024.183, 137
Trd, 000024.767, 134
Trd, 000025.317, 156
Trd, 000025.883, 167
Trd, 000025.983, 148
Trd, 000027.033, 152
Trd, 000027.533, 148
Trd, 000028.883, 152
Trd, 000028.950, 175
Trd, 000029.550, 151
Trd, 000030.250, 175
Trd, 000030.800, 168
Trd, 000031.167, 165
Trd, 000031.967, 157
Trd, 000032.250, 164
Trd, 000033.467, 150
Trd, 000034.217, 147
Trd, 000035.650, 175
Trd, 000035.783, 162
Trd, 000037.000, 145
Trd, 000037.033, 160
Trd, 000037.533, 184
Trd, 000038.183, 148
Trd, 000039.233, 142
Trd, 000040.700, 147
Trd, 000041.817, 154
Trd, 000042.183, 149
Trd, 000043.983, 146
Trd, 000044.150, 158
Trd, 000045.483, 182
Trd, 000046.333, 150
Trd, 000046.667, 147
Trd, 000047.167, 160
Trd, 000047.383, 154
Trd, 000048.000, 140
Trd, 000049.417, 168
Trd, 000051.100, 145
Trd, 000051.517, 152
Trd, 000051.833, 149
Trd, 000052.133, 155
Trd, 000052.583, 157
Trd, 000053.117, 152
Trd, 000054.483, 167
Trd, 000055.900, 154
Trd, 000056.067, 145
Trd, 000056.467, 158
Trd, 000057.267, 169
Trd, 000058.183, 155
Trd, 000058.350, 158
Trd, 000059.317, 149
Trd, 000060.633, 143
Trd, 000060.900, 138
Trd, 000061.317, 161
Trd, 000062.050, 161
Trd, 000064.467, 156
Trd, 000064.600, 164
Trd, 000065.667, 163
Trd, 000066.450, 137
Trd, 000066.517, 138
Trd, 000067.383, 154
Trd, 000067.567, 168
Trd, 000067.950, 140
Trd, 000071.317, 152
Trd, 000071.783, 146
Trd, 000071.900, 169
Trd, 000073.283, 168
Trd, 000073.367, 170
Trd, 000073.817, 165
Trd, 000075.800, 146
Trd, 000076.517, 153
Trd, 000077.083, 167
Trd, 000077.283, 148
Trd, 000079.050, 165
Trd, 000079.267, 145
Trd, 000081.917, 145
Trd, 000081.983, 144
Trd, 000082.933, 154
Trd, 000083.017, 153
Trd, 000083.233, 148
Trd, 000083.717, 156
Trd, 000084.283, 140
Trd, 000084.633, 168
Trd, 000085.883, 170
Trd, 000086.200, 146
Trd, 000086.233, 149
Trd, 000086.633, 161
Trd, 000087.950, 172
Trd, 000090.100, 159
Trd, 000091.267, 159
Trd, 000092.300, 153
Trd, 000093.267, 158
Trd, 000093.367, 151
Trd, 000093.950, 159
Trd, 000095.883, 178
Trd, 000095.917, 152
Trd, 000096.067, 148
Trd, 000097.883, 161
Trd, 000099.083, 153
Trd, 000099.717, 150
Trd, 000100.683, 146
Trd, 000101.600, 158
Trd, 000101.733, 171
Trd, 000103.550, 153
Trd, 000103.800, 154
Trd, 000104.817, 147
Trd, 000106.000, 147
Trd, 000106.500, 171
Trd, 000106.767, 182
Trd, 000107.400, 158
Trd, 000108.200, 149
Trd, 000108.233, 147
Trd, 000108.483, 134
Trd, 000110.367, 149
Trd, 000111.350, 146
Trd, 000111.467, 155
Trd, 000111.650, 147
Trd, 000111.667, 139
Trd, 000112.733, 151
Trd, 000113.733, 165
Trd, 000116.467, 154
Trd, 000116.717, 150
Trd, 000116.767, 157
Trd, 000117.083, 178
Trd, 000118.117, 149
Trd, 000118.133, 147
Trd, 000118.200, 147
Trd, 000121.417, 145
Trd, 000121.517, 171
Trd, 000122.183, 179
Trd, 000122.250, 153
Trd, 000123.167, 161
Trd, 000123.683, 147
Trd, 000124.167, 143
Trd, 000125.533, 146
Trd, 000125.733, 154
Trd, 000126.250, 157
Trd, 000126.950, 151
Trd, 000127.883, 133
Trd, 000128.033, 126
Trd, 000128.383, 154
Trd, 000129.683, 165
Trd, 000131.800, 169
Trd, 000132.383, 146
Trd, 000133.283, 170
Trd, 000133.567, 156
Trd, 000135.550, 155
Trd, 000136.433, 155
Trd, 000137.483, 151
Trd, 000138.717, 149
Trd, 000138.817, 151
Trd, 000139.083, 157
Trd, 000139.533, 148
Trd, 000141.067, 146
Trd, 000141.450, 143
Trd, 000143.350, 141
Trd, 000144.800, 155
Trd, 000145.583, 168
Trd, 000146.517, 180
Trd, 000146.783, 161
Trd, 000146.983, 154
Trd, 000147.567, 154
Trd, 000147.817, 148
Trd, 000148.417, 148
Trd, 000149.900, 167
Trd, 000150.267, 140
Trd, 000151.167, 139
Trd, 000151.883, 137
Trd, 000154.467, 155
Trd, 000154.850, 151
Trd, 000155.717, 159
Trd, 000156.567, 171
Trd, 000156.933, 163
Trd, 000157.433, 156
Trd, 000158.117, 154
Trd, 000158.567, 165
Trd, 000159.900, 146
Trd, 000161.633, 142
Trd, 000161.750, 147
Trd, 000162.633, 149
Trd, 000162.917, 151
Trd, 000163.367, 169
Trd, 000165.417, 166
Trd, 000165.667, 178
Trd, 000165.983, 144
Trd, 000166.067, 146
Trd, 000166.733, 170
Trd, 000168.417, 148
Trd, 000170.133, 148
Trd, 000170.317, 149
Trd, 000171.300, 170
Trd, 000171.433, 143
Trd, 000171.450, 142
Trd, 000171.500, 148
Trd, 000171.683, 134
Trd, 000172.183, 142
Trd, 000172.367, 144
Trd, 000173.617, 172
Trd, 000174.350, 160
Trd, 000176.000, 109
Trd, 000176.150, 151
Trd, 000177.683, 164
Trd, 000178.450, 157
Trd, 000178.633, 171
Trd, 000179.183, 152
Trd, 000181.250, 146
Trd, 000181.483, 165
Trd, 000181.600, 139
Trd, 000182.233, 144
Trd, 000182.983, 149
Trd, 000184.967, 144
Trd, 000185.183, 148
Trd, 000185.450, 158
Trd, 000186.250, 141
Trd, 000186.583, 145
Trd, 000187.733, 151
Trd, 000187.817, 170
Trd, 000188.583, 173
Trd, 000188.700, 152
Trd, 000189.450, 145
Trd, 000189.600, 155
Trd, 000189.650, 162
Trd, 000191.733, 155
Trd, 000191.967, 154
Trd, 000192.583, 144
Trd, 000192.700, 155
Trd, 000194.783, 149
Trd, 000196.667, 154
Trd, 000197.100, 153
Trd, 000197.483, 146
Trd, 000197.600, 144
Trd, 000201.000, 161
Trd, 000201.233, 151
Trd, 000201.783, 174
Trd, 000202.067, 154
Trd, 000202.383, 168
Trd, 000205.617, 160
Trd, 000206.300, 152
Trd, 000206.317, 176
Trd, 000207.000, 192
Trd, 000208.850, 151
Trd, 000208.883, 155
Trd, 000209.250, 149
Trd, 000209.500, 148
Trd, 000211.900, 163
Trd, 000212.000, 154
Trd, 000212.417, 166
Trd, 000213.417, 147
Trd, 000214.317, 163
Trd, 000214.367, 146
Trd, 000215.467, 138
Trd, 000215.700, 143
Trd, 000216.733, 148
Trd, 000217.133, 148
Trd, 000217.400, 157
Trd, 000217.500, 151
Trd, 000217.517, 146
Trd, 000217.650, 141
Trd, 000218.117, 134
Trd, 000219.400, 155
Trd, 000219.867, 169
Trd, 000220.017, 147
Trd, 000221.217, 138
Trd, 000221.483, 145
Trd, 000222.067, 170
Trd, 000222.167, 147
Trd, 000222.450, 168
Trd, 000224.000, 154
Trd, 000224.967, 150
Trd, 000226.350, 142
Trd, 000227.600, 151
Trd, 000227.617, 148
Trd, 000227.900, 146
Trd, 000228.400, 140
Trd, 000228.433, 138
Trd, 000228.500, 155
Trd, 000229.350, 155
Trd, 000231.350, 108
Trd, 000232.567, 167
Trd, 000233.400, 170
Trd, 000233.817, 155
Trd, 000234.300, 130
Trd, 000234.367, 163
Trd, 000236.533, 159
Trd, 000236.833, 163
Trd, 000237.333, 163
Trd, 000238.083, 160
Trd, 000238.883, 150
Trd, 000241.783, 147
Trd, 000242.533, 152
Trd, 000242.633, 153
Trd, 000243.400, 149
Trd, 000243.717, 142
Trd, 000244.083, 134
Trd, 000244.483, 169
Trd, 000245.467, 132
Trd, 000246.450, 115
Trd, 000247.367, 137
Trd, 000247.683, 165
Trd, 000247.733, 154
Trd, 000248.817, 167
Trd, 000249.100, 144
Trd, 000250.000, 136
Trd, 000250.467, 165
Trd, 000250.667, 145
Trd, 000252.350, 155
Trd, 000252.800, 154
Trd, 000253.250, 150
Trd, 000254.000, 167
Trd, 000255.183, 147
Trd, 000255.467, 156
Trd, 000256.950, 151
Trd, 000257.233, 138
Trd, 000258.617, 144
Trd, 000258.800, 145
Trd, 000261.383, 131
Trd, 000261.667, 155
Trd, 000262.150, 148
Trd, 000262.933, 157
Trd, 000263.200, 172
Trd, 000263.450, 154
Trd, 000263.600, 156
Trd, 000264.933, 176
Trd, 000265.117, 158
Trd, 000265.183, 150
Trd, 000266.950, 155
Trd, 000267.317, 167
Trd, 000267.917, 159
Trd, 000268.317, 139
Trd, 000269.383, 143
Trd, 000270.267, 150
Trd, 000270.300, 169
Trd, 000271.267, 140
Trd, 000271.433, 106
Trd, 000271.583, 162
Trd, 000273.233, 149
Trd, 000273.467, 150
Trd, 000274.233, 150
Trd, 000276.217, 143
Trd, 000276.400, 158
Trd, 000276.517, 148
Trd, 000276.767, 154
Trd, 000276.783, 146
Trd, 000277.483, 137
Trd, 000277.633, 143
Trd, 000277.950, 134
Trd, 000278.467, 134
Trd, 000281.533, 146
Trd, 000281.867, 145
Trd, 000282.067, 144
Trd, 000282.267, 129
Trd, 000282.567, 145
Trd, 000283.083, 171
Trd, 000284.050, 148
Trd, 000284.467, 151
Trd, 000285.567, 150
Trd, 000287.083, 159
Trd, 000287.683, 148
Trd, 000287.917, 156
Trd, 000287.933, 147
Trd, 000288.450, 162
Trd, 000289.750, 155
Trd, 000290.600, 153
Trd, 000291.850, 152
Trd, 000292.300, 170
Trd, 000292.317, 151
Trd, 000292.433, 179
Trd, 000292.983, 145
Trd, 000293.167, 148
Trd, 000293.617, 168
Trd, 000293.700, 148
Trd, 000294.600, 139
Trd, 000295.483, 151
Trd, 000296.950, 178
Trd, 000296.983, 166
Trd, 000297.600, 146
Trd, 000297.700, 146
Trd, 000297.983, 173
Trd, 000298.467, 155
