Trd, 000005.117, 117
Trd, 000005.867, 170
Trd, 000006.033, 162
Trd, 000006.717, 171
Trd, 000007.000, 171
Trd, 000007.133, 153
Trd, 000008.067, 147
Trd, 000010.000, 152
Trd, 000010.300, 145
Trd, 000010.517, 161
Trd, 000010.683, 181
Trd, 000010.950, 134
Trd, 000011.217, 131
Trd, 000012.200, 162
Trd, 000014.883, 168
Trd, 000015.967, 154
Trd, 000016.033, 171
Trd, 000016.517, 156
Trd, 000016.850, 147
Trd, 000016.950, 156
Trd, 000017.433, 146
Trd, 000020.467, 141
Trd, 000020.733, 149
Trd, 000020.750, 155
Trd, 000021.550, 168
Trd, 000022.883, 155
Trd, 000024.133, 163
Trd, 000025.550, 136
Trd, 000025.567, 174
Trd, 000026.050, 179
Trd, 000026.333, 164
Trd, 000027.983, 171
Trd, 000028.667, 152
Trd, 000028.833, 148
Trd, 000028.900, 154
Trd, 000029.167, 158
Trd, 000029.533, 186
Trd, 000029.900, 146
Trd, 000030.533, 188
Trd, 000030.917, 162
Trd, 000031.400, 158
Trd, 000032.050, 170
Trd, 000032.133, 163
Trd, 000033.667, 167
Trd, 000035.750, 169
Trd, 000036.033, 160
Trd, 000036.617, 159
Trd, 000036.733, 159
Trd, 000037.017, 159
Trd, 000037.367, 157
Trd, 000037.717, 187
Trd, 000038.233, 160
Trd, 000039.550, 145
Trd, 000040.967, 179
Trd, 000041.133, 151
Trd, 000042.450, 177
Trd, 000042.750, 176
Trd, 000043.133, 167
Trd, 000044.517, 166
Trd, 000045.683, 150
Trd, 000045.883, 161
Trd, 000046.367, 142
Trd, 000046.533, 168
Trd, 000046.750, 120
Trd, 000047.767, 178
Trd, 000050.383, 176
Trd, 000050.567, 152
Trd, 000051.700, 153
Trd, 000052.200, 167
Trd, 000052.533, 142
Trd, 000052.717, 130
Trd, 000053.217, 149
Trd, 000054.300, 148
Trd, 000055.617, 189
Trd, 000057.750, 171
Trd, 000058.000, 168
Trd, 000059.200, 172
Trd, 000060.850, 154
Trd, 000061.117, 162
Trd, 000061.950, 168
Trd, 000062.400, 152
Trd, 000063.450, 182
Trd, 000063.583, 165
Trd, 000063.817, 137
Trd, 000064.650, 158
Trd, 000064.850, 143
Trd, 000065.550, 157
Trd, 000066.400, 164
Trd, 000066.517, 164
Trd, 000067.017, 165
Trd, 000068.583, 165
Trd, 000069.117, 163
Trd, 000069.733, 161
Trd, 000070.817, 145
Trd, 000070.967, 174
Trd, 000071.283, 161
Trd, 000072.650, 178
Trd, 000072.933, 169
Trd, 000073.833, 179
Trd, 000073.900, 162
Trd, 000074.667, 164
Trd, 000075.767, 137
Trd, 000077.533, 162
Trd, 000078.433, 167
Trd, 000079.967, 179
Trd, 000080.983, 165
Trd, 000081.400, 155
Trd, 000081.533, 167
Trd, 000082.450, 142
Trd, 000083.233, 177
Trd, 000083.450, 141
Trd, 000085.800, 148
Trd, 000086.150, 177
Trd, 000086.867, 168
Trd, 000087.800, 173
Trd, 000089.150, 177
Trd, 000089.767, 171
Trd, 000090.333, 141
Trd, 000090.800, 175
Trd, 000091.017, 152
Trd, 000091.367, 151
Trd, 000091.483, 183
Trd, 000091.617, 185
Trd, 000091.850, 165
Trd, 000091.967, 149
Trd, 000092.000, 167
Trd, 000092.317, 157
Trd, 000092.617, 136
Trd, 000093.450, 137
Trd, 000095.917, 150
Trd, 000096.250, 178
Trd, 000096.950, 173
Trd, 000097.500, 160
Trd, 000097.550, 152
Trd, 000098.417, 162
Trd, 000099.317, 167
Trd, 000099.967, 160
Trd, 000100.433, 166
Trd, 000102.150, 176
Trd, 000102.600, 156
Trd, 000103.317, 155
Trd, 000103.883, 179
Trd, 000104.983, 170
Trd, 000105.783, 152
Trd, 000106.300, 162
Trd, 000106.400, 182
Trd, 000107.150, 177
Trd, 000107.533, 165
Trd, 000108.700, 182
Trd, 000109.100, 178
Trd, 000111.433, 157
Trd, 000111.517, 151
Trd, 000111.583, 169
Trd, 000112.567, 160
Trd, 000112.767, 151
Trd, 000113.233, 173
Trd, 000113.550, 157
Trd, 000115.833, 195
Trd, 000116.317, 150
Trd, 000116.333, 158
Trd, 000116.617, 157
Trd, 000116.967, 178
Trd, 000117.250, 142
Trd, 000118.067, 155
Trd, 000119.150, 153
Trd, 000121.000, 114
Trd, 000121.317, 155
Trd, 000122.250, 167
Trd, 000122.283, 166
Trd, 000123.383, 172
Trd, 000125.333, 163
Trd, 000125.367, 158
Trd, 000126.033, 168
Trd, 000126.117, 182
Trd, 000126.683, 137
Trd, 000127.183, 149
Trd, 000130.633, 161
Trd, 000130.900, 169
Trd, 000131.083, 157
Trd, 000132.800, 175
Trd, 000133.600, 179
Trd, 000136.400, 170
Trd, 000136.867, 158
Trd, 000136.950, 160
Trd, 000137.400, 178
Trd, 000137.517, 158
Trd, 000137.533, 151
Trd, 000140.450, 151
Trd, 000141.267, 167
Trd, 000141.667, 156
Trd, 000141.917, 150
Trd, 000143.967, 163
Trd, 000145.317, 180
Trd, 000145.400, 144
Trd, 000146.050, 149
Trd, 000146.783, 156
Trd, 000147.550, 170
Trd, 000148.300, 155
Trd, 000149.467, 161
Trd, 000149.850, 179
Trd, 000151.367, 142
Trd, 000151.733, 174
Trd, 000152.833, 158
Trd, 000153.500, 168
Trd, 000153.800, 164
Trd, 000155.067, 165
Trd, 000155.600, 144
Trd, 000156.233, 178
Trd, 000156.883, 157
Trd, 000157.617, 167
Trd, 000157.850, 149
Trd, 000158.000, 148
Trd, 000158.667, 143
Trd, 000159.067, 179
Trd, 000160.083, 162
Trd, 000161.733, 173
Trd, 000162.250, 172
Trd, 000162.283, 178
Trd, 000162.900, 155
Trd, 000163.600, 150
Trd, 000163.717, 169
Trd, 000165.233, 159
Trd, 000166.333, 169
Trd, 000167.467, 172
Trd, 000167.700, 166
Trd, 000168.200, 157
Trd, 000168.250, 154
Trd, 000170.000, 168
Trd, 000171.317, 170
Trd, 000171.583, 148
Trd, 000171.950, 168
Trd, 000172.667, 158
Trd, 000172.767, 146
Trd, 000173.000, 166
Trd, 000173.650, 152
Trd, 000174.500, 171
Trd, 000176.467, 182
Trd, 000177.367, 174
Trd, 000177.767, 157
Trd, 000178.433, 161
Trd, 000178.783, 168
Trd, 000178.800, 148
Trd, 000179.917, 165
Trd, 000180.117, 163
Trd, 000180.700, 145
Trd, 000181.400, 140
Trd, 000182.000, 163
Trd, 000182.933, 169
Trd, 000183.500, 166
Trd, 000183.917, 155
Trd, 000184.333, 140
Trd, 000186.217, 192
Trd, 000186.433, 188
Trd, 000186.450, 159
Trd, 000186.767, 161
Trd, 000186.967, 165
Trd, 000187.083, 142
Trd, 000187.550, 161
Trd, 000188.567, 162
Trd, 000191.483, 180
Trd, 000192.100, 179
Trd, 000192.717, 173
Trd, 000192.883, 162
Trd, 000193.883, 137
Trd, 000194.767, 136
Trd, 000195.283, 167
Trd, 000195.417, 142
Trd, 000196.233, 132
Trd, 000196.433, 146
Trd, 000197.250, 159
Trd, 000197.567, 163
Trd, 000198.583, 166
Trd, 000198.933, 168
Trd, 000199.150, 165
Trd, 000199.500, 183
Trd, 000201.383, 159
Trd, 000202.117, 158
Trd, 000203.017, 150
Trd, 000203.700, 185
Trd, 000204.300, 175
Trd, 000206.333, 169
Trd, 000206.533, 174
Trd, 000206.833, 156
Trd, 000207.033, 161
Trd, 000207.617, 170
Trd, 000207.650, 155
Trd, 000208.517, 149
Trd, 000209.650, 160
Trd, 000211.800, 163
Trd, 000212.450, 171
Trd, 000212.467, 162
Trd, 000212.667, 172
Trd, 000213.967, 170
Trd, 000214.150, 150
Trd, 000215.350, 150
Trd, 000215.550, 133
Trd, 000216.583, 162
Trd, 000217.717, 169
Trd, 000217.883, 174
Trd, 000218.783, 153
Trd, 000219.217, 154
Trd, 000219.717, 158
Trd, 000219.800, 152
Trd, 000220.517, 165
Trd, 000221.450, 180
Trd, 000221.483, 160
Trd, 000221.700, 172
Trd, 000223.067, 180
Trd, 000223.433, 182
Trd, 000224.233, 160
Trd, 000224.600, 165
Trd, 000226.600, 174
Trd, 000227.500, 156
Trd, 000228.067, 164
Trd, 000229.033, 137
Trd, 000229.083, 141
Trd, 000231.317, 188
Trd, 000231.350, 175
Trd, 000231.467, 172
Trd, 000231.750, 143
Trd, 000232.550, 141
Trd, 000232.583, 140
Trd, 000233.217, 163
Trd, 000233.567, 154
Trd, 000236.683, 158
Trd, 000236.783, 153
Trd, 000237.633, 187
Trd, 000238.783, 179
Trd, 000240.317, 182
Trd, 000241.133, 161
Trd, 000241.417, 151
Trd, 000242.750, 167
Trd, 000242.933, 151
Trd, 000243.967, 163
Trd, 000244.567, 159
Trd, 000245.933, 131
Trd, 000246.067, 159
Trd, 000246.400, 134
Trd, 000246.600, 136
Trd, 000246.633, 154
Trd, 000246.667, 174
Trd, 000247.133, 145
Trd, 000248.233, 166
Trd, 000252.050, 155
Trd, 000252.300, 159
Trd, 000252.667, 164
Trd, 000253.200, 188
Trd, 000253.717, 191
Trd, 000254.050, 185
Trd, 000254.283, 157
Trd, 000256.750, 177
Trd, 000257.050, 170
Trd, 000257.967, 189
Trd, 000259.550, 182
Trd, 000259.683, 140
Trd, 000260.867, 162
Trd, 000260.917, 177
Trd, 000261.050, 135
Trd, 000261.667, 159
Trd, 000262.100, 167
Trd, 000262.833, 164
Trd, 000263.250, 152
Trd, 000263.883, 171
Trd, 000264.350, 167
Trd, 000266.550, 165
Trd, 000266.783, 160
Trd, 000268.067, 160
Trd, 000268.533, 168
Trd, 000269.283, 153
Trd, 000270.617, 172
Trd, 000270.900, 190
Trd, 000271.450, 160
Trd, 000273.900, 145
Trd, 000274.267, 137
Trd, 000274.450, 145
Trd, 000274.917, 167
Trd, 000275.083, 166
Trd, 000276.967, 166
Trd, 000277.933, 164
Trd, 000278.083, 158
Trd, 000278.833, 163
Trd, 000279.917, 150
Trd, 000281.517, 158
Trd, 000281.933, 175
Trd, 000282.767, 191
Trd, 000283.817, 149
Trd, 000283.983, 154
Trd, 000284.750, 152
Trd, 000287.867, 169
Trd, 000288.217, 181
Trd, 000289.900, 176
Trd, 000289.967, 173
Trd, 000290.417, 149
Trd, 000291.417, 151
Trd, 000291.683, 176
Trd, 000291.983, 169
Trd, 000292.633, 169
Trd, 000292.767, 157
Trd, 000296.167, 177
Trd, 000296.800, 170
Trd, 000297.300, 156
Trd, 000297.467, 162
Trd, 000297.517, 162
Trd, 000298.133, 161
