Trd, 000005.300, 130
Trd, 000005.400, 141
Trd, 000005.500, 129
Trd, 000005.533, 144
Trd, 000005.833, 119
Trd, 000005.867, 137
Trd, 000006.150, 137
Trd, 000006.333, 139
Trd, 000006.517, 124
Trd, 000008.467, 143
Trd, 000009.133, 163
Trd, 000010.350, 146
Trd, 000010.750, 148
Trd, 000011.517, 176
Trd, 000011.967, 179
Trd, 000012.433, 183
Trd, 000013.367, 157
Trd, 000014.917, 161
Trd, 000015.717, 149
Trd, 000015.867, 150
Trd, 000016.583, 180
Trd, 000016.800, 141
Trd, 000017.817, 161
Trd, 000018.250, 145
Trd, 000019.083, 147
Trd, 000020.300, 148
Trd, 000020.717, 177
Trd, 000021.667, 155
Trd, 000021.733, 176
Trd, 000023.167, 162
Trd, 000023.717, 147
Trd, 000024.183, 143
Trd, 000024.200, 136
Trd, 000025.067, 151
Trd, 000025.183, 144
Trd, 000025.983, 142
Trd, 000026.200, 135
Trd, 000027.667, 160
Trd, 000027.700, 157
Trd, 000030.450, 139
Trd, 000030.483, 184
Trd, 000030.917, 145
Trd, 000031.217, 136
Trd, 000031.467, 145
Trd, 000032.633, 121
Trd, 000033.067, 128
Trd, 000033.683, 129
Trd, 000035.767, 154
Trd, 000036.083, 166
Trd, 000036.367, 152
Trd, 000037.183, 147
Trd, 000038.033, 133
Trd, 000038.183, 139
Trd, 000039.117, 132
Trd, 000040.417, 189
Trd, 000040.567, 179
Trd, 000040.600, 174
Trd, 000040.867, 131
Trd, 000040.933, 181
Trd, 000042.183, 143
Trd, 000042.467, 132
Trd, 000042.567, 141
Trd, 000043.667, 126
Trd, 000045.600, 151
Trd, 000046.717, 153
Trd, 000047.167, 160
Trd, 000047.800, 148
Trd, 000048.250, 177
Trd, 000048.483, 145
Trd, 000048.667, 143
Trd, 000049.017, 158
Trd, 000050.450, 189
Trd, 000050.500, 172
Trd, 000050.867, 159
Trd, 000051.883, 159
Trd, 000052.850, 153
Trd, 000054.800, 145
Trd, 000055.483, 174
Trd, 000055.517, 171
Trd, 000056.550, 173
Trd, 000057.350, 155
Trd, 000057.533, 166
Trd, 000058.117, 150
Trd, 000058.217, 145
Trd, 000060.450, 144
Trd, 000061.000, 161
Trd, 000061.800, 143
Trd, 000063.417, 137
Trd, 000063.833, 139
Trd, 000065.983, 128
Trd, 000066.383, 161
Trd, 000066.717, 166
Trd, 000067.100, 158
Trd, 000067.883, 160
Trd, 000068.883, 167
Trd, 000069.183, 158
Trd, 000069.333, 161
Trd, 000070.567, 176
Trd, 000071.217, 136
Trd, 000071.267, 150
Trd, 000071.867, 128
Trd, 000071.967, 155
Trd, 000072.067, 157
Trd, 000072.950, 146
Trd, 000075.583, 179
Trd, 000076.017, 175
Trd, 000076.250, 147
Trd, 000077.717, 141
Trd, 000078.000, 145
Trd, 000078.033, 155
Trd, 000078.467, 162
Trd, 000080.817, 127
Trd, 000081.033, 145
Trd, 000081.900, 137
Trd, 000082.167, 152
Trd, 000083.833, 180
Trd, 000084.967, 184
Trd, 000085.717, 180
Trd, 000085.967, 181
Trd, 000086.683, 148
Trd, 000088.167, 157
Trd, 000089.583, 143
Trd, 000089.633, 144
Trd, 000091.117, 168
Trd, 000091.817, 191
Trd, 000092.417, 161
Trd, 000093.250, 148
Trd, 000094.117, 169
Trd, 000096.267, 136
Trd, 000096.400, 155
Trd, 000097.400, 130
Trd, 000097.467, 153
Trd, 000100.550, 158
Trd, 000101.217, 176
Trd, 000101.350, 161
Trd, 000101.583, 168
Trd, 000102.283, 174
Trd, 000103.067, 165
Trd, 000103.183, 156
Trd, 000104.033, 152
Trd, 000106.400, 152
Trd, 000106.483, 144
Trd, 000107.267, 134
Trd, 000107.467, 144
Trd, 000107.633, 173
Trd, 000108.133, 178
Trd, 000111.250, 180
Trd, 000111.933, 158
Trd, 000112.333, 161
Trd, 000112.833, 145
Trd, 000113.700, 141
Trd, 000113.917, 148
Trd, 000116.367, 177
Trd, 000116.917, 158
Trd, 000117.100, 146
Trd, 000117.983, 157
Trd, 000118.233, 156
Trd, 000118.617, 181
Trd, 000118.733, 141
Trd, 000119.567, 155
Trd, 000120.867, 145
Trd, 000121.017, 147
Trd, 000121.400, 177
Trd, 000121.433, 146
Trd, 000123.083, 143
Trd, 000123.183, 145
Trd, 000124.700, 169
Trd, 000125.050, 146
Trd, 000125.850, 181
Trd, 000126.233, 128
Trd, 000126.750, 139
Trd, 000127.217, 143
Trd, 000127.383, 152
Trd, 000127.800, 129
Trd, 000128.083, 131
Trd, 000130.983, 143
Trd, 000131.350, 157
Trd, 000131.933, 141
Trd, 000132.417, 184
Trd, 000132.917, 171
Trd, 000133.817, 149
Trd, 000136.583, 157
Trd, 000136.617, 157
Trd, 000136.933, 157
Trd, 000138.283, 147
Trd, 000138.750, 155
Trd, 000140.783, 155
Trd, 000141.267, 143
Trd, 000141.517, 148
Trd, 000142.117, 157
Trd, 000142.550, 152
Trd, 000144.050, 149
Trd, 000144.850, 145
Trd, 000146.083, 144
Trd, 000146.750, 147
Trd, 000147.100, 180
Trd, 000148.867, 152
Trd, 000151.083, 194
Trd, 000152.383, 152
Trd, 000152.517, 154
Trd, 000153.017, 156
Trd, 000153.417, 168
Trd, 000153.900, 145
Trd, 000154.850, 150
Trd, 000155.683, 160
Trd, 000156.400, 128
Trd, 000156.417, 149
Trd, 000156.917, 155
Trd, 000157.633, 157
Trd, 000157.767, 160
Trd, 000157.783, 151
Trd, 000158.317, 141
Trd, 000158.650, 177
Trd, 000161.417, 179
Trd, 000161.817, 169
Trd, 000162.317, 153
Trd, 000162.717, 175
Trd, 000163.283, 156
Trd, 000163.583, 145
Trd, 000164.050, 140
Trd, 000165.283, 139
Trd, 000166.150, 169
Trd, 000166.683, 152
Trd, 000166.833, 146
Trd, 000166.900, 146
Trd, 000166.967, 161
Trd, 000167.800, 146
Trd, 000169.367, 127
Trd, 000169.550, 130
Trd, 000171.917, 150
Trd, 000172.133, 165
Trd, 000172.500, 166
Trd, 000173.033, 161
Trd, 000173.700, 174
Trd, 000174.083, 163
Trd, 000175.233, 161
Trd, 000175.767, 157
Trd, 000176.667, 128
Trd, 000177.183, 130
Trd, 000177.883, 148
Trd, 000178.283, 155
Trd, 000179.483, 151
Trd, 000179.650, 141
Trd, 000179.700, 157
Trd, 000179.900, 158
Trd, 000180.950, 136
Trd, 000181.050, 146
Trd, 000181.600, 126
Trd, 000182.267, 164
Trd, 000183.617, 149
Trd, 000185.467, 142
Trd, 000186.183, 163
Trd, 000186.233, 155
Trd, 000186.950, 153
Trd, 000187.067, 149
Trd, 000187.167, 169
Trd, 000187.717, 144
Trd, 000189.717, 168
Trd, 000191.333, 187
Trd, 000191.617, 145
Trd, 000191.867, 138
Trd, 000193.783, 145
Trd, 000193.967, 161
Trd, 000194.467, 180
Trd, 000195.950, 154
Trd, 000196.183, 144
Trd, 000198.083, 151
Trd, 000198.467, 143
Trd, 000199.933, 156
Trd, 000200.483, 144
Trd, 000201.183, 188
Trd, 000201.983, 140
Trd, 000203.800, 138
Trd, 000204.050, 166
Trd, 000206.183, 169
Trd, 000206.667, 145
Trd, 000207.583, 157
Trd, 000209.233, 157
Trd, 000211.550, 147
Trd, 000212.500, 154
Trd, 000212.833, 157
Trd, 000213.567, 155
Trd, 000213.600, 163
Trd, 000214.517, 172
Trd, 000215.217, 182
Trd, 000216.233, 147
Trd, 000217.417, 142
Trd, 000218.117, 147
Trd, 000219.067, 127
Trd, 000221.517, 150
Trd, 000222.067, 179
Trd, 000222.167, 162
Trd, 000222.450, 189
Trd, 000222.800, 171
Trd, 000223.717, 164
Trd, 000224.333, 128
Trd, 000225.633, 123
Trd, 000227.417, 134
Trd, 000228.117, 133
Trd, 000228.367, 133
Trd, 000228.583, 138
Trd, 000228.650, 143
Trd, 000230.900, 133
Trd, 000231.000, 144
Trd, 000231.717, 143
Trd, 000231.900, 140
Trd, 000232.283, 154
Trd, 000232.683, 146
Trd, 000233.167, 134
Trd, 000233.417, 168
Trd, 000235.550, 160
Trd, 000236.017, 153
Trd, 000236.417, 139
Trd, 000237.350, 135
Trd, 000237.583, 146
Trd, 000238.583, 148
Trd, 000239.400, 138
Trd, 000240.583, 148
Trd, 000241.417, 165
Trd, 000241.500, 176
Trd, 000242.333, 143
Trd, 000242.950, 177
Trd, 000245.667, 155
Trd, 000246.550, 177
Trd, 000247.233, 153
Trd, 000248.117, 157
Trd, 000248.383, 160
Trd, 000248.450, 155
Trd, 000248.750, 152
Trd, 000249.733, 155
Trd, 000251.750, 124
Trd, 000252.550, 147
Trd, 000252.717, 157
Trd, 000253.067, 144
Trd, 000253.217, 148
Trd, 000253.817, 163
Trd, 000253.967, 184
Trd, 000254.650, 143
Trd, 000255.917, 154
Trd, 000256.517, 190
Trd, 000256.633, 153
Trd, 000257.067, 148
Trd, 000257.100, 160
Trd, 000257.717, 173
Trd, 000258.083, 146
Trd, 000261.500, 152
Trd, 000261.517, 190
Trd, 000262.083, 144
Trd, 000262.483, 122
Trd, 000264.233, 148
Trd, 000264.667, 142
Trd, 000266.583, 146
Trd, 000266.817, 160
Trd, 000267.133, 177
Trd, 000268.333, 162
Trd, 000269.117, 145
Trd, 000269.133, 143
Trd, 000269.817, 139
Trd, 000271.517, 182
Trd, 000273.167, 150
Trd, 000273.433, 165
Trd, 000274.033, 165
Trd, 000274.667, 158
Trd, 000275.200, 160
Trd, 000275.750, 170
Trd, 000277.167, 134
Trd, 000277.433, 130
Trd, 000277.983, 134
Trd, 000278.000, 151
Trd, 000278.767, 157
Trd, 000280.867, 149
Trd, 000281.650, 143
Trd, 000282.450, 149
Trd, 000282.717, 160
Trd, 000282.900, 147
Trd, 000283.667, 152
Trd, 000283.683, 145
Trd, 000284.067, 126
Trd, 000285.317, 149
Trd, 000286.883, 134
Trd, 000287.250, 152
Trd, 000288.167, 138
Trd, 000288.800, 169
Trd, 000288.917, 157
Trd, 000290.217, 161
Trd, 000290.783, 158
Trd, 000291.583, 190
Trd, 000291.617, 154
Trd, 000292.650, 132
Trd, 000292.833, 138
Trd, 000293.317, 149
Trd, 000295.033, 151
Trd, 000296.017, 141
Trd, 000296.783, 190
Trd, 000297.017, 184
Trd, 000297.217, 188
Trd, 000297.683, 148
Trd, 000297.967, 156
Trd, 000298.767, 160
Trd, 000299.917, 143
