Trd, 000005.150, 148
Trd, 000005.300, 139
Trd, 000005.633, 169
Trd, 000006.467, 137
Trd, 000006.750, 163
Trd, 000007.483, 167
Trd, 000007.617, 182
Trd, 000008.250, 142
Trd, 000010.233, 140
Trd, 000010.483, 135
Trd, 000010.917, 177
Trd, 000011.483, 150
Trd, 000012.300, 150
Trd, 000012.667, 157
Trd, 000014.283, 150
Trd, 000014.500, 157
Trd, 000015.800, 162
Trd, 000016.133, 164
Trd, 000016.550, 158
Trd, 000016.683, 170
Trd, 000018.033, 172
Trd, 000018.150, 163
Trd, 000018.467, 150
Trd, 000018.483, 141
Trd, 000018.750, 139
Trd, 000020.433, 176
Trd, 000021.683, 155
Trd, 000021.900, 148
Trd, 000022.750, 149
Trd, 000022.900, 147
Trd, 000024.550, 166
Trd, 000025.267, 134
Trd, 000025.517, 136
Trd, 000025.617, 136
Trd, 000026.767, 191
Trd, 000027.067, 173
Trd, 000027.617, 147
Trd, 000028.300, 156
Trd, 000029.133, 165
Trd, 000029.783, 160
Trd, 000030.233, 168
Trd, 000030.550, 132
Trd, 000030.900, 140
Trd, 000031.917, 180
Trd, 000033.867, 192
Trd, 000034.217, 165
Trd, 000035.017, 163
Trd, 000036.050, 162
Trd, 000036.883, 155
Trd, 000039.683, 164
Trd, 000040.050, 168
Trd, 000040.617, 184
Trd, 000041.517, 140
Trd, 000043.150, 150
Trd, 000043.483, 154
Trd, 000043.600, 172
Trd, 000044.550, 152
Trd, 000044.617, 158
Trd, 000045.000, 167
Trd, 000045.183, 145
Trd, 000045.417, 162
Trd, 000045.750, 149
Trd, 000046.350, 166
Trd, 000047.050, 162
Trd, 000048.250, 150
Trd, 000049.667, 146
Trd, 000050.233, 143
Trd, 000050.917, 150
Trd, 000052.750, 178
Trd, 000052.800, 152
Trd, 000053.717, 175
Trd, 000054.150, 157
Trd, 000056.250, 144
Trd, 000056.600, 149
Trd, 000057.383, 167
Trd, 000059.050, 173
Trd, 000059.467, 162
Trd, 000060.400, 135
Trd, 000061.200, 165
Trd, 000061.217, 184
Trd, 000061.950, 165
Trd, 000062.217, 148
Trd, 000063.417, 146
Trd, 000064.650, 152
Trd, 000065.483, 165
Trd, 000065.900, 153
Trd, 000066.050, 151
Trd, 000066.400, 157
Trd, 000066.517, 174
Trd, 000067.167, 147
Trd, 000068.100, 148
Trd, 000070.267, 150
Trd, 000070.617, 158
Trd, 000070.733, 145
Trd, 000070.967, 145
Trd, 000071.633, 158
Trd, 000071.850, 159
Trd, 000072.400, 147
Trd, 000072.617, 146
Trd, 000076.050, 126
Trd, 000077.850, 166
Trd, 000077.950, 161
Trd, 000078.167, 151
Trd, 000078.450, 171
Trd, 000079.733, 163
Trd, 000080.000, 150
Trd, 000082.000, 130
Trd, 000082.783, 181
Trd, 000083.083, 178
Trd, 000083.150, 164
Trd, 000083.867, 148
Trd, 000085.367, 160
Trd, 000085.867, 121
Trd, 000085.917, 125
Trd, 000086.033, 158
Trd, 000088.350, 155
Trd, 000089.267, 172
Trd, 000089.817, 158
Trd, 000090.833, 135
Trd, 000091.317, 143
Trd, 000092.750, 153
Trd, 000094.133, 143
Trd, 000094.417, 182
Trd, 000095.833, 172
Trd, 000096.567, 147
Trd, 000097.100, 145
Trd, 000097.150, 144
Trd, 000097.483, 140
Trd, 000098.433, 156
Trd, 000098.767, 142
Trd, 000099.233, 141
Trd, 000099.500, 163
Trd, 000101.117, 171
Trd, 000101.167, 154
Trd, 000101.467, 130
Trd, 000101.667, 139
Trd, 000102.983, 152
Trd, 000105.600, 172
Trd, 000106.050, 172
Trd, 000106.867, 149
Trd, 000107.000, 146
Trd, 000107.517, 143
Trd, 000108.550, 138
Trd, 000109.483, 145
Trd, 000109.950, 156
Trd, 000110.917, 142
Trd, 000111.000, 181
Trd, 000111.483, 174
Trd, 000112.100, 161
Trd, 000112.350, 169
Trd, 000112.817, 150
Trd, 000113.550, 146
Trd, 000113.783, 140
Trd, 000114.000, 172
Trd, 000116.250, 153
Trd, 000116.300, 147
Trd, 000116.950, 125
Trd, 000117.467, 157
Trd, 000117.483, 151
Trd, 000120.683, 177
Trd, 000121.233, 142
Trd, 000121.633, 153
Trd, 000122.483, 172
Trd, 000122.733, 158
Trd, 000122.750, 156
Trd, 000122.917, 154
Trd, 000123.317, 150
Trd, 000123.633, 148
Trd, 000125.950, 149
Trd, 000126.133, 147
Trd, 000126.267, 154
Trd, 000126.817, 161
Trd, 000127.767, 155
Trd, 000129.633, 149
Trd, 000130.950, 161
Trd, 000131.267, 154
Trd, 000132.083, 177
Trd, 000133.100, 161
Trd, 000133.700, 179
Trd, 000134.550, 160
Trd, 000135.883, 136
Trd, 000136.200, 146
Trd, 000136.367, 134
Trd, 000137.100, 158
Trd, 000138.200, 184
Trd, 000138.933, 142
Trd, 000139.450, 157
Trd, 000140.117, 141
Trd, 000141.267, 152
Trd, 000141.717, 150
Trd, 000141.750, 150
Trd, 000142.717, 168
Trd, 000142.933, 157
Trd, 000144.433, 178
Trd, 000146.033, 197
Trd, 000147.300, 163
Trd, 000147.750, 159
Trd, 000148.933, 168
Trd, 000150.183, 161
Trd, 000150.483, 155
Trd, 000151.250, 124
Trd, 000151.533, 156
Trd, 000151.717, 150
Trd, 000152.850, 167
Trd, 000152.983, 146
Trd, 000154.983, 161
Trd, 000156.267, 125
Trd, 000156.617, 152
Trd, 000158.233, 161
Trd, 000159.333, 165
Trd, 000159.733, 170
Trd, 000161.200, 177
Trd, 000162.300, 175
Trd, 000162.783, 159
Trd, 000163.583, 150
Trd, 000165.717, 149
Trd, 000167.017, 136
Trd, 000168.033, 145
Trd, 000168.867, 164
Trd, 000169.067, 134
Trd, 000172.650, 139
Trd, 000173.667, 159
Trd, 000173.700, 162
Trd, 000174.833, 165
Trd, 000176.017, 177
Trd, 000176.350, 147
Trd, 000176.450, 136
Trd, 000177.750, 151
Trd, 000178.167, 175
Trd, 000179.483, 143
Trd, 000179.850, 174
Trd, 000179.967, 158
Trd, 000180.717, 167
Trd, 000181.567, 174
Trd, 000181.600, 150
Trd, 000181.750, 150
Trd, 000183.950, 176
Trd, 000184.050, 175
Trd, 000185.833, 158
Trd, 000186.083, 148
Trd, 000186.167, 128
Trd, 000186.400, 193
Trd, 000187.117, 165
Trd, 000190.333, 157
Trd, 000191.883, 153
Trd, 000191.983, 150
Trd, 000192.183, 142
Trd, 000192.283, 140
Trd, 000192.367, 134
Trd, 000193.367, 162
Trd, 000193.983, 194
Trd, 000196.200, 139
Trd, 000197.933, 168
Trd, 000199.033, 159
Trd, 000199.200, 193
Trd, 000199.800, 153
Trd, 000200.467, 150
Trd, 000201.300, 173
Trd, 000201.900, 141
Trd, 000202.467, 165
Trd, 000202.517, 148
Trd, 000203.600, 144
Trd, 000203.800, 171
Trd, 000204.117, 137
Trd, 000205.283, 158
Trd, 000206.367, 127
Trd, 000206.800, 179
Trd, 000208.500, 176
Trd, 000209.200, 143
Trd, 000209.900, 150
Trd, 000209.967, 146
Trd, 000211.600, 133
Trd, 000213.600, 156
Trd, 000214.033, 150
Trd, 000214.583, 134
Trd, 000215.367, 160
Trd, 000216.200, 152
Trd, 000216.883, 150
Trd, 000217.233, 168
Trd, 000217.567, 144
Trd, 000217.750, 172
Trd, 000218.033, 178
Trd, 000219.033, 149
Trd, 000221.583, 117
Trd, 000222.883, 162
Trd, 000223.067, 150
Trd, 000223.083, 162
Trd, 000223.517, 169
Trd, 000224.100, 148
Trd, 000224.850, 156
Trd, 000225.133, 179
Trd, 000225.233, 176
Trd, 000225.867, 162
Trd, 000226.367, 127
Trd, 000227.267, 154
Trd, 000227.700, 173
Trd, 000229.450, 177
Trd, 000230.067, 169
Trd, 000231.367, 144
Trd, 000231.617, 158
Trd, 000231.750, 166
Trd, 000232.150, 144
Trd, 000233.083, 173
Trd, 000233.333, 147
Trd, 000234.750, 174
Trd, 000234.917, 175
Trd, 000235.783, 148
Trd, 000236.850, 160
Trd, 000237.133, 141
Trd, 000237.550, 160
Trd, 000238.933, 176
Trd, 000238.967, 166
Trd, 000239.783, 150
Trd, 000240.983, 147
Trd, 000241.850, 144
Trd, 000242.117, 147
Trd, 000242.167, 154
Trd, 000242.200, 165
Trd, 000242.300, 144
Trd, 000242.350, 172
Trd, 000242.417, 153
Trd, 000244.050, 145
Trd, 000246.500, 148
Trd, 000246.567, 148
Trd, 000247.050, 140
Trd, 000248.150, 171
Trd, 000249.733, 169
Trd, 000250.017, 152
Trd, 000251.467, 140
Trd, 000252.050, 139
Trd, 000253.167, 148
Trd, 000253.250, 167
Trd, 000254.733, 168
Trd, 000255.300, 176
Trd, 000256.317, 129
Trd, 000256.633, 144
Trd, 000256.800, 138
Trd, 000257.750, 149
Trd, 000257.767, 154
Trd, 000258.617, 148
Trd, 000260.450, 159
Trd, 000261.683, 160
Trd, 000261.883, 145
Trd, 000263.717, 173
Trd, 000264.117, 162
Trd, 000264.217, 156
Trd, 000265.350, 152
Trd, 000265.467, 150
Trd, 000265.650, 161
Trd, 000266.717, 158
Trd, 000266.900, 168
Trd, 000267.683, 168
Trd, 000269.150, 158
Trd, 000269.250, 162
Trd, 000270.433, 150
Trd, 000271.717, 161
Trd, 000273.433, 158
Trd, 000273.483, 144
Trd, 000273.950, 162
Trd, 000274.783, 163
Trd, 000275.367, 166
Trd, 000276.750, 162
Trd, 000277.300, 146
Trd, 000277.567, 155
Trd, 000277.767, 143
Trd, 000277.883, 194
Trd, 000277.917, 134
Trd, 000278.500, 162
Trd, 000279.300, 152
Trd, 000281.283, 136
Trd, 000281.633, 169
Trd, 000282.100, 148
Trd, 000282.567, 157
Trd, 000282.767, 168
Trd, 000283.033, 168
Trd, 000284.133, 180
Trd, 000285.833, 166
Trd, 000286.633, 140
Trd, 000287.467, 143
Trd, 000289.317, 149
Trd, 000289.333, 148
Trd, 000289.833, 155
Trd, 000291.933, 187
Trd, 000292.383, 150
Trd, 000293.150, 159
Trd, 000293.367, 148
Trd, 000295.233, 170
Trd, 000296.783, 171
Trd, 000297.000, 152
Trd, 000297.367, 189
Trd, 000297.767, 154
Trd, 000298.883, 150
Trd, 000299.750, 146
