Trd, 000005.317, 166
Trd, 000005.667, 177
Trd, 000005.800, 165
Trd, 000006.167, 159
Trd, 000006.317, 173
Trd, 000006.900, 172
Trd, 000007.017, 157
Trd, 000007.967, 149
Trd, 000009.417, 158
Trd, 000010.367, 155
Trd, 000010.583, 179
Trd, 000010.800, 168
Trd, 000012.033, 172
Trd, 000012.067, 163
Trd, 000012.267, 153
Trd, 000013.333, 153
Trd, 000014.067, 161
Trd, 000014.183, 146
Trd, 000015.083, 134
Trd, 000015.383, 156
Trd, 000015.450, 146
Trd, 000015.533, 180
Trd, 000016.683, 179
Trd, 000016.883, 152
Trd, 000017.317, 146
Trd, 000018.250, 173
Trd, 000020.967, 168
Trd, 000021.017, 143
Trd, 000021.100, 156
Trd, 000021.867, 145
Trd, 000022.683, 162
Trd, 000023.317, 158
Trd, 000024.183, 151
Trd, 000024.633, 140
Trd, 000025.283, 157
Trd, 000025.533, 138
Trd, 000025.783, 124
Trd, 000026.367, 146
Trd, 000026.450, 160
Trd, 000027.017, 139
Trd, 000027.817, 165
Trd, 000029.550, 177
Trd, 000030.783, 178
Trd, 000030.967, 161
Trd, 000031.250, 156
Trd, 000032.017, 150
Trd, 000032.483, 148
Trd, 000032.683, 172
Trd, 000033.567, 143
Trd, 000034.067, 140
Trd, 000034.717, 139
Trd, 000035.717, 171
Trd, 000036.133, 146
Trd, 000036.733, 145
Trd, 000037.583, 157
Trd, 000037.817, 153
Trd, 000038.367, 171
Trd, 000038.950, 165
Trd, 000039.033, 173
Trd, 000040.733, 158
Trd, 000040.783, 143
Trd, 000040.800, 172
Trd, 000040.950, 133
Trd, 000041.117, 157
Trd, 000041.617, 174
Trd, 000041.633, 169
Trd, 000044.117, 146
Trd, 000045.233, 164
Trd, 000045.267, 128
Trd, 000045.533, 155
Trd, 000046.033, 173
Trd, 000046.400, 171
Trd, 000046.433, 167
Trd, 000047.183, 158
Trd, 000047.383, 158
Trd, 000050.433, 142
Trd, 000051.467, 194
Trd, 000051.500, 172
Trd, 000052.500, 166
Trd, 000052.717, 146
Trd, 000053.600, 157
Trd, 000053.783, 156
Trd, 000054.850, 157
Trd, 000055.800, 153
Trd, 000055.967, 160
Trd, 000056.450, 157
Trd, 000056.950, 170
Trd, 000058.500, 172
Trd, 000059.000, 166
Trd, 000059.517, 158
Trd, 000060.683, 117
Trd, 000060.750, 136
Trd, 000060.783, 116
Trd, 000061.300, 157
Trd, 000061.917, 188
Trd, 000062.500, 190
Trd, 000063.183, 163
Trd, 000063.417, 151
Trd, 000064.050, 140
Trd, 000064.500, 192
Trd, 000065.500, 153
Trd, 000065.700, 157
Trd, 000065.717, 172
Trd, 000066.683, 176
Trd, 000067.217, 172
Trd, 000069.483, 163
Trd, 000071.300, 158
Trd, 000071.867, 171
Trd, 000072.833, 158
Trd, 000073.517, 151
Trd, 000075.633, 123
Trd, 000075.900, 152
Trd, 000076.450, 172
Trd, 000076.950, 163
Trd, 000077.367, 158
Trd, 000078.983, 175
Trd, 000080.600, 158
Trd, 000080.650, 156
Trd, 000081.283, 144
Trd, 000081.350, 140
Trd, 000081.717, 132
Trd, 000082.217, 158
Trd, 000083.350, 182
Trd, 000083.667, 170
Trd, 000085.533, 172
Trd, 000085.783, 184
Trd, 000086.217, 158
Trd, 000086.633, 144
Trd, 000086.967, 159
Trd, 000087.850, 185
Trd, 000088.017, 151
Trd, 000089.900, 168
Trd, 000090.033, 148
Trd, 000090.933, 171
Trd, 000091.217, 175
Trd, 000091.433, 177
Trd, 000091.650, 164
Trd, 000092.300, 163
Trd, 000092.533, 162
Trd, 000092.950, 153
Trd, 000094.633, 153
Trd, 000094.700, 142
Trd, 000095.233, 143
Trd, 000095.767, 185
Trd, 000096.500, 129
Trd, 000097.167, 152
Trd, 000097.667, 156
Trd, 000098.250, 138
Trd, 000098.417, 145
Trd, 000098.933, 163
Trd, 000099.117, 154
Trd, 000099.983, 142
Trd, 000100.650, 140
Trd, 000101.100, 155
Trd, 000102.200, 157
Trd, 000102.600, 171
Trd, 000102.667, 146
Trd, 000102.867, 145
Trd, 000105.333, 159
Trd, 000105.917, 141
Trd, 000106.283, 158
Trd, 000106.633, 182
Trd, 000106.867, 150
Trd, 000107.000, 171
Trd, 000107.817, 158
Trd, 000108.517, 166
Trd, 000109.400, 153
Trd, 000109.567, 143
Trd, 000110.950, 174
Trd, 000111.450, 174
Trd, 000111.550, 155
Trd, 000112.000, 168
Trd, 000112.983, 171
Trd, 000113.317, 166
Trd, 000115.817, 158
Trd, 000116.017, 163
Trd, 000116.467, 157
Trd, 000116.650, 153
Trd, 000117.317, 184
Trd, 000119.100, 172
Trd, 000120.367, 172
Trd, 000121.100, 142
Trd, 000121.400, 167
Trd, 000121.600, 172
Trd, 000121.650, 161
Trd, 000121.800, 140
Trd, 000122.133, 156
Trd, 000122.650, 169
Trd, 000123.300, 150
Trd, 000123.667, 152
Trd, 000125.117, 149
Trd, 000125.633, 155
Trd, 000126.267, 168
Trd, 000126.967, 177
Trd, 000127.167, 170
Trd, 000128.100, 158
Trd, 000128.150, 141
Trd, 000128.267, 137
Trd, 000128.383, 135
Trd, 000128.567, 144
Trd, 000128.767, 174
Trd, 000129.533, 161
Trd, 000130.917, 141
Trd, 000131.317, 158
Trd, 000131.517, 158
Trd, 000132.117, 175
Trd, 000132.917, 169
Trd, 000134.383, 166
Trd, 000135.567, 156
Trd, 000136.200, 182
Trd, 000136.217, 148
Trd, 000136.583, 142
Trd, 000136.900, 148
Trd, 000137.700, 163
Trd, 000138.033, 165
Trd, 000138.517, 171
Trd, 000139.467, 169
Trd, 000141.067, 187
Trd, 000141.317, 177
Trd, 000142.267, 178
Trd, 000143.833, 172
Trd, 000144.800, 163
Trd, 000144.883, 171
Trd, 000145.383, 177
Trd, 000145.767, 143
Trd, 000146.017, 192
Trd, 000146.300, 187
Trd, 000146.633, 180
Trd, 000146.967, 170
Trd, 000148.600, 162
Trd, 000148.933, 148
Trd, 000149.817, 141
Trd, 000150.233, 153
Trd, 000150.667, 148
Trd, 000151.017, 135
Trd, 000151.367, 164
Trd, 000151.600, 145
Trd, 000151.733, 163
Trd, 000152.983, 172
Trd, 000153.067, 162
Trd, 000154.917, 153
Trd, 000156.083, 185
Trd, 000156.850, 150
Trd, 000156.883, 151
Trd, 000157.283, 160
Trd, 000157.333, 149
Trd, 000159.667, 161
Trd, 000161.167, 151
Trd, 000161.483, 156
Trd, 000161.917, 150
Trd, 000162.300, 184
Trd, 000163.867, 172
Trd, 000164.800, 154
Trd, 000165.967, 169
Trd, 000166.567, 165
Trd, 000166.700, 151
Trd, 000168.100, 177
Trd, 000168.733, 180
Trd, 000168.917, 160
Trd, 000169.183, 137
Trd, 000169.550, 143
Trd, 000170.017, 153
Trd, 000171.300, 154
Trd, 000171.483, 162
Trd, 000172.650, 171
Trd, 000173.650, 155
Trd, 000174.050, 151
Trd, 000174.417, 173
Trd, 000175.267, 144
Trd, 000176.500, 156
Trd, 000176.600, 166
Trd, 000176.617, 155
Trd, 000178.417, 171
Trd, 000178.833, 151
Trd, 000180.017, 164
Trd, 000180.167, 147
Trd, 000181.467, 170
Trd, 000181.633, 152
Trd, 000182.267, 145
Trd, 000182.333, 146
Trd, 000182.617, 158
Trd, 000183.350, 140
Trd, 000184.100, 172
Trd, 000184.450, 174
Trd, 000184.717, 158
Trd, 000186.250, 167
Trd, 000186.700, 141
Trd, 000186.750, 165
Trd, 000187.233, 151
Trd, 000187.867, 147
Trd, 000187.967, 140
Trd, 000191.467, 171
Trd, 000191.633, 160
Trd, 000192.217, 157
Trd, 000192.233, 151
Trd, 000192.683, 169
Trd, 000193.483, 155
Trd, 000194.667, 155
Trd, 000194.850, 150
Trd, 000196.117, 168
Trd, 000196.550, 180
Trd, 000197.383, 171
Trd, 000198.383, 175
Trd, 000198.433, 165
Trd, 000199.733, 154
Trd, 000201.400, 172
Trd, 000202.033, 178
Trd, 000202.300, 158
Trd, 000202.700, 154
Trd, 000202.950, 162
Trd, 000203.433, 147
Trd, 000204.333, 164
Trd, 000205.267, 150
Trd, 000206.850, 163
Trd, 000207.067, 153
Trd, 000207.183, 168
Trd, 000209.200, 164
Trd, 000210.667, 164
Trd, 000211.600, 139
Trd, 000211.650, 147
Trd, 000212.133, 143
Trd, 000212.667, 156
Trd, 000213.017, 182
Trd, 000213.267, 172
Trd, 000213.583, 161
Trd, 000213.600, 154
Trd, 000213.750, 171
Trd, 000214.900, 164
Trd, 000216.200, 151
Trd, 000216.500, 180
Trd, 000216.900, 172
Trd, 000217.750, 142
Trd, 000219.833, 141
Trd, 000220.200, 132
Trd, 000220.550, 153
Trd, 000221.267, 151
Trd, 000222.133, 169
Trd, 000222.183, 171
Trd, 000222.283, 136
Trd, 000222.833, 171
Trd, 000223.250, 176
Trd, 000224.250, 158
Trd, 000226.483, 177
Trd, 000227.067, 178
Trd, 000227.717, 150
Trd, 000228.100, 172
Trd, 000229.400, 161
Trd, 000230.483, 152
Trd, 000231.050, 143
Trd, 000231.733, 171
Trd, 000232.550, 158
Trd, 000232.567, 151
Trd, 000232.733, 145
Trd, 000233.317, 173
Trd, 000233.767, 180
Trd, 000236.450, 142
Trd, 000236.833, 176
Trd, 000237.017, 171
Trd, 000238.300, 159
Trd, 000239.650, 178
Trd, 000240.217, 159
Trd, 000240.500, 166
Trd, 000240.583, 155
Trd, 000240.617, 150
Trd, 000241.400, 170
Trd, 000241.517, 161
Trd, 000242.500, 182
Trd, 000242.550, 145
Trd, 000243.717, 166
Trd, 000243.933, 174
Trd, 000244.600, 162
Trd, 000245.050, 194
Trd, 000246.117, 165
Trd, 000246.233, 156
Trd, 000246.350, 145
Trd, 000246.633, 172
Trd, 000247.233, 157
Trd, 000247.467, 160
Trd, 000247.500, 167
Trd, 000247.950, 158
Trd, 000248.350, 141
Trd, 000249.017, 138
Trd, 000249.150, 142
Trd, 000251.850, 187
Trd, 000252.283, 171
Trd, 000252.867, 173
Trd, 000253.583, 155
Trd, 000253.950, 172
Trd, 000254.233, 158
Trd, 000254.667, 149
Trd, 000256.000, 155
Trd, 000257.017, 180
Trd, 000257.067, 158
Trd, 000258.033, 160
Trd, 000258.383, 150
Trd, 000260.567, 169
Trd, 000260.917, 161
Trd, 000260.950, 157
Trd, 000261.317, 164
Trd, 000261.467, 171
Trd, 000262.567, 176
Trd, 000263.267, 165
Trd, 000264.250, 162
Trd, 000264.367, 153
Trd, 000265.733, 172
Trd, 000265.750, 149
Trd, 000266.400, 134
Trd, 000267.117, 152
Trd, 000267.300, 171
Trd, 000267.800, 169
Trd, 000267.967, 159
Trd, 000269.250, 178
Trd, 000269.917, 150
Trd, 000271.033, 172
Trd, 000271.450, 186
Trd, 000271.767, 139
Trd, 000272.000, 171
Trd, 000272.083, 124
Trd, 000274.433, 162
Trd, 000274.567, 177
Trd, 000276.900, 143
Trd, 000277.017, 151
Trd, 000277.317, 153
Trd, 000277.767, 148
Trd, 000278.700, 172
Trd, 000279.867, 198
Trd, 000281.433, 160
Trd, 000281.917, 162
Trd, 000282.417, 147
Trd, 000282.483, 161
Trd, 000282.900, 171
Trd, 000283.700, 141
Trd, 000284.000, 167
Trd, 000284.917, 146
Trd, 000286.833, 171
Trd, 000287.017, 162
Trd, 000287.183, 156
Trd, 000287.633, 166
Trd, 000287.900, 147
Trd, 000287.950, 153
Trd, 000288.650, 177
Trd, 000291.800, 141
Trd, 000292.050, 179
Trd, 000292.433, 155
Trd, 000292.550, 153
Trd, 000292.833, 168
Trd, 000293.400, 164
Trd, 000296.717, 136
Trd, 000297.167, 140
Trd, 000297.383, 145
Trd, 000297.750, 180
Trd, 000298.083, 170
Trd, 000298.450, 158
Trd, 000298.817, 144
Trd, 000299.667, 149
