Trd, 000005.150, 187
Trd, 000005.583, 162
Trd, 000005.750, 133
Trd, 000006.233, 159
Trd, 000006.250, 152
Trd, 000006.983, 140
Trd, 000007.233, 157
Trd, 000007.283, 167
Trd, 000007.833, 138
Trd, 000008.233, 144
Trd, 000009.150, 162
Trd, 000010.550, 121
Trd, 000011.733, 151
Trd, 000012.217, 156
Trd, 000012.500, 178
Trd, 000013.233, 160
Trd, 000013.750, 151
Trd, 000014.383, 147
Trd, 000014.900, 164
Trd, 000015.650, 162
Trd, 000016.167, 159
Trd, 000017.933, 160
Trd, 000018.900, 152
Trd, 000019.300, 155
Trd, 000019.583, 166
Trd, 000019.733, 154
Trd, 000020.383, 133
Trd, 000020.733, 141
Trd, 000022.133, 148
Trd, 000022.767, 171
Trd, 000024.100, 143
Trd, 000024.850, 174
Trd, 000024.933, 168
Trd, 000025.383, 182
Trd, 000025.467, 156
Trd, 000026.183, 165
Trd, 000026.283, 143
Trd, 000027.117, 153
Trd, 000027.450, 184
Trd, 000028.417, 164
Trd, 000028.500, 141
Trd, 000029.983, 136
Trd, 000030.683, 131
Trd, 000030.883, 147
Trd, 000031.050, 178
Trd, 000031.550, 153
Trd, 000033.767, 164
Trd, 000034.517, 157
Trd, 000035.600, 184
Trd, 000035.683, 152
Trd, 000036.433, 168
Trd, 000036.567, 151
Trd, 000036.783, 152
Trd, 000037.517, 147
Trd, 000038.800, 168
Trd, 000040.667, 125
Trd, 000040.767, 155
Trd, 000041.250, 141
Trd, 000041.533, 122
Trd, 000042.600, 150
Trd, 000043.317, 177
Trd, 000045.950, 152
Trd, 000046.250, 134
Trd, 000046.433, 149
Trd, 000046.850, 156
Trd, 000046.917, 162
Trd, 000047.183, 148
Trd, 000048.283, 150
Trd, 000049.567, 155
Trd, 000050.483, 135
Trd, 000050.833, 135
Trd, 000051.283, 132
Trd, 000051.467, 145
Trd, 000051.883, 175
Trd, 000053.500, 147
Trd, 000053.983, 153
Trd, 000055.583, 151
Trd, 000056.050, 150
Trd, 000057.267, 146
Trd, 000057.883, 148
Trd, 000058.383, 161
Trd, 000058.650, 149
Trd, 000058.717, 148
Trd, 000059.000, 169
Trd, 000061.233, 122
Trd, 000061.783, 143
Trd, 000062.000, 159
Trd, 000062.533, 165
Trd, 000062.850, 156
Trd, 000062.883, 149
Trd, 000063.383, 149
Trd, 000065.833, 106
Trd, 000066.067, 117
Trd, 000066.850, 145
Trd, 000067.000, 147
Trd, 000067.250, 148
Trd, 000068.900, 137
Trd, 000069.067, 128
Trd, 000070.150, 142
Trd, 000071.133, 176
Trd, 000071.567, 143
Trd, 000073.067, 165
Trd, 000074.233, 167
Trd, 000075.200, 161
Trd, 000075.733, 173
Trd, 000076.200, 149
Trd, 000076.367, 130
Trd, 000077.367, 148
Trd, 000077.517, 149
Trd, 000077.783, 160
Trd, 000078.633, 169
Trd, 000080.800, 149
Trd, 000081.950, 127
Trd, 000082.083, 130
Trd, 000082.683, 148
Trd, 000082.917, 123
Trd, 000084.250, 177
Trd, 000084.583, 150
Trd, 000084.600, 156
Trd, 000085.083, 144
Trd, 000085.950, 184
Trd, 000086.017, 160
Trd, 000087.417, 167
Trd, 000088.167, 187
Trd, 000088.400, 170
Trd, 000088.983, 174
Trd, 000089.033, 164
Trd, 000090.883, 137
Trd, 000091.983, 147
Trd, 000092.233, 130
Trd, 000093.250, 156
Trd, 000094.000, 157
Trd, 000095.200, 151
Trd, 000096.150, 170
Trd, 000096.300, 165
Trd, 000097.767, 168
Trd, 000098.200, 170
Trd, 000098.217, 180
Trd, 000098.617, 187
Trd, 000098.767, 163
Trd, 000099.000, 162
Trd, 000099.600, 151
Trd, 000099.817, 136
Trd, 000100.917, 128
Trd, 000101.133, 158
Trd, 000101.250, 138
Trd, 000101.817, 142
Trd, 000104.550, 158
Trd, 000106.083, 155
Trd, 000106.450, 159
Trd, 000106.567, 156
Trd, 000107.100, 175
Trd, 000107.767, 184
Trd, 000107.850, 159
Trd, 000108.150, 155
Trd, 000110.800, 159
Trd, 000110.883, 122
Trd, 000111.817, 195
Trd, 000111.867, 167
Trd, 000112.867, 167
Trd, 000115.817, 151
Trd, 000116.033, 157
Trd, 000116.317, 176
Trd, 000116.950, 159
Trd, 000118.217, 189
Trd, 000118.383, 146
Trd, 000119.100, 180
Trd, 000120.700, 151
Trd, 000120.800, 183
Trd, 000121.483, 185
Trd, 000121.850, 162
Trd, 000124.350, 148
Trd, 000125.917, 179
Trd, 000127.417, 156
Trd, 000128.217, 161
Trd, 000128.233, 189
Trd, 000129.133, 177
Trd, 000129.400, 141
Trd, 000130.967, 164
Trd, 000132.283, 176
Trd, 000132.417, 184
Trd, 000132.550, 163
Trd, 000132.850, 158
Trd, 000133.167, 150
Trd, 000136.317, 186
Trd, 000136.483, 175
Trd, 000136.733, 163
Trd, 000137.167, 155
Trd, 000137.333, 154
Trd, 000139.867, 160
Trd, 000141.467, 165
Trd, 000142.783, 138
Trd, 000142.833, 150
Trd, 000143.000, 137
Trd, 000143.183, 137
Trd, 000144.683, 143
Trd, 000145.950, 118
Trd, 000146.267, 157
Trd, 000146.667, 144
Trd, 000148.233, 182
Trd, 000148.383, 147
Trd, 000148.867, 148
Trd, 000150.583, 155
Trd, 000151.817, 189
Trd, 000152.783, 169
Trd, 000153.300, 172
Trd, 000153.800, 148
Trd, 000154.050, 145
Trd, 000155.850, 147
Trd, 000156.050, 112
Trd, 000156.133, 165
Trd, 000156.600, 167
Trd, 000157.250, 135
Trd, 000159.133, 151
Trd, 000159.867, 156
Trd, 000161.367, 133
Trd, 000161.767, 117
Trd, 000161.933, 117
Trd, 000162.083, 173
Trd, 000162.650, 176
Trd, 000162.700, 162
Trd, 000166.367, 179
Trd, 000166.433, 159
Trd, 000166.700, 151
Trd, 000166.983, 185
Trd, 000168.033, 154
Trd, 000168.683, 142
Trd, 000169.267, 156
Trd, 000169.967, 140
Trd, 000170.333, 140
Trd, 000170.433, 131
Trd, 000171.450, 143
Trd, 000171.583, 143
Trd, 000171.667, 160
Trd, 000171.783, 146
Trd, 000174.217, 154
Trd, 000174.833, 149
Trd, 000176.450, 172
Trd, 000176.867, 155
Trd, 000177.150, 159
Trd, 000177.733, 153
Trd, 000178.650, 158
Trd, 000179.767, 157
Trd, 000180.517, 146
Trd, 000181.633, 158
Trd, 000181.683, 160
Trd, 000181.700, 165
Trd, 000182.267, 150
Trd, 000184.217, 156
Trd, 000185.350, 148
Trd, 000186.033, 172
Trd, 000186.200, 136
Trd, 000187.400, 160
Trd, 000188.683, 148
Trd, 000189.450, 143
Trd, 000190.083, 139
Trd, 000190.300, 175
Trd, 000191.367, 113
Trd, 000192.233, 152
Trd, 000193.067, 153
Trd, 000193.317, 151
Trd, 000194.483, 150
Trd, 000196.867, 171
Trd, 000197.150, 163
Trd, 000197.467, 159
Trd, 000197.500, 152
Trd, 000198.667, 138
Trd, 000198.683, 138
Trd, 000201.467, 166
Trd, 000202.017, 158
Trd, 000202.050, 163
Trd, 000202.233, 148
Trd, 000202.500, 154
Trd, 000202.933, 147
Trd, 000203.350, 175
Trd, 000205.150, 144
Trd, 000205.317, 136
Trd, 000205.683, 157
Trd, 000207.183, 173
Trd, 000207.233, 163
Trd, 000207.417, 171
Trd, 000207.517, 155
Trd, 000208.517, 154
Trd, 000209.367, 152
Trd, 000209.933, 160
Trd, 000210.033, 147
Trd, 000211.567, 164
Trd, 000211.800, 168
Trd, 000212.800, 159
Trd, 000213.433, 120
Trd, 000213.450, 131
Trd, 000213.900, 143
Trd, 000214.383, 144
Trd, 000215.250, 161
Trd, 000216.300, 122
Trd, 000217.400, 155
Trd, 000217.600, 176
Trd, 000218.050, 149
Trd, 000218.150, 145
Trd, 000219.567, 148
Trd, 000219.917, 143
Trd, 000221.050, 167
Trd, 000221.583, 161
Trd, 000221.650, 185
Trd, 000222.233, 178
Trd, 000223.983, 147
Trd, 000226.650, 110
Trd, 000226.667, 135
Trd, 000227.433, 148
Trd, 000227.633, 165
Trd, 000228.250, 147
Trd, 000229.217, 135
Trd, 000229.467, 163
Trd, 000231.500, 119
Trd, 000231.517, 154
Trd, 000231.717, 140
Trd, 000233.867, 176
Trd, 000234.117, 171
Trd, 000236.517, 184
Trd, 000236.583, 175
Trd, 000237.033, 169
Trd, 000237.400, 182
Trd, 000237.867, 167
Trd, 000237.917, 155
Trd, 000238.517, 144
Trd, 000239.567, 150
Trd, 000240.550, 160
Trd, 000241.467, 171
Trd, 000242.083, 181
Trd, 000242.517, 150
Trd, 000242.933, 135
Trd, 000245.617, 156
Trd, 000246.267, 145
Trd, 000246.617, 141
Trd, 000246.800, 154
Trd, 000247.750, 182
Trd, 000247.800, 165
Trd, 000248.033, 140
Trd, 000248.050, 153
Trd, 000249.650, 164
Trd, 000249.917, 148
Trd, 000250.033, 153
Trd, 000251.650, 183
Trd, 000251.850, 164
Trd, 000252.100, 162
Trd, 000253.733, 158
Trd, 000253.800, 172
Trd, 000253.917, 152
Trd, 000254.367, 146
Trd, 000254.550, 144
Trd, 000255.500, 150
Trd, 000256.417, 139
Trd, 000257.033, 161
Trd, 000257.150, 154
Trd, 000257.517, 141
Trd, 000259.567, 143
Trd, 000260.067, 151
Trd, 000261.033, 164
Trd, 000261.483, 149
Trd, 000261.933, 166
Trd, 000262.750, 153
Trd, 000262.767, 138
Trd, 000263.667, 162
Trd, 000265.200, 182
Trd, 000265.917, 158
Trd, 000266.017, 147
Trd, 000266.500, 110
Trd, 000266.600, 119
Trd, 000266.717, 135
Trd, 000267.233, 159
Trd, 000268.917, 149
Trd, 000269.350, 174
Trd, 000270.067, 156
Trd, 000271.083, 151
Trd, 000271.917, 160
Trd, 000272.433, 178
Trd, 000273.233, 163
Trd, 000274.067, 155
Trd, 000274.133, 138
Trd, 000275.167, 155
Trd, 000275.500, 148
Trd, 000276.667, 182
Trd, 000277.017, 129
Trd, 000279.950, 170
Trd, 000280.683, 167
Trd, 000280.733, 181
Trd, 000281.000, 162
Trd, 000281.867, 140
Trd, 000282.517, 129
Trd, 000283.767, 142
Trd, 000284.100, 146
Trd, 000284.183, 154
Trd, 000284.600, 172
Trd, 000285.450, 165
Trd, 000286.650, 137
Trd, 000287.017, 130
Trd, 000287.433, 133
Trd, 000288.283, 139
Trd, 000288.517, 152
Trd, 000288.667, 159
Trd, 000290.867, 156
Trd, 000291.667, 189
Trd, 000292.183, 160
Trd, 000292.367, 163
Trd, 000293.800, 174
Trd, 000294.183, 145
Trd, 000294.450, 164
Trd, 000295.100, 168
Trd, 000296.600, 108
Trd, 000296.750, 153
Trd, 000297.000, 158
Trd, 000297.267, 169
Trd, 000297.617, 124
Trd, 000298.350, 156
