Trd, 000005.533, 137
Trd, 000005.683, 131
Trd, 000006.317, 142
Trd, 000006.333, 140
Trd, 000006.750, 144
Trd, 000008.050, 149
Trd, 000008.533, 152
Trd, 000009.217, 160
Trd, 000010.533, 128
Trd, 000010.733, 141
Trd, 000011.333, 165
Trd, 000011.433, 164
Trd, 000012.017, 162
Trd, 000014.550, 150
Trd, 000014.717, 144
Trd, 000014.750, 141
Trd, 000015.417, 175
Trd, 000015.533, 165
Trd, 000015.783, 193
Trd, 000016.833, 158
Trd, 000018.050, 156
Trd, 000020.217, 138
Trd, 000020.733, 164
Trd, 000021.083, 159
Trd, 000022.900, 167
Trd, 000023.833, 153
Trd, 000023.917, 159
Trd, 000024.917, 148
Trd, 000025.417, 149
Trd, 000025.750, 148
Trd, 000026.233, 164
Trd, 000028.017, 153
Trd, 000028.067, 135
Trd, 000028.917, 168
Trd, 000029.167, 158
Trd, 000030.400, 151
Trd, 000031.583, 164
Trd, 000031.600, 162
Trd, 000031.967, 149
Trd, 000032.683, 142
Trd, 000033.200, 147
Trd, 000033.967, 159
Trd, 000034.833, 146
Trd, 000035.367, 130
Trd, 000036.200, 142
Trd, 000036.600, 152
Trd, 000036.800, 161
Trd, 000037.617, 166
Trd, 000037.733, 156
Trd, 000037.967, 148
Trd, 000040.667, 128
Trd, 000041.233, 169
Trd, 000043.183, 149
Trd, 000043.667, 156
Trd, 000045.000, 165
Trd, 000045.650, 116
Trd, 000045.867, 122
Trd, 000045.900, 159
Trd, 000046.717, 156
Trd, 000046.850, 170
Trd, 000046.933, 155
Trd, 000051.933, 147
Trd, 000052.133, 135
Trd, 000053.133, 158
Trd, 000053.417, 153
Trd, 000053.817, 151
Trd, 000055.533, 134
Trd, 000056.083, 122
Trd, 000057.817, 172
Trd, 000058.267, 168
Trd, 000058.583, 159
Trd, 000058.800, 159
Trd, 000058.883, 134
Trd, 000061.150, 122
Trd, 000061.517, 132
Trd, 000061.533, 132
Trd, 000061.633, 106
Trd, 000062.850, 145
Trd, 000063.400, 146
Trd, 000063.583, 138
Trd, 000063.867, 152
Trd, 000064.917, 146
Trd, 000065.783, 147
Trd, 000066.150, 157
Trd, 000068.183, 162
Trd, 000070.083, 163
Trd, 000071.067, 185
Trd, 000071.083, 163
Trd, 000071.400, 173
Trd, 000072.150, 133
Trd, 000072.217, 133
Trd, 000072.800, 164
Trd, 000074.517, 158
Trd, 000076.083, 162
Trd, 000076.350, 150
Trd, 000076.783, 159
Trd, 000081.550, 171
Trd, 000082.700, 147
Trd, 000083.300, 183
Trd, 000085.183, 134
Trd, 000085.650, 140
Trd, 000086.450, 162
Trd, 000087.000, 140
Trd, 000087.100, 140
Trd, 000088.100, 153
Trd, 000088.950, 157
Trd, 000090.300, 147
Trd, 000091.133, 149
Trd, 000091.250, 147
Trd, 000092.100, 165
Trd, 000092.283, 138
Trd, 000093.967, 162
Trd, 000095.117, 150
Trd, 000095.750, 120
Trd, 000096.183, 132
Trd, 000096.933, 168
Trd, 000098.667, 169
Trd, 000100.400, 159
Trd, 000100.767, 112
Trd, 000100.833, 122
Trd, 000101.433, 128
Trd, 000101.467, 139
Trd, 000104.283, 155
Trd, 000104.783, 164
Trd, 000105.967, 137
Trd, 000107.117, 129
Trd, 000108.200, 155
Trd, 000108.400, 170
Trd, 000109.950, 168
Trd, 000110.067, 145
Trd, 000111.067, 130
Trd, 000111.367, 139
Trd, 000111.450, 130
Trd, 000111.567, 137
Trd, 000111.900, 154
Trd, 000112.367, 135
Trd, 000112.550, 154
Trd, 000115.367, 161
Trd, 000115.983, 151
Trd, 000118.000, 162
Trd, 000119.817, 167
Trd, 000120.650, 149
Trd, 000121.583, 172
Trd, 000122.383, 167
Trd, 000122.983, 153
Trd, 000124.067, 149
Trd, 000124.817, 157
Trd, 000124.833, 156
Trd, 000125.967, 133
Trd, 000126.483, 139
Trd, 000128.183, 160
Trd, 000129.383, 163
Trd, 000130.967, 169
Trd, 000131.050, 140
Trd, 000131.800, 132
Trd, 000132.833, 152
Trd, 000135.517, 143
Trd, 000136.033, 112
Trd, 000136.417, 139
Trd, 000136.800, 156
Trd, 000137.050, 145
Trd, 000137.067, 128
Trd, 000137.250, 151
Trd, 000139.500, 152
Trd, 000139.950, 153
Trd, 000142.833, 145
Trd, 000143.117, 169
Trd, 000144.500, 159
Trd, 000144.600, 161
Trd, 000144.867, 165
Trd, 000146.050, 196
Trd, 000147.450, 155
Trd, 000147.700, 149
Trd, 000149.217, 156
Trd, 000150.150, 148
Trd, 000150.917, 171
Trd, 000151.567, 173
Trd, 000151.850, 142
Trd, 000152.917, 135
Trd, 000154.100, 139
Trd, 000154.267, 152
Trd, 000156.817, 131
Trd, 000158.483, 152
Trd, 000159.583, 158
Trd, 000159.633, 143
Trd, 000159.783, 160
Trd, 000160.367, 165
Trd, 000161.200, 187
Trd, 000163.300, 156
Trd, 000164.017, 159
Trd, 000164.750, 141
Trd, 000165.617, 140
Trd, 000165.683, 157
Trd, 000166.383, 110
Trd, 000167.733, 167
Trd, 000168.600, 166
Trd, 000168.833, 159
Trd, 000169.000, 168
Trd, 000169.450, 159
Trd, 000171.600, 179
Trd, 000172.467, 168
Trd, 000172.950, 148
Trd, 000172.983, 143
Trd, 000173.033, 135
Trd, 000173.300, 154
Trd, 000176.183, 123
Trd, 000176.500, 143
Trd, 000177.567, 146
Trd, 000181.433, 167
Trd, 000182.017, 177
Trd, 000183.383, 153
Trd, 000185.250, 138
Trd, 000186.683, 155
Trd, 000187.267, 173
Trd, 000187.883, 147
Trd, 000188.083, 141
Trd, 000188.333, 156
Trd, 000191.183, 122
Trd, 000191.367, 128
Trd, 000191.483, 142
Trd, 000192.383, 159
Trd, 000193.467, 165
Trd, 000194.083, 141
Trd, 000194.117, 159
Trd, 000194.733, 149
Trd, 000196.133, 144
Trd, 000196.367, 177
Trd, 000196.583, 140
Trd, 000202.917, 162
Trd, 000203.517, 156
Trd, 000206.317, 104
Trd, 000206.450, 117
Trd, 000206.483, 125
Trd, 000206.933, 144
Trd, 000207.700, 175
Trd, 000209.100, 132
Trd, 000210.050, 159
Trd, 000210.283, 161
Trd, 000212.050, 134
Trd, 000213.767, 158
Trd, 000213.867, 152
Trd, 000214.400, 145
Trd, 000215.100, 161
Trd, 000216.383, 179
Trd, 000216.700, 149
Trd, 000216.833, 134
Trd, 000216.950, 148
Trd, 000217.633, 160
Trd, 000218.800, 136
Trd, 000219.667, 163
Trd, 000220.633, 136
Trd, 000221.333, 157
Trd, 000222.317, 141
Trd, 000222.567, 149
Trd, 000222.750, 142
Trd, 000223.933, 172
Trd, 000225.083, 161
Trd, 000226.317, 149
Trd, 000226.817, 156
Trd, 000226.883, 156
Trd, 000228.867, 171
Trd, 000229.133, 160
Trd, 000230.250, 153
Trd, 000230.633, 148
Trd, 000230.967, 144
Trd, 000231.700, 152
Trd, 000232.017, 162
Trd, 000232.583, 150
Trd, 000232.683, 129
Trd, 000235.383, 170
Trd, 000235.667, 140
Trd, 000236.550, 182
Trd, 000237.950, 150
Trd, 000238.033, 163
Trd, 000239.000, 158
Trd, 000239.950, 159
Trd, 000241.550, 130
Trd, 000245.033, 155
Trd, 000245.450, 151
Trd, 000246.617, 144
Trd, 000248.483, 158
Trd, 000248.567, 148
Trd, 000248.633, 147
Trd, 000248.683, 145
Trd, 000249.350, 158
Trd, 000249.800, 153
Trd, 000251.817, 160
Trd, 000252.817, 159
Trd, 000253.150, 147
Trd, 000253.233, 163
Trd, 000253.933, 154
Trd, 000256.350, 144
Trd, 000256.667, 169
Trd, 000257.517, 160
Trd, 000258.717, 173
Trd, 000258.767, 176
Trd, 000260.433, 149
Trd, 000261.467, 133
Trd, 000261.683, 172
Trd, 000264.000, 164
Trd, 000264.033, 148
Trd, 000265.433, 156
Trd, 000265.800, 156
Trd, 000265.950, 165
Trd, 000266.633, 160
Trd, 000267.517, 178
Trd, 000267.833, 168
Trd, 000268.033, 156
Trd, 000271.350, 126
Trd, 000272.367, 147
Trd, 000272.550, 154
Trd, 000273.800, 154
Trd, 000276.800, 120
Trd, 000277.817, 133
Trd, 000277.983, 127
Trd, 000278.017, 133
Trd, 000278.283, 143
Trd, 000280.567, 165
Trd, 000281.700, 116
Trd, 000281.717, 128
Trd, 000283.533, 180
Trd, 000284.483, 157
Trd, 000284.950, 159
Trd, 000286.217, 145
Trd, 000286.567, 174
Trd, 000287.350, 155
Trd, 000287.950, 137
Trd, 000288.383, 152
Trd, 000288.633, 161
Trd, 000289.950, 161
Trd, 000290.933, 142
Trd, 000291.117, 134
Trd, 000291.500, 158
Trd, 000292.833, 148
Trd, 000293.950, 142
Trd, 000294.833, 142
Trd, 000295.050, 139
Trd, 000295.367, 146
Trd, 000297.867, 138
Trd, 000298.067, 133
Trd, 000298.533, 155
Trd, 000299.133, 155
