Trd, 000005.583, 126
Trd, 000005.667, 132
Trd, 000005.700, 142
Trd, 000005.933, 120
Trd, 000006.150, 131
Trd, 000006.350, 137
Trd, 000006.400, 145
Trd, 000007.500, 150
Trd, 000009.233, 136
Trd, 000009.317, 151
Trd, 000010.250, 165
Trd, 000010.567, 155
Trd, 000010.633, 146
Trd, 000011.000, 151
Trd, 000011.117, 185
Trd, 000011.400, 161
Trd, 000012.250, 158
Trd, 000013.717, 160
Trd, 000014.850, 152
Trd, 000015.017, 164
Trd, 000015.317, 133
Trd, 000015.417, 116
Trd, 000016.017, 130
Trd, 000016.133, 145
Trd, 000016.167, 152
Trd, 000016.217, 154
Trd, 000016.450, 159
Trd, 000016.483, 160
Trd, 000017.283, 121
Trd, 000019.350, 176
Trd, 000019.383, 154
Trd, 000020.733, 155
Trd, 000021.000, 149
Trd, 000021.683, 150
Trd, 000021.933, 140
Trd, 000022.050, 157
Trd, 000022.800, 160
Trd, 000023.467, 143
Trd, 000023.617, 137
Trd, 000024.200, 162
Trd, 000026.000, 163
Trd, 000026.317, 148
Trd, 000026.667, 178
Trd, 000026.950, 145
Trd, 000027.517, 145
Trd, 000027.933, 155
Trd, 000028.183, 141
Trd, 000029.067, 152
Trd, 000029.733, 143
Trd, 000030.717, 118
Trd, 000030.800, 152
Trd, 000030.850, 156
Trd, 000031.183, 173
Trd, 000031.550, 148
Trd, 000032.433, 164
Trd, 000032.917, 152
Trd, 000034.067, 141
Trd, 000035.433, 172
Trd, 000035.783, 170
Trd, 000036.083, 151
Trd, 000036.617, 141
Trd, 000036.733, 149
Trd, 000037.117, 152
Trd, 000037.683, 156
Trd, 000038.817, 163
Trd, 000038.900, 151
Trd, 000040.500, 113
Trd, 000040.633, 124
Trd, 000040.683, 133
Trd, 000040.817, 138
Trd, 000042.083, 128
Trd, 000042.117, 140
Trd, 000043.683, 155
Trd, 000044.683, 161
Trd, 000044.850, 154
Trd, 000045.300, 157
Trd, 000045.600, 117
Trd, 000046.400, 134
Trd, 000047.350, 150
Trd, 000047.783, 158
Trd, 000047.900, 154
Trd, 000048.283, 152
Trd, 000050.450, 166
Trd, 000050.467, 174
Trd, 000050.533, 154
Trd, 000050.583, 142
Trd, 000051.033, 132
Trd, 000051.733, 175
Trd, 000051.850, 152
Trd, 000052.483, 149
Trd, 000053.117, 163
Trd, 000055.983, 175
Trd, 000056.250, 167
Trd, 000056.283, 164
Trd, 000056.433, 150
Trd, 000056.467, 146
Trd, 000059.667, 171
Trd, 000059.933, 162
Trd, 000060.233, 156
Trd, 000060.433, 127
Trd, 000060.817, 160
Trd, 000061.033, 151
Trd, 000061.817, 141
Trd, 000062.033, 152
Trd, 000062.500, 145
Trd, 000062.783, 147
Trd, 000063.150, 158
Trd, 000063.283, 161
Trd, 000065.700, 164
Trd, 000065.900, 183
Trd, 000066.250, 159
Trd, 000067.300, 142
Trd, 000067.417, 138
Trd, 000069.450, 159
Trd, 000069.483, 162
Trd, 000071.033, 151
Trd, 000072.100, 144
Trd, 000072.167, 139
Trd, 000072.367, 127
Trd, 000072.817, 135
Trd, 000074.750, 147
Trd, 000075.550, 169
Trd, 000075.600, 169
Trd, 000075.817, 139
Trd, 000077.683, 157
Trd, 000079.700, 149
Trd, 000080.550, 115
Trd, 000080.783, 184
Trd, 000080.867, 153
Trd, 000081.117, 177
Trd, 000081.133, 160
Trd, 000081.450, 161
Trd, 000081.700, 131
Trd, 000082.783, 163
Trd, 000086.533, 161
Trd, 000086.917, 160
Trd, 000087.133, 171
Trd, 000087.900, 142
Trd, 000088.333, 151
Trd, 000088.883, 150
Trd, 000089.033, 163
Trd, 000091.067, 146
Trd, 000091.517, 135
Trd, 000092.200, 154
Trd, 000092.400, 157
Trd, 000093.550, 165
Trd, 000094.017, 157
Trd, 000094.933, 169
Trd, 000095.267, 157
Trd, 000095.317, 147
Trd, 000095.867, 139
Trd, 000095.967, 141
Trd, 000096.150, 139
Trd, 000096.650, 164
Trd, 000097.683, 182
Trd, 000098.733, 176
Trd, 000099.967, 162
Trd, 000100.233, 156
Trd, 000100.683, 117
Trd, 000101.450, 131
Trd, 000101.800, 146
Trd, 000101.967, 143
Trd, 000102.367, 136
Trd, 000102.967, 141
Trd, 000105.367, 152
Trd, 000106.083, 131
Trd, 000106.283, 136
Trd, 000106.400, 140
Trd, 000107.733, 146
Trd, 000108.483, 140
Trd, 000108.567, 143
Trd, 000109.283, 141
Trd, 000109.950, 162
Trd, 000110.750, 155
Trd, 000110.917, 167
Trd, 000111.133, 150
Trd, 000111.267, 159
Trd, 000111.917, 154
Trd, 000112.533, 148
Trd, 000113.950, 163
Trd, 000115.867, 113
Trd, 000116.100, 144
Trd, 000116.367, 137
Trd, 000116.483, 146
Trd, 000116.700, 155
Trd, 000117.767, 156
Trd, 000118.667, 146
Trd, 000118.950, 139
Trd, 000120.800, 157
Trd, 000121.200, 138
Trd, 000121.583, 155
Trd, 000121.600, 160
Trd, 000121.817, 150
Trd, 000122.033, 152
Trd, 000122.500, 148
Trd, 000125.617, 164
Trd, 000126.017, 141
Trd, 000126.067, 144
Trd, 000126.933, 131
Trd, 000127.183, 140
Trd, 000127.400, 134
Trd, 000128.283, 129
Trd, 000128.583, 151
Trd, 000129.233, 152
Trd, 000131.250, 118
Trd, 000131.283, 126
Trd, 000131.517, 140
Trd, 000131.783, 154
Trd, 000132.450, 182
Trd, 000133.000, 150
Trd, 000135.150, 174
Trd, 000135.300, 151
Trd, 000135.900, 133
Trd, 000135.933, 153
Trd, 000136.367, 116
Trd, 000136.500, 138
Trd, 000136.867, 143
Trd, 000137.150, 148
Trd, 000137.333, 129
Trd, 000137.383, 161
Trd, 000138.200, 170
Trd, 000140.267, 163
Trd, 000141.183, 151
Trd, 000141.400, 164
Trd, 000141.500, 166
Trd, 000141.700, 162
Trd, 000141.850, 144
Trd, 000143.017, 140
Trd, 000143.183, 136
Trd, 000145.383, 136
Trd, 000146.050, 129
Trd, 000146.317, 138
Trd, 000146.567, 152
Trd, 000147.150, 133
Trd, 000147.300, 145
Trd, 000147.317, 148
Trd, 000147.433, 128
Trd, 000149.217, 172
Trd, 000149.450, 154
Trd, 000150.383, 164
Trd, 000151.367, 155
Trd, 000151.417, 144
Trd, 000152.567, 158
Trd, 000154.033, 152
Trd, 000154.217, 155
Trd, 000154.900, 138
Trd, 000155.350, 152
Trd, 000156.483, 164
Trd, 000156.567, 163
Trd, 000156.967, 156
Trd, 000157.033, 160
Trd, 000157.433, 155
Trd, 000157.717, 141
Trd, 000157.817, 148
Trd, 000157.967, 154
Trd, 000160.850, 144
Trd, 000161.033, 175
Trd, 000161.583, 179
Trd, 000161.617, 160
Trd, 000162.150, 163
Trd, 000163.083, 162
Trd, 000163.867, 160
Trd, 000164.650, 147
Trd, 000166.017, 137
Trd, 000166.517, 151
Trd, 000166.950, 116
Trd, 000167.150, 154
Trd, 000168.800, 162
Trd, 000171.017, 157
Trd, 000171.517, 161
Trd, 000171.567, 152
Trd, 000171.700, 142
Trd, 000172.433, 145
Trd, 000172.867, 157
Trd, 000174.133, 168
Trd, 000175.200, 176
Trd, 000176.717, 155
Trd, 000176.850, 148
Trd, 000177.067, 142
Trd, 000177.367, 156
Trd, 000177.567, 159
Trd, 000177.900, 136
Trd, 000178.100, 148
Trd, 000181.250, 151
Trd, 000181.633, 143
Trd, 000181.733, 153
Trd, 000182.267, 159
Trd, 000182.433, 142
Trd, 000183.233, 152
Trd, 000183.517, 137
Trd, 000186.000, 159
Trd, 000186.300, 142
Trd, 000188.217, 152
Trd, 000188.967, 144
Trd, 000189.000, 162
Trd, 000189.983, 148
Trd, 000190.317, 150
Trd, 000191.167, 126
Trd, 000191.650, 141
Trd, 000191.767, 150
Trd, 000192.283, 159
Trd, 000192.767, 133
Trd, 000195.867, 170
Trd, 000196.033, 114
Trd, 000196.267, 138
Trd, 000196.400, 152
Trd, 000196.617, 154
Trd, 000196.717, 158
Trd, 000197.883, 150
Trd, 000198.000, 148
Trd, 000198.183, 144
Trd, 000199.150, 143
Trd, 000201.200, 156
Trd, 000201.383, 144
Trd, 000201.583, 128
Trd, 000201.733, 141
Trd, 000202.250, 124
Trd, 000202.983, 123
Trd, 000203.483, 168
Trd, 000205.450, 150
Trd, 000206.317, 137
Trd, 000206.450, 130
Trd, 000206.517, 163
Trd, 000206.650, 151
Trd, 000206.717, 147
Trd, 000206.900, 168
Trd, 000207.300, 137
Trd, 000209.867, 152
Trd, 000211.750, 134
Trd, 000212.167, 131
Trd, 000212.450, 144
Trd, 000214.100, 165
Trd, 000214.250, 154
Trd, 000215.383, 148
Trd, 000215.650, 165
Trd, 000215.800, 162
Trd, 000216.450, 157
Trd, 000216.700, 162
Trd, 000217.150, 177
Trd, 000217.750, 155
Trd, 000218.500, 186
Trd, 000218.817, 155
Trd, 000218.983, 147
Trd, 000219.217, 146
Trd, 000219.583, 139
Trd, 000221.417, 168
Trd, 000221.450, 113
Trd, 000221.750, 157
Trd, 000222.683, 140
Trd, 000223.100, 139
Trd, 000223.167, 141
Trd, 000223.583, 143
Trd, 000223.733, 163
Trd, 000223.833, 137
Trd, 000226.150, 117
Trd, 000226.600, 176
Trd, 000227.250, 163
Trd, 000227.283, 159
Trd, 000227.550, 146
Trd, 000228.067, 152
Trd, 000228.900, 163
Trd, 000229.850, 169
Trd, 000230.267, 170
Trd, 000230.733, 154
Trd, 000231.383, 149
Trd, 000231.617, 176
Trd, 000232.017, 152
Trd, 000232.700, 138
Trd, 000233.217, 151
Trd, 000236.533, 136
Trd, 000237.133, 174
Trd, 000237.467, 161
Trd, 000238.100, 132
Trd, 000238.400, 157
Trd, 000238.583, 165
Trd, 000239.533, 128
Trd, 000241.600, 134
Trd, 000241.667, 141
Trd, 000241.967, 152
Trd, 000242.167, 140
Trd, 000242.517, 152
Trd, 000243.100, 152
Trd, 000244.467, 149
Trd, 000245.733, 151
Trd, 000246.350, 140
Trd, 000246.600, 113
Trd, 000246.733, 128
Trd, 000246.983, 152
Trd, 000247.283, 155
Trd, 000247.700, 149
Trd, 000248.533, 159
Trd, 000249.633, 159
Trd, 000250.950, 147
Trd, 000251.567, 165
Trd, 000251.683, 171
Trd, 000251.883, 166
Trd, 000252.450, 160
Trd, 000252.517, 155
Trd, 000252.833, 146
Trd, 000252.983, 167
Trd, 000253.900, 145
Trd, 000254.483, 150
Trd, 000256.267, 119
Trd, 000256.400, 173
Trd, 000256.450, 165
Trd, 000257.400, 164
Trd, 000257.650, 150
Trd, 000258.633, 158
Trd, 000259.267, 142
Trd, 000261.983, 159
Trd, 000262.283, 142
Trd, 000262.383, 161
Trd, 000262.800, 158
Trd, 000263.100, 176
Trd, 000263.933, 144
Trd, 000265.167, 152
Trd, 000266.850, 172
Trd, 000267.183, 169
Trd, 000267.283, 151
Trd, 000268.333, 146
Trd, 000268.850, 149
Trd, 000269.317, 142
Trd, 000269.483, 149
Trd, 000272.283, 169
Trd, 000272.567, 164
Trd, 000272.883, 175
Trd, 000273.500, 152
Trd, 000274.250, 151
Trd, 000274.717, 151
Trd, 000274.933, 142
Trd, 000276.500, 118
Trd, 000277.300, 137
Trd, 000278.333, 158
Trd, 000278.417, 152
Trd, 000278.783, 145
Trd, 000279.517, 151
Trd, 000280.017, 154
Trd, 000280.983, 133
Trd, 000281.900, 146
Trd, 000282.000, 145
Trd, 000282.250, 158
Trd, 000282.817, 146
Trd, 000284.950, 170
Trd, 000285.100, 158
Trd, 000285.900, 166
Trd, 000286.083, 162
Trd, 000286.600, 137
Trd, 000287.300, 134
Trd, 000287.383, 131
Trd, 000288.017, 135
Trd, 000288.433, 158
Trd, 000289.267, 161
Trd, 000289.567, 169
Trd, 000290.417, 149
Trd, 000290.617, 169
Trd, 000291.567, 174
Trd, 000291.617, 132
Trd, 000292.033, 153
Trd, 000292.167, 188
Trd, 000293.033, 162
Trd, 000293.500, 153
Trd, 000294.550, 160
Trd, 000294.733, 175
Trd, 000296.217, 162
Trd, 000296.233, 135
Trd, 000296.933, 172
Trd, 000297.200, 166
Trd, 000297.533, 166
Trd, 000297.550, 146
Trd, 000297.867, 158
Trd, 000297.917, 159
