Trd, 000005.167, 137
Trd, 000005.867, 140
Trd, 000006.033, 161
Trd, 000006.317, 160
Trd, 000006.667, 146
Trd, 000006.700, 145
Trd, 000007.183, 147
Trd, 000008.417, 145
Trd, 000010.733, 164
Trd, 000010.767, 158
Trd, 000011.150, 146
Trd, 000011.667, 145
Trd, 000013.833, 142
Trd, 000014.383, 155
Trd, 000016.917, 163
Trd, 000017.117, 164
Trd, 000017.183, 167
Trd, 000019.783, 166
Trd, 000020.467, 189
Trd, 000020.583, 172
Trd, 000025.400, 162
Trd, 000026.283, 169
Trd, 000026.600, 156
Trd, 000028.967, 171
Trd, 000030.267, 137
Trd, 000030.950, 158
Trd, 000031.250, 161
Trd, 000031.983, 144
Trd, 000033.367, 179
Trd, 000034.867, 136
Trd, 000035.483, 144
Trd, 000035.650, 136
Trd, 000035.983, 138
Trd, 000036.067, 148
Trd, 000036.467, 142
Trd, 000038.067, 165
Trd, 000040.900, 175
Trd, 000041.200, 158
Trd, 000042.617, 181
Trd, 000043.167, 163
Trd, 000045.900, 160
Trd, 000046.100, 153
Trd, 000046.750, 171
Trd, 000047.050, 147
Trd, 000048.983, 176
Trd, 000050.000, 146
Trd, 000050.167, 148
Trd, 000050.567, 168
Trd, 000053.967, 172
Trd, 000054.850, 164
Trd, 000054.883, 152
Trd, 000055.017, 149
Trd, 000055.150, 149
Trd, 000055.617, 190
Trd, 000056.750, 156
Trd, 000059.750, 143
Trd, 000060.067, 149
Trd, 000060.233, 173
Trd, 000060.617, 133
Trd, 000061.450, 154
Trd, 000064.133, 160
Trd, 000065.017, 165
Trd, 000066.700, 149
Trd, 000067.817, 157
Trd, 000067.950, 152
Trd, 000068.400, 162
Trd, 000068.483, 179
Trd, 000069.000, 148
Trd, 000070.333, 170
Trd, 000070.783, 150
Trd, 000071.267, 165
Trd, 000073.300, 183
Trd, 000075.783, 126
Trd, 000077.583, 140
Trd, 000078.917, 158
Trd, 000082.067, 162
Trd, 000083.083, 157
Trd, 000083.550, 151
Trd, 000083.867, 155
Trd, 000086.650, 184
Trd, 000087.533, 164
Trd, 000087.883, 163
Trd, 000089.133, 149
Trd, 000089.767, 165
Trd, 000090.633, 172
Trd, 000091.333, 147
Trd, 000091.850, 163
Trd, 000093.450, 176
Trd, 000093.900, 160
Trd, 000097.700, 143
Trd, 000097.767, 132
Trd, 000098.167, 150
Trd, 000099.050, 152
Trd, 000099.283, 144
Trd, 000100.050, 161
Trd, 000101.283, 155
Trd, 000101.733, 160
Trd, 000101.983, 147
Trd, 000102.267, 155
Trd, 000105.200, 146
Trd, 000105.350, 150
Trd, 000106.200, 152
Trd, 000107.500, 172
Trd, 000107.583, 150
Trd, 000107.867, 147
Trd, 000108.783, 149
Trd, 000110.550, 159
Trd, 000112.117, 157
Trd, 000112.150, 156
Trd, 000112.667, 135
Trd, 000113.117, 161
Trd, 000113.767, 167
Trd, 000114.483, 150
Trd, 000115.300, 157
Trd, 000115.733, 165
Trd, 000116.433, 164
Trd, 000117.483, 164
Trd, 000120.417, 161
Trd, 000121.200, 148
Trd, 000121.217, 150
Trd, 000121.600, 147
Trd, 000121.850, 159
Trd, 000123.000, 135
Trd, 000125.650, 164
Trd, 000126.017, 133
Trd, 000127.467, 171
Trd, 000127.667, 164
Trd, 000130.500, 157
Trd, 000130.633, 142
Trd, 000131.633, 184
Trd, 000131.783, 164
Trd, 000132.067, 158
Trd, 000132.933, 173
Trd, 000135.350, 137
Trd, 000135.650, 134
Trd, 000136.583, 159
Trd, 000138.333, 156
Trd, 000139.050, 155
Trd, 000139.883, 146
Trd, 000140.317, 153
Trd, 000141.383, 150
Trd, 000141.517, 157
Trd, 000144.500, 175
Trd, 000145.950, 152
Trd, 000147.350, 186
Trd, 000147.617, 143
Trd, 000148.400, 174
Trd, 000151.317, 134
Trd, 000151.333, 130
Trd, 000152.250, 166
Trd, 000153.617, 157
Trd, 000153.817, 152
Trd, 000153.933, 170
Trd, 000155.000, 146
Trd, 000156.650, 164
Trd, 000157.617, 156
Trd, 000159.750, 166
Trd, 000160.700, 181
Trd, 000160.750, 164
Trd, 000161.533, 162
Trd, 000163.500, 163
Trd, 000164.100, 175
Trd, 000166.767, 179
Trd, 000166.867, 160
Trd, 000167.100, 155
Trd, 000169.033, 155
Trd, 000169.767, 154
Trd, 000171.967, 148
Trd, 000172.117, 143
Trd, 000173.200, 153
Trd, 000174.250, 172
Trd, 000175.483, 156
Trd, 000176.717, 151
Trd, 000176.900, 159
Trd, 000176.917, 171
Trd, 000178.383, 169
Trd, 000179.883, 138
Trd, 000181.233, 141
Trd, 000181.517, 183
Trd, 000182.650, 159
Trd, 000182.800, 157
Trd, 000187.833, 146
Trd, 000188.850, 150
Trd, 000189.017, 148
Trd, 000189.267, 156
Trd, 000190.933, 142
Trd, 000191.367, 150
Trd, 000192.383, 165
Trd, 000193.950, 150
Trd, 000194.750, 157
Trd, 000196.183, 153
Trd, 000199.050, 152
Trd, 000199.183, 165
Trd, 000202.200, 172
Trd, 000203.433, 151
Trd, 000203.517, 163
Trd, 000203.867, 176
Trd, 000204.933, 159
Trd, 000206.750, 173
Trd, 000207.050, 156
Trd, 000207.333, 170
Trd, 000208.450, 139
Trd, 000209.133, 167
Trd, 000209.317, 148
Trd, 000211.250, 163
Trd, 000211.617, 150
Trd, 000213.000, 140
Trd, 000214.533, 170
Trd, 000215.500, 171
Trd, 000215.567, 147
Trd, 000216.433, 150
Trd, 000217.650, 148
Trd, 000217.933, 156
Trd, 000218.650, 152
Trd, 000222.300, 161
Trd, 000222.950, 169
Trd, 000223.867, 173
Trd, 000226.000, 154
Trd, 000226.650, 154
Trd, 000226.900, 185
Trd, 000227.433, 146
Trd, 000228.650, 156
Trd, 000229.450, 161
Trd, 000231.400, 151
Trd, 000232.283, 148
Trd, 000232.600, 149
Trd, 000233.500, 173
Trd, 000235.117, 183
Trd, 000236.467, 170
Trd, 000236.800, 141
Trd, 000237.167, 155
Trd, 000237.333, 168
Trd, 000239.067, 164
Trd, 000241.133, 159
Trd, 000241.733, 152
Trd, 000242.067, 173
Trd, 000244.717, 154
Trd, 000245.267, 155
Trd, 000245.750, 141
Trd, 000246.467, 140
Trd, 000247.150, 130
Trd, 000247.300, 144
Trd, 000247.767, 158
Trd, 000251.333, 180
Trd, 000251.700, 151
Trd, 000251.933, 194
Trd, 000256.933, 135
Trd, 000258.333, 158
Trd, 000258.917, 178
Trd, 000259.917, 183
Trd, 000264.667, 171
Trd, 000265.967, 173
Trd, 000266.667, 181
Trd, 000267.550, 165
Trd, 000268.300, 150
Trd, 000268.900, 147
Trd, 000269.400, 150
Trd, 000269.733, 135
Trd, 000271.300, 173
Trd, 000272.050, 156
Trd, 000272.167, 155
Trd, 000274.233, 154
Trd, 000274.283, 155
Trd, 000278.100, 151
Trd, 000278.483, 155
Trd, 000278.750, 143
Trd, 000279.183, 154
Trd, 000280.383, 185
Trd, 000281.783, 170
Trd, 000282.117, 155
Trd, 000284.650, 154
Trd, 000284.967, 155
Trd, 000285.317, 152
Trd, 000285.617, 146
Trd, 000285.683, 142
Trd, 000285.800, 162
Trd, 000286.867, 164
Trd, 000287.717, 165
Trd, 000287.850, 156
Trd, 000288.767, 146
Trd, 000290.933, 147
Trd, 000291.767, 150
Trd, 000292.000, 147
Trd, 000292.667, 184
Trd, 000292.950, 188
Trd, 000294.617, 170
Trd, 000296.250, 158
Trd, 000296.883, 147
Trd, 000297.167, 164
Trd, 000298.800, 178
