Trd, 000005.650, 119
Trd, 000005.750, 120
Trd, 000005.867, 147
Trd, 000006.450, 152
Trd, 000007.067, 142
Trd, 000009.550, 162
Trd, 000010.550, 168
Trd, 000010.917, 157
Trd, 000011.250, 145
Trd, 000012.033, 140
Trd, 000012.817, 165
Trd, 000013.400, 171
Trd, 000015.383, 179
Trd, 000015.567, 195
Trd, 000015.850, 164
Trd, 000018.283, 166
Trd, 000018.817, 149
Trd, 000019.583, 172
Trd, 000020.567, 143
Trd, 000020.783, 192
Trd, 000021.183, 188
Trd, 000021.667, 145
Trd, 000023.600, 167
Trd, 000025.200, 132
Trd, 000026.133, 179
Trd, 000026.283, 165
Trd, 000026.400, 157
Trd, 000026.433, 142
Trd, 000028.067, 133
Trd, 000029.033, 155
Trd, 000030.467, 137
Trd, 000030.483, 154
Trd, 000031.533, 149
Trd, 000031.683, 139
Trd, 000031.733, 138
Trd, 000033.883, 163
Trd, 000035.450, 117
Trd, 000035.900, 140
Trd, 000036.350, 138
Trd, 000036.367, 165
Trd, 000037.117, 171
Trd, 000037.383, 137
Trd, 000040.483, 117
Trd, 000041.317, 140
Trd, 000041.367, 129
Trd, 000041.417, 124
Trd, 000042.000, 138
Trd, 000042.050, 152
Trd, 000043.200, 159
Trd, 000043.617, 138
Trd, 000043.817, 167
Trd, 000045.917, 134
Trd, 000046.233, 151
Trd, 000047.050, 135
Trd, 000047.833, 156
Trd, 000048.383, 141
Trd, 000048.467, 142
Trd, 000050.783, 138
Trd, 000051.600, 164
Trd, 000053.583, 170
Trd, 000054.350, 165
Trd, 000054.600, 159
Trd, 000055.350, 112
Trd, 000055.667, 195
Trd, 000056.250, 191
Trd, 000056.950, 177
Trd, 000059.183, 143
Trd, 000060.983, 162
Trd, 000061.517, 166
Trd, 000062.700, 164
Trd, 000062.983, 160
Trd, 000063.300, 154
Trd, 000063.967, 144
Trd, 000065.817, 163
Trd, 000066.783, 177
Trd, 000067.467, 175
Trd, 000067.583, 165
Trd, 000068.100, 178
Trd, 000068.567, 165
Trd, 000069.233, 165
Trd, 000070.700, 179
Trd, 000071.617, 160
Trd, 000072.017, 161
Trd, 000072.583, 165
Trd, 000073.083, 152
Trd, 000073.867, 138
Trd, 000075.617, 180
Trd, 000076.067, 142
Trd, 000076.567, 164
Trd, 000077.900, 169
Trd, 000078.417, 180
Trd, 000078.683, 173
Trd, 000081.183, 165
Trd, 000081.800, 170
Trd, 000082.333, 171
Trd, 000082.550, 189
Trd, 000084.183, 143
Trd, 000086.633, 160
Trd, 000086.667, 169
Trd, 000087.583, 161
Trd, 000087.667, 161
Trd, 000088.450, 177
Trd, 000090.400, 153
Trd, 000091.167, 192
Trd, 000091.567, 165
Trd, 000091.767, 162
Trd, 000092.200, 154
Trd, 000092.233, 146
Trd, 000092.850, 145
Trd, 000096.100, 153
Trd, 000096.317, 148
Trd, 000096.433, 151
Trd, 000096.617, 126
Trd, 000096.783, 142
Trd, 000097.867, 178
Trd, 000099.267, 140
Trd, 000099.717, 163
Trd, 000100.783, 159
Trd, 000100.867, 164
Trd, 000101.250, 192
Trd, 000101.283, 165
Trd, 000102.367, 144
Trd, 000106.000, 185
Trd, 000106.117, 182
Trd, 000106.367, 165
Trd, 000107.883, 162
Trd, 000109.733, 152
Trd, 000109.983, 186
Trd, 000111.067, 163
Trd, 000111.117, 181
Trd, 000111.567, 164
Trd, 000113.250, 144
Trd, 000113.467, 148
Trd, 000113.883, 158
Trd, 000114.567, 139
Trd, 000116.233, 173
Trd, 000116.467, 187
Trd, 000117.233, 143
Trd, 000118.283, 165
Trd, 000118.917, 153
Trd, 000121.150, 127
Trd, 000121.600, 162
Trd, 000121.867, 157
Trd, 000122.150, 181
Trd, 000124.183, 147
Trd, 000125.017, 171
Trd, 000126.217, 136
Trd, 000126.317, 154
Trd, 000127.300, 146
Trd, 000128.350, 143
Trd, 000128.433, 142
Trd, 000130.133, 150
Trd, 000131.017, 164
Trd, 000131.333, 186
Trd, 000131.550, 185
Trd, 000131.933, 147
Trd, 000132.667, 154
Trd, 000135.200, 150
Trd, 000135.717, 167
Trd, 000136.117, 166
Trd, 000136.700, 148
Trd, 000137.783, 142
Trd, 000137.800, 153
Trd, 000137.917, 162
Trd, 000137.983, 172
Trd, 000138.350, 160
Trd, 000139.500, 140
Trd, 000140.550, 131
Trd, 000141.683, 165
Trd, 000142.567, 186
Trd, 000142.850, 184
Trd, 000143.200, 165
Trd, 000143.717, 153
Trd, 000146.017, 129
Trd, 000146.433, 145
Trd, 000146.867, 197
Trd, 000147.000, 164
Trd, 000147.517, 183
Trd, 000148.317, 177
Trd, 000149.250, 165
Trd, 000149.783, 160
Trd, 000151.650, 146
Trd, 000151.717, 162
Trd, 000151.983, 172
Trd, 000152.333, 180
Trd, 000153.517, 164
Trd, 000156.533, 121
Trd, 000156.983, 131
Trd, 000157.867, 142
Trd, 000157.917, 144
Trd, 000158.350, 167
Trd, 000161.050, 188
Trd, 000161.800, 164
Trd, 000162.183, 156
Trd, 000162.250, 155
Trd, 000163.800, 177
Trd, 000164.567, 181
Trd, 000165.983, 171
Trd, 000166.050, 167
Trd, 000166.383, 186
Trd, 000167.500, 164
Trd, 000167.583, 156
Trd, 000169.583, 156
Trd, 000171.850, 168
Trd, 000172.017, 171
Trd, 000172.333, 162
Trd, 000172.717, 156
Trd, 000174.567, 153
Trd, 000176.350, 173
Trd, 000176.600, 165
Trd, 000177.083, 179
Trd, 000177.883, 179
Trd, 000177.900, 136
Trd, 000178.183, 151
Trd, 000180.050, 148
Trd, 000180.817, 156
Trd, 000181.700, 190
Trd, 000182.483, 165
Trd, 000182.833, 164
Trd, 000184.050, 147
Trd, 000184.717, 157
Trd, 000184.750, 169
Trd, 000185.450, 177
Trd, 000186.933, 177
Trd, 000187.467, 151
Trd, 000187.950, 146
Trd, 000189.750, 175
Trd, 000190.917, 174
Trd, 000191.017, 117
Trd, 000191.117, 182
Trd, 000193.417, 163
Trd, 000193.783, 159
Trd, 000194.967, 179
Trd, 000196.600, 138
Trd, 000196.783, 134
Trd, 000197.317, 150
Trd, 000198.933, 155
Trd, 000201.433, 182
Trd, 000201.617, 164
Trd, 000201.650, 179
Trd, 000203.100, 145
Trd, 000204.083, 148
Trd, 000204.267, 145
Trd, 000206.150, 144
Trd, 000206.400, 161
Trd, 000207.400, 122
Trd, 000207.750, 122
Trd, 000208.817, 157
Trd, 000209.833, 165
Trd, 000211.583, 161
Trd, 000211.883, 163
Trd, 000212.017, 161
Trd, 000212.667, 158
Trd, 000213.250, 145
Trd, 000213.933, 149
Trd, 000215.650, 137
Trd, 000216.333, 168
Trd, 000216.750, 165
Trd, 000216.783, 155
Trd, 000217.317, 192
Trd, 000217.600, 150
Trd, 000217.833, 143
Trd, 000221.667, 164
Trd, 000222.083, 144
Trd, 000222.133, 176
Trd, 000222.367, 136
Trd, 000223.067, 141
Trd, 000223.083, 166
Trd, 000224.200, 147
Trd, 000225.217, 168
Trd, 000226.617, 123
Trd, 000226.717, 132
Trd, 000226.950, 166
Trd, 000227.367, 164
Trd, 000228.750, 195
Trd, 000229.933, 152
Trd, 000230.017, 171
Trd, 000231.817, 179
Trd, 000232.200, 176
Trd, 000232.600, 163
Trd, 000233.233, 157
Trd, 000233.550, 173
Trd, 000234.133, 142
Trd, 000234.333, 154
Trd, 000236.433, 170
Trd, 000237.017, 134
Trd, 000237.283, 182
Trd, 000237.867, 164
Trd, 000239.117, 171
Trd, 000240.117, 183
Trd, 000240.417, 147
Trd, 000240.900, 151
Trd, 000241.333, 136
Trd, 000242.700, 173
Trd, 000243.133, 162
Trd, 000243.483, 191
Trd, 000243.800, 155
Trd, 000243.867, 152
Trd, 000246.450, 161
Trd, 000247.733, 177
Trd, 000248.383, 155
Trd, 000249.150, 150
Trd, 000249.717, 145
Trd, 000251.783, 180
Trd, 000252.700, 169
Trd, 000252.967, 165
Trd, 000253.533, 156
Trd, 000254.867, 149
Trd, 000256.817, 145
Trd, 000257.267, 199
Trd, 000257.367, 155
Trd, 000257.800, 134
Trd, 000259.233, 173
Trd, 000260.167, 165
Trd, 000261.500, 149
Trd, 000261.550, 152
Trd, 000262.467, 197
Trd, 000263.217, 141
Trd, 000263.583, 124
Trd, 000265.383, 152
Trd, 000266.483, 151
Trd, 000266.900, 134
Trd, 000267.267, 133
Trd, 000267.733, 160
Trd, 000268.400, 139
Trd, 000268.600, 164
Trd, 000270.133, 171
Trd, 000272.067, 166
Trd, 000272.133, 167
Trd, 000272.400, 179
Trd, 000273.000, 163
Trd, 000275.167, 163
Trd, 000276.267, 184
Trd, 000276.783, 164
Trd, 000276.800, 150
Trd, 000277.167, 174
Trd, 000277.400, 161
Trd, 000277.467, 178
Trd, 000278.150, 158
Trd, 000278.467, 157
Trd, 000280.667, 129
Trd, 000282.017, 173
Trd, 000282.167, 168
Trd, 000282.383, 157
Trd, 000282.867, 193
Trd, 000283.217, 155
Trd, 000283.917, 138
Trd, 000284.917, 193
Trd, 000286.683, 186
Trd, 000286.867, 152
Trd, 000288.017, 177
Trd, 000288.567, 165
Trd, 000289.450, 164
Trd, 000289.517, 177
Trd, 000290.650, 161
Trd, 000291.950, 152
Trd, 000292.400, 167
Trd, 000292.433, 142
Trd, 000296.200, 165
Trd, 000296.317, 171
Trd, 000296.617, 128
Trd, 000296.800, 146
Trd, 000297.150, 124
Trd, 000297.400, 169
