Trd, 000005.150, 154
Trd, 000005.417, 155
Trd, 000005.550, 148
Trd, 000006.583, 137
Trd, 000010.150, 149
Trd, 000010.733, 164
Trd, 000010.850, 144
Trd, 000011.217, 150
Trd, 000011.483, 162
Trd, 000011.517, 163
Trd, 000015.433, 175
Trd, 000015.883, 135
Trd, 000018.083, 169
Trd, 000019.767, 150
Trd, 000020.467, 129
Trd, 000021.267, 135
Trd, 000021.717, 149
Trd, 000021.967, 151
Trd, 000022.383, 181
Trd, 000025.317, 182
Trd, 000025.383, 179
Trd, 000025.633, 171
Trd, 000026.650, 160
Trd, 000027.033, 161
Trd, 000027.083, 156
Trd, 000027.383, 166
Trd, 000030.683, 118
Trd, 000030.733, 139
Trd, 000030.850, 150
Trd, 000031.050, 159
Trd, 000031.700, 185
Trd, 000034.900, 176
Trd, 000034.950, 165
Trd, 000035.017, 192
Trd, 000035.600, 122
Trd, 000035.633, 114
Trd, 000036.150, 184
Trd, 000036.217, 183
Trd, 000040.833, 168
Trd, 000042.600, 182
Trd, 000042.650, 171
Trd, 000042.750, 169
Trd, 000043.667, 140
Trd, 000044.967, 171
Trd, 000045.433, 165
Trd, 000046.850, 159
Trd, 000046.917, 145
Trd, 000047.233, 160
Trd, 000048.267, 173
Trd, 000048.300, 136
Trd, 000049.267, 142
Trd, 000050.550, 120
Trd, 000050.667, 131
Trd, 000050.917, 162
Trd, 000051.583, 165
Trd, 000052.600, 159
Trd, 000054.183, 155
Trd, 000055.600, 174
Trd, 000055.683, 171
Trd, 000056.667, 144
Trd, 000059.533, 173
Trd, 000060.833, 138
Trd, 000060.917, 187
Trd, 000061.150, 157
Trd, 000061.367, 152
Trd, 000063.383, 153
Trd, 000065.083, 163
Trd, 000065.667, 144
Trd, 000066.317, 184
Trd, 000066.433, 164
Trd, 000066.450, 155
Trd, 000066.700, 140
Trd, 000069.483, 168
Trd, 000070.283, 143
Trd, 000070.450, 138
Trd, 000070.733, 155
Trd, 000071.433, 151
Trd, 000071.900, 160
Trd, 000074.650, 184
Trd, 000077.200, 172
Trd, 000077.683, 163
Trd, 000078.017, 145
Trd, 000078.267, 144
Trd, 000078.500, 142
Trd, 000079.917, 182
Trd, 000081.217, 142
Trd, 000082.333, 143
Trd, 000082.633, 151
Trd, 000083.383, 173
Trd, 000084.433, 161
Trd, 000085.717, 118
Trd, 000086.167, 177
Trd, 000086.517, 174
Trd, 000088.400, 167
Trd, 000090.483, 181
Trd, 000090.783, 149
Trd, 000090.850, 138
Trd, 000092.083, 153
Trd, 000092.550, 162
Trd, 000094.067, 175
Trd, 000096.950, 163
Trd, 000097.100, 158
Trd, 000097.133, 157
Trd, 000099.433, 157
Trd, 000100.883, 171
Trd, 000101.233, 157
Trd, 000102.233, 164
Trd, 000104.667, 154
Trd, 000105.217, 153
Trd, 000105.967, 145
Trd, 000106.700, 140
Trd, 000107.350, 158
Trd, 000108.500, 173
Trd, 000111.550, 137
Trd, 000112.283, 151
Trd, 000112.617, 161
Trd, 000113.550, 171
Trd, 000114.167, 150
Trd, 000115.167, 158
Trd, 000116.083, 179
Trd, 000116.317, 178
Trd, 000116.517, 169
Trd, 000119.000, 165
Trd, 000119.483, 154
Trd, 000121.617, 162
Trd, 000121.717, 165
Trd, 000122.083, 142
Trd, 000122.350, 150
Trd, 000122.700, 164
Trd, 000122.967, 177
Trd, 000124.283, 160
Trd, 000126.200, 159
Trd, 000126.333, 169
Trd, 000126.883, 138
Trd, 000128.917, 155
Trd, 000128.983, 177
Trd, 000131.133, 183
Trd, 000131.500, 145
Trd, 000132.117, 151
Trd, 000132.200, 152
Trd, 000134.167, 157
Trd, 000134.917, 175
Trd, 000136.133, 120
Trd, 000136.200, 163
Trd, 000136.483, 139
Trd, 000136.900, 164
Trd, 000137.400, 164
Trd, 000139.367, 168
Trd, 000141.433, 179
Trd, 000141.650, 179
Trd, 000141.933, 162
Trd, 000145.600, 171
Trd, 000146.217, 177
Trd, 000146.517, 171
Trd, 000147.433, 163
Trd, 000147.983, 163
Trd, 000149.650, 159
Trd, 000151.100, 138
Trd, 000151.150, 119
Trd, 000152.667, 174
Trd, 000154.433, 154
Trd, 000155.983, 167
Trd, 000156.617, 139
Trd, 000157.800, 176
Trd, 000157.933, 172
Trd, 000161.317, 168
Trd, 000161.400, 148
Trd, 000164.100, 168
Trd, 000164.383, 168
Trd, 000166.783, 137
Trd, 000166.933, 173
Trd, 000167.167, 172
Trd, 000167.700, 139
Trd, 000167.733, 151
Trd, 000168.033, 172
Trd, 000171.817, 168
Trd, 000172.483, 139
Trd, 000172.600, 143
Trd, 000172.700, 151
Trd, 000174.917, 175
Trd, 000176.383, 153
Trd, 000176.583, 153
Trd, 000176.950, 165
Trd, 000177.700, 178
Trd, 000177.733, 170
Trd, 000181.450, 152
Trd, 000182.717, 182
Trd, 000183.650, 175
Trd, 000183.767, 172
Trd, 000184.117, 167
Trd, 000185.583, 165
Trd, 000186.317, 139
Trd, 000186.400, 138
Trd, 000186.817, 151
Trd, 000189.417, 162
Trd, 000190.667, 168
Trd, 000191.483, 168
Trd, 000191.650, 172
Trd, 000192.617, 163
Trd, 000193.083, 159
Trd, 000193.767, 157
Trd, 000194.167, 171
Trd, 000195.067, 153
Trd, 000196.100, 160
Trd, 000196.983, 165
Trd, 000197.450, 146
Trd, 000200.817, 154
Trd, 000201.500, 142
Trd, 000201.667, 145
Trd, 000203.017, 173
Trd, 000204.433, 171
Trd, 000204.583, 160
Trd, 000206.350, 182
Trd, 000207.267, 183
Trd, 000208.467, 169
Trd, 000208.833, 177
Trd, 000209.150, 143
Trd, 000209.500, 183
Trd, 000211.400, 159
Trd, 000211.950, 170
Trd, 000212.217, 142
Trd, 000213.317, 142
Trd, 000216.133, 139
Trd, 000216.450, 160
Trd, 000216.683, 151
Trd, 000219.017, 171
Trd, 000219.700, 148
Trd, 000220.200, 166
Trd, 000221.383, 116
Trd, 000221.467, 151
Trd, 000221.633, 156
Trd, 000221.867, 165
Trd, 000222.550, 145
Trd, 000224.683, 168
Trd, 000227.233, 158
Trd, 000228.217, 162
Trd, 000228.367, 140
Trd, 000228.567, 164
Trd, 000230.350, 166
Trd, 000232.050, 139
Trd, 000232.133, 138
Trd, 000232.583, 161
Trd, 000233.000, 177
Trd, 000236.083, 171
Trd, 000236.433, 185
Trd, 000237.033, 170
Trd, 000237.050, 159
Trd, 000237.483, 169
Trd, 000237.783, 158
Trd, 000239.350, 177
Trd, 000240.900, 162
Trd, 000241.467, 120
Trd, 000241.800, 151
Trd, 000242.933, 163
Trd, 000243.350, 158
Trd, 000244.067, 171
Trd, 000244.733, 186
Trd, 000244.833, 174
Trd, 000246.450, 141
Trd, 000246.467, 144
Trd, 000247.683, 134
Trd, 000248.433, 140
Trd, 000251.600, 111
Trd, 000252.133, 143
Trd, 000253.067, 180
Trd, 000256.067, 185
Trd, 000256.700, 161
Trd, 000256.850, 161
Trd, 000257.133, 161
Trd, 000257.350, 162
Trd, 000257.667, 145
Trd, 000258.417, 192
Trd, 000261.750, 137
Trd, 000261.867, 156
Trd, 000262.183, 197
Trd, 000266.783, 145
Trd, 000267.583, 145
Trd, 000268.867, 136
Trd, 000268.933, 147
Trd, 000270.133, 151
Trd, 000271.517, 194
Trd, 000272.083, 184
Trd, 000272.817, 157
Trd, 000274.250, 166
Trd, 000276.650, 144
Trd, 000276.750, 141
Trd, 000276.900, 181
Trd, 000279.150, 159
Trd, 000279.950, 163
Trd, 000280.500, 173
Trd, 000280.950, 166
Trd, 000281.283, 146
Trd, 000281.417, 119
Trd, 000281.533, 187
Trd, 000283.200, 173
Trd, 000286.617, 137
Trd, 000287.100, 177
Trd, 000287.517, 146
Trd, 000289.817, 161
Trd, 000289.983, 136
Trd, 000290.717, 178
Trd, 000291.850, 133
Trd, 000292.400, 139
Trd, 000293.700, 151
Trd, 000293.983, 179
Trd, 000295.450, 144
Trd, 000297.433, 128
Trd, 000298.600, 143
Trd, 000298.733, 146
Trd, 000299.300, 148
Trd, 000299.683, 151
