Trd, 000005.200, 150
Trd, 000005.867, 135
Trd, 000006.417, 147
Trd, 000007.033, 156
Trd, 000007.367, 146
Trd, 000008.783, 150
Trd, 000009.967, 163
Trd, 000009.983, 146
Trd, 000010.067, 140
Trd, 000010.250, 145
Trd, 000011.117, 161
Trd, 000011.733, 161
Trd, 000011.950, 165
Trd, 000015.450, 135
Trd, 000016.183, 132
Trd, 000016.583, 137
Trd, 000017.950, 153
Trd, 000018.300, 146
Trd, 000019.433, 171
Trd, 000020.483, 154
Trd, 000020.683, 144
Trd, 000020.700, 131
Trd, 000022.033, 170
Trd, 000022.633, 162
Trd, 000023.917, 163
Trd, 000024.850, 161
Trd, 000025.683, 149
Trd, 000025.733, 155
Trd, 000026.550, 144
Trd, 000026.983, 170
Trd, 000027.417, 157
Trd, 000027.933, 152
Trd, 000028.017, 161
Trd, 000030.350, 142
Trd, 000031.017, 152
Trd, 000031.383, 164
Trd, 000031.933, 165
Trd, 000035.533, 179
Trd, 000035.917, 178
Trd, 000036.700, 151
Trd, 000037.750, 164
Trd, 000039.617, 158
Trd, 000040.400, 172
Trd, 000041.100, 146
Trd, 000041.183, 140
Trd, 000043.850, 148
Trd, 000044.050, 159
Trd, 000044.417, 147
Trd, 000045.650, 131
Trd, 000045.767, 164
Trd, 000045.917, 171
Trd, 000045.983, 140
Trd, 000046.817, 168
Trd, 000046.867, 159
Trd, 000047.333, 152
Trd, 000047.767, 181
Trd, 000049.450, 158
Trd, 000051.200, 157
Trd, 000051.583, 161
Trd, 000052.783, 174
Trd, 000054.167, 164
Trd, 000054.783, 154
Trd, 000055.383, 116
Trd, 000055.750, 135
Trd, 000056.067, 137
Trd, 000056.083, 154
Trd, 000056.567, 168
Trd, 000057.283, 167
Trd, 000059.200, 165
Trd, 000059.783, 171
Trd, 000061.717, 157
Trd, 000061.767, 148
Trd, 000062.550, 153
Trd, 000062.600, 152
Trd, 000064.167, 157
Trd, 000064.383, 161
Trd, 000065.850, 152
Trd, 000066.100, 138
Trd, 000066.167, 138
Trd, 000067.067, 161
Trd, 000067.800, 141
Trd, 000069.383, 171
Trd, 000070.533, 121
Trd, 000070.733, 143
Trd, 000071.017, 152
Trd, 000071.167, 168
Trd, 000072.050, 173
Trd, 000072.483, 154
Trd, 000075.400, 146
Trd, 000076.250, 171
Trd, 000076.917, 154
Trd, 000077.700, 160
Trd, 000077.867, 143
Trd, 000077.983, 154
Trd, 000078.633, 138
Trd, 000078.733, 155
Trd, 000081.267, 154
Trd, 000081.517, 144
Trd, 000082.533, 186
Trd, 000082.683, 181
Trd, 000083.317, 153
Trd, 000085.233, 148
Trd, 000085.783, 172
Trd, 000087.133, 141
Trd, 000087.383, 162
Trd, 000088.183, 158
Trd, 000088.750, 154
Trd, 000089.533, 156
Trd, 000089.750, 143
Trd, 000091.717, 186
Trd, 000091.883, 173
Trd, 000092.000, 171
Trd, 000094.617, 157
Trd, 000095.750, 156
Trd, 000096.167, 185
Trd, 000096.667, 161
Trd, 000098.150, 180
Trd, 000098.517, 163
Trd, 000099.300, 179
Trd, 000100.250, 167
Trd, 000101.567, 192
Trd, 000101.583, 179
Trd, 000101.867, 165
Trd, 000102.300, 142
Trd, 000102.550, 146
Trd, 000102.850, 156
Trd, 000105.983, 164
Trd, 000106.533, 147
Trd, 000107.633, 169
Trd, 000107.667, 176
Trd, 000108.267, 161
Trd, 000110.300, 156
Trd, 000110.883, 116
Trd, 000111.217, 166
Trd, 000112.717, 155
Trd, 000112.967, 152
Trd, 000113.800, 151
Trd, 000115.950, 146
Trd, 000116.183, 157
Trd, 000116.950, 153
Trd, 000121.017, 140
Trd, 000121.400, 143
Trd, 000121.833, 161
Trd, 000122.517, 142
Trd, 000122.783, 149
Trd, 000125.250, 161
Trd, 000126.383, 150
Trd, 000126.733, 145
Trd, 000127.800, 158
Trd, 000128.533, 145
Trd, 000128.783, 172
Trd, 000129.417, 157
Trd, 000129.467, 141
Trd, 000130.950, 124
Trd, 000131.583, 158
Trd, 000132.233, 136
Trd, 000132.867, 171
Trd, 000133.117, 165
Trd, 000136.283, 130
Trd, 000136.567, 162
Trd, 000136.917, 153
Trd, 000137.183, 153
Trd, 000137.700, 179
Trd, 000137.767, 167
Trd, 000138.817, 168
Trd, 000139.100, 173
Trd, 000141.767, 150
Trd, 000142.450, 152
Trd, 000142.750, 150
Trd, 000143.133, 150
Trd, 000144.600, 170
Trd, 000144.800, 176
Trd, 000146.200, 182
Trd, 000147.300, 159
Trd, 000147.683, 154
Trd, 000147.800, 140
Trd, 000148.250, 154
Trd, 000151.550, 167
Trd, 000151.567, 146
Trd, 000151.883, 139
Trd, 000153.300, 158
Trd, 000153.317, 156
Trd, 000156.150, 184
Trd, 000156.933, 140
Trd, 000157.567, 147
Trd, 000157.733, 144
Trd, 000158.767, 163
Trd, 000160.667, 154
Trd, 000160.867, 154
Trd, 000161.650, 154
Trd, 000161.950, 163
Trd, 000162.300, 157
Trd, 000163.267, 166
Trd, 000163.817, 173
Trd, 000164.233, 163
Trd, 000165.467, 159
Trd, 000167.267, 145
Trd, 000167.317, 144
Trd, 000168.483, 158
Trd, 000168.600, 140
Trd, 000168.633, 160
Trd, 000168.967, 174
Trd, 000169.800, 154
Trd, 000171.133, 163
Trd, 000171.750, 154
Trd, 000171.817, 147
Trd, 000173.350, 149
Trd, 000174.433, 175
Trd, 000177.067, 153
Trd, 000177.433, 145
Trd, 000178.100, 168
Trd, 000179.150, 163
Trd, 000179.483, 167
Trd, 000180.650, 154
Trd, 000180.950, 149
Trd, 000181.067, 150
Trd, 000182.833, 164
Trd, 000183.967, 165
Trd, 000184.167, 162
Trd, 000186.950, 177
Trd, 000187.267, 164
Trd, 000187.600, 161
Trd, 000187.833, 162
Trd, 000188.217, 160
Trd, 000188.783, 154
Trd, 000191.083, 145
Trd, 000191.950, 165
Trd, 000192.550, 157
Trd, 000194.333, 171
Trd, 000194.450, 172
Trd, 000194.533, 175
Trd, 000196.233, 150
Trd, 000196.750, 166
Trd, 000197.050, 163
Trd, 000197.717, 158
Trd, 000197.817, 165
Trd, 000198.483, 154
Trd, 000198.817, 155
Trd, 000199.517, 169
Trd, 000199.783, 167
Trd, 000200.367, 167
Trd, 000201.333, 177
Trd, 000201.900, 162
Trd, 000202.100, 161
Trd, 000202.383, 153
Trd, 000202.633, 160
Trd, 000203.267, 155
Trd, 000203.733, 147
Trd, 000205.350, 159
Trd, 000206.200, 134
Trd, 000206.533, 161
Trd, 000206.600, 151
Trd, 000208.350, 144
Trd, 000209.100, 142
Trd, 000209.850, 165
Trd, 000211.350, 180
Trd, 000212.167, 161
Trd, 000212.933, 174
Trd, 000215.833, 173
Trd, 000216.333, 113
Trd, 000216.917, 148
Trd, 000217.467, 179
Trd, 000218.333, 178
Trd, 000219.167, 172
Trd, 000221.317, 175
Trd, 000221.850, 168
Trd, 000222.317, 154
Trd, 000222.367, 140
Trd, 000222.400, 137
Trd, 000224.900, 165
Trd, 000226.033, 152
Trd, 000227.533, 170
Trd, 000228.883, 165
Trd, 000229.900, 161
Trd, 000230.767, 154
Trd, 000231.333, 153
Trd, 000231.433, 135
Trd, 000231.850, 161
Trd, 000231.867, 177
Trd, 000231.950, 167
Trd, 000235.217, 154
Trd, 000236.383, 146
Trd, 000236.750, 153
Trd, 000236.917, 149
Trd, 000237.900, 151
Trd, 000238.150, 150
Trd, 000238.317, 162
Trd, 000238.933, 167
Trd, 000241.833, 185
Trd, 000242.200, 179
Trd, 000242.883, 187
Trd, 000243.417, 154
Trd, 000244.850, 171
Trd, 000246.350, 133
Trd, 000247.967, 150
Trd, 000248.450, 142
Trd, 000249.783, 154
Trd, 000250.400, 156
Trd, 000251.267, 121
Trd, 000251.483, 147
Trd, 000251.650, 169
Trd, 000252.183, 169
Trd, 000252.233, 158
Trd, 000252.533, 169
Trd, 000254.017, 145
Trd, 000255.400, 160
Trd, 000256.883, 146
Trd, 000256.933, 150
Trd, 000257.500, 162
Trd, 000258.167, 170
Trd, 000259.217, 140
Trd, 000260.100, 174
Trd, 000260.983, 149
Trd, 000261.433, 139
Trd, 000262.000, 163
Trd, 000262.467, 142
Trd, 000263.617, 162
Trd, 000264.200, 157
Trd, 000266.300, 121
Trd, 000267.117, 158
Trd, 000267.517, 171
Trd, 000268.350, 169
Trd, 000269.650, 162
Trd, 000271.900, 182
Trd, 000272.167, 153
Trd, 000272.700, 159
Trd, 000272.967, 149
Trd, 000273.400, 159
Trd, 000274.133, 166
Trd, 000274.817, 182
Trd, 000275.067, 165
Trd, 000276.917, 141
Trd, 000277.183, 143
Trd, 000277.550, 147
Trd, 000277.717, 154
Trd, 000278.067, 186
Trd, 000280.700, 177
Trd, 000282.133, 154
Trd, 000282.583, 138
Trd, 000283.267, 156
Trd, 000283.300, 167
Trd, 000283.717, 179
Trd, 000286.517, 197
Trd, 000286.583, 154
Trd, 000286.683, 177
Trd, 000287.317, 146
Trd, 000287.783, 147
Trd, 000288.950, 187
Trd, 000289.283, 163
Trd, 000291.483, 124
Trd, 000292.250, 181
Trd, 000293.433, 166
Trd, 000293.850, 174
Trd, 000294.550, 165
Trd, 000295.583, 154
Trd, 000296.700, 169
Trd, 000297.300, 175
Trd, 000297.333, 169
Trd, 000297.383, 157
Trd, 000297.467, 152
