Trd, 000005.383, 178
Trd, 000005.633, 134
Trd, 000005.817, 144
Trd, 000006.233, 140
Trd, 000006.433, 145
Trd, 000006.450, 157
Trd, 000006.783, 168
Trd, 000007.283, 174
Trd, 000007.533, 159
Trd, 000007.817, 158
Trd, 000010.150, 155
Trd, 000010.283, 178
Trd, 000011.083, 163
Trd, 000011.133, 168
Trd, 000011.400, 162
Trd, 000011.483, 159
Trd, 000014.117, 179
Trd, 000014.317, 174
Trd, 000014.433, 163
Trd, 000015.483, 151
Trd, 000015.850, 154
Trd, 000016.433, 169
Trd, 000016.917, 161
Trd, 000017.117, 164
Trd, 000017.333, 174
Trd, 000018.533, 162
Trd, 000020.233, 192
Trd, 000020.617, 175
Trd, 000020.683, 139
Trd, 000020.800, 167
Trd, 000022.050, 162
Trd, 000024.367, 168
Trd, 000025.900, 174
Trd, 000025.983, 167
Trd, 000026.267, 176
Trd, 000026.400, 144
Trd, 000026.483, 175
Trd, 000026.683, 177
Trd, 000028.767, 142
Trd, 000030.233, 151
Trd, 000030.700, 191
Trd, 000030.717, 172
Trd, 000030.833, 151
Trd, 000031.067, 179
Trd, 000032.583, 152
Trd, 000035.283, 167
Trd, 000035.567, 128
Trd, 000035.750, 169
Trd, 000035.883, 177
Trd, 000038.317, 159
Trd, 000039.800, 165
Trd, 000039.817, 161
Trd, 000039.967, 161
Trd, 000040.200, 155
Trd, 000040.733, 168
Trd, 000041.017, 134
Trd, 000041.467, 178
Trd, 000042.050, 167
Trd, 000042.217, 166
Trd, 000043.567, 164
Trd, 000045.650, 178
Trd, 000045.750, 163
Trd, 000045.883, 152
Trd, 000046.633, 168
Trd, 000047.233, 170
Trd, 000047.450, 184
Trd, 000048.467, 159
Trd, 000048.533, 144
Trd, 000050.717, 144
Trd, 000050.850, 172
Trd, 000051.267, 159
Trd, 000051.683, 179
Trd, 000051.883, 172
Trd, 000055.600, 182
Trd, 000055.850, 179
Trd, 000056.167, 177
Trd, 000056.483, 175
Trd, 000056.517, 161
Trd, 000056.867, 188
Trd, 000057.433, 147
Trd, 000057.967, 141
Trd, 000059.633, 151
Trd, 000060.867, 197
Trd, 000061.117, 167
Trd, 000061.333, 156
Trd, 000061.383, 139
Trd, 000061.950, 176
Trd, 000062.217, 182
Trd, 000063.767, 174
Trd, 000065.450, 176
Trd, 000065.867, 178
Trd, 000065.900, 166
Trd, 000066.350, 176
Trd, 000066.433, 147
Trd, 000067.200, 159
Trd, 000067.800, 146
Trd, 000069.650, 177
Trd, 000070.267, 144
Trd, 000070.833, 156
Trd, 000071.717, 180
Trd, 000071.867, 157
Trd, 000072.067, 169
Trd, 000072.467, 139
Trd, 000072.883, 168
Trd, 000074.117, 179
Trd, 000075.650, 144
Trd, 000076.033, 186
Trd, 000076.933, 172
Trd, 000077.017, 164
Trd, 000078.000, 178
Trd, 000079.000, 180
Trd, 000079.467, 162
Trd, 000079.783, 154
Trd, 000079.883, 174
Trd, 000080.667, 154
Trd, 000080.717, 178
Trd, 000081.000, 167
Trd, 000081.867, 152
Trd, 000082.483, 145
Trd, 000083.117, 141
Trd, 000083.400, 142
Trd, 000084.950, 137
Trd, 000086.033, 172
Trd, 000086.433, 157
Trd, 000086.617, 175
Trd, 000087.750, 181
Trd, 000088.450, 177
Trd, 000088.517, 180
Trd, 000089.767, 143
Trd, 000091.550, 172
Trd, 000092.000, 178
Trd, 000092.133, 191
Trd, 000092.900, 161
Trd, 000093.983, 164
Trd, 000094.783, 168
Trd, 000095.983, 176
Trd, 000096.983, 185
Trd, 000097.017, 166
Trd, 000098.300, 160
Trd, 000098.900, 170
Trd, 000100.750, 179
Trd, 000101.783, 176
Trd, 000101.800, 174
Trd, 000106.917, 162
Trd, 000107.283, 165
Trd, 000107.750, 148
Trd, 000108.200, 143
Trd, 000108.733, 166
Trd, 000109.350, 144
Trd, 000109.983, 170
Trd, 000110.250, 156
Trd, 000111.533, 177
Trd, 000112.267, 171
Trd, 000112.300, 177
Trd, 000112.583, 170
Trd, 000112.750, 153
Trd, 000113.917, 143
Trd, 000116.033, 176
Trd, 000116.783, 170
Trd, 000116.883, 144
Trd, 000117.200, 180
Trd, 000118.700, 134
Trd, 000119.200, 141
Trd, 000119.883, 150
Trd, 000121.317, 184
Trd, 000121.683, 182
Trd, 000122.800, 179
Trd, 000122.900, 177
Trd, 000123.217, 170
Trd, 000123.350, 153
Trd, 000124.250, 181
Trd, 000125.900, 178
Trd, 000126.067, 144
Trd, 000126.150, 129
Trd, 000126.200, 148
Trd, 000126.383, 157
Trd, 000127.183, 151
Trd, 000127.750, 157
Trd, 000128.417, 177
Trd, 000130.817, 183
Trd, 000131.400, 166
Trd, 000131.817, 157
Trd, 000132.450, 181
Trd, 000132.750, 179
Trd, 000133.217, 157
Trd, 000133.233, 156
Trd, 000134.067, 170
Trd, 000136.167, 145
Trd, 000136.450, 169
Trd, 000136.983, 168
Trd, 000137.150, 159
Trd, 000139.767, 165
Trd, 000139.833, 149
Trd, 000141.050, 123
Trd, 000141.233, 171
Trd, 000141.967, 172
Trd, 000143.500, 191
Trd, 000144.450, 173
Trd, 000144.800, 151
Trd, 000146.783, 191
Trd, 000147.117, 189
Trd, 000147.967, 181
Trd, 000148.167, 174
Trd, 000148.517, 175
Trd, 000150.100, 165
Trd, 000151.350, 179
Trd, 000151.383, 188
Trd, 000152.750, 172
Trd, 000153.550, 155
Trd, 000153.750, 162
Trd, 000154.167, 167
Trd, 000155.750, 138
Trd, 000156.533, 179
Trd, 000156.633, 162
Trd, 000156.750, 163
Trd, 000158.883, 174
Trd, 000161.400, 174
Trd, 000161.617, 167
Trd, 000161.633, 172
Trd, 000162.200, 170
Trd, 000162.250, 159
Trd, 000162.733, 152
Trd, 000164.467, 176
Trd, 000164.867, 153
Trd, 000165.517, 156
Trd, 000166.167, 149
Trd, 000166.517, 156
Trd, 000166.617, 171
Trd, 000166.800, 175
Trd, 000167.000, 179
Trd, 000168.683, 165
Trd, 000169.333, 150
Trd, 000169.717, 144
Trd, 000170.717, 175
Trd, 000171.250, 142
Trd, 000171.550, 175
Trd, 000172.217, 167
Trd, 000172.817, 162
Trd, 000172.883, 157
Trd, 000173.217, 170
Trd, 000174.167, 165
Trd, 000174.700, 175
Trd, 000175.083, 171
Trd, 000176.200, 179
Trd, 000176.367, 164
Trd, 000176.450, 171
Trd, 000178.100, 169
Trd, 000178.167, 151
Trd, 000178.233, 185
Trd, 000179.433, 158
Trd, 000181.017, 174
Trd, 000181.300, 182
Trd, 000181.450, 174
Trd, 000181.483, 166
Trd, 000182.017, 144
Trd, 000182.950, 143
Trd, 000186.067, 174
Trd, 000186.483, 178
Trd, 000187.183, 164
Trd, 000188.667, 162
Trd, 000190.367, 183
Trd, 000191.833, 184
Trd, 000192.083, 178
Trd, 000192.350, 171
Trd, 000192.583, 160
Trd, 000192.700, 154
Trd, 000193.117, 153
Trd, 000193.450, 165
Trd, 000193.550, 147
Trd, 000193.583, 172
Trd, 000193.967, 157
Trd, 000197.700, 172
Trd, 000197.783, 171
Trd, 000198.517, 180
Trd, 000198.567, 171
Trd, 000199.717, 162
Trd, 000199.967, 147
Trd, 000200.333, 168
Trd, 000201.383, 173
Trd, 000201.567, 187
Trd, 000201.883, 147
Trd, 000202.783, 149
Trd, 000202.883, 171
Trd, 000203.850, 176
Trd, 000204.917, 153
Trd, 000205.250, 144
Trd, 000206.750, 148
Trd, 000206.883, 144
Trd, 000207.117, 176
Trd, 000208.767, 178
Trd, 000208.950, 177
Trd, 000209.567, 166
Trd, 000209.750, 156
Trd, 000209.900, 167
Trd, 000211.917, 155
Trd, 000212.500, 170
Trd, 000212.967, 170
Trd, 000213.617, 175
Trd, 000214.417, 178
Trd, 000214.967, 170
Trd, 000216.500, 189
Trd, 000216.650, 152
Trd, 000217.150, 152
Trd, 000217.267, 171
Trd, 000217.417, 155
Trd, 000218.433, 174
Trd, 000218.833, 179
Trd, 000219.417, 143
Trd, 000221.300, 161
Trd, 000221.383, 169
Trd, 000221.833, 143
Trd, 000223.150, 176
Trd, 000223.733, 167
Trd, 000223.967, 175
Trd, 000226.083, 160
Trd, 000226.267, 165
Trd, 000226.850, 161
Trd, 000226.967, 169
Trd, 000227.183, 178
Trd, 000228.533, 167
Trd, 000229.183, 171
Trd, 000230.100, 142
Trd, 000230.383, 136
Trd, 000230.567, 162
Trd, 000231.950, 172
Trd, 000232.067, 174
Trd, 000232.367, 166
Trd, 000232.600, 158
Trd, 000233.533, 156
Trd, 000234.450, 161
Trd, 000235.017, 175
Trd, 000236.550, 176
Trd, 000237.100, 142
Trd, 000237.367, 142
Trd, 000237.983, 167
Trd, 000238.433, 169
Trd, 000240.083, 146
Trd, 000241.650, 179
Trd, 000242.083, 178
Trd, 000242.533, 152
Trd, 000242.683, 152
Trd, 000243.350, 170
Trd, 000243.367, 163
Trd, 000244.500, 176
Trd, 000244.633, 193
Trd, 000246.450, 175
Trd, 000246.700, 169
Trd, 000247.000, 149
Trd, 000247.100, 175
Trd, 000247.217, 145
Trd, 000247.533, 177
Trd, 000248.083, 143
Trd, 000248.567, 165
Trd, 000248.750, 159
Trd, 000249.933, 129
Trd, 000250.417, 158
Trd, 000251.467, 152
Trd, 000251.783, 174
Trd, 000252.050, 137
Trd, 000252.100, 182
Trd, 000252.133, 147
Trd, 000252.500, 187
Trd, 000253.350, 160
Trd, 000253.700, 145
Trd, 000254.900, 152
Trd, 000256.817, 168
Trd, 000256.850, 157
Trd, 000257.317, 162
Trd, 000259.033, 146
Trd, 000259.467, 162
Trd, 000260.067, 172
Trd, 000260.750, 154
Trd, 000261.467, 181
Trd, 000261.850, 179
Trd, 000262.467, 175
Trd, 000262.483, 169
Trd, 000262.700, 168
Trd, 000263.133, 158
Trd, 000265.700, 151
Trd, 000266.617, 171
Trd, 000267.083, 135
Trd, 000267.283, 149
Trd, 000267.400, 175
Trd, 000267.517, 142
Trd, 000269.817, 180
Trd, 000270.433, 174
Trd, 000272.067, 150
Trd, 000272.100, 179
Trd, 000273.400, 165
Trd, 000273.567, 174
Trd, 000273.767, 175
Trd, 000276.100, 165
Trd, 000276.650, 133
Trd, 000277.000, 176
Trd, 000278.800, 170
Trd, 000278.983, 163
Trd, 000279.500, 172
Trd, 000280.067, 174
Trd, 000280.317, 153
Trd, 000281.017, 158
Trd, 000281.933, 171
Trd, 000282.233, 180
Trd, 000284.083, 179
Trd, 000284.967, 174
Trd, 000286.750, 178
Trd, 000287.200, 180
Trd, 000287.350, 175
Trd, 000287.733, 163
Trd, 000288.917, 167
Trd, 000289.400, 161
Trd, 000290.617, 170
Trd, 000290.650, 154
Trd, 000291.617, 164
Trd, 000292.133, 171
Trd, 000292.733, 156
Trd, 000293.350, 163
Trd, 000294.200, 159
Trd, 000294.750, 168
Trd, 000295.767, 178
Trd, 000296.833, 167
Trd, 000297.067, 164
Trd, 000297.383, 175
Trd, 000297.483, 156
Trd, 000298.950, 175
