Trd, 000005.533, 143
Trd, 000006.200, 169
Trd, 000006.367, 157
Trd, 000006.667, 155
Trd, 000007.650, 153
Trd, 000007.950, 148
Trd, 000008.167, 156
Trd, 000011.200, 165
Trd, 000011.533, 165
Trd, 000011.833, 177
Trd, 000012.400, 166
Trd, 000012.883, 177
Trd, 000014.100, 163
Trd, 000014.183, 158
Trd, 000015.383, 185
Trd, 000016.617, 159
Trd, 000017.250, 151
Trd, 000017.333, 149
Trd, 000017.917, 161
Trd, 000018.750, 149
Trd, 000020.317, 146
Trd, 000020.667, 146
Trd, 000020.800, 142
Trd, 000020.833, 141
Trd, 000021.550, 161
Trd, 000022.600, 171
Trd, 000024.467, 168
Trd, 000024.683, 162
Trd, 000025.717, 172
Trd, 000026.100, 137
Trd, 000027.617, 150
Trd, 000030.233, 153
Trd, 000030.583, 169
Trd, 000031.300, 151
Trd, 000031.717, 155
Trd, 000032.217, 166
Trd, 000034.600, 158
Trd, 000035.667, 150
Trd, 000036.267, 168
Trd, 000037.767, 171
Trd, 000037.783, 179
Trd, 000039.967, 175
Trd, 000040.183, 152
Trd, 000040.767, 150
Trd, 000041.500, 166
Trd, 000041.900, 175
Trd, 000042.017, 168
Trd, 000044.400, 157
Trd, 000045.817, 171
Trd, 000046.883, 157
Trd, 000047.050, 155
Trd, 000047.117, 145
Trd, 000047.733, 143
Trd, 000048.033, 138
Trd, 000049.467, 141
Trd, 000050.167, 162
Trd, 000050.633, 146
Trd, 000050.883, 177
Trd, 000051.700, 156
Trd, 000053.583, 182
Trd, 000054.300, 167
Trd, 000055.950, 148
Trd, 000056.117, 153
Trd, 000056.983, 144
Trd, 000057.383, 162
Trd, 000057.700, 173
Trd, 000059.467, 162
Trd, 000060.483, 152
Trd, 000061.117, 175
Trd, 000061.683, 156
Trd, 000064.200, 164
Trd, 000066.133, 135
Trd, 000066.450, 140
Trd, 000066.850, 145
Trd, 000067.000, 138
Trd, 000067.367, 150
Trd, 000069.917, 152
Trd, 000070.983, 151
Trd, 000071.450, 145
Trd, 000071.500, 158
Trd, 000072.267, 165
Trd, 000072.650, 152
Trd, 000073.317, 161
Trd, 000074.350, 144
Trd, 000074.750, 143
Trd, 000075.517, 147
Trd, 000076.450, 163
Trd, 000076.550, 147
Trd, 000076.883, 154
Trd, 000078.383, 173
Trd, 000078.883, 170
Trd, 000079.850, 174
Trd, 000080.750, 165
Trd, 000080.900, 147
Trd, 000080.967, 174
Trd, 000081.367, 177
Trd, 000081.400, 177
Trd, 000081.567, 162
Trd, 000081.650, 178
Trd, 000083.183, 139
Trd, 000083.800, 141
Trd, 000085.067, 177
Trd, 000086.850, 153
Trd, 000087.017, 154
Trd, 000087.167, 155
Trd, 000090.933, 127
Trd, 000091.300, 135
Trd, 000092.067, 132
Trd, 000093.100, 153
Trd, 000093.200, 174
Trd, 000093.483, 184
Trd, 000096.233, 151
Trd, 000097.150, 152
Trd, 000097.433, 156
Trd, 000097.650, 158
Trd, 000098.550, 151
Trd, 000099.700, 163
Trd, 000100.067, 174
Trd, 000100.233, 152
Trd, 000100.417, 148
Trd, 000100.517, 129
Trd, 000101.033, 151
Trd, 000102.850, 169
Trd, 000102.967, 162
Trd, 000103.783, 160
Trd, 000106.683, 147
Trd, 000107.000, 146
Trd, 000108.567, 161
Trd, 000109.217, 179
Trd, 000110.567, 143
Trd, 000111.217, 181
Trd, 000111.583, 166
Trd, 000112.117, 161
Trd, 000112.417, 160
Trd, 000112.967, 137
Trd, 000113.200, 152
Trd, 000116.133, 173
Trd, 000117.100, 157
Trd, 000117.500, 164
Trd, 000117.767, 159
Trd, 000118.467, 156
Trd, 000120.217, 164
Trd, 000120.250, 153
Trd, 000121.367, 159
Trd, 000123.267, 161
Trd, 000123.450, 155
Trd, 000124.317, 175
Trd, 000126.400, 182
Trd, 000126.483, 155
Trd, 000126.983, 143
Trd, 000127.783, 160
Trd, 000127.883, 149
Trd, 000129.000, 162
Trd, 000129.267, 152
Trd, 000131.583, 157
Trd, 000131.917, 163
Trd, 000132.183, 160
Trd, 000132.250, 158
Trd, 000133.300, 167
Trd, 000133.883, 148
Trd, 000134.283, 152
Trd, 000134.950, 144
Trd, 000136.083, 160
Trd, 000136.167, 149
Trd, 000137.300, 140
Trd, 000137.517, 159
Trd, 000140.950, 186
Trd, 000142.117, 151
Trd, 000143.750, 168
Trd, 000143.867, 158
Trd, 000144.500, 171
Trd, 000144.867, 182
Trd, 000146.033, 134
Trd, 000147.250, 186
Trd, 000147.533, 162
Trd, 000148.200, 162
Trd, 000148.750, 154
Trd, 000149.183, 150
Trd, 000151.017, 122
Trd, 000151.050, 127
Trd, 000151.267, 145
Trd, 000151.383, 160
Trd, 000151.983, 170
Trd, 000153.717, 144
Trd, 000154.083, 141
Trd, 000155.400, 163
Trd, 000156.650, 170
Trd, 000157.150, 150
Trd, 000157.683, 146
Trd, 000157.867, 159
Trd, 000160.317, 155
Trd, 000161.400, 154
Trd, 000162.333, 155
Trd, 000164.117, 170
Trd, 000165.167, 134
Trd, 000165.633, 162
Trd, 000165.833, 141
Trd, 000166.500, 128
Trd, 000169.033, 173
Trd, 000169.183, 175
Trd, 000169.767, 175
Trd, 000170.417, 163
Trd, 000172.117, 173
Trd, 000172.517, 165
Trd, 000173.683, 142
Trd, 000174.633, 136
Trd, 000174.833, 140
Trd, 000175.017, 160
Trd, 000175.250, 159
Trd, 000177.367, 166
Trd, 000177.717, 167
Trd, 000178.150, 156
Trd, 000179.217, 151
Trd, 000179.283, 157
Trd, 000179.350, 120
Trd, 000180.300, 163
Trd, 000181.600, 139
Trd, 000182.517, 171
Trd, 000182.983, 160
Trd, 000184.183, 183
Trd, 000184.783, 180
Trd, 000185.550, 154
Trd, 000186.350, 156
Trd, 000186.850, 181
Trd, 000186.867, 173
Trd, 000187.700, 156
Trd, 000188.433, 148
Trd, 000188.850, 169
Trd, 000189.833, 148
Trd, 000190.183, 142
Trd, 000191.950, 186
Trd, 000192.567, 153
Trd, 000193.417, 166
Trd, 000193.933, 165
Trd, 000194.700, 155
Trd, 000194.933, 176
Trd, 000195.583, 173
Trd, 000196.933, 151
Trd, 000197.583, 163
Trd, 000198.483, 152
Trd, 000200.033, 162
Trd, 000201.467, 163
Trd, 000201.967, 164
Trd, 000202.150, 158
Trd, 000203.567, 148
Trd, 000204.367, 168
Trd, 000204.667, 144
Trd, 000205.150, 177
Trd, 000206.033, 145
Trd, 000207.300, 151
Trd, 000207.383, 155
Trd, 000209.300, 175
Trd, 000209.433, 168
Trd, 000209.500, 159
Trd, 000211.383, 185
Trd, 000211.900, 156
Trd, 000212.100, 153
Trd, 000213.267, 138
Trd, 000213.983, 180
Trd, 000214.333, 159
Trd, 000214.417, 163
Trd, 000216.933, 176
Trd, 000218.217, 156
Trd, 000219.217, 164
Trd, 000220.650, 174
Trd, 000221.067, 170
Trd, 000222.133, 148
Trd, 000223.000, 153
Trd, 000223.850, 149
Trd, 000224.967, 166
Trd, 000226.167, 158
Trd, 000226.450, 144
Trd, 000227.000, 134
Trd, 000227.083, 149
Trd, 000228.767, 162
Trd, 000229.367, 166
Trd, 000229.683, 156
Trd, 000230.900, 146
Trd, 000231.333, 144
Trd, 000231.633, 144
Trd, 000231.783, 149
Trd, 000232.167, 140
Trd, 000234.450, 182
Trd, 000235.967, 169
Trd, 000236.283, 162
Trd, 000238.650, 157
Trd, 000239.133, 156
Trd, 000241.633, 140
Trd, 000241.767, 131
Trd, 000242.100, 170
Trd, 000242.267, 133
Trd, 000244.017, 165
Trd, 000244.600, 159
Trd, 000245.350, 173
Trd, 000246.033, 156
Trd, 000249.483, 168
Trd, 000250.700, 177
Trd, 000251.800, 163
Trd, 000251.983, 149
Trd, 000253.017, 170
Trd, 000253.083, 145
Trd, 000253.817, 144
Trd, 000255.333, 173
Trd, 000257.017, 168
Trd, 000257.250, 155
Trd, 000257.517, 168
Trd, 000257.967, 162
Trd, 000258.067, 150
Trd, 000258.500, 127
Trd, 000259.300, 167
Trd, 000261.150, 158
Trd, 000261.850, 179
Trd, 000262.983, 140
Trd, 000263.983, 148
Trd, 000264.150, 171
Trd, 000264.917, 145
Trd, 000266.200, 172
Trd, 000266.583, 159
Trd, 000267.400, 160
Trd, 000268.117, 157
Trd, 000268.567, 143
Trd, 000269.367, 159
Trd, 000270.967, 149
Trd, 000271.683, 160
Trd, 000271.950, 150
Trd, 000273.450, 175
Trd, 000273.917, 173
Trd, 000274.083, 162
Trd, 000274.200, 158
Trd, 000276.533, 141
Trd, 000277.817, 155
Trd, 000278.133, 150
Trd, 000278.383, 158
Trd, 000279.000, 175
Trd, 000281.550, 117
Trd, 000282.883, 156
Trd, 000283.500, 146
Trd, 000283.517, 140
Trd, 000283.600, 134
Trd, 000284.267, 176
Trd, 000287.217, 174
Trd, 000287.700, 158
Trd, 000288.017, 176
Trd, 000288.950, 168
Trd, 000289.350, 179
Trd, 000290.200, 142
Trd, 000291.200, 155
Trd, 000291.633, 158
Trd, 000291.783, 144
Trd, 000292.100, 172
Trd, 000293.317, 190
Trd, 000293.900, 141
Trd, 000296.033, 177
Trd, 000296.767, 146
Trd, 000297.033, 168
Trd, 000297.300, 178
Trd, 000298.117, 170
Trd, 000298.867, 164
Trd, 000299.300, 162
Trd, 000299.767, 157
