Trd, 000005.150, 111
Trd, 000005.317, 158
Trd, 000005.583, 133
Trd, 000006.117, 143
Trd, 000006.317, 134
Trd, 000006.867, 130
Trd, 000006.933, 135
Trd, 000008.183, 169
Trd, 000008.267, 174
Trd, 000010.250, 135
Trd, 000010.533, 132
Trd, 000011.067, 128
Trd, 000011.300, 129
Trd, 000011.367, 144
Trd, 000015.883, 171
Trd, 000016.283, 165
Trd, 000018.200, 154
Trd, 000018.883, 150
Trd, 000019.083, 148
Trd, 000019.333, 171
Trd, 000020.250, 136
Trd, 000020.500, 136
Trd, 000020.950, 133
Trd, 000021.017, 135
Trd, 000021.733, 145
Trd, 000023.083, 155
Trd, 000023.333, 163
Trd, 000026.100, 170
Trd, 000026.450, 145
Trd, 000026.950, 138
Trd, 000027.067, 138
Trd, 000027.467, 162
Trd, 000027.750, 164
Trd, 000028.250, 158
Trd, 000029.333, 140
Trd, 000030.250, 156
Trd, 000030.667, 127
Trd, 000031.850, 137
Trd, 000032.067, 137
Trd, 000032.083, 152
Trd, 000033.417, 163
Trd, 000033.583, 141
Trd, 000035.617, 185
Trd, 000035.667, 169
Trd, 000035.733, 160
Trd, 000035.967, 197
Trd, 000036.117, 178
Trd, 000038.467, 148
Trd, 000040.700, 105
Trd, 000040.850, 131
Trd, 000041.133, 151
Trd, 000041.217, 151
Trd, 000041.417, 168
Trd, 000042.200, 161
Trd, 000042.467, 156
Trd, 000043.100, 148
Trd, 000043.167, 146
Trd, 000045.650, 150
Trd, 000046.433, 168
Trd, 000046.883, 157
Trd, 000047.183, 152
Trd, 000048.100, 136
Trd, 000048.767, 149
Trd, 000048.900, 157
Trd, 000049.300, 156
Trd, 000049.550, 170
Trd, 000050.217, 148
Trd, 000050.467, 171
Trd, 000050.617, 169
Trd, 000051.100, 170
Trd, 000051.600, 126
Trd, 000053.067, 172
Trd, 000053.450, 144
Trd, 000053.533, 139
Trd, 000054.900, 151
Trd, 000055.117, 147
Trd, 000056.050, 165
Trd, 000056.150, 166
Trd, 000056.333, 162
Trd, 000056.783, 149
Trd, 000059.350, 149
Trd, 000060.433, 171
Trd, 000060.600, 148
Trd, 000061.933, 155
Trd, 000062.433, 143
Trd, 000063.567, 153
Trd, 000065.517, 115
Trd, 000066.317, 153
Trd, 000067.383, 134
Trd, 000068.617, 161
Trd, 000069.783, 134
Trd, 000070.550, 153
Trd, 000071.167, 152
Trd, 000071.483, 151
Trd, 000071.767, 155
Trd, 000071.867, 134
Trd, 000072.367, 157
Trd, 000072.633, 158
Trd, 000072.967, 158
Trd, 000075.217, 140
Trd, 000076.400, 145
Trd, 000077.067, 135
Trd, 000077.133, 134
Trd, 000077.467, 146
Trd, 000077.550, 135
Trd, 000077.683, 143
Trd, 000080.717, 168
Trd, 000081.550, 141
Trd, 000082.000, 169
Trd, 000082.650, 151
Trd, 000083.217, 180
Trd, 000083.350, 164
Trd, 000084.650, 153
Trd, 000084.700, 128
Trd, 000085.333, 162
Trd, 000086.250, 131
Trd, 000086.800, 153
Trd, 000086.983, 146
Trd, 000087.600, 147
Trd, 000088.750, 161
Trd, 000090.633, 109
Trd, 000090.700, 161
Trd, 000091.483, 165
Trd, 000091.700, 162
Trd, 000093.150, 157
Trd, 000094.017, 157
Trd, 000095.717, 161
Trd, 000096.500, 144
Trd, 000096.567, 135
Trd, 000097.017, 166
Trd, 000098.400, 155
Trd, 000099.450, 157
Trd, 000101.567, 133
Trd, 000101.733, 138
Trd, 000101.883, 138
Trd, 000102.233, 178
Trd, 000102.517, 148
Trd, 000103.050, 141
Trd, 000104.983, 168
Trd, 000105.150, 151
Trd, 000106.233, 148
Trd, 000106.417, 145
Trd, 000106.633, 147
Trd, 000107.433, 148
Trd, 000107.633, 139
Trd, 000107.950, 172
Trd, 000108.700, 160
Trd, 000111.000, 157
Trd, 000111.500, 162
Trd, 000111.767, 146
Trd, 000112.000, 146
Trd, 000112.750, 143
Trd, 000113.117, 140
Trd, 000114.483, 160
Trd, 000116.533, 169
Trd, 000116.550, 148
Trd, 000118.033, 149
Trd, 000118.267, 150
Trd, 000118.750, 163
Trd, 000118.983, 147
Trd, 000119.767, 152
Trd, 000119.833, 165
Trd, 000121.533, 163
Trd, 000121.967, 167
Trd, 000122.167, 164
Trd, 000122.250, 147
Trd, 000122.667, 144
Trd, 000122.817, 137
Trd, 000122.933, 169
Trd, 000126.267, 122
Trd, 000126.517, 139
Trd, 000127.067, 154
Trd, 000128.233, 138
Trd, 000129.150, 149
Trd, 000129.383, 154
Trd, 000130.500, 169
Trd, 000131.133, 159
Trd, 000131.183, 150
Trd, 000132.317, 176
Trd, 000132.550, 139
Trd, 000133.033, 143
Trd, 000133.883, 152
Trd, 000134.850, 176
Trd, 000136.000, 133
Trd, 000136.567, 137
Trd, 000136.767, 144
Trd, 000137.050, 166
Trd, 000137.983, 169
Trd, 000138.567, 154
Trd, 000139.033, 145
Trd, 000139.300, 140
Trd, 000140.733, 147
Trd, 000141.667, 137
Trd, 000142.083, 146
Trd, 000142.683, 157
Trd, 000143.217, 165
Trd, 000144.067, 165
Trd, 000146.600, 140
Trd, 000146.733, 146
Trd, 000146.950, 121
Trd, 000147.083, 123
Trd, 000147.350, 127
Trd, 000148.267, 147
Trd, 000150.500, 148
Trd, 000150.967, 104
Trd, 000150.983, 125
Trd, 000151.550, 162
Trd, 000151.650, 131
Trd, 000152.000, 132
Trd, 000152.467, 141
Trd, 000156.267, 142
Trd, 000157.017, 133
Trd, 000157.267, 157
Trd, 000157.817, 168
Trd, 000158.200, 174
Trd, 000158.333, 145
Trd, 000158.483, 140
Trd, 000160.250, 156
Trd, 000161.550, 131
Trd, 000161.667, 131
Trd, 000162.383, 147
Trd, 000163.483, 153
Trd, 000163.633, 152
Trd, 000165.017, 165
Trd, 000165.150, 170
Trd, 000165.633, 150
Trd, 000166.067, 143
Trd, 000166.483, 164
Trd, 000167.100, 163
Trd, 000167.567, 158
Trd, 000168.300, 145
Trd, 000170.250, 162
Trd, 000170.650, 163
Trd, 000171.733, 122
Trd, 000171.783, 143
Trd, 000171.900, 128
Trd, 000172.267, 135
Trd, 000173.917, 154
Trd, 000175.050, 165
Trd, 000175.717, 133
Trd, 000176.233, 192
Trd, 000176.533, 152
Trd, 000177.333, 141
Trd, 000177.383, 124
Trd, 000179.683, 136
Trd, 000180.367, 143
Trd, 000180.700, 147
Trd, 000181.133, 138
Trd, 000181.433, 125
Trd, 000181.667, 159
Trd, 000182.100, 157
Trd, 000182.217, 175
Trd, 000182.533, 165
Trd, 000184.500, 159
Trd, 000184.617, 165
Trd, 000185.733, 140
Trd, 000186.033, 124
Trd, 000187.267, 139
Trd, 000187.567, 148
Trd, 000187.650, 149
Trd, 000188.000, 154
Trd, 000188.267, 149
Trd, 000189.533, 150
Trd, 000190.517, 149
Trd, 000190.983, 141
Trd, 000191.050, 138
Trd, 000191.233, 167
Trd, 000192.367, 144
Trd, 000192.917, 166
Trd, 000193.617, 141
Trd, 000194.833, 167
Trd, 000195.583, 150
Trd, 000196.400, 151
Trd, 000198.333, 134
Trd, 000198.917, 150
Trd, 000199.200, 150
Trd, 000199.467, 158
Trd, 000201.300, 110
Trd, 000201.517, 125
Trd, 000202.750, 167
Trd, 000203.667, 153
Trd, 000204.150, 134
Trd, 000204.367, 167
Trd, 000205.933, 145
Trd, 000206.217, 124
Trd, 000206.483, 136
Trd, 000206.533, 173
Trd, 000206.850, 161
Trd, 000208.067, 163
Trd, 000208.500, 164
Trd, 000209.650, 159
Trd, 000210.400, 159
Trd, 000211.450, 156
Trd, 000211.883, 172
Trd, 000212.667, 154
Trd, 000212.800, 145
Trd, 000213.483, 171
Trd, 000213.700, 147
Trd, 000215.650, 150
Trd, 000217.000, 146
Trd, 000217.083, 148
Trd, 000217.200, 149
Trd, 000217.383, 160
Trd, 000217.583, 139
Trd, 000218.533, 162
Trd, 000218.567, 151
Trd, 000219.600, 162
Trd, 000221.167, 153
Trd, 000221.383, 110
Trd, 000221.450, 126
Trd, 000222.500, 153
Trd, 000222.717, 137
Trd, 000224.583, 151
Trd, 000226.233, 147
Trd, 000226.650, 145
Trd, 000227.350, 141
Trd, 000227.617, 136
Trd, 000228.350, 170
Trd, 000228.933, 159
Trd, 000229.183, 141
Trd, 000230.017, 164
Trd, 000231.333, 121
Trd, 000231.500, 141
Trd, 000231.567, 120
Trd, 000232.200, 175
Trd, 000232.783, 164
Trd, 000233.583, 145
Trd, 000234.650, 158
Trd, 000235.150, 160
Trd, 000236.583, 147
Trd, 000237.050, 174
Trd, 000237.450, 154
Trd, 000237.550, 150
Trd, 000237.617, 141
Trd, 000238.250, 176
Trd, 000238.433, 142
Trd, 000241.233, 123
Trd, 000241.383, 139
Trd, 000241.783, 137
Trd, 000242.167, 133
Trd, 000244.133, 148
Trd, 000244.417, 144
Trd, 000245.517, 172
Trd, 000246.733, 147
Trd, 000246.950, 151
Trd, 000247.433, 159
Trd, 000247.617, 166
Trd, 000249.283, 142
Trd, 000249.433, 151
Trd, 000249.567, 169
Trd, 000250.333, 138
Trd, 000251.467, 178
Trd, 000251.850, 162
Trd, 000252.200, 164
Trd, 000252.633, 137
Trd, 000254.117, 165
Trd, 000255.717, 152
Trd, 000256.500, 152
Trd, 000256.817, 144
Trd, 000257.950, 139
Trd, 000258.033, 145
Trd, 000258.100, 149
Trd, 000258.333, 140
Trd, 000260.583, 154
Trd, 000261.750, 131
Trd, 000261.933, 135
Trd, 000262.233, 136
Trd, 000262.400, 154
Trd, 000262.933, 148
Trd, 000265.517, 150
Trd, 000266.483, 171
Trd, 000267.100, 166
Trd, 000267.250, 156
Trd, 000267.733, 153
Trd, 000268.350, 151
Trd, 000268.533, 161
Trd, 000268.850, 136
Trd, 000272.267, 149
Trd, 000272.867, 136
Trd, 000273.883, 137
Trd, 000274.167, 141
Trd, 000275.250, 153
Trd, 000275.900, 166
Trd, 000276.317, 147
Trd, 000277.350, 157
Trd, 000277.433, 163
Trd, 000278.483, 163
Trd, 000278.900, 141
Trd, 000279.050, 163
Trd, 000279.617, 145
Trd, 000280.183, 159
Trd, 000280.750, 165
Trd, 000282.217, 142
Trd, 000282.483, 147
Trd, 000282.767, 141
Trd, 000283.550, 170
Trd, 000283.650, 157
Trd, 000284.483, 167
Trd, 000284.617, 141
Trd, 000284.750, 134
Trd, 000286.467, 113
Trd, 000286.583, 189
Trd, 000287.533, 165
Trd, 000287.867, 146
Trd, 000290.233, 143
Trd, 000291.300, 151
Trd, 000292.317, 149
Trd, 000292.633, 148
Trd, 000292.750, 165
Trd, 000294.000, 159
Trd, 000296.267, 159
Trd, 000296.317, 165
Trd, 000296.933, 178
Trd, 000297.700, 151
Trd, 000298.350, 142
Trd, 000298.783, 155
Trd, 000299.633, 168
Trd, 000299.667, 150
Trd, 000299.783, 185
