Trd, 000005.517, 166
Trd, 000005.600, 147
Trd, 000005.650, 141
Trd, 000005.733, 133
Trd, 000005.817, 158
Trd, 000006.117, 161
Trd, 000006.300, 138
Trd, 000006.500, 176
Trd, 000006.583, 167
Trd, 000006.617, 131
Trd, 000007.900, 169
Trd, 000008.433, 151
Trd, 000010.333, 172
Trd, 000010.650, 184
Trd, 000011.700, 175
Trd, 000011.733, 156
Trd, 000011.933, 166
Trd, 000012.067, 155
Trd, 000012.300, 152
Trd, 000012.383, 142
Trd, 000013.000, 176
Trd, 000015.350, 168
Trd, 000015.500, 159
Trd, 000015.633, 168
Trd, 000015.767, 152
Trd, 000015.817, 170
Trd, 000016.650, 155
Trd, 000016.717, 151
Trd, 000016.817, 147
Trd, 000018.183, 151
Trd, 000018.683, 147
Trd, 000020.350, 156
Trd, 000020.383, 148
Trd, 000020.533, 171
Trd, 000021.417, 141
Trd, 000021.767, 146
Trd, 000021.900, 144
Trd, 000021.950, 166
Trd, 000022.883, 150
Trd, 000023.167, 153
Trd, 000025.250, 152
Trd, 000025.400, 134
Trd, 000025.483, 130
Trd, 000025.833, 178
Trd, 000025.983, 184
Trd, 000027.183, 177
Trd, 000027.417, 149
Trd, 000028.650, 159
Trd, 000029.500, 142
Trd, 000030.733, 188
Trd, 000030.917, 186
Trd, 000031.000, 166
Trd, 000031.650, 144
Trd, 000032.933, 174
Trd, 000033.050, 157
Trd, 000033.550, 148
Trd, 000034.333, 152
Trd, 000035.367, 134
Trd, 000035.517, 147
Trd, 000035.600, 158
Trd, 000035.883, 175
Trd, 000036.217, 156
Trd, 000036.583, 194
Trd, 000036.717, 177
Trd, 000036.817, 166
Trd, 000037.083, 155
Trd, 000037.317, 148
Trd, 000037.500, 145
Trd, 000037.883, 154
Trd, 000041.000, 175
Trd, 000041.383, 185
Trd, 000041.717, 189
Trd, 000041.783, 166
Trd, 000041.867, 158
Trd, 000044.850, 151
Trd, 000045.033, 149
Trd, 000045.483, 150
Trd, 000046.283, 188
Trd, 000047.000, 186
Trd, 000047.350, 184
Trd, 000047.417, 181
Trd, 000047.550, 167
Trd, 000048.133, 190
Trd, 000049.950, 148
Trd, 000050.850, 164
Trd, 000051.000, 152
Trd, 000051.100, 187
Trd, 000051.417, 182
Trd, 000051.567, 143
Trd, 000051.633, 153
Trd, 000051.917, 151
Trd, 000052.667, 153
Trd, 000053.250, 147
Trd, 000055.367, 168
Trd, 000056.150, 164
Trd, 000056.700, 163
Trd, 000057.700, 177
Trd, 000057.967, 174
Trd, 000058.133, 157
Trd, 000058.567, 148
Trd, 000059.383, 152
Trd, 000061.750, 180
Trd, 000061.933, 167
Trd, 000062.200, 142
Trd, 000063.117, 186
Trd, 000063.267, 179
Trd, 000063.300, 167
Trd, 000064.500, 148
Trd, 000065.250, 147
Trd, 000065.867, 137
Trd, 000066.017, 143
Trd, 000066.050, 156
Trd, 000066.800, 136
Trd, 000066.983, 133
Trd, 000067.400, 155
Trd, 000068.167, 189
Trd, 000069.300, 186
Trd, 000069.700, 166
Trd, 000070.717, 184
Trd, 000071.100, 184
Trd, 000071.317, 181
Trd, 000071.467, 162
Trd, 000072.600, 170
Trd, 000074.450, 158
Trd, 000075.767, 146
Trd, 000076.200, 151
Trd, 000076.283, 171
Trd, 000076.717, 149
Trd, 000076.750, 144
Trd, 000077.983, 148
Trd, 000078.233, 145
Trd, 000078.867, 157
Trd, 000080.433, 144
Trd, 000080.817, 191
Trd, 000080.883, 138
Trd, 000081.850, 169
Trd, 000082.650, 159
Trd, 000083.067, 159
Trd, 000083.700, 149
Trd, 000083.900, 165
Trd, 000084.500, 147
Trd, 000085.800, 186
Trd, 000085.917, 179
Trd, 000086.283, 157
Trd, 000086.633, 163
Trd, 000089.017, 176
Trd, 000090.717, 165
Trd, 000091.283, 151
Trd, 000091.300, 147
Trd, 000091.417, 143
Trd, 000091.850, 185
Trd, 000092.167, 173
Trd, 000092.367, 173
Trd, 000092.850, 160
Trd, 000093.283, 142
Trd, 000094.483, 159
Trd, 000095.767, 195
Trd, 000096.083, 191
Trd, 000096.383, 174
Trd, 000097.000, 165
Trd, 000097.433, 164
Trd, 000097.917, 150
Trd, 000098.267, 156
Trd, 000098.767, 150
Trd, 000100.900, 125
Trd, 000101.117, 140
Trd, 000101.333, 144
Trd, 000101.367, 160
Trd, 000101.817, 161
Trd, 000102.467, 162
Trd, 000102.683, 148
Trd, 000105.717, 149
Trd, 000106.200, 176
Trd, 000106.850, 137
Trd, 000106.950, 182
Trd, 000107.017, 153
Trd, 000107.600, 143
Trd, 000109.767, 160
Trd, 000111.417, 151
Trd, 000111.767, 145
Trd, 000111.783, 156
Trd, 000111.967, 169
Trd, 000113.133, 145
Trd, 000114.950, 162
Trd, 000115.250, 160
Trd, 000115.300, 155
Trd, 000115.450, 155
Trd, 000116.433, 148
Trd, 000116.967, 186
Trd, 000117.033, 177
Trd, 000117.217, 144
Trd, 000117.450, 143
Trd, 000118.100, 183
Trd, 000118.983, 166
Trd, 000120.350, 191
Trd, 000121.717, 180
Trd, 000122.033, 166
Trd, 000122.067, 165
Trd, 000122.683, 170
Trd, 000123.333, 159
Trd, 000124.000, 162
Trd, 000126.000, 185
Trd, 000126.650, 178
Trd, 000127.583, 173
Trd, 000127.867, 174
Trd, 000128.067, 166
Trd, 000128.183, 165
Trd, 000129.217, 141
Trd, 000129.767, 170
Trd, 000130.967, 133
Trd, 000131.083, 176
Trd, 000131.167, 141
Trd, 000131.733, 190
Trd, 000132.050, 172
Trd, 000132.633, 172
Trd, 000132.983, 164
Trd, 000133.200, 150
Trd, 000133.467, 146
Trd, 000135.950, 165
Trd, 000136.417, 140
Trd, 000136.450, 147
Trd, 000136.717, 150
Trd, 000139.433, 168
Trd, 000141.033, 144
Trd, 000141.417, 144
Trd, 000141.667, 144
Trd, 000142.400, 162
Trd, 000142.917, 158
Trd, 000143.200, 182
Trd, 000145.283, 175
Trd, 000145.767, 177
Trd, 000145.933, 133
Trd, 000146.067, 186
Trd, 000146.583, 183
Trd, 000146.650, 178
Trd, 000146.983, 174
Trd, 000150.983, 184
Trd, 000151.300, 122
Trd, 000151.950, 185
Trd, 000152.183, 162
Trd, 000152.983, 148
Trd, 000153.500, 141
Trd, 000153.517, 150
Trd, 000154.067, 139
Trd, 000155.117, 139
Trd, 000155.217, 160
Trd, 000156.033, 145
Trd, 000156.117, 150
Trd, 000156.483, 156
Trd, 000157.100, 151
Trd, 000157.350, 134
Trd, 000158.100, 167
Trd, 000159.417, 157
Trd, 000160.167, 178
Trd, 000161.233, 158
Trd, 000161.567, 152
Trd, 000161.700, 149
Trd, 000161.883, 165
Trd, 000162.667, 143
Trd, 000162.683, 143
Trd, 000162.783, 169
Trd, 000164.883, 188
Trd, 000165.150, 168
Trd, 000165.350, 173
Trd, 000165.850, 153
Trd, 000166.017, 136
Trd, 000166.433, 162
Trd, 000166.517, 177
Trd, 000167.433, 191
Trd, 000167.517, 159
Trd, 000168.183, 162
Trd, 000168.433, 152
Trd, 000169.317, 189
Trd, 000171.050, 146
Trd, 000171.183, 120
Trd, 000171.783, 153
Trd, 000171.983, 150
Trd, 000172.150, 158
Trd, 000173.200, 140
Trd, 000173.700, 166
Trd, 000175.583, 157
Trd, 000176.617, 190
Trd, 000176.767, 184
Trd, 000176.867, 173
Trd, 000177.833, 162
Trd, 000178.067, 183
Trd, 000178.633, 158
Trd, 000178.850, 161
Trd, 000179.133, 152
Trd, 000179.900, 152
Trd, 000179.983, 148
Trd, 000181.083, 146
Trd, 000181.367, 138
Trd, 000181.517, 141
Trd, 000182.083, 165
Trd, 000183.283, 189
Trd, 000184.017, 186
Trd, 000184.783, 178
Trd, 000186.400, 153
Trd, 000186.650, 159
Trd, 000188.100, 186
Trd, 000188.617, 167
Trd, 000189.683, 162
Trd, 000191.433, 160
Trd, 000191.683, 182
Trd, 000191.817, 166
Trd, 000192.450, 140
Trd, 000192.483, 141
Trd, 000192.817, 148
Trd, 000192.833, 142
Trd, 000193.750, 187
Trd, 000194.850, 155
Trd, 000194.950, 148
Trd, 000195.883, 148
Trd, 000196.267, 139
Trd, 000196.817, 152
Trd, 000196.867, 162
Trd, 000196.967, 171
Trd, 000197.167, 172
Trd, 000197.650, 168
Trd, 000198.433, 147
Trd, 000200.017, 167
Trd, 000200.933, 157
Trd, 000201.633, 186
Trd, 000202.200, 157
Trd, 000203.333, 195
Trd, 000203.600, 188
Trd, 000203.733, 178
Trd, 000203.900, 166
Trd, 000204.767, 162
Trd, 000206.017, 150
Trd, 000206.267, 184
Trd, 000206.800, 155
Trd, 000207.700, 167
Trd, 000207.783, 166
Trd, 000208.300, 179
Trd, 000208.700, 192
Trd, 000208.817, 161
Trd, 000210.600, 150
Trd, 000210.883, 173
Trd, 000211.250, 176
Trd, 000211.400, 123
Trd, 000211.983, 185
Trd, 000212.400, 188
Trd, 000212.700, 159
Trd, 000213.950, 168
Trd, 000214.900, 186
Trd, 000216.600, 180
Trd, 000216.800, 145
Trd, 000216.967, 143
Trd, 000217.000, 141
Trd, 000217.117, 178
Trd, 000217.483, 144
Trd, 000217.550, 144
Trd, 000219.383, 152
Trd, 000220.817, 148
Trd, 000221.200, 185
Trd, 000221.250, 194
Trd, 000222.083, 160
Trd, 000222.117, 149
Trd, 000223.783, 148
Trd, 000223.833, 147
Trd, 000225.117, 165
Trd, 000226.617, 151
Trd, 000226.633, 109
Trd, 000227.067, 175
Trd, 000227.100, 174
Trd, 000228.150, 160
Trd, 000229.033, 155
Trd, 000230.233, 167
Trd, 000231.783, 185
Trd, 000231.800, 166
Trd, 000231.867, 156
Trd, 000232.667, 185
Trd, 000233.050, 170
Trd, 000234.967, 165
Trd, 000235.500, 159
Trd, 000236.283, 164
Trd, 000236.917, 165
Trd, 000237.233, 158
Trd, 000237.600, 158
Trd, 000238.417, 168
Trd, 000238.533, 158
Trd, 000238.817, 157
Trd, 000240.750, 149
Trd, 000240.950, 145
Trd, 000241.200, 141
Trd, 000241.483, 159
Trd, 000242.133, 171
Trd, 000242.383, 173
Trd, 000242.533, 160
Trd, 000243.417, 142
Trd, 000243.700, 170
Trd, 000247.150, 155
Trd, 000247.333, 166
Trd, 000248.283, 149
Trd, 000248.817, 167
Trd, 000248.850, 192
Trd, 000249.300, 161
Trd, 000249.917, 148
Trd, 000251.117, 168
Trd, 000251.417, 199
Trd, 000251.567, 178
Trd, 000251.817, 154
Trd, 000251.917, 152
Trd, 000251.983, 151
Trd, 000252.050, 161
Trd, 000252.533, 150
Trd, 000254.750, 159
Trd, 000255.567, 164
Trd, 000256.350, 187
Trd, 000256.433, 184
Trd, 000256.633, 166
Trd, 000257.300, 148
Trd, 000257.733, 144
Trd, 000257.933, 142
Trd, 000258.883, 169
Trd, 000259.583, 156
Trd, 000261.850, 147
Trd, 000262.250, 151
Trd, 000262.383, 166
Trd, 000262.583, 139
Trd, 000262.817, 176
Trd, 000262.917, 135
Trd, 000263.050, 143
Trd, 000263.450, 151
Trd, 000264.300, 163
Trd, 000266.100, 162
Trd, 000266.667, 185
Trd, 000266.850, 155
Trd, 000267.483, 172
Trd, 000269.033, 178
Trd, 000269.300, 167
Trd, 000271.000, 166
Trd, 000271.667, 150
Trd, 000272.350, 148
Trd, 000272.683, 181
Trd, 000273.200, 186
Trd, 000273.800, 177
Trd, 000274.000, 159
Trd, 000275.917, 179
Trd, 000276.483, 143
Trd, 000277.267, 154
Trd, 000277.317, 159
Trd, 000277.583, 193
Trd, 000277.633, 169
Trd, 000278.183, 152
Trd, 000278.750, 151
Trd, 000278.900, 148
Trd, 000280.100, 161
Trd, 000281.400, 151
Trd, 000282.100, 175
Trd, 000282.300, 166
Trd, 000282.667, 172
Trd, 000282.817, 179
Trd, 000282.867, 180
Trd, 000283.233, 155
Trd, 000284.050, 165
Trd, 000284.700, 157
Trd, 000285.567, 148
Trd, 000286.500, 140
Trd, 000286.833, 166
Trd, 000286.850, 158
Trd, 000287.700, 185
Trd, 000287.750, 173
Trd, 000288.617, 165
Trd, 000289.833, 153
Trd, 000290.267, 146
Trd, 000291.050, 151
Trd, 000291.417, 155
Trd, 000292.350, 151
Trd, 000292.367, 167
Trd, 000292.700, 148
Trd, 000293.700, 186
Trd, 000293.733, 183
Trd, 000293.900, 162
Trd, 000294.200, 148
Trd, 000296.900, 184
Trd, 000297.367, 163
Trd, 000298.283, 187
Trd, 000298.983, 153
Trd, 000299.467, 158
Trd, 000299.667, 146
Trd, 000299.883, 167
