Trd, 000005.367, 158
Trd, 000005.483, 154
Trd, 000005.667, 145
Trd, 000005.783, 139
Trd, 000005.917, 158
Trd, 000006.350, 160
Trd, 000007.750, 136
Trd, 000008.833, 151
Trd, 000008.883, 150
Trd, 000009.600, 146
Trd, 000010.050, 127
Trd, 000010.267, 159
Trd, 000010.533, 171
Trd, 000010.867, 152
Trd, 000011.017, 159
Trd, 000011.200, 161
Trd, 000011.333, 154
Trd, 000011.733, 176
Trd, 000015.317, 173
Trd, 000015.450, 159
Trd, 000015.917, 141
Trd, 000016.250, 153
Trd, 000017.033, 171
Trd, 000017.367, 163
Trd, 000018.333, 163
Trd, 000018.383, 149
Trd, 000018.450, 150
Trd, 000020.283, 166
Trd, 000021.367, 177
Trd, 000022.150, 158
Trd, 000022.650, 154
Trd, 000024.250, 173
Trd, 000024.417, 160
Trd, 000025.267, 122
Trd, 000025.367, 144
Trd, 000025.733, 151
Trd, 000026.183, 144
Trd, 000026.833, 148
Trd, 000027.133, 173
Trd, 000028.717, 182
Trd, 000028.833, 166
Trd, 000030.283, 171
Trd, 000030.667, 138
Trd, 000030.717, 154
Trd, 000030.867, 133
Trd, 000031.300, 183
Trd, 000031.383, 131
Trd, 000032.083, 127
Trd, 000032.733, 167
Trd, 000035.433, 163
Trd, 000035.800, 131
Trd, 000036.533, 159
Trd, 000037.417, 154
Trd, 000037.983, 154
Trd, 000038.133, 164
Trd, 000039.200, 170
Trd, 000040.350, 119
Trd, 000040.483, 137
Trd, 000040.617, 133
Trd, 000040.900, 143
Trd, 000041.033, 153
Trd, 000041.267, 155
Trd, 000041.817, 187
Trd, 000042.783, 149
Trd, 000043.950, 155
Trd, 000046.117, 175
Trd, 000046.400, 156
Trd, 000046.500, 146
Trd, 000046.650, 145
Trd, 000046.883, 187
Trd, 000047.483, 189
Trd, 000047.983, 157
Trd, 000048.633, 149
Trd, 000049.417, 153
Trd, 000050.550, 135
Trd, 000050.867, 126
Trd, 000051.183, 149
Trd, 000051.450, 158
Trd, 000051.533, 128
Trd, 000052.150, 192
Trd, 000052.383, 186
Trd, 000052.817, 164
Trd, 000053.867, 152
Trd, 000054.117, 153
Trd, 000054.333, 140
Trd, 000055.367, 161
Trd, 000055.983, 179
Trd, 000056.067, 131
Trd, 000056.617, 149
Trd, 000057.883, 155
Trd, 000058.233, 152
Trd, 000058.267, 143
Trd, 000059.567, 180
Trd, 000060.683, 172
Trd, 000060.983, 171
Trd, 000061.633, 159
Trd, 000062.000, 149
Trd, 000062.783, 151
Trd, 000063.733, 157
Trd, 000065.500, 115
Trd, 000066.467, 185
Trd, 000066.833, 176
Trd, 000067.350, 174
Trd, 000067.817, 178
Trd, 000067.833, 169
Trd, 000068.183, 172
Trd, 000068.650, 175
Trd, 000069.083, 146
Trd, 000069.383, 176
Trd, 000070.883, 142
Trd, 000071.300, 126
Trd, 000071.617, 166
Trd, 000072.117, 165
Trd, 000072.500, 148
Trd, 000074.400, 152
Trd, 000075.150, 166
Trd, 000075.650, 155
Trd, 000075.667, 163
Trd, 000075.967, 183
Trd, 000076.583, 171
Trd, 000076.600, 167
Trd, 000076.800, 164
Trd, 000080.550, 152
Trd, 000080.783, 170
Trd, 000081.083, 151
Trd, 000081.483, 173
Trd, 000082.000, 186
Trd, 000082.183, 156
Trd, 000083.367, 149
Trd, 000084.633, 147
Trd, 000086.033, 162
Trd, 000086.483, 157
Trd, 000086.667, 168
Trd, 000087.250, 161
Trd, 000087.667, 155
Trd, 000088.917, 149
Trd, 000089.567, 167
Trd, 000090.250, 148
Trd, 000090.333, 147
Trd, 000090.783, 117
Trd, 000091.650, 147
Trd, 000091.700, 157
Trd, 000092.417, 177
Trd, 000092.917, 153
Trd, 000096.100, 164
Trd, 000096.467, 144
Trd, 000096.900, 138
Trd, 000097.383, 157
Trd, 000098.967, 149
Trd, 000099.467, 158
Trd, 000100.533, 157
Trd, 000100.900, 171
Trd, 000101.083, 171
Trd, 000101.267, 172
Trd, 000101.883, 155
Trd, 000102.983, 162
Trd, 000104.867, 156
Trd, 000106.067, 167
Trd, 000106.567, 156
Trd, 000109.683, 182
Trd, 000109.767, 166
Trd, 000110.183, 158
Trd, 000110.450, 155
Trd, 000110.783, 118
Trd, 000111.150, 157
Trd, 000112.200, 152
Trd, 000112.217, 142
Trd, 000112.783, 161
Trd, 000113.367, 153
Trd, 000114.567, 167
Trd, 000115.867, 131
Trd, 000115.983, 145
Trd, 000116.833, 161
Trd, 000117.133, 148
Trd, 000119.850, 153
Trd, 000121.000, 171
Trd, 000121.100, 112
Trd, 000121.783, 153
Trd, 000121.900, 154
Trd, 000122.500, 145
Trd, 000122.967, 147
Trd, 000123.350, 161
Trd, 000125.117, 160
Trd, 000125.617, 170
Trd, 000127.067, 167
Trd, 000127.283, 150
Trd, 000127.467, 162
Trd, 000129.267, 159
Trd, 000129.517, 131
Trd, 000131.167, 153
Trd, 000131.567, 153
Trd, 000131.583, 151
Trd, 000131.600, 156
Trd, 000132.367, 153
Trd, 000132.683, 161
Trd, 000136.233, 133
Trd, 000136.500, 146
Trd, 000136.767, 159
Trd, 000136.850, 162
Trd, 000137.517, 176
Trd, 000137.733, 140
Trd, 000138.467, 141
Trd, 000139.883, 187
Trd, 000141.583, 166
Trd, 000141.767, 166
Trd, 000142.067, 152
Trd, 000142.550, 149
Trd, 000142.950, 154
Trd, 000143.150, 161
Trd, 000143.317, 137
Trd, 000143.417, 164
Trd, 000145.833, 174
Trd, 000145.983, 179
Trd, 000146.300, 176
Trd, 000147.100, 157
Trd, 000147.517, 160
Trd, 000148.917, 165
Trd, 000150.767, 145
Trd, 000151.067, 193
Trd, 000151.283, 170
Trd, 000151.750, 154
Trd, 000152.433, 177
Trd, 000153.233, 159
Trd, 000154.083, 169
Trd, 000154.333, 158
Trd, 000156.000, 130
Trd, 000156.100, 146
Trd, 000156.483, 164
Trd, 000156.767, 175
Trd, 000156.967, 157
Trd, 000157.083, 190
Trd, 000158.483, 172
Trd, 000161.267, 157
Trd, 000161.550, 179
Trd, 000162.817, 151
Trd, 000163.017, 147
Trd, 000164.150, 159
Trd, 000165.117, 156
Trd, 000165.683, 158
Trd, 000166.067, 161
Trd, 000166.517, 139
Trd, 000167.283, 168
Trd, 000168.483, 153
Trd, 000168.783, 157
Trd, 000169.200, 148
Trd, 000171.033, 138
Trd, 000171.467, 159
Trd, 000171.583, 173
Trd, 000172.467, 164
Trd, 000172.683, 163
Trd, 000173.150, 158
Trd, 000173.650, 138
Trd, 000173.683, 133
Trd, 000176.367, 172
Trd, 000176.517, 168
Trd, 000177.467, 159
Trd, 000177.683, 150
Trd, 000177.750, 167
Trd, 000178.033, 149
Trd, 000181.100, 122
Trd, 000181.600, 178
Trd, 000181.700, 171
Trd, 000181.817, 175
Trd, 000183.417, 150
Trd, 000183.950, 158
Trd, 000186.383, 184
Trd, 000186.717, 171
Trd, 000186.733, 159
Trd, 000187.300, 132
Trd, 000187.633, 146
Trd, 000188.183, 157
Trd, 000188.550, 137
Trd, 000189.600, 136
Trd, 000190.717, 163
Trd, 000191.267, 173
Trd, 000191.583, 160
Trd, 000191.717, 153
Trd, 000192.917, 184
Trd, 000193.867, 153
Trd, 000195.333, 150
Trd, 000196.800, 162
Trd, 000197.133, 170
Trd, 000197.483, 174
Trd, 000197.583, 127
Trd, 000198.083, 155
Trd, 000198.300, 144
Trd, 000198.450, 161
Trd, 000199.800, 155
Trd, 000200.817, 149
Trd, 000201.517, 164
Trd, 000201.650, 147
Trd, 000202.200, 163
Trd, 000202.267, 147
Trd, 000203.333, 180
Trd, 000204.017, 163
Trd, 000204.767, 164
Trd, 000206.683, 163
Trd, 000206.867, 189
Trd, 000206.950, 156
Trd, 000206.967, 153
Trd, 000207.767, 188
Trd, 000208.000, 176
Trd, 000209.433, 141
Trd, 000212.400, 178
Trd, 000212.483, 173
Trd, 000213.617, 173
Trd, 000214.083, 156
Trd, 000214.817, 161
Trd, 000216.050, 143
Trd, 000216.117, 163
Trd, 000216.200, 169
Trd, 000216.667, 193
Trd, 000216.983, 187
Trd, 000217.683, 163
Trd, 000218.567, 158
Trd, 000221.400, 197
Trd, 000221.583, 185
Trd, 000221.750, 146
Trd, 000223.033, 154
Trd, 000223.400, 147
Trd, 000223.417, 165
Trd, 000224.300, 158
Trd, 000224.900, 154
Trd, 000224.967, 176
Trd, 000226.283, 183
Trd, 000226.333, 167
Trd, 000227.600, 193
Trd, 000227.750, 159
Trd, 000228.800, 181
Trd, 000229.733, 156
Trd, 000230.900, 174
Trd, 000231.567, 164
Trd, 000232.250, 162
Trd, 000232.517, 141
Trd, 000233.050, 169
Trd, 000233.350, 152
Trd, 000234.783, 164
Trd, 000236.383, 156
Trd, 000236.667, 157
Trd, 000236.867, 175
Trd, 000236.967, 147
Trd, 000237.133, 188
Trd, 000237.767, 138
Trd, 000238.483, 138
Trd, 000241.433, 185
Trd, 000242.150, 172
Trd, 000242.500, 147
Trd, 000244.133, 141
Trd, 000244.267, 166
Trd, 000246.317, 179
Trd, 000246.517, 181
Trd, 000247.050, 155
Trd, 000247.917, 154
Trd, 000248.067, 146
Trd, 000249.583, 162
Trd, 000251.900, 144
Trd, 000251.950, 160
Trd, 000252.333, 155
Trd, 000252.767, 133
Trd, 000253.000, 156
Trd, 000254.783, 165
Trd, 000254.950, 175
Trd, 000255.183, 154
Trd, 000256.700, 146
Trd, 000257.133, 151
Trd, 000257.250, 124
Trd, 000257.700, 157
Trd, 000258.250, 165
Trd, 000260.167, 165
Trd, 000261.650, 175
Trd, 000262.433, 155
Trd, 000262.767, 152
Trd, 000263.050, 164
Trd, 000264.050, 151
Trd, 000264.733, 170
Trd, 000264.950, 157
Trd, 000266.150, 168
Trd, 000266.300, 135
Trd, 000267.617, 183
Trd, 000267.883, 170
Trd, 000268.050, 157
Trd, 000268.083, 157
Trd, 000268.600, 169
Trd, 000270.667, 136
Trd, 000271.083, 155
Trd, 000271.500, 132
Trd, 000271.850, 152
Trd, 000273.350, 153
Trd, 000273.933, 167
Trd, 000273.950, 155
Trd, 000276.017, 154
Trd, 000276.783, 173
Trd, 000276.967, 172
Trd, 000277.367, 168
Trd, 000278.117, 155
Trd, 000278.533, 155
Trd, 000278.683, 177
Trd, 000279.033, 187
Trd, 000281.233, 139
Trd, 000281.867, 167
Trd, 000282.717, 178
Trd, 000283.050, 174
Trd, 000283.250, 158
Trd, 000283.633, 157
Trd, 000283.833, 135
Trd, 000284.683, 182
Trd, 000284.700, 155
Trd, 000286.600, 160
Trd, 000286.850, 173
Trd, 000288.150, 164
Trd, 000288.533, 175
Trd, 000288.700, 171
Trd, 000289.117, 152
Trd, 000289.717, 166
Trd, 000289.850, 131
Trd, 000292.183, 172
Trd, 000292.433, 152
Trd, 000292.600, 169
Trd, 000293.050, 150
Trd, 000293.283, 174
Trd, 000294.150, 176
Trd, 000294.550, 153
Trd, 000295.550, 158
Trd, 000296.100, 157
Trd, 000297.150, 146
Trd, 000297.600, 158
Trd, 000298.700, 157
Trd, 000298.717, 163
Trd, 000299.133, 150
Trd, 000299.350, 164
Trd, 000299.450, 158
Trd, 000299.833, 178
