Trd, 000005.183, 129
Trd, 000005.383, 139
Trd, 000006.150, 153
Trd, 000006.250, 135
Trd, 000006.433, 162
Trd, 000006.650, 165
Trd, 000006.700, 175
Trd, 000007.183, 139
Trd, 000009.133, 162
Trd, 000010.200, 105
Trd, 000010.633, 144
Trd, 000011.467, 164
Trd, 000011.883, 165
Trd, 000012.867, 164
Trd, 000013.100, 164
Trd, 000013.800, 156
Trd, 000013.883, 157
Trd, 000015.467, 153
Trd, 000015.817, 161
Trd, 000016.267, 163
Trd, 000016.350, 150
Trd, 000017.167, 156
Trd, 000017.183, 149
Trd, 000017.700, 195
Trd, 000018.567, 135
Trd, 000018.783, 157
Trd, 000020.167, 186
Trd, 000020.517, 152
Trd, 000020.633, 137
Trd, 000021.017, 150
Trd, 000021.567, 166
Trd, 000021.900, 171
Trd, 000023.800, 168
Trd, 000025.183, 146
Trd, 000025.833, 134
Trd, 000026.200, 165
Trd, 000026.483, 155
Trd, 000026.800, 153
Trd, 000027.167, 163
Trd, 000027.683, 157
Trd, 000028.050, 182
Trd, 000028.117, 168
Trd, 000030.500, 176
Trd, 000031.083, 148
Trd, 000031.150, 140
Trd, 000031.517, 168
Trd, 000033.317, 162
Trd, 000033.467, 151
Trd, 000033.833, 147
Trd, 000035.650, 174
Trd, 000035.717, 165
Trd, 000036.583, 157
Trd, 000037.300, 174
Trd, 000037.683, 156
Trd, 000038.883, 181
Trd, 000041.300, 145
Trd, 000041.550, 144
Trd, 000042.150, 149
Trd, 000042.983, 155
Trd, 000044.617, 154
Trd, 000045.917, 143
Trd, 000046.033, 154
Trd, 000046.317, 156
Trd, 000047.650, 165
Trd, 000048.133, 157
Trd, 000050.367, 164
Trd, 000051.133, 137
Trd, 000052.267, 129
Trd, 000052.617, 149
Trd, 000053.000, 146
Trd, 000053.433, 147
Trd, 000054.017, 175
Trd, 000054.067, 153
Trd, 000057.067, 166
Trd, 000057.367, 165
Trd, 000057.433, 164
Trd, 000059.217, 172
Trd, 000059.467, 142
Trd, 000060.717, 146
Trd, 000060.750, 137
Trd, 000060.800, 160
Trd, 000061.983, 143
Trd, 000062.050, 155
Trd, 000062.150, 158
Trd, 000064.317, 182
Trd, 000064.983, 165
Trd, 000065.983, 154
Trd, 000066.450, 152
Trd, 000068.417, 165
Trd, 000068.517, 139
Trd, 000069.283, 162
Trd, 000070.900, 166
Trd, 000071.200, 165
Trd, 000071.250, 145
Trd, 000073.267, 168
Trd, 000074.983, 168
Trd, 000075.300, 149
Trd, 000075.967, 165
Trd, 000076.200, 145
Trd, 000076.233, 143
Trd, 000076.483, 157
Trd, 000076.517, 136
Trd, 000077.150, 172
Trd, 000077.667, 158
Trd, 000080.233, 175
Trd, 000080.650, 145
Trd, 000080.683, 131
Trd, 000081.017, 150
Trd, 000081.667, 171
Trd, 000083.283, 165
Trd, 000083.817, 166
Trd, 000086.367, 181
Trd, 000086.383, 161
Trd, 000086.467, 152
Trd, 000087.533, 155
Trd, 000089.183, 150
Trd, 000091.300, 153
Trd, 000092.017, 164
Trd, 000092.850, 140
Trd, 000092.900, 161
Trd, 000094.183, 145
Trd, 000096.900, 164
Trd, 000098.000, 176
Trd, 000098.017, 155
Trd, 000099.333, 155
Trd, 000099.650, 152
Trd, 000099.867, 137
Trd, 000100.217, 163
Trd, 000102.017, 146
Trd, 000102.100, 130
Trd, 000102.200, 150
Trd, 000102.583, 152
Trd, 000103.050, 155
Trd, 000105.917, 165
Trd, 000106.300, 154
Trd, 000107.733, 158
Trd, 000108.367, 169
Trd, 000108.683, 150
Trd, 000109.833, 177
Trd, 000111.233, 176
Trd, 000111.317, 172
Trd, 000112.300, 163
Trd, 000113.117, 140
Trd, 000114.017, 155
Trd, 000115.833, 157
Trd, 000116.083, 165
Trd, 000116.217, 175
Trd, 000118.400, 151
Trd, 000120.283, 146
Trd, 000120.833, 152
Trd, 000121.083, 188
Trd, 000121.717, 174
Trd, 000122.817, 154
Trd, 000124.750, 164
Trd, 000124.967, 174
Trd, 000126.117, 138
Trd, 000127.017, 144
Trd, 000127.033, 154
Trd, 000127.100, 142
Trd, 000127.667, 163
Trd, 000128.933, 148
Trd, 000131.383, 191
Trd, 000131.800, 165
Trd, 000132.817, 162
Trd, 000133.233, 164
Trd, 000133.700, 162
Trd, 000134.583, 161
Trd, 000134.633, 134
Trd, 000134.867, 168
Trd, 000137.533, 165
Trd, 000138.950, 170
Trd, 000139.233, 145
Trd, 000139.517, 150
Trd, 000140.667, 152
Trd, 000141.183, 164
Trd, 000141.600, 149
Trd, 000141.883, 144
Trd, 000141.950, 168
Trd, 000142.033, 120
Trd, 000142.583, 179
Trd, 000142.867, 150
Trd, 000146.617, 177
Trd, 000146.783, 174
Trd, 000147.100, 187
Trd, 000147.233, 165
Trd, 000147.600, 148
Trd, 000149.150, 138
Trd, 000150.600, 167
Trd, 000150.900, 165
Trd, 000152.583, 179
Trd, 000152.733, 168
Trd, 000153.917, 175
Trd, 000153.967, 173
Trd, 000156.183, 166
Trd, 000156.283, 130
Trd, 000156.783, 158
Trd, 000158.367, 162
Trd, 000158.617, 157
Trd, 000159.133, 152
Trd, 000160.050, 166
Trd, 000160.617, 140
Trd, 000161.233, 161
Trd, 000161.467, 170
Trd, 000161.483, 154
Trd, 000161.800, 175
Trd, 000163.017, 157
Trd, 000165.683, 159
Trd, 000166.667, 165
Trd, 000167.733, 149
Trd, 000167.917, 144
Trd, 000168.233, 157
Trd, 000169.000, 138
Trd, 000169.233, 144
Trd, 000172.067, 185
Trd, 000172.083, 177
Trd, 000172.233, 165
Trd, 000172.500, 146
Trd, 000173.917, 150
Trd, 000176.200, 145
Trd, 000176.400, 150
Trd, 000176.533, 151
Trd, 000178.350, 164
Trd, 000181.250, 193
Trd, 000181.600, 165
Trd, 000182.033, 172
Trd, 000182.333, 139
Trd, 000183.067, 139
Trd, 000184.533, 127
Trd, 000186.400, 168
Trd, 000187.500, 163
Trd, 000188.133, 150
Trd, 000188.850, 169
Trd, 000189.850, 160
Trd, 000191.267, 165
Trd, 000191.767, 183
Trd, 000192.417, 164
Trd, 000193.517, 157
Trd, 000194.200, 175
Trd, 000195.183, 139
Trd, 000195.200, 131
Trd, 000196.400, 145
Trd, 000197.567, 165
Trd, 000197.850, 142
Trd, 000199.567, 165
Trd, 000200.733, 161
Trd, 000201.650, 155
Trd, 000201.817, 152
Trd, 000202.933, 165
Trd, 000206.250, 138
Trd, 000206.317, 149
Trd, 000206.467, 138
Trd, 000209.017, 177
Trd, 000209.150, 167
Trd, 000210.367, 169
Trd, 000210.650, 164
Trd, 000211.117, 138
Trd, 000211.283, 144
Trd, 000212.633, 165
Trd, 000213.283, 151
Trd, 000213.783, 154
Trd, 000214.250, 155
Trd, 000216.617, 163
Trd, 000217.583, 160
Trd, 000218.367, 169
Trd, 000218.967, 148
Trd, 000220.950, 168
Trd, 000221.233, 127
Trd, 000221.700, 164
Trd, 000222.267, 149
Trd, 000222.333, 139
Trd, 000224.117, 149
Trd, 000225.367, 175
Trd, 000226.333, 157
Trd, 000226.967, 161
Trd, 000227.533, 160
Trd, 000228.650, 156
Trd, 000229.350, 151
Trd, 000230.233, 166
Trd, 000231.567, 168
Trd, 000232.033, 155
Trd, 000232.417, 164
Trd, 000232.750, 164
Trd, 000234.467, 163
Trd, 000236.533, 164
Trd, 000237.433, 159
Trd, 000239.050, 164
Trd, 000239.333, 155
Trd, 000240.517, 168
Trd, 000241.717, 185
Trd, 000243.017, 164
Trd, 000243.817, 168
Trd, 000244.117, 156
Trd, 000245.450, 169
Trd, 000246.767, 154
Trd, 000247.683, 171
Trd, 000248.017, 165
Trd, 000249.267, 165
Trd, 000249.867, 153
Trd, 000250.017, 169
Trd, 000250.833, 155
Trd, 000252.150, 161
Trd, 000252.833, 161
Trd, 000253.050, 168
Trd, 000253.850, 165
Trd, 000255.450, 183
Trd, 000256.083, 152
Trd, 000256.200, 169
Trd, 000256.317, 152
Trd, 000257.933, 170
Trd, 000258.333, 168
Trd, 000258.517, 141
Trd, 000258.800, 140
Trd, 000259.000, 131
Trd, 000259.100, 150
Trd, 000259.983, 138
Trd, 000261.900, 155
Trd, 000262.583, 171
Trd, 000262.700, 169
Trd, 000265.100, 177
Trd, 000266.683, 183
Trd, 000267.550, 185
Trd, 000269.017, 168
Trd, 000269.517, 162
Trd, 000270.017, 173
Trd, 000271.150, 134
Trd, 000271.833, 171
Trd, 000272.050, 134
Trd, 000272.633, 166
Trd, 000272.783, 157
Trd, 000273.483, 162
Trd, 000274.133, 148
Trd, 000275.617, 177
Trd, 000276.500, 156
Trd, 000276.950, 138
Trd, 000278.183, 129
Trd, 000278.600, 150
Trd, 000278.833, 126
Trd, 000280.050, 178
Trd, 000281.333, 144
Trd, 000281.817, 147
Trd, 000282.483, 153
Trd, 000283.267, 141
Trd, 000284.100, 162
Trd, 000284.883, 176
Trd, 000285.217, 171
Trd, 000285.583, 137
Trd, 000286.550, 157
Trd, 000286.933, 174
Trd, 000286.950, 164
Trd, 000287.567, 185
Trd, 000287.983, 167
Trd, 000289.717, 155
Trd, 000289.817, 153
Trd, 000292.483, 153
Trd, 000292.950, 142
Trd, 000293.733, 140
Trd, 000295.900, 168
Trd, 000296.617, 126
Trd, 000296.967, 150
Trd, 000298.283, 150
Trd, 000299.767, 190
