Trd, 000005.417, 154
Trd, 000005.567, 167
Trd, 000006.000, 159
Trd, 000006.550, 142
Trd, 000006.767, 143
Trd, 000006.917, 160
Trd, 000009.567, 168
Trd, 000009.917, 161
Trd, 000010.483, 177
Trd, 000010.650, 176
Trd, 000010.667, 147
Trd, 000011.617, 169
Trd, 000011.717, 153
Trd, 000012.283, 157
Trd, 000014.683, 158
Trd, 000015.617, 168
Trd, 000015.633, 157
Trd, 000015.700, 155
Trd, 000016.250, 137
Trd, 000016.350, 173
Trd, 000016.700, 152
Trd, 000017.717, 136
Trd, 000020.483, 143
Trd, 000020.850, 162
Trd, 000021.333, 148
Trd, 000021.800, 165
Trd, 000022.583, 163
Trd, 000023.567, 158
Trd, 000024.383, 151
Trd, 000025.233, 163
Trd, 000025.783, 155
Trd, 000026.667, 153
Trd, 000026.767, 167
Trd, 000027.983, 128
Trd, 000030.350, 130
Trd, 000030.400, 155
Trd, 000030.767, 155
Trd, 000031.600, 138
Trd, 000032.450, 146
Trd, 000033.000, 170
Trd, 000035.417, 131
Trd, 000035.917, 153
Trd, 000037.200, 153
Trd, 000037.317, 161
Trd, 000037.900, 169
Trd, 000038.117, 148
Trd, 000039.217, 140
Trd, 000039.800, 172
Trd, 000040.683, 134
Trd, 000040.817, 136
Trd, 000043.017, 158
Trd, 000043.517, 178
Trd, 000044.033, 159
Trd, 000045.867, 195
Trd, 000046.133, 167
Trd, 000046.283, 167
Trd, 000046.833, 144
Trd, 000046.867, 140
Trd, 000046.883, 139
Trd, 000046.967, 171
Trd, 000047.450, 161
Trd, 000050.700, 147
Trd, 000051.167, 156
Trd, 000052.267, 175
Trd, 000052.367, 157
Trd, 000052.650, 170
Trd, 000052.917, 154
Trd, 000054.367, 160
Trd, 000056.367, 155
Trd, 000056.683, 153
Trd, 000057.150, 148
Trd, 000057.983, 173
Trd, 000059.550, 162
Trd, 000059.617, 187
Trd, 000060.133, 181
Trd, 000060.417, 136
Trd, 000060.483, 114
Trd, 000060.833, 164
Trd, 000061.700, 153
Trd, 000061.783, 155
Trd, 000062.600, 164
Trd, 000063.017, 155
Trd, 000063.700, 163
Trd, 000066.750, 160
Trd, 000067.117, 159
Trd, 000067.283, 150
Trd, 000067.983, 142
Trd, 000068.267, 144
Trd, 000068.867, 136
Trd, 000069.283, 150
Trd, 000069.550, 149
Trd, 000070.183, 159
Trd, 000070.217, 163
Trd, 000070.750, 157
Trd, 000071.800, 155
Trd, 000072.200, 157
Trd, 000073.133, 160
Trd, 000073.450, 149
Trd, 000075.617, 150
Trd, 000076.050, 140
Trd, 000077.133, 172
Trd, 000077.650, 165
Trd, 000077.983, 185
Trd, 000080.867, 184
Trd, 000081.300, 163
Trd, 000082.850, 164
Trd, 000082.967, 172
Trd, 000083.283, 148
Trd, 000085.800, 155
Trd, 000086.350, 161
Trd, 000086.583, 134
Trd, 000087.167, 142
Trd, 000087.283, 148
Trd, 000088.283, 133
Trd, 000088.983, 160
Trd, 000089.300, 151
Trd, 000089.617, 163
Trd, 000090.667, 137
Trd, 000091.133, 174
Trd, 000091.350, 165
Trd, 000092.367, 147
Trd, 000093.317, 167
Trd, 000093.900, 160
Trd, 000095.133, 166
Trd, 000096.000, 160
Trd, 000096.350, 172
Trd, 000097.650, 170
Trd, 000098.033, 157
Trd, 000098.733, 155
Trd, 000099.267, 143
Trd, 000100.867, 152
Trd, 000101.200, 152
Trd, 000102.300, 148
Trd, 000102.883, 156
Trd, 000103.317, 141
Trd, 000104.133, 166
Trd, 000105.017, 164
Trd, 000105.983, 155
Trd, 000106.483, 154
Trd, 000107.317, 163
Trd, 000107.450, 161
Trd, 000107.633, 148
Trd, 000108.267, 144
Trd, 000109.950, 176
Trd, 000110.433, 136
Trd, 000111.483, 186
Trd, 000111.767, 173
Trd, 000111.967, 172
Trd, 000113.417, 152
Trd, 000115.017, 185
Trd, 000115.200, 169
Trd, 000116.417, 171
Trd, 000116.883, 155
Trd, 000117.367, 153
Trd, 000117.500, 150
Trd, 000118.683, 163
Trd, 000121.467, 145
Trd, 000122.317, 159
Trd, 000122.933, 154
Trd, 000123.383, 155
Trd, 000123.867, 162
Trd, 000124.283, 143
Trd, 000124.700, 175
Trd, 000126.283, 165
Trd, 000126.867, 143
Trd, 000128.050, 150
Trd, 000129.183, 160
Trd, 000130.933, 107
Trd, 000131.333, 140
Trd, 000131.867, 144
Trd, 000132.033, 144
Trd, 000132.950, 174
Trd, 000133.567, 148
Trd, 000134.583, 158
Trd, 000135.367, 144
Trd, 000136.483, 175
Trd, 000137.267, 148
Trd, 000137.800, 172
Trd, 000137.867, 156
Trd, 000139.833, 183
Trd, 000140.200, 161
Trd, 000141.683, 141
Trd, 000141.817, 132
Trd, 000145.200, 153
Trd, 000145.217, 165
Trd, 000145.983, 145
Trd, 000146.267, 155
Trd, 000146.450, 129
Trd, 000146.633, 123
Trd, 000147.117, 158
Trd, 000147.167, 147
Trd, 000147.317, 137
Trd, 000147.633, 129
Trd, 000147.867, 172
Trd, 000151.383, 152
Trd, 000151.500, 147
Trd, 000151.683, 177
Trd, 000152.083, 141
Trd, 000152.667, 158
Trd, 000152.817, 147
Trd, 000153.217, 134
Trd, 000153.900, 147
Trd, 000156.533, 188
Trd, 000156.783, 165
Trd, 000159.350, 142
Trd, 000160.967, 185
Trd, 000161.250, 175
Trd, 000162.200, 169
Trd, 000162.633, 142
Trd, 000164.200, 142
Trd, 000164.583, 169
Trd, 000165.650, 158
Trd, 000165.950, 121
Trd, 000166.983, 164
Trd, 000167.917, 166
Trd, 000171.833, 182
Trd, 000171.933, 155
Trd, 000172.917, 176
Trd, 000173.083, 166
Trd, 000173.900, 167
Trd, 000174.133, 143
Trd, 000175.917, 164
Trd, 000176.867, 178
Trd, 000177.100, 173
Trd, 000177.267, 159
Trd, 000178.317, 167
Trd, 000179.233, 175
Trd, 000181.533, 162
Trd, 000181.900, 151
Trd, 000182.500, 161
Trd, 000183.100, 168
Trd, 000183.283, 162
Trd, 000183.350, 148
Trd, 000183.650, 177
Trd, 000185.350, 152
Trd, 000186.467, 179
Trd, 000187.033, 163
Trd, 000188.200, 170
Trd, 000190.650, 162
Trd, 000191.217, 141
Trd, 000191.483, 142
Trd, 000191.683, 139
Trd, 000192.683, 149
Trd, 000193.100, 154
Trd, 000193.250, 169
Trd, 000195.133, 165
Trd, 000196.450, 154
Trd, 000196.967, 128
Trd, 000197.033, 148
Trd, 000197.833, 148
Trd, 000199.517, 167
Trd, 000201.483, 160
Trd, 000201.867, 170
Trd, 000202.733, 159
Trd, 000203.483, 146
Trd, 000203.533, 144
Trd, 000204.517, 167
Trd, 000206.633, 168
Trd, 000207.050, 164
Trd, 000207.083, 159
Trd, 000207.600, 174
Trd, 000211.133, 139
Trd, 000211.250, 158
Trd, 000211.917, 147
Trd, 000212.517, 162
Trd, 000213.083, 148
Trd, 000213.417, 163
Trd, 000215.400, 175
Trd, 000216.000, 168
Trd, 000217.000, 180
Trd, 000217.333, 176
Trd, 000218.150, 171
Trd, 000218.833, 171
Trd, 000219.383, 165
Trd, 000219.900, 178
Trd, 000221.200, 155
Trd, 000221.300, 144
Trd, 000221.533, 160
Trd, 000222.500, 132
Trd, 000222.517, 140
Trd, 000222.600, 142
Trd, 000225.183, 150
Trd, 000227.050, 146
Trd, 000227.383, 137
Trd, 000228.217, 148
Trd, 000229.150, 158
Trd, 000229.683, 163
Trd, 000230.700, 152
Trd, 000230.950, 140
Trd, 000231.717, 165
Trd, 000232.417, 150
Trd, 000233.467, 156
Trd, 000233.667, 138
Trd, 000235.350, 160
Trd, 000236.833, 163
Trd, 000237.367, 187
Trd, 000237.783, 158
Trd, 000237.900, 156
Trd, 000239.033, 177
Trd, 000239.083, 182
Trd, 000240.067, 150
Trd, 000241.067, 159
Trd, 000241.400, 174
Trd, 000242.983, 167
Trd, 000244.200, 165
Trd, 000245.667, 159
Trd, 000246.383, 135
Trd, 000247.000, 135
Trd, 000247.867, 143
Trd, 000248.033, 148
Trd, 000248.067, 141
Trd, 000249.917, 153
Trd, 000250.117, 164
Trd, 000250.833, 140
Trd, 000250.850, 160
Trd, 000251.650, 121
Trd, 000251.967, 179
Trd, 000252.283, 167
Trd, 000253.217, 164
Trd, 000256.183, 168
Trd, 000256.500, 154
Trd, 000256.667, 125
Trd, 000258.500, 158
Trd, 000259.583, 159
Trd, 000261.467, 110
Trd, 000261.767, 132
Trd, 000262.067, 148
Trd, 000262.717, 153
Trd, 000263.367, 147
Trd, 000265.167, 158
Trd, 000265.183, 166
Trd, 000267.567, 174
Trd, 000268.000, 170
Trd, 000269.150, 165
Trd, 000269.600, 157
Trd, 000271.817, 151
Trd, 000272.450, 158
Trd, 000272.667, 170
Trd, 000273.267, 154
Trd, 000273.833, 157
Trd, 000274.067, 132
Trd, 000275.517, 147
Trd, 000276.067, 149
Trd, 000276.583, 144
Trd, 000276.700, 142
Trd, 000276.850, 115
Trd, 000277.967, 139
Trd, 000278.483, 148
Trd, 000278.533, 150
Trd, 000280.267, 148
Trd, 000280.750, 164
Trd, 000281.783, 184
Trd, 000282.067, 137
Trd, 000282.400, 157
Trd, 000282.900, 135
Trd, 000283.317, 151
Trd, 000285.383, 173
Trd, 000286.783, 154
Trd, 000287.500, 173
Trd, 000287.800, 152
Trd, 000288.233, 150
Trd, 000288.433, 147
Trd, 000289.500, 154
Trd, 000289.600, 149
Trd, 000290.600, 158
Trd, 000291.500, 163
Trd, 000291.967, 141
Trd, 000292.667, 164
Trd, 000292.800, 160
Trd, 000293.967, 165
Trd, 000294.267, 133
Trd, 000296.550, 104
Trd, 000297.150, 117
Trd, 000297.483, 152
Trd, 000297.583, 171
Trd, 000297.983, 147
