Trd, 000005.367, 118
Trd, 000005.400, 152
Trd, 000005.717, 135
Trd, 000006.117, 133
Trd, 000006.167, 127
Trd, 000006.367, 121
Trd, 000006.467, 119
Trd, 000006.867, 168
Trd, 000010.350, 187
Trd, 000010.517, 178
Trd, 000011.383, 156
Trd, 000011.517, 146
Trd, 000015.600, 166
Trd, 000016.500, 155
Trd, 000016.550, 139
Trd, 000016.967, 172
Trd, 000017.817, 177
Trd, 000018.850, 165
Trd, 000018.900, 165
Trd, 000018.950, 144
Trd, 000019.733, 153
Trd, 000020.150, 150
Trd, 000020.517, 135
Trd, 000020.617, 125
Trd, 000020.917, 144
Trd, 000021.833, 186
Trd, 000025.067, 179
Trd, 000025.600, 188
Trd, 000025.667, 170
Trd, 000025.867, 154
Trd, 000025.933, 141
Trd, 000027.867, 157
Trd, 000028.067, 148
Trd, 000028.333, 163
Trd, 000029.117, 141
Trd, 000030.317, 178
Trd, 000030.483, 134
Trd, 000030.533, 188
Trd, 000031.317, 184
Trd, 000033.133, 170
Trd, 000033.583, 141
Trd, 000034.833, 122
Trd, 000035.333, 163
Trd, 000035.883, 135
Trd, 000036.850, 166
Trd, 000037.450, 138
Trd, 000038.317, 161
Trd, 000038.700, 171
Trd, 000039.417, 150
Trd, 000040.383, 171
Trd, 000041.283, 156
Trd, 000041.350, 133
Trd, 000042.550, 167
Trd, 000044.067, 162
Trd, 000045.300, 123
Trd, 000045.817, 189
Trd, 000045.833, 153
Trd, 000046.833, 172
Trd, 000047.050, 161
Trd, 000047.567, 133
Trd, 000048.717, 160
Trd, 000049.983, 164
Trd, 000050.333, 188
Trd, 000051.700, 149
Trd, 000053.133, 177
Trd, 000053.217, 169
Trd, 000053.983, 145
Trd, 000055.433, 167
Trd, 000055.717, 151
Trd, 000056.017, 127
Trd, 000056.267, 125
Trd, 000056.500, 188
Trd, 000057.450, 169
Trd, 000060.583, 152
Trd, 000060.833, 178
Trd, 000061.100, 148
Trd, 000061.267, 174
Trd, 000063.367, 176
Trd, 000065.567, 123
Trd, 000065.783, 164
Trd, 000065.933, 170
Trd, 000066.900, 151
Trd, 000067.250, 155
Trd, 000069.000, 147
Trd, 000069.333, 153
Trd, 000070.200, 168
Trd, 000070.517, 135
Trd, 000071.067, 157
Trd, 000071.367, 150
Trd, 000071.650, 167
Trd, 000071.700, 174
Trd, 000071.983, 140
Trd, 000072.800, 142
Trd, 000073.517, 154
Trd, 000074.050, 144
Trd, 000076.517, 145
Trd, 000077.133, 150
Trd, 000077.833, 152
Trd, 000078.033, 144
Trd, 000078.583, 139
Trd, 000079.200, 150
Trd, 000079.217, 155
Trd, 000079.617, 170
Trd, 000081.617, 164
Trd, 000081.650, 164
Trd, 000083.050, 183
Trd, 000083.333, 180
Trd, 000084.133, 156
Trd, 000084.583, 142
Trd, 000085.917, 161
Trd, 000086.600, 186
Trd, 000086.933, 159
Trd, 000087.100, 159
Trd, 000087.800, 183
Trd, 000089.050, 148
Trd, 000090.750, 144
Trd, 000091.100, 148
Trd, 000091.600, 165
Trd, 000094.383, 179
Trd, 000095.033, 178
Trd, 000095.600, 129
Trd, 000095.750, 189
Trd, 000095.950, 173
Trd, 000096.283, 151
Trd, 000097.483, 163
Trd, 000097.617, 154
Trd, 000098.267, 167
Trd, 000098.667, 150
Trd, 000099.967, 145
Trd, 000100.700, 114
Trd, 000101.017, 138
Trd, 000101.100, 162
Trd, 000101.667, 135
Trd, 000102.800, 171
Trd, 000103.450, 146
Trd, 000105.000, 172
Trd, 000106.117, 189
Trd, 000106.483, 143
Trd, 000107.983, 158
Trd, 000108.467, 152
Trd, 000108.967, 170
Trd, 000109.833, 149
Trd, 000111.933, 142
Trd, 000112.083, 177
Trd, 000112.250, 140
Trd, 000113.350, 151
Trd, 000116.067, 189
Trd, 000116.183, 139
Trd, 000118.867, 155
Trd, 000119.600, 170
Trd, 000120.083, 169
Trd, 000121.900, 172
Trd, 000122.000, 178
Trd, 000122.367, 189
Trd, 000123.117, 156
Trd, 000123.283, 147
Trd, 000123.683, 138
Trd, 000124.917, 147
Trd, 000126.150, 135
Trd, 000126.183, 146
Trd, 000126.950, 155
Trd, 000127.433, 159
Trd, 000127.683, 158
Trd, 000128.100, 145
Trd, 000130.733, 150
Trd, 000131.450, 113
Trd, 000131.717, 146
Trd, 000132.267, 179
Trd, 000132.600, 165
Trd, 000133.700, 155
Trd, 000134.017, 185
Trd, 000136.200, 171
Trd, 000136.350, 163
Trd, 000136.817, 189
Trd, 000137.167, 139
Trd, 000139.533, 145
Trd, 000140.167, 158
Trd, 000140.950, 133
Trd, 000141.417, 131
Trd, 000141.750, 172
Trd, 000141.817, 159
Trd, 000141.867, 183
Trd, 000144.583, 169
Trd, 000146.350, 136
Trd, 000147.250, 188
Trd, 000147.450, 184
Trd, 000147.650, 167
Trd, 000148.550, 175
Trd, 000148.617, 157
Trd, 000149.483, 147
Trd, 000151.450, 159
Trd, 000152.000, 147
Trd, 000152.183, 150
Trd, 000152.500, 145
Trd, 000152.967, 148
Trd, 000153.000, 144
Trd, 000153.967, 151
Trd, 000154.967, 163
Trd, 000156.033, 122
Trd, 000156.583, 131
Trd, 000156.833, 169
Trd, 000157.500, 171
Trd, 000158.300, 165
Trd, 000158.633, 151
Trd, 000159.500, 173
Trd, 000160.133, 171
Trd, 000160.400, 167
Trd, 000161.050, 192
Trd, 000161.133, 189
Trd, 000161.817, 151
Trd, 000162.983, 155
Trd, 000163.900, 163
Trd, 000164.083, 164
Trd, 000165.500, 154
Trd, 000167.467, 187
Trd, 000167.733, 163
Trd, 000168.000, 147
Trd, 000168.117, 144
Trd, 000169.433, 143
Trd, 000170.017, 162
Trd, 000171.450, 145
Trd, 000171.683, 170
Trd, 000172.350, 142
Trd, 000172.633, 134
Trd, 000173.400, 171
Trd, 000173.800, 158
Trd, 000175.567, 170
Trd, 000176.133, 180
Trd, 000176.783, 149
Trd, 000177.317, 157
Trd, 000177.750, 141
Trd, 000178.250, 144
Trd, 000179.200, 170
Trd, 000180.467, 163
Trd, 000181.267, 124
Trd, 000181.367, 161
Trd, 000181.700, 168
Trd, 000182.083, 165
Trd, 000182.167, 171
Trd, 000184.683, 147
Trd, 000186.350, 139
Trd, 000186.383, 158
Trd, 000186.467, 145
Trd, 000186.850, 160
Trd, 000187.133, 136
Trd, 000187.367, 129
Trd, 000190.200, 155
Trd, 000191.233, 171
Trd, 000191.450, 173
Trd, 000191.883, 150
Trd, 000192.133, 169
Trd, 000192.600, 136
Trd, 000193.467, 150
Trd, 000193.817, 145
Trd, 000194.100, 160
Trd, 000194.750, 133
Trd, 000196.083, 154
Trd, 000196.367, 182
Trd, 000196.567, 145
Trd, 000196.800, 139
Trd, 000198.317, 170
Trd, 000199.350, 167
Trd, 000199.917, 155
Trd, 000201.400, 187
Trd, 000201.650, 174
Trd, 000202.717, 159
Trd, 000202.950, 143
Trd, 000203.050, 142
Trd, 000205.567, 146
Trd, 000205.683, 155
Trd, 000206.467, 156
Trd, 000206.783, 132
Trd, 000207.100, 182
Trd, 000207.517, 175
Trd, 000210.200, 154
Trd, 000210.717, 164
Trd, 000210.733, 139
Trd, 000211.333, 147
Trd, 000211.450, 135
Trd, 000212.233, 144
Trd, 000212.400, 140
Trd, 000214.133, 155
Trd, 000214.217, 151
Trd, 000215.617, 141
Trd, 000216.400, 114
Trd, 000217.183, 154
Trd, 000217.317, 172
Trd, 000218.683, 185
Trd, 000220.033, 165
Trd, 000220.433, 156
Trd, 000220.933, 153
Trd, 000221.250, 113
Trd, 000221.283, 125
Trd, 000221.600, 196
Trd, 000222.000, 156
Trd, 000222.317, 161
Trd, 000223.283, 130
Trd, 000223.567, 137
Trd, 000226.383, 137
Trd, 000226.750, 132
Trd, 000226.783, 128
Trd, 000227.383, 188
Trd, 000227.783, 170
Trd, 000228.933, 161
Trd, 000230.117, 147
Trd, 000231.950, 150
Trd, 000232.133, 150
Trd, 000232.783, 159
Trd, 000232.883, 170
Trd, 000234.133, 149
Trd, 000234.333, 168
Trd, 000235.333, 165
Trd, 000236.233, 189
Trd, 000238.400, 162
Trd, 000239.067, 157
Trd, 000239.700, 153
Trd, 000241.633, 188
Trd, 000242.317, 178
Trd, 000242.333, 175
Trd, 000242.983, 150
Trd, 000244.583, 148
Trd, 000246.517, 189
Trd, 000247.383, 173
Trd, 000248.767, 171
Trd, 000248.783, 154
Trd, 000248.800, 145
Trd, 000250.800, 147
Trd, 000251.650, 182
Trd, 000252.483, 156
Trd, 000253.517, 145
Trd, 000253.800, 146
Trd, 000256.583, 190
Trd, 000256.967, 189
Trd, 000257.183, 147
Trd, 000258.317, 161
Trd, 000259.283, 146
Trd, 000259.767, 158
Trd, 000262.050, 134
Trd, 000262.250, 148
Trd, 000262.717, 161
Trd, 000263.567, 164
Trd, 000263.700, 154
Trd, 000264.550, 143
Trd, 000265.467, 164
Trd, 000266.150, 177
Trd, 000267.867, 189
Trd, 000267.983, 188
Trd, 000269.267, 194
Trd, 000269.550, 171
Trd, 000270.400, 149
Trd, 000271.533, 169
Trd, 000271.600, 143
Trd, 000271.900, 163
Trd, 000273.217, 150
Trd, 000273.333, 148
Trd, 000275.433, 182
Trd, 000275.483, 165
Trd, 000276.450, 141
Trd, 000276.683, 151
Trd, 000276.917, 127
Trd, 000277.100, 173
Trd, 000277.800, 167
Trd, 000280.033, 170
Trd, 000281.333, 165
Trd, 000282.117, 189
Trd, 000282.183, 169
Trd, 000283.200, 151
Trd, 000283.717, 145
Trd, 000284.867, 160
Trd, 000285.933, 168
Trd, 000286.750, 129
Trd, 000286.833, 179
Trd, 000287.200, 166
Trd, 000287.600, 176
Trd, 000287.900, 165
Trd, 000288.050, 149
Trd, 000288.467, 147
Trd, 000290.267, 144
Trd, 000292.317, 186
Trd, 000292.667, 171
Trd, 000294.017, 135
Trd, 000294.483, 142
Trd, 000295.100, 153
Trd, 000295.217, 157
Trd, 000295.600, 129
Trd, 000296.383, 134
Trd, 000296.550, 125
Trd, 000296.950, 139
Trd, 000297.517, 185
Trd, 000297.767, 184
Trd, 000298.600, 155
Trd, 000298.650, 145
Trd, 000299.133, 170
