Trd, 000005.750, 158
Trd, 000005.783, 172
Trd, 000006.100, 128
Trd, 000006.217, 134
Trd, 000006.233, 126
Trd, 000006.300, 128
Trd, 000006.367, 135
Trd, 000006.817, 175
Trd, 000007.600, 147
Trd, 000010.567, 152
Trd, 000011.267, 142
Trd, 000011.317, 151
Trd, 000012.467, 149
Trd, 000013.400, 142
Trd, 000015.500, 145
Trd, 000016.667, 177
Trd, 000016.900, 162
Trd, 000017.133, 151
Trd, 000017.400, 148
Trd, 000019.367, 139
Trd, 000020.050, 152
Trd, 000020.567, 140
Trd, 000020.850, 180
Trd, 000020.967, 142
Trd, 000021.683, 163
Trd, 000022.567, 184
Trd, 000022.583, 182
Trd, 000022.883, 158
Trd, 000025.700, 146
Trd, 000026.233, 144
Trd, 000026.483, 148
Trd, 000026.933, 166
Trd, 000027.717, 155
Trd, 000029.883, 126
Trd, 000030.267, 150
Trd, 000030.950, 151
Trd, 000031.183, 145
Trd, 000031.400, 149
Trd, 000031.717, 153
Trd, 000032.333, 162
Trd, 000033.350, 162
Trd, 000034.350, 153
Trd, 000035.567, 176
Trd, 000035.900, 170
Trd, 000035.967, 164
Trd, 000036.517, 156
Trd, 000037.833, 169
Trd, 000038.917, 161
Trd, 000039.033, 158
Trd, 000041.200, 167
Trd, 000041.467, 165
Trd, 000042.133, 147
Trd, 000043.300, 146
Trd, 000043.467, 142
Trd, 000043.667, 139
Trd, 000044.333, 145
Trd, 000045.750, 158
Trd, 000045.800, 155
Trd, 000047.467, 183
Trd, 000048.317, 154
Trd, 000049.133, 160
Trd, 000050.383, 148
Trd, 000050.933, 184
Trd, 000052.017, 156
Trd, 000053.483, 144
Trd, 000054.150, 151
Trd, 000055.917, 139
Trd, 000056.533, 153
Trd, 000058.517, 157
Trd, 000059.567, 163
Trd, 000059.933, 156
Trd, 000060.183, 155
Trd, 000060.700, 167
Trd, 000061.067, 154
Trd, 000061.100, 148
Trd, 000062.383, 148
Trd, 000062.550, 128
Trd, 000063.567, 156
Trd, 000063.867, 177
Trd, 000065.933, 183
Trd, 000066.150, 172
Trd, 000066.167, 165
Trd, 000066.683, 153
Trd, 000068.533, 162
Trd, 000070.550, 115
Trd, 000071.050, 162
Trd, 000071.350, 136
Trd, 000071.700, 169
Trd, 000072.733, 165
Trd, 000072.800, 163
Trd, 000075.883, 147
Trd, 000076.083, 144
Trd, 000076.833, 164
Trd, 000077.817, 156
Trd, 000077.850, 153
Trd, 000081.483, 191
Trd, 000081.700, 173
Trd, 000081.750, 171
Trd, 000082.250, 161
Trd, 000083.000, 158
Trd, 000085.900, 150
Trd, 000087.617, 166
Trd, 000089.167, 153
Trd, 000089.267, 167
Trd, 000089.350, 165
Trd, 000089.917, 143
Trd, 000090.600, 169
Trd, 000090.917, 140
Trd, 000090.983, 154
Trd, 000091.750, 156
Trd, 000094.317, 157
Trd, 000094.567, 148
Trd, 000095.650, 151
Trd, 000096.200, 141
Trd, 000097.050, 176
Trd, 000097.800, 148
Trd, 000099.983, 155
Trd, 000100.133, 153
Trd, 000101.417, 113
Trd, 000102.017, 156
Trd, 000102.850, 190
Trd, 000104.150, 165
Trd, 000104.233, 161
Trd, 000104.317, 153
Trd, 000105.317, 168
Trd, 000106.500, 148
Trd, 000107.033, 140
Trd, 000107.767, 182
Trd, 000109.033, 159
Trd, 000109.617, 155
Trd, 000110.950, 140
Trd, 000111.533, 149
Trd, 000111.700, 135
Trd, 000111.883, 135
Trd, 000112.367, 180
Trd, 000113.000, 170
Trd, 000113.733, 138
Trd, 000115.850, 137
Trd, 000116.883, 152
Trd, 000117.150, 142
Trd, 000117.267, 154
Trd, 000117.717, 157
Trd, 000120.733, 148
Trd, 000121.583, 180
Trd, 000121.633, 190
Trd, 000122.300, 135
Trd, 000123.317, 159
Trd, 000123.700, 165
Trd, 000125.067, 136
Trd, 000125.833, 147
Trd, 000126.167, 183
Trd, 000126.317, 160
Trd, 000126.717, 128
Trd, 000127.017, 126
Trd, 000129.217, 143
Trd, 000131.117, 164
Trd, 000131.300, 155
Trd, 000132.217, 171
Trd, 000132.583, 159
Trd, 000133.483, 164
Trd, 000133.800, 170
Trd, 000134.733, 165
Trd, 000137.067, 159
Trd, 000137.217, 149
Trd, 000137.350, 170
Trd, 000138.083, 137
Trd, 000138.467, 157
Trd, 000141.100, 194
Trd, 000141.250, 191
Trd, 000142.467, 150
Trd, 000142.650, 159
Trd, 000143.933, 169
Trd, 000144.183, 140
Trd, 000145.950, 156
Trd, 000146.350, 151
Trd, 000147.700, 131
Trd, 000148.000, 161
Trd, 000148.017, 160
Trd, 000148.317, 172
Trd, 000148.917, 157
Trd, 000151.200, 161
Trd, 000151.533, 149
Trd, 000152.883, 184
Trd, 000155.717, 162
Trd, 000156.367, 171
Trd, 000156.483, 145
Trd, 000156.833, 144
Trd, 000157.017, 138
Trd, 000157.100, 149
Trd, 000158.650, 169
Trd, 000160.133, 156
Trd, 000161.450, 175
Trd, 000161.850, 173
Trd, 000162.000, 128
Trd, 000162.850, 163
Trd, 000163.633, 159
Trd, 000163.833, 166
Trd, 000164.033, 138
Trd, 000165.833, 139
Trd, 000166.150, 131
Trd, 000167.100, 141
Trd, 000167.217, 141
Trd, 000167.417, 144
Trd, 000168.767, 165
Trd, 000170.750, 123
Trd, 000171.183, 165
Trd, 000171.683, 162
Trd, 000172.367, 159
Trd, 000173.017, 169
Trd, 000173.883, 182
Trd, 000174.417, 156
Trd, 000175.733, 145
Trd, 000176.817, 155
Trd, 000177.667, 193
Trd, 000178.333, 169
Trd, 000178.600, 154
Trd, 000179.800, 158
Trd, 000180.000, 158
Trd, 000180.183, 150
Trd, 000182.200, 156
Trd, 000182.367, 159
Trd, 000182.517, 143
Trd, 000183.517, 138
Trd, 000184.133, 160
Trd, 000185.050, 155
Trd, 000186.250, 157
Trd, 000186.817, 193
Trd, 000187.033, 176
Trd, 000187.133, 156
Trd, 000187.150, 158
Trd, 000187.333, 143
Trd, 000187.500, 158
Trd, 000191.250, 158
Trd, 000191.767, 142
Trd, 000192.700, 133
Trd, 000193.367, 179
Trd, 000194.833, 144
Trd, 000196.483, 173
Trd, 000196.600, 155
Trd, 000196.650, 166
Trd, 000196.750, 146
Trd, 000198.700, 126
Trd, 000199.950, 156
Trd, 000201.267, 140
Trd, 000201.833, 124
Trd, 000203.750, 152
Trd, 000204.200, 128
Trd, 000204.767, 151
Trd, 000205.517, 128
Trd, 000205.933, 147
Trd, 000206.267, 142
Trd, 000206.567, 122
Trd, 000206.717, 141
Trd, 000207.133, 140
Trd, 000208.350, 156
Trd, 000212.000, 134
Trd, 000212.167, 170
Trd, 000212.450, 129
Trd, 000213.167, 160
Trd, 000214.350, 146
Trd, 000216.000, 161
Trd, 000216.300, 152
Trd, 000217.417, 129
Trd, 000217.700, 128
Trd, 000218.000, 159
Trd, 000219.700, 155
Trd, 000221.483, 195
Trd, 000221.900, 121
Trd, 000222.200, 167
Trd, 000222.500, 154
Trd, 000223.167, 144
Trd, 000223.800, 137
Trd, 000224.583, 153
Trd, 000226.633, 121
Trd, 000226.950, 164
Trd, 000227.917, 143
Trd, 000229.917, 128
Trd, 000230.533, 134
Trd, 000231.400, 135
Trd, 000231.900, 159
Trd, 000232.133, 139
Trd, 000232.317, 135
Trd, 000233.117, 157
Trd, 000233.467, 189
Trd, 000236.200, 132
Trd, 000237.033, 156
Trd, 000237.917, 172
Trd, 000238.133, 155
Trd, 000238.933, 147
Trd, 000240.383, 157
Trd, 000240.817, 143
Trd, 000241.217, 187
Trd, 000241.350, 159
Trd, 000241.833, 173
Trd, 000241.933, 155
Trd, 000242.717, 162
Trd, 000243.183, 158
Trd, 000246.633, 157
Trd, 000246.867, 192
Trd, 000247.133, 150
Trd, 000249.167, 139
Trd, 000249.183, 154
Trd, 000250.683, 147
Trd, 000251.633, 151
Trd, 000252.550, 152
Trd, 000252.700, 169
Trd, 000253.300, 140
Trd, 000253.450, 139
Trd, 000253.917, 152
Trd, 000255.350, 166
Trd, 000256.500, 159
Trd, 000257.900, 149
Trd, 000257.950, 159
Trd, 000259.200, 159
Trd, 000259.900, 159
Trd, 000260.350, 161
Trd, 000261.617, 134
Trd, 000263.117, 159
Trd, 000263.500, 136
Trd, 000265.150, 157
Trd, 000265.400, 153
Trd, 000266.367, 195
Trd, 000266.683, 155
Trd, 000267.817, 156
Trd, 000268.433, 149
Trd, 000271.450, 123
Trd, 000272.050, 152
Trd, 000272.317, 157
Trd, 000273.133, 150
Trd, 000273.683, 161
Trd, 000276.817, 151
Trd, 000277.750, 140
Trd, 000278.350, 180
Trd, 000278.483, 170
Trd, 000279.100, 176
Trd, 000279.900, 152
Trd, 000281.783, 137
Trd, 000281.950, 147
Trd, 000282.233, 183
Trd, 000283.483, 147
Trd, 000283.983, 152
Trd, 000284.317, 161
Trd, 000285.050, 168
Trd, 000285.850, 165
Trd, 000286.717, 196
Trd, 000286.983, 160
Trd, 000287.867, 149
Trd, 000288.383, 146
Trd, 000289.450, 148
Trd, 000290.750, 137
Trd, 000291.683, 170
Trd, 000292.183, 169
Trd, 000292.767, 153
Trd, 000294.867, 161
Trd, 000295.983, 154
Trd, 000296.317, 149
Trd, 000297.517, 138
Trd, 000298.017, 149
Trd, 000298.167, 147
Trd, 000298.233, 159
Trd, 000298.767, 163
Trd, 000299.333, 143
Trd, 000299.733, 160
Trd, 000299.883, 156
