Trd, 000005.300, 159
Trd, 000005.717, 145
Trd, 000006.283, 174
Trd, 000006.350, 157
Trd, 000007.467, 149
Trd, 000008.817, 140
Trd, 000009.233, 149
Trd, 000009.933, 147
Trd, 000010.683, 152
Trd, 000011.117, 153
Trd, 000011.700, 176
Trd, 000012.317, 162
Trd, 000013.433, 167
Trd, 000013.750, 189
Trd, 000013.783, 142
Trd, 000014.433, 141
Trd, 000015.383, 147
Trd, 000015.850, 149
Trd, 000016.650, 141
Trd, 000017.400, 147
Trd, 000018.400, 140
Trd, 000019.617, 182
Trd, 000020.217, 150
Trd, 000020.567, 136
Trd, 000020.983, 149
Trd, 000023.867, 154
Trd, 000025.283, 131
Trd, 000029.550, 165
Trd, 000030.900, 168
Trd, 000031.283, 181
Trd, 000033.633, 157
Trd, 000035.600, 148
Trd, 000036.250, 165
Trd, 000037.000, 187
Trd, 000037.350, 157
Trd, 000040.150, 148
Trd, 000040.817, 174
Trd, 000040.867, 183
Trd, 000044.967, 156
Trd, 000047.200, 159
Trd, 000047.267, 155
Trd, 000048.283, 167
Trd, 000050.883, 163
Trd, 000053.800, 179
Trd, 000055.150, 156
Trd, 000056.133, 187
Trd, 000057.417, 171
Trd, 000058.917, 149
Trd, 000058.967, 145
Trd, 000060.217, 153
Trd, 000060.500, 134
Trd, 000061.767, 165
Trd, 000062.100, 173
Trd, 000063.083, 158
Trd, 000063.133, 169
Trd, 000064.967, 155
Trd, 000065.967, 176
Trd, 000066.200, 152
Trd, 000066.633, 171
Trd, 000070.050, 156
Trd, 000071.333, 167
Trd, 000071.983, 192
Trd, 000072.783, 156
Trd, 000076.067, 143
Trd, 000076.133, 149
Trd, 000081.733, 157
Trd, 000082.767, 152
Trd, 000082.983, 189
Trd, 000083.550, 154
Trd, 000086.583, 156
Trd, 000087.200, 163
Trd, 000087.233, 147
Trd, 000087.850, 145
Trd, 000088.500, 188
Trd, 000090.117, 151
Trd, 000091.000, 185
Trd, 000091.317, 145
Trd, 000092.817, 163
Trd, 000093.033, 179
Trd, 000096.733, 157
Trd, 000097.317, 168
Trd, 000098.000, 158
Trd, 000101.050, 141
Trd, 000101.650, 143
Trd, 000101.683, 162
Trd, 000103.700, 175
Trd, 000104.933, 156
Trd, 000106.217, 160
Trd, 000106.433, 156
Trd, 000107.867, 167
Trd, 000112.050, 174
Trd, 000112.217, 157
Trd, 000114.200, 181
Trd, 000117.483, 160
Trd, 000119.033, 180
Trd, 000119.183, 158
Trd, 000119.533, 158
Trd, 000119.633, 149
Trd, 000120.167, 172
Trd, 000122.417, 164
Trd, 000123.267, 169
Trd, 000124.500, 170
Trd, 000126.183, 142
Trd, 000126.483, 161
Trd, 000127.350, 172
Trd, 000128.000, 171
Trd, 000131.100, 139
Trd, 000132.467, 165
Trd, 000132.717, 146
Trd, 000137.683, 182
Trd, 000137.933, 158
Trd, 000138.833, 157
Trd, 000138.983, 151
Trd, 000140.233, 156
Trd, 000141.200, 146
Trd, 000142.950, 163
Trd, 000143.750, 155
Trd, 000145.117, 152
Trd, 000146.200, 173
Trd, 000147.750, 193
Trd, 000148.800, 157
Trd, 000150.367, 168
Trd, 000150.633, 160
Trd, 000151.033, 124
Trd, 000152.150, 169
Trd, 000153.033, 176
Trd, 000153.467, 179
Trd, 000153.750, 165
Trd, 000156.883, 180
Trd, 000157.067, 164
Trd, 000159.200, 189
Trd, 000161.617, 194
Trd, 000161.683, 170
Trd, 000161.917, 158
Trd, 000162.050, 155
Trd, 000162.567, 154
Trd, 000166.317, 157
Trd, 000168.633, 157
Trd, 000171.467, 148
Trd, 000172.983, 166
Trd, 000173.183, 151
Trd, 000173.367, 148
Trd, 000174.433, 152
Trd, 000176.750, 149
Trd, 000177.533, 171
Trd, 000177.883, 161
Trd, 000178.183, 157
Trd, 000181.650, 153
Trd, 000181.833, 166
Trd, 000183.417, 152
Trd, 000183.550, 165
Trd, 000183.817, 146
Trd, 000184.633, 143
Trd, 000186.283, 154
Trd, 000187.783, 164
Trd, 000187.833, 147
Trd, 000188.567, 152
Trd, 000191.733, 151
Trd, 000191.800, 146
Trd, 000193.467, 158
Trd, 000196.250, 158
Trd, 000198.450, 164
Trd, 000198.783, 184
Trd, 000201.050, 190
Trd, 000201.217, 159
Trd, 000204.500, 158
Trd, 000206.317, 126
Trd, 000207.050, 165
Trd, 000207.550, 141
Trd, 000210.050, 156
Trd, 000210.467, 148
Trd, 000211.267, 151
Trd, 000212.300, 171
Trd, 000212.850, 172
Trd, 000212.900, 162
Trd, 000215.050, 163
Trd, 000216.317, 165
Trd, 000217.050, 165
Trd, 000217.617, 153
Trd, 000217.933, 148
Trd, 000221.483, 182
Trd, 000223.650, 162
Trd, 000224.817, 159
Trd, 000225.400, 155
Trd, 000227.200, 184
Trd, 000227.317, 189
Trd, 000228.933, 168
Trd, 000229.917, 171
Trd, 000231.150, 150
Trd, 000231.900, 151
Trd, 000234.333, 146
Trd, 000235.050, 171
Trd, 000236.967, 198
Trd, 000238.183, 151
Trd, 000238.533, 148
Trd, 000241.233, 127
Trd, 000245.850, 172
Trd, 000246.600, 136
Trd, 000246.933, 185
Trd, 000248.633, 182
Trd, 000250.717, 158
Trd, 000251.483, 160
Trd, 000252.567, 167
Trd, 000256.883, 124
Trd, 000257.467, 184
Trd, 000257.850, 148
Trd, 000260.217, 184
Trd, 000262.283, 141
Trd, 000262.567, 163
Trd, 000264.000, 166
Trd, 000266.400, 169
Trd, 000267.167, 156
Trd, 000269.183, 178
Trd, 000269.317, 179
Trd, 000269.450, 157
Trd, 000269.867, 147
Trd, 000270.667, 174
Trd, 000272.700, 146
Trd, 000274.667, 170
Trd, 000276.583, 125
Trd, 000276.633, 129
Trd, 000278.300, 172
Trd, 000282.367, 149
Trd, 000282.567, 173
Trd, 000282.933, 148
Trd, 000284.217, 147
Trd, 000287.050, 173
Trd, 000287.083, 157
Trd, 000290.667, 145
Trd, 000290.950, 151
Trd, 000291.950, 162
Trd, 000292.883, 180
Trd, 000297.850, 168
Trd, 000298.300, 151
Trd, 000298.500, 147
Trd, 000299.400, 158
