Trd, 000005.183, 187
Trd, 000005.567, 162
Trd, 000005.617, 136
Trd, 000005.667, 153
Trd, 000005.933, 140
Trd, 000005.983, 132
Trd, 000006.350, 142
Trd, 000010.217, 145
Trd, 000010.283, 127
Trd, 000010.467, 149
Trd, 000010.767, 162
Trd, 000010.817, 142
Trd, 000011.367, 153
Trd, 000012.033, 154
Trd, 000015.317, 132
Trd, 000015.617, 153
Trd, 000016.333, 128
Trd, 000016.867, 119
Trd, 000017.467, 184
Trd, 000018.383, 149
Trd, 000018.950, 150
Trd, 000019.783, 160
Trd, 000020.433, 143
Trd, 000020.650, 138
Trd, 000020.850, 125
Trd, 000021.000, 162
Trd, 000021.300, 131
Trd, 000022.267, 138
Trd, 000022.600, 138
Trd, 000023.283, 149
Trd, 000025.583, 142
Trd, 000025.983, 155
Trd, 000026.383, 162
Trd, 000026.533, 168
Trd, 000026.817, 149
Trd, 000026.900, 145
Trd, 000027.650, 133
Trd, 000028.067, 148
Trd, 000028.533, 161
Trd, 000028.650, 164
Trd, 000029.100, 145
Trd, 000030.317, 132
Trd, 000030.867, 180
Trd, 000031.050, 170
Trd, 000031.633, 165
Trd, 000033.000, 177
Trd, 000035.617, 166
Trd, 000035.967, 161
Trd, 000036.150, 160
Trd, 000036.717, 161
Trd, 000036.767, 143
Trd, 000037.067, 150
Trd, 000040.383, 129
Trd, 000040.700, 134
Trd, 000040.950, 141
Trd, 000041.567, 151
Trd, 000042.167, 166
Trd, 000042.400, 168
Trd, 000042.517, 162
Trd, 000043.383, 179
Trd, 000044.450, 164
Trd, 000044.800, 163
Trd, 000045.450, 181
Trd, 000045.500, 170
Trd, 000045.983, 121
Trd, 000046.167, 137
Trd, 000046.433, 145
Trd, 000047.833, 160
Trd, 000048.183, 151
Trd, 000048.683, 170
Trd, 000050.567, 156
Trd, 000051.300, 137
Trd, 000051.367, 141
Trd, 000051.583, 141
Trd, 000051.817, 147
Trd, 000052.567, 156
Trd, 000053.517, 135
Trd, 000054.850, 181
Trd, 000056.200, 164
Trd, 000056.283, 161
Trd, 000056.367, 175
Trd, 000056.900, 151
Trd, 000057.600, 163
Trd, 000057.883, 178
Trd, 000058.217, 170
Trd, 000060.933, 133
Trd, 000061.000, 124
Trd, 000061.067, 118
Trd, 000061.233, 149
Trd, 000061.617, 159
Trd, 000062.333, 162
Trd, 000062.800, 165
Trd, 000064.367, 146
Trd, 000065.483, 133
Trd, 000065.850, 170
Trd, 000066.150, 142
Trd, 000066.317, 175
Trd, 000067.533, 154
Trd, 000067.850, 150
Trd, 000068.233, 162
Trd, 000070.117, 166
Trd, 000070.650, 161
Trd, 000070.883, 148
Trd, 000071.233, 167
Trd, 000071.500, 141
Trd, 000072.067, 154
Trd, 000072.267, 159
Trd, 000072.983, 136
Trd, 000075.017, 133
Trd, 000076.100, 161
Trd, 000076.733, 157
Trd, 000076.817, 149
Trd, 000076.867, 144
Trd, 000077.367, 138
Trd, 000077.850, 168
Trd, 000077.967, 174
Trd, 000078.733, 159
Trd, 000080.617, 153
Trd, 000080.700, 136
Trd, 000081.367, 146
Trd, 000082.183, 147
Trd, 000082.283, 129
Trd, 000082.533, 146
Trd, 000083.433, 135
Trd, 000083.733, 146
Trd, 000083.750, 150
Trd, 000086.100, 159
Trd, 000086.967, 167
Trd, 000087.050, 161
Trd, 000087.967, 172
Trd, 000088.183, 152
Trd, 000088.950, 147
Trd, 000090.667, 121
Trd, 000090.933, 136
Trd, 000091.100, 181
Trd, 000091.800, 160
Trd, 000091.850, 153
Trd, 000092.100, 156
Trd, 000092.750, 163
Trd, 000092.983, 158
Trd, 000095.283, 137
Trd, 000095.650, 137
Trd, 000095.867, 162
Trd, 000096.033, 183
Trd, 000096.267, 177
Trd, 000096.650, 168
Trd, 000097.033, 145
Trd, 000097.417, 153
Trd, 000098.783, 159
Trd, 000099.317, 155
Trd, 000101.883, 177
Trd, 000102.200, 162
Trd, 000102.850, 153
Trd, 000103.017, 165
Trd, 000103.083, 145
Trd, 000104.600, 160
Trd, 000105.933, 157
Trd, 000106.350, 162
Trd, 000107.133, 161
Trd, 000107.150, 163
Trd, 000107.233, 135
Trd, 000107.383, 131
Trd, 000108.300, 165
Trd, 000108.550, 169
Trd, 000108.717, 136
Trd, 000109.383, 132
Trd, 000111.183, 154
Trd, 000111.483, 162
Trd, 000112.117, 157
Trd, 000112.633, 179
Trd, 000113.367, 155
Trd, 000113.883, 148
Trd, 000114.883, 148
Trd, 000115.333, 145
Trd, 000116.617, 157
Trd, 000117.067, 148
Trd, 000117.317, 162
Trd, 000117.533, 149
Trd, 000118.633, 156
Trd, 000118.850, 134
Trd, 000119.650, 169
Trd, 000119.700, 176
Trd, 000121.067, 117
Trd, 000121.183, 135
Trd, 000121.400, 127
Trd, 000121.433, 139
Trd, 000122.250, 152
Trd, 000123.050, 163
Trd, 000125.100, 180
Trd, 000125.317, 144
Trd, 000125.867, 127
Trd, 000126.867, 185
Trd, 000126.950, 162
Trd, 000127.000, 160
Trd, 000127.017, 158
Trd, 000128.733, 178
Trd, 000129.283, 158
Trd, 000130.667, 166
Trd, 000130.917, 162
Trd, 000131.450, 161
Trd, 000131.483, 161
Trd, 000131.583, 148
Trd, 000132.233, 137
Trd, 000135.683, 169
Trd, 000136.250, 169
Trd, 000136.683, 152
Trd, 000136.700, 187
Trd, 000137.433, 175
Trd, 000138.000, 143
Trd, 000138.617, 152
Trd, 000141.250, 149
Trd, 000141.283, 141
Trd, 000141.800, 159
Trd, 000142.100, 150
Trd, 000142.267, 160
Trd, 000142.533, 144
Trd, 000142.783, 169
Trd, 000145.900, 120
Trd, 000145.983, 162
Trd, 000146.117, 170
Trd, 000146.300, 162
Trd, 000146.333, 151
Trd, 000146.667, 149
Trd, 000147.050, 163
Trd, 000149.217, 166
Trd, 000149.783, 155
Trd, 000149.917, 164
Trd, 000151.000, 145
Trd, 000151.333, 139
Trd, 000151.367, 156
Trd, 000151.450, 138
Trd, 000151.700, 153
Trd, 000152.333, 141
Trd, 000152.600, 145
Trd, 000153.333, 148
Trd, 000155.650, 177
Trd, 000156.000, 153
Trd, 000156.133, 159
Trd, 000156.700, 143
Trd, 000157.300, 164
Trd, 000158.350, 161
Trd, 000159.117, 175
Trd, 000160.233, 166
Trd, 000161.417, 140
Trd, 000162.533, 159
Trd, 000162.733, 156
Trd, 000162.967, 151
Trd, 000163.350, 173
Trd, 000164.233, 154
Trd, 000164.617, 165
Trd, 000165.867, 156
Trd, 000166.300, 116
Trd, 000166.867, 143
Trd, 000167.533, 131
Trd, 000167.867, 149
Trd, 000168.117, 145
Trd, 000168.233, 170
Trd, 000169.350, 156
Trd, 000170.517, 141
Trd, 000170.667, 164
Trd, 000171.150, 136
Trd, 000171.383, 162
Trd, 000172.150, 143
Trd, 000172.533, 167
Trd, 000172.950, 165
Trd, 000172.983, 163
Trd, 000175.250, 136
Trd, 000176.100, 164
Trd, 000176.117, 158
Trd, 000177.117, 160
Trd, 000177.267, 156
Trd, 000177.800, 151
Trd, 000178.283, 153
Trd, 000179.617, 161
Trd, 000179.883, 150
Trd, 000180.983, 108
Trd, 000181.250, 161
Trd, 000181.300, 147
Trd, 000181.333, 162
Trd, 000181.350, 139
Trd, 000182.683, 173
Trd, 000183.733, 163
Trd, 000185.600, 171
Trd, 000186.567, 176
Trd, 000186.600, 158
Trd, 000186.617, 157
Trd, 000186.750, 166
Trd, 000188.167, 164
Trd, 000188.567, 139
Trd, 000189.567, 140
Trd, 000191.250, 153
Trd, 000191.383, 146
Trd, 000191.633, 143
Trd, 000191.817, 144
Trd, 000191.983, 184
Trd, 000192.917, 180
Trd, 000192.983, 161
Trd, 000193.000, 152
Trd, 000193.167, 139
Trd, 000194.117, 147
Trd, 000196.150, 156
Trd, 000196.467, 149
Trd, 000196.583, 156
Trd, 000196.917, 185
Trd, 000197.417, 151
Trd, 000197.483, 154
Trd, 000198.267, 139
Trd, 000200.683, 176
Trd, 000201.233, 140
Trd, 000201.667, 123
Trd, 000201.917, 142
Trd, 000202.017, 147
Trd, 000203.300, 128
Trd, 000203.450, 145
Trd, 000203.583, 142
Trd, 000204.733, 157
Trd, 000204.883, 167
Trd, 000205.717, 124
Trd, 000206.250, 164
Trd, 000206.467, 175
Trd, 000206.500, 148
Trd, 000206.600, 136
Trd, 000206.833, 161
Trd, 000207.217, 161
Trd, 000207.750, 161
Trd, 000208.283, 151
Trd, 000208.800, 150
Trd, 000209.033, 150
Trd, 000210.183, 138
Trd, 000211.383, 172
Trd, 000212.133, 164
Trd, 000212.667, 156
Trd, 000212.717, 152
Trd, 000212.950, 189
Trd, 000214.100, 147
Trd, 000214.533, 142
Trd, 000216.317, 178
Trd, 000216.700, 150
Trd, 000216.883, 126
Trd, 000217.300, 164
Trd, 000217.433, 158
Trd, 000218.050, 164
Trd, 000218.183, 154
Trd, 000219.500, 162
Trd, 000220.083, 182
Trd, 000221.417, 154
Trd, 000222.000, 125
Trd, 000222.300, 116
Trd, 000222.533, 150
Trd, 000223.333, 161
Trd, 000223.650, 156
Trd, 000223.817, 162
Trd, 000226.483, 163
Trd, 000227.533, 158
Trd, 000228.067, 160
Trd, 000228.133, 157
Trd, 000228.217, 146
Trd, 000231.983, 176
Trd, 000232.017, 166
Trd, 000232.033, 163
Trd, 000232.833, 162
Trd, 000233.617, 167
Trd, 000233.967, 160
Trd, 000234.700, 146
Trd, 000236.217, 112
Trd, 000236.433, 160
Trd, 000236.950, 156
Trd, 000237.050, 138
Trd, 000238.400, 151
Trd, 000239.167, 160
Trd, 000240.500, 148
Trd, 000241.267, 159
Trd, 000241.583, 151
Trd, 000241.767, 150
Trd, 000242.050, 144
Trd, 000242.067, 147
Trd, 000242.200, 159
Trd, 000242.667, 137
Trd, 000243.933, 170
Trd, 000244.533, 150
Trd, 000246.550, 140
Trd, 000247.250, 168
Trd, 000247.367, 168
Trd, 000247.467, 171
Trd, 000247.767, 158
Trd, 000248.067, 162
Trd, 000248.233, 160
Trd, 000251.450, 133
Trd, 000251.583, 132
Trd, 000251.617, 154
Trd, 000252.850, 170
Trd, 000254.117, 166
Trd, 000254.683, 169
Trd, 000254.950, 161
Trd, 000256.117, 158
Trd, 000256.517, 196
Trd, 000256.700, 172
Trd, 000256.800, 196
Trd, 000257.133, 177
Trd, 000257.583, 156
Trd, 000257.600, 150
Trd, 000258.333, 166
Trd, 000259.233, 155
Trd, 000259.467, 142
Trd, 000262.050, 182
Trd, 000262.233, 172
Trd, 000262.683, 159
Trd, 000263.183, 159
Trd, 000263.533, 159
Trd, 000263.583, 156
Trd, 000264.983, 161
Trd, 000266.650, 167
Trd, 000266.783, 166
Trd, 000267.133, 153
Trd, 000267.283, 148
Trd, 000268.350, 167
Trd, 000268.517, 167
Trd, 000269.100, 166
Trd, 000271.550, 145
Trd, 000271.917, 181
Trd, 000272.450, 161
Trd, 000272.733, 160
Trd, 000273.333, 163
Trd, 000273.550, 159
Trd, 000274.833, 170
Trd, 000276.550, 106
Trd, 000276.617, 138
Trd, 000276.767, 143
Trd, 000277.433, 140
Trd, 000277.500, 130
Trd, 000277.933, 168
Trd, 000279.317, 168
Trd, 000279.383, 142
Trd, 000280.600, 153
Trd, 000281.733, 142
Trd, 000282.167, 139
Trd, 000282.500, 127
Trd, 000284.100, 142
Trd, 000284.200, 144
Trd, 000284.317, 159
Trd, 000286.017, 159
Trd, 000287.333, 180
Trd, 000287.617, 169
Trd, 000288.050, 163
Trd, 000288.933, 165
Trd, 000291.933, 153
Trd, 000292.317, 154
Trd, 000293.067, 161
Trd, 000293.150, 160
Trd, 000294.117, 162
Trd, 000295.317, 143
Trd, 000295.417, 134
Trd, 000296.633, 129
Trd, 000296.683, 162
Trd, 000296.800, 189
Trd, 000297.033, 139
Trd, 000297.350, 129
Trd, 000297.683, 129
Trd, 000298.333, 142
