Trd, 000005.283, 132
Trd, 000005.333, 131
Trd, 000005.483, 131
Trd, 000006.150, 147
Trd, 000006.650, 156
Trd, 000006.717, 142
Trd, 000007.300, 148
Trd, 000008.900, 159
Trd, 000010.117, 186
Trd, 000010.433, 192
Trd, 000010.733, 167
Trd, 000010.867, 138
Trd, 000013.167, 170
Trd, 000013.750, 161
Trd, 000015.200, 177
Trd, 000015.317, 139
Trd, 000015.600, 129
Trd, 000016.200, 141
Trd, 000016.333, 150
Trd, 000016.417, 166
Trd, 000017.300, 156
Trd, 000019.200, 171
Trd, 000019.633, 140
Trd, 000020.500, 179
Trd, 000020.950, 178
Trd, 000021.217, 192
Trd, 000022.450, 183
Trd, 000022.583, 172
Trd, 000025.367, 184
Trd, 000025.500, 171
Trd, 000027.333, 146
Trd, 000028.133, 152
Trd, 000028.300, 141
Trd, 000028.850, 148
Trd, 000028.917, 170
Trd, 000030.517, 162
Trd, 000030.733, 153
Trd, 000032.317, 168
Trd, 000032.833, 166
Trd, 000035.567, 174
Trd, 000036.033, 178
Trd, 000036.067, 168
Trd, 000036.950, 188
Trd, 000038.117, 167
Trd, 000040.333, 136
Trd, 000040.700, 122
Trd, 000041.300, 153
Trd, 000042.017, 170
Trd, 000042.983, 175
Trd, 000043.050, 176
Trd, 000044.283, 168
Trd, 000046.283, 186
Trd, 000046.383, 184
Trd, 000046.933, 186
Trd, 000048.317, 164
Trd, 000048.600, 158
Trd, 000048.733, 154
Trd, 000050.667, 166
Trd, 000051.150, 185
Trd, 000052.017, 165
Trd, 000052.100, 158
Trd, 000055.417, 142
Trd, 000055.833, 161
Trd, 000056.117, 173
Trd, 000057.383, 157
Trd, 000058.100, 157
Trd, 000060.250, 178
Trd, 000060.783, 180
Trd, 000060.883, 166
Trd, 000060.900, 165
Trd, 000061.717, 174
Trd, 000062.133, 163
Trd, 000062.417, 151
Trd, 000062.883, 171
Trd, 000062.967, 155
Trd, 000064.933, 164
Trd, 000065.600, 135
Trd, 000065.833, 170
Trd, 000066.267, 171
Trd, 000067.017, 165
Trd, 000067.817, 169
Trd, 000068.283, 170
Trd, 000068.617, 154
Trd, 000070.750, 176
Trd, 000070.950, 157
Trd, 000072.033, 174
Trd, 000072.367, 193
Trd, 000073.167, 157
Trd, 000073.200, 151
Trd, 000073.517, 142
Trd, 000073.567, 141
Trd, 000074.217, 138
Trd, 000075.900, 153
Trd, 000076.117, 133
Trd, 000076.467, 151
Trd, 000076.717, 140
Trd, 000076.783, 156
Trd, 000077.233, 146
Trd, 000077.383, 172
Trd, 000077.867, 155
Trd, 000081.017, 193
Trd, 000081.317, 192
Trd, 000081.400, 179
Trd, 000081.883, 166
Trd, 000082.550, 165
Trd, 000083.067, 164
Trd, 000085.717, 170
Trd, 000086.367, 155
Trd, 000087.083, 160
Trd, 000088.400, 178
Trd, 000089.633, 165
Trd, 000090.950, 171
Trd, 000091.150, 167
Trd, 000091.383, 185
Trd, 000092.033, 183
Trd, 000092.467, 165
Trd, 000095.667, 137
Trd, 000095.800, 179
Trd, 000096.300, 162
Trd, 000096.683, 156
Trd, 000098.567, 171
Trd, 000101.067, 182
Trd, 000101.217, 188
Trd, 000101.683, 181
Trd, 000102.133, 165
Trd, 000102.167, 159
Trd, 000102.317, 155
Trd, 000104.083, 148
Trd, 000105.750, 153
Trd, 000106.267, 178
Trd, 000106.933, 179
Trd, 000107.333, 169
Trd, 000107.500, 151
Trd, 000107.667, 148
Trd, 000108.017, 176
Trd, 000109.300, 166
Trd, 000110.950, 137
Trd, 000111.367, 167
Trd, 000111.467, 146
Trd, 000112.833, 172
Trd, 000114.900, 168
Trd, 000115.833, 135
Trd, 000116.267, 193
Trd, 000116.367, 163
Trd, 000117.167, 147
Trd, 000117.550, 157
Trd, 000120.000, 164
Trd, 000120.267, 149
Trd, 000120.367, 146
Trd, 000121.317, 159
Trd, 000121.783, 180
Trd, 000122.067, 167
Trd, 000122.950, 167
Trd, 000123.567, 157
Trd, 000124.867, 159
Trd, 000126.350, 169
Trd, 000126.900, 181
Trd, 000127.500, 185
Trd, 000127.933, 179
Trd, 000129.633, 167
Trd, 000131.167, 167
Trd, 000131.867, 189
Trd, 000132.233, 168
Trd, 000132.283, 149
Trd, 000134.433, 166
Trd, 000136.050, 148
Trd, 000136.183, 184
Trd, 000136.867, 176
Trd, 000138.017, 148
Trd, 000138.083, 160
Trd, 000139.700, 150
Trd, 000141.300, 168
Trd, 000141.533, 170
Trd, 000141.583, 165
Trd, 000141.917, 165
Trd, 000142.517, 181
Trd, 000143.067, 154
Trd, 000145.333, 146
Trd, 000146.467, 181
Trd, 000146.500, 165
Trd, 000146.883, 165
Trd, 000148.017, 189
Trd, 000148.667, 177
Trd, 000148.817, 149
Trd, 000148.933, 147
Trd, 000150.000, 150
Trd, 000150.950, 192
Trd, 000151.450, 150
Trd, 000152.417, 153
Trd, 000152.783, 181
Trd, 000153.167, 176
Trd, 000154.017, 165
Trd, 000156.067, 134
Trd, 000156.283, 156
Trd, 000156.300, 161
Trd, 000156.733, 169
Trd, 000158.200, 190
Trd, 000158.700, 165
Trd, 000158.783, 153
Trd, 000160.017, 166
Trd, 000161.100, 146
Trd, 000161.567, 134
Trd, 000162.067, 181
Trd, 000163.017, 184
Trd, 000163.283, 144
Trd, 000165.533, 180
Trd, 000166.183, 186
Trd, 000166.200, 144
Trd, 000166.983, 163
Trd, 000168.083, 175
Trd, 000168.400, 177
Trd, 000168.983, 167
Trd, 000169.333, 179
Trd, 000169.450, 140
Trd, 000171.417, 171
Trd, 000172.783, 157
Trd, 000173.683, 172
Trd, 000175.150, 180
Trd, 000176.100, 173
Trd, 000177.967, 186
Trd, 000178.650, 183
Trd, 000178.700, 174
Trd, 000179.217, 165
Trd, 000180.417, 179
Trd, 000180.450, 166
Trd, 000181.067, 163
Trd, 000181.317, 181
Trd, 000181.467, 158
Trd, 000181.883, 160
Trd, 000182.450, 170
Trd, 000185.017, 169
Trd, 000185.483, 160
Trd, 000186.133, 185
Trd, 000186.217, 144
Trd, 000186.583, 152
Trd, 000187.300, 163
Trd, 000189.667, 165
Trd, 000190.333, 162
Trd, 000190.967, 162
Trd, 000191.250, 172
Trd, 000192.033, 173
Trd, 000192.450, 179
Trd, 000192.683, 174
Trd, 000193.367, 182
Trd, 000195.400, 182
Trd, 000195.983, 156
Trd, 000196.617, 166
Trd, 000196.633, 177
Trd, 000196.817, 150
Trd, 000198.383, 182
Trd, 000199.350, 166
Trd, 000200.633, 177
Trd, 000201.533, 172
Trd, 000201.550, 150
Trd, 000201.700, 177
Trd, 000201.833, 184
Trd, 000202.633, 165
Trd, 000203.767, 170
Trd, 000204.467, 166
Trd, 000205.300, 161
Trd, 000205.533, 161
Trd, 000206.583, 176
Trd, 000206.850, 183
Trd, 000210.383, 180
Trd, 000211.667, 159
Trd, 000211.817, 153
Trd, 000212.283, 166
Trd, 000212.417, 187
Trd, 000212.717, 188
Trd, 000213.450, 193
Trd, 000214.900, 162
Trd, 000216.200, 188
Trd, 000216.583, 145
Trd, 000218.867, 186
Trd, 000219.983, 177
Trd, 000220.850, 174
Trd, 000220.883, 166
Trd, 000221.350, 181
Trd, 000222.667, 145
Trd, 000223.017, 148
Trd, 000223.850, 164
Trd, 000224.933, 163
Trd, 000226.483, 167
Trd, 000226.783, 184
Trd, 000226.967, 155
Trd, 000227.217, 178
Trd, 000228.317, 178
Trd, 000229.667, 169
Trd, 000231.550, 180
Trd, 000232.117, 160
Trd, 000233.617, 170
Trd, 000233.700, 173
Trd, 000233.800, 166
Trd, 000236.667, 187
Trd, 000236.700, 179
Trd, 000236.983, 170
Trd, 000237.450, 149
Trd, 000237.633, 164
Trd, 000242.117, 163
Trd, 000242.700, 163
Trd, 000242.933, 189
Trd, 000243.583, 163
Trd, 000244.550, 171
Trd, 000245.433, 149
Trd, 000245.900, 148
Trd, 000246.483, 171
Trd, 000246.583, 172
Trd, 000246.750, 175
Trd, 000246.767, 161
Trd, 000247.083, 175
Trd, 000247.783, 164
Trd, 000248.067, 181
Trd, 000249.983, 150
Trd, 000252.400, 150
Trd, 000252.467, 162
Trd, 000252.517, 164
Trd, 000253.067, 169
Trd, 000254.350, 163
Trd, 000255.683, 156
Trd, 000256.100, 173
Trd, 000256.783, 136
Trd, 000256.983, 150
Trd, 000257.833, 160
Trd, 000257.900, 155
Trd, 000257.983, 168
Trd, 000258.500, 180
Trd, 000258.767, 178
Trd, 000258.783, 172
Trd, 000261.417, 164
Trd, 000261.483, 163
Trd, 000262.250, 157
Trd, 000262.900, 151
Trd, 000263.183, 179
Trd, 000263.383, 182
Trd, 000264.583, 161
Trd, 000266.567, 161
Trd, 000267.383, 176
Trd, 000268.017, 170
Trd, 000268.633, 167
Trd, 000269.100, 165
Trd, 000269.267, 162
Trd, 000271.517, 181
Trd, 000272.017, 183
Trd, 000272.200, 171
Trd, 000273.900, 170
Trd, 000275.767, 164
Trd, 000276.233, 174
Trd, 000276.483, 172
Trd, 000276.600, 167
Trd, 000277.150, 182
Trd, 000277.633, 178
Trd, 000277.733, 161
Trd, 000278.133, 182
Trd, 000278.583, 161
Trd, 000281.500, 137
Trd, 000281.583, 148
Trd, 000281.700, 176
Trd, 000281.783, 138
Trd, 000282.317, 165
Trd, 000283.550, 151
Trd, 000284.033, 139
Trd, 000284.150, 168
Trd, 000286.483, 176
Trd, 000287.467, 181
Trd, 000288.350, 163
Trd, 000289.583, 192
Trd, 000290.317, 159
Trd, 000291.667, 165
Trd, 000292.400, 182
Trd, 000293.250, 165
Trd, 000293.400, 151
Trd, 000295.983, 166
Trd, 000296.100, 144
Trd, 000296.333, 158
Trd, 000296.517, 119
Trd, 000296.967, 173
Trd, 000297.783, 160
Trd, 000298.033, 177
Trd, 000298.133, 151
Trd, 000298.567, 147
Trd, 000299.117, 189
Trd, 000299.167, 131
