Trd, 000005.167, 182
Trd, 000005.350, 137
Trd, 000005.483, 131
Trd, 000006.300, 152
Trd, 000006.567, 155
Trd, 000006.700, 157
Trd, 000007.717, 152
Trd, 000009.333, 162
Trd, 000010.133, 165
Trd, 000011.217, 162
Trd, 000011.550, 165
Trd, 000012.350, 156
Trd, 000013.317, 163
Trd, 000013.350, 147
Trd, 000013.983, 139
Trd, 000015.150, 176
Trd, 000015.667, 161
Trd, 000015.833, 146
Trd, 000016.350, 158
Trd, 000017.817, 166
Trd, 000018.267, 153
Trd, 000020.183, 179
Trd, 000020.233, 172
Trd, 000021.083, 149
Trd, 000021.550, 163
Trd, 000022.017, 156
Trd, 000022.117, 152
Trd, 000022.817, 171
Trd, 000025.833, 170
Trd, 000026.867, 186
Trd, 000027.750, 165
Trd, 000028.067, 160
Trd, 000028.133, 157
Trd, 000028.150, 146
Trd, 000030.300, 154
Trd, 000030.433, 147
Trd, 000030.783, 150
Trd, 000030.967, 179
Trd, 000031.167, 170
Trd, 000031.517, 180
Trd, 000031.933, 161
Trd, 000034.067, 142
Trd, 000035.267, 189
Trd, 000035.717, 196
Trd, 000036.000, 165
Trd, 000036.583, 164
Trd, 000037.700, 152
Trd, 000039.600, 166
Trd, 000039.883, 171
Trd, 000040.500, 184
Trd, 000040.983, 141
Trd, 000041.217, 152
Trd, 000041.717, 171
Trd, 000041.833, 154
Trd, 000041.883, 151
Trd, 000043.583, 139
Trd, 000043.850, 162
Trd, 000045.417, 186
Trd, 000045.450, 135
Trd, 000046.200, 168
Trd, 000047.233, 158
Trd, 000047.750, 154
Trd, 000048.200, 160
Trd, 000048.750, 172
Trd, 000049.317, 151
Trd, 000050.267, 156
Trd, 000050.500, 187
Trd, 000051.083, 184
Trd, 000051.217, 180
Trd, 000052.200, 158
Trd, 000052.833, 142
Trd, 000054.333, 155
Trd, 000054.517, 146
Trd, 000055.817, 188
Trd, 000056.700, 164
Trd, 000056.950, 155
Trd, 000057.250, 177
Trd, 000057.617, 154
Trd, 000060.300, 139
Trd, 000060.717, 179
Trd, 000060.900, 178
Trd, 000061.250, 172
Trd, 000061.283, 166
Trd, 000061.400, 141
Trd, 000062.433, 147
Trd, 000062.683, 171
Trd, 000063.600, 146
Trd, 000064.433, 164
Trd, 000065.717, 169
Trd, 000066.650, 190
Trd, 000067.000, 170
Trd, 000067.067, 153
Trd, 000067.717, 167
Trd, 000068.117, 151
Trd, 000069.400, 170
Trd, 000069.650, 158
Trd, 000070.600, 169
Trd, 000071.250, 181
Trd, 000071.767, 184
Trd, 000072.367, 168
Trd, 000072.733, 154
Trd, 000073.967, 173
Trd, 000074.883, 160
Trd, 000075.567, 190
Trd, 000075.717, 151
Trd, 000075.967, 159
Trd, 000076.150, 141
Trd, 000076.400, 163
Trd, 000077.117, 141
Trd, 000077.517, 146
Trd, 000078.467, 167
Trd, 000078.667, 141
Trd, 000079.817, 150
Trd, 000080.317, 149
Trd, 000080.983, 191
Trd, 000081.183, 172
Trd, 000082.767, 166
Trd, 000083.667, 155
Trd, 000083.833, 147
Trd, 000084.167, 178
Trd, 000084.500, 148
Trd, 000085.483, 165
Trd, 000085.700, 168
Trd, 000086.300, 163
Trd, 000086.483, 155
Trd, 000086.883, 168
Trd, 000090.817, 137
Trd, 000090.933, 171
Trd, 000091.133, 148
Trd, 000091.983, 185
Trd, 000092.900, 172
Trd, 000093.917, 165
Trd, 000095.683, 189
Trd, 000095.800, 169
Trd, 000096.633, 156
Trd, 000096.833, 150
Trd, 000097.917, 156
Trd, 000099.967, 165
Trd, 000100.667, 136
Trd, 000101.050, 145
Trd, 000101.717, 146
Trd, 000103.000, 143
Trd, 000103.833, 163
Trd, 000104.433, 170
Trd, 000105.300, 142
Trd, 000105.967, 180
Trd, 000106.583, 179
Trd, 000108.700, 171
Trd, 000109.650, 167
Trd, 000110.133, 155
Trd, 000110.817, 177
Trd, 000112.567, 158
Trd, 000112.800, 148
Trd, 000113.367, 141
Trd, 000116.033, 142
Trd, 000116.233, 157
Trd, 000117.383, 156
Trd, 000117.617, 154
Trd, 000119.733, 145
Trd, 000120.583, 146
Trd, 000121.050, 183
Trd, 000122.483, 156
Trd, 000122.617, 158
Trd, 000124.383, 148
Trd, 000124.883, 161
Trd, 000124.950, 142
Trd, 000126.050, 169
Trd, 000126.567, 159
Trd, 000126.850, 153
Trd, 000127.167, 174
Trd, 000127.217, 175
Trd, 000127.267, 169
Trd, 000128.300, 156
Trd, 000129.700, 154
Trd, 000131.133, 164
Trd, 000131.417, 137
Trd, 000131.750, 163
Trd, 000131.867, 169
Trd, 000132.650, 169
Trd, 000133.483, 182
Trd, 000136.083, 164
Trd, 000136.400, 150
Trd, 000138.050, 193
Trd, 000140.533, 153
Trd, 000141.267, 159
Trd, 000141.533, 170
Trd, 000141.717, 161
Trd, 000141.817, 142
Trd, 000142.017, 142
Trd, 000142.333, 135
Trd, 000145.217, 169
Trd, 000145.300, 169
Trd, 000146.367, 181
Trd, 000146.567, 177
Trd, 000147.483, 141
Trd, 000148.550, 164
Trd, 000148.850, 149
Trd, 000149.967, 156
Trd, 000150.500, 154
Trd, 000151.250, 168
Trd, 000151.683, 165
Trd, 000151.700, 181
Trd, 000151.817, 188
Trd, 000153.967, 150
Trd, 000154.083, 165
Trd, 000154.483, 174
Trd, 000154.750, 144
Trd, 000156.217, 161
Trd, 000156.983, 166
Trd, 000157.083, 152
Trd, 000157.333, 142
Trd, 000157.667, 170
Trd, 000158.683, 165
Trd, 000158.900, 163
Trd, 000159.617, 184
Trd, 000160.467, 150
Trd, 000161.350, 192
Trd, 000161.817, 190
Trd, 000162.300, 165
Trd, 000162.900, 153
Trd, 000164.267, 163
Trd, 000164.650, 145
Trd, 000165.050, 166
Trd, 000166.317, 176
Trd, 000166.750, 182
Trd, 000167.783, 187
Trd, 000167.833, 159
Trd, 000169.417, 165
Trd, 000171.317, 176
Trd, 000171.467, 163
Trd, 000172.667, 152
Trd, 000172.883, 146
Trd, 000172.983, 157
Trd, 000174.983, 152
Trd, 000175.183, 163
Trd, 000175.367, 128
Trd, 000176.083, 125
Trd, 000176.117, 138
Trd, 000176.483, 167
Trd, 000177.483, 172
Trd, 000178.350, 167
Trd, 000178.600, 158
Trd, 000180.600, 175
Trd, 000181.367, 180
Trd, 000181.450, 169
Trd, 000182.150, 195
Trd, 000183.233, 175
Trd, 000183.467, 164
Trd, 000183.600, 154
Trd, 000183.883, 138
Trd, 000184.283, 133
Trd, 000186.417, 164
Trd, 000187.217, 169
Trd, 000187.683, 172
Trd, 000188.900, 193
Trd, 000189.350, 164
Trd, 000190.100, 170
Trd, 000190.767, 171
Trd, 000191.267, 162
Trd, 000191.550, 154
Trd, 000192.233, 150
Trd, 000192.383, 162
Trd, 000192.517, 139
Trd, 000193.583, 160
Trd, 000194.217, 152
Trd, 000195.267, 142
Trd, 000196.067, 173
Trd, 000196.183, 171
Trd, 000196.717, 169
Trd, 000196.983, 170
Trd, 000197.283, 174
Trd, 000198.000, 148
Trd, 000198.400, 150
Trd, 000199.933, 160
Trd, 000200.417, 129
Trd, 000201.233, 182
Trd, 000201.667, 183
Trd, 000203.367, 171
Trd, 000204.017, 144
Trd, 000204.150, 147
Trd, 000205.100, 149
Trd, 000205.467, 139
Trd, 000206.183, 194
Trd, 000206.617, 170
Trd, 000207.650, 162
Trd, 000208.683, 162
Trd, 000209.417, 164
Trd, 000210.767, 151
Trd, 000210.900, 154
Trd, 000211.083, 183
Trd, 000211.917, 180
Trd, 000212.033, 182
Trd, 000212.550, 165
Trd, 000212.683, 161
Trd, 000215.450, 164
Trd, 000216.500, 135
Trd, 000216.683, 165
Trd, 000216.850, 170
Trd, 000217.567, 152
Trd, 000218.117, 141
Trd, 000218.200, 157
Trd, 000218.517, 139
Trd, 000219.700, 162
Trd, 000221.650, 157
Trd, 000221.983, 186
Trd, 000222.450, 163
Trd, 000222.567, 164
Trd, 000222.717, 147
Trd, 000223.233, 144
Trd, 000223.583, 162
Trd, 000224.833, 153
Trd, 000227.450, 160
Trd, 000227.733, 147
Trd, 000228.000, 141
Trd, 000228.083, 170
Trd, 000231.733, 172
Trd, 000232.550, 163
Trd, 000232.833, 159
Trd, 000233.083, 150
Trd, 000234.483, 148
Trd, 000235.283, 171
Trd, 000236.450, 192
Trd, 000237.217, 165
Trd, 000237.767, 161
Trd, 000238.167, 153
Trd, 000238.483, 158
Trd, 000239.683, 162
Trd, 000241.850, 185
Trd, 000242.000, 162
Trd, 000242.117, 158
Trd, 000242.217, 149
Trd, 000242.500, 188
Trd, 000243.217, 143
Trd, 000243.483, 131
Trd, 000244.317, 165
Trd, 000245.400, 139
Trd, 000246.333, 145
Trd, 000246.633, 154
Trd, 000247.517, 189
Trd, 000248.250, 187
Trd, 000249.400, 134
Trd, 000250.467, 147
Trd, 000250.817, 164
Trd, 000251.333, 136
Trd, 000251.750, 174
Trd, 000251.933, 171
Trd, 000253.217, 168
Trd, 000253.833, 167
Trd, 000255.017, 154
Trd, 000256.300, 164
Trd, 000256.817, 184
Trd, 000257.183, 161
Trd, 000257.433, 155
Trd, 000259.467, 177
Trd, 000261.550, 163
Trd, 000262.133, 182
Trd, 000262.283, 178
Trd, 000262.883, 169
Trd, 000264.117, 156
Trd, 000264.200, 163
Trd, 000265.683, 150
Trd, 000266.067, 153
Trd, 000266.700, 156
Trd, 000267.250, 168
Trd, 000267.433, 150
Trd, 000268.550, 161
Trd, 000269.317, 155
Trd, 000269.517, 153
Trd, 000271.583, 136
Trd, 000272.150, 144
Trd, 000272.983, 145
Trd, 000273.017, 160
Trd, 000273.250, 170
Trd, 000274.600, 171
Trd, 000274.767, 170
Trd, 000275.267, 166
Trd, 000276.733, 194
Trd, 000277.133, 167
Trd, 000277.150, 170
Trd, 000278.517, 167
Trd, 000279.683, 170
Trd, 000281.917, 187
Trd, 000282.417, 151
Trd, 000282.617, 156
Trd, 000284.183, 162
Trd, 000284.600, 156
Trd, 000286.083, 172
Trd, 000286.767, 171
Trd, 000287.333, 184
Trd, 000287.733, 185
Trd, 000288.033, 190
Trd, 000288.467, 148
Trd, 000288.817, 164
Trd, 000290.550, 147
Trd, 000290.833, 136
Trd, 000292.050, 174
Trd, 000292.233, 167
Trd, 000292.267, 163
Trd, 000292.500, 164
Trd, 000293.117, 190
Trd, 000296.083, 165
Trd, 000297.117, 149
Trd, 000297.267, 144
Trd, 000297.417, 144
Trd, 000297.833, 152
Trd, 000298.267, 139
Trd, 000298.767, 155
Trd, 000299.167, 151
Trd, 000299.517, 134
Trd, 000299.700, 164
