Trd, 000005.400, 157
Trd, 000005.767, 156
Trd, 000005.850, 169
Trd, 000005.983, 155
Trd, 000006.233, 149
Trd, 000008.100, 160
Trd, 000008.717, 162
Trd, 000010.283, 148
Trd, 000010.317, 156
Trd, 000011.183, 158
Trd, 000012.083, 141
Trd, 000012.533, 132
Trd, 000013.283, 132
Trd, 000014.400, 165
Trd, 000015.667, 154
Trd, 000017.550, 168
Trd, 000018.583, 160
Trd, 000019.383, 166
Trd, 000019.717, 174
Trd, 000020.017, 182
Trd, 000020.683, 161
Trd, 000021.000, 153
Trd, 000021.167, 136
Trd, 000021.433, 163
Trd, 000024.217, 166
Trd, 000024.417, 149
Trd, 000025.567, 156
Trd, 000027.000, 180
Trd, 000028.817, 158
Trd, 000029.117, 173
Trd, 000030.467, 182
Trd, 000030.833, 158
Trd, 000031.683, 151
Trd, 000032.350, 172
Trd, 000032.833, 158
Trd, 000032.933, 177
Trd, 000033.750, 173
Trd, 000034.100, 155
Trd, 000035.800, 179
Trd, 000036.133, 171
Trd, 000036.233, 160
Trd, 000036.533, 151
Trd, 000037.483, 183
Trd, 000040.350, 166
Trd, 000040.583, 171
Trd, 000043.433, 180
Trd, 000044.550, 188
Trd, 000044.950, 162
Trd, 000045.667, 182
Trd, 000046.200, 181
Trd, 000046.833, 150
Trd, 000047.133, 187
Trd, 000047.267, 183
Trd, 000048.350, 169
Trd, 000049.133, 152
Trd, 000050.900, 152
Trd, 000051.183, 178
Trd, 000053.117, 156
Trd, 000053.500, 150
Trd, 000053.650, 147
Trd, 000054.617, 146
Trd, 000055.500, 171
Trd, 000055.517, 151
Trd, 000055.900, 153
Trd, 000057.350, 148
Trd, 000057.800, 149
Trd, 000059.367, 155
Trd, 000060.683, 141
Trd, 000061.467, 157
Trd, 000061.800, 155
Trd, 000063.783, 154
Trd, 000064.767, 160
Trd, 000067.083, 186
Trd, 000067.517, 172
Trd, 000067.683, 167
Trd, 000070.650, 185
Trd, 000071.467, 181
Trd, 000071.600, 168
Trd, 000072.350, 157
Trd, 000072.717, 157
Trd, 000074.517, 169
Trd, 000074.917, 144
Trd, 000075.417, 170
Trd, 000076.050, 184
Trd, 000076.117, 183
Trd, 000076.933, 173
Trd, 000077.033, 171
Trd, 000079.200, 173
Trd, 000080.767, 186
Trd, 000080.983, 164
Trd, 000081.517, 154
Trd, 000081.600, 150
Trd, 000083.317, 180
Trd, 000085.283, 147
Trd, 000086.433, 180
Trd, 000086.583, 173
Trd, 000086.600, 166
Trd, 000086.750, 163
Trd, 000087.300, 152
Trd, 000087.683, 183
Trd, 000088.000, 147
Trd, 000090.933, 155
Trd, 000091.000, 176
Trd, 000092.467, 156
Trd, 000093.350, 173
Trd, 000093.450, 175
Trd, 000094.583, 167
Trd, 000095.750, 183
Trd, 000096.050, 157
Trd, 000096.667, 160
Trd, 000096.817, 161
Trd, 000097.000, 151
Trd, 000097.733, 155
Trd, 000099.483, 143
Trd, 000101.267, 184
Trd, 000103.983, 176
Trd, 000104.183, 163
Trd, 000106.150, 173
Trd, 000107.567, 184
Trd, 000108.050, 162
Trd, 000108.867, 155
Trd, 000109.767, 155
Trd, 000110.033, 147
Trd, 000111.050, 170
Trd, 000111.483, 184
Trd, 000112.350, 176
Trd, 000116.167, 159
Trd, 000116.650, 149
Trd, 000117.183, 182
Trd, 000118.067, 177
Trd, 000119.700, 173
Trd, 000121.283, 158
Trd, 000123.167, 165
Trd, 000123.750, 155
Trd, 000124.050, 167
Trd, 000126.433, 143
Trd, 000127.500, 155
Trd, 000127.583, 153
Trd, 000128.517, 185
Trd, 000129.450, 176
Trd, 000131.283, 186
Trd, 000131.867, 159
Trd, 000131.950, 163
Trd, 000133.067, 152
Trd, 000133.317, 148
Trd, 000133.450, 145
Trd, 000136.250, 191
Trd, 000136.283, 175
Trd, 000136.317, 162
Trd, 000137.900, 184
Trd, 000138.233, 169
Trd, 000138.300, 151
Trd, 000139.633, 163
Trd, 000141.383, 185
Trd, 000141.650, 175
Trd, 000142.083, 161
Trd, 000142.333, 163
Trd, 000143.750, 159
Trd, 000146.133, 150
Trd, 000146.600, 155
Trd, 000148.383, 145
Trd, 000151.050, 167
Trd, 000151.417, 139
Trd, 000152.017, 152
Trd, 000153.033, 175
Trd, 000153.117, 163
Trd, 000153.633, 150
Trd, 000153.667, 160
Trd, 000156.550, 168
Trd, 000157.750, 143
Trd, 000157.950, 159
Trd, 000158.583, 161
Trd, 000159.117, 166
Trd, 000160.050, 154
Trd, 000161.083, 168
Trd, 000161.350, 156
Trd, 000163.383, 152
Trd, 000163.550, 143
Trd, 000164.183, 165
Trd, 000166.283, 170
Trd, 000166.517, 172
Trd, 000167.950, 171
Trd, 000168.517, 150
Trd, 000169.167, 181
Trd, 000171.867, 162
Trd, 000173.817, 179
Trd, 000174.083, 173
Trd, 000174.633, 184
Trd, 000174.817, 190
Trd, 000176.700, 151
Trd, 000177.067, 157
Trd, 000177.417, 163
Trd, 000178.217, 174
Trd, 000181.417, 186
Trd, 000181.550, 147
Trd, 000182.683, 158
Trd, 000183.117, 175
Trd, 000186.900, 155
Trd, 000186.950, 171
Trd, 000187.833, 146
Trd, 000189.000, 175
Trd, 000189.433, 170
Trd, 000191.200, 184
Trd, 000191.417, 155
Trd, 000193.067, 151
Trd, 000194.067, 148
Trd, 000195.250, 150
Trd, 000196.517, 159
Trd, 000197.900, 181
Trd, 000198.833, 171
Trd, 000200.400, 162
Trd, 000201.983, 175
Trd, 000202.350, 176
Trd, 000202.983, 173
Trd, 000204.033, 160
Trd, 000204.183, 153
Trd, 000206.117, 144
Trd, 000206.850, 157
Trd, 000207.200, 187
Trd, 000211.717, 183
Trd, 000213.150, 175
Trd, 000214.167, 173
Trd, 000217.417, 186
Trd, 000217.467, 173
Trd, 000219.217, 158
Trd, 000220.717, 144
Trd, 000221.267, 176
Trd, 000221.367, 168
Trd, 000222.000, 159
Trd, 000223.467, 182
Trd, 000223.517, 168
Trd, 000224.317, 166
Trd, 000226.517, 173
Trd, 000227.683, 171
Trd, 000229.233, 166
Trd, 000231.283, 165
Trd, 000231.700, 155
Trd, 000232.317, 156
Trd, 000232.433, 177
Trd, 000233.517, 150
Trd, 000233.967, 144
Trd, 000235.383, 153
Trd, 000235.617, 137
Trd, 000236.383, 186
Trd, 000236.650, 168
Trd, 000237.067, 173
Trd, 000237.317, 158
Trd, 000237.783, 161
Trd, 000238.217, 171
Trd, 000240.217, 158
Trd, 000241.783, 166
Trd, 000241.900, 143
Trd, 000242.017, 162
Trd, 000243.700, 157
Trd, 000244.133, 149
Trd, 000244.650, 173
Trd, 000244.717, 144
Trd, 000246.717, 179
Trd, 000247.017, 159
Trd, 000247.450, 165
Trd, 000247.583, 165
Trd, 000248.183, 149
Trd, 000248.217, 145
Trd, 000251.367, 173
Trd, 000252.233, 158
Trd, 000252.717, 149
Trd, 000253.867, 175
Trd, 000256.183, 161
Trd, 000257.483, 161
Trd, 000257.700, 170
Trd, 000257.767, 170
Trd, 000258.033, 157
Trd, 000260.683, 147
Trd, 000261.333, 169
Trd, 000261.917, 180
Trd, 000261.950, 173
Trd, 000262.917, 156
Trd, 000263.067, 151
Trd, 000263.783, 163
Trd, 000266.867, 185
Trd, 000267.950, 156
Trd, 000270.217, 171
Trd, 000271.417, 132
Trd, 000273.483, 186
Trd, 000273.617, 172
Trd, 000273.783, 170
Trd, 000274.417, 156
Trd, 000277.750, 164
Trd, 000278.117, 169
Trd, 000278.217, 162
Trd, 000278.233, 177
Trd, 000278.400, 150
Trd, 000279.617, 174
Trd, 000280.117, 161
Trd, 000282.683, 185
Trd, 000283.283, 169
Trd, 000283.767, 161
Trd, 000285.017, 172
Trd, 000285.200, 162
Trd, 000285.633, 138
Trd, 000286.767, 179
Trd, 000286.783, 163
Trd, 000286.967, 191
Trd, 000287.433, 164
Trd, 000288.067, 140
Trd, 000288.433, 156
Trd, 000289.233, 157
Trd, 000291.917, 177
Trd, 000292.233, 160
Trd, 000296.100, 159
Trd, 000296.750, 161
Trd, 000297.300, 148
Trd, 000297.783, 152
