Trd, 000005.100, 152
Trd, 000005.133, 140
Trd, 000005.350, 167
Trd, 000005.550, 160
Trd, 000005.600, 160
Trd, 000006.017, 131
Trd, 000006.600, 152
Trd, 000008.917, 159
Trd, 000010.133, 144
Trd, 000010.350, 144
Trd, 000010.533, 170
Trd, 000010.867, 166
Trd, 000012.567, 154
Trd, 000012.867, 162
Trd, 000013.583, 152
Trd, 000015.083, 146
Trd, 000015.250, 170
Trd, 000015.450, 164
Trd, 000015.567, 127
Trd, 000016.000, 159
Trd, 000016.617, 141
Trd, 000016.883, 180
Trd, 000018.083, 145
Trd, 000018.267, 136
Trd, 000018.783, 137
Trd, 000019.583, 145
Trd, 000020.100, 122
Trd, 000020.533, 156
Trd, 000021.450, 178
Trd, 000021.600, 168
Trd, 000021.617, 152
Trd, 000022.517, 153
Trd, 000022.800, 143
Trd, 000023.500, 164
Trd, 000025.883, 190
Trd, 000026.283, 178
Trd, 000026.417, 172
Trd, 000026.450, 164
Trd, 000026.517, 161
Trd, 000026.650, 158
Trd, 000027.667, 147
Trd, 000029.467, 143
Trd, 000030.567, 115
Trd, 000031.000, 173
Trd, 000032.183, 163
Trd, 000032.317, 155
Trd, 000032.867, 155
Trd, 000034.117, 164
Trd, 000035.733, 136
Trd, 000035.817, 165
Trd, 000036.117, 147
Trd, 000036.400, 173
Trd, 000038.317, 150
Trd, 000038.700, 184
Trd, 000040.467, 177
Trd, 000042.233, 153
Trd, 000043.350, 160
Trd, 000044.800, 162
Trd, 000045.367, 135
Trd, 000045.883, 170
Trd, 000046.367, 147
Trd, 000047.150, 144
Trd, 000050.017, 152
Trd, 000050.367, 124
Trd, 000050.600, 176
Trd, 000050.667, 152
Trd, 000051.283, 151
Trd, 000051.733, 148
Trd, 000052.000, 163
Trd, 000052.367, 156
Trd, 000053.017, 157
Trd, 000054.117, 154
Trd, 000055.083, 154
Trd, 000055.517, 170
Trd, 000055.700, 126
Trd, 000056.500, 173
Trd, 000056.617, 145
Trd, 000056.783, 139
Trd, 000057.467, 147
Trd, 000058.550, 154
Trd, 000060.967, 168
Trd, 000061.267, 167
Trd, 000062.083, 163
Trd, 000062.767, 157
Trd, 000063.133, 144
Trd, 000063.933, 156
Trd, 000065.000, 154
Trd, 000065.567, 153
Trd, 000067.300, 174
Trd, 000067.333, 173
Trd, 000067.533, 162
Trd, 000068.750, 164
Trd, 000069.167, 160
Trd, 000070.950, 183
Trd, 000071.500, 164
Trd, 000071.667, 169
Trd, 000072.333, 161
Trd, 000072.583, 175
Trd, 000074.917, 171
Trd, 000075.833, 148
Trd, 000076.200, 136
Trd, 000077.183, 168
Trd, 000077.267, 172
Trd, 000077.900, 146
Trd, 000078.217, 171
Trd, 000079.117, 182
Trd, 000079.733, 157
Trd, 000080.633, 137
Trd, 000080.967, 172
Trd, 000081.667, 173
Trd, 000082.183, 175
Trd, 000082.200, 154
Trd, 000083.200, 163
Trd, 000085.700, 182
Trd, 000086.117, 188
Trd, 000086.583, 130
Trd, 000087.167, 155
Trd, 000087.333, 154
Trd, 000090.833, 167
Trd, 000090.983, 148
Trd, 000091.167, 177
Trd, 000091.933, 154
Trd, 000093.017, 142
Trd, 000093.750, 156
Trd, 000094.650, 158
Trd, 000095.717, 102
Trd, 000095.933, 150
Trd, 000096.350, 143
Trd, 000096.733, 133
Trd, 000097.367, 152
Trd, 000097.783, 154
Trd, 000098.017, 142
Trd, 000099.367, 152
Trd, 000100.733, 178
Trd, 000101.233, 178
Trd, 000101.533, 175
Trd, 000101.850, 152
Trd, 000102.883, 151
Trd, 000102.983, 144
Trd, 000104.683, 154
Trd, 000105.967, 168
Trd, 000106.233, 160
Trd, 000106.383, 156
Trd, 000106.633, 158
Trd, 000107.133, 160
Trd, 000107.450, 163
Trd, 000107.650, 145
Trd, 000108.283, 179
Trd, 000109.700, 140
Trd, 000111.100, 178
Trd, 000112.283, 171
Trd, 000112.583, 167
Trd, 000113.333, 162
Trd, 000113.450, 173
Trd, 000113.633, 153
Trd, 000114.483, 151
Trd, 000116.533, 162
Trd, 000116.650, 173
Trd, 000116.700, 172
Trd, 000116.733, 146
Trd, 000117.033, 150
Trd, 000117.950, 164
Trd, 000121.150, 113
Trd, 000121.283, 108
Trd, 000121.317, 117
Trd, 000121.517, 119
Trd, 000122.133, 172
Trd, 000122.317, 149
Trd, 000124.067, 160
Trd, 000125.133, 149
Trd, 000126.117, 136
Trd, 000126.233, 163
Trd, 000126.850, 179
Trd, 000128.800, 160
Trd, 000128.817, 156
Trd, 000129.667, 154
Trd, 000129.817, 153
Trd, 000131.183, 173
Trd, 000131.250, 150
Trd, 000131.467, 123
Trd, 000132.900, 137
Trd, 000134.067, 152
Trd, 000134.200, 151
Trd, 000135.433, 173
Trd, 000135.733, 152
Trd, 000136.383, 162
Trd, 000136.550, 180
Trd, 000136.717, 156
Trd, 000137.100, 188
Trd, 000137.633, 160
Trd, 000138.417, 172
Trd, 000138.800, 166
Trd, 000138.917, 159
Trd, 000139.850, 145
Trd, 000141.433, 136
Trd, 000141.533, 149
Trd, 000142.033, 141
Trd, 000142.383, 156
Trd, 000142.867, 161
Trd, 000144.683, 166
Trd, 000145.450, 138
Trd, 000145.967, 159
Trd, 000146.583, 144
Trd, 000146.717, 177
Trd, 000147.150, 171
Trd, 000147.200, 145
Trd, 000147.800, 167
Trd, 000149.083, 155
Trd, 000151.033, 172
Trd, 000151.050, 142
Trd, 000152.333, 153
Trd, 000152.650, 158
Trd, 000153.400, 147
Trd, 000154.433, 161
Trd, 000154.667, 146
Trd, 000154.683, 160
Trd, 000154.967, 172
Trd, 000156.050, 179
Trd, 000156.217, 166
Trd, 000156.233, 117
Trd, 000156.917, 136
Trd, 000157.383, 151
Trd, 000157.967, 160
Trd, 000158.883, 151
Trd, 000161.133, 161
Trd, 000161.783, 175
Trd, 000162.800, 159
Trd, 000163.183, 157
Trd, 000163.483, 142
Trd, 000164.000, 161
Trd, 000164.567, 158
Trd, 000165.833, 130
Trd, 000166.317, 144
Trd, 000166.550, 168
Trd, 000167.317, 155
Trd, 000167.950, 187
Trd, 000169.467, 146
Trd, 000170.867, 145
Trd, 000171.333, 167
Trd, 000171.417, 152
Trd, 000171.717, 135
Trd, 000172.350, 168
Trd, 000172.933, 161
Trd, 000173.183, 137
Trd, 000173.583, 166
Trd, 000174.067, 164
Trd, 000177.017, 170
Trd, 000177.833, 179
Trd, 000178.183, 147
Trd, 000178.283, 143
Trd, 000178.717, 174
Trd, 000179.017, 182
Trd, 000181.233, 132
Trd, 000181.267, 169
Trd, 000181.550, 174
Trd, 000183.850, 151
Trd, 000184.533, 152
Trd, 000185.817, 168
Trd, 000186.467, 165
Trd, 000186.550, 139
Trd, 000187.383, 161
Trd, 000187.717, 152
Trd, 000187.833, 167
Trd, 000188.017, 186
Trd, 000189.517, 165
Trd, 000189.850, 159
Trd, 000191.300, 165
Trd, 000191.683, 159
Trd, 000191.733, 179
Trd, 000192.217, 161
Trd, 000192.617, 179
Trd, 000193.917, 165
Trd, 000194.033, 137
Trd, 000196.383, 124
Trd, 000196.650, 170
Trd, 000197.367, 167
Trd, 000197.467, 155
Trd, 000198.617, 175
Trd, 000198.967, 160
Trd, 000200.950, 159
Trd, 000201.083, 161
Trd, 000201.283, 178
Trd, 000201.800, 136
Trd, 000201.950, 175
Trd, 000202.000, 154
Trd, 000202.283, 164
Trd, 000203.067, 163
Trd, 000203.617, 131
Trd, 000204.917, 154
Trd, 000207.267, 170
Trd, 000208.933, 163
Trd, 000209.900, 165
Trd, 000210.050, 162
Trd, 000210.667, 153
Trd, 000211.183, 140
Trd, 000211.483, 168
Trd, 000211.850, 172
Trd, 000213.250, 174
Trd, 000214.233, 171
Trd, 000214.350, 159
Trd, 000215.867, 157
Trd, 000216.117, 134
Trd, 000216.533, 176
Trd, 000217.800, 179
Trd, 000218.333, 162
Trd, 000218.383, 152
Trd, 000220.283, 150
Trd, 000220.983, 164
Trd, 000221.800, 149
Trd, 000222.283, 151
Trd, 000222.733, 166
Trd, 000222.783, 161
Trd, 000223.483, 164
Trd, 000225.117, 178
Trd, 000226.600, 179
Trd, 000227.283, 177
Trd, 000227.467, 170
Trd, 000227.550, 166
Trd, 000227.767, 165
Trd, 000227.900, 157
Trd, 000228.483, 156
Trd, 000228.750, 154
Trd, 000230.633, 149
Trd, 000231.683, 182
Trd, 000233.000, 167
Trd, 000233.017, 165
Trd, 000233.567, 162
Trd, 000235.933, 158
Trd, 000236.283, 191
Trd, 000236.667, 177
Trd, 000236.850, 165
Trd, 000236.950, 155
Trd, 000237.950, 153
Trd, 000238.600, 149
Trd, 000239.417, 170
Trd, 000241.050, 167
Trd, 000241.433, 166
Trd, 000241.467, 174
Trd, 000241.867, 173
Trd, 000241.967, 148
Trd, 000242.967, 182
Trd, 000243.417, 172
Trd, 000243.717, 159
Trd, 000244.033, 179
Trd, 000244.167, 154
Trd, 000244.833, 140
Trd, 000246.667, 179
Trd, 000246.883, 181
Trd, 000247.533, 168
Trd, 000247.817, 162
Trd, 000248.050, 155
Trd, 000248.983, 166
Trd, 000250.917, 144
Trd, 000251.967, 176
Trd, 000252.517, 183
Trd, 000252.833, 169
Trd, 000253.183, 157
Trd, 000253.317, 160
Trd, 000254.117, 143
Trd, 000254.317, 141
Trd, 000254.833, 149
Trd, 000256.450, 143
Trd, 000256.717, 164
Trd, 000256.917, 173
Trd, 000257.317, 161
Trd, 000257.817, 154
Trd, 000259.450, 188
Trd, 000259.733, 173
Trd, 000260.417, 145
Trd, 000261.550, 169
Trd, 000261.767, 167
Trd, 000262.583, 166
Trd, 000263.183, 166
Trd, 000264.100, 160
Trd, 000264.150, 159
Trd, 000265.983, 137
Trd, 000266.450, 173
Trd, 000266.650, 154
Trd, 000267.067, 143
Trd, 000267.617, 160
Trd, 000267.683, 140
Trd, 000268.667, 154
Trd, 000268.917, 174
Trd, 000269.783, 159
Trd, 000270.050, 153
Trd, 000271.067, 133
Trd, 000271.850, 162
Trd, 000273.167, 172
Trd, 000273.333, 162
Trd, 000273.983, 154
Trd, 000274.633, 146
Trd, 000276.400, 141
Trd, 000276.617, 132
Trd, 000276.833, 150
Trd, 000277.067, 137
Trd, 000278.500, 151
Trd, 000278.850, 147
Trd, 000278.950, 162
Trd, 000280.300, 164
Trd, 000281.700, 162
Trd, 000282.267, 178
Trd, 000282.300, 124
Trd, 000282.600, 158
Trd, 000283.450, 166
Trd, 000283.517, 185
Trd, 000284.267, 165
Trd, 000284.917, 164
Trd, 000286.367, 138
Trd, 000287.200, 173
Trd, 000287.333, 168
Trd, 000287.517, 164
Trd, 000287.567, 155
Trd, 000287.683, 137
Trd, 000288.317, 163
Trd, 000288.383, 170
Trd, 000288.850, 156
Trd, 000289.600, 136
Trd, 000289.717, 135
Trd, 000290.100, 179
Trd, 000291.583, 167
Trd, 000291.800, 176
Trd, 000291.950, 175
Trd, 000291.967, 148
Trd, 000292.150, 138
Trd, 000292.483, 135
Trd, 000293.183, 145
Trd, 000294.633, 154
Trd, 000295.417, 141
Trd, 000295.633, 135
Trd, 000297.067, 147
Trd, 000297.200, 150
Trd, 000297.317, 141
Trd, 000297.683, 135
Trd, 000297.967, 164
Trd, 000298.067, 127
Trd, 000298.817, 134
