Trd, 000005.233, 154
Trd, 000005.350, 150
Trd, 000005.500, 141
Trd, 000005.533, 155
Trd, 000005.600, 132
Trd, 000006.333, 158
Trd, 000006.833, 166
Trd, 000008.717, 181
Trd, 000010.050, 132
Trd, 000010.250, 155
Trd, 000010.417, 148
Trd, 000010.500, 161
Trd, 000010.600, 118
Trd, 000012.667, 184
Trd, 000014.917, 147
Trd, 000015.017, 142
Trd, 000015.367, 126
Trd, 000015.483, 132
Trd, 000015.583, 163
Trd, 000016.767, 154
Trd, 000017.183, 162
Trd, 000017.583, 168
Trd, 000017.967, 178
Trd, 000019.183, 166
Trd, 000019.950, 155
Trd, 000020.217, 134
Trd, 000020.783, 152
Trd, 000021.733, 155
Trd, 000021.900, 168
Trd, 000022.483, 173
Trd, 000022.650, 189
Trd, 000024.933, 147
Trd, 000025.717, 155
Trd, 000025.917, 145
Trd, 000026.067, 140
Trd, 000026.800, 164
Trd, 000027.167, 181
Trd, 000030.517, 123
Trd, 000030.550, 175
Trd, 000031.183, 169
Trd, 000031.200, 163
Trd, 000032.433, 164
Trd, 000033.617, 165
Trd, 000035.617, 132
Trd, 000035.900, 146
Trd, 000036.333, 135
Trd, 000036.350, 169
Trd, 000036.683, 168
Trd, 000036.883, 157
Trd, 000038.900, 168
Trd, 000038.983, 179
Trd, 000040.283, 119
Trd, 000040.850, 162
Trd, 000041.650, 173
Trd, 000042.017, 171
Trd, 000042.450, 163
Trd, 000043.233, 166
Trd, 000043.933, 151
Trd, 000044.117, 164
Trd, 000045.383, 125
Trd, 000045.483, 133
Trd, 000045.950, 133
Trd, 000046.233, 168
Trd, 000047.367, 155
Trd, 000047.533, 143
Trd, 000047.617, 139
Trd, 000048.000, 169
Trd, 000050.617, 171
Trd, 000050.717, 151
Trd, 000051.300, 151
Trd, 000051.550, 154
Trd, 000052.633, 160
Trd, 000053.550, 171
Trd, 000055.633, 149
Trd, 000055.917, 160
Trd, 000057.067, 155
Trd, 000057.250, 144
Trd, 000057.350, 170
Trd, 000057.900, 165
Trd, 000059.117, 160
Trd, 000060.600, 139
Trd, 000060.850, 139
Trd, 000061.467, 165
Trd, 000062.033, 155
Trd, 000063.283, 174
Trd, 000063.383, 161
Trd, 000065.867, 154
Trd, 000066.067, 158
Trd, 000066.367, 153
Trd, 000066.933, 159
Trd, 000068.767, 171
Trd, 000070.667, 144
Trd, 000071.217, 146
Trd, 000071.283, 130
Trd, 000072.583, 154
Trd, 000072.650, 150
Trd, 000073.150, 170
Trd, 000073.267, 147
Trd, 000075.567, 162
Trd, 000076.333, 171
Trd, 000076.867, 151
Trd, 000077.100, 153
Trd, 000078.317, 147
Trd, 000078.500, 146
Trd, 000080.600, 147
Trd, 000080.750, 146
Trd, 000081.617, 148
Trd, 000081.833, 166
Trd, 000084.483, 163
Trd, 000085.583, 153
Trd, 000086.417, 154
Trd, 000087.100, 152
Trd, 000087.150, 147
Trd, 000087.383, 143
Trd, 000087.967, 139
Trd, 000089.717, 170
Trd, 000090.917, 155
Trd, 000091.067, 173
Trd, 000092.667, 176
Trd, 000093.850, 173
Trd, 000094.517, 169
Trd, 000094.550, 165
Trd, 000095.433, 161
Trd, 000095.450, 155
Trd, 000096.233, 157
Trd, 000096.467, 154
Trd, 000096.517, 150
Trd, 000096.667, 148
Trd, 000098.617, 184
Trd, 000099.950, 165
Trd, 000100.867, 177
Trd, 000101.583, 171
Trd, 000101.717, 167
Trd, 000102.400, 175
Trd, 000102.983, 156
Trd, 000103.000, 165
Trd, 000103.917, 155
Trd, 000105.850, 107
Trd, 000106.250, 133
Trd, 000107.400, 150
Trd, 000108.267, 168
Trd, 000108.283, 162
Trd, 000109.550, 180
Trd, 000111.183, 169
Trd, 000111.267, 167
Trd, 000112.033, 156
Trd, 000113.450, 162
Trd, 000115.450, 174
Trd, 000116.083, 186
Trd, 000116.117, 162
Trd, 000116.200, 161
Trd, 000116.967, 153
Trd, 000118.817, 156
Trd, 000121.217, 185
Trd, 000122.317, 179
Trd, 000122.967, 170
Trd, 000123.483, 161
Trd, 000123.650, 155
Trd, 000124.650, 163
Trd, 000125.017, 154
Trd, 000126.600, 144
Trd, 000127.200, 167
Trd, 000127.283, 155
Trd, 000128.317, 164
Trd, 000128.550, 159
Trd, 000130.333, 183
Trd, 000130.850, 102
Trd, 000131.450, 172
Trd, 000131.867, 154
Trd, 000131.900, 158
Trd, 000132.200, 145
Trd, 000132.850, 144
Trd, 000133.350, 163
Trd, 000135.033, 178
Trd, 000136.133, 146
Trd, 000136.333, 173
Trd, 000136.550, 147
Trd, 000137.950, 158
Trd, 000138.250, 182
Trd, 000138.767, 164
Trd, 000139.283, 152
Trd, 000140.067, 142
Trd, 000141.233, 131
Trd, 000141.617, 132
Trd, 000141.933, 139
Trd, 000142.800, 133
Trd, 000143.633, 153
Trd, 000144.717, 174
Trd, 000146.017, 120
Trd, 000146.783, 156
Trd, 000146.950, 155
Trd, 000147.217, 164
Trd, 000147.950, 148
Trd, 000150.133, 166
Trd, 000151.833, 178
Trd, 000152.467, 166
Trd, 000152.783, 155
Trd, 000153.250, 148
Trd, 000154.033, 181
Trd, 000154.200, 146
Trd, 000156.033, 141
Trd, 000156.517, 145
Trd, 000156.633, 136
Trd, 000156.650, 139
Trd, 000156.850, 130
Trd, 000157.033, 146
Trd, 000161.300, 154
Trd, 000161.400, 144
Trd, 000161.733, 139
Trd, 000161.867, 175
Trd, 000163.167, 182
Trd, 000163.233, 172
Trd, 000163.750, 147
Trd, 000165.033, 168
Trd, 000166.483, 154
Trd, 000166.633, 146
Trd, 000166.833, 140
Trd, 000166.950, 126
Trd, 000167.850, 165
Trd, 000168.767, 157
Trd, 000169.283, 156
Trd, 000171.850, 163
Trd, 000172.417, 175
Trd, 000172.950, 162
Trd, 000173.667, 151
Trd, 000173.933, 173
Trd, 000174.517, 156
Trd, 000176.317, 153
Trd, 000178.000, 147
Trd, 000179.267, 160
Trd, 000179.967, 173
Trd, 000180.233, 163
Trd, 000180.783, 175
Trd, 000181.100, 186
Trd, 000181.233, 156
Trd, 000181.400, 151
Trd, 000182.833, 162
Trd, 000186.050, 145
Trd, 000187.017, 150
Trd, 000187.250, 153
Trd, 000187.283, 148
Trd, 000188.233, 170
Trd, 000188.483, 164
Trd, 000188.867, 153
Trd, 000191.517, 169
Trd, 000191.717, 148
Trd, 000192.233, 168
Trd, 000192.350, 168
Trd, 000192.783, 162
Trd, 000194.550, 157
Trd, 000196.533, 162
Trd, 000197.183, 131
Trd, 000197.933, 156
Trd, 000199.083, 183
Trd, 000199.767, 157
Trd, 000201.533, 154
Trd, 000202.150, 177
Trd, 000202.383, 162
Trd, 000204.250, 169
Trd, 000204.617, 166
Trd, 000206.750, 147
Trd, 000206.850, 154
Trd, 000206.950, 178
Trd, 000207.500, 135
Trd, 000207.867, 157
Trd, 000211.283, 146
Trd, 000211.467, 137
Trd, 000211.733, 165
Trd, 000211.900, 177
Trd, 000212.450, 154
Trd, 000212.617, 146
Trd, 000216.417, 148
Trd, 000216.783, 145
Trd, 000216.917, 140
Trd, 000217.233, 157
Trd, 000217.633, 154
Trd, 000217.767, 142
Trd, 000218.000, 165
Trd, 000218.700, 150
Trd, 000221.500, 136
Trd, 000221.667, 144
Trd, 000222.267, 152
Trd, 000222.517, 166
Trd, 000224.117, 153
Trd, 000225.033, 169
Trd, 000226.200, 148
Trd, 000226.367, 156
Trd, 000227.567, 164
Trd, 000228.033, 153
Trd, 000229.700, 152
Trd, 000230.733, 143
Trd, 000231.017, 156
Trd, 000231.350, 146
Trd, 000231.850, 141
Trd, 000232.083, 175
Trd, 000233.167, 155
Trd, 000233.317, 146
Trd, 000233.717, 155
Trd, 000234.633, 140
Trd, 000236.117, 166
Trd, 000236.583, 182
Trd, 000236.933, 147
Trd, 000237.083, 156
Trd, 000237.100, 141
Trd, 000237.433, 139
Trd, 000239.733, 171
Trd, 000240.717, 175
Trd, 000242.283, 160
Trd, 000242.717, 162
Trd, 000244.333, 156
Trd, 000244.467, 152
Trd, 000246.917, 164
Trd, 000247.033, 152
Trd, 000247.750, 147
Trd, 000248.117, 155
Trd, 000248.417, 159
Trd, 000248.517, 143
Trd, 000251.167, 178
Trd, 000251.850, 147
Trd, 000251.983, 155
Trd, 000252.667, 145
Trd, 000252.983, 178
Trd, 000253.283, 158
Trd, 000254.933, 158
Trd, 000257.717, 148
Trd, 000258.050, 177
Trd, 000258.733, 152
Trd, 000259.083, 156
Trd, 000259.267, 143
Trd, 000260.467, 161
Trd, 000261.450, 134
Trd, 000262.183, 154
Trd, 000262.733, 148
Trd, 000263.467, 134
Trd, 000263.933, 169
Trd, 000267.150, 169
Trd, 000267.317, 154
Trd, 000267.483, 145
Trd, 000268.883, 159
Trd, 000270.000, 154
Trd, 000270.967, 155
Trd, 000271.800, 174
Trd, 000271.867, 147
Trd, 000272.567, 168
Trd, 000273.550, 164
Trd, 000276.633, 150
Trd, 000276.983, 146
Trd, 000277.067, 132
Trd, 000278.400, 169
Trd, 000280.617, 156
Trd, 000281.850, 177
Trd, 000282.100, 171
Trd, 000282.133, 162
Trd, 000282.150, 147
Trd, 000282.500, 181
Trd, 000282.867, 165
Trd, 000284.050, 162
Trd, 000286.733, 143
Trd, 000287.283, 143
Trd, 000287.367, 144
Trd, 000289.050, 190
Trd, 000290.217, 170
Trd, 000291.567, 131
Trd, 000291.917, 136
Trd, 000292.400, 148
Trd, 000293.033, 172
Trd, 000293.500, 187
Trd, 000296.717, 161
Trd, 000297.017, 155
Trd, 000297.267, 148
Trd, 000299.183, 164
