Trd, 000005.067, 167
Trd, 000005.200, 163
Trd, 000005.317, 178
Trd, 000005.917, 134
Trd, 000006.117, 160
Trd, 000006.233, 156
Trd, 000006.300, 129
Trd, 000006.567, 138
Trd, 000006.900, 128
Trd, 000009.800, 128
Trd, 000010.317, 175
Trd, 000010.433, 165
Trd, 000010.533, 164
Trd, 000010.867, 173
Trd, 000011.733, 163
Trd, 000012.350, 158
Trd, 000013.567, 153
Trd, 000014.900, 146
Trd, 000015.117, 152
Trd, 000015.383, 189
Trd, 000015.483, 182
Trd, 000015.650, 162
Trd, 000015.867, 149
Trd, 000016.617, 165
Trd, 000016.683, 157
Trd, 000018.500, 140
Trd, 000020.400, 161
Trd, 000020.467, 139
Trd, 000020.500, 163
Trd, 000020.867, 171
Trd, 000021.567, 159
Trd, 000021.633, 159
Trd, 000022.300, 172
Trd, 000023.350, 140
Trd, 000024.367, 156
Trd, 000024.383, 172
Trd, 000025.250, 177
Trd, 000025.633, 140
Trd, 000025.917, 154
Trd, 000025.967, 150
Trd, 000026.000, 164
Trd, 000027.767, 155
Trd, 000029.700, 162
Trd, 000030.433, 188
Trd, 000030.583, 159
Trd, 000030.750, 146
Trd, 000031.517, 163
Trd, 000032.817, 161
Trd, 000034.167, 160
Trd, 000034.217, 154
Trd, 000034.417, 149
Trd, 000035.383, 145
Trd, 000035.533, 139
Trd, 000036.283, 156
Trd, 000037.083, 137
Trd, 000037.317, 148
Trd, 000038.667, 161
Trd, 000040.600, 176
Trd, 000040.633, 158
Trd, 000041.283, 164
Trd, 000041.467, 145
Trd, 000042.533, 157
Trd, 000042.883, 158
Trd, 000043.617, 143
Trd, 000044.183, 176
Trd, 000045.467, 149
Trd, 000045.567, 155
Trd, 000045.817, 175
Trd, 000046.067, 184
Trd, 000046.250, 170
Trd, 000046.667, 167
Trd, 000047.033, 166
Trd, 000047.900, 149
Trd, 000049.150, 182
Trd, 000050.400, 174
Trd, 000050.733, 163
Trd, 000050.850, 164
Trd, 000051.000, 145
Trd, 000051.133, 166
Trd, 000051.750, 155
Trd, 000053.000, 164
Trd, 000054.217, 163
Trd, 000054.917, 148
Trd, 000055.767, 135
Trd, 000056.267, 146
Trd, 000056.450, 114
Trd, 000056.617, 139
Trd, 000057.233, 178
Trd, 000057.567, 150
Trd, 000058.183, 164
Trd, 000058.967, 155
Trd, 000060.417, 106
Trd, 000060.750, 159
Trd, 000061.150, 166
Trd, 000061.533, 165
Trd, 000062.683, 178
Trd, 000063.067, 182
Trd, 000063.733, 164
Trd, 000063.850, 163
Trd, 000064.717, 166
Trd, 000065.750, 173
Trd, 000065.950, 168
Trd, 000065.967, 147
Trd, 000066.517, 165
Trd, 000066.833, 173
Trd, 000067.317, 151
Trd, 000068.683, 141
Trd, 000070.967, 167
Trd, 000071.033, 184
Trd, 000071.150, 163
Trd, 000071.217, 147
Trd, 000071.333, 138
Trd, 000071.733, 139
Trd, 000071.867, 163
Trd, 000072.283, 177
Trd, 000072.967, 133
Trd, 000074.850, 156
Trd, 000075.667, 179
Trd, 000075.783, 178
Trd, 000076.617, 184
Trd, 000077.100, 160
Trd, 000077.400, 154
Trd, 000079.067, 156
Trd, 000080.583, 180
Trd, 000080.850, 113
Trd, 000080.883, 176
Trd, 000081.183, 148
Trd, 000081.950, 154
Trd, 000084.400, 151
Trd, 000085.617, 151
Trd, 000086.617, 156
Trd, 000087.183, 152
Trd, 000087.400, 148
Trd, 000088.517, 153
Trd, 000088.850, 155
Trd, 000090.817, 188
Trd, 000091.117, 175
Trd, 000091.133, 151
Trd, 000091.883, 151
Trd, 000092.133, 149
Trd, 000092.883, 165
Trd, 000093.133, 142
Trd, 000095.600, 172
Trd, 000096.283, 148
Trd, 000096.417, 119
Trd, 000096.783, 154
Trd, 000098.350, 152
Trd, 000099.417, 177
Trd, 000100.750, 170
Trd, 000100.917, 178
Trd, 000101.083, 177
Trd, 000101.867, 159
Trd, 000102.333, 157
Trd, 000102.883, 157
Trd, 000103.850, 147
Trd, 000104.383, 162
Trd, 000104.883, 155
Trd, 000105.200, 151
Trd, 000106.083, 177
Trd, 000106.933, 156
Trd, 000107.217, 153
Trd, 000107.733, 135
Trd, 000109.150, 149
Trd, 000110.400, 174
Trd, 000110.917, 165
Trd, 000111.617, 159
Trd, 000112.233, 155
Trd, 000112.700, 173
Trd, 000113.617, 172
Trd, 000114.633, 169
Trd, 000115.783, 172
Trd, 000116.317, 154
Trd, 000116.633, 149
Trd, 000117.617, 118
Trd, 000117.700, 149
Trd, 000118.583, 147
Trd, 000119.433, 159
Trd, 000121.333, 187
Trd, 000121.717, 182
Trd, 000121.950, 164
Trd, 000122.133, 161
Trd, 000122.467, 143
Trd, 000124.300, 154
Trd, 000124.583, 158
Trd, 000125.333, 148
Trd, 000125.850, 110
Trd, 000126.167, 144
Trd, 000126.300, 141
Trd, 000126.783, 182
Trd, 000127.017, 152
Trd, 000128.183, 152
Trd, 000129.933, 166
Trd, 000131.450, 155
Trd, 000131.517, 133
Trd, 000132.033, 159
Trd, 000132.217, 162
Trd, 000132.283, 133
Trd, 000132.700, 172
Trd, 000133.117, 161
Trd, 000134.267, 139
Trd, 000134.750, 137
Trd, 000134.867, 147
Trd, 000136.050, 186
Trd, 000136.100, 156
Trd, 000136.667, 178
Trd, 000136.700, 150
Trd, 000137.900, 149
Trd, 000138.167, 151
Trd, 000139.333, 150
Trd, 000139.550, 136
Trd, 000139.567, 132
Trd, 000140.000, 122
Trd, 000140.983, 160
Trd, 000141.367, 187
Trd, 000141.483, 162
Trd, 000142.917, 160
Trd, 000143.200, 181
Trd, 000146.467, 175
Trd, 000146.817, 161
Trd, 000146.967, 147
Trd, 000147.233, 149
Trd, 000148.333, 151
Trd, 000148.517, 141
Trd, 000149.000, 154
Trd, 000149.100, 165
Trd, 000150.383, 135
Trd, 000150.950, 138
Trd, 000151.283, 106
Trd, 000151.550, 176
Trd, 000151.817, 159
Trd, 000152.900, 160
Trd, 000153.050, 171
Trd, 000153.117, 147
Trd, 000156.200, 163
Trd, 000156.517, 156
Trd, 000156.767, 164
Trd, 000156.783, 142
Trd, 000158.000, 155
Trd, 000159.250, 153
Trd, 000161.067, 106
Trd, 000161.467, 169
Trd, 000162.767, 161
Trd, 000163.233, 161
Trd, 000163.450, 176
Trd, 000163.550, 154
Trd, 000164.667, 144
Trd, 000164.800, 140
Trd, 000166.467, 113
Trd, 000167.150, 160
Trd, 000167.250, 139
Trd, 000167.467, 165
Trd, 000167.717, 133
Trd, 000168.500, 188
Trd, 000168.683, 133
Trd, 000170.483, 148
Trd, 000171.133, 136
Trd, 000171.300, 135
Trd, 000171.583, 181
Trd, 000171.733, 164
Trd, 000171.783, 173
Trd, 000171.900, 155
Trd, 000173.267, 153
Trd, 000173.400, 149
Trd, 000173.417, 143
Trd, 000175.433, 150
Trd, 000176.367, 172
Trd, 000176.383, 147
Trd, 000177.383, 166
Trd, 000177.817, 159
Trd, 000177.983, 147
Trd, 000178.400, 158
Trd, 000178.567, 144
Trd, 000180.067, 155
Trd, 000181.100, 107
Trd, 000181.350, 169
Trd, 000181.667, 156
Trd, 000182.617, 149
Trd, 000183.167, 148
Trd, 000185.183, 165
Trd, 000185.217, 151
Trd, 000186.183, 114
Trd, 000186.717, 181
Trd, 000186.817, 166
Trd, 000187.717, 155
Trd, 000188.217, 149
Trd, 000188.383, 182
Trd, 000189.083, 156
Trd, 000189.117, 149
Trd, 000189.200, 146
Trd, 000191.467, 164
Trd, 000191.733, 180
Trd, 000192.117, 158
Trd, 000192.367, 177
Trd, 000192.533, 172
Trd, 000192.817, 181
Trd, 000193.083, 191
Trd, 000195.550, 151
Trd, 000196.667, 147
Trd, 000196.933, 162
Trd, 000197.183, 137
Trd, 000197.400, 155
Trd, 000197.550, 178
Trd, 000198.083, 146
Trd, 000199.217, 149
Trd, 000200.400, 163
Trd, 000201.200, 182
Trd, 000201.550, 159
Trd, 000201.850, 151
Trd, 000202.167, 172
Trd, 000203.667, 170
Trd, 000203.867, 131
Trd, 000205.283, 136
Trd, 000206.067, 180
Trd, 000206.533, 144
Trd, 000206.600, 187
Trd, 000207.150, 150
Trd, 000208.150, 153
Trd, 000208.500, 170
Trd, 000209.667, 161
Trd, 000210.067, 153
Trd, 000211.300, 176
Trd, 000211.900, 174
Trd, 000212.300, 164
Trd, 000213.733, 161
Trd, 000213.933, 162
Trd, 000215.383, 143
Trd, 000216.267, 165
Trd, 000216.600, 172
Trd, 000216.750, 176
Trd, 000217.267, 174
Trd, 000217.800, 175
Trd, 000218.383, 163
Trd, 000219.033, 144
Trd, 000219.967, 155
Trd, 000222.000, 122
Trd, 000222.733, 165
Trd, 000222.967, 164
Trd, 000223.150, 148
Trd, 000223.683, 179
Trd, 000223.933, 150
Trd, 000224.300, 147
Trd, 000225.400, 162
Trd, 000226.250, 118
Trd, 000226.733, 138
Trd, 000227.883, 185
Trd, 000228.733, 177
Trd, 000228.850, 184
Trd, 000230.267, 179
Trd, 000230.400, 165
Trd, 000230.850, 157
Trd, 000231.433, 117
Trd, 000231.867, 164
Trd, 000233.000, 147
Trd, 000233.150, 145
Trd, 000233.433, 185
Trd, 000234.000, 158
Trd, 000234.517, 164
Trd, 000236.383, 130
Trd, 000236.617, 125
Trd, 000237.250, 148
Trd, 000237.433, 177
Trd, 000237.600, 157
Trd, 000238.200, 143
Trd, 000239.067, 140
Trd, 000240.350, 168
Trd, 000241.533, 136
Trd, 000242.167, 165
Trd, 000242.183, 174
Trd, 000242.417, 159
Trd, 000242.717, 167
Trd, 000242.750, 152
Trd, 000243.783, 167
Trd, 000244.933, 163
Trd, 000246.400, 162
Trd, 000247.283, 162
Trd, 000247.383, 163
Trd, 000247.483, 159
Trd, 000248.717, 156
Trd, 000249.567, 158
Trd, 000250.350, 163
Trd, 000250.750, 147
Trd, 000250.867, 147
Trd, 000251.450, 172
Trd, 000251.517, 167
Trd, 000252.233, 142
Trd, 000252.333, 154
Trd, 000252.633, 152
Trd, 000252.850, 169
Trd, 000254.983, 184
Trd, 000255.183, 162
Trd, 000256.433, 159
Trd, 000256.633, 151
Trd, 000256.767, 181
Trd, 000257.633, 186
Trd, 000257.933, 188
Trd, 000257.983, 180
Trd, 000258.650, 167
Trd, 000259.467, 160
Trd, 000259.917, 147
Trd, 000261.300, 166
Trd, 000261.717, 179
Trd, 000261.783, 152
Trd, 000262.033, 152
Trd, 000262.050, 148
Trd, 000262.417, 138
Trd, 000262.583, 136
Trd, 000262.783, 161
Trd, 000263.300, 158
Trd, 000264.950, 143
Trd, 000267.033, 175
Trd, 000267.233, 165
Trd, 000267.367, 183
Trd, 000267.400, 160
Trd, 000268.633, 158
Trd, 000268.833, 156
Trd, 000269.033, 151
Trd, 000269.967, 173
Trd, 000270.200, 150
Trd, 000270.600, 149
Trd, 000271.117, 132
Trd, 000271.917, 152
Trd, 000272.417, 168
Trd, 000272.717, 168
Trd, 000272.733, 152
Trd, 000272.967, 172
Trd, 000273.133, 161
Trd, 000273.683, 162
Trd, 000274.350, 176
Trd, 000275.017, 161
Trd, 000276.467, 183
Trd, 000277.017, 164
Trd, 000277.200, 157
Trd, 000277.817, 161
Trd, 000278.100, 180
Trd, 000278.133, 152
Trd, 000279.300, 174
Trd, 000279.733, 160
Trd, 000281.550, 189
Trd, 000281.683, 169
Trd, 000282.383, 179
Trd, 000282.817, 165
Trd, 000283.200, 156
Trd, 000283.433, 168
Trd, 000284.333, 153
Trd, 000284.983, 144
Trd, 000287.600, 161
Trd, 000287.783, 157
Trd, 000288.200, 177
Trd, 000288.367, 181
Trd, 000288.383, 165
Trd, 000291.433, 160
Trd, 000291.633, 146
Trd, 000292.650, 153
Trd, 000292.750, 146
Trd, 000293.033, 133
Trd, 000293.083, 125
Trd, 000293.250, 161
Trd, 000293.850, 162
Trd, 000295.267, 119
Trd, 000296.567, 120
Trd, 000296.633, 149
Trd, 000297.133, 167
Trd, 000297.400, 184
Trd, 000297.617, 177
Trd, 000297.917, 157
Trd, 000299.317, 145
