Trd, 000005.150, 127
Trd, 000005.533, 129
Trd, 000005.883, 129
Trd, 000006.100, 130
Trd, 000006.417, 117
Trd, 000006.517, 125
Trd, 000007.867, 134
Trd, 000008.350, 142
Trd, 000009.117, 143
Trd, 000009.450, 156
Trd, 000010.100, 118
Trd, 000010.167, 121
Trd, 000010.350, 136
Trd, 000011.067, 150
Trd, 000011.633, 151
Trd, 000011.883, 156
Trd, 000012.850, 156
Trd, 000014.117, 145
Trd, 000014.733, 142
Trd, 000015.417, 118
Trd, 000015.500, 131
Trd, 000015.817, 141
Trd, 000016.400, 159
Trd, 000017.233, 150
Trd, 000017.517, 160
Trd, 000018.800, 153
Trd, 000019.517, 150
Trd, 000019.700, 143
Trd, 000019.817, 166
Trd, 000020.150, 117
Trd, 000020.967, 151
Trd, 000021.100, 136
Trd, 000021.350, 136
Trd, 000021.483, 139
Trd, 000021.967, 147
Trd, 000021.983, 131
Trd, 000022.033, 152
Trd, 000023.350, 142
Trd, 000023.450, 166
Trd, 000024.800, 155
Trd, 000025.867, 182
Trd, 000026.233, 151
Trd, 000026.467, 161
Trd, 000027.083, 143
Trd, 000027.250, 145
Trd, 000027.683, 151
Trd, 000029.633, 151
Trd, 000030.383, 117
Trd, 000030.933, 142
Trd, 000032.583, 151
Trd, 000032.767, 148
Trd, 000033.533, 145
Trd, 000033.750, 153
Trd, 000034.133, 132
Trd, 000034.333, 154
Trd, 000035.217, 120
Trd, 000035.900, 143
Trd, 000035.933, 153
Trd, 000036.817, 150
Trd, 000037.567, 151
Trd, 000038.833, 160
Trd, 000039.317, 151
Trd, 000040.133, 157
Trd, 000040.283, 162
Trd, 000041.017, 150
Trd, 000041.383, 156
Trd, 000041.900, 161
Trd, 000042.133, 156
Trd, 000042.467, 147
Trd, 000043.400, 156
Trd, 000043.617, 151
Trd, 000044.017, 152
Trd, 000045.533, 126
Trd, 000045.717, 138
Trd, 000046.017, 151
Trd, 000046.550, 148
Trd, 000046.667, 133
Trd, 000047.100, 156
Trd, 000047.267, 159
Trd, 000047.467, 166
Trd, 000049.233, 146
Trd, 000050.433, 121
Trd, 000050.467, 157
Trd, 000050.617, 166
Trd, 000051.233, 143
Trd, 000052.000, 147
Trd, 000052.200, 144
Trd, 000053.067, 156
Trd, 000053.567, 138
Trd, 000054.367, 131
Trd, 000055.817, 181
Trd, 000056.050, 148
Trd, 000056.233, 147
Trd, 000056.617, 152
Trd, 000056.917, 164
Trd, 000057.067, 175
Trd, 000057.183, 162
Trd, 000058.283, 157
Trd, 000058.533, 150
Trd, 000060.767, 152
Trd, 000061.633, 165
Trd, 000061.783, 152
Trd, 000062.117, 134
Trd, 000062.350, 123
Trd, 000063.750, 139
Trd, 000063.867, 149
Trd, 000064.100, 150
Trd, 000064.533, 155
Trd, 000065.683, 123
Trd, 000066.467, 149
Trd, 000066.517, 158
Trd, 000066.633, 141
Trd, 000067.633, 159
Trd, 000067.917, 156
Trd, 000068.283, 154
Trd, 000068.800, 149
Trd, 000069.350, 139
Trd, 000070.950, 132
Trd, 000071.667, 148
Trd, 000073.017, 149
Trd, 000073.217, 152
Trd, 000073.700, 147
Trd, 000074.233, 152
Trd, 000074.483, 148
Trd, 000075.667, 117
Trd, 000075.950, 153
Trd, 000076.367, 157
Trd, 000076.400, 158
Trd, 000076.717, 125
Trd, 000076.767, 158
Trd, 000078.750, 164
Trd, 000079.550, 147
Trd, 000080.550, 178
Trd, 000081.000, 169
Trd, 000081.883, 155
Trd, 000081.950, 140
Trd, 000084.000, 157
Trd, 000084.717, 151
Trd, 000085.033, 145
Trd, 000085.967, 171
Trd, 000086.183, 129
Trd, 000086.683, 155
Trd, 000087.117, 171
Trd, 000089.083, 150
Trd, 000089.633, 155
Trd, 000090.667, 148
Trd, 000090.717, 169
Trd, 000090.750, 155
Trd, 000091.217, 158
Trd, 000092.300, 152
Trd, 000092.400, 156
Trd, 000092.900, 174
Trd, 000093.850, 142
Trd, 000094.517, 145
Trd, 000095.833, 136
Trd, 000096.050, 143
Trd, 000096.867, 148
Trd, 000097.567, 144
Trd, 000097.700, 154
Trd, 000097.833, 155
Trd, 000099.800, 160
Trd, 000100.900, 120
Trd, 000101.233, 140
Trd, 000101.433, 144
Trd, 000102.167, 144
Trd, 000102.233, 163
Trd, 000103.800, 156
Trd, 000104.167, 166
Trd, 000105.450, 149
Trd, 000106.117, 151
Trd, 000107.483, 154
Trd, 000107.783, 153
Trd, 000107.917, 160
Trd, 000108.700, 157
Trd, 000108.800, 146
Trd, 000111.300, 141
Trd, 000112.050, 162
Trd, 000112.483, 164
Trd, 000112.750, 151
Trd, 000113.183, 136
Trd, 000113.717, 156
Trd, 000113.800, 161
Trd, 000114.567, 154
Trd, 000115.667, 131
Trd, 000115.867, 178
Trd, 000116.033, 176
Trd, 000117.117, 143
Trd, 000118.233, 149
Trd, 000119.150, 146
Trd, 000119.217, 141
Trd, 000119.733, 145
Trd, 000120.050, 159
Trd, 000120.567, 150
Trd, 000121.667, 131
Trd, 000121.800, 137
Trd, 000122.017, 164
Trd, 000122.600, 161
Trd, 000122.933, 166
Trd, 000123.317, 157
Trd, 000125.633, 152
Trd, 000125.967, 117
Trd, 000126.067, 153
Trd, 000127.517, 163
Trd, 000128.183, 164
Trd, 000128.467, 162
Trd, 000129.417, 166
Trd, 000129.500, 134
Trd, 000130.200, 147
Trd, 000131.117, 178
Trd, 000131.250, 159
Trd, 000131.383, 173
Trd, 000132.783, 168
Trd, 000132.983, 153
Trd, 000133.250, 134
Trd, 000133.950, 168
Trd, 000135.200, 135
Trd, 000135.783, 135
Trd, 000136.050, 149
Trd, 000136.467, 142
Trd, 000137.317, 144
Trd, 000138.667, 160
Trd, 000139.750, 158
Trd, 000140.250, 152
Trd, 000141.050, 148
Trd, 000141.233, 141
Trd, 000141.417, 129
Trd, 000141.583, 180
Trd, 000142.817, 151
Trd, 000144.167, 145
Trd, 000144.500, 148
Trd, 000145.933, 186
Trd, 000146.517, 147
Trd, 000147.533, 143
Trd, 000148.000, 150
Trd, 000148.067, 143
Trd, 000148.667, 151
Trd, 000150.550, 132
Trd, 000151.300, 142
Trd, 000151.533, 151
Trd, 000152.233, 125
Trd, 000152.250, 139
Trd, 000152.817, 121
Trd, 000153.167, 141
Trd, 000153.400, 143
Trd, 000153.617, 143
Trd, 000154.250, 143
Trd, 000154.350, 146
Trd, 000154.633, 158
Trd, 000155.933, 155
Trd, 000156.200, 118
Trd, 000156.683, 172
Trd, 000157.017, 141
Trd, 000157.133, 174
Trd, 000157.800, 172
Trd, 000157.817, 147
Trd, 000161.000, 121
Trd, 000161.833, 154
Trd, 000161.850, 152
Trd, 000162.417, 167
Trd, 000162.433, 160
Trd, 000162.883, 172
Trd, 000163.117, 151
Trd, 000165.267, 139
Trd, 000165.650, 135
Trd, 000166.500, 168
Trd, 000166.733, 172
Trd, 000167.517, 167
Trd, 000168.133, 150
Trd, 000170.617, 139
Trd, 000171.033, 145
Trd, 000171.233, 181
Trd, 000171.650, 161
Trd, 000171.700, 134
Trd, 000172.667, 143
Trd, 000172.750, 170
Trd, 000173.383, 140
Trd, 000175.367, 156
Trd, 000176.133, 124
Trd, 000176.417, 126
Trd, 000176.517, 125
Trd, 000177.233, 120
Trd, 000177.567, 129
Trd, 000177.600, 142
Trd, 000178.200, 135
Trd, 000180.450, 141
Trd, 000181.150, 161
Trd, 000181.817, 120
Trd, 000182.300, 162
Trd, 000182.867, 169
Trd, 000183.050, 165
Trd, 000183.117, 157
Trd, 000183.617, 151
Trd, 000184.133, 147
Trd, 000184.183, 166
Trd, 000185.000, 151
Trd, 000186.250, 147
Trd, 000186.267, 119
Trd, 000186.367, 159
Trd, 000186.817, 154
Trd, 000187.317, 173
Trd, 000189.350, 153
Trd, 000189.750, 145
Trd, 000190.083, 156
Trd, 000190.650, 141
Trd, 000191.467, 152
Trd, 000191.833, 144
Trd, 000191.867, 153
Trd, 000192.550, 154
Trd, 000192.750, 136
Trd, 000193.300, 163
Trd, 000194.000, 135
Trd, 000194.250, 166
Trd, 000194.417, 166
Trd, 000196.283, 192
Trd, 000196.433, 189
Trd, 000197.717, 164
Trd, 000198.083, 157
Trd, 000199.183, 151
Trd, 000200.383, 162
Trd, 000200.617, 155
Trd, 000201.267, 165
Trd, 000201.550, 144
Trd, 000201.750, 160
Trd, 000201.967, 178
Trd, 000202.033, 176
Trd, 000202.467, 171
Trd, 000204.700, 150
Trd, 000206.383, 118
Trd, 000206.983, 116
Trd, 000207.067, 126
Trd, 000207.283, 129
Trd, 000207.350, 149
Trd, 000207.750, 154
Trd, 000208.217, 141
Trd, 000208.633, 144
Trd, 000208.850, 157
Trd, 000211.100, 118
Trd, 000211.883, 118
Trd, 000212.050, 123
Trd, 000212.117, 129
Trd, 000213.150, 143
Trd, 000213.233, 135
Trd, 000213.400, 165
Trd, 000214.267, 140
Trd, 000215.750, 164
Trd, 000216.200, 185
Trd, 000216.400, 164
Trd, 000216.450, 177
Trd, 000217.967, 179
Trd, 000218.050, 161
Trd, 000220.783, 152
Trd, 000221.150, 150
Trd, 000221.700, 154
Trd, 000222.467, 151
Trd, 000223.100, 134
Trd, 000223.400, 150
Trd, 000223.417, 126
Trd, 000223.750, 151
Trd, 000224.400, 158
Trd, 000224.833, 159
Trd, 000225.733, 163
Trd, 000226.217, 159
Trd, 000226.467, 156
Trd, 000227.667, 153
Trd, 000228.083, 144
Trd, 000228.667, 136
Trd, 000228.900, 140
Trd, 000229.100, 141
Trd, 000231.300, 176
Trd, 000231.383, 147
Trd, 000232.000, 147
Trd, 000232.100, 172
Trd, 000232.967, 172
Trd, 000233.467, 136
Trd, 000233.867, 137
Trd, 000236.067, 164
Trd, 000236.383, 124
Trd, 000236.867, 125
Trd, 000237.200, 146
Trd, 000237.233, 154
Trd, 000237.900, 155
Trd, 000237.967, 163
Trd, 000238.600, 155
Trd, 000238.650, 151
Trd, 000239.167, 151
Trd, 000241.467, 157
Trd, 000242.650, 175
Trd, 000242.683, 184
Trd, 000242.700, 149
Trd, 000242.933, 147
Trd, 000243.767, 145
Trd, 000244.783, 161
Trd, 000246.067, 152
Trd, 000246.850, 133
Trd, 000246.950, 144
Trd, 000247.500, 147
Trd, 000247.717, 166
Trd, 000249.050, 152
Trd, 000249.317, 159
Trd, 000251.783, 166
Trd, 000251.867, 162
Trd, 000252.417, 160
Trd, 000252.850, 150
Trd, 000252.867, 166
Trd, 000253.667, 153
Trd, 000255.017, 151
Trd, 000255.733, 160
Trd, 000257.117, 166
Trd, 000258.667, 174
Trd, 000258.800, 172
Trd, 000259.417, 146
Trd, 000260.783, 152
Trd, 000261.783, 119
Trd, 000261.833, 129
Trd, 000262.133, 172
Trd, 000263.000, 148
Trd, 000264.200, 147
Trd, 000264.917, 150
Trd, 000266.000, 148
Trd, 000266.717, 170
Trd, 000267.033, 158
Trd, 000267.083, 157
Trd, 000267.300, 145
Trd, 000269.150, 148
Trd, 000269.417, 149
Trd, 000269.567, 150
Trd, 000270.533, 151
Trd, 000271.533, 191
Trd, 000271.700, 190
Trd, 000272.033, 163
Trd, 000272.267, 137
Trd, 000272.483, 135
Trd, 000273.167, 155
Trd, 000274.150, 140
Trd, 000275.183, 147
Trd, 000275.817, 141
Trd, 000276.483, 121
Trd, 000276.533, 129
Trd, 000276.817, 154
Trd, 000276.933, 123
Trd, 000277.883, 146
Trd, 000278.433, 152
Trd, 000279.167, 144
Trd, 000279.767, 154
Trd, 000279.933, 155
Trd, 000281.600, 131
Trd, 000281.967, 129
Trd, 000282.717, 148
Trd, 000283.050, 161
Trd, 000283.367, 164
Trd, 000283.383, 166
Trd, 000283.883, 164
Trd, 000284.450, 160
Trd, 000285.000, 168
Trd, 000286.567, 155
Trd, 000286.817, 139
Trd, 000287.017, 147
Trd, 000287.067, 137
Trd, 000289.317, 160
Trd, 000290.417, 163
Trd, 000291.983, 167
Trd, 000292.150, 191
Trd, 000293.167, 159
Trd, 000293.433, 161
Trd, 000293.583, 142
Trd, 000293.717, 135
Trd, 000293.800, 134
Trd, 000294.450, 129
Trd, 000296.717, 134
Trd, 000297.250, 148
Trd, 000297.333, 159
Trd, 000297.450, 135
Trd, 000298.467, 151
Trd, 000298.650, 158
