Trd, 000005.217, 120
Trd, 000005.300, 125
Trd, 000005.383, 141
Trd, 000005.667, 113
Trd, 000006.017, 126
Trd, 000006.233, 129
Trd, 000006.350, 144
Trd, 000008.517, 161
Trd, 000009.550, 168
Trd, 000010.783, 184
Trd, 000012.217, 186
Trd, 000014.050, 166
Trd, 000014.783, 154
Trd, 000015.867, 147
Trd, 000016.167, 160
Trd, 000017.017, 164
Trd, 000017.067, 153
Trd, 000017.417, 168
Trd, 000022.283, 161
Trd, 000022.567, 197
Trd, 000022.733, 172
Trd, 000023.800, 181
Trd, 000025.917, 182
Trd, 000025.933, 180
Trd, 000028.417, 165
Trd, 000029.650, 166
Trd, 000029.833, 157
Trd, 000030.433, 139
Trd, 000030.817, 193
Trd, 000032.600, 167
Trd, 000032.767, 180
Trd, 000032.783, 161
Trd, 000032.933, 155
Trd, 000033.800, 164
Trd, 000035.767, 156
Trd, 000036.933, 186
Trd, 000037.083, 167
Trd, 000037.733, 161
Trd, 000040.467, 147
Trd, 000041.233, 158
Trd, 000042.217, 165
Trd, 000042.467, 151
Trd, 000045.433, 155
Trd, 000046.767, 171
Trd, 000046.800, 171
Trd, 000047.750, 164
Trd, 000048.483, 160
Trd, 000050.067, 164
Trd, 000050.783, 170
Trd, 000050.867, 169
Trd, 000052.283, 188
Trd, 000052.550, 161
Trd, 000055.817, 196
Trd, 000056.733, 160
Trd, 000058.450, 161
Trd, 000059.100, 153
Trd, 000059.900, 157
Trd, 000059.933, 152
Trd, 000060.100, 149
Trd, 000060.600, 123
Trd, 000060.650, 131
Trd, 000061.217, 197
Trd, 000061.933, 186
Trd, 000062.767, 151
Trd, 000064.350, 153
Trd, 000064.950, 146
Trd, 000065.217, 161
Trd, 000065.650, 199
Trd, 000066.233, 161
Trd, 000066.300, 154
Trd, 000067.817, 153
Trd, 000068.317, 160
Trd, 000069.683, 154
Trd, 000070.567, 115
Trd, 000071.000, 139
Trd, 000071.083, 143
Trd, 000076.750, 160
Trd, 000077.067, 166
Trd, 000077.333, 190
Trd, 000078.250, 159
Trd, 000078.717, 181
Trd, 000081.067, 160
Trd, 000081.083, 133
Trd, 000081.933, 189
Trd, 000082.733, 147
Trd, 000083.483, 162
Trd, 000085.050, 165
Trd, 000086.267, 167
Trd, 000087.850, 161
Trd, 000088.133, 156
Trd, 000091.217, 165
Trd, 000092.167, 164
Trd, 000093.433, 168
Trd, 000093.750, 150
Trd, 000094.383, 160
Trd, 000097.917, 170
Trd, 000098.417, 160
Trd, 000099.717, 165
Trd, 000100.550, 157
Trd, 000102.867, 172
Trd, 000103.983, 180
Trd, 000105.450, 191
Trd, 000105.767, 113
Trd, 000105.783, 163
Trd, 000107.283, 167
Trd, 000107.633, 164
Trd, 000109.267, 171
Trd, 000109.417, 166
Trd, 000110.867, 159
Trd, 000112.567, 181
Trd, 000113.650, 185
Trd, 000113.733, 184
Trd, 000114.383, 164
Trd, 000114.667, 150
Trd, 000116.550, 159
Trd, 000116.717, 165
Trd, 000118.150, 163
Trd, 000118.267, 161
Trd, 000118.550, 171
Trd, 000121.917, 174
Trd, 000122.683, 173
Trd, 000122.700, 172
Trd, 000123.900, 181
Trd, 000129.767, 195
Trd, 000132.283, 160
Trd, 000132.817, 186
Trd, 000133.150, 153
Trd, 000133.783, 149
Trd, 000133.917, 160
Trd, 000134.733, 133
Trd, 000135.217, 143
Trd, 000136.017, 169
Trd, 000136.550, 169
Trd, 000136.733, 160
Trd, 000139.467, 151
Trd, 000139.600, 182
Trd, 000139.867, 185
Trd, 000141.017, 165
Trd, 000142.467, 180
Trd, 000144.433, 159
Trd, 000145.400, 159
Trd, 000146.733, 189
Trd, 000146.983, 170
Trd, 000147.017, 148
Trd, 000148.417, 168
Trd, 000151.317, 162
Trd, 000151.617, 182
Trd, 000152.733, 180
Trd, 000155.917, 155
Trd, 000156.567, 167
Trd, 000156.933, 185
Trd, 000157.083, 184
Trd, 000161.083, 181
Trd, 000161.317, 144
Trd, 000162.233, 182
Trd, 000162.400, 169
Trd, 000163.950, 146
Trd, 000165.767, 159
Trd, 000167.150, 182
Trd, 000167.717, 170
Trd, 000168.083, 183
Trd, 000168.383, 146
Trd, 000169.167, 145
Trd, 000170.167, 177
Trd, 000170.683, 173
Trd, 000171.100, 178
Trd, 000172.167, 168
Trd, 000172.617, 172
Trd, 000174.333, 187
Trd, 000175.883, 170
Trd, 000176.133, 184
Trd, 000177.883, 172
Trd, 000179.650, 184
Trd, 000184.133, 158
Trd, 000184.250, 170
Trd, 000184.467, 171
Trd, 000186.650, 188
Trd, 000186.683, 189
Trd, 000188.100, 177
Trd, 000188.700, 170
Trd, 000190.167, 168
Trd, 000190.683, 159
Trd, 000192.383, 164
Trd, 000192.450, 169
Trd, 000193.183, 188
Trd, 000194.283, 158
Trd, 000195.650, 162
Trd, 000196.217, 175
Trd, 000196.517, 154
Trd, 000198.017, 177
Trd, 000198.100, 171
Trd, 000198.433, 146
Trd, 000199.800, 166
Trd, 000201.550, 167
Trd, 000202.233, 156
Trd, 000205.333, 160
Trd, 000205.750, 162
Trd, 000206.417, 170
Trd, 000208.900, 164
Trd, 000210.433, 182
Trd, 000210.817, 154
Trd, 000211.733, 155
Trd, 000211.850, 154
Trd, 000212.017, 169
Trd, 000213.533, 166
Trd, 000213.817, 167
Trd, 000216.800, 189
Trd, 000216.833, 129
Trd, 000217.917, 147
Trd, 000220.000, 177
Trd, 000221.817, 165
Trd, 000222.283, 182
Trd, 000222.317, 177
Trd, 000224.450, 188
Trd, 000224.667, 164
Trd, 000225.617, 181
Trd, 000227.400, 165
Trd, 000227.783, 155
Trd, 000227.883, 150
Trd, 000228.250, 159
Trd, 000228.617, 187
Trd, 000231.600, 159
Trd, 000231.733, 169
Trd, 000231.850, 173
Trd, 000235.150, 163
Trd, 000235.317, 164
Trd, 000237.167, 170
Trd, 000239.233, 162
Trd, 000239.433, 152
Trd, 000239.483, 150
Trd, 000240.000, 169
Trd, 000240.017, 141
Trd, 000240.567, 141
Trd, 000242.067, 157
Trd, 000242.117, 184
Trd, 000243.750, 180
Trd, 000244.350, 171
Trd, 000246.950, 179
Trd, 000247.250, 185
Trd, 000247.550, 163
Trd, 000247.850, 164
Trd, 000249.983, 171
Trd, 000250.533, 165
Trd, 000251.383, 190
Trd, 000252.167, 163
Trd, 000254.983, 152
Trd, 000255.450, 164
Trd, 000257.383, 180
Trd, 000258.917, 164
Trd, 000259.117, 159
Trd, 000260.933, 160
Trd, 000262.367, 165
Trd, 000262.833, 159
Trd, 000267.083, 154
Trd, 000267.183, 158
Trd, 000267.800, 151
Trd, 000269.000, 165
Trd, 000269.483, 157
Trd, 000269.850, 161
Trd, 000272.717, 154
Trd, 000273.783, 168
Trd, 000276.833, 152
Trd, 000277.533, 150
Trd, 000277.600, 171
Trd, 000280.133, 174
Trd, 000281.150, 171
Trd, 000282.483, 182
Trd, 000282.900, 170
Trd, 000283.300, 188
Trd, 000283.683, 167
Trd, 000286.667, 131
Trd, 000287.117, 176
Trd, 000287.400, 180
Trd, 000287.567, 179
Trd, 000287.750, 158
Trd, 000288.650, 157
Trd, 000290.267, 142
Trd, 000292.200, 158
Trd, 000292.483, 155
Trd, 000292.967, 163
Trd, 000293.683, 169
Trd, 000296.733, 113
Trd, 000296.967, 185
Trd, 000298.083, 164
Trd, 000298.500, 155
Trd, 000298.767, 150
Trd, 000299.450, 173
