Trd, 000005.083, 168
Trd, 000005.233, 130
Trd, 000005.767, 160
Trd, 000006.067, 134
Trd, 000006.100, 132
Trd, 000006.267, 143
Trd, 000006.383, 132
Trd, 000006.433, 128
Trd, 000007.383, 151
Trd, 000010.433, 151
Trd, 000011.100, 152
Trd, 000011.367, 170
Trd, 000012.183, 162
Trd, 000012.400, 161
Trd, 000013.183, 172
Trd, 000013.350, 147
Trd, 000013.783, 145
Trd, 000014.200, 150
Trd, 000015.467, 185
Trd, 000015.883, 158
Trd, 000017.033, 163
Trd, 000017.233, 165
Trd, 000018.100, 169
Trd, 000018.350, 153
Trd, 000018.817, 147
Trd, 000021.050, 137
Trd, 000021.150, 127
Trd, 000021.367, 168
Trd, 000021.550, 145
Trd, 000023.083, 149
Trd, 000024.467, 156
Trd, 000025.767, 144
Trd, 000025.917, 113
Trd, 000027.567, 166
Trd, 000028.533, 170
Trd, 000029.233, 155
Trd, 000030.250, 163
Trd, 000032.967, 158
Trd, 000033.517, 153
Trd, 000033.650, 148
Trd, 000034.300, 144
Trd, 000035.450, 139
Trd, 000037.017, 169
Trd, 000037.333, 148
Trd, 000038.117, 163
Trd, 000038.567, 165
Trd, 000039.000, 166
Trd, 000040.350, 131
Trd, 000040.783, 141
Trd, 000040.900, 125
Trd, 000041.133, 148
Trd, 000042.833, 154
Trd, 000042.850, 152
Trd, 000044.183, 155
Trd, 000044.550, 142
Trd, 000046.183, 172
Trd, 000046.217, 150
Trd, 000046.917, 141
Trd, 000049.133, 168
Trd, 000049.850, 151
Trd, 000049.950, 146
Trd, 000050.733, 171
Trd, 000051.000, 159
Trd, 000051.383, 158
Trd, 000052.033, 163
Trd, 000052.250, 150
Trd, 000052.667, 158
Trd, 000053.017, 161
Trd, 000055.767, 139
Trd, 000055.783, 159
Trd, 000055.850, 131
Trd, 000056.917, 149
Trd, 000057.900, 138
Trd, 000059.617, 142
Trd, 000061.267, 178
Trd, 000061.833, 169
Trd, 000062.317, 160
Trd, 000062.550, 156
Trd, 000062.783, 154
Trd, 000064.250, 147
Trd, 000064.517, 141
Trd, 000065.717, 141
Trd, 000066.050, 143
Trd, 000066.250, 163
Trd, 000066.933, 169
Trd, 000067.233, 154
Trd, 000067.267, 151
Trd, 000067.700, 144
Trd, 000069.483, 146
Trd, 000071.067, 142
Trd, 000071.500, 139
Trd, 000072.200, 151
Trd, 000072.500, 168
Trd, 000072.800, 172
Trd, 000075.600, 161
Trd, 000077.017, 146
Trd, 000077.533, 143
Trd, 000077.900, 138
Trd, 000079.050, 154
Trd, 000079.700, 146
Trd, 000079.917, 155
Trd, 000081.467, 141
Trd, 000081.517, 168
Trd, 000082.417, 153
Trd, 000082.717, 138
Trd, 000083.483, 167
Trd, 000084.850, 155
Trd, 000085.583, 128
Trd, 000085.683, 108
Trd, 000086.933, 163
Trd, 000087.617, 162
Trd, 000087.667, 173
Trd, 000087.917, 142
Trd, 000088.950, 144
Trd, 000091.100, 182
Trd, 000091.317, 158
Trd, 000092.250, 181
Trd, 000092.267, 155
Trd, 000092.850, 171
Trd, 000093.300, 170
Trd, 000095.300, 159
Trd, 000095.317, 152
Trd, 000095.500, 148
Trd, 000095.867, 153
Trd, 000096.500, 147
Trd, 000096.950, 155
Trd, 000097.717, 122
Trd, 000098.333, 161
Trd, 000098.350, 168
Trd, 000098.850, 158
Trd, 000099.150, 173
Trd, 000102.350, 135
Trd, 000103.417, 167
Trd, 000103.567, 173
Trd, 000104.233, 154
Trd, 000105.850, 195
Trd, 000106.000, 143
Trd, 000107.033, 164
Trd, 000107.617, 148
Trd, 000108.350, 139
Trd, 000108.883, 169
Trd, 000111.517, 130
Trd, 000111.733, 153
Trd, 000112.367, 167
Trd, 000113.983, 145
Trd, 000115.167, 141
Trd, 000117.583, 144
Trd, 000118.333, 164
Trd, 000118.517, 158
Trd, 000118.583, 155
Trd, 000119.483, 133
Trd, 000120.567, 146
Trd, 000121.033, 154
Trd, 000121.533, 155
Trd, 000121.983, 150
Trd, 000122.417, 141
Trd, 000125.700, 151
Trd, 000127.233, 145
Trd, 000127.283, 159
Trd, 000127.600, 165
Trd, 000128.633, 169
Trd, 000129.400, 143
Trd, 000130.467, 143
Trd, 000131.850, 158
Trd, 000132.450, 172
Trd, 000132.933, 153
Trd, 000135.117, 150
Trd, 000135.850, 149
Trd, 000136.617, 145
Trd, 000136.633, 153
Trd, 000137.700, 150
Trd, 000138.317, 163
Trd, 000139.117, 161
Trd, 000140.617, 162
Trd, 000141.983, 157
Trd, 000142.050, 143
Trd, 000142.467, 144
Trd, 000143.117, 134
Trd, 000143.833, 139
Trd, 000145.100, 168
Trd, 000146.433, 170
Trd, 000147.767, 166
Trd, 000147.833, 185
Trd, 000148.533, 168
Trd, 000148.917, 154
Trd, 000149.000, 153
Trd, 000149.733, 141
Trd, 000151.000, 138
Trd, 000151.050, 117
Trd, 000151.117, 149
Trd, 000151.783, 170
Trd, 000153.950, 150
Trd, 000153.983, 156
Trd, 000154.133, 170
Trd, 000156.267, 134
Trd, 000158.517, 158
Trd, 000158.983, 161
Trd, 000159.100, 156
Trd, 000159.800, 175
Trd, 000161.350, 170
Trd, 000162.400, 139
Trd, 000162.583, 149
Trd, 000163.483, 166
Trd, 000163.667, 159
Trd, 000166.100, 146
Trd, 000166.300, 141
Trd, 000167.133, 151
Trd, 000167.350, 152
Trd, 000170.250, 169
Trd, 000170.567, 164
Trd, 000171.433, 153
Trd, 000171.767, 179
Trd, 000172.083, 164
Trd, 000172.550, 133
Trd, 000174.717, 166
Trd, 000176.150, 115
Trd, 000177.133, 162
Trd, 000177.250, 150
Trd, 000177.333, 168
Trd, 000179.767, 147
Trd, 000181.017, 149
Trd, 000181.383, 160
Trd, 000182.117, 142
Trd, 000183.133, 142
Trd, 000183.617, 147
Trd, 000185.617, 146
Trd, 000186.433, 173
Trd, 000188.200, 137
Trd, 000188.250, 132
Trd, 000188.850, 148
Trd, 000189.267, 131
Trd, 000191.033, 107
Trd, 000191.950, 173
Trd, 000192.550, 172
Trd, 000192.717, 175
Trd, 000193.200, 164
Trd, 000193.800, 156
Trd, 000196.183, 175
Trd, 000196.900, 163
Trd, 000196.983, 145
Trd, 000198.650, 162
Trd, 000199.100, 152
Trd, 000199.817, 141
Trd, 000201.433, 163
Trd, 000202.450, 129
Trd, 000202.700, 161
Trd, 000203.367, 166
Trd, 000203.650, 147
Trd, 000203.700, 168
Trd, 000204.100, 144
Trd, 000205.950, 176
Trd, 000206.617, 109
Trd, 000207.950, 129
Trd, 000208.050, 132
Trd, 000208.933, 134
Trd, 000210.267, 173
Trd, 000211.233, 154
Trd, 000211.750, 132
Trd, 000211.833, 129
Trd, 000212.300, 133
Trd, 000213.150, 172
Trd, 000215.283, 142
Trd, 000217.200, 163
Trd, 000218.083, 138
Trd, 000219.467, 166
Trd, 000220.917, 152
Trd, 000221.867, 160
Trd, 000222.050, 167
Trd, 000223.150, 150
Trd, 000224.517, 168
Trd, 000224.650, 152
Trd, 000227.033, 156
Trd, 000227.850, 130
Trd, 000228.217, 124
Trd, 000229.267, 131
Trd, 000231.283, 194
Trd, 000232.450, 152
Trd, 000232.717, 147
Trd, 000233.183, 140
Trd, 000233.583, 133
Trd, 000234.450, 148
Trd, 000236.417, 146
Trd, 000236.917, 146
Trd, 000237.050, 166
Trd, 000237.283, 142
Trd, 000238.150, 138
Trd, 000238.300, 172
Trd, 000238.917, 192
Trd, 000242.850, 160
Trd, 000243.067, 154
Trd, 000243.283, 151
Trd, 000243.300, 140
Trd, 000243.667, 170
Trd, 000243.900, 131
Trd, 000244.783, 171
Trd, 000245.567, 142
Trd, 000247.167, 128
Trd, 000248.350, 147
Trd, 000248.867, 152
Trd, 000249.600, 146
Trd, 000249.650, 145
Trd, 000250.917, 163
Trd, 000252.600, 164
Trd, 000252.983, 152
Trd, 000254.967, 152
Trd, 000257.250, 142
Trd, 000258.583, 163
Trd, 000258.617, 152
Trd, 000258.867, 140
Trd, 000258.933, 159
Trd, 000260.067, 165
Trd, 000261.500, 122
Trd, 000261.867, 143
Trd, 000263.733, 131
Trd, 000265.600, 163
Trd, 000266.233, 157
Trd, 000267.350, 155
Trd, 000267.367, 152
Trd, 000268.483, 167
Trd, 000270.017, 150
Trd, 000270.150, 156
Trd, 000271.500, 184
Trd, 000273.467, 155
Trd, 000273.767, 165
Trd, 000275.800, 144
Trd, 000275.850, 144
Trd, 000276.900, 159
Trd, 000277.033, 136
Trd, 000277.150, 134
Trd, 000279.133, 151
Trd, 000279.700, 154
Trd, 000280.250, 150
Trd, 000281.083, 161
Trd, 000281.717, 120
Trd, 000283.200, 157
Trd, 000287.000, 173
Trd, 000287.150, 151
Trd, 000287.550, 163
Trd, 000287.833, 137
Trd, 000288.050, 143
Trd, 000288.900, 130
Trd, 000290.367, 149
Trd, 000291.583, 148
Trd, 000292.283, 167
Trd, 000292.350, 154
Trd, 000293.233, 134
Trd, 000293.917, 157
Trd, 000295.417, 154
Trd, 000297.033, 159
Trd, 000297.783, 143
Trd, 000298.733, 147
