Trd, 000005.217, 123
Trd, 000005.400, 148
Trd, 000005.517, 172
Trd, 000006.083, 170
Trd, 000006.683, 170
Trd, 000008.133, 153
Trd, 000009.467, 162
Trd, 000009.800, 176
Trd, 000010.300, 176
Trd, 000010.650, 183
Trd, 000011.017, 124
Trd, 000011.517, 144
Trd, 000012.200, 132
Trd, 000012.717, 132
Trd, 000013.017, 168
Trd, 000013.817, 155
Trd, 000014.983, 180
Trd, 000015.233, 130
Trd, 000015.833, 162
Trd, 000015.883, 164
Trd, 000016.283, 164
Trd, 000016.900, 158
Trd, 000017.150, 150
Trd, 000017.567, 171
Trd, 000018.900, 161
Trd, 000020.250, 192
Trd, 000021.100, 172
Trd, 000021.417, 181
Trd, 000021.767, 164
Trd, 000022.700, 160
Trd, 000025.450, 148
Trd, 000025.617, 175
Trd, 000026.100, 160
Trd, 000026.300, 179
Trd, 000027.017, 151
Trd, 000027.967, 173
Trd, 000028.567, 178
Trd, 000030.467, 144
Trd, 000030.867, 160
Trd, 000031.600, 155
Trd, 000031.617, 174
Trd, 000032.050, 129
Trd, 000032.700, 174
Trd, 000033.367, 130
Trd, 000034.283, 149
Trd, 000034.500, 171
Trd, 000035.033, 161
Trd, 000036.183, 182
Trd, 000036.267, 166
Trd, 000036.533, 175
Trd, 000037.350, 200
Trd, 000037.650, 157
Trd, 000038.200, 189
Trd, 000038.733, 160
Trd, 000040.283, 160
Trd, 000040.467, 149
Trd, 000041.400, 160
Trd, 000041.767, 179
Trd, 000044.017, 171
Trd, 000045.450, 176
Trd, 000045.850, 174
Trd, 000046.167, 180
Trd, 000046.783, 162
Trd, 000046.800, 174
Trd, 000048.417, 178
Trd, 000048.817, 181
Trd, 000050.517, 175
Trd, 000051.350, 156
Trd, 000051.833, 147
Trd, 000052.150, 185
Trd, 000053.533, 190
Trd, 000055.517, 188
Trd, 000055.800, 165
Trd, 000056.017, 152
Trd, 000058.017, 156
Trd, 000058.667, 177
Trd, 000059.267, 191
Trd, 000059.783, 147
Trd, 000060.967, 190
Trd, 000061.100, 181
Trd, 000061.317, 150
Trd, 000061.383, 147
Trd, 000062.167, 138
Trd, 000063.983, 135
Trd, 000065.083, 140
Trd, 000065.133, 140
Trd, 000065.483, 122
Trd, 000065.750, 174
Trd, 000065.833, 198
Trd, 000066.717, 176
Trd, 000067.967, 185
Trd, 000068.667, 166
Trd, 000069.367, 179
Trd, 000070.733, 121
Trd, 000072.383, 161
Trd, 000072.583, 177
Trd, 000072.983, 170
Trd, 000073.317, 176
Trd, 000074.167, 163
Trd, 000074.250, 153
Trd, 000075.883, 193
Trd, 000075.967, 191
Trd, 000076.083, 148
Trd, 000076.317, 157
Trd, 000076.467, 180
Trd, 000078.350, 160
Trd, 000079.500, 156
Trd, 000079.933, 158
Trd, 000080.117, 177
Trd, 000081.000, 175
Trd, 000081.333, 167
Trd, 000081.467, 158
Trd, 000081.533, 141
Trd, 000081.883, 155
Trd, 000082.650, 148
Trd, 000083.850, 168
Trd, 000085.967, 190
Trd, 000086.033, 167
Trd, 000086.083, 156
Trd, 000086.300, 162
Trd, 000086.933, 157
Trd, 000088.067, 164
Trd, 000088.283, 169
Trd, 000088.817, 147
Trd, 000090.583, 109
Trd, 000090.833, 198
Trd, 000091.617, 178
Trd, 000091.983, 152
Trd, 000093.183, 161
Trd, 000094.067, 156
Trd, 000095.883, 141
Trd, 000096.600, 169
Trd, 000096.733, 186
Trd, 000097.117, 185
Trd, 000097.150, 157
Trd, 000097.183, 189
Trd, 000099.400, 180
Trd, 000100.533, 162
Trd, 000100.767, 175
Trd, 000101.517, 177
Trd, 000101.867, 161
Trd, 000102.783, 140
Trd, 000102.800, 133
Trd, 000102.867, 150
Trd, 000105.150, 149
Trd, 000106.250, 165
Trd, 000106.417, 161
Trd, 000107.200, 153
Trd, 000107.767, 173
Trd, 000108.767, 163
Trd, 000109.500, 158
Trd, 000110.033, 187
Trd, 000112.617, 164
Trd, 000112.833, 181
Trd, 000113.167, 176
Trd, 000114.450, 161
Trd, 000115.000, 152
Trd, 000115.367, 143
Trd, 000115.817, 185
Trd, 000115.933, 191
Trd, 000116.167, 189
Trd, 000117.417, 138
Trd, 000118.233, 145
Trd, 000120.083, 176
Trd, 000120.383, 199
Trd, 000121.050, 150
Trd, 000122.033, 186
Trd, 000122.350, 183
Trd, 000122.517, 172
Trd, 000124.117, 156
Trd, 000124.767, 170
Trd, 000124.950, 140
Trd, 000125.950, 152
Trd, 000126.083, 181
Trd, 000126.567, 153
Trd, 000128.217, 159
Trd, 000128.467, 145
Trd, 000131.150, 189
Trd, 000131.850, 171
Trd, 000132.000, 164
Trd, 000132.450, 191
Trd, 000133.650, 183
Trd, 000135.983, 193
Trd, 000136.317, 145
Trd, 000136.350, 150
Trd, 000136.367, 134
Trd, 000136.633, 159
Trd, 000137.183, 172
Trd, 000137.683, 153
Trd, 000138.483, 168
Trd, 000139.017, 168
Trd, 000141.183, 188
Trd, 000141.317, 140
Trd, 000141.983, 134
Trd, 000142.000, 131
Trd, 000142.050, 149
Trd, 000146.033, 135
Trd, 000146.583, 159
Trd, 000146.967, 147
Trd, 000146.983, 173
Trd, 000147.983, 163
Trd, 000149.850, 181
Trd, 000151.433, 125
Trd, 000151.533, 160
Trd, 000151.817, 176
Trd, 000152.600, 180
Trd, 000156.300, 162
Trd, 000156.450, 150
Trd, 000156.967, 153
Trd, 000157.250, 167
Trd, 000157.283, 135
Trd, 000159.467, 167
Trd, 000159.933, 147
Trd, 000161.100, 148
Trd, 000161.200, 185
Trd, 000162.533, 186
Trd, 000163.567, 168
Trd, 000165.383, 179
Trd, 000165.900, 177
Trd, 000166.117, 135
Trd, 000166.483, 162
Trd, 000166.733, 175
Trd, 000167.483, 169
Trd, 000169.417, 161
Trd, 000170.817, 162
Trd, 000170.900, 189
Trd, 000171.433, 171
Trd, 000171.750, 185
Trd, 000171.833, 186
Trd, 000174.083, 157
Trd, 000176.167, 103
Trd, 000178.100, 175
Trd, 000178.267, 174
Trd, 000179.117, 175
Trd, 000180.283, 151
Trd, 000181.167, 196
Trd, 000181.283, 189
Trd, 000182.050, 182
Trd, 000182.683, 146
Trd, 000183.467, 145
Trd, 000184.150, 155
Trd, 000184.300, 157
Trd, 000186.867, 137
Trd, 000187.183, 148
Trd, 000187.767, 156
Trd, 000188.350, 164
Trd, 000189.133, 147
Trd, 000190.267, 154
Trd, 000190.700, 158
Trd, 000191.667, 177
Trd, 000192.433, 164
Trd, 000192.783, 182
Trd, 000193.183, 160
Trd, 000193.917, 170
Trd, 000194.217, 191
Trd, 000196.400, 136
Trd, 000197.133, 182
Trd, 000197.367, 178
Trd, 000198.083, 158
Trd, 000201.400, 154
Trd, 000201.750, 156
Trd, 000202.333, 149
Trd, 000202.483, 172
Trd, 000203.000, 183
Trd, 000203.383, 167
Trd, 000204.450, 168
Trd, 000206.383, 150
Trd, 000206.933, 170
Trd, 000207.383, 129
Trd, 000207.633, 148
Trd, 000207.917, 126
Trd, 000211.033, 147
Trd, 000211.233, 190
Trd, 000211.633, 181
Trd, 000212.000, 163
Trd, 000212.250, 147
Trd, 000214.433, 172
Trd, 000214.783, 184
Trd, 000215.200, 173
Trd, 000216.767, 193
Trd, 000217.183, 182
Trd, 000217.500, 181
Trd, 000217.683, 157
Trd, 000218.050, 153
Trd, 000219.450, 150
Trd, 000219.767, 146
Trd, 000220.800, 151
Trd, 000221.183, 141
Trd, 000221.617, 172
Trd, 000222.100, 151
Trd, 000222.350, 167
Trd, 000222.700, 151
Trd, 000222.867, 150
Trd, 000222.967, 179
Trd, 000223.717, 164
Trd, 000224.750, 170
Trd, 000226.450, 175
Trd, 000226.583, 156
Trd, 000226.883, 170
Trd, 000227.617, 170
Trd, 000231.117, 169
Trd, 000231.483, 142
Trd, 000231.633, 135
Trd, 000232.033, 156
Trd, 000232.083, 165
Trd, 000232.350, 155
Trd, 000232.433, 140
Trd, 000233.067, 125
Trd, 000234.033, 184
Trd, 000234.050, 147
Trd, 000236.550, 181
Trd, 000237.050, 180
Trd, 000237.667, 146
Trd, 000238.467, 171
Trd, 000239.250, 173
Trd, 000241.283, 140
Trd, 000241.633, 143
Trd, 000242.183, 182
Trd, 000243.250, 162
Trd, 000244.333, 168
Trd, 000245.667, 182
Trd, 000246.417, 190
Trd, 000246.950, 142
Trd, 000247.283, 167
Trd, 000247.533, 183
Trd, 000248.833, 165
Trd, 000249.050, 152
Trd, 000250.333, 148
Trd, 000251.467, 182
Trd, 000251.950, 181
Trd, 000252.300, 186
Trd, 000253.050, 178
Trd, 000253.250, 176
Trd, 000254.900, 171
Trd, 000255.567, 164
Trd, 000256.333, 189
Trd, 000257.317, 193
Trd, 000257.433, 152
Trd, 000257.683, 167
Trd, 000257.750, 142
Trd, 000257.983, 180
Trd, 000258.833, 145
Trd, 000261.650, 144
Trd, 000261.750, 153
Trd, 000261.883, 173
Trd, 000261.950, 155
Trd, 000262.283, 176
Trd, 000263.567, 175
Trd, 000266.683, 134
Trd, 000266.783, 168
Trd, 000267.550, 177
Trd, 000268.000, 178
Trd, 000268.683, 185
Trd, 000268.883, 149
Trd, 000270.933, 162
Trd, 000271.483, 156
Trd, 000272.200, 167
Trd, 000272.267, 164
Trd, 000272.583, 166
Trd, 000273.300, 172
Trd, 000276.433, 171
Trd, 000276.617, 164
Trd, 000276.900, 188
Trd, 000278.050, 181
Trd, 000278.083, 178
Trd, 000278.550, 154
Trd, 000278.817, 153
Trd, 000281.600, 146
Trd, 000281.683, 146
Trd, 000282.050, 164
Trd, 000282.083, 138
Trd, 000282.433, 170
Trd, 000283.550, 174
Trd, 000286.767, 191
Trd, 000287.000, 176
Trd, 000287.783, 162
Trd, 000287.933, 157
Trd, 000290.000, 148
Trd, 000291.417, 157
Trd, 000291.750, 122
Trd, 000291.933, 123
Trd, 000292.517, 174
Trd, 000292.750, 162
Trd, 000293.083, 175
Trd, 000293.533, 174
Trd, 000294.267, 158
Trd, 000294.450, 172
Trd, 000295.000, 173
Trd, 000297.217, 155
Trd, 000297.267, 173
Trd, 000297.683, 176
Trd, 000298.117, 170
Trd, 000298.800, 169
Trd, 000299.100, 154
