Trd, 000005.217, 125
Trd, 000005.767, 134
Trd, 000006.183, 139
Trd, 000006.333, 133
Trd, 000006.483, 141
Trd, 000006.500, 146
Trd, 000006.733, 132
Trd, 000006.917, 148
Trd, 000007.850, 146
Trd, 000010.350, 167
Trd, 000010.500, 157
Trd, 000010.950, 162
Trd, 000011.017, 177
Trd, 000011.350, 154
Trd, 000011.467, 152
Trd, 000013.900, 147
Trd, 000014.983, 142
Trd, 000015.350, 151
Trd, 000015.367, 152
Trd, 000015.683, 138
Trd, 000017.033, 175
Trd, 000017.750, 174
Trd, 000018.467, 171
Trd, 000018.683, 163
Trd, 000018.900, 161
Trd, 000020.217, 182
Trd, 000020.717, 146
Trd, 000020.750, 148
Trd, 000022.083, 153
Trd, 000022.150, 149
Trd, 000022.633, 162
Trd, 000025.417, 162
Trd, 000025.800, 143
Trd, 000027.250, 159
Trd, 000027.350, 162
Trd, 000027.583, 159
Trd, 000028.600, 165
Trd, 000028.667, 157
Trd, 000029.850, 124
Trd, 000030.783, 133
Trd, 000031.117, 164
Trd, 000032.467, 154
Trd, 000033.567, 143
Trd, 000034.433, 146
Trd, 000034.700, 146
Trd, 000035.983, 166
Trd, 000036.283, 171
Trd, 000037.083, 161
Trd, 000037.917, 155
Trd, 000039.317, 157
Trd, 000039.817, 144
Trd, 000040.467, 139
Trd, 000041.117, 141
Trd, 000041.317, 140
Trd, 000041.883, 180
Trd, 000042.017, 171
Trd, 000042.050, 169
Trd, 000042.467, 146
Trd, 000042.683, 178
Trd, 000046.033, 168
Trd, 000046.050, 178
Trd, 000046.200, 166
Trd, 000046.250, 161
Trd, 000046.650, 155
Trd, 000048.283, 180
Trd, 000050.383, 126
Trd, 000051.783, 155
Trd, 000052.033, 160
Trd, 000052.800, 153
Trd, 000053.800, 167
Trd, 000054.350, 161
Trd, 000054.917, 157
Trd, 000055.433, 146
Trd, 000055.833, 134
Trd, 000056.950, 174
Trd, 000057.133, 155
Trd, 000058.283, 174
Trd, 000058.817, 149
Trd, 000059.583, 168
Trd, 000060.867, 142
Trd, 000061.167, 149
Trd, 000061.383, 144
Trd, 000061.917, 134
Trd, 000062.417, 150
Trd, 000062.883, 136
Trd, 000065.167, 143
Trd, 000066.050, 181
Trd, 000066.700, 147
Trd, 000068.417, 150
Trd, 000069.767, 172
Trd, 000071.117, 139
Trd, 000071.350, 153
Trd, 000071.567, 134
Trd, 000072.017, 164
Trd, 000072.167, 188
Trd, 000074.367, 157
Trd, 000076.250, 162
Trd, 000076.667, 158
Trd, 000076.850, 159
Trd, 000077.717, 156
Trd, 000078.700, 157
Trd, 000078.867, 157
Trd, 000080.700, 153
Trd, 000081.383, 177
Trd, 000081.617, 164
Trd, 000082.983, 162
Trd, 000084.033, 161
Trd, 000084.967, 159
Trd, 000085.250, 153
Trd, 000085.650, 197
Trd, 000085.817, 162
Trd, 000086.367, 151
Trd, 000086.950, 139
Trd, 000087.283, 146
Trd, 000088.617, 150
Trd, 000089.067, 150
Trd, 000090.917, 170
Trd, 000090.983, 146
Trd, 000091.683, 149
Trd, 000091.983, 152
Trd, 000092.733, 162
Trd, 000093.117, 156
Trd, 000093.800, 147
Trd, 000094.650, 134
Trd, 000095.117, 138
Trd, 000095.967, 139
Trd, 000096.583, 161
Trd, 000096.900, 150
Trd, 000096.933, 148
Trd, 000097.467, 149
Trd, 000098.750, 156
Trd, 000100.733, 129
Trd, 000101.117, 126
Trd, 000101.417, 152
Trd, 000101.617, 158
Trd, 000101.917, 181
Trd, 000102.317, 144
Trd, 000104.433, 160
Trd, 000105.417, 163
Trd, 000106.300, 136
Trd, 000106.517, 160
Trd, 000106.683, 165
Trd, 000107.550, 148
Trd, 000107.800, 147
Trd, 000109.050, 152
Trd, 000109.483, 165
Trd, 000111.417, 192
Trd, 000111.433, 151
Trd, 000112.583, 136
Trd, 000112.800, 152
Trd, 000113.100, 140
Trd, 000113.400, 153
Trd, 000116.067, 177
Trd, 000116.350, 148
Trd, 000116.483, 147
Trd, 000116.717, 168
Trd, 000116.850, 146
Trd, 000121.017, 144
Trd, 000121.767, 153
Trd, 000121.933, 151
Trd, 000122.717, 187
Trd, 000122.733, 161
Trd, 000123.833, 152
Trd, 000126.317, 139
Trd, 000126.850, 135
Trd, 000127.150, 155
Trd, 000127.200, 172
Trd, 000127.533, 174
Trd, 000128.883, 177
Trd, 000131.717, 161
Trd, 000131.833, 159
Trd, 000131.883, 170
Trd, 000132.000, 139
Trd, 000133.183, 131
Trd, 000133.400, 155
Trd, 000134.283, 149
Trd, 000135.233, 151
Trd, 000137.517, 142
Trd, 000137.700, 146
Trd, 000138.267, 155
Trd, 000138.550, 166
Trd, 000139.983, 167
Trd, 000140.283, 143
Trd, 000140.583, 179
Trd, 000141.083, 184
Trd, 000142.250, 140
Trd, 000142.300, 137
Trd, 000143.800, 146
Trd, 000144.567, 151
Trd, 000145.900, 166
Trd, 000146.083, 157
Trd, 000146.550, 148
Trd, 000146.883, 159
Trd, 000147.417, 174
Trd, 000148.483, 142
Trd, 000149.450, 139
Trd, 000151.067, 131
Trd, 000151.167, 169
Trd, 000151.367, 141
Trd, 000152.333, 156
Trd, 000153.083, 171
Trd, 000153.867, 161
Trd, 000156.150, 149
Trd, 000157.183, 142
Trd, 000157.367, 164
Trd, 000158.583, 133
Trd, 000159.167, 140
Trd, 000161.483, 161
Trd, 000161.500, 159
Trd, 000161.717, 148
Trd, 000162.000, 192
Trd, 000162.050, 161
Trd, 000162.850, 133
Trd, 000166.183, 121
Trd, 000166.433, 168
Trd, 000166.700, 157
Trd, 000166.883, 171
Trd, 000167.433, 142
Trd, 000168.100, 157
Trd, 000171.283, 175
Trd, 000171.450, 169
Trd, 000171.750, 110
Trd, 000171.850, 126
Trd, 000171.900, 141
Trd, 000175.000, 151
Trd, 000175.267, 146
Trd, 000176.733, 159
Trd, 000177.217, 168
Trd, 000177.800, 169
Trd, 000177.833, 176
Trd, 000178.150, 161
Trd, 000178.667, 155
Trd, 000178.883, 157
Trd, 000180.900, 150
Trd, 000181.217, 121
Trd, 000181.583, 156
Trd, 000182.117, 176
Trd, 000183.217, 167
Trd, 000185.283, 157
Trd, 000185.950, 172
Trd, 000186.083, 135
Trd, 000187.383, 173
Trd, 000188.217, 168
Trd, 000188.717, 164
Trd, 000189.817, 179
Trd, 000190.350, 171
Trd, 000191.267, 138
Trd, 000191.600, 184
Trd, 000191.933, 128
Trd, 000192.033, 119
Trd, 000192.533, 165
Trd, 000192.767, 129
Trd, 000193.317, 128
Trd, 000194.167, 141
Trd, 000194.717, 165
Trd, 000196.617, 135
Trd, 000197.067, 137
Trd, 000197.550, 173
Trd, 000197.733, 169
Trd, 000197.900, 161
Trd, 000200.033, 161
Trd, 000201.017, 155
Trd, 000201.650, 162
Trd, 000203.233, 169
Trd, 000204.183, 169
Trd, 000204.717, 167
Trd, 000205.133, 161
Trd, 000207.083, 172
Trd, 000207.283, 200
Trd, 000208.083, 132
Trd, 000209.350, 129
Trd, 000210.683, 179
Trd, 000211.483, 143
Trd, 000211.583, 193
Trd, 000212.733, 165
Trd, 000213.633, 156
Trd, 000213.850, 150
Trd, 000215.100, 150
Trd, 000216.050, 174
Trd, 000216.467, 186
Trd, 000216.600, 161
Trd, 000216.733, 166
Trd, 000217.550, 157
Trd, 000217.867, 150
Trd, 000219.417, 163
Trd, 000221.383, 142
Trd, 000221.583, 160
Trd, 000221.983, 127
Trd, 000222.500, 151
Trd, 000222.517, 134
Trd, 000222.833, 140
Trd, 000223.617, 154
Trd, 000225.483, 161
Trd, 000226.450, 169
Trd, 000226.783, 181
Trd, 000226.867, 181
Trd, 000227.533, 176
Trd, 000227.683, 163
Trd, 000228.033, 161
Trd, 000228.167, 161
Trd, 000229.733, 140
Trd, 000231.633, 151
Trd, 000231.800, 174
Trd, 000231.867, 172
Trd, 000232.400, 161
Trd, 000232.800, 167
Trd, 000234.100, 163
Trd, 000234.183, 137
Trd, 000234.767, 147
Trd, 000235.133, 133
Trd, 000235.700, 143
Trd, 000237.483, 171
Trd, 000237.667, 168
Trd, 000238.367, 164
Trd, 000238.750, 161
Trd, 000239.367, 158
Trd, 000239.800, 158
Trd, 000240.400, 144
Trd, 000241.233, 190
Trd, 000241.483, 182
Trd, 000242.700, 154
Trd, 000243.800, 175
Trd, 000245.033, 161
Trd, 000245.983, 157
Trd, 000246.500, 162
Trd, 000246.933, 169
Trd, 000247.333, 142
Trd, 000248.150, 135
Trd, 000248.817, 139
Trd, 000249.267, 142
Trd, 000249.900, 164
Trd, 000250.600, 136
Trd, 000251.467, 136
Trd, 000252.933, 127
Trd, 000253.500, 144
Trd, 000254.267, 132
Trd, 000254.400, 163
Trd, 000254.833, 167
Trd, 000254.867, 141
Trd, 000256.783, 152
Trd, 000257.233, 151
Trd, 000258.100, 159
Trd, 000259.050, 164
Trd, 000259.867, 161
Trd, 000260.717, 175
Trd, 000261.800, 167
Trd, 000262.600, 155
Trd, 000263.067, 143
Trd, 000263.600, 171
Trd, 000264.717, 166
Trd, 000264.867, 154
Trd, 000266.600, 149
Trd, 000267.117, 199
Trd, 000267.133, 174
Trd, 000267.183, 148
Trd, 000268.167, 149
Trd, 000269.267, 151
Trd, 000269.633, 154
Trd, 000270.350, 148
Trd, 000272.700, 150
Trd, 000272.733, 140
Trd, 000273.083, 139
Trd, 000273.867, 135
Trd, 000274.067, 156
Trd, 000275.200, 178
Trd, 000276.583, 137
Trd, 000278.000, 173
Trd, 000278.217, 153
Trd, 000279.567, 159
Trd, 000280.300, 151
Trd, 000280.917, 158
Trd, 000281.517, 198
Trd, 000282.000, 143
Trd, 000282.317, 151
Trd, 000282.483, 152
Trd, 000282.850, 158
Trd, 000286.483, 135
Trd, 000286.600, 139
Trd, 000287.100, 188
Trd, 000287.433, 175
Trd, 000287.567, 173
Trd, 000287.950, 145
Trd, 000288.517, 156
Trd, 000288.600, 149
Trd, 000288.833, 158
Trd, 000289.017, 152
Trd, 000291.900, 144
Trd, 000292.317, 149
Trd, 000293.033, 148
Trd, 000293.233, 141
Trd, 000294.783, 144
Trd, 000296.883, 170
Trd, 000296.900, 148
Trd, 000297.717, 158
Trd, 000298.267, 156
Trd, 000298.633, 160
Trd, 000298.900, 164
