Trd, 000005.133, 154
Trd, 000005.200, 149
Trd, 000005.700, 144
Trd, 000005.817, 165
Trd, 000006.250, 135
Trd, 000006.800, 167
Trd, 000008.367, 171
Trd, 000009.150, 172
Trd, 000009.217, 166
Trd, 000010.133, 102
Trd, 000010.433, 142
Trd, 000010.500, 198
Trd, 000010.850, 164
Trd, 000013.150, 167
Trd, 000014.267, 155
Trd, 000015.433, 140
Trd, 000016.350, 160
Trd, 000016.367, 150
Trd, 000016.650, 143
Trd, 000018.667, 147
Trd, 000019.217, 146
Trd, 000019.950, 162
Trd, 000020.617, 168
Trd, 000021.000, 164
Trd, 000021.133, 144
Trd, 000021.583, 149
Trd, 000021.700, 153
Trd, 000023.650, 162
Trd, 000024.117, 157
Trd, 000024.900, 186
Trd, 000025.417, 111
Trd, 000025.433, 141
Trd, 000026.117, 162
Trd, 000027.617, 157
Trd, 000027.933, 173
Trd, 000030.283, 163
Trd, 000030.983, 172
Trd, 000031.400, 141
Trd, 000031.700, 162
Trd, 000032.800, 156
Trd, 000034.183, 147
Trd, 000034.717, 156
Trd, 000035.383, 137
Trd, 000035.783, 178
Trd, 000036.067, 169
Trd, 000036.117, 162
Trd, 000036.867, 161
Trd, 000037.250, 135
Trd, 000038.033, 181
Trd, 000040.400, 163
Trd, 000041.133, 147
Trd, 000042.267, 165
Trd, 000043.017, 160
Trd, 000043.933, 164
Trd, 000044.017, 153
Trd, 000045.817, 167
Trd, 000045.933, 162
Trd, 000048.500, 158
Trd, 000049.250, 167
Trd, 000051.000, 154
Trd, 000051.817, 164
Trd, 000052.567, 149
Trd, 000052.967, 141
Trd, 000054.667, 167
Trd, 000054.800, 165
Trd, 000054.817, 145
Trd, 000055.583, 149
Trd, 000055.817, 161
Trd, 000055.950, 165
Trd, 000056.017, 165
Trd, 000056.317, 149
Trd, 000058.433, 152
Trd, 000060.733, 155
Trd, 000061.000, 150
Trd, 000061.133, 177
Trd, 000061.900, 164
Trd, 000062.400, 162
Trd, 000064.600, 160
Trd, 000065.100, 145
Trd, 000065.517, 104
Trd, 000066.350, 158
Trd, 000066.417, 162
Trd, 000067.017, 155
Trd, 000067.133, 159
Trd, 000067.650, 153
Trd, 000069.367, 149
Trd, 000070.550, 163
Trd, 000070.867, 176
Trd, 000071.900, 152
Trd, 000072.017, 161
Trd, 000072.633, 155
Trd, 000073.033, 171
Trd, 000073.767, 195
Trd, 000074.133, 152
Trd, 000075.400, 146
Trd, 000075.650, 166
Trd, 000076.067, 167
Trd, 000076.200, 149
Trd, 000076.283, 174
Trd, 000076.600, 148
Trd, 000078.117, 168
Trd, 000078.783, 182
Trd, 000079.433, 137
Trd, 000080.683, 141
Trd, 000081.017, 156
Trd, 000081.383, 106
Trd, 000081.533, 117
Trd, 000082.583, 142
Trd, 000086.550, 163
Trd, 000086.583, 147
Trd, 000087.450, 167
Trd, 000087.850, 177
Trd, 000088.050, 137
Trd, 000089.267, 165
Trd, 000090.967, 143
Trd, 000091.483, 148
Trd, 000091.800, 164
Trd, 000092.967, 182
Trd, 000093.383, 151
Trd, 000094.300, 170
Trd, 000094.750, 139
Trd, 000096.117, 148
Trd, 000096.467, 163
Trd, 000096.667, 138
Trd, 000098.100, 125
Trd, 000099.233, 162
Trd, 000100.850, 142
Trd, 000101.150, 139
Trd, 000101.983, 156
Trd, 000104.050, 164
Trd, 000106.367, 145
Trd, 000106.400, 131
Trd, 000107.250, 130
Trd, 000107.650, 156
Trd, 000107.767, 165
Trd, 000108.250, 138
Trd, 000108.283, 166
Trd, 000111.350, 160
Trd, 000111.550, 166
Trd, 000113.867, 170
Trd, 000114.517, 148
Trd, 000114.900, 174
Trd, 000115.967, 168
Trd, 000116.100, 159
Trd, 000116.917, 168
Trd, 000117.433, 121
Trd, 000120.833, 145
Trd, 000121.217, 157
Trd, 000121.650, 163
Trd, 000121.950, 183
Trd, 000122.467, 168
Trd, 000122.833, 160
Trd, 000123.617, 151
Trd, 000126.017, 168
Trd, 000126.650, 174
Trd, 000126.750, 173
Trd, 000127.083, 151
Trd, 000127.350, 171
Trd, 000129.100, 178
Trd, 000129.417, 165
Trd, 000130.900, 173
Trd, 000132.900, 165
Trd, 000133.850, 150
Trd, 000135.600, 167
Trd, 000136.383, 142
Trd, 000136.400, 154
Trd, 000136.650, 150
Trd, 000136.883, 158
Trd, 000139.883, 165
Trd, 000141.033, 162
Trd, 000141.600, 166
Trd, 000142.717, 161
Trd, 000143.883, 154
Trd, 000144.500, 171
Trd, 000145.583, 139
Trd, 000146.267, 148
Trd, 000146.717, 182
Trd, 000146.783, 162
Trd, 000146.933, 156
Trd, 000147.717, 146
Trd, 000148.367, 161
Trd, 000149.583, 146
Trd, 000151.417, 169
Trd, 000151.583, 153
Trd, 000151.967, 167
Trd, 000152.350, 169
Trd, 000152.933, 171
Trd, 000154.967, 163
Trd, 000156.367, 155
Trd, 000156.750, 188
Trd, 000157.317, 130
Trd, 000157.767, 177
Trd, 000159.150, 156
Trd, 000161.633, 168
Trd, 000162.133, 168
Trd, 000163.617, 168
Trd, 000163.783, 152
Trd, 000165.167, 182
Trd, 000165.250, 180
Trd, 000166.267, 152
Trd, 000167.067, 163
Trd, 000167.433, 152
Trd, 000168.617, 172
Trd, 000168.750, 156
Trd, 000169.800, 174
Trd, 000170.200, 165
Trd, 000171.367, 147
Trd, 000171.917, 134
Trd, 000172.133, 134
Trd, 000172.867, 165
Trd, 000173.550, 174
Trd, 000175.017, 168
Trd, 000176.183, 172
Trd, 000176.433, 128
Trd, 000176.800, 121
Trd, 000177.050, 145
Trd, 000177.767, 166
Trd, 000178.200, 169
Trd, 000179.150, 163
Trd, 000179.600, 159
Trd, 000180.150, 161
Trd, 000181.050, 177
Trd, 000182.250, 165
Trd, 000183.383, 140
Trd, 000184.267, 141
Trd, 000186.200, 163
Trd, 000186.550, 165
Trd, 000187.900, 145
Trd, 000188.167, 164
Trd, 000189.433, 157
Trd, 000191.500, 131
Trd, 000191.850, 166
Trd, 000193.217, 162
Trd, 000193.283, 160
Trd, 000193.400, 177
Trd, 000195.583, 161
Trd, 000196.200, 159
Trd, 000196.250, 167
Trd, 000196.483, 142
Trd, 000196.850, 132
Trd, 000197.033, 152
Trd, 000197.667, 182
Trd, 000199.317, 160
Trd, 000199.383, 170
Trd, 000200.350, 180
Trd, 000201.483, 153
Trd, 000201.833, 164
Trd, 000203.500, 177
Trd, 000205.800, 150
Trd, 000207.067, 171
Trd, 000207.167, 147
Trd, 000207.583, 148
Trd, 000207.983, 167
Trd, 000208.650, 174
Trd, 000209.067, 189
Trd, 000211.217, 120
Trd, 000211.500, 167
Trd, 000211.783, 171
Trd, 000212.417, 150
Trd, 000213.783, 154
Trd, 000214.317, 161
Trd, 000216.183, 176
Trd, 000216.417, 165
Trd, 000216.483, 165
Trd, 000218.333, 149
Trd, 000218.633, 156
Trd, 000219.600, 154
Trd, 000219.867, 167
Trd, 000219.917, 148
Trd, 000221.417, 112
Trd, 000221.667, 118
Trd, 000222.133, 152
Trd, 000222.433, 156
Trd, 000222.717, 169
Trd, 000223.617, 169
Trd, 000223.867, 170
Trd, 000225.667, 153
Trd, 000226.683, 117
Trd, 000226.717, 130
Trd, 000227.250, 155
Trd, 000227.283, 158
Trd, 000227.583, 143
Trd, 000227.767, 115
Trd, 000229.400, 166
Trd, 000231.017, 167
Trd, 000231.850, 161
Trd, 000231.917, 147
Trd, 000232.467, 168
Trd, 000232.517, 161
Trd, 000233.183, 186
Trd, 000233.917, 142
Trd, 000235.383, 165
Trd, 000237.733, 165
Trd, 000237.783, 164
Trd, 000238.017, 151
Trd, 000238.267, 159
Trd, 000239.683, 178
Trd, 000240.100, 156
Trd, 000240.183, 146
Trd, 000241.650, 129
Trd, 000242.433, 166
Trd, 000242.700, 174
Trd, 000242.867, 149
Trd, 000244.183, 164
Trd, 000245.183, 146
Trd, 000245.450, 182
Trd, 000246.567, 130
Trd, 000246.600, 165
Trd, 000249.067, 177
Trd, 000250.033, 168
Trd, 000251.000, 163
Trd, 000251.267, 152
Trd, 000251.400, 147
Trd, 000252.083, 163
Trd, 000253.900, 145
Trd, 000254.717, 157
Trd, 000255.300, 159
Trd, 000256.367, 165
Trd, 000256.600, 146
Trd, 000257.067, 129
Trd, 000257.683, 139
Trd, 000257.883, 145
Trd, 000258.350, 163
Trd, 000259.450, 178
Trd, 000260.683, 182
Trd, 000261.617, 152
Trd, 000261.667, 177
Trd, 000261.967, 162
Trd, 000262.683, 135
Trd, 000265.000, 151
Trd, 000265.300, 145
Trd, 000267.067, 157
Trd, 000267.167, 160
Trd, 000267.283, 149
Trd, 000267.717, 171
Trd, 000268.917, 169
Trd, 000269.167, 161
Trd, 000271.033, 175
Trd, 000271.933, 164
Trd, 000271.983, 152
Trd, 000272.183, 159
Trd, 000272.550, 145
Trd, 000274.300, 177
Trd, 000274.783, 161
Trd, 000276.417, 163
Trd, 000276.967, 159
Trd, 000277.283, 167
Trd, 000278.217, 137
Trd, 000279.750, 167
Trd, 000281.450, 141
Trd, 000282.083, 160
Trd, 000282.233, 162
Trd, 000283.183, 124
Trd, 000283.200, 140
Trd, 000283.350, 141
Trd, 000283.633, 165
Trd, 000285.133, 141
Trd, 000285.517, 163
Trd, 000285.983, 165
Trd, 000286.617, 166
Trd, 000286.667, 152
Trd, 000287.767, 145
Trd, 000288.967, 167
Trd, 000291.817, 159
Trd, 000291.850, 100
Trd, 000293.250, 168
Trd, 000294.117, 169
Trd, 000296.433, 168
Trd, 000296.967, 162
Trd, 000297.850, 151
Trd, 000297.917, 141
Trd, 000298.167, 143
Trd, 000298.667, 145
Trd, 000299.650, 169
