Trd, 000005.100, 177
Trd, 000005.333, 145
Trd, 000005.633, 137
Trd, 000005.767, 139
Trd, 000006.217, 147
Trd, 000007.083, 161
Trd, 000007.317, 163
Trd, 000007.833, 133
Trd, 000008.900, 153
Trd, 000010.117, 162
Trd, 000011.283, 144
Trd, 000011.767, 148
Trd, 000011.933, 162
Trd, 000012.367, 166
Trd, 000012.517, 147
Trd, 000013.250, 162
Trd, 000013.767, 149
Trd, 000015.167, 130
Trd, 000015.283, 129
Trd, 000016.233, 144
Trd, 000017.583, 149
Trd, 000018.583, 158
Trd, 000018.733, 159
Trd, 000019.483, 166
Trd, 000020.583, 146
Trd, 000021.233, 150
Trd, 000021.467, 177
Trd, 000021.617, 146
Trd, 000022.100, 152
Trd, 000023.050, 143
Trd, 000023.567, 143
Trd, 000024.067, 133
Trd, 000025.317, 123
Trd, 000025.950, 146
Trd, 000026.467, 152
Trd, 000026.633, 166
Trd, 000027.683, 145
Trd, 000028.683, 160
Trd, 000030.867, 146
Trd, 000031.100, 137
Trd, 000031.233, 151
Trd, 000031.367, 179
Trd, 000031.650, 159
Trd, 000031.950, 148
Trd, 000033.833, 152
Trd, 000034.583, 176
Trd, 000035.550, 159
Trd, 000035.967, 142
Trd, 000036.033, 132
Trd, 000036.217, 129
Trd, 000036.600, 141
Trd, 000037.517, 166
Trd, 000037.683, 152
Trd, 000037.750, 137
Trd, 000040.567, 172
Trd, 000040.717, 151
Trd, 000041.367, 136
Trd, 000041.617, 172
Trd, 000042.433, 148
Trd, 000042.733, 139
Trd, 000043.233, 142
Trd, 000046.350, 182
Trd, 000046.550, 159
Trd, 000046.717, 180
Trd, 000047.100, 157
Trd, 000049.817, 174
Trd, 000049.983, 176
Trd, 000050.617, 124
Trd, 000050.833, 161
Trd, 000051.867, 177
Trd, 000052.300, 152
Trd, 000052.367, 149
Trd, 000056.183, 131
Trd, 000056.750, 165
Trd, 000057.367, 145
Trd, 000058.050, 165
Trd, 000058.867, 148
Trd, 000060.017, 144
Trd, 000060.683, 143
Trd, 000060.767, 133
Trd, 000060.883, 131
Trd, 000062.433, 165
Trd, 000064.267, 165
Trd, 000066.300, 156
Trd, 000066.533, 161
Trd, 000067.183, 143
Trd, 000068.133, 158
Trd, 000068.650, 173
Trd, 000069.317, 156
Trd, 000070.750, 146
Trd, 000071.150, 138
Trd, 000071.250, 129
Trd, 000071.300, 171
Trd, 000072.083, 141
Trd, 000072.300, 140
Trd, 000073.617, 180
Trd, 000075.767, 155
Trd, 000075.817, 156
Trd, 000075.983, 177
Trd, 000076.000, 133
Trd, 000076.467, 155
Trd, 000080.717, 139
Trd, 000081.217, 160
Trd, 000082.183, 170
Trd, 000083.667, 167
Trd, 000083.733, 145
Trd, 000085.833, 151
Trd, 000086.167, 155
Trd, 000086.483, 170
Trd, 000087.100, 144
Trd, 000087.583, 147
Trd, 000089.100, 158
Trd, 000090.667, 105
Trd, 000090.800, 175
Trd, 000090.917, 175
Trd, 000091.483, 134
Trd, 000092.233, 173
Trd, 000092.433, 161
Trd, 000093.850, 146
Trd, 000094.717, 139
Trd, 000096.017, 127
Trd, 000096.283, 140
Trd, 000096.517, 171
Trd, 000096.867, 163
Trd, 000098.267, 156
Trd, 000100.500, 151
Trd, 000101.167, 122
Trd, 000101.583, 138
Trd, 000101.667, 120
Trd, 000102.383, 157
Trd, 000103.183, 159
Trd, 000103.200, 152
Trd, 000103.400, 166
Trd, 000105.067, 142
Trd, 000105.967, 128
Trd, 000105.983, 179
Trd, 000106.333, 146
Trd, 000106.633, 174
Trd, 000106.783, 132
Trd, 000109.667, 166
Trd, 000110.967, 172
Trd, 000111.083, 148
Trd, 000111.400, 176
Trd, 000111.800, 146
Trd, 000115.283, 169
Trd, 000115.417, 148
Trd, 000115.817, 119
Trd, 000116.150, 132
Trd, 000116.450, 163
Trd, 000116.517, 171
Trd, 000116.850, 143
Trd, 000118.267, 161
Trd, 000121.050, 126
Trd, 000121.367, 136
Trd, 000122.050, 145
Trd, 000123.300, 166
Trd, 000123.733, 150
Trd, 000124.500, 150
Trd, 000126.017, 151
Trd, 000126.317, 160
Trd, 000126.350, 154
Trd, 000127.233, 145
Trd, 000127.900, 142
Trd, 000128.367, 136
Trd, 000128.617, 166
Trd, 000132.467, 157
Trd, 000132.617, 157
Trd, 000132.717, 159
Trd, 000133.067, 151
Trd, 000134.417, 157
Trd, 000136.517, 147
Trd, 000136.550, 146
Trd, 000136.667, 136
Trd, 000136.833, 181
Trd, 000137.650, 144
Trd, 000139.317, 148
Trd, 000141.267, 121
Trd, 000141.883, 166
Trd, 000142.083, 138
Trd, 000142.833, 157
Trd, 000142.850, 153
Trd, 000145.217, 173
Trd, 000145.283, 158
Trd, 000145.550, 152
Trd, 000146.000, 155
Trd, 000146.050, 137
Trd, 000146.183, 157
Trd, 000146.583, 131
Trd, 000146.600, 146
Trd, 000146.967, 141
Trd, 000150.200, 172
Trd, 000151.033, 141
Trd, 000151.067, 133
Trd, 000151.433, 144
Trd, 000151.817, 168
Trd, 000152.600, 148
Trd, 000153.817, 144
Trd, 000154.100, 143
Trd, 000156.450, 156
Trd, 000156.467, 154
Trd, 000156.533, 147
Trd, 000156.667, 147
Trd, 000157.667, 147
Trd, 000157.850, 169
Trd, 000158.767, 153
Trd, 000160.033, 151
Trd, 000161.183, 124
Trd, 000161.733, 139
Trd, 000161.833, 138
Trd, 000162.383, 148
Trd, 000162.417, 138
Trd, 000165.517, 163
Trd, 000166.417, 119
Trd, 000166.433, 124
Trd, 000166.500, 136
Trd, 000166.767, 160
Trd, 000167.417, 134
Trd, 000168.367, 149
Trd, 000168.717, 141
Trd, 000170.100, 166
Trd, 000171.717, 169
Trd, 000171.833, 182
Trd, 000171.900, 160
Trd, 000172.450, 146
Trd, 000174.183, 142
Trd, 000174.200, 135
Trd, 000175.617, 143
Trd, 000175.983, 117
Trd, 000176.067, 147
Trd, 000176.717, 148
Trd, 000178.050, 158
Trd, 000178.783, 165
Trd, 000181.033, 107
Trd, 000181.217, 123
Trd, 000181.517, 127
Trd, 000181.533, 128
Trd, 000181.933, 127
Trd, 000182.117, 156
Trd, 000186.033, 141
Trd, 000186.133, 163
Trd, 000186.233, 120
Trd, 000187.017, 147
Trd, 000187.600, 148
Trd, 000189.033, 160
Trd, 000191.383, 121
Trd, 000191.433, 125
Trd, 000191.500, 116
Trd, 000191.883, 127
Trd, 000192.600, 160
Trd, 000194.983, 156
Trd, 000196.467, 115
Trd, 000196.600, 129
Trd, 000197.400, 148
Trd, 000197.750, 149
Trd, 000199.633, 162
Trd, 000201.367, 160
Trd, 000201.600, 139
Trd, 000201.650, 136
Trd, 000201.917, 133
Trd, 000202.067, 130
Trd, 000202.317, 166
Trd, 000205.050, 171
Trd, 000205.200, 156
Trd, 000206.283, 170
Trd, 000206.567, 112
Trd, 000206.667, 126
Trd, 000206.850, 142
Trd, 000207.150, 166
Trd, 000208.033, 180
Trd, 000209.333, 144
Trd, 000211.183, 180
Trd, 000212.550, 146
Trd, 000212.833, 173
Trd, 000212.950, 170
Trd, 000213.483, 158
Trd, 000213.650, 146
Trd, 000215.750, 154
Trd, 000216.217, 135
Trd, 000217.200, 157
Trd, 000217.867, 165
Trd, 000218.167, 146
Trd, 000220.717, 161
Trd, 000221.500, 110
Trd, 000221.517, 123
Trd, 000221.767, 146
Trd, 000222.250, 180
Trd, 000223.017, 144
Trd, 000223.683, 167
Trd, 000224.700, 148
Trd, 000226.067, 166
Trd, 000226.483, 185
Trd, 000227.467, 140
Trd, 000227.750, 165
Trd, 000228.867, 160
Trd, 000231.367, 173
Trd, 000231.617, 150
Trd, 000232.083, 157
Trd, 000232.500, 145
Trd, 000233.583, 163
Trd, 000234.883, 156
Trd, 000234.950, 146
Trd, 000236.250, 143
Trd, 000236.850, 162
Trd, 000237.017, 156
Trd, 000237.217, 177
Trd, 000237.900, 183
Trd, 000238.033, 159
Trd, 000240.417, 183
Trd, 000240.750, 154
Trd, 000241.317, 122
Trd, 000241.700, 152
Trd, 000242.517, 156
Trd, 000243.850, 157
Trd, 000244.033, 157
Trd, 000244.783, 145
Trd, 000245.183, 172
Trd, 000247.117, 148
Trd, 000248.333, 176
Trd, 000248.467, 160
Trd, 000248.733, 153
Trd, 000248.933, 147
Trd, 000250.717, 189
Trd, 000251.333, 145
Trd, 000251.383, 135
Trd, 000251.450, 176
Trd, 000251.900, 159
Trd, 000252.167, 160
Trd, 000254.783, 154
Trd, 000256.683, 172
Trd, 000256.733, 141
Trd, 000257.050, 139
Trd, 000257.450, 168
Trd, 000257.550, 166
Trd, 000259.283, 151
Trd, 000260.817, 154
Trd, 000261.450, 133
Trd, 000261.633, 127
Trd, 000261.867, 143
Trd, 000262.133, 147
Trd, 000262.983, 136
Trd, 000263.183, 156
Trd, 000264.833, 166
Trd, 000265.367, 144
Trd, 000266.833, 111
Trd, 000266.933, 146
Trd, 000267.333, 145
Trd, 000267.617, 166
Trd, 000268.283, 144
Trd, 000268.733, 138
Trd, 000268.817, 166
Trd, 000269.017, 175
Trd, 000269.933, 159
Trd, 000270.667, 146
Trd, 000271.383, 147
Trd, 000271.733, 125
Trd, 000272.083, 158
Trd, 000272.567, 146
Trd, 000272.633, 161
Trd, 000273.400, 147
Trd, 000274.000, 158
Trd, 000276.767, 112
Trd, 000276.800, 118
Trd, 000277.017, 134
Trd, 000277.483, 138
Trd, 000277.800, 165
Trd, 000277.900, 152
Trd, 000281.617, 117
Trd, 000281.983, 125
Trd, 000282.367, 135
Trd, 000283.800, 166
Trd, 000285.167, 174
Trd, 000286.050, 146
Trd, 000286.767, 112
Trd, 000287.317, 130
Trd, 000287.517, 138
Trd, 000287.633, 144
Trd, 000288.833, 141
Trd, 000291.400, 159
Trd, 000291.800, 132
Trd, 000292.333, 111
Trd, 000292.433, 124
Trd, 000292.483, 138
Trd, 000293.233, 155
Trd, 000295.850, 148
Trd, 000296.817, 177
Trd, 000297.300, 121
Trd, 000297.800, 132
Trd, 000298.133, 125
Trd, 000298.483, 158
Trd, 000298.750, 160
