Trd, 000005.117, 195
Trd, 000005.183, 140
Trd, 000005.517, 169
Trd, 000005.633, 148
Trd, 000005.700, 176
Trd, 000005.717, 158
Trd, 000005.917, 120
Trd, 000006.400, 138
Trd, 000007.617, 162
Trd, 000008.667, 168
Trd, 000010.383, 151
Trd, 000010.600, 161
Trd, 000010.733, 162
Trd, 000011.067, 137
Trd, 000011.433, 165
Trd, 000011.550, 163
Trd, 000011.817, 179
Trd, 000012.233, 166
Trd, 000015.167, 130
Trd, 000015.250, 193
Trd, 000015.483, 157
Trd, 000016.317, 175
Trd, 000016.800, 157
Trd, 000016.833, 146
Trd, 000017.033, 164
Trd, 000017.900, 142
Trd, 000018.233, 134
Trd, 000020.850, 146
Trd, 000020.883, 166
Trd, 000021.100, 186
Trd, 000021.200, 134
Trd, 000021.283, 165
Trd, 000021.617, 179
Trd, 000021.900, 174
Trd, 000022.233, 144
Trd, 000023.250, 134
Trd, 000024.533, 161
Trd, 000025.367, 190
Trd, 000025.467, 185
Trd, 000025.583, 154
Trd, 000025.800, 151
Trd, 000027.000, 151
Trd, 000030.067, 174
Trd, 000030.517, 145
Trd, 000030.717, 140
Trd, 000030.867, 171
Trd, 000030.933, 134
Trd, 000031.350, 145
Trd, 000031.800, 160
Trd, 000032.433, 141
Trd, 000032.833, 131
Trd, 000034.300, 161
Trd, 000035.217, 191
Trd, 000035.450, 136
Trd, 000035.733, 100
Trd, 000036.583, 141
Trd, 000036.667, 134
Trd, 000037.333, 160
Trd, 000037.600, 138
Trd, 000038.283, 152
Trd, 000038.450, 166
Trd, 000040.550, 167
Trd, 000040.600, 157
Trd, 000041.017, 131
Trd, 000041.100, 139
Trd, 000041.300, 150
Trd, 000041.517, 131
Trd, 000042.883, 150
Trd, 000043.767, 166
Trd, 000045.150, 163
Trd, 000045.450, 107
Trd, 000045.800, 134
Trd, 000046.200, 139
Trd, 000046.417, 152
Trd, 000047.217, 157
Trd, 000047.350, 160
Trd, 000048.800, 168
Trd, 000049.083, 174
Trd, 000049.533, 167
Trd, 000049.983, 140
Trd, 000050.867, 136
Trd, 000051.483, 109
Trd, 000051.600, 125
Trd, 000051.783, 147
Trd, 000052.500, 145
Trd, 000052.867, 160
Trd, 000055.483, 120
Trd, 000055.700, 107
Trd, 000055.867, 134
Trd, 000055.917, 160
Trd, 000056.200, 191
Trd, 000056.700, 148
Trd, 000057.083, 148
Trd, 000057.533, 151
Trd, 000058.500, 144
Trd, 000060.633, 129
Trd, 000060.833, 132
Trd, 000061.683, 140
Trd, 000062.050, 144
Trd, 000062.083, 137
Trd, 000062.100, 160
Trd, 000065.100, 154
Trd, 000065.550, 140
Trd, 000065.933, 158
Trd, 000066.650, 141
Trd, 000066.950, 165
Trd, 000067.667, 146
Trd, 000067.867, 152
Trd, 000068.450, 166
Trd, 000069.967, 171
Trd, 000070.617, 161
Trd, 000070.667, 192
Trd, 000071.100, 165
Trd, 000071.317, 142
Trd, 000072.167, 149
Trd, 000072.417, 162
Trd, 000072.517, 165
Trd, 000073.083, 148
Trd, 000073.717, 172
Trd, 000074.250, 134
Trd, 000075.650, 157
Trd, 000075.750, 173
Trd, 000075.950, 152
Trd, 000076.300, 136
Trd, 000076.667, 138
Trd, 000077.600, 144
Trd, 000077.850, 147
Trd, 000078.400, 135
Trd, 000079.483, 130
Trd, 000080.667, 135
Trd, 000080.750, 163
Trd, 000081.183, 160
Trd, 000081.433, 130
Trd, 000081.700, 134
Trd, 000082.400, 147
Trd, 000082.433, 161
Trd, 000083.500, 136
Trd, 000083.717, 138
Trd, 000084.933, 157
Trd, 000085.683, 114
Trd, 000085.867, 131
Trd, 000086.050, 145
Trd, 000086.617, 150
Trd, 000087.317, 148
Trd, 000088.633, 154
Trd, 000088.883, 154
Trd, 000089.167, 161
Trd, 000090.167, 138
Trd, 000090.750, 170
Trd, 000090.967, 182
Trd, 000091.183, 170
Trd, 000091.400, 169
Trd, 000091.700, 162
Trd, 000091.817, 183
Trd, 000091.967, 148
Trd, 000093.067, 133
Trd, 000094.000, 130
Trd, 000094.417, 155
Trd, 000095.350, 173
Trd, 000095.850, 122
Trd, 000095.933, 181
Trd, 000096.217, 139
Trd, 000096.550, 180
Trd, 000096.683, 170
Trd, 000096.733, 140
Trd, 000097.033, 150
Trd, 000097.350, 141
Trd, 000099.717, 158
Trd, 000100.700, 120
Trd, 000101.067, 188
Trd, 000101.350, 175
Trd, 000101.583, 145
Trd, 000102.933, 178
Trd, 000102.983, 174
Trd, 000104.650, 140
Trd, 000105.550, 154
Trd, 000106.350, 172
Trd, 000106.383, 167
Trd, 000106.700, 175
Trd, 000108.050, 186
Trd, 000108.250, 176
Trd, 000108.617, 176
Trd, 000108.717, 158
Trd, 000109.133, 156
Trd, 000109.233, 153
Trd, 000109.283, 136
Trd, 000110.983, 135
Trd, 000111.150, 163
Trd, 000111.233, 140
Trd, 000111.533, 188
Trd, 000111.833, 168
Trd, 000112.083, 164
Trd, 000112.700, 148
Trd, 000113.167, 164
Trd, 000115.600, 173
Trd, 000115.867, 143
Trd, 000116.083, 109
Trd, 000116.283, 160
Trd, 000116.533, 152
Trd, 000116.717, 133
Trd, 000119.417, 148
Trd, 000119.700, 169
Trd, 000119.883, 173
Trd, 000121.150, 124
Trd, 000121.183, 127
Trd, 000121.200, 135
Trd, 000121.350, 120
Trd, 000121.600, 122
Trd, 000122.583, 172
Trd, 000122.750, 172
Trd, 000123.000, 152
Trd, 000125.967, 104
Trd, 000126.017, 157
Trd, 000126.083, 161
Trd, 000127.217, 157
Trd, 000128.083, 158
Trd, 000128.483, 183
Trd, 000128.650, 166
Trd, 000129.067, 155
Trd, 000130.000, 172
Trd, 000130.333, 164
Trd, 000130.867, 188
Trd, 000131.017, 154
Trd, 000131.383, 145
Trd, 000131.700, 167
Trd, 000132.017, 171
Trd, 000132.083, 164
Trd, 000132.667, 145
Trd, 000135.150, 147
Trd, 000135.850, 189
Trd, 000136.450, 174
Trd, 000136.517, 157
Trd, 000136.767, 142
Trd, 000137.017, 124
Trd, 000138.317, 171
Trd, 000139.517, 179
Trd, 000139.817, 162
Trd, 000140.350, 166
Trd, 000141.017, 177
Trd, 000141.417, 170
Trd, 000141.467, 139
Trd, 000141.733, 135
Trd, 000141.817, 136
Trd, 000142.450, 158
Trd, 000142.867, 149
Trd, 000143.600, 172
Trd, 000144.767, 147
Trd, 000145.267, 138
Trd, 000146.017, 124
Trd, 000146.050, 179
Trd, 000146.767, 122
Trd, 000147.650, 145
Trd, 000148.483, 140
Trd, 000149.117, 145
Trd, 000149.683, 160
Trd, 000149.900, 154
Trd, 000150.267, 159
Trd, 000151.117, 102
Trd, 000151.150, 133
Trd, 000151.650, 122
Trd, 000152.117, 122
Trd, 000152.183, 142
Trd, 000152.333, 142
Trd, 000152.467, 157
Trd, 000153.000, 153
Trd, 000153.783, 160
Trd, 000156.200, 129
Trd, 000156.217, 168
Trd, 000156.400, 162
Trd, 000156.483, 149
Trd, 000156.500, 155
Trd, 000156.567, 166
Trd, 000156.667, 148
Trd, 000157.783, 121
Trd, 000157.833, 153
Trd, 000158.200, 153
Trd, 000158.350, 125
Trd, 000158.700, 152
Trd, 000160.933, 155
Trd, 000161.067, 153
Trd, 000161.750, 126
Trd, 000161.800, 135
Trd, 000162.333, 158
Trd, 000162.600, 129
Trd, 000163.900, 160
Trd, 000164.733, 169
Trd, 000165.600, 156
Trd, 000166.167, 120
Trd, 000166.333, 160
Trd, 000166.917, 127
Trd, 000167.500, 124
Trd, 000167.550, 148
Trd, 000168.017, 126
Trd, 000170.750, 153
Trd, 000171.350, 165
Trd, 000171.500, 165
Trd, 000171.600, 153
Trd, 000171.983, 142
Trd, 000172.150, 163
Trd, 000172.700, 128
Trd, 000173.350, 177
Trd, 000173.917, 154
Trd, 000174.483, 149
Trd, 000176.150, 180
Trd, 000176.267, 174
Trd, 000176.300, 137
Trd, 000176.367, 141
Trd, 000176.850, 129
Trd, 000178.350, 151
Trd, 000178.650, 137
Trd, 000181.250, 153
Trd, 000181.717, 146
Trd, 000181.767, 146
Trd, 000182.200, 160
Trd, 000182.417, 120
Trd, 000182.667, 158
Trd, 000184.217, 157
Trd, 000184.433, 152
Trd, 000184.650, 171
Trd, 000186.117, 115
Trd, 000186.167, 116
Trd, 000186.283, 114
Trd, 000186.333, 177
Trd, 000186.367, 171
Trd, 000186.900, 126
Trd, 000187.633, 131
Trd, 000189.867, 154
Trd, 000190.583, 154
Trd, 000191.467, 135
Trd, 000191.600, 144
Trd, 000191.883, 165
Trd, 000192.117, 148
Trd, 000192.167, 167
Trd, 000193.433, 130
Trd, 000195.283, 154
Trd, 000196.217, 171
Trd, 000196.333, 177
Trd, 000196.367, 159
Trd, 000196.383, 126
Trd, 000196.450, 188
Trd, 000197.200, 142
Trd, 000199.217, 149
Trd, 000199.350, 135
Trd, 000200.017, 160
Trd, 000201.183, 109
Trd, 000201.333, 146
Trd, 000201.517, 173
Trd, 000201.733, 129
Trd, 000201.933, 160
Trd, 000203.233, 153
Trd, 000205.000, 166
Trd, 000205.167, 162
Trd, 000206.133, 146
Trd, 000206.200, 162
Trd, 000206.600, 194
Trd, 000206.717, 174
Trd, 000207.317, 172
Trd, 000207.600, 170
Trd, 000208.167, 168
Trd, 000208.683, 145
Trd, 000210.767, 135
Trd, 000211.333, 135
Trd, 000211.533, 157
Trd, 000211.650, 160
Trd, 000211.850, 178
Trd, 000212.100, 161
Trd, 000213.483, 161
Trd, 000213.617, 174
Trd, 000214.000, 176
Trd, 000214.367, 161
Trd, 000215.133, 142
Trd, 000216.367, 130
Trd, 000217.083, 143
Trd, 000217.350, 136
Trd, 000218.200, 134
Trd, 000218.933, 157
Trd, 000220.217, 157
Trd, 000220.317, 152
Trd, 000221.583, 142
Trd, 000221.933, 140
Trd, 000222.017, 140
Trd, 000222.467, 151
Trd, 000223.083, 158
Trd, 000223.750, 146
Trd, 000225.583, 169
Trd, 000225.867, 157
Trd, 000225.983, 141
Trd, 000226.183, 171
Trd, 000226.750, 151
Trd, 000227.017, 143
Trd, 000227.117, 115
Trd, 000228.150, 166
Trd, 000228.167, 153
Trd, 000229.633, 159
Trd, 000230.650, 174
Trd, 000230.767, 164
Trd, 000231.500, 180
Trd, 000231.650, 136
Trd, 000232.050, 136
Trd, 000232.250, 128
Trd, 000232.417, 160
Trd, 000233.900, 170
Trd, 000234.133, 160
Trd, 000234.167, 150
Trd, 000235.433, 169
Trd, 000236.717, 144
Trd, 000237.233, 142
Trd, 000237.767, 148
Trd, 000237.800, 134
Trd, 000238.150, 168
Trd, 000239.417, 156
Trd, 000239.833, 160
Trd, 000240.317, 172
Trd, 000240.417, 143
Trd, 000241.433, 172
Trd, 000241.483, 132
Trd, 000241.983, 143
Trd, 000242.083, 113
Trd, 000243.133, 160
Trd, 000243.450, 159
Trd, 000246.017, 158
Trd, 000246.317, 128
Trd, 000246.350, 134
Trd, 000246.700, 193
Trd, 000246.750, 193
Trd, 000247.217, 153
Trd, 000248.050, 153
Trd, 000248.100, 183
Trd, 000249.750, 162
Trd, 000251.383, 173
Trd, 000251.433, 167
Trd, 000251.467, 144
Trd, 000251.500, 172
Trd, 000251.983, 145
Trd, 000252.217, 161
Trd, 000252.533, 169
Trd, 000253.283, 188
Trd, 000254.267, 127
Trd, 000256.317, 133
Trd, 000256.383, 101
Trd, 000257.000, 144
Trd, 000257.050, 139
Trd, 000257.250, 146
Trd, 000257.333, 142
Trd, 000258.333, 164
Trd, 000261.850, 151
Trd, 000262.033, 129
Trd, 000262.450, 130
Trd, 000263.200, 165
Trd, 000263.650, 188
Trd, 000264.800, 170
Trd, 000266.450, 191
Trd, 000266.533, 132
Trd, 000267.000, 173
Trd, 000267.450, 155
Trd, 000268.067, 159
Trd, 000268.200, 139
Trd, 000268.617, 146
Trd, 000270.067, 162
Trd, 000271.800, 161
Trd, 000271.833, 161
Trd, 000271.883, 160
Trd, 000272.267, 150
Trd, 000272.350, 147
Trd, 000272.933, 181
Trd, 000272.983, 154
Trd, 000273.117, 149
Trd, 000275.450, 162
Trd, 000275.550, 162
Trd, 000275.600, 187
Trd, 000276.850, 193
Trd, 000277.317, 187
Trd, 000277.383, 176
Trd, 000277.633, 174
Trd, 000277.933, 170
Trd, 000278.200, 172
Trd, 000278.333, 150
Trd, 000278.867, 140
Trd, 000279.083, 131
Trd, 000279.167, 168
Trd, 000281.517, 123
Trd, 000281.700, 140
Trd, 000282.117, 185
Trd, 000282.350, 174
Trd, 000283.550, 175
Trd, 000283.650, 154
Trd, 000283.933, 153
Trd, 000285.217, 148
Trd, 000286.267, 152
Trd, 000286.717, 142
Trd, 000287.000, 177
Trd, 000287.233, 176
Trd, 000287.400, 146
Trd, 000287.583, 138
Trd, 000288.467, 134
Trd, 000290.983, 184
Trd, 000291.533, 171
Trd, 000291.583, 108
Trd, 000292.500, 192
Trd, 000292.933, 153
Trd, 000293.100, 155
Trd, 000294.150, 149
Trd, 000294.550, 150
Trd, 000295.617, 155
Trd, 000296.767, 174
Trd, 000297.083, 137
Trd, 000297.783, 177
Trd, 000299.167, 148
Trd, 000299.250, 170
Trd, 000299.917, 176
