Trd, 000005.267, 115
Trd, 000005.383, 128
Trd, 000005.550, 141
Trd, 000005.683, 113
Trd, 000006.000, 126
Trd, 000006.500, 135
Trd, 000006.650, 137
Trd, 000006.950, 162
Trd, 000007.667, 166
Trd, 000008.050, 149
Trd, 000009.900, 164
Trd, 000010.150, 145
Trd, 000010.483, 126
Trd, 000010.550, 132
Trd, 000010.717, 133
Trd, 000011.350, 127
Trd, 000011.567, 135
Trd, 000011.767, 150
Trd, 000013.283, 142
Trd, 000014.750, 137
Trd, 000015.900, 135
Trd, 000016.217, 133
Trd, 000016.417, 145
Trd, 000016.500, 145
Trd, 000016.617, 134
Trd, 000016.783, 127
Trd, 000017.317, 142
Trd, 000017.617, 137
Trd, 000017.650, 162
Trd, 000019.967, 166
Trd, 000020.533, 121
Trd, 000020.600, 137
Trd, 000021.217, 127
Trd, 000021.533, 117
Trd, 000021.683, 135
Trd, 000022.017, 111
Trd, 000023.767, 146
Trd, 000025.750, 141
Trd, 000026.033, 138
Trd, 000026.133, 137
Trd, 000027.300, 131
Trd, 000027.500, 141
Trd, 000027.517, 129
Trd, 000027.950, 129
Trd, 000028.517, 137
Trd, 000029.433, 159
Trd, 000030.300, 136
Trd, 000030.550, 111
Trd, 000030.567, 133
Trd, 000031.083, 123
Trd, 000031.483, 120
Trd, 000031.667, 144
Trd, 000032.150, 157
Trd, 000032.750, 137
Trd, 000034.617, 157
Trd, 000035.317, 137
Trd, 000035.700, 110
Trd, 000036.783, 176
Trd, 000037.050, 166
Trd, 000037.717, 165
Trd, 000037.967, 160
Trd, 000039.133, 168
Trd, 000040.283, 127
Trd, 000040.917, 171
Trd, 000041.183, 169
Trd, 000042.267, 149
Trd, 000042.783, 149
Trd, 000044.317, 173
Trd, 000044.700, 169
Trd, 000045.017, 159
Trd, 000045.317, 134
Trd, 000045.433, 136
Trd, 000045.683, 128
Trd, 000045.817, 185
Trd, 000045.867, 166
Trd, 000046.183, 128
Trd, 000047.200, 142
Trd, 000047.850, 147
Trd, 000049.750, 147
Trd, 000050.417, 150
Trd, 000050.700, 144
Trd, 000051.050, 146
Trd, 000051.067, 147
Trd, 000051.150, 145
Trd, 000051.167, 139
Trd, 000053.883, 150
Trd, 000053.983, 155
Trd, 000055.417, 141
Trd, 000055.683, 163
Trd, 000055.783, 150
Trd, 000056.200, 149
Trd, 000056.383, 146
Trd, 000056.467, 177
Trd, 000056.717, 168
Trd, 000057.817, 143
Trd, 000060.417, 160
Trd, 000060.600, 136
Trd, 000060.800, 181
Trd, 000061.300, 153
Trd, 000061.317, 174
Trd, 000061.483, 148
Trd, 000062.017, 151
Trd, 000062.250, 142
Trd, 000062.333, 142
Trd, 000063.167, 157
Trd, 000065.417, 177
Trd, 000065.467, 148
Trd, 000066.367, 135
Trd, 000066.700, 144
Trd, 000066.967, 139
Trd, 000067.083, 133
Trd, 000067.167, 128
Trd, 000067.400, 146
Trd, 000067.900, 153
Trd, 000068.117, 156
Trd, 000068.883, 130
Trd, 000070.267, 168
Trd, 000070.783, 176
Trd, 000071.283, 176
Trd, 000071.317, 164
Trd, 000071.633, 169
Trd, 000071.933, 146
Trd, 000072.000, 145
Trd, 000073.533, 164
Trd, 000073.750, 143
Trd, 000074.700, 138
Trd, 000075.067, 166
Trd, 000075.517, 124
Trd, 000075.750, 188
Trd, 000075.783, 149
Trd, 000076.500, 172
Trd, 000077.917, 155
Trd, 000078.500, 144
Trd, 000079.067, 172
Trd, 000079.750, 178
Trd, 000080.583, 188
Trd, 000080.983, 151
Trd, 000081.083, 136
Trd, 000081.800, 140
Trd, 000082.683, 147
Trd, 000082.833, 144
Trd, 000084.200, 149
Trd, 000084.317, 151
Trd, 000085.817, 123
Trd, 000086.017, 186
Trd, 000086.167, 116
Trd, 000086.767, 123
Trd, 000087.483, 135
Trd, 000087.517, 135
Trd, 000088.117, 152
Trd, 000089.000, 167
Trd, 000089.067, 155
Trd, 000090.583, 142
Trd, 000091.033, 167
Trd, 000091.100, 154
Trd, 000091.283, 162
Trd, 000091.683, 165
Trd, 000091.850, 176
Trd, 000092.300, 150
Trd, 000092.833, 174
Trd, 000093.483, 167
Trd, 000095.683, 134
Trd, 000096.117, 142
Trd, 000096.633, 150
Trd, 000096.767, 135
Trd, 000097.750, 135
Trd, 000098.350, 148
Trd, 000099.083, 156
Trd, 000099.583, 121
Trd, 000101.067, 152
Trd, 000101.183, 152
Trd, 000101.400, 138
Trd, 000101.417, 137
Trd, 000102.817, 155
Trd, 000103.033, 145
Trd, 000103.350, 154
Trd, 000104.017, 161
Trd, 000104.500, 165
Trd, 000104.900, 178
Trd, 000105.850, 153
Trd, 000106.133, 173
Trd, 000106.167, 161
Trd, 000106.767, 164
Trd, 000107.183, 165
Trd, 000107.400, 170
Trd, 000107.933, 161
Trd, 000110.383, 162
Trd, 000111.217, 158
Trd, 000111.283, 151
Trd, 000112.217, 169
Trd, 000112.350, 168
Trd, 000113.067, 183
Trd, 000113.167, 161
Trd, 000113.283, 158
Trd, 000114.833, 149
Trd, 000115.800, 170
Trd, 000115.950, 148
Trd, 000116.717, 142
Trd, 000116.767, 138
Trd, 000116.933, 148
Trd, 000119.283, 200
Trd, 000119.433, 164
Trd, 000119.967, 183
Trd, 000121.883, 180
Trd, 000121.967, 166
Trd, 000122.183, 150
Trd, 000122.500, 178
Trd, 000122.767, 148
Trd, 000123.067, 144
Trd, 000123.500, 139
Trd, 000124.000, 186
Trd, 000124.950, 158
Trd, 000126.233, 147
Trd, 000126.383, 143
Trd, 000127.100, 159
Trd, 000127.117, 144
Trd, 000127.283, 184
Trd, 000127.917, 141
Trd, 000128.517, 132
Trd, 000128.783, 141
Trd, 000130.867, 155
Trd, 000131.117, 149
Trd, 000131.567, 148
Trd, 000131.650, 143
Trd, 000132.300, 144
Trd, 000133.217, 156
Trd, 000134.067, 156
Trd, 000134.900, 165
Trd, 000135.250, 143
Trd, 000136.017, 170
Trd, 000136.200, 119
Trd, 000137.183, 135
Trd, 000137.433, 139
Trd, 000137.817, 146
Trd, 000137.850, 153
Trd, 000137.867, 133
Trd, 000137.900, 133
Trd, 000139.550, 160
Trd, 000139.983, 169
Trd, 000140.650, 153
Trd, 000141.267, 158
Trd, 000141.817, 142
Trd, 000141.917, 141
Trd, 000141.950, 136
Trd, 000142.217, 132
Trd, 000142.917, 158
Trd, 000144.500, 178
Trd, 000144.750, 152
Trd, 000145.567, 154
Trd, 000146.250, 129
Trd, 000146.617, 132
Trd, 000146.950, 131
Trd, 000147.733, 145
Trd, 000147.833, 136
Trd, 000147.933, 145
Trd, 000148.183, 146
Trd, 000149.600, 142
Trd, 000151.233, 116
Trd, 000151.250, 115
Trd, 000151.350, 154
Trd, 000151.883, 156
Trd, 000152.767, 147
Trd, 000153.000, 153
Trd, 000153.333, 162
Trd, 000156.167, 168
Trd, 000156.350, 155
Trd, 000156.550, 157
Trd, 000157.083, 145
Trd, 000157.117, 160
Trd, 000157.133, 160
Trd, 000158.433, 156
Trd, 000158.533, 176
Trd, 000159.567, 170
Trd, 000160.633, 153
Trd, 000161.083, 164
Trd, 000161.200, 149
Trd, 000161.583, 169
Trd, 000162.783, 149
Trd, 000163.383, 171
Trd, 000163.717, 159
Trd, 000164.267, 155
Trd, 000166.017, 130
Trd, 000166.333, 127
Trd, 000166.617, 162
Trd, 000167.383, 176
Trd, 000167.833, 139
Trd, 000169.800, 173
Trd, 000170.633, 180
Trd, 000171.100, 146
Trd, 000171.300, 146
Trd, 000171.683, 158
Trd, 000172.217, 154
Trd, 000172.350, 180
Trd, 000172.417, 165
Trd, 000172.650, 148
Trd, 000173.800, 170
Trd, 000175.050, 145
Trd, 000175.383, 144
Trd, 000176.100, 146
Trd, 000176.333, 147
Trd, 000176.550, 144
Trd, 000176.600, 142
Trd, 000176.867, 145
Trd, 000177.133, 137
Trd, 000177.983, 143
Trd, 000179.433, 141
Trd, 000180.650, 157
Trd, 000181.217, 163
Trd, 000181.617, 165
Trd, 000182.833, 162
Trd, 000184.983, 162
Trd, 000185.167, 160
Trd, 000186.167, 131
Trd, 000186.467, 142
Trd, 000187.300, 145
Trd, 000187.633, 141
Trd, 000188.067, 136
Trd, 000188.183, 175
Trd, 000188.467, 134
Trd, 000188.733, 157
Trd, 000191.200, 171
Trd, 000191.367, 149
Trd, 000191.633, 139
Trd, 000191.667, 116
Trd, 000192.167, 139
Trd, 000192.983, 138
Trd, 000193.017, 132
Trd, 000193.650, 143
Trd, 000196.183, 113
Trd, 000196.333, 180
Trd, 000196.800, 149
Trd, 000197.067, 148
Trd, 000198.883, 144
Trd, 000199.583, 145
Trd, 000199.800, 149
Trd, 000199.833, 159
Trd, 000201.467, 143
Trd, 000201.550, 155
Trd, 000202.567, 157
Trd, 000203.767, 151
Trd, 000203.933, 154
Trd, 000204.100, 145
Trd, 000204.500, 161
Trd, 000204.550, 153
Trd, 000205.067, 176
Trd, 000206.217, 170
Trd, 000206.433, 173
Trd, 000206.517, 163
Trd, 000206.733, 157
Trd, 000207.550, 179
Trd, 000208.200, 158
Trd, 000208.983, 152
Trd, 000209.133, 165
Trd, 000209.417, 161
Trd, 000209.433, 149
Trd, 000211.383, 125
Trd, 000211.583, 144
Trd, 000212.283, 150
Trd, 000212.583, 150
Trd, 000212.850, 168
Trd, 000212.950, 180
Trd, 000213.050, 152
Trd, 000214.133, 149
Trd, 000216.433, 125
Trd, 000216.783, 170
Trd, 000217.683, 157
Trd, 000217.933, 141
Trd, 000218.100, 142
Trd, 000218.617, 137
Trd, 000218.917, 151
Trd, 000219.683, 149
Trd, 000219.700, 157
Trd, 000221.417, 119
Trd, 000221.683, 130
Trd, 000222.083, 154
Trd, 000222.100, 145
Trd, 000222.317, 160
Trd, 000222.967, 143
Trd, 000223.417, 137
Trd, 000223.667, 154
Trd, 000224.800, 141
Trd, 000225.883, 162
Trd, 000226.383, 175
Trd, 000226.650, 155
Trd, 000227.650, 152
Trd, 000228.367, 161
Trd, 000228.783, 157
Trd, 000230.150, 158
Trd, 000231.683, 136
Trd, 000231.850, 129
Trd, 000231.900, 148
Trd, 000232.150, 152
Trd, 000232.167, 153
Trd, 000233.550, 171
Trd, 000233.750, 160
Trd, 000234.017, 154
Trd, 000235.733, 178
Trd, 000236.417, 125
Trd, 000236.500, 148
Trd, 000236.700, 150
Trd, 000236.917, 121
Trd, 000237.317, 119
Trd, 000238.083, 147
Trd, 000238.283, 152
Trd, 000241.133, 148
Trd, 000241.633, 169
Trd, 000242.217, 158
Trd, 000242.283, 149
Trd, 000242.583, 144
Trd, 000243.717, 143
Trd, 000244.083, 142
Trd, 000244.533, 146
Trd, 000245.617, 164
Trd, 000246.450, 145
Trd, 000246.500, 129
Trd, 000246.600, 157
Trd, 000247.117, 136
Trd, 000247.133, 145
Trd, 000248.583, 161
Trd, 000249.917, 177
Trd, 000250.933, 138
Trd, 000251.333, 133
Trd, 000251.583, 144
Trd, 000251.800, 160
Trd, 000251.933, 144
Trd, 000251.967, 142
Trd, 000252.200, 141
Trd, 000252.867, 164
Trd, 000256.033, 156
Trd, 000256.550, 110
Trd, 000256.833, 135
Trd, 000256.867, 136
Trd, 000256.883, 121
Trd, 000256.933, 149
Trd, 000257.533, 151
Trd, 000258.683, 148
Trd, 000261.350, 174
Trd, 000261.767, 131
Trd, 000262.733, 134
Trd, 000263.950, 161
Trd, 000264.433, 162
Trd, 000264.933, 164
Trd, 000266.717, 156
Trd, 000266.900, 150
Trd, 000268.267, 163
Trd, 000268.517, 148
Trd, 000268.633, 145
Trd, 000269.117, 163
Trd, 000269.383, 144
Trd, 000269.617, 178
Trd, 000269.633, 142
Trd, 000271.383, 137
Trd, 000272.233, 139
Trd, 000272.300, 143
Trd, 000272.333, 144
Trd, 000273.017, 164
Trd, 000273.617, 149
Trd, 000275.900, 138
Trd, 000276.733, 142
Trd, 000276.883, 144
Trd, 000277.133, 172
Trd, 000277.150, 138
Trd, 000277.167, 137
Trd, 000278.600, 154
Trd, 000278.617, 159
Trd, 000279.600, 162
Trd, 000280.467, 166
Trd, 000281.533, 127
Trd, 000281.650, 185
Trd, 000282.417, 169
Trd, 000282.600, 155
Trd, 000282.900, 154
Trd, 000282.933, 149
Trd, 000283.283, 149
Trd, 000283.617, 160
Trd, 000284.033, 160
Trd, 000285.900, 168
Trd, 000286.600, 128
Trd, 000286.717, 152
Trd, 000287.667, 149
Trd, 000287.683, 144
Trd, 000287.767, 162
Trd, 000287.933, 142
Trd, 000288.183, 169
Trd, 000288.733, 134
Trd, 000289.250, 160
Trd, 000291.333, 174
Trd, 000291.517, 141
Trd, 000293.167, 166
Trd, 000293.617, 148
Trd, 000293.650, 147
Trd, 000294.117, 170
Trd, 000294.300, 168
Trd, 000294.650, 172
Trd, 000295.333, 160
Trd, 000295.733, 145
Trd, 000295.883, 143
Trd, 000296.767, 148
Trd, 000297.183, 182
Trd, 000298.050, 151
Trd, 000298.083, 168
Trd, 000298.983, 156
Trd, 000299.217, 169
