Trd, 000002.117, 131
Trd, 000002.750, 135
Trd, 000003.567, 125
Trd, 000003.933, 132
Trd, 000004.750, 132
Trd, 000005.000, 133
Trd, 000005.117, 133
Trd, 000006.050, 131
Trd, 000006.217, 134
Trd, 000006.333, 137
Trd, 000007.717, 132
Trd, 000007.817, 131
Trd, 000008.050, 131
Trd, 000009.017, 130
Trd, 000009.250, 131
Trd, 000009.617, 131
Trd, 000010.600, 132
Trd, 000010.783, 134
Trd, 000010.800, 135
Trd, 000011.633, 135
Trd, 000012.083, 135
Trd, 000012.833, 136
Trd, 000012.983, 138
Trd, 000013.950, 169
Trd, 000014.150, 135
Trd, 000014.550, 134
Trd, 000015.350, 133
Trd, 000015.400, 135
Trd, 000015.717, 137
Trd, 000016.567, 137
Trd, 000017.283, 132
Trd, 000018.783, 137
Trd, 000019.200, 133
Trd, 000019.500, 137
Trd, 000020.517, 157
Trd, 000022.433, 144
Trd, 000022.467, 148
Trd, 000023.267, 145
Trd, 000023.667, 151
Trd, 000023.683, 152
Trd, 000023.700, 153
Trd, 000023.783, 170
Trd, 000024.300, 146
Trd, 000025.000, 143
Trd, 000025.583, 137
Trd, 000025.867, 153
Trd, 000026.383, 148
Trd, 000026.650, 154
Trd, 000027.500, 139
Trd, 000028.217, 143
Trd, 000028.950, 150
Trd, 000029.317, 147
Trd, 000029.933, 148
Trd, 000030.217, 149
Trd, 000031.117, 149
Trd, 000032.617, 144
Trd, 000033.383, 136
Trd, 000034.033, 137
Trd, 000034.050, 147
Trd, 000034.117, 150
Trd, 000035.067, 168
Trd, 000035.550, 159
Trd, 000035.967, 154
Trd, 000036.433, 167
Trd, 000037.167, 168
Trd, 000037.467, 154
Trd, 000037.517, 171
Trd, 000037.750, 175
Trd, 000038.267, 171
Trd, 000038.450, 152
Trd, 000039.117, 152
Trd, 000039.650, 158
Trd, 000043.017, 143
Trd, 000043.367, 145
Trd, 000043.650, 145
Trd, 000043.950, 143
Trd, 000044.050, 141
Trd, 000044.167, 144
Trd, 000044.300, 141
Trd, 000044.350, 146
Trd, 000045.100, 145
Trd, 000045.600, 145
Trd, 000046.200, 141
Trd, 000047.967, 142
Trd, 000048.017, 142
Trd, 000048.533, 142
Trd, 000049.083, 143
Trd, 000049.400, 141
Trd, 000049.700, 146
Trd, 000051.533, 146
Trd, 000051.633, 144
Trd, 000051.883, 152
Trd, 000052.067, 153
Trd, 000052.500, 145
Trd, 000053.033, 150
Trd, 000054.300, 150
Trd, 000054.633, 149
Trd, 000054.817, 170
Trd, 000055.183, 157
Trd, 000055.433, 173
Trd, 000056.000, 151
Trd, 000057.733, 171
Trd, 000058.050, 155
Trd, 000058.833, 165
Trd, 000058.883, 154
Trd, 000059.117, 164
Trd, 000060.267, 162
Trd, 000060.783, 161
Trd, 000062.333, 153
Trd, 000062.800, 147
Trd, 000062.983, 155
Trd, 000063.067, 147
Trd, 000063.150, 156
Trd, 000063.783, 154
Trd, 000063.917, 155
Trd, 000064.150, 155
Trd, 000065.333, 151
Trd, 000065.733, 153
Trd, 000066.517, 154
Trd, 000066.550, 161
Trd, 000066.667, 174
Trd, 000067.033, 179
Trd, 000067.050, 188
Trd, 000067.300, 174
Trd, 000067.783, 153
Trd, 000068.600, 151
Trd, 000070.617, 140
Trd, 000071.883, 141
Trd, 000072.150, 141
Trd, 000072.217, 138
Trd, 000072.867, 141
Trd, 000073.867, 138
Trd, 000074.417, 171
Trd, 000075.317, 154
Trd, 000075.567, 151
Trd, 000075.867, 150
Trd, 000075.950, 150
Trd, 000076.767, 150
Trd, 000077.650, 154
Trd, 000077.833, 154
Trd, 000078.000, 152
Trd, 000079.250, 166
Trd, 000079.317, 165
Trd, 000079.683, 160
Trd, 000079.867, 159
Trd, 000080.717, 170
Trd, 000080.750, 157
Trd, 000081.267, 157
Trd, 000081.683, 163
Trd, 000083.983, 159
Trd, 000085.017, 158
Trd, 000085.267, 159
Trd, 000085.950, 157
Trd, 000086.117, 149
Trd, 000086.200, 145
Trd, 000086.283, 142
Trd, 000086.467, 156
Trd, 000086.850, 158
Trd, 000087.383, 159
Trd, 000087.950, 175
Trd, 000088.250, 143
Trd, 000088.917, 143
Trd, 000089.300, 153
Trd, 000089.500, 160
Trd, 000090.617, 143
Trd, 000091.067, 156
Trd, 000091.683, 177
Trd, 000091.900, 180
Trd, 000092.133, 167
Trd, 000093.550, 163
Trd, 000093.583, 165
Trd, 000095.300, 151
Trd, 000095.767, 150
Trd, 000096.350, 153
Trd, 000097.300, 152
Trd, 000097.767, 153
Trd, 000098.050, 151
Trd, 000098.567, 151
Trd, 000098.600, 143
Trd, 000099.267, 150
Trd, 000099.283, 150
Trd, 000100.400, 151
Trd, 000100.500, 156
Trd, 000101.450, 146
Trd, 000101.833, 157
Trd, 000102.933, 158
Trd, 000104.450, 160
Trd, 000104.533, 159
Trd, 000104.683, 159
Trd, 000104.900, 147
Trd, 000105.433, 161
Trd, 000105.733, 178
Trd, 000107.100, 181
Trd, 000107.883, 156
Trd, 000109.033, 180
Trd, 000109.967, 167
Trd, 000110.300, 177
Trd, 000110.367, 165
Trd, 000111.717, 165
Trd, 000111.750, 162
Trd, 000114.067, 163
Trd, 000114.600, 156
Trd, 000115.267, 160
Trd, 000116.033, 160
Trd, 000116.300, 161
Trd, 000116.383, 156
Trd, 000116.717, 148
Trd, 000120.150, 152
Trd, 000120.167, 154
Trd, 000120.500, 152
Trd, 000120.933, 151
Trd, 000120.967, 153
Trd, 000121.433, 149
Trd, 000122.083, 152
Trd, 000122.150, 150
Trd, 000122.367, 155
Trd, 000123.033, 150
Trd, 000123.050, 149
Trd, 000123.650, 145
Trd, 000124.283, 179
Trd, 000126.133, 158
Trd, 000126.333, 159
Trd, 000126.683, 158
Trd, 000127.050, 156
Trd, 000127.100, 160
Trd, 000127.633, 159
Trd, 000129.600, 151
Trd, 000130.650, 179
Trd, 000130.783, 180
Trd, 000130.933, 156
Trd, 000131.033, 180
Trd, 000131.967, 169
Trd, 000132.133, 158
Trd, 000132.833, 167
Trd, 000133.033, 168
Trd, 000133.883, 170
Trd, 000134.150, 157
Trd, 000135.200, 154
Trd, 000135.450, 159
Trd, 000136.200, 151
Trd, 000137.117, 154
Trd, 000137.950, 148
Trd, 000138.300, 144
Trd, 000138.500, 151
Trd, 000139.333, 152
Trd, 000140.033, 150
Trd, 000140.883, 154
Trd, 000141.367, 155
Trd, 000141.517, 155
Trd, 000141.683, 156
Trd, 000142.433, 155
Trd, 000142.550, 156
Trd, 000142.717, 154
Trd, 000142.867, 169
Trd, 000143.833, 182
Trd, 000144.000, 151
Trd, 000144.200, 147
Trd, 000144.533, 150
Trd, 000144.767, 148
Trd, 000146.233, 155
Trd, 000146.683, 147
Trd, 000147.050, 155
Trd, 000147.817, 153
Trd, 000148.033, 153
Trd, 000148.317, 151
Trd, 000149.417, 151
Trd, 000150.350, 148
Trd, 000150.483, 152
Trd, 000150.933, 153
Trd, 000151.583, 154
Trd, 000151.917, 148
Trd, 000152.433, 149
Trd, 000152.567, 155
Trd, 000153.417, 153
Trd, 000154.683, 152
Trd, 000155.433, 180
Trd, 000155.517, 150
Trd, 000156.350, 152
Trd, 000156.567, 150
Trd, 000157.417, 150
Trd, 000157.567, 153
Trd, 000158.083, 149
Trd, 000158.450, 150
Trd, 000158.800, 152
Trd, 000159.600, 152
Trd, 000160.267, 150
Trd, 000160.850, 153
Trd, 000160.933, 153
Trd, 000161.667, 172
Trd, 000161.783, 172
Trd, 000162.583, 171
Trd, 000163.667, 168
Trd, 000163.750, 164
Trd, 000164.083, 168
Trd, 000164.533, 158
Trd, 000165.533, 157
Trd, 000165.817, 161
Trd, 000166.483, 160
Trd, 000167.067, 158
Trd, 000167.167, 158
Trd, 000167.700, 157
Trd, 000169.317, 166
Trd, 000169.400, 185
Trd, 000169.667, 157
Trd, 000170.450, 151
Trd, 000171.133, 156
Trd, 000171.283, 157
Trd, 000171.500, 163
Trd, 000171.717, 169
Trd, 000173.967, 165
Trd, 000174.000, 163
Trd, 000174.350, 170
Trd, 000174.433, 161
Trd, 000174.967, 166
Trd, 000175.050, 160
Trd, 000175.883, 163
Trd, 000177.433, 155
Trd, 000178.917, 153
Trd, 000179.083, 152
Trd, 000179.233, 154
Trd, 000179.300, 155
Trd, 000179.683, 151
Trd, 000180.067, 152
Trd, 000181.317, 151
Trd, 000181.400, 152
Trd, 000181.550, 151
Trd, 000182.000, 170
Trd, 000183.583, 155
Trd, 000183.667, 154
Trd, 000184.317, 154
Trd, 000184.667, 154
Trd, 000185.067, 152
Trd, 000185.350, 152
Trd, 000185.650, 144
Trd, 000186.450, 149
Trd, 000186.833, 149
Trd, 000188.083, 150
Trd, 000188.333, 150
Trd, 000188.667, 150
Trd, 000189.283, 150
Trd, 000189.750, 150
Trd, 000189.883, 152
Trd, 000190.333, 150
Trd, 000190.600, 153
Trd, 000191.150, 150
Trd, 000191.917, 185
Trd, 000192.383, 154
Trd, 000192.417, 187
Trd, 000192.600, 175
Trd, 000193.100, 154
Trd, 000195.550, 160
Trd, 000195.867, 159
Trd, 000196.450, 158
Trd, 000196.717, 163
Trd, 000196.800, 156
Trd, 000197.317, 160
Trd, 000198.750, 154
Trd, 000198.983, 155
Trd, 000199.267, 162
Trd, 000199.550, 186
Trd, 000199.700, 188
Trd, 000200.083, 173
Trd, 000200.367, 164
Trd, 000201.133, 160
Trd, 000201.167, 173
Trd, 000202.067, 176
Trd, 000202.300, 171
Trd, 000203.150, 175
Trd, 000204.783, 172
Trd, 000204.967, 172
Trd, 000205.067, 166
Trd, 000205.933, 162
Trd, 000206.467, 171
Trd, 000207.933, 166
Trd, 000208.917, 171
Trd, 000209.050, 174
Trd, 000209.467, 171
Trd, 000209.617, 167
Trd, 000209.933, 173
Trd, 000210.267, 173
Trd, 000210.517, 162
Trd, 000211.450, 172
Trd, 000211.567, 174
Trd, 000212.283, 174
Trd, 000212.433, 162
Trd, 000212.483, 173
Trd, 000214.233, 170
Trd, 000215.200, 167
Trd, 000215.267, 166
Trd, 000216.367, 165
Trd, 000217.300, 164
Trd, 000217.550, 162
Trd, 000217.767, 158
Trd, 000218.217, 167
Trd, 000218.867, 190
Trd, 000219.350, 168
Trd, 000219.517, 165
Trd, 000219.950, 163
Trd, 000220.567, 168
Trd, 000221.267, 175
Trd, 000221.950, 158
Trd, 000223.033, 166
Trd, 000223.300, 165
Trd, 000223.783, 163
Trd, 000223.917, 168
Trd, 000223.933, 202
Trd, 000224.000, 155
Trd, 000224.733, 194
Trd, 000224.950, 193
Trd, 000226.667, 173
Trd, 000227.283, 180
Trd, 000227.400, 174
Trd, 000227.850, 173
Trd, 000228.433, 181
Trd, 000228.667, 165
Trd, 000229.583, 163
Trd, 000229.883, 159
Trd, 000230.400, 175
Trd, 000231.100, 173
Trd, 000231.517, 171
Trd, 000232.117, 170
Trd, 000232.467, 170
Trd, 000233.167, 167
Trd, 000233.917, 168
Trd, 000234.150, 169
Trd, 000235.017, 168
Trd, 000235.667, 168
Trd, 000235.767, 169
Trd, 000236.050, 167
Trd, 000236.167, 164
Trd, 000236.567, 188
Trd, 000236.600, 192
Trd, 000237.733, 160
Trd, 000238.050, 178
Trd, 000238.417, 179
Trd, 000239.050, 176
Trd, 000240.533, 177
Trd, 000240.550, 180
Trd, 000240.683, 179
Trd, 000241.050, 175
Trd, 000241.383, 180
Trd, 000241.750, 167
Trd, 000242.100, 172
Trd, 000243.217, 171
Trd, 000243.633, 172
Trd, 000243.817, 166
Trd, 000243.950, 173
Trd, 000245.000, 174
Trd, 000245.167, 174
Trd, 000245.433, 175
Trd, 000246.017, 171
Trd, 000248.033, 173
Trd, 000248.783, 166
Trd, 000248.983, 172
Trd, 000249.667, 169
Trd, 000249.900, 169
Trd, 000249.983, 165
Trd, 000250.450, 169
Trd, 000250.500, 170
Trd, 000251.100, 169
Trd, 000251.267, 166
Trd, 000252.083, 165
Trd, 000252.100, 166
Trd, 000252.183, 164
Trd, 000252.517, 164
Trd, 000253.883, 165
Trd, 000254.267, 163
Trd, 000254.333, 164
Trd, 000254.450, 165
Trd, 000254.883, 163
Trd, 000255.450, 167
Trd, 000256.083, 184
Trd, 000256.850, 168
Trd, 000257.333, 163
Trd, 000257.583, 162
Trd, 000258.517, 163
Trd, 000258.550, 167
Trd, 000259.983, 163
Trd, 000260.117, 166
Trd, 000261.100, 157
Trd, 000261.283, 159
Trd, 000261.650, 160
Trd, 000262.517, 161
Trd, 000262.633, 162
Trd, 000263.033, 158
Trd, 000263.217, 162
Trd, 000264.250, 169
Trd, 000264.450, 179
Trd, 000264.500, 181
Trd, 000264.883, 178
Trd, 000264.967, 198
Trd, 000265.267, 181
Trd, 000265.383, 181
Trd, 000266.050, 181
Trd, 000266.100, 177
Trd, 000266.383, 182
Trd, 000266.783, 182
Trd, 000267.483, 179
Trd, 000268.067, 164
Trd, 000268.217, 176
Trd, 000268.300, 181
Trd, 000268.900, 181
Trd, 000268.983, 179
Trd, 000269.033, 178
Trd, 000269.700, 182
Trd, 000270.633, 173
Trd, 000271.017, 184
Trd, 000272.400, 186
Trd, 000272.917, 181
Trd, 000273.400, 179
Trd, 000273.733, 178
Trd, 000273.867, 179
Trd, 000274.200, 177
Trd, 000274.283, 179
Trd, 000274.817, 176
Trd, 000275.867, 176
Trd, 000275.917, 174
Trd, 000276.233, 176
Trd, 000276.767, 174
Trd, 000276.867, 173
Trd, 000276.933, 168
Trd, 000278.000, 168
Trd, 000278.783, 174
Trd, 000279.100, 178
Trd, 000279.350, 182
Trd, 000280.183, 190
Trd, 000280.217, 190
Trd, 000280.717, 182
Trd, 000281.683, 184
Trd, 000282.033, 184
Trd, 000282.417, 179
Trd, 000282.833, 185
Trd, 000282.933, 174
Trd, 000283.783, 181
Trd, 000285.050, 177
Trd, 000285.583, 179
Trd, 000286.100, 178
Trd, 000286.183, 180
Trd, 000286.383, 181
Trd, 000286.617, 176
Trd, 000286.750, 183
Trd, 000286.800, 175
Trd, 000287.033, 169
Trd, 000287.117, 184
Trd, 000287.500, 167
Trd, 000287.683, 171
Trd, 000288.217, 172
Trd, 000288.450, 166
Trd, 000288.500, 172
Trd, 000288.683, 160
Trd, 000288.767, 173
Trd, 000289.600, 194
Trd, 000290.383, 177
Trd, 000290.650, 180
Trd, 000290.800, 184
Trd, 000290.983, 178
Trd, 000291.083, 186
Trd, 000291.550, 177
Trd, 000292.300, 186
Trd, 000292.383, 184
Trd, 000293.533, 184
Trd, 000295.217, 183
Trd, 000295.467, 170
Trd, 000295.633, 171
Trd, 000295.783, 193
Trd, 000295.817, 166
Trd, 000296.467, 193
Trd, 000297.333, 188
Trd, 000297.967, 191
Trd, 000297.983, 185
Trd, 000298.050, 192
Trd, 000298.200, 195
Trd, 000298.217, 175
Trd, 000298.983, 193
Trd, 000299.550, 196
Trd, 000299.883, 185
