Trd, 000001.950, 103
Trd, 000002.550, 106
Trd, 000002.567, 131
Trd, 000002.767, 140
Trd, 000003.567, 148
Trd, 000004.067, 173
Trd, 000004.350, 175
Trd, 000004.867, 175
Trd, 000005.633, 175
Trd, 000006.550, 172
Trd, 000007.617, 173
Trd, 000008.267, 173
Trd, 000008.283, 172
Trd, 000008.700, 173
Trd, 000009.950, 173
Trd, 000010.767, 172
Trd, 000011.250, 172
Trd, 000011.867, 172
Trd, 000012.000, 172
Trd, 000012.267, 171
Trd, 000012.617, 170
Trd, 000013.717, 170
Trd, 000013.967, 172
Trd, 000014.433, 169
Trd, 000015.417, 168
Trd, 000016.200, 166
Trd, 000016.233, 153
Trd, 000016.617, 164
Trd, 000018.050, 164
Trd, 000018.517, 165
Trd, 000018.600, 164
Trd, 000018.867, 165
Trd, 000019.933, 163
Trd, 000020.383, 162
Trd, 000020.867, 162
Trd, 000021.317, 162
Trd, 000021.983, 165
Trd, 000022.250, 170
Trd, 000022.767, 171
Trd, 000023.100, 169
Trd, 000024.200, 169
Trd, 000025.817, 172
Trd, 000026.133, 171
Trd, 000026.283, 170
Trd, 000027.217, 161
Trd, 000027.433, 152
Trd, 000027.483, 166
Trd, 000027.933, 147
Trd, 000030.083, 155
Trd, 000030.167, 157
Trd, 000030.283, 158
Trd, 000030.700, 160
Trd, 000031.050, 161
Trd, 000031.767, 161
Trd, 000031.867, 161
Trd, 000032.750, 169
Trd, 000033.267, 182
Trd, 000033.850, 173
Trd, 000035.050, 173
Trd, 000035.133, 170
Trd, 000035.867, 177
Trd, 000037.000, 178
Trd, 000037.100, 177
Trd, 000037.583, 177
Trd, 000037.750, 176
Trd, 000037.933, 176
Trd, 000038.233, 172
Trd, 000038.800, 169
Trd, 000040.217, 165
Trd, 000040.683, 165
Trd, 000040.867, 165
Trd, 000041.217, 166
Trd, 000041.433, 167
Trd, 000042.617, 164
Trd, 000042.867, 167
Trd, 000043.050, 154
Trd, 000043.900, 161
Trd, 000044.750, 162
Trd, 000045.417, 163
Trd, 000045.583, 162
Trd, 000046.133, 162
Trd, 000046.167, 161
Trd, 000047.383, 160
Trd, 000048.033, 157
Trd, 000048.133, 156
Trd, 000048.483, 161
Trd, 000049.250, 159
Trd, 000050.200, 158
Trd, 000050.833, 159
Trd, 000051.917, 157
Trd, 000052.200, 158
Trd, 000052.967, 162
Trd, 000053.767, 160
Trd, 000053.967, 160
Trd, 000054.483, 161
Trd, 000054.550, 163
Trd, 000054.700, 160
Trd, 000054.783, 158
Trd, 000055.783, 160
Trd, 000056.467, 157
Trd, 000057.200, 160
Trd, 000057.667, 156
Trd, 000058.400, 137
Trd, 000058.717, 160
Trd, 000059.500, 155
Trd, 000059.767, 157
Trd, 000059.867, 162
Trd, 000060.800, 160
Trd, 000061.100, 159
Trd, 000061.483, 161
Trd, 000062.300, 162
Trd, 000062.483, 163
Trd, 000062.683, 163
Trd, 000063.117, 164
Trd, 000063.250, 174
Trd, 000064.067, 172
Trd, 000064.533, 171
Trd, 000065.167, 169
Trd, 000065.300, 170
Trd, 000065.450, 168
Trd, 000066.467, 167
Trd, 000069.150, 171
Trd, 000069.367, 171
Trd, 000069.483, 170
Trd, 000070.233, 169
Trd, 000070.450, 169
Trd, 000070.467, 157
Trd, 000071.267, 170
Trd, 000071.967, 170
Trd, 000073.583, 169
Trd, 000074.100, 169
Trd, 000074.383, 170
Trd, 000074.567, 170
Trd, 000075.333, 174
Trd, 000076.267, 178
Trd, 000077.000, 178
Trd, 000077.117, 178
Trd, 000077.483, 177
Trd, 000077.750, 173
Trd, 000078.150, 177
Trd, 000078.533, 176
Trd, 000079.767, 176
Trd, 000080.850, 177
Trd, 000080.917, 176
Trd, 000081.283, 175
Trd, 000081.383, 179
Trd, 000082.033, 169
Trd, 000083.583, 178
Trd, 000084.133, 179
Trd, 000085.233, 179
Trd, 000085.517, 179
Trd, 000086.167, 176
Trd, 000086.750, 176
Trd, 000086.800, 176
Trd, 000086.933, 175
Trd, 000087.483, 175
Trd, 000087.667, 176
Trd, 000087.867, 174
Trd, 000087.900, 177
Trd, 000088.333, 168
Trd, 000091.150, 176
Trd, 000091.500, 175
Trd, 000092.300, 176
Trd, 000092.617, 176
Trd, 000093.000, 178
Trd, 000094.250, 178
Trd, 000094.600, 177
Trd, 000095.100, 174
Trd, 000095.333, 174
Trd, 000095.400, 175
Trd, 000096.433, 170
Trd, 000096.533, 173
Trd, 000096.750, 177
Trd, 000097.633, 170
Trd, 000098.283, 170
Trd, 000098.433, 168
Trd, 000099.083, 160
Trd, 000099.667, 171
Trd, 000100.700, 173
Trd, 000101.567, 157
Trd, 000102.467, 169
Trd, 000103.000, 158
Trd, 000103.617, 162
Trd, 000104.217, 162
Trd, 000104.350, 162
Trd, 000105.133, 162
Trd, 000105.150, 163
Trd, 000105.900, 164
Trd, 000106.067, 165
Trd, 000106.517, 179
Trd, 000106.650, 173
Trd, 000107.033, 160
Trd, 000107.717, 159
Trd, 000109.783, 166
Trd, 000110.117, 167
Trd, 000110.183, 168
Trd, 000110.750, 169
Trd, 000110.933, 169
Trd, 000111.017, 171
Trd, 000111.700, 171
Trd, 000111.967, 173
Trd, 000112.583, 179
Trd, 000112.917, 180
Trd, 000113.550, 171
Trd, 000114.550, 176
Trd, 000115.517, 170
Trd, 000115.567, 169
Trd, 000115.650, 169
Trd, 000116.917, 168
Trd, 000117.100, 169
Trd, 000117.283, 169
Trd, 000117.967, 172
Trd, 000118.833, 178
Trd, 000119.383, 177
Trd, 000120.150, 183
Trd, 000120.617, 184
Trd, 000121.367, 184
Trd, 000121.583, 183
Trd, 000122.067, 181
Trd, 000123.167, 182
Trd, 000123.817, 180
Trd, 000123.933, 181
Trd, 000124.450, 183
Trd, 000124.550, 180
Trd, 000125.683, 180
Trd, 000126.100, 180
Trd, 000126.117, 181
Trd, 000126.217, 183
Trd, 000126.317, 178
Trd, 000126.433, 177
Trd, 000126.750, 185
Trd, 000128.067, 170
Trd, 000128.217, 165
Trd, 000129.050, 172
Trd, 000129.700, 172
Trd, 000130.617, 174
Trd, 000130.883, 169
Trd, 000132.433, 169
Trd, 000132.517, 167
Trd, 000132.883, 170
Trd, 000133.150, 164
Trd, 000133.583, 170
Trd, 000134.417, 172
Trd, 000135.000, 168
Trd, 000135.850, 167
Trd, 000136.300, 173
Trd, 000136.900, 167
Trd, 000137.033, 171
Trd, 000137.283, 170
Trd, 000138.317, 166
Trd, 000138.700, 170
Trd, 000139.850, 167
Trd, 000140.100, 167
Trd, 000140.533, 169
Trd, 000141.417, 171
Trd, 000142.217, 170
Trd, 000142.400, 170
Trd, 000142.733, 169
Trd, 000143.450, 171
Trd, 000143.583, 172
Trd, 000144.767, 172
Trd, 000145.750, 172
Trd, 000146.483, 170
Trd, 000146.683, 169
Trd, 000147.217, 171
Trd, 000148.183, 171
Trd, 000148.817, 173
Trd, 000148.883, 172
Trd, 000149.450, 172
Trd, 000149.850, 173
Trd, 000150.000, 173
Trd, 000150.783, 175
Trd, 000150.933, 177
Trd, 000152.467, 175
Trd, 000152.617, 177
Trd, 000152.767, 180
Trd, 000153.683, 176
Trd, 000154.200, 177
Trd, 000154.833, 176
Trd, 000155.300, 177
Trd, 000155.717, 193
Trd, 000156.367, 182
Trd, 000156.533, 176
Trd, 000157.833, 177
Trd, 000158.250, 176
Trd, 000159.517, 177
Trd, 000160.017, 177
Trd, 000160.067, 180
Trd, 000161.350, 176
Trd, 000162.133, 177
Trd, 000162.200, 174
Trd, 000162.483, 174
Trd, 000162.650, 175
Trd, 000163.883, 176
Trd, 000164.367, 166
Trd, 000165.333, 173
Trd, 000165.817, 174
Trd, 000166.200, 170
Trd, 000166.383, 168
Trd, 000166.967, 170
Trd, 000167.533, 171
Trd, 000168.183, 172
Trd, 000168.350, 174
Trd, 000169.050, 174
Trd, 000169.533, 174
Trd, 000169.750, 176
Trd, 000170.700, 178
Trd, 000171.100, 178
Trd, 000171.450, 178
Trd, 000171.683, 177
Trd, 000172.550, 177
Trd, 000172.883, 175
Trd, 000173.183, 174
Trd, 000173.617, 174
Trd, 000174.450, 174
Trd, 000175.067, 174
Trd, 000175.100, 172
Trd, 000175.933, 173
Trd, 000176.267, 171
Trd, 000177.083, 173
Trd, 000178.100, 170
Trd, 000178.200, 174
Trd, 000179.817, 172
Trd, 000180.050, 172
Trd, 000180.167, 171
Trd, 000180.300, 170
Trd, 000180.783, 173
Trd, 000180.950, 175
Trd, 000181.100, 176
Trd, 000182.050, 169
Trd, 000183.450, 183
Trd, 000184.350, 189
Trd, 000185.533, 187
Trd, 000185.717, 187
Trd, 000185.767, 190
Trd, 000186.500, 185
Trd, 000186.533, 184
Trd, 000186.700, 184
Trd, 000187.850, 189
Trd, 000188.067, 189
Trd, 000188.200, 190
Trd, 000188.433, 188
Trd, 000189.583, 187
Trd, 000190.000, 188
Trd, 000191.150, 185
Trd, 000191.250, 184
Trd, 000192.717, 178
Trd, 000193.117, 184
Trd, 000193.517, 179
Trd, 000194.333, 181
Trd, 000194.733, 180
Trd, 000195.650, 181
Trd, 000195.667, 180
Trd, 000196.600, 181
Trd, 000196.650, 198
Trd, 000197.133, 178
Trd, 000197.767, 179
Trd, 000200.867, 178
Trd, 000200.917, 178
Trd, 000200.933, 178
Trd, 000201.000, 178
Trd, 000201.233, 178
Trd, 000201.750, 177
Trd, 000202.383, 175
Trd, 000202.400, 174
Trd, 000202.433, 180
Trd, 000202.500, 170
Trd, 000204.700, 176
Trd, 000204.867, 179
Trd, 000205.467, 172
Trd, 000206.450, 178
Trd, 000207.083, 176
Trd, 000207.650, 176
Trd, 000208.033, 176
Trd, 000208.417, 175
Trd, 000209.250, 175
Trd, 000209.617, 175
Trd, 000210.017, 176
Trd, 000210.200, 178
Trd, 000210.333, 174
Trd, 000211.283, 173
Trd, 000211.467, 179
Trd, 000213.017, 176
Trd, 000213.433, 176
Trd, 000213.467, 175
Trd, 000214.550, 175
Trd, 000214.867, 175
Trd, 000215.317, 176
Trd, 000215.917, 175
Trd, 000216.300, 177
Trd, 000217.000, 195
Trd, 000217.100, 179
Trd, 000218.100, 190
Trd, 000218.500, 190
Trd, 000218.917, 188
Trd, 000219.867, 190
Trd, 000219.917, 188
Trd, 000220.117, 191
Trd, 000221.117, 188
Trd, 000221.367, 189
Trd, 000221.883, 187
Trd, 000222.550, 189
Trd, 000223.167, 180
Trd, 000223.567, 177
Trd, 000224.633, 177
Trd, 000225.350, 179
Trd, 000225.500, 178
Trd, 000226.067, 178
Trd, 000226.683, 179
Trd, 000227.000, 180
Trd, 000227.067, 181
Trd, 000227.383, 202
Trd, 000227.467, 201
Trd, 000227.767, 185
Trd, 000228.983, 174
Trd, 000229.133, 195
Trd, 000229.650, 191
Trd, 000230.267, 177
Trd, 000230.967, 196
Trd, 000231.067, 195
Trd, 000232.217, 188
Trd, 000233.000, 181
Trd, 000233.267, 190
Trd, 000234.683, 180
Trd, 000235.167, 179
Trd, 000235.467, 179
Trd, 000236.350, 179
Trd, 000236.883, 181
Trd, 000237.617, 181
Trd, 000237.717, 177
Trd, 000237.917, 182
Trd, 000238.817, 178
Trd, 000239.583, 178
Trd, 000239.750, 179
Trd, 000240.000, 180
Trd, 000240.183, 179
Trd, 000240.467, 180
Trd, 000241.317, 189
Trd, 000241.850, 185
Trd, 000242.450, 185
Trd, 000242.783, 183
Trd, 000243.017, 186
Trd, 000243.217, 182
Trd, 000243.733, 175
Trd, 000244.067, 177
Trd, 000244.233, 174
Trd, 000244.300, 178
Trd, 000244.950, 176
Trd, 000245.467, 175
Trd, 000246.217, 175
Trd, 000246.333, 174
Trd, 000246.983, 174
Trd, 000247.000, 175
Trd, 000247.033, 177
Trd, 000247.283, 176
Trd, 000247.350, 172
Trd, 000247.517, 176
Trd, 000249.033, 174
Trd, 000249.417, 174
Trd, 000249.783, 174
Trd, 000250.033, 173
Trd, 000250.367, 172
Trd, 000250.717, 172
Trd, 000251.217, 171
Trd, 000251.667, 173
Trd, 000252.017, 168
Trd, 000252.250, 167
Trd, 000252.533, 170
Trd, 000253.000, 166
Trd, 000253.317, 168
Trd, 000253.683, 170
Trd, 000253.783, 164
Trd, 000254.217, 169
Trd, 000254.350, 172
Trd, 000254.417, 175
Trd, 000254.750, 177
Trd, 000255.450, 182
Trd, 000255.700, 183
Trd, 000256.033, 180
Trd, 000256.767, 198
Trd, 000256.950, 194
Trd, 000257.100, 176
Trd, 000257.333, 197
Trd, 000258.350, 176
Trd, 000258.883, 174
Trd, 000259.083, 174
Trd, 000259.300, 173
Trd, 000259.600, 156
Trd, 000259.650, 176
Trd, 000260.317, 167
Trd, 000261.367, 163
Trd, 000261.400, 164
Trd, 000261.917, 165
Trd, 000262.417, 166
Trd, 000262.450, 166
Trd, 000263.050, 170
Trd, 000263.617, 167
Trd, 000263.683, 166
Trd, 000264.083, 166
Trd, 000264.300, 165
Trd, 000265.050, 157
Trd, 000265.200, 157
Trd, 000265.500, 156
Trd, 000265.533, 158
Trd, 000265.650, 160
Trd, 000265.733, 174
Trd, 000266.350, 164
Trd, 000267.117, 171
Trd, 000267.150, 179
Trd, 000267.833, 192
Trd, 000267.933, 190
Trd, 000268.050, 189
Trd, 000268.583, 190
Trd, 000268.717, 177
Trd, 000269.250, 186
Trd, 000270.033, 186
Trd, 000270.417, 185
Trd, 000270.983, 186
Trd, 000271.067, 187
Trd, 000271.333, 188
Trd, 000271.400, 193
Trd, 000273.067, 189
Trd, 000273.133, 187
Trd, 000273.267, 185
Trd, 000273.517, 186
Trd, 000273.867, 185
Trd, 000274.317, 184
Trd, 000274.650, 179
Trd, 000275.017, 179
Trd, 000275.333, 177
Trd, 000275.667, 178
Trd, 000276.067, 177
Trd, 000276.650, 179
Trd, 000277.000, 180
Trd, 000277.133, 181
Trd, 000277.167, 185
Trd, 000277.617, 195
Trd, 000278.333, 195
Trd, 000278.400, 199
Trd, 000278.717, 194
Trd, 000278.917, 194
Trd, 000278.950, 193
Trd, 000278.967, 190
Trd, 000279.483, 177
Trd, 000280.417, 180
Trd, 000280.533, 180
Trd, 000280.583, 180
Trd, 000281.483, 180
Trd, 000281.533, 176
Trd, 000281.850, 154
Trd, 000281.867, 159
Trd, 000282.383, 172
Trd, 000283.017, 177
Trd, 000284.033, 177
Trd, 000284.417, 177
Trd, 000284.683, 185
Trd, 000284.750, 186
Trd, 000285.517, 183
Trd, 000286.117, 183
Trd, 000286.167, 178
Trd, 000286.283, 183
Trd, 000286.433, 184
Trd, 000287.367, 186
Trd, 000287.517, 186
Trd, 000288.017, 185
Trd, 000288.250, 183
Trd, 000288.867, 184
Trd, 000289.000, 185
Trd, 000289.017, 184
Trd, 000290.000, 186
Trd, 000290.617, 183
Trd, 000290.867, 181
Trd, 000291.083, 176
Trd, 000291.300, 185
Trd, 000291.400, 186
Trd, 000291.450, 187
Trd, 000291.483, 178
Trd, 000291.967, 178
Trd, 000292.700, 188
Trd, 000293.167, 190
Trd, 000293.300, 177
Trd, 000294.167, 182
Trd, 000295.100, 185
Trd, 000295.483, 179
Trd, 000296.067, 179
Trd, 000296.383, 185
Trd, 000296.900, 180
Trd, 000297.017, 178
Trd, 000298.033, 180
Trd, 000298.267, 182
Trd, 000298.600, 178
Trd, 000298.750, 178
Trd, 000298.833, 174
Trd, 000299.433, 183
Trd, 000299.450, 175
Trd, 000299.483, 184
