Trd, 000001.383, 148
Trd, 000002.633, 153
Trd, 000002.850, 172
Trd, 000003.133, 145
Trd, 000003.600, 129
Trd, 000004.500, 127
Trd, 000004.883, 127
Trd, 000005.133, 131
Trd, 000005.183, 137
Trd, 000005.217, 155
Trd, 000005.267, 158
Trd, 000005.783, 189
Trd, 000006.083, 149
Trd, 000007.683, 172
Trd, 000007.967, 171
Trd, 000008.733, 169
Trd, 000009.067, 170
Trd, 000009.667, 156
Trd, 000009.683, 167
Trd, 000009.750, 168
Trd, 000011.567, 168
Trd, 000012.200, 173
Trd, 000012.450, 156
Trd, 000012.950, 155
Trd, 000013.950, 157
Trd, 000014.100, 149
Trd, 000014.350, 157
Trd, 000015.350, 158
Trd, 000015.683, 159
Trd, 000016.150, 159
Trd, 000017.550, 157
Trd, 000018.550, 157
Trd, 000018.600, 161
Trd, 000018.667, 155
Trd, 000018.717, 155
Trd, 000018.950, 155
Trd, 000019.000, 184
Trd, 000019.383, 148
Trd, 000019.467, 188
Trd, 000019.500, 146
Trd, 000020.433, 133
Trd, 000021.717, 150
Trd, 000022.550, 160
Trd, 000023.267, 150
Trd, 000023.733, 162
Trd, 000024.000, 160
Trd, 000024.233, 162
Trd, 000024.600, 157
Trd, 000024.717, 170
Trd, 000024.750, 146
Trd, 000025.117, 187
Trd, 000025.150, 162
Trd, 000025.767, 163
Trd, 000025.817, 187
Trd, 000026.767, 175
Trd, 000027.033, 163
Trd, 000027.333, 162
Trd, 000027.467, 160
Trd, 000027.550, 151
Trd, 000028.067, 172
Trd, 000028.600, 166
Trd, 000029.050, 148
Trd, 000029.183, 153
Trd, 000029.917, 147
Trd, 000030.650, 133
Trd, 000030.717, 134
Trd, 000031.367, 145
Trd, 000032.717, 151
Trd, 000033.283, 164
Trd, 000033.533, 151
Trd, 000033.800, 130
Trd, 000034.267, 151
Trd, 000034.867, 127
Trd, 000034.883, 140
Trd, 000035.617, 134
Trd, 000035.817, 153
Trd, 000036.533, 146
Trd, 000037.283, 155
Trd, 000037.817, 159
Trd, 000038.650, 146
Trd, 000038.833, 155
Trd, 000039.083, 159
Trd, 000039.650, 161
Trd, 000039.817, 152
Trd, 000040.383, 153
Trd, 000040.483, 172
Trd, 000040.567, 151
Trd, 000040.933, 148
Trd, 000041.117, 149
Trd, 000041.133, 148
Trd, 000041.883, 152
Trd, 000042.567, 152
Trd, 000042.717, 188
Trd, 000042.933, 190
Trd, 000044.283, 162
Trd, 000044.367, 160
Trd, 000044.650, 158
Trd, 000045.133, 158
Trd, 000046.033, 150
Trd, 000046.117, 151
Trd, 000046.183, 160
Trd, 000046.800, 153
Trd, 000047.267, 151
Trd, 000047.633, 149
Trd, 000048.883, 142
Trd, 000048.933, 159
Trd, 000049.117, 144
Trd, 000050.100, 152
Trd, 000050.133, 151
Trd, 000050.583, 152
Trd, 000050.633, 153
Trd, 000050.800, 151
Trd, 000050.967, 161
Trd, 000052.100, 132
Trd, 000052.233, 147
Trd, 000052.267, 161
Trd, 000052.550, 163
Trd, 000052.933, 142
Trd, 000053.117, 169
Trd, 000053.700, 159
Trd, 000053.800, 149
Trd, 000054.633, 153
Trd, 000054.717, 136
Trd, 000056.800, 150
Trd, 000057.200, 161
Trd, 000057.967, 153
Trd, 000058.133, 151
Trd, 000058.983, 157
Trd, 000059.900, 155
Trd, 000060.067, 156
Trd, 000060.233, 154
Trd, 000060.650, 154
Trd, 000060.733, 164
Trd, 000061.100, 172
Trd, 000061.183, 171
Trd, 000061.200, 152
Trd, 000061.867, 191
Trd, 000062.650, 161
Trd, 000063.133, 173
Trd, 000063.450, 163
Trd, 000064.267, 169
Trd, 000064.517, 162
Trd, 000064.683, 161
Trd, 000064.700, 154
Trd, 000065.267, 151
Trd, 000065.667, 152
Trd, 000066.517, 169
Trd, 000066.567, 150
Trd, 000067.450, 192
Trd, 000067.833, 171
Trd, 000068.067, 163
Trd, 000068.433, 161
Trd, 000068.983, 156
Trd, 000069.300, 157
Trd, 000069.750, 156
Trd, 000069.900, 145
Trd, 000070.567, 151
Trd, 000070.683, 165
Trd, 000070.900, 193
Trd, 000071.167, 174
Trd, 000071.367, 196
Trd, 000071.800, 192
Trd, 000072.200, 144
Trd, 000073.383, 135
Trd, 000073.733, 144
Trd, 000074.100, 141
Trd, 000074.717, 142
Trd, 000075.283, 152
Trd, 000075.533, 155
Trd, 000075.867, 134
Trd, 000075.900, 139
Trd, 000076.900, 125
Trd, 000077.083, 132
Trd, 000077.533, 166
Trd, 000080.017, 155
Trd, 000080.300, 166
Trd, 000080.567, 164
Trd, 000080.950, 145
Trd, 000081.167, 163
Trd, 000081.650, 155
Trd, 000081.950, 153
Trd, 000082.950, 156
Trd, 000083.967, 163
Trd, 000084.083, 157
Trd, 000084.517, 181
Trd, 000084.783, 181
Trd, 000085.600, 177
Trd, 000086.533, 156
Trd, 000086.617, 155
Trd, 000086.733, 153
Trd, 000087.183, 155
Trd, 000087.333, 156
Trd, 000087.900, 160
Trd, 000088.083, 152
Trd, 000088.600, 150
Trd, 000088.667, 149
Trd, 000088.967, 157
Trd, 000090.067, 155
Trd, 000090.183, 157
Trd, 000090.283, 165
Trd, 000090.350, 153
Trd, 000090.433, 146
Trd, 000091.133, 166
Trd, 000091.550, 163
Trd, 000091.600, 167
Trd, 000092.067, 202
Trd, 000092.550, 201
Trd, 000092.717, 198
Trd, 000093.483, 199
Trd, 000093.500, 153
Trd, 000094.417, 139
Trd, 000094.750, 157
Trd, 000094.850, 157
Trd, 000096.150, 172
Trd, 000096.367, 161
Trd, 000097.200, 168
Trd, 000097.550, 161
Trd, 000097.583, 168
Trd, 000097.667, 158
Trd, 000098.033, 154
Trd, 000098.550, 158
Trd, 000099.917, 157
Trd, 000100.350, 156
Trd, 000100.367, 154
Trd, 000100.667, 159
Trd, 000101.317, 165
Trd, 000101.417, 154
Trd, 000102.083, 158
Trd, 000102.467, 137
Trd, 000103.083, 160
Trd, 000104.083, 152
Trd, 000104.283, 163
Trd, 000104.633, 154
Trd, 000105.767, 158
Trd, 000106.000, 154
Trd, 000106.067, 163
Trd, 000106.200, 151
Trd, 000106.450, 166
Trd, 000106.733, 169
Trd, 000106.800, 160
Trd, 000107.000, 171
Trd, 000107.150, 145
Trd, 000107.683, 144
Trd, 000109.317, 151
Trd, 000109.333, 155
Trd, 000110.833, 156
Trd, 000111.067, 157
Trd, 000111.083, 159
Trd, 000111.133, 164
Trd, 000111.183, 167
Trd, 000111.383, 193
Trd, 000112.683, 157
Trd, 000112.733, 155
Trd, 000112.933, 162
Trd, 000113.917, 183
Trd, 000114.350, 181
Trd, 000115.017, 161
Trd, 000115.117, 168
Trd, 000115.333, 161
Trd, 000116.150, 165
Trd, 000118.183, 166
Trd, 000118.867, 165
Trd, 000118.917, 156
Trd, 000119.200, 166
Trd, 000119.333, 169
Trd, 000119.950, 162
Trd, 000120.083, 170
Trd, 000120.100, 160
Trd, 000120.183, 156
Trd, 000120.917, 175
Trd, 000121.400, 144
Trd, 000122.567, 146
Trd, 000122.600, 170
Trd, 000123.567, 143
Trd, 000123.600, 149
Trd, 000124.133, 151
Trd, 000124.233, 160
Trd, 000124.983, 157
Trd, 000125.883, 155
Trd, 000126.567, 164
Trd, 000126.700, 167
Trd, 000127.450, 161
Trd, 000128.183, 170
Trd, 000128.200, 194
Trd, 000128.217, 161
Trd, 000128.333, 184
Trd, 000128.683, 144
Trd, 000129.317, 150
Trd, 000129.933, 147
Trd, 000130.250, 149
Trd, 000130.500, 150
Trd, 000131.033, 165
Trd, 000132.017, 169
Trd, 000132.200, 156
Trd, 000132.500, 171
Trd, 000132.733, 182
Trd, 000133.000, 134
Trd, 000133.483, 178
Trd, 000133.950, 161
Trd, 000134.500, 154
Trd, 000134.850, 191
Trd, 000135.517, 157
Trd, 000136.700, 142
Trd, 000136.733, 141
Trd, 000136.933, 132
Trd, 000137.183, 146
Trd, 000137.317, 171
Trd, 000137.600, 159
Trd, 000137.783, 168
Trd, 000138.533, 171
Trd, 000138.817, 193
Trd, 000139.650, 161
Trd, 000140.183, 144
Trd, 000140.733, 145
Trd, 000141.683, 162
Trd, 000142.717, 160
Trd, 000142.800, 200
Trd, 000143.767, 164
Trd, 000144.083, 163
Trd, 000144.833, 164
Trd, 000145.117, 170
Trd, 000145.417, 171
Trd, 000145.483, 163
Trd, 000145.933, 171
Trd, 000146.000, 160
Trd, 000146.250, 172
Trd, 000146.333, 158
Trd, 000147.383, 141
Trd, 000147.750, 146
Trd, 000148.683, 172
Trd, 000149.617, 173
Trd, 000150.600, 162
Trd, 000150.650, 163
Trd, 000151.317, 165
Trd, 000151.483, 162
Trd, 000151.900, 160
Trd, 000152.417, 165
Trd, 000152.683, 170
Trd, 000152.800, 163
Trd, 000152.967, 182
Trd, 000154.383, 187
Trd, 000154.450, 166
Trd, 000155.567, 180
Trd, 000156.017, 170
Trd, 000157.050, 175
Trd, 000157.500, 159
Trd, 000157.883, 147
Trd, 000157.983, 142
Trd, 000158.167, 162
Trd, 000158.533, 153
Trd, 000159.117, 163
Trd, 000159.233, 164
Trd, 000159.383, 158
Trd, 000159.983, 199
Trd, 000160.100, 202
Trd, 000161.300, 160
Trd, 000162.183, 160
Trd, 000162.450, 143
Trd, 000163.200, 144
Trd, 000163.633, 161
Trd, 000164.183, 162
Trd, 000164.517, 155
Trd, 000164.850, 163
Trd, 000166.000, 163
Trd, 000166.100, 164
Trd, 000166.117, 172
Trd, 000166.267, 156
Trd, 000167.083, 163
Trd, 000167.150, 156
Trd, 000168.183, 162
Trd, 000168.317, 165
Trd, 000168.567, 161
Trd, 000169.717, 173
Trd, 000169.933, 165
Trd, 000170.133, 167
Trd, 000170.617, 160
Trd, 000171.167, 159
Trd, 000171.350, 171
Trd, 000171.767, 172
Trd, 000172.583, 173
Trd, 000172.667, 204
Trd, 000172.983, 178
Trd, 000173.433, 172
Trd, 000173.717, 158
Trd, 000174.217, 165
Trd, 000174.483, 162
Trd, 000174.983, 161
Trd, 000175.417, 172
Trd, 000177.133, 175
Trd, 000177.417, 163
Trd, 000178.000, 172
Trd, 000178.167, 174
Trd, 000179.267, 165
Trd, 000179.367, 173
Trd, 000179.400, 174
Trd, 000179.550, 162
Trd, 000180.067, 162
Trd, 000180.450, 145
Trd, 000180.633, 149
Trd, 000181.417, 171
Trd, 000181.667, 168
Trd, 000181.967, 176
Trd, 000182.383, 169
Trd, 000182.450, 176
Trd, 000182.750, 166
Trd, 000184.217, 171
Trd, 000184.333, 172
Trd, 000184.400, 204
Trd, 000185.083, 190
Trd, 000185.333, 174
Trd, 000186.800, 175
Trd, 000186.933, 182
Trd, 000187.050, 173
Trd, 000187.150, 166
Trd, 000187.367, 159
Trd, 000187.383, 186
Trd, 000187.767, 163
Trd, 000188.250, 145
Trd, 000188.333, 183
Trd, 000188.600, 175
Trd, 000189.533, 181
Trd, 000190.317, 181
Trd, 000190.567, 174
Trd, 000190.750, 171
Trd, 000192.183, 146
Trd, 000192.983, 176
Trd, 000193.117, 168
Trd, 000193.133, 167
Trd, 000193.650, 144
Trd, 000193.700, 158
Trd, 000193.900, 164
Trd, 000194.833, 177
Trd, 000195.017, 184
Trd, 000195.517, 171
Trd, 000195.583, 172
Trd, 000195.833, 203
Trd, 000196.300, 168
Trd, 000197.050, 168
Trd, 000197.633, 181
Trd, 000197.833, 191
Trd, 000197.933, 146
Trd, 000198.567, 164
Trd, 000200.183, 171
Trd, 000200.967, 177
Trd, 000201.417, 177
Trd, 000201.683, 173
Trd, 000201.983, 192
Trd, 000202.083, 175
Trd, 000202.900, 168
Trd, 000203.283, 186
Trd, 000203.700, 164
Trd, 000204.883, 172
Trd, 000205.100, 174
Trd, 000205.167, 175
Trd, 000205.517, 178
Trd, 000205.617, 168
Trd, 000206.833, 152
Trd, 000207.067, 168
Trd, 000207.333, 154
Trd, 000208.117, 169
Trd, 000208.733, 176
Trd, 000208.750, 157
Trd, 000208.850, 168
Trd, 000209.017, 154
Trd, 000209.650, 174
Trd, 000210.450, 158
Trd, 000211.000, 165
Trd, 000211.783, 179
Trd, 000211.850, 169
Trd, 000212.000, 166
Trd, 000212.317, 177
Trd, 000212.433, 152
Trd, 000213.750, 204
Trd, 000214.117, 175
Trd, 000214.317, 161
Trd, 000214.950, 184
Trd, 000215.083, 182
Trd, 000215.567, 185
Trd, 000215.917, 195
Trd, 000216.883, 202
Trd, 000217.067, 190
Trd, 000217.283, 188
Trd, 000218.950, 189
Trd, 000219.350, 189
Trd, 000219.383, 177
Trd, 000219.450, 170
Trd, 000220.617, 160
Trd, 000220.733, 150
Trd, 000220.933, 142
Trd, 000221.500, 156
Trd, 000222.083, 157
Trd, 000222.850, 151
Trd, 000222.933, 156
Trd, 000223.133, 159
Trd, 000223.583, 177
Trd, 000223.783, 171
Trd, 000224.433, 180
Trd, 000225.150, 170
Trd, 000225.550, 170
Trd, 000226.533, 170
Trd, 000226.717, 171
Trd, 000226.833, 168
Trd, 000228.750, 171
Trd, 000228.917, 170
Trd, 000229.000, 175
Trd, 000229.200, 176
Trd, 000229.300, 169
Trd, 000229.750, 167
Trd, 000229.833, 167
Trd, 000230.083, 160
Trd, 000230.133, 150
Trd, 000230.250, 178
Trd, 000231.650, 175
Trd, 000231.917, 178
Trd, 000232.300, 207
Trd, 000233.667, 159
Trd, 000233.983, 160
Trd, 000234.367, 157
Trd, 000235.683, 165
Trd, 000235.717, 166
Trd, 000235.917, 168
Trd, 000235.967, 169
Trd, 000236.383, 169
Trd, 000236.667, 171
Trd, 000237.183, 170
Trd, 000238.000, 178
Trd, 000238.067, 181
Trd, 000238.850, 171
Trd, 000238.983, 172
Trd, 000239.433, 181
Trd, 000239.583, 170
Trd, 000240.233, 169
Trd, 000240.550, 168
Trd, 000240.983, 181
Trd, 000241.700, 172
Trd, 000242.000, 173
Trd, 000242.700, 181
Trd, 000242.900, 179
Trd, 000243.000, 178
Trd, 000243.117, 168
Trd, 000243.183, 173
Trd, 000244.050, 164
Trd, 000244.533, 171
Trd, 000245.500, 174
Trd, 000245.717, 175
Trd, 000245.733, 176
Trd, 000245.967, 176
Trd, 000246.150, 175
Trd, 000246.200, 172
Trd, 000247.783, 179
Trd, 000247.900, 182
Trd, 000248.867, 181
Trd, 000249.167, 186
Trd, 000249.200, 189
Trd, 000249.550, 190
Trd, 000249.800, 185
Trd, 000249.950, 180
Trd, 000250.667, 179
Trd, 000250.950, 183
Trd, 000251.233, 177
Trd, 000251.250, 176
Trd, 000251.583, 176
Trd, 000252.167, 174
Trd, 000252.233, 173
Trd, 000252.383, 169
Trd, 000252.917, 162
Trd, 000254.267, 170
Trd, 000254.450, 164
Trd, 000254.517, 172
Trd, 000255.200, 178
Trd, 000255.267, 169
Trd, 000255.367, 170
Trd, 000255.433, 173
Trd, 000256.450, 179
Trd, 000256.867, 180
Trd, 000256.967, 179
Trd, 000257.117, 180
Trd, 000257.333, 181
Trd, 000257.517, 184
Trd, 000258.167, 185
Trd, 000258.200, 188
Trd, 000258.417, 200
Trd, 000259.517, 184
Trd, 000259.567, 182
Trd, 000259.600, 182
Trd, 000259.683, 177
Trd, 000259.850, 205
Trd, 000260.500, 175
Trd, 000260.917, 173
Trd, 000260.967, 196
Trd, 000261.417, 186
Trd, 000261.483, 187
Trd, 000261.783, 180
Trd, 000262.583, 170
Trd, 000263.433, 182
Trd, 000263.567, 180
Trd, 000263.800, 184
Trd, 000265.033, 176
Trd, 000265.050, 175
Trd, 000265.233, 190
Trd, 000265.650, 174
Trd, 000265.667, 173
Trd, 000265.717, 175
Trd, 000265.883, 166
Trd, 000266.050, 182
Trd, 000266.300, 164
Trd, 000266.333, 163
Trd, 000266.767, 176
Trd, 000267.483, 192
Trd, 000267.850, 195
Trd, 000268.000, 191
Trd, 000268.233, 183
Trd, 000268.450, 182
Trd, 000268.500, 178
Trd, 000268.533, 171
Trd, 000269.383, 158
Trd, 000270.033, 175
Trd, 000270.333, 182
Trd, 000270.350, 183
Trd, 000271.000, 171
Trd, 000271.117, 171
Trd, 000271.250, 183
Trd, 000272.250, 177
Trd, 000272.600, 184
Trd, 000272.617, 171
Trd, 000273.267, 185
Trd, 000273.667, 173
Trd, 000273.683, 192
Trd, 000274.567, 206
Trd, 000274.783, 197
Trd, 000275.117, 195
Trd, 000275.150, 189
Trd, 000275.300, 184
Trd, 000275.733, 182
Trd, 000275.900, 171
Trd, 000276.317, 181
Trd, 000276.350, 186
Trd, 000276.550, 180
Trd, 000276.683, 164
Trd, 000277.083, 176
Trd, 000277.533, 180
Trd, 000277.933, 175
Trd, 000278.800, 183
Trd, 000279.233, 193
Trd, 000279.700, 192
Trd, 000280.300, 199
Trd, 000280.500, 199
Trd, 000281.000, 191
Trd, 000281.583, 183
Trd, 000281.650, 183
Trd, 000281.700, 183
Trd, 000282.367, 201
Trd, 000282.800, 194
Trd, 000282.850, 185
Trd, 000283.783, 188
Trd, 000285.000, 190
Trd, 000285.367, 186
Trd, 000286.350, 185
Trd, 000286.583, 183
Trd, 000286.933, 179
Trd, 000287.250, 173
Trd, 000287.317, 173
Trd, 000287.400, 174
Trd, 000287.467, 176
Trd, 000287.700, 183
Trd, 000288.000, 177
Trd, 000288.567, 186
Trd, 000288.983, 185
Trd, 000289.383, 167
Trd, 000289.533, 187
Trd, 000290.500, 187
Trd, 000291.017, 193
Trd, 000291.133, 176
Trd, 000291.383, 193
Trd, 000291.683, 187
Trd, 000291.900, 185
Trd, 000291.950, 180
Trd, 000292.683, 178
Trd, 000293.250, 177
Trd, 000293.433, 175
Trd, 000293.500, 186
Trd, 000293.517, 173
Trd, 000293.567, 173
Trd, 000293.883, 186
Trd, 000294.233, 194
Trd, 000294.567, 190
Trd, 000294.917, 191
Trd, 000295.683, 176
Trd, 000296.050, 166
Trd, 000297.217, 180
Trd, 000297.850, 157
Trd, 000298.033, 175
Trd, 000298.217, 175
Trd, 000298.550, 167
Trd, 000298.967, 187
Trd, 000299.350, 176
Trd, 000299.683, 178
Trd, 000299.883, 176
