Trd, 000001.700, 175
Trd, 000001.900, 176
Trd, 000002.417, 172
Trd, 000002.833, 129
Trd, 000003.033, 128
Trd, 000004.217, 147
Trd, 000004.533, 147
Trd, 000005.283, 149
Trd, 000005.350, 150
Trd, 000005.650, 155
Trd, 000005.783, 156
Trd, 000006.433, 149
Trd, 000006.900, 146
Trd, 000008.650, 147
Trd, 000009.167, 146
Trd, 000009.600, 147
Trd, 000009.850, 146
Trd, 000010.067, 145
Trd, 000010.333, 149
Trd, 000011.317, 145
Trd, 000011.783, 148
Trd, 000011.867, 148
Trd, 000012.217, 156
Trd, 000013.450, 147
Trd, 000013.650, 147
Trd, 000013.667, 149
Trd, 000014.433, 148
Trd, 000015.367, 148
Trd, 000015.550, 149
Trd, 000015.867, 152
Trd, 000016.267, 149
Trd, 000016.783, 148
Trd, 000016.867, 152
Trd, 000016.917, 154
Trd, 000017.983, 151
Trd, 000018.117, 153
Trd, 000019.633, 151
Trd, 000019.733, 150
Trd, 000020.200, 149
Trd, 000020.500, 152
Trd, 000020.767, 153
Trd, 000022.100, 157
Trd, 000022.700, 170
Trd, 000023.017, 161
Trd, 000023.367, 164
Trd, 000023.483, 162
Trd, 000023.683, 140
Trd, 000024.317, 171
Trd, 000025.017, 164
Trd, 000025.217, 162
Trd, 000025.500, 162
Trd, 000026.233, 164
Trd, 000026.283, 164
Trd, 000027.350, 165
Trd, 000027.517, 166
Trd, 000028.200, 168
Trd, 000028.850, 167
Trd, 000029.317, 165
Trd, 000030.133, 157
Trd, 000030.367, 165
Trd, 000030.467, 164
Trd, 000030.583, 166
Trd, 000031.167, 143
Trd, 000031.767, 156
Trd, 000032.500, 157
Trd, 000032.700, 175
Trd, 000032.867, 158
Trd, 000033.150, 159
Trd, 000034.267, 160
Trd, 000034.650, 159
Trd, 000035.067, 158
Trd, 000035.517, 160
Trd, 000035.617, 156
Trd, 000036.133, 153
Trd, 000036.917, 159
Trd, 000038.033, 157
Trd, 000038.100, 157
Trd, 000038.217, 153
Trd, 000038.883, 144
Trd, 000039.217, 159
Trd, 000040.400, 157
Trd, 000041.033, 159
Trd, 000041.417, 159
Trd, 000041.583, 157
Trd, 000041.817, 160
Trd, 000041.950, 161
Trd, 000042.400, 152
Trd, 000042.550, 145
Trd, 000044.200, 144
Trd, 000044.283, 138
Trd, 000044.517, 137
Trd, 000045.017, 143
Trd, 000045.433, 142
Trd, 000045.450, 138
Trd, 000046.100, 172
Trd, 000046.567, 146
Trd, 000047.217, 151
Trd, 000047.383, 147
Trd, 000047.583, 146
Trd, 000047.833, 149
Trd, 000047.883, 153
Trd, 000049.000, 160
Trd, 000049.383, 177
Trd, 000049.550, 159
Trd, 000049.867, 157
Trd, 000050.400, 159
Trd, 000050.550, 174
Trd, 000051.100, 148
Trd, 000051.133, 149
Trd, 000051.383, 156
Trd, 000051.617, 142
Trd, 000051.783, 176
Trd, 000052.033, 139
Trd, 000052.733, 139
Trd, 000053.283, 173
Trd, 000056.333, 152
Trd, 000056.517, 151
Trd, 000056.983, 153
Trd, 000057.467, 152
Trd, 000057.783, 151
Trd, 000058.133, 151
Trd, 000058.417, 151
Trd, 000058.467, 161
Trd, 000058.783, 173
Trd, 000059.067, 146
Trd, 000059.717, 147
Trd, 000060.483, 154
Trd, 000060.717, 160
Trd, 000060.883, 161
Trd, 000061.300, 154
Trd, 000062.350, 171
Trd, 000063.150, 165
Trd, 000063.350, 158
Trd, 000063.450, 155
Trd, 000064.517, 158
Trd, 000064.783, 156
Trd, 000065.017, 157
Trd, 000065.467, 156
Trd, 000065.667, 157
Trd, 000066.567, 136
Trd, 000067.583, 152
Trd, 000068.000, 152
Trd, 000068.267, 145
Trd, 000068.633, 149
Trd, 000069.367, 149
Trd, 000069.400, 149
Trd, 000070.100, 153
Trd, 000070.217, 153
Trd, 000070.517, 163
Trd, 000071.067, 153
Trd, 000071.100, 151
Trd, 000071.617, 158
Trd, 000071.717, 158
Trd, 000071.750, 175
Trd, 000072.050, 177
Trd, 000072.317, 159
Trd, 000074.550, 169
Trd, 000075.300, 166
Trd, 000075.567, 167
Trd, 000075.867, 171
Trd, 000076.100, 166
Trd, 000076.367, 170
Trd, 000076.617, 174
Trd, 000076.800, 175
Trd, 000076.900, 164
Trd, 000077.300, 161
Trd, 000077.467, 144
Trd, 000078.017, 143
Trd, 000078.267, 174
Trd, 000079.983, 156
Trd, 000081.517, 151
Trd, 000082.250, 153
Trd, 000082.467, 154
Trd, 000082.867, 154
Trd, 000083.383, 153
Trd, 000083.467, 154
Trd, 000084.550, 156
Trd, 000084.683, 165
Trd, 000085.183, 160
Trd, 000085.283, 158
Trd, 000086.800, 160
Trd, 000087.233, 160
Trd, 000087.783, 163
Trd, 000088.633, 162
Trd, 000089.083, 160
Trd, 000089.383, 159
Trd, 000089.433, 157
Trd, 000089.633, 157
Trd, 000089.650, 153
Trd, 000089.967, 164
Trd, 000091.467, 144
Trd, 000091.617, 148
Trd, 000091.650, 149
Trd, 000092.000, 150
Trd, 000092.533, 154
Trd, 000093.617, 157
Trd, 000093.717, 144
Trd, 000093.900, 157
Trd, 000094.767, 177
Trd, 000096.667, 156
Trd, 000097.183, 162
Trd, 000097.533, 158
Trd, 000097.700, 156
Trd, 000098.667, 161
Trd, 000099.083, 158
Trd, 000099.300, 161
Trd, 000100.067, 162
Trd, 000100.433, 163
Trd, 000100.483, 163
Trd, 000100.983, 165
Trd, 000101.333, 159
Trd, 000101.567, 179
Trd, 000102.000, 159
Trd, 000104.333, 142
Trd, 000104.783, 142
Trd, 000104.933, 144
Trd, 000105.483, 149
Trd, 000105.700, 145
Trd, 000105.867, 149
Trd, 000106.133, 150
Trd, 000106.417, 154
Trd, 000106.867, 148
Trd, 000107.817, 157
Trd, 000108.167, 154
Trd, 000108.317, 157
Trd, 000108.783, 159
Trd, 000108.967, 159
Trd, 000109.983, 163
Trd, 000110.383, 160
Trd, 000110.433, 163
Trd, 000111.333, 161
Trd, 000111.400, 163
Trd, 000112.000, 162
Trd, 000112.450, 175
Trd, 000112.717, 169
Trd, 000113.333, 168
Trd, 000113.383, 167
Trd, 000113.467, 171
Trd, 000113.650, 177
Trd, 000114.883, 179
Trd, 000114.900, 168
Trd, 000115.300, 164
Trd, 000115.583, 140
Trd, 000116.350, 181
Trd, 000117.417, 175
Trd, 000117.550, 164
Trd, 000117.650, 162
Trd, 000118.500, 174
Trd, 000118.983, 137
Trd, 000119.100, 174
Trd, 000119.400, 161
Trd, 000120.783, 163
Trd, 000120.817, 169
Trd, 000121.417, 162
Trd, 000122.450, 161
Trd, 000123.133, 142
Trd, 000123.900, 165
Trd, 000124.217, 165
Trd, 000124.583, 167
Trd, 000124.917, 160
Trd, 000125.317, 161
Trd, 000125.483, 180
Trd, 000126.600, 161
Trd, 000127.083, 167
Trd, 000127.300, 168
Trd, 000128.217, 163
Trd, 000128.317, 162
Trd, 000128.567, 165
Trd, 000129.000, 166
Trd, 000129.433, 146
Trd, 000131.083, 160
Trd, 000131.550, 161
Trd, 000131.950, 164
Trd, 000132.017, 160
Trd, 000132.083, 165
Trd, 000133.150, 164
Trd, 000133.217, 159
Trd, 000134.583, 168
Trd, 000134.950, 180
Trd, 000135.300, 167
Trd, 000135.833, 174
Trd, 000136.433, 174
Trd, 000137.417, 173
Trd, 000137.883, 171
Trd, 000138.383, 173
Trd, 000138.717, 171
Trd, 000138.967, 172
Trd, 000139.417, 176
Trd, 000139.433, 170
Trd, 000140.583, 169
Trd, 000140.900, 168
Trd, 000141.817, 169
Trd, 000142.350, 174
Trd, 000143.333, 162
Trd, 000143.367, 174
Trd, 000143.850, 155
Trd, 000144.467, 167
Trd, 000144.633, 154
Trd, 000145.333, 170
Trd, 000145.867, 160
Trd, 000146.017, 171
Trd, 000146.467, 171
Trd, 000146.867, 165
Trd, 000146.917, 172
Trd, 000147.300, 164
Trd, 000147.333, 164
Trd, 000149.567, 169
Trd, 000149.750, 165
Trd, 000150.100, 165
Trd, 000151.167, 164
Trd, 000151.317, 169
Trd, 000151.583, 170
Trd, 000152.033, 170
Trd, 000152.150, 177
Trd, 000153.033, 165
Trd, 000153.433, 149
Trd, 000153.600, 173
Trd, 000154.067, 169
Trd, 000154.850, 170
Trd, 000155.683, 168
Trd, 000155.800, 170
Trd, 000155.983, 168
Trd, 000156.383, 173
Trd, 000157.267, 167
Trd, 000157.617, 139
Trd, 000157.817, 176
Trd, 000157.917, 172
Trd, 000159.717, 167
Trd, 000159.983, 170
Trd, 000160.117, 166
Trd, 000160.450, 171
Trd, 000161.717, 167
Trd, 000161.800, 166
Trd, 000162.250, 165
Trd, 000162.317, 165
Trd, 000162.933, 169
Trd, 000163.767, 170
Trd, 000164.383, 164
Trd, 000164.567, 147
Trd, 000165.750, 165
Trd, 000166.483, 162
Trd, 000167.017, 164
Trd, 000167.250, 164
Trd, 000167.733, 164
Trd, 000168.267, 164
Trd, 000168.667, 164
Trd, 000169.483, 162
Trd, 000169.567, 160
Trd, 000170.567, 164
Trd, 000171.450, 161
Trd, 000171.600, 158
Trd, 000172.300, 159
Trd, 000172.500, 160
Trd, 000172.567, 163
Trd, 000172.617, 149
Trd, 000172.750, 165
Trd, 000172.933, 168
Trd, 000173.217, 164
Trd, 000173.767, 186
Trd, 000173.867, 156
Trd, 000175.283, 168
Trd, 000176.350, 170
Trd, 000176.650, 172
Trd, 000176.683, 172
Trd, 000176.767, 171
Trd, 000176.867, 173
Trd, 000177.117, 189
Trd, 000177.617, 171
Trd, 000178.333, 169
Trd, 000178.567, 181
Trd, 000179.233, 188
Trd, 000180.483, 185
Trd, 000180.500, 169
Trd, 000180.983, 169
Trd, 000181.733, 183
Trd, 000182.017, 167
Trd, 000182.617, 142
Trd, 000183.333, 180
Trd, 000183.433, 163
Trd, 000183.450, 138
Trd, 000184.300, 175
Trd, 000185.600, 155
Trd, 000186.100, 171
Trd, 000186.283, 156
Trd, 000186.733, 174
Trd, 000187.850, 157
Trd, 000188.000, 156
Trd, 000188.183, 157
Trd, 000188.433, 158
Trd, 000188.533, 156
Trd, 000189.917, 161
Trd, 000190.283, 162
Trd, 000191.017, 161
Trd, 000191.183, 163
Trd, 000191.233, 167
Trd, 000191.267, 175
Trd, 000191.667, 161
Trd, 000193.283, 163
Trd, 000193.583, 163
Trd, 000193.983, 164
Trd, 000194.117, 165
Trd, 000194.333, 164
Trd, 000194.883, 165
Trd, 000195.000, 167
Trd, 000195.533, 165
Trd, 000195.817, 165
Trd, 000196.083, 165
Trd, 000196.517, 165
Trd, 000196.783, 173
Trd, 000197.300, 174
Trd, 000197.433, 167
Trd, 000197.583, 168
Trd, 000197.783, 166
Trd, 000198.433, 163
Trd, 000198.817, 188
Trd, 000199.050, 162
Trd, 000199.350, 173
Trd, 000200.317, 150
Trd, 000200.367, 151
Trd, 000200.800, 150
Trd, 000201.883, 153
Trd, 000201.933, 154
Trd, 000202.133, 167
Trd, 000202.533, 178
Trd, 000202.983, 181
Trd, 000204.267, 169
Trd, 000204.500, 154
Trd, 000204.517, 186
Trd, 000204.567, 153
Trd, 000206.017, 153
Trd, 000207.500, 154
Trd, 000207.633, 154
Trd, 000207.900, 153
Trd, 000209.167, 161
Trd, 000210.117, 167
Trd, 000210.550, 160
Trd, 000210.767, 164
Trd, 000211.550, 162
Trd, 000211.683, 163
Trd, 000212.317, 160
Trd, 000212.833, 166
Trd, 000212.917, 169
Trd, 000213.583, 161
Trd, 000213.683, 176
Trd, 000213.933, 160
Trd, 000215.633, 163
Trd, 000215.733, 158
Trd, 000216.867, 160
Trd, 000217.917, 160
Trd, 000218.867, 159
Trd, 000219.017, 161
Trd, 000219.517, 164
Trd, 000220.150, 167
Trd, 000220.333, 170
Trd, 000220.400, 164
Trd, 000220.433, 162
Trd, 000220.917, 177
Trd, 000221.483, 176
Trd, 000221.983, 178
Trd, 000222.583, 178
Trd, 000223.317, 193
Trd, 000223.450, 182
Trd, 000223.833, 179
Trd, 000224.083, 190
Trd, 000224.650, 175
Trd, 000225.150, 173
Trd, 000225.250, 174
Trd, 000225.750, 162
Trd, 000227.967, 162
Trd, 000228.000, 163
Trd, 000228.300, 164
Trd, 000229.133, 166
Trd, 000230.217, 167
Trd, 000230.300, 168
Trd, 000230.733, 171
Trd, 000230.850, 181
Trd, 000231.167, 171
Trd, 000232.067, 169
Trd, 000232.150, 165
Trd, 000232.300, 154
Trd, 000232.917, 177
Trd, 000233.333, 173
Trd, 000233.833, 167
Trd, 000233.883, 165
Trd, 000233.917, 170
Trd, 000234.150, 165
Trd, 000234.317, 171
Trd, 000234.483, 196
Trd, 000235.483, 168
Trd, 000236.167, 178
Trd, 000236.667, 178
Trd, 000237.417, 178
Trd, 000238.300, 178
Trd, 000238.417, 177
Trd, 000238.950, 176
Trd, 000239.333, 179
Trd, 000240.867, 180
Trd, 000241.033, 176
Trd, 000241.533, 176
Trd, 000241.733, 175
Trd, 000243.000, 174
Trd, 000243.467, 173
Trd, 000243.667, 173
Trd, 000243.900, 172
Trd, 000244.083, 168
Trd, 000244.500, 169
Trd, 000244.717, 170
Trd, 000245.183, 171
Trd, 000246.100, 163
Trd, 000246.183, 164
Trd, 000246.433, 163
Trd, 000246.600, 172
Trd, 000247.517, 162
Trd, 000247.833, 166
Trd, 000249.017, 180
Trd, 000249.433, 173
Trd, 000249.950, 178
Trd, 000250.150, 173
Trd, 000250.267, 175
Trd, 000250.767, 185
Trd, 000250.833, 172
Trd, 000251.367, 169
Trd, 000251.933, 161
Trd, 000252.050, 166
Trd, 000252.983, 167
Trd, 000253.283, 165
Trd, 000254.233, 167
Trd, 000254.533, 169
Trd, 000254.733, 169
Trd, 000255.767, 171
Trd, 000256.267, 169
Trd, 000256.600, 168
Trd, 000256.683, 166
Trd, 000256.900, 163
Trd, 000256.983, 167
Trd, 000257.817, 166
Trd, 000257.967, 167
Trd, 000258.000, 174
Trd, 000258.833, 170
Trd, 000258.867, 164
Trd, 000258.917, 180
Trd, 000259.200, 163
Trd, 000259.300, 162
Trd, 000260.733, 168
Trd, 000261.083, 170
Trd, 000261.350, 170
Trd, 000261.933, 170
Trd, 000262.617, 170
Trd, 000263.267, 169
Trd, 000263.283, 171
Trd, 000263.333, 174
Trd, 000263.367, 181
Trd, 000263.433, 166
Trd, 000263.967, 163
Trd, 000265.300, 171
Trd, 000265.367, 173
Trd, 000265.417, 171
Trd, 000265.633, 174
Trd, 000265.900, 174
Trd, 000266.067, 175
Trd, 000266.467, 191
Trd, 000266.500, 173
Trd, 000266.983, 173
Trd, 000269.350, 179
Trd, 000269.367, 178
Trd, 000269.950, 177
Trd, 000270.133, 177
Trd, 000270.267, 178
Trd, 000270.900, 173
Trd, 000271.450, 162
Trd, 000271.483, 167
Trd, 000271.733, 172
Trd, 000272.033, 173
Trd, 000272.267, 182
Trd, 000273.633, 174
Trd, 000274.383, 169
Trd, 000274.900, 175
Trd, 000275.050, 172
Trd, 000275.167, 177
Trd, 000275.583, 175
Trd, 000275.700, 178
Trd, 000275.817, 175
Trd, 000275.933, 182
Trd, 000277.000, 179
Trd, 000277.917, 174
Trd, 000278.100, 174
Trd, 000278.650, 171
Trd, 000279.217, 173
Trd, 000280.033, 172
Trd, 000280.717, 167
Trd, 000280.900, 167
Trd, 000281.183, 162
Trd, 000281.400, 169
Trd, 000281.850, 172
Trd, 000282.333, 172
Trd, 000282.450, 183
Trd, 000283.083, 182
Trd, 000283.367, 185
Trd, 000284.017, 182
Trd, 000284.383, 181
Trd, 000284.483, 192
Trd, 000284.783, 181
Trd, 000285.183, 188
Trd, 000286.583, 180
Trd, 000286.717, 186
Trd, 000286.783, 173
Trd, 000286.900, 187
Trd, 000287.300, 171
Trd, 000288.150, 180
Trd, 000288.783, 181
Trd, 000289.133, 181
Trd, 000290.183, 178
Trd, 000290.917, 179
Trd, 000291.167, 181
Trd, 000291.400, 178
Trd, 000291.750, 181
Trd, 000292.333, 185
Trd, 000292.350, 176
Trd, 000292.433, 176
Trd, 000292.700, 173
Trd, 000293.717, 180
Trd, 000294.300, 176
Trd, 000295.383, 176
Trd, 000295.467, 177
Trd, 000295.583, 177
Trd, 000295.850, 182
Trd, 000296.350, 186
Trd, 000296.533, 175
Trd, 000297.250, 192
Trd, 000297.833, 175
Trd, 000297.850, 162
Trd, 000298.150, 181
Trd, 000298.600, 174
Trd, 000298.900, 186
Trd, 000299.050, 185
