Trd, 000001.400, 162
Trd, 000002.000, 173
Trd, 000002.033, 161
Trd, 000003.033, 162
Trd, 000003.517, 173
Trd, 000003.800, 149
Trd, 000004.617, 149
Trd, 000005.100, 147
Trd, 000007.750, 147
Trd, 000008.033, 149
Trd, 000008.183, 151
Trd, 000008.517, 155
Trd, 000009.733, 150
Trd, 000010.850, 153
Trd, 000011.850, 152
Trd, 000011.950, 152
Trd, 000012.517, 151
Trd, 000012.833, 151
Trd, 000014.200, 151
Trd, 000014.233, 150
Trd, 000014.600, 151
Trd, 000015.217, 152
Trd, 000015.300, 147
Trd, 000016.500, 142
Trd, 000017.400, 145
Trd, 000017.900, 146
Trd, 000018.283, 151
Trd, 000019.033, 150
Trd, 000020.183, 158
Trd, 000021.817, 149
Trd, 000021.933, 153
Trd, 000022.467, 153
Trd, 000022.517, 153
Trd, 000023.083, 149
Trd, 000025.167, 149
Trd, 000025.217, 152
Trd, 000026.117, 150
Trd, 000026.667, 149
Trd, 000027.100, 149
Trd, 000028.300, 149
Trd, 000029.183, 149
Trd, 000029.267, 153
Trd, 000029.633, 158
Trd, 000030.650, 154
Trd, 000031.333, 157
Trd, 000032.833, 155
Trd, 000033.367, 149
Trd, 000033.750, 155
Trd, 000035.067, 154
Trd, 000035.150, 153
Trd, 000035.250, 156
Trd, 000035.600, 158
Trd, 000035.833, 153
Trd, 000036.650, 152
Trd, 000037.050, 151
Trd, 000039.133, 155
Trd, 000039.600, 153
Trd, 000040.083, 151
Trd, 000040.200, 155
Trd, 000040.483, 155
Trd, 000040.767, 155
Trd, 000041.733, 156
Trd, 000041.750, 152
Trd, 000042.750, 153
Trd, 000043.667, 157
Trd, 000044.383, 159
Trd, 000046.100, 166
Trd, 000046.583, 165
Trd, 000046.900, 159
Trd, 000047.733, 161
Trd, 000048.267, 160
Trd, 000048.300, 164
Trd, 000049.267, 160
Trd, 000049.300, 159
Trd, 000049.633, 150
Trd, 000050.050, 159
Trd, 000050.900, 162
Trd, 000050.967, 158
Trd, 000051.517, 167
Trd, 000051.950, 157
Trd, 000052.150, 156
Trd, 000053.200, 164
Trd, 000053.500, 167
Trd, 000053.767, 165
Trd, 000054.183, 164
Trd, 000054.317, 165
Trd, 000054.450, 170
Trd, 000055.033, 163
Trd, 000057.167, 163
Trd, 000057.383, 164
Trd, 000059.117, 158
Trd, 000059.333, 149
Trd, 000061.317, 156
Trd, 000061.900, 155
Trd, 000062.183, 158
Trd, 000063.683, 161
Trd, 000063.833, 158
Trd, 000064.400, 158
Trd, 000064.450, 158
Trd, 000064.933, 161
Trd, 000065.617, 159
Trd, 000065.867, 159
Trd, 000066.050, 161
Trd, 000067.350, 159
Trd, 000067.667, 160
Trd, 000067.717, 161
Trd, 000068.733, 158
Trd, 000070.433, 158
Trd, 000070.617, 163
Trd, 000071.367, 162
Trd, 000071.450, 159
Trd, 000071.517, 158
Trd, 000072.100, 164
Trd, 000072.500, 157
Trd, 000073.683, 161
Trd, 000074.317, 156
Trd, 000074.433, 156
Trd, 000074.967, 156
Trd, 000075.417, 155
Trd, 000076.083, 160
Trd, 000076.933, 154
Trd, 000077.550, 157
Trd, 000078.183, 155
Trd, 000078.817, 159
Trd, 000078.883, 160
Trd, 000079.267, 155
Trd, 000080.500, 157
Trd, 000081.067, 159
Trd, 000081.833, 159
Trd, 000083.067, 159
Trd, 000083.550, 156
Trd, 000083.950, 161
Trd, 000084.283, 157
Trd, 000084.883, 156
Trd, 000085.017, 156
Trd, 000085.900, 160
Trd, 000087.533, 158
Trd, 000087.600, 157
Trd, 000087.617, 156
Trd, 000087.817, 159
Trd, 000090.050, 157
Trd, 000090.167, 156
Trd, 000090.533, 156
Trd, 000091.350, 159
Trd, 000092.050, 155
Trd, 000092.683, 159
Trd, 000093.400, 160
Trd, 000093.983, 164
Trd, 000094.667, 159
Trd, 000094.783, 158
Trd, 000095.783, 158
Trd, 000096.433, 160
Trd, 000097.750, 157
Trd, 000099.067, 159
Trd, 000099.417, 158
Trd, 000099.550, 159
Trd, 000099.583, 161
Trd, 000100.600, 157
Trd, 000101.433, 165
Trd, 000101.483, 166
Trd, 000102.150, 167
Trd, 000102.467, 161
Trd, 000102.767, 162
Trd, 000103.517, 162
Trd, 000103.567, 170
Trd, 000103.583, 172
Trd, 000104.483, 162
Trd, 000105.817, 165
Trd, 000105.900, 162
Trd, 000106.167, 167
Trd, 000106.517, 167
Trd, 000107.083, 168
Trd, 000107.383, 167
Trd, 000108.200, 166
Trd, 000109.067, 165
Trd, 000109.117, 166
Trd, 000109.200, 168
Trd, 000109.517, 157
Trd, 000110.083, 169
Trd, 000110.683, 161
Trd, 000112.450, 163
Trd, 000112.900, 162
Trd, 000113.050, 163
Trd, 000113.883, 161
Trd, 000114.267, 158
Trd, 000114.783, 155
Trd, 000114.900, 152
Trd, 000115.033, 157
Trd, 000115.983, 157
Trd, 000118.050, 155
Trd, 000118.783, 154
Trd, 000118.967, 155
Trd, 000119.050, 156
Trd, 000120.467, 156
Trd, 000120.567, 154
Trd, 000121.133, 154
Trd, 000121.550, 157
Trd, 000121.833, 162
Trd, 000122.917, 163
Trd, 000123.683, 157
Trd, 000124.050, 164
Trd, 000124.567, 174
Trd, 000125.150, 171
Trd, 000125.617, 160
Trd, 000127.450, 165
Trd, 000128.983, 165
Trd, 000129.617, 164
Trd, 000130.283, 167
Trd, 000131.500, 164
Trd, 000131.683, 154
Trd, 000131.917, 167
Trd, 000132.450, 159
Trd, 000132.550, 165
Trd, 000133.567, 168
Trd, 000133.650, 162
Trd, 000134.183, 172
Trd, 000134.550, 161
Trd, 000135.733, 171
Trd, 000136.183, 161
Trd, 000136.833, 166
Trd, 000136.917, 163
Trd, 000137.200, 163
Trd, 000138.083, 167
Trd, 000139.300, 166
Trd, 000139.933, 163
Trd, 000139.983, 163
Trd, 000140.367, 160
Trd, 000141.250, 163
Trd, 000141.767, 164
Trd, 000141.933, 163
Trd, 000142.750, 165
Trd, 000143.133, 162
Trd, 000144.383, 161
Trd, 000144.667, 163
Trd, 000145.433, 164
Trd, 000145.667, 164
Trd, 000145.783, 161
Trd, 000146.083, 169
Trd, 000146.183, 160
Trd, 000147.000, 152
Trd, 000147.133, 177
Trd, 000147.917, 157
Trd, 000148.250, 167
Trd, 000149.500, 159
Trd, 000150.183, 158
Trd, 000150.267, 166
Trd, 000151.183, 153
Trd, 000153.300, 162
Trd, 000153.317, 162
Trd, 000153.567, 160
Trd, 000153.983, 165
Trd, 000154.000, 160
Trd, 000154.500, 160
Trd, 000155.417, 163
Trd, 000156.833, 164
Trd, 000157.000, 165
Trd, 000157.783, 161
Trd, 000159.483, 165
Trd, 000160.150, 167
Trd, 000160.967, 166
Trd, 000161.467, 166
Trd, 000161.483, 164
Trd, 000161.717, 163
Trd, 000162.167, 166
Trd, 000162.700, 160
Trd, 000162.800, 158
Trd, 000164.000, 160
Trd, 000164.467, 160
Trd, 000165.433, 160
Trd, 000165.533, 158
Trd, 000165.700, 161
Trd, 000166.733, 161
Trd, 000166.983, 167
Trd, 000167.533, 164
Trd, 000168.333, 166
Trd, 000168.350, 167
Trd, 000168.400, 168
Trd, 000168.650, 165
Trd, 000168.783, 163
Trd, 000169.417, 172
Trd, 000170.350, 174
Trd, 000171.433, 165
Trd, 000172.800, 164
Trd, 000174.867, 173
Trd, 000175.883, 166
Trd, 000176.033, 165
Trd, 000176.083, 164
Trd, 000176.667, 169
Trd, 000176.933, 165
Trd, 000177.217, 163
Trd, 000177.350, 163
Trd, 000178.233, 165
Trd, 000178.417, 163
Trd, 000179.067, 163
Trd, 000179.600, 163
Trd, 000179.833, 164
Trd, 000179.933, 162
Trd, 000180.833, 164
Trd, 000181.517, 173
Trd, 000183.083, 165
Trd, 000183.233, 165
Trd, 000183.683, 175
Trd, 000184.433, 175
Trd, 000185.400, 171
Trd, 000185.733, 168
Trd, 000186.083, 168
Trd, 000186.750, 169
Trd, 000187.200, 173
Trd, 000187.767, 168
Trd, 000188.300, 168
Trd, 000188.850, 172
Trd, 000188.883, 166
Trd, 000189.100, 160
Trd, 000190.850, 171
Trd, 000191.267, 174
Trd, 000191.650, 184
Trd, 000192.217, 171
Trd, 000192.317, 169
Trd, 000193.633, 175
Trd, 000193.917, 174
Trd, 000194.883, 172
Trd, 000195.050, 171
Trd, 000195.350, 172
Trd, 000196.017, 174
Trd, 000196.617, 176
Trd, 000197.050, 173
Trd, 000198.100, 178
Trd, 000198.533, 170
Trd, 000198.967, 169
Trd, 000198.983, 178
Trd, 000199.233, 160
Trd, 000200.283, 170
Trd, 000200.617, 170
Trd, 000200.717, 167
Trd, 000201.433, 168
Trd, 000201.633, 169
Trd, 000202.017, 170
Trd, 000202.250, 171
Trd, 000202.450, 167
Trd, 000202.767, 166
Trd, 000203.933, 166
Trd, 000205.133, 169
Trd, 000205.533, 164
Trd, 000206.217, 171
Trd, 000206.517, 171
Trd, 000206.767, 164
Trd, 000208.950, 169
Trd, 000209.017, 169
Trd, 000210.150, 167
Trd, 000211.183, 166
Trd, 000211.317, 165
Trd, 000212.767, 165
Trd, 000213.050, 164
Trd, 000213.100, 165
Trd, 000213.433, 167
Trd, 000213.783, 165
Trd, 000214.933, 163
Trd, 000215.700, 164
Trd, 000216.167, 164
Trd, 000216.300, 165
Trd, 000216.783, 172
Trd, 000217.400, 165
Trd, 000218.933, 166
Trd, 000219.450, 166
Trd, 000220.083, 166
Trd, 000220.300, 173
Trd, 000220.350, 165
Trd, 000221.050, 166
Trd, 000221.367, 171
Trd, 000224.117, 168
Trd, 000224.617, 166
Trd, 000225.100, 170
Trd, 000226.217, 170
Trd, 000226.483, 165
Trd, 000227.000, 171
Trd, 000227.033, 174
Trd, 000228.200, 171
Trd, 000228.233, 176
Trd, 000228.767, 169
Trd, 000229.600, 169
Trd, 000229.950, 176
Trd, 000230.133, 168
Trd, 000231.617, 167
Trd, 000231.750, 167
Trd, 000233.117, 167
Trd, 000233.333, 174
Trd, 000233.800, 170
Trd, 000234.400, 167
Trd, 000235.167, 171
Trd, 000235.550, 173
Trd, 000235.717, 166
Trd, 000236.733, 172
Trd, 000237.950, 167
Trd, 000238.550, 167
Trd, 000238.617, 166
Trd, 000238.900, 165
Trd, 000239.350, 167
Trd, 000240.133, 166
Trd, 000240.217, 168
Trd, 000240.533, 172
Trd, 000240.567, 175
Trd, 000240.850, 170
Trd, 000241.483, 171
Trd, 000242.250, 169
Trd, 000242.283, 169
Trd, 000243.383, 170
Trd, 000243.700, 170
Trd, 000243.850, 173
Trd, 000244.200, 168
Trd, 000244.483, 178
Trd, 000245.383, 176
Trd, 000245.717, 174
Trd, 000245.867, 171
Trd, 000245.950, 175
Trd, 000246.733, 173
Trd, 000247.250, 173
Trd, 000247.817, 174
Trd, 000248.217, 175
Trd, 000249.200, 176
Trd, 000249.383, 177
Trd, 000249.967, 179
Trd, 000250.583, 180
Trd, 000251.167, 180
Trd, 000251.633, 178
Trd, 000251.783, 182
Trd, 000251.867, 174
Trd, 000251.950, 176
Trd, 000252.417, 187
Trd, 000253.033, 179
Trd, 000253.633, 180
Trd, 000254.200, 181
Trd, 000254.567, 181
Trd, 000254.867, 181
Trd, 000254.883, 180
Trd, 000255.050, 176
Trd, 000255.217, 182
Trd, 000256.950, 177
Trd, 000257.100, 178
Trd, 000257.667, 175
Trd, 000257.850, 176
Trd, 000257.883, 172
Trd, 000257.967, 176
Trd, 000258.017, 171
Trd, 000258.100, 177
Trd, 000259.300, 176
Trd, 000259.817, 172
Trd, 000260.450, 175
Trd, 000260.767, 172
Trd, 000260.800, 180
Trd, 000261.417, 173
Trd, 000262.650, 166
Trd, 000262.733, 166
Trd, 000263.650, 168
Trd, 000264.050, 175
Trd, 000264.433, 185
Trd, 000264.517, 176
Trd, 000265.150, 189
Trd, 000265.250, 179
Trd, 000265.333, 198
Trd, 000265.400, 178
Trd, 000265.650, 174
Trd, 000265.933, 173
Trd, 000266.883, 174
Trd, 000267.467, 170
Trd, 000267.633, 168
Trd, 000267.750, 170
Trd, 000267.950, 171
Trd, 000269.017, 174
Trd, 000269.533, 178
Trd, 000269.617, 173
Trd, 000270.267, 177
Trd, 000270.833, 182
Trd, 000270.967, 173
Trd, 000272.400, 175
Trd, 000272.567, 178
Trd, 000272.667, 174
Trd, 000272.850, 172
Trd, 000273.467, 178
Trd, 000273.750, 168
Trd, 000273.800, 164
Trd, 000274.783, 172
Trd, 000274.800, 174
Trd, 000275.283, 171
Trd, 000275.300, 174
Trd, 000275.633, 169
Trd, 000275.700, 168
Trd, 000276.617, 170
Trd, 000277.683, 170
Trd, 000278.550, 168
Trd, 000278.683, 172
Trd, 000278.850, 179
Trd, 000279.467, 171
Trd, 000279.650, 170
Trd, 000279.683, 174
Trd, 000279.833, 175
Trd, 000279.867, 176
Trd, 000281.033, 172
Trd, 000281.667, 179
Trd, 000281.767, 181
Trd, 000282.583, 179
Trd, 000283.250, 171
Trd, 000283.783, 171
Trd, 000284.183, 171
Trd, 000284.867, 179
Trd, 000285.033, 190
Trd, 000286.250, 170
Trd, 000286.483, 171
Trd, 000286.600, 170
Trd, 000286.700, 170
Trd, 000286.883, 170
Trd, 000287.017, 173
Trd, 000287.383, 177
Trd, 000287.550, 179
Trd, 000287.567, 169
Trd, 000288.667, 180
Trd, 000288.767, 168
Trd, 000289.033, 182
Trd, 000289.283, 184
Trd, 000289.550, 183
Trd, 000289.700, 181
Trd, 000290.283, 188
Trd, 000291.567, 189
Trd, 000292.500, 189
Trd, 000292.700, 184
Trd, 000292.850, 175
Trd, 000293.117, 189
Trd, 000293.317, 190
Trd, 000294.233, 175
Trd, 000294.717, 170
Trd, 000294.883, 166
Trd, 000295.567, 187
Trd, 000295.617, 188
Trd, 000295.767, 190
Trd, 000296.633, 181
Trd, 000297.067, 182
Trd, 000297.317, 189
Trd, 000297.783, 182
Trd, 000298.433, 182
Trd, 000298.850, 189
Trd, 000299.350, 188
