Trd, 000000.950, 133
Trd, 000001.183, 131
Trd, 000002.417, 157
Trd, 000004.117, 143
Trd, 000004.283, 157
Trd, 000004.983, 136
Trd, 000005.217, 136
Trd, 000006.083, 158
Trd, 000007.600, 153
Trd, 000008.000, 152
Trd, 000008.233, 153
Trd, 000008.883, 153
Trd, 000008.933, 146
Trd, 000009.183, 148
Trd, 000009.300, 155
Trd, 000009.650, 141
Trd, 000010.817, 144
Trd, 000011.600, 147
Trd, 000014.067, 147
Trd, 000014.250, 146
Trd, 000014.583, 147
Trd, 000015.133, 147
Trd, 000015.167, 150
Trd, 000015.267, 151
Trd, 000015.850, 147
Trd, 000016.817, 147
Trd, 000017.467, 151
Trd, 000019.617, 153
Trd, 000019.950, 153
Trd, 000020.367, 152
Trd, 000020.383, 149
Trd, 000020.633, 153
Trd, 000020.833, 157
Trd, 000021.850, 154
Trd, 000022.267, 150
Trd, 000022.717, 148
Trd, 000023.300, 154
Trd, 000023.433, 154
Trd, 000023.783, 152
Trd, 000024.100, 153
Trd, 000024.533, 160
Trd, 000024.783, 152
Trd, 000025.467, 149
Trd, 000027.200, 150
Trd, 000027.550, 155
Trd, 000027.900, 150
Trd, 000028.433, 154
Trd, 000030.167, 155
Trd, 000031.267, 154
Trd, 000031.850, 154
Trd, 000032.133, 155
Trd, 000032.217, 158
Trd, 000032.400, 153
Trd, 000033.033, 143
Trd, 000035.400, 151
Trd, 000035.433, 151
Trd, 000035.917, 159
Trd, 000037.067, 156
Trd, 000037.483, 155
Trd, 000038.350, 153
Trd, 000038.617, 153
Trd, 000038.667, 152
Trd, 000038.683, 138
Trd, 000038.983, 133
Trd, 000039.133, 155
Trd, 000040.300, 150
Trd, 000042.067, 150
Trd, 000043.533, 148
Trd, 000043.967, 159
Trd, 000044.617, 160
Trd, 000045.250, 151
Trd, 000046.167, 152
Trd, 000048.700, 153
Trd, 000048.950, 153
Trd, 000048.983, 152
Trd, 000049.300, 156
Trd, 000049.383, 156
Trd, 000050.283, 154
Trd, 000050.517, 155
Trd, 000052.383, 155
Trd, 000052.800, 155
Trd, 000052.950, 154
Trd, 000052.967, 153
Trd, 000053.683, 156
Trd, 000055.033, 154
Trd, 000055.933, 157
Trd, 000055.950, 155
Trd, 000056.083, 154
Trd, 000056.383, 160
Trd, 000056.850, 163
Trd, 000057.833, 171
Trd, 000059.633, 163
Trd, 000059.883, 156
Trd, 000059.983, 163
Trd, 000060.183, 165
Trd, 000060.233, 155
Trd, 000061.467, 158
Trd, 000062.617, 160
Trd, 000062.733, 160
Trd, 000063.033, 160
Trd, 000063.283, 161
Trd, 000063.583, 160
Trd, 000063.833, 159
Trd, 000064.400, 158
Trd, 000064.883, 161
Trd, 000065.033, 156
Trd, 000066.617, 156
Trd, 000067.833, 156
Trd, 000068.833, 157
Trd, 000069.750, 158
Trd, 000069.783, 158
Trd, 000070.017, 157
Trd, 000071.350, 157
Trd, 000071.500, 156
Trd, 000071.683, 158
Trd, 000072.083, 162
Trd, 000073.100, 157
Trd, 000073.500, 156
Trd, 000073.950, 154
Trd, 000075.250, 157
Trd, 000075.783, 156
Trd, 000076.083, 158
Trd, 000076.117, 159
Trd, 000076.617, 154
Trd, 000077.067, 155
Trd, 000077.300, 157
Trd, 000078.100, 155
Trd, 000079.417, 157
Trd, 000080.167, 157
Trd, 000080.300, 157
Trd, 000080.867, 158
Trd, 000081.133, 155
Trd, 000081.150, 159
Trd, 000081.900, 159
Trd, 000082.000, 159
Trd, 000083.367, 161
Trd, 000083.517, 157
Trd, 000083.617, 166
Trd, 000085.100, 159
Trd, 000085.333, 158
Trd, 000085.750, 158
Trd, 000086.250, 158
Trd, 000086.783, 158
Trd, 000087.783, 158
Trd, 000088.017, 159
Trd, 000088.233, 157
Trd, 000089.583, 160
Trd, 000089.683, 160
Trd, 000090.267, 160
Trd, 000091.250, 158
Trd, 000091.383, 158
Trd, 000091.433, 160
Trd, 000091.867, 160
Trd, 000092.250, 160
Trd, 000092.283, 164
Trd, 000092.750, 167
Trd, 000092.917, 176
Trd, 000093.017, 159
Trd, 000093.167, 177
Trd, 000093.717, 161
Trd, 000095.750, 161
Trd, 000097.000, 161
Trd, 000097.250, 163
Trd, 000097.517, 160
Trd, 000097.717, 160
Trd, 000097.817, 163
Trd, 000098.783, 161
Trd, 000099.750, 162
Trd, 000100.333, 160
Trd, 000101.700, 161
Trd, 000102.283, 161
Trd, 000102.633, 161
Trd, 000102.850, 159
Trd, 000103.800, 163
Trd, 000104.533, 164
Trd, 000105.867, 165
Trd, 000106.683, 162
Trd, 000107.200, 163
Trd, 000107.700, 162
Trd, 000108.417, 161
Trd, 000108.433, 159
Trd, 000108.733, 159
Trd, 000109.167, 160
Trd, 000109.417, 162
Trd, 000111.917, 161
Trd, 000112.133, 158
Trd, 000113.567, 161
Trd, 000113.633, 162
Trd, 000113.767, 163
Trd, 000114.683, 163
Trd, 000114.850, 158
Trd, 000115.267, 164
Trd, 000117.200, 162
Trd, 000117.267, 163
Trd, 000117.667, 163
Trd, 000117.750, 166
Trd, 000118.483, 170
Trd, 000118.683, 162
Trd, 000119.883, 158
Trd, 000121.067, 163
Trd, 000121.350, 164
Trd, 000122.317, 164
Trd, 000123.167, 164
Trd, 000123.567, 163
Trd, 000123.600, 163
Trd, 000123.867, 164
Trd, 000124.350, 164
Trd, 000124.450, 163
Trd, 000125.100, 167
Trd, 000125.583, 168
Trd, 000127.783, 166
Trd, 000128.083, 168
Trd, 000129.083, 162
Trd, 000129.717, 162
Trd, 000130.217, 164
Trd, 000131.050, 164
Trd, 000131.333, 165
Trd, 000131.667, 164
Trd, 000132.050, 164
Trd, 000132.183, 168
Trd, 000132.400, 163
Trd, 000135.000, 166
Trd, 000135.633, 166
Trd, 000135.933, 164
Trd, 000136.033, 166
Trd, 000136.050, 167
Trd, 000136.117, 168
Trd, 000136.617, 166
Trd, 000136.900, 171
Trd, 000137.917, 166
Trd, 000138.633, 145
Trd, 000139.517, 158
Trd, 000140.083, 172
Trd, 000141.083, 157
Trd, 000141.550, 157
Trd, 000141.717, 158
Trd, 000142.150, 157
Trd, 000142.317, 160
Trd, 000142.450, 156
Trd, 000144.050, 157
Trd, 000144.450, 157
Trd, 000144.600, 156
Trd, 000144.767, 156
Trd, 000144.917, 155
Trd, 000146.733, 156
Trd, 000147.050, 157
Trd, 000147.467, 164
Trd, 000147.583, 165
Trd, 000147.850, 173
Trd, 000149.550, 168
Trd, 000150.267, 165
Trd, 000150.383, 169
Trd, 000151.767, 165
Trd, 000152.083, 164
Trd, 000152.133, 166
Trd, 000152.583, 169
Trd, 000153.167, 163
Trd, 000153.483, 167
Trd, 000153.533, 162
Trd, 000155.050, 168
Trd, 000155.450, 161
Trd, 000156.300, 167
Trd, 000156.517, 161
Trd, 000158.117, 164
Trd, 000158.350, 165
Trd, 000158.483, 164
Trd, 000159.033, 166
Trd, 000159.150, 170
Trd, 000159.950, 173
Trd, 000161.300, 173
Trd, 000162.300, 166
Trd, 000162.400, 169
Trd, 000163.133, 169
Trd, 000163.300, 168
Trd, 000163.467, 170
Trd, 000164.750, 171
Trd, 000166.233, 171
Trd, 000167.017, 170
Trd, 000167.733, 169
Trd, 000168.000, 157
Trd, 000168.533, 169
Trd, 000169.100, 168
Trd, 000169.700, 166
Trd, 000170.517, 166
Trd, 000170.633, 168
Trd, 000170.850, 168
Trd, 000170.967, 169
Trd, 000171.683, 166
Trd, 000172.117, 166
Trd, 000172.383, 170
Trd, 000173.017, 167
Trd, 000173.533, 170
Trd, 000173.917, 174
Trd, 000174.317, 172
Trd, 000175.033, 175
Trd, 000177.067, 175
Trd, 000177.283, 173
Trd, 000177.733, 173
Trd, 000178.200, 179
Trd, 000178.650, 173
Trd, 000179.350, 178
Trd, 000181.000, 174
Trd, 000181.267, 176
Trd, 000181.667, 175
Trd, 000182.550, 174
Trd, 000182.633, 175
Trd, 000183.650, 176
Trd, 000184.667, 176
Trd, 000184.900, 174
Trd, 000186.283, 176
Trd, 000186.450, 180
Trd, 000186.567, 173
Trd, 000187.767, 176
Trd, 000188.067, 177
Trd, 000188.817, 176
Trd, 000189.400, 175
Trd, 000189.650, 174
Trd, 000189.933, 176
Trd, 000190.417, 176
Trd, 000190.517, 172
Trd, 000191.367, 175
Trd, 000192.750, 170
Trd, 000193.367, 169
Trd, 000193.817, 166
Trd, 000193.867, 163
Trd, 000194.133, 167
Trd, 000194.983, 165
Trd, 000195.600, 166
Trd, 000196.117, 169
Trd, 000196.233, 170
Trd, 000196.600, 175
Trd, 000196.883, 162
Trd, 000197.933, 167
Trd, 000198.083, 171
Trd, 000199.683, 169
Trd, 000199.883, 168
Trd, 000199.933, 168
Trd, 000200.117, 161
Trd, 000201.067, 160
Trd, 000201.083, 150
Trd, 000201.417, 175
Trd, 000202.517, 159
Trd, 000203.767, 168
Trd, 000204.417, 161
Trd, 000204.750, 170
Trd, 000205.150, 161
Trd, 000205.300, 178
Trd, 000208.550, 168
Trd, 000208.700, 168
Trd, 000209.050, 168
Trd, 000209.467, 172
Trd, 000209.883, 171
Trd, 000210.367, 168
Trd, 000210.850, 168
Trd, 000212.200, 169
Trd, 000212.717, 170
Trd, 000214.483, 167
Trd, 000215.317, 172
Trd, 000215.583, 166
Trd, 000215.700, 167
Trd, 000216.350, 167
Trd, 000216.683, 168
Trd, 000217.650, 167
Trd, 000217.883, 173
Trd, 000218.083, 166
Trd, 000219.967, 169
Trd, 000220.383, 169
Trd, 000220.950, 169
Trd, 000221.167, 168
Trd, 000221.850, 170
Trd, 000221.917, 173
Trd, 000222.433, 169
Trd, 000222.683, 177
Trd, 000222.783, 168
Trd, 000223.300, 166
Trd, 000224.133, 184
Trd, 000225.683, 173
Trd, 000226.483, 171
Trd, 000227.283, 173
Trd, 000227.567, 171
Trd, 000228.283, 173
Trd, 000228.700, 174
Trd, 000229.033, 176
Trd, 000231.150, 172
Trd, 000232.117, 171
Trd, 000233.050, 172
Trd, 000233.133, 172
Trd, 000233.450, 171
Trd, 000233.617, 178
Trd, 000233.983, 171
Trd, 000234.083, 181
Trd, 000235.850, 179
Trd, 000236.450, 179
Trd, 000237.117, 178
Trd, 000237.217, 179
Trd, 000237.983, 177
Trd, 000238.383, 178
Trd, 000238.650, 177
Trd, 000240.000, 180
Trd, 000240.067, 177
Trd, 000240.433, 175
Trd, 000240.567, 174
Trd, 000240.683, 176
Trd, 000241.250, 175
Trd, 000242.100, 169
Trd, 000242.267, 167
Trd, 000242.617, 164
Trd, 000242.833, 159
Trd, 000242.950, 179
Trd, 000243.833, 165
Trd, 000243.917, 165
Trd, 000244.083, 168
Trd, 000244.217, 171
Trd, 000245.967, 170
Trd, 000246.083, 171
Trd, 000246.800, 172
Trd, 000247.233, 173
Trd, 000247.967, 176
Trd, 000248.100, 173
Trd, 000248.717, 175
Trd, 000248.783, 175
Trd, 000248.800, 174
Trd, 000249.250, 174
Trd, 000249.767, 168
Trd, 000249.900, 172
Trd, 000250.350, 173
Trd, 000251.133, 174
Trd, 000251.283, 176
Trd, 000251.917, 172
Trd, 000252.467, 174
Trd, 000253.367, 173
Trd, 000253.517, 171
Trd, 000253.667, 175
Trd, 000253.767, 170
Trd, 000254.550, 181
Trd, 000255.317, 183
Trd, 000255.350, 174
Trd, 000256.300, 186
Trd, 000257.350, 186
Trd, 000257.650, 187
Trd, 000257.833, 183
Trd, 000257.867, 181
Trd, 000257.900, 181
Trd, 000258.167, 182
Trd, 000258.367, 180
Trd, 000258.533, 180
Trd, 000258.833, 180
Trd, 000259.133, 160
Trd, 000259.750, 178
Trd, 000259.883, 183
Trd, 000260.117, 177
Trd, 000260.817, 180
Trd, 000261.017, 181
Trd, 000261.583, 179
Trd, 000261.783, 183
Trd, 000261.933, 181
Trd, 000262.417, 181
Trd, 000262.583, 180
Trd, 000262.867, 182
Trd, 000263.050, 181
Trd, 000263.600, 181
Trd, 000263.800, 180
Trd, 000263.983, 182
Trd, 000264.633, 179
Trd, 000264.667, 184
Trd, 000265.233, 177
Trd, 000265.850, 180
Trd, 000266.383, 179
Trd, 000266.567, 180
Trd, 000266.650, 177
Trd, 000267.967, 175
Trd, 000268.783, 171
Trd, 000268.883, 181
Trd, 000270.050, 179
Trd, 000270.100, 181
Trd, 000270.300, 181
Trd, 000270.467, 181
Trd, 000270.617, 179
Trd, 000270.967, 179
Trd, 000271.083, 182
Trd, 000271.983, 182
Trd, 000272.033, 180
Trd, 000272.183, 185
Trd, 000273.517, 180
Trd, 000273.750, 186
Trd, 000274.417, 179
Trd, 000274.933, 177
Trd, 000275.383, 176
Trd, 000275.783, 167
Trd, 000276.067, 167
Trd, 000276.100, 171
Trd, 000276.117, 173
Trd, 000276.367, 178
Trd, 000276.483, 175
Trd, 000276.667, 179
Trd, 000277.333, 178
Trd, 000277.500, 179
Trd, 000277.650, 178
Trd, 000278.667, 178
Trd, 000278.817, 177
Trd, 000279.150, 179
Trd, 000279.333, 177
Trd, 000279.483, 180
Trd, 000280.400, 180
Trd, 000280.717, 179
Trd, 000280.967, 182
Trd, 000281.550, 178
Trd, 000281.900, 177
Trd, 000283.400, 182
Trd, 000283.733, 182
Trd, 000284.433, 180
Trd, 000284.833, 183
Trd, 000285.083, 179
Trd, 000285.333, 182
Trd, 000285.550, 179
Trd, 000286.250, 179
Trd, 000286.267, 181
Trd, 000286.483, 178
Trd, 000286.533, 182
Trd, 000287.317, 177
Trd, 000287.783, 173
Trd, 000288.600, 181
Trd, 000289.033, 183
Trd, 000289.450, 184
Trd, 000289.583, 180
Trd, 000289.817, 184
Trd, 000289.983, 184
Trd, 000291.000, 186
Trd, 000291.083, 182
Trd, 000291.450, 181
Trd, 000291.483, 180
Trd, 000292.550, 185
Trd, 000292.633, 184
Trd, 000293.067, 181
Trd, 000294.533, 182
Trd, 000295.300, 181
Trd, 000295.467, 180
Trd, 000295.517, 180
Trd, 000296.000, 179
Trd, 000296.100, 181
Trd, 000296.267, 181
Trd, 000296.317, 178
Trd, 000296.433, 184
Trd, 000297.233, 179
Trd, 000297.367, 170
Trd, 000298.367, 181
Trd, 000298.867, 182
Trd, 000299.017, 170
Trd, 000299.283, 188
Trd, 000299.700, 192
Trd, 000299.783, 178
