Trd, 000002.700, 128
Trd, 000002.933, 175
Trd, 000003.667, 147
Trd, 000004.883, 160
Trd, 000005.333, 143
Trd, 000005.683, 155
Trd, 000005.750, 142
Trd, 000006.750, 144
Trd, 000006.950, 144
Trd, 000007.600, 152
Trd, 000007.767, 152
Trd, 000008.083, 143
Trd, 000008.783, 141
Trd, 000010.717, 153
Trd, 000011.083, 152
Trd, 000011.567, 153
Trd, 000011.817, 153
Trd, 000012.117, 159
Trd, 000012.217, 166
Trd, 000012.333, 158
Trd, 000012.450, 161
Trd, 000012.833, 152
Trd, 000013.133, 163
Trd, 000013.383, 144
Trd, 000013.800, 143
Trd, 000015.217, 143
Trd, 000016.050, 142
Trd, 000016.367, 131
Trd, 000017.033, 145
Trd, 000017.117, 152
Trd, 000017.550, 160
Trd, 000018.367, 149
Trd, 000019.850, 148
Trd, 000020.400, 146
Trd, 000020.750, 149
Trd, 000021.200, 148
Trd, 000021.717, 147
Trd, 000021.783, 147
Trd, 000022.350, 146
Trd, 000022.550, 143
Trd, 000023.967, 146
Trd, 000024.283, 148
Trd, 000024.333, 151
Trd, 000027.233, 151
Trd, 000027.333, 150
Trd, 000027.617, 149
Trd, 000027.950, 150
Trd, 000028.350, 151
Trd, 000029.167, 154
Trd, 000029.783, 154
Trd, 000029.983, 151
Trd, 000030.933, 157
Trd, 000032.000, 159
Trd, 000032.067, 161
Trd, 000032.583, 157
Trd, 000032.883, 156
Trd, 000032.900, 144
Trd, 000033.000, 159
Trd, 000033.200, 139
Trd, 000033.700, 133
Trd, 000036.050, 160
Trd, 000036.300, 158
Trd, 000036.450, 157
Trd, 000036.700, 160
Trd, 000037.017, 161
Trd, 000037.050, 156
Trd, 000039.167, 161
Trd, 000039.967, 158
Trd, 000040.150, 157
Trd, 000040.883, 147
Trd, 000042.817, 147
Trd, 000042.900, 155
Trd, 000043.817, 157
Trd, 000043.967, 159
Trd, 000044.433, 151
Trd, 000044.683, 150
Trd, 000045.033, 146
Trd, 000045.333, 158
Trd, 000046.233, 156
Trd, 000046.383, 146
Trd, 000046.617, 161
Trd, 000048.583, 151
Trd, 000049.167, 150
Trd, 000049.183, 152
Trd, 000049.550, 147
Trd, 000049.750, 154
Trd, 000051.400, 155
Trd, 000051.883, 154
Trd, 000052.450, 156
Trd, 000052.833, 160
Trd, 000053.250, 163
Trd, 000053.767, 151
Trd, 000055.533, 157
Trd, 000056.033, 160
Trd, 000056.550, 157
Trd, 000056.717, 146
Trd, 000056.983, 161
Trd, 000057.617, 157
Trd, 000059.217, 159
Trd, 000060.600, 158
Trd, 000060.750, 153
Trd, 000061.167, 157
Trd, 000061.333, 156
Trd, 000061.367, 167
Trd, 000061.467, 155
Trd, 000063.133, 148
Trd, 000063.833, 160
Trd, 000064.933, 158
Trd, 000065.600, 148
Trd, 000065.883, 157
Trd, 000066.583, 159
Trd, 000067.167, 160
Trd, 000067.883, 158
Trd, 000068.150, 158
Trd, 000068.417, 148
Trd, 000068.517, 144
Trd, 000069.250, 158
Trd, 000069.900, 144
Trd, 000070.433, 159
Trd, 000070.633, 162
Trd, 000070.900, 146
Trd, 000071.033, 145
Trd, 000071.950, 143
Trd, 000072.300, 140
Trd, 000072.600, 165
Trd, 000073.167, 159
Trd, 000073.817, 160
Trd, 000074.167, 160
Trd, 000075.350, 161
Trd, 000075.400, 160
Trd, 000075.717, 162
Trd, 000076.917, 162
Trd, 000077.083, 163
Trd, 000077.917, 161
Trd, 000079.317, 162
Trd, 000079.517, 160
Trd, 000080.183, 162
Trd, 000081.583, 160
Trd, 000081.717, 163
Trd, 000082.083, 159
Trd, 000082.517, 164
Trd, 000082.783, 166
Trd, 000084.133, 164
Trd, 000084.150, 159
Trd, 000084.750, 151
Trd, 000084.767, 149
Trd, 000087.233, 158
Trd, 000088.017, 164
Trd, 000088.250, 161
Trd, 000088.733, 173
Trd, 000089.033, 165
Trd, 000089.517, 167
Trd, 000089.733, 163
Trd, 000090.733, 163
Trd, 000092.267, 163
Trd, 000092.967, 165
Trd, 000093.117, 165
Trd, 000093.400, 165
Trd, 000093.433, 160
Trd, 000093.683, 166
Trd, 000093.700, 167
Trd, 000094.283, 167
Trd, 000095.317, 160
Trd, 000095.900, 166
Trd, 000096.117, 159
Trd, 000097.050, 151
Trd, 000097.433, 150
Trd, 000097.833, 146
Trd, 000098.150, 175
Trd, 000098.417, 161
Trd, 000099.600, 170
Trd, 000101.217, 152
Trd, 000101.900, 163
Trd, 000102.133, 151
Trd, 000102.450, 141
Trd, 000103.667, 158
Trd, 000104.133, 160
Trd, 000104.283, 162
Trd, 000104.467, 159
Trd, 000104.967, 165
Trd, 000106.167, 158
Trd, 000106.250, 170
Trd, 000106.283, 156
Trd, 000106.900, 161
Trd, 000107.317, 167
Trd, 000109.033, 155
Trd, 000109.200, 153
Trd, 000110.167, 165
Trd, 000110.983, 163
Trd, 000111.567, 162
Trd, 000111.667, 163
Trd, 000112.433, 163
Trd, 000112.817, 166
Trd, 000113.433, 156
Trd, 000113.567, 166
Trd, 000115.233, 163
Trd, 000115.650, 166
Trd, 000116.350, 165
Trd, 000116.517, 165
Trd, 000116.550, 169
Trd, 000116.683, 164
Trd, 000117.683, 159
Trd, 000118.400, 167
Trd, 000118.917, 157
Trd, 000119.900, 166
Trd, 000120.650, 164
Trd, 000121.050, 163
Trd, 000121.300, 166
Trd, 000121.400, 168
Trd, 000121.683, 170
Trd, 000123.333, 168
Trd, 000124.333, 170
Trd, 000124.667, 169
Trd, 000125.383, 163
Trd, 000125.750, 153
Trd, 000127.217, 157
Trd, 000127.383, 168
Trd, 000127.500, 169
Trd, 000128.233, 166
Trd, 000128.333, 169
Trd, 000129.967, 166
Trd, 000130.050, 164
Trd, 000130.850, 156
Trd, 000130.867, 154
Trd, 000131.450, 146
Trd, 000132.150, 165
Trd, 000132.283, 147
Trd, 000133.750, 158
Trd, 000133.950, 146
Trd, 000134.400, 158
Trd, 000135.050, 168
Trd, 000135.367, 155
Trd, 000138.350, 163
Trd, 000138.650, 164
Trd, 000139.767, 164
Trd, 000139.867, 163
Trd, 000140.133, 165
Trd, 000140.667, 164
Trd, 000141.200, 163
Trd, 000141.433, 155
Trd, 000141.950, 148
Trd, 000142.050, 149
Trd, 000142.500, 159
Trd, 000142.517, 163
Trd, 000142.683, 145
Trd, 000144.783, 159
Trd, 000145.183, 150
Trd, 000145.850, 166
Trd, 000146.800, 165
Trd, 000146.867, 165
Trd, 000148.533, 158
Trd, 000150.200, 157
Trd, 000150.233, 161
Trd, 000150.350, 164
Trd, 000151.000, 166
Trd, 000151.267, 156
Trd, 000151.800, 145
Trd, 000152.200, 170
Trd, 000152.300, 160
Trd, 000152.350, 172
Trd, 000153.083, 156
Trd, 000154.200, 167
Trd, 000154.800, 166
Trd, 000156.867, 164
Trd, 000157.383, 164
Trd, 000158.483, 166
Trd, 000158.633, 165
Trd, 000158.933, 165
Trd, 000159.267, 165
Trd, 000160.983, 160
Trd, 000161.033, 159
Trd, 000161.100, 157
Trd, 000162.200, 163
Trd, 000163.533, 157
Trd, 000163.617, 162
Trd, 000164.017, 162
Trd, 000165.383, 165
Trd, 000165.600, 171
Trd, 000166.667, 167
Trd, 000166.817, 173
Trd, 000167.267, 172
Trd, 000167.333, 174
Trd, 000168.233, 167
Trd, 000168.750, 167
Trd, 000169.417, 153
Trd, 000170.150, 170
Trd, 000171.283, 159
Trd, 000171.467, 158
Trd, 000171.900, 170
Trd, 000172.567, 169
Trd, 000172.583, 168
Trd, 000173.133, 170
Trd, 000173.350, 169
Trd, 000173.750, 168
Trd, 000173.883, 153
Trd, 000175.450, 170
Trd, 000176.933, 154
Trd, 000177.183, 152
Trd, 000178.033, 173
Trd, 000178.750, 169
Trd, 000178.967, 160
Trd, 000179.483, 175
Trd, 000179.867, 176
Trd, 000180.933, 173
Trd, 000182.700, 172
Trd, 000183.483, 172
Trd, 000183.717, 171
Trd, 000184.167, 172
Trd, 000184.500, 169
Trd, 000185.767, 170
Trd, 000185.850, 173
Trd, 000186.433, 160
Trd, 000188.433, 168
Trd, 000189.633, 170
Trd, 000190.200, 172
Trd, 000190.350, 174
Trd, 000191.017, 170
Trd, 000191.500, 173
Trd, 000191.817, 170
Trd, 000192.550, 166
Trd, 000192.733, 173
Trd, 000193.550, 173
Trd, 000193.667, 176
Trd, 000193.817, 189
Trd, 000194.350, 164
Trd, 000194.983, 163
Trd, 000196.267, 161
Trd, 000196.733, 161
Trd, 000198.200, 170
Trd, 000199.767, 163
Trd, 000200.250, 164
Trd, 000200.467, 161
Trd, 000200.583, 157
Trd, 000200.833, 167
Trd, 000201.833, 157
Trd, 000202.100, 168
Trd, 000203.500, 165
Trd, 000203.833, 166
Trd, 000203.967, 172
Trd, 000204.217, 165
Trd, 000204.550, 175
Trd, 000204.567, 148
Trd, 000204.950, 178
Trd, 000205.050, 147
Trd, 000205.267, 160
Trd, 000206.683, 172
Trd, 000208.000, 170
Trd, 000208.067, 179
Trd, 000208.367, 170
Trd, 000209.150, 174
Trd, 000209.300, 158
Trd, 000209.317, 157
Trd, 000209.417, 176
Trd, 000209.600, 164
Trd, 000211.800, 176
Trd, 000213.050, 178
Trd, 000213.200, 174
Trd, 000213.467, 172
Trd, 000214.750, 170
Trd, 000214.967, 174
Trd, 000216.217, 172
Trd, 000216.517, 174
Trd, 000216.917, 168
Trd, 000216.967, 167
Trd, 000217.517, 175
Trd, 000218.150, 167
Trd, 000218.483, 176
Trd, 000221.067, 170
Trd, 000221.850, 164
Trd, 000222.433, 172
Trd, 000223.100, 172
Trd, 000223.450, 174
Trd, 000224.550, 177
Trd, 000224.650, 175
Trd, 000225.317, 163
Trd, 000225.983, 158
Trd, 000226.183, 175
Trd, 000226.633, 164
Trd, 000227.567, 158
Trd, 000228.417, 177
Trd, 000228.683, 163
Trd, 000229.367, 173
Trd, 000229.467, 176
Trd, 000230.600, 177
Trd, 000231.167, 168
Trd, 000231.850, 178
Trd, 000232.917, 177
Trd, 000233.733, 181
Trd, 000233.850, 177
Trd, 000233.883, 188
Trd, 000233.933, 174
Trd, 000234.800, 172
Trd, 000235.633, 179
Trd, 000235.650, 180
Trd, 000239.267, 178
Trd, 000239.800, 179
Trd, 000240.083, 179
Trd, 000240.167, 178
Trd, 000240.717, 177
Trd, 000241.233, 178
Trd, 000241.450, 176
Trd, 000242.033, 179
Trd, 000242.100, 179
Trd, 000242.533, 173
Trd, 000243.117, 173
Trd, 000243.650, 175
Trd, 000244.050, 175
Trd, 000244.367, 178
Trd, 000244.733, 182
Trd, 000245.200, 182
Trd, 000245.433, 180
Trd, 000245.600, 181
Trd, 000245.783, 179
Trd, 000245.933, 179
Trd, 000245.983, 177
Trd, 000246.183, 182
Trd, 000246.683, 169
Trd, 000247.367, 167
Trd, 000247.833, 165
Trd, 000247.967, 169
Trd, 000248.550, 175
Trd, 000248.883, 178
Trd, 000249.300, 178
Trd, 000249.450, 181
Trd, 000249.783, 177
Trd, 000249.967, 178
Trd, 000250.733, 181
Trd, 000251.317, 181
Trd, 000252.167, 181
Trd, 000252.317, 180
Trd, 000252.850, 182
Trd, 000253.700, 182
Trd, 000254.183, 182
Trd, 000254.850, 180
Trd, 000255.083, 183
Trd, 000255.200, 180
Trd, 000255.900, 182
Trd, 000256.067, 180
Trd, 000256.117, 180
Trd, 000256.600, 183
Trd, 000256.783, 179
Trd, 000256.883, 176
Trd, 000257.300, 184
Trd, 000257.983, 183
Trd, 000258.200, 186
Trd, 000258.383, 187
Trd, 000259.850, 175
Trd, 000259.917, 177
Trd, 000260.200, 169
Trd, 000260.250, 168
Trd, 000260.550, 171
Trd, 000260.850, 167
Trd, 000261.517, 178
Trd, 000262.483, 172
Trd, 000262.867, 172
Trd, 000263.167, 174
Trd, 000263.383, 175
Trd, 000263.650, 174
Trd, 000263.850, 174
Trd, 000263.917, 167
Trd, 000264.333, 174
Trd, 000264.467, 175
Trd, 000264.650, 163
Trd, 000264.933, 173
Trd, 000265.467, 175
Trd, 000265.683, 177
Trd, 000266.433, 162
Trd, 000266.567, 173
Trd, 000267.133, 168
Trd, 000267.533, 173
Trd, 000268.267, 175
Trd, 000268.533, 175
Trd, 000268.967, 180
Trd, 000269.117, 176
Trd, 000269.300, 181
Trd, 000269.467, 180
Trd, 000269.783, 180
Trd, 000270.017, 175
Trd, 000270.700, 168
Trd, 000272.867, 173
Trd, 000273.133, 178
Trd, 000273.483, 178
Trd, 000273.700, 168
Trd, 000273.967, 176
Trd, 000274.583, 176
Trd, 000274.883, 181
Trd, 000275.067, 182
Trd, 000275.550, 182
Trd, 000275.750, 183
Trd, 000275.783, 182
Trd, 000276.100, 185
Trd, 000276.483, 183
Trd, 000276.833, 183
Trd, 000277.000, 183
Trd, 000277.300, 184
Trd, 000277.750, 179
Trd, 000278.300, 185
Trd, 000278.600, 163
Trd, 000278.800, 179
Trd, 000278.950, 186
Trd, 000279.317, 175
Trd, 000279.500, 171
Trd, 000279.783, 170
Trd, 000280.617, 176
Trd, 000280.783, 170
Trd, 000280.917, 176
Trd, 000280.967, 169
Trd, 000281.433, 177
Trd, 000282.350, 166
Trd, 000282.400, 163
Trd, 000282.700, 168
Trd, 000283.183, 174
Trd, 000283.233, 175
Trd, 000283.850, 170
Trd, 000284.250, 179
Trd, 000284.467, 183
Trd, 000284.600, 162
Trd, 000285.717, 183
Trd, 000285.833, 183
Trd, 000286.150, 186
Trd, 000286.717, 183
Trd, 000286.917, 182
Trd, 000287.417, 191
Trd, 000287.667, 172
Trd, 000288.433, 183
Trd, 000288.483, 188
Trd, 000288.667, 171
Trd, 000289.017, 170
Trd, 000289.883, 166
Trd, 000290.483, 192
Trd, 000290.667, 181
Trd, 000290.717, 189
Trd, 000290.867, 193
Trd, 000290.900, 181
Trd, 000291.267, 194
Trd, 000291.450, 189
Trd, 000292.083, 180
Trd, 000292.283, 177
Trd, 000292.667, 191
Trd, 000293.050, 194
Trd, 000293.083, 200
Trd, 000293.383, 208
Trd, 000293.433, 192
Trd, 000293.750, 193
Trd, 000293.950, 197
Trd, 000295.033, 180
Trd, 000295.050, 172
Trd, 000295.067, 170
Trd, 000296.550, 166
Trd, 000297.317, 180
Trd, 000298.117, 170
Trd, 000298.617, 169
Trd, 000299.283, 182
Trd, 000299.350, 181
Trd, 000299.450, 182
