Trd, 000002.367, 141
Trd, 000002.483, 137
Trd, 000003.283, 162
Trd, 000004.217, 182
Trd, 000004.433, 151
Trd, 000005.067, 150
Trd, 000006.850, 155
Trd, 000007.100, 153
Trd, 000008.000, 155
Trd, 000008.683, 156
Trd, 000008.867, 156
Trd, 000009.033, 155
Trd, 000009.433, 152
Trd, 000009.717, 154
Trd, 000011.533, 154
Trd, 000012.167, 156
Trd, 000012.583, 153
Trd, 000012.633, 144
Trd, 000013.483, 144
Trd, 000014.217, 148
Trd, 000014.933, 147
Trd, 000015.033, 152
Trd, 000017.183, 149
Trd, 000017.750, 149
Trd, 000017.983, 152
Trd, 000018.567, 153
Trd, 000019.633, 144
Trd, 000021.550, 149
Trd, 000021.667, 149
Trd, 000021.883, 149
Trd, 000021.950, 153
Trd, 000022.300, 148
Trd, 000023.583, 150
Trd, 000024.117, 151
Trd, 000024.467, 146
Trd, 000025.467, 148
Trd, 000025.517, 147
Trd, 000025.700, 146
Trd, 000025.933, 150
Trd, 000027.150, 153
Trd, 000028.767, 148
Trd, 000029.133, 138
Trd, 000030.017, 140
Trd, 000030.867, 145
Trd, 000031.033, 145
Trd, 000031.300, 153
Trd, 000031.617, 151
Trd, 000031.817, 144
Trd, 000034.233, 149
Trd, 000034.617, 150
Trd, 000035.283, 150
Trd, 000035.350, 148
Trd, 000036.483, 157
Trd, 000037.283, 156
Trd, 000038.033, 149
Trd, 000038.983, 148
Trd, 000039.217, 148
Trd, 000039.967, 148
Trd, 000040.250, 148
Trd, 000040.733, 147
Trd, 000041.800, 147
Trd, 000042.150, 147
Trd, 000042.183, 146
Trd, 000043.300, 143
Trd, 000044.183, 145
Trd, 000044.983, 159
Trd, 000045.400, 158
Trd, 000046.083, 149
Trd, 000047.017, 149
Trd, 000047.767, 158
Trd, 000049.383, 157
Trd, 000049.600, 156
Trd, 000049.783, 155
Trd, 000049.883, 157
Trd, 000050.450, 158
Trd, 000051.050, 160
Trd, 000051.933, 155
Trd, 000053.333, 156
Trd, 000054.517, 159
Trd, 000055.000, 158
Trd, 000055.150, 156
Trd, 000055.617, 156
Trd, 000056.450, 156
Trd, 000056.467, 150
Trd, 000057.617, 142
Trd, 000057.700, 158
Trd, 000058.933, 143
Trd, 000059.050, 158
Trd, 000060.767, 157
Trd, 000061.567, 159
Trd, 000062.017, 155
Trd, 000062.583, 154
Trd, 000062.733, 158
Trd, 000063.433, 155
Trd, 000064.567, 153
Trd, 000066.217, 153
Trd, 000066.367, 152
Trd, 000066.883, 150
Trd, 000067.550, 157
Trd, 000067.567, 162
Trd, 000068.900, 158
Trd, 000069.050, 144
Trd, 000070.817, 160
Trd, 000071.167, 153
Trd, 000071.967, 158
Trd, 000072.800, 155
Trd, 000072.833, 154
Trd, 000073.400, 156
Trd, 000074.867, 154
Trd, 000075.083, 158
Trd, 000075.350, 153
Trd, 000076.683, 151
Trd, 000077.083, 157
Trd, 000077.133, 152
Trd, 000078.733, 153
Trd, 000078.900, 155
Trd, 000079.100, 152
Trd, 000080.267, 156
Trd, 000080.933, 159
Trd, 000081.433, 157
Trd, 000081.633, 162
Trd, 000082.567, 156
Trd, 000085.233, 160
Trd, 000085.467, 161
Trd, 000085.500, 160
Trd, 000085.650, 161
Trd, 000085.717, 155
Trd, 000086.467, 155
Trd, 000086.617, 154
Trd, 000089.283, 155
Trd, 000089.333, 153
Trd, 000090.550, 158
Trd, 000091.233, 162
Trd, 000091.967, 160
Trd, 000092.050, 157
Trd, 000092.800, 158
Trd, 000093.783, 149
Trd, 000094.333, 160
Trd, 000094.800, 161
Trd, 000095.067, 164
Trd, 000095.300, 154
Trd, 000096.050, 166
Trd, 000096.367, 154
Trd, 000096.400, 153
Trd, 000097.267, 162
Trd, 000098.567, 162
Trd, 000098.750, 145
Trd, 000098.867, 154
Trd, 000099.883, 137
Trd, 000101.317, 155
Trd, 000101.700, 154
Trd, 000103.217, 156
Trd, 000103.850, 154
Trd, 000104.917, 156
Trd, 000107.050, 156
Trd, 000108.217, 155
Trd, 000108.417, 155
Trd, 000108.883, 157
Trd, 000110.217, 156
Trd, 000110.283, 157
Trd, 000110.533, 155
Trd, 000113.250, 157
Trd, 000113.483, 158
Trd, 000114.217, 158
Trd, 000114.367, 156
Trd, 000114.567, 155
Trd, 000114.600, 155
Trd, 000115.317, 151
Trd, 000115.550, 151
Trd, 000117.233, 159
Trd, 000117.300, 155
Trd, 000117.633, 155
Trd, 000118.250, 162
Trd, 000121.233, 153
Trd, 000121.517, 154
Trd, 000122.117, 153
Trd, 000122.333, 155
Trd, 000122.483, 158
Trd, 000123.267, 154
Trd, 000123.767, 157
Trd, 000124.033, 158
Trd, 000124.283, 156
Trd, 000125.300, 154
Trd, 000125.467, 161
Trd, 000125.500, 163
Trd, 000127.250, 152
Trd, 000128.267, 154
Trd, 000128.717, 154
Trd, 000129.250, 157
Trd, 000129.433, 157
Trd, 000130.683, 158
Trd, 000130.867, 158
Trd, 000131.067, 155
Trd, 000132.283, 154
Trd, 000133.367, 153
Trd, 000134.000, 154
Trd, 000135.050, 149
Trd, 000135.117, 140
Trd, 000136.267, 154
Trd, 000137.350, 153
Trd, 000138.850, 157
Trd, 000138.917, 156
Trd, 000139.150, 159
Trd, 000139.600, 159
Trd, 000139.700, 158
Trd, 000140.267, 165
Trd, 000140.450, 157
Trd, 000141.583, 156
Trd, 000142.750, 159
Trd, 000144.033, 167
Trd, 000145.133, 164
Trd, 000145.383, 167
Trd, 000145.467, 162
Trd, 000146.283, 163
Trd, 000146.483, 161
Trd, 000147.200, 162
Trd, 000147.350, 161
Trd, 000147.517, 160
Trd, 000147.600, 159
Trd, 000147.883, 160
Trd, 000147.933, 159
Trd, 000148.833, 166
Trd, 000152.117, 162
Trd, 000153.083, 161
Trd, 000154.050, 167
Trd, 000154.200, 168
Trd, 000155.017, 169
Trd, 000155.600, 165
Trd, 000156.783, 166
Trd, 000157.233, 166
Trd, 000157.483, 167
Trd, 000157.883, 166
Trd, 000158.417, 164
Trd, 000158.800, 163
Trd, 000159.417, 160
Trd, 000160.817, 152
Trd, 000161.383, 143
Trd, 000162.233, 144
Trd, 000162.717, 143
Trd, 000162.950, 153
Trd, 000163.900, 166
Trd, 000164.183, 147
Trd, 000164.250, 167
Trd, 000165.333, 147
Trd, 000166.417, 158
Trd, 000167.833, 170
Trd, 000168.467, 171
Trd, 000169.200, 166
Trd, 000170.033, 161
Trd, 000170.267, 154
Trd, 000170.800, 154
Trd, 000171.050, 157
Trd, 000171.183, 159
Trd, 000171.317, 159
Trd, 000171.500, 159
Trd, 000172.033, 160
Trd, 000173.483, 162
Trd, 000174.200, 169
Trd, 000174.967, 172
Trd, 000175.167, 165
Trd, 000175.817, 174
Trd, 000176.533, 171
Trd, 000176.983, 170
Trd, 000177.767, 182
Trd, 000178.400, 182
Trd, 000178.983, 173
Trd, 000179.250, 174
Trd, 000181.050, 178
Trd, 000181.333, 179
Trd, 000181.567, 163
Trd, 000182.600, 170
Trd, 000182.750, 164
Trd, 000183.200, 162
Trd, 000183.883, 154
Trd, 000184.283, 167
Trd, 000184.600, 145
Trd, 000185.217, 173
Trd, 000186.633, 172
Trd, 000186.683, 169
Trd, 000186.733, 168
Trd, 000187.433, 162
Trd, 000189.967, 156
Trd, 000190.367, 163
Trd, 000190.767, 163
Trd, 000191.417, 165
Trd, 000192.367, 155
Trd, 000192.417, 155
Trd, 000192.467, 154
Trd, 000193.283, 156
Trd, 000194.333, 159
Trd, 000194.733, 160
Trd, 000194.883, 170
Trd, 000196.967, 164
Trd, 000197.683, 173
Trd, 000198.233, 173
Trd, 000198.283, 167
Trd, 000199.333, 173
Trd, 000200.200, 171
Trd, 000200.450, 170
Trd, 000201.350, 168
Trd, 000202.733, 172
Trd, 000203.367, 170
Trd, 000203.533, 169
Trd, 000203.650, 172
Trd, 000204.617, 160
Trd, 000205.183, 169
Trd, 000205.367, 160
Trd, 000207.300, 171
Trd, 000208.233, 169
Trd, 000208.550, 164
Trd, 000208.950, 174
Trd, 000209.517, 167
Trd, 000210.867, 169
Trd, 000211.133, 168
Trd, 000211.917, 167
Trd, 000212.350, 169
Trd, 000212.917, 172
Trd, 000214.367, 162
Trd, 000215.333, 167
Trd, 000216.017, 172
Trd, 000216.267, 166
Trd, 000216.600, 165
Trd, 000217.200, 163
Trd, 000218.200, 166
Trd, 000218.300, 170
Trd, 000219.017, 163
Trd, 000219.067, 161
Trd, 000219.617, 163
Trd, 000220.933, 177
Trd, 000221.300, 162
Trd, 000223.100, 163
Trd, 000224.400, 163
Trd, 000224.417, 168
Trd, 000226.350, 167
Trd, 000226.667, 163
Trd, 000227.483, 174
Trd, 000227.550, 166
Trd, 000227.667, 165
Trd, 000230.217, 171
Trd, 000230.283, 172
Trd, 000230.467, 171
Trd, 000230.817, 171
Trd, 000231.400, 169
Trd, 000232.500, 173
Trd, 000232.800, 169
Trd, 000233.000, 168
Trd, 000233.533, 173
Trd, 000233.617, 168
Trd, 000234.783, 171
Trd, 000235.383, 169
Trd, 000235.433, 174
Trd, 000236.433, 167
Trd, 000237.717, 164
Trd, 000237.817, 163
Trd, 000238.400, 165
Trd, 000239.667, 167
Trd, 000239.917, 178
Trd, 000240.217, 169
Trd, 000240.783, 173
Trd, 000241.083, 177
Trd, 000241.283, 175
Trd, 000241.600, 175
Trd, 000242.383, 173
Trd, 000243.067, 171
Trd, 000243.367, 173
Trd, 000243.933, 174
Trd, 000244.883, 173
Trd, 000244.933, 175
Trd, 000244.967, 172
Trd, 000245.067, 172
Trd, 000246.267, 175
Trd, 000246.350, 176
Trd, 000246.800, 173
Trd, 000247.067, 162
Trd, 000247.450, 164
Trd, 000248.433, 164
Trd, 000249.217, 167
Trd, 000249.967, 166
Trd, 000250.550, 170
Trd, 000250.800, 172
Trd, 000251.183, 175
Trd, 000251.317, 172
Trd, 000252.000, 163
Trd, 000252.350, 162
Trd, 000252.383, 165
Trd, 000252.600, 163
Trd, 000253.967, 164
Trd, 000254.433, 163
Trd, 000254.483, 162
Trd, 000254.517, 165
Trd, 000254.867, 161
Trd, 000255.517, 170
Trd, 000256.033, 176
Trd, 000256.167, 177
Trd, 000257.667, 175
Trd, 000257.933, 174
Trd, 000258.100, 173
Trd, 000258.167, 177
Trd, 000258.317, 173
Trd, 000258.967, 171
Trd, 000259.117, 176
Trd, 000259.750, 170
Trd, 000260.967, 172
Trd, 000261.367, 177
Trd, 000261.983, 180
Trd, 000262.133, 179
Trd, 000262.283, 181
Trd, 000262.817, 165
Trd, 000263.467, 163
Trd, 000263.517, 167
Trd, 000264.933, 177
Trd, 000265.350, 179
Trd, 000266.100, 191
Trd, 000266.133, 192
Trd, 000266.750, 189
Trd, 000266.767, 185
Trd, 000267.750, 180
Trd, 000268.350, 187
Trd, 000268.483, 182
Trd, 000268.617, 182
Trd, 000268.667, 179
Trd, 000268.750, 189
Trd, 000268.883, 191
Trd, 000269.633, 170
Trd, 000270.967, 164
Trd, 000271.317, 170
Trd, 000271.750, 165
Trd, 000271.817, 166
Trd, 000272.000, 171
Trd, 000272.133, 166
Trd, 000273.033, 176
Trd, 000273.150, 179
Trd, 000273.233, 177
Trd, 000273.600, 178
Trd, 000273.983, 180
Trd, 000274.017, 182
Trd, 000274.217, 177
Trd, 000274.367, 176
Trd, 000275.050, 178
Trd, 000275.833, 172
Trd, 000276.567, 172
Trd, 000276.767, 172
Trd, 000277.750, 171
Trd, 000277.867, 177
Trd, 000279.000, 178
Trd, 000279.600, 179
Trd, 000280.200, 183
Trd, 000280.300, 186
Trd, 000280.383, 174
Trd, 000280.667, 188
Trd, 000281.300, 184
Trd, 000281.417, 191
Trd, 000281.567, 163
Trd, 000281.583, 165
Trd, 000282.933, 160
Trd, 000283.183, 169
Trd, 000283.717, 182
Trd, 000284.133, 181
Trd, 000284.150, 172
Trd, 000284.800, 180
Trd, 000284.850, 170
Trd, 000285.583, 174
Trd, 000286.417, 175
Trd, 000286.733, 177
Trd, 000286.750, 175
Trd, 000287.050, 179
Trd, 000287.817, 181
Trd, 000288.867, 187
Trd, 000288.900, 174
Trd, 000289.567, 177
Trd, 000289.683, 172
Trd, 000290.500, 176
Trd, 000290.683, 175
Trd, 000290.817, 194
Trd, 000291.217, 180
Trd, 000291.300, 183
Trd, 000292.083, 198
Trd, 000292.450, 181
Trd, 000292.767, 180
Trd, 000294.417, 170
Trd, 000294.500, 173
Trd, 000294.767, 184
Trd, 000294.900, 170
Trd, 000294.917, 165
Trd, 000295.467, 166
Trd, 000295.800, 180
Trd, 000295.817, 167
Trd, 000296.200, 181
Trd, 000296.433, 193
Trd, 000297.917, 167
Trd, 000298.017, 180
Trd, 000298.817, 165
Trd, 000298.933, 164
Trd, 000299.050, 183
Trd, 000299.483, 167
