Trd, 000001.550, 142
Trd, 000003.000, 162
Trd, 000003.733, 153
Trd, 000004.617, 153
Trd, 000004.733, 153
Trd, 000004.850, 152
Trd, 000005.433, 151
Trd, 000005.567, 151
Trd, 000006.050, 151
Trd, 000006.283, 154
Trd, 000007.217, 151
Trd, 000007.850, 152
Trd, 000008.283, 152
Trd, 000008.917, 153
Trd, 000009.433, 154
Trd, 000010.417, 154
Trd, 000010.817, 155
Trd, 000011.050, 156
Trd, 000011.400, 155
Trd, 000012.450, 156
Trd, 000012.933, 155
Trd, 000013.100, 156
Trd, 000013.450, 155
Trd, 000013.850, 155
Trd, 000013.933, 149
Trd, 000014.700, 145
Trd, 000014.717, 146
Trd, 000014.833, 145
Trd, 000015.050, 146
Trd, 000015.300, 138
Trd, 000016.367, 152
Trd, 000017.033, 148
Trd, 000017.067, 147
Trd, 000018.200, 149
Trd, 000018.267, 147
Trd, 000019.000, 151
Trd, 000020.300, 150
Trd, 000020.367, 150
Trd, 000020.750, 150
Trd, 000021.350, 149
Trd, 000021.750, 148
Trd, 000022.800, 149
Trd, 000023.833, 149
Trd, 000024.300, 149
Trd, 000024.833, 150
Trd, 000025.283, 151
Trd, 000025.700, 149
Trd, 000026.383, 149
Trd, 000026.400, 148
Trd, 000027.267, 148
Trd, 000028.083, 153
Trd, 000028.533, 157
Trd, 000029.733, 154
Trd, 000030.200, 155
Trd, 000030.233, 154
Trd, 000030.500, 155
Trd, 000031.000, 151
Trd, 000032.367, 149
Trd, 000033.300, 150
Trd, 000033.800, 151
Trd, 000034.383, 151
Trd, 000034.900, 151
Trd, 000035.750, 150
Trd, 000036.100, 149
Trd, 000036.967, 149
Trd, 000037.467, 152
Trd, 000038.100, 149
Trd, 000038.983, 151
Trd, 000039.433, 154
Trd, 000040.383, 154
Trd, 000040.400, 159
Trd, 000041.767, 154
Trd, 000042.433, 154
Trd, 000042.883, 154
Trd, 000043.167, 152
Trd, 000044.300, 153
Trd, 000044.800, 153
Trd, 000044.900, 152
Trd, 000045.033, 155
Trd, 000046.033, 155
Trd, 000046.183, 159
Trd, 000047.733, 155
Trd, 000047.750, 159
Trd, 000048.183, 159
Trd, 000048.317, 157
Trd, 000048.767, 154
Trd, 000049.400, 156
Trd, 000049.700, 156
Trd, 000050.250, 155
Trd, 000050.817, 154
Trd, 000052.283, 155
Trd, 000052.400, 153
Trd, 000053.783, 149
Trd, 000054.100, 150
Trd, 000054.733, 153
Trd, 000054.800, 156
Trd, 000054.917, 160
Trd, 000055.600, 157
Trd, 000056.667, 156
Trd, 000057.000, 156
Trd, 000057.117, 156
Trd, 000057.317, 155
Trd, 000057.717, 157
Trd, 000058.367, 156
Trd, 000059.300, 159
Trd, 000059.333, 158
Trd, 000059.350, 159
Trd, 000059.417, 155
Trd, 000060.033, 154
Trd, 000061.850, 155
Trd, 000062.150, 155
Trd, 000064.017, 156
Trd, 000064.250, 154
Trd, 000064.383, 152
Trd, 000065.417, 156
Trd, 000065.533, 156
Trd, 000065.850, 157
Trd, 000066.517, 153
Trd, 000066.650, 152
Trd, 000067.350, 152
Trd, 000067.783, 152
Trd, 000068.017, 153
Trd, 000068.083, 152
Trd, 000068.483, 155
Trd, 000068.900, 153
Trd, 000069.267, 158
Trd, 000070.750, 155
Trd, 000070.767, 155
Trd, 000070.950, 157
Trd, 000071.917, 158
Trd, 000072.483, 158
Trd, 000073.400, 157
Trd, 000074.350, 157
Trd, 000075.083, 158
Trd, 000075.333, 159
Trd, 000075.517, 161
Trd, 000076.433, 159
Trd, 000077.633, 163
Trd, 000077.733, 159
Trd, 000078.383, 163
Trd, 000078.850, 161
Trd, 000079.667, 160
Trd, 000080.033, 159
Trd, 000080.750, 160
Trd, 000081.400, 157
Trd, 000081.600, 157
Trd, 000081.933, 157
Trd, 000082.017, 159
Trd, 000083.350, 157
Trd, 000083.517, 159
Trd, 000083.583, 156
Trd, 000084.283, 159
Trd, 000084.517, 159
Trd, 000084.950, 159
Trd, 000085.800, 157
Trd, 000085.983, 156
Trd, 000086.050, 156
Trd, 000086.933, 154
Trd, 000088.383, 157
Trd, 000088.883, 157
Trd, 000089.100, 158
Trd, 000089.717, 157
Trd, 000089.817, 159
Trd, 000090.383, 160
Trd, 000090.967, 159
Trd, 000091.017, 157
Trd, 000091.167, 161
Trd, 000092.983, 159
Trd, 000093.517, 158
Trd, 000093.817, 159
Trd, 000094.967, 158
Trd, 000095.050, 157
Trd, 000096.033, 155
Trd, 000096.233, 154
Trd, 000096.467, 157
Trd, 000096.867, 155
Trd, 000096.983, 158
Trd, 000097.650, 156
Trd, 000098.367, 153
Trd, 000099.300, 159
Trd, 000101.033, 156
Trd, 000101.183, 156
Trd, 000101.750, 157
Trd, 000101.800, 156
Trd, 000102.300, 158
Trd, 000102.817, 156
Trd, 000104.033, 157
Trd, 000104.217, 157
Trd, 000104.700, 158
Trd, 000105.433, 158
Trd, 000106.233, 158
Trd, 000106.300, 157
Trd, 000106.867, 158
Trd, 000107.617, 159
Trd, 000107.700, 158
Trd, 000108.267, 157
Trd, 000108.567, 157
Trd, 000109.450, 164
Trd, 000110.617, 163
Trd, 000110.717, 162
Trd, 000111.200, 163
Trd, 000111.550, 163
Trd, 000112.467, 164
Trd, 000112.633, 165
Trd, 000113.150, 164
Trd, 000113.183, 163
Trd, 000114.900, 166
Trd, 000115.500, 164
Trd, 000115.767, 165
Trd, 000116.917, 164
Trd, 000117.133, 159
Trd, 000117.833, 161
Trd, 000118.233, 164
Trd, 000118.600, 164
Trd, 000119.333, 160
Trd, 000119.400, 160
Trd, 000119.750, 157
Trd, 000119.950, 157
Trd, 000120.767, 156
Trd, 000121.083, 157
Trd, 000122.267, 159
Trd, 000123.450, 159
Trd, 000124.617, 159
Trd, 000124.933, 159
Trd, 000124.950, 161
Trd, 000125.167, 161
Trd, 000125.367, 162
Trd, 000126.133, 162
Trd, 000126.350, 167
Trd, 000126.483, 160
Trd, 000126.950, 175
Trd, 000127.133, 170
Trd, 000127.750, 173
Trd, 000127.917, 157
Trd, 000130.617, 161
Trd, 000131.317, 162
Trd, 000131.483, 162
Trd, 000131.567, 161
Trd, 000131.683, 160
Trd, 000132.167, 162
Trd, 000132.333, 161
Trd, 000132.467, 164
Trd, 000134.517, 162
Trd, 000134.833, 163
Trd, 000135.667, 164
Trd, 000135.733, 164
Trd, 000136.033, 160
Trd, 000136.450, 157
Trd, 000137.517, 163
Trd, 000137.550, 150
Trd, 000137.833, 147
Trd, 000138.467, 154
Trd, 000138.617, 154
Trd, 000138.933, 155
Trd, 000138.950, 158
Trd, 000139.633, 165
Trd, 000140.750, 168
Trd, 000141.483, 161
Trd, 000141.550, 160
Trd, 000142.550, 160
Trd, 000142.983, 160
Trd, 000143.233, 159
Trd, 000143.917, 176
Trd, 000144.133, 166
Trd, 000144.533, 173
Trd, 000144.650, 165
Trd, 000144.700, 191
Trd, 000145.733, 191
Trd, 000146.233, 191
Trd, 000146.367, 165
Trd, 000147.883, 159
Trd, 000148.400, 154
Trd, 000149.567, 163
Trd, 000149.850, 164
Trd, 000150.250, 163
Trd, 000150.400, 164
Trd, 000150.450, 165
Trd, 000151.967, 164
Trd, 000152.433, 164
Trd, 000152.967, 163
Trd, 000152.983, 164
Trd, 000153.417, 166
Trd, 000153.483, 163
Trd, 000156.117, 169
Trd, 000156.533, 170
Trd, 000157.167, 169
Trd, 000157.750, 168
Trd, 000158.900, 166
Trd, 000159.100, 170
Trd, 000159.417, 170
Trd, 000160.633, 171
Trd, 000160.950, 171
Trd, 000161.483, 171
Trd, 000162.000, 171
Trd, 000162.033, 172
Trd, 000162.600, 171
Trd, 000163.767, 170
Trd, 000164.083, 171
Trd, 000164.517, 169
Trd, 000166.383, 168
Trd, 000167.033, 169
Trd, 000167.483, 168
Trd, 000167.833, 171
Trd, 000168.317, 169
Trd, 000168.533, 165
Trd, 000169.017, 171
Trd, 000169.600, 169
Trd, 000169.650, 153
Trd, 000171.417, 169
Trd, 000172.383, 166
Trd, 000172.717, 165
Trd, 000172.783, 166
Trd, 000173.300, 167
Trd, 000173.950, 167
Trd, 000174.933, 166
Trd, 000175.300, 165
Trd, 000175.433, 165
Trd, 000175.683, 166
Trd, 000175.983, 169
Trd, 000176.850, 173
Trd, 000178.083, 176
Trd, 000178.383, 177
Trd, 000178.683, 175
Trd, 000179.733, 175
Trd, 000180.317, 175
Trd, 000180.350, 173
Trd, 000180.550, 174
Trd, 000181.900, 172
Trd, 000182.483, 169
Trd, 000182.583, 166
Trd, 000182.717, 172
Trd, 000183.317, 171
Trd, 000184.517, 166
Trd, 000184.700, 167
Trd, 000185.950, 167
Trd, 000186.500, 166
Trd, 000186.767, 167
Trd, 000187.250, 169
Trd, 000188.433, 169
Trd, 000188.517, 168
Trd, 000188.700, 167
Trd, 000189.633, 170
Trd, 000189.967, 172
Trd, 000190.233, 173
Trd, 000190.933, 173
Trd, 000191.317, 174
Trd, 000191.433, 163
Trd, 000193.150, 162
Trd, 000193.800, 162
Trd, 000194.300, 162
Trd, 000194.583, 163
Trd, 000195.850, 160
Trd, 000195.967, 164
Trd, 000195.983, 159
Trd, 000196.367, 163
Trd, 000196.533, 164
Trd, 000196.800, 158
Trd, 000197.767, 171
Trd, 000199.333, 164
Trd, 000199.483, 163
Trd, 000199.800, 164
Trd, 000199.817, 168
Trd, 000202.000, 166
Trd, 000202.533, 168
Trd, 000202.567, 166
Trd, 000202.750, 167
Trd, 000203.250, 171
Trd, 000203.867, 172
Trd, 000204.050, 172
Trd, 000204.683, 172
Trd, 000204.817, 168
Trd, 000205.333, 174
Trd, 000206.150, 172
Trd, 000206.200, 169
Trd, 000207.617, 168
Trd, 000208.433, 167
Trd, 000208.600, 168
Trd, 000208.817, 167
Trd, 000211.350, 167
Trd, 000211.533, 168
Trd, 000212.000, 169
Trd, 000212.200, 169
Trd, 000212.933, 169
Trd, 000213.567, 168
Trd, 000213.667, 171
Trd, 000213.800, 167
Trd, 000214.783, 167
Trd, 000214.800, 166
Trd, 000215.700, 169
Trd, 000215.817, 169
Trd, 000216.350, 168
Trd, 000216.700, 167
Trd, 000217.217, 167
Trd, 000218.833, 168
Trd, 000219.100, 173
Trd, 000219.750, 169
Trd, 000220.200, 170
Trd, 000221.217, 169
Trd, 000221.783, 169
Trd, 000222.150, 169
Trd, 000223.417, 170
Trd, 000223.500, 169
Trd, 000223.750, 170
Trd, 000224.350, 185
Trd, 000224.617, 180
Trd, 000225.850, 178
Trd, 000226.633, 178
Trd, 000226.933, 177
Trd, 000227.233, 177
Trd, 000228.217, 177
Trd, 000228.467, 183
Trd, 000228.683, 179
Trd, 000228.833, 177
Trd, 000229.583, 177
Trd, 000230.700, 176
Trd, 000230.883, 173
Trd, 000231.017, 174
Trd, 000231.383, 174
Trd, 000231.583, 172
Trd, 000232.367, 173
Trd, 000233.150, 174
Trd, 000233.467, 173
Trd, 000233.650, 173
Trd, 000234.317, 171
Trd, 000234.633, 172
Trd, 000235.017, 173
Trd, 000235.683, 173
Trd, 000235.767, 172
Trd, 000236.333, 172
Trd, 000236.750, 174
Trd, 000236.950, 171
Trd, 000237.133, 175
Trd, 000237.150, 170
Trd, 000238.917, 175
Trd, 000240.017, 174
Trd, 000240.200, 174
Trd, 000240.383, 174
Trd, 000240.417, 175
Trd, 000240.483, 173
Trd, 000240.733, 174
Trd, 000241.367, 173
Trd, 000241.600, 174
Trd, 000242.133, 174
Trd, 000242.483, 175
Trd, 000242.617, 169
Trd, 000242.967, 169
Trd, 000243.817, 169
Trd, 000244.183, 168
Trd, 000244.583, 166
Trd, 000244.783, 171
Trd, 000244.917, 167
Trd, 000245.333, 168
Trd, 000246.083, 170
Trd, 000246.700, 171
Trd, 000246.933, 173
Trd, 000247.083, 170
Trd, 000247.350, 179
Trd, 000248.683, 179
Trd, 000249.450, 179
Trd, 000249.617, 180
Trd, 000249.683, 180
Trd, 000250.517, 181
Trd, 000250.767, 180
Trd, 000251.183, 179
Trd, 000251.633, 173
Trd, 000251.650, 169
Trd, 000252.917, 168
Trd, 000253.217, 169
Trd, 000253.433, 169
Trd, 000253.717, 169
Trd, 000253.950, 169
Trd, 000254.083, 172
Trd, 000254.817, 180
Trd, 000255.500, 179
Trd, 000256.483, 181
Trd, 000256.667, 182
Trd, 000257.217, 181
Trd, 000257.583, 184
Trd, 000258.267, 183
Trd, 000258.683, 181
Trd, 000259.150, 182
Trd, 000259.617, 182
Trd, 000259.850, 181
Trd, 000261.017, 181
Trd, 000261.317, 182
Trd, 000261.350, 185
Trd, 000261.717, 185
Trd, 000262.283, 184
Trd, 000263.100, 182
Trd, 000263.933, 181
Trd, 000263.983, 180
Trd, 000264.167, 183
Trd, 000264.300, 179
Trd, 000265.317, 181
Trd, 000265.533, 179
Trd, 000265.783, 178
Trd, 000266.700, 174
Trd, 000267.217, 178
Trd, 000267.350, 181
Trd, 000268.850, 176
Trd, 000269.150, 172
Trd, 000270.250, 176
Trd, 000270.883, 175
Trd, 000271.483, 177
Trd, 000271.767, 178
Trd, 000271.867, 179
Trd, 000272.500, 177
Trd, 000273.200, 175
Trd, 000273.217, 178
Trd, 000274.300, 176
Trd, 000274.550, 177
Trd, 000274.583, 178
Trd, 000275.233, 176
Trd, 000275.283, 177
Trd, 000276.217, 177
Trd, 000276.967, 180
Trd, 000277.250, 176
Trd, 000277.667, 176
Trd, 000277.700, 180
Trd, 000278.133, 181
Trd, 000278.417, 176
Trd, 000278.983, 179
Trd, 000279.017, 181
Trd, 000279.117, 184
Trd, 000279.617, 186
Trd, 000279.983, 190
Trd, 000280.633, 188
Trd, 000281.783, 187
Trd, 000281.883, 188
Trd, 000282.667, 185
Trd, 000282.933, 177
Trd, 000283.300, 181
Trd, 000283.450, 181
Trd, 000284.100, 178
Trd, 000284.267, 180
Trd, 000285.267, 178
Trd, 000285.583, 177
Trd, 000286.050, 176
Trd, 000286.217, 179
Trd, 000286.717, 179
Trd, 000286.850, 179
Trd, 000288.500, 179
Trd, 000288.533, 179
Trd, 000288.717, 172
Trd, 000289.250, 173
Trd, 000289.383, 171
Trd, 000289.583, 170
Trd, 000290.083, 178
Trd, 000290.150, 179
Trd, 000291.083, 180
Trd, 000291.483, 181
Trd, 000292.583, 177
Trd, 000292.967, 182
Trd, 000293.033, 181
Trd, 000293.367, 181
Trd, 000293.617, 184
Trd, 000295.050, 187
Trd, 000295.300, 186
Trd, 000295.400, 183
Trd, 000296.017, 185
Trd, 000296.100, 185
Trd, 000296.167, 184
Trd, 000296.383, 177
Trd, 000296.433, 184
Trd, 000297.200, 180
Trd, 000297.217, 185
Trd, 000297.833, 185
Trd, 000298.050, 182
Trd, 000298.283, 182
Trd, 000298.350, 183
Trd, 000298.767, 183
Trd, 000298.850, 178
Trd, 000299.433, 184
Trd, 000299.600, 184
Trd, 000299.917, 175
