Trd, 000001.950, 127
Trd, 000002.567, 151
Trd, 000002.733, 155
Trd, 000004.800, 145
Trd, 000004.933, 146
Trd, 000005.083, 147
Trd, 000005.100, 145
Trd, 000006.033, 148
Trd, 000006.200, 157
Trd, 000007.317, 144
Trd, 000007.483, 151
Trd, 000007.683, 144
Trd, 000008.133, 138
Trd, 000008.750, 137
Trd, 000008.867, 140
Trd, 000009.650, 142
Trd, 000010.083, 145
Trd, 000010.450, 143
Trd, 000011.633, 144
Trd, 000012.867, 149
Trd, 000012.967, 138
Trd, 000013.350, 145
Trd, 000013.633, 145
Trd, 000013.800, 140
Trd, 000014.000, 146
Trd, 000014.117, 146
Trd, 000014.167, 141
Trd, 000014.583, 142
Trd, 000014.883, 149
Trd, 000016.333, 150
Trd, 000017.683, 149
Trd, 000017.950, 148
Trd, 000018.300, 150
Trd, 000018.333, 152
Trd, 000018.700, 147
Trd, 000019.883, 152
Trd, 000020.183, 148
Trd, 000020.500, 153
Trd, 000021.117, 153
Trd, 000021.450, 147
Trd, 000021.883, 170
Trd, 000022.267, 164
Trd, 000022.483, 160
Trd, 000022.583, 153
Trd, 000023.933, 150
Trd, 000024.033, 150
Trd, 000024.233, 146
Trd, 000024.817, 154
Trd, 000025.533, 152
Trd, 000026.000, 150
Trd, 000026.417, 156
Trd, 000026.600, 156
Trd, 000027.267, 156
Trd, 000027.900, 153
Trd, 000027.950, 154
Trd, 000028.933, 152
Trd, 000030.200, 156
Trd, 000030.333, 157
Trd, 000030.533, 155
Trd, 000030.867, 154
Trd, 000031.483, 156
Trd, 000031.733, 155
Trd, 000032.183, 170
Trd, 000032.383, 155
Trd, 000033.400, 158
Trd, 000034.167, 169
Trd, 000035.183, 155
Trd, 000035.783, 164
Trd, 000035.850, 155
Trd, 000037.883, 164
Trd, 000038.683, 156
Trd, 000038.850, 159
Trd, 000039.467, 160
Trd, 000039.550, 158
Trd, 000039.700, 156
Trd, 000040.200, 158
Trd, 000040.317, 159
Trd, 000041.450, 157
Trd, 000041.467, 157
Trd, 000042.350, 156
Trd, 000042.750, 156
Trd, 000043.117, 166
Trd, 000044.550, 158
Trd, 000044.817, 155
Trd, 000044.967, 155
Trd, 000045.800, 159
Trd, 000046.217, 154
Trd, 000046.883, 155
Trd, 000047.283, 157
Trd, 000048.917, 156
Trd, 000049.133, 155
Trd, 000050.617, 156
Trd, 000050.717, 157
Trd, 000050.783, 156
Trd, 000051.083, 154
Trd, 000051.133, 160
Trd, 000053.250, 157
Trd, 000054.267, 157
Trd, 000055.117, 157
Trd, 000055.617, 156
Trd, 000055.717, 156
Trd, 000055.783, 153
Trd, 000055.933, 142
Trd, 000056.367, 155
Trd, 000057.200, 151
Trd, 000057.383, 152
Trd, 000057.500, 152
Trd, 000057.633, 150
Trd, 000057.917, 151
Trd, 000058.983, 134
Trd, 000059.267, 157
Trd, 000059.417, 157
Trd, 000059.550, 158
Trd, 000060.400, 156
Trd, 000061.367, 155
Trd, 000061.433, 151
Trd, 000062.333, 160
Trd, 000063.033, 153
Trd, 000063.267, 151
Trd, 000065.233, 154
Trd, 000065.283, 152
Trd, 000065.300, 153
Trd, 000065.567, 151
Trd, 000065.683, 155
Trd, 000066.883, 155
Trd, 000067.333, 155
Trd, 000068.150, 152
Trd, 000068.817, 154
Trd, 000068.833, 155
Trd, 000069.033, 155
Trd, 000069.350, 155
Trd, 000069.783, 175
Trd, 000070.050, 169
Trd, 000070.067, 167
Trd, 000070.600, 160
Trd, 000071.467, 158
Trd, 000071.733, 157
Trd, 000071.783, 162
Trd, 000072.433, 182
Trd, 000072.650, 161
Trd, 000073.600, 163
Trd, 000074.367, 163
Trd, 000075.100, 163
Trd, 000075.650, 163
Trd, 000076.250, 165
Trd, 000076.617, 175
Trd, 000076.633, 159
Trd, 000077.167, 169
Trd, 000077.350, 159
Trd, 000077.800, 168
Trd, 000077.967, 159
Trd, 000078.417, 155
Trd, 000080.333, 154
Trd, 000080.467, 158
Trd, 000082.300, 158
Trd, 000082.317, 155
Trd, 000082.383, 159
Trd, 000082.617, 163
Trd, 000082.800, 156
Trd, 000084.100, 159
Trd, 000084.500, 159
Trd, 000084.917, 156
Trd, 000086.117, 159
Trd, 000086.283, 161
Trd, 000086.483, 164
Trd, 000086.783, 175
Trd, 000087.133, 154
Trd, 000087.500, 153
Trd, 000088.567, 175
Trd, 000088.717, 155
Trd, 000088.817, 170
Trd, 000089.483, 155
Trd, 000090.900, 160
Trd, 000091.817, 163
Trd, 000093.200, 164
Trd, 000093.500, 165
Trd, 000094.650, 161
Trd, 000094.717, 163
Trd, 000094.900, 160
Trd, 000095.150, 160
Trd, 000095.183, 160
Trd, 000096.250, 160
Trd, 000096.717, 157
Trd, 000096.767, 153
Trd, 000096.800, 161
Trd, 000098.783, 172
Trd, 000098.833, 161
Trd, 000098.850, 175
Trd, 000098.917, 176
Trd, 000099.617, 165
Trd, 000099.800, 154
Trd, 000101.400, 157
Trd, 000101.850, 158
Trd, 000102.867, 158
Trd, 000103.283, 161
Trd, 000103.683, 161
Trd, 000104.250, 159
Trd, 000104.417, 160
Trd, 000105.017, 157
Trd, 000105.233, 159
Trd, 000105.450, 161
Trd, 000105.850, 159
Trd, 000106.783, 160
Trd, 000106.867, 155
Trd, 000107.483, 161
Trd, 000108.367, 162
Trd, 000109.617, 162
Trd, 000109.933, 162
Trd, 000110.050, 163
Trd, 000110.633, 160
Trd, 000111.233, 163
Trd, 000111.300, 159
Trd, 000111.650, 163
Trd, 000112.567, 162
Trd, 000112.683, 163
Trd, 000114.000, 161
Trd, 000114.333, 162
Trd, 000114.433, 165
Trd, 000115.417, 162
Trd, 000116.200, 162
Trd, 000116.433, 163
Trd, 000116.517, 161
Trd, 000116.667, 164
Trd, 000117.667, 164
Trd, 000118.283, 163
Trd, 000118.500, 164
Trd, 000118.717, 156
Trd, 000120.367, 160
Trd, 000120.683, 161
Trd, 000120.767, 149
Trd, 000121.300, 159
Trd, 000121.700, 161
Trd, 000122.517, 160
Trd, 000122.983, 162
Trd, 000123.367, 161
Trd, 000123.750, 162
Trd, 000123.883, 160
Trd, 000124.183, 164
Trd, 000124.917, 167
Trd, 000124.983, 170
Trd, 000125.033, 163
Trd, 000125.483, 178
Trd, 000126.533, 162
Trd, 000127.467, 162
Trd, 000128.133, 167
Trd, 000128.317, 164
Trd, 000128.517, 165
Trd, 000128.550, 161
Trd, 000128.883, 161
Trd, 000130.350, 158
Trd, 000130.833, 159
Trd, 000131.000, 159
Trd, 000131.300, 157
Trd, 000131.533, 160
Trd, 000131.800, 161
Trd, 000133.250, 162
Trd, 000133.917, 158
Trd, 000134.017, 168
Trd, 000135.183, 164
Trd, 000135.333, 165
Trd, 000135.550, 166
Trd, 000136.417, 166
Trd, 000136.600, 166
Trd, 000137.433, 166
Trd, 000138.450, 166
Trd, 000139.683, 165
Trd, 000140.033, 163
Trd, 000140.100, 165
Trd, 000140.317, 163
Trd, 000140.417, 162
Trd, 000140.817, 159
Trd, 000142.200, 158
Trd, 000142.350, 158
Trd, 000142.733, 160
Trd, 000142.933, 155
Trd, 000143.150, 151
Trd, 000143.617, 155
Trd, 000143.817, 147
Trd, 000144.133, 160
Trd, 000146.133, 160
Trd, 000146.267, 147
Trd, 000146.683, 160
Trd, 000146.717, 162
Trd, 000147.150, 165
Trd, 000147.633, 162
Trd, 000148.633, 166
Trd, 000148.700, 169
Trd, 000149.183, 170
Trd, 000150.800, 166
Trd, 000151.583, 169
Trd, 000152.083, 170
Trd, 000152.167, 171
Trd, 000152.183, 168
Trd, 000152.750, 167
Trd, 000153.433, 163
Trd, 000153.600, 174
Trd, 000154.633, 166
Trd, 000155.450, 167
Trd, 000155.717, 167
Trd, 000156.333, 166
Trd, 000156.567, 165
Trd, 000156.617, 168
Trd, 000156.633, 163
Trd, 000157.567, 169
Trd, 000157.933, 159
Trd, 000159.617, 162
Trd, 000160.417, 166
Trd, 000160.733, 161
Trd, 000161.217, 165
Trd, 000161.833, 165
Trd, 000162.300, 165
Trd, 000163.017, 164
Trd, 000163.200, 165
Trd, 000164.117, 166
Trd, 000164.233, 166
Trd, 000165.583, 166
Trd, 000165.650, 165
Trd, 000165.900, 167
Trd, 000167.033, 167
Trd, 000167.583, 167
Trd, 000167.883, 167
Trd, 000168.667, 154
Trd, 000168.867, 153
Trd, 000168.883, 158
Trd, 000169.100, 141
Trd, 000169.433, 166
Trd, 000170.267, 161
Trd, 000171.850, 167
Trd, 000172.550, 165
Trd, 000172.717, 166
Trd, 000172.900, 168
Trd, 000172.917, 172
Trd, 000173.183, 185
Trd, 000173.267, 157
Trd, 000175.217, 160
Trd, 000175.333, 165
Trd, 000175.383, 158
Trd, 000175.400, 158
Trd, 000176.050, 164
Trd, 000176.567, 163
Trd, 000176.900, 168
Trd, 000177.117, 169
Trd, 000177.133, 171
Trd, 000177.733, 173
Trd, 000177.950, 185
Trd, 000179.617, 181
Trd, 000180.250, 180
Trd, 000180.317, 186
Trd, 000180.333, 179
Trd, 000180.967, 167
Trd, 000181.083, 169
Trd, 000181.367, 166
Trd, 000181.567, 162
Trd, 000183.367, 170
Trd, 000183.683, 171
Trd, 000183.733, 169
Trd, 000184.683, 170
Trd, 000184.700, 171
Trd, 000184.717, 169
Trd, 000184.817, 167
Trd, 000185.567, 173
Trd, 000186.233, 166
Trd, 000186.833, 187
Trd, 000187.283, 178
Trd, 000187.417, 177
Trd, 000187.733, 170
Trd, 000188.200, 178
Trd, 000188.800, 177
Trd, 000190.250, 175
Trd, 000190.933, 178
Trd, 000191.367, 174
Trd, 000192.600, 175
Trd, 000193.517, 174
Trd, 000194.100, 183
Trd, 000194.350, 181
Trd, 000195.000, 180
Trd, 000195.450, 165
Trd, 000196.150, 170
Trd, 000196.667, 169
Trd, 000196.767, 170
Trd, 000196.817, 166
Trd, 000197.333, 166
Trd, 000197.417, 166
Trd, 000197.483, 169
Trd, 000198.183, 170
Trd, 000199.067, 169
Trd, 000199.917, 169
Trd, 000201.483, 166
Trd, 000201.967, 169
Trd, 000202.000, 171
Trd, 000202.217, 172
Trd, 000202.650, 175
Trd, 000203.700, 182
Trd, 000203.750, 171
Trd, 000204.100, 175
Trd, 000204.450, 173
Trd, 000204.783, 174
Trd, 000205.517, 168
Trd, 000205.800, 167
Trd, 000206.233, 163
Trd, 000207.683, 161
Trd, 000207.700, 162
Trd, 000207.900, 170
Trd, 000209.100, 163
Trd, 000210.000, 166
Trd, 000210.200, 167
Trd, 000210.900, 168
Trd, 000211.517, 169
Trd, 000211.883, 172
Trd, 000212.133, 176
Trd, 000212.350, 181
Trd, 000212.433, 169
Trd, 000212.817, 189
Trd, 000213.333, 193
Trd, 000213.433, 168
Trd, 000213.767, 167
Trd, 000214.700, 191
Trd, 000215.083, 181
Trd, 000216.217, 175
Trd, 000216.450, 168
Trd, 000216.533, 167
Trd, 000216.800, 167
Trd, 000217.300, 176
Trd, 000217.433, 173
Trd, 000219.150, 168
Trd, 000219.867, 176
Trd, 000220.183, 175
Trd, 000220.467, 173
Trd, 000220.683, 166
Trd, 000220.917, 173
Trd, 000221.550, 169
Trd, 000221.783, 174
Trd, 000221.900, 175
Trd, 000222.667, 170
Trd, 000222.933, 166
Trd, 000223.300, 172
Trd, 000223.450, 159
Trd, 000224.300, 164
Trd, 000225.517, 169
Trd, 000226.183, 170
Trd, 000227.250, 171
Trd, 000227.350, 171
Trd, 000227.383, 171
Trd, 000227.550, 170
Trd, 000227.650, 169
Trd, 000228.117, 173
Trd, 000228.817, 173
Trd, 000229.700, 172
Trd, 000229.883, 164
Trd, 000230.133, 174
Trd, 000230.317, 177
Trd, 000231.333, 177
Trd, 000231.367, 174
Trd, 000231.683, 162
Trd, 000231.767, 160
Trd, 000232.050, 164
Trd, 000232.200, 178
Trd, 000232.517, 171
Trd, 000232.667, 191
Trd, 000233.767, 173
Trd, 000234.550, 173
Trd, 000234.967, 172
Trd, 000235.133, 174
Trd, 000235.467, 174
Trd, 000235.783, 178
Trd, 000236.467, 175
Trd, 000237.000, 173
Trd, 000238.867, 174
Trd, 000239.000, 169
Trd, 000239.133, 169
Trd, 000240.317, 174
Trd, 000240.433, 171
Trd, 000240.567, 177
Trd, 000240.983, 179
Trd, 000241.500, 179
Trd, 000242.267, 180
Trd, 000242.367, 179
Trd, 000242.700, 180
Trd, 000243.333, 176
Trd, 000243.817, 177
Trd, 000244.167, 178
Trd, 000244.767, 178
Trd, 000245.167, 175
Trd, 000245.533, 179
Trd, 000245.800, 182
Trd, 000245.833, 175
Trd, 000245.950, 174
Trd, 000246.250, 177
Trd, 000246.733, 183
Trd, 000246.983, 177
Trd, 000247.767, 172
Trd, 000248.467, 176
Trd, 000248.900, 173
Trd, 000249.650, 175
Trd, 000250.233, 175
Trd, 000250.250, 176
Trd, 000250.667, 172
Trd, 000250.817, 175
Trd, 000251.033, 176
Trd, 000251.600, 172
Trd, 000251.850, 171
Trd, 000252.217, 171
Trd, 000252.717, 170
Trd, 000252.767, 169
Trd, 000253.633, 172
Trd, 000254.400, 177
Trd, 000254.467, 173
Trd, 000254.683, 180
Trd, 000255.850, 186
Trd, 000256.067, 181
Trd, 000256.200, 185
Trd, 000256.283, 179
Trd, 000256.533, 178
Trd, 000256.683, 180
Trd, 000257.083, 177
Trd, 000257.950, 180
Trd, 000258.733, 180
Trd, 000259.517, 181
Trd, 000259.617, 182
Trd, 000259.933, 181
Trd, 000260.617, 179
Trd, 000261.283, 183
Trd, 000261.583, 183
Trd, 000261.883, 177
Trd, 000261.983, 174
Trd, 000262.150, 179
Trd, 000262.167, 180
Trd, 000262.733, 179
Trd, 000263.233, 181
Trd, 000263.533, 177
Trd, 000264.217, 170
Trd, 000265.500, 174
Trd, 000265.800, 168
Trd, 000266.217, 167
Trd, 000266.650, 172
Trd, 000266.683, 177
Trd, 000267.650, 172
Trd, 000267.767, 172
Trd, 000268.183, 188
Trd, 000268.233, 184
Trd, 000268.250, 182
Trd, 000268.367, 178
Trd, 000269.067, 168
Trd, 000269.433, 189
Trd, 000269.783, 187
Trd, 000270.617, 185
Trd, 000270.750, 180
Trd, 000270.933, 175
Trd, 000271.483, 178
Trd, 000271.533, 179
Trd, 000271.833, 177
Trd, 000272.567, 168
Trd, 000272.683, 181
Trd, 000272.733, 183
Trd, 000273.817, 177
Trd, 000273.833, 174
Trd, 000274.167, 171
Trd, 000274.867, 177
Trd, 000275.150, 171
Trd, 000275.617, 175
Trd, 000275.633, 173
Trd, 000276.267, 177
Trd, 000276.817, 178
Trd, 000277.367, 172
Trd, 000277.633, 180
Trd, 000277.883, 189
Trd, 000278.183, 193
Trd, 000278.733, 182
Trd, 000278.833, 174
Trd, 000279.033, 171
Trd, 000279.600, 174
Trd, 000280.317, 174
Trd, 000280.433, 173
Trd, 000280.500, 183
Trd, 000280.667, 173
Trd, 000280.917, 197
Trd, 000281.750, 180
Trd, 000282.250, 179
Trd, 000282.400, 184
Trd, 000282.767, 180
Trd, 000282.817, 180
Trd, 000283.417, 181
Trd, 000283.750, 181
Trd, 000283.933, 181
Trd, 000284.433, 179
Trd, 000284.667, 190
Trd, 000285.133, 179
Trd, 000285.717, 172
Trd, 000286.217, 174
Trd, 000286.350, 169
Trd, 000286.367, 176
Trd, 000286.517, 168
Trd, 000287.167, 167
Trd, 000287.467, 172
Trd, 000287.600, 174
Trd, 000287.900, 172
Trd, 000288.167, 184
Trd, 000288.683, 170
Trd, 000289.267, 179
Trd, 000289.700, 173
Trd, 000290.983, 177
Trd, 000291.017, 177
Trd, 000291.633, 176
Trd, 000291.650, 180
Trd, 000291.933, 176
Trd, 000293.250, 182
Trd, 000293.367, 184
Trd, 000293.517, 177
Trd, 000294.017, 183
Trd, 000294.450, 178
Trd, 000294.633, 179
Trd, 000295.583, 184
Trd, 000296.017, 180
Trd, 000296.167, 181
Trd, 000296.300, 183
Trd, 000296.683, 174
Trd, 000297.383, 184
Trd, 000297.417, 172
Trd, 000297.617, 182
Trd, 000297.750, 170
Trd, 000297.883, 183
Trd, 000298.133, 190
Trd, 000298.483, 191
Trd, 000298.617, 196
Trd, 000299.117, 195
Trd, 000299.250, 178
