Trd, 000002.017, 162
Trd, 000002.200, 157
Trd, 000003.183, 152
Trd, 000003.533, 148
Trd, 000003.983, 158
Trd, 000004.917, 158
Trd, 000005.400, 156
Trd, 000005.500, 160
Trd, 000006.117, 144
Trd, 000006.383, 133
Trd, 000006.567, 152
Trd, 000006.833, 152
Trd, 000008.000, 152
Trd, 000008.167, 151
Trd, 000008.650, 148
Trd, 000008.750, 145
Trd, 000009.150, 151
Trd, 000011.017, 153
Trd, 000011.233, 163
Trd, 000011.467, 153
Trd, 000012.200, 152
Trd, 000013.667, 152
Trd, 000014.433, 151
Trd, 000015.017, 145
Trd, 000015.117, 163
Trd, 000015.517, 161
Trd, 000016.233, 163
Trd, 000016.633, 166
Trd, 000017.033, 163
Trd, 000017.383, 162
Trd, 000017.467, 161
Trd, 000018.350, 166
Trd, 000019.583, 152
Trd, 000019.867, 163
Trd, 000020.550, 162
Trd, 000021.583, 152
Trd, 000021.933, 150
Trd, 000022.017, 163
Trd, 000023.050, 152
Trd, 000023.533, 157
Trd, 000024.283, 156
Trd, 000024.600, 158
Trd, 000025.200, 161
Trd, 000026.100, 159
Trd, 000026.200, 154
Trd, 000026.350, 146
Trd, 000027.383, 154
Trd, 000029.017, 151
Trd, 000029.367, 153
Trd, 000029.533, 151
Trd, 000030.567, 150
Trd, 000030.733, 154
Trd, 000031.067, 148
Trd, 000032.500, 152
Trd, 000032.750, 148
Trd, 000033.533, 147
Trd, 000034.000, 147
Trd, 000034.433, 149
Trd, 000034.483, 149
Trd, 000035.033, 148
Trd, 000035.833, 147
Trd, 000035.850, 149
Trd, 000036.950, 166
Trd, 000037.917, 165
Trd, 000038.333, 159
Trd, 000038.750, 156
Trd, 000039.567, 152
Trd, 000039.650, 155
Trd, 000040.100, 152
Trd, 000040.717, 148
Trd, 000040.983, 153
Trd, 000041.317, 153
Trd, 000042.283, 152
Trd, 000042.367, 153
Trd, 000042.650, 152
Trd, 000043.267, 152
Trd, 000043.617, 150
Trd, 000044.450, 147
Trd, 000044.950, 135
Trd, 000045.667, 151
Trd, 000046.333, 152
Trd, 000046.500, 157
Trd, 000046.633, 148
Trd, 000047.900, 152
Trd, 000048.100, 172
Trd, 000048.233, 179
Trd, 000048.533, 151
Trd, 000049.267, 151
Trd, 000050.417, 165
Trd, 000050.467, 153
Trd, 000051.517, 138
Trd, 000051.617, 159
Trd, 000052.717, 157
Trd, 000053.150, 141
Trd, 000053.900, 147
Trd, 000054.133, 156
Trd, 000054.783, 155
Trd, 000055.483, 148
Trd, 000056.417, 148
Trd, 000057.267, 148
Trd, 000057.300, 147
Trd, 000057.467, 149
Trd, 000058.050, 169
Trd, 000058.383, 168
Trd, 000058.750, 172
Trd, 000059.517, 171
Trd, 000061.633, 153
Trd, 000062.000, 152
Trd, 000062.333, 152
Trd, 000062.983, 137
Trd, 000063.417, 166
Trd, 000064.267, 162
Trd, 000064.417, 166
Trd, 000064.867, 133
Trd, 000065.283, 149
Trd, 000065.450, 165
Trd, 000065.533, 167
Trd, 000066.600, 167
Trd, 000066.867, 155
Trd, 000067.150, 168
Trd, 000067.167, 175
Trd, 000067.350, 154
Trd, 000067.600, 153
Trd, 000068.717, 159
Trd, 000069.367, 155
Trd, 000070.317, 169
Trd, 000070.983, 172
Trd, 000071.483, 156
Trd, 000073.317, 165
Trd, 000073.817, 167
Trd, 000074.467, 166
Trd, 000074.517, 167
Trd, 000074.783, 163
Trd, 000074.817, 157
Trd, 000075.083, 155
Trd, 000075.650, 159
Trd, 000076.800, 169
Trd, 000077.433, 159
Trd, 000078.133, 164
Trd, 000078.633, 159
Trd, 000078.800, 170
Trd, 000078.950, 139
Trd, 000079.433, 157
Trd, 000079.517, 153
Trd, 000080.533, 150
Trd, 000080.633, 159
Trd, 000081.433, 150
Trd, 000082.017, 149
Trd, 000082.483, 156
Trd, 000083.083, 165
Trd, 000083.517, 172
Trd, 000083.617, 139
Trd, 000084.183, 173
Trd, 000084.200, 176
Trd, 000085.383, 152
Trd, 000085.817, 163
Trd, 000086.033, 164
Trd, 000087.250, 170
Trd, 000087.367, 177
Trd, 000088.750, 171
Trd, 000089.533, 170
Trd, 000089.567, 171
Trd, 000090.433, 168
Trd, 000090.717, 159
Trd, 000090.750, 157
Trd, 000090.867, 153
Trd, 000090.883, 151
Trd, 000091.350, 169
Trd, 000091.400, 177
Trd, 000093.017, 167
Trd, 000094.517, 163
Trd, 000094.550, 157
Trd, 000094.600, 168
Trd, 000094.700, 153
Trd, 000095.050, 167
Trd, 000096.017, 159
Trd, 000096.783, 163
Trd, 000098.100, 160
Trd, 000098.367, 163
Trd, 000099.350, 158
Trd, 000099.850, 159
Trd, 000099.883, 158
Trd, 000100.433, 164
Trd, 000100.717, 155
Trd, 000101.100, 154
Trd, 000101.783, 151
Trd, 000102.000, 123
Trd, 000102.150, 161
Trd, 000102.367, 154
Trd, 000102.983, 152
Trd, 000104.617, 151
Trd, 000105.667, 147
Trd, 000106.350, 149
Trd, 000106.567, 147
Trd, 000106.800, 146
Trd, 000107.067, 149
Trd, 000108.467, 149
Trd, 000108.533, 151
Trd, 000108.550, 152
Trd, 000109.017, 148
Trd, 000109.333, 152
Trd, 000109.933, 151
Trd, 000110.567, 151
Trd, 000111.367, 173
Trd, 000112.600, 158
Trd, 000112.617, 157
Trd, 000113.167, 171
Trd, 000114.833, 178
Trd, 000115.617, 161
Trd, 000116.017, 160
Trd, 000117.017, 160
Trd, 000117.317, 159
Trd, 000117.650, 160
Trd, 000118.050, 161
Trd, 000118.267, 160
Trd, 000118.517, 173
Trd, 000119.300, 172
Trd, 000119.433, 160
Trd, 000119.867, 175
Trd, 000119.933, 175
Trd, 000121.083, 172
Trd, 000121.217, 157
Trd, 000121.900, 169
Trd, 000122.183, 165
Trd, 000123.850, 166
Trd, 000123.900, 167
Trd, 000124.217, 165
Trd, 000124.267, 161
Trd, 000124.467, 160
Trd, 000125.383, 172
Trd, 000126.217, 170
Trd, 000126.967, 174
Trd, 000127.217, 180
Trd, 000128.033, 164
Trd, 000128.267, 163
Trd, 000128.617, 177
Trd, 000129.217, 163
Trd, 000130.050, 162
Trd, 000130.700, 162
Trd, 000130.933, 158
Trd, 000131.633, 160
Trd, 000132.467, 159
Trd, 000133.067, 156
Trd, 000133.267, 157
Trd, 000133.683, 160
Trd, 000134.150, 159
Trd, 000134.483, 159
Trd, 000135.150, 158
Trd, 000135.450, 159
Trd, 000135.950, 174
Trd, 000136.483, 166
Trd, 000137.117, 167
Trd, 000137.150, 157
Trd, 000138.167, 162
Trd, 000138.967, 162
Trd, 000139.383, 162
Trd, 000140.100, 163
Trd, 000140.667, 163
Trd, 000141.000, 161
Trd, 000141.233, 159
Trd, 000141.533, 162
Trd, 000141.967, 160
Trd, 000142.017, 163
Trd, 000142.283, 160
Trd, 000144.083, 160
Trd, 000145.283, 161
Trd, 000145.383, 177
Trd, 000145.883, 165
Trd, 000146.117, 174
Trd, 000146.533, 160
Trd, 000146.767, 172
Trd, 000147.250, 168
Trd, 000147.567, 163
Trd, 000147.883, 162
Trd, 000149.400, 174
Trd, 000149.533, 174
Trd, 000149.683, 159
Trd, 000150.117, 179
Trd, 000150.183, 146
Trd, 000150.533, 180
Trd, 000153.100, 171
Trd, 000153.517, 169
Trd, 000154.050, 169
Trd, 000154.250, 171
Trd, 000156.267, 165
Trd, 000156.667, 165
Trd, 000157.117, 170
Trd, 000157.867, 167
Trd, 000158.467, 168
Trd, 000159.100, 176
Trd, 000159.233, 184
Trd, 000159.283, 165
Trd, 000159.933, 164
Trd, 000160.733, 148
Trd, 000160.983, 177
Trd, 000162.583, 169
Trd, 000162.917, 170
Trd, 000163.733, 169
Trd, 000163.883, 170
Trd, 000164.350, 178
Trd, 000164.450, 160
Trd, 000165.167, 161
Trd, 000166.300, 162
Trd, 000167.000, 160
Trd, 000167.133, 168
Trd, 000167.917, 168
Trd, 000168.167, 164
Trd, 000168.233, 161
Trd, 000168.517, 172
Trd, 000169.400, 175
Trd, 000170.217, 179
Trd, 000170.450, 192
Trd, 000170.683, 166
Trd, 000170.783, 166
Trd, 000171.217, 176
Trd, 000171.233, 185
Trd, 000171.733, 165
Trd, 000172.550, 164
Trd, 000173.183, 178
Trd, 000173.517, 196
Trd, 000173.950, 162
Trd, 000174.050, 184
Trd, 000175.250, 179
Trd, 000176.300, 161
Trd, 000176.667, 148
Trd, 000177.017, 159
Trd, 000177.600, 161
Trd, 000178.000, 162
Trd, 000179.450, 165
Trd, 000179.650, 163
Trd, 000179.900, 179
Trd, 000180.100, 162
Trd, 000181.150, 161
Trd, 000181.383, 168
Trd, 000182.367, 179
Trd, 000183.150, 165
Trd, 000183.883, 176
Trd, 000184.583, 175
Trd, 000184.700, 166
Trd, 000184.883, 166
Trd, 000185.383, 175
Trd, 000186.133, 150
Trd, 000186.500, 166
Trd, 000186.650, 166
Trd, 000186.983, 156
Trd, 000187.450, 149
Trd, 000187.600, 162
Trd, 000187.933, 163
Trd, 000188.900, 163
Trd, 000188.967, 157
Trd, 000190.283, 180
Trd, 000191.183, 157
Trd, 000191.783, 159
Trd, 000192.450, 158
Trd, 000193.600, 158
Trd, 000194.633, 157
Trd, 000194.700, 160
Trd, 000195.467, 165
Trd, 000196.033, 163
Trd, 000196.483, 172
Trd, 000196.717, 172
Trd, 000197.550, 181
Trd, 000197.900, 175
Trd, 000198.283, 167
Trd, 000198.700, 183
Trd, 000198.933, 172
Trd, 000199.283, 187
Trd, 000199.767, 182
Trd, 000199.950, 185
Trd, 000202.533, 176
Trd, 000202.617, 177
Trd, 000204.383, 172
Trd, 000204.967, 170
Trd, 000205.233, 169
Trd, 000205.517, 168
Trd, 000205.933, 169
Trd, 000206.317, 170
Trd, 000206.850, 164
Trd, 000207.750, 166
Trd, 000208.500, 165
Trd, 000208.650, 167
Trd, 000208.800, 167
Trd, 000208.867, 182
Trd, 000209.367, 166
Trd, 000209.650, 173
Trd, 000210.350, 183
Trd, 000211.150, 189
Trd, 000211.250, 181
Trd, 000211.300, 180
Trd, 000212.700, 179
Trd, 000213.167, 178
Trd, 000213.500, 176
Trd, 000213.583, 152
Trd, 000215.200, 172
Trd, 000216.083, 172
Trd, 000216.633, 170
Trd, 000216.650, 168
Trd, 000217.150, 165
Trd, 000218.250, 161
Trd, 000218.450, 162
Trd, 000218.533, 163
Trd, 000219.033, 163
Trd, 000219.183, 166
Trd, 000220.067, 166
Trd, 000220.350, 165
Trd, 000220.583, 163
Trd, 000220.683, 168
Trd, 000221.350, 170
Trd, 000221.500, 184
Trd, 000222.050, 181
Trd, 000222.217, 174
Trd, 000223.600, 172
Trd, 000224.183, 182
Trd, 000224.733, 170
Trd, 000225.033, 170
Trd, 000225.233, 184
Trd, 000227.133, 180
Trd, 000227.517, 178
Trd, 000227.883, 179
Trd, 000228.150, 197
Trd, 000228.783, 167
Trd, 000229.300, 185
Trd, 000229.450, 149
Trd, 000229.633, 186
Trd, 000229.917, 145
Trd, 000231.150, 171
Trd, 000232.450, 173
Trd, 000233.600, 185
Trd, 000233.917, 170
Trd, 000234.017, 166
Trd, 000234.700, 160
Trd, 000234.733, 161
Trd, 000235.950, 161
Trd, 000235.983, 162
Trd, 000236.400, 164
Trd, 000237.250, 165
Trd, 000237.717, 185
Trd, 000237.933, 168
Trd, 000238.100, 185
Trd, 000238.283, 186
Trd, 000238.767, 182
Trd, 000240.200, 170
Trd, 000240.617, 172
Trd, 000241.200, 172
Trd, 000241.850, 173
Trd, 000241.883, 171
Trd, 000242.633, 173
Trd, 000243.083, 170
Trd, 000243.150, 170
Trd, 000243.217, 169
Trd, 000244.017, 169
Trd, 000244.333, 169
Trd, 000244.483, 172
Trd, 000245.417, 169
Trd, 000245.567, 171
Trd, 000245.800, 172
Trd, 000245.967, 171
Trd, 000246.100, 170
Trd, 000246.167, 168
Trd, 000246.983, 173
Trd, 000247.467, 174
Trd, 000248.817, 187
Trd, 000249.167, 182
Trd, 000249.583, 179
Trd, 000249.683, 176
Trd, 000250.050, 185
Trd, 000250.083, 177
Trd, 000251.533, 177
Trd, 000251.800, 175
Trd, 000252.050, 179
Trd, 000252.350, 172
Trd, 000252.583, 177
Trd, 000253.133, 176
Trd, 000253.500, 176
Trd, 000253.700, 177
Trd, 000254.383, 175
Trd, 000255.567, 182
Trd, 000255.617, 180
Trd, 000256.283, 174
Trd, 000256.967, 177
Trd, 000257.617, 178
Trd, 000257.883, 178
Trd, 000258.867, 189
Trd, 000259.467, 192
Trd, 000260.300, 189
Trd, 000260.467, 193
Trd, 000260.567, 188
Trd, 000260.983, 185
Trd, 000261.117, 189
Trd, 000261.133, 190
Trd, 000261.367, 185
Trd, 000262.267, 184
Trd, 000262.717, 182
Trd, 000262.967, 183
Trd, 000263.183, 176
Trd, 000263.750, 178
Trd, 000264.233, 175
Trd, 000264.900, 172
Trd, 000265.550, 172
Trd, 000265.650, 171
Trd, 000265.750, 170
Trd, 000266.350, 168
Trd, 000266.650, 176
Trd, 000267.717, 171
Trd, 000268.750, 170
Trd, 000269.250, 171
Trd, 000269.933, 189
Trd, 000270.000, 179
Trd, 000270.317, 177
Trd, 000270.333, 174
Trd, 000271.367, 172
Trd, 000271.400, 173
Trd, 000271.767, 173
Trd, 000272.267, 172
Trd, 000272.667, 173
Trd, 000273.400, 172
Trd, 000273.583, 172
Trd, 000273.650, 174
Trd, 000274.117, 174
Trd, 000274.850, 175
Trd, 000275.050, 174
Trd, 000275.267, 173
Trd, 000276.200, 175
Trd, 000276.267, 192
Trd, 000276.817, 179
Trd, 000277.967, 174
Trd, 000278.483, 175
Trd, 000278.600, 175
Trd, 000278.717, 173
Trd, 000279.033, 174
Trd, 000279.050, 175
Trd, 000279.300, 172
Trd, 000279.800, 176
Trd, 000279.867, 170
Trd, 000280.567, 190
Trd, 000281.550, 188
Trd, 000282.133, 189
Trd, 000282.350, 187
Trd, 000282.600, 188
Trd, 000283.083, 179
Trd, 000283.133, 178
Trd, 000283.267, 192
Trd, 000283.467, 190
Trd, 000284.000, 186
Trd, 000284.350, 178
Trd, 000285.000, 185
Trd, 000285.133, 195
Trd, 000285.317, 180
Trd, 000285.383, 176
Trd, 000285.550, 176
Trd, 000286.583, 180
Trd, 000286.967, 187
Trd, 000287.450, 172
Trd, 000287.567, 185
Trd, 000289.783, 167
Trd, 000290.083, 167
Trd, 000290.117, 170
Trd, 000290.150, 165
Trd, 000290.283, 171
Trd, 000290.650, 171
Trd, 000291.400, 172
Trd, 000291.433, 171
Trd, 000291.667, 170
Trd, 000292.550, 170
Trd, 000293.100, 170
Trd, 000293.517, 169
Trd, 000293.883, 173
Trd, 000293.933, 177
Trd, 000295.233, 171
Trd, 000295.550, 169
Trd, 000295.567, 173
Trd, 000296.067, 169
Trd, 000296.133, 177
Trd, 000296.317, 178
Trd, 000296.517, 197
Trd, 000296.700, 174
Trd, 000296.933, 204
Trd, 000297.683, 174
Trd, 000298.083, 188
Trd, 000298.350, 172
Trd, 000299.133, 183
Trd, 000299.733, 178
Trd, 000299.767, 191
