Trd, 000003.367, 100
Trd, 000003.767, 120
Trd, 000004.400, 134
Trd, 000004.967, 133
Trd, 000005.150, 134
Trd, 000005.233, 141
Trd, 000006.267, 136
Trd, 000006.650, 137
Trd, 000006.700, 135
Trd, 000006.883, 145
Trd, 000006.900, 151
Trd, 000007.533, 152
Trd, 000007.800, 148
Trd, 000008.900, 138
Trd, 000009.333, 137
Trd, 000009.400, 138
Trd, 000009.533, 142
Trd, 000010.733, 152
Trd, 000011.450, 148
Trd, 000011.483, 145
Trd, 000012.133, 147
Trd, 000012.567, 148
Trd, 000013.083, 159
Trd, 000013.550, 160
Trd, 000014.300, 156
Trd, 000014.500, 163
Trd, 000015.367, 157
Trd, 000016.233, 163
Trd, 000017.483, 159
Trd, 000017.900, 158
Trd, 000017.917, 159
Trd, 000018.000, 156
Trd, 000019.417, 157
Trd, 000019.567, 156
Trd, 000019.783, 153
Trd, 000020.200, 154
Trd, 000020.383, 159
Trd, 000021.167, 163
Trd, 000021.983, 161
Trd, 000022.167, 160
Trd, 000022.600, 157
Trd, 000023.100, 153
Trd, 000023.117, 161
Trd, 000023.467, 161
Trd, 000024.883, 157
Trd, 000025.383, 157
Trd, 000025.617, 162
Trd, 000026.100, 164
Trd, 000026.733, 175
Trd, 000027.000, 153
Trd, 000027.433, 150
Trd, 000027.800, 151
Trd, 000027.900, 149
Trd, 000029.950, 158
Trd, 000029.967, 156
Trd, 000030.167, 155
Trd, 000031.433, 154
Trd, 000032.100, 154
Trd, 000032.183, 149
Trd, 000032.450, 153
Trd, 000033.400, 147
Trd, 000033.483, 153
Trd, 000034.817, 153
Trd, 000035.000, 154
Trd, 000035.183, 142
Trd, 000035.333, 141
Trd, 000035.500, 174
Trd, 000036.050, 174
Trd, 000036.200, 144
Trd, 000036.917, 149
Trd, 000037.050, 149
Trd, 000037.300, 173
Trd, 000038.850, 167
Trd, 000039.750, 161
Trd, 000039.817, 168
Trd, 000040.100, 157
Trd, 000041.350, 164
Trd, 000041.600, 162
Trd, 000042.067, 161
Trd, 000042.083, 160
Trd, 000042.383, 155
Trd, 000042.783, 166
Trd, 000043.600, 159
Trd, 000043.800, 159
Trd, 000043.883, 158
Trd, 000044.550, 155
Trd, 000044.600, 157
Trd, 000044.650, 149
Trd, 000046.017, 150
Trd, 000047.117, 161
Trd, 000047.200, 162
Trd, 000047.467, 150
Trd, 000048.233, 151
Trd, 000048.317, 150
Trd, 000048.733, 164
Trd, 000049.867, 160
Trd, 000050.083, 157
Trd, 000050.300, 151
Trd, 000050.483, 152
Trd, 000052.217, 155
Trd, 000052.317, 156
Trd, 000052.367, 153
Trd, 000052.533, 152
Trd, 000052.700, 160
Trd, 000052.817, 151
Trd, 000053.483, 149
Trd, 000054.600, 152
Trd, 000054.800, 151
Trd, 000054.900, 156
Trd, 000055.900, 167
Trd, 000056.467, 153
Trd, 000058.083, 171
Trd, 000058.433, 171
Trd, 000059.217, 174
Trd, 000059.733, 173
Trd, 000060.400, 154
Trd, 000061.483, 161
Trd, 000063.100, 159
Trd, 000063.600, 159
Trd, 000063.867, 158
Trd, 000064.667, 160
Trd, 000064.733, 162
Trd, 000064.783, 159
Trd, 000065.233, 157
Trd, 000065.550, 167
Trd, 000065.567, 157
Trd, 000065.950, 154
Trd, 000066.000, 150
Trd, 000066.050, 142
Trd, 000067.567, 144
Trd, 000069.767, 153
Trd, 000070.067, 149
Trd, 000070.450, 144
Trd, 000070.733, 148
Trd, 000070.867, 152
Trd, 000071.350, 151
Trd, 000071.617, 153
Trd, 000072.100, 158
Trd, 000072.667, 147
Trd, 000072.900, 150
Trd, 000074.033, 150
Trd, 000074.300, 157
Trd, 000074.967, 157
Trd, 000075.433, 159
Trd, 000075.467, 154
Trd, 000075.500, 153
Trd, 000075.783, 159
Trd, 000075.983, 153
Trd, 000076.350, 152
Trd, 000076.500, 158
Trd, 000076.983, 153
Trd, 000077.467, 157
Trd, 000077.867, 157
Trd, 000078.983, 155
Trd, 000079.683, 154
Trd, 000079.933, 154
Trd, 000080.533, 154
Trd, 000081.317, 161
Trd, 000081.750, 168
Trd, 000082.550, 167
Trd, 000082.567, 169
Trd, 000082.750, 170
Trd, 000083.150, 162
Trd, 000083.667, 162
Trd, 000083.917, 159
Trd, 000084.367, 154
Trd, 000084.650, 153
Trd, 000084.667, 179
Trd, 000084.850, 162
Trd, 000086.567, 163
Trd, 000087.117, 164
Trd, 000087.500, 162
Trd, 000087.700, 163
Trd, 000088.467, 164
Trd, 000088.517, 162
Trd, 000088.533, 160
Trd, 000088.683, 165
Trd, 000090.067, 159
Trd, 000090.533, 162
Trd, 000090.833, 158
Trd, 000090.983, 157
Trd, 000091.850, 160
Trd, 000092.283, 164
Trd, 000092.600, 170
Trd, 000093.250, 165
Trd, 000093.917, 166
Trd, 000094.167, 165
Trd, 000095.800, 164
Trd, 000095.900, 159
Trd, 000097.117, 162
Trd, 000097.333, 161
Trd, 000097.350, 160
Trd, 000097.600, 158
Trd, 000098.000, 145
Trd, 000098.600, 147
Trd, 000100.050, 156
Trd, 000100.233, 144
Trd, 000100.400, 158
Trd, 000100.767, 161
Trd, 000102.033, 170
Trd, 000103.267, 170
Trd, 000103.500, 169
Trd, 000103.950, 171
Trd, 000104.433, 162
Trd, 000105.083, 164
Trd, 000105.383, 161
Trd, 000105.517, 156
Trd, 000106.750, 157
Trd, 000106.817, 156
Trd, 000107.117, 157
Trd, 000107.233, 160
Trd, 000107.467, 164
Trd, 000107.550, 156
Trd, 000108.050, 159
Trd, 000108.117, 158
Trd, 000108.967, 155
Trd, 000109.083, 162
Trd, 000110.050, 160
Trd, 000110.183, 161
Trd, 000110.500, 164
Trd, 000111.800, 172
Trd, 000112.483, 173
Trd, 000112.967, 173
Trd, 000113.100, 172
Trd, 000114.450, 162
Trd, 000114.767, 155
Trd, 000115.217, 172
Trd, 000116.100, 170
Trd, 000116.283, 161
Trd, 000116.467, 159
Trd, 000117.500, 163
Trd, 000117.850, 164
Trd, 000118.683, 160
Trd, 000118.767, 160
Trd, 000119.250, 166
Trd, 000119.567, 162
Trd, 000120.050, 166
Trd, 000120.133, 163
Trd, 000120.517, 163
Trd, 000122.050, 148
Trd, 000122.067, 147
Trd, 000122.450, 153
Trd, 000122.567, 156
Trd, 000122.650, 162
Trd, 000122.983, 153
Trd, 000123.433, 159
Trd, 000123.583, 163
Trd, 000125.833, 152
Trd, 000126.033, 156
Trd, 000126.350, 165
Trd, 000126.767, 164
Trd, 000126.800, 159
Trd, 000127.017, 174
Trd, 000128.183, 160
Trd, 000129.250, 161
Trd, 000129.767, 157
Trd, 000130.017, 144
Trd, 000131.200, 160
Trd, 000131.417, 160
Trd, 000131.433, 159
Trd, 000131.450, 161
Trd, 000131.867, 163
Trd, 000131.917, 159
Trd, 000132.833, 166
Trd, 000133.067, 149
Trd, 000134.550, 167
Trd, 000134.967, 157
Trd, 000135.200, 167
Trd, 000135.550, 165
Trd, 000135.917, 166
Trd, 000136.000, 185
Trd, 000136.100, 164
Trd, 000136.483, 175
Trd, 000136.700, 176
Trd, 000137.767, 177
Trd, 000138.583, 172
Trd, 000139.067, 170
Trd, 000139.800, 170
Trd, 000140.033, 184
Trd, 000140.317, 185
Trd, 000140.567, 177
Trd, 000141.267, 174
Trd, 000142.267, 169
Trd, 000142.433, 165
Trd, 000142.600, 149
Trd, 000143.667, 153
Trd, 000143.767, 157
Trd, 000143.800, 163
Trd, 000144.200, 164
Trd, 000144.883, 159
Trd, 000145.333, 162
Trd, 000146.333, 163
Trd, 000146.367, 163
Trd, 000146.900, 174
Trd, 000147.917, 170
Trd, 000148.000, 164
Trd, 000148.950, 163
Trd, 000149.667, 164
Trd, 000149.750, 159
Trd, 000150.217, 156
Trd, 000150.567, 159
Trd, 000150.583, 159
Trd, 000151.167, 167
Trd, 000152.000, 166
Trd, 000153.333, 166
Trd, 000153.700, 167
Trd, 000153.800, 167
Trd, 000153.817, 177
Trd, 000154.567, 168
Trd, 000155.100, 175
Trd, 000155.517, 166
Trd, 000155.583, 167
Trd, 000156.017, 166
Trd, 000156.583, 164
Trd, 000157.400, 163
Trd, 000157.433, 169
Trd, 000158.733, 160
Trd, 000158.900, 165
Trd, 000159.700, 186
Trd, 000161.317, 172
Trd, 000161.717, 180
Trd, 000162.583, 178
Trd, 000162.617, 179
Trd, 000164.250, 176
Trd, 000164.383, 175
Trd, 000164.467, 176
Trd, 000164.500, 173
Trd, 000164.733, 167
Trd, 000165.433, 179
Trd, 000165.533, 172
Trd, 000166.183, 175
Trd, 000168.417, 177
Trd, 000168.667, 179
Trd, 000168.733, 176
Trd, 000168.800, 168
Trd, 000169.050, 164
Trd, 000169.350, 178
Trd, 000169.567, 179
Trd, 000169.633, 169
Trd, 000170.083, 162
Trd, 000170.617, 176
Trd, 000172.250, 165
Trd, 000172.533, 166
Trd, 000173.900, 167
Trd, 000174.283, 166
Trd, 000174.500, 170
Trd, 000174.883, 167
Trd, 000175.033, 165
Trd, 000175.817, 171
Trd, 000176.200, 176
Trd, 000176.367, 176
Trd, 000176.617, 172
Trd, 000176.833, 171
Trd, 000177.017, 166
Trd, 000177.650, 163
Trd, 000177.733, 162
Trd, 000177.783, 178
Trd, 000178.350, 179
Trd, 000179.567, 171
Trd, 000180.217, 172
Trd, 000180.383, 171
Trd, 000180.750, 171
Trd, 000182.100, 170
Trd, 000182.383, 169
Trd, 000182.683, 167
Trd, 000182.833, 169
Trd, 000183.133, 166
Trd, 000183.533, 171
Trd, 000184.683, 160
Trd, 000185.567, 169
Trd, 000185.617, 160
Trd, 000185.667, 159
Trd, 000185.783, 157
Trd, 000185.850, 172
Trd, 000186.900, 169
Trd, 000187.883, 156
Trd, 000188.050, 166
Trd, 000188.967, 157
Trd, 000189.117, 162
Trd, 000189.250, 159
Trd, 000189.417, 163
Trd, 000189.583, 158
Trd, 000190.200, 170
Trd, 000191.267, 171
Trd, 000192.400, 170
Trd, 000192.550, 167
Trd, 000193.233, 170
Trd, 000193.817, 169
Trd, 000194.867, 170
Trd, 000195.733, 169
Trd, 000196.150, 170
Trd, 000196.217, 174
Trd, 000196.450, 169
Trd, 000196.650, 177
Trd, 000197.400, 172
Trd, 000197.533, 171
Trd, 000197.583, 183
Trd, 000198.267, 182
Trd, 000198.400, 182
Trd, 000198.883, 175
Trd, 000200.300, 164
Trd, 000200.717, 171
Trd, 000200.850, 170
Trd, 000201.033, 159
Trd, 000201.550, 153
Trd, 000201.733, 151
Trd, 000202.117, 164
Trd, 000202.517, 160
Trd, 000203.433, 158
Trd, 000203.733, 158
Trd, 000204.167, 165
Trd, 000204.800, 164
Trd, 000205.500, 169
Trd, 000206.433, 168
Trd, 000207.633, 170
Trd, 000207.750, 169
Trd, 000207.833, 171
Trd, 000208.333, 174
Trd, 000208.500, 183
Trd, 000208.600, 172
Trd, 000208.733, 170
Trd, 000209.317, 169
Trd, 000209.333, 168
Trd, 000209.817, 194
Trd, 000210.033, 165
Trd, 000210.767, 175
Trd, 000211.717, 170
Trd, 000212.900, 166
Trd, 000213.450, 165
Trd, 000213.883, 166
Trd, 000214.100, 167
Trd, 000214.383, 166
Trd, 000214.483, 161
Trd, 000214.533, 160
Trd, 000214.550, 172
Trd, 000214.950, 165
Trd, 000215.933, 172
Trd, 000216.183, 162
Trd, 000217.150, 193
Trd, 000217.217, 157
Trd, 000217.767, 153
Trd, 000218.233, 178
Trd, 000219.550, 181
Trd, 000220.150, 180
Trd, 000220.617, 179
Trd, 000220.950, 178
Trd, 000220.967, 173
Trd, 000221.167, 166
Trd, 000221.317, 157
Trd, 000221.683, 161
Trd, 000222.483, 167
Trd, 000223.417, 166
Trd, 000223.533, 172
Trd, 000224.100, 171
Trd, 000224.617, 172
Trd, 000224.850, 185
Trd, 000224.933, 166
Trd, 000225.300, 174
Trd, 000225.667, 194
Trd, 000225.867, 162
Trd, 000225.983, 159
Trd, 000226.650, 159
Trd, 000228.233, 168
Trd, 000228.333, 170
Trd, 000228.533, 168
Trd, 000228.617, 171
Trd, 000228.733, 167
Trd, 000229.917, 168
Trd, 000230.600, 178
Trd, 000232.233, 174
Trd, 000232.367, 176
Trd, 000232.500, 179
Trd, 000232.967, 175
Trd, 000233.617, 171
Trd, 000233.683, 171
Trd, 000233.850, 167
Trd, 000235.683, 175
Trd, 000236.050, 171
Trd, 000236.617, 170
Trd, 000236.983, 172
Trd, 000237.800, 172
Trd, 000238.600, 172
Trd, 000239.033, 171
Trd, 000239.833, 161
Trd, 000240.067, 172
Trd, 000240.333, 164
Trd, 000240.567, 167
Trd, 000240.583, 168
Trd, 000240.900, 164
Trd, 000241.117, 167
Trd, 000241.483, 165
Trd, 000241.733, 168
Trd, 000242.183, 167
Trd, 000242.350, 166
Trd, 000242.367, 164
Trd, 000242.867, 168
Trd, 000242.917, 162
Trd, 000243.483, 168
Trd, 000244.400, 168
Trd, 000244.650, 172
Trd, 000245.517, 170
Trd, 000246.083, 171
Trd, 000246.117, 167
Trd, 000247.000, 173
Trd, 000247.500, 176
Trd, 000247.533, 168
Trd, 000247.750, 187
Trd, 000248.900, 177
Trd, 000249.667, 178
Trd, 000249.867, 176
Trd, 000250.283, 180
Trd, 000250.350, 182
Trd, 000251.017, 189
Trd, 000251.167, 181
Trd, 000251.517, 181
Trd, 000252.433, 183
Trd, 000252.617, 188
Trd, 000252.700, 189
Trd, 000253.050, 182
Trd, 000253.133, 180
Trd, 000253.583, 173
Trd, 000253.717, 169
Trd, 000255.000, 176
Trd, 000255.700, 178
Trd, 000255.950, 176
Trd, 000256.317, 175
Trd, 000256.733, 178
Trd, 000257.067, 177
Trd, 000257.300, 174
Trd, 000257.500, 174
Trd, 000258.633, 174
Trd, 000258.800, 175
Trd, 000258.933, 174
Trd, 000259.317, 174
Trd, 000259.517, 175
Trd, 000259.850, 174
Trd, 000260.167, 171
Trd, 000260.450, 170
Trd, 000261.933, 172
Trd, 000262.150, 170
Trd, 000262.450, 174
Trd, 000262.467, 177
Trd, 000263.350, 178
Trd, 000263.400, 172
Trd, 000263.800, 181
Trd, 000264.983, 174
Trd, 000265.183, 171
Trd, 000266.217, 172
Trd, 000266.300, 171
Trd, 000267.017, 173
Trd, 000267.050, 174
Trd, 000267.083, 176
Trd, 000267.217, 172
Trd, 000269.350, 174
Trd, 000269.417, 175
Trd, 000269.833, 171
Trd, 000270.017, 170
Trd, 000270.067, 170
Trd, 000270.750, 177
Trd, 000270.883, 178
Trd, 000270.933, 182
Trd, 000271.467, 170
Trd, 000271.767, 173
Trd, 000271.850, 180
Trd, 000272.983, 176
Trd, 000273.317, 171
Trd, 000274.050, 178
Trd, 000275.050, 177
Trd, 000275.100, 177
Trd, 000275.200, 176
Trd, 000275.483, 182
Trd, 000275.733, 180
Trd, 000275.800, 182
Trd, 000275.933, 179
Trd, 000275.967, 188
Trd, 000277.067, 180
Trd, 000277.250, 179
Trd, 000277.317, 176
Trd, 000277.700, 181
Trd, 000277.867, 179
Trd, 000279.050, 180
Trd, 000279.383, 180
Trd, 000279.550, 180
Trd, 000279.800, 182
Trd, 000280.350, 178
Trd, 000280.467, 176
Trd, 000281.133, 165
Trd, 000281.517, 169
Trd, 000281.667, 177
Trd, 000281.700, 179
Trd, 000283.067, 176
Trd, 000283.533, 174
Trd, 000283.550, 163
Trd, 000283.600, 162
Trd, 000283.783, 178
Trd, 000284.483, 178
Trd, 000285.150, 178
Trd, 000285.417, 175
Trd, 000285.900, 179
Trd, 000285.933, 174
Trd, 000286.867, 179
Trd, 000287.433, 174
Trd, 000288.217, 174
Trd, 000288.267, 177
Trd, 000288.467, 180
Trd, 000289.367, 179
Trd, 000289.867, 162
Trd, 000290.017, 159
Trd, 000290.517, 178
Trd, 000290.883, 174
Trd, 000291.233, 178
Trd, 000291.317, 169
Trd, 000291.683, 178
Trd, 000292.000, 180
Trd, 000292.033, 184
Trd, 000292.283, 170
Trd, 000292.550, 164
Trd, 000293.117, 176
Trd, 000293.217, 184
Trd, 000293.450, 167
Trd, 000293.933, 173
Trd, 000295.000, 172
Trd, 000295.083, 175
Trd, 000295.383, 177
Trd, 000296.600, 179
Trd, 000296.633, 181
Trd, 000297.117, 182
Trd, 000297.800, 191
Trd, 000297.950, 182
Trd, 000298.017, 181
Trd, 000298.350, 183
Trd, 000299.000, 186
Trd, 000299.067, 185
