Trd, 000001.833, 127
Trd, 000002.417, 140
Trd, 000003.617, 141
Trd, 000004.067, 138
Trd, 000004.600, 131
Trd, 000005.467, 146
Trd, 000005.483, 148
Trd, 000006.550, 154
Trd, 000006.617, 156
Trd, 000007.300, 153
Trd, 000008.500, 165
Trd, 000008.633, 176
Trd, 000008.833, 152
Trd, 000009.100, 152
Trd, 000009.933, 166
Trd, 000010.283, 149
Trd, 000010.667, 145
Trd, 000011.083, 148
Trd, 000011.117, 144
Trd, 000013.650, 149
Trd, 000013.983, 152
Trd, 000014.317, 157
Trd, 000014.800, 146
Trd, 000015.683, 149
Trd, 000016.883, 145
Trd, 000017.550, 145
Trd, 000018.467, 150
Trd, 000019.117, 150
Trd, 000019.383, 149
Trd, 000019.667, 148
Trd, 000020.200, 156
Trd, 000020.550, 167
Trd, 000021.767, 154
Trd, 000022.100, 145
Trd, 000022.217, 159
Trd, 000022.417, 170
Trd, 000022.700, 176
Trd, 000023.717, 150
Trd, 000024.667, 169
Trd, 000025.300, 165
Trd, 000026.667, 154
Trd, 000027.933, 159
Trd, 000028.117, 158
Trd, 000028.350, 155
Trd, 000028.683, 155
Trd, 000029.017, 162
Trd, 000030.083, 168
Trd, 000030.467, 177
Trd, 000030.483, 152
Trd, 000030.950, 151
Trd, 000031.717, 147
Trd, 000033.267, 146
Trd, 000034.667, 154
Trd, 000035.367, 150
Trd, 000035.850, 151
Trd, 000036.517, 146
Trd, 000037.217, 152
Trd, 000037.317, 159
Trd, 000037.717, 168
Trd, 000038.083, 166
Trd, 000039.217, 163
Trd, 000039.467, 162
Trd, 000039.900, 146
Trd, 000040.367, 155
Trd, 000041.317, 164
Trd, 000042.417, 161
Trd, 000042.817, 157
Trd, 000043.267, 161
Trd, 000043.283, 159
Trd, 000043.750, 164
Trd, 000044.483, 155
Trd, 000045.683, 153
Trd, 000046.283, 152
Trd, 000046.883, 159
Trd, 000047.033, 159
Trd, 000047.117, 151
Trd, 000047.333, 160
Trd, 000047.667, 147
Trd, 000047.900, 145
Trd, 000048.100, 162
Trd, 000049.300, 153
Trd, 000051.600, 169
Trd, 000052.267, 170
Trd, 000052.683, 173
Trd, 000053.767, 162
Trd, 000053.817, 162
Trd, 000054.417, 148
Trd, 000054.550, 146
Trd, 000055.950, 160
Trd, 000055.983, 159
Trd, 000057.333, 161
Trd, 000057.767, 160
Trd, 000057.900, 162
Trd, 000057.933, 159
Trd, 000058.383, 170
Trd, 000058.800, 157
Trd, 000060.017, 159
Trd, 000060.950, 163
Trd, 000062.183, 160
Trd, 000062.783, 158
Trd, 000063.433, 161
Trd, 000063.467, 149
Trd, 000064.450, 161
Trd, 000064.750, 161
Trd, 000064.867, 154
Trd, 000065.217, 151
Trd, 000065.567, 150
Trd, 000067.583, 153
Trd, 000068.550, 152
Trd, 000068.683, 153
Trd, 000069.267, 151
Trd, 000069.583, 150
Trd, 000069.717, 149
Trd, 000069.883, 154
Trd, 000070.583, 154
Trd, 000070.683, 155
Trd, 000071.250, 155
Trd, 000071.450, 157
Trd, 000074.517, 152
Trd, 000074.583, 152
Trd, 000074.650, 150
Trd, 000074.667, 154
Trd, 000074.850, 150
Trd, 000075.067, 150
Trd, 000075.167, 155
Trd, 000076.100, 162
Trd, 000076.650, 156
Trd, 000077.433, 156
Trd, 000077.800, 160
Trd, 000077.967, 161
Trd, 000078.417, 163
Trd, 000078.550, 155
Trd, 000078.683, 155
Trd, 000081.483, 169
Trd, 000081.533, 165
Trd, 000081.600, 164
Trd, 000082.650, 165
Trd, 000083.067, 168
Trd, 000083.950, 153
Trd, 000084.533, 154
Trd, 000084.817, 155
Trd, 000085.050, 156
Trd, 000085.233, 162
Trd, 000085.333, 173
Trd, 000085.483, 151
Trd, 000085.800, 149
Trd, 000086.367, 166
Trd, 000087.383, 181
Trd, 000088.033, 170
Trd, 000088.350, 168
Trd, 000089.900, 166
Trd, 000090.067, 172
Trd, 000090.200, 165
Trd, 000091.250, 174
Trd, 000091.567, 181
Trd, 000091.800, 182
Trd, 000091.833, 181
Trd, 000092.083, 174
Trd, 000092.267, 157
Trd, 000092.917, 189
Trd, 000093.283, 162
Trd, 000095.067, 175
Trd, 000095.367, 175
Trd, 000096.100, 164
Trd, 000097.867, 172
Trd, 000097.883, 163
Trd, 000097.917, 162
Trd, 000098.800, 171
Trd, 000099.233, 174
Trd, 000100.133, 157
Trd, 000100.633, 158
Trd, 000101.283, 160
Trd, 000101.517, 160
Trd, 000103.100, 165
Trd, 000103.133, 158
Trd, 000103.300, 159
Trd, 000103.767, 158
Trd, 000103.917, 158
Trd, 000104.283, 165
Trd, 000106.733, 163
Trd, 000107.317, 175
Trd, 000108.150, 169
Trd, 000108.750, 167
Trd, 000109.183, 160
Trd, 000110.050, 165
Trd, 000110.450, 159
Trd, 000111.783, 168
Trd, 000113.500, 166
Trd, 000113.517, 169
Trd, 000114.117, 169
Trd, 000114.150, 165
Trd, 000114.383, 165
Trd, 000115.600, 164
Trd, 000116.117, 171
Trd, 000116.383, 154
Trd, 000116.900, 179
Trd, 000117.167, 183
Trd, 000118.167, 159
Trd, 000118.883, 176
Trd, 000118.950, 154
Trd, 000120.117, 167
Trd, 000121.150, 168
Trd, 000121.167, 167
Trd, 000122.133, 160
Trd, 000122.267, 155
Trd, 000123.217, 166
Trd, 000123.600, 167
Trd, 000124.417, 167
Trd, 000125.167, 169
Trd, 000125.600, 169
Trd, 000126.183, 170
Trd, 000126.333, 177
Trd, 000127.483, 187
Trd, 000127.550, 170
Trd, 000127.683, 170
Trd, 000128.600, 161
Trd, 000129.433, 165
Trd, 000129.717, 176
Trd, 000130.983, 176
Trd, 000131.617, 172
Trd, 000131.667, 174
Trd, 000132.267, 175
Trd, 000133.217, 164
Trd, 000133.517, 175
Trd, 000133.817, 169
Trd, 000133.950, 178
Trd, 000134.917, 168
Trd, 000135.950, 173
Trd, 000136.250, 169
Trd, 000136.767, 177
Trd, 000138.333, 172
Trd, 000139.583, 176
Trd, 000139.983, 171
Trd, 000140.050, 176
Trd, 000141.267, 163
Trd, 000141.333, 170
Trd, 000141.500, 172
Trd, 000141.567, 174
Trd, 000141.933, 179
Trd, 000142.283, 166
Trd, 000142.983, 168
Trd, 000144.750, 165
Trd, 000145.933, 173
Trd, 000146.867, 174
Trd, 000147.500, 174
Trd, 000148.517, 175
Trd, 000148.850, 170
Trd, 000149.450, 175
Trd, 000149.500, 164
Trd, 000150.267, 163
Trd, 000152.067, 163
Trd, 000152.083, 171
Trd, 000152.133, 180
Trd, 000152.250, 183
Trd, 000152.800, 180
Trd, 000154.317, 163
Trd, 000155.700, 165
Trd, 000156.850, 167
Trd, 000157.250, 166
Trd, 000157.483, 166
Trd, 000157.833, 168
Trd, 000159.250, 164
Trd, 000159.517, 166
Trd, 000159.833, 162
Trd, 000161.467, 169
Trd, 000161.917, 184
Trd, 000162.200, 177
Trd, 000162.283, 181
Trd, 000163.517, 176
Trd, 000163.617, 173
Trd, 000163.700, 178
Trd, 000164.050, 177
Trd, 000165.300, 173
Trd, 000165.700, 172
Trd, 000166.017, 164
Trd, 000166.367, 159
Trd, 000166.633, 181
Trd, 000167.167, 174
Trd, 000167.300, 173
Trd, 000167.417, 178
Trd, 000168.067, 184
Trd, 000169.317, 171
Trd, 000170.250, 180
Trd, 000171.867, 173
Trd, 000172.383, 179
Trd, 000172.633, 173
Trd, 000173.217, 171
Trd, 000173.250, 165
Trd, 000173.333, 158
Trd, 000173.667, 178
Trd, 000173.833, 165
Trd, 000175.700, 163
Trd, 000176.567, 174
Trd, 000177.033, 162
Trd, 000179.067, 174
Trd, 000179.167, 175
Trd, 000179.350, 181
Trd, 000181.183, 182
Trd, 000181.567, 181
Trd, 000181.650, 183
Trd, 000182.533, 181
Trd, 000182.833, 178
Trd, 000182.950, 176
Trd, 000183.433, 183
Trd, 000185.717, 181
Trd, 000186.017, 176
Trd, 000186.067, 175
Trd, 000187.150, 167
Trd, 000187.317, 167
Trd, 000187.767, 166
Trd, 000188.300, 160
Trd, 000188.700, 172
Trd, 000189.017, 174
Trd, 000189.067, 150
Trd, 000190.967, 170
Trd, 000191.017, 174
Trd, 000191.367, 175
Trd, 000191.833, 167
Trd, 000192.817, 184
Trd, 000193.033, 171
Trd, 000193.633, 171
Trd, 000195.417, 172
Trd, 000195.433, 172
Trd, 000195.650, 178
Trd, 000196.433, 173
Trd, 000196.667, 177
Trd, 000197.017, 172
Trd, 000198.933, 167
Trd, 000199.133, 182
Trd, 000199.583, 163
Trd, 000199.933, 185
Trd, 000200.450, 188
Trd, 000200.750, 173
Trd, 000200.933, 171
Trd, 000201.667, 169
Trd, 000201.800, 183
Trd, 000202.800, 184
Trd, 000203.483, 180
Trd, 000204.050, 173
Trd, 000205.233, 180
Trd, 000205.450, 176
Trd, 000205.550, 174
Trd, 000206.600, 169
Trd, 000206.733, 185
Trd, 000206.900, 189
Trd, 000207.217, 194
Trd, 000208.833, 173
Trd, 000209.700, 176
Trd, 000210.150, 173
Trd, 000213.717, 170
Trd, 000213.833, 169
Trd, 000213.900, 163
Trd, 000214.033, 162
Trd, 000214.617, 174
Trd, 000214.667, 175
Trd, 000215.267, 163
Trd, 000216.217, 170
Trd, 000216.283, 170
Trd, 000216.583, 165
Trd, 000216.917, 165
Trd, 000217.133, 187
Trd, 000218.250, 175
Trd, 000219.600, 170
Trd, 000219.750, 170
Trd, 000220.550, 173
Trd, 000221.483, 170
Trd, 000221.917, 171
Trd, 000222.200, 168
Trd, 000222.300, 168
Trd, 000222.483, 169
Trd, 000222.517, 171
Trd, 000222.917, 177
Trd, 000224.333, 176
Trd, 000225.083, 186
Trd, 000225.717, 182
Trd, 000226.600, 182
Trd, 000226.850, 187
Trd, 000228.033, 185
Trd, 000228.533, 184
Trd, 000228.683, 171
Trd, 000229.600, 186
Trd, 000231.100, 179
Trd, 000231.350, 179
Trd, 000231.383, 166
Trd, 000232.150, 172
Trd, 000232.167, 188
Trd, 000232.217, 188
Trd, 000232.683, 189
Trd, 000233.533, 176
Trd, 000234.517, 180
Trd, 000235.400, 183
Trd, 000235.500, 178
Trd, 000235.700, 176
Trd, 000236.333, 179
Trd, 000237.317, 175
Trd, 000238.200, 186
Trd, 000238.867, 172
Trd, 000238.900, 183
Trd, 000240.500, 178
Trd, 000240.733, 178
Trd, 000240.917, 176
Trd, 000241.033, 175
Trd, 000241.150, 177
Trd, 000241.733, 175
Trd, 000242.217, 175
Trd, 000242.350, 178
Trd, 000242.400, 179
Trd, 000242.433, 179
Trd, 000242.617, 177
Trd, 000243.133, 186
Trd, 000243.950, 182
Trd, 000244.017, 177
Trd, 000244.567, 176
Trd, 000244.583, 183
Trd, 000245.033, 175
Trd, 000247.367, 173
Trd, 000247.633, 173
Trd, 000247.700, 167
Trd, 000248.633, 173
Trd, 000248.833, 173
Trd, 000249.350, 166
Trd, 000249.650, 167
Trd, 000250.117, 166
Trd, 000250.233, 180
Trd, 000251.767, 170
Trd, 000251.900, 170
Trd, 000252.067, 173
Trd, 000252.317, 169
Trd, 000252.800, 180
Trd, 000253.267, 181
Trd, 000253.467, 178
Trd, 000253.633, 177
Trd, 000254.500, 184
Trd, 000254.600, 175
Trd, 000255.117, 175
Trd, 000256.417, 174
Trd, 000257.367, 180
Trd, 000257.467, 182
Trd, 000257.700, 177
Trd, 000259.233, 180
Trd, 000259.833, 183
Trd, 000260.250, 177
Trd, 000261.283, 177
Trd, 000261.417, 174
Trd, 000262.283, 171
Trd, 000262.700, 172
Trd, 000263.083, 175
Trd, 000263.150, 178
Trd, 000263.383, 173
Trd, 000263.667, 171
Trd, 000264.017, 169
Trd, 000265.733, 168
Trd, 000265.817, 161
Trd, 000265.917, 167
Trd, 000266.367, 167
Trd, 000266.500, 167
Trd, 000266.683, 163
Trd, 000266.733, 175
Trd, 000267.133, 176
Trd, 000268.550, 175
Trd, 000269.150, 176
Trd, 000269.350, 179
Trd, 000270.133, 179
Trd, 000270.250, 178
Trd, 000270.367, 180
Trd, 000270.717, 177
Trd, 000270.733, 182
Trd, 000270.933, 189
Trd, 000271.933, 178
Trd, 000272.033, 185
Trd, 000272.417, 177
Trd, 000273.000, 178
Trd, 000273.317, 177
Trd, 000273.600, 176
Trd, 000274.000, 175
Trd, 000274.050, 170
Trd, 000274.717, 178
Trd, 000275.067, 176
Trd, 000275.217, 179
Trd, 000275.500, 174
Trd, 000275.850, 180
Trd, 000276.617, 183
Trd, 000276.767, 179
Trd, 000277.367, 176
Trd, 000277.950, 184
Trd, 000278.567, 176
Trd, 000278.700, 168
Trd, 000279.000, 172
Trd, 000279.833, 173
Trd, 000280.150, 175
Trd, 000280.783, 171
Trd, 000280.833, 173
Trd, 000281.033, 169
Trd, 000281.150, 172
Trd, 000281.283, 190
Trd, 000281.850, 185
Trd, 000282.150, 190
Trd, 000282.167, 169
Trd, 000282.833, 177
Trd, 000283.917, 187
Trd, 000284.250, 179
Trd, 000284.683, 193
Trd, 000284.700, 185
Trd, 000285.833, 190
Trd, 000286.133, 183
Trd, 000286.167, 181
Trd, 000286.550, 176
Trd, 000286.733, 178
Trd, 000286.967, 169
Trd, 000287.267, 177
Trd, 000287.550, 173
Trd, 000288.267, 196
Trd, 000289.133, 184
Trd, 000289.350, 183
Trd, 000289.500, 180
Trd, 000289.700, 172
Trd, 000289.983, 170
Trd, 000290.350, 156
Trd, 000290.667, 168
Trd, 000290.817, 184
Trd, 000291.050, 180
Trd, 000292.550, 173
Trd, 000292.833, 166
Trd, 000293.000, 175
Trd, 000294.033, 168
Trd, 000294.150, 166
Trd, 000294.183, 170
Trd, 000294.967, 165
Trd, 000295.067, 170
Trd, 000295.133, 170
Trd, 000295.200, 191
Trd, 000295.400, 165
Trd, 000296.567, 178
Trd, 000296.600, 165
Trd, 000296.933, 192
Trd, 000298.283, 185
Trd, 000299.300, 180
