Trd, 000001.283, 141
Trd, 000002.217, 147
Trd, 000003.533, 124
Trd, 000003.750, 144
Trd, 000005.167, 139
Trd, 000005.200, 146
Trd, 000005.933, 142
Trd, 000006.333, 148
Trd, 000006.650, 163
Trd, 000006.750, 143
Trd, 000007.200, 152
Trd, 000007.900, 150
Trd, 000008.883, 153
Trd, 000009.967, 154
Trd, 000011.233, 150
Trd, 000011.867, 154
Trd, 000012.617, 155
Trd, 000013.800, 153
Trd, 000013.867, 143
Trd, 000014.183, 157
Trd, 000014.217, 146
Trd, 000014.400, 169
Trd, 000014.783, 155
Trd, 000015.167, 141
Trd, 000015.583, 163
Trd, 000015.767, 160
Trd, 000018.233, 150
Trd, 000018.250, 162
Trd, 000018.567, 149
Trd, 000019.433, 154
Trd, 000020.050, 152
Trd, 000020.800, 127
Trd, 000021.967, 140
Trd, 000022.467, 147
Trd, 000023.133, 159
Trd, 000023.217, 153
Trd, 000024.017, 152
Trd, 000024.150, 151
Trd, 000024.933, 153
Trd, 000026.100, 148
Trd, 000026.283, 152
Trd, 000026.950, 150
Trd, 000027.167, 147
Trd, 000027.783, 150
Trd, 000029.133, 140
Trd, 000029.350, 144
Trd, 000029.467, 161
Trd, 000030.133, 140
Trd, 000030.517, 165
Trd, 000030.867, 141
Trd, 000032.417, 149
Trd, 000032.767, 144
Trd, 000033.217, 144
Trd, 000034.550, 145
Trd, 000035.150, 147
Trd, 000035.167, 148
Trd, 000035.250, 151
Trd, 000037.117, 153
Trd, 000037.400, 153
Trd, 000037.900, 152
Trd, 000038.317, 155
Trd, 000038.683, 156
Trd, 000038.767, 150
Trd, 000040.200, 151
Trd, 000040.567, 152
Trd, 000041.233, 154
Trd, 000041.467, 159
Trd, 000042.200, 154
Trd, 000042.333, 154
Trd, 000042.600, 159
Trd, 000044.217, 158
Trd, 000045.033, 166
Trd, 000045.817, 160
Trd, 000046.017, 164
Trd, 000046.933, 165
Trd, 000047.217, 165
Trd, 000048.650, 163
Trd, 000048.800, 160
Trd, 000049.583, 160
Trd, 000050.583, 161
Trd, 000050.667, 157
Trd, 000050.733, 165
Trd, 000051.900, 158
Trd, 000052.067, 164
Trd, 000053.567, 155
Trd, 000053.583, 160
Trd, 000055.317, 157
Trd, 000056.150, 159
Trd, 000056.467, 159
Trd, 000057.017, 158
Trd, 000057.617, 159
Trd, 000057.767, 157
Trd, 000058.767, 159
Trd, 000059.133, 156
Trd, 000059.167, 147
Trd, 000059.767, 144
Trd, 000061.417, 154
Trd, 000062.200, 159
Trd, 000062.317, 149
Trd, 000062.367, 142
Trd, 000062.650, 130
Trd, 000063.183, 147
Trd, 000064.517, 147
Trd, 000065.833, 152
Trd, 000066.200, 152
Trd, 000066.900, 153
Trd, 000067.400, 154
Trd, 000067.650, 151
Trd, 000067.933, 152
Trd, 000068.783, 154
Trd, 000069.533, 155
Trd, 000069.583, 147
Trd, 000070.083, 156
Trd, 000070.733, 148
Trd, 000071.283, 148
Trd, 000071.817, 155
Trd, 000072.433, 149
Trd, 000072.633, 153
Trd, 000072.967, 162
Trd, 000073.100, 153
Trd, 000075.383, 155
Trd, 000076.033, 157
Trd, 000076.050, 158
Trd, 000076.267, 158
Trd, 000077.033, 159
Trd, 000077.333, 169
Trd, 000077.500, 157
Trd, 000078.067, 157
Trd, 000078.117, 153
Trd, 000080.367, 163
Trd, 000081.150, 156
Trd, 000081.683, 157
Trd, 000082.083, 157
Trd, 000082.417, 163
Trd, 000083.033, 158
Trd, 000083.100, 144
Trd, 000083.383, 164
Trd, 000083.483, 143
Trd, 000083.667, 171
Trd, 000083.717, 132
Trd, 000086.100, 156
Trd, 000086.417, 150
Trd, 000087.933, 153
Trd, 000088.033, 153
Trd, 000088.417, 148
Trd, 000089.383, 152
Trd, 000089.883, 154
Trd, 000090.350, 156
Trd, 000090.800, 168
Trd, 000090.900, 172
Trd, 000091.433, 163
Trd, 000091.483, 153
Trd, 000092.567, 160
Trd, 000093.050, 160
Trd, 000093.333, 166
Trd, 000093.583, 159
Trd, 000094.950, 163
Trd, 000095.167, 162
Trd, 000096.017, 161
Trd, 000097.283, 165
Trd, 000099.050, 172
Trd, 000099.917, 169
Trd, 000100.117, 169
Trd, 000100.333, 170
Trd, 000100.583, 168
Trd, 000100.867, 165
Trd, 000101.533, 161
Trd, 000101.733, 165
Trd, 000101.883, 167
Trd, 000101.917, 163
Trd, 000105.133, 162
Trd, 000105.183, 160
Trd, 000106.117, 144
Trd, 000106.383, 152
Trd, 000106.433, 151
Trd, 000106.517, 159
Trd, 000106.917, 140
Trd, 000107.333, 136
Trd, 000108.217, 152
Trd, 000108.650, 150
Trd, 000110.200, 145
Trd, 000110.550, 155
Trd, 000110.850, 155
Trd, 000111.267, 153
Trd, 000112.683, 156
Trd, 000113.050, 167
Trd, 000113.333, 154
Trd, 000114.500, 164
Trd, 000114.817, 165
Trd, 000115.433, 161
Trd, 000115.600, 167
Trd, 000116.567, 165
Trd, 000116.667, 164
Trd, 000116.783, 169
Trd, 000116.933, 165
Trd, 000117.717, 162
Trd, 000118.917, 162
Trd, 000119.100, 168
Trd, 000119.717, 167
Trd, 000120.200, 168
Trd, 000120.483, 168
Trd, 000121.867, 170
Trd, 000122.800, 168
Trd, 000123.933, 167
Trd, 000124.567, 169
Trd, 000124.667, 170
Trd, 000124.783, 171
Trd, 000125.717, 169
Trd, 000127.333, 172
Trd, 000128.433, 167
Trd, 000130.550, 167
Trd, 000130.650, 164
Trd, 000131.133, 170
Trd, 000132.317, 166
Trd, 000132.950, 168
Trd, 000133.317, 169
Trd, 000134.100, 168
Trd, 000134.317, 167
Trd, 000134.933, 168
Trd, 000135.283, 167
Trd, 000136.567, 163
Trd, 000136.667, 167
Trd, 000136.717, 148
Trd, 000137.683, 170
Trd, 000138.617, 167
Trd, 000138.800, 166
Trd, 000138.900, 163
Trd, 000139.117, 172
Trd, 000140.233, 163
Trd, 000141.117, 163
Trd, 000141.383, 169
Trd, 000141.433, 163
Trd, 000143.117, 160
Trd, 000143.383, 149
Trd, 000144.050, 154
Trd, 000145.600, 155
Trd, 000145.683, 154
Trd, 000145.950, 158
Trd, 000146.083, 162
Trd, 000147.300, 159
Trd, 000148.017, 159
Trd, 000149.183, 163
Trd, 000149.250, 160
Trd, 000150.400, 170
Trd, 000150.917, 171
Trd, 000151.567, 173
Trd, 000152.650, 175
Trd, 000153.417, 156
Trd, 000153.950, 139
Trd, 000154.083, 156
Trd, 000154.150, 174
Trd, 000154.333, 177
Trd, 000155.817, 174
Trd, 000156.417, 171
Trd, 000157.650, 171
Trd, 000157.683, 169
Trd, 000158.217, 165
Trd, 000158.983, 165
Trd, 000159.600, 167
Trd, 000160.600, 161
Trd, 000162.517, 161
Trd, 000163.767, 165
Trd, 000164.133, 165
Trd, 000164.600, 170
Trd, 000164.667, 160
Trd, 000164.983, 159
Trd, 000165.717, 172
Trd, 000165.783, 160
Trd, 000166.417, 166
Trd, 000166.867, 183
Trd, 000168.500, 168
Trd, 000169.667, 167
Trd, 000170.367, 177
Trd, 000170.583, 168
Trd, 000171.617, 174
Trd, 000172.233, 167
Trd, 000175.117, 171
Trd, 000175.250, 170
Trd, 000175.333, 167
Trd, 000175.367, 172
Trd, 000175.633, 166
Trd, 000175.700, 172
Trd, 000176.683, 173
Trd, 000177.050, 170
Trd, 000177.450, 169
Trd, 000178.250, 169
Trd, 000178.783, 172
Trd, 000179.050, 170
Trd, 000179.500, 176
Trd, 000179.767, 175
Trd, 000180.567, 168
Trd, 000181.217, 143
Trd, 000181.383, 177
Trd, 000181.433, 179
Trd, 000182.267, 153
Trd, 000182.300, 172
Trd, 000182.600, 152
Trd, 000183.600, 160
Trd, 000184.650, 154
Trd, 000186.033, 157
Trd, 000186.917, 165
Trd, 000187.933, 162
Trd, 000188.767, 180
Trd, 000188.817, 179
Trd, 000189.450, 178
Trd, 000189.683, 162
Trd, 000189.933, 153
Trd, 000190.483, 159
Trd, 000190.850, 156
Trd, 000191.117, 160
Trd, 000192.900, 159
Trd, 000193.483, 155
Trd, 000193.850, 160
Trd, 000194.917, 153
Trd, 000195.267, 163
Trd, 000195.300, 167
Trd, 000196.250, 162
Trd, 000196.383, 175
Trd, 000196.483, 162
Trd, 000196.583, 179
Trd, 000197.367, 162
Trd, 000198.883, 173
Trd, 000198.917, 178
Trd, 000200.150, 169
Trd, 000201.100, 172
Trd, 000201.317, 169
Trd, 000202.117, 169
Trd, 000203.383, 169
Trd, 000203.867, 168
Trd, 000204.067, 170
Trd, 000204.733, 167
Trd, 000204.833, 155
Trd, 000206.100, 164
Trd, 000206.700, 168
Trd, 000207.550, 172
Trd, 000208.550, 169
Trd, 000208.867, 183
Trd, 000209.900, 176
Trd, 000210.333, 179
Trd, 000210.683, 178
Trd, 000211.217, 177
Trd, 000211.333, 179
Trd, 000211.633, 174
Trd, 000214.483, 171
Trd, 000214.950, 158
Trd, 000215.000, 157
Trd, 000215.100, 162
Trd, 000216.517, 163
Trd, 000217.267, 164
Trd, 000217.667, 163
Trd, 000217.900, 167
Trd, 000217.967, 167
Trd, 000218.800, 161
Trd, 000218.967, 163
Trd, 000220.417, 177
Trd, 000221.017, 168
Trd, 000221.317, 174
Trd, 000222.200, 168
Trd, 000222.383, 174
Trd, 000222.433, 167
Trd, 000222.933, 183
Trd, 000225.050, 181
Trd, 000225.150, 178
Trd, 000227.517, 183
Trd, 000227.583, 183
Trd, 000227.600, 182
Trd, 000227.733, 178
Trd, 000227.900, 183
Trd, 000227.983, 174
Trd, 000229.650, 178
Trd, 000231.233, 180
Trd, 000231.717, 182
Trd, 000232.267, 178
Trd, 000232.450, 183
Trd, 000232.650, 178
Trd, 000233.300, 182
Trd, 000234.833, 177
Trd, 000235.100, 178
Trd, 000235.733, 178
Trd, 000237.300, 177
Trd, 000237.483, 178
Trd, 000237.583, 181
Trd, 000238.900, 177
Trd, 000238.983, 174
Trd, 000239.017, 180
Trd, 000240.050, 178
Trd, 000240.283, 177
Trd, 000240.750, 176
Trd, 000241.650, 174
Trd, 000241.700, 174
Trd, 000241.967, 175
Trd, 000242.150, 180
Trd, 000243.083, 186
Trd, 000243.800, 160
Trd, 000244.633, 184
Trd, 000244.817, 166
Trd, 000244.883, 184
Trd, 000246.517, 171
Trd, 000246.833, 179
Trd, 000247.317, 180
Trd, 000247.450, 174
Trd, 000247.550, 176
Trd, 000248.333, 176
Trd, 000248.767, 176
Trd, 000249.383, 176
Trd, 000249.567, 175
Trd, 000249.600, 174
Trd, 000249.700, 173
Trd, 000249.717, 180
Trd, 000250.217, 177
Trd, 000250.683, 172
Trd, 000251.250, 174
Trd, 000251.750, 174
Trd, 000252.000, 175
Trd, 000252.333, 168
Trd, 000252.383, 173
Trd, 000253.533, 171
Trd, 000253.683, 168
Trd, 000254.517, 171
Trd, 000254.683, 172
Trd, 000255.000, 175
Trd, 000256.067, 174
Trd, 000256.350, 173
Trd, 000256.767, 170
Trd, 000257.200, 174
Trd, 000257.217, 168
Trd, 000257.500, 175
Trd, 000257.767, 176
Trd, 000259.000, 174
Trd, 000259.400, 175
Trd, 000259.883, 176
Trd, 000260.017, 172
Trd, 000260.267, 173
Trd, 000260.333, 177
Trd, 000260.467, 167
Trd, 000261.217, 177
Trd, 000261.817, 177
Trd, 000262.317, 178
Trd, 000262.483, 179
Trd, 000263.417, 175
Trd, 000263.533, 177
Trd, 000263.850, 177
Trd, 000264.600, 175
Trd, 000264.933, 173
Trd, 000265.033, 181
Trd, 000265.133, 176
Trd, 000266.283, 174
Trd, 000266.800, 170
Trd, 000266.983, 169
Trd, 000267.417, 164
Trd, 000267.917, 168
Trd, 000267.933, 179
Trd, 000268.933, 177
Trd, 000269.017, 173
Trd, 000270.200, 176
Trd, 000270.650, 172
Trd, 000270.917, 176
Trd, 000271.150, 177
Trd, 000271.383, 173
Trd, 000273.050, 178
Trd, 000273.217, 178
Trd, 000273.483, 175
Trd, 000273.900, 175
Trd, 000274.100, 169
Trd, 000274.783, 175
Trd, 000275.000, 174
Trd, 000276.150, 172
Trd, 000276.250, 175
Trd, 000276.633, 173
Trd, 000277.117, 172
Trd, 000277.633, 171
Trd, 000278.033, 171
Trd, 000278.667, 169
Trd, 000278.717, 163
Trd, 000279.217, 172
Trd, 000279.350, 177
Trd, 000279.500, 176
Trd, 000279.550, 179
Trd, 000280.383, 177
Trd, 000280.950, 168
Trd, 000281.183, 176
Trd, 000282.083, 179
Trd, 000282.117, 183
Trd, 000282.467, 190
Trd, 000282.517, 193
Trd, 000282.667, 173
Trd, 000283.283, 183
Trd, 000283.933, 183
Trd, 000284.933, 187
Trd, 000285.517, 189
Trd, 000285.650, 184
Trd, 000285.817, 177
Trd, 000285.883, 180
Trd, 000286.000, 174
Trd, 000286.567, 190
Trd, 000286.683, 181
Trd, 000287.067, 178
Trd, 000287.917, 184
Trd, 000289.100, 189
Trd, 000289.200, 194
Trd, 000289.233, 185
Trd, 000289.850, 169
Trd, 000289.900, 180
Trd, 000290.183, 170
Trd, 000291.083, 183
Trd, 000291.400, 184
Trd, 000291.617, 179
Trd, 000291.817, 184
Trd, 000292.750, 180
Trd, 000292.767, 177
Trd, 000293.117, 185
Trd, 000293.150, 191
Trd, 000295.200, 189
Trd, 000295.267, 186
Trd, 000296.083, 186
Trd, 000296.100, 187
Trd, 000296.200, 184
Trd, 000296.317, 178
Trd, 000297.267, 171
Trd, 000297.383, 185
Trd, 000297.817, 174
Trd, 000298.750, 171
Trd, 000299.133, 170
Trd, 000299.150, 171
Trd, 000299.500, 165
Trd, 000299.700, 181
