Trd, 000000.900, 144
Trd, 000001.867, 113
Trd, 000002.650, 114
Trd, 000002.767, 117
Trd, 000003.200, 146
Trd, 000003.783, 100
Trd, 000004.817, 124
Trd, 000005.133, 140
Trd, 000005.183, 144
Trd, 000007.550, 137
Trd, 000009.100, 147
Trd, 000009.367, 148
Trd, 000009.450, 147
Trd, 000009.500, 146
Trd, 000009.767, 146
Trd, 000010.183, 146
Trd, 000010.217, 149
Trd, 000010.917, 152
Trd, 000010.950, 147
Trd, 000012.383, 149
Trd, 000012.700, 145
Trd, 000014.317, 138
Trd, 000014.733, 140
Trd, 000015.167, 142
Trd, 000015.367, 142
Trd, 000015.517, 146
Trd, 000015.983, 150
Trd, 000016.000, 145
Trd, 000016.567, 144
Trd, 000016.600, 145
Trd, 000016.733, 146
Trd, 000016.933, 141
Trd, 000017.350, 148
Trd, 000017.367, 152
Trd, 000018.450, 148
Trd, 000019.450, 153
Trd, 000021.317, 153
Trd, 000021.517, 156
Trd, 000021.717, 157
Trd, 000022.183, 159
Trd, 000022.200, 151
Trd, 000023.367, 152
Trd, 000023.383, 150
Trd, 000024.050, 154
Trd, 000024.367, 151
Trd, 000025.550, 150
Trd, 000025.617, 151
Trd, 000026.617, 147
Trd, 000027.183, 151
Trd, 000027.400, 150
Trd, 000027.800, 151
Trd, 000028.150, 151
Trd, 000028.617, 147
Trd, 000029.733, 153
Trd, 000029.917, 154
Trd, 000030.050, 168
Trd, 000030.367, 153
Trd, 000030.917, 153
Trd, 000030.950, 157
Trd, 000031.000, 151
Trd, 000031.967, 158
Trd, 000033.850, 152
Trd, 000034.450, 156
Trd, 000034.800, 156
Trd, 000035.167, 152
Trd, 000035.250, 147
Trd, 000035.300, 153
Trd, 000036.733, 155
Trd, 000037.117, 155
Trd, 000037.317, 154
Trd, 000037.600, 169
Trd, 000037.933, 170
Trd, 000038.050, 153
Trd, 000038.467, 152
Trd, 000038.900, 162
Trd, 000040.600, 157
Trd, 000041.617, 156
Trd, 000041.717, 157
Trd, 000042.000, 153
Trd, 000042.150, 152
Trd, 000042.467, 148
Trd, 000043.000, 149
Trd, 000043.483, 152
Trd, 000043.833, 152
Trd, 000043.883, 148
Trd, 000045.883, 148
Trd, 000046.817, 149
Trd, 000047.483, 149
Trd, 000047.883, 150
Trd, 000048.250, 151
Trd, 000048.417, 150
Trd, 000048.433, 149
Trd, 000048.767, 151
Trd, 000048.867, 149
Trd, 000049.433, 153
Trd, 000049.683, 156
Trd, 000051.317, 153
Trd, 000051.650, 152
Trd, 000051.867, 167
Trd, 000051.967, 170
Trd, 000052.683, 157
Trd, 000052.917, 155
Trd, 000053.350, 156
Trd, 000053.483, 149
Trd, 000053.583, 136
Trd, 000054.583, 158
Trd, 000054.700, 157
Trd, 000054.883, 158
Trd, 000055.150, 158
Trd, 000055.450, 155
Trd, 000055.767, 156
Trd, 000056.933, 156
Trd, 000057.067, 154
Trd, 000057.267, 153
Trd, 000058.100, 158
Trd, 000058.583, 137
Trd, 000059.233, 170
Trd, 000059.700, 170
Trd, 000059.933, 166
Trd, 000060.500, 165
Trd, 000062.267, 156
Trd, 000063.100, 156
Trd, 000063.767, 158
Trd, 000063.900, 160
Trd, 000063.917, 155
Trd, 000064.383, 161
Trd, 000064.950, 158
Trd, 000065.500, 159
Trd, 000065.967, 158
Trd, 000066.367, 156
Trd, 000067.117, 153
Trd, 000068.783, 158
Trd, 000068.800, 157
Trd, 000069.117, 155
Trd, 000069.217, 151
Trd, 000069.267, 158
Trd, 000070.050, 155
Trd, 000070.150, 158
Trd, 000071.267, 155
Trd, 000071.750, 156
Trd, 000071.967, 154
Trd, 000072.233, 153
Trd, 000073.167, 151
Trd, 000073.250, 138
Trd, 000073.700, 151
Trd, 000075.283, 151
Trd, 000075.467, 144
Trd, 000075.650, 131
Trd, 000076.000, 152
Trd, 000076.617, 145
Trd, 000076.700, 116
Trd, 000077.650, 154
Trd, 000078.067, 148
Trd, 000079.433, 154
Trd, 000079.917, 156
Trd, 000080.850, 153
Trd, 000080.983, 153
Trd, 000081.050, 152
Trd, 000082.000, 153
Trd, 000082.033, 156
Trd, 000082.150, 158
Trd, 000082.167, 152
Trd, 000082.383, 152
Trd, 000083.417, 159
Trd, 000084.017, 167
Trd, 000084.083, 173
Trd, 000085.317, 160
Trd, 000086.183, 156
Trd, 000086.267, 152
Trd, 000086.433, 162
Trd, 000086.783, 161
Trd, 000086.983, 173
Trd, 000088.167, 166
Trd, 000088.317, 139
Trd, 000088.700, 133
Trd, 000090.000, 174
Trd, 000090.500, 169
Trd, 000090.517, 167
Trd, 000090.717, 163
Trd, 000091.067, 157
Trd, 000091.350, 159
Trd, 000091.600, 166
Trd, 000091.883, 166
Trd, 000092.050, 168
Trd, 000093.983, 165
Trd, 000094.567, 165
Trd, 000095.750, 163
Trd, 000096.083, 157
Trd, 000096.383, 154
Trd, 000096.933, 162
Trd, 000098.183, 159
Trd, 000098.483, 161
Trd, 000098.867, 162
Trd, 000099.167, 161
Trd, 000100.133, 174
Trd, 000100.533, 159
Trd, 000101.167, 161
Trd, 000101.267, 158
Trd, 000101.933, 160
Trd, 000102.550, 159
Trd, 000102.783, 158
Trd, 000102.950, 154
Trd, 000102.967, 149
Trd, 000104.083, 158
Trd, 000104.467, 158
Trd, 000105.100, 159
Trd, 000105.217, 158
Trd, 000105.267, 159
Trd, 000106.233, 160
Trd, 000106.533, 158
Trd, 000107.667, 157
Trd, 000108.317, 156
Trd, 000109.267, 159
Trd, 000109.633, 155
Trd, 000109.800, 158
Trd, 000110.367, 159
Trd, 000111.050, 145
Trd, 000112.850, 159
Trd, 000112.883, 155
Trd, 000113.117, 159
Trd, 000113.667, 158
Trd, 000114.050, 159
Trd, 000114.433, 159
Trd, 000115.000, 156
Trd, 000115.267, 155
Trd, 000115.383, 157
Trd, 000116.050, 157
Trd, 000116.517, 159
Trd, 000116.833, 162
Trd, 000117.267, 176
Trd, 000117.617, 175
Trd, 000117.950, 163
Trd, 000119.067, 164
Trd, 000119.950, 165
Trd, 000120.233, 165
Trd, 000120.267, 165
Trd, 000120.283, 166
Trd, 000120.317, 164
Trd, 000121.083, 165
Trd, 000121.217, 164
Trd, 000121.933, 160
Trd, 000122.117, 156
Trd, 000122.567, 158
Trd, 000122.883, 163
Trd, 000124.200, 162
Trd, 000124.433, 160
Trd, 000124.633, 163
Trd, 000124.917, 163
Trd, 000126.850, 162
Trd, 000126.883, 163
Trd, 000127.800, 164
Trd, 000128.050, 161
Trd, 000128.500, 162
Trd, 000128.733, 161
Trd, 000128.933, 158
Trd, 000128.983, 157
Trd, 000129.100, 165
Trd, 000129.250, 143
Trd, 000131.817, 160
Trd, 000131.850, 161
Trd, 000132.567, 159
Trd, 000133.167, 158
Trd, 000133.883, 159
Trd, 000134.483, 159
Trd, 000134.600, 157
Trd, 000134.917, 155
Trd, 000135.783, 153
Trd, 000136.150, 161
Trd, 000136.633, 162
Trd, 000136.733, 158
Trd, 000137.083, 150
Trd, 000137.583, 162
Trd, 000139.767, 161
Trd, 000140.083, 156
Trd, 000140.200, 161
Trd, 000140.267, 165
Trd, 000140.900, 160
Trd, 000141.117, 161
Trd, 000142.017, 163
Trd, 000142.183, 164
Trd, 000143.300, 163
Trd, 000143.467, 163
Trd, 000144.717, 163
Trd, 000144.733, 162
Trd, 000145.283, 162
Trd, 000146.000, 163
Trd, 000146.233, 164
Trd, 000146.600, 165
Trd, 000146.683, 164
Trd, 000147.367, 163
Trd, 000148.267, 164
Trd, 000148.367, 164
Trd, 000148.800, 164
Trd, 000149.000, 165
Trd, 000149.517, 164
Trd, 000149.883, 163
Trd, 000150.250, 164
Trd, 000151.983, 163
Trd, 000152.283, 164
Trd, 000152.650, 164
Trd, 000152.817, 159
Trd, 000153.017, 146
Trd, 000154.067, 159
Trd, 000154.617, 163
Trd, 000155.550, 162
Trd, 000155.950, 163
Trd, 000157.050, 161
Trd, 000157.733, 159
Trd, 000158.183, 163
Trd, 000159.233, 162
Trd, 000159.450, 161
Trd, 000159.550, 162
Trd, 000159.617, 160
Trd, 000159.867, 154
Trd, 000160.367, 161
Trd, 000161.200, 163
Trd, 000161.633, 164
Trd, 000162.000, 156
Trd, 000162.517, 160
Trd, 000162.633, 151
Trd, 000162.750, 147
Trd, 000163.633, 159
Trd, 000164.000, 159
Trd, 000164.600, 164
Trd, 000165.850, 164
Trd, 000166.117, 164
Trd, 000167.000, 176
Trd, 000167.217, 177
Trd, 000167.917, 170
Trd, 000168.367, 168
Trd, 000168.400, 180
Trd, 000168.500, 167
Trd, 000169.583, 165
Trd, 000170.433, 162
Trd, 000170.817, 161
Trd, 000171.600, 164
Trd, 000172.317, 166
Trd, 000173.350, 161
Trd, 000173.400, 168
Trd, 000173.617, 168
Trd, 000174.050, 160
Trd, 000175.083, 170
Trd, 000175.200, 162
Trd, 000176.517, 166
Trd, 000176.700, 165
Trd, 000176.750, 164
Trd, 000177.450, 164
Trd, 000177.650, 148
Trd, 000177.767, 166
Trd, 000178.233, 168
Trd, 000178.667, 166
Trd, 000178.900, 162
Trd, 000180.250, 152
Trd, 000181.367, 165
Trd, 000181.883, 159
Trd, 000182.233, 160
Trd, 000182.667, 160
Trd, 000183.233, 160
Trd, 000183.250, 161
Trd, 000183.683, 169
Trd, 000183.800, 166
Trd, 000184.333, 160
Trd, 000184.783, 162
Trd, 000185.350, 159
Trd, 000185.450, 163
Trd, 000186.900, 166
Trd, 000187.933, 166
Trd, 000188.067, 166
Trd, 000188.183, 166
Trd, 000188.733, 170
Trd, 000188.950, 168
Trd, 000189.167, 186
Trd, 000189.383, 167
Trd, 000190.600, 183
Trd, 000191.250, 180
Trd, 000191.500, 171
Trd, 000191.867, 170
Trd, 000192.067, 163
Trd, 000193.467, 167
Trd, 000194.217, 170
Trd, 000195.167, 168
Trd, 000195.600, 169
Trd, 000195.750, 170
Trd, 000195.800, 169
Trd, 000196.350, 168
Trd, 000196.400, 168
Trd, 000197.083, 168
Trd, 000197.100, 169
Trd, 000197.283, 167
Trd, 000197.850, 166
Trd, 000197.917, 163
Trd, 000199.783, 168
Trd, 000200.767, 168
Trd, 000201.400, 167
Trd, 000201.533, 169
Trd, 000201.800, 170
Trd, 000201.900, 165
Trd, 000203.067, 168
Trd, 000203.117, 168
Trd, 000203.533, 167
Trd, 000203.800, 166
Trd, 000203.867, 164
Trd, 000205.133, 165
Trd, 000205.700, 164
Trd, 000206.433, 164
Trd, 000207.583, 164
Trd, 000207.667, 163
Trd, 000207.767, 165
Trd, 000209.767, 168
Trd, 000209.900, 166
Trd, 000211.033, 165
Trd, 000211.133, 169
Trd, 000211.617, 167
Trd, 000211.667, 172
Trd, 000211.883, 170
Trd, 000212.117, 166
Trd, 000212.267, 179
Trd, 000212.550, 176
Trd, 000213.567, 166
Trd, 000215.400, 171
Trd, 000215.417, 169
Trd, 000215.500, 165
Trd, 000216.350, 171
Trd, 000216.650, 172
Trd, 000216.883, 172
Trd, 000218.133, 173
Trd, 000218.250, 173
Trd, 000218.283, 173
Trd, 000218.783, 172
Trd, 000218.817, 187
Trd, 000220.333, 182
Trd, 000220.550, 177
Trd, 000220.633, 165
Trd, 000221.600, 172
Trd, 000221.883, 171
Trd, 000222.117, 170
Trd, 000223.217, 168
Trd, 000223.683, 169
Trd, 000223.700, 166
Trd, 000223.867, 170
Trd, 000224.133, 155
Trd, 000224.400, 171
Trd, 000225.717, 166
Trd, 000225.800, 167
Trd, 000225.983, 173
Trd, 000226.033, 164
Trd, 000226.417, 181
Trd, 000226.733, 168
Trd, 000227.983, 171
Trd, 000228.367, 171
Trd, 000228.400, 154
Trd, 000229.117, 167
Trd, 000229.717, 166
Trd, 000230.817, 170
Trd, 000231.383, 170
Trd, 000231.783, 170
Trd, 000232.000, 171
Trd, 000232.850, 173
Trd, 000233.267, 174
Trd, 000233.283, 174
Trd, 000234.533, 178
Trd, 000235.350, 178
Trd, 000235.750, 177
Trd, 000236.350, 177
Trd, 000236.383, 182
Trd, 000236.517, 172
Trd, 000237.367, 180
Trd, 000237.383, 175
Trd, 000238.150, 172
Trd, 000238.750, 174
Trd, 000238.850, 172
Trd, 000239.617, 174
Trd, 000239.683, 172
Trd, 000240.867, 177
Trd, 000241.450, 173
Trd, 000241.583, 174
Trd, 000241.650, 173
Trd, 000242.250, 175
Trd, 000242.350, 175
Trd, 000242.383, 174
Trd, 000242.750, 182
Trd, 000243.117, 147
Trd, 000243.967, 172
Trd, 000244.550, 168
Trd, 000244.617, 169
Trd, 000244.900, 167
Trd, 000245.183, 167
Trd, 000246.250, 166
Trd, 000246.467, 167
Trd, 000246.500, 168
Trd, 000247.333, 169
Trd, 000247.617, 169
Trd, 000248.500, 171
Trd, 000248.933, 172
Trd, 000249.067, 170
Trd, 000249.633, 176
Trd, 000249.883, 176
Trd, 000250.067, 173
Trd, 000250.300, 180
Trd, 000250.633, 183
Trd, 000250.683, 173
Trd, 000250.783, 188
Trd, 000251.050, 170
Trd, 000251.183, 171
Trd, 000251.667, 172
Trd, 000252.033, 190
Trd, 000252.867, 176
Trd, 000253.717, 177
Trd, 000254.200, 172
Trd, 000254.767, 169
Trd, 000254.783, 170
Trd, 000254.900, 173
Trd, 000255.233, 176
Trd, 000255.767, 173
Trd, 000256.017, 174
Trd, 000257.283, 174
Trd, 000257.683, 175
Trd, 000258.000, 175
Trd, 000258.317, 176
Trd, 000258.333, 175
Trd, 000258.433, 184
Trd, 000258.850, 177
Trd, 000259.133, 179
Trd, 000259.383, 178
Trd, 000259.783, 189
Trd, 000259.850, 178
Trd, 000260.383, 174
Trd, 000260.767, 174
Trd, 000261.117, 171
Trd, 000262.017, 178
Trd, 000262.183, 176
Trd, 000262.300, 183
Trd, 000262.317, 174
Trd, 000262.583, 178
Trd, 000262.683, 170
Trd, 000263.483, 167
Trd, 000264.183, 181
Trd, 000264.833, 181
Trd, 000265.033, 181
Trd, 000265.417, 183
Trd, 000266.650, 183
Trd, 000266.833, 184
Trd, 000267.433, 191
Trd, 000267.683, 179
Trd, 000268.100, 195
Trd, 000269.150, 182
Trd, 000269.217, 181
Trd, 000269.417, 180
Trd, 000269.883, 184
Trd, 000269.967, 186
Trd, 000270.317, 185
Trd, 000270.333, 184
Trd, 000270.483, 180
Trd, 000272.050, 183
Trd, 000272.383, 181
Trd, 000272.467, 182
Trd, 000272.983, 186
Trd, 000273.100, 192
Trd, 000273.183, 179
Trd, 000273.333, 189
Trd, 000273.650, 184
Trd, 000274.650, 187
Trd, 000274.917, 181
Trd, 000275.050, 176
Trd, 000275.133, 189
Trd, 000275.300, 175
Trd, 000275.900, 180
Trd, 000276.933, 178
Trd, 000277.017, 189
Trd, 000277.100, 190
Trd, 000278.283, 175
Trd, 000278.333, 173
Trd, 000278.500, 171
Trd, 000279.317, 161
Trd, 000279.500, 175
Trd, 000279.850, 176
Trd, 000280.083, 173
Trd, 000280.267, 179
Trd, 000280.750, 169
Trd, 000281.450, 177
Trd, 000281.867, 178
Trd, 000282.033, 176
Trd, 000282.483, 185
Trd, 000283.067, 173
Trd, 000283.133, 185
Trd, 000283.233, 173
Trd, 000283.917, 176
Trd, 000284.533, 184
Trd, 000285.183, 184
Trd, 000285.217, 183
Trd, 000286.117, 177
Trd, 000286.200, 182
Trd, 000286.550, 173
Trd, 000286.700, 181
Trd, 000286.983, 187
Trd, 000287.483, 187
Trd, 000288.233, 192
Trd, 000288.417, 193
Trd, 000289.067, 181
Trd, 000289.483, 178
Trd, 000289.583, 177
Trd, 000290.283, 178
Trd, 000290.433, 182
Trd, 000290.933, 178
Trd, 000291.483, 178
Trd, 000291.950, 181
Trd, 000292.017, 182
Trd, 000292.450, 183
Trd, 000292.667, 178
Trd, 000292.867, 193
Trd, 000293.733, 174
Trd, 000293.983, 185
Trd, 000294.400, 186
Trd, 000294.517, 179
Trd, 000294.583, 173
Trd, 000295.150, 187
Trd, 000295.450, 175
Trd, 000295.850, 184
Trd, 000296.017, 194
Trd, 000296.100, 194
Trd, 000296.800, 183
Trd, 000297.067, 194
Trd, 000297.633, 185
Trd, 000297.717, 194
Trd, 000298.617, 185
Trd, 000298.767, 182
Trd, 000299.867, 183
