Trd, 000002.167, 137
Trd, 000002.717, 115
Trd, 000002.850, 101
Trd, 000003.167, 127
Trd, 000003.350, 110
Trd, 000003.550, 126
Trd, 000003.633, 128
Trd, 000004.683, 141
Trd, 000005.400, 129
Trd, 000005.933, 143
Trd, 000006.183, 131
Trd, 000008.350, 141
Trd, 000008.467, 138
Trd, 000008.700, 141
Trd, 000009.450, 142
Trd, 000009.667, 142
Trd, 000010.983, 142
Trd, 000011.483, 142
Trd, 000011.700, 142
Trd, 000012.350, 141
Trd, 000013.467, 141
Trd, 000014.283, 141
Trd, 000015.050, 142
Trd, 000015.650, 152
Trd, 000016.117, 151
Trd, 000016.183, 149
Trd, 000016.533, 148
Trd, 000016.683, 143
Trd, 000016.700, 149
Trd, 000018.133, 148
Trd, 000019.100, 150
Trd, 000019.317, 150
Trd, 000019.633, 146
Trd, 000020.133, 151
Trd, 000020.583, 164
Trd, 000020.950, 146
Trd, 000021.050, 145
Trd, 000022.000, 145
Trd, 000022.550, 149
Trd, 000023.233, 145
Trd, 000023.533, 154
Trd, 000023.617, 157
Trd, 000025.267, 139
Trd, 000026.900, 145
Trd, 000029.917, 154
Trd, 000029.933, 144
Trd, 000030.533, 147
Trd, 000030.733, 147
Trd, 000032.383, 151
Trd, 000032.933, 146
Trd, 000033.800, 150
Trd, 000034.917, 150
Trd, 000035.400, 147
Trd, 000035.717, 146
Trd, 000035.833, 150
Trd, 000035.883, 151
Trd, 000035.983, 145
Trd, 000036.100, 151
Trd, 000037.717, 144
Trd, 000039.733, 151
Trd, 000039.967, 152
Trd, 000040.450, 147
Trd, 000041.117, 145
Trd, 000041.133, 144
Trd, 000041.217, 144
Trd, 000041.733, 142
Trd, 000042.267, 145
Trd, 000042.633, 152
Trd, 000044.033, 143
Trd, 000044.383, 141
Trd, 000044.500, 140
Trd, 000045.083, 144
Trd, 000046.283, 144
Trd, 000047.150, 144
Trd, 000048.867, 145
Trd, 000049.150, 146
Trd, 000049.167, 146
Trd, 000049.433, 145
Trd, 000049.850, 157
Trd, 000050.367, 152
Trd, 000050.450, 144
Trd, 000050.617, 149
Trd, 000050.733, 142
Trd, 000051.617, 142
Trd, 000051.950, 157
Trd, 000053.133, 148
Trd, 000053.800, 173
Trd, 000054.283, 144
Trd, 000055.500, 153
Trd, 000055.983, 152
Trd, 000057.033, 153
Trd, 000057.400, 154
Trd, 000058.983, 149
Trd, 000059.133, 154
Trd, 000059.417, 154
Trd, 000059.717, 149
Trd, 000060.267, 146
Trd, 000060.717, 143
Trd, 000060.767, 143
Trd, 000061.100, 153
Trd, 000061.683, 144
Trd, 000064.700, 149
Trd, 000064.783, 147
Trd, 000065.417, 150
Trd, 000066.300, 151
Trd, 000067.033, 146
Trd, 000068.083, 154
Trd, 000069.050, 174
Trd, 000069.500, 148
Trd, 000070.083, 146
Trd, 000070.567, 144
Trd, 000071.433, 147
Trd, 000071.867, 151
Trd, 000073.067, 149
Trd, 000074.033, 147
Trd, 000074.317, 149
Trd, 000074.600, 149
Trd, 000074.683, 146
Trd, 000077.000, 146
Trd, 000077.400, 145
Trd, 000077.817, 148
Trd, 000078.367, 150
Trd, 000079.683, 149
Trd, 000080.000, 148
Trd, 000080.650, 151
Trd, 000081.733, 153
Trd, 000083.267, 149
Trd, 000083.467, 149
Trd, 000084.200, 151
Trd, 000084.517, 148
Trd, 000085.817, 146
Trd, 000086.367, 146
Trd, 000086.667, 146
Trd, 000087.183, 146
Trd, 000087.267, 150
Trd, 000088.350, 151
Trd, 000089.017, 151
Trd, 000089.450, 156
Trd, 000089.700, 154
Trd, 000090.150, 150
Trd, 000090.650, 149
Trd, 000092.000, 157
Trd, 000092.883, 146
Trd, 000093.800, 143
Trd, 000094.150, 155
Trd, 000095.300, 156
Trd, 000096.033, 157
Trd, 000096.183, 151
Trd, 000096.933, 158
Trd, 000097.100, 151
Trd, 000097.617, 150
Trd, 000097.817, 150
Trd, 000098.283, 149
Trd, 000100.017, 149
Trd, 000100.083, 155
Trd, 000100.767, 150
Trd, 000102.083, 149
Trd, 000102.700, 147
Trd, 000103.033, 153
Trd, 000103.483, 148
Trd, 000104.183, 147
Trd, 000104.250, 153
Trd, 000106.450, 152
Trd, 000106.717, 152
Trd, 000107.017, 154
Trd, 000107.533, 154
Trd, 000108.417, 159
Trd, 000108.717, 151
Trd, 000108.883, 149
Trd, 000110.783, 151
Trd, 000112.100, 151
Trd, 000113.150, 154
Trd, 000113.767, 155
Trd, 000113.783, 153
Trd, 000113.933, 152
Trd, 000114.900, 152
Trd, 000114.933, 155
Trd, 000115.367, 159
Trd, 000115.917, 157
Trd, 000115.933, 151
Trd, 000116.633, 151
Trd, 000117.050, 173
Trd, 000119.567, 154
Trd, 000121.450, 156
Trd, 000121.650, 154
Trd, 000122.100, 153
Trd, 000123.000, 157
Trd, 000123.433, 149
Trd, 000123.700, 150
Trd, 000123.817, 157
Trd, 000124.150, 157
Trd, 000125.250, 157
Trd, 000127.367, 158
Trd, 000127.800, 154
Trd, 000128.517, 153
Trd, 000129.283, 162
Trd, 000130.467, 153
Trd, 000131.167, 154
Trd, 000131.467, 161
Trd, 000131.717, 153
Trd, 000132.150, 161
Trd, 000132.633, 161
Trd, 000133.350, 150
Trd, 000135.383, 152
Trd, 000135.783, 161
Trd, 000135.933, 181
Trd, 000137.283, 159
Trd, 000138.367, 159
Trd, 000138.650, 160
Trd, 000139.417, 165
Trd, 000140.300, 162
Trd, 000140.867, 164
Trd, 000140.883, 160
Trd, 000141.767, 161
Trd, 000142.083, 163
Trd, 000142.667, 160
Trd, 000143.417, 161
Trd, 000143.700, 162
Trd, 000144.500, 159
Trd, 000145.400, 160
Trd, 000145.433, 158
Trd, 000146.183, 160
Trd, 000147.667, 155
Trd, 000148.383, 155
Trd, 000148.567, 157
Trd, 000148.950, 158
Trd, 000149.150, 151
Trd, 000149.767, 160
Trd, 000150.633, 161
Trd, 000152.917, 159
Trd, 000153.383, 159
Trd, 000153.533, 157
Trd, 000154.217, 160
Trd, 000154.517, 160
Trd, 000154.983, 158
Trd, 000155.100, 174
Trd, 000156.283, 157
Trd, 000157.200, 158
Trd, 000158.017, 164
Trd, 000159.783, 163
Trd, 000160.967, 160
Trd, 000161.267, 159
Trd, 000161.600, 158
Trd, 000162.367, 163
Trd, 000163.267, 157
Trd, 000163.367, 156
Trd, 000163.600, 163
Trd, 000164.433, 159
Trd, 000164.517, 157
Trd, 000165.983, 159
Trd, 000166.900, 156
Trd, 000167.267, 153
Trd, 000167.700, 156
Trd, 000167.867, 156
Trd, 000168.600, 155
Trd, 000170.133, 157
Trd, 000170.900, 156
Trd, 000171.133, 158
Trd, 000171.617, 159
Trd, 000172.583, 157
Trd, 000172.650, 156
Trd, 000172.950, 155
Trd, 000174.200, 160
Trd, 000175.033, 157
Trd, 000176.917, 158
Trd, 000177.717, 159
Trd, 000178.183, 161
Trd, 000178.983, 161
Trd, 000180.517, 158
Trd, 000180.683, 160
Trd, 000180.800, 161
Trd, 000180.883, 157
Trd, 000181.467, 161
Trd, 000184.050, 161
Trd, 000184.283, 159
Trd, 000184.633, 156
Trd, 000185.733, 157
Trd, 000186.217, 179
Trd, 000186.600, 180
Trd, 000186.817, 156
Trd, 000186.967, 155
Trd, 000188.567, 175
Trd, 000188.817, 166
Trd, 000189.283, 165
Trd, 000189.650, 186
Trd, 000189.800, 194
Trd, 000189.983, 160
Trd, 000190.767, 159
Trd, 000191.050, 166
Trd, 000192.183, 177
Trd, 000192.783, 165
Trd, 000193.767, 164
Trd, 000194.150, 163
Trd, 000195.433, 163
Trd, 000195.850, 172
Trd, 000196.267, 170
Trd, 000196.767, 163
Trd, 000197.250, 160
Trd, 000197.950, 156
Trd, 000198.833, 155
Trd, 000201.133, 160
Trd, 000202.750, 159
Trd, 000203.200, 159
Trd, 000203.817, 158
Trd, 000204.150, 160
Trd, 000204.383, 158
Trd, 000204.450, 159
Trd, 000204.517, 157
Trd, 000204.550, 161
Trd, 000206.083, 157
Trd, 000206.133, 157
Trd, 000206.433, 156
Trd, 000207.350, 155
Trd, 000207.683, 162
Trd, 000207.817, 169
Trd, 000208.517, 154
Trd, 000211.467, 164
Trd, 000212.200, 158
Trd, 000212.400, 165
Trd, 000212.750, 157
Trd, 000213.700, 158
Trd, 000215.233, 159
Trd, 000215.250, 161
Trd, 000215.317, 158
Trd, 000216.067, 156
Trd, 000217.050, 160
Trd, 000217.183, 162
Trd, 000217.933, 160
Trd, 000218.067, 159
Trd, 000218.433, 164
Trd, 000218.617, 157
Trd, 000219.833, 160
Trd, 000220.167, 162
Trd, 000222.300, 159
Trd, 000223.067, 158
Trd, 000223.183, 159
Trd, 000223.967, 159
Trd, 000224.617, 159
Trd, 000225.383, 160
Trd, 000227.050, 160
Trd, 000228.200, 160
Trd, 000228.583, 160
Trd, 000229.083, 161
Trd, 000229.783, 159
Trd, 000229.833, 157
Trd, 000229.850, 160
Trd, 000230.383, 157
Trd, 000231.017, 164
Trd, 000232.150, 185
Trd, 000232.933, 167
Trd, 000234.183, 166
Trd, 000234.250, 169
Trd, 000234.417, 162
Trd, 000236.700, 164
Trd, 000236.867, 165
Trd, 000237.300, 164
Trd, 000237.633, 163
Trd, 000238.533, 163
Trd, 000238.900, 166
Trd, 000239.433, 165
Trd, 000239.717, 162
Trd, 000240.183, 166
Trd, 000240.250, 162
Trd, 000240.650, 164
Trd, 000241.383, 162
Trd, 000241.433, 162
Trd, 000241.483, 161
Trd, 000241.967, 163
Trd, 000242.717, 162
Trd, 000243.383, 165
Trd, 000243.600, 166
Trd, 000243.633, 172
Trd, 000243.950, 167
Trd, 000244.200, 162
Trd, 000244.250, 162
Trd, 000244.400, 179
Trd, 000244.467, 186
Trd, 000245.717, 177
Trd, 000245.800, 176
Trd, 000246.400, 174
Trd, 000247.350, 170
Trd, 000247.417, 169
Trd, 000247.650, 166
Trd, 000248.350, 165
Trd, 000249.333, 167
Trd, 000249.350, 167
Trd, 000249.400, 172
Trd, 000249.500, 173
Trd, 000249.750, 175
Trd, 000250.017, 166
Trd, 000250.783, 170
Trd, 000250.850, 166
Trd, 000251.933, 172
Trd, 000252.467, 169
Trd, 000253.050, 166
Trd, 000253.550, 168
Trd, 000254.750, 167
Trd, 000254.783, 171
Trd, 000255.267, 166
Trd, 000255.650, 165
Trd, 000256.067, 168
Trd, 000256.083, 173
Trd, 000256.733, 173
Trd, 000256.783, 176
Trd, 000257.050, 169
Trd, 000257.883, 162
Trd, 000257.983, 162
Trd, 000258.700, 166
Trd, 000258.767, 165
Trd, 000258.900, 168
Trd, 000259.417, 163
Trd, 000260.250, 162
Trd, 000260.517, 165
Trd, 000260.850, 167
Trd, 000261.150, 164
Trd, 000261.817, 167
Trd, 000261.983, 167
Trd, 000262.367, 164
Trd, 000263.283, 164
Trd, 000263.567, 166
Trd, 000263.767, 174
Trd, 000265.017, 177
Trd, 000265.283, 175
Trd, 000265.667, 176
Trd, 000266.200, 183
Trd, 000266.283, 168
Trd, 000266.650, 183
Trd, 000266.733, 169
Trd, 000266.900, 168
Trd, 000267.833, 163
Trd, 000267.867, 178
Trd, 000268.333, 182
Trd, 000269.783, 179
Trd, 000270.200, 177
Trd, 000271.017, 172
Trd, 000271.117, 173
Trd, 000271.183, 174
Trd, 000271.400, 173
Trd, 000272.133, 175
Trd, 000272.583, 171
Trd, 000273.117, 173
Trd, 000273.150, 175
Trd, 000273.900, 173
Trd, 000274.217, 167
Trd, 000274.333, 174
Trd, 000274.550, 172
Trd, 000274.633, 164
Trd, 000275.367, 167
Trd, 000275.767, 176
Trd, 000276.350, 162
Trd, 000277.150, 174
Trd, 000277.667, 173
Trd, 000278.600, 178
Trd, 000278.950, 172
Trd, 000279.517, 173
Trd, 000279.783, 173
Trd, 000279.917, 178
Trd, 000280.317, 172
Trd, 000280.333, 168
Trd, 000280.367, 166
Trd, 000281.000, 165
Trd, 000281.817, 176
Trd, 000282.300, 178
Trd, 000282.717, 179
Trd, 000282.967, 183
Trd, 000283.383, 168
Trd, 000284.217, 164
Trd, 000284.800, 170
Trd, 000284.867, 176
Trd, 000285.317, 166
Trd, 000285.783, 178
Trd, 000285.850, 176
Trd, 000286.150, 173
Trd, 000287.417, 180
Trd, 000287.833, 169
Trd, 000288.683, 173
Trd, 000288.800, 169
Trd, 000288.817, 172
Trd, 000288.883, 184
Trd, 000289.133, 190
Trd, 000290.083, 183
Trd, 000290.800, 179
Trd, 000291.133, 168
Trd, 000291.317, 183
Trd, 000291.367, 185
Trd, 000291.850, 166
Trd, 000291.950, 163
Trd, 000292.217, 160
Trd, 000292.733, 168
Trd, 000292.767, 175
Trd, 000293.333, 166
Trd, 000293.867, 176
Trd, 000294.050, 156
Trd, 000294.200, 177
Trd, 000294.350, 180
Trd, 000294.600, 158
Trd, 000294.950, 184
Trd, 000296.667, 174
Trd, 000297.033, 169
Trd, 000297.467, 172
Trd, 000297.917, 175
Trd, 000298.017, 185
Trd, 000298.367, 169
Trd, 000298.450, 169
Trd, 000298.933, 189
Trd, 000299.133, 167
Trd, 000299.267, 191
Trd, 000299.300, 192
