Trd, 000002.283, 124
Trd, 000002.300, 133
Trd, 000002.800, 148
Trd, 000004.100, 146
Trd, 000005.050, 146
Trd, 000005.300, 145
Trd, 000005.517, 145
Trd, 000006.717, 144
Trd, 000007.150, 142
Trd, 000007.167, 139
Trd, 000009.100, 146
Trd, 000009.133, 144
Trd, 000009.183, 148
Trd, 000009.567, 147
Trd, 000009.667, 143
Trd, 000010.350, 149
Trd, 000010.383, 142
Trd, 000010.500, 149
Trd, 000011.517, 173
Trd, 000011.833, 146
Trd, 000014.167, 148
Trd, 000014.200, 146
Trd, 000014.283, 150
Trd, 000014.417, 149
Trd, 000014.433, 151
Trd, 000014.467, 152
Trd, 000014.817, 145
Trd, 000014.900, 142
Trd, 000015.433, 151
Trd, 000015.800, 176
Trd, 000016.100, 140
Trd, 000017.550, 160
Trd, 000017.767, 154
Trd, 000018.850, 163
Trd, 000018.933, 165
Trd, 000019.517, 147
Trd, 000020.350, 146
Trd, 000020.450, 147
Trd, 000021.967, 159
Trd, 000023.300, 150
Trd, 000023.617, 146
Trd, 000023.850, 145
Trd, 000024.500, 148
Trd, 000024.800, 148
Trd, 000025.167, 149
Trd, 000025.183, 148
Trd, 000025.533, 147
Trd, 000025.800, 143
Trd, 000026.067, 141
Trd, 000026.150, 139
Trd, 000027.167, 139
Trd, 000027.600, 137
Trd, 000027.683, 137
Trd, 000028.533, 137
Trd, 000028.667, 140
Trd, 000028.683, 131
Trd, 000030.350, 148
Trd, 000031.650, 145
Trd, 000031.750, 149
Trd, 000032.233, 146
Trd, 000034.417, 148
Trd, 000034.600, 151
Trd, 000035.117, 147
Trd, 000036.450, 162
Trd, 000036.650, 154
Trd, 000037.383, 146
Trd, 000037.967, 144
Trd, 000038.033, 152
Trd, 000038.333, 145
Trd, 000039.433, 147
Trd, 000039.833, 147
Trd, 000039.933, 148
Trd, 000040.467, 177
Trd, 000040.483, 146
Trd, 000041.567, 158
Trd, 000041.833, 157
Trd, 000042.883, 148
Trd, 000043.817, 147
Trd, 000045.150, 149
Trd, 000045.167, 150
Trd, 000045.350, 148
Trd, 000046.100, 151
Trd, 000046.433, 151
Trd, 000046.933, 152
Trd, 000047.933, 154
Trd, 000048.283, 154
Trd, 000048.550, 177
Trd, 000048.583, 147
Trd, 000048.750, 178
Trd, 000049.183, 145
Trd, 000049.567, 163
Trd, 000049.867, 149
Trd, 000050.500, 171
Trd, 000050.633, 151
Trd, 000050.767, 163
Trd, 000052.633, 156
Trd, 000053.350, 156
Trd, 000053.733, 178
Trd, 000053.783, 180
Trd, 000054.817, 160
Trd, 000055.183, 157
Trd, 000055.917, 155
Trd, 000057.350, 164
Trd, 000057.467, 166
Trd, 000058.167, 156
Trd, 000058.450, 176
Trd, 000059.167, 155
Trd, 000059.317, 154
Trd, 000060.450, 150
Trd, 000060.833, 167
Trd, 000062.467, 162
Trd, 000063.200, 159
Trd, 000063.317, 158
Trd, 000063.633, 155
Trd, 000064.017, 157
Trd, 000064.250, 157
Trd, 000064.500, 156
Trd, 000064.750, 158
Trd, 000065.867, 172
Trd, 000066.467, 154
Trd, 000066.600, 147
Trd, 000066.750, 151
Trd, 000067.150, 144
Trd, 000067.317, 166
Trd, 000068.333, 156
Trd, 000069.267, 165
Trd, 000069.350, 167
Trd, 000070.250, 162
Trd, 000071.783, 162
Trd, 000073.117, 163
Trd, 000073.883, 164
Trd, 000074.017, 163
Trd, 000074.217, 162
Trd, 000074.250, 164
Trd, 000074.900, 160
Trd, 000075.750, 157
Trd, 000075.817, 151
Trd, 000076.633, 150
Trd, 000077.033, 162
Trd, 000077.567, 161
Trd, 000077.850, 162
Trd, 000078.033, 152
Trd, 000078.283, 152
Trd, 000078.683, 153
Trd, 000079.117, 151
Trd, 000080.233, 151
Trd, 000080.583, 158
Trd, 000080.650, 150
Trd, 000081.200, 156
Trd, 000081.550, 158
Trd, 000082.100, 149
Trd, 000082.200, 148
Trd, 000083.133, 156
Trd, 000083.533, 157
Trd, 000084.883, 159
Trd, 000085.433, 158
Trd, 000085.850, 159
Trd, 000086.267, 158
Trd, 000086.300, 159
Trd, 000087.567, 167
Trd, 000088.700, 169
Trd, 000088.883, 165
Trd, 000089.133, 173
Trd, 000089.817, 156
Trd, 000089.900, 150
Trd, 000090.667, 156
Trd, 000091.200, 153
Trd, 000091.333, 169
Trd, 000091.433, 154
Trd, 000091.833, 169
Trd, 000093.117, 159
Trd, 000093.583, 159
Trd, 000093.950, 160
Trd, 000094.033, 156
Trd, 000094.783, 137
Trd, 000095.817, 154
Trd, 000097.067, 156
Trd, 000097.417, 157
Trd, 000097.483, 158
Trd, 000098.400, 154
Trd, 000098.433, 154
Trd, 000098.817, 156
Trd, 000099.083, 170
Trd, 000099.433, 180
Trd, 000099.883, 155
Trd, 000100.117, 154
Trd, 000102.233, 164
Trd, 000102.500, 157
Trd, 000102.850, 158
Trd, 000103.267, 156
Trd, 000103.383, 160
Trd, 000104.200, 161
Trd, 000104.650, 161
Trd, 000104.833, 168
Trd, 000105.017, 154
Trd, 000106.183, 159
Trd, 000107.267, 157
Trd, 000107.833, 159
Trd, 000108.000, 169
Trd, 000108.233, 158
Trd, 000108.367, 157
Trd, 000109.100, 163
Trd, 000109.483, 183
Trd, 000110.933, 158
Trd, 000111.550, 170
Trd, 000111.833, 161
Trd, 000112.067, 160
Trd, 000112.300, 169
Trd, 000113.000, 163
Trd, 000113.700, 169
Trd, 000113.933, 163
Trd, 000115.117, 168
Trd, 000115.250, 166
Trd, 000115.550, 165
Trd, 000116.033, 167
Trd, 000116.583, 161
Trd, 000117.100, 168
Trd, 000117.917, 155
Trd, 000119.783, 160
Trd, 000119.833, 159
Trd, 000119.867, 158
Trd, 000120.333, 161
Trd, 000120.867, 160
Trd, 000120.950, 163
Trd, 000121.167, 158
Trd, 000121.517, 158
Trd, 000121.750, 157
Trd, 000122.000, 187
Trd, 000122.533, 158
Trd, 000122.667, 156
Trd, 000123.117, 156
Trd, 000124.500, 150
Trd, 000124.767, 149
Trd, 000125.883, 160
Trd, 000126.017, 157
Trd, 000126.367, 159
Trd, 000126.700, 159
Trd, 000126.900, 159
Trd, 000127.883, 160
Trd, 000128.567, 159
Trd, 000129.717, 161
Trd, 000129.767, 160
Trd, 000130.567, 157
Trd, 000130.667, 154
Trd, 000131.350, 152
Trd, 000131.533, 150
Trd, 000132.083, 151
Trd, 000132.900, 154
Trd, 000132.917, 152
Trd, 000133.167, 153
Trd, 000133.483, 156
Trd, 000134.750, 153
Trd, 000134.967, 152
Trd, 000135.283, 155
Trd, 000136.000, 154
Trd, 000136.367, 155
Trd, 000136.783, 161
Trd, 000137.017, 185
Trd, 000138.167, 158
Trd, 000138.417, 156
Trd, 000139.250, 160
Trd, 000139.300, 162
Trd, 000139.433, 163
Trd, 000140.133, 163
Trd, 000140.350, 161
Trd, 000140.650, 162
Trd, 000141.033, 158
Trd, 000141.267, 177
Trd, 000141.283, 185
Trd, 000142.400, 159
Trd, 000142.650, 166
Trd, 000143.367, 158
Trd, 000143.650, 171
Trd, 000144.483, 179
Trd, 000145.000, 179
Trd, 000146.717, 178
Trd, 000147.400, 177
Trd, 000147.500, 176
Trd, 000148.250, 176
Trd, 000148.500, 173
Trd, 000148.533, 177
Trd, 000148.583, 170
Trd, 000149.017, 178
Trd, 000149.417, 179
Trd, 000149.583, 165
Trd, 000149.883, 166
Trd, 000151.633, 170
Trd, 000151.867, 172
Trd, 000153.033, 171
Trd, 000153.067, 172
Trd, 000153.450, 168
Trd, 000153.583, 165
Trd, 000153.800, 172
Trd, 000154.150, 186
Trd, 000154.900, 174
Trd, 000155.117, 171
Trd, 000155.883, 169
Trd, 000156.483, 160
Trd, 000156.783, 160
Trd, 000157.350, 159
Trd, 000157.517, 176
Trd, 000158.400, 171
Trd, 000158.967, 167
Trd, 000159.083, 171
Trd, 000159.467, 166
Trd, 000160.317, 157
Trd, 000160.950, 172
Trd, 000160.983, 162
Trd, 000161.833, 155
Trd, 000161.950, 157
Trd, 000162.767, 158
Trd, 000162.867, 160
Trd, 000162.967, 161
Trd, 000163.317, 163
Trd, 000163.650, 164
Trd, 000163.883, 160
Trd, 000164.083, 153
Trd, 000165.617, 181
Trd, 000166.567, 171
Trd, 000166.733, 169
Trd, 000167.017, 183
Trd, 000167.500, 171
Trd, 000167.633, 183
Trd, 000167.800, 170
Trd, 000168.333, 169
Trd, 000169.683, 170
Trd, 000170.417, 175
Trd, 000170.900, 187
Trd, 000171.850, 175
Trd, 000172.283, 174
Trd, 000173.000, 175
Trd, 000173.967, 181
Trd, 000174.483, 174
Trd, 000176.317, 168
Trd, 000176.650, 172
Trd, 000176.717, 174
Trd, 000178.350, 170
Trd, 000179.400, 169
Trd, 000179.417, 161
Trd, 000179.683, 159
Trd, 000179.867, 165
Trd, 000179.983, 155
Trd, 000180.567, 166
Trd, 000180.833, 162
Trd, 000181.183, 162
Trd, 000181.200, 156
Trd, 000181.367, 145
Trd, 000181.650, 166
Trd, 000183.317, 164
Trd, 000184.000, 157
Trd, 000184.067, 161
Trd, 000184.467, 156
Trd, 000184.783, 156
Trd, 000186.900, 159
Trd, 000186.917, 159
Trd, 000187.233, 158
Trd, 000187.733, 160
Trd, 000187.917, 167
Trd, 000188.117, 163
Trd, 000189.417, 167
Trd, 000189.917, 167
Trd, 000190.117, 177
Trd, 000190.183, 166
Trd, 000191.333, 188
Trd, 000191.467, 158
Trd, 000192.167, 184
Trd, 000192.500, 148
Trd, 000193.167, 173
Trd, 000193.333, 177
Trd, 000193.933, 169
Trd, 000195.533, 170
Trd, 000195.900, 175
Trd, 000196.167, 169
Trd, 000196.267, 168
Trd, 000196.683, 157
Trd, 000198.350, 157
Trd, 000198.533, 165
Trd, 000198.617, 167
Trd, 000199.150, 178
Trd, 000199.483, 177
Trd, 000199.783, 170
Trd, 000199.967, 168
Trd, 000200.317, 191
Trd, 000200.333, 192
Trd, 000200.467, 167
Trd, 000200.567, 164
Trd, 000202.367, 164
Trd, 000203.650, 170
Trd, 000203.733, 171
Trd, 000203.950, 172
Trd, 000204.300, 170
Trd, 000205.367, 169
Trd, 000205.550, 170
Trd, 000205.817, 171
Trd, 000206.417, 170
Trd, 000207.033, 173
Trd, 000208.217, 174
Trd, 000209.600, 182
Trd, 000209.633, 181
Trd, 000209.733, 180
Trd, 000210.850, 179
Trd, 000211.117, 179
Trd, 000211.633, 171
Trd, 000211.933, 171
Trd, 000212.367, 165
Trd, 000212.383, 162
Trd, 000213.133, 162
Trd, 000214.000, 176
Trd, 000214.350, 177
Trd, 000214.367, 178
Trd, 000214.433, 151
Trd, 000214.617, 177
Trd, 000214.633, 193
Trd, 000214.983, 158
Trd, 000215.517, 158
Trd, 000216.667, 169
Trd, 000217.433, 170
Trd, 000218.283, 174
Trd, 000218.350, 190
Trd, 000218.767, 172
Trd, 000219.100, 166
Trd, 000220.300, 186
Trd, 000220.867, 191
Trd, 000221.083, 186
Trd, 000221.200, 180
Trd, 000221.633, 168
Trd, 000221.917, 174
Trd, 000222.233, 184
Trd, 000224.000, 180
Trd, 000224.183, 180
Trd, 000225.250, 173
Trd, 000225.933, 179
Trd, 000226.900, 176
Trd, 000227.283, 175
Trd, 000227.433, 171
Trd, 000228.117, 175
Trd, 000228.450, 170
Trd, 000229.300, 168
Trd, 000229.800, 166
Trd, 000229.833, 165
Trd, 000229.917, 164
Trd, 000231.233, 175
Trd, 000231.317, 167
Trd, 000231.450, 176
Trd, 000232.850, 167
Trd, 000233.600, 173
Trd, 000233.983, 170
Trd, 000234.417, 170
Trd, 000234.850, 172
Trd, 000235.200, 173
Trd, 000235.950, 173
Trd, 000236.183, 171
Trd, 000237.150, 170
Trd, 000237.567, 168
Trd, 000238.367, 167
Trd, 000238.517, 172
Trd, 000238.567, 180
Trd, 000238.617, 161
Trd, 000238.883, 165
Trd, 000241.017, 171
Trd, 000241.167, 170
Trd, 000241.267, 172
Trd, 000241.317, 172
Trd, 000241.650, 172
Trd, 000241.833, 172
Trd, 000242.133, 173
Trd, 000242.267, 171
Trd, 000242.983, 173
Trd, 000243.633, 178
Trd, 000243.817, 179
Trd, 000243.917, 172
Trd, 000244.600, 171
Trd, 000244.733, 175
Trd, 000244.967, 168
Trd, 000245.333, 174
Trd, 000245.700, 174
Trd, 000245.750, 171
Trd, 000245.967, 175
Trd, 000246.033, 176
Trd, 000246.133, 186
Trd, 000246.600, 170
Trd, 000247.067, 167
Trd, 000248.150, 184
Trd, 000248.650, 183
Trd, 000249.117, 181
Trd, 000249.383, 182
Trd, 000250.217, 185
Trd, 000250.733, 185
Trd, 000251.083, 183
Trd, 000251.217, 174
Trd, 000251.450, 182
Trd, 000251.483, 163
Trd, 000252.167, 179
Trd, 000252.950, 168
Trd, 000253.000, 174
Trd, 000253.067, 175
Trd, 000253.517, 153
Trd, 000253.783, 173
Trd, 000254.717, 169
Trd, 000255.167, 169
Trd, 000255.183, 170
Trd, 000255.350, 170
Trd, 000255.433, 168
Trd, 000255.583, 166
Trd, 000256.517, 170
Trd, 000256.667, 171
Trd, 000257.800, 184
Trd, 000258.183, 178
Trd, 000258.683, 179
Trd, 000259.083, 180
Trd, 000259.483, 179
Trd, 000260.033, 178
Trd, 000260.383, 175
Trd, 000260.767, 171
Trd, 000260.783, 181
Trd, 000260.800, 184
Trd, 000261.083, 173
Trd, 000261.983, 174
Trd, 000262.950, 170
Trd, 000263.267, 179
Trd, 000263.700, 168
Trd, 000263.717, 173
Trd, 000264.283, 166
Trd, 000264.717, 174
Trd, 000265.667, 172
Trd, 000265.683, 167
Trd, 000265.850, 168
Trd, 000266.483, 173
Trd, 000266.933, 170
Trd, 000267.650, 173
Trd, 000267.667, 175
Trd, 000268.150, 171
Trd, 000268.433, 176
Trd, 000268.967, 181
Trd, 000269.533, 188
Trd, 000270.017, 185
Trd, 000270.367, 180
Trd, 000271.117, 180
Trd, 000271.567, 174
Trd, 000271.650, 180
Trd, 000272.383, 176
Trd, 000272.550, 174
Trd, 000272.783, 165
Trd, 000273.217, 171
Trd, 000273.283, 168
Trd, 000273.583, 175
Trd, 000273.667, 166
Trd, 000273.717, 175
Trd, 000273.767, 164
Trd, 000274.367, 181
Trd, 000275.317, 168
Trd, 000275.833, 175
Trd, 000276.117, 177
Trd, 000277.017, 172
Trd, 000277.717, 171
Trd, 000278.217, 172
Trd, 000278.717, 170
Trd, 000279.067, 172
Trd, 000279.833, 171
Trd, 000280.783, 186
Trd, 000281.017, 172
Trd, 000281.167, 171
Trd, 000281.417, 172
Trd, 000282.083, 175
Trd, 000282.383, 170
Trd, 000283.067, 169
Trd, 000283.183, 169
Trd, 000283.450, 167
Trd, 000283.967, 168
Trd, 000284.050, 171
Trd, 000284.550, 169
Trd, 000284.733, 172
Trd, 000284.783, 173
Trd, 000286.000, 176
Trd, 000286.217, 172
Trd, 000286.317, 170
Trd, 000286.617, 183
Trd, 000286.767, 170
Trd, 000286.800, 169
Trd, 000287.500, 176
Trd, 000288.433, 176
Trd, 000288.683, 179
Trd, 000288.883, 175
Trd, 000289.033, 173
Trd, 000289.533, 177
Trd, 000289.867, 177
Trd, 000290.217, 178
Trd, 000290.850, 184
Trd, 000291.033, 183
Trd, 000291.833, 183
Trd, 000291.983, 182
Trd, 000292.983, 179
Trd, 000293.317, 170
Trd, 000293.350, 185
Trd, 000293.383, 187
Trd, 000293.483, 166
Trd, 000294.033, 165
Trd, 000294.050, 164
Trd, 000294.883, 173
Trd, 000295.267, 190
Trd, 000296.267, 189
Trd, 000296.683, 190
Trd, 000297.100, 189
Trd, 000297.167, 203
Trd, 000297.250, 204
Trd, 000297.517, 188
Trd, 000298.317, 187
Trd, 000298.367, 179
Trd, 000299.133, 171
Trd, 000299.150, 167
Trd, 000299.317, 173
Trd, 000299.750, 199
