Trd, 000002.283, 127
Trd, 000002.617, 128
Trd, 000003.533, 131
Trd, 000003.933, 137
Trd, 000004.317, 144
Trd, 000004.683, 126
Trd, 000005.167, 126
Trd, 000005.333, 125
Trd, 000005.850, 141
Trd, 000006.067, 138
Trd, 000006.483, 152
Trd, 000007.250, 155
Trd, 000007.317, 158
Trd, 000007.350, 161
Trd, 000008.283, 141
Trd, 000009.300, 143
Trd, 000009.883, 144
Trd, 000010.150, 151
Trd, 000010.200, 153
Trd, 000011.050, 154
Trd, 000011.183, 154
Trd, 000011.800, 145
Trd, 000012.167, 146
Trd, 000012.483, 155
Trd, 000012.717, 138
Trd, 000014.200, 151
Trd, 000014.933, 150
Trd, 000015.183, 152
Trd, 000015.317, 149
Trd, 000015.567, 151
Trd, 000016.750, 152
Trd, 000017.000, 150
Trd, 000017.183, 153
Trd, 000017.750, 149
Trd, 000017.800, 156
Trd, 000018.500, 160
Trd, 000018.733, 125
Trd, 000020.100, 146
Trd, 000020.200, 144
Trd, 000021.200, 145
Trd, 000021.217, 144
Trd, 000021.483, 142
Trd, 000021.867, 146
Trd, 000022.467, 140
Trd, 000023.767, 144
Trd, 000023.950, 144
Trd, 000024.100, 143
Trd, 000024.267, 146
Trd, 000024.600, 174
Trd, 000024.733, 167
Trd, 000025.100, 172
Trd, 000025.200, 167
Trd, 000025.500, 161
Trd, 000025.617, 162
Trd, 000026.267, 165
Trd, 000026.867, 127
Trd, 000028.317, 162
Trd, 000029.400, 142
Trd, 000029.500, 164
Trd, 000030.050, 130
Trd, 000030.783, 134
Trd, 000031.167, 158
Trd, 000032.283, 149
Trd, 000032.450, 147
Trd, 000032.467, 146
Trd, 000033.033, 150
Trd, 000033.917, 151
Trd, 000034.050, 151
Trd, 000034.850, 148
Trd, 000035.133, 149
Trd, 000035.300, 158
Trd, 000036.417, 153
Trd, 000036.617, 152
Trd, 000036.833, 153
Trd, 000036.917, 149
Trd, 000037.417, 148
Trd, 000038.067, 152
Trd, 000038.400, 153
Trd, 000038.567, 154
Trd, 000039.167, 148
Trd, 000040.883, 151
Trd, 000041.083, 150
Trd, 000042.767, 149
Trd, 000042.800, 144
Trd, 000044.317, 144
Trd, 000044.500, 147
Trd, 000045.400, 178
Trd, 000045.417, 177
Trd, 000045.450, 160
Trd, 000046.150, 188
Trd, 000046.167, 172
Trd, 000046.933, 173
Trd, 000047.217, 192
Trd, 000047.767, 173
Trd, 000048.100, 173
Trd, 000049.550, 174
Trd, 000049.700, 174
Trd, 000049.767, 173
Trd, 000051.200, 167
Trd, 000051.517, 170
Trd, 000052.017, 165
Trd, 000052.200, 155
Trd, 000052.250, 129
Trd, 000053.350, 165
Trd, 000053.900, 158
Trd, 000054.667, 158
Trd, 000055.183, 155
Trd, 000055.467, 158
Trd, 000055.667, 141
Trd, 000056.400, 159
Trd, 000058.300, 158
Trd, 000058.317, 156
Trd, 000058.783, 158
Trd, 000058.983, 158
Trd, 000059.017, 157
Trd, 000059.350, 168
Trd, 000059.417, 194
Trd, 000059.717, 155
Trd, 000059.850, 154
Trd, 000061.417, 158
Trd, 000061.600, 159
Trd, 000062.867, 157
Trd, 000062.883, 157
Trd, 000063.600, 161
Trd, 000064.067, 164
Trd, 000064.917, 160
Trd, 000064.967, 157
Trd, 000065.917, 162
Trd, 000066.283, 163
Trd, 000066.333, 158
Trd, 000067.583, 164
Trd, 000068.333, 163
Trd, 000068.583, 163
Trd, 000069.267, 162
Trd, 000069.550, 161
Trd, 000070.533, 161
Trd, 000070.717, 163
Trd, 000070.983, 158
Trd, 000072.333, 136
Trd, 000072.750, 140
Trd, 000073.017, 156
Trd, 000074.017, 142
Trd, 000074.633, 143
Trd, 000075.317, 144
Trd, 000075.683, 140
Trd, 000075.800, 138
Trd, 000075.950, 139
Trd, 000076.517, 147
Trd, 000076.650, 149
Trd, 000077.100, 152
Trd, 000077.400, 153
Trd, 000078.067, 160
Trd, 000078.083, 146
Trd, 000078.817, 156
Trd, 000079.533, 146
Trd, 000080.850, 154
Trd, 000081.133, 155
Trd, 000081.200, 154
Trd, 000081.417, 153
Trd, 000081.600, 163
Trd, 000083.433, 160
Trd, 000083.717, 159
Trd, 000083.733, 163
Trd, 000083.833, 159
Trd, 000084.467, 150
Trd, 000085.133, 159
Trd, 000085.283, 162
Trd, 000085.683, 160
Trd, 000088.617, 156
Trd, 000088.983, 158
Trd, 000089.167, 158
Trd, 000090.300, 167
Trd, 000090.383, 195
Trd, 000090.583, 181
Trd, 000090.667, 164
Trd, 000090.917, 161
Trd, 000091.217, 160
Trd, 000091.817, 159
Trd, 000091.850, 156
Trd, 000092.217, 133
Trd, 000092.367, 169
Trd, 000092.850, 170
Trd, 000093.933, 167
Trd, 000094.650, 161
Trd, 000094.817, 166
Trd, 000095.767, 161
Trd, 000096.317, 161
Trd, 000096.633, 162
Trd, 000097.317, 161
Trd, 000098.117, 163
Trd, 000099.250, 162
Trd, 000099.817, 163
Trd, 000100.100, 164
Trd, 000100.150, 162
Trd, 000100.217, 166
Trd, 000101.117, 168
Trd, 000102.283, 160
Trd, 000102.383, 156
Trd, 000102.800, 134
Trd, 000102.983, 141
Trd, 000103.517, 145
Trd, 000103.850, 146
Trd, 000103.967, 144
Trd, 000104.100, 164
Trd, 000104.517, 165
Trd, 000106.050, 158
Trd, 000106.117, 150
Trd, 000106.900, 151
Trd, 000107.950, 155
Trd, 000108.000, 153
Trd, 000108.267, 154
Trd, 000109.733, 168
Trd, 000110.200, 158
Trd, 000110.733, 158
Trd, 000110.833, 157
Trd, 000111.767, 148
Trd, 000111.967, 157
Trd, 000112.667, 152
Trd, 000112.733, 146
Trd, 000114.050, 155
Trd, 000114.600, 155
Trd, 000114.983, 156
Trd, 000116.100, 155
Trd, 000116.400, 155
Trd, 000116.817, 153
Trd, 000117.633, 154
Trd, 000118.000, 154
Trd, 000118.167, 153
Trd, 000118.233, 169
Trd, 000118.517, 150
Trd, 000119.217, 159
Trd, 000119.533, 170
Trd, 000119.583, 150
Trd, 000119.767, 147
Trd, 000120.800, 166
Trd, 000120.817, 151
Trd, 000122.150, 152
Trd, 000122.367, 148
Trd, 000122.483, 160
Trd, 000123.217, 146
Trd, 000123.850, 159
Trd, 000123.983, 160
Trd, 000124.750, 154
Trd, 000125.850, 160
Trd, 000126.417, 170
Trd, 000126.867, 158
Trd, 000127.117, 157
Trd, 000127.283, 169
Trd, 000127.467, 165
Trd, 000129.733, 160
Trd, 000130.000, 155
Trd, 000130.100, 162
Trd, 000130.383, 153
Trd, 000130.583, 163
Trd, 000130.717, 151
Trd, 000133.200, 160
Trd, 000133.333, 160
Trd, 000133.933, 158
Trd, 000134.000, 161
Trd, 000134.083, 168
Trd, 000134.150, 155
Trd, 000134.483, 140
Trd, 000134.800, 160
Trd, 000134.833, 148
Trd, 000135.300, 149
Trd, 000136.567, 157
Trd, 000137.300, 155
Trd, 000137.450, 157
Trd, 000138.450, 157
Trd, 000138.717, 159
Trd, 000139.317, 159
Trd, 000139.550, 159
Trd, 000139.850, 158
Trd, 000140.267, 154
Trd, 000141.300, 148
Trd, 000141.617, 138
Trd, 000141.633, 155
Trd, 000142.150, 155
Trd, 000142.250, 156
Trd, 000142.283, 169
Trd, 000143.017, 156
Trd, 000143.550, 172
Trd, 000144.233, 156
Trd, 000144.700, 182
Trd, 000145.100, 182
Trd, 000146.017, 172
Trd, 000146.233, 176
Trd, 000146.600, 172
Trd, 000146.800, 171
Trd, 000146.917, 166
Trd, 000147.050, 168
Trd, 000148.533, 170
Trd, 000148.783, 172
Trd, 000149.533, 168
Trd, 000149.783, 169
Trd, 000150.150, 168
Trd, 000150.783, 168
Trd, 000151.733, 169
Trd, 000152.317, 168
Trd, 000152.400, 169
Trd, 000152.867, 163
Trd, 000154.133, 165
Trd, 000155.167, 168
Trd, 000155.433, 169
Trd, 000156.000, 170
Trd, 000156.050, 169
Trd, 000156.083, 170
Trd, 000156.400, 168
Trd, 000157.383, 174
Trd, 000157.550, 173
Trd, 000158.117, 167
Trd, 000159.133, 176
Trd, 000159.617, 173
Trd, 000160.450, 178
Trd, 000160.667, 176
Trd, 000162.067, 175
Trd, 000162.083, 177
Trd, 000162.283, 180
Trd, 000162.400, 176
Trd, 000162.750, 169
Trd, 000163.000, 167
Trd, 000163.983, 168
Trd, 000165.400, 167
Trd, 000165.600, 167
Trd, 000166.033, 169
Trd, 000166.150, 162
Trd, 000166.983, 168
Trd, 000167.083, 171
Trd, 000167.683, 163
Trd, 000167.700, 172
Trd, 000167.800, 174
Trd, 000168.017, 173
Trd, 000169.000, 167
Trd, 000170.800, 172
Trd, 000171.133, 174
Trd, 000171.367, 173
Trd, 000172.667, 173
Trd, 000173.067, 171
Trd, 000173.100, 170
Trd, 000173.850, 166
Trd, 000174.217, 161
Trd, 000175.383, 171
Trd, 000175.483, 172
Trd, 000175.800, 148
Trd, 000176.967, 161
Trd, 000177.500, 169
Trd, 000178.767, 167
Trd, 000178.783, 168
Trd, 000178.867, 168
Trd, 000179.800, 167
Trd, 000179.833, 165
Trd, 000180.217, 163
Trd, 000180.350, 170
Trd, 000181.067, 171
Trd, 000181.433, 162
Trd, 000181.550, 142
Trd, 000181.683, 172
Trd, 000182.167, 172
Trd, 000183.333, 172
Trd, 000183.867, 164
Trd, 000184.000, 173
Trd, 000184.200, 176
Trd, 000185.333, 172
Trd, 000185.483, 167
Trd, 000186.633, 172
Trd, 000187.317, 172
Trd, 000188.167, 171
Trd, 000188.850, 172
Trd, 000189.150, 171
Trd, 000189.367, 172
Trd, 000189.417, 173
Trd, 000189.433, 174
Trd, 000189.967, 187
Trd, 000190.200, 177
Trd, 000191.083, 182
Trd, 000191.350, 182
Trd, 000191.517, 183
Trd, 000191.617, 174
Trd, 000191.683, 170
Trd, 000193.617, 182
Trd, 000194.300, 181
Trd, 000194.600, 182
Trd, 000194.950, 179
Trd, 000195.133, 181
Trd, 000195.433, 178
Trd, 000195.733, 177
Trd, 000196.383, 182
Trd, 000197.533, 178
Trd, 000197.650, 172
Trd, 000197.750, 179
Trd, 000197.783, 183
Trd, 000197.833, 183
Trd, 000198.917, 174
Trd, 000199.917, 173
Trd, 000200.250, 171
Trd, 000200.350, 179
Trd, 000202.383, 175
Trd, 000202.517, 174
Trd, 000202.733, 179
Trd, 000203.383, 178
Trd, 000203.450, 173
Trd, 000203.850, 171
Trd, 000204.733, 177
Trd, 000205.483, 171
Trd, 000205.500, 175
Trd, 000206.250, 173
Trd, 000206.683, 174
Trd, 000207.750, 176
Trd, 000207.883, 170
Trd, 000207.983, 165
Trd, 000208.000, 177
Trd, 000208.300, 145
Trd, 000209.633, 176
Trd, 000210.317, 171
Trd, 000210.350, 157
Trd, 000210.917, 173
Trd, 000211.517, 161
Trd, 000212.317, 191
Trd, 000212.550, 196
Trd, 000213.033, 191
Trd, 000213.150, 189
Trd, 000213.383, 194
Trd, 000213.617, 179
Trd, 000214.250, 183
Trd, 000215.050, 186
Trd, 000216.050, 186
Trd, 000216.517, 184
Trd, 000216.617, 172
Trd, 000216.800, 185
Trd, 000218.583, 157
Trd, 000218.683, 176
Trd, 000218.767, 176
Trd, 000219.167, 154
Trd, 000220.083, 154
Trd, 000220.233, 146
Trd, 000222.467, 156
Trd, 000222.783, 156
Trd, 000223.650, 159
Trd, 000223.983, 158
Trd, 000224.300, 163
Trd, 000224.367, 155
Trd, 000225.317, 155
Trd, 000225.900, 161
Trd, 000226.000, 153
Trd, 000226.017, 162
Trd, 000226.983, 163
Trd, 000227.267, 166
Trd, 000227.350, 178
Trd, 000228.250, 162
Trd, 000229.383, 164
Trd, 000229.433, 163
Trd, 000229.450, 162
Trd, 000229.750, 164
Trd, 000230.550, 167
Trd, 000230.783, 178
Trd, 000231.150, 181
Trd, 000231.367, 177
Trd, 000231.383, 170
Trd, 000232.750, 183
Trd, 000232.783, 179
Trd, 000233.500, 182
Trd, 000234.167, 177
Trd, 000235.383, 178
Trd, 000235.517, 179
Trd, 000235.683, 179
Trd, 000235.767, 178
Trd, 000236.167, 157
Trd, 000237.267, 180
Trd, 000238.033, 151
Trd, 000238.150, 147
Trd, 000238.450, 155
Trd, 000239.783, 166
Trd, 000240.483, 160
Trd, 000240.650, 162
Trd, 000241.333, 162
Trd, 000241.667, 165
Trd, 000242.617, 164
Trd, 000242.683, 163
Trd, 000242.750, 163
Trd, 000242.800, 162
Trd, 000243.050, 166
Trd, 000243.450, 164
Trd, 000244.033, 168
Trd, 000244.783, 180
Trd, 000245.267, 178
Trd, 000245.333, 177
Trd, 000245.533, 175
Trd, 000245.600, 174
Trd, 000246.100, 178
Trd, 000246.450, 179
Trd, 000246.767, 174
Trd, 000247.000, 180
Trd, 000248.783, 176
Trd, 000248.967, 176
Trd, 000249.233, 177
Trd, 000249.567, 177
Trd, 000249.933, 176
Trd, 000250.950, 176
Trd, 000251.150, 176
Trd, 000251.317, 177
Trd, 000252.233, 168
Trd, 000252.433, 167
Trd, 000252.733, 166
Trd, 000252.883, 166
Trd, 000253.783, 163
Trd, 000253.817, 160
Trd, 000254.150, 167
Trd, 000254.533, 167
Trd, 000254.667, 168
Trd, 000254.767, 166
Trd, 000255.017, 169
Trd, 000255.267, 170
Trd, 000256.083, 170
Trd, 000256.767, 173
Trd, 000256.883, 176
Trd, 000257.633, 179
Trd, 000258.017, 180
Trd, 000258.667, 177
Trd, 000258.917, 174
Trd, 000258.967, 173
Trd, 000259.733, 177
Trd, 000259.933, 175
Trd, 000260.233, 177
Trd, 000260.483, 176
Trd, 000261.333, 169
Trd, 000261.450, 176
Trd, 000261.917, 176
Trd, 000262.000, 177
Trd, 000262.067, 169
Trd, 000263.183, 168
Trd, 000263.783, 167
Trd, 000264.217, 170
Trd, 000264.400, 172
Trd, 000264.833, 170
Trd, 000264.883, 181
Trd, 000265.683, 178
Trd, 000265.850, 184
Trd, 000266.083, 176
Trd, 000266.167, 177
Trd, 000267.817, 177
Trd, 000268.150, 177
Trd, 000268.267, 178
Trd, 000268.350, 173
Trd, 000269.483, 177
Trd, 000270.467, 174
Trd, 000270.583, 177
Trd, 000271.000, 177
Trd, 000271.050, 178
Trd, 000271.533, 173
Trd, 000271.617, 177
Trd, 000272.567, 180
Trd, 000272.750, 181
Trd, 000273.383, 185
Trd, 000273.533, 181
Trd, 000273.600, 179
Trd, 000273.833, 187
Trd, 000274.167, 188
Trd, 000274.333, 169
Trd, 000275.017, 180
Trd, 000275.150, 177
Trd, 000276.200, 184
Trd, 000276.533, 185
Trd, 000276.983, 193
Trd, 000277.217, 190
Trd, 000277.600, 188
Trd, 000277.700, 184
Trd, 000278.233, 182
Trd, 000279.133, 188
Trd, 000279.833, 185
Trd, 000279.900, 182
Trd, 000280.283, 180
Trd, 000280.533, 190
Trd, 000281.283, 185
Trd, 000281.750, 179
Trd, 000282.200, 178
Trd, 000282.483, 181
Trd, 000283.217, 178
Trd, 000283.717, 171
Trd, 000284.150, 170
Trd, 000284.300, 178
Trd, 000284.700, 178
Trd, 000285.200, 178
Trd, 000286.083, 176
Trd, 000286.167, 177
Trd, 000286.283, 177
Trd, 000287.100, 178
Trd, 000287.283, 177
Trd, 000288.067, 176
Trd, 000288.150, 183
Trd, 000288.433, 175
Trd, 000289.050, 181
Trd, 000289.950, 179
Trd, 000290.433, 179
Trd, 000290.567, 176
Trd, 000290.667, 180
Trd, 000290.700, 184
Trd, 000291.333, 179
Trd, 000291.467, 177
Trd, 000291.650, 181
Trd, 000291.933, 174
Trd, 000292.000, 184
Trd, 000293.367, 173
Trd, 000293.717, 172
Trd, 000294.617, 178
Trd, 000294.833, 177
Trd, 000294.983, 179
Trd, 000295.217, 184
Trd, 000295.550, 174
Trd, 000295.700, 174
Trd, 000295.717, 187
Trd, 000296.367, 181
Trd, 000296.483, 204
Trd, 000296.767, 173
Trd, 000297.217, 188
Trd, 000297.917, 174
Trd, 000298.350, 173
Trd, 000298.650, 185
Trd, 000299.450, 185
