Trd, 000001.417, 166
Trd, 000001.433, 165
Trd, 000002.117, 134
Trd, 000002.983, 174
Trd, 000003.133, 152
Trd, 000003.733, 159
Trd, 000004.850, 155
Trd, 000005.133, 153
Trd, 000005.683, 152
Trd, 000006.117, 152
Trd, 000006.533, 153
Trd, 000006.917, 154
Trd, 000007.300, 156
Trd, 000008.300, 155
Trd, 000008.467, 152
Trd, 000009.400, 154
Trd, 000009.633, 153
Trd, 000009.850, 152
Trd, 000011.117, 152
Trd, 000011.133, 138
Trd, 000011.283, 153
Trd, 000011.983, 128
Trd, 000013.550, 138
Trd, 000014.550, 135
Trd, 000014.700, 133
Trd, 000014.783, 127
Trd, 000015.333, 133
Trd, 000015.617, 135
Trd, 000015.817, 141
Trd, 000015.883, 142
Trd, 000016.400, 146
Trd, 000016.983, 147
Trd, 000017.800, 146
Trd, 000018.433, 138
Trd, 000018.633, 138
Trd, 000019.750, 148
Trd, 000020.250, 143
Trd, 000020.517, 144
Trd, 000021.617, 143
Trd, 000021.833, 142
Trd, 000023.250, 142
Trd, 000023.467, 143
Trd, 000024.183, 146
Trd, 000025.117, 154
Trd, 000025.150, 153
Trd, 000025.217, 151
Trd, 000025.500, 155
Trd, 000025.700, 153
Trd, 000026.250, 154
Trd, 000026.667, 155
Trd, 000027.583, 156
Trd, 000027.833, 154
Trd, 000028.450, 154
Trd, 000028.967, 155
Trd, 000028.983, 157
Trd, 000029.767, 154
Trd, 000029.983, 154
Trd, 000030.200, 155
Trd, 000030.317, 154
Trd, 000030.333, 155
Trd, 000030.867, 154
Trd, 000031.267, 140
Trd, 000032.350, 150
Trd, 000033.000, 149
Trd, 000033.400, 147
Trd, 000033.467, 127
Trd, 000034.667, 143
Trd, 000034.917, 143
Trd, 000034.933, 144
Trd, 000035.600, 144
Trd, 000036.683, 151
Trd, 000036.767, 151
Trd, 000036.917, 151
Trd, 000037.167, 158
Trd, 000037.400, 164
Trd, 000038.017, 142
Trd, 000038.900, 141
Trd, 000038.917, 164
Trd, 000039.683, 145
Trd, 000040.083, 149
Trd, 000040.383, 148
Trd, 000041.233, 152
Trd, 000041.483, 146
Trd, 000041.850, 152
Trd, 000041.867, 145
Trd, 000042.717, 155
Trd, 000043.967, 158
Trd, 000044.767, 165
Trd, 000045.517, 161
Trd, 000046.000, 160
Trd, 000046.650, 160
Trd, 000047.050, 160
Trd, 000047.567, 156
Trd, 000047.733, 159
Trd, 000048.433, 157
Trd, 000048.483, 157
Trd, 000049.400, 160
Trd, 000049.933, 162
Trd, 000050.200, 158
Trd, 000050.217, 157
Trd, 000051.433, 156
Trd, 000052.250, 154
Trd, 000053.233, 157
Trd, 000053.583, 157
Trd, 000053.717, 158
Trd, 000054.967, 156
Trd, 000055.367, 158
Trd, 000055.767, 157
Trd, 000055.967, 156
Trd, 000056.633, 154
Trd, 000056.667, 142
Trd, 000057.333, 156
Trd, 000058.033, 151
Trd, 000058.100, 150
Trd, 000058.533, 154
Trd, 000059.417, 152
Trd, 000059.917, 154
Trd, 000060.100, 154
Trd, 000060.217, 150
Trd, 000061.183, 149
Trd, 000061.733, 149
Trd, 000062.133, 149
Trd, 000062.583, 150
Trd, 000062.600, 149
Trd, 000062.867, 151
Trd, 000064.250, 151
Trd, 000064.683, 144
Trd, 000064.733, 152
Trd, 000065.333, 151
Trd, 000065.583, 151
Trd, 000066.017, 152
Trd, 000066.500, 146
Trd, 000067.933, 146
Trd, 000069.167, 152
Trd, 000069.250, 154
Trd, 000069.267, 155
Trd, 000069.950, 161
Trd, 000070.983, 152
Trd, 000072.733, 153
Trd, 000073.133, 152
Trd, 000073.950, 157
Trd, 000074.067, 158
Trd, 000074.917, 155
Trd, 000075.917, 154
Trd, 000076.133, 155
Trd, 000076.333, 157
Trd, 000076.717, 154
Trd, 000076.783, 154
Trd, 000076.817, 159
Trd, 000077.067, 152
Trd, 000077.350, 159
Trd, 000077.533, 146
Trd, 000078.200, 156
Trd, 000078.233, 172
Trd, 000080.633, 173
Trd, 000081.517, 170
Trd, 000081.550, 169
Trd, 000081.850, 168
Trd, 000082.050, 172
Trd, 000083.467, 168
Trd, 000083.850, 160
Trd, 000084.150, 160
Trd, 000084.383, 165
Trd, 000084.467, 159
Trd, 000085.850, 159
Trd, 000086.467, 146
Trd, 000087.617, 155
Trd, 000087.683, 152
Trd, 000087.767, 154
Trd, 000088.433, 153
Trd, 000089.233, 143
Trd, 000090.217, 151
Trd, 000090.250, 153
Trd, 000090.450, 142
Trd, 000091.683, 143
Trd, 000092.683, 148
Trd, 000092.883, 149
Trd, 000093.633, 151
Trd, 000093.767, 153
Trd, 000093.950, 150
Trd, 000094.233, 150
Trd, 000094.700, 157
Trd, 000094.867, 161
Trd, 000095.250, 163
Trd, 000096.217, 160
Trd, 000096.700, 152
Trd, 000096.983, 152
Trd, 000097.767, 154
Trd, 000098.133, 155
Trd, 000099.000, 155
Trd, 000099.133, 154
Trd, 000099.450, 154
Trd, 000099.800, 156
Trd, 000100.683, 156
Trd, 000101.400, 155
Trd, 000101.550, 156
Trd, 000101.717, 157
Trd, 000102.033, 154
Trd, 000103.167, 154
Trd, 000103.500, 156
Trd, 000104.400, 158
Trd, 000104.750, 158
Trd, 000105.750, 161
Trd, 000106.083, 156
Trd, 000106.133, 154
Trd, 000106.467, 156
Trd, 000107.567, 159
Trd, 000107.917, 154
Trd, 000108.217, 161
Trd, 000108.533, 163
Trd, 000109.350, 149
Trd, 000109.633, 154
Trd, 000109.967, 153
Trd, 000110.317, 148
Trd, 000110.717, 149
Trd, 000111.467, 145
Trd, 000111.633, 145
Trd, 000111.950, 151
Trd, 000114.583, 150
Trd, 000114.800, 154
Trd, 000115.017, 155
Trd, 000115.350, 155
Trd, 000116.200, 151
Trd, 000116.450, 163
Trd, 000116.517, 164
Trd, 000117.117, 162
Trd, 000118.133, 163
Trd, 000118.217, 156
Trd, 000118.800, 176
Trd, 000118.917, 156
Trd, 000120.133, 161
Trd, 000121.800, 160
Trd, 000122.117, 162
Trd, 000122.300, 162
Trd, 000122.500, 163
Trd, 000122.750, 163
Trd, 000122.783, 164
Trd, 000123.050, 166
Trd, 000123.167, 160
Trd, 000124.683, 161
Trd, 000124.783, 160
Trd, 000125.833, 159
Trd, 000126.583, 158
Trd, 000127.183, 159
Trd, 000128.117, 158
Trd, 000128.150, 160
Trd, 000128.200, 161
Trd, 000129.800, 177
Trd, 000130.183, 178
Trd, 000130.783, 183
Trd, 000130.917, 172
Trd, 000131.083, 170
Trd, 000131.283, 165
Trd, 000131.417, 169
Trd, 000132.617, 166
Trd, 000132.700, 164
Trd, 000132.717, 167
Trd, 000133.667, 166
Trd, 000133.883, 167
Trd, 000134.417, 159
Trd, 000134.783, 161
Trd, 000135.383, 168
Trd, 000135.983, 157
Trd, 000136.100, 158
Trd, 000137.133, 159
Trd, 000137.983, 179
Trd, 000138.583, 169
Trd, 000139.200, 170
Trd, 000139.850, 170
Trd, 000140.000, 171
Trd, 000141.317, 168
Trd, 000142.250, 168
Trd, 000142.733, 169
Trd, 000142.767, 170
Trd, 000143.000, 166
Trd, 000143.400, 165
Trd, 000144.283, 164
Trd, 000145.350, 161
Trd, 000145.533, 161
Trd, 000146.017, 160
Trd, 000146.117, 159
Trd, 000147.633, 159
Trd, 000147.700, 158
Trd, 000148.217, 159
Trd, 000148.350, 160
Trd, 000148.450, 163
Trd, 000150.100, 170
Trd, 000150.667, 170
Trd, 000150.683, 169
Trd, 000151.333, 168
Trd, 000152.450, 167
Trd, 000152.650, 166
Trd, 000152.800, 164
Trd, 000153.850, 164
Trd, 000154.817, 167
Trd, 000155.333, 166
Trd, 000155.650, 169
Trd, 000155.983, 166
Trd, 000156.367, 166
Trd, 000156.433, 166
Trd, 000156.550, 171
Trd, 000157.200, 170
Trd, 000157.900, 170
Trd, 000158.517, 170
Trd, 000158.883, 169
Trd, 000159.417, 180
Trd, 000160.250, 168
Trd, 000161.183, 173
Trd, 000161.300, 173
Trd, 000161.333, 170
Trd, 000162.783, 170
Trd, 000162.817, 169
Trd, 000162.967, 167
Trd, 000163.350, 167
Trd, 000164.050, 172
Trd, 000164.450, 166
Trd, 000165.267, 170
Trd, 000165.883, 167
Trd, 000166.767, 169
Trd, 000167.133, 168
Trd, 000167.917, 167
Trd, 000168.150, 168
Trd, 000169.700, 167
Trd, 000169.883, 167
Trd, 000170.100, 168
Trd, 000170.350, 168
Trd, 000170.650, 166
Trd, 000170.967, 166
Trd, 000171.233, 178
Trd, 000171.450, 178
Trd, 000172.450, 177
Trd, 000172.517, 182
Trd, 000173.617, 180
Trd, 000173.833, 179
Trd, 000174.083, 169
Trd, 000174.850, 173
Trd, 000175.883, 157
Trd, 000176.167, 161
Trd, 000176.200, 163
Trd, 000176.283, 167
Trd, 000177.400, 162
Trd, 000177.467, 154
Trd, 000178.000, 144
Trd, 000178.217, 144
Trd, 000178.783, 145
Trd, 000179.500, 145
Trd, 000180.700, 144
Trd, 000181.483, 151
Trd, 000181.533, 152
Trd, 000181.817, 159
Trd, 000182.250, 161
Trd, 000182.483, 162
Trd, 000182.833, 166
Trd, 000183.500, 159
Trd, 000184.550, 161
Trd, 000184.650, 163
Trd, 000185.583, 160
Trd, 000185.917, 164
Trd, 000186.717, 165
Trd, 000186.867, 159
Trd, 000187.600, 166
Trd, 000188.567, 165
Trd, 000189.017, 166
Trd, 000189.817, 165
Trd, 000189.983, 167
Trd, 000190.433, 166
Trd, 000190.600, 165
Trd, 000190.733, 164
Trd, 000191.650, 167
Trd, 000192.350, 163
Trd, 000193.667, 164
Trd, 000193.900, 164
Trd, 000194.033, 165
Trd, 000194.600, 168
Trd, 000195.067, 168
Trd, 000195.100, 167
Trd, 000195.400, 184
Trd, 000197.150, 179
Trd, 000197.300, 156
Trd, 000197.350, 181
Trd, 000197.867, 182
Trd, 000197.883, 164
Trd, 000198.950, 182
Trd, 000199.183, 170
Trd, 000199.400, 185
Trd, 000201.500, 175
Trd, 000201.567, 179
Trd, 000201.783, 179
Trd, 000202.600, 179
Trd, 000203.233, 174
Trd, 000203.533, 178
Trd, 000203.900, 175
Trd, 000204.300, 171
Trd, 000204.550, 178
Trd, 000205.117, 178
Trd, 000205.283, 173
Trd, 000205.933, 174
Trd, 000206.000, 173
Trd, 000206.433, 173
Trd, 000206.900, 174
Trd, 000207.133, 172
Trd, 000207.500, 170
Trd, 000208.700, 169
Trd, 000209.133, 168
Trd, 000209.400, 169
Trd, 000209.967, 164
Trd, 000210.400, 164
Trd, 000210.633, 166
Trd, 000210.850, 167
Trd, 000211.700, 162
Trd, 000212.000, 158
Trd, 000212.317, 157
Trd, 000213.300, 162
Trd, 000213.583, 158
Trd, 000215.217, 161
Trd, 000215.633, 164
Trd, 000216.433, 164
Trd, 000216.517, 163
Trd, 000217.100, 165
Trd, 000217.250, 168
Trd, 000218.533, 165
Trd, 000218.550, 165
Trd, 000218.917, 168
Trd, 000219.083, 167
Trd, 000219.250, 167
Trd, 000219.433, 168
Trd, 000219.933, 170
Trd, 000220.583, 167
Trd, 000220.600, 177
Trd, 000220.633, 187
Trd, 000220.850, 165
Trd, 000222.417, 166
Trd, 000222.750, 170
Trd, 000223.100, 171
Trd, 000223.400, 164
Trd, 000224.383, 170
Trd, 000224.983, 166
Trd, 000225.400, 166
Trd, 000226.200, 164
Trd, 000226.700, 163
Trd, 000227.033, 164
Trd, 000228.033, 163
Trd, 000228.133, 164
Trd, 000229.767, 164
Trd, 000230.117, 164
Trd, 000230.333, 163
Trd, 000230.617, 163
Trd, 000231.133, 161
Trd, 000231.150, 166
Trd, 000231.333, 167
Trd, 000231.550, 171
Trd, 000232.517, 160
Trd, 000233.900, 169
Trd, 000233.917, 170
Trd, 000234.183, 180
Trd, 000234.217, 173
Trd, 000235.317, 183
Trd, 000235.483, 182
Trd, 000236.683, 180
Trd, 000236.800, 181
Trd, 000236.933, 180
Trd, 000236.967, 161
Trd, 000237.217, 181
Trd, 000237.267, 188
Trd, 000239.117, 186
Trd, 000240.400, 183
Trd, 000240.967, 182
Trd, 000241.033, 182
Trd, 000241.250, 181
Trd, 000241.450, 183
Trd, 000241.650, 182
Trd, 000241.700, 181
Trd, 000241.767, 179
Trd, 000241.833, 179
Trd, 000242.333, 178
Trd, 000242.367, 177
Trd, 000242.533, 175
Trd, 000242.933, 179
Trd, 000243.217, 150
Trd, 000243.883, 151
Trd, 000244.500, 161
Trd, 000244.850, 171
Trd, 000245.200, 164
Trd, 000245.633, 164
Trd, 000246.050, 165
Trd, 000246.400, 166
Trd, 000246.700, 168
Trd, 000246.817, 169
Trd, 000247.100, 169
Trd, 000247.417, 167
Trd, 000247.750, 167
Trd, 000248.050, 168
Trd, 000249.300, 172
Trd, 000249.933, 174
Trd, 000250.167, 180
Trd, 000250.317, 187
Trd, 000250.767, 190
Trd, 000251.000, 187
Trd, 000251.200, 194
Trd, 000251.833, 185
Trd, 000251.967, 189
Trd, 000252.050, 184
Trd, 000252.250, 183
Trd, 000252.467, 177
Trd, 000252.933, 185
Trd, 000253.467, 179
Trd, 000254.267, 186
Trd, 000254.567, 183
Trd, 000254.800, 182
Trd, 000255.517, 181
Trd, 000255.650, 179
Trd, 000256.233, 179
Trd, 000256.683, 177
Trd, 000256.717, 176
Trd, 000257.767, 174
Trd, 000258.050, 176
Trd, 000258.167, 177
Trd, 000258.617, 176
Trd, 000258.633, 175
Trd, 000258.750, 176
Trd, 000259.017, 177
Trd, 000259.517, 175
Trd, 000260.767, 175
Trd, 000260.833, 178
Trd, 000261.017, 178
Trd, 000261.517, 178
Trd, 000261.800, 177
Trd, 000262.200, 178
Trd, 000262.633, 177
Trd, 000262.733, 178
Trd, 000262.750, 176
Trd, 000262.950, 174
Trd, 000263.700, 176
Trd, 000264.250, 176
Trd, 000264.383, 177
Trd, 000264.967, 185
Trd, 000265.400, 175
Trd, 000266.017, 177
Trd, 000266.450, 177
Trd, 000266.650, 176
Trd, 000266.717, 178
Trd, 000267.117, 175
Trd, 000267.383, 173
Trd, 000267.583, 171
Trd, 000268.200, 174
Trd, 000268.783, 177
Trd, 000269.017, 174
Trd, 000269.917, 171
Trd, 000270.100, 170
Trd, 000270.217, 172
Trd, 000271.317, 175
Trd, 000271.567, 173
Trd, 000271.583, 174
Trd, 000271.733, 172
Trd, 000272.683, 180
Trd, 000272.950, 174
Trd, 000273.233, 178
Trd, 000273.617, 177
Trd, 000273.750, 178
Trd, 000274.633, 182
Trd, 000274.917, 187
Trd, 000275.117, 180
Trd, 000275.317, 187
Trd, 000275.950, 186
Trd, 000276.067, 185
Trd, 000276.283, 180
Trd, 000276.617, 178
Trd, 000277.167, 178
Trd, 000277.400, 177
Trd, 000278.117, 175
Trd, 000278.350, 174
Trd, 000279.283, 174
Trd, 000279.517, 175
Trd, 000279.600, 173
Trd, 000280.183, 173
Trd, 000280.450, 173
Trd, 000280.617, 173
Trd, 000280.983, 173
Trd, 000281.133, 174
Trd, 000281.217, 175
Trd, 000281.967, 175
Trd, 000282.067, 173
Trd, 000282.283, 172
Trd, 000282.500, 171
Trd, 000283.100, 175
Trd, 000284.067, 175
Trd, 000284.750, 176
Trd, 000284.867, 169
Trd, 000285.450, 177
Trd, 000285.717, 169
Trd, 000285.850, 183
Trd, 000285.933, 180
Trd, 000286.717, 171
Trd, 000286.817, 169
Trd, 000287.050, 173
Trd, 000287.317, 166
Trd, 000288.000, 173
Trd, 000288.500, 173
Trd, 000288.750, 173
Trd, 000288.817, 170
Trd, 000289.150, 174
Trd, 000289.800, 177
Trd, 000290.450, 172
Trd, 000290.700, 188
Trd, 000290.983, 179
Trd, 000291.267, 189
Trd, 000291.283, 174
Trd, 000291.700, 173
Trd, 000292.233, 166
Trd, 000292.933, 173
Trd, 000293.250, 175
Trd, 000293.533, 175
Trd, 000293.667, 181
Trd, 000294.133, 183
Trd, 000294.583, 184
Trd, 000294.733, 175
Trd, 000295.500, 175
Trd, 000295.617, 174
Trd, 000295.667, 182
Trd, 000296.817, 180
Trd, 000296.983, 183
Trd, 000297.417, 179
Trd, 000297.550, 175
Trd, 000297.850, 185
Trd, 000298.450, 173
Trd, 000298.800, 184
Trd, 000299.083, 185
