Trd, 000002.450, 162
Trd, 000003.167, 151
Trd, 000003.283, 148
Trd, 000003.800, 132
Trd, 000003.933, 133
Trd, 000004.233, 127
Trd, 000005.050, 147
Trd, 000005.333, 145
Trd, 000006.167, 158
Trd, 000006.733, 159
Trd, 000007.350, 162
Trd, 000009.350, 151
Trd, 000009.367, 152
Trd, 000009.983, 148
Trd, 000010.933, 153
Trd, 000012.100, 153
Trd, 000012.717, 150
Trd, 000012.917, 150
Trd, 000013.083, 151
Trd, 000013.417, 150
Trd, 000013.783, 150
Trd, 000014.317, 163
Trd, 000014.383, 166
Trd, 000014.500, 180
Trd, 000014.900, 156
Trd, 000015.217, 154
Trd, 000015.767, 180
Trd, 000016.100, 174
Trd, 000016.500, 153
Trd, 000016.967, 149
Trd, 000018.567, 148
Trd, 000019.083, 149
Trd, 000019.550, 152
Trd, 000019.583, 149
Trd, 000019.717, 148
Trd, 000020.733, 149
Trd, 000022.183, 150
Trd, 000022.817, 150
Trd, 000022.917, 150
Trd, 000024.083, 150
Trd, 000024.500, 152
Trd, 000024.850, 150
Trd, 000024.967, 146
Trd, 000025.217, 155
Trd, 000025.383, 153
Trd, 000025.583, 146
Trd, 000026.317, 152
Trd, 000028.467, 148
Trd, 000028.500, 150
Trd, 000029.100, 152
Trd, 000029.517, 154
Trd, 000030.467, 148
Trd, 000032.417, 164
Trd, 000033.000, 154
Trd, 000034.000, 153
Trd, 000034.467, 150
Trd, 000034.633, 143
Trd, 000034.767, 153
Trd, 000035.850, 153
Trd, 000036.300, 148
Trd, 000036.417, 147
Trd, 000038.333, 151
Trd, 000038.700, 150
Trd, 000039.133, 155
Trd, 000039.533, 166
Trd, 000040.750, 155
Trd, 000041.767, 150
Trd, 000043.550, 156
Trd, 000043.617, 155
Trd, 000043.683, 156
Trd, 000044.533, 151
Trd, 000045.133, 154
Trd, 000045.433, 153
Trd, 000045.700, 154
Trd, 000045.867, 155
Trd, 000046.833, 162
Trd, 000047.233, 157
Trd, 000048.050, 157
Trd, 000048.617, 156
Trd, 000049.067, 159
Trd, 000049.783, 160
Trd, 000050.383, 161
Trd, 000050.567, 159
Trd, 000050.950, 159
Trd, 000051.817, 156
Trd, 000052.717, 159
Trd, 000053.133, 167
Trd, 000053.550, 158
Trd, 000054.867, 159
Trd, 000055.717, 166
Trd, 000055.750, 168
Trd, 000057.033, 167
Trd, 000057.200, 158
Trd, 000057.350, 156
Trd, 000057.450, 158
Trd, 000059.783, 166
Trd, 000060.167, 160
Trd, 000060.450, 165
Trd, 000061.750, 163
Trd, 000062.117, 159
Trd, 000064.017, 162
Trd, 000064.700, 162
Trd, 000065.083, 163
Trd, 000065.817, 159
Trd, 000065.950, 156
Trd, 000066.017, 164
Trd, 000067.733, 158
Trd, 000068.350, 162
Trd, 000070.283, 163
Trd, 000070.333, 159
Trd, 000070.433, 159
Trd, 000070.950, 158
Trd, 000071.617, 158
Trd, 000072.717, 159
Trd, 000072.967, 146
Trd, 000073.333, 163
Trd, 000074.067, 158
Trd, 000074.200, 163
Trd, 000075.350, 160
Trd, 000075.517, 151
Trd, 000076.367, 157
Trd, 000076.700, 154
Trd, 000076.850, 155
Trd, 000077.600, 154
Trd, 000077.683, 143
Trd, 000078.783, 149
Trd, 000079.083, 152
Trd, 000079.983, 152
Trd, 000080.300, 152
Trd, 000081.067, 154
Trd, 000082.550, 154
Trd, 000082.883, 154
Trd, 000083.067, 156
Trd, 000083.617, 153
Trd, 000084.217, 157
Trd, 000084.550, 158
Trd, 000085.783, 159
Trd, 000086.767, 162
Trd, 000087.300, 167
Trd, 000088.383, 169
Trd, 000088.583, 166
Trd, 000088.917, 165
Trd, 000089.233, 163
Trd, 000089.767, 163
Trd, 000089.967, 169
Trd, 000091.050, 165
Trd, 000091.083, 171
Trd, 000092.400, 166
Trd, 000093.617, 171
Trd, 000093.667, 181
Trd, 000094.000, 169
Trd, 000094.200, 162
Trd, 000095.217, 174
Trd, 000095.617, 177
Trd, 000095.783, 183
Trd, 000096.067, 161
Trd, 000097.017, 165
Trd, 000097.433, 165
Trd, 000097.967, 163
Trd, 000098.117, 163
Trd, 000098.267, 160
Trd, 000099.083, 161
Trd, 000099.100, 154
Trd, 000100.133, 163
Trd, 000101.683, 162
Trd, 000102.017, 161
Trd, 000102.483, 161
Trd, 000104.017, 164
Trd, 000104.300, 164
Trd, 000104.967, 165
Trd, 000105.217, 180
Trd, 000105.683, 162
Trd, 000105.767, 174
Trd, 000107.033, 164
Trd, 000108.133, 168
Trd, 000108.567, 168
Trd, 000109.583, 166
Trd, 000109.883, 168
Trd, 000110.250, 167
Trd, 000110.333, 165
Trd, 000111.750, 166
Trd, 000111.800, 162
Trd, 000111.950, 167
Trd, 000113.100, 167
Trd, 000113.617, 155
Trd, 000114.550, 161
Trd, 000114.750, 156
Trd, 000114.800, 160
Trd, 000117.267, 159
Trd, 000117.667, 160
Trd, 000117.767, 163
Trd, 000117.850, 173
Trd, 000118.200, 159
Trd, 000118.900, 164
Trd, 000119.033, 159
Trd, 000119.867, 157
Trd, 000122.867, 162
Trd, 000124.267, 163
Trd, 000124.350, 164
Trd, 000124.400, 164
Trd, 000124.817, 174
Trd, 000124.867, 177
Trd, 000125.300, 178
Trd, 000126.300, 163
Trd, 000126.383, 178
Trd, 000126.800, 161
Trd, 000127.950, 177
Trd, 000129.000, 174
Trd, 000129.050, 164
Trd, 000129.183, 178
Trd, 000129.867, 158
Trd, 000130.600, 160
Trd, 000131.133, 158
Trd, 000131.733, 159
Trd, 000131.883, 160
Trd, 000132.050, 161
Trd, 000132.450, 164
Trd, 000132.967, 158
Trd, 000135.417, 173
Trd, 000135.433, 177
Trd, 000136.483, 169
Trd, 000136.550, 165
Trd, 000136.900, 164
Trd, 000137.033, 170
Trd, 000138.767, 162
Trd, 000139.367, 165
Trd, 000139.733, 169
Trd, 000140.150, 164
Trd, 000140.450, 164
Trd, 000140.533, 158
Trd, 000140.617, 154
Trd, 000142.200, 154
Trd, 000143.067, 165
Trd, 000144.633, 158
Trd, 000144.917, 158
Trd, 000145.350, 158
Trd, 000145.450, 158
Trd, 000146.417, 166
Trd, 000148.050, 164
Trd, 000148.483, 165
Trd, 000149.000, 166
Trd, 000149.250, 177
Trd, 000149.783, 168
Trd, 000150.350, 165
Trd, 000150.700, 163
Trd, 000150.817, 166
Trd, 000151.300, 161
Trd, 000151.750, 161
Trd, 000152.917, 162
Trd, 000153.433, 161
Trd, 000154.117, 159
Trd, 000154.733, 159
Trd, 000156.000, 157
Trd, 000156.683, 156
Trd, 000156.733, 157
Trd, 000156.800, 159
Trd, 000157.150, 160
Trd, 000157.650, 161
Trd, 000157.917, 167
Trd, 000158.117, 157
Trd, 000158.300, 177
Trd, 000161.033, 172
Trd, 000161.050, 170
Trd, 000162.333, 171
Trd, 000162.500, 169
Trd, 000163.033, 167
Trd, 000163.817, 171
Trd, 000165.267, 166
Trd, 000166.667, 166
Trd, 000166.967, 167
Trd, 000167.033, 166
Trd, 000167.333, 167
Trd, 000167.400, 168
Trd, 000167.550, 169
Trd, 000167.767, 166
Trd, 000169.183, 168
Trd, 000170.233, 170
Trd, 000172.433, 176
Trd, 000173.333, 169
Trd, 000173.783, 172
Trd, 000175.100, 174
Trd, 000175.483, 173
Trd, 000175.783, 172
Trd, 000175.817, 171
Trd, 000176.033, 178
Trd, 000176.633, 171
Trd, 000176.800, 182
Trd, 000177.717, 169
Trd, 000179.367, 178
Trd, 000180.367, 165
Trd, 000180.783, 173
Trd, 000182.117, 168
Trd, 000182.683, 169
Trd, 000183.117, 169
Trd, 000183.717, 170
Trd, 000183.883, 169
Trd, 000185.300, 177
Trd, 000185.533, 180
Trd, 000185.833, 170
Trd, 000186.183, 171
Trd, 000186.517, 176
Trd, 000187.517, 177
Trd, 000188.317, 175
Trd, 000190.250, 173
Trd, 000191.767, 171
Trd, 000191.783, 176
Trd, 000192.133, 175
Trd, 000192.650, 170
Trd, 000193.183, 173
Trd, 000193.817, 181
Trd, 000193.883, 180
Trd, 000194.333, 171
Trd, 000195.967, 180
Trd, 000196.633, 180
Trd, 000196.783, 191
Trd, 000198.150, 191
Trd, 000198.483, 192
Trd, 000198.650, 188
Trd, 000198.683, 174
Trd, 000198.733, 164
Trd, 000199.283, 171
Trd, 000200.367, 178
Trd, 000200.633, 171
Trd, 000201.833, 179
Trd, 000203.100, 182
Trd, 000203.267, 180
Trd, 000203.633, 181
Trd, 000204.333, 183
Trd, 000204.417, 171
Trd, 000205.183, 183
Trd, 000206.517, 171
Trd, 000206.583, 165
Trd, 000208.017, 171
Trd, 000208.550, 169
Trd, 000209.350, 172
Trd, 000210.833, 173
Trd, 000211.683, 172
Trd, 000211.800, 173
Trd, 000212.417, 172
Trd, 000213.017, 173
Trd, 000213.283, 171
Trd, 000213.750, 172
Trd, 000214.067, 185
Trd, 000214.333, 168
Trd, 000215.850, 181
Trd, 000216.700, 176
Trd, 000216.717, 172
Trd, 000216.917, 182
Trd, 000217.067, 169
Trd, 000217.433, 166
Trd, 000217.767, 166
Trd, 000219.400, 166
Trd, 000219.483, 169
Trd, 000220.217, 170
Trd, 000220.567, 173
Trd, 000221.700, 172
Trd, 000222.167, 172
Trd, 000223.200, 173
Trd, 000223.550, 173
Trd, 000223.783, 172
Trd, 000225.283, 170
Trd, 000225.833, 174
Trd, 000225.917, 189
Trd, 000228.200, 173
Trd, 000228.633, 174
Trd, 000229.483, 167
Trd, 000229.667, 174
Trd, 000231.283, 172
Trd, 000231.333, 171
Trd, 000231.350, 174
Trd, 000231.933, 170
Trd, 000232.200, 170
Trd, 000234.550, 172
Trd, 000234.933, 172
Trd, 000235.483, 174
Trd, 000236.367, 172
Trd, 000236.633, 173
Trd, 000237.267, 174
Trd, 000237.317, 185
Trd, 000237.533, 173
Trd, 000238.183, 169
Trd, 000238.783, 174
Trd, 000239.533, 173
Trd, 000239.550, 175
Trd, 000240.417, 175
Trd, 000241.933, 177
Trd, 000242.083, 176
Trd, 000242.100, 175
Trd, 000242.233, 178
Trd, 000242.650, 179
Trd, 000243.533, 175
Trd, 000243.650, 172
Trd, 000244.267, 179
Trd, 000244.483, 174
Trd, 000244.850, 175
Trd, 000244.917, 173
Trd, 000245.350, 172
Trd, 000246.533, 171
Trd, 000247.133, 173
Trd, 000247.433, 172
Trd, 000247.617, 173
Trd, 000249.017, 174
Trd, 000249.483, 173
Trd, 000250.150, 173
Trd, 000250.300, 172
Trd, 000250.600, 171
Trd, 000251.867, 173
Trd, 000251.967, 172
Trd, 000252.000, 169
Trd, 000252.817, 172
Trd, 000253.367, 173
Trd, 000253.733, 176
Trd, 000254.350, 172
Trd, 000254.817, 183
Trd, 000255.283, 175
Trd, 000255.483, 175
Trd, 000255.617, 175
Trd, 000255.867, 176
Trd, 000256.300, 179
Trd, 000257.183, 176
Trd, 000257.433, 180
Trd, 000257.500, 177
Trd, 000257.717, 177
Trd, 000258.467, 176
Trd, 000258.600, 177
Trd, 000258.850, 181
Trd, 000258.983, 184
Trd, 000259.100, 187
Trd, 000259.150, 180
Trd, 000260.000, 180
Trd, 000260.850, 183
Trd, 000261.417, 185
Trd, 000261.600, 187
Trd, 000261.900, 188
Trd, 000262.617, 189
Trd, 000262.883, 188
Trd, 000263.000, 178
Trd, 000263.183, 177
Trd, 000264.417, 188
Trd, 000264.483, 189
Trd, 000265.250, 190
Trd, 000265.600, 190
Trd, 000265.967, 191
Trd, 000266.100, 189
Trd, 000267.100, 183
Trd, 000267.367, 180
Trd, 000267.567, 177
Trd, 000268.133, 176
Trd, 000268.483, 185
Trd, 000269.067, 177
Trd, 000269.417, 178
Trd, 000270.033, 181
Trd, 000270.317, 184
Trd, 000270.767, 178
Trd, 000271.767, 179
Trd, 000273.050, 182
Trd, 000273.200, 183
Trd, 000273.367, 180
Trd, 000274.167, 182
Trd, 000274.700, 189
Trd, 000274.833, 191
Trd, 000274.900, 180
Trd, 000275.933, 182
Trd, 000276.750, 183
Trd, 000276.817, 179
Trd, 000277.583, 178
Trd, 000277.883, 182
Trd, 000279.233, 184
Trd, 000279.267, 179
Trd, 000279.583, 178
Trd, 000281.133, 177
Trd, 000281.250, 183
Trd, 000281.583, 183
Trd, 000282.417, 178
Trd, 000282.500, 189
Trd, 000283.250, 185
Trd, 000283.717, 186
Trd, 000284.017, 176
Trd, 000284.150, 183
Trd, 000284.400, 183
Trd, 000284.967, 179
Trd, 000285.100, 184
Trd, 000285.517, 190
Trd, 000285.767, 183
Trd, 000286.050, 177
Trd, 000287.383, 183
Trd, 000287.967, 183
Trd, 000288.150, 182
Trd, 000288.283, 191
Trd, 000288.617, 182
Trd, 000288.950, 193
Trd, 000289.033, 184
Trd, 000289.150, 194
Trd, 000289.767, 188
Trd, 000291.100, 183
Trd, 000291.200, 184
Trd, 000291.217, 185
Trd, 000291.383, 180
Trd, 000292.367, 179
Trd, 000292.617, 187
Trd, 000294.450, 184
Trd, 000294.533, 181
Trd, 000294.733, 182
Trd, 000294.983, 183
Trd, 000295.000, 184
Trd, 000295.267, 177
Trd, 000295.700, 179
Trd, 000295.717, 180
Trd, 000296.850, 180
Trd, 000297.167, 178
Trd, 000297.950, 180
Trd, 000298.300, 190
Trd, 000298.417, 191
Trd, 000298.850, 188
Trd, 000299.200, 194
Trd, 000299.967, 192
