Trd, 000001.283, 111
Trd, 000002.767, 163
Trd, 000002.800, 162
Trd, 000003.117, 163
Trd, 000003.833, 149
Trd, 000004.450, 149
Trd, 000004.600, 158
Trd, 000005.400, 154
Trd, 000006.817, 144
Trd, 000007.017, 149
Trd, 000007.317, 150
Trd, 000007.983, 143
Trd, 000009.217, 146
Trd, 000009.850, 146
Trd, 000010.017, 145
Trd, 000010.767, 147
Trd, 000010.917, 144
Trd, 000011.750, 143
Trd, 000012.633, 130
Trd, 000013.683, 137
Trd, 000013.983, 138
Trd, 000014.083, 135
Trd, 000014.617, 137
Trd, 000015.050, 138
Trd, 000015.350, 138
Trd, 000015.883, 140
Trd, 000017.083, 134
Trd, 000019.667, 141
Trd, 000019.867, 141
Trd, 000019.900, 142
Trd, 000019.933, 140
Trd, 000020.333, 139
Trd, 000020.683, 131
Trd, 000020.967, 142
Trd, 000021.000, 143
Trd, 000022.617, 136
Trd, 000022.950, 134
Trd, 000023.183, 137
Trd, 000023.733, 137
Trd, 000024.167, 141
Trd, 000024.233, 143
Trd, 000025.683, 151
Trd, 000027.250, 139
Trd, 000027.800, 139
Trd, 000028.133, 138
Trd, 000028.233, 140
Trd, 000028.250, 133
Trd, 000028.833, 140
Trd, 000031.517, 139
Trd, 000031.850, 139
Trd, 000032.250, 141
Trd, 000032.850, 141
Trd, 000033.017, 142
Trd, 000034.183, 141
Trd, 000034.483, 142
Trd, 000034.983, 144
Trd, 000035.217, 150
Trd, 000035.450, 150
Trd, 000035.850, 149
Trd, 000036.133, 151
Trd, 000036.300, 150
Trd, 000037.567, 152
Trd, 000037.683, 152
Trd, 000038.450, 152
Trd, 000039.167, 131
Trd, 000039.833, 146
Trd, 000040.733, 146
Trd, 000041.250, 147
Trd, 000042.150, 150
Trd, 000042.167, 147
Trd, 000042.767, 150
Trd, 000043.383, 148
Trd, 000043.600, 147
Trd, 000044.217, 151
Trd, 000044.683, 151
Trd, 000045.017, 151
Trd, 000045.183, 147
Trd, 000045.817, 152
Trd, 000047.833, 149
Trd, 000048.100, 150
Trd, 000049.350, 150
Trd, 000050.033, 149
Trd, 000050.067, 148
Trd, 000050.883, 149
Trd, 000051.433, 150
Trd, 000051.717, 150
Trd, 000051.817, 148
Trd, 000052.533, 148
Trd, 000053.183, 148
Trd, 000053.917, 148
Trd, 000055.167, 148
Trd, 000055.250, 145
Trd, 000056.300, 152
Trd, 000057.150, 147
Trd, 000058.233, 149
Trd, 000058.267, 151
Trd, 000058.717, 149
Trd, 000059.183, 148
Trd, 000059.700, 149
Trd, 000060.200, 149
Trd, 000060.467, 146
Trd, 000060.617, 150
Trd, 000062.133, 149
Trd, 000063.100, 149
Trd, 000063.950, 150
Trd, 000064.150, 150
Trd, 000064.350, 149
Trd, 000064.617, 148
Trd, 000065.167, 147
Trd, 000066.100, 137
Trd, 000066.850, 145
Trd, 000067.033, 145
Trd, 000068.533, 144
Trd, 000068.883, 146
Trd, 000069.000, 144
Trd, 000070.267, 144
Trd, 000070.900, 145
Trd, 000071.150, 146
Trd, 000071.650, 148
Trd, 000071.817, 155
Trd, 000073.617, 151
Trd, 000073.667, 152
Trd, 000074.350, 150
Trd, 000074.500, 152
Trd, 000074.717, 149
Trd, 000075.550, 149
Trd, 000076.350, 150
Trd, 000076.883, 149
Trd, 000077.550, 150
Trd, 000077.983, 150
Trd, 000079.300, 146
Trd, 000079.383, 141
Trd, 000079.533, 147
Trd, 000079.750, 148
Trd, 000080.350, 145
Trd, 000080.800, 146
Trd, 000082.667, 145
Trd, 000082.950, 142
Trd, 000083.383, 155
Trd, 000084.033, 143
Trd, 000084.333, 150
Trd, 000084.450, 150
Trd, 000085.217, 155
Trd, 000087.400, 150
Trd, 000087.717, 147
Trd, 000088.217, 153
Trd, 000088.933, 149
Trd, 000089.683, 151
Trd, 000090.100, 157
Trd, 000091.267, 154
Trd, 000092.500, 155
Trd, 000092.883, 155
Trd, 000094.383, 154
Trd, 000094.500, 155
Trd, 000095.300, 155
Trd, 000095.600, 156
Trd, 000096.050, 151
Trd, 000096.267, 157
Trd, 000096.367, 150
Trd, 000097.617, 158
Trd, 000097.983, 160
Trd, 000098.617, 151
Trd, 000099.333, 156
Trd, 000099.600, 158
Trd, 000102.400, 156
Trd, 000102.967, 157
Trd, 000103.583, 155
Trd, 000103.700, 156
Trd, 000103.750, 155
Trd, 000104.450, 155
Trd, 000105.167, 156
Trd, 000106.300, 155
Trd, 000106.683, 154
Trd, 000107.950, 154
Trd, 000109.167, 156
Trd, 000109.350, 156
Trd, 000109.483, 159
Trd, 000109.917, 154
Trd, 000110.050, 152
Trd, 000110.300, 162
Trd, 000112.167, 154
Trd, 000112.517, 153
Trd, 000113.033, 152
Trd, 000113.367, 155
Trd, 000113.633, 155
Trd, 000114.600, 142
Trd, 000115.033, 151
Trd, 000116.117, 146
Trd, 000116.750, 148
Trd, 000117.433, 152
Trd, 000118.150, 147
Trd, 000118.833, 154
Trd, 000119.750, 147
Trd, 000119.933, 146
Trd, 000120.100, 152
Trd, 000120.817, 146
Trd, 000121.033, 147
Trd, 000121.667, 150
Trd, 000121.950, 156
Trd, 000122.017, 146
Trd, 000122.367, 155
Trd, 000123.000, 154
Trd, 000123.283, 155
Trd, 000123.717, 155
Trd, 000125.617, 156
Trd, 000126.150, 155
Trd, 000127.867, 155
Trd, 000127.967, 153
Trd, 000128.133, 149
Trd, 000128.750, 151
Trd, 000130.333, 154
Trd, 000130.700, 149
Trd, 000131.150, 153
Trd, 000131.350, 154
Trd, 000132.150, 154
Trd, 000132.583, 152
Trd, 000132.950, 151
Trd, 000133.317, 150
Trd, 000133.833, 152
Trd, 000134.883, 152
Trd, 000135.250, 152
Trd, 000135.267, 150
Trd, 000135.283, 149
Trd, 000136.233, 161
Trd, 000136.567, 148
Trd, 000138.000, 149
Trd, 000138.500, 149
Trd, 000138.900, 150
Trd, 000139.483, 149
Trd, 000140.317, 150
Trd, 000141.167, 148
Trd, 000141.467, 152
Trd, 000141.633, 145
Trd, 000142.400, 150
Trd, 000142.883, 148
Trd, 000143.750, 157
Trd, 000143.800, 156
Trd, 000144.217, 158
Trd, 000145.000, 160
Trd, 000146.017, 155
Trd, 000147.067, 162
Trd, 000148.150, 156
Trd, 000148.517, 155
Trd, 000149.100, 157
Trd, 000149.383, 157
Trd, 000149.717, 156
Trd, 000150.717, 156
Trd, 000151.133, 156
Trd, 000152.400, 157
Trd, 000152.750, 156
Trd, 000153.450, 155
Trd, 000153.600, 156
Trd, 000153.983, 156
Trd, 000154.183, 157
Trd, 000154.767, 157
Trd, 000155.333, 156
Trd, 000155.550, 163
Trd, 000156.833, 155
Trd, 000157.100, 157
Trd, 000157.950, 155
Trd, 000158.167, 152
Trd, 000158.467, 155
Trd, 000159.183, 150
Trd, 000159.650, 156
Trd, 000160.300, 153
Trd, 000160.767, 149
Trd, 000160.900, 153
Trd, 000161.000, 150
Trd, 000161.850, 155
Trd, 000163.450, 156
Trd, 000163.800, 156
Trd, 000164.000, 158
Trd, 000164.967, 160
Trd, 000165.267, 159
Trd, 000165.967, 159
Trd, 000166.200, 164
Trd, 000166.750, 157
Trd, 000166.800, 155
Trd, 000167.600, 179
Trd, 000167.683, 159
Trd, 000167.833, 159
Trd, 000169.250, 149
Trd, 000169.350, 154
Trd, 000169.567, 154
Trd, 000169.833, 159
Trd, 000170.783, 153
Trd, 000171.150, 155
Trd, 000171.767, 165
Trd, 000172.200, 164
Trd, 000172.650, 153
Trd, 000173.317, 175
Trd, 000174.000, 170
Trd, 000174.567, 180
Trd, 000174.733, 179
Trd, 000175.033, 179
Trd, 000175.117, 171
Trd, 000175.917, 169
Trd, 000177.700, 159
Trd, 000178.050, 169
Trd, 000178.133, 172
Trd, 000178.300, 160
Trd, 000179.833, 159
Trd, 000180.300, 161
Trd, 000180.433, 169
Trd, 000181.833, 162
Trd, 000182.267, 161
Trd, 000182.300, 162
Trd, 000182.950, 150
Trd, 000183.450, 148
Trd, 000184.333, 164
Trd, 000185.200, 161
Trd, 000185.550, 163
Trd, 000186.150, 155
Trd, 000189.067, 158
Trd, 000189.100, 159
Trd, 000189.667, 160
Trd, 000190.017, 158
Trd, 000190.167, 160
Trd, 000190.217, 161
Trd, 000190.633, 156
Trd, 000191.033, 160
Trd, 000191.250, 150
Trd, 000193.733, 165
Trd, 000193.800, 158
Trd, 000194.150, 167
Trd, 000194.633, 160
Trd, 000195.117, 164
Trd, 000195.133, 168
Trd, 000195.417, 158
Trd, 000197.167, 160
Trd, 000198.100, 161
Trd, 000198.567, 164
Trd, 000198.633, 163
Trd, 000198.817, 161
Trd, 000200.133, 165
Trd, 000200.433, 162
Trd, 000200.717, 165
Trd, 000201.950, 164
Trd, 000202.767, 163
Trd, 000203.033, 159
Trd, 000203.050, 165
Trd, 000203.500, 166
Trd, 000203.550, 167
Trd, 000205.683, 164
Trd, 000206.067, 163
Trd, 000206.783, 161
Trd, 000208.250, 152
Trd, 000208.817, 151
Trd, 000209.133, 163
Trd, 000209.600, 162
Trd, 000210.000, 163
Trd, 000210.150, 162
Trd, 000210.233, 169
Trd, 000211.550, 166
Trd, 000211.617, 162
Trd, 000212.567, 162
Trd, 000213.317, 163
Trd, 000213.983, 167
Trd, 000214.050, 169
Trd, 000214.117, 162
Trd, 000214.833, 167
Trd, 000216.833, 166
Trd, 000217.183, 167
Trd, 000217.783, 167
Trd, 000219.100, 166
Trd, 000219.150, 165
Trd, 000219.583, 166
Trd, 000219.867, 165
Trd, 000220.083, 166
Trd, 000220.550, 149
Trd, 000222.533, 159
Trd, 000222.717, 159
Trd, 000224.067, 160
Trd, 000224.400, 160
Trd, 000224.783, 170
Trd, 000225.700, 161
Trd, 000225.867, 166
Trd, 000227.067, 165
Trd, 000227.100, 163
Trd, 000227.233, 176
Trd, 000228.350, 162
Trd, 000229.467, 163
Trd, 000230.250, 163
Trd, 000230.633, 163
Trd, 000231.233, 163
Trd, 000231.417, 162
Trd, 000232.900, 161
Trd, 000233.433, 163
Trd, 000234.350, 170
Trd, 000234.700, 169
Trd, 000234.717, 171
Trd, 000235.983, 161
Trd, 000236.367, 163
Trd, 000236.800, 163
Trd, 000236.883, 162
Trd, 000237.050, 165
Trd, 000237.333, 161
Trd, 000239.200, 167
Trd, 000240.250, 169
Trd, 000240.333, 172
Trd, 000240.583, 172
Trd, 000240.667, 172
Trd, 000241.467, 171
Trd, 000241.683, 170
Trd, 000241.783, 174
Trd, 000241.833, 169
Trd, 000242.067, 174
Trd, 000242.367, 162
Trd, 000242.667, 161
Trd, 000242.833, 177
Trd, 000244.617, 171
Trd, 000245.250, 169
Trd, 000245.617, 170
Trd, 000246.400, 168
Trd, 000246.567, 171
Trd, 000246.767, 172
Trd, 000246.800, 172
Trd, 000247.150, 169
Trd, 000247.450, 173
Trd, 000247.883, 175
Trd, 000248.450, 180
Trd, 000249.050, 182
Trd, 000249.100, 180
Trd, 000249.817, 183
Trd, 000249.850, 177
Trd, 000251.350, 181
Trd, 000251.517, 185
Trd, 000252.433, 180
Trd, 000253.083, 179
Trd, 000253.333, 179
Trd, 000253.950, 177
Trd, 000254.200, 175
Trd, 000254.417, 176
Trd, 000255.433, 176
Trd, 000255.967, 176
Trd, 000256.117, 176
Trd, 000256.233, 175
Trd, 000256.317, 174
Trd, 000256.833, 175
Trd, 000257.517, 176
Trd, 000258.667, 174
Trd, 000258.767, 172
Trd, 000259.033, 175
Trd, 000259.550, 170
Trd, 000259.783, 176
Trd, 000259.900, 173
Trd, 000260.083, 178
Trd, 000260.250, 180
Trd, 000260.500, 173
Trd, 000261.117, 176
Trd, 000262.000, 178
Trd, 000262.250, 177
Trd, 000262.433, 171
Trd, 000262.783, 173
Trd, 000263.117, 181
Trd, 000264.683, 175
Trd, 000264.800, 178
Trd, 000264.833, 173
Trd, 000264.933, 181
Trd, 000266.317, 174
Trd, 000266.733, 173
Trd, 000266.750, 171
Trd, 000266.817, 174
Trd, 000267.867, 175
Trd, 000267.900, 175
Trd, 000268.283, 177
Trd, 000269.167, 175
Trd, 000269.933, 179
Trd, 000270.683, 177
Trd, 000271.000, 178
Trd, 000271.033, 180
Trd, 000271.250, 176
Trd, 000271.683, 180
Trd, 000272.667, 176
Trd, 000273.450, 174
Trd, 000274.517, 175
Trd, 000274.617, 176
Trd, 000274.950, 178
Trd, 000275.517, 176
Trd, 000276.433, 177
Trd, 000276.650, 178
Trd, 000276.800, 176
Trd, 000276.933, 177
Trd, 000276.983, 179
Trd, 000277.033, 175
Trd, 000279.167, 180
Trd, 000279.450, 179
Trd, 000279.583, 179
Trd, 000280.100, 179
Trd, 000280.117, 183
Trd, 000280.333, 184
Trd, 000280.783, 182
Trd, 000281.033, 181
Trd, 000281.400, 183
Trd, 000281.700, 185
Trd, 000281.783, 185
Trd, 000282.433, 183
Trd, 000282.767, 186
Trd, 000283.333, 186
Trd, 000283.467, 177
Trd, 000283.833, 177
Trd, 000285.167, 181
Trd, 000285.600, 179
Trd, 000285.650, 182
Trd, 000286.333, 172
Trd, 000286.633, 180
Trd, 000287.167, 179
Trd, 000287.483, 179
Trd, 000287.783, 181
Trd, 000288.233, 183
Trd, 000288.617, 177
Trd, 000288.850, 182
Trd, 000289.283, 177
Trd, 000290.917, 177
Trd, 000291.183, 178
Trd, 000291.733, 177
Trd, 000291.983, 175
Trd, 000292.367, 173
Trd, 000292.850, 178
Trd, 000293.850, 179
Trd, 000294.117, 180
Trd, 000294.400, 176
Trd, 000295.133, 177
Trd, 000295.200, 173
Trd, 000295.250, 178
Trd, 000296.800, 176
Trd, 000297.150, 174
Trd, 000297.567, 177
Trd, 000297.650, 177
Trd, 000298.050, 176
Trd, 000298.367, 177
Trd, 000299.667, 176
Trd, 000299.950, 177
