Trd, 000002.850, 179
Trd, 000003.183, 162
Trd, 000003.300, 155
Trd, 000003.733, 154
Trd, 000003.750, 148
Trd, 000003.783, 141
Trd, 000006.967, 166
Trd, 000007.433, 165
Trd, 000007.467, 166
Trd, 000008.050, 163
Trd, 000009.583, 159
Trd, 000010.183, 157
Trd, 000010.217, 157
Trd, 000010.267, 158
Trd, 000010.583, 160
Trd, 000011.933, 149
Trd, 000012.467, 189
Trd, 000013.950, 159
Trd, 000015.367, 158
Trd, 000015.567, 161
Trd, 000016.167, 157
Trd, 000018.233, 157
Trd, 000018.550, 156
Trd, 000018.817, 142
Trd, 000019.050, 158
Trd, 000019.383, 158
Trd, 000020.633, 159
Trd, 000020.750, 154
Trd, 000022.483, 156
Trd, 000022.533, 153
Trd, 000023.067, 159
Trd, 000023.650, 158
Trd, 000024.433, 157
Trd, 000024.617, 159
Trd, 000025.067, 159
Trd, 000025.283, 159
Trd, 000025.650, 160
Trd, 000028.050, 164
Trd, 000028.433, 158
Trd, 000028.667, 157
Trd, 000028.850, 150
Trd, 000029.083, 165
Trd, 000030.283, 168
Trd, 000030.700, 162
Trd, 000030.833, 161
Trd, 000031.817, 170
Trd, 000031.900, 171
Trd, 000032.583, 165
Trd, 000034.217, 162
Trd, 000035.400, 162
Trd, 000035.833, 161
Trd, 000036.683, 159
Trd, 000036.900, 160
Trd, 000037.467, 161
Trd, 000038.100, 155
Trd, 000038.667, 151
Trd, 000039.367, 161
Trd, 000039.417, 143
Trd, 000040.383, 161
Trd, 000040.967, 162
Trd, 000041.600, 162
Trd, 000041.667, 162
Trd, 000041.800, 163
Trd, 000043.083, 161
Trd, 000043.400, 152
Trd, 000043.650, 166
Trd, 000043.767, 152
Trd, 000043.950, 149
Trd, 000045.183, 162
Trd, 000045.600, 162
Trd, 000045.683, 165
Trd, 000046.467, 159
Trd, 000047.283, 164
Trd, 000047.617, 164
Trd, 000049.817, 164
Trd, 000050.067, 163
Trd, 000051.067, 163
Trd, 000051.150, 162
Trd, 000051.583, 164
Trd, 000051.850, 163
Trd, 000052.983, 163
Trd, 000054.100, 163
Trd, 000054.233, 165
Trd, 000054.600, 167
Trd, 000054.867, 162
Trd, 000055.383, 162
Trd, 000055.533, 160
Trd, 000056.700, 164
Trd, 000057.683, 163
Trd, 000057.733, 160
Trd, 000057.950, 163
Trd, 000059.200, 158
Trd, 000059.850, 164
Trd, 000060.150, 169
Trd, 000061.500, 161
Trd, 000062.133, 164
Trd, 000062.600, 154
Trd, 000063.233, 161
Trd, 000064.100, 160
Trd, 000064.917, 162
Trd, 000065.400, 163
Trd, 000065.917, 157
Trd, 000067.100, 158
Trd, 000067.917, 158
Trd, 000067.933, 159
Trd, 000067.950, 162
Trd, 000068.767, 163
Trd, 000069.433, 162
Trd, 000069.633, 155
Trd, 000070.017, 166
Trd, 000070.300, 169
Trd, 000070.433, 147
Trd, 000071.700, 171
Trd, 000071.750, 170
Trd, 000071.883, 173
Trd, 000072.583, 165
Trd, 000073.900, 159
Trd, 000074.167, 167
Trd, 000075.083, 159
Trd, 000075.383, 159
Trd, 000075.417, 158
Trd, 000077.533, 158
Trd, 000078.183, 156
Trd, 000079.033, 156
Trd, 000079.217, 156
Trd, 000080.233, 159
Trd, 000080.550, 156
Trd, 000081.000, 156
Trd, 000081.233, 155
Trd, 000081.733, 162
Trd, 000082.233, 154
Trd, 000083.000, 163
Trd, 000084.083, 161
Trd, 000084.183, 166
Trd, 000084.267, 176
Trd, 000084.833, 151
Trd, 000085.600, 150
Trd, 000085.850, 157
Trd, 000086.667, 161
Trd, 000087.750, 162
Trd, 000088.517, 157
Trd, 000089.133, 153
Trd, 000090.800, 164
Trd, 000090.983, 156
Trd, 000091.367, 162
Trd, 000091.700, 161
Trd, 000092.117, 156
Trd, 000092.717, 160
Trd, 000093.783, 151
Trd, 000094.100, 157
Trd, 000094.300, 160
Trd, 000095.283, 164
Trd, 000095.967, 166
Trd, 000095.983, 153
Trd, 000096.383, 161
Trd, 000096.517, 155
Trd, 000097.500, 171
Trd, 000098.250, 168
Trd, 000099.767, 165
Trd, 000100.483, 165
Trd, 000102.483, 163
Trd, 000103.283, 166
Trd, 000103.383, 165
Trd, 000103.767, 164
Trd, 000103.883, 164
Trd, 000104.350, 165
Trd, 000104.750, 165
Trd, 000105.733, 162
Trd, 000107.083, 162
Trd, 000107.217, 165
Trd, 000107.267, 166
Trd, 000107.850, 166
Trd, 000108.050, 168
Trd, 000108.500, 169
Trd, 000108.633, 160
Trd, 000108.667, 159
Trd, 000111.317, 159
Trd, 000112.100, 168
Trd, 000112.617, 164
Trd, 000112.967, 169
Trd, 000113.517, 163
Trd, 000113.867, 163
Trd, 000114.733, 172
Trd, 000114.967, 170
Trd, 000115.733, 171
Trd, 000115.767, 166
Trd, 000116.067, 172
Trd, 000117.050, 171
Trd, 000117.783, 171
Trd, 000118.133, 172
Trd, 000119.017, 171
Trd, 000119.083, 170
Trd, 000119.683, 169
Trd, 000120.067, 167
Trd, 000120.800, 171
Trd, 000121.150, 169
Trd, 000121.333, 170
Trd, 000122.283, 168
Trd, 000123.717, 168
Trd, 000123.917, 169
Trd, 000124.183, 169
Trd, 000125.833, 167
Trd, 000126.117, 171
Trd, 000126.767, 170
Trd, 000126.983, 171
Trd, 000127.133, 172
Trd, 000127.867, 169
Trd, 000129.800, 167
Trd, 000130.467, 154
Trd, 000130.517, 170
Trd, 000130.950, 168
Trd, 000132.333, 163
Trd, 000133.167, 161
Trd, 000134.100, 166
Trd, 000134.350, 169
Trd, 000134.367, 171
Trd, 000135.067, 175
Trd, 000136.233, 167
Trd, 000136.250, 168
Trd, 000136.750, 170
Trd, 000136.800, 167
Trd, 000136.933, 165
Trd, 000137.317, 172
Trd, 000138.367, 161
Trd, 000139.300, 170
Trd, 000139.350, 169
Trd, 000141.050, 162
Trd, 000141.567, 168
Trd, 000142.250, 154
Trd, 000142.700, 166
Trd, 000142.983, 166
Trd, 000143.233, 169
Trd, 000144.483, 162
Trd, 000145.350, 162
Trd, 000145.433, 161
Trd, 000146.067, 167
Trd, 000146.317, 159
Trd, 000146.350, 165
Trd, 000148.283, 157
Trd, 000148.917, 158
Trd, 000149.567, 171
Trd, 000149.583, 172
Trd, 000151.017, 169
Trd, 000151.383, 167
Trd, 000151.483, 160
Trd, 000152.217, 172
Trd, 000152.517, 171
Trd, 000152.917, 164
Trd, 000152.983, 173
Trd, 000153.283, 163
Trd, 000153.400, 156
Trd, 000153.467, 155
Trd, 000154.233, 175
Trd, 000154.983, 175
Trd, 000156.000, 174
Trd, 000156.767, 163
Trd, 000156.833, 170
Trd, 000157.367, 171
Trd, 000157.800, 166
Trd, 000158.100, 164
Trd, 000159.200, 173
Trd, 000160.083, 165
Trd, 000160.567, 164
Trd, 000160.800, 164
Trd, 000161.217, 173
Trd, 000161.417, 171
Trd, 000163.117, 171
Trd, 000163.133, 171
Trd, 000163.167, 171
Trd, 000163.833, 171
Trd, 000164.900, 171
Trd, 000165.833, 168
Trd, 000166.233, 164
Trd, 000166.350, 164
Trd, 000166.467, 162
Trd, 000167.050, 169
Trd, 000167.933, 168
Trd, 000168.000, 162
Trd, 000168.217, 158
Trd, 000169.500, 169
Trd, 000170.467, 165
Trd, 000170.717, 167
Trd, 000171.633, 167
Trd, 000171.750, 168
Trd, 000172.533, 172
Trd, 000172.783, 175
Trd, 000172.833, 179
Trd, 000173.467, 165
Trd, 000173.850, 164
Trd, 000174.483, 160
Trd, 000174.967, 172
Trd, 000175.283, 170
Trd, 000175.917, 160
Trd, 000176.017, 172
Trd, 000176.233, 158
Trd, 000176.367, 154
Trd, 000177.083, 173
Trd, 000178.000, 175
Trd, 000178.250, 175
Trd, 000178.800, 176
Trd, 000179.667, 160
Trd, 000180.450, 157
Trd, 000180.917, 170
Trd, 000181.550, 162
Trd, 000182.267, 172
Trd, 000182.783, 175
Trd, 000183.983, 180
Trd, 000184.300, 165
Trd, 000186.200, 174
Trd, 000186.517, 174
Trd, 000186.533, 170
Trd, 000186.983, 175
Trd, 000187.300, 171
Trd, 000187.400, 166
Trd, 000187.450, 165
Trd, 000187.467, 177
Trd, 000189.500, 172
Trd, 000190.217, 159
Trd, 000190.700, 174
Trd, 000190.917, 177
Trd, 000191.200, 167
Trd, 000191.333, 165
Trd, 000192.450, 165
Trd, 000192.583, 165
Trd, 000192.617, 166
Trd, 000193.183, 164
Trd, 000193.233, 166
Trd, 000193.500, 158
Trd, 000193.683, 156
Trd, 000194.717, 167
Trd, 000194.750, 159
Trd, 000196.083, 166
Trd, 000196.250, 168
Trd, 000196.333, 178
Trd, 000197.033, 177
Trd, 000197.100, 160
Trd, 000198.700, 178
Trd, 000199.483, 172
Trd, 000200.183, 175
Trd, 000200.450, 175
Trd, 000202.150, 171
Trd, 000202.250, 170
Trd, 000202.350, 175
Trd, 000202.950, 174
Trd, 000203.867, 174
Trd, 000204.117, 178
Trd, 000204.667, 162
Trd, 000204.850, 179
Trd, 000206.433, 167
Trd, 000206.667, 176
Trd, 000207.050, 177
Trd, 000207.367, 178
Trd, 000208.100, 176
Trd, 000208.300, 183
Trd, 000209.683, 175
Trd, 000211.300, 178
Trd, 000211.567, 177
Trd, 000211.700, 178
Trd, 000212.300, 179
Trd, 000212.967, 176
Trd, 000213.850, 175
Trd, 000214.067, 182
Trd, 000215.517, 176
Trd, 000215.867, 174
Trd, 000216.400, 177
Trd, 000216.767, 178
Trd, 000218.317, 174
Trd, 000220.100, 178
Trd, 000220.483, 178
Trd, 000220.550, 179
Trd, 000221.100, 180
Trd, 000221.633, 177
Trd, 000222.467, 178
Trd, 000223.267, 177
Trd, 000223.633, 178
Trd, 000223.733, 178
Trd, 000223.917, 179
Trd, 000224.150, 180
Trd, 000224.283, 176
Trd, 000224.800, 169
Trd, 000225.283, 188
Trd, 000225.900, 159
Trd, 000227.600, 166
Trd, 000228.067, 185
Trd, 000228.117, 186
Trd, 000228.783, 180
Trd, 000228.800, 165
Trd, 000229.683, 163
Trd, 000230.233, 168
Trd, 000230.667, 177
Trd, 000232.267, 177
Trd, 000233.233, 177
Trd, 000233.850, 165
Trd, 000234.133, 178
Trd, 000234.367, 185
Trd, 000234.783, 179
Trd, 000235.583, 178
Trd, 000236.717, 174
Trd, 000236.733, 179
Trd, 000236.950, 179
Trd, 000237.767, 174
Trd, 000238.450, 184
Trd, 000239.133, 173
Trd, 000239.667, 185
Trd, 000239.767, 175
Trd, 000240.150, 182
Trd, 000240.167, 185
Trd, 000241.233, 178
Trd, 000241.983, 176
Trd, 000242.200, 177
Trd, 000242.250, 175
Trd, 000242.350, 172
Trd, 000242.617, 168
Trd, 000242.767, 161
Trd, 000242.900, 178
Trd, 000243.883, 178
Trd, 000244.467, 176
Trd, 000245.117, 174
Trd, 000245.383, 171
Trd, 000245.817, 175
Trd, 000246.667, 186
Trd, 000246.883, 175
Trd, 000246.983, 171
Trd, 000247.433, 169
Trd, 000247.650, 176
Trd, 000247.783, 182
Trd, 000248.400, 183
Trd, 000249.017, 175
Trd, 000249.250, 182
Trd, 000249.983, 178
Trd, 000250.317, 177
Trd, 000250.467, 181
Trd, 000251.350, 178
Trd, 000251.917, 175
Trd, 000252.033, 173
Trd, 000252.550, 174
Trd, 000253.067, 178
Trd, 000253.700, 180
Trd, 000254.317, 177
Trd, 000254.950, 183
Trd, 000255.333, 176
Trd, 000255.417, 177
Trd, 000255.550, 179
Trd, 000256.050, 169
Trd, 000256.517, 167
Trd, 000256.767, 173
Trd, 000256.817, 179
Trd, 000257.167, 181
Trd, 000257.183, 182
Trd, 000257.900, 181
Trd, 000258.450, 177
Trd, 000258.617, 177
Trd, 000258.800, 178
Trd, 000259.717, 182
Trd, 000260.583, 179
Trd, 000260.783, 176
Trd, 000261.617, 174
Trd, 000262.000, 181
Trd, 000262.083, 184
Trd, 000263.167, 178
Trd, 000263.817, 174
Trd, 000264.283, 170
Trd, 000264.483, 176
Trd, 000264.800, 170
Trd, 000265.300, 171
Trd, 000265.933, 167
Trd, 000266.367, 168
Trd, 000266.417, 173
Trd, 000266.900, 175
Trd, 000267.150, 171
Trd, 000268.817, 175
Trd, 000268.933, 179
Trd, 000269.167, 182
Trd, 000269.733, 180
Trd, 000269.817, 180
Trd, 000270.200, 180
Trd, 000270.567, 180
Trd, 000270.850, 179
Trd, 000271.300, 183
Trd, 000271.633, 178
Trd, 000271.867, 171
Trd, 000272.100, 180
Trd, 000272.417, 167
Trd, 000273.683, 176
Trd, 000274.183, 176
Trd, 000274.967, 172
Trd, 000275.217, 177
Trd, 000276.383, 182
Trd, 000276.450, 185
Trd, 000276.700, 178
Trd, 000277.117, 179
Trd, 000277.733, 181
Trd, 000278.967, 176
Trd, 000279.233, 176
Trd, 000279.617, 179
Trd, 000279.633, 180
Trd, 000279.767, 175
Trd, 000279.883, 183
Trd, 000280.433, 183
Trd, 000281.183, 179
Trd, 000281.350, 168
Trd, 000281.467, 178
Trd, 000282.050, 177
Trd, 000282.267, 181
Trd, 000282.750, 176
Trd, 000283.067, 184
Trd, 000283.600, 183
Trd, 000284.083, 174
Trd, 000285.150, 181
Trd, 000285.233, 182
Trd, 000285.617, 178
Trd, 000286.450, 178
Trd, 000286.567, 185
Trd, 000287.133, 179
Trd, 000287.717, 183
Trd, 000288.400, 184
Trd, 000288.767, 180
Trd, 000288.967, 184
Trd, 000289.267, 186
Trd, 000289.333, 179
Trd, 000289.850, 177
Trd, 000289.917, 173
Trd, 000290.367, 184
Trd, 000290.983, 186
Trd, 000291.017, 186
Trd, 000291.567, 189
Trd, 000293.000, 171
Trd, 000293.300, 174
Trd, 000293.533, 169
Trd, 000293.567, 176
Trd, 000294.500, 183
Trd, 000295.233, 175
Trd, 000295.250, 173
Trd, 000295.367, 171
Trd, 000295.450, 183
Trd, 000295.617, 184
Trd, 000295.700, 167
Trd, 000295.767, 166
Trd, 000297.050, 171
Trd, 000297.083, 185
Trd, 000297.867, 185
Trd, 000298.633, 182
Trd, 000298.900, 174
Trd, 000298.950, 168
Trd, 000299.117, 185
Trd, 000299.183, 166
Trd, 000299.250, 186
Trd, 000299.333, 188
Trd, 000299.900, 168
Trd, 000299.917, 189
