Trd, 000001.383, 132
Trd, 000003.250, 134
Trd, 000004.233, 137
Trd, 000004.433, 135
Trd, 000004.917, 148
Trd, 000005.183, 144
Trd, 000005.200, 133
Trd, 000005.450, 140
Trd, 000007.267, 144
Trd, 000007.600, 145
Trd, 000007.783, 146
Trd, 000008.033, 154
Trd, 000008.050, 146
Trd, 000008.217, 156
Trd, 000008.917, 141
Trd, 000009.467, 137
Trd, 000010.150, 145
Trd, 000010.400, 142
Trd, 000010.850, 151
Trd, 000011.267, 156
Trd, 000013.033, 154
Trd, 000014.050, 149
Trd, 000015.000, 151
Trd, 000015.100, 154
Trd, 000015.500, 155
Trd, 000015.817, 151
Trd, 000015.917, 161
Trd, 000016.000, 145
Trd, 000016.600, 148
Trd, 000017.117, 159
Trd, 000018.333, 148
Trd, 000019.733, 164
Trd, 000020.567, 159
Trd, 000021.250, 160
Trd, 000021.400, 159
Trd, 000022.300, 162
Trd, 000022.700, 145
Trd, 000023.100, 146
Trd, 000023.117, 174
Trd, 000024.100, 161
Trd, 000024.333, 142
Trd, 000024.833, 136
Trd, 000025.417, 142
Trd, 000026.900, 145
Trd, 000027.433, 146
Trd, 000027.717, 140
Trd, 000027.800, 145
Trd, 000029.150, 139
Trd, 000030.300, 138
Trd, 000030.467, 140
Trd, 000031.383, 142
Trd, 000031.500, 143
Trd, 000031.667, 148
Trd, 000032.817, 141
Trd, 000033.317, 151
Trd, 000034.550, 152
Trd, 000035.200, 169
Trd, 000035.483, 154
Trd, 000035.767, 159
Trd, 000036.000, 155
Trd, 000037.267, 148
Trd, 000038.033, 141
Trd, 000038.483, 146
Trd, 000038.850, 159
Trd, 000039.017, 159
Trd, 000039.367, 148
Trd, 000040.217, 155
Trd, 000040.317, 152
Trd, 000040.783, 151
Trd, 000042.433, 144
Trd, 000042.617, 150
Trd, 000043.433, 152
Trd, 000043.450, 150
Trd, 000044.350, 152
Trd, 000044.900, 151
Trd, 000045.383, 148
Trd, 000045.583, 150
Trd, 000045.833, 172
Trd, 000048.083, 160
Trd, 000048.417, 163
Trd, 000049.383, 162
Trd, 000050.233, 160
Trd, 000050.400, 163
Trd, 000050.617, 159
Trd, 000050.750, 164
Trd, 000051.750, 149
Trd, 000051.867, 145
Trd, 000052.000, 140
Trd, 000053.050, 142
Trd, 000053.417, 167
Trd, 000054.217, 171
Trd, 000054.383, 169
Trd, 000054.717, 168
Trd, 000055.350, 163
Trd, 000055.600, 163
Trd, 000056.883, 163
Trd, 000057.617, 162
Trd, 000058.717, 161
Trd, 000058.767, 163
Trd, 000059.183, 161
Trd, 000060.650, 160
Trd, 000061.217, 150
Trd, 000061.317, 158
Trd, 000061.917, 153
Trd, 000061.933, 154
Trd, 000062.700, 153
Trd, 000063.800, 155
Trd, 000065.300, 154
Trd, 000065.750, 153
Trd, 000065.800, 154
Trd, 000067.400, 153
Trd, 000068.567, 151
Trd, 000068.783, 152
Trd, 000068.850, 151
Trd, 000069.600, 154
Trd, 000069.867, 154
Trd, 000069.883, 155
Trd, 000070.000, 167
Trd, 000071.200, 148
Trd, 000073.150, 157
Trd, 000073.383, 158
Trd, 000074.200, 156
Trd, 000074.867, 151
Trd, 000075.200, 156
Trd, 000075.850, 150
Trd, 000076.817, 153
Trd, 000077.133, 153
Trd, 000077.400, 155
Trd, 000077.483, 149
Trd, 000078.033, 152
Trd, 000078.467, 155
Trd, 000079.400, 167
Trd, 000080.050, 153
Trd, 000080.217, 165
Trd, 000080.333, 152
Trd, 000081.683, 153
Trd, 000082.150, 158
Trd, 000082.183, 158
Trd, 000082.633, 152
Trd, 000082.667, 162
Trd, 000083.433, 149
Trd, 000083.667, 161
Trd, 000083.800, 148
Trd, 000084.317, 170
Trd, 000085.467, 147
Trd, 000085.817, 164
Trd, 000085.867, 148
Trd, 000086.533, 163
Trd, 000087.300, 164
Trd, 000088.733, 154
Trd, 000088.917, 157
Trd, 000089.933, 157
Trd, 000090.917, 157
Trd, 000091.550, 157
Trd, 000092.050, 169
Trd, 000092.417, 156
Trd, 000093.867, 167
Trd, 000094.183, 171
Trd, 000095.083, 166
Trd, 000096.150, 166
Trd, 000096.483, 164
Trd, 000097.400, 163
Trd, 000097.567, 165
Trd, 000097.817, 166
Trd, 000099.750, 165
Trd, 000099.967, 168
Trd, 000100.267, 156
Trd, 000100.333, 154
Trd, 000101.783, 159
Trd, 000102.883, 161
Trd, 000104.350, 163
Trd, 000105.000, 162
Trd, 000105.067, 161
Trd, 000106.033, 159
Trd, 000106.317, 159
Trd, 000107.100, 160
Trd, 000107.750, 164
Trd, 000107.867, 172
Trd, 000108.650, 161
Trd, 000109.350, 166
Trd, 000110.217, 158
Trd, 000110.250, 173
Trd, 000110.600, 155
Trd, 000110.617, 151
Trd, 000112.867, 163
Trd, 000113.150, 156
Trd, 000113.800, 163
Trd, 000114.433, 161
Trd, 000114.600, 158
Trd, 000114.900, 157
Trd, 000116.283, 160
Trd, 000116.967, 155
Trd, 000117.483, 152
Trd, 000119.033, 157
Trd, 000119.233, 153
Trd, 000119.733, 154
Trd, 000119.983, 160
Trd, 000120.367, 161
Trd, 000120.583, 183
Trd, 000121.867, 160
Trd, 000122.083, 159
Trd, 000122.633, 158
Trd, 000123.333, 163
Trd, 000123.517, 162
Trd, 000123.533, 156
Trd, 000123.883, 152
Trd, 000124.233, 156
Trd, 000124.250, 173
Trd, 000125.017, 167
Trd, 000125.883, 164
Trd, 000126.783, 163
Trd, 000127.533, 159
Trd, 000127.967, 151
Trd, 000128.367, 161
Trd, 000128.383, 162
Trd, 000129.000, 157
Trd, 000130.200, 155
Trd, 000130.417, 161
Trd, 000131.367, 161
Trd, 000132.633, 155
Trd, 000132.900, 160
Trd, 000134.017, 157
Trd, 000134.450, 157
Trd, 000134.483, 161
Trd, 000135.417, 165
Trd, 000135.950, 165
Trd, 000136.450, 170
Trd, 000136.483, 169
Trd, 000137.100, 168
Trd, 000137.467, 167
Trd, 000137.800, 162
Trd, 000139.083, 175
Trd, 000139.583, 170
Trd, 000140.350, 171
Trd, 000140.417, 172
Trd, 000141.983, 167
Trd, 000142.450, 161
Trd, 000143.400, 161
Trd, 000143.667, 160
Trd, 000143.750, 163
Trd, 000144.400, 164
Trd, 000145.350, 154
Trd, 000145.467, 165
Trd, 000145.583, 165
Trd, 000146.350, 158
Trd, 000146.583, 176
Trd, 000147.117, 164
Trd, 000147.517, 155
Trd, 000147.817, 171
Trd, 000147.950, 172
Trd, 000149.383, 167
Trd, 000149.483, 165
Trd, 000150.717, 161
Trd, 000150.767, 169
Trd, 000151.717, 171
Trd, 000153.383, 165
Trd, 000154.783, 164
Trd, 000155.117, 163
Trd, 000155.333, 155
Trd, 000156.083, 163
Trd, 000156.417, 163
Trd, 000156.667, 160
Trd, 000157.850, 163
Trd, 000158.083, 175
Trd, 000158.383, 168
Trd, 000158.817, 160
Trd, 000158.900, 168
Trd, 000160.117, 166
Trd, 000160.233, 162
Trd, 000161.100, 166
Trd, 000161.517, 167
Trd, 000162.667, 166
Trd, 000164.000, 165
Trd, 000164.100, 164
Trd, 000165.283, 164
Trd, 000165.350, 163
Trd, 000166.017, 172
Trd, 000166.717, 163
Trd, 000166.967, 161
Trd, 000167.117, 169
Trd, 000167.433, 177
Trd, 000168.683, 176
Trd, 000168.850, 174
Trd, 000169.583, 172
Trd, 000169.783, 177
Trd, 000169.800, 165
Trd, 000172.283, 161
Trd, 000173.900, 170
Trd, 000174.233, 171
Trd, 000174.333, 173
Trd, 000175.267, 174
Trd, 000175.717, 169
Trd, 000176.000, 161
Trd, 000176.200, 175
Trd, 000177.450, 179
Trd, 000178.783, 168
Trd, 000179.650, 173
Trd, 000180.350, 174
Trd, 000180.717, 171
Trd, 000181.683, 172
Trd, 000182.017, 165
Trd, 000182.567, 168
Trd, 000183.033, 162
Trd, 000183.700, 166
Trd, 000184.000, 166
Trd, 000185.050, 158
Trd, 000185.250, 164
Trd, 000185.883, 163
Trd, 000186.233, 165
Trd, 000186.383, 163
Trd, 000187.783, 166
Trd, 000187.900, 166
Trd, 000188.417, 178
Trd, 000188.600, 164
Trd, 000188.817, 162
Trd, 000189.167, 179
Trd, 000189.600, 191
Trd, 000191.017, 174
Trd, 000192.267, 169
Trd, 000192.617, 167
Trd, 000192.783, 169
Trd, 000192.817, 173
Trd, 000193.083, 175
Trd, 000193.900, 168
Trd, 000194.183, 173
Trd, 000194.933, 185
Trd, 000195.700, 173
Trd, 000195.817, 163
Trd, 000197.283, 159
Trd, 000198.233, 177
Trd, 000198.667, 159
Trd, 000199.533, 175
Trd, 000199.617, 177
Trd, 000199.650, 166
Trd, 000200.567, 178
Trd, 000200.617, 166
Trd, 000201.417, 174
Trd, 000203.717, 169
Trd, 000203.883, 169
Trd, 000204.383, 168
Trd, 000204.900, 168
Trd, 000205.067, 166
Trd, 000205.500, 166
Trd, 000207.383, 169
Trd, 000208.033, 181
Trd, 000208.200, 169
Trd, 000208.667, 166
Trd, 000208.750, 166
Trd, 000209.717, 169
Trd, 000209.800, 165
Trd, 000210.067, 161
Trd, 000211.583, 169
Trd, 000212.183, 183
Trd, 000212.733, 188
Trd, 000212.850, 168
Trd, 000213.800, 162
Trd, 000214.517, 161
Trd, 000215.200, 155
Trd, 000215.400, 164
Trd, 000216.167, 165
Trd, 000216.933, 162
Trd, 000217.050, 160
Trd, 000217.600, 169
Trd, 000217.750, 184
Trd, 000218.333, 161
Trd, 000219.483, 166
Trd, 000219.917, 166
Trd, 000221.500, 167
Trd, 000221.583, 167
Trd, 000221.950, 166
Trd, 000222.033, 161
Trd, 000222.667, 167
Trd, 000223.600, 168
Trd, 000223.767, 160
Trd, 000223.800, 170
Trd, 000224.133, 177
Trd, 000224.283, 161
Trd, 000224.933, 159
Trd, 000226.800, 182
Trd, 000228.483, 172
Trd, 000228.667, 167
Trd, 000229.200, 161
Trd, 000230.083, 162
Trd, 000230.167, 158
Trd, 000230.500, 171
Trd, 000231.050, 173
Trd, 000231.667, 175
Trd, 000234.300, 178
Trd, 000234.633, 175
Trd, 000234.700, 169
Trd, 000235.383, 168
Trd, 000236.133, 167
Trd, 000236.183, 167
Trd, 000236.433, 172
Trd, 000237.667, 169
Trd, 000238.133, 164
Trd, 000238.183, 167
Trd, 000240.067, 183
Trd, 000240.100, 181
Trd, 000240.267, 180
Trd, 000240.300, 179
Trd, 000240.717, 176
Trd, 000241.283, 178
Trd, 000241.533, 179
Trd, 000242.467, 178
Trd, 000242.500, 177
Trd, 000242.567, 181
Trd, 000242.900, 186
Trd, 000243.117, 179
Trd, 000244.250, 181
Trd, 000244.867, 180
Trd, 000245.033, 182
Trd, 000245.167, 180
Trd, 000245.717, 183
Trd, 000245.850, 180
Trd, 000246.633, 174
Trd, 000246.683, 168
Trd, 000247.250, 172
Trd, 000247.600, 165
Trd, 000248.767, 173
Trd, 000248.983, 176
Trd, 000250.300, 180
Trd, 000251.017, 180
Trd, 000251.317, 177
Trd, 000251.433, 176
Trd, 000251.533, 177
Trd, 000251.700, 174
Trd, 000252.333, 171
Trd, 000252.400, 169
Trd, 000252.900, 172
Trd, 000253.850, 171
Trd, 000254.267, 172
Trd, 000254.333, 172
Trd, 000254.567, 171
Trd, 000255.483, 173
Trd, 000255.533, 172
Trd, 000256.033, 171
Trd, 000256.283, 173
Trd, 000256.600, 172
Trd, 000257.633, 178
Trd, 000257.767, 178
Trd, 000257.983, 177
Trd, 000258.283, 170
Trd, 000258.467, 180
Trd, 000258.767, 176
Trd, 000259.417, 183
Trd, 000260.283, 187
Trd, 000260.400, 182
Trd, 000261.233, 181
Trd, 000261.683, 183
Trd, 000261.817, 170
Trd, 000262.300, 176
Trd, 000262.500, 172
Trd, 000263.583, 171
Trd, 000263.783, 172
Trd, 000264.400, 170
Trd, 000265.133, 176
Trd, 000265.400, 179
Trd, 000265.950, 178
Trd, 000267.017, 179
Trd, 000267.167, 180
Trd, 000267.867, 180
Trd, 000268.017, 188
Trd, 000268.167, 179
Trd, 000269.050, 179
Trd, 000269.400, 171
Trd, 000269.567, 172
Trd, 000269.767, 170
Trd, 000270.117, 171
Trd, 000270.600, 175
Trd, 000270.817, 174
Trd, 000271.550, 173
Trd, 000271.900, 174
Trd, 000272.267, 171
Trd, 000272.400, 167
Trd, 000272.783, 171
Trd, 000273.183, 171
Trd, 000273.617, 182
Trd, 000274.083, 176
Trd, 000274.250, 179
Trd, 000274.433, 167
Trd, 000274.467, 183
Trd, 000274.850, 183
Trd, 000274.950, 189
Trd, 000277.150, 172
Trd, 000277.400, 178
Trd, 000278.350, 180
Trd, 000278.550, 179
Trd, 000278.567, 181
Trd, 000279.200, 179
Trd, 000279.233, 178
Trd, 000280.183, 177
Trd, 000280.717, 181
Trd, 000281.017, 174
Trd, 000281.617, 182
Trd, 000281.867, 190
Trd, 000282.383, 182
Trd, 000282.417, 172
Trd, 000283.100, 188
Trd, 000283.133, 184
Trd, 000283.967, 179
Trd, 000284.483, 183
Trd, 000284.650, 179
Trd, 000285.067, 175
Trd, 000285.983, 175
Trd, 000286.467, 175
Trd, 000286.733, 168
Trd, 000287.250, 173
Trd, 000287.617, 191
Trd, 000288.733, 188
Trd, 000288.833, 178
Trd, 000288.867, 173
Trd, 000288.983, 165
Trd, 000289.583, 165
Trd, 000290.733, 163
Trd, 000291.117, 166
Trd, 000291.317, 174
Trd, 000291.917, 173
Trd, 000292.033, 177
Trd, 000292.067, 170
Trd, 000292.250, 181
Trd, 000292.967, 175
Trd, 000293.317, 194
Trd, 000293.950, 191
Trd, 000294.950, 190
Trd, 000295.083, 191
Trd, 000295.567, 190
Trd, 000295.750, 188
Trd, 000296.650, 174
Trd, 000296.733, 191
Trd, 000296.867, 185
Trd, 000297.367, 174
Trd, 000297.850, 171
Trd, 000298.583, 185
Trd, 000298.750, 191
Trd, 000299.150, 192
Trd, 000299.717, 192
