Trd, 000002.250, 169
Trd, 000002.450, 168
Trd, 000003.333, 155
Trd, 000004.933, 146
Trd, 000005.567, 147
Trd, 000005.933, 141
Trd, 000006.150, 146
Trd, 000006.850, 142
Trd, 000006.917, 148
Trd, 000007.067, 155
Trd, 000007.717, 142
Trd, 000007.933, 141
Trd, 000008.083, 137
Trd, 000008.633, 155
Trd, 000009.483, 138
Trd, 000009.900, 152
Trd, 000010.783, 140
Trd, 000012.050, 142
Trd, 000012.150, 141
Trd, 000012.900, 141
Trd, 000013.667, 147
Trd, 000013.700, 147
Trd, 000014.967, 145
Trd, 000015.300, 143
Trd, 000016.033, 145
Trd, 000016.583, 150
Trd, 000017.267, 147
Trd, 000017.633, 146
Trd, 000018.167, 147
Trd, 000018.217, 148
Trd, 000019.133, 156
Trd, 000019.883, 149
Trd, 000020.233, 147
Trd, 000020.467, 136
Trd, 000021.117, 135
Trd, 000022.433, 151
Trd, 000022.717, 152
Trd, 000022.967, 154
Trd, 000023.467, 139
Trd, 000023.483, 135
Trd, 000024.750, 150
Trd, 000026.400, 146
Trd, 000026.450, 157
Trd, 000028.533, 152
Trd, 000028.650, 147
Trd, 000029.400, 151
Trd, 000029.933, 155
Trd, 000030.083, 161
Trd, 000031.917, 153
Trd, 000032.267, 152
Trd, 000032.367, 151
Trd, 000032.933, 151
Trd, 000033.617, 151
Trd, 000034.567, 150
Trd, 000034.817, 148
Trd, 000035.583, 151
Trd, 000037.233, 150
Trd, 000037.350, 151
Trd, 000037.483, 137
Trd, 000038.650, 148
Trd, 000039.117, 149
Trd, 000039.150, 148
Trd, 000039.200, 147
Trd, 000040.200, 150
Trd, 000041.117, 150
Trd, 000042.383, 151
Trd, 000042.533, 151
Trd, 000044.117, 152
Trd, 000044.183, 149
Trd, 000044.767, 149
Trd, 000045.483, 163
Trd, 000045.650, 150
Trd, 000046.150, 150
Trd, 000046.983, 152
Trd, 000047.283, 154
Trd, 000047.717, 150
Trd, 000048.433, 154
Trd, 000048.533, 151
Trd, 000049.083, 150
Trd, 000049.200, 155
Trd, 000049.283, 150
Trd, 000049.333, 145
Trd, 000049.650, 151
Trd, 000050.183, 139
Trd, 000051.117, 126
Trd, 000052.333, 139
Trd, 000052.533, 157
Trd, 000052.717, 160
Trd, 000055.100, 153
Trd, 000055.117, 141
Trd, 000055.200, 137
Trd, 000055.283, 136
Trd, 000055.483, 154
Trd, 000056.667, 155
Trd, 000056.817, 141
Trd, 000056.967, 160
Trd, 000057.900, 160
Trd, 000058.283, 142
Trd, 000059.250, 161
Trd, 000059.950, 150
Trd, 000060.133, 160
Trd, 000061.000, 156
Trd, 000061.250, 162
Trd, 000063.267, 159
Trd, 000063.417, 160
Trd, 000063.967, 159
Trd, 000064.167, 161
Trd, 000064.417, 158
Trd, 000064.433, 153
Trd, 000064.650, 141
Trd, 000065.033, 141
Trd, 000067.483, 154
Trd, 000067.883, 156
Trd, 000068.817, 152
Trd, 000069.150, 154
Trd, 000069.500, 158
Trd, 000071.000, 159
Trd, 000071.267, 157
Trd, 000071.283, 156
Trd, 000071.933, 159
Trd, 000072.683, 159
Trd, 000073.150, 155
Trd, 000073.167, 153
Trd, 000073.550, 144
Trd, 000074.600, 156
Trd, 000074.700, 152
Trd, 000075.167, 160
Trd, 000076.350, 155
Trd, 000077.667, 160
Trd, 000077.883, 156
Trd, 000078.467, 155
Trd, 000078.867, 154
Trd, 000079.767, 162
Trd, 000079.950, 154
Trd, 000080.067, 163
Trd, 000081.383, 156
Trd, 000081.517, 144
Trd, 000083.100, 160
Trd, 000083.167, 153
Trd, 000083.850, 158
Trd, 000083.900, 152
Trd, 000084.067, 158
Trd, 000084.350, 153
Trd, 000084.517, 158
Trd, 000086.483, 154
Trd, 000087.483, 149
Trd, 000087.967, 157
Trd, 000088.733, 155
Trd, 000090.117, 155
Trd, 000090.300, 153
Trd, 000090.617, 157
Trd, 000090.683, 158
Trd, 000090.883, 164
Trd, 000090.950, 152
Trd, 000090.983, 152
Trd, 000091.583, 148
Trd, 000092.350, 143
Trd, 000092.383, 175
Trd, 000093.317, 139
Trd, 000094.983, 150
Trd, 000095.383, 155
Trd, 000096.550, 158
Trd, 000097.200, 156
Trd, 000097.650, 157
Trd, 000097.967, 160
Trd, 000098.117, 155
Trd, 000098.467, 153
Trd, 000098.767, 161
Trd, 000099.617, 164
Trd, 000100.333, 164
Trd, 000100.533, 151
Trd, 000100.917, 165
Trd, 000102.067, 168
Trd, 000102.950, 161
Trd, 000103.017, 162
Trd, 000103.900, 162
Trd, 000104.600, 160
Trd, 000104.700, 161
Trd, 000105.200, 162
Trd, 000105.850, 161
Trd, 000105.967, 159
Trd, 000106.567, 166
Trd, 000107.367, 157
Trd, 000108.467, 162
Trd, 000108.733, 162
Trd, 000109.233, 159
Trd, 000109.333, 158
Trd, 000109.617, 162
Trd, 000111.100, 161
Trd, 000111.200, 164
Trd, 000111.767, 160
Trd, 000113.033, 162
Trd, 000113.683, 161
Trd, 000114.083, 160
Trd, 000114.417, 162
Trd, 000114.900, 160
Trd, 000115.700, 165
Trd, 000115.750, 159
Trd, 000117.100, 158
Trd, 000117.867, 158
Trd, 000117.950, 155
Trd, 000118.517, 162
Trd, 000119.883, 168
Trd, 000120.167, 166
Trd, 000120.700, 159
Trd, 000120.833, 161
Trd, 000121.500, 167
Trd, 000122.167, 167
Trd, 000122.483, 163
Trd, 000124.250, 169
Trd, 000124.800, 163
Trd, 000125.733, 164
Trd, 000126.117, 161
Trd, 000126.150, 166
Trd, 000126.183, 160
Trd, 000126.367, 159
Trd, 000127.100, 161
Trd, 000127.350, 166
Trd, 000127.717, 167
Trd, 000128.917, 167
Trd, 000129.167, 156
Trd, 000130.783, 159
Trd, 000131.500, 157
Trd, 000131.550, 154
Trd, 000132.183, 162
Trd, 000132.900, 158
Trd, 000134.000, 160
Trd, 000134.333, 161
Trd, 000134.700, 158
Trd, 000134.800, 161
Trd, 000135.883, 162
Trd, 000136.217, 158
Trd, 000137.700, 163
Trd, 000138.467, 158
Trd, 000138.850, 166
Trd, 000139.533, 158
Trd, 000141.417, 156
Trd, 000141.500, 160
Trd, 000141.533, 155
Trd, 000141.617, 148
Trd, 000141.733, 152
Trd, 000142.500, 161
Trd, 000142.617, 152
Trd, 000142.783, 162
Trd, 000143.100, 153
Trd, 000145.800, 151
Trd, 000146.350, 159
Trd, 000146.967, 154
Trd, 000147.133, 157
Trd, 000148.883, 158
Trd, 000149.233, 152
Trd, 000149.517, 161
Trd, 000149.817, 160
Trd, 000149.983, 163
Trd, 000151.700, 158
Trd, 000153.417, 162
Trd, 000153.883, 161
Trd, 000154.050, 162
Trd, 000154.383, 162
Trd, 000154.617, 161
Trd, 000155.383, 162
Trd, 000156.250, 163
Trd, 000156.400, 162
Trd, 000157.650, 165
Trd, 000157.700, 186
Trd, 000157.850, 162
Trd, 000157.900, 160
Trd, 000158.917, 171
Trd, 000159.383, 150
Trd, 000160.167, 171
Trd, 000160.817, 165
Trd, 000161.483, 173
Trd, 000162.200, 170
Trd, 000162.717, 169
Trd, 000163.167, 152
Trd, 000163.183, 150
Trd, 000164.733, 168
Trd, 000164.867, 172
Trd, 000165.517, 168
Trd, 000165.550, 162
Trd, 000165.800, 172
Trd, 000166.517, 163
Trd, 000167.867, 163
Trd, 000168.883, 163
Trd, 000169.267, 167
Trd, 000169.883, 169
Trd, 000170.183, 166
Trd, 000170.350, 165
Trd, 000170.433, 162
Trd, 000170.733, 165
Trd, 000171.333, 167
Trd, 000172.517, 166
Trd, 000173.117, 167
Trd, 000173.717, 166
Trd, 000173.800, 165
Trd, 000173.867, 165
Trd, 000174.417, 164
Trd, 000175.433, 162
Trd, 000175.783, 164
Trd, 000176.733, 165
Trd, 000176.900, 163
Trd, 000177.050, 166
Trd, 000177.750, 152
Trd, 000178.967, 167
Trd, 000179.117, 150
Trd, 000179.300, 148
Trd, 000179.967, 152
Trd, 000180.783, 166
Trd, 000182.917, 159
Trd, 000183.133, 160
Trd, 000183.583, 160
Trd, 000184.200, 160
Trd, 000184.350, 164
Trd, 000184.467, 165
Trd, 000184.600, 166
Trd, 000186.000, 165
Trd, 000186.567, 166
Trd, 000189.283, 161
Trd, 000189.817, 162
Trd, 000190.217, 166
Trd, 000191.017, 163
Trd, 000191.600, 162
Trd, 000191.633, 161
Trd, 000191.650, 159
Trd, 000192.017, 164
Trd, 000192.050, 152
Trd, 000192.617, 150
Trd, 000193.333, 158
Trd, 000193.733, 166
Trd, 000194.400, 158
Trd, 000194.933, 164
Trd, 000195.033, 156
Trd, 000195.933, 159
Trd, 000196.533, 158
Trd, 000197.000, 163
Trd, 000197.450, 167
Trd, 000197.583, 161
Trd, 000197.783, 175
Trd, 000197.917, 178
Trd, 000198.817, 159
Trd, 000199.400, 160
Trd, 000200.233, 161
Trd, 000200.267, 169
Trd, 000201.700, 167
Trd, 000201.767, 165
Trd, 000202.050, 164
Trd, 000202.483, 167
Trd, 000204.083, 168
Trd, 000205.217, 168
Trd, 000205.750, 167
Trd, 000206.233, 167
Trd, 000207.017, 166
Trd, 000207.050, 166
Trd, 000207.067, 167
Trd, 000207.583, 166
Trd, 000208.367, 176
Trd, 000209.467, 164
Trd, 000209.550, 171
Trd, 000210.167, 171
Trd, 000210.583, 176
Trd, 000211.650, 165
Trd, 000213.200, 168
Trd, 000214.067, 169
Trd, 000214.333, 168
Trd, 000214.400, 176
Trd, 000215.417, 172
Trd, 000215.483, 173
Trd, 000216.083, 172
Trd, 000216.467, 168
Trd, 000216.750, 167
Trd, 000218.033, 171
Trd, 000218.067, 172
Trd, 000218.350, 177
Trd, 000219.450, 169
Trd, 000219.900, 170
Trd, 000220.233, 169
Trd, 000220.583, 167
Trd, 000220.700, 162
Trd, 000220.800, 175
Trd, 000221.867, 173
Trd, 000222.150, 171
Trd, 000222.267, 172
Trd, 000223.017, 180
Trd, 000223.600, 171
Trd, 000223.917, 181
Trd, 000224.717, 175
Trd, 000225.083, 175
Trd, 000225.550, 173
Trd, 000225.883, 169
Trd, 000226.767, 171
Trd, 000227.417, 158
Trd, 000228.000, 157
Trd, 000228.150, 154
Trd, 000228.167, 149
Trd, 000230.067, 169
Trd, 000230.450, 163
Trd, 000230.617, 170
Trd, 000231.383, 169
Trd, 000232.867, 167
Trd, 000233.683, 166
Trd, 000234.017, 166
Trd, 000234.150, 168
Trd, 000234.867, 168
Trd, 000235.250, 169
Trd, 000236.283, 172
Trd, 000236.833, 183
Trd, 000238.133, 178
Trd, 000238.383, 177
Trd, 000238.400, 176
Trd, 000238.850, 194
Trd, 000238.967, 192
Trd, 000239.583, 184
Trd, 000239.850, 183
Trd, 000240.133, 180
Trd, 000241.767, 173
Trd, 000242.183, 175
Trd, 000242.400, 175
Trd, 000242.667, 176
Trd, 000243.250, 175
Trd, 000243.733, 174
Trd, 000244.150, 176
Trd, 000244.867, 179
Trd, 000245.267, 173
Trd, 000245.950, 175
Trd, 000246.150, 172
Trd, 000246.367, 175
Trd, 000246.433, 172
Trd, 000247.283, 175
Trd, 000247.417, 171
Trd, 000247.717, 173
Trd, 000248.233, 175
Trd, 000248.300, 173
Trd, 000249.667, 172
Trd, 000249.967, 172
Trd, 000250.033, 174
Trd, 000250.400, 175
Trd, 000251.617, 175
Trd, 000252.033, 176
Trd, 000252.117, 179
Trd, 000252.417, 174
Trd, 000252.967, 180
Trd, 000253.733, 173
Trd, 000254.150, 171
Trd, 000254.267, 171
Trd, 000254.717, 172
Trd, 000255.683, 165
Trd, 000256.417, 172
Trd, 000256.683, 171
Trd, 000256.733, 174
Trd, 000257.017, 171
Trd, 000257.483, 172
Trd, 000257.633, 176
Trd, 000257.783, 175
Trd, 000257.967, 170
Trd, 000258.333, 173
Trd, 000259.550, 179
Trd, 000260.350, 180
Trd, 000261.267, 177
Trd, 000261.467, 177
Trd, 000261.583, 184
Trd, 000261.950, 175
Trd, 000262.467, 177
Trd, 000263.500, 175
Trd, 000263.800, 174
Trd, 000264.800, 174
Trd, 000265.900, 178
Trd, 000266.000, 178
Trd, 000266.050, 180
Trd, 000266.067, 173
Trd, 000266.933, 176
Trd, 000267.250, 181
Trd, 000267.450, 182
Trd, 000268.350, 180
Trd, 000268.967, 176
Trd, 000269.417, 176
Trd, 000269.917, 178
Trd, 000270.600, 181
Trd, 000270.717, 181
Trd, 000270.917, 179
Trd, 000271.750, 177
Trd, 000272.717, 177
Trd, 000272.867, 180
Trd, 000273.150, 177
Trd, 000273.633, 176
Trd, 000274.483, 175
Trd, 000274.717, 180
Trd, 000274.917, 182
Trd, 000275.067, 185
Trd, 000275.133, 177
Trd, 000275.733, 176
Trd, 000275.883, 189
Trd, 000276.117, 167
Trd, 000276.850, 179
Trd, 000277.933, 183
Trd, 000278.683, 178
Trd, 000278.767, 177
Trd, 000279.167, 181
Trd, 000279.517, 180
Trd, 000280.200, 179
Trd, 000280.417, 183
Trd, 000282.033, 183
Trd, 000282.467, 179
Trd, 000282.583, 183
Trd, 000283.500, 184
Trd, 000283.717, 183
Trd, 000283.967, 176
Trd, 000284.050, 185
Trd, 000285.533, 185
Trd, 000285.717, 186
Trd, 000286.950, 180
Trd, 000287.117, 180
Trd, 000287.433, 179
Trd, 000287.583, 177
Trd, 000288.000, 180
Trd, 000288.017, 176
Trd, 000288.133, 173
Trd, 000288.350, 166
Trd, 000288.683, 183
Trd, 000288.950, 169
Trd, 000289.733, 169
Trd, 000291.017, 171
Trd, 000291.400, 170
Trd, 000291.650, 177
Trd, 000291.667, 171
Trd, 000292.117, 176
Trd, 000292.717, 177
Trd, 000293.033, 172
Trd, 000293.733, 170
Trd, 000293.833, 177
Trd, 000293.883, 177
Trd, 000294.050, 166
Trd, 000294.433, 163
Trd, 000294.767, 180
Trd, 000295.117, 184
Trd, 000295.217, 176
Trd, 000296.383, 175
Trd, 000296.500, 168
Trd, 000296.850, 188
Trd, 000297.767, 187
Trd, 000298.167, 185
Trd, 000298.233, 189
Trd, 000298.533, 176
Trd, 000299.183, 175
