Trd, 000001.917, 186
Trd, 000002.850, 178
Trd, 000004.250, 145
Trd, 000004.650, 144
Trd, 000004.767, 145
Trd, 000004.833, 148
Trd, 000005.433, 153
Trd, 000005.600, 133
Trd, 000006.717, 137
Trd, 000007.500, 134
Trd, 000008.317, 133
Trd, 000009.433, 147
Trd, 000009.667, 148
Trd, 000010.150, 147
Trd, 000010.183, 149
Trd, 000010.300, 148
Trd, 000010.833, 156
Trd, 000011.250, 152
Trd, 000011.983, 152
Trd, 000012.433, 145
Trd, 000012.550, 153
Trd, 000012.833, 134
Trd, 000013.167, 154
Trd, 000013.567, 155
Trd, 000014.900, 162
Trd, 000015.883, 149
Trd, 000015.983, 148
Trd, 000016.167, 146
Trd, 000017.100, 154
Trd, 000017.733, 146
Trd, 000017.983, 155
Trd, 000018.683, 150
Trd, 000020.250, 152
Trd, 000020.667, 152
Trd, 000020.983, 138
Trd, 000022.367, 153
Trd, 000022.700, 140
Trd, 000023.467, 158
Trd, 000023.767, 162
Trd, 000024.033, 163
Trd, 000024.117, 147
Trd, 000026.350, 149
Trd, 000026.600, 150
Trd, 000026.950, 149
Trd, 000027.850, 149
Trd, 000028.300, 151
Trd, 000028.333, 164
Trd, 000028.783, 149
Trd, 000029.267, 151
Trd, 000029.700, 147
Trd, 000029.900, 154
Trd, 000031.633, 154
Trd, 000031.983, 149
Trd, 000033.083, 153
Trd, 000033.950, 154
Trd, 000034.350, 154
Trd, 000034.550, 153
Trd, 000035.350, 148
Trd, 000035.783, 148
Trd, 000036.083, 149
Trd, 000036.417, 165
Trd, 000036.517, 148
Trd, 000036.667, 159
Trd, 000036.783, 147
Trd, 000038.283, 151
Trd, 000040.150, 151
Trd, 000040.217, 150
Trd, 000041.050, 149
Trd, 000042.200, 150
Trd, 000042.217, 148
Trd, 000042.517, 140
Trd, 000042.817, 147
Trd, 000042.950, 149
Trd, 000043.467, 148
Trd, 000044.167, 148
Trd, 000044.433, 151
Trd, 000044.817, 149
Trd, 000045.817, 151
Trd, 000047.000, 145
Trd, 000047.517, 147
Trd, 000047.667, 150
Trd, 000048.650, 148
Trd, 000048.933, 146
Trd, 000049.317, 151
Trd, 000049.767, 149
Trd, 000050.033, 153
Trd, 000050.850, 152
Trd, 000051.067, 151
Trd, 000051.300, 153
Trd, 000052.750, 153
Trd, 000054.233, 159
Trd, 000054.333, 157
Trd, 000054.550, 149
Trd, 000054.750, 160
Trd, 000054.900, 161
Trd, 000055.517, 139
Trd, 000056.133, 149
Trd, 000056.467, 156
Trd, 000057.583, 154
Trd, 000057.733, 157
Trd, 000058.950, 152
Trd, 000059.117, 154
Trd, 000061.100, 153
Trd, 000061.167, 141
Trd, 000061.283, 154
Trd, 000061.433, 146
Trd, 000061.567, 138
Trd, 000061.633, 155
Trd, 000061.683, 156
Trd, 000062.967, 154
Trd, 000063.300, 165
Trd, 000065.167, 153
Trd, 000065.383, 160
Trd, 000065.650, 150
Trd, 000066.033, 159
Trd, 000066.583, 148
Trd, 000067.400, 153
Trd, 000068.267, 155
Trd, 000069.300, 156
Trd, 000069.450, 157
Trd, 000070.617, 155
Trd, 000070.683, 154
Trd, 000071.033, 156
Trd, 000071.583, 159
Trd, 000072.150, 153
Trd, 000073.367, 153
Trd, 000073.583, 157
Trd, 000074.083, 152
Trd, 000074.233, 151
Trd, 000075.200, 153
Trd, 000077.283, 153
Trd, 000077.450, 152
Trd, 000077.650, 155
Trd, 000077.967, 143
Trd, 000079.367, 152
Trd, 000079.817, 153
Trd, 000080.967, 154
Trd, 000081.600, 154
Trd, 000081.617, 154
Trd, 000082.450, 156
Trd, 000082.833, 155
Trd, 000083.200, 156
Trd, 000084.167, 157
Trd, 000084.833, 156
Trd, 000084.883, 159
Trd, 000085.133, 156
Trd, 000085.167, 152
Trd, 000085.300, 172
Trd, 000086.333, 144
Trd, 000086.950, 143
Trd, 000087.433, 153
Trd, 000087.667, 153
Trd, 000088.933, 150
Trd, 000089.000, 148
Trd, 000089.333, 150
Trd, 000089.433, 157
Trd, 000090.500, 174
Trd, 000090.683, 158
Trd, 000091.400, 165
Trd, 000091.517, 146
Trd, 000093.217, 147
Trd, 000095.100, 153
Trd, 000095.417, 146
Trd, 000096.767, 150
Trd, 000096.833, 148
Trd, 000097.200, 150
Trd, 000097.967, 146
Trd, 000098.317, 150
Trd, 000098.617, 146
Trd, 000098.783, 150
Trd, 000099.567, 158
Trd, 000099.867, 175
Trd, 000100.317, 166
Trd, 000102.000, 162
Trd, 000102.267, 162
Trd, 000102.300, 167
Trd, 000103.783, 167
Trd, 000103.950, 167
Trd, 000104.933, 174
Trd, 000105.000, 167
Trd, 000107.233, 154
Trd, 000107.817, 155
Trd, 000107.933, 154
Trd, 000108.417, 160
Trd, 000109.067, 146
Trd, 000110.067, 151
Trd, 000110.867, 149
Trd, 000111.017, 151
Trd, 000111.200, 152
Trd, 000111.767, 149
Trd, 000111.783, 157
Trd, 000113.733, 157
Trd, 000114.183, 151
Trd, 000114.400, 158
Trd, 000114.533, 151
Trd, 000115.750, 151
Trd, 000116.483, 149
Trd, 000116.617, 154
Trd, 000117.650, 152
Trd, 000118.667, 149
Trd, 000119.517, 151
Trd, 000119.683, 153
Trd, 000119.767, 153
Trd, 000119.833, 148
Trd, 000119.950, 154
Trd, 000120.167, 146
Trd, 000120.750, 155
Trd, 000123.383, 153
Trd, 000124.367, 153
Trd, 000124.567, 152
Trd, 000125.050, 153
Trd, 000125.250, 152
Trd, 000125.467, 155
Trd, 000125.650, 148
Trd, 000125.717, 160
Trd, 000126.717, 154
Trd, 000128.350, 156
Trd, 000128.483, 145
Trd, 000128.917, 160
Trd, 000129.383, 149
Trd, 000129.617, 147
Trd, 000130.167, 150
Trd, 000130.367, 158
Trd, 000130.633, 149
Trd, 000130.767, 161
Trd, 000131.200, 178
Trd, 000131.333, 146
Trd, 000131.967, 169
Trd, 000132.733, 174
Trd, 000133.400, 160
Trd, 000133.600, 159
Trd, 000133.883, 157
Trd, 000133.900, 144
Trd, 000134.683, 144
Trd, 000136.717, 149
Trd, 000136.783, 151
Trd, 000138.183, 148
Trd, 000138.283, 152
Trd, 000138.550, 155
Trd, 000138.983, 161
Trd, 000139.250, 157
Trd, 000139.867, 175
Trd, 000140.733, 153
Trd, 000141.467, 160
Trd, 000141.700, 153
Trd, 000142.567, 156
Trd, 000142.683, 161
Trd, 000143.050, 161
Trd, 000144.117, 162
Trd, 000144.300, 161
Trd, 000145.333, 179
Trd, 000145.367, 161
Trd, 000146.150, 176
Trd, 000146.600, 174
Trd, 000148.517, 165
Trd, 000148.767, 164
Trd, 000149.900, 165
Trd, 000150.683, 162
Trd, 000150.883, 159
Trd, 000151.050, 163
Trd, 000152.017, 149
Trd, 000152.717, 156
Trd, 000154.100, 153
Trd, 000154.383, 154
Trd, 000155.350, 155
Trd, 000155.417, 152
Trd, 000155.650, 156
Trd, 000155.883, 150
Trd, 000156.433, 151
Trd, 000156.700, 158
Trd, 000156.817, 150
Trd, 000157.283, 164
Trd, 000157.467, 151
Trd, 000159.117, 157
Trd, 000159.450, 158
Trd, 000160.350, 158
Trd, 000160.750, 157
Trd, 000160.767, 156
Trd, 000161.700, 156
Trd, 000162.783, 153
Trd, 000162.917, 154
Trd, 000163.167, 157
Trd, 000163.467, 154
Trd, 000163.850, 152
Trd, 000164.267, 155
Trd, 000164.500, 156
Trd, 000165.033, 164
Trd, 000166.133, 160
Trd, 000166.583, 161
Trd, 000166.633, 182
Trd, 000167.350, 159
Trd, 000169.467, 162
Trd, 000169.633, 162
Trd, 000170.350, 164
Trd, 000171.067, 163
Trd, 000171.317, 161
Trd, 000171.417, 163
Trd, 000171.700, 153
Trd, 000172.150, 161
Trd, 000172.317, 162
Trd, 000172.350, 165
Trd, 000172.483, 175
Trd, 000174.200, 172
Trd, 000174.783, 169
Trd, 000175.400, 161
Trd, 000175.867, 150
Trd, 000177.350, 172
Trd, 000177.517, 171
Trd, 000177.617, 152
Trd, 000178.083, 166
Trd, 000178.400, 155
Trd, 000178.500, 153
Trd, 000180.267, 167
Trd, 000180.400, 166
Trd, 000181.500, 169
Trd, 000182.150, 166
Trd, 000182.400, 170
Trd, 000183.750, 167
Trd, 000184.417, 162
Trd, 000184.433, 153
Trd, 000184.617, 151
Trd, 000184.817, 166
Trd, 000185.367, 168
Trd, 000185.867, 170
Trd, 000186.133, 167
Trd, 000186.283, 171
Trd, 000186.333, 163
Trd, 000189.000, 165
Trd, 000189.017, 169
Trd, 000190.033, 167
Trd, 000190.050, 166
Trd, 000190.800, 165
Trd, 000191.067, 165
Trd, 000192.283, 164
Trd, 000192.733, 166
Trd, 000193.033, 166
Trd, 000193.083, 163
Trd, 000193.733, 157
Trd, 000193.767, 163
Trd, 000194.867, 164
Trd, 000195.200, 163
Trd, 000196.217, 161
Trd, 000196.367, 160
Trd, 000197.750, 163
Trd, 000197.800, 164
Trd, 000198.100, 163
Trd, 000198.367, 165
Trd, 000199.450, 157
Trd, 000199.933, 168
Trd, 000200.250, 160
Trd, 000200.733, 182
Trd, 000203.117, 164
Trd, 000203.267, 174
Trd, 000203.967, 164
Trd, 000204.817, 174
Trd, 000205.067, 185
Trd, 000205.500, 170
Trd, 000205.967, 170
Trd, 000207.067, 170
Trd, 000207.150, 160
Trd, 000207.217, 171
Trd, 000208.900, 166
Trd, 000209.083, 162
Trd, 000209.267, 168
Trd, 000209.583, 157
Trd, 000210.100, 154
Trd, 000210.717, 162
Trd, 000211.700, 156
Trd, 000212.150, 154
Trd, 000212.200, 160
Trd, 000212.417, 161
Trd, 000213.267, 161
Trd, 000213.300, 162
Trd, 000213.600, 157
Trd, 000213.717, 169
Trd, 000214.100, 184
Trd, 000215.633, 166
Trd, 000215.833, 167
Trd, 000216.433, 168
Trd, 000216.483, 169
Trd, 000217.000, 166
Trd, 000219.683, 162
Trd, 000219.833, 163
Trd, 000220.067, 163
Trd, 000220.300, 161
Trd, 000220.433, 161
Trd, 000220.767, 170
Trd, 000220.900, 158
Trd, 000220.983, 172
Trd, 000221.233, 155
Trd, 000222.583, 171
Trd, 000222.617, 159
Trd, 000222.750, 156
Trd, 000223.350, 172
Trd, 000223.600, 187
Trd, 000224.533, 164
Trd, 000225.383, 157
Trd, 000225.983, 156
Trd, 000226.217, 163
Trd, 000227.017, 163
Trd, 000227.417, 163
Trd, 000227.467, 165
Trd, 000228.950, 160
Trd, 000229.867, 169
Trd, 000229.933, 168
Trd, 000230.183, 167
Trd, 000230.267, 168
Trd, 000230.450, 156
Trd, 000231.000, 167
Trd, 000231.067, 168
Trd, 000232.100, 160
Trd, 000234.300, 166
Trd, 000234.350, 171
Trd, 000235.300, 187
Trd, 000235.333, 191
Trd, 000235.433, 175
Trd, 000236.167, 175
Trd, 000236.217, 186
Trd, 000236.533, 172
Trd, 000237.200, 179
Trd, 000237.333, 167
Trd, 000238.700, 159
Trd, 000239.600, 158
Trd, 000239.667, 165
Trd, 000240.483, 164
Trd, 000240.583, 164
Trd, 000240.867, 165
Trd, 000241.233, 164
Trd, 000241.283, 165
Trd, 000241.617, 165
Trd, 000241.750, 166
Trd, 000242.283, 166
Trd, 000242.467, 168
Trd, 000242.517, 165
Trd, 000243.200, 165
Trd, 000244.617, 166
Trd, 000245.033, 166
Trd, 000245.267, 165
Trd, 000246.167, 164
Trd, 000246.450, 167
Trd, 000246.467, 168
Trd, 000247.083, 167
Trd, 000247.783, 169
Trd, 000248.183, 172
Trd, 000248.733, 171
Trd, 000249.150, 172
Trd, 000249.350, 168
Trd, 000250.217, 169
Trd, 000250.717, 168
Trd, 000251.233, 171
Trd, 000251.300, 173
Trd, 000251.733, 172
Trd, 000251.900, 170
Trd, 000252.283, 172
Trd, 000253.183, 168
Trd, 000253.733, 171
Trd, 000254.033, 173
Trd, 000254.733, 173
Trd, 000255.567, 172
Trd, 000255.800, 173
Trd, 000255.883, 176
Trd, 000256.033, 169
Trd, 000256.267, 166
Trd, 000256.717, 179
Trd, 000257.133, 174
Trd, 000257.300, 161
Trd, 000257.700, 175
Trd, 000259.400, 161
Trd, 000259.733, 166
Trd, 000259.867, 163
Trd, 000260.000, 167
Trd, 000260.250, 170
Trd, 000260.650, 172
Trd, 000260.833, 171
Trd, 000260.867, 173
Trd, 000261.000, 177
Trd, 000261.183, 184
Trd, 000261.467, 177
Trd, 000261.683, 180
Trd, 000262.250, 176
Trd, 000262.933, 178
Trd, 000263.150, 175
Trd, 000263.750, 174
Trd, 000264.100, 170
Trd, 000264.267, 169
Trd, 000264.917, 172
Trd, 000265.050, 168
Trd, 000265.783, 172
Trd, 000265.883, 167
Trd, 000266.167, 174
Trd, 000266.467, 170
Trd, 000266.550, 163
Trd, 000266.867, 175
Trd, 000267.233, 173
Trd, 000267.350, 172
Trd, 000268.983, 171
Trd, 000269.000, 172
Trd, 000269.450, 175
Trd, 000270.133, 164
Trd, 000270.550, 173
Trd, 000270.683, 171
Trd, 000270.833, 169
Trd, 000271.267, 175
Trd, 000272.333, 171
Trd, 000273.083, 171
Trd, 000274.083, 168
Trd, 000274.283, 170
Trd, 000274.417, 168
Trd, 000274.483, 171
Trd, 000275.167, 173
Trd, 000275.367, 167
Trd, 000275.700, 175
Trd, 000275.717, 178
Trd, 000276.250, 164
Trd, 000276.483, 176
Trd, 000277.383, 175
Trd, 000278.017, 171
Trd, 000278.767, 179
Trd, 000279.117, 184
Trd, 000279.933, 170
Trd, 000280.550, 184
Trd, 000281.033, 179
Trd, 000281.917, 172
Trd, 000282.117, 174
Trd, 000283.017, 175
Trd, 000283.367, 173
Trd, 000283.533, 175
Trd, 000283.950, 173
Trd, 000284.517, 175
Trd, 000284.550, 174
Trd, 000284.683, 176
Trd, 000285.300, 179
Trd, 000285.517, 182
Trd, 000286.050, 172
Trd, 000286.683, 182
Trd, 000287.383, 180
Trd, 000287.433, 165
Trd, 000288.117, 174
Trd, 000288.883, 177
Trd, 000289.000, 177
Trd, 000289.200, 176
Trd, 000289.417, 173
Trd, 000289.800, 186
Trd, 000289.933, 187
Trd, 000290.067, 191
Trd, 000290.867, 181
Trd, 000291.350, 192
Trd, 000291.367, 194
Trd, 000292.017, 180
Trd, 000292.133, 170
Trd, 000292.433, 165
Trd, 000295.133, 173
Trd, 000295.417, 177
Trd, 000295.500, 171
Trd, 000295.633, 178
Trd, 000295.650, 180
Trd, 000296.500, 180
Trd, 000297.250, 181
Trd, 000298.017, 189
Trd, 000298.150, 188
Trd, 000298.617, 179
Trd, 000298.833, 173
Trd, 000299.317, 180
