Trd, 000000.833, 179
Trd, 000001.067, 153
Trd, 000001.867, 175
Trd, 000002.417, 162
Trd, 000002.600, 167
Trd, 000003.017, 151
Trd, 000004.117, 164
Trd, 000004.900, 166
Trd, 000006.150, 146
Trd, 000008.000, 154
Trd, 000008.483, 156
Trd, 000009.100, 155
Trd, 000010.217, 154
Trd, 000010.550, 153
Trd, 000011.367, 154
Trd, 000011.750, 154
Trd, 000011.800, 155
Trd, 000011.833, 152
Trd, 000013.750, 156
Trd, 000013.900, 156
Trd, 000014.267, 155
Trd, 000014.467, 156
Trd, 000015.800, 153
Trd, 000016.017, 152
Trd, 000016.367, 149
Trd, 000016.633, 146
Trd, 000017.117, 152
Trd, 000017.817, 152
Trd, 000018.333, 153
Trd, 000018.450, 152
Trd, 000019.533, 152
Trd, 000019.750, 153
Trd, 000019.933, 163
Trd, 000020.783, 151
Trd, 000020.800, 161
Trd, 000020.867, 162
Trd, 000021.117, 164
Trd, 000021.667, 152
Trd, 000022.300, 154
Trd, 000023.433, 150
Trd, 000023.750, 150
Trd, 000023.800, 151
Trd, 000024.400, 148
Trd, 000024.533, 148
Trd, 000024.833, 147
Trd, 000025.067, 151
Trd, 000026.733, 149
Trd, 000027.417, 150
Trd, 000027.833, 148
Trd, 000028.300, 150
Trd, 000028.467, 158
Trd, 000029.817, 166
Trd, 000030.683, 162
Trd, 000030.867, 154
Trd, 000030.917, 152
Trd, 000031.833, 168
Trd, 000032.433, 166
Trd, 000032.650, 166
Trd, 000032.717, 165
Trd, 000032.933, 166
Trd, 000033.417, 163
Trd, 000034.850, 162
Trd, 000035.000, 164
Trd, 000036.033, 155
Trd, 000036.383, 160
Trd, 000036.400, 162
Trd, 000036.883, 154
Trd, 000037.800, 161
Trd, 000038.933, 154
Trd, 000040.300, 158
Trd, 000040.433, 153
Trd, 000041.400, 157
Trd, 000041.650, 153
Trd, 000042.083, 154
Trd, 000042.867, 154
Trd, 000042.883, 155
Trd, 000043.667, 154
Trd, 000043.817, 159
Trd, 000044.500, 152
Trd, 000045.367, 153
Trd, 000046.217, 153
Trd, 000046.533, 155
Trd, 000046.850, 145
Trd, 000048.117, 146
Trd, 000050.300, 150
Trd, 000050.367, 149
Trd, 000050.667, 148
Trd, 000050.717, 150
Trd, 000050.800, 150
Trd, 000050.867, 147
Trd, 000051.600, 160
Trd, 000051.917, 155
Trd, 000053.000, 149
Trd, 000053.900, 149
Trd, 000054.467, 152
Trd, 000054.683, 153
Trd, 000055.067, 154
Trd, 000055.200, 153
Trd, 000055.500, 154
Trd, 000057.767, 154
Trd, 000058.583, 151
Trd, 000058.967, 153
Trd, 000059.333, 153
Trd, 000059.900, 160
Trd, 000059.983, 174
Trd, 000061.117, 159
Trd, 000062.400, 157
Trd, 000063.067, 160
Trd, 000063.500, 158
Trd, 000063.533, 160
Trd, 000063.800, 161
Trd, 000064.200, 167
Trd, 000065.617, 167
Trd, 000066.100, 160
Trd, 000066.400, 168
Trd, 000066.767, 169
Trd, 000067.200, 163
Trd, 000067.800, 161
Trd, 000067.817, 158
Trd, 000068.400, 167
Trd, 000068.600, 168
Trd, 000068.617, 169
Trd, 000070.350, 165
Trd, 000072.400, 158
Trd, 000072.433, 159
Trd, 000072.667, 160
Trd, 000073.450, 159
Trd, 000073.717, 159
Trd, 000074.117, 152
Trd, 000074.667, 157
Trd, 000074.917, 156
Trd, 000075.033, 157
Trd, 000075.050, 152
Trd, 000075.100, 149
Trd, 000076.583, 149
Trd, 000078.200, 158
Trd, 000079.100, 157
Trd, 000079.183, 155
Trd, 000079.600, 158
Trd, 000080.000, 163
Trd, 000082.050, 159
Trd, 000082.200, 159
Trd, 000082.483, 158
Trd, 000082.650, 169
Trd, 000083.500, 163
Trd, 000083.733, 157
Trd, 000084.583, 170
Trd, 000084.967, 158
Trd, 000086.500, 154
Trd, 000086.767, 165
Trd, 000087.133, 152
Trd, 000087.350, 162
Trd, 000087.667, 150
Trd, 000088.383, 164
Trd, 000088.817, 162
Trd, 000089.167, 166
Trd, 000089.517, 177
Trd, 000089.767, 169
Trd, 000090.483, 153
Trd, 000090.850, 152
Trd, 000092.450, 158
Trd, 000092.467, 160
Trd, 000092.700, 159
Trd, 000094.133, 161
Trd, 000094.600, 160
Trd, 000095.133, 163
Trd, 000096.167, 160
Trd, 000096.183, 161
Trd, 000096.217, 162
Trd, 000097.350, 160
Trd, 000097.483, 162
Trd, 000098.033, 159
Trd, 000098.550, 159
Trd, 000098.950, 161
Trd, 000100.267, 161
Trd, 000100.367, 162
Trd, 000100.583, 163
Trd, 000101.467, 172
Trd, 000102.450, 166
Trd, 000103.133, 166
Trd, 000104.933, 164
Trd, 000105.100, 172
Trd, 000105.983, 167
Trd, 000107.300, 164
Trd, 000107.350, 162
Trd, 000108.650, 163
Trd, 000108.717, 162
Trd, 000108.950, 163
Trd, 000109.117, 166
Trd, 000109.517, 173
Trd, 000110.533, 173
Trd, 000110.800, 178
Trd, 000111.067, 171
Trd, 000111.450, 179
Trd, 000111.533, 186
Trd, 000111.683, 154
Trd, 000112.383, 193
Trd, 000114.833, 167
Trd, 000115.417, 172
Trd, 000116.383, 169
Trd, 000116.550, 169
Trd, 000117.583, 166
Trd, 000117.767, 167
Trd, 000118.283, 166
Trd, 000118.833, 171
Trd, 000119.733, 168
Trd, 000120.067, 168
Trd, 000121.133, 166
Trd, 000121.433, 167
Trd, 000122.200, 166
Trd, 000122.267, 167
Trd, 000122.283, 167
Trd, 000122.650, 166
Trd, 000123.367, 163
Trd, 000124.250, 169
Trd, 000126.583, 164
Trd, 000126.900, 165
Trd, 000127.300, 165
Trd, 000127.467, 165
Trd, 000127.567, 166
Trd, 000128.200, 163
Trd, 000129.467, 165
Trd, 000129.633, 166
Trd, 000130.233, 162
Trd, 000130.983, 167
Trd, 000132.467, 173
Trd, 000132.533, 174
Trd, 000132.650, 175
Trd, 000133.017, 175
Trd, 000133.483, 173
Trd, 000134.400, 170
Trd, 000134.800, 172
Trd, 000135.417, 169
Trd, 000136.050, 172
Trd, 000136.667, 171
Trd, 000136.767, 169
Trd, 000137.667, 169
Trd, 000138.383, 172
Trd, 000139.917, 168
Trd, 000140.000, 171
Trd, 000140.483, 170
Trd, 000141.133, 170
Trd, 000142.317, 170
Trd, 000142.633, 170
Trd, 000143.017, 167
Trd, 000143.450, 171
Trd, 000143.583, 158
Trd, 000143.750, 182
Trd, 000144.717, 177
Trd, 000145.450, 182
Trd, 000146.433, 177
Trd, 000146.617, 176
Trd, 000147.617, 176
Trd, 000147.667, 177
Trd, 000148.167, 177
Trd, 000148.333, 176
Trd, 000148.350, 180
Trd, 000148.667, 159
Trd, 000148.967, 177
Trd, 000149.650, 178
Trd, 000149.683, 180
Trd, 000151.233, 175
Trd, 000152.083, 175
Trd, 000152.317, 167
Trd, 000152.783, 176
Trd, 000152.850, 177
Trd, 000152.967, 183
Trd, 000153.133, 166
Trd, 000154.633, 165
Trd, 000155.900, 166
Trd, 000156.167, 165
Trd, 000156.317, 165
Trd, 000156.533, 167
Trd, 000156.767, 164
Trd, 000156.933, 171
Trd, 000157.950, 178
Trd, 000158.400, 175
Trd, 000158.450, 175
Trd, 000159.650, 169
Trd, 000160.883, 168
Trd, 000161.300, 168
Trd, 000161.400, 171
Trd, 000161.717, 172
Trd, 000162.400, 167
Trd, 000162.900, 166
Trd, 000163.417, 167
Trd, 000163.733, 167
Trd, 000164.133, 166
Trd, 000164.850, 171
Trd, 000164.867, 165
Trd, 000166.150, 176
Trd, 000167.700, 173
Trd, 000167.933, 171
Trd, 000168.517, 178
Trd, 000170.550, 173
Trd, 000170.783, 171
Trd, 000171.150, 173
Trd, 000171.283, 171
Trd, 000171.900, 171
Trd, 000172.183, 172
Trd, 000173.450, 171
Trd, 000173.550, 172
Trd, 000173.717, 161
Trd, 000174.650, 169
Trd, 000175.350, 167
Trd, 000175.867, 169
Trd, 000177.033, 169
Trd, 000177.133, 168
Trd, 000177.333, 172
Trd, 000177.783, 163
Trd, 000178.483, 172
Trd, 000179.767, 178
Trd, 000180.833, 173
Trd, 000180.917, 173
Trd, 000180.950, 175
Trd, 000181.550, 176
Trd, 000181.883, 170
Trd, 000182.167, 175
Trd, 000182.300, 177
Trd, 000183.600, 180
Trd, 000184.333, 181
Trd, 000184.950, 180
Trd, 000186.733, 177
Trd, 000187.500, 176
Trd, 000188.450, 174
Trd, 000188.800, 173
Trd, 000189.000, 174
Trd, 000189.283, 172
Trd, 000190.300, 171
Trd, 000191.067, 173
Trd, 000191.317, 173
Trd, 000191.650, 173
Trd, 000192.100, 174
Trd, 000192.633, 171
Trd, 000193.100, 174
Trd, 000193.917, 174
Trd, 000194.617, 172
Trd, 000194.683, 170
Trd, 000195.317, 181
Trd, 000195.483, 186
Trd, 000195.817, 176
Trd, 000196.000, 179
Trd, 000196.183, 181
Trd, 000196.800, 187
Trd, 000197.650, 182
Trd, 000197.783, 182
Trd, 000198.617, 174
Trd, 000199.000, 183
Trd, 000200.517, 176
Trd, 000200.783, 177
Trd, 000201.833, 174
Trd, 000201.950, 173
Trd, 000202.250, 171
Trd, 000202.967, 167
Trd, 000203.217, 167
Trd, 000203.717, 168
Trd, 000204.950, 166
Trd, 000205.267, 173
Trd, 000205.650, 170
Trd, 000206.517, 173
Trd, 000207.150, 172
Trd, 000208.167, 173
Trd, 000208.500, 175
Trd, 000208.550, 165
Trd, 000208.983, 174
Trd, 000209.317, 175
Trd, 000209.433, 172
Trd, 000211.667, 164
Trd, 000211.750, 164
Trd, 000211.933, 161
Trd, 000212.083, 174
Trd, 000212.317, 174
Trd, 000212.517, 174
Trd, 000212.767, 176
Trd, 000213.183, 189
Trd, 000213.400, 183
Trd, 000213.683, 187
Trd, 000214.300, 172
Trd, 000215.367, 189
Trd, 000216.533, 184
Trd, 000217.167, 183
Trd, 000217.783, 184
Trd, 000217.850, 185
Trd, 000218.283, 185
Trd, 000219.367, 182
Trd, 000219.617, 180
Trd, 000219.667, 182
Trd, 000220.300, 181
Trd, 000221.717, 182
Trd, 000222.150, 177
Trd, 000222.467, 180
Trd, 000222.517, 181
Trd, 000222.750, 182
Trd, 000224.067, 184
Trd, 000224.317, 176
Trd, 000225.250, 175
Trd, 000226.850, 179
Trd, 000227.033, 179
Trd, 000227.767, 174
Trd, 000227.783, 176
Trd, 000227.833, 173
Trd, 000228.117, 174
Trd, 000228.833, 190
Trd, 000229.183, 185
Trd, 000230.183, 180
Trd, 000230.333, 176
Trd, 000231.633, 185
Trd, 000232.867, 177
Trd, 000233.067, 177
Trd, 000234.567, 173
Trd, 000234.917, 175
Trd, 000235.033, 171
Trd, 000235.383, 176
Trd, 000235.883, 169
Trd, 000236.100, 170
Trd, 000236.200, 176
Trd, 000237.350, 178
Trd, 000237.367, 169
Trd, 000239.083, 175
Trd, 000239.133, 177
Trd, 000239.417, 179
Trd, 000240.133, 181
Trd, 000240.267, 179
Trd, 000240.933, 180
Trd, 000241.367, 189
Trd, 000241.400, 188
Trd, 000241.650, 188
Trd, 000242.650, 187
Trd, 000242.950, 187
Trd, 000243.000, 186
Trd, 000243.583, 183
Trd, 000243.850, 186
Trd, 000244.233, 178
Trd, 000244.267, 178
Trd, 000244.383, 166
Trd, 000245.267, 174
Trd, 000245.383, 172
Trd, 000245.883, 175
Trd, 000246.383, 174
Trd, 000247.000, 177
Trd, 000247.717, 174
Trd, 000247.900, 173
Trd, 000248.017, 172
Trd, 000248.050, 171
Trd, 000248.367, 172
Trd, 000249.267, 170
Trd, 000249.467, 172
Trd, 000250.000, 171
Trd, 000250.550, 169
Trd, 000251.367, 169
Trd, 000251.983, 170
Trd, 000252.467, 177
Trd, 000252.850, 174
Trd, 000252.900, 180
Trd, 000253.283, 177
Trd, 000254.967, 185
Trd, 000255.100, 183
Trd, 000255.233, 186
Trd, 000255.583, 184
Trd, 000255.950, 186
Trd, 000256.167, 185
Trd, 000257.233, 180
Trd, 000257.483, 184
Trd, 000257.883, 182
Trd, 000258.533, 182
Trd, 000259.767, 183
Trd, 000260.450, 183
Trd, 000260.550, 184
Trd, 000260.600, 182
Trd, 000261.467, 183
Trd, 000261.867, 181
Trd, 000261.917, 177
Trd, 000262.550, 178
Trd, 000263.250, 179
Trd, 000263.600, 176
Trd, 000264.233, 174
Trd, 000264.483, 173
Trd, 000264.767, 169
Trd, 000265.667, 178
Trd, 000265.733, 178
Trd, 000266.400, 173
Trd, 000266.517, 174
Trd, 000266.833, 180
Trd, 000267.417, 179
Trd, 000268.233, 178
Trd, 000268.283, 178
Trd, 000268.667, 180
Trd, 000269.433, 181
Trd, 000270.183, 186
Trd, 000270.317, 178
Trd, 000270.567, 183
Trd, 000271.067, 187
Trd, 000271.133, 178
Trd, 000271.167, 187
Trd, 000271.233, 188
Trd, 000271.433, 188
Trd, 000273.067, 189
Trd, 000273.417, 184
Trd, 000273.650, 179
Trd, 000274.167, 186
Trd, 000274.700, 189
Trd, 000275.133, 189
Trd, 000275.150, 192
Trd, 000275.417, 171
Trd, 000275.850, 170
Trd, 000275.983, 186
Trd, 000276.000, 173
Trd, 000276.250, 178
Trd, 000276.967, 179
Trd, 000276.983, 187
Trd, 000278.467, 177
Trd, 000278.917, 180
Trd, 000279.067, 180
Trd, 000279.300, 181
Trd, 000279.933, 181
Trd, 000280.383, 183
Trd, 000281.600, 185
Trd, 000281.667, 190
Trd, 000281.733, 196
Trd, 000282.433, 190
Trd, 000283.400, 193
Trd, 000283.900, 185
Trd, 000283.917, 193
Trd, 000284.017, 185
Trd, 000284.683, 186
Trd, 000285.183, 187
Trd, 000285.400, 186
Trd, 000285.550, 186
Trd, 000286.417, 181
Trd, 000286.467, 187
Trd, 000286.733, 179
Trd, 000287.417, 179
Trd, 000287.683, 168
Trd, 000288.083, 180
Trd, 000288.250, 180
Trd, 000288.533, 183
Trd, 000288.667, 153
Trd, 000289.017, 178
Trd, 000290.017, 191
Trd, 000290.417, 194
Trd, 000290.450, 190
Trd, 000291.283, 186
Trd, 000291.633, 186
Trd, 000292.700, 187
Trd, 000293.233, 187
Trd, 000293.467, 187
Trd, 000294.200, 189
Trd, 000294.367, 184
Trd, 000294.583, 194
Trd, 000294.633, 183
Trd, 000294.667, 182
Trd, 000294.683, 194
Trd, 000295.133, 180
Trd, 000295.450, 173
Trd, 000297.283, 174
Trd, 000297.650, 178
Trd, 000298.350, 174
Trd, 000298.650, 175
Trd, 000299.150, 176
Trd, 000299.233, 174
Trd, 000299.267, 177
Trd, 000299.433, 180
Trd, 000299.500, 172
Trd, 000299.567, 181
Trd, 000299.733, 171
