Trd, 000002.050, 103
Trd, 000002.550, 106
Trd, 000002.650, 110
Trd, 000002.733, 117
Trd, 000003.983, 113
Trd, 000004.400, 141
Trd, 000004.717, 155
Trd, 000005.717, 148
Trd, 000005.967, 149
Trd, 000006.967, 161
Trd, 000007.383, 157
Trd, 000007.800, 155
Trd, 000008.917, 147
Trd, 000008.967, 152
Trd, 000009.250, 147
Trd, 000009.450, 151
Trd, 000009.917, 150
Trd, 000010.017, 156
Trd, 000011.217, 163
Trd, 000011.400, 165
Trd, 000012.150, 165
Trd, 000012.333, 164
Trd, 000012.517, 169
Trd, 000012.800, 145
Trd, 000013.000, 155
Trd, 000014.167, 160
Trd, 000014.600, 168
Trd, 000014.833, 169
Trd, 000015.350, 176
Trd, 000015.400, 180
Trd, 000015.550, 159
Trd, 000015.700, 183
Trd, 000016.450, 160
Trd, 000017.100, 159
Trd, 000017.483, 174
Trd, 000017.583, 155
Trd, 000017.900, 158
Trd, 000019.050, 169
Trd, 000019.700, 169
Trd, 000019.750, 162
Trd, 000020.283, 162
Trd, 000021.567, 169
Trd, 000021.750, 160
Trd, 000022.200, 157
Trd, 000022.667, 157
Trd, 000023.017, 167
Trd, 000023.233, 156
Trd, 000025.017, 163
Trd, 000025.417, 163
Trd, 000025.967, 161
Trd, 000026.100, 158
Trd, 000026.400, 163
Trd, 000027.617, 168
Trd, 000027.767, 160
Trd, 000028.517, 159
Trd, 000028.633, 159
Trd, 000028.867, 165
Trd, 000030.867, 164
Trd, 000031.200, 164
Trd, 000031.250, 163
Trd, 000032.083, 161
Trd, 000032.167, 164
Trd, 000032.617, 162
Trd, 000033.383, 171
Trd, 000034.133, 164
Trd, 000034.617, 164
Trd, 000034.867, 179
Trd, 000034.967, 180
Trd, 000035.083, 160
Trd, 000035.567, 183
Trd, 000035.883, 163
Trd, 000036.550, 180
Trd, 000037.733, 164
Trd, 000038.867, 176
Trd, 000039.183, 163
Trd, 000039.583, 166
Trd, 000039.733, 174
Trd, 000040.650, 161
Trd, 000040.950, 172
Trd, 000040.967, 159
Trd, 000041.433, 158
Trd, 000042.817, 144
Trd, 000043.667, 158
Trd, 000043.900, 143
Trd, 000044.217, 159
Trd, 000044.333, 144
Trd, 000045.283, 154
Trd, 000045.317, 155
Trd, 000045.633, 154
Trd, 000047.233, 159
Trd, 000047.483, 164
Trd, 000047.583, 158
Trd, 000047.683, 164
Trd, 000047.850, 159
Trd, 000048.483, 158
Trd, 000048.967, 159
Trd, 000049.150, 170
Trd, 000050.333, 164
Trd, 000050.400, 170
Trd, 000051.050, 162
Trd, 000051.200, 179
Trd, 000052.117, 163
Trd, 000052.400, 162
Trd, 000052.717, 164
Trd, 000052.783, 161
Trd, 000053.350, 163
Trd, 000053.550, 156
Trd, 000054.383, 164
Trd, 000054.833, 144
Trd, 000055.083, 184
Trd, 000055.617, 181
Trd, 000055.783, 159
Trd, 000057.000, 166
Trd, 000057.717, 151
Trd, 000057.867, 155
Trd, 000057.900, 150
Trd, 000059.333, 163
Trd, 000059.633, 164
Trd, 000060.250, 162
Trd, 000060.367, 164
Trd, 000060.783, 160
Trd, 000061.983, 163
Trd, 000062.233, 162
Trd, 000063.300, 162
Trd, 000063.400, 177
Trd, 000064.083, 165
Trd, 000064.717, 163
Trd, 000064.767, 175
Trd, 000065.750, 173
Trd, 000065.783, 164
Trd, 000066.250, 174
Trd, 000066.583, 174
Trd, 000066.783, 162
Trd, 000067.017, 181
Trd, 000067.117, 162
Trd, 000067.617, 162
Trd, 000069.383, 161
Trd, 000069.467, 164
Trd, 000069.783, 170
Trd, 000071.050, 171
Trd, 000071.550, 165
Trd, 000071.567, 163
Trd, 000072.117, 163
Trd, 000072.333, 167
Trd, 000072.350, 168
Trd, 000072.450, 161
Trd, 000072.933, 162
Trd, 000073.850, 165
Trd, 000074.867, 164
Trd, 000075.033, 166
Trd, 000076.100, 165
Trd, 000076.383, 162
Trd, 000076.583, 167
Trd, 000077.783, 163
Trd, 000077.867, 162
Trd, 000078.317, 156
Trd, 000079.200, 169
Trd, 000079.800, 180
Trd, 000079.967, 181
Trd, 000080.333, 160
Trd, 000080.400, 182
Trd, 000081.700, 161
Trd, 000082.467, 162
Trd, 000082.517, 169
Trd, 000082.550, 160
Trd, 000082.617, 170
Trd, 000083.283, 160
Trd, 000083.600, 169
Trd, 000084.750, 158
Trd, 000085.417, 158
Trd, 000085.583, 159
Trd, 000085.867, 169
Trd, 000086.667, 160
Trd, 000087.067, 156
Trd, 000087.483, 175
Trd, 000087.583, 176
Trd, 000088.083, 158
Trd, 000088.350, 167
Trd, 000089.900, 177
Trd, 000090.233, 163
Trd, 000090.500, 160
Trd, 000090.533, 159
Trd, 000092.450, 168
Trd, 000092.633, 164
Trd, 000092.850, 172
Trd, 000093.617, 172
Trd, 000093.667, 164
Trd, 000094.450, 167
Trd, 000094.883, 169
Trd, 000095.350, 168
Trd, 000095.517, 164
Trd, 000096.017, 168
Trd, 000096.050, 168
Trd, 000096.567, 164
Trd, 000097.300, 163
Trd, 000097.833, 168
Trd, 000098.017, 169
Trd, 000098.583, 177
Trd, 000098.850, 177
Trd, 000099.083, 185
Trd, 000100.517, 177
Trd, 000101.400, 177
Trd, 000101.950, 184
Trd, 000103.200, 181
Trd, 000103.317, 185
Trd, 000104.300, 179
Trd, 000104.767, 178
Trd, 000104.833, 178
Trd, 000104.883, 176
Trd, 000105.183, 175
Trd, 000105.400, 179
Trd, 000106.467, 175
Trd, 000107.150, 178
Trd, 000107.200, 179
Trd, 000107.417, 169
Trd, 000107.633, 186
Trd, 000107.933, 168
Trd, 000108.017, 163
Trd, 000109.250, 179
Trd, 000110.500, 173
Trd, 000112.183, 174
Trd, 000112.400, 174
Trd, 000112.950, 173
Trd, 000113.400, 172
Trd, 000113.433, 168
Trd, 000113.733, 165
Trd, 000113.750, 155
Trd, 000114.083, 147
Trd, 000114.100, 138
Trd, 000114.550, 170
Trd, 000115.150, 168
Trd, 000115.533, 179
Trd, 000116.100, 184
Trd, 000117.350, 170
Trd, 000117.633, 171
Trd, 000118.683, 173
Trd, 000119.033, 187
Trd, 000119.267, 172
Trd, 000119.500, 177
Trd, 000119.617, 190
Trd, 000119.783, 176
Trd, 000120.250, 175
Trd, 000121.317, 187
Trd, 000122.133, 172
Trd, 000122.200, 188
Trd, 000122.750, 174
Trd, 000123.183, 189
Trd, 000123.867, 189
Trd, 000124.450, 177
Trd, 000124.533, 176
Trd, 000124.733, 185
Trd, 000125.150, 174
Trd, 000126.033, 168
Trd, 000126.450, 167
Trd, 000127.933, 178
Trd, 000128.383, 168
Trd, 000128.533, 166
Trd, 000129.850, 173
Trd, 000129.967, 174
Trd, 000129.983, 176
Trd, 000130.283, 172
Trd, 000130.433, 174
Trd, 000130.617, 175
Trd, 000131.117, 181
Trd, 000132.250, 176
Trd, 000132.417, 174
Trd, 000132.567, 183
Trd, 000132.617, 171
Trd, 000133.067, 184
Trd, 000133.133, 185
Trd, 000133.417, 168
Trd, 000134.000, 172
Trd, 000134.783, 170
Trd, 000135.333, 169
Trd, 000135.833, 178
Trd, 000136.267, 167
Trd, 000136.967, 178
Trd, 000137.450, 178
Trd, 000138.033, 158
Trd, 000138.800, 177
Trd, 000139.117, 174
Trd, 000140.167, 176
Trd, 000140.617, 177
Trd, 000141.533, 171
Trd, 000141.867, 172
Trd, 000142.800, 170
Trd, 000143.033, 169
Trd, 000143.050, 168
Trd, 000143.100, 158
Trd, 000143.967, 167
Trd, 000144.217, 172
Trd, 000144.450, 171
Trd, 000144.583, 173
Trd, 000145.917, 173
Trd, 000146.283, 172
Trd, 000146.650, 171
Trd, 000146.817, 173
Trd, 000146.883, 168
Trd, 000147.050, 168
Trd, 000147.100, 184
Trd, 000148.367, 187
Trd, 000149.550, 173
Trd, 000149.783, 170
Trd, 000149.883, 173
Trd, 000150.167, 171
Trd, 000150.967, 173
Trd, 000151.500, 176
Trd, 000151.567, 188
Trd, 000151.600, 173
Trd, 000152.117, 189
Trd, 000152.367, 190
Trd, 000152.500, 172
Trd, 000153.017, 174
Trd, 000153.400, 170
Trd, 000153.650, 168
Trd, 000154.150, 183
Trd, 000156.967, 175
Trd, 000157.233, 176
Trd, 000157.417, 177
Trd, 000157.450, 173
Trd, 000157.817, 177
Trd, 000157.867, 193
Trd, 000158.300, 173
Trd, 000159.083, 192
Trd, 000159.700, 193
Trd, 000159.883, 175
Trd, 000159.933, 174
Trd, 000160.000, 193
Trd, 000160.433, 173
Trd, 000160.933, 170
Trd, 000162.017, 191
Trd, 000162.883, 171
Trd, 000163.367, 176
Trd, 000163.517, 169
Trd, 000163.583, 177
Trd, 000164.900, 191
Trd, 000165.600, 180
Trd, 000165.833, 177
Trd, 000166.383, 190
Trd, 000166.417, 178
Trd, 000166.967, 180
Trd, 000167.300, 177
Trd, 000167.667, 173
Trd, 000168.067, 182
Trd, 000168.500, 185
Trd, 000168.733, 175
Trd, 000168.850, 191
Trd, 000169.033, 173
Trd, 000170.083, 170
Trd, 000170.783, 174
Trd, 000171.000, 183
Trd, 000171.883, 174
Trd, 000172.000, 155
Trd, 000172.300, 178
Trd, 000172.567, 180
Trd, 000172.667, 184
Trd, 000172.867, 158
Trd, 000173.633, 159
Trd, 000174.183, 178
Trd, 000174.650, 176
Trd, 000175.633, 178
Trd, 000176.400, 176
Trd, 000176.583, 179
Trd, 000177.550, 185
Trd, 000178.133, 182
Trd, 000178.450, 181
Trd, 000178.500, 182
Trd, 000179.367, 181
Trd, 000179.417, 191
Trd, 000179.733, 180
Trd, 000181.800, 179
Trd, 000182.017, 188
Trd, 000182.333, 181
Trd, 000183.450, 180
Trd, 000183.600, 177
Trd, 000183.617, 172
Trd, 000184.133, 186
Trd, 000184.683, 172
Trd, 000184.800, 186
Trd, 000185.000, 187
Trd, 000185.017, 187
Trd, 000185.283, 193
Trd, 000186.350, 184
Trd, 000186.417, 197
Trd, 000186.483, 173
Trd, 000186.800, 198
Trd, 000186.950, 204
Trd, 000187.717, 172
Trd, 000187.950, 171
Trd, 000188.117, 183
Trd, 000189.283, 177
Trd, 000190.200, 178
Trd, 000190.367, 180
Trd, 000191.083, 183
Trd, 000191.117, 176
Trd, 000191.200, 176
Trd, 000191.317, 184
Trd, 000191.383, 173
Trd, 000191.450, 163
Trd, 000191.550, 183
Trd, 000192.300, 174
Trd, 000192.750, 187
Trd, 000193.083, 167
Trd, 000193.167, 198
Trd, 000194.833, 176
Trd, 000195.567, 172
Trd, 000196.367, 171
Trd, 000196.733, 172
Trd, 000196.750, 175
Trd, 000196.833, 171
Trd, 000196.850, 170
Trd, 000197.583, 164
Trd, 000197.700, 163
Trd, 000198.233, 175
Trd, 000198.983, 175
Trd, 000199.450, 187
Trd, 000199.967, 176
Trd, 000200.417, 177
Trd, 000200.867, 187
Trd, 000201.250, 178
Trd, 000201.417, 188
Trd, 000202.267, 187
Trd, 000203.083, 177
Trd, 000203.350, 177
Trd, 000204.267, 199
Trd, 000205.050, 189
Trd, 000205.333, 177
Trd, 000205.517, 196
Trd, 000206.550, 198
Trd, 000207.083, 183
Trd, 000207.233, 184
Trd, 000207.317, 197
Trd, 000207.700, 196
Trd, 000208.033, 200
Trd, 000208.833, 194
Trd, 000208.967, 185
Trd, 000209.383, 184
Trd, 000210.483, 181
Trd, 000210.517, 192
Trd, 000212.133, 183
Trd, 000212.167, 185
Trd, 000212.233, 185
Trd, 000212.950, 182
Trd, 000213.767, 184
Trd, 000214.283, 184
Trd, 000214.783, 183
Trd, 000215.017, 178
Trd, 000215.150, 183
Trd, 000215.767, 176
Trd, 000216.317, 175
Trd, 000216.517, 180
Trd, 000217.467, 177
Trd, 000218.067, 173
Trd, 000219.417, 179
Trd, 000219.900, 176
Trd, 000220.250, 179
Trd, 000220.633, 177
Trd, 000220.833, 177
Trd, 000221.500, 176
Trd, 000221.800, 175
Trd, 000222.383, 175
Trd, 000222.617, 174
Trd, 000222.667, 174
Trd, 000222.767, 166
Trd, 000223.383, 172
Trd, 000223.983, 176
Trd, 000224.850, 176
Trd, 000225.517, 174
Trd, 000226.367, 177
Trd, 000227.000, 190
Trd, 000227.017, 197
Trd, 000227.383, 203
Trd, 000227.717, 208
Trd, 000228.383, 193
Trd, 000228.867, 191
Trd, 000229.417, 180
Trd, 000229.817, 188
Trd, 000230.733, 184
Trd, 000231.950, 181
Trd, 000232.067, 180
Trd, 000233.517, 182
Trd, 000233.833, 183
Trd, 000234.450, 179
Trd, 000234.650, 167
Trd, 000234.767, 184
Trd, 000235.000, 185
Trd, 000235.567, 179
Trd, 000235.733, 198
Trd, 000235.783, 182
Trd, 000236.267, 176
Trd, 000238.017, 182
Trd, 000238.700, 182
Trd, 000238.733, 180
Trd, 000239.183, 181
Trd, 000239.333, 183
Trd, 000239.583, 179
Trd, 000240.083, 179
Trd, 000240.450, 168
Trd, 000240.467, 180
Trd, 000241.167, 179
Trd, 000241.400, 180
Trd, 000241.533, 179
Trd, 000241.817, 176
Trd, 000242.050, 179
Trd, 000242.917, 179
Trd, 000243.250, 186
Trd, 000243.450, 178
Trd, 000243.867, 178
Trd, 000244.000, 180
Trd, 000244.317, 183
Trd, 000244.967, 186
Trd, 000245.750, 189
Trd, 000246.150, 185
Trd, 000246.833, 180
Trd, 000247.000, 179
Trd, 000247.583, 179
Trd, 000247.717, 178
Trd, 000247.833, 180
Trd, 000248.150, 177
Trd, 000248.400, 179
Trd, 000248.533, 175
Trd, 000248.717, 168
Trd, 000249.050, 191
Trd, 000249.733, 190
Trd, 000250.567, 178
Trd, 000250.633, 177
Trd, 000250.750, 176
Trd, 000251.150, 178
Trd, 000251.850, 172
Trd, 000252.000, 175
Trd, 000253.433, 174
Trd, 000254.333, 173
Trd, 000254.483, 172
Trd, 000254.850, 174
Trd, 000255.367, 173
Trd, 000255.650, 172
Trd, 000255.700, 174
Trd, 000255.767, 177
Trd, 000255.917, 171
Trd, 000256.050, 180
Trd, 000256.283, 180
Trd, 000256.417, 166
Trd, 000256.583, 160
Trd, 000257.067, 194
Trd, 000257.650, 193
Trd, 000258.500, 173
Trd, 000258.583, 188
Trd, 000258.633, 189
Trd, 000259.150, 168
Trd, 000259.217, 194
Trd, 000259.683, 168
Trd, 000260.000, 167
Trd, 000260.767, 168
Trd, 000261.150, 177
Trd, 000261.333, 173
Trd, 000261.467, 172
Trd, 000261.583, 171
Trd, 000261.883, 174
Trd, 000262.767, 175
Trd, 000263.183, 170
Trd, 000263.450, 174
Trd, 000263.583, 163
Trd, 000264.133, 163
Trd, 000264.350, 162
Trd, 000264.783, 159
Trd, 000264.800, 163
Trd, 000265.000, 166
Trd, 000265.283, 167
Trd, 000265.867, 170
Trd, 000266.050, 181
Trd, 000266.233, 168
Trd, 000266.433, 166
Trd, 000266.867, 166
Trd, 000267.450, 169
Trd, 000267.483, 168
Trd, 000268.117, 167
Trd, 000268.383, 168
Trd, 000268.483, 171
Trd, 000269.467, 170
Trd, 000269.550, 168
Trd, 000270.317, 154
Trd, 000270.467, 165
Trd, 000270.650, 164
Trd, 000271.450, 163
Trd, 000271.633, 152
Trd, 000271.967, 157
Trd, 000271.983, 168
Trd, 000272.000, 156
Trd, 000272.100, 174
Trd, 000272.333, 175
Trd, 000273.483, 179
Trd, 000273.550, 182
Trd, 000274.233, 178
Trd, 000274.300, 178
Trd, 000274.450, 190
Trd, 000275.800, 177
Trd, 000276.400, 195
Trd, 000276.467, 189
Trd, 000276.483, 196
Trd, 000276.850, 180
Trd, 000277.533, 181
Trd, 000277.933, 193
Trd, 000278.300, 191
Trd, 000278.500, 184
Trd, 000278.633, 185
Trd, 000278.750, 184
Trd, 000279.100, 183
Trd, 000279.200, 181
Trd, 000279.233, 184
Trd, 000280.083, 176
Trd, 000280.433, 181
Trd, 000280.533, 169
Trd, 000281.617, 166
Trd, 000281.850, 171
Trd, 000282.383, 161
Trd, 000282.433, 162
Trd, 000282.817, 155
Trd, 000282.950, 159
Trd, 000283.533, 155
Trd, 000283.633, 167
Trd, 000284.167, 152
Trd, 000284.933, 174
Trd, 000285.217, 159
Trd, 000285.233, 158
Trd, 000285.783, 175
Trd, 000285.967, 170
Trd, 000286.317, 173
Trd, 000286.650, 176
Trd, 000286.817, 177
Trd, 000286.933, 175
Trd, 000287.283, 172
Trd, 000288.350, 172
Trd, 000288.833, 171
Trd, 000289.233, 178
Trd, 000289.383, 171
Trd, 000289.567, 178
Trd, 000289.667, 170
Trd, 000290.317, 156
Trd, 000290.800, 165
Trd, 000291.250, 163
Trd, 000291.500, 160
Trd, 000291.683, 156
Trd, 000291.750, 166
Trd, 000291.767, 177
Trd, 000291.867, 184
Trd, 000292.500, 178
Trd, 000293.083, 178
Trd, 000293.183, 172
Trd, 000293.317, 179
Trd, 000293.750, 205
Trd, 000293.933, 165
Trd, 000293.967, 208
Trd, 000294.117, 164
Trd, 000294.500, 211
Trd, 000295.067, 209
Trd, 000295.400, 208
Trd, 000295.450, 204
Trd, 000295.567, 173
Trd, 000296.483, 173
Trd, 000297.583, 190
Trd, 000297.850, 176
Trd, 000297.933, 178
Trd, 000298.850, 188
Trd, 000299.233, 205
Trd, 000299.350, 184
Trd, 000299.483, 183
Trd, 000299.983, 183
