Trd, 000002.717, 116
Trd, 000002.800, 117
Trd, 000003.383, 120
Trd, 000004.033, 120
Trd, 000004.083, 135
Trd, 000004.200, 141
Trd, 000004.317, 144
Trd, 000004.367, 150
Trd, 000005.683, 128
Trd, 000006.533, 133
Trd, 000006.667, 154
Trd, 000007.733, 125
Trd, 000008.583, 125
Trd, 000008.767, 131
Trd, 000008.917, 125
Trd, 000009.067, 130
Trd, 000010.133, 130
Trd, 000011.150, 129
Trd, 000012.000, 138
Trd, 000012.783, 142
Trd, 000013.617, 140
Trd, 000013.933, 145
Trd, 000014.017, 155
Trd, 000014.133, 163
Trd, 000014.400, 141
Trd, 000015.767, 145
Trd, 000016.017, 145
Trd, 000017.200, 147
Trd, 000017.417, 155
Trd, 000017.533, 156
Trd, 000018.083, 150
Trd, 000018.183, 147
Trd, 000018.550, 151
Trd, 000018.983, 132
Trd, 000019.017, 155
Trd, 000019.717, 140
Trd, 000020.267, 140
Trd, 000020.417, 139
Trd, 000021.383, 145
Trd, 000021.633, 164
Trd, 000021.667, 146
Trd, 000022.383, 146
Trd, 000022.683, 168
Trd, 000023.250, 127
Trd, 000024.200, 145
Trd, 000024.667, 146
Trd, 000025.017, 147
Trd, 000025.217, 137
Trd, 000025.417, 149
Trd, 000026.467, 136
Trd, 000028.333, 144
Trd, 000028.550, 144
Trd, 000029.017, 144
Trd, 000029.250, 144
Trd, 000029.617, 144
Trd, 000030.033, 146
Trd, 000030.250, 147
Trd, 000030.683, 149
Trd, 000030.817, 143
Trd, 000031.617, 143
Trd, 000032.000, 171
Trd, 000032.617, 171
Trd, 000033.000, 165
Trd, 000033.167, 165
Trd, 000035.883, 144
Trd, 000036.567, 145
Trd, 000036.767, 143
Trd, 000037.250, 144
Trd, 000037.333, 135
Trd, 000037.533, 147
Trd, 000039.867, 144
Trd, 000040.300, 144
Trd, 000040.550, 145
Trd, 000041.033, 147
Trd, 000041.300, 143
Trd, 000042.350, 143
Trd, 000042.767, 142
Trd, 000043.117, 141
Trd, 000043.567, 142
Trd, 000044.167, 144
Trd, 000045.117, 147
Trd, 000045.583, 148
Trd, 000046.267, 160
Trd, 000046.367, 147
Trd, 000046.500, 145
Trd, 000047.667, 147
Trd, 000048.083, 147
Trd, 000048.350, 146
Trd, 000048.617, 147
Trd, 000049.100, 136
Trd, 000049.250, 147
Trd, 000049.267, 148
Trd, 000051.067, 141
Trd, 000051.133, 149
Trd, 000051.683, 140
Trd, 000052.083, 166
Trd, 000052.500, 147
Trd, 000054.050, 144
Trd, 000055.033, 157
Trd, 000056.850, 152
Trd, 000056.883, 149
Trd, 000056.900, 154
Trd, 000057.000, 148
Trd, 000057.717, 136
Trd, 000059.383, 146
Trd, 000059.567, 147
Trd, 000059.667, 140
Trd, 000059.883, 147
Trd, 000060.167, 132
Trd, 000060.883, 149
Trd, 000061.733, 150
Trd, 000061.917, 168
Trd, 000062.250, 162
Trd, 000062.367, 162
Trd, 000063.383, 161
Trd, 000063.467, 150
Trd, 000064.217, 164
Trd, 000064.417, 143
Trd, 000065.167, 160
Trd, 000065.217, 139
Trd, 000065.400, 137
Trd, 000065.417, 166
Trd, 000065.667, 137
Trd, 000066.250, 150
Trd, 000066.283, 158
Trd, 000066.300, 168
Trd, 000067.400, 170
Trd, 000067.867, 159
Trd, 000070.583, 156
Trd, 000070.700, 162
Trd, 000070.917, 155
Trd, 000071.267, 152
Trd, 000071.533, 151
Trd, 000071.733, 160
Trd, 000071.750, 150
Trd, 000072.783, 143
Trd, 000072.950, 144
Trd, 000073.517, 138
Trd, 000074.917, 137
Trd, 000075.050, 148
Trd, 000075.517, 148
Trd, 000075.917, 139
Trd, 000075.933, 149
Trd, 000076.433, 144
Trd, 000076.517, 150
Trd, 000077.650, 148
Trd, 000078.250, 152
Trd, 000078.750, 149
Trd, 000079.150, 162
Trd, 000079.200, 151
Trd, 000079.733, 163
Trd, 000079.833, 153
Trd, 000081.533, 154
Trd, 000082.083, 152
Trd, 000083.533, 149
Trd, 000083.700, 142
Trd, 000083.867, 149
Trd, 000084.650, 149
Trd, 000084.783, 151
Trd, 000084.800, 152
Trd, 000084.850, 149
Trd, 000085.333, 161
Trd, 000086.367, 156
Trd, 000086.383, 155
Trd, 000087.200, 154
Trd, 000087.217, 153
Trd, 000087.250, 159
Trd, 000087.433, 171
Trd, 000087.733, 165
Trd, 000090.433, 140
Trd, 000091.183, 147
Trd, 000091.867, 140
Trd, 000092.750, 143
Trd, 000092.967, 143
Trd, 000093.350, 141
Trd, 000094.167, 143
Trd, 000094.617, 144
Trd, 000094.967, 152
Trd, 000095.467, 153
Trd, 000095.483, 146
Trd, 000096.350, 147
Trd, 000096.833, 165
Trd, 000096.867, 146
Trd, 000097.933, 163
Trd, 000098.283, 151
Trd, 000099.500, 153
Trd, 000100.317, 152
Trd, 000100.683, 153
Trd, 000101.367, 154
Trd, 000101.817, 156
Trd, 000102.917, 156
Trd, 000103.083, 167
Trd, 000103.500, 145
Trd, 000104.183, 170
Trd, 000104.233, 172
Trd, 000104.717, 175
Trd, 000105.100, 148
Trd, 000105.967, 174
Trd, 000106.167, 151
Trd, 000107.633, 153
Trd, 000108.150, 153
Trd, 000108.367, 154
Trd, 000108.533, 147
Trd, 000108.767, 155
Trd, 000110.067, 141
Trd, 000110.900, 148
Trd, 000111.100, 147
Trd, 000112.217, 140
Trd, 000112.717, 142
Trd, 000113.167, 147
Trd, 000113.200, 155
Trd, 000113.233, 143
Trd, 000114.767, 163
Trd, 000115.683, 147
Trd, 000116.167, 149
Trd, 000117.083, 145
Trd, 000117.150, 150
Trd, 000117.450, 150
Trd, 000118.533, 153
Trd, 000118.600, 155
Trd, 000118.767, 147
Trd, 000119.033, 147
Trd, 000119.233, 166
Trd, 000120.417, 167
Trd, 000120.550, 171
Trd, 000120.883, 173
Trd, 000121.267, 166
Trd, 000121.750, 165
Trd, 000122.350, 171
Trd, 000122.617, 172
Trd, 000123.050, 166
Trd, 000123.100, 174
Trd, 000123.917, 142
Trd, 000124.750, 160
Trd, 000125.467, 169
Trd, 000126.100, 170
Trd, 000126.583, 185
Trd, 000126.750, 170
Trd, 000127.250, 170
Trd, 000127.483, 171
Trd, 000127.850, 168
Trd, 000127.900, 172
Trd, 000128.300, 173
Trd, 000129.800, 137
Trd, 000131.300, 152
Trd, 000131.750, 145
Trd, 000132.000, 158
Trd, 000133.467, 153
Trd, 000133.617, 148
Trd, 000133.833, 155
Trd, 000135.050, 154
Trd, 000136.083, 156
Trd, 000136.433, 157
Trd, 000136.733, 155
Trd, 000137.533, 169
Trd, 000137.767, 155
Trd, 000137.917, 154
Trd, 000138.583, 155
Trd, 000140.917, 159
Trd, 000141.100, 159
Trd, 000141.333, 160
Trd, 000141.383, 161
Trd, 000141.717, 162
Trd, 000142.333, 159
Trd, 000142.417, 163
Trd, 000142.683, 172
Trd, 000143.550, 159
Trd, 000144.200, 175
Trd, 000145.050, 163
Trd, 000145.083, 160
Trd, 000145.867, 158
Trd, 000146.933, 147
Trd, 000147.467, 154
Trd, 000147.833, 155
Trd, 000148.017, 156
Trd, 000148.317, 147
Trd, 000148.333, 157
Trd, 000148.750, 159
Trd, 000149.300, 168
Trd, 000149.867, 148
Trd, 000150.433, 159
Trd, 000151.117, 149
Trd, 000152.117, 158
Trd, 000152.650, 159
Trd, 000153.383, 148
Trd, 000155.300, 153
Trd, 000155.400, 153
Trd, 000155.900, 157
Trd, 000156.517, 158
Trd, 000157.400, 159
Trd, 000157.983, 160
Trd, 000158.033, 159
Trd, 000158.900, 161
Trd, 000159.433, 159
Trd, 000160.200, 139
Trd, 000160.717, 156
Trd, 000161.433, 159
Trd, 000161.883, 171
Trd, 000162.217, 144
Trd, 000164.067, 155
Trd, 000164.333, 157
Trd, 000164.500, 158
Trd, 000164.717, 157
Trd, 000164.733, 172
Trd, 000165.083, 178
Trd, 000165.933, 159
Trd, 000166.400, 159
Trd, 000166.450, 156
Trd, 000166.583, 160
Trd, 000168.133, 160
Trd, 000168.233, 160
Trd, 000168.417, 160
Trd, 000168.650, 160
Trd, 000168.700, 161
Trd, 000169.167, 178
Trd, 000169.850, 162
Trd, 000170.250, 162
Trd, 000170.817, 161
Trd, 000171.033, 149
Trd, 000172.117, 170
Trd, 000172.383, 147
Trd, 000173.217, 169
Trd, 000175.083, 161
Trd, 000175.650, 164
Trd, 000176.150, 173
Trd, 000176.683, 167
Trd, 000176.800, 167
Trd, 000177.733, 173
Trd, 000178.283, 168
Trd, 000179.400, 173
Trd, 000179.433, 172
Trd, 000180.050, 171
Trd, 000180.383, 164
Trd, 000180.400, 162
Trd, 000181.667, 171
Trd, 000181.883, 170
Trd, 000182.483, 171
Trd, 000183.017, 170
Trd, 000183.333, 180
Trd, 000183.417, 151
Trd, 000186.050, 154
Trd, 000186.117, 159
Trd, 000186.517, 158
Trd, 000186.683, 159
Trd, 000187.933, 159
Trd, 000188.233, 160
Trd, 000188.383, 159
Trd, 000188.550, 158
Trd, 000189.900, 159
Trd, 000190.817, 160
Trd, 000192.200, 156
Trd, 000193.167, 157
Trd, 000193.367, 160
Trd, 000194.100, 157
Trd, 000194.717, 161
Trd, 000194.933, 157
Trd, 000195.333, 158
Trd, 000195.733, 158
Trd, 000196.717, 153
Trd, 000197.483, 159
Trd, 000197.850, 159
Trd, 000198.283, 167
Trd, 000198.767, 167
Trd, 000199.167, 157
Trd, 000199.717, 167
Trd, 000200.900, 164
Trd, 000201.183, 160
Trd, 000201.200, 175
Trd, 000201.533, 158
Trd, 000202.000, 140
Trd, 000202.950, 177
Trd, 000203.533, 153
Trd, 000203.967, 154
Trd, 000204.433, 155
Trd, 000205.200, 154
Trd, 000205.667, 161
Trd, 000206.083, 156
Trd, 000206.133, 160
Trd, 000206.533, 158
Trd, 000207.117, 158
Trd, 000207.150, 162
Trd, 000207.867, 161
Trd, 000208.100, 160
Trd, 000208.217, 161
Trd, 000208.700, 160
Trd, 000209.183, 159
Trd, 000209.800, 162
Trd, 000209.950, 160
Trd, 000210.117, 162
Trd, 000210.317, 165
Trd, 000211.483, 176
Trd, 000211.700, 176
Trd, 000212.050, 177
Trd, 000212.850, 176
Trd, 000213.483, 175
Trd, 000213.717, 151
Trd, 000214.017, 181
Trd, 000215.400, 175
Trd, 000215.983, 144
Trd, 000216.550, 174
Trd, 000216.800, 175
Trd, 000218.167, 165
Trd, 000218.433, 160
Trd, 000219.117, 165
Trd, 000219.150, 166
Trd, 000220.467, 164
Trd, 000220.883, 166
Trd, 000220.933, 157
Trd, 000220.983, 184
Trd, 000222.517, 166
Trd, 000222.750, 167
Trd, 000223.400, 167
Trd, 000223.533, 166
Trd, 000224.100, 171
Trd, 000224.667, 166
Trd, 000224.700, 184
Trd, 000226.133, 176
Trd, 000226.200, 173
Trd, 000226.350, 171
Trd, 000226.483, 170
Trd, 000226.667, 167
Trd, 000227.550, 174
Trd, 000228.200, 155
Trd, 000228.383, 174
Trd, 000228.700, 175
Trd, 000229.117, 188
Trd, 000229.500, 191
Trd, 000229.650, 158
Trd, 000231.150, 176
Trd, 000231.633, 177
Trd, 000232.233, 160
Trd, 000233.267, 158
Trd, 000233.750, 154
Trd, 000233.917, 175
Trd, 000234.467, 166
Trd, 000235.267, 164
Trd, 000235.850, 167
Trd, 000236.017, 160
Trd, 000236.217, 169
Trd, 000236.850, 166
Trd, 000237.450, 165
Trd, 000238.867, 165
Trd, 000239.500, 168
Trd, 000239.833, 167
Trd, 000239.900, 167
Trd, 000240.050, 167
Trd, 000240.067, 166
Trd, 000240.167, 170
Trd, 000240.183, 179
Trd, 000240.683, 181
Trd, 000241.383, 154
Trd, 000241.517, 180
Trd, 000242.183, 157
Trd, 000242.333, 160
Trd, 000242.533, 160
Trd, 000242.733, 177
Trd, 000243.017, 159
Trd, 000243.433, 156
Trd, 000243.467, 179
Trd, 000244.117, 151
Trd, 000244.650, 181
Trd, 000245.917, 158
Trd, 000246.933, 168
Trd, 000246.983, 169
Trd, 000247.117, 167
Trd, 000247.700, 171
Trd, 000247.850, 173
Trd, 000249.583, 170
Trd, 000249.733, 171
Trd, 000249.950, 169
Trd, 000250.150, 156
Trd, 000251.050, 162
Trd, 000251.600, 163
Trd, 000251.617, 165
Trd, 000251.983, 161
Trd, 000252.617, 162
Trd, 000252.983, 161
Trd, 000253.150, 162
Trd, 000253.533, 161
Trd, 000253.883, 162
Trd, 000255.250, 172
Trd, 000255.450, 175
Trd, 000255.550, 175
Trd, 000255.883, 176
Trd, 000256.683, 174
Trd, 000257.800, 180
Trd, 000258.700, 182
Trd, 000258.833, 176
Trd, 000259.033, 162
Trd, 000259.733, 174
Trd, 000259.800, 175
Trd, 000260.417, 162
Trd, 000260.600, 162
Trd, 000260.767, 166
Trd, 000261.133, 161
Trd, 000261.217, 170
Trd, 000261.350, 175
Trd, 000262.600, 167
Trd, 000262.683, 170
Trd, 000262.767, 176
Trd, 000262.983, 177
Trd, 000263.683, 177
Trd, 000264.017, 169
Trd, 000264.383, 168
Trd, 000264.650, 170
Trd, 000265.233, 173
Trd, 000265.433, 171
Trd, 000266.167, 172
Trd, 000266.250, 171
Trd, 000266.533, 175
Trd, 000266.667, 175
Trd, 000266.733, 171
Trd, 000267.033, 175
Trd, 000268.050, 171
Trd, 000268.433, 176
Trd, 000269.633, 178
Trd, 000269.817, 172
Trd, 000270.300, 180
Trd, 000270.417, 182
Trd, 000270.617, 180
Trd, 000270.917, 182
Trd, 000271.417, 182
Trd, 000271.967, 185
Trd, 000272.150, 183
Trd, 000272.483, 171
Trd, 000273.317, 157
Trd, 000273.683, 165
Trd, 000274.267, 163
Trd, 000274.800, 164
Trd, 000275.600, 156
Trd, 000276.017, 163
Trd, 000276.217, 162
Trd, 000276.250, 168
Trd, 000276.450, 161
Trd, 000277.083, 171
Trd, 000277.450, 165
Trd, 000277.950, 178
Trd, 000278.783, 168
Trd, 000279.233, 165
Trd, 000279.500, 170
Trd, 000280.933, 176
Trd, 000281.450, 165
Trd, 000281.533, 173
Trd, 000281.817, 174
Trd, 000282.383, 170
Trd, 000282.683, 169
Trd, 000283.117, 176
Trd, 000283.333, 179
Trd, 000283.600, 179
Trd, 000284.033, 184
Trd, 000284.567, 178
Trd, 000284.800, 170
Trd, 000285.033, 169
Trd, 000285.050, 170
Trd, 000285.200, 168
Trd, 000285.817, 181
Trd, 000285.850, 159
Trd, 000287.200, 171
Trd, 000287.217, 180
Trd, 000288.533, 172
Trd, 000288.817, 173
Trd, 000288.950, 184
Trd, 000289.633, 161
Trd, 000290.150, 174
Trd, 000291.300, 176
Trd, 000291.783, 177
Trd, 000291.900, 177
Trd, 000292.250, 177
Trd, 000292.367, 176
Trd, 000293.150, 176
Trd, 000293.750, 176
Trd, 000293.817, 177
Trd, 000294.000, 175
Trd, 000294.633, 177
Trd, 000294.867, 180
Trd, 000294.917, 176
Trd, 000295.017, 191
Trd, 000295.167, 198
Trd, 000295.967, 180
Trd, 000296.283, 173
Trd, 000296.417, 159
Trd, 000297.683, 160
Trd, 000298.133, 171
Trd, 000298.283, 158
Trd, 000298.650, 174
Trd, 000299.317, 181
Trd, 000299.667, 186
