Trd, 000001.617, 172
Trd, 000001.650, 165
Trd, 000002.650, 143
Trd, 000002.700, 144
Trd, 000002.983, 139
Trd, 000003.083, 144
Trd, 000004.533, 200
Trd, 000004.650, 144
Trd, 000005.500, 153
Trd, 000006.217, 151
Trd, 000006.750, 151
Trd, 000007.617, 149
Trd, 000007.700, 147
Trd, 000007.733, 148
Trd, 000008.017, 134
Trd, 000008.817, 142
Trd, 000009.667, 146
Trd, 000009.750, 148
Trd, 000011.100, 161
Trd, 000011.183, 161
Trd, 000012.167, 154
Trd, 000012.583, 162
Trd, 000013.567, 163
Trd, 000014.000, 146
Trd, 000015.483, 153
Trd, 000015.950, 153
Trd, 000016.783, 153
Trd, 000017.150, 153
Trd, 000017.267, 153
Trd, 000017.300, 148
Trd, 000018.133, 152
Trd, 000019.033, 159
Trd, 000019.483, 156
Trd, 000020.367, 153
Trd, 000021.050, 152
Trd, 000021.233, 155
Trd, 000021.583, 156
Trd, 000021.983, 157
Trd, 000022.500, 156
Trd, 000022.867, 157
Trd, 000023.233, 153
Trd, 000023.667, 156
Trd, 000024.250, 153
Trd, 000025.067, 152
Trd, 000025.083, 153
Trd, 000026.133, 154
Trd, 000028.033, 152
Trd, 000028.633, 152
Trd, 000029.033, 152
Trd, 000029.333, 152
Trd, 000029.850, 150
Trd, 000029.867, 153
Trd, 000030.283, 154
Trd, 000030.900, 156
Trd, 000031.283, 149
Trd, 000032.183, 164
Trd, 000033.533, 159
Trd, 000034.483, 156
Trd, 000034.650, 157
Trd, 000034.983, 158
Trd, 000036.200, 155
Trd, 000036.467, 154
Trd, 000036.667, 157
Trd, 000037.033, 157
Trd, 000037.050, 158
Trd, 000038.717, 157
Trd, 000038.983, 155
Trd, 000039.117, 156
Trd, 000040.017, 156
Trd, 000040.200, 154
Trd, 000040.233, 161
Trd, 000041.167, 155
Trd, 000041.583, 156
Trd, 000041.733, 158
Trd, 000043.550, 165
Trd, 000044.550, 166
Trd, 000045.050, 165
Trd, 000046.450, 162
Trd, 000046.717, 162
Trd, 000047.150, 161
Trd, 000047.183, 156
Trd, 000047.700, 162
Trd, 000048.567, 167
Trd, 000049.000, 163
Trd, 000050.500, 159
Trd, 000051.733, 155
Trd, 000052.300, 152
Trd, 000052.783, 152
Trd, 000053.067, 152
Trd, 000053.167, 152
Trd, 000053.233, 151
Trd, 000053.817, 151
Trd, 000054.267, 151
Trd, 000054.417, 152
Trd, 000055.583, 150
Trd, 000056.033, 149
Trd, 000056.800, 151
Trd, 000056.833, 152
Trd, 000058.100, 152
Trd, 000058.750, 150
Trd, 000059.250, 150
Trd, 000059.400, 150
Trd, 000060.633, 167
Trd, 000060.700, 168
Trd, 000061.667, 149
Trd, 000063.267, 162
Trd, 000063.333, 163
Trd, 000063.767, 142
Trd, 000065.417, 159
Trd, 000065.900, 165
Trd, 000066.200, 162
Trd, 000066.417, 165
Trd, 000066.683, 162
Trd, 000068.117, 162
Trd, 000068.367, 163
Trd, 000069.533, 159
Trd, 000069.633, 158
Trd, 000070.000, 159
Trd, 000070.600, 158
Trd, 000070.667, 160
Trd, 000071.117, 157
Trd, 000072.067, 158
Trd, 000072.450, 157
Trd, 000073.667, 154
Trd, 000073.750, 155
Trd, 000074.517, 155
Trd, 000074.717, 151
Trd, 000075.067, 153
Trd, 000075.983, 152
Trd, 000076.800, 153
Trd, 000076.833, 154
Trd, 000077.250, 152
Trd, 000078.767, 152
Trd, 000078.950, 153
Trd, 000079.300, 154
Trd, 000079.983, 153
Trd, 000081.117, 151
Trd, 000081.283, 152
Trd, 000081.583, 153
Trd, 000082.150, 150
Trd, 000082.333, 152
Trd, 000083.017, 154
Trd, 000083.433, 154
Trd, 000084.550, 152
Trd, 000084.750, 153
Trd, 000085.033, 153
Trd, 000085.100, 156
Trd, 000085.817, 152
Trd, 000086.467, 154
Trd, 000086.717, 150
Trd, 000087.000, 156
Trd, 000087.317, 146
Trd, 000089.333, 155
Trd, 000090.083, 155
Trd, 000090.100, 154
Trd, 000090.150, 157
Trd, 000090.733, 154
Trd, 000091.633, 171
Trd, 000091.700, 174
Trd, 000092.483, 176
Trd, 000092.583, 174
Trd, 000092.667, 181
Trd, 000093.717, 170
Trd, 000094.467, 171
Trd, 000094.833, 169
Trd, 000094.933, 169
Trd, 000095.317, 170
Trd, 000096.283, 169
Trd, 000096.950, 167
Trd, 000097.600, 153
Trd, 000098.217, 166
Trd, 000098.900, 158
Trd, 000099.200, 162
Trd, 000099.933, 160
Trd, 000101.883, 157
Trd, 000101.933, 159
Trd, 000102.483, 159
Trd, 000102.800, 159
Trd, 000103.033, 175
Trd, 000103.067, 160
Trd, 000103.783, 170
Trd, 000104.850, 166
Trd, 000105.017, 159
Trd, 000105.100, 167
Trd, 000105.917, 166
Trd, 000106.633, 167
Trd, 000107.917, 161
Trd, 000108.283, 165
Trd, 000108.683, 146
Trd, 000108.717, 164
Trd, 000109.100, 145
Trd, 000110.100, 161
Trd, 000110.833, 157
Trd, 000111.183, 158
Trd, 000111.683, 161
Trd, 000112.433, 155
Trd, 000113.067, 161
Trd, 000114.000, 145
Trd, 000114.267, 157
Trd, 000115.617, 153
Trd, 000116.100, 155
Trd, 000116.233, 155
Trd, 000117.133, 156
Trd, 000117.467, 159
Trd, 000117.717, 161
Trd, 000118.233, 160
Trd, 000118.600, 156
Trd, 000120.217, 158
Trd, 000120.333, 157
Trd, 000121.017, 158
Trd, 000121.050, 157
Trd, 000122.083, 156
Trd, 000123.000, 155
Trd, 000123.733, 156
Trd, 000124.317, 156
Trd, 000124.367, 156
Trd, 000124.800, 160
Trd, 000125.683, 158
Trd, 000125.950, 157
Trd, 000126.317, 156
Trd, 000126.800, 155
Trd, 000127.050, 170
Trd, 000128.200, 158
Trd, 000128.583, 178
Trd, 000128.967, 159
Trd, 000130.417, 162
Trd, 000131.383, 164
Trd, 000131.667, 163
Trd, 000132.033, 163
Trd, 000132.367, 163
Trd, 000132.733, 164
Trd, 000133.000, 195
Trd, 000133.883, 178
Trd, 000134.583, 168
Trd, 000134.933, 171
Trd, 000135.250, 181
Trd, 000137.167, 157
Trd, 000137.783, 167
Trd, 000137.950, 165
Trd, 000138.583, 164
Trd, 000139.067, 165
Trd, 000139.150, 166
Trd, 000139.250, 163
Trd, 000139.750, 162
Trd, 000140.517, 170
Trd, 000141.250, 169
Trd, 000142.300, 167
Trd, 000142.350, 168
Trd, 000142.733, 169
Trd, 000143.317, 159
Trd, 000144.017, 171
Trd, 000144.233, 176
Trd, 000144.483, 179
Trd, 000145.933, 171
Trd, 000147.183, 168
Trd, 000148.167, 166
Trd, 000148.300, 165
Trd, 000148.600, 166
Trd, 000148.783, 166
Trd, 000150.217, 166
Trd, 000151.017, 165
Trd, 000151.333, 161
Trd, 000152.033, 161
Trd, 000152.317, 162
Trd, 000153.383, 161
Trd, 000153.917, 161
Trd, 000154.633, 160
Trd, 000155.083, 159
Trd, 000155.433, 160
Trd, 000155.467, 160
Trd, 000156.083, 160
Trd, 000157.217, 163
Trd, 000158.433, 164
Trd, 000158.650, 165
Trd, 000158.950, 166
Trd, 000159.067, 177
Trd, 000159.150, 182
Trd, 000159.400, 160
Trd, 000160.267, 177
Trd, 000160.483, 174
Trd, 000160.850, 173
Trd, 000161.833, 173
Trd, 000162.300, 169
Trd, 000162.667, 171
Trd, 000162.800, 172
Trd, 000163.267, 170
Trd, 000165.600, 169
Trd, 000166.333, 167
Trd, 000166.600, 168
Trd, 000167.167, 168
Trd, 000167.300, 169
Trd, 000167.467, 169
Trd, 000168.217, 165
Trd, 000168.817, 169
Trd, 000170.200, 165
Trd, 000170.683, 165
Trd, 000170.750, 164
Trd, 000171.417, 164
Trd, 000172.083, 164
Trd, 000172.950, 165
Trd, 000173.733, 165
Trd, 000174.217, 166
Trd, 000175.217, 165
Trd, 000175.283, 164
Trd, 000175.950, 164
Trd, 000176.867, 164
Trd, 000176.917, 164
Trd, 000178.050, 164
Trd, 000178.583, 166
Trd, 000179.767, 166
Trd, 000180.500, 165
Trd, 000180.533, 164
Trd, 000180.600, 165
Trd, 000180.950, 162
Trd, 000181.233, 166
Trd, 000181.500, 146
Trd, 000181.967, 179
Trd, 000182.533, 145
Trd, 000182.600, 164
Trd, 000182.683, 164
Trd, 000182.717, 165
Trd, 000184.683, 164
Trd, 000185.133, 160
Trd, 000185.750, 164
Trd, 000186.167, 163
Trd, 000186.667, 166
Trd, 000188.150, 184
Trd, 000188.317, 174
Trd, 000188.350, 170
Trd, 000189.600, 170
Trd, 000190.017, 163
Trd, 000190.883, 168
Trd, 000191.117, 169
Trd, 000191.400, 170
Trd, 000191.683, 169
Trd, 000192.650, 169
Trd, 000193.317, 170
Trd, 000194.050, 170
Trd, 000194.100, 168
Trd, 000194.233, 174
Trd, 000195.500, 170
Trd, 000196.733, 171
Trd, 000197.017, 171
Trd, 000197.133, 172
Trd, 000197.517, 172
Trd, 000198.067, 181
Trd, 000199.650, 171
Trd, 000199.800, 175
Trd, 000199.817, 175
Trd, 000200.467, 170
Trd, 000203.283, 171
Trd, 000203.483, 173
Trd, 000203.500, 173
Trd, 000204.733, 171
Trd, 000205.167, 173
Trd, 000205.350, 175
Trd, 000205.817, 170
Trd, 000206.200, 182
Trd, 000206.900, 175
Trd, 000207.283, 169
Trd, 000207.783, 178
Trd, 000210.233, 174
Trd, 000210.433, 174
Trd, 000210.917, 173
Trd, 000211.283, 172
Trd, 000211.850, 172
Trd, 000212.983, 172
Trd, 000213.233, 165
Trd, 000213.433, 173
Trd, 000213.883, 174
Trd, 000214.167, 175
Trd, 000214.833, 172
Trd, 000215.067, 173
Trd, 000216.233, 172
Trd, 000216.500, 172
Trd, 000217.467, 170
Trd, 000217.883, 170
Trd, 000218.167, 171
Trd, 000218.233, 172
Trd, 000218.650, 177
Trd, 000218.750, 186
Trd, 000219.400, 177
Trd, 000220.483, 176
Trd, 000221.017, 176
Trd, 000221.900, 177
Trd, 000222.150, 178
Trd, 000222.283, 184
Trd, 000222.817, 187
Trd, 000223.217, 173
Trd, 000223.400, 173
Trd, 000225.333, 173
Trd, 000225.767, 168
Trd, 000226.233, 170
Trd, 000227.150, 169
Trd, 000227.467, 169
Trd, 000227.750, 171
Trd, 000229.400, 170
Trd, 000229.517, 167
Trd, 000230.750, 170
Trd, 000230.767, 171
Trd, 000231.050, 169
Trd, 000231.517, 168
Trd, 000232.717, 169
Trd, 000234.917, 169
Trd, 000235.350, 170
Trd, 000235.483, 171
Trd, 000236.033, 171
Trd, 000236.250, 170
Trd, 000236.717, 170
Trd, 000236.733, 168
Trd, 000237.183, 172
Trd, 000237.700, 172
Trd, 000238.400, 168
Trd, 000239.100, 169
Trd, 000239.683, 171
Trd, 000239.850, 186
Trd, 000240.883, 174
Trd, 000241.100, 173
Trd, 000241.500, 172
Trd, 000241.750, 170
Trd, 000242.017, 172
Trd, 000242.150, 173
Trd, 000242.767, 170
Trd, 000243.233, 171
Trd, 000243.400, 174
Trd, 000243.700, 175
Trd, 000243.817, 170
Trd, 000244.500, 168
Trd, 000245.250, 168
Trd, 000245.583, 169
Trd, 000246.450, 166
Trd, 000246.483, 167
Trd, 000247.733, 170
Trd, 000247.917, 170
Trd, 000248.683, 171
Trd, 000248.717, 171
Trd, 000249.567, 173
Trd, 000249.867, 172
Trd, 000250.050, 173
Trd, 000250.417, 171
Trd, 000250.983, 173
Trd, 000251.017, 173
Trd, 000251.200, 173
Trd, 000251.567, 172
Trd, 000251.867, 172
Trd, 000252.767, 172
Trd, 000253.067, 169
Trd, 000253.683, 169
Trd, 000253.900, 169
Trd, 000254.050, 169
Trd, 000254.617, 166
Trd, 000254.950, 164
Trd, 000255.433, 167
Trd, 000255.867, 166
Trd, 000255.900, 168
Trd, 000255.967, 169
Trd, 000256.383, 169
Trd, 000256.833, 166
Trd, 000256.883, 167
Trd, 000258.183, 175
Trd, 000258.267, 174
Trd, 000258.633, 171
Trd, 000258.917, 173
Trd, 000259.650, 173
Trd, 000259.767, 170
Trd, 000260.033, 170
Trd, 000260.483, 174
Trd, 000261.217, 174
Trd, 000261.833, 175
Trd, 000262.517, 169
Trd, 000262.883, 172
Trd, 000262.900, 173
Trd, 000263.083, 170
Trd, 000263.417, 173
Trd, 000263.767, 170
Trd, 000264.783, 173
Trd, 000265.533, 173
Trd, 000266.233, 173
Trd, 000266.333, 172
Trd, 000267.133, 172
Trd, 000267.267, 170
Trd, 000267.467, 170
Trd, 000268.200, 172
Trd, 000268.233, 169
Trd, 000268.533, 173
Trd, 000268.667, 169
Trd, 000269.517, 168
Trd, 000269.817, 169
Trd, 000270.033, 169
Trd, 000270.100, 171
Trd, 000270.333, 172
Trd, 000271.300, 170
Trd, 000271.550, 175
Trd, 000273.067, 167
Trd, 000273.267, 167
Trd, 000273.967, 166
Trd, 000274.267, 168
Trd, 000274.350, 168
Trd, 000274.583, 165
Trd, 000274.883, 169
Trd, 000275.217, 169
Trd, 000275.300, 175
Trd, 000275.467, 168
Trd, 000276.033, 179
Trd, 000276.850, 185
Trd, 000277.417, 181
Trd, 000277.700, 176
Trd, 000277.800, 177
Trd, 000278.183, 178
Trd, 000278.317, 173
Trd, 000278.917, 172
Trd, 000279.083, 178
Trd, 000280.500, 187
Trd, 000280.983, 175
Trd, 000281.333, 178
Trd, 000281.633, 175
Trd, 000282.317, 178
Trd, 000282.517, 178
Trd, 000282.833, 174
Trd, 000283.433, 165
Trd, 000284.367, 176
Trd, 000284.933, 176
Trd, 000284.950, 177
Trd, 000285.083, 165
Trd, 000285.150, 178
Trd, 000285.167, 179
Trd, 000286.000, 169
Trd, 000286.317, 174
Trd, 000286.700, 193
Trd, 000286.850, 173
Trd, 000288.650, 173
Trd, 000288.950, 173
Trd, 000289.100, 173
Trd, 000289.367, 172
Trd, 000289.867, 173
Trd, 000289.983, 177
Trd, 000290.133, 191
Trd, 000290.667, 180
Trd, 000291.017, 177
Trd, 000291.167, 176
Trd, 000291.383, 166
Trd, 000291.750, 177
Trd, 000292.533, 166
Trd, 000292.833, 176
Trd, 000293.050, 177
Trd, 000294.200, 169
Trd, 000294.833, 170
Trd, 000294.867, 174
Trd, 000295.783, 173
Trd, 000295.800, 174
Trd, 000295.883, 168
Trd, 000295.933, 176
Trd, 000296.333, 175
Trd, 000296.600, 176
Trd, 000296.717, 191
Trd, 000297.317, 180
Trd, 000297.400, 171
Trd, 000297.683, 180
Trd, 000297.917, 172
Trd, 000298.833, 175
Trd, 000299.033, 175
Trd, 000299.617, 171
