Trd, 000001.800, 146
Trd, 000002.800, 147
Trd, 000002.833, 200
Trd, 000003.067, 141
Trd, 000003.200, 140
Trd, 000003.400, 182
Trd, 000004.667, 172
Trd, 000004.700, 171
Trd, 000005.517, 150
Trd, 000006.033, 168
Trd, 000006.650, 157
Trd, 000007.100, 159
Trd, 000007.983, 137
Trd, 000010.583, 149
Trd, 000012.000, 149
Trd, 000012.083, 149
Trd, 000012.250, 149
Trd, 000012.500, 150
Trd, 000012.533, 149
Trd, 000012.717, 150
Trd, 000013.167, 150
Trd, 000016.433, 154
Trd, 000016.867, 155
Trd, 000017.850, 156
Trd, 000018.683, 156
Trd, 000018.867, 158
Trd, 000019.067, 155
Trd, 000019.983, 164
Trd, 000021.267, 161
Trd, 000021.933, 160
Trd, 000021.950, 161
Trd, 000022.033, 159
Trd, 000022.467, 172
Trd, 000022.717, 174
Trd, 000022.867, 150
Trd, 000023.250, 144
Trd, 000024.700, 147
Trd, 000025.533, 143
Trd, 000026.867, 154
Trd, 000026.900, 140
Trd, 000027.017, 139
Trd, 000028.717, 148
Trd, 000030.333, 148
Trd, 000030.550, 145
Trd, 000030.917, 148
Trd, 000031.383, 152
Trd, 000032.450, 152
Trd, 000032.750, 144
Trd, 000035.267, 157
Trd, 000035.317, 166
Trd, 000035.783, 167
Trd, 000035.800, 157
Trd, 000036.450, 162
Trd, 000037.683, 145
Trd, 000037.983, 144
Trd, 000039.883, 151
Trd, 000040.433, 152
Trd, 000041.250, 152
Trd, 000041.267, 155
Trd, 000042.350, 156
Trd, 000043.117, 158
Trd, 000044.367, 156
Trd, 000044.567, 166
Trd, 000046.383, 162
Trd, 000046.650, 161
Trd, 000047.600, 162
Trd, 000048.033, 161
Trd, 000048.383, 152
Trd, 000049.200, 159
Trd, 000049.783, 161
Trd, 000050.467, 158
Trd, 000052.350, 158
Trd, 000052.817, 153
Trd, 000053.783, 162
Trd, 000055.033, 159
Trd, 000055.533, 161
Trd, 000056.167, 162
Trd, 000056.833, 163
Trd, 000057.667, 160
Trd, 000058.200, 163
Trd, 000058.683, 162
Trd, 000059.033, 162
Trd, 000059.267, 161
Trd, 000060.017, 160
Trd, 000060.950, 158
Trd, 000061.933, 165
Trd, 000062.500, 154
Trd, 000063.017, 148
Trd, 000063.767, 164
Trd, 000066.100, 163
Trd, 000066.467, 159
Trd, 000067.033, 165
Trd, 000067.400, 161
Trd, 000068.433, 161
Trd, 000068.617, 160
Trd, 000069.367, 165
Trd, 000070.083, 166
Trd, 000071.983, 161
Trd, 000072.167, 163
Trd, 000072.467, 159
Trd, 000074.383, 160
Trd, 000074.767, 160
Trd, 000075.317, 158
Trd, 000075.783, 161
Trd, 000076.233, 159
Trd, 000077.233, 160
Trd, 000077.950, 156
Trd, 000078.083, 159
Trd, 000079.117, 159
Trd, 000079.583, 159
Trd, 000080.967, 159
Trd, 000081.050, 157
Trd, 000081.550, 158
Trd, 000082.083, 163
Trd, 000082.317, 170
Trd, 000083.100, 157
Trd, 000083.250, 173
Trd, 000084.100, 156
Trd, 000086.000, 160
Trd, 000086.383, 168
Trd, 000088.467, 164
Trd, 000089.067, 163
Trd, 000090.183, 165
Trd, 000090.650, 165
Trd, 000090.967, 166
Trd, 000091.817, 165
Trd, 000091.967, 164
Trd, 000092.550, 166
Trd, 000093.267, 162
Trd, 000093.900, 157
Trd, 000094.150, 164
Trd, 000094.333, 156
Trd, 000095.183, 164
Trd, 000097.400, 157
Trd, 000098.683, 158
Trd, 000099.083, 162
Trd, 000099.417, 162
Trd, 000101.050, 164
Trd, 000102.250, 160
Trd, 000102.817, 161
Trd, 000102.917, 158
Trd, 000103.967, 158
Trd, 000104.467, 161
Trd, 000105.267, 159
Trd, 000106.167, 160
Trd, 000106.617, 158
Trd, 000106.933, 163
Trd, 000107.850, 176
Trd, 000107.983, 178
Trd, 000108.100, 160
Trd, 000108.433, 159
Trd, 000108.583, 158
Trd, 000110.700, 163
Trd, 000110.850, 164
Trd, 000111.283, 167
Trd, 000111.967, 167
Trd, 000112.417, 163
Trd, 000113.083, 162
Trd, 000113.233, 152
Trd, 000114.900, 166
Trd, 000115.467, 157
Trd, 000115.767, 179
Trd, 000115.817, 181
Trd, 000117.100, 171
Trd, 000117.617, 167
Trd, 000117.967, 169
Trd, 000118.367, 169
Trd, 000118.767, 169
Trd, 000118.983, 168
Trd, 000119.717, 169
Trd, 000119.850, 172
Trd, 000120.367, 168
Trd, 000121.433, 160
Trd, 000121.583, 154
Trd, 000122.933, 153
Trd, 000123.717, 163
Trd, 000124.217, 162
Trd, 000124.750, 161
Trd, 000125.717, 160
Trd, 000126.083, 163
Trd, 000126.883, 161
Trd, 000127.133, 159
Trd, 000128.233, 161
Trd, 000129.050, 161
Trd, 000129.583, 160
Trd, 000131.250, 160
Trd, 000131.500, 160
Trd, 000131.700, 158
Trd, 000132.867, 154
Trd, 000134.983, 158
Trd, 000135.500, 159
Trd, 000136.000, 157
Trd, 000136.167, 160
Trd, 000136.483, 175
Trd, 000137.267, 157
Trd, 000138.583, 162
Trd, 000138.783, 161
Trd, 000139.183, 160
Trd, 000139.650, 163
Trd, 000139.750, 180
Trd, 000139.917, 155
Trd, 000140.017, 151
Trd, 000140.483, 179
Trd, 000140.683, 173
Trd, 000140.933, 165
Trd, 000141.867, 163
Trd, 000142.283, 165
Trd, 000143.200, 166
Trd, 000143.233, 165
Trd, 000144.417, 166
Trd, 000145.750, 165
Trd, 000146.300, 164
Trd, 000146.867, 165
Trd, 000147.033, 167
Trd, 000147.217, 163
Trd, 000149.050, 166
Trd, 000149.417, 158
Trd, 000151.067, 163
Trd, 000152.383, 166
Trd, 000152.933, 166
Trd, 000153.133, 166
Trd, 000153.550, 175
Trd, 000154.067, 177
Trd, 000154.817, 171
Trd, 000155.000, 157
Trd, 000157.317, 161
Trd, 000157.500, 167
Trd, 000157.950, 164
Trd, 000158.817, 165
Trd, 000158.833, 164
Trd, 000158.917, 167
Trd, 000160.100, 159
Trd, 000160.250, 166
Trd, 000163.000, 167
Trd, 000163.583, 165
Trd, 000164.000, 166
Trd, 000166.083, 165
Trd, 000166.233, 164
Trd, 000166.767, 167
Trd, 000167.067, 163
Trd, 000167.183, 162
Trd, 000169.267, 166
Trd, 000169.483, 179
Trd, 000169.817, 170
Trd, 000170.183, 170
Trd, 000170.233, 172
Trd, 000170.633, 169
Trd, 000170.683, 166
Trd, 000170.733, 183
Trd, 000172.850, 174
Trd, 000173.417, 175
Trd, 000173.483, 174
Trd, 000173.633, 167
Trd, 000174.250, 169
Trd, 000174.417, 168
Trd, 000174.800, 165
Trd, 000175.200, 179
Trd, 000175.500, 177
Trd, 000176.583, 166
Trd, 000176.850, 155
Trd, 000176.883, 180
Trd, 000177.733, 165
Trd, 000178.567, 159
Trd, 000179.233, 163
Trd, 000179.400, 165
Trd, 000180.233, 171
Trd, 000182.217, 169
Trd, 000182.833, 169
Trd, 000183.117, 184
Trd, 000183.450, 168
Trd, 000184.683, 166
Trd, 000185.233, 165
Trd, 000185.950, 175
Trd, 000186.717, 165
Trd, 000188.300, 171
Trd, 000189.550, 171
Trd, 000189.817, 172
Trd, 000190.083, 173
Trd, 000191.617, 181
Trd, 000192.000, 186
Trd, 000194.500, 181
Trd, 000194.567, 183
Trd, 000194.750, 180
Trd, 000195.150, 179
Trd, 000195.350, 167
Trd, 000195.450, 160
Trd, 000196.483, 160
Trd, 000196.833, 158
Trd, 000197.033, 157
Trd, 000197.717, 168
Trd, 000198.150, 171
Trd, 000199.233, 166
Trd, 000199.617, 175
Trd, 000200.933, 168
Trd, 000201.417, 169
Trd, 000201.717, 166
Trd, 000202.550, 182
Trd, 000202.917, 188
Trd, 000204.400, 180
Trd, 000205.433, 176
Trd, 000206.433, 176
Trd, 000207.317, 174
Trd, 000209.633, 174
Trd, 000210.883, 174
Trd, 000211.267, 177
Trd, 000211.383, 174
Trd, 000211.467, 174
Trd, 000211.583, 178
Trd, 000211.900, 173
Trd, 000212.950, 176
Trd, 000213.283, 169
Trd, 000215.183, 175
Trd, 000215.333, 174
Trd, 000215.467, 175
Trd, 000215.783, 176
Trd, 000215.817, 183
Trd, 000216.533, 186
Trd, 000219.200, 182
Trd, 000220.133, 181
Trd, 000220.517, 182
Trd, 000220.900, 183
Trd, 000221.517, 181
Trd, 000221.717, 180
Trd, 000222.717, 179
Trd, 000222.733, 180
Trd, 000223.150, 181
Trd, 000224.600, 175
Trd, 000225.900, 173
Trd, 000227.483, 175
Trd, 000228.000, 175
Trd, 000228.017, 184
Trd, 000228.567, 178
Trd, 000229.417, 174
Trd, 000229.500, 171
Trd, 000231.283, 174
Trd, 000231.983, 180
Trd, 000232.250, 175
Trd, 000232.617, 183
Trd, 000232.817, 175
Trd, 000235.900, 171
Trd, 000236.017, 164
Trd, 000236.650, 167
Trd, 000238.783, 174
Trd, 000239.300, 175
Trd, 000239.417, 174
Trd, 000240.033, 174
Trd, 000240.067, 175
Trd, 000240.533, 174
Trd, 000240.767, 173
Trd, 000240.850, 174
Trd, 000241.217, 174
Trd, 000241.250, 179
Trd, 000241.633, 175
Trd, 000241.683, 174
Trd, 000241.950, 172
Trd, 000242.383, 165
Trd, 000242.667, 179
Trd, 000243.050, 165
Trd, 000243.617, 167
Trd, 000243.850, 171
Trd, 000245.167, 171
Trd, 000245.400, 172
Trd, 000245.850, 173
Trd, 000246.383, 174
Trd, 000246.500, 172
Trd, 000246.617, 170
Trd, 000247.733, 176
Trd, 000247.833, 176
Trd, 000248.217, 179
Trd, 000248.400, 180
Trd, 000249.167, 180
Trd, 000249.800, 180
Trd, 000250.150, 180
Trd, 000250.300, 181
Trd, 000251.233, 179
Trd, 000251.600, 178
Trd, 000251.983, 182
Trd, 000252.017, 183
Trd, 000253.200, 183
Trd, 000253.517, 181
Trd, 000254.217, 182
Trd, 000254.750, 184
Trd, 000255.933, 184
Trd, 000256.250, 184
Trd, 000256.267, 183
Trd, 000257.050, 181
Trd, 000257.767, 183
Trd, 000258.133, 183
Trd, 000258.350, 179
Trd, 000259.100, 179
Trd, 000259.333, 182
Trd, 000259.567, 181
Trd, 000259.883, 179
Trd, 000260.267, 182
Trd, 000260.300, 181
Trd, 000260.317, 178
Trd, 000260.533, 177
Trd, 000261.100, 174
Trd, 000262.467, 176
Trd, 000262.850, 174
Trd, 000263.867, 176
Trd, 000264.517, 177
Trd, 000264.800, 178
Trd, 000264.983, 179
Trd, 000265.500, 181
Trd, 000266.267, 182
Trd, 000266.467, 183
Trd, 000266.583, 181
Trd, 000266.667, 185
Trd, 000266.700, 181
Trd, 000267.083, 189
Trd, 000267.850, 183
Trd, 000268.067, 182
Trd, 000268.467, 180
Trd, 000268.883, 180
Trd, 000269.550, 179
Trd, 000270.167, 184
Trd, 000270.850, 182
Trd, 000271.333, 181
Trd, 000271.950, 185
Trd, 000272.800, 186
Trd, 000272.900, 184
Trd, 000272.950, 183
Trd, 000273.683, 189
Trd, 000273.833, 183
Trd, 000274.333, 186
Trd, 000274.800, 186
Trd, 000274.883, 183
Trd, 000275.117, 182
Trd, 000276.017, 186
Trd, 000276.217, 183
Trd, 000276.650, 182
Trd, 000277.150, 181
Trd, 000277.550, 179
Trd, 000278.117, 180
Trd, 000278.500, 179
Trd, 000278.533, 181
Trd, 000278.617, 183
Trd, 000278.833, 179
Trd, 000279.067, 179
Trd, 000279.683, 186
Trd, 000279.817, 178
Trd, 000280.183, 178
Trd, 000280.700, 183
Trd, 000282.050, 183
Trd, 000283.117, 182
Trd, 000283.350, 180
Trd, 000283.467, 180
Trd, 000283.983, 176
Trd, 000284.033, 168
Trd, 000284.583, 180
Trd, 000284.717, 189
Trd, 000285.483, 190
Trd, 000285.950, 182
Trd, 000286.183, 184
Trd, 000286.850, 187
Trd, 000286.967, 188
Trd, 000287.100, 187
Trd, 000287.367, 183
Trd, 000288.100, 187
Trd, 000289.083, 184
Trd, 000289.333, 185
Trd, 000290.550, 187
Trd, 000290.717, 188
Trd, 000291.017, 184
Trd, 000291.100, 180
Trd, 000291.717, 186
Trd, 000292.100, 184
Trd, 000292.367, 191
Trd, 000292.650, 182
Trd, 000292.883, 181
Trd, 000293.050, 180
Trd, 000293.283, 194
Trd, 000293.433, 179
Trd, 000293.733, 177
Trd, 000294.217, 191
Trd, 000295.300, 184
Trd, 000295.567, 185
Trd, 000296.167, 182
Trd, 000296.617, 185
Trd, 000297.883, 184
Trd, 000298.533, 185
Trd, 000299.233, 183
Trd, 000299.267, 180
Trd, 000299.333, 171
Trd, 000299.350, 185
Trd, 000299.500, 185
