Trd, 000001.917, 172
Trd, 000002.000, 170
Trd, 000003.250, 155
Trd, 000004.217, 154
Trd, 000004.650, 148
Trd, 000004.667, 146
Trd, 000004.850, 153
Trd, 000005.650, 145
Trd, 000006.300, 149
Trd, 000006.650, 148
Trd, 000007.267, 145
Trd, 000007.300, 147
Trd, 000007.733, 146
Trd, 000007.950, 144
Trd, 000008.567, 148
Trd, 000009.533, 146
Trd, 000010.067, 146
Trd, 000010.883, 146
Trd, 000011.483, 146
Trd, 000011.983, 145
Trd, 000012.167, 145
Trd, 000012.700, 149
Trd, 000013.183, 146
Trd, 000013.267, 150
Trd, 000013.850, 151
Trd, 000014.317, 151
Trd, 000014.683, 151
Trd, 000014.917, 149
Trd, 000015.467, 149
Trd, 000016.117, 151
Trd, 000016.367, 152
Trd, 000016.567, 152
Trd, 000017.300, 151
Trd, 000017.433, 152
Trd, 000017.683, 152
Trd, 000018.467, 152
Trd, 000018.750, 153
Trd, 000019.117, 154
Trd, 000019.933, 151
Trd, 000020.950, 150
Trd, 000021.017, 153
Trd, 000021.200, 154
Trd, 000022.300, 149
Trd, 000022.700, 150
Trd, 000022.933, 151
Trd, 000023.633, 149
Trd, 000024.217, 146
Trd, 000024.700, 147
Trd, 000025.083, 145
Trd, 000026.500, 144
Trd, 000027.400, 146
Trd, 000027.467, 145
Trd, 000027.900, 146
Trd, 000027.950, 146
Trd, 000028.000, 146
Trd, 000028.083, 147
Trd, 000028.433, 151
Trd, 000028.617, 151
Trd, 000029.033, 152
Trd, 000030.467, 148
Trd, 000030.583, 149
Trd, 000031.017, 147
Trd, 000031.167, 149
Trd, 000032.550, 151
Trd, 000032.833, 152
Trd, 000033.333, 154
Trd, 000033.717, 152
Trd, 000034.800, 151
Trd, 000035.717, 152
Trd, 000036.850, 153
Trd, 000036.883, 152
Trd, 000037.833, 151
Trd, 000038.683, 150
Trd, 000039.483, 151
Trd, 000040.100, 149
Trd, 000040.400, 150
Trd, 000040.500, 151
Trd, 000040.950, 151
Trd, 000041.300, 148
Trd, 000042.067, 148
Trd, 000042.817, 149
Trd, 000042.900, 150
Trd, 000043.283, 150
Trd, 000043.750, 151
Trd, 000044.800, 150
Trd, 000045.117, 150
Trd, 000045.200, 150
Trd, 000045.350, 148
Trd, 000046.317, 152
Trd, 000046.633, 152
Trd, 000047.450, 152
Trd, 000047.500, 153
Trd, 000047.533, 153
Trd, 000047.967, 150
Trd, 000048.517, 153
Trd, 000049.233, 152
Trd, 000049.617, 151
Trd, 000049.783, 153
Trd, 000051.083, 153
Trd, 000051.717, 153
Trd, 000052.050, 154
Trd, 000052.800, 154
Trd, 000053.367, 155
Trd, 000053.667, 155
Trd, 000054.300, 153
Trd, 000054.750, 154
Trd, 000055.567, 155
Trd, 000055.883, 162
Trd, 000055.900, 155
Trd, 000057.150, 158
Trd, 000058.050, 153
Trd, 000058.533, 153
Trd, 000058.833, 154
Trd, 000059.633, 155
Trd, 000059.833, 155
Trd, 000060.367, 154
Trd, 000061.000, 154
Trd, 000061.733, 154
Trd, 000061.817, 154
Trd, 000061.950, 152
Trd, 000062.583, 151
Trd, 000063.300, 151
Trd, 000064.000, 149
Trd, 000064.300, 146
Trd, 000064.517, 147
Trd, 000064.867, 147
Trd, 000065.200, 148
Trd, 000065.317, 146
Trd, 000068.317, 147
Trd, 000068.467, 146
Trd, 000068.600, 150
Trd, 000068.800, 147
Trd, 000069.167, 148
Trd, 000069.600, 148
Trd, 000069.733, 148
Trd, 000070.033, 147
Trd, 000070.517, 147
Trd, 000070.900, 151
Trd, 000072.467, 148
Trd, 000072.750, 147
Trd, 000073.400, 149
Trd, 000073.750, 149
Trd, 000074.267, 151
Trd, 000074.467, 149
Trd, 000075.350, 151
Trd, 000075.867, 154
Trd, 000076.067, 155
Trd, 000076.333, 152
Trd, 000077.367, 153
Trd, 000078.317, 153
Trd, 000079.217, 153
Trd, 000079.617, 154
Trd, 000079.683, 155
Trd, 000079.767, 155
Trd, 000080.150, 156
Trd, 000080.517, 154
Trd, 000080.933, 155
Trd, 000081.033, 156
Trd, 000081.483, 153
Trd, 000083.183, 155
Trd, 000083.783, 155
Trd, 000083.850, 155
Trd, 000084.500, 156
Trd, 000084.967, 155
Trd, 000085.383, 153
Trd, 000085.533, 155
Trd, 000085.733, 157
Trd, 000087.133, 154
Trd, 000088.067, 154
Trd, 000089.167, 153
Trd, 000090.067, 152
Trd, 000090.250, 153
Trd, 000090.383, 152
Trd, 000090.883, 152
Trd, 000091.233, 153
Trd, 000091.950, 153
Trd, 000092.383, 153
Trd, 000092.583, 153
Trd, 000092.833, 157
Trd, 000093.133, 154
Trd, 000093.600, 155
Trd, 000093.900, 156
Trd, 000096.367, 159
Trd, 000097.267, 159
Trd, 000097.467, 158
Trd, 000097.933, 158
Trd, 000098.450, 159
Trd, 000098.867, 158
Trd, 000098.900, 156
Trd, 000099.450, 154
Trd, 000099.483, 159
Trd, 000099.800, 159
Trd, 000100.450, 159
Trd, 000100.817, 160
Trd, 000100.850, 159
Trd, 000101.933, 160
Trd, 000102.300, 160
Trd, 000103.383, 161
Trd, 000104.367, 161
Trd, 000104.433, 159
Trd, 000104.800, 157
Trd, 000105.100, 161
Trd, 000105.700, 160
Trd, 000105.817, 160
Trd, 000106.400, 156
Trd, 000106.533, 156
Trd, 000106.767, 160
Trd, 000107.083, 158
Trd, 000107.850, 159
Trd, 000108.817, 159
Trd, 000109.517, 158
Trd, 000110.000, 157
Trd, 000110.450, 157
Trd, 000111.267, 157
Trd, 000111.600, 156
Trd, 000112.583, 155
Trd, 000112.950, 158
Trd, 000113.633, 155
Trd, 000114.367, 157
Trd, 000114.567, 158
Trd, 000114.700, 158
Trd, 000114.867, 159
Trd, 000115.000, 159
Trd, 000115.767, 156
Trd, 000116.033, 155
Trd, 000116.433, 155
Trd, 000117.367, 156
Trd, 000118.117, 156
Trd, 000118.517, 156
Trd, 000118.767, 158
Trd, 000119.367, 162
Trd, 000120.283, 162
Trd, 000120.300, 161
Trd, 000120.950, 162
Trd, 000121.183, 159
Trd, 000121.983, 160
Trd, 000122.067, 159
Trd, 000122.167, 159
Trd, 000122.600, 158
Trd, 000122.733, 159
Trd, 000123.350, 156
Trd, 000124.650, 159
Trd, 000124.783, 158
Trd, 000125.967, 158
Trd, 000126.800, 159
Trd, 000127.183, 160
Trd, 000127.400, 159
Trd, 000127.833, 160
Trd, 000127.983, 161
Trd, 000129.583, 158
Trd, 000129.683, 158
Trd, 000129.750, 160
Trd, 000130.433, 160
Trd, 000130.517, 158
Trd, 000130.900, 160
Trd, 000131.450, 160
Trd, 000132.383, 160
Trd, 000132.800, 160
Trd, 000133.867, 161
Trd, 000134.117, 160
Trd, 000134.233, 158
Trd, 000134.917, 157
Trd, 000135.083, 158
Trd, 000135.933, 154
Trd, 000136.717, 155
Trd, 000137.133, 156
Trd, 000137.450, 156
Trd, 000137.717, 158
Trd, 000138.517, 159
Trd, 000139.283, 161
Trd, 000139.867, 162
Trd, 000140.567, 164
Trd, 000141.267, 163
Trd, 000142.233, 163
Trd, 000143.100, 163
Trd, 000143.117, 162
Trd, 000143.167, 164
Trd, 000144.033, 162
Trd, 000144.183, 161
Trd, 000144.933, 162
Trd, 000145.067, 165
Trd, 000146.100, 161
Trd, 000146.667, 162
Trd, 000148.017, 164
Trd, 000148.250, 165
Trd, 000148.317, 166
Trd, 000149.067, 167
Trd, 000149.800, 166
Trd, 000149.917, 171
Trd, 000150.333, 169
Trd, 000151.600, 167
Trd, 000152.200, 168
Trd, 000152.700, 166
Trd, 000153.317, 164
Trd, 000153.383, 165
Trd, 000153.617, 164
Trd, 000154.050, 165
Trd, 000156.017, 166
Trd, 000156.967, 166
Trd, 000157.100, 165
Trd, 000157.233, 164
Trd, 000158.700, 163
Trd, 000159.033, 161
Trd, 000159.267, 161
Trd, 000159.533, 161
Trd, 000159.667, 160
Trd, 000160.783, 163
Trd, 000160.967, 164
Trd, 000161.217, 164
Trd, 000161.300, 159
Trd, 000161.833, 167
Trd, 000161.850, 174
Trd, 000163.683, 162
Trd, 000163.900, 161
Trd, 000164.100, 163
Trd, 000164.317, 164
Trd, 000164.500, 164
Trd, 000164.867, 162
Trd, 000165.133, 163
Trd, 000166.783, 161
Trd, 000167.550, 164
Trd, 000168.150, 164
Trd, 000168.350, 165
Trd, 000168.617, 164
Trd, 000168.967, 166
Trd, 000170.050, 167
Trd, 000170.100, 167
Trd, 000171.133, 164
Trd, 000171.400, 165
Trd, 000171.817, 166
Trd, 000172.633, 166
Trd, 000173.217, 165
Trd, 000173.667, 165
Trd, 000174.433, 164
Trd, 000175.333, 165
Trd, 000176.033, 164
Trd, 000176.700, 164
Trd, 000177.350, 163
Trd, 000177.767, 164
Trd, 000177.950, 164
Trd, 000178.150, 163
Trd, 000179.250, 164
Trd, 000179.317, 164
Trd, 000180.600, 163
Trd, 000180.650, 162
Trd, 000180.767, 164
Trd, 000181.650, 165
Trd, 000182.733, 165
Trd, 000182.867, 166
Trd, 000183.083, 160
Trd, 000184.467, 163
Trd, 000184.950, 164
Trd, 000184.967, 164
Trd, 000185.000, 163
Trd, 000186.033, 160
Trd, 000186.100, 161
Trd, 000186.700, 160
Trd, 000187.167, 161
Trd, 000187.550, 161
Trd, 000188.167, 161
Trd, 000188.783, 162
Trd, 000189.867, 162
Trd, 000190.383, 161
Trd, 000190.467, 162
Trd, 000191.083, 163
Trd, 000191.400, 163
Trd, 000191.533, 163
Trd, 000191.817, 163
Trd, 000191.900, 164
Trd, 000192.900, 161
Trd, 000193.517, 162
Trd, 000193.850, 163
Trd, 000194.633, 162
Trd, 000194.933, 163
Trd, 000195.283, 163
Trd, 000195.333, 164
Trd, 000195.367, 167
Trd, 000196.467, 167
Trd, 000197.733, 168
Trd, 000198.167, 166
Trd, 000198.183, 168
Trd, 000198.383, 165
Trd, 000198.733, 164
Trd, 000199.150, 165
Trd, 000199.183, 165
Trd, 000200.633, 167
Trd, 000202.283, 167
Trd, 000202.700, 169
Trd, 000203.433, 168
Trd, 000203.717, 169
Trd, 000203.800, 168
Trd, 000204.033, 170
Trd, 000204.667, 171
Trd, 000205.883, 166
Trd, 000206.483, 166
Trd, 000206.850, 165
Trd, 000207.117, 166
Trd, 000207.967, 162
Trd, 000208.450, 163
Trd, 000209.100, 164
Trd, 000209.583, 164
Trd, 000209.667, 164
Trd, 000210.167, 164
Trd, 000210.717, 164
Trd, 000211.867, 165
Trd, 000212.050, 166
Trd, 000212.883, 169
Trd, 000213.650, 181
Trd, 000214.733, 180
Trd, 000214.750, 179
Trd, 000215.150, 176
Trd, 000215.250, 174
Trd, 000216.733, 172
Trd, 000217.383, 170
Trd, 000218.817, 169
Trd, 000218.850, 167
Trd, 000218.900, 165
Trd, 000219.767, 167
Trd, 000219.967, 167
Trd, 000219.983, 169
Trd, 000220.433, 167
Trd, 000220.717, 166
Trd, 000221.417, 169
Trd, 000222.033, 169
Trd, 000222.600, 170
Trd, 000222.917, 170
Trd, 000224.100, 171
Trd, 000224.183, 172
Trd, 000224.400, 172
Trd, 000224.733, 171
Trd, 000225.900, 171
Trd, 000225.983, 172
Trd, 000227.017, 171
Trd, 000227.050, 172
Trd, 000227.750, 169
Trd, 000228.217, 172
Trd, 000229.317, 170
Trd, 000230.117, 170
Trd, 000230.717, 169
Trd, 000230.883, 168
Trd, 000231.450, 171
Trd, 000231.950, 170
Trd, 000232.133, 170
Trd, 000232.783, 170
Trd, 000233.350, 172
Trd, 000233.717, 174
Trd, 000235.167, 174
Trd, 000235.433, 174
Trd, 000235.783, 173
Trd, 000236.517, 172
Trd, 000236.783, 172
Trd, 000237.317, 172
Trd, 000237.433, 173
Trd, 000237.967, 173
Trd, 000238.433, 172
Trd, 000238.850, 174
Trd, 000240.033, 172
Trd, 000240.550, 171
Trd, 000240.633, 172
Trd, 000241.683, 171
Trd, 000241.783, 170
Trd, 000242.283, 168
Trd, 000242.567, 168
Trd, 000242.733, 166
Trd, 000243.283, 165
Trd, 000243.317, 168
Trd, 000245.033, 165
Trd, 000245.483, 167
Trd, 000246.117, 167
Trd, 000246.683, 170
Trd, 000246.833, 169
Trd, 000247.117, 171
Trd, 000247.250, 171
Trd, 000247.867, 172
Trd, 000247.933, 173
Trd, 000248.317, 171
Trd, 000248.767, 171
Trd, 000249.933, 172
Trd, 000250.350, 172
Trd, 000250.600, 172
Trd, 000250.750, 172
Trd, 000250.767, 172
Trd, 000250.983, 171
Trd, 000251.667, 171
Trd, 000251.833, 172
Trd, 000251.917, 173
Trd, 000252.300, 174
Trd, 000253.167, 180
Trd, 000253.417, 177
Trd, 000253.533, 176
Trd, 000253.667, 175
Trd, 000254.333, 173
Trd, 000255.433, 171
Trd, 000255.467, 172
Trd, 000255.650, 170
Trd, 000255.867, 172
Trd, 000256.850, 171
Trd, 000257.533, 171
Trd, 000257.833, 172
Trd, 000258.600, 171
Trd, 000259.700, 172
Trd, 000260.200, 171
Trd, 000260.533, 173
Trd, 000260.667, 174
Trd, 000261.100, 171
Trd, 000261.450, 172
Trd, 000261.717, 173
Trd, 000262.233, 173
Trd, 000262.250, 173
Trd, 000262.900, 176
Trd, 000263.200, 177
Trd, 000264.033, 172
Trd, 000264.067, 170
Trd, 000264.117, 173
Trd, 000265.083, 171
Trd, 000265.217, 170
Trd, 000265.450, 170
Trd, 000265.617, 174
Trd, 000265.633, 181
Trd, 000266.017, 178
Trd, 000266.633, 178
Trd, 000267.167, 191
Trd, 000267.733, 182
Trd, 000267.950, 182
Trd, 000268.117, 184
Trd, 000268.767, 180
Trd, 000269.517, 181
Trd, 000270.450, 182
Trd, 000270.517, 181
Trd, 000270.767, 181
Trd, 000270.933, 180
Trd, 000271.067, 180
Trd, 000271.217, 184
Trd, 000271.967, 177
Trd, 000272.217, 178
Trd, 000272.783, 176
Trd, 000273.067, 178
Trd, 000273.833, 176
Trd, 000273.900, 176
Trd, 000273.967, 178
Trd, 000274.717, 176
Trd, 000274.900, 175
Trd, 000275.217, 177
Trd, 000275.317, 174
Trd, 000276.083, 174
Trd, 000276.417, 175
Trd, 000277.133, 176
Trd, 000277.233, 177
Trd, 000277.383, 176
Trd, 000278.167, 178
Trd, 000278.417, 177
Trd, 000278.600, 178
Trd, 000279.800, 177
Trd, 000280.000, 176
Trd, 000280.250, 178
Trd, 000280.783, 178
Trd, 000281.700, 179
Trd, 000281.867, 175
Trd, 000282.250, 176
Trd, 000282.283, 177
Trd, 000283.067, 178
Trd, 000283.100, 177
Trd, 000283.200, 179
Trd, 000284.283, 180
Trd, 000285.133, 178
Trd, 000285.717, 178
Trd, 000285.800, 179
Trd, 000285.917, 177
Trd, 000285.983, 175
Trd, 000286.033, 172
Trd, 000286.333, 178
Trd, 000286.583, 179
Trd, 000287.467, 182
Trd, 000287.900, 180
Trd, 000288.233, 179
Trd, 000288.283, 181
Trd, 000288.667, 178
Trd, 000290.267, 176
Trd, 000290.433, 172
Trd, 000290.883, 175
Trd, 000291.117, 176
Trd, 000291.733, 177
Trd, 000292.100, 176
Trd, 000292.300, 177
Trd, 000292.383, 177
Trd, 000292.483, 177
Trd, 000292.833, 177
Trd, 000293.950, 177
Trd, 000294.200, 176
Trd, 000294.417, 177
Trd, 000294.517, 170
Trd, 000294.567, 172
Trd, 000295.050, 173
Trd, 000295.117, 178
Trd, 000295.200, 178
Trd, 000295.767, 169
Trd, 000296.033, 170
Trd, 000296.717, 174
Trd, 000297.433, 174
Trd, 000297.483, 178
Trd, 000297.867, 181
Trd, 000298.517, 176
Trd, 000299.967, 177
