Trd, 000002.250, 145
Trd, 000002.733, 144
Trd, 000003.000, 142
Trd, 000004.350, 150
Trd, 000004.467, 149
Trd, 000005.267, 150
Trd, 000006.183, 150
Trd, 000006.500, 141
Trd, 000007.933, 147
Trd, 000008.233, 146
Trd, 000008.383, 147
Trd, 000008.633, 146
Trd, 000009.517, 145
Trd, 000009.567, 146
Trd, 000010.800, 143
Trd, 000011.333, 147
Trd, 000011.817, 148
Trd, 000011.950, 145
Trd, 000012.033, 148
Trd, 000013.550, 146
Trd, 000014.183, 146
Trd, 000014.317, 147
Trd, 000014.717, 146
Trd, 000015.133, 146
Trd, 000015.300, 151
Trd, 000017.867, 143
Trd, 000018.617, 147
Trd, 000019.367, 144
Trd, 000019.983, 143
Trd, 000020.117, 143
Trd, 000020.383, 142
Trd, 000020.750, 142
Trd, 000021.600, 145
Trd, 000022.150, 145
Trd, 000023.100, 142
Trd, 000023.283, 143
Trd, 000023.317, 142
Trd, 000024.433, 144
Trd, 000024.467, 143
Trd, 000025.350, 151
Trd, 000026.250, 152
Trd, 000026.500, 153
Trd, 000027.150, 148
Trd, 000028.683, 151
Trd, 000029.033, 154
Trd, 000030.417, 151
Trd, 000030.683, 151
Trd, 000031.100, 151
Trd, 000031.883, 149
Trd, 000033.117, 147
Trd, 000033.333, 148
Trd, 000033.567, 134
Trd, 000035.467, 141
Trd, 000035.917, 140
Trd, 000036.700, 141
Trd, 000036.950, 142
Trd, 000037.933, 144
Trd, 000038.150, 143
Trd, 000038.667, 143
Trd, 000040.000, 145
Trd, 000040.500, 145
Trd, 000043.350, 150
Trd, 000044.200, 150
Trd, 000044.600, 147
Trd, 000044.683, 145
Trd, 000045.783, 143
Trd, 000045.933, 142
Trd, 000046.483, 143
Trd, 000046.500, 144
Trd, 000047.283, 144
Trd, 000047.367, 143
Trd, 000047.917, 143
Trd, 000049.233, 142
Trd, 000049.383, 141
Trd, 000050.550, 142
Trd, 000051.133, 143
Trd, 000052.850, 144
Trd, 000053.317, 145
Trd, 000053.400, 144
Trd, 000053.617, 143
Trd, 000053.717, 146
Trd, 000054.000, 142
Trd, 000056.217, 143
Trd, 000056.850, 148
Trd, 000057.733, 144
Trd, 000058.700, 143
Trd, 000058.867, 145
Trd, 000058.900, 141
Trd, 000060.017, 147
Trd, 000061.450, 142
Trd, 000061.617, 142
Trd, 000062.800, 147
Trd, 000063.583, 146
Trd, 000064.017, 147
Trd, 000064.550, 149
Trd, 000064.967, 147
Trd, 000065.667, 150
Trd, 000066.100, 148
Trd, 000066.383, 148
Trd, 000066.750, 156
Trd, 000067.150, 151
Trd, 000067.550, 148
Trd, 000068.617, 155
Trd, 000069.867, 152
Trd, 000070.100, 151
Trd, 000071.617, 151
Trd, 000071.733, 151
Trd, 000072.167, 151
Trd, 000072.733, 157
Trd, 000073.633, 151
Trd, 000073.783, 150
Trd, 000074.900, 151
Trd, 000075.333, 149
Trd, 000076.450, 148
Trd, 000077.133, 152
Trd, 000079.183, 149
Trd, 000079.717, 149
Trd, 000080.117, 150
Trd, 000080.700, 150
Trd, 000080.850, 150
Trd, 000081.317, 159
Trd, 000081.400, 149
Trd, 000081.800, 143
Trd, 000082.883, 148
Trd, 000083.350, 148
Trd, 000083.867, 147
Trd, 000084.467, 147
Trd, 000085.800, 148
Trd, 000086.650, 144
Trd, 000087.033, 148
Trd, 000088.517, 143
Trd, 000089.617, 146
Trd, 000090.000, 145
Trd, 000090.767, 145
Trd, 000091.533, 146
Trd, 000092.983, 150
Trd, 000093.017, 153
Trd, 000093.733, 153
Trd, 000094.200, 153
Trd, 000095.150, 152
Trd, 000096.233, 151
Trd, 000097.217, 152
Trd, 000097.433, 151
Trd, 000097.633, 150
Trd, 000098.100, 150
Trd, 000099.750, 149
Trd, 000100.217, 150
Trd, 000100.650, 151
Trd, 000102.117, 149
Trd, 000102.667, 148
Trd, 000102.783, 151
Trd, 000103.850, 147
Trd, 000105.217, 147
Trd, 000105.617, 146
Trd, 000105.700, 144
Trd, 000107.133, 147
Trd, 000107.267, 148
Trd, 000108.300, 148
Trd, 000108.450, 147
Trd, 000109.233, 149
Trd, 000109.283, 146
Trd, 000109.450, 150
Trd, 000109.783, 151
Trd, 000112.167, 152
Trd, 000112.683, 152
Trd, 000112.850, 151
Trd, 000113.183, 150
Trd, 000113.400, 149
Trd, 000115.450, 151
Trd, 000115.850, 152
Trd, 000116.400, 154
Trd, 000117.217, 155
Trd, 000118.383, 162
Trd, 000118.900, 161
Trd, 000119.050, 160
Trd, 000119.983, 159
Trd, 000120.300, 159
Trd, 000120.600, 159
Trd, 000121.033, 159
Trd, 000121.100, 153
Trd, 000122.950, 154
Trd, 000123.383, 160
Trd, 000123.817, 155
Trd, 000124.700, 157
Trd, 000125.333, 155
Trd, 000125.367, 155
Trd, 000126.233, 160
Trd, 000126.433, 158
Trd, 000128.283, 162
Trd, 000128.350, 160
Trd, 000128.533, 158
Trd, 000130.483, 161
Trd, 000130.683, 160
Trd, 000131.767, 159
Trd, 000132.050, 162
Trd, 000133.683, 160
Trd, 000134.450, 161
Trd, 000134.583, 160
Trd, 000135.467, 159
Trd, 000136.233, 158
Trd, 000136.917, 154
Trd, 000137.617, 147
Trd, 000138.367, 155
Trd, 000138.450, 154
Trd, 000140.483, 155
Trd, 000140.917, 158
Trd, 000140.983, 156
Trd, 000141.000, 165
Trd, 000141.483, 158
Trd, 000143.000, 159
Trd, 000143.633, 158
Trd, 000143.967, 157
Trd, 000144.400, 155
Trd, 000144.867, 147
Trd, 000145.417, 153
Trd, 000145.717, 152
Trd, 000145.983, 165
Trd, 000148.100, 156
Trd, 000149.083, 168
Trd, 000149.600, 170
Trd, 000151.000, 168
Trd, 000151.033, 160
Trd, 000151.200, 163
Trd, 000152.250, 165
Trd, 000152.283, 164
Trd, 000152.583, 161
Trd, 000152.700, 161
Trd, 000152.983, 156
Trd, 000154.350, 160
Trd, 000155.883, 158
Trd, 000156.600, 159
Trd, 000156.633, 157
Trd, 000156.933, 158
Trd, 000157.317, 158
Trd, 000157.850, 159
Trd, 000158.367, 159
Trd, 000158.583, 157
Trd, 000159.667, 157
Trd, 000161.250, 157
Trd, 000161.500, 157
Trd, 000162.317, 156
Trd, 000163.383, 155
Trd, 000164.333, 158
Trd, 000164.617, 158
Trd, 000165.567, 157
Trd, 000165.950, 159
Trd, 000167.200, 158
Trd, 000167.300, 158
Trd, 000167.750, 157
Trd, 000168.450, 157
Trd, 000168.633, 158
Trd, 000170.900, 156
Trd, 000171.417, 155
Trd, 000172.133, 155
Trd, 000172.683, 156
Trd, 000173.400, 158
Trd, 000173.783, 168
Trd, 000173.867, 158
Trd, 000174.317, 160
Trd, 000174.467, 160
Trd, 000175.733, 162
Trd, 000175.917, 161
Trd, 000176.017, 162
Trd, 000176.517, 161
Trd, 000176.600, 162
Trd, 000177.167, 161
Trd, 000177.583, 162
Trd, 000178.233, 162
Trd, 000178.417, 162
Trd, 000181.067, 161
Trd, 000182.367, 163
Trd, 000183.967, 161
Trd, 000184.217, 159
Trd, 000184.933, 161
Trd, 000185.383, 162
Trd, 000185.933, 160
Trd, 000186.233, 162
Trd, 000186.600, 163
Trd, 000186.617, 161
Trd, 000187.000, 163
Trd, 000187.600, 166
Trd, 000187.800, 169
Trd, 000188.750, 163
Trd, 000189.900, 169
Trd, 000190.967, 168
Trd, 000192.217, 165
Trd, 000193.267, 166
Trd, 000193.350, 167
Trd, 000194.217, 160
Trd, 000195.167, 166
Trd, 000195.300, 165
Trd, 000195.950, 162
Trd, 000198.017, 162
Trd, 000198.433, 162
Trd, 000199.383, 161
Trd, 000199.683, 161
Trd, 000200.533, 160
Trd, 000201.017, 161
Trd, 000201.183, 161
Trd, 000201.333, 161
Trd, 000201.517, 164
Trd, 000203.433, 163
Trd, 000203.883, 164
Trd, 000203.933, 163
Trd, 000203.967, 165
Trd, 000204.417, 161
Trd, 000205.317, 158
Trd, 000206.117, 169
Trd, 000206.967, 160
Trd, 000209.017, 166
Trd, 000209.533, 162
Trd, 000210.533, 162
Trd, 000211.367, 162
Trd, 000211.950, 165
Trd, 000212.267, 164
Trd, 000213.117, 164
Trd, 000213.667, 161
Trd, 000214.883, 162
Trd, 000215.750, 160
Trd, 000216.583, 161
Trd, 000217.083, 162
Trd, 000217.217, 162
Trd, 000218.050, 164
Trd, 000218.683, 163
Trd, 000218.917, 165
Trd, 000219.067, 172
Trd, 000219.883, 165
Trd, 000220.467, 163
Trd, 000222.600, 165
Trd, 000223.717, 163
Trd, 000224.483, 163
Trd, 000224.883, 163
Trd, 000224.933, 165
Trd, 000225.283, 165
Trd, 000225.450, 162
Trd, 000227.300, 166
Trd, 000228.483, 169
Trd, 000229.233, 171
Trd, 000229.517, 169
Trd, 000229.817, 168
Trd, 000230.933, 168
Trd, 000232.417, 168
Trd, 000233.533, 164
Trd, 000234.033, 168
Trd, 000234.333, 174
Trd, 000234.700, 174
Trd, 000235.267, 173
Trd, 000235.300, 171
Trd, 000235.667, 174
Trd, 000235.783, 166
Trd, 000236.633, 173
Trd, 000238.617, 171
Trd, 000239.733, 172
Trd, 000239.867, 173
Trd, 000239.983, 173
Trd, 000240.350, 175
Trd, 000240.517, 171
Trd, 000240.833, 173
Trd, 000241.150, 174
Trd, 000241.467, 177
Trd, 000241.967, 173
Trd, 000242.217, 172
Trd, 000242.517, 173
Trd, 000242.983, 173
Trd, 000243.050, 174
Trd, 000243.067, 177
Trd, 000243.133, 173
Trd, 000244.050, 176
Trd, 000244.550, 173
Trd, 000244.650, 172
Trd, 000245.067, 175
Trd, 000245.083, 172
Trd, 000246.233, 173
Trd, 000246.467, 173
Trd, 000247.617, 175
Trd, 000248.650, 173
Trd, 000248.967, 176
Trd, 000249.167, 175
Trd, 000249.183, 175
Trd, 000249.567, 174
Trd, 000250.217, 176
Trd, 000250.350, 173
Trd, 000250.633, 177
Trd, 000251.367, 173
Trd, 000252.233, 172
Trd, 000252.850, 172
Trd, 000253.350, 172
Trd, 000253.950, 174
Trd, 000254.117, 174
Trd, 000254.333, 172
Trd, 000254.550, 172
Trd, 000255.417, 170
Trd, 000255.683, 169
Trd, 000255.850, 172
Trd, 000256.000, 171
Trd, 000256.817, 172
Trd, 000257.683, 172
Trd, 000257.800, 176
Trd, 000258.467, 175
Trd, 000258.650, 166
Trd, 000258.867, 174
Trd, 000259.583, 174
Trd, 000259.867, 174
Trd, 000260.567, 168
Trd, 000261.000, 174
Trd, 000261.267, 174
Trd, 000262.283, 172
Trd, 000262.617, 173
Trd, 000262.883, 171
Trd, 000263.050, 173
Trd, 000263.517, 172
Trd, 000264.133, 173
Trd, 000264.617, 172
Trd, 000265.150, 170
Trd, 000265.283, 172
Trd, 000265.900, 178
Trd, 000266.050, 175
Trd, 000266.550, 170
Trd, 000266.650, 174
Trd, 000267.350, 178
Trd, 000267.367, 181
Trd, 000267.600, 174
Trd, 000268.067, 171
Trd, 000268.550, 174
Trd, 000268.617, 175
Trd, 000268.883, 174
Trd, 000269.183, 172
Trd, 000269.667, 176
Trd, 000270.433, 182
Trd, 000271.517, 188
Trd, 000271.550, 180
Trd, 000271.867, 182
Trd, 000272.317, 189
Trd, 000272.383, 179
Trd, 000272.417, 195
Trd, 000273.500, 175
Trd, 000273.883, 176
Trd, 000274.350, 175
Trd, 000275.150, 181
Trd, 000275.800, 185
Trd, 000275.900, 179
Trd, 000276.850, 181
Trd, 000276.983, 180
Trd, 000277.033, 181
Trd, 000277.317, 176
Trd, 000277.783, 172
Trd, 000278.617, 181
Trd, 000279.317, 180
Trd, 000279.933, 178
Trd, 000280.900, 177
Trd, 000281.033, 176
Trd, 000281.533, 177
Trd, 000281.567, 179
Trd, 000281.933, 179
Trd, 000282.150, 178
Trd, 000282.933, 177
Trd, 000283.583, 176
Trd, 000284.167, 177
Trd, 000284.700, 177
Trd, 000284.717, 176
Trd, 000285.683, 180
Trd, 000285.733, 176
Trd, 000286.400, 178
Trd, 000286.433, 183
Trd, 000286.533, 184
Trd, 000288.000, 188
Trd, 000288.367, 191
Trd, 000288.417, 179
Trd, 000288.500, 178
Trd, 000288.550, 177
Trd, 000288.783, 173
Trd, 000290.167, 185
Trd, 000290.567, 172
Trd, 000290.600, 171
Trd, 000291.533, 175
Trd, 000291.733, 173
Trd, 000292.283, 174
Trd, 000292.900, 172
Trd, 000293.317, 174
Trd, 000295.167, 174
Trd, 000295.350, 175
Trd, 000295.833, 174
Trd, 000296.100, 173
Trd, 000296.433, 173
Trd, 000296.883, 174
Trd, 000297.217, 174
Trd, 000298.050, 173
Trd, 000298.983, 173
Trd, 000299.200, 171
