Trd, 000001.317, 130
Trd, 000004.133, 151
Trd, 000004.350, 152
Trd, 000004.433, 154
Trd, 000004.967, 144
Trd, 000005.267, 145
Trd, 000005.667, 150
Trd, 000005.700, 155
Trd, 000006.133, 173
Trd, 000006.950, 149
Trd, 000008.283, 150
Trd, 000008.500, 149
Trd, 000008.967, 148
Trd, 000009.800, 147
Trd, 000009.933, 146
Trd, 000010.900, 148
Trd, 000011.333, 145
Trd, 000012.517, 142
Trd, 000012.833, 138
Trd, 000013.033, 145
Trd, 000014.017, 144
Trd, 000014.350, 146
Trd, 000015.067, 145
Trd, 000015.583, 149
Trd, 000016.250, 156
Trd, 000016.683, 144
Trd, 000017.300, 147
Trd, 000017.533, 147
Trd, 000018.917, 148
Trd, 000018.950, 148
Trd, 000019.183, 147
Trd, 000019.550, 148
Trd, 000019.567, 159
Trd, 000019.917, 146
Trd, 000020.233, 147
Trd, 000020.650, 152
Trd, 000020.783, 146
Trd, 000021.133, 146
Trd, 000022.383, 156
Trd, 000023.133, 154
Trd, 000023.350, 140
Trd, 000023.883, 157
Trd, 000025.133, 157
Trd, 000025.433, 156
Trd, 000025.633, 171
Trd, 000026.317, 162
Trd, 000026.517, 149
Trd, 000026.867, 157
Trd, 000026.917, 164
Trd, 000027.217, 139
Trd, 000027.833, 145
Trd, 000028.700, 151
Trd, 000028.900, 159
Trd, 000030.850, 156
Trd, 000031.350, 153
Trd, 000033.533, 152
Trd, 000033.600, 152
Trd, 000034.267, 152
Trd, 000034.733, 151
Trd, 000034.883, 154
Trd, 000035.217, 147
Trd, 000035.417, 154
Trd, 000036.067, 148
Trd, 000036.367, 154
Trd, 000037.183, 149
Trd, 000038.433, 154
Trd, 000038.667, 153
Trd, 000038.883, 149
Trd, 000039.400, 152
Trd, 000040.100, 151
Trd, 000040.467, 150
Trd, 000041.800, 151
Trd, 000042.200, 151
Trd, 000042.383, 152
Trd, 000042.650, 141
Trd, 000043.050, 153
Trd, 000043.333, 146
Trd, 000044.833, 139
Trd, 000045.550, 158
Trd, 000047.233, 140
Trd, 000047.383, 156
Trd, 000047.500, 149
Trd, 000048.300, 166
Trd, 000048.567, 146
Trd, 000048.933, 146
Trd, 000049.917, 153
Trd, 000051.100, 149
Trd, 000051.233, 149
Trd, 000052.067, 148
Trd, 000052.133, 142
Trd, 000052.250, 139
Trd, 000053.817, 149
Trd, 000054.533, 142
Trd, 000054.633, 142
Trd, 000054.850, 141
Trd, 000055.200, 147
Trd, 000055.283, 149
Trd, 000055.367, 149
Trd, 000056.900, 148
Trd, 000056.917, 153
Trd, 000057.333, 147
Trd, 000057.650, 148
Trd, 000058.867, 149
Trd, 000060.350, 150
Trd, 000061.017, 153
Trd, 000061.667, 150
Trd, 000062.067, 149
Trd, 000063.333, 151
Trd, 000063.367, 150
Trd, 000063.817, 159
Trd, 000064.350, 150
Trd, 000065.383, 154
Trd, 000065.400, 161
Trd, 000066.050, 153
Trd, 000066.917, 153
Trd, 000067.883, 157
Trd, 000068.167, 155
Trd, 000068.417, 154
Trd, 000069.333, 177
Trd, 000069.450, 177
Trd, 000069.817, 169
Trd, 000070.650, 162
Trd, 000070.733, 155
Trd, 000071.467, 163
Trd, 000071.633, 154
Trd, 000072.000, 154
Trd, 000073.600, 156
Trd, 000074.733, 151
Trd, 000076.350, 156
Trd, 000076.533, 153
Trd, 000076.617, 157
Trd, 000076.983, 155
Trd, 000077.117, 159
Trd, 000078.800, 154
Trd, 000079.700, 154
Trd, 000079.733, 154
Trd, 000080.300, 156
Trd, 000080.667, 152
Trd, 000081.850, 152
Trd, 000082.150, 151
Trd, 000084.017, 156
Trd, 000085.567, 153
Trd, 000085.833, 154
Trd, 000086.500, 152
Trd, 000086.600, 151
Trd, 000086.617, 155
Trd, 000087.300, 155
Trd, 000088.683, 155
Trd, 000089.333, 152
Trd, 000089.400, 150
Trd, 000089.967, 150
Trd, 000090.517, 157
Trd, 000091.583, 153
Trd, 000091.817, 156
Trd, 000091.867, 157
Trd, 000093.000, 154
Trd, 000093.217, 155
Trd, 000093.883, 153
Trd, 000094.183, 157
Trd, 000094.400, 153
Trd, 000096.017, 153
Trd, 000096.917, 153
Trd, 000097.833, 153
Trd, 000098.017, 153
Trd, 000098.083, 152
Trd, 000098.233, 158
Trd, 000098.467, 152
Trd, 000099.183, 153
Trd, 000099.900, 154
Trd, 000100.500, 154
Trd, 000100.533, 165
Trd, 000101.117, 146
Trd, 000101.350, 151
Trd, 000101.583, 145
Trd, 000104.767, 150
Trd, 000105.033, 151
Trd, 000105.867, 152
Trd, 000106.117, 154
Trd, 000107.283, 151
Trd, 000107.833, 151
Trd, 000107.883, 156
Trd, 000108.200, 157
Trd, 000108.450, 151
Trd, 000108.633, 150
Trd, 000109.133, 166
Trd, 000110.133, 160
Trd, 000110.650, 156
Trd, 000110.783, 155
Trd, 000111.300, 158
Trd, 000112.433, 160
Trd, 000113.283, 160
Trd, 000113.400, 157
Trd, 000114.567, 159
Trd, 000115.367, 158
Trd, 000115.600, 156
Trd, 000115.683, 157
Trd, 000115.900, 160
Trd, 000116.033, 155
Trd, 000116.050, 160
Trd, 000116.700, 165
Trd, 000118.467, 156
Trd, 000118.900, 156
Trd, 000120.800, 156
Trd, 000120.933, 156
Trd, 000121.017, 156
Trd, 000121.067, 161
Trd, 000121.900, 156
Trd, 000123.100, 161
Trd, 000123.267, 155
Trd, 000123.683, 167
Trd, 000124.250, 156
Trd, 000125.200, 162
Trd, 000125.583, 178
Trd, 000125.700, 159
Trd, 000125.950, 157
Trd, 000126.667, 166
Trd, 000126.750, 159
Trd, 000128.000, 161
Trd, 000128.867, 161
Trd, 000129.050, 162
Trd, 000129.067, 163
Trd, 000129.633, 160
Trd, 000129.967, 159
Trd, 000130.233, 162
Trd, 000131.717, 158
Trd, 000132.200, 158
Trd, 000133.517, 157
Trd, 000133.733, 151
Trd, 000133.967, 160
Trd, 000135.133, 154
Trd, 000135.200, 159
Trd, 000135.233, 153
Trd, 000135.867, 160
Trd, 000137.467, 161
Trd, 000137.633, 156
Trd, 000137.650, 169
Trd, 000138.667, 182
Trd, 000139.383, 172
Trd, 000139.783, 160
Trd, 000140.100, 176
Trd, 000140.400, 157
Trd, 000141.450, 156
Trd, 000141.583, 157
Trd, 000143.033, 159
Trd, 000143.383, 166
Trd, 000143.550, 158
Trd, 000144.567, 166
Trd, 000144.667, 169
Trd, 000145.533, 163
Trd, 000145.617, 159
Trd, 000146.500, 159
Trd, 000147.600, 162
Trd, 000147.883, 164
Trd, 000148.133, 163
Trd, 000148.533, 176
Trd, 000148.633, 183
Trd, 000150.033, 167
Trd, 000150.950, 159
Trd, 000152.433, 162
Trd, 000152.867, 161
Trd, 000153.350, 159
Trd, 000154.083, 163
Trd, 000155.000, 163
Trd, 000155.450, 164
Trd, 000156.017, 170
Trd, 000156.767, 174
Trd, 000157.833, 162
Trd, 000158.217, 162
Trd, 000158.367, 175
Trd, 000158.800, 161
Trd, 000160.883, 164
Trd, 000160.967, 164
Trd, 000162.350, 166
Trd, 000162.617, 163
Trd, 000163.550, 164
Trd, 000164.100, 166
Trd, 000164.417, 167
Trd, 000165.400, 165
Trd, 000165.750, 162
Trd, 000166.100, 163
Trd, 000166.367, 164
Trd, 000166.467, 165
Trd, 000167.183, 166
Trd, 000167.750, 164
Trd, 000168.367, 166
Trd, 000169.750, 166
Trd, 000170.400, 164
Trd, 000170.600, 162
Trd, 000172.650, 162
Trd, 000172.683, 161
Trd, 000173.367, 164
Trd, 000173.650, 165
Trd, 000174.117, 165
Trd, 000174.400, 166
Trd, 000174.617, 167
Trd, 000174.767, 164
Trd, 000174.783, 164
Trd, 000176.083, 169
Trd, 000176.417, 164
Trd, 000176.700, 170
Trd, 000176.883, 173
Trd, 000177.583, 177
Trd, 000179.633, 165
Trd, 000180.183, 166
Trd, 000181.033, 165
Trd, 000181.550, 165
Trd, 000181.917, 164
Trd, 000182.733, 163
Trd, 000182.783, 153
Trd, 000182.817, 152
Trd, 000183.067, 164
Trd, 000183.600, 166
Trd, 000185.683, 162
Trd, 000186.483, 163
Trd, 000187.050, 164
Trd, 000187.200, 162
Trd, 000187.500, 162
Trd, 000187.550, 158
Trd, 000188.717, 157
Trd, 000190.433, 162
Trd, 000190.850, 160
Trd, 000191.567, 161
Trd, 000192.650, 161
Trd, 000192.800, 162
Trd, 000193.883, 162
Trd, 000193.917, 163
Trd, 000195.500, 161
Trd, 000195.583, 160
Trd, 000195.883, 172
Trd, 000196.117, 160
Trd, 000196.283, 169
Trd, 000196.417, 159
Trd, 000198.033, 168
Trd, 000199.250, 165
Trd, 000199.333, 164
Trd, 000201.833, 167
Trd, 000202.350, 165
Trd, 000202.433, 165
Trd, 000202.500, 166
Trd, 000203.283, 168
Trd, 000203.467, 165
Trd, 000203.883, 166
Trd, 000204.083, 164
Trd, 000205.400, 163
Trd, 000205.567, 158
Trd, 000206.700, 165
Trd, 000207.800, 163
Trd, 000208.000, 159
Trd, 000208.367, 160
Trd, 000209.583, 159
Trd, 000210.500, 164
Trd, 000211.117, 165
Trd, 000211.383, 162
Trd, 000212.083, 161
Trd, 000212.917, 161
Trd, 000213.900, 161
Trd, 000214.300, 164
Trd, 000215.033, 165
Trd, 000215.717, 163
Trd, 000216.717, 163
Trd, 000217.850, 169
Trd, 000218.000, 164
Trd, 000219.067, 166
Trd, 000219.483, 170
Trd, 000219.850, 190
Trd, 000220.367, 177
Trd, 000221.033, 174
Trd, 000222.850, 166
Trd, 000223.717, 172
Trd, 000223.817, 174
Trd, 000223.967, 171
Trd, 000224.700, 170
Trd, 000225.167, 169
Trd, 000225.650, 168
Trd, 000226.717, 167
Trd, 000227.483, 136
Trd, 000227.900, 140
Trd, 000228.117, 142
Trd, 000230.183, 171
Trd, 000230.700, 172
Trd, 000231.633, 185
Trd, 000232.200, 176
Trd, 000233.167, 177
Trd, 000233.367, 176
Trd, 000234.567, 175
Trd, 000234.850, 176
Trd, 000235.517, 176
Trd, 000235.783, 178
Trd, 000236.800, 174
Trd, 000237.500, 177
Trd, 000237.983, 173
Trd, 000238.083, 178
Trd, 000239.350, 177
Trd, 000239.767, 174
Trd, 000240.133, 173
Trd, 000240.200, 176
Trd, 000240.317, 178
Trd, 000240.817, 178
Trd, 000241.267, 179
Trd, 000241.583, 178
Trd, 000242.267, 187
Trd, 000242.600, 187
Trd, 000242.683, 187
Trd, 000242.817, 185
Trd, 000243.550, 180
Trd, 000244.000, 189
Trd, 000244.250, 192
Trd, 000244.433, 185
Trd, 000244.900, 186
Trd, 000244.933, 187
Trd, 000245.267, 186
Trd, 000245.617, 185
Trd, 000245.867, 183
Trd, 000245.917, 171
Trd, 000247.267, 174
Trd, 000248.400, 171
Trd, 000248.733, 172
Trd, 000249.233, 174
Trd, 000249.533, 170
Trd, 000249.633, 175
Trd, 000250.000, 180
Trd, 000250.083, 197
Trd, 000250.317, 185
Trd, 000250.450, 184
Trd, 000251.117, 183
Trd, 000251.467, 182
Trd, 000252.283, 174
Trd, 000252.617, 174
Trd, 000253.233, 163
Trd, 000253.283, 179
Trd, 000254.383, 169
Trd, 000254.417, 172
Trd, 000254.517, 168
Trd, 000254.567, 162
Trd, 000255.467, 166
Trd, 000256.100, 167
Trd, 000256.133, 166
Trd, 000256.483, 179
Trd, 000257.533, 167
Trd, 000257.550, 166
Trd, 000258.150, 169
Trd, 000258.200, 166
Trd, 000258.633, 165
Trd, 000259.300, 170
Trd, 000259.800, 171
Trd, 000260.467, 170
Trd, 000260.567, 174
Trd, 000260.817, 178
Trd, 000261.400, 175
Trd, 000261.700, 174
Trd, 000261.833, 187
Trd, 000262.017, 187
Trd, 000262.067, 172
Trd, 000262.633, 170
Trd, 000263.767, 176
Trd, 000264.117, 181
Trd, 000264.417, 181
Trd, 000264.550, 182
Trd, 000264.583, 181
Trd, 000265.433, 180
Trd, 000266.567, 177
Trd, 000266.817, 178
Trd, 000267.333, 179
Trd, 000267.767, 176
Trd, 000267.983, 180
Trd, 000268.050, 189
Trd, 000268.100, 179
Trd, 000268.133, 173
Trd, 000269.000, 180
Trd, 000269.517, 177
Trd, 000270.100, 177
Trd, 000270.683, 175
Trd, 000270.767, 180
Trd, 000271.450, 164
Trd, 000272.000, 179
Trd, 000272.333, 181
Trd, 000272.400, 182
Trd, 000272.783, 177
Trd, 000273.033, 178
Trd, 000273.367, 173
Trd, 000274.000, 171
Trd, 000274.333, 170
Trd, 000274.583, 175
Trd, 000274.983, 180
Trd, 000275.650, 174
Trd, 000276.900, 179
Trd, 000277.033, 175
Trd, 000277.350, 174
Trd, 000277.450, 174
Trd, 000278.433, 167
Trd, 000278.667, 173
Trd, 000278.850, 172
Trd, 000279.333, 172
Trd, 000279.450, 172
Trd, 000280.133, 170
Trd, 000280.817, 169
Trd, 000280.833, 169
Trd, 000281.250, 174
Trd, 000281.333, 183
Trd, 000282.800, 177
Trd, 000283.100, 177
Trd, 000283.950, 175
Trd, 000284.200, 173
Trd, 000284.983, 175
Trd, 000285.033, 176
Trd, 000285.100, 173
Trd, 000285.283, 176
Trd, 000285.500, 190
Trd, 000285.600, 172
Trd, 000286.067, 173
Trd, 000286.617, 172
Trd, 000287.383, 172
Trd, 000287.400, 171
Trd, 000287.500, 176
Trd, 000288.167, 170
Trd, 000288.967, 178
Trd, 000289.033, 179
Trd, 000289.500, 178
Trd, 000289.550, 165
Trd, 000290.167, 180
Trd, 000290.400, 181
Trd, 000290.500, 184
Trd, 000291.217, 182
Trd, 000291.250, 189
Trd, 000291.483, 179
Trd, 000291.867, 191
Trd, 000292.150, 187
Trd, 000292.383, 175
Trd, 000292.983, 191
Trd, 000293.283, 185
Trd, 000293.450, 197
Trd, 000293.733, 173
Trd, 000294.833, 179
Trd, 000294.950, 178
Trd, 000295.650, 179
Trd, 000295.967, 178
Trd, 000296.000, 176
Trd, 000296.433, 179
Trd, 000296.617, 181
Trd, 000296.683, 185
Trd, 000297.083, 177
Trd, 000297.633, 197
Trd, 000297.683, 192
Trd, 000298.150, 191
Trd, 000298.383, 196
Trd, 000298.867, 178
Trd, 000299.033, 194
Trd, 000299.200, 198
Trd, 000299.267, 176
