Trd, 000002.717, 133
Trd, 000003.600, 136
Trd, 000003.767, 147
Trd, 000004.183, 145
Trd, 000004.450, 145
Trd, 000004.567, 147
Trd, 000004.633, 148
Trd, 000004.783, 133
Trd, 000005.050, 148
Trd, 000005.150, 134
Trd, 000007.000, 159
Trd, 000007.433, 163
Trd, 000007.767, 156
Trd, 000008.217, 153
Trd, 000008.300, 157
Trd, 000009.583, 152
Trd, 000009.667, 154
Trd, 000010.050, 151
Trd, 000011.350, 138
Trd, 000012.067, 153
Trd, 000012.333, 144
Trd, 000012.383, 152
Trd, 000012.667, 154
Trd, 000012.783, 136
Trd, 000013.500, 142
Trd, 000014.783, 138
Trd, 000016.800, 142
Trd, 000016.833, 143
Trd, 000017.100, 143
Trd, 000017.250, 144
Trd, 000018.083, 145
Trd, 000018.217, 139
Trd, 000019.283, 141
Trd, 000020.167, 141
Trd, 000021.600, 145
Trd, 000022.433, 148
Trd, 000022.850, 142
Trd, 000023.033, 140
Trd, 000023.100, 138
Trd, 000023.633, 140
Trd, 000024.933, 143
Trd, 000025.617, 145
Trd, 000026.167, 139
Trd, 000026.883, 145
Trd, 000027.033, 139
Trd, 000027.717, 145
Trd, 000027.967, 136
Trd, 000028.033, 129
Trd, 000028.450, 145
Trd, 000028.633, 146
Trd, 000028.783, 151
Trd, 000030.317, 154
Trd, 000031.333, 148
Trd, 000031.583, 151
Trd, 000031.617, 146
Trd, 000032.633, 146
Trd, 000032.850, 151
Trd, 000034.583, 148
Trd, 000034.650, 142
Trd, 000035.300, 149
Trd, 000036.183, 145
Trd, 000037.350, 142
Trd, 000037.650, 149
Trd, 000038.067, 152
Trd, 000040.283, 152
Trd, 000040.317, 155
Trd, 000040.700, 156
Trd, 000041.800, 152
Trd, 000042.150, 157
Trd, 000042.583, 159
Trd, 000042.667, 169
Trd, 000044.017, 143
Trd, 000044.100, 141
Trd, 000044.967, 138
Trd, 000045.850, 143
Trd, 000046.083, 143
Trd, 000046.183, 149
Trd, 000046.233, 142
Trd, 000047.217, 146
Trd, 000048.517, 146
Trd, 000048.733, 152
Trd, 000048.850, 154
Trd, 000048.967, 155
Trd, 000049.417, 157
Trd, 000050.533, 154
Trd, 000050.950, 154
Trd, 000051.183, 155
Trd, 000051.617, 158
Trd, 000051.900, 156
Trd, 000052.117, 157
Trd, 000052.733, 152
Trd, 000052.750, 150
Trd, 000053.350, 160
Trd, 000053.583, 149
Trd, 000054.667, 154
Trd, 000056.233, 153
Trd, 000056.950, 149
Trd, 000057.367, 154
Trd, 000057.417, 152
Trd, 000057.450, 149
Trd, 000058.383, 147
Trd, 000059.433, 153
Trd, 000059.800, 152
Trd, 000061.600, 154
Trd, 000061.850, 151
Trd, 000063.217, 153
Trd, 000063.617, 151
Trd, 000064.200, 148
Trd, 000064.267, 154
Trd, 000064.817, 154
Trd, 000064.867, 157
Trd, 000065.400, 159
Trd, 000065.600, 147
Trd, 000066.067, 159
Trd, 000066.700, 160
Trd, 000068.133, 154
Trd, 000068.250, 156
Trd, 000068.400, 151
Trd, 000068.550, 150
Trd, 000069.233, 156
Trd, 000069.533, 158
Trd, 000069.950, 156
Trd, 000070.167, 145
Trd, 000070.183, 160
Trd, 000070.800, 144
Trd, 000071.533, 158
Trd, 000071.667, 141
Trd, 000072.000, 157
Trd, 000072.500, 154
Trd, 000072.550, 162
Trd, 000073.900, 144
Trd, 000074.733, 144
Trd, 000074.833, 149
Trd, 000075.850, 150
Trd, 000076.167, 149
Trd, 000076.267, 146
Trd, 000077.083, 144
Trd, 000077.267, 150
Trd, 000077.367, 151
Trd, 000078.683, 152
Trd, 000079.133, 152
Trd, 000079.667, 151
Trd, 000079.683, 156
Trd, 000081.983, 161
Trd, 000082.117, 163
Trd, 000082.500, 150
Trd, 000082.633, 157
Trd, 000083.883, 152
Trd, 000084.567, 157
Trd, 000084.983, 157
Trd, 000085.483, 152
Trd, 000086.517, 157
Trd, 000086.750, 156
Trd, 000087.500, 157
Trd, 000088.200, 154
Trd, 000089.067, 153
Trd, 000089.100, 160
Trd, 000089.833, 162
Trd, 000092.100, 154
Trd, 000092.117, 151
Trd, 000093.567, 161
Trd, 000094.117, 157
Trd, 000094.367, 151
Trd, 000095.450, 157
Trd, 000095.917, 150
Trd, 000097.167, 158
Trd, 000097.333, 157
Trd, 000097.733, 149
Trd, 000098.017, 156
Trd, 000098.033, 149
Trd, 000098.400, 159
Trd, 000098.700, 160
Trd, 000098.833, 161
Trd, 000099.200, 149
Trd, 000099.317, 148
Trd, 000099.583, 144
Trd, 000099.600, 163
Trd, 000100.350, 163
Trd, 000100.783, 165
Trd, 000102.467, 158
Trd, 000102.867, 158
Trd, 000103.217, 175
Trd, 000103.500, 165
Trd, 000104.367, 162
Trd, 000104.617, 163
Trd, 000104.817, 164
Trd, 000104.883, 161
Trd, 000105.217, 155
Trd, 000105.817, 164
Trd, 000108.167, 166
Trd, 000109.433, 161
Trd, 000110.150, 161
Trd, 000111.133, 163
Trd, 000111.317, 164
Trd, 000111.800, 160
Trd, 000112.033, 163
Trd, 000112.300, 161
Trd, 000112.550, 163
Trd, 000113.300, 162
Trd, 000113.500, 162
Trd, 000113.517, 162
Trd, 000113.833, 166
Trd, 000114.500, 160
Trd, 000116.567, 152
Trd, 000116.983, 159
Trd, 000117.367, 157
Trd, 000117.667, 145
Trd, 000118.000, 150
Trd, 000118.283, 155
Trd, 000119.667, 141
Trd, 000119.867, 153
Trd, 000120.267, 150
Trd, 000120.550, 146
Trd, 000121.217, 160
Trd, 000121.950, 142
Trd, 000122.017, 153
Trd, 000122.833, 143
Trd, 000123.233, 152
Trd, 000123.400, 160
Trd, 000124.200, 147
Trd, 000124.233, 153
Trd, 000124.367, 146
Trd, 000124.800, 149
Trd, 000126.150, 152
Trd, 000126.233, 158
Trd, 000126.733, 167
Trd, 000127.767, 153
Trd, 000127.800, 159
Trd, 000129.883, 159
Trd, 000129.917, 160
Trd, 000131.350, 161
Trd, 000131.417, 157
Trd, 000132.517, 161
Trd, 000132.633, 155
Trd, 000134.333, 161
Trd, 000134.650, 161
Trd, 000135.133, 157
Trd, 000135.767, 158
Trd, 000136.017, 157
Trd, 000136.233, 156
Trd, 000136.967, 156
Trd, 000138.200, 165
Trd, 000139.000, 169
Trd, 000139.683, 156
Trd, 000140.767, 162
Trd, 000141.100, 157
Trd, 000141.233, 164
Trd, 000141.417, 155
Trd, 000141.583, 165
Trd, 000142.383, 168
Trd, 000143.467, 166
Trd, 000143.517, 162
Trd, 000144.017, 155
Trd, 000144.233, 168
Trd, 000144.733, 169
Trd, 000145.533, 158
Trd, 000145.933, 153
Trd, 000146.083, 151
Trd, 000146.800, 163
Trd, 000147.017, 165
Trd, 000147.567, 153
Trd, 000147.617, 152
Trd, 000147.683, 166
Trd, 000148.100, 152
Trd, 000149.333, 166
Trd, 000150.783, 156
Trd, 000151.200, 166
Trd, 000152.067, 165
Trd, 000153.283, 165
Trd, 000154.783, 161
Trd, 000155.433, 163
Trd, 000155.750, 163
Trd, 000156.717, 162
Trd, 000157.067, 160
Trd, 000157.167, 152
Trd, 000157.367, 163
Trd, 000158.667, 157
Trd, 000159.267, 162
Trd, 000159.533, 163
Trd, 000159.583, 157
Trd, 000161.400, 162
Trd, 000161.500, 156
Trd, 000163.317, 157
Trd, 000163.483, 158
Trd, 000163.583, 159
Trd, 000164.050, 160
Trd, 000165.050, 157
Trd, 000165.067, 167
Trd, 000165.883, 158
Trd, 000166.583, 159
Trd, 000166.750, 164
Trd, 000166.967, 171
Trd, 000167.167, 159
Trd, 000167.200, 165
Trd, 000168.167, 160
Trd, 000168.183, 159
Trd, 000168.567, 176
Trd, 000169.800, 169
Trd, 000170.000, 174
Trd, 000171.250, 158
Trd, 000171.467, 154
Trd, 000171.517, 168
Trd, 000171.667, 169
Trd, 000173.917, 168
Trd, 000174.250, 168
Trd, 000174.467, 157
Trd, 000175.083, 168
Trd, 000175.250, 157
Trd, 000175.633, 165
Trd, 000176.117, 155
Trd, 000176.450, 158
Trd, 000178.083, 165
Trd, 000178.133, 151
Trd, 000178.200, 166
Trd, 000179.017, 153
Trd, 000179.333, 164
Trd, 000179.933, 163
Trd, 000180.900, 162
Trd, 000181.100, 156
Trd, 000181.467, 166
Trd, 000181.583, 170
Trd, 000181.850, 156
Trd, 000183.350, 164
Trd, 000183.617, 163
Trd, 000184.000, 160
Trd, 000184.483, 164
Trd, 000185.100, 159
Trd, 000187.117, 156
Trd, 000187.467, 146
Trd, 000187.633, 158
Trd, 000187.867, 160
Trd, 000188.367, 154
Trd, 000189.183, 155
Trd, 000189.400, 160
Trd, 000189.867, 160
Trd, 000189.950, 154
Trd, 000190.217, 160
Trd, 000190.567, 157
Trd, 000190.967, 167
Trd, 000191.900, 169
Trd, 000192.483, 174
Trd, 000193.183, 165
Trd, 000194.483, 164
Trd, 000194.883, 162
Trd, 000195.750, 161
Trd, 000197.883, 164
Trd, 000198.567, 163
Trd, 000199.300, 166
Trd, 000199.367, 161
Trd, 000199.633, 168
Trd, 000200.233, 167
Trd, 000200.517, 161
Trd, 000200.667, 168
Trd, 000201.017, 171
Trd, 000201.200, 160
Trd, 000202.933, 166
Trd, 000203.083, 160
Trd, 000203.133, 168
Trd, 000203.650, 159
Trd, 000204.450, 158
Trd, 000204.583, 158
Trd, 000204.733, 166
Trd, 000206.750, 164
Trd, 000207.400, 163
Trd, 000207.817, 165
Trd, 000208.617, 169
Trd, 000208.700, 170
Trd, 000209.717, 167
Trd, 000209.817, 159
Trd, 000210.117, 171
Trd, 000210.533, 172
Trd, 000212.550, 169
Trd, 000213.217, 170
Trd, 000214.433, 170
Trd, 000214.833, 175
Trd, 000216.083, 169
Trd, 000216.100, 171
Trd, 000216.233, 172
Trd, 000216.300, 158
Trd, 000216.350, 174
Trd, 000217.350, 166
Trd, 000217.533, 177
Trd, 000218.000, 181
Trd, 000218.200, 157
Trd, 000218.217, 155
Trd, 000218.750, 179
Trd, 000218.967, 177
Trd, 000219.200, 170
Trd, 000219.617, 185
Trd, 000221.700, 181
Trd, 000221.783, 154
Trd, 000222.133, 180
Trd, 000223.583, 172
Trd, 000223.600, 164
Trd, 000224.067, 171
Trd, 000225.350, 168
Trd, 000227.383, 168
Trd, 000228.083, 172
Trd, 000228.100, 173
Trd, 000228.150, 173
Trd, 000228.800, 173
Trd, 000230.067, 172
Trd, 000230.167, 169
Trd, 000230.200, 174
Trd, 000230.383, 176
Trd, 000230.500, 163
Trd, 000231.783, 171
Trd, 000232.100, 177
Trd, 000232.467, 178
Trd, 000232.933, 164
Trd, 000233.700, 175
Trd, 000233.967, 163
Trd, 000234.017, 161
Trd, 000234.433, 160
Trd, 000235.250, 175
Trd, 000236.300, 174
Trd, 000236.683, 163
Trd, 000236.867, 174
Trd, 000238.167, 174
Trd, 000238.250, 175
Trd, 000240.150, 173
Trd, 000240.300, 173
Trd, 000240.433, 175
Trd, 000240.550, 171
Trd, 000240.733, 173
Trd, 000240.817, 171
Trd, 000241.017, 173
Trd, 000241.517, 174
Trd, 000242.117, 174
Trd, 000242.267, 175
Trd, 000242.800, 175
Trd, 000243.050, 178
Trd, 000243.267, 179
Trd, 000243.433, 178
Trd, 000243.700, 186
Trd, 000244.683, 185
Trd, 000245.050, 181
Trd, 000245.233, 182
Trd, 000245.550, 179
Trd, 000246.683, 180
Trd, 000246.850, 181
Trd, 000247.283, 181
Trd, 000247.317, 179
Trd, 000247.800, 175
Trd, 000248.567, 178
Trd, 000248.633, 180
Trd, 000248.883, 178
Trd, 000249.133, 177
Trd, 000249.233, 180
Trd, 000249.800, 183
Trd, 000250.150, 186
Trd, 000250.233, 180
Trd, 000250.350, 183
Trd, 000251.533, 180
Trd, 000252.367, 173
Trd, 000252.750, 176
Trd, 000253.367, 182
Trd, 000253.717, 181
Trd, 000253.883, 184
Trd, 000254.000, 181
Trd, 000254.233, 179
Trd, 000254.383, 179
Trd, 000255.400, 181
Trd, 000255.633, 178
Trd, 000255.700, 182
Trd, 000256.067, 181
Trd, 000257.633, 180
Trd, 000258.050, 180
Trd, 000258.750, 176
Trd, 000259.150, 185
Trd, 000259.750, 187
Trd, 000260.283, 185
Trd, 000260.717, 181
Trd, 000260.800, 177
Trd, 000261.333, 184
Trd, 000263.150, 181
Trd, 000263.200, 185
Trd, 000264.100, 181
Trd, 000264.350, 179
Trd, 000265.433, 178
Trd, 000265.600, 181
Trd, 000265.767, 183
Trd, 000266.533, 186
Trd, 000267.567, 181
Trd, 000267.600, 182
Trd, 000267.883, 182
Trd, 000267.900, 177
Trd, 000268.083, 179
Trd, 000268.233, 176
Trd, 000268.300, 184
Trd, 000268.800, 184
Trd, 000268.967, 185
Trd, 000269.017, 180
Trd, 000270.117, 182
Trd, 000270.967, 182
Trd, 000271.083, 183
Trd, 000271.267, 177
Trd, 000272.100, 183
Trd, 000273.200, 185
Trd, 000273.250, 180
Trd, 000273.633, 186
Trd, 000273.667, 181
Trd, 000274.267, 180
Trd, 000274.933, 188
Trd, 000275.400, 183
Trd, 000275.450, 187
Trd, 000275.550, 182
Trd, 000276.367, 187
Trd, 000276.917, 189
Trd, 000277.350, 186
Trd, 000277.683, 184
Trd, 000278.717, 189
Trd, 000278.800, 185
Trd, 000279.667, 190
Trd, 000280.367, 186
Trd, 000280.383, 183
Trd, 000280.750, 182
Trd, 000281.150, 183
Trd, 000281.567, 177
Trd, 000281.700, 176
Trd, 000281.783, 177
Trd, 000281.950, 183
Trd, 000283.017, 180
Trd, 000283.267, 182
Trd, 000283.667, 179
Trd, 000284.017, 176
Trd, 000285.333, 180
Trd, 000285.350, 180
Trd, 000286.150, 184
Trd, 000286.333, 182
Trd, 000286.750, 178
Trd, 000287.283, 180
Trd, 000287.483, 177
Trd, 000287.650, 176
Trd, 000287.733, 181
Trd, 000288.767, 180
Trd, 000289.600, 170
Trd, 000290.400, 182
Trd, 000290.500, 174
Trd, 000290.617, 185
Trd, 000290.650, 187
Trd, 000290.817, 191
Trd, 000291.183, 192
Trd, 000291.317, 184
Trd, 000291.417, 189
Trd, 000291.867, 187
Trd, 000292.717, 184
Trd, 000292.933, 184
Trd, 000292.967, 187
Trd, 000293.217, 177
Trd, 000293.433, 186
Trd, 000294.150, 180
Trd, 000294.200, 185
Trd, 000295.367, 183
Trd, 000295.433, 176
Trd, 000295.617, 176
Trd, 000296.067, 182
Trd, 000296.433, 180
Trd, 000296.833, 181
Trd, 000297.267, 178
Trd, 000297.483, 183
Trd, 000297.817, 177
Trd, 000298.233, 184
Trd, 000298.883, 191
Trd, 000299.650, 189
