Trd, 000001.150, 113
Trd, 000001.567, 149
Trd, 000002.333, 123
Trd, 000004.100, 119
Trd, 000004.117, 120
Trd, 000004.950, 119
Trd, 000005.700, 137
Trd, 000006.483, 146
Trd, 000007.533, 149
Trd, 000007.600, 134
Trd, 000007.750, 133
Trd, 000008.217, 146
Trd, 000009.300, 152
Trd, 000009.617, 143
Trd, 000009.717, 148
Trd, 000009.933, 138
Trd, 000010.467, 167
Trd, 000012.367, 142
Trd, 000012.400, 153
Trd, 000013.050, 167
Trd, 000013.733, 167
Trd, 000013.783, 145
Trd, 000013.983, 144
Trd, 000014.150, 152
Trd, 000015.367, 163
Trd, 000015.433, 136
Trd, 000016.067, 153
Trd, 000016.200, 169
Trd, 000018.317, 148
Trd, 000018.667, 152
Trd, 000019.167, 147
Trd, 000019.383, 147
Trd, 000019.850, 151
Trd, 000020.300, 146
Trd, 000020.467, 151
Trd, 000020.633, 153
Trd, 000021.883, 147
Trd, 000022.417, 137
Trd, 000023.083, 138
Trd, 000023.100, 139
Trd, 000023.133, 145
Trd, 000023.467, 136
Trd, 000023.733, 145
Trd, 000024.783, 146
Trd, 000024.983, 153
Trd, 000025.900, 166
Trd, 000026.117, 184
Trd, 000026.233, 150
Trd, 000026.867, 149
Trd, 000027.600, 146
Trd, 000028.467, 154
Trd, 000028.817, 155
Trd, 000028.867, 156
Trd, 000029.367, 155
Trd, 000029.683, 140
Trd, 000031.550, 154
Trd, 000031.700, 153
Trd, 000032.700, 154
Trd, 000033.183, 154
Trd, 000033.717, 153
Trd, 000034.067, 165
Trd, 000035.100, 158
Trd, 000035.517, 152
Trd, 000036.033, 152
Trd, 000037.250, 153
Trd, 000037.500, 156
Trd, 000037.617, 156
Trd, 000039.317, 154
Trd, 000039.617, 152
Trd, 000040.400, 154
Trd, 000041.333, 153
Trd, 000041.517, 151
Trd, 000042.750, 154
Trd, 000042.800, 155
Trd, 000043.333, 163
Trd, 000043.500, 152
Trd, 000044.400, 176
Trd, 000045.000, 169
Trd, 000045.050, 159
Trd, 000045.217, 159
Trd, 000046.033, 162
Trd, 000046.117, 164
Trd, 000047.000, 162
Trd, 000048.300, 161
Trd, 000048.350, 160
Trd, 000049.517, 161
Trd, 000049.683, 160
Trd, 000050.317, 155
Trd, 000050.867, 152
Trd, 000052.083, 156
Trd, 000053.267, 140
Trd, 000053.883, 143
Trd, 000054.000, 135
Trd, 000054.633, 146
Trd, 000054.850, 148
Trd, 000054.967, 144
Trd, 000055.650, 149
Trd, 000055.750, 145
Trd, 000055.833, 150
Trd, 000057.867, 153
Trd, 000058.000, 170
Trd, 000058.100, 151
Trd, 000058.150, 148
Trd, 000058.300, 178
Trd, 000058.450, 136
Trd, 000058.967, 168
Trd, 000059.850, 161
Trd, 000061.600, 150
Trd, 000062.683, 143
Trd, 000062.867, 155
Trd, 000063.050, 155
Trd, 000063.667, 155
Trd, 000063.950, 156
Trd, 000064.600, 153
Trd, 000064.867, 156
Trd, 000066.100, 152
Trd, 000066.133, 156
Trd, 000066.233, 151
Trd, 000066.900, 146
Trd, 000067.350, 149
Trd, 000068.267, 149
Trd, 000068.350, 143
Trd, 000068.450, 150
Trd, 000068.550, 152
Trd, 000069.033, 153
Trd, 000070.150, 153
Trd, 000070.683, 149
Trd, 000070.783, 158
Trd, 000071.433, 159
Trd, 000071.933, 146
Trd, 000073.667, 143
Trd, 000074.033, 136
Trd, 000074.683, 147
Trd, 000075.617, 148
Trd, 000075.833, 150
Trd, 000075.933, 147
Trd, 000077.483, 151
Trd, 000078.183, 145
Trd, 000078.383, 151
Trd, 000078.867, 144
Trd, 000079.867, 159
Trd, 000080.300, 136
Trd, 000080.500, 150
Trd, 000080.850, 173
Trd, 000081.200, 164
Trd, 000081.683, 163
Trd, 000082.017, 172
Trd, 000082.033, 173
Trd, 000082.250, 170
Trd, 000082.283, 154
Trd, 000082.400, 153
Trd, 000083.567, 152
Trd, 000083.683, 174
Trd, 000084.550, 157
Trd, 000085.200, 158
Trd, 000086.917, 162
Trd, 000088.050, 160
Trd, 000088.717, 160
Trd, 000089.183, 160
Trd, 000089.633, 162
Trd, 000089.833, 158
Trd, 000089.883, 162
Trd, 000090.933, 181
Trd, 000091.400, 156
Trd, 000092.633, 164
Trd, 000092.867, 175
Trd, 000092.967, 146
Trd, 000093.100, 174
Trd, 000094.650, 162
Trd, 000096.533, 166
Trd, 000097.067, 157
Trd, 000097.500, 162
Trd, 000097.583, 156
Trd, 000097.967, 163
Trd, 000098.733, 154
Trd, 000098.900, 157
Trd, 000098.950, 147
Trd, 000099.900, 146
Trd, 000100.133, 153
Trd, 000100.550, 147
Trd, 000101.133, 153
Trd, 000101.900, 152
Trd, 000102.467, 174
Trd, 000103.017, 150
Trd, 000103.633, 175
Trd, 000104.783, 163
Trd, 000105.983, 151
Trd, 000106.400, 146
Trd, 000107.050, 147
Trd, 000107.617, 155
Trd, 000108.383, 148
Trd, 000108.850, 151
Trd, 000109.217, 145
Trd, 000109.300, 151
Trd, 000109.333, 139
Trd, 000110.167, 150
Trd, 000110.450, 140
Trd, 000110.800, 152
Trd, 000110.917, 155
Trd, 000111.150, 139
Trd, 000111.167, 162
Trd, 000111.883, 183
Trd, 000112.000, 170
Trd, 000112.233, 170
Trd, 000112.817, 177
Trd, 000114.583, 166
Trd, 000115.283, 176
Trd, 000115.700, 167
Trd, 000117.017, 168
Trd, 000118.667, 168
Trd, 000119.817, 173
Trd, 000120.017, 167
Trd, 000120.100, 159
Trd, 000120.350, 157
Trd, 000120.650, 162
Trd, 000120.667, 163
Trd, 000121.617, 163
Trd, 000121.800, 165
Trd, 000123.050, 162
Trd, 000124.100, 158
Trd, 000125.567, 157
Trd, 000125.650, 160
Trd, 000125.867, 162
Trd, 000125.900, 156
Trd, 000126.600, 148
Trd, 000126.717, 161
Trd, 000127.550, 136
Trd, 000128.233, 147
Trd, 000128.700, 150
Trd, 000129.050, 150
Trd, 000129.100, 163
Trd, 000130.400, 168
Trd, 000130.567, 177
Trd, 000131.067, 149
Trd, 000132.567, 158
Trd, 000132.633, 157
Trd, 000132.933, 160
Trd, 000134.067, 160
Trd, 000134.150, 178
Trd, 000134.400, 175
Trd, 000134.933, 165
Trd, 000135.550, 178
Trd, 000136.417, 170
Trd, 000137.567, 176
Trd, 000138.733, 170
Trd, 000139.717, 172
Trd, 000140.367, 170
Trd, 000140.417, 173
Trd, 000140.467, 161
Trd, 000140.550, 158
Trd, 000141.150, 169
Trd, 000141.783, 166
Trd, 000141.883, 173
Trd, 000142.233, 179
Trd, 000142.933, 186
Trd, 000143.400, 184
Trd, 000143.600, 190
Trd, 000143.933, 169
Trd, 000144.767, 172
Trd, 000145.050, 169
Trd, 000145.533, 161
Trd, 000147.117, 160
Trd, 000148.367, 155
Trd, 000148.967, 160
Trd, 000149.067, 158
Trd, 000149.533, 159
Trd, 000149.583, 153
Trd, 000150.183, 158
Trd, 000150.583, 159
Trd, 000151.467, 160
Trd, 000151.933, 153
Trd, 000152.133, 164
Trd, 000152.283, 162
Trd, 000152.400, 151
Trd, 000153.483, 161
Trd, 000154.950, 164
Trd, 000155.533, 158
Trd, 000155.717, 167
Trd, 000156.767, 158
Trd, 000157.317, 160
Trd, 000158.017, 161
Trd, 000158.250, 159
Trd, 000160.300, 159
Trd, 000160.317, 160
Trd, 000160.933, 158
Trd, 000161.350, 160
Trd, 000162.200, 160
Trd, 000162.217, 154
Trd, 000162.767, 167
Trd, 000163.883, 155
Trd, 000164.550, 165
Trd, 000164.817, 161
Trd, 000165.217, 155
Trd, 000165.500, 161
Trd, 000165.800, 155
Trd, 000166.917, 165
Trd, 000168.250, 167
Trd, 000168.367, 168
Trd, 000168.400, 162
Trd, 000169.600, 161
Trd, 000170.300, 156
Trd, 000170.333, 164
Trd, 000170.667, 164
Trd, 000171.200, 153
Trd, 000171.983, 154
Trd, 000172.517, 165
Trd, 000172.783, 182
Trd, 000173.367, 166
Trd, 000173.383, 172
Trd, 000174.267, 164
Trd, 000174.650, 184
Trd, 000174.700, 179
Trd, 000175.233, 172
Trd, 000177.600, 174
Trd, 000178.200, 175
Trd, 000178.617, 167
Trd, 000180.517, 166
Trd, 000181.417, 171
Trd, 000181.633, 162
Trd, 000182.083, 166
Trd, 000182.417, 152
Trd, 000182.750, 167
Trd, 000182.783, 167
Trd, 000183.367, 163
Trd, 000184.133, 167
Trd, 000184.467, 169
Trd, 000184.750, 182
Trd, 000185.300, 163
Trd, 000185.350, 155
Trd, 000185.883, 164
Trd, 000186.533, 156
Trd, 000186.667, 159
Trd, 000187.533, 163
Trd, 000188.167, 163
Trd, 000188.383, 164
Trd, 000188.733, 165
Trd, 000189.600, 183
Trd, 000191.150, 168
Trd, 000191.267, 172
Trd, 000191.967, 170
Trd, 000192.750, 164
Trd, 000192.817, 170
Trd, 000193.350, 168
Trd, 000193.400, 169
Trd, 000193.950, 170
Trd, 000193.983, 184
Trd, 000194.167, 163
Trd, 000194.850, 165
Trd, 000194.983, 155
Trd, 000196.083, 156
Trd, 000196.967, 160
Trd, 000197.017, 163
Trd, 000197.950, 164
Trd, 000198.233, 163
Trd, 000199.583, 162
Trd, 000200.550, 164
Trd, 000200.683, 161
Trd, 000201.017, 165
Trd, 000201.667, 168
Trd, 000201.850, 154
Trd, 000202.600, 158
Trd, 000203.617, 157
Trd, 000204.167, 167
Trd, 000204.333, 168
Trd, 000204.767, 168
Trd, 000204.983, 157
Trd, 000205.533, 156
Trd, 000205.600, 169
Trd, 000205.617, 171
Trd, 000205.700, 156
Trd, 000206.483, 160
Trd, 000206.883, 164
Trd, 000207.017, 152
Trd, 000207.433, 168
Trd, 000207.733, 185
Trd, 000208.133, 152
Trd, 000209.083, 177
Trd, 000209.917, 176
Trd, 000210.283, 168
Trd, 000210.667, 186
Trd, 000212.283, 175
Trd, 000212.967, 177
Trd, 000213.217, 180
Trd, 000213.267, 168
Trd, 000214.017, 178
Trd, 000214.083, 179
Trd, 000214.617, 160
Trd, 000215.067, 155
Trd, 000215.550, 176
Trd, 000215.850, 170
Trd, 000217.067, 174
Trd, 000217.250, 173
Trd, 000217.850, 170
Trd, 000218.483, 166
Trd, 000219.317, 167
Trd, 000219.750, 171
Trd, 000220.483, 170
Trd, 000221.267, 170
Trd, 000221.433, 173
Trd, 000222.250, 184
Trd, 000222.567, 177
Trd, 000222.700, 171
Trd, 000222.833, 166
Trd, 000223.217, 165
Trd, 000223.817, 167
Trd, 000224.417, 167
Trd, 000224.583, 167
Trd, 000224.733, 152
Trd, 000224.967, 152
Trd, 000225.883, 164
Trd, 000228.217, 164
Trd, 000228.350, 157
Trd, 000229.733, 164
Trd, 000230.183, 165
Trd, 000230.300, 160
Trd, 000230.733, 165
Trd, 000230.767, 167
Trd, 000231.550, 168
Trd, 000231.567, 172
Trd, 000231.683, 188
Trd, 000232.400, 170
Trd, 000233.267, 170
Trd, 000233.500, 173
Trd, 000234.050, 173
Trd, 000234.450, 174
Trd, 000234.667, 169
Trd, 000234.967, 167
Trd, 000235.883, 176
Trd, 000236.050, 167
Trd, 000237.517, 177
Trd, 000238.617, 185
Trd, 000238.650, 186
Trd, 000239.017, 172
Trd, 000239.583, 188
Trd, 000239.733, 173
Trd, 000240.617, 179
Trd, 000240.683, 180
Trd, 000240.850, 180
Trd, 000240.967, 180
Trd, 000241.017, 178
Trd, 000241.100, 174
Trd, 000241.967, 175
Trd, 000242.300, 172
Trd, 000242.467, 171
Trd, 000243.467, 171
Trd, 000243.733, 171
Trd, 000243.767, 172
Trd, 000244.133, 179
Trd, 000244.250, 174
Trd, 000244.600, 171
Trd, 000244.850, 168
Trd, 000245.017, 166
Trd, 000245.633, 167
Trd, 000245.900, 164
Trd, 000246.233, 165
Trd, 000246.300, 164
Trd, 000246.867, 170
Trd, 000246.883, 189
Trd, 000247.500, 170
Trd, 000248.183, 175
Trd, 000248.617, 172
Trd, 000249.100, 175
Trd, 000249.350, 170
Trd, 000249.900, 173
Trd, 000250.200, 176
Trd, 000250.600, 176
Trd, 000250.700, 177
Trd, 000251.033, 174
Trd, 000251.083, 180
Trd, 000251.233, 174
Trd, 000251.400, 181
Trd, 000251.483, 190
Trd, 000252.433, 196
Trd, 000252.517, 193
Trd, 000252.767, 190
Trd, 000253.167, 191
Trd, 000253.250, 192
Trd, 000253.467, 187
Trd, 000253.717, 188
Trd, 000253.900, 187
Trd, 000254.233, 190
Trd, 000255.033, 190
Trd, 000255.433, 187
Trd, 000255.850, 180
Trd, 000257.400, 164
Trd, 000257.933, 169
Trd, 000258.150, 161
Trd, 000258.967, 174
Trd, 000259.233, 174
Trd, 000259.900, 176
Trd, 000260.050, 166
Trd, 000260.317, 178
Trd, 000260.633, 178
Trd, 000260.750, 166
Trd, 000261.383, 171
Trd, 000261.583, 173
Trd, 000262.000, 171
Trd, 000262.217, 177
Trd, 000263.267, 177
Trd, 000263.600, 162
Trd, 000264.167, 169
Trd, 000264.833, 166
Trd, 000265.233, 167
Trd, 000265.317, 166
Trd, 000265.833, 167
Trd, 000265.967, 171
Trd, 000266.017, 181
Trd, 000266.233, 176
Trd, 000267.267, 171
Trd, 000267.450, 166
Trd, 000268.033, 166
Trd, 000268.367, 170
Trd, 000268.433, 166
Trd, 000268.517, 165
Trd, 000269.067, 170
Trd, 000269.533, 169
Trd, 000269.550, 172
Trd, 000270.517, 172
Trd, 000270.967, 171
Trd, 000271.333, 169
Trd, 000271.650, 174
Trd, 000272.133, 175
Trd, 000272.267, 178
Trd, 000272.900, 180
Trd, 000273.200, 175
Trd, 000273.283, 181
Trd, 000273.817, 180
Trd, 000274.267, 174
Trd, 000274.600, 174
Trd, 000275.033, 164
Trd, 000275.050, 174
Trd, 000275.250, 176
Trd, 000275.517, 178
Trd, 000276.033, 180
Trd, 000276.383, 182
Trd, 000276.400, 176
Trd, 000276.467, 175
Trd, 000277.600, 179
Trd, 000277.633, 170
Trd, 000278.000, 177
Trd, 000278.800, 173
Trd, 000279.217, 169
Trd, 000279.567, 163
Trd, 000279.717, 176
Trd, 000279.750, 176
Trd, 000280.000, 179
Trd, 000280.100, 193
Trd, 000280.650, 188
Trd, 000280.783, 186
Trd, 000281.967, 194
Trd, 000282.267, 191
Trd, 000282.533, 190
Trd, 000282.600, 173
Trd, 000284.117, 177
Trd, 000284.183, 179
Trd, 000284.400, 172
Trd, 000284.517, 173
Trd, 000284.950, 179
Trd, 000285.883, 177
Trd, 000286.267, 178
Trd, 000286.617, 180
Trd, 000286.700, 184
Trd, 000286.983, 191
Trd, 000287.267, 184
Trd, 000288.100, 184
Trd, 000288.317, 188
Trd, 000288.450, 191
Trd, 000288.833, 176
Trd, 000289.233, 175
Trd, 000289.367, 179
Trd, 000289.500, 180
Trd, 000290.233, 183
Trd, 000291.067, 182
Trd, 000291.100, 182
Trd, 000291.383, 176
Trd, 000291.933, 193
Trd, 000292.117, 194
Trd, 000292.283, 193
Trd, 000292.483, 193
Trd, 000292.850, 188
Trd, 000293.000, 175
Trd, 000293.483, 193
Trd, 000293.650, 173
Trd, 000293.800, 201
Trd, 000295.167, 180
Trd, 000295.233, 166
Trd, 000295.267, 184
Trd, 000295.300, 164
Trd, 000295.433, 174
Trd, 000295.700, 184
Trd, 000295.833, 183
Trd, 000296.050, 163
Trd, 000296.083, 159
Trd, 000296.600, 200
Trd, 000297.300, 198
Trd, 000297.983, 174
Trd, 000298.500, 192
Trd, 000298.517, 176
Trd, 000298.900, 192
Trd, 000299.000, 206
Trd, 000299.333, 185
Trd, 000299.633, 202
Trd, 000299.700, 208
