Trd, 000002.883, 132
Trd, 000003.283, 128
Trd, 000004.133, 135
Trd, 000004.600, 135
Trd, 000004.683, 136
Trd, 000004.733, 136
Trd, 000006.333, 139
Trd, 000006.933, 138
Trd, 000008.183, 138
Trd, 000008.783, 154
Trd, 000009.700, 153
Trd, 000010.033, 152
Trd, 000010.750, 150
Trd, 000010.900, 149
Trd, 000011.117, 156
Trd, 000011.433, 163
Trd, 000013.483, 156
Trd, 000013.567, 155
Trd, 000013.850, 156
Trd, 000014.100, 156
Trd, 000014.583, 161
Trd, 000015.083, 163
Trd, 000015.283, 155
Trd, 000016.033, 156
Trd, 000016.483, 152
Trd, 000017.200, 157
Trd, 000017.350, 160
Trd, 000018.250, 157
Trd, 000018.350, 164
Trd, 000020.167, 159
Trd, 000021.100, 157
Trd, 000021.400, 160
Trd, 000022.017, 158
Trd, 000023.417, 159
Trd, 000024.017, 158
Trd, 000024.133, 157
Trd, 000024.633, 159
Trd, 000025.017, 156
Trd, 000025.233, 161
Trd, 000025.633, 154
Trd, 000027.050, 161
Trd, 000027.217, 158
Trd, 000028.700, 158
Trd, 000028.917, 157
Trd, 000028.983, 156
Trd, 000029.050, 152
Trd, 000029.783, 157
Trd, 000031.850, 156
Trd, 000032.083, 157
Trd, 000033.133, 156
Trd, 000033.567, 156
Trd, 000034.133, 154
Trd, 000034.367, 147
Trd, 000035.000, 139
Trd, 000036.200, 156
Trd, 000036.267, 139
Trd, 000038.200, 150
Trd, 000038.283, 148
Trd, 000040.183, 151
Trd, 000040.383, 155
Trd, 000040.617, 165
Trd, 000041.817, 160
Trd, 000041.867, 165
Trd, 000042.600, 161
Trd, 000043.417, 161
Trd, 000043.683, 159
Trd, 000043.817, 159
Trd, 000044.517, 162
Trd, 000045.767, 158
Trd, 000046.250, 152
Trd, 000046.367, 148
Trd, 000049.100, 158
Trd, 000049.433, 159
Trd, 000049.750, 160
Trd, 000050.317, 158
Trd, 000051.767, 156
Trd, 000052.383, 157
Trd, 000052.600, 156
Trd, 000052.650, 159
Trd, 000052.883, 155
Trd, 000053.000, 160
Trd, 000053.917, 160
Trd, 000053.983, 165
Trd, 000054.100, 153
Trd, 000055.500, 159
Trd, 000056.533, 159
Trd, 000057.633, 158
Trd, 000058.017, 158
Trd, 000058.783, 158
Trd, 000059.483, 158
Trd, 000059.950, 159
Trd, 000060.533, 161
Trd, 000061.067, 162
Trd, 000061.267, 161
Trd, 000061.617, 162
Trd, 000062.083, 158
Trd, 000062.817, 158
Trd, 000063.167, 160
Trd, 000064.200, 164
Trd, 000064.950, 163
Trd, 000065.100, 162
Trd, 000067.217, 165
Trd, 000067.500, 162
Trd, 000068.033, 164
Trd, 000068.083, 164
Trd, 000068.233, 158
Trd, 000069.133, 164
Trd, 000069.617, 164
Trd, 000070.367, 164
Trd, 000070.383, 161
Trd, 000070.833, 158
Trd, 000071.983, 151
Trd, 000072.267, 140
Trd, 000073.433, 161
Trd, 000073.833, 161
Trd, 000075.150, 156
Trd, 000076.033, 157
Trd, 000076.867, 162
Trd, 000077.000, 162
Trd, 000078.300, 160
Trd, 000078.583, 163
Trd, 000079.083, 161
Trd, 000079.200, 159
Trd, 000080.550, 159
Trd, 000081.700, 164
Trd, 000082.100, 164
Trd, 000083.783, 163
Trd, 000084.983, 162
Trd, 000085.250, 161
Trd, 000085.417, 161
Trd, 000085.767, 159
Trd, 000086.467, 162
Trd, 000086.783, 152
Trd, 000086.950, 163
Trd, 000087.350, 163
Trd, 000088.433, 158
Trd, 000089.050, 163
Trd, 000089.617, 164
Trd, 000089.733, 160
Trd, 000090.033, 164
Trd, 000090.500, 160
Trd, 000090.817, 163
Trd, 000090.850, 164
Trd, 000091.250, 163
Trd, 000091.383, 161
Trd, 000092.250, 162
Trd, 000092.283, 160
Trd, 000093.067, 162
Trd, 000093.117, 157
Trd, 000094.167, 154
Trd, 000095.450, 161
Trd, 000095.633, 158
Trd, 000096.583, 160
Trd, 000096.700, 159
Trd, 000097.317, 160
Trd, 000097.833, 164
Trd, 000098.033, 157
Trd, 000099.517, 164
Trd, 000099.550, 166
Trd, 000099.883, 164
Trd, 000100.433, 165
Trd, 000100.867, 161
Trd, 000101.517, 161
Trd, 000102.150, 163
Trd, 000102.417, 165
Trd, 000103.733, 165
Trd, 000104.383, 163
Trd, 000105.283, 163
Trd, 000105.333, 164
Trd, 000105.883, 161
Trd, 000107.267, 163
Trd, 000107.467, 161
Trd, 000108.350, 160
Trd, 000108.733, 160
Trd, 000109.267, 171
Trd, 000109.550, 171
Trd, 000109.917, 173
Trd, 000111.267, 166
Trd, 000112.650, 169
Trd, 000113.967, 169
Trd, 000114.333, 170
Trd, 000114.767, 168
Trd, 000115.433, 167
Trd, 000115.883, 162
Trd, 000116.033, 155
Trd, 000116.050, 168
Trd, 000116.250, 166
Trd, 000117.883, 167
Trd, 000118.233, 167
Trd, 000118.500, 164
Trd, 000119.200, 166
Trd, 000121.617, 165
Trd, 000121.950, 164
Trd, 000122.183, 163
Trd, 000122.233, 165
Trd, 000123.167, 163
Trd, 000123.900, 163
Trd, 000124.067, 167
Trd, 000124.217, 162
Trd, 000124.917, 163
Trd, 000125.367, 173
Trd, 000125.683, 171
Trd, 000126.933, 174
Trd, 000127.283, 164
Trd, 000128.800, 168
Trd, 000129.800, 169
Trd, 000130.150, 168
Trd, 000130.983, 169
Trd, 000131.267, 169
Trd, 000131.417, 169
Trd, 000132.850, 170
Trd, 000133.367, 171
Trd, 000133.583, 170
Trd, 000134.017, 169
Trd, 000135.300, 168
Trd, 000136.267, 167
Trd, 000136.650, 168
Trd, 000136.933, 169
Trd, 000137.167, 169
Trd, 000137.617, 166
Trd, 000138.283, 158
Trd, 000139.717, 168
Trd, 000139.933, 168
Trd, 000140.650, 165
Trd, 000140.733, 168
Trd, 000141.183, 169
Trd, 000142.000, 164
Trd, 000142.967, 166
Trd, 000143.117, 169
Trd, 000143.817, 168
Trd, 000144.717, 168
Trd, 000145.033, 168
Trd, 000145.100, 169
Trd, 000145.267, 168
Trd, 000145.550, 159
Trd, 000145.733, 158
Trd, 000145.767, 170
Trd, 000146.733, 170
Trd, 000147.750, 172
Trd, 000148.467, 149
Trd, 000149.067, 149
Trd, 000149.100, 173
Trd, 000149.650, 179
Trd, 000150.350, 178
Trd, 000150.450, 148
Trd, 000151.267, 159
Trd, 000151.333, 169
Trd, 000151.967, 179
Trd, 000152.000, 162
Trd, 000152.617, 164
Trd, 000152.900, 170
Trd, 000154.367, 170
Trd, 000155.233, 169
Trd, 000155.817, 171
Trd, 000156.583, 176
Trd, 000156.700, 168
Trd, 000157.300, 168
Trd, 000157.717, 177
Trd, 000159.367, 173
Trd, 000159.600, 167
Trd, 000159.617, 167
Trd, 000160.933, 163
Trd, 000161.250, 162
Trd, 000161.283, 163
Trd, 000161.600, 171
Trd, 000162.017, 164
Trd, 000162.500, 167
Trd, 000163.483, 171
Trd, 000164.650, 168
Trd, 000165.183, 168
Trd, 000165.900, 169
Trd, 000165.983, 166
Trd, 000166.517, 171
Trd, 000166.767, 166
Trd, 000167.200, 164
Trd, 000167.917, 178
Trd, 000168.350, 176
Trd, 000169.450, 162
Trd, 000170.550, 176
Trd, 000171.917, 172
Trd, 000172.617, 173
Trd, 000173.783, 175
Trd, 000173.933, 176
Trd, 000174.900, 176
Trd, 000175.000, 174
Trd, 000175.250, 172
Trd, 000175.867, 171
Trd, 000177.067, 171
Trd, 000177.467, 170
Trd, 000177.683, 173
Trd, 000177.983, 171
Trd, 000178.450, 174
Trd, 000178.717, 174
Trd, 000179.117, 179
Trd, 000179.200, 173
Trd, 000181.133, 175
Trd, 000181.183, 168
Trd, 000181.667, 172
Trd, 000183.350, 171
Trd, 000183.433, 173
Trd, 000184.700, 173
Trd, 000184.833, 167
Trd, 000185.383, 171
Trd, 000185.450, 162
Trd, 000185.550, 173
Trd, 000186.767, 170
Trd, 000186.817, 169
Trd, 000186.950, 172
Trd, 000187.650, 173
Trd, 000188.450, 173
Trd, 000188.733, 172
Trd, 000190.267, 176
Trd, 000190.700, 172
Trd, 000191.767, 172
Trd, 000192.750, 171
Trd, 000193.150, 171
Trd, 000193.183, 170
Trd, 000193.667, 167
Trd, 000193.800, 176
Trd, 000195.283, 174
Trd, 000196.733, 175
Trd, 000196.800, 178
Trd, 000197.083, 169
Trd, 000197.217, 168
Trd, 000197.733, 177
Trd, 000199.867, 172
Trd, 000200.133, 175
Trd, 000201.050, 171
Trd, 000201.083, 174
Trd, 000201.333, 171
Trd, 000201.783, 169
Trd, 000202.150, 172
Trd, 000202.833, 182
Trd, 000203.900, 176
Trd, 000204.317, 175
Trd, 000204.900, 176
Trd, 000205.833, 173
Trd, 000206.083, 174
Trd, 000206.317, 173
Trd, 000207.267, 174
Trd, 000208.150, 174
Trd, 000208.633, 174
Trd, 000208.800, 175
Trd, 000209.100, 172
Trd, 000210.733, 166
Trd, 000211.250, 170
Trd, 000212.633, 175
Trd, 000213.717, 174
Trd, 000213.750, 175
Trd, 000214.067, 174
Trd, 000214.800, 173
Trd, 000215.317, 176
Trd, 000215.733, 173
Trd, 000216.617, 177
Trd, 000217.233, 173
Trd, 000217.817, 178
Trd, 000217.967, 175
Trd, 000218.067, 177
Trd, 000218.217, 175
Trd, 000218.600, 177
Trd, 000218.650, 174
Trd, 000218.883, 177
Trd, 000221.350, 179
Trd, 000221.483, 177
Trd, 000221.733, 173
Trd, 000223.250, 177
Trd, 000223.783, 172
Trd, 000223.850, 177
Trd, 000225.233, 175
Trd, 000226.000, 175
Trd, 000226.233, 173
Trd, 000228.500, 172
Trd, 000228.617, 173
Trd, 000228.750, 173
Trd, 000229.067, 175
Trd, 000229.367, 177
Trd, 000229.533, 171
Trd, 000229.817, 178
Trd, 000230.133, 174
Trd, 000230.550, 172
Trd, 000231.683, 195
Trd, 000233.017, 186
Trd, 000233.517, 177
Trd, 000235.017, 178
Trd, 000235.633, 180
Trd, 000235.983, 179
Trd, 000236.150, 176
Trd, 000237.250, 174
Trd, 000237.333, 178
Trd, 000238.000, 171
Trd, 000238.417, 177
Trd, 000239.267, 174
Trd, 000239.983, 173
Trd, 000240.033, 174
Trd, 000240.183, 174
Trd, 000240.467, 174
Trd, 000240.633, 174
Trd, 000241.317, 174
Trd, 000241.450, 175
Trd, 000241.650, 176
Trd, 000241.917, 191
Trd, 000242.000, 196
Trd, 000242.367, 188
Trd, 000243.433, 185
Trd, 000243.717, 184
Trd, 000244.467, 179
Trd, 000245.700, 181
Trd, 000246.133, 178
Trd, 000246.300, 180
Trd, 000246.783, 175
Trd, 000247.067, 174
Trd, 000247.150, 172
Trd, 000248.050, 178
Trd, 000248.067, 173
Trd, 000248.317, 176
Trd, 000248.983, 187
Trd, 000249.983, 180
Trd, 000250.250, 176
Trd, 000250.533, 185
Trd, 000250.733, 177
Trd, 000250.900, 179
Trd, 000251.450, 175
Trd, 000251.700, 175
Trd, 000252.117, 174
Trd, 000253.533, 169
Trd, 000254.067, 176
Trd, 000254.983, 172
Trd, 000255.033, 175
Trd, 000255.683, 174
Trd, 000256.167, 174
Trd, 000256.617, 176
Trd, 000256.783, 176
Trd, 000257.367, 179
Trd, 000257.617, 174
Trd, 000257.633, 173
Trd, 000258.250, 179
Trd, 000258.617, 170
Trd, 000258.833, 179
Trd, 000260.067, 183
Trd, 000261.133, 176
Trd, 000261.533, 179
Trd, 000261.883, 177
Trd, 000262.167, 176
Trd, 000262.417, 181
Trd, 000262.883, 176
Trd, 000263.150, 175
Trd, 000263.533, 177
Trd, 000264.000, 183
Trd, 000265.033, 178
Trd, 000265.517, 177
Trd, 000265.767, 174
Trd, 000265.817, 170
Trd, 000266.167, 175
Trd, 000267.017, 173
Trd, 000267.200, 172
Trd, 000268.567, 178
Trd, 000268.817, 178
Trd, 000269.133, 179
Trd, 000269.433, 182
Trd, 000269.983, 175
Trd, 000270.400, 182
Trd, 000271.667, 180
Trd, 000272.317, 186
Trd, 000273.300, 186
Trd, 000273.333, 187
Trd, 000273.400, 189
Trd, 000273.417, 185
Trd, 000274.283, 182
Trd, 000274.900, 184
Trd, 000275.117, 180
Trd, 000275.333, 178
Trd, 000276.667, 165
Trd, 000277.167, 166
Trd, 000277.850, 167
Trd, 000278.083, 171
Trd, 000278.683, 169
Trd, 000278.750, 167
Trd, 000278.900, 167
Trd, 000279.200, 170
Trd, 000279.317, 171
Trd, 000279.767, 182
Trd, 000280.267, 189
Trd, 000281.400, 178
Trd, 000281.900, 172
Trd, 000282.333, 179
Trd, 000282.400, 183
Trd, 000283.017, 173
Trd, 000283.467, 172
Trd, 000283.533, 164
Trd, 000283.867, 170
Trd, 000284.550, 175
Trd, 000284.683, 177
Trd, 000285.133, 176
Trd, 000285.933, 178
Trd, 000286.267, 179
Trd, 000286.533, 179
Trd, 000286.717, 179
Trd, 000286.983, 179
Trd, 000287.850, 183
Trd, 000288.650, 186
Trd, 000288.783, 184
Trd, 000288.950, 192
Trd, 000289.450, 185
Trd, 000289.533, 184
Trd, 000289.783, 183
Trd, 000290.217, 179
Trd, 000290.500, 172
Trd, 000290.617, 162
Trd, 000291.450, 181
Trd, 000291.550, 180
Trd, 000292.000, 174
Trd, 000292.633, 173
Trd, 000293.067, 176
Trd, 000293.617, 177
Trd, 000294.100, 178
Trd, 000294.333, 186
Trd, 000294.467, 185
Trd, 000294.717, 184
Trd, 000295.650, 175
Trd, 000295.850, 183
Trd, 000296.350, 175
Trd, 000297.333, 173
Trd, 000297.383, 180
Trd, 000297.750, 181
Trd, 000298.150, 182
Trd, 000298.483, 177
Trd, 000299.083, 180
Trd, 000299.383, 181
Trd, 000299.467, 181
Trd, 000299.717, 180
