Trd, 000001.883, 106
Trd, 000003.517, 163
Trd, 000003.883, 162
Trd, 000004.817, 164
Trd, 000005.167, 158
Trd, 000005.883, 160
Trd, 000006.700, 162
Trd, 000006.800, 161
Trd, 000007.183, 165
Trd, 000007.583, 158
Trd, 000007.900, 158
Trd, 000008.167, 156
Trd, 000008.650, 145
Trd, 000009.583, 154
Trd, 000010.633, 155
Trd, 000011.183, 155
Trd, 000011.817, 156
Trd, 000011.983, 157
Trd, 000012.550, 156
Trd, 000012.717, 154
Trd, 000013.550, 149
Trd, 000014.733, 152
Trd, 000015.967, 153
Trd, 000016.350, 153
Trd, 000016.367, 166
Trd, 000017.983, 154
Trd, 000018.533, 153
Trd, 000018.733, 153
Trd, 000018.967, 152
Trd, 000019.817, 152
Trd, 000020.017, 153
Trd, 000020.483, 151
Trd, 000021.583, 148
Trd, 000022.000, 146
Trd, 000022.500, 151
Trd, 000023.267, 151
Trd, 000024.317, 148
Trd, 000025.200, 149
Trd, 000025.417, 150
Trd, 000025.983, 151
Trd, 000026.883, 151
Trd, 000027.067, 151
Trd, 000027.383, 147
Trd, 000029.367, 150
Trd, 000030.233, 149
Trd, 000030.517, 148
Trd, 000030.667, 149
Trd, 000030.867, 151
Trd, 000031.717, 151
Trd, 000032.217, 150
Trd, 000032.450, 152
Trd, 000032.567, 153
Trd, 000033.100, 154
Trd, 000034.850, 150
Trd, 000034.867, 151
Trd, 000035.867, 151
Trd, 000036.133, 149
Trd, 000036.167, 151
Trd, 000036.850, 151
Trd, 000038.417, 153
Trd, 000040.250, 153
Trd, 000040.400, 150
Trd, 000040.483, 153
Trd, 000040.767, 151
Trd, 000041.183, 155
Trd, 000042.733, 158
Trd, 000042.983, 155
Trd, 000043.150, 154
Trd, 000045.100, 154
Trd, 000045.717, 155
Trd, 000046.200, 154
Trd, 000046.400, 155
Trd, 000046.783, 154
Trd, 000047.017, 155
Trd, 000048.550, 154
Trd, 000048.783, 155
Trd, 000048.983, 156
Trd, 000049.817, 154
Trd, 000049.867, 154
Trd, 000050.983, 155
Trd, 000051.417, 154
Trd, 000052.517, 151
Trd, 000052.717, 154
Trd, 000052.800, 147
Trd, 000053.367, 160
Trd, 000054.183, 163
Trd, 000054.650, 149
Trd, 000055.167, 151
Trd, 000055.217, 156
Trd, 000056.017, 157
Trd, 000056.617, 157
Trd, 000056.750, 157
Trd, 000056.950, 157
Trd, 000057.483, 157
Trd, 000057.583, 158
Trd, 000057.850, 159
Trd, 000059.683, 157
Trd, 000061.033, 159
Trd, 000061.250, 156
Trd, 000062.717, 158
Trd, 000062.800, 155
Trd, 000064.150, 155
Trd, 000065.067, 155
Trd, 000065.183, 156
Trd, 000065.550, 154
Trd, 000066.050, 152
Trd, 000066.450, 155
Trd, 000067.733, 156
Trd, 000068.283, 156
Trd, 000068.450, 158
Trd, 000069.517, 159
Trd, 000069.867, 159
Trd, 000070.100, 157
Trd, 000071.100, 155
Trd, 000071.567, 156
Trd, 000072.267, 157
Trd, 000072.617, 156
Trd, 000073.567, 156
Trd, 000074.267, 155
Trd, 000074.383, 157
Trd, 000074.883, 158
Trd, 000075.850, 161
Trd, 000076.567, 162
Trd, 000077.267, 161
Trd, 000077.333, 161
Trd, 000078.233, 162
Trd, 000078.367, 158
Trd, 000079.700, 159
Trd, 000080.000, 161
Trd, 000080.717, 162
Trd, 000080.783, 160
Trd, 000081.117, 164
Trd, 000081.183, 166
Trd, 000082.933, 163
Trd, 000083.767, 162
Trd, 000083.933, 159
Trd, 000085.067, 160
Trd, 000085.667, 159
Trd, 000086.000, 161
Trd, 000086.233, 159
Trd, 000087.867, 157
Trd, 000087.933, 155
Trd, 000087.950, 159
Trd, 000088.983, 156
Trd, 000090.400, 158
Trd, 000090.583, 157
Trd, 000090.600, 156
Trd, 000090.717, 143
Trd, 000092.067, 154
Trd, 000092.250, 158
Trd, 000093.500, 158
Trd, 000093.783, 158
Trd, 000094.567, 159
Trd, 000095.150, 159
Trd, 000095.483, 160
Trd, 000095.967, 160
Trd, 000096.617, 161
Trd, 000097.433, 160
Trd, 000098.817, 161
Trd, 000098.917, 162
Trd, 000099.700, 161
Trd, 000101.317, 162
Trd, 000101.650, 163
Trd, 000101.683, 161
Trd, 000101.817, 168
Trd, 000102.317, 160
Trd, 000103.650, 161
Trd, 000104.233, 163
Trd, 000104.400, 162
Trd, 000104.650, 163
Trd, 000104.700, 160
Trd, 000104.783, 165
Trd, 000105.133, 158
Trd, 000105.183, 154
Trd, 000105.250, 166
Trd, 000106.400, 156
Trd, 000107.483, 159
Trd, 000107.583, 160
Trd, 000108.000, 169
Trd, 000108.617, 160
Trd, 000109.250, 160
Trd, 000111.917, 162
Trd, 000111.933, 163
Trd, 000112.933, 163
Trd, 000113.167, 163
Trd, 000113.600, 167
Trd, 000114.100, 164
Trd, 000114.950, 164
Trd, 000115.933, 165
Trd, 000116.017, 165
Trd, 000116.800, 164
Trd, 000117.317, 164
Trd, 000117.500, 163
Trd, 000118.817, 162
Trd, 000118.900, 162
Trd, 000118.917, 159
Trd, 000120.933, 163
Trd, 000121.050, 163
Trd, 000121.400, 162
Trd, 000121.767, 169
Trd, 000121.967, 163
Trd, 000122.083, 160
Trd, 000124.483, 160
Trd, 000125.883, 162
Trd, 000126.167, 162
Trd, 000126.717, 163
Trd, 000127.017, 164
Trd, 000127.050, 165
Trd, 000127.450, 165
Trd, 000128.933, 165
Trd, 000129.300, 164
Trd, 000129.783, 163
Trd, 000129.867, 161
Trd, 000130.317, 161
Trd, 000130.867, 162
Trd, 000131.767, 161
Trd, 000131.817, 162
Trd, 000132.583, 167
Trd, 000132.683, 162
Trd, 000134.467, 162
Trd, 000134.500, 161
Trd, 000134.983, 163
Trd, 000135.417, 164
Trd, 000136.900, 160
Trd, 000137.250, 163
Trd, 000137.717, 163
Trd, 000138.917, 161
Trd, 000139.217, 163
Trd, 000139.967, 165
Trd, 000140.100, 165
Trd, 000141.267, 172
Trd, 000142.167, 167
Trd, 000142.617, 176
Trd, 000142.817, 169
Trd, 000143.467, 168
Trd, 000144.217, 166
Trd, 000145.033, 168
Trd, 000145.250, 167
Trd, 000145.383, 166
Trd, 000145.667, 168
Trd, 000148.133, 168
Trd, 000148.317, 168
Trd, 000149.200, 167
Trd, 000149.250, 166
Trd, 000150.733, 165
Trd, 000151.200, 166
Trd, 000151.567, 165
Trd, 000151.633, 165
Trd, 000152.450, 166
Trd, 000152.617, 162
Trd, 000152.900, 168
Trd, 000153.317, 167
Trd, 000154.417, 168
Trd, 000154.683, 163
Trd, 000154.917, 169
Trd, 000157.117, 170
Trd, 000158.167, 164
Trd, 000158.533, 163
Trd, 000159.783, 165
Trd, 000160.400, 164
Trd, 000160.533, 165
Trd, 000161.117, 167
Trd, 000162.417, 166
Trd, 000165.017, 164
Trd, 000165.300, 163
Trd, 000165.800, 163
Trd, 000165.983, 164
Trd, 000166.117, 163
Trd, 000167.150, 167
Trd, 000167.900, 165
Trd, 000168.567, 165
Trd, 000168.950, 165
Trd, 000169.133, 171
Trd, 000169.300, 164
Trd, 000169.750, 164
Trd, 000169.900, 166
Trd, 000171.050, 173
Trd, 000171.783, 175
Trd, 000172.483, 174
Trd, 000173.067, 175
Trd, 000175.533, 174
Trd, 000175.767, 174
Trd, 000175.833, 171
Trd, 000175.900, 162
Trd, 000176.717, 172
Trd, 000177.183, 170
Trd, 000177.933, 171
Trd, 000178.000, 172
Trd, 000178.200, 167
Trd, 000178.667, 167
Trd, 000179.250, 170
Trd, 000179.567, 176
Trd, 000179.867, 171
Trd, 000180.833, 173
Trd, 000181.083, 175
Trd, 000183.333, 171
Trd, 000183.683, 170
Trd, 000183.850, 169
Trd, 000184.967, 169
Trd, 000185.733, 168
Trd, 000185.983, 169
Trd, 000186.750, 169
Trd, 000187.117, 169
Trd, 000187.200, 168
Trd, 000187.833, 165
Trd, 000188.267, 161
Trd, 000188.450, 165
Trd, 000190.267, 163
Trd, 000190.433, 168
Trd, 000191.150, 169
Trd, 000192.717, 170
Trd, 000192.900, 171
Trd, 000193.533, 170
Trd, 000193.750, 175
Trd, 000194.200, 177
Trd, 000194.867, 177
Trd, 000196.050, 180
Trd, 000196.383, 178
Trd, 000196.450, 176
Trd, 000197.017, 178
Trd, 000197.700, 173
Trd, 000199.117, 177
Trd, 000199.650, 178
Trd, 000199.667, 176
Trd, 000200.117, 178
Trd, 000200.383, 177
Trd, 000201.050, 176
Trd, 000201.067, 173
Trd, 000203.733, 174
Trd, 000203.767, 173
Trd, 000204.450, 173
Trd, 000204.767, 173
Trd, 000205.667, 173
Trd, 000205.833, 171
Trd, 000206.633, 172
Trd, 000206.850, 166
Trd, 000207.833, 172
Trd, 000208.733, 172
Trd, 000209.450, 169
Trd, 000209.817, 171
Trd, 000211.217, 169
Trd, 000211.933, 169
Trd, 000212.133, 172
Trd, 000212.517, 169
Trd, 000212.583, 168
Trd, 000212.933, 169
Trd, 000213.600, 174
Trd, 000214.367, 171
Trd, 000214.450, 170
Trd, 000215.233, 171
Trd, 000217.000, 176
Trd, 000217.550, 175
Trd, 000218.017, 177
Trd, 000218.583, 176
Trd, 000219.200, 176
Trd, 000219.733, 179
Trd, 000220.983, 176
Trd, 000221.400, 175
Trd, 000221.667, 173
Trd, 000221.750, 172
Trd, 000222.683, 179
Trd, 000224.450, 172
Trd, 000224.517, 172
Trd, 000225.567, 171
Trd, 000225.783, 170
Trd, 000225.900, 170
Trd, 000226.183, 171
Trd, 000226.717, 164
Trd, 000227.333, 169
Trd, 000228.283, 169
Trd, 000228.717, 166
Trd, 000229.300, 167
Trd, 000229.667, 166
Trd, 000231.050, 166
Trd, 000231.133, 167
Trd, 000232.083, 167
Trd, 000232.400, 172
Trd, 000233.767, 172
Trd, 000234.517, 172
Trd, 000234.717, 179
Trd, 000234.833, 181
Trd, 000235.217, 171
Trd, 000235.467, 186
Trd, 000235.750, 170
Trd, 000235.867, 173
Trd, 000237.900, 175
Trd, 000238.850, 175
Trd, 000239.000, 174
Trd, 000239.783, 176
Trd, 000240.533, 178
Trd, 000240.817, 176
Trd, 000241.517, 177
Trd, 000242.033, 179
Trd, 000242.333, 177
Trd, 000242.900, 176
Trd, 000243.300, 179
Trd, 000243.650, 182
Trd, 000243.983, 181
Trd, 000244.317, 177
Trd, 000244.983, 179
Trd, 000246.217, 179
Trd, 000246.233, 178
Trd, 000246.450, 178
Trd, 000246.617, 178
Trd, 000247.433, 177
Trd, 000248.200, 177
Trd, 000248.267, 176
Trd, 000248.417, 179
Trd, 000248.500, 181
Trd, 000248.917, 182
Trd, 000248.983, 176
Trd, 000249.850, 168
Trd, 000250.250, 169
Trd, 000250.333, 172
Trd, 000250.967, 175
Trd, 000251.117, 174
Trd, 000251.250, 176
Trd, 000252.700, 171
Trd, 000253.167, 172
Trd, 000253.283, 180
Trd, 000254.333, 182
Trd, 000254.400, 180
Trd, 000254.967, 183
Trd, 000255.383, 179
Trd, 000255.583, 176
Trd, 000256.617, 181
Trd, 000256.833, 180
Trd, 000257.050, 181
Trd, 000257.200, 183
Trd, 000257.983, 180
Trd, 000258.100, 179
Trd, 000258.583, 179
Trd, 000258.600, 179
Trd, 000259.450, 178
Trd, 000260.417, 178
Trd, 000261.083, 179
Trd, 000261.150, 177
Trd, 000261.467, 177
Trd, 000262.233, 171
Trd, 000262.800, 174
Trd, 000263.083, 170
Trd, 000263.817, 174
Trd, 000264.683, 176
Trd, 000264.700, 177
Trd, 000265.033, 181
Trd, 000265.200, 180
Trd, 000265.383, 184
Trd, 000265.750, 188
Trd, 000265.900, 187
Trd, 000265.933, 183
Trd, 000266.400, 182
Trd, 000267.150, 188
Trd, 000267.483, 187
Trd, 000267.733, 184
Trd, 000268.333, 184
Trd, 000268.367, 183
Trd, 000268.950, 184
Trd, 000269.083, 184
Trd, 000269.417, 185
Trd, 000271.100, 182
Trd, 000271.300, 179
Trd, 000271.400, 178
Trd, 000271.517, 180
Trd, 000271.800, 180
Trd, 000272.050, 171
Trd, 000272.883, 180
Trd, 000272.983, 181
Trd, 000273.233, 178
Trd, 000273.350, 182
Trd, 000274.950, 180
Trd, 000275.117, 177
Trd, 000275.183, 176
Trd, 000275.983, 177
Trd, 000276.400, 177
Trd, 000276.683, 175
Trd, 000276.900, 179
Trd, 000277.717, 177
Trd, 000277.917, 178
Trd, 000278.767, 178
Trd, 000279.000, 183
Trd, 000280.367, 184
Trd, 000280.467, 186
Trd, 000280.667, 190
Trd, 000280.933, 184
Trd, 000281.000, 184
Trd, 000281.050, 183
Trd, 000281.100, 182
Trd, 000281.750, 181
Trd, 000282.333, 177
Trd, 000282.767, 169
Trd, 000282.800, 172
Trd, 000282.817, 180
Trd, 000283.550, 165
Trd, 000283.800, 165
Trd, 000284.283, 176
Trd, 000284.733, 176
Trd, 000285.017, 171
Trd, 000285.467, 167
Trd, 000286.733, 177
Trd, 000286.817, 175
Trd, 000287.133, 180
Trd, 000288.450, 177
Trd, 000288.783, 183
Trd, 000289.167, 176
Trd, 000289.233, 180
Trd, 000289.250, 186
Trd, 000289.867, 176
Trd, 000290.317, 176
Trd, 000290.350, 175
Trd, 000290.483, 170
Trd, 000291.350, 179
Trd, 000291.750, 173
Trd, 000291.850, 179
Trd, 000291.933, 180
Trd, 000293.800, 176
Trd, 000293.967, 176
Trd, 000294.450, 173
Trd, 000294.633, 178
Trd, 000294.650, 178
Trd, 000294.983, 174
Trd, 000295.283, 177
Trd, 000295.367, 176
Trd, 000296.267, 176
Trd, 000296.433, 179
Trd, 000297.000, 175
Trd, 000297.150, 174
Trd, 000297.583, 174
Trd, 000298.000, 175
Trd, 000298.133, 174
Trd, 000298.767, 178
Trd, 000298.850, 178
