Trd, 000001.450, 125
Trd, 000002.067, 124
Trd, 000002.933, 123
Trd, 000003.467, 136
Trd, 000003.917, 132
Trd, 000004.433, 140
Trd, 000004.633, 142
Trd, 000005.117, 144
Trd, 000005.150, 148
Trd, 000005.317, 141
Trd, 000006.250, 146
Trd, 000007.367, 148
Trd, 000007.567, 148
Trd, 000008.567, 155
Trd, 000008.667, 150
Trd, 000009.100, 156
Trd, 000009.967, 163
Trd, 000010.300, 163
Trd, 000012.033, 159
Trd, 000012.100, 158
Trd, 000012.167, 158
Trd, 000012.817, 154
Trd, 000012.983, 156
Trd, 000013.233, 153
Trd, 000013.817, 153
Trd, 000014.100, 153
Trd, 000014.400, 153
Trd, 000014.950, 156
Trd, 000015.350, 166
Trd, 000015.800, 180
Trd, 000016.217, 155
Trd, 000017.950, 157
Trd, 000018.217, 156
Trd, 000019.117, 157
Trd, 000020.183, 157
Trd, 000020.867, 156
Trd, 000021.033, 157
Trd, 000021.617, 158
Trd, 000021.650, 154
Trd, 000022.950, 156
Trd, 000023.767, 157
Trd, 000024.317, 157
Trd, 000024.400, 156
Trd, 000025.333, 153
Trd, 000025.483, 153
Trd, 000025.817, 146
Trd, 000025.967, 144
Trd, 000026.133, 140
Trd, 000027.600, 146
Trd, 000028.067, 148
Trd, 000029.117, 150
Trd, 000029.550, 150
Trd, 000030.333, 149
Trd, 000030.750, 149
Trd, 000031.583, 148
Trd, 000031.850, 150
Trd, 000032.600, 150
Trd, 000032.817, 150
Trd, 000034.467, 150
Trd, 000034.600, 149
Trd, 000034.733, 147
Trd, 000036.183, 149
Trd, 000036.533, 148
Trd, 000037.150, 149
Trd, 000037.417, 151
Trd, 000037.950, 150
Trd, 000038.717, 150
Trd, 000039.100, 150
Trd, 000039.750, 152
Trd, 000040.083, 151
Trd, 000041.500, 152
Trd, 000042.417, 153
Trd, 000043.233, 152
Trd, 000043.483, 153
Trd, 000043.717, 152
Trd, 000044.833, 156
Trd, 000045.483, 156
Trd, 000046.250, 156
Trd, 000046.350, 156
Trd, 000046.633, 155
Trd, 000046.883, 155
Trd, 000046.983, 157
Trd, 000047.267, 160
Trd, 000048.717, 158
Trd, 000049.400, 159
Trd, 000049.567, 159
Trd, 000049.617, 160
Trd, 000051.633, 162
Trd, 000052.167, 162
Trd, 000053.383, 164
Trd, 000053.450, 165
Trd, 000053.683, 166
Trd, 000054.883, 164
Trd, 000055.283, 166
Trd, 000056.183, 166
Trd, 000056.667, 165
Trd, 000056.733, 165
Trd, 000056.750, 164
Trd, 000058.050, 166
Trd, 000058.083, 165
Trd, 000058.183, 162
Trd, 000059.117, 162
Trd, 000059.850, 161
Trd, 000060.617, 163
Trd, 000060.933, 164
Trd, 000061.833, 162
Trd, 000062.067, 165
Trd, 000062.817, 162
Trd, 000065.200, 164
Trd, 000065.400, 164
Trd, 000065.817, 162
Trd, 000065.883, 164
Trd, 000066.117, 162
Trd, 000066.867, 162
Trd, 000067.483, 163
Trd, 000067.583, 162
Trd, 000068.583, 161
Trd, 000069.000, 161
Trd, 000069.100, 162
Trd, 000069.333, 161
Trd, 000069.883, 162
Trd, 000069.950, 161
Trd, 000069.967, 151
Trd, 000070.167, 151
Trd, 000072.917, 153
Trd, 000073.083, 155
Trd, 000073.750, 154
Trd, 000074.017, 154
Trd, 000074.817, 160
Trd, 000075.150, 160
Trd, 000075.233, 158
Trd, 000075.317, 162
Trd, 000076.700, 160
Trd, 000076.917, 169
Trd, 000078.050, 159
Trd, 000079.283, 159
Trd, 000079.333, 161
Trd, 000079.600, 159
Trd, 000080.400, 160
Trd, 000081.967, 159
Trd, 000082.317, 157
Trd, 000082.567, 158
Trd, 000083.033, 157
Trd, 000083.550, 162
Trd, 000083.867, 163
Trd, 000084.500, 163
Trd, 000085.067, 161
Trd, 000085.300, 159
Trd, 000086.533, 159
Trd, 000086.817, 160
Trd, 000087.633, 159
Trd, 000087.783, 160
Trd, 000088.000, 159
Trd, 000089.717, 154
Trd, 000090.150, 155
Trd, 000090.350, 157
Trd, 000092.317, 156
Trd, 000092.783, 157
Trd, 000093.067, 157
Trd, 000093.867, 156
Trd, 000094.317, 157
Trd, 000095.017, 155
Trd, 000095.217, 155
Trd, 000095.433, 153
Trd, 000096.467, 157
Trd, 000097.050, 156
Trd, 000097.450, 156
Trd, 000097.683, 155
Trd, 000098.250, 155
Trd, 000098.933, 155
Trd, 000099.083, 155
Trd, 000099.867, 156
Trd, 000099.933, 158
Trd, 000100.500, 156
Trd, 000101.017, 157
Trd, 000102.117, 155
Trd, 000102.650, 154
Trd, 000102.667, 154
Trd, 000104.617, 156
Trd, 000104.783, 156
Trd, 000104.833, 155
Trd, 000104.950, 154
Trd, 000105.083, 156
Trd, 000106.700, 158
Trd, 000107.600, 158
Trd, 000107.783, 157
Trd, 000109.167, 159
Trd, 000109.350, 159
Trd, 000110.200, 161
Trd, 000110.233, 160
Trd, 000112.700, 164
Trd, 000113.150, 163
Trd, 000113.483, 163
Trd, 000114.400, 162
Trd, 000114.633, 161
Trd, 000115.117, 162
Trd, 000115.567, 163
Trd, 000116.867, 162
Trd, 000116.967, 161
Trd, 000117.350, 162
Trd, 000117.733, 164
Trd, 000118.600, 163
Trd, 000119.350, 164
Trd, 000119.617, 166
Trd, 000120.367, 168
Trd, 000120.400, 168
Trd, 000120.417, 167
Trd, 000120.883, 168
Trd, 000121.383, 170
Trd, 000122.300, 168
Trd, 000122.867, 169
Trd, 000123.000, 167
Trd, 000123.900, 167
Trd, 000124.900, 166
Trd, 000125.117, 165
Trd, 000125.217, 162
Trd, 000125.833, 163
Trd, 000126.050, 164
Trd, 000126.417, 165
Trd, 000126.667, 162
Trd, 000127.167, 163
Trd, 000127.883, 162
Trd, 000127.917, 163
Trd, 000128.000, 156
Trd, 000128.183, 161
Trd, 000128.217, 159
Trd, 000130.200, 159
Trd, 000131.600, 163
Trd, 000132.967, 161
Trd, 000133.117, 162
Trd, 000133.967, 163
Trd, 000134.350, 161
Trd, 000134.383, 161
Trd, 000134.633, 159
Trd, 000135.283, 162
Trd, 000135.700, 162
Trd, 000135.900, 163
Trd, 000136.400, 161
Trd, 000137.350, 162
Trd, 000137.500, 161
Trd, 000137.667, 162
Trd, 000138.217, 162
Trd, 000138.850, 166
Trd, 000138.983, 161
Trd, 000139.033, 168
Trd, 000139.233, 158
Trd, 000140.083, 163
Trd, 000141.800, 168
Trd, 000141.983, 168
Trd, 000142.783, 168
Trd, 000143.367, 167
Trd, 000144.417, 168
Trd, 000144.917, 168
Trd, 000145.550, 168
Trd, 000145.567, 169
Trd, 000145.883, 168
Trd, 000146.283, 167
Trd, 000147.650, 159
Trd, 000148.267, 161
Trd, 000149.317, 160
Trd, 000149.650, 162
Trd, 000150.083, 163
Trd, 000150.217, 163
Trd, 000150.917, 162
Trd, 000151.000, 161
Trd, 000152.250, 164
Trd, 000152.550, 164
Trd, 000153.050, 164
Trd, 000153.383, 167
Trd, 000153.483, 162
Trd, 000154.917, 163
Trd, 000155.100, 163
Trd, 000155.233, 163
Trd, 000155.700, 162
Trd, 000156.033, 164
Trd, 000156.583, 161
Trd, 000157.150, 166
Trd, 000158.783, 161
Trd, 000159.767, 167
Trd, 000160.200, 168
Trd, 000160.617, 170
Trd, 000160.850, 170
Trd, 000161.300, 168
Trd, 000163.033, 170
Trd, 000163.433, 169
Trd, 000164.983, 169
Trd, 000165.017, 170
Trd, 000165.133, 170
Trd, 000165.200, 171
Trd, 000165.750, 169
Trd, 000165.833, 169
Trd, 000166.000, 170
Trd, 000168.083, 164
Trd, 000168.117, 165
Trd, 000168.817, 165
Trd, 000169.183, 165
Trd, 000169.233, 165
Trd, 000169.367, 166
Trd, 000169.967, 163
Trd, 000171.100, 174
Trd, 000171.300, 172
Trd, 000171.583, 172
Trd, 000171.633, 170
Trd, 000172.767, 175
Trd, 000173.483, 170
Trd, 000173.550, 169
Trd, 000175.200, 164
Trd, 000175.850, 165
Trd, 000176.000, 166
Trd, 000176.417, 165
Trd, 000176.633, 165
Trd, 000178.100, 165
Trd, 000178.783, 165
Trd, 000179.767, 164
Trd, 000180.967, 165
Trd, 000181.417, 166
Trd, 000181.700, 166
Trd, 000182.950, 165
Trd, 000183.000, 166
Trd, 000183.550, 166
Trd, 000183.617, 164
Trd, 000183.867, 162
Trd, 000183.900, 169
Trd, 000184.833, 164
Trd, 000185.867, 170
Trd, 000186.650, 169
Trd, 000187.117, 169
Trd, 000187.950, 170
Trd, 000189.050, 171
Trd, 000189.717, 171
Trd, 000191.233, 172
Trd, 000191.550, 171
Trd, 000191.567, 168
Trd, 000191.783, 166
Trd, 000192.333, 174
Trd, 000193.517, 167
Trd, 000194.150, 174
Trd, 000194.333, 169
Trd, 000194.550, 168
Trd, 000194.617, 168
Trd, 000194.833, 173
Trd, 000195.367, 168
Trd, 000195.633, 174
Trd, 000196.350, 174
Trd, 000196.833, 173
Trd, 000197.100, 169
Trd, 000197.450, 164
Trd, 000197.567, 163
Trd, 000198.667, 162
Trd, 000200.183, 162
Trd, 000200.533, 164
Trd, 000200.617, 163
Trd, 000201.050, 164
Trd, 000201.417, 163
Trd, 000202.467, 166
Trd, 000203.350, 167
Trd, 000203.583, 167
Trd, 000204.117, 168
Trd, 000204.300, 168
Trd, 000205.067, 167
Trd, 000206.800, 168
Trd, 000207.033, 175
Trd, 000207.250, 173
Trd, 000207.383, 168
Trd, 000210.267, 170
Trd, 000210.367, 169
Trd, 000210.550, 168
Trd, 000211.150, 170
Trd, 000211.650, 170
Trd, 000211.900, 169
Trd, 000212.433, 169
Trd, 000214.133, 167
Trd, 000215.400, 167
Trd, 000215.600, 167
Trd, 000215.717, 170
Trd, 000216.133, 166
Trd, 000216.917, 167
Trd, 000217.133, 171
Trd, 000217.250, 167
Trd, 000217.383, 170
Trd, 000217.867, 169
Trd, 000218.300, 170
Trd, 000218.700, 170
Trd, 000219.067, 170
Trd, 000219.417, 169
Trd, 000220.150, 172
Trd, 000220.350, 168
Trd, 000222.350, 168
Trd, 000222.400, 166
Trd, 000224.683, 170
Trd, 000224.750, 169
Trd, 000225.017, 169
Trd, 000225.367, 169
Trd, 000226.417, 169
Trd, 000227.117, 169
Trd, 000227.483, 169
Trd, 000227.700, 170
Trd, 000228.067, 171
Trd, 000228.200, 169
Trd, 000228.717, 170
Trd, 000229.100, 167
Trd, 000230.167, 175
Trd, 000230.533, 174
Trd, 000230.917, 174
Trd, 000231.133, 178
Trd, 000231.667, 178
Trd, 000232.450, 178
Trd, 000232.850, 177
Trd, 000233.900, 177
Trd, 000234.550, 178
Trd, 000235.483, 178
Trd, 000235.833, 176
Trd, 000236.667, 176
Trd, 000236.683, 177
Trd, 000236.867, 177
Trd, 000237.017, 178
Trd, 000237.517, 177
Trd, 000238.883, 177
Trd, 000239.717, 176
Trd, 000240.500, 180
Trd, 000240.517, 179
Trd, 000240.833, 179
Trd, 000241.333, 179
Trd, 000242.050, 179
Trd, 000242.233, 172
Trd, 000242.333, 175
Trd, 000242.767, 171
Trd, 000243.200, 172
Trd, 000243.550, 171
Trd, 000244.017, 172
Trd, 000245.133, 173
Trd, 000245.817, 173
Trd, 000245.917, 172
Trd, 000246.317, 171
Trd, 000246.483, 172
Trd, 000247.267, 170
Trd, 000247.717, 171
Trd, 000248.000, 172
Trd, 000248.633, 170
Trd, 000248.667, 169
Trd, 000249.983, 169
Trd, 000250.100, 171
Trd, 000251.000, 170
Trd, 000251.167, 170
Trd, 000252.150, 172
Trd, 000252.350, 174
Trd, 000253.033, 171
Trd, 000253.167, 175
Trd, 000253.433, 179
Trd, 000253.700, 174
Trd, 000253.967, 174
Trd, 000254.683, 175
Trd, 000254.717, 174
Trd, 000256.433, 177
Trd, 000257.400, 179
Trd, 000257.600, 179
Trd, 000258.333, 178
Trd, 000258.600, 174
Trd, 000259.067, 180
Trd, 000259.333, 180
Trd, 000259.383, 179
Trd, 000260.350, 174
Trd, 000260.783, 175
Trd, 000260.883, 176
Trd, 000261.533, 175
Trd, 000261.967, 173
Trd, 000262.667, 174
Trd, 000262.933, 173
Trd, 000263.700, 167
Trd, 000264.433, 170
Trd, 000264.650, 169
Trd, 000264.817, 169
Trd, 000265.433, 175
Trd, 000265.800, 172
Trd, 000265.950, 174
Trd, 000266.517, 173
Trd, 000266.750, 172
Trd, 000266.767, 175
Trd, 000267.583, 176
Trd, 000268.367, 181
Trd, 000268.433, 182
Trd, 000268.850, 182
Trd, 000268.917, 184
Trd, 000268.967, 181
Trd, 000269.967, 180
Trd, 000270.167, 181
Trd, 000270.217, 180
Trd, 000270.350, 171
Trd, 000270.617, 176
Trd, 000271.500, 172
Trd, 000272.550, 171
Trd, 000272.817, 168
Trd, 000273.067, 173
Trd, 000273.400, 170
Trd, 000273.650, 164
Trd, 000273.917, 168
Trd, 000274.433, 162
Trd, 000274.983, 157
Trd, 000275.650, 160
Trd, 000275.717, 162
Trd, 000277.500, 167
Trd, 000277.650, 168
Trd, 000277.800, 168
Trd, 000278.283, 170
Trd, 000278.350, 168
Trd, 000279.067, 171
Trd, 000279.083, 170
Trd, 000280.150, 171
Trd, 000280.583, 172
Trd, 000280.783, 170
Trd, 000281.683, 170
Trd, 000282.217, 172
Trd, 000282.433, 174
Trd, 000283.283, 172
Trd, 000283.483, 171
Trd, 000283.600, 170
Trd, 000283.933, 173
Trd, 000283.983, 170
Trd, 000284.350, 174
Trd, 000284.583, 170
Trd, 000284.933, 174
Trd, 000285.200, 176
Trd, 000285.950, 177
Trd, 000286.733, 177
Trd, 000286.767, 176
Trd, 000286.883, 175
Trd, 000287.933, 177
Trd, 000288.050, 176
Trd, 000288.317, 183
Trd, 000289.150, 178
Trd, 000289.333, 179
Trd, 000290.017, 177
Trd, 000290.150, 177
Trd, 000290.900, 177
Trd, 000291.383, 175
Trd, 000291.600, 174
Trd, 000292.233, 174
Trd, 000292.467, 177
Trd, 000292.550, 184
Trd, 000292.983, 175
Trd, 000294.550, 178
Trd, 000294.733, 179
Trd, 000294.917, 177
Trd, 000294.950, 177
Trd, 000296.650, 180
Trd, 000296.717, 178
Trd, 000296.917, 178
Trd, 000297.150, 177
Trd, 000297.383, 178
Trd, 000297.583, 179
Trd, 000297.700, 178
Trd, 000298.133, 180
Trd, 000298.167, 173
Trd, 000298.733, 181
