Trd, 000002.883, 176
Trd, 000003.033, 175
Trd, 000003.150, 162
Trd, 000004.200, 193
Trd, 000004.333, 166
Trd, 000004.733, 161
Trd, 000004.833, 158
Trd, 000005.167, 177
Trd, 000005.233, 176
Trd, 000005.767, 180
Trd, 000006.683, 158
Trd, 000006.767, 156
Trd, 000007.083, 165
Trd, 000007.100, 168
Trd, 000007.317, 159
Trd, 000007.417, 160
Trd, 000008.567, 165
Trd, 000009.167, 163
Trd, 000009.350, 161
Trd, 000010.167, 156
Trd, 000012.217, 153
Trd, 000012.800, 152
Trd, 000013.067, 152
Trd, 000014.433, 141
Trd, 000014.767, 147
Trd, 000014.917, 148
Trd, 000015.967, 146
Trd, 000016.233, 145
Trd, 000016.733, 147
Trd, 000017.283, 143
Trd, 000017.900, 149
Trd, 000018.533, 145
Trd, 000019.317, 145
Trd, 000019.550, 149
Trd, 000019.850, 149
Trd, 000019.933, 150
Trd, 000020.200, 144
Trd, 000021.833, 144
Trd, 000022.000, 147
Trd, 000022.417, 148
Trd, 000022.650, 148
Trd, 000023.133, 151
Trd, 000023.683, 151
Trd, 000024.050, 144
Trd, 000025.017, 155
Trd, 000025.483, 149
Trd, 000026.500, 151
Trd, 000027.150, 157
Trd, 000027.650, 155
Trd, 000028.417, 155
Trd, 000028.500, 154
Trd, 000028.617, 161
Trd, 000028.850, 153
Trd, 000030.117, 160
Trd, 000030.483, 159
Trd, 000031.683, 160
Trd, 000031.717, 159
Trd, 000032.267, 150
Trd, 000032.917, 158
Trd, 000033.433, 156
Trd, 000034.700, 155
Trd, 000035.050, 156
Trd, 000035.383, 156
Trd, 000035.517, 155
Trd, 000035.850, 152
Trd, 000036.050, 156
Trd, 000036.283, 156
Trd, 000036.367, 159
Trd, 000038.083, 159
Trd, 000038.133, 162
Trd, 000038.550, 176
Trd, 000039.950, 168
Trd, 000040.133, 167
Trd, 000040.917, 167
Trd, 000041.067, 166
Trd, 000042.267, 162
Trd, 000042.417, 165
Trd, 000042.567, 167
Trd, 000042.850, 168
Trd, 000044.367, 162
Trd, 000044.550, 162
Trd, 000044.583, 159
Trd, 000045.933, 162
Trd, 000046.683, 165
Trd, 000048.417, 165
Trd, 000049.717, 164
Trd, 000049.883, 163
Trd, 000050.417, 164
Trd, 000050.683, 163
Trd, 000050.933, 162
Trd, 000051.450, 161
Trd, 000051.833, 160
Trd, 000051.900, 162
Trd, 000052.967, 155
Trd, 000053.167, 157
Trd, 000053.733, 159
Trd, 000055.250, 156
Trd, 000056.400, 157
Trd, 000057.467, 159
Trd, 000058.067, 158
Trd, 000058.100, 157
Trd, 000058.700, 156
Trd, 000059.550, 160
Trd, 000060.083, 157
Trd, 000060.867, 159
Trd, 000061.233, 158
Trd, 000062.083, 157
Trd, 000063.217, 158
Trd, 000063.350, 164
Trd, 000063.367, 182
Trd, 000065.050, 161
Trd, 000065.717, 159
Trd, 000065.783, 156
Trd, 000067.067, 160
Trd, 000067.333, 162
Trd, 000067.867, 157
Trd, 000068.983, 158
Trd, 000069.167, 158
Trd, 000069.517, 158
Trd, 000070.450, 158
Trd, 000070.650, 161
Trd, 000070.950, 159
Trd, 000072.850, 156
Trd, 000072.950, 149
Trd, 000073.733, 155
Trd, 000073.800, 153
Trd, 000073.850, 148
Trd, 000074.400, 162
Trd, 000074.533, 165
Trd, 000075.417, 152
Trd, 000075.950, 159
Trd, 000076.333, 158
Trd, 000077.017, 156
Trd, 000077.950, 156
Trd, 000078.150, 157
Trd, 000079.733, 155
Trd, 000079.900, 156
Trd, 000080.933, 157
Trd, 000081.150, 155
Trd, 000081.267, 154
Trd, 000081.433, 163
Trd, 000082.917, 159
Trd, 000083.300, 158
Trd, 000083.867, 157
Trd, 000084.450, 157
Trd, 000086.050, 158
Trd, 000086.417, 159
Trd, 000086.867, 159
Trd, 000087.333, 165
Trd, 000087.783, 161
Trd, 000089.083, 160
Trd, 000089.283, 159
Trd, 000089.683, 158
Trd, 000090.183, 160
Trd, 000090.517, 161
Trd, 000090.650, 163
Trd, 000091.200, 164
Trd, 000092.517, 164
Trd, 000092.600, 164
Trd, 000092.850, 166
Trd, 000093.417, 162
Trd, 000094.717, 164
Trd, 000094.867, 166
Trd, 000095.500, 165
Trd, 000097.083, 165
Trd, 000097.583, 166
Trd, 000097.750, 164
Trd, 000097.833, 164
Trd, 000098.467, 165
Trd, 000100.100, 163
Trd, 000100.117, 165
Trd, 000101.167, 166
Trd, 000101.333, 154
Trd, 000101.833, 164
Trd, 000102.817, 165
Trd, 000102.900, 160
Trd, 000103.250, 162
Trd, 000104.200, 159
Trd, 000104.467, 159
Trd, 000105.150, 159
Trd, 000105.983, 159
Trd, 000107.033, 161
Trd, 000107.550, 160
Trd, 000108.017, 162
Trd, 000108.150, 161
Trd, 000108.417, 164
Trd, 000109.133, 164
Trd, 000109.667, 163
Trd, 000109.917, 164
Trd, 000110.867, 166
Trd, 000111.483, 165
Trd, 000111.667, 161
Trd, 000112.867, 177
Trd, 000113.133, 181
Trd, 000113.500, 179
Trd, 000114.150, 178
Trd, 000114.917, 176
Trd, 000116.083, 175
Trd, 000116.500, 176
Trd, 000117.067, 176
Trd, 000117.317, 174
Trd, 000117.367, 171
Trd, 000117.450, 170
Trd, 000118.733, 173
Trd, 000118.883, 173
Trd, 000119.400, 170
Trd, 000119.850, 166
Trd, 000120.450, 169
Trd, 000123.100, 167
Trd, 000123.550, 167
Trd, 000123.750, 162
Trd, 000124.233, 168
Trd, 000125.317, 165
Trd, 000125.833, 167
Trd, 000126.567, 167
Trd, 000126.683, 167
Trd, 000127.017, 167
Trd, 000128.233, 157
Trd, 000129.517, 152
Trd, 000129.533, 161
Trd, 000129.700, 164
Trd, 000130.233, 166
Trd, 000130.567, 167
Trd, 000131.833, 162
Trd, 000132.283, 162
Trd, 000132.483, 161
Trd, 000132.650, 160
Trd, 000133.250, 168
Trd, 000133.850, 170
Trd, 000134.733, 168
Trd, 000135.133, 165
Trd, 000135.450, 165
Trd, 000136.550, 163
Trd, 000137.267, 162
Trd, 000137.600, 164
Trd, 000137.700, 161
Trd, 000138.783, 161
Trd, 000139.433, 164
Trd, 000139.533, 163
Trd, 000139.583, 162
Trd, 000139.800, 163
Trd, 000142.833, 161
Trd, 000142.867, 162
Trd, 000142.983, 163
Trd, 000143.467, 163
Trd, 000143.967, 164
Trd, 000145.000, 161
Trd, 000145.383, 162
Trd, 000145.817, 165
Trd, 000146.900, 165
Trd, 000147.383, 164
Trd, 000147.400, 165
Trd, 000148.083, 169
Trd, 000148.133, 173
Trd, 000149.067, 167
Trd, 000149.433, 166
Trd, 000149.967, 165
Trd, 000150.817, 165
Trd, 000151.250, 167
Trd, 000152.283, 166
Trd, 000152.433, 168
Trd, 000153.750, 166
Trd, 000154.233, 166
Trd, 000154.467, 165
Trd, 000155.033, 165
Trd, 000155.400, 167
Trd, 000155.450, 168
Trd, 000156.033, 168
Trd, 000156.233, 164
Trd, 000156.533, 170
Trd, 000156.550, 162
Trd, 000157.383, 169
Trd, 000157.717, 170
Trd, 000158.333, 171
Trd, 000158.817, 166
Trd, 000159.717, 173
Trd, 000160.600, 178
Trd, 000160.817, 176
Trd, 000161.017, 175
Trd, 000161.417, 180
Trd, 000163.083, 174
Trd, 000163.367, 175
Trd, 000163.533, 174
Trd, 000163.733, 178
Trd, 000163.783, 166
Trd, 000165.183, 175
Trd, 000165.550, 174
Trd, 000166.133, 172
Trd, 000166.183, 171
Trd, 000167.567, 172
Trd, 000167.683, 173
Trd, 000167.967, 174
Trd, 000168.383, 174
Trd, 000169.750, 173
Trd, 000169.950, 172
Trd, 000170.317, 174
Trd, 000170.867, 172
Trd, 000171.350, 172
Trd, 000171.567, 172
Trd, 000172.417, 172
Trd, 000172.617, 172
Trd, 000173.017, 170
Trd, 000173.150, 169
Trd, 000173.500, 168
Trd, 000174.950, 155
Trd, 000176.167, 165
Trd, 000176.533, 163
Trd, 000176.750, 164
Trd, 000176.967, 166
Trd, 000177.417, 166
Trd, 000177.450, 167
Trd, 000178.533, 157
Trd, 000179.817, 167
Trd, 000180.217, 160
Trd, 000180.233, 168
Trd, 000181.383, 167
Trd, 000182.100, 169
Trd, 000182.500, 167
Trd, 000182.883, 167
Trd, 000183.633, 168
Trd, 000183.933, 164
Trd, 000184.567, 163
Trd, 000186.233, 166
Trd, 000187.333, 163
Trd, 000187.633, 162
Trd, 000188.017, 161
Trd, 000188.117, 159
Trd, 000188.833, 162
Trd, 000190.217, 161
Trd, 000190.500, 162
Trd, 000192.100, 164
Trd, 000192.483, 164
Trd, 000193.133, 170
Trd, 000193.900, 165
Trd, 000194.350, 162
Trd, 000194.550, 174
Trd, 000196.367, 176
Trd, 000197.283, 171
Trd, 000197.450, 172
Trd, 000197.633, 171
Trd, 000198.283, 175
Trd, 000198.617, 177
Trd, 000199.067, 175
Trd, 000199.400, 191
Trd, 000199.700, 190
Trd, 000200.183, 188
Trd, 000200.317, 188
Trd, 000201.000, 187
Trd, 000201.950, 169
Trd, 000202.250, 175
Trd, 000203.433, 172
Trd, 000204.217, 173
Trd, 000204.383, 172
Trd, 000204.917, 173
Trd, 000205.800, 173
Trd, 000205.883, 171
Trd, 000206.033, 175
Trd, 000207.050, 175
Trd, 000209.033, 173
Trd, 000209.700, 173
Trd, 000210.150, 174
Trd, 000210.333, 175
Trd, 000210.433, 176
Trd, 000210.917, 172
Trd, 000211.033, 178
Trd, 000211.917, 178
Trd, 000211.967, 172
Trd, 000214.217, 174
Trd, 000214.350, 177
Trd, 000214.883, 176
Trd, 000215.233, 175
Trd, 000215.650, 176
Trd, 000215.950, 173
Trd, 000216.600, 172
Trd, 000217.117, 171
Trd, 000217.433, 173
Trd, 000219.650, 173
Trd, 000219.833, 172
Trd, 000220.333, 168
Trd, 000220.667, 171
Trd, 000220.683, 172
Trd, 000221.150, 173
Trd, 000221.367, 173
Trd, 000222.250, 173
Trd, 000223.600, 173
Trd, 000224.333, 172
Trd, 000224.917, 173
Trd, 000225.083, 173
Trd, 000226.483, 173
Trd, 000226.800, 174
Trd, 000227.717, 170
Trd, 000228.083, 174
Trd, 000228.717, 173
Trd, 000228.833, 174
Trd, 000229.300, 177
Trd, 000230.250, 173
Trd, 000230.467, 173
Trd, 000230.650, 173
Trd, 000232.250, 175
Trd, 000232.300, 177
Trd, 000232.433, 178
Trd, 000233.567, 176
Trd, 000234.050, 178
Trd, 000234.117, 173
Trd, 000235.283, 176
Trd, 000236.150, 173
Trd, 000236.967, 166
Trd, 000237.067, 174
Trd, 000237.383, 175
Trd, 000237.950, 177
Trd, 000238.867, 178
Trd, 000239.717, 178
Trd, 000240.167, 177
Trd, 000240.617, 178
Trd, 000240.817, 178
Trd, 000241.117, 179
Trd, 000241.833, 178
Trd, 000241.900, 177
Trd, 000242.233, 175
Trd, 000242.617, 179
Trd, 000242.850, 176
Trd, 000243.400, 182
Trd, 000243.667, 181
Trd, 000244.233, 182
Trd, 000244.817, 186
Trd, 000244.983, 180
Trd, 000245.500, 177
Trd, 000245.583, 188
Trd, 000246.083, 176
Trd, 000246.983, 180
Trd, 000247.667, 179
Trd, 000247.833, 180
Trd, 000248.333, 178
Trd, 000248.400, 179
Trd, 000248.500, 176
Trd, 000248.717, 180
Trd, 000250.600, 177
Trd, 000251.150, 176
Trd, 000251.467, 175
Trd, 000252.500, 173
Trd, 000252.967, 172
Trd, 000253.533, 173
Trd, 000253.900, 174
Trd, 000254.283, 174
Trd, 000254.450, 174
Trd, 000254.750, 173
Trd, 000255.917, 178
Trd, 000257.567, 175
Trd, 000257.933, 176
Trd, 000258.783, 173
Trd, 000259.183, 174
Trd, 000259.667, 174
Trd, 000260.333, 174
Trd, 000260.550, 174
Trd, 000261.117, 173
Trd, 000261.550, 173
Trd, 000261.583, 174
Trd, 000261.700, 172
Trd, 000262.617, 173
Trd, 000262.983, 175
Trd, 000263.667, 177
Trd, 000263.867, 181
Trd, 000264.383, 180
Trd, 000264.483, 181
Trd, 000264.783, 188
Trd, 000265.200, 183
Trd, 000265.250, 181
Trd, 000266.250, 179
Trd, 000266.283, 176
Trd, 000266.683, 180
Trd, 000267.950, 175
Trd, 000268.417, 175
Trd, 000268.983, 174
Trd, 000269.217, 173
Trd, 000270.233, 171
Trd, 000270.900, 171
Trd, 000271.217, 169
Trd, 000271.483, 170
Trd, 000271.917, 174
Trd, 000272.217, 175
Trd, 000272.300, 175
Trd, 000272.350, 170
Trd, 000273.033, 174
Trd, 000273.067, 175
Trd, 000273.817, 174
Trd, 000274.083, 174
Trd, 000274.133, 176
Trd, 000274.417, 172
Trd, 000274.450, 169
Trd, 000275.383, 176
Trd, 000276.833, 174
Trd, 000277.250, 176
Trd, 000277.367, 178
Trd, 000278.283, 175
Trd, 000278.950, 172
Trd, 000279.683, 173
Trd, 000280.033, 179
Trd, 000280.300, 183
Trd, 000281.033, 177
Trd, 000281.167, 180
Trd, 000281.733, 176
Trd, 000281.917, 181
Trd, 000282.067, 182
Trd, 000282.433, 177
Trd, 000282.517, 173
Trd, 000282.967, 172
Trd, 000284.783, 171
Trd, 000285.733, 176
Trd, 000286.000, 177
Trd, 000286.900, 176
Trd, 000286.917, 174
Trd, 000287.217, 176
Trd, 000287.817, 177
Trd, 000288.033, 177
Trd, 000288.667, 177
Trd, 000289.700, 179
Trd, 000289.717, 181
Trd, 000290.317, 177
Trd, 000291.267, 179
Trd, 000291.617, 177
Trd, 000291.850, 177
Trd, 000292.167, 177
Trd, 000292.433, 179
Trd, 000292.617, 177
Trd, 000293.383, 177
Trd, 000293.817, 170
Trd, 000294.483, 178
Trd, 000294.633, 178
Trd, 000294.650, 179
Trd, 000294.683, 180
Trd, 000294.733, 177
Trd, 000294.967, 171
Trd, 000295.367, 181
Trd, 000295.383, 184
Trd, 000295.583, 173
Trd, 000295.850, 187
Trd, 000296.550, 183
Trd, 000297.117, 183
Trd, 000297.517, 182
Trd, 000298.483, 180
Trd, 000298.500, 180
Trd, 000299.300, 180
Trd, 000299.350, 179
Trd, 000299.467, 178
Trd, 000299.533, 180
