Trd, 000001.600, 158
Trd, 000003.283, 134
Trd, 000003.533, 128
Trd, 000003.800, 134
Trd, 000005.083, 157
Trd, 000005.150, 127
Trd, 000005.250, 137
Trd, 000005.467, 157
Trd, 000006.133, 168
Trd, 000006.817, 163
Trd, 000007.367, 156
Trd, 000007.467, 134
Trd, 000007.700, 135
Trd, 000008.517, 138
Trd, 000009.117, 147
Trd, 000009.917, 137
Trd, 000010.100, 148
Trd, 000010.933, 145
Trd, 000011.050, 156
Trd, 000011.283, 141
Trd, 000012.317, 149
Trd, 000012.417, 145
Trd, 000013.117, 150
Trd, 000013.183, 145
Trd, 000014.533, 148
Trd, 000015.133, 149
Trd, 000015.233, 152
Trd, 000015.700, 148
Trd, 000016.217, 147
Trd, 000016.483, 150
Trd, 000016.967, 145
Trd, 000018.783, 151
Trd, 000020.117, 151
Trd, 000020.600, 149
Trd, 000021.383, 148
Trd, 000022.183, 151
Trd, 000022.683, 147
Trd, 000023.000, 148
Trd, 000023.600, 148
Trd, 000023.883, 148
Trd, 000024.150, 167
Trd, 000024.200, 166
Trd, 000025.017, 152
Trd, 000025.700, 147
Trd, 000025.850, 137
Trd, 000026.550, 159
Trd, 000026.917, 151
Trd, 000028.133, 149
Trd, 000029.183, 149
Trd, 000029.467, 151
Trd, 000029.717, 151
Trd, 000030.117, 148
Trd, 000030.633, 152
Trd, 000031.100, 151
Trd, 000032.000, 152
Trd, 000032.117, 158
Trd, 000033.700, 148
Trd, 000034.167, 148
Trd, 000034.683, 148
Trd, 000034.717, 147
Trd, 000035.500, 148
Trd, 000036.033, 150
Trd, 000036.250, 154
Trd, 000036.850, 153
Trd, 000037.800, 152
Trd, 000038.267, 152
Trd, 000038.450, 149
Trd, 000038.550, 149
Trd, 000038.700, 160
Trd, 000039.467, 149
Trd, 000039.767, 149
Trd, 000040.300, 150
Trd, 000040.867, 156
Trd, 000041.017, 155
Trd, 000041.717, 172
Trd, 000042.850, 152
Trd, 000043.100, 150
Trd, 000044.250, 150
Trd, 000045.433, 153
Trd, 000045.633, 150
Trd, 000045.750, 150
Trd, 000045.850, 149
Trd, 000046.267, 154
Trd, 000047.117, 153
Trd, 000048.117, 152
Trd, 000049.433, 150
Trd, 000049.883, 149
Trd, 000051.033, 149
Trd, 000051.633, 151
Trd, 000051.800, 151
Trd, 000052.033, 149
Trd, 000052.050, 152
Trd, 000053.283, 148
Trd, 000053.633, 152
Trd, 000054.083, 153
Trd, 000054.233, 147
Trd, 000054.633, 149
Trd, 000054.950, 153
Trd, 000056.600, 153
Trd, 000057.583, 152
Trd, 000058.150, 152
Trd, 000058.233, 152
Trd, 000058.883, 153
Trd, 000059.067, 161
Trd, 000059.283, 152
Trd, 000059.717, 151
Trd, 000060.050, 151
Trd, 000060.217, 150
Trd, 000061.100, 153
Trd, 000061.517, 150
Trd, 000061.833, 154
Trd, 000061.950, 141
Trd, 000062.067, 158
Trd, 000062.550, 166
Trd, 000062.600, 174
Trd, 000063.933, 153
Trd, 000064.800, 154
Trd, 000065.800, 154
Trd, 000065.933, 159
Trd, 000066.233, 154
Trd, 000068.083, 157
Trd, 000068.100, 156
Trd, 000068.550, 158
Trd, 000068.583, 159
Trd, 000069.050, 156
Trd, 000069.517, 161
Trd, 000070.433, 154
Trd, 000071.550, 159
Trd, 000071.733, 159
Trd, 000071.833, 151
Trd, 000072.150, 142
Trd, 000072.917, 157
Trd, 000073.483, 153
Trd, 000073.633, 155
Trd, 000073.667, 151
Trd, 000076.250, 155
Trd, 000076.867, 153
Trd, 000077.317, 154
Trd, 000078.283, 153
Trd, 000078.883, 153
Trd, 000079.117, 158
Trd, 000079.783, 152
Trd, 000079.983, 157
Trd, 000080.167, 158
Trd, 000080.950, 160
Trd, 000080.983, 153
Trd, 000081.883, 160
Trd, 000081.967, 163
Trd, 000082.033, 152
Trd, 000082.617, 153
Trd, 000082.700, 152
Trd, 000084.167, 164
Trd, 000084.633, 158
Trd, 000084.950, 158
Trd, 000085.467, 158
Trd, 000086.700, 160
Trd, 000088.283, 158
Trd, 000088.483, 157
Trd, 000088.683, 154
Trd, 000088.867, 161
Trd, 000089.317, 154
Trd, 000090.233, 155
Trd, 000090.267, 154
Trd, 000090.483, 153
Trd, 000091.283, 157
Trd, 000091.333, 157
Trd, 000093.167, 154
Trd, 000093.300, 154
Trd, 000093.683, 153
Trd, 000093.983, 154
Trd, 000094.300, 153
Trd, 000094.333, 146
Trd, 000094.783, 151
Trd, 000095.167, 143
Trd, 000095.783, 154
Trd, 000096.183, 151
Trd, 000096.917, 153
Trd, 000098.100, 153
Trd, 000098.417, 153
Trd, 000098.767, 151
Trd, 000099.600, 151
Trd, 000099.783, 155
Trd, 000100.800, 153
Trd, 000101.150, 151
Trd, 000101.383, 158
Trd, 000101.883, 157
Trd, 000101.900, 154
Trd, 000102.933, 154
Trd, 000103.217, 165
Trd, 000103.483, 154
Trd, 000104.150, 154
Trd, 000105.000, 158
Trd, 000105.167, 153
Trd, 000106.300, 159
Trd, 000106.767, 159
Trd, 000107.850, 159
Trd, 000108.083, 165
Trd, 000109.233, 161
Trd, 000109.800, 160
Trd, 000110.167, 162
Trd, 000110.617, 161
Trd, 000110.883, 159
Trd, 000111.933, 145
Trd, 000112.083, 145
Trd, 000112.367, 148
Trd, 000112.867, 145
Trd, 000113.317, 159
Trd, 000113.467, 152
Trd, 000114.850, 146
Trd, 000114.950, 151
Trd, 000115.367, 149
Trd, 000115.417, 152
Trd, 000117.267, 150
Trd, 000117.733, 148
Trd, 000117.950, 153
Trd, 000119.217, 149
Trd, 000119.733, 153
Trd, 000120.167, 153
Trd, 000120.467, 153
Trd, 000120.533, 150
Trd, 000120.550, 149
Trd, 000121.317, 148
Trd, 000121.600, 147
Trd, 000122.067, 149
Trd, 000123.967, 153
Trd, 000124.183, 154
Trd, 000124.350, 156
Trd, 000124.617, 156
Trd, 000125.267, 154
Trd, 000125.517, 157
Trd, 000126.817, 155
Trd, 000127.083, 158
Trd, 000127.233, 155
Trd, 000127.817, 155
Trd, 000127.883, 167
Trd, 000128.167, 160
Trd, 000129.267, 157
Trd, 000129.333, 180
Trd, 000129.850, 175
Trd, 000130.117, 163
Trd, 000131.250, 174
Trd, 000131.583, 171
Trd, 000133.367, 164
Trd, 000133.483, 169
Trd, 000134.167, 169
Trd, 000134.250, 167
Trd, 000134.617, 162
Trd, 000135.067, 160
Trd, 000135.350, 157
Trd, 000136.550, 168
Trd, 000136.583, 169
Trd, 000136.850, 168
Trd, 000136.950, 170
Trd, 000137.250, 170
Trd, 000137.567, 168
Trd, 000138.167, 166
Trd, 000138.450, 162
Trd, 000139.600, 164
Trd, 000139.967, 161
Trd, 000140.533, 167
Trd, 000140.783, 158
Trd, 000140.817, 168
Trd, 000142.250, 177
Trd, 000142.317, 173
Trd, 000142.800, 173
Trd, 000143.583, 172
Trd, 000144.017, 173
Trd, 000144.067, 174
Trd, 000144.283, 173
Trd, 000144.733, 173
Trd, 000145.400, 172
Trd, 000145.617, 160
Trd, 000145.783, 174
Trd, 000147.433, 167
Trd, 000147.717, 164
Trd, 000147.733, 174
Trd, 000148.100, 161
Trd, 000148.783, 159
Trd, 000149.083, 173
Trd, 000149.617, 167
Trd, 000151.067, 168
Trd, 000151.550, 166
Trd, 000152.033, 165
Trd, 000152.750, 168
Trd, 000152.900, 164
Trd, 000153.117, 163
Trd, 000153.450, 167
Trd, 000153.683, 166
Trd, 000154.983, 167
Trd, 000155.683, 169
Trd, 000157.183, 168
Trd, 000157.217, 166
Trd, 000157.933, 162
Trd, 000159.967, 166
Trd, 000160.333, 163
Trd, 000160.400, 161
Trd, 000160.433, 164
Trd, 000160.733, 160
Trd, 000160.883, 152
Trd, 000161.417, 158
Trd, 000162.667, 146
Trd, 000163.683, 156
Trd, 000163.883, 155
Trd, 000164.117, 160
Trd, 000164.283, 160
Trd, 000164.367, 154
Trd, 000164.450, 140
Trd, 000164.917, 149
Trd, 000165.100, 151
Trd, 000165.467, 156
Trd, 000165.700, 155
Trd, 000168.150, 164
Trd, 000168.283, 137
Trd, 000168.983, 154
Trd, 000169.167, 151
Trd, 000169.733, 161
Trd, 000171.200, 175
Trd, 000171.383, 165
Trd, 000171.583, 165
Trd, 000171.967, 164
Trd, 000172.583, 165
Trd, 000172.967, 165
Trd, 000173.750, 164
Trd, 000174.167, 161
Trd, 000174.217, 169
Trd, 000174.983, 164
Trd, 000175.350, 166
Trd, 000175.983, 165
Trd, 000176.050, 167
Trd, 000176.733, 165
Trd, 000177.167, 171
Trd, 000177.300, 164
Trd, 000178.267, 166
Trd, 000178.583, 165
Trd, 000179.217, 168
Trd, 000179.417, 164
Trd, 000180.050, 152
Trd, 000181.100, 152
Trd, 000181.667, 157
Trd, 000182.017, 154
Trd, 000182.133, 165
Trd, 000182.217, 162
Trd, 000184.050, 164
Trd, 000184.350, 163
Trd, 000185.350, 164
Trd, 000186.217, 166
Trd, 000186.250, 163
Trd, 000186.617, 177
Trd, 000187.300, 167
Trd, 000187.400, 164
Trd, 000187.867, 158
Trd, 000187.900, 186
Trd, 000188.700, 155
Trd, 000188.817, 174
Trd, 000189.533, 175
Trd, 000190.300, 165
Trd, 000191.383, 165
Trd, 000191.717, 164
Trd, 000191.733, 163
Trd, 000192.483, 169
Trd, 000192.867, 164
Trd, 000193.583, 172
Trd, 000194.117, 182
Trd, 000195.350, 171
Trd, 000196.117, 170
Trd, 000196.667, 170
Trd, 000197.233, 171
Trd, 000198.117, 169
Trd, 000198.550, 171
Trd, 000200.083, 169
Trd, 000201.017, 171
Trd, 000201.033, 171
Trd, 000201.067, 170
Trd, 000201.183, 174
Trd, 000201.567, 169
Trd, 000201.717, 167
Trd, 000201.850, 164
Trd, 000203.183, 144
Trd, 000203.700, 157
Trd, 000204.717, 171
Trd, 000204.767, 163
Trd, 000204.950, 163
Trd, 000206.800, 162
Trd, 000207.000, 160
Trd, 000207.517, 161
Trd, 000207.683, 160
Trd, 000207.783, 159
Trd, 000208.500, 162
Trd, 000209.283, 161
Trd, 000209.833, 163
Trd, 000210.250, 161
Trd, 000210.350, 166
Trd, 000210.867, 165
Trd, 000211.500, 166
Trd, 000212.500, 161
Trd, 000213.167, 161
Trd, 000213.567, 164
Trd, 000214.467, 165
Trd, 000215.533, 163
Trd, 000215.583, 165
Trd, 000216.117, 165
Trd, 000217.333, 165
Trd, 000217.550, 162
Trd, 000217.650, 161
Trd, 000218.117, 166
Trd, 000218.183, 168
Trd, 000218.750, 185
Trd, 000219.483, 186
Trd, 000219.967, 183
Trd, 000220.167, 180
Trd, 000221.650, 183
Trd, 000222.150, 178
Trd, 000222.800, 180
Trd, 000222.867, 181
Trd, 000222.983, 173
Trd, 000223.217, 182
Trd, 000224.900, 181
Trd, 000225.833, 180
Trd, 000226.183, 180
Trd, 000226.867, 178
Trd, 000227.483, 179
Trd, 000228.150, 174
Trd, 000228.333, 179
Trd, 000228.383, 172
Trd, 000229.117, 169
Trd, 000229.467, 166
Trd, 000230.433, 169
Trd, 000230.717, 168
Trd, 000231.083, 172
Trd, 000231.550, 178
Trd, 000232.150, 174
Trd, 000232.733, 172
Trd, 000232.933, 173
Trd, 000233.067, 171
Trd, 000233.967, 188
Trd, 000234.667, 167
Trd, 000235.367, 178
Trd, 000235.450, 168
Trd, 000235.617, 175
Trd, 000235.983, 161
Trd, 000236.500, 165
Trd, 000236.533, 159
Trd, 000236.883, 146
Trd, 000237.333, 160
Trd, 000237.533, 162
Trd, 000237.600, 178
Trd, 000238.483, 152
Trd, 000239.333, 158
Trd, 000239.683, 160
Trd, 000240.183, 159
Trd, 000240.433, 161
Trd, 000240.867, 164
Trd, 000241.267, 165
Trd, 000241.333, 172
Trd, 000241.950, 168
Trd, 000242.067, 173
Trd, 000242.883, 179
Trd, 000243.183, 179
Trd, 000243.267, 173
Trd, 000243.633, 174
Trd, 000243.967, 171
Trd, 000244.233, 168
Trd, 000244.600, 160
Trd, 000245.633, 170
Trd, 000246.500, 170
Trd, 000246.567, 169
Trd, 000246.617, 170
Trd, 000246.700, 169
Trd, 000247.800, 173
Trd, 000248.583, 173
Trd, 000248.667, 172
Trd, 000248.717, 170
Trd, 000248.983, 170
Trd, 000249.200, 169
Trd, 000249.567, 169
Trd, 000250.050, 168
Trd, 000251.000, 166
Trd, 000251.033, 158
Trd, 000251.517, 166
Trd, 000252.300, 165
Trd, 000252.483, 168
Trd, 000252.700, 169
Trd, 000252.917, 180
Trd, 000253.533, 183
Trd, 000255.017, 179
Trd, 000255.433, 181
Trd, 000255.483, 177
Trd, 000255.533, 182
Trd, 000255.683, 179
Trd, 000255.883, 175
Trd, 000256.200, 170
Trd, 000256.317, 187
Trd, 000256.600, 169
Trd, 000257.567, 179
Trd, 000258.017, 179
Trd, 000258.150, 178
Trd, 000258.483, 177
Trd, 000258.667, 181
Trd, 000258.717, 178
Trd, 000259.333, 176
Trd, 000259.383, 179
Trd, 000259.833, 177
Trd, 000260.583, 176
Trd, 000261.117, 170
Trd, 000261.650, 179
Trd, 000261.683, 170
Trd, 000261.700, 162
Trd, 000262.333, 158
Trd, 000262.483, 163
Trd, 000263.133, 167
Trd, 000264.267, 165
Trd, 000264.433, 164
Trd, 000264.600, 170
Trd, 000264.950, 164
Trd, 000265.183, 170
Trd, 000265.817, 168
Trd, 000266.033, 173
Trd, 000266.333, 171
Trd, 000266.467, 174
Trd, 000266.933, 177
Trd, 000267.733, 181
Trd, 000267.900, 169
Trd, 000268.183, 174
Trd, 000269.000, 173
Trd, 000269.017, 172
Trd, 000269.750, 176
Trd, 000270.233, 172
Trd, 000270.333, 174
Trd, 000270.583, 173
Trd, 000270.933, 172
Trd, 000271.017, 177
Trd, 000271.517, 181
Trd, 000271.833, 182
Trd, 000272.750, 174
Trd, 000273.083, 175
Trd, 000273.167, 171
Trd, 000273.500, 162
Trd, 000273.667, 161
Trd, 000274.183, 165
Trd, 000274.200, 158
Trd, 000274.733, 166
Trd, 000274.767, 167
Trd, 000275.267, 167
Trd, 000275.633, 168
Trd, 000275.767, 168
Trd, 000275.817, 171
Trd, 000276.983, 178
Trd, 000278.083, 178
Trd, 000278.333, 182
Trd, 000278.483, 182
Trd, 000278.983, 177
Trd, 000279.250, 175
Trd, 000279.500, 183
Trd, 000279.700, 182
Trd, 000280.400, 178
Trd, 000280.483, 182
Trd, 000280.500, 177
Trd, 000281.167, 173
Trd, 000281.483, 180
Trd, 000281.667, 184
Trd, 000281.900, 172
Trd, 000281.950, 166
Trd, 000282.333, 173
Trd, 000282.450, 178
Trd, 000282.617, 173
Trd, 000282.650, 180
Trd, 000283.150, 181
Trd, 000283.967, 183
Trd, 000284.267, 172
Trd, 000284.400, 177
Trd, 000284.417, 172
Trd, 000285.733, 172
Trd, 000286.000, 175
Trd, 000286.150, 171
Trd, 000286.433, 179
Trd, 000286.650, 182
Trd, 000286.883, 182
Trd, 000286.983, 189
Trd, 000287.733, 176
Trd, 000288.367, 185
Trd, 000288.683, 189
Trd, 000288.850, 178
Trd, 000289.083, 178
Trd, 000289.150, 191
Trd, 000289.517, 177
Trd, 000290.317, 185
Trd, 000290.800, 190
Trd, 000291.150, 184
Trd, 000291.450, 198
Trd, 000291.583, 206
Trd, 000291.717, 190
Trd, 000292.267, 194
Trd, 000292.583, 200
Trd, 000293.033, 192
Trd, 000293.500, 199
Trd, 000293.983, 202
Trd, 000294.000, 201
Trd, 000294.317, 189
Trd, 000294.450, 190
Trd, 000294.983, 189
Trd, 000295.367, 187
Trd, 000296.400, 188
Trd, 000297.100, 179
Trd, 000297.483, 186
Trd, 000297.750, 185
Trd, 000297.883, 187
Trd, 000297.933, 176
Trd, 000298.250, 173
Trd, 000298.467, 178
Trd, 000298.900, 174
Trd, 000299.033, 164
Trd, 000299.583, 154
Trd, 000299.683, 157
