Trd, 000001.183, 100
Trd, 000002.100, 154
Trd, 000002.133, 153
Trd, 000002.867, 176
Trd, 000003.750, 163
Trd, 000003.800, 150
Trd, 000004.767, 163
Trd, 000004.883, 162
Trd, 000005.350, 162
Trd, 000006.200, 161
Trd, 000006.217, 156
Trd, 000006.683, 160
Trd, 000007.767, 155
Trd, 000008.017, 154
Trd, 000008.750, 154
Trd, 000008.883, 152
Trd, 000009.733, 154
Trd, 000009.867, 155
Trd, 000011.167, 146
Trd, 000012.133, 146
Trd, 000012.633, 146
Trd, 000013.000, 145
Trd, 000013.300, 145
Trd, 000013.717, 144
Trd, 000013.917, 143
Trd, 000014.183, 144
Trd, 000014.400, 143
Trd, 000014.833, 152
Trd, 000015.133, 143
Trd, 000015.383, 152
Trd, 000016.250, 144
Trd, 000016.383, 146
Trd, 000016.883, 146
Trd, 000017.233, 144
Trd, 000017.750, 145
Trd, 000017.767, 146
Trd, 000018.517, 143
Trd, 000018.683, 140
Trd, 000019.500, 148
Trd, 000020.433, 154
Trd, 000020.767, 154
Trd, 000021.317, 153
Trd, 000021.650, 147
Trd, 000021.750, 145
Trd, 000021.867, 155
Trd, 000023.233, 149
Trd, 000023.833, 148
Trd, 000023.983, 148
Trd, 000024.800, 145
Trd, 000025.183, 144
Trd, 000025.200, 146
Trd, 000025.600, 145
Trd, 000026.483, 144
Trd, 000026.867, 147
Trd, 000027.300, 147
Trd, 000027.317, 144
Trd, 000028.400, 154
Trd, 000028.500, 144
Trd, 000028.750, 143
Trd, 000029.817, 151
Trd, 000030.233, 150
Trd, 000030.817, 150
Trd, 000031.000, 151
Trd, 000031.300, 151
Trd, 000031.367, 148
Trd, 000032.150, 148
Trd, 000032.567, 148
Trd, 000032.850, 144
Trd, 000032.983, 144
Trd, 000033.233, 140
Trd, 000034.017, 148
Trd, 000034.217, 154
Trd, 000034.583, 150
Trd, 000034.933, 158
Trd, 000036.533, 149
Trd, 000037.300, 157
Trd, 000037.333, 156
Trd, 000037.417, 155
Trd, 000037.900, 156
Trd, 000038.100, 157
Trd, 000038.700, 158
Trd, 000039.050, 159
Trd, 000040.017, 161
Trd, 000040.933, 171
Trd, 000041.250, 170
Trd, 000041.633, 162
Trd, 000041.867, 161
Trd, 000041.950, 170
Trd, 000042.383, 172
Trd, 000042.400, 176
Trd, 000042.600, 161
Trd, 000043.733, 157
Trd, 000044.100, 156
Trd, 000045.483, 160
Trd, 000045.900, 164
Trd, 000046.783, 163
Trd, 000046.917, 163
Trd, 000046.933, 162
Trd, 000047.067, 164
Trd, 000049.033, 163
Trd, 000049.117, 162
Trd, 000049.417, 164
Trd, 000049.967, 160
Trd, 000050.050, 159
Trd, 000050.150, 156
Trd, 000050.217, 151
Trd, 000050.300, 161
Trd, 000051.200, 157
Trd, 000051.350, 156
Trd, 000051.667, 155
Trd, 000052.267, 159
Trd, 000052.900, 155
Trd, 000053.283, 154
Trd, 000053.817, 147
Trd, 000054.133, 146
Trd, 000054.267, 141
Trd, 000054.817, 147
Trd, 000054.933, 142
Trd, 000056.200, 142
Trd, 000056.233, 149
Trd, 000056.433, 139
Trd, 000057.100, 148
Trd, 000057.367, 150
Trd, 000057.383, 147
Trd, 000057.483, 142
Trd, 000057.500, 141
Trd, 000057.917, 145
Trd, 000058.333, 149
Trd, 000058.517, 148
Trd, 000059.050, 146
Trd, 000059.233, 151
Trd, 000060.517, 157
Trd, 000060.733, 174
Trd, 000061.333, 153
Trd, 000062.150, 164
Trd, 000062.483, 159
Trd, 000064.133, 179
Trd, 000065.200, 166
Trd, 000065.300, 166
Trd, 000065.550, 166
Trd, 000066.200, 165
Trd, 000066.717, 166
Trd, 000066.983, 166
Trd, 000067.333, 165
Trd, 000067.467, 164
Trd, 000067.850, 164
Trd, 000068.300, 164
Trd, 000068.617, 162
Trd, 000068.900, 163
Trd, 000069.017, 158
Trd, 000069.217, 165
Trd, 000069.800, 159
Trd, 000071.183, 160
Trd, 000072.817, 159
Trd, 000072.950, 156
Trd, 000073.517, 158
Trd, 000073.533, 158
Trd, 000073.733, 157
Trd, 000073.950, 158
Trd, 000074.583, 151
Trd, 000074.950, 157
Trd, 000075.033, 159
Trd, 000075.067, 148
Trd, 000075.900, 143
Trd, 000075.933, 137
Trd, 000076.317, 162
Trd, 000077.400, 146
Trd, 000077.633, 155
Trd, 000078.383, 149
Trd, 000078.833, 153
Trd, 000079.117, 168
Trd, 000079.217, 148
Trd, 000079.300, 187
Trd, 000079.583, 165
Trd, 000080.117, 159
Trd, 000080.500, 153
Trd, 000080.517, 152
Trd, 000082.533, 161
Trd, 000082.550, 160
Trd, 000082.867, 159
Trd, 000082.900, 158
Trd, 000084.100, 156
Trd, 000084.917, 151
Trd, 000085.117, 154
Trd, 000085.167, 150
Trd, 000085.800, 154
Trd, 000086.267, 155
Trd, 000086.850, 155
Trd, 000086.883, 156
Trd, 000086.983, 154
Trd, 000087.183, 153
Trd, 000087.600, 150
Trd, 000088.167, 151
Trd, 000088.900, 155
Trd, 000089.117, 156
Trd, 000089.683, 152
Trd, 000091.333, 158
Trd, 000091.350, 160
Trd, 000091.550, 159
Trd, 000092.183, 163
Trd, 000092.300, 164
Trd, 000093.833, 184
Trd, 000094.250, 163
Trd, 000095.350, 166
Trd, 000095.417, 165
Trd, 000096.250, 164
Trd, 000096.300, 165
Trd, 000096.333, 164
Trd, 000096.567, 163
Trd, 000097.917, 162
Trd, 000098.367, 161
Trd, 000098.817, 162
Trd, 000099.000, 160
Trd, 000099.733, 146
Trd, 000099.900, 160
Trd, 000100.967, 158
Trd, 000101.100, 151
Trd, 000102.083, 156
Trd, 000102.100, 165
Trd, 000103.150, 162
Trd, 000103.550, 162
Trd, 000103.633, 164
Trd, 000103.933, 165
Trd, 000104.283, 170
Trd, 000105.233, 167
Trd, 000105.250, 166
Trd, 000106.317, 168
Trd, 000106.500, 166
Trd, 000107.183, 165
Trd, 000107.333, 166
Trd, 000107.783, 165
Trd, 000108.250, 164
Trd, 000108.817, 167
Trd, 000109.333, 165
Trd, 000109.983, 164
Trd, 000110.400, 166
Trd, 000110.817, 164
Trd, 000110.833, 162
Trd, 000112.250, 163
Trd, 000112.600, 162
Trd, 000113.267, 162
Trd, 000113.450, 162
Trd, 000113.750, 160
Trd, 000113.900, 159
Trd, 000114.233, 158
Trd, 000114.967, 152
Trd, 000115.117, 160
Trd, 000115.667, 158
Trd, 000116.233, 153
Trd, 000116.800, 152
Trd, 000117.150, 150
Trd, 000117.217, 147
Trd, 000117.300, 148
Trd, 000117.567, 149
Trd, 000117.667, 152
Trd, 000118.483, 156
Trd, 000119.150, 164
Trd, 000119.250, 151
Trd, 000119.333, 149
Trd, 000119.367, 148
Trd, 000120.117, 166
Trd, 000120.250, 148
Trd, 000120.733, 165
Trd, 000121.300, 166
Trd, 000121.333, 167
Trd, 000122.467, 164
Trd, 000123.417, 163
Trd, 000123.633, 164
Trd, 000123.733, 162
Trd, 000123.917, 162
Trd, 000124.400, 161
Trd, 000124.617, 161
Trd, 000125.317, 163
Trd, 000125.867, 164
Trd, 000125.883, 166
Trd, 000125.950, 167
Trd, 000126.050, 161
Trd, 000129.200, 166
Trd, 000129.500, 166
Trd, 000129.600, 167
Trd, 000130.433, 166
Trd, 000130.467, 165
Trd, 000130.783, 165
Trd, 000130.850, 164
Trd, 000130.883, 164
Trd, 000131.033, 158
Trd, 000131.333, 154
Trd, 000131.567, 167
Trd, 000132.700, 150
Trd, 000133.317, 149
Trd, 000133.633, 157
Trd, 000134.267, 155
Trd, 000135.033, 152
Trd, 000135.217, 154
Trd, 000135.733, 157
Trd, 000136.700, 166
Trd, 000137.550, 164
Trd, 000137.967, 164
Trd, 000138.150, 164
Trd, 000138.167, 165
Trd, 000138.183, 163
Trd, 000138.417, 167
Trd, 000139.417, 167
Trd, 000139.517, 162
Trd, 000139.783, 161
Trd, 000141.617, 164
Trd, 000141.950, 166
Trd, 000142.683, 165
Trd, 000143.300, 160
Trd, 000143.767, 165
Trd, 000144.833, 167
Trd, 000145.617, 166
Trd, 000145.833, 168
Trd, 000145.883, 165
Trd, 000146.133, 181
Trd, 000146.383, 161
Trd, 000146.567, 161
Trd, 000146.750, 173
Trd, 000148.117, 171
Trd, 000148.283, 169
Trd, 000148.733, 168
Trd, 000148.867, 169
Trd, 000148.917, 167
Trd, 000149.417, 160
Trd, 000150.033, 164
Trd, 000150.700, 160
Trd, 000151.483, 157
Trd, 000151.583, 164
Trd, 000152.067, 165
Trd, 000152.183, 166
Trd, 000153.100, 164
Trd, 000153.233, 157
Trd, 000154.467, 159
Trd, 000154.533, 153
Trd, 000154.633, 159
Trd, 000154.650, 163
Trd, 000155.650, 152
Trd, 000155.933, 156
Trd, 000157.217, 161
Trd, 000157.733, 163
Trd, 000158.783, 163
Trd, 000158.917, 170
Trd, 000159.350, 162
Trd, 000159.683, 177
Trd, 000160.183, 183
Trd, 000160.300, 162
Trd, 000160.617, 167
Trd, 000161.200, 166
Trd, 000161.467, 167
Trd, 000162.333, 168
Trd, 000163.183, 166
Trd, 000163.317, 165
Trd, 000163.617, 165
Trd, 000163.667, 163
Trd, 000163.867, 165
Trd, 000164.633, 162
Trd, 000164.883, 169
Trd, 000165.117, 157
Trd, 000166.117, 152
Trd, 000166.217, 164
Trd, 000166.350, 170
Trd, 000166.633, 163
Trd, 000166.817, 162
Trd, 000166.833, 143
Trd, 000168.333, 167
Trd, 000168.933, 169
Trd, 000170.083, 156
Trd, 000170.300, 155
Trd, 000170.350, 165
Trd, 000170.700, 154
Trd, 000171.850, 163
Trd, 000172.483, 163
Trd, 000172.550, 164
Trd, 000172.850, 171
Trd, 000173.100, 159
Trd, 000173.500, 162
Trd, 000174.033, 162
Trd, 000174.150, 161
Trd, 000174.333, 172
Trd, 000174.667, 159
Trd, 000176.067, 170
Trd, 000176.167, 160
Trd, 000176.433, 159
Trd, 000176.650, 168
Trd, 000176.817, 171
Trd, 000177.500, 173
Trd, 000177.683, 164
Trd, 000178.900, 169
Trd, 000179.533, 167
Trd, 000179.817, 167
Trd, 000180.317, 167
Trd, 000180.417, 169
Trd, 000180.650, 166
Trd, 000181.033, 166
Trd, 000181.650, 166
Trd, 000181.750, 167
Trd, 000182.483, 168
Trd, 000182.567, 166
Trd, 000183.000, 167
Trd, 000183.017, 165
Trd, 000183.750, 161
Trd, 000184.050, 167
Trd, 000184.133, 166
Trd, 000184.383, 167
Trd, 000184.467, 169
Trd, 000184.750, 165
Trd, 000185.983, 170
Trd, 000186.733, 167
Trd, 000187.650, 168
Trd, 000188.233, 167
Trd, 000188.250, 170
Trd, 000188.633, 160
Trd, 000188.983, 156
Trd, 000189.083, 172
Trd, 000189.717, 154
Trd, 000190.217, 169
Trd, 000190.567, 159
Trd, 000190.750, 159
Trd, 000191.717, 163
Trd, 000192.333, 166
Trd, 000192.500, 165
Trd, 000192.700, 165
Trd, 000193.467, 167
Trd, 000194.233, 166
Trd, 000194.683, 166
Trd, 000194.750, 166
Trd, 000194.950, 174
Trd, 000195.583, 171
Trd, 000195.983, 170
Trd, 000196.150, 171
Trd, 000196.233, 168
Trd, 000196.733, 172
Trd, 000196.817, 161
Trd, 000197.450, 173
Trd, 000198.217, 165
Trd, 000198.450, 170
Trd, 000199.350, 164
Trd, 000199.433, 169
Trd, 000200.017, 171
Trd, 000200.083, 172
Trd, 000200.733, 173
Trd, 000202.133, 172
Trd, 000202.317, 173
Trd, 000202.550, 173
Trd, 000202.567, 172
Trd, 000203.600, 173
Trd, 000203.933, 172
Trd, 000204.117, 175
Trd, 000205.133, 175
Trd, 000205.350, 172
Trd, 000205.600, 176
Trd, 000206.783, 188
Trd, 000206.833, 174
Trd, 000207.117, 178
Trd, 000207.533, 177
Trd, 000208.100, 180
Trd, 000208.517, 181
Trd, 000209.183, 182
Trd, 000209.767, 181
Trd, 000210.233, 182
Trd, 000210.417, 181
Trd, 000210.817, 180
Trd, 000210.983, 173
Trd, 000211.500, 182
Trd, 000211.517, 172
Trd, 000211.567, 172
Trd, 000212.667, 182
Trd, 000213.950, 178
Trd, 000214.500, 177
Trd, 000214.533, 178
Trd, 000214.667, 178
Trd, 000215.167, 179
Trd, 000215.700, 176
Trd, 000215.867, 177
Trd, 000217.317, 174
Trd, 000217.817, 172
Trd, 000218.133, 174
Trd, 000218.433, 173
Trd, 000219.183, 173
Trd, 000219.967, 174
Trd, 000220.017, 173
Trd, 000220.100, 171
Trd, 000220.150, 166
Trd, 000220.283, 163
Trd, 000221.133, 177
Trd, 000221.717, 176
Trd, 000222.233, 177
Trd, 000223.950, 176
Trd, 000224.233, 174
Trd, 000224.533, 174
Trd, 000224.950, 173
Trd, 000225.283, 174
Trd, 000225.667, 173
Trd, 000226.050, 173
Trd, 000226.133, 171
Trd, 000226.233, 163
Trd, 000226.817, 175
Trd, 000227.233, 175
Trd, 000227.333, 176
Trd, 000227.417, 190
Trd, 000227.617, 174
Trd, 000227.933, 182
Trd, 000229.100, 174
Trd, 000229.350, 172
Trd, 000229.867, 171
Trd, 000230.117, 182
Trd, 000230.383, 171
Trd, 000231.033, 163
Trd, 000231.183, 162
Trd, 000232.000, 161
Trd, 000232.017, 162
Trd, 000232.467, 164
Trd, 000232.850, 165
Trd, 000232.950, 167
Trd, 000233.067, 160
Trd, 000233.500, 163
Trd, 000234.717, 174
Trd, 000234.950, 174
Trd, 000236.150, 169
Trd, 000236.833, 170
Trd, 000237.200, 168
Trd, 000237.383, 170
Trd, 000237.467, 172
Trd, 000238.867, 173
Trd, 000238.917, 169
Trd, 000239.117, 168
Trd, 000239.867, 170
Trd, 000240.550, 171
Trd, 000240.933, 172
Trd, 000241.017, 170
Trd, 000241.617, 172
Trd, 000241.683, 169
Trd, 000242.367, 170
Trd, 000242.533, 172
Trd, 000243.633, 172
Trd, 000243.650, 170
Trd, 000244.200, 170
Trd, 000244.350, 172
Trd, 000244.667, 173
Trd, 000245.700, 172
Trd, 000246.383, 173
Trd, 000246.417, 172
Trd, 000246.833, 173
Trd, 000247.233, 174
Trd, 000247.650, 173
Trd, 000247.700, 171
Trd, 000247.783, 170
Trd, 000248.433, 172
Trd, 000248.783, 174
Trd, 000248.867, 175
Trd, 000249.067, 174
Trd, 000249.250, 172
Trd, 000249.433, 170
Trd, 000250.883, 173
Trd, 000252.200, 173
Trd, 000252.917, 170
Trd, 000253.000, 169
Trd, 000253.167, 169
Trd, 000253.733, 168
Trd, 000253.767, 168
Trd, 000254.100, 168
Trd, 000254.150, 169
Trd, 000254.367, 169
Trd, 000254.633, 170
Trd, 000254.750, 177
Trd, 000255.717, 174
Trd, 000256.083, 168
Trd, 000256.733, 168
Trd, 000257.033, 168
Trd, 000257.117, 175
Trd, 000257.433, 178
Trd, 000258.717, 173
Trd, 000259.283, 167
Trd, 000259.633, 172
Trd, 000259.650, 171
Trd, 000260.083, 170
Trd, 000260.567, 171
Trd, 000260.833, 172
Trd, 000260.867, 170
Trd, 000261.483, 171
Trd, 000262.217, 170
Trd, 000263.233, 172
Trd, 000263.750, 172
Trd, 000264.550, 176
Trd, 000264.583, 174
Trd, 000264.717, 176
Trd, 000264.767, 176
Trd, 000265.033, 173
Trd, 000265.533, 172
Trd, 000266.067, 178
Trd, 000266.167, 171
Trd, 000266.683, 174
Trd, 000266.933, 173
Trd, 000267.350, 177
Trd, 000267.467, 172
Trd, 000268.300, 180
Trd, 000268.450, 181
Trd, 000269.083, 181
Trd, 000269.500, 181
Trd, 000270.383, 183
Trd, 000270.717, 183
Trd, 000270.967, 182
Trd, 000271.217, 178
Trd, 000271.617, 183
Trd, 000272.483, 182
Trd, 000272.700, 181
Trd, 000273.333, 181
Trd, 000273.400, 179
Trd, 000274.317, 178
Trd, 000274.367, 180
Trd, 000274.717, 174
Trd, 000275.050, 174
Trd, 000275.150, 172
Trd, 000275.233, 171
Trd, 000275.733, 176
Trd, 000276.200, 176
Trd, 000276.567, 175
Trd, 000277.433, 174
Trd, 000277.700, 173
Trd, 000278.367, 173
Trd, 000279.017, 176
Trd, 000279.600, 181
Trd, 000280.383, 181
Trd, 000280.483, 183
Trd, 000280.683, 180
Trd, 000280.783, 189
Trd, 000281.650, 183
Trd, 000281.867, 179
Trd, 000282.317, 181
Trd, 000282.533, 181
Trd, 000282.567, 174
Trd, 000282.800, 172
Trd, 000282.967, 169
Trd, 000283.517, 178
Trd, 000283.617, 177
Trd, 000284.600, 186
Trd, 000284.983, 186
Trd, 000285.467, 179
Trd, 000286.517, 180
Trd, 000286.733, 184
Trd, 000288.217, 177
Trd, 000288.417, 176
Trd, 000288.650, 174
Trd, 000288.700, 173
Trd, 000290.083, 174
Trd, 000290.100, 176
Trd, 000290.917, 175
Trd, 000291.217, 177
Trd, 000291.467, 176
Trd, 000291.583, 175
Trd, 000291.950, 176
Trd, 000292.133, 175
Trd, 000292.583, 175
Trd, 000292.683, 174
Trd, 000292.717, 177
Trd, 000292.950, 181
Trd, 000293.133, 175
Trd, 000293.350, 174
Trd, 000294.467, 180
Trd, 000294.517, 184
Trd, 000296.433, 176
Trd, 000296.500, 178
Trd, 000296.667, 173
Trd, 000297.267, 181
Trd, 000297.483, 182
Trd, 000297.600, 171
Trd, 000297.983, 181
Trd, 000298.767, 181
Trd, 000298.800, 170
Trd, 000299.717, 172
