Trd, 000001.833, 127
Trd, 000002.500, 142
Trd, 000002.700, 137
Trd, 000002.917, 148
Trd, 000004.267, 132
Trd, 000004.917, 126
Trd, 000005.350, 136
Trd, 000005.367, 137
Trd, 000005.383, 149
Trd, 000006.100, 144
Trd, 000006.117, 127
Trd, 000006.617, 144
Trd, 000006.850, 128
Trd, 000007.367, 149
Trd, 000007.533, 128
Trd, 000007.683, 127
Trd, 000009.517, 142
Trd, 000010.217, 146
Trd, 000010.683, 145
Trd, 000010.767, 141
Trd, 000011.167, 171
Trd, 000013.233, 149
Trd, 000013.433, 143
Trd, 000015.867, 147
Trd, 000016.017, 147
Trd, 000016.267, 145
Trd, 000016.367, 144
Trd, 000016.600, 147
Trd, 000016.617, 147
Trd, 000017.100, 149
Trd, 000017.283, 145
Trd, 000018.567, 146
Trd, 000019.183, 146
Trd, 000019.783, 146
Trd, 000019.933, 147
Trd, 000020.183, 142
Trd, 000020.533, 144
Trd, 000020.550, 146
Trd, 000020.967, 145
Trd, 000021.233, 144
Trd, 000021.300, 145
Trd, 000021.350, 143
Trd, 000022.500, 147
Trd, 000023.717, 144
Trd, 000024.850, 144
Trd, 000025.300, 145
Trd, 000025.317, 145
Trd, 000025.650, 149
Trd, 000026.033, 148
Trd, 000026.967, 149
Trd, 000027.300, 148
Trd, 000027.650, 147
Trd, 000027.900, 175
Trd, 000028.783, 146
Trd, 000028.883, 151
Trd, 000029.233, 157
Trd, 000029.317, 146
Trd, 000029.800, 156
Trd, 000031.300, 148
Trd, 000031.400, 145
Trd, 000031.433, 155
Trd, 000031.583, 155
Trd, 000032.617, 149
Trd, 000032.917, 148
Trd, 000033.167, 152
Trd, 000033.867, 148
Trd, 000034.383, 148
Trd, 000034.883, 147
Trd, 000035.117, 148
Trd, 000036.083, 146
Trd, 000036.300, 146
Trd, 000036.433, 149
Trd, 000037.000, 140
Trd, 000038.050, 129
Trd, 000038.533, 131
Trd, 000039.050, 131
Trd, 000039.333, 130
Trd, 000039.533, 128
Trd, 000039.583, 142
Trd, 000039.833, 150
Trd, 000040.467, 151
Trd, 000041.467, 145
Trd, 000042.667, 145
Trd, 000042.850, 145
Trd, 000043.100, 149
Trd, 000043.133, 169
Trd, 000044.150, 151
Trd, 000044.683, 150
Trd, 000045.850, 149
Trd, 000046.050, 149
Trd, 000046.333, 150
Trd, 000046.817, 169
Trd, 000047.200, 141
Trd, 000047.383, 170
Trd, 000048.300, 152
Trd, 000048.567, 152
Trd, 000048.600, 151
Trd, 000048.833, 151
Trd, 000049.250, 148
Trd, 000050.683, 150
Trd, 000051.000, 149
Trd, 000052.517, 150
Trd, 000052.867, 152
Trd, 000053.300, 152
Trd, 000053.317, 153
Trd, 000054.983, 157
Trd, 000055.050, 156
Trd, 000055.733, 155
Trd, 000055.800, 157
Trd, 000056.800, 159
Trd, 000058.200, 157
Trd, 000058.517, 160
Trd, 000059.217, 158
Trd, 000059.467, 158
Trd, 000059.483, 157
Trd, 000059.883, 157
Trd, 000060.417, 156
Trd, 000060.433, 157
Trd, 000061.050, 150
Trd, 000061.150, 130
Trd, 000062.050, 156
Trd, 000062.083, 154
Trd, 000062.700, 156
Trd, 000062.817, 158
Trd, 000063.233, 157
Trd, 000063.317, 156
Trd, 000063.733, 155
Trd, 000065.667, 153
Trd, 000065.717, 153
Trd, 000065.983, 153
Trd, 000066.217, 154
Trd, 000067.150, 152
Trd, 000067.217, 143
Trd, 000067.683, 145
Trd, 000068.083, 149
Trd, 000068.983, 149
Trd, 000069.267, 150
Trd, 000069.917, 150
Trd, 000070.333, 150
Trd, 000070.383, 149
Trd, 000070.517, 148
Trd, 000071.817, 148
Trd, 000072.550, 151
Trd, 000073.133, 151
Trd, 000073.733, 150
Trd, 000074.150, 149
Trd, 000074.517, 150
Trd, 000074.667, 151
Trd, 000076.083, 152
Trd, 000076.117, 152
Trd, 000077.167, 151
Trd, 000077.183, 146
Trd, 000078.583, 153
Trd, 000079.450, 154
Trd, 000079.617, 155
Trd, 000079.750, 145
Trd, 000080.317, 136
Trd, 000080.400, 145
Trd, 000080.550, 147
Trd, 000080.667, 135
Trd, 000080.933, 132
Trd, 000081.183, 135
Trd, 000081.383, 136
Trd, 000082.533, 139
Trd, 000082.817, 141
Trd, 000083.317, 139
Trd, 000083.600, 142
Trd, 000084.017, 145
Trd, 000084.233, 145
Trd, 000084.317, 138
Trd, 000084.433, 138
Trd, 000084.917, 146
Trd, 000085.283, 153
Trd, 000085.383, 150
Trd, 000087.150, 152
Trd, 000087.417, 157
Trd, 000087.800, 150
Trd, 000088.567, 156
Trd, 000089.400, 156
Trd, 000089.950, 160
Trd, 000090.433, 154
Trd, 000090.633, 159
Trd, 000090.683, 153
Trd, 000090.717, 153
Trd, 000090.900, 146
Trd, 000091.883, 151
Trd, 000093.067, 153
Trd, 000093.317, 152
Trd, 000093.517, 151
Trd, 000094.250, 146
Trd, 000094.667, 146
Trd, 000094.867, 136
Trd, 000095.483, 140
Trd, 000095.550, 145
Trd, 000095.867, 146
Trd, 000096.383, 155
Trd, 000096.983, 143
Trd, 000097.367, 154
Trd, 000098.067, 156
Trd, 000098.750, 147
Trd, 000099.133, 156
Trd, 000099.383, 157
Trd, 000099.533, 149
Trd, 000100.533, 156
Trd, 000100.900, 158
Trd, 000102.983, 157
Trd, 000103.433, 159
Trd, 000103.950, 158
Trd, 000104.367, 158
Trd, 000104.467, 159
Trd, 000104.600, 159
Trd, 000104.733, 159
Trd, 000106.067, 158
Trd, 000106.117, 158
Trd, 000106.200, 154
Trd, 000106.817, 158
Trd, 000106.933, 175
Trd, 000107.300, 151
Trd, 000107.383, 181
Trd, 000107.767, 172
Trd, 000108.750, 159
Trd, 000109.300, 155
Trd, 000109.567, 160
Trd, 000110.583, 177
Trd, 000110.783, 176
Trd, 000111.550, 161
Trd, 000113.383, 166
Trd, 000114.033, 164
Trd, 000114.450, 163
Trd, 000114.700, 164
Trd, 000115.033, 164
Trd, 000115.067, 164
Trd, 000115.200, 155
Trd, 000115.883, 154
Trd, 000117.033, 153
Trd, 000117.250, 151
Trd, 000117.717, 155
Trd, 000119.217, 153
Trd, 000119.250, 155
Trd, 000119.433, 155
Trd, 000119.483, 153
Trd, 000120.067, 155
Trd, 000120.167, 153
Trd, 000120.767, 154
Trd, 000121.350, 155
Trd, 000122.650, 156
Trd, 000122.950, 157
Trd, 000123.250, 154
Trd, 000124.400, 156
Trd, 000124.783, 158
Trd, 000124.917, 157
Trd, 000126.267, 159
Trd, 000127.233, 158
Trd, 000128.083, 159
Trd, 000128.400, 158
Trd, 000128.583, 159
Trd, 000128.700, 158
Trd, 000129.383, 158
Trd, 000129.767, 157
Trd, 000129.800, 159
Trd, 000130.367, 177
Trd, 000130.617, 161
Trd, 000130.850, 166
Trd, 000131.633, 168
Trd, 000132.033, 163
Trd, 000133.633, 163
Trd, 000133.867, 169
Trd, 000134.950, 175
Trd, 000135.050, 174
Trd, 000136.167, 168
Trd, 000136.400, 171
Trd, 000136.717, 169
Trd, 000137.867, 170
Trd, 000137.967, 171
Trd, 000138.783, 169
Trd, 000139.733, 170
Trd, 000139.750, 172
Trd, 000140.367, 171
Trd, 000140.433, 166
Trd, 000140.900, 173
Trd, 000141.050, 167
Trd, 000142.100, 162
Trd, 000142.650, 164
Trd, 000142.917, 165
Trd, 000142.967, 166
Trd, 000143.783, 165
Trd, 000144.300, 165
Trd, 000144.500, 166
Trd, 000144.850, 164
Trd, 000145.467, 168
Trd, 000145.850, 164
Trd, 000146.900, 169
Trd, 000147.767, 168
Trd, 000148.233, 166
Trd, 000148.417, 158
Trd, 000149.233, 162
Trd, 000150.233, 160
Trd, 000150.283, 159
Trd, 000150.367, 163
Trd, 000152.833, 162
Trd, 000153.100, 161
Trd, 000153.317, 160
Trd, 000153.350, 159
Trd, 000153.883, 159
Trd, 000154.383, 161
Trd, 000155.567, 161
Trd, 000155.717, 160
Trd, 000155.933, 157
Trd, 000156.200, 158
Trd, 000156.350, 162
Trd, 000156.433, 157
Trd, 000156.533, 163
Trd, 000156.667, 156
Trd, 000156.750, 165
Trd, 000157.767, 166
Trd, 000157.917, 167
Trd, 000159.567, 167
Trd, 000159.750, 170
Trd, 000159.867, 167
Trd, 000160.383, 166
Trd, 000161.100, 164
Trd, 000161.950, 169
Trd, 000162.283, 163
Trd, 000162.850, 166
Trd, 000164.217, 167
Trd, 000164.350, 165
Trd, 000164.783, 165
Trd, 000165.050, 167
Trd, 000165.233, 169
Trd, 000165.717, 165
Trd, 000166.050, 163
Trd, 000166.400, 167
Trd, 000167.367, 169
Trd, 000167.667, 164
Trd, 000168.117, 160
Trd, 000168.900, 163
Trd, 000168.917, 165
Trd, 000169.617, 162
Trd, 000169.700, 161
Trd, 000170.883, 160
Trd, 000171.133, 161
Trd, 000171.950, 159
Trd, 000172.583, 161
Trd, 000173.083, 163
Trd, 000173.450, 163
Trd, 000174.517, 163
Trd, 000174.667, 163
Trd, 000175.017, 162
Trd, 000175.767, 163
Trd, 000176.217, 164
Trd, 000176.733, 165
Trd, 000176.967, 163
Trd, 000177.983, 163
Trd, 000178.383, 162
Trd, 000178.800, 163
Trd, 000179.283, 162
Trd, 000179.850, 164
Trd, 000180.000, 165
Trd, 000180.683, 164
Trd, 000181.067, 162
Trd, 000182.233, 164
Trd, 000182.300, 165
Trd, 000182.867, 164
Trd, 000183.050, 163
Trd, 000183.950, 164
Trd, 000184.233, 162
Trd, 000185.267, 164
Trd, 000185.617, 164
Trd, 000186.783, 165
Trd, 000187.567, 164
Trd, 000187.700, 166
Trd, 000187.933, 167
Trd, 000187.983, 164
Trd, 000189.367, 162
Trd, 000190.283, 163
Trd, 000190.367, 165
Trd, 000190.533, 157
Trd, 000191.800, 167
Trd, 000192.183, 165
Trd, 000192.683, 165
Trd, 000192.983, 156
Trd, 000193.067, 167
Trd, 000193.250, 167
Trd, 000193.817, 167
Trd, 000194.733, 169
Trd, 000194.867, 165
Trd, 000195.717, 165
Trd, 000195.900, 165
Trd, 000195.917, 164
Trd, 000196.183, 166
Trd, 000197.267, 165
Trd, 000197.433, 164
Trd, 000197.733, 167
Trd, 000198.567, 166
Trd, 000199.583, 166
Trd, 000199.767, 167
Trd, 000200.200, 165
Trd, 000200.717, 166
Trd, 000200.967, 168
Trd, 000201.183, 168
Trd, 000201.967, 165
Trd, 000202.100, 167
Trd, 000202.783, 166
Trd, 000202.983, 164
Trd, 000203.183, 164
Trd, 000203.550, 165
Trd, 000203.650, 166
Trd, 000203.800, 163
Trd, 000204.683, 184
Trd, 000206.050, 165
Trd, 000207.750, 169
Trd, 000208.217, 167
Trd, 000208.367, 166
Trd, 000208.583, 167
Trd, 000209.983, 166
Trd, 000210.400, 167
Trd, 000211.117, 167
Trd, 000211.167, 166
Trd, 000211.933, 167
Trd, 000212.567, 167
Trd, 000212.950, 167
Trd, 000214.217, 166
Trd, 000214.267, 168
Trd, 000214.383, 168
Trd, 000214.600, 166
Trd, 000214.700, 169
Trd, 000214.850, 177
Trd, 000215.867, 172
Trd, 000215.900, 173
Trd, 000216.433, 167
Trd, 000217.233, 171
Trd, 000219.600, 173
Trd, 000219.850, 171
Trd, 000220.267, 172
Trd, 000220.700, 170
Trd, 000221.383, 168
Trd, 000221.717, 168
Trd, 000222.483, 169
Trd, 000222.567, 169
Trd, 000223.817, 166
Trd, 000224.017, 167
Trd, 000224.200, 170
Trd, 000224.317, 166
Trd, 000224.550, 159
Trd, 000225.550, 168
Trd, 000225.883, 163
Trd, 000226.333, 166
Trd, 000226.517, 167
Trd, 000227.817, 166
Trd, 000228.183, 166
Trd, 000228.750, 167
Trd, 000228.800, 168
Trd, 000228.950, 170
Trd, 000229.350, 167
Trd, 000229.683, 169
Trd, 000229.883, 171
Trd, 000230.183, 173
Trd, 000231.417, 168
Trd, 000231.517, 167
Trd, 000232.100, 174
Trd, 000233.783, 175
Trd, 000234.000, 172
Trd, 000234.100, 169
Trd, 000235.183, 170
Trd, 000235.983, 170
Trd, 000236.617, 171
Trd, 000237.100, 171
Trd, 000237.417, 174
Trd, 000238.400, 175
Trd, 000238.950, 172
Trd, 000239.067, 171
Trd, 000239.083, 172
Trd, 000239.167, 171
Trd, 000239.200, 170
Trd, 000239.350, 168
Trd, 000239.800, 171
Trd, 000240.750, 169
Trd, 000241.150, 170
Trd, 000242.033, 172
Trd, 000242.167, 171
Trd, 000242.383, 173
Trd, 000243.300, 174
Trd, 000243.700, 175
Trd, 000243.833, 175
Trd, 000244.233, 173
Trd, 000244.933, 172
Trd, 000245.183, 171
Trd, 000245.200, 168
Trd, 000245.500, 169
Trd, 000246.333, 171
Trd, 000246.483, 162
Trd, 000247.533, 172
Trd, 000248.717, 172
Trd, 000248.900, 170
Trd, 000249.250, 171
Trd, 000249.717, 172
Trd, 000250.433, 173
Trd, 000250.450, 171
Trd, 000250.750, 179
Trd, 000251.233, 173
Trd, 000251.517, 172
Trd, 000251.550, 176
Trd, 000251.567, 170
Trd, 000252.000, 174
Trd, 000252.467, 178
Trd, 000253.400, 166
Trd, 000254.450, 159
Trd, 000254.517, 163
Trd, 000254.967, 152
Trd, 000255.067, 162
Trd, 000255.150, 162
Trd, 000255.217, 152
Trd, 000255.800, 162
Trd, 000256.417, 163
Trd, 000256.617, 169
Trd, 000257.033, 166
Trd, 000257.633, 171
Trd, 000257.817, 174
Trd, 000258.017, 175
Trd, 000258.100, 176
Trd, 000258.233, 173
Trd, 000258.867, 180
Trd, 000259.183, 174
Trd, 000259.417, 173
Trd, 000259.733, 172
Trd, 000259.867, 176
Trd, 000260.183, 176
Trd, 000260.550, 172
Trd, 000260.717, 170
Trd, 000261.167, 167
Trd, 000261.217, 178
Trd, 000262.900, 175
Trd, 000263.000, 174
Trd, 000263.367, 173
Trd, 000263.433, 177
Trd, 000263.833, 172
Trd, 000264.217, 176
Trd, 000264.583, 170
Trd, 000264.617, 169
Trd, 000265.550, 173
Trd, 000265.733, 175
Trd, 000266.450, 174
Trd, 000266.600, 174
Trd, 000267.233, 174
Trd, 000268.133, 176
Trd, 000268.917, 176
Trd, 000269.700, 176
Trd, 000270.150, 175
Trd, 000270.533, 177
Trd, 000270.550, 177
Trd, 000270.717, 176
Trd, 000271.133, 176
Trd, 000271.767, 175
Trd, 000271.883, 177
Trd, 000272.117, 173
Trd, 000272.467, 178
Trd, 000273.583, 176
Trd, 000274.100, 175
Trd, 000274.383, 171
Trd, 000275.633, 172
Trd, 000275.733, 173
Trd, 000275.900, 175
Trd, 000276.317, 175
Trd, 000276.467, 173
Trd, 000276.900, 172
Trd, 000277.083, 176
Trd, 000277.317, 177
Trd, 000277.650, 178
Trd, 000278.167, 179
Trd, 000278.500, 175
Trd, 000279.017, 180
Trd, 000279.983, 183
Trd, 000280.183, 174
Trd, 000280.333, 185
Trd, 000280.533, 166
Trd, 000281.717, 176
Trd, 000281.850, 176
Trd, 000282.017, 175
Trd, 000282.267, 174
Trd, 000282.300, 177
Trd, 000282.500, 173
Trd, 000282.683, 176
Trd, 000284.283, 177
Trd, 000284.300, 174
Trd, 000284.400, 177
Trd, 000285.217, 177
Trd, 000285.300, 173
Trd, 000285.317, 172
Trd, 000285.917, 172
Trd, 000286.317, 173
Trd, 000286.633, 170
Trd, 000287.533, 171
Trd, 000287.567, 173
Trd, 000288.117, 173
Trd, 000288.233, 176
Trd, 000288.317, 177
Trd, 000288.483, 179
Trd, 000288.750, 174
Trd, 000289.133, 180
Trd, 000289.767, 181
Trd, 000290.583, 192
Trd, 000291.283, 184
Trd, 000291.300, 183
Trd, 000292.217, 181
Trd, 000292.433, 179
Trd, 000293.150, 180
Trd, 000293.500, 183
Trd, 000294.000, 184
Trd, 000294.083, 185
Trd, 000294.383, 181
Trd, 000295.150, 181
Trd, 000295.167, 179
Trd, 000296.500, 180
Trd, 000296.583, 178
Trd, 000296.650, 181
Trd, 000296.950, 182
Trd, 000297.033, 183
Trd, 000297.133, 201
Trd, 000297.333, 190
Trd, 000297.367, 177
Trd, 000297.783, 174
Trd, 000298.050, 167
Trd, 000298.800, 179
Trd, 000299.483, 180
Trd, 000299.683, 180
Trd, 000299.833, 174
