Trd, 000002.233, 119
Trd, 000002.283, 120
Trd, 000002.650, 142
Trd, 000004.683, 151
Trd, 000004.850, 148
Trd, 000004.917, 147
Trd, 000005.383, 148
Trd, 000005.633, 147
Trd, 000006.933, 153
Trd, 000007.833, 148
Trd, 000008.767, 150
Trd, 000009.250, 150
Trd, 000009.917, 150
Trd, 000010.350, 151
Trd, 000010.733, 150
Trd, 000011.033, 149
Trd, 000011.267, 147
Trd, 000011.600, 152
Trd, 000012.633, 146
Trd, 000012.800, 151
Trd, 000013.483, 151
Trd, 000013.833, 152
Trd, 000014.500, 145
Trd, 000015.733, 149
Trd, 000016.083, 150
Trd, 000016.317, 150
Trd, 000016.417, 149
Trd, 000016.483, 148
Trd, 000016.583, 153
Trd, 000016.650, 146
Trd, 000017.217, 152
Trd, 000018.250, 146
Trd, 000021.133, 149
Trd, 000021.283, 148
Trd, 000021.817, 150
Trd, 000023.250, 152
Trd, 000023.333, 149
Trd, 000023.417, 153
Trd, 000023.667, 152
Trd, 000024.167, 152
Trd, 000024.550, 152
Trd, 000025.900, 156
Trd, 000026.033, 157
Trd, 000027.167, 156
Trd, 000027.267, 157
Trd, 000028.450, 156
Trd, 000029.167, 154
Trd, 000029.433, 156
Trd, 000031.150, 155
Trd, 000031.317, 154
Trd, 000031.533, 154
Trd, 000031.817, 153
Trd, 000032.400, 156
Trd, 000032.717, 156
Trd, 000033.267, 155
Trd, 000033.500, 154
Trd, 000035.167, 155
Trd, 000036.067, 156
Trd, 000036.250, 156
Trd, 000036.400, 157
Trd, 000037.200, 154
Trd, 000037.500, 168
Trd, 000038.550, 157
Trd, 000039.200, 155
Trd, 000039.483, 155
Trd, 000039.817, 156
Trd, 000040.567, 156
Trd, 000041.017, 155
Trd, 000041.500, 155
Trd, 000041.767, 156
Trd, 000041.900, 155
Trd, 000042.567, 156
Trd, 000042.967, 154
Trd, 000043.633, 155
Trd, 000043.850, 155
Trd, 000043.883, 153
Trd, 000045.017, 155
Trd, 000046.183, 152
Trd, 000046.717, 153
Trd, 000047.117, 154
Trd, 000047.350, 153
Trd, 000047.767, 153
Trd, 000049.250, 154
Trd, 000049.833, 154
Trd, 000049.983, 154
Trd, 000051.000, 156
Trd, 000051.467, 156
Trd, 000051.817, 157
Trd, 000053.267, 157
Trd, 000053.517, 157
Trd, 000054.500, 158
Trd, 000055.033, 159
Trd, 000056.383, 158
Trd, 000056.567, 160
Trd, 000056.917, 158
Trd, 000057.217, 161
Trd, 000057.917, 162
Trd, 000058.300, 163
Trd, 000059.817, 160
Trd, 000060.017, 158
Trd, 000060.900, 158
Trd, 000061.183, 158
Trd, 000061.367, 159
Trd, 000061.850, 158
Trd, 000061.867, 159
Trd, 000062.817, 159
Trd, 000063.183, 158
Trd, 000063.317, 159
Trd, 000064.917, 158
Trd, 000065.333, 159
Trd, 000066.700, 157
Trd, 000066.983, 158
Trd, 000067.367, 159
Trd, 000067.883, 172
Trd, 000069.300, 157
Trd, 000070.583, 161
Trd, 000070.717, 162
Trd, 000072.517, 159
Trd, 000072.683, 158
Trd, 000073.300, 159
Trd, 000073.633, 160
Trd, 000073.733, 158
Trd, 000074.200, 155
Trd, 000074.417, 158
Trd, 000074.850, 159
Trd, 000075.167, 158
Trd, 000076.050, 157
Trd, 000076.667, 156
Trd, 000076.933, 158
Trd, 000077.233, 158
Trd, 000077.650, 159
Trd, 000078.833, 161
Trd, 000078.983, 160
Trd, 000079.467, 162
Trd, 000080.033, 161
Trd, 000080.817, 161
Trd, 000081.850, 161
Trd, 000082.267, 159
Trd, 000082.517, 160
Trd, 000082.633, 163
Trd, 000082.700, 163
Trd, 000083.467, 159
Trd, 000084.333, 161
Trd, 000084.633, 162
Trd, 000085.667, 158
Trd, 000086.200, 158
Trd, 000086.283, 158
Trd, 000087.417, 159
Trd, 000087.450, 158
Trd, 000087.683, 158
Trd, 000088.767, 159
Trd, 000089.333, 158
Trd, 000089.500, 160
Trd, 000090.417, 159
Trd, 000090.600, 160
Trd, 000091.033, 160
Trd, 000091.100, 158
Trd, 000091.350, 160
Trd, 000093.067, 162
Trd, 000094.167, 161
Trd, 000094.300, 162
Trd, 000094.667, 163
Trd, 000094.900, 162
Trd, 000095.750, 161
Trd, 000095.783, 163
Trd, 000097.117, 165
Trd, 000098.133, 162
Trd, 000098.267, 164
Trd, 000098.567, 165
Trd, 000099.167, 161
Trd, 000099.183, 164
Trd, 000100.717, 161
Trd, 000101.700, 165
Trd, 000102.367, 163
Trd, 000102.483, 164
Trd, 000102.800, 162
Trd, 000103.517, 163
Trd, 000104.050, 163
Trd, 000104.133, 161
Trd, 000104.700, 162
Trd, 000104.983, 162
Trd, 000105.683, 164
Trd, 000106.317, 164
Trd, 000107.683, 165
Trd, 000108.683, 165
Trd, 000109.217, 165
Trd, 000109.933, 165
Trd, 000110.500, 164
Trd, 000110.550, 162
Trd, 000111.033, 162
Trd, 000111.750, 165
Trd, 000112.433, 165
Trd, 000112.700, 154
Trd, 000114.033, 163
Trd, 000114.050, 162
Trd, 000114.567, 164
Trd, 000114.667, 166
Trd, 000115.317, 162
Trd, 000115.783, 165
Trd, 000115.900, 163
Trd, 000116.600, 164
Trd, 000117.367, 167
Trd, 000118.583, 163
Trd, 000118.750, 162
Trd, 000118.933, 166
Trd, 000119.517, 163
Trd, 000120.183, 165
Trd, 000120.300, 166
Trd, 000120.967, 165
Trd, 000121.150, 166
Trd, 000121.367, 164
Trd, 000123.317, 166
Trd, 000123.550, 163
Trd, 000123.983, 162
Trd, 000124.083, 162
Trd, 000124.600, 162
Trd, 000125.233, 164
Trd, 000125.983, 163
Trd, 000126.133, 164
Trd, 000126.167, 164
Trd, 000126.967, 162
Trd, 000127.267, 162
Trd, 000127.367, 165
Trd, 000128.950, 162
Trd, 000129.083, 162
Trd, 000129.900, 160
Trd, 000130.133, 161
Trd, 000130.317, 160
Trd, 000130.500, 161
Trd, 000132.950, 162
Trd, 000133.900, 162
Trd, 000134.433, 163
Trd, 000134.550, 164
Trd, 000135.567, 167
Trd, 000135.717, 164
Trd, 000135.867, 168
Trd, 000135.900, 161
Trd, 000138.633, 167
Trd, 000139.450, 165
Trd, 000139.900, 166
Trd, 000139.983, 165
Trd, 000140.350, 167
Trd, 000140.433, 166
Trd, 000140.667, 165
Trd, 000140.800, 167
Trd, 000140.950, 164
Trd, 000141.117, 161
Trd, 000141.700, 166
Trd, 000142.283, 160
Trd, 000142.783, 159
Trd, 000143.617, 164
Trd, 000144.300, 156
Trd, 000145.983, 163
Trd, 000146.100, 163
Trd, 000146.267, 163
Trd, 000146.517, 163
Trd, 000146.717, 165
Trd, 000148.150, 167
Trd, 000149.000, 169
Trd, 000149.700, 165
Trd, 000150.067, 166
Trd, 000150.300, 164
Trd, 000150.733, 165
Trd, 000151.100, 165
Trd, 000152.083, 165
Trd, 000152.617, 165
Trd, 000153.233, 166
Trd, 000153.483, 167
Trd, 000153.733, 164
Trd, 000154.450, 165
Trd, 000154.650, 166
Trd, 000155.817, 167
Trd, 000156.550, 168
Trd, 000156.767, 163
Trd, 000156.917, 167
Trd, 000158.183, 167
Trd, 000158.300, 163
Trd, 000158.800, 168
Trd, 000160.267, 168
Trd, 000160.517, 164
Trd, 000161.633, 166
Trd, 000161.833, 168
Trd, 000162.400, 165
Trd, 000162.533, 171
Trd, 000162.567, 170
Trd, 000163.367, 169
Trd, 000165.033, 167
Trd, 000165.850, 169
Trd, 000166.233, 170
Trd, 000166.950, 170
Trd, 000168.417, 170
Trd, 000168.700, 169
Trd, 000169.433, 170
Trd, 000170.233, 170
Trd, 000170.617, 168
Trd, 000170.767, 167
Trd, 000171.133, 167
Trd, 000172.400, 168
Trd, 000172.567, 169
Trd, 000173.650, 169
Trd, 000174.083, 168
Trd, 000174.467, 170
Trd, 000174.517, 169
Trd, 000175.783, 169
Trd, 000176.133, 169
Trd, 000176.233, 169
Trd, 000176.367, 189
Trd, 000177.300, 197
Trd, 000178.033, 173
Trd, 000178.317, 174
Trd, 000178.750, 178
Trd, 000179.917, 177
Trd, 000180.533, 176
Trd, 000180.667, 176
Trd, 000181.083, 173
Trd, 000182.133, 172
Trd, 000182.150, 173
Trd, 000182.383, 173
Trd, 000182.700, 173
Trd, 000183.733, 173
Trd, 000184.333, 174
Trd, 000185.100, 175
Trd, 000185.250, 174
Trd, 000185.467, 173
Trd, 000185.867, 172
Trd, 000186.083, 169
Trd, 000186.850, 176
Trd, 000187.100, 176
Trd, 000187.683, 176
Trd, 000188.783, 160
Trd, 000189.033, 170
Trd, 000189.917, 169
Trd, 000190.300, 168
Trd, 000190.333, 171
Trd, 000191.250, 171
Trd, 000191.550, 170
Trd, 000191.567, 173
Trd, 000192.550, 169
Trd, 000193.567, 171
Trd, 000194.300, 171
Trd, 000195.000, 171
Trd, 000195.650, 170
Trd, 000195.917, 170
Trd, 000196.267, 168
Trd, 000196.800, 170
Trd, 000197.333, 170
Trd, 000197.417, 168
Trd, 000198.817, 168
Trd, 000199.133, 169
Trd, 000199.317, 167
Trd, 000200.600, 167
Trd, 000201.050, 167
Trd, 000201.333, 168
Trd, 000201.617, 171
Trd, 000202.417, 171
Trd, 000203.450, 185
Trd, 000204.133, 171
Trd, 000204.300, 175
Trd, 000205.533, 172
Trd, 000205.550, 175
Trd, 000206.267, 175
Trd, 000206.417, 174
Trd, 000206.800, 171
Trd, 000207.533, 172
Trd, 000207.900, 173
Trd, 000208.200, 173
Trd, 000209.283, 175
Trd, 000210.717, 174
Trd, 000211.150, 174
Trd, 000211.617, 176
Trd, 000211.633, 175
Trd, 000212.517, 176
Trd, 000212.800, 177
Trd, 000213.900, 180
Trd, 000214.450, 179
Trd, 000215.383, 180
Trd, 000215.700, 180
Trd, 000215.950, 180
Trd, 000216.600, 180
Trd, 000216.983, 176
Trd, 000217.117, 180
Trd, 000217.733, 176
Trd, 000217.783, 174
Trd, 000219.017, 176
Trd, 000219.417, 174
Trd, 000219.633, 175
Trd, 000220.633, 174
Trd, 000221.417, 174
Trd, 000222.733, 175
Trd, 000222.750, 173
Trd, 000223.333, 175
Trd, 000223.783, 175
Trd, 000224.050, 173
Trd, 000224.267, 172
Trd, 000225.467, 168
Trd, 000226.900, 168
Trd, 000227.467, 167
Trd, 000227.850, 170
Trd, 000228.717, 167
Trd, 000229.017, 170
Trd, 000229.450, 168
Trd, 000229.783, 169
Trd, 000230.983, 171
Trd, 000231.383, 170
Trd, 000231.533, 171
Trd, 000232.117, 174
Trd, 000232.383, 178
Trd, 000232.583, 179
Trd, 000232.883, 174
Trd, 000233.633, 178
Trd, 000234.500, 177
Trd, 000234.617, 176
Trd, 000234.733, 179
Trd, 000234.850, 178
Trd, 000235.283, 178
Trd, 000236.617, 190
Trd, 000238.450, 178
Trd, 000238.733, 176
Trd, 000239.067, 179
Trd, 000239.167, 178
Trd, 000240.017, 186
Trd, 000240.950, 179
Trd, 000241.150, 178
Trd, 000241.450, 178
Trd, 000241.850, 176
Trd, 000241.933, 175
Trd, 000242.333, 177
Trd, 000242.450, 179
Trd, 000242.483, 175
Trd, 000242.667, 176
Trd, 000243.250, 177
Trd, 000243.433, 174
Trd, 000245.300, 176
Trd, 000245.950, 177
Trd, 000246.117, 176
Trd, 000246.417, 176
Trd, 000246.450, 178
Trd, 000247.133, 197
Trd, 000248.650, 190
Trd, 000249.233, 184
Trd, 000249.867, 186
Trd, 000249.950, 187
Trd, 000250.383, 183
Trd, 000250.733, 184
Trd, 000251.050, 187
Trd, 000252.117, 183
Trd, 000252.317, 182
Trd, 000253.317, 174
Trd, 000253.733, 176
Trd, 000253.917, 175
Trd, 000254.050, 177
Trd, 000254.933, 174
Trd, 000255.067, 176
Trd, 000255.617, 174
Trd, 000255.900, 175
Trd, 000256.400, 171
Trd, 000257.783, 174
Trd, 000257.883, 174
Trd, 000258.400, 174
Trd, 000258.667, 172
Trd, 000258.933, 173
Trd, 000259.467, 173
Trd, 000259.483, 171
Trd, 000259.917, 167
Trd, 000260.083, 174
Trd, 000260.333, 177
Trd, 000260.717, 166
Trd, 000261.567, 177
Trd, 000261.817, 167
Trd, 000262.717, 165
Trd, 000263.133, 164
Trd, 000263.450, 166
Trd, 000264.017, 168
Trd, 000264.067, 169
Trd, 000265.067, 167
Trd, 000265.300, 170
Trd, 000265.533, 167
Trd, 000266.400, 169
Trd, 000266.583, 171
Trd, 000267.683, 169
Trd, 000267.950, 166
Trd, 000268.950, 170
Trd, 000269.617, 171
Trd, 000269.967, 166
Trd, 000270.033, 172
Trd, 000270.483, 173
Trd, 000270.900, 173
Trd, 000271.633, 174
Trd, 000272.250, 175
Trd, 000272.767, 176
Trd, 000273.683, 178
Trd, 000273.783, 177
Trd, 000274.067, 174
Trd, 000274.883, 178
Trd, 000275.217, 179
Trd, 000275.467, 177
Trd, 000275.700, 178
Trd, 000275.850, 181
Trd, 000276.233, 183
Trd, 000277.133, 180
Trd, 000277.850, 178
Trd, 000278.150, 181
Trd, 000278.550, 178
Trd, 000278.633, 182
Trd, 000279.417, 180
Trd, 000279.750, 183
Trd, 000279.833, 180
Trd, 000280.900, 181
Trd, 000281.750, 183
Trd, 000282.233, 183
Trd, 000282.417, 183
Trd, 000282.550, 182
Trd, 000282.650, 181
Trd, 000282.917, 179
Trd, 000283.450, 184
Trd, 000284.067, 182
Trd, 000285.150, 180
Trd, 000285.450, 180
Trd, 000286.417, 181
Trd, 000287.417, 180
Trd, 000287.733, 180
Trd, 000288.533, 180
Trd, 000288.767, 181
Trd, 000289.033, 185
Trd, 000290.300, 179
Trd, 000290.333, 179
Trd, 000290.617, 179
Trd, 000291.483, 180
Trd, 000291.533, 179
Trd, 000291.817, 182
Trd, 000292.117, 181
Trd, 000292.367, 184
Trd, 000292.383, 180
Trd, 000292.867, 178
Trd, 000293.033, 179
Trd, 000293.483, 181
Trd, 000293.717, 179
Trd, 000294.667, 183
Trd, 000295.550, 183
Trd, 000295.617, 184
Trd, 000295.800, 193
Trd, 000296.933, 183
Trd, 000297.583, 183
Trd, 000298.033, 181
Trd, 000298.533, 181
Trd, 000299.167, 183
Trd, 000299.250, 180
Trd, 000299.800, 185
Trd, 000299.883, 180
