Trd, 000001.467, 123
Trd, 000001.633, 149
Trd, 000002.500, 182
Trd, 000003.317, 156
Trd, 000003.950, 155
Trd, 000004.383, 154
Trd, 000005.400, 150
Trd, 000006.033, 151
Trd, 000006.250, 148
Trd, 000007.600, 146
Trd, 000007.950, 145
Trd, 000008.117, 142
Trd, 000008.983, 139
Trd, 000009.267, 146
Trd, 000009.317, 148
Trd, 000009.600, 149
Trd, 000009.783, 150
Trd, 000009.917, 161
Trd, 000010.833, 151
Trd, 000011.950, 153
Trd, 000012.183, 154
Trd, 000013.133, 153
Trd, 000013.567, 151
Trd, 000013.583, 152
Trd, 000013.700, 152
Trd, 000014.950, 149
Trd, 000015.183, 152
Trd, 000015.300, 138
Trd, 000015.600, 150
Trd, 000015.783, 143
Trd, 000016.917, 144
Trd, 000017.950, 162
Trd, 000018.117, 164
Trd, 000018.933, 165
Trd, 000019.133, 157
Trd, 000020.617, 157
Trd, 000021.083, 155
Trd, 000022.300, 157
Trd, 000022.717, 157
Trd, 000023.250, 155
Trd, 000023.350, 152
Trd, 000023.467, 157
Trd, 000024.817, 155
Trd, 000025.117, 156
Trd, 000025.317, 157
Trd, 000025.367, 155
Trd, 000025.733, 161
Trd, 000026.250, 150
Trd, 000026.867, 162
Trd, 000028.683, 154
Trd, 000029.767, 154
Trd, 000030.033, 157
Trd, 000030.183, 160
Trd, 000032.167, 153
Trd, 000032.300, 152
Trd, 000032.433, 153
Trd, 000032.467, 154
Trd, 000034.233, 150
Trd, 000034.333, 151
Trd, 000034.517, 149
Trd, 000035.467, 150
Trd, 000035.617, 148
Trd, 000035.917, 148
Trd, 000036.250, 147
Trd, 000036.933, 146
Trd, 000036.983, 148
Trd, 000037.267, 148
Trd, 000037.567, 146
Trd, 000038.150, 151
Trd, 000038.233, 146
Trd, 000039.883, 146
Trd, 000039.950, 151
Trd, 000040.733, 150
Trd, 000041.883, 166
Trd, 000043.067, 153
Trd, 000043.483, 145
Trd, 000043.933, 152
Trd, 000044.517, 145
Trd, 000044.650, 148
Trd, 000045.167, 147
Trd, 000045.800, 141
Trd, 000045.850, 147
Trd, 000046.300, 148
Trd, 000046.633, 149
Trd, 000047.150, 148
Trd, 000047.517, 149
Trd, 000048.000, 148
Trd, 000048.400, 147
Trd, 000048.633, 162
Trd, 000048.850, 160
Trd, 000049.783, 160
Trd, 000050.717, 151
Trd, 000051.017, 146
Trd, 000051.883, 152
Trd, 000052.317, 152
Trd, 000052.567, 153
Trd, 000053.000, 154
Trd, 000053.517, 149
Trd, 000053.750, 156
Trd, 000054.750, 149
Trd, 000055.100, 166
Trd, 000055.317, 149
Trd, 000055.583, 160
Trd, 000055.950, 162
Trd, 000056.150, 161
Trd, 000056.633, 161
Trd, 000056.933, 155
Trd, 000057.067, 161
Trd, 000058.333, 155
Trd, 000059.000, 157
Trd, 000059.717, 156
Trd, 000059.850, 154
Trd, 000060.217, 149
Trd, 000060.250, 155
Trd, 000060.283, 161
Trd, 000061.083, 161
Trd, 000061.867, 158
Trd, 000062.083, 154
Trd, 000062.617, 157
Trd, 000063.833, 157
Trd, 000064.033, 159
Trd, 000064.150, 157
Trd, 000064.300, 155
Trd, 000064.883, 157
Trd, 000065.517, 157
Trd, 000066.283, 155
Trd, 000066.933, 163
Trd, 000067.583, 155
Trd, 000068.683, 166
Trd, 000069.433, 156
Trd, 000070.133, 162
Trd, 000070.333, 155
Trd, 000070.467, 163
Trd, 000070.750, 156
Trd, 000071.517, 154
Trd, 000072.083, 156
Trd, 000073.650, 152
Trd, 000073.967, 155
Trd, 000074.033, 154
Trd, 000074.083, 155
Trd, 000074.367, 153
Trd, 000074.500, 148
Trd, 000075.150, 168
Trd, 000075.250, 155
Trd, 000075.817, 156
Trd, 000076.650, 156
Trd, 000076.850, 154
Trd, 000077.067, 151
Trd, 000077.350, 155
Trd, 000077.400, 156
Trd, 000077.983, 163
Trd, 000078.133, 160
Trd, 000078.150, 170
Trd, 000080.067, 158
Trd, 000080.650, 166
Trd, 000080.733, 166
Trd, 000081.033, 162
Trd, 000081.983, 165
Trd, 000083.083, 164
Trd, 000083.483, 163
Trd, 000083.767, 158
Trd, 000085.183, 156
Trd, 000085.567, 153
Trd, 000086.200, 152
Trd, 000087.800, 155
Trd, 000088.133, 154
Trd, 000088.450, 153
Trd, 000088.933, 146
Trd, 000089.283, 147
Trd, 000089.350, 149
Trd, 000089.567, 145
Trd, 000089.933, 148
Trd, 000091.617, 151
Trd, 000092.550, 155
Trd, 000092.883, 157
Trd, 000093.183, 171
Trd, 000093.633, 174
Trd, 000094.550, 170
Trd, 000094.583, 165
Trd, 000095.217, 164
Trd, 000095.967, 158
Trd, 000096.250, 153
Trd, 000096.517, 168
Trd, 000096.550, 162
Trd, 000096.933, 163
Trd, 000097.150, 164
Trd, 000099.550, 153
Trd, 000099.683, 155
Trd, 000100.083, 157
Trd, 000100.100, 157
Trd, 000100.450, 159
Trd, 000100.767, 158
Trd, 000101.450, 170
Trd, 000102.350, 157
Trd, 000103.350, 158
Trd, 000104.033, 158
Trd, 000104.317, 156
Trd, 000104.817, 157
Trd, 000104.933, 157
Trd, 000104.950, 158
Trd, 000105.083, 159
Trd, 000106.267, 159
Trd, 000106.283, 160
Trd, 000106.367, 160
Trd, 000106.950, 157
Trd, 000108.433, 159
Trd, 000108.600, 160
Trd, 000108.833, 156
Trd, 000109.850, 155
Trd, 000110.083, 161
Trd, 000110.683, 161
Trd, 000110.983, 156
Trd, 000111.183, 155
Trd, 000111.933, 159
Trd, 000112.267, 162
Trd, 000113.450, 160
Trd, 000113.517, 159
Trd, 000113.767, 159
Trd, 000113.883, 158
Trd, 000114.417, 160
Trd, 000115.300, 156
Trd, 000115.383, 158
Trd, 000116.067, 155
Trd, 000116.233, 156
Trd, 000116.483, 150
Trd, 000117.767, 165
Trd, 000117.900, 170
Trd, 000118.417, 190
Trd, 000118.450, 167
Trd, 000118.517, 154
Trd, 000119.867, 189
Trd, 000121.583, 169
Trd, 000121.750, 168
Trd, 000121.983, 161
Trd, 000122.900, 161
Trd, 000123.350, 160
Trd, 000123.750, 159
Trd, 000124.233, 156
Trd, 000124.333, 160
Trd, 000125.033, 159
Trd, 000125.150, 161
Trd, 000126.067, 160
Trd, 000126.433, 160
Trd, 000126.650, 158
Trd, 000126.883, 161
Trd, 000127.867, 156
Trd, 000128.167, 154
Trd, 000128.233, 156
Trd, 000128.467, 157
Trd, 000128.733, 154
Trd, 000129.033, 148
Trd, 000129.400, 154
Trd, 000129.650, 154
Trd, 000130.383, 156
Trd, 000131.100, 161
Trd, 000131.200, 157
Trd, 000132.933, 168
Trd, 000133.233, 167
Trd, 000133.283, 166
Trd, 000133.783, 167
Trd, 000134.350, 165
Trd, 000135.283, 165
Trd, 000136.100, 165
Trd, 000136.850, 163
Trd, 000137.067, 161
Trd, 000137.150, 161
Trd, 000137.217, 166
Trd, 000137.467, 178
Trd, 000137.550, 160
Trd, 000137.567, 154
Trd, 000138.683, 151
Trd, 000140.617, 169
Trd, 000140.850, 168
Trd, 000141.133, 169
Trd, 000142.067, 167
Trd, 000142.250, 168
Trd, 000143.117, 167
Trd, 000143.167, 166
Trd, 000143.383, 168
Trd, 000144.233, 166
Trd, 000144.617, 167
Trd, 000144.800, 164
Trd, 000145.250, 162
Trd, 000146.483, 165
Trd, 000146.867, 164
Trd, 000147.317, 163
Trd, 000147.400, 164
Trd, 000147.450, 162
Trd, 000148.067, 161
Trd, 000148.633, 165
Trd, 000150.417, 177
Trd, 000151.067, 165
Trd, 000151.650, 168
Trd, 000151.833, 170
Trd, 000151.933, 164
Trd, 000152.333, 170
Trd, 000152.633, 170
Trd, 000152.683, 164
Trd, 000153.150, 163
Trd, 000153.233, 169
Trd, 000153.367, 171
Trd, 000154.417, 162
Trd, 000155.133, 171
Trd, 000155.917, 167
Trd, 000156.400, 169
Trd, 000157.067, 170
Trd, 000157.300, 165
Trd, 000157.800, 172
Trd, 000158.217, 174
Trd, 000159.417, 175
Trd, 000159.700, 177
Trd, 000160.617, 175
Trd, 000160.783, 174
Trd, 000161.617, 177
Trd, 000164.250, 171
Trd, 000164.367, 171
Trd, 000164.400, 170
Trd, 000164.500, 166
Trd, 000164.633, 171
Trd, 000164.733, 164
Trd, 000165.350, 174
Trd, 000165.817, 174
Trd, 000166.267, 163
Trd, 000167.783, 166
Trd, 000168.417, 166
Trd, 000168.917, 173
Trd, 000169.883, 171
Trd, 000170.367, 165
Trd, 000170.750, 166
Trd, 000171.150, 167
Trd, 000171.167, 167
Trd, 000171.267, 182
Trd, 000171.517, 166
Trd, 000172.467, 172
Trd, 000173.000, 171
Trd, 000174.217, 167
Trd, 000174.283, 165
Trd, 000174.767, 167
Trd, 000174.817, 165
Trd, 000175.767, 167
Trd, 000176.133, 165
Trd, 000176.283, 170
Trd, 000178.133, 165
Trd, 000178.467, 166
Trd, 000178.500, 167
Trd, 000178.717, 170
Trd, 000178.850, 166
Trd, 000179.200, 171
Trd, 000179.817, 165
Trd, 000181.733, 163
Trd, 000181.783, 162
Trd, 000182.217, 169
Trd, 000182.433, 169
Trd, 000183.900, 169
Trd, 000184.533, 168
Trd, 000184.650, 168
Trd, 000185.700, 168
Trd, 000186.217, 166
Trd, 000186.283, 165
Trd, 000186.383, 166
Trd, 000186.583, 167
Trd, 000187.433, 167
Trd, 000187.933, 181
Trd, 000188.150, 166
Trd, 000189.117, 188
Trd, 000189.333, 165
Trd, 000189.983, 176
Trd, 000191.717, 169
Trd, 000193.233, 167
Trd, 000194.000, 165
Trd, 000194.067, 167
Trd, 000194.900, 167
Trd, 000195.150, 166
Trd, 000195.300, 163
Trd, 000195.450, 167
Trd, 000196.667, 168
Trd, 000197.067, 167
Trd, 000197.183, 181
Trd, 000197.300, 164
Trd, 000198.100, 182
Trd, 000198.667, 163
Trd, 000199.233, 168
Trd, 000199.650, 164
Trd, 000201.100, 167
Trd, 000201.300, 164
Trd, 000202.067, 166
Trd, 000202.150, 166
Trd, 000202.217, 166
Trd, 000203.083, 163
Trd, 000204.117, 165
Trd, 000204.217, 162
Trd, 000204.500, 156
Trd, 000204.767, 154
Trd, 000205.133, 166
Trd, 000205.567, 168
Trd, 000205.900, 163
Trd, 000205.983, 161
Trd, 000206.133, 161
Trd, 000206.467, 165
Trd, 000206.767, 166
Trd, 000207.467, 165
Trd, 000207.500, 166
Trd, 000208.083, 164
Trd, 000208.217, 162
Trd, 000208.417, 165
Trd, 000208.750, 155
Trd, 000208.833, 167
Trd, 000209.900, 170
Trd, 000210.950, 170
Trd, 000212.217, 169
Trd, 000212.783, 171
Trd, 000212.850, 183
Trd, 000212.933, 168
Trd, 000213.367, 186
Trd, 000213.917, 168
Trd, 000214.550, 176
Trd, 000214.583, 165
Trd, 000215.200, 157
Trd, 000216.600, 177
Trd, 000218.083, 173
Trd, 000218.250, 172
Trd, 000218.983, 172
Trd, 000219.600, 174
Trd, 000219.883, 176
Trd, 000220.167, 172
Trd, 000220.417, 171
Trd, 000220.717, 170
Trd, 000220.850, 174
Trd, 000221.500, 168
Trd, 000221.717, 173
Trd, 000222.633, 171
Trd, 000223.083, 173
Trd, 000224.050, 166
Trd, 000224.650, 165
Trd, 000226.167, 174
Trd, 000226.367, 174
Trd, 000226.517, 173
Trd, 000226.917, 171
Trd, 000227.067, 173
Trd, 000227.450, 173
Trd, 000227.533, 170
Trd, 000228.233, 172
Trd, 000228.417, 174
Trd, 000228.667, 196
Trd, 000228.817, 202
Trd, 000230.483, 178
Trd, 000231.250, 172
Trd, 000231.350, 170
Trd, 000232.000, 178
Trd, 000232.400, 176
Trd, 000232.767, 171
Trd, 000233.150, 175
Trd, 000233.683, 169
Trd, 000233.933, 170
Trd, 000234.717, 168
Trd, 000235.733, 167
Trd, 000236.117, 168
Trd, 000236.250, 169
Trd, 000237.133, 167
Trd, 000237.400, 167
Trd, 000238.100, 168
Trd, 000238.367, 172
Trd, 000238.683, 165
Trd, 000239.633, 171
Trd, 000240.417, 182
Trd, 000240.800, 181
Trd, 000241.117, 182
Trd, 000241.267, 184
Trd, 000241.850, 183
Trd, 000242.317, 181
Trd, 000242.567, 184
Trd, 000242.583, 182
Trd, 000243.600, 185
Trd, 000243.750, 184
Trd, 000243.767, 185
Trd, 000244.300, 185
Trd, 000244.867, 183
Trd, 000244.917, 179
Trd, 000244.967, 174
Trd, 000245.000, 181
Trd, 000245.633, 176
Trd, 000245.900, 173
Trd, 000246.050, 172
Trd, 000247.033, 176
Trd, 000247.800, 175
Trd, 000248.083, 168
Trd, 000248.800, 172
Trd, 000248.833, 170
Trd, 000248.983, 169
Trd, 000249.133, 174
Trd, 000249.633, 180
Trd, 000249.983, 185
Trd, 000250.467, 172
Trd, 000250.483, 186
Trd, 000251.367, 176
Trd, 000251.517, 177
Trd, 000251.667, 177
Trd, 000252.167, 174
Trd, 000252.383, 175
Trd, 000254.067, 177
Trd, 000254.083, 180
Trd, 000254.467, 175
Trd, 000254.717, 175
Trd, 000255.400, 177
Trd, 000255.433, 177
Trd, 000255.750, 175
Trd, 000255.917, 175
Trd, 000256.200, 175
Trd, 000256.267, 176
Trd, 000256.350, 179
Trd, 000256.567, 180
Trd, 000257.667, 180
Trd, 000257.933, 186
Trd, 000258.367, 181
Trd, 000258.633, 176
Trd, 000258.883, 174
Trd, 000259.450, 177
Trd, 000259.633, 178
Trd, 000260.117, 173
Trd, 000260.350, 177
Trd, 000260.917, 176
Trd, 000260.967, 173
Trd, 000261.283, 177
Trd, 000261.533, 177
Trd, 000261.767, 176
Trd, 000262.117, 172
Trd, 000262.450, 179
Trd, 000263.333, 181
Trd, 000263.483, 182
Trd, 000263.667, 179
Trd, 000263.833, 174
Trd, 000263.983, 173
Trd, 000264.600, 187
Trd, 000265.833, 174
Trd, 000265.933, 170
Trd, 000266.467, 176
Trd, 000266.583, 175
Trd, 000267.067, 176
Trd, 000267.100, 177
Trd, 000267.117, 179
Trd, 000267.183, 180
Trd, 000267.217, 189
Trd, 000267.750, 175
Trd, 000269.750, 181
Trd, 000269.850, 179
Trd, 000269.917, 178
Trd, 000270.267, 182
Trd, 000271.000, 180
Trd, 000271.250, 179
Trd, 000271.617, 174
Trd, 000271.850, 173
Trd, 000272.017, 172
Trd, 000272.567, 178
Trd, 000272.650, 177
Trd, 000272.900, 177
Trd, 000273.333, 174
Trd, 000273.533, 171
Trd, 000273.633, 169
Trd, 000273.650, 168
Trd, 000273.683, 170
Trd, 000275.467, 168
Trd, 000275.517, 169
Trd, 000275.933, 172
Trd, 000276.483, 172
Trd, 000276.700, 174
Trd, 000276.867, 176
Trd, 000277.600, 170
Trd, 000277.667, 174
Trd, 000278.167, 175
Trd, 000278.300, 171
Trd, 000278.633, 170
Trd, 000278.933, 176
Trd, 000280.117, 178
Trd, 000280.700, 177
Trd, 000281.000, 176
Trd, 000281.217, 176
Trd, 000281.433, 174
Trd, 000281.467, 177
Trd, 000281.850, 178
Trd, 000281.950, 179
Trd, 000282.167, 176
Trd, 000282.517, 193
Trd, 000282.667, 169
Trd, 000282.867, 168
Trd, 000284.550, 180
Trd, 000284.617, 179
Trd, 000285.367, 180
Trd, 000285.467, 181
Trd, 000285.867, 182
Trd, 000286.067, 183
Trd, 000286.283, 190
Trd, 000286.550, 181
Trd, 000287.050, 180
Trd, 000287.117, 179
Trd, 000287.783, 177
Trd, 000288.283, 181
Trd, 000288.433, 180
Trd, 000289.067, 181
Trd, 000289.183, 182
Trd, 000289.717, 184
Trd, 000290.333, 193
Trd, 000290.983, 178
Trd, 000291.333, 173
Trd, 000291.867, 186
Trd, 000291.983, 186
Trd, 000292.250, 185
Trd, 000292.450, 191
Trd, 000292.550, 208
Trd, 000293.317, 185
Trd, 000293.467, 184
Trd, 000294.217, 191
Trd, 000295.017, 185
Trd, 000295.033, 184
Trd, 000295.083, 186
Trd, 000295.667, 179
Trd, 000295.750, 177
Trd, 000296.050, 183
Trd, 000297.017, 180
Trd, 000297.250, 181
Trd, 000297.300, 182
Trd, 000297.383, 177
Trd, 000297.483, 183
Trd, 000297.900, 174
Trd, 000297.950, 184
Trd, 000298.117, 176
Trd, 000298.150, 170
Trd, 000299.483, 167
