Trd, 000002.633, 115
Trd, 000002.900, 132
Trd, 000003.167, 149
Trd, 000003.383, 154
Trd, 000003.667, 131
Trd, 000003.833, 128
Trd, 000004.983, 139
Trd, 000005.750, 141
Trd, 000006.333, 136
Trd, 000006.883, 151
Trd, 000007.183, 155
Trd, 000008.133, 151
Trd, 000008.333, 151
Trd, 000008.417, 152
Trd, 000008.650, 152
Trd, 000009.550, 153
Trd, 000009.567, 154
Trd, 000011.283, 154
Trd, 000011.667, 151
Trd, 000013.833, 155
Trd, 000014.050, 153
Trd, 000014.400, 152
Trd, 000014.867, 154
Trd, 000015.050, 156
Trd, 000015.200, 156
Trd, 000015.300, 159
Trd, 000016.050, 163
Trd, 000016.267, 166
Trd, 000016.850, 152
Trd, 000017.200, 154
Trd, 000017.433, 163
Trd, 000018.367, 153
Trd, 000019.233, 158
Trd, 000019.350, 157
Trd, 000019.450, 161
Trd, 000020.650, 134
Trd, 000020.967, 150
Trd, 000021.183, 151
Trd, 000021.233, 167
Trd, 000021.917, 153
Trd, 000021.983, 147
Trd, 000022.083, 152
Trd, 000023.650, 153
Trd, 000024.383, 152
Trd, 000024.733, 153
Trd, 000025.050, 157
Trd, 000027.083, 160
Trd, 000027.500, 163
Trd, 000027.850, 151
Trd, 000028.000, 158
Trd, 000028.117, 164
Trd, 000029.083, 166
Trd, 000029.317, 155
Trd, 000029.617, 153
Trd, 000029.983, 167
Trd, 000031.267, 152
Trd, 000031.700, 152
Trd, 000031.900, 152
Trd, 000032.767, 156
Trd, 000033.317, 157
Trd, 000033.517, 159
Trd, 000033.533, 152
Trd, 000035.300, 152
Trd, 000035.883, 157
Trd, 000036.000, 153
Trd, 000036.833, 158
Trd, 000037.033, 160
Trd, 000037.300, 154
Trd, 000038.017, 164
Trd, 000038.267, 163
Trd, 000038.433, 163
Trd, 000038.933, 157
Trd, 000039.667, 160
Trd, 000040.600, 159
Trd, 000040.833, 160
Trd, 000042.117, 163
Trd, 000042.717, 163
Trd, 000042.800, 166
Trd, 000043.583, 165
Trd, 000043.617, 162
Trd, 000044.283, 165
Trd, 000045.217, 164
Trd, 000046.200, 165
Trd, 000046.800, 165
Trd, 000047.167, 164
Trd, 000047.900, 159
Trd, 000049.000, 162
Trd, 000049.333, 162
Trd, 000049.367, 163
Trd, 000049.500, 161
Trd, 000049.717, 160
Trd, 000050.200, 161
Trd, 000050.983, 160
Trd, 000051.617, 166
Trd, 000052.233, 160
Trd, 000052.817, 158
Trd, 000053.017, 153
Trd, 000053.817, 156
Trd, 000054.033, 162
Trd, 000054.983, 160
Trd, 000055.483, 163
Trd, 000055.717, 160
Trd, 000055.800, 165
Trd, 000056.700, 161
Trd, 000057.083, 161
Trd, 000057.717, 163
Trd, 000057.900, 161
Trd, 000059.683, 160
Trd, 000060.017, 159
Trd, 000060.950, 162
Trd, 000061.150, 161
Trd, 000061.200, 164
Trd, 000061.933, 164
Trd, 000062.417, 167
Trd, 000062.550, 164
Trd, 000063.200, 166
Trd, 000063.967, 166
Trd, 000064.700, 166
Trd, 000064.817, 167
Trd, 000065.000, 165
Trd, 000065.033, 162
Trd, 000065.850, 168
Trd, 000066.700, 169
Trd, 000067.017, 172
Trd, 000067.533, 164
Trd, 000068.183, 162
Trd, 000068.367, 176
Trd, 000068.967, 158
Trd, 000070.033, 169
Trd, 000070.567, 171
Trd, 000071.883, 169
Trd, 000072.317, 168
Trd, 000072.800, 169
Trd, 000072.850, 171
Trd, 000072.950, 168
Trd, 000073.017, 172
Trd, 000073.600, 163
Trd, 000074.183, 169
Trd, 000075.317, 167
Trd, 000075.650, 163
Trd, 000076.617, 164
Trd, 000076.933, 163
Trd, 000077.950, 164
Trd, 000077.983, 166
Trd, 000078.233, 161
Trd, 000079.817, 160
Trd, 000080.317, 158
Trd, 000080.517, 159
Trd, 000080.917, 157
Trd, 000081.183, 156
Trd, 000081.717, 163
Trd, 000082.217, 163
Trd, 000082.367, 161
Trd, 000082.750, 163
Trd, 000084.867, 159
Trd, 000085.050, 160
Trd, 000085.817, 157
Trd, 000086.150, 158
Trd, 000086.200, 156
Trd, 000086.783, 160
Trd, 000086.883, 161
Trd, 000087.750, 160
Trd, 000088.017, 167
Trd, 000088.617, 152
Trd, 000088.700, 152
Trd, 000088.817, 171
Trd, 000088.850, 152
Trd, 000088.883, 174
Trd, 000090.400, 164
Trd, 000092.000, 159
Trd, 000093.267, 158
Trd, 000093.700, 158
Trd, 000093.767, 160
Trd, 000093.783, 165
Trd, 000094.800, 159
Trd, 000095.117, 160
Trd, 000095.517, 164
Trd, 000096.033, 167
Trd, 000096.667, 167
Trd, 000096.767, 165
Trd, 000097.000, 167
Trd, 000097.350, 168
Trd, 000097.767, 168
Trd, 000099.133, 165
Trd, 000099.183, 163
Trd, 000100.983, 166
Trd, 000101.233, 168
Trd, 000102.067, 167
Trd, 000102.350, 165
Trd, 000103.517, 167
Trd, 000104.150, 162
Trd, 000104.400, 160
Trd, 000105.283, 160
Trd, 000105.433, 161
Trd, 000105.700, 168
Trd, 000105.900, 165
Trd, 000105.967, 168
Trd, 000106.733, 162
Trd, 000107.050, 154
Trd, 000107.683, 169
Trd, 000108.617, 160
Trd, 000109.317, 158
Trd, 000109.600, 170
Trd, 000109.817, 176
Trd, 000111.167, 170
Trd, 000111.683, 170
Trd, 000111.983, 170
Trd, 000112.250, 170
Trd, 000112.767, 171
Trd, 000113.100, 167
Trd, 000113.983, 167
Trd, 000114.900, 168
Trd, 000115.750, 169
Trd, 000115.867, 169
Trd, 000116.167, 168
Trd, 000116.317, 169
Trd, 000116.900, 167
Trd, 000117.300, 167
Trd, 000117.450, 170
Trd, 000118.650, 174
Trd, 000118.767, 167
Trd, 000120.100, 175
Trd, 000120.267, 175
Trd, 000120.467, 165
Trd, 000121.533, 166
Trd, 000122.633, 169
Trd, 000123.217, 167
Trd, 000125.600, 166
Trd, 000125.717, 168
Trd, 000125.833, 165
Trd, 000126.000, 163
Trd, 000126.450, 164
Trd, 000126.950, 165
Trd, 000127.033, 163
Trd, 000127.533, 171
Trd, 000127.817, 174
Trd, 000127.850, 175
Trd, 000127.950, 172
Trd, 000127.983, 178
Trd, 000128.650, 178
Trd, 000129.233, 174
Trd, 000131.067, 168
Trd, 000131.650, 175
Trd, 000131.967, 178
Trd, 000132.867, 170
Trd, 000133.650, 174
Trd, 000133.800, 175
Trd, 000134.633, 174
Trd, 000135.067, 174
Trd, 000135.867, 188
Trd, 000136.617, 172
Trd, 000136.767, 178
Trd, 000137.550, 174
Trd, 000138.633, 175
Trd, 000138.967, 173
Trd, 000140.533, 172
Trd, 000140.617, 171
Trd, 000141.300, 172
Trd, 000141.383, 172
Trd, 000142.067, 169
Trd, 000142.267, 169
Trd, 000143.867, 163
Trd, 000143.967, 164
Trd, 000144.383, 164
Trd, 000144.783, 165
Trd, 000145.083, 165
Trd, 000145.933, 170
Trd, 000146.000, 172
Trd, 000146.650, 164
Trd, 000146.767, 170
Trd, 000146.900, 172
Trd, 000147.117, 162
Trd, 000149.067, 170
Trd, 000149.867, 176
Trd, 000151.183, 171
Trd, 000151.383, 171
Trd, 000151.483, 174
Trd, 000151.583, 171
Trd, 000151.967, 176
Trd, 000152.133, 177
Trd, 000154.217, 172
Trd, 000154.517, 173
Trd, 000155.517, 174
Trd, 000155.967, 173
Trd, 000156.100, 174
Trd, 000156.300, 173
Trd, 000156.550, 170
Trd, 000157.500, 167
Trd, 000157.800, 173
Trd, 000158.700, 173
Trd, 000159.317, 169
Trd, 000159.750, 169
Trd, 000160.417, 168
Trd, 000160.433, 173
Trd, 000161.717, 172
Trd, 000162.667, 169
Trd, 000162.917, 167
Trd, 000164.000, 169
Trd, 000164.100, 169
Trd, 000164.250, 167
Trd, 000165.317, 170
Trd, 000165.767, 167
Trd, 000166.083, 170
Trd, 000166.300, 171
Trd, 000166.583, 172
Trd, 000167.600, 173
Trd, 000167.817, 172
Trd, 000168.267, 167
Trd, 000168.783, 166
Trd, 000169.067, 168
Trd, 000172.000, 170
Trd, 000172.150, 173
Trd, 000172.650, 172
Trd, 000173.883, 168
Trd, 000174.217, 168
Trd, 000174.317, 169
Trd, 000175.250, 167
Trd, 000176.200, 167
Trd, 000176.800, 169
Trd, 000177.717, 176
Trd, 000178.600, 169
Trd, 000178.950, 176
Trd, 000179.000, 183
Trd, 000180.133, 178
Trd, 000180.250, 180
Trd, 000180.833, 174
Trd, 000180.933, 180
Trd, 000181.117, 173
Trd, 000181.967, 166
Trd, 000182.133, 167
Trd, 000182.600, 169
Trd, 000183.333, 168
Trd, 000183.817, 171
Trd, 000183.833, 169
Trd, 000184.383, 183
Trd, 000184.817, 177
Trd, 000186.867, 177
Trd, 000186.900, 176
Trd, 000187.617, 176
Trd, 000187.650, 178
Trd, 000188.383, 175
Trd, 000188.933, 178
Trd, 000189.017, 181
Trd, 000189.250, 170
Trd, 000189.850, 174
Trd, 000190.283, 178
Trd, 000190.417, 169
Trd, 000190.650, 181
Trd, 000190.850, 167
Trd, 000192.133, 181
Trd, 000192.467, 181
Trd, 000192.867, 181
Trd, 000193.117, 184
Trd, 000193.417, 164
Trd, 000194.267, 182
Trd, 000194.867, 178
Trd, 000195.717, 176
Trd, 000195.883, 181
Trd, 000196.267, 178
Trd, 000197.200, 176
Trd, 000198.067, 174
Trd, 000198.983, 174
Trd, 000199.100, 175
Trd, 000200.600, 176
Trd, 000200.667, 176
Trd, 000200.967, 174
Trd, 000201.417, 177
Trd, 000201.550, 177
Trd, 000202.150, 178
Trd, 000202.283, 182
Trd, 000202.417, 174
Trd, 000202.617, 185
Trd, 000202.800, 174
Trd, 000204.417, 180
Trd, 000204.533, 176
Trd, 000205.000, 176
Trd, 000205.867, 172
Trd, 000206.150, 179
Trd, 000207.017, 168
Trd, 000207.600, 172
Trd, 000207.700, 175
Trd, 000208.083, 173
Trd, 000208.250, 165
Trd, 000209.000, 173
Trd, 000209.150, 176
Trd, 000209.717, 178
Trd, 000211.967, 178
Trd, 000212.567, 178
Trd, 000213.183, 178
Trd, 000213.417, 178
Trd, 000213.900, 179
Trd, 000214.350, 177
Trd, 000214.383, 177
Trd, 000215.533, 180
Trd, 000216.200, 181
Trd, 000216.750, 184
Trd, 000216.967, 176
Trd, 000217.267, 185
Trd, 000217.367, 175
Trd, 000218.050, 185
Trd, 000218.583, 173
Trd, 000218.700, 173
Trd, 000218.833, 172
Trd, 000218.967, 178
Trd, 000219.600, 170
Trd, 000220.317, 179
Trd, 000221.767, 174
Trd, 000222.883, 175
Trd, 000223.267, 176
Trd, 000224.167, 177
Trd, 000224.967, 175
Trd, 000225.833, 178
Trd, 000226.200, 179
Trd, 000226.233, 180
Trd, 000226.250, 180
Trd, 000226.500, 177
Trd, 000227.100, 170
Trd, 000227.133, 184
Trd, 000227.717, 187
Trd, 000228.150, 178
Trd, 000229.717, 172
Trd, 000229.850, 173
Trd, 000231.267, 171
Trd, 000231.417, 174
Trd, 000231.683, 174
Trd, 000232.067, 176
Trd, 000232.883, 178
Trd, 000233.767, 181
Trd, 000234.250, 185
Trd, 000234.300, 179
Trd, 000234.867, 179
Trd, 000235.783, 182
Trd, 000236.200, 180
Trd, 000236.233, 187
Trd, 000236.267, 187
Trd, 000236.333, 179
Trd, 000236.983, 181
Trd, 000237.067, 175
Trd, 000238.050, 202
Trd, 000238.483, 177
Trd, 000238.933, 176
Trd, 000239.883, 180
Trd, 000240.350, 176
Trd, 000240.483, 177
Trd, 000240.750, 179
Trd, 000240.883, 178
Trd, 000241.000, 178
Trd, 000241.050, 176
Trd, 000242.367, 176
Trd, 000242.433, 175
Trd, 000242.667, 179
Trd, 000243.650, 179
Trd, 000244.400, 177
Trd, 000245.083, 176
Trd, 000245.750, 175
Trd, 000246.100, 175
Trd, 000246.133, 176
Trd, 000246.400, 178
Trd, 000246.433, 177
Trd, 000246.617, 178
Trd, 000246.883, 180
Trd, 000247.267, 181
Trd, 000248.083, 179
Trd, 000248.267, 177
Trd, 000249.033, 178
Trd, 000249.533, 176
Trd, 000250.050, 170
Trd, 000250.117, 169
Trd, 000250.533, 171
Trd, 000251.267, 176
Trd, 000251.700, 171
Trd, 000251.850, 173
Trd, 000252.733, 168
Trd, 000253.683, 172
Trd, 000253.983, 172
Trd, 000254.017, 171
Trd, 000255.150, 170
Trd, 000255.367, 169
Trd, 000255.450, 173
Trd, 000255.583, 175
Trd, 000255.750, 177
Trd, 000255.917, 180
Trd, 000255.967, 183
Trd, 000257.033, 168
Trd, 000257.933, 168
Trd, 000258.250, 172
Trd, 000258.467, 173
Trd, 000259.017, 177
Trd, 000259.100, 181
Trd, 000259.500, 186
Trd, 000259.783, 186
Trd, 000259.883, 175
Trd, 000260.567, 176
Trd, 000261.167, 178
Trd, 000261.383, 174
Trd, 000261.867, 173
Trd, 000262.000, 172
Trd, 000262.267, 170
Trd, 000262.433, 168
Trd, 000262.600, 175
Trd, 000263.017, 175
Trd, 000263.033, 176
Trd, 000264.033, 170
Trd, 000264.500, 177
Trd, 000265.467, 171
Trd, 000265.533, 172
Trd, 000265.883, 174
Trd, 000266.783, 178
Trd, 000266.850, 180
Trd, 000267.150, 181
Trd, 000267.300, 178
Trd, 000267.567, 179
Trd, 000268.000, 184
Trd, 000268.367, 183
Trd, 000269.217, 179
Trd, 000270.283, 179
Trd, 000270.333, 178
Trd, 000270.383, 184
Trd, 000270.450, 184
Trd, 000271.083, 184
Trd, 000271.367, 182
Trd, 000271.550, 185
Trd, 000271.650, 185
Trd, 000271.883, 181
Trd, 000272.167, 180
Trd, 000272.583, 178
Trd, 000272.633, 175
Trd, 000273.600, 182
Trd, 000274.283, 182
Trd, 000274.900, 183
Trd, 000275.000, 182
Trd, 000275.133, 183
Trd, 000276.133, 180
Trd, 000276.150, 186
Trd, 000276.317, 189
Trd, 000276.567, 179
Trd, 000276.883, 179
Trd, 000277.667, 177
Trd, 000277.767, 175
Trd, 000277.917, 171
Trd, 000278.067, 186
Trd, 000278.117, 189
Trd, 000279.100, 185
Trd, 000279.450, 189
Trd, 000279.783, 183
Trd, 000279.850, 182
Trd, 000280.950, 184
Trd, 000280.967, 183
Trd, 000281.083, 185
Trd, 000281.167, 180
Trd, 000281.600, 183
Trd, 000281.817, 181
Trd, 000282.133, 186
Trd, 000282.600, 187
Trd, 000283.350, 181
Trd, 000283.583, 188
Trd, 000283.617, 190
Trd, 000283.717, 182
Trd, 000284.150, 180
Trd, 000284.250, 179
Trd, 000284.300, 182
Trd, 000284.333, 192
Trd, 000285.017, 186
Trd, 000285.517, 179
Trd, 000286.050, 185
Trd, 000287.250, 188
Trd, 000287.783, 181
Trd, 000288.167, 189
Trd, 000288.600, 184
Trd, 000288.817, 191
Trd, 000289.283, 183
Trd, 000289.417, 182
Trd, 000290.150, 179
Trd, 000290.217, 192
Trd, 000290.300, 201
Trd, 000291.017, 180
Trd, 000291.433, 173
Trd, 000291.750, 177
Trd, 000292.033, 177
Trd, 000292.100, 168
Trd, 000292.400, 177
Trd, 000293.117, 175
Trd, 000293.333, 184
Trd, 000293.683, 187
Trd, 000294.050, 170
Trd, 000294.733, 185
Trd, 000294.867, 190
Trd, 000295.783, 190
Trd, 000296.033, 189
Trd, 000296.283, 188
Trd, 000296.683, 187
Trd, 000296.733, 186
Trd, 000297.200, 191
Trd, 000297.283, 183
Trd, 000297.550, 194
Trd, 000297.833, 178
Trd, 000297.917, 174
Trd, 000298.317, 171
Trd, 000298.450, 166
Trd, 000298.983, 180
Trd, 000299.150, 188
Trd, 000299.683, 169
