Trd, 000001.433, 139
Trd, 000003.300, 150
Trd, 000003.417, 151
Trd, 000003.900, 151
Trd, 000004.267, 148
Trd, 000004.433, 145
Trd, 000004.967, 139
Trd, 000006.517, 141
Trd, 000006.550, 144
Trd, 000007.000, 146
Trd, 000008.467, 150
Trd, 000008.750, 150
Trd, 000008.917, 149
Trd, 000009.033, 148
Trd, 000009.400, 142
Trd, 000010.867, 151
Trd, 000011.233, 152
Trd, 000012.633, 152
Trd, 000012.967, 149
Trd, 000013.367, 153
Trd, 000013.917, 151
Trd, 000014.733, 150
Trd, 000015.467, 153
Trd, 000015.683, 140
Trd, 000016.000, 139
Trd, 000016.750, 152
Trd, 000017.367, 150
Trd, 000017.783, 150
Trd, 000018.167, 150
Trd, 000018.200, 151
Trd, 000019.800, 157
Trd, 000020.017, 155
Trd, 000020.167, 156
Trd, 000020.250, 159
Trd, 000020.550, 154
Trd, 000021.967, 157
Trd, 000022.383, 158
Trd, 000022.683, 158
Trd, 000022.783, 152
Trd, 000023.300, 159
Trd, 000023.783, 154
Trd, 000025.250, 154
Trd, 000025.283, 153
Trd, 000025.933, 157
Trd, 000027.017, 155
Trd, 000028.100, 151
Trd, 000028.567, 151
Trd, 000028.600, 150
Trd, 000028.783, 154
Trd, 000028.817, 154
Trd, 000029.233, 154
Trd, 000029.267, 155
Trd, 000029.783, 155
Trd, 000030.833, 151
Trd, 000031.050, 153
Trd, 000031.800, 153
Trd, 000032.333, 151
Trd, 000033.500, 155
Trd, 000034.033, 150
Trd, 000034.683, 155
Trd, 000035.383, 155
Trd, 000035.467, 155
Trd, 000036.233, 156
Trd, 000036.483, 158
Trd, 000036.917, 153
Trd, 000037.217, 152
Trd, 000037.750, 159
Trd, 000038.750, 165
Trd, 000038.933, 166
Trd, 000039.433, 155
Trd, 000041.883, 156
Trd, 000042.517, 158
Trd, 000042.667, 158
Trd, 000042.967, 159
Trd, 000043.483, 159
Trd, 000043.683, 159
Trd, 000043.750, 157
Trd, 000043.933, 157
Trd, 000044.433, 152
Trd, 000044.633, 160
Trd, 000044.850, 160
Trd, 000046.917, 154
Trd, 000047.867, 153
Trd, 000047.917, 156
Trd, 000048.433, 158
Trd, 000049.367, 156
Trd, 000049.583, 155
Trd, 000050.133, 159
Trd, 000050.383, 153
Trd, 000050.717, 153
Trd, 000051.317, 163
Trd, 000051.783, 167
Trd, 000053.583, 156
Trd, 000053.600, 155
Trd, 000053.983, 158
Trd, 000054.333, 159
Trd, 000055.183, 157
Trd, 000055.283, 158
Trd, 000055.533, 155
Trd, 000055.783, 146
Trd, 000056.617, 149
Trd, 000058.367, 147
Trd, 000058.517, 147
Trd, 000058.567, 147
Trd, 000058.633, 147
Trd, 000059.033, 143
Trd, 000059.167, 147
Trd, 000059.383, 159
Trd, 000060.350, 160
Trd, 000060.633, 154
Trd, 000060.767, 161
Trd, 000061.500, 159
Trd, 000061.800, 157
Trd, 000062.067, 158
Trd, 000062.300, 159
Trd, 000062.650, 157
Trd, 000063.600, 154
Trd, 000063.767, 151
Trd, 000064.017, 143
Trd, 000065.250, 149
Trd, 000065.833, 150
Trd, 000066.800, 147
Trd, 000067.250, 150
Trd, 000067.733, 151
Trd, 000068.633, 158
Trd, 000068.717, 162
Trd, 000068.750, 166
Trd, 000069.583, 166
Trd, 000069.700, 169
Trd, 000070.300, 168
Trd, 000070.800, 168
Trd, 000071.000, 155
Trd, 000071.983, 170
Trd, 000072.017, 161
Trd, 000073.033, 158
Trd, 000073.367, 161
Trd, 000073.483, 163
Trd, 000073.600, 160
Trd, 000074.200, 162
Trd, 000074.750, 164
Trd, 000075.083, 158
Trd, 000075.150, 155
Trd, 000075.500, 165
Trd, 000075.517, 164
Trd, 000076.033, 152
Trd, 000077.150, 153
Trd, 000077.567, 160
Trd, 000078.133, 156
Trd, 000078.417, 158
Trd, 000079.017, 155
Trd, 000079.683, 157
Trd, 000079.883, 158
Trd, 000080.800, 155
Trd, 000080.850, 145
Trd, 000081.400, 149
Trd, 000082.083, 155
Trd, 000082.433, 155
Trd, 000082.517, 159
Trd, 000083.250, 148
Trd, 000083.633, 153
Trd, 000084.567, 149
Trd, 000084.600, 150
Trd, 000085.467, 150
Trd, 000085.650, 152
Trd, 000086.767, 154
Trd, 000086.800, 159
Trd, 000087.233, 163
Trd, 000087.333, 147
Trd, 000087.433, 145
Trd, 000087.650, 167
Trd, 000087.900, 167
Trd, 000089.950, 153
Trd, 000090.400, 150
Trd, 000090.817, 153
Trd, 000091.950, 152
Trd, 000091.983, 150
Trd, 000092.800, 150
Trd, 000092.850, 149
Trd, 000092.900, 152
Trd, 000093.550, 152
Trd, 000094.333, 154
Trd, 000094.783, 149
Trd, 000095.467, 150
Trd, 000096.250, 155
Trd, 000096.417, 156
Trd, 000096.600, 151
Trd, 000097.567, 148
Trd, 000097.583, 147
Trd, 000097.867, 156
Trd, 000098.633, 157
Trd, 000099.383, 161
Trd, 000100.850, 163
Trd, 000101.100, 165
Trd, 000102.233, 162
Trd, 000102.283, 162
Trd, 000103.467, 162
Trd, 000103.850, 163
Trd, 000103.967, 162
Trd, 000104.633, 162
Trd, 000105.117, 163
Trd, 000105.283, 160
Trd, 000105.833, 163
Trd, 000105.983, 148
Trd, 000106.183, 164
Trd, 000107.983, 166
Trd, 000109.050, 161
Trd, 000109.567, 166
Trd, 000109.717, 161
Trd, 000110.167, 166
Trd, 000110.433, 161
Trd, 000111.467, 159
Trd, 000111.583, 165
Trd, 000112.533, 162
Trd, 000112.600, 159
Trd, 000112.717, 163
Trd, 000113.433, 152
Trd, 000113.833, 147
Trd, 000113.967, 159
Trd, 000114.167, 160
Trd, 000114.550, 162
Trd, 000115.717, 157
Trd, 000116.900, 153
Trd, 000116.933, 151
Trd, 000119.150, 153
Trd, 000119.450, 153
Trd, 000119.700, 153
Trd, 000120.383, 152
Trd, 000120.400, 153
Trd, 000120.517, 155
Trd, 000120.617, 151
Trd, 000120.783, 151
Trd, 000121.117, 157
Trd, 000121.300, 163
Trd, 000124.183, 161
Trd, 000124.367, 161
Trd, 000124.583, 160
Trd, 000124.833, 163
Trd, 000124.983, 160
Trd, 000125.183, 159
Trd, 000125.650, 161
Trd, 000126.150, 161
Trd, 000127.367, 162
Trd, 000127.500, 158
Trd, 000128.217, 154
Trd, 000128.650, 150
Trd, 000129.650, 155
Trd, 000129.733, 166
Trd, 000129.750, 161
Trd, 000130.317, 159
Trd, 000130.933, 162
Trd, 000131.283, 159
Trd, 000131.867, 159
Trd, 000132.317, 170
Trd, 000132.733, 171
Trd, 000133.733, 168
Trd, 000135.433, 165
Trd, 000135.667, 163
Trd, 000135.883, 164
Trd, 000136.467, 162
Trd, 000136.750, 162
Trd, 000136.967, 163
Trd, 000137.217, 161
Trd, 000137.400, 163
Trd, 000137.933, 160
Trd, 000140.367, 164
Trd, 000140.650, 164
Trd, 000141.300, 163
Trd, 000141.933, 165
Trd, 000142.250, 165
Trd, 000142.300, 165
Trd, 000142.567, 169
Trd, 000142.667, 162
Trd, 000142.733, 172
Trd, 000143.017, 170
Trd, 000144.500, 166
Trd, 000144.550, 172
Trd, 000144.950, 171
Trd, 000145.500, 169
Trd, 000145.817, 167
Trd, 000147.133, 170
Trd, 000147.217, 168
Trd, 000147.250, 169
Trd, 000147.283, 172
Trd, 000147.417, 168
Trd, 000148.767, 170
Trd, 000148.817, 170
Trd, 000149.333, 170
Trd, 000149.517, 167
Trd, 000149.650, 167
Trd, 000150.117, 173
Trd, 000150.167, 163
Trd, 000151.767, 163
Trd, 000152.400, 160
Trd, 000153.700, 158
Trd, 000153.750, 160
Trd, 000154.867, 161
Trd, 000155.600, 158
Trd, 000155.650, 155
Trd, 000156.033, 157
Trd, 000156.517, 156
Trd, 000156.533, 160
Trd, 000156.550, 170
Trd, 000157.217, 156
Trd, 000158.300, 156
Trd, 000158.883, 164
Trd, 000159.200, 164
Trd, 000159.483, 158
Trd, 000159.867, 160
Trd, 000160.933, 160
Trd, 000162.167, 161
Trd, 000162.967, 162
Trd, 000163.250, 163
Trd, 000163.867, 162
Trd, 000164.033, 167
Trd, 000164.750, 173
Trd, 000164.817, 160
Trd, 000165.967, 171
Trd, 000168.233, 168
Trd, 000168.250, 167
Trd, 000168.917, 168
Trd, 000169.983, 168
Trd, 000170.233, 167
Trd, 000170.400, 166
Trd, 000170.600, 172
Trd, 000170.783, 164
Trd, 000170.967, 163
Trd, 000171.000, 171
Trd, 000171.833, 165
Trd, 000171.867, 154
Trd, 000173.317, 159
Trd, 000174.517, 164
Trd, 000174.950, 163
Trd, 000175.350, 164
Trd, 000176.383, 166
Trd, 000177.383, 165
Trd, 000177.467, 165
Trd, 000177.817, 172
Trd, 000178.667, 167
Trd, 000179.100, 169
Trd, 000179.500, 172
Trd, 000179.550, 170
Trd, 000179.583, 173
Trd, 000179.733, 167
Trd, 000179.833, 173
Trd, 000179.983, 180
Trd, 000180.267, 166
Trd, 000182.183, 168
Trd, 000182.333, 167
Trd, 000183.450, 184
Trd, 000183.600, 174
Trd, 000184.250, 185
Trd, 000185.400, 181
Trd, 000186.283, 181
Trd, 000186.333, 180
Trd, 000186.400, 179
Trd, 000187.417, 180
Trd, 000187.733, 177
Trd, 000187.883, 175
Trd, 000188.183, 176
Trd, 000188.217, 178
Trd, 000188.650, 176
Trd, 000188.667, 174
Trd, 000189.500, 173
Trd, 000190.033, 171
Trd, 000190.750, 172
Trd, 000191.267, 167
Trd, 000192.167, 169
Trd, 000192.700, 160
Trd, 000192.933, 157
Trd, 000193.117, 165
Trd, 000193.883, 165
Trd, 000194.833, 164
Trd, 000194.850, 164
Trd, 000196.100, 162
Trd, 000196.883, 162
Trd, 000198.417, 163
Trd, 000199.083, 164
Trd, 000199.950, 162
Trd, 000200.083, 159
Trd, 000201.100, 163
Trd, 000201.167, 159
Trd, 000201.750, 161
Trd, 000201.900, 161
Trd, 000201.983, 164
Trd, 000203.667, 158
Trd, 000203.750, 157
Trd, 000204.433, 159
Trd, 000204.933, 157
Trd, 000205.017, 159
Trd, 000205.550, 161
Trd, 000205.683, 161
Trd, 000205.983, 171
Trd, 000206.267, 156
Trd, 000207.633, 169
Trd, 000207.950, 169
Trd, 000208.000, 174
Trd, 000209.433, 175
Trd, 000209.867, 172
Trd, 000209.983, 171
Trd, 000210.050, 174
Trd, 000210.717, 176
Trd, 000210.800, 172
Trd, 000212.033, 177
Trd, 000212.233, 151
Trd, 000213.133, 179
Trd, 000213.283, 161
Trd, 000213.333, 183
Trd, 000213.450, 179
Trd, 000215.550, 162
Trd, 000215.900, 166
Trd, 000216.450, 169
Trd, 000216.600, 170
Trd, 000217.967, 171
Trd, 000218.250, 170
Trd, 000218.633, 171
Trd, 000219.400, 170
Trd, 000219.767, 172
Trd, 000219.950, 171
Trd, 000220.050, 175
Trd, 000220.083, 170
Trd, 000220.917, 168
Trd, 000222.667, 172
Trd, 000223.433, 171
Trd, 000223.450, 173
Trd, 000223.933, 170
Trd, 000224.200, 171
Trd, 000224.800, 169
Trd, 000225.433, 170
Trd, 000225.783, 170
Trd, 000225.817, 171
Trd, 000226.000, 169
Trd, 000226.300, 172
Trd, 000227.483, 176
Trd, 000227.533, 171
Trd, 000229.617, 172
Trd, 000229.867, 172
Trd, 000230.100, 174
Trd, 000231.283, 174
Trd, 000231.550, 173
Trd, 000231.583, 172
Trd, 000232.800, 173
Trd, 000232.883, 173
Trd, 000233.283, 173
Trd, 000233.450, 172
Trd, 000235.050, 174
Trd, 000235.150, 173
Trd, 000236.000, 180
Trd, 000236.167, 178
Trd, 000237.100, 184
Trd, 000237.317, 175
Trd, 000237.650, 185
Trd, 000237.783, 177
Trd, 000239.100, 177
Trd, 000239.483, 177
Trd, 000239.850, 172
Trd, 000240.083, 161
Trd, 000240.233, 176
Trd, 000241.200, 170
Trd, 000241.283, 172
Trd, 000241.417, 171
Trd, 000241.683, 170
Trd, 000241.717, 172
Trd, 000241.750, 172
Trd, 000241.900, 171
Trd, 000242.517, 170
Trd, 000242.733, 172
Trd, 000244.167, 172
Trd, 000244.800, 179
Trd, 000245.733, 179
Trd, 000245.783, 182
Trd, 000246.117, 180
Trd, 000246.133, 181
Trd, 000246.167, 178
Trd, 000246.183, 196
Trd, 000246.817, 179
Trd, 000247.017, 181
Trd, 000247.267, 174
Trd, 000247.617, 174
Trd, 000247.800, 162
Trd, 000248.067, 166
Trd, 000248.517, 161
Trd, 000248.850, 167
Trd, 000249.367, 166
Trd, 000249.383, 171
Trd, 000249.550, 167
Trd, 000249.950, 170
Trd, 000250.333, 170
Trd, 000250.450, 170
Trd, 000250.467, 168
Trd, 000251.833, 171
Trd, 000252.117, 173
Trd, 000252.617, 176
Trd, 000253.233, 172
Trd, 000253.550, 179
Trd, 000254.167, 173
Trd, 000254.200, 169
Trd, 000254.450, 174
Trd, 000254.750, 166
Trd, 000255.300, 166
Trd, 000255.517, 178
Trd, 000256.167, 169
Trd, 000256.450, 170
Trd, 000256.667, 173
Trd, 000256.950, 180
Trd, 000257.433, 176
Trd, 000258.083, 174
Trd, 000258.817, 177
Trd, 000258.833, 175
Trd, 000259.183, 177
Trd, 000259.433, 173
Trd, 000259.783, 177
Trd, 000260.167, 174
Trd, 000260.250, 171
Trd, 000260.850, 170
Trd, 000261.400, 175
Trd, 000261.650, 177
Trd, 000261.667, 177
Trd, 000261.933, 174
Trd, 000262.533, 174
Trd, 000262.717, 168
Trd, 000263.417, 178
Trd, 000263.500, 180
Trd, 000263.550, 176
Trd, 000263.767, 174
Trd, 000264.033, 184
Trd, 000264.150, 189
Trd, 000265.300, 191
Trd, 000266.000, 169
Trd, 000266.450, 176
Trd, 000267.083, 177
Trd, 000267.500, 172
Trd, 000267.700, 173
Trd, 000267.917, 171
Trd, 000268.333, 174
Trd, 000268.467, 171
Trd, 000268.683, 170
Trd, 000270.250, 173
Trd, 000270.367, 172
Trd, 000270.400, 173
Trd, 000271.067, 175
Trd, 000271.917, 176
Trd, 000272.200, 171
Trd, 000272.600, 169
Trd, 000273.233, 174
Trd, 000273.383, 175
Trd, 000273.800, 169
Trd, 000273.867, 168
Trd, 000274.633, 172
Trd, 000275.017, 172
Trd, 000275.517, 178
Trd, 000275.883, 178
Trd, 000275.983, 181
Trd, 000276.100, 177
Trd, 000276.333, 181
Trd, 000276.800, 179
Trd, 000276.900, 176
Trd, 000277.083, 174
Trd, 000277.683, 170
Trd, 000277.917, 173
Trd, 000277.933, 182
Trd, 000278.683, 176
Trd, 000278.800, 193
Trd, 000279.717, 178
Trd, 000279.733, 183
Trd, 000280.167, 184
Trd, 000280.717, 178
Trd, 000280.967, 176
Trd, 000281.467, 177
Trd, 000281.733, 177
Trd, 000281.983, 178
Trd, 000282.117, 179
Trd, 000282.800, 185
Trd, 000283.533, 181
Trd, 000283.583, 180
Trd, 000283.850, 176
Trd, 000284.133, 171
Trd, 000284.400, 172
Trd, 000284.867, 180
Trd, 000286.750, 181
Trd, 000286.917, 181
Trd, 000287.250, 176
Trd, 000287.500, 182
Trd, 000287.900, 182
Trd, 000288.167, 176
Trd, 000288.217, 177
Trd, 000288.633, 174
Trd, 000288.867, 183
Trd, 000289.633, 183
Trd, 000289.883, 171
Trd, 000290.333, 170
Trd, 000290.817, 177
Trd, 000291.667, 173
Trd, 000291.900, 177
Trd, 000292.083, 178
Trd, 000292.250, 180
Trd, 000292.600, 177
Trd, 000293.700, 174
Trd, 000294.017, 175
Trd, 000294.333, 178
Trd, 000294.650, 177
Trd, 000294.983, 176
Trd, 000295.033, 177
Trd, 000295.317, 191
Trd, 000295.533, 166
Trd, 000295.800, 192
Trd, 000295.950, 185
Trd, 000296.033, 192
Trd, 000296.383, 176
Trd, 000297.000, 191
Trd, 000297.517, 176
Trd, 000297.683, 174
Trd, 000298.167, 191
Trd, 000298.883, 191
Trd, 000299.333, 175
Trd, 000299.450, 183
Trd, 000299.633, 192
Trd, 000299.750, 176
Trd, 000299.867, 175
