Trd, 000001.633, 177
Trd, 000002.133, 178
Trd, 000002.233, 179
Trd, 000002.483, 162
Trd, 000003.033, 155
Trd, 000003.500, 154
Trd, 000004.200, 147
Trd, 000005.517, 154
Trd, 000006.617, 153
Trd, 000006.833, 155
Trd, 000008.567, 152
Trd, 000009.000, 153
Trd, 000009.083, 152
Trd, 000009.233, 150
Trd, 000011.150, 152
Trd, 000011.200, 150
Trd, 000011.583, 150
Trd, 000011.933, 151
Trd, 000012.867, 151
Trd, 000013.200, 151
Trd, 000014.350, 152
Trd, 000015.117, 147
Trd, 000016.683, 153
Trd, 000016.783, 156
Trd, 000016.883, 157
Trd, 000017.383, 158
Trd, 000017.517, 144
Trd, 000017.983, 167
Trd, 000018.217, 160
Trd, 000019.350, 160
Trd, 000019.750, 157
Trd, 000020.350, 158
Trd, 000020.600, 159
Trd, 000022.300, 158
Trd, 000023.267, 154
Trd, 000024.017, 156
Trd, 000024.533, 157
Trd, 000025.667, 153
Trd, 000025.933, 159
Trd, 000026.267, 153
Trd, 000026.517, 153
Trd, 000026.833, 152
Trd, 000027.083, 158
Trd, 000027.983, 154
Trd, 000028.200, 155
Trd, 000029.983, 156
Trd, 000030.667, 156
Trd, 000031.050, 156
Trd, 000031.650, 154
Trd, 000032.233, 156
Trd, 000032.350, 161
Trd, 000033.083, 156
Trd, 000034.200, 156
Trd, 000035.433, 156
Trd, 000035.667, 153
Trd, 000035.950, 158
Trd, 000036.883, 160
Trd, 000037.650, 159
Trd, 000039.200, 159
Trd, 000039.450, 161
Trd, 000039.833, 157
Trd, 000040.617, 158
Trd, 000041.067, 157
Trd, 000041.083, 159
Trd, 000041.650, 159
Trd, 000042.233, 159
Trd, 000042.750, 158
Trd, 000044.050, 158
Trd, 000045.583, 159
Trd, 000046.050, 159
Trd, 000046.800, 157
Trd, 000047.017, 162
Trd, 000048.167, 161
Trd, 000048.217, 162
Trd, 000049.217, 157
Trd, 000050.883, 160
Trd, 000051.083, 161
Trd, 000051.517, 160
Trd, 000051.700, 156
Trd, 000051.917, 158
Trd, 000052.950, 158
Trd, 000053.150, 156
Trd, 000054.133, 157
Trd, 000054.533, 158
Trd, 000055.600, 158
Trd, 000056.650, 160
Trd, 000058.000, 161
Trd, 000058.750, 168
Trd, 000058.850, 170
Trd, 000059.500, 179
Trd, 000060.150, 164
Trd, 000060.533, 169
Trd, 000061.350, 168
Trd, 000061.767, 167
Trd, 000062.100, 166
Trd, 000062.867, 158
Trd, 000065.783, 161
Trd, 000066.050, 162
Trd, 000068.317, 161
Trd, 000069.367, 161
Trd, 000069.800, 161
Trd, 000070.383, 159
Trd, 000071.033, 160
Trd, 000072.267, 161
Trd, 000073.450, 151
Trd, 000073.783, 158
Trd, 000073.817, 159
Trd, 000073.933, 160
Trd, 000075.167, 155
Trd, 000076.767, 154
Trd, 000077.250, 155
Trd, 000077.400, 156
Trd, 000078.117, 156
Trd, 000079.383, 151
Trd, 000079.533, 158
Trd, 000079.667, 162
Trd, 000079.850, 159
Trd, 000080.117, 160
Trd, 000080.550, 158
Trd, 000081.300, 160
Trd, 000082.350, 159
Trd, 000083.017, 160
Trd, 000083.267, 160
Trd, 000083.717, 161
Trd, 000084.167, 155
Trd, 000084.383, 158
Trd, 000085.050, 163
Trd, 000085.833, 164
Trd, 000085.850, 154
Trd, 000087.133, 153
Trd, 000087.150, 162
Trd, 000088.133, 161
Trd, 000088.433, 158
Trd, 000089.300, 161
Trd, 000089.867, 162
Trd, 000090.883, 167
Trd, 000092.150, 164
Trd, 000094.033, 164
Trd, 000094.917, 163
Trd, 000094.950, 164
Trd, 000095.067, 162
Trd, 000095.733, 164
Trd, 000098.050, 163
Trd, 000099.200, 163
Trd, 000100.117, 162
Trd, 000100.900, 160
Trd, 000101.650, 159
Trd, 000101.750, 161
Trd, 000103.167, 160
Trd, 000103.467, 163
Trd, 000104.167, 163
Trd, 000104.633, 162
Trd, 000105.000, 165
Trd, 000105.217, 163
Trd, 000106.117, 167
Trd, 000108.050, 160
Trd, 000109.150, 160
Trd, 000110.167, 161
Trd, 000110.250, 162
Trd, 000110.700, 163
Trd, 000110.783, 166
Trd, 000110.950, 163
Trd, 000111.517, 162
Trd, 000112.167, 163
Trd, 000113.067, 166
Trd, 000113.900, 162
Trd, 000114.067, 163
Trd, 000114.883, 169
Trd, 000115.483, 163
Trd, 000115.650, 165
Trd, 000115.967, 163
Trd, 000116.850, 161
Trd, 000118.333, 161
Trd, 000118.833, 157
Trd, 000119.200, 165
Trd, 000119.417, 165
Trd, 000120.117, 158
Trd, 000120.867, 164
Trd, 000120.900, 165
Trd, 000121.517, 164
Trd, 000123.033, 163
Trd, 000123.833, 164
Trd, 000124.017, 164
Trd, 000124.367, 164
Trd, 000125.033, 164
Trd, 000125.633, 163
Trd, 000125.967, 164
Trd, 000126.533, 161
Trd, 000126.767, 156
Trd, 000126.883, 162
Trd, 000127.500, 163
Trd, 000127.683, 151
Trd, 000128.017, 170
Trd, 000129.667, 165
Trd, 000130.883, 163
Trd, 000132.000, 163
Trd, 000132.317, 164
Trd, 000133.083, 164
Trd, 000133.600, 165
Trd, 000133.800, 168
Trd, 000136.017, 164
Trd, 000136.117, 165
Trd, 000137.333, 167
Trd, 000139.100, 163
Trd, 000139.300, 166
Trd, 000139.450, 167
Trd, 000139.517, 167
Trd, 000141.800, 166
Trd, 000141.917, 167
Trd, 000142.400, 166
Trd, 000143.133, 166
Trd, 000143.167, 165
Trd, 000143.317, 168
Trd, 000143.433, 169
Trd, 000143.467, 172
Trd, 000145.900, 170
Trd, 000146.867, 169
Trd, 000147.317, 168
Trd, 000147.600, 166
Trd, 000149.267, 169
Trd, 000149.883, 169
Trd, 000149.950, 172
Trd, 000151.250, 164
Trd, 000151.933, 165
Trd, 000153.267, 163
Trd, 000153.517, 163
Trd, 000153.750, 167
Trd, 000155.833, 168
Trd, 000156.017, 167
Trd, 000156.733, 166
Trd, 000157.367, 167
Trd, 000158.933, 167
Trd, 000160.000, 167
Trd, 000160.800, 168
Trd, 000160.917, 166
Trd, 000161.433, 167
Trd, 000161.517, 166
Trd, 000163.000, 161
Trd, 000163.733, 168
Trd, 000164.900, 167
Trd, 000165.033, 168
Trd, 000166.467, 167
Trd, 000167.050, 167
Trd, 000168.367, 167
Trd, 000168.567, 168
Trd, 000169.267, 173
Trd, 000169.383, 172
Trd, 000169.750, 172
Trd, 000170.083, 173
Trd, 000170.500, 172
Trd, 000170.783, 175
Trd, 000172.617, 173
Trd, 000173.667, 172
Trd, 000174.033, 173
Trd, 000174.050, 174
Trd, 000174.800, 175
Trd, 000175.333, 175
Trd, 000176.083, 174
Trd, 000177.550, 170
Trd, 000177.767, 170
Trd, 000179.667, 169
Trd, 000180.667, 169
Trd, 000180.750, 168
Trd, 000180.933, 162
Trd, 000181.017, 170
Trd, 000181.033, 170
Trd, 000181.800, 168
Trd, 000182.017, 168
Trd, 000182.383, 169
Trd, 000183.100, 172
Trd, 000183.883, 175
Trd, 000184.150, 172
Trd, 000184.550, 172
Trd, 000184.867, 176
Trd, 000185.050, 172
Trd, 000185.683, 182
Trd, 000187.583, 180
Trd, 000188.567, 179
Trd, 000189.250, 180
Trd, 000189.617, 177
Trd, 000190.783, 179
Trd, 000191.133, 177
Trd, 000192.117, 180
Trd, 000192.167, 180
Trd, 000192.500, 183
Trd, 000194.467, 179
Trd, 000194.600, 181
Trd, 000195.917, 177
Trd, 000196.033, 175
Trd, 000196.117, 171
Trd, 000197.067, 175
Trd, 000197.833, 174
Trd, 000198.583, 175
Trd, 000199.083, 173
Trd, 000199.583, 168
Trd, 000199.883, 172
Trd, 000201.417, 176
Trd, 000202.500, 182
Trd, 000202.783, 182
Trd, 000203.850, 186
Trd, 000204.917, 181
Trd, 000205.933, 180
Trd, 000207.350, 181
Trd, 000207.750, 180
Trd, 000208.100, 178
Trd, 000208.500, 178
Trd, 000209.400, 178
Trd, 000209.417, 176
Trd, 000209.600, 179
Trd, 000212.883, 175
Trd, 000213.017, 172
Trd, 000213.617, 178
Trd, 000214.200, 176
Trd, 000215.117, 174
Trd, 000215.700, 175
Trd, 000216.167, 175
Trd, 000218.117, 176
Trd, 000218.550, 177
Trd, 000218.983, 176
Trd, 000219.750, 175
Trd, 000219.783, 176
Trd, 000220.683, 177
Trd, 000221.233, 174
Trd, 000222.700, 177
Trd, 000223.033, 175
Trd, 000223.700, 173
Trd, 000225.267, 173
Trd, 000225.300, 174
Trd, 000225.483, 174
Trd, 000225.750, 173
Trd, 000225.917, 173
Trd, 000226.167, 175
Trd, 000226.917, 175
Trd, 000227.117, 177
Trd, 000228.667, 174
Trd, 000228.867, 173
Trd, 000229.267, 176
Trd, 000229.550, 173
Trd, 000229.850, 174
Trd, 000229.900, 176
Trd, 000231.300, 175
Trd, 000233.050, 175
Trd, 000233.750, 178
Trd, 000234.250, 176
Trd, 000234.700, 178
Trd, 000236.867, 177
Trd, 000237.133, 176
Trd, 000239.867, 177
Trd, 000240.417, 178
Trd, 000240.533, 179
Trd, 000240.633, 179
Trd, 000240.900, 177
Trd, 000240.983, 181
Trd, 000241.583, 179
Trd, 000241.983, 180
Trd, 000242.350, 178
Trd, 000242.467, 177
Trd, 000242.700, 175
Trd, 000243.550, 180
Trd, 000243.800, 179
Trd, 000244.183, 172
Trd, 000244.750, 175
Trd, 000245.133, 173
Trd, 000245.433, 167
Trd, 000245.750, 169
Trd, 000246.150, 166
Trd, 000246.567, 165
Trd, 000247.283, 165
Trd, 000247.583, 167
Trd, 000247.967, 167
Trd, 000248.683, 175
Trd, 000249.033, 174
Trd, 000249.317, 180
Trd, 000249.400, 180
Trd, 000249.583, 177
Trd, 000250.383, 176
Trd, 000250.917, 177
Trd, 000251.183, 177
Trd, 000251.200, 180
Trd, 000252.083, 175
Trd, 000253.167, 175
Trd, 000253.433, 175
Trd, 000254.100, 175
Trd, 000255.267, 177
Trd, 000255.733, 173
Trd, 000256.300, 176
Trd, 000256.317, 174
Trd, 000256.433, 175
Trd, 000256.800, 174
Trd, 000257.050, 177
Trd, 000257.533, 169
Trd, 000258.250, 176
Trd, 000258.283, 177
Trd, 000258.350, 178
Trd, 000258.983, 175
Trd, 000259.050, 177
Trd, 000260.167, 174
Trd, 000260.950, 176
Trd, 000261.183, 177
Trd, 000261.583, 177
Trd, 000262.183, 180
Trd, 000262.283, 181
Trd, 000262.633, 177
Trd, 000263.833, 177
Trd, 000264.383, 178
Trd, 000264.433, 178
Trd, 000264.717, 175
Trd, 000265.750, 178
Trd, 000266.317, 177
Trd, 000266.550, 176
Trd, 000266.633, 181
Trd, 000266.700, 175
Trd, 000267.200, 182
Trd, 000267.517, 184
Trd, 000268.117, 181
Trd, 000268.800, 178
Trd, 000269.350, 183
Trd, 000269.733, 183
Trd, 000270.067, 190
Trd, 000270.817, 192
Trd, 000271.350, 185
Trd, 000272.233, 191
Trd, 000272.300, 187
Trd, 000273.017, 192
Trd, 000273.617, 187
Trd, 000274.133, 189
Trd, 000274.233, 192
Trd, 000274.583, 183
Trd, 000274.650, 182
Trd, 000275.600, 181
Trd, 000275.733, 181
Trd, 000275.783, 178
Trd, 000276.383, 185
Trd, 000276.733, 171
Trd, 000278.067, 183
Trd, 000278.167, 183
Trd, 000278.617, 182
Trd, 000278.850, 171
Trd, 000279.583, 178
Trd, 000279.950, 181
Trd, 000280.633, 176
Trd, 000281.250, 182
Trd, 000281.317, 176
Trd, 000281.517, 184
Trd, 000281.733, 183
Trd, 000282.083, 184
Trd, 000282.283, 186
Trd, 000282.850, 183
Trd, 000282.983, 184
Trd, 000283.083, 180
Trd, 000283.350, 165
Trd, 000283.850, 166
Trd, 000285.100, 176
Trd, 000285.867, 175
Trd, 000286.033, 170
Trd, 000286.050, 176
Trd, 000286.467, 171
Trd, 000286.583, 179
Trd, 000287.617, 173
Trd, 000287.783, 184
Trd, 000288.067, 181
Trd, 000288.633, 170
Trd, 000288.667, 181
Trd, 000288.850, 182
Trd, 000289.550, 180
Trd, 000290.750, 180
Trd, 000291.167, 181
Trd, 000291.533, 177
Trd, 000292.433, 178
Trd, 000292.567, 179
Trd, 000292.683, 177
Trd, 000292.750, 180
Trd, 000294.067, 178
Trd, 000294.750, 179
Trd, 000295.150, 175
Trd, 000295.450, 175
Trd, 000295.667, 177
Trd, 000295.950, 166
Trd, 000296.033, 178
Trd, 000296.917, 169
Trd, 000297.433, 179
Trd, 000297.533, 180
Trd, 000298.083, 185
Trd, 000299.917, 179
