Trd, 000001.900, 179
Trd, 000002.700, 167
Trd, 000003.067, 168
Trd, 000004.667, 186
Trd, 000004.700, 174
Trd, 000004.883, 169
Trd, 000005.750, 165
Trd, 000006.033, 162
Trd, 000006.600, 142
Trd, 000006.983, 153
Trd, 000007.317, 152
Trd, 000007.667, 153
Trd, 000007.917, 159
Trd, 000008.300, 155
Trd, 000008.967, 156
Trd, 000009.250, 154
Trd, 000010.350, 163
Trd, 000010.400, 154
Trd, 000010.917, 159
Trd, 000011.717, 142
Trd, 000013.917, 161
Trd, 000014.000, 166
Trd, 000014.500, 158
Trd, 000015.300, 157
Trd, 000015.500, 158
Trd, 000015.983, 158
Trd, 000016.733, 157
Trd, 000017.500, 156
Trd, 000017.933, 158
Trd, 000018.183, 155
Trd, 000019.317, 155
Trd, 000019.733, 157
Trd, 000020.067, 155
Trd, 000020.133, 163
Trd, 000020.200, 156
Trd, 000020.433, 155
Trd, 000021.367, 158
Trd, 000021.733, 159
Trd, 000022.283, 158
Trd, 000023.367, 159
Trd, 000023.483, 155
Trd, 000024.033, 157
Trd, 000025.733, 160
Trd, 000025.800, 156
Trd, 000026.183, 155
Trd, 000026.367, 154
Trd, 000027.250, 155
Trd, 000027.900, 161
Trd, 000028.233, 154
Trd, 000028.283, 158
Trd, 000029.033, 154
Trd, 000030.083, 156
Trd, 000030.483, 156
Trd, 000031.533, 159
Trd, 000032.850, 157
Trd, 000033.383, 159
Trd, 000034.283, 156
Trd, 000034.600, 159
Trd, 000035.433, 155
Trd, 000035.467, 159
Trd, 000035.750, 158
Trd, 000035.883, 155
Trd, 000036.050, 154
Trd, 000036.533, 155
Trd, 000037.067, 155
Trd, 000037.350, 155
Trd, 000037.567, 144
Trd, 000038.150, 155
Trd, 000038.450, 152
Trd, 000039.750, 152
Trd, 000039.983, 152
Trd, 000041.083, 152
Trd, 000042.917, 155
Trd, 000043.317, 157
Trd, 000044.117, 158
Trd, 000044.167, 156
Trd, 000044.467, 155
Trd, 000044.600, 155
Trd, 000046.300, 156
Trd, 000046.400, 157
Trd, 000047.317, 158
Trd, 000048.517, 157
Trd, 000049.083, 160
Trd, 000049.133, 162
Trd, 000049.350, 157
Trd, 000049.400, 156
Trd, 000051.467, 164
Trd, 000051.750, 164
Trd, 000052.333, 163
Trd, 000052.767, 165
Trd, 000052.817, 163
Trd, 000052.833, 162
Trd, 000052.917, 161
Trd, 000053.000, 163
Trd, 000053.050, 160
Trd, 000053.517, 156
Trd, 000054.500, 149
Trd, 000054.983, 164
Trd, 000056.517, 161
Trd, 000058.033, 163
Trd, 000058.600, 162
Trd, 000058.867, 164
Trd, 000059.067, 163
Trd, 000059.200, 162
Trd, 000059.617, 161
Trd, 000060.550, 167
Trd, 000062.150, 163
Trd, 000062.167, 162
Trd, 000062.467, 161
Trd, 000062.500, 162
Trd, 000062.950, 159
Trd, 000063.333, 164
Trd, 000063.767, 166
Trd, 000065.150, 168
Trd, 000065.433, 163
Trd, 000065.833, 162
Trd, 000066.100, 162
Trd, 000067.167, 165
Trd, 000067.550, 165
Trd, 000068.217, 165
Trd, 000068.867, 164
Trd, 000068.983, 164
Trd, 000069.150, 172
Trd, 000069.450, 165
Trd, 000070.167, 165
Trd, 000070.917, 158
Trd, 000071.667, 165
Trd, 000072.017, 168
Trd, 000072.667, 165
Trd, 000073.217, 166
Trd, 000073.867, 165
Trd, 000074.933, 165
Trd, 000075.150, 164
Trd, 000075.667, 175
Trd, 000075.933, 163
Trd, 000076.833, 166
Trd, 000077.650, 164
Trd, 000078.600, 168
Trd, 000079.517, 168
Trd, 000079.900, 168
Trd, 000080.200, 167
Trd, 000080.233, 166
Trd, 000081.000, 169
Trd, 000081.167, 164
Trd, 000081.267, 163
Trd, 000082.450, 170
Trd, 000082.550, 161
Trd, 000083.650, 163
Trd, 000084.250, 162
Trd, 000085.317, 161
Trd, 000085.433, 160
Trd, 000085.800, 164
Trd, 000085.900, 159
Trd, 000086.150, 166
Trd, 000086.850, 149
Trd, 000087.300, 153
Trd, 000088.067, 154
Trd, 000088.600, 167
Trd, 000088.750, 171
Trd, 000088.817, 160
Trd, 000089.300, 164
Trd, 000089.317, 159
Trd, 000090.150, 163
Trd, 000090.767, 162
Trd, 000090.817, 161
Trd, 000092.450, 161
Trd, 000092.750, 160
Trd, 000094.333, 167
Trd, 000094.783, 162
Trd, 000094.867, 160
Trd, 000094.917, 159
Trd, 000095.817, 160
Trd, 000096.350, 159
Trd, 000096.933, 160
Trd, 000097.567, 157
Trd, 000098.700, 161
Trd, 000098.733, 161
Trd, 000098.850, 168
Trd, 000099.800, 162
Trd, 000099.933, 161
Trd, 000100.517, 161
Trd, 000100.617, 162
Trd, 000101.117, 161
Trd, 000101.800, 160
Trd, 000102.150, 162
Trd, 000103.283, 161
Trd, 000103.733, 159
Trd, 000104.783, 163
Trd, 000105.217, 168
Trd, 000105.467, 171
Trd, 000106.083, 162
Trd, 000106.333, 161
Trd, 000107.200, 160
Trd, 000108.617, 162
Trd, 000108.800, 166
Trd, 000109.050, 165
Trd, 000109.317, 164
Trd, 000110.017, 169
Trd, 000110.417, 171
Trd, 000110.433, 167
Trd, 000110.850, 169
Trd, 000111.867, 171
Trd, 000112.317, 171
Trd, 000113.100, 170
Trd, 000113.183, 169
Trd, 000113.533, 169
Trd, 000114.200, 167
Trd, 000114.833, 172
Trd, 000114.850, 166
Trd, 000115.317, 173
Trd, 000115.583, 162
Trd, 000116.183, 156
Trd, 000116.317, 179
Trd, 000117.417, 154
Trd, 000117.617, 153
Trd, 000118.883, 161
Trd, 000119.517, 161
Trd, 000119.533, 160
Trd, 000119.867, 162
Trd, 000120.583, 166
Trd, 000120.900, 164
Trd, 000121.567, 164
Trd, 000122.083, 163
Trd, 000122.400, 167
Trd, 000122.600, 170
Trd, 000123.600, 170
Trd, 000124.000, 163
Trd, 000124.683, 163
Trd, 000124.850, 163
Trd, 000125.050, 162
Trd, 000125.067, 163
Trd, 000125.533, 153
Trd, 000128.767, 161
Trd, 000128.850, 162
Trd, 000129.000, 163
Trd, 000129.267, 159
Trd, 000129.467, 158
Trd, 000129.583, 164
Trd, 000130.767, 167
Trd, 000131.350, 164
Trd, 000132.317, 165
Trd, 000132.967, 164
Trd, 000133.517, 166
Trd, 000134.950, 166
Trd, 000135.183, 166
Trd, 000135.233, 165
Trd, 000135.283, 167
Trd, 000135.900, 167
Trd, 000135.933, 168
Trd, 000136.000, 165
Trd, 000136.350, 164
Trd, 000136.500, 171
Trd, 000136.583, 181
Trd, 000138.433, 169
Trd, 000138.767, 168
Trd, 000139.117, 167
Trd, 000139.617, 170
Trd, 000140.267, 169
Trd, 000140.583, 172
Trd, 000142.567, 169
Trd, 000142.850, 170
Trd, 000143.000, 166
Trd, 000144.300, 169
Trd, 000145.050, 173
Trd, 000145.350, 174
Trd, 000146.283, 173
Trd, 000146.667, 173
Trd, 000146.683, 172
Trd, 000146.783, 172
Trd, 000146.900, 171
Trd, 000147.100, 169
Trd, 000148.133, 170
Trd, 000148.367, 167
Trd, 000149.100, 171
Trd, 000149.117, 168
Trd, 000149.350, 167
Trd, 000149.433, 166
Trd, 000149.917, 149
Trd, 000150.067, 166
Trd, 000150.900, 171
Trd, 000151.383, 163
Trd, 000151.683, 169
Trd, 000152.117, 163
Trd, 000152.333, 163
Trd, 000154.500, 167
Trd, 000155.750, 168
Trd, 000156.150, 169
Trd, 000157.183, 170
Trd, 000157.533, 171
Trd, 000158.500, 172
Trd, 000158.800, 174
Trd, 000159.633, 184
Trd, 000159.750, 171
Trd, 000160.683, 173
Trd, 000161.933, 176
Trd, 000162.200, 178
Trd, 000162.517, 174
Trd, 000163.317, 173
Trd, 000163.983, 172
Trd, 000164.333, 178
Trd, 000165.467, 176
Trd, 000166.167, 176
Trd, 000166.233, 175
Trd, 000166.383, 174
Trd, 000166.400, 174
Trd, 000166.733, 174
Trd, 000167.783, 170
Trd, 000168.367, 171
Trd, 000168.867, 171
Trd, 000169.200, 172
Trd, 000169.250, 171
Trd, 000170.083, 170
Trd, 000170.117, 172
Trd, 000170.800, 169
Trd, 000171.517, 168
Trd, 000171.700, 175
Trd, 000172.867, 172
Trd, 000173.450, 171
Trd, 000173.750, 170
Trd, 000174.317, 169
Trd, 000174.717, 171
Trd, 000175.000, 172
Trd, 000175.017, 175
Trd, 000175.767, 169
Trd, 000176.217, 168
Trd, 000176.983, 169
Trd, 000177.517, 173
Trd, 000178.217, 169
Trd, 000178.300, 168
Trd, 000179.083, 168
Trd, 000179.217, 176
Trd, 000179.233, 167
Trd, 000179.983, 163
Trd, 000180.350, 168
Trd, 000180.500, 162
Trd, 000182.650, 169
Trd, 000183.550, 168
Trd, 000183.850, 169
Trd, 000184.050, 166
Trd, 000184.867, 167
Trd, 000185.967, 168
Trd, 000186.067, 166
Trd, 000186.383, 169
Trd, 000186.433, 166
Trd, 000186.550, 176
Trd, 000187.267, 170
Trd, 000187.433, 167
Trd, 000187.517, 173
Trd, 000189.317, 170
Trd, 000189.733, 172
Trd, 000191.183, 174
Trd, 000191.233, 172
Trd, 000191.683, 172
Trd, 000191.917, 171
Trd, 000192.533, 175
Trd, 000192.700, 175
Trd, 000192.767, 177
Trd, 000195.017, 175
Trd, 000195.117, 175
Trd, 000195.750, 181
Trd, 000196.383, 175
Trd, 000197.967, 177
Trd, 000198.167, 176
Trd, 000198.233, 181
Trd, 000199.183, 177
Trd, 000199.850, 176
Trd, 000200.350, 175
Trd, 000200.583, 171
Trd, 000200.700, 161
Trd, 000201.350, 177
Trd, 000201.667, 169
Trd, 000202.017, 167
Trd, 000202.217, 154
Trd, 000202.717, 180
Trd, 000202.850, 178
Trd, 000204.233, 170
Trd, 000205.617, 170
Trd, 000206.317, 169
Trd, 000207.317, 172
Trd, 000207.683, 173
Trd, 000208.200, 175
Trd, 000209.167, 176
Trd, 000209.233, 174
Trd, 000209.350, 172
Trd, 000209.833, 172
Trd, 000210.767, 176
Trd, 000210.983, 172
Trd, 000211.400, 175
Trd, 000211.467, 176
Trd, 000211.767, 183
Trd, 000213.183, 177
Trd, 000213.750, 179
Trd, 000214.617, 183
Trd, 000214.683, 178
Trd, 000214.950, 178
Trd, 000215.050, 176
Trd, 000215.367, 178
Trd, 000217.050, 177
Trd, 000217.867, 182
Trd, 000217.933, 185
Trd, 000218.250, 181
Trd, 000219.583, 186
Trd, 000219.883, 181
Trd, 000220.033, 181
Trd, 000220.317, 181
Trd, 000220.383, 181
Trd, 000221.333, 180
Trd, 000221.383, 173
Trd, 000222.417, 164
Trd, 000224.100, 181
Trd, 000224.450, 178
Trd, 000224.583, 180
Trd, 000224.650, 184
Trd, 000225.217, 178
Trd, 000225.417, 177
Trd, 000225.750, 177
Trd, 000226.333, 178
Trd, 000227.833, 176
Trd, 000229.183, 177
Trd, 000229.583, 174
Trd, 000229.850, 178
Trd, 000230.500, 179
Trd, 000231.633, 179
Trd, 000232.083, 178
Trd, 000232.183, 175
Trd, 000232.200, 174
Trd, 000232.233, 179
Trd, 000233.467, 174
Trd, 000233.833, 181
Trd, 000235.133, 181
Trd, 000235.250, 176
Trd, 000235.267, 174
Trd, 000235.683, 160
Trd, 000236.300, 174
Trd, 000236.583, 174
Trd, 000237.267, 175
Trd, 000237.283, 182
Trd, 000237.417, 173
Trd, 000238.200, 175
Trd, 000238.400, 175
Trd, 000239.000, 175
Trd, 000239.900, 178
Trd, 000240.200, 178
Trd, 000240.533, 177
Trd, 000240.617, 175
Trd, 000241.033, 175
Trd, 000241.467, 176
Trd, 000241.500, 177
Trd, 000241.883, 185
Trd, 000242.617, 179
Trd, 000242.667, 178
Trd, 000243.083, 175
Trd, 000243.483, 175
Trd, 000243.750, 175
Trd, 000243.800, 174
Trd, 000244.700, 177
Trd, 000246.017, 178
Trd, 000246.467, 176
Trd, 000246.917, 175
Trd, 000246.967, 166
Trd, 000247.350, 166
Trd, 000247.433, 177
Trd, 000247.750, 171
Trd, 000248.233, 168
Trd, 000248.933, 172
Trd, 000249.250, 170
Trd, 000249.500, 169
Trd, 000249.517, 173
Trd, 000249.900, 168
Trd, 000250.433, 168
Trd, 000251.250, 166
Trd, 000251.450, 167
Trd, 000251.850, 170
Trd, 000253.200, 170
Trd, 000253.600, 170
Trd, 000253.817, 169
Trd, 000253.967, 173
Trd, 000254.783, 168
Trd, 000255.217, 167
Trd, 000255.567, 167
Trd, 000255.750, 168
Trd, 000256.683, 172
Trd, 000256.867, 171
Trd, 000256.917, 170
Trd, 000257.483, 173
Trd, 000257.750, 177
Trd, 000258.033, 179
Trd, 000258.850, 174
Trd, 000259.533, 173
Trd, 000259.783, 172
Trd, 000260.733, 172
Trd, 000260.867, 171
Trd, 000261.283, 171
Trd, 000261.933, 172
Trd, 000262.133, 174
Trd, 000262.233, 174
Trd, 000262.517, 172
Trd, 000263.367, 177
Trd, 000263.700, 180
Trd, 000263.850, 172
Trd, 000264.333, 179
Trd, 000264.400, 180
Trd, 000264.717, 177
Trd, 000265.000, 172
Trd, 000265.067, 172
Trd, 000265.683, 180
Trd, 000265.817, 184
Trd, 000267.250, 178
Trd, 000267.450, 176
Trd, 000267.667, 173
Trd, 000268.233, 175
Trd, 000268.650, 169
Trd, 000268.833, 172
Trd, 000269.217, 174
Trd, 000269.633, 185
Trd, 000270.117, 188
Trd, 000270.533, 185
Trd, 000270.817, 189
Trd, 000270.850, 179
Trd, 000271.583, 179
Trd, 000272.583, 178
Trd, 000272.600, 182
Trd, 000272.817, 178
Trd, 000273.900, 181
Trd, 000274.217, 181
Trd, 000274.367, 181
Trd, 000274.600, 187
Trd, 000275.083, 179
Trd, 000275.600, 181
Trd, 000275.750, 185
Trd, 000276.150, 181
Trd, 000276.317, 186
Trd, 000276.767, 181
Trd, 000277.400, 179
Trd, 000277.633, 180
Trd, 000277.817, 183
Trd, 000278.000, 179
Trd, 000278.917, 171
Trd, 000279.400, 182
Trd, 000279.783, 182
Trd, 000279.983, 181
Trd, 000280.083, 183
Trd, 000280.383, 181
Trd, 000280.417, 172
Trd, 000281.250, 169
Trd, 000282.083, 162
Trd, 000282.217, 144
Trd, 000282.533, 147
Trd, 000282.567, 163
Trd, 000282.900, 169
Trd, 000283.100, 176
Trd, 000283.300, 179
Trd, 000283.833, 183
Trd, 000283.883, 169
Trd, 000284.567, 178
Trd, 000285.150, 171
Trd, 000285.483, 174
Trd, 000285.767, 170
Trd, 000286.983, 169
Trd, 000287.900, 173
Trd, 000287.983, 172
Trd, 000288.767, 172
Trd, 000289.433, 180
Trd, 000289.700, 185
Trd, 000290.000, 187
Trd, 000290.083, 180
Trd, 000290.133, 179
Trd, 000290.900, 183
Trd, 000291.633, 180
Trd, 000291.667, 184
Trd, 000291.883, 191
Trd, 000292.283, 178
Trd, 000292.850, 180
Trd, 000293.300, 180
Trd, 000293.567, 180
Trd, 000293.600, 179
Trd, 000293.817, 170
Trd, 000294.283, 186
Trd, 000294.933, 182
Trd, 000295.033, 186
Trd, 000295.217, 181
Trd, 000295.667, 180
Trd, 000296.050, 185
Trd, 000297.233, 181
Trd, 000297.883, 179
Trd, 000298.300, 181
Trd, 000298.450, 180
Trd, 000299.200, 179
