Trd, 000002.250, 139
Trd, 000003.133, 172
Trd, 000003.183, 159
Trd, 000003.433, 140
Trd, 000003.967, 148
Trd, 000004.083, 149
Trd, 000004.733, 153
Trd, 000005.617, 154
Trd, 000005.800, 148
Trd, 000005.833, 155
Trd, 000006.933, 152
Trd, 000008.967, 153
Trd, 000009.583, 150
Trd, 000009.850, 152
Trd, 000011.283, 150
Trd, 000011.300, 142
Trd, 000012.367, 150
Trd, 000012.433, 152
Trd, 000013.017, 150
Trd, 000013.283, 150
Trd, 000013.950, 152
Trd, 000014.183, 156
Trd, 000015.033, 149
Trd, 000016.267, 150
Trd, 000016.517, 153
Trd, 000017.850, 149
Trd, 000018.283, 155
Trd, 000018.467, 157
Trd, 000018.567, 159
Trd, 000018.967, 149
Trd, 000021.133, 150
Trd, 000022.383, 152
Trd, 000024.233, 153
Trd, 000024.700, 153
Trd, 000025.133, 152
Trd, 000025.883, 151
Trd, 000026.167, 150
Trd, 000026.950, 150
Trd, 000027.217, 150
Trd, 000028.033, 151
Trd, 000028.283, 157
Trd, 000028.850, 147
Trd, 000028.900, 155
Trd, 000028.933, 143
Trd, 000029.750, 160
Trd, 000030.150, 161
Trd, 000030.683, 154
Trd, 000032.533, 156
Trd, 000032.617, 159
Trd, 000032.767, 168
Trd, 000033.967, 153
Trd, 000035.350, 154
Trd, 000035.717, 153
Trd, 000036.317, 154
Trd, 000036.533, 156
Trd, 000037.183, 159
Trd, 000037.517, 152
Trd, 000037.617, 152
Trd, 000037.817, 160
Trd, 000038.633, 147
Trd, 000038.950, 151
Trd, 000039.867, 151
Trd, 000040.383, 162
Trd, 000042.767, 155
Trd, 000043.500, 154
Trd, 000043.900, 148
Trd, 000044.333, 149
Trd, 000044.383, 152
Trd, 000044.450, 157
Trd, 000045.450, 159
Trd, 000046.200, 170
Trd, 000046.550, 162
Trd, 000047.017, 163
Trd, 000047.050, 162
Trd, 000047.683, 157
Trd, 000048.483, 153
Trd, 000048.567, 158
Trd, 000050.150, 157
Trd, 000050.633, 158
Trd, 000051.267, 157
Trd, 000051.350, 159
Trd, 000051.633, 148
Trd, 000052.850, 160
Trd, 000053.400, 160
Trd, 000054.300, 151
Trd, 000054.933, 153
Trd, 000055.100, 158
Trd, 000055.217, 163
Trd, 000055.667, 167
Trd, 000057.300, 162
Trd, 000057.517, 158
Trd, 000057.817, 162
Trd, 000058.100, 162
Trd, 000059.150, 166
Trd, 000059.750, 156
Trd, 000060.250, 157
Trd, 000061.167, 161
Trd, 000061.267, 156
Trd, 000062.933, 157
Trd, 000063.467, 160
Trd, 000064.300, 161
Trd, 000064.867, 156
Trd, 000064.950, 160
Trd, 000065.667, 156
Trd, 000066.417, 155
Trd, 000066.450, 157
Trd, 000067.250, 158
Trd, 000069.467, 155
Trd, 000070.000, 155
Trd, 000071.150, 154
Trd, 000071.283, 154
Trd, 000071.883, 156
Trd, 000072.567, 155
Trd, 000072.833, 153
Trd, 000073.450, 153
Trd, 000073.517, 162
Trd, 000074.550, 155
Trd, 000075.467, 155
Trd, 000075.583, 152
Trd, 000075.817, 154
Trd, 000076.433, 154
Trd, 000077.633, 155
Trd, 000078.083, 155
Trd, 000078.300, 155
Trd, 000079.267, 156
Trd, 000079.750, 153
Trd, 000080.733, 165
Trd, 000080.867, 155
Trd, 000083.117, 158
Trd, 000083.400, 158
Trd, 000083.500, 155
Trd, 000084.450, 157
Trd, 000085.300, 156
Trd, 000085.517, 157
Trd, 000086.233, 156
Trd, 000086.600, 156
Trd, 000086.633, 156
Trd, 000087.117, 157
Trd, 000087.317, 157
Trd, 000088.667, 157
Trd, 000088.883, 157
Trd, 000089.500, 158
Trd, 000090.783, 158
Trd, 000090.917, 157
Trd, 000091.917, 157
Trd, 000092.250, 158
Trd, 000092.867, 158
Trd, 000092.967, 164
Trd, 000093.133, 167
Trd, 000093.433, 167
Trd, 000095.200, 162
Trd, 000095.833, 164
Trd, 000096.133, 163
Trd, 000096.633, 158
Trd, 000097.367, 155
Trd, 000097.683, 155
Trd, 000098.650, 157
Trd, 000099.633, 154
Trd, 000100.383, 157
Trd, 000100.400, 158
Trd, 000101.167, 157
Trd, 000101.283, 158
Trd, 000102.583, 161
Trd, 000103.300, 157
Trd, 000103.583, 155
Trd, 000103.650, 164
Trd, 000105.083, 154
Trd, 000105.267, 159
Trd, 000105.967, 159
Trd, 000106.200, 161
Trd, 000108.283, 158
Trd, 000108.750, 158
Trd, 000108.933, 159
Trd, 000108.950, 160
Trd, 000109.650, 161
Trd, 000111.450, 160
Trd, 000111.717, 164
Trd, 000111.750, 161
Trd, 000112.683, 161
Trd, 000113.250, 159
Trd, 000114.100, 160
Trd, 000114.533, 161
Trd, 000115.467, 161
Trd, 000115.500, 160
Trd, 000115.950, 160
Trd, 000116.150, 152
Trd, 000116.700, 161
Trd, 000116.800, 162
Trd, 000117.200, 169
Trd, 000117.867, 177
Trd, 000118.417, 162
Trd, 000118.500, 158
Trd, 000118.850, 166
Trd, 000119.150, 167
Trd, 000119.967, 166
Trd, 000121.617, 161
Trd, 000121.850, 155
Trd, 000121.933, 163
Trd, 000122.733, 167
Trd, 000123.650, 169
Trd, 000123.900, 161
Trd, 000124.050, 160
Trd, 000124.783, 160
Trd, 000125.350, 168
Trd, 000125.717, 168
Trd, 000127.533, 163
Trd, 000127.967, 163
Trd, 000128.083, 164
Trd, 000129.267, 168
Trd, 000129.617, 177
Trd, 000130.383, 169
Trd, 000130.417, 161
Trd, 000131.417, 161
Trd, 000132.700, 161
Trd, 000133.400, 168
Trd, 000134.000, 160
Trd, 000134.217, 160
Trd, 000134.733, 159
Trd, 000135.233, 161
Trd, 000135.517, 167
Trd, 000136.150, 171
Trd, 000137.217, 164
Trd, 000137.767, 165
Trd, 000137.800, 165
Trd, 000137.933, 166
Trd, 000138.433, 166
Trd, 000139.350, 177
Trd, 000141.033, 165
Trd, 000143.133, 170
Trd, 000143.500, 167
Trd, 000143.700, 171
Trd, 000145.117, 167
Trd, 000145.883, 170
Trd, 000146.167, 171
Trd, 000146.533, 172
Trd, 000146.917, 166
Trd, 000148.050, 166
Trd, 000148.333, 168
Trd, 000149.017, 168
Trd, 000149.333, 167
Trd, 000149.417, 165
Trd, 000149.683, 163
Trd, 000150.300, 168
Trd, 000151.117, 163
Trd, 000151.350, 170
Trd, 000152.417, 160
Trd, 000152.667, 170
Trd, 000153.033, 168
Trd, 000153.767, 172
Trd, 000155.200, 169
Trd, 000155.800, 172
Trd, 000156.050, 173
Trd, 000156.800, 169
Trd, 000157.067, 170
Trd, 000157.617, 176
Trd, 000157.850, 169
Trd, 000158.683, 157
Trd, 000159.800, 157
Trd, 000160.283, 173
Trd, 000160.467, 173
Trd, 000161.267, 167
Trd, 000162.383, 171
Trd, 000162.850, 171
Trd, 000163.117, 171
Trd, 000163.600, 170
Trd, 000163.883, 167
Trd, 000164.883, 170
Trd, 000165.083, 171
Trd, 000165.283, 168
Trd, 000166.067, 167
Trd, 000167.067, 172
Trd, 000167.433, 172
Trd, 000167.683, 171
Trd, 000168.283, 171
Trd, 000169.517, 170
Trd, 000170.333, 172
Trd, 000170.367, 173
Trd, 000171.600, 201
Trd, 000171.667, 169
Trd, 000172.417, 169
Trd, 000173.000, 175
Trd, 000173.183, 165
Trd, 000174.783, 165
Trd, 000175.150, 164
Trd, 000175.550, 165
Trd, 000175.783, 167
Trd, 000175.900, 168
Trd, 000176.267, 165
Trd, 000176.700, 166
Trd, 000177.867, 163
Trd, 000178.733, 165
Trd, 000179.383, 163
Trd, 000179.567, 164
Trd, 000179.583, 162
Trd, 000179.683, 165
Trd, 000180.050, 197
Trd, 000180.383, 193
Trd, 000180.767, 180
Trd, 000181.533, 178
Trd, 000182.033, 177
Trd, 000182.067, 179
Trd, 000182.900, 164
Trd, 000183.117, 164
Trd, 000183.150, 166
Trd, 000184.000, 172
Trd, 000185.283, 166
Trd, 000185.383, 164
Trd, 000186.533, 162
Trd, 000187.250, 167
Trd, 000187.600, 167
Trd, 000187.650, 164
Trd, 000187.800, 174
Trd, 000188.683, 168
Trd, 000188.767, 167
Trd, 000190.967, 170
Trd, 000191.967, 169
Trd, 000192.350, 172
Trd, 000193.367, 176
Trd, 000194.650, 168
Trd, 000195.383, 169
Trd, 000195.483, 168
Trd, 000196.300, 168
Trd, 000196.817, 168
Trd, 000197.217, 170
Trd, 000197.733, 170
Trd, 000198.383, 168
Trd, 000199.383, 168
Trd, 000200.483, 167
Trd, 000201.100, 167
Trd, 000201.233, 168
Trd, 000201.800, 167
Trd, 000202.267, 167
Trd, 000202.867, 168
Trd, 000204.017, 175
Trd, 000204.500, 173
Trd, 000204.700, 169
Trd, 000204.733, 178
Trd, 000205.100, 167
Trd, 000206.583, 178
Trd, 000207.000, 173
Trd, 000207.783, 171
Trd, 000208.100, 169
Trd, 000208.467, 174
Trd, 000209.750, 175
Trd, 000210.600, 172
Trd, 000211.217, 170
Trd, 000211.550, 175
Trd, 000211.567, 176
Trd, 000212.317, 170
Trd, 000213.017, 169
Trd, 000213.333, 165
Trd, 000213.867, 179
Trd, 000214.983, 169
Trd, 000216.067, 171
Trd, 000216.733, 174
Trd, 000217.367, 173
Trd, 000217.850, 175
Trd, 000218.650, 174
Trd, 000218.733, 174
Trd, 000219.017, 171
Trd, 000219.750, 175
Trd, 000219.967, 177
Trd, 000220.000, 170
Trd, 000220.367, 170
Trd, 000221.367, 177
Trd, 000222.633, 172
Trd, 000223.450, 173
Trd, 000224.217, 170
Trd, 000226.267, 171
Trd, 000226.567, 173
Trd, 000227.150, 174
Trd, 000227.183, 181
Trd, 000228.150, 175
Trd, 000228.533, 172
Trd, 000229.783, 172
Trd, 000230.033, 174
Trd, 000230.917, 175
Trd, 000231.083, 177
Trd, 000231.200, 171
Trd, 000232.817, 171
Trd, 000233.267, 178
Trd, 000234.117, 177
Trd, 000234.267, 177
Trd, 000235.017, 178
Trd, 000235.217, 181
Trd, 000235.717, 198
Trd, 000235.883, 191
Trd, 000236.167, 191
Trd, 000236.650, 190
Trd, 000236.667, 201
Trd, 000237.867, 199
Trd, 000238.183, 194
Trd, 000238.233, 190
Trd, 000238.317, 178
Trd, 000238.467, 201
Trd, 000239.000, 171
Trd, 000239.833, 172
Trd, 000241.117, 182
Trd, 000241.633, 184
Trd, 000241.767, 185
Trd, 000241.783, 187
Trd, 000242.417, 186
Trd, 000242.533, 180
Trd, 000243.133, 175
Trd, 000243.783, 177
Trd, 000244.717, 178
Trd, 000245.200, 179
Trd, 000245.333, 179
Trd, 000245.550, 180
Trd, 000245.933, 179
Trd, 000245.967, 180
Trd, 000246.233, 176
Trd, 000246.833, 175
Trd, 000247.933, 174
Trd, 000247.983, 175
Trd, 000248.033, 174
Trd, 000248.617, 174
Trd, 000248.800, 169
Trd, 000249.083, 172
Trd, 000249.150, 169
Trd, 000249.533, 181
Trd, 000250.300, 177
Trd, 000250.450, 173
Trd, 000250.850, 172
Trd, 000251.067, 175
Trd, 000252.400, 173
Trd, 000252.467, 176
Trd, 000252.583, 173
Trd, 000252.800, 183
Trd, 000254.933, 183
Trd, 000254.967, 180
Trd, 000255.467, 179
Trd, 000255.533, 182
Trd, 000256.067, 181
Trd, 000256.700, 182
Trd, 000256.850, 184
Trd, 000256.900, 185
Trd, 000257.700, 184
Trd, 000257.817, 181
Trd, 000257.917, 185
Trd, 000258.800, 184
Trd, 000259.583, 185
Trd, 000260.033, 185
Trd, 000260.117, 182
Trd, 000261.283, 180
Trd, 000261.450, 180
Trd, 000261.900, 177
Trd, 000262.100, 177
Trd, 000262.533, 181
Trd, 000263.283, 179
Trd, 000263.850, 177
Trd, 000264.000, 177
Trd, 000264.333, 177
Trd, 000264.850, 178
Trd, 000265.033, 176
Trd, 000265.617, 179
Trd, 000265.833, 190
Trd, 000266.150, 179
Trd, 000266.883, 178
Trd, 000267.367, 183
Trd, 000267.733, 183
Trd, 000267.817, 178
Trd, 000268.067, 174
Trd, 000268.550, 173
Trd, 000269.283, 176
Trd, 000270.317, 179
Trd, 000270.667, 175
Trd, 000271.250, 181
Trd, 000271.450, 180
Trd, 000271.850, 182
Trd, 000271.933, 178
Trd, 000272.200, 182
Trd, 000272.417, 182
Trd, 000272.783, 184
Trd, 000273.033, 185
Trd, 000273.583, 182
Trd, 000274.717, 183
Trd, 000274.733, 183
Trd, 000275.117, 185
Trd, 000275.383, 192
Trd, 000276.567, 189
Trd, 000276.733, 185
Trd, 000277.083, 182
Trd, 000277.300, 182
Trd, 000277.683, 175
Trd, 000278.300, 174
Trd, 000279.183, 175
Trd, 000279.350, 169
Trd, 000279.967, 173
Trd, 000280.033, 176
Trd, 000280.117, 176
Trd, 000280.583, 172
Trd, 000280.983, 179
Trd, 000281.300, 183
Trd, 000281.583, 184
Trd, 000281.783, 174
Trd, 000281.867, 185
Trd, 000282.167, 178
Trd, 000282.950, 183
Trd, 000283.667, 178
Trd, 000283.717, 184
Trd, 000283.967, 178
Trd, 000284.100, 177
Trd, 000284.867, 182
Trd, 000286.450, 183
Trd, 000286.983, 181
Trd, 000287.167, 184
Trd, 000287.450, 176
Trd, 000287.517, 177
Trd, 000288.167, 183
Trd, 000288.600, 181
Trd, 000288.700, 183
Trd, 000290.383, 180
Trd, 000290.533, 183
Trd, 000290.650, 179
Trd, 000290.900, 187
Trd, 000290.917, 194
Trd, 000291.433, 191
Trd, 000291.450, 179
Trd, 000291.817, 188
Trd, 000291.883, 187
Trd, 000292.383, 202
Trd, 000292.850, 193
Trd, 000293.750, 194
Trd, 000294.033, 204
Trd, 000294.150, 192
Trd, 000294.467, 193
Trd, 000295.317, 192
Trd, 000295.400, 191
Trd, 000296.633, 191
Trd, 000297.217, 192
Trd, 000297.433, 192
Trd, 000297.517, 191
Trd, 000298.350, 184
Trd, 000299.000, 191
Trd, 000299.217, 191
Trd, 000299.333, 183
