Trd, 000000.550, 137
Trd, 000002.283, 166
Trd, 000002.717, 165
Trd, 000003.317, 164
Trd, 000003.433, 165
Trd, 000003.517, 140
Trd, 000004.283, 151
Trd, 000004.833, 148
Trd, 000006.500, 163
Trd, 000006.633, 164
Trd, 000007.733, 153
Trd, 000008.300, 151
Trd, 000008.817, 150
Trd, 000009.767, 149
Trd, 000010.600, 149
Trd, 000010.633, 148
Trd, 000011.850, 152
Trd, 000012.283, 153
Trd, 000013.217, 154
Trd, 000013.250, 152
Trd, 000014.267, 156
Trd, 000014.317, 158
Trd, 000014.383, 164
Trd, 000015.400, 159
Trd, 000016.517, 159
Trd, 000016.733, 159
Trd, 000017.050, 166
Trd, 000017.633, 167
Trd, 000017.800, 167
Trd, 000018.333, 165
Trd, 000018.633, 163
Trd, 000022.300, 166
Trd, 000022.900, 166
Trd, 000023.350, 167
Trd, 000023.900, 166
Trd, 000024.033, 159
Trd, 000024.500, 153
Trd, 000025.033, 165
Trd, 000026.100, 159
Trd, 000026.450, 160
Trd, 000026.633, 160
Trd, 000027.050, 161
Trd, 000027.200, 160
Trd, 000028.283, 163
Trd, 000028.417, 160
Trd, 000029.050, 154
Trd, 000029.400, 154
Trd, 000029.750, 157
Trd, 000029.950, 156
Trd, 000030.700, 140
Trd, 000031.033, 127
Trd, 000031.317, 148
Trd, 000031.650, 125
Trd, 000032.783, 142
Trd, 000033.433, 143
Trd, 000034.683, 146
Trd, 000034.883, 146
Trd, 000034.967, 148
Trd, 000036.400, 151
Trd, 000036.817, 168
Trd, 000037.183, 172
Trd, 000037.483, 153
Trd, 000038.083, 152
Trd, 000038.850, 151
Trd, 000039.000, 154
Trd, 000039.050, 157
Trd, 000040.167, 155
Trd, 000040.217, 151
Trd, 000040.250, 150
Trd, 000041.700, 156
Trd, 000041.983, 152
Trd, 000043.100, 155
Trd, 000043.300, 154
Trd, 000044.550, 156
Trd, 000045.033, 157
Trd, 000045.650, 168
Trd, 000046.000, 162
Trd, 000047.033, 169
Trd, 000047.133, 166
Trd, 000047.883, 175
Trd, 000047.917, 174
Trd, 000048.083, 174
Trd, 000048.200, 170
Trd, 000048.717, 161
Trd, 000049.267, 170
Trd, 000049.750, 165
Trd, 000050.867, 163
Trd, 000052.533, 167
Trd, 000052.550, 162
Trd, 000052.783, 166
Trd, 000052.917, 152
Trd, 000054.417, 159
Trd, 000055.000, 158
Trd, 000055.517, 156
Trd, 000055.617, 161
Trd, 000056.417, 159
Trd, 000056.617, 159
Trd, 000057.950, 162
Trd, 000058.867, 161
Trd, 000058.967, 163
Trd, 000059.150, 160
Trd, 000059.500, 164
Trd, 000060.450, 161
Trd, 000061.900, 164
Trd, 000062.533, 162
Trd, 000062.817, 165
Trd, 000063.567, 166
Trd, 000063.700, 167
Trd, 000063.983, 166
Trd, 000065.100, 165
Trd, 000065.417, 164
Trd, 000066.533, 163
Trd, 000066.600, 163
Trd, 000067.417, 159
Trd, 000067.767, 167
Trd, 000067.967, 167
Trd, 000069.033, 166
Trd, 000069.233, 165
Trd, 000069.283, 163
Trd, 000069.500, 170
Trd, 000069.683, 158
Trd, 000070.650, 169
Trd, 000071.183, 159
Trd, 000072.033, 168
Trd, 000072.150, 169
Trd, 000073.067, 162
Trd, 000073.550, 165
Trd, 000073.950, 164
Trd, 000076.233, 168
Trd, 000077.150, 165
Trd, 000078.433, 167
Trd, 000079.183, 165
Trd, 000080.183, 165
Trd, 000080.767, 164
Trd, 000081.033, 166
Trd, 000082.183, 164
Trd, 000082.517, 165
Trd, 000082.600, 162
Trd, 000082.633, 165
Trd, 000083.567, 165
Trd, 000084.317, 160
Trd, 000084.400, 164
Trd, 000084.450, 160
Trd, 000084.700, 160
Trd, 000086.383, 165
Trd, 000086.433, 166
Trd, 000086.983, 166
Trd, 000087.300, 173
Trd, 000087.483, 162
Trd, 000089.583, 165
Trd, 000089.617, 164
Trd, 000090.550, 161
Trd, 000090.600, 166
Trd, 000091.033, 160
Trd, 000091.400, 164
Trd, 000091.467, 164
Trd, 000091.917, 160
Trd, 000092.467, 161
Trd, 000092.800, 159
Trd, 000092.933, 158
Trd, 000093.450, 160
Trd, 000093.633, 161
Trd, 000093.700, 174
Trd, 000093.850, 181
Trd, 000094.500, 166
Trd, 000094.700, 184
Trd, 000095.817, 163
Trd, 000096.850, 156
Trd, 000097.033, 161
Trd, 000097.183, 165
Trd, 000097.467, 177
Trd, 000098.633, 168
Trd, 000098.750, 169
Trd, 000099.967, 163
Trd, 000100.817, 165
Trd, 000101.783, 166
Trd, 000103.117, 169
Trd, 000103.333, 168
Trd, 000104.650, 167
Trd, 000105.433, 168
Trd, 000105.667, 167
Trd, 000106.050, 167
Trd, 000106.750, 167
Trd, 000107.067, 168
Trd, 000107.183, 167
Trd, 000107.267, 168
Trd, 000107.567, 166
Trd, 000107.883, 163
Trd, 000108.833, 159
Trd, 000109.083, 173
Trd, 000110.100, 166
Trd, 000112.367, 169
Trd, 000112.433, 166
Trd, 000113.300, 168
Trd, 000113.367, 169
Trd, 000114.317, 170
Trd, 000114.767, 172
Trd, 000115.067, 170
Trd, 000115.133, 170
Trd, 000115.717, 171
Trd, 000115.900, 168
Trd, 000116.000, 162
Trd, 000116.183, 158
Trd, 000116.883, 171
Trd, 000117.167, 171
Trd, 000118.033, 168
Trd, 000118.233, 168
Trd, 000118.917, 167
Trd, 000120.367, 169
Trd, 000121.550, 170
Trd, 000121.633, 168
Trd, 000121.733, 167
Trd, 000122.117, 170
Trd, 000122.233, 167
Trd, 000122.900, 171
Trd, 000124.850, 168
Trd, 000125.250, 166
Trd, 000125.750, 167
Trd, 000125.767, 170
Trd, 000126.233, 168
Trd, 000127.517, 167
Trd, 000127.650, 169
Trd, 000127.800, 159
Trd, 000129.667, 169
Trd, 000129.700, 166
Trd, 000129.817, 164
Trd, 000130.317, 166
Trd, 000130.867, 170
Trd, 000130.983, 170
Trd, 000131.167, 164
Trd, 000131.333, 169
Trd, 000132.150, 164
Trd, 000133.267, 169
Trd, 000133.467, 166
Trd, 000133.483, 165
Trd, 000133.717, 168
Trd, 000133.867, 164
Trd, 000134.383, 178
Trd, 000134.433, 164
Trd, 000136.383, 170
Trd, 000136.967, 169
Trd, 000138.367, 163
Trd, 000138.717, 163
Trd, 000139.033, 163
Trd, 000139.783, 160
Trd, 000140.633, 165
Trd, 000140.833, 171
Trd, 000140.900, 166
Trd, 000141.150, 179
Trd, 000141.617, 168
Trd, 000142.683, 169
Trd, 000143.783, 165
Trd, 000143.967, 162
Trd, 000144.150, 178
Trd, 000144.767, 178
Trd, 000145.567, 152
Trd, 000146.133, 173
Trd, 000146.467, 164
Trd, 000146.617, 173
Trd, 000147.600, 173
Trd, 000148.200, 168
Trd, 000148.267, 167
Trd, 000149.217, 167
Trd, 000149.817, 168
Trd, 000150.500, 169
Trd, 000150.717, 170
Trd, 000151.383, 170
Trd, 000151.800, 168
Trd, 000152.000, 171
Trd, 000152.433, 175
Trd, 000153.150, 172
Trd, 000153.483, 171
Trd, 000154.133, 172
Trd, 000154.350, 174
Trd, 000155.200, 174
Trd, 000155.383, 171
Trd, 000155.883, 175
Trd, 000156.933, 175
Trd, 000157.417, 172
Trd, 000158.667, 172
Trd, 000159.433, 175
Trd, 000160.067, 173
Trd, 000160.817, 173
Trd, 000160.917, 170
Trd, 000161.083, 168
Trd, 000161.783, 168
Trd, 000162.433, 172
Trd, 000162.600, 172
Trd, 000163.200, 170
Trd, 000164.017, 172
Trd, 000164.467, 171
Trd, 000164.617, 168
Trd, 000164.933, 172
Trd, 000165.350, 173
Trd, 000165.583, 167
Trd, 000165.950, 167
Trd, 000166.800, 171
Trd, 000167.100, 174
Trd, 000168.467, 175
Trd, 000168.733, 166
Trd, 000169.500, 181
Trd, 000170.350, 173
Trd, 000171.217, 172
Trd, 000171.517, 178
Trd, 000171.933, 179
Trd, 000172.883, 178
Trd, 000172.917, 179
Trd, 000172.983, 171
Trd, 000174.217, 182
Trd, 000174.350, 174
Trd, 000175.250, 181
Trd, 000176.150, 183
Trd, 000176.900, 182
Trd, 000177.000, 180
Trd, 000178.467, 182
Trd, 000178.583, 183
Trd, 000178.800, 178
Trd, 000179.050, 178
Trd, 000179.433, 175
Trd, 000179.450, 182
Trd, 000179.533, 183
Trd, 000180.600, 170
Trd, 000180.800, 169
Trd, 000182.167, 165
Trd, 000182.617, 174
Trd, 000183.383, 174
Trd, 000183.533, 174
Trd, 000183.700, 174
Trd, 000183.967, 173
Trd, 000185.083, 170
Trd, 000185.250, 170
Trd, 000186.483, 169
Trd, 000187.283, 168
Trd, 000187.583, 167
Trd, 000188.283, 157
Trd, 000188.317, 156
Trd, 000188.550, 153
Trd, 000189.933, 163
Trd, 000189.950, 166
Trd, 000189.983, 168
Trd, 000190.600, 184
Trd, 000191.167, 162
Trd, 000191.383, 167
Trd, 000191.400, 174
Trd, 000191.717, 166
Trd, 000191.833, 172
Trd, 000192.567, 165
Trd, 000193.367, 170
Trd, 000194.383, 169
Trd, 000194.800, 168
Trd, 000194.850, 166
Trd, 000195.617, 165
Trd, 000195.750, 167
Trd, 000195.933, 165
Trd, 000196.483, 162
Trd, 000196.667, 157
Trd, 000196.983, 152
Trd, 000197.350, 164
Trd, 000198.317, 161
Trd, 000198.483, 160
Trd, 000198.817, 158
Trd, 000198.900, 185
Trd, 000201.267, 171
Trd, 000201.933, 168
Trd, 000202.233, 169
Trd, 000203.150, 175
Trd, 000203.183, 169
Trd, 000204.633, 171
Trd, 000205.267, 171
Trd, 000205.800, 172
Trd, 000205.833, 174
Trd, 000206.617, 172
Trd, 000206.967, 173
Trd, 000207.117, 171
Trd, 000207.517, 172
Trd, 000207.800, 172
Trd, 000208.733, 174
Trd, 000208.900, 175
Trd, 000209.683, 173
Trd, 000209.983, 173
Trd, 000210.000, 172
Trd, 000210.150, 174
Trd, 000210.417, 175
Trd, 000210.883, 175
Trd, 000211.067, 170
Trd, 000211.467, 167
Trd, 000211.700, 176
Trd, 000212.517, 175
Trd, 000212.900, 170
Trd, 000213.083, 169
Trd, 000214.233, 169
Trd, 000214.783, 167
Trd, 000215.233, 171
Trd, 000215.983, 170
Trd, 000216.183, 173
Trd, 000217.383, 173
Trd, 000217.900, 179
Trd, 000218.150, 172
Trd, 000219.217, 176
Trd, 000220.017, 177
Trd, 000220.083, 187
Trd, 000220.800, 181
Trd, 000221.017, 182
Trd, 000221.233, 192
Trd, 000221.467, 176
Trd, 000222.867, 183
Trd, 000223.100, 183
Trd, 000223.267, 182
Trd, 000223.683, 184
Trd, 000224.383, 185
Trd, 000224.550, 184
Trd, 000225.000, 180
Trd, 000225.250, 186
Trd, 000226.083, 179
Trd, 000228.733, 173
Trd, 000228.983, 183
Trd, 000229.000, 186
Trd, 000229.100, 171
Trd, 000229.367, 170
Trd, 000229.583, 162
Trd, 000230.667, 169
Trd, 000230.900, 185
Trd, 000231.400, 188
Trd, 000232.300, 175
Trd, 000232.400, 174
Trd, 000233.200, 172
Trd, 000234.067, 185
Trd, 000234.500, 171
Trd, 000234.917, 182
Trd, 000236.250, 172
Trd, 000236.983, 175
Trd, 000237.633, 176
Trd, 000237.767, 181
Trd, 000237.983, 174
Trd, 000238.217, 188
Trd, 000238.600, 178
Trd, 000239.417, 178
Trd, 000239.967, 177
Trd, 000240.050, 176
Trd, 000240.350, 180
Trd, 000240.983, 176
Trd, 000241.000, 175
Trd, 000241.383, 177
Trd, 000242.633, 180
Trd, 000243.117, 176
Trd, 000243.233, 177
Trd, 000243.500, 180
Trd, 000244.117, 179
Trd, 000244.500, 177
Trd, 000244.650, 175
Trd, 000244.900, 177
Trd, 000245.383, 177
Trd, 000245.833, 176
Trd, 000246.750, 175
Trd, 000246.833, 174
Trd, 000247.117, 174
Trd, 000247.217, 174
Trd, 000247.400, 176
Trd, 000248.383, 174
Trd, 000248.667, 175
Trd, 000248.717, 177
Trd, 000249.067, 173
Trd, 000249.567, 178
Trd, 000250.467, 171
Trd, 000250.817, 168
Trd, 000251.700, 174
Trd, 000251.767, 173
Trd, 000252.733, 173
Trd, 000252.917, 175
Trd, 000253.050, 178
Trd, 000253.367, 176
Trd, 000254.150, 175
Trd, 000254.367, 176
Trd, 000254.983, 174
Trd, 000255.000, 173
Trd, 000255.267, 172
Trd, 000255.667, 176
Trd, 000255.950, 170
Trd, 000256.300, 171
Trd, 000256.667, 169
Trd, 000256.817, 174
Trd, 000257.183, 166
Trd, 000257.967, 170
Trd, 000258.400, 170
Trd, 000258.533, 167
Trd, 000258.883, 170
Trd, 000258.933, 169
Trd, 000258.967, 174
Trd, 000260.100, 184
Trd, 000261.000, 175
Trd, 000261.933, 176
Trd, 000261.950, 174
Trd, 000262.200, 179
Trd, 000262.800, 189
Trd, 000263.617, 191
Trd, 000264.167, 183
Trd, 000264.400, 186
Trd, 000265.467, 183
Trd, 000265.783, 183
Trd, 000267.017, 182
Trd, 000267.117, 184
Trd, 000267.150, 182
Trd, 000267.483, 181
Trd, 000267.533, 185
Trd, 000268.167, 186
Trd, 000268.300, 184
Trd, 000269.183, 183
Trd, 000269.867, 182
Trd, 000271.100, 177
Trd, 000271.217, 175
Trd, 000271.367, 174
Trd, 000271.517, 181
Trd, 000271.950, 181
Trd, 000272.700, 180
Trd, 000272.950, 178
Trd, 000273.067, 176
Trd, 000273.483, 175
Trd, 000273.950, 179
Trd, 000274.300, 181
Trd, 000275.000, 180
Trd, 000275.033, 180
Trd, 000276.100, 176
Trd, 000277.033, 178
Trd, 000277.283, 177
Trd, 000277.400, 179
Trd, 000277.667, 178
Trd, 000277.967, 180
Trd, 000277.983, 187
Trd, 000278.600, 179
Trd, 000280.167, 179
Trd, 000280.367, 179
Trd, 000280.650, 184
Trd, 000280.767, 182
Trd, 000280.883, 184
Trd, 000281.417, 186
Trd, 000281.783, 181
Trd, 000281.833, 180
Trd, 000282.367, 181
Trd, 000282.900, 188
Trd, 000284.017, 181
Trd, 000284.133, 181
Trd, 000284.700, 180
Trd, 000284.817, 179
Trd, 000285.467, 183
Trd, 000285.983, 186
Trd, 000286.100, 181
Trd, 000286.317, 175
Trd, 000287.133, 183
Trd, 000287.233, 180
Trd, 000287.267, 186
Trd, 000287.867, 176
Trd, 000288.517, 185
Trd, 000289.083, 181
Trd, 000289.233, 180
Trd, 000290.067, 180
Trd, 000290.733, 181
Trd, 000291.017, 181
Trd, 000291.183, 182
Trd, 000291.533, 181
Trd, 000291.733, 182
Trd, 000292.333, 181
Trd, 000292.667, 179
Trd, 000293.217, 177
Trd, 000293.400, 179
Trd, 000293.450, 175
Trd, 000293.517, 182
Trd, 000294.117, 181
Trd, 000295.283, 182
Trd, 000295.600, 182
Trd, 000296.117, 187
Trd, 000296.200, 181
Trd, 000296.417, 194
Trd, 000296.983, 181
Trd, 000297.117, 198
Trd, 000298.550, 188
Trd, 000298.667, 196
Trd, 000299.667, 199
