Trd, 000001.250, 186
Trd, 000002.533, 148
Trd, 000002.883, 165
Trd, 000003.617, 200
Trd, 000006.117, 147
Trd, 000006.483, 146
Trd, 000006.517, 145
Trd, 000007.183, 146
Trd, 000007.383, 148
Trd, 000007.500, 142
Trd, 000008.317, 143
Trd, 000010.017, 143
Trd, 000010.083, 145
Trd, 000011.433, 144
Trd, 000011.683, 143
Trd, 000012.450, 144
Trd, 000013.533, 144
Trd, 000013.600, 145
Trd, 000013.633, 149
Trd, 000014.750, 158
Trd, 000014.933, 143
Trd, 000015.533, 150
Trd, 000015.833, 152
Trd, 000017.067, 155
Trd, 000017.417, 151
Trd, 000017.600, 156
Trd, 000019.617, 156
Trd, 000020.300, 147
Trd, 000021.200, 155
Trd, 000021.500, 156
Trd, 000022.083, 156
Trd, 000022.633, 154
Trd, 000023.067, 157
Trd, 000023.983, 154
Trd, 000025.517, 156
Trd, 000025.550, 155
Trd, 000025.767, 155
Trd, 000025.983, 155
Trd, 000026.100, 154
Trd, 000026.683, 157
Trd, 000027.867, 154
Trd, 000027.900, 153
Trd, 000028.383, 154
Trd, 000028.567, 153
Trd, 000028.833, 151
Trd, 000029.483, 156
Trd, 000029.533, 153
Trd, 000032.000, 156
Trd, 000032.233, 160
Trd, 000032.933, 159
Trd, 000032.967, 161
Trd, 000034.867, 156
Trd, 000035.183, 155
Trd, 000036.067, 155
Trd, 000036.267, 155
Trd, 000037.217, 159
Trd, 000037.250, 157
Trd, 000037.917, 155
Trd, 000039.400, 152
Trd, 000039.467, 160
Trd, 000039.917, 144
Trd, 000039.933, 152
Trd, 000040.583, 151
Trd, 000040.783, 145
Trd, 000041.817, 152
Trd, 000042.817, 153
Trd, 000042.883, 153
Trd, 000043.033, 155
Trd, 000044.517, 162
Trd, 000044.617, 166
Trd, 000044.833, 155
Trd, 000045.583, 153
Trd, 000045.767, 161
Trd, 000046.183, 152
Trd, 000046.767, 153
Trd, 000047.433, 159
Trd, 000048.367, 160
Trd, 000049.250, 161
Trd, 000049.283, 163
Trd, 000049.533, 155
Trd, 000050.017, 154
Trd, 000050.283, 153
Trd, 000051.233, 153
Trd, 000051.467, 153
Trd, 000051.750, 154
Trd, 000051.817, 156
Trd, 000052.467, 167
Trd, 000054.117, 158
Trd, 000054.533, 159
Trd, 000054.717, 156
Trd, 000054.983, 160
Trd, 000056.150, 155
Trd, 000056.733, 153
Trd, 000056.883, 155
Trd, 000057.367, 153
Trd, 000057.683, 155
Trd, 000058.033, 154
Trd, 000058.800, 155
Trd, 000060.150, 155
Trd, 000060.250, 154
Trd, 000060.350, 156
Trd, 000061.033, 155
Trd, 000063.100, 151
Trd, 000063.200, 151
Trd, 000063.383, 153
Trd, 000063.733, 150
Trd, 000064.233, 150
Trd, 000065.417, 151
Trd, 000065.667, 154
Trd, 000066.100, 152
Trd, 000066.133, 151
Trd, 000066.333, 157
Trd, 000066.733, 158
Trd, 000069.117, 155
Trd, 000069.317, 155
Trd, 000069.967, 156
Trd, 000070.400, 157
Trd, 000070.667, 159
Trd, 000070.750, 155
Trd, 000071.050, 165
Trd, 000072.683, 158
Trd, 000073.000, 159
Trd, 000074.267, 160
Trd, 000074.633, 159
Trd, 000074.883, 160
Trd, 000075.700, 159
Trd, 000076.150, 159
Trd, 000076.917, 159
Trd, 000077.283, 160
Trd, 000078.267, 159
Trd, 000078.550, 158
Trd, 000079.317, 157
Trd, 000079.467, 156
Trd, 000080.817, 160
Trd, 000081.983, 165
Trd, 000084.300, 161
Trd, 000084.317, 162
Trd, 000085.267, 166
Trd, 000085.417, 160
Trd, 000085.650, 160
Trd, 000085.733, 159
Trd, 000086.517, 163
Trd, 000087.617, 160
Trd, 000087.650, 158
Trd, 000087.917, 157
Trd, 000088.317, 161
Trd, 000088.900, 161
Trd, 000089.517, 166
Trd, 000089.933, 171
Trd, 000090.617, 164
Trd, 000092.200, 162
Trd, 000093.017, 158
Trd, 000093.683, 160
Trd, 000094.117, 163
Trd, 000094.967, 160
Trd, 000095.500, 161
Trd, 000096.350, 160
Trd, 000096.833, 159
Trd, 000097.200, 161
Trd, 000097.483, 157
Trd, 000097.533, 158
Trd, 000098.383, 157
Trd, 000099.083, 153
Trd, 000099.367, 157
Trd, 000099.700, 157
Trd, 000100.400, 158
Trd, 000100.683, 172
Trd, 000102.150, 166
Trd, 000102.417, 164
Trd, 000102.950, 167
Trd, 000104.300, 163
Trd, 000105.600, 160
Trd, 000106.067, 161
Trd, 000107.467, 160
Trd, 000107.817, 161
Trd, 000108.467, 160
Trd, 000108.733, 163
Trd, 000109.633, 167
Trd, 000109.700, 160
Trd, 000110.217, 168
Trd, 000111.783, 168
Trd, 000112.750, 162
Trd, 000113.750, 164
Trd, 000114.100, 163
Trd, 000114.250, 165
Trd, 000114.300, 168
Trd, 000115.300, 169
Trd, 000115.967, 166
Trd, 000116.533, 165
Trd, 000117.467, 171
Trd, 000118.333, 168
Trd, 000118.467, 160
Trd, 000119.333, 172
Trd, 000119.350, 174
Trd, 000119.483, 160
Trd, 000121.583, 166
Trd, 000121.883, 163
Trd, 000122.667, 163
Trd, 000122.717, 161
Trd, 000124.233, 169
Trd, 000124.350, 170
Trd, 000124.417, 161
Trd, 000124.633, 172
Trd, 000126.350, 165
Trd, 000127.517, 167
Trd, 000128.783, 164
Trd, 000129.100, 164
Trd, 000129.267, 166
Trd, 000129.317, 169
Trd, 000129.433, 170
Trd, 000130.967, 169
Trd, 000131.167, 164
Trd, 000131.417, 168
Trd, 000132.583, 166
Trd, 000132.800, 164
Trd, 000135.133, 166
Trd, 000135.283, 167
Trd, 000135.833, 164
Trd, 000136.367, 165
Trd, 000136.667, 166
Trd, 000137.783, 165
Trd, 000138.133, 169
Trd, 000138.350, 171
Trd, 000138.367, 179
Trd, 000138.483, 164
Trd, 000139.000, 171
Trd, 000139.417, 164
Trd, 000140.283, 166
Trd, 000141.633, 165
Trd, 000142.017, 169
Trd, 000142.483, 167
Trd, 000142.567, 170
Trd, 000143.017, 165
Trd, 000143.233, 168
Trd, 000144.333, 164
Trd, 000145.000, 165
Trd, 000145.050, 165
Trd, 000145.550, 166
Trd, 000145.950, 167
Trd, 000146.450, 169
Trd, 000148.133, 170
Trd, 000148.250, 169
Trd, 000148.600, 165
Trd, 000148.967, 157
Trd, 000150.850, 170
Trd, 000151.917, 169
Trd, 000152.133, 167
Trd, 000152.717, 166
Trd, 000152.867, 165
Trd, 000153.267, 167
Trd, 000154.533, 166
Trd, 000155.350, 165
Trd, 000156.167, 166
Trd, 000156.933, 165
Trd, 000157.100, 163
Trd, 000157.283, 163
Trd, 000157.433, 164
Trd, 000157.900, 163
Trd, 000157.983, 164
Trd, 000158.850, 173
Trd, 000161.000, 171
Trd, 000161.367, 170
Trd, 000162.583, 168
Trd, 000163.283, 164
Trd, 000163.667, 164
Trd, 000164.600, 163
Trd, 000164.833, 162
Trd, 000165.000, 157
Trd, 000165.317, 164
Trd, 000165.650, 165
Trd, 000166.983, 165
Trd, 000167.250, 165
Trd, 000167.317, 166
Trd, 000167.550, 160
Trd, 000167.600, 174
Trd, 000169.433, 171
Trd, 000169.750, 167
Trd, 000170.233, 166
Trd, 000170.367, 164
Trd, 000170.717, 169
Trd, 000170.950, 162
Trd, 000172.117, 155
Trd, 000172.200, 163
Trd, 000172.450, 162
Trd, 000172.817, 165
Trd, 000173.183, 161
Trd, 000173.600, 174
Trd, 000174.483, 174
Trd, 000175.917, 173
Trd, 000176.217, 173
Trd, 000177.417, 167
Trd, 000178.017, 170
Trd, 000179.800, 162
Trd, 000180.250, 162
Trd, 000180.267, 163
Trd, 000180.400, 166
Trd, 000180.900, 167
Trd, 000181.800, 168
Trd, 000182.333, 167
Trd, 000182.917, 172
Trd, 000183.000, 168
Trd, 000183.667, 172
Trd, 000184.400, 170
Trd, 000185.300, 167
Trd, 000185.633, 172
Trd, 000188.083, 169
Trd, 000188.650, 169
Trd, 000188.767, 172
Trd, 000188.800, 176
Trd, 000189.783, 171
Trd, 000190.033, 168
Trd, 000190.167, 171
Trd, 000190.450, 175
Trd, 000191.900, 170
Trd, 000192.483, 171
Trd, 000192.550, 172
Trd, 000193.250, 172
Trd, 000193.283, 169
Trd, 000195.400, 173
Trd, 000196.250, 173
Trd, 000196.883, 173
Trd, 000197.067, 170
Trd, 000197.083, 174
Trd, 000197.483, 174
Trd, 000197.767, 177
Trd, 000198.100, 168
Trd, 000198.917, 167
Trd, 000201.100, 171
Trd, 000201.383, 171
Trd, 000201.967, 171
Trd, 000203.767, 168
Trd, 000203.933, 169
Trd, 000204.550, 169
Trd, 000204.883, 169
Trd, 000205.083, 167
Trd, 000205.483, 168
Trd, 000205.533, 171
Trd, 000205.700, 167
Trd, 000208.167, 167
Trd, 000208.267, 168
Trd, 000208.583, 169
Trd, 000208.733, 160
Trd, 000208.883, 174
Trd, 000209.350, 175
Trd, 000209.683, 161
Trd, 000209.767, 172
Trd, 000209.917, 178
Trd, 000211.133, 179
Trd, 000212.717, 174
Trd, 000212.933, 170
Trd, 000214.583, 172
Trd, 000214.933, 174
Trd, 000215.417, 174
Trd, 000215.533, 175
Trd, 000216.033, 173
Trd, 000216.367, 177
Trd, 000216.500, 173
Trd, 000216.617, 177
Trd, 000216.700, 171
Trd, 000217.267, 178
Trd, 000217.400, 169
Trd, 000218.567, 177
Trd, 000219.667, 176
Trd, 000220.200, 178
Trd, 000220.750, 179
Trd, 000220.867, 180
Trd, 000221.433, 180
Trd, 000221.567, 182
Trd, 000221.850, 182
Trd, 000222.300, 172
Trd, 000222.767, 178
Trd, 000223.667, 179
Trd, 000224.417, 178
Trd, 000224.533, 174
Trd, 000224.683, 170
Trd, 000225.100, 177
Trd, 000227.017, 175
Trd, 000227.383, 175
Trd, 000228.700, 173
Trd, 000228.767, 181
Trd, 000229.033, 171
Trd, 000231.000, 173
Trd, 000231.517, 174
Trd, 000231.600, 173
Trd, 000232.650, 171
Trd, 000233.400, 171
Trd, 000233.800, 179
Trd, 000235.050, 180
Trd, 000235.350, 176
Trd, 000235.500, 175
Trd, 000237.250, 177
Trd, 000237.450, 177
Trd, 000238.883, 182
Trd, 000239.350, 181
Trd, 000239.850, 178
Trd, 000239.883, 175
Trd, 000240.533, 172
Trd, 000240.917, 178
Trd, 000241.167, 174
Trd, 000241.300, 173
Trd, 000241.633, 176
Trd, 000241.750, 177
Trd, 000242.417, 173
Trd, 000242.450, 160
Trd, 000242.850, 169
Trd, 000243.317, 169
Trd, 000243.500, 171
Trd, 000244.067, 171
Trd, 000244.800, 171
Trd, 000245.300, 172
Trd, 000245.733, 172
Trd, 000246.217, 173
Trd, 000246.233, 173
Trd, 000246.333, 170
Trd, 000246.400, 182
Trd, 000247.017, 170
Trd, 000247.100, 175
Trd, 000247.250, 174
Trd, 000247.383, 175
Trd, 000247.633, 176
Trd, 000248.367, 182
Trd, 000249.317, 185
Trd, 000250.133, 184
Trd, 000250.283, 183
Trd, 000250.617, 183
Trd, 000250.817, 181
Trd, 000251.483, 176
Trd, 000252.333, 177
Trd, 000252.400, 176
Trd, 000252.683, 173
Trd, 000252.717, 169
Trd, 000253.317, 168
Trd, 000254.467, 173
Trd, 000254.483, 174
Trd, 000254.633, 175
Trd, 000254.917, 176
Trd, 000256.033, 175
Trd, 000256.467, 175
Trd, 000256.500, 178
Trd, 000256.817, 174
Trd, 000257.167, 174
Trd, 000257.317, 181
Trd, 000258.400, 183
Trd, 000258.633, 184
Trd, 000258.850, 175
Trd, 000259.083, 177
Trd, 000259.283, 173
Trd, 000260.183, 174
Trd, 000260.300, 171
Trd, 000260.567, 171
Trd, 000261.150, 170
Trd, 000261.383, 174
Trd, 000262.267, 179
Trd, 000262.300, 180
Trd, 000263.500, 167
Trd, 000264.650, 176
Trd, 000264.817, 178
Trd, 000265.150, 178
Trd, 000265.167, 174
Trd, 000265.500, 174
Trd, 000265.700, 172
Trd, 000265.833, 174
Trd, 000266.533, 175
Trd, 000267.367, 172
Trd, 000267.817, 175
Trd, 000267.867, 171
Trd, 000267.967, 176
Trd, 000268.133, 185
Trd, 000268.367, 188
Trd, 000269.033, 180
Trd, 000269.067, 178
Trd, 000270.283, 180
Trd, 000270.450, 183
Trd, 000270.733, 180
Trd, 000271.367, 178
Trd, 000271.800, 176
Trd, 000272.183, 177
Trd, 000273.083, 177
Trd, 000273.150, 178
Trd, 000273.517, 174
Trd, 000273.867, 174
Trd, 000274.067, 174
Trd, 000274.283, 173
Trd, 000274.717, 179
Trd, 000274.817, 179
Trd, 000274.833, 180
Trd, 000275.300, 176
Trd, 000276.000, 185
Trd, 000276.367, 183
Trd, 000277.383, 176
Trd, 000277.600, 181
Trd, 000278.133, 183
Trd, 000278.450, 185
Trd, 000279.267, 179
Trd, 000279.600, 173
Trd, 000279.717, 176
Trd, 000280.017, 173
Trd, 000280.433, 185
Trd, 000280.767, 178
Trd, 000282.533, 178
Trd, 000282.633, 180
Trd, 000283.117, 178
Trd, 000283.150, 176
Trd, 000283.450, 173
Trd, 000283.583, 176
Trd, 000284.717, 176
Trd, 000285.100, 178
Trd, 000285.250, 183
Trd, 000285.550, 173
Trd, 000286.367, 174
Trd, 000287.133, 176
Trd, 000287.167, 175
Trd, 000287.550, 173
Trd, 000287.717, 175
Trd, 000288.233, 176
Trd, 000288.400, 177
Trd, 000288.900, 174
Trd, 000290.783, 175
Trd, 000291.333, 181
Trd, 000291.433, 174
Trd, 000291.483, 183
Trd, 000291.633, 173
Trd, 000291.833, 171
Trd, 000292.167, 180
Trd, 000292.450, 181
Trd, 000292.667, 181
Trd, 000293.117, 170
Trd, 000293.450, 182
Trd, 000293.483, 177
Trd, 000293.867, 165
Trd, 000294.050, 162
Trd, 000294.467, 177
Trd, 000294.817, 171
Trd, 000294.983, 176
Trd, 000295.117, 177
Trd, 000295.167, 170
Trd, 000295.533, 169
Trd, 000295.800, 187
Trd, 000296.667, 187
Trd, 000296.883, 176
Trd, 000297.350, 192
Trd, 000297.450, 175
Trd, 000297.550, 194
Trd, 000299.317, 187
