Trd, 000001.300, 113
Trd, 000002.150, 113
Trd, 000002.217, 145
Trd, 000002.867, 144
Trd, 000003.800, 147
Trd, 000004.250, 148
Trd, 000004.483, 148
Trd, 000005.400, 142
Trd, 000006.600, 149
Trd, 000006.833, 154
Trd, 000007.000, 148
Trd, 000007.233, 154
Trd, 000008.333, 155
Trd, 000009.450, 151
Trd, 000009.483, 152
Trd, 000009.783, 151
Trd, 000011.367, 152
Trd, 000011.617, 151
Trd, 000011.767, 156
Trd, 000011.783, 149
Trd, 000012.250, 145
Trd, 000012.567, 152
Trd, 000013.183, 153
Trd, 000013.383, 148
Trd, 000013.417, 145
Trd, 000015.433, 145
Trd, 000015.633, 151
Trd, 000016.533, 154
Trd, 000016.933, 156
Trd, 000017.017, 170
Trd, 000017.350, 160
Trd, 000017.767, 166
Trd, 000018.133, 160
Trd, 000018.567, 161
Trd, 000018.600, 150
Trd, 000018.767, 146
Trd, 000020.433, 150
Trd, 000021.667, 151
Trd, 000022.217, 151
Trd, 000022.800, 150
Trd, 000022.900, 151
Trd, 000022.933, 148
Trd, 000023.000, 151
Trd, 000023.250, 151
Trd, 000023.667, 166
Trd, 000024.383, 165
Trd, 000025.583, 143
Trd, 000025.617, 145
Trd, 000026.900, 145
Trd, 000027.300, 145
Trd, 000027.750, 144
Trd, 000027.767, 143
Trd, 000027.833, 142
Trd, 000027.933, 138
Trd, 000028.233, 145
Trd, 000028.467, 146
Trd, 000029.300, 147
Trd, 000030.517, 150
Trd, 000030.650, 150
Trd, 000031.100, 141
Trd, 000031.800, 149
Trd, 000032.783, 144
Trd, 000033.317, 149
Trd, 000033.367, 145
Trd, 000034.283, 149
Trd, 000034.350, 145
Trd, 000035.050, 149
Trd, 000035.617, 149
Trd, 000036.000, 148
Trd, 000036.150, 148
Trd, 000036.433, 151
Trd, 000036.700, 147
Trd, 000037.483, 147
Trd, 000038.267, 149
Trd, 000038.683, 150
Trd, 000039.833, 149
Trd, 000039.917, 150
Trd, 000040.050, 151
Trd, 000041.367, 152
Trd, 000041.550, 151
Trd, 000041.750, 152
Trd, 000042.983, 151
Trd, 000043.283, 152
Trd, 000043.450, 151
Trd, 000043.633, 167
Trd, 000044.550, 158
Trd, 000045.733, 152
Trd, 000045.767, 160
Trd, 000047.367, 157
Trd, 000047.783, 159
Trd, 000048.250, 159
Trd, 000048.650, 158
Trd, 000048.867, 157
Trd, 000049.400, 160
Trd, 000049.633, 159
Trd, 000049.767, 156
Trd, 000051.900, 153
Trd, 000052.067, 153
Trd, 000052.467, 153
Trd, 000052.850, 154
Trd, 000053.167, 154
Trd, 000053.217, 155
Trd, 000054.183, 154
Trd, 000054.583, 154
Trd, 000055.417, 153
Trd, 000055.983, 152
Trd, 000056.017, 149
Trd, 000056.150, 145
Trd, 000056.483, 152
Trd, 000056.667, 137
Trd, 000056.717, 159
Trd, 000057.217, 160
Trd, 000058.433, 157
Trd, 000058.517, 171
Trd, 000059.300, 150
Trd, 000059.750, 151
Trd, 000060.100, 151
Trd, 000060.567, 152
Trd, 000060.817, 152
Trd, 000061.033, 161
Trd, 000061.750, 171
Trd, 000062.167, 154
Trd, 000063.050, 175
Trd, 000063.083, 174
Trd, 000063.533, 175
Trd, 000064.400, 171
Trd, 000064.433, 168
Trd, 000064.617, 170
Trd, 000064.967, 178
Trd, 000064.983, 170
Trd, 000066.100, 162
Trd, 000066.250, 161
Trd, 000066.700, 171
Trd, 000067.683, 152
Trd, 000070.117, 156
Trd, 000070.167, 159
Trd, 000070.317, 155
Trd, 000071.117, 154
Trd, 000071.333, 157
Trd, 000071.850, 156
Trd, 000072.017, 152
Trd, 000072.483, 155
Trd, 000072.633, 154
Trd, 000073.317, 155
Trd, 000073.467, 154
Trd, 000073.683, 154
Trd, 000073.767, 153
Trd, 000074.000, 155
Trd, 000075.267, 151
Trd, 000076.267, 153
Trd, 000076.750, 162
Trd, 000076.983, 152
Trd, 000077.133, 151
Trd, 000077.850, 159
Trd, 000079.167, 152
Trd, 000079.583, 154
Trd, 000079.933, 154
Trd, 000079.967, 151
Trd, 000080.083, 155
Trd, 000081.617, 151
Trd, 000081.867, 152
Trd, 000082.333, 152
Trd, 000082.483, 152
Trd, 000082.650, 153
Trd, 000083.133, 173
Trd, 000083.800, 176
Trd, 000083.883, 163
Trd, 000083.950, 182
Trd, 000084.183, 163
Trd, 000084.667, 165
Trd, 000084.900, 156
Trd, 000085.617, 159
Trd, 000087.283, 156
Trd, 000087.917, 154
Trd, 000088.033, 155
Trd, 000088.667, 154
Trd, 000089.167, 156
Trd, 000089.267, 154
Trd, 000089.850, 155
Trd, 000090.033, 154
Trd, 000091.100, 163
Trd, 000091.433, 157
Trd, 000091.633, 173
Trd, 000092.717, 158
Trd, 000093.250, 157
Trd, 000093.400, 162
Trd, 000093.667, 153
Trd, 000094.050, 155
Trd, 000094.250, 156
Trd, 000095.133, 155
Trd, 000095.300, 154
Trd, 000095.383, 156
Trd, 000095.400, 164
Trd, 000097.117, 157
Trd, 000097.217, 163
Trd, 000098.933, 165
Trd, 000098.967, 167
Trd, 000099.883, 174
Trd, 000100.133, 169
Trd, 000100.400, 171
Trd, 000101.400, 169
Trd, 000102.083, 169
Trd, 000102.167, 172
Trd, 000103.300, 168
Trd, 000103.467, 165
Trd, 000103.917, 158
Trd, 000104.650, 161
Trd, 000104.867, 166
Trd, 000105.050, 164
Trd, 000105.400, 163
Trd, 000105.433, 165
Trd, 000105.583, 163
Trd, 000105.783, 166
Trd, 000106.800, 135
Trd, 000107.250, 178
Trd, 000108.167, 172
Trd, 000108.400, 176
Trd, 000109.333, 157
Trd, 000109.467, 150
Trd, 000109.517, 158
Trd, 000110.500, 154
Trd, 000110.683, 153
Trd, 000110.750, 155
Trd, 000111.067, 155
Trd, 000111.800, 153
Trd, 000111.983, 152
Trd, 000112.300, 154
Trd, 000112.400, 155
Trd, 000112.417, 156
Trd, 000113.750, 156
Trd, 000113.833, 159
Trd, 000114.317, 156
Trd, 000115.717, 163
Trd, 000116.317, 160
Trd, 000116.383, 158
Trd, 000117.750, 160
Trd, 000118.133, 159
Trd, 000118.483, 156
Trd, 000119.383, 158
Trd, 000119.450, 152
Trd, 000119.483, 159
Trd, 000120.100, 163
Trd, 000120.333, 166
Trd, 000121.367, 158
Trd, 000121.917, 159
Trd, 000122.767, 160
Trd, 000122.800, 161
Trd, 000123.083, 160
Trd, 000123.200, 160
Trd, 000123.683, 165
Trd, 000124.767, 153
Trd, 000125.300, 159
Trd, 000125.450, 157
Trd, 000125.900, 162
Trd, 000126.000, 177
Trd, 000126.533, 169
Trd, 000126.700, 166
Trd, 000126.817, 165
Trd, 000127.917, 157
Trd, 000130.083, 167
Trd, 000130.283, 167
Trd, 000130.333, 168
Trd, 000130.967, 169
Trd, 000131.050, 174
Trd, 000131.067, 166
Trd, 000132.100, 162
Trd, 000132.200, 161
Trd, 000132.650, 168
Trd, 000134.033, 162
Trd, 000134.583, 166
Trd, 000135.900, 165
Trd, 000135.933, 166
Trd, 000136.367, 161
Trd, 000136.417, 168
Trd, 000136.633, 168
Trd, 000137.217, 169
Trd, 000137.517, 181
Trd, 000138.383, 169
Trd, 000139.100, 171
Trd, 000139.183, 162
Trd, 000140.067, 159
Trd, 000140.083, 170
Trd, 000140.417, 160
Trd, 000140.900, 160
Trd, 000140.983, 161
Trd, 000141.450, 158
Trd, 000141.533, 154
Trd, 000142.883, 158
Trd, 000142.950, 157
Trd, 000143.400, 158
Trd, 000143.967, 160
Trd, 000144.067, 162
Trd, 000144.767, 163
Trd, 000145.283, 179
Trd, 000145.300, 182
Trd, 000145.883, 171
Trd, 000146.350, 173
Trd, 000146.500, 167
Trd, 000146.617, 185
Trd, 000147.333, 169
Trd, 000147.600, 175
Trd, 000147.700, 163
Trd, 000147.817, 162
Trd, 000149.517, 159
Trd, 000149.717, 160
Trd, 000149.933, 162
Trd, 000151.100, 163
Trd, 000151.683, 179
Trd, 000151.850, 180
Trd, 000152.383, 172
Trd, 000152.950, 171
Trd, 000152.967, 163
Trd, 000153.350, 162
Trd, 000153.383, 172
Trd, 000153.600, 173
Trd, 000154.600, 180
Trd, 000155.333, 163
Trd, 000156.217, 162
Trd, 000156.617, 164
Trd, 000157.933, 164
Trd, 000158.217, 160
Trd, 000158.333, 170
Trd, 000160.267, 170
Trd, 000160.333, 171
Trd, 000160.633, 170
Trd, 000160.717, 167
Trd, 000161.000, 161
Trd, 000161.883, 157
Trd, 000162.033, 160
Trd, 000163.600, 165
Trd, 000163.683, 166
Trd, 000164.350, 163
Trd, 000165.733, 161
Trd, 000165.867, 163
Trd, 000166.133, 156
Trd, 000166.250, 171
Trd, 000166.583, 165
Trd, 000166.667, 157
Trd, 000166.717, 181
Trd, 000168.867, 164
Trd, 000169.683, 164
Trd, 000169.850, 165
Trd, 000170.300, 165
Trd, 000170.317, 164
Trd, 000170.650, 161
Trd, 000171.850, 161
Trd, 000173.167, 163
Trd, 000174.133, 163
Trd, 000174.367, 164
Trd, 000174.433, 165
Trd, 000174.717, 182
Trd, 000175.283, 188
Trd, 000175.750, 165
Trd, 000175.967, 164
Trd, 000176.133, 173
Trd, 000176.433, 172
Trd, 000176.600, 165
Trd, 000176.917, 168
Trd, 000177.683, 170
Trd, 000177.817, 173
Trd, 000178.250, 173
Trd, 000179.317, 170
Trd, 000179.667, 174
Trd, 000180.183, 174
Trd, 000181.217, 179
Trd, 000181.233, 180
Trd, 000181.650, 181
Trd, 000181.950, 182
Trd, 000182.683, 173
Trd, 000182.800, 170
Trd, 000183.000, 167
Trd, 000183.183, 182
Trd, 000183.750, 183
Trd, 000184.967, 166
Trd, 000186.817, 167
Trd, 000187.017, 170
Trd, 000187.783, 168
Trd, 000188.233, 169
Trd, 000188.250, 170
Trd, 000188.283, 168
Trd, 000188.450, 170
Trd, 000188.950, 167
Trd, 000189.233, 167
Trd, 000189.250, 165
Trd, 000189.517, 173
Trd, 000191.400, 167
Trd, 000193.317, 169
Trd, 000193.533, 168
Trd, 000193.667, 167
Trd, 000194.017, 167
Trd, 000194.067, 169
Trd, 000194.517, 159
Trd, 000194.917, 168
Trd, 000195.233, 162
Trd, 000195.700, 165
Trd, 000195.917, 166
Trd, 000196.050, 174
Trd, 000196.617, 185
Trd, 000196.900, 164
Trd, 000197.000, 163
Trd, 000197.017, 177
Trd, 000197.067, 187
Trd, 000197.117, 161
Trd, 000197.983, 166
Trd, 000198.550, 181
Trd, 000199.850, 162
Trd, 000201.017, 166
Trd, 000201.067, 167
Trd, 000201.150, 168
Trd, 000201.317, 175
Trd, 000202.633, 174
Trd, 000202.833, 180
Trd, 000203.667, 182
Trd, 000203.850, 175
Trd, 000204.567, 181
Trd, 000205.250, 177
Trd, 000205.283, 176
Trd, 000205.833, 168
Trd, 000206.050, 179
Trd, 000206.367, 165
Trd, 000206.583, 164
Trd, 000207.967, 162
Trd, 000208.200, 163
Trd, 000208.217, 161
Trd, 000208.650, 163
Trd, 000208.950, 161
Trd, 000208.983, 160
Trd, 000209.667, 164
Trd, 000210.200, 165
Trd, 000212.267, 162
Trd, 000212.533, 165
Trd, 000212.850, 186
Trd, 000213.417, 176
Trd, 000213.933, 177
Trd, 000214.117, 177
Trd, 000214.667, 180
Trd, 000214.683, 178
Trd, 000215.983, 184
Trd, 000216.017, 186
Trd, 000216.133, 178
Trd, 000216.333, 177
Trd, 000216.517, 194
Trd, 000218.200, 178
Trd, 000218.250, 177
Trd, 000218.367, 174
Trd, 000220.133, 172
Trd, 000220.400, 170
Trd, 000220.783, 175
Trd, 000221.317, 175
Trd, 000221.817, 170
Trd, 000222.183, 172
Trd, 000223.450, 170
Trd, 000223.467, 169
Trd, 000223.767, 165
Trd, 000223.850, 166
Trd, 000223.917, 170
Trd, 000224.200, 177
Trd, 000225.133, 183
Trd, 000225.200, 187
Trd, 000225.750, 171
Trd, 000226.600, 167
Trd, 000227.083, 167
Trd, 000228.283, 175
Trd, 000228.300, 174
Trd, 000228.867, 172
Trd, 000229.500, 172
Trd, 000229.533, 173
Trd, 000230.317, 171
Trd, 000230.683, 172
Trd, 000230.967, 177
Trd, 000230.983, 178
Trd, 000231.183, 175
Trd, 000231.550, 191
Trd, 000232.233, 183
Trd, 000233.317, 184
Trd, 000233.833, 185
Trd, 000234.067, 168
Trd, 000235.300, 180
Trd, 000235.383, 182
Trd, 000235.783, 188
Trd, 000236.233, 173
Trd, 000236.567, 186
Trd, 000237.000, 172
Trd, 000238.017, 172
Trd, 000238.833, 183
Trd, 000239.000, 183
Trd, 000239.650, 181
Trd, 000240.000, 175
Trd, 000240.383, 180
Trd, 000240.567, 181
Trd, 000240.950, 180
Trd, 000241.083, 168
Trd, 000241.133, 179
Trd, 000242.167, 169
Trd, 000242.883, 165
Trd, 000243.617, 170
Trd, 000244.417, 167
Trd, 000244.483, 166
Trd, 000244.583, 165
Trd, 000244.933, 164
Trd, 000245.100, 167
Trd, 000245.383, 162
Trd, 000245.850, 166
Trd, 000246.567, 165
Trd, 000246.767, 165
Trd, 000246.833, 166
Trd, 000247.417, 170
Trd, 000247.467, 173
Trd, 000248.883, 176
Trd, 000249.400, 176
Trd, 000249.650, 173
Trd, 000250.150, 173
Trd, 000250.483, 173
Trd, 000250.733, 173
Trd, 000251.017, 169
Trd, 000251.283, 170
Trd, 000251.317, 169
Trd, 000251.333, 166
Trd, 000252.650, 171
Trd, 000253.117, 173
Trd, 000253.200, 175
Trd, 000253.617, 180
Trd, 000254.600, 173
Trd, 000254.683, 171
Trd, 000255.233, 172
Trd, 000255.400, 172
Trd, 000255.650, 173
Trd, 000255.800, 176
Trd, 000255.833, 172
Trd, 000256.367, 175
Trd, 000256.600, 178
Trd, 000256.800, 179
Trd, 000257.117, 177
Trd, 000257.983, 174
Trd, 000258.517, 170
Trd, 000258.950, 167
Trd, 000259.517, 170
Trd, 000259.700, 168
Trd, 000260.000, 180
Trd, 000260.067, 167
Trd, 000260.667, 177
Trd, 000260.767, 173
Trd, 000261.117, 174
Trd, 000261.917, 179
Trd, 000262.000, 177
Trd, 000262.167, 181
Trd, 000262.433, 172
Trd, 000263.083, 171
Trd, 000263.200, 170
Trd, 000263.233, 179
Trd, 000263.917, 167
Trd, 000264.350, 171
Trd, 000264.700, 168
Trd, 000265.367, 168
Trd, 000265.683, 165
Trd, 000267.250, 168
Trd, 000267.667, 167
Trd, 000268.200, 168
Trd, 000269.067, 167
Trd, 000269.200, 168
Trd, 000269.317, 168
Trd, 000269.733, 171
Trd, 000270.600, 168
Trd, 000271.450, 173
Trd, 000271.667, 172
Trd, 000272.017, 174
Trd, 000272.767, 172
Trd, 000272.850, 168
Trd, 000273.350, 181
Trd, 000273.917, 182
Trd, 000274.217, 188
Trd, 000274.950, 167
Trd, 000275.467, 181
Trd, 000275.767, 181
Trd, 000276.233, 182
Trd, 000276.450, 181
Trd, 000276.533, 180
Trd, 000276.983, 176
Trd, 000277.683, 176
Trd, 000278.517, 176
Trd, 000278.900, 177
Trd, 000279.350, 176
Trd, 000279.617, 174
Trd, 000280.433, 173
Trd, 000280.733, 172
Trd, 000281.083, 172
Trd, 000281.433, 168
Trd, 000281.450, 174
Trd, 000281.700, 166
Trd, 000281.750, 174
Trd, 000281.783, 175
Trd, 000281.933, 175
Trd, 000282.417, 167
Trd, 000282.800, 177
Trd, 000284.083, 181
Trd, 000284.400, 171
Trd, 000284.833, 173
Trd, 000285.167, 176
Trd, 000285.633, 183
Trd, 000285.883, 182
Trd, 000286.183, 167
Trd, 000286.600, 170
Trd, 000287.367, 172
Trd, 000287.833, 173
Trd, 000288.200, 172
Trd, 000288.250, 171
Trd, 000288.317, 182
Trd, 000288.583, 169
Trd, 000289.700, 166
Trd, 000289.750, 174
Trd, 000291.233, 173
Trd, 000291.517, 173
Trd, 000292.067, 173
Trd, 000292.483, 177
Trd, 000292.533, 172
Trd, 000293.033, 172
Trd, 000293.633, 173
Trd, 000293.733, 173
Trd, 000293.867, 174
Trd, 000293.917, 176
Trd, 000294.100, 177
Trd, 000295.367, 177
Trd, 000295.850, 178
Trd, 000295.967, 175
Trd, 000296.067, 175
Trd, 000296.250, 178
Trd, 000296.933, 184
Trd, 000296.983, 175
Trd, 000297.667, 185
Trd, 000297.750, 174
Trd, 000298.000, 195
Trd, 000298.667, 175
Trd, 000298.933, 174
Trd, 000298.983, 169
Trd, 000299.083, 189
