Trd, 000000.750, 151
Trd, 000002.650, 133
Trd, 000003.117, 142
Trd, 000003.717, 131
Trd, 000004.267, 130
Trd, 000004.583, 144
Trd, 000004.917, 129
Trd, 000005.800, 139
Trd, 000006.617, 151
Trd, 000008.533, 147
Trd, 000009.150, 141
Trd, 000009.767, 142
Trd, 000010.550, 144
Trd, 000010.650, 148
Trd, 000011.783, 143
Trd, 000012.050, 143
Trd, 000012.483, 142
Trd, 000012.917, 152
Trd, 000013.017, 156
Trd, 000014.667, 149
Trd, 000015.867, 150
Trd, 000016.100, 149
Trd, 000016.683, 150
Trd, 000017.683, 143
Trd, 000018.033, 148
Trd, 000018.983, 143
Trd, 000019.533, 146
Trd, 000019.683, 145
Trd, 000019.783, 147
Trd, 000020.583, 146
Trd, 000020.767, 146
Trd, 000021.717, 149
Trd, 000021.950, 148
Trd, 000022.667, 143
Trd, 000023.833, 151
Trd, 000024.367, 151
Trd, 000024.633, 150
Trd, 000026.000, 153
Trd, 000026.017, 150
Trd, 000026.617, 157
Trd, 000027.267, 154
Trd, 000027.733, 149
Trd, 000027.933, 136
Trd, 000028.417, 156
Trd, 000030.067, 150
Trd, 000030.600, 150
Trd, 000030.933, 151
Trd, 000031.133, 147
Trd, 000031.933, 147
Trd, 000032.317, 146
Trd, 000033.300, 146
Trd, 000033.417, 147
Trd, 000034.233, 145
Trd, 000034.933, 147
Trd, 000034.950, 148
Trd, 000035.950, 146
Trd, 000036.017, 144
Trd, 000036.550, 130
Trd, 000038.100, 140
Trd, 000038.800, 138
Trd, 000039.883, 140
Trd, 000040.983, 142
Trd, 000041.267, 155
Trd, 000041.933, 145
Trd, 000042.267, 143
Trd, 000042.717, 148
Trd, 000044.850, 148
Trd, 000045.783, 145
Trd, 000046.367, 157
Trd, 000046.550, 156
Trd, 000046.600, 163
Trd, 000047.417, 157
Trd, 000047.483, 156
Trd, 000047.917, 170
Trd, 000048.283, 156
Trd, 000048.350, 156
Trd, 000049.617, 129
Trd, 000050.200, 150
Trd, 000050.750, 149
Trd, 000051.950, 142
Trd, 000051.967, 147
Trd, 000052.350, 145
Trd, 000052.650, 140
Trd, 000053.133, 146
Trd, 000053.567, 146
Trd, 000053.950, 146
Trd, 000054.767, 147
Trd, 000055.417, 149
Trd, 000056.283, 146
Trd, 000058.000, 151
Trd, 000059.133, 151
Trd, 000059.417, 152
Trd, 000060.017, 151
Trd, 000060.267, 151
Trd, 000060.300, 161
Trd, 000061.617, 150
Trd, 000061.917, 133
Trd, 000063.400, 146
Trd, 000063.500, 149
Trd, 000063.933, 152
Trd, 000064.500, 147
Trd, 000064.917, 156
Trd, 000065.317, 154
Trd, 000065.950, 155
Trd, 000066.133, 156
Trd, 000066.567, 151
Trd, 000066.833, 157
Trd, 000067.167, 157
Trd, 000070.250, 153
Trd, 000070.333, 154
Trd, 000070.950, 154
Trd, 000071.633, 157
Trd, 000071.933, 157
Trd, 000072.117, 158
Trd, 000072.350, 157
Trd, 000073.650, 159
Trd, 000074.833, 166
Trd, 000075.000, 160
Trd, 000075.400, 159
Trd, 000075.500, 158
Trd, 000077.167, 161
Trd, 000077.267, 160
Trd, 000078.317, 161
Trd, 000079.117, 160
Trd, 000079.367, 161
Trd, 000080.217, 161
Trd, 000080.267, 160
Trd, 000080.300, 159
Trd, 000081.100, 159
Trd, 000082.117, 158
Trd, 000082.167, 158
Trd, 000082.283, 154
Trd, 000082.967, 160
Trd, 000083.183, 159
Trd, 000084.467, 154
Trd, 000084.683, 157
Trd, 000087.083, 158
Trd, 000087.567, 157
Trd, 000087.717, 156
Trd, 000087.767, 154
Trd, 000088.667, 157
Trd, 000089.050, 158
Trd, 000089.067, 155
Trd, 000089.383, 154
Trd, 000090.083, 159
Trd, 000091.867, 160
Trd, 000093.150, 158
Trd, 000093.800, 157
Trd, 000094.317, 139
Trd, 000094.683, 138
Trd, 000095.017, 159
Trd, 000096.950, 149
Trd, 000097.000, 147
Trd, 000098.383, 154
Trd, 000098.717, 157
Trd, 000099.100, 158
Trd, 000099.717, 150
Trd, 000099.783, 151
Trd, 000099.800, 150
Trd, 000101.817, 153
Trd, 000102.583, 152
Trd, 000103.200, 154
Trd, 000103.583, 154
Trd, 000104.500, 157
Trd, 000104.550, 156
Trd, 000105.567, 156
Trd, 000105.617, 155
Trd, 000106.033, 154
Trd, 000107.400, 155
Trd, 000107.700, 157
Trd, 000107.850, 158
Trd, 000108.317, 153
Trd, 000109.533, 159
Trd, 000109.550, 156
Trd, 000110.100, 155
Trd, 000110.533, 155
Trd, 000111.133, 154
Trd, 000112.400, 153
Trd, 000112.733, 155
Trd, 000112.933, 153
Trd, 000112.967, 153
Trd, 000113.667, 153
Trd, 000113.750, 155
Trd, 000114.683, 140
Trd, 000115.033, 152
Trd, 000116.417, 150
Trd, 000116.467, 161
Trd, 000116.983, 162
Trd, 000117.200, 156
Trd, 000118.333, 158
Trd, 000119.383, 159
Trd, 000119.617, 157
Trd, 000119.700, 158
Trd, 000119.800, 160
Trd, 000120.450, 158
Trd, 000121.883, 157
Trd, 000122.683, 155
Trd, 000122.800, 145
Trd, 000123.333, 156
Trd, 000124.300, 151
Trd, 000124.767, 150
Trd, 000126.350, 153
Trd, 000127.200, 155
Trd, 000128.117, 154
Trd, 000128.467, 155
Trd, 000128.717, 157
Trd, 000129.583, 155
Trd, 000130.083, 157
Trd, 000130.683, 144
Trd, 000130.900, 154
Trd, 000131.883, 156
Trd, 000131.917, 153
Trd, 000132.933, 151
Trd, 000133.167, 150
Trd, 000133.917, 155
Trd, 000134.633, 157
Trd, 000134.783, 152
Trd, 000136.400, 154
Trd, 000136.467, 156
Trd, 000136.683, 157
Trd, 000139.300, 158
Trd, 000139.633, 159
Trd, 000139.833, 158
Trd, 000140.133, 157
Trd, 000140.317, 165
Trd, 000140.950, 139
Trd, 000141.450, 156
Trd, 000142.617, 156
Trd, 000144.117, 156
Trd, 000144.783, 158
Trd, 000144.867, 155
Trd, 000145.817, 158
Trd, 000146.200, 155
Trd, 000146.500, 155
Trd, 000146.600, 151
Trd, 000147.333, 156
Trd, 000147.400, 166
Trd, 000148.250, 161
Trd, 000149.450, 162
Trd, 000149.500, 163
Trd, 000150.083, 162
Trd, 000150.967, 152
Trd, 000151.733, 166
Trd, 000152.450, 160
Trd, 000152.567, 157
Trd, 000153.650, 166
Trd, 000153.717, 157
Trd, 000154.667, 157
Trd, 000155.017, 158
Trd, 000155.450, 160
Trd, 000157.283, 161
Trd, 000157.783, 160
Trd, 000158.117, 158
Trd, 000158.700, 160
Trd, 000159.000, 161
Trd, 000159.517, 161
Trd, 000159.800, 160
Trd, 000160.067, 157
Trd, 000161.150, 165
Trd, 000162.100, 159
Trd, 000162.417, 158
Trd, 000164.117, 160
Trd, 000164.600, 158
Trd, 000164.950, 149
Trd, 000165.050, 147
Trd, 000165.683, 150
Trd, 000165.800, 154
Trd, 000167.600, 154
Trd, 000167.750, 158
Trd, 000168.050, 158
Trd, 000168.883, 157
Trd, 000169.000, 158
Trd, 000169.183, 156
Trd, 000169.233, 152
Trd, 000171.167, 159
Trd, 000171.333, 144
Trd, 000172.033, 149
Trd, 000172.117, 143
Trd, 000172.717, 157
Trd, 000175.367, 155
Trd, 000175.550, 156
Trd, 000175.717, 158
Trd, 000176.350, 160
Trd, 000176.450, 168
Trd, 000176.900, 176
Trd, 000177.417, 176
Trd, 000178.500, 178
Trd, 000178.967, 177
Trd, 000179.300, 177
Trd, 000180.000, 177
Trd, 000180.100, 175
Trd, 000181.967, 178
Trd, 000182.233, 177
Trd, 000182.317, 176
Trd, 000183.283, 177
Trd, 000183.333, 174
Trd, 000183.367, 173
Trd, 000183.450, 169
Trd, 000184.900, 165
Trd, 000184.983, 145
Trd, 000185.100, 169
Trd, 000185.967, 164
Trd, 000186.233, 158
Trd, 000186.783, 165
Trd, 000186.883, 165
Trd, 000187.450, 160
Trd, 000188.817, 160
Trd, 000190.150, 162
Trd, 000190.183, 160
Trd, 000190.233, 163
Trd, 000191.083, 160
Trd, 000191.533, 170
Trd, 000191.617, 159
Trd, 000191.733, 147
Trd, 000192.717, 156
Trd, 000193.417, 147
Trd, 000193.567, 147
Trd, 000193.750, 146
Trd, 000194.400, 146
Trd, 000194.600, 151
Trd, 000194.667, 153
Trd, 000197.067, 147
Trd, 000197.400, 148
Trd, 000197.500, 148
Trd, 000198.133, 149
Trd, 000199.700, 152
Trd, 000199.750, 152
Trd, 000200.200, 161
Trd, 000201.350, 164
Trd, 000201.883, 153
Trd, 000203.100, 159
Trd, 000203.883, 161
Trd, 000204.017, 159
Trd, 000205.150, 161
Trd, 000205.317, 162
Trd, 000206.383, 162
Trd, 000206.717, 164
Trd, 000207.933, 169
Trd, 000208.467, 169
Trd, 000208.617, 165
Trd, 000209.567, 169
Trd, 000210.467, 167
Trd, 000210.483, 148
Trd, 000211.417, 181
Trd, 000213.617, 167
Trd, 000214.817, 170
Trd, 000215.367, 166
Trd, 000216.067, 169
Trd, 000216.433, 166
Trd, 000217.567, 161
Trd, 000217.700, 165
Trd, 000218.100, 164
Trd, 000219.383, 163
Trd, 000219.467, 164
Trd, 000220.083, 163
Trd, 000220.633, 163
Trd, 000220.733, 166
Trd, 000221.517, 157
Trd, 000222.100, 159
Trd, 000222.683, 159
Trd, 000222.933, 156
Trd, 000223.883, 165
Trd, 000223.950, 166
Trd, 000225.250, 159
Trd, 000225.433, 163
Trd, 000226.450, 163
Trd, 000226.517, 162
Trd, 000226.917, 163
Trd, 000227.750, 167
Trd, 000228.033, 173
Trd, 000228.083, 162
Trd, 000230.850, 174
Trd, 000231.350, 169
Trd, 000231.417, 167
Trd, 000232.150, 172
Trd, 000232.583, 170
Trd, 000232.683, 172
Trd, 000233.767, 171
Trd, 000233.983, 169
Trd, 000235.117, 170
Trd, 000235.783, 171
Trd, 000235.850, 173
Trd, 000236.200, 172
Trd, 000237.017, 171
Trd, 000237.233, 171
Trd, 000238.033, 171
Trd, 000238.917, 174
Trd, 000239.200, 170
Trd, 000239.400, 175
Trd, 000240.467, 174
Trd, 000240.733, 173
Trd, 000240.867, 169
Trd, 000241.267, 170
Trd, 000241.667, 172
Trd, 000241.850, 165
Trd, 000241.950, 169
Trd, 000242.050, 172
Trd, 000242.600, 176
Trd, 000243.217, 175
Trd, 000243.517, 174
Trd, 000244.250, 175
Trd, 000244.467, 175
Trd, 000244.733, 174
Trd, 000245.100, 172
Trd, 000246.017, 169
Trd, 000246.533, 167
Trd, 000247.283, 165
Trd, 000247.333, 153
Trd, 000247.983, 161
Trd, 000248.033, 162
Trd, 000248.117, 165
Trd, 000248.183, 166
Trd, 000248.650, 169
Trd, 000248.933, 173
Trd, 000249.150, 172
Trd, 000249.217, 171
Trd, 000251.733, 179
Trd, 000251.767, 178
Trd, 000252.050, 180
Trd, 000252.417, 178
Trd, 000253.450, 166
Trd, 000253.983, 164
Trd, 000254.150, 163
Trd, 000254.850, 168
Trd, 000255.017, 169
Trd, 000255.633, 170
Trd, 000255.833, 171
Trd, 000256.517, 175
Trd, 000256.950, 174
Trd, 000257.833, 174
Trd, 000258.100, 175
Trd, 000258.117, 174
Trd, 000258.617, 173
Trd, 000258.667, 153
Trd, 000259.117, 176
Trd, 000259.217, 177
Trd, 000259.967, 167
Trd, 000260.233, 180
Trd, 000260.733, 177
Trd, 000260.883, 174
Trd, 000261.283, 150
Trd, 000263.433, 169
Trd, 000264.750, 169
Trd, 000264.783, 171
Trd, 000264.983, 168
Trd, 000265.033, 172
Trd, 000265.300, 167
Trd, 000265.883, 166
Trd, 000266.383, 171
Trd, 000266.467, 170
Trd, 000266.500, 174
Trd, 000267.033, 176
Trd, 000267.683, 177
Trd, 000267.983, 173
Trd, 000268.500, 171
Trd, 000269.833, 188
Trd, 000270.067, 164
Trd, 000270.200, 172
Trd, 000270.417, 173
Trd, 000270.583, 173
Trd, 000271.383, 175
Trd, 000271.517, 155
Trd, 000272.150, 175
Trd, 000272.217, 172
Trd, 000273.183, 178
Trd, 000273.683, 176
Trd, 000274.317, 173
Trd, 000274.767, 177
Trd, 000274.800, 176
Trd, 000274.833, 174
Trd, 000275.450, 178
Trd, 000275.833, 173
Trd, 000276.633, 179
Trd, 000276.800, 176
Trd, 000277.433, 175
Trd, 000278.067, 178
Trd, 000278.383, 180
Trd, 000278.900, 183
Trd, 000278.933, 188
Trd, 000279.583, 189
Trd, 000280.133, 190
Trd, 000280.550, 184
Trd, 000280.883, 183
Trd, 000281.350, 183
Trd, 000281.417, 181
Trd, 000281.567, 169
Trd, 000281.883, 166
Trd, 000282.767, 179
Trd, 000282.833, 164
Trd, 000283.917, 166
Trd, 000284.550, 169
Trd, 000284.583, 168
Trd, 000285.583, 174
Trd, 000285.817, 176
Trd, 000286.167, 175
Trd, 000286.283, 174
Trd, 000286.533, 174
Trd, 000286.850, 176
Trd, 000287.900, 183
Trd, 000288.033, 178
Trd, 000288.267, 169
Trd, 000288.467, 170
Trd, 000289.450, 176
Trd, 000289.467, 171
Trd, 000289.500, 177
Trd, 000290.033, 178
Trd, 000290.817, 177
Trd, 000291.500, 174
Trd, 000291.567, 173
Trd, 000291.767, 183
Trd, 000291.783, 184
Trd, 000292.133, 174
Trd, 000292.500, 180
Trd, 000292.517, 173
Trd, 000293.067, 174
Trd, 000293.283, 191
Trd, 000293.733, 178
Trd, 000294.617, 173
Trd, 000295.400, 175
Trd, 000295.767, 176
Trd, 000295.883, 177
Trd, 000296.217, 172
Trd, 000296.583, 172
Trd, 000296.617, 170
Trd, 000296.833, 181
Trd, 000297.433, 181
Trd, 000298.300, 182
Trd, 000298.683, 165
Trd, 000299.067, 183
Trd, 000299.467, 167
