Trd, 000002.367, 142
Trd, 000002.900, 143
Trd, 000002.967, 155
Trd, 000003.517, 163
Trd, 000004.567, 142
Trd, 000005.083, 145
Trd, 000008.200, 139
Trd, 000008.283, 140
Trd, 000008.317, 138
Trd, 000008.350, 141
Trd, 000009.017, 138
Trd, 000009.650, 139
Trd, 000009.867, 140
Trd, 000010.283, 139
Trd, 000011.050, 140
Trd, 000011.800, 139
Trd, 000012.617, 139
Trd, 000013.067, 137
Trd, 000014.533, 139
Trd, 000014.750, 158
Trd, 000014.867, 158
Trd, 000014.967, 149
Trd, 000015.733, 158
Trd, 000017.250, 149
Trd, 000017.700, 155
Trd, 000017.783, 148
Trd, 000018.183, 162
Trd, 000018.550, 151
Trd, 000019.283, 152
Trd, 000019.600, 160
Trd, 000020.367, 151
Trd, 000021.017, 150
Trd, 000021.967, 149
Trd, 000022.283, 157
Trd, 000023.550, 136
Trd, 000023.983, 160
Trd, 000024.083, 164
Trd, 000025.567, 149
Trd, 000025.950, 137
Trd, 000025.983, 148
Trd, 000026.633, 137
Trd, 000027.617, 143
Trd, 000027.867, 143
Trd, 000028.917, 142
Trd, 000029.183, 141
Trd, 000029.767, 144
Trd, 000029.933, 158
Trd, 000030.300, 137
Trd, 000031.717, 143
Trd, 000031.767, 143
Trd, 000032.133, 142
Trd, 000032.267, 126
Trd, 000032.283, 145
Trd, 000033.583, 144
Trd, 000034.667, 155
Trd, 000035.350, 142
Trd, 000037.033, 145
Trd, 000037.067, 144
Trd, 000037.250, 143
Trd, 000037.717, 142
Trd, 000038.967, 143
Trd, 000039.000, 143
Trd, 000040.050, 145
Trd, 000040.333, 144
Trd, 000040.900, 145
Trd, 000041.467, 142
Trd, 000043.567, 144
Trd, 000044.150, 141
Trd, 000044.233, 145
Trd, 000044.967, 135
Trd, 000046.167, 137
Trd, 000046.650, 137
Trd, 000047.200, 138
Trd, 000048.000, 139
Trd, 000048.100, 160
Trd, 000048.450, 166
Trd, 000049.450, 146
Trd, 000049.733, 147
Trd, 000049.950, 145
Trd, 000050.350, 146
Trd, 000051.383, 144
Trd, 000051.967, 145
Trd, 000052.033, 143
Trd, 000053.683, 145
Trd, 000054.433, 147
Trd, 000054.717, 147
Trd, 000054.883, 148
Trd, 000055.883, 145
Trd, 000055.950, 147
Trd, 000056.083, 149
Trd, 000056.933, 150
Trd, 000057.767, 162
Trd, 000058.333, 149
Trd, 000060.283, 151
Trd, 000060.850, 150
Trd, 000061.767, 149
Trd, 000062.800, 149
Trd, 000062.983, 149
Trd, 000063.200, 148
Trd, 000063.417, 149
Trd, 000063.800, 164
Trd, 000064.667, 167
Trd, 000064.783, 151
Trd, 000065.400, 150
Trd, 000066.217, 158
Trd, 000067.150, 153
Trd, 000067.800, 154
Trd, 000067.967, 143
Trd, 000068.300, 152
Trd, 000068.400, 152
Trd, 000069.400, 151
Trd, 000069.583, 153
Trd, 000070.350, 153
Trd, 000071.617, 154
Trd, 000072.000, 153
Trd, 000072.600, 153
Trd, 000072.933, 155
Trd, 000073.050, 156
Trd, 000073.267, 162
Trd, 000074.150, 164
Trd, 000077.233, 160
Trd, 000077.700, 163
Trd, 000077.817, 166
Trd, 000077.917, 161
Trd, 000079.133, 160
Trd, 000079.783, 161
Trd, 000080.700, 159
Trd, 000081.450, 161
Trd, 000081.533, 160
Trd, 000081.617, 161
Trd, 000081.950, 159
Trd, 000083.700, 159
Trd, 000083.717, 160
Trd, 000083.833, 158
Trd, 000084.033, 163
Trd, 000085.950, 163
Trd, 000086.050, 158
Trd, 000086.417, 164
Trd, 000087.600, 162
Trd, 000087.717, 161
Trd, 000088.217, 162
Trd, 000088.300, 162
Trd, 000088.467, 162
Trd, 000089.517, 164
Trd, 000090.567, 164
Trd, 000090.883, 161
Trd, 000092.200, 163
Trd, 000092.467, 164
Trd, 000092.600, 165
Trd, 000093.233, 165
Trd, 000093.533, 164
Trd, 000094.933, 161
Trd, 000095.367, 130
Trd, 000095.533, 160
Trd, 000096.183, 156
Trd, 000096.217, 155
Trd, 000097.200, 132
Trd, 000098.467, 152
Trd, 000100.083, 150
Trd, 000100.233, 152
Trd, 000100.800, 152
Trd, 000101.117, 151
Trd, 000101.367, 154
Trd, 000101.633, 152
Trd, 000103.217, 165
Trd, 000104.100, 157
Trd, 000105.517, 158
Trd, 000106.033, 158
Trd, 000106.200, 158
Trd, 000106.617, 157
Trd, 000106.783, 159
Trd, 000107.083, 157
Trd, 000107.167, 155
Trd, 000107.267, 159
Trd, 000108.683, 158
Trd, 000110.267, 141
Trd, 000110.583, 144
Trd, 000110.833, 147
Trd, 000111.267, 145
Trd, 000112.017, 151
Trd, 000113.517, 145
Trd, 000113.700, 146
Trd, 000113.750, 147
Trd, 000113.867, 152
Trd, 000114.650, 154
Trd, 000116.617, 155
Trd, 000117.317, 156
Trd, 000117.950, 159
Trd, 000118.017, 162
Trd, 000118.767, 161
Trd, 000119.167, 159
Trd, 000119.333, 161
Trd, 000119.433, 161
Trd, 000121.200, 169
Trd, 000123.100, 162
Trd, 000124.183, 161
Trd, 000124.233, 162
Trd, 000125.050, 165
Trd, 000125.567, 161
Trd, 000125.767, 166
Trd, 000126.917, 141
Trd, 000127.050, 147
Trd, 000127.267, 161
Trd, 000128.467, 155
Trd, 000128.867, 155
Trd, 000129.350, 156
Trd, 000130.000, 171
Trd, 000131.567, 167
Trd, 000131.850, 157
Trd, 000132.283, 168
Trd, 000133.850, 163
Trd, 000134.233, 158
Trd, 000134.433, 156
Trd, 000134.933, 162
Trd, 000136.150, 161
Trd, 000136.517, 158
Trd, 000137.483, 159
Trd, 000138.183, 158
Trd, 000139.100, 162
Trd, 000139.417, 157
Trd, 000140.567, 159
Trd, 000141.033, 159
Trd, 000141.133, 159
Trd, 000142.800, 160
Trd, 000142.883, 158
Trd, 000143.617, 159
Trd, 000144.917, 157
Trd, 000145.367, 158
Trd, 000145.600, 159
Trd, 000146.450, 157
Trd, 000146.783, 157
Trd, 000147.033, 149
Trd, 000147.200, 169
Trd, 000148.450, 155
Trd, 000149.617, 155
Trd, 000149.800, 155
Trd, 000150.117, 154
Trd, 000150.550, 154
Trd, 000151.133, 155
Trd, 000151.150, 156
Trd, 000153.517, 158
Trd, 000154.267, 157
Trd, 000155.783, 158
Trd, 000156.067, 158
Trd, 000156.517, 157
Trd, 000156.533, 159
Trd, 000156.817, 155
Trd, 000156.933, 167
Trd, 000157.833, 141
Trd, 000159.633, 153
Trd, 000160.017, 156
Trd, 000160.400, 154
Trd, 000160.767, 153
Trd, 000160.800, 158
Trd, 000161.783, 169
Trd, 000162.100, 173
Trd, 000162.650, 163
Trd, 000163.117, 164
Trd, 000165.233, 162
Trd, 000165.333, 163
Trd, 000165.500, 162
Trd, 000165.567, 161
Trd, 000167.083, 161
Trd, 000168.183, 160
Trd, 000168.433, 162
Trd, 000168.733, 160
Trd, 000170.150, 162
Trd, 000170.817, 162
Trd, 000171.000, 161
Trd, 000171.100, 162
Trd, 000171.467, 161
Trd, 000171.583, 160
Trd, 000173.183, 161
Trd, 000173.383, 160
Trd, 000173.667, 160
Trd, 000173.700, 159
Trd, 000174.467, 158
Trd, 000175.133, 160
Trd, 000175.600, 160
Trd, 000176.100, 161
Trd, 000176.717, 173
Trd, 000177.567, 173
Trd, 000177.583, 159
Trd, 000177.717, 174
Trd, 000179.417, 175
Trd, 000179.750, 160
Trd, 000181.633, 163
Trd, 000181.783, 162
Trd, 000181.967, 165
Trd, 000183.167, 149
Trd, 000183.600, 158
Trd, 000183.833, 156
Trd, 000184.450, 157
Trd, 000186.233, 160
Trd, 000186.700, 160
Trd, 000186.883, 159
Trd, 000187.100, 168
Trd, 000187.783, 168
Trd, 000190.133, 162
Trd, 000190.533, 167
Trd, 000191.050, 165
Trd, 000191.833, 165
Trd, 000191.900, 163
Trd, 000192.833, 163
Trd, 000193.450, 159
Trd, 000195.017, 147
Trd, 000195.133, 148
Trd, 000195.533, 149
Trd, 000195.933, 150
Trd, 000196.233, 150
Trd, 000196.567, 153
Trd, 000197.567, 154
Trd, 000198.067, 156
Trd, 000198.950, 161
Trd, 000200.867, 159
Trd, 000201.033, 157
Trd, 000201.850, 158
Trd, 000202.783, 158
Trd, 000203.233, 158
Trd, 000203.500, 168
Trd, 000205.333, 164
Trd, 000205.767, 162
Trd, 000206.733, 164
Trd, 000207.633, 163
Trd, 000207.750, 161
Trd, 000208.517, 163
Trd, 000208.683, 164
Trd, 000209.183, 162
Trd, 000209.200, 179
Trd, 000209.950, 164
Trd, 000211.517, 163
Trd, 000211.800, 161
Trd, 000212.750, 153
Trd, 000212.983, 152
Trd, 000213.667, 154
Trd, 000213.833, 154
Trd, 000214.200, 155
Trd, 000214.683, 177
Trd, 000215.050, 166
Trd, 000217.117, 171
Trd, 000217.617, 179
Trd, 000218.600, 181
Trd, 000218.733, 180
Trd, 000219.267, 178
Trd, 000219.667, 179
Trd, 000219.700, 178
Trd, 000220.200, 173
Trd, 000220.767, 172
Trd, 000221.333, 174
Trd, 000222.900, 171
Trd, 000223.000, 169
Trd, 000223.267, 170
Trd, 000223.800, 169
Trd, 000225.867, 164
Trd, 000226.267, 170
Trd, 000226.617, 171
Trd, 000227.783, 172
Trd, 000228.117, 170
Trd, 000229.133, 175
Trd, 000229.583, 174
Trd, 000229.917, 175
Trd, 000229.950, 172
Trd, 000232.683, 178
Trd, 000233.367, 172
Trd, 000235.117, 171
Trd, 000235.367, 171
Trd, 000235.500, 171
Trd, 000235.833, 171
Trd, 000236.217, 171
Trd, 000237.000, 161
Trd, 000237.700, 161
Trd, 000238.033, 165
Trd, 000238.267, 172
Trd, 000238.550, 158
Trd, 000239.650, 172
Trd, 000239.950, 171
Trd, 000239.983, 166
Trd, 000241.350, 175
Trd, 000241.833, 179
Trd, 000242.950, 183
Trd, 000243.233, 182
Trd, 000243.650, 183
Trd, 000244.267, 183
Trd, 000244.567, 184
Trd, 000244.700, 182
Trd, 000245.000, 179
Trd, 000245.717, 174
Trd, 000245.983, 176
Trd, 000246.950, 175
Trd, 000247.400, 177
Trd, 000247.567, 179
Trd, 000248.483, 177
Trd, 000248.767, 178
Trd, 000248.783, 178
Trd, 000249.517, 183
Trd, 000249.983, 183
Trd, 000250.300, 183
Trd, 000250.317, 181
Trd, 000250.583, 184
Trd, 000251.167, 181
Trd, 000251.317, 180
Trd, 000252.200, 180
Trd, 000253.117, 178
Trd, 000253.317, 178
Trd, 000253.650, 183
Trd, 000253.750, 180
Trd, 000254.167, 180
Trd, 000254.183, 181
Trd, 000254.550, 181
Trd, 000255.083, 179
Trd, 000255.233, 179
Trd, 000255.517, 178
Trd, 000256.017, 176
Trd, 000256.383, 181
Trd, 000256.550, 183
Trd, 000257.583, 179
Trd, 000257.783, 179
Trd, 000258.583, 177
Trd, 000258.650, 182
Trd, 000259.267, 177
Trd, 000259.333, 177
Trd, 000259.617, 183
Trd, 000260.083, 179
Trd, 000260.667, 183
Trd, 000260.767, 184
Trd, 000261.000, 186
Trd, 000261.033, 176
Trd, 000261.767, 186
Trd, 000262.233, 169
Trd, 000262.583, 167
Trd, 000262.750, 169
Trd, 000263.200, 170
Trd, 000263.317, 176
Trd, 000263.967, 175
Trd, 000264.100, 188
Trd, 000264.917, 178
Trd, 000265.133, 188
Trd, 000265.267, 185
Trd, 000265.917, 185
Trd, 000266.267, 184
Trd, 000267.050, 181
Trd, 000267.100, 185
Trd, 000267.617, 184
Trd, 000267.700, 185
Trd, 000268.617, 182
Trd, 000268.667, 184
Trd, 000270.300, 183
Trd, 000271.000, 182
Trd, 000271.017, 181
Trd, 000271.350, 181
Trd, 000271.850, 179
Trd, 000271.900, 174
Trd, 000272.517, 183
Trd, 000273.183, 178
Trd, 000273.300, 178
Trd, 000274.333, 179
Trd, 000275.183, 178
Trd, 000275.283, 180
Trd, 000275.467, 177
Trd, 000275.583, 179
Trd, 000276.067, 177
Trd, 000276.800, 179
Trd, 000276.933, 177
Trd, 000277.283, 183
Trd, 000277.850, 184
Trd, 000278.267, 189
Trd, 000278.800, 183
Trd, 000279.167, 178
Trd, 000279.433, 178
Trd, 000279.750, 177
Trd, 000280.300, 177
Trd, 000280.367, 181
Trd, 000280.483, 184
Trd, 000281.017, 178
Trd, 000281.217, 177
Trd, 000281.467, 185
Trd, 000282.300, 186
Trd, 000283.383, 185
Trd, 000283.783, 185
Trd, 000283.967, 179
Trd, 000284.050, 178
Trd, 000284.167, 186
Trd, 000284.933, 177
Trd, 000285.250, 167
Trd, 000285.667, 174
Trd, 000285.917, 173
Trd, 000286.333, 172
Trd, 000286.433, 174
Trd, 000287.283, 172
Trd, 000287.550, 167
Trd, 000288.167, 171
Trd, 000288.983, 172
Trd, 000289.167, 172
Trd, 000289.400, 171
Trd, 000290.317, 171
Trd, 000290.800, 170
Trd, 000290.967, 171
Trd, 000291.450, 173
Trd, 000291.817, 177
Trd, 000292.067, 172
Trd, 000292.350, 172
Trd, 000293.933, 180
Trd, 000294.167, 181
Trd, 000294.367, 171
Trd, 000294.733, 171
Trd, 000295.417, 171
Trd, 000295.550, 175
Trd, 000295.617, 177
Trd, 000296.050, 169
Trd, 000296.433, 176
Trd, 000296.617, 177
Trd, 000296.767, 185
Trd, 000296.817, 187
Trd, 000297.167, 171
Trd, 000297.883, 194
Trd, 000298.367, 189
Trd, 000299.533, 187
Trd, 000299.950, 185
