Trd, 000001.317, 134
Trd, 000002.550, 124
Trd, 000003.417, 138
Trd, 000003.633, 138
Trd, 000003.983, 138
Trd, 000004.167, 137
Trd, 000004.367, 141
Trd, 000004.833, 130
Trd, 000005.283, 158
Trd, 000006.617, 170
Trd, 000006.933, 162
Trd, 000008.583, 154
Trd, 000009.117, 166
Trd, 000009.783, 163
Trd, 000010.250, 155
Trd, 000010.433, 155
Trd, 000010.967, 154
Trd, 000012.150, 153
Trd, 000012.300, 154
Trd, 000012.700, 155
Trd, 000013.333, 142
Trd, 000013.633, 153
Trd, 000014.100, 146
Trd, 000014.300, 154
Trd, 000014.800, 153
Trd, 000015.967, 155
Trd, 000017.517, 155
Trd, 000018.150, 154
Trd, 000018.650, 153
Trd, 000019.200, 152
Trd, 000019.817, 152
Trd, 000019.850, 151
Trd, 000019.950, 155
Trd, 000020.150, 156
Trd, 000020.167, 157
Trd, 000020.367, 158
Trd, 000021.300, 153
Trd, 000021.433, 157
Trd, 000021.683, 159
Trd, 000021.800, 157
Trd, 000023.433, 159
Trd, 000023.550, 157
Trd, 000024.033, 157
Trd, 000024.633, 156
Trd, 000025.450, 156
Trd, 000025.633, 160
Trd, 000026.283, 156
Trd, 000027.033, 159
Trd, 000027.350, 161
Trd, 000027.650, 159
Trd, 000028.700, 150
Trd, 000029.617, 157
Trd, 000029.983, 158
Trd, 000030.700, 158
Trd, 000030.883, 160
Trd, 000032.517, 161
Trd, 000033.750, 159
Trd, 000033.800, 158
Trd, 000034.033, 160
Trd, 000034.633, 160
Trd, 000034.833, 158
Trd, 000036.017, 150
Trd, 000036.450, 156
Trd, 000036.700, 161
Trd, 000037.967, 155
Trd, 000038.233, 147
Trd, 000039.383, 152
Trd, 000039.417, 153
Trd, 000039.867, 151
Trd, 000040.483, 150
Trd, 000041.783, 151
Trd, 000041.883, 150
Trd, 000042.267, 148
Trd, 000042.500, 149
Trd, 000042.733, 150
Trd, 000043.150, 149
Trd, 000044.533, 161
Trd, 000044.617, 162
Trd, 000045.250, 155
Trd, 000046.167, 157
Trd, 000046.750, 155
Trd, 000048.283, 153
Trd, 000048.333, 153
Trd, 000048.517, 151
Trd, 000048.900, 150
Trd, 000049.000, 145
Trd, 000049.633, 150
Trd, 000049.850, 153
Trd, 000049.900, 167
Trd, 000050.967, 152
Trd, 000050.983, 151
Trd, 000051.400, 147
Trd, 000053.167, 162
Trd, 000053.633, 153
Trd, 000054.567, 153
Trd, 000054.850, 159
Trd, 000055.150, 158
Trd, 000055.383, 157
Trd, 000055.567, 161
Trd, 000055.850, 163
Trd, 000056.783, 157
Trd, 000057.133, 147
Trd, 000057.633, 163
Trd, 000058.350, 165
Trd, 000058.450, 157
Trd, 000058.700, 165
Trd, 000060.650, 156
Trd, 000061.600, 154
Trd, 000061.650, 153
Trd, 000061.917, 156
Trd, 000062.900, 155
Trd, 000063.500, 155
Trd, 000063.817, 154
Trd, 000064.733, 153
Trd, 000066.067, 155
Trd, 000066.083, 154
Trd, 000066.717, 152
Trd, 000067.100, 152
Trd, 000068.550, 152
Trd, 000069.283, 152
Trd, 000069.650, 134
Trd, 000069.767, 151
Trd, 000070.400, 144
Trd, 000071.200, 151
Trd, 000071.217, 151
Trd, 000072.450, 149
Trd, 000072.783, 148
Trd, 000073.200, 161
Trd, 000073.983, 152
Trd, 000074.017, 158
Trd, 000074.500, 148
Trd, 000075.433, 156
Trd, 000075.767, 154
Trd, 000076.617, 158
Trd, 000076.917, 152
Trd, 000077.033, 150
Trd, 000078.000, 158
Trd, 000079.717, 156
Trd, 000079.783, 156
Trd, 000080.183, 166
Trd, 000080.717, 153
Trd, 000081.950, 159
Trd, 000083.033, 156
Trd, 000083.550, 158
Trd, 000084.433, 157
Trd, 000085.267, 156
Trd, 000085.633, 156
Trd, 000086.767, 163
Trd, 000088.500, 159
Trd, 000088.683, 160
Trd, 000088.800, 158
Trd, 000089.300, 157
Trd, 000089.883, 157
Trd, 000090.100, 156
Trd, 000090.283, 166
Trd, 000090.483, 167
Trd, 000092.267, 157
Trd, 000092.667, 163
Trd, 000092.783, 164
Trd, 000092.817, 157
Trd, 000093.667, 157
Trd, 000094.750, 156
Trd, 000095.250, 156
Trd, 000095.750, 155
Trd, 000095.983, 156
Trd, 000096.983, 156
Trd, 000097.100, 156
Trd, 000098.200, 158
Trd, 000099.350, 172
Trd, 000099.417, 156
Trd, 000099.583, 155
Trd, 000100.300, 156
Trd, 000101.100, 166
Trd, 000101.250, 159
Trd, 000101.667, 159
Trd, 000103.433, 158
Trd, 000103.450, 157
Trd, 000104.033, 155
Trd, 000104.250, 155
Trd, 000104.900, 154
Trd, 000105.300, 153
Trd, 000105.400, 168
Trd, 000106.167, 156
Trd, 000107.650, 164
Trd, 000107.767, 165
Trd, 000108.767, 158
Trd, 000108.883, 157
Trd, 000109.183, 154
Trd, 000109.750, 143
Trd, 000109.767, 169
Trd, 000110.167, 155
Trd, 000110.917, 157
Trd, 000111.167, 156
Trd, 000112.400, 157
Trd, 000113.517, 154
Trd, 000113.617, 157
Trd, 000114.333, 158
Trd, 000114.450, 153
Trd, 000115.600, 165
Trd, 000116.067, 165
Trd, 000116.233, 169
Trd, 000117.367, 170
Trd, 000117.567, 170
Trd, 000118.033, 169
Trd, 000119.450, 168
Trd, 000120.267, 175
Trd, 000120.517, 180
Trd, 000120.567, 169
Trd, 000120.867, 169
Trd, 000121.233, 167
Trd, 000121.933, 170
Trd, 000122.200, 168
Trd, 000122.617, 168
Trd, 000123.217, 167
Trd, 000124.033, 167
Trd, 000124.683, 169
Trd, 000125.100, 165
Trd, 000125.600, 158
Trd, 000127.883, 163
Trd, 000128.550, 161
Trd, 000129.017, 161
Trd, 000129.067, 160
Trd, 000129.167, 161
Trd, 000129.800, 163
Trd, 000130.450, 171
Trd, 000130.667, 174
Trd, 000130.700, 163
Trd, 000131.033, 164
Trd, 000131.217, 162
Trd, 000132.883, 164
Trd, 000133.133, 172
Trd, 000133.417, 163
Trd, 000133.883, 164
Trd, 000134.350, 172
Trd, 000135.667, 168
Trd, 000136.600, 168
Trd, 000136.683, 166
Trd, 000137.067, 176
Trd, 000137.533, 181
Trd, 000137.717, 164
Trd, 000137.933, 162
Trd, 000138.700, 161
Trd, 000139.717, 179
Trd, 000140.800, 170
Trd, 000140.967, 166
Trd, 000141.983, 166
Trd, 000142.100, 166
Trd, 000142.250, 164
Trd, 000142.817, 165
Trd, 000142.867, 166
Trd, 000143.583, 164
Trd, 000143.833, 164
Trd, 000145.200, 166
Trd, 000145.533, 166
Trd, 000145.717, 169
Trd, 000146.433, 168
Trd, 000146.600, 167
Trd, 000147.750, 171
Trd, 000148.083, 166
Trd, 000148.983, 167
Trd, 000149.067, 168
Trd, 000149.600, 172
Trd, 000149.617, 166
Trd, 000149.833, 173
Trd, 000150.967, 167
Trd, 000151.633, 177
Trd, 000152.333, 177
Trd, 000152.767, 166
Trd, 000155.183, 168
Trd, 000155.750, 168
Trd, 000156.317, 166
Trd, 000156.467, 166
Trd, 000156.650, 150
Trd, 000157.317, 163
Trd, 000157.917, 164
Trd, 000158.367, 165
Trd, 000158.400, 178
Trd, 000158.833, 162
Trd, 000159.800, 159
Trd, 000160.767, 159
Trd, 000161.217, 158
Trd, 000161.550, 160
Trd, 000162.917, 171
Trd, 000163.283, 172
Trd, 000164.350, 163
Trd, 000164.417, 171
Trd, 000164.433, 162
Trd, 000164.717, 174
Trd, 000165.283, 163
Trd, 000166.133, 164
Trd, 000166.150, 173
Trd, 000166.867, 164
Trd, 000168.017, 169
Trd, 000168.083, 165
Trd, 000168.133, 163
Trd, 000169.167, 164
Trd, 000169.583, 166
Trd, 000169.767, 167
Trd, 000170.017, 166
Trd, 000170.750, 167
Trd, 000172.267, 164
Trd, 000172.817, 164
Trd, 000174.867, 166
Trd, 000175.167, 164
Trd, 000176.017, 173
Trd, 000176.050, 175
Trd, 000176.533, 163
Trd, 000176.550, 179
Trd, 000177.267, 177
Trd, 000177.317, 179
Trd, 000177.950, 173
Trd, 000179.233, 174
Trd, 000179.600, 173
Trd, 000180.250, 173
Trd, 000181.033, 170
Trd, 000181.050, 169
Trd, 000182.050, 170
Trd, 000182.133, 169
Trd, 000182.950, 173
Trd, 000184.233, 171
Trd, 000185.183, 172
Trd, 000185.383, 170
Trd, 000185.900, 169
Trd, 000186.450, 168
Trd, 000186.950, 165
Trd, 000186.983, 164
Trd, 000187.033, 159
Trd, 000187.117, 156
Trd, 000188.617, 157
Trd, 000188.667, 164
Trd, 000189.017, 170
Trd, 000189.533, 165
Trd, 000189.983, 165
Trd, 000190.550, 170
Trd, 000191.450, 165
Trd, 000191.583, 164
Trd, 000192.150, 177
Trd, 000192.383, 181
Trd, 000194.533, 186
Trd, 000194.567, 187
Trd, 000194.667, 185
Trd, 000195.967, 184
Trd, 000197.467, 182
Trd, 000197.533, 182
Trd, 000197.850, 175
Trd, 000198.017, 172
Trd, 000199.217, 174
Trd, 000199.250, 175
Trd, 000199.367, 174
Trd, 000199.800, 173
Trd, 000200.117, 162
Trd, 000201.717, 173
Trd, 000201.833, 172
Trd, 000201.983, 167
Trd, 000202.300, 172
Trd, 000203.383, 178
Trd, 000203.450, 170
Trd, 000203.800, 178
Trd, 000204.700, 188
Trd, 000207.017, 182
Trd, 000207.400, 176
Trd, 000208.483, 178
Trd, 000208.583, 179
Trd, 000208.967, 178
Trd, 000209.217, 177
Trd, 000209.317, 176
Trd, 000209.767, 179
Trd, 000210.217, 182
Trd, 000211.067, 177
Trd, 000211.633, 176
Trd, 000214.017, 176
Trd, 000214.367, 175
Trd, 000214.450, 174
Trd, 000214.483, 176
Trd, 000215.100, 175
Trd, 000215.700, 175
Trd, 000216.517, 175
Trd, 000217.567, 174
Trd, 000217.650, 173
Trd, 000217.767, 176
Trd, 000218.100, 174
Trd, 000218.650, 179
Trd, 000219.067, 174
Trd, 000219.133, 173
Trd, 000221.183, 180
Trd, 000222.100, 179
Trd, 000222.767, 179
Trd, 000223.183, 175
Trd, 000223.717, 175
Trd, 000223.800, 174
Trd, 000224.083, 171
Trd, 000225.283, 173
Trd, 000225.717, 184
Trd, 000226.167, 172
Trd, 000226.417, 163
Trd, 000227.317, 186
Trd, 000227.417, 187
Trd, 000228.100, 185
Trd, 000228.267, 186
Trd, 000228.633, 185
Trd, 000229.033, 178
Trd, 000229.600, 187
Trd, 000229.750, 178
Trd, 000230.983, 186
Trd, 000232.250, 179
Trd, 000232.600, 175
Trd, 000233.150, 180
Trd, 000234.600, 178
Trd, 000234.833, 178
Trd, 000235.233, 177
Trd, 000235.550, 176
Trd, 000236.450, 178
Trd, 000236.950, 179
Trd, 000237.150, 179
Trd, 000237.183, 181
Trd, 000238.417, 177
Trd, 000239.183, 182
Trd, 000239.300, 183
Trd, 000239.900, 186
Trd, 000240.133, 179
Trd, 000240.450, 181
Trd, 000241.133, 183
Trd, 000241.417, 182
Trd, 000241.700, 180
Trd, 000242.017, 179
Trd, 000242.350, 179
Trd, 000243.117, 180
Trd, 000244.283, 182
Trd, 000244.417, 179
Trd, 000245.033, 181
Trd, 000246.000, 182
Trd, 000246.517, 181
Trd, 000247.017, 181
Trd, 000247.217, 189
Trd, 000247.450, 180
Trd, 000247.633, 180
Trd, 000247.750, 179
Trd, 000248.483, 178
Trd, 000249.133, 178
Trd, 000249.367, 176
Trd, 000249.583, 175
Trd, 000250.000, 178
Trd, 000250.317, 175
Trd, 000250.817, 174
Trd, 000251.317, 174
Trd, 000251.350, 172
Trd, 000251.533, 169
Trd, 000251.817, 170
Trd, 000253.283, 186
Trd, 000253.350, 178
Trd, 000253.433, 180
Trd, 000254.250, 179
Trd, 000254.633, 179
Trd, 000254.817, 176
Trd, 000255.233, 176
Trd, 000255.300, 175
Trd, 000255.800, 174
Trd, 000256.233, 176
Trd, 000256.483, 173
Trd, 000256.950, 166
Trd, 000257.933, 170
Trd, 000257.950, 176
Trd, 000258.150, 176
Trd, 000258.200, 172
Trd, 000258.467, 183
Trd, 000259.983, 181
Trd, 000260.083, 180
Trd, 000260.433, 176
Trd, 000260.600, 180
Trd, 000260.667, 177
Trd, 000260.817, 173
Trd, 000261.967, 179
Trd, 000262.533, 178
Trd, 000262.567, 179
Trd, 000263.133, 178
Trd, 000263.650, 187
Trd, 000264.533, 182
Trd, 000264.967, 184
Trd, 000265.167, 184
Trd, 000265.750, 185
Trd, 000266.000, 183
Trd, 000266.367, 182
Trd, 000266.717, 186
Trd, 000266.817, 182
Trd, 000267.000, 181
Trd, 000267.483, 178
Trd, 000267.500, 186
Trd, 000267.617, 173
Trd, 000267.967, 183
Trd, 000269.133, 174
Trd, 000269.917, 173
Trd, 000270.433, 172
Trd, 000271.233, 178
Trd, 000271.617, 178
Trd, 000271.817, 178
Trd, 000272.067, 178
Trd, 000272.283, 184
Trd, 000272.350, 178
Trd, 000273.583, 180
Trd, 000273.967, 189
Trd, 000274.350, 179
Trd, 000274.533, 180
Trd, 000274.633, 179
Trd, 000275.267, 186
Trd, 000275.717, 186
Trd, 000276.183, 179
Trd, 000276.883, 178
Trd, 000276.950, 179
Trd, 000277.300, 174
Trd, 000278.650, 178
Trd, 000278.750, 177
Trd, 000278.933, 179
Trd, 000279.400, 177
Trd, 000279.467, 179
Trd, 000280.067, 180
Trd, 000280.133, 181
Trd, 000280.267, 179
Trd, 000280.417, 182
Trd, 000280.600, 175
Trd, 000280.950, 190
Trd, 000282.033, 191
Trd, 000282.400, 187
Trd, 000283.350, 183
Trd, 000283.433, 191
Trd, 000283.617, 193
Trd, 000284.017, 196
Trd, 000284.167, 200
Trd, 000284.617, 189
Trd, 000285.250, 188
Trd, 000286.033, 193
Trd, 000286.050, 192
Trd, 000286.117, 184
Trd, 000286.983, 190
Trd, 000287.283, 191
Trd, 000287.700, 184
Trd, 000287.767, 185
Trd, 000288.500, 187
Trd, 000288.750, 186
Trd, 000289.200, 190
Trd, 000289.217, 185
Trd, 000289.483, 184
Trd, 000289.633, 183
Trd, 000289.683, 180
Trd, 000291.917, 184
Trd, 000292.167, 185
Trd, 000292.933, 184
Trd, 000293.200, 184
Trd, 000293.650, 183
Trd, 000293.683, 176
Trd, 000293.750, 163
Trd, 000293.850, 177
Trd, 000294.600, 175
Trd, 000295.000, 175
Trd, 000295.483, 176
Trd, 000295.550, 177
Trd, 000295.800, 180
Trd, 000296.100, 177
Trd, 000296.750, 175
Trd, 000297.000, 182
Trd, 000297.317, 182
Trd, 000297.533, 183
Trd, 000298.950, 186
Trd, 000299.100, 182
Trd, 000299.433, 181
Trd, 000299.550, 179
Trd, 000299.933, 187
