Trd, 000002.000, 148
Trd, 000002.683, 131
Trd, 000003.800, 138
Trd, 000004.200, 141
Trd, 000005.100, 158
Trd, 000006.350, 153
Trd, 000006.500, 153
Trd, 000007.133, 156
Trd, 000007.583, 158
Trd, 000007.783, 165
Trd, 000007.867, 153
Trd, 000008.117, 153
Trd, 000009.133, 154
Trd, 000010.017, 165
Trd, 000010.317, 165
Trd, 000012.633, 159
Trd, 000013.233, 159
Trd, 000013.283, 159
Trd, 000013.500, 158
Trd, 000013.650, 153
Trd, 000013.767, 138
Trd, 000015.050, 159
Trd, 000015.150, 159
Trd, 000015.833, 159
Trd, 000016.167, 166
Trd, 000017.900, 164
Trd, 000018.700, 164
Trd, 000018.783, 163
Trd, 000019.233, 163
Trd, 000020.383, 161
Trd, 000020.567, 163
Trd, 000021.400, 163
Trd, 000021.517, 163
Trd, 000022.417, 161
Trd, 000022.533, 160
Trd, 000022.883, 163
Trd, 000023.617, 148
Trd, 000025.033, 161
Trd, 000025.400, 158
Trd, 000025.600, 159
Trd, 000026.533, 159
Trd, 000026.850, 160
Trd, 000027.067, 158
Trd, 000028.267, 164
Trd, 000028.517, 167
Trd, 000029.233, 162
Trd, 000030.050, 166
Trd, 000031.050, 162
Trd, 000031.133, 161
Trd, 000032.017, 152
Trd, 000032.300, 157
Trd, 000032.550, 157
Trd, 000032.867, 156
Trd, 000033.333, 154
Trd, 000035.267, 154
Trd, 000035.417, 157
Trd, 000035.817, 153
Trd, 000036.233, 168
Trd, 000036.633, 173
Trd, 000038.217, 173
Trd, 000038.250, 176
Trd, 000039.467, 172
Trd, 000039.983, 172
Trd, 000041.250, 165
Trd, 000041.483, 164
Trd, 000042.417, 163
Trd, 000042.967, 164
Trd, 000043.117, 164
Trd, 000043.283, 166
Trd, 000043.500, 169
Trd, 000044.200, 169
Trd, 000045.833, 167
Trd, 000046.083, 166
Trd, 000046.183, 165
Trd, 000046.833, 166
Trd, 000048.517, 162
Trd, 000049.900, 162
Trd, 000050.483, 159
Trd, 000050.650, 160
Trd, 000050.867, 161
Trd, 000051.350, 156
Trd, 000051.583, 160
Trd, 000051.633, 170
Trd, 000051.900, 169
Trd, 000052.017, 170
Trd, 000052.183, 168
Trd, 000052.617, 153
Trd, 000053.267, 164
Trd, 000053.700, 161
Trd, 000054.067, 160
Trd, 000054.567, 163
Trd, 000055.383, 179
Trd, 000057.517, 179
Trd, 000057.983, 168
Trd, 000059.117, 173
Trd, 000059.300, 159
Trd, 000059.567, 153
Trd, 000060.517, 168
Trd, 000061.717, 165
Trd, 000062.150, 164
Trd, 000062.183, 166
Trd, 000063.333, 164
Trd, 000064.633, 163
Trd, 000065.117, 162
Trd, 000065.167, 162
Trd, 000065.700, 163
Trd, 000065.817, 153
Trd, 000066.100, 166
Trd, 000066.250, 170
Trd, 000067.167, 154
Trd, 000068.083, 165
Trd, 000068.517, 160
Trd, 000069.417, 160
Trd, 000069.767, 164
Trd, 000070.000, 165
Trd, 000070.467, 164
Trd, 000070.917, 164
Trd, 000071.217, 164
Trd, 000072.317, 166
Trd, 000072.567, 165
Trd, 000072.717, 171
Trd, 000073.083, 162
Trd, 000074.900, 166
Trd, 000075.283, 157
Trd, 000076.050, 166
Trd, 000077.067, 159
Trd, 000077.167, 158
Trd, 000077.817, 157
Trd, 000078.250, 156
Trd, 000078.950, 154
Trd, 000079.683, 150
Trd, 000079.967, 151
Trd, 000080.383, 149
Trd, 000080.450, 148
Trd, 000080.583, 154
Trd, 000081.050, 151
Trd, 000081.567, 154
Trd, 000081.767, 156
Trd, 000082.733, 171
Trd, 000083.100, 172
Trd, 000083.767, 170
Trd, 000083.850, 172
Trd, 000084.233, 161
Trd, 000085.517, 157
Trd, 000086.117, 156
Trd, 000086.167, 155
Trd, 000087.117, 156
Trd, 000088.267, 157
Trd, 000088.417, 183
Trd, 000089.117, 179
Trd, 000089.383, 178
Trd, 000090.167, 177
Trd, 000091.500, 171
Trd, 000091.800, 155
Trd, 000092.050, 171
Trd, 000094.283, 150
Trd, 000094.417, 150
Trd, 000094.450, 151
Trd, 000094.733, 149
Trd, 000095.167, 151
Trd, 000095.900, 157
Trd, 000096.917, 168
Trd, 000097.133, 174
Trd, 000098.617, 157
Trd, 000099.333, 158
Trd, 000100.050, 159
Trd, 000100.217, 161
Trd, 000100.650, 185
Trd, 000101.033, 158
Trd, 000101.083, 157
Trd, 000101.667, 188
Trd, 000102.383, 172
Trd, 000102.967, 175
Trd, 000103.967, 166
Trd, 000104.083, 167
Trd, 000105.100, 159
Trd, 000106.533, 170
Trd, 000106.917, 170
Trd, 000106.967, 169
Trd, 000107.333, 169
Trd, 000107.500, 170
Trd, 000109.033, 170
Trd, 000110.050, 169
Trd, 000110.600, 167
Trd, 000110.717, 168
Trd, 000111.800, 164
Trd, 000113.233, 162
Trd, 000113.350, 161
Trd, 000113.367, 154
Trd, 000113.567, 150
Trd, 000113.867, 161
Trd, 000115.500, 157
Trd, 000116.100, 157
Trd, 000116.183, 155
Trd, 000116.533, 155
Trd, 000116.717, 154
Trd, 000116.833, 155
Trd, 000116.933, 154
Trd, 000117.650, 155
Trd, 000119.017, 158
Trd, 000120.000, 158
Trd, 000120.067, 160
Trd, 000120.933, 177
Trd, 000121.433, 165
Trd, 000122.717, 160
Trd, 000122.933, 161
Trd, 000124.233, 161
Trd, 000124.667, 161
Trd, 000124.700, 160
Trd, 000125.767, 159
Trd, 000125.867, 160
Trd, 000126.300, 160
Trd, 000127.033, 160
Trd, 000128.200, 162
Trd, 000129.900, 175
Trd, 000130.017, 175
Trd, 000130.033, 171
Trd, 000130.750, 171
Trd, 000131.467, 173
Trd, 000131.950, 175
Trd, 000132.533, 167
Trd, 000132.750, 176
Trd, 000133.283, 162
Trd, 000134.417, 174
Trd, 000134.683, 171
Trd, 000135.667, 170
Trd, 000136.450, 172
Trd, 000137.500, 173
Trd, 000137.900, 173
Trd, 000139.217, 173
Trd, 000139.250, 173
Trd, 000139.483, 172
Trd, 000139.683, 169
Trd, 000141.050, 168
Trd, 000142.150, 168
Trd, 000142.550, 164
Trd, 000143.400, 165
Trd, 000144.567, 165
Trd, 000145.017, 168
Trd, 000145.183, 169
Trd, 000145.933, 171
Trd, 000145.950, 176
Trd, 000147.250, 167
Trd, 000147.750, 166
Trd, 000148.700, 167
Trd, 000148.817, 168
Trd, 000149.233, 169
Trd, 000150.050, 166
Trd, 000150.483, 167
Trd, 000151.483, 166
Trd, 000152.683, 168
Trd, 000152.883, 169
Trd, 000153.133, 170
Trd, 000153.750, 169
Trd, 000154.317, 168
Trd, 000155.000, 168
Trd, 000155.033, 169
Trd, 000155.917, 160
Trd, 000156.583, 166
Trd, 000157.550, 163
Trd, 000158.067, 164
Trd, 000158.133, 161
Trd, 000159.467, 162
Trd, 000159.500, 164
Trd, 000160.033, 164
Trd, 000160.250, 191
Trd, 000161.067, 165
Trd, 000162.250, 190
Trd, 000162.267, 186
Trd, 000162.300, 185
Trd, 000163.333, 184
Trd, 000163.350, 182
Trd, 000164.967, 164
Trd, 000165.833, 168
Trd, 000166.950, 165
Trd, 000167.150, 169
Trd, 000168.300, 166
Trd, 000168.517, 166
Trd, 000168.767, 167
Trd, 000169.517, 172
Trd, 000170.067, 164
Trd, 000170.450, 166
Trd, 000171.067, 169
Trd, 000171.383, 167
Trd, 000171.700, 170
Trd, 000173.567, 168
Trd, 000173.733, 169
Trd, 000173.967, 167
Trd, 000174.567, 169
Trd, 000174.833, 175
Trd, 000176.350, 170
Trd, 000176.450, 170
Trd, 000177.317, 182
Trd, 000179.250, 169
Trd, 000179.367, 171
Trd, 000180.217, 170
Trd, 000180.350, 168
Trd, 000180.783, 171
Trd, 000181.217, 170
Trd, 000181.383, 170
Trd, 000183.117, 166
Trd, 000183.217, 167
Trd, 000184.500, 173
Trd, 000184.650, 166
Trd, 000185.983, 181
Trd, 000186.050, 183
Trd, 000186.617, 177
Trd, 000188.133, 179
Trd, 000188.150, 180
Trd, 000188.250, 174
Trd, 000188.700, 176
Trd, 000189.200, 181
Trd, 000189.600, 181
Trd, 000190.750, 178
Trd, 000191.850, 178
Trd, 000192.067, 179
Trd, 000192.683, 177
Trd, 000193.450, 178
Trd, 000194.533, 177
Trd, 000195.267, 174
Trd, 000195.350, 175
Trd, 000197.233, 173
Trd, 000197.700, 175
Trd, 000198.583, 175
Trd, 000198.850, 174
Trd, 000199.483, 175
Trd, 000200.150, 173
Trd, 000200.267, 174
Trd, 000200.283, 174
Trd, 000200.383, 177
Trd, 000201.133, 180
Trd, 000202.250, 179
Trd, 000202.433, 182
Trd, 000202.817, 179
Trd, 000204.517, 181
Trd, 000204.767, 178
Trd, 000205.017, 178
Trd, 000206.983, 169
Trd, 000207.467, 175
Trd, 000208.150, 172
Trd, 000208.550, 171
Trd, 000209.250, 171
Trd, 000209.717, 172
Trd, 000210.550, 172
Trd, 000210.767, 171
Trd, 000211.367, 171
Trd, 000212.067, 169
Trd, 000212.533, 174
Trd, 000213.900, 172
Trd, 000214.267, 172
Trd, 000214.433, 173
Trd, 000214.833, 186
Trd, 000215.150, 179
Trd, 000215.367, 178
Trd, 000216.650, 180
Trd, 000216.917, 192
Trd, 000219.200, 179
Trd, 000219.433, 179
Trd, 000219.567, 183
Trd, 000219.633, 181
Trd, 000219.683, 181
Trd, 000220.633, 181
Trd, 000221.017, 180
Trd, 000221.167, 175
Trd, 000222.067, 180
Trd, 000222.383, 175
Trd, 000223.483, 169
Trd, 000223.583, 171
Trd, 000225.800, 169
Trd, 000225.900, 170
Trd, 000226.200, 169
Trd, 000226.250, 168
Trd, 000226.683, 170
Trd, 000227.200, 171
Trd, 000228.117, 169
Trd, 000228.750, 167
Trd, 000228.817, 167
Trd, 000229.967, 165
Trd, 000229.983, 169
Trd, 000230.433, 171
Trd, 000231.767, 175
Trd, 000231.883, 175
Trd, 000231.967, 174
Trd, 000232.317, 172
Trd, 000232.367, 170
Trd, 000233.117, 172
Trd, 000233.900, 179
Trd, 000234.933, 170
Trd, 000235.733, 169
Trd, 000236.450, 168
Trd, 000236.867, 170
Trd, 000237.583, 170
Trd, 000237.650, 171
Trd, 000238.233, 162
Trd, 000239.733, 171
Trd, 000239.883, 172
Trd, 000240.750, 172
Trd, 000240.867, 172
Trd, 000241.200, 171
Trd, 000241.800, 171
Trd, 000241.833, 170
Trd, 000242.100, 172
Trd, 000242.517, 170
Trd, 000242.817, 172
Trd, 000243.000, 169
Trd, 000243.583, 171
Trd, 000243.783, 171
Trd, 000243.900, 172
Trd, 000244.500, 170
Trd, 000245.017, 170
Trd, 000245.167, 168
Trd, 000245.600, 171
Trd, 000246.950, 169
Trd, 000247.450, 172
Trd, 000248.483, 177
Trd, 000248.867, 181
Trd, 000249.300, 176
Trd, 000249.650, 173
Trd, 000249.683, 176
Trd, 000249.800, 172
Trd, 000250.067, 173
Trd, 000250.233, 176
Trd, 000250.900, 178
Trd, 000251.383, 176
Trd, 000252.017, 173
Trd, 000252.267, 186
Trd, 000252.600, 184
Trd, 000252.650, 183
Trd, 000252.800, 184
Trd, 000252.817, 185
Trd, 000253.283, 187
Trd, 000253.683, 190
Trd, 000254.000, 185
Trd, 000254.433, 181
Trd, 000254.650, 180
Trd, 000256.183, 168
Trd, 000256.217, 169
Trd, 000256.600, 172
Trd, 000256.867, 174
Trd, 000257.150, 175
Trd, 000258.133, 174
Trd, 000258.300, 171
Trd, 000258.483, 174
Trd, 000258.900, 184
Trd, 000259.517, 187
Trd, 000260.567, 183
Trd, 000260.800, 182
Trd, 000260.850, 181
Trd, 000260.917, 181
Trd, 000261.250, 173
Trd, 000261.833, 167
Trd, 000262.333, 170
Trd, 000262.750, 171
Trd, 000263.383, 169
Trd, 000263.717, 169
Trd, 000263.833, 168
Trd, 000264.200, 169
Trd, 000264.900, 169
Trd, 000265.500, 170
Trd, 000265.550, 174
Trd, 000266.083, 176
Trd, 000267.133, 174
Trd, 000267.233, 175
Trd, 000267.733, 176
Trd, 000268.417, 175
Trd, 000268.500, 176
Trd, 000268.683, 174
Trd, 000268.867, 176
Trd, 000269.000, 189
Trd, 000269.700, 178
Trd, 000270.017, 182
Trd, 000270.183, 171
Trd, 000270.900, 178
Trd, 000271.583, 174
Trd, 000271.867, 175
Trd, 000272.250, 174
Trd, 000272.500, 177
Trd, 000272.567, 174
Trd, 000273.000, 178
Trd, 000274.167, 179
Trd, 000274.600, 179
Trd, 000274.833, 180
Trd, 000275.450, 179
Trd, 000275.933, 176
Trd, 000276.167, 179
Trd, 000276.400, 176
Trd, 000276.717, 179
Trd, 000276.833, 180
Trd, 000276.900, 176
Trd, 000278.817, 176
Trd, 000279.233, 176
Trd, 000279.383, 175
Trd, 000279.467, 174
Trd, 000279.767, 173
Trd, 000280.133, 176
Trd, 000280.450, 173
Trd, 000280.600, 173
Trd, 000280.850, 175
Trd, 000281.433, 179
Trd, 000281.617, 179
Trd, 000281.683, 179
Trd, 000282.167, 172
Trd, 000282.700, 175
Trd, 000283.083, 170
Trd, 000284.083, 169
Trd, 000284.717, 173
Trd, 000285.167, 172
Trd, 000285.350, 172
Trd, 000285.367, 173
Trd, 000285.383, 175
Trd, 000285.700, 170
Trd, 000286.333, 171
Trd, 000286.567, 172
Trd, 000287.683, 175
Trd, 000287.750, 173
Trd, 000288.217, 176
Trd, 000288.417, 179
Trd, 000288.867, 173
Trd, 000288.933, 170
Trd, 000289.700, 179
Trd, 000289.817, 191
Trd, 000290.533, 180
Trd, 000290.867, 194
Trd, 000291.267, 185
Trd, 000291.967, 185
Trd, 000292.417, 184
Trd, 000292.700, 191
Trd, 000293.867, 185
Trd, 000293.950, 186
Trd, 000294.400, 181
Trd, 000294.533, 180
Trd, 000294.833, 176
Trd, 000294.933, 177
Trd, 000295.050, 170
Trd, 000295.083, 166
Trd, 000295.450, 184
Trd, 000298.583, 171
Trd, 000298.817, 170
Trd, 000298.850, 171
Trd, 000299.150, 173
Trd, 000299.650, 173
Trd, 000299.933, 174
