Trd, 000001.317, 144
Trd, 000003.417, 151
Trd, 000003.433, 152
Trd, 000003.683, 150
Trd, 000003.817, 155
Trd, 000004.800, 152
Trd, 000005.183, 151
Trd, 000005.617, 156
Trd, 000005.917, 145
Trd, 000006.383, 145
Trd, 000006.483, 148
Trd, 000007.067, 154
Trd, 000008.250, 146
Trd, 000009.583, 144
Trd, 000009.683, 146
Trd, 000009.900, 156
Trd, 000010.267, 148
Trd, 000010.483, 154
Trd, 000011.233, 151
Trd, 000011.783, 151
Trd, 000012.133, 153
Trd, 000012.150, 154
Trd, 000013.617, 150
Trd, 000014.283, 151
Trd, 000015.083, 153
Trd, 000015.267, 149
Trd, 000015.383, 150
Trd, 000016.117, 146
Trd, 000016.233, 151
Trd, 000016.717, 146
Trd, 000017.117, 136
Trd, 000018.550, 146
Trd, 000018.650, 146
Trd, 000018.733, 150
Trd, 000019.367, 154
Trd, 000019.600, 156
Trd, 000019.967, 157
Trd, 000020.717, 149
Trd, 000020.883, 148
Trd, 000021.717, 149
Trd, 000021.850, 150
Trd, 000022.300, 149
Trd, 000023.300, 147
Trd, 000023.317, 146
Trd, 000023.483, 146
Trd, 000024.750, 150
Trd, 000024.900, 151
Trd, 000026.100, 150
Trd, 000026.717, 153
Trd, 000027.050, 150
Trd, 000027.717, 148
Trd, 000027.917, 148
Trd, 000027.983, 151
Trd, 000028.183, 158
Trd, 000028.683, 164
Trd, 000029.333, 156
Trd, 000030.700, 156
Trd, 000031.017, 152
Trd, 000031.533, 151
Trd, 000031.800, 146
Trd, 000032.067, 146
Trd, 000032.500, 146
Trd, 000032.983, 146
Trd, 000033.100, 147
Trd, 000033.683, 141
Trd, 000036.150, 148
Trd, 000036.533, 151
Trd, 000037.017, 155
Trd, 000037.167, 156
Trd, 000037.800, 148
Trd, 000038.183, 155
Trd, 000038.817, 156
Trd, 000039.167, 157
Trd, 000039.833, 159
Trd, 000040.250, 169
Trd, 000040.717, 157
Trd, 000041.600, 159
Trd, 000042.117, 159
Trd, 000042.200, 157
Trd, 000042.817, 155
Trd, 000043.233, 159
Trd, 000043.600, 155
Trd, 000044.250, 155
Trd, 000044.350, 152
Trd, 000046.000, 147
Trd, 000046.333, 152
Trd, 000046.717, 153
Trd, 000046.783, 156
Trd, 000047.383, 150
Trd, 000047.483, 159
Trd, 000047.950, 160
Trd, 000048.450, 152
Trd, 000050.250, 154
Trd, 000050.400, 153
Trd, 000050.633, 153
Trd, 000051.250, 151
Trd, 000051.500, 148
Trd, 000051.567, 152
Trd, 000051.750, 160
Trd, 000052.550, 143
Trd, 000052.783, 143
Trd, 000052.917, 144
Trd, 000053.000, 142
Trd, 000053.550, 149
Trd, 000055.450, 151
Trd, 000056.567, 147
Trd, 000057.133, 146
Trd, 000057.683, 149
Trd, 000059.317, 149
Trd, 000060.000, 148
Trd, 000060.033, 149
Trd, 000060.200, 146
Trd, 000060.483, 147
Trd, 000061.083, 146
Trd, 000061.483, 150
Trd, 000061.783, 130
Trd, 000062.400, 154
Trd, 000063.533, 153
Trd, 000064.367, 153
Trd, 000064.433, 152
Trd, 000064.683, 153
Trd, 000064.800, 151
Trd, 000065.500, 153
Trd, 000065.983, 154
Trd, 000067.183, 152
Trd, 000067.983, 154
Trd, 000068.600, 153
Trd, 000068.767, 158
Trd, 000069.683, 158
Trd, 000070.100, 156
Trd, 000070.433, 156
Trd, 000070.817, 157
Trd, 000071.317, 159
Trd, 000071.967, 161
Trd, 000072.300, 160
Trd, 000072.367, 159
Trd, 000073.217, 162
Trd, 000073.967, 160
Trd, 000074.200, 158
Trd, 000074.867, 158
Trd, 000075.417, 159
Trd, 000075.767, 160
Trd, 000075.850, 160
Trd, 000076.500, 162
Trd, 000076.767, 163
Trd, 000077.383, 162
Trd, 000077.667, 169
Trd, 000077.767, 161
Trd, 000078.333, 161
Trd, 000080.100, 164
Trd, 000080.617, 159
Trd, 000080.633, 160
Trd, 000080.900, 162
Trd, 000081.350, 158
Trd, 000081.783, 163
Trd, 000083.167, 161
Trd, 000083.267, 157
Trd, 000083.600, 156
Trd, 000084.383, 160
Trd, 000084.917, 158
Trd, 000085.283, 154
Trd, 000085.650, 152
Trd, 000086.167, 152
Trd, 000086.533, 151
Trd, 000087.217, 152
Trd, 000087.400, 150
Trd, 000087.467, 151
Trd, 000089.167, 154
Trd, 000089.217, 156
Trd, 000090.167, 157
Trd, 000090.567, 153
Trd, 000091.233, 157
Trd, 000091.483, 158
Trd, 000092.750, 156
Trd, 000093.017, 160
Trd, 000093.200, 156
Trd, 000093.383, 160
Trd, 000093.917, 164
Trd, 000094.750, 156
Trd, 000095.600, 155
Trd, 000095.883, 155
Trd, 000096.683, 154
Trd, 000096.883, 154
Trd, 000097.500, 155
Trd, 000097.783, 153
Trd, 000097.900, 157
Trd, 000098.417, 157
Trd, 000099.100, 154
Trd, 000099.150, 154
Trd, 000099.483, 152
Trd, 000099.717, 122
Trd, 000101.450, 153
Trd, 000101.500, 155
Trd, 000102.483, 158
Trd, 000102.617, 158
Trd, 000103.233, 157
Trd, 000104.017, 155
Trd, 000104.133, 158
Trd, 000104.400, 153
Trd, 000106.800, 156
Trd, 000106.983, 155
Trd, 000107.850, 159
Trd, 000109.067, 157
Trd, 000110.817, 163
Trd, 000111.000, 163
Trd, 000111.267, 164
Trd, 000111.800, 162
Trd, 000112.567, 163
Trd, 000112.583, 164
Trd, 000113.017, 161
Trd, 000113.217, 164
Trd, 000114.167, 161
Trd, 000115.150, 161
Trd, 000115.300, 160
Trd, 000115.350, 163
Trd, 000115.633, 160
Trd, 000116.117, 160
Trd, 000116.767, 165
Trd, 000117.150, 159
Trd, 000117.200, 161
Trd, 000118.533, 156
Trd, 000118.700, 163
Trd, 000119.283, 164
Trd, 000119.700, 167
Trd, 000121.067, 164
Trd, 000121.333, 168
Trd, 000122.033, 163
Trd, 000122.250, 163
Trd, 000122.317, 160
Trd, 000122.917, 165
Trd, 000123.450, 164
Trd, 000124.483, 152
Trd, 000124.750, 153
Trd, 000125.617, 156
Trd, 000126.350, 159
Trd, 000126.567, 164
Trd, 000126.650, 169
Trd, 000126.867, 158
Trd, 000126.917, 156
Trd, 000127.550, 148
Trd, 000127.717, 167
Trd, 000129.750, 167
Trd, 000129.900, 168
Trd, 000130.133, 164
Trd, 000131.250, 164
Trd, 000131.583, 166
Trd, 000131.717, 168
Trd, 000131.767, 164
Trd, 000132.717, 162
Trd, 000132.950, 162
Trd, 000133.017, 149
Trd, 000133.333, 175
Trd, 000133.483, 178
Trd, 000134.767, 156
Trd, 000134.933, 157
Trd, 000135.467, 161
Trd, 000135.983, 157
Trd, 000136.417, 161
Trd, 000136.517, 162
Trd, 000137.617, 162
Trd, 000137.700, 159
Trd, 000138.000, 164
Trd, 000138.817, 161
Trd, 000139.267, 162
Trd, 000139.467, 161
Trd, 000139.800, 161
Trd, 000140.383, 159
Trd, 000140.467, 168
Trd, 000142.233, 161
Trd, 000142.383, 160
Trd, 000142.867, 164
Trd, 000143.333, 158
Trd, 000143.450, 163
Trd, 000145.017, 159
Trd, 000145.483, 162
Trd, 000145.967, 163
Trd, 000146.233, 159
Trd, 000146.467, 159
Trd, 000147.717, 160
Trd, 000148.567, 159
Trd, 000149.117, 159
Trd, 000150.033, 162
Trd, 000150.333, 163
Trd, 000150.383, 164
Trd, 000150.967, 163
Trd, 000151.000, 164
Trd, 000151.450, 162
Trd, 000151.767, 165
Trd, 000152.633, 163
Trd, 000152.983, 166
Trd, 000153.467, 168
Trd, 000155.200, 168
Trd, 000155.417, 164
Trd, 000155.983, 168
Trd, 000156.200, 163
Trd, 000156.900, 164
Trd, 000157.200, 162
Trd, 000157.367, 163
Trd, 000157.433, 165
Trd, 000158.417, 170
Trd, 000158.700, 172
Trd, 000158.917, 169
Trd, 000159.333, 174
Trd, 000160.133, 160
Trd, 000161.033, 155
Trd, 000161.683, 161
Trd, 000161.733, 134
Trd, 000162.667, 160
Trd, 000162.767, 166
Trd, 000163.033, 166
Trd, 000163.867, 164
Trd, 000164.617, 165
Trd, 000165.400, 168
Trd, 000166.367, 169
Trd, 000166.450, 164
Trd, 000167.400, 166
Trd, 000170.383, 167
Trd, 000170.633, 167
Trd, 000171.033, 168
Trd, 000171.167, 170
Trd, 000171.267, 172
Trd, 000171.383, 165
Trd, 000171.867, 177
Trd, 000172.033, 174
Trd, 000172.100, 173
Trd, 000172.667, 179
Trd, 000172.733, 172
Trd, 000172.883, 171
Trd, 000173.033, 170
Trd, 000175.900, 165
Trd, 000176.017, 166
Trd, 000176.417, 166
Trd, 000176.550, 165
Trd, 000177.083, 166
Trd, 000177.550, 162
Trd, 000177.733, 166
Trd, 000178.517, 161
Trd, 000180.083, 166
Trd, 000180.183, 162
Trd, 000180.433, 163
Trd, 000181.667, 162
Trd, 000181.950, 152
Trd, 000182.200, 163
Trd, 000182.800, 169
Trd, 000184.233, 167
Trd, 000184.450, 169
Trd, 000184.533, 169
Trd, 000184.600, 168
Trd, 000185.900, 167
Trd, 000186.133, 166
Trd, 000186.683, 166
Trd, 000186.983, 167
Trd, 000188.183, 168
Trd, 000188.217, 170
Trd, 000189.250, 170
Trd, 000189.600, 170
Trd, 000189.767, 169
Trd, 000190.383, 170
Trd, 000191.000, 170
Trd, 000191.167, 170
Trd, 000191.333, 171
Trd, 000191.667, 169
Trd, 000191.750, 174
Trd, 000192.067, 177
Trd, 000193.067, 168
Trd, 000193.100, 167
Trd, 000193.983, 175
Trd, 000194.467, 174
Trd, 000195.317, 165
Trd, 000195.667, 166
Trd, 000195.683, 165
Trd, 000196.083, 166
Trd, 000196.417, 170
Trd, 000197.033, 167
Trd, 000197.050, 166
Trd, 000197.600, 168
Trd, 000198.133, 168
Trd, 000199.217, 164
Trd, 000199.483, 162
Trd, 000199.783, 165
Trd, 000200.117, 163
Trd, 000201.017, 163
Trd, 000201.500, 162
Trd, 000201.517, 164
Trd, 000201.833, 162
Trd, 000202.467, 161
Trd, 000202.600, 170
Trd, 000202.950, 157
Trd, 000203.833, 171
Trd, 000204.383, 175
Trd, 000205.150, 175
Trd, 000206.400, 172
Trd, 000206.433, 175
Trd, 000206.733, 176
Trd, 000207.267, 171
Trd, 000207.883, 163
Trd, 000207.983, 161
Trd, 000208.417, 169
Trd, 000209.767, 165
Trd, 000210.150, 165
Trd, 000210.350, 169
Trd, 000210.550, 175
Trd, 000212.283, 174
Trd, 000212.600, 169
Trd, 000212.617, 175
Trd, 000212.917, 176
Trd, 000213.267, 168
Trd, 000213.417, 176
Trd, 000214.250, 164
Trd, 000215.117, 176
Trd, 000216.550, 173
Trd, 000216.583, 173
Trd, 000216.617, 170
Trd, 000217.100, 172
Trd, 000217.233, 171
Trd, 000217.317, 172
Trd, 000217.783, 170
Trd, 000218.367, 173
Trd, 000218.733, 169
Trd, 000218.850, 172
Trd, 000220.250, 169
Trd, 000221.100, 171
Trd, 000222.017, 170
Trd, 000222.833, 169
Trd, 000222.867, 170
Trd, 000223.750, 170
Trd, 000224.067, 172
Trd, 000224.117, 172
Trd, 000225.117, 171
Trd, 000225.267, 170
Trd, 000226.017, 170
Trd, 000226.200, 170
Trd, 000227.200, 171
Trd, 000227.767, 172
Trd, 000227.983, 170
Trd, 000228.333, 176
Trd, 000229.033, 178
Trd, 000229.067, 185
Trd, 000229.517, 171
Trd, 000230.200, 179
Trd, 000230.967, 178
Trd, 000231.183, 179
Trd, 000231.883, 169
Trd, 000232.767, 178
Trd, 000232.800, 180
Trd, 000232.867, 174
Trd, 000234.483, 176
Trd, 000234.517, 175
Trd, 000234.550, 174
Trd, 000235.433, 173
Trd, 000235.450, 172
Trd, 000236.167, 173
Trd, 000237.033, 173
Trd, 000237.250, 172
Trd, 000238.267, 171
Trd, 000238.417, 173
Trd, 000238.833, 174
Trd, 000240.083, 174
Trd, 000240.350, 175
Trd, 000240.417, 175
Trd, 000240.467, 173
Trd, 000241.383, 176
Trd, 000241.450, 177
Trd, 000241.983, 186
Trd, 000242.550, 179
Trd, 000243.067, 178
Trd, 000243.383, 180
Trd, 000243.467, 195
Trd, 000243.600, 177
Trd, 000243.750, 176
Trd, 000244.533, 186
Trd, 000245.000, 184
Trd, 000245.417, 184
Trd, 000246.233, 183
Trd, 000246.433, 181
Trd, 000247.050, 181
Trd, 000247.133, 182
Trd, 000247.267, 183
Trd, 000247.500, 189
Trd, 000247.700, 179
Trd, 000248.000, 186
Trd, 000248.117, 175
Trd, 000248.183, 173
Trd, 000248.483, 187
Trd, 000248.817, 172
Trd, 000249.750, 181
Trd, 000249.867, 180
Trd, 000250.317, 181
Trd, 000251.483, 181
Trd, 000252.533, 180
Trd, 000253.317, 180
Trd, 000253.883, 181
Trd, 000253.900, 180
Trd, 000253.983, 178
Trd, 000255.400, 177
Trd, 000255.433, 175
Trd, 000255.800, 179
Trd, 000256.150, 181
Trd, 000256.817, 176
Trd, 000257.100, 175
Trd, 000257.217, 175
Trd, 000257.783, 175
Trd, 000258.217, 180
Trd, 000258.767, 182
Trd, 000258.833, 177
Trd, 000259.000, 188
Trd, 000259.433, 182
Trd, 000260.017, 182
Trd, 000260.083, 183
Trd, 000260.333, 181
Trd, 000260.400, 180
Trd, 000261.683, 184
Trd, 000262.017, 179
Trd, 000262.150, 183
Trd, 000262.800, 184
Trd, 000263.350, 191
Trd, 000263.817, 186
Trd, 000263.917, 185
Trd, 000264.283, 188
Trd, 000265.167, 186
Trd, 000265.250, 187
Trd, 000265.383, 184
Trd, 000265.467, 183
Trd, 000265.883, 186
Trd, 000265.950, 181
Trd, 000267.000, 183
Trd, 000267.317, 180
Trd, 000267.800, 181
Trd, 000267.917, 182
Trd, 000267.983, 183
Trd, 000268.633, 178
Trd, 000270.267, 182
Trd, 000270.417, 182
Trd, 000270.517, 177
Trd, 000271.300, 181
Trd, 000271.733, 182
Trd, 000271.750, 180
Trd, 000272.567, 178
Trd, 000272.683, 177
Trd, 000273.833, 181
Trd, 000274.450, 182
Trd, 000274.750, 182
Trd, 000275.133, 177
Trd, 000275.633, 176
Trd, 000275.750, 182
Trd, 000275.783, 183
Trd, 000276.583, 184
Trd, 000276.633, 183
Trd, 000276.650, 186
Trd, 000277.467, 179
Trd, 000277.700, 184
Trd, 000278.433, 177
Trd, 000278.767, 178
Trd, 000279.267, 186
Trd, 000279.867, 189
Trd, 000279.967, 190
Trd, 000280.583, 190
Trd, 000280.933, 189
Trd, 000281.517, 188
Trd, 000281.817, 188
Trd, 000282.117, 188
Trd, 000282.450, 189
Trd, 000282.500, 183
Trd, 000283.233, 183
Trd, 000283.450, 191
Trd, 000283.483, 193
Trd, 000283.933, 182
Trd, 000284.600, 187
Trd, 000284.833, 185
Trd, 000284.917, 192
Trd, 000285.200, 184
Trd, 000285.950, 183
Trd, 000286.967, 190
Trd, 000287.100, 179
Trd, 000287.200, 179
Trd, 000287.367, 176
Trd, 000287.567, 188
Trd, 000287.733, 189
Trd, 000289.167, 187
Trd, 000289.583, 186
Trd, 000289.833, 188
Trd, 000289.900, 185
Trd, 000289.950, 184
Trd, 000290.150, 180
Trd, 000291.350, 175
Trd, 000291.417, 189
Trd, 000291.433, 173
Trd, 000292.283, 189
Trd, 000293.000, 184
Trd, 000293.383, 188
Trd, 000294.150, 173
Trd, 000294.167, 180
Trd, 000294.317, 172
Trd, 000294.683, 188
Trd, 000295.200, 194
Trd, 000295.783, 196
Trd, 000296.450, 178
Trd, 000296.650, 177
Trd, 000296.967, 189
Trd, 000298.017, 185
Trd, 000298.233, 181
Trd, 000299.400, 182
