Trd, 000001.900, 151
Trd, 000002.300, 136
Trd, 000002.617, 134
Trd, 000002.633, 152
Trd, 000004.167, 174
Trd, 000004.583, 173
Trd, 000004.817, 172
Trd, 000005.100, 170
Trd, 000005.267, 162
Trd, 000005.667, 162
Trd, 000007.067, 149
Trd, 000008.183, 160
Trd, 000008.283, 161
Trd, 000009.400, 162
Trd, 000010.317, 163
Trd, 000010.400, 156
Trd, 000010.500, 169
Trd, 000012.700, 151
Trd, 000013.200, 150
Trd, 000013.383, 148
Trd, 000013.417, 154
Trd, 000014.517, 153
Trd, 000014.600, 150
Trd, 000015.350, 152
Trd, 000016.000, 152
Trd, 000016.167, 152
Trd, 000016.233, 157
Trd, 000016.383, 169
Trd, 000018.000, 155
Trd, 000018.367, 154
Trd, 000018.383, 158
Trd, 000019.267, 156
Trd, 000019.533, 154
Trd, 000020.250, 153
Trd, 000020.567, 158
Trd, 000022.883, 155
Trd, 000023.100, 156
Trd, 000024.900, 156
Trd, 000025.117, 157
Trd, 000025.650, 152
Trd, 000026.050, 156
Trd, 000026.233, 157
Trd, 000026.850, 150
Trd, 000026.867, 158
Trd, 000027.167, 148
Trd, 000027.283, 145
Trd, 000028.400, 158
Trd, 000028.767, 152
Trd, 000029.800, 153
Trd, 000030.050, 154
Trd, 000030.067, 154
Trd, 000031.250, 162
Trd, 000031.383, 165
Trd, 000033.433, 158
Trd, 000033.900, 156
Trd, 000034.100, 156
Trd, 000035.383, 156
Trd, 000036.683, 157
Trd, 000036.883, 157
Trd, 000036.983, 158
Trd, 000038.117, 166
Trd, 000038.233, 154
Trd, 000039.367, 154
Trd, 000040.033, 159
Trd, 000040.267, 154
Trd, 000041.583, 157
Trd, 000041.917, 156
Trd, 000043.083, 157
Trd, 000043.567, 158
Trd, 000044.417, 158
Trd, 000045.350, 156
Trd, 000045.850, 155
Trd, 000046.100, 159
Trd, 000046.267, 151
Trd, 000047.867, 149
Trd, 000048.233, 157
Trd, 000048.467, 158
Trd, 000049.567, 150
Trd, 000050.333, 150
Trd, 000050.367, 149
Trd, 000051.417, 155
Trd, 000051.500, 156
Trd, 000052.617, 158
Trd, 000053.017, 167
Trd, 000053.167, 155
Trd, 000053.733, 169
Trd, 000053.867, 166
Trd, 000054.100, 173
Trd, 000054.583, 170
Trd, 000055.233, 159
Trd, 000056.650, 166
Trd, 000056.783, 168
Trd, 000056.833, 170
Trd, 000057.283, 161
Trd, 000058.267, 168
Trd, 000058.450, 155
Trd, 000059.417, 183
Trd, 000060.200, 169
Trd, 000060.700, 168
Trd, 000061.933, 159
Trd, 000062.317, 166
Trd, 000063.933, 163
Trd, 000065.967, 158
Trd, 000066.083, 160
Trd, 000066.633, 159
Trd, 000067.367, 159
Trd, 000067.650, 161
Trd, 000067.800, 161
Trd, 000068.667, 157
Trd, 000069.117, 156
Trd, 000069.167, 153
Trd, 000069.583, 160
Trd, 000069.883, 161
Trd, 000070.167, 162
Trd, 000071.750, 169
Trd, 000072.417, 158
Trd, 000073.833, 160
Trd, 000074.000, 162
Trd, 000074.317, 161
Trd, 000074.567, 172
Trd, 000074.883, 175
Trd, 000075.100, 161
Trd, 000075.600, 153
Trd, 000076.450, 170
Trd, 000076.517, 172
Trd, 000077.933, 171
Trd, 000078.433, 170
Trd, 000079.250, 170
Trd, 000080.550, 168
Trd, 000081.183, 166
Trd, 000081.667, 159
Trd, 000082.083, 165
Trd, 000083.333, 166
Trd, 000083.450, 166
Trd, 000085.083, 163
Trd, 000086.600, 162
Trd, 000086.733, 161
Trd, 000088.300, 160
Trd, 000088.517, 163
Trd, 000088.617, 163
Trd, 000089.283, 161
Trd, 000089.317, 170
Trd, 000089.683, 191
Trd, 000090.967, 164
Trd, 000091.400, 171
Trd, 000091.550, 174
Trd, 000092.483, 162
Trd, 000092.817, 164
Trd, 000093.117, 167
Trd, 000094.017, 160
Trd, 000094.150, 166
Trd, 000095.783, 160
Trd, 000096.983, 167
Trd, 000097.267, 172
Trd, 000097.450, 174
Trd, 000098.850, 165
Trd, 000099.067, 164
Trd, 000099.567, 163
Trd, 000100.817, 167
Trd, 000102.233, 163
Trd, 000102.900, 165
Trd, 000103.183, 161
Trd, 000103.517, 164
Trd, 000103.733, 157
Trd, 000104.567, 171
Trd, 000105.133, 155
Trd, 000107.100, 164
Trd, 000107.217, 164
Trd, 000107.667, 158
Trd, 000108.050, 165
Trd, 000108.433, 165
Trd, 000110.283, 163
Trd, 000111.667, 164
Trd, 000111.783, 163
Trd, 000111.833, 166
Trd, 000112.033, 170
Trd, 000112.333, 168
Trd, 000114.500, 170
Trd, 000114.950, 171
Trd, 000115.000, 173
Trd, 000115.500, 176
Trd, 000116.000, 194
Trd, 000116.367, 193
Trd, 000116.433, 186
Trd, 000117.400, 175
Trd, 000117.883, 162
Trd, 000118.033, 168
Trd, 000118.717, 167
Trd, 000118.817, 166
Trd, 000119.200, 167
Trd, 000119.667, 167
Trd, 000119.833, 169
Trd, 000120.283, 162
Trd, 000120.917, 163
Trd, 000121.067, 173
Trd, 000122.467, 174
Trd, 000122.883, 175
Trd, 000124.683, 170
Trd, 000125.517, 172
Trd, 000125.783, 174
Trd, 000126.050, 165
Trd, 000127.333, 163
Trd, 000127.400, 160
Trd, 000127.417, 172
Trd, 000127.850, 173
Trd, 000130.283, 167
Trd, 000130.400, 168
Trd, 000131.100, 166
Trd, 000131.117, 167
Trd, 000131.333, 175
Trd, 000132.733, 166
Trd, 000133.217, 163
Trd, 000133.450, 169
Trd, 000133.750, 160
Trd, 000134.300, 164
Trd, 000135.283, 163
Trd, 000135.600, 164
Trd, 000135.917, 165
Trd, 000137.767, 165
Trd, 000137.850, 165
Trd, 000138.850, 178
Trd, 000139.750, 160
Trd, 000140.317, 169
Trd, 000140.500, 170
Trd, 000142.117, 168
Trd, 000143.117, 174
Trd, 000143.200, 162
Trd, 000144.667, 163
Trd, 000144.783, 169
Trd, 000145.217, 170
Trd, 000146.383, 165
Trd, 000146.450, 170
Trd, 000147.250, 166
Trd, 000147.467, 168
Trd, 000149.800, 166
Trd, 000150.183, 166
Trd, 000150.783, 167
Trd, 000151.317, 163
Trd, 000151.533, 167
Trd, 000151.683, 163
Trd, 000152.217, 163
Trd, 000153.150, 170
Trd, 000153.167, 170
Trd, 000153.600, 167
Trd, 000153.883, 169
Trd, 000154.633, 165
Trd, 000154.900, 170
Trd, 000156.583, 162
Trd, 000157.400, 165
Trd, 000157.783, 166
Trd, 000158.617, 164
Trd, 000159.500, 165
Trd, 000160.233, 164
Trd, 000161.050, 165
Trd, 000161.750, 167
Trd, 000162.317, 162
Trd, 000162.500, 165
Trd, 000162.533, 168
Trd, 000164.317, 165
Trd, 000165.883, 166
Trd, 000166.000, 164
Trd, 000166.017, 167
Trd, 000167.550, 170
Trd, 000167.617, 172
Trd, 000169.517, 172
Trd, 000169.667, 173
Trd, 000169.983, 179
Trd, 000170.233, 172
Trd, 000170.600, 182
Trd, 000171.383, 173
Trd, 000172.233, 173
Trd, 000172.283, 174
Trd, 000172.350, 179
Trd, 000172.900, 164
Trd, 000174.150, 177
Trd, 000174.433, 178
Trd, 000175.050, 177
Trd, 000175.600, 168
Trd, 000175.667, 168
Trd, 000177.433, 162
Trd, 000177.550, 173
Trd, 000178.167, 171
Trd, 000178.350, 163
Trd, 000178.867, 171
Trd, 000179.133, 171
Trd, 000179.550, 171
Trd, 000180.567, 169
Trd, 000181.233, 170
Trd, 000181.300, 171
Trd, 000182.333, 183
Trd, 000184.200, 176
Trd, 000184.467, 175
Trd, 000185.233, 175
Trd, 000186.200, 173
Trd, 000186.333, 176
Trd, 000186.800, 178
Trd, 000186.867, 169
Trd, 000187.433, 165
Trd, 000188.450, 173
Trd, 000188.867, 170
Trd, 000189.417, 171
Trd, 000190.367, 169
Trd, 000191.383, 171
Trd, 000191.483, 172
Trd, 000191.500, 169
Trd, 000191.700, 169
Trd, 000192.250, 174
Trd, 000192.817, 181
Trd, 000193.217, 184
Trd, 000194.483, 177
Trd, 000195.183, 174
Trd, 000195.350, 174
Trd, 000196.633, 174
Trd, 000197.167, 175
Trd, 000197.700, 174
Trd, 000199.267, 174
Trd, 000199.617, 175
Trd, 000200.717, 176
Trd, 000201.750, 178
Trd, 000202.933, 176
Trd, 000203.750, 173
Trd, 000204.333, 178
Trd, 000204.617, 179
Trd, 000205.117, 174
Trd, 000205.667, 174
Trd, 000206.233, 175
Trd, 000207.200, 178
Trd, 000208.133, 176
Trd, 000208.967, 176
Trd, 000209.117, 174
Trd, 000209.333, 177
Trd, 000209.650, 183
Trd, 000210.050, 183
Trd, 000210.300, 175
Trd, 000210.600, 174
Trd, 000211.033, 185
Trd, 000211.167, 186
Trd, 000211.517, 189
Trd, 000213.817, 175
Trd, 000214.333, 173
Trd, 000215.517, 175
Trd, 000216.067, 176
Trd, 000216.083, 173
Trd, 000216.933, 172
Trd, 000217.917, 169
Trd, 000218.867, 167
Trd, 000218.983, 169
Trd, 000219.033, 170
Trd, 000219.867, 173
Trd, 000220.533, 173
Trd, 000220.733, 170
Trd, 000221.783, 175
Trd, 000223.667, 172
Trd, 000224.067, 173
Trd, 000224.083, 173
Trd, 000224.850, 173
Trd, 000226.283, 173
Trd, 000226.383, 174
Trd, 000226.767, 171
Trd, 000227.583, 170
Trd, 000228.100, 171
Trd, 000228.650, 172
Trd, 000229.667, 172
Trd, 000231.033, 171
Trd, 000232.000, 174
Trd, 000232.350, 174
Trd, 000232.567, 178
Trd, 000233.133, 171
Trd, 000234.383, 174
Trd, 000235.133, 174
Trd, 000235.967, 174
Trd, 000236.267, 174
Trd, 000236.400, 175
Trd, 000236.800, 176
Trd, 000236.917, 173
Trd, 000238.050, 186
Trd, 000238.167, 189
Trd, 000238.683, 191
Trd, 000239.733, 182
Trd, 000240.683, 181
Trd, 000241.183, 180
Trd, 000241.550, 175
Trd, 000241.733, 175
Trd, 000242.217, 173
Trd, 000242.450, 170
Trd, 000242.650, 173
Trd, 000243.717, 170
Trd, 000243.767, 169
Trd, 000244.050, 171
Trd, 000244.367, 172
Trd, 000244.433, 173
Trd, 000245.083, 172
Trd, 000245.100, 175
Trd, 000245.750, 179
Trd, 000245.967, 186
Trd, 000246.817, 181
Trd, 000246.850, 178
Trd, 000248.767, 183
Trd, 000249.417, 183
Trd, 000249.583, 184
Trd, 000249.800, 184
Trd, 000249.900, 178
Trd, 000250.017, 184
Trd, 000250.717, 187
Trd, 000251.450, 178
Trd, 000251.517, 176
Trd, 000251.533, 179
Trd, 000251.583, 173
Trd, 000252.167, 180
Trd, 000252.450, 181
Trd, 000252.750, 190
Trd, 000252.883, 180
Trd, 000253.633, 185
Trd, 000254.617, 180
Trd, 000254.817, 184
Trd, 000255.267, 181
Trd, 000256.133, 178
Trd, 000256.200, 176
Trd, 000257.117, 168
Trd, 000257.400, 162
Trd, 000257.633, 164
Trd, 000257.883, 164
Trd, 000258.033, 176
Trd, 000258.083, 174
Trd, 000258.867, 166
Trd, 000259.800, 170
Trd, 000260.050, 173
Trd, 000260.317, 170
Trd, 000262.467, 172
Trd, 000262.683, 173
Trd, 000262.800, 174
Trd, 000263.267, 175
Trd, 000263.850, 176
Trd, 000264.100, 177
Trd, 000264.383, 181
Trd, 000264.667, 180
Trd, 000265.383, 181
Trd, 000265.717, 177
Trd, 000265.950, 172
Trd, 000266.367, 169
Trd, 000266.783, 172
Trd, 000267.450, 173
Trd, 000267.550, 177
Trd, 000267.733, 188
Trd, 000268.367, 175
Trd, 000268.933, 172
Trd, 000269.567, 172
Trd, 000270.000, 174
Trd, 000270.700, 173
Trd, 000270.850, 174
Trd, 000271.133, 177
Trd, 000271.317, 177
Trd, 000272.017, 179
Trd, 000272.883, 182
Trd, 000273.367, 182
Trd, 000273.567, 183
Trd, 000273.683, 183
Trd, 000274.383, 182
Trd, 000274.783, 176
Trd, 000274.983, 175
Trd, 000275.167, 169
Trd, 000275.667, 169
Trd, 000276.183, 171
Trd, 000276.317, 165
Trd, 000276.650, 164
Trd, 000276.833, 178
Trd, 000276.933, 182
Trd, 000277.117, 190
Trd, 000277.933, 191
Trd, 000278.433, 190
Trd, 000279.267, 193
Trd, 000279.667, 187
Trd, 000280.600, 190
Trd, 000280.633, 183
Trd, 000281.683, 189
Trd, 000281.950, 193
Trd, 000282.067, 183
Trd, 000282.583, 184
Trd, 000282.617, 180
Trd, 000283.367, 183
Trd, 000283.767, 175
Trd, 000283.817, 171
Trd, 000283.983, 179
Trd, 000284.983, 179
Trd, 000285.333, 183
Trd, 000285.467, 179
Trd, 000285.633, 190
Trd, 000286.200, 177
Trd, 000286.433, 185
Trd, 000287.433, 169
Trd, 000288.000, 178
Trd, 000288.100, 191
Trd, 000288.467, 184
Trd, 000289.500, 185
Trd, 000290.200, 180
Trd, 000290.317, 169
Trd, 000290.933, 170
Trd, 000291.017, 181
Trd, 000291.333, 165
Trd, 000291.783, 176
Trd, 000292.050, 180
Trd, 000292.650, 177
Trd, 000292.667, 177
Trd, 000293.183, 179
Trd, 000293.217, 166
Trd, 000293.617, 163
Trd, 000293.717, 184
Trd, 000293.883, 191
Trd, 000294.100, 185
Trd, 000294.533, 180
Trd, 000295.100, 183
Trd, 000295.267, 192
Trd, 000296.000, 192
Trd, 000296.433, 185
Trd, 000296.900, 192
Trd, 000297.317, 197
Trd, 000297.583, 198
Trd, 000297.767, 191
Trd, 000298.167, 185
Trd, 000298.367, 176
Trd, 000298.750, 192
Trd, 000299.383, 188
Trd, 000299.683, 171
Trd, 000299.900, 190
