Trd, 000001.217, 172
Trd, 000002.433, 135
Trd, 000003.400, 149
Trd, 000003.883, 132
Trd, 000004.650, 154
Trd, 000005.033, 168
Trd, 000005.333, 167
Trd, 000007.150, 162
Trd, 000007.850, 156
Trd, 000008.000, 165
Trd, 000008.367, 164
Trd, 000008.967, 168
Trd, 000010.467, 167
Trd, 000010.483, 166
Trd, 000010.500, 165
Trd, 000010.800, 166
Trd, 000011.433, 165
Trd, 000012.600, 167
Trd, 000012.617, 164
Trd, 000013.000, 165
Trd, 000013.167, 163
Trd, 000013.200, 144
Trd, 000013.367, 166
Trd, 000014.733, 166
Trd, 000014.767, 168
Trd, 000015.650, 166
Trd, 000016.567, 168
Trd, 000016.933, 169
Trd, 000016.950, 163
Trd, 000018.400, 165
Trd, 000019.150, 164
Trd, 000019.683, 163
Trd, 000020.317, 163
Trd, 000020.483, 164
Trd, 000020.750, 164
Trd, 000022.683, 163
Trd, 000022.967, 164
Trd, 000023.000, 164
Trd, 000023.233, 164
Trd, 000023.750, 163
Trd, 000024.033, 161
Trd, 000024.100, 169
Trd, 000024.167, 170
Trd, 000024.250, 161
Trd, 000024.950, 150
Trd, 000026.050, 155
Trd, 000026.183, 156
Trd, 000027.250, 154
Trd, 000028.133, 159
Trd, 000029.167, 160
Trd, 000029.433, 148
Trd, 000029.700, 161
Trd, 000030.700, 166
Trd, 000031.883, 153
Trd, 000032.317, 154
Trd, 000032.800, 155
Trd, 000033.533, 171
Trd, 000033.633, 175
Trd, 000034.050, 153
Trd, 000034.250, 154
Trd, 000034.533, 164
Trd, 000034.700, 153
Trd, 000035.867, 149
Trd, 000036.717, 151
Trd, 000037.433, 152
Trd, 000037.467, 155
Trd, 000038.633, 149
Trd, 000039.000, 149
Trd, 000039.917, 165
Trd, 000040.033, 166
Trd, 000041.150, 159
Trd, 000041.583, 162
Trd, 000041.750, 156
Trd, 000042.733, 159
Trd, 000043.233, 159
Trd, 000043.400, 158
Trd, 000043.683, 158
Trd, 000043.700, 159
Trd, 000044.767, 158
Trd, 000046.533, 158
Trd, 000046.633, 159
Trd, 000047.283, 159
Trd, 000047.483, 159
Trd, 000047.617, 166
Trd, 000048.900, 167
Trd, 000050.100, 166
Trd, 000050.917, 169
Trd, 000050.967, 169
Trd, 000051.200, 169
Trd, 000052.700, 170
Trd, 000053.667, 172
Trd, 000053.917, 169
Trd, 000054.050, 168
Trd, 000054.383, 169
Trd, 000054.683, 167
Trd, 000054.867, 177
Trd, 000055.300, 157
Trd, 000055.533, 148
Trd, 000056.967, 160
Trd, 000057.400, 159
Trd, 000058.867, 158
Trd, 000059.367, 155
Trd, 000060.217, 158
Trd, 000060.283, 158
Trd, 000060.450, 168
Trd, 000060.767, 168
Trd, 000060.850, 158
Trd, 000060.983, 176
Trd, 000061.983, 168
Trd, 000062.783, 168
Trd, 000063.517, 168
Trd, 000063.783, 169
Trd, 000064.100, 168
Trd, 000065.033, 167
Trd, 000065.533, 168
Trd, 000066.133, 153
Trd, 000066.650, 158
Trd, 000067.000, 169
Trd, 000067.283, 167
Trd, 000067.683, 173
Trd, 000067.983, 140
Trd, 000069.183, 167
Trd, 000069.783, 165
Trd, 000069.833, 175
Trd, 000070.333, 178
Trd, 000071.017, 162
Trd, 000071.183, 161
Trd, 000071.617, 159
Trd, 000072.133, 163
Trd, 000072.567, 159
Trd, 000073.283, 164
Trd, 000074.083, 177
Trd, 000074.767, 166
Trd, 000075.250, 166
Trd, 000075.567, 169
Trd, 000075.750, 169
Trd, 000076.050, 170
Trd, 000076.783, 169
Trd, 000078.050, 170
Trd, 000078.450, 176
Trd, 000078.600, 175
Trd, 000079.750, 172
Trd, 000080.117, 172
Trd, 000080.200, 173
Trd, 000080.600, 176
Trd, 000081.283, 176
Trd, 000082.300, 175
Trd, 000082.617, 176
Trd, 000082.800, 172
Trd, 000082.850, 151
Trd, 000083.917, 150
Trd, 000083.950, 145
Trd, 000084.417, 161
Trd, 000085.517, 160
Trd, 000086.433, 173
Trd, 000087.083, 173
Trd, 000087.600, 174
Trd, 000088.133, 175
Trd, 000089.250, 176
Trd, 000089.650, 175
Trd, 000089.667, 173
Trd, 000089.783, 181
Trd, 000089.917, 174
Trd, 000090.033, 173
Trd, 000091.083, 171
Trd, 000092.700, 172
Trd, 000093.417, 173
Trd, 000093.467, 176
Trd, 000094.467, 176
Trd, 000094.667, 173
Trd, 000095.550, 183
Trd, 000095.583, 181
Trd, 000095.600, 175
Trd, 000096.700, 175
Trd, 000098.467, 175
Trd, 000098.867, 178
Trd, 000099.367, 176
Trd, 000099.483, 175
Trd, 000099.667, 170
Trd, 000100.083, 176
Trd, 000100.783, 177
Trd, 000101.233, 172
Trd, 000102.167, 175
Trd, 000102.717, 180
Trd, 000103.817, 177
Trd, 000103.933, 175
Trd, 000104.683, 177
Trd, 000105.133, 175
Trd, 000105.850, 174
Trd, 000106.983, 173
Trd, 000107.267, 173
Trd, 000107.283, 170
Trd, 000107.867, 163
Trd, 000108.500, 166
Trd, 000109.800, 166
Trd, 000110.850, 157
Trd, 000111.317, 163
Trd, 000111.333, 157
Trd, 000111.800, 162
Trd, 000111.900, 159
Trd, 000112.250, 158
Trd, 000114.100, 161
Trd, 000115.017, 173
Trd, 000115.767, 165
Trd, 000115.800, 179
Trd, 000116.050, 183
Trd, 000116.700, 171
Trd, 000117.200, 176
Trd, 000117.583, 174
Trd, 000117.617, 176
Trd, 000118.217, 173
Trd, 000118.283, 172
Trd, 000118.500, 174
Trd, 000118.650, 173
Trd, 000119.183, 173
Trd, 000120.317, 171
Trd, 000120.433, 144
Trd, 000120.767, 144
Trd, 000121.750, 167
Trd, 000122.350, 162
Trd, 000123.183, 167
Trd, 000123.283, 163
Trd, 000124.267, 166
Trd, 000124.717, 167
Trd, 000125.250, 178
Trd, 000125.500, 166
Trd, 000125.600, 167
Trd, 000126.483, 163
Trd, 000126.517, 167
Trd, 000126.750, 168
Trd, 000127.083, 184
Trd, 000127.350, 175
Trd, 000129.350, 189
Trd, 000129.733, 188
Trd, 000130.533, 180
Trd, 000130.950, 180
Trd, 000131.167, 168
Trd, 000131.583, 156
Trd, 000132.150, 178
Trd, 000132.500, 180
Trd, 000132.950, 149
Trd, 000133.583, 173
Trd, 000134.017, 174
Trd, 000134.183, 156
Trd, 000134.417, 149
Trd, 000135.933, 164
Trd, 000136.250, 156
Trd, 000136.567, 168
Trd, 000137.150, 165
Trd, 000137.817, 160
Trd, 000137.933, 174
Trd, 000138.200, 175
Trd, 000139.600, 170
Trd, 000141.000, 174
Trd, 000141.383, 172
Trd, 000141.517, 176
Trd, 000141.650, 171
Trd, 000141.867, 177
Trd, 000142.667, 172
Trd, 000143.233, 170
Trd, 000143.700, 172
Trd, 000143.983, 173
Trd, 000144.500, 172
Trd, 000144.600, 174
Trd, 000144.883, 171
Trd, 000146.783, 173
Trd, 000146.850, 174
Trd, 000147.167, 175
Trd, 000147.417, 173
Trd, 000148.017, 173
Trd, 000148.167, 174
Trd, 000148.500, 177
Trd, 000149.233, 174
Trd, 000150.150, 182
Trd, 000151.000, 183
Trd, 000151.667, 177
Trd, 000152.400, 179
Trd, 000153.067, 188
Trd, 000153.617, 183
Trd, 000154.933, 181
Trd, 000155.167, 182
Trd, 000155.317, 183
Trd, 000155.617, 182
Trd, 000155.633, 181
Trd, 000156.583, 178
Trd, 000156.700, 178
Trd, 000157.167, 177
Trd, 000157.850, 176
Trd, 000158.333, 177
Trd, 000158.483, 181
Trd, 000158.733, 172
Trd, 000158.917, 179
Trd, 000159.000, 171
Trd, 000159.483, 179
Trd, 000160.450, 178
Trd, 000161.367, 180
Trd, 000162.467, 178
Trd, 000162.767, 176
Trd, 000163.850, 180
Trd, 000164.050, 181
Trd, 000165.067, 178
Trd, 000165.417, 178
Trd, 000165.467, 179
Trd, 000165.700, 178
Trd, 000166.333, 180
Trd, 000167.150, 178
Trd, 000167.450, 178
Trd, 000167.467, 182
Trd, 000168.900, 162
Trd, 000169.767, 176
Trd, 000170.100, 162
Trd, 000170.900, 174
Trd, 000170.933, 175
Trd, 000172.500, 175
Trd, 000173.217, 176
Trd, 000173.667, 176
Trd, 000174.033, 178
Trd, 000174.317, 177
Trd, 000175.633, 177
Trd, 000175.900, 185
Trd, 000176.483, 180
Trd, 000176.500, 187
Trd, 000177.483, 180
Trd, 000177.867, 181
Trd, 000177.967, 181
Trd, 000178.517, 180
Trd, 000178.717, 181
Trd, 000180.083, 178
Trd, 000180.933, 162
Trd, 000181.917, 174
Trd, 000182.717, 179
Trd, 000183.133, 178
Trd, 000183.683, 179
Trd, 000184.067, 175
Trd, 000184.367, 179
Trd, 000184.883, 180
Trd, 000184.933, 189
Trd, 000185.583, 174
Trd, 000186.150, 151
Trd, 000187.467, 168
Trd, 000188.317, 173
Trd, 000189.133, 167
Trd, 000189.900, 169
Trd, 000190.283, 173
Trd, 000190.350, 174
Trd, 000190.517, 174
Trd, 000190.817, 172
Trd, 000191.117, 172
Trd, 000191.283, 171
Trd, 000192.367, 172
Trd, 000192.567, 181
Trd, 000193.533, 187
Trd, 000193.800, 191
Trd, 000194.083, 152
Trd, 000194.967, 194
Trd, 000195.117, 161
Trd, 000195.783, 169
Trd, 000196.450, 180
Trd, 000196.833, 174
Trd, 000198.483, 177
Trd, 000198.850, 177
Trd, 000199.033, 180
Trd, 000199.283, 182
Trd, 000199.967, 176
Trd, 000200.000, 177
Trd, 000200.067, 176
Trd, 000201.017, 178
Trd, 000201.367, 178
Trd, 000201.900, 186
Trd, 000201.967, 182
Trd, 000202.700, 183
Trd, 000203.200, 181
Trd, 000204.333, 163
Trd, 000204.483, 169
Trd, 000205.083, 176
Trd, 000207.717, 173
Trd, 000208.167, 173
Trd, 000208.683, 172
Trd, 000209.333, 183
Trd, 000210.333, 174
Trd, 000210.367, 173
Trd, 000210.817, 174
Trd, 000211.233, 175
Trd, 000211.317, 176
Trd, 000211.333, 179
Trd, 000212.050, 188
Trd, 000212.150, 189
Trd, 000212.900, 186
Trd, 000213.267, 193
Trd, 000213.417, 183
Trd, 000214.100, 201
Trd, 000214.900, 188
Trd, 000215.183, 188
Trd, 000215.567, 185
Trd, 000215.833, 187
Trd, 000215.933, 188
Trd, 000216.700, 186
Trd, 000217.083, 186
Trd, 000217.200, 187
Trd, 000218.350, 185
Trd, 000218.550, 184
Trd, 000218.800, 186
Trd, 000218.950, 183
Trd, 000219.033, 190
Trd, 000219.267, 165
Trd, 000221.400, 181
Trd, 000221.917, 184
Trd, 000223.000, 185
Trd, 000223.333, 184
Trd, 000223.883, 184
Trd, 000224.317, 183
Trd, 000224.483, 184
Trd, 000225.100, 182
Trd, 000225.800, 165
Trd, 000225.900, 184
Trd, 000226.317, 185
Trd, 000227.450, 190
Trd, 000228.167, 188
Trd, 000228.483, 189
Trd, 000228.633, 185
Trd, 000229.183, 182
Trd, 000229.367, 183
Trd, 000229.583, 185
Trd, 000231.083, 183
Trd, 000231.267, 183
Trd, 000232.550, 184
Trd, 000232.817, 183
Trd, 000232.867, 185
Trd, 000234.017, 185
Trd, 000234.800, 183
Trd, 000235.100, 184
Trd, 000235.583, 185
Trd, 000236.283, 176
Trd, 000237.217, 173
Trd, 000237.733, 179
Trd, 000238.367, 179
Trd, 000238.817, 180
Trd, 000239.267, 169
Trd, 000240.683, 177
Trd, 000241.050, 179
Trd, 000241.450, 181
Trd, 000241.683, 174
Trd, 000242.683, 178
Trd, 000243.167, 176
Trd, 000243.517, 175
Trd, 000243.667, 180
Trd, 000244.300, 177
Trd, 000244.333, 175
Trd, 000244.883, 178
Trd, 000245.183, 178
Trd, 000245.333, 178
Trd, 000246.333, 176
Trd, 000246.883, 175
Trd, 000247.067, 174
Trd, 000248.033, 174
Trd, 000248.167, 172
Trd, 000248.400, 173
Trd, 000249.583, 174
Trd, 000249.650, 175
Trd, 000250.133, 180
Trd, 000250.950, 177
Trd, 000251.150, 177
Trd, 000251.200, 178
Trd, 000251.550, 186
Trd, 000251.600, 176
Trd, 000253.433, 180
Trd, 000254.150, 180
Trd, 000254.483, 180
Trd, 000254.700, 181
Trd, 000255.350, 183
Trd, 000255.600, 182
Trd, 000256.200, 182
Trd, 000256.500, 185
Trd, 000256.817, 181
Trd, 000257.017, 183
Trd, 000257.767, 180
Trd, 000257.983, 181
Trd, 000258.417, 181
Trd, 000258.783, 180
Trd, 000258.917, 181
Trd, 000259.900, 182
Trd, 000260.050, 181
Trd, 000260.167, 180
Trd, 000261.067, 181
Trd, 000261.650, 182
Trd, 000261.783, 179
Trd, 000262.150, 182
Trd, 000262.200, 184
Trd, 000262.217, 178
Trd, 000262.400, 188
Trd, 000263.833, 185
Trd, 000264.250, 189
Trd, 000265.700, 182
Trd, 000266.050, 183
Trd, 000266.750, 182
Trd, 000267.000, 184
Trd, 000267.050, 185
Trd, 000267.367, 183
Trd, 000267.733, 183
Trd, 000268.950, 186
Trd, 000269.433, 188
Trd, 000269.717, 187
Trd, 000269.933, 189
Trd, 000270.183, 185
Trd, 000270.850, 182
Trd, 000271.750, 185
Trd, 000272.150, 188
Trd, 000272.333, 184
Trd, 000272.650, 187
Trd, 000272.917, 189
Trd, 000273.300, 182
Trd, 000273.883, 176
Trd, 000274.033, 177
Trd, 000275.717, 181
Trd, 000275.933, 181
Trd, 000276.000, 178
Trd, 000276.133, 182
Trd, 000276.367, 179
Trd, 000276.567, 179
Trd, 000276.683, 177
Trd, 000277.333, 178
Trd, 000277.617, 178
Trd, 000277.933, 179
Trd, 000278.000, 178
Trd, 000278.467, 181
Trd, 000279.933, 178
Trd, 000280.150, 180
Trd, 000280.417, 178
Trd, 000280.533, 179
Trd, 000280.867, 179
Trd, 000281.217, 177
Trd, 000281.850, 179
Trd, 000281.883, 177
Trd, 000282.133, 181
Trd, 000283.300, 186
Trd, 000283.967, 183
Trd, 000284.117, 186
Trd, 000284.617, 186
Trd, 000284.683, 196
Trd, 000285.217, 180
Trd, 000285.467, 190
Trd, 000285.900, 181
Trd, 000286.367, 180
Trd, 000286.383, 189
Trd, 000286.850, 187
Trd, 000286.950, 179
Trd, 000288.083, 176
Trd, 000288.200, 186
Trd, 000288.300, 178
Trd, 000288.817, 180
Trd, 000289.233, 179
Trd, 000290.550, 178
Trd, 000291.317, 179
Trd, 000291.333, 180
Trd, 000291.600, 182
Trd, 000291.617, 177
Trd, 000291.767, 182
Trd, 000291.900, 177
Trd, 000292.450, 177
Trd, 000292.750, 174
Trd, 000292.800, 179
Trd, 000292.867, 174
Trd, 000293.367, 184
Trd, 000293.850, 183
Trd, 000294.650, 182
Trd, 000295.367, 175
Trd, 000295.650, 183
Trd, 000295.717, 185
Trd, 000296.633, 180
Trd, 000296.933, 179
Trd, 000297.550, 180
Trd, 000297.833, 177
Trd, 000298.233, 180
Trd, 000298.667, 177
Trd, 000298.800, 176
Trd, 000298.900, 188
Trd, 000299.050, 172
