Trd, 000001.200, 192
Trd, 000001.533, 109
Trd, 000003.067, 106
Trd, 000003.650, 117
Trd, 000003.817, 123
Trd, 000003.850, 127
Trd, 000004.367, 124
Trd, 000005.017, 124
Trd, 000005.300, 124
Trd, 000005.933, 132
Trd, 000005.950, 154
Trd, 000006.317, 129
Trd, 000006.950, 157
Trd, 000007.083, 134
Trd, 000007.433, 157
Trd, 000007.733, 150
Trd, 000008.750, 153
Trd, 000009.400, 153
Trd, 000009.717, 153
Trd, 000010.083, 158
Trd, 000010.467, 159
Trd, 000010.717, 154
Trd, 000011.100, 154
Trd, 000011.967, 153
Trd, 000012.083, 168
Trd, 000012.600, 173
Trd, 000012.733, 167
Trd, 000013.167, 166
Trd, 000013.833, 164
Trd, 000015.567, 159
Trd, 000016.467, 163
Trd, 000017.033, 157
Trd, 000017.183, 158
Trd, 000017.500, 155
Trd, 000017.517, 156
Trd, 000018.050, 158
Trd, 000019.883, 149
Trd, 000019.983, 136
Trd, 000020.150, 156
Trd, 000021.167, 156
Trd, 000022.400, 156
Trd, 000022.567, 156
Trd, 000023.150, 151
Trd, 000023.350, 156
Trd, 000023.417, 153
Trd, 000023.467, 159
Trd, 000023.633, 151
Trd, 000024.433, 157
Trd, 000025.417, 158
Trd, 000025.683, 160
Trd, 000026.317, 168
Trd, 000026.617, 174
Trd, 000027.267, 173
Trd, 000027.483, 156
Trd, 000028.383, 167
Trd, 000028.617, 153
Trd, 000029.233, 170
Trd, 000029.383, 170
Trd, 000030.167, 157
Trd, 000030.517, 156
Trd, 000031.067, 155
Trd, 000031.483, 155
Trd, 000032.550, 156
Trd, 000032.583, 154
Trd, 000033.317, 155
Trd, 000033.867, 155
Trd, 000034.350, 151
Trd, 000034.850, 154
Trd, 000035.800, 154
Trd, 000035.850, 153
Trd, 000036.317, 156
Trd, 000037.350, 156
Trd, 000038.450, 157
Trd, 000038.517, 158
Trd, 000039.250, 158
Trd, 000039.450, 162
Trd, 000039.767, 176
Trd, 000040.350, 157
Trd, 000040.750, 154
Trd, 000041.250, 162
Trd, 000041.450, 154
Trd, 000042.350, 140
Trd, 000042.717, 128
Trd, 000042.733, 131
Trd, 000042.900, 149
Trd, 000043.300, 146
Trd, 000043.367, 151
Trd, 000044.167, 161
Trd, 000044.983, 148
Trd, 000045.650, 152
Trd, 000046.183, 151
Trd, 000047.500, 153
Trd, 000047.567, 161
Trd, 000047.850, 151
Trd, 000047.883, 162
Trd, 000048.717, 152
Trd, 000048.883, 157
Trd, 000050.650, 155
Trd, 000050.783, 157
Trd, 000051.850, 155
Trd, 000052.967, 156
Trd, 000053.167, 155
Trd, 000053.350, 163
Trd, 000053.517, 177
Trd, 000054.067, 177
Trd, 000055.350, 168
Trd, 000055.467, 158
Trd, 000056.933, 165
Trd, 000057.050, 166
Trd, 000057.217, 166
Trd, 000057.800, 166
Trd, 000057.883, 158
Trd, 000059.367, 159
Trd, 000060.150, 164
Trd, 000060.250, 158
Trd, 000062.133, 160
Trd, 000063.400, 158
Trd, 000063.500, 159
Trd, 000064.100, 150
Trd, 000064.150, 158
Trd, 000064.217, 161
Trd, 000064.300, 147
Trd, 000064.817, 143
Trd, 000064.967, 150
Trd, 000065.400, 151
Trd, 000065.633, 151
Trd, 000066.283, 164
Trd, 000066.667, 165
Trd, 000067.817, 156
Trd, 000068.500, 159
Trd, 000068.750, 157
Trd, 000069.317, 158
Trd, 000069.433, 158
Trd, 000069.550, 156
Trd, 000071.083, 160
Trd, 000071.233, 156
Trd, 000072.000, 177
Trd, 000072.317, 166
Trd, 000073.233, 156
Trd, 000074.550, 158
Trd, 000074.800, 156
Trd, 000075.417, 154
Trd, 000075.433, 155
Trd, 000076.200, 156
Trd, 000076.783, 156
Trd, 000077.617, 157
Trd, 000077.883, 159
Trd, 000078.867, 157
Trd, 000079.250, 159
Trd, 000079.550, 155
Trd, 000080.117, 156
Trd, 000080.700, 159
Trd, 000080.783, 160
Trd, 000081.033, 161
Trd, 000081.533, 155
Trd, 000081.850, 160
Trd, 000082.900, 158
Trd, 000083.150, 159
Trd, 000083.383, 160
Trd, 000085.633, 166
Trd, 000086.233, 162
Trd, 000086.283, 164
Trd, 000086.400, 183
Trd, 000086.600, 162
Trd, 000086.917, 171
Trd, 000087.483, 161
Trd, 000089.517, 170
Trd, 000090.600, 166
Trd, 000090.717, 165
Trd, 000090.750, 168
Trd, 000091.500, 166
Trd, 000091.800, 165
Trd, 000092.083, 165
Trd, 000092.183, 169
Trd, 000094.183, 164
Trd, 000094.617, 164
Trd, 000094.700, 166
Trd, 000095.100, 163
Trd, 000095.117, 167
Trd, 000095.283, 166
Trd, 000095.617, 157
Trd, 000096.217, 161
Trd, 000096.250, 166
Trd, 000096.433, 167
Trd, 000096.617, 157
Trd, 000098.150, 155
Trd, 000099.600, 166
Trd, 000099.617, 167
Trd, 000100.300, 165
Trd, 000100.383, 168
Trd, 000100.750, 167
Trd, 000101.367, 161
Trd, 000103.183, 161
Trd, 000103.333, 162
Trd, 000103.633, 160
Trd, 000104.033, 160
Trd, 000104.233, 162
Trd, 000104.483, 168
Trd, 000105.017, 158
Trd, 000105.233, 158
Trd, 000105.983, 180
Trd, 000106.383, 158
Trd, 000106.567, 183
Trd, 000107.650, 174
Trd, 000109.833, 160
Trd, 000109.900, 162
Trd, 000110.433, 162
Trd, 000111.150, 161
Trd, 000111.483, 161
Trd, 000111.750, 158
Trd, 000111.800, 155
Trd, 000113.150, 152
Trd, 000113.683, 152
Trd, 000113.850, 153
Trd, 000113.933, 157
Trd, 000114.950, 155
Trd, 000115.067, 167
Trd, 000116.350, 167
Trd, 000116.433, 169
Trd, 000117.050, 183
Trd, 000118.400, 175
Trd, 000118.900, 174
Trd, 000119.300, 183
Trd, 000119.367, 184
Trd, 000119.733, 164
Trd, 000120.800, 169
Trd, 000121.383, 177
Trd, 000121.450, 179
Trd, 000122.800, 169
Trd, 000124.050, 169
Trd, 000124.467, 168
Trd, 000124.650, 167
Trd, 000125.550, 166
Trd, 000125.750, 167
Trd, 000125.917, 167
Trd, 000126.233, 167
Trd, 000126.883, 165
Trd, 000127.750, 161
Trd, 000127.817, 166
Trd, 000128.217, 161
Trd, 000128.567, 164
Trd, 000129.117, 165
Trd, 000129.883, 161
Trd, 000130.317, 162
Trd, 000130.433, 162
Trd, 000130.667, 162
Trd, 000130.767, 161
Trd, 000131.350, 164
Trd, 000132.167, 166
Trd, 000133.017, 164
Trd, 000133.450, 183
Trd, 000134.200, 168
Trd, 000134.333, 169
Trd, 000134.850, 171
Trd, 000136.350, 163
Trd, 000136.717, 168
Trd, 000136.883, 169
Trd, 000137.233, 170
Trd, 000137.367, 164
Trd, 000137.733, 170
Trd, 000139.667, 164
Trd, 000139.717, 168
Trd, 000140.583, 163
Trd, 000141.883, 165
Trd, 000142.283, 163
Trd, 000142.867, 164
Trd, 000143.283, 179
Trd, 000144.983, 169
Trd, 000145.067, 170
Trd, 000145.667, 172
Trd, 000145.817, 173
Trd, 000146.967, 171
Trd, 000147.050, 174
Trd, 000147.117, 172
Trd, 000147.483, 171
Trd, 000147.617, 175
Trd, 000147.817, 171
Trd, 000148.183, 159
Trd, 000148.350, 168
Trd, 000148.683, 173
Trd, 000149.117, 172
Trd, 000150.117, 170
Trd, 000151.467, 170
Trd, 000151.717, 170
Trd, 000151.800, 171
Trd, 000152.250, 169
Trd, 000152.517, 172
Trd, 000152.900, 173
Trd, 000153.417, 173
Trd, 000154.667, 170
Trd, 000154.783, 172
Trd, 000155.067, 170
Trd, 000155.133, 168
Trd, 000155.767, 163
Trd, 000157.050, 168
Trd, 000157.750, 168
Trd, 000157.833, 168
Trd, 000157.917, 167
Trd, 000158.083, 166
Trd, 000158.650, 171
Trd, 000159.417, 165
Trd, 000160.367, 167
Trd, 000160.400, 164
Trd, 000160.533, 169
Trd, 000162.483, 165
Trd, 000163.100, 166
Trd, 000163.450, 167
Trd, 000164.967, 167
Trd, 000165.050, 164
Trd, 000165.183, 164
Trd, 000165.583, 173
Trd, 000166.417, 154
Trd, 000166.733, 161
Trd, 000168.000, 158
Trd, 000168.483, 157
Trd, 000168.550, 158
Trd, 000168.617, 159
Trd, 000168.767, 155
Trd, 000168.800, 160
Trd, 000168.983, 155
Trd, 000169.150, 174
Trd, 000169.817, 189
Trd, 000170.300, 199
Trd, 000171.067, 174
Trd, 000172.267, 175
Trd, 000172.617, 175
Trd, 000172.967, 167
Trd, 000173.433, 174
Trd, 000174.050, 166
Trd, 000175.400, 172
Trd, 000175.967, 166
Trd, 000176.367, 170
Trd, 000176.567, 170
Trd, 000176.633, 171
Trd, 000176.950, 169
Trd, 000176.967, 170
Trd, 000177.800, 169
Trd, 000178.333, 170
Trd, 000179.333, 166
Trd, 000180.000, 166
Trd, 000180.883, 167
Trd, 000181.467, 167
Trd, 000181.783, 169
Trd, 000182.050, 165
Trd, 000182.717, 169
Trd, 000183.133, 165
Trd, 000183.200, 170
Trd, 000183.283, 176
Trd, 000183.750, 188
Trd, 000184.883, 177
Trd, 000186.133, 169
Trd, 000186.233, 174
Trd, 000186.817, 174
Trd, 000187.150, 175
Trd, 000188.583, 174
Trd, 000189.367, 174
Trd, 000190.183, 172
Trd, 000190.250, 176
Trd, 000190.700, 174
Trd, 000191.083, 170
Trd, 000191.400, 176
Trd, 000192.000, 175
Trd, 000192.350, 190
Trd, 000192.650, 182
Trd, 000192.700, 191
Trd, 000195.883, 176
Trd, 000196.017, 179
Trd, 000196.567, 177
Trd, 000196.950, 177
Trd, 000197.733, 177
Trd, 000198.450, 174
Trd, 000198.567, 174
Trd, 000199.383, 173
Trd, 000199.617, 175
Trd, 000200.083, 175
Trd, 000200.433, 175
Trd, 000200.533, 173
Trd, 000202.900, 168
Trd, 000203.250, 168
Trd, 000203.350, 169
Trd, 000203.400, 164
Trd, 000203.733, 168
Trd, 000203.967, 167
Trd, 000204.250, 166
Trd, 000205.083, 167
Trd, 000205.333, 178
Trd, 000205.533, 166
Trd, 000206.667, 166
Trd, 000207.417, 168
Trd, 000207.900, 168
Trd, 000208.400, 166
Trd, 000209.067, 167
Trd, 000209.117, 166
Trd, 000209.650, 165
Trd, 000209.800, 167
Trd, 000210.567, 168
Trd, 000211.217, 166
Trd, 000211.550, 166
Trd, 000211.767, 167
Trd, 000212.083, 166
Trd, 000212.633, 167
Trd, 000213.583, 193
Trd, 000214.050, 188
Trd, 000214.117, 194
Trd, 000214.517, 181
Trd, 000214.617, 193
Trd, 000215.067, 177
Trd, 000215.317, 175
Trd, 000215.817, 181
Trd, 000216.367, 182
Trd, 000217.083, 177
Trd, 000217.417, 179
Trd, 000217.867, 180
Trd, 000217.883, 176
Trd, 000218.950, 177
Trd, 000220.683, 179
Trd, 000221.367, 178
Trd, 000222.283, 177
Trd, 000223.050, 177
Trd, 000223.883, 177
Trd, 000224.183, 177
Trd, 000224.983, 177
Trd, 000225.067, 176
Trd, 000225.617, 179
Trd, 000226.150, 180
Trd, 000226.983, 177
Trd, 000228.533, 177
Trd, 000228.550, 178
Trd, 000228.833, 178
Trd, 000229.133, 176
Trd, 000230.150, 176
Trd, 000230.683, 176
Trd, 000230.900, 175
Trd, 000231.233, 171
Trd, 000231.300, 174
Trd, 000231.450, 175
Trd, 000231.617, 173
Trd, 000232.083, 176
Trd, 000232.317, 176
Trd, 000233.733, 176
Trd, 000233.900, 176
Trd, 000234.617, 172
Trd, 000234.700, 176
Trd, 000237.917, 172
Trd, 000237.967, 186
Trd, 000238.167, 192
Trd, 000238.750, 179
Trd, 000238.833, 160
Trd, 000239.233, 185
Trd, 000239.500, 186
Trd, 000241.067, 179
Trd, 000241.267, 179
Trd, 000241.450, 180
Trd, 000241.733, 179
Trd, 000241.883, 177
Trd, 000243.083, 177
Trd, 000243.567, 177
Trd, 000243.767, 176
Trd, 000244.533, 178
Trd, 000244.833, 175
Trd, 000245.383, 168
Trd, 000245.733, 174
Trd, 000245.817, 175
Trd, 000246.433, 163
Trd, 000247.400, 175
Trd, 000247.650, 175
Trd, 000247.900, 173
Trd, 000247.950, 179
Trd, 000249.667, 172
Trd, 000249.733, 172
Trd, 000250.083, 171
Trd, 000250.700, 175
Trd, 000251.033, 180
Trd, 000251.267, 178
Trd, 000251.300, 181
Trd, 000251.750, 182
Trd, 000251.767, 179
Trd, 000251.783, 177
Trd, 000251.867, 183
Trd, 000252.950, 187
Trd, 000253.567, 188
Trd, 000254.017, 180
Trd, 000254.800, 176
Trd, 000255.233, 174
Trd, 000256.100, 174
Trd, 000256.283, 171
Trd, 000256.550, 171
Trd, 000257.117, 170
Trd, 000257.267, 170
Trd, 000257.333, 172
Trd, 000257.467, 178
Trd, 000258.433, 170
Trd, 000259.067, 173
Trd, 000259.750, 171
Trd, 000259.767, 177
Trd, 000260.133, 184
Trd, 000260.233, 167
Trd, 000261.017, 166
Trd, 000261.117, 187
Trd, 000261.150, 188
Trd, 000261.550, 191
Trd, 000263.067, 178
Trd, 000263.100, 177
Trd, 000263.333, 172
Trd, 000263.433, 179
Trd, 000264.017, 177
Trd, 000264.133, 173
Trd, 000264.167, 173
Trd, 000265.167, 169
Trd, 000265.367, 166
Trd, 000265.733, 168
Trd, 000266.317, 166
Trd, 000266.800, 167
Trd, 000267.067, 163
Trd, 000267.300, 167
Trd, 000267.467, 163
Trd, 000267.667, 168
Trd, 000268.250, 171
Trd, 000268.833, 171
Trd, 000270.000, 171
Trd, 000270.183, 172
Trd, 000271.817, 177
Trd, 000271.867, 181
Trd, 000272.300, 185
Trd, 000272.617, 183
Trd, 000272.633, 175
Trd, 000273.033, 173
Trd, 000273.333, 183
Trd, 000274.017, 188
Trd, 000274.867, 186
Trd, 000275.583, 185
Trd, 000276.167, 183
Trd, 000276.200, 181
Trd, 000276.317, 184
Trd, 000276.600, 185
Trd, 000276.883, 185
Trd, 000277.583, 183
Trd, 000277.867, 180
Trd, 000278.233, 182
Trd, 000278.250, 179
Trd, 000278.500, 183
Trd, 000279.150, 171
Trd, 000280.650, 178
Trd, 000280.683, 179
Trd, 000281.350, 180
Trd, 000281.417, 182
Trd, 000281.683, 183
Trd, 000282.983, 182
Trd, 000283.417, 179
Trd, 000283.700, 190
Trd, 000285.133, 183
Trd, 000285.317, 182
Trd, 000285.617, 184
Trd, 000285.633, 178
Trd, 000285.800, 185
Trd, 000286.067, 187
Trd, 000286.567, 187
Trd, 000287.150, 184
Trd, 000287.167, 187
Trd, 000287.367, 183
Trd, 000287.683, 180
Trd, 000288.550, 191
Trd, 000289.183, 181
Trd, 000289.483, 186
Trd, 000289.733, 181
Trd, 000289.767, 185
Trd, 000291.533, 181
Trd, 000291.800, 180
Trd, 000291.967, 180
Trd, 000291.983, 182
Trd, 000292.533, 182
Trd, 000292.833, 183
Trd, 000293.683, 182
Trd, 000293.883, 183
Trd, 000293.900, 187
Trd, 000294.733, 180
Trd, 000295.367, 186
Trd, 000295.700, 181
Trd, 000296.717, 185
Trd, 000297.083, 185
Trd, 000297.383, 180
Trd, 000297.650, 179
Trd, 000298.017, 179
Trd, 000298.500, 181
Trd, 000298.883, 185
Trd, 000299.183, 186
Trd, 000299.500, 186
Trd, 000299.650, 179
