Trd, 000002.200, 137
Trd, 000003.000, 138
Trd, 000003.283, 143
Trd, 000003.367, 129
Trd, 000004.233, 135
Trd, 000004.433, 134
Trd, 000004.883, 151
Trd, 000005.100, 134
Trd, 000006.983, 141
Trd, 000007.500, 140
Trd, 000008.533, 142
Trd, 000008.717, 140
Trd, 000009.083, 156
Trd, 000009.167, 149
Trd, 000010.133, 155
Trd, 000011.083, 148
Trd, 000011.417, 147
Trd, 000011.817, 147
Trd, 000012.150, 149
Trd, 000012.367, 163
Trd, 000014.150, 155
Trd, 000014.267, 155
Trd, 000014.283, 153
Trd, 000015.333, 156
Trd, 000015.550, 152
Trd, 000016.100, 152
Trd, 000016.567, 153
Trd, 000016.733, 155
Trd, 000017.650, 154
Trd, 000017.967, 153
Trd, 000018.167, 152
Trd, 000018.533, 151
Trd, 000020.200, 143
Trd, 000020.367, 153
Trd, 000020.500, 143
Trd, 000020.717, 154
Trd, 000020.817, 155
Trd, 000022.317, 137
Trd, 000022.350, 152
Trd, 000023.567, 149
Trd, 000023.700, 146
Trd, 000023.900, 151
Trd, 000024.633, 145
Trd, 000024.983, 151
Trd, 000025.050, 153
Trd, 000025.100, 136
Trd, 000027.433, 153
Trd, 000027.683, 154
Trd, 000028.350, 147
Trd, 000028.733, 147
Trd, 000028.983, 155
Trd, 000029.933, 148
Trd, 000030.167, 147
Trd, 000030.283, 148
Trd, 000031.117, 147
Trd, 000032.200, 155
Trd, 000032.650, 149
Trd, 000033.067, 148
Trd, 000033.417, 151
Trd, 000033.533, 146
Trd, 000033.617, 144
Trd, 000034.317, 152
Trd, 000035.233, 145
Trd, 000035.483, 150
Trd, 000035.750, 158
Trd, 000036.117, 145
Trd, 000037.483, 166
Trd, 000037.667, 162
Trd, 000037.933, 157
Trd, 000038.383, 158
Trd, 000038.533, 157
Trd, 000039.783, 160
Trd, 000040.417, 160
Trd, 000040.633, 156
Trd, 000042.083, 159
Trd, 000042.717, 148
Trd, 000043.383, 140
Trd, 000043.500, 154
Trd, 000043.667, 155
Trd, 000044.300, 154
Trd, 000044.667, 155
Trd, 000046.733, 152
Trd, 000046.917, 155
Trd, 000047.717, 155
Trd, 000047.750, 156
Trd, 000048.017, 156
Trd, 000048.417, 153
Trd, 000048.900, 155
Trd, 000049.317, 154
Trd, 000050.583, 156
Trd, 000050.900, 165
Trd, 000051.000, 155
Trd, 000051.900, 159
Trd, 000052.200, 156
Trd, 000052.683, 147
Trd, 000053.083, 152
Trd, 000053.117, 157
Trd, 000053.350, 152
Trd, 000054.483, 155
Trd, 000054.633, 141
Trd, 000054.917, 133
Trd, 000055.383, 156
Trd, 000055.867, 146
Trd, 000056.667, 144
Trd, 000056.883, 159
Trd, 000059.033, 151
Trd, 000059.300, 153
Trd, 000059.500, 154
Trd, 000059.983, 151
Trd, 000060.183, 150
Trd, 000061.350, 156
Trd, 000061.417, 152
Trd, 000061.883, 157
Trd, 000062.867, 169
Trd, 000063.683, 160
Trd, 000063.817, 167
Trd, 000063.983, 157
Trd, 000064.217, 157
Trd, 000065.733, 157
Trd, 000065.800, 147
Trd, 000066.000, 165
Trd, 000067.000, 157
Trd, 000067.467, 156
Trd, 000067.767, 162
Trd, 000068.683, 162
Trd, 000069.233, 156
Trd, 000070.583, 160
Trd, 000070.617, 158
Trd, 000070.633, 157
Trd, 000072.300, 156
Trd, 000072.317, 154
Trd, 000073.000, 153
Trd, 000073.083, 158
Trd, 000073.183, 152
Trd, 000073.683, 152
Trd, 000073.967, 150
Trd, 000074.283, 159
Trd, 000075.467, 152
Trd, 000075.600, 153
Trd, 000075.700, 152
Trd, 000076.667, 165
Trd, 000076.983, 156
Trd, 000077.517, 156
Trd, 000078.967, 158
Trd, 000079.500, 159
Trd, 000079.783, 161
Trd, 000079.817, 158
Trd, 000080.183, 163
Trd, 000080.600, 156
Trd, 000080.750, 156
Trd, 000081.983, 156
Trd, 000083.150, 153
Trd, 000084.117, 161
Trd, 000084.467, 163
Trd, 000085.400, 169
Trd, 000085.417, 156
Trd, 000085.567, 173
Trd, 000085.583, 155
Trd, 000085.850, 174
Trd, 000086.400, 159
Trd, 000086.867, 159
Trd, 000087.033, 171
Trd, 000087.200, 159
Trd, 000087.250, 172
Trd, 000088.667, 150
Trd, 000089.133, 163
Trd, 000090.250, 169
Trd, 000090.733, 165
Trd, 000091.083, 164
Trd, 000091.550, 170
Trd, 000091.717, 163
Trd, 000092.250, 173
Trd, 000092.417, 164
Trd, 000092.800, 162
Trd, 000094.333, 159
Trd, 000094.417, 157
Trd, 000094.900, 160
Trd, 000095.167, 150
Trd, 000095.667, 158
Trd, 000096.417, 160
Trd, 000096.633, 160
Trd, 000096.967, 164
Trd, 000097.333, 165
Trd, 000097.417, 159
Trd, 000097.483, 157
Trd, 000098.983, 174
Trd, 000099.167, 172
Trd, 000099.750, 160
Trd, 000100.583, 145
Trd, 000100.783, 169
Trd, 000101.667, 146
Trd, 000102.267, 179
Trd, 000102.450, 146
Trd, 000102.817, 145
Trd, 000103.367, 172
Trd, 000104.450, 164
Trd, 000104.800, 164
Trd, 000104.817, 157
Trd, 000105.600, 156
Trd, 000106.133, 148
Trd, 000106.600, 160
Trd, 000107.950, 154
Trd, 000109.667, 154
Trd, 000109.850, 156
Trd, 000110.667, 157
Trd, 000110.683, 156
Trd, 000111.250, 162
Trd, 000112.000, 160
Trd, 000112.850, 160
Trd, 000113.083, 160
Trd, 000113.200, 176
Trd, 000113.383, 159
Trd, 000114.067, 156
Trd, 000114.083, 156
Trd, 000115.917, 158
Trd, 000117.600, 156
Trd, 000117.617, 152
Trd, 000117.933, 157
Trd, 000118.217, 156
Trd, 000118.267, 146
Trd, 000118.533, 139
Trd, 000118.983, 153
Trd, 000119.583, 152
Trd, 000119.667, 162
Trd, 000121.350, 162
Trd, 000121.533, 163
Trd, 000121.700, 162
Trd, 000122.800, 153
Trd, 000123.050, 158
Trd, 000123.267, 156
Trd, 000125.217, 157
Trd, 000125.433, 166
Trd, 000126.017, 165
Trd, 000126.383, 163
Trd, 000127.150, 164
Trd, 000127.917, 164
Trd, 000128.600, 168
Trd, 000128.733, 154
Trd, 000129.067, 172
Trd, 000129.250, 161
Trd, 000129.783, 176
Trd, 000130.050, 160
Trd, 000130.250, 159
Trd, 000130.450, 154
Trd, 000132.500, 159
Trd, 000132.933, 164
Trd, 000133.783, 167
Trd, 000135.500, 152
Trd, 000135.650, 158
Trd, 000135.717, 151
Trd, 000135.800, 157
Trd, 000136.150, 158
Trd, 000136.667, 168
Trd, 000137.650, 174
Trd, 000138.950, 160
Trd, 000139.283, 161
Trd, 000139.567, 160
Trd, 000140.083, 164
Trd, 000140.733, 165
Trd, 000141.100, 163
Trd, 000141.183, 161
Trd, 000141.333, 161
Trd, 000141.433, 160
Trd, 000142.517, 164
Trd, 000142.867, 165
Trd, 000143.667, 165
Trd, 000143.867, 164
Trd, 000144.650, 165
Trd, 000145.467, 179
Trd, 000145.650, 178
Trd, 000146.883, 174
Trd, 000147.433, 177
Trd, 000147.833, 177
Trd, 000148.383, 171
Trd, 000148.467, 176
Trd, 000149.367, 177
Trd, 000149.983, 175
Trd, 000150.600, 180
Trd, 000151.733, 175
Trd, 000151.817, 174
Trd, 000152.417, 172
Trd, 000153.017, 156
Trd, 000153.750, 164
Trd, 000153.933, 149
Trd, 000154.667, 161
Trd, 000155.200, 161
Trd, 000155.217, 166
Trd, 000155.733, 201
Trd, 000156.067, 167
Trd, 000156.333, 172
Trd, 000157.183, 174
Trd, 000157.517, 177
Trd, 000157.650, 179
Trd, 000158.833, 175
Trd, 000158.867, 174
Trd, 000159.017, 178
Trd, 000159.167, 157
Trd, 000160.967, 172
Trd, 000161.000, 171
Trd, 000161.217, 157
Trd, 000161.333, 167
Trd, 000162.917, 162
Trd, 000163.433, 160
Trd, 000163.550, 160
Trd, 000163.767, 166
Trd, 000163.933, 160
Trd, 000164.217, 167
Trd, 000165.000, 159
Trd, 000166.100, 163
Trd, 000166.183, 161
Trd, 000166.600, 160
Trd, 000166.800, 165
Trd, 000167.100, 160
Trd, 000167.933, 159
Trd, 000168.217, 158
Trd, 000168.817, 167
Trd, 000169.300, 157
Trd, 000169.633, 156
Trd, 000170.017, 168
Trd, 000170.350, 181
Trd, 000171.150, 171
Trd, 000171.217, 172
Trd, 000172.333, 163
Trd, 000172.417, 162
Trd, 000172.733, 161
Trd, 000173.383, 170
Trd, 000173.583, 157
Trd, 000175.117, 166
Trd, 000175.667, 161
Trd, 000175.817, 161
Trd, 000176.650, 169
Trd, 000176.833, 161
Trd, 000178.417, 164
Trd, 000178.500, 161
Trd, 000178.667, 166
Trd, 000179.483, 169
Trd, 000179.900, 164
Trd, 000179.950, 163
Trd, 000180.117, 170
Trd, 000180.267, 183
Trd, 000180.533, 161
Trd, 000182.350, 162
Trd, 000182.817, 170
Trd, 000182.883, 168
Trd, 000183.300, 172
Trd, 000183.767, 162
Trd, 000184.750, 163
Trd, 000185.667, 170
Trd, 000186.267, 165
Trd, 000186.817, 171
Trd, 000187.450, 172
Trd, 000187.817, 173
Trd, 000188.667, 174
Trd, 000188.833, 183
Trd, 000189.033, 168
Trd, 000189.200, 184
Trd, 000190.683, 171
Trd, 000190.783, 169
Trd, 000192.050, 176
Trd, 000192.467, 172
Trd, 000193.283, 169
Trd, 000193.733, 177
Trd, 000193.800, 168
Trd, 000193.817, 178
Trd, 000195.867, 172
Trd, 000195.983, 171
Trd, 000196.683, 171
Trd, 000197.250, 171
Trd, 000198.017, 170
Trd, 000198.233, 169
Trd, 000198.883, 169
Trd, 000199.050, 171
Trd, 000199.183, 170
Trd, 000199.300, 168
Trd, 000200.650, 172
Trd, 000201.033, 169
Trd, 000201.633, 169
Trd, 000202.667, 170
Trd, 000203.417, 167
Trd, 000203.600, 175
Trd, 000204.683, 168
Trd, 000205.200, 169
Trd, 000205.950, 168
Trd, 000206.050, 167
Trd, 000206.400, 168
Trd, 000206.617, 171
Trd, 000206.817, 174
Trd, 000207.133, 161
Trd, 000208.250, 167
Trd, 000208.833, 167
Trd, 000209.517, 168
Trd, 000209.667, 166
Trd, 000209.717, 155
Trd, 000211.067, 166
Trd, 000211.217, 169
Trd, 000212.400, 171
Trd, 000213.283, 172
Trd, 000213.333, 164
Trd, 000213.633, 197
Trd, 000213.817, 163
Trd, 000213.917, 162
Trd, 000214.467, 184
Trd, 000217.050, 171
Trd, 000217.133, 170
Trd, 000217.500, 169
Trd, 000218.750, 172
Trd, 000219.717, 170
Trd, 000220.450, 172
Trd, 000221.000, 169
Trd, 000221.283, 168
Trd, 000222.000, 169
Trd, 000222.717, 173
Trd, 000222.817, 168
Trd, 000222.983, 168
Trd, 000223.350, 170
Trd, 000224.533, 163
Trd, 000225.183, 165
Trd, 000225.900, 166
Trd, 000225.967, 173
Trd, 000226.617, 184
Trd, 000227.167, 173
Trd, 000227.183, 172
Trd, 000227.283, 188
Trd, 000227.517, 171
Trd, 000227.783, 171
Trd, 000228.483, 176
Trd, 000228.900, 170
Trd, 000229.133, 179
Trd, 000230.783, 187
Trd, 000231.900, 186
Trd, 000231.917, 185
Trd, 000232.967, 185
Trd, 000233.150, 188
Trd, 000233.417, 168
Trd, 000233.933, 157
Trd, 000234.817, 174
Trd, 000235.150, 173
Trd, 000235.550, 166
Trd, 000235.783, 173
Trd, 000235.833, 171
Trd, 000236.667, 174
Trd, 000236.683, 178
Trd, 000237.517, 173
Trd, 000237.817, 190
Trd, 000238.467, 178
Trd, 000238.500, 172
Trd, 000238.700, 164
Trd, 000240.033, 179
Trd, 000240.200, 179
Trd, 000240.350, 178
Trd, 000240.400, 178
Trd, 000240.483, 180
Trd, 000241.333, 181
Trd, 000241.667, 177
Trd, 000242.100, 173
Trd, 000242.400, 172
Trd, 000243.283, 175
Trd, 000243.367, 178
Trd, 000244.067, 178
Trd, 000244.183, 179
Trd, 000244.250, 176
Trd, 000244.533, 182
Trd, 000244.617, 177
Trd, 000245.683, 180
Trd, 000246.500, 179
Trd, 000246.600, 178
Trd, 000246.917, 181
Trd, 000246.933, 190
Trd, 000247.633, 177
Trd, 000247.650, 176
Trd, 000247.750, 173
Trd, 000247.917, 166
Trd, 000248.533, 156
Trd, 000248.617, 169
Trd, 000248.883, 159
Trd, 000248.900, 171
Trd, 000249.417, 154
Trd, 000250.850, 164
Trd, 000251.233, 163
Trd, 000251.367, 165
Trd, 000251.933, 166
Trd, 000252.517, 173
Trd, 000252.783, 172
Trd, 000252.933, 166
Trd, 000253.733, 169
Trd, 000254.050, 176
Trd, 000254.867, 169
Trd, 000255.050, 172
Trd, 000255.100, 168
Trd, 000255.250, 180
Trd, 000255.567, 168
Trd, 000256.467, 172
Trd, 000256.500, 173
Trd, 000257.017, 173
Trd, 000257.367, 174
Trd, 000257.667, 175
Trd, 000258.383, 177
Trd, 000258.850, 176
Trd, 000259.133, 175
Trd, 000259.500, 175
Trd, 000260.167, 168
Trd, 000260.433, 173
Trd, 000260.450, 167
Trd, 000261.583, 177
Trd, 000262.333, 173
Trd, 000262.867, 177
Trd, 000262.950, 173
Trd, 000263.283, 179
Trd, 000263.883, 172
Trd, 000263.983, 171
Trd, 000264.550, 171
Trd, 000264.567, 173
Trd, 000264.917, 173
Trd, 000265.183, 181
Trd, 000266.017, 181
Trd, 000266.683, 174
Trd, 000266.717, 181
Trd, 000267.267, 176
Trd, 000267.400, 182
Trd, 000267.850, 173
Trd, 000268.267, 167
Trd, 000268.850, 170
Trd, 000269.183, 166
Trd, 000269.317, 168
Trd, 000270.450, 173
Trd, 000270.600, 164
Trd, 000270.633, 181
Trd, 000271.133, 169
Trd, 000271.867, 174
Trd, 000272.083, 190
Trd, 000272.700, 173
Trd, 000273.367, 173
Trd, 000273.383, 172
Trd, 000273.467, 172
Trd, 000274.417, 178
Trd, 000274.683, 172
Trd, 000275.000, 171
Trd, 000275.250, 171
Trd, 000275.433, 178
Trd, 000275.733, 171
Trd, 000276.250, 170
Trd, 000276.917, 179
Trd, 000277.217, 182
Trd, 000277.733, 186
Trd, 000278.517, 177
Trd, 000278.617, 176
Trd, 000279.017, 174
Trd, 000279.383, 178
Trd, 000279.467, 176
Trd, 000279.633, 178
Trd, 000280.067, 177
Trd, 000280.100, 179
Trd, 000280.200, 175
Trd, 000280.217, 183
Trd, 000280.650, 162
Trd, 000281.650, 172
Trd, 000281.917, 171
Trd, 000282.100, 170
Trd, 000282.267, 178
Trd, 000283.400, 169
Trd, 000283.750, 183
Trd, 000283.817, 162
Trd, 000283.833, 160
Trd, 000284.517, 186
Trd, 000285.017, 175
Trd, 000285.233, 168
Trd, 000286.267, 176
Trd, 000286.917, 181
Trd, 000287.117, 176
Trd, 000287.767, 177
Trd, 000288.267, 177
Trd, 000288.800, 177
Trd, 000288.933, 183
Trd, 000289.017, 176
Trd, 000289.200, 183
Trd, 000289.933, 183
Trd, 000290.033, 184
Trd, 000290.317, 176
Trd, 000290.350, 184
Trd, 000290.450, 170
Trd, 000292.067, 181
Trd, 000292.200, 182
Trd, 000292.217, 181
Trd, 000292.317, 177
Trd, 000292.683, 176
Trd, 000292.900, 180
Trd, 000292.950, 166
Trd, 000293.383, 163
Trd, 000293.617, 173
Trd, 000294.517, 178
Trd, 000294.983, 179
Trd, 000295.033, 180
Trd, 000295.100, 173
Trd, 000295.700, 178
Trd, 000295.983, 179
Trd, 000296.033, 177
Trd, 000296.083, 182
Trd, 000297.767, 183
Trd, 000298.433, 177
Trd, 000298.483, 183
Trd, 000298.567, 176
Trd, 000298.667, 175
Trd, 000299.667, 188
Trd, 000299.983, 163
