Trd, 000002.733, 143
Trd, 000002.833, 143
Trd, 000003.450, 144
Trd, 000003.700, 141
Trd, 000003.767, 120
Trd, 000003.950, 153
Trd, 000004.383, 127
Trd, 000004.617, 147
Trd, 000005.050, 147
Trd, 000005.617, 147
Trd, 000006.450, 148
Trd, 000006.900, 149
Trd, 000007.350, 147
Trd, 000008.183, 146
Trd, 000008.950, 144
Trd, 000009.217, 144
Trd, 000009.817, 147
Trd, 000010.033, 146
Trd, 000010.467, 146
Trd, 000011.350, 145
Trd, 000012.150, 149
Trd, 000012.350, 149
Trd, 000012.433, 145
Trd, 000012.983, 169
Trd, 000013.917, 159
Trd, 000014.100, 154
Trd, 000014.950, 145
Trd, 000015.433, 149
Trd, 000016.067, 147
Trd, 000016.883, 145
Trd, 000017.000, 146
Trd, 000017.050, 142
Trd, 000017.717, 142
Trd, 000017.983, 143
Trd, 000018.117, 146
Trd, 000018.550, 145
Trd, 000019.300, 139
Trd, 000019.500, 131
Trd, 000020.467, 144
Trd, 000020.850, 146
Trd, 000020.900, 143
Trd, 000022.033, 138
Trd, 000022.167, 132
Trd, 000023.033, 147
Trd, 000023.583, 146
Trd, 000024.583, 145
Trd, 000025.733, 146
Trd, 000025.850, 145
Trd, 000026.183, 144
Trd, 000027.167, 144
Trd, 000027.917, 143
Trd, 000027.967, 142
Trd, 000028.333, 144
Trd, 000028.583, 145
Trd, 000028.800, 151
Trd, 000029.200, 147
Trd, 000029.367, 148
Trd, 000029.983, 154
Trd, 000030.450, 145
Trd, 000030.483, 144
Trd, 000030.883, 144
Trd, 000030.983, 149
Trd, 000031.550, 149
Trd, 000032.300, 147
Trd, 000035.150, 148
Trd, 000035.633, 149
Trd, 000035.700, 149
Trd, 000036.067, 148
Trd, 000036.467, 149
Trd, 000036.883, 147
Trd, 000037.317, 151
Trd, 000037.950, 149
Trd, 000038.633, 148
Trd, 000038.817, 148
Trd, 000039.750, 148
Trd, 000040.317, 148
Trd, 000040.783, 147
Trd, 000041.250, 146
Trd, 000041.350, 147
Trd, 000041.550, 145
Trd, 000041.867, 149
Trd, 000042.000, 152
Trd, 000042.133, 141
Trd, 000043.083, 129
Trd, 000043.933, 147
Trd, 000044.633, 137
Trd, 000046.017, 138
Trd, 000046.533, 139
Trd, 000046.617, 149
Trd, 000046.650, 152
Trd, 000047.483, 142
Trd, 000047.733, 142
Trd, 000048.233, 143
Trd, 000049.200, 146
Trd, 000049.683, 143
Trd, 000050.317, 144
Trd, 000050.417, 147
Trd, 000050.817, 171
Trd, 000051.283, 153
Trd, 000051.600, 163
Trd, 000052.167, 155
Trd, 000052.750, 152
Trd, 000053.167, 131
Trd, 000053.300, 132
Trd, 000053.683, 153
Trd, 000054.733, 144
Trd, 000055.600, 144
Trd, 000056.117, 144
Trd, 000056.550, 143
Trd, 000057.567, 142
Trd, 000057.900, 144
Trd, 000059.150, 153
Trd, 000060.200, 149
Trd, 000060.450, 148
Trd, 000061.650, 147
Trd, 000062.150, 150
Trd, 000062.300, 149
Trd, 000063.083, 148
Trd, 000063.200, 150
Trd, 000064.133, 149
Trd, 000064.733, 147
Trd, 000065.033, 147
Trd, 000065.117, 148
Trd, 000065.200, 145
Trd, 000065.283, 149
Trd, 000065.517, 148
Trd, 000066.017, 150
Trd, 000067.017, 148
Trd, 000067.583, 145
Trd, 000067.817, 153
Trd, 000068.583, 143
Trd, 000068.850, 144
Trd, 000071.017, 147
Trd, 000071.050, 149
Trd, 000071.317, 150
Trd, 000071.700, 151
Trd, 000072.233, 147
Trd, 000074.083, 147
Trd, 000074.217, 151
Trd, 000074.733, 149
Trd, 000075.183, 148
Trd, 000075.200, 149
Trd, 000075.233, 150
Trd, 000075.367, 148
Trd, 000076.150, 149
Trd, 000076.283, 147
Trd, 000076.583, 148
Trd, 000076.817, 152
Trd, 000077.883, 148
Trd, 000078.217, 149
Trd, 000079.933, 149
Trd, 000080.383, 149
Trd, 000080.467, 150
Trd, 000080.650, 150
Trd, 000081.450, 149
Trd, 000081.700, 150
Trd, 000081.917, 151
Trd, 000082.700, 148
Trd, 000082.867, 146
Trd, 000082.967, 136
Trd, 000083.000, 132
Trd, 000084.717, 148
Trd, 000084.833, 149
Trd, 000085.017, 152
Trd, 000085.550, 144
Trd, 000087.050, 143
Trd, 000087.583, 146
Trd, 000087.650, 147
Trd, 000087.983, 145
Trd, 000089.083, 146
Trd, 000089.233, 148
Trd, 000089.467, 156
Trd, 000089.600, 146
Trd, 000091.600, 157
Trd, 000092.483, 151
Trd, 000092.717, 148
Trd, 000094.117, 149
Trd, 000094.483, 149
Trd, 000094.800, 149
Trd, 000095.467, 150
Trd, 000095.600, 152
Trd, 000097.433, 149
Trd, 000097.900, 148
Trd, 000097.983, 150
Trd, 000098.550, 147
Trd, 000099.117, 151
Trd, 000099.400, 151
Trd, 000099.733, 153
Trd, 000101.050, 151
Trd, 000101.100, 152
Trd, 000101.133, 154
Trd, 000101.350, 150
Trd, 000101.550, 153
Trd, 000102.783, 150
Trd, 000102.933, 158
Trd, 000103.850, 149
Trd, 000103.933, 149
Trd, 000104.533, 148
Trd, 000104.733, 149
Trd, 000104.867, 150
Trd, 000105.383, 149
Trd, 000105.983, 150
Trd, 000107.500, 152
Trd, 000107.883, 157
Trd, 000108.267, 158
Trd, 000108.650, 155
Trd, 000108.983, 159
Trd, 000109.017, 154
Trd, 000109.933, 156
Trd, 000110.683, 156
Trd, 000111.583, 158
Trd, 000113.133, 155
Trd, 000113.667, 155
Trd, 000114.417, 158
Trd, 000114.667, 158
Trd, 000115.633, 155
Trd, 000115.950, 154
Trd, 000116.250, 155
Trd, 000116.533, 155
Trd, 000116.983, 153
Trd, 000117.150, 155
Trd, 000117.700, 152
Trd, 000118.033, 156
Trd, 000118.533, 159
Trd, 000119.817, 152
Trd, 000119.967, 160
Trd, 000121.017, 154
Trd, 000121.833, 156
Trd, 000122.233, 155
Trd, 000122.933, 157
Trd, 000123.033, 159
Trd, 000123.167, 154
Trd, 000124.817, 155
Trd, 000125.200, 153
Trd, 000126.050, 155
Trd, 000126.100, 155
Trd, 000126.717, 156
Trd, 000127.233, 155
Trd, 000127.433, 155
Trd, 000127.800, 156
Trd, 000128.650, 157
Trd, 000129.183, 157
Trd, 000129.600, 158
Trd, 000130.167, 156
Trd, 000130.950, 156
Trd, 000131.433, 154
Trd, 000132.533, 154
Trd, 000132.600, 157
Trd, 000133.233, 137
Trd, 000134.083, 149
Trd, 000134.683, 148
Trd, 000134.883, 149
Trd, 000134.900, 150
Trd, 000135.517, 157
Trd, 000135.700, 161
Trd, 000135.967, 147
Trd, 000136.683, 159
Trd, 000138.050, 156
Trd, 000138.817, 155
Trd, 000139.150, 155
Trd, 000139.550, 157
Trd, 000139.683, 158
Trd, 000140.417, 158
Trd, 000141.017, 158
Trd, 000141.117, 156
Trd, 000142.133, 158
Trd, 000143.367, 162
Trd, 000144.683, 156
Trd, 000144.733, 155
Trd, 000144.967, 161
Trd, 000145.283, 158
Trd, 000145.983, 159
Trd, 000146.533, 163
Trd, 000146.683, 162
Trd, 000147.117, 161
Trd, 000147.200, 163
Trd, 000147.300, 164
Trd, 000147.717, 164
Trd, 000147.867, 161
Trd, 000149.617, 162
Trd, 000149.833, 162
Trd, 000150.433, 161
Trd, 000150.467, 151
Trd, 000150.933, 162
Trd, 000151.583, 158
Trd, 000152.650, 158
Trd, 000153.217, 157
Trd, 000153.767, 154
Trd, 000154.317, 157
Trd, 000154.400, 158
Trd, 000154.983, 157
Trd, 000155.183, 156
Trd, 000155.383, 156
Trd, 000155.667, 155
Trd, 000155.700, 155
Trd, 000155.833, 156
Trd, 000157.817, 159
Trd, 000157.950, 156
Trd, 000158.617, 160
Trd, 000159.167, 163
Trd, 000159.700, 156
Trd, 000159.950, 156
Trd, 000160.333, 167
Trd, 000160.567, 159
Trd, 000161.417, 155
Trd, 000162.033, 153
Trd, 000162.317, 155
Trd, 000162.917, 156
Trd, 000163.967, 157
Trd, 000164.183, 158
Trd, 000164.600, 158
Trd, 000164.767, 156
Trd, 000165.333, 155
Trd, 000165.767, 158
Trd, 000165.867, 160
Trd, 000166.067, 164
Trd, 000166.667, 157
Trd, 000167.617, 156
Trd, 000167.717, 160
Trd, 000168.250, 154
Trd, 000169.183, 158
Trd, 000169.367, 158
Trd, 000170.617, 157
Trd, 000170.900, 157
Trd, 000170.983, 158
Trd, 000171.150, 159
Trd, 000171.783, 161
Trd, 000173.067, 163
Trd, 000173.083, 159
Trd, 000173.933, 159
Trd, 000174.600, 161
Trd, 000175.300, 159
Trd, 000175.867, 162
Trd, 000175.983, 161
Trd, 000176.267, 159
Trd, 000176.767, 158
Trd, 000178.400, 159
Trd, 000178.500, 161
Trd, 000179.617, 160
Trd, 000180.250, 159
Trd, 000180.433, 161
Trd, 000180.900, 159
Trd, 000181.133, 161
Trd, 000181.383, 158
Trd, 000181.517, 160
Trd, 000181.833, 158
Trd, 000182.267, 162
Trd, 000182.983, 166
Trd, 000183.517, 169
Trd, 000183.633, 159
Trd, 000184.067, 186
Trd, 000186.100, 164
Trd, 000187.267, 163
Trd, 000187.550, 162
Trd, 000188.267, 162
Trd, 000188.933, 162
Trd, 000188.950, 163
Trd, 000189.383, 162
Trd, 000189.483, 162
Trd, 000189.717, 161
Trd, 000190.517, 162
Trd, 000190.583, 163
Trd, 000191.150, 163
Trd, 000191.583, 162
Trd, 000192.033, 164
Trd, 000193.117, 161
Trd, 000193.433, 161
Trd, 000193.533, 160
Trd, 000193.700, 161
Trd, 000194.533, 163
Trd, 000196.683, 162
Trd, 000196.950, 163
Trd, 000196.983, 160
Trd, 000197.117, 164
Trd, 000197.500, 163
Trd, 000197.583, 164
Trd, 000198.217, 165
Trd, 000198.467, 161
Trd, 000198.700, 161
Trd, 000199.917, 161
Trd, 000200.167, 161
Trd, 000200.250, 161
Trd, 000200.633, 161
Trd, 000201.583, 161
Trd, 000201.783, 160
Trd, 000202.483, 161
Trd, 000202.617, 161
Trd, 000203.700, 147
Trd, 000204.733, 145
Trd, 000204.817, 149
Trd, 000204.867, 152
Trd, 000205.267, 154
Trd, 000206.283, 155
Trd, 000206.467, 164
Trd, 000207.033, 166
Trd, 000207.050, 167
Trd, 000208.217, 157
Trd, 000208.833, 154
Trd, 000209.667, 155
Trd, 000209.900, 155
Trd, 000210.300, 155
Trd, 000210.667, 155
Trd, 000211.100, 157
Trd, 000211.167, 158
Trd, 000211.333, 165
Trd, 000211.850, 168
Trd, 000213.050, 164
Trd, 000214.583, 165
Trd, 000215.150, 159
Trd, 000215.567, 164
Trd, 000216.117, 159
Trd, 000217.800, 169
Trd, 000217.817, 173
Trd, 000219.000, 173
Trd, 000219.500, 172
Trd, 000219.767, 173
Trd, 000220.033, 177
Trd, 000220.117, 172
Trd, 000220.400, 170
Trd, 000221.417, 170
Trd, 000221.517, 168
Trd, 000222.083, 169
Trd, 000222.250, 171
Trd, 000222.700, 159
Trd, 000223.483, 168
Trd, 000223.683, 168
Trd, 000224.533, 166
Trd, 000225.967, 167
Trd, 000226.000, 168
Trd, 000227.067, 170
Trd, 000227.483, 167
Trd, 000228.167, 171
Trd, 000228.283, 172
Trd, 000228.367, 177
Trd, 000228.533, 168
Trd, 000230.183, 169
Trd, 000230.383, 169
Trd, 000230.450, 171
Trd, 000230.700, 172
Trd, 000230.967, 174
Trd, 000231.067, 167
Trd, 000232.200, 175
Trd, 000232.817, 174
Trd, 000233.283, 170
Trd, 000233.400, 171
Trd, 000234.050, 173
Trd, 000234.833, 176
Trd, 000235.950, 184
Trd, 000236.417, 189
Trd, 000236.467, 183
Trd, 000236.500, 182
Trd, 000237.800, 173
Trd, 000238.417, 172
Trd, 000239.283, 167
Trd, 000239.867, 166
Trd, 000240.117, 162
Trd, 000240.150, 165
Trd, 000240.933, 166
Trd, 000241.133, 166
Trd, 000241.517, 166
Trd, 000241.550, 167
Trd, 000241.817, 169
Trd, 000242.200, 172
Trd, 000242.567, 171
Trd, 000243.050, 168
Trd, 000243.183, 173
Trd, 000244.233, 175
Trd, 000244.367, 171
Trd, 000245.017, 170
Trd, 000245.467, 170
Trd, 000245.517, 171
Trd, 000246.433, 170
Trd, 000246.717, 171
Trd, 000246.933, 170
Trd, 000247.450, 171
Trd, 000247.467, 172
Trd, 000247.533, 169
Trd, 000248.250, 173
Trd, 000248.683, 174
Trd, 000249.733, 170
Trd, 000250.150, 173
Trd, 000250.833, 172
Trd, 000251.350, 171
Trd, 000251.850, 172
Trd, 000252.067, 170
Trd, 000252.100, 169
Trd, 000252.400, 168
Trd, 000253.333, 173
Trd, 000253.567, 173
Trd, 000253.867, 174
Trd, 000254.417, 171
Trd, 000254.600, 170
Trd, 000255.033, 170
Trd, 000255.567, 173
Trd, 000255.633, 169
Trd, 000256.333, 175
Trd, 000256.450, 175
Trd, 000257.217, 178
Trd, 000257.333, 180
Trd, 000257.933, 180
Trd, 000258.217, 188
Trd, 000259.300, 188
Trd, 000259.617, 188
Trd, 000260.200, 185
Trd, 000260.900, 188
Trd, 000261.033, 184
Trd, 000261.100, 183
Trd, 000261.700, 182
Trd, 000261.833, 183
Trd, 000261.950, 184
Trd, 000262.183, 181
Trd, 000262.550, 180
Trd, 000262.667, 188
Trd, 000262.867, 178
Trd, 000263.333, 174
Trd, 000264.183, 175
Trd, 000264.350, 172
Trd, 000264.467, 175
Trd, 000264.600, 176
Trd, 000264.917, 176
Trd, 000265.683, 179
Trd, 000266.100, 177
Trd, 000266.967, 177
Trd, 000267.150, 177
Trd, 000267.250, 170
Trd, 000267.783, 170
Trd, 000268.450, 174
Trd, 000268.800, 174
Trd, 000269.033, 170
Trd, 000269.933, 171
Trd, 000270.150, 170
Trd, 000270.983, 171
Trd, 000271.200, 172
Trd, 000271.517, 173
Trd, 000271.783, 175
Trd, 000272.033, 175
Trd, 000272.333, 175
Trd, 000272.533, 175
Trd, 000273.167, 175
Trd, 000273.517, 177
Trd, 000273.583, 171
Trd, 000273.917, 176
Trd, 000274.467, 182
Trd, 000274.917, 180
Trd, 000275.017, 181
Trd, 000275.150, 179
Trd, 000276.317, 178
Trd, 000276.683, 177
Trd, 000276.800, 182
Trd, 000277.150, 183
Trd, 000277.917, 198
Trd, 000278.183, 195
Trd, 000278.367, 189
Trd, 000278.833, 189
Trd, 000279.717, 188
Trd, 000280.267, 188
Trd, 000281.067, 187
Trd, 000281.117, 186
Trd, 000281.567, 187
Trd, 000281.700, 181
Trd, 000282.117, 182
Trd, 000282.350, 181
Trd, 000282.367, 183
Trd, 000282.733, 179
Trd, 000282.817, 183
Trd, 000283.050, 176
Trd, 000283.200, 172
Trd, 000283.483, 176
Trd, 000283.717, 185
Trd, 000285.567, 184
Trd, 000285.967, 182
Trd, 000286.050, 184
Trd, 000287.667, 180
Trd, 000287.750, 180
Trd, 000288.067, 181
Trd, 000288.350, 179
Trd, 000288.367, 184
Trd, 000288.533, 179
Trd, 000288.683, 184
Trd, 000288.967, 177
Trd, 000289.333, 177
Trd, 000290.200, 195
Trd, 000290.383, 194
Trd, 000291.283, 187
Trd, 000291.733, 174
Trd, 000292.017, 184
Trd, 000292.500, 181
Trd, 000293.017, 173
Trd, 000293.717, 179
Trd, 000293.917, 171
Trd, 000294.317, 178
Trd, 000294.367, 179
Trd, 000294.550, 180
Trd, 000294.583, 180
Trd, 000294.750, 176
Trd, 000294.983, 184
Trd, 000295.100, 184
Trd, 000295.117, 175
Trd, 000295.367, 173
Trd, 000295.950, 172
Trd, 000296.800, 173
Trd, 000297.250, 174
Trd, 000297.317, 173
Trd, 000297.667, 170
Trd, 000297.950, 171
Trd, 000299.250, 170
Trd, 000299.550, 174
