Trd, 000002.000, 151
Trd, 000002.900, 158
Trd, 000003.667, 153
Trd, 000004.567, 128
Trd, 000004.700, 129
Trd, 000004.900, 144
Trd, 000006.217, 159
Trd, 000007.050, 159
Trd, 000007.317, 155
Trd, 000007.600, 161
Trd, 000007.933, 155
Trd, 000009.000, 160
Trd, 000009.750, 159
Trd, 000009.767, 160
Trd, 000010.033, 155
Trd, 000011.583, 154
Trd, 000011.767, 154
Trd, 000012.167, 159
Trd, 000013.517, 156
Trd, 000013.533, 159
Trd, 000014.133, 159
Trd, 000014.683, 158
Trd, 000015.350, 157
Trd, 000015.950, 156
Trd, 000016.383, 157
Trd, 000017.067, 154
Trd, 000017.467, 158
Trd, 000019.433, 155
Trd, 000020.200, 155
Trd, 000020.350, 153
Trd, 000020.400, 156
Trd, 000022.117, 158
Trd, 000022.267, 154
Trd, 000022.767, 156
Trd, 000023.217, 155
Trd, 000023.650, 156
Trd, 000023.767, 157
Trd, 000025.183, 140
Trd, 000026.233, 154
Trd, 000026.450, 154
Trd, 000027.167, 151
Trd, 000027.433, 139
Trd, 000028.500, 150
Trd, 000029.033, 151
Trd, 000029.133, 150
Trd, 000029.850, 150
Trd, 000030.017, 152
Trd, 000031.283, 153
Trd, 000032.000, 153
Trd, 000032.983, 144
Trd, 000034.067, 146
Trd, 000034.667, 149
Trd, 000035.000, 149
Trd, 000036.000, 150
Trd, 000036.333, 163
Trd, 000036.733, 150
Trd, 000037.083, 162
Trd, 000037.767, 162
Trd, 000038.117, 162
Trd, 000038.133, 161
Trd, 000038.267, 163
Trd, 000039.433, 162
Trd, 000040.817, 160
Trd, 000040.967, 159
Trd, 000041.500, 158
Trd, 000042.967, 157
Trd, 000044.317, 158
Trd, 000044.550, 156
Trd, 000044.667, 157
Trd, 000045.067, 155
Trd, 000046.017, 157
Trd, 000046.600, 163
Trd, 000046.750, 182
Trd, 000048.200, 164
Trd, 000048.533, 167
Trd, 000049.767, 165
Trd, 000049.833, 164
Trd, 000051.367, 164
Trd, 000051.433, 164
Trd, 000051.783, 163
Trd, 000052.217, 162
Trd, 000052.717, 161
Trd, 000053.150, 158
Trd, 000053.333, 157
Trd, 000054.400, 159
Trd, 000054.483, 159
Trd, 000054.633, 156
Trd, 000055.217, 166
Trd, 000055.750, 164
Trd, 000056.050, 156
Trd, 000056.800, 146
Trd, 000057.300, 140
Trd, 000058.267, 145
Trd, 000058.450, 147
Trd, 000059.050, 150
Trd, 000059.417, 164
Trd, 000059.650, 156
Trd, 000060.683, 159
Trd, 000061.017, 158
Trd, 000062.250, 158
Trd, 000063.000, 150
Trd, 000063.150, 151
Trd, 000063.733, 155
Trd, 000064.633, 151
Trd, 000064.750, 154
Trd, 000065.150, 153
Trd, 000065.600, 149
Trd, 000065.783, 154
Trd, 000066.500, 143
Trd, 000067.250, 145
Trd, 000068.300, 153
Trd, 000068.867, 153
Trd, 000068.983, 147
Trd, 000069.133, 153
Trd, 000069.267, 154
Trd, 000069.367, 148
Trd, 000070.733, 151
Trd, 000070.800, 149
Trd, 000071.017, 150
Trd, 000071.367, 147
Trd, 000071.500, 153
Trd, 000072.200, 155
Trd, 000074.000, 159
Trd, 000074.417, 159
Trd, 000075.050, 165
Trd, 000075.367, 167
Trd, 000076.733, 163
Trd, 000077.083, 162
Trd, 000077.167, 166
Trd, 000077.250, 161
Trd, 000077.817, 165
Trd, 000079.800, 163
Trd, 000080.200, 165
Trd, 000080.917, 163
Trd, 000081.767, 163
Trd, 000082.050, 162
Trd, 000082.133, 159
Trd, 000082.233, 167
Trd, 000082.683, 152
Trd, 000083.617, 161
Trd, 000083.833, 162
Trd, 000083.917, 164
Trd, 000085.300, 159
Trd, 000085.867, 159
Trd, 000087.000, 158
Trd, 000087.233, 157
Trd, 000087.350, 158
Trd, 000087.617, 159
Trd, 000088.050, 160
Trd, 000089.717, 163
Trd, 000089.933, 165
Trd, 000090.000, 160
Trd, 000090.417, 166
Trd, 000091.950, 166
Trd, 000092.533, 165
Trd, 000092.767, 163
Trd, 000092.950, 166
Trd, 000093.467, 166
Trd, 000093.717, 142
Trd, 000095.250, 162
Trd, 000095.400, 167
Trd, 000095.600, 167
Trd, 000096.883, 164
Trd, 000097.217, 160
Trd, 000097.967, 157
Trd, 000098.117, 157
Trd, 000098.500, 160
Trd, 000098.833, 158
Trd, 000099.050, 159
Trd, 000099.400, 159
Trd, 000100.333, 159
Trd, 000100.583, 172
Trd, 000102.067, 163
Trd, 000102.517, 163
Trd, 000102.867, 168
Trd, 000102.933, 161
Trd, 000103.967, 155
Trd, 000103.983, 158
Trd, 000105.733, 163
Trd, 000106.633, 161
Trd, 000107.667, 169
Trd, 000108.150, 188
Trd, 000108.967, 178
Trd, 000109.533, 173
Trd, 000109.567, 172
Trd, 000109.833, 171
Trd, 000110.400, 171
Trd, 000111.000, 170
Trd, 000111.667, 162
Trd, 000112.350, 149
Trd, 000113.150, 148
Trd, 000113.383, 170
Trd, 000113.733, 169
Trd, 000115.050, 158
Trd, 000115.567, 163
Trd, 000116.000, 162
Trd, 000116.083, 164
Trd, 000116.233, 173
Trd, 000117.200, 167
Trd, 000117.550, 159
Trd, 000118.300, 165
Trd, 000119.700, 162
Trd, 000120.150, 162
Trd, 000120.333, 161
Trd, 000121.233, 160
Trd, 000121.917, 161
Trd, 000122.483, 161
Trd, 000123.450, 160
Trd, 000123.617, 159
Trd, 000123.850, 173
Trd, 000124.467, 157
Trd, 000124.567, 158
Trd, 000124.967, 153
Trd, 000125.283, 161
Trd, 000127.217, 157
Trd, 000127.533, 157
Trd, 000127.950, 156
Trd, 000128.700, 156
Trd, 000128.833, 155
Trd, 000129.600, 155
Trd, 000130.250, 156
Trd, 000130.650, 153
Trd, 000132.217, 151
Trd, 000132.300, 149
Trd, 000132.600, 161
Trd, 000132.817, 171
Trd, 000133.700, 163
Trd, 000134.200, 163
Trd, 000134.317, 157
Trd, 000134.783, 158
Trd, 000135.867, 159
Trd, 000136.200, 158
Trd, 000136.400, 158
Trd, 000136.650, 157
Trd, 000137.517, 158
Trd, 000138.850, 159
Trd, 000139.167, 157
Trd, 000139.467, 158
Trd, 000140.333, 172
Trd, 000142.150, 167
Trd, 000142.350, 166
Trd, 000142.417, 165
Trd, 000142.617, 165
Trd, 000142.683, 151
Trd, 000143.400, 165
Trd, 000143.550, 166
Trd, 000143.783, 169
Trd, 000144.167, 148
Trd, 000144.317, 147
Trd, 000144.383, 167
Trd, 000145.767, 181
Trd, 000146.083, 161
Trd, 000146.233, 152
Trd, 000147.367, 172
Trd, 000149.167, 164
Trd, 000149.350, 168
Trd, 000149.617, 167
Trd, 000149.767, 166
Trd, 000150.017, 167
Trd, 000151.333, 166
Trd, 000151.500, 166
Trd, 000151.533, 165
Trd, 000151.600, 168
Trd, 000152.000, 165
Trd, 000153.067, 165
Trd, 000153.733, 163
Trd, 000153.933, 155
Trd, 000154.083, 163
Trd, 000154.317, 152
Trd, 000155.850, 173
Trd, 000156.000, 172
Trd, 000157.133, 173
Trd, 000157.317, 186
Trd, 000157.733, 175
Trd, 000158.400, 180
Trd, 000158.933, 181
Trd, 000159.533, 181
Trd, 000159.600, 179
Trd, 000160.283, 177
Trd, 000161.017, 180
Trd, 000162.000, 176
Trd, 000163.067, 174
Trd, 000163.400, 174
Trd, 000163.683, 174
Trd, 000164.133, 174
Trd, 000165.433, 173
Trd, 000165.550, 176
Trd, 000165.683, 174
Trd, 000167.150, 173
Trd, 000167.700, 171
Trd, 000168.150, 171
Trd, 000168.183, 168
Trd, 000168.367, 154
Trd, 000168.600, 165
Trd, 000169.150, 165
Trd, 000170.617, 166
Trd, 000170.867, 166
Trd, 000171.133, 166
Trd, 000171.317, 166
Trd, 000171.717, 161
Trd, 000172.100, 166
Trd, 000172.533, 168
Trd, 000172.833, 165
Trd, 000173.383, 169
Trd, 000174.067, 178
Trd, 000174.100, 179
Trd, 000174.367, 171
Trd, 000176.533, 174
Trd, 000177.150, 175
Trd, 000177.417, 174
Trd, 000178.167, 173
Trd, 000178.633, 174
Trd, 000180.133, 177
Trd, 000180.217, 176
Trd, 000181.017, 177
Trd, 000181.300, 174
Trd, 000181.717, 175
Trd, 000182.217, 174
Trd, 000182.517, 173
Trd, 000182.533, 176
Trd, 000184.600, 174
Trd, 000184.967, 174
Trd, 000185.483, 174
Trd, 000185.767, 176
Trd, 000186.200, 169
Trd, 000186.517, 175
Trd, 000186.533, 169
Trd, 000187.183, 175
Trd, 000187.783, 168
Trd, 000187.800, 158
Trd, 000188.650, 164
Trd, 000189.200, 166
Trd, 000190.533, 163
Trd, 000190.783, 163
Trd, 000190.933, 163
Trd, 000191.283, 164
Trd, 000192.200, 167
Trd, 000192.483, 164
Trd, 000192.783, 165
Trd, 000193.683, 165
Trd, 000193.750, 163
Trd, 000195.267, 163
Trd, 000195.283, 164
Trd, 000195.400, 162
Trd, 000196.983, 165
Trd, 000197.233, 168
Trd, 000197.833, 180
Trd, 000199.083, 178
Trd, 000199.667, 175
Trd, 000200.133, 176
Trd, 000200.583, 176
Trd, 000201.033, 176
Trd, 000201.383, 174
Trd, 000201.433, 174
Trd, 000201.683, 175
Trd, 000202.417, 183
Trd, 000202.967, 178
Trd, 000204.350, 177
Trd, 000204.533, 178
Trd, 000204.750, 178
Trd, 000205.067, 177
Trd, 000205.417, 180
Trd, 000205.917, 177
Trd, 000207.350, 178
Trd, 000207.783, 177
Trd, 000208.133, 176
Trd, 000208.167, 157
Trd, 000208.933, 161
Trd, 000209.167, 160
Trd, 000209.550, 154
Trd, 000209.933, 172
Trd, 000212.183, 170
Trd, 000212.400, 169
Trd, 000212.533, 170
Trd, 000213.817, 171
Trd, 000214.117, 172
Trd, 000214.533, 179
Trd, 000214.983, 176
Trd, 000215.000, 172
Trd, 000215.567, 179
Trd, 000215.767, 174
Trd, 000216.883, 174
Trd, 000217.267, 175
Trd, 000218.133, 175
Trd, 000218.967, 184
Trd, 000219.200, 194
Trd, 000220.267, 184
Trd, 000221.050, 184
Trd, 000221.100, 174
Trd, 000221.900, 173
Trd, 000222.833, 174
Trd, 000223.017, 163
Trd, 000223.950, 170
Trd, 000225.483, 170
Trd, 000226.000, 171
Trd, 000226.300, 172
Trd, 000226.750, 171
Trd, 000226.850, 172
Trd, 000227.050, 169
Trd, 000227.383, 159
Trd, 000228.000, 173
Trd, 000228.950, 167
Trd, 000229.717, 168
Trd, 000230.717, 166
Trd, 000231.650, 167
Trd, 000232.217, 167
Trd, 000233.100, 165
Trd, 000233.600, 166
Trd, 000233.650, 180
Trd, 000233.783, 165
Trd, 000233.867, 164
Trd, 000234.617, 168
Trd, 000234.683, 171
Trd, 000235.317, 171
Trd, 000235.667, 163
Trd, 000235.950, 173
Trd, 000237.567, 183
Trd, 000238.683, 183
Trd, 000239.200, 186
Trd, 000240.050, 189
Trd, 000240.183, 190
Trd, 000240.667, 190
Trd, 000240.783, 190
Trd, 000241.433, 189
Trd, 000241.633, 189
Trd, 000241.983, 190
Trd, 000242.167, 188
Trd, 000243.033, 190
Trd, 000243.050, 191
Trd, 000243.067, 187
Trd, 000243.200, 186
Trd, 000243.800, 188
Trd, 000244.683, 188
Trd, 000244.950, 184
Trd, 000245.200, 184
Trd, 000245.767, 182
Trd, 000246.900, 179
Trd, 000247.000, 178
Trd, 000247.533, 176
Trd, 000247.650, 175
Trd, 000248.100, 174
Trd, 000248.667, 173
Trd, 000248.700, 172
Trd, 000248.783, 175
Trd, 000248.900, 176
Trd, 000249.483, 175
Trd, 000249.833, 176
Trd, 000250.417, 178
Trd, 000250.983, 176
Trd, 000251.100, 175
Trd, 000251.267, 177
Trd, 000251.767, 175
Trd, 000251.867, 174
Trd, 000253.233, 173
Trd, 000254.133, 177
Trd, 000254.283, 178
Trd, 000254.683, 178
Trd, 000254.750, 179
Trd, 000255.200, 176
Trd, 000255.317, 177
Trd, 000255.667, 176
Trd, 000255.900, 176
Trd, 000256.133, 176
Trd, 000256.300, 177
Trd, 000256.600, 179
Trd, 000256.900, 184
Trd, 000258.150, 188
Trd, 000258.267, 187
Trd, 000258.883, 177
Trd, 000259.967, 167
Trd, 000260.200, 167
Trd, 000260.733, 167
Trd, 000260.850, 168
Trd, 000261.067, 168
Trd, 000261.183, 163
Trd, 000261.350, 170
Trd, 000261.783, 168
Trd, 000262.083, 168
Trd, 000262.167, 169
Trd, 000262.217, 170
Trd, 000262.517, 171
Trd, 000263.967, 173
Trd, 000264.183, 169
Trd, 000264.750, 173
Trd, 000264.767, 175
Trd, 000265.100, 174
Trd, 000265.350, 175
Trd, 000265.617, 167
Trd, 000265.633, 177
Trd, 000266.433, 175
Trd, 000267.267, 170
Trd, 000267.367, 167
Trd, 000267.650, 175
Trd, 000267.700, 173
Trd, 000269.233, 170
Trd, 000269.767, 174
Trd, 000270.367, 172
Trd, 000270.517, 173
Trd, 000270.750, 176
Trd, 000271.183, 172
Trd, 000271.350, 175
Trd, 000271.883, 173
Trd, 000272.583, 178
Trd, 000273.100, 181
Trd, 000273.417, 180
Trd, 000273.683, 179
Trd, 000273.733, 178
Trd, 000273.883, 174
Trd, 000273.900, 180
Trd, 000274.567, 184
Trd, 000274.683, 178
Trd, 000274.867, 164
Trd, 000275.533, 187
Trd, 000276.217, 188
Trd, 000276.550, 189
Trd, 000276.983, 188
Trd, 000277.067, 188
Trd, 000277.100, 184
Trd, 000277.350, 183
Trd, 000277.517, 183
Trd, 000277.700, 185
Trd, 000278.583, 182
Trd, 000278.817, 165
Trd, 000279.300, 184
Trd, 000280.000, 173
Trd, 000280.350, 173
Trd, 000280.617, 161
Trd, 000280.800, 170
Trd, 000281.117, 163
Trd, 000281.200, 167
Trd, 000281.317, 167
Trd, 000281.700, 176
Trd, 000281.900, 164
Trd, 000283.450, 178
Trd, 000283.617, 171
Trd, 000283.817, 169
Trd, 000283.850, 177
Trd, 000283.967, 169
Trd, 000284.750, 190
Trd, 000285.333, 190
Trd, 000286.000, 178
Trd, 000286.283, 179
Trd, 000286.600, 184
Trd, 000286.700, 185
Trd, 000287.017, 166
Trd, 000287.767, 180
Trd, 000288.383, 186
Trd, 000288.417, 174
Trd, 000288.900, 177
Trd, 000289.117, 179
Trd, 000289.400, 206
Trd, 000289.433, 184
Trd, 000290.233, 203
Trd, 000290.717, 194
Trd, 000290.933, 189
Trd, 000291.217, 191
Trd, 000292.050, 191
Trd, 000292.250, 192
Trd, 000292.833, 189
Trd, 000292.950, 188
Trd, 000293.133, 187
Trd, 000293.317, 191
Trd, 000293.567, 180
Trd, 000294.267, 169
Trd, 000294.467, 162
Trd, 000294.717, 177
Trd, 000295.183, 188
Trd, 000295.450, 188
Trd, 000296.017, 184
Trd, 000296.133, 186
Trd, 000296.183, 185
Trd, 000297.000, 178
Trd, 000297.083, 166
Trd, 000297.967, 157
Trd, 000298.400, 181
Trd, 000298.917, 167
Trd, 000299.250, 174
Trd, 000299.583, 169
Trd, 000299.883, 174
