Trd, 000001.383, 147
Trd, 000002.183, 144
Trd, 000002.633, 140
Trd, 000002.883, 140
Trd, 000002.950, 141
Trd, 000003.317, 158
Trd, 000003.617, 138
Trd, 000004.167, 151
Trd, 000004.600, 138
Trd, 000005.033, 137
Trd, 000006.067, 136
Trd, 000006.633, 125
Trd, 000006.950, 133
Trd, 000007.133, 134
Trd, 000007.517, 134
Trd, 000007.883, 134
Trd, 000008.433, 137
Trd, 000008.600, 140
Trd, 000010.383, 145
Trd, 000010.867, 139
Trd, 000011.150, 152
Trd, 000011.317, 137
Trd, 000011.450, 156
Trd, 000012.500, 151
Trd, 000012.850, 164
Trd, 000013.433, 150
Trd, 000014.067, 146
Trd, 000014.683, 146
Trd, 000014.933, 146
Trd, 000015.417, 148
Trd, 000015.917, 145
Trd, 000016.333, 150
Trd, 000016.617, 144
Trd, 000017.733, 143
Trd, 000017.833, 143
Trd, 000018.283, 149
Trd, 000018.650, 149
Trd, 000019.500, 144
Trd, 000020.433, 145
Trd, 000020.850, 145
Trd, 000021.400, 145
Trd, 000021.633, 144
Trd, 000021.783, 142
Trd, 000022.417, 148
Trd, 000023.167, 153
Trd, 000023.517, 145
Trd, 000024.167, 157
Trd, 000024.583, 159
Trd, 000024.600, 148
Trd, 000024.717, 146
Trd, 000025.450, 147
Trd, 000025.800, 147
Trd, 000026.217, 148
Trd, 000026.600, 153
Trd, 000026.733, 148
Trd, 000027.567, 148
Trd, 000027.950, 148
Trd, 000028.117, 165
Trd, 000028.483, 154
Trd, 000028.550, 147
Trd, 000029.050, 144
Trd, 000029.450, 155
Trd, 000029.583, 159
Trd, 000031.817, 154
Trd, 000031.983, 150
Trd, 000033.583, 155
Trd, 000033.783, 153
Trd, 000034.350, 148
Trd, 000034.683, 155
Trd, 000035.283, 155
Trd, 000035.667, 147
Trd, 000036.283, 146
Trd, 000036.300, 154
Trd, 000036.867, 153
Trd, 000036.933, 155
Trd, 000037.617, 158
Trd, 000038.017, 160
Trd, 000038.983, 159
Trd, 000039.500, 155
Trd, 000039.700, 160
Trd, 000039.883, 154
Trd, 000041.083, 154
Trd, 000041.217, 153
Trd, 000041.867, 153
Trd, 000042.100, 153
Trd, 000042.300, 155
Trd, 000042.983, 160
Trd, 000043.517, 164
Trd, 000044.483, 152
Trd, 000045.217, 152
Trd, 000045.867, 151
Trd, 000046.583, 151
Trd, 000046.667, 156
Trd, 000046.783, 155
Trd, 000047.317, 151
Trd, 000047.400, 154
Trd, 000048.550, 152
Trd, 000048.917, 151
Trd, 000048.983, 150
Trd, 000049.000, 148
Trd, 000049.267, 154
Trd, 000049.467, 146
Trd, 000049.483, 156
Trd, 000050.750, 146
Trd, 000051.583, 154
Trd, 000051.633, 142
Trd, 000051.867, 134
Trd, 000052.500, 160
Trd, 000053.100, 155
Trd, 000053.650, 154
Trd, 000054.133, 155
Trd, 000055.300, 152
Trd, 000055.333, 151
Trd, 000055.733, 151
Trd, 000055.750, 156
Trd, 000055.883, 150
Trd, 000056.417, 152
Trd, 000057.600, 152
Trd, 000057.733, 151
Trd, 000058.750, 151
Trd, 000058.817, 152
Trd, 000059.067, 157
Trd, 000059.150, 162
Trd, 000059.917, 151
Trd, 000060.300, 157
Trd, 000061.233, 164
Trd, 000062.167, 166
Trd, 000062.350, 168
Trd, 000062.400, 156
Trd, 000063.000, 152
Trd, 000063.300, 153
Trd, 000064.717, 152
Trd, 000066.500, 152
Trd, 000066.850, 156
Trd, 000066.900, 157
Trd, 000067.017, 148
Trd, 000067.550, 151
Trd, 000068.217, 151
Trd, 000069.133, 154
Trd, 000069.517, 155
Trd, 000070.200, 149
Trd, 000070.567, 149
Trd, 000071.717, 154
Trd, 000071.900, 155
Trd, 000072.667, 151
Trd, 000073.517, 155
Trd, 000074.017, 151
Trd, 000074.850, 152
Trd, 000075.417, 153
Trd, 000075.750, 153
Trd, 000075.833, 154
Trd, 000075.850, 155
Trd, 000075.967, 151
Trd, 000077.117, 150
Trd, 000077.300, 150
Trd, 000077.833, 150
Trd, 000078.050, 150
Trd, 000078.367, 150
Trd, 000079.233, 151
Trd, 000079.267, 152
Trd, 000079.650, 158
Trd, 000080.167, 162
Trd, 000080.250, 150
Trd, 000080.300, 166
Trd, 000081.583, 154
Trd, 000082.133, 156
Trd, 000082.350, 157
Trd, 000083.800, 156
Trd, 000083.850, 158
Trd, 000084.150, 159
Trd, 000084.717, 156
Trd, 000084.833, 155
Trd, 000085.983, 157
Trd, 000086.883, 159
Trd, 000088.217, 158
Trd, 000088.483, 160
Trd, 000088.783, 160
Trd, 000089.083, 158
Trd, 000089.300, 159
Trd, 000090.317, 157
Trd, 000090.783, 160
Trd, 000092.133, 153
Trd, 000092.517, 150
Trd, 000092.783, 155
Trd, 000092.900, 156
Trd, 000093.550, 151
Trd, 000093.700, 148
Trd, 000094.783, 154
Trd, 000094.983, 150
Trd, 000095.317, 149
Trd, 000095.367, 154
Trd, 000095.600, 154
Trd, 000096.250, 154
Trd, 000097.750, 154
Trd, 000098.317, 156
Trd, 000098.850, 151
Trd, 000098.867, 161
Trd, 000099.067, 161
Trd, 000099.267, 164
Trd, 000099.567, 149
Trd, 000100.017, 161
Trd, 000100.067, 149
Trd, 000100.633, 147
Trd, 000101.550, 159
Trd, 000101.933, 155
Trd, 000102.333, 154
Trd, 000103.667, 161
Trd, 000104.700, 154
Trd, 000104.850, 153
Trd, 000106.200, 154
Trd, 000106.583, 153
Trd, 000106.600, 160
Trd, 000106.683, 152
Trd, 000107.333, 152
Trd, 000108.017, 160
Trd, 000108.250, 153
Trd, 000108.450, 152
Trd, 000108.767, 155
Trd, 000109.417, 157
Trd, 000109.883, 156
Trd, 000110.100, 159
Trd, 000110.350, 158
Trd, 000110.850, 154
Trd, 000111.683, 158
Trd, 000112.217, 153
Trd, 000112.800, 156
Trd, 000112.867, 158
Trd, 000113.517, 154
Trd, 000113.683, 162
Trd, 000113.833, 152
Trd, 000114.767, 168
Trd, 000116.117, 168
Trd, 000116.600, 170
Trd, 000117.583, 165
Trd, 000118.283, 165
Trd, 000118.650, 165
Trd, 000118.700, 168
Trd, 000118.900, 169
Trd, 000119.283, 170
Trd, 000119.467, 171
Trd, 000120.617, 155
Trd, 000120.733, 167
Trd, 000121.983, 167
Trd, 000122.083, 167
Trd, 000122.683, 166
Trd, 000123.483, 165
Trd, 000123.767, 164
Trd, 000124.383, 165
Trd, 000124.833, 164
Trd, 000125.883, 163
Trd, 000126.233, 164
Trd, 000126.383, 165
Trd, 000127.317, 162
Trd, 000127.867, 163
Trd, 000128.950, 161
Trd, 000129.283, 163
Trd, 000129.317, 161
Trd, 000129.667, 154
Trd, 000130.050, 164
Trd, 000131.117, 164
Trd, 000132.367, 160
Trd, 000132.717, 162
Trd, 000132.867, 172
Trd, 000133.900, 157
Trd, 000134.500, 159
Trd, 000134.733, 154
Trd, 000134.950, 164
Trd, 000135.200, 164
Trd, 000135.467, 165
Trd, 000135.500, 158
Trd, 000136.933, 161
Trd, 000136.950, 160
Trd, 000136.967, 150
Trd, 000139.217, 164
Trd, 000139.767, 164
Trd, 000140.067, 159
Trd, 000140.400, 160
Trd, 000141.000, 159
Trd, 000141.217, 159
Trd, 000141.917, 162
Trd, 000142.150, 158
Trd, 000142.633, 162
Trd, 000143.083, 162
Trd, 000143.717, 158
Trd, 000143.900, 157
Trd, 000143.933, 160
Trd, 000143.967, 162
Trd, 000144.000, 141
Trd, 000144.567, 157
Trd, 000144.883, 165
Trd, 000144.917, 168
Trd, 000144.967, 164
Trd, 000145.883, 164
Trd, 000148.100, 164
Trd, 000150.067, 163
Trd, 000150.800, 163
Trd, 000150.817, 162
Trd, 000150.967, 161
Trd, 000151.233, 162
Trd, 000151.400, 162
Trd, 000151.933, 163
Trd, 000152.717, 160
Trd, 000152.883, 159
Trd, 000153.167, 162
Trd, 000153.233, 160
Trd, 000153.767, 163
Trd, 000154.967, 160
Trd, 000155.150, 161
Trd, 000155.233, 160
Trd, 000155.450, 165
Trd, 000155.500, 166
Trd, 000156.483, 168
Trd, 000156.967, 169
Trd, 000157.533, 168
Trd, 000157.800, 167
Trd, 000159.233, 168
Trd, 000159.467, 169
Trd, 000159.767, 168
Trd, 000160.700, 170
Trd, 000161.750, 167
Trd, 000162.900, 166
Trd, 000163.133, 166
Trd, 000163.383, 165
Trd, 000163.917, 164
Trd, 000164.083, 166
Trd, 000165.283, 166
Trd, 000165.850, 167
Trd, 000165.933, 164
Trd, 000166.883, 166
Trd, 000166.900, 165
Trd, 000167.250, 165
Trd, 000167.650, 165
Trd, 000169.200, 165
Trd, 000169.267, 167
Trd, 000169.417, 165
Trd, 000169.867, 164
Trd, 000169.967, 161
Trd, 000170.217, 167
Trd, 000171.933, 160
Trd, 000172.150, 163
Trd, 000172.500, 165
Trd, 000174.150, 162
Trd, 000174.533, 161
Trd, 000174.550, 162
Trd, 000174.583, 159
Trd, 000174.650, 159
Trd, 000175.200, 161
Trd, 000175.917, 160
Trd, 000176.183, 164
Trd, 000176.350, 168
Trd, 000176.367, 180
Trd, 000176.550, 159
Trd, 000178.850, 175
Trd, 000179.550, 165
Trd, 000179.767, 171
Trd, 000180.283, 164
Trd, 000180.467, 171
Trd, 000181.717, 165
Trd, 000181.900, 165
Trd, 000182.067, 162
Trd, 000182.867, 163
Trd, 000183.450, 162
Trd, 000183.883, 166
Trd, 000183.933, 165
Trd, 000183.950, 162
Trd, 000184.383, 164
Trd, 000184.933, 165
Trd, 000185.550, 165
Trd, 000185.767, 164
Trd, 000187.533, 165
Trd, 000187.950, 163
Trd, 000188.783, 166
Trd, 000188.817, 166
Trd, 000189.883, 164
Trd, 000190.700, 163
Trd, 000190.850, 167
Trd, 000190.950, 168
Trd, 000191.517, 168
Trd, 000191.700, 163
Trd, 000192.767, 168
Trd, 000192.800, 170
Trd, 000193.500, 163
Trd, 000193.583, 172
Trd, 000195.283, 170
Trd, 000195.450, 165
Trd, 000196.300, 168
Trd, 000196.583, 164
Trd, 000197.950, 167
Trd, 000198.267, 169
Trd, 000198.583, 167
Trd, 000199.333, 168
Trd, 000199.533, 167
Trd, 000199.767, 169
Trd, 000200.350, 178
Trd, 000200.517, 169
Trd, 000201.200, 168
Trd, 000201.667, 169
Trd, 000202.083, 171
Trd, 000202.167, 165
Trd, 000204.033, 170
Trd, 000204.233, 166
Trd, 000204.683, 165
Trd, 000205.033, 164
Trd, 000205.650, 163
Trd, 000205.750, 163
Trd, 000206.300, 167
Trd, 000206.333, 163
Trd, 000207.067, 162
Trd, 000207.567, 171
Trd, 000208.750, 169
Trd, 000209.033, 168
Trd, 000209.667, 169
Trd, 000210.183, 167
Trd, 000210.217, 165
Trd, 000210.367, 169
Trd, 000211.000, 165
Trd, 000211.150, 170
Trd, 000211.917, 171
Trd, 000211.933, 172
Trd, 000212.117, 169
Trd, 000212.433, 179
Trd, 000213.567, 169
Trd, 000214.100, 165
Trd, 000214.417, 167
Trd, 000215.083, 168
Trd, 000215.333, 166
Trd, 000215.550, 165
Trd, 000215.933, 158
Trd, 000216.617, 155
Trd, 000216.850, 160
Trd, 000217.583, 158
Trd, 000217.750, 165
Trd, 000219.617, 162
Trd, 000219.767, 162
Trd, 000220.367, 163
Trd, 000220.650, 163
Trd, 000220.733, 165
Trd, 000220.883, 173
Trd, 000221.283, 178
Trd, 000222.433, 180
Trd, 000222.617, 168
Trd, 000222.883, 167
Trd, 000223.217, 167
Trd, 000223.500, 177
Trd, 000223.600, 165
Trd, 000225.867, 166
Trd, 000225.917, 167
Trd, 000225.983, 166
Trd, 000226.233, 163
Trd, 000226.700, 168
Trd, 000226.733, 169
Trd, 000227.950, 170
Trd, 000229.317, 167
Trd, 000229.367, 163
Trd, 000229.417, 170
Trd, 000230.750, 170
Trd, 000232.067, 170
Trd, 000232.167, 169
Trd, 000232.967, 168
Trd, 000233.150, 167
Trd, 000233.583, 170
Trd, 000234.367, 170
Trd, 000234.717, 171
Trd, 000235.183, 170
Trd, 000235.450, 174
Trd, 000236.250, 173
Trd, 000236.583, 173
Trd, 000236.767, 174
Trd, 000239.017, 174
Trd, 000239.150, 175
Trd, 000239.217, 171
Trd, 000239.367, 169
Trd, 000240.217, 175
Trd, 000240.400, 179
Trd, 000240.700, 169
Trd, 000240.783, 179
Trd, 000241.850, 175
Trd, 000241.900, 172
Trd, 000241.967, 177
Trd, 000242.733, 175
Trd, 000243.433, 175
Trd, 000243.467, 173
Trd, 000244.467, 175
Trd, 000244.633, 176
Trd, 000244.683, 174
Trd, 000245.583, 177
Trd, 000245.883, 175
Trd, 000246.600, 172
Trd, 000246.783, 176
Trd, 000246.983, 177
Trd, 000247.767, 172
Trd, 000248.417, 171
Trd, 000249.200, 170
Trd, 000249.533, 172
Trd, 000249.867, 169
Trd, 000249.967, 172
Trd, 000250.350, 166
Trd, 000250.850, 172
Trd, 000250.867, 171
Trd, 000251.433, 172
Trd, 000251.600, 171
Trd, 000252.383, 164
Trd, 000252.583, 167
Trd, 000253.333, 176
Trd, 000253.633, 171
Trd, 000253.733, 171
Trd, 000254.700, 176
Trd, 000254.833, 174
Trd, 000255.883, 172
Trd, 000256.167, 174
Trd, 000256.500, 175
Trd, 000256.883, 174
Trd, 000257.633, 175
Trd, 000257.683, 171
Trd, 000257.933, 170
Trd, 000258.867, 171
Trd, 000258.967, 169
Trd, 000259.917, 173
Trd, 000260.000, 170
Trd, 000260.283, 172
Trd, 000261.217, 171
Trd, 000261.767, 173
Trd, 000261.783, 170
Trd, 000262.200, 170
Trd, 000262.400, 176
Trd, 000262.600, 176
Trd, 000263.100, 172
Trd, 000263.833, 174
Trd, 000263.917, 174
Trd, 000264.117, 170
Trd, 000265.367, 174
Trd, 000265.433, 175
Trd, 000265.983, 173
Trd, 000267.433, 174
Trd, 000267.583, 173
Trd, 000268.200, 174
Trd, 000268.367, 173
Trd, 000268.450, 175
Trd, 000268.617, 175
Trd, 000268.650, 171
Trd, 000269.700, 174
Trd, 000269.850, 176
Trd, 000270.200, 173
Trd, 000270.933, 176
Trd, 000271.283, 182
Trd, 000271.550, 175
Trd, 000271.783, 174
Trd, 000271.800, 178
Trd, 000272.067, 172
Trd, 000272.450, 185
Trd, 000273.417, 178
Trd, 000273.767, 178
Trd, 000274.017, 179
Trd, 000275.067, 180
Trd, 000275.150, 181
Trd, 000275.233, 171
Trd, 000275.650, 168
Trd, 000275.700, 175
Trd, 000276.283, 175
Trd, 000276.400, 179
Trd, 000278.233, 176
Trd, 000278.817, 182
Trd, 000279.100, 181
Trd, 000279.367, 177
Trd, 000280.267, 176
Trd, 000280.533, 174
Trd, 000280.983, 178
Trd, 000281.000, 175
Trd, 000281.083, 179
Trd, 000281.117, 174
Trd, 000281.400, 180
Trd, 000281.500, 172
Trd, 000282.200, 172
Trd, 000283.033, 169
Trd, 000283.350, 174
Trd, 000284.050, 173
Trd, 000284.617, 174
Trd, 000284.750, 172
Trd, 000284.883, 174
Trd, 000284.983, 171
Trd, 000285.117, 176
Trd, 000285.283, 179
Trd, 000285.467, 173
Trd, 000285.967, 172
Trd, 000287.033, 175
Trd, 000287.300, 170
Trd, 000288.317, 173
Trd, 000288.483, 173
Trd, 000288.933, 173
Trd, 000289.317, 176
Trd, 000289.417, 170
Trd, 000289.483, 169
Trd, 000289.667, 167
Trd, 000289.767, 177
Trd, 000291.583, 173
Trd, 000291.667, 172
Trd, 000291.867, 174
Trd, 000292.150, 180
Trd, 000292.900, 184
Trd, 000293.900, 175
Trd, 000294.100, 177
Trd, 000294.617, 174
Trd, 000294.650, 174
Trd, 000296.000, 180
Trd, 000296.317, 180
Trd, 000296.500, 174
Trd, 000296.950, 170
Trd, 000297.933, 174
Trd, 000298.150, 174
Trd, 000298.267, 177
Trd, 000299.650, 175
