Trd, 000000.867, 170
Trd, 000002.283, 121
Trd, 000002.317, 134
Trd, 000002.733, 140
Trd, 000003.150, 133
Trd, 000004.183, 148
Trd, 000004.917, 126
Trd, 000005.617, 150
Trd, 000006.533, 134
Trd, 000006.717, 135
Trd, 000007.017, 154
Trd, 000008.317, 144
Trd, 000009.350, 145
Trd, 000010.067, 156
Trd, 000010.483, 160
Trd, 000011.217, 157
Trd, 000011.433, 143
Trd, 000012.150, 145
Trd, 000014.067, 161
Trd, 000014.917, 148
Trd, 000015.417, 152
Trd, 000015.800, 149
Trd, 000015.850, 143
Trd, 000016.000, 150
Trd, 000016.183, 152
Trd, 000016.217, 164
Trd, 000016.467, 135
Trd, 000018.783, 148
Trd, 000018.800, 148
Trd, 000018.883, 152
Trd, 000019.300, 146
Trd, 000019.650, 146
Trd, 000020.367, 143
Trd, 000020.767, 150
Trd, 000020.900, 156
Trd, 000021.550, 136
Trd, 000021.717, 128
Trd, 000022.950, 142
Trd, 000023.383, 145
Trd, 000024.767, 157
Trd, 000026.717, 149
Trd, 000026.750, 158
Trd, 000027.300, 146
Trd, 000028.500, 149
Trd, 000028.667, 146
Trd, 000028.983, 153
Trd, 000029.533, 146
Trd, 000029.883, 144
Trd, 000030.700, 144
Trd, 000031.300, 146
Trd, 000031.433, 147
Trd, 000032.000, 137
Trd, 000032.717, 157
Trd, 000033.233, 158
Trd, 000034.183, 166
Trd, 000034.567, 151
Trd, 000036.250, 148
Trd, 000036.300, 147
Trd, 000036.467, 163
Trd, 000037.517, 161
Trd, 000037.567, 149
Trd, 000037.900, 149
Trd, 000038.250, 138
Trd, 000038.600, 159
Trd, 000038.733, 145
Trd, 000038.817, 130
Trd, 000039.600, 145
Trd, 000042.300, 154
Trd, 000044.050, 154
Trd, 000044.933, 148
Trd, 000045.050, 156
Trd, 000045.633, 156
Trd, 000045.917, 158
Trd, 000046.083, 169
Trd, 000046.183, 159
Trd, 000047.050, 151
Trd, 000047.617, 161
Trd, 000048.717, 151
Trd, 000049.533, 160
Trd, 000049.983, 152
Trd, 000050.017, 149
Trd, 000050.100, 146
Trd, 000051.950, 163
Trd, 000051.967, 170
Trd, 000052.117, 151
Trd, 000052.267, 150
Trd, 000053.950, 146
Trd, 000055.317, 157
Trd, 000056.217, 149
Trd, 000056.800, 149
Trd, 000056.950, 150
Trd, 000057.083, 151
Trd, 000057.767, 149
Trd, 000057.867, 156
Trd, 000059.467, 150
Trd, 000059.917, 150
Trd, 000060.150, 155
Trd, 000060.233, 138
Trd, 000060.750, 146
Trd, 000060.883, 134
Trd, 000062.333, 155
Trd, 000063.467, 151
Trd, 000065.367, 155
Trd, 000065.533, 158
Trd, 000065.583, 151
Trd, 000065.683, 161
Trd, 000066.367, 171
Trd, 000067.400, 157
Trd, 000067.733, 167
Trd, 000070.317, 157
Trd, 000070.667, 154
Trd, 000070.683, 151
Trd, 000071.000, 144
Trd, 000071.850, 150
Trd, 000072.967, 149
Trd, 000073.933, 150
Trd, 000074.483, 148
Trd, 000074.967, 152
Trd, 000075.567, 151
Trd, 000077.767, 159
Trd, 000078.850, 160
Trd, 000079.033, 153
Trd, 000079.617, 152
Trd, 000079.667, 163
Trd, 000080.917, 162
Trd, 000081.267, 153
Trd, 000081.683, 152
Trd, 000082.750, 161
Trd, 000083.783, 154
Trd, 000083.983, 162
Trd, 000084.367, 152
Trd, 000085.517, 151
Trd, 000086.083, 159
Trd, 000086.417, 149
Trd, 000088.017, 152
Trd, 000089.250, 155
Trd, 000089.550, 151
Trd, 000089.883, 158
Trd, 000091.400, 156
Trd, 000091.450, 154
Trd, 000091.500, 151
Trd, 000092.250, 151
Trd, 000093.183, 154
Trd, 000094.433, 150
Trd, 000095.250, 154
Trd, 000095.883, 154
Trd, 000096.117, 159
Trd, 000097.333, 151
Trd, 000097.967, 157
Trd, 000098.483, 157
Trd, 000099.683, 152
Trd, 000100.050, 165
Trd, 000100.617, 164
Trd, 000101.800, 159
Trd, 000102.583, 158
Trd, 000102.900, 157
Trd, 000102.967, 165
Trd, 000103.567, 172
Trd, 000104.017, 173
Trd, 000105.450, 160
Trd, 000106.000, 164
Trd, 000106.217, 160
Trd, 000106.600, 165
Trd, 000107.450, 157
Trd, 000107.850, 156
Trd, 000108.000, 151
Trd, 000108.050, 144
Trd, 000108.117, 164
Trd, 000108.400, 165
Trd, 000110.850, 159
Trd, 000111.367, 159
Trd, 000111.517, 160
Trd, 000111.700, 166
Trd, 000112.333, 157
Trd, 000112.950, 169
Trd, 000114.133, 169
Trd, 000114.533, 175
Trd, 000115.150, 152
Trd, 000116.033, 145
Trd, 000116.567, 139
Trd, 000117.200, 139
Trd, 000117.717, 132
Trd, 000118.133, 145
Trd, 000118.783, 146
Trd, 000119.583, 146
Trd, 000119.833, 145
Trd, 000120.317, 149
Trd, 000121.750, 160
Trd, 000122.167, 167
Trd, 000123.183, 162
Trd, 000125.167, 161
Trd, 000125.800, 160
Trd, 000125.950, 158
Trd, 000126.883, 168
Trd, 000126.983, 154
Trd, 000127.500, 153
Trd, 000127.733, 169
Trd, 000127.950, 170
Trd, 000128.217, 159
Trd, 000128.233, 156
Trd, 000128.383, 154
Trd, 000129.133, 170
Trd, 000129.967, 177
Trd, 000130.583, 160
Trd, 000131.417, 157
Trd, 000132.133, 168
Trd, 000132.217, 175
Trd, 000132.683, 156
Trd, 000134.033, 147
Trd, 000134.083, 140
Trd, 000134.683, 168
Trd, 000135.283, 150
Trd, 000136.050, 154
Trd, 000137.350, 157
Trd, 000137.450, 161
Trd, 000138.117, 156
Trd, 000138.833, 153
Trd, 000140.033, 157
Trd, 000140.183, 159
Trd, 000141.033, 162
Trd, 000142.467, 156
Trd, 000142.500, 160
Trd, 000143.767, 162
Trd, 000144.933, 160
Trd, 000145.233, 163
Trd, 000146.383, 158
Trd, 000146.550, 164
Trd, 000146.633, 168
Trd, 000147.067, 162
Trd, 000147.650, 168
Trd, 000148.483, 169
Trd, 000148.817, 162
Trd, 000149.917, 170
Trd, 000151.450, 162
Trd, 000151.950, 166
Trd, 000152.133, 161
Trd, 000153.400, 159
Trd, 000153.650, 159
Trd, 000153.950, 161
Trd, 000154.983, 159
Trd, 000156.100, 159
Trd, 000156.983, 158
Trd, 000157.067, 170
Trd, 000158.183, 165
Trd, 000158.683, 158
Trd, 000159.167, 166
Trd, 000160.567, 162
Trd, 000160.933, 171
Trd, 000161.533, 161
Trd, 000161.600, 181
Trd, 000162.100, 154
Trd, 000162.367, 171
Trd, 000162.733, 181
Trd, 000162.983, 150
Trd, 000163.417, 141
Trd, 000163.783, 142
Trd, 000164.800, 157
Trd, 000166.133, 158
Trd, 000166.550, 157
Trd, 000167.517, 155
Trd, 000167.583, 150
Trd, 000168.383, 161
Trd, 000168.567, 178
Trd, 000168.950, 159
Trd, 000169.300, 182
Trd, 000170.017, 158
Trd, 000170.867, 169
Trd, 000170.900, 151
Trd, 000171.867, 167
Trd, 000172.117, 151
Trd, 000172.300, 170
Trd, 000172.733, 170
Trd, 000173.483, 159
Trd, 000174.933, 164
Trd, 000174.967, 171
Trd, 000175.083, 163
Trd, 000175.117, 172
Trd, 000175.333, 158
Trd, 000176.200, 163
Trd, 000176.233, 175
Trd, 000176.350, 154
Trd, 000176.867, 161
Trd, 000178.983, 159
Trd, 000179.017, 150
Trd, 000180.017, 141
Trd, 000180.650, 152
Trd, 000180.917, 154
Trd, 000180.967, 163
Trd, 000182.267, 160
Trd, 000182.933, 171
Trd, 000183.433, 163
Trd, 000183.933, 160
Trd, 000184.617, 160
Trd, 000185.600, 160
Trd, 000185.750, 167
Trd, 000186.200, 171
Trd, 000188.750, 173
Trd, 000188.833, 162
Trd, 000188.867, 183
Trd, 000188.917, 162
Trd, 000189.867, 160
Trd, 000191.017, 160
Trd, 000191.083, 153
Trd, 000191.517, 177
Trd, 000192.150, 175
Trd, 000193.033, 172
Trd, 000193.817, 172
Trd, 000193.983, 163
Trd, 000194.367, 181
Trd, 000194.450, 184
Trd, 000194.733, 145
Trd, 000195.650, 166
Trd, 000196.050, 161
Trd, 000197.350, 160
Trd, 000197.383, 164
Trd, 000197.733, 165
Trd, 000199.617, 166
Trd, 000199.767, 162
Trd, 000199.933, 162
Trd, 000202.833, 175
Trd, 000203.567, 175
Trd, 000203.583, 164
Trd, 000203.933, 175
Trd, 000204.517, 179
Trd, 000205.500, 166
Trd, 000205.867, 167
Trd, 000206.217, 167
Trd, 000206.583, 164
Trd, 000208.017, 165
Trd, 000208.400, 173
Trd, 000208.700, 175
Trd, 000209.083, 176
Trd, 000209.317, 166
Trd, 000209.750, 162
Trd, 000210.167, 176
Trd, 000211.200, 186
Trd, 000212.833, 173
Trd, 000213.600, 186
Trd, 000213.700, 164
Trd, 000214.367, 175
Trd, 000215.567, 176
Trd, 000216.250, 167
Trd, 000216.933, 166
Trd, 000217.100, 165
Trd, 000217.533, 173
Trd, 000217.967, 176
Trd, 000218.500, 167
Trd, 000218.517, 166
Trd, 000219.683, 166
Trd, 000220.100, 175
Trd, 000221.067, 166
Trd, 000221.250, 170
Trd, 000223.117, 169
Trd, 000223.200, 169
Trd, 000223.283, 167
Trd, 000223.967, 168
Trd, 000225.033, 172
Trd, 000225.550, 177
Trd, 000226.250, 163
Trd, 000227.000, 167
Trd, 000227.633, 167
Trd, 000227.933, 175
Trd, 000228.500, 179
Trd, 000229.033, 167
Trd, 000229.133, 174
Trd, 000229.417, 177
Trd, 000231.383, 172
Trd, 000231.900, 176
Trd, 000231.917, 188
Trd, 000233.000, 170
Trd, 000233.833, 164
Trd, 000234.800, 174
Trd, 000235.450, 168
Trd, 000237.050, 173
Trd, 000237.283, 175
Trd, 000239.067, 187
Trd, 000239.483, 169
Trd, 000239.733, 168
Trd, 000240.217, 177
Trd, 000240.800, 174
Trd, 000241.067, 172
Trd, 000241.667, 174
Trd, 000242.017, 172
Trd, 000242.683, 171
Trd, 000242.800, 168
Trd, 000243.017, 171
Trd, 000243.883, 171
Trd, 000244.100, 158
Trd, 000244.833, 168
Trd, 000245.450, 179
Trd, 000246.467, 177
Trd, 000246.733, 179
Trd, 000247.083, 177
Trd, 000247.400, 179
Trd, 000247.500, 177
Trd, 000247.633, 173
Trd, 000248.233, 174
Trd, 000248.367, 171
Trd, 000249.483, 172
Trd, 000250.000, 174
Trd, 000250.700, 171
Trd, 000250.817, 159
Trd, 000252.117, 169
Trd, 000252.400, 170
Trd, 000252.450, 168
Trd, 000253.650, 171
Trd, 000253.783, 168
Trd, 000253.917, 169
Trd, 000254.117, 169
Trd, 000254.217, 166
Trd, 000254.483, 173
Trd, 000255.467, 177
Trd, 000255.933, 159
Trd, 000255.967, 168
Trd, 000256.317, 167
Trd, 000256.617, 166
Trd, 000257.533, 171
Trd, 000258.100, 176
Trd, 000258.500, 179
Trd, 000258.633, 180
Trd, 000259.033, 178
Trd, 000259.183, 183
Trd, 000260.417, 181
Trd, 000260.500, 183
Trd, 000260.900, 180
Trd, 000261.183, 180
Trd, 000261.333, 184
Trd, 000262.400, 181
Trd, 000263.117, 179
Trd, 000263.267, 182
Trd, 000263.383, 173
Trd, 000264.933, 178
Trd, 000265.100, 180
Trd, 000265.383, 177
Trd, 000265.700, 181
Trd, 000266.033, 174
Trd, 000266.417, 169
Trd, 000266.917, 178
Trd, 000266.983, 184
Trd, 000268.383, 178
Trd, 000268.583, 181
Trd, 000268.717, 185
Trd, 000269.067, 176
Trd, 000269.217, 175
Trd, 000269.567, 173
Trd, 000270.750, 173
Trd, 000270.900, 171
Trd, 000271.083, 167
Trd, 000272.183, 167
Trd, 000272.217, 167
Trd, 000272.900, 168
Trd, 000272.917, 167
Trd, 000273.367, 168
Trd, 000273.550, 171
Trd, 000273.767, 168
Trd, 000274.400, 168
Trd, 000274.567, 177
Trd, 000274.667, 175
Trd, 000274.867, 175
Trd, 000275.333, 175
Trd, 000275.650, 182
Trd, 000277.217, 171
Trd, 000277.383, 176
Trd, 000278.750, 176
Trd, 000279.450, 175
Trd, 000279.483, 176
Trd, 000280.083, 175
Trd, 000280.117, 180
Trd, 000280.583, 186
Trd, 000280.983, 193
Trd, 000281.800, 183
Trd, 000282.083, 175
Trd, 000282.100, 188
Trd, 000282.350, 194
Trd, 000282.600, 182
Trd, 000283.667, 190
Trd, 000283.917, 181
Trd, 000284.817, 178
Trd, 000285.550, 173
Trd, 000285.667, 174
Trd, 000285.750, 174
Trd, 000286.367, 173
Trd, 000286.400, 163
Trd, 000288.933, 170
Trd, 000289.117, 173
Trd, 000289.633, 172
Trd, 000290.033, 172
Trd, 000290.650, 171
Trd, 000290.867, 170
Trd, 000291.317, 170
Trd, 000291.583, 173
Trd, 000291.850, 169
Trd, 000292.083, 175
Trd, 000292.150, 177
Trd, 000292.183, 184
Trd, 000292.333, 192
Trd, 000293.033, 172
Trd, 000293.200, 176
Trd, 000293.867, 186
Trd, 000293.983, 175
Trd, 000294.117, 163
Trd, 000294.150, 187
Trd, 000294.450, 183
Trd, 000295.400, 182
Trd, 000295.900, 184
Trd, 000296.467, 185
Trd, 000296.700, 176
Trd, 000296.717, 173
Trd, 000297.300, 195
Trd, 000297.817, 202
Trd, 000298.183, 186
Trd, 000298.433, 195
Trd, 000298.550, 174
Trd, 000298.633, 198
Trd, 000298.650, 170
Trd, 000299.300, 202
