Trd, 000002.100, 119
Trd, 000002.667, 143
Trd, 000003.400, 136
Trd, 000004.800, 136
Trd, 000004.933, 139
Trd, 000005.200, 136
Trd, 000005.367, 135
Trd, 000006.150, 141
Trd, 000006.350, 151
Trd, 000006.550, 149
Trd, 000006.917, 147
Trd, 000008.567, 149
Trd, 000008.967, 157
Trd, 000010.083, 153
Trd, 000010.383, 153
Trd, 000010.900, 152
Trd, 000011.050, 153
Trd, 000011.617, 153
Trd, 000012.317, 151
Trd, 000012.733, 148
Trd, 000012.783, 151
Trd, 000012.983, 174
Trd, 000013.150, 158
Trd, 000013.867, 146
Trd, 000014.117, 140
Trd, 000015.167, 147
Trd, 000015.500, 149
Trd, 000015.567, 146
Trd, 000016.050, 153
Trd, 000017.067, 146
Trd, 000017.933, 145
Trd, 000018.900, 145
Trd, 000019.200, 143
Trd, 000019.350, 145
Trd, 000020.067, 144
Trd, 000020.500, 145
Trd, 000021.033, 150
Trd, 000021.050, 150
Trd, 000021.900, 152
Trd, 000022.400, 153
Trd, 000023.050, 162
Trd, 000023.717, 158
Trd, 000023.967, 156
Trd, 000024.750, 160
Trd, 000025.000, 161
Trd, 000025.700, 168
Trd, 000025.800, 161
Trd, 000026.050, 161
Trd, 000026.633, 160
Trd, 000027.200, 162
Trd, 000027.667, 165
Trd, 000027.733, 164
Trd, 000028.400, 177
Trd, 000030.533, 159
Trd, 000031.500, 160
Trd, 000031.950, 158
Trd, 000032.150, 157
Trd, 000032.267, 157
Trd, 000033.233, 158
Trd, 000033.700, 156
Trd, 000034.250, 151
Trd, 000035.417, 157
Trd, 000036.100, 157
Trd, 000036.500, 154
Trd, 000036.600, 154
Trd, 000036.933, 155
Trd, 000037.167, 154
Trd, 000037.283, 157
Trd, 000038.033, 160
Trd, 000039.300, 157
Trd, 000039.350, 153
Trd, 000039.983, 157
Trd, 000040.283, 158
Trd, 000041.267, 157
Trd, 000041.850, 158
Trd, 000041.917, 153
Trd, 000043.000, 152
Trd, 000044.600, 154
Trd, 000044.650, 148
Trd, 000044.667, 153
Trd, 000045.300, 152
Trd, 000045.667, 152
Trd, 000046.817, 154
Trd, 000047.417, 155
Trd, 000047.600, 156
Trd, 000048.317, 178
Trd, 000048.350, 179
Trd, 000048.567, 158
Trd, 000049.833, 180
Trd, 000050.050, 180
Trd, 000050.183, 177
Trd, 000051.050, 159
Trd, 000051.283, 157
Trd, 000051.317, 151
Trd, 000051.700, 175
Trd, 000051.733, 177
Trd, 000052.383, 176
Trd, 000052.700, 175
Trd, 000054.667, 154
Trd, 000055.117, 151
Trd, 000056.017, 160
Trd, 000056.833, 159
Trd, 000057.650, 158
Trd, 000058.000, 155
Trd, 000058.117, 157
Trd, 000058.133, 159
Trd, 000059.167, 158
Trd, 000059.517, 156
Trd, 000060.067, 158
Trd, 000060.750, 158
Trd, 000061.283, 161
Trd, 000061.450, 159
Trd, 000061.500, 156
Trd, 000062.100, 159
Trd, 000062.367, 157
Trd, 000063.083, 157
Trd, 000063.233, 160
Trd, 000064.750, 156
Trd, 000065.800, 156
Trd, 000066.383, 158
Trd, 000067.033, 155
Trd, 000067.717, 155
Trd, 000068.517, 155
Trd, 000068.617, 153
Trd, 000068.850, 151
Trd, 000069.117, 150
Trd, 000069.317, 152
Trd, 000070.083, 152
Trd, 000070.233, 154
Trd, 000070.450, 159
Trd, 000070.517, 182
Trd, 000070.867, 151
Trd, 000071.700, 167
Trd, 000072.383, 149
Trd, 000072.933, 155
Trd, 000073.383, 147
Trd, 000073.783, 148
Trd, 000074.000, 154
Trd, 000074.633, 159
Trd, 000075.117, 184
Trd, 000075.650, 151
Trd, 000075.933, 167
Trd, 000076.850, 163
Trd, 000077.133, 151
Trd, 000077.183, 150
Trd, 000078.050, 165
Trd, 000078.417, 156
Trd, 000078.683, 168
Trd, 000078.983, 156
Trd, 000079.333, 164
Trd, 000080.650, 167
Trd, 000080.700, 158
Trd, 000081.200, 167
Trd, 000081.600, 167
Trd, 000081.933, 160
Trd, 000082.233, 183
Trd, 000084.083, 177
Trd, 000084.133, 176
Trd, 000084.500, 177
Trd, 000084.667, 174
Trd, 000085.167, 173
Trd, 000085.750, 167
Trd, 000087.067, 165
Trd, 000087.100, 179
Trd, 000088.400, 165
Trd, 000089.033, 164
Trd, 000089.350, 175
Trd, 000089.967, 169
Trd, 000090.033, 170
Trd, 000090.333, 159
Trd, 000090.600, 157
Trd, 000090.667, 156
Trd, 000091.450, 155
Trd, 000092.283, 155
Trd, 000093.117, 154
Trd, 000093.317, 153
Trd, 000093.450, 155
Trd, 000093.583, 170
Trd, 000094.067, 184
Trd, 000095.267, 152
Trd, 000096.250, 167
Trd, 000096.733, 167
Trd, 000097.050, 168
Trd, 000097.250, 166
Trd, 000098.333, 168
Trd, 000098.517, 185
Trd, 000098.583, 166
Trd, 000099.833, 182
Trd, 000100.367, 180
Trd, 000100.950, 181
Trd, 000101.033, 180
Trd, 000101.250, 178
Trd, 000101.950, 179
Trd, 000102.000, 177
Trd, 000102.400, 180
Trd, 000103.183, 171
Trd, 000104.117, 163
Trd, 000105.633, 161
Trd, 000105.700, 160
Trd, 000105.750, 157
Trd, 000105.900, 159
Trd, 000106.367, 164
Trd, 000106.967, 159
Trd, 000107.667, 162
Trd, 000107.700, 163
Trd, 000108.300, 159
Trd, 000109.100, 164
Trd, 000109.833, 185
Trd, 000110.700, 163
Trd, 000111.217, 173
Trd, 000112.233, 184
Trd, 000112.750, 184
Trd, 000112.817, 186
Trd, 000112.850, 193
Trd, 000113.117, 183
Trd, 000113.933, 166
Trd, 000115.283, 176
Trd, 000115.383, 172
Trd, 000115.500, 168
Trd, 000116.017, 159
Trd, 000116.833, 158
Trd, 000118.267, 161
Trd, 000118.967, 156
Trd, 000119.833, 161
Trd, 000120.033, 161
Trd, 000120.350, 158
Trd, 000120.850, 162
Trd, 000121.033, 159
Trd, 000121.517, 163
Trd, 000121.800, 160
Trd, 000121.967, 164
Trd, 000122.767, 188
Trd, 000123.383, 191
Trd, 000123.800, 187
Trd, 000124.167, 190
Trd, 000124.833, 170
Trd, 000125.000, 170
Trd, 000125.200, 169
Trd, 000126.233, 169
Trd, 000126.417, 170
Trd, 000127.167, 171
Trd, 000127.267, 172
Trd, 000127.367, 168
Trd, 000127.883, 174
Trd, 000130.133, 171
Trd, 000130.217, 169
Trd, 000130.317, 172
Trd, 000130.467, 166
Trd, 000130.667, 167
Trd, 000131.933, 173
Trd, 000132.817, 185
Trd, 000132.950, 169
Trd, 000133.750, 175
Trd, 000134.383, 168
Trd, 000134.417, 175
Trd, 000135.200, 165
Trd, 000135.467, 173
Trd, 000135.567, 160
Trd, 000136.417, 170
Trd, 000136.833, 162
Trd, 000136.917, 160
Trd, 000137.317, 165
Trd, 000137.533, 160
Trd, 000138.550, 161
Trd, 000138.817, 162
Trd, 000139.083, 167
Trd, 000139.100, 189
Trd, 000139.600, 166
Trd, 000140.750, 167
Trd, 000140.900, 170
Trd, 000141.750, 167
Trd, 000141.967, 168
Trd, 000142.367, 168
Trd, 000143.150, 168
Trd, 000143.783, 188
Trd, 000144.117, 186
Trd, 000144.650, 180
Trd, 000144.783, 183
Trd, 000145.717, 170
Trd, 000147.267, 181
Trd, 000147.400, 176
Trd, 000147.733, 181
Trd, 000149.983, 179
Trd, 000150.017, 174
Trd, 000150.883, 177
Trd, 000151.117, 177
Trd, 000151.900, 172
Trd, 000152.150, 177
Trd, 000152.233, 179
Trd, 000152.967, 190
Trd, 000153.150, 168
Trd, 000153.767, 173
Trd, 000154.367, 170
Trd, 000155.883, 176
Trd, 000155.917, 171
Trd, 000156.667, 174
Trd, 000157.350, 172
Trd, 000157.483, 174
Trd, 000157.933, 174
Trd, 000158.150, 175
Trd, 000159.217, 177
Trd, 000159.400, 188
Trd, 000159.433, 191
Trd, 000159.683, 173
Trd, 000160.967, 176
Trd, 000161.033, 183
Trd, 000161.467, 188
Trd, 000163.233, 176
Trd, 000163.683, 179
Trd, 000163.833, 174
Trd, 000164.333, 179
Trd, 000164.350, 162
Trd, 000164.983, 164
Trd, 000165.250, 172
Trd, 000165.617, 171
Trd, 000166.867, 163
Trd, 000167.433, 163
Trd, 000168.217, 164
Trd, 000169.733, 164
Trd, 000169.917, 164
Trd, 000170.133, 164
Trd, 000170.317, 165
Trd, 000170.600, 162
Trd, 000171.283, 166
Trd, 000172.033, 161
Trd, 000172.850, 166
Trd, 000173.500, 167
Trd, 000173.700, 160
Trd, 000174.483, 164
Trd, 000175.200, 164
Trd, 000175.467, 164
Trd, 000175.750, 165
Trd, 000176.183, 167
Trd, 000177.250, 166
Trd, 000177.350, 168
Trd, 000177.700, 169
Trd, 000177.767, 164
Trd, 000178.300, 163
Trd, 000178.383, 173
Trd, 000179.067, 162
Trd, 000179.517, 161
Trd, 000179.633, 171
Trd, 000179.917, 172
Trd, 000180.217, 197
Trd, 000181.367, 166
Trd, 000182.833, 171
Trd, 000184.600, 169
Trd, 000184.633, 170
Trd, 000185.250, 167
Trd, 000185.300, 172
Trd, 000185.533, 174
Trd, 000186.233, 170
Trd, 000186.250, 167
Trd, 000187.117, 167
Trd, 000187.267, 166
Trd, 000187.783, 163
Trd, 000187.867, 167
Trd, 000187.917, 158
Trd, 000189.250, 166
Trd, 000189.383, 167
Trd, 000189.650, 193
Trd, 000189.767, 163
Trd, 000190.300, 191
Trd, 000191.417, 175
Trd, 000191.983, 165
Trd, 000192.133, 175
Trd, 000192.417, 181
Trd, 000193.167, 194
Trd, 000193.783, 179
Trd, 000195.383, 160
Trd, 000195.567, 160
Trd, 000196.583, 164
Trd, 000196.883, 165
Trd, 000196.917, 164
Trd, 000197.333, 164
Trd, 000198.200, 164
Trd, 000198.333, 165
Trd, 000198.633, 171
Trd, 000199.733, 166
Trd, 000200.167, 168
Trd, 000200.317, 168
Trd, 000200.483, 170
Trd, 000201.033, 189
Trd, 000201.400, 179
Trd, 000202.917, 194
Trd, 000203.800, 192
Trd, 000203.867, 184
Trd, 000204.150, 181
Trd, 000205.100, 180
Trd, 000205.233, 181
Trd, 000206.083, 182
Trd, 000206.483, 178
Trd, 000207.900, 177
Trd, 000208.083, 176
Trd, 000208.700, 178
Trd, 000208.783, 178
Trd, 000209.117, 170
Trd, 000209.733, 194
Trd, 000209.917, 193
Trd, 000210.483, 174
Trd, 000211.650, 177
Trd, 000212.017, 189
Trd, 000212.933, 171
Trd, 000213.000, 170
Trd, 000213.117, 183
Trd, 000215.167, 180
Trd, 000215.300, 179
Trd, 000216.117, 179
Trd, 000216.283, 178
Trd, 000216.333, 177
Trd, 000216.417, 181
Trd, 000216.867, 195
Trd, 000217.600, 176
Trd, 000217.667, 168
Trd, 000218.033, 170
Trd, 000219.683, 176
Trd, 000220.017, 177
Trd, 000220.733, 177
Trd, 000221.283, 177
Trd, 000221.300, 180
Trd, 000221.333, 197
Trd, 000221.650, 182
Trd, 000222.583, 194
Trd, 000222.600, 177
Trd, 000223.400, 176
Trd, 000223.900, 189
Trd, 000224.900, 170
Trd, 000225.733, 178
Trd, 000225.850, 174
Trd, 000226.667, 179
Trd, 000226.967, 191
Trd, 000227.783, 182
Trd, 000228.517, 197
Trd, 000230.217, 185
Trd, 000230.600, 186
Trd, 000230.650, 185
Trd, 000230.800, 185
Trd, 000231.117, 184
Trd, 000231.750, 185
Trd, 000231.983, 188
Trd, 000232.067, 179
Trd, 000232.417, 171
Trd, 000233.250, 175
Trd, 000233.400, 167
Trd, 000233.917, 171
Trd, 000234.083, 172
Trd, 000234.450, 171
Trd, 000234.983, 196
Trd, 000235.717, 195
Trd, 000237.267, 182
Trd, 000238.200, 184
Trd, 000238.350, 198
Trd, 000238.650, 184
Trd, 000239.350, 184
Trd, 000239.683, 183
Trd, 000240.483, 183
Trd, 000240.533, 185
Trd, 000240.667, 186
Trd, 000240.950, 181
Trd, 000241.317, 185
Trd, 000241.383, 186
Trd, 000241.950, 185
Trd, 000242.467, 190
Trd, 000242.583, 181
Trd, 000242.667, 192
Trd, 000243.883, 181
Trd, 000244.233, 184
Trd, 000244.267, 180
Trd, 000244.900, 180
Trd, 000244.983, 181
Trd, 000245.350, 179
Trd, 000245.900, 182
Trd, 000245.933, 175
Trd, 000246.550, 177
Trd, 000247.167, 179
Trd, 000247.350, 180
Trd, 000247.483, 180
Trd, 000248.067, 179
Trd, 000248.283, 181
Trd, 000248.417, 179
Trd, 000249.867, 178
Trd, 000250.750, 179
Trd, 000251.283, 181
Trd, 000251.367, 182
Trd, 000251.683, 181
Trd, 000251.700, 182
Trd, 000251.717, 180
Trd, 000251.950, 177
Trd, 000252.667, 180
Trd, 000252.983, 181
Trd, 000253.067, 180
Trd, 000253.450, 181
Trd, 000254.317, 177
Trd, 000254.650, 177
Trd, 000254.950, 181
Trd, 000255.167, 193
Trd, 000255.700, 200
Trd, 000255.800, 198
Trd, 000256.567, 197
Trd, 000257.617, 191
Trd, 000257.867, 186
Trd, 000258.383, 186
Trd, 000259.283, 183
Trd, 000259.717, 186
Trd, 000260.167, 188
Trd, 000260.733, 186
Trd, 000260.900, 187
Trd, 000261.517, 185
Trd, 000261.783, 181
Trd, 000262.067, 180
Trd, 000262.233, 177
Trd, 000262.367, 173
Trd, 000262.500, 178
Trd, 000262.667, 170
Trd, 000263.250, 171
Trd, 000263.933, 178
Trd, 000264.950, 194
Trd, 000265.067, 182
Trd, 000265.383, 184
Trd, 000266.017, 186
Trd, 000266.317, 185
Trd, 000266.417, 181
Trd, 000266.983, 178
Trd, 000267.117, 180
Trd, 000268.017, 176
Trd, 000268.200, 184
Trd, 000269.650, 183
Trd, 000269.817, 175
Trd, 000270.167, 182
Trd, 000270.900, 177
Trd, 000271.333, 178
Trd, 000271.433, 180
Trd, 000271.550, 181
Trd, 000271.617, 176
Trd, 000271.733, 178
Trd, 000272.033, 175
Trd, 000272.467, 182
Trd, 000272.650, 182
Trd, 000273.050, 174
Trd, 000273.083, 175
Trd, 000273.700, 173
Trd, 000273.750, 175
Trd, 000273.917, 178
Trd, 000274.200, 172
Trd, 000274.617, 176
Trd, 000274.800, 172
Trd, 000274.917, 172
Trd, 000275.283, 175
Trd, 000275.667, 176
Trd, 000276.067, 176
Trd, 000276.200, 174
Trd, 000276.850, 177
Trd, 000277.817, 173
Trd, 000278.550, 174
Trd, 000278.983, 176
Trd, 000279.100, 179
Trd, 000279.633, 173
Trd, 000280.283, 179
Trd, 000280.517, 174
Trd, 000281.650, 180
Trd, 000281.900, 185
Trd, 000282.000, 186
Trd, 000282.550, 195
Trd, 000282.583, 187
Trd, 000283.150, 183
Trd, 000283.667, 195
Trd, 000284.017, 196
Trd, 000284.033, 185
Trd, 000285.450, 180
Trd, 000286.517, 181
Trd, 000287.483, 180
Trd, 000288.067, 179
Trd, 000288.183, 181
Trd, 000288.533, 178
Trd, 000288.550, 177
Trd, 000288.633, 181
Trd, 000290.000, 180
Trd, 000290.217, 175
Trd, 000290.250, 187
Trd, 000290.967, 176
Trd, 000291.367, 186
Trd, 000291.500, 191
Trd, 000291.867, 196
Trd, 000292.100, 174
Trd, 000292.633, 177
Trd, 000292.883, 197
Trd, 000293.067, 198
Trd, 000293.283, 197
Trd, 000293.467, 184
Trd, 000294.383, 176
Trd, 000294.567, 191
Trd, 000294.583, 194
Trd, 000295.100, 182
Trd, 000295.267, 201
Trd, 000295.317, 179
Trd, 000296.350, 189
Trd, 000296.483, 180
Trd, 000296.967, 173
Trd, 000297.217, 188
Trd, 000297.367, 174
Trd, 000297.917, 173
Trd, 000298.133, 185
Trd, 000299.200, 178
Trd, 000299.250, 183
Trd, 000299.617, 177
