Trd, 000000.567, 122
Trd, 000001.183, 127
Trd, 000003.417, 151
Trd, 000004.533, 156
Trd, 000004.917, 155
Trd, 000006.083, 154
Trd, 000006.467, 155
Trd, 000006.783, 154
Trd, 000006.833, 149
Trd, 000007.333, 144
Trd, 000008.000, 127
Trd, 000008.500, 153
Trd, 000009.467, 142
Trd, 000009.883, 138
Trd, 000010.000, 138
Trd, 000010.633, 142
Trd, 000011.183, 143
Trd, 000011.867, 140
Trd, 000012.233, 140
Trd, 000013.417, 141
Trd, 000013.917, 141
Trd, 000013.983, 141
Trd, 000014.467, 142
Trd, 000015.267, 141
Trd, 000015.833, 142
Trd, 000016.267, 152
Trd, 000016.400, 139
Trd, 000016.733, 156
Trd, 000017.433, 150
Trd, 000019.117, 153
Trd, 000019.183, 153
Trd, 000019.383, 153
Trd, 000019.917, 153
Trd, 000020.250, 152
Trd, 000020.833, 153
Trd, 000022.000, 151
Trd, 000023.650, 152
Trd, 000023.883, 151
Trd, 000024.367, 153
Trd, 000025.667, 155
Trd, 000026.050, 154
Trd, 000026.167, 153
Trd, 000026.433, 154
Trd, 000026.533, 155
Trd, 000029.150, 154
Trd, 000029.967, 155
Trd, 000030.400, 154
Trd, 000030.517, 155
Trd, 000030.783, 153
Trd, 000031.200, 156
Trd, 000032.417, 153
Trd, 000032.567, 155
Trd, 000034.267, 152
Trd, 000034.350, 154
Trd, 000034.700, 155
Trd, 000035.283, 155
Trd, 000036.000, 153
Trd, 000037.317, 154
Trd, 000037.583, 154
Trd, 000038.517, 155
Trd, 000038.533, 156
Trd, 000038.983, 152
Trd, 000039.667, 154
Trd, 000040.400, 153
Trd, 000041.233, 154
Trd, 000041.267, 154
Trd, 000041.467, 152
Trd, 000041.800, 150
Trd, 000042.200, 153
Trd, 000042.450, 154
Trd, 000042.633, 150
Trd, 000042.900, 148
Trd, 000046.817, 151
Trd, 000046.883, 149
Trd, 000047.300, 151
Trd, 000047.717, 149
Trd, 000049.000, 150
Trd, 000049.183, 151
Trd, 000049.783, 151
Trd, 000050.700, 154
Trd, 000050.967, 155
Trd, 000051.683, 156
Trd, 000051.800, 155
Trd, 000052.100, 157
Trd, 000052.717, 155
Trd, 000053.617, 158
Trd, 000054.467, 155
Trd, 000054.750, 157
Trd, 000054.850, 157
Trd, 000055.783, 155
Trd, 000057.000, 156
Trd, 000057.033, 157
Trd, 000057.967, 155
Trd, 000058.083, 154
Trd, 000058.500, 153
Trd, 000060.567, 156
Trd, 000060.617, 153
Trd, 000062.083, 154
Trd, 000062.167, 153
Trd, 000062.750, 155
Trd, 000062.867, 157
Trd, 000063.383, 157
Trd, 000065.583, 157
Trd, 000065.617, 154
Trd, 000066.017, 153
Trd, 000066.967, 155
Trd, 000067.467, 155
Trd, 000067.967, 156
Trd, 000068.450, 154
Trd, 000069.183, 155
Trd, 000069.583, 156
Trd, 000070.617, 155
Trd, 000071.317, 156
Trd, 000071.350, 158
Trd, 000071.467, 162
Trd, 000072.267, 156
Trd, 000072.650, 156
Trd, 000072.883, 157
Trd, 000072.917, 156
Trd, 000073.317, 156
Trd, 000073.367, 158
Trd, 000073.550, 156
Trd, 000074.867, 154
Trd, 000076.433, 158
Trd, 000077.017, 158
Trd, 000077.267, 158
Trd, 000078.150, 157
Trd, 000078.183, 159
Trd, 000078.333, 156
Trd, 000078.917, 157
Trd, 000079.400, 156
Trd, 000079.500, 159
Trd, 000081.183, 155
Trd, 000081.783, 154
Trd, 000083.333, 153
Trd, 000083.417, 154
Trd, 000084.050, 145
Trd, 000084.483, 139
Trd, 000084.650, 145
Trd, 000085.250, 122
Trd, 000085.517, 124
Trd, 000085.717, 142
Trd, 000086.150, 143
Trd, 000086.517, 159
Trd, 000087.550, 151
Trd, 000087.617, 150
Trd, 000087.800, 153
Trd, 000088.100, 157
Trd, 000088.883, 160
Trd, 000088.983, 156
Trd, 000090.567, 159
Trd, 000090.717, 158
Trd, 000090.883, 158
Trd, 000091.350, 157
Trd, 000092.250, 156
Trd, 000092.867, 155
Trd, 000093.500, 159
Trd, 000093.867, 159
Trd, 000094.367, 157
Trd, 000094.483, 161
Trd, 000096.033, 161
Trd, 000096.583, 157
Trd, 000097.717, 161
Trd, 000097.967, 156
Trd, 000098.400, 160
Trd, 000098.867, 160
Trd, 000099.717, 161
Trd, 000100.117, 159
Trd, 000100.367, 161
Trd, 000101.283, 161
Trd, 000101.600, 162
Trd, 000101.817, 162
Trd, 000102.667, 162
Trd, 000102.783, 159
Trd, 000104.250, 160
Trd, 000104.650, 161
Trd, 000105.183, 163
Trd, 000105.267, 162
Trd, 000105.967, 161
Trd, 000106.117, 159
Trd, 000106.650, 163
Trd, 000107.783, 159
Trd, 000108.533, 163
Trd, 000108.733, 161
Trd, 000109.067, 162
Trd, 000109.183, 162
Trd, 000110.300, 161
Trd, 000110.783, 160
Trd, 000111.500, 158
Trd, 000112.283, 160
Trd, 000112.350, 144
Trd, 000112.867, 160
Trd, 000113.267, 159
Trd, 000115.200, 156
Trd, 000115.583, 157
Trd, 000115.833, 158
Trd, 000116.567, 158
Trd, 000116.900, 157
Trd, 000117.017, 160
Trd, 000118.483, 158
Trd, 000118.833, 159
Trd, 000120.167, 162
Trd, 000120.233, 160
Trd, 000120.417, 157
Trd, 000122.500, 161
Trd, 000123.650, 160
Trd, 000124.333, 160
Trd, 000124.367, 160
Trd, 000124.500, 160
Trd, 000124.750, 161
Trd, 000125.217, 160
Trd, 000125.783, 161
Trd, 000126.233, 161
Trd, 000127.233, 160
Trd, 000128.733, 158
Trd, 000129.167, 158
Trd, 000129.350, 158
Trd, 000129.567, 159
Trd, 000130.400, 157
Trd, 000130.767, 161
Trd, 000130.917, 157
Trd, 000130.950, 157
Trd, 000131.950, 161
Trd, 000132.567, 159
Trd, 000132.950, 160
Trd, 000133.700, 160
Trd, 000134.000, 159
Trd, 000134.233, 159
Trd, 000135.133, 160
Trd, 000135.400, 163
Trd, 000136.350, 168
Trd, 000136.450, 162
Trd, 000137.100, 165
Trd, 000137.233, 166
Trd, 000137.333, 161
Trd, 000137.417, 161
Trd, 000138.717, 162
Trd, 000139.617, 167
Trd, 000140.517, 168
Trd, 000141.583, 168
Trd, 000142.467, 166
Trd, 000142.633, 166
Trd, 000142.850, 166
Trd, 000143.467, 163
Trd, 000143.717, 165
Trd, 000143.817, 159
Trd, 000145.383, 162
Trd, 000145.417, 160
Trd, 000145.483, 165
Trd, 000146.583, 164
Trd, 000147.917, 166
Trd, 000148.150, 163
Trd, 000148.250, 164
Trd, 000148.817, 166
Trd, 000149.300, 169
Trd, 000149.650, 162
Trd, 000149.683, 158
Trd, 000150.533, 155
Trd, 000150.567, 168
Trd, 000152.467, 164
Trd, 000152.867, 164
Trd, 000153.700, 164
Trd, 000154.033, 166
Trd, 000155.317, 165
Trd, 000155.333, 163
Trd, 000156.367, 163
Trd, 000156.433, 166
Trd, 000156.467, 160
Trd, 000157.417, 162
Trd, 000157.433, 163
Trd, 000158.133, 163
Trd, 000158.967, 163
Trd, 000159.783, 164
Trd, 000160.000, 163
Trd, 000161.200, 163
Trd, 000161.467, 153
Trd, 000162.483, 155
Trd, 000163.083, 155
Trd, 000163.900, 153
Trd, 000164.967, 152
Trd, 000165.317, 147
Trd, 000165.600, 154
Trd, 000167.200, 156
Trd, 000167.667, 155
Trd, 000167.767, 157
Trd, 000167.817, 158
Trd, 000168.317, 157
Trd, 000168.617, 157
Trd, 000169.333, 158
Trd, 000169.567, 158
Trd, 000169.667, 157
Trd, 000169.700, 156
Trd, 000170.383, 159
Trd, 000170.900, 144
Trd, 000171.650, 159
Trd, 000172.083, 151
Trd, 000174.217, 151
Trd, 000174.800, 153
Trd, 000175.083, 153
Trd, 000175.217, 154
Trd, 000175.417, 152
Trd, 000176.083, 153
Trd, 000176.167, 153
Trd, 000176.933, 155
Trd, 000177.717, 153
Trd, 000178.483, 158
Trd, 000179.583, 157
Trd, 000179.800, 157
Trd, 000179.950, 158
Trd, 000180.083, 167
Trd, 000181.417, 161
Trd, 000182.417, 159
Trd, 000182.817, 160
Trd, 000182.900, 160
Trd, 000183.083, 169
Trd, 000183.450, 173
Trd, 000184.400, 173
Trd, 000184.500, 172
Trd, 000185.967, 175
Trd, 000187.167, 173
Trd, 000187.417, 172
Trd, 000187.583, 174
Trd, 000188.167, 170
Trd, 000188.883, 175
Trd, 000189.400, 172
Trd, 000189.417, 171
Trd, 000189.550, 170
Trd, 000190.350, 164
Trd, 000191.117, 168
Trd, 000191.467, 167
Trd, 000192.483, 166
Trd, 000192.883, 167
Trd, 000193.233, 167
Trd, 000193.900, 166
Trd, 000194.183, 167
Trd, 000194.450, 163
Trd, 000195.867, 170
Trd, 000197.417, 169
Trd, 000198.450, 170
Trd, 000198.617, 169
Trd, 000199.133, 169
Trd, 000199.433, 168
Trd, 000199.683, 166
Trd, 000201.533, 169
Trd, 000201.633, 170
Trd, 000202.233, 168
Trd, 000202.350, 167
Trd, 000202.750, 171
Trd, 000203.667, 171
Trd, 000204.050, 170
Trd, 000205.083, 168
Trd, 000206.067, 168
Trd, 000206.517, 168
Trd, 000206.667, 167
Trd, 000206.767, 169
Trd, 000207.117, 168
Trd, 000208.517, 167
Trd, 000208.550, 170
Trd, 000209.133, 168
Trd, 000209.767, 169
Trd, 000210.767, 170
Trd, 000210.883, 169
Trd, 000211.817, 171
Trd, 000213.167, 169
Trd, 000213.750, 170
Trd, 000214.283, 170
Trd, 000215.017, 170
Trd, 000215.200, 169
Trd, 000216.233, 171
Trd, 000216.333, 172
Trd, 000216.517, 172
Trd, 000216.700, 171
Trd, 000218.083, 173
Trd, 000218.433, 169
Trd, 000218.883, 172
Trd, 000219.317, 168
Trd, 000220.217, 159
Trd, 000220.667, 157
Trd, 000220.750, 163
Trd, 000221.317, 160
Trd, 000221.933, 160
Trd, 000221.967, 173
Trd, 000222.733, 161
Trd, 000222.917, 162
Trd, 000223.317, 161
Trd, 000224.517, 161
Trd, 000224.817, 153
Trd, 000225.500, 172
Trd, 000225.883, 173
Trd, 000226.700, 160
Trd, 000227.550, 163
Trd, 000228.200, 164
Trd, 000229.100, 166
Trd, 000229.900, 165
Trd, 000229.933, 164
Trd, 000229.983, 164
Trd, 000230.433, 167
Trd, 000231.017, 168
Trd, 000231.417, 169
Trd, 000232.017, 150
Trd, 000232.533, 163
Trd, 000232.800, 164
Trd, 000232.817, 162
Trd, 000232.967, 157
Trd, 000233.033, 166
Trd, 000233.867, 160
Trd, 000234.850, 174
Trd, 000237.317, 168
Trd, 000238.883, 169
Trd, 000239.000, 168
Trd, 000239.267, 173
Trd, 000240.117, 170
Trd, 000240.200, 173
Trd, 000240.217, 179
Trd, 000240.883, 182
Trd, 000241.417, 183
Trd, 000241.733, 184
Trd, 000241.900, 182
Trd, 000242.167, 182
Trd, 000242.733, 181
Trd, 000243.083, 180
Trd, 000243.133, 179
Trd, 000243.883, 181
Trd, 000243.917, 176
Trd, 000244.250, 181
Trd, 000244.817, 172
Trd, 000245.100, 172
Trd, 000245.150, 173
Trd, 000245.333, 178
Trd, 000245.683, 174
Trd, 000246.417, 179
Trd, 000247.050, 182
Trd, 000247.967, 181
Trd, 000248.117, 183
Trd, 000248.283, 183
Trd, 000248.550, 182
Trd, 000248.800, 182
Trd, 000249.150, 158
Trd, 000249.500, 162
Trd, 000250.317, 166
Trd, 000250.817, 176
Trd, 000251.217, 175
Trd, 000251.683, 175
Trd, 000251.733, 173
Trd, 000251.967, 177
Trd, 000252.133, 175
Trd, 000252.400, 175
Trd, 000253.450, 176
Trd, 000253.683, 176
Trd, 000254.550, 178
Trd, 000255.367, 176
Trd, 000255.417, 177
Trd, 000255.433, 178
Trd, 000255.517, 175
Trd, 000255.550, 173
Trd, 000256.083, 176
Trd, 000256.550, 176
Trd, 000258.050, 178
Trd, 000258.100, 176
Trd, 000258.267, 175
Trd, 000258.533, 176
Trd, 000258.700, 178
Trd, 000259.183, 179
Trd, 000259.550, 174
Trd, 000260.617, 179
Trd, 000260.650, 178
Trd, 000261.300, 180
Trd, 000261.317, 181
Trd, 000261.533, 177
Trd, 000261.700, 178
Trd, 000261.817, 174
Trd, 000261.967, 181
Trd, 000262.917, 176
Trd, 000263.317, 178
Trd, 000263.717, 179
Trd, 000263.767, 176
Trd, 000264.000, 179
Trd, 000264.117, 175
Trd, 000264.717, 175
Trd, 000266.000, 176
Trd, 000266.567, 177
Trd, 000267.350, 175
Trd, 000267.833, 177
Trd, 000267.850, 178
Trd, 000268.000, 179
Trd, 000268.383, 174
Trd, 000270.083, 180
Trd, 000270.200, 181
Trd, 000270.250, 181
Trd, 000270.983, 181
Trd, 000271.050, 180
Trd, 000271.267, 182
Trd, 000272.300, 184
Trd, 000272.600, 182
Trd, 000272.950, 175
Trd, 000273.683, 177
Trd, 000274.000, 178
Trd, 000274.333, 176
Trd, 000275.300, 177
Trd, 000275.633, 181
Trd, 000275.650, 181
Trd, 000275.933, 181
Trd, 000276.167, 182
Trd, 000276.633, 179
Trd, 000276.833, 178
Trd, 000277.433, 181
Trd, 000277.900, 181
Trd, 000278.750, 187
Trd, 000278.850, 184
Trd, 000279.450, 183
Trd, 000279.917, 182
Trd, 000280.250, 179
Trd, 000280.433, 185
Trd, 000282.000, 182
Trd, 000282.167, 181
Trd, 000282.400, 183
Trd, 000282.867, 183
Trd, 000283.133, 186
Trd, 000283.250, 196
Trd, 000283.817, 194
Trd, 000284.117, 193
Trd, 000284.783, 193
Trd, 000284.800, 192
Trd, 000285.317, 172
Trd, 000286.483, 178
Trd, 000286.667, 177
Trd, 000286.867, 172
Trd, 000287.117, 164
Trd, 000287.583, 179
Trd, 000287.717, 184
Trd, 000288.283, 176
Trd, 000288.617, 179
Trd, 000288.867, 184
Trd, 000289.800, 182
Trd, 000290.100, 181
Trd, 000290.300, 180
Trd, 000290.417, 178
Trd, 000290.483, 182
Trd, 000290.933, 181
Trd, 000291.100, 175
Trd, 000291.217, 182
Trd, 000291.900, 179
Trd, 000293.017, 177
Trd, 000293.133, 178
Trd, 000293.300, 180
Trd, 000293.517, 180
Trd, 000293.583, 180
Trd, 000294.583, 181
Trd, 000294.867, 183
Trd, 000295.183, 179
Trd, 000296.133, 181
Trd, 000296.217, 177
Trd, 000296.417, 182
Trd, 000296.933, 184
Trd, 000297.200, 185
Trd, 000297.433, 195
Trd, 000297.683, 186
Trd, 000299.167, 186
Trd, 000299.383, 187
