Trd, 000002.450, 151
Trd, 000002.467, 153
Trd, 000002.617, 146
Trd, 000004.817, 152
Trd, 000005.017, 152
Trd, 000005.283, 151
Trd, 000006.433, 151
Trd, 000006.900, 151
Trd, 000007.133, 152
Trd, 000007.433, 150
Trd, 000008.250, 115
Trd, 000008.617, 128
Trd, 000008.833, 135
Trd, 000009.317, 145
Trd, 000010.017, 142
Trd, 000010.117, 133
Trd, 000010.933, 139
Trd, 000011.083, 140
Trd, 000011.933, 144
Trd, 000012.117, 145
Trd, 000013.433, 150
Trd, 000013.500, 145
Trd, 000013.800, 146
Trd, 000014.017, 144
Trd, 000014.783, 143
Trd, 000014.850, 149
Trd, 000014.950, 152
Trd, 000015.150, 166
Trd, 000015.883, 142
Trd, 000016.050, 127
Trd, 000016.067, 167
Trd, 000016.800, 156
Trd, 000017.683, 171
Trd, 000018.817, 151
Trd, 000019.233, 151
Trd, 000019.517, 149
Trd, 000019.667, 151
Trd, 000021.233, 151
Trd, 000021.850, 151
Trd, 000021.950, 148
Trd, 000022.450, 143
Trd, 000024.033, 149
Trd, 000024.167, 150
Trd, 000024.300, 151
Trd, 000024.933, 148
Trd, 000025.850, 156
Trd, 000026.300, 153
Trd, 000026.517, 154
Trd, 000026.967, 152
Trd, 000027.033, 151
Trd, 000029.400, 150
Trd, 000029.833, 144
Trd, 000029.867, 145
Trd, 000030.217, 139
Trd, 000030.817, 151
Trd, 000031.383, 146
Trd, 000032.133, 169
Trd, 000032.467, 154
Trd, 000032.483, 170
Trd, 000032.917, 139
Trd, 000034.117, 159
Trd, 000034.150, 158
Trd, 000034.367, 146
Trd, 000035.700, 152
Trd, 000036.267, 148
Trd, 000036.500, 150
Trd, 000037.033, 150
Trd, 000037.267, 149
Trd, 000037.700, 148
Trd, 000038.700, 147
Trd, 000039.250, 130
Trd, 000041.083, 137
Trd, 000041.900, 144
Trd, 000042.150, 148
Trd, 000043.267, 142
Trd, 000043.300, 153
Trd, 000043.717, 139
Trd, 000043.867, 139
Trd, 000044.900, 145
Trd, 000045.367, 143
Trd, 000046.300, 143
Trd, 000046.783, 144
Trd, 000047.117, 144
Trd, 000047.617, 149
Trd, 000048.933, 153
Trd, 000049.433, 147
Trd, 000050.300, 156
Trd, 000050.600, 146
Trd, 000051.267, 164
Trd, 000052.383, 165
Trd, 000052.717, 167
Trd, 000052.800, 170
Trd, 000052.883, 152
Trd, 000053.083, 160
Trd, 000054.000, 153
Trd, 000054.833, 154
Trd, 000055.917, 152
Trd, 000056.733, 140
Trd, 000058.100, 152
Trd, 000059.483, 154
Trd, 000059.733, 146
Trd, 000059.800, 139
Trd, 000060.350, 141
Trd, 000060.700, 149
Trd, 000060.983, 152
Trd, 000061.767, 151
Trd, 000062.767, 152
Trd, 000063.283, 157
Trd, 000063.767, 155
Trd, 000063.800, 157
Trd, 000064.250, 154
Trd, 000064.667, 159
Trd, 000064.750, 158
Trd, 000065.433, 153
Trd, 000065.467, 165
Trd, 000066.117, 132
Trd, 000066.467, 140
Trd, 000067.250, 149
Trd, 000067.900, 153
Trd, 000067.933, 155
Trd, 000068.717, 141
Trd, 000069.200, 150
Trd, 000069.283, 158
Trd, 000069.800, 166
Trd, 000069.917, 165
Trd, 000071.683, 158
Trd, 000071.733, 157
Trd, 000071.767, 166
Trd, 000074.267, 156
Trd, 000075.317, 155
Trd, 000076.050, 160
Trd, 000076.767, 156
Trd, 000077.500, 155
Trd, 000077.717, 156
Trd, 000077.817, 156
Trd, 000078.050, 169
Trd, 000078.817, 158
Trd, 000079.517, 156
Trd, 000079.583, 161
Trd, 000079.633, 141
Trd, 000080.333, 149
Trd, 000081.767, 150
Trd, 000082.183, 158
Trd, 000083.050, 159
Trd, 000083.617, 158
Trd, 000083.883, 151
Trd, 000084.883, 156
Trd, 000085.533, 160
Trd, 000085.717, 159
Trd, 000086.000, 160
Trd, 000087.367, 156
Trd, 000087.667, 163
Trd, 000087.767, 155
Trd, 000088.467, 162
Trd, 000089.317, 161
Trd, 000089.900, 162
Trd, 000090.233, 162
Trd, 000090.617, 158
Trd, 000090.967, 160
Trd, 000091.817, 159
Trd, 000092.333, 159
Trd, 000093.117, 160
Trd, 000093.533, 160
Trd, 000093.767, 161
Trd, 000094.300, 160
Trd, 000094.633, 143
Trd, 000094.683, 154
Trd, 000095.017, 141
Trd, 000095.617, 170
Trd, 000096.183, 161
Trd, 000096.500, 168
Trd, 000097.333, 165
Trd, 000098.900, 165
Trd, 000099.733, 168
Trd, 000099.900, 167
Trd, 000100.717, 167
Trd, 000100.967, 166
Trd, 000101.783, 166
Trd, 000101.917, 164
Trd, 000103.317, 172
Trd, 000103.367, 165
Trd, 000103.483, 164
Trd, 000104.150, 163
Trd, 000104.900, 167
Trd, 000105.617, 163
Trd, 000106.183, 161
Trd, 000106.800, 162
Trd, 000107.317, 161
Trd, 000107.550, 160
Trd, 000107.683, 163
Trd, 000108.883, 160
Trd, 000109.233, 141
Trd, 000110.433, 143
Trd, 000110.483, 164
Trd, 000111.150, 145
Trd, 000111.217, 165
Trd, 000112.800, 164
Trd, 000113.250, 165
Trd, 000113.433, 164
Trd, 000113.700, 148
Trd, 000113.767, 172
Trd, 000114.567, 158
Trd, 000115.033, 166
Trd, 000116.800, 162
Trd, 000118.317, 161
Trd, 000118.600, 161
Trd, 000118.700, 159
Trd, 000118.950, 146
Trd, 000119.167, 165
Trd, 000119.233, 177
Trd, 000120.367, 153
Trd, 000121.083, 145
Trd, 000121.283, 146
Trd, 000121.917, 141
Trd, 000122.350, 157
Trd, 000123.117, 171
Trd, 000123.183, 170
Trd, 000123.983, 163
Trd, 000125.117, 163
Trd, 000125.833, 164
Trd, 000126.333, 155
Trd, 000126.683, 166
Trd, 000127.000, 163
Trd, 000127.200, 154
Trd, 000128.200, 163
Trd, 000129.800, 159
Trd, 000130.417, 159
Trd, 000130.667, 161
Trd, 000130.883, 160
Trd, 000131.917, 161
Trd, 000132.400, 164
Trd, 000132.850, 158
Trd, 000132.917, 157
Trd, 000133.417, 161
Trd, 000134.317, 174
Trd, 000134.983, 174
Trd, 000135.433, 166
Trd, 000137.250, 172
Trd, 000137.733, 166
Trd, 000138.183, 169
Trd, 000138.383, 164
Trd, 000138.417, 164
Trd, 000139.117, 164
Trd, 000139.133, 163
Trd, 000140.183, 163
Trd, 000141.183, 161
Trd, 000141.450, 162
Trd, 000141.933, 163
Trd, 000142.550, 163
Trd, 000143.067, 164
Trd, 000143.383, 165
Trd, 000143.550, 177
Trd, 000143.850, 165
Trd, 000143.967, 163
Trd, 000145.717, 161
Trd, 000146.067, 167
Trd, 000146.400, 168
Trd, 000146.517, 151
Trd, 000146.617, 169
Trd, 000146.667, 176
Trd, 000147.200, 151
Trd, 000147.667, 150
Trd, 000148.600, 151
Trd, 000149.500, 152
Trd, 000149.717, 160
Trd, 000149.817, 147
Trd, 000150.283, 166
Trd, 000150.533, 169
Trd, 000151.583, 157
Trd, 000152.183, 167
Trd, 000152.583, 164
Trd, 000154.417, 160
Trd, 000154.950, 161
Trd, 000155.050, 159
Trd, 000155.200, 158
Trd, 000156.283, 162
Trd, 000156.333, 167
Trd, 000156.383, 159
Trd, 000157.900, 164
Trd, 000158.367, 164
Trd, 000158.450, 151
Trd, 000158.533, 165
Trd, 000159.033, 165
Trd, 000159.067, 154
Trd, 000160.767, 165
Trd, 000161.433, 157
Trd, 000161.817, 159
Trd, 000162.517, 160
Trd, 000163.417, 165
Trd, 000163.750, 160
Trd, 000165.333, 163
Trd, 000166.300, 162
Trd, 000166.567, 163
Trd, 000166.783, 164
Trd, 000166.933, 165
Trd, 000168.117, 166
Trd, 000168.800, 166
Trd, 000169.583, 167
Trd, 000169.667, 168
Trd, 000170.567, 165
Trd, 000170.750, 164
Trd, 000170.800, 168
Trd, 000171.050, 163
Trd, 000171.783, 166
Trd, 000171.800, 169
Trd, 000171.867, 179
Trd, 000172.350, 166
Trd, 000172.567, 165
Trd, 000172.967, 172
Trd, 000175.933, 163
Trd, 000176.233, 166
Trd, 000176.350, 155
Trd, 000177.550, 167
Trd, 000178.000, 166
Trd, 000178.633, 169
Trd, 000180.100, 169
Trd, 000180.567, 174
Trd, 000181.117, 169
Trd, 000181.350, 172
Trd, 000181.383, 180
Trd, 000182.933, 174
Trd, 000183.017, 175
Trd, 000183.383, 171
Trd, 000183.933, 172
Trd, 000184.267, 172
Trd, 000184.750, 170
Trd, 000184.983, 172
Trd, 000185.233, 171
Trd, 000185.533, 180
Trd, 000186.417, 169
Trd, 000187.383, 172
Trd, 000188.617, 164
Trd, 000188.917, 166
Trd, 000189.200, 168
Trd, 000190.550, 180
Trd, 000190.717, 180
Trd, 000190.800, 179
Trd, 000192.083, 181
Trd, 000192.300, 181
Trd, 000192.517, 181
Trd, 000192.617, 180
Trd, 000192.967, 177
Trd, 000193.133, 171
Trd, 000193.683, 180
Trd, 000194.400, 170
Trd, 000195.550, 170
Trd, 000196.267, 178
Trd, 000197.117, 172
Trd, 000197.917, 155
Trd, 000198.100, 153
Trd, 000198.283, 155
Trd, 000198.917, 169
Trd, 000199.333, 168
Trd, 000200.067, 167
Trd, 000200.317, 170
Trd, 000201.400, 170
Trd, 000201.900, 159
Trd, 000202.067, 168
Trd, 000202.233, 169
Trd, 000202.783, 171
Trd, 000202.833, 172
Trd, 000204.583, 168
Trd, 000205.000, 174
Trd, 000206.033, 168
Trd, 000206.467, 176
Trd, 000206.517, 168
Trd, 000207.917, 175
Trd, 000208.300, 177
Trd, 000209.417, 181
Trd, 000209.867, 172
Trd, 000210.733, 170
Trd, 000210.950, 169
Trd, 000211.167, 170
Trd, 000211.850, 171
Trd, 000211.933, 169
Trd, 000212.067, 170
Trd, 000212.350, 172
Trd, 000212.733, 170
Trd, 000212.850, 178
Trd, 000213.250, 177
Trd, 000214.450, 171
Trd, 000215.083, 172
Trd, 000215.617, 173
Trd, 000216.933, 172
Trd, 000217.667, 174
Trd, 000218.083, 172
Trd, 000219.350, 163
Trd, 000219.750, 164
Trd, 000219.967, 173
Trd, 000220.267, 160
Trd, 000221.133, 172
Trd, 000222.283, 171
Trd, 000222.717, 173
Trd, 000223.400, 175
Trd, 000223.650, 182
Trd, 000223.950, 176
Trd, 000224.017, 175
Trd, 000224.100, 180
Trd, 000224.733, 173
Trd, 000224.833, 172
Trd, 000226.300, 170
Trd, 000226.833, 170
Trd, 000227.300, 179
Trd, 000227.617, 174
Trd, 000227.683, 173
Trd, 000228.850, 164
Trd, 000228.900, 181
Trd, 000230.033, 172
Trd, 000230.250, 174
Trd, 000230.867, 169
Trd, 000230.967, 168
Trd, 000231.417, 172
Trd, 000232.550, 171
Trd, 000233.017, 173
Trd, 000233.167, 173
Trd, 000233.467, 174
Trd, 000233.867, 174
Trd, 000234.217, 172
Trd, 000234.467, 174
Trd, 000234.833, 172
Trd, 000236.150, 174
Trd, 000237.483, 158
Trd, 000237.633, 173
Trd, 000238.683, 171
Trd, 000239.983, 168
Trd, 000240.200, 169
Trd, 000240.750, 172
Trd, 000241.450, 174
Trd, 000241.533, 182
Trd, 000241.967, 175
Trd, 000242.267, 175
Trd, 000242.550, 176
Trd, 000242.583, 181
Trd, 000243.367, 181
Trd, 000244.683, 183
Trd, 000244.733, 176
Trd, 000244.950, 175
Trd, 000245.750, 174
Trd, 000247.133, 165
Trd, 000247.583, 161
Trd, 000247.800, 165
Trd, 000248.067, 165
Trd, 000248.850, 163
Trd, 000249.050, 162
Trd, 000249.067, 167
Trd, 000249.167, 169
Trd, 000249.267, 176
Trd, 000250.383, 171
Trd, 000251.117, 174
Trd, 000251.283, 173
Trd, 000251.800, 180
Trd, 000251.933, 176
Trd, 000252.050, 174
Trd, 000252.283, 170
Trd, 000253.633, 169
Trd, 000254.100, 164
Trd, 000254.450, 169
Trd, 000254.883, 172
Trd, 000255.583, 178
Trd, 000255.817, 180
Trd, 000255.883, 177
Trd, 000256.467, 179
Trd, 000256.800, 178
Trd, 000256.833, 175
Trd, 000257.217, 179
Trd, 000257.850, 177
Trd, 000258.233, 175
Trd, 000258.267, 178
Trd, 000258.417, 179
Trd, 000258.500, 180
Trd, 000258.983, 177
Trd, 000259.650, 170
Trd, 000259.900, 174
Trd, 000260.967, 169
Trd, 000261.267, 170
Trd, 000261.717, 181
Trd, 000262.767, 186
Trd, 000263.017, 184
Trd, 000264.283, 184
Trd, 000264.700, 188
Trd, 000265.200, 188
Trd, 000265.250, 187
Trd, 000265.350, 184
Trd, 000265.583, 183
Trd, 000266.300, 185
Trd, 000266.833, 180
Trd, 000266.967, 188
Trd, 000267.483, 177
Trd, 000268.233, 174
Trd, 000268.850, 185
Trd, 000269.000, 184
Trd, 000269.100, 183
Trd, 000269.333, 180
Trd, 000269.717, 180
Trd, 000270.183, 184
Trd, 000270.617, 179
Trd, 000271.500, 180
Trd, 000271.717, 178
Trd, 000272.717, 162
Trd, 000273.200, 158
Trd, 000273.650, 164
Trd, 000273.700, 164
Trd, 000273.783, 166
Trd, 000274.567, 166
Trd, 000275.150, 174
Trd, 000275.450, 176
Trd, 000276.600, 175
Trd, 000276.883, 170
Trd, 000277.033, 169
Trd, 000277.967, 169
Trd, 000278.317, 176
Trd, 000278.517, 167
Trd, 000279.750, 169
Trd, 000279.900, 160
Trd, 000280.100, 176
Trd, 000280.500, 162
Trd, 000280.883, 175
Trd, 000281.383, 177
Trd, 000281.867, 170
Trd, 000282.350, 179
Trd, 000282.617, 169
Trd, 000282.983, 180
Trd, 000283.317, 180
Trd, 000283.967, 181
Trd, 000284.283, 181
Trd, 000284.717, 180
Trd, 000284.783, 179
Trd, 000284.850, 183
Trd, 000284.883, 190
Trd, 000285.150, 192
Trd, 000285.233, 179
Trd, 000285.483, 176
Trd, 000286.783, 185
Trd, 000287.050, 185
Trd, 000287.633, 180
Trd, 000288.200, 177
Trd, 000288.567, 160
Trd, 000289.183, 163
Trd, 000289.250, 160
Trd, 000289.567, 163
Trd, 000290.333, 166
Trd, 000290.900, 173
Trd, 000290.950, 167
Trd, 000291.250, 177
Trd, 000291.533, 171
Trd, 000292.367, 170
Trd, 000292.500, 183
Trd, 000293.017, 179
Trd, 000293.133, 184
Trd, 000294.133, 172
Trd, 000294.167, 180
Trd, 000294.833, 189
Trd, 000296.450, 183
Trd, 000296.700, 181
Trd, 000296.800, 180
Trd, 000296.817, 181
Trd, 000297.117, 180
Trd, 000297.133, 178
Trd, 000297.217, 182
Trd, 000297.817, 185
Trd, 000299.650, 178
