Trd, 000001.883, 148
Trd, 000002.167, 154
Trd, 000002.833, 154
Trd, 000003.650, 141
Trd, 000003.783, 149
Trd, 000004.600, 155
Trd, 000004.733, 156
Trd, 000005.300, 157
Trd, 000007.433, 147
Trd, 000007.883, 151
Trd, 000007.950, 151
Trd, 000008.183, 156
Trd, 000009.167, 152
Trd, 000009.950, 155
Trd, 000010.000, 156
Trd, 000010.183, 172
Trd, 000010.933, 159
Trd, 000011.400, 156
Trd, 000011.533, 156
Trd, 000012.100, 169
Trd, 000013.017, 158
Trd, 000014.083, 157
Trd, 000014.400, 161
Trd, 000015.717, 161
Trd, 000016.183, 160
Trd, 000018.583, 141
Trd, 000019.367, 154
Trd, 000019.750, 154
Trd, 000019.767, 156
Trd, 000020.383, 155
Trd, 000020.983, 155
Trd, 000023.233, 154
Trd, 000023.333, 155
Trd, 000023.633, 156
Trd, 000024.317, 155
Trd, 000025.533, 156
Trd, 000025.783, 156
Trd, 000026.233, 155
Trd, 000026.483, 156
Trd, 000027.433, 157
Trd, 000028.067, 156
Trd, 000028.317, 157
Trd, 000028.883, 154
Trd, 000030.500, 156
Trd, 000030.783, 157
Trd, 000031.883, 157
Trd, 000032.000, 158
Trd, 000032.183, 161
Trd, 000032.617, 157
Trd, 000034.533, 158
Trd, 000034.567, 157
Trd, 000035.333, 161
Trd, 000036.167, 161
Trd, 000036.317, 168
Trd, 000037.633, 158
Trd, 000038.550, 162
Trd, 000039.200, 162
Trd, 000039.533, 157
Trd, 000039.767, 163
Trd, 000040.783, 157
Trd, 000041.217, 158
Trd, 000041.650, 157
Trd, 000043.600, 158
Trd, 000043.717, 157
Trd, 000044.183, 159
Trd, 000044.350, 160
Trd, 000044.383, 160
Trd, 000046.417, 161
Trd, 000046.917, 161
Trd, 000046.967, 162
Trd, 000047.000, 157
Trd, 000048.083, 160
Trd, 000049.050, 160
Trd, 000049.450, 163
Trd, 000050.250, 162
Trd, 000050.433, 162
Trd, 000050.600, 163
Trd, 000050.750, 162
Trd, 000051.183, 167
Trd, 000051.717, 159
Trd, 000053.850, 160
Trd, 000054.067, 159
Trd, 000054.283, 162
Trd, 000054.550, 157
Trd, 000054.933, 163
Trd, 000056.183, 165
Trd, 000056.367, 160
Trd, 000058.083, 171
Trd, 000058.667, 171
Trd, 000059.033, 172
Trd, 000059.517, 162
Trd, 000060.450, 167
Trd, 000060.517, 168
Trd, 000061.167, 166
Trd, 000061.233, 168
Trd, 000061.417, 170
Trd, 000061.700, 166
Trd, 000061.950, 164
Trd, 000063.417, 161
Trd, 000063.567, 169
Trd, 000063.600, 168
Trd, 000064.017, 160
Trd, 000066.567, 162
Trd, 000067.200, 162
Trd, 000068.150, 163
Trd, 000068.367, 161
Trd, 000070.083, 162
Trd, 000070.533, 161
Trd, 000070.600, 162
Trd, 000072.333, 162
Trd, 000072.367, 161
Trd, 000073.467, 162
Trd, 000073.500, 161
Trd, 000075.700, 163
Trd, 000075.983, 165
Trd, 000076.150, 163
Trd, 000076.817, 166
Trd, 000077.333, 169
Trd, 000077.783, 174
Trd, 000079.067, 175
Trd, 000079.233, 173
Trd, 000081.833, 171
Trd, 000082.300, 172
Trd, 000082.650, 172
Trd, 000082.750, 176
Trd, 000083.783, 173
Trd, 000084.217, 174
Trd, 000084.433, 170
Trd, 000085.900, 172
Trd, 000086.183, 172
Trd, 000086.300, 173
Trd, 000087.100, 172
Trd, 000087.683, 174
Trd, 000088.283, 176
Trd, 000088.300, 175
Trd, 000089.383, 174
Trd, 000089.933, 172
Trd, 000090.450, 163
Trd, 000091.267, 175
Trd, 000091.500, 173
Trd, 000091.900, 176
Trd, 000092.417, 172
Trd, 000094.067, 167
Trd, 000094.467, 167
Trd, 000094.950, 172
Trd, 000095.183, 174
Trd, 000095.317, 171
Trd, 000096.733, 172
Trd, 000097.067, 170
Trd, 000097.383, 173
Trd, 000098.533, 164
Trd, 000099.400, 167
Trd, 000100.300, 168
Trd, 000100.417, 166
Trd, 000101.450, 174
Trd, 000102.833, 163
Trd, 000103.250, 164
Trd, 000103.333, 165
Trd, 000103.917, 165
Trd, 000104.317, 166
Trd, 000104.633, 167
Trd, 000104.700, 164
Trd, 000105.467, 167
Trd, 000106.033, 168
Trd, 000107.100, 164
Trd, 000107.817, 163
Trd, 000109.283, 166
Trd, 000110.467, 165
Trd, 000111.150, 166
Trd, 000111.233, 163
Trd, 000111.467, 162
Trd, 000111.617, 176
Trd, 000111.733, 175
Trd, 000112.267, 171
Trd, 000114.033, 165
Trd, 000114.883, 164
Trd, 000114.983, 165
Trd, 000115.717, 164
Trd, 000115.967, 164
Trd, 000116.517, 166
Trd, 000116.983, 169
Trd, 000118.017, 165
Trd, 000118.883, 164
Trd, 000119.050, 165
Trd, 000119.133, 174
Trd, 000119.700, 174
Trd, 000119.800, 163
Trd, 000120.367, 167
Trd, 000121.050, 167
Trd, 000121.567, 167
Trd, 000122.233, 177
Trd, 000123.433, 172
Trd, 000123.617, 169
Trd, 000124.083, 174
Trd, 000125.833, 175
Trd, 000127.217, 173
Trd, 000127.617, 166
Trd, 000128.100, 169
Trd, 000128.883, 171
Trd, 000129.267, 170
Trd, 000129.600, 171
Trd, 000130.617, 171
Trd, 000131.450, 165
Trd, 000131.950, 170
Trd, 000133.000, 170
Trd, 000134.083, 171
Trd, 000134.217, 169
Trd, 000134.367, 170
Trd, 000134.483, 164
Trd, 000134.667, 164
Trd, 000134.917, 162
Trd, 000135.850, 170
Trd, 000137.600, 165
Trd, 000139.100, 172
Trd, 000139.483, 168
Trd, 000140.533, 169
Trd, 000141.300, 170
Trd, 000141.817, 171
Trd, 000142.967, 168
Trd, 000143.717, 169
Trd, 000143.750, 167
Trd, 000143.917, 169
Trd, 000146.433, 169
Trd, 000147.100, 169
Trd, 000147.717, 170
Trd, 000149.167, 168
Trd, 000149.567, 169
Trd, 000149.583, 169
Trd, 000149.950, 168
Trd, 000151.683, 168
Trd, 000152.117, 167
Trd, 000152.167, 167
Trd, 000153.250, 168
Trd, 000153.533, 170
Trd, 000154.000, 171
Trd, 000154.150, 170
Trd, 000154.217, 173
Trd, 000154.817, 172
Trd, 000156.417, 176
Trd, 000157.967, 178
Trd, 000158.483, 180
Trd, 000158.533, 177
Trd, 000159.833, 178
Trd, 000160.250, 154
Trd, 000160.700, 152
Trd, 000160.783, 157
Trd, 000160.983, 170
Trd, 000161.250, 160
Trd, 000162.517, 167
Trd, 000163.183, 164
Trd, 000163.583, 170
Trd, 000164.317, 167
Trd, 000165.400, 167
Trd, 000166.133, 171
Trd, 000166.250, 170
Trd, 000166.383, 168
Trd, 000166.567, 167
Trd, 000166.717, 172
Trd, 000168.233, 169
Trd, 000168.967, 172
Trd, 000169.150, 170
Trd, 000170.283, 171
Trd, 000171.717, 171
Trd, 000171.750, 169
Trd, 000172.133, 171
Trd, 000172.667, 170
Trd, 000172.967, 169
Trd, 000173.717, 171
Trd, 000174.167, 172
Trd, 000175.167, 168
Trd, 000175.367, 172
Trd, 000175.783, 168
Trd, 000175.950, 169
Trd, 000177.283, 176
Trd, 000177.433, 166
Trd, 000179.167, 184
Trd, 000179.417, 178
Trd, 000179.650, 183
Trd, 000180.483, 183
Trd, 000180.667, 181
Trd, 000180.767, 177
Trd, 000181.167, 173
Trd, 000181.883, 172
Trd, 000183.533, 170
Trd, 000184.600, 172
Trd, 000184.883, 169
Trd, 000185.983, 173
Trd, 000186.217, 175
Trd, 000186.250, 172
Trd, 000186.800, 176
Trd, 000187.683, 185
Trd, 000187.917, 184
Trd, 000188.317, 183
Trd, 000189.433, 185
Trd, 000189.517, 183
Trd, 000190.050, 191
Trd, 000190.350, 183
Trd, 000191.600, 185
Trd, 000192.850, 183
Trd, 000194.633, 181
Trd, 000194.833, 181
Trd, 000196.017, 184
Trd, 000196.233, 180
Trd, 000196.450, 183
Trd, 000196.817, 173
Trd, 000196.900, 182
Trd, 000199.133, 174
Trd, 000200.233, 174
Trd, 000200.433, 175
Trd, 000200.617, 173
Trd, 000201.633, 173
Trd, 000201.883, 173
Trd, 000202.100, 169
Trd, 000203.517, 165
Trd, 000204.200, 165
Trd, 000204.383, 167
Trd, 000205.433, 168
Trd, 000206.000, 175
Trd, 000206.250, 175
Trd, 000206.400, 163
Trd, 000208.733, 176
Trd, 000208.783, 176
Trd, 000210.133, 172
Trd, 000211.017, 178
Trd, 000211.783, 178
Trd, 000212.033, 178
Trd, 000212.350, 177
Trd, 000213.500, 177
Trd, 000213.633, 177
Trd, 000213.917, 178
Trd, 000215.500, 172
Trd, 000215.883, 162
Trd, 000217.800, 172
Trd, 000217.933, 173
Trd, 000218.617, 173
Trd, 000218.783, 173
Trd, 000221.600, 176
Trd, 000221.650, 175
Trd, 000222.467, 175
Trd, 000222.633, 177
Trd, 000223.633, 173
Trd, 000224.217, 174
Trd, 000225.650, 176
Trd, 000226.667, 173
Trd, 000226.783, 176
Trd, 000227.700, 175
Trd, 000228.217, 175
Trd, 000228.767, 176
Trd, 000228.783, 178
Trd, 000229.467, 179
Trd, 000230.217, 178
Trd, 000230.317, 181
Trd, 000230.517, 177
Trd, 000231.417, 175
Trd, 000234.483, 178
Trd, 000234.900, 179
Trd, 000235.150, 179
Trd, 000235.333, 177
Trd, 000235.400, 177
Trd, 000235.733, 179
Trd, 000236.667, 181
Trd, 000239.283, 179
Trd, 000239.500, 178
Trd, 000240.033, 179
Trd, 000240.083, 177
Trd, 000240.283, 177
Trd, 000240.317, 176
Trd, 000240.467, 175
Trd, 000240.617, 176
Trd, 000241.133, 164
Trd, 000242.067, 165
Trd, 000242.117, 166
Trd, 000242.667, 166
Trd, 000242.833, 168
Trd, 000243.000, 168
Trd, 000243.383, 168
Trd, 000244.217, 166
Trd, 000244.883, 168
Trd, 000245.650, 167
Trd, 000245.933, 169
Trd, 000246.683, 171
Trd, 000246.817, 171
Trd, 000246.933, 174
Trd, 000246.983, 173
Trd, 000247.717, 179
Trd, 000248.783, 175
Trd, 000249.033, 175
Trd, 000249.367, 175
Trd, 000249.450, 174
Trd, 000249.517, 176
Trd, 000249.867, 173
Trd, 000251.117, 174
Trd, 000252.033, 173
Trd, 000252.300, 173
Trd, 000252.467, 173
Trd, 000252.667, 166
Trd, 000253.433, 175
Trd, 000254.817, 180
Trd, 000255.000, 183
Trd, 000255.583, 177
Trd, 000255.600, 178
Trd, 000256.150, 177
Trd, 000256.183, 176
Trd, 000256.250, 179
Trd, 000256.817, 181
Trd, 000256.933, 184
Trd, 000257.300, 192
Trd, 000257.950, 188
Trd, 000258.350, 187
Trd, 000258.383, 184
Trd, 000258.900, 167
Trd, 000259.017, 161
Trd, 000259.067, 181
Trd, 000259.883, 175
Trd, 000260.317, 170
Trd, 000260.950, 171
Trd, 000261.167, 176
Trd, 000261.750, 172
Trd, 000262.367, 174
Trd, 000262.983, 174
Trd, 000263.133, 175
Trd, 000264.117, 176
Trd, 000264.600, 173
Trd, 000265.233, 171
Trd, 000265.450, 168
Trd, 000265.500, 171
Trd, 000265.833, 171
Trd, 000266.517, 173
Trd, 000266.533, 172
Trd, 000267.383, 170
Trd, 000267.650, 178
Trd, 000268.850, 181
Trd, 000269.333, 176
Trd, 000269.817, 176
Trd, 000269.900, 177
Trd, 000270.367, 184
Trd, 000270.950, 180
Trd, 000271.433, 183
Trd, 000271.667, 181
Trd, 000271.917, 179
Trd, 000272.333, 182
Trd, 000272.633, 185
Trd, 000272.767, 179
Trd, 000272.867, 185
Trd, 000273.500, 184
Trd, 000273.667, 184
Trd, 000273.983, 186
Trd, 000275.083, 191
Trd, 000275.433, 187
Trd, 000275.783, 179
Trd, 000276.033, 176
Trd, 000276.317, 175
Trd, 000276.967, 175
Trd, 000277.583, 176
Trd, 000277.850, 177
Trd, 000278.117, 179
Trd, 000278.717, 185
Trd, 000278.733, 173
Trd, 000279.033, 187
Trd, 000279.300, 188
Trd, 000279.950, 191
Trd, 000280.633, 186
Trd, 000280.817, 183
Trd, 000281.317, 183
Trd, 000281.467, 182
Trd, 000281.900, 179
Trd, 000282.450, 188
Trd, 000283.017, 190
Trd, 000283.133, 190
Trd, 000283.150, 187
Trd, 000283.233, 184
Trd, 000284.067, 183
Trd, 000284.283, 183
Trd, 000285.167, 190
Trd, 000285.533, 181
Trd, 000285.900, 177
Trd, 000286.000, 187
Trd, 000286.483, 181
Trd, 000286.550, 178
Trd, 000286.867, 184
Trd, 000286.950, 176
Trd, 000287.983, 176
Trd, 000289.033, 178
Trd, 000289.383, 179
Trd, 000289.500, 184
Trd, 000289.650, 187
Trd, 000289.733, 183
Trd, 000290.017, 178
Trd, 000291.717, 182
Trd, 000291.817, 184
Trd, 000292.067, 183
Trd, 000292.183, 181
Trd, 000292.400, 184
Trd, 000292.600, 178
Trd, 000293.133, 185
Trd, 000293.283, 177
Trd, 000293.400, 177
Trd, 000293.683, 174
Trd, 000294.300, 183
Trd, 000294.467, 173
Trd, 000294.567, 181
Trd, 000295.200, 174
Trd, 000295.417, 181
Trd, 000296.467, 179
Trd, 000296.683, 178
Trd, 000297.350, 182
Trd, 000297.967, 185
Trd, 000299.100, 183
Trd, 000299.450, 181
Trd, 000299.467, 181
