Trd, 000001.383, 196
Trd, 000001.483, 200
Trd, 000001.933, 163
Trd, 000002.533, 137
Trd, 000002.650, 122
Trd, 000003.683, 158
Trd, 000004.333, 152
Trd, 000004.367, 140
Trd, 000005.200, 136
Trd, 000005.767, 147
Trd, 000006.033, 144
Trd, 000006.167, 133
Trd, 000007.000, 135
Trd, 000007.200, 140
Trd, 000007.317, 141
Trd, 000008.633, 138
Trd, 000008.833, 139
Trd, 000009.083, 141
Trd, 000009.633, 142
Trd, 000010.783, 140
Trd, 000011.067, 143
Trd, 000011.200, 144
Trd, 000011.750, 148
Trd, 000012.500, 141
Trd, 000012.567, 148
Trd, 000013.217, 140
Trd, 000013.283, 138
Trd, 000013.783, 145
Trd, 000013.983, 133
Trd, 000014.950, 141
Trd, 000015.383, 142
Trd, 000016.517, 139
Trd, 000016.600, 140
Trd, 000017.367, 137
Trd, 000017.617, 138
Trd, 000017.733, 138
Trd, 000017.867, 138
Trd, 000017.900, 139
Trd, 000017.950, 139
Trd, 000018.017, 137
Trd, 000019.317, 139
Trd, 000019.783, 143
Trd, 000020.250, 137
Trd, 000020.567, 135
Trd, 000020.683, 150
Trd, 000020.867, 134
Trd, 000022.117, 164
Trd, 000022.283, 166
Trd, 000022.300, 133
Trd, 000022.950, 140
Trd, 000023.867, 142
Trd, 000023.967, 141
Trd, 000024.317, 150
Trd, 000025.767, 148
Trd, 000025.817, 145
Trd, 000027.417, 161
Trd, 000027.667, 148
Trd, 000027.917, 171
Trd, 000028.900, 153
Trd, 000028.950, 152
Trd, 000029.550, 147
Trd, 000030.000, 150
Trd, 000030.100, 147
Trd, 000030.150, 151
Trd, 000031.383, 146
Trd, 000031.483, 148
Trd, 000031.917, 144
Trd, 000032.200, 146
Trd, 000032.250, 140
Trd, 000032.567, 143
Trd, 000032.600, 148
Trd, 000033.717, 137
Trd, 000034.167, 143
Trd, 000034.300, 140
Trd, 000034.467, 143
Trd, 000035.550, 141
Trd, 000036.450, 142
Trd, 000036.933, 143
Trd, 000037.133, 144
Trd, 000037.600, 151
Trd, 000038.050, 149
Trd, 000038.500, 182
Trd, 000038.633, 143
Trd, 000038.783, 141
Trd, 000039.350, 145
Trd, 000040.367, 147
Trd, 000042.233, 146
Trd, 000042.417, 148
Trd, 000042.700, 149
Trd, 000043.083, 148
Trd, 000043.183, 147
Trd, 000043.433, 145
Trd, 000043.783, 152
Trd, 000044.483, 177
Trd, 000044.800, 177
Trd, 000045.150, 166
Trd, 000045.417, 162
Trd, 000045.533, 145
Trd, 000045.983, 169
Trd, 000046.067, 137
Trd, 000046.783, 148
Trd, 000048.017, 164
Trd, 000048.533, 153
Trd, 000048.983, 158
Trd, 000049.000, 159
Trd, 000049.117, 151
Trd, 000050.517, 152
Trd, 000050.700, 152
Trd, 000050.817, 150
Trd, 000051.117, 157
Trd, 000052.000, 157
Trd, 000052.250, 148
Trd, 000052.917, 157
Trd, 000053.533, 157
Trd, 000054.100, 156
Trd, 000054.200, 153
Trd, 000054.400, 153
Trd, 000055.117, 148
Trd, 000055.700, 158
Trd, 000056.300, 179
Trd, 000057.567, 179
Trd, 000058.350, 166
Trd, 000059.350, 165
Trd, 000059.417, 164
Trd, 000059.433, 161
Trd, 000060.200, 157
Trd, 000060.217, 155
Trd, 000060.450, 148
Trd, 000061.300, 154
Trd, 000062.100, 149
Trd, 000062.633, 151
Trd, 000063.083, 148
Trd, 000063.233, 149
Trd, 000063.550, 152
Trd, 000064.350, 142
Trd, 000064.833, 143
Trd, 000064.883, 139
Trd, 000065.133, 145
Trd, 000065.833, 147
Trd, 000067.783, 142
Trd, 000067.900, 146
Trd, 000068.283, 146
Trd, 000068.317, 145
Trd, 000068.567, 152
Trd, 000068.733, 144
Trd, 000068.917, 154
Trd, 000070.000, 149
Trd, 000070.133, 150
Trd, 000070.283, 154
Trd, 000070.417, 155
Trd, 000070.433, 143
Trd, 000071.350, 144
Trd, 000072.900, 141
Trd, 000073.217, 144
Trd, 000073.233, 140
Trd, 000073.483, 144
Trd, 000073.500, 145
Trd, 000074.050, 146
Trd, 000075.017, 144
Trd, 000075.367, 148
Trd, 000075.683, 143
Trd, 000076.183, 155
Trd, 000077.383, 146
Trd, 000077.400, 145
Trd, 000078.417, 150
Trd, 000078.833, 172
Trd, 000079.033, 176
Trd, 000079.700, 147
Trd, 000080.000, 147
Trd, 000080.700, 147
Trd, 000080.750, 146
Trd, 000081.417, 156
Trd, 000081.517, 156
Trd, 000082.000, 150
Trd, 000082.083, 145
Trd, 000082.250, 148
Trd, 000082.583, 148
Trd, 000082.833, 153
Trd, 000083.100, 149
Trd, 000083.733, 149
Trd, 000083.867, 154
Trd, 000084.450, 147
Trd, 000084.633, 173
Trd, 000085.783, 149
Trd, 000086.050, 148
Trd, 000086.500, 149
Trd, 000087.100, 149
Trd, 000087.117, 150
Trd, 000087.667, 150
Trd, 000088.083, 147
Trd, 000088.100, 156
Trd, 000088.367, 145
Trd, 000088.383, 157
Trd, 000088.600, 145
Trd, 000089.533, 167
Trd, 000091.400, 170
Trd, 000092.000, 177
Trd, 000092.417, 205
Trd, 000092.950, 166
Trd, 000093.583, 191
Trd, 000094.250, 182
Trd, 000095.183, 175
Trd, 000096.400, 173
Trd, 000097.100, 171
Trd, 000097.267, 172
Trd, 000097.500, 180
Trd, 000097.683, 167
Trd, 000098.367, 167
Trd, 000098.783, 172
Trd, 000100.300, 169
Trd, 000100.450, 170
Trd, 000100.717, 168
Trd, 000100.767, 158
Trd, 000101.533, 164
Trd, 000101.850, 173
Trd, 000101.883, 155
Trd, 000101.967, 153
Trd, 000102.217, 147
Trd, 000102.950, 175
Trd, 000103.550, 155
Trd, 000103.717, 158
Trd, 000104.717, 148
Trd, 000106.450, 148
Trd, 000106.583, 149
Trd, 000106.850, 147
Trd, 000107.400, 148
Trd, 000108.067, 149
Trd, 000108.200, 149
Trd, 000108.850, 149
Trd, 000109.083, 146
Trd, 000109.850, 144
Trd, 000110.250, 144
Trd, 000110.350, 144
Trd, 000111.167, 144
Trd, 000111.400, 145
Trd, 000111.650, 144
Trd, 000112.367, 149
Trd, 000112.483, 146
Trd, 000112.633, 152
Trd, 000112.667, 146
Trd, 000113.017, 159
Trd, 000113.033, 145
Trd, 000113.683, 176
Trd, 000114.283, 170
Trd, 000115.167, 169
Trd, 000115.917, 160
Trd, 000117.567, 162
Trd, 000117.717, 165
Trd, 000117.800, 166
Trd, 000118.917, 159
Trd, 000120.050, 160
Trd, 000120.717, 159
Trd, 000120.767, 159
Trd, 000120.883, 156
Trd, 000121.233, 161
Trd, 000121.333, 162
Trd, 000121.367, 160
Trd, 000122.167, 158
Trd, 000122.917, 156
Trd, 000123.000, 155
Trd, 000124.867, 154
Trd, 000125.033, 154
Trd, 000125.333, 154
Trd, 000125.433, 154
Trd, 000125.483, 149
Trd, 000125.550, 160
Trd, 000126.733, 177
Trd, 000127.300, 154
Trd, 000127.533, 147
Trd, 000127.933, 154
Trd, 000128.167, 155
Trd, 000128.183, 151
Trd, 000128.950, 154
Trd, 000130.150, 153
Trd, 000131.100, 150
Trd, 000131.150, 156
Trd, 000131.450, 147
Trd, 000131.683, 161
Trd, 000131.767, 146
Trd, 000132.550, 149
Trd, 000133.183, 151
Trd, 000133.833, 160
Trd, 000134.333, 178
Trd, 000135.167, 210
Trd, 000135.200, 199
Trd, 000135.517, 197
Trd, 000135.850, 175
Trd, 000136.633, 170
Trd, 000136.783, 196
Trd, 000137.017, 170
Trd, 000137.350, 156
Trd, 000138.033, 183
Trd, 000139.200, 156
Trd, 000139.533, 149
Trd, 000139.600, 157
Trd, 000139.683, 148
Trd, 000140.033, 156
Trd, 000140.283, 155
Trd, 000140.583, 151
Trd, 000140.917, 153
Trd, 000141.050, 147
Trd, 000141.067, 153
Trd, 000141.917, 155
Trd, 000142.367, 155
Trd, 000144.933, 154
Trd, 000145.000, 147
Trd, 000145.483, 148
Trd, 000145.683, 149
Trd, 000145.817, 151
Trd, 000146.200, 147
Trd, 000146.217, 152
Trd, 000146.883, 162
Trd, 000147.167, 180
Trd, 000147.700, 179
Trd, 000148.017, 186
Trd, 000148.633, 176
Trd, 000149.883, 176
Trd, 000149.933, 173
Trd, 000150.283, 177
Trd, 000150.567, 173
Trd, 000150.750, 175
Trd, 000151.683, 170
Trd, 000151.750, 172
Trd, 000152.633, 169
Trd, 000153.817, 162
Trd, 000154.433, 162
Trd, 000154.950, 163
Trd, 000155.117, 158
Trd, 000155.217, 164
Trd, 000155.333, 164
Trd, 000155.517, 165
Trd, 000155.883, 150
Trd, 000156.217, 157
Trd, 000156.500, 148
Trd, 000156.583, 165
Trd, 000156.833, 180
Trd, 000158.033, 165
Trd, 000158.283, 172
Trd, 000158.817, 165
Trd, 000158.867, 170
Trd, 000159.217, 170
Trd, 000160.200, 165
Trd, 000160.383, 160
Trd, 000161.150, 166
Trd, 000161.817, 163
Trd, 000162.200, 161
Trd, 000162.600, 164
Trd, 000163.233, 159
Trd, 000163.267, 153
Trd, 000163.600, 163
Trd, 000163.683, 161
Trd, 000163.817, 167
Trd, 000164.100, 168
Trd, 000164.500, 158
Trd, 000166.000, 162
Trd, 000166.600, 163
Trd, 000166.633, 162
Trd, 000166.833, 164
Trd, 000167.050, 161
Trd, 000167.133, 157
Trd, 000167.767, 165
Trd, 000167.867, 155
Trd, 000168.300, 167
Trd, 000168.783, 167
Trd, 000168.883, 182
Trd, 000169.400, 172
Trd, 000171.083, 164
Trd, 000172.567, 163
Trd, 000172.583, 165
Trd, 000173.383, 166
Trd, 000173.417, 162
Trd, 000174.233, 157
Trd, 000174.600, 167
Trd, 000174.717, 156
Trd, 000174.817, 167
Trd, 000175.767, 165
Trd, 000175.967, 157
Trd, 000177.917, 161
Trd, 000178.333, 162
Trd, 000178.383, 163
Trd, 000178.667, 163
Trd, 000179.033, 165
Trd, 000179.217, 166
Trd, 000179.283, 163
Trd, 000179.367, 161
Trd, 000180.200, 159
Trd, 000181.067, 160
Trd, 000181.300, 162
Trd, 000182.083, 161
Trd, 000182.433, 161
Trd, 000182.783, 163
Trd, 000183.417, 164
Trd, 000184.100, 164
Trd, 000184.250, 166
Trd, 000184.783, 155
Trd, 000185.167, 165
Trd, 000185.217, 166
Trd, 000186.117, 182
Trd, 000186.433, 177
Trd, 000186.717, 162
Trd, 000186.817, 163
Trd, 000187.083, 161
Trd, 000187.483, 165
Trd, 000187.683, 159
Trd, 000187.917, 155
Trd, 000188.717, 173
Trd, 000189.167, 169
Trd, 000190.133, 160
Trd, 000190.483, 166
Trd, 000191.117, 166
Trd, 000191.200, 167
Trd, 000191.633, 168
Trd, 000191.850, 170
Trd, 000192.083, 201
Trd, 000192.800, 208
Trd, 000193.467, 179
Trd, 000194.433, 177
Trd, 000194.950, 187
Trd, 000195.000, 169
Trd, 000195.083, 167
Trd, 000195.517, 162
Trd, 000196.000, 175
Trd, 000196.433, 174
Trd, 000197.733, 165
Trd, 000198.333, 167
Trd, 000198.417, 167
Trd, 000198.900, 166
Trd, 000199.383, 156
Trd, 000199.883, 166
Trd, 000200.133, 166
Trd, 000200.467, 162
Trd, 000200.800, 168
Trd, 000201.333, 167
Trd, 000201.650, 162
Trd, 000202.183, 169
Trd, 000202.267, 162
Trd, 000203.167, 170
Trd, 000203.633, 169
Trd, 000203.717, 167
Trd, 000204.317, 182
Trd, 000204.450, 166
Trd, 000204.600, 162
Trd, 000205.083, 172
Trd, 000206.367, 170
Trd, 000206.733, 167
Trd, 000206.983, 173
Trd, 000208.700, 169
Trd, 000208.983, 167
Trd, 000209.583, 169
Trd, 000210.083, 171
Trd, 000210.650, 169
Trd, 000210.683, 164
Trd, 000211.067, 164
Trd, 000211.083, 168
Trd, 000212.233, 165
Trd, 000212.417, 163
Trd, 000214.283, 159
Trd, 000214.467, 155
Trd, 000215.067, 155
Trd, 000215.617, 154
Trd, 000215.933, 155
Trd, 000216.633, 158
Trd, 000216.667, 157
Trd, 000216.700, 159
Trd, 000217.167, 162
Trd, 000218.850, 170
Trd, 000219.400, 168
Trd, 000219.700, 164
Trd, 000220.333, 169
Trd, 000221.117, 159
Trd, 000221.133, 159
Trd, 000221.800, 156
Trd, 000221.900, 161
Trd, 000221.983, 154
Trd, 000222.167, 161
Trd, 000222.833, 162
Trd, 000222.900, 187
Trd, 000223.800, 193
Trd, 000224.000, 183
Trd, 000225.333, 175
Trd, 000225.667, 176
Trd, 000226.283, 178
Trd, 000226.550, 179
Trd, 000226.983, 168
Trd, 000227.517, 166
Trd, 000227.550, 165
Trd, 000228.550, 168
Trd, 000228.567, 162
Trd, 000229.567, 165
Trd, 000230.050, 164
Trd, 000230.433, 160
Trd, 000230.683, 160
Trd, 000230.800, 164
Trd, 000231.200, 161
Trd, 000231.833, 161
Trd, 000231.917, 162
Trd, 000232.800, 161
Trd, 000233.583, 162
Trd, 000233.750, 163
Trd, 000234.067, 171
Trd, 000234.600, 161
Trd, 000235.117, 163
Trd, 000235.750, 165
Trd, 000235.767, 166
Trd, 000236.950, 157
Trd, 000237.400, 157
Trd, 000237.567, 165
Trd, 000237.900, 164
Trd, 000238.033, 158
Trd, 000238.400, 171
Trd, 000238.800, 155
Trd, 000239.117, 162
Trd, 000239.250, 169
Trd, 000239.683, 158
Trd, 000240.883, 160
Trd, 000241.217, 164
Trd, 000241.817, 162
Trd, 000241.833, 161
Trd, 000241.917, 164
Trd, 000242.100, 164
Trd, 000242.167, 161
Trd, 000242.283, 165
Trd, 000242.867, 172
Trd, 000243.817, 177
Trd, 000244.500, 171
Trd, 000244.950, 170
Trd, 000245.050, 172
Trd, 000245.233, 170
Trd, 000245.617, 170
Trd, 000246.033, 171
Trd, 000246.850, 169
Trd, 000247.317, 166
Trd, 000247.917, 175
Trd, 000248.133, 168
Trd, 000248.617, 162
Trd, 000249.767, 167
Trd, 000250.233, 172
Trd, 000250.733, 169
Trd, 000251.000, 168
Trd, 000251.133, 167
Trd, 000251.917, 170
Trd, 000252.117, 169
Trd, 000252.250, 173
Trd, 000252.333, 176
Trd, 000252.583, 168
Trd, 000252.600, 167
Trd, 000253.883, 160
Trd, 000254.500, 165
Trd, 000254.633, 162
Trd, 000255.400, 167
Trd, 000255.583, 168
Trd, 000255.850, 168
Trd, 000256.217, 163
Trd, 000256.400, 161
Trd, 000256.650, 160
Trd, 000256.883, 163
Trd, 000256.933, 162
Trd, 000257.700, 163
Trd, 000258.150, 163
Trd, 000258.350, 165
Trd, 000258.567, 163
Trd, 000258.717, 165
Trd, 000258.867, 159
Trd, 000259.383, 165
Trd, 000259.483, 167
Trd, 000259.733, 168
Trd, 000259.933, 169
Trd, 000260.700, 173
Trd, 000261.317, 168
Trd, 000261.850, 174
Trd, 000262.217, 175
Trd, 000262.783, 173
Trd, 000263.067, 177
Trd, 000263.383, 194
Trd, 000263.683, 200
Trd, 000265.383, 175
Trd, 000265.933, 172
Trd, 000266.467, 173
Trd, 000266.567, 171
Trd, 000266.633, 170
Trd, 000266.667, 175
Trd, 000266.833, 176
Trd, 000266.867, 169
Trd, 000266.900, 164
Trd, 000267.517, 174
Trd, 000268.050, 177
Trd, 000268.617, 169
Trd, 000268.783, 193
Trd, 000269.450, 179
Trd, 000269.667, 166
Trd, 000269.683, 165
Trd, 000270.583, 175
Trd, 000270.667, 176
Trd, 000271.533, 176
Trd, 000271.700, 169
Trd, 000272.150, 169
Trd, 000272.417, 170
Trd, 000272.567, 168
Trd, 000272.867, 164
Trd, 000273.567, 175
Trd, 000273.800, 171
Trd, 000273.983, 178
Trd, 000274.233, 191
Trd, 000274.600, 177
Trd, 000275.483, 171
Trd, 000276.117, 173
Trd, 000276.250, 176
Trd, 000276.300, 177
Trd, 000276.533, 178
Trd, 000277.000, 178
Trd, 000277.350, 175
Trd, 000278.317, 173
Trd, 000278.517, 177
Trd, 000278.600, 178
Trd, 000279.567, 178
Trd, 000279.850, 171
Trd, 000280.300, 174
Trd, 000280.333, 170
Trd, 000280.683, 179
Trd, 000281.117, 170
Trd, 000281.200, 176
Trd, 000282.333, 173
Trd, 000282.667, 175
Trd, 000283.167, 171
Trd, 000283.550, 175
Trd, 000283.600, 171
Trd, 000283.617, 196
Trd, 000284.167, 176
Trd, 000284.300, 179
Trd, 000284.633, 179
Trd, 000285.250, 175
Trd, 000285.417, 174
Trd, 000285.850, 178
Trd, 000286.033, 175
Trd, 000286.700, 174
Trd, 000286.833, 178
Trd, 000287.433, 165
Trd, 000288.100, 177
Trd, 000288.283, 178
Trd, 000288.650, 178
Trd, 000288.783, 180
Trd, 000289.167, 172
Trd, 000289.217, 162
Trd, 000290.867, 176
Trd, 000291.050, 177
Trd, 000291.483, 175
Trd, 000291.967, 176
Trd, 000292.183, 176
Trd, 000292.650, 174
Trd, 000292.667, 178
Trd, 000292.700, 173
Trd, 000292.917, 178
Trd, 000293.767, 172
Trd, 000294.967, 180
Trd, 000295.900, 173
Trd, 000296.100, 178
Trd, 000296.217, 176
Trd, 000296.617, 172
Trd, 000296.817, 177
Trd, 000297.333, 173
Trd, 000297.983, 177
Trd, 000298.250, 178
Trd, 000298.783, 176
Trd, 000298.833, 179
Trd, 000299.067, 180
