Trd, 000001.167, 122
Trd, 000001.517, 173
Trd, 000003.450, 186
Trd, 000003.633, 162
Trd, 000005.150, 162
Trd, 000005.833, 137
Trd, 000006.100, 137
Trd, 000006.333, 136
Trd, 000006.900, 148
Trd, 000007.383, 153
Trd, 000007.933, 155
Trd, 000009.067, 130
Trd, 000009.183, 129
Trd, 000009.317, 125
Trd, 000010.800, 138
Trd, 000011.350, 148
Trd, 000012.167, 147
Trd, 000012.583, 147
Trd, 000012.783, 145
Trd, 000013.033, 149
Trd, 000013.400, 144
Trd, 000013.600, 141
Trd, 000014.233, 149
Trd, 000015.500, 152
Trd, 000015.683, 143
Trd, 000016.283, 142
Trd, 000017.183, 156
Trd, 000018.583, 143
Trd, 000018.617, 161
Trd, 000018.917, 162
Trd, 000019.383, 150
Trd, 000019.400, 139
Trd, 000019.983, 140
Trd, 000020.267, 152
Trd, 000021.583, 150
Trd, 000021.750, 148
Trd, 000022.333, 155
Trd, 000022.567, 164
Trd, 000022.950, 167
Trd, 000023.350, 152
Trd, 000023.717, 162
Trd, 000024.350, 149
Trd, 000024.517, 164
Trd, 000024.533, 142
Trd, 000024.767, 138
Trd, 000026.617, 151
Trd, 000027.850, 150
Trd, 000027.950, 154
Trd, 000028.267, 151
Trd, 000029.100, 148
Trd, 000029.917, 155
Trd, 000030.983, 158
Trd, 000031.133, 148
Trd, 000031.733, 167
Trd, 000033.183, 147
Trd, 000034.300, 151
Trd, 000034.617, 161
Trd, 000035.050, 162
Trd, 000035.450, 165
Trd, 000035.800, 151
Trd, 000036.100, 153
Trd, 000036.483, 153
Trd, 000037.467, 165
Trd, 000037.550, 166
Trd, 000037.717, 166
Trd, 000037.800, 162
Trd, 000038.750, 168
Trd, 000039.533, 153
Trd, 000040.483, 152
Trd, 000041.500, 144
Trd, 000042.067, 150
Trd, 000042.383, 152
Trd, 000043.067, 169
Trd, 000044.267, 167
Trd, 000044.783, 166
Trd, 000045.017, 149
Trd, 000045.350, 156
Trd, 000045.717, 168
Trd, 000046.917, 145
Trd, 000047.617, 146
Trd, 000047.850, 153
Trd, 000047.867, 140
Trd, 000048.483, 159
Trd, 000049.417, 156
Trd, 000050.150, 158
Trd, 000050.250, 160
Trd, 000051.333, 153
Trd, 000051.500, 151
Trd, 000052.000, 161
Trd, 000052.450, 152
Trd, 000052.650, 168
Trd, 000053.000, 154
Trd, 000053.583, 154
Trd, 000053.617, 156
Trd, 000054.167, 153
Trd, 000055.783, 158
Trd, 000056.050, 170
Trd, 000057.550, 173
Trd, 000058.033, 160
Trd, 000058.300, 171
Trd, 000059.150, 169
Trd, 000059.300, 174
Trd, 000059.383, 177
Trd, 000060.083, 170
Trd, 000060.200, 168
Trd, 000060.600, 160
Trd, 000060.633, 175
Trd, 000061.200, 169
Trd, 000061.333, 146
Trd, 000062.217, 168
Trd, 000062.233, 142
Trd, 000064.000, 145
Trd, 000064.850, 152
Trd, 000065.350, 154
Trd, 000065.733, 142
Trd, 000065.800, 161
Trd, 000066.333, 137
Trd, 000067.467, 154
Trd, 000067.967, 151
Trd, 000068.767, 155
Trd, 000069.150, 157
Trd, 000071.283, 159
Trd, 000072.300, 152
Trd, 000072.517, 152
Trd, 000072.633, 159
Trd, 000074.400, 160
Trd, 000074.450, 155
Trd, 000074.650, 155
Trd, 000074.700, 162
Trd, 000074.783, 171
Trd, 000075.433, 155
Trd, 000075.883, 154
Trd, 000077.550, 154
Trd, 000078.267, 162
Trd, 000078.400, 163
Trd, 000078.733, 173
Trd, 000079.000, 173
Trd, 000079.367, 158
Trd, 000080.050, 162
Trd, 000080.317, 159
Trd, 000081.767, 156
Trd, 000082.250, 159
Trd, 000082.533, 164
Trd, 000082.600, 157
Trd, 000083.017, 173
Trd, 000083.550, 150
Trd, 000083.683, 176
Trd, 000083.817, 148
Trd, 000084.300, 170
Trd, 000086.533, 130
Trd, 000086.550, 131
Trd, 000087.883, 146
Trd, 000088.767, 144
Trd, 000088.883, 156
Trd, 000089.033, 144
Trd, 000089.767, 157
Trd, 000090.733, 160
Trd, 000092.167, 162
Trd, 000092.250, 160
Trd, 000092.950, 162
Trd, 000093.300, 169
Trd, 000093.650, 165
Trd, 000093.950, 173
Trd, 000094.250, 174
Trd, 000094.383, 174
Trd, 000095.667, 164
Trd, 000095.783, 148
Trd, 000096.517, 164
Trd, 000097.483, 160
Trd, 000097.533, 174
Trd, 000097.567, 174
Trd, 000099.383, 158
Trd, 000099.950, 158
Trd, 000100.000, 158
Trd, 000100.250, 157
Trd, 000100.900, 158
Trd, 000102.550, 160
Trd, 000103.367, 154
Trd, 000103.400, 153
Trd, 000103.733, 152
Trd, 000104.400, 150
Trd, 000105.400, 158
Trd, 000105.667, 144
Trd, 000106.483, 154
Trd, 000106.733, 159
Trd, 000107.000, 160
Trd, 000109.550, 160
Trd, 000110.500, 156
Trd, 000111.550, 162
Trd, 000111.667, 159
Trd, 000112.017, 159
Trd, 000112.717, 173
Trd, 000113.167, 157
Trd, 000113.717, 176
Trd, 000114.017, 173
Trd, 000114.150, 161
Trd, 000114.367, 179
Trd, 000114.867, 151
Trd, 000115.383, 147
Trd, 000115.567, 159
Trd, 000115.583, 176
Trd, 000116.200, 154
Trd, 000117.167, 153
Trd, 000117.567, 145
Trd, 000117.817, 158
Trd, 000120.850, 154
Trd, 000120.883, 157
Trd, 000120.917, 160
Trd, 000121.217, 162
Trd, 000121.333, 153
Trd, 000121.917, 159
Trd, 000122.267, 154
Trd, 000122.817, 146
Trd, 000123.367, 149
Trd, 000123.900, 160
Trd, 000124.033, 147
Trd, 000124.517, 163
Trd, 000125.167, 177
Trd, 000125.717, 181
Trd, 000126.583, 154
Trd, 000127.667, 164
Trd, 000129.333, 166
Trd, 000129.700, 168
Trd, 000129.767, 165
Trd, 000130.067, 175
Trd, 000130.683, 177
Trd, 000130.950, 162
Trd, 000131.150, 153
Trd, 000131.483, 145
Trd, 000133.133, 176
Trd, 000133.200, 178
Trd, 000134.033, 176
Trd, 000134.633, 175
Trd, 000134.750, 172
Trd, 000134.783, 176
Trd, 000136.050, 172
Trd, 000136.283, 171
Trd, 000136.300, 173
Trd, 000136.583, 171
Trd, 000137.400, 170
Trd, 000137.983, 148
Trd, 000138.583, 180
Trd, 000138.667, 167
Trd, 000139.667, 165
Trd, 000140.050, 182
Trd, 000140.900, 158
Trd, 000140.933, 154
Trd, 000141.883, 155
Trd, 000142.150, 162
Trd, 000143.167, 154
Trd, 000143.450, 166
Trd, 000144.817, 160
Trd, 000145.517, 167
Trd, 000145.867, 161
Trd, 000146.283, 162
Trd, 000146.683, 169
Trd, 000146.767, 177
Trd, 000146.917, 161
Trd, 000147.283, 153
Trd, 000148.117, 160
Trd, 000148.433, 159
Trd, 000149.133, 173
Trd, 000150.533, 158
Trd, 000151.367, 163
Trd, 000151.717, 166
Trd, 000151.983, 170
Trd, 000152.100, 156
Trd, 000152.667, 179
Trd, 000152.917, 180
Trd, 000154.033, 184
Trd, 000154.467, 162
Trd, 000154.700, 175
Trd, 000155.617, 160
Trd, 000156.417, 156
Trd, 000156.817, 157
Trd, 000157.517, 159
Trd, 000158.533, 156
Trd, 000159.000, 161
Trd, 000159.367, 163
Trd, 000160.833, 164
Trd, 000160.900, 168
Trd, 000161.333, 179
Trd, 000162.100, 159
Trd, 000162.250, 158
Trd, 000163.367, 168
Trd, 000163.517, 170
Trd, 000164.300, 162
Trd, 000164.483, 160
Trd, 000164.533, 164
Trd, 000164.800, 177
Trd, 000165.283, 178
Trd, 000165.350, 159
Trd, 000165.733, 157
Trd, 000167.217, 158
Trd, 000167.267, 156
Trd, 000167.733, 156
Trd, 000168.050, 179
Trd, 000170.333, 176
Trd, 000170.683, 170
Trd, 000170.733, 177
Trd, 000171.150, 175
Trd, 000171.683, 168
Trd, 000172.467, 178
Trd, 000172.483, 166
Trd, 000173.267, 166
Trd, 000173.350, 179
Trd, 000174.300, 165
Trd, 000174.317, 180
Trd, 000174.567, 186
Trd, 000174.833, 183
Trd, 000175.517, 179
Trd, 000177.600, 171
Trd, 000177.650, 169
Trd, 000178.450, 171
Trd, 000178.683, 169
Trd, 000178.933, 173
Trd, 000179.583, 178
Trd, 000179.800, 170
Trd, 000180.500, 170
Trd, 000181.017, 176
Trd, 000181.283, 180
Trd, 000182.017, 157
Trd, 000182.183, 155
Trd, 000183.250, 165
Trd, 000184.183, 166
Trd, 000184.650, 169
Trd, 000184.983, 173
Trd, 000185.917, 164
Trd, 000185.967, 158
Trd, 000186.367, 178
Trd, 000186.550, 179
Trd, 000187.567, 180
Trd, 000188.617, 167
Trd, 000190.067, 158
Trd, 000190.250, 174
Trd, 000190.417, 158
Trd, 000190.633, 156
Trd, 000191.450, 167
Trd, 000191.583, 177
Trd, 000192.400, 162
Trd, 000193.117, 165
Trd, 000194.583, 164
Trd, 000195.200, 166
Trd, 000195.967, 162
Trd, 000196.450, 168
Trd, 000196.850, 170
Trd, 000197.050, 175
Trd, 000197.233, 159
Trd, 000197.500, 184
Trd, 000197.900, 156
Trd, 000198.000, 155
Trd, 000199.067, 157
Trd, 000199.400, 184
Trd, 000200.033, 167
Trd, 000200.717, 168
Trd, 000201.117, 164
Trd, 000201.617, 162
Trd, 000202.100, 160
Trd, 000204.450, 165
Trd, 000204.767, 171
Trd, 000204.917, 171
Trd, 000205.050, 163
Trd, 000205.333, 162
Trd, 000205.500, 161
Trd, 000205.567, 167
Trd, 000206.467, 168
Trd, 000207.700, 160
Trd, 000208.233, 160
Trd, 000208.600, 155
Trd, 000209.050, 161
Trd, 000209.533, 163
Trd, 000210.567, 172
Trd, 000211.000, 169
Trd, 000211.433, 176
Trd, 000211.450, 158
Trd, 000211.533, 183
Trd, 000213.267, 169
Trd, 000213.783, 172
Trd, 000214.917, 166
Trd, 000215.617, 167
Trd, 000215.900, 169
Trd, 000215.933, 176
Trd, 000216.083, 184
Trd, 000217.033, 166
Trd, 000217.350, 174
Trd, 000217.500, 184
Trd, 000218.050, 166
Trd, 000218.200, 162
Trd, 000219.033, 159
Trd, 000220.000, 170
Trd, 000220.267, 158
Trd, 000220.583, 180
Trd, 000220.700, 159
Trd, 000221.717, 175
Trd, 000222.000, 160
Trd, 000222.133, 181
Trd, 000222.417, 159
Trd, 000223.100, 180
Trd, 000224.133, 183
Trd, 000224.467, 184
Trd, 000224.717, 164
Trd, 000225.000, 158
Trd, 000225.450, 163
Trd, 000226.600, 170
Trd, 000227.050, 162
Trd, 000227.650, 167
Trd, 000227.717, 159
Trd, 000228.267, 168
Trd, 000228.833, 171
Trd, 000230.150, 166
Trd, 000230.433, 161
Trd, 000230.867, 163
Trd, 000231.083, 175
Trd, 000231.550, 178
Trd, 000233.117, 185
Trd, 000233.500, 169
Trd, 000233.933, 168
Trd, 000234.483, 160
Trd, 000235.600, 171
Trd, 000235.933, 176
Trd, 000236.050, 173
Trd, 000236.783, 176
Trd, 000237.150, 178
Trd, 000237.350, 167
Trd, 000238.917, 180
Trd, 000239.500, 186
Trd, 000239.817, 187
Trd, 000239.867, 171
Trd, 000240.400, 175
Trd, 000240.617, 175
Trd, 000240.717, 173
Trd, 000240.883, 172
Trd, 000241.100, 179
Trd, 000241.467, 173
Trd, 000242.083, 172
Trd, 000242.433, 175
Trd, 000243.033, 177
Trd, 000243.483, 173
Trd, 000243.750, 170
Trd, 000243.917, 176
Trd, 000244.000, 183
Trd, 000244.183, 184
Trd, 000245.033, 163
Trd, 000245.550, 171
Trd, 000245.767, 170
Trd, 000245.867, 168
Trd, 000246.200, 170
Trd, 000247.333, 177
Trd, 000248.717, 170
Trd, 000248.783, 169
Trd, 000249.233, 167
Trd, 000249.950, 172
Trd, 000250.067, 172
Trd, 000251.067, 171
Trd, 000251.267, 173
Trd, 000251.467, 173
Trd, 000251.717, 175
Trd, 000251.817, 176
Trd, 000252.400, 174
Trd, 000252.533, 180
Trd, 000252.767, 176
Trd, 000253.267, 182
Trd, 000253.367, 188
Trd, 000253.950, 172
Trd, 000254.000, 165
Trd, 000254.033, 141
Trd, 000254.417, 166
Trd, 000255.317, 181
Trd, 000255.717, 178
Trd, 000256.683, 171
Trd, 000256.850, 171
Trd, 000257.133, 174
Trd, 000257.333, 172
Trd, 000257.383, 170
Trd, 000257.467, 176
Trd, 000258.533, 173
Trd, 000259.367, 166
Trd, 000259.983, 166
Trd, 000260.383, 166
Trd, 000260.700, 166
Trd, 000261.317, 164
Trd, 000261.500, 162
Trd, 000261.517, 160
Trd, 000261.583, 155
Trd, 000262.300, 163
Trd, 000263.200, 170
Trd, 000263.500, 172
Trd, 000264.200, 166
Trd, 000264.283, 169
Trd, 000264.683, 177
Trd, 000265.217, 171
Trd, 000265.683, 167
Trd, 000265.917, 173
Trd, 000266.367, 172
Trd, 000266.683, 174
Trd, 000266.783, 181
Trd, 000267.033, 168
Trd, 000267.133, 169
Trd, 000267.767, 170
Trd, 000267.800, 166
Trd, 000268.467, 175
Trd, 000269.500, 170
Trd, 000269.750, 178
Trd, 000270.667, 184
Trd, 000271.317, 175
Trd, 000271.333, 180
Trd, 000271.933, 176
Trd, 000272.317, 175
Trd, 000272.833, 174
Trd, 000272.950, 174
Trd, 000273.617, 177
Trd, 000273.633, 178
Trd, 000273.783, 181
Trd, 000274.017, 182
Trd, 000274.033, 190
Trd, 000274.550, 197
Trd, 000275.233, 185
Trd, 000275.350, 189
Trd, 000275.367, 186
Trd, 000275.783, 187
Trd, 000276.167, 166
Trd, 000276.633, 171
Trd, 000277.200, 176
Trd, 000277.683, 172
Trd, 000277.767, 178
Trd, 000278.117, 178
Trd, 000278.850, 181
Trd, 000279.050, 183
Trd, 000279.117, 188
Trd, 000279.400, 181
Trd, 000279.500, 177
Trd, 000279.567, 167
Trd, 000280.683, 185
Trd, 000281.233, 188
Trd, 000281.400, 185
Trd, 000281.583, 181
Trd, 000281.683, 186
Trd, 000281.900, 176
Trd, 000282.883, 179
Trd, 000283.283, 187
Trd, 000283.617, 187
Trd, 000283.733, 174
Trd, 000283.850, 173
Trd, 000284.367, 164
Trd, 000284.383, 157
Trd, 000284.950, 168
Trd, 000285.267, 174
Trd, 000285.900, 169
Trd, 000285.917, 177
Trd, 000286.167, 168
Trd, 000287.100, 169
Trd, 000287.167, 170
Trd, 000287.550, 162
Trd, 000287.783, 171
Trd, 000288.333, 167
Trd, 000288.567, 166
Trd, 000289.017, 166
Trd, 000289.300, 165
Trd, 000289.400, 170
Trd, 000289.600, 180
Trd, 000291.433, 166
Trd, 000291.500, 177
Trd, 000291.883, 184
Trd, 000292.000, 191
Trd, 000292.433, 177
Trd, 000292.517, 176
Trd, 000292.633, 166
Trd, 000293.133, 194
Trd, 000293.333, 194
Trd, 000293.567, 194
Trd, 000294.333, 192
Trd, 000294.517, 191
Trd, 000294.750, 189
Trd, 000295.117, 165
Trd, 000295.233, 166
Trd, 000295.733, 165
Trd, 000296.150, 174
Trd, 000296.250, 192
Trd, 000296.467, 173
Trd, 000296.583, 167
Trd, 000296.733, 194
Trd, 000297.050, 167
Trd, 000297.317, 195
Trd, 000298.150, 171
Trd, 000298.900, 166
Trd, 000299.183, 164
Trd, 000299.217, 180
