Trd, 000000.967, 137
Trd, 000001.650, 174
Trd, 000002.783, 158
Trd, 000003.550, 160
Trd, 000004.067, 160
Trd, 000004.183, 161
Trd, 000004.767, 144
Trd, 000005.217, 146
Trd, 000005.283, 159
Trd, 000005.700, 154
Trd, 000005.733, 162
Trd, 000007.250, 160
Trd, 000007.667, 159
Trd, 000007.817, 156
Trd, 000008.250, 156
Trd, 000008.550, 155
Trd, 000008.750, 158
Trd, 000009.150, 159
Trd, 000009.500, 149
Trd, 000009.683, 145
Trd, 000010.100, 123
Trd, 000010.467, 146
Trd, 000011.800, 140
Trd, 000012.317, 145
Trd, 000013.100, 147
Trd, 000014.467, 151
Trd, 000014.667, 152
Trd, 000015.033, 156
Trd, 000015.700, 160
Trd, 000017.317, 153
Trd, 000017.367, 149
Trd, 000017.567, 154
Trd, 000020.033, 150
Trd, 000020.117, 150
Trd, 000020.367, 146
Trd, 000020.500, 154
Trd, 000022.183, 151
Trd, 000022.683, 150
Trd, 000023.250, 152
Trd, 000023.817, 152
Trd, 000024.283, 151
Trd, 000024.500, 152
Trd, 000025.150, 157
Trd, 000025.383, 153
Trd, 000026.033, 155
Trd, 000026.800, 155
Trd, 000027.850, 154
Trd, 000028.600, 151
Trd, 000028.683, 162
Trd, 000028.950, 163
Trd, 000029.700, 163
Trd, 000030.483, 158
Trd, 000030.933, 141
Trd, 000031.350, 140
Trd, 000031.583, 157
Trd, 000032.783, 144
Trd, 000033.100, 154
Trd, 000033.117, 156
Trd, 000033.883, 146
Trd, 000035.283, 150
Trd, 000036.350, 149
Trd, 000036.417, 145
Trd, 000036.683, 151
Trd, 000036.933, 151
Trd, 000037.133, 157
Trd, 000037.583, 141
Trd, 000037.633, 142
Trd, 000037.900, 157
Trd, 000038.033, 158
Trd, 000039.983, 151
Trd, 000041.017, 144
Trd, 000041.150, 150
Trd, 000041.850, 144
Trd, 000042.383, 156
Trd, 000043.350, 153
Trd, 000043.850, 150
Trd, 000044.333, 153
Trd, 000045.617, 152
Trd, 000046.033, 153
Trd, 000046.133, 151
Trd, 000046.267, 155
Trd, 000047.667, 159
Trd, 000048.083, 160
Trd, 000048.100, 154
Trd, 000048.583, 162
Trd, 000048.617, 167
Trd, 000049.033, 154
Trd, 000050.267, 155
Trd, 000050.550, 162
Trd, 000052.200, 155
Trd, 000052.450, 153
Trd, 000053.067, 160
Trd, 000053.233, 160
Trd, 000053.333, 161
Trd, 000054.617, 156
Trd, 000055.517, 159
Trd, 000056.667, 158
Trd, 000057.283, 162
Trd, 000058.517, 158
Trd, 000059.133, 159
Trd, 000059.300, 161
Trd, 000059.417, 155
Trd, 000061.333, 155
Trd, 000061.367, 160
Trd, 000061.717, 155
Trd, 000062.633, 160
Trd, 000062.800, 161
Trd, 000063.100, 156
Trd, 000063.150, 152
Trd, 000064.183, 159
Trd, 000064.567, 161
Trd, 000064.883, 168
Trd, 000066.150, 155
Trd, 000066.733, 154
Trd, 000067.500, 160
Trd, 000067.767, 162
Trd, 000069.033, 165
Trd, 000069.150, 157
Trd, 000069.300, 169
Trd, 000069.383, 166
Trd, 000070.533, 162
Trd, 000071.117, 158
Trd, 000071.817, 155
Trd, 000071.867, 155
Trd, 000071.883, 156
Trd, 000073.550, 156
Trd, 000073.917, 157
Trd, 000074.150, 159
Trd, 000074.600, 159
Trd, 000075.050, 160
Trd, 000075.700, 161
Trd, 000075.867, 159
Trd, 000075.883, 162
Trd, 000076.817, 164
Trd, 000078.150, 165
Trd, 000079.417, 162
Trd, 000079.550, 160
Trd, 000080.050, 160
Trd, 000081.467, 160
Trd, 000082.433, 159
Trd, 000083.333, 157
Trd, 000083.767, 157
Trd, 000084.183, 156
Trd, 000084.367, 157
Trd, 000085.300, 156
Trd, 000085.467, 161
Trd, 000086.150, 155
Trd, 000086.183, 154
Trd, 000087.000, 157
Trd, 000087.550, 164
Trd, 000087.667, 165
Trd, 000087.950, 164
Trd, 000089.467, 165
Trd, 000090.183, 162
Trd, 000090.433, 163
Trd, 000091.367, 162
Trd, 000091.883, 163
Trd, 000092.117, 163
Trd, 000092.517, 162
Trd, 000092.933, 161
Trd, 000093.067, 161
Trd, 000093.800, 164
Trd, 000095.017, 163
Trd, 000095.650, 161
Trd, 000096.117, 160
Trd, 000096.283, 162
Trd, 000097.400, 159
Trd, 000097.967, 160
Trd, 000099.133, 165
Trd, 000099.150, 158
Trd, 000099.467, 163
Trd, 000099.817, 170
Trd, 000100.183, 157
Trd, 000100.700, 153
Trd, 000101.967, 156
Trd, 000102.100, 156
Trd, 000103.033, 157
Trd, 000103.050, 158
Trd, 000104.300, 158
Trd, 000104.567, 154
Trd, 000105.267, 163
Trd, 000105.433, 164
Trd, 000106.083, 162
Trd, 000107.267, 158
Trd, 000107.683, 165
Trd, 000108.817, 158
Trd, 000109.017, 159
Trd, 000109.067, 158
Trd, 000110.100, 162
Trd, 000110.167, 163
Trd, 000111.183, 163
Trd, 000111.267, 163
Trd, 000111.450, 162
Trd, 000111.783, 165
Trd, 000112.950, 165
Trd, 000113.950, 166
Trd, 000114.250, 169
Trd, 000114.383, 173
Trd, 000114.667, 166
Trd, 000116.567, 168
Trd, 000116.583, 167
Trd, 000116.700, 169
Trd, 000117.150, 167
Trd, 000118.533, 162
Trd, 000118.867, 163
Trd, 000118.917, 159
Trd, 000118.950, 164
Trd, 000119.167, 167
Trd, 000119.250, 156
Trd, 000119.417, 146
Trd, 000120.917, 159
Trd, 000121.317, 163
Trd, 000121.717, 166
Trd, 000122.617, 167
Trd, 000122.867, 169
Trd, 000124.783, 166
Trd, 000124.833, 161
Trd, 000125.267, 160
Trd, 000125.433, 167
Trd, 000126.133, 167
Trd, 000127.050, 168
Trd, 000127.350, 178
Trd, 000128.233, 167
Trd, 000129.800, 167
Trd, 000129.817, 166
Trd, 000130.250, 168
Trd, 000130.783, 171
Trd, 000131.017, 170
Trd, 000131.767, 170
Trd, 000132.567, 162
Trd, 000132.683, 169
Trd, 000133.267, 166
Trd, 000134.133, 164
Trd, 000135.217, 163
Trd, 000135.383, 162
Trd, 000135.417, 161
Trd, 000135.433, 163
Trd, 000135.500, 166
Trd, 000136.383, 169
Trd, 000136.417, 160
Trd, 000137.750, 165
Trd, 000138.433, 161
Trd, 000138.633, 166
Trd, 000139.900, 163
Trd, 000140.433, 165
Trd, 000140.567, 166
Trd, 000140.600, 162
Trd, 000141.600, 162
Trd, 000141.883, 167
Trd, 000143.000, 168
Trd, 000143.167, 163
Trd, 000144.850, 165
Trd, 000145.683, 162
Trd, 000146.067, 162
Trd, 000146.267, 162
Trd, 000146.350, 164
Trd, 000146.850, 160
Trd, 000147.783, 161
Trd, 000148.000, 168
Trd, 000149.283, 165
Trd, 000149.367, 166
Trd, 000149.650, 170
Trd, 000149.700, 172
Trd, 000150.517, 172
Trd, 000150.600, 173
Trd, 000150.900, 177
Trd, 000151.883, 174
Trd, 000152.117, 166
Trd, 000153.583, 170
Trd, 000154.000, 168
Trd, 000154.567, 171
Trd, 000155.100, 169
Trd, 000155.267, 168
Trd, 000156.050, 169
Trd, 000156.500, 169
Trd, 000156.917, 170
Trd, 000156.950, 168
Trd, 000157.467, 170
Trd, 000158.933, 171
Trd, 000159.083, 167
Trd, 000159.133, 164
Trd, 000159.233, 172
Trd, 000159.433, 173
Trd, 000160.817, 167
Trd, 000160.967, 168
Trd, 000161.567, 167
Trd, 000162.150, 171
Trd, 000162.883, 172
Trd, 000163.533, 169
Trd, 000163.600, 174
Trd, 000164.067, 171
Trd, 000164.217, 164
Trd, 000165.783, 167
Trd, 000166.583, 171
Trd, 000166.717, 172
Trd, 000168.383, 167
Trd, 000168.750, 167
Trd, 000168.833, 168
Trd, 000169.283, 168
Trd, 000169.750, 168
Trd, 000170.450, 170
Trd, 000170.833, 171
Trd, 000171.267, 171
Trd, 000171.350, 167
Trd, 000171.550, 166
Trd, 000171.700, 172
Trd, 000172.217, 168
Trd, 000173.167, 171
Trd, 000174.867, 171
Trd, 000175.200, 170
Trd, 000175.667, 170
Trd, 000176.367, 172
Trd, 000176.400, 169
Trd, 000178.633, 169
Trd, 000178.750, 167
Trd, 000179.200, 165
Trd, 000179.217, 166
Trd, 000179.433, 166
Trd, 000179.933, 165
Trd, 000179.950, 166
Trd, 000180.617, 169
Trd, 000180.883, 162
Trd, 000181.750, 176
Trd, 000182.333, 163
Trd, 000182.367, 173
Trd, 000183.167, 168
Trd, 000184.117, 170
Trd, 000184.350, 170
Trd, 000184.433, 171
Trd, 000184.617, 167
Trd, 000186.150, 171
Trd, 000186.167, 166
Trd, 000186.683, 165
Trd, 000186.967, 171
Trd, 000187.700, 172
Trd, 000188.483, 172
Trd, 000188.717, 163
Trd, 000189.533, 171
Trd, 000189.750, 162
Trd, 000189.900, 171
Trd, 000190.200, 160
Trd, 000190.767, 169
Trd, 000192.067, 160
Trd, 000193.117, 165
Trd, 000193.183, 167
Trd, 000193.333, 168
Trd, 000194.983, 164
Trd, 000195.917, 165
Trd, 000196.150, 163
Trd, 000196.200, 166
Trd, 000196.233, 167
Trd, 000196.633, 174
Trd, 000197.867, 169
Trd, 000198.183, 163
Trd, 000198.433, 175
Trd, 000198.767, 177
Trd, 000199.217, 170
Trd, 000199.767, 182
Trd, 000200.033, 159
Trd, 000200.917, 167
Trd, 000201.533, 167
Trd, 000201.833, 166
Trd, 000202.367, 168
Trd, 000202.883, 167
Trd, 000204.067, 166
Trd, 000204.583, 166
Trd, 000204.667, 167
Trd, 000204.800, 168
Trd, 000205.367, 173
Trd, 000206.200, 168
Trd, 000206.767, 175
Trd, 000207.233, 161
Trd, 000207.350, 175
Trd, 000208.600, 164
Trd, 000209.167, 171
Trd, 000209.417, 171
Trd, 000210.233, 170
Trd, 000210.333, 171
Trd, 000210.400, 172
Trd, 000210.717, 176
Trd, 000212.067, 170
Trd, 000212.783, 165
Trd, 000213.083, 158
Trd, 000213.600, 179
Trd, 000213.983, 189
Trd, 000214.550, 194
Trd, 000215.233, 163
Trd, 000216.050, 167
Trd, 000216.733, 165
Trd, 000216.967, 165
Trd, 000217.150, 166
Trd, 000217.750, 166
Trd, 000218.417, 166
Trd, 000218.850, 168
Trd, 000218.967, 169
Trd, 000219.400, 177
Trd, 000219.683, 186
Trd, 000219.967, 183
Trd, 000220.600, 182
Trd, 000221.050, 182
Trd, 000221.317, 175
Trd, 000221.817, 175
Trd, 000221.983, 175
Trd, 000222.350, 183
Trd, 000222.883, 175
Trd, 000223.000, 174
Trd, 000223.783, 181
Trd, 000224.367, 181
Trd, 000225.283, 181
Trd, 000225.667, 183
Trd, 000228.083, 179
Trd, 000228.267, 178
Trd, 000228.300, 179
Trd, 000228.333, 182
Trd, 000228.450, 176
Trd, 000229.750, 183
Trd, 000230.867, 182
Trd, 000231.017, 183
Trd, 000232.200, 179
Trd, 000232.983, 178
Trd, 000233.167, 181
Trd, 000233.567, 181
Trd, 000234.900, 179
Trd, 000235.050, 182
Trd, 000235.150, 188
Trd, 000235.650, 178
Trd, 000235.683, 177
Trd, 000236.683, 181
Trd, 000237.467, 178
Trd, 000237.783, 171
Trd, 000237.800, 179
Trd, 000238.317, 177
Trd, 000238.667, 179
Trd, 000238.733, 176
Trd, 000238.817, 179
Trd, 000239.617, 173
Trd, 000239.750, 168
Trd, 000239.983, 161
Trd, 000240.100, 177
Trd, 000241.467, 164
Trd, 000241.767, 166
Trd, 000242.050, 168
Trd, 000242.283, 173
Trd, 000242.467, 172
Trd, 000242.567, 179
Trd, 000242.967, 175
Trd, 000243.117, 175
Trd, 000243.150, 168
Trd, 000243.967, 173
Trd, 000244.133, 172
Trd, 000244.700, 174
Trd, 000244.733, 171
Trd, 000245.000, 175
Trd, 000245.117, 168
Trd, 000245.917, 164
Trd, 000246.067, 183
Trd, 000246.317, 183
Trd, 000246.517, 181
Trd, 000248.783, 168
Trd, 000249.433, 167
Trd, 000250.017, 167
Trd, 000250.200, 166
Trd, 000250.333, 168
Trd, 000250.500, 168
Trd, 000250.717, 166
Trd, 000251.200, 169
Trd, 000251.233, 170
Trd, 000251.367, 176
Trd, 000252.933, 177
Trd, 000253.050, 177
Trd, 000253.217, 178
Trd, 000253.283, 180
Trd, 000253.500, 186
Trd, 000253.850, 179
Trd, 000253.933, 176
Trd, 000254.167, 179
Trd, 000254.267, 173
Trd, 000255.050, 179
Trd, 000255.267, 176
Trd, 000255.867, 174
Trd, 000256.433, 176
Trd, 000256.750, 177
Trd, 000257.067, 175
Trd, 000257.900, 173
Trd, 000258.217, 174
Trd, 000259.017, 171
Trd, 000259.333, 175
Trd, 000259.500, 176
Trd, 000260.917, 174
Trd, 000261.117, 174
Trd, 000261.167, 176
Trd, 000261.367, 177
Trd, 000261.667, 174
Trd, 000261.767, 173
Trd, 000261.817, 170
Trd, 000261.883, 180
Trd, 000262.450, 170
Trd, 000263.567, 171
Trd, 000263.583, 163
Trd, 000263.817, 174
Trd, 000264.833, 161
Trd, 000264.850, 162
Trd, 000265.067, 167
Trd, 000265.450, 164
Trd, 000265.850, 167
Trd, 000266.900, 174
Trd, 000267.267, 171
Trd, 000267.583, 175
Trd, 000267.983, 176
Trd, 000268.200, 173
Trd, 000268.317, 171
Trd, 000268.483, 177
Trd, 000270.383, 178
Trd, 000270.667, 177
Trd, 000271.217, 181
Trd, 000271.817, 180
Trd, 000272.083, 182
Trd, 000272.267, 185
Trd, 000272.333, 189
Trd, 000273.400, 184
Trd, 000273.617, 180
Trd, 000273.783, 183
Trd, 000273.883, 178
Trd, 000274.883, 178
Trd, 000274.917, 177
Trd, 000275.167, 178
Trd, 000275.317, 176
Trd, 000275.617, 175
Trd, 000275.833, 175
Trd, 000276.467, 179
Trd, 000276.483, 178
Trd, 000276.667, 178
Trd, 000276.917, 185
Trd, 000277.000, 175
Trd, 000277.367, 190
Trd, 000277.867, 180
Trd, 000278.150, 181
Trd, 000278.667, 183
Trd, 000279.400, 179
Trd, 000279.750, 178
Trd, 000279.767, 169
Trd, 000279.850, 165
Trd, 000280.217, 179
Trd, 000280.450, 164
Trd, 000280.517, 184
Trd, 000280.650, 184
Trd, 000281.667, 190
Trd, 000281.900, 194
Trd, 000282.233, 176
Trd, 000282.333, 175
Trd, 000282.783, 172
Trd, 000282.800, 183
Trd, 000283.067, 166
Trd, 000283.417, 178
Trd, 000284.767, 177
Trd, 000284.800, 178
Trd, 000285.417, 177
Trd, 000286.200, 172
Trd, 000286.450, 173
Trd, 000286.600, 177
Trd, 000286.683, 179
Trd, 000286.850, 179
Trd, 000287.550, 174
Trd, 000287.983, 173
Trd, 000288.517, 173
Trd, 000289.367, 180
Trd, 000289.450, 181
Trd, 000289.683, 184
Trd, 000290.050, 185
Trd, 000290.333, 173
Trd, 000290.517, 172
Trd, 000290.833, 179
Trd, 000290.883, 180
Trd, 000291.250, 191
Trd, 000291.550, 175
Trd, 000291.967, 191
Trd, 000292.017, 189
Trd, 000293.300, 194
Trd, 000293.583, 194
Trd, 000293.683, 184
Trd, 000293.967, 185
Trd, 000294.317, 180
Trd, 000294.550, 185
Trd, 000294.667, 186
Trd, 000294.767, 186
Trd, 000295.183, 184
Trd, 000295.367, 171
Trd, 000296.733, 185
Trd, 000297.283, 181
Trd, 000297.383, 178
Trd, 000297.600, 186
Trd, 000297.767, 188
Trd, 000298.700, 191
Trd, 000298.783, 181
Trd, 000299.150, 191
Trd, 000299.167, 177
Trd, 000299.300, 192
Trd, 000299.650, 177
