Trd, 000001.817, 136
Trd, 000002.417, 186
Trd, 000002.700, 119
Trd, 000003.183, 193
Trd, 000004.517, 191
Trd, 000004.567, 189
Trd, 000004.950, 160
Trd, 000007.150, 163
Trd, 000007.283, 168
Trd, 000007.450, 159
Trd, 000008.233, 164
Trd, 000008.533, 163
Trd, 000008.583, 165
Trd, 000010.817, 154
Trd, 000010.850, 152
Trd, 000011.250, 161
Trd, 000012.850, 156
Trd, 000013.017, 152
Trd, 000013.067, 151
Trd, 000013.133, 145
Trd, 000013.967, 155
Trd, 000014.133, 154
Trd, 000014.850, 155
Trd, 000015.317, 155
Trd, 000015.367, 154
Trd, 000015.717, 156
Trd, 000015.950, 147
Trd, 000016.000, 166
Trd, 000017.967, 158
Trd, 000018.500, 157
Trd, 000018.783, 156
Trd, 000018.850, 153
Trd, 000020.000, 156
Trd, 000020.450, 157
Trd, 000020.600, 160
Trd, 000021.217, 156
Trd, 000022.167, 159
Trd, 000023.117, 166
Trd, 000024.017, 161
Trd, 000024.483, 162
Trd, 000024.500, 159
Trd, 000024.750, 152
Trd, 000024.867, 149
Trd, 000025.433, 162
Trd, 000026.183, 159
Trd, 000026.250, 158
Trd, 000027.867, 155
Trd, 000029.317, 157
Trd, 000029.367, 161
Trd, 000030.217, 158
Trd, 000030.417, 158
Trd, 000030.517, 158
Trd, 000030.600, 154
Trd, 000031.117, 155
Trd, 000031.600, 157
Trd, 000032.167, 151
Trd, 000032.767, 161
Trd, 000033.350, 174
Trd, 000034.517, 161
Trd, 000035.533, 159
Trd, 000036.150, 159
Trd, 000037.767, 157
Trd, 000038.100, 157
Trd, 000038.167, 158
Trd, 000038.283, 157
Trd, 000039.317, 162
Trd, 000040.283, 161
Trd, 000040.383, 160
Trd, 000040.933, 160
Trd, 000041.150, 164
Trd, 000041.700, 160
Trd, 000042.850, 161
Trd, 000043.700, 159
Trd, 000044.233, 160
Trd, 000044.283, 155
Trd, 000044.750, 157
Trd, 000044.767, 151
Trd, 000044.867, 159
Trd, 000045.317, 159
Trd, 000046.467, 160
Trd, 000046.583, 157
Trd, 000048.767, 163
Trd, 000049.917, 159
Trd, 000050.017, 158
Trd, 000050.033, 157
Trd, 000051.050, 160
Trd, 000051.183, 157
Trd, 000051.433, 161
Trd, 000053.850, 160
Trd, 000054.200, 158
Trd, 000054.233, 156
Trd, 000054.317, 159
Trd, 000055.133, 160
Trd, 000055.450, 158
Trd, 000055.967, 157
Trd, 000057.233, 161
Trd, 000057.567, 154
Trd, 000058.167, 156
Trd, 000058.567, 158
Trd, 000059.250, 157
Trd, 000059.767, 156
Trd, 000059.983, 157
Trd, 000060.317, 157
Trd, 000060.350, 152
Trd, 000061.700, 151
Trd, 000061.733, 150
Trd, 000061.817, 164
Trd, 000063.367, 155
Trd, 000063.800, 150
Trd, 000063.900, 154
Trd, 000064.717, 150
Trd, 000064.783, 151
Trd, 000065.033, 149
Trd, 000065.633, 152
Trd, 000066.900, 154
Trd, 000068.200, 154
Trd, 000068.550, 160
Trd, 000068.917, 154
Trd, 000069.300, 161
Trd, 000069.917, 161
Trd, 000070.883, 158
Trd, 000070.983, 162
Trd, 000071.133, 164
Trd, 000071.600, 158
Trd, 000071.650, 156
Trd, 000073.433, 164
Trd, 000073.483, 158
Trd, 000074.150, 156
Trd, 000075.200, 157
Trd, 000075.300, 159
Trd, 000075.350, 156
Trd, 000076.350, 160
Trd, 000076.767, 156
Trd, 000077.300, 158
Trd, 000077.883, 158
Trd, 000078.583, 156
Trd, 000078.617, 154
Trd, 000078.717, 159
Trd, 000079.383, 166
Trd, 000079.417, 156
Trd, 000081.000, 162
Trd, 000082.283, 170
Trd, 000083.383, 166
Trd, 000083.500, 165
Trd, 000084.217, 164
Trd, 000084.283, 159
Trd, 000084.617, 157
Trd, 000085.267, 167
Trd, 000086.133, 167
Trd, 000086.633, 159
Trd, 000088.133, 158
Trd, 000088.433, 157
Trd, 000088.683, 165
Trd, 000089.350, 160
Trd, 000090.167, 160
Trd, 000090.350, 159
Trd, 000090.900, 161
Trd, 000091.450, 159
Trd, 000092.000, 161
Trd, 000093.000, 166
Trd, 000094.017, 165
Trd, 000094.633, 168
Trd, 000094.967, 161
Trd, 000095.317, 160
Trd, 000095.500, 170
Trd, 000096.000, 164
Trd, 000097.450, 160
Trd, 000097.750, 159
Trd, 000098.183, 164
Trd, 000098.450, 165
Trd, 000098.650, 167
Trd, 000099.967, 166
Trd, 000101.733, 168
Trd, 000102.150, 164
Trd, 000102.167, 168
Trd, 000102.800, 166
Trd, 000103.650, 182
Trd, 000104.100, 165
Trd, 000104.117, 164
Trd, 000105.383, 172
Trd, 000105.850, 162
Trd, 000107.017, 160
Trd, 000107.117, 173
Trd, 000107.350, 163
Trd, 000107.617, 171
Trd, 000107.917, 162
Trd, 000109.250, 159
Trd, 000110.133, 169
Trd, 000110.167, 170
Trd, 000110.933, 162
Trd, 000111.700, 162
Trd, 000112.100, 169
Trd, 000113.050, 170
Trd, 000113.167, 165
Trd, 000114.267, 170
Trd, 000114.717, 171
Trd, 000115.033, 167
Trd, 000115.217, 164
Trd, 000115.433, 172
Trd, 000115.833, 163
Trd, 000116.350, 162
Trd, 000116.550, 161
Trd, 000117.600, 165
Trd, 000117.917, 158
Trd, 000119.100, 166
Trd, 000119.200, 167
Trd, 000119.350, 164
Trd, 000120.250, 169
Trd, 000121.283, 165
Trd, 000121.450, 170
Trd, 000121.567, 164
Trd, 000123.217, 168
Trd, 000123.400, 170
Trd, 000123.433, 163
Trd, 000124.450, 166
Trd, 000124.817, 164
Trd, 000125.833, 165
Trd, 000125.917, 164
Trd, 000126.467, 168
Trd, 000127.500, 166
Trd, 000127.733, 165
Trd, 000127.867, 163
Trd, 000128.100, 168
Trd, 000128.400, 163
Trd, 000129.117, 168
Trd, 000130.800, 161
Trd, 000131.200, 164
Trd, 000132.383, 163
Trd, 000132.617, 161
Trd, 000133.067, 158
Trd, 000133.517, 164
Trd, 000133.567, 171
Trd, 000133.783, 175
Trd, 000134.650, 169
Trd, 000134.850, 164
Trd, 000135.250, 162
Trd, 000136.550, 168
Trd, 000137.000, 167
Trd, 000137.100, 170
Trd, 000137.567, 170
Trd, 000138.500, 168
Trd, 000138.517, 171
Trd, 000140.300, 166
Trd, 000140.850, 166
Trd, 000141.000, 167
Trd, 000141.283, 165
Trd, 000141.500, 161
Trd, 000141.633, 158
Trd, 000142.483, 160
Trd, 000142.700, 168
Trd, 000143.817, 163
Trd, 000144.350, 170
Trd, 000145.983, 170
Trd, 000146.600, 165
Trd, 000146.717, 165
Trd, 000147.183, 168
Trd, 000148.833, 166
Trd, 000148.983, 166
Trd, 000149.433, 173
Trd, 000151.017, 169
Trd, 000151.967, 171
Trd, 000152.400, 167
Trd, 000152.717, 172
Trd, 000153.083, 166
Trd, 000153.717, 167
Trd, 000154.000, 169
Trd, 000154.583, 171
Trd, 000155.100, 171
Trd, 000156.583, 168
Trd, 000156.617, 166
Trd, 000157.233, 167
Trd, 000157.817, 167
Trd, 000157.933, 168
Trd, 000158.000, 173
Trd, 000158.800, 163
Trd, 000158.967, 164
Trd, 000159.967, 162
Trd, 000160.200, 163
Trd, 000160.383, 162
Trd, 000161.567, 174
Trd, 000161.583, 164
Trd, 000161.767, 163
Trd, 000162.067, 160
Trd, 000162.250, 153
Trd, 000164.050, 167
Trd, 000166.367, 168
Trd, 000166.867, 168
Trd, 000167.117, 169
Trd, 000167.283, 170
Trd, 000168.417, 168
Trd, 000168.467, 169
Trd, 000169.917, 172
Trd, 000170.183, 173
Trd, 000170.317, 174
Trd, 000171.267, 173
Trd, 000171.383, 174
Trd, 000171.900, 173
Trd, 000172.317, 175
Trd, 000172.433, 171
Trd, 000173.250, 172
Trd, 000174.217, 174
Trd, 000174.233, 173
Trd, 000174.417, 175
Trd, 000175.083, 175
Trd, 000175.133, 178
Trd, 000175.450, 172
Trd, 000177.550, 178
Trd, 000177.717, 177
Trd, 000178.433, 181
Trd, 000178.950, 176
Trd, 000180.267, 176
Trd, 000180.283, 182
Trd, 000180.817, 183
Trd, 000180.883, 176
Trd, 000182.083, 175
Trd, 000182.600, 165
Trd, 000183.033, 163
Trd, 000183.117, 174
Trd, 000184.833, 169
Trd, 000185.300, 168
Trd, 000185.367, 166
Trd, 000185.717, 166
Trd, 000186.850, 172
Trd, 000187.017, 170
Trd, 000187.067, 169
Trd, 000187.117, 166
Trd, 000187.283, 162
Trd, 000187.517, 176
Trd, 000187.817, 156
Trd, 000188.983, 176
Trd, 000189.417, 164
Trd, 000189.467, 161
Trd, 000191.533, 168
Trd, 000191.933, 166
Trd, 000191.967, 166
Trd, 000193.083, 166
Trd, 000193.317, 167
Trd, 000193.633, 168
Trd, 000195.383, 167
Trd, 000195.883, 168
Trd, 000196.017, 167
Trd, 000196.700, 167
Trd, 000197.067, 167
Trd, 000197.650, 168
Trd, 000198.500, 171
Trd, 000199.467, 173
Trd, 000200.300, 173
Trd, 000200.933, 176
Trd, 000201.900, 174
Trd, 000202.183, 175
Trd, 000202.717, 175
Trd, 000203.500, 173
Trd, 000203.650, 173
Trd, 000204.717, 171
Trd, 000204.783, 175
Trd, 000205.000, 178
Trd, 000205.717, 174
Trd, 000206.700, 171
Trd, 000207.450, 173
Trd, 000208.317, 175
Trd, 000208.433, 175
Trd, 000208.450, 172
Trd, 000208.767, 171
Trd, 000209.633, 176
Trd, 000210.183, 169
Trd, 000211.250, 179
Trd, 000211.450, 180
Trd, 000211.583, 172
Trd, 000211.967, 176
Trd, 000212.550, 193
Trd, 000212.817, 173
Trd, 000214.017, 179
Trd, 000214.467, 174
Trd, 000216.067, 176
Trd, 000216.117, 174
Trd, 000217.333, 173
Trd, 000217.950, 173
Trd, 000218.467, 173
Trd, 000219.650, 174
Trd, 000219.917, 180
Trd, 000220.150, 172
Trd, 000220.567, 169
Trd, 000221.300, 175
Trd, 000221.417, 178
Trd, 000222.033, 166
Trd, 000222.133, 162
Trd, 000222.417, 161
Trd, 000223.200, 161
Trd, 000223.317, 156
Trd, 000223.683, 175
Trd, 000224.183, 161
Trd, 000224.267, 155
Trd, 000225.717, 168
Trd, 000226.533, 165
Trd, 000227.017, 168
Trd, 000227.400, 168
Trd, 000227.967, 167
Trd, 000228.050, 170
Trd, 000228.617, 170
Trd, 000229.083, 168
Trd, 000229.333, 167
Trd, 000230.650, 175
Trd, 000231.983, 169
Trd, 000232.767, 181
Trd, 000233.200, 180
Trd, 000233.750, 178
Trd, 000234.250, 173
Trd, 000234.583, 172
Trd, 000234.867, 175
Trd, 000235.067, 176
Trd, 000235.300, 167
Trd, 000235.500, 178
Trd, 000235.717, 169
Trd, 000236.667, 178
Trd, 000236.867, 171
Trd, 000236.983, 170
Trd, 000237.033, 181
Trd, 000237.917, 162
Trd, 000238.350, 164
Trd, 000238.833, 185
Trd, 000238.950, 166
Trd, 000240.217, 186
Trd, 000240.350, 181
Trd, 000240.650, 182
Trd, 000240.933, 180
Trd, 000240.967, 181
Trd, 000240.983, 183
Trd, 000241.983, 185
Trd, 000242.100, 199
Trd, 000244.183, 187
Trd, 000244.617, 185
Trd, 000244.883, 185
Trd, 000244.983, 187
Trd, 000245.083, 184
Trd, 000245.217, 183
Trd, 000245.250, 182
Trd, 000246.183, 175
Trd, 000246.917, 179
Trd, 000247.083, 180
Trd, 000247.433, 181
Trd, 000247.567, 173
Trd, 000247.833, 172
Trd, 000248.900, 170
Trd, 000249.150, 172
Trd, 000249.367, 175
Trd, 000249.550, 169
Trd, 000250.267, 175
Trd, 000250.983, 172
Trd, 000251.033, 171
Trd, 000251.083, 173
Trd, 000251.450, 173
Trd, 000252.017, 176
Trd, 000252.117, 166
Trd, 000252.750, 172
Trd, 000252.783, 176
Trd, 000252.850, 183
Trd, 000254.050, 174
Trd, 000254.267, 183
Trd, 000255.117, 175
Trd, 000255.550, 174
Trd, 000255.783, 175
Trd, 000255.983, 176
Trd, 000256.267, 173
Trd, 000256.433, 176
Trd, 000256.650, 173
Trd, 000257.367, 176
Trd, 000257.883, 173
Trd, 000258.183, 174
Trd, 000258.583, 173
Trd, 000258.717, 174
Trd, 000258.733, 177
Trd, 000259.733, 178
Trd, 000259.750, 177
Trd, 000259.917, 169
Trd, 000260.317, 166
Trd, 000260.367, 179
Trd, 000261.317, 177
Trd, 000262.417, 176
Trd, 000263.217, 172
Trd, 000263.717, 175
Trd, 000263.833, 171
Trd, 000264.150, 176
Trd, 000264.300, 180
Trd, 000265.167, 174
Trd, 000265.333, 182
Trd, 000265.600, 180
Trd, 000265.867, 184
Trd, 000266.000, 178
Trd, 000266.150, 185
Trd, 000266.200, 170
Trd, 000267.533, 173
Trd, 000267.733, 171
Trd, 000267.917, 173
Trd, 000267.950, 178
Trd, 000268.917, 174
Trd, 000269.117, 174
Trd, 000269.517, 173
Trd, 000269.700, 172
Trd, 000269.767, 177
Trd, 000270.883, 176
Trd, 000272.000, 173
Trd, 000272.200, 171
Trd, 000272.750, 170
Trd, 000273.983, 177
Trd, 000274.133, 177
Trd, 000274.217, 172
Trd, 000274.417, 178
Trd, 000274.517, 185
Trd, 000274.650, 173
Trd, 000275.733, 177
Trd, 000276.167, 173
Trd, 000276.400, 179
Trd, 000276.550, 174
Trd, 000276.800, 173
Trd, 000276.983, 172
Trd, 000277.300, 180
Trd, 000277.683, 179
Trd, 000277.933, 173
Trd, 000278.150, 182
Trd, 000278.300, 180
Trd, 000278.650, 176
Trd, 000279.700, 177
Trd, 000279.783, 176
Trd, 000280.117, 178
Trd, 000280.450, 176
Trd, 000280.483, 175
Trd, 000280.550, 177
Trd, 000280.633, 166
Trd, 000280.967, 178
Trd, 000281.183, 182
Trd, 000282.017, 181
Trd, 000282.950, 176
Trd, 000283.267, 185
Trd, 000283.800, 186
Trd, 000285.017, 190
Trd, 000285.933, 196
Trd, 000286.050, 195
Trd, 000286.117, 193
Trd, 000286.383, 191
Trd, 000286.550, 181
Trd, 000286.833, 192
Trd, 000286.950, 180
Trd, 000287.117, 172
Trd, 000287.783, 176
Trd, 000288.117, 175
Trd, 000289.333, 185
Trd, 000289.400, 185
Trd, 000289.433, 193
Trd, 000289.717, 187
Trd, 000289.850, 192
Trd, 000290.367, 189
Trd, 000290.600, 188
Trd, 000291.583, 180
Trd, 000291.850, 173
Trd, 000292.350, 187
Trd, 000293.267, 184
Trd, 000293.383, 186
Trd, 000293.467, 197
Trd, 000293.900, 201
Trd, 000294.183, 202
Trd, 000294.667, 180
Trd, 000295.567, 178
Trd, 000295.600, 185
Trd, 000296.183, 177
Trd, 000296.600, 185
Trd, 000296.850, 176
Trd, 000297.050, 185
Trd, 000297.267, 175
Trd, 000297.283, 187
Trd, 000298.250, 175
Trd, 000298.900, 174
Trd, 000299.000, 176
