Trd, 000000.967, 153
Trd, 000001.733, 155
Trd, 000002.767, 137
Trd, 000002.850, 167
Trd, 000003.867, 137
Trd, 000004.217, 165
Trd, 000004.517, 131
Trd, 000005.867, 139
Trd, 000006.917, 143
Trd, 000008.050, 163
Trd, 000008.317, 155
Trd, 000009.400, 157
Trd, 000009.583, 156
Trd, 000010.000, 155
Trd, 000010.367, 154
Trd, 000010.700, 153
Trd, 000010.717, 156
Trd, 000010.733, 159
Trd, 000011.000, 152
Trd, 000011.333, 166
Trd, 000012.100, 162
Trd, 000013.300, 159
Trd, 000014.167, 140
Trd, 000015.033, 147
Trd, 000015.767, 148
Trd, 000015.833, 148
Trd, 000016.467, 148
Trd, 000016.550, 149
Trd, 000016.683, 149
Trd, 000016.733, 147
Trd, 000016.900, 149
Trd, 000017.750, 151
Trd, 000017.917, 156
Trd, 000018.467, 173
Trd, 000019.367, 142
Trd, 000019.583, 157
Trd, 000022.417, 160
Trd, 000022.850, 166
Trd, 000023.467, 167
Trd, 000024.317, 156
Trd, 000024.617, 151
Trd, 000024.833, 150
Trd, 000024.850, 150
Trd, 000025.950, 149
Trd, 000026.450, 153
Trd, 000026.517, 148
Trd, 000028.683, 151
Trd, 000028.883, 150
Trd, 000029.100, 155
Trd, 000029.300, 147
Trd, 000030.033, 155
Trd, 000031.133, 158
Trd, 000031.200, 162
Trd, 000032.200, 144
Trd, 000032.717, 156
Trd, 000033.583, 140
Trd, 000033.617, 155
Trd, 000034.117, 154
Trd, 000034.283, 145
Trd, 000036.117, 153
Trd, 000037.500, 153
Trd, 000037.617, 155
Trd, 000037.650, 148
Trd, 000037.917, 159
Trd, 000038.517, 150
Trd, 000038.567, 149
Trd, 000039.600, 159
Trd, 000041.533, 155
Trd, 000041.650, 152
Trd, 000042.000, 152
Trd, 000042.717, 160
Trd, 000042.733, 161
Trd, 000043.417, 147
Trd, 000044.317, 148
Trd, 000044.867, 141
Trd, 000045.867, 153
Trd, 000046.683, 159
Trd, 000046.833, 160
Trd, 000049.117, 148
Trd, 000049.150, 160
Trd, 000050.333, 150
Trd, 000050.383, 147
Trd, 000050.683, 151
Trd, 000050.917, 146
Trd, 000051.167, 150
Trd, 000051.767, 151
Trd, 000052.150, 147
Trd, 000052.950, 163
Trd, 000054.967, 152
Trd, 000055.700, 153
Trd, 000055.883, 154
Trd, 000056.783, 151
Trd, 000057.033, 151
Trd, 000057.417, 152
Trd, 000057.983, 154
Trd, 000058.117, 161
Trd, 000058.150, 151
Trd, 000060.750, 162
Trd, 000060.783, 155
Trd, 000061.167, 154
Trd, 000061.550, 145
Trd, 000062.483, 155
Trd, 000064.000, 145
Trd, 000064.333, 153
Trd, 000064.850, 152
Trd, 000065.883, 151
Trd, 000066.000, 152
Trd, 000066.500, 149
Trd, 000066.867, 149
Trd, 000068.500, 150
Trd, 000068.550, 153
Trd, 000068.650, 154
Trd, 000068.967, 153
Trd, 000070.150, 155
Trd, 000070.233, 152
Trd, 000070.900, 159
Trd, 000071.983, 167
Trd, 000072.467, 157
Trd, 000073.683, 159
Trd, 000073.883, 157
Trd, 000074.017, 160
Trd, 000074.350, 160
Trd, 000074.650, 156
Trd, 000075.133, 161
Trd, 000076.233, 157
Trd, 000076.900, 157
Trd, 000077.517, 159
Trd, 000078.483, 157
Trd, 000078.583, 156
Trd, 000079.500, 161
Trd, 000079.900, 162
Trd, 000080.067, 156
Trd, 000081.117, 155
Trd, 000081.550, 161
Trd, 000084.417, 155
Trd, 000084.467, 154
Trd, 000084.617, 156
Trd, 000084.883, 157
Trd, 000085.117, 163
Trd, 000085.783, 160
Trd, 000086.633, 167
Trd, 000088.000, 174
Trd, 000088.600, 164
Trd, 000089.067, 166
Trd, 000089.300, 169
Trd, 000089.867, 167
Trd, 000090.000, 165
Trd, 000090.083, 164
Trd, 000090.467, 162
Trd, 000092.133, 167
Trd, 000092.167, 168
Trd, 000092.267, 149
Trd, 000093.133, 156
Trd, 000093.200, 157
Trd, 000093.767, 161
Trd, 000094.550, 163
Trd, 000095.583, 160
Trd, 000095.883, 161
Trd, 000097.233, 164
Trd, 000097.400, 160
Trd, 000097.900, 173
Trd, 000098.083, 157
Trd, 000098.633, 174
Trd, 000098.900, 150
Trd, 000099.800, 164
Trd, 000100.850, 153
Trd, 000100.967, 164
Trd, 000101.350, 153
Trd, 000101.817, 151
Trd, 000101.883, 162
Trd, 000102.150, 149
Trd, 000102.750, 162
Trd, 000104.750, 160
Trd, 000104.950, 162
Trd, 000104.983, 163
Trd, 000106.217, 159
Trd, 000107.267, 163
Trd, 000108.617, 161
Trd, 000109.817, 155
Trd, 000110.583, 159
Trd, 000111.283, 154
Trd, 000111.417, 157
Trd, 000112.133, 158
Trd, 000112.233, 152
Trd, 000112.350, 159
Trd, 000113.717, 160
Trd, 000115.117, 157
Trd, 000116.300, 156
Trd, 000116.600, 156
Trd, 000116.867, 152
Trd, 000117.083, 151
Trd, 000117.200, 158
Trd, 000118.050, 151
Trd, 000118.200, 161
Trd, 000118.617, 149
Trd, 000119.183, 162
Trd, 000120.467, 167
Trd, 000121.433, 174
Trd, 000122.117, 171
Trd, 000122.350, 170
Trd, 000122.583, 169
Trd, 000122.717, 168
Trd, 000122.967, 174
Trd, 000123.117, 184
Trd, 000124.333, 152
Trd, 000124.550, 167
Trd, 000125.117, 167
Trd, 000126.117, 155
Trd, 000126.667, 168
Trd, 000127.250, 168
Trd, 000127.300, 156
Trd, 000127.333, 151
Trd, 000127.600, 169
Trd, 000128.467, 162
Trd, 000129.883, 161
Trd, 000131.383, 161
Trd, 000131.483, 162
Trd, 000132.350, 160
Trd, 000132.883, 162
Trd, 000133.250, 163
Trd, 000133.617, 155
Trd, 000135.267, 162
Trd, 000135.283, 163
Trd, 000136.400, 160
Trd, 000137.917, 172
Trd, 000137.933, 173
Trd, 000138.517, 172
Trd, 000139.400, 171
Trd, 000139.500, 171
Trd, 000139.817, 169
Trd, 000140.100, 167
Trd, 000140.217, 168
Trd, 000140.633, 169
Trd, 000141.783, 169
Trd, 000142.533, 171
Trd, 000144.667, 168
Trd, 000144.733, 169
Trd, 000145.233, 168
Trd, 000145.700, 167
Trd, 000145.750, 168
Trd, 000147.200, 171
Trd, 000147.300, 168
Trd, 000148.567, 168
Trd, 000149.967, 165
Trd, 000150.467, 165
Trd, 000150.633, 165
Trd, 000150.700, 164
Trd, 000150.850, 167
Trd, 000150.900, 155
Trd, 000151.033, 168
Trd, 000151.150, 170
Trd, 000151.333, 152
Trd, 000152.200, 150
Trd, 000153.950, 151
Trd, 000154.033, 153
Trd, 000155.550, 152
Trd, 000155.583, 152
Trd, 000155.750, 154
Trd, 000156.550, 163
Trd, 000156.717, 166
Trd, 000158.467, 166
Trd, 000159.517, 158
Trd, 000159.717, 159
Trd, 000159.817, 157
Trd, 000160.433, 157
Trd, 000161.250, 156
Trd, 000161.283, 160
Trd, 000161.667, 156
Trd, 000161.983, 174
Trd, 000162.533, 155
Trd, 000162.933, 181
Trd, 000164.150, 167
Trd, 000164.450, 155
Trd, 000164.667, 166
Trd, 000164.817, 169
Trd, 000164.833, 171
Trd, 000165.983, 171
Trd, 000166.067, 177
Trd, 000166.317, 162
Trd, 000167.967, 175
Trd, 000168.100, 175
Trd, 000168.550, 173
Trd, 000169.383, 173
Trd, 000170.150, 153
Trd, 000170.683, 161
Trd, 000171.733, 155
Trd, 000173.017, 159
Trd, 000173.200, 154
Trd, 000174.100, 158
Trd, 000175.200, 156
Trd, 000175.350, 156
Trd, 000175.433, 155
Trd, 000175.617, 166
Trd, 000175.917, 158
Trd, 000176.050, 155
Trd, 000176.117, 160
Trd, 000176.333, 174
Trd, 000177.000, 154
Trd, 000177.517, 173
Trd, 000178.300, 174
Trd, 000179.750, 175
Trd, 000180.483, 175
Trd, 000181.233, 172
Trd, 000181.400, 175
Trd, 000181.450, 176
Trd, 000182.500, 173
Trd, 000183.467, 173
Trd, 000183.683, 177
Trd, 000183.783, 175
Trd, 000184.300, 176
Trd, 000184.333, 183
Trd, 000184.450, 183
Trd, 000184.567, 174
Trd, 000185.417, 173
Trd, 000186.600, 173
Trd, 000187.550, 173
Trd, 000187.717, 166
Trd, 000188.683, 167
Trd, 000188.717, 156
Trd, 000188.850, 168
Trd, 000189.067, 159
Trd, 000189.183, 167
Trd, 000189.883, 164
Trd, 000191.283, 158
Trd, 000192.417, 162
Trd, 000192.583, 168
Trd, 000192.650, 157
Trd, 000193.517, 165
Trd, 000193.750, 174
Trd, 000195.733, 156
Trd, 000196.100, 154
Trd, 000196.250, 157
Trd, 000196.317, 163
Trd, 000197.217, 171
Trd, 000198.167, 166
Trd, 000198.917, 167
Trd, 000199.600, 162
Trd, 000199.917, 167
Trd, 000200.767, 168
Trd, 000201.000, 175
Trd, 000201.350, 170
Trd, 000201.467, 163
Trd, 000202.150, 161
Trd, 000204.283, 165
Trd, 000204.783, 165
Trd, 000204.900, 165
Trd, 000205.367, 164
Trd, 000205.483, 166
Trd, 000205.583, 178
Trd, 000206.417, 168
Trd, 000206.667, 166
Trd, 000207.367, 161
Trd, 000207.583, 175
Trd, 000208.883, 164
Trd, 000210.650, 176
Trd, 000210.700, 165
Trd, 000211.183, 171
Trd, 000211.583, 165
Trd, 000212.217, 173
Trd, 000212.300, 174
Trd, 000212.700, 176
Trd, 000213.783, 175
Trd, 000214.183, 172
Trd, 000214.500, 169
Trd, 000215.200, 170
Trd, 000215.367, 175
Trd, 000216.383, 175
Trd, 000216.700, 170
Trd, 000217.233, 169
Trd, 000217.883, 156
Trd, 000218.167, 171
Trd, 000218.450, 172
Trd, 000218.933, 171
Trd, 000219.517, 173
Trd, 000221.683, 169
Trd, 000222.883, 172
Trd, 000223.200, 177
Trd, 000223.783, 170
Trd, 000223.900, 164
Trd, 000224.633, 176
Trd, 000225.967, 172
Trd, 000226.233, 173
Trd, 000226.800, 167
Trd, 000227.000, 172
Trd, 000227.433, 162
Trd, 000229.433, 166
Trd, 000229.917, 170
Trd, 000230.383, 170
Trd, 000231.867, 171
Trd, 000232.517, 169
Trd, 000233.933, 168
Trd, 000234.633, 167
Trd, 000234.900, 168
Trd, 000235.050, 166
Trd, 000235.233, 169
Trd, 000235.350, 171
Trd, 000235.817, 173
Trd, 000236.283, 178
Trd, 000236.450, 181
Trd, 000236.917, 179
Trd, 000236.933, 188
Trd, 000237.367, 168
Trd, 000237.400, 195
Trd, 000239.850, 188
Trd, 000239.950, 199
Trd, 000240.600, 193
Trd, 000240.700, 192
Trd, 000240.850, 191
Trd, 000240.883, 190
Trd, 000241.167, 188
Trd, 000241.467, 181
Trd, 000241.533, 179
Trd, 000242.000, 181
Trd, 000242.150, 178
Trd, 000242.350, 172
Trd, 000242.933, 174
Trd, 000243.167, 175
Trd, 000243.367, 176
Trd, 000243.950, 175
Trd, 000244.267, 171
Trd, 000244.783, 176
Trd, 000246.050, 175
Trd, 000246.500, 171
Trd, 000246.533, 173
Trd, 000246.667, 171
Trd, 000247.050, 172
Trd, 000247.733, 178
Trd, 000247.800, 171
Trd, 000247.917, 169
Trd, 000248.250, 171
Trd, 000248.550, 175
Trd, 000249.950, 173
Trd, 000250.500, 175
Trd, 000250.650, 173
Trd, 000251.217, 173
Trd, 000252.050, 172
Trd, 000252.150, 174
Trd, 000252.333, 176
Trd, 000252.883, 179
Trd, 000252.917, 180
Trd, 000253.133, 178
Trd, 000253.533, 177
Trd, 000254.350, 177
Trd, 000254.800, 178
Trd, 000254.833, 176
Trd, 000255.133, 173
Trd, 000255.483, 175
Trd, 000256.217, 162
Trd, 000256.233, 173
Trd, 000256.750, 167
Trd, 000257.717, 178
Trd, 000257.883, 182
Trd, 000258.350, 183
Trd, 000259.133, 185
Trd, 000259.850, 185
Trd, 000260.000, 182
Trd, 000260.150, 181
Trd, 000260.383, 186
Trd, 000261.083, 180
Trd, 000261.133, 181
Trd, 000262.483, 183
Trd, 000262.567, 177
Trd, 000262.700, 184
Trd, 000263.033, 191
Trd, 000263.517, 193
Trd, 000263.983, 187
Trd, 000264.333, 184
Trd, 000264.667, 185
Trd, 000265.600, 174
Trd, 000265.967, 179
Trd, 000266.300, 183
Trd, 000267.117, 183
Trd, 000267.217, 180
Trd, 000267.833, 179
Trd, 000268.200, 175
Trd, 000268.733, 179
Trd, 000269.267, 179
Trd, 000269.800, 175
Trd, 000270.067, 180
Trd, 000270.833, 181
Trd, 000271.100, 182
Trd, 000271.483, 182
Trd, 000272.250, 179
Trd, 000272.333, 185
Trd, 000273.850, 175
Trd, 000274.500, 173
Trd, 000274.717, 167
Trd, 000275.083, 164
Trd, 000275.200, 174
Trd, 000276.417, 171
Trd, 000276.617, 172
Trd, 000276.783, 170
Trd, 000276.833, 173
Trd, 000276.850, 176
Trd, 000276.950, 183
Trd, 000277.483, 192
Trd, 000278.133, 177
Trd, 000278.517, 179
Trd, 000279.700, 176
Trd, 000280.200, 186
Trd, 000280.583, 186
Trd, 000280.700, 189
Trd, 000280.850, 193
Trd, 000281.817, 188
Trd, 000282.233, 183
Trd, 000282.467, 179
Trd, 000282.600, 188
Trd, 000282.667, 189
Trd, 000282.967, 196
Trd, 000283.250, 189
Trd, 000284.367, 188
Trd, 000284.467, 187
Trd, 000284.667, 188
Trd, 000284.700, 189
Trd, 000284.933, 184
Trd, 000286.017, 185
Trd, 000286.200, 183
Trd, 000286.467, 183
Trd, 000286.550, 184
Trd, 000287.150, 177
Trd, 000287.700, 167
Trd, 000287.850, 172
Trd, 000288.417, 183
Trd, 000289.100, 167
Trd, 000289.667, 178
Trd, 000289.750, 180
Trd, 000289.767, 185
Trd, 000289.900, 177
Trd, 000290.000, 187
Trd, 000291.317, 187
Trd, 000291.483, 194
Trd, 000291.733, 187
Trd, 000291.900, 203
Trd, 000292.183, 204
Trd, 000292.367, 189
Trd, 000292.950, 203
Trd, 000292.967, 189
Trd, 000293.800, 184
Trd, 000294.450, 188
Trd, 000294.833, 196
Trd, 000294.917, 190
Trd, 000295.283, 196
Trd, 000295.450, 194
Trd, 000296.300, 192
Trd, 000296.400, 191
Trd, 000296.583, 193
Trd, 000296.600, 194
Trd, 000296.617, 196
Trd, 000296.783, 184
Trd, 000297.417, 196
Trd, 000298.267, 195
Trd, 000298.917, 194
Trd, 000299.217, 195
Trd, 000299.250, 196
Trd, 000299.450, 185
Trd, 000299.700, 186
Trd, 000299.950, 185
