Trd, 000001.500, 124
Trd, 000001.917, 133
Trd, 000003.050, 138
Trd, 000003.400, 141
Trd, 000003.683, 122
Trd, 000003.883, 144
Trd, 000005.067, 145
Trd, 000005.317, 134
Trd, 000005.450, 145
Trd, 000005.683, 134
Trd, 000005.983, 147
Trd, 000006.400, 148
Trd, 000006.867, 156
Trd, 000007.283, 143
Trd, 000008.117, 145
Trd, 000009.633, 141
Trd, 000009.883, 142
Trd, 000009.950, 145
Trd, 000010.000, 146
Trd, 000010.217, 147
Trd, 000010.233, 149
Trd, 000010.800, 147
Trd, 000011.433, 147
Trd, 000011.683, 159
Trd, 000011.817, 144
Trd, 000013.067, 150
Trd, 000013.183, 149
Trd, 000013.617, 149
Trd, 000014.483, 158
Trd, 000014.950, 151
Trd, 000016.700, 146
Trd, 000016.783, 146
Trd, 000017.133, 147
Trd, 000017.250, 148
Trd, 000017.750, 148
Trd, 000017.767, 149
Trd, 000018.217, 151
Trd, 000018.850, 150
Trd, 000019.967, 149
Trd, 000020.850, 148
Trd, 000022.167, 157
Trd, 000022.700, 150
Trd, 000022.717, 158
Trd, 000022.767, 159
Trd, 000024.350, 157
Trd, 000024.400, 177
Trd, 000024.883, 152
Trd, 000024.900, 160
Trd, 000025.900, 159
Trd, 000025.967, 170
Trd, 000027.067, 158
Trd, 000027.450, 154
Trd, 000027.883, 155
Trd, 000028.267, 154
Trd, 000029.150, 154
Trd, 000029.750, 155
Trd, 000029.967, 153
Trd, 000031.233, 152
Trd, 000031.800, 152
Trd, 000031.933, 154
Trd, 000032.183, 155
Trd, 000032.950, 156
Trd, 000033.017, 158
Trd, 000033.117, 155
Trd, 000035.350, 155
Trd, 000035.433, 156
Trd, 000035.667, 152
Trd, 000036.267, 156
Trd, 000036.333, 152
Trd, 000036.717, 152
Trd, 000037.283, 152
Trd, 000038.633, 153
Trd, 000039.867, 154
Trd, 000040.350, 153
Trd, 000040.650, 152
Trd, 000040.750, 153
Trd, 000040.783, 152
Trd, 000041.317, 153
Trd, 000041.350, 158
Trd, 000042.000, 155
Trd, 000042.350, 153
Trd, 000042.450, 152
Trd, 000042.467, 158
Trd, 000044.317, 157
Trd, 000044.450, 157
Trd, 000044.917, 158
Trd, 000045.350, 153
Trd, 000046.783, 159
Trd, 000047.650, 156
Trd, 000048.050, 156
Trd, 000048.250, 149
Trd, 000048.750, 157
Trd, 000048.900, 153
Trd, 000049.000, 158
Trd, 000049.650, 155
Trd, 000050.267, 153
Trd, 000051.450, 148
Trd, 000051.533, 153
Trd, 000051.817, 158
Trd, 000052.183, 153
Trd, 000052.700, 152
Trd, 000054.483, 146
Trd, 000054.517, 147
Trd, 000054.717, 149
Trd, 000057.050, 150
Trd, 000057.150, 151
Trd, 000057.233, 152
Trd, 000058.383, 153
Trd, 000058.583, 154
Trd, 000058.617, 154
Trd, 000059.517, 156
Trd, 000059.950, 153
Trd, 000060.067, 154
Trd, 000060.250, 152
Trd, 000060.733, 153
Trd, 000061.000, 156
Trd, 000061.750, 151
Trd, 000061.850, 156
Trd, 000062.517, 157
Trd, 000063.617, 155
Trd, 000064.217, 156
Trd, 000064.683, 156
Trd, 000064.900, 157
Trd, 000064.933, 155
Trd, 000066.533, 158
Trd, 000066.933, 157
Trd, 000067.067, 157
Trd, 000068.117, 157
Trd, 000068.750, 155
Trd, 000068.850, 156
Trd, 000069.200, 154
Trd, 000069.667, 151
Trd, 000069.767, 157
Trd, 000070.067, 160
Trd, 000070.167, 162
Trd, 000071.917, 160
Trd, 000072.317, 155
Trd, 000072.633, 163
Trd, 000073.033, 155
Trd, 000074.550, 154
Trd, 000075.300, 154
Trd, 000075.417, 155
Trd, 000075.600, 156
Trd, 000076.233, 162
Trd, 000076.517, 154
Trd, 000077.167, 159
Trd, 000077.867, 162
Trd, 000078.133, 162
Trd, 000078.200, 159
Trd, 000079.533, 162
Trd, 000080.467, 161
Trd, 000080.650, 162
Trd, 000080.683, 166
Trd, 000081.783, 164
Trd, 000083.367, 163
Trd, 000084.300, 158
Trd, 000084.400, 159
Trd, 000084.600, 152
Trd, 000084.617, 162
Trd, 000085.533, 161
Trd, 000086.600, 149
Trd, 000086.900, 152
Trd, 000086.950, 156
Trd, 000086.983, 156
Trd, 000087.600, 158
Trd, 000087.817, 159
Trd, 000088.333, 162
Trd, 000088.450, 157
Trd, 000088.967, 158
Trd, 000089.433, 157
Trd, 000089.900, 158
Trd, 000090.483, 157
Trd, 000090.883, 157
Trd, 000090.983, 156
Trd, 000091.167, 159
Trd, 000092.050, 164
Trd, 000092.383, 156
Trd, 000092.917, 160
Trd, 000093.067, 161
Trd, 000093.433, 162
Trd, 000094.033, 161
Trd, 000096.400, 159
Trd, 000096.917, 159
Trd, 000097.117, 159
Trd, 000097.717, 162
Trd, 000098.417, 163
Trd, 000098.683, 164
Trd, 000099.883, 163
Trd, 000100.233, 163
Trd, 000100.433, 161
Trd, 000100.867, 163
Trd, 000101.067, 163
Trd, 000101.633, 162
Trd, 000102.117, 162
Trd, 000102.300, 162
Trd, 000102.383, 163
Trd, 000103.033, 162
Trd, 000103.217, 161
Trd, 000104.000, 161
Trd, 000104.233, 160
Trd, 000104.767, 159
Trd, 000104.783, 160
Trd, 000105.733, 160
Trd, 000106.183, 159
Trd, 000106.267, 165
Trd, 000106.300, 166
Trd, 000107.750, 159
Trd, 000107.867, 159
Trd, 000107.933, 167
Trd, 000109.217, 166
Trd, 000109.700, 163
Trd, 000109.750, 166
Trd, 000109.817, 167
Trd, 000110.717, 164
Trd, 000111.267, 162
Trd, 000111.783, 162
Trd, 000111.917, 161
Trd, 000112.183, 163
Trd, 000112.667, 155
Trd, 000112.683, 162
Trd, 000112.750, 162
Trd, 000113.033, 169
Trd, 000113.200, 167
Trd, 000114.583, 163
Trd, 000115.067, 162
Trd, 000115.550, 161
Trd, 000116.900, 161
Trd, 000117.067, 160
Trd, 000117.150, 161
Trd, 000117.817, 161
Trd, 000119.233, 160
Trd, 000119.433, 159
Trd, 000119.867, 160
Trd, 000120.067, 161
Trd, 000120.850, 157
Trd, 000121.783, 156
Trd, 000122.300, 161
Trd, 000122.450, 161
Trd, 000122.850, 161
Trd, 000123.033, 157
Trd, 000123.750, 158
Trd, 000123.817, 157
Trd, 000124.450, 155
Trd, 000124.467, 158
Trd, 000125.167, 166
Trd, 000125.933, 166
Trd, 000126.067, 167
Trd, 000126.167, 162
Trd, 000126.500, 155
Trd, 000128.733, 162
Trd, 000129.917, 163
Trd, 000130.050, 164
Trd, 000130.500, 164
Trd, 000130.800, 163
Trd, 000130.917, 163
Trd, 000131.150, 163
Trd, 000131.550, 162
Trd, 000131.933, 162
Trd, 000131.967, 163
Trd, 000132.200, 163
Trd, 000132.350, 163
Trd, 000132.483, 164
Trd, 000133.083, 161
Trd, 000133.333, 161
Trd, 000134.433, 167
Trd, 000134.467, 159
Trd, 000136.517, 160
Trd, 000136.800, 160
Trd, 000137.650, 158
Trd, 000138.000, 161
Trd, 000138.450, 162
Trd, 000138.467, 163
Trd, 000139.217, 160
Trd, 000139.267, 162
Trd, 000139.700, 162
Trd, 000139.800, 162
Trd, 000140.050, 161
Trd, 000141.167, 167
Trd, 000141.367, 169
Trd, 000141.667, 169
Trd, 000142.783, 167
Trd, 000143.150, 166
Trd, 000143.433, 167
Trd, 000144.167, 166
Trd, 000144.233, 165
Trd, 000144.650, 168
Trd, 000145.750, 168
Trd, 000146.433, 169
Trd, 000147.217, 168
Trd, 000147.783, 169
Trd, 000148.500, 170
Trd, 000148.767, 169
Trd, 000149.033, 171
Trd, 000149.050, 166
Trd, 000149.767, 168
Trd, 000149.967, 172
Trd, 000150.467, 165
Trd, 000150.950, 171
Trd, 000150.983, 172
Trd, 000151.817, 166
Trd, 000151.833, 171
Trd, 000152.833, 170
Trd, 000152.983, 171
Trd, 000153.367, 171
Trd, 000154.617, 173
Trd, 000154.800, 185
Trd, 000155.867, 169
Trd, 000156.267, 180
Trd, 000157.000, 175
Trd, 000157.017, 179
Trd, 000157.667, 175
Trd, 000158.817, 174
Trd, 000159.233, 177
Trd, 000159.700, 178
Trd, 000161.033, 177
Trd, 000161.200, 171
Trd, 000162.117, 170
Trd, 000162.350, 171
Trd, 000162.433, 174
Trd, 000163.500, 172
Trd, 000163.550, 174
Trd, 000164.267, 174
Trd, 000164.467, 173
Trd, 000165.383, 173
Trd, 000165.400, 169
Trd, 000166.450, 170
Trd, 000166.633, 171
Trd, 000166.967, 172
Trd, 000167.817, 169
Trd, 000168.183, 161
Trd, 000168.700, 166
Trd, 000168.817, 152
Trd, 000169.067, 161
Trd, 000169.283, 160
Trd, 000170.083, 163
Trd, 000170.183, 164
Trd, 000170.300, 161
Trd, 000170.550, 161
Trd, 000170.617, 163
Trd, 000171.550, 164
Trd, 000171.767, 151
Trd, 000172.683, 160
Trd, 000172.700, 161
Trd, 000173.700, 160
Trd, 000173.933, 161
Trd, 000174.267, 160
Trd, 000174.450, 161
Trd, 000174.900, 164
Trd, 000175.100, 158
Trd, 000175.133, 172
Trd, 000175.317, 175
Trd, 000175.683, 192
Trd, 000177.683, 168
Trd, 000178.750, 169
Trd, 000180.083, 167
Trd, 000180.150, 166
Trd, 000180.383, 168
Trd, 000180.833, 166
Trd, 000180.983, 165
Trd, 000181.200, 165
Trd, 000181.333, 164
Trd, 000181.650, 173
Trd, 000182.400, 166
Trd, 000182.833, 165
Trd, 000182.867, 166
Trd, 000184.683, 165
Trd, 000185.617, 164
Trd, 000185.700, 165
Trd, 000186.000, 164
Trd, 000186.383, 166
Trd, 000186.567, 163
Trd, 000186.667, 163
Trd, 000186.883, 165
Trd, 000187.217, 164
Trd, 000189.667, 174
Trd, 000189.733, 172
Trd, 000190.367, 177
Trd, 000190.583, 190
Trd, 000191.783, 176
Trd, 000192.000, 176
Trd, 000192.067, 175
Trd, 000192.333, 176
Trd, 000192.500, 174
Trd, 000192.900, 177
Trd, 000192.950, 194
Trd, 000193.350, 173
Trd, 000195.067, 181
Trd, 000195.933, 175
Trd, 000196.650, 174
Trd, 000197.883, 175
Trd, 000198.267, 174
Trd, 000199.200, 175
Trd, 000200.017, 174
Trd, 000200.400, 173
Trd, 000200.500, 154
Trd, 000201.350, 167
Trd, 000201.467, 164
Trd, 000201.517, 168
Trd, 000202.217, 165
Trd, 000202.567, 166
Trd, 000202.950, 169
Trd, 000203.417, 165
Trd, 000203.633, 165
Trd, 000203.933, 167
Trd, 000205.083, 167
Trd, 000206.033, 167
Trd, 000206.233, 167
Trd, 000206.417, 168
Trd, 000206.483, 169
Trd, 000206.733, 167
Trd, 000207.217, 167
Trd, 000207.317, 168
Trd, 000207.500, 175
Trd, 000209.017, 170
Trd, 000209.033, 167
Trd, 000209.200, 171
Trd, 000209.917, 169
Trd, 000210.617, 167
Trd, 000210.867, 166
Trd, 000211.683, 165
Trd, 000211.883, 169
Trd, 000212.450, 167
Trd, 000212.600, 168
Trd, 000214.383, 167
Trd, 000214.450, 169
Trd, 000214.517, 166
Trd, 000214.833, 168
Trd, 000215.200, 166
Trd, 000215.833, 168
Trd, 000216.017, 166
Trd, 000216.050, 176
Trd, 000216.817, 165
Trd, 000218.517, 171
Trd, 000218.767, 171
Trd, 000219.283, 173
Trd, 000219.333, 172
Trd, 000220.100, 171
Trd, 000221.667, 169
Trd, 000221.767, 170
Trd, 000221.933, 171
Trd, 000222.750, 169
Trd, 000223.000, 166
Trd, 000223.117, 170
Trd, 000223.500, 170
Trd, 000223.550, 167
Trd, 000224.233, 171
Trd, 000224.767, 167
Trd, 000225.400, 166
Trd, 000225.667, 165
Trd, 000227.133, 180
Trd, 000227.483, 167
Trd, 000228.333, 177
Trd, 000228.483, 176
Trd, 000228.700, 177
Trd, 000228.950, 176
Trd, 000229.717, 197
Trd, 000230.233, 189
Trd, 000230.583, 181
Trd, 000231.817, 174
Trd, 000232.117, 174
Trd, 000232.200, 173
Trd, 000233.067, 178
Trd, 000233.567, 176
Trd, 000233.683, 181
Trd, 000235.133, 180
Trd, 000235.267, 192
Trd, 000235.633, 177
Trd, 000235.967, 173
Trd, 000236.317, 186
Trd, 000237.417, 173
Trd, 000238.183, 172
Trd, 000238.700, 157
Trd, 000238.933, 172
Trd, 000240.333, 172
Trd, 000240.367, 172
Trd, 000240.567, 172
Trd, 000241.100, 171
Trd, 000241.417, 172
Trd, 000241.700, 175
Trd, 000241.883, 177
Trd, 000243.400, 172
Trd, 000243.433, 171
Trd, 000243.450, 174
Trd, 000244.183, 170
Trd, 000244.217, 174
Trd, 000244.833, 172
Trd, 000245.517, 170
Trd, 000245.583, 171
Trd, 000246.167, 171
Trd, 000246.300, 172
Trd, 000246.533, 172
Trd, 000246.750, 172
Trd, 000247.533, 174
Trd, 000248.233, 175
Trd, 000248.950, 175
Trd, 000249.383, 183
Trd, 000249.850, 177
Trd, 000250.117, 179
Trd, 000250.567, 175
Trd, 000250.650, 174
Trd, 000251.033, 173
Trd, 000251.100, 173
Trd, 000251.750, 170
Trd, 000252.133, 169
Trd, 000252.350, 172
Trd, 000252.617, 172
Trd, 000252.683, 180
Trd, 000252.700, 183
Trd, 000253.750, 178
Trd, 000253.867, 179
Trd, 000254.517, 169
Trd, 000254.750, 176
Trd, 000255.817, 170
Trd, 000256.117, 169
Trd, 000256.567, 169
Trd, 000256.600, 168
Trd, 000256.950, 169
Trd, 000257.917, 166
Trd, 000258.017, 163
Trd, 000258.083, 167
Trd, 000258.817, 173
Trd, 000259.250, 173
Trd, 000260.350, 174
Trd, 000260.750, 171
Trd, 000260.867, 167
Trd, 000261.283, 165
Trd, 000261.483, 169
Trd, 000261.867, 166
Trd, 000262.233, 166
Trd, 000262.300, 168
Trd, 000263.233, 166
Trd, 000263.350, 167
Trd, 000263.667, 164
Trd, 000263.900, 163
Trd, 000264.333, 162
Trd, 000264.667, 167
Trd, 000264.750, 162
Trd, 000265.433, 165
Trd, 000265.700, 164
Trd, 000265.983, 166
Trd, 000267.067, 167
Trd, 000267.100, 163
Trd, 000267.383, 165
Trd, 000268.350, 165
Trd, 000268.800, 166
Trd, 000268.983, 165
Trd, 000269.450, 167
Trd, 000269.700, 168
Trd, 000270.667, 165
Trd, 000271.167, 169
Trd, 000271.450, 170
Trd, 000271.950, 168
Trd, 000272.183, 164
Trd, 000272.450, 171
Trd, 000272.600, 162
Trd, 000273.333, 167
Trd, 000274.117, 163
Trd, 000274.917, 165
Trd, 000275.383, 166
Trd, 000275.433, 167
Trd, 000275.483, 171
Trd, 000275.600, 176
Trd, 000276.667, 172
Trd, 000276.717, 174
Trd, 000277.400, 167
Trd, 000277.500, 174
Trd, 000278.000, 164
Trd, 000278.083, 170
Trd, 000278.117, 172
Trd, 000278.133, 175
Trd, 000280.283, 169
Trd, 000280.350, 170
Trd, 000280.783, 169
Trd, 000281.417, 168
Trd, 000281.450, 172
Trd, 000281.483, 168
Trd, 000281.917, 175
Trd, 000282.217, 174
Trd, 000282.317, 172
Trd, 000282.717, 171
Trd, 000283.183, 168
Trd, 000283.300, 165
Trd, 000284.350, 170
Trd, 000284.367, 169
Trd, 000284.400, 172
Trd, 000284.883, 165
Trd, 000285.317, 173
Trd, 000285.467, 174
Trd, 000286.933, 176
Trd, 000287.700, 178
Trd, 000287.833, 177
Trd, 000287.983, 176
Trd, 000288.500, 176
Trd, 000289.400, 177
Trd, 000290.117, 176
Trd, 000290.217, 176
Trd, 000290.750, 177
Trd, 000291.783, 177
Trd, 000292.117, 175
Trd, 000292.667, 177
Trd, 000292.800, 176
Trd, 000292.833, 174
Trd, 000293.333, 174
Trd, 000293.733, 174
Trd, 000293.933, 173
Trd, 000294.233, 170
Trd, 000294.333, 173
Trd, 000294.517, 174
Trd, 000294.567, 175
Trd, 000294.717, 177
Trd, 000295.917, 176
Trd, 000296.150, 177
Trd, 000296.733, 181
Trd, 000297.567, 181
Trd, 000297.683, 177
Trd, 000297.817, 177
Trd, 000299.150, 179
Trd, 000299.467, 181
