Trd, 000002.950, 151
Trd, 000003.133, 150
Trd, 000003.583, 153
Trd, 000003.917, 154
Trd, 000004.067, 148
Trd, 000004.200, 169
Trd, 000004.417, 171
Trd, 000004.667, 164
Trd, 000005.100, 172
Trd, 000005.383, 148
Trd, 000005.900, 154
Trd, 000006.900, 154
Trd, 000007.100, 156
Trd, 000007.133, 153
Trd, 000008.817, 163
Trd, 000009.183, 166
Trd, 000009.217, 162
Trd, 000012.117, 156
Trd, 000012.200, 154
Trd, 000012.317, 155
Trd, 000012.483, 157
Trd, 000012.600, 153
Trd, 000012.667, 159
Trd, 000013.133, 155
Trd, 000013.733, 159
Trd, 000014.033, 176
Trd, 000014.683, 150
Trd, 000015.000, 160
Trd, 000015.450, 161
Trd, 000015.633, 150
Trd, 000016.333, 150
Trd, 000018.233, 157
Trd, 000018.567, 167
Trd, 000019.033, 157
Trd, 000019.250, 160
Trd, 000019.367, 162
Trd, 000019.833, 168
Trd, 000021.133, 181
Trd, 000021.883, 155
Trd, 000022.067, 167
Trd, 000022.750, 165
Trd, 000023.367, 164
Trd, 000024.200, 161
Trd, 000024.250, 161
Trd, 000024.867, 167
Trd, 000024.900, 160
Trd, 000026.000, 166
Trd, 000026.183, 164
Trd, 000026.233, 151
Trd, 000028.450, 167
Trd, 000028.650, 167
Trd, 000029.083, 167
Trd, 000029.383, 168
Trd, 000030.167, 160
Trd, 000030.667, 169
Trd, 000030.717, 159
Trd, 000031.717, 167
Trd, 000031.833, 172
Trd, 000032.133, 160
Trd, 000032.550, 176
Trd, 000033.700, 159
Trd, 000034.517, 165
Trd, 000036.983, 163
Trd, 000038.783, 162
Trd, 000038.850, 163
Trd, 000039.200, 163
Trd, 000039.267, 162
Trd, 000039.767, 162
Trd, 000039.800, 157
Trd, 000039.967, 162
Trd, 000040.633, 162
Trd, 000041.733, 161
Trd, 000042.100, 162
Trd, 000042.233, 160
Trd, 000042.400, 158
Trd, 000044.233, 160
Trd, 000044.767, 159
Trd, 000044.933, 171
Trd, 000045.700, 183
Trd, 000046.133, 172
Trd, 000046.667, 170
Trd, 000046.867, 169
Trd, 000047.567, 171
Trd, 000048.633, 166
Trd, 000048.867, 166
Trd, 000049.483, 165
Trd, 000050.100, 165
Trd, 000050.483, 153
Trd, 000050.567, 167
Trd, 000051.933, 171
Trd, 000052.233, 181
Trd, 000052.300, 187
Trd, 000053.567, 172
Trd, 000053.883, 171
Trd, 000054.183, 170
Trd, 000054.933, 168
Trd, 000056.567, 166
Trd, 000056.967, 166
Trd, 000057.283, 164
Trd, 000057.717, 163
Trd, 000057.733, 167
Trd, 000058.950, 157
Trd, 000059.083, 160
Trd, 000060.067, 160
Trd, 000060.133, 161
Trd, 000060.217, 161
Trd, 000060.567, 163
Trd, 000062.133, 163
Trd, 000062.483, 163
Trd, 000062.533, 162
Trd, 000063.067, 154
Trd, 000063.683, 182
Trd, 000064.200, 171
Trd, 000064.367, 171
Trd, 000064.517, 183
Trd, 000065.133, 177
Trd, 000065.883, 149
Trd, 000066.667, 166
Trd, 000067.017, 164
Trd, 000067.483, 148
Trd, 000067.850, 152
Trd, 000068.217, 153
Trd, 000069.017, 155
Trd, 000069.733, 158
Trd, 000070.150, 181
Trd, 000070.517, 159
Trd, 000070.550, 158
Trd, 000070.650, 158
Trd, 000071.533, 156
Trd, 000071.717, 158
Trd, 000073.517, 157
Trd, 000074.850, 182
Trd, 000075.383, 162
Trd, 000075.650, 168
Trd, 000076.400, 161
Trd, 000076.450, 167
Trd, 000076.683, 169
Trd, 000077.750, 188
Trd, 000077.917, 180
Trd, 000078.200, 179
Trd, 000078.783, 186
Trd, 000079.083, 175
Trd, 000079.400, 187
Trd, 000080.250, 169
Trd, 000080.583, 169
Trd, 000080.950, 174
Trd, 000081.250, 169
Trd, 000082.783, 176
Trd, 000083.200, 176
Trd, 000083.300, 183
Trd, 000084.417, 176
Trd, 000085.533, 174
Trd, 000086.050, 173
Trd, 000086.667, 173
Trd, 000086.917, 177
Trd, 000087.100, 177
Trd, 000087.650, 175
Trd, 000088.033, 173
Trd, 000088.983, 176
Trd, 000089.050, 175
Trd, 000089.183, 172
Trd, 000089.750, 160
Trd, 000089.833, 174
Trd, 000091.850, 166
Trd, 000092.350, 165
Trd, 000092.750, 165
Trd, 000093.433, 162
Trd, 000093.583, 161
Trd, 000094.133, 160
Trd, 000094.367, 164
Trd, 000094.417, 163
Trd, 000095.583, 160
Trd, 000095.700, 164
Trd, 000095.850, 175
Trd, 000095.967, 166
Trd, 000097.467, 166
Trd, 000098.900, 165
Trd, 000099.983, 173
Trd, 000100.000, 176
Trd, 000100.133, 164
Trd, 000101.083, 170
Trd, 000101.167, 173
Trd, 000101.200, 163
Trd, 000101.617, 161
Trd, 000103.283, 169
Trd, 000103.483, 164
Trd, 000104.333, 168
Trd, 000104.900, 167
Trd, 000105.033, 165
Trd, 000105.400, 168
Trd, 000105.617, 168
Trd, 000105.883, 184
Trd, 000107.283, 178
Trd, 000108.000, 173
Trd, 000108.367, 173
Trd, 000108.533, 186
Trd, 000109.217, 180
Trd, 000109.383, 175
Trd, 000109.767, 174
Trd, 000110.133, 166
Trd, 000110.617, 176
Trd, 000111.567, 165
Trd, 000112.850, 167
Trd, 000113.100, 167
Trd, 000113.617, 168
Trd, 000113.800, 166
Trd, 000113.817, 170
Trd, 000114.667, 164
Trd, 000115.150, 159
Trd, 000116.167, 168
Trd, 000116.550, 168
Trd, 000116.717, 155
Trd, 000117.633, 158
Trd, 000118.033, 165
Trd, 000118.183, 167
Trd, 000118.500, 160
Trd, 000119.017, 166
Trd, 000119.950, 177
Trd, 000120.283, 172
Trd, 000121.400, 168
Trd, 000122.500, 167
Trd, 000122.633, 166
Trd, 000122.900, 167
Trd, 000123.050, 163
Trd, 000123.767, 168
Trd, 000124.450, 163
Trd, 000124.917, 162
Trd, 000125.233, 163
Trd, 000125.567, 166
Trd, 000125.917, 172
Trd, 000125.933, 163
Trd, 000127.300, 167
Trd, 000127.900, 162
Trd, 000128.367, 167
Trd, 000129.283, 166
Trd, 000129.667, 167
Trd, 000129.833, 168
Trd, 000129.867, 171
Trd, 000129.967, 162
Trd, 000130.583, 178
Trd, 000131.317, 188
Trd, 000131.450, 186
Trd, 000132.383, 176
Trd, 000132.767, 167
Trd, 000133.850, 181
Trd, 000134.817, 164
Trd, 000136.183, 173
Trd, 000136.467, 173
Trd, 000136.683, 169
Trd, 000136.867, 177
Trd, 000137.500, 176
Trd, 000138.183, 170
Trd, 000138.650, 170
Trd, 000138.750, 172
Trd, 000139.183, 173
Trd, 000140.083, 171
Trd, 000140.650, 177
Trd, 000140.983, 180
Trd, 000142.850, 178
Trd, 000143.333, 181
Trd, 000143.567, 180
Trd, 000143.767, 178
Trd, 000143.850, 167
Trd, 000144.017, 189
Trd, 000144.850, 169
Trd, 000145.700, 179
Trd, 000145.767, 180
Trd, 000146.167, 176
Trd, 000146.467, 181
Trd, 000147.300, 174
Trd, 000148.050, 187
Trd, 000149.617, 183
Trd, 000149.917, 182
Trd, 000151.000, 183
Trd, 000151.150, 182
Trd, 000151.183, 181
Trd, 000151.517, 180
Trd, 000152.583, 180
Trd, 000152.967, 181
Trd, 000153.550, 182
Trd, 000154.600, 190
Trd, 000155.133, 174
Trd, 000155.533, 180
Trd, 000156.150, 178
Trd, 000156.367, 178
Trd, 000156.483, 175
Trd, 000156.617, 170
Trd, 000157.383, 180
Trd, 000158.200, 170
Trd, 000158.333, 178
Trd, 000158.433, 169
Trd, 000158.833, 168
Trd, 000159.900, 173
Trd, 000160.800, 167
Trd, 000161.567, 166
Trd, 000162.117, 169
Trd, 000162.517, 170
Trd, 000162.733, 170
Trd, 000163.317, 170
Trd, 000163.483, 170
Trd, 000163.550, 166
Trd, 000164.883, 168
Trd, 000165.833, 165
Trd, 000166.467, 164
Trd, 000166.567, 166
Trd, 000166.833, 168
Trd, 000167.633, 166
Trd, 000167.800, 162
Trd, 000169.450, 177
Trd, 000170.417, 182
Trd, 000171.000, 181
Trd, 000171.517, 181
Trd, 000172.500, 176
Trd, 000172.967, 178
Trd, 000173.567, 170
Trd, 000174.150, 172
Trd, 000174.667, 171
Trd, 000174.683, 170
Trd, 000175.200, 169
Trd, 000175.750, 168
Trd, 000176.750, 169
Trd, 000176.950, 175
Trd, 000177.567, 183
Trd, 000178.500, 168
Trd, 000178.883, 193
Trd, 000179.367, 184
Trd, 000179.600, 183
Trd, 000179.667, 170
Trd, 000180.233, 176
Trd, 000180.850, 180
Trd, 000181.267, 169
Trd, 000181.333, 185
Trd, 000182.583, 168
Trd, 000183.817, 183
Trd, 000183.933, 175
Trd, 000185.750, 171
Trd, 000185.767, 169
Trd, 000185.850, 176
Trd, 000185.967, 178
Trd, 000186.200, 176
Trd, 000187.000, 174
Trd, 000187.150, 175
Trd, 000188.533, 182
Trd, 000188.633, 181
Trd, 000188.767, 182
Trd, 000189.267, 184
Trd, 000190.017, 183
Trd, 000190.217, 182
Trd, 000191.650, 180
Trd, 000191.667, 179
Trd, 000192.467, 193
Trd, 000192.700, 175
Trd, 000193.150, 184
Trd, 000193.600, 183
Trd, 000193.783, 186
Trd, 000194.233, 183
Trd, 000195.233, 181
Trd, 000195.583, 182
Trd, 000196.900, 183
Trd, 000197.800, 181
Trd, 000198.250, 179
Trd, 000198.767, 184
Trd, 000200.633, 180
Trd, 000201.783, 171
Trd, 000202.033, 176
Trd, 000202.483, 175
Trd, 000202.700, 178
Trd, 000202.900, 179
Trd, 000203.267, 173
Trd, 000203.300, 178
Trd, 000203.317, 178
Trd, 000203.600, 179
Trd, 000204.000, 185
Trd, 000205.800, 185
Trd, 000206.467, 186
Trd, 000206.817, 187
Trd, 000207.883, 187
Trd, 000209.000, 190
Trd, 000209.450, 190
Trd, 000210.217, 191
Trd, 000210.250, 187
Trd, 000211.483, 194
Trd, 000213.133, 187
Trd, 000213.300, 194
Trd, 000214.033, 188
Trd, 000214.283, 175
Trd, 000214.500, 186
Trd, 000214.583, 187
Trd, 000214.683, 187
Trd, 000216.550, 186
Trd, 000216.717, 182
Trd, 000217.867, 186
Trd, 000218.733, 186
Trd, 000219.500, 186
Trd, 000220.150, 185
Trd, 000220.467, 185
Trd, 000220.567, 184
Trd, 000221.933, 183
Trd, 000223.183, 180
Trd, 000224.133, 176
Trd, 000224.150, 173
Trd, 000224.233, 170
Trd, 000224.783, 181
Trd, 000225.267, 179
Trd, 000226.050, 177
Trd, 000226.117, 178
Trd, 000226.300, 177
Trd, 000226.400, 197
Trd, 000227.183, 204
Trd, 000228.917, 193
Trd, 000229.017, 196
Trd, 000229.533, 188
Trd, 000230.500, 190
Trd, 000230.600, 190
Trd, 000230.717, 171
Trd, 000232.833, 188
Trd, 000233.100, 189
Trd, 000233.250, 188
Trd, 000233.367, 190
Trd, 000234.133, 188
Trd, 000234.383, 187
Trd, 000234.517, 177
Trd, 000235.933, 184
Trd, 000235.950, 187
Trd, 000236.133, 173
Trd, 000236.750, 203
Trd, 000237.433, 193
Trd, 000239.033, 187
Trd, 000240.133, 185
Trd, 000240.867, 177
Trd, 000241.000, 175
Trd, 000241.300, 176
Trd, 000241.867, 174
Trd, 000242.183, 175
Trd, 000242.283, 178
Trd, 000243.133, 175
Trd, 000243.533, 179
Trd, 000243.883, 184
Trd, 000244.233, 173
Trd, 000244.750, 175
Trd, 000244.783, 187
Trd, 000245.117, 172
Trd, 000245.250, 182
Trd, 000245.833, 182
Trd, 000246.900, 172
Trd, 000247.367, 177
Trd, 000247.983, 176
Trd, 000248.717, 176
Trd, 000248.783, 181
Trd, 000248.900, 182
Trd, 000250.733, 177
Trd, 000250.900, 176
Trd, 000251.367, 176
Trd, 000251.500, 179
Trd, 000251.650, 181
Trd, 000251.683, 182
Trd, 000251.867, 176
Trd, 000252.117, 189
Trd, 000252.367, 190
Trd, 000252.933, 175
Trd, 000253.450, 175
Trd, 000254.000, 174
Trd, 000254.167, 173
Trd, 000254.383, 172
Trd, 000255.267, 171
Trd, 000255.733, 172
Trd, 000256.183, 171
Trd, 000256.317, 172
Trd, 000256.883, 193
Trd, 000257.333, 183
Trd, 000257.900, 178
Trd, 000258.733, 193
Trd, 000259.317, 181
Trd, 000259.333, 183
Trd, 000259.767, 170
Trd, 000260.317, 181
Trd, 000261.983, 175
Trd, 000262.183, 172
Trd, 000262.217, 174
Trd, 000262.417, 178
Trd, 000263.417, 179
Trd, 000263.817, 180
Trd, 000264.067, 181
Trd, 000264.867, 177
Trd, 000265.217, 178
Trd, 000265.350, 177
Trd, 000265.533, 175
Trd, 000265.583, 179
Trd, 000265.850, 177
Trd, 000266.100, 180
Trd, 000268.400, 176
Trd, 000268.950, 175
Trd, 000269.217, 177
Trd, 000269.733, 175
Trd, 000270.033, 171
Trd, 000270.583, 172
Trd, 000270.983, 172
Trd, 000271.117, 173
Trd, 000271.200, 171
Trd, 000271.367, 170
Trd, 000271.650, 191
Trd, 000271.917, 169
Trd, 000272.167, 168
Trd, 000272.417, 175
Trd, 000273.400, 176
Trd, 000273.817, 195
Trd, 000273.833, 204
Trd, 000274.333, 182
Trd, 000274.533, 175
Trd, 000274.817, 174
Trd, 000275.117, 169
Trd, 000276.250, 173
Trd, 000276.767, 172
Trd, 000277.817, 169
Trd, 000277.900, 169
Trd, 000278.533, 174
Trd, 000278.650, 174
Trd, 000279.250, 173
Trd, 000279.533, 176
Trd, 000279.767, 171
Trd, 000279.867, 168
Trd, 000279.983, 162
Trd, 000280.033, 177
Trd, 000280.683, 195
Trd, 000280.883, 196
Trd, 000280.983, 210
Trd, 000281.850, 193
Trd, 000281.867, 190
Trd, 000282.517, 188
Trd, 000283.417, 186
Trd, 000283.500, 182
Trd, 000283.983, 188
Trd, 000285.050, 178
Trd, 000285.433, 179
Trd, 000286.167, 177
Trd, 000286.617, 177
Trd, 000286.850, 179
Trd, 000287.300, 179
Trd, 000287.533, 180
Trd, 000287.617, 189
Trd, 000289.050, 186
Trd, 000289.267, 196
Trd, 000289.683, 200
Trd, 000290.033, 189
Trd, 000290.250, 194
Trd, 000290.500, 186
Trd, 000291.400, 185
Trd, 000291.567, 193
Trd, 000292.083, 192
Trd, 000292.283, 183
Trd, 000292.733, 180
Trd, 000293.100, 196
Trd, 000293.767, 183
Trd, 000294.100, 178
Trd, 000294.367, 194
Trd, 000294.783, 197
Trd, 000295.100, 181
Trd, 000296.250, 179
Trd, 000296.750, 188
Trd, 000296.900, 190
Trd, 000298.667, 188
Trd, 000298.883, 189
Trd, 000299.000, 188
Trd, 000299.200, 186
Trd, 000299.283, 184
Trd, 000299.467, 181
Trd, 000299.617, 187
Trd, 000299.667, 189
