Trd, 000001.867, 196
Trd, 000003.183, 162
Trd, 000003.300, 152
Trd, 000003.767, 166
Trd, 000004.083, 121
Trd, 000004.117, 131
Trd, 000004.550, 141
Trd, 000004.767, 162
Trd, 000005.067, 157
Trd, 000007.883, 154
Trd, 000008.233, 156
Trd, 000008.417, 152
Trd, 000008.800, 147
Trd, 000010.150, 150
Trd, 000010.433, 151
Trd, 000010.467, 149
Trd, 000010.600, 151
Trd, 000010.767, 149
Trd, 000011.250, 152
Trd, 000011.783, 151
Trd, 000012.733, 152
Trd, 000012.933, 151
Trd, 000012.983, 149
Trd, 000013.350, 151
Trd, 000014.017, 151
Trd, 000015.633, 156
Trd, 000015.833, 163
Trd, 000016.100, 155
Trd, 000016.500, 167
Trd, 000016.567, 155
Trd, 000018.350, 156
Trd, 000019.367, 154
Trd, 000019.867, 154
Trd, 000020.317, 154
Trd, 000020.850, 154
Trd, 000020.883, 153
Trd, 000021.633, 153
Trd, 000021.883, 155
Trd, 000021.950, 157
Trd, 000022.633, 155
Trd, 000023.750, 155
Trd, 000024.650, 154
Trd, 000024.783, 162
Trd, 000024.833, 163
Trd, 000025.700, 169
Trd, 000025.717, 152
Trd, 000025.867, 170
Trd, 000026.167, 165
Trd, 000026.333, 177
Trd, 000028.083, 168
Trd, 000028.400, 165
Trd, 000028.967, 149
Trd, 000029.000, 148
Trd, 000030.333, 162
Trd, 000030.650, 160
Trd, 000030.867, 158
Trd, 000032.433, 155
Trd, 000032.833, 160
Trd, 000033.683, 158
Trd, 000033.783, 158
Trd, 000034.633, 157
Trd, 000034.700, 158
Trd, 000034.833, 170
Trd, 000035.017, 171
Trd, 000035.933, 160
Trd, 000036.800, 158
Trd, 000037.450, 147
Trd, 000038.150, 152
Trd, 000039.350, 150
Trd, 000039.767, 150
Trd, 000039.900, 152
Trd, 000040.617, 155
Trd, 000040.800, 152
Trd, 000041.033, 155
Trd, 000041.683, 159
Trd, 000042.317, 157
Trd, 000042.583, 164
Trd, 000042.900, 156
Trd, 000042.983, 155
Trd, 000043.700, 165
Trd, 000043.833, 166
Trd, 000044.417, 156
Trd, 000044.783, 161
Trd, 000044.883, 171
Trd, 000046.467, 156
Trd, 000046.500, 155
Trd, 000046.650, 148
Trd, 000047.533, 151
Trd, 000047.683, 154
Trd, 000048.400, 148
Trd, 000048.800, 152
Trd, 000049.133, 148
Trd, 000049.433, 153
Trd, 000050.133, 153
Trd, 000050.183, 153
Trd, 000051.317, 152
Trd, 000051.767, 162
Trd, 000052.717, 165
Trd, 000052.950, 151
Trd, 000053.833, 163
Trd, 000054.100, 166
Trd, 000054.650, 167
Trd, 000055.000, 156
Trd, 000055.333, 157
Trd, 000055.617, 158
Trd, 000056.350, 157
Trd, 000057.000, 160
Trd, 000057.450, 160
Trd, 000057.950, 161
Trd, 000058.350, 159
Trd, 000059.333, 160
Trd, 000059.883, 158
Trd, 000060.117, 157
Trd, 000060.433, 157
Trd, 000060.517, 126
Trd, 000061.883, 146
Trd, 000061.933, 147
Trd, 000061.983, 161
Trd, 000062.167, 160
Trd, 000063.633, 157
Trd, 000064.283, 152
Trd, 000065.167, 152
Trd, 000065.883, 153
Trd, 000066.483, 153
Trd, 000066.650, 153
Trd, 000066.933, 154
Trd, 000067.650, 153
Trd, 000067.733, 155
Trd, 000067.867, 160
Trd, 000068.683, 158
Trd, 000069.167, 162
Trd, 000069.433, 152
Trd, 000071.183, 154
Trd, 000071.217, 154
Trd, 000071.750, 157
Trd, 000071.800, 146
Trd, 000071.933, 158
Trd, 000073.183, 167
Trd, 000073.700, 152
Trd, 000074.900, 153
Trd, 000074.950, 154
Trd, 000075.067, 156
Trd, 000075.467, 159
Trd, 000075.667, 151
Trd, 000075.733, 169
Trd, 000075.833, 173
Trd, 000076.883, 175
Trd, 000077.500, 163
Trd, 000077.567, 161
Trd, 000079.317, 161
Trd, 000079.550, 163
Trd, 000079.933, 163
Trd, 000080.067, 162
Trd, 000080.183, 160
Trd, 000080.267, 159
Trd, 000080.867, 167
Trd, 000082.433, 162
Trd, 000082.783, 160
Trd, 000082.933, 160
Trd, 000082.967, 161
Trd, 000083.500, 163
Trd, 000083.583, 159
Trd, 000083.650, 163
Trd, 000084.133, 170
Trd, 000084.183, 159
Trd, 000086.167, 167
Trd, 000086.583, 163
Trd, 000087.000, 164
Trd, 000087.250, 171
Trd, 000087.850, 170
Trd, 000088.400, 171
Trd, 000089.067, 171
Trd, 000089.300, 160
Trd, 000089.600, 160
Trd, 000090.350, 163
Trd, 000091.367, 163
Trd, 000091.767, 162
Trd, 000091.967, 163
Trd, 000092.033, 160
Trd, 000092.600, 163
Trd, 000093.017, 160
Trd, 000093.067, 163
Trd, 000093.850, 160
Trd, 000094.133, 159
Trd, 000094.267, 163
Trd, 000094.467, 177
Trd, 000094.550, 184
Trd, 000096.067, 169
Trd, 000096.250, 170
Trd, 000096.267, 168
Trd, 000097.483, 168
Trd, 000098.167, 163
Trd, 000098.433, 162
Trd, 000098.833, 161
Trd, 000099.733, 160
Trd, 000100.650, 160
Trd, 000100.883, 161
Trd, 000101.133, 162
Trd, 000101.567, 162
Trd, 000101.900, 165
Trd, 000103.133, 162
Trd, 000103.533, 175
Trd, 000104.000, 176
Trd, 000104.333, 162
Trd, 000105.333, 165
Trd, 000105.783, 165
Trd, 000106.217, 165
Trd, 000106.500, 166
Trd, 000107.117, 167
Trd, 000108.033, 166
Trd, 000108.400, 167
Trd, 000108.433, 165
Trd, 000108.467, 168
Trd, 000108.717, 162
Trd, 000108.867, 162
Trd, 000109.833, 179
Trd, 000110.650, 171
Trd, 000112.050, 166
Trd, 000112.067, 162
Trd, 000112.633, 155
Trd, 000113.383, 162
Trd, 000113.450, 162
Trd, 000113.883, 163
Trd, 000114.117, 166
Trd, 000114.150, 173
Trd, 000114.600, 170
Trd, 000115.933, 163
Trd, 000116.017, 162
Trd, 000116.067, 168
Trd, 000118.667, 162
Trd, 000119.050, 160
Trd, 000119.583, 160
Trd, 000119.683, 161
Trd, 000119.917, 157
Trd, 000120.517, 163
Trd, 000121.117, 167
Trd, 000121.417, 166
Trd, 000121.900, 167
Trd, 000123.567, 164
Trd, 000124.167, 163
Trd, 000124.633, 166
Trd, 000124.733, 166
Trd, 000126.433, 164
Trd, 000126.517, 164
Trd, 000126.933, 166
Trd, 000127.367, 165
Trd, 000128.033, 166
Trd, 000128.400, 163
Trd, 000128.600, 156
Trd, 000129.233, 161
Trd, 000129.467, 165
Trd, 000130.250, 164
Trd, 000131.167, 166
Trd, 000131.933, 171
Trd, 000132.933, 167
Trd, 000133.650, 168
Trd, 000134.300, 169
Trd, 000135.183, 166
Trd, 000135.383, 164
Trd, 000136.350, 165
Trd, 000136.767, 165
Trd, 000137.550, 167
Trd, 000138.383, 165
Trd, 000138.667, 166
Trd, 000139.167, 165
Trd, 000139.650, 167
Trd, 000139.733, 167
Trd, 000140.733, 165
Trd, 000141.467, 164
Trd, 000141.983, 165
Trd, 000142.033, 164
Trd, 000142.367, 165
Trd, 000142.383, 166
Trd, 000142.600, 168
Trd, 000142.683, 162
Trd, 000143.233, 169
Trd, 000144.100, 162
Trd, 000144.933, 164
Trd, 000144.983, 163
Trd, 000145.067, 167
Trd, 000145.933, 167
Trd, 000147.433, 164
Trd, 000147.900, 167
Trd, 000148.483, 166
Trd, 000148.967, 164
Trd, 000149.183, 166
Trd, 000150.383, 164
Trd, 000150.450, 165
Trd, 000150.550, 167
Trd, 000150.650, 170
Trd, 000150.817, 164
Trd, 000151.367, 167
Trd, 000151.900, 169
Trd, 000152.283, 170
Trd, 000152.567, 170
Trd, 000152.733, 170
Trd, 000154.700, 166
Trd, 000154.783, 162
Trd, 000155.417, 166
Trd, 000156.067, 167
Trd, 000156.433, 165
Trd, 000156.600, 166
Trd, 000156.633, 163
Trd, 000157.550, 170
Trd, 000157.717, 170
Trd, 000158.667, 169
Trd, 000159.650, 171
Trd, 000159.817, 175
Trd, 000160.200, 171
Trd, 000160.583, 167
Trd, 000161.450, 170
Trd, 000161.833, 168
Trd, 000161.917, 167
Trd, 000161.933, 169
Trd, 000162.033, 167
Trd, 000162.967, 161
Trd, 000163.883, 166
Trd, 000164.917, 167
Trd, 000165.883, 167
Trd, 000165.900, 166
Trd, 000165.917, 170
Trd, 000166.633, 165
Trd, 000167.867, 166
Trd, 000168.100, 167
Trd, 000168.600, 167
Trd, 000168.733, 171
Trd, 000168.917, 178
Trd, 000169.300, 166
Trd, 000170.117, 166
Trd, 000170.233, 168
Trd, 000171.233, 167
Trd, 000171.300, 171
Trd, 000171.900, 168
Trd, 000173.467, 166
Trd, 000173.567, 168
Trd, 000173.600, 168
Trd, 000173.867, 172
Trd, 000174.017, 179
Trd, 000174.233, 186
Trd, 000174.567, 169
Trd, 000174.600, 168
Trd, 000175.333, 166
Trd, 000176.033, 177
Trd, 000176.250, 177
Trd, 000177.633, 165
Trd, 000177.867, 166
Trd, 000178.200, 168
Trd, 000178.933, 165
Trd, 000179.933, 164
Trd, 000179.983, 166
Trd, 000180.183, 162
Trd, 000180.467, 161
Trd, 000180.950, 159
Trd, 000181.250, 162
Trd, 000181.483, 165
Trd, 000181.683, 166
Trd, 000181.850, 168
Trd, 000182.017, 169
Trd, 000183.150, 159
Trd, 000183.767, 146
Trd, 000183.967, 166
Trd, 000184.517, 160
Trd, 000184.967, 165
Trd, 000185.283, 166
Trd, 000185.983, 167
Trd, 000186.000, 169
Trd, 000187.667, 171
Trd, 000187.833, 172
Trd, 000188.317, 170
Trd, 000188.400, 162
Trd, 000189.300, 165
Trd, 000189.533, 163
Trd, 000190.050, 173
Trd, 000190.350, 170
Trd, 000192.233, 171
Trd, 000192.600, 173
Trd, 000192.700, 174
Trd, 000192.950, 171
Trd, 000193.150, 179
Trd, 000193.617, 176
Trd, 000194.183, 181
Trd, 000194.350, 171
Trd, 000194.500, 170
Trd, 000196.250, 171
Trd, 000196.567, 177
Trd, 000196.817, 177
Trd, 000197.133, 176
Trd, 000197.217, 180
Trd, 000198.233, 180
Trd, 000198.250, 182
Trd, 000198.367, 187
Trd, 000199.783, 184
Trd, 000199.817, 179
Trd, 000200.917, 179
Trd, 000201.283, 178
Trd, 000201.433, 178
Trd, 000202.583, 180
Trd, 000202.633, 183
Trd, 000202.917, 184
Trd, 000203.050, 178
Trd, 000203.283, 195
Trd, 000203.833, 178
Trd, 000203.983, 185
Trd, 000204.483, 188
Trd, 000204.750, 178
Trd, 000205.717, 179
Trd, 000206.083, 164
Trd, 000206.450, 179
Trd, 000207.300, 172
Trd, 000207.433, 179
Trd, 000207.783, 179
Trd, 000210.067, 178
Trd, 000210.317, 180
Trd, 000210.650, 177
Trd, 000211.117, 176
Trd, 000211.283, 174
Trd, 000211.583, 179
Trd, 000211.950, 179
Trd, 000212.283, 180
Trd, 000212.533, 166
Trd, 000213.250, 172
Trd, 000213.750, 176
Trd, 000213.950, 171
Trd, 000214.650, 173
Trd, 000215.633, 173
Trd, 000215.833, 169
Trd, 000216.100, 175
Trd, 000216.350, 176
Trd, 000216.633, 181
Trd, 000217.033, 183
Trd, 000217.317, 163
Trd, 000219.167, 188
Trd, 000219.483, 187
Trd, 000220.117, 179
Trd, 000221.050, 184
Trd, 000221.150, 185
Trd, 000221.517, 184
Trd, 000221.700, 182
Trd, 000221.933, 185
Trd, 000222.017, 173
Trd, 000222.433, 163
Trd, 000223.367, 170
Trd, 000223.900, 171
Trd, 000224.600, 171
Trd, 000225.500, 164
Trd, 000226.067, 168
Trd, 000226.217, 177
Trd, 000226.450, 170
Trd, 000227.083, 169
Trd, 000227.817, 184
Trd, 000228.133, 173
Trd, 000228.800, 173
Trd, 000229.083, 174
Trd, 000229.950, 174
Trd, 000229.983, 170
Trd, 000230.067, 178
Trd, 000231.533, 169
Trd, 000231.567, 175
Trd, 000232.317, 171
Trd, 000232.450, 178
Trd, 000232.467, 170
Trd, 000234.383, 172
Trd, 000234.583, 169
Trd, 000234.683, 174
Trd, 000234.717, 174
Trd, 000235.133, 172
Trd, 000235.717, 175
Trd, 000236.067, 178
Trd, 000236.450, 170
Trd, 000238.050, 175
Trd, 000238.767, 171
Trd, 000239.000, 170
Trd, 000239.083, 173
Trd, 000240.133, 171
Trd, 000240.483, 171
Trd, 000240.500, 170
Trd, 000240.667, 172
Trd, 000240.767, 172
Trd, 000242.100, 171
Trd, 000242.367, 179
Trd, 000242.450, 182
Trd, 000242.717, 175
Trd, 000243.200, 189
Trd, 000243.483, 171
Trd, 000244.183, 177
Trd, 000244.367, 178
Trd, 000244.400, 168
Trd, 000244.933, 172
Trd, 000246.050, 174
Trd, 000246.233, 172
Trd, 000246.333, 175
Trd, 000246.517, 174
Trd, 000246.817, 173
Trd, 000248.500, 172
Trd, 000248.600, 171
Trd, 000249.083, 173
Trd, 000249.183, 175
Trd, 000249.517, 176
Trd, 000250.050, 174
Trd, 000250.233, 175
Trd, 000250.467, 172
Trd, 000251.033, 170
Trd, 000251.683, 176
Trd, 000251.900, 173
Trd, 000253.167, 180
Trd, 000253.833, 177
Trd, 000254.083, 173
Trd, 000254.267, 178
Trd, 000254.750, 178
Trd, 000255.767, 178
Trd, 000256.617, 176
Trd, 000256.700, 177
Trd, 000256.950, 176
Trd, 000257.233, 175
Trd, 000257.600, 177
Trd, 000257.800, 179
Trd, 000258.067, 180
Trd, 000258.767, 181
Trd, 000258.850, 182
Trd, 000258.950, 188
Trd, 000259.967, 186
Trd, 000260.183, 181
Trd, 000260.483, 185
Trd, 000261.567, 185
Trd, 000261.833, 184
Trd, 000262.067, 182
Trd, 000262.750, 179
Trd, 000263.000, 181
Trd, 000263.400, 180
Trd, 000263.417, 181
Trd, 000263.833, 182
Trd, 000263.967, 177
Trd, 000265.133, 177
Trd, 000265.333, 178
Trd, 000265.617, 181
Trd, 000266.583, 184
Trd, 000267.200, 182
Trd, 000267.483, 177
Trd, 000268.033, 179
Trd, 000268.200, 180
Trd, 000268.400, 177
Trd, 000269.333, 174
Trd, 000269.817, 179
Trd, 000270.517, 179
Trd, 000270.750, 178
Trd, 000271.017, 179
Trd, 000271.583, 178
Trd, 000272.033, 175
Trd, 000272.667, 178
Trd, 000272.983, 178
Trd, 000273.433, 178
Trd, 000273.550, 179
Trd, 000274.450, 182
Trd, 000274.500, 174
Trd, 000274.917, 179
Trd, 000275.450, 175
Trd, 000276.017, 183
Trd, 000276.383, 183
Trd, 000277.350, 182
Trd, 000277.450, 183
Trd, 000278.000, 186
Trd, 000278.317, 187
Trd, 000278.867, 189
Trd, 000279.650, 184
Trd, 000280.167, 186
Trd, 000281.283, 183
Trd, 000281.367, 180
Trd, 000281.683, 184
Trd, 000281.800, 186
Trd, 000282.117, 187
Trd, 000282.900, 180
Trd, 000283.517, 184
Trd, 000283.750, 181
Trd, 000284.083, 183
Trd, 000285.100, 183
Trd, 000285.617, 184
Trd, 000286.417, 181
Trd, 000287.333, 181
Trd, 000287.617, 180
Trd, 000288.067, 181
Trd, 000288.133, 182
Trd, 000288.317, 183
Trd, 000288.583, 180
Trd, 000288.717, 179
Trd, 000288.933, 184
Trd, 000289.183, 186
Trd, 000289.233, 187
Trd, 000289.300, 191
Trd, 000289.733, 177
Trd, 000290.017, 180
Trd, 000290.333, 194
Trd, 000291.133, 188
Trd, 000291.617, 191
Trd, 000291.667, 193
Trd, 000291.950, 194
Trd, 000292.033, 185
Trd, 000292.250, 184
Trd, 000292.400, 180
Trd, 000292.450, 180
Trd, 000292.867, 175
Trd, 000293.100, 191
Trd, 000293.150, 197
Trd, 000294.017, 174
Trd, 000294.933, 184
Trd, 000295.450, 182
Trd, 000296.700, 179
Trd, 000296.850, 179
Trd, 000297.133, 178
Trd, 000297.467, 177
Trd, 000297.500, 179
Trd, 000298.100, 177
Trd, 000299.067, 177
Trd, 000299.183, 181
Trd, 000299.200, 185
