Trd, 000001.633, 196
Trd, 000002.550, 131
Trd, 000002.783, 132
Trd, 000003.083, 120
Trd, 000003.433, 150
Trd, 000003.467, 117
Trd, 000003.933, 140
Trd, 000004.083, 151
Trd, 000004.450, 145
Trd, 000004.500, 116
Trd, 000005.183, 138
Trd, 000005.567, 148
Trd, 000005.633, 138
Trd, 000006.167, 137
Trd, 000009.250, 143
Trd, 000009.833, 144
Trd, 000010.017, 141
Trd, 000010.167, 144
Trd, 000010.450, 142
Trd, 000011.050, 143
Trd, 000011.367, 142
Trd, 000011.917, 141
Trd, 000011.967, 148
Trd, 000013.200, 149
Trd, 000013.667, 141
Trd, 000013.800, 140
Trd, 000014.467, 147
Trd, 000014.483, 148
Trd, 000015.383, 145
Trd, 000015.483, 151
Trd, 000016.383, 148
Trd, 000016.467, 149
Trd, 000017.333, 150
Trd, 000017.983, 149
Trd, 000018.567, 152
Trd, 000018.900, 151
Trd, 000019.467, 152
Trd, 000020.317, 151
Trd, 000020.450, 152
Trd, 000020.917, 160
Trd, 000021.100, 168
Trd, 000022.167, 152
Trd, 000022.217, 150
Trd, 000022.350, 149
Trd, 000023.033, 148
Trd, 000023.050, 156
Trd, 000024.367, 148
Trd, 000024.883, 150
Trd, 000025.067, 148
Trd, 000025.733, 153
Trd, 000026.350, 155
Trd, 000026.883, 153
Trd, 000027.100, 156
Trd, 000027.217, 157
Trd, 000027.267, 157
Trd, 000028.250, 154
Trd, 000028.417, 159
Trd, 000028.917, 161
Trd, 000029.233, 155
Trd, 000029.633, 154
Trd, 000030.883, 158
Trd, 000031.417, 160
Trd, 000032.033, 160
Trd, 000032.233, 158
Trd, 000032.267, 167
Trd, 000033.117, 158
Trd, 000033.567, 157
Trd, 000033.767, 154
Trd, 000034.467, 160
Trd, 000034.900, 160
Trd, 000035.150, 140
Trd, 000035.217, 139
Trd, 000035.400, 162
Trd, 000035.683, 138
Trd, 000036.067, 160
Trd, 000037.600, 152
Trd, 000038.267, 147
Trd, 000038.500, 150
Trd, 000039.950, 149
Trd, 000040.417, 148
Trd, 000040.633, 149
Trd, 000040.800, 142
Trd, 000041.533, 150
Trd, 000041.550, 152
Trd, 000042.217, 144
Trd, 000042.383, 151
Trd, 000043.617, 151
Trd, 000044.817, 150
Trd, 000045.333, 147
Trd, 000045.983, 150
Trd, 000046.217, 151
Trd, 000047.583, 151
Trd, 000047.783, 149
Trd, 000048.300, 149
Trd, 000048.517, 153
Trd, 000050.283, 151
Trd, 000050.817, 153
Trd, 000050.883, 151
Trd, 000052.033, 150
Trd, 000052.450, 150
Trd, 000052.900, 152
Trd, 000053.650, 156
Trd, 000053.767, 168
Trd, 000054.517, 169
Trd, 000054.883, 170
Trd, 000055.017, 156
Trd, 000055.233, 191
Trd, 000055.500, 156
Trd, 000056.033, 158
Trd, 000056.117, 155
Trd, 000057.850, 158
Trd, 000058.100, 169
Trd, 000058.133, 170
Trd, 000058.183, 155
Trd, 000058.400, 144
Trd, 000058.550, 154
Trd, 000059.617, 154
Trd, 000059.867, 153
Trd, 000060.000, 157
Trd, 000062.250, 158
Trd, 000062.617, 157
Trd, 000062.667, 158
Trd, 000062.817, 159
Trd, 000063.383, 162
Trd, 000063.700, 157
Trd, 000063.733, 160
Trd, 000064.450, 156
Trd, 000064.517, 158
Trd, 000065.433, 159
Trd, 000066.517, 161
Trd, 000066.567, 159
Trd, 000067.383, 161
Trd, 000067.567, 161
Trd, 000067.833, 161
Trd, 000067.900, 162
Trd, 000068.183, 160
Trd, 000068.200, 159
Trd, 000068.483, 143
Trd, 000069.550, 156
Trd, 000069.567, 155
Trd, 000070.000, 158
Trd, 000070.867, 156
Trd, 000071.017, 162
Trd, 000071.083, 141
Trd, 000071.400, 154
Trd, 000071.667, 155
Trd, 000072.433, 155
Trd, 000072.700, 154
Trd, 000072.917, 155
Trd, 000073.267, 158
Trd, 000073.600, 164
Trd, 000075.433, 155
Trd, 000076.117, 154
Trd, 000076.950, 164
Trd, 000077.233, 165
Trd, 000077.500, 154
Trd, 000078.100, 168
Trd, 000079.200, 172
Trd, 000079.250, 177
Trd, 000079.683, 160
Trd, 000080.567, 160
Trd, 000080.683, 161
Trd, 000080.783, 166
Trd, 000081.117, 166
Trd, 000082.100, 166
Trd, 000082.183, 167
Trd, 000082.800, 173
Trd, 000082.817, 162
Trd, 000084.117, 163
Trd, 000084.383, 162
Trd, 000085.567, 163
Trd, 000085.833, 162
Trd, 000086.067, 164
Trd, 000086.850, 161
Trd, 000086.933, 165
Trd, 000087.033, 165
Trd, 000087.233, 161
Trd, 000088.350, 160
Trd, 000088.433, 159
Trd, 000088.900, 158
Trd, 000089.383, 160
Trd, 000089.733, 158
Trd, 000090.267, 160
Trd, 000090.833, 164
Trd, 000090.850, 174
Trd, 000090.950, 160
Trd, 000091.850, 159
Trd, 000092.450, 158
Trd, 000093.383, 161
Trd, 000093.617, 162
Trd, 000093.750, 160
Trd, 000094.033, 159
Trd, 000095.167, 159
Trd, 000095.200, 162
Trd, 000096.067, 159
Trd, 000096.767, 163
Trd, 000096.900, 158
Trd, 000097.450, 158
Trd, 000097.650, 168
Trd, 000098.817, 162
Trd, 000099.550, 166
Trd, 000099.983, 165
Trd, 000100.333, 165
Trd, 000101.150, 164
Trd, 000101.833, 165
Trd, 000102.617, 164
Trd, 000103.283, 163
Trd, 000103.917, 163
Trd, 000104.000, 162
Trd, 000104.400, 161
Trd, 000104.517, 160
Trd, 000105.383, 162
Trd, 000105.450, 161
Trd, 000105.550, 165
Trd, 000105.717, 159
Trd, 000105.733, 159
Trd, 000106.683, 159
Trd, 000107.017, 165
Trd, 000107.750, 162
Trd, 000108.750, 162
Trd, 000109.133, 162
Trd, 000109.383, 161
Trd, 000109.700, 159
Trd, 000109.783, 163
Trd, 000110.133, 161
Trd, 000111.133, 158
Trd, 000111.300, 162
Trd, 000111.750, 159
Trd, 000112.250, 161
Trd, 000112.567, 176
Trd, 000113.217, 175
Trd, 000114.250, 169
Trd, 000114.750, 168
Trd, 000115.400, 169
Trd, 000115.567, 167
Trd, 000116.550, 167
Trd, 000117.650, 169
Trd, 000117.750, 168
Trd, 000117.967, 166
Trd, 000118.983, 168
Trd, 000119.483, 167
Trd, 000119.667, 166
Trd, 000120.800, 166
Trd, 000120.883, 164
Trd, 000121.850, 165
Trd, 000121.950, 163
Trd, 000122.600, 167
Trd, 000122.833, 167
Trd, 000123.533, 168
Trd, 000123.900, 163
Trd, 000124.883, 163
Trd, 000124.983, 162
Trd, 000125.150, 167
Trd, 000126.100, 167
Trd, 000126.500, 163
Trd, 000126.900, 164
Trd, 000127.350, 162
Trd, 000127.400, 162
Trd, 000127.867, 168
Trd, 000128.917, 168
Trd, 000129.317, 162
Trd, 000130.517, 166
Trd, 000130.917, 164
Trd, 000130.933, 162
Trd, 000132.783, 163
Trd, 000132.933, 162
Trd, 000133.133, 162
Trd, 000133.233, 162
Trd, 000133.250, 165
Trd, 000133.400, 163
Trd, 000133.583, 154
Trd, 000133.683, 171
Trd, 000134.300, 165
Trd, 000134.317, 176
Trd, 000135.150, 175
Trd, 000136.133, 167
Trd, 000136.350, 174
Trd, 000136.400, 167
Trd, 000138.967, 173
Trd, 000139.350, 171
Trd, 000139.650, 172
Trd, 000140.950, 170
Trd, 000141.117, 171
Trd, 000141.200, 170
Trd, 000141.517, 172
Trd, 000141.617, 170
Trd, 000141.667, 169
Trd, 000141.800, 168
Trd, 000142.183, 168
Trd, 000142.733, 168
Trd, 000145.233, 168
Trd, 000145.483, 168
Trd, 000145.650, 171
Trd, 000145.667, 167
Trd, 000145.683, 167
Trd, 000146.017, 171
Trd, 000147.117, 168
Trd, 000147.250, 171
Trd, 000148.783, 170
Trd, 000148.817, 169
Trd, 000149.067, 171
Trd, 000150.133, 169
Trd, 000150.350, 168
Trd, 000150.633, 172
Trd, 000151.100, 152
Trd, 000151.650, 168
Trd, 000153.050, 167
Trd, 000153.650, 170
Trd, 000154.850, 170
Trd, 000154.950, 169
Trd, 000155.150, 168
Trd, 000155.450, 169
Trd, 000155.900, 169
Trd, 000156.267, 167
Trd, 000157.667, 168
Trd, 000158.867, 170
Trd, 000160.733, 171
Trd, 000160.867, 170
Trd, 000160.917, 168
Trd, 000160.933, 167
Trd, 000161.217, 170
Trd, 000161.550, 169
Trd, 000161.567, 171
Trd, 000161.767, 167
Trd, 000163.250, 167
Trd, 000163.283, 169
Trd, 000163.467, 170
Trd, 000163.700, 170
Trd, 000163.867, 169
Trd, 000164.300, 168
Trd, 000165.600, 171
Trd, 000166.450, 169
Trd, 000167.000, 169
Trd, 000167.600, 168
Trd, 000167.833, 168
Trd, 000167.850, 167
Trd, 000168.000, 169
Trd, 000168.217, 170
Trd, 000169.250, 167
Trd, 000169.867, 169
Trd, 000170.133, 172
Trd, 000170.617, 173
Trd, 000170.950, 169
Trd, 000170.967, 172
Trd, 000172.117, 169
Trd, 000174.217, 175
Trd, 000174.933, 175
Trd, 000175.000, 176
Trd, 000175.633, 172
Trd, 000175.733, 171
Trd, 000175.767, 176
Trd, 000176.083, 173
Trd, 000176.250, 172
Trd, 000177.000, 171
Trd, 000177.583, 174
Trd, 000178.117, 178
Trd, 000178.250, 182
Trd, 000178.367, 180
Trd, 000178.717, 190
Trd, 000179.550, 177
Trd, 000180.550, 178
Trd, 000180.917, 178
Trd, 000181.550, 180
Trd, 000181.650, 178
Trd, 000182.550, 177
Trd, 000183.083, 177
Trd, 000183.400, 172
Trd, 000184.067, 178
Trd, 000184.783, 176
Trd, 000184.867, 177
Trd, 000184.900, 190
Trd, 000185.900, 175
Trd, 000185.917, 172
Trd, 000186.450, 170
Trd, 000187.350, 178
Trd, 000187.817, 179
Trd, 000188.133, 178
Trd, 000188.233, 179
Trd, 000189.550, 178
Trd, 000189.883, 175
Trd, 000189.900, 172
Trd, 000190.517, 171
Trd, 000190.733, 176
Trd, 000191.767, 170
Trd, 000192.100, 156
Trd, 000192.800, 170
Trd, 000192.900, 174
Trd, 000193.333, 173
Trd, 000193.617, 176
Trd, 000193.767, 171
Trd, 000194.983, 178
Trd, 000195.533, 177
Trd, 000196.083, 177
Trd, 000196.250, 173
Trd, 000196.683, 174
Trd, 000197.700, 174
Trd, 000198.233, 174
Trd, 000198.600, 175
Trd, 000198.700, 175
Trd, 000198.750, 175
Trd, 000199.900, 174
Trd, 000199.933, 172
Trd, 000200.883, 175
Trd, 000200.950, 171
Trd, 000201.033, 175
Trd, 000201.217, 178
Trd, 000201.800, 170
Trd, 000202.067, 169
Trd, 000202.700, 174
Trd, 000203.133, 171
Trd, 000204.000, 172
Trd, 000204.783, 171
Trd, 000206.100, 171
Trd, 000206.200, 175
Trd, 000206.467, 171
Trd, 000206.600, 169
Trd, 000206.633, 169
Trd, 000206.833, 172
Trd, 000207.150, 175
Trd, 000207.367, 178
Trd, 000208.317, 175
Trd, 000208.683, 175
Trd, 000208.917, 174
Trd, 000209.000, 179
Trd, 000209.500, 174
Trd, 000209.683, 179
Trd, 000210.450, 174
Trd, 000211.367, 175
Trd, 000212.500, 176
Trd, 000213.783, 175
Trd, 000214.300, 175
Trd, 000214.367, 177
Trd, 000214.767, 179
Trd, 000214.817, 174
Trd, 000215.017, 173
Trd, 000215.617, 158
Trd, 000215.783, 167
Trd, 000216.083, 156
Trd, 000216.200, 169
Trd, 000216.717, 159
Trd, 000217.017, 170
Trd, 000217.417, 151
Trd, 000217.850, 164
Trd, 000218.400, 166
Trd, 000219.533, 166
Trd, 000220.150, 168
Trd, 000220.300, 168
Trd, 000221.450, 167
Trd, 000221.500, 170
Trd, 000221.983, 167
Trd, 000222.100, 166
Trd, 000222.533, 170
Trd, 000222.883, 166
Trd, 000223.083, 169
Trd, 000224.317, 165
Trd, 000224.850, 171
Trd, 000225.000, 171
Trd, 000225.483, 177
Trd, 000226.350, 173
Trd, 000226.400, 172
Trd, 000226.583, 176
Trd, 000227.117, 173
Trd, 000227.800, 174
Trd, 000228.667, 174
Trd, 000229.433, 174
Trd, 000229.667, 175
Trd, 000229.867, 175
Trd, 000230.083, 173
Trd, 000230.100, 178
Trd, 000230.550, 178
Trd, 000231.000, 180
Trd, 000231.317, 175
Trd, 000232.033, 176
Trd, 000232.117, 181
Trd, 000232.550, 188
Trd, 000232.850, 172
Trd, 000233.700, 182
Trd, 000234.700, 179
Trd, 000235.400, 177
Trd, 000235.600, 177
Trd, 000236.617, 176
Trd, 000236.833, 175
Trd, 000237.767, 176
Trd, 000237.917, 175
Trd, 000238.800, 174
Trd, 000239.317, 179
Trd, 000239.783, 180
Trd, 000240.483, 180
Trd, 000240.500, 179
Trd, 000240.967, 176
Trd, 000241.567, 175
Trd, 000241.800, 175
Trd, 000241.933, 175
Trd, 000242.483, 178
Trd, 000242.650, 178
Trd, 000243.283, 177
Trd, 000244.083, 179
Trd, 000244.350, 179
Trd, 000244.683, 176
Trd, 000244.883, 178
Trd, 000245.283, 177
Trd, 000245.883, 178
Trd, 000246.800, 175
Trd, 000247.083, 175
Trd, 000247.133, 175
Trd, 000247.183, 178
Trd, 000247.633, 176
Trd, 000248.083, 176
Trd, 000248.633, 173
Trd, 000248.700, 166
Trd, 000249.983, 169
Trd, 000250.300, 169
Trd, 000250.867, 170
Trd, 000250.967, 173
Trd, 000251.067, 174
Trd, 000251.950, 174
Trd, 000252.167, 175
Trd, 000252.267, 180
Trd, 000252.650, 172
Trd, 000253.350, 173
Trd, 000253.967, 178
Trd, 000254.300, 181
Trd, 000254.567, 183
Trd, 000255.417, 181
Trd, 000255.567, 180
Trd, 000255.767, 178
Trd, 000256.000, 181
Trd, 000256.233, 177
Trd, 000256.717, 181
Trd, 000256.967, 180
Trd, 000257.167, 176
Trd, 000257.183, 184
Trd, 000257.883, 180
Trd, 000258.267, 177
Trd, 000259.017, 178
Trd, 000259.683, 178
Trd, 000259.717, 177
Trd, 000261.167, 181
Trd, 000261.433, 181
Trd, 000262.117, 180
Trd, 000262.133, 181
Trd, 000264.117, 181
Trd, 000264.417, 178
Trd, 000264.483, 182
Trd, 000264.500, 177
Trd, 000264.850, 176
Trd, 000265.233, 178
Trd, 000265.400, 179
Trd, 000266.200, 182
Trd, 000266.367, 177
Trd, 000266.400, 183
Trd, 000266.500, 176
Trd, 000266.717, 184
Trd, 000267.600, 175
Trd, 000268.617, 177
Trd, 000268.683, 176
Trd, 000268.817, 175
Trd, 000269.333, 171
Trd, 000269.500, 171
Trd, 000269.783, 173
Trd, 000269.850, 182
Trd, 000270.783, 179
Trd, 000270.967, 178
Trd, 000271.150, 175
Trd, 000271.233, 174
Trd, 000271.433, 179
Trd, 000272.367, 185
Trd, 000273.050, 181
Trd, 000273.433, 185
Trd, 000273.633, 187
Trd, 000273.867, 181
Trd, 000274.517, 184
Trd, 000274.683, 183
Trd, 000275.067, 182
Trd, 000275.167, 188
Trd, 000275.667, 183
Trd, 000275.983, 181
Trd, 000277.033, 185
Trd, 000277.267, 181
Trd, 000277.367, 185
Trd, 000277.800, 181
Trd, 000277.933, 180
Trd, 000278.067, 182
Trd, 000278.333, 181
Trd, 000278.483, 189
Trd, 000280.183, 184
Trd, 000280.467, 188
Trd, 000280.500, 183
Trd, 000280.633, 183
Trd, 000281.317, 187
Trd, 000281.967, 186
Trd, 000282.400, 183
Trd, 000282.950, 188
Trd, 000283.433, 186
Trd, 000284.717, 185
Trd, 000284.850, 189
Trd, 000285.550, 187
Trd, 000286.117, 186
Trd, 000286.267, 186
Trd, 000286.300, 187
Trd, 000286.350, 185
Trd, 000286.700, 182
Trd, 000287.083, 184
Trd, 000287.100, 179
Trd, 000287.800, 179
Trd, 000288.550, 182
Trd, 000289.717, 184
Trd, 000289.917, 187
Trd, 000291.100, 185
Trd, 000291.167, 184
Trd, 000291.233, 185
Trd, 000291.567, 183
Trd, 000291.800, 186
Trd, 000291.900, 187
Trd, 000292.467, 187
Trd, 000292.733, 187
Trd, 000293.750, 188
Trd, 000293.883, 189
Trd, 000294.083, 187
Trd, 000294.467, 182
Trd, 000294.483, 182
Trd, 000294.717, 189
Trd, 000296.167, 182
Trd, 000296.317, 182
Trd, 000296.600, 182
Trd, 000296.733, 180
Trd, 000297.067, 172
Trd, 000297.183, 188
Trd, 000297.250, 166
Trd, 000297.450, 163
Trd, 000298.283, 161
Trd, 000298.350, 172
Trd, 000298.933, 173
