Trd, 000000.383, 127
Trd, 000003.233, 143
Trd, 000003.250, 141
Trd, 000004.750, 147
Trd, 000004.933, 132
Trd, 000005.017, 147
Trd, 000005.333, 140
Trd, 000005.817, 141
Trd, 000006.000, 142
Trd, 000006.800, 144
Trd, 000007.533, 139
Trd, 000009.283, 149
Trd, 000009.850, 143
Trd, 000009.900, 145
Trd, 000010.283, 147
Trd, 000010.450, 153
Trd, 000011.117, 146
Trd, 000012.650, 147
Trd, 000012.950, 145
Trd, 000013.317, 144
Trd, 000013.550, 149
Trd, 000013.717, 141
Trd, 000014.767, 140
Trd, 000015.000, 146
Trd, 000015.317, 147
Trd, 000015.767, 139
Trd, 000016.283, 146
Trd, 000018.333, 144
Trd, 000018.967, 143
Trd, 000019.183, 145
Trd, 000019.383, 144
Trd, 000019.483, 142
Trd, 000020.367, 145
Trd, 000020.583, 143
Trd, 000020.833, 145
Trd, 000022.783, 145
Trd, 000023.100, 143
Trd, 000023.333, 143
Trd, 000023.733, 144
Trd, 000024.200, 144
Trd, 000024.433, 135
Trd, 000026.250, 141
Trd, 000026.400, 143
Trd, 000026.633, 146
Trd, 000026.733, 150
Trd, 000027.317, 140
Trd, 000027.600, 143
Trd, 000028.317, 143
Trd, 000028.333, 147
Trd, 000029.717, 157
Trd, 000030.067, 157
Trd, 000030.717, 155
Trd, 000031.717, 154
Trd, 000031.967, 142
Trd, 000032.117, 139
Trd, 000033.183, 140
Trd, 000033.500, 141
Trd, 000034.450, 140
Trd, 000034.867, 143
Trd, 000035.117, 148
Trd, 000037.067, 148
Trd, 000037.450, 145
Trd, 000037.600, 144
Trd, 000037.650, 147
Trd, 000038.033, 145
Trd, 000038.800, 147
Trd, 000038.950, 147
Trd, 000038.967, 144
Trd, 000039.383, 152
Trd, 000039.700, 147
Trd, 000039.883, 152
Trd, 000041.567, 151
Trd, 000042.067, 152
Trd, 000042.083, 151
Trd, 000042.200, 153
Trd, 000042.700, 155
Trd, 000043.350, 155
Trd, 000044.433, 154
Trd, 000045.550, 155
Trd, 000045.767, 153
Trd, 000045.983, 145
Trd, 000046.100, 153
Trd, 000046.450, 155
Trd, 000046.567, 159
Trd, 000046.817, 145
Trd, 000048.650, 158
Trd, 000049.667, 156
Trd, 000050.750, 151
Trd, 000051.617, 154
Trd, 000051.850, 151
Trd, 000052.950, 152
Trd, 000053.133, 153
Trd, 000054.067, 151
Trd, 000054.100, 152
Trd, 000054.317, 141
Trd, 000056.283, 150
Trd, 000056.400, 149
Trd, 000056.883, 150
Trd, 000057.683, 151
Trd, 000057.817, 151
Trd, 000057.950, 145
Trd, 000058.017, 145
Trd, 000058.317, 133
Trd, 000058.350, 152
Trd, 000058.800, 146
Trd, 000059.233, 146
Trd, 000060.817, 146
Trd, 000060.883, 146
Trd, 000061.450, 144
Trd, 000062.183, 147
Trd, 000063.067, 144
Trd, 000063.333, 146
Trd, 000063.533, 146
Trd, 000064.067, 147
Trd, 000064.317, 166
Trd, 000064.333, 152
Trd, 000064.533, 151
Trd, 000064.717, 152
Trd, 000065.300, 151
Trd, 000066.117, 150
Trd, 000066.200, 152
Trd, 000067.817, 150
Trd, 000068.700, 152
Trd, 000069.050, 151
Trd, 000069.233, 150
Trd, 000069.550, 150
Trd, 000069.600, 152
Trd, 000069.817, 149
Trd, 000070.500, 152
Trd, 000071.983, 150
Trd, 000072.500, 149
Trd, 000072.550, 150
Trd, 000072.600, 162
Trd, 000073.133, 155
Trd, 000073.583, 155
Trd, 000073.683, 147
Trd, 000073.733, 147
Trd, 000074.050, 142
Trd, 000076.050, 154
Trd, 000076.433, 146
Trd, 000077.433, 144
Trd, 000078.367, 151
Trd, 000078.650, 151
Trd, 000079.100, 148
Trd, 000079.650, 148
Trd, 000080.033, 148
Trd, 000080.417, 149
Trd, 000080.533, 150
Trd, 000081.700, 147
Trd, 000082.000, 150
Trd, 000083.683, 148
Trd, 000084.367, 150
Trd, 000084.633, 147
Trd, 000084.717, 152
Trd, 000085.067, 152
Trd, 000085.933, 162
Trd, 000086.083, 158
Trd, 000086.950, 162
Trd, 000087.800, 162
Trd, 000088.417, 160
Trd, 000088.783, 161
Trd, 000090.117, 160
Trd, 000090.600, 160
Trd, 000090.867, 161
Trd, 000091.450, 157
Trd, 000091.667, 158
Trd, 000092.550, 157
Trd, 000092.683, 157
Trd, 000093.650, 153
Trd, 000093.800, 149
Trd, 000095.083, 154
Trd, 000095.950, 151
Trd, 000096.300, 151
Trd, 000096.383, 153
Trd, 000096.717, 152
Trd, 000096.950, 151
Trd, 000097.117, 155
Trd, 000098.033, 155
Trd, 000098.117, 158
Trd, 000099.283, 159
Trd, 000099.983, 160
Trd, 000100.117, 160
Trd, 000100.367, 160
Trd, 000100.767, 156
Trd, 000101.883, 156
Trd, 000102.350, 151
Trd, 000103.133, 150
Trd, 000103.167, 156
Trd, 000104.117, 148
Trd, 000104.250, 150
Trd, 000104.733, 149
Trd, 000105.667, 158
Trd, 000106.100, 151
Trd, 000106.783, 151
Trd, 000107.083, 159
Trd, 000107.733, 162
Trd, 000108.250, 152
Trd, 000108.350, 149
Trd, 000109.417, 151
Trd, 000110.017, 152
Trd, 000110.083, 153
Trd, 000110.183, 151
Trd, 000111.283, 149
Trd, 000113.400, 150
Trd, 000113.967, 148
Trd, 000114.183, 147
Trd, 000114.867, 150
Trd, 000115.500, 151
Trd, 000115.967, 147
Trd, 000116.267, 159
Trd, 000117.600, 148
Trd, 000117.917, 148
Trd, 000118.083, 152
Trd, 000118.367, 153
Trd, 000119.367, 152
Trd, 000120.533, 151
Trd, 000120.600, 153
Trd, 000120.983, 153
Trd, 000121.167, 151
Trd, 000121.967, 153
Trd, 000122.200, 150
Trd, 000123.333, 152
Trd, 000124.117, 149
Trd, 000124.283, 147
Trd, 000124.933, 149
Trd, 000125.133, 150
Trd, 000125.783, 153
Trd, 000126.167, 160
Trd, 000127.133, 160
Trd, 000127.650, 156
Trd, 000127.667, 159
Trd, 000128.567, 150
Trd, 000129.800, 153
Trd, 000129.817, 156
Trd, 000129.967, 150
Trd, 000130.233, 156
Trd, 000130.267, 149
Trd, 000130.300, 157
Trd, 000130.750, 161
Trd, 000131.700, 156
Trd, 000132.483, 156
Trd, 000133.400, 157
Trd, 000134.233, 158
Trd, 000134.517, 156
Trd, 000134.767, 166
Trd, 000135.067, 161
Trd, 000135.750, 160
Trd, 000136.283, 162
Trd, 000136.400, 153
Trd, 000137.333, 150
Trd, 000137.800, 162
Trd, 000138.250, 155
Trd, 000139.000, 156
Trd, 000139.300, 162
Trd, 000139.750, 168
Trd, 000140.333, 158
Trd, 000142.150, 161
Trd, 000143.067, 161
Trd, 000144.500, 162
Trd, 000144.700, 162
Trd, 000144.783, 161
Trd, 000144.917, 162
Trd, 000145.150, 162
Trd, 000146.467, 162
Trd, 000146.483, 162
Trd, 000146.600, 160
Trd, 000148.483, 156
Trd, 000148.733, 158
Trd, 000148.767, 155
Trd, 000149.283, 159
Trd, 000150.700, 159
Trd, 000151.000, 161
Trd, 000151.300, 157
Trd, 000152.183, 160
Trd, 000152.933, 159
Trd, 000153.150, 161
Trd, 000153.333, 155
Trd, 000155.000, 157
Trd, 000155.067, 156
Trd, 000155.417, 158
Trd, 000156.533, 157
Trd, 000156.817, 156
Trd, 000157.150, 156
Trd, 000157.317, 157
Trd, 000157.750, 157
Trd, 000157.883, 158
Trd, 000158.067, 164
Trd, 000158.567, 156
Trd, 000159.967, 157
Trd, 000160.067, 156
Trd, 000160.117, 155
Trd, 000160.950, 158
Trd, 000161.100, 158
Trd, 000161.717, 157
Trd, 000162.767, 171
Trd, 000162.883, 155
Trd, 000163.017, 160
Trd, 000164.200, 157
Trd, 000164.450, 156
Trd, 000164.467, 158
Trd, 000164.733, 160
Trd, 000165.017, 164
Trd, 000166.617, 164
Trd, 000166.817, 158
Trd, 000167.900, 157
Trd, 000167.950, 152
Trd, 000168.700, 169
Trd, 000168.800, 168
Trd, 000170.633, 166
Trd, 000170.733, 165
Trd, 000171.167, 167
Trd, 000172.033, 169
Trd, 000172.117, 172
Trd, 000172.733, 165
Trd, 000173.167, 169
Trd, 000173.800, 166
Trd, 000174.367, 163
Trd, 000174.433, 165
Trd, 000175.250, 163
Trd, 000175.900, 162
Trd, 000175.967, 163
Trd, 000176.683, 162
Trd, 000177.250, 164
Trd, 000177.617, 164
Trd, 000178.217, 163
Trd, 000178.667, 164
Trd, 000179.383, 161
Trd, 000181.000, 164
Trd, 000181.067, 164
Trd, 000181.283, 166
Trd, 000181.333, 166
Trd, 000181.683, 164
Trd, 000183.217, 167
Trd, 000184.050, 168
Trd, 000184.217, 169
Trd, 000184.850, 168
Trd, 000185.150, 169
Trd, 000185.200, 167
Trd, 000186.550, 167
Trd, 000187.033, 170
Trd, 000187.700, 170
Trd, 000189.350, 170
Trd, 000189.650, 169
Trd, 000190.700, 171
Trd, 000190.917, 170
Trd, 000190.950, 168
Trd, 000191.650, 162
Trd, 000192.250, 162
Trd, 000192.333, 163
Trd, 000193.317, 162
Trd, 000193.633, 164
Trd, 000193.817, 164
Trd, 000194.967, 165
Trd, 000195.033, 164
Trd, 000195.300, 167
Trd, 000195.700, 163
Trd, 000196.017, 166
Trd, 000196.717, 167
Trd, 000197.817, 160
Trd, 000198.933, 167
Trd, 000199.400, 167
Trd, 000199.500, 169
Trd, 000200.733, 169
Trd, 000201.217, 166
Trd, 000201.933, 171
Trd, 000202.067, 170
Trd, 000202.450, 170
Trd, 000202.600, 169
Trd, 000203.183, 168
Trd, 000203.233, 171
Trd, 000203.600, 189
Trd, 000204.033, 188
Trd, 000205.817, 175
Trd, 000206.417, 172
Trd, 000206.867, 172
Trd, 000207.050, 171
Trd, 000207.367, 171
Trd, 000209.267, 172
Trd, 000209.400, 171
Trd, 000210.000, 172
Trd, 000210.017, 169
Trd, 000210.100, 172
Trd, 000210.800, 170
Trd, 000211.683, 168
Trd, 000212.333, 170
Trd, 000212.350, 161
Trd, 000212.417, 171
Trd, 000213.800, 162
Trd, 000213.850, 168
Trd, 000214.283, 159
Trd, 000215.017, 166
Trd, 000215.667, 165
Trd, 000216.233, 163
Trd, 000216.567, 167
Trd, 000217.133, 165
Trd, 000217.183, 164
Trd, 000217.400, 170
Trd, 000218.250, 170
Trd, 000218.383, 190
Trd, 000218.583, 165
Trd, 000218.833, 164
Trd, 000220.500, 171
Trd, 000221.017, 166
Trd, 000221.283, 162
Trd, 000221.867, 167
Trd, 000222.033, 166
Trd, 000222.867, 165
Trd, 000224.067, 165
Trd, 000224.417, 166
Trd, 000224.750, 169
Trd, 000225.567, 167
Trd, 000225.700, 170
Trd, 000225.817, 166
Trd, 000227.467, 171
Trd, 000228.033, 172
Trd, 000230.200, 175
Trd, 000230.433, 174
Trd, 000230.983, 176
Trd, 000231.017, 172
Trd, 000231.717, 174
Trd, 000232.200, 175
Trd, 000232.683, 170
Trd, 000233.067, 173
Trd, 000233.917, 169
Trd, 000234.300, 174
Trd, 000234.800, 174
Trd, 000234.983, 173
Trd, 000235.833, 174
Trd, 000235.867, 174
Trd, 000236.517, 172
Trd, 000236.850, 171
Trd, 000238.067, 175
Trd, 000238.383, 176
Trd, 000239.033, 172
Trd, 000240.167, 175
Trd, 000240.550, 175
Trd, 000240.617, 174
Trd, 000240.867, 175
Trd, 000240.917, 175
Trd, 000241.150, 175
Trd, 000241.350, 173
Trd, 000242.000, 176
Trd, 000242.917, 176
Trd, 000243.250, 175
Trd, 000243.500, 176
Trd, 000244.083, 173
Trd, 000244.450, 172
Trd, 000244.633, 174
Trd, 000244.917, 176
Trd, 000245.067, 179
Trd, 000245.183, 183
Trd, 000245.417, 182
Trd, 000246.133, 182
Trd, 000246.783, 181
Trd, 000247.217, 180
Trd, 000247.383, 180
Trd, 000248.033, 177
Trd, 000248.067, 175
Trd, 000248.483, 173
Trd, 000248.617, 165
Trd, 000248.800, 161
Trd, 000249.250, 172
Trd, 000250.150, 169
Trd, 000250.367, 171
Trd, 000250.433, 172
Trd, 000250.550, 173
Trd, 000250.767, 173
Trd, 000250.950, 172
Trd, 000251.567, 176
Trd, 000252.050, 179
Trd, 000252.367, 180
Trd, 000252.750, 181
Trd, 000253.317, 184
Trd, 000253.433, 184
Trd, 000253.533, 184
Trd, 000254.117, 186
Trd, 000254.167, 184
Trd, 000255.367, 185
Trd, 000255.383, 186
Trd, 000255.550, 183
Trd, 000255.933, 179
Trd, 000256.500, 179
Trd, 000257.800, 183
Trd, 000258.083, 183
Trd, 000258.400, 179
Trd, 000258.500, 187
Trd, 000258.867, 182
Trd, 000258.900, 181
Trd, 000259.467, 186
Trd, 000260.767, 180
Trd, 000261.050, 181
Trd, 000261.250, 180
Trd, 000261.433, 181
Trd, 000262.017, 177
Trd, 000262.217, 174
Trd, 000263.333, 177
Trd, 000263.583, 179
Trd, 000263.600, 178
Trd, 000263.783, 174
Trd, 000264.200, 178
Trd, 000264.917, 178
Trd, 000265.800, 177
Trd, 000266.200, 179
Trd, 000266.533, 178
Trd, 000266.567, 177
Trd, 000266.650, 172
Trd, 000267.533, 175
Trd, 000267.750, 175
Trd, 000267.983, 176
Trd, 000268.050, 180
Trd, 000268.900, 174
Trd, 000268.983, 179
Trd, 000269.067, 181
Trd, 000269.583, 176
Trd, 000270.583, 180
Trd, 000270.750, 179
Trd, 000270.833, 180
Trd, 000270.933, 182
Trd, 000271.933, 179
Trd, 000271.983, 181
Trd, 000272.683, 180
Trd, 000272.967, 178
Trd, 000274.283, 179
Trd, 000274.417, 182
Trd, 000274.833, 182
Trd, 000275.033, 181
Trd, 000275.583, 178
Trd, 000276.183, 178
Trd, 000276.383, 177
Trd, 000276.883, 175
Trd, 000277.017, 167
Trd, 000277.150, 179
Trd, 000277.417, 164
Trd, 000277.550, 163
Trd, 000277.833, 159
Trd, 000278.067, 186
Trd, 000278.367, 179
Trd, 000279.350, 179
Trd, 000280.333, 186
Trd, 000280.483, 186
Trd, 000281.017, 187
Trd, 000281.417, 188
Trd, 000281.433, 189
Trd, 000282.067, 190
Trd, 000283.333, 185
Trd, 000283.367, 181
Trd, 000284.250, 185
Trd, 000284.500, 185
Trd, 000284.867, 184
Trd, 000285.183, 185
Trd, 000285.867, 180
Trd, 000286.167, 179
Trd, 000286.217, 182
Trd, 000286.583, 183
Trd, 000286.750, 181
Trd, 000286.883, 180
Trd, 000286.933, 179
Trd, 000287.083, 177
Trd, 000287.983, 185
Trd, 000288.267, 178
Trd, 000288.650, 178
Trd, 000289.633, 180
Trd, 000289.783, 183
Trd, 000290.717, 183
Trd, 000291.233, 181
Trd, 000291.483, 180
Trd, 000291.600, 182
Trd, 000292.067, 180
Trd, 000292.500, 181
Trd, 000293.083, 178
Trd, 000293.567, 178
Trd, 000293.683, 182
Trd, 000293.733, 177
Trd, 000294.883, 177
Trd, 000295.233, 179
Trd, 000295.833, 180
Trd, 000296.050, 182
Trd, 000296.700, 177
Trd, 000296.967, 180
Trd, 000297.083, 179
Trd, 000297.683, 179
Trd, 000297.867, 180
Trd, 000298.867, 180
Trd, 000299.200, 182
Trd, 000299.267, 184
Trd, 000299.300, 178
Trd, 000299.700, 190
Trd, 000299.967, 178
