Trd, 000000.517, 106
Trd, 000001.250, 148
Trd, 000001.667, 150
Trd, 000002.367, 189
Trd, 000004.383, 159
Trd, 000004.683, 158
Trd, 000005.650, 157
Trd, 000005.867, 163
Trd, 000005.950, 155
Trd, 000006.067, 154
Trd, 000006.867, 147
Trd, 000007.267, 163
Trd, 000008.600, 161
Trd, 000008.983, 151
Trd, 000009.317, 152
Trd, 000009.750, 160
Trd, 000010.267, 159
Trd, 000010.633, 160
Trd, 000012.567, 155
Trd, 000012.850, 158
Trd, 000012.917, 153
Trd, 000013.617, 158
Trd, 000013.767, 149
Trd, 000014.650, 146
Trd, 000015.033, 149
Trd, 000015.917, 151
Trd, 000015.933, 152
Trd, 000016.167, 156
Trd, 000017.467, 154
Trd, 000017.750, 157
Trd, 000018.267, 152
Trd, 000018.800, 155
Trd, 000019.167, 160
Trd, 000019.250, 161
Trd, 000019.383, 154
Trd, 000019.500, 153
Trd, 000020.850, 158
Trd, 000022.217, 156
Trd, 000022.483, 155
Trd, 000022.900, 146
Trd, 000023.300, 156
Trd, 000024.167, 150
Trd, 000024.383, 152
Trd, 000024.650, 153
Trd, 000024.850, 147
Trd, 000025.383, 152
Trd, 000026.050, 161
Trd, 000026.450, 158
Trd, 000026.617, 166
Trd, 000026.633, 150
Trd, 000028.800, 154
Trd, 000029.450, 155
Trd, 000029.517, 158
Trd, 000029.883, 160
Trd, 000030.700, 155
Trd, 000030.917, 167
Trd, 000031.250, 159
Trd, 000031.333, 151
Trd, 000031.467, 167
Trd, 000032.033, 149
Trd, 000032.317, 160
Trd, 000032.383, 162
Trd, 000034.933, 160
Trd, 000036.033, 162
Trd, 000036.350, 160
Trd, 000037.350, 159
Trd, 000037.900, 163
Trd, 000038.117, 161
Trd, 000038.567, 152
Trd, 000039.250, 147
Trd, 000040.217, 158
Trd, 000040.283, 159
Trd, 000040.383, 159
Trd, 000040.917, 151
Trd, 000042.017, 150
Trd, 000042.583, 151
Trd, 000043.333, 151
Trd, 000043.467, 148
Trd, 000043.883, 163
Trd, 000044.550, 156
Trd, 000044.983, 146
Trd, 000045.017, 164
Trd, 000045.233, 165
Trd, 000045.500, 153
Trd, 000047.017, 158
Trd, 000047.100, 156
Trd, 000047.950, 158
Trd, 000048.650, 155
Trd, 000049.033, 157
Trd, 000049.417, 158
Trd, 000049.883, 159
Trd, 000050.133, 156
Trd, 000050.867, 153
Trd, 000051.550, 153
Trd, 000052.300, 159
Trd, 000052.533, 155
Trd, 000053.217, 154
Trd, 000053.433, 158
Trd, 000053.483, 152
Trd, 000054.617, 149
Trd, 000055.217, 157
Trd, 000055.817, 158
Trd, 000056.067, 159
Trd, 000057.100, 159
Trd, 000057.233, 157
Trd, 000058.400, 161
Trd, 000059.667, 159
Trd, 000059.900, 160
Trd, 000059.950, 162
Trd, 000060.150, 159
Trd, 000061.017, 161
Trd, 000061.033, 162
Trd, 000061.200, 160
Trd, 000061.533, 154
Trd, 000062.867, 154
Trd, 000062.917, 146
Trd, 000063.033, 159
Trd, 000063.150, 160
Trd, 000064.717, 161
Trd, 000065.000, 163
Trd, 000065.133, 156
Trd, 000066.367, 161
Trd, 000067.017, 162
Trd, 000067.300, 158
Trd, 000067.767, 156
Trd, 000069.467, 160
Trd, 000069.600, 155
Trd, 000069.983, 151
Trd, 000070.283, 160
Trd, 000070.300, 161
Trd, 000070.350, 146
Trd, 000070.750, 162
Trd, 000072.300, 165
Trd, 000072.900, 160
Trd, 000073.150, 171
Trd, 000073.350, 179
Trd, 000074.067, 156
Trd, 000074.850, 170
Trd, 000075.150, 169
Trd, 000075.817, 160
Trd, 000076.217, 155
Trd, 000076.467, 151
Trd, 000077.433, 146
Trd, 000077.533, 156
Trd, 000078.000, 162
Trd, 000078.783, 161
Trd, 000080.000, 160
Trd, 000080.083, 159
Trd, 000081.483, 159
Trd, 000081.950, 159
Trd, 000082.267, 160
Trd, 000082.533, 158
Trd, 000084.000, 156
Trd, 000084.467, 173
Trd, 000085.517, 156
Trd, 000086.117, 150
Trd, 000086.533, 161
Trd, 000086.617, 148
Trd, 000087.217, 166
Trd, 000088.117, 164
Trd, 000088.767, 162
Trd, 000088.850, 164
Trd, 000089.183, 158
Trd, 000089.917, 165
Trd, 000090.517, 162
Trd, 000090.850, 163
Trd, 000091.517, 161
Trd, 000091.783, 157
Trd, 000092.483, 165
Trd, 000092.650, 157
Trd, 000092.850, 158
Trd, 000093.500, 157
Trd, 000094.467, 158
Trd, 000095.000, 157
Trd, 000095.750, 158
Trd, 000095.767, 167
Trd, 000096.317, 157
Trd, 000096.933, 153
Trd, 000096.950, 160
Trd, 000097.383, 161
Trd, 000097.900, 163
Trd, 000098.983, 170
Trd, 000100.067, 158
Trd, 000100.600, 161
Trd, 000100.850, 162
Trd, 000101.483, 162
Trd, 000102.000, 160
Trd, 000102.433, 160
Trd, 000102.717, 157
Trd, 000102.800, 157
Trd, 000103.267, 160
Trd, 000104.050, 167
Trd, 000104.533, 164
Trd, 000105.983, 162
Trd, 000106.817, 165
Trd, 000107.083, 166
Trd, 000107.333, 168
Trd, 000107.617, 172
Trd, 000107.800, 166
Trd, 000109.683, 168
Trd, 000110.217, 165
Trd, 000110.383, 169
Trd, 000110.433, 159
Trd, 000110.767, 159
Trd, 000111.833, 163
Trd, 000112.017, 164
Trd, 000113.283, 156
Trd, 000113.383, 155
Trd, 000113.583, 157
Trd, 000113.650, 159
Trd, 000114.450, 154
Trd, 000114.967, 159
Trd, 000115.367, 174
Trd, 000115.450, 176
Trd, 000115.800, 182
Trd, 000115.967, 172
Trd, 000116.817, 161
Trd, 000117.750, 177
Trd, 000117.850, 160
Trd, 000118.083, 152
Trd, 000118.150, 174
Trd, 000118.250, 161
Trd, 000118.467, 149
Trd, 000119.800, 174
Trd, 000120.783, 175
Trd, 000121.117, 164
Trd, 000121.233, 161
Trd, 000122.417, 167
Trd, 000122.917, 165
Trd, 000124.883, 165
Trd, 000125.217, 164
Trd, 000125.467, 164
Trd, 000125.667, 160
Trd, 000125.767, 166
Trd, 000126.167, 157
Trd, 000127.383, 150
Trd, 000127.983, 165
Trd, 000129.983, 165
Trd, 000130.483, 168
Trd, 000130.800, 162
Trd, 000130.883, 161
Trd, 000131.283, 169
Trd, 000131.550, 164
Trd, 000131.867, 163
Trd, 000133.217, 157
Trd, 000133.867, 164
Trd, 000135.467, 166
Trd, 000135.633, 165
Trd, 000135.650, 163
Trd, 000135.717, 161
Trd, 000135.750, 166
Trd, 000136.067, 176
Trd, 000136.200, 154
Trd, 000136.600, 177
Trd, 000136.850, 177
Trd, 000138.033, 158
Trd, 000138.517, 156
Trd, 000138.700, 156
Trd, 000139.883, 165
Trd, 000140.800, 164
Trd, 000140.933, 163
Trd, 000141.283, 165
Trd, 000141.683, 163
Trd, 000142.033, 162
Trd, 000142.550, 163
Trd, 000142.567, 172
Trd, 000144.533, 164
Trd, 000145.683, 169
Trd, 000146.733, 163
Trd, 000146.800, 171
Trd, 000147.533, 172
Trd, 000147.567, 179
Trd, 000147.700, 165
Trd, 000147.883, 164
Trd, 000148.533, 170
Trd, 000149.150, 169
Trd, 000149.233, 170
Trd, 000149.900, 163
Trd, 000151.817, 162
Trd, 000152.467, 165
Trd, 000152.667, 164
Trd, 000153.200, 163
Trd, 000153.333, 159
Trd, 000153.367, 157
Trd, 000154.467, 163
Trd, 000154.800, 164
Trd, 000154.933, 172
Trd, 000155.183, 177
Trd, 000155.317, 163
Trd, 000156.150, 163
Trd, 000156.350, 180
Trd, 000156.867, 175
Trd, 000157.267, 166
Trd, 000157.800, 173
Trd, 000158.217, 164
Trd, 000159.083, 174
Trd, 000159.800, 172
Trd, 000160.167, 164
Trd, 000160.733, 172
Trd, 000161.700, 169
Trd, 000162.067, 167
Trd, 000162.683, 164
Trd, 000162.833, 171
Trd, 000163.350, 171
Trd, 000163.700, 173
Trd, 000164.367, 174
Trd, 000164.750, 171
Trd, 000165.200, 171
Trd, 000166.633, 176
Trd, 000166.767, 171
Trd, 000167.350, 175
Trd, 000168.467, 172
Trd, 000168.700, 171
Trd, 000169.050, 170
Trd, 000169.667, 174
Trd, 000170.033, 174
Trd, 000170.100, 189
Trd, 000170.217, 171
Trd, 000170.433, 167
Trd, 000172.483, 168
Trd, 000173.033, 174
Trd, 000174.417, 170
Trd, 000174.800, 170
Trd, 000175.083, 171
Trd, 000175.417, 169
Trd, 000175.650, 171
Trd, 000176.133, 170
Trd, 000176.767, 167
Trd, 000176.950, 166
Trd, 000177.183, 165
Trd, 000177.500, 172
Trd, 000178.217, 172
Trd, 000179.200, 171
Trd, 000179.217, 172
Trd, 000179.283, 161
Trd, 000179.533, 159
Trd, 000181.933, 170
Trd, 000182.117, 170
Trd, 000182.233, 168
Trd, 000182.567, 176
Trd, 000183.800, 169
Trd, 000183.950, 172
Trd, 000184.283, 162
Trd, 000185.650, 170
Trd, 000185.983, 166
Trd, 000187.717, 179
Trd, 000187.833, 178
Trd, 000188.767, 175
Trd, 000189.567, 176
Trd, 000189.933, 175
Trd, 000190.100, 161
Trd, 000190.350, 167
Trd, 000191.017, 174
Trd, 000191.633, 174
Trd, 000191.750, 177
Trd, 000192.650, 172
Trd, 000192.750, 177
Trd, 000192.833, 171
Trd, 000193.750, 174
Trd, 000194.217, 172
Trd, 000194.583, 159
Trd, 000194.917, 157
Trd, 000195.733, 165
Trd, 000195.900, 166
Trd, 000196.100, 166
Trd, 000196.950, 163
Trd, 000197.333, 166
Trd, 000198.517, 171
Trd, 000198.600, 178
Trd, 000198.750, 170
Trd, 000199.067, 168
Trd, 000199.450, 179
Trd, 000200.083, 160
Trd, 000200.983, 158
Trd, 000201.550, 168
Trd, 000201.633, 168
Trd, 000202.733, 166
Trd, 000203.550, 165
Trd, 000204.033, 166
Trd, 000205.050, 168
Trd, 000205.283, 183
Trd, 000205.367, 191
Trd, 000205.833, 169
Trd, 000207.467, 174
Trd, 000207.717, 169
Trd, 000208.650, 169
Trd, 000208.717, 174
Trd, 000208.783, 176
Trd, 000209.517, 172
Trd, 000209.533, 169
Trd, 000210.183, 169
Trd, 000210.700, 168
Trd, 000212.317, 178
Trd, 000212.433, 175
Trd, 000212.817, 174
Trd, 000212.900, 158
Trd, 000213.083, 179
Trd, 000214.033, 169
Trd, 000214.050, 178
Trd, 000215.050, 176
Trd, 000216.333, 177
Trd, 000216.483, 169
Trd, 000217.333, 179
Trd, 000217.883, 171
Trd, 000218.100, 171
Trd, 000218.317, 165
Trd, 000219.717, 161
Trd, 000220.567, 167
Trd, 000220.583, 169
Trd, 000220.850, 170
Trd, 000221.183, 166
Trd, 000221.767, 169
Trd, 000221.850, 180
Trd, 000222.833, 186
Trd, 000223.033, 175
Trd, 000223.883, 169
Trd, 000224.317, 166
Trd, 000224.333, 165
Trd, 000224.350, 170
Trd, 000225.667, 180
Trd, 000225.783, 181
Trd, 000226.183, 174
Trd, 000227.150, 173
Trd, 000227.533, 174
Trd, 000227.600, 177
Trd, 000229.500, 181
Trd, 000230.033, 180
Trd, 000230.267, 182
Trd, 000230.600, 184
Trd, 000230.667, 179
Trd, 000232.433, 181
Trd, 000232.550, 180
Trd, 000232.967, 178
Trd, 000233.117, 178
Trd, 000233.217, 180
Trd, 000233.450, 182
Trd, 000233.883, 171
Trd, 000234.317, 183
Trd, 000234.750, 170
Trd, 000236.150, 179
Trd, 000236.217, 180
Trd, 000236.900, 181
Trd, 000237.950, 180
Trd, 000238.750, 182
Trd, 000239.000, 179
Trd, 000239.967, 189
Trd, 000239.983, 179
Trd, 000240.133, 178
Trd, 000240.283, 171
Trd, 000240.900, 181
Trd, 000241.600, 176
Trd, 000242.083, 179
Trd, 000242.233, 178
Trd, 000242.467, 179
Trd, 000242.950, 175
Trd, 000243.617, 177
Trd, 000243.900, 180
Trd, 000244.483, 181
Trd, 000244.617, 182
Trd, 000245.067, 181
Trd, 000245.100, 180
Trd, 000245.250, 181
Trd, 000245.583, 195
Trd, 000245.967, 193
Trd, 000245.983, 188
Trd, 000247.317, 187
Trd, 000247.717, 187
Trd, 000247.867, 189
Trd, 000247.967, 182
Trd, 000249.317, 188
Trd, 000249.717, 187
Trd, 000249.817, 186
Trd, 000249.883, 184
Trd, 000250.683, 178
Trd, 000250.767, 188
Trd, 000250.783, 190
Trd, 000250.983, 173
Trd, 000251.500, 173
Trd, 000252.517, 167
Trd, 000252.983, 173
Trd, 000253.217, 167
Trd, 000253.550, 183
Trd, 000254.500, 176
Trd, 000255.517, 175
Trd, 000255.650, 176
Trd, 000255.767, 174
Trd, 000256.100, 176
Trd, 000256.633, 178
Trd, 000257.233, 177
Trd, 000257.300, 174
Trd, 000257.467, 173
Trd, 000257.600, 173
Trd, 000258.483, 174
Trd, 000258.983, 169
Trd, 000259.367, 170
Trd, 000259.983, 171
Trd, 000260.400, 167
Trd, 000260.650, 169
Trd, 000260.683, 166
Trd, 000261.317, 168
Trd, 000261.483, 167
Trd, 000261.533, 170
Trd, 000262.033, 179
Trd, 000262.983, 174
Trd, 000263.400, 173
Trd, 000263.433, 174
Trd, 000264.233, 176
Trd, 000264.583, 177
Trd, 000264.667, 173
Trd, 000264.683, 172
Trd, 000264.833, 181
Trd, 000265.383, 173
Trd, 000265.483, 176
Trd, 000266.817, 181
Trd, 000267.350, 184
Trd, 000267.667, 180
Trd, 000268.033, 179
Trd, 000268.150, 180
Trd, 000268.267, 185
Trd, 000268.483, 182
Trd, 000269.017, 175
Trd, 000269.950, 183
Trd, 000270.917, 175
Trd, 000271.100, 181
Trd, 000271.367, 174
Trd, 000271.650, 171
Trd, 000271.850, 173
Trd, 000272.217, 171
Trd, 000272.750, 170
Trd, 000272.800, 167
Trd, 000273.167, 165
Trd, 000273.450, 183
Trd, 000273.567, 185
Trd, 000274.500, 172
Trd, 000274.733, 170
Trd, 000274.950, 173
Trd, 000275.567, 174
Trd, 000275.667, 168
Trd, 000275.867, 175
Trd, 000275.917, 192
Trd, 000276.700, 167
Trd, 000276.983, 172
Trd, 000278.083, 175
Trd, 000278.283, 179
Trd, 000278.433, 174
Trd, 000278.700, 190
Trd, 000278.883, 172
Trd, 000279.067, 177
Trd, 000279.417, 190
Trd, 000279.850, 175
Trd, 000279.883, 176
Trd, 000280.517, 177
Trd, 000280.550, 169
Trd, 000280.617, 170
Trd, 000281.450, 171
Trd, 000281.617, 172
Trd, 000282.083, 172
Trd, 000282.283, 170
Trd, 000282.517, 173
Trd, 000282.567, 177
Trd, 000283.233, 190
Trd, 000284.117, 176
Trd, 000284.367, 169
Trd, 000284.583, 172
Trd, 000284.883, 178
Trd, 000285.000, 178
Trd, 000285.283, 179
Trd, 000285.300, 178
Trd, 000285.833, 185
Trd, 000287.650, 186
Trd, 000287.800, 176
Trd, 000287.833, 186
Trd, 000287.917, 194
Trd, 000288.033, 175
Trd, 000289.300, 188
Trd, 000289.483, 187
Trd, 000289.700, 189
Trd, 000290.183, 184
Trd, 000290.617, 183
Trd, 000290.700, 183
Trd, 000291.250, 190
Trd, 000291.417, 190
Trd, 000291.950, 189
Trd, 000292.500, 184
Trd, 000292.633, 187
Trd, 000293.767, 185
Trd, 000294.150, 183
Trd, 000294.500, 177
Trd, 000294.883, 186
Trd, 000295.383, 175
Trd, 000295.833, 173
Trd, 000296.083, 179
Trd, 000296.133, 178
Trd, 000296.283, 185
Trd, 000296.900, 185
Trd, 000297.017, 185
Trd, 000297.200, 187
Trd, 000297.500, 168
Trd, 000297.517, 173
Trd, 000298.233, 174
Trd, 000298.250, 178
Trd, 000298.433, 194
Trd, 000298.783, 174
Trd, 000299.317, 170
Trd, 000299.417, 178
Trd, 000299.833, 164
