Trd, 000001.933, 113
Trd, 000002.650, 124
Trd, 000003.933, 141
Trd, 000003.967, 148
Trd, 000004.583, 135
Trd, 000005.150, 147
Trd, 000005.183, 154
Trd, 000005.233, 124
Trd, 000005.267, 123
Trd, 000005.833, 158
Trd, 000006.183, 162
Trd, 000006.217, 138
Trd, 000007.083, 141
Trd, 000007.700, 141
Trd, 000008.817, 142
Trd, 000009.983, 143
Trd, 000010.700, 144
Trd, 000011.417, 146
Trd, 000012.083, 146
Trd, 000012.833, 147
Trd, 000013.167, 143
Trd, 000013.533, 148
Trd, 000013.583, 142
Trd, 000014.383, 149
Trd, 000015.050, 149
Trd, 000015.333, 144
Trd, 000015.767, 163
Trd, 000016.183, 154
Trd, 000017.000, 154
Trd, 000017.917, 150
Trd, 000018.400, 144
Trd, 000019.100, 154
Trd, 000019.167, 145
Trd, 000019.267, 156
Trd, 000019.400, 160
Trd, 000019.933, 164
Trd, 000020.017, 160
Trd, 000020.267, 150
Trd, 000020.933, 149
Trd, 000023.583, 154
Trd, 000025.183, 153
Trd, 000025.233, 152
Trd, 000025.417, 150
Trd, 000027.383, 151
Trd, 000027.667, 152
Trd, 000027.683, 153
Trd, 000027.750, 155
Trd, 000028.133, 165
Trd, 000028.867, 155
Trd, 000029.867, 156
Trd, 000030.750, 154
Trd, 000030.983, 153
Trd, 000033.967, 153
Trd, 000034.283, 155
Trd, 000034.717, 154
Trd, 000034.867, 156
Trd, 000035.200, 157
Trd, 000035.233, 152
Trd, 000035.383, 160
Trd, 000035.550, 161
Trd, 000036.717, 155
Trd, 000036.933, 155
Trd, 000038.667, 156
Trd, 000039.150, 154
Trd, 000039.933, 154
Trd, 000039.983, 154
Trd, 000040.650, 156
Trd, 000040.717, 157
Trd, 000040.917, 158
Trd, 000041.100, 157
Trd, 000041.950, 158
Trd, 000042.800, 158
Trd, 000043.533, 153
Trd, 000043.717, 162
Trd, 000045.117, 169
Trd, 000045.583, 172
Trd, 000045.750, 158
Trd, 000045.967, 158
Trd, 000047.100, 162
Trd, 000047.350, 160
Trd, 000048.200, 159
Trd, 000048.250, 155
Trd, 000048.400, 160
Trd, 000048.417, 161
Trd, 000048.500, 154
Trd, 000048.733, 163
Trd, 000048.833, 153
Trd, 000051.000, 156
Trd, 000051.283, 148
Trd, 000051.683, 155
Trd, 000051.967, 156
Trd, 000052.783, 154
Trd, 000053.633, 164
Trd, 000053.650, 163
Trd, 000054.383, 162
Trd, 000054.450, 175
Trd, 000054.550, 155
Trd, 000055.783, 179
Trd, 000055.917, 157
Trd, 000056.483, 172
Trd, 000056.950, 171
Trd, 000058.167, 154
Trd, 000058.500, 153
Trd, 000059.633, 159
Trd, 000059.717, 163
Trd, 000061.900, 164
Trd, 000062.833, 161
Trd, 000063.167, 161
Trd, 000063.350, 158
Trd, 000064.083, 156
Trd, 000064.200, 155
Trd, 000065.167, 159
Trd, 000065.317, 154
Trd, 000065.350, 160
Trd, 000065.700, 160
Trd, 000066.217, 160
Trd, 000066.483, 154
Trd, 000066.600, 153
Trd, 000067.083, 162
Trd, 000068.883, 155
Trd, 000069.467, 154
Trd, 000069.483, 153
Trd, 000070.567, 153
Trd, 000070.583, 154
Trd, 000070.667, 150
Trd, 000070.883, 155
Trd, 000071.383, 157
Trd, 000072.017, 155
Trd, 000072.133, 159
Trd, 000072.183, 152
Trd, 000073.483, 154
Trd, 000074.517, 154
Trd, 000074.550, 155
Trd, 000074.567, 165
Trd, 000075.300, 153
Trd, 000075.600, 153
Trd, 000076.350, 154
Trd, 000076.867, 154
Trd, 000077.050, 153
Trd, 000077.400, 153
Trd, 000077.683, 165
Trd, 000078.700, 156
Trd, 000079.050, 157
Trd, 000080.700, 155
Trd, 000080.717, 156
Trd, 000080.733, 157
Trd, 000081.183, 154
Trd, 000081.783, 156
Trd, 000082.400, 152
Trd, 000082.483, 156
Trd, 000082.517, 152
Trd, 000083.167, 156
Trd, 000083.217, 153
Trd, 000083.317, 160
Trd, 000083.483, 153
Trd, 000083.683, 157
Trd, 000083.883, 170
Trd, 000084.000, 151
Trd, 000085.433, 177
Trd, 000085.517, 176
Trd, 000085.933, 175
Trd, 000086.033, 173
Trd, 000086.083, 162
Trd, 000088.367, 158
Trd, 000088.400, 160
Trd, 000088.917, 163
Trd, 000089.317, 162
Trd, 000089.683, 162
Trd, 000090.400, 163
Trd, 000090.600, 162
Trd, 000090.750, 164
Trd, 000091.050, 161
Trd, 000091.467, 159
Trd, 000093.683, 159
Trd, 000093.767, 158
Trd, 000094.850, 160
Trd, 000096.050, 160
Trd, 000096.517, 159
Trd, 000097.167, 160
Trd, 000097.467, 161
Trd, 000098.533, 160
Trd, 000098.917, 160
Trd, 000098.950, 158
Trd, 000099.950, 158
Trd, 000100.333, 160
Trd, 000100.350, 157
Trd, 000101.550, 161
Trd, 000102.817, 161
Trd, 000103.367, 161
Trd, 000104.333, 161
Trd, 000104.400, 161
Trd, 000104.750, 158
Trd, 000105.467, 160
Trd, 000105.633, 158
Trd, 000106.883, 160
Trd, 000107.050, 159
Trd, 000107.083, 161
Trd, 000107.767, 159
Trd, 000107.983, 158
Trd, 000108.217, 162
Trd, 000108.617, 162
Trd, 000109.167, 168
Trd, 000109.600, 182
Trd, 000110.250, 166
Trd, 000110.617, 159
Trd, 000111.950, 162
Trd, 000112.033, 168
Trd, 000112.717, 169
Trd, 000112.750, 173
Trd, 000113.100, 164
Trd, 000113.683, 163
Trd, 000113.817, 169
Trd, 000114.933, 161
Trd, 000116.183, 159
Trd, 000117.150, 160
Trd, 000117.450, 160
Trd, 000117.517, 154
Trd, 000118.317, 160
Trd, 000119.350, 159
Trd, 000119.683, 160
Trd, 000119.750, 161
Trd, 000119.783, 162
Trd, 000120.433, 160
Trd, 000120.817, 161
Trd, 000121.067, 156
Trd, 000121.917, 180
Trd, 000122.650, 162
Trd, 000122.850, 166
Trd, 000122.867, 165
Trd, 000123.100, 168
Trd, 000123.633, 161
Trd, 000124.133, 160
Trd, 000124.767, 166
Trd, 000125.000, 158
Trd, 000125.900, 167
Trd, 000126.000, 168
Trd, 000126.600, 173
Trd, 000126.867, 162
Trd, 000127.233, 160
Trd, 000129.383, 159
Trd, 000130.067, 164
Trd, 000130.100, 161
Trd, 000130.167, 156
Trd, 000131.083, 163
Trd, 000131.450, 159
Trd, 000132.467, 161
Trd, 000133.067, 161
Trd, 000133.267, 160
Trd, 000134.550, 161
Trd, 000134.633, 162
Trd, 000135.483, 157
Trd, 000135.933, 158
Trd, 000135.967, 157
Trd, 000136.167, 160
Trd, 000136.267, 161
Trd, 000136.850, 161
Trd, 000137.183, 164
Trd, 000137.483, 175
Trd, 000137.733, 186
Trd, 000138.467, 179
Trd, 000138.867, 163
Trd, 000139.983, 162
Trd, 000140.667, 165
Trd, 000140.733, 162
Trd, 000140.883, 159
Trd, 000141.050, 157
Trd, 000141.750, 164
Trd, 000141.800, 165
Trd, 000142.167, 165
Trd, 000143.450, 164
Trd, 000144.167, 164
Trd, 000144.217, 162
Trd, 000144.467, 164
Trd, 000144.833, 163
Trd, 000145.233, 162
Trd, 000146.183, 162
Trd, 000146.517, 162
Trd, 000146.883, 162
Trd, 000146.933, 161
Trd, 000146.950, 159
Trd, 000148.067, 163
Trd, 000148.133, 163
Trd, 000148.183, 164
Trd, 000148.850, 163
Trd, 000149.233, 160
Trd, 000150.100, 163
Trd, 000151.567, 162
Trd, 000151.650, 160
Trd, 000152.183, 163
Trd, 000152.200, 164
Trd, 000152.633, 159
Trd, 000155.300, 163
Trd, 000155.617, 159
Trd, 000156.600, 163
Trd, 000156.633, 164
Trd, 000156.917, 160
Trd, 000157.300, 159
Trd, 000157.767, 165
Trd, 000157.967, 172
Trd, 000159.733, 164
Trd, 000160.367, 164
Trd, 000160.483, 164
Trd, 000160.983, 165
Trd, 000162.033, 166
Trd, 000162.133, 166
Trd, 000162.633, 164
Trd, 000163.000, 164
Trd, 000163.183, 163
Trd, 000163.417, 169
Trd, 000164.383, 163
Trd, 000164.767, 164
Trd, 000164.883, 169
Trd, 000166.100, 167
Trd, 000166.317, 164
Trd, 000167.267, 164
Trd, 000167.767, 165
Trd, 000168.533, 166
Trd, 000168.833, 165
Trd, 000169.117, 169
Trd, 000170.883, 168
Trd, 000171.883, 165
Trd, 000173.017, 166
Trd, 000173.117, 165
Trd, 000173.433, 164
Trd, 000173.967, 165
Trd, 000174.800, 160
Trd, 000175.633, 165
Trd, 000175.883, 164
Trd, 000176.783, 165
Trd, 000176.967, 163
Trd, 000177.083, 166
Trd, 000178.267, 165
Trd, 000178.850, 164
Trd, 000179.950, 164
Trd, 000180.233, 164
Trd, 000180.283, 166
Trd, 000180.317, 163
Trd, 000180.550, 164
Trd, 000181.067, 166
Trd, 000181.300, 166
Trd, 000182.167, 167
Trd, 000182.333, 167
Trd, 000183.817, 184
Trd, 000184.133, 172
Trd, 000184.483, 173
Trd, 000185.017, 183
Trd, 000185.333, 173
Trd, 000185.700, 171
Trd, 000186.550, 178
Trd, 000186.600, 180
Trd, 000186.783, 169
Trd, 000188.233, 178
Trd, 000188.283, 169
Trd, 000188.667, 168
Trd, 000189.633, 167
Trd, 000191.033, 173
Trd, 000191.450, 174
Trd, 000191.900, 174
Trd, 000191.983, 177
Trd, 000193.083, 172
Trd, 000193.117, 169
Trd, 000193.233, 174
Trd, 000194.483, 166
Trd, 000195.650, 170
Trd, 000196.133, 171
Trd, 000196.383, 171
Trd, 000196.767, 168
Trd, 000197.317, 168
Trd, 000197.617, 168
Trd, 000199.067, 170
Trd, 000199.483, 168
Trd, 000200.183, 168
Trd, 000200.217, 170
Trd, 000200.567, 170
Trd, 000200.767, 171
Trd, 000200.883, 171
Trd, 000202.450, 168
Trd, 000202.633, 167
Trd, 000203.250, 166
Trd, 000203.567, 170
Trd, 000205.733, 170
Trd, 000206.617, 169
Trd, 000206.733, 170
Trd, 000207.250, 168
Trd, 000207.317, 166
Trd, 000208.267, 165
Trd, 000210.050, 168
Trd, 000210.767, 169
Trd, 000211.033, 168
Trd, 000211.067, 163
Trd, 000211.600, 169
Trd, 000213.467, 168
Trd, 000214.500, 169
Trd, 000214.700, 170
Trd, 000214.983, 168
Trd, 000215.050, 169
Trd, 000215.250, 168
Trd, 000215.833, 170
Trd, 000216.417, 170
Trd, 000217.083, 171
Trd, 000217.500, 175
Trd, 000217.617, 176
Trd, 000217.717, 171
Trd, 000218.617, 163
Trd, 000219.050, 169
Trd, 000219.300, 179
Trd, 000219.433, 180
Trd, 000219.967, 183
Trd, 000220.517, 165
Trd, 000221.383, 180
Trd, 000221.650, 178
Trd, 000222.683, 173
Trd, 000222.817, 172
Trd, 000222.850, 170
Trd, 000222.933, 178
Trd, 000223.017, 180
Trd, 000223.667, 180
Trd, 000226.567, 177
Trd, 000226.583, 175
Trd, 000226.900, 178
Trd, 000227.000, 175
Trd, 000227.700, 176
Trd, 000227.717, 174
Trd, 000228.150, 172
Trd, 000229.600, 175
Trd, 000230.167, 171
Trd, 000230.400, 173
Trd, 000230.767, 167
Trd, 000231.000, 166
Trd, 000231.783, 169
Trd, 000232.017, 169
Trd, 000232.283, 168
Trd, 000232.483, 165
Trd, 000232.900, 171
Trd, 000233.117, 171
Trd, 000233.967, 170
Trd, 000234.150, 170
Trd, 000235.617, 167
Trd, 000236.467, 170
Trd, 000236.983, 171
Trd, 000237.267, 171
Trd, 000238.400, 172
Trd, 000238.450, 180
Trd, 000239.433, 172
Trd, 000240.017, 176
Trd, 000240.400, 195
Trd, 000240.583, 172
Trd, 000241.500, 183
Trd, 000241.883, 178
Trd, 000242.317, 179
Trd, 000242.483, 178
Trd, 000243.000, 176
Trd, 000243.533, 174
Trd, 000243.883, 174
Trd, 000244.967, 173
Trd, 000245.250, 173
Trd, 000245.433, 170
Trd, 000245.500, 167
Trd, 000245.550, 173
Trd, 000245.833, 173
Trd, 000246.483, 170
Trd, 000246.517, 171
Trd, 000246.667, 182
Trd, 000247.033, 177
Trd, 000247.867, 176
Trd, 000248.050, 184
Trd, 000248.683, 180
Trd, 000249.783, 180
Trd, 000249.967, 177
Trd, 000250.633, 180
Trd, 000250.767, 182
Trd, 000251.233, 180
Trd, 000252.433, 178
Trd, 000252.867, 179
Trd, 000253.433, 177
Trd, 000253.633, 175
Trd, 000254.683, 179
Trd, 000254.700, 180
Trd, 000255.433, 176
Trd, 000255.817, 174
Trd, 000256.083, 178
Trd, 000256.683, 175
Trd, 000257.517, 174
Trd, 000257.683, 174
Trd, 000258.100, 169
Trd, 000258.183, 175
Trd, 000258.450, 172
Trd, 000258.533, 171
Trd, 000259.467, 174
Trd, 000260.717, 173
Trd, 000260.750, 174
Trd, 000260.850, 175
Trd, 000261.233, 172
Trd, 000261.433, 174
Trd, 000261.883, 169
Trd, 000262.083, 169
Trd, 000263.150, 177
Trd, 000263.883, 172
Trd, 000264.117, 169
Trd, 000264.217, 169
Trd, 000264.700, 170
Trd, 000264.917, 171
Trd, 000265.200, 172
Trd, 000265.833, 173
Trd, 000267.050, 174
Trd, 000267.667, 174
Trd, 000267.800, 172
Trd, 000267.867, 171
Trd, 000268.950, 175
Trd, 000269.017, 170
Trd, 000270.733, 175
Trd, 000271.383, 170
Trd, 000272.300, 171
Trd, 000272.333, 172
Trd, 000273.050, 172
Trd, 000273.533, 174
Trd, 000273.767, 170
Trd, 000273.800, 169
Trd, 000273.900, 168
Trd, 000275.233, 169
Trd, 000275.983, 172
Trd, 000276.050, 172
Trd, 000276.133, 169
Trd, 000276.433, 172
Trd, 000277.200, 171
Trd, 000277.217, 173
Trd, 000277.467, 170
Trd, 000277.500, 173
Trd, 000279.467, 176
Trd, 000279.883, 175
Trd, 000280.550, 176
Trd, 000280.933, 176
Trd, 000281.317, 177
Trd, 000281.850, 175
Trd, 000282.133, 179
Trd, 000282.217, 179
Trd, 000282.483, 176
Trd, 000282.900, 176
Trd, 000283.150, 176
Trd, 000283.250, 177
Trd, 000283.500, 174
Trd, 000283.600, 178
Trd, 000284.250, 183
Trd, 000284.483, 176
Trd, 000284.567, 171
Trd, 000284.767, 169
Trd, 000285.483, 165
Trd, 000286.067, 180
Trd, 000286.117, 186
Trd, 000286.817, 176
Trd, 000286.917, 172
Trd, 000289.583, 177
Trd, 000289.667, 182
Trd, 000290.283, 180
Trd, 000290.833, 177
Trd, 000290.917, 184
Trd, 000291.150, 182
Trd, 000291.583, 187
Trd, 000291.833, 178
Trd, 000291.900, 177
Trd, 000291.950, 175
Trd, 000292.633, 178
Trd, 000294.200, 180
Trd, 000294.217, 185
Trd, 000294.400, 180
Trd, 000295.083, 183
Trd, 000295.300, 177
Trd, 000295.367, 172
Trd, 000295.733, 178
Trd, 000296.017, 184
Trd, 000297.317, 178
Trd, 000297.567, 188
Trd, 000298.067, 181
Trd, 000298.133, 179
Trd, 000298.350, 187
Trd, 000298.600, 186
Trd, 000299.333, 184
Trd, 000299.750, 168
