Trd, 000001.317, 125
Trd, 000002.167, 147
Trd, 000002.433, 124
Trd, 000002.933, 136
Trd, 000003.450, 136
Trd, 000003.983, 134
Trd, 000004.067, 123
Trd, 000004.350, 144
Trd, 000005.417, 147
Trd, 000005.783, 148
Trd, 000006.083, 147
Trd, 000007.450, 173
Trd, 000007.567, 146
Trd, 000007.983, 151
Trd, 000008.017, 137
Trd, 000008.767, 137
Trd, 000009.800, 151
Trd, 000010.233, 142
Trd, 000011.783, 145
Trd, 000012.050, 145
Trd, 000012.667, 144
Trd, 000013.133, 144
Trd, 000013.317, 145
Trd, 000013.783, 149
Trd, 000014.250, 149
Trd, 000014.267, 140
Trd, 000014.500, 158
Trd, 000015.817, 166
Trd, 000017.050, 167
Trd, 000017.117, 159
Trd, 000017.650, 155
Trd, 000018.533, 164
Trd, 000018.983, 164
Trd, 000019.867, 161
Trd, 000020.683, 160
Trd, 000020.967, 154
Trd, 000021.133, 153
Trd, 000021.250, 148
Trd, 000022.267, 143
Trd, 000022.883, 150
Trd, 000023.617, 147
Trd, 000023.683, 148
Trd, 000024.300, 149
Trd, 000024.417, 150
Trd, 000024.733, 150
Trd, 000026.233, 154
Trd, 000026.367, 153
Trd, 000026.383, 139
Trd, 000026.783, 150
Trd, 000027.233, 152
Trd, 000028.200, 154
Trd, 000029.083, 156
Trd, 000029.100, 152
Trd, 000031.183, 155
Trd, 000031.450, 154
Trd, 000032.483, 154
Trd, 000033.283, 154
Trd, 000033.367, 153
Trd, 000033.450, 150
Trd, 000033.917, 152
Trd, 000034.017, 150
Trd, 000035.150, 152
Trd, 000035.600, 152
Trd, 000036.050, 155
Trd, 000036.200, 153
Trd, 000036.650, 154
Trd, 000037.467, 154
Trd, 000037.583, 167
Trd, 000038.050, 154
Trd, 000038.900, 156
Trd, 000038.983, 155
Trd, 000039.467, 160
Trd, 000040.733, 157
Trd, 000041.350, 155
Trd, 000041.517, 151
Trd, 000042.150, 141
Trd, 000042.317, 151
Trd, 000043.333, 150
Trd, 000043.350, 142
Trd, 000044.467, 150
Trd, 000044.600, 152
Trd, 000044.683, 150
Trd, 000044.833, 150
Trd, 000044.967, 149
Trd, 000045.833, 145
Trd, 000046.667, 157
Trd, 000047.200, 167
Trd, 000047.483, 148
Trd, 000047.617, 144
Trd, 000049.583, 153
Trd, 000049.717, 151
Trd, 000050.117, 156
Trd, 000050.950, 156
Trd, 000051.233, 151
Trd, 000051.767, 154
Trd, 000051.783, 153
Trd, 000052.350, 146
Trd, 000052.450, 151
Trd, 000052.583, 156
Trd, 000053.317, 150
Trd, 000054.067, 150
Trd, 000054.267, 147
Trd, 000054.567, 146
Trd, 000054.783, 151
Trd, 000056.700, 150
Trd, 000057.033, 151
Trd, 000057.050, 148
Trd, 000057.800, 169
Trd, 000058.283, 160
Trd, 000058.450, 159
Trd, 000059.100, 157
Trd, 000059.700, 153
Trd, 000059.933, 158
Trd, 000059.967, 159
Trd, 000060.867, 157
Trd, 000060.900, 156
Trd, 000061.833, 157
Trd, 000061.950, 155
Trd, 000063.083, 153
Trd, 000063.183, 143
Trd, 000063.467, 130
Trd, 000063.583, 156
Trd, 000064.167, 156
Trd, 000064.600, 155
Trd, 000065.583, 151
Trd, 000066.267, 150
Trd, 000067.150, 155
Trd, 000067.317, 153
Trd, 000067.850, 155
Trd, 000068.250, 160
Trd, 000068.717, 160
Trd, 000070.300, 159
Trd, 000070.500, 160
Trd, 000071.333, 153
Trd, 000071.500, 161
Trd, 000072.217, 162
Trd, 000072.383, 158
Trd, 000073.717, 161
Trd, 000074.367, 160
Trd, 000074.383, 158
Trd, 000074.650, 161
Trd, 000075.133, 155
Trd, 000075.333, 154
Trd, 000075.767, 158
Trd, 000077.117, 156
Trd, 000077.950, 157
Trd, 000079.200, 157
Trd, 000079.750, 159
Trd, 000079.850, 160
Trd, 000080.100, 156
Trd, 000080.233, 164
Trd, 000080.700, 156
Trd, 000081.117, 157
Trd, 000081.167, 163
Trd, 000081.767, 155
Trd, 000082.017, 155
Trd, 000082.100, 154
Trd, 000083.117, 156
Trd, 000083.250, 169
Trd, 000085.150, 164
Trd, 000085.333, 160
Trd, 000086.217, 159
Trd, 000086.517, 159
Trd, 000086.783, 155
Trd, 000087.200, 155
Trd, 000087.300, 166
Trd, 000088.333, 145
Trd, 000088.517, 142
Trd, 000088.683, 152
Trd, 000088.750, 161
Trd, 000089.817, 160
Trd, 000091.333, 161
Trd, 000091.683, 160
Trd, 000092.633, 157
Trd, 000092.917, 158
Trd, 000093.150, 157
Trd, 000094.067, 154
Trd, 000094.200, 153
Trd, 000094.500, 159
Trd, 000095.983, 154
Trd, 000097.033, 147
Trd, 000097.950, 153
Trd, 000098.100, 152
Trd, 000098.117, 147
Trd, 000098.150, 154
Trd, 000098.267, 147
Trd, 000098.767, 156
Trd, 000099.433, 152
Trd, 000099.550, 152
Trd, 000100.983, 150
Trd, 000103.333, 150
Trd, 000103.617, 151
Trd, 000104.033, 152
Trd, 000104.883, 152
Trd, 000104.933, 151
Trd, 000105.183, 157
Trd, 000106.850, 155
Trd, 000106.967, 156
Trd, 000107.017, 153
Trd, 000107.500, 157
Trd, 000107.550, 158
Trd, 000107.800, 152
Trd, 000108.083, 163
Trd, 000109.017, 156
Trd, 000110.183, 160
Trd, 000110.517, 155
Trd, 000110.567, 154
Trd, 000111.383, 152
Trd, 000111.633, 143
Trd, 000111.950, 150
Trd, 000112.450, 145
Trd, 000113.083, 150
Trd, 000113.533, 151
Trd, 000113.617, 150
Trd, 000114.200, 162
Trd, 000115.050, 152
Trd, 000115.467, 153
Trd, 000116.000, 155
Trd, 000116.700, 155
Trd, 000118.800, 155
Trd, 000118.900, 153
Trd, 000119.717, 156
Trd, 000119.767, 156
Trd, 000120.300, 153
Trd, 000120.333, 153
Trd, 000120.617, 159
Trd, 000121.033, 154
Trd, 000122.167, 159
Trd, 000122.817, 155
Trd, 000123.000, 183
Trd, 000123.533, 152
Trd, 000124.000, 153
Trd, 000124.817, 156
Trd, 000125.750, 158
Trd, 000125.783, 156
Trd, 000127.117, 159
Trd, 000127.283, 158
Trd, 000127.650, 157
Trd, 000127.950, 160
Trd, 000129.317, 161
Trd, 000129.783, 156
Trd, 000129.833, 160
Trd, 000130.733, 158
Trd, 000130.817, 157
Trd, 000131.583, 158
Trd, 000132.017, 156
Trd, 000132.167, 156
Trd, 000132.450, 153
Trd, 000132.500, 158
Trd, 000133.033, 166
Trd, 000133.350, 168
Trd, 000133.517, 180
Trd, 000134.300, 161
Trd, 000134.483, 161
Trd, 000135.167, 160
Trd, 000135.233, 168
Trd, 000136.000, 161
Trd, 000137.067, 155
Trd, 000137.883, 159
Trd, 000138.167, 158
Trd, 000138.583, 159
Trd, 000138.983, 158
Trd, 000139.983, 153
Trd, 000140.333, 165
Trd, 000140.683, 153
Trd, 000140.883, 154
Trd, 000141.683, 163
Trd, 000141.883, 184
Trd, 000142.317, 158
Trd, 000142.917, 165
Trd, 000143.183, 164
Trd, 000143.300, 168
Trd, 000144.300, 162
Trd, 000146.200, 156
Trd, 000146.533, 153
Trd, 000146.583, 156
Trd, 000146.600, 157
Trd, 000146.667, 158
Trd, 000146.800, 152
Trd, 000147.883, 159
Trd, 000148.583, 152
Trd, 000148.950, 151
Trd, 000149.350, 157
Trd, 000150.317, 156
Trd, 000151.033, 176
Trd, 000151.433, 153
Trd, 000152.217, 159
Trd, 000153.117, 159
Trd, 000153.250, 157
Trd, 000153.933, 156
Trd, 000154.167, 158
Trd, 000154.733, 159
Trd, 000155.083, 167
Trd, 000157.267, 170
Trd, 000157.900, 167
Trd, 000158.067, 166
Trd, 000158.933, 167
Trd, 000159.067, 178
Trd, 000159.233, 167
Trd, 000159.850, 166
Trd, 000160.283, 166
Trd, 000160.600, 163
Trd, 000161.517, 157
Trd, 000161.983, 160
Trd, 000163.500, 164
Trd, 000163.667, 162
Trd, 000164.300, 162
Trd, 000164.600, 161
Trd, 000165.617, 161
Trd, 000166.200, 162
Trd, 000167.400, 164
Trd, 000168.333, 168
Trd, 000168.800, 165
Trd, 000168.900, 166
Trd, 000169.483, 176
Trd, 000169.900, 166
Trd, 000170.567, 165
Trd, 000170.967, 164
Trd, 000171.183, 170
Trd, 000171.383, 158
Trd, 000171.900, 174
Trd, 000172.183, 158
Trd, 000172.700, 154
Trd, 000173.283, 152
Trd, 000173.950, 158
Trd, 000175.433, 160
Trd, 000175.617, 156
Trd, 000176.383, 156
Trd, 000176.600, 159
Trd, 000176.733, 161
Trd, 000177.333, 165
Trd, 000177.400, 157
Trd, 000177.800, 156
Trd, 000178.933, 159
Trd, 000179.317, 162
Trd, 000179.883, 155
Trd, 000180.867, 166
Trd, 000181.150, 165
Trd, 000182.167, 161
Trd, 000182.350, 160
Trd, 000182.450, 165
Trd, 000183.000, 158
Trd, 000183.333, 165
Trd, 000184.050, 164
Trd, 000184.150, 159
Trd, 000184.533, 162
Trd, 000185.750, 164
Trd, 000185.883, 163
Trd, 000186.117, 165
Trd, 000186.500, 162
Trd, 000186.750, 161
Trd, 000188.450, 164
Trd, 000188.467, 162
Trd, 000188.600, 160
Trd, 000188.767, 155
Trd, 000188.817, 165
Trd, 000189.917, 165
Trd, 000191.250, 163
Trd, 000192.317, 164
Trd, 000192.767, 161
Trd, 000193.167, 164
Trd, 000193.683, 165
Trd, 000193.967, 166
Trd, 000195.000, 162
Trd, 000195.450, 166
Trd, 000197.200, 166
Trd, 000197.217, 167
Trd, 000197.733, 166
Trd, 000198.217, 165
Trd, 000198.717, 167
Trd, 000199.350, 167
Trd, 000199.967, 171
Trd, 000200.367, 168
Trd, 000200.483, 165
Trd, 000200.700, 163
Trd, 000202.017, 161
Trd, 000203.250, 163
Trd, 000203.900, 166
Trd, 000204.550, 168
Trd, 000206.100, 169
Trd, 000206.567, 169
Trd, 000207.083, 169
Trd, 000207.283, 169
Trd, 000207.400, 164
Trd, 000207.933, 167
Trd, 000207.950, 168
Trd, 000208.500, 169
Trd, 000209.100, 167
Trd, 000209.683, 164
Trd, 000209.933, 159
Trd, 000210.150, 170
Trd, 000210.533, 169
Trd, 000211.483, 164
Trd, 000212.333, 165
Trd, 000212.450, 169
Trd, 000213.033, 164
Trd, 000213.067, 169
Trd, 000214.100, 167
Trd, 000214.333, 166
Trd, 000214.383, 169
Trd, 000214.500, 166
Trd, 000216.517, 165
Trd, 000216.967, 164
Trd, 000217.633, 169
Trd, 000217.850, 181
Trd, 000220.367, 175
Trd, 000221.233, 175
Trd, 000221.600, 174
Trd, 000221.767, 173
Trd, 000221.900, 183
Trd, 000222.033, 173
Trd, 000222.283, 179
Trd, 000222.417, 170
Trd, 000222.450, 167
Trd, 000222.767, 167
Trd, 000223.150, 156
Trd, 000224.300, 171
Trd, 000225.267, 167
Trd, 000225.583, 170
Trd, 000226.133, 171
Trd, 000226.800, 166
Trd, 000227.300, 173
Trd, 000227.417, 165
Trd, 000227.700, 174
Trd, 000228.267, 186
Trd, 000228.283, 166
Trd, 000229.950, 177
Trd, 000230.067, 175
Trd, 000230.200, 175
Trd, 000230.250, 182
Trd, 000231.700, 184
Trd, 000232.517, 186
Trd, 000233.933, 173
Trd, 000234.217, 184
Trd, 000234.733, 177
Trd, 000234.850, 175
Trd, 000234.867, 174
Trd, 000236.583, 171
Trd, 000236.817, 173
Trd, 000237.333, 171
Trd, 000237.683, 161
Trd, 000237.983, 161
Trd, 000238.750, 165
Trd, 000239.283, 165
Trd, 000239.967, 171
Trd, 000240.367, 168
Trd, 000240.667, 167
Trd, 000240.733, 165
Trd, 000241.600, 166
Trd, 000241.833, 165
Trd, 000241.917, 164
Trd, 000242.267, 165
Trd, 000242.583, 165
Trd, 000243.283, 168
Trd, 000243.850, 172
Trd, 000243.917, 169
Trd, 000245.100, 167
Trd, 000245.250, 166
Trd, 000245.267, 165
Trd, 000245.617, 164
Trd, 000246.317, 164
Trd, 000246.700, 167
Trd, 000246.867, 167
Trd, 000248.133, 170
Trd, 000248.617, 170
Trd, 000248.850, 170
Trd, 000249.217, 173
Trd, 000249.350, 170
Trd, 000249.800, 169
Trd, 000249.983, 166
Trd, 000250.617, 166
Trd, 000251.200, 166
Trd, 000251.367, 168
Trd, 000251.533, 169
Trd, 000251.617, 166
Trd, 000251.917, 177
Trd, 000251.950, 162
Trd, 000252.500, 186
Trd, 000253.400, 176
Trd, 000253.567, 181
Trd, 000254.350, 178
Trd, 000255.317, 178
Trd, 000255.383, 177
Trd, 000256.100, 172
Trd, 000256.733, 176
Trd, 000257.000, 172
Trd, 000257.017, 171
Trd, 000257.567, 171
Trd, 000257.933, 173
Trd, 000257.967, 170
Trd, 000259.150, 169
Trd, 000259.317, 172
Trd, 000259.633, 174
Trd, 000259.983, 174
Trd, 000260.000, 157
Trd, 000260.700, 163
Trd, 000260.817, 187
Trd, 000261.267, 168
Trd, 000262.983, 169
Trd, 000263.650, 164
Trd, 000263.900, 165
Trd, 000264.000, 170
Trd, 000264.483, 167
Trd, 000265.700, 171
Trd, 000265.817, 167
Trd, 000266.150, 171
Trd, 000266.400, 166
Trd, 000266.500, 164
Trd, 000266.717, 164
Trd, 000266.900, 171
Trd, 000267.517, 169
Trd, 000267.950, 177
Trd, 000269.117, 174
Trd, 000269.367, 171
Trd, 000269.383, 166
Trd, 000269.950, 170
Trd, 000270.383, 175
Trd, 000270.467, 168
Trd, 000270.783, 174
Trd, 000271.250, 169
Trd, 000272.417, 176
Trd, 000272.550, 188
Trd, 000272.600, 189
Trd, 000273.300, 197
Trd, 000273.683, 192
Trd, 000274.133, 190
Trd, 000274.533, 195
Trd, 000274.600, 185
Trd, 000274.967, 164
Trd, 000275.900, 181
Trd, 000276.100, 185
Trd, 000276.467, 183
Trd, 000276.717, 183
Trd, 000276.750, 184
Trd, 000277.400, 181
Trd, 000277.517, 184
Trd, 000278.300, 190
Trd, 000279.333, 181
Trd, 000279.467, 173
Trd, 000279.617, 166
Trd, 000280.417, 170
Trd, 000281.017, 172
Trd, 000281.033, 167
Trd, 000281.217, 173
Trd, 000281.350, 173
Trd, 000281.900, 168
Trd, 000282.167, 172
Trd, 000282.433, 182
Trd, 000282.833, 169
Trd, 000283.450, 185
Trd, 000284.000, 191
Trd, 000284.317, 184
Trd, 000284.450, 184
Trd, 000284.867, 181
Trd, 000285.000, 180
Trd, 000285.600, 179
Trd, 000285.783, 166
Trd, 000287.467, 177
Trd, 000287.783, 177
Trd, 000287.950, 192
Trd, 000288.383, 189
Trd, 000288.517, 187
Trd, 000288.900, 178
Trd, 000289.150, 176
Trd, 000289.467, 189
Trd, 000290.100, 181
Trd, 000290.383, 180
Trd, 000290.833, 188
Trd, 000291.167, 180
Trd, 000291.850, 176
Trd, 000292.150, 188
Trd, 000292.967, 180
Trd, 000293.250, 189
Trd, 000294.050, 187
Trd, 000294.467, 179
Trd, 000294.550, 199
Trd, 000295.217, 189
Trd, 000295.633, 180
Trd, 000296.117, 189
Trd, 000296.317, 178
Trd, 000296.450, 176
Trd, 000296.650, 168
Trd, 000296.983, 167
Trd, 000297.250, 188
Trd, 000297.317, 163
Trd, 000297.600, 165
Trd, 000298.233, 186
Trd, 000298.717, 185
Trd, 000299.150, 200
Trd, 000299.367, 172
Trd, 000299.467, 192
Trd, 000299.717, 181
Trd, 000299.933, 177
