Trd, 000001.383, 137
Trd, 000001.867, 138
Trd, 000003.567, 127
Trd, 000003.933, 144
Trd, 000003.983, 158
Trd, 000004.517, 167
Trd, 000004.867, 154
Trd, 000005.117, 148
Trd, 000005.767, 163
Trd, 000005.967, 162
Trd, 000006.533, 160
Trd, 000007.000, 144
Trd, 000007.133, 164
Trd, 000007.833, 178
Trd, 000008.033, 178
Trd, 000008.150, 177
Trd, 000008.483, 163
Trd, 000009.100, 161
Trd, 000009.233, 158
Trd, 000009.300, 161
Trd, 000009.633, 158
Trd, 000009.967, 163
Trd, 000011.333, 146
Trd, 000011.750, 144
Trd, 000011.783, 145
Trd, 000011.883, 156
Trd, 000012.100, 142
Trd, 000012.483, 153
Trd, 000012.600, 142
Trd, 000012.833, 145
Trd, 000013.517, 147
Trd, 000014.100, 147
Trd, 000015.433, 150
Trd, 000015.500, 164
Trd, 000015.917, 152
Trd, 000017.133, 161
Trd, 000018.650, 154
Trd, 000018.733, 153
Trd, 000019.200, 155
Trd, 000019.333, 151
Trd, 000019.450, 158
Trd, 000019.567, 163
Trd, 000019.917, 145
Trd, 000021.000, 149
Trd, 000021.283, 150
Trd, 000021.400, 150
Trd, 000021.767, 149
Trd, 000023.167, 151
Trd, 000023.217, 159
Trd, 000023.250, 150
Trd, 000023.633, 160
Trd, 000023.717, 149
Trd, 000024.000, 143
Trd, 000024.267, 151
Trd, 000024.383, 152
Trd, 000024.700, 143
Trd, 000024.767, 153
Trd, 000025.267, 144
Trd, 000026.000, 157
Trd, 000027.567, 147
Trd, 000027.800, 147
Trd, 000028.967, 148
Trd, 000029.133, 151
Trd, 000030.067, 147
Trd, 000030.400, 153
Trd, 000030.733, 147
Trd, 000030.867, 154
Trd, 000031.483, 146
Trd, 000031.583, 154
Trd, 000032.500, 146
Trd, 000033.033, 152
Trd, 000033.200, 154
Trd, 000033.517, 153
Trd, 000034.300, 146
Trd, 000034.483, 146
Trd, 000035.183, 147
Trd, 000035.450, 147
Trd, 000036.083, 150
Trd, 000036.200, 150
Trd, 000036.867, 151
Trd, 000036.900, 151
Trd, 000038.483, 151
Trd, 000039.167, 148
Trd, 000040.500, 151
Trd, 000040.550, 154
Trd, 000040.733, 150
Trd, 000040.750, 149
Trd, 000041.250, 148
Trd, 000041.567, 147
Trd, 000042.000, 153
Trd, 000042.567, 145
Trd, 000042.950, 141
Trd, 000043.783, 142
Trd, 000043.867, 142
Trd, 000044.083, 134
Trd, 000044.933, 142
Trd, 000045.433, 153
Trd, 000045.700, 153
Trd, 000046.067, 154
Trd, 000046.133, 155
Trd, 000046.250, 159
Trd, 000047.050, 150
Trd, 000048.583, 151
Trd, 000048.683, 157
Trd, 000048.867, 158
Trd, 000048.933, 151
Trd, 000049.067, 160
Trd, 000049.550, 152
Trd, 000049.900, 151
Trd, 000050.550, 155
Trd, 000051.583, 150
Trd, 000051.633, 145
Trd, 000052.683, 148
Trd, 000053.300, 153
Trd, 000053.467, 148
Trd, 000054.400, 152
Trd, 000055.383, 149
Trd, 000055.467, 148
Trd, 000055.950, 151
Trd, 000056.967, 148
Trd, 000057.000, 148
Trd, 000057.083, 150
Trd, 000057.450, 147
Trd, 000057.517, 149
Trd, 000058.117, 152
Trd, 000058.200, 153
Trd, 000058.700, 156
Trd, 000059.033, 155
Trd, 000059.067, 151
Trd, 000060.217, 153
Trd, 000060.417, 157
Trd, 000061.050, 156
Trd, 000061.150, 160
Trd, 000062.500, 151
Trd, 000062.633, 157
Trd, 000064.117, 151
Trd, 000064.550, 149
Trd, 000065.617, 148
Trd, 000065.717, 149
Trd, 000065.883, 150
Trd, 000066.167, 149
Trd, 000066.283, 152
Trd, 000066.900, 149
Trd, 000067.350, 148
Trd, 000067.567, 154
Trd, 000067.833, 148
Trd, 000067.933, 161
Trd, 000068.200, 161
Trd, 000068.367, 162
Trd, 000069.117, 147
Trd, 000069.433, 156
Trd, 000070.400, 151
Trd, 000070.883, 151
Trd, 000071.800, 157
Trd, 000072.267, 156
Trd, 000073.167, 154
Trd, 000073.217, 153
Trd, 000073.367, 152
Trd, 000074.200, 156
Trd, 000074.233, 153
Trd, 000075.400, 157
Trd, 000075.433, 152
Trd, 000075.667, 157
Trd, 000076.600, 151
Trd, 000076.717, 150
Trd, 000076.883, 151
Trd, 000077.067, 159
Trd, 000077.117, 163
Trd, 000078.950, 150
Trd, 000079.333, 159
Trd, 000079.583, 150
Trd, 000080.267, 150
Trd, 000080.433, 151
Trd, 000080.467, 152
Trd, 000080.533, 157
Trd, 000080.933, 159
Trd, 000081.017, 151
Trd, 000081.283, 149
Trd, 000081.433, 148
Trd, 000081.933, 135
Trd, 000083.417, 145
Trd, 000084.300, 149
Trd, 000085.200, 147
Trd, 000085.617, 148
Trd, 000086.017, 149
Trd, 000086.183, 148
Trd, 000086.400, 152
Trd, 000086.517, 153
Trd, 000087.400, 157
Trd, 000087.450, 150
Trd, 000087.883, 159
Trd, 000089.450, 154
Trd, 000089.517, 152
Trd, 000090.417, 153
Trd, 000090.800, 155
Trd, 000090.833, 152
Trd, 000090.950, 151
Trd, 000091.867, 154
Trd, 000092.000, 153
Trd, 000092.683, 150
Trd, 000092.800, 153
Trd, 000093.200, 152
Trd, 000094.800, 153
Trd, 000095.067, 149
Trd, 000095.450, 150
Trd, 000096.250, 156
Trd, 000096.517, 154
Trd, 000097.483, 154
Trd, 000098.017, 152
Trd, 000098.583, 155
Trd, 000098.950, 152
Trd, 000099.100, 154
Trd, 000100.483, 155
Trd, 000100.533, 158
Trd, 000100.917, 155
Trd, 000102.017, 161
Trd, 000102.033, 155
Trd, 000102.250, 166
Trd, 000102.717, 167
Trd, 000102.917, 168
Trd, 000103.483, 165
Trd, 000103.817, 156
Trd, 000105.850, 156
Trd, 000106.100, 160
Trd, 000106.700, 160
Trd, 000106.933, 156
Trd, 000107.133, 155
Trd, 000107.900, 159
Trd, 000108.183, 157
Trd, 000108.483, 159
Trd, 000109.050, 161
Trd, 000109.200, 157
Trd, 000109.867, 158
Trd, 000109.983, 162
Trd, 000110.900, 157
Trd, 000111.500, 155
Trd, 000112.983, 154
Trd, 000113.050, 156
Trd, 000113.150, 158
Trd, 000113.600, 159
Trd, 000114.683, 155
Trd, 000115.283, 159
Trd, 000115.317, 159
Trd, 000115.583, 155
Trd, 000115.617, 156
Trd, 000116.767, 154
Trd, 000117.017, 153
Trd, 000117.417, 158
Trd, 000118.283, 157
Trd, 000119.083, 158
Trd, 000120.350, 156
Trd, 000120.500, 155
Trd, 000120.517, 155
Trd, 000121.283, 155
Trd, 000121.750, 155
Trd, 000122.150, 156
Trd, 000122.517, 156
Trd, 000123.000, 156
Trd, 000123.383, 155
Trd, 000123.400, 154
Trd, 000123.867, 156
Trd, 000124.617, 160
Trd, 000124.667, 163
Trd, 000125.567, 156
Trd, 000127.033, 163
Trd, 000127.067, 166
Trd, 000127.483, 158
Trd, 000128.433, 161
Trd, 000129.833, 162
Trd, 000129.867, 164
Trd, 000130.400, 161
Trd, 000131.550, 160
Trd, 000131.933, 160
Trd, 000132.983, 161
Trd, 000133.333, 161
Trd, 000133.383, 164
Trd, 000133.583, 156
Trd, 000133.867, 167
Trd, 000133.983, 164
Trd, 000134.300, 159
Trd, 000134.550, 160
Trd, 000134.650, 165
Trd, 000135.900, 161
Trd, 000136.100, 159
Trd, 000136.183, 159
Trd, 000136.200, 154
Trd, 000137.083, 162
Trd, 000138.733, 157
Trd, 000138.967, 156
Trd, 000139.533, 156
Trd, 000140.200, 157
Trd, 000140.917, 157
Trd, 000141.517, 155
Trd, 000141.650, 158
Trd, 000141.750, 158
Trd, 000142.150, 162
Trd, 000142.250, 169
Trd, 000142.533, 154
Trd, 000143.083, 156
Trd, 000143.600, 163
Trd, 000144.200, 165
Trd, 000144.783, 158
Trd, 000144.933, 167
Trd, 000144.983, 156
Trd, 000145.417, 163
Trd, 000145.683, 158
Trd, 000145.967, 171
Trd, 000146.667, 171
Trd, 000147.983, 166
Trd, 000148.883, 171
Trd, 000150.267, 168
Trd, 000150.350, 170
Trd, 000150.383, 165
Trd, 000150.483, 172
Trd, 000150.583, 165
Trd, 000150.733, 164
Trd, 000150.750, 183
Trd, 000151.167, 159
Trd, 000151.933, 163
Trd, 000153.617, 163
Trd, 000153.983, 164
Trd, 000154.367, 163
Trd, 000155.233, 162
Trd, 000155.817, 164
Trd, 000156.100, 165
Trd, 000156.283, 166
Trd, 000157.083, 164
Trd, 000157.467, 163
Trd, 000157.850, 166
Trd, 000157.917, 166
Trd, 000158.233, 167
Trd, 000158.567, 170
Trd, 000159.300, 163
Trd, 000159.500, 163
Trd, 000159.950, 165
Trd, 000159.967, 162
Trd, 000160.317, 168
Trd, 000161.450, 166
Trd, 000162.200, 165
Trd, 000162.267, 166
Trd, 000162.450, 157
Trd, 000163.000, 159
Trd, 000163.300, 159
Trd, 000163.333, 160
Trd, 000163.383, 158
Trd, 000164.167, 140
Trd, 000165.050, 143
Trd, 000165.733, 165
Trd, 000167.283, 156
Trd, 000167.533, 157
Trd, 000167.783, 159
Trd, 000168.250, 161
Trd, 000168.450, 158
Trd, 000169.100, 161
Trd, 000169.117, 165
Trd, 000169.300, 161
Trd, 000169.967, 159
Trd, 000170.450, 170
Trd, 000171.100, 164
Trd, 000172.150, 163
Trd, 000172.250, 161
Trd, 000172.417, 161
Trd, 000172.750, 162
Trd, 000173.517, 158
Trd, 000173.733, 144
Trd, 000174.567, 166
Trd, 000174.733, 170
Trd, 000175.783, 168
Trd, 000176.267, 170
Trd, 000177.017, 162
Trd, 000178.117, 165
Trd, 000178.150, 163
Trd, 000179.183, 168
Trd, 000179.567, 162
Trd, 000180.383, 163
Trd, 000180.800, 166
Trd, 000181.017, 166
Trd, 000181.217, 165
Trd, 000181.767, 161
Trd, 000182.783, 165
Trd, 000183.300, 167
Trd, 000183.483, 169
Trd, 000183.500, 164
Trd, 000184.083, 173
Trd, 000184.367, 174
Trd, 000184.533, 175
Trd, 000186.367, 171
Trd, 000186.583, 165
Trd, 000188.217, 168
Trd, 000189.383, 166
Trd, 000190.333, 164
Trd, 000190.983, 167
Trd, 000191.083, 164
Trd, 000191.900, 163
Trd, 000192.017, 162
Trd, 000192.467, 159
Trd, 000192.683, 162
Trd, 000193.450, 163
Trd, 000193.517, 164
Trd, 000194.400, 165
Trd, 000195.100, 162
Trd, 000195.267, 165
Trd, 000195.417, 163
Trd, 000196.450, 161
Trd, 000196.617, 167
Trd, 000197.333, 160
Trd, 000197.417, 174
Trd, 000198.333, 167
Trd, 000198.967, 168
Trd, 000199.383, 170
Trd, 000199.817, 168
Trd, 000199.900, 171
Trd, 000201.083, 166
Trd, 000201.133, 165
Trd, 000201.633, 165
Trd, 000201.667, 163
Trd, 000202.467, 167
Trd, 000202.717, 170
Trd, 000202.767, 164
Trd, 000203.600, 157
Trd, 000203.667, 168
Trd, 000204.000, 167
Trd, 000205.200, 162
Trd, 000205.283, 166
Trd, 000205.367, 166
Trd, 000205.433, 175
Trd, 000205.700, 161
Trd, 000206.900, 176
Trd, 000206.950, 165
Trd, 000208.850, 167
Trd, 000208.900, 167
Trd, 000209.383, 171
Trd, 000209.533, 172
Trd, 000209.583, 173
Trd, 000210.133, 175
Trd, 000210.250, 178
Trd, 000210.433, 170
Trd, 000210.733, 179
Trd, 000210.967, 179
Trd, 000211.350, 170
Trd, 000212.233, 170
Trd, 000213.233, 165
Trd, 000213.250, 164
Trd, 000213.767, 169
Trd, 000214.550, 152
Trd, 000214.783, 149
Trd, 000215.067, 156
Trd, 000215.450, 152
Trd, 000215.617, 152
Trd, 000216.133, 158
Trd, 000216.367, 158
Trd, 000216.533, 162
Trd, 000217.400, 161
Trd, 000217.733, 163
Trd, 000218.050, 169
Trd, 000218.233, 162
Trd, 000219.383, 170
Trd, 000219.583, 172
Trd, 000220.517, 179
Trd, 000222.083, 166
Trd, 000222.400, 165
Trd, 000222.517, 170
Trd, 000223.017, 170
Trd, 000223.717, 169
Trd, 000223.833, 167
Trd, 000224.067, 173
Trd, 000224.133, 174
Trd, 000224.650, 178
Trd, 000225.700, 180
Trd, 000225.717, 178
Trd, 000226.350, 180
Trd, 000226.533, 174
Trd, 000227.067, 171
Trd, 000227.517, 178
Trd, 000229.117, 171
Trd, 000229.633, 171
Trd, 000230.217, 175
Trd, 000230.917, 171
Trd, 000231.433, 173
Trd, 000232.100, 171
Trd, 000232.717, 173
Trd, 000232.933, 173
Trd, 000233.000, 174
Trd, 000233.600, 167
Trd, 000233.617, 173
Trd, 000233.983, 167
Trd, 000234.683, 166
Trd, 000235.317, 169
Trd, 000236.283, 170
Trd, 000237.233, 169
Trd, 000237.800, 171
Trd, 000238.050, 169
Trd, 000238.483, 171
Trd, 000239.500, 172
Trd, 000239.517, 169
Trd, 000239.850, 168
Trd, 000239.983, 168
Trd, 000240.267, 167
Trd, 000241.000, 170
Trd, 000241.033, 172
Trd, 000241.200, 172
Trd, 000242.400, 171
Trd, 000242.433, 174
Trd, 000242.583, 169
Trd, 000242.767, 175
Trd, 000243.183, 172
Trd, 000243.467, 169
Trd, 000243.867, 167
Trd, 000244.850, 174
Trd, 000244.933, 177
Trd, 000245.150, 170
Trd, 000246.400, 180
Trd, 000246.550, 174
Trd, 000246.867, 185
Trd, 000246.933, 178
Trd, 000247.850, 176
Trd, 000248.483, 177
Trd, 000248.633, 177
Trd, 000248.933, 176
Trd, 000249.067, 176
Trd, 000249.367, 179
Trd, 000249.817, 174
Trd, 000250.383, 178
Trd, 000250.900, 168
Trd, 000250.967, 178
Trd, 000250.983, 180
Trd, 000251.383, 169
Trd, 000251.967, 169
Trd, 000252.267, 166
Trd, 000252.533, 169
Trd, 000252.717, 162
Trd, 000252.967, 170
Trd, 000255.617, 170
Trd, 000255.717, 169
Trd, 000255.867, 173
Trd, 000256.250, 168
Trd, 000258.167, 172
Trd, 000258.617, 170
Trd, 000259.250, 172
Trd, 000259.333, 171
Trd, 000259.600, 174
Trd, 000259.717, 177
Trd, 000260.183, 176
Trd, 000260.217, 172
Trd, 000260.967, 171
Trd, 000261.000, 172
Trd, 000261.300, 174
Trd, 000261.467, 176
Trd, 000262.367, 170
Trd, 000263.617, 174
Trd, 000263.933, 177
Trd, 000264.567, 170
Trd, 000264.983, 173
Trd, 000265.233, 172
Trd, 000265.250, 169
Trd, 000265.450, 182
Trd, 000265.567, 189
Trd, 000266.517, 184
Trd, 000266.733, 185
Trd, 000266.767, 169
Trd, 000268.200, 181
Trd, 000268.850, 177
Trd, 000269.283, 179
Trd, 000269.683, 170
Trd, 000270.167, 181
Trd, 000270.283, 181
Trd, 000270.650, 174
Trd, 000270.850, 174
Trd, 000271.250, 172
Trd, 000271.483, 168
Trd, 000271.650, 178
Trd, 000273.133, 171
Trd, 000273.633, 175
Trd, 000273.817, 170
Trd, 000273.833, 169
Trd, 000274.217, 169
Trd, 000274.350, 168
Trd, 000274.667, 164
Trd, 000274.800, 174
Trd, 000275.217, 182
Trd, 000275.583, 190
Trd, 000275.683, 184
Trd, 000276.067, 175
Trd, 000277.417, 182
Trd, 000278.467, 178
Trd, 000278.500, 179
Trd, 000279.667, 167
Trd, 000279.867, 176
Trd, 000280.600, 170
Trd, 000280.750, 169
Trd, 000280.933, 172
Trd, 000281.017, 174
Trd, 000281.350, 171
Trd, 000281.483, 174
Trd, 000281.717, 176
Trd, 000281.733, 171
Trd, 000282.317, 176
Trd, 000282.717, 177
Trd, 000282.900, 176
Trd, 000283.217, 175
Trd, 000283.600, 172
Trd, 000284.650, 176
Trd, 000284.800, 179
Trd, 000285.450, 184
Trd, 000285.483, 186
Trd, 000285.500, 174
Trd, 000286.733, 173
Trd, 000287.167, 171
Trd, 000287.383, 172
Trd, 000287.417, 171
Trd, 000287.900, 179
Trd, 000288.117, 176
Trd, 000288.867, 175
Trd, 000288.900, 174
Trd, 000289.083, 173
Trd, 000290.117, 176
Trd, 000290.433, 177
Trd, 000290.533, 172
Trd, 000290.750, 177
Trd, 000292.333, 171
Trd, 000292.367, 171
Trd, 000292.633, 179
Trd, 000293.783, 178
Trd, 000294.083, 178
Trd, 000294.100, 170
Trd, 000294.200, 180
Trd, 000294.517, 173
Trd, 000294.867, 179
Trd, 000294.900, 169
Trd, 000295.300, 167
Trd, 000295.617, 167
Trd, 000296.000, 187
Trd, 000296.250, 161
Trd, 000297.350, 174
Trd, 000298.067, 177
Trd, 000298.433, 177
Trd, 000298.967, 170
Trd, 000299.450, 178
Trd, 000299.883, 176
