Trd, 000002.717, 145
Trd, 000002.850, 147
Trd, 000004.267, 131
Trd, 000004.650, 140
Trd, 000005.233, 144
Trd, 000005.950, 132
Trd, 000006.133, 148
Trd, 000006.150, 147
Trd, 000006.383, 132
Trd, 000007.350, 145
Trd, 000008.300, 150
Trd, 000008.833, 149
Trd, 000008.883, 151
Trd, 000009.800, 149
Trd, 000010.600, 152
Trd, 000010.950, 158
Trd, 000011.133, 159
Trd, 000011.733, 163
Trd, 000013.167, 158
Trd, 000013.583, 157
Trd, 000014.700, 157
Trd, 000015.250, 158
Trd, 000015.533, 157
Trd, 000016.283, 156
Trd, 000016.617, 158
Trd, 000017.200, 155
Trd, 000017.283, 156
Trd, 000018.100, 157
Trd, 000019.167, 156
Trd, 000019.733, 154
Trd, 000020.133, 154
Trd, 000020.600, 154
Trd, 000020.983, 157
Trd, 000022.033, 158
Trd, 000022.300, 156
Trd, 000022.317, 157
Trd, 000022.700, 139
Trd, 000023.200, 158
Trd, 000023.333, 158
Trd, 000024.117, 145
Trd, 000024.900, 146
Trd, 000025.983, 148
Trd, 000026.550, 153
Trd, 000027.500, 151
Trd, 000027.750, 152
Trd, 000028.367, 160
Trd, 000028.567, 156
Trd, 000029.850, 163
Trd, 000030.117, 160
Trd, 000030.600, 159
Trd, 000030.733, 164
Trd, 000032.467, 159
Trd, 000032.567, 160
Trd, 000032.700, 160
Trd, 000032.733, 158
Trd, 000033.050, 155
Trd, 000033.233, 154
Trd, 000033.267, 140
Trd, 000033.583, 137
Trd, 000033.950, 160
Trd, 000034.583, 159
Trd, 000034.733, 158
Trd, 000034.783, 160
Trd, 000036.667, 143
Trd, 000037.217, 144
Trd, 000037.917, 129
Trd, 000038.917, 132
Trd, 000039.017, 131
Trd, 000039.150, 135
Trd, 000040.567, 138
Trd, 000041.717, 141
Trd, 000042.233, 141
Trd, 000042.317, 148
Trd, 000042.517, 138
Trd, 000042.767, 139
Trd, 000043.350, 152
Trd, 000043.850, 155
Trd, 000043.900, 159
Trd, 000045.100, 142
Trd, 000045.483, 138
Trd, 000047.250, 144
Trd, 000048.183, 144
Trd, 000048.283, 149
Trd, 000048.567, 150
Trd, 000048.767, 153
Trd, 000048.900, 156
Trd, 000049.600, 146
Trd, 000050.200, 149
Trd, 000051.450, 145
Trd, 000051.917, 139
Trd, 000052.750, 144
Trd, 000053.000, 144
Trd, 000053.200, 145
Trd, 000053.967, 149
Trd, 000054.650, 148
Trd, 000055.350, 153
Trd, 000055.533, 157
Trd, 000055.550, 160
Trd, 000056.350, 163
Trd, 000057.400, 151
Trd, 000059.400, 153
Trd, 000059.783, 149
Trd, 000059.833, 154
Trd, 000060.233, 152
Trd, 000060.300, 151
Trd, 000063.233, 150
Trd, 000063.600, 150
Trd, 000064.300, 149
Trd, 000064.767, 150
Trd, 000065.200, 144
Trd, 000065.450, 150
Trd, 000065.567, 151
Trd, 000065.867, 154
Trd, 000066.517, 155
Trd, 000066.883, 157
Trd, 000067.417, 161
Trd, 000068.233, 153
Trd, 000069.200, 152
Trd, 000069.333, 155
Trd, 000069.450, 156
Trd, 000070.117, 155
Trd, 000071.783, 154
Trd, 000072.683, 158
Trd, 000072.900, 164
Trd, 000073.900, 155
Trd, 000074.350, 154
Trd, 000074.433, 155
Trd, 000074.717, 150
Trd, 000075.517, 152
Trd, 000075.967, 153
Trd, 000076.683, 160
Trd, 000076.783, 150
Trd, 000077.767, 164
Trd, 000078.383, 165
Trd, 000079.133, 160
Trd, 000080.183, 159
Trd, 000081.233, 161
Trd, 000081.400, 162
Trd, 000081.517, 161
Trd, 000081.800, 163
Trd, 000083.000, 156
Trd, 000083.133, 157
Trd, 000083.283, 155
Trd, 000084.633, 146
Trd, 000084.750, 157
Trd, 000084.817, 159
Trd, 000084.967, 162
Trd, 000086.900, 164
Trd, 000087.433, 146
Trd, 000087.650, 156
Trd, 000087.917, 146
Trd, 000088.717, 156
Trd, 000089.000, 157
Trd, 000089.583, 147
Trd, 000090.433, 150
Trd, 000090.833, 159
Trd, 000091.633, 160
Trd, 000091.650, 146
Trd, 000092.017, 163
Trd, 000093.033, 159
Trd, 000093.550, 161
Trd, 000094.050, 164
Trd, 000095.033, 159
Trd, 000095.333, 158
Trd, 000095.750, 160
Trd, 000095.817, 158
Trd, 000097.117, 158
Trd, 000097.467, 159
Trd, 000098.350, 160
Trd, 000099.017, 158
Trd, 000099.317, 161
Trd, 000099.883, 162
Trd, 000099.917, 158
Trd, 000100.650, 164
Trd, 000101.833, 164
Trd, 000102.317, 163
Trd, 000102.867, 157
Trd, 000103.433, 157
Trd, 000103.467, 158
Trd, 000103.850, 157
Trd, 000104.533, 154
Trd, 000105.650, 149
Trd, 000105.900, 159
Trd, 000107.350, 159
Trd, 000107.467, 152
Trd, 000107.667, 147
Trd, 000107.883, 162
Trd, 000108.267, 161
Trd, 000108.817, 171
Trd, 000110.533, 156
Trd, 000111.217, 154
Trd, 000111.500, 158
Trd, 000111.633, 159
Trd, 000111.950, 166
Trd, 000112.983, 153
Trd, 000114.217, 159
Trd, 000114.817, 164
Trd, 000116.150, 164
Trd, 000116.383, 166
Trd, 000116.583, 162
Trd, 000117.067, 166
Trd, 000117.267, 166
Trd, 000118.100, 165
Trd, 000118.550, 167
Trd, 000118.583, 167
Trd, 000119.183, 172
Trd, 000119.217, 161
Trd, 000119.667, 171
Trd, 000120.933, 171
Trd, 000121.517, 171
Trd, 000121.600, 173
Trd, 000123.167, 173
Trd, 000123.550, 174
Trd, 000124.067, 171
Trd, 000124.633, 174
Trd, 000124.700, 172
Trd, 000125.100, 173
Trd, 000125.950, 172
Trd, 000126.150, 172
Trd, 000127.033, 147
Trd, 000127.817, 160
Trd, 000129.633, 160
Trd, 000129.800, 161
Trd, 000130.450, 161
Trd, 000131.150, 160
Trd, 000131.167, 161
Trd, 000132.567, 162
Trd, 000132.600, 164
Trd, 000133.117, 169
Trd, 000133.217, 171
Trd, 000133.467, 163
Trd, 000134.150, 168
Trd, 000134.633, 168
Trd, 000135.800, 165
Trd, 000136.117, 172
Trd, 000136.200, 173
Trd, 000136.933, 174
Trd, 000137.800, 175
Trd, 000137.967, 175
Trd, 000138.617, 172
Trd, 000140.183, 171
Trd, 000140.367, 172
Trd, 000140.767, 171
Trd, 000140.817, 173
Trd, 000141.117, 172
Trd, 000141.500, 170
Trd, 000141.817, 169
Trd, 000142.083, 162
Trd, 000144.500, 158
Trd, 000144.983, 159
Trd, 000145.233, 161
Trd, 000145.467, 162
Trd, 000145.683, 149
Trd, 000146.200, 165
Trd, 000146.450, 149
Trd, 000148.250, 152
Trd, 000148.400, 160
Trd, 000150.583, 157
Trd, 000150.700, 159
Trd, 000151.067, 163
Trd, 000151.233, 161
Trd, 000151.533, 155
Trd, 000153.000, 163
Trd, 000153.783, 160
Trd, 000153.983, 160
Trd, 000154.167, 161
Trd, 000155.050, 153
Trd, 000157.017, 165
Trd, 000158.267, 165
Trd, 000158.983, 170
Trd, 000159.100, 173
Trd, 000159.750, 171
Trd, 000160.067, 162
Trd, 000160.300, 159
Trd, 000161.050, 172
Trd, 000162.433, 168
Trd, 000162.500, 164
Trd, 000162.700, 168
Trd, 000162.817, 170
Trd, 000163.133, 164
Trd, 000164.433, 164
Trd, 000165.133, 168
Trd, 000165.217, 168
Trd, 000165.383, 164
Trd, 000165.883, 164
Trd, 000166.483, 153
Trd, 000167.017, 167
Trd, 000167.567, 169
Trd, 000167.667, 168
Trd, 000168.067, 168
Trd, 000168.800, 171
Trd, 000169.467, 160
Trd, 000170.633, 162
Trd, 000170.933, 170
Trd, 000171.900, 172
Trd, 000172.500, 165
Trd, 000173.917, 166
Trd, 000174.483, 167
Trd, 000174.600, 167
Trd, 000174.900, 168
Trd, 000175.200, 169
Trd, 000175.667, 172
Trd, 000175.817, 155
Trd, 000176.667, 174
Trd, 000178.017, 171
Trd, 000178.133, 152
Trd, 000179.317, 163
Trd, 000179.350, 165
Trd, 000179.650, 166
Trd, 000179.867, 156
Trd, 000180.133, 168
Trd, 000181.033, 169
Trd, 000182.233, 166
Trd, 000182.283, 166
Trd, 000182.750, 166
Trd, 000183.083, 166
Trd, 000183.167, 179
Trd, 000184.217, 172
Trd, 000185.167, 167
Trd, 000186.350, 172
Trd, 000186.683, 167
Trd, 000186.967, 173
Trd, 000187.367, 173
Trd, 000187.833, 173
Trd, 000187.917, 166
Trd, 000189.450, 156
Trd, 000190.050, 174
Trd, 000190.133, 176
Trd, 000190.617, 167
Trd, 000190.900, 152
Trd, 000193.400, 163
Trd, 000193.783, 162
Trd, 000194.167, 162
Trd, 000194.417, 163
Trd, 000195.867, 163
Trd, 000195.900, 159
Trd, 000196.133, 167
Trd, 000196.583, 170
Trd, 000197.050, 175
Trd, 000199.400, 168
Trd, 000199.517, 169
Trd, 000200.017, 166
Trd, 000200.367, 168
Trd, 000200.733, 168
Trd, 000200.983, 170
Trd, 000201.417, 159
Trd, 000201.467, 171
Trd, 000202.117, 168
Trd, 000203.083, 168
Trd, 000204.267, 163
Trd, 000204.400, 171
Trd, 000204.967, 174
Trd, 000206.233, 168
Trd, 000206.483, 164
Trd, 000208.183, 170
Trd, 000209.117, 170
Trd, 000209.200, 169
Trd, 000209.767, 169
Trd, 000210.100, 169
Trd, 000210.433, 171
Trd, 000210.533, 172
Trd, 000210.850, 167
Trd, 000211.550, 169
Trd, 000211.717, 155
Trd, 000212.250, 175
Trd, 000212.500, 176
Trd, 000213.717, 165
Trd, 000214.017, 169
Trd, 000214.133, 172
Trd, 000215.500, 170
Trd, 000216.317, 169
Trd, 000216.717, 169
Trd, 000217.383, 169
Trd, 000217.733, 169
Trd, 000219.467, 173
Trd, 000219.850, 174
Trd, 000220.450, 174
Trd, 000220.683, 176
Trd, 000221.133, 176
Trd, 000221.767, 174
Trd, 000221.867, 172
Trd, 000221.950, 177
Trd, 000222.200, 171
Trd, 000222.567, 178
Trd, 000223.850, 165
Trd, 000224.467, 169
Trd, 000224.517, 163
Trd, 000224.967, 179
Trd, 000226.417, 174
Trd, 000226.667, 177
Trd, 000226.933, 179
Trd, 000227.067, 172
Trd, 000228.033, 172
Trd, 000228.117, 178
Trd, 000229.850, 173
Trd, 000230.317, 175
Trd, 000231.133, 173
Trd, 000231.833, 172
Trd, 000232.483, 173
Trd, 000232.983, 172
Trd, 000233.550, 173
Trd, 000234.500, 172
Trd, 000234.533, 174
Trd, 000234.967, 174
Trd, 000235.033, 177
Trd, 000235.400, 177
Trd, 000235.650, 157
Trd, 000237.300, 171
Trd, 000237.583, 155
Trd, 000238.683, 175
Trd, 000238.767, 178
Trd, 000239.383, 185
Trd, 000239.817, 177
Trd, 000240.067, 178
Trd, 000240.767, 181
Trd, 000241.050, 181
Trd, 000241.183, 182
Trd, 000241.283, 181
Trd, 000241.850, 179
Trd, 000241.867, 180
Trd, 000242.033, 181
Trd, 000242.683, 179
Trd, 000242.717, 182
Trd, 000243.217, 181
Trd, 000243.317, 182
Trd, 000243.367, 169
Trd, 000243.667, 183
Trd, 000243.850, 171
Trd, 000244.883, 166
Trd, 000245.350, 166
Trd, 000245.633, 165
Trd, 000245.800, 168
Trd, 000245.983, 168
Trd, 000246.533, 172
Trd, 000246.967, 169
Trd, 000248.433, 169
Trd, 000248.667, 173
Trd, 000249.517, 175
Trd, 000249.683, 180
Trd, 000250.383, 183
Trd, 000250.767, 176
Trd, 000251.150, 174
Trd, 000251.183, 173
Trd, 000251.617, 173
Trd, 000251.750, 173
Trd, 000252.633, 171
Trd, 000252.683, 172
Trd, 000253.133, 176
Trd, 000253.450, 168
Trd, 000254.367, 173
Trd, 000254.400, 175
Trd, 000254.450, 176
Trd, 000255.350, 172
Trd, 000255.633, 175
Trd, 000255.850, 176
Trd, 000256.617, 177
Trd, 000256.783, 180
Trd, 000257.250, 178
Trd, 000258.767, 177
Trd, 000259.000, 176
Trd, 000259.050, 180
Trd, 000259.100, 181
Trd, 000259.267, 179
Trd, 000259.383, 172
Trd, 000260.167, 163
Trd, 000260.200, 183
Trd, 000260.683, 168
Trd, 000260.850, 183
Trd, 000262.283, 181
Trd, 000262.533, 182
Trd, 000262.667, 184
Trd, 000262.950, 184
Trd, 000263.217, 182
Trd, 000263.600, 181
Trd, 000263.700, 182
Trd, 000263.783, 181
Trd, 000264.567, 184
Trd, 000266.250, 182
Trd, 000266.700, 179
Trd, 000266.850, 179
Trd, 000267.333, 180
Trd, 000268.367, 182
Trd, 000268.617, 181
Trd, 000268.683, 172
Trd, 000269.567, 173
Trd, 000270.017, 154
Trd, 000270.150, 158
Trd, 000270.267, 170
Trd, 000270.867, 171
Trd, 000271.217, 166
Trd, 000271.250, 167
Trd, 000271.833, 168
Trd, 000272.250, 158
Trd, 000272.317, 174
Trd, 000273.050, 158
Trd, 000273.883, 168
Trd, 000275.150, 173
Trd, 000276.017, 169
Trd, 000276.150, 173
Trd, 000276.650, 174
Trd, 000276.817, 168
Trd, 000277.333, 174
Trd, 000277.883, 173
Trd, 000278.117, 178
Trd, 000278.300, 176
Trd, 000278.517, 179
Trd, 000279.117, 179
Trd, 000279.350, 182
Trd, 000279.450, 179
Trd, 000280.500, 184
Trd, 000280.633, 183
Trd, 000281.033, 182
Trd, 000282.017, 180
Trd, 000284.383, 182
Trd, 000284.583, 182
Trd, 000284.983, 180
Trd, 000285.117, 183
Trd, 000285.333, 185
Trd, 000285.400, 177
Trd, 000285.600, 169
Trd, 000285.667, 190
Trd, 000286.400, 205
Trd, 000286.867, 197
Trd, 000287.400, 191
Trd, 000287.767, 189
Trd, 000287.833, 183
Trd, 000287.867, 191
Trd, 000288.033, 179
Trd, 000288.617, 189
Trd, 000289.317, 180
Trd, 000289.967, 189
Trd, 000290.067, 201
Trd, 000290.633, 191
Trd, 000290.883, 175
Trd, 000290.917, 196
Trd, 000291.717, 177
Trd, 000292.433, 206
Trd, 000293.117, 192
Trd, 000293.133, 191
Trd, 000293.400, 196
Trd, 000294.583, 176
Trd, 000295.167, 177
Trd, 000295.467, 183
Trd, 000295.733, 170
Trd, 000295.883, 167
Trd, 000296.050, 183
Trd, 000296.517, 182
Trd, 000296.600, 183
Trd, 000297.917, 170
Trd, 000298.233, 178
Trd, 000298.267, 179
Trd, 000298.783, 186
Trd, 000299.800, 184
Trd, 000299.883, 175
