Trd, 000000.967, 162
Trd, 000001.283, 151
Trd, 000002.017, 134
Trd, 000003.500, 134
Trd, 000003.583, 144
Trd, 000004.967, 131
Trd, 000005.183, 141
Trd, 000005.583, 143
Trd, 000007.567, 139
Trd, 000007.883, 140
Trd, 000008.283, 142
Trd, 000008.300, 142
Trd, 000008.900, 156
Trd, 000009.783, 141
Trd, 000009.900, 145
Trd, 000010.383, 146
Trd, 000010.883, 139
Trd, 000011.500, 142
Trd, 000013.067, 138
Trd, 000013.717, 138
Trd, 000014.050, 139
Trd, 000014.317, 137
Trd, 000014.567, 136
Trd, 000015.117, 139
Trd, 000015.267, 139
Trd, 000015.400, 145
Trd, 000016.033, 143
Trd, 000016.200, 144
Trd, 000016.617, 142
Trd, 000016.783, 142
Trd, 000016.983, 152
Trd, 000018.350, 141
Trd, 000018.883, 141
Trd, 000019.017, 139
Trd, 000019.567, 142
Trd, 000019.617, 146
Trd, 000019.767, 141
Trd, 000020.100, 139
Trd, 000020.333, 153
Trd, 000021.433, 157
Trd, 000022.983, 150
Trd, 000024.383, 151
Trd, 000024.550, 147
Trd, 000024.950, 140
Trd, 000025.300, 144
Trd, 000025.433, 139
Trd, 000025.500, 146
Trd, 000026.117, 146
Trd, 000027.417, 141
Trd, 000027.517, 142
Trd, 000027.783, 144
Trd, 000028.050, 139
Trd, 000028.650, 137
Trd, 000029.283, 144
Trd, 000029.717, 143
Trd, 000030.750, 141
Trd, 000031.050, 141
Trd, 000031.067, 140
Trd, 000031.600, 142
Trd, 000033.083, 141
Trd, 000033.150, 141
Trd, 000033.317, 142
Trd, 000033.383, 147
Trd, 000033.633, 154
Trd, 000034.500, 151
Trd, 000034.683, 140
Trd, 000035.917, 145
Trd, 000036.117, 147
Trd, 000036.550, 139
Trd, 000037.767, 143
Trd, 000038.033, 138
Trd, 000039.233, 148
Trd, 000039.333, 148
Trd, 000040.517, 159
Trd, 000040.617, 166
Trd, 000040.800, 161
Trd, 000040.933, 155
Trd, 000041.250, 157
Trd, 000041.417, 138
Trd, 000042.617, 153
Trd, 000043.450, 146
Trd, 000045.533, 148
Trd, 000045.633, 153
Trd, 000045.700, 146
Trd, 000046.000, 151
Trd, 000046.250, 151
Trd, 000046.417, 152
Trd, 000046.650, 144
Trd, 000047.933, 146
Trd, 000048.000, 144
Trd, 000048.567, 142
Trd, 000048.850, 150
Trd, 000049.067, 153
Trd, 000049.267, 155
Trd, 000050.183, 156
Trd, 000050.400, 160
Trd, 000051.433, 143
Trd, 000051.767, 148
Trd, 000053.500, 148
Trd, 000053.900, 148
Trd, 000054.183, 147
Trd, 000054.350, 149
Trd, 000054.450, 160
Trd, 000054.583, 145
Trd, 000054.667, 139
Trd, 000055.183, 166
Trd, 000055.800, 168
Trd, 000056.567, 140
Trd, 000056.817, 156
Trd, 000057.483, 151
Trd, 000058.300, 150
Trd, 000059.450, 145
Trd, 000060.083, 147
Trd, 000060.767, 145
Trd, 000061.217, 149
Trd, 000061.950, 146
Trd, 000062.083, 144
Trd, 000063.133, 146
Trd, 000063.250, 147
Trd, 000063.983, 144
Trd, 000064.083, 150
Trd, 000064.733, 147
Trd, 000065.533, 156
Trd, 000065.950, 145
Trd, 000066.017, 157
Trd, 000066.083, 144
Trd, 000066.200, 161
Trd, 000066.983, 165
Trd, 000067.350, 143
Trd, 000068.083, 147
Trd, 000068.133, 148
Trd, 000070.000, 146
Trd, 000071.117, 146
Trd, 000071.333, 148
Trd, 000072.067, 146
Trd, 000072.167, 148
Trd, 000072.500, 147
Trd, 000072.733, 150
Trd, 000073.067, 151
Trd, 000073.567, 148
Trd, 000074.333, 155
Trd, 000075.117, 158
Trd, 000076.100, 156
Trd, 000077.467, 150
Trd, 000077.600, 152
Trd, 000078.200, 152
Trd, 000078.467, 153
Trd, 000079.167, 145
Trd, 000079.567, 141
Trd, 000080.267, 147
Trd, 000080.433, 150
Trd, 000080.550, 152
Trd, 000081.700, 150
Trd, 000081.817, 154
Trd, 000082.517, 146
Trd, 000082.933, 159
Trd, 000083.067, 162
Trd, 000084.067, 170
Trd, 000085.800, 146
Trd, 000086.733, 146
Trd, 000086.983, 149
Trd, 000087.000, 153
Trd, 000087.033, 160
Trd, 000088.183, 152
Trd, 000088.767, 149
Trd, 000089.467, 149
Trd, 000089.567, 150
Trd, 000089.933, 146
Trd, 000090.050, 150
Trd, 000090.800, 156
Trd, 000091.333, 147
Trd, 000091.667, 150
Trd, 000092.067, 150
Trd, 000092.483, 148
Trd, 000092.683, 149
Trd, 000092.733, 150
Trd, 000093.100, 153
Trd, 000093.367, 147
Trd, 000093.867, 146
Trd, 000094.717, 147
Trd, 000094.967, 160
Trd, 000095.350, 165
Trd, 000096.833, 153
Trd, 000097.000, 151
Trd, 000098.100, 189
Trd, 000098.900, 147
Trd, 000099.017, 172
Trd, 000099.900, 178
Trd, 000099.950, 168
Trd, 000100.650, 145
Trd, 000100.667, 165
Trd, 000101.617, 151
Trd, 000102.100, 147
Trd, 000102.300, 154
Trd, 000103.683, 150
Trd, 000104.383, 146
Trd, 000104.550, 144
Trd, 000104.800, 150
Trd, 000105.150, 147
Trd, 000105.217, 148
Trd, 000105.783, 149
Trd, 000105.867, 150
Trd, 000106.567, 151
Trd, 000106.733, 172
Trd, 000107.800, 171
Trd, 000109.517, 152
Trd, 000109.900, 154
Trd, 000110.433, 152
Trd, 000110.900, 145
Trd, 000110.967, 145
Trd, 000111.000, 143
Trd, 000111.117, 152
Trd, 000111.883, 151
Trd, 000112.450, 155
Trd, 000112.783, 166
Trd, 000113.967, 154
Trd, 000113.983, 152
Trd, 000114.267, 150
Trd, 000114.617, 158
Trd, 000115.767, 152
Trd, 000116.733, 153
Trd, 000117.300, 154
Trd, 000118.383, 154
Trd, 000119.483, 153
Trd, 000119.617, 163
Trd, 000120.233, 160
Trd, 000120.983, 157
Trd, 000121.150, 152
Trd, 000121.167, 157
Trd, 000121.450, 153
Trd, 000121.633, 159
Trd, 000122.033, 164
Trd, 000122.083, 165
Trd, 000123.183, 166
Trd, 000123.433, 167
Trd, 000124.517, 156
Trd, 000124.700, 150
Trd, 000125.067, 158
Trd, 000125.233, 147
Trd, 000126.017, 149
Trd, 000126.550, 159
Trd, 000127.500, 147
Trd, 000128.183, 158
Trd, 000128.400, 167
Trd, 000128.550, 174
Trd, 000128.683, 143
Trd, 000128.850, 169
Trd, 000129.467, 151
Trd, 000130.517, 154
Trd, 000130.733, 150
Trd, 000131.600, 153
Trd, 000132.467, 154
Trd, 000133.033, 156
Trd, 000133.267, 153
Trd, 000133.350, 164
Trd, 000134.633, 158
Trd, 000134.683, 156
Trd, 000134.750, 163
Trd, 000134.950, 151
Trd, 000137.033, 158
Trd, 000137.550, 150
Trd, 000138.517, 155
Trd, 000139.050, 151
Trd, 000139.183, 159
Trd, 000139.550, 160
Trd, 000139.767, 176
Trd, 000139.983, 153
Trd, 000140.050, 165
Trd, 000140.883, 162
Trd, 000141.400, 154
Trd, 000141.900, 148
Trd, 000142.300, 155
Trd, 000143.367, 155
Trd, 000144.183, 154
Trd, 000144.267, 155
Trd, 000144.817, 155
Trd, 000144.967, 155
Trd, 000145.550, 151
Trd, 000146.700, 154
Trd, 000146.900, 153
Trd, 000147.500, 151
Trd, 000147.883, 156
Trd, 000148.017, 157
Trd, 000149.833, 150
Trd, 000150.100, 151
Trd, 000150.517, 153
Trd, 000150.733, 156
Trd, 000151.300, 156
Trd, 000151.500, 159
Trd, 000151.650, 151
Trd, 000152.600, 156
Trd, 000152.750, 160
Trd, 000153.283, 166
Trd, 000153.433, 155
Trd, 000153.467, 152
Trd, 000153.767, 163
Trd, 000154.117, 170
Trd, 000156.550, 164
Trd, 000158.467, 163
Trd, 000158.883, 158
Trd, 000159.833, 158
Trd, 000160.100, 157
Trd, 000160.317, 156
Trd, 000160.350, 160
Trd, 000160.517, 153
Trd, 000161.000, 160
Trd, 000161.733, 167
Trd, 000162.483, 171
Trd, 000163.867, 174
Trd, 000163.883, 177
Trd, 000164.117, 153
Trd, 000165.933, 157
Trd, 000166.817, 159
Trd, 000167.400, 157
Trd, 000167.533, 156
Trd, 000167.883, 154
Trd, 000168.033, 158
Trd, 000168.150, 159
Trd, 000168.867, 159
Trd, 000170.183, 158
Trd, 000170.217, 160
Trd, 000170.750, 161
Trd, 000171.083, 160
Trd, 000171.917, 168
Trd, 000172.283, 159
Trd, 000172.933, 164
Trd, 000172.983, 157
Trd, 000174.083, 172
Trd, 000175.600, 162
Trd, 000176.017, 161
Trd, 000176.083, 166
Trd, 000177.600, 163
Trd, 000177.783, 165
Trd, 000178.150, 156
Trd, 000178.467, 165
Trd, 000178.717, 165
Trd, 000178.750, 166
Trd, 000181.683, 172
Trd, 000181.700, 161
Trd, 000182.117, 160
Trd, 000182.933, 159
Trd, 000183.283, 159
Trd, 000183.333, 159
Trd, 000184.033, 157
Trd, 000184.500, 156
Trd, 000184.800, 162
Trd, 000184.983, 155
Trd, 000185.617, 162
Trd, 000186.583, 163
Trd, 000186.667, 163
Trd, 000187.100, 160
Trd, 000187.900, 169
Trd, 000188.400, 169
Trd, 000189.050, 160
Trd, 000189.267, 165
Trd, 000189.383, 170
Trd, 000190.750, 160
Trd, 000191.133, 156
Trd, 000191.950, 170
Trd, 000192.683, 160
Trd, 000193.117, 165
Trd, 000193.150, 170
Trd, 000196.383, 160
Trd, 000196.800, 159
Trd, 000197.250, 160
Trd, 000197.783, 160
Trd, 000199.417, 159
Trd, 000199.717, 159
Trd, 000199.983, 171
Trd, 000200.050, 158
Trd, 000200.950, 174
Trd, 000200.967, 175
Trd, 000201.533, 161
Trd, 000201.617, 164
Trd, 000202.117, 160
Trd, 000202.217, 164
Trd, 000202.333, 159
Trd, 000202.367, 164
Trd, 000203.150, 157
Trd, 000204.883, 155
Trd, 000205.533, 155
Trd, 000205.700, 161
Trd, 000205.750, 164
Trd, 000205.833, 154
Trd, 000205.883, 171
Trd, 000208.850, 164
Trd, 000208.867, 156
Trd, 000208.983, 172
Trd, 000210.117, 165
Trd, 000210.200, 166
Trd, 000210.500, 162
Trd, 000210.583, 182
Trd, 000211.500, 177
Trd, 000211.950, 168
Trd, 000211.983, 159
Trd, 000212.750, 158
Trd, 000213.150, 167
Trd, 000213.233, 167
Trd, 000213.650, 155
Trd, 000214.450, 162
Trd, 000214.550, 164
Trd, 000215.283, 164
Trd, 000216.400, 161
Trd, 000216.783, 162
Trd, 000217.517, 162
Trd, 000217.617, 163
Trd, 000218.167, 157
Trd, 000218.567, 157
Trd, 000218.983, 161
Trd, 000219.750, 159
Trd, 000220.067, 166
Trd, 000220.833, 166
Trd, 000221.083, 169
Trd, 000221.100, 173
Trd, 000221.667, 163
Trd, 000222.517, 159
Trd, 000222.667, 160
Trd, 000222.833, 173
Trd, 000223.767, 166
Trd, 000224.583, 174
Trd, 000226.067, 164
Trd, 000226.717, 164
Trd, 000227.583, 163
Trd, 000227.883, 163
Trd, 000228.517, 166
Trd, 000228.700, 167
Trd, 000229.483, 162
Trd, 000229.533, 167
Trd, 000230.267, 174
Trd, 000231.350, 172
Trd, 000231.917, 162
Trd, 000232.267, 172
Trd, 000232.817, 160
Trd, 000233.150, 174
Trd, 000233.867, 175
Trd, 000234.267, 177
Trd, 000234.567, 178
Trd, 000235.767, 162
Trd, 000235.800, 164
Trd, 000235.817, 160
Trd, 000238.133, 163
Trd, 000238.267, 175
Trd, 000238.583, 165
Trd, 000239.417, 167
Trd, 000240.067, 167
Trd, 000240.100, 168
Trd, 000240.433, 167
Trd, 000240.467, 168
Trd, 000240.800, 167
Trd, 000240.883, 169
Trd, 000241.067, 175
Trd, 000241.200, 172
Trd, 000242.367, 179
Trd, 000242.667, 174
Trd, 000242.933, 172
Trd, 000243.650, 168
Trd, 000244.000, 173
Trd, 000244.950, 165
Trd, 000245.150, 171
Trd, 000245.350, 174
Trd, 000246.233, 172
Trd, 000246.633, 170
Trd, 000246.833, 164
Trd, 000247.200, 170
Trd, 000248.133, 175
Trd, 000249.067, 175
Trd, 000249.583, 173
Trd, 000249.883, 177
Trd, 000250.117, 178
Trd, 000250.750, 176
Trd, 000251.000, 175
Trd, 000251.133, 178
Trd, 000251.267, 179
Trd, 000251.417, 180
Trd, 000252.050, 182
Trd, 000253.233, 176
Trd, 000253.800, 179
Trd, 000254.150, 176
Trd, 000254.283, 179
Trd, 000254.800, 173
Trd, 000255.100, 169
Trd, 000256.150, 174
Trd, 000256.517, 174
Trd, 000256.667, 171
Trd, 000257.183, 176
Trd, 000257.200, 176
Trd, 000257.467, 177
Trd, 000257.700, 176
Trd, 000258.917, 177
Trd, 000259.317, 177
Trd, 000259.333, 178
Trd, 000259.650, 177
Trd, 000260.983, 176
Trd, 000261.317, 177
Trd, 000261.483, 172
Trd, 000261.517, 163
Trd, 000262.000, 167
Trd, 000262.833, 171
Trd, 000263.150, 170
Trd, 000263.400, 171
Trd, 000263.533, 172
Trd, 000264.067, 168
Trd, 000264.617, 171
Trd, 000264.633, 201
Trd, 000264.900, 178
Trd, 000265.250, 184
Trd, 000265.383, 184
Trd, 000265.833, 182
Trd, 000265.900, 180
Trd, 000266.233, 187
Trd, 000266.367, 188
Trd, 000266.817, 177
Trd, 000267.483, 188
Trd, 000268.100, 178
Trd, 000268.650, 180
Trd, 000268.683, 181
Trd, 000269.417, 181
Trd, 000269.800, 171
Trd, 000270.017, 182
Trd, 000271.117, 168
Trd, 000271.300, 175
Trd, 000271.350, 166
Trd, 000271.600, 180
Trd, 000271.750, 165
Trd, 000272.483, 175
Trd, 000272.667, 170
Trd, 000273.000, 171
Trd, 000273.367, 176
Trd, 000273.450, 173
Trd, 000273.667, 178
Trd, 000274.217, 179
Trd, 000274.400, 182
Trd, 000274.633, 189
Trd, 000274.700, 182
Trd, 000275.317, 180
Trd, 000275.633, 192
Trd, 000276.217, 180
Trd, 000276.433, 184
Trd, 000277.017, 175
Trd, 000278.117, 185
Trd, 000278.467, 179
Trd, 000278.867, 179
Trd, 000279.000, 176
Trd, 000279.517, 179
Trd, 000279.783, 179
Trd, 000280.067, 180
Trd, 000280.650, 183
Trd, 000281.117, 176
Trd, 000281.417, 172
Trd, 000281.650, 171
Trd, 000281.733, 174
Trd, 000281.850, 190
Trd, 000282.317, 168
Trd, 000282.833, 169
Trd, 000283.217, 174
Trd, 000284.067, 177
Trd, 000284.333, 178
Trd, 000284.650, 179
Trd, 000285.333, 181
Trd, 000285.417, 172
Trd, 000285.500, 180
Trd, 000286.150, 171
Trd, 000287.500, 175
Trd, 000287.633, 171
Trd, 000287.683, 167
Trd, 000287.933, 176
Trd, 000288.100, 176
Trd, 000288.550, 179
Trd, 000288.583, 183
Trd, 000289.450, 179
Trd, 000290.083, 178
Trd, 000290.483, 171
Trd, 000290.667, 172
Trd, 000291.083, 180
Trd, 000291.183, 175
Trd, 000291.233, 191
Trd, 000291.683, 177
Trd, 000291.750, 180
Trd, 000292.633, 189
Trd, 000293.050, 187
Trd, 000293.183, 191
Trd, 000293.467, 177
Trd, 000293.600, 173
Trd, 000293.817, 169
Trd, 000294.650, 191
Trd, 000294.783, 169
Trd, 000295.333, 170
Trd, 000295.700, 193
Trd, 000296.250, 167
Trd, 000296.417, 178
Trd, 000296.750, 177
Trd, 000296.867, 176
Trd, 000297.083, 173
Trd, 000297.200, 180
Trd, 000297.817, 202
Trd, 000298.167, 192
Trd, 000298.183, 178
Trd, 000298.800, 174
Trd, 000299.167, 192
Trd, 000299.400, 195
