Trd, 000000.600, 158
Trd, 000001.483, 141
Trd, 000003.533, 119
Trd, 000003.800, 137
Trd, 000005.250, 143
Trd, 000005.483, 155
Trd, 000006.550, 147
Trd, 000006.600, 153
Trd, 000006.900, 147
Trd, 000007.100, 146
Trd, 000007.300, 150
Trd, 000007.483, 151
Trd, 000008.167, 153
Trd, 000009.033, 151
Trd, 000009.783, 152
Trd, 000010.550, 152
Trd, 000010.867, 150
Trd, 000011.083, 149
Trd, 000011.550, 150
Trd, 000012.233, 149
Trd, 000012.550, 148
Trd, 000013.283, 152
Trd, 000013.550, 147
Trd, 000013.983, 148
Trd, 000014.433, 147
Trd, 000015.367, 145
Trd, 000016.700, 145
Trd, 000017.033, 149
Trd, 000017.983, 150
Trd, 000018.250, 160
Trd, 000018.417, 147
Trd, 000018.667, 156
Trd, 000018.900, 166
Trd, 000019.133, 149
Trd, 000019.267, 149
Trd, 000020.283, 159
Trd, 000020.550, 151
Trd, 000021.100, 150
Trd, 000022.417, 150
Trd, 000023.650, 154
Trd, 000023.750, 150
Trd, 000024.550, 149
Trd, 000024.583, 152
Trd, 000024.617, 148
Trd, 000026.167, 149
Trd, 000026.567, 147
Trd, 000026.883, 159
Trd, 000027.067, 147
Trd, 000027.983, 146
Trd, 000028.150, 157
Trd, 000030.133, 154
Trd, 000030.283, 154
Trd, 000030.550, 155
Trd, 000030.683, 154
Trd, 000031.117, 154
Trd, 000031.183, 153
Trd, 000031.467, 152
Trd, 000032.917, 166
Trd, 000033.433, 155
Trd, 000033.650, 154
Trd, 000034.233, 161
Trd, 000034.567, 154
Trd, 000034.867, 159
Trd, 000034.983, 154
Trd, 000036.100, 152
Trd, 000036.400, 150
Trd, 000036.717, 150
Trd, 000037.000, 154
Trd, 000037.317, 154
Trd, 000037.367, 153
Trd, 000038.383, 162
Trd, 000038.900, 159
Trd, 000040.133, 160
Trd, 000040.217, 161
Trd, 000040.867, 157
Trd, 000042.033, 157
Trd, 000042.767, 155
Trd, 000042.817, 157
Trd, 000043.150, 148
Trd, 000043.517, 147
Trd, 000044.167, 155
Trd, 000044.550, 156
Trd, 000044.850, 149
Trd, 000045.067, 155
Trd, 000045.350, 150
Trd, 000045.817, 162
Trd, 000046.300, 167
Trd, 000047.517, 152
Trd, 000047.583, 168
Trd, 000048.567, 156
Trd, 000049.250, 156
Trd, 000050.017, 164
Trd, 000050.383, 164
Trd, 000050.933, 166
Trd, 000051.550, 163
Trd, 000053.000, 162
Trd, 000053.267, 159
Trd, 000053.350, 161
Trd, 000053.400, 165
Trd, 000053.417, 158
Trd, 000053.650, 163
Trd, 000054.267, 157
Trd, 000054.483, 152
Trd, 000055.183, 152
Trd, 000055.250, 163
Trd, 000055.983, 158
Trd, 000056.800, 157
Trd, 000057.500, 156
Trd, 000058.250, 158
Trd, 000058.650, 157
Trd, 000058.667, 155
Trd, 000059.133, 157
Trd, 000059.933, 155
Trd, 000060.017, 153
Trd, 000060.867, 154
Trd, 000061.233, 164
Trd, 000061.833, 153
Trd, 000062.050, 164
Trd, 000062.367, 153
Trd, 000062.833, 162
Trd, 000064.050, 162
Trd, 000064.383, 164
Trd, 000065.467, 162
Trd, 000065.867, 161
Trd, 000066.767, 158
Trd, 000067.167, 156
Trd, 000067.233, 163
Trd, 000067.883, 165
Trd, 000068.100, 159
Trd, 000068.317, 166
Trd, 000068.417, 167
Trd, 000068.833, 158
Trd, 000069.467, 170
Trd, 000071.583, 164
Trd, 000071.700, 164
Trd, 000072.433, 164
Trd, 000072.950, 162
Trd, 000073.217, 159
Trd, 000073.383, 158
Trd, 000073.883, 158
Trd, 000074.217, 158
Trd, 000075.267, 156
Trd, 000075.750, 161
Trd, 000076.900, 162
Trd, 000077.150, 166
Trd, 000078.433, 159
Trd, 000079.100, 165
Trd, 000079.217, 165
Trd, 000080.083, 161
Trd, 000080.200, 164
Trd, 000080.267, 160
Trd, 000080.867, 161
Trd, 000081.800, 160
Trd, 000081.867, 163
Trd, 000082.733, 161
Trd, 000083.100, 160
Trd, 000083.400, 162
Trd, 000083.700, 159
Trd, 000084.433, 161
Trd, 000085.450, 158
Trd, 000085.533, 168
Trd, 000085.967, 169
Trd, 000086.700, 155
Trd, 000087.333, 166
Trd, 000087.783, 153
Trd, 000088.667, 140
Trd, 000088.883, 165
Trd, 000090.483, 161
Trd, 000091.383, 161
Trd, 000091.600, 161
Trd, 000091.900, 173
Trd, 000091.933, 167
Trd, 000091.967, 160
Trd, 000092.467, 173
Trd, 000092.667, 161
Trd, 000093.267, 160
Trd, 000095.467, 160
Trd, 000095.817, 160
Trd, 000095.933, 158
Trd, 000096.083, 158
Trd, 000096.183, 161
Trd, 000098.033, 162
Trd, 000098.200, 162
Trd, 000099.067, 162
Trd, 000099.333, 162
Trd, 000099.717, 162
Trd, 000100.533, 163
Trd, 000101.017, 160
Trd, 000101.050, 159
Trd, 000101.750, 161
Trd, 000102.517, 161
Trd, 000102.833, 161
Trd, 000103.633, 161
Trd, 000103.767, 161
Trd, 000104.100, 160
Trd, 000104.933, 164
Trd, 000105.467, 168
Trd, 000105.883, 161
Trd, 000106.283, 160
Trd, 000107.267, 160
Trd, 000107.567, 167
Trd, 000108.450, 157
Trd, 000108.900, 167
Trd, 000109.117, 163
Trd, 000109.583, 182
Trd, 000110.717, 163
Trd, 000110.783, 162
Trd, 000112.217, 179
Trd, 000112.533, 179
Trd, 000112.967, 171
Trd, 000113.900, 174
Trd, 000115.250, 170
Trd, 000115.267, 169
Trd, 000115.367, 167
Trd, 000115.883, 167
Trd, 000116.133, 167
Trd, 000116.317, 167
Trd, 000116.983, 176
Trd, 000117.483, 163
Trd, 000117.833, 158
Trd, 000117.883, 155
Trd, 000118.850, 170
Trd, 000118.917, 141
Trd, 000118.950, 140
Trd, 000120.167, 150
Trd, 000121.567, 149
Trd, 000122.133, 150
Trd, 000122.333, 153
Trd, 000123.300, 151
Trd, 000123.333, 149
Trd, 000123.567, 149
Trd, 000123.667, 152
Trd, 000123.867, 156
Trd, 000124.250, 169
Trd, 000124.450, 164
Trd, 000126.367, 164
Trd, 000126.683, 181
Trd, 000128.000, 179
Trd, 000128.233, 178
Trd, 000129.050, 176
Trd, 000129.383, 176
Trd, 000129.567, 176
Trd, 000129.767, 175
Trd, 000130.333, 174
Trd, 000131.217, 172
Trd, 000131.583, 171
Trd, 000132.267, 164
Trd, 000133.800, 159
Trd, 000134.733, 165
Trd, 000135.150, 166
Trd, 000135.733, 165
Trd, 000135.783, 167
Trd, 000136.167, 169
Trd, 000136.800, 169
Trd, 000137.417, 170
Trd, 000137.650, 169
Trd, 000138.517, 167
Trd, 000138.833, 169
Trd, 000139.183, 170
Trd, 000140.383, 168
Trd, 000140.600, 169
Trd, 000140.650, 168
Trd, 000140.800, 172
Trd, 000141.150, 169
Trd, 000141.633, 175
Trd, 000142.283, 176
Trd, 000142.917, 172
Trd, 000143.833, 171
Trd, 000143.983, 169
Trd, 000144.117, 167
Trd, 000145.483, 174
Trd, 000145.550, 173
Trd, 000145.650, 168
Trd, 000145.783, 165
Trd, 000146.917, 171
Trd, 000147.250, 161
Trd, 000149.167, 168
Trd, 000149.183, 166
Trd, 000149.333, 168
Trd, 000149.650, 170
Trd, 000149.967, 167
Trd, 000150.550, 168
Trd, 000150.683, 169
Trd, 000151.733, 166
Trd, 000151.983, 162
Trd, 000153.017, 161
Trd, 000153.733, 166
Trd, 000153.983, 164
Trd, 000154.267, 164
Trd, 000154.683, 163
Trd, 000155.050, 165
Trd, 000155.333, 168
Trd, 000155.467, 173
Trd, 000156.633, 173
Trd, 000157.733, 166
Trd, 000157.817, 165
Trd, 000158.233, 163
Trd, 000158.667, 180
Trd, 000159.550, 174
Trd, 000160.617, 176
Trd, 000160.667, 177
Trd, 000161.200, 175
Trd, 000161.917, 175
Trd, 000162.117, 174
Trd, 000163.267, 175
Trd, 000163.683, 174
Trd, 000163.833, 173
Trd, 000164.317, 172
Trd, 000164.467, 172
Trd, 000164.800, 172
Trd, 000164.867, 167
Trd, 000167.233, 166
Trd, 000167.433, 164
Trd, 000167.617, 161
Trd, 000168.167, 166
Trd, 000168.400, 171
Trd, 000168.633, 174
Trd, 000169.433, 171
Trd, 000169.900, 186
Trd, 000170.283, 178
Trd, 000171.083, 181
Trd, 000171.683, 171
Trd, 000172.600, 170
Trd, 000173.267, 174
Trd, 000173.783, 173
Trd, 000174.467, 173
Trd, 000174.717, 170
Trd, 000174.750, 169
Trd, 000175.267, 173
Trd, 000176.033, 170
Trd, 000176.200, 169
Trd, 000176.650, 168
Trd, 000178.983, 171
Trd, 000179.783, 169
Trd, 000179.817, 171
Trd, 000179.833, 171
Trd, 000180.517, 169
Trd, 000181.467, 170
Trd, 000182.233, 171
Trd, 000182.567, 170
Trd, 000182.767, 169
Trd, 000183.550, 168
Trd, 000183.700, 168
Trd, 000184.250, 179
Trd, 000184.967, 175
Trd, 000185.300, 173
Trd, 000187.433, 174
Trd, 000188.533, 171
Trd, 000188.750, 170
Trd, 000189.517, 165
Trd, 000189.633, 169
Trd, 000189.683, 172
Trd, 000190.017, 177
Trd, 000190.133, 170
Trd, 000190.317, 168
Trd, 000190.383, 166
Trd, 000190.533, 184
Trd, 000192.217, 172
Trd, 000193.000, 173
Trd, 000193.100, 172
Trd, 000193.167, 186
Trd, 000194.433, 179
Trd, 000195.117, 177
Trd, 000195.233, 176
Trd, 000196.033, 171
Trd, 000196.350, 172
Trd, 000196.933, 169
Trd, 000197.650, 169
Trd, 000198.083, 171
Trd, 000198.100, 178
Trd, 000198.250, 170
Trd, 000198.900, 174
Trd, 000199.083, 185
Trd, 000199.733, 171
Trd, 000199.983, 168
Trd, 000201.483, 171
Trd, 000202.283, 171
Trd, 000202.467, 171
Trd, 000203.517, 166
Trd, 000203.900, 171
Trd, 000204.583, 168
Trd, 000204.967, 164
Trd, 000206.517, 169
Trd, 000206.533, 173
Trd, 000206.850, 164
Trd, 000207.350, 174
Trd, 000208.183, 167
Trd, 000208.300, 166
Trd, 000208.517, 168
Trd, 000209.100, 175
Trd, 000209.533, 167
Trd, 000209.850, 169
Trd, 000210.350, 169
Trd, 000211.400, 171
Trd, 000211.683, 170
Trd, 000212.533, 168
Trd, 000212.917, 167
Trd, 000213.067, 166
Trd, 000213.850, 167
Trd, 000214.067, 179
Trd, 000214.650, 166
Trd, 000215.100, 186
Trd, 000216.150, 169
Trd, 000216.567, 190
Trd, 000216.650, 169
Trd, 000218.333, 182
Trd, 000219.017, 181
Trd, 000219.117, 186
Trd, 000219.800, 187
Trd, 000220.233, 182
Trd, 000221.017, 181
Trd, 000221.467, 185
Trd, 000222.750, 183
Trd, 000223.300, 183
Trd, 000223.750, 183
Trd, 000223.817, 181
Trd, 000223.850, 180
Trd, 000224.000, 184
Trd, 000224.600, 180
Trd, 000224.750, 177
Trd, 000225.300, 176
Trd, 000227.283, 177
Trd, 000228.367, 174
Trd, 000230.067, 176
Trd, 000230.133, 177
Trd, 000230.283, 176
Trd, 000230.667, 175
Trd, 000230.767, 181
Trd, 000231.150, 175
Trd, 000231.800, 195
Trd, 000231.883, 175
Trd, 000232.800, 207
Trd, 000234.000, 175
Trd, 000234.283, 183
Trd, 000234.550, 174
Trd, 000234.817, 181
Trd, 000234.867, 183
Trd, 000235.717, 176
Trd, 000236.783, 177
Trd, 000237.067, 176
Trd, 000237.550, 177
Trd, 000238.000, 181
Trd, 000238.550, 176
Trd, 000238.817, 181
Trd, 000238.833, 175
Trd, 000240.417, 177
Trd, 000241.000, 176
Trd, 000241.317, 177
Trd, 000241.450, 178
Trd, 000241.500, 177
Trd, 000242.350, 181
Trd, 000243.467, 181
Trd, 000244.133, 182
Trd, 000244.500, 180
Trd, 000244.850, 184
Trd, 000244.867, 182
Trd, 000245.350, 181
Trd, 000245.800, 182
Trd, 000245.983, 181
Trd, 000246.267, 180
Trd, 000246.517, 181
Trd, 000246.750, 182
Trd, 000247.600, 183
Trd, 000247.683, 181
Trd, 000248.150, 179
Trd, 000248.600, 179
Trd, 000249.367, 182
Trd, 000249.633, 187
Trd, 000249.967, 185
Trd, 000250.150, 182
Trd, 000250.217, 187
Trd, 000250.750, 176
Trd, 000252.033, 177
Trd, 000252.383, 173
Trd, 000252.433, 176
Trd, 000253.283, 176
Trd, 000253.900, 176
Trd, 000254.233, 173
Trd, 000255.150, 173
Trd, 000255.517, 172
Trd, 000255.550, 175
Trd, 000255.567, 171
Trd, 000255.717, 170
Trd, 000256.633, 176
Trd, 000257.267, 181
Trd, 000257.400, 180
Trd, 000258.100, 184
Trd, 000259.150, 180
Trd, 000259.417, 183
Trd, 000259.933, 181
Trd, 000260.467, 178
Trd, 000260.700, 177
Trd, 000261.350, 176
Trd, 000261.617, 173
Trd, 000262.500, 179
Trd, 000263.233, 181
Trd, 000263.417, 182
Trd, 000263.867, 182
Trd, 000263.967, 183
Trd, 000264.117, 180
Trd, 000264.217, 177
Trd, 000265.283, 177
Trd, 000265.733, 179
Trd, 000265.917, 178
Trd, 000265.967, 176
Trd, 000266.000, 189
Trd, 000266.400, 187
Trd, 000266.867, 185
Trd, 000267.917, 184
Trd, 000268.650, 184
Trd, 000268.750, 181
Trd, 000269.350, 179
Trd, 000269.667, 185
Trd, 000270.717, 178
Trd, 000271.067, 180
Trd, 000271.317, 179
Trd, 000271.450, 180
Trd, 000271.483, 181
Trd, 000271.783, 177
Trd, 000272.100, 182
Trd, 000272.367, 174
Trd, 000272.433, 184
Trd, 000274.033, 173
Trd, 000274.950, 177
Trd, 000275.667, 181
Trd, 000275.983, 178
Trd, 000277.100, 181
Trd, 000277.217, 181
Trd, 000277.283, 178
Trd, 000277.517, 178
Trd, 000278.083, 178
Trd, 000278.567, 180
Trd, 000278.867, 179
Trd, 000279.367, 183
Trd, 000279.533, 184
Trd, 000279.683, 187
Trd, 000280.383, 186
Trd, 000281.000, 185
Trd, 000281.233, 182
Trd, 000282.083, 182
Trd, 000282.367, 183
Trd, 000282.850, 180
Trd, 000283.167, 185
Trd, 000283.233, 180
Trd, 000283.350, 178
Trd, 000283.533, 186
Trd, 000283.700, 190
Trd, 000283.767, 177
Trd, 000284.267, 181
Trd, 000284.867, 181
Trd, 000285.667, 177
Trd, 000286.017, 177
Trd, 000286.550, 175
Trd, 000286.583, 173
Trd, 000287.050, 173
Trd, 000287.717, 176
Trd, 000288.517, 164
Trd, 000288.633, 162
Trd, 000288.867, 158
Trd, 000288.983, 166
Trd, 000289.667, 177
Trd, 000289.800, 180
Trd, 000290.550, 171
Trd, 000290.683, 178
Trd, 000290.783, 181
Trd, 000291.083, 176
Trd, 000291.100, 177
Trd, 000291.900, 181
Trd, 000292.683, 180
Trd, 000292.833, 180
Trd, 000292.867, 181
Trd, 000293.600, 190
Trd, 000294.200, 190
Trd, 000294.383, 181
Trd, 000294.867, 181
Trd, 000295.600, 181
Trd, 000296.350, 182
Trd, 000296.583, 183
Trd, 000297.100, 182
Trd, 000297.467, 182
Trd, 000297.733, 187
Trd, 000297.950, 188
Trd, 000298.233, 180
Trd, 000298.683, 191
Trd, 000299.483, 175
