Trd, 000001.300, 115
Trd, 000001.800, 120
Trd, 000002.000, 116
Trd, 000003.317, 135
Trd, 000004.117, 141
Trd, 000004.217, 144
Trd, 000005.150, 151
Trd, 000005.183, 152
Trd, 000005.533, 147
Trd, 000005.767, 159
Trd, 000006.067, 149
Trd, 000006.950, 150
Trd, 000007.567, 152
Trd, 000007.800, 151
Trd, 000007.867, 149
Trd, 000008.100, 149
Trd, 000008.300, 151
Trd, 000008.533, 152
Trd, 000008.683, 163
Trd, 000008.867, 169
Trd, 000010.467, 156
Trd, 000011.333, 150
Trd, 000011.700, 156
Trd, 000013.100, 147
Trd, 000014.833, 149
Trd, 000015.133, 152
Trd, 000016.050, 151
Trd, 000016.267, 152
Trd, 000016.683, 151
Trd, 000017.067, 150
Trd, 000017.283, 152
Trd, 000017.317, 154
Trd, 000017.867, 149
Trd, 000018.500, 149
Trd, 000018.883, 154
Trd, 000019.250, 156
Trd, 000020.383, 155
Trd, 000020.767, 156
Trd, 000020.900, 155
Trd, 000021.317, 152
Trd, 000021.967, 155
Trd, 000022.450, 157
Trd, 000023.717, 155
Trd, 000024.250, 155
Trd, 000025.000, 156
Trd, 000025.450, 155
Trd, 000025.950, 155
Trd, 000026.633, 153
Trd, 000026.683, 152
Trd, 000027.050, 154
Trd, 000027.550, 151
Trd, 000027.683, 155
Trd, 000027.800, 149
Trd, 000028.217, 147
Trd, 000028.817, 154
Trd, 000029.867, 154
Trd, 000031.417, 151
Trd, 000031.733, 151
Trd, 000032.117, 153
Trd, 000032.217, 151
Trd, 000032.550, 150
Trd, 000034.483, 152
Trd, 000034.667, 149
Trd, 000034.967, 151
Trd, 000035.750, 152
Trd, 000036.083, 153
Trd, 000036.533, 150
Trd, 000036.650, 150
Trd, 000036.667, 148
Trd, 000036.767, 154
Trd, 000037.050, 152
Trd, 000039.133, 152
Trd, 000039.800, 151
Trd, 000040.367, 154
Trd, 000040.450, 149
Trd, 000040.550, 155
Trd, 000040.633, 156
Trd, 000041.850, 151
Trd, 000042.683, 151
Trd, 000043.100, 150
Trd, 000043.417, 151
Trd, 000043.517, 150
Trd, 000044.233, 150
Trd, 000044.300, 152
Trd, 000045.400, 149
Trd, 000046.333, 148
Trd, 000046.767, 148
Trd, 000046.800, 151
Trd, 000046.817, 147
Trd, 000047.383, 146
Trd, 000048.767, 146
Trd, 000048.950, 143
Trd, 000049.167, 144
Trd, 000049.300, 144
Trd, 000050.433, 146
Trd, 000051.117, 153
Trd, 000051.317, 148
Trd, 000051.817, 147
Trd, 000052.117, 148
Trd, 000052.667, 149
Trd, 000053.667, 149
Trd, 000053.767, 148
Trd, 000054.400, 149
Trd, 000054.683, 148
Trd, 000055.450, 149
Trd, 000055.817, 152
Trd, 000056.017, 156
Trd, 000056.167, 156
Trd, 000056.267, 142
Trd, 000056.400, 139
Trd, 000056.783, 154
Trd, 000056.833, 161
Trd, 000057.233, 166
Trd, 000057.933, 167
Trd, 000058.650, 158
Trd, 000059.550, 163
Trd, 000059.767, 162
Trd, 000061.133, 162
Trd, 000061.300, 161
Trd, 000062.250, 165
Trd, 000063.083, 162
Trd, 000063.483, 161
Trd, 000063.633, 160
Trd, 000064.350, 161
Trd, 000064.383, 156
Trd, 000064.983, 157
Trd, 000066.917, 160
Trd, 000067.300, 159
Trd, 000067.583, 158
Trd, 000068.167, 156
Trd, 000068.683, 159
Trd, 000069.150, 159
Trd, 000069.317, 156
Trd, 000070.700, 155
Trd, 000071.100, 158
Trd, 000071.433, 158
Trd, 000071.917, 155
Trd, 000073.017, 157
Trd, 000073.233, 157
Trd, 000073.433, 157
Trd, 000073.617, 162
Trd, 000074.000, 156
Trd, 000074.050, 153
Trd, 000074.367, 157
Trd, 000074.733, 155
Trd, 000075.033, 153
Trd, 000077.717, 154
Trd, 000078.317, 155
Trd, 000078.433, 156
Trd, 000078.800, 155
Trd, 000079.167, 156
Trd, 000079.383, 157
Trd, 000079.833, 154
Trd, 000080.467, 155
Trd, 000081.267, 153
Trd, 000081.817, 158
Trd, 000082.233, 156
Trd, 000082.450, 162
Trd, 000082.550, 164
Trd, 000082.783, 164
Trd, 000083.200, 169
Trd, 000084.683, 164
Trd, 000084.767, 167
Trd, 000085.600, 165
Trd, 000085.683, 163
Trd, 000085.833, 156
Trd, 000086.633, 166
Trd, 000087.417, 161
Trd, 000087.617, 169
Trd, 000088.933, 166
Trd, 000089.917, 163
Trd, 000090.133, 164
Trd, 000090.483, 163
Trd, 000090.967, 156
Trd, 000091.067, 164
Trd, 000091.233, 165
Trd, 000092.900, 157
Trd, 000093.300, 157
Trd, 000094.300, 156
Trd, 000094.467, 157
Trd, 000095.367, 155
Trd, 000095.800, 157
Trd, 000095.883, 158
Trd, 000096.000, 160
Trd, 000096.017, 165
Trd, 000096.467, 161
Trd, 000097.033, 155
Trd, 000097.400, 156
Trd, 000097.783, 170
Trd, 000098.817, 164
Trd, 000099.017, 165
Trd, 000099.900, 158
Trd, 000099.983, 164
Trd, 000100.400, 156
Trd, 000100.467, 155
Trd, 000101.950, 156
Trd, 000102.283, 147
Trd, 000103.117, 154
Trd, 000103.683, 153
Trd, 000104.317, 153
Trd, 000104.550, 154
Trd, 000104.650, 156
Trd, 000105.033, 155
Trd, 000105.517, 160
Trd, 000107.367, 159
Trd, 000107.467, 159
Trd, 000107.933, 161
Trd, 000108.050, 160
Trd, 000108.200, 159
Trd, 000108.250, 162
Trd, 000109.050, 159
Trd, 000109.583, 162
Trd, 000110.067, 166
Trd, 000110.750, 160
Trd, 000111.450, 158
Trd, 000112.050, 166
Trd, 000112.300, 165
Trd, 000112.883, 159
Trd, 000112.933, 158
Trd, 000114.850, 159
Trd, 000115.117, 159
Trd, 000115.800, 159
Trd, 000116.300, 159
Trd, 000116.533, 160
Trd, 000116.967, 160
Trd, 000117.067, 159
Trd, 000117.133, 161
Trd, 000117.383, 158
Trd, 000117.550, 174
Trd, 000118.017, 168
Trd, 000118.050, 167
Trd, 000118.717, 170
Trd, 000119.367, 159
Trd, 000119.667, 160
Trd, 000120.383, 163
Trd, 000122.233, 162
Trd, 000122.383, 167
Trd, 000123.283, 164
Trd, 000123.550, 164
Trd, 000123.783, 163
Trd, 000125.500, 163
Trd, 000125.700, 162
Trd, 000125.717, 164
Trd, 000126.183, 165
Trd, 000127.483, 164
Trd, 000127.633, 166
Trd, 000127.900, 167
Trd, 000128.833, 165
Trd, 000129.000, 163
Trd, 000129.200, 166
Trd, 000130.417, 164
Trd, 000130.717, 165
Trd, 000131.500, 164
Trd, 000131.600, 162
Trd, 000132.250, 165
Trd, 000132.350, 160
Trd, 000133.300, 165
Trd, 000133.850, 166
Trd, 000133.967, 162
Trd, 000134.050, 161
Trd, 000134.633, 170
Trd, 000135.317, 174
Trd, 000136.017, 163
Trd, 000137.533, 167
Trd, 000137.700, 166
Trd, 000137.817, 166
Trd, 000137.933, 167
Trd, 000138.200, 164
Trd, 000138.933, 165
Trd, 000139.500, 161
Trd, 000139.550, 167
Trd, 000140.050, 150
Trd, 000141.183, 160
Trd, 000141.317, 160
Trd, 000141.550, 158
Trd, 000142.250, 160
Trd, 000142.417, 162
Trd, 000142.700, 158
Trd, 000143.167, 157
Trd, 000144.983, 160
Trd, 000146.133, 159
Trd, 000146.300, 161
Trd, 000146.850, 158
Trd, 000146.883, 152
Trd, 000147.967, 157
Trd, 000149.067, 161
Trd, 000149.817, 162
Trd, 000150.450, 161
Trd, 000151.250, 159
Trd, 000151.550, 163
Trd, 000151.617, 163
Trd, 000152.317, 163
Trd, 000152.333, 166
Trd, 000153.517, 167
Trd, 000153.883, 165
Trd, 000154.967, 166
Trd, 000155.233, 162
Trd, 000155.683, 165
Trd, 000156.600, 166
Trd, 000157.500, 169
Trd, 000157.633, 166
Trd, 000157.917, 164
Trd, 000158.333, 167
Trd, 000159.150, 166
Trd, 000160.683, 165
Trd, 000161.500, 165
Trd, 000162.033, 163
Trd, 000163.217, 157
Trd, 000163.517, 163
Trd, 000163.667, 160
Trd, 000163.917, 164
Trd, 000165.000, 165
Trd, 000165.417, 163
Trd, 000165.917, 160
Trd, 000167.167, 163
Trd, 000167.417, 161
Trd, 000167.633, 159
Trd, 000168.767, 161
Trd, 000168.867, 162
Trd, 000169.350, 163
Trd, 000170.083, 164
Trd, 000170.450, 163
Trd, 000170.517, 166
Trd, 000170.967, 163
Trd, 000171.533, 171
Trd, 000172.550, 166
Trd, 000173.317, 166
Trd, 000173.567, 165
Trd, 000173.650, 164
Trd, 000174.933, 176
Trd, 000175.000, 164
Trd, 000176.183, 165
Trd, 000176.283, 169
Trd, 000176.550, 172
Trd, 000176.683, 173
Trd, 000177.167, 164
Trd, 000178.033, 166
Trd, 000178.450, 166
Trd, 000178.600, 167
Trd, 000179.617, 166
Trd, 000180.067, 165
Trd, 000181.300, 166
Trd, 000181.450, 163
Trd, 000181.600, 166
Trd, 000181.833, 162
Trd, 000182.900, 166
Trd, 000183.567, 171
Trd, 000184.300, 162
Trd, 000185.233, 162
Trd, 000186.250, 163
Trd, 000186.750, 164
Trd, 000187.117, 166
Trd, 000188.050, 164
Trd, 000188.267, 163
Trd, 000189.483, 163
Trd, 000189.867, 163
Trd, 000189.967, 161
Trd, 000190.283, 164
Trd, 000190.317, 165
Trd, 000190.800, 166
Trd, 000191.767, 166
Trd, 000192.233, 163
Trd, 000193.633, 166
Trd, 000194.283, 163
Trd, 000194.783, 165
Trd, 000195.133, 165
Trd, 000195.317, 166
Trd, 000196.433, 167
Trd, 000196.800, 167
Trd, 000197.150, 167
Trd, 000197.600, 167
Trd, 000197.933, 168
Trd, 000198.400, 181
Trd, 000198.683, 169
Trd, 000199.117, 168
Trd, 000200.000, 168
Trd, 000200.467, 167
Trd, 000200.650, 169
Trd, 000200.917, 170
Trd, 000201.400, 171
Trd, 000201.550, 166
Trd, 000202.017, 170
Trd, 000202.917, 166
Trd, 000204.000, 166
Trd, 000204.150, 166
Trd, 000204.383, 166
Trd, 000204.617, 169
Trd, 000204.900, 171
Trd, 000205.317, 164
Trd, 000207.033, 172
Trd, 000207.300, 172
Trd, 000208.150, 167
Trd, 000208.883, 166
Trd, 000209.900, 167
Trd, 000210.017, 166
Trd, 000210.267, 166
Trd, 000210.333, 168
Trd, 000210.833, 166
Trd, 000211.383, 169
Trd, 000211.717, 165
Trd, 000212.400, 169
Trd, 000213.333, 168
Trd, 000213.817, 168
Trd, 000214.017, 168
Trd, 000214.450, 166
Trd, 000214.750, 169
Trd, 000214.767, 172
Trd, 000215.083, 165
Trd, 000215.567, 166
Trd, 000216.767, 166
Trd, 000217.317, 171
Trd, 000218.183, 167
Trd, 000218.650, 168
Trd, 000219.117, 168
Trd, 000219.367, 173
Trd, 000219.767, 167
Trd, 000219.967, 167
Trd, 000221.233, 168
Trd, 000221.517, 170
Trd, 000222.900, 169
Trd, 000223.133, 169
Trd, 000223.767, 169
Trd, 000223.800, 168
Trd, 000224.283, 167
Trd, 000224.700, 171
Trd, 000225.633, 166
Trd, 000226.200, 166
Trd, 000226.467, 169
Trd, 000226.583, 177
Trd, 000227.900, 170
Trd, 000228.950, 171
Trd, 000230.033, 171
Trd, 000230.100, 171
Trd, 000230.867, 170
Trd, 000232.200, 171
Trd, 000232.283, 170
Trd, 000232.600, 170
Trd, 000233.417, 170
Trd, 000234.900, 170
Trd, 000235.233, 171
Trd, 000235.350, 170
Trd, 000235.483, 170
Trd, 000235.550, 171
Trd, 000235.617, 169
Trd, 000235.917, 171
Trd, 000236.917, 177
Trd, 000237.583, 172
Trd, 000237.683, 169
Trd, 000238.833, 171
Trd, 000239.133, 172
Trd, 000240.317, 171
Trd, 000240.367, 171
Trd, 000240.450, 172
Trd, 000240.833, 170
Trd, 000241.317, 170
Trd, 000241.533, 170
Trd, 000241.750, 171
Trd, 000242.100, 170
Trd, 000242.833, 173
Trd, 000243.400, 172
Trd, 000243.417, 169
Trd, 000244.083, 171
Trd, 000244.317, 170
Trd, 000244.550, 168
Trd, 000244.567, 172
Trd, 000245.400, 171
Trd, 000246.050, 173
Trd, 000246.350, 176
Trd, 000246.933, 179
Trd, 000247.450, 176
Trd, 000247.867, 179
Trd, 000248.067, 168
Trd, 000248.633, 174
Trd, 000248.683, 177
Trd, 000248.733, 168
Trd, 000248.867, 158
Trd, 000248.983, 177
Trd, 000249.433, 168
Trd, 000250.250, 172
Trd, 000250.417, 173
Trd, 000250.867, 176
Trd, 000250.933, 175
Trd, 000251.000, 176
Trd, 000251.383, 176
Trd, 000252.300, 178
Trd, 000252.867, 177
Trd, 000253.350, 175
Trd, 000253.583, 177
Trd, 000254.167, 176
Trd, 000254.367, 179
Trd, 000255.000, 176
Trd, 000255.067, 175
Trd, 000255.233, 179
Trd, 000255.750, 173
Trd, 000255.983, 174
Trd, 000256.183, 176
Trd, 000257.050, 173
Trd, 000257.467, 176
Trd, 000257.583, 179
Trd, 000257.683, 180
Trd, 000257.850, 174
Trd, 000258.133, 173
Trd, 000258.167, 178
Trd, 000258.383, 177
Trd, 000258.567, 188
Trd, 000259.517, 176
Trd, 000260.250, 176
Trd, 000260.467, 177
Trd, 000260.500, 175
Trd, 000261.217, 177
Trd, 000261.633, 177
Trd, 000261.750, 180
Trd, 000261.800, 181
Trd, 000261.983, 176
Trd, 000262.450, 177
Trd, 000262.650, 174
Trd, 000263.183, 173
Trd, 000263.283, 171
Trd, 000264.900, 170
Trd, 000265.017, 171
Trd, 000265.500, 167
Trd, 000265.883, 168
Trd, 000266.083, 172
Trd, 000267.800, 171
Trd, 000267.883, 170
Trd, 000268.467, 172
Trd, 000268.550, 174
Trd, 000269.133, 175
Trd, 000269.417, 177
Trd, 000269.917, 176
Trd, 000270.567, 176
Trd, 000270.617, 176
Trd, 000271.283, 174
Trd, 000271.700, 172
Trd, 000271.733, 171
Trd, 000271.950, 173
Trd, 000272.517, 173
Trd, 000272.600, 172
Trd, 000273.650, 172
Trd, 000274.100, 171
Trd, 000274.383, 172
Trd, 000274.417, 171
Trd, 000275.067, 172
Trd, 000275.433, 173
Trd, 000275.450, 170
Trd, 000275.600, 173
Trd, 000276.033, 174
Trd, 000276.500, 170
Trd, 000276.633, 175
Trd, 000276.933, 172
Trd, 000277.083, 174
Trd, 000277.217, 178
Trd, 000278.217, 183
Trd, 000278.517, 171
Trd, 000278.783, 170
Trd, 000278.950, 171
Trd, 000280.033, 175
Trd, 000280.600, 176
Trd, 000280.933, 177
Trd, 000281.067, 178
Trd, 000281.133, 178
Trd, 000281.917, 177
Trd, 000282.317, 178
Trd, 000282.333, 176
Trd, 000282.917, 176
Trd, 000283.067, 178
Trd, 000283.383, 176
Trd, 000283.433, 174
Trd, 000283.950, 174
Trd, 000284.183, 178
Trd, 000284.250, 173
Trd, 000284.283, 172
Trd, 000285.500, 177
Trd, 000285.617, 179
Trd, 000286.400, 178
Trd, 000286.883, 176
Trd, 000287.083, 177
Trd, 000288.317, 177
Trd, 000288.617, 178
Trd, 000289.083, 180
Trd, 000289.200, 176
Trd, 000289.517, 181
Trd, 000289.700, 182
Trd, 000289.750, 184
Trd, 000290.550, 188
Trd, 000290.650, 187
Trd, 000290.667, 179
Trd, 000291.850, 176
Trd, 000291.867, 173
Trd, 000292.050, 169
Trd, 000292.133, 185
Trd, 000292.767, 177
Trd, 000292.833, 187
Trd, 000293.833, 187
Trd, 000293.867, 188
Trd, 000294.467, 189
Trd, 000294.533, 189
Trd, 000294.567, 173
Trd, 000295.500, 185
Trd, 000295.550, 184
Trd, 000296.800, 177
Trd, 000297.167, 178
Trd, 000297.633, 182
Trd, 000297.767, 179
Trd, 000298.817, 180
Trd, 000299.150, 177
Trd, 000299.367, 179
Trd, 000299.933, 177
