Trd, 000000.800, 166
Trd, 000001.300, 100
Trd, 000001.833, 110
Trd, 000002.017, 154
Trd, 000003.300, 155
Trd, 000005.167, 152
Trd, 000005.533, 152
Trd, 000006.600, 155
Trd, 000006.767, 143
Trd, 000007.433, 153
Trd, 000007.767, 154
Trd, 000008.133, 150
Trd, 000008.383, 159
Trd, 000009.217, 156
Trd, 000011.067, 157
Trd, 000011.533, 156
Trd, 000012.350, 151
Trd, 000012.683, 153
Trd, 000012.983, 138
Trd, 000013.017, 155
Trd, 000013.417, 135
Trd, 000014.383, 158
Trd, 000015.433, 154
Trd, 000016.067, 159
Trd, 000016.433, 156
Trd, 000016.483, 156
Trd, 000018.300, 151
Trd, 000018.500, 150
Trd, 000019.600, 153
Trd, 000019.933, 153
Trd, 000020.217, 152
Trd, 000020.733, 162
Trd, 000020.900, 160
Trd, 000021.000, 152
Trd, 000021.700, 145
Trd, 000022.350, 144
Trd, 000024.467, 146
Trd, 000024.633, 146
Trd, 000024.667, 145
Trd, 000024.933, 150
Trd, 000025.367, 152
Trd, 000027.433, 151
Trd, 000027.467, 156
Trd, 000027.817, 157
Trd, 000029.600, 159
Trd, 000029.917, 160
Trd, 000031.150, 153
Trd, 000031.283, 158
Trd, 000031.300, 161
Trd, 000031.367, 152
Trd, 000032.900, 153
Trd, 000033.583, 153
Trd, 000034.283, 156
Trd, 000034.683, 153
Trd, 000034.883, 154
Trd, 000035.317, 152
Trd, 000035.450, 158
Trd, 000035.667, 161
Trd, 000036.583, 152
Trd, 000036.933, 162
Trd, 000038.467, 159
Trd, 000038.517, 155
Trd, 000038.800, 160
Trd, 000040.100, 159
Trd, 000040.500, 157
Trd, 000040.733, 156
Trd, 000041.117, 160
Trd, 000042.183, 155
Trd, 000043.033, 160
Trd, 000043.467, 155
Trd, 000043.700, 156
Trd, 000043.800, 161
Trd, 000043.817, 154
Trd, 000043.967, 153
Trd, 000044.433, 162
Trd, 000045.450, 164
Trd, 000045.517, 156
Trd, 000045.633, 169
Trd, 000045.767, 179
Trd, 000046.483, 156
Trd, 000047.000, 160
Trd, 000047.033, 157
Trd, 000047.600, 155
Trd, 000048.783, 149
Trd, 000049.183, 161
Trd, 000049.433, 162
Trd, 000049.517, 148
Trd, 000050.250, 151
Trd, 000050.500, 143
Trd, 000050.517, 154
Trd, 000050.933, 142
Trd, 000051.033, 155
Trd, 000051.450, 150
Trd, 000051.917, 140
Trd, 000052.400, 162
Trd, 000052.867, 163
Trd, 000054.617, 160
Trd, 000055.300, 153
Trd, 000055.550, 164
Trd, 000055.767, 159
Trd, 000057.000, 149
Trd, 000059.400, 161
Trd, 000059.600, 160
Trd, 000059.883, 159
Trd, 000060.617, 164
Trd, 000061.417, 161
Trd, 000061.717, 161
Trd, 000062.083, 162
Trd, 000063.200, 163
Trd, 000063.817, 163
Trd, 000064.350, 163
Trd, 000064.900, 158
Trd, 000065.550, 161
Trd, 000066.317, 160
Trd, 000066.467, 163
Trd, 000067.400, 164
Trd, 000067.417, 163
Trd, 000068.517, 162
Trd, 000069.117, 165
Trd, 000069.133, 162
Trd, 000070.067, 162
Trd, 000070.600, 165
Trd, 000070.717, 157
Trd, 000071.050, 151
Trd, 000072.183, 160
Trd, 000072.900, 152
Trd, 000073.033, 151
Trd, 000073.450, 162
Trd, 000074.883, 159
Trd, 000075.283, 160
Trd, 000075.450, 159
Trd, 000075.600, 158
Trd, 000077.533, 157
Trd, 000077.633, 158
Trd, 000077.733, 169
Trd, 000079.350, 159
Trd, 000079.667, 162
Trd, 000080.833, 159
Trd, 000080.933, 159
Trd, 000081.667, 156
Trd, 000081.733, 158
Trd, 000083.867, 162
Trd, 000083.933, 163
Trd, 000084.850, 162
Trd, 000085.233, 158
Trd, 000086.200, 161
Trd, 000086.533, 161
Trd, 000086.567, 160
Trd, 000087.033, 162
Trd, 000087.583, 159
Trd, 000088.917, 159
Trd, 000089.467, 164
Trd, 000090.083, 152
Trd, 000090.333, 165
Trd, 000090.900, 164
Trd, 000091.433, 163
Trd, 000091.850, 166
Trd, 000093.917, 164
Trd, 000094.433, 164
Trd, 000094.683, 170
Trd, 000095.500, 170
Trd, 000096.383, 167
Trd, 000096.617, 168
Trd, 000097.167, 160
Trd, 000098.117, 160
Trd, 000099.567, 166
Trd, 000099.750, 166
Trd, 000100.183, 167
Trd, 000101.133, 162
Trd, 000101.217, 160
Trd, 000101.633, 165
Trd, 000102.500, 158
Trd, 000102.800, 154
Trd, 000103.283, 165
Trd, 000104.150, 168
Trd, 000105.050, 168
Trd, 000105.750, 161
Trd, 000105.783, 162
Trd, 000107.250, 166
Trd, 000107.417, 170
Trd, 000108.250, 173
Trd, 000108.267, 166
Trd, 000109.300, 169
Trd, 000109.750, 170
Trd, 000110.300, 171
Trd, 000110.583, 166
Trd, 000110.950, 176
Trd, 000111.200, 166
Trd, 000112.567, 163
Trd, 000113.700, 166
Trd, 000114.317, 165
Trd, 000115.133, 166
Trd, 000116.417, 165
Trd, 000116.667, 165
Trd, 000117.050, 161
Trd, 000117.933, 160
Trd, 000118.083, 165
Trd, 000118.100, 159
Trd, 000118.167, 159
Trd, 000118.317, 173
Trd, 000118.467, 155
Trd, 000118.883, 170
Trd, 000120.350, 166
Trd, 000121.417, 164
Trd, 000121.617, 163
Trd, 000122.683, 167
Trd, 000123.667, 165
Trd, 000123.783, 177
Trd, 000123.950, 170
Trd, 000124.333, 163
Trd, 000124.433, 170
Trd, 000125.817, 163
Trd, 000125.850, 162
Trd, 000127.667, 172
Trd, 000128.333, 172
Trd, 000129.150, 161
Trd, 000130.233, 169
Trd, 000130.283, 170
Trd, 000130.833, 167
Trd, 000132.117, 166
Trd, 000132.567, 168
Trd, 000132.733, 171
Trd, 000132.933, 167
Trd, 000133.233, 163
Trd, 000134.683, 174
Trd, 000135.067, 162
Trd, 000136.750, 170
Trd, 000137.133, 169
Trd, 000137.250, 164
Trd, 000137.567, 172
Trd, 000137.900, 161
Trd, 000139.100, 171
Trd, 000139.467, 172
Trd, 000141.117, 169
Trd, 000142.017, 177
Trd, 000142.250, 172
Trd, 000142.817, 168
Trd, 000143.217, 172
Trd, 000143.933, 165
Trd, 000143.950, 164
Trd, 000144.850, 170
Trd, 000145.500, 158
Trd, 000145.767, 172
Trd, 000145.967, 157
Trd, 000146.267, 152
Trd, 000146.467, 175
Trd, 000146.533, 176
Trd, 000146.867, 189
Trd, 000148.650, 164
Trd, 000148.750, 163
Trd, 000149.733, 170
Trd, 000149.767, 173
Trd, 000149.817, 161
Trd, 000150.067, 163
Trd, 000152.183, 170
Trd, 000152.400, 171
Trd, 000152.467, 172
Trd, 000152.717, 170
Trd, 000152.750, 158
Trd, 000153.067, 177
Trd, 000154.600, 172
Trd, 000154.933, 168
Trd, 000155.300, 174
Trd, 000156.067, 169
Trd, 000156.083, 175
Trd, 000156.333, 174
Trd, 000156.900, 166
Trd, 000157.483, 166
Trd, 000157.667, 170
Trd, 000157.683, 171
Trd, 000157.900, 165
Trd, 000158.950, 165
Trd, 000160.433, 166
Trd, 000161.067, 162
Trd, 000161.583, 163
Trd, 000161.933, 162
Trd, 000162.650, 161
Trd, 000162.717, 163
Trd, 000163.583, 162
Trd, 000165.067, 168
Trd, 000165.283, 162
Trd, 000165.767, 171
Trd, 000167.533, 170
Trd, 000167.950, 174
Trd, 000167.983, 165
Trd, 000169.517, 166
Trd, 000171.183, 166
Trd, 000171.450, 172
Trd, 000172.483, 168
Trd, 000173.017, 168
Trd, 000173.717, 167
Trd, 000174.783, 168
Trd, 000175.900, 168
Trd, 000176.333, 168
Trd, 000176.467, 167
Trd, 000177.267, 168
Trd, 000177.417, 173
Trd, 000177.550, 174
Trd, 000178.433, 168
Trd, 000179.750, 168
Trd, 000179.783, 166
Trd, 000179.950, 162
Trd, 000181.217, 173
Trd, 000181.917, 179
Trd, 000182.350, 167
Trd, 000184.467, 174
Trd, 000184.900, 173
Trd, 000185.083, 175
Trd, 000185.850, 172
Trd, 000185.967, 169
Trd, 000186.350, 171
Trd, 000187.183, 170
Trd, 000187.550, 173
Trd, 000188.333, 174
Trd, 000188.933, 171
Trd, 000189.267, 176
Trd, 000189.983, 171
Trd, 000190.033, 177
Trd, 000190.200, 169
Trd, 000190.667, 161
Trd, 000191.433, 176
Trd, 000192.417, 176
Trd, 000193.583, 179
Trd, 000193.900, 177
Trd, 000194.017, 178
Trd, 000194.267, 176
Trd, 000194.883, 177
Trd, 000195.250, 176
Trd, 000195.417, 174
Trd, 000195.783, 181
Trd, 000197.350, 177
Trd, 000197.650, 170
Trd, 000198.983, 169
Trd, 000200.883, 168
Trd, 000201.000, 169
Trd, 000202.000, 171
Trd, 000202.217, 175
Trd, 000203.433, 172
Trd, 000203.467, 170
Trd, 000203.800, 173
Trd, 000204.133, 169
Trd, 000204.267, 163
Trd, 000205.383, 168
Trd, 000205.950, 170
Trd, 000207.383, 169
Trd, 000208.250, 169
Trd, 000208.450, 176
Trd, 000209.400, 169
Trd, 000210.317, 169
Trd, 000211.933, 173
Trd, 000213.083, 172
Trd, 000213.183, 183
Trd, 000214.867, 179
Trd, 000215.383, 176
Trd, 000215.500, 174
Trd, 000215.650, 181
Trd, 000215.750, 178
Trd, 000216.850, 182
Trd, 000217.500, 179
Trd, 000218.900, 172
Trd, 000219.383, 172
Trd, 000219.800, 180
Trd, 000220.667, 179
Trd, 000220.717, 177
Trd, 000221.000, 180
Trd, 000221.150, 170
Trd, 000221.750, 166
Trd, 000221.883, 177
Trd, 000223.083, 177
Trd, 000223.817, 172
Trd, 000224.700, 176
Trd, 000226.150, 178
Trd, 000226.583, 175
Trd, 000226.917, 173
Trd, 000228.400, 177
Trd, 000228.433, 173
Trd, 000230.183, 178
Trd, 000230.233, 174
Trd, 000231.000, 181
Trd, 000231.117, 182
Trd, 000231.483, 182
Trd, 000232.267, 176
Trd, 000232.600, 177
Trd, 000233.000, 181
Trd, 000233.200, 171
Trd, 000233.967, 175
Trd, 000234.267, 179
Trd, 000235.150, 180
Trd, 000235.767, 179
Trd, 000235.900, 178
Trd, 000236.583, 174
Trd, 000237.200, 174
Trd, 000238.383, 173
Trd, 000238.583, 179
Trd, 000239.100, 170
Trd, 000239.933, 170
Trd, 000240.633, 173
Trd, 000240.933, 174
Trd, 000241.350, 165
Trd, 000242.067, 171
Trd, 000242.200, 173
Trd, 000242.500, 175
Trd, 000243.650, 175
Trd, 000243.833, 178
Trd, 000244.467, 178
Trd, 000245.217, 176
Trd, 000246.117, 178
Trd, 000246.817, 178
Trd, 000247.400, 174
Trd, 000247.500, 173
Trd, 000247.667, 172
Trd, 000248.700, 176
Trd, 000248.733, 178
Trd, 000249.100, 172
Trd, 000250.050, 173
Trd, 000250.883, 173
Trd, 000250.933, 176
Trd, 000251.500, 180
Trd, 000251.700, 175
Trd, 000252.150, 178
Trd, 000252.933, 180
Trd, 000253.333, 181
Trd, 000253.550, 183
Trd, 000254.167, 187
Trd, 000254.500, 186
Trd, 000254.733, 187
Trd, 000255.517, 184
Trd, 000255.650, 185
Trd, 000256.567, 186
Trd, 000256.967, 181
Trd, 000257.267, 180
Trd, 000257.417, 178
Trd, 000257.917, 180
Trd, 000259.100, 177
Trd, 000259.417, 175
Trd, 000259.767, 174
Trd, 000260.000, 179
Trd, 000260.100, 180
Trd, 000260.350, 180
Trd, 000260.817, 181
Trd, 000261.050, 184
Trd, 000261.933, 182
Trd, 000262.017, 183
Trd, 000262.250, 181
Trd, 000262.267, 180
Trd, 000262.733, 178
Trd, 000262.933, 180
Trd, 000263.167, 176
Trd, 000263.633, 187
Trd, 000265.067, 194
Trd, 000265.217, 204
Trd, 000266.667, 189
Trd, 000266.867, 184
Trd, 000267.167, 186
Trd, 000267.517, 187
Trd, 000267.583, 185
Trd, 000268.083, 187
Trd, 000268.800, 184
Trd, 000269.783, 182
Trd, 000269.917, 177
Trd, 000270.000, 180
Trd, 000271.417, 178
Trd, 000272.000, 179
Trd, 000272.333, 177
Trd, 000272.917, 179
Trd, 000272.983, 182
Trd, 000273.467, 178
Trd, 000273.667, 176
Trd, 000273.933, 179
Trd, 000274.283, 175
Trd, 000274.500, 179
Trd, 000274.767, 176
Trd, 000275.267, 178
Trd, 000275.567, 179
Trd, 000275.800, 182
Trd, 000276.800, 183
Trd, 000277.550, 179
Trd, 000277.783, 185
Trd, 000278.133, 177
Trd, 000279.000, 185
Trd, 000279.317, 184
Trd, 000279.933, 183
Trd, 000280.200, 184
Trd, 000280.250, 176
Trd, 000280.983, 180
Trd, 000281.000, 186
Trd, 000281.967, 188
Trd, 000282.917, 193
Trd, 000283.433, 184
Trd, 000283.733, 188
Trd, 000283.967, 183
Trd, 000284.517, 184
Trd, 000284.967, 186
Trd, 000285.350, 190
Trd, 000285.533, 185
Trd, 000285.683, 193
Trd, 000285.783, 201
Trd, 000286.467, 184
Trd, 000286.967, 183
Trd, 000287.583, 179
Trd, 000288.000, 180
Trd, 000288.250, 185
Trd, 000288.417, 174
Trd, 000288.833, 180
Trd, 000290.083, 184
Trd, 000290.217, 184
Trd, 000290.250, 187
Trd, 000290.467, 184
Trd, 000290.767, 191
Trd, 000291.183, 184
Trd, 000291.300, 172
Trd, 000291.383, 166
Trd, 000291.833, 163
Trd, 000293.083, 181
Trd, 000293.483, 180
Trd, 000294.200, 179
Trd, 000294.717, 176
Trd, 000294.750, 179
Trd, 000294.917, 175
Trd, 000295.150, 174
Trd, 000295.267, 168
Trd, 000296.133, 180
Trd, 000296.217, 167
Trd, 000296.567, 180
Trd, 000296.583, 166
Trd, 000296.767, 183
Trd, 000297.750, 175
Trd, 000298.050, 173
Trd, 000298.100, 185
Trd, 000298.233, 188
Trd, 000299.067, 175
Trd, 000299.617, 180
