Trd, 000000.600, 127
Trd, 000002.600, 168
Trd, 000002.833, 151
Trd, 000003.033, 143
Trd, 000003.350, 140
Trd, 000004.133, 143
Trd, 000005.167, 170
Trd, 000005.500, 140
Trd, 000005.817, 139
Trd, 000006.367, 151
Trd, 000007.233, 151
Trd, 000008.083, 150
Trd, 000009.383, 149
Trd, 000009.817, 149
Trd, 000010.817, 148
Trd, 000011.100, 148
Trd, 000011.317, 150
Trd, 000012.000, 148
Trd, 000012.067, 149
Trd, 000012.317, 144
Trd, 000012.817, 146
Trd, 000013.600, 147
Trd, 000014.400, 147
Trd, 000014.800, 148
Trd, 000015.767, 147
Trd, 000015.950, 147
Trd, 000016.883, 149
Trd, 000017.600, 148
Trd, 000017.833, 149
Trd, 000018.567, 150
Trd, 000018.767, 149
Trd, 000020.117, 148
Trd, 000020.500, 149
Trd, 000021.133, 150
Trd, 000021.350, 147
Trd, 000022.133, 147
Trd, 000022.383, 146
Trd, 000022.517, 148
Trd, 000022.550, 150
Trd, 000023.433, 145
Trd, 000024.717, 147
Trd, 000024.833, 147
Trd, 000025.717, 145
Trd, 000026.483, 146
Trd, 000026.750, 145
Trd, 000027.433, 145
Trd, 000028.083, 150
Trd, 000028.200, 151
Trd, 000028.867, 150
Trd, 000028.967, 143
Trd, 000029.083, 152
Trd, 000029.200, 143
Trd, 000030.067, 149
Trd, 000030.850, 149
Trd, 000031.350, 144
Trd, 000031.800, 147
Trd, 000031.950, 154
Trd, 000034.383, 148
Trd, 000034.417, 146
Trd, 000034.567, 148
Trd, 000035.450, 147
Trd, 000035.967, 147
Trd, 000036.133, 146
Trd, 000036.533, 148
Trd, 000036.867, 153
Trd, 000038.017, 151
Trd, 000038.133, 146
Trd, 000038.283, 149
Trd, 000038.383, 145
Trd, 000038.817, 150
Trd, 000039.183, 145
Trd, 000040.500, 175
Trd, 000041.300, 173
Trd, 000042.150, 173
Trd, 000044.800, 168
Trd, 000045.017, 158
Trd, 000045.283, 153
Trd, 000045.583, 157
Trd, 000046.400, 155
Trd, 000047.117, 151
Trd, 000047.267, 155
Trd, 000048.133, 151
Trd, 000048.317, 152
Trd, 000048.617, 152
Trd, 000049.267, 150
Trd, 000049.667, 146
Trd, 000050.167, 148
Trd, 000050.767, 148
Trd, 000051.650, 148
Trd, 000052.367, 148
Trd, 000053.450, 148
Trd, 000053.967, 148
Trd, 000054.317, 147
Trd, 000054.717, 149
Trd, 000054.883, 160
Trd, 000056.450, 168
Trd, 000057.483, 162
Trd, 000058.017, 163
Trd, 000058.433, 162
Trd, 000058.667, 148
Trd, 000059.600, 157
Trd, 000060.400, 155
Trd, 000060.750, 154
Trd, 000061.367, 154
Trd, 000062.117, 147
Trd, 000062.667, 146
Trd, 000062.883, 152
Trd, 000063.817, 152
Trd, 000064.000, 151
Trd, 000064.517, 150
Trd, 000064.700, 151
Trd, 000065.067, 149
Trd, 000065.833, 149
Trd, 000065.900, 150
Trd, 000067.083, 150
Trd, 000068.400, 151
Trd, 000068.533, 150
Trd, 000070.000, 149
Trd, 000070.033, 148
Trd, 000070.783, 150
Trd, 000070.850, 152
Trd, 000072.283, 150
Trd, 000072.950, 150
Trd, 000073.067, 151
Trd, 000073.267, 150
Trd, 000073.750, 150
Trd, 000074.133, 153
Trd, 000074.833, 151
Trd, 000076.117, 155
Trd, 000077.233, 154
Trd, 000078.267, 155
Trd, 000078.950, 155
Trd, 000079.367, 155
Trd, 000079.600, 157
Trd, 000079.733, 154
Trd, 000080.167, 157
Trd, 000080.683, 160
Trd, 000081.000, 171
Trd, 000081.800, 159
Trd, 000083.200, 157
Trd, 000083.350, 158
Trd, 000084.850, 153
Trd, 000084.967, 154
Trd, 000086.417, 155
Trd, 000086.433, 157
Trd, 000086.800, 157
Trd, 000086.850, 153
Trd, 000087.417, 159
Trd, 000088.633, 158
Trd, 000089.817, 157
Trd, 000090.567, 154
Trd, 000090.850, 153
Trd, 000091.000, 154
Trd, 000091.350, 153
Trd, 000092.033, 152
Trd, 000092.950, 146
Trd, 000093.717, 152
Trd, 000093.783, 154
Trd, 000093.950, 155
Trd, 000095.350, 154
Trd, 000095.850, 151
Trd, 000095.867, 154
Trd, 000096.167, 149
Trd, 000096.600, 149
Trd, 000096.667, 150
Trd, 000096.850, 148
Trd, 000097.450, 150
Trd, 000098.500, 150
Trd, 000098.567, 152
Trd, 000098.783, 154
Trd, 000099.983, 154
Trd, 000100.533, 152
Trd, 000101.400, 152
Trd, 000101.450, 156
Trd, 000102.250, 150
Trd, 000102.417, 154
Trd, 000102.800, 159
Trd, 000103.817, 153
Trd, 000104.167, 160
Trd, 000105.417, 151
Trd, 000106.267, 151
Trd, 000106.533, 156
Trd, 000107.267, 152
Trd, 000107.500, 155
Trd, 000107.517, 152
Trd, 000108.067, 154
Trd, 000108.667, 155
Trd, 000110.517, 154
Trd, 000110.533, 154
Trd, 000112.733, 153
Trd, 000112.950, 152
Trd, 000113.283, 153
Trd, 000113.900, 151
Trd, 000114.117, 151
Trd, 000114.483, 152
Trd, 000116.550, 152
Trd, 000116.850, 153
Trd, 000116.900, 154
Trd, 000117.367, 154
Trd, 000117.700, 155
Trd, 000118.150, 154
Trd, 000118.533, 149
Trd, 000120.233, 180
Trd, 000120.467, 178
Trd, 000120.667, 177
Trd, 000121.083, 168
Trd, 000122.450, 167
Trd, 000123.483, 165
Trd, 000123.917, 164
Trd, 000124.500, 165
Trd, 000125.383, 163
Trd, 000126.233, 163
Trd, 000126.633, 159
Trd, 000127.350, 160
Trd, 000127.800, 160
Trd, 000128.217, 157
Trd, 000128.533, 158
Trd, 000128.683, 159
Trd, 000129.250, 157
Trd, 000129.433, 159
Trd, 000129.633, 160
Trd, 000130.600, 161
Trd, 000130.933, 157
Trd, 000131.700, 157
Trd, 000132.333, 156
Trd, 000132.833, 157
Trd, 000134.083, 156
Trd, 000134.267, 157
Trd, 000134.533, 155
Trd, 000134.767, 158
Trd, 000135.267, 159
Trd, 000135.800, 156
Trd, 000136.100, 159
Trd, 000136.933, 159
Trd, 000138.033, 160
Trd, 000138.600, 162
Trd, 000139.867, 163
Trd, 000140.200, 164
Trd, 000140.600, 163
Trd, 000140.767, 164
Trd, 000141.150, 161
Trd, 000141.667, 165
Trd, 000141.817, 167
Trd, 000143.667, 162
Trd, 000144.617, 163
Trd, 000144.683, 164
Trd, 000145.117, 163
Trd, 000145.650, 158
Trd, 000145.933, 164
Trd, 000146.983, 161
Trd, 000147.467, 158
Trd, 000147.950, 161
Trd, 000148.500, 161
Trd, 000148.783, 157
Trd, 000148.900, 163
Trd, 000149.317, 165
Trd, 000149.483, 166
Trd, 000152.050, 163
Trd, 000152.217, 163
Trd, 000152.967, 163
Trd, 000153.167, 164
Trd, 000154.267, 164
Trd, 000154.800, 164
Trd, 000154.983, 162
Trd, 000156.383, 162
Trd, 000157.300, 162
Trd, 000157.633, 162
Trd, 000157.833, 161
Trd, 000158.167, 158
Trd, 000158.517, 162
Trd, 000158.917, 162
Trd, 000159.217, 166
Trd, 000161.550, 166
Trd, 000162.283, 158
Trd, 000162.500, 159
Trd, 000162.667, 157
Trd, 000162.767, 160
Trd, 000162.900, 158
Trd, 000163.967, 158
Trd, 000164.150, 156
Trd, 000164.517, 156
Trd, 000164.883, 154
Trd, 000164.950, 154
Trd, 000165.983, 153
Trd, 000166.150, 154
Trd, 000166.667, 153
Trd, 000167.083, 152
Trd, 000167.367, 153
Trd, 000167.583, 154
Trd, 000167.800, 167
Trd, 000168.200, 188
Trd, 000169.267, 167
Trd, 000169.817, 163
Trd, 000170.183, 157
Trd, 000171.467, 164
Trd, 000172.083, 164
Trd, 000172.883, 161
Trd, 000173.017, 160
Trd, 000173.133, 168
Trd, 000173.167, 165
Trd, 000173.317, 168
Trd, 000174.150, 166
Trd, 000174.283, 167
Trd, 000174.600, 180
Trd, 000174.783, 179
Trd, 000174.833, 160
Trd, 000176.017, 160
Trd, 000177.733, 171
Trd, 000178.217, 179
Trd, 000178.833, 163
Trd, 000180.117, 174
Trd, 000181.367, 168
Trd, 000181.567, 167
Trd, 000181.933, 167
Trd, 000182.550, 169
Trd, 000183.150, 168
Trd, 000183.267, 168
Trd, 000184.117, 167
Trd, 000184.483, 168
Trd, 000184.633, 168
Trd, 000186.433, 165
Trd, 000187.183, 165
Trd, 000188.167, 165
Trd, 000188.717, 164
Trd, 000189.033, 164
Trd, 000189.467, 164
Trd, 000189.767, 163
Trd, 000189.967, 164
Trd, 000190.317, 162
Trd, 000190.517, 155
Trd, 000191.417, 158
Trd, 000192.467, 163
Trd, 000193.067, 168
Trd, 000193.317, 170
Trd, 000194.900, 167
Trd, 000195.150, 167
Trd, 000195.717, 166
Trd, 000196.283, 167
Trd, 000196.333, 170
Trd, 000197.883, 169
Trd, 000198.800, 165
Trd, 000199.817, 165
Trd, 000200.433, 165
Trd, 000201.067, 166
Trd, 000201.083, 162
Trd, 000202.117, 166
Trd, 000203.283, 166
Trd, 000203.450, 168
Trd, 000204.433, 165
Trd, 000204.683, 166
Trd, 000204.817, 166
Trd, 000205.467, 169
Trd, 000206.650, 166
Trd, 000206.700, 169
Trd, 000207.067, 166
Trd, 000209.167, 166
Trd, 000209.433, 167
Trd, 000210.067, 166
Trd, 000210.150, 166
Trd, 000210.450, 165
Trd, 000210.600, 168
Trd, 000210.783, 161
Trd, 000211.017, 169
Trd, 000211.833, 162
Trd, 000212.350, 164
Trd, 000212.583, 162
Trd, 000212.967, 165
Trd, 000213.583, 172
Trd, 000213.717, 172
Trd, 000214.850, 178
Trd, 000215.183, 188
Trd, 000215.500, 177
Trd, 000216.000, 176
Trd, 000216.450, 177
Trd, 000216.800, 161
Trd, 000216.967, 176
Trd, 000218.867, 164
Trd, 000219.117, 166
Trd, 000219.617, 166
Trd, 000219.950, 164
Trd, 000220.283, 166
Trd, 000220.583, 167
Trd, 000222.767, 166
Trd, 000222.983, 166
Trd, 000223.350, 162
Trd, 000223.667, 159
Trd, 000224.517, 163
Trd, 000225.100, 160
Trd, 000225.217, 159
Trd, 000225.933, 160
Trd, 000226.133, 161
Trd, 000226.183, 163
Trd, 000227.067, 164
Trd, 000227.667, 166
Trd, 000228.183, 164
Trd, 000229.317, 165
Trd, 000230.100, 165
Trd, 000230.333, 166
Trd, 000230.417, 165
Trd, 000230.683, 166
Trd, 000231.233, 166
Trd, 000231.283, 167
Trd, 000231.983, 163
Trd, 000233.217, 174
Trd, 000234.033, 174
Trd, 000234.917, 173
Trd, 000235.100, 174
Trd, 000235.667, 173
Trd, 000236.117, 171
Trd, 000236.717, 172
Trd, 000237.950, 170
Trd, 000238.267, 169
Trd, 000238.700, 170
Trd, 000239.517, 169
Trd, 000239.650, 169
Trd, 000239.700, 169
Trd, 000239.983, 169
Trd, 000240.133, 169
Trd, 000240.233, 168
Trd, 000240.467, 167
Trd, 000241.400, 167
Trd, 000242.183, 165
Trd, 000242.517, 164
Trd, 000242.917, 161
Trd, 000243.617, 165
Trd, 000243.967, 164
Trd, 000244.300, 162
Trd, 000244.333, 161
Trd, 000245.033, 160
Trd, 000245.183, 162
Trd, 000245.333, 163
Trd, 000245.500, 163
Trd, 000245.700, 163
Trd, 000245.883, 164
Trd, 000246.300, 168
Trd, 000246.633, 180
Trd, 000247.517, 176
Trd, 000248.717, 178
Trd, 000249.117, 178
Trd, 000249.433, 176
Trd, 000249.483, 175
Trd, 000249.883, 173
Trd, 000250.167, 159
Trd, 000250.550, 172
Trd, 000252.350, 170
Trd, 000252.550, 169
Trd, 000252.667, 170
Trd, 000253.100, 164
Trd, 000253.117, 169
Trd, 000253.550, 176
Trd, 000253.700, 172
Trd, 000254.867, 166
Trd, 000255.217, 165
Trd, 000255.283, 170
Trd, 000255.500, 167
Trd, 000256.000, 169
Trd, 000256.217, 171
Trd, 000257.033, 171
Trd, 000257.183, 170
Trd, 000257.317, 171
Trd, 000257.850, 173
Trd, 000258.100, 174
Trd, 000258.217, 176
Trd, 000258.383, 173
Trd, 000258.917, 175
Trd, 000259.600, 175
Trd, 000259.767, 173
Trd, 000260.283, 175
Trd, 000260.517, 175
Trd, 000260.700, 176
Trd, 000260.767, 172
Trd, 000261.917, 170
Trd, 000262.200, 169
Trd, 000262.983, 173
Trd, 000263.150, 174
Trd, 000263.483, 168
Trd, 000263.967, 172
Trd, 000264.533, 170
Trd, 000264.967, 170
Trd, 000266.017, 166
Trd, 000266.350, 170
Trd, 000266.383, 171
Trd, 000267.783, 169
Trd, 000268.033, 170
Trd, 000268.083, 173
Trd, 000268.517, 168
Trd, 000268.750, 164
Trd, 000269.133, 162
Trd, 000269.183, 166
Trd, 000269.533, 166
Trd, 000269.567, 167
Trd, 000270.217, 168
Trd, 000270.483, 166
Trd, 000271.250, 175
Trd, 000271.633, 169
Trd, 000271.950, 166
Trd, 000271.983, 165
Trd, 000272.833, 171
Trd, 000273.150, 165
Trd, 000273.233, 171
Trd, 000273.600, 164
Trd, 000273.717, 168
Trd, 000274.033, 171
Trd, 000275.400, 176
Trd, 000275.683, 181
Trd, 000276.583, 180
Trd, 000277.100, 184
Trd, 000277.233, 182
Trd, 000277.433, 178
Trd, 000278.367, 180
Trd, 000278.600, 182
Trd, 000279.250, 180
Trd, 000279.617, 180
Trd, 000279.733, 179
Trd, 000279.783, 181
Trd, 000280.283, 179
Trd, 000281.000, 178
Trd, 000281.217, 179
Trd, 000282.033, 171
Trd, 000283.133, 176
Trd, 000283.350, 176
Trd, 000283.600, 176
Trd, 000283.733, 168
Trd, 000283.967, 176
Trd, 000284.267, 176
Trd, 000284.467, 176
Trd, 000285.000, 184
Trd, 000285.633, 185
Trd, 000285.783, 186
Trd, 000286.000, 187
Trd, 000286.250, 183
Trd, 000286.433, 189
Trd, 000286.683, 187
Trd, 000288.550, 179
Trd, 000288.667, 183
Trd, 000288.733, 185
Trd, 000288.917, 186
Trd, 000289.283, 179
Trd, 000290.283, 181
Trd, 000290.417, 183
Trd, 000291.167, 181
Trd, 000291.600, 172
Trd, 000292.000, 178
Trd, 000292.133, 182
Trd, 000292.967, 174
Trd, 000293.133, 175
Trd, 000293.950, 172
Trd, 000294.233, 174
Trd, 000294.317, 175
Trd, 000294.650, 176
Trd, 000294.683, 180
Trd, 000294.917, 177
Trd, 000295.583, 172
Trd, 000296.067, 169
Trd, 000296.283, 182
Trd, 000296.933, 183
Trd, 000297.933, 186
Trd, 000297.950, 179
Trd, 000298.300, 186
Trd, 000298.583, 175
Trd, 000299.750, 185
