Trd, 000002.850, 151
Trd, 000002.900, 144
Trd, 000002.983, 152
Trd, 000003.517, 131
Trd, 000004.733, 141
Trd, 000004.867, 153
Trd, 000005.317, 150
Trd, 000005.917, 154
Trd, 000006.550, 155
Trd, 000006.933, 155
Trd, 000007.633, 154
Trd, 000007.800, 153
Trd, 000008.950, 151
Trd, 000009.100, 150
Trd, 000010.550, 153
Trd, 000010.583, 154
Trd, 000010.933, 151
Trd, 000011.533, 151
Trd, 000012.217, 143
Trd, 000012.450, 151
Trd, 000013.300, 145
Trd, 000015.267, 150
Trd, 000015.767, 150
Trd, 000015.833, 147
Trd, 000016.817, 149
Trd, 000016.967, 150
Trd, 000017.967, 151
Trd, 000018.300, 157
Trd, 000018.400, 159
Trd, 000019.283, 150
Trd, 000019.500, 153
Trd, 000020.333, 158
Trd, 000020.617, 154
Trd, 000021.167, 157
Trd, 000021.500, 153
Trd, 000021.733, 152
Trd, 000021.767, 150
Trd, 000022.933, 157
Trd, 000023.167, 157
Trd, 000023.350, 164
Trd, 000023.817, 157
Trd, 000023.933, 156
Trd, 000024.517, 155
Trd, 000025.050, 164
Trd, 000027.033, 161
Trd, 000027.050, 159
Trd, 000027.817, 163
Trd, 000028.517, 160
Trd, 000029.583, 161
Trd, 000029.600, 152
Trd, 000030.517, 161
Trd, 000030.967, 159
Trd, 000032.433, 158
Trd, 000032.583, 156
Trd, 000032.633, 156
Trd, 000032.817, 159
Trd, 000032.900, 156
Trd, 000033.067, 160
Trd, 000033.367, 160
Trd, 000034.867, 156
Trd, 000035.350, 156
Trd, 000035.900, 157
Trd, 000036.067, 156
Trd, 000036.900, 156
Trd, 000037.467, 155
Trd, 000037.650, 158
Trd, 000038.067, 149
Trd, 000038.800, 144
Trd, 000039.767, 154
Trd, 000040.083, 153
Trd, 000040.317, 154
Trd, 000040.350, 159
Trd, 000040.450, 145
Trd, 000041.850, 153
Trd, 000042.117, 146
Trd, 000042.783, 146
Trd, 000042.817, 153
Trd, 000044.850, 151
Trd, 000045.000, 149
Trd, 000045.483, 153
Trd, 000046.683, 154
Trd, 000047.367, 156
Trd, 000047.550, 152
Trd, 000048.467, 155
Trd, 000048.583, 160
Trd, 000048.850, 160
Trd, 000049.333, 162
Trd, 000049.450, 155
Trd, 000050.100, 155
Trd, 000050.450, 146
Trd, 000050.767, 156
Trd, 000050.933, 157
Trd, 000051.117, 157
Trd, 000051.317, 139
Trd, 000051.483, 136
Trd, 000051.517, 156
Trd, 000053.183, 147
Trd, 000053.883, 148
Trd, 000054.900, 151
Trd, 000055.567, 150
Trd, 000057.350, 150
Trd, 000057.683, 158
Trd, 000058.233, 149
Trd, 000058.883, 147
Trd, 000059.217, 153
Trd, 000059.750, 154
Trd, 000059.783, 148
Trd, 000060.450, 154
Trd, 000060.733, 161
Trd, 000060.950, 164
Trd, 000061.617, 156
Trd, 000061.717, 159
Trd, 000062.167, 165
Trd, 000062.200, 157
Trd, 000063.000, 162
Trd, 000063.183, 161
Trd, 000064.017, 163
Trd, 000064.317, 159
Trd, 000064.433, 163
Trd, 000064.733, 164
Trd, 000065.233, 153
Trd, 000066.817, 164
Trd, 000069.467, 161
Trd, 000069.617, 162
Trd, 000070.267, 160
Trd, 000070.733, 160
Trd, 000071.200, 162
Trd, 000072.017, 159
Trd, 000072.133, 159
Trd, 000072.583, 159
Trd, 000073.500, 158
Trd, 000074.267, 159
Trd, 000075.067, 152
Trd, 000075.467, 157
Trd, 000075.517, 158
Trd, 000076.650, 148
Trd, 000077.383, 152
Trd, 000077.633, 148
Trd, 000077.833, 152
Trd, 000077.850, 150
Trd, 000078.367, 145
Trd, 000078.567, 153
Trd, 000079.250, 152
Trd, 000079.400, 146
Trd, 000079.617, 152
Trd, 000081.767, 149
Trd, 000082.683, 150
Trd, 000083.200, 151
Trd, 000083.283, 152
Trd, 000083.767, 151
Trd, 000084.300, 156
Trd, 000085.467, 153
Trd, 000085.633, 163
Trd, 000085.767, 152
Trd, 000086.167, 165
Trd, 000086.183, 164
Trd, 000086.333, 150
Trd, 000086.683, 149
Trd, 000086.900, 146
Trd, 000087.500, 164
Trd, 000087.883, 150
Trd, 000089.833, 159
Trd, 000090.200, 154
Trd, 000091.867, 158
Trd, 000091.967, 159
Trd, 000092.300, 160
Trd, 000093.217, 157
Trd, 000093.900, 155
Trd, 000094.267, 161
Trd, 000094.367, 154
Trd, 000095.117, 160
Trd, 000095.400, 154
Trd, 000095.717, 161
Trd, 000096.183, 162
Trd, 000096.367, 152
Trd, 000098.733, 157
Trd, 000099.483, 159
Trd, 000099.800, 160
Trd, 000100.450, 159
Trd, 000100.467, 157
Trd, 000100.517, 155
Trd, 000100.683, 160
Trd, 000101.883, 160
Trd, 000102.117, 160
Trd, 000102.133, 161
Trd, 000102.533, 165
Trd, 000103.133, 151
Trd, 000103.267, 144
Trd, 000104.517, 156
Trd, 000104.900, 149
Trd, 000107.017, 153
Trd, 000107.433, 153
Trd, 000107.817, 152
Trd, 000108.183, 149
Trd, 000108.750, 155
Trd, 000109.350, 155
Trd, 000109.383, 156
Trd, 000109.567, 166
Trd, 000110.717, 152
Trd, 000110.850, 150
Trd, 000111.217, 146
Trd, 000111.300, 160
Trd, 000111.833, 168
Trd, 000111.933, 163
Trd, 000113.083, 168
Trd, 000113.950, 169
Trd, 000114.250, 162
Trd, 000114.450, 161
Trd, 000115.317, 159
Trd, 000116.033, 164
Trd, 000117.067, 160
Trd, 000117.500, 164
Trd, 000118.117, 164
Trd, 000118.783, 165
Trd, 000118.833, 166
Trd, 000119.783, 164
Trd, 000121.250, 163
Trd, 000121.983, 163
Trd, 000122.017, 167
Trd, 000122.567, 167
Trd, 000122.633, 166
Trd, 000122.900, 157
Trd, 000122.983, 167
Trd, 000123.683, 174
Trd, 000124.150, 163
Trd, 000125.717, 165
Trd, 000126.150, 165
Trd, 000127.367, 159
Trd, 000128.050, 163
Trd, 000128.283, 167
Trd, 000129.183, 163
Trd, 000129.400, 163
Trd, 000130.083, 164
Trd, 000130.300, 167
Trd, 000130.350, 168
Trd, 000130.850, 163
Trd, 000130.867, 166
Trd, 000131.417, 165
Trd, 000132.283, 163
Trd, 000132.583, 166
Trd, 000133.133, 166
Trd, 000133.483, 161
Trd, 000134.450, 161
Trd, 000134.550, 163
Trd, 000134.583, 171
Trd, 000135.933, 160
Trd, 000136.200, 166
Trd, 000136.317, 160
Trd, 000136.900, 148
Trd, 000137.517, 144
Trd, 000139.100, 158
Trd, 000139.483, 159
Trd, 000139.867, 155
Trd, 000140.217, 158
Trd, 000140.367, 159
Trd, 000141.267, 169
Trd, 000141.417, 165
Trd, 000141.633, 162
Trd, 000142.300, 157
Trd, 000143.550, 161
Trd, 000144.483, 160
Trd, 000144.683, 161
Trd, 000145.183, 161
Trd, 000145.283, 160
Trd, 000145.633, 160
Trd, 000146.567, 159
Trd, 000147.700, 165
Trd, 000148.567, 157
Trd, 000149.050, 173
Trd, 000150.433, 158
Trd, 000151.000, 163
Trd, 000151.233, 164
Trd, 000151.350, 158
Trd, 000151.367, 165
Trd, 000151.767, 160
Trd, 000152.083, 165
Trd, 000152.967, 165
Trd, 000153.683, 166
Trd, 000154.133, 163
Trd, 000154.650, 166
Trd, 000155.533, 164
Trd, 000155.617, 170
Trd, 000157.817, 168
Trd, 000158.600, 164
Trd, 000158.867, 164
Trd, 000159.050, 168
Trd, 000159.067, 168
Trd, 000159.267, 163
Trd, 000159.283, 162
Trd, 000159.967, 168
Trd, 000161.700, 161
Trd, 000162.183, 164
Trd, 000162.900, 158
Trd, 000164.250, 157
Trd, 000164.950, 163
Trd, 000165.267, 156
Trd, 000165.683, 163
Trd, 000166.617, 161
Trd, 000167.533, 161
Trd, 000167.783, 161
Trd, 000167.950, 160
Trd, 000168.217, 164
Trd, 000170.233, 158
Trd, 000170.317, 163
Trd, 000170.567, 164
Trd, 000170.600, 172
Trd, 000170.617, 157
Trd, 000172.317, 168
Trd, 000173.450, 159
Trd, 000174.433, 162
Trd, 000175.417, 165
Trd, 000175.933, 166
Trd, 000176.267, 165
Trd, 000176.550, 167
Trd, 000176.700, 172
Trd, 000176.867, 164
Trd, 000177.033, 163
Trd, 000179.633, 164
Trd, 000179.783, 168
Trd, 000180.000, 169
Trd, 000181.833, 166
Trd, 000181.983, 170
Trd, 000182.083, 176
Trd, 000182.567, 165
Trd, 000182.917, 164
Trd, 000184.483, 163
Trd, 000185.733, 171
Trd, 000186.300, 171
Trd, 000186.450, 172
Trd, 000186.517, 172
Trd, 000186.883, 169
Trd, 000187.400, 173
Trd, 000188.117, 176
Trd, 000188.750, 172
Trd, 000188.767, 172
Trd, 000188.933, 172
Trd, 000190.350, 172
Trd, 000190.933, 174
Trd, 000192.217, 171
Trd, 000193.050, 172
Trd, 000194.167, 172
Trd, 000194.217, 173
Trd, 000195.000, 173
Trd, 000195.733, 172
Trd, 000196.233, 171
Trd, 000196.517, 171
Trd, 000197.100, 170
Trd, 000197.550, 171
Trd, 000197.583, 169
Trd, 000198.133, 174
Trd, 000198.900, 163
Trd, 000199.133, 161
Trd, 000199.217, 168
Trd, 000200.400, 153
Trd, 000201.750, 163
Trd, 000202.817, 169
Trd, 000204.283, 169
Trd, 000205.883, 167
Trd, 000206.100, 169
Trd, 000206.383, 175
Trd, 000206.867, 172
Trd, 000206.950, 171
Trd, 000207.917, 170
Trd, 000208.000, 173
Trd, 000208.283, 176
Trd, 000208.633, 178
Trd, 000210.000, 173
Trd, 000210.100, 172
Trd, 000211.333, 170
Trd, 000211.517, 169
Trd, 000213.650, 173
Trd, 000214.633, 167
Trd, 000214.917, 170
Trd, 000215.450, 167
Trd, 000215.483, 170
Trd, 000215.683, 164
Trd, 000216.350, 171
Trd, 000216.433, 177
Trd, 000218.433, 172
Trd, 000219.517, 171
Trd, 000219.733, 168
Trd, 000220.600, 168
Trd, 000221.717, 171
Trd, 000222.050, 168
Trd, 000222.150, 170
Trd, 000222.183, 171
Trd, 000223.100, 170
Trd, 000223.250, 169
Trd, 000223.750, 163
Trd, 000225.333, 167
Trd, 000225.850, 168
Trd, 000226.333, 168
Trd, 000226.400, 166
Trd, 000227.367, 165
Trd, 000227.533, 164
Trd, 000228.050, 166
Trd, 000228.317, 177
Trd, 000230.533, 167
Trd, 000230.733, 165
Trd, 000230.767, 169
Trd, 000231.733, 170
Trd, 000232.900, 171
Trd, 000233.550, 176
Trd, 000235.633, 171
Trd, 000236.100, 164
Trd, 000236.500, 165
Trd, 000236.550, 164
Trd, 000236.567, 172
Trd, 000238.033, 174
Trd, 000238.500, 175
Trd, 000238.633, 175
Trd, 000239.200, 170
Trd, 000240.733, 174
Trd, 000241.517, 176
Trd, 000241.767, 175
Trd, 000242.033, 175
Trd, 000242.317, 177
Trd, 000242.583, 176
Trd, 000243.150, 176
Trd, 000243.400, 174
Trd, 000244.217, 176
Trd, 000244.367, 174
Trd, 000245.100, 174
Trd, 000245.400, 175
Trd, 000245.667, 178
Trd, 000246.150, 176
Trd, 000246.200, 173
Trd, 000246.633, 173
Trd, 000246.683, 172
Trd, 000247.117, 170
Trd, 000247.417, 177
Trd, 000247.967, 169
Trd, 000248.133, 174
Trd, 000248.200, 174
Trd, 000248.633, 169
Trd, 000250.667, 169
Trd, 000250.833, 169
Trd, 000250.883, 169
Trd, 000251.250, 170
Trd, 000251.683, 173
Trd, 000251.717, 169
Trd, 000252.233, 170
Trd, 000252.467, 172
Trd, 000252.567, 172
Trd, 000253.217, 176
Trd, 000253.367, 175
Trd, 000253.567, 173
Trd, 000253.650, 169
Trd, 000254.150, 171
Trd, 000254.483, 174
Trd, 000254.517, 183
Trd, 000255.200, 180
Trd, 000256.117, 176
Trd, 000257.433, 173
Trd, 000257.633, 172
Trd, 000258.033, 171
Trd, 000258.350, 175
Trd, 000259.267, 177
Trd, 000260.367, 184
Trd, 000260.433, 183
Trd, 000260.550, 185
Trd, 000260.733, 188
Trd, 000260.950, 191
Trd, 000261.550, 183
Trd, 000261.917, 181
Trd, 000262.083, 177
Trd, 000263.083, 180
Trd, 000263.617, 182
Trd, 000264.233, 180
Trd, 000264.833, 181
Trd, 000264.850, 174
Trd, 000264.983, 167
Trd, 000265.683, 169
Trd, 000266.033, 170
Trd, 000266.200, 169
Trd, 000266.367, 173
Trd, 000266.517, 178
Trd, 000266.600, 178
Trd, 000266.833, 175
Trd, 000267.083, 179
Trd, 000267.350, 182
Trd, 000267.683, 172
Trd, 000268.750, 178
Trd, 000268.817, 184
Trd, 000269.783, 171
Trd, 000270.200, 176
Trd, 000270.883, 174
Trd, 000271.150, 176
Trd, 000271.417, 173
Trd, 000271.600, 172
Trd, 000272.267, 176
Trd, 000272.283, 179
Trd, 000272.867, 181
Trd, 000273.250, 178
Trd, 000274.500, 179
Trd, 000275.383, 178
Trd, 000276.017, 177
Trd, 000276.450, 177
Trd, 000276.600, 176
Trd, 000276.833, 176
Trd, 000277.250, 175
Trd, 000277.733, 180
Trd, 000277.833, 176
Trd, 000278.100, 180
Trd, 000279.067, 177
Trd, 000279.533, 181
Trd, 000280.333, 176
Trd, 000281.667, 180
Trd, 000281.800, 179
Trd, 000281.850, 183
Trd, 000281.917, 177
Trd, 000282.017, 172
Trd, 000282.100, 186
Trd, 000282.450, 172
Trd, 000283.200, 179
Trd, 000283.283, 179
Trd, 000283.400, 181
Trd, 000284.283, 179
Trd, 000284.300, 183
Trd, 000285.567, 175
Trd, 000286.317, 177
Trd, 000286.367, 173
Trd, 000286.450, 172
Trd, 000286.683, 182
Trd, 000287.650, 186
Trd, 000288.333, 190
Trd, 000288.750, 180
Trd, 000289.150, 177
Trd, 000289.650, 173
Trd, 000290.117, 180
Trd, 000290.567, 178
Trd, 000290.583, 176
Trd, 000290.850, 178
Trd, 000291.117, 177
Trd, 000291.467, 175
Trd, 000291.783, 177
Trd, 000292.483, 178
Trd, 000293.217, 177
Trd, 000293.417, 175
Trd, 000294.367, 177
Trd, 000294.783, 177
Trd, 000294.917, 174
Trd, 000295.933, 175
Trd, 000296.433, 175
Trd, 000296.850, 177
Trd, 000296.883, 174
Trd, 000296.933, 181
Trd, 000297.250, 173
Trd, 000299.033, 173
Trd, 000299.233, 179
Trd, 000299.283, 172
Trd, 000299.383, 170
Trd, 000299.467, 166
