Trd, 000002.500, 137
Trd, 000003.133, 126
Trd, 000003.167, 139
Trd, 000003.600, 150
Trd, 000005.267, 146
Trd, 000005.783, 145
Trd, 000006.167, 145
Trd, 000006.433, 146
Trd, 000007.100, 146
Trd, 000007.750, 148
Trd, 000007.867, 163
Trd, 000008.233, 135
Trd, 000008.783, 136
Trd, 000008.883, 135
Trd, 000008.933, 138
Trd, 000010.883, 142
Trd, 000011.183, 149
Trd, 000011.250, 154
Trd, 000012.283, 138
Trd, 000012.383, 161
Trd, 000014.000, 147
Trd, 000014.517, 161
Trd, 000014.633, 149
Trd, 000015.583, 149
Trd, 000015.850, 148
Trd, 000016.417, 150
Trd, 000017.383, 159
Trd, 000018.200, 148
Trd, 000018.417, 154
Trd, 000018.767, 145
Trd, 000019.450, 160
Trd, 000020.883, 146
Trd, 000021.133, 159
Trd, 000022.117, 150
Trd, 000022.150, 149
Trd, 000022.817, 162
Trd, 000023.233, 162
Trd, 000025.100, 150
Trd, 000025.133, 150
Trd, 000026.117, 150
Trd, 000026.183, 142
Trd, 000026.567, 143
Trd, 000026.850, 151
Trd, 000027.967, 147
Trd, 000029.317, 146
Trd, 000029.650, 146
Trd, 000029.833, 148
Trd, 000031.350, 150
Trd, 000031.450, 151
Trd, 000031.567, 153
Trd, 000032.033, 147
Trd, 000032.550, 161
Trd, 000033.683, 150
Trd, 000034.083, 147
Trd, 000034.567, 151
Trd, 000034.983, 154
Trd, 000036.317, 149
Trd, 000037.050, 150
Trd, 000037.683, 161
Trd, 000038.250, 165
Trd, 000038.333, 150
Trd, 000039.733, 150
Trd, 000039.983, 149
Trd, 000040.817, 148
Trd, 000041.883, 149
Trd, 000043.050, 148
Trd, 000043.600, 144
Trd, 000043.967, 141
Trd, 000044.550, 146
Trd, 000044.833, 148
Trd, 000045.333, 151
Trd, 000046.083, 151
Trd, 000047.033, 150
Trd, 000047.150, 149
Trd, 000048.200, 150
Trd, 000048.217, 146
Trd, 000048.383, 152
Trd, 000049.450, 148
Trd, 000049.650, 149
Trd, 000050.267, 147
Trd, 000050.433, 146
Trd, 000050.900, 145
Trd, 000051.683, 153
Trd, 000052.283, 167
Trd, 000053.233, 157
Trd, 000053.700, 153
Trd, 000054.050, 161
Trd, 000054.250, 154
Trd, 000054.650, 161
Trd, 000056.467, 151
Trd, 000058.650, 151
Trd, 000058.733, 150
Trd, 000059.500, 150
Trd, 000059.667, 150
Trd, 000059.733, 151
Trd, 000059.850, 154
Trd, 000060.183, 155
Trd, 000060.783, 168
Trd, 000060.900, 145
Trd, 000061.883, 143
Trd, 000062.550, 172
Trd, 000063.283, 158
Trd, 000063.700, 159
Trd, 000064.033, 156
Trd, 000065.067, 158
Trd, 000066.000, 150
Trd, 000066.167, 154
Trd, 000067.150, 151
Trd, 000067.383, 151
Trd, 000067.500, 153
Trd, 000068.083, 155
Trd, 000069.167, 164
Trd, 000069.533, 164
Trd, 000070.667, 164
Trd, 000070.683, 156
Trd, 000071.267, 154
Trd, 000072.400, 155
Trd, 000072.767, 148
Trd, 000072.933, 160
Trd, 000074.067, 163
Trd, 000076.600, 155
Trd, 000076.983, 156
Trd, 000077.017, 152
Trd, 000077.667, 160
Trd, 000077.683, 168
Trd, 000077.850, 160
Trd, 000078.117, 152
Trd, 000079.233, 152
Trd, 000079.367, 168
Trd, 000080.517, 170
Trd, 000081.083, 152
Trd, 000082.667, 163
Trd, 000083.233, 148
Trd, 000085.067, 157
Trd, 000085.367, 156
Trd, 000085.950, 164
Trd, 000086.717, 164
Trd, 000087.383, 154
Trd, 000087.667, 154
Trd, 000088.383, 162
Trd, 000090.033, 160
Trd, 000090.100, 160
Trd, 000090.200, 161
Trd, 000091.017, 153
Trd, 000091.767, 150
Trd, 000091.850, 155
Trd, 000092.067, 157
Trd, 000093.033, 151
Trd, 000093.383, 171
Trd, 000093.700, 172
Trd, 000095.250, 157
Trd, 000095.817, 154
Trd, 000096.600, 157
Trd, 000096.650, 158
Trd, 000096.833, 154
Trd, 000098.517, 157
Trd, 000099.183, 155
Trd, 000099.383, 157
Trd, 000100.600, 157
Trd, 000101.600, 155
Trd, 000103.467, 153
Trd, 000104.317, 151
Trd, 000105.400, 152
Trd, 000105.517, 153
Trd, 000105.917, 155
Trd, 000106.000, 158
Trd, 000106.533, 157
Trd, 000106.817, 166
Trd, 000107.583, 155
Trd, 000107.900, 159
Trd, 000109.983, 161
Trd, 000110.300, 160
Trd, 000111.067, 159
Trd, 000111.100, 172
Trd, 000111.283, 154
Trd, 000112.833, 164
Trd, 000113.067, 162
Trd, 000113.100, 159
Trd, 000113.183, 151
Trd, 000113.400, 168
Trd, 000114.583, 167
Trd, 000115.483, 156
Trd, 000116.233, 167
Trd, 000116.817, 156
Trd, 000116.833, 168
Trd, 000118.017, 156
Trd, 000118.717, 158
Trd, 000118.967, 152
Trd, 000120.167, 174
Trd, 000120.583, 151
Trd, 000120.600, 177
Trd, 000121.850, 169
Trd, 000123.317, 154
Trd, 000125.017, 157
Trd, 000125.567, 157
Trd, 000125.833, 157
Trd, 000126.400, 160
Trd, 000126.750, 157
Trd, 000127.683, 163
Trd, 000128.700, 162
Trd, 000128.750, 157
Trd, 000128.983, 156
Trd, 000130.883, 173
Trd, 000131.300, 173
Trd, 000132.167, 173
Trd, 000132.300, 168
Trd, 000132.800, 178
Trd, 000135.800, 162
Trd, 000136.367, 163
Trd, 000136.433, 160
Trd, 000137.083, 159
Trd, 000137.500, 160
Trd, 000137.567, 157
Trd, 000138.217, 175
Trd, 000138.733, 153
Trd, 000139.117, 165
Trd, 000139.633, 158
Trd, 000142.283, 153
Trd, 000143.083, 153
Trd, 000143.467, 153
Trd, 000144.117, 153
Trd, 000144.833, 162
Trd, 000145.033, 176
Trd, 000146.000, 156
Trd, 000146.367, 154
Trd, 000146.467, 163
Trd, 000148.100, 151
Trd, 000149.283, 160
Trd, 000149.600, 161
Trd, 000150.267, 163
Trd, 000150.450, 160
Trd, 000150.850, 159
Trd, 000151.550, 176
Trd, 000151.733, 158
Trd, 000152.467, 159
Trd, 000153.350, 159
Trd, 000154.400, 161
Trd, 000155.217, 162
Trd, 000155.283, 166
Trd, 000156.100, 177
Trd, 000156.433, 166
Trd, 000157.300, 179
Trd, 000157.433, 180
Trd, 000158.350, 166
Trd, 000158.733, 156
Trd, 000159.050, 179
Trd, 000159.433, 171
Trd, 000159.767, 163
Trd, 000159.900, 160
Trd, 000160.767, 176
Trd, 000161.100, 165
Trd, 000161.200, 181
Trd, 000161.733, 157
Trd, 000162.250, 180
Trd, 000162.733, 171
Trd, 000163.050, 163
Trd, 000163.517, 163
Trd, 000164.917, 163
Trd, 000165.550, 156
Trd, 000165.883, 153
Trd, 000166.583, 164
Trd, 000167.400, 153
Trd, 000167.533, 154
Trd, 000168.767, 171
Trd, 000169.117, 161
Trd, 000169.383, 181
Trd, 000170.933, 161
Trd, 000171.200, 165
Trd, 000172.783, 166
Trd, 000172.917, 160
Trd, 000173.600, 181
Trd, 000174.067, 163
Trd, 000175.817, 161
Trd, 000175.850, 163
Trd, 000176.117, 164
Trd, 000176.417, 165
Trd, 000176.950, 163
Trd, 000177.317, 156
Trd, 000177.333, 170
Trd, 000179.617, 166
Trd, 000179.917, 165
Trd, 000180.067, 164
Trd, 000181.800, 165
Trd, 000182.367, 166
Trd, 000182.583, 164
Trd, 000183.100, 164
Trd, 000183.967, 166
Trd, 000184.600, 163
Trd, 000184.867, 162
Trd, 000185.183, 164
Trd, 000185.583, 180
Trd, 000185.967, 159
Trd, 000186.867, 181
Trd, 000186.917, 178
Trd, 000187.067, 177
Trd, 000188.467, 180
Trd, 000188.950, 170
Trd, 000190.167, 167
Trd, 000190.850, 171
Trd, 000191.350, 175
Trd, 000191.750, 178
Trd, 000192.550, 175
Trd, 000193.300, 170
Trd, 000193.483, 181
Trd, 000193.567, 167
Trd, 000194.050, 184
Trd, 000194.833, 165
Trd, 000194.850, 163
Trd, 000195.250, 176
Trd, 000197.350, 170
Trd, 000197.867, 168
Trd, 000198.533, 168
Trd, 000199.217, 163
Trd, 000199.350, 158
Trd, 000199.583, 170
Trd, 000200.517, 170
Trd, 000200.917, 182
Trd, 000202.600, 166
Trd, 000203.150, 165
Trd, 000204.533, 165
Trd, 000204.733, 168
Trd, 000204.900, 164
Trd, 000205.533, 168
Trd, 000205.933, 184
Trd, 000206.183, 184
Trd, 000207.517, 163
Trd, 000207.567, 185
Trd, 000207.700, 162
Trd, 000208.983, 182
Trd, 000209.317, 169
Trd, 000209.383, 169
Trd, 000211.200, 168
Trd, 000211.467, 167
Trd, 000212.133, 166
Trd, 000212.517, 166
Trd, 000213.400, 168
Trd, 000213.500, 168
Trd, 000214.033, 166
Trd, 000214.800, 167
Trd, 000215.050, 169
Trd, 000215.483, 184
Trd, 000216.567, 170
Trd, 000217.083, 182
Trd, 000217.833, 166
Trd, 000217.917, 165
Trd, 000219.883, 165
Trd, 000221.267, 170
Trd, 000221.983, 169
Trd, 000222.033, 167
Trd, 000223.250, 184
Trd, 000223.933, 176
Trd, 000224.450, 186
Trd, 000224.767, 168
Trd, 000225.367, 178
Trd, 000226.917, 170
Trd, 000227.383, 166
Trd, 000228.433, 162
Trd, 000228.917, 168
Trd, 000229.033, 171
Trd, 000229.667, 177
Trd, 000229.950, 185
Trd, 000231.067, 168
Trd, 000231.550, 171
Trd, 000231.783, 167
Trd, 000232.017, 174
Trd, 000234.433, 171
Trd, 000234.500, 171
Trd, 000235.117, 183
Trd, 000236.567, 171
Trd, 000237.517, 172
Trd, 000238.117, 175
Trd, 000238.800, 172
Trd, 000239.317, 171
Trd, 000239.767, 172
Trd, 000239.900, 173
Trd, 000239.933, 168
Trd, 000240.567, 179
Trd, 000240.650, 179
Trd, 000240.833, 179
Trd, 000241.000, 180
Trd, 000241.233, 180
Trd, 000241.850, 179
Trd, 000242.567, 179
Trd, 000243.433, 179
Trd, 000243.950, 181
Trd, 000244.017, 182
Trd, 000244.050, 186
Trd, 000245.033, 184
Trd, 000246.033, 185
Trd, 000246.217, 182
Trd, 000246.650, 181
Trd, 000247.100, 170
Trd, 000247.167, 172
Trd, 000247.633, 173
Trd, 000248.700, 169
Trd, 000249.000, 172
Trd, 000249.867, 172
Trd, 000249.900, 173
Trd, 000250.450, 177
Trd, 000250.833, 180
Trd, 000251.400, 183
Trd, 000251.883, 185
Trd, 000252.183, 186
Trd, 000252.467, 185
Trd, 000252.517, 183
Trd, 000252.717, 186
Trd, 000252.983, 187
Trd, 000253.117, 190
Trd, 000253.633, 180
Trd, 000254.100, 182
Trd, 000255.717, 180
Trd, 000255.900, 182
Trd, 000256.600, 180
Trd, 000257.433, 181
Trd, 000257.700, 180
Trd, 000258.583, 176
Trd, 000258.783, 176
Trd, 000259.317, 174
Trd, 000259.450, 174
Trd, 000259.717, 174
Trd, 000259.900, 176
Trd, 000260.933, 181
Trd, 000261.050, 184
Trd, 000261.300, 188
Trd, 000261.567, 191
Trd, 000261.800, 189
Trd, 000261.933, 189
Trd, 000262.267, 187
Trd, 000262.517, 186
Trd, 000262.983, 185
Trd, 000263.267, 170
Trd, 000263.583, 187
Trd, 000264.250, 185
Trd, 000264.517, 182
Trd, 000265.000, 182
Trd, 000265.117, 184
Trd, 000265.383, 188
Trd, 000265.767, 189
Trd, 000267.067, 183
Trd, 000267.467, 186
Trd, 000268.083, 188
Trd, 000268.167, 187
Trd, 000268.933, 184
Trd, 000269.167, 187
Trd, 000269.817, 177
Trd, 000270.100, 184
Trd, 000270.350, 184
Trd, 000271.800, 172
Trd, 000271.817, 171
Trd, 000272.000, 173
Trd, 000272.300, 175
Trd, 000272.467, 175
Trd, 000272.583, 176
Trd, 000272.750, 176
Trd, 000274.183, 185
Trd, 000274.367, 189
Trd, 000274.383, 192
Trd, 000274.833, 195
Trd, 000275.000, 196
Trd, 000275.133, 188
Trd, 000277.133, 187
Trd, 000277.467, 186
Trd, 000277.533, 186
Trd, 000277.667, 181
Trd, 000278.150, 189
Trd, 000279.433, 183
Trd, 000279.883, 178
Trd, 000279.983, 185
Trd, 000280.283, 183
Trd, 000280.733, 184
Trd, 000280.900, 186
Trd, 000281.217, 187
Trd, 000281.733, 190
Trd, 000281.833, 182
Trd, 000282.550, 181
Trd, 000282.867, 189
Trd, 000283.333, 184
Trd, 000283.467, 193
Trd, 000283.567, 196
Trd, 000284.267, 192
Trd, 000284.833, 184
Trd, 000284.933, 183
Trd, 000285.183, 200
Trd, 000285.567, 183
Trd, 000286.217, 178
Trd, 000286.250, 179
Trd, 000286.833, 168
Trd, 000287.067, 185
Trd, 000287.500, 181
Trd, 000287.600, 185
Trd, 000287.700, 173
Trd, 000288.167, 170
Trd, 000288.633, 178
Trd, 000289.783, 175
Trd, 000289.883, 177
Trd, 000290.000, 184
Trd, 000290.383, 174
Trd, 000290.417, 173
Trd, 000291.767, 187
Trd, 000292.783, 184
Trd, 000293.217, 187
Trd, 000293.317, 177
Trd, 000293.517, 173
Trd, 000293.967, 186
Trd, 000294.233, 184
Trd, 000294.300, 187
Trd, 000294.483, 190
Trd, 000295.400, 188
Trd, 000295.817, 188
Trd, 000296.633, 187
Trd, 000296.933, 184
Trd, 000297.783, 188
Trd, 000298.150, 190
Trd, 000299.833, 185
