Trd, 000001.867, 179
Trd, 000001.933, 174
Trd, 000001.983, 185
Trd, 000003.583, 172
Trd, 000003.667, 160
Trd, 000004.433, 153
Trd, 000004.850, 164
Trd, 000005.400, 155
Trd, 000006.650, 158
Trd, 000007.467, 161
Trd, 000007.650, 148
Trd, 000008.083, 159
Trd, 000009.150, 156
Trd, 000010.917, 158
Trd, 000011.500, 157
Trd, 000011.833, 157
Trd, 000012.400, 159
Trd, 000012.700, 156
Trd, 000013.783, 162
Trd, 000015.133, 159
Trd, 000016.100, 156
Trd, 000017.383, 159
Trd, 000017.900, 156
Trd, 000018.100, 156
Trd, 000019.550, 155
Trd, 000019.633, 157
Trd, 000020.483, 151
Trd, 000020.600, 150
Trd, 000020.817, 152
Trd, 000021.167, 151
Trd, 000022.183, 149
Trd, 000022.517, 150
Trd, 000023.717, 145
Trd, 000025.250, 148
Trd, 000025.267, 149
Trd, 000025.400, 150
Trd, 000025.800, 148
Trd, 000026.633, 158
Trd, 000026.733, 147
Trd, 000027.167, 159
Trd, 000027.367, 163
Trd, 000028.217, 161
Trd, 000028.900, 156
Trd, 000029.967, 158
Trd, 000030.800, 158
Trd, 000030.867, 161
Trd, 000031.317, 161
Trd, 000033.167, 162
Trd, 000033.683, 158
Trd, 000034.017, 158
Trd, 000034.467, 144
Trd, 000034.750, 158
Trd, 000036.117, 156
Trd, 000036.717, 157
Trd, 000036.850, 160
Trd, 000037.333, 155
Trd, 000038.400, 153
Trd, 000039.533, 147
Trd, 000039.783, 149
Trd, 000039.950, 149
Trd, 000040.050, 150
Trd, 000041.100, 152
Trd, 000041.350, 152
Trd, 000041.533, 162
Trd, 000042.233, 154
Trd, 000042.417, 153
Trd, 000042.700, 151
Trd, 000042.817, 154
Trd, 000042.950, 155
Trd, 000043.733, 156
Trd, 000044.017, 153
Trd, 000044.567, 152
Trd, 000046.950, 153
Trd, 000047.633, 160
Trd, 000048.283, 150
Trd, 000049.417, 155
Trd, 000049.433, 152
Trd, 000050.083, 163
Trd, 000050.300, 160
Trd, 000050.400, 167
Trd, 000050.617, 170
Trd, 000050.667, 156
Trd, 000052.300, 157
Trd, 000053.067, 159
Trd, 000053.267, 156
Trd, 000053.333, 155
Trd, 000054.367, 158
Trd, 000054.417, 153
Trd, 000055.283, 147
Trd, 000055.533, 158
Trd, 000056.400, 158
Trd, 000056.517, 147
Trd, 000057.000, 159
Trd, 000058.050, 153
Trd, 000058.483, 152
Trd, 000059.283, 151
Trd, 000059.417, 152
Trd, 000059.867, 150
Trd, 000061.667, 154
Trd, 000062.117, 153
Trd, 000062.350, 156
Trd, 000062.900, 155
Trd, 000063.367, 150
Trd, 000063.700, 155
Trd, 000064.983, 154
Trd, 000065.317, 150
Trd, 000065.450, 148
Trd, 000066.383, 159
Trd, 000066.983, 148
Trd, 000068.567, 153
Trd, 000068.683, 150
Trd, 000069.067, 151
Trd, 000069.817, 148
Trd, 000070.800, 148
Trd, 000071.167, 149
Trd, 000072.033, 149
Trd, 000072.500, 155
Trd, 000072.883, 153
Trd, 000072.950, 147
Trd, 000073.433, 155
Trd, 000073.567, 147
Trd, 000075.617, 156
Trd, 000077.117, 158
Trd, 000077.217, 161
Trd, 000077.383, 149
Trd, 000078.050, 156
Trd, 000078.500, 158
Trd, 000078.667, 148
Trd, 000078.867, 166
Trd, 000079.667, 163
Trd, 000080.133, 171
Trd, 000080.317, 157
Trd, 000081.450, 162
Trd, 000081.667, 158
Trd, 000082.467, 160
Trd, 000083.183, 160
Trd, 000083.717, 171
Trd, 000085.633, 158
Trd, 000086.100, 149
Trd, 000086.417, 162
Trd, 000086.467, 163
Trd, 000086.850, 161
Trd, 000087.867, 167
Trd, 000088.100, 173
Trd, 000088.417, 174
Trd, 000088.550, 165
Trd, 000089.100, 170
Trd, 000089.733, 167
Trd, 000091.533, 166
Trd, 000092.833, 166
Trd, 000092.867, 167
Trd, 000093.233, 165
Trd, 000094.767, 162
Trd, 000094.817, 163
Trd, 000094.883, 164
Trd, 000095.250, 167
Trd, 000095.733, 167
Trd, 000095.833, 171
Trd, 000096.050, 163
Trd, 000096.900, 161
Trd, 000098.117, 166
Trd, 000098.533, 170
Trd, 000098.733, 169
Trd, 000100.617, 167
Trd, 000100.783, 165
Trd, 000101.283, 165
Trd, 000102.083, 166
Trd, 000102.167, 164
Trd, 000102.667, 164
Trd, 000102.867, 151
Trd, 000103.517, 162
Trd, 000104.483, 160
Trd, 000104.517, 161
Trd, 000104.567, 168
Trd, 000105.183, 155
Trd, 000105.650, 159
Trd, 000106.600, 159
Trd, 000107.150, 163
Trd, 000107.917, 158
Trd, 000108.350, 157
Trd, 000108.667, 146
Trd, 000109.383, 159
Trd, 000110.400, 156
Trd, 000111.183, 161
Trd, 000112.583, 169
Trd, 000112.817, 170
Trd, 000113.133, 162
Trd, 000113.867, 165
Trd, 000114.083, 161
Trd, 000114.867, 164
Trd, 000115.533, 161
Trd, 000117.517, 172
Trd, 000118.317, 163
Trd, 000118.367, 161
Trd, 000118.767, 172
Trd, 000119.083, 167
Trd, 000119.633, 164
Trd, 000120.650, 168
Trd, 000121.533, 167
Trd, 000121.833, 164
Trd, 000122.933, 165
Trd, 000123.650, 165
Trd, 000124.233, 163
Trd, 000124.833, 164
Trd, 000125.083, 162
Trd, 000126.283, 160
Trd, 000126.300, 161
Trd, 000126.583, 155
Trd, 000126.917, 153
Trd, 000128.083, 152
Trd, 000128.417, 152
Trd, 000129.417, 156
Trd, 000129.567, 159
Trd, 000130.750, 158
Trd, 000131.150, 159
Trd, 000131.900, 156
Trd, 000132.383, 169
Trd, 000134.133, 157
Trd, 000134.633, 158
Trd, 000135.067, 151
Trd, 000136.400, 158
Trd, 000136.550, 161
Trd, 000137.233, 158
Trd, 000138.083, 159
Trd, 000138.150, 162
Trd, 000138.400, 158
Trd, 000138.817, 158
Trd, 000139.317, 170
Trd, 000141.333, 166
Trd, 000141.800, 164
Trd, 000142.717, 169
Trd, 000143.333, 160
Trd, 000143.400, 166
Trd, 000143.750, 167
Trd, 000144.717, 174
Trd, 000145.000, 171
Trd, 000145.517, 164
Trd, 000145.983, 172
Trd, 000146.467, 166
Trd, 000146.967, 166
Trd, 000147.267, 171
Trd, 000149.650, 169
Trd, 000150.817, 170
Trd, 000150.900, 170
Trd, 000151.450, 171
Trd, 000151.600, 173
Trd, 000152.017, 170
Trd, 000152.350, 173
Trd, 000152.783, 169
Trd, 000152.950, 176
Trd, 000154.783, 171
Trd, 000155.067, 166
Trd, 000155.783, 170
Trd, 000156.100, 169
Trd, 000156.300, 170
Trd, 000157.300, 156
Trd, 000157.517, 151
Trd, 000158.267, 155
Trd, 000158.583, 154
Trd, 000158.800, 159
Trd, 000159.917, 162
Trd, 000160.117, 164
Trd, 000161.317, 173
Trd, 000161.667, 170
Trd, 000161.900, 169
Trd, 000162.767, 174
Trd, 000164.617, 171
Trd, 000164.750, 172
Trd, 000165.600, 170
Trd, 000165.883, 170
Trd, 000166.300, 168
Trd, 000166.633, 172
Trd, 000167.433, 168
Trd, 000167.650, 174
Trd, 000167.733, 179
Trd, 000167.950, 167
Trd, 000168.667, 170
Trd, 000170.633, 175
Trd, 000171.500, 167
Trd, 000171.783, 158
Trd, 000172.167, 172
Trd, 000172.467, 175
Trd, 000173.183, 167
Trd, 000174.217, 171
Trd, 000174.550, 170
Trd, 000175.733, 168
Trd, 000176.150, 169
Trd, 000176.450, 171
Trd, 000177.000, 172
Trd, 000177.517, 166
Trd, 000178.483, 180
Trd, 000178.600, 177
Trd, 000178.617, 166
Trd, 000179.233, 165
Trd, 000179.283, 165
Trd, 000181.667, 167
Trd, 000182.000, 168
Trd, 000182.250, 170
Trd, 000182.417, 171
Trd, 000182.850, 173
Trd, 000183.183, 168
Trd, 000183.483, 181
Trd, 000183.567, 167
Trd, 000184.550, 180
Trd, 000185.633, 178
Trd, 000186.333, 174
Trd, 000186.350, 173
Trd, 000186.767, 174
Trd, 000188.867, 174
Trd, 000188.900, 173
Trd, 000190.450, 169
Trd, 000191.133, 168
Trd, 000191.933, 169
Trd, 000192.250, 169
Trd, 000192.433, 170
Trd, 000193.317, 168
Trd, 000194.033, 175
Trd, 000195.183, 174
Trd, 000195.950, 171
Trd, 000196.300, 170
Trd, 000197.767, 174
Trd, 000198.750, 175
Trd, 000199.000, 171
Trd, 000199.133, 178
Trd, 000199.317, 171
Trd, 000201.367, 175
Trd, 000201.650, 171
Trd, 000202.867, 178
Trd, 000203.617, 176
Trd, 000205.017, 175
Trd, 000205.450, 175
Trd, 000205.467, 179
Trd, 000205.783, 174
Trd, 000207.083, 177
Trd, 000207.750, 176
Trd, 000208.767, 176
Trd, 000209.183, 177
Trd, 000209.983, 179
Trd, 000210.050, 175
Trd, 000210.267, 183
Trd, 000210.867, 174
Trd, 000212.033, 162
Trd, 000212.450, 166
Trd, 000212.683, 169
Trd, 000212.700, 165
Trd, 000214.800, 157
Trd, 000215.217, 163
Trd, 000216.200, 163
Trd, 000216.267, 162
Trd, 000216.283, 162
Trd, 000216.383, 163
Trd, 000216.433, 179
Trd, 000218.367, 170
Trd, 000219.567, 167
Trd, 000219.917, 166
Trd, 000220.350, 166
Trd, 000220.633, 167
Trd, 000221.267, 167
Trd, 000221.300, 170
Trd, 000221.900, 173
Trd, 000224.583, 167
Trd, 000224.933, 170
Trd, 000224.967, 166
Trd, 000225.700, 168
Trd, 000225.817, 169
Trd, 000225.917, 165
Trd, 000226.950, 168
Trd, 000227.533, 163
Trd, 000228.400, 166
Trd, 000228.517, 167
Trd, 000228.983, 169
Trd, 000229.317, 180
Trd, 000229.783, 185
Trd, 000230.517, 179
Trd, 000230.717, 167
Trd, 000231.817, 175
Trd, 000231.933, 174
Trd, 000232.383, 176
Trd, 000232.400, 173
Trd, 000233.000, 172
Trd, 000234.067, 177
Trd, 000234.750, 178
Trd, 000235.567, 178
Trd, 000235.867, 172
Trd, 000236.650, 177
Trd, 000237.317, 177
Trd, 000238.017, 174
Trd, 000238.300, 178
Trd, 000238.600, 180
Trd, 000238.967, 179
Trd, 000239.017, 177
Trd, 000240.333, 181
Trd, 000240.550, 177
Trd, 000241.000, 179
Trd, 000241.100, 173
Trd, 000241.600, 181
Trd, 000241.867, 182
Trd, 000243.033, 182
Trd, 000243.317, 180
Trd, 000243.733, 185
Trd, 000243.917, 175
Trd, 000244.017, 184
Trd, 000244.067, 185
Trd, 000245.717, 183
Trd, 000245.967, 185
Trd, 000246.317, 182
Trd, 000246.450, 181
Trd, 000246.750, 182
Trd, 000247.217, 181
Trd, 000247.333, 179
Trd, 000247.650, 179
Trd, 000247.967, 184
Trd, 000249.033, 179
Trd, 000249.517, 177
Trd, 000250.267, 177
Trd, 000250.517, 179
Trd, 000251.033, 180
Trd, 000251.183, 183
Trd, 000251.483, 180
Trd, 000251.983, 183
Trd, 000252.667, 180
Trd, 000253.050, 181
Trd, 000253.717, 175
Trd, 000254.017, 179
Trd, 000254.283, 183
Trd, 000254.300, 187
Trd, 000255.183, 177
Trd, 000255.600, 174
Trd, 000255.833, 175
Trd, 000256.317, 177
Trd, 000257.750, 178
Trd, 000258.183, 181
Trd, 000258.733, 181
Trd, 000258.917, 178
Trd, 000259.567, 176
Trd, 000260.050, 173
Trd, 000260.150, 166
Trd, 000260.217, 162
Trd, 000260.517, 153
Trd, 000260.633, 174
Trd, 000260.733, 175
Trd, 000261.883, 175
Trd, 000262.367, 176
Trd, 000262.383, 184
Trd, 000262.733, 178
Trd, 000263.467, 184
Trd, 000263.783, 196
Trd, 000264.450, 187
Trd, 000265.433, 187
Trd, 000265.933, 188
Trd, 000266.117, 185
Trd, 000266.300, 185
Trd, 000267.400, 185
Trd, 000267.533, 182
Trd, 000267.617, 174
Trd, 000268.383, 182
Trd, 000268.617, 181
Trd, 000269.150, 182
Trd, 000269.350, 184
Trd, 000270.117, 182
Trd, 000270.250, 183
Trd, 000270.683, 179
Trd, 000270.867, 182
Trd, 000270.950, 177
Trd, 000271.217, 168
Trd, 000271.483, 187
Trd, 000271.833, 175
Trd, 000273.017, 185
Trd, 000273.200, 176
Trd, 000273.500, 164
Trd, 000273.517, 169
Trd, 000273.950, 170
Trd, 000273.967, 171
Trd, 000274.700, 186
Trd, 000274.933, 185
Trd, 000275.083, 186
Trd, 000275.600, 186
Trd, 000276.133, 179
Trd, 000277.167, 180
Trd, 000277.800, 184
Trd, 000278.233, 183
Trd, 000278.250, 183
Trd, 000278.650, 177
Trd, 000278.700, 176
Trd, 000280.550, 181
Trd, 000280.733, 179
Trd, 000280.950, 178
Trd, 000281.717, 176
Trd, 000281.850, 184
Trd, 000282.367, 183
Trd, 000282.883, 185
Trd, 000283.433, 185
Trd, 000284.117, 183
Trd, 000284.350, 186
Trd, 000284.733, 183
Trd, 000284.983, 186
Trd, 000285.233, 183
Trd, 000285.267, 182
Trd, 000285.717, 182
Trd, 000286.000, 180
Trd, 000286.233, 186
Trd, 000286.400, 191
Trd, 000287.233, 188
Trd, 000287.417, 179
Trd, 000287.617, 188
Trd, 000287.833, 178
Trd, 000287.950, 181
Trd, 000288.383, 182
Trd, 000289.033, 187
Trd, 000289.233, 176
Trd, 000289.950, 184
Trd, 000291.067, 189
Trd, 000291.717, 186
Trd, 000292.167, 182
Trd, 000292.717, 181
Trd, 000292.983, 190
Trd, 000293.067, 191
Trd, 000293.883, 183
Trd, 000294.150, 170
Trd, 000295.433, 177
Trd, 000295.633, 190
Trd, 000296.083, 189
Trd, 000296.150, 179
Trd, 000296.400, 178
Trd, 000296.950, 180
Trd, 000297.983, 185
Trd, 000298.533, 187
Trd, 000298.683, 187
Trd, 000299.300, 184
Trd, 000299.500, 181
Trd, 000299.850, 182
