Trd, 000000.983, 158
Trd, 000001.817, 144
Trd, 000002.100, 153
Trd, 000002.600, 160
Trd, 000003.650, 158
Trd, 000004.100, 159
Trd, 000005.217, 161
Trd, 000005.400, 157
Trd, 000005.633, 154
Trd, 000006.000, 174
Trd, 000006.700, 172
Trd, 000007.000, 156
Trd, 000009.317, 158
Trd, 000010.183, 159
Trd, 000010.367, 160
Trd, 000010.483, 157
Trd, 000010.683, 162
Trd, 000011.050, 163
Trd, 000011.317, 156
Trd, 000011.450, 164
Trd, 000012.950, 159
Trd, 000014.800, 148
Trd, 000014.967, 153
Trd, 000015.033, 153
Trd, 000015.400, 153
Trd, 000015.483, 152
Trd, 000015.883, 157
Trd, 000016.883, 153
Trd, 000016.967, 151
Trd, 000017.483, 147
Trd, 000017.617, 148
Trd, 000017.650, 169
Trd, 000017.900, 145
Trd, 000018.150, 157
Trd, 000020.200, 147
Trd, 000020.383, 142
Trd, 000020.433, 154
Trd, 000020.483, 126
Trd, 000020.533, 158
Trd, 000021.733, 141
Trd, 000022.250, 153
Trd, 000023.983, 153
Trd, 000024.900, 153
Trd, 000025.200, 152
Trd, 000025.650, 153
Trd, 000025.917, 160
Trd, 000026.233, 172
Trd, 000026.717, 168
Trd, 000026.950, 150
Trd, 000028.750, 149
Trd, 000029.500, 156
Trd, 000030.033, 155
Trd, 000030.200, 156
Trd, 000030.333, 160
Trd, 000030.583, 160
Trd, 000031.433, 170
Trd, 000031.767, 171
Trd, 000031.883, 154
Trd, 000032.100, 152
Trd, 000032.883, 170
Trd, 000033.767, 163
Trd, 000034.433, 159
Trd, 000035.283, 159
Trd, 000036.083, 152
Trd, 000036.350, 147
Trd, 000036.483, 157
Trd, 000036.650, 157
Trd, 000036.683, 159
Trd, 000037.133, 160
Trd, 000038.567, 171
Trd, 000038.700, 150
Trd, 000039.283, 159
Trd, 000039.533, 160
Trd, 000040.317, 150
Trd, 000041.200, 159
Trd, 000041.617, 162
Trd, 000042.817, 151
Trd, 000042.950, 152
Trd, 000043.750, 155
Trd, 000044.083, 155
Trd, 000044.717, 155
Trd, 000045.033, 171
Trd, 000045.167, 172
Trd, 000045.250, 154
Trd, 000045.300, 154
Trd, 000045.550, 164
Trd, 000046.617, 165
Trd, 000046.950, 164
Trd, 000048.100, 168
Trd, 000048.683, 164
Trd, 000049.200, 165
Trd, 000049.700, 160
Trd, 000050.283, 165
Trd, 000050.767, 160
Trd, 000051.033, 164
Trd, 000051.900, 163
Trd, 000052.283, 163
Trd, 000052.617, 164
Trd, 000054.633, 149
Trd, 000055.167, 155
Trd, 000055.867, 155
Trd, 000056.533, 146
Trd, 000056.650, 160
Trd, 000056.950, 152
Trd, 000057.483, 159
Trd, 000058.817, 159
Trd, 000060.683, 151
Trd, 000061.017, 151
Trd, 000061.167, 153
Trd, 000061.250, 150
Trd, 000061.350, 154
Trd, 000062.167, 161
Trd, 000063.050, 162
Trd, 000064.583, 156
Trd, 000064.933, 159
Trd, 000065.483, 162
Trd, 000066.600, 163
Trd, 000066.800, 154
Trd, 000067.050, 162
Trd, 000068.400, 163
Trd, 000068.833, 165
Trd, 000069.083, 164
Trd, 000069.417, 163
Trd, 000069.533, 164
Trd, 000070.650, 165
Trd, 000071.450, 165
Trd, 000071.517, 162
Trd, 000071.617, 166
Trd, 000071.750, 172
Trd, 000072.650, 170
Trd, 000073.100, 165
Trd, 000073.283, 167
Trd, 000074.217, 151
Trd, 000074.283, 147
Trd, 000074.650, 166
Trd, 000075.400, 155
Trd, 000076.100, 156
Trd, 000077.317, 164
Trd, 000078.150, 164
Trd, 000078.750, 163
Trd, 000078.800, 164
Trd, 000079.500, 161
Trd, 000080.050, 157
Trd, 000081.033, 162
Trd, 000081.150, 157
Trd, 000081.933, 161
Trd, 000081.950, 160
Trd, 000082.533, 161
Trd, 000082.750, 152
Trd, 000083.133, 149
Trd, 000083.217, 159
Trd, 000083.233, 148
Trd, 000084.317, 159
Trd, 000085.683, 158
Trd, 000088.150, 159
Trd, 000088.450, 166
Trd, 000089.050, 176
Trd, 000089.883, 167
Trd, 000090.033, 163
Trd, 000090.250, 169
Trd, 000090.533, 158
Trd, 000090.883, 175
Trd, 000091.183, 167
Trd, 000091.417, 183
Trd, 000092.300, 159
Trd, 000092.683, 159
Trd, 000092.733, 163
Trd, 000093.117, 161
Trd, 000093.350, 147
Trd, 000093.467, 143
Trd, 000093.483, 175
Trd, 000093.967, 177
Trd, 000096.683, 159
Trd, 000096.867, 158
Trd, 000097.117, 158
Trd, 000097.550, 160
Trd, 000097.667, 156
Trd, 000098.400, 157
Trd, 000098.650, 158
Trd, 000099.167, 163
Trd, 000101.817, 162
Trd, 000102.000, 162
Trd, 000102.733, 173
Trd, 000103.333, 163
Trd, 000104.550, 163
Trd, 000104.783, 164
Trd, 000104.850, 166
Trd, 000105.433, 163
Trd, 000106.317, 169
Trd, 000107.433, 167
Trd, 000107.567, 167
Trd, 000108.183, 169
Trd, 000109.183, 162
Trd, 000109.967, 169
Trd, 000110.667, 165
Trd, 000111.867, 164
Trd, 000111.950, 165
Trd, 000112.783, 156
Trd, 000113.483, 158
Trd, 000113.617, 160
Trd, 000113.683, 161
Trd, 000114.933, 161
Trd, 000115.667, 161
Trd, 000115.783, 170
Trd, 000116.067, 160
Trd, 000116.617, 163
Trd, 000116.750, 164
Trd, 000117.100, 177
Trd, 000117.317, 178
Trd, 000118.633, 166
Trd, 000119.717, 167
Trd, 000120.083, 167
Trd, 000120.117, 166
Trd, 000120.467, 165
Trd, 000121.050, 169
Trd, 000121.333, 168
Trd, 000121.517, 163
Trd, 000122.817, 168
Trd, 000123.233, 165
Trd, 000123.633, 164
Trd, 000124.200, 163
Trd, 000124.517, 164
Trd, 000124.533, 162
Trd, 000124.933, 164
Trd, 000125.867, 164
Trd, 000126.833, 163
Trd, 000127.600, 162
Trd, 000127.617, 163
Trd, 000128.083, 158
Trd, 000128.817, 168
Trd, 000128.833, 169
Trd, 000130.450, 160
Trd, 000130.467, 162
Trd, 000131.050, 164
Trd, 000131.167, 171
Trd, 000131.550, 159
Trd, 000131.567, 170
Trd, 000134.133, 158
Trd, 000134.683, 162
Trd, 000134.933, 163
Trd, 000136.317, 162
Trd, 000136.483, 161
Trd, 000137.067, 163
Trd, 000137.150, 164
Trd, 000138.700, 162
Trd, 000138.900, 165
Trd, 000139.567, 165
Trd, 000140.633, 168
Trd, 000140.650, 169
Trd, 000141.300, 161
Trd, 000142.483, 168
Trd, 000142.817, 182
Trd, 000143.000, 161
Trd, 000143.433, 188
Trd, 000144.100, 166
Trd, 000144.383, 162
Trd, 000144.400, 158
Trd, 000145.550, 177
Trd, 000146.467, 172
Trd, 000147.700, 167
Trd, 000148.167, 167
Trd, 000148.317, 158
Trd, 000149.150, 168
Trd, 000149.417, 171
Trd, 000150.000, 165
Trd, 000150.533, 168
Trd, 000150.650, 169
Trd, 000151.600, 169
Trd, 000151.683, 163
Trd, 000151.967, 167
Trd, 000152.167, 169
Trd, 000152.183, 173
Trd, 000153.150, 165
Trd, 000153.683, 183
Trd, 000154.833, 172
Trd, 000156.083, 170
Trd, 000157.217, 170
Trd, 000157.317, 171
Trd, 000158.300, 168
Trd, 000159.217, 171
Trd, 000159.267, 168
Trd, 000159.400, 172
Trd, 000160.067, 172
Trd, 000160.233, 170
Trd, 000160.367, 170
Trd, 000160.983, 173
Trd, 000161.633, 169
Trd, 000161.817, 168
Trd, 000162.633, 170
Trd, 000163.050, 171
Trd, 000163.700, 174
Trd, 000164.317, 168
Trd, 000165.083, 184
Trd, 000166.517, 168
Trd, 000166.850, 174
Trd, 000167.933, 174
Trd, 000168.167, 174
Trd, 000169.167, 170
Trd, 000169.750, 167
Trd, 000169.983, 167
Trd, 000170.267, 170
Trd, 000170.617, 160
Trd, 000170.683, 170
Trd, 000172.617, 167
Trd, 000172.967, 167
Trd, 000173.050, 168
Trd, 000175.233, 166
Trd, 000175.300, 167
Trd, 000175.733, 166
Trd, 000175.850, 161
Trd, 000176.117, 168
Trd, 000176.300, 165
Trd, 000176.567, 168
Trd, 000177.467, 167
Trd, 000177.867, 167
Trd, 000178.100, 157
Trd, 000178.200, 167
Trd, 000178.917, 175
Trd, 000179.200, 163
Trd, 000179.433, 184
Trd, 000180.217, 180
Trd, 000180.767, 186
Trd, 000181.533, 168
Trd, 000181.900, 175
Trd, 000181.983, 176
Trd, 000182.133, 171
Trd, 000182.400, 175
Trd, 000182.800, 168
Trd, 000184.733, 162
Trd, 000185.533, 175
Trd, 000185.733, 173
Trd, 000186.633, 173
Trd, 000188.067, 191
Trd, 000188.083, 194
Trd, 000189.617, 175
Trd, 000190.167, 176
Trd, 000191.100, 176
Trd, 000191.650, 178
Trd, 000192.100, 180
Trd, 000192.200, 175
Trd, 000192.233, 174
Trd, 000192.567, 163
Trd, 000193.367, 175
Trd, 000194.633, 172
Trd, 000194.967, 169
Trd, 000195.400, 171
Trd, 000196.300, 171
Trd, 000197.917, 171
Trd, 000198.067, 173
Trd, 000198.333, 177
Trd, 000199.300, 172
Trd, 000199.917, 182
Trd, 000200.050, 183
Trd, 000200.417, 175
Trd, 000201.850, 159
Trd, 000201.900, 165
Trd, 000202.333, 166
Trd, 000203.250, 165
Trd, 000203.433, 166
Trd, 000204.017, 187
Trd, 000205.433, 168
Trd, 000205.567, 166
Trd, 000205.883, 171
Trd, 000206.500, 178
Trd, 000206.867, 168
Trd, 000208.867, 170
Trd, 000209.100, 168
Trd, 000209.167, 167
Trd, 000209.533, 165
Trd, 000210.067, 169
Trd, 000210.750, 168
Trd, 000210.833, 169
Trd, 000211.117, 164
Trd, 000211.333, 172
Trd, 000211.617, 179
Trd, 000213.067, 179
Trd, 000214.183, 176
Trd, 000214.367, 188
Trd, 000214.383, 174
Trd, 000214.400, 189
Trd, 000214.567, 178
Trd, 000214.633, 174
Trd, 000215.550, 175
Trd, 000215.583, 176
Trd, 000217.250, 178
Trd, 000217.300, 185
Trd, 000217.350, 187
Trd, 000219.500, 185
Trd, 000221.000, 182
Trd, 000221.250, 182
Trd, 000222.183, 182
Trd, 000222.700, 181
Trd, 000223.983, 179
Trd, 000224.017, 180
Trd, 000224.400, 178
Trd, 000225.750, 176
Trd, 000226.450, 176
Trd, 000226.917, 179
Trd, 000227.017, 179
Trd, 000227.383, 179
Trd, 000227.683, 167
Trd, 000228.450, 180
Trd, 000228.567, 164
Trd, 000228.750, 180
Trd, 000229.833, 179
Trd, 000230.217, 172
Trd, 000230.467, 170
Trd, 000230.600, 169
Trd, 000231.833, 174
Trd, 000233.983, 171
Trd, 000234.283, 173
Trd, 000235.000, 173
Trd, 000235.150, 171
Trd, 000235.933, 174
Trd, 000236.067, 170
Trd, 000236.317, 182
Trd, 000236.667, 176
Trd, 000237.667, 182
Trd, 000238.067, 168
Trd, 000240.067, 175
Trd, 000240.117, 175
Trd, 000240.200, 175
Trd, 000240.483, 175
Trd, 000240.533, 175
Trd, 000240.783, 174
Trd, 000240.900, 177
Trd, 000241.433, 177
Trd, 000241.917, 177
Trd, 000242.367, 178
Trd, 000242.633, 179
Trd, 000242.933, 182
Trd, 000244.050, 178
Trd, 000244.650, 179
Trd, 000244.767, 177
Trd, 000244.933, 177
Trd, 000245.183, 175
Trd, 000245.617, 174
Trd, 000246.450, 175
Trd, 000246.783, 177
Trd, 000246.900, 167
Trd, 000247.050, 165
Trd, 000247.383, 175
Trd, 000248.150, 177
Trd, 000248.167, 161
Trd, 000249.433, 171
Trd, 000249.633, 173
Trd, 000249.700, 174
Trd, 000250.050, 173
Trd, 000250.233, 174
Trd, 000250.800, 173
Trd, 000251.650, 174
Trd, 000252.067, 180
Trd, 000253.283, 181
Trd, 000253.517, 171
Trd, 000254.367, 170
Trd, 000254.750, 175
Trd, 000255.383, 175
Trd, 000255.900, 175
Trd, 000256.400, 174
Trd, 000256.650, 179
Trd, 000256.917, 173
Trd, 000257.200, 180
Trd, 000257.583, 177
Trd, 000258.083, 177
Trd, 000259.583, 179
Trd, 000259.600, 184
Trd, 000259.767, 177
Trd, 000260.083, 186
Trd, 000260.233, 174
Trd, 000260.417, 177
Trd, 000260.433, 183
Trd, 000261.700, 179
Trd, 000262.417, 183
Trd, 000262.650, 186
Trd, 000262.683, 184
Trd, 000263.567, 177
Trd, 000263.733, 181
Trd, 000264.500, 179
Trd, 000264.650, 179
Trd, 000264.667, 177
Trd, 000264.817, 180
Trd, 000265.067, 180
Trd, 000265.683, 181
Trd, 000266.133, 183
Trd, 000266.350, 180
Trd, 000266.467, 178
Trd, 000266.867, 183
Trd, 000267.367, 184
Trd, 000268.233, 174
Trd, 000268.400, 170
Trd, 000269.633, 179
Trd, 000270.083, 179
Trd, 000270.317, 184
Trd, 000271.183, 181
Trd, 000271.250, 178
Trd, 000271.533, 182
Trd, 000271.633, 178
Trd, 000271.950, 182
Trd, 000271.967, 177
Trd, 000272.083, 183
Trd, 000272.200, 175
Trd, 000272.450, 185
Trd, 000273.000, 176
Trd, 000273.400, 177
Trd, 000276.183, 179
Trd, 000276.233, 180
Trd, 000276.283, 175
Trd, 000276.617, 179
Trd, 000276.717, 181
Trd, 000276.983, 174
Trd, 000277.900, 178
Trd, 000278.017, 178
Trd, 000278.917, 176
Trd, 000278.983, 177
Trd, 000279.533, 181
Trd, 000279.717, 176
Trd, 000279.833, 186
Trd, 000280.400, 180
Trd, 000280.533, 175
Trd, 000280.650, 174
Trd, 000281.000, 173
Trd, 000282.067, 176
Trd, 000282.617, 178
Trd, 000283.783, 174
Trd, 000284.450, 174
Trd, 000284.583, 176
Trd, 000284.933, 172
Trd, 000285.383, 176
Trd, 000285.783, 176
Trd, 000286.200, 176
Trd, 000286.300, 172
Trd, 000286.500, 177
Trd, 000286.817, 171
Trd, 000287.050, 179
Trd, 000287.900, 177
Trd, 000288.667, 176
Trd, 000288.717, 177
Trd, 000288.867, 183
Trd, 000289.183, 171
Trd, 000290.767, 180
Trd, 000291.883, 180
Trd, 000292.017, 179
Trd, 000292.300, 178
Trd, 000292.367, 177
Trd, 000292.650, 178
Trd, 000292.833, 178
Trd, 000292.900, 179
Trd, 000293.283, 177
Trd, 000293.850, 184
Trd, 000294.817, 190
Trd, 000295.700, 183
Trd, 000296.633, 181
Trd, 000297.033, 184
Trd, 000297.650, 185
Trd, 000297.983, 180
Trd, 000298.267, 187
Trd, 000298.950, 185
Trd, 000299.317, 187
Trd, 000299.600, 181
Trd, 000299.867, 179
