Trd, 000001.117, 100
Trd, 000001.967, 126
Trd, 000003.133, 134
Trd, 000003.450, 148
Trd, 000003.600, 123
Trd, 000003.617, 149
Trd, 000004.550, 162
Trd, 000005.100, 170
Trd, 000005.217, 155
Trd, 000005.367, 171
Trd, 000005.950, 143
Trd, 000006.233, 148
Trd, 000007.000, 154
Trd, 000007.150, 159
Trd, 000008.500, 153
Trd, 000008.933, 156
Trd, 000009.917, 154
Trd, 000010.233, 153
Trd, 000010.883, 154
Trd, 000012.183, 157
Trd, 000012.600, 158
Trd, 000013.233, 159
Trd, 000014.367, 156
Trd, 000015.033, 155
Trd, 000015.600, 156
Trd, 000015.667, 157
Trd, 000015.900, 155
Trd, 000015.983, 161
Trd, 000017.250, 154
Trd, 000018.400, 157
Trd, 000019.750, 149
Trd, 000020.050, 153
Trd, 000020.217, 154
Trd, 000020.700, 152
Trd, 000021.200, 154
Trd, 000021.250, 155
Trd, 000021.300, 170
Trd, 000021.400, 151
Trd, 000022.100, 160
Trd, 000023.600, 154
Trd, 000023.833, 151
Trd, 000024.083, 156
Trd, 000024.483, 159
Trd, 000026.167, 143
Trd, 000026.217, 153
Trd, 000026.783, 154
Trd, 000027.533, 156
Trd, 000028.267, 154
Trd, 000029.167, 153
Trd, 000029.283, 153
Trd, 000029.300, 154
Trd, 000030.283, 151
Trd, 000031.233, 151
Trd, 000031.750, 152
Trd, 000033.850, 150
Trd, 000034.067, 152
Trd, 000034.183, 161
Trd, 000034.600, 165
Trd, 000034.767, 171
Trd, 000034.967, 152
Trd, 000035.683, 159
Trd, 000035.817, 171
Trd, 000037.367, 174
Trd, 000037.583, 170
Trd, 000038.117, 172
Trd, 000039.617, 164
Trd, 000039.650, 163
Trd, 000039.967, 160
Trd, 000041.250, 146
Trd, 000041.367, 145
Trd, 000041.433, 153
Trd, 000043.850, 154
Trd, 000044.000, 150
Trd, 000044.483, 146
Trd, 000045.333, 150
Trd, 000045.900, 150
Trd, 000045.967, 148
Trd, 000046.250, 147
Trd, 000047.083, 150
Trd, 000047.183, 151
Trd, 000047.900, 151
Trd, 000047.950, 162
Trd, 000048.117, 150
Trd, 000048.700, 161
Trd, 000048.883, 157
Trd, 000049.217, 167
Trd, 000050.233, 151
Trd, 000051.300, 155
Trd, 000051.400, 156
Trd, 000051.533, 154
Trd, 000052.017, 152
Trd, 000052.117, 151
Trd, 000052.233, 149
Trd, 000052.467, 163
Trd, 000054.017, 166
Trd, 000054.383, 167
Trd, 000054.817, 164
Trd, 000055.150, 155
Trd, 000055.900, 156
Trd, 000056.283, 164
Trd, 000056.900, 155
Trd, 000057.017, 164
Trd, 000058.567, 166
Trd, 000059.183, 167
Trd, 000060.100, 166
Trd, 000062.217, 158
Trd, 000062.500, 156
Trd, 000063.433, 157
Trd, 000064.083, 161
Trd, 000064.250, 168
Trd, 000064.717, 164
Trd, 000065.100, 156
Trd, 000065.133, 178
Trd, 000065.800, 164
Trd, 000066.450, 164
Trd, 000067.200, 162
Trd, 000067.733, 163
Trd, 000067.983, 165
Trd, 000068.267, 164
Trd, 000068.400, 162
Trd, 000069.533, 160
Trd, 000069.917, 151
Trd, 000073.067, 160
Trd, 000073.217, 163
Trd, 000073.767, 162
Trd, 000073.933, 163
Trd, 000074.467, 161
Trd, 000075.250, 161
Trd, 000076.300, 161
Trd, 000076.383, 161
Trd, 000076.767, 166
Trd, 000079.117, 165
Trd, 000079.167, 166
Trd, 000079.433, 164
Trd, 000079.500, 167
Trd, 000080.667, 167
Trd, 000080.717, 163
Trd, 000080.767, 161
Trd, 000083.583, 165
Trd, 000083.700, 158
Trd, 000083.967, 152
Trd, 000084.133, 161
Trd, 000084.950, 165
Trd, 000085.050, 166
Trd, 000085.133, 170
Trd, 000086.867, 166
Trd, 000087.050, 159
Trd, 000088.017, 163
Trd, 000088.200, 165
Trd, 000089.500, 163
Trd, 000089.617, 166
Trd, 000089.933, 166
Trd, 000089.983, 164
Trd, 000091.250, 163
Trd, 000091.617, 166
Trd, 000092.333, 164
Trd, 000093.533, 164
Trd, 000093.667, 161
Trd, 000093.800, 165
Trd, 000095.033, 161
Trd, 000095.233, 161
Trd, 000095.933, 153
Trd, 000096.317, 150
Trd, 000096.383, 161
Trd, 000096.850, 161
Trd, 000097.883, 157
Trd, 000098.850, 159
Trd, 000098.983, 160
Trd, 000099.617, 161
Trd, 000099.633, 155
Trd, 000100.567, 166
Trd, 000101.033, 168
Trd, 000101.133, 158
Trd, 000101.167, 172
Trd, 000101.217, 178
Trd, 000103.000, 182
Trd, 000103.667, 162
Trd, 000104.917, 170
Trd, 000105.717, 166
Trd, 000106.267, 168
Trd, 000106.717, 166
Trd, 000107.250, 169
Trd, 000107.633, 169
Trd, 000108.733, 167
Trd, 000109.000, 166
Trd, 000109.500, 167
Trd, 000109.667, 168
Trd, 000109.917, 166
Trd, 000110.017, 171
Trd, 000110.150, 166
Trd, 000111.817, 165
Trd, 000111.900, 165
Trd, 000112.733, 170
Trd, 000113.200, 171
Trd, 000113.400, 172
Trd, 000113.517, 173
Trd, 000114.233, 166
Trd, 000114.517, 160
Trd, 000114.717, 169
Trd, 000116.000, 156
Trd, 000116.133, 155
Trd, 000116.783, 155
Trd, 000117.433, 158
Trd, 000117.667, 159
Trd, 000118.217, 170
Trd, 000118.533, 174
Trd, 000119.450, 162
Trd, 000119.933, 161
Trd, 000120.250, 159
Trd, 000120.517, 165
Trd, 000121.267, 164
Trd, 000123.350, 165
Trd, 000124.450, 162
Trd, 000125.017, 163
Trd, 000125.833, 162
Trd, 000126.233, 163
Trd, 000126.317, 160
Trd, 000126.383, 164
Trd, 000126.633, 160
Trd, 000127.600, 163
Trd, 000128.217, 160
Trd, 000128.283, 165
Trd, 000129.083, 172
Trd, 000129.617, 158
Trd, 000131.267, 165
Trd, 000131.683, 167
Trd, 000131.700, 168
Trd, 000131.850, 163
Trd, 000132.867, 170
Trd, 000133.100, 167
Trd, 000133.250, 175
Trd, 000133.817, 177
Trd, 000134.933, 170
Trd, 000135.317, 170
Trd, 000135.383, 171
Trd, 000135.967, 173
Trd, 000136.817, 169
Trd, 000138.217, 173
Trd, 000138.333, 176
Trd, 000138.800, 169
Trd, 000140.583, 166
Trd, 000141.567, 169
Trd, 000142.183, 166
Trd, 000142.267, 169
Trd, 000142.750, 165
Trd, 000143.817, 165
Trd, 000144.050, 166
Trd, 000144.400, 167
Trd, 000145.117, 158
Trd, 000145.183, 158
Trd, 000145.417, 157
Trd, 000145.867, 164
Trd, 000146.150, 165
Trd, 000146.817, 158
Trd, 000147.967, 162
Trd, 000149.033, 163
Trd, 000149.917, 164
Trd, 000150.800, 162
Trd, 000151.100, 164
Trd, 000151.167, 166
Trd, 000151.833, 173
Trd, 000152.100, 163
Trd, 000153.700, 163
Trd, 000154.567, 167
Trd, 000154.633, 171
Trd, 000156.033, 169
Trd, 000156.483, 168
Trd, 000156.617, 167
Trd, 000156.950, 168
Trd, 000157.283, 168
Trd, 000157.333, 168
Trd, 000158.167, 171
Trd, 000158.550, 173
Trd, 000159.483, 171
Trd, 000159.700, 171
Trd, 000160.667, 171
Trd, 000161.067, 173
Trd, 000161.283, 162
Trd, 000161.800, 166
Trd, 000164.033, 163
Trd, 000164.050, 171
Trd, 000166.233, 167
Trd, 000166.367, 165
Trd, 000166.667, 165
Trd, 000167.100, 169
Trd, 000167.550, 170
Trd, 000168.350, 162
Trd, 000168.550, 170
Trd, 000170.250, 170
Trd, 000171.383, 167
Trd, 000172.183, 169
Trd, 000172.600, 170
Trd, 000172.667, 168
Trd, 000173.100, 170
Trd, 000173.233, 175
Trd, 000173.400, 167
Trd, 000173.600, 179
Trd, 000174.217, 165
Trd, 000175.883, 166
Trd, 000175.900, 172
Trd, 000176.050, 165
Trd, 000176.583, 174
Trd, 000176.750, 165
Trd, 000176.800, 175
Trd, 000178.283, 176
Trd, 000178.583, 184
Trd, 000179.433, 176
Trd, 000179.650, 175
Trd, 000180.000, 174
Trd, 000180.983, 176
Trd, 000181.800, 178
Trd, 000183.033, 177
Trd, 000184.050, 173
Trd, 000184.133, 172
Trd, 000184.333, 162
Trd, 000184.717, 173
Trd, 000184.883, 171
Trd, 000185.417, 167
Trd, 000186.583, 168
Trd, 000186.850, 169
Trd, 000188.267, 177
Trd, 000188.383, 179
Trd, 000188.983, 167
Trd, 000190.567, 169
Trd, 000190.633, 171
Trd, 000191.000, 167
Trd, 000191.583, 170
Trd, 000191.783, 164
Trd, 000192.700, 168
Trd, 000192.783, 167
Trd, 000193.117, 163
Trd, 000193.300, 168
Trd, 000193.833, 160
Trd, 000193.867, 169
Trd, 000194.800, 163
Trd, 000196.900, 163
Trd, 000197.417, 166
Trd, 000197.533, 167
Trd, 000197.667, 162
Trd, 000197.933, 166
Trd, 000199.250, 176
Trd, 000199.483, 160
Trd, 000199.617, 178
Trd, 000201.783, 171
Trd, 000202.050, 171
Trd, 000202.300, 172
Trd, 000203.550, 172
Trd, 000204.500, 172
Trd, 000205.567, 170
Trd, 000205.717, 170
Trd, 000205.950, 169
Trd, 000206.033, 175
Trd, 000206.333, 178
Trd, 000207.467, 177
Trd, 000208.483, 175
Trd, 000208.567, 177
Trd, 000208.617, 172
Trd, 000209.733, 172
Trd, 000210.233, 176
Trd, 000211.617, 178
Trd, 000212.633, 171
Trd, 000213.967, 177
Trd, 000214.083, 177
Trd, 000215.033, 175
Trd, 000215.633, 173
Trd, 000216.550, 167
Trd, 000216.817, 168
Trd, 000217.067, 168
Trd, 000217.217, 179
Trd, 000217.583, 168
Trd, 000217.650, 167
Trd, 000217.733, 184
Trd, 000218.633, 161
Trd, 000218.850, 187
Trd, 000219.617, 189
Trd, 000220.083, 163
Trd, 000221.350, 176
Trd, 000221.883, 172
Trd, 000222.167, 176
Trd, 000223.667, 170
Trd, 000223.917, 176
Trd, 000224.417, 171
Trd, 000224.983, 164
Trd, 000225.983, 167
Trd, 000226.200, 171
Trd, 000226.317, 172
Trd, 000227.733, 167
Trd, 000227.800, 173
Trd, 000228.417, 169
Trd, 000228.767, 166
Trd, 000228.833, 167
Trd, 000229.217, 173
Trd, 000229.300, 166
Trd, 000229.667, 179
Trd, 000231.667, 179
Trd, 000231.833, 181
Trd, 000232.400, 185
Trd, 000233.717, 169
Trd, 000234.467, 171
Trd, 000234.717, 171
Trd, 000235.383, 173
Trd, 000235.883, 174
Trd, 000236.300, 175
Trd, 000236.450, 172
Trd, 000236.483, 172
Trd, 000237.333, 167
Trd, 000238.133, 165
Trd, 000238.517, 174
Trd, 000239.950, 166
Trd, 000240.183, 168
Trd, 000240.433, 167
Trd, 000240.633, 166
Trd, 000240.933, 166
Trd, 000240.967, 168
Trd, 000241.650, 168
Trd, 000242.050, 170
Trd, 000243.183, 171
Trd, 000243.217, 172
Trd, 000244.700, 170
Trd, 000245.033, 171
Trd, 000245.333, 170
Trd, 000245.567, 170
Trd, 000245.650, 173
Trd, 000246.150, 173
Trd, 000246.417, 169
Trd, 000246.717, 170
Trd, 000247.500, 171
Trd, 000247.633, 169
Trd, 000247.667, 168
Trd, 000248.183, 171
Trd, 000248.467, 167
Trd, 000249.217, 170
Trd, 000250.083, 170
Trd, 000250.117, 169
Trd, 000250.283, 169
Trd, 000250.533, 168
Trd, 000250.850, 171
Trd, 000251.000, 172
Trd, 000251.033, 167
Trd, 000252.000, 170
Trd, 000252.317, 168
Trd, 000252.367, 183
Trd, 000252.733, 167
Trd, 000253.800, 181
Trd, 000254.150, 183
Trd, 000254.783, 176
Trd, 000255.533, 179
Trd, 000255.583, 178
Trd, 000256.267, 177
Trd, 000256.467, 175
Trd, 000256.800, 175
Trd, 000257.317, 175
Trd, 000257.533, 176
Trd, 000258.000, 175
Trd, 000258.183, 175
Trd, 000258.250, 174
Trd, 000258.350, 182
Trd, 000259.217, 179
Trd, 000260.167, 176
Trd, 000260.300, 178
Trd, 000260.717, 179
Trd, 000261.050, 176
Trd, 000261.450, 180
Trd, 000262.233, 184
Trd, 000262.433, 184
Trd, 000262.650, 184
Trd, 000264.067, 181
Trd, 000264.150, 180
Trd, 000264.217, 182
Trd, 000264.617, 179
Trd, 000264.800, 178
Trd, 000265.483, 181
Trd, 000265.800, 182
Trd, 000265.933, 184
Trd, 000266.150, 184
Trd, 000266.333, 176
Trd, 000266.700, 173
Trd, 000267.083, 172
Trd, 000268.417, 182
Trd, 000268.667, 167
Trd, 000269.850, 190
Trd, 000270.183, 189
Trd, 000270.300, 186
Trd, 000270.700, 185
Trd, 000270.867, 186
Trd, 000271.700, 189
Trd, 000271.783, 187
Trd, 000271.917, 182
Trd, 000272.200, 181
Trd, 000272.350, 171
Trd, 000272.533, 173
Trd, 000273.483, 173
Trd, 000273.550, 195
Trd, 000274.050, 174
Trd, 000274.267, 170
Trd, 000275.317, 174
Trd, 000276.250, 168
Trd, 000276.417, 170
Trd, 000276.817, 168
Trd, 000277.633, 169
Trd, 000277.650, 167
Trd, 000277.883, 166
Trd, 000278.167, 163
Trd, 000278.500, 170
Trd, 000279.450, 170
Trd, 000280.367, 172
Trd, 000280.617, 171
Trd, 000281.517, 171
Trd, 000282.017, 184
Trd, 000282.367, 170
Trd, 000282.517, 170
Trd, 000282.633, 167
Trd, 000282.683, 176
Trd, 000283.550, 186
Trd, 000284.250, 183
Trd, 000284.917, 184
Trd, 000285.733, 184
Trd, 000285.933, 183
Trd, 000286.300, 185
Trd, 000286.533, 186
Trd, 000286.633, 191
Trd, 000287.167, 183
Trd, 000287.300, 182
Trd, 000288.117, 181
Trd, 000288.450, 172
Trd, 000289.333, 187
Trd, 000289.767, 177
Trd, 000289.800, 173
Trd, 000290.050, 164
Trd, 000291.417, 173
Trd, 000291.550, 174
Trd, 000291.583, 174
Trd, 000291.733, 172
Trd, 000291.950, 170
Trd, 000292.867, 172
Trd, 000292.967, 172
Trd, 000293.483, 170
Trd, 000293.550, 171
Trd, 000293.800, 169
Trd, 000293.817, 170
Trd, 000293.850, 171
Trd, 000294.050, 173
Trd, 000294.100, 187
Trd, 000294.567, 180
Trd, 000294.583, 197
Trd, 000295.100, 168
Trd, 000295.217, 178
Trd, 000296.017, 170
Trd, 000296.850, 173
Trd, 000297.483, 181
Trd, 000297.500, 178
Trd, 000297.633, 188
Trd, 000297.850, 176
Trd, 000298.317, 183
Trd, 000298.400, 197
Trd, 000298.833, 187
Trd, 000299.433, 176
