Trd, 000002.500, 150
Trd, 000002.533, 145
Trd, 000003.400, 150
Trd, 000004.433, 150
Trd, 000004.683, 149
Trd, 000004.733, 145
Trd, 000005.217, 154
Trd, 000005.667, 155
Trd, 000005.733, 154
Trd, 000006.700, 153
Trd, 000007.350, 151
Trd, 000007.733, 152
Trd, 000007.917, 151
Trd, 000009.733, 152
Trd, 000010.350, 151
Trd, 000010.400, 150
Trd, 000010.450, 153
Trd, 000010.750, 155
Trd, 000010.767, 149
Trd, 000011.267, 155
Trd, 000011.633, 156
Trd, 000012.750, 138
Trd, 000013.217, 145
Trd, 000014.667, 150
Trd, 000014.867, 149
Trd, 000015.150, 149
Trd, 000015.517, 148
Trd, 000016.083, 152
Trd, 000016.450, 154
Trd, 000017.500, 148
Trd, 000017.867, 147
Trd, 000017.967, 152
Trd, 000018.533, 148
Trd, 000018.933, 149
Trd, 000019.100, 149
Trd, 000019.300, 149
Trd, 000020.150, 148
Trd, 000020.200, 149
Trd, 000020.683, 147
Trd, 000021.733, 150
Trd, 000022.350, 148
Trd, 000022.867, 149
Trd, 000023.900, 150
Trd, 000024.000, 151
Trd, 000024.067, 156
Trd, 000025.150, 154
Trd, 000025.633, 153
Trd, 000025.817, 157
Trd, 000027.033, 159
Trd, 000027.167, 154
Trd, 000027.883, 159
Trd, 000028.950, 158
Trd, 000029.433, 157
Trd, 000029.767, 158
Trd, 000029.917, 157
Trd, 000030.317, 156
Trd, 000031.333, 155
Trd, 000031.733, 154
Trd, 000032.383, 156
Trd, 000032.433, 155
Trd, 000032.950, 156
Trd, 000033.417, 156
Trd, 000034.150, 155
Trd, 000034.333, 156
Trd, 000034.717, 156
Trd, 000035.450, 155
Trd, 000035.517, 152
Trd, 000038.000, 153
Trd, 000039.583, 157
Trd, 000039.883, 156
Trd, 000040.167, 157
Trd, 000040.400, 155
Trd, 000042.233, 158
Trd, 000043.033, 159
Trd, 000043.517, 158
Trd, 000044.033, 158
Trd, 000044.867, 158
Trd, 000044.883, 159
Trd, 000046.133, 158
Trd, 000046.550, 158
Trd, 000047.633, 157
Trd, 000048.000, 159
Trd, 000048.100, 157
Trd, 000048.450, 158
Trd, 000048.583, 159
Trd, 000048.883, 157
Trd, 000049.100, 160
Trd, 000050.300, 156
Trd, 000051.117, 158
Trd, 000051.617, 156
Trd, 000052.300, 157
Trd, 000052.483, 154
Trd, 000052.833, 145
Trd, 000053.433, 149
Trd, 000053.550, 150
Trd, 000053.883, 154
Trd, 000055.250, 154
Trd, 000055.533, 155
Trd, 000055.783, 154
Trd, 000056.700, 160
Trd, 000056.900, 157
Trd, 000057.017, 167
Trd, 000057.483, 155
Trd, 000058.317, 164
Trd, 000058.650, 162
Trd, 000059.833, 161
Trd, 000059.917, 163
Trd, 000060.267, 163
Trd, 000061.233, 163
Trd, 000061.517, 162
Trd, 000061.633, 168
Trd, 000062.017, 159
Trd, 000063.817, 160
Trd, 000064.200, 160
Trd, 000064.467, 161
Trd, 000065.200, 162
Trd, 000065.383, 163
Trd, 000065.417, 161
Trd, 000065.783, 165
Trd, 000067.217, 165
Trd, 000067.467, 163
Trd, 000068.400, 167
Trd, 000068.733, 164
Trd, 000068.750, 168
Trd, 000069.317, 169
Trd, 000069.517, 165
Trd, 000069.567, 165
Trd, 000069.700, 163
Trd, 000070.200, 164
Trd, 000070.917, 168
Trd, 000073.150, 169
Trd, 000073.950, 165
Trd, 000074.750, 163
Trd, 000074.800, 166
Trd, 000074.983, 165
Trd, 000075.467, 162
Trd, 000075.950, 165
Trd, 000076.583, 165
Trd, 000076.617, 164
Trd, 000076.850, 165
Trd, 000077.117, 167
Trd, 000077.333, 170
Trd, 000077.617, 169
Trd, 000077.850, 163
Trd, 000079.067, 167
Trd, 000079.650, 165
Trd, 000080.683, 167
Trd, 000080.850, 168
Trd, 000081.500, 161
Trd, 000082.533, 163
Trd, 000082.883, 162
Trd, 000083.250, 160
Trd, 000083.700, 154
Trd, 000083.850, 157
Trd, 000085.767, 158
Trd, 000086.817, 157
Trd, 000087.400, 157
Trd, 000087.683, 156
Trd, 000087.783, 158
Trd, 000087.917, 156
Trd, 000087.983, 163
Trd, 000089.467, 160
Trd, 000090.350, 161
Trd, 000090.367, 157
Trd, 000091.233, 159
Trd, 000091.933, 160
Trd, 000093.600, 164
Trd, 000093.767, 161
Trd, 000094.167, 161
Trd, 000094.750, 164
Trd, 000094.783, 160
Trd, 000096.900, 163
Trd, 000097.083, 163
Trd, 000097.567, 162
Trd, 000098.750, 165
Trd, 000099.083, 166
Trd, 000099.250, 162
Trd, 000100.083, 168
Trd, 000101.100, 163
Trd, 000101.683, 168
Trd, 000103.100, 169
Trd, 000103.283, 168
Trd, 000103.700, 167
Trd, 000104.583, 166
Trd, 000104.733, 165
Trd, 000105.467, 164
Trd, 000105.567, 165
Trd, 000105.750, 166
Trd, 000107.533, 165
Trd, 000107.933, 166
Trd, 000108.233, 179
Trd, 000108.433, 170
Trd, 000108.583, 167
Trd, 000108.883, 165
Trd, 000110.250, 171
Trd, 000111.100, 168
Trd, 000111.233, 169
Trd, 000111.917, 166
Trd, 000112.433, 165
Trd, 000112.567, 165
Trd, 000113.467, 160
Trd, 000114.117, 160
Trd, 000114.700, 150
Trd, 000114.833, 155
Trd, 000115.533, 155
Trd, 000116.267, 155
Trd, 000116.283, 154
Trd, 000116.867, 156
Trd, 000117.883, 156
Trd, 000119.517, 158
Trd, 000119.650, 166
Trd, 000119.683, 158
Trd, 000120.750, 163
Trd, 000121.117, 164
Trd, 000121.317, 164
Trd, 000121.917, 165
Trd, 000122.067, 163
Trd, 000122.217, 165
Trd, 000124.033, 163
Trd, 000124.967, 162
Trd, 000125.050, 162
Trd, 000126.017, 162
Trd, 000126.183, 164
Trd, 000126.383, 165
Trd, 000126.983, 161
Trd, 000127.883, 163
Trd, 000128.583, 162
Trd, 000129.333, 162
Trd, 000129.767, 162
Trd, 000129.950, 163
Trd, 000129.983, 166
Trd, 000130.700, 164
Trd, 000131.167, 171
Trd, 000131.817, 166
Trd, 000132.600, 165
Trd, 000132.667, 164
Trd, 000133.300, 165
Trd, 000134.333, 166
Trd, 000134.800, 165
Trd, 000135.000, 165
Trd, 000135.800, 166
Trd, 000136.467, 168
Trd, 000137.100, 168
Trd, 000137.650, 169
Trd, 000137.700, 170
Trd, 000138.150, 168
Trd, 000138.350, 168
Trd, 000138.783, 170
Trd, 000140.250, 169
Trd, 000140.350, 168
Trd, 000140.800, 168
Trd, 000141.600, 168
Trd, 000142.400, 169
Trd, 000142.833, 172
Trd, 000142.917, 168
Trd, 000144.000, 168
Trd, 000144.067, 169
Trd, 000144.367, 169
Trd, 000144.800, 170
Trd, 000144.983, 167
Trd, 000145.250, 172
Trd, 000146.083, 169
Trd, 000146.200, 180
Trd, 000146.800, 166
Trd, 000146.950, 161
Trd, 000148.467, 168
Trd, 000148.650, 169
Trd, 000148.833, 169
Trd, 000150.550, 160
Trd, 000151.083, 155
Trd, 000151.833, 162
Trd, 000152.267, 162
Trd, 000152.467, 164
Trd, 000153.050, 163
Trd, 000153.217, 170
Trd, 000153.933, 164
Trd, 000153.950, 163
Trd, 000154.383, 162
Trd, 000156.517, 165
Trd, 000156.867, 159
Trd, 000157.733, 160
Trd, 000157.817, 159
Trd, 000158.517, 160
Trd, 000159.767, 157
Trd, 000160.133, 159
Trd, 000160.250, 160
Trd, 000160.650, 161
Trd, 000160.950, 159
Trd, 000161.733, 160
Trd, 000161.767, 163
Trd, 000163.067, 170
Trd, 000163.200, 162
Trd, 000164.200, 164
Trd, 000164.550, 165
Trd, 000164.700, 167
Trd, 000165.317, 166
Trd, 000166.083, 167
Trd, 000166.733, 179
Trd, 000167.250, 171
Trd, 000167.367, 170
Trd, 000167.800, 177
Trd, 000167.983, 172
Trd, 000168.883, 178
Trd, 000169.700, 176
Trd, 000170.467, 177
Trd, 000170.517, 177
Trd, 000170.533, 174
Trd, 000171.500, 176
Trd, 000172.083, 174
Trd, 000172.950, 174
Trd, 000173.650, 176
Trd, 000174.117, 176
Trd, 000175.283, 177
Trd, 000175.367, 176
Trd, 000175.433, 175
Trd, 000175.700, 171
Trd, 000176.600, 171
Trd, 000178.050, 172
Trd, 000178.350, 173
Trd, 000178.750, 172
Trd, 000179.633, 173
Trd, 000180.767, 174
Trd, 000181.200, 176
Trd, 000181.417, 176
Trd, 000181.750, 177
Trd, 000183.350, 177
Trd, 000184.867, 179
Trd, 000184.917, 176
Trd, 000185.550, 178
Trd, 000186.083, 178
Trd, 000186.317, 179
Trd, 000186.350, 177
Trd, 000187.600, 180
Trd, 000188.300, 177
Trd, 000188.500, 177
Trd, 000189.167, 180
Trd, 000189.933, 178
Trd, 000190.433, 179
Trd, 000190.617, 175
Trd, 000190.683, 182
Trd, 000190.733, 182
Trd, 000191.483, 175
Trd, 000192.200, 177
Trd, 000192.350, 177
Trd, 000193.883, 176
Trd, 000193.900, 174
Trd, 000194.883, 177
Trd, 000195.133, 178
Trd, 000195.767, 181
Trd, 000196.133, 176
Trd, 000196.800, 177
Trd, 000197.933, 177
Trd, 000198.217, 177
Trd, 000198.233, 177
Trd, 000198.483, 177
Trd, 000199.417, 177
Trd, 000199.983, 178
Trd, 000200.133, 179
Trd, 000201.267, 178
Trd, 000201.550, 177
Trd, 000202.233, 158
Trd, 000204.800, 164
Trd, 000205.267, 166
Trd, 000205.567, 170
Trd, 000205.700, 173
Trd, 000206.783, 172
Trd, 000206.833, 173
Trd, 000207.250, 172
Trd, 000207.950, 173
Trd, 000208.550, 175
Trd, 000209.167, 176
Trd, 000209.283, 174
Trd, 000210.533, 174
Trd, 000211.017, 173
Trd, 000211.717, 175
Trd, 000212.317, 175
Trd, 000213.067, 174
Trd, 000213.483, 177
Trd, 000213.567, 173
Trd, 000215.450, 178
Trd, 000215.483, 183
Trd, 000216.000, 182
Trd, 000216.150, 179
Trd, 000216.417, 178
Trd, 000216.917, 190
Trd, 000217.583, 181
Trd, 000218.000, 180
Trd, 000218.950, 180
Trd, 000219.833, 182
Trd, 000220.383, 179
Trd, 000220.783, 178
Trd, 000221.000, 177
Trd, 000221.417, 177
Trd, 000222.617, 178
Trd, 000223.133, 178
Trd, 000224.283, 177
Trd, 000225.317, 178
Trd, 000225.483, 178
Trd, 000225.733, 177
Trd, 000225.850, 174
Trd, 000226.117, 161
Trd, 000226.617, 159
Trd, 000227.150, 165
Trd, 000227.633, 170
Trd, 000227.700, 169
Trd, 000228.600, 170
Trd, 000228.700, 166
Trd, 000229.783, 166
Trd, 000229.983, 169
Trd, 000230.600, 167
Trd, 000231.117, 168
Trd, 000232.450, 169
Trd, 000232.617, 169
Trd, 000233.250, 172
Trd, 000233.333, 166
Trd, 000234.017, 191
Trd, 000235.083, 177
Trd, 000235.233, 177
Trd, 000235.417, 176
Trd, 000235.583, 176
Trd, 000235.633, 177
Trd, 000235.817, 177
Trd, 000235.850, 170
Trd, 000235.867, 160
Trd, 000238.100, 172
Trd, 000238.867, 179
Trd, 000240.267, 179
Trd, 000240.350, 177
Trd, 000240.750, 180
Trd, 000241.467, 179
Trd, 000241.633, 181
Trd, 000241.767, 179
Trd, 000242.467, 180
Trd, 000242.550, 181
Trd, 000242.633, 179
Trd, 000243.017, 178
Trd, 000243.733, 179
Trd, 000244.100, 179
Trd, 000244.217, 177
Trd, 000244.867, 176
Trd, 000245.300, 175
Trd, 000245.833, 176
Trd, 000246.417, 176
Trd, 000247.250, 176
Trd, 000247.450, 179
Trd, 000248.100, 176
Trd, 000248.150, 175
Trd, 000248.500, 175
Trd, 000249.667, 175
Trd, 000250.450, 174
Trd, 000250.617, 159
Trd, 000251.467, 167
Trd, 000251.767, 168
Trd, 000252.133, 169
Trd, 000253.333, 169
Trd, 000253.400, 170
Trd, 000254.083, 169
Trd, 000254.567, 170
Trd, 000255.050, 171
Trd, 000255.300, 173
Trd, 000255.317, 176
Trd, 000255.883, 171
Trd, 000257.017, 176
Trd, 000257.783, 186
Trd, 000257.883, 184
Trd, 000258.167, 185
Trd, 000258.317, 184
Trd, 000258.850, 182
Trd, 000258.867, 180
Trd, 000259.067, 180
Trd, 000260.950, 173
Trd, 000261.017, 169
Trd, 000261.333, 170
Trd, 000261.450, 172
Trd, 000261.583, 172
Trd, 000262.117, 172
Trd, 000262.517, 173
Trd, 000262.850, 173
Trd, 000263.017, 172
Trd, 000263.100, 169
Trd, 000263.267, 174
Trd, 000264.367, 173
Trd, 000264.467, 174
Trd, 000265.550, 173
Trd, 000265.900, 171
Trd, 000267.017, 172
Trd, 000267.667, 171
Trd, 000268.617, 170
Trd, 000269.083, 168
Trd, 000269.300, 171
Trd, 000269.500, 172
Trd, 000270.500, 173
Trd, 000270.767, 174
Trd, 000270.850, 175
Trd, 000271.117, 173
Trd, 000271.217, 174
Trd, 000272.717, 174
Trd, 000273.000, 173
Trd, 000273.467, 171
Trd, 000274.133, 171
Trd, 000274.583, 175
Trd, 000275.150, 173
Trd, 000275.700, 175
Trd, 000275.817, 176
Trd, 000276.800, 174
Trd, 000276.967, 176
Trd, 000277.333, 178
Trd, 000277.683, 175
Trd, 000277.717, 174
Trd, 000277.767, 173
Trd, 000278.717, 179
Trd, 000279.533, 179
Trd, 000279.800, 177
Trd, 000280.900, 177
Trd, 000281.067, 177
Trd, 000281.433, 176
Trd, 000282.067, 175
Trd, 000282.200, 175
Trd, 000283.167, 178
Trd, 000283.700, 176
Trd, 000283.783, 183
Trd, 000284.283, 190
Trd, 000285.233, 186
Trd, 000285.333, 185
Trd, 000285.450, 186
Trd, 000285.950, 182
Trd, 000286.000, 179
Trd, 000286.017, 172
Trd, 000286.633, 179
Trd, 000286.700, 188
Trd, 000286.733, 189
Trd, 000287.183, 179
Trd, 000288.417, 180
Trd, 000288.683, 179
Trd, 000289.450, 178
Trd, 000290.050, 180
Trd, 000291.017, 180
Trd, 000291.083, 182
Trd, 000291.600, 183
Trd, 000292.000, 184
Trd, 000293.083, 180
Trd, 000294.067, 181
Trd, 000294.383, 180
Trd, 000295.300, 181
Trd, 000295.383, 180
Trd, 000296.533, 181
Trd, 000296.733, 181
Trd, 000297.017, 181
Trd, 000297.183, 182
Trd, 000297.250, 178
Trd, 000297.817, 179
Trd, 000297.850, 186
Trd, 000298.200, 188
Trd, 000299.200, 181
