Trd, 000001.533, 118
Trd, 000002.150, 156
Trd, 000002.850, 158
Trd, 000003.517, 158
Trd, 000004.200, 142
Trd, 000004.800, 144
Trd, 000005.083, 141
Trd, 000005.533, 152
Trd, 000006.233, 154
Trd, 000006.533, 151
Trd, 000007.450, 152
Trd, 000008.467, 149
Trd, 000008.933, 147
Trd, 000009.383, 149
Trd, 000010.233, 150
Trd, 000011.283, 155
Trd, 000011.800, 155
Trd, 000011.817, 157
Trd, 000012.050, 159
Trd, 000013.650, 161
Trd, 000013.717, 162
Trd, 000016.767, 160
Trd, 000017.233, 158
Trd, 000017.567, 157
Trd, 000018.000, 155
Trd, 000018.600, 151
Trd, 000018.667, 157
Trd, 000019.500, 156
Trd, 000019.900, 160
Trd, 000020.100, 155
Trd, 000021.933, 154
Trd, 000022.050, 153
Trd, 000022.567, 154
Trd, 000022.650, 155
Trd, 000023.267, 155
Trd, 000024.783, 155
Trd, 000027.333, 156
Trd, 000027.683, 153
Trd, 000027.817, 156
Trd, 000028.300, 156
Trd, 000029.300, 154
Trd, 000030.217, 153
Trd, 000030.367, 156
Trd, 000031.100, 159
Trd, 000031.450, 154
Trd, 000032.400, 157
Trd, 000032.483, 161
Trd, 000033.217, 148
Trd, 000033.400, 156
Trd, 000034.233, 156
Trd, 000035.050, 153
Trd, 000035.517, 154
Trd, 000035.967, 155
Trd, 000036.633, 152
Trd, 000036.683, 157
Trd, 000037.250, 165
Trd, 000039.267, 159
Trd, 000039.450, 160
Trd, 000039.550, 158
Trd, 000040.150, 158
Trd, 000042.217, 157
Trd, 000042.567, 156
Trd, 000042.600, 159
Trd, 000043.633, 159
Trd, 000044.667, 157
Trd, 000045.200, 157
Trd, 000045.300, 157
Trd, 000046.400, 155
Trd, 000047.683, 156
Trd, 000048.283, 159
Trd, 000048.600, 163
Trd, 000050.150, 157
Trd, 000050.867, 159
Trd, 000051.517, 158
Trd, 000051.867, 156
Trd, 000052.467, 158
Trd, 000053.233, 161
Trd, 000053.333, 163
Trd, 000054.800, 162
Trd, 000055.900, 158
Trd, 000056.300, 159
Trd, 000056.483, 160
Trd, 000056.950, 156
Trd, 000058.683, 158
Trd, 000059.383, 156
Trd, 000059.633, 158
Trd, 000059.650, 159
Trd, 000060.000, 159
Trd, 000060.867, 158
Trd, 000061.033, 161
Trd, 000061.367, 160
Trd, 000062.083, 160
Trd, 000063.783, 159
Trd, 000064.517, 162
Trd, 000066.067, 160
Trd, 000066.167, 161
Trd, 000066.450, 164
Trd, 000067.250, 159
Trd, 000067.383, 164
Trd, 000067.467, 158
Trd, 000067.800, 162
Trd, 000068.233, 158
Trd, 000069.133, 162
Trd, 000070.217, 160
Trd, 000070.583, 161
Trd, 000070.700, 162
Trd, 000071.533, 161
Trd, 000071.700, 164
Trd, 000073.633, 165
Trd, 000073.700, 161
Trd, 000074.783, 162
Trd, 000075.100, 162
Trd, 000075.967, 161
Trd, 000076.617, 162
Trd, 000076.700, 165
Trd, 000078.117, 159
Trd, 000078.450, 162
Trd, 000078.967, 165
Trd, 000080.567, 159
Trd, 000080.733, 161
Trd, 000082.133, 160
Trd, 000082.250, 161
Trd, 000082.450, 160
Trd, 000082.733, 161
Trd, 000082.800, 164
Trd, 000084.750, 162
Trd, 000085.100, 163
Trd, 000086.067, 165
Trd, 000086.883, 162
Trd, 000087.850, 165
Trd, 000088.983, 165
Trd, 000089.167, 164
Trd, 000089.467, 165
Trd, 000089.683, 165
Trd, 000092.717, 162
Trd, 000093.183, 163
Trd, 000093.517, 164
Trd, 000093.583, 161
Trd, 000094.250, 166
Trd, 000094.283, 167
Trd, 000095.683, 165
Trd, 000095.883, 166
Trd, 000096.167, 161
Trd, 000096.667, 157
Trd, 000097.400, 169
Trd, 000097.967, 169
Trd, 000101.367, 166
Trd, 000101.817, 161
Trd, 000102.917, 164
Trd, 000103.050, 166
Trd, 000103.300, 162
Trd, 000104.417, 163
Trd, 000104.617, 162
Trd, 000105.017, 164
Trd, 000105.500, 163
Trd, 000107.600, 162
Trd, 000107.717, 163
Trd, 000108.017, 162
Trd, 000108.950, 164
Trd, 000109.283, 163
Trd, 000109.750, 162
Trd, 000109.950, 161
Trd, 000110.983, 166
Trd, 000111.217, 167
Trd, 000111.850, 167
Trd, 000113.033, 165
Trd, 000113.250, 162
Trd, 000113.467, 159
Trd, 000113.717, 162
Trd, 000113.750, 166
Trd, 000114.400, 175
Trd, 000116.117, 172
Trd, 000116.317, 162
Trd, 000117.633, 170
Trd, 000118.133, 171
Trd, 000118.267, 162
Trd, 000119.567, 169
Trd, 000119.883, 168
Trd, 000120.733, 168
Trd, 000120.783, 167
Trd, 000121.700, 165
Trd, 000122.217, 165
Trd, 000122.600, 168
Trd, 000122.750, 168
Trd, 000123.083, 168
Trd, 000124.450, 167
Trd, 000125.033, 168
Trd, 000125.550, 163
Trd, 000127.183, 167
Trd, 000127.283, 167
Trd, 000127.617, 164
Trd, 000128.700, 164
Trd, 000129.100, 165
Trd, 000129.467, 165
Trd, 000129.633, 166
Trd, 000130.367, 167
Trd, 000130.717, 168
Trd, 000132.117, 162
Trd, 000132.817, 166
Trd, 000133.400, 163
Trd, 000133.917, 171
Trd, 000134.183, 175
Trd, 000134.300, 178
Trd, 000137.200, 169
Trd, 000137.533, 170
Trd, 000137.717, 166
Trd, 000137.800, 172
Trd, 000139.483, 168
Trd, 000139.583, 166
Trd, 000140.317, 166
Trd, 000140.783, 165
Trd, 000142.483, 167
Trd, 000143.250, 165
Trd, 000143.967, 164
Trd, 000143.983, 165
Trd, 000144.317, 167
Trd, 000145.033, 166
Trd, 000145.967, 165
Trd, 000146.300, 167
Trd, 000147.383, 170
Trd, 000147.767, 171
Trd, 000149.117, 166
Trd, 000149.467, 168
Trd, 000149.750, 165
Trd, 000150.700, 167
Trd, 000150.750, 167
Trd, 000151.217, 170
Trd, 000154.083, 168
Trd, 000155.133, 167
Trd, 000155.750, 167
Trd, 000155.800, 167
Trd, 000155.833, 166
Trd, 000156.533, 169
Trd, 000157.283, 166
Trd, 000158.050, 171
Trd, 000160.667, 170
Trd, 000160.800, 171
Trd, 000161.117, 164
Trd, 000161.550, 163
Trd, 000162.133, 164
Trd, 000162.500, 163
Trd, 000162.550, 161
Trd, 000163.150, 162
Trd, 000164.000, 162
Trd, 000164.250, 160
Trd, 000164.367, 163
Trd, 000166.450, 162
Trd, 000166.933, 168
Trd, 000167.583, 163
Trd, 000169.000, 168
Trd, 000169.250, 167
Trd, 000169.650, 167
Trd, 000170.467, 165
Trd, 000171.250, 165
Trd, 000171.817, 164
Trd, 000172.700, 163
Trd, 000172.950, 164
Trd, 000173.150, 172
Trd, 000173.300, 175
Trd, 000174.517, 173
Trd, 000174.783, 179
Trd, 000175.550, 175
Trd, 000175.667, 180
Trd, 000177.117, 179
Trd, 000177.533, 177
Trd, 000177.867, 177
Trd, 000178.767, 176
Trd, 000179.517, 177
Trd, 000179.617, 175
Trd, 000179.717, 178
Trd, 000180.017, 175
Trd, 000180.950, 170
Trd, 000181.683, 169
Trd, 000181.700, 177
Trd, 000183.283, 177
Trd, 000183.383, 172
Trd, 000183.517, 171
Trd, 000184.483, 170
Trd, 000185.217, 173
Trd, 000187.117, 170
Trd, 000187.250, 167
Trd, 000187.867, 168
Trd, 000188.267, 166
Trd, 000188.750, 167
Trd, 000189.133, 172
Trd, 000190.083, 170
Trd, 000190.983, 168
Trd, 000191.117, 171
Trd, 000191.967, 170
Trd, 000192.500, 170
Trd, 000193.317, 177
Trd, 000194.183, 173
Trd, 000194.367, 174
Trd, 000195.583, 173
Trd, 000196.000, 169
Trd, 000196.933, 169
Trd, 000197.800, 170
Trd, 000198.117, 171
Trd, 000199.333, 170
Trd, 000199.983, 171
Trd, 000200.000, 168
Trd, 000200.217, 151
Trd, 000200.717, 170
Trd, 000200.800, 171
Trd, 000200.900, 169
Trd, 000203.383, 172
Trd, 000203.733, 176
Trd, 000204.700, 169
Trd, 000205.300, 171
Trd, 000206.100, 177
Trd, 000206.250, 178
Trd, 000206.800, 177
Trd, 000207.083, 180
Trd, 000207.600, 177
Trd, 000208.133, 173
Trd, 000208.867, 173
Trd, 000208.917, 172
Trd, 000211.083, 171
Trd, 000211.167, 172
Trd, 000211.817, 174
Trd, 000212.133, 175
Trd, 000212.700, 176
Trd, 000213.350, 176
Trd, 000213.883, 173
Trd, 000215.233, 176
Trd, 000215.467, 176
Trd, 000216.250, 175
Trd, 000216.983, 174
Trd, 000217.417, 173
Trd, 000218.300, 173
Trd, 000218.617, 176
Trd, 000219.750, 177
Trd, 000220.600, 175
Trd, 000221.367, 174
Trd, 000221.400, 172
Trd, 000222.283, 173
Trd, 000222.867, 172
Trd, 000223.267, 171
Trd, 000223.867, 177
Trd, 000225.133, 180
Trd, 000225.950, 174
Trd, 000226.617, 175
Trd, 000227.217, 175
Trd, 000227.283, 179
Trd, 000228.283, 179
Trd, 000228.700, 180
Trd, 000230.133, 175
Trd, 000230.917, 179
Trd, 000231.667, 179
Trd, 000231.883, 174
Trd, 000232.000, 171
Trd, 000233.417, 176
Trd, 000233.717, 174
Trd, 000234.017, 176
Trd, 000235.617, 177
Trd, 000236.200, 178
Trd, 000236.533, 178
Trd, 000237.317, 176
Trd, 000237.500, 175
Trd, 000240.133, 175
Trd, 000240.333, 174
Trd, 000240.433, 175
Trd, 000240.583, 173
Trd, 000240.850, 176
Trd, 000241.250, 177
Trd, 000241.283, 179
Trd, 000241.350, 180
Trd, 000242.100, 175
Trd, 000242.567, 179
Trd, 000242.967, 179
Trd, 000243.100, 182
Trd, 000244.683, 181
Trd, 000245.217, 181
Trd, 000245.350, 181
Trd, 000245.517, 180
Trd, 000246.200, 179
Trd, 000246.467, 178
Trd, 000246.517, 180
Trd, 000247.033, 178
Trd, 000247.500, 181
Trd, 000247.700, 182
Trd, 000248.383, 180
Trd, 000248.400, 179
Trd, 000248.467, 178
Trd, 000249.250, 185
Trd, 000250.383, 177
Trd, 000251.017, 177
Trd, 000251.133, 180
Trd, 000251.317, 176
Trd, 000251.500, 176
Trd, 000252.067, 178
Trd, 000252.300, 177
Trd, 000252.767, 178
Trd, 000253.217, 177
Trd, 000253.600, 178
Trd, 000253.667, 180
Trd, 000254.300, 178
Trd, 000254.567, 178
Trd, 000254.600, 180
Trd, 000254.650, 183
Trd, 000255.433, 187
Trd, 000256.567, 182
Trd, 000259.150, 186
Trd, 000259.283, 185
Trd, 000259.750, 182
Trd, 000259.783, 188
Trd, 000260.383, 187
Trd, 000261.233, 183
Trd, 000261.833, 184
Trd, 000262.000, 185
Trd, 000262.083, 185
Trd, 000262.167, 183
Trd, 000262.683, 181
Trd, 000263.083, 177
Trd, 000263.633, 177
Trd, 000263.917, 177
Trd, 000265.083, 174
Trd, 000265.233, 174
Trd, 000265.417, 176
Trd, 000266.133, 180
Trd, 000266.283, 177
Trd, 000266.983, 168
Trd, 000267.250, 181
Trd, 000268.917, 182
Trd, 000269.500, 175
Trd, 000269.833, 180
Trd, 000269.900, 182
Trd, 000270.067, 180
Trd, 000270.483, 181
Trd, 000270.550, 183
Trd, 000271.400, 182
Trd, 000271.800, 178
Trd, 000272.150, 181
Trd, 000272.433, 178
Trd, 000272.917, 176
Trd, 000273.333, 179
Trd, 000274.150, 177
Trd, 000274.417, 175
Trd, 000274.467, 178
Trd, 000274.950, 178
Trd, 000275.067, 179
Trd, 000276.433, 181
Trd, 000276.550, 175
Trd, 000276.717, 182
Trd, 000276.800, 185
Trd, 000277.850, 181
Trd, 000278.333, 185
Trd, 000278.917, 180
Trd, 000278.950, 185
Trd, 000279.483, 179
Trd, 000279.767, 179
Trd, 000280.467, 184
Trd, 000281.067, 184
Trd, 000281.517, 186
Trd, 000281.850, 177
Trd, 000282.800, 183
Trd, 000283.283, 184
Trd, 000283.533, 186
Trd, 000284.267, 167
Trd, 000284.783, 176
Trd, 000285.117, 177
Trd, 000285.517, 176
Trd, 000285.983, 176
Trd, 000286.350, 179
Trd, 000286.467, 180
Trd, 000286.517, 181
Trd, 000286.650, 184
Trd, 000287.267, 186
Trd, 000287.867, 180
Trd, 000288.633, 180
Trd, 000288.917, 187
Trd, 000289.067, 188
Trd, 000289.233, 191
Trd, 000290.133, 191
Trd, 000290.300, 190
Trd, 000290.400, 192
Trd, 000290.983, 185
Trd, 000291.100, 191
Trd, 000291.650, 178
Trd, 000292.383, 186
Trd, 000292.600, 180
Trd, 000292.983, 187
Trd, 000293.067, 188
Trd, 000293.317, 180
Trd, 000293.583, 191
Trd, 000293.717, 177
Trd, 000294.317, 180
Trd, 000295.250, 192
Trd, 000295.517, 193
Trd, 000296.100, 193
Trd, 000297.317, 188
Trd, 000299.217, 184
Trd, 000299.283, 184
Trd, 000299.400, 185
Trd, 000299.417, 185
