Trd, 000000.717, 182
Trd, 000000.933, 193
Trd, 000002.150, 149
Trd, 000002.883, 161
Trd, 000003.433, 151
Trd, 000004.317, 153
Trd, 000004.533, 153
Trd, 000004.650, 154
Trd, 000005.483, 157
Trd, 000005.733, 156
Trd, 000007.033, 149
Trd, 000008.267, 158
Trd, 000009.000, 159
Trd, 000009.433, 156
Trd, 000009.500, 162
Trd, 000009.700, 156
Trd, 000009.717, 155
Trd, 000009.833, 163
Trd, 000010.150, 148
Trd, 000010.550, 152
Trd, 000012.533, 153
Trd, 000012.717, 155
Trd, 000013.650, 155
Trd, 000013.667, 154
Trd, 000015.050, 156
Trd, 000015.583, 157
Trd, 000015.667, 156
Trd, 000015.683, 155
Trd, 000015.733, 162
Trd, 000017.233, 156
Trd, 000018.617, 159
Trd, 000019.083, 162
Trd, 000019.817, 169
Trd, 000020.500, 157
Trd, 000021.300, 160
Trd, 000021.567, 161
Trd, 000022.433, 160
Trd, 000022.533, 161
Trd, 000022.583, 159
Trd, 000022.700, 163
Trd, 000023.717, 159
Trd, 000023.933, 158
Trd, 000024.400, 157
Trd, 000026.833, 162
Trd, 000027.017, 159
Trd, 000027.300, 154
Trd, 000028.700, 159
Trd, 000028.850, 157
Trd, 000028.883, 160
Trd, 000029.650, 161
Trd, 000030.017, 156
Trd, 000030.167, 161
Trd, 000030.350, 162
Trd, 000030.383, 163
Trd, 000031.117, 157
Trd, 000032.367, 171
Trd, 000033.167, 162
Trd, 000033.300, 159
Trd, 000033.350, 163
Trd, 000033.850, 160
Trd, 000034.433, 162
Trd, 000035.317, 161
Trd, 000035.500, 162
Trd, 000035.683, 161
Trd, 000036.150, 162
Trd, 000036.283, 165
Trd, 000036.300, 147
Trd, 000036.750, 179
Trd, 000037.617, 151
Trd, 000037.917, 165
Trd, 000038.283, 151
Trd, 000038.467, 152
Trd, 000040.183, 156
Trd, 000040.200, 155
Trd, 000042.000, 155
Trd, 000042.133, 161
Trd, 000042.800, 154
Trd, 000042.850, 157
Trd, 000043.067, 160
Trd, 000043.683, 158
Trd, 000044.200, 154
Trd, 000044.217, 154
Trd, 000044.800, 155
Trd, 000045.267, 160
Trd, 000047.567, 159
Trd, 000048.167, 160
Trd, 000048.483, 161
Trd, 000048.867, 158
Trd, 000049.100, 157
Trd, 000049.650, 162
Trd, 000050.167, 162
Trd, 000050.250, 163
Trd, 000050.467, 163
Trd, 000051.150, 167
Trd, 000052.650, 172
Trd, 000053.317, 165
Trd, 000053.483, 163
Trd, 000053.667, 165
Trd, 000053.867, 164
Trd, 000054.400, 165
Trd, 000054.567, 161
Trd, 000055.267, 163
Trd, 000055.683, 164
Trd, 000055.700, 162
Trd, 000056.333, 160
Trd, 000057.283, 161
Trd, 000057.367, 160
Trd, 000057.450, 157
Trd, 000057.767, 162
Trd, 000058.933, 159
Trd, 000059.150, 157
Trd, 000059.183, 160
Trd, 000059.500, 160
Trd, 000060.383, 168
Trd, 000060.500, 169
Trd, 000061.250, 162
Trd, 000061.533, 161
Trd, 000062.267, 160
Trd, 000062.300, 166
Trd, 000062.333, 160
Trd, 000063.533, 168
Trd, 000064.200, 179
Trd, 000064.417, 155
Trd, 000064.833, 155
Trd, 000065.117, 166
Trd, 000066.117, 163
Trd, 000066.400, 154
Trd, 000067.867, 166
Trd, 000068.467, 167
Trd, 000068.667, 169
Trd, 000069.483, 163
Trd, 000069.883, 163
Trd, 000069.983, 161
Trd, 000072.133, 164
Trd, 000072.783, 162
Trd, 000072.850, 166
Trd, 000073.117, 166
Trd, 000073.183, 166
Trd, 000073.350, 161
Trd, 000074.567, 155
Trd, 000074.617, 154
Trd, 000074.717, 144
Trd, 000075.533, 164
Trd, 000076.733, 163
Trd, 000077.667, 165
Trd, 000077.833, 162
Trd, 000078.783, 164
Trd, 000079.150, 165
Trd, 000079.500, 166
Trd, 000079.567, 164
Trd, 000080.217, 166
Trd, 000081.067, 163
Trd, 000081.250, 166
Trd, 000082.200, 163
Trd, 000082.783, 162
Trd, 000083.300, 166
Trd, 000084.333, 166
Trd, 000084.967, 164
Trd, 000085.667, 165
Trd, 000086.767, 165
Trd, 000086.967, 166
Trd, 000087.183, 166
Trd, 000087.700, 166
Trd, 000088.117, 165
Trd, 000088.300, 165
Trd, 000088.883, 164
Trd, 000089.650, 169
Trd, 000089.700, 171
Trd, 000090.300, 164
Trd, 000091.267, 166
Trd, 000091.417, 164
Trd, 000091.450, 156
Trd, 000092.717, 158
Trd, 000093.033, 148
Trd, 000093.250, 147
Trd, 000094.483, 157
Trd, 000094.517, 154
Trd, 000096.050, 161
Trd, 000096.783, 157
Trd, 000098.067, 157
Trd, 000098.950, 156
Trd, 000099.033, 156
Trd, 000099.133, 158
Trd, 000099.567, 158
Trd, 000100.783, 156
Trd, 000100.933, 155
Trd, 000101.883, 161
Trd, 000102.233, 160
Trd, 000102.717, 155
Trd, 000103.500, 158
Trd, 000104.267, 160
Trd, 000104.667, 163
Trd, 000105.683, 163
Trd, 000105.933, 165
Trd, 000106.383, 161
Trd, 000107.133, 164
Trd, 000107.400, 166
Trd, 000108.367, 158
Trd, 000108.450, 148
Trd, 000109.133, 150
Trd, 000109.550, 164
Trd, 000110.417, 166
Trd, 000110.467, 164
Trd, 000110.800, 170
Trd, 000111.217, 171
Trd, 000112.100, 167
Trd, 000112.133, 173
Trd, 000112.283, 166
Trd, 000112.700, 173
Trd, 000112.717, 179
Trd, 000113.183, 166
Trd, 000114.283, 173
Trd, 000114.850, 165
Trd, 000114.950, 174
Trd, 000115.700, 172
Trd, 000115.917, 167
Trd, 000116.600, 167
Trd, 000117.333, 169
Trd, 000118.167, 170
Trd, 000118.483, 168
Trd, 000118.550, 170
Trd, 000118.800, 170
Trd, 000119.117, 167
Trd, 000119.267, 171
Trd, 000120.800, 168
Trd, 000122.567, 171
Trd, 000123.183, 170
Trd, 000124.417, 169
Trd, 000124.650, 170
Trd, 000124.717, 170
Trd, 000125.367, 170
Trd, 000125.917, 169
Trd, 000126.333, 171
Trd, 000126.350, 167
Trd, 000127.167, 159
Trd, 000127.483, 149
Trd, 000128.367, 156
Trd, 000128.683, 157
Trd, 000129.350, 156
Trd, 000129.633, 156
Trd, 000130.567, 161
Trd, 000130.600, 168
Trd, 000131.383, 163
Trd, 000131.567, 163
Trd, 000131.717, 162
Trd, 000132.217, 164
Trd, 000132.550, 162
Trd, 000133.717, 160
Trd, 000134.150, 150
Trd, 000134.600, 166
Trd, 000136.183, 168
Trd, 000136.350, 159
Trd, 000137.400, 167
Trd, 000137.450, 171
Trd, 000137.733, 176
Trd, 000138.367, 176
Trd, 000138.433, 181
Trd, 000139.100, 173
Trd, 000139.700, 175
Trd, 000139.717, 176
Trd, 000140.450, 179
Trd, 000140.733, 176
Trd, 000141.367, 171
Trd, 000142.033, 164
Trd, 000142.883, 164
Trd, 000143.567, 169
Trd, 000144.133, 170
Trd, 000145.767, 172
Trd, 000145.900, 173
Trd, 000146.250, 173
Trd, 000146.600, 167
Trd, 000147.333, 174
Trd, 000148.267, 190
Trd, 000148.300, 184
Trd, 000148.833, 177
Trd, 000149.200, 183
Trd, 000149.300, 173
Trd, 000150.583, 177
Trd, 000150.833, 177
Trd, 000152.933, 173
Trd, 000153.117, 175
Trd, 000153.533, 175
Trd, 000154.083, 174
Trd, 000154.433, 172
Trd, 000154.467, 170
Trd, 000156.867, 175
Trd, 000157.233, 176
Trd, 000157.600, 176
Trd, 000158.400, 175
Trd, 000158.650, 176
Trd, 000158.683, 176
Trd, 000158.783, 173
Trd, 000159.200, 172
Trd, 000160.300, 172
Trd, 000160.650, 175
Trd, 000160.900, 165
Trd, 000162.300, 171
Trd, 000162.633, 168
Trd, 000162.850, 171
Trd, 000163.250, 178
Trd, 000163.700, 173
Trd, 000164.717, 172
Trd, 000165.050, 171
Trd, 000165.283, 173
Trd, 000165.883, 170
Trd, 000166.800, 170
Trd, 000167.200, 163
Trd, 000168.117, 173
Trd, 000168.483, 173
Trd, 000168.783, 168
Trd, 000169.217, 173
Trd, 000170.233, 172
Trd, 000171.583, 174
Trd, 000171.617, 172
Trd, 000171.800, 171
Trd, 000172.217, 175
Trd, 000172.883, 172
Trd, 000173.500, 175
Trd, 000173.717, 174
Trd, 000174.333, 174
Trd, 000174.500, 175
Trd, 000175.300, 175
Trd, 000175.783, 174
Trd, 000176.383, 172
Trd, 000176.450, 175
Trd, 000177.583, 175
Trd, 000177.600, 174
Trd, 000178.650, 174
Trd, 000178.767, 176
Trd, 000179.200, 173
Trd, 000179.317, 176
Trd, 000179.500, 173
Trd, 000180.567, 180
Trd, 000181.633, 176
Trd, 000181.900, 179
Trd, 000182.000, 186
Trd, 000183.033, 177
Trd, 000183.267, 179
Trd, 000183.517, 180
Trd, 000183.533, 178
Trd, 000184.217, 179
Trd, 000184.883, 178
Trd, 000184.950, 180
Trd, 000185.033, 173
Trd, 000185.550, 165
Trd, 000186.050, 182
Trd, 000186.133, 168
Trd, 000187.617, 180
Trd, 000188.983, 170
Trd, 000189.350, 179
Trd, 000189.500, 180
Trd, 000189.900, 179
Trd, 000190.583, 178
Trd, 000190.900, 177
Trd, 000190.933, 181
Trd, 000191.867, 180
Trd, 000192.033, 178
Trd, 000192.333, 176
Trd, 000193.283, 175
Trd, 000193.483, 173
Trd, 000193.967, 177
Trd, 000194.317, 167
Trd, 000194.500, 166
Trd, 000194.783, 165
Trd, 000195.033, 176
Trd, 000195.417, 166
Trd, 000196.417, 165
Trd, 000198.133, 172
Trd, 000198.550, 175
Trd, 000199.083, 175
Trd, 000199.917, 178
Trd, 000200.050, 181
Trd, 000201.817, 181
Trd, 000201.900, 188
Trd, 000201.917, 180
Trd, 000201.950, 177
Trd, 000203.350, 181
Trd, 000204.183, 177
Trd, 000204.483, 182
Trd, 000204.850, 177
Trd, 000205.100, 175
Trd, 000205.383, 180
Trd, 000205.550, 180
Trd, 000205.917, 182
Trd, 000207.283, 176
Trd, 000208.983, 180
Trd, 000209.350, 179
Trd, 000209.650, 179
Trd, 000209.850, 178
Trd, 000210.017, 178
Trd, 000210.100, 174
Trd, 000210.317, 180
Trd, 000211.417, 179
Trd, 000211.817, 172
Trd, 000211.933, 178
Trd, 000212.067, 171
Trd, 000213.550, 173
Trd, 000213.967, 178
Trd, 000214.233, 179
Trd, 000214.333, 174
Trd, 000215.367, 173
Trd, 000215.683, 178
Trd, 000216.100, 179
Trd, 000216.750, 178
Trd, 000217.150, 177
Trd, 000217.400, 180
Trd, 000218.167, 184
Trd, 000218.917, 177
Trd, 000220.183, 180
Trd, 000220.200, 179
Trd, 000220.217, 176
Trd, 000221.383, 174
Trd, 000221.433, 177
Trd, 000221.700, 179
Trd, 000222.550, 169
Trd, 000223.433, 164
Trd, 000223.633, 184
Trd, 000225.750, 174
Trd, 000225.783, 176
Trd, 000226.500, 177
Trd, 000227.233, 177
Trd, 000227.250, 178
Trd, 000227.600, 175
Trd, 000228.100, 179
Trd, 000228.150, 173
Trd, 000228.600, 179
Trd, 000228.883, 172
Trd, 000229.650, 171
Trd, 000229.667, 180
Trd, 000231.383, 175
Trd, 000231.467, 179
Trd, 000231.583, 173
Trd, 000232.717, 179
Trd, 000232.833, 180
Trd, 000233.450, 174
Trd, 000234.367, 180
Trd, 000236.583, 178
Trd, 000236.750, 181
Trd, 000237.400, 179
Trd, 000237.600, 180
Trd, 000238.467, 181
Trd, 000239.017, 182
Trd, 000239.367, 185
Trd, 000240.117, 180
Trd, 000240.233, 181
Trd, 000240.383, 179
Trd, 000240.500, 180
Trd, 000241.133, 178
Trd, 000241.200, 179
Trd, 000241.433, 181
Trd, 000241.800, 171
Trd, 000242.367, 172
Trd, 000242.417, 165
Trd, 000242.950, 177
Trd, 000244.583, 170
Trd, 000245.017, 168
Trd, 000245.150, 173
Trd, 000245.533, 171
Trd, 000246.000, 174
Trd, 000246.267, 171
Trd, 000246.367, 176
Trd, 000247.100, 173
Trd, 000247.483, 174
Trd, 000248.500, 173
Trd, 000248.867, 173
Trd, 000248.967, 169
Trd, 000249.467, 174
Trd, 000249.517, 174
Trd, 000250.250, 173
Trd, 000250.450, 175
Trd, 000251.300, 175
Trd, 000251.817, 180
Trd, 000252.050, 183
Trd, 000252.867, 180
Trd, 000252.900, 184
Trd, 000253.050, 176
Trd, 000253.500, 180
Trd, 000254.100, 181
Trd, 000254.150, 179
Trd, 000254.650, 176
Trd, 000255.517, 178
Trd, 000255.700, 175
Trd, 000255.900, 181
Trd, 000257.067, 177
Trd, 000257.083, 176
Trd, 000257.283, 174
Trd, 000257.783, 178
Trd, 000257.950, 181
Trd, 000258.867, 177
Trd, 000259.100, 176
Trd, 000259.583, 177
Trd, 000259.650, 178
Trd, 000259.683, 179
Trd, 000259.833, 178
Trd, 000260.133, 180
Trd, 000260.150, 182
Trd, 000260.667, 178
Trd, 000261.167, 174
Trd, 000262.200, 177
Trd, 000262.317, 176
Trd, 000262.433, 180
Trd, 000262.517, 181
Trd, 000262.800, 172
Trd, 000264.400, 169
Trd, 000264.817, 168
Trd, 000264.833, 170
Trd, 000265.767, 170
Trd, 000266.100, 174
Trd, 000266.200, 174
Trd, 000266.633, 168
Trd, 000267.333, 184
Trd, 000268.517, 179
Trd, 000268.733, 183
Trd, 000269.100, 185
Trd, 000270.050, 185
Trd, 000270.417, 184
Trd, 000270.733, 184
Trd, 000270.917, 186
Trd, 000271.683, 186
Trd, 000272.483, 186
Trd, 000272.867, 186
Trd, 000273.183, 187
Trd, 000274.150, 185
Trd, 000274.233, 184
Trd, 000274.367, 183
Trd, 000274.533, 186
Trd, 000274.967, 187
Trd, 000276.183, 182
Trd, 000276.367, 182
Trd, 000277.200, 189
Trd, 000277.900, 179
Trd, 000278.117, 178
Trd, 000278.900, 185
Trd, 000278.983, 186
Trd, 000279.250, 176
Trd, 000279.333, 186
Trd, 000279.400, 187
Trd, 000279.650, 189
Trd, 000281.167, 183
Trd, 000281.300, 182
Trd, 000281.800, 182
Trd, 000282.683, 185
Trd, 000283.017, 186
Trd, 000283.050, 190
Trd, 000283.267, 182
Trd, 000284.383, 176
Trd, 000285.267, 178
Trd, 000285.433, 179
Trd, 000285.550, 179
Trd, 000286.100, 176
Trd, 000286.800, 183
Trd, 000286.833, 177
Trd, 000286.983, 184
Trd, 000287.033, 176
Trd, 000287.083, 178
Trd, 000287.217, 175
Trd, 000287.550, 170
Trd, 000287.933, 178
Trd, 000288.550, 174
Trd, 000288.917, 166
Trd, 000289.633, 173
Trd, 000289.733, 173
Trd, 000290.850, 174
Trd, 000291.300, 177
Trd, 000291.550, 174
Trd, 000291.983, 176
Trd, 000292.533, 176
Trd, 000293.517, 176
Trd, 000293.833, 166
Trd, 000294.033, 170
Trd, 000294.333, 166
Trd, 000295.100, 187
Trd, 000295.583, 184
Trd, 000295.717, 172
Trd, 000296.183, 189
Trd, 000296.317, 191
Trd, 000296.433, 181
Trd, 000296.467, 197
Trd, 000296.833, 178
Trd, 000296.950, 201
Trd, 000297.967, 185
Trd, 000298.700, 182
Trd, 000298.750, 180
Trd, 000298.800, 180
Trd, 000299.183, 184
Trd, 000299.233, 185
Trd, 000299.833, 183
Trd, 000299.867, 186
