Trd, 000002.083, 141
Trd, 000002.617, 134
Trd, 000003.617, 144
Trd, 000005.167, 150
Trd, 000005.650, 137
Trd, 000006.283, 138
Trd, 000006.900, 135
Trd, 000008.000, 141
Trd, 000008.500, 140
Trd, 000008.700, 140
Trd, 000009.450, 140
Trd, 000010.750, 144
Trd, 000010.833, 141
Trd, 000010.900, 137
Trd, 000010.983, 145
Trd, 000011.267, 162
Trd, 000012.467, 154
Trd, 000014.050, 145
Trd, 000014.183, 145
Trd, 000014.417, 144
Trd, 000014.867, 147
Trd, 000015.517, 163
Trd, 000016.967, 144
Trd, 000018.500, 149
Trd, 000018.617, 148
Trd, 000018.883, 147
Trd, 000019.550, 146
Trd, 000020.117, 148
Trd, 000020.200, 146
Trd, 000020.600, 157
Trd, 000021.017, 159
Trd, 000022.150, 138
Trd, 000022.300, 164
Trd, 000022.800, 154
Trd, 000022.883, 145
Trd, 000023.267, 144
Trd, 000025.883, 150
Trd, 000026.483, 150
Trd, 000026.817, 150
Trd, 000028.350, 151
Trd, 000028.467, 149
Trd, 000028.700, 150
Trd, 000028.833, 151
Trd, 000029.250, 151
Trd, 000029.950, 147
Trd, 000030.017, 138
Trd, 000030.433, 144
Trd, 000032.050, 145
Trd, 000033.583, 145
Trd, 000034.300, 145
Trd, 000034.400, 146
Trd, 000034.833, 146
Trd, 000035.167, 146
Trd, 000035.617, 145
Trd, 000036.783, 150
Trd, 000037.383, 161
Trd, 000039.417, 163
Trd, 000039.750, 160
Trd, 000039.817, 159
Trd, 000040.617, 160
Trd, 000040.750, 162
Trd, 000041.400, 160
Trd, 000041.817, 155
Trd, 000042.700, 148
Trd, 000042.900, 148
Trd, 000044.350, 143
Trd, 000045.017, 152
Trd, 000045.283, 150
Trd, 000045.883, 150
Trd, 000046.867, 148
Trd, 000047.100, 148
Trd, 000047.183, 152
Trd, 000047.550, 144
Trd, 000047.650, 166
Trd, 000048.100, 167
Trd, 000049.200, 161
Trd, 000049.717, 152
Trd, 000050.450, 154
Trd, 000050.783, 153
Trd, 000051.033, 159
Trd, 000051.917, 157
Trd, 000052.083, 156
Trd, 000052.567, 158
Trd, 000052.917, 156
Trd, 000053.583, 159
Trd, 000055.367, 157
Trd, 000056.083, 156
Trd, 000056.250, 156
Trd, 000056.550, 153
Trd, 000057.000, 151
Trd, 000058.667, 156
Trd, 000059.000, 157
Trd, 000059.383, 157
Trd, 000059.733, 156
Trd, 000060.317, 153
Trd, 000060.967, 153
Trd, 000062.300, 153
Trd, 000062.883, 154
Trd, 000063.983, 154
Trd, 000064.250, 153
Trd, 000064.433, 156
Trd, 000065.000, 170
Trd, 000066.300, 155
Trd, 000067.367, 155
Trd, 000067.767, 160
Trd, 000068.417, 160
Trd, 000069.233, 153
Trd, 000069.417, 151
Trd, 000069.650, 159
Trd, 000070.783, 168
Trd, 000070.850, 158
Trd, 000071.483, 154
Trd, 000072.917, 143
Trd, 000073.700, 153
Trd, 000073.867, 153
Trd, 000074.100, 153
Trd, 000074.700, 152
Trd, 000075.283, 154
Trd, 000075.367, 151
Trd, 000076.050, 143
Trd, 000076.300, 162
Trd, 000076.467, 157
Trd, 000076.817, 161
Trd, 000077.933, 156
Trd, 000079.583, 155
Trd, 000080.750, 155
Trd, 000082.083, 153
Trd, 000082.117, 154
Trd, 000082.417, 154
Trd, 000082.433, 152
Trd, 000083.317, 155
Trd, 000083.333, 156
Trd, 000083.450, 153
Trd, 000083.517, 153
Trd, 000084.417, 170
Trd, 000085.250, 156
Trd, 000087.550, 161
Trd, 000088.383, 160
Trd, 000088.667, 168
Trd, 000089.167, 145
Trd, 000089.367, 160
Trd, 000090.633, 145
Trd, 000091.183, 161
Trd, 000091.617, 160
Trd, 000093.533, 164
Trd, 000093.700, 163
Trd, 000094.200, 161
Trd, 000094.683, 155
Trd, 000095.600, 169
Trd, 000095.850, 160
Trd, 000096.750, 156
Trd, 000097.567, 161
Trd, 000097.867, 168
Trd, 000097.917, 160
Trd, 000099.300, 158
Trd, 000099.367, 166
Trd, 000099.783, 154
Trd, 000100.367, 165
Trd, 000100.600, 158
Trd, 000100.817, 157
Trd, 000102.433, 152
Trd, 000103.333, 154
Trd, 000104.217, 155
Trd, 000104.400, 154
Trd, 000104.800, 154
Trd, 000106.417, 158
Trd, 000106.617, 148
Trd, 000107.083, 157
Trd, 000107.267, 147
Trd, 000107.350, 168
Trd, 000107.667, 146
Trd, 000110.867, 159
Trd, 000110.933, 158
Trd, 000111.267, 160
Trd, 000111.383, 158
Trd, 000111.783, 159
Trd, 000112.200, 158
Trd, 000112.883, 160
Trd, 000113.250, 159
Trd, 000113.500, 145
Trd, 000113.633, 172
Trd, 000116.650, 162
Trd, 000116.917, 161
Trd, 000117.067, 156
Trd, 000117.183, 156
Trd, 000118.017, 163
Trd, 000118.550, 165
Trd, 000119.017, 160
Trd, 000119.083, 166
Trd, 000120.150, 161
Trd, 000121.467, 159
Trd, 000121.883, 151
Trd, 000123.850, 153
Trd, 000123.900, 156
Trd, 000124.017, 149
Trd, 000124.600, 156
Trd, 000125.400, 156
Trd, 000125.517, 148
Trd, 000127.017, 165
Trd, 000128.867, 175
Trd, 000129.000, 167
Trd, 000130.850, 169
Trd, 000131.333, 169
Trd, 000131.483, 167
Trd, 000131.583, 164
Trd, 000131.600, 160
Trd, 000133.583, 163
Trd, 000133.650, 165
Trd, 000134.933, 164
Trd, 000134.983, 163
Trd, 000135.350, 162
Trd, 000135.867, 157
Trd, 000135.983, 157
Trd, 000136.217, 156
Trd, 000137.883, 158
Trd, 000138.017, 159
Trd, 000138.600, 156
Trd, 000138.983, 157
Trd, 000140.567, 157
Trd, 000140.833, 157
Trd, 000141.233, 156
Trd, 000141.967, 157
Trd, 000142.000, 157
Trd, 000142.783, 171
Trd, 000143.100, 157
Trd, 000143.900, 160
Trd, 000144.167, 158
Trd, 000145.383, 168
Trd, 000146.017, 175
Trd, 000146.167, 170
Trd, 000147.100, 170
Trd, 000147.900, 171
Trd, 000148.517, 169
Trd, 000148.700, 170
Trd, 000149.750, 153
Trd, 000151.400, 158
Trd, 000151.933, 157
Trd, 000152.633, 154
Trd, 000153.667, 154
Trd, 000153.767, 166
Trd, 000154.333, 153
Trd, 000154.967, 158
Trd, 000155.250, 159
Trd, 000156.833, 160
Trd, 000157.167, 159
Trd, 000157.850, 159
Trd, 000158.950, 158
Trd, 000159.167, 153
Trd, 000159.383, 152
Trd, 000160.683, 158
Trd, 000160.817, 159
Trd, 000161.367, 158
Trd, 000161.467, 160
Trd, 000161.867, 163
Trd, 000162.867, 162
Trd, 000165.183, 167
Trd, 000165.783, 166
Trd, 000166.300, 168
Trd, 000166.517, 174
Trd, 000166.900, 168
Trd, 000167.450, 170
Trd, 000168.900, 167
Trd, 000168.967, 167
Trd, 000169.017, 168
Trd, 000169.833, 168
Trd, 000170.033, 167
Trd, 000170.333, 177
Trd, 000171.017, 166
Trd, 000171.383, 166
Trd, 000171.750, 151
Trd, 000171.900, 171
Trd, 000173.100, 158
Trd, 000173.367, 160
Trd, 000174.817, 159
Trd, 000175.233, 161
Trd, 000175.300, 165
Trd, 000175.333, 179
Trd, 000175.617, 155
Trd, 000175.983, 154
Trd, 000178.033, 163
Trd, 000178.133, 164
Trd, 000178.417, 161
Trd, 000178.733, 167
Trd, 000179.083, 162
Trd, 000179.817, 165
Trd, 000180.017, 162
Trd, 000180.333, 186
Trd, 000183.133, 169
Trd, 000183.467, 168
Trd, 000184.083, 168
Trd, 000184.133, 162
Trd, 000185.267, 170
Trd, 000186.183, 168
Trd, 000186.817, 171
Trd, 000186.833, 174
Trd, 000188.200, 173
Trd, 000188.450, 176
Trd, 000189.950, 173
Trd, 000190.017, 171
Trd, 000190.150, 170
Trd, 000190.233, 167
Trd, 000191.300, 170
Trd, 000192.000, 163
Trd, 000192.483, 162
Trd, 000193.417, 163
Trd, 000194.367, 163
Trd, 000195.017, 163
Trd, 000195.050, 166
Trd, 000195.150, 167
Trd, 000195.683, 181
Trd, 000195.950, 162
Trd, 000196.400, 160
Trd, 000197.967, 155
Trd, 000199.050, 162
Trd, 000199.233, 164
Trd, 000199.517, 175
Trd, 000199.800, 156
Trd, 000199.933, 177
Trd, 000200.850, 159
Trd, 000201.750, 161
Trd, 000202.883, 164
Trd, 000203.400, 164
Trd, 000203.733, 165
Trd, 000204.817, 163
Trd, 000205.967, 164
Trd, 000206.133, 165
Trd, 000206.600, 165
Trd, 000206.900, 167
Trd, 000207.400, 170
Trd, 000207.550, 166
Trd, 000210.200, 175
Trd, 000211.000, 173
Trd, 000211.133, 172
Trd, 000211.183, 172
Trd, 000211.683, 171
Trd, 000211.750, 167
Trd, 000212.617, 156
Trd, 000212.900, 173
Trd, 000213.050, 169
Trd, 000213.750, 165
Trd, 000215.217, 172
Trd, 000215.267, 167
Trd, 000216.883, 170
Trd, 000217.133, 170
Trd, 000217.817, 170
Trd, 000218.967, 174
Trd, 000219.033, 187
Trd, 000220.250, 181
Trd, 000220.683, 183
Trd, 000221.033, 186
Trd, 000221.100, 181
Trd, 000221.617, 174
Trd, 000222.000, 174
Trd, 000224.217, 177
Trd, 000224.883, 177
Trd, 000225.750, 176
Trd, 000226.650, 175
Trd, 000226.667, 166
Trd, 000227.483, 168
Trd, 000227.867, 170
Trd, 000228.383, 172
Trd, 000229.000, 169
Trd, 000230.600, 159
Trd, 000231.017, 158
Trd, 000231.350, 167
Trd, 000232.317, 160
Trd, 000232.750, 162
Trd, 000233.067, 160
Trd, 000233.650, 160
Trd, 000233.833, 161
Trd, 000234.200, 162
Trd, 000234.250, 159
Trd, 000234.633, 162
Trd, 000236.450, 161
Trd, 000236.550, 162
Trd, 000236.883, 158
Trd, 000237.917, 179
Trd, 000238.467, 169
Trd, 000239.633, 164
Trd, 000239.983, 168
Trd, 000240.283, 167
Trd, 000240.550, 167
Trd, 000240.633, 165
Trd, 000240.650, 168
Trd, 000240.833, 179
Trd, 000242.217, 167
Trd, 000242.533, 170
Trd, 000242.900, 167
Trd, 000243.633, 167
Trd, 000243.967, 170
Trd, 000244.033, 168
Trd, 000244.567, 169
Trd, 000245.000, 172
Trd, 000245.650, 178
Trd, 000245.867, 175
Trd, 000246.233, 173
Trd, 000246.367, 176
Trd, 000246.900, 177
Trd, 000246.983, 179
Trd, 000247.083, 176
Trd, 000248.100, 169
Trd, 000248.133, 161
Trd, 000248.583, 177
Trd, 000248.717, 165
Trd, 000249.267, 181
Trd, 000250.233, 178
Trd, 000250.750, 179
Trd, 000251.033, 178
Trd, 000251.750, 180
Trd, 000252.600, 178
Trd, 000253.000, 178
Trd, 000254.450, 181
Trd, 000254.700, 180
Trd, 000254.917, 176
Trd, 000255.467, 178
Trd, 000255.833, 173
Trd, 000256.267, 178
Trd, 000256.400, 176
Trd, 000256.733, 178
Trd, 000257.050, 176
Trd, 000259.183, 170
Trd, 000259.417, 173
Trd, 000260.167, 175
Trd, 000260.967, 174
Trd, 000261.117, 175
Trd, 000261.217, 172
Trd, 000261.283, 172
Trd, 000261.533, 174
Trd, 000261.650, 170
Trd, 000262.517, 170
Trd, 000262.617, 173
Trd, 000263.083, 161
Trd, 000263.183, 161
Trd, 000264.067, 164
Trd, 000264.217, 163
Trd, 000264.350, 162
Trd, 000265.267, 164
Trd, 000265.533, 165
Trd, 000265.783, 167
Trd, 000266.600, 167
Trd, 000266.967, 161
Trd, 000267.150, 166
Trd, 000268.083, 167
Trd, 000268.350, 168
Trd, 000268.700, 165
Trd, 000268.917, 164
Trd, 000268.950, 168
Trd, 000269.200, 181
Trd, 000270.283, 178
Trd, 000270.550, 179
Trd, 000270.600, 178
Trd, 000271.000, 183
Trd, 000271.483, 190
Trd, 000273.250, 191
Trd, 000273.667, 189
Trd, 000273.683, 185
Trd, 000274.517, 180
Trd, 000275.367, 178
Trd, 000275.783, 169
Trd, 000275.900, 164
Trd, 000276.133, 167
Trd, 000276.267, 168
Trd, 000276.350, 171
Trd, 000276.983, 168
Trd, 000277.433, 170
Trd, 000277.450, 172
Trd, 000277.500, 166
Trd, 000277.700, 166
Trd, 000279.133, 168
Trd, 000279.667, 173
Trd, 000280.167, 175
Trd, 000280.483, 181
Trd, 000280.700, 179
Trd, 000281.083, 175
Trd, 000281.767, 183
Trd, 000281.933, 190
Trd, 000281.967, 181
Trd, 000282.567, 180
Trd, 000283.217, 180
Trd, 000283.700, 184
Trd, 000283.833, 186
Trd, 000284.217, 183
Trd, 000284.567, 183
Trd, 000284.850, 181
Trd, 000285.250, 182
Trd, 000285.550, 173
Trd, 000285.983, 172
Trd, 000286.933, 163
Trd, 000288.233, 173
Trd, 000288.267, 172
Trd, 000288.500, 171
Trd, 000289.367, 173
Trd, 000289.417, 179
Trd, 000289.617, 170
Trd, 000290.600, 170
Trd, 000290.767, 174
Trd, 000291.050, 177
Trd, 000291.617, 182
Trd, 000292.250, 175
Trd, 000292.367, 174
Trd, 000293.333, 174
Trd, 000293.367, 173
Trd, 000293.850, 176
Trd, 000293.883, 178
Trd, 000294.400, 189
Trd, 000294.650, 184
Trd, 000295.717, 183
Trd, 000295.783, 178
Trd, 000296.317, 179
Trd, 000296.867, 174
Trd, 000297.233, 182
Trd, 000297.400, 181
Trd, 000297.483, 184
Trd, 000297.750, 181
Trd, 000298.400, 188
Trd, 000298.717, 190
Trd, 000299.333, 191
Trd, 000299.817, 192
Trd, 000299.867, 191
Trd, 000299.933, 195
