Trd, 000000.750, 170
Trd, 000002.650, 126
Trd, 000002.817, 184
Trd, 000003.333, 124
Trd, 000004.300, 167
Trd, 000005.633, 168
Trd, 000005.717, 171
Trd, 000007.183, 163
Trd, 000007.333, 163
Trd, 000007.500, 164
Trd, 000008.933, 163
Trd, 000009.067, 154
Trd, 000009.350, 166
Trd, 000010.883, 163
Trd, 000011.700, 164
Trd, 000011.800, 165
Trd, 000012.183, 166
Trd, 000012.900, 159
Trd, 000013.617, 150
Trd, 000014.000, 135
Trd, 000014.167, 164
Trd, 000015.467, 163
Trd, 000016.317, 147
Trd, 000016.633, 146
Trd, 000018.133, 153
Trd, 000018.800, 154
Trd, 000019.783, 156
Trd, 000020.033, 156
Trd, 000020.733, 160
Trd, 000020.883, 165
Trd, 000021.733, 149
Trd, 000022.317, 165
Trd, 000022.467, 156
Trd, 000022.717, 155
Trd, 000023.033, 150
Trd, 000023.233, 146
Trd, 000023.450, 165
Trd, 000024.667, 156
Trd, 000025.233, 153
Trd, 000026.250, 153
Trd, 000026.367, 152
Trd, 000027.617, 154
Trd, 000029.217, 160
Trd, 000029.817, 152
Trd, 000030.867, 154
Trd, 000031.217, 154
Trd, 000031.467, 153
Trd, 000031.617, 153
Trd, 000032.000, 152
Trd, 000032.467, 161
Trd, 000033.217, 149
Trd, 000033.283, 157
Trd, 000033.367, 158
Trd, 000036.117, 153
Trd, 000036.333, 152
Trd, 000036.600, 154
Trd, 000037.917, 151
Trd, 000038.250, 162
Trd, 000039.567, 160
Trd, 000040.117, 161
Trd, 000041.083, 166
Trd, 000042.050, 153
Trd, 000042.083, 152
Trd, 000042.533, 152
Trd, 000043.083, 155
Trd, 000043.367, 156
Trd, 000045.117, 152
Trd, 000046.067, 152
Trd, 000047.350, 151
Trd, 000047.417, 142
Trd, 000047.850, 141
Trd, 000048.483, 148
Trd, 000048.667, 149
Trd, 000049.067, 152
Trd, 000049.367, 155
Trd, 000050.083, 149
Trd, 000050.383, 156
Trd, 000052.800, 147
Trd, 000052.950, 147
Trd, 000053.283, 144
Trd, 000053.533, 145
Trd, 000053.883, 141
Trd, 000054.167, 147
Trd, 000054.467, 157
Trd, 000056.000, 167
Trd, 000056.483, 149
Trd, 000056.833, 173
Trd, 000057.650, 164
Trd, 000057.933, 166
Trd, 000058.300, 167
Trd, 000059.733, 168
Trd, 000060.800, 165
Trd, 000061.417, 159
Trd, 000061.633, 159
Trd, 000063.317, 155
Trd, 000063.750, 158
Trd, 000065.050, 160
Trd, 000065.500, 160
Trd, 000066.033, 157
Trd, 000066.450, 163
Trd, 000066.483, 162
Trd, 000066.750, 164
Trd, 000069.133, 165
Trd, 000069.867, 168
Trd, 000070.283, 163
Trd, 000070.817, 168
Trd, 000071.967, 164
Trd, 000072.500, 164
Trd, 000073.167, 165
Trd, 000073.350, 165
Trd, 000073.700, 162
Trd, 000075.467, 165
Trd, 000076.133, 162
Trd, 000077.900, 164
Trd, 000078.167, 163
Trd, 000078.633, 165
Trd, 000079.500, 162
Trd, 000079.900, 162
Trd, 000079.983, 163
Trd, 000080.050, 160
Trd, 000080.433, 161
Trd, 000080.500, 164
Trd, 000081.683, 160
Trd, 000082.350, 167
Trd, 000083.467, 154
Trd, 000083.850, 164
Trd, 000084.783, 161
Trd, 000085.267, 158
Trd, 000085.583, 161
Trd, 000085.883, 160
Trd, 000086.083, 158
Trd, 000088.417, 164
Trd, 000088.917, 166
Trd, 000090.500, 163
Trd, 000090.667, 160
Trd, 000090.833, 159
Trd, 000091.417, 162
Trd, 000092.350, 160
Trd, 000092.533, 164
Trd, 000093.083, 162
Trd, 000093.517, 167
Trd, 000094.750, 160
Trd, 000095.333, 164
Trd, 000097.267, 163
Trd, 000097.767, 164
Trd, 000099.000, 168
Trd, 000099.200, 171
Trd, 000101.283, 169
Trd, 000101.333, 165
Trd, 000103.050, 168
Trd, 000103.333, 166
Trd, 000103.817, 163
Trd, 000104.217, 163
Trd, 000104.583, 163
Trd, 000104.733, 151
Trd, 000105.733, 152
Trd, 000106.267, 163
Trd, 000107.300, 163
Trd, 000108.367, 159
Trd, 000108.700, 165
Trd, 000109.167, 167
Trd, 000110.350, 162
Trd, 000110.467, 166
Trd, 000111.483, 163
Trd, 000111.500, 161
Trd, 000113.300, 160
Trd, 000114.283, 163
Trd, 000114.883, 141
Trd, 000115.300, 142
Trd, 000115.550, 140
Trd, 000115.617, 141
Trd, 000115.967, 143
Trd, 000116.000, 163
Trd, 000117.467, 168
Trd, 000118.167, 167
Trd, 000118.317, 169
Trd, 000119.517, 163
Trd, 000119.783, 163
Trd, 000120.333, 171
Trd, 000120.950, 171
Trd, 000121.083, 172
Trd, 000121.750, 165
Trd, 000123.117, 165
Trd, 000123.950, 162
Trd, 000124.033, 164
Trd, 000124.517, 162
Trd, 000124.683, 160
Trd, 000125.217, 165
Trd, 000125.483, 170
Trd, 000127.450, 166
Trd, 000127.700, 162
Trd, 000128.383, 161
Trd, 000128.717, 169
Trd, 000129.150, 173
Trd, 000129.933, 175
Trd, 000130.600, 159
Trd, 000130.850, 150
Trd, 000131.417, 174
Trd, 000132.217, 172
Trd, 000133.017, 181
Trd, 000133.317, 175
Trd, 000133.700, 174
Trd, 000133.950, 172
Trd, 000134.983, 166
Trd, 000135.383, 174
Trd, 000136.050, 172
Trd, 000137.167, 171
Trd, 000137.400, 170
Trd, 000137.467, 171
Trd, 000137.600, 169
Trd, 000138.683, 156
Trd, 000139.000, 167
Trd, 000139.017, 163
Trd, 000139.617, 164
Trd, 000140.217, 168
Trd, 000141.533, 172
Trd, 000143.667, 164
Trd, 000143.850, 164
Trd, 000143.917, 164
Trd, 000144.483, 164
Trd, 000144.950, 165
Trd, 000145.750, 170
Trd, 000146.183, 162
Trd, 000146.400, 172
Trd, 000147.317, 174
Trd, 000147.967, 174
Trd, 000148.417, 165
Trd, 000149.067, 163
Trd, 000149.750, 173
Trd, 000149.767, 166
Trd, 000150.200, 172
Trd, 000150.633, 166
Trd, 000150.767, 173
Trd, 000150.983, 164
Trd, 000151.183, 173
Trd, 000153.000, 168
Trd, 000154.050, 175
Trd, 000154.667, 168
Trd, 000155.217, 168
Trd, 000155.983, 168
Trd, 000157.633, 154
Trd, 000157.967, 166
Trd, 000158.150, 156
Trd, 000158.217, 166
Trd, 000160.067, 164
Trd, 000160.517, 164
Trd, 000161.583, 165
Trd, 000162.583, 166
Trd, 000162.883, 169
Trd, 000163.250, 169
Trd, 000163.267, 164
Trd, 000163.667, 163
Trd, 000164.117, 174
Trd, 000164.750, 166
Trd, 000165.050, 164
Trd, 000165.267, 174
Trd, 000166.350, 157
Trd, 000166.733, 155
Trd, 000167.333, 152
Trd, 000167.433, 157
Trd, 000168.183, 157
Trd, 000168.550, 179
Trd, 000169.000, 162
Trd, 000169.583, 179
Trd, 000171.817, 163
Trd, 000172.817, 166
Trd, 000173.250, 168
Trd, 000173.300, 178
Trd, 000175.483, 166
Trd, 000176.100, 165
Trd, 000176.267, 172
Trd, 000177.100, 168
Trd, 000177.133, 169
Trd, 000178.117, 167
Trd, 000179.817, 168
Trd, 000180.183, 166
Trd, 000180.200, 166
Trd, 000180.217, 167
Trd, 000180.617, 166
Trd, 000181.050, 162
Trd, 000181.400, 154
Trd, 000181.517, 168
Trd, 000182.250, 176
Trd, 000182.433, 175
Trd, 000182.633, 162
Trd, 000183.417, 189
Trd, 000183.683, 190
Trd, 000185.000, 179
Trd, 000185.417, 181
Trd, 000185.650, 168
Trd, 000186.117, 181
Trd, 000186.850, 172
Trd, 000187.283, 167
Trd, 000187.583, 157
Trd, 000188.700, 170
Trd, 000189.017, 168
Trd, 000190.350, 166
Trd, 000190.483, 161
Trd, 000190.817, 169
Trd, 000191.017, 164
Trd, 000191.867, 163
Trd, 000192.883, 167
Trd, 000193.283, 164
Trd, 000194.133, 162
Trd, 000194.667, 163
Trd, 000195.267, 168
Trd, 000196.200, 162
Trd, 000196.517, 170
Trd, 000198.317, 170
Trd, 000198.733, 166
Trd, 000199.017, 169
Trd, 000200.483, 167
Trd, 000200.833, 167
Trd, 000200.950, 159
Trd, 000201.983, 162
Trd, 000202.000, 167
Trd, 000203.683, 169
Trd, 000204.317, 171
Trd, 000205.017, 165
Trd, 000205.100, 164
Trd, 000205.467, 165
Trd, 000205.800, 178
Trd, 000206.917, 179
Trd, 000207.567, 164
Trd, 000208.317, 156
Trd, 000208.583, 168
Trd, 000208.617, 169
Trd, 000209.000, 183
Trd, 000209.450, 183
Trd, 000209.500, 186
Trd, 000209.533, 182
Trd, 000210.450, 181
Trd, 000211.050, 179
Trd, 000211.550, 183
Trd, 000211.800, 189
Trd, 000212.517, 188
Trd, 000212.883, 196
Trd, 000213.533, 175
Trd, 000214.017, 157
Trd, 000214.917, 181
Trd, 000216.317, 176
Trd, 000216.467, 174
Trd, 000216.883, 175
Trd, 000217.067, 173
Trd, 000217.517, 172
Trd, 000217.750, 174
Trd, 000219.417, 172
Trd, 000219.433, 175
Trd, 000219.950, 178
Trd, 000220.967, 176
Trd, 000221.633, 177
Trd, 000222.967, 180
Trd, 000223.033, 174
Trd, 000224.483, 175
Trd, 000225.150, 175
Trd, 000225.167, 176
Trd, 000225.317, 173
Trd, 000226.000, 172
Trd, 000227.533, 177
Trd, 000227.917, 176
Trd, 000228.117, 182
Trd, 000228.950, 172
Trd, 000230.150, 174
Trd, 000230.767, 182
Trd, 000231.383, 184
Trd, 000231.667, 174
Trd, 000232.150, 185
Trd, 000233.600, 180
Trd, 000233.917, 177
Trd, 000234.483, 176
Trd, 000234.600, 176
Trd, 000234.900, 175
Trd, 000235.117, 176
Trd, 000235.267, 177
Trd, 000236.617, 180
Trd, 000236.767, 184
Trd, 000237.950, 182
Trd, 000238.017, 186
Trd, 000238.783, 164
Trd, 000238.950, 171
Trd, 000239.650, 170
Trd, 000240.150, 171
Trd, 000240.283, 192
Trd, 000240.750, 169
Trd, 000241.433, 171
Trd, 000241.633, 171
Trd, 000242.167, 182
Trd, 000242.400, 182
Trd, 000243.083, 171
Trd, 000243.350, 178
Trd, 000243.467, 182
Trd, 000244.033, 176
Trd, 000244.800, 176
Trd, 000245.367, 183
Trd, 000245.833, 177
Trd, 000246.100, 178
Trd, 000247.067, 177
Trd, 000247.300, 178
Trd, 000247.717, 179
Trd, 000247.967, 177
Trd, 000248.000, 180
Trd, 000248.250, 176
Trd, 000248.417, 182
Trd, 000248.650, 168
Trd, 000248.900, 164
Trd, 000249.500, 167
Trd, 000249.633, 168
Trd, 000249.917, 165
Trd, 000250.867, 179
Trd, 000253.500, 178
Trd, 000253.633, 181
Trd, 000254.617, 183
Trd, 000254.817, 184
Trd, 000255.017, 187
Trd, 000255.233, 190
Trd, 000255.517, 187
Trd, 000255.700, 193
Trd, 000256.117, 184
Trd, 000257.067, 190
Trd, 000257.317, 188
Trd, 000257.567, 188
Trd, 000257.850, 187
Trd, 000258.017, 184
Trd, 000258.300, 183
Trd, 000258.600, 184
Trd, 000260.000, 169
Trd, 000260.417, 178
Trd, 000260.433, 171
Trd, 000261.317, 176
Trd, 000261.417, 181
Trd, 000262.250, 181
Trd, 000263.250, 174
Trd, 000263.500, 173
Trd, 000263.717, 180
Trd, 000264.633, 181
Trd, 000264.667, 188
Trd, 000265.767, 181
Trd, 000266.450, 167
Trd, 000266.600, 157
Trd, 000267.067, 159
Trd, 000267.517, 160
Trd, 000267.967, 164
Trd, 000268.183, 165
Trd, 000268.850, 162
Trd, 000269.217, 185
Trd, 000269.550, 161
Trd, 000269.650, 163
Trd, 000270.733, 183
Trd, 000270.900, 176
Trd, 000271.667, 173
Trd, 000271.750, 174
Trd, 000272.983, 178
Trd, 000273.950, 185
Trd, 000274.183, 179
Trd, 000274.717, 176
Trd, 000274.767, 178
Trd, 000275.017, 183
Trd, 000275.833, 188
Trd, 000276.150, 177
Trd, 000277.233, 184
Trd, 000278.267, 182
Trd, 000278.400, 186
Trd, 000279.067, 189
Trd, 000279.083, 196
Trd, 000279.433, 195
Trd, 000280.433, 186
Trd, 000280.517, 187
Trd, 000280.633, 183
Trd, 000281.117, 184
Trd, 000281.383, 170
Trd, 000281.567, 172
Trd, 000282.667, 175
Trd, 000282.817, 174
Trd, 000283.333, 176
Trd, 000283.917, 175
Trd, 000284.500, 174
Trd, 000285.483, 174
Trd, 000285.667, 190
Trd, 000286.050, 180
Trd, 000286.367, 184
Trd, 000286.433, 168
Trd, 000286.800, 186
Trd, 000286.983, 188
Trd, 000287.200, 178
Trd, 000287.767, 175
Trd, 000288.283, 189
Trd, 000288.733, 175
Trd, 000289.650, 180
Trd, 000289.850, 179
Trd, 000290.183, 165
Trd, 000290.700, 183
Trd, 000291.083, 173
Trd, 000291.650, 182
Trd, 000292.467, 184
Trd, 000293.333, 181
Trd, 000294.250, 185
Trd, 000294.917, 171
Trd, 000295.117, 187
Trd, 000295.900, 186
Trd, 000296.367, 191
Trd, 000296.767, 182
Trd, 000297.017, 184
Trd, 000297.033, 193
Trd, 000297.150, 165
Trd, 000297.233, 193
Trd, 000297.283, 194
Trd, 000298.500, 181
Trd, 000298.617, 161
Trd, 000299.383, 197
Trd, 000299.483, 198
Trd, 000299.783, 179
