Trd, 000000.700, 182
Trd, 000000.883, 113
Trd, 000003.000, 141
Trd, 000003.267, 136
Trd, 000004.017, 171
Trd, 000004.633, 152
Trd, 000004.750, 150
Trd, 000004.917, 145
Trd, 000006.367, 154
Trd, 000007.300, 151
Trd, 000007.367, 153
Trd, 000008.467, 146
Trd, 000008.717, 147
Trd, 000010.067, 140
Trd, 000010.167, 139
Trd, 000010.300, 141
Trd, 000010.817, 138
Trd, 000011.400, 139
Trd, 000011.567, 139
Trd, 000012.083, 142
Trd, 000013.033, 138
Trd, 000013.817, 141
Trd, 000014.200, 138
Trd, 000014.250, 138
Trd, 000014.750, 137
Trd, 000015.250, 136
Trd, 000015.400, 139
Trd, 000016.467, 135
Trd, 000017.033, 135
Trd, 000017.667, 135
Trd, 000017.950, 136
Trd, 000018.383, 135
Trd, 000018.567, 139
Trd, 000019.600, 143
Trd, 000019.767, 135
Trd, 000020.350, 135
Trd, 000021.317, 137
Trd, 000022.317, 138
Trd, 000023.367, 142
Trd, 000023.483, 143
Trd, 000023.700, 145
Trd, 000023.833, 139
Trd, 000023.967, 140
Trd, 000024.517, 140
Trd, 000024.617, 145
Trd, 000025.750, 145
Trd, 000026.000, 141
Trd, 000027.333, 141
Trd, 000028.050, 141
Trd, 000028.400, 140
Trd, 000028.533, 140
Trd, 000029.183, 139
Trd, 000030.100, 139
Trd, 000030.267, 140
Trd, 000030.400, 141
Trd, 000030.883, 140
Trd, 000032.017, 140
Trd, 000032.133, 141
Trd, 000032.350, 139
Trd, 000033.583, 139
Trd, 000034.783, 140
Trd, 000035.483, 139
Trd, 000035.533, 141
Trd, 000035.617, 140
Trd, 000036.900, 146
Trd, 000036.917, 141
Trd, 000037.483, 144
Trd, 000037.700, 144
Trd, 000038.267, 142
Trd, 000038.633, 144
Trd, 000039.500, 145
Trd, 000040.533, 143
Trd, 000040.800, 143
Trd, 000041.583, 142
Trd, 000042.417, 145
Trd, 000042.683, 141
Trd, 000043.883, 144
Trd, 000044.800, 143
Trd, 000045.150, 143
Trd, 000045.183, 144
Trd, 000045.767, 143
Trd, 000045.900, 145
Trd, 000046.417, 147
Trd, 000046.533, 148
Trd, 000047.967, 183
Trd, 000049.083, 172
Trd, 000049.267, 171
Trd, 000049.500, 166
Trd, 000050.300, 169
Trd, 000050.667, 152
Trd, 000050.717, 156
Trd, 000051.267, 149
Trd, 000052.117, 146
Trd, 000052.533, 145
Trd, 000052.917, 148
Trd, 000053.217, 144
Trd, 000054.300, 144
Trd, 000054.967, 145
Trd, 000055.717, 143
Trd, 000056.683, 143
Trd, 000057.167, 143
Trd, 000057.417, 143
Trd, 000058.100, 143
Trd, 000058.417, 143
Trd, 000058.433, 142
Trd, 000058.533, 143
Trd, 000059.233, 141
Trd, 000060.067, 144
Trd, 000061.917, 146
Trd, 000062.067, 147
Trd, 000062.617, 145
Trd, 000062.967, 150
Trd, 000063.317, 156
Trd, 000064.167, 147
Trd, 000064.533, 146
Trd, 000065.167, 146
Trd, 000065.267, 147
Trd, 000066.050, 147
Trd, 000066.383, 145
Trd, 000066.400, 143
Trd, 000067.517, 145
Trd, 000067.683, 147
Trd, 000067.717, 148
Trd, 000068.783, 145
Trd, 000068.867, 146
Trd, 000069.517, 145
Trd, 000070.067, 158
Trd, 000070.350, 147
Trd, 000072.367, 146
Trd, 000072.467, 146
Trd, 000072.700, 149
Trd, 000072.750, 145
Trd, 000072.967, 145
Trd, 000074.767, 148
Trd, 000075.250, 148
Trd, 000075.350, 149
Trd, 000075.467, 149
Trd, 000075.833, 145
Trd, 000077.433, 149
Trd, 000078.100, 148
Trd, 000078.533, 151
Trd, 000079.483, 149
Trd, 000079.650, 149
Trd, 000080.217, 150
Trd, 000080.533, 148
Trd, 000080.700, 146
Trd, 000081.167, 145
Trd, 000081.200, 149
Trd, 000082.067, 149
Trd, 000082.867, 145
Trd, 000083.367, 144
Trd, 000083.417, 144
Trd, 000083.733, 143
Trd, 000083.817, 144
Trd, 000084.183, 145
Trd, 000085.633, 147
Trd, 000086.117, 152
Trd, 000086.600, 157
Trd, 000086.883, 143
Trd, 000087.767, 146
Trd, 000088.267, 147
Trd, 000088.550, 147
Trd, 000089.050, 146
Trd, 000089.983, 146
Trd, 000090.033, 147
Trd, 000090.667, 146
Trd, 000091.367, 147
Trd, 000091.633, 145
Trd, 000091.867, 147
Trd, 000093.083, 149
Trd, 000093.517, 146
Trd, 000093.767, 148
Trd, 000093.867, 147
Trd, 000093.900, 151
Trd, 000094.800, 148
Trd, 000096.267, 150
Trd, 000098.300, 152
Trd, 000098.667, 152
Trd, 000098.700, 152
Trd, 000098.867, 153
Trd, 000099.100, 150
Trd, 000099.217, 150
Trd, 000100.567, 149
Trd, 000101.000, 150
Trd, 000101.350, 151
Trd, 000101.833, 153
Trd, 000102.467, 153
Trd, 000103.733, 152
Trd, 000103.967, 151
Trd, 000104.333, 150
Trd, 000105.517, 148
Trd, 000105.700, 148
Trd, 000105.917, 148
Trd, 000106.867, 147
Trd, 000106.967, 148
Trd, 000107.767, 149
Trd, 000107.867, 144
Trd, 000108.833, 148
Trd, 000109.350, 148
Trd, 000109.383, 161
Trd, 000110.750, 148
Trd, 000110.983, 147
Trd, 000111.717, 151
Trd, 000111.883, 153
Trd, 000112.350, 154
Trd, 000112.967, 155
Trd, 000113.700, 148
Trd, 000115.150, 147
Trd, 000115.250, 146
Trd, 000115.783, 148
Trd, 000116.000, 145
Trd, 000116.067, 147
Trd, 000116.250, 151
Trd, 000118.617, 149
Trd, 000118.867, 149
Trd, 000118.900, 147
Trd, 000119.633, 151
Trd, 000120.067, 150
Trd, 000120.217, 149
Trd, 000121.350, 148
Trd, 000121.517, 148
Trd, 000121.767, 149
Trd, 000122.333, 155
Trd, 000123.750, 147
Trd, 000124.117, 148
Trd, 000125.250, 147
Trd, 000125.650, 148
Trd, 000126.117, 146
Trd, 000126.783, 146
Trd, 000126.950, 147
Trd, 000127.533, 148
Trd, 000128.317, 147
Trd, 000128.817, 147
Trd, 000130.200, 147
Trd, 000130.300, 148
Trd, 000130.483, 146
Trd, 000131.017, 147
Trd, 000131.133, 147
Trd, 000131.217, 150
Trd, 000134.067, 147
Trd, 000134.600, 153
Trd, 000134.683, 149
Trd, 000135.350, 146
Trd, 000136.233, 147
Trd, 000137.233, 146
Trd, 000137.317, 148
Trd, 000137.633, 146
Trd, 000137.650, 147
Trd, 000137.783, 148
Trd, 000138.000, 150
Trd, 000138.617, 148
Trd, 000139.833, 149
Trd, 000140.683, 150
Trd, 000141.500, 148
Trd, 000142.517, 148
Trd, 000142.733, 149
Trd, 000143.150, 145
Trd, 000143.633, 147
Trd, 000143.950, 148
Trd, 000143.983, 145
Trd, 000144.033, 149
Trd, 000144.133, 151
Trd, 000144.700, 149
Trd, 000144.717, 150
Trd, 000144.883, 158
Trd, 000146.100, 152
Trd, 000147.433, 157
Trd, 000147.600, 159
Trd, 000147.883, 157
Trd, 000148.417, 156
Trd, 000150.850, 158
Trd, 000151.100, 159
Trd, 000151.250, 157
Trd, 000151.350, 154
Trd, 000151.383, 160
Trd, 000151.883, 152
Trd, 000152.650, 193
Trd, 000152.717, 173
Trd, 000153.150, 186
Trd, 000153.733, 144
Trd, 000154.500, 149
Trd, 000155.200, 149
Trd, 000155.217, 150
Trd, 000155.783, 150
Trd, 000155.867, 150
Trd, 000156.667, 151
Trd, 000157.867, 153
Trd, 000157.933, 165
Trd, 000158.033, 163
Trd, 000158.550, 150
Trd, 000159.233, 155
Trd, 000160.517, 191
Trd, 000161.017, 163
Trd, 000161.867, 164
Trd, 000162.550, 164
Trd, 000163.133, 158
Trd, 000163.650, 158
Trd, 000163.900, 162
Trd, 000164.717, 155
Trd, 000165.817, 154
Trd, 000166.633, 153
Trd, 000167.067, 154
Trd, 000167.850, 151
Trd, 000168.100, 155
Trd, 000169.217, 152
Trd, 000169.800, 152
Trd, 000170.233, 153
Trd, 000171.083, 153
Trd, 000171.167, 152
Trd, 000171.400, 151
Trd, 000171.750, 153
Trd, 000172.300, 154
Trd, 000173.167, 155
Trd, 000173.683, 161
Trd, 000174.667, 154
Trd, 000174.700, 154
Trd, 000175.283, 154
Trd, 000175.600, 154
Trd, 000176.700, 154
Trd, 000176.767, 167
Trd, 000177.067, 153
Trd, 000177.517, 155
Trd, 000177.583, 168
Trd, 000178.100, 153
Trd, 000180.133, 155
Trd, 000180.183, 156
Trd, 000180.783, 155
Trd, 000181.367, 156
Trd, 000181.517, 157
Trd, 000181.733, 156
Trd, 000182.333, 156
Trd, 000183.417, 155
Trd, 000183.867, 156
Trd, 000183.933, 162
Trd, 000184.833, 155
Trd, 000185.717, 157
Trd, 000186.133, 157
Trd, 000186.567, 156
Trd, 000186.617, 157
Trd, 000187.217, 156
Trd, 000187.733, 155
Trd, 000188.050, 156
Trd, 000189.033, 155
Trd, 000189.167, 155
Trd, 000189.217, 156
Trd, 000190.150, 198
Trd, 000191.567, 166
Trd, 000191.933, 156
Trd, 000193.183, 156
Trd, 000193.683, 155
Trd, 000194.367, 156
Trd, 000195.217, 156
Trd, 000195.400, 159
Trd, 000195.533, 170
Trd, 000195.883, 171
Trd, 000196.850, 166
Trd, 000197.717, 157
Trd, 000198.317, 162
Trd, 000199.250, 161
Trd, 000199.450, 160
Trd, 000199.783, 158
Trd, 000199.900, 157
Trd, 000199.933, 171
Trd, 000200.967, 160
Trd, 000201.250, 157
Trd, 000201.767, 158
Trd, 000202.383, 159
Trd, 000202.550, 158
Trd, 000203.233, 158
Trd, 000203.583, 158
Trd, 000204.433, 164
Trd, 000205.200, 159
Trd, 000206.317, 158
Trd, 000206.967, 158
Trd, 000207.683, 158
Trd, 000207.950, 155
Trd, 000208.450, 155
Trd, 000209.467, 158
Trd, 000210.000, 155
Trd, 000210.017, 157
Trd, 000210.283, 158
Trd, 000211.100, 164
Trd, 000211.150, 165
Trd, 000212.667, 171
Trd, 000212.883, 172
Trd, 000214.267, 189
Trd, 000214.533, 172
Trd, 000214.817, 167
Trd, 000215.517, 166
Trd, 000217.283, 167
Trd, 000217.317, 169
Trd, 000217.900, 165
Trd, 000218.400, 165
Trd, 000218.500, 167
Trd, 000219.733, 162
Trd, 000219.950, 168
Trd, 000220.350, 163
Trd, 000221.317, 166
Trd, 000222.017, 166
Trd, 000222.200, 164
Trd, 000222.367, 167
Trd, 000222.600, 161
Trd, 000222.733, 167
Trd, 000223.617, 167
Trd, 000223.933, 173
Trd, 000224.433, 200
Trd, 000224.500, 163
Trd, 000226.117, 169
Trd, 000226.817, 161
Trd, 000227.367, 165
Trd, 000228.883, 162
Trd, 000228.967, 163
Trd, 000229.267, 164
Trd, 000229.317, 164
Trd, 000229.633, 163
Trd, 000230.283, 162
Trd, 000230.483, 162
Trd, 000230.850, 162
Trd, 000231.650, 164
Trd, 000232.300, 172
Trd, 000233.150, 171
Trd, 000233.967, 166
Trd, 000234.017, 167
Trd, 000234.117, 163
Trd, 000234.400, 162
Trd, 000234.467, 168
Trd, 000234.717, 174
Trd, 000235.050, 202
Trd, 000235.617, 200
Trd, 000236.517, 162
Trd, 000237.283, 161
Trd, 000237.383, 177
Trd, 000237.600, 174
Trd, 000238.383, 172
Trd, 000240.083, 166
Trd, 000240.183, 167
Trd, 000240.283, 165
Trd, 000240.433, 166
Trd, 000240.867, 167
Trd, 000241.050, 168
Trd, 000241.150, 165
Trd, 000241.650, 166
Trd, 000242.033, 165
Trd, 000243.117, 166
Trd, 000243.250, 167
Trd, 000243.467, 168
Trd, 000244.600, 170
Trd, 000244.700, 175
Trd, 000245.533, 169
Trd, 000246.167, 165
Trd, 000246.250, 164
Trd, 000246.900, 166
Trd, 000248.500, 167
Trd, 000248.567, 166
Trd, 000248.683, 164
Trd, 000249.383, 178
Trd, 000249.717, 175
Trd, 000249.917, 172
Trd, 000249.967, 172
Trd, 000250.217, 173
Trd, 000250.817, 170
Trd, 000250.933, 172
Trd, 000251.967, 172
Trd, 000252.233, 173
Trd, 000252.317, 174
Trd, 000252.517, 172
Trd, 000253.167, 171
Trd, 000254.467, 172
Trd, 000254.567, 171
Trd, 000255.400, 172
Trd, 000255.767, 169
Trd, 000255.933, 167
Trd, 000256.050, 169
Trd, 000256.700, 170
Trd, 000257.233, 170
Trd, 000257.383, 171
Trd, 000258.500, 177
Trd, 000258.850, 183
Trd, 000259.100, 177
Trd, 000259.417, 180
Trd, 000259.933, 188
Trd, 000260.583, 178
Trd, 000260.717, 174
Trd, 000260.783, 170
Trd, 000260.950, 179
Trd, 000261.500, 179
Trd, 000262.133, 163
Trd, 000262.500, 167
Trd, 000263.383, 169
Trd, 000263.950, 169
Trd, 000264.317, 170
Trd, 000264.633, 171
Trd, 000264.800, 173
Trd, 000264.967, 169
Trd, 000265.133, 171
Trd, 000265.150, 177
Trd, 000265.250, 165
Trd, 000266.550, 171
Trd, 000267.050, 171
Trd, 000267.467, 170
Trd, 000267.567, 169
Trd, 000267.683, 169
Trd, 000268.050, 169
Trd, 000269.400, 168
Trd, 000269.567, 169
Trd, 000270.767, 169
Trd, 000270.850, 165
Trd, 000271.083, 171
Trd, 000271.133, 171
Trd, 000271.733, 172
Trd, 000272.250, 168
Trd, 000272.483, 164
Trd, 000273.067, 166
Trd, 000274.950, 169
Trd, 000275.133, 166
Trd, 000275.917, 166
Trd, 000275.950, 168
Trd, 000276.267, 166
Trd, 000276.300, 167
Trd, 000276.850, 167
Trd, 000277.050, 167
Trd, 000277.183, 168
Trd, 000278.383, 168
Trd, 000278.467, 172
Trd, 000279.433, 168
Trd, 000279.583, 168
Trd, 000279.667, 168
Trd, 000280.083, 179
Trd, 000280.450, 170
Trd, 000281.067, 177
Trd, 000281.500, 175
Trd, 000282.100, 182
Trd, 000282.150, 181
Trd, 000282.583, 173
Trd, 000283.183, 182
Trd, 000283.350, 177
Trd, 000283.867, 172
Trd, 000284.150, 174
Trd, 000284.917, 175
Trd, 000285.433, 186
Trd, 000285.983, 188
Trd, 000286.450, 173
Trd, 000286.667, 177
Trd, 000286.817, 178
Trd, 000287.500, 175
Trd, 000287.867, 175
Trd, 000288.000, 180
Trd, 000288.317, 174
Trd, 000288.783, 176
Trd, 000289.267, 177
Trd, 000289.633, 185
Trd, 000289.817, 173
Trd, 000290.100, 185
Trd, 000290.683, 173
Trd, 000291.367, 173
Trd, 000291.583, 173
Trd, 000292.467, 174
Trd, 000292.750, 173
Trd, 000293.200, 174
Trd, 000293.400, 173
Trd, 000293.833, 171
Trd, 000294.450, 172
Trd, 000294.933, 177
Trd, 000295.283, 175
Trd, 000295.367, 187
Trd, 000295.500, 188
Trd, 000295.650, 182
Trd, 000296.433, 182
Trd, 000296.500, 188
Trd, 000296.967, 181
Trd, 000297.367, 169
Trd, 000298.900, 181
Trd, 000299.250, 173
Trd, 000299.450, 171
