Trd, 000001.467, 160
Trd, 000003.900, 170
Trd, 000004.517, 159
Trd, 000004.550, 157
Trd, 000005.250, 164
Trd, 000005.700, 156
Trd, 000005.733, 166
Trd, 000005.783, 156
Trd, 000007.700, 159
Trd, 000008.400, 158
Trd, 000008.900, 158
Trd, 000008.983, 156
Trd, 000009.183, 160
Trd, 000010.000, 157
Trd, 000010.183, 155
Trd, 000010.533, 156
Trd, 000010.550, 157
Trd, 000011.467, 158
Trd, 000011.867, 154
Trd, 000011.950, 151
Trd, 000012.733, 155
Trd, 000012.983, 154
Trd, 000013.267, 155
Trd, 000013.383, 149
Trd, 000014.083, 149
Trd, 000014.683, 149
Trd, 000015.833, 148
Trd, 000015.950, 148
Trd, 000017.050, 144
Trd, 000017.733, 151
Trd, 000018.217, 150
Trd, 000018.383, 148
Trd, 000018.433, 158
Trd, 000018.517, 147
Trd, 000019.283, 152
Trd, 000019.533, 153
Trd, 000020.067, 147
Trd, 000021.283, 152
Trd, 000021.850, 151
Trd, 000022.000, 151
Trd, 000022.250, 152
Trd, 000023.650, 153
Trd, 000023.867, 153
Trd, 000024.000, 149
Trd, 000024.900, 152
Trd, 000026.850, 151
Trd, 000026.983, 152
Trd, 000027.033, 150
Trd, 000027.250, 149
Trd, 000027.350, 149
Trd, 000028.300, 150
Trd, 000029.217, 151
Trd, 000029.583, 150
Trd, 000029.667, 147
Trd, 000029.833, 150
Trd, 000030.050, 150
Trd, 000030.233, 140
Trd, 000030.300, 150
Trd, 000031.217, 153
Trd, 000032.350, 150
Trd, 000032.817, 147
Trd, 000033.017, 151
Trd, 000033.100, 152
Trd, 000033.533, 137
Trd, 000034.217, 149
Trd, 000034.667, 150
Trd, 000035.417, 149
Trd, 000035.767, 148
Trd, 000035.933, 145
Trd, 000036.417, 148
Trd, 000036.833, 151
Trd, 000037.817, 153
Trd, 000038.050, 148
Trd, 000038.967, 154
Trd, 000039.017, 155
Trd, 000039.967, 160
Trd, 000040.267, 161
Trd, 000040.700, 162
Trd, 000040.950, 172
Trd, 000041.217, 156
Trd, 000042.917, 167
Trd, 000043.867, 155
Trd, 000044.333, 159
Trd, 000044.417, 160
Trd, 000044.717, 156
Trd, 000045.617, 159
Trd, 000045.867, 159
Trd, 000046.067, 159
Trd, 000046.500, 157
Trd, 000046.633, 156
Trd, 000047.417, 155
Trd, 000047.567, 160
Trd, 000048.183, 162
Trd, 000048.567, 154
Trd, 000049.033, 153
Trd, 000049.217, 170
Trd, 000050.467, 168
Trd, 000051.333, 167
Trd, 000051.450, 163
Trd, 000051.900, 168
Trd, 000052.267, 171
Trd, 000052.950, 162
Trd, 000053.967, 161
Trd, 000054.633, 160
Trd, 000056.050, 159
Trd, 000056.167, 158
Trd, 000056.417, 155
Trd, 000056.683, 158
Trd, 000056.817, 156
Trd, 000056.900, 156
Trd, 000057.017, 156
Trd, 000057.450, 156
Trd, 000058.100, 156
Trd, 000059.233, 154
Trd, 000059.333, 157
Trd, 000059.967, 155
Trd, 000060.533, 155
Trd, 000060.717, 153
Trd, 000061.933, 154
Trd, 000062.900, 153
Trd, 000063.183, 153
Trd, 000063.400, 154
Trd, 000063.617, 152
Trd, 000063.867, 150
Trd, 000064.300, 143
Trd, 000065.083, 153
Trd, 000065.133, 157
Trd, 000065.417, 162
Trd, 000065.817, 161
Trd, 000066.100, 164
Trd, 000066.683, 174
Trd, 000067.900, 163
Trd, 000067.967, 162
Trd, 000069.033, 162
Trd, 000069.450, 168
Trd, 000069.800, 168
Trd, 000070.017, 157
Trd, 000070.417, 168
Trd, 000071.717, 166
Trd, 000072.283, 164
Trd, 000072.317, 163
Trd, 000073.667, 165
Trd, 000073.783, 162
Trd, 000074.100, 162
Trd, 000075.067, 161
Trd, 000075.433, 162
Trd, 000076.067, 164
Trd, 000076.200, 157
Trd, 000076.883, 165
Trd, 000077.600, 163
Trd, 000077.983, 163
Trd, 000078.167, 164
Trd, 000079.317, 162
Trd, 000079.567, 162
Trd, 000079.850, 163
Trd, 000079.867, 161
Trd, 000080.067, 161
Trd, 000080.583, 158
Trd, 000081.000, 162
Trd, 000081.100, 163
Trd, 000082.650, 161
Trd, 000083.550, 160
Trd, 000083.633, 161
Trd, 000084.567, 159
Trd, 000085.000, 160
Trd, 000085.067, 161
Trd, 000085.567, 162
Trd, 000086.033, 161
Trd, 000086.367, 162
Trd, 000086.383, 148
Trd, 000087.600, 164
Trd, 000089.033, 160
Trd, 000089.350, 158
Trd, 000090.000, 157
Trd, 000090.133, 158
Trd, 000090.267, 159
Trd, 000090.683, 157
Trd, 000091.383, 157
Trd, 000092.000, 157
Trd, 000092.433, 156
Trd, 000092.817, 156
Trd, 000093.400, 160
Trd, 000094.500, 158
Trd, 000094.733, 160
Trd, 000094.750, 161
Trd, 000094.967, 159
Trd, 000095.650, 157
Trd, 000095.750, 159
Trd, 000096.033, 157
Trd, 000097.100, 158
Trd, 000097.267, 167
Trd, 000097.567, 157
Trd, 000098.467, 158
Trd, 000098.683, 157
Trd, 000098.817, 161
Trd, 000099.200, 164
Trd, 000099.617, 154
Trd, 000099.650, 162
Trd, 000100.350, 158
Trd, 000101.050, 159
Trd, 000101.233, 168
Trd, 000101.517, 176
Trd, 000102.417, 158
Trd, 000102.567, 162
Trd, 000102.917, 157
Trd, 000104.000, 156
Trd, 000105.083, 158
Trd, 000105.450, 158
Trd, 000106.250, 158
Trd, 000107.133, 158
Trd, 000107.200, 156
Trd, 000108.100, 159
Trd, 000108.283, 155
Trd, 000108.417, 156
Trd, 000108.900, 159
Trd, 000108.917, 148
Trd, 000108.933, 145
Trd, 000109.317, 158
Trd, 000109.367, 138
Trd, 000110.333, 154
Trd, 000110.833, 152
Trd, 000111.533, 153
Trd, 000111.667, 153
Trd, 000112.000, 152
Trd, 000112.350, 153
Trd, 000112.600, 149
Trd, 000112.800, 169
Trd, 000113.750, 161
Trd, 000114.083, 150
Trd, 000115.050, 153
Trd, 000115.983, 160
Trd, 000116.217, 161
Trd, 000116.267, 162
Trd, 000116.467, 153
Trd, 000116.850, 161
Trd, 000117.183, 159
Trd, 000117.433, 161
Trd, 000117.683, 163
Trd, 000118.450, 160
Trd, 000118.983, 163
Trd, 000119.533, 158
Trd, 000120.100, 161
Trd, 000120.400, 158
Trd, 000120.867, 160
Trd, 000121.283, 161
Trd, 000121.967, 160
Trd, 000123.433, 159
Trd, 000123.933, 160
Trd, 000124.400, 160
Trd, 000124.667, 159
Trd, 000124.800, 158
Trd, 000125.267, 160
Trd, 000125.550, 161
Trd, 000126.033, 158
Trd, 000126.133, 149
Trd, 000126.150, 159
Trd, 000127.217, 157
Trd, 000127.250, 160
Trd, 000128.783, 157
Trd, 000129.000, 161
Trd, 000129.067, 157
Trd, 000129.833, 156
Trd, 000130.000, 158
Trd, 000130.267, 159
Trd, 000131.183, 158
Trd, 000131.383, 159
Trd, 000132.250, 159
Trd, 000132.267, 158
Trd, 000132.883, 158
Trd, 000133.000, 157
Trd, 000133.800, 157
Trd, 000134.283, 157
Trd, 000134.300, 158
Trd, 000134.350, 156
Trd, 000134.450, 171
Trd, 000134.850, 168
Trd, 000135.050, 181
Trd, 000136.450, 156
Trd, 000136.783, 167
Trd, 000137.950, 169
Trd, 000138.600, 169
Trd, 000138.817, 170
Trd, 000139.083, 165
Trd, 000140.417, 167
Trd, 000140.733, 166
Trd, 000140.883, 165
Trd, 000141.133, 164
Trd, 000141.200, 164
Trd, 000141.250, 163
Trd, 000142.033, 163
Trd, 000142.933, 162
Trd, 000143.333, 163
Trd, 000143.683, 158
Trd, 000144.433, 156
Trd, 000145.467, 156
Trd, 000145.883, 155
Trd, 000145.900, 157
Trd, 000146.017, 161
Trd, 000146.400, 164
Trd, 000146.650, 166
Trd, 000147.933, 165
Trd, 000148.683, 166
Trd, 000149.100, 179
Trd, 000149.433, 178
Trd, 000149.567, 169
Trd, 000149.717, 166
Trd, 000150.083, 169
Trd, 000151.583, 171
Trd, 000152.050, 171
Trd, 000152.400, 172
Trd, 000152.483, 170
Trd, 000153.067, 171
Trd, 000153.150, 171
Trd, 000153.550, 183
Trd, 000154.083, 172
Trd, 000154.183, 187
Trd, 000154.667, 179
Trd, 000156.033, 171
Trd, 000156.050, 170
Trd, 000157.800, 172
Trd, 000157.950, 173
Trd, 000158.033, 174
Trd, 000158.900, 174
Trd, 000159.067, 172
Trd, 000159.300, 171
Trd, 000159.367, 175
Trd, 000159.683, 174
Trd, 000159.700, 171
Trd, 000160.533, 174
Trd, 000160.783, 174
Trd, 000160.900, 170
Trd, 000161.933, 167
Trd, 000162.167, 166
Trd, 000162.233, 168
Trd, 000162.600, 160
Trd, 000162.683, 170
Trd, 000163.433, 170
Trd, 000164.300, 167
Trd, 000165.233, 166
Trd, 000165.333, 167
Trd, 000166.017, 167
Trd, 000166.750, 166
Trd, 000167.083, 163
Trd, 000167.167, 166
Trd, 000167.667, 165
Trd, 000168.217, 164
Trd, 000168.533, 161
Trd, 000168.967, 153
Trd, 000169.167, 163
Trd, 000169.300, 165
Trd, 000170.267, 153
Trd, 000170.483, 161
Trd, 000170.567, 163
Trd, 000170.617, 165
Trd, 000171.233, 164
Trd, 000171.267, 175
Trd, 000171.600, 169
Trd, 000172.467, 171
Trd, 000172.917, 185
Trd, 000174.917, 169
Trd, 000174.983, 169
Trd, 000175.200, 165
Trd, 000175.483, 164
Trd, 000175.583, 168
Trd, 000175.600, 166
Trd, 000176.567, 165
Trd, 000176.683, 166
Trd, 000177.500, 164
Trd, 000177.683, 165
Trd, 000178.983, 165
Trd, 000180.417, 163
Trd, 000180.700, 164
Trd, 000180.867, 163
Trd, 000181.517, 162
Trd, 000181.550, 164
Trd, 000182.100, 161
Trd, 000182.167, 163
Trd, 000183.033, 162
Trd, 000183.133, 169
Trd, 000183.400, 153
Trd, 000183.850, 164
Trd, 000183.933, 176
Trd, 000184.217, 186
Trd, 000185.233, 153
Trd, 000185.417, 177
Trd, 000185.917, 173
Trd, 000186.733, 167
Trd, 000187.200, 162
Trd, 000187.450, 181
Trd, 000187.917, 175
Trd, 000189.550, 162
Trd, 000189.983, 176
Trd, 000190.117, 190
Trd, 000190.833, 174
Trd, 000190.883, 169
Trd, 000191.467, 168
Trd, 000192.283, 173
Trd, 000192.883, 168
Trd, 000194.483, 171
Trd, 000194.533, 168
Trd, 000195.500, 167
Trd, 000195.733, 167
Trd, 000196.483, 164
Trd, 000196.750, 163
Trd, 000196.817, 170
Trd, 000196.983, 167
Trd, 000198.083, 193
Trd, 000198.483, 173
Trd, 000198.583, 165
Trd, 000198.833, 167
Trd, 000199.367, 165
Trd, 000200.200, 168
Trd, 000200.400, 168
Trd, 000200.600, 168
Trd, 000200.767, 169
Trd, 000201.500, 168
Trd, 000202.017, 166
Trd, 000202.767, 167
Trd, 000203.017, 165
Trd, 000203.700, 164
Trd, 000203.767, 164
Trd, 000204.417, 171
Trd, 000205.133, 206
Trd, 000205.417, 186
Trd, 000205.633, 186
Trd, 000205.883, 165
Trd, 000205.967, 164
Trd, 000206.917, 176
Trd, 000208.150, 175
Trd, 000208.283, 165
Trd, 000208.550, 173
Trd, 000208.750, 173
Trd, 000209.050, 169
Trd, 000209.067, 174
Trd, 000209.500, 172
Trd, 000210.350, 170
Trd, 000210.433, 169
Trd, 000211.600, 178
Trd, 000212.083, 177
Trd, 000213.817, 183
Trd, 000214.000, 183
Trd, 000214.750, 181
Trd, 000214.917, 179
Trd, 000215.317, 179
Trd, 000215.800, 179
Trd, 000216.300, 176
Trd, 000216.400, 178
Trd, 000217.017, 176
Trd, 000217.383, 177
Trd, 000217.600, 177
Trd, 000218.033, 174
Trd, 000219.000, 173
Trd, 000219.250, 174
Trd, 000219.283, 175
Trd, 000219.833, 174
Trd, 000220.450, 175
Trd, 000220.917, 173
Trd, 000221.533, 172
Trd, 000222.150, 175
Trd, 000222.400, 173
Trd, 000222.467, 178
Trd, 000223.467, 177
Trd, 000223.650, 173
Trd, 000224.567, 177
Trd, 000224.950, 172
Trd, 000225.117, 176
Trd, 000226.217, 175
Trd, 000226.533, 177
Trd, 000227.167, 172
Trd, 000227.283, 177
Trd, 000227.517, 189
Trd, 000228.017, 189
Trd, 000230.550, 180
Trd, 000231.117, 182
Trd, 000231.783, 180
Trd, 000232.367, 180
Trd, 000232.967, 181
Trd, 000233.167, 180
Trd, 000233.717, 181
Trd, 000234.583, 179
Trd, 000234.633, 178
Trd, 000235.133, 179
Trd, 000235.317, 177
Trd, 000236.050, 177
Trd, 000236.433, 178
Trd, 000236.833, 178
Trd, 000236.867, 178
Trd, 000237.817, 179
Trd, 000238.283, 173
Trd, 000239.717, 175
Trd, 000239.817, 174
Trd, 000240.383, 174
Trd, 000240.683, 176
Trd, 000240.733, 178
Trd, 000241.100, 177
Trd, 000241.233, 179
Trd, 000241.850, 173
Trd, 000242.300, 172
Trd, 000242.617, 176
Trd, 000242.950, 172
Trd, 000243.900, 170
Trd, 000244.083, 170
Trd, 000244.217, 172
Trd, 000244.667, 175
Trd, 000245.133, 174
Trd, 000245.500, 177
Trd, 000245.917, 177
Trd, 000246.300, 172
Trd, 000246.483, 171
Trd, 000247.183, 174
Trd, 000247.517, 171
Trd, 000248.050, 181
Trd, 000248.367, 179
Trd, 000249.267, 178
Trd, 000249.367, 181
Trd, 000250.133, 180
Trd, 000250.300, 185
Trd, 000250.467, 186
Trd, 000251.100, 181
Trd, 000251.550, 186
Trd, 000251.717, 185
Trd, 000252.850, 185
Trd, 000253.017, 182
Trd, 000253.383, 180
Trd, 000253.750, 179
Trd, 000254.033, 180
Trd, 000254.100, 175
Trd, 000254.850, 177
Trd, 000254.983, 173
Trd, 000255.300, 176
Trd, 000256.267, 175
Trd, 000256.317, 173
Trd, 000256.417, 177
Trd, 000256.700, 169
Trd, 000258.283, 174
Trd, 000258.533, 177
Trd, 000258.967, 173
Trd, 000259.283, 173
Trd, 000259.467, 178
Trd, 000259.583, 168
Trd, 000261.500, 175
Trd, 000261.617, 170
Trd, 000261.667, 175
Trd, 000261.800, 175
Trd, 000262.300, 172
Trd, 000262.700, 171
Trd, 000262.833, 168
Trd, 000263.583, 172
Trd, 000263.833, 170
Trd, 000264.050, 170
Trd, 000264.550, 177
Trd, 000265.183, 175
Trd, 000265.217, 178
Trd, 000265.767, 183
Trd, 000265.917, 184
Trd, 000266.000, 177
Trd, 000266.700, 177
Trd, 000266.900, 180
Trd, 000268.350, 178
Trd, 000268.367, 181
Trd, 000268.633, 180
Trd, 000268.917, 182
Trd, 000269.250, 186
Trd, 000269.400, 178
Trd, 000270.400, 177
Trd, 000270.683, 176
Trd, 000271.617, 175
Trd, 000271.817, 176
Trd, 000272.083, 175
Trd, 000273.133, 173
Trd, 000273.367, 174
Trd, 000273.467, 178
Trd, 000273.533, 171
Trd, 000273.700, 185
Trd, 000274.050, 168
Trd, 000275.467, 178
Trd, 000275.600, 179
Trd, 000275.700, 179
Trd, 000276.033, 179
Trd, 000276.367, 180
Trd, 000277.383, 178
Trd, 000277.683, 176
Trd, 000278.000, 173
Trd, 000278.083, 177
Trd, 000278.500, 175
Trd, 000278.750, 171
Trd, 000279.033, 174
Trd, 000279.300, 176
Trd, 000280.033, 177
Trd, 000280.133, 179
Trd, 000280.200, 179
Trd, 000280.333, 180
Trd, 000281.133, 177
Trd, 000281.817, 181
Trd, 000281.883, 176
Trd, 000282.600, 172
Trd, 000282.767, 172
Trd, 000283.150, 169
Trd, 000283.817, 181
Trd, 000283.833, 183
Trd, 000284.733, 177
Trd, 000285.333, 178
Trd, 000285.783, 179
Trd, 000286.117, 180
Trd, 000286.650, 180
Trd, 000286.833, 176
Trd, 000286.933, 177
Trd, 000287.100, 178
Trd, 000287.567, 178
Trd, 000288.717, 177
Trd, 000288.967, 180
Trd, 000289.217, 196
Trd, 000289.983, 186
Trd, 000290.450, 188
Trd, 000290.967, 184
Trd, 000291.150, 173
Trd, 000291.517, 187
Trd, 000291.867, 186
Trd, 000292.133, 187
Trd, 000292.317, 194
Trd, 000292.633, 194
Trd, 000292.650, 178
Trd, 000294.483, 177
Trd, 000295.000, 177
Trd, 000295.433, 185
Trd, 000295.783, 186
Trd, 000295.917, 178
Trd, 000296.000, 178
Trd, 000296.133, 186
Trd, 000296.500, 177
Trd, 000297.183, 177
Trd, 000297.700, 177
Trd, 000299.183, 183
Trd, 000299.300, 179
Trd, 000299.367, 185
Trd, 000299.633, 185
