Trd, 000002.700, 161
Trd, 000002.967, 154
Trd, 000003.817, 132
Trd, 000004.350, 134
Trd, 000005.267, 156
Trd, 000005.800, 143
Trd, 000005.900, 158
Trd, 000006.217, 145
Trd, 000006.867, 153
Trd, 000008.217, 154
Trd, 000008.233, 157
Trd, 000008.633, 153
Trd, 000009.050, 153
Trd, 000009.650, 158
Trd, 000009.900, 159
Trd, 000011.483, 161
Trd, 000012.217, 159
Trd, 000012.400, 162
Trd, 000013.683, 159
Trd, 000013.950, 162
Trd, 000014.133, 159
Trd, 000014.683, 159
Trd, 000015.117, 160
Trd, 000015.733, 159
Trd, 000015.983, 158
Trd, 000016.267, 161
Trd, 000017.317, 151
Trd, 000017.450, 153
Trd, 000017.750, 158
Trd, 000018.850, 164
Trd, 000019.183, 158
Trd, 000020.050, 158
Trd, 000020.317, 157
Trd, 000020.533, 159
Trd, 000021.033, 160
Trd, 000022.033, 156
Trd, 000022.500, 156
Trd, 000022.600, 159
Trd, 000022.850, 160
Trd, 000024.067, 157
Trd, 000024.217, 156
Trd, 000025.217, 155
Trd, 000026.567, 156
Trd, 000027.617, 157
Trd, 000027.700, 155
Trd, 000028.783, 155
Trd, 000029.450, 156
Trd, 000029.817, 156
Trd, 000030.450, 155
Trd, 000030.750, 156
Trd, 000031.467, 156
Trd, 000031.633, 157
Trd, 000032.417, 157
Trd, 000033.633, 154
Trd, 000034.083, 153
Trd, 000034.250, 155
Trd, 000034.567, 139
Trd, 000036.500, 151
Trd, 000037.533, 154
Trd, 000038.850, 158
Trd, 000039.383, 158
Trd, 000039.783, 151
Trd, 000040.733, 152
Trd, 000040.883, 155
Trd, 000041.667, 157
Trd, 000042.467, 154
Trd, 000043.017, 152
Trd, 000043.167, 136
Trd, 000044.767, 148
Trd, 000046.350, 148
Trd, 000047.083, 148
Trd, 000047.600, 149
Trd, 000047.733, 159
Trd, 000048.067, 148
Trd, 000049.133, 147
Trd, 000049.617, 149
Trd, 000051.117, 144
Trd, 000051.583, 138
Trd, 000052.000, 139
Trd, 000052.133, 142
Trd, 000052.267, 144
Trd, 000052.550, 144
Trd, 000054.083, 150
Trd, 000054.250, 142
Trd, 000054.633, 142
Trd, 000056.117, 145
Trd, 000056.833, 153
Trd, 000056.900, 163
Trd, 000057.317, 147
Trd, 000057.800, 152
Trd, 000057.950, 166
Trd, 000058.817, 156
Trd, 000058.883, 164
Trd, 000059.200, 155
Trd, 000059.517, 167
Trd, 000060.883, 167
Trd, 000061.967, 156
Trd, 000063.000, 160
Trd, 000063.083, 157
Trd, 000063.367, 161
Trd, 000065.000, 161
Trd, 000065.683, 155
Trd, 000065.783, 161
Trd, 000066.200, 163
Trd, 000066.583, 157
Trd, 000067.667, 160
Trd, 000068.883, 164
Trd, 000069.633, 164
Trd, 000069.950, 162
Trd, 000070.533, 162
Trd, 000071.017, 162
Trd, 000071.267, 163
Trd, 000071.517, 161
Trd, 000072.317, 164
Trd, 000073.867, 162
Trd, 000074.033, 161
Trd, 000074.800, 161
Trd, 000074.817, 163
Trd, 000075.700, 165
Trd, 000076.317, 160
Trd, 000077.100, 159
Trd, 000078.333, 156
Trd, 000078.983, 157
Trd, 000079.700, 157
Trd, 000079.833, 159
Trd, 000080.133, 156
Trd, 000080.417, 162
Trd, 000082.667, 157
Trd, 000082.933, 160
Trd, 000084.050, 158
Trd, 000084.250, 156
Trd, 000085.017, 159
Trd, 000085.967, 156
Trd, 000086.517, 159
Trd, 000086.867, 155
Trd, 000087.450, 156
Trd, 000088.433, 156
Trd, 000088.567, 157
Trd, 000089.533, 164
Trd, 000090.500, 160
Trd, 000091.667, 156
Trd, 000092.383, 162
Trd, 000092.633, 163
Trd, 000093.583, 163
Trd, 000094.350, 161
Trd, 000094.717, 162
Trd, 000095.683, 161
Trd, 000096.450, 161
Trd, 000096.900, 164
Trd, 000097.900, 164
Trd, 000098.400, 168
Trd, 000098.817, 170
Trd, 000099.583, 167
Trd, 000099.900, 165
Trd, 000100.667, 170
Trd, 000101.367, 169
Trd, 000102.317, 169
Trd, 000102.817, 171
Trd, 000102.850, 167
Trd, 000103.300, 172
Trd, 000104.167, 168
Trd, 000104.667, 169
Trd, 000104.733, 168
Trd, 000104.950, 170
Trd, 000105.283, 167
Trd, 000106.833, 165
Trd, 000107.017, 170
Trd, 000107.400, 157
Trd, 000109.217, 159
Trd, 000109.233, 161
Trd, 000110.050, 161
Trd, 000110.167, 162
Trd, 000110.667, 162
Trd, 000110.767, 161
Trd, 000111.317, 160
Trd, 000112.683, 160
Trd, 000113.883, 158
Trd, 000114.283, 158
Trd, 000114.717, 157
Trd, 000115.350, 158
Trd, 000115.867, 159
Trd, 000117.100, 156
Trd, 000117.183, 160
Trd, 000117.250, 165
Trd, 000117.950, 168
Trd, 000118.267, 155
Trd, 000118.767, 170
Trd, 000120.900, 165
Trd, 000121.567, 168
Trd, 000121.633, 168
Trd, 000122.000, 167
Trd, 000122.450, 170
Trd, 000123.350, 164
Trd, 000123.617, 144
Trd, 000124.117, 168
Trd, 000125.000, 166
Trd, 000125.183, 156
Trd, 000126.017, 163
Trd, 000127.700, 161
Trd, 000128.167, 158
Trd, 000129.250, 163
Trd, 000129.783, 163
Trd, 000130.800, 167
Trd, 000131.750, 167
Trd, 000131.867, 158
Trd, 000133.383, 168
Trd, 000133.417, 171
Trd, 000133.467, 162
Trd, 000133.667, 161
Trd, 000135.150, 167
Trd, 000135.367, 168
Trd, 000136.050, 167
Trd, 000136.550, 168
Trd, 000136.750, 163
Trd, 000137.350, 160
Trd, 000138.200, 148
Trd, 000139.650, 154
Trd, 000139.983, 155
Trd, 000140.000, 153
Trd, 000140.183, 158
Trd, 000140.983, 153
Trd, 000141.917, 156
Trd, 000142.700, 158
Trd, 000143.483, 159
Trd, 000143.917, 156
Trd, 000144.183, 155
Trd, 000144.567, 156
Trd, 000144.667, 157
Trd, 000144.700, 162
Trd, 000144.800, 167
Trd, 000145.017, 169
Trd, 000145.950, 165
Trd, 000146.533, 163
Trd, 000147.833, 176
Trd, 000148.083, 166
Trd, 000148.700, 166
Trd, 000149.383, 167
Trd, 000149.817, 166
Trd, 000150.583, 166
Trd, 000150.767, 153
Trd, 000150.833, 162
Trd, 000151.933, 149
Trd, 000152.133, 156
Trd, 000154.283, 155
Trd, 000154.567, 156
Trd, 000155.317, 155
Trd, 000156.050, 156
Trd, 000156.533, 155
Trd, 000157.500, 162
Trd, 000158.550, 174
Trd, 000159.233, 167
Trd, 000159.533, 167
Trd, 000159.550, 167
Trd, 000159.767, 168
Trd, 000159.783, 167
Trd, 000161.950, 174
Trd, 000162.233, 175
Trd, 000162.383, 174
Trd, 000163.867, 175
Trd, 000165.000, 175
Trd, 000165.433, 172
Trd, 000165.500, 172
Trd, 000165.650, 171
Trd, 000166.217, 175
Trd, 000166.550, 168
Trd, 000166.967, 175
Trd, 000167.767, 175
Trd, 000168.483, 173
Trd, 000169.283, 171
Trd, 000169.850, 172
Trd, 000171.233, 164
Trd, 000171.850, 165
Trd, 000172.300, 173
Trd, 000172.317, 159
Trd, 000173.617, 150
Trd, 000174.317, 170
Trd, 000174.450, 172
Trd, 000175.267, 163
Trd, 000175.667, 170
Trd, 000176.100, 162
Trd, 000176.733, 166
Trd, 000177.300, 166
Trd, 000178.067, 164
Trd, 000178.400, 161
Trd, 000178.500, 159
Trd, 000178.850, 164
Trd, 000180.983, 165
Trd, 000182.300, 166
Trd, 000182.617, 165
Trd, 000182.817, 165
Trd, 000183.250, 166
Trd, 000184.600, 166
Trd, 000184.833, 166
Trd, 000185.000, 175
Trd, 000186.167, 167
Trd, 000186.350, 169
Trd, 000187.267, 167
Trd, 000187.450, 171
Trd, 000188.333, 167
Trd, 000188.800, 166
Trd, 000189.367, 171
Trd, 000190.867, 172
Trd, 000191.817, 171
Trd, 000191.850, 174
Trd, 000193.333, 172
Trd, 000193.400, 174
Trd, 000194.133, 172
Trd, 000194.550, 173
Trd, 000194.950, 171
Trd, 000196.350, 175
Trd, 000196.650, 153
Trd, 000197.117, 177
Trd, 000197.250, 178
Trd, 000197.933, 168
Trd, 000198.683, 174
Trd, 000198.783, 177
Trd, 000200.333, 177
Trd, 000200.967, 177
Trd, 000202.067, 178
Trd, 000202.100, 167
Trd, 000203.433, 178
Trd, 000204.117, 176
Trd, 000204.400, 171
Trd, 000205.717, 176
Trd, 000205.783, 173
Trd, 000207.367, 174
Trd, 000207.650, 175
Trd, 000208.517, 178
Trd, 000209.050, 179
Trd, 000209.583, 178
Trd, 000209.750, 178
Trd, 000210.150, 183
Trd, 000211.017, 178
Trd, 000211.300, 176
Trd, 000211.517, 176
Trd, 000212.300, 155
Trd, 000213.600, 165
Trd, 000213.933, 152
Trd, 000214.183, 147
Trd, 000215.750, 158
Trd, 000216.117, 160
Trd, 000217.333, 165
Trd, 000217.883, 156
Trd, 000218.683, 162
Trd, 000218.750, 159
Trd, 000218.833, 168
Trd, 000219.967, 167
Trd, 000220.700, 170
Trd, 000220.783, 164
Trd, 000221.083, 177
Trd, 000221.450, 183
Trd, 000222.450, 180
Trd, 000224.017, 180
Trd, 000225.350, 179
Trd, 000225.500, 176
Trd, 000225.517, 175
Trd, 000226.550, 175
Trd, 000227.033, 174
Trd, 000227.400, 183
Trd, 000228.133, 180
Trd, 000228.650, 179
Trd, 000229.183, 181
Trd, 000229.300, 181
Trd, 000230.300, 177
Trd, 000230.333, 183
Trd, 000230.583, 170
Trd, 000231.533, 181
Trd, 000232.250, 185
Trd, 000232.683, 181
Trd, 000232.817, 187
Trd, 000233.617, 181
Trd, 000235.083, 182
Trd, 000235.583, 183
Trd, 000235.600, 181
Trd, 000236.267, 180
Trd, 000236.767, 182
Trd, 000237.833, 184
Trd, 000237.883, 156
Trd, 000238.567, 160
Trd, 000239.633, 172
Trd, 000240.400, 179
Trd, 000240.733, 179
Trd, 000241.067, 177
Trd, 000241.317, 176
Trd, 000241.417, 178
Trd, 000241.917, 176
Trd, 000242.633, 175
Trd, 000243.100, 175
Trd, 000243.600, 176
Trd, 000244.050, 172
Trd, 000244.400, 177
Trd, 000245.617, 176
Trd, 000245.850, 178
Trd, 000245.883, 177
Trd, 000246.083, 176
Trd, 000246.250, 179
Trd, 000246.383, 178
Trd, 000246.750, 173
Trd, 000246.867, 171
Trd, 000247.650, 176
Trd, 000248.017, 179
Trd, 000248.133, 168
Trd, 000250.083, 174
Trd, 000250.350, 173
Trd, 000250.583, 176
Trd, 000250.967, 171
Trd, 000251.233, 172
Trd, 000251.300, 171
Trd, 000251.517, 169
Trd, 000251.700, 170
Trd, 000252.150, 171
Trd, 000252.517, 173
Trd, 000253.083, 172
Trd, 000254.083, 176
Trd, 000254.150, 177
Trd, 000254.250, 173
Trd, 000254.800, 173
Trd, 000254.933, 174
Trd, 000255.167, 180
Trd, 000255.183, 183
Trd, 000255.933, 180
Trd, 000256.117, 177
Trd, 000257.300, 166
Trd, 000257.683, 166
Trd, 000257.817, 169
Trd, 000258.167, 169
Trd, 000258.533, 167
Trd, 000258.983, 168
Trd, 000259.467, 167
Trd, 000259.933, 166
Trd, 000261.317, 165
Trd, 000261.383, 166
Trd, 000261.617, 167
Trd, 000262.067, 163
Trd, 000262.300, 167
Trd, 000262.900, 168
Trd, 000263.067, 168
Trd, 000263.733, 168
Trd, 000264.450, 170
Trd, 000264.967, 174
Trd, 000265.883, 170
Trd, 000266.133, 166
Trd, 000266.583, 168
Trd, 000266.750, 172
Trd, 000266.933, 173
Trd, 000267.933, 181
Trd, 000268.000, 179
Trd, 000268.117, 178
Trd, 000268.167, 176
Trd, 000268.483, 182
Trd, 000268.983, 180
Trd, 000269.200, 182
Trd, 000269.233, 179
Trd, 000269.583, 175
Trd, 000270.100, 184
Trd, 000271.233, 172
Trd, 000271.550, 171
Trd, 000271.683, 163
Trd, 000272.583, 174
Trd, 000273.183, 171
Trd, 000273.617, 175
Trd, 000274.033, 175
Trd, 000274.200, 175
Trd, 000275.550, 182
Trd, 000275.650, 185
Trd, 000275.817, 183
Trd, 000276.233, 174
Trd, 000276.250, 189
Trd, 000276.800, 175
Trd, 000277.000, 174
Trd, 000277.083, 171
Trd, 000277.250, 177
Trd, 000277.733, 178
Trd, 000278.467, 173
Trd, 000278.867, 176
Trd, 000279.117, 175
Trd, 000279.450, 177
Trd, 000279.883, 176
Trd, 000280.200, 174
Trd, 000280.217, 173
Trd, 000281.000, 169
Trd, 000281.050, 177
Trd, 000281.433, 163
Trd, 000282.283, 165
Trd, 000283.383, 183
Trd, 000283.817, 172
Trd, 000283.850, 177
Trd, 000283.867, 186
Trd, 000284.383, 170
Trd, 000284.517, 176
Trd, 000285.350, 173
Trd, 000286.067, 171
Trd, 000286.117, 172
Trd, 000286.517, 163
Trd, 000286.667, 191
Trd, 000286.867, 187
Trd, 000287.700, 168
Trd, 000288.250, 175
Trd, 000288.883, 174
Trd, 000289.150, 178
Trd, 000289.250, 173
Trd, 000289.417, 183
Trd, 000289.883, 173
Trd, 000290.283, 173
Trd, 000290.333, 184
Trd, 000290.617, 178
Trd, 000290.767, 177
Trd, 000291.983, 187
Trd, 000292.483, 187
Trd, 000292.767, 185
Trd, 000292.800, 199
Trd, 000293.067, 184
Trd, 000293.450, 198
Trd, 000294.350, 188
Trd, 000294.450, 185
Trd, 000295.100, 190
Trd, 000295.950, 183
Trd, 000296.433, 185
Trd, 000296.567, 185
Trd, 000297.017, 187
Trd, 000297.317, 191
Trd, 000297.617, 194
Trd, 000297.667, 188
Trd, 000297.750, 184
Trd, 000297.800, 173
Trd, 000297.867, 200
Trd, 000298.167, 201
Trd, 000298.367, 160
Trd, 000298.817, 203
Trd, 000299.667, 182
Trd, 000299.733, 179
