Trd, 000002.567, 127
Trd, 000002.850, 131
Trd, 000003.300, 142
Trd, 000003.717, 117
Trd, 000004.050, 134
Trd, 000004.500, 144
Trd, 000006.000, 150
Trd, 000006.017, 164
Trd, 000006.233, 136
Trd, 000006.833, 156
Trd, 000006.900, 154
Trd, 000007.750, 145
Trd, 000007.967, 144
Trd, 000009.633, 145
Trd, 000009.883, 146
Trd, 000010.050, 145
Trd, 000010.933, 148
Trd, 000011.883, 149
Trd, 000011.950, 144
Trd, 000012.150, 151
Trd, 000013.633, 146
Trd, 000013.967, 145
Trd, 000014.217, 145
Trd, 000015.017, 161
Trd, 000015.350, 156
Trd, 000016.183, 150
Trd, 000018.867, 153
Trd, 000019.150, 156
Trd, 000019.200, 157
Trd, 000020.467, 154
Trd, 000021.083, 157
Trd, 000021.500, 155
Trd, 000021.667, 160
Trd, 000021.900, 155
Trd, 000022.983, 155
Trd, 000023.267, 159
Trd, 000023.350, 159
Trd, 000024.450, 159
Trd, 000024.633, 157
Trd, 000024.717, 145
Trd, 000025.500, 130
Trd, 000026.250, 146
Trd, 000026.967, 151
Trd, 000027.550, 150
Trd, 000028.383, 149
Trd, 000029.317, 161
Trd, 000029.500, 150
Trd, 000029.667, 149
Trd, 000030.333, 147
Trd, 000030.967, 150
Trd, 000032.050, 155
Trd, 000032.633, 155
Trd, 000032.667, 146
Trd, 000032.950, 163
Trd, 000033.633, 154
Trd, 000034.467, 148
Trd, 000034.483, 158
Trd, 000035.650, 145
Trd, 000036.483, 144
Trd, 000036.750, 147
Trd, 000037.833, 145
Trd, 000037.900, 149
Trd, 000038.983, 151
Trd, 000039.783, 148
Trd, 000040.683, 147
Trd, 000042.017, 148
Trd, 000042.267, 152
Trd, 000043.867, 151
Trd, 000043.917, 147
Trd, 000044.617, 151
Trd, 000044.883, 148
Trd, 000044.983, 162
Trd, 000045.333, 148
Trd, 000045.467, 156
Trd, 000045.833, 148
Trd, 000046.900, 161
Trd, 000047.317, 159
Trd, 000048.800, 161
Trd, 000049.033, 160
Trd, 000049.717, 163
Trd, 000049.950, 159
Trd, 000050.300, 149
Trd, 000050.367, 149
Trd, 000050.500, 148
Trd, 000050.867, 147
Trd, 000052.033, 154
Trd, 000052.800, 149
Trd, 000053.250, 152
Trd, 000053.967, 147
Trd, 000054.533, 149
Trd, 000054.850, 151
Trd, 000056.350, 148
Trd, 000056.683, 153
Trd, 000058.233, 154
Trd, 000058.283, 152
Trd, 000058.750, 153
Trd, 000059.150, 155
Trd, 000059.233, 156
Trd, 000059.500, 155
Trd, 000059.817, 156
Trd, 000060.533, 165
Trd, 000061.217, 150
Trd, 000061.700, 157
Trd, 000061.817, 157
Trd, 000062.917, 157
Trd, 000063.117, 155
Trd, 000063.817, 157
Trd, 000064.617, 164
Trd, 000065.033, 149
Trd, 000065.267, 148
Trd, 000065.433, 147
Trd, 000065.567, 158
Trd, 000066.067, 140
Trd, 000066.300, 139
Trd, 000067.300, 138
Trd, 000068.000, 142
Trd, 000068.783, 141
Trd, 000068.983, 140
Trd, 000069.233, 140
Trd, 000070.917, 151
Trd, 000073.233, 156
Trd, 000073.283, 169
Trd, 000073.933, 155
Trd, 000074.933, 155
Trd, 000075.700, 162
Trd, 000075.767, 163
Trd, 000076.333, 156
Trd, 000076.633, 153
Trd, 000077.600, 161
Trd, 000077.783, 156
Trd, 000077.983, 148
Trd, 000078.200, 135
Trd, 000078.767, 161
Trd, 000080.333, 152
Trd, 000081.067, 160
Trd, 000081.550, 170
Trd, 000081.700, 165
Trd, 000082.083, 171
Trd, 000082.483, 163
Trd, 000084.217, 167
Trd, 000084.383, 165
Trd, 000084.550, 164
Trd, 000085.950, 168
Trd, 000086.467, 166
Trd, 000087.767, 162
Trd, 000088.167, 167
Trd, 000088.317, 167
Trd, 000088.500, 160
Trd, 000089.483, 153
Trd, 000090.167, 153
Trd, 000092.200, 156
Trd, 000092.317, 157
Trd, 000093.567, 154
Trd, 000094.150, 154
Trd, 000095.900, 165
Trd, 000096.100, 164
Trd, 000096.350, 164
Trd, 000098.400, 165
Trd, 000099.133, 166
Trd, 000099.200, 166
Trd, 000099.733, 165
Trd, 000100.133, 151
Trd, 000100.233, 168
Trd, 000100.300, 168
Trd, 000100.833, 158
Trd, 000101.600, 166
Trd, 000102.183, 165
Trd, 000102.500, 168
Trd, 000102.767, 153
Trd, 000103.517, 153
Trd, 000104.350, 161
Trd, 000104.467, 158
Trd, 000104.633, 154
Trd, 000104.933, 171
Trd, 000106.350, 172
Trd, 000106.983, 173
Trd, 000108.550, 160
Trd, 000108.717, 172
Trd, 000109.017, 170
Trd, 000109.133, 171
Trd, 000110.050, 160
Trd, 000111.433, 162
Trd, 000112.600, 161
Trd, 000112.817, 165
Trd, 000113.383, 162
Trd, 000114.117, 163
Trd, 000114.417, 162
Trd, 000114.500, 173
Trd, 000114.517, 153
Trd, 000115.850, 176
Trd, 000116.533, 158
Trd, 000116.783, 165
Trd, 000117.033, 158
Trd, 000119.383, 159
Trd, 000119.567, 158
Trd, 000120.167, 165
Trd, 000121.000, 158
Trd, 000121.567, 161
Trd, 000122.250, 161
Trd, 000122.900, 159
Trd, 000122.967, 164
Trd, 000124.833, 161
Trd, 000125.583, 163
Trd, 000125.867, 163
Trd, 000126.117, 170
Trd, 000126.150, 162
Trd, 000126.433, 169
Trd, 000127.483, 170
Trd, 000128.000, 165
Trd, 000128.317, 163
Trd, 000128.983, 169
Trd, 000130.183, 168
Trd, 000130.300, 167
Trd, 000130.967, 170
Trd, 000131.200, 171
Trd, 000131.400, 166
Trd, 000131.500, 171
Trd, 000134.333, 166
Trd, 000134.867, 167
Trd, 000135.150, 166
Trd, 000136.100, 169
Trd, 000136.517, 166
Trd, 000136.800, 170
Trd, 000137.200, 165
Trd, 000137.867, 158
Trd, 000138.317, 161
Trd, 000139.033, 163
Trd, 000140.833, 161
Trd, 000140.950, 163
Trd, 000141.417, 159
Trd, 000142.500, 163
Trd, 000143.117, 159
Trd, 000143.833, 141
Trd, 000145.133, 145
Trd, 000145.217, 146
Trd, 000145.600, 152
Trd, 000146.250, 149
Trd, 000146.567, 159
Trd, 000146.800, 149
Trd, 000147.267, 150
Trd, 000147.800, 152
Trd, 000148.450, 162
Trd, 000149.483, 159
Trd, 000150.000, 156
Trd, 000151.117, 160
Trd, 000151.200, 161
Trd, 000151.500, 159
Trd, 000152.733, 163
Trd, 000152.933, 163
Trd, 000152.983, 173
Trd, 000153.017, 162
Trd, 000153.400, 169
Trd, 000154.717, 171
Trd, 000154.817, 173
Trd, 000154.850, 172
Trd, 000155.900, 180
Trd, 000156.300, 171
Trd, 000156.450, 170
Trd, 000156.933, 177
Trd, 000157.517, 160
Trd, 000158.617, 169
Trd, 000159.400, 169
Trd, 000160.433, 168
Trd, 000160.667, 157
Trd, 000161.317, 173
Trd, 000161.467, 157
Trd, 000162.300, 171
Trd, 000162.833, 172
Trd, 000162.917, 174
Trd, 000163.133, 161
Trd, 000163.483, 161
Trd, 000165.367, 168
Trd, 000166.250, 170
Trd, 000166.933, 169
Trd, 000168.117, 167
Trd, 000168.367, 166
Trd, 000168.850, 168
Trd, 000168.950, 160
Trd, 000169.167, 159
Trd, 000169.567, 159
Trd, 000171.300, 170
Trd, 000171.550, 162
Trd, 000171.667, 160
Trd, 000172.633, 166
Trd, 000173.967, 161
Trd, 000175.333, 164
Trd, 000176.133, 166
Trd, 000176.267, 163
Trd, 000178.083, 165
Trd, 000178.133, 167
Trd, 000178.367, 162
Trd, 000178.900, 162
Trd, 000179.533, 168
Trd, 000180.300, 170
Trd, 000180.417, 172
Trd, 000180.567, 163
Trd, 000181.733, 162
Trd, 000182.233, 164
Trd, 000183.850, 166
Trd, 000184.100, 165
Trd, 000184.900, 170
Trd, 000185.383, 172
Trd, 000186.433, 172
Trd, 000186.483, 168
Trd, 000187.133, 176
Trd, 000187.450, 168
Trd, 000188.800, 174
Trd, 000190.633, 177
Trd, 000191.067, 176
Trd, 000191.117, 172
Trd, 000191.150, 170
Trd, 000191.300, 162
Trd, 000191.983, 160
Trd, 000192.683, 156
Trd, 000192.983, 161
Trd, 000194.633, 163
Trd, 000194.917, 161
Trd, 000195.150, 160
Trd, 000195.500, 159
Trd, 000196.667, 161
Trd, 000196.767, 161
Trd, 000197.100, 162
Trd, 000197.200, 168
Trd, 000197.967, 178
Trd, 000198.667, 164
Trd, 000199.050, 166
Trd, 000199.500, 165
Trd, 000199.767, 167
Trd, 000199.850, 161
Trd, 000199.950, 168
Trd, 000202.100, 165
Trd, 000202.400, 163
Trd, 000203.083, 169
Trd, 000204.000, 169
Trd, 000204.683, 165
Trd, 000204.733, 163
Trd, 000206.467, 165
Trd, 000206.667, 176
Trd, 000207.433, 167
Trd, 000208.117, 167
Trd, 000208.867, 174
Trd, 000209.067, 169
Trd, 000209.933, 161
Trd, 000210.300, 155
Trd, 000210.533, 159
Trd, 000210.567, 170
Trd, 000210.833, 172
Trd, 000211.250, 150
Trd, 000211.667, 161
Trd, 000211.817, 162
Trd, 000212.900, 162
Trd, 000213.283, 155
Trd, 000214.883, 167
Trd, 000215.350, 164
Trd, 000215.433, 169
Trd, 000216.250, 179
Trd, 000216.300, 186
Trd, 000216.650, 166
Trd, 000217.500, 169
Trd, 000218.267, 168
Trd, 000218.817, 174
Trd, 000219.383, 170
Trd, 000220.317, 174
Trd, 000220.933, 169
Trd, 000221.400, 173
Trd, 000221.833, 170
Trd, 000222.050, 165
Trd, 000223.000, 175
Trd, 000223.533, 163
Trd, 000223.700, 180
Trd, 000225.850, 160
Trd, 000226.983, 171
Trd, 000227.600, 170
Trd, 000228.433, 171
Trd, 000228.467, 171
Trd, 000228.983, 171
Trd, 000229.083, 169
Trd, 000229.333, 172
Trd, 000230.183, 170
Trd, 000231.383, 171
Trd, 000232.167, 166
Trd, 000232.567, 165
Trd, 000232.617, 167
Trd, 000233.050, 172
Trd, 000233.633, 172
Trd, 000233.833, 169
Trd, 000236.317, 170
Trd, 000236.700, 173
Trd, 000237.433, 168
Trd, 000237.783, 174
Trd, 000238.683, 173
Trd, 000239.317, 171
Trd, 000239.567, 169
Trd, 000240.033, 165
Trd, 000240.417, 165
Trd, 000240.717, 167
Trd, 000240.833, 169
Trd, 000241.000, 171
Trd, 000241.050, 171
Trd, 000241.083, 172
Trd, 000241.467, 182
Trd, 000242.200, 163
Trd, 000243.317, 172
Trd, 000243.833, 172
Trd, 000244.233, 170
Trd, 000244.267, 169
Trd, 000244.533, 179
Trd, 000244.867, 182
Trd, 000245.167, 183
Trd, 000246.100, 175
Trd, 000246.800, 173
Trd, 000246.917, 176
Trd, 000247.500, 175
Trd, 000247.567, 174
Trd, 000247.767, 183
Trd, 000247.900, 172
Trd, 000248.500, 186
Trd, 000248.667, 173
Trd, 000248.967, 183
Trd, 000249.917, 168
Trd, 000251.067, 180
Trd, 000251.117, 182
Trd, 000251.383, 174
Trd, 000251.500, 172
Trd, 000251.650, 172
Trd, 000252.367, 176
Trd, 000252.533, 172
Trd, 000252.550, 177
Trd, 000253.117, 174
Trd, 000253.567, 171
Trd, 000254.383, 173
Trd, 000254.917, 172
Trd, 000255.517, 174
Trd, 000256.833, 170
Trd, 000256.933, 170
Trd, 000257.317, 183
Trd, 000257.567, 169
Trd, 000257.817, 170
Trd, 000258.017, 168
Trd, 000258.100, 167
Trd, 000259.650, 170
Trd, 000259.900, 174
Trd, 000260.800, 177
Trd, 000261.133, 180
Trd, 000261.200, 174
Trd, 000261.417, 182
Trd, 000261.933, 184
Trd, 000262.000, 177
Trd, 000262.033, 168
Trd, 000263.250, 181
Trd, 000263.683, 182
Trd, 000264.150, 185
Trd, 000264.383, 183
Trd, 000264.783, 181
Trd, 000264.950, 181
Trd, 000266.017, 189
Trd, 000266.217, 177
Trd, 000266.233, 177
Trd, 000267.117, 189
Trd, 000268.733, 182
Trd, 000269.700, 180
Trd, 000270.400, 178
Trd, 000270.467, 181
Trd, 000270.817, 178
Trd, 000271.050, 178
Trd, 000271.733, 178
Trd, 000271.750, 175
Trd, 000272.583, 178
Trd, 000273.417, 183
Trd, 000273.533, 172
Trd, 000273.733, 171
Trd, 000273.767, 169
Trd, 000274.200, 172
Trd, 000274.600, 174
Trd, 000274.767, 174
Trd, 000275.067, 173
Trd, 000275.467, 175
Trd, 000277.283, 174
Trd, 000277.383, 172
Trd, 000277.533, 186
Trd, 000277.867, 190
Trd, 000278.783, 193
Trd, 000278.817, 175
Trd, 000279.417, 173
Trd, 000279.800, 172
Trd, 000280.633, 191
Trd, 000281.300, 187
Trd, 000281.483, 180
Trd, 000281.733, 179
Trd, 000282.217, 181
Trd, 000282.817, 181
Trd, 000283.567, 179
Trd, 000283.617, 179
Trd, 000283.833, 176
Trd, 000283.933, 174
Trd, 000284.017, 171
Trd, 000285.350, 178
Trd, 000285.767, 178
Trd, 000285.817, 171
Trd, 000285.850, 172
Trd, 000287.550, 175
Trd, 000287.583, 175
Trd, 000288.183, 173
Trd, 000288.817, 177
Trd, 000288.900, 172
Trd, 000289.300, 178
Trd, 000289.583, 176
Trd, 000289.867, 170
Trd, 000290.333, 178
Trd, 000290.817, 187
Trd, 000290.867, 173
Trd, 000291.633, 180
Trd, 000292.000, 177
Trd, 000292.167, 172
Trd, 000292.483, 188
Trd, 000292.850, 194
Trd, 000293.117, 180
Trd, 000293.167, 172
Trd, 000293.300, 171
Trd, 000293.883, 173
Trd, 000293.933, 171
Trd, 000294.167, 170
Trd, 000294.467, 166
Trd, 000295.867, 173
Trd, 000297.233, 173
Trd, 000297.450, 176
Trd, 000297.583, 171
Trd, 000297.867, 171
Trd, 000298.350, 179
Trd, 000298.517, 193
Trd, 000298.633, 174
