Trd, 000002.133, 176
Trd, 000002.233, 175
Trd, 000002.617, 185
Trd, 000003.250, 155
Trd, 000003.833, 153
Trd, 000004.083, 148
Trd, 000004.933, 149
Trd, 000005.450, 155
Trd, 000006.233, 168
Trd, 000008.283, 155
Trd, 000008.600, 155
Trd, 000008.867, 155
Trd, 000008.883, 156
Trd, 000009.100, 151
Trd, 000010.567, 150
Trd, 000011.567, 151
Trd, 000011.867, 150
Trd, 000013.450, 136
Trd, 000013.583, 149
Trd, 000014.283, 151
Trd, 000014.650, 149
Trd, 000015.283, 148
Trd, 000015.367, 149
Trd, 000015.717, 151
Trd, 000015.817, 152
Trd, 000017.400, 152
Trd, 000017.600, 153
Trd, 000017.650, 147
Trd, 000018.900, 150
Trd, 000019.867, 152
Trd, 000020.067, 150
Trd, 000020.933, 150
Trd, 000021.900, 150
Trd, 000023.350, 150
Trd, 000023.483, 149
Trd, 000023.617, 149
Trd, 000023.683, 151
Trd, 000023.733, 150
Trd, 000023.967, 153
Trd, 000024.467, 148
Trd, 000025.100, 137
Trd, 000025.800, 150
Trd, 000026.900, 145
Trd, 000027.567, 142
Trd, 000028.983, 145
Trd, 000029.433, 144
Trd, 000029.567, 146
Trd, 000029.583, 147
Trd, 000030.217, 148
Trd, 000030.917, 145
Trd, 000031.283, 145
Trd, 000031.867, 140
Trd, 000032.817, 146
Trd, 000033.250, 145
Trd, 000033.267, 144
Trd, 000033.783, 146
Trd, 000034.933, 175
Trd, 000035.267, 158
Trd, 000035.533, 143
Trd, 000036.533, 164
Trd, 000036.667, 165
Trd, 000036.800, 144
Trd, 000038.300, 149
Trd, 000038.750, 156
Trd, 000038.817, 141
Trd, 000039.150, 140
Trd, 000039.933, 155
Trd, 000040.933, 153
Trd, 000040.983, 154
Trd, 000041.483, 155
Trd, 000041.567, 148
Trd, 000041.717, 156
Trd, 000042.050, 147
Trd, 000042.950, 159
Trd, 000043.533, 150
Trd, 000044.183, 154
Trd, 000045.083, 138
Trd, 000046.067, 147
Trd, 000046.650, 147
Trd, 000046.833, 146
Trd, 000046.900, 147
Trd, 000047.400, 155
Trd, 000048.217, 148
Trd, 000048.400, 160
Trd, 000048.867, 152
Trd, 000049.083, 160
Trd, 000050.317, 155
Trd, 000050.917, 154
Trd, 000051.917, 156
Trd, 000052.283, 155
Trd, 000052.533, 156
Trd, 000053.367, 153
Trd, 000053.550, 154
Trd, 000053.800, 152
Trd, 000053.883, 154
Trd, 000054.700, 144
Trd, 000055.600, 145
Trd, 000056.217, 155
Trd, 000056.517, 139
Trd, 000057.217, 154
Trd, 000058.450, 147
Trd, 000059.017, 150
Trd, 000059.750, 153
Trd, 000059.950, 154
Trd, 000061.867, 150
Trd, 000062.567, 150
Trd, 000062.650, 149
Trd, 000062.817, 150
Trd, 000062.867, 151
Trd, 000063.350, 143
Trd, 000064.183, 152
Trd, 000065.067, 161
Trd, 000065.917, 149
Trd, 000065.950, 150
Trd, 000066.983, 154
Trd, 000068.100, 151
Trd, 000069.183, 151
Trd, 000069.250, 152
Trd, 000069.500, 151
Trd, 000070.233, 153
Trd, 000070.567, 151
Trd, 000071.117, 150
Trd, 000071.700, 158
Trd, 000072.717, 155
Trd, 000072.800, 153
Trd, 000073.550, 154
Trd, 000073.950, 152
Trd, 000074.433, 154
Trd, 000075.050, 154
Trd, 000075.883, 154
Trd, 000076.900, 162
Trd, 000077.417, 155
Trd, 000077.967, 155
Trd, 000078.350, 156
Trd, 000079.250, 154
Trd, 000079.583, 154
Trd, 000079.617, 144
Trd, 000079.900, 155
Trd, 000082.783, 151
Trd, 000084.117, 140
Trd, 000085.083, 145
Trd, 000085.100, 146
Trd, 000085.217, 145
Trd, 000086.317, 145
Trd, 000086.550, 146
Trd, 000088.050, 155
Trd, 000089.317, 145
Trd, 000089.517, 150
Trd, 000089.567, 151
Trd, 000090.150, 150
Trd, 000091.017, 152
Trd, 000091.167, 149
Trd, 000091.283, 153
Trd, 000091.717, 163
Trd, 000091.817, 145
Trd, 000092.100, 164
Trd, 000092.250, 164
Trd, 000093.600, 156
Trd, 000094.633, 157
Trd, 000095.017, 156
Trd, 000095.483, 155
Trd, 000096.200, 155
Trd, 000096.433, 157
Trd, 000097.300, 160
Trd, 000097.383, 161
Trd, 000098.217, 147
Trd, 000099.300, 155
Trd, 000099.800, 155
Trd, 000099.867, 155
Trd, 000100.883, 154
Trd, 000100.967, 156
Trd, 000101.400, 159
Trd, 000101.983, 159
Trd, 000102.550, 161
Trd, 000103.583, 158
Trd, 000104.000, 157
Trd, 000104.383, 155
Trd, 000105.000, 159
Trd, 000105.733, 148
Trd, 000105.917, 158
Trd, 000107.217, 155
Trd, 000107.717, 153
Trd, 000107.750, 155
Trd, 000107.983, 156
Trd, 000108.050, 139
Trd, 000108.517, 156
Trd, 000109.067, 157
Trd, 000109.500, 155
Trd, 000110.283, 156
Trd, 000113.067, 153
Trd, 000113.867, 148
Trd, 000114.250, 153
Trd, 000114.650, 154
Trd, 000114.850, 155
Trd, 000115.017, 157
Trd, 000116.033, 159
Trd, 000116.300, 162
Trd, 000116.883, 160
Trd, 000117.417, 161
Trd, 000117.433, 158
Trd, 000118.633, 159
Trd, 000119.333, 162
Trd, 000119.467, 161
Trd, 000119.600, 163
Trd, 000121.067, 165
Trd, 000121.933, 164
Trd, 000122.200, 160
Trd, 000123.083, 161
Trd, 000123.850, 161
Trd, 000124.233, 160
Trd, 000124.300, 160
Trd, 000124.717, 162
Trd, 000125.617, 166
Trd, 000126.467, 163
Trd, 000127.667, 163
Trd, 000128.067, 161
Trd, 000128.600, 154
Trd, 000129.117, 163
Trd, 000129.183, 165
Trd, 000129.467, 167
Trd, 000129.917, 168
Trd, 000130.250, 160
Trd, 000130.350, 167
Trd, 000132.050, 161
Trd, 000133.200, 161
Trd, 000133.533, 160
Trd, 000133.917, 149
Trd, 000134.350, 140
Trd, 000134.617, 163
Trd, 000135.300, 156
Trd, 000135.450, 159
Trd, 000136.367, 158
Trd, 000136.783, 157
Trd, 000136.850, 152
Trd, 000137.350, 164
Trd, 000137.800, 168
Trd, 000138.433, 151
Trd, 000139.533, 153
Trd, 000139.633, 158
Trd, 000139.983, 152
Trd, 000140.400, 152
Trd, 000140.800, 157
Trd, 000141.367, 159
Trd, 000142.033, 162
Trd, 000143.483, 158
Trd, 000143.933, 152
Trd, 000144.800, 153
Trd, 000144.833, 154
Trd, 000144.967, 151
Trd, 000145.283, 158
Trd, 000145.950, 156
Trd, 000147.517, 156
Trd, 000147.850, 156
Trd, 000148.217, 149
Trd, 000148.300, 157
Trd, 000149.783, 151
Trd, 000150.200, 152
Trd, 000150.267, 147
Trd, 000152.450, 154
Trd, 000152.617, 155
Trd, 000153.217, 154
Trd, 000154.333, 153
Trd, 000154.800, 154
Trd, 000154.850, 156
Trd, 000155.083, 159
Trd, 000155.433, 155
Trd, 000155.617, 154
Trd, 000155.733, 165
Trd, 000157.233, 163
Trd, 000157.283, 155
Trd, 000157.533, 164
Trd, 000157.900, 166
Trd, 000158.733, 185
Trd, 000158.800, 188
Trd, 000160.633, 171
Trd, 000160.850, 170
Trd, 000161.400, 170
Trd, 000162.083, 156
Trd, 000162.983, 163
Trd, 000164.033, 163
Trd, 000164.083, 164
Trd, 000164.200, 163
Trd, 000165.300, 154
Trd, 000165.833, 159
Trd, 000166.417, 160
Trd, 000166.800, 165
Trd, 000167.500, 162
Trd, 000167.633, 172
Trd, 000168.467, 165
Trd, 000169.000, 156
Trd, 000169.317, 167
Trd, 000169.350, 168
Trd, 000170.133, 155
Trd, 000170.267, 157
Trd, 000171.817, 162
Trd, 000172.133, 165
Trd, 000172.467, 164
Trd, 000172.683, 161
Trd, 000173.683, 164
Trd, 000174.367, 163
Trd, 000174.500, 162
Trd, 000175.450, 162
Trd, 000175.467, 163
Trd, 000177.133, 163
Trd, 000177.633, 164
Trd, 000177.967, 164
Trd, 000178.550, 168
Trd, 000178.817, 172
Trd, 000179.417, 162
Trd, 000179.450, 165
Trd, 000180.450, 162
Trd, 000180.617, 161
Trd, 000181.900, 158
Trd, 000182.533, 168
Trd, 000182.817, 146
Trd, 000183.617, 164
Trd, 000183.667, 165
Trd, 000185.550, 161
Trd, 000186.383, 161
Trd, 000186.467, 161
Trd, 000187.100, 162
Trd, 000187.867, 170
Trd, 000188.133, 164
Trd, 000188.233, 162
Trd, 000188.283, 164
Trd, 000188.367, 157
Trd, 000189.450, 170
Trd, 000189.517, 162
Trd, 000190.517, 167
Trd, 000191.050, 160
Trd, 000191.217, 166
Trd, 000191.750, 159
Trd, 000192.267, 163
Trd, 000192.617, 163
Trd, 000192.933, 156
Trd, 000192.950, 146
Trd, 000193.567, 163
Trd, 000194.300, 169
Trd, 000195.317, 165
Trd, 000196.717, 171
Trd, 000196.950, 166
Trd, 000197.067, 182
Trd, 000197.733, 169
Trd, 000197.983, 170
Trd, 000200.500, 170
Trd, 000201.100, 169
Trd, 000201.217, 170
Trd, 000203.067, 182
Trd, 000203.200, 173
Trd, 000204.133, 172
Trd, 000204.150, 170
Trd, 000205.200, 169
Trd, 000205.467, 169
Trd, 000205.983, 168
Trd, 000206.017, 170
Trd, 000206.217, 157
Trd, 000206.633, 171
Trd, 000207.067, 164
Trd, 000207.450, 171
Trd, 000207.750, 171
Trd, 000209.350, 158
Trd, 000209.617, 157
Trd, 000210.467, 158
Trd, 000210.883, 167
Trd, 000211.217, 169
Trd, 000212.283, 164
Trd, 000213.483, 168
Trd, 000214.683, 169
Trd, 000214.950, 169
Trd, 000215.117, 172
Trd, 000215.383, 183
Trd, 000216.417, 168
Trd, 000216.617, 170
Trd, 000216.717, 169
Trd, 000217.583, 172
Trd, 000218.683, 173
Trd, 000218.700, 174
Trd, 000218.983, 193
Trd, 000219.483, 192
Trd, 000219.533, 170
Trd, 000220.633, 177
Trd, 000222.000, 159
Trd, 000222.217, 166
Trd, 000222.617, 169
Trd, 000222.750, 177
Trd, 000223.683, 177
Trd, 000225.250, 175
Trd, 000225.283, 170
Trd, 000226.200, 175
Trd, 000226.267, 170
Trd, 000227.483, 174
Trd, 000227.700, 177
Trd, 000228.633, 174
Trd, 000228.800, 171
Trd, 000230.033, 175
Trd, 000231.483, 172
Trd, 000231.550, 170
Trd, 000231.700, 173
Trd, 000232.217, 170
Trd, 000232.317, 169
Trd, 000232.583, 173
Trd, 000233.833, 169
Trd, 000235.317, 167
Trd, 000235.850, 166
Trd, 000236.117, 167
Trd, 000236.167, 174
Trd, 000237.183, 160
Trd, 000238.250, 160
Trd, 000238.567, 156
Trd, 000238.967, 161
Trd, 000239.150, 166
Trd, 000240.333, 165
Trd, 000240.350, 175
Trd, 000241.217, 176
Trd, 000241.483, 176
Trd, 000241.617, 177
Trd, 000241.800, 179
Trd, 000242.717, 181
Trd, 000242.817, 185
Trd, 000243.050, 183
Trd, 000243.083, 180
Trd, 000243.367, 185
Trd, 000243.833, 186
Trd, 000244.533, 183
Trd, 000244.867, 185
Trd, 000245.117, 185
Trd, 000246.083, 191
Trd, 000246.233, 183
Trd, 000246.450, 181
Trd, 000246.733, 180
Trd, 000247.050, 191
Trd, 000248.300, 187
Trd, 000248.800, 182
Trd, 000249.017, 181
Trd, 000249.850, 182
Trd, 000249.967, 182
Trd, 000250.217, 183
Trd, 000250.367, 180
Trd, 000251.067, 178
Trd, 000251.250, 179
Trd, 000252.100, 178
Trd, 000252.233, 180
Trd, 000252.583, 180
Trd, 000252.650, 182
Trd, 000253.050, 179
Trd, 000253.233, 180
Trd, 000253.667, 178
Trd, 000255.067, 173
Trd, 000255.817, 165
Trd, 000256.300, 168
Trd, 000256.400, 165
Trd, 000256.617, 168
Trd, 000258.000, 167
Trd, 000258.400, 162
Trd, 000258.533, 164
Trd, 000258.950, 166
Trd, 000259.217, 166
Trd, 000259.383, 165
Trd, 000259.483, 167
Trd, 000260.000, 168
Trd, 000260.067, 164
Trd, 000260.483, 167
Trd, 000261.367, 165
Trd, 000261.500, 166
Trd, 000261.600, 170
Trd, 000261.917, 162
Trd, 000262.367, 180
Trd, 000262.583, 168
Trd, 000263.000, 178
Trd, 000263.250, 181
Trd, 000263.767, 185
Trd, 000264.217, 186
Trd, 000264.400, 181
Trd, 000264.533, 180
Trd, 000265.617, 174
Trd, 000266.200, 176
Trd, 000266.433, 179
Trd, 000266.700, 181
Trd, 000266.783, 182
Trd, 000267.217, 178
Trd, 000267.350, 189
Trd, 000268.233, 180
Trd, 000268.867, 180
Trd, 000269.717, 179
Trd, 000270.200, 177
Trd, 000270.317, 175
Trd, 000270.383, 168
Trd, 000270.533, 163
Trd, 000270.617, 177
Trd, 000271.083, 169
Trd, 000271.567, 164
Trd, 000271.850, 172
Trd, 000271.883, 170
Trd, 000272.017, 172
Trd, 000273.400, 164
Trd, 000273.617, 168
Trd, 000274.283, 167
Trd, 000274.433, 169
Trd, 000274.783, 170
Trd, 000274.950, 173
Trd, 000276.367, 169
Trd, 000276.600, 168
Trd, 000276.850, 170
Trd, 000277.117, 171
Trd, 000277.300, 169
Trd, 000277.483, 169
Trd, 000277.717, 169
Trd, 000278.100, 178
Trd, 000279.100, 171
Trd, 000279.583, 179
Trd, 000279.983, 165
Trd, 000280.033, 180
Trd, 000280.750, 168
Trd, 000280.967, 174
Trd, 000280.983, 175
Trd, 000281.950, 168
Trd, 000282.117, 176
Trd, 000282.133, 167
Trd, 000282.283, 174
Trd, 000282.383, 167
Trd, 000283.733, 173
Trd, 000283.800, 175
Trd, 000284.500, 177
Trd, 000284.700, 178
Trd, 000284.917, 179
Trd, 000285.517, 169
Trd, 000285.783, 179
Trd, 000286.200, 179
Trd, 000286.800, 183
Trd, 000286.950, 171
Trd, 000287.817, 171
Trd, 000288.433, 169
Trd, 000289.150, 173
Trd, 000289.250, 176
Trd, 000289.400, 173
Trd, 000289.550, 177
Trd, 000289.600, 172
Trd, 000289.950, 178
Trd, 000290.533, 184
Trd, 000290.550, 191
Trd, 000291.167, 192
Trd, 000291.583, 184
Trd, 000291.667, 191
Trd, 000292.717, 181
Trd, 000292.817, 179
Trd, 000293.733, 180
Trd, 000293.850, 166
Trd, 000294.317, 166
Trd, 000294.517, 180
Trd, 000294.800, 177
Trd, 000295.383, 179
Trd, 000295.550, 180
Trd, 000295.617, 171
Trd, 000295.650, 165
Trd, 000296.417, 179
Trd, 000296.867, 184
Trd, 000297.167, 181
Trd, 000297.700, 182
Trd, 000298.217, 190
Trd, 000299.267, 171
Trd, 000299.383, 181
Trd, 000299.700, 181
