Trd, 000002.083, 126
Trd, 000002.350, 127
Trd, 000002.583, 164
Trd, 000002.717, 116
Trd, 000003.183, 158
Trd, 000005.033, 154
Trd, 000005.633, 153
Trd, 000005.817, 154
Trd, 000006.933, 156
Trd, 000007.700, 158
Trd, 000007.900, 158
Trd, 000008.367, 157
Trd, 000009.283, 156
Trd, 000009.633, 156
Trd, 000010.483, 157
Trd, 000010.800, 156
Trd, 000011.000, 156
Trd, 000011.967, 156
Trd, 000012.233, 156
Trd, 000012.717, 155
Trd, 000012.850, 158
Trd, 000013.617, 159
Trd, 000015.000, 156
Trd, 000015.033, 155
Trd, 000015.200, 155
Trd, 000016.017, 155
Trd, 000016.067, 155
Trd, 000016.867, 155
Trd, 000017.650, 159
Trd, 000018.000, 166
Trd, 000018.917, 158
Trd, 000020.150, 167
Trd, 000020.167, 158
Trd, 000020.883, 163
Trd, 000021.167, 163
Trd, 000021.333, 163
Trd, 000021.983, 163
Trd, 000022.250, 164
Trd, 000022.400, 162
Trd, 000023.800, 163
Trd, 000024.583, 162
Trd, 000024.767, 162
Trd, 000025.133, 161
Trd, 000025.400, 160
Trd, 000026.233, 161
Trd, 000026.550, 160
Trd, 000027.283, 168
Trd, 000028.367, 164
Trd, 000028.850, 165
Trd, 000028.883, 165
Trd, 000028.983, 164
Trd, 000029.717, 164
Trd, 000029.967, 163
Trd, 000030.300, 162
Trd, 000031.033, 161
Trd, 000031.283, 162
Trd, 000033.250, 161
Trd, 000033.283, 161
Trd, 000033.550, 161
Trd, 000034.000, 161
Trd, 000034.067, 160
Trd, 000034.517, 162
Trd, 000034.683, 162
Trd, 000035.200, 160
Trd, 000035.383, 161
Trd, 000035.933, 159
Trd, 000036.500, 158
Trd, 000037.000, 158
Trd, 000037.633, 151
Trd, 000037.717, 156
Trd, 000038.533, 159
Trd, 000038.783, 161
Trd, 000039.450, 158
Trd, 000040.367, 161
Trd, 000040.683, 161
Trd, 000041.167, 161
Trd, 000041.450, 159
Trd, 000042.250, 159
Trd, 000042.583, 161
Trd, 000044.417, 169
Trd, 000044.450, 170
Trd, 000044.917, 170
Trd, 000045.150, 169
Trd, 000045.333, 170
Trd, 000046.117, 173
Trd, 000046.533, 171
Trd, 000048.100, 173
Trd, 000048.583, 173
Trd, 000049.283, 174
Trd, 000049.600, 175
Trd, 000049.850, 171
Trd, 000050.367, 172
Trd, 000050.867, 170
Trd, 000051.667, 166
Trd, 000051.950, 165
Trd, 000052.700, 164
Trd, 000052.733, 166
Trd, 000053.750, 164
Trd, 000053.817, 163
Trd, 000054.033, 163
Trd, 000054.283, 160
Trd, 000054.667, 163
Trd, 000054.783, 159
Trd, 000055.467, 160
Trd, 000055.733, 161
Trd, 000057.117, 160
Trd, 000057.967, 160
Trd, 000058.350, 160
Trd, 000058.450, 160
Trd, 000059.067, 161
Trd, 000059.350, 161
Trd, 000060.067, 160
Trd, 000060.217, 164
Trd, 000061.900, 168
Trd, 000062.417, 165
Trd, 000063.200, 165
Trd, 000063.817, 167
Trd, 000064.183, 167
Trd, 000064.500, 169
Trd, 000064.850, 168
Trd, 000066.017, 167
Trd, 000066.083, 167
Trd, 000066.600, 170
Trd, 000067.233, 169
Trd, 000067.550, 168
Trd, 000067.900, 166
Trd, 000067.950, 164
Trd, 000068.767, 164
Trd, 000069.100, 163
Trd, 000069.250, 167
Trd, 000069.900, 166
Trd, 000071.317, 165
Trd, 000071.733, 164
Trd, 000071.833, 167
Trd, 000072.683, 165
Trd, 000073.067, 166
Trd, 000073.400, 165
Trd, 000074.217, 165
Trd, 000074.267, 164
Trd, 000075.333, 165
Trd, 000075.500, 162
Trd, 000076.517, 167
Trd, 000076.983, 166
Trd, 000077.683, 165
Trd, 000078.050, 166
Trd, 000078.500, 165
Trd, 000079.783, 165
Trd, 000080.100, 165
Trd, 000080.117, 164
Trd, 000081.233, 163
Trd, 000081.650, 165
Trd, 000081.683, 165
Trd, 000082.317, 166
Trd, 000082.600, 164
Trd, 000082.683, 163
Trd, 000082.867, 161
Trd, 000084.000, 156
Trd, 000084.283, 156
Trd, 000084.383, 157
Trd, 000085.200, 157
Trd, 000085.767, 159
Trd, 000087.100, 159
Trd, 000087.483, 159
Trd, 000087.733, 160
Trd, 000088.850, 163
Trd, 000088.983, 163
Trd, 000090.117, 164
Trd, 000090.217, 164
Trd, 000090.233, 167
Trd, 000090.250, 163
Trd, 000090.650, 163
Trd, 000091.650, 164
Trd, 000092.217, 164
Trd, 000092.750, 163
Trd, 000092.983, 162
Trd, 000093.667, 162
Trd, 000095.083, 160
Trd, 000095.117, 160
Trd, 000095.583, 161
Trd, 000095.650, 162
Trd, 000095.700, 158
Trd, 000097.250, 158
Trd, 000097.533, 157
Trd, 000098.100, 159
Trd, 000098.217, 160
Trd, 000098.900, 162
Trd, 000098.933, 168
Trd, 000100.083, 167
Trd, 000101.183, 172
Trd, 000101.767, 173
Trd, 000101.800, 171
Trd, 000101.817, 175
Trd, 000103.700, 177
Trd, 000104.133, 178
Trd, 000104.550, 179
Trd, 000104.650, 177
Trd, 000105.133, 179
Trd, 000105.200, 180
Trd, 000105.817, 179
Trd, 000106.150, 178
Trd, 000106.917, 180
Trd, 000107.000, 179
Trd, 000107.133, 180
Trd, 000107.983, 180
Trd, 000108.917, 180
Trd, 000109.133, 179
Trd, 000109.967, 175
Trd, 000110.350, 169
Trd, 000110.883, 174
Trd, 000111.617, 166
Trd, 000112.333, 172
Trd, 000112.567, 172
Trd, 000112.717, 172
Trd, 000114.117, 170
Trd, 000115.100, 171
Trd, 000115.367, 171
Trd, 000115.817, 170
Trd, 000115.850, 176
Trd, 000116.650, 168
Trd, 000117.250, 170
Trd, 000117.317, 173
Trd, 000118.400, 174
Trd, 000118.533, 172
Trd, 000118.883, 172
Trd, 000118.917, 171
Trd, 000119.900, 168
Trd, 000120.083, 167
Trd, 000120.733, 167
Trd, 000120.833, 169
Trd, 000122.600, 164
Trd, 000123.017, 165
Trd, 000123.533, 165
Trd, 000123.583, 165
Trd, 000123.700, 165
Trd, 000123.717, 163
Trd, 000124.117, 159
Trd, 000124.933, 165
Trd, 000125.283, 166
Trd, 000125.733, 154
Trd, 000127.033, 170
Trd, 000127.367, 158
Trd, 000128.267, 164
Trd, 000128.333, 165
Trd, 000128.700, 159
Trd, 000129.150, 162
Trd, 000129.833, 163
Trd, 000130.150, 170
Trd, 000130.700, 163
Trd, 000131.117, 168
Trd, 000132.483, 167
Trd, 000132.517, 164
Trd, 000133.533, 166
Trd, 000134.033, 165
Trd, 000134.750, 167
Trd, 000135.100, 167
Trd, 000135.150, 166
Trd, 000135.467, 171
Trd, 000136.550, 171
Trd, 000136.983, 171
Trd, 000137.033, 172
Trd, 000137.333, 169
Trd, 000138.217, 168
Trd, 000138.233, 167
Trd, 000138.300, 160
Trd, 000139.033, 167
Trd, 000139.217, 167
Trd, 000140.117, 169
Trd, 000140.200, 170
Trd, 000140.767, 169
Trd, 000141.333, 168
Trd, 000143.783, 168
Trd, 000144.183, 167
Trd, 000144.567, 167
Trd, 000144.750, 168
Trd, 000144.867, 168
Trd, 000145.867, 168
Trd, 000146.383, 168
Trd, 000146.917, 167
Trd, 000147.100, 168
Trd, 000147.233, 169
Trd, 000147.967, 155
Trd, 000149.683, 156
Trd, 000150.000, 166
Trd, 000150.033, 170
Trd, 000151.017, 162
Trd, 000151.083, 161
Trd, 000151.417, 160
Trd, 000152.033, 159
Trd, 000152.933, 161
Trd, 000153.267, 162
Trd, 000153.817, 161
Trd, 000154.400, 162
Trd, 000154.850, 160
Trd, 000155.167, 161
Trd, 000155.883, 162
Trd, 000156.667, 161
Trd, 000156.767, 159
Trd, 000158.583, 161
Trd, 000158.633, 162
Trd, 000159.067, 164
Trd, 000159.367, 162
Trd, 000159.600, 161
Trd, 000159.917, 166
Trd, 000160.950, 172
Trd, 000161.117, 171
Trd, 000162.100, 172
Trd, 000162.233, 168
Trd, 000162.533, 169
Trd, 000162.783, 169
Trd, 000163.033, 174
Trd, 000164.000, 172
Trd, 000164.517, 174
Trd, 000164.533, 171
Trd, 000165.867, 172
Trd, 000166.233, 171
Trd, 000166.783, 172
Trd, 000167.450, 171
Trd, 000167.833, 170
Trd, 000168.033, 170
Trd, 000168.317, 168
Trd, 000168.400, 159
Trd, 000169.183, 171
Trd, 000169.283, 167
Trd, 000169.350, 171
Trd, 000170.467, 168
Trd, 000171.417, 172
Trd, 000172.450, 167
Trd, 000173.083, 170
Trd, 000173.817, 167
Trd, 000174.467, 171
Trd, 000175.250, 165
Trd, 000175.600, 165
Trd, 000175.800, 168
Trd, 000175.967, 167
Trd, 000176.117, 167
Trd, 000177.050, 167
Trd, 000178.367, 166
Trd, 000178.533, 166
Trd, 000178.833, 167
Trd, 000179.833, 166
Trd, 000180.633, 167
Trd, 000181.550, 166
Trd, 000182.350, 169
Trd, 000182.367, 169
Trd, 000182.833, 170
Trd, 000182.867, 176
Trd, 000183.900, 168
Trd, 000185.283, 169
Trd, 000185.300, 167
Trd, 000185.583, 167
Trd, 000186.217, 168
Trd, 000186.700, 167
Trd, 000186.917, 168
Trd, 000187.950, 168
Trd, 000188.033, 167
Trd, 000188.133, 170
Trd, 000189.267, 169
Trd, 000189.333, 167
Trd, 000189.833, 170
Trd, 000190.083, 173
Trd, 000191.250, 166
Trd, 000191.733, 165
Trd, 000191.933, 171
Trd, 000193.100, 166
Trd, 000193.767, 167
Trd, 000193.983, 166
Trd, 000194.317, 167
Trd, 000194.617, 177
Trd, 000194.917, 167
Trd, 000195.533, 167
Trd, 000195.600, 167
Trd, 000196.050, 178
Trd, 000196.550, 175
Trd, 000197.300, 180
Trd, 000197.967, 179
Trd, 000198.100, 179
Trd, 000198.583, 179
Trd, 000198.767, 180
Trd, 000199.633, 181
Trd, 000200.050, 180
Trd, 000200.783, 178
Trd, 000201.183, 179
Trd, 000202.117, 179
Trd, 000203.067, 180
Trd, 000203.150, 179
Trd, 000203.417, 180
Trd, 000203.583, 183
Trd, 000203.650, 181
Trd, 000204.617, 182
Trd, 000204.750, 181
Trd, 000205.133, 181
Trd, 000205.583, 179
Trd, 000205.767, 178
Trd, 000207.017, 161
Trd, 000207.200, 176
Trd, 000208.133, 173
Trd, 000208.300, 172
Trd, 000208.633, 184
Trd, 000209.600, 180
Trd, 000210.267, 176
Trd, 000210.283, 173
Trd, 000210.767, 176
Trd, 000211.067, 177
Trd, 000212.167, 177
Trd, 000213.150, 180
Trd, 000214.000, 179
Trd, 000214.083, 179
Trd, 000214.250, 179
Trd, 000214.667, 178
Trd, 000214.717, 176
Trd, 000214.950, 176
Trd, 000215.933, 173
Trd, 000216.250, 174
Trd, 000216.367, 174
Trd, 000216.417, 162
Trd, 000216.783, 155
Trd, 000217.267, 174
Trd, 000218.267, 172
Trd, 000218.283, 168
Trd, 000219.233, 170
Trd, 000219.933, 169
Trd, 000220.300, 170
Trd, 000220.400, 169
Trd, 000220.517, 171
Trd, 000220.800, 172
Trd, 000221.033, 180
Trd, 000222.283, 176
Trd, 000222.850, 176
Trd, 000223.400, 175
Trd, 000223.650, 174
Trd, 000224.133, 173
Trd, 000225.167, 174
Trd, 000225.317, 180
Trd, 000225.367, 165
Trd, 000226.783, 179
Trd, 000227.683, 178
Trd, 000228.717, 182
Trd, 000228.783, 181
Trd, 000228.967, 180
Trd, 000229.533, 176
Trd, 000229.717, 169
Trd, 000229.867, 170
Trd, 000230.917, 170
Trd, 000230.933, 169
Trd, 000231.267, 171
Trd, 000232.050, 174
Trd, 000232.550, 175
Trd, 000234.583, 173
Trd, 000234.650, 173
Trd, 000234.750, 171
Trd, 000235.267, 175
Trd, 000236.400, 175
Trd, 000236.517, 175
Trd, 000236.833, 176
Trd, 000237.050, 174
Trd, 000237.367, 174
Trd, 000237.450, 181
Trd, 000239.283, 179
Trd, 000239.617, 178
Trd, 000239.683, 175
Trd, 000240.467, 176
Trd, 000240.583, 177
Trd, 000240.750, 175
Trd, 000240.817, 176
Trd, 000241.267, 175
Trd, 000241.817, 176
Trd, 000242.200, 178
Trd, 000242.533, 174
Trd, 000243.733, 174
Trd, 000244.283, 176
Trd, 000244.300, 177
Trd, 000245.000, 175
Trd, 000245.183, 177
Trd, 000245.317, 175
Trd, 000245.617, 178
Trd, 000246.933, 175
Trd, 000247.167, 173
Trd, 000247.467, 173
Trd, 000247.633, 173
Trd, 000248.283, 175
Trd, 000248.333, 175
Trd, 000248.483, 173
Trd, 000249.400, 173
Trd, 000249.633, 173
Trd, 000250.183, 173
Trd, 000251.367, 186
Trd, 000252.117, 177
Trd, 000252.200, 177
Trd, 000253.017, 177
Trd, 000253.050, 176
Trd, 000253.717, 176
Trd, 000253.733, 175
Trd, 000253.950, 176
Trd, 000254.033, 178
Trd, 000255.417, 179
Trd, 000255.750, 180
Trd, 000255.900, 176
Trd, 000256.083, 175
Trd, 000256.367, 182
Trd, 000257.283, 182
Trd, 000257.483, 181
Trd, 000257.783, 180
Trd, 000257.867, 179
Trd, 000258.367, 176
Trd, 000259.167, 179
Trd, 000259.900, 175
Trd, 000260.000, 174
Trd, 000260.067, 174
Trd, 000260.133, 173
Trd, 000261.833, 192
Trd, 000261.883, 191
Trd, 000262.833, 194
Trd, 000263.633, 184
Trd, 000264.067, 186
Trd, 000264.367, 187
Trd, 000264.617, 182
Trd, 000265.983, 184
Trd, 000266.433, 184
Trd, 000266.450, 185
Trd, 000266.617, 182
Trd, 000266.667, 185
Trd, 000267.283, 182
Trd, 000267.883, 184
Trd, 000268.500, 183
Trd, 000268.817, 182
Trd, 000269.267, 185
Trd, 000269.833, 190
Trd, 000270.883, 185
Trd, 000271.083, 185
Trd, 000271.200, 185
Trd, 000271.250, 183
Trd, 000271.650, 186
Trd, 000272.633, 178
Trd, 000273.050, 179
Trd, 000273.450, 178
Trd, 000273.900, 174
Trd, 000274.067, 170
Trd, 000274.417, 171
Trd, 000274.983, 172
Trd, 000275.750, 177
Trd, 000276.033, 174
Trd, 000276.317, 172
Trd, 000276.483, 171
Trd, 000277.300, 170
Trd, 000277.467, 168
Trd, 000277.550, 173
Trd, 000277.983, 175
Trd, 000278.550, 176
Trd, 000278.983, 171
Trd, 000279.617, 172
Trd, 000280.350, 173
Trd, 000281.450, 174
Trd, 000281.833, 176
Trd, 000282.050, 173
Trd, 000282.700, 174
Trd, 000283.250, 177
Trd, 000283.983, 177
Trd, 000284.783, 175
Trd, 000284.967, 190
Trd, 000285.150, 183
Trd, 000285.633, 183
Trd, 000286.150, 184
Trd, 000286.567, 186
Trd, 000286.717, 183
Trd, 000286.917, 181
Trd, 000287.233, 186
Trd, 000288.200, 184
Trd, 000288.367, 185
Trd, 000288.433, 186
Trd, 000288.733, 184
Trd, 000289.133, 184
Trd, 000289.150, 175
Trd, 000290.633, 183
Trd, 000291.250, 181
Trd, 000291.283, 182
Trd, 000291.967, 180
Trd, 000292.267, 178
Trd, 000292.550, 182
Trd, 000293.517, 180
Trd, 000293.600, 181
Trd, 000293.983, 183
Trd, 000294.017, 184
Trd, 000295.000, 179
Trd, 000295.217, 192
Trd, 000295.650, 180
Trd, 000296.783, 184
Trd, 000296.967, 184
Trd, 000297.000, 183
Trd, 000297.317, 183
Trd, 000297.550, 183
Trd, 000298.500, 181
Trd, 000299.033, 187
Trd, 000299.150, 188
Trd, 000299.217, 185
Trd, 000299.450, 179
Trd, 000299.617, 194
Trd, 000299.933, 178
