Trd, 000001.983, 150
Trd, 000002.800, 148
Trd, 000003.317, 172
Trd, 000003.433, 168
Trd, 000003.933, 147
Trd, 000004.517, 147
Trd, 000005.483, 154
Trd, 000005.567, 155
Trd, 000006.150, 149
Trd, 000007.350, 151
Trd, 000007.433, 154
Trd, 000007.967, 151
Trd, 000008.950, 153
Trd, 000008.983, 149
Trd, 000009.317, 148
Trd, 000010.250, 152
Trd, 000010.533, 148
Trd, 000010.950, 149
Trd, 000011.117, 151
Trd, 000012.050, 149
Trd, 000012.317, 149
Trd, 000013.067, 149
Trd, 000013.317, 149
Trd, 000013.800, 147
Trd, 000014.283, 146
Trd, 000014.367, 145
Trd, 000014.817, 147
Trd, 000015.300, 147
Trd, 000015.967, 143
Trd, 000016.250, 143
Trd, 000018.633, 144
Trd, 000019.033, 144
Trd, 000019.183, 144
Trd, 000019.400, 144
Trd, 000019.933, 145
Trd, 000020.767, 144
Trd, 000021.050, 150
Trd, 000021.400, 153
Trd, 000021.700, 151
Trd, 000021.967, 147
Trd, 000023.683, 150
Trd, 000023.783, 147
Trd, 000023.867, 151
Trd, 000024.100, 154
Trd, 000024.433, 162
Trd, 000024.617, 150
Trd, 000024.750, 152
Trd, 000026.317, 151
Trd, 000026.367, 163
Trd, 000026.567, 151
Trd, 000026.850, 156
Trd, 000026.967, 150
Trd, 000029.283, 153
Trd, 000029.450, 153
Trd, 000029.600, 151
Trd, 000031.467, 152
Trd, 000031.633, 154
Trd, 000031.967, 165
Trd, 000032.250, 148
Trd, 000033.267, 152
Trd, 000033.467, 152
Trd, 000033.617, 156
Trd, 000034.200, 156
Trd, 000034.500, 157
Trd, 000035.367, 156
Trd, 000035.600, 156
Trd, 000036.467, 156
Trd, 000037.433, 153
Trd, 000037.550, 138
Trd, 000039.650, 144
Trd, 000041.167, 146
Trd, 000041.533, 146
Trd, 000042.350, 141
Trd, 000043.850, 139
Trd, 000044.050, 143
Trd, 000044.567, 152
Trd, 000045.067, 154
Trd, 000045.167, 151
Trd, 000045.367, 149
Trd, 000046.817, 153
Trd, 000046.917, 151
Trd, 000047.083, 154
Trd, 000048.083, 154
Trd, 000048.233, 154
Trd, 000048.850, 155
Trd, 000048.900, 167
Trd, 000050.533, 155
Trd, 000051.650, 158
Trd, 000052.033, 157
Trd, 000052.100, 158
Trd, 000052.283, 153
Trd, 000052.367, 159
Trd, 000052.567, 149
Trd, 000053.950, 142
Trd, 000054.667, 144
Trd, 000055.983, 153
Trd, 000056.150, 152
Trd, 000056.483, 149
Trd, 000056.850, 153
Trd, 000057.383, 156
Trd, 000059.417, 149
Trd, 000059.517, 150
Trd, 000061.117, 149
Trd, 000061.783, 150
Trd, 000062.683, 151
Trd, 000063.483, 157
Trd, 000063.883, 170
Trd, 000064.133, 154
Trd, 000065.683, 154
Trd, 000065.767, 156
Trd, 000066.233, 154
Trd, 000066.533, 152
Trd, 000066.650, 156
Trd, 000067.017, 151
Trd, 000068.233, 154
Trd, 000068.417, 153
Trd, 000068.967, 154
Trd, 000069.917, 155
Trd, 000070.117, 155
Trd, 000070.917, 156
Trd, 000072.017, 156
Trd, 000072.917, 158
Trd, 000073.433, 162
Trd, 000073.767, 163
Trd, 000074.333, 162
Trd, 000074.850, 162
Trd, 000074.967, 162
Trd, 000075.633, 161
Trd, 000075.767, 169
Trd, 000075.933, 179
Trd, 000078.067, 173
Trd, 000078.200, 172
Trd, 000078.667, 180
Trd, 000079.133, 169
Trd, 000081.467, 171
Trd, 000081.817, 169
Trd, 000082.900, 154
Trd, 000082.967, 165
Trd, 000083.033, 166
Trd, 000083.133, 170
Trd, 000083.700, 156
Trd, 000084.350, 157
Trd, 000084.917, 156
Trd, 000085.150, 156
Trd, 000085.700, 155
Trd, 000085.783, 156
Trd, 000086.433, 156
Trd, 000087.083, 158
Trd, 000087.367, 159
Trd, 000088.117, 162
Trd, 000089.300, 162
Trd, 000089.900, 162
Trd, 000091.600, 157
Trd, 000091.717, 157
Trd, 000092.867, 157
Trd, 000094.233, 156
Trd, 000095.367, 156
Trd, 000095.867, 156
Trd, 000096.483, 157
Trd, 000096.933, 158
Trd, 000097.033, 157
Trd, 000097.200, 155
Trd, 000098.017, 154
Trd, 000099.167, 154
Trd, 000099.400, 157
Trd, 000099.833, 157
Trd, 000100.883, 156
Trd, 000100.950, 154
Trd, 000101.350, 154
Trd, 000102.900, 158
Trd, 000103.483, 155
Trd, 000104.150, 154
Trd, 000104.617, 156
Trd, 000105.183, 156
Trd, 000105.450, 156
Trd, 000105.800, 154
Trd, 000106.000, 153
Trd, 000106.167, 157
Trd, 000106.483, 158
Trd, 000107.183, 158
Trd, 000107.283, 159
Trd, 000109.717, 156
Trd, 000109.867, 155
Trd, 000110.417, 152
Trd, 000111.067, 154
Trd, 000111.183, 155
Trd, 000111.350, 155
Trd, 000112.000, 157
Trd, 000112.500, 156
Trd, 000113.200, 158
Trd, 000114.217, 155
Trd, 000114.733, 158
Trd, 000115.367, 158
Trd, 000116.050, 158
Trd, 000117.600, 159
Trd, 000117.767, 159
Trd, 000118.183, 158
Trd, 000118.700, 157
Trd, 000120.183, 157
Trd, 000120.350, 156
Trd, 000120.950, 157
Trd, 000120.983, 159
Trd, 000122.183, 158
Trd, 000122.250, 159
Trd, 000122.783, 158
Trd, 000123.200, 160
Trd, 000123.483, 158
Trd, 000124.083, 160
Trd, 000124.750, 158
Trd, 000124.783, 161
Trd, 000125.550, 160
Trd, 000126.517, 156
Trd, 000127.600, 157
Trd, 000128.117, 161
Trd, 000129.233, 160
Trd, 000129.567, 160
Trd, 000129.983, 160
Trd, 000130.817, 161
Trd, 000131.283, 162
Trd, 000131.317, 163
Trd, 000131.667, 157
Trd, 000133.750, 161
Trd, 000133.800, 160
Trd, 000134.817, 161
Trd, 000135.050, 158
Trd, 000136.617, 158
Trd, 000136.817, 157
Trd, 000137.300, 159
Trd, 000137.867, 159
Trd, 000138.283, 159
Trd, 000139.617, 160
Trd, 000140.183, 161
Trd, 000141.817, 162
Trd, 000142.650, 162
Trd, 000142.767, 162
Trd, 000144.850, 162
Trd, 000145.000, 162
Trd, 000145.533, 164
Trd, 000145.783, 165
Trd, 000145.967, 163
Trd, 000146.517, 160
Trd, 000146.617, 163
Trd, 000147.317, 164
Trd, 000148.600, 164
Trd, 000149.183, 163
Trd, 000149.983, 163
Trd, 000150.650, 164
Trd, 000151.150, 165
Trd, 000151.233, 166
Trd, 000151.500, 164
Trd, 000151.833, 166
Trd, 000152.833, 167
Trd, 000152.967, 159
Trd, 000153.417, 169
Trd, 000154.167, 160
Trd, 000155.617, 162
Trd, 000155.817, 163
Trd, 000156.433, 163
Trd, 000156.483, 163
Trd, 000156.517, 164
Trd, 000156.850, 162
Trd, 000157.550, 164
Trd, 000158.433, 162
Trd, 000158.750, 163
Trd, 000159.100, 164
Trd, 000160.333, 164
Trd, 000160.933, 162
Trd, 000162.183, 163
Trd, 000163.183, 164
Trd, 000163.500, 166
Trd, 000163.550, 164
Trd, 000163.817, 165
Trd, 000165.200, 165
Trd, 000165.833, 166
Trd, 000165.917, 161
Trd, 000166.567, 167
Trd, 000166.800, 168
Trd, 000168.217, 165
Trd, 000169.117, 162
Trd, 000169.167, 166
Trd, 000169.483, 165
Trd, 000169.850, 164
Trd, 000169.983, 165
Trd, 000170.633, 165
Trd, 000170.750, 168
Trd, 000170.883, 168
Trd, 000172.900, 164
Trd, 000173.000, 165
Trd, 000173.083, 167
Trd, 000173.950, 167
Trd, 000174.467, 168
Trd, 000175.150, 167
Trd, 000175.633, 168
Trd, 000177.283, 167
Trd, 000177.850, 168
Trd, 000178.583, 168
Trd, 000179.000, 168
Trd, 000179.300, 177
Trd, 000179.700, 173
Trd, 000179.917, 173
Trd, 000180.717, 166
Trd, 000180.783, 165
Trd, 000181.317, 165
Trd, 000181.617, 179
Trd, 000183.000, 152
Trd, 000183.600, 167
Trd, 000185.433, 165
Trd, 000185.700, 166
Trd, 000185.967, 166
Trd, 000187.417, 166
Trd, 000187.967, 166
Trd, 000188.283, 167
Trd, 000188.617, 167
Trd, 000190.433, 164
Trd, 000190.550, 163
Trd, 000190.850, 166
Trd, 000191.833, 165
Trd, 000191.883, 163
Trd, 000192.083, 167
Trd, 000192.417, 156
Trd, 000192.567, 167
Trd, 000194.500, 166
Trd, 000194.933, 166
Trd, 000195.417, 166
Trd, 000195.883, 166
Trd, 000195.917, 168
Trd, 000197.450, 164
Trd, 000198.183, 166
Trd, 000198.800, 165
Trd, 000198.867, 166
Trd, 000199.317, 168
Trd, 000200.467, 165
Trd, 000200.533, 167
Trd, 000200.800, 171
Trd, 000200.833, 182
Trd, 000200.883, 166
Trd, 000201.633, 168
Trd, 000202.550, 169
Trd, 000202.700, 169
Trd, 000203.717, 171
Trd, 000204.033, 164
Trd, 000204.483, 171
Trd, 000205.733, 158
Trd, 000206.167, 155
Trd, 000207.400, 161
Trd, 000207.850, 157
Trd, 000208.417, 159
Trd, 000208.683, 158
Trd, 000209.250, 161
Trd, 000209.583, 161
Trd, 000209.850, 162
Trd, 000210.567, 163
Trd, 000210.733, 172
Trd, 000211.217, 168
Trd, 000213.667, 167
Trd, 000214.117, 165
Trd, 000215.683, 162
Trd, 000215.700, 162
Trd, 000215.783, 164
Trd, 000216.283, 165
Trd, 000216.417, 165
Trd, 000216.433, 166
Trd, 000217.167, 166
Trd, 000217.700, 170
Trd, 000218.183, 168
Trd, 000219.183, 168
Trd, 000219.317, 169
Trd, 000219.383, 170
Trd, 000219.633, 168
Trd, 000219.683, 166
Trd, 000221.017, 158
Trd, 000222.400, 170
Trd, 000224.100, 167
Trd, 000224.883, 167
Trd, 000225.133, 167
Trd, 000225.200, 168
Trd, 000225.767, 169
Trd, 000226.200, 169
Trd, 000226.467, 170
Trd, 000226.667, 170
Trd, 000226.917, 168
Trd, 000228.600, 167
Trd, 000228.733, 169
Trd, 000229.367, 172
Trd, 000229.617, 171
Trd, 000230.283, 173
Trd, 000231.067, 173
Trd, 000231.317, 171
Trd, 000232.000, 174
Trd, 000232.933, 170
Trd, 000233.000, 168
Trd, 000234.250, 171
Trd, 000234.750, 169
Trd, 000235.200, 169
Trd, 000236.417, 167
Trd, 000236.700, 169
Trd, 000237.583, 188
Trd, 000238.317, 169
Trd, 000238.800, 173
Trd, 000239.233, 174
Trd, 000239.367, 176
Trd, 000239.450, 173
Trd, 000240.050, 159
Trd, 000240.300, 167
Trd, 000240.983, 165
Trd, 000241.900, 164
Trd, 000242.117, 165
Trd, 000242.383, 164
Trd, 000242.467, 166
Trd, 000242.917, 166
Trd, 000243.283, 166
Trd, 000244.067, 191
Trd, 000244.550, 192
Trd, 000244.900, 181
Trd, 000244.967, 180
Trd, 000245.217, 179
Trd, 000246.450, 185
Trd, 000246.917, 186
Trd, 000247.933, 186
Trd, 000248.083, 188
Trd, 000249.017, 183
Trd, 000249.633, 181
Trd, 000250.133, 180
Trd, 000250.283, 169
Trd, 000250.700, 180
Trd, 000250.717, 181
Trd, 000251.183, 184
Trd, 000251.700, 184
Trd, 000251.883, 180
Trd, 000252.783, 178
Trd, 000252.967, 183
Trd, 000254.417, 178
Trd, 000254.750, 180
Trd, 000255.450, 180
Trd, 000255.650, 180
Trd, 000256.017, 180
Trd, 000256.250, 179
Trd, 000256.767, 181
Trd, 000257.117, 177
Trd, 000257.550, 177
Trd, 000257.650, 178
Trd, 000257.817, 172
Trd, 000258.383, 172
Trd, 000260.167, 178
Trd, 000260.283, 177
Trd, 000261.517, 173
Trd, 000261.967, 174
Trd, 000263.367, 172
Trd, 000263.483, 172
Trd, 000263.800, 172
Trd, 000264.467, 173
Trd, 000264.633, 174
Trd, 000264.717, 175
Trd, 000264.817, 178
Trd, 000265.183, 191
Trd, 000266.050, 178
Trd, 000266.317, 181
Trd, 000266.650, 176
Trd, 000267.150, 193
Trd, 000267.367, 184
Trd, 000268.750, 187
Trd, 000268.917, 192
Trd, 000269.333, 183
Trd, 000269.967, 184
Trd, 000270.250, 190
Trd, 000270.683, 188
Trd, 000272.000, 185
Trd, 000272.667, 187
Trd, 000273.200, 185
Trd, 000273.417, 186
Trd, 000273.733, 185
Trd, 000274.633, 178
Trd, 000275.017, 172
Trd, 000275.417, 190
Trd, 000276.100, 176
Trd, 000276.450, 178
Trd, 000276.550, 181
Trd, 000276.583, 195
Trd, 000276.683, 177
Trd, 000277.067, 179
Trd, 000278.167, 187
Trd, 000278.633, 187
Trd, 000278.700, 189
Trd, 000279.633, 187
Trd, 000279.950, 190
Trd, 000280.817, 190
Trd, 000281.250, 186
Trd, 000281.350, 190
Trd, 000281.433, 186
Trd, 000282.350, 189
Trd, 000282.667, 187
Trd, 000282.733, 186
Trd, 000282.800, 185
Trd, 000283.900, 183
Trd, 000284.600, 187
Trd, 000284.683, 180
Trd, 000284.933, 187
Trd, 000287.150, 187
Trd, 000287.283, 186
Trd, 000287.433, 185
Trd, 000287.683, 185
Trd, 000287.867, 185
Trd, 000287.983, 186
Trd, 000288.450, 184
Trd, 000288.500, 183
Trd, 000289.633, 181
Trd, 000289.667, 175
Trd, 000289.683, 184
Trd, 000290.550, 185
Trd, 000290.617, 193
Trd, 000291.650, 190
Trd, 000292.283, 189
Trd, 000292.617, 189
Trd, 000293.833, 186
Trd, 000293.950, 187
Trd, 000295.083, 187
Trd, 000295.283, 185
Trd, 000295.817, 187
Trd, 000295.883, 184
Trd, 000296.150, 187
Trd, 000297.650, 188
Trd, 000298.200, 187
Trd, 000298.567, 190
Trd, 000298.817, 186
