Trd, 000001.517, 144
Trd, 000002.517, 141
Trd, 000003.783, 142
Trd, 000004.267, 141
Trd, 000004.717, 144
Trd, 000005.483, 147
Trd, 000005.783, 146
Trd, 000005.817, 145
Trd, 000006.617, 144
Trd, 000006.683, 142
Trd, 000006.750, 137
Trd, 000007.033, 148
Trd, 000007.183, 135
Trd, 000008.817, 145
Trd, 000008.933, 147
Trd, 000009.683, 146
Trd, 000010.167, 147
Trd, 000010.183, 146
Trd, 000011.567, 146
Trd, 000012.000, 145
Trd, 000013.367, 146
Trd, 000013.983, 147
Trd, 000014.033, 144
Trd, 000014.983, 147
Trd, 000015.117, 149
Trd, 000015.250, 145
Trd, 000015.367, 145
Trd, 000016.500, 146
Trd, 000016.917, 150
Trd, 000017.650, 151
Trd, 000017.867, 152
Trd, 000018.717, 164
Trd, 000019.100, 156
Trd, 000020.050, 156
Trd, 000020.083, 154
Trd, 000020.733, 155
Trd, 000021.067, 152
Trd, 000022.050, 154
Trd, 000022.367, 152
Trd, 000022.400, 150
Trd, 000023.067, 144
Trd, 000023.633, 143
Trd, 000024.900, 154
Trd, 000024.967, 152
Trd, 000025.917, 151
Trd, 000026.167, 150
Trd, 000026.283, 150
Trd, 000026.933, 151
Trd, 000026.950, 151
Trd, 000027.150, 153
Trd, 000027.750, 150
Trd, 000029.083, 153
Trd, 000029.400, 155
Trd, 000030.267, 153
Trd, 000030.433, 152
Trd, 000030.833, 151
Trd, 000031.100, 153
Trd, 000031.600, 153
Trd, 000032.150, 153
Trd, 000032.800, 154
Trd, 000034.017, 152
Trd, 000034.400, 154
Trd, 000034.600, 155
Trd, 000035.583, 152
Trd, 000035.983, 155
Trd, 000036.117, 152
Trd, 000036.950, 154
Trd, 000037.250, 156
Trd, 000037.417, 155
Trd, 000038.667, 153
Trd, 000039.150, 154
Trd, 000039.367, 152
Trd, 000040.000, 152
Trd, 000040.383, 154
Trd, 000040.900, 146
Trd, 000041.600, 145
Trd, 000042.150, 141
Trd, 000042.483, 150
Trd, 000042.800, 147
Trd, 000043.500, 142
Trd, 000043.950, 148
Trd, 000044.150, 146
Trd, 000044.850, 146
Trd, 000045.017, 147
Trd, 000045.200, 146
Trd, 000045.383, 148
Trd, 000045.667, 153
Trd, 000046.850, 165
Trd, 000046.917, 152
Trd, 000047.400, 154
Trd, 000048.083, 153
Trd, 000048.800, 154
Trd, 000049.500, 155
Trd, 000050.167, 153
Trd, 000050.217, 154
Trd, 000050.583, 153
Trd, 000051.100, 153
Trd, 000051.983, 153
Trd, 000052.083, 152
Trd, 000052.550, 153
Trd, 000052.733, 153
Trd, 000052.933, 152
Trd, 000054.017, 154
Trd, 000054.417, 152
Trd, 000055.167, 155
Trd, 000055.500, 157
Trd, 000057.467, 159
Trd, 000057.800, 156
Trd, 000058.850, 158
Trd, 000059.100, 158
Trd, 000059.400, 159
Trd, 000059.617, 156
Trd, 000060.483, 157
Trd, 000061.083, 159
Trd, 000061.450, 156
Trd, 000062.917, 159
Trd, 000063.233, 161
Trd, 000063.350, 160
Trd, 000063.400, 157
Trd, 000063.667, 159
Trd, 000064.050, 158
Trd, 000065.767, 158
Trd, 000066.250, 156
Trd, 000066.350, 157
Trd, 000066.483, 157
Trd, 000066.733, 157
Trd, 000067.317, 154
Trd, 000068.067, 149
Trd, 000068.100, 151
Trd, 000068.583, 152
Trd, 000068.650, 155
Trd, 000069.033, 156
Trd, 000070.333, 155
Trd, 000070.417, 156
Trd, 000072.000, 160
Trd, 000072.100, 158
Trd, 000072.900, 157
Trd, 000073.667, 158
Trd, 000073.750, 157
Trd, 000074.067, 158
Trd, 000074.133, 157
Trd, 000074.200, 156
Trd, 000075.583, 157
Trd, 000077.967, 158
Trd, 000078.017, 159
Trd, 000079.400, 159
Trd, 000079.667, 158
Trd, 000080.033, 160
Trd, 000080.150, 160
Trd, 000080.283, 160
Trd, 000080.400, 158
Trd, 000081.783, 160
Trd, 000081.833, 158
Trd, 000083.200, 159
Trd, 000083.767, 159
Trd, 000084.050, 157
Trd, 000084.117, 160
Trd, 000084.833, 169
Trd, 000085.150, 158
Trd, 000085.300, 158
Trd, 000085.967, 161
Trd, 000086.817, 161
Trd, 000087.617, 161
Trd, 000088.850, 161
Trd, 000088.950, 160
Trd, 000089.067, 159
Trd, 000089.083, 159
Trd, 000089.783, 158
Trd, 000090.700, 158
Trd, 000091.317, 160
Trd, 000091.450, 158
Trd, 000092.500, 158
Trd, 000092.900, 158
Trd, 000093.017, 157
Trd, 000094.600, 157
Trd, 000094.933, 158
Trd, 000095.550, 160
Trd, 000096.417, 160
Trd, 000096.550, 160
Trd, 000096.617, 160
Trd, 000096.850, 171
Trd, 000098.317, 167
Trd, 000098.733, 166
Trd, 000099.733, 166
Trd, 000100.200, 160
Trd, 000100.867, 166
Trd, 000101.050, 165
Trd, 000101.417, 164
Trd, 000101.450, 162
Trd, 000101.983, 160
Trd, 000102.533, 165
Trd, 000103.100, 163
Trd, 000103.117, 161
Trd, 000103.517, 161
Trd, 000104.333, 162
Trd, 000105.450, 162
Trd, 000105.800, 161
Trd, 000106.617, 160
Trd, 000106.733, 162
Trd, 000107.083, 160
Trd, 000107.250, 159
Trd, 000108.200, 160
Trd, 000108.500, 161
Trd, 000108.650, 159
Trd, 000109.383, 158
Trd, 000109.433, 152
Trd, 000109.783, 161
Trd, 000110.267, 173
Trd, 000111.450, 157
Trd, 000112.317, 159
Trd, 000112.833, 164
Trd, 000113.900, 164
Trd, 000114.433, 165
Trd, 000114.450, 164
Trd, 000114.550, 163
Trd, 000114.567, 159
Trd, 000114.983, 162
Trd, 000115.383, 156
Trd, 000116.367, 160
Trd, 000116.517, 159
Trd, 000117.733, 162
Trd, 000117.917, 161
Trd, 000118.183, 160
Trd, 000119.200, 160
Trd, 000120.300, 161
Trd, 000120.467, 164
Trd, 000120.850, 159
Trd, 000121.017, 158
Trd, 000121.667, 163
Trd, 000122.317, 162
Trd, 000122.550, 160
Trd, 000123.467, 160
Trd, 000123.800, 159
Trd, 000124.700, 158
Trd, 000124.733, 159
Trd, 000125.400, 160
Trd, 000126.033, 161
Trd, 000126.650, 159
Trd, 000126.933, 161
Trd, 000126.983, 161
Trd, 000127.400, 162
Trd, 000128.567, 163
Trd, 000128.600, 161
Trd, 000128.983, 164
Trd, 000129.550, 160
Trd, 000129.617, 160
Trd, 000130.917, 168
Trd, 000131.083, 169
Trd, 000131.800, 169
Trd, 000132.050, 169
Trd, 000132.433, 169
Trd, 000132.633, 167
Trd, 000133.200, 165
Trd, 000134.017, 169
Trd, 000134.100, 167
Trd, 000135.100, 167
Trd, 000136.517, 170
Trd, 000136.817, 167
Trd, 000137.450, 168
Trd, 000137.717, 168
Trd, 000138.617, 168
Trd, 000139.000, 170
Trd, 000140.333, 170
Trd, 000140.833, 169
Trd, 000141.517, 169
Trd, 000141.650, 168
Trd, 000142.100, 170
Trd, 000142.900, 167
Trd, 000143.567, 169
Trd, 000143.917, 170
Trd, 000144.117, 169
Trd, 000144.167, 165
Trd, 000145.900, 167
Trd, 000146.117, 155
Trd, 000146.750, 159
Trd, 000146.817, 163
Trd, 000146.883, 151
Trd, 000148.083, 163
Trd, 000149.433, 161
Trd, 000149.833, 163
Trd, 000150.600, 164
Trd, 000151.017, 166
Trd, 000151.467, 166
Trd, 000151.733, 167
Trd, 000151.817, 174
Trd, 000152.933, 167
Trd, 000153.283, 168
Trd, 000153.750, 167
Trd, 000153.900, 166
Trd, 000154.683, 165
Trd, 000155.350, 165
Trd, 000156.183, 167
Trd, 000156.450, 167
Trd, 000156.750, 165
Trd, 000157.267, 163
Trd, 000158.317, 165
Trd, 000158.733, 165
Trd, 000159.050, 164
Trd, 000159.217, 165
Trd, 000159.600, 163
Trd, 000160.267, 166
Trd, 000160.733, 167
Trd, 000161.000, 168
Trd, 000162.250, 168
Trd, 000162.400, 166
Trd, 000162.500, 164
Trd, 000163.383, 167
Trd, 000163.450, 166
Trd, 000165.050, 159
Trd, 000165.333, 163
Trd, 000165.483, 161
Trd, 000165.517, 166
Trd, 000165.867, 166
Trd, 000166.700, 164
Trd, 000168.217, 165
Trd, 000169.233, 166
Trd, 000169.250, 165
Trd, 000169.433, 165
Trd, 000169.550, 153
Trd, 000171.017, 163
Trd, 000171.183, 163
Trd, 000171.533, 165
Trd, 000172.017, 165
Trd, 000172.333, 167
Trd, 000172.483, 179
Trd, 000172.750, 162
Trd, 000173.567, 168
Trd, 000174.583, 172
Trd, 000175.000, 170
Trd, 000175.350, 171
Trd, 000175.450, 170
Trd, 000175.950, 165
Trd, 000176.333, 169
Trd, 000176.350, 158
Trd, 000176.533, 154
Trd, 000176.767, 152
Trd, 000176.800, 155
Trd, 000177.267, 163
Trd, 000178.217, 167
Trd, 000178.433, 167
Trd, 000179.450, 167
Trd, 000180.100, 166
Trd, 000180.917, 168
Trd, 000182.367, 169
Trd, 000182.550, 169
Trd, 000182.600, 164
Trd, 000182.733, 164
Trd, 000183.133, 166
Trd, 000183.783, 162
Trd, 000183.850, 166
Trd, 000184.633, 162
Trd, 000185.500, 180
Trd, 000186.000, 173
Trd, 000186.067, 204
Trd, 000187.417, 178
Trd, 000187.983, 176
Trd, 000188.300, 176
Trd, 000188.667, 177
Trd, 000189.900, 177
Trd, 000190.967, 178
Trd, 000191.033, 177
Trd, 000191.250, 176
Trd, 000191.933, 177
Trd, 000192.983, 179
Trd, 000193.367, 177
Trd, 000195.217, 177
Trd, 000195.367, 179
Trd, 000195.533, 177
Trd, 000195.867, 181
Trd, 000196.050, 177
Trd, 000196.583, 178
Trd, 000197.067, 179
Trd, 000197.100, 176
Trd, 000197.283, 167
Trd, 000198.250, 176
Trd, 000199.033, 174
Trd, 000199.483, 173
Trd, 000199.533, 161
Trd, 000200.000, 161
Trd, 000200.100, 177
Trd, 000200.883, 173
Trd, 000201.250, 168
Trd, 000201.783, 173
Trd, 000202.333, 175
Trd, 000203.000, 175
Trd, 000205.067, 178
Trd, 000205.167, 177
Trd, 000205.383, 175
Trd, 000205.533, 180
Trd, 000206.033, 176
Trd, 000206.050, 176
Trd, 000206.267, 175
Trd, 000208.333, 177
Trd, 000208.867, 178
Trd, 000209.100, 179
Trd, 000209.633, 179
Trd, 000209.850, 179
Trd, 000209.917, 183
Trd, 000209.983, 178
Trd, 000211.267, 177
Trd, 000211.417, 176
Trd, 000211.550, 175
Trd, 000213.700, 178
Trd, 000213.850, 178
Trd, 000214.467, 175
Trd, 000215.383, 176
Trd, 000215.983, 176
Trd, 000216.033, 175
Trd, 000216.583, 175
Trd, 000216.733, 174
Trd, 000216.783, 180
Trd, 000217.200, 174
Trd, 000217.317, 169
Trd, 000217.917, 178
Trd, 000219.083, 179
Trd, 000219.550, 175
Trd, 000220.417, 173
Trd, 000220.850, 165
Trd, 000223.017, 172
Trd, 000223.083, 170
Trd, 000223.333, 169
Trd, 000223.783, 171
Trd, 000223.967, 172
Trd, 000224.583, 170
Trd, 000225.017, 171
Trd, 000225.350, 172
Trd, 000226.400, 175
Trd, 000226.467, 174
Trd, 000226.833, 174
Trd, 000227.700, 184
Trd, 000228.383, 173
Trd, 000228.683, 171
Trd, 000229.133, 173
Trd, 000230.500, 174
Trd, 000230.817, 178
Trd, 000231.833, 177
Trd, 000232.167, 177
Trd, 000232.183, 174
Trd, 000232.917, 174
Trd, 000233.067, 175
Trd, 000233.083, 173
Trd, 000234.400, 173
Trd, 000235.383, 173
Trd, 000235.600, 172
Trd, 000235.900, 172
Trd, 000236.117, 171
Trd, 000236.383, 172
Trd, 000236.800, 175
Trd, 000236.900, 174
Trd, 000238.200, 175
Trd, 000238.300, 173
Trd, 000238.767, 174
Trd, 000240.200, 174
Trd, 000240.250, 174
Trd, 000240.650, 173
Trd, 000240.783, 174
Trd, 000240.867, 173
Trd, 000241.100, 174
Trd, 000241.350, 173
Trd, 000241.500, 172
Trd, 000241.733, 172
Trd, 000242.117, 170
Trd, 000242.383, 170
Trd, 000242.583, 169
Trd, 000242.700, 161
Trd, 000243.150, 171
Trd, 000243.617, 141
Trd, 000244.033, 165
Trd, 000245.250, 164
Trd, 000245.483, 167
Trd, 000245.933, 171
Trd, 000246.100, 172
Trd, 000246.817, 170
Trd, 000247.000, 169
Trd, 000247.917, 176
Trd, 000248.183, 175
Trd, 000248.733, 177
Trd, 000248.750, 176
Trd, 000249.450, 175
Trd, 000249.617, 175
Trd, 000249.883, 173
Trd, 000250.017, 177
Trd, 000250.300, 174
Trd, 000251.067, 176
Trd, 000251.350, 178
Trd, 000251.467, 179
Trd, 000251.667, 173
Trd, 000251.700, 166
Trd, 000251.983, 178
Trd, 000253.267, 170
Trd, 000253.300, 166
Trd, 000254.667, 175
Trd, 000255.100, 175
Trd, 000255.383, 174
Trd, 000255.567, 173
Trd, 000256.317, 174
Trd, 000256.650, 174
Trd, 000256.867, 175
Trd, 000257.217, 174
Trd, 000257.417, 172
Trd, 000257.650, 174
Trd, 000258.717, 172
Trd, 000258.783, 171
Trd, 000259.333, 184
Trd, 000259.600, 180
Trd, 000260.150, 181
Trd, 000260.283, 185
Trd, 000260.750, 183
Trd, 000260.800, 182
Trd, 000261.067, 181
Trd, 000261.200, 180
Trd, 000261.350, 180
Trd, 000261.900, 181
Trd, 000262.817, 183
Trd, 000262.917, 184
Trd, 000262.983, 176
Trd, 000263.383, 188
Trd, 000263.550, 180
Trd, 000264.267, 177
Trd, 000264.417, 174
Trd, 000265.600, 183
Trd, 000265.783, 183
Trd, 000265.900, 179
Trd, 000266.817, 180
Trd, 000266.900, 176
Trd, 000267.083, 168
Trd, 000267.233, 164
Trd, 000267.783, 177
Trd, 000268.233, 176
Trd, 000268.350, 176
Trd, 000268.667, 177
Trd, 000268.883, 179
Trd, 000269.450, 177
Trd, 000270.200, 178
Trd, 000270.667, 176
Trd, 000271.000, 175
Trd, 000271.267, 175
Trd, 000271.667, 174
Trd, 000272.500, 176
Trd, 000272.850, 175
Trd, 000273.317, 175
Trd, 000273.417, 174
Trd, 000274.500, 178
Trd, 000274.633, 175
Trd, 000275.067, 175
Trd, 000275.333, 175
Trd, 000276.200, 175
Trd, 000277.167, 175
Trd, 000277.517, 175
Trd, 000277.817, 175
Trd, 000277.833, 173
Trd, 000277.983, 177
Trd, 000278.317, 177
Trd, 000278.617, 176
Trd, 000278.683, 177
Trd, 000278.850, 175
Trd, 000279.350, 173
Trd, 000279.867, 172
Trd, 000281.083, 170
Trd, 000281.283, 168
Trd, 000281.450, 171
Trd, 000281.517, 162
Trd, 000282.533, 168
Trd, 000282.800, 169
Trd, 000282.833, 172
Trd, 000283.400, 169
Trd, 000283.483, 171
Trd, 000284.150, 172
Trd, 000284.250, 173
Trd, 000284.467, 172
Trd, 000284.833, 175
Trd, 000284.883, 176
Trd, 000285.567, 172
Trd, 000286.583, 171
Trd, 000287.033, 172
Trd, 000287.083, 172
Trd, 000287.400, 172
Trd, 000287.467, 171
Trd, 000287.483, 169
Trd, 000287.550, 165
Trd, 000287.783, 162
Trd, 000288.067, 173
Trd, 000288.433, 149
Trd, 000289.000, 170
Trd, 000289.017, 175
Trd, 000289.367, 174
Trd, 000290.050, 175
Trd, 000291.783, 173
Trd, 000292.250, 171
Trd, 000292.733, 171
Trd, 000293.050, 172
Trd, 000293.067, 174
Trd, 000293.383, 172
Trd, 000294.233, 173
Trd, 000294.450, 174
Trd, 000294.567, 177
Trd, 000294.900, 174
Trd, 000295.333, 175
Trd, 000295.550, 174
Trd, 000296.167, 176
Trd, 000296.317, 177
Trd, 000296.917, 178
Trd, 000297.133, 174
Trd, 000297.467, 187
Trd, 000297.717, 177
Trd, 000298.250, 176
Trd, 000298.283, 176
Trd, 000299.383, 177
Trd, 000299.950, 178
