Trd, 000001.967, 140
Trd, 000003.817, 146
Trd, 000004.867, 148
Trd, 000005.033, 149
Trd, 000005.517, 149
Trd, 000005.617, 146
Trd, 000005.783, 155
Trd, 000005.967, 141
Trd, 000006.283, 164
Trd, 000006.967, 172
Trd, 000008.383, 150
Trd, 000008.733, 150
Trd, 000009.317, 152
Trd, 000009.867, 152
Trd, 000010.167, 150
Trd, 000010.483, 153
Trd, 000010.633, 149
Trd, 000011.200, 155
Trd, 000011.283, 149
Trd, 000011.850, 158
Trd, 000013.417, 154
Trd, 000013.767, 156
Trd, 000014.317, 154
Trd, 000014.817, 155
Trd, 000015.333, 155
Trd, 000015.767, 153
Trd, 000017.367, 154
Trd, 000017.583, 158
Trd, 000018.233, 154
Trd, 000018.483, 159
Trd, 000019.183, 156
Trd, 000019.867, 155
Trd, 000019.950, 153
Trd, 000019.983, 153
Trd, 000020.267, 150
Trd, 000023.133, 154
Trd, 000023.317, 156
Trd, 000023.533, 155
Trd, 000023.767, 157
Trd, 000023.967, 158
Trd, 000025.183, 156
Trd, 000025.500, 157
Trd, 000026.067, 153
Trd, 000026.383, 155
Trd, 000026.450, 157
Trd, 000026.500, 158
Trd, 000026.917, 159
Trd, 000027.483, 178
Trd, 000028.867, 165
Trd, 000028.967, 165
Trd, 000029.467, 164
Trd, 000030.283, 164
Trd, 000030.833, 165
Trd, 000030.867, 164
Trd, 000031.550, 158
Trd, 000031.633, 175
Trd, 000033.083, 162
Trd, 000033.333, 166
Trd, 000033.850, 177
Trd, 000033.967, 163
Trd, 000034.733, 167
Trd, 000035.333, 167
Trd, 000035.783, 164
Trd, 000035.933, 163
Trd, 000036.583, 163
Trd, 000036.783, 163
Trd, 000038.050, 168
Trd, 000038.467, 162
Trd, 000039.617, 167
Trd, 000040.483, 168
Trd, 000040.717, 168
Trd, 000040.817, 165
Trd, 000041.150, 163
Trd, 000041.300, 176
Trd, 000041.733, 172
Trd, 000042.450, 156
Trd, 000043.217, 169
Trd, 000043.333, 161
Trd, 000043.583, 161
Trd, 000045.400, 160
Trd, 000045.417, 159
Trd, 000046.350, 161
Trd, 000047.050, 162
Trd, 000047.367, 160
Trd, 000047.567, 159
Trd, 000047.783, 165
Trd, 000048.450, 164
Trd, 000048.667, 176
Trd, 000048.783, 164
Trd, 000050.317, 168
Trd, 000050.733, 168
Trd, 000051.583, 163
Trd, 000051.917, 162
Trd, 000052.400, 168
Trd, 000052.650, 164
Trd, 000052.700, 160
Trd, 000054.200, 153
Trd, 000054.867, 153
Trd, 000055.217, 152
Trd, 000056.033, 154
Trd, 000056.133, 146
Trd, 000056.483, 142
Trd, 000056.800, 155
Trd, 000057.000, 156
Trd, 000057.317, 158
Trd, 000057.767, 146
Trd, 000058.083, 146
Trd, 000058.217, 147
Trd, 000059.283, 152
Trd, 000059.733, 154
Trd, 000060.500, 153
Trd, 000060.583, 153
Trd, 000061.450, 155
Trd, 000062.450, 164
Trd, 000062.467, 157
Trd, 000062.517, 155
Trd, 000063.650, 157
Trd, 000064.667, 157
Trd, 000064.950, 157
Trd, 000066.400, 158
Trd, 000067.117, 159
Trd, 000068.017, 157
Trd, 000068.050, 158
Trd, 000068.067, 159
Trd, 000068.533, 159
Trd, 000068.550, 162
Trd, 000069.033, 161
Trd, 000069.400, 162
Trd, 000070.767, 165
Trd, 000071.800, 167
Trd, 000072.067, 166
Trd, 000072.500, 162
Trd, 000072.767, 164
Trd, 000073.017, 164
Trd, 000073.617, 164
Trd, 000073.817, 166
Trd, 000073.983, 167
Trd, 000074.433, 167
Trd, 000075.083, 167
Trd, 000075.133, 179
Trd, 000075.650, 165
Trd, 000076.133, 164
Trd, 000076.683, 171
Trd, 000078.767, 181
Trd, 000078.883, 180
Trd, 000079.567, 182
Trd, 000079.750, 180
Trd, 000079.883, 170
Trd, 000080.467, 168
Trd, 000081.267, 166
Trd, 000081.617, 167
Trd, 000081.667, 163
Trd, 000082.667, 177
Trd, 000084.700, 177
Trd, 000085.050, 176
Trd, 000085.067, 170
Trd, 000085.233, 171
Trd, 000085.667, 155
Trd, 000085.917, 177
Trd, 000087.700, 168
Trd, 000087.983, 166
Trd, 000089.100, 165
Trd, 000089.400, 164
Trd, 000089.850, 164
Trd, 000090.183, 150
Trd, 000090.867, 163
Trd, 000091.417, 155
Trd, 000091.517, 162
Trd, 000092.183, 156
Trd, 000092.633, 162
Trd, 000093.533, 158
Trd, 000093.700, 163
Trd, 000094.200, 163
Trd, 000094.433, 156
Trd, 000095.100, 162
Trd, 000096.233, 163
Trd, 000096.667, 162
Trd, 000096.750, 161
Trd, 000098.500, 155
Trd, 000098.967, 160
Trd, 000100.783, 159
Trd, 000101.017, 159
Trd, 000101.033, 158
Trd, 000102.017, 159
Trd, 000102.733, 165
Trd, 000102.883, 179
Trd, 000103.083, 164
Trd, 000103.367, 164
Trd, 000103.733, 163
Trd, 000103.767, 182
Trd, 000104.617, 182
Trd, 000106.183, 170
Trd, 000106.233, 166
Trd, 000106.300, 173
Trd, 000106.383, 163
Trd, 000106.483, 173
Trd, 000107.217, 182
Trd, 000107.250, 157
Trd, 000108.917, 152
Trd, 000109.450, 156
Trd, 000109.933, 155
Trd, 000109.967, 164
Trd, 000110.000, 167
Trd, 000111.883, 164
Trd, 000111.933, 162
Trd, 000112.067, 161
Trd, 000112.700, 164
Trd, 000112.733, 165
Trd, 000113.267, 163
Trd, 000113.367, 166
Trd, 000113.383, 166
Trd, 000114.667, 166
Trd, 000114.683, 165
Trd, 000114.967, 164
Trd, 000116.600, 165
Trd, 000117.033, 165
Trd, 000117.500, 166
Trd, 000118.750, 164
Trd, 000119.100, 162
Trd, 000119.383, 163
Trd, 000119.550, 167
Trd, 000119.700, 159
Trd, 000119.983, 168
Trd, 000120.850, 182
Trd, 000121.300, 170
Trd, 000122.483, 173
Trd, 000122.567, 172
Trd, 000123.383, 182
Trd, 000124.700, 174
Trd, 000124.917, 167
Trd, 000125.283, 157
Trd, 000126.700, 170
Trd, 000127.500, 172
Trd, 000127.583, 184
Trd, 000128.383, 189
Trd, 000128.600, 185
Trd, 000128.967, 183
Trd, 000129.267, 181
Trd, 000130.033, 180
Trd, 000130.583, 180
Trd, 000132.767, 176
Trd, 000132.917, 177
Trd, 000133.283, 176
Trd, 000133.533, 178
Trd, 000133.800, 179
Trd, 000134.033, 185
Trd, 000134.050, 172
Trd, 000134.533, 181
Trd, 000134.617, 177
Trd, 000135.367, 146
Trd, 000135.400, 178
Trd, 000135.667, 178
Trd, 000135.700, 137
Trd, 000136.583, 180
Trd, 000138.050, 171
Trd, 000138.067, 159
Trd, 000138.383, 177
Trd, 000138.617, 157
Trd, 000138.717, 179
Trd, 000140.200, 168
Trd, 000140.650, 166
Trd, 000140.667, 168
Trd, 000140.850, 164
Trd, 000141.583, 157
Trd, 000143.817, 168
Trd, 000144.867, 163
Trd, 000145.633, 168
Trd, 000146.033, 169
Trd, 000146.133, 168
Trd, 000146.433, 169
Trd, 000146.650, 170
Trd, 000146.783, 168
Trd, 000147.400, 169
Trd, 000147.550, 171
Trd, 000148.617, 172
Trd, 000149.150, 172
Trd, 000149.333, 171
Trd, 000149.433, 173
Trd, 000149.717, 163
Trd, 000150.517, 172
Trd, 000150.550, 162
Trd, 000151.750, 168
Trd, 000151.767, 167
Trd, 000152.000, 167
Trd, 000152.917, 167
Trd, 000153.367, 169
Trd, 000153.450, 170
Trd, 000154.917, 169
Trd, 000156.117, 167
Trd, 000156.900, 167
Trd, 000156.933, 168
Trd, 000156.967, 167
Trd, 000157.050, 169
Trd, 000157.500, 149
Trd, 000157.950, 188
Trd, 000158.150, 175
Trd, 000158.250, 158
Trd, 000158.550, 181
Trd, 000159.117, 180
Trd, 000160.400, 175
Trd, 000161.733, 177
Trd, 000162.283, 177
Trd, 000162.750, 188
Trd, 000163.100, 175
Trd, 000163.967, 173
Trd, 000165.033, 174
Trd, 000165.250, 176
Trd, 000165.267, 173
Trd, 000166.117, 174
Trd, 000166.367, 173
Trd, 000166.500, 175
Trd, 000167.300, 164
Trd, 000167.350, 175
Trd, 000167.650, 175
Trd, 000169.083, 172
Trd, 000169.383, 171
Trd, 000169.500, 188
Trd, 000170.200, 169
Trd, 000170.350, 176
Trd, 000170.917, 176
Trd, 000171.283, 178
Trd, 000173.133, 175
Trd, 000173.267, 171
Trd, 000173.467, 189
Trd, 000175.100, 178
Trd, 000175.533, 177
Trd, 000175.817, 178
Trd, 000175.850, 175
Trd, 000176.317, 175
Trd, 000176.750, 176
Trd, 000176.767, 174
Trd, 000177.450, 176
Trd, 000178.500, 177
Trd, 000178.517, 178
Trd, 000179.050, 179
Trd, 000179.550, 177
Trd, 000180.083, 176
Trd, 000180.200, 177
Trd, 000180.400, 177
Trd, 000181.267, 189
Trd, 000181.700, 182
Trd, 000182.083, 190
Trd, 000182.583, 185
Trd, 000183.233, 189
Trd, 000183.283, 190
Trd, 000183.517, 182
Trd, 000184.017, 178
Trd, 000185.000, 190
Trd, 000185.350, 173
Trd, 000186.383, 190
Trd, 000188.067, 182
Trd, 000189.233, 180
Trd, 000189.550, 182
Trd, 000189.883, 180
Trd, 000190.417, 182
Trd, 000190.967, 182
Trd, 000191.533, 180
Trd, 000192.117, 183
Trd, 000192.667, 179
Trd, 000192.767, 175
Trd, 000192.833, 183
Trd, 000195.283, 182
Trd, 000195.350, 183
Trd, 000195.783, 175
Trd, 000198.350, 181
Trd, 000199.300, 180
Trd, 000199.517, 183
Trd, 000200.183, 179
Trd, 000200.617, 184
Trd, 000200.700, 192
Trd, 000201.117, 175
Trd, 000201.283, 195
Trd, 000202.550, 176
Trd, 000203.017, 175
Trd, 000203.150, 175
Trd, 000203.633, 179
Trd, 000203.650, 167
Trd, 000204.050, 162
Trd, 000204.433, 178
Trd, 000204.617, 177
Trd, 000204.867, 177
Trd, 000205.817, 169
Trd, 000206.500, 169
Trd, 000206.950, 174
Trd, 000207.300, 176
Trd, 000207.800, 167
Trd, 000208.550, 168
Trd, 000208.583, 166
Trd, 000209.300, 175
Trd, 000211.217, 172
Trd, 000211.400, 172
Trd, 000211.700, 168
Trd, 000211.850, 172
Trd, 000211.933, 167
Trd, 000212.683, 163
Trd, 000213.133, 171
Trd, 000213.250, 171
Trd, 000213.450, 176
Trd, 000214.500, 167
Trd, 000214.933, 164
Trd, 000216.917, 172
Trd, 000217.033, 172
Trd, 000217.117, 171
Trd, 000217.200, 176
Trd, 000217.683, 169
Trd, 000217.800, 168
Trd, 000218.100, 173
Trd, 000219.500, 165
Trd, 000220.850, 165
Trd, 000220.983, 169
Trd, 000221.617, 169
Trd, 000222.783, 168
Trd, 000223.217, 167
Trd, 000223.250, 169
Trd, 000223.567, 166
Trd, 000223.933, 165
Trd, 000223.950, 163
Trd, 000224.117, 170
Trd, 000224.583, 154
Trd, 000225.367, 177
Trd, 000226.250, 173
Trd, 000226.867, 193
Trd, 000227.100, 179
Trd, 000227.767, 181
Trd, 000228.000, 182
Trd, 000228.900, 181
Trd, 000229.467, 180
Trd, 000229.667, 182
Trd, 000229.750, 183
Trd, 000230.350, 188
Trd, 000230.883, 183
Trd, 000230.967, 189
Trd, 000231.233, 183
Trd, 000231.750, 182
Trd, 000231.917, 180
Trd, 000232.217, 181
Trd, 000233.200, 187
Trd, 000233.550, 168
Trd, 000234.433, 172
Trd, 000235.350, 178
Trd, 000235.550, 178
Trd, 000235.867, 176
Trd, 000236.483, 178
Trd, 000236.950, 180
Trd, 000237.017, 183
Trd, 000237.450, 196
Trd, 000238.383, 197
Trd, 000238.700, 198
Trd, 000239.567, 183
Trd, 000239.767, 184
Trd, 000240.550, 183
Trd, 000241.483, 185
Trd, 000241.633, 183
Trd, 000241.950, 183
Trd, 000242.067, 179
Trd, 000242.733, 181
Trd, 000243.350, 175
Trd, 000243.933, 173
Trd, 000244.317, 177
Trd, 000244.700, 176
Trd, 000244.983, 177
Trd, 000245.117, 176
Trd, 000245.800, 178
Trd, 000245.933, 177
Trd, 000246.050, 176
Trd, 000246.617, 178
Trd, 000246.717, 179
Trd, 000247.050, 179
Trd, 000247.433, 179
Trd, 000247.867, 177
Trd, 000247.900, 176
Trd, 000248.200, 180
Trd, 000248.267, 181
Trd, 000249.183, 179
Trd, 000249.283, 178
Trd, 000249.983, 179
Trd, 000250.250, 180
Trd, 000250.617, 179
Trd, 000251.400, 179
Trd, 000252.100, 182
Trd, 000252.200, 187
Trd, 000252.367, 183
Trd, 000252.667, 185
Trd, 000254.517, 190
Trd, 000254.617, 190
Trd, 000255.217, 187
Trd, 000255.367, 186
Trd, 000255.500, 189
Trd, 000255.967, 184
Trd, 000256.167, 184
Trd, 000256.817, 187
Trd, 000257.067, 184
Trd, 000258.067, 184
Trd, 000258.433, 180
Trd, 000258.800, 180
Trd, 000259.633, 178
Trd, 000259.650, 185
Trd, 000260.083, 184
Trd, 000260.833, 184
Trd, 000261.383, 183
Trd, 000261.467, 184
Trd, 000262.367, 186
Trd, 000262.467, 187
Trd, 000262.483, 181
Trd, 000263.267, 188
Trd, 000263.550, 180
Trd, 000263.650, 184
Trd, 000264.517, 187
Trd, 000264.567, 183
Trd, 000264.667, 182
Trd, 000265.517, 184
Trd, 000266.250, 181
Trd, 000266.700, 182
Trd, 000266.883, 179
Trd, 000267.200, 184
Trd, 000267.317, 186
Trd, 000267.333, 188
Trd, 000268.750, 185
Trd, 000268.817, 183
Trd, 000269.233, 185
Trd, 000269.317, 195
Trd, 000269.800, 184
Trd, 000269.850, 187
Trd, 000270.367, 184
Trd, 000270.650, 185
Trd, 000271.817, 193
Trd, 000272.483, 187
Trd, 000273.633, 185
Trd, 000274.583, 188
Trd, 000275.050, 185
Trd, 000275.117, 184
Trd, 000275.817, 187
Trd, 000275.983, 180
Trd, 000276.417, 187
Trd, 000276.583, 182
Trd, 000277.283, 187
Trd, 000278.717, 187
Trd, 000278.783, 186
Trd, 000278.833, 186
Trd, 000279.217, 186
Trd, 000279.650, 183
Trd, 000279.817, 186
Trd, 000280.133, 190
Trd, 000280.250, 183
Trd, 000280.550, 187
Trd, 000280.617, 190
Trd, 000280.650, 179
Trd, 000280.900, 196
Trd, 000281.417, 182
Trd, 000282.083, 175
Trd, 000282.667, 191
Trd, 000282.883, 193
Trd, 000283.333, 200
Trd, 000283.967, 186
Trd, 000284.050, 188
Trd, 000284.417, 185
Trd, 000284.833, 187
Trd, 000285.300, 185
Trd, 000285.567, 188
Trd, 000286.150, 190
Trd, 000286.767, 186
Trd, 000287.333, 183
Trd, 000287.367, 180
Trd, 000288.367, 177
Trd, 000288.483, 188
Trd, 000288.883, 175
Trd, 000288.917, 187
Trd, 000289.083, 174
Trd, 000290.533, 182
Trd, 000290.633, 182
Trd, 000290.983, 177
Trd, 000291.583, 178
Trd, 000291.867, 182
Trd, 000292.167, 191
Trd, 000292.617, 180
Trd, 000293.283, 184
Trd, 000293.483, 197
Trd, 000294.483, 190
Trd, 000294.617, 194
Trd, 000294.967, 190
Trd, 000295.283, 190
Trd, 000295.467, 187
Trd, 000295.600, 184
Trd, 000295.933, 190
Trd, 000296.833, 185
Trd, 000297.117, 188
Trd, 000297.300, 185
Trd, 000298.017, 184
Trd, 000298.500, 183
Trd, 000298.700, 189
Trd, 000298.833, 181
Trd, 000299.083, 191
Trd, 000299.300, 171
Trd, 000299.467, 181
