Trd, 000000.650, 151
Trd, 000001.567, 172
Trd, 000001.667, 146
Trd, 000002.133, 147
Trd, 000002.983, 149
Trd, 000004.250, 144
Trd, 000005.467, 151
Trd, 000005.683, 141
Trd, 000006.150, 157
Trd, 000006.600, 140
Trd, 000006.950, 152
Trd, 000007.183, 129
Trd, 000007.817, 155
Trd, 000009.933, 148
Trd, 000010.133, 146
Trd, 000010.150, 146
Trd, 000010.767, 142
Trd, 000012.017, 148
Trd, 000013.533, 144
Trd, 000013.583, 143
Trd, 000014.100, 146
Trd, 000014.267, 143
Trd, 000014.317, 151
Trd, 000014.950, 141
Trd, 000015.800, 138
Trd, 000016.400, 147
Trd, 000016.417, 148
Trd, 000017.183, 145
Trd, 000018.033, 146
Trd, 000019.533, 144
Trd, 000019.667, 143
Trd, 000020.417, 143
Trd, 000021.783, 144
Trd, 000021.850, 143
Trd, 000021.983, 143
Trd, 000022.867, 145
Trd, 000023.150, 143
Trd, 000024.533, 143
Trd, 000025.150, 142
Trd, 000025.350, 139
Trd, 000025.367, 146
Trd, 000025.433, 153
Trd, 000027.567, 145
Trd, 000028.950, 145
Trd, 000029.350, 143
Trd, 000029.833, 142
Trd, 000029.950, 143
Trd, 000029.983, 149
Trd, 000030.800, 151
Trd, 000030.817, 140
Trd, 000031.567, 151
Trd, 000032.083, 139
Trd, 000032.550, 138
Trd, 000032.800, 146
Trd, 000033.983, 140
Trd, 000034.117, 141
Trd, 000034.267, 142
Trd, 000034.517, 137
Trd, 000034.550, 144
Trd, 000035.850, 144
Trd, 000036.233, 144
Trd, 000037.567, 149
Trd, 000037.650, 145
Trd, 000037.917, 148
Trd, 000038.317, 148
Trd, 000038.533, 144
Trd, 000040.350, 149
Trd, 000040.683, 145
Trd, 000040.783, 144
Trd, 000041.267, 149
Trd, 000041.767, 155
Trd, 000043.000, 146
Trd, 000043.883, 149
Trd, 000044.533, 150
Trd, 000044.667, 149
Trd, 000044.767, 148
Trd, 000045.733, 146
Trd, 000045.950, 147
Trd, 000046.383, 148
Trd, 000047.017, 153
Trd, 000047.400, 152
Trd, 000047.667, 155
Trd, 000048.067, 145
Trd, 000048.117, 156
Trd, 000048.767, 165
Trd, 000050.433, 149
Trd, 000050.650, 147
Trd, 000051.133, 146
Trd, 000051.750, 147
Trd, 000052.167, 148
Trd, 000052.817, 148
Trd, 000053.017, 145
Trd, 000053.233, 144
Trd, 000054.567, 148
Trd, 000054.650, 149
Trd, 000054.850, 149
Trd, 000055.817, 147
Trd, 000056.783, 152
Trd, 000057.467, 150
Trd, 000057.850, 151
Trd, 000058.067, 153
Trd, 000059.050, 151
Trd, 000060.433, 153
Trd, 000060.600, 153
Trd, 000060.767, 153
Trd, 000061.517, 154
Trd, 000061.800, 168
Trd, 000062.567, 160
Trd, 000063.317, 153
Trd, 000064.767, 154
Trd, 000065.267, 161
Trd, 000065.467, 163
Trd, 000065.533, 155
Trd, 000065.583, 154
Trd, 000067.217, 149
Trd, 000067.400, 157
Trd, 000067.733, 149
Trd, 000069.317, 148
Trd, 000069.950, 148
Trd, 000070.367, 147
Trd, 000070.883, 146
Trd, 000071.317, 146
Trd, 000071.350, 144
Trd, 000071.367, 141
Trd, 000071.933, 145
Trd, 000072.683, 145
Trd, 000073.633, 144
Trd, 000074.033, 143
Trd, 000074.583, 144
Trd, 000074.933, 142
Trd, 000074.967, 151
Trd, 000075.917, 141
Trd, 000076.050, 136
Trd, 000076.933, 144
Trd, 000077.217, 145
Trd, 000078.750, 148
Trd, 000079.050, 148
Trd, 000079.100, 150
Trd, 000079.983, 148
Trd, 000080.183, 150
Trd, 000081.017, 151
Trd, 000081.150, 152
Trd, 000081.183, 160
Trd, 000082.083, 146
Trd, 000083.383, 161
Trd, 000083.633, 159
Trd, 000084.267, 160
Trd, 000085.450, 159
Trd, 000085.950, 158
Trd, 000086.033, 156
Trd, 000087.783, 144
Trd, 000087.983, 143
Trd, 000088.000, 145
Trd, 000088.633, 144
Trd, 000088.917, 138
Trd, 000089.500, 145
Trd, 000091.117, 144
Trd, 000091.267, 146
Trd, 000091.533, 159
Trd, 000092.083, 150
Trd, 000092.483, 151
Trd, 000092.833, 147
Trd, 000093.250, 148
Trd, 000093.350, 149
Trd, 000094.567, 148
Trd, 000094.700, 150
Trd, 000094.750, 150
Trd, 000096.050, 148
Trd, 000097.200, 155
Trd, 000097.800, 160
Trd, 000098.150, 155
Trd, 000098.350, 161
Trd, 000098.533, 155
Trd, 000099.817, 161
Trd, 000101.183, 161
Trd, 000101.283, 150
Trd, 000101.350, 161
Trd, 000101.500, 160
Trd, 000103.083, 156
Trd, 000103.217, 155
Trd, 000103.800, 155
Trd, 000104.000, 148
Trd, 000104.417, 154
Trd, 000104.867, 154
Trd, 000106.100, 151
Trd, 000106.933, 150
Trd, 000107.017, 149
Trd, 000107.483, 149
Trd, 000108.433, 150
Trd, 000108.817, 153
Trd, 000108.900, 155
Trd, 000109.167, 148
Trd, 000110.050, 149
Trd, 000110.700, 149
Trd, 000111.167, 148
Trd, 000111.250, 149
Trd, 000112.367, 146
Trd, 000112.683, 149
Trd, 000113.500, 154
Trd, 000113.950, 148
Trd, 000114.817, 154
Trd, 000115.200, 153
Trd, 000115.950, 148
Trd, 000116.083, 154
Trd, 000116.350, 149
Trd, 000117.767, 154
Trd, 000118.083, 152
Trd, 000119.000, 152
Trd, 000119.150, 155
Trd, 000120.067, 152
Trd, 000120.200, 155
Trd, 000120.467, 150
Trd, 000121.133, 147
Trd, 000123.717, 152
Trd, 000123.933, 153
Trd, 000123.983, 154
Trd, 000124.583, 152
Trd, 000125.450, 152
Trd, 000125.583, 153
Trd, 000125.683, 156
Trd, 000125.967, 160
Trd, 000128.533, 159
Trd, 000128.867, 159
Trd, 000128.933, 158
Trd, 000129.567, 162
Trd, 000130.517, 153
Trd, 000131.167, 162
Trd, 000132.117, 154
Trd, 000132.267, 153
Trd, 000132.533, 150
Trd, 000133.317, 148
Trd, 000133.417, 147
Trd, 000133.467, 149
Trd, 000133.967, 149
Trd, 000134.417, 147
Trd, 000134.483, 146
Trd, 000134.733, 148
Trd, 000135.067, 143
Trd, 000135.483, 149
Trd, 000136.300, 147
Trd, 000136.733, 151
Trd, 000138.383, 147
Trd, 000138.950, 147
Trd, 000139.733, 148
Trd, 000140.050, 146
Trd, 000140.267, 151
Trd, 000141.683, 156
Trd, 000141.850, 156
Trd, 000142.000, 165
Trd, 000142.317, 155
Trd, 000142.533, 154
Trd, 000143.567, 153
Trd, 000144.650, 157
Trd, 000145.533, 158
Trd, 000145.833, 166
Trd, 000146.233, 167
Trd, 000146.783, 156
Trd, 000147.050, 155
Trd, 000147.867, 156
Trd, 000148.550, 153
Trd, 000148.767, 154
Trd, 000148.933, 156
Trd, 000150.517, 153
Trd, 000151.000, 155
Trd, 000151.317, 155
Trd, 000151.583, 155
Trd, 000152.383, 154
Trd, 000152.400, 156
Trd, 000153.650, 158
Trd, 000154.167, 155
Trd, 000154.933, 156
Trd, 000155.700, 157
Trd, 000156.467, 157
Trd, 000157.033, 157
Trd, 000157.217, 159
Trd, 000157.467, 156
Trd, 000157.833, 160
Trd, 000157.867, 161
Trd, 000158.050, 167
Trd, 000158.567, 161
Trd, 000158.950, 164
Trd, 000161.000, 173
Trd, 000161.083, 167
Trd, 000161.733, 159
Trd, 000162.650, 156
Trd, 000163.133, 163
Trd, 000163.633, 155
Trd, 000164.033, 159
Trd, 000164.417, 153
Trd, 000164.450, 158
Trd, 000165.517, 154
Trd, 000165.900, 157
Trd, 000165.950, 150
Trd, 000165.983, 158
Trd, 000167.167, 154
Trd, 000167.600, 152
Trd, 000168.317, 152
Trd, 000168.917, 151
Trd, 000168.983, 152
Trd, 000169.567, 156
Trd, 000171.083, 156
Trd, 000171.300, 152
Trd, 000171.400, 152
Trd, 000171.500, 153
Trd, 000171.550, 154
Trd, 000171.617, 157
Trd, 000171.867, 151
Trd, 000172.450, 161
Trd, 000172.667, 159
Trd, 000174.067, 165
Trd, 000174.100, 160
Trd, 000174.500, 160
Trd, 000174.950, 164
Trd, 000175.517, 165
Trd, 000176.867, 161
Trd, 000177.650, 162
Trd, 000178.267, 161
Trd, 000179.183, 161
Trd, 000179.600, 159
Trd, 000179.783, 158
Trd, 000179.833, 158
Trd, 000181.200, 158
Trd, 000181.483, 158
Trd, 000182.050, 157
Trd, 000182.550, 156
Trd, 000183.750, 158
Trd, 000184.100, 162
Trd, 000184.150, 157
Trd, 000185.150, 156
Trd, 000186.150, 155
Trd, 000186.167, 161
Trd, 000186.333, 160
Trd, 000186.633, 160
Trd, 000187.383, 158
Trd, 000188.383, 155
Trd, 000188.667, 154
Trd, 000189.400, 155
Trd, 000190.167, 155
Trd, 000190.700, 155
Trd, 000191.300, 156
Trd, 000191.900, 158
Trd, 000191.917, 160
Trd, 000192.083, 160
Trd, 000192.267, 157
Trd, 000193.033, 161
Trd, 000193.817, 161
Trd, 000193.883, 162
Trd, 000194.583, 162
Trd, 000194.750, 162
Trd, 000195.700, 161
Trd, 000195.733, 162
Trd, 000196.100, 161
Trd, 000196.650, 160
Trd, 000197.067, 168
Trd, 000197.283, 169
Trd, 000198.800, 162
Trd, 000198.983, 159
Trd, 000199.150, 163
Trd, 000200.750, 159
Trd, 000201.117, 158
Trd, 000202.033, 159
Trd, 000202.600, 158
Trd, 000203.767, 157
Trd, 000204.350, 157
Trd, 000204.367, 158
Trd, 000204.467, 159
Trd, 000205.083, 163
Trd, 000205.717, 158
Trd, 000205.733, 162
Trd, 000205.850, 164
Trd, 000206.100, 171
Trd, 000206.917, 179
Trd, 000208.667, 172
Trd, 000208.883, 172
Trd, 000210.933, 163
Trd, 000211.783, 161
Trd, 000212.117, 159
Trd, 000212.533, 159
Trd, 000212.750, 159
Trd, 000213.700, 159
Trd, 000214.300, 159
Trd, 000214.600, 160
Trd, 000214.767, 165
Trd, 000214.967, 162
Trd, 000215.533, 158
Trd, 000215.667, 155
Trd, 000215.850, 170
Trd, 000216.200, 171
Trd, 000217.417, 169
Trd, 000218.383, 165
Trd, 000218.617, 165
Trd, 000219.000, 165
Trd, 000219.050, 166
Trd, 000219.200, 161
Trd, 000219.933, 172
Trd, 000221.217, 172
Trd, 000221.433, 170
Trd, 000221.817, 169
Trd, 000221.933, 173
Trd, 000222.133, 162
Trd, 000222.433, 163
Trd, 000224.950, 166
Trd, 000225.333, 165
Trd, 000225.800, 169
Trd, 000226.417, 164
Trd, 000226.617, 166
Trd, 000226.883, 163
Trd, 000226.933, 163
Trd, 000227.433, 164
Trd, 000227.617, 163
Trd, 000228.117, 163
Trd, 000228.467, 163
Trd, 000230.917, 157
Trd, 000230.967, 158
Trd, 000232.133, 157
Trd, 000232.217, 159
Trd, 000232.467, 160
Trd, 000233.867, 166
Trd, 000234.017, 167
Trd, 000234.133, 161
Trd, 000235.500, 163
Trd, 000236.033, 164
Trd, 000236.100, 164
Trd, 000236.900, 166
Trd, 000237.017, 169
Trd, 000237.333, 166
Trd, 000237.883, 172
Trd, 000238.050, 166
Trd, 000239.533, 169
Trd, 000239.867, 170
Trd, 000240.083, 171
Trd, 000240.167, 172
Trd, 000241.050, 175
Trd, 000241.333, 175
Trd, 000241.650, 176
Trd, 000241.917, 177
Trd, 000242.033, 175
Trd, 000243.267, 172
Trd, 000243.450, 169
Trd, 000244.050, 163
Trd, 000245.150, 169
Trd, 000245.333, 167
Trd, 000245.450, 168
Trd, 000245.617, 171
Trd, 000246.383, 175
Trd, 000246.567, 176
Trd, 000247.367, 177
Trd, 000247.500, 180
Trd, 000247.583, 182
Trd, 000248.600, 183
Trd, 000249.033, 186
Trd, 000249.350, 186
Trd, 000249.450, 183
Trd, 000249.750, 183
Trd, 000249.883, 176
Trd, 000250.050, 173
Trd, 000250.367, 181
Trd, 000253.117, 173
Trd, 000253.683, 169
Trd, 000254.400, 176
Trd, 000254.917, 172
Trd, 000255.600, 172
Trd, 000256.000, 182
Trd, 000256.017, 181
Trd, 000256.500, 180
Trd, 000256.600, 172
Trd, 000257.800, 174
Trd, 000258.450, 173
Trd, 000258.583, 173
Trd, 000258.750, 166
Trd, 000259.683, 171
Trd, 000260.583, 172
Trd, 000260.717, 174
Trd, 000261.200, 172
Trd, 000261.750, 173
Trd, 000262.017, 174
Trd, 000262.600, 173
Trd, 000262.883, 176
Trd, 000263.017, 172
Trd, 000263.383, 177
Trd, 000263.533, 184
Trd, 000263.600, 170
Trd, 000264.967, 175
Trd, 000265.117, 179
Trd, 000265.633, 178
Trd, 000266.100, 178
Trd, 000266.367, 178
Trd, 000266.650, 186
Trd, 000267.417, 184
Trd, 000268.933, 183
Trd, 000268.983, 180
Trd, 000269.267, 185
Trd, 000269.450, 188
Trd, 000270.417, 181
Trd, 000271.000, 182
Trd, 000271.050, 179
Trd, 000271.200, 178
Trd, 000271.383, 175
Trd, 000272.233, 174
Trd, 000272.317, 175
Trd, 000272.833, 176
Trd, 000272.867, 173
Trd, 000272.950, 177
Trd, 000273.483, 168
Trd, 000274.067, 172
Trd, 000274.150, 171
Trd, 000274.400, 172
Trd, 000274.650, 170
Trd, 000274.817, 173
Trd, 000275.300, 170
Trd, 000276.933, 178
Trd, 000277.333, 184
Trd, 000277.383, 185
Trd, 000278.033, 170
Trd, 000279.050, 179
Trd, 000279.683, 172
Trd, 000279.967, 173
Trd, 000280.033, 168
Trd, 000280.600, 178
Trd, 000280.900, 179
Trd, 000281.617, 190
Trd, 000281.733, 180
Trd, 000282.150, 183
Trd, 000282.417, 183
Trd, 000283.550, 182
Trd, 000283.600, 178
Trd, 000285.783, 179
Trd, 000286.100, 178
Trd, 000286.400, 179
Trd, 000286.450, 177
Trd, 000286.500, 179
Trd, 000286.867, 173
Trd, 000287.133, 180
Trd, 000287.700, 168
Trd, 000288.567, 183
Trd, 000289.500, 183
Trd, 000289.917, 180
Trd, 000290.683, 175
Trd, 000290.967, 180
Trd, 000291.067, 174
Trd, 000291.350, 178
Trd, 000291.367, 179
Trd, 000292.050, 168
Trd, 000292.333, 174
Trd, 000292.550, 167
Trd, 000292.733, 166
Trd, 000293.967, 166
Trd, 000294.050, 165
Trd, 000295.033, 164
Trd, 000295.150, 164
Trd, 000295.433, 169
Trd, 000295.583, 170
Trd, 000296.167, 173
Trd, 000296.383, 163
Trd, 000296.483, 180
Trd, 000297.550, 173
Trd, 000297.650, 175
Trd, 000297.683, 171
Trd, 000298.200, 172
Trd, 000299.583, 181
Trd, 000299.717, 171
Trd, 000299.767, 187
Trd, 000299.967, 188
