Trd, 000000.967, 150
Trd, 000001.333, 149
Trd, 000003.500, 175
Trd, 000003.633, 168
Trd, 000003.933, 144
Trd, 000004.550, 154
Trd, 000006.900, 172
Trd, 000008.267, 173
Trd, 000008.517, 173
Trd, 000008.650, 173
Trd, 000009.100, 146
Trd, 000009.200, 175
Trd, 000010.050, 162
Trd, 000010.300, 166
Trd, 000010.967, 165
Trd, 000011.017, 176
Trd, 000011.533, 154
Trd, 000011.817, 172
Trd, 000012.533, 156
Trd, 000013.417, 158
Trd, 000015.483, 162
Trd, 000015.717, 163
Trd, 000016.317, 160
Trd, 000016.617, 161
Trd, 000017.117, 150
Trd, 000017.633, 156
Trd, 000017.933, 157
Trd, 000018.350, 160
Trd, 000018.967, 145
Trd, 000020.267, 160
Trd, 000020.650, 155
Trd, 000021.317, 154
Trd, 000021.850, 152
Trd, 000022.067, 162
Trd, 000022.617, 151
Trd, 000022.667, 160
Trd, 000023.683, 150
Trd, 000024.683, 151
Trd, 000024.750, 155
Trd, 000025.083, 155
Trd, 000026.617, 150
Trd, 000026.983, 150
Trd, 000027.117, 149
Trd, 000027.283, 156
Trd, 000027.700, 158
Trd, 000029.183, 158
Trd, 000029.533, 156
Trd, 000030.317, 159
Trd, 000030.533, 160
Trd, 000031.350, 157
Trd, 000031.567, 158
Trd, 000032.433, 157
Trd, 000032.517, 154
Trd, 000032.933, 161
Trd, 000033.100, 147
Trd, 000033.900, 162
Trd, 000036.183, 168
Trd, 000036.333, 164
Trd, 000036.517, 167
Trd, 000036.683, 161
Trd, 000037.900, 160
Trd, 000039.700, 177
Trd, 000039.833, 173
Trd, 000040.483, 178
Trd, 000041.000, 173
Trd, 000041.017, 174
Trd, 000041.550, 172
Trd, 000042.350, 172
Trd, 000043.067, 165
Trd, 000043.550, 170
Trd, 000043.667, 161
Trd, 000044.017, 159
Trd, 000044.050, 170
Trd, 000044.350, 149
Trd, 000045.033, 161
Trd, 000045.067, 168
Trd, 000045.900, 156
Trd, 000046.167, 156
Trd, 000046.217, 155
Trd, 000046.567, 166
Trd, 000046.733, 167
Trd, 000047.400, 173
Trd, 000047.517, 175
Trd, 000047.733, 174
Trd, 000050.150, 165
Trd, 000050.517, 159
Trd, 000050.683, 166
Trd, 000051.467, 167
Trd, 000051.667, 166
Trd, 000052.433, 165
Trd, 000052.983, 162
Trd, 000053.900, 158
Trd, 000054.483, 157
Trd, 000054.767, 158
Trd, 000055.217, 154
Trd, 000055.483, 163
Trd, 000055.517, 164
Trd, 000056.000, 168
Trd, 000057.033, 164
Trd, 000058.700, 162
Trd, 000059.033, 163
Trd, 000059.467, 161
Trd, 000059.633, 163
Trd, 000060.250, 160
Trd, 000061.150, 161
Trd, 000061.517, 160
Trd, 000061.783, 161
Trd, 000062.000, 150
Trd, 000063.067, 154
Trd, 000064.017, 155
Trd, 000064.150, 151
Trd, 000064.367, 155
Trd, 000065.267, 153
Trd, 000065.750, 153
Trd, 000065.817, 150
Trd, 000066.967, 154
Trd, 000066.983, 157
Trd, 000068.683, 151
Trd, 000069.083, 160
Trd, 000069.100, 147
Trd, 000070.050, 157
Trd, 000070.083, 162
Trd, 000071.550, 158
Trd, 000072.083, 160
Trd, 000072.750, 161
Trd, 000074.567, 157
Trd, 000074.617, 158
Trd, 000075.000, 162
Trd, 000075.383, 163
Trd, 000075.467, 165
Trd, 000075.733, 157
Trd, 000076.333, 156
Trd, 000076.817, 158
Trd, 000077.917, 160
Trd, 000078.000, 166
Trd, 000078.117, 158
Trd, 000078.217, 156
Trd, 000079.800, 166
Trd, 000080.417, 166
Trd, 000080.500, 164
Trd, 000080.750, 166
Trd, 000081.250, 162
Trd, 000082.717, 167
Trd, 000083.050, 172
Trd, 000084.883, 163
Trd, 000085.283, 163
Trd, 000085.600, 163
Trd, 000085.783, 164
Trd, 000086.217, 159
Trd, 000086.333, 166
Trd, 000087.200, 164
Trd, 000087.500, 166
Trd, 000089.183, 167
Trd, 000089.817, 166
Trd, 000090.167, 174
Trd, 000090.900, 173
Trd, 000091.017, 170
Trd, 000091.400, 169
Trd, 000091.450, 170
Trd, 000091.467, 159
Trd, 000092.683, 159
Trd, 000092.700, 162
Trd, 000093.417, 161
Trd, 000093.450, 162
Trd, 000094.267, 181
Trd, 000094.650, 176
Trd, 000094.717, 177
Trd, 000095.100, 174
Trd, 000096.150, 176
Trd, 000096.750, 177
Trd, 000097.300, 182
Trd, 000097.933, 176
Trd, 000098.550, 161
Trd, 000098.983, 173
Trd, 000099.683, 169
Trd, 000099.800, 163
Trd, 000100.067, 162
Trd, 000101.650, 167
Trd, 000102.000, 169
Trd, 000102.033, 175
Trd, 000102.183, 162
Trd, 000103.517, 160
Trd, 000104.500, 170
Trd, 000105.400, 170
Trd, 000105.600, 170
Trd, 000105.667, 169
Trd, 000106.833, 168
Trd, 000106.967, 171
Trd, 000107.267, 171
Trd, 000107.283, 176
Trd, 000107.500, 170
Trd, 000108.167, 171
Trd, 000108.467, 170
Trd, 000109.083, 160
Trd, 000110.133, 158
Trd, 000111.433, 160
Trd, 000112.083, 168
Trd, 000112.550, 161
Trd, 000112.633, 155
Trd, 000113.050, 166
Trd, 000113.750, 168
Trd, 000114.300, 164
Trd, 000114.483, 175
Trd, 000115.867, 169
Trd, 000116.383, 171
Trd, 000117.233, 176
Trd, 000118.117, 175
Trd, 000118.300, 185
Trd, 000118.950, 180
Trd, 000119.217, 178
Trd, 000119.600, 176
Trd, 000119.783, 176
Trd, 000120.250, 173
Trd, 000120.767, 156
Trd, 000122.333, 170
Trd, 000122.550, 172
Trd, 000122.733, 155
Trd, 000123.167, 156
Trd, 000123.317, 179
Trd, 000124.017, 153
Trd, 000124.717, 172
Trd, 000125.100, 167
Trd, 000125.400, 176
Trd, 000126.017, 170
Trd, 000126.617, 171
Trd, 000126.917, 170
Trd, 000128.017, 171
Trd, 000128.683, 169
Trd, 000129.217, 168
Trd, 000129.783, 155
Trd, 000130.433, 168
Trd, 000130.583, 170
Trd, 000130.633, 171
Trd, 000130.783, 171
Trd, 000131.633, 171
Trd, 000132.783, 163
Trd, 000132.983, 170
Trd, 000134.500, 163
Trd, 000134.517, 166
Trd, 000135.100, 162
Trd, 000135.200, 157
Trd, 000135.783, 166
Trd, 000137.183, 161
Trd, 000138.283, 162
Trd, 000138.383, 162
Trd, 000139.650, 160
Trd, 000139.750, 162
Trd, 000140.300, 163
Trd, 000140.450, 168
Trd, 000140.750, 172
Trd, 000141.733, 164
Trd, 000143.050, 164
Trd, 000143.117, 163
Trd, 000143.683, 164
Trd, 000143.800, 158
Trd, 000143.883, 165
Trd, 000144.033, 165
Trd, 000144.183, 171
Trd, 000145.633, 173
Trd, 000146.767, 170
Trd, 000147.067, 169
Trd, 000147.100, 176
Trd, 000147.283, 179
Trd, 000149.167, 186
Trd, 000149.400, 184
Trd, 000149.983, 183
Trd, 000150.700, 183
Trd, 000150.750, 181
Trd, 000151.317, 183
Trd, 000152.350, 182
Trd, 000153.200, 183
Trd, 000153.467, 174
Trd, 000154.500, 187
Trd, 000155.283, 186
Trd, 000155.717, 183
Trd, 000156.417, 181
Trd, 000156.533, 182
Trd, 000156.900, 182
Trd, 000157.383, 183
Trd, 000157.667, 163
Trd, 000158.333, 162
Trd, 000158.750, 178
Trd, 000160.267, 177
Trd, 000160.700, 175
Trd, 000160.750, 178
Trd, 000161.300, 174
Trd, 000161.633, 177
Trd, 000162.167, 181
Trd, 000163.333, 178
Trd, 000165.183, 175
Trd, 000165.200, 178
Trd, 000165.467, 177
Trd, 000165.650, 174
Trd, 000166.300, 176
Trd, 000166.850, 174
Trd, 000166.883, 175
Trd, 000167.367, 175
Trd, 000167.600, 169
Trd, 000169.350, 171
Trd, 000169.383, 172
Trd, 000169.533, 169
Trd, 000170.117, 169
Trd, 000171.267, 171
Trd, 000172.117, 171
Trd, 000172.167, 168
Trd, 000172.767, 167
Trd, 000173.050, 173
Trd, 000173.200, 173
Trd, 000174.100, 166
Trd, 000174.233, 172
Trd, 000175.417, 173
Trd, 000176.000, 182
Trd, 000177.667, 171
Trd, 000177.917, 170
Trd, 000178.550, 169
Trd, 000178.567, 168
Trd, 000179.017, 160
Trd, 000179.783, 162
Trd, 000180.200, 162
Trd, 000180.783, 162
Trd, 000181.050, 163
Trd, 000181.183, 176
Trd, 000182.517, 162
Trd, 000182.850, 163
Trd, 000183.783, 165
Trd, 000183.800, 167
Trd, 000184.867, 165
Trd, 000185.033, 162
Trd, 000185.467, 162
Trd, 000185.983, 175
Trd, 000186.183, 176
Trd, 000186.383, 208
Trd, 000187.367, 193
Trd, 000187.867, 165
Trd, 000188.683, 182
Trd, 000189.950, 178
Trd, 000190.383, 175
Trd, 000190.417, 177
Trd, 000190.650, 173
Trd, 000191.850, 172
Trd, 000192.183, 174
Trd, 000193.867, 171
Trd, 000194.000, 171
Trd, 000194.017, 172
Trd, 000194.650, 171
Trd, 000195.700, 170
Trd, 000196.800, 171
Trd, 000196.867, 169
Trd, 000196.883, 169
Trd, 000196.967, 171
Trd, 000197.217, 176
Trd, 000197.333, 166
Trd, 000198.050, 177
Trd, 000198.150, 185
Trd, 000198.450, 166
Trd, 000199.250, 164
Trd, 000200.267, 174
Trd, 000200.817, 189
Trd, 000201.083, 163
Trd, 000201.233, 181
Trd, 000202.133, 173
Trd, 000202.183, 166
Trd, 000202.483, 173
Trd, 000204.500, 174
Trd, 000204.933, 178
Trd, 000205.433, 177
Trd, 000205.500, 174
Trd, 000205.867, 176
Trd, 000206.800, 175
Trd, 000207.150, 174
Trd, 000207.167, 178
Trd, 000207.350, 174
Trd, 000207.600, 170
Trd, 000208.583, 181
Trd, 000209.550, 174
Trd, 000210.533, 171
Trd, 000210.550, 172
Trd, 000211.233, 173
Trd, 000211.400, 170
Trd, 000211.517, 166
Trd, 000211.567, 185
Trd, 000213.650, 176
Trd, 000214.467, 175
Trd, 000215.083, 175
Trd, 000215.150, 174
Trd, 000215.250, 171
Trd, 000215.683, 176
Trd, 000216.400, 177
Trd, 000216.433, 179
Trd, 000217.733, 176
Trd, 000218.250, 177
Trd, 000219.333, 174
Trd, 000219.750, 174
Trd, 000220.050, 177
Trd, 000220.300, 175
Trd, 000220.450, 175
Trd, 000220.667, 173
Trd, 000220.833, 170
Trd, 000221.683, 178
Trd, 000222.033, 187
Trd, 000222.150, 181
Trd, 000222.950, 166
Trd, 000224.083, 195
Trd, 000224.983, 178
Trd, 000225.300, 190
Trd, 000226.067, 184
Trd, 000226.283, 176
Trd, 000226.350, 185
Trd, 000226.683, 175
Trd, 000227.033, 183
Trd, 000227.083, 184
Trd, 000228.800, 182
Trd, 000228.883, 173
Trd, 000229.733, 174
Trd, 000230.067, 173
Trd, 000231.050, 174
Trd, 000231.467, 175
Trd, 000231.500, 183
Trd, 000231.817, 174
Trd, 000232.083, 186
Trd, 000233.067, 176
Trd, 000233.383, 183
Trd, 000233.683, 176
Trd, 000234.233, 188
Trd, 000235.150, 179
Trd, 000235.200, 188
Trd, 000235.300, 189
Trd, 000237.767, 180
Trd, 000237.783, 181
Trd, 000238.150, 182
Trd, 000238.967, 182
Trd, 000239.467, 175
Trd, 000240.700, 179
Trd, 000241.267, 173
Trd, 000241.700, 175
Trd, 000242.383, 173
Trd, 000242.500, 172
Trd, 000242.667, 172
Trd, 000243.117, 173
Trd, 000243.167, 161
Trd, 000244.183, 170
Trd, 000244.200, 171
Trd, 000244.533, 167
Trd, 000244.733, 179
Trd, 000245.050, 182
Trd, 000245.200, 175
Trd, 000245.633, 175
Trd, 000245.650, 174
Trd, 000246.117, 179
Trd, 000246.417, 188
Trd, 000246.500, 188
Trd, 000246.650, 186
Trd, 000247.083, 172
Trd, 000247.450, 179
Trd, 000248.233, 169
Trd, 000248.667, 174
Trd, 000248.750, 172
Trd, 000249.100, 183
Trd, 000249.933, 188
Trd, 000250.800, 187
Trd, 000251.683, 185
Trd, 000252.000, 182
Trd, 000252.467, 180
Trd, 000252.583, 178
Trd, 000253.050, 176
Trd, 000253.900, 175
Trd, 000254.033, 175
Trd, 000254.067, 176
Trd, 000254.683, 176
Trd, 000254.767, 177
Trd, 000255.267, 174
Trd, 000255.567, 173
Trd, 000256.150, 174
Trd, 000256.800, 175
Trd, 000257.483, 175
Trd, 000257.700, 179
Trd, 000257.933, 180
Trd, 000258.133, 179
Trd, 000258.200, 175
Trd, 000258.817, 178
Trd, 000259.050, 178
Trd, 000259.083, 174
Trd, 000259.733, 174
Trd, 000259.783, 174
Trd, 000260.767, 180
Trd, 000261.733, 175
Trd, 000261.800, 174
Trd, 000261.817, 176
Trd, 000262.467, 181
Trd, 000262.850, 179
Trd, 000263.400, 180
Trd, 000263.850, 184
Trd, 000263.900, 191
Trd, 000263.967, 177
Trd, 000264.217, 176
Trd, 000264.867, 181
Trd, 000266.083, 180
Trd, 000266.517, 181
Trd, 000266.533, 182
Trd, 000267.200, 183
Trd, 000267.733, 179
Trd, 000268.050, 181
Trd, 000268.750, 182
Trd, 000269.633, 184
Trd, 000269.967, 185
Trd, 000270.350, 182
Trd, 000270.600, 181
Trd, 000271.367, 180
Trd, 000271.467, 182
Trd, 000272.067, 179
Trd, 000273.300, 178
Trd, 000273.367, 179
Trd, 000273.400, 180
Trd, 000273.417, 182
Trd, 000273.500, 185
Trd, 000273.567, 178
Trd, 000275.333, 181
Trd, 000275.450, 185
Trd, 000275.467, 186
Trd, 000275.550, 180
Trd, 000275.800, 175
Trd, 000275.967, 172
Trd, 000276.633, 172
Trd, 000276.667, 173
Trd, 000277.183, 178
Trd, 000277.950, 179
Trd, 000278.033, 176
Trd, 000278.317, 172
Trd, 000279.283, 173
Trd, 000279.333, 171
Trd, 000279.833, 173
Trd, 000280.267, 174
Trd, 000280.583, 176
Trd, 000281.400, 176
Trd, 000281.467, 173
Trd, 000281.550, 171
Trd, 000281.567, 159
Trd, 000282.183, 176
Trd, 000283.017, 171
Trd, 000283.567, 170
Trd, 000283.967, 178
Trd, 000284.667, 183
Trd, 000285.267, 180
Trd, 000285.467, 179
Trd, 000285.817, 177
Trd, 000286.350, 177
Trd, 000286.550, 177
Trd, 000286.783, 176
Trd, 000287.150, 177
Trd, 000287.333, 174
Trd, 000287.500, 174
Trd, 000287.700, 183
Trd, 000288.033, 180
Trd, 000288.050, 184
Trd, 000288.233, 193
Trd, 000289.033, 202
Trd, 000289.583, 200
Trd, 000289.667, 203
Trd, 000290.567, 191
Trd, 000290.600, 175
Trd, 000290.900, 173
Trd, 000291.050, 174
Trd, 000292.383, 183
Trd, 000292.717, 185
Trd, 000293.367, 184
Trd, 000293.750, 181
Trd, 000293.833, 186
Trd, 000294.150, 180
Trd, 000294.733, 180
Trd, 000294.950, 180
Trd, 000295.417, 179
Trd, 000295.933, 177
Trd, 000296.567, 185
Trd, 000297.233, 181
Trd, 000298.033, 182
Trd, 000298.183, 181
Trd, 000298.650, 180
Trd, 000299.050, 181
Trd, 000299.317, 183
Trd, 000299.550, 185
Trd, 000299.883, 186
