Trd, 000001.183, 144
Trd, 000002.333, 133
Trd, 000003.867, 182
Trd, 000004.067, 189
Trd, 000004.917, 166
Trd, 000005.133, 162
Trd, 000007.167, 163
Trd, 000007.600, 162
Trd, 000007.817, 155
Trd, 000009.183, 158
Trd, 000009.217, 159
Trd, 000009.567, 157
Trd, 000009.933, 156
Trd, 000010.117, 157
Trd, 000010.567, 158
Trd, 000010.700, 149
Trd, 000013.050, 153
Trd, 000013.267, 154
Trd, 000014.450, 153
Trd, 000014.867, 152
Trd, 000015.983, 147
Trd, 000016.067, 148
Trd, 000016.700, 150
Trd, 000016.717, 148
Trd, 000016.867, 152
Trd, 000017.017, 153
Trd, 000017.467, 161
Trd, 000018.833, 159
Trd, 000019.550, 149
Trd, 000020.683, 156
Trd, 000021.183, 149
Trd, 000022.350, 148
Trd, 000022.383, 147
Trd, 000022.633, 148
Trd, 000023.650, 147
Trd, 000023.700, 150
Trd, 000023.717, 151
Trd, 000023.850, 146
Trd, 000024.083, 153
Trd, 000024.967, 156
Trd, 000025.183, 163
Trd, 000027.333, 160
Trd, 000028.150, 157
Trd, 000029.183, 150
Trd, 000029.267, 146
Trd, 000029.333, 157
Trd, 000029.400, 157
Trd, 000030.133, 154
Trd, 000031.200, 157
Trd, 000031.350, 157
Trd, 000031.383, 151
Trd, 000031.483, 150
Trd, 000032.183, 158
Trd, 000033.550, 150
Trd, 000034.750, 149
Trd, 000034.967, 141
Trd, 000036.800, 137
Trd, 000037.017, 144
Trd, 000037.267, 146
Trd, 000037.617, 147
Trd, 000037.950, 156
Trd, 000039.433, 162
Trd, 000039.583, 163
Trd, 000039.717, 159
Trd, 000040.000, 154
Trd, 000040.250, 163
Trd, 000040.333, 154
Trd, 000041.300, 146
Trd, 000042.000, 160
Trd, 000042.550, 151
Trd, 000043.333, 151
Trd, 000043.550, 137
Trd, 000043.717, 152
Trd, 000043.883, 151
Trd, 000044.350, 152
Trd, 000045.900, 148
Trd, 000047.517, 151
Trd, 000048.133, 152
Trd, 000048.417, 154
Trd, 000049.817, 151
Trd, 000049.917, 152
Trd, 000050.333, 150
Trd, 000051.767, 149
Trd, 000051.850, 150
Trd, 000052.167, 149
Trd, 000052.650, 136
Trd, 000053.000, 148
Trd, 000053.017, 150
Trd, 000053.383, 153
Trd, 000053.650, 160
Trd, 000053.900, 145
Trd, 000054.183, 158
Trd, 000054.883, 146
Trd, 000057.550, 158
Trd, 000057.783, 154
Trd, 000058.183, 159
Trd, 000059.333, 161
Trd, 000060.300, 156
Trd, 000060.867, 153
Trd, 000060.900, 158
Trd, 000062.217, 154
Trd, 000062.433, 154
Trd, 000062.883, 152
Trd, 000062.967, 155
Trd, 000063.233, 156
Trd, 000063.317, 150
Trd, 000064.050, 155
Trd, 000064.200, 156
Trd, 000064.433, 139
Trd, 000065.367, 170
Trd, 000065.767, 172
Trd, 000066.350, 144
Trd, 000066.817, 157
Trd, 000067.650, 146
Trd, 000068.617, 151
Trd, 000070.450, 146
Trd, 000070.500, 148
Trd, 000070.900, 151
Trd, 000071.000, 152
Trd, 000072.200, 153
Trd, 000072.550, 154
Trd, 000072.600, 151
Trd, 000072.800, 155
Trd, 000073.833, 152
Trd, 000074.617, 154
Trd, 000075.017, 150
Trd, 000075.517, 155
Trd, 000076.300, 149
Trd, 000076.567, 142
Trd, 000077.217, 154
Trd, 000077.483, 156
Trd, 000077.700, 158
Trd, 000077.800, 151
Trd, 000078.650, 140
Trd, 000079.233, 154
Trd, 000079.250, 146
Trd, 000081.317, 152
Trd, 000082.333, 149
Trd, 000082.500, 149
Trd, 000083.300, 148
Trd, 000083.533, 147
Trd, 000084.050, 142
Trd, 000084.650, 146
Trd, 000084.917, 146
Trd, 000085.267, 156
Trd, 000086.083, 145
Trd, 000086.500, 150
Trd, 000086.633, 150
Trd, 000086.933, 151
Trd, 000087.383, 157
Trd, 000088.433, 149
Trd, 000088.883, 157
Trd, 000089.700, 157
Trd, 000089.800, 152
Trd, 000090.133, 161
Trd, 000090.417, 140
Trd, 000091.117, 153
Trd, 000092.017, 161
Trd, 000092.800, 160
Trd, 000095.033, 165
Trd, 000095.517, 166
Trd, 000095.783, 158
Trd, 000096.033, 161
Trd, 000096.683, 165
Trd, 000097.817, 164
Trd, 000098.617, 163
Trd, 000098.800, 158
Trd, 000098.950, 164
Trd, 000099.183, 163
Trd, 000099.450, 154
Trd, 000100.133, 160
Trd, 000100.333, 161
Trd, 000100.667, 162
Trd, 000100.683, 163
Trd, 000100.750, 172
Trd, 000100.883, 157
Trd, 000101.017, 182
Trd, 000101.583, 155
Trd, 000103.533, 165
Trd, 000103.967, 156
Trd, 000104.000, 168
Trd, 000104.050, 154
Trd, 000105.767, 156
Trd, 000107.050, 156
Trd, 000107.267, 143
Trd, 000107.717, 154
Trd, 000107.867, 156
Trd, 000108.217, 145
Trd, 000108.683, 142
Trd, 000108.783, 157
Trd, 000109.967, 159
Trd, 000110.000, 158
Trd, 000111.617, 158
Trd, 000112.650, 159
Trd, 000113.150, 168
Trd, 000114.217, 166
Trd, 000114.750, 166
Trd, 000115.567, 166
Trd, 000116.283, 166
Trd, 000116.433, 162
Trd, 000116.550, 160
Trd, 000117.600, 158
Trd, 000118.600, 165
Trd, 000119.267, 161
Trd, 000119.800, 164
Trd, 000119.817, 165
Trd, 000120.200, 164
Trd, 000120.533, 165
Trd, 000122.633, 159
Trd, 000123.450, 158
Trd, 000123.600, 156
Trd, 000123.783, 155
Trd, 000123.817, 158
Trd, 000124.417, 156
Trd, 000125.183, 160
Trd, 000126.317, 160
Trd, 000126.517, 157
Trd, 000126.967, 159
Trd, 000127.650, 159
Trd, 000128.600, 159
Trd, 000128.867, 164
Trd, 000130.650, 160
Trd, 000131.333, 162
Trd, 000131.683, 161
Trd, 000132.333, 160
Trd, 000132.433, 160
Trd, 000132.550, 157
Trd, 000133.033, 160
Trd, 000133.883, 157
Trd, 000134.433, 160
Trd, 000135.067, 161
Trd, 000135.283, 155
Trd, 000135.467, 164
Trd, 000135.600, 148
Trd, 000137.600, 158
Trd, 000137.833, 164
Trd, 000138.933, 163
Trd, 000138.983, 164
Trd, 000139.167, 160
Trd, 000139.400, 159
Trd, 000139.500, 164
Trd, 000140.367, 176
Trd, 000141.833, 171
Trd, 000142.567, 166
Trd, 000143.800, 166
Trd, 000144.583, 164
Trd, 000145.033, 164
Trd, 000145.317, 163
Trd, 000146.150, 164
Trd, 000146.767, 163
Trd, 000147.383, 162
Trd, 000147.783, 158
Trd, 000147.850, 148
Trd, 000148.717, 162
Trd, 000149.217, 162
Trd, 000150.100, 167
Trd, 000150.767, 169
Trd, 000151.283, 167
Trd, 000152.333, 170
Trd, 000152.783, 167
Trd, 000152.800, 163
Trd, 000153.467, 159
Trd, 000155.017, 163
Trd, 000155.150, 163
Trd, 000155.883, 162
Trd, 000156.233, 165
Trd, 000156.267, 161
Trd, 000156.633, 157
Trd, 000156.900, 165
Trd, 000157.567, 166
Trd, 000158.283, 176
Trd, 000159.967, 169
Trd, 000160.233, 167
Trd, 000160.800, 165
Trd, 000161.200, 164
Trd, 000161.883, 163
Trd, 000161.917, 164
Trd, 000162.350, 160
Trd, 000163.367, 147
Trd, 000164.517, 163
Trd, 000164.800, 177
Trd, 000165.250, 178
Trd, 000165.383, 179
Trd, 000165.683, 171
Trd, 000167.917, 170
Trd, 000168.167, 171
Trd, 000168.317, 174
Trd, 000168.533, 168
Trd, 000168.600, 172
Trd, 000168.850, 172
Trd, 000170.550, 165
Trd, 000171.000, 161
Trd, 000172.383, 155
Trd, 000173.117, 156
Trd, 000173.183, 157
Trd, 000173.633, 149
Trd, 000173.800, 162
Trd, 000173.883, 163
Trd, 000174.400, 162
Trd, 000174.550, 165
Trd, 000175.067, 180
Trd, 000175.250, 161
Trd, 000176.400, 172
Trd, 000176.483, 175
Trd, 000176.650, 175
Trd, 000177.550, 170
Trd, 000178.300, 172
Trd, 000178.517, 162
Trd, 000180.133, 159
Trd, 000180.383, 166
Trd, 000180.900, 170
Trd, 000181.000, 171
Trd, 000181.167, 154
Trd, 000182.050, 175
Trd, 000182.217, 160
Trd, 000183.717, 177
Trd, 000184.150, 167
Trd, 000185.067, 169
Trd, 000185.917, 170
Trd, 000185.950, 171
Trd, 000187.050, 169
Trd, 000187.517, 164
Trd, 000188.283, 182
Trd, 000189.600, 184
Trd, 000189.750, 174
Trd, 000191.500, 172
Trd, 000192.050, 171
Trd, 000192.250, 169
Trd, 000192.700, 170
Trd, 000193.183, 171
Trd, 000193.250, 175
Trd, 000193.350, 167
Trd, 000194.233, 174
Trd, 000195.617, 167
Trd, 000196.117, 167
Trd, 000196.250, 172
Trd, 000196.733, 163
Trd, 000196.767, 151
Trd, 000197.650, 169
Trd, 000198.533, 165
Trd, 000198.867, 166
Trd, 000199.700, 164
Trd, 000200.567, 171
Trd, 000200.633, 172
Trd, 000200.867, 173
Trd, 000200.900, 162
Trd, 000201.933, 162
Trd, 000202.683, 170
Trd, 000202.833, 171
Trd, 000203.417, 164
Trd, 000203.850, 176
Trd, 000204.350, 178
Trd, 000205.217, 174
Trd, 000206.250, 170
Trd, 000206.400, 169
Trd, 000207.333, 169
Trd, 000207.417, 169
Trd, 000207.500, 170
Trd, 000207.517, 172
Trd, 000210.667, 166
Trd, 000210.850, 167
Trd, 000211.117, 167
Trd, 000211.617, 165
Trd, 000211.883, 167
Trd, 000212.583, 169
Trd, 000212.633, 170
Trd, 000213.833, 163
Trd, 000213.917, 163
Trd, 000213.967, 164
Trd, 000214.283, 182
Trd, 000214.433, 162
Trd, 000214.667, 185
Trd, 000215.417, 156
Trd, 000215.900, 174
Trd, 000218.100, 169
Trd, 000218.233, 170
Trd, 000218.483, 194
Trd, 000219.183, 177
Trd, 000219.200, 166
Trd, 000219.583, 170
Trd, 000220.867, 188
Trd, 000221.383, 189
Trd, 000221.500, 166
Trd, 000222.500, 168
Trd, 000223.883, 166
Trd, 000223.900, 167
Trd, 000224.117, 168
Trd, 000224.383, 169
Trd, 000224.717, 169
Trd, 000225.100, 153
Trd, 000225.117, 169
Trd, 000225.833, 170
Trd, 000225.850, 173
Trd, 000227.517, 173
Trd, 000227.700, 167
Trd, 000228.817, 167
Trd, 000229.217, 175
Trd, 000229.933, 183
Trd, 000230.433, 180
Trd, 000230.517, 171
Trd, 000230.650, 183
Trd, 000230.983, 170
Trd, 000231.517, 179
Trd, 000232.183, 154
Trd, 000232.517, 172
Trd, 000232.850, 152
Trd, 000233.683, 170
Trd, 000234.550, 169
Trd, 000234.817, 171
Trd, 000236.400, 170
Trd, 000237.150, 180
Trd, 000237.817, 174
Trd, 000238.133, 172
Trd, 000238.600, 175
Trd, 000239.917, 175
Trd, 000240.267, 174
Trd, 000240.683, 175
Trd, 000241.033, 175
Trd, 000241.550, 184
Trd, 000242.033, 185
Trd, 000242.083, 182
Trd, 000242.967, 185
Trd, 000243.933, 181
Trd, 000244.017, 181
Trd, 000244.750, 179
Trd, 000244.783, 179
Trd, 000245.417, 179
Trd, 000245.450, 179
Trd, 000246.350, 179
Trd, 000246.400, 180
Trd, 000246.817, 172
Trd, 000247.200, 180
Trd, 000247.583, 159
Trd, 000248.117, 180
Trd, 000248.533, 176
Trd, 000249.450, 172
Trd, 000250.350, 173
Trd, 000250.500, 174
Trd, 000250.683, 177
Trd, 000251.033, 172
Trd, 000251.267, 177
Trd, 000251.633, 177
Trd, 000252.250, 176
Trd, 000252.300, 169
Trd, 000253.333, 176
Trd, 000253.500, 177
Trd, 000253.850, 178
Trd, 000253.967, 180
Trd, 000254.350, 187
Trd, 000255.667, 184
Trd, 000255.850, 192
Trd, 000256.017, 180
Trd, 000256.233, 193
Trd, 000258.000, 191
Trd, 000258.200, 187
Trd, 000258.617, 186
Trd, 000258.900, 185
Trd, 000259.250, 185
Trd, 000259.400, 185
Trd, 000259.783, 184
Trd, 000259.833, 186
Trd, 000260.633, 181
Trd, 000260.917, 178
Trd, 000261.217, 176
Trd, 000262.667, 159
Trd, 000263.500, 175
Trd, 000263.800, 170
Trd, 000263.983, 176
Trd, 000264.767, 175
Trd, 000265.650, 176
Trd, 000266.117, 177
Trd, 000266.650, 186
Trd, 000267.417, 186
Trd, 000268.067, 183
Trd, 000268.683, 182
Trd, 000269.017, 180
Trd, 000269.633, 181
Trd, 000269.833, 185
Trd, 000270.483, 186
Trd, 000270.500, 189
Trd, 000270.633, 182
Trd, 000271.100, 194
Trd, 000271.117, 176
Trd, 000271.750, 194
Trd, 000272.000, 189
Trd, 000272.667, 188
Trd, 000273.583, 175
Trd, 000273.650, 188
Trd, 000273.817, 186
Trd, 000273.917, 183
Trd, 000274.517, 181
Trd, 000274.533, 186
Trd, 000274.750, 187
Trd, 000275.033, 191
Trd, 000275.333, 195
Trd, 000275.567, 202
Trd, 000276.717, 196
Trd, 000276.800, 189
Trd, 000277.433, 186
Trd, 000278.350, 185
Trd, 000278.550, 187
Trd, 000279.167, 184
Trd, 000279.317, 183
Trd, 000280.367, 181
Trd, 000280.467, 180
Trd, 000280.850, 181
Trd, 000281.050, 183
Trd, 000281.633, 172
Trd, 000281.800, 174
Trd, 000282.017, 176
Trd, 000282.283, 190
Trd, 000282.300, 161
Trd, 000283.467, 191
Trd, 000283.733, 196
Trd, 000284.317, 194
Trd, 000284.483, 189
Trd, 000285.767, 189
Trd, 000286.183, 186
Trd, 000286.350, 183
Trd, 000286.700, 187
Trd, 000287.617, 184
Trd, 000287.667, 185
Trd, 000287.817, 178
Trd, 000288.633, 187
Trd, 000288.733, 184
Trd, 000289.000, 188
Trd, 000290.317, 183
Trd, 000290.617, 185
Trd, 000290.650, 187
Trd, 000291.217, 186
Trd, 000291.333, 187
Trd, 000292.483, 184
Trd, 000293.467, 183
Trd, 000293.883, 177
Trd, 000294.350, 185
Trd, 000294.383, 185
Trd, 000294.633, 184
Trd, 000294.767, 183
Trd, 000295.567, 183
Trd, 000296.717, 180
Trd, 000296.833, 183
Trd, 000296.983, 191
Trd, 000297.150, 197
Trd, 000297.233, 179
Trd, 000297.367, 202
Trd, 000298.167, 184
Trd, 000299.017, 204
Trd, 000299.050, 192
Trd, 000299.100, 200
Trd, 000299.400, 185
