Trd, 000002.167, 172
Trd, 000003.117, 163
Trd, 000003.567, 158
Trd, 000003.633, 153
Trd, 000004.250, 155
Trd, 000004.300, 151
Trd, 000004.967, 145
Trd, 000005.633, 155
Trd, 000006.650, 141
Trd, 000006.750, 158
Trd, 000007.133, 161
Trd, 000007.367, 157
Trd, 000007.383, 156
Trd, 000008.217, 156
Trd, 000008.900, 145
Trd, 000009.617, 148
Trd, 000011.200, 152
Trd, 000012.033, 152
Trd, 000012.700, 152
Trd, 000012.767, 159
Trd, 000013.200, 166
Trd, 000013.517, 163
Trd, 000013.617, 150
Trd, 000014.083, 149
Trd, 000016.283, 155
Trd, 000017.117, 152
Trd, 000017.783, 152
Trd, 000018.067, 151
Trd, 000018.533, 152
Trd, 000018.717, 159
Trd, 000019.533, 151
Trd, 000019.567, 150
Trd, 000019.667, 156
Trd, 000020.450, 157
Trd, 000020.933, 159
Trd, 000022.233, 155
Trd, 000023.817, 153
Trd, 000023.950, 157
Trd, 000024.067, 148
Trd, 000024.117, 160
Trd, 000024.800, 158
Trd, 000025.383, 155
Trd, 000025.500, 156
Trd, 000025.983, 156
Trd, 000026.733, 153
Trd, 000027.017, 158
Trd, 000027.783, 166
Trd, 000028.417, 152
Trd, 000028.517, 151
Trd, 000028.583, 150
Trd, 000030.017, 143
Trd, 000031.050, 158
Trd, 000031.217, 147
Trd, 000031.300, 154
Trd, 000031.317, 147
Trd, 000031.767, 157
Trd, 000032.183, 158
Trd, 000032.850, 156
Trd, 000033.683, 149
Trd, 000034.683, 154
Trd, 000034.900, 160
Trd, 000034.967, 161
Trd, 000035.433, 178
Trd, 000035.717, 182
Trd, 000036.033, 165
Trd, 000036.550, 187
Trd, 000036.667, 167
Trd, 000036.817, 171
Trd, 000037.383, 164
Trd, 000037.950, 175
Trd, 000038.067, 155
Trd, 000038.517, 159
Trd, 000039.583, 158
Trd, 000040.650, 157
Trd, 000041.533, 159
Trd, 000041.667, 159
Trd, 000041.767, 157
Trd, 000043.550, 145
Trd, 000043.767, 149
Trd, 000043.783, 145
Trd, 000043.950, 155
Trd, 000044.683, 148
Trd, 000044.850, 160
Trd, 000045.033, 161
Trd, 000045.383, 147
Trd, 000046.200, 150
Trd, 000046.350, 162
Trd, 000046.650, 163
Trd, 000046.683, 149
Trd, 000047.067, 145
Trd, 000048.150, 147
Trd, 000049.433, 136
Trd, 000049.967, 148
Trd, 000050.150, 149
Trd, 000050.200, 150
Trd, 000051.400, 150
Trd, 000051.867, 170
Trd, 000051.883, 157
Trd, 000052.083, 154
Trd, 000052.750, 187
Trd, 000053.617, 167
Trd, 000055.100, 163
Trd, 000055.200, 164
Trd, 000055.533, 159
Trd, 000055.833, 147
Trd, 000056.283, 150
Trd, 000056.767, 154
Trd, 000057.150, 148
Trd, 000057.933, 152
Trd, 000058.700, 151
Trd, 000059.100, 150
Trd, 000059.267, 147
Trd, 000059.350, 154
Trd, 000059.967, 154
Trd, 000060.133, 161
Trd, 000061.283, 164
Trd, 000061.517, 171
Trd, 000062.333, 169
Trd, 000062.350, 164
Trd, 000063.583, 169
Trd, 000063.767, 167
Trd, 000064.717, 169
Trd, 000065.000, 158
Trd, 000065.300, 161
Trd, 000065.367, 161
Trd, 000065.617, 157
Trd, 000066.900, 159
Trd, 000067.450, 156
Trd, 000067.533, 153
Trd, 000069.200, 156
Trd, 000069.450, 155
Trd, 000069.517, 152
Trd, 000069.617, 156
Trd, 000069.933, 165
Trd, 000070.233, 172
Trd, 000071.217, 151
Trd, 000071.617, 150
Trd, 000071.683, 158
Trd, 000072.317, 157
Trd, 000072.550, 148
Trd, 000073.717, 157
Trd, 000074.683, 159
Trd, 000074.767, 149
Trd, 000076.033, 157
Trd, 000077.033, 155
Trd, 000077.950, 153
Trd, 000078.467, 155
Trd, 000079.233, 156
Trd, 000079.267, 166
Trd, 000080.033, 162
Trd, 000080.200, 161
Trd, 000080.850, 156
Trd, 000081.950, 159
Trd, 000082.117, 173
Trd, 000082.617, 164
Trd, 000082.683, 161
Trd, 000082.833, 163
Trd, 000083.017, 172
Trd, 000083.583, 155
Trd, 000084.833, 169
Trd, 000085.250, 160
Trd, 000085.517, 159
Trd, 000086.433, 165
Trd, 000086.950, 160
Trd, 000087.450, 158
Trd, 000087.550, 164
Trd, 000088.833, 160
Trd, 000088.900, 161
Trd, 000089.133, 162
Trd, 000089.867, 161
Trd, 000090.333, 159
Trd, 000090.717, 157
Trd, 000092.633, 158
Trd, 000093.267, 156
Trd, 000093.367, 156
Trd, 000093.750, 156
Trd, 000094.350, 155
Trd, 000094.800, 157
Trd, 000094.967, 158
Trd, 000095.150, 164
Trd, 000096.083, 160
Trd, 000096.567, 161
Trd, 000096.867, 162
Trd, 000097.400, 157
Trd, 000097.450, 165
Trd, 000097.917, 157
Trd, 000098.683, 161
Trd, 000098.967, 157
Trd, 000099.367, 162
Trd, 000100.417, 160
Trd, 000100.917, 158
Trd, 000101.200, 159
Trd, 000101.317, 160
Trd, 000101.800, 155
Trd, 000102.300, 159
Trd, 000102.350, 160
Trd, 000102.650, 161
Trd, 000104.000, 161
Trd, 000104.983, 162
Trd, 000105.117, 163
Trd, 000106.283, 165
Trd, 000106.750, 167
Trd, 000107.400, 168
Trd, 000107.817, 170
Trd, 000108.000, 183
Trd, 000108.600, 169
Trd, 000109.017, 168
Trd, 000109.617, 155
Trd, 000109.683, 185
Trd, 000110.017, 181
Trd, 000111.350, 178
Trd, 000111.783, 178
Trd, 000111.850, 177
Trd, 000112.517, 176
Trd, 000113.683, 172
Trd, 000114.550, 169
Trd, 000114.950, 173
Trd, 000115.600, 169
Trd, 000116.167, 171
Trd, 000116.683, 166
Trd, 000117.050, 162
Trd, 000118.050, 157
Trd, 000118.600, 156
Trd, 000118.667, 148
Trd, 000118.750, 162
Trd, 000119.317, 166
Trd, 000120.100, 154
Trd, 000120.417, 163
Trd, 000120.467, 153
Trd, 000120.550, 164
Trd, 000121.050, 163
Trd, 000121.617, 158
Trd, 000121.717, 158
Trd, 000122.833, 157
Trd, 000123.250, 161
Trd, 000124.533, 156
Trd, 000124.567, 154
Trd, 000124.700, 163
Trd, 000125.317, 153
Trd, 000126.850, 162
Trd, 000127.483, 162
Trd, 000128.233, 164
Trd, 000128.783, 165
Trd, 000129.967, 162
Trd, 000130.000, 160
Trd, 000130.683, 165
Trd, 000130.700, 168
Trd, 000130.950, 168
Trd, 000131.300, 162
Trd, 000132.100, 161
Trd, 000132.183, 171
Trd, 000133.117, 160
Trd, 000133.350, 158
Trd, 000133.783, 169
Trd, 000133.983, 175
Trd, 000134.217, 164
Trd, 000135.733, 171
Trd, 000136.833, 170
Trd, 000137.133, 172
Trd, 000137.550, 172
Trd, 000138.367, 171
Trd, 000138.383, 169
Trd, 000139.467, 169
Trd, 000140.817, 167
Trd, 000140.983, 165
Trd, 000141.133, 172
Trd, 000141.600, 169
Trd, 000141.867, 168
Trd, 000142.500, 171
Trd, 000142.817, 169
Trd, 000142.917, 165
Trd, 000143.850, 167
Trd, 000143.917, 165
Trd, 000145.067, 163
Trd, 000145.167, 160
Trd, 000145.500, 168
Trd, 000145.667, 168
Trd, 000146.867, 169
Trd, 000147.017, 165
Trd, 000147.650, 166
Trd, 000148.733, 166
Trd, 000148.817, 166
Trd, 000148.983, 167
Trd, 000149.667, 168
Trd, 000150.083, 168
Trd, 000150.183, 166
Trd, 000150.417, 170
Trd, 000151.300, 172
Trd, 000153.500, 167
Trd, 000153.633, 168
Trd, 000153.950, 169
Trd, 000154.050, 168
Trd, 000154.217, 171
Trd, 000155.567, 166
Trd, 000155.583, 166
Trd, 000156.650, 170
Trd, 000156.850, 169
Trd, 000158.050, 169
Trd, 000158.483, 168
Trd, 000158.817, 168
Trd, 000159.517, 167
Trd, 000160.050, 170
Trd, 000160.233, 171
Trd, 000160.667, 168
Trd, 000160.783, 174
Trd, 000161.750, 163
Trd, 000162.400, 151
Trd, 000163.183, 167
Trd, 000163.400, 162
Trd, 000163.867, 168
Trd, 000164.067, 168
Trd, 000164.117, 171
Trd, 000164.400, 173
Trd, 000164.767, 165
Trd, 000165.450, 165
Trd, 000166.967, 171
Trd, 000167.550, 172
Trd, 000168.933, 166
Trd, 000169.050, 171
Trd, 000169.800, 174
Trd, 000170.183, 165
Trd, 000170.650, 164
Trd, 000170.667, 161
Trd, 000170.683, 160
Trd, 000171.733, 167
Trd, 000173.150, 164
Trd, 000173.867, 162
Trd, 000174.150, 164
Trd, 000174.433, 163
Trd, 000174.783, 162
Trd, 000174.800, 165
Trd, 000176.200, 165
Trd, 000176.483, 163
Trd, 000176.950, 166
Trd, 000177.267, 164
Trd, 000177.783, 166
Trd, 000178.217, 167
Trd, 000178.667, 164
Trd, 000178.933, 172
Trd, 000179.267, 169
Trd, 000180.300, 166
Trd, 000181.267, 168
Trd, 000181.350, 166
Trd, 000181.550, 168
Trd, 000182.150, 165
Trd, 000182.717, 169
Trd, 000183.617, 155
Trd, 000183.700, 137
Trd, 000184.433, 154
Trd, 000185.250, 149
Trd, 000185.683, 166
Trd, 000186.100, 174
Trd, 000186.167, 175
Trd, 000186.617, 150
Trd, 000187.233, 170
Trd, 000187.350, 165
Trd, 000188.167, 162
Trd, 000188.250, 163
Trd, 000188.767, 160
Trd, 000189.000, 156
Trd, 000189.050, 164
Trd, 000191.200, 166
Trd, 000191.233, 166
Trd, 000191.433, 169
Trd, 000192.033, 173
Trd, 000193.083, 166
Trd, 000193.417, 169
Trd, 000193.583, 168
Trd, 000193.633, 173
Trd, 000193.850, 174
Trd, 000194.283, 170
Trd, 000194.483, 173
Trd, 000194.717, 170
Trd, 000195.750, 170
Trd, 000196.533, 172
Trd, 000198.933, 172
Trd, 000199.350, 168
Trd, 000199.600, 173
Trd, 000200.250, 173
Trd, 000200.717, 168
Trd, 000200.800, 166
Trd, 000201.283, 167
Trd, 000201.533, 168
Trd, 000202.100, 168
Trd, 000202.650, 171
Trd, 000203.067, 172
Trd, 000203.217, 166
Trd, 000204.517, 176
Trd, 000205.333, 174
Trd, 000205.950, 173
Trd, 000206.183, 175
Trd, 000206.283, 173
Trd, 000207.783, 171
Trd, 000207.867, 167
Trd, 000209.350, 156
Trd, 000209.417, 161
Trd, 000209.783, 170
Trd, 000210.567, 172
Trd, 000210.683, 174
Trd, 000210.750, 166
Trd, 000210.883, 165
Trd, 000211.267, 186
Trd, 000212.350, 172
Trd, 000212.850, 168
Trd, 000213.533, 169
Trd, 000214.017, 171
Trd, 000214.517, 172
Trd, 000215.283, 172
Trd, 000215.400, 176
Trd, 000215.483, 179
Trd, 000215.633, 171
Trd, 000217.017, 171
Trd, 000217.033, 194
Trd, 000218.333, 173
Trd, 000218.367, 170
Trd, 000219.767, 177
Trd, 000220.683, 177
Trd, 000220.700, 170
Trd, 000220.767, 177
Trd, 000222.917, 171
Trd, 000223.350, 186
Trd, 000224.167, 177
Trd, 000224.217, 177
Trd, 000224.500, 174
Trd, 000224.550, 173
Trd, 000225.017, 168
Trd, 000225.983, 168
Trd, 000226.300, 168
Trd, 000226.517, 167
Trd, 000226.850, 169
Trd, 000227.383, 169
Trd, 000227.433, 176
Trd, 000227.667, 169
Trd, 000227.683, 180
Trd, 000230.367, 175
Trd, 000231.150, 176
Trd, 000231.450, 176
Trd, 000232.450, 174
Trd, 000232.467, 174
Trd, 000232.750, 175
Trd, 000233.067, 174
Trd, 000233.217, 176
Trd, 000233.750, 173
Trd, 000234.067, 169
Trd, 000234.450, 164
Trd, 000234.850, 172
Trd, 000235.367, 172
Trd, 000235.817, 173
Trd, 000236.383, 178
Trd, 000236.633, 182
Trd, 000238.433, 187
Trd, 000238.467, 184
Trd, 000238.517, 177
Trd, 000239.067, 198
Trd, 000239.850, 179
Trd, 000241.000, 180
Trd, 000241.200, 181
Trd, 000241.700, 180
Trd, 000241.817, 181
Trd, 000242.433, 180
Trd, 000242.533, 180
Trd, 000242.650, 168
Trd, 000242.817, 165
Trd, 000243.133, 175
Trd, 000243.400, 175
Trd, 000243.650, 176
Trd, 000244.233, 175
Trd, 000244.383, 172
Trd, 000245.717, 175
Trd, 000246.350, 177
Trd, 000246.500, 176
Trd, 000246.767, 177
Trd, 000247.367, 175
Trd, 000247.917, 173
Trd, 000248.167, 175
Trd, 000248.233, 171
Trd, 000248.317, 177
Trd, 000249.133, 180
Trd, 000249.417, 173
Trd, 000249.817, 180
Trd, 000250.050, 181
Trd, 000251.733, 178
Trd, 000252.500, 176
Trd, 000253.583, 179
Trd, 000253.600, 177
Trd, 000253.700, 175
Trd, 000254.367, 176
Trd, 000254.567, 177
Trd, 000254.650, 174
Trd, 000256.167, 175
Trd, 000256.200, 176
Trd, 000256.450, 172
Trd, 000256.500, 176
Trd, 000256.917, 170
Trd, 000257.250, 174
Trd, 000257.567, 175
Trd, 000257.583, 170
Trd, 000257.667, 177
Trd, 000258.050, 177
Trd, 000258.100, 179
Trd, 000259.400, 174
Trd, 000259.550, 177
Trd, 000260.017, 175
Trd, 000260.633, 176
Trd, 000260.933, 175
Trd, 000262.067, 178
Trd, 000262.733, 178
Trd, 000262.967, 175
Trd, 000263.283, 179
Trd, 000263.417, 173
Trd, 000263.583, 179
Trd, 000263.833, 172
Trd, 000265.117, 177
Trd, 000265.617, 177
Trd, 000266.500, 173
Trd, 000266.733, 177
Trd, 000266.783, 178
Trd, 000267.117, 172
Trd, 000267.183, 170
Trd, 000267.300, 176
Trd, 000268.767, 177
Trd, 000268.900, 174
Trd, 000268.983, 177
Trd, 000269.300, 168
Trd, 000269.900, 163
Trd, 000270.167, 162
Trd, 000271.217, 163
Trd, 000271.617, 168
Trd, 000271.667, 175
Trd, 000272.117, 178
Trd, 000272.217, 182
Trd, 000273.133, 183
Trd, 000273.650, 181
Trd, 000274.083, 176
Trd, 000274.233, 177
Trd, 000275.267, 176
Trd, 000275.300, 173
Trd, 000276.067, 178
Trd, 000276.167, 179
Trd, 000277.300, 175
Trd, 000277.567, 177
Trd, 000278.283, 180
Trd, 000279.017, 179
Trd, 000279.267, 178
Trd, 000279.467, 181
Trd, 000279.483, 177
Trd, 000279.717, 181
Trd, 000280.017, 181
Trd, 000280.150, 182
Trd, 000280.533, 175
Trd, 000280.917, 183
Trd, 000281.400, 186
Trd, 000282.083, 183
Trd, 000282.233, 179
Trd, 000282.700, 192
Trd, 000283.717, 188
Trd, 000284.150, 189
Trd, 000284.167, 191
Trd, 000284.667, 179
Trd, 000285.217, 174
Trd, 000285.267, 178
Trd, 000285.467, 179
Trd, 000286.417, 177
Trd, 000287.600, 176
Trd, 000287.967, 177
Trd, 000288.083, 182
Trd, 000288.250, 184
Trd, 000288.433, 182
Trd, 000288.700, 175
Trd, 000289.150, 178
Trd, 000289.183, 180
Trd, 000289.517, 180
Trd, 000289.600, 172
Trd, 000290.400, 175
Trd, 000291.200, 174
Trd, 000291.283, 182
Trd, 000291.567, 174
Trd, 000292.433, 174
Trd, 000292.567, 174
Trd, 000293.350, 172
Trd, 000293.417, 170
Trd, 000293.533, 176
Trd, 000293.917, 177
Trd, 000294.100, 163
Trd, 000294.350, 178
Trd, 000295.400, 184
Trd, 000295.733, 173
Trd, 000295.750, 187
Trd, 000296.250, 181
Trd, 000296.900, 171
Trd, 000297.300, 164
Trd, 000297.517, 180
Trd, 000298.317, 179
Trd, 000298.400, 181
Trd, 000298.683, 184
Trd, 000299.400, 176
Trd, 000299.483, 180
Trd, 000299.700, 175
