Trd, 000002.033, 100
Trd, 000002.800, 132
Trd, 000003.250, 148
Trd, 000003.350, 158
Trd, 000003.500, 110
Trd, 000003.750, 179
Trd, 000004.183, 110
Trd, 000004.800, 126
Trd, 000006.450, 145
Trd, 000006.600, 146
Trd, 000007.267, 145
Trd, 000007.750, 147
Trd, 000008.100, 146
Trd, 000008.383, 145
Trd, 000008.800, 145
Trd, 000010.600, 144
Trd, 000010.833, 145
Trd, 000010.850, 140
Trd, 000011.300, 146
Trd, 000011.500, 145
Trd, 000011.567, 149
Trd, 000012.250, 148
Trd, 000013.033, 145
Trd, 000014.567, 142
Trd, 000015.017, 141
Trd, 000015.067, 140
Trd, 000015.267, 146
Trd, 000015.850, 144
Trd, 000016.083, 139
Trd, 000016.550, 145
Trd, 000017.250, 145
Trd, 000018.467, 145
Trd, 000018.800, 140
Trd, 000019.100, 139
Trd, 000020.900, 142
Trd, 000021.000, 145
Trd, 000022.550, 146
Trd, 000023.467, 142
Trd, 000023.600, 150
Trd, 000024.950, 149
Trd, 000025.167, 159
Trd, 000025.350, 157
Trd, 000026.000, 150
Trd, 000026.433, 143
Trd, 000026.633, 160
Trd, 000026.867, 173
Trd, 000028.017, 166
Trd, 000028.200, 157
Trd, 000028.700, 157
Trd, 000029.150, 155
Trd, 000029.383, 141
Trd, 000029.400, 140
Trd, 000029.750, 151
Trd, 000029.850, 160
Trd, 000030.683, 155
Trd, 000031.383, 147
Trd, 000031.450, 156
Trd, 000031.633, 130
Trd, 000031.850, 150
Trd, 000033.083, 136
Trd, 000034.050, 148
Trd, 000034.117, 155
Trd, 000034.200, 158
Trd, 000034.867, 149
Trd, 000035.167, 158
Trd, 000035.350, 157
Trd, 000036.200, 160
Trd, 000036.850, 143
Trd, 000037.783, 146
Trd, 000038.550, 146
Trd, 000038.767, 152
Trd, 000039.000, 151
Trd, 000039.133, 146
Trd, 000039.817, 150
Trd, 000040.033, 162
Trd, 000040.317, 158
Trd, 000040.733, 157
Trd, 000041.617, 162
Trd, 000043.967, 156
Trd, 000044.000, 155
Trd, 000044.667, 154
Trd, 000045.383, 156
Trd, 000045.683, 156
Trd, 000046.033, 152
Trd, 000046.283, 157
Trd, 000047.667, 145
Trd, 000047.783, 144
Trd, 000048.983, 155
Trd, 000049.100, 142
Trd, 000049.833, 174
Trd, 000050.733, 154
Trd, 000051.567, 162
Trd, 000051.700, 158
Trd, 000052.033, 143
Trd, 000052.450, 160
Trd, 000053.083, 154
Trd, 000054.467, 156
Trd, 000054.917, 153
Trd, 000056.400, 152
Trd, 000056.583, 147
Trd, 000056.700, 144
Trd, 000056.983, 143
Trd, 000057.067, 151
Trd, 000057.700, 151
Trd, 000058.683, 146
Trd, 000060.233, 151
Trd, 000060.767, 151
Trd, 000060.933, 154
Trd, 000061.050, 154
Trd, 000061.283, 150
Trd, 000061.883, 148
Trd, 000062.217, 156
Trd, 000062.283, 164
Trd, 000062.617, 146
Trd, 000063.717, 161
Trd, 000063.750, 145
Trd, 000064.833, 159
Trd, 000065.767, 144
Trd, 000066.550, 146
Trd, 000066.683, 149
Trd, 000068.083, 149
Trd, 000068.233, 146
Trd, 000068.367, 150
Trd, 000068.817, 145
Trd, 000068.900, 152
Trd, 000069.117, 144
Trd, 000069.283, 152
Trd, 000069.967, 155
Trd, 000071.850, 151
Trd, 000072.833, 155
Trd, 000074.200, 160
Trd, 000074.783, 175
Trd, 000074.800, 158
Trd, 000075.450, 166
Trd, 000075.583, 162
Trd, 000075.850, 156
Trd, 000076.583, 165
Trd, 000077.883, 159
Trd, 000078.183, 162
Trd, 000078.717, 163
Trd, 000078.900, 160
Trd, 000079.117, 156
Trd, 000079.200, 162
Trd, 000079.833, 161
Trd, 000080.217, 176
Trd, 000080.983, 149
Trd, 000081.067, 180
Trd, 000081.383, 145
Trd, 000082.233, 165
Trd, 000084.067, 155
Trd, 000084.467, 155
Trd, 000084.650, 155
Trd, 000084.683, 154
Trd, 000084.700, 155
Trd, 000084.917, 152
Trd, 000085.450, 166
Trd, 000086.683, 181
Trd, 000086.750, 180
Trd, 000087.350, 156
Trd, 000087.567, 149
Trd, 000087.883, 139
Trd, 000088.167, 146
Trd, 000088.250, 154
Trd, 000088.450, 157
Trd, 000089.717, 164
Trd, 000090.300, 150
Trd, 000090.317, 149
Trd, 000091.633, 163
Trd, 000093.083, 157
Trd, 000093.167, 160
Trd, 000093.950, 159
Trd, 000094.017, 166
Trd, 000095.200, 163
Trd, 000095.683, 156
Trd, 000096.183, 161
Trd, 000096.517, 167
Trd, 000096.583, 161
Trd, 000097.100, 175
Trd, 000097.183, 160
Trd, 000098.483, 148
Trd, 000099.750, 165
Trd, 000099.800, 158
Trd, 000100.283, 136
Trd, 000100.583, 164
Trd, 000100.667, 136
Trd, 000101.117, 160
Trd, 000101.217, 165
Trd, 000101.750, 167
Trd, 000102.133, 168
Trd, 000103.350, 150
Trd, 000103.383, 149
Trd, 000103.417, 153
Trd, 000103.633, 148
Trd, 000103.667, 147
Trd, 000104.367, 154
Trd, 000106.300, 153
Trd, 000106.600, 155
Trd, 000107.833, 168
Trd, 000107.900, 167
Trd, 000109.567, 159
Trd, 000110.133, 158
Trd, 000110.450, 149
Trd, 000111.783, 154
Trd, 000112.733, 152
Trd, 000113.450, 153
Trd, 000115.300, 153
Trd, 000115.617, 154
Trd, 000115.817, 154
Trd, 000116.133, 154
Trd, 000116.683, 154
Trd, 000117.217, 155
Trd, 000117.333, 152
Trd, 000117.900, 157
Trd, 000118.283, 159
Trd, 000119.283, 158
Trd, 000120.450, 170
Trd, 000120.667, 160
Trd, 000121.700, 160
Trd, 000122.383, 163
Trd, 000122.433, 165
Trd, 000122.733, 159
Trd, 000123.217, 151
Trd, 000123.400, 164
Trd, 000124.200, 162
Trd, 000124.567, 161
Trd, 000125.800, 158
Trd, 000125.867, 152
Trd, 000126.133, 150
Trd, 000126.350, 161
Trd, 000127.233, 169
Trd, 000128.550, 166
Trd, 000129.000, 168
Trd, 000130.550, 170
Trd, 000131.383, 170
Trd, 000131.683, 168
Trd, 000131.733, 166
Trd, 000131.983, 165
Trd, 000133.150, 152
Trd, 000133.400, 161
Trd, 000134.200, 151
Trd, 000135.033, 156
Trd, 000135.183, 155
Trd, 000135.217, 156
Trd, 000135.300, 157
Trd, 000135.783, 157
Trd, 000136.650, 153
Trd, 000137.250, 158
Trd, 000137.650, 157
Trd, 000137.667, 160
Trd, 000138.000, 163
Trd, 000138.217, 153
Trd, 000139.717, 165
Trd, 000141.133, 154
Trd, 000141.633, 162
Trd, 000141.750, 163
Trd, 000142.067, 165
Trd, 000142.833, 162
Trd, 000144.567, 151
Trd, 000145.700, 154
Trd, 000145.983, 154
Trd, 000146.167, 155
Trd, 000146.233, 153
Trd, 000146.700, 157
Trd, 000146.817, 162
Trd, 000146.967, 163
Trd, 000148.333, 163
Trd, 000148.650, 165
Trd, 000149.500, 154
Trd, 000150.583, 167
Trd, 000151.050, 154
Trd, 000151.250, 181
Trd, 000153.583, 160
Trd, 000153.700, 171
Trd, 000153.850, 171
Trd, 000154.133, 160
Trd, 000155.383, 163
Trd, 000155.467, 173
Trd, 000156.217, 170
Trd, 000156.867, 152
Trd, 000157.183, 163
Trd, 000157.300, 153
Trd, 000158.117, 163
Trd, 000159.583, 148
Trd, 000160.267, 162
Trd, 000160.350, 151
Trd, 000160.733, 162
Trd, 000160.833, 164
Trd, 000161.333, 172
Trd, 000163.367, 164
Trd, 000163.767, 164
Trd, 000163.817, 166
Trd, 000164.367, 163
Trd, 000164.650, 167
Trd, 000166.683, 164
Trd, 000166.933, 163
Trd, 000167.900, 164
Trd, 000168.317, 163
Trd, 000168.817, 162
Trd, 000168.950, 162
Trd, 000168.983, 165
Trd, 000169.933, 156
Trd, 000170.000, 172
Trd, 000170.050, 174
Trd, 000171.200, 167
Trd, 000171.750, 167
Trd, 000171.817, 166
Trd, 000172.117, 165
Trd, 000173.367, 170
Trd, 000174.567, 167
Trd, 000174.733, 169
Trd, 000175.450, 169
Trd, 000176.117, 168
Trd, 000176.600, 170
Trd, 000177.067, 167
Trd, 000177.383, 173
Trd, 000177.667, 167
Trd, 000179.383, 158
Trd, 000179.750, 166
Trd, 000179.800, 169
Trd, 000179.883, 170
Trd, 000180.917, 166
Trd, 000181.117, 165
Trd, 000181.767, 189
Trd, 000183.817, 173
Trd, 000184.733, 170
Trd, 000185.117, 170
Trd, 000186.033, 173
Trd, 000186.183, 176
Trd, 000186.683, 169
Trd, 000186.750, 177
Trd, 000187.417, 166
Trd, 000187.583, 159
Trd, 000188.383, 157
Trd, 000188.500, 177
Trd, 000189.717, 166
Trd, 000190.167, 159
Trd, 000190.800, 167
Trd, 000191.183, 159
Trd, 000191.483, 196
Trd, 000192.050, 167
Trd, 000192.950, 161
Trd, 000195.167, 167
Trd, 000195.800, 169
Trd, 000195.900, 170
Trd, 000196.833, 171
Trd, 000197.300, 171
Trd, 000197.433, 170
Trd, 000198.017, 177
Trd, 000198.350, 160
Trd, 000198.367, 178
Trd, 000198.733, 190
Trd, 000199.000, 168
Trd, 000199.483, 174
Trd, 000200.383, 172
Trd, 000200.400, 171
Trd, 000200.617, 168
Trd, 000201.133, 189
Trd, 000202.467, 174
Trd, 000202.550, 176
Trd, 000203.200, 174
Trd, 000203.817, 175
Trd, 000204.883, 172
Trd, 000205.233, 168
Trd, 000205.483, 157
Trd, 000206.450, 167
Trd, 000207.333, 160
Trd, 000208.033, 168
Trd, 000208.117, 169
Trd, 000209.067, 174
Trd, 000209.650, 169
Trd, 000210.233, 169
Trd, 000210.383, 169
Trd, 000210.650, 170
Trd, 000211.917, 179
Trd, 000212.033, 173
Trd, 000212.067, 145
Trd, 000212.533, 164
Trd, 000213.517, 172
Trd, 000213.633, 179
Trd, 000213.917, 173
Trd, 000213.967, 172
Trd, 000214.333, 161
Trd, 000214.783, 163
Trd, 000216.400, 159
Trd, 000216.483, 165
Trd, 000216.567, 165
Trd, 000216.817, 175
Trd, 000217.733, 175
Trd, 000218.217, 170
Trd, 000220.433, 161
Trd, 000220.517, 160
Trd, 000221.183, 178
Trd, 000221.200, 180
Trd, 000221.233, 190
Trd, 000221.283, 159
Trd, 000223.100, 167
Trd, 000223.367, 168
Trd, 000223.550, 169
Trd, 000224.033, 165
Trd, 000224.650, 169
Trd, 000224.850, 170
Trd, 000225.367, 180
Trd, 000225.850, 163
Trd, 000227.667, 168
Trd, 000228.833, 167
Trd, 000229.300, 166
Trd, 000229.417, 167
Trd, 000230.217, 170
Trd, 000230.233, 169
Trd, 000230.250, 168
Trd, 000230.333, 181
Trd, 000230.683, 170
Trd, 000230.867, 171
Trd, 000232.083, 166
Trd, 000234.183, 169
Trd, 000235.067, 166
Trd, 000235.433, 168
Trd, 000235.567, 169
Trd, 000235.767, 171
Trd, 000236.817, 179
Trd, 000236.900, 163
Trd, 000237.317, 180
Trd, 000238.467, 170
Trd, 000238.517, 180
Trd, 000239.533, 172
Trd, 000239.550, 182
Trd, 000240.067, 168
Trd, 000240.750, 174
Trd, 000240.933, 175
Trd, 000241.017, 175
Trd, 000241.333, 175
Trd, 000241.533, 173
Trd, 000241.867, 175
Trd, 000242.033, 172
Trd, 000242.633, 172
Trd, 000243.583, 165
Trd, 000243.750, 163
Trd, 000243.917, 167
Trd, 000243.950, 186
Trd, 000245.267, 189
Trd, 000245.817, 188
Trd, 000246.300, 187
Trd, 000246.783, 186
Trd, 000247.417, 184
Trd, 000247.700, 189
Trd, 000248.300, 185
Trd, 000249.000, 181
Trd, 000249.133, 180
Trd, 000249.583, 183
Trd, 000249.850, 177
Trd, 000251.100, 182
Trd, 000251.217, 181
Trd, 000251.400, 183
Trd, 000251.433, 187
Trd, 000252.667, 176
Trd, 000253.150, 179
Trd, 000253.583, 181
Trd, 000254.067, 174
Trd, 000255.467, 178
Trd, 000255.567, 180
Trd, 000255.700, 181
Trd, 000256.300, 180
Trd, 000256.367, 177
Trd, 000256.433, 182
Trd, 000258.000, 183
Trd, 000258.583, 185
Trd, 000258.783, 174
Trd, 000259.617, 182
Trd, 000259.817, 170
Trd, 000260.700, 176
Trd, 000260.817, 179
Trd, 000261.517, 169
Trd, 000261.900, 174
Trd, 000262.267, 173
Trd, 000262.550, 170
Trd, 000262.567, 169
Trd, 000262.733, 184
Trd, 000263.533, 177
Trd, 000263.550, 178
Trd, 000264.750, 188
Trd, 000264.900, 184
Trd, 000265.383, 188
Trd, 000265.817, 181
Trd, 000266.450, 182
Trd, 000266.817, 185
Trd, 000267.050, 188
Trd, 000267.383, 194
Trd, 000268.367, 183
Trd, 000268.450, 189
Trd, 000268.533, 191
Trd, 000268.700, 192
Trd, 000269.033, 182
Trd, 000270.433, 180
Trd, 000270.800, 180
Trd, 000271.183, 176
Trd, 000271.400, 175
Trd, 000272.150, 173
Trd, 000272.250, 176
Trd, 000273.017, 173
Trd, 000273.117, 174
Trd, 000274.517, 179
Trd, 000275.333, 185
Trd, 000275.600, 195
Trd, 000276.267, 189
Trd, 000276.333, 180
Trd, 000276.417, 190
Trd, 000276.733, 187
Trd, 000276.883, 187
Trd, 000276.950, 186
Trd, 000276.983, 190
Trd, 000277.800, 186
Trd, 000278.083, 185
Trd, 000278.300, 178
Trd, 000278.717, 176
Trd, 000280.117, 180
Trd, 000280.150, 181
Trd, 000280.550, 180
Trd, 000280.750, 181
Trd, 000281.133, 182
Trd, 000281.683, 184
Trd, 000282.183, 185
Trd, 000282.400, 179
Trd, 000282.683, 169
Trd, 000283.017, 169
Trd, 000284.883, 186
Trd, 000285.300, 190
Trd, 000285.483, 197
Trd, 000285.767, 199
Trd, 000285.783, 180
Trd, 000286.533, 177
Trd, 000286.800, 177
Trd, 000286.850, 178
Trd, 000287.517, 173
Trd, 000288.317, 169
Trd, 000288.667, 172
Trd, 000288.783, 173
Trd, 000289.050, 168
Trd, 000289.617, 175
Trd, 000289.683, 177
Trd, 000290.067, 180
Trd, 000290.133, 168
Trd, 000291.117, 181
Trd, 000291.250, 182
Trd, 000291.633, 182
Trd, 000292.067, 182
Trd, 000292.317, 180
Trd, 000292.333, 177
Trd, 000292.350, 184
Trd, 000292.700, 187
Trd, 000294.000, 185
Trd, 000294.533, 183
Trd, 000294.933, 191
Trd, 000294.983, 197
Trd, 000295.050, 182
Trd, 000295.083, 180
Trd, 000295.917, 201
Trd, 000296.067, 201
Trd, 000296.700, 177
Trd, 000297.050, 178
Trd, 000297.467, 167
Trd, 000297.517, 177
Trd, 000297.833, 176
Trd, 000298.850, 169
Trd, 000298.917, 178
Trd, 000299.000, 166
Trd, 000299.383, 192
