Trd, 000001.683, 182
Trd, 000002.450, 146
Trd, 000003.967, 151
Trd, 000004.133, 153
Trd, 000004.417, 169
Trd, 000004.933, 152
Trd, 000005.617, 164
Trd, 000006.200, 156
Trd, 000006.650, 158
Trd, 000006.667, 157
Trd, 000006.700, 155
Trd, 000007.200, 155
Trd, 000007.250, 160
Trd, 000007.983, 160
Trd, 000008.233, 159
Trd, 000009.300, 155
Trd, 000009.983, 153
Trd, 000010.333, 155
Trd, 000010.567, 157
Trd, 000010.900, 154
Trd, 000010.967, 153
Trd, 000011.083, 155
Trd, 000012.067, 153
Trd, 000012.983, 152
Trd, 000013.783, 152
Trd, 000013.950, 151
Trd, 000014.083, 149
Trd, 000014.867, 145
Trd, 000015.100, 152
Trd, 000015.967, 147
Trd, 000016.250, 149
Trd, 000017.733, 141
Trd, 000018.050, 140
Trd, 000018.083, 145
Trd, 000018.467, 145
Trd, 000019.367, 143
Trd, 000020.033, 144
Trd, 000020.500, 145
Trd, 000021.333, 159
Trd, 000022.017, 161
Trd, 000022.567, 162
Trd, 000022.833, 162
Trd, 000024.250, 160
Trd, 000024.433, 161
Trd, 000024.750, 160
Trd, 000025.000, 159
Trd, 000025.417, 161
Trd, 000025.633, 160
Trd, 000025.950, 161
Trd, 000026.250, 162
Trd, 000026.400, 160
Trd, 000026.550, 160
Trd, 000026.617, 156
Trd, 000027.600, 154
Trd, 000027.733, 163
Trd, 000030.383, 159
Trd, 000030.433, 160
Trd, 000031.850, 161
Trd, 000032.250, 160
Trd, 000032.767, 161
Trd, 000032.967, 157
Trd, 000033.817, 158
Trd, 000034.017, 157
Trd, 000034.033, 160
Trd, 000034.567, 157
Trd, 000034.650, 161
Trd, 000034.700, 156
Trd, 000035.733, 161
Trd, 000035.933, 161
Trd, 000036.633, 157
Trd, 000037.700, 160
Trd, 000037.917, 162
Trd, 000038.300, 162
Trd, 000039.367, 164
Trd, 000039.450, 163
Trd, 000039.600, 166
Trd, 000039.617, 161
Trd, 000040.467, 165
Trd, 000040.783, 164
Trd, 000041.617, 164
Trd, 000042.567, 160
Trd, 000042.683, 158
Trd, 000042.950, 136
Trd, 000043.733, 137
Trd, 000043.883, 135
Trd, 000044.333, 139
Trd, 000045.983, 136
Trd, 000046.167, 137
Trd, 000046.283, 139
Trd, 000046.650, 141
Trd, 000048.033, 146
Trd, 000048.317, 150
Trd, 000049.533, 141
Trd, 000049.567, 142
Trd, 000049.783, 141
Trd, 000050.283, 169
Trd, 000050.550, 149
Trd, 000050.700, 141
Trd, 000052.250, 151
Trd, 000052.400, 168
Trd, 000053.317, 153
Trd, 000053.467, 152
Trd, 000053.600, 154
Trd, 000054.617, 155
Trd, 000054.767, 155
Trd, 000055.167, 153
Trd, 000055.483, 149
Trd, 000057.450, 146
Trd, 000057.467, 152
Trd, 000057.800, 158
Trd, 000059.167, 149
Trd, 000060.167, 154
Trd, 000060.200, 155
Trd, 000060.500, 153
Trd, 000060.550, 154
Trd, 000060.767, 155
Trd, 000060.950, 152
Trd, 000062.317, 157
Trd, 000063.733, 158
Trd, 000064.167, 159
Trd, 000064.383, 164
Trd, 000064.917, 161
Trd, 000065.333, 160
Trd, 000065.550, 158
Trd, 000065.750, 164
Trd, 000066.367, 165
Trd, 000067.883, 161
Trd, 000067.967, 162
Trd, 000068.333, 162
Trd, 000068.583, 163
Trd, 000068.800, 162
Trd, 000068.983, 161
Trd, 000069.167, 169
Trd, 000070.183, 168
Trd, 000070.783, 168
Trd, 000070.933, 167
Trd, 000071.567, 166
Trd, 000071.700, 168
Trd, 000072.800, 166
Trd, 000074.017, 163
Trd, 000074.033, 161
Trd, 000074.917, 162
Trd, 000075.017, 161
Trd, 000075.800, 163
Trd, 000076.033, 162
Trd, 000076.267, 161
Trd, 000076.683, 159
Trd, 000077.483, 160
Trd, 000078.533, 158
Trd, 000079.617, 157
Trd, 000079.633, 158
Trd, 000080.500, 156
Trd, 000081.083, 158
Trd, 000081.550, 157
Trd, 000082.283, 158
Trd, 000082.867, 155
Trd, 000082.900, 154
Trd, 000083.967, 154
Trd, 000084.550, 153
Trd, 000085.383, 153
Trd, 000085.500, 155
Trd, 000086.033, 155
Trd, 000086.133, 170
Trd, 000086.667, 160
Trd, 000086.867, 160
Trd, 000086.917, 160
Trd, 000086.983, 159
Trd, 000088.050, 160
Trd, 000088.367, 160
Trd, 000088.650, 162
Trd, 000089.300, 164
Trd, 000089.383, 171
Trd, 000089.500, 163
Trd, 000090.567, 172
Trd, 000090.883, 167
Trd, 000092.433, 172
Trd, 000093.000, 167
Trd, 000093.533, 172
Trd, 000093.817, 172
Trd, 000094.583, 156
Trd, 000095.650, 167
Trd, 000095.833, 170
Trd, 000096.050, 170
Trd, 000096.600, 162
Trd, 000098.800, 165
Trd, 000099.150, 164
Trd, 000100.033, 167
Trd, 000100.633, 162
Trd, 000100.833, 162
Trd, 000100.917, 167
Trd, 000101.817, 156
Trd, 000102.083, 156
Trd, 000103.233, 160
Trd, 000104.483, 160
Trd, 000104.783, 160
Trd, 000105.517, 159
Trd, 000105.933, 161
Trd, 000106.300, 162
Trd, 000106.683, 162
Trd, 000107.067, 168
Trd, 000107.433, 162
Trd, 000107.883, 160
Trd, 000108.700, 163
Trd, 000109.483, 163
Trd, 000109.867, 163
Trd, 000109.950, 164
Trd, 000110.700, 164
Trd, 000110.817, 163
Trd, 000111.133, 169
Trd, 000111.183, 159
Trd, 000112.133, 175
Trd, 000112.350, 160
Trd, 000112.833, 175
Trd, 000113.067, 175
Trd, 000113.583, 161
Trd, 000114.217, 165
Trd, 000114.450, 162
Trd, 000115.717, 164
Trd, 000115.917, 163
Trd, 000115.983, 160
Trd, 000116.050, 165
Trd, 000118.350, 165
Trd, 000118.383, 165
Trd, 000118.450, 164
Trd, 000119.500, 163
Trd, 000120.283, 162
Trd, 000121.000, 165
Trd, 000121.950, 163
Trd, 000122.167, 164
Trd, 000122.383, 161
Trd, 000124.750, 145
Trd, 000124.767, 154
Trd, 000125.000, 153
Trd, 000125.383, 170
Trd, 000125.750, 152
Trd, 000126.767, 153
Trd, 000127.017, 154
Trd, 000127.167, 156
Trd, 000128.233, 157
Trd, 000128.250, 154
Trd, 000128.667, 163
Trd, 000128.700, 171
Trd, 000128.817, 155
Trd, 000129.067, 154
Trd, 000129.717, 156
Trd, 000129.817, 153
Trd, 000130.083, 161
Trd, 000131.383, 161
Trd, 000132.050, 160
Trd, 000132.450, 158
Trd, 000132.667, 158
Trd, 000133.083, 151
Trd, 000134.150, 158
Trd, 000134.367, 158
Trd, 000134.700, 158
Trd, 000135.983, 164
Trd, 000136.033, 164
Trd, 000136.683, 166
Trd, 000136.800, 168
Trd, 000137.150, 165
Trd, 000138.883, 165
Trd, 000139.717, 168
Trd, 000139.883, 168
Trd, 000140.483, 168
Trd, 000141.083, 169
Trd, 000141.983, 168
Trd, 000142.083, 167
Trd, 000142.583, 167
Trd, 000143.150, 167
Trd, 000143.433, 166
Trd, 000143.617, 151
Trd, 000144.067, 168
Trd, 000144.233, 145
Trd, 000144.800, 167
Trd, 000145.700, 158
Trd, 000145.883, 168
Trd, 000147.300, 164
Trd, 000147.667, 165
Trd, 000147.717, 166
Trd, 000147.850, 168
Trd, 000148.117, 164
Trd, 000150.250, 166
Trd, 000151.233, 168
Trd, 000151.450, 168
Trd, 000151.783, 168
Trd, 000152.167, 169
Trd, 000153.383, 176
Trd, 000153.733, 168
Trd, 000153.800, 168
Trd, 000155.517, 171
Trd, 000156.233, 172
Trd, 000156.417, 170
Trd, 000156.583, 169
Trd, 000158.150, 168
Trd, 000158.300, 168
Trd, 000159.883, 168
Trd, 000160.200, 168
Trd, 000160.250, 169
Trd, 000161.467, 170
Trd, 000161.750, 174
Trd, 000162.133, 168
Trd, 000162.633, 177
Trd, 000163.300, 168
Trd, 000163.533, 167
Trd, 000164.933, 170
Trd, 000165.567, 171
Trd, 000166.517, 170
Trd, 000167.100, 172
Trd, 000167.950, 171
Trd, 000168.217, 161
Trd, 000169.500, 171
Trd, 000170.383, 170
Trd, 000170.733, 170
Trd, 000171.267, 170
Trd, 000171.667, 171
Trd, 000171.867, 176
Trd, 000172.283, 172
Trd, 000172.383, 171
Trd, 000172.417, 170
Trd, 000172.967, 174
Trd, 000173.433, 173
Trd, 000173.783, 173
Trd, 000173.883, 170
Trd, 000174.000, 169
Trd, 000174.600, 173
Trd, 000175.150, 167
Trd, 000175.717, 161
Trd, 000176.767, 174
Trd, 000178.100, 154
Trd, 000178.417, 155
Trd, 000178.883, 171
Trd, 000179.000, 176
Trd, 000179.683, 172
Trd, 000180.300, 164
Trd, 000181.033, 167
Trd, 000181.767, 168
Trd, 000182.450, 167
Trd, 000183.050, 167
Trd, 000183.467, 168
Trd, 000183.617, 169
Trd, 000184.550, 168
Trd, 000184.733, 169
Trd, 000185.133, 168
Trd, 000185.150, 169
Trd, 000185.483, 169
Trd, 000185.717, 168
Trd, 000186.317, 170
Trd, 000186.883, 170
Trd, 000187.683, 170
Trd, 000188.333, 173
Trd, 000188.783, 171
Trd, 000189.617, 170
Trd, 000189.633, 168
Trd, 000189.933, 173
Trd, 000191.117, 164
Trd, 000191.933, 169
Trd, 000192.617, 168
Trd, 000193.000, 167
Trd, 000193.183, 166
Trd, 000193.883, 166
Trd, 000194.167, 167
Trd, 000194.983, 164
Trd, 000195.017, 166
Trd, 000195.033, 163
Trd, 000195.733, 160
Trd, 000196.683, 165
Trd, 000197.650, 165
Trd, 000197.867, 165
Trd, 000198.783, 166
Trd, 000199.050, 177
Trd, 000199.200, 171
Trd, 000199.350, 169
Trd, 000199.467, 170
Trd, 000199.517, 169
Trd, 000201.083, 173
Trd, 000201.283, 181
Trd, 000201.667, 182
Trd, 000202.050, 177
Trd, 000202.783, 175
Trd, 000203.200, 175
Trd, 000203.350, 174
Trd, 000203.417, 175
Trd, 000205.083, 177
Trd, 000205.500, 175
Trd, 000207.233, 176
Trd, 000207.500, 177
Trd, 000207.633, 182
Trd, 000207.967, 181
Trd, 000208.317, 181
Trd, 000208.367, 179
Trd, 000208.600, 172
Trd, 000208.817, 167
Trd, 000209.983, 178
Trd, 000210.000, 169
Trd, 000210.850, 177
Trd, 000212.333, 176
Trd, 000212.783, 177
Trd, 000212.817, 178
Trd, 000212.900, 175
Trd, 000214.083, 173
Trd, 000215.200, 173
Trd, 000216.300, 173
Trd, 000216.350, 172
Trd, 000216.717, 174
Trd, 000217.433, 173
Trd, 000217.450, 174
Trd, 000217.617, 170
Trd, 000217.700, 176
Trd, 000217.817, 167
Trd, 000218.800, 168
Trd, 000219.550, 171
Trd, 000219.650, 171
Trd, 000220.267, 170
Trd, 000221.817, 168
Trd, 000221.850, 169
Trd, 000222.017, 172
Trd, 000222.300, 169
Trd, 000223.500, 166
Trd, 000225.633, 166
Trd, 000226.483, 166
Trd, 000227.083, 150
Trd, 000227.567, 160
Trd, 000227.900, 161
Trd, 000228.083, 161
Trd, 000228.867, 162
Trd, 000229.217, 163
Trd, 000230.100, 163
Trd, 000230.367, 162
Trd, 000230.717, 163
Trd, 000230.967, 162
Trd, 000231.233, 163
Trd, 000232.100, 162
Trd, 000232.517, 163
Trd, 000233.167, 162
Trd, 000233.267, 161
Trd, 000233.367, 161
Trd, 000233.400, 150
Trd, 000233.700, 154
Trd, 000234.167, 162
Trd, 000234.700, 163
Trd, 000236.017, 169
Trd, 000236.800, 175
Trd, 000236.933, 175
Trd, 000236.967, 180
Trd, 000238.100, 179
Trd, 000238.750, 177
Trd, 000238.850, 183
Trd, 000239.800, 179
Trd, 000240.183, 180
Trd, 000240.933, 181
Trd, 000241.150, 182
Trd, 000241.217, 180
Trd, 000241.700, 180
Trd, 000243.350, 170
Trd, 000243.767, 171
Trd, 000244.117, 172
Trd, 000244.583, 175
Trd, 000244.600, 173
Trd, 000245.400, 174
Trd, 000245.883, 174
Trd, 000246.050, 175
Trd, 000246.283, 173
Trd, 000246.783, 175
Trd, 000246.850, 174
Trd, 000246.917, 176
Trd, 000247.400, 179
Trd, 000247.967, 178
Trd, 000248.350, 175
Trd, 000248.617, 181
Trd, 000248.833, 181
Trd, 000249.333, 176
Trd, 000249.400, 174
Trd, 000250.583, 179
Trd, 000251.267, 171
Trd, 000251.300, 170
Trd, 000251.617, 172
Trd, 000253.267, 172
Trd, 000253.300, 174
Trd, 000253.350, 172
Trd, 000253.900, 173
Trd, 000253.950, 178
Trd, 000254.233, 172
Trd, 000254.617, 171
Trd, 000255.283, 169
Trd, 000255.817, 170
Trd, 000255.867, 173
Trd, 000256.600, 165
Trd, 000257.933, 167
Trd, 000258.583, 167
Trd, 000258.617, 163
Trd, 000259.650, 168
Trd, 000259.867, 167
Trd, 000260.600, 168
Trd, 000260.683, 168
Trd, 000260.783, 169
Trd, 000261.400, 169
Trd, 000261.433, 168
Trd, 000261.617, 168
Trd, 000261.833, 169
Trd, 000262.367, 170
Trd, 000262.817, 177
Trd, 000262.833, 167
Trd, 000262.933, 184
Trd, 000263.067, 188
Trd, 000264.483, 172
Trd, 000264.633, 173
Trd, 000265.267, 169
Trd, 000265.483, 169
Trd, 000265.833, 169
Trd, 000266.533, 170
Trd, 000267.150, 170
Trd, 000267.250, 169
Trd, 000267.400, 169
Trd, 000268.100, 169
Trd, 000268.250, 169
Trd, 000269.083, 167
Trd, 000269.750, 168
Trd, 000269.767, 166
Trd, 000269.817, 169
Trd, 000270.350, 172
Trd, 000270.567, 171
Trd, 000270.683, 178
Trd, 000271.217, 164
Trd, 000271.900, 183
Trd, 000272.100, 164
Trd, 000272.600, 162
Trd, 000272.767, 172
Trd, 000274.017, 164
Trd, 000274.800, 166
Trd, 000275.150, 164
Trd, 000275.417, 167
Trd, 000275.650, 168
Trd, 000276.433, 162
Trd, 000276.750, 169
Trd, 000277.483, 167
Trd, 000277.600, 162
Trd, 000278.117, 163
Trd, 000278.500, 168
Trd, 000278.817, 164
Trd, 000278.900, 166
Trd, 000279.033, 165
Trd, 000279.300, 169
Trd, 000279.367, 169
Trd, 000280.067, 179
Trd, 000280.167, 186
Trd, 000280.783, 174
Trd, 000280.967, 173
Trd, 000281.667, 181
Trd, 000282.450, 180
Trd, 000282.633, 179
Trd, 000282.917, 179
Trd, 000283.133, 180
Trd, 000283.717, 184
Trd, 000283.833, 179
Trd, 000284.633, 186
Trd, 000285.067, 179
Trd, 000285.267, 172
Trd, 000286.167, 179
Trd, 000286.267, 179
Trd, 000286.550, 178
Trd, 000286.700, 177
Trd, 000287.383, 181
Trd, 000287.617, 190
Trd, 000287.867, 177
Trd, 000287.983, 177
Trd, 000288.750, 178
Trd, 000289.217, 179
Trd, 000289.433, 173
Trd, 000289.867, 185
Trd, 000290.233, 171
Trd, 000290.600, 183
Trd, 000290.750, 163
Trd, 000291.283, 162
Trd, 000291.500, 163
Trd, 000291.617, 163
Trd, 000291.983, 162
Trd, 000292.933, 175
Trd, 000292.983, 177
Trd, 000293.583, 183
Trd, 000294.883, 175
Trd, 000295.267, 175
Trd, 000295.317, 180
Trd, 000295.333, 175
Trd, 000295.467, 165
Trd, 000295.817, 186
Trd, 000296.017, 167
Trd, 000297.100, 171
Trd, 000297.283, 177
Trd, 000298.633, 178
Trd, 000299.000, 177
Trd, 000299.450, 179
Trd, 000299.683, 179
Trd, 000299.883, 177
Trd, 000299.967, 175
