Trd, 000000.983, 157
Trd, 000001.733, 164
Trd, 000002.283, 151
Trd, 000002.383, 163
Trd, 000005.183, 172
Trd, 000005.200, 176
Trd, 000005.717, 171
Trd, 000005.950, 169
Trd, 000006.567, 166
Trd, 000007.133, 167
Trd, 000007.350, 171
Trd, 000007.600, 163
Trd, 000008.750, 164
Trd, 000008.900, 164
Trd, 000009.117, 164
Trd, 000009.667, 163
Trd, 000009.767, 162
Trd, 000011.633, 159
Trd, 000011.967, 163
Trd, 000013.350, 159
Trd, 000013.450, 159
Trd, 000014.517, 159
Trd, 000014.633, 158
Trd, 000016.233, 158
Trd, 000016.650, 156
Trd, 000016.833, 149
Trd, 000017.217, 152
Trd, 000017.333, 157
Trd, 000018.467, 157
Trd, 000018.733, 169
Trd, 000019.250, 163
Trd, 000020.067, 163
Trd, 000021.133, 160
Trd, 000021.800, 160
Trd, 000022.333, 158
Trd, 000023.633, 158
Trd, 000023.850, 159
Trd, 000024.817, 158
Trd, 000025.017, 157
Trd, 000025.183, 155
Trd, 000025.350, 153
Trd, 000025.367, 160
Trd, 000027.617, 161
Trd, 000028.083, 171
Trd, 000029.183, 166
Trd, 000029.333, 167
Trd, 000029.917, 167
Trd, 000030.200, 165
Trd, 000031.950, 170
Trd, 000032.817, 173
Trd, 000032.967, 172
Trd, 000034.200, 172
Trd, 000034.250, 173
Trd, 000034.367, 171
Trd, 000035.367, 171
Trd, 000035.417, 166
Trd, 000036.183, 166
Trd, 000037.867, 166
Trd, 000038.183, 173
Trd, 000038.467, 166
Trd, 000038.733, 160
Trd, 000039.100, 170
Trd, 000041.317, 171
Trd, 000042.250, 172
Trd, 000042.567, 174
Trd, 000043.683, 176
Trd, 000044.550, 175
Trd, 000045.017, 175
Trd, 000045.517, 175
Trd, 000045.583, 174
Trd, 000045.783, 175
Trd, 000048.067, 166
Trd, 000048.767, 172
Trd, 000049.600, 173
Trd, 000049.767, 172
Trd, 000049.850, 168
Trd, 000050.250, 171
Trd, 000051.300, 167
Trd, 000052.850, 167
Trd, 000053.467, 168
Trd, 000053.867, 167
Trd, 000053.950, 166
Trd, 000054.917, 161
Trd, 000056.250, 160
Trd, 000057.333, 158
Trd, 000057.933, 160
Trd, 000059.267, 158
Trd, 000059.300, 161
Trd, 000060.367, 159
Trd, 000060.533, 157
Trd, 000061.033, 160
Trd, 000061.400, 158
Trd, 000061.533, 162
Trd, 000063.233, 161
Trd, 000064.000, 161
Trd, 000064.400, 163
Trd, 000064.633, 160
Trd, 000065.100, 161
Trd, 000065.300, 163
Trd, 000066.417, 160
Trd, 000067.467, 160
Trd, 000068.450, 163
Trd, 000069.533, 162
Trd, 000069.567, 162
Trd, 000070.017, 161
Trd, 000070.350, 161
Trd, 000071.067, 162
Trd, 000072.767, 160
Trd, 000073.267, 159
Trd, 000073.317, 159
Trd, 000073.933, 159
Trd, 000074.567, 165
Trd, 000074.583, 163
Trd, 000075.167, 162
Trd, 000076.150, 161
Trd, 000076.167, 163
Trd, 000076.383, 161
Trd, 000076.533, 164
Trd, 000076.967, 165
Trd, 000076.983, 166
Trd, 000077.867, 176
Trd, 000078.517, 170
Trd, 000079.700, 176
Trd, 000079.817, 175
Trd, 000080.333, 175
Trd, 000082.017, 177
Trd, 000082.167, 177
Trd, 000082.333, 176
Trd, 000082.850, 159
Trd, 000084.000, 156
Trd, 000084.283, 169
Trd, 000085.083, 162
Trd, 000085.717, 161
Trd, 000086.050, 162
Trd, 000086.133, 163
Trd, 000086.917, 164
Trd, 000087.467, 164
Trd, 000088.800, 166
Trd, 000088.833, 164
Trd, 000089.033, 163
Trd, 000089.600, 162
Trd, 000089.667, 166
Trd, 000090.533, 164
Trd, 000090.683, 177
Trd, 000091.200, 188
Trd, 000091.267, 160
Trd, 000092.383, 163
Trd, 000093.033, 160
Trd, 000093.667, 164
Trd, 000095.733, 164
Trd, 000096.683, 164
Trd, 000098.850, 162
Trd, 000099.033, 165
Trd, 000099.167, 164
Trd, 000099.283, 165
Trd, 000099.833, 166
Trd, 000100.167, 165
Trd, 000100.767, 166
Trd, 000101.550, 164
Trd, 000101.650, 165
Trd, 000102.050, 167
Trd, 000102.567, 163
Trd, 000102.767, 162
Trd, 000103.067, 161
Trd, 000104.267, 163
Trd, 000104.667, 168
Trd, 000104.783, 162
Trd, 000105.967, 166
Trd, 000106.783, 166
Trd, 000107.617, 163
Trd, 000107.783, 163
Trd, 000108.300, 163
Trd, 000108.733, 163
Trd, 000109.383, 162
Trd, 000109.717, 164
Trd, 000109.883, 164
Trd, 000110.100, 168
Trd, 000110.583, 160
Trd, 000112.467, 179
Trd, 000113.150, 166
Trd, 000113.333, 173
Trd, 000114.250, 177
Trd, 000114.417, 177
Trd, 000114.817, 166
Trd, 000115.233, 166
Trd, 000115.933, 168
Trd, 000116.500, 162
Trd, 000117.267, 191
Trd, 000118.183, 159
Trd, 000118.800, 167
Trd, 000119.017, 161
Trd, 000119.367, 170
Trd, 000121.117, 170
Trd, 000122.083, 167
Trd, 000122.350, 166
Trd, 000122.450, 167
Trd, 000122.950, 166
Trd, 000122.983, 167
Trd, 000123.000, 168
Trd, 000123.550, 164
Trd, 000123.783, 164
Trd, 000124.200, 163
Trd, 000126.067, 167
Trd, 000126.167, 168
Trd, 000127.100, 166
Trd, 000127.517, 167
Trd, 000129.633, 167
Trd, 000130.067, 167
Trd, 000130.833, 168
Trd, 000130.983, 169
Trd, 000131.533, 168
Trd, 000131.750, 170
Trd, 000133.050, 168
Trd, 000133.417, 167
Trd, 000134.350, 165
Trd, 000135.150, 165
Trd, 000135.183, 171
Trd, 000137.217, 166
Trd, 000138.033, 166
Trd, 000138.200, 168
Trd, 000138.267, 165
Trd, 000138.667, 168
Trd, 000138.767, 169
Trd, 000139.450, 166
Trd, 000140.383, 163
Trd, 000140.517, 164
Trd, 000140.850, 162
Trd, 000141.100, 162
Trd, 000141.583, 164
Trd, 000142.600, 177
Trd, 000142.900, 178
Trd, 000143.217, 176
Trd, 000143.500, 182
Trd, 000144.333, 176
Trd, 000145.733, 186
Trd, 000145.917, 184
Trd, 000146.183, 191
Trd, 000146.417, 181
Trd, 000146.850, 179
Trd, 000147.283, 172
Trd, 000148.017, 193
Trd, 000148.750, 180
Trd, 000149.350, 179
Trd, 000150.267, 178
Trd, 000151.167, 172
Trd, 000151.267, 177
Trd, 000152.133, 177
Trd, 000152.617, 178
Trd, 000153.567, 163
Trd, 000154.633, 170
Trd, 000155.367, 171
Trd, 000155.683, 170
Trd, 000156.733, 172
Trd, 000157.633, 171
Trd, 000157.933, 169
Trd, 000158.667, 170
Trd, 000158.967, 169
Trd, 000159.083, 171
Trd, 000159.367, 170
Trd, 000160.050, 169
Trd, 000160.633, 168
Trd, 000161.000, 168
Trd, 000161.583, 169
Trd, 000163.133, 168
Trd, 000163.200, 168
Trd, 000164.250, 167
Trd, 000164.533, 171
Trd, 000164.617, 172
Trd, 000164.900, 179
Trd, 000165.533, 178
Trd, 000165.700, 184
Trd, 000165.817, 171
Trd, 000166.350, 173
Trd, 000166.700, 195
Trd, 000167.367, 171
Trd, 000167.950, 172
Trd, 000168.350, 172
Trd, 000168.950, 183
Trd, 000169.500, 173
Trd, 000170.917, 173
Trd, 000171.567, 176
Trd, 000172.083, 170
Trd, 000172.883, 172
Trd, 000173.117, 172
Trd, 000175.217, 171
Trd, 000175.400, 170
Trd, 000176.500, 172
Trd, 000176.717, 171
Trd, 000177.083, 172
Trd, 000178.283, 172
Trd, 000178.350, 173
Trd, 000178.800, 170
Trd, 000179.500, 173
Trd, 000180.000, 174
Trd, 000180.667, 170
Trd, 000182.283, 173
Trd, 000182.550, 173
Trd, 000182.700, 172
Trd, 000183.750, 174
Trd, 000184.283, 172
Trd, 000184.583, 173
Trd, 000184.767, 180
Trd, 000185.567, 174
Trd, 000185.933, 176
Trd, 000186.050, 176
Trd, 000187.483, 183
Trd, 000188.050, 183
Trd, 000189.583, 183
Trd, 000190.400, 181
Trd, 000190.500, 181
Trd, 000190.600, 181
Trd, 000191.150, 179
Trd, 000191.517, 183
Trd, 000191.867, 183
Trd, 000191.950, 181
Trd, 000193.617, 181
Trd, 000193.833, 182
Trd, 000194.133, 181
Trd, 000194.767, 183
Trd, 000194.900, 179
Trd, 000195.450, 181
Trd, 000196.167, 180
Trd, 000196.983, 180
Trd, 000198.333, 179
Trd, 000199.133, 182
Trd, 000200.233, 181
Trd, 000200.317, 180
Trd, 000201.633, 181
Trd, 000201.733, 179
Trd, 000201.967, 179
Trd, 000202.817, 182
Trd, 000203.867, 183
Trd, 000204.083, 177
Trd, 000204.900, 171
Trd, 000205.033, 172
Trd, 000206.800, 178
Trd, 000206.950, 173
Trd, 000208.000, 176
Trd, 000209.233, 175
Trd, 000209.333, 175
Trd, 000209.600, 176
Trd, 000210.083, 175
Trd, 000210.617, 175
Trd, 000210.717, 174
Trd, 000212.017, 174
Trd, 000212.533, 173
Trd, 000212.567, 172
Trd, 000212.950, 174
Trd, 000213.250, 175
Trd, 000216.417, 175
Trd, 000216.717, 174
Trd, 000218.033, 174
Trd, 000218.467, 174
Trd, 000219.033, 173
Trd, 000219.550, 176
Trd, 000219.833, 184
Trd, 000220.050, 177
Trd, 000221.717, 180
Trd, 000222.217, 181
Trd, 000222.400, 183
Trd, 000223.367, 183
Trd, 000223.700, 183
Trd, 000224.950, 189
Trd, 000225.283, 181
Trd, 000225.400, 180
Trd, 000225.867, 203
Trd, 000226.583, 180
Trd, 000227.567, 178
Trd, 000227.700, 185
Trd, 000228.383, 181
Trd, 000228.450, 180
Trd, 000228.883, 177
Trd, 000230.350, 176
Trd, 000231.167, 176
Trd, 000231.350, 179
Trd, 000232.467, 176
Trd, 000232.833, 177
Trd, 000232.967, 191
Trd, 000233.383, 175
Trd, 000233.783, 178
Trd, 000234.117, 177
Trd, 000235.250, 174
Trd, 000236.350, 176
Trd, 000236.533, 178
Trd, 000236.600, 177
Trd, 000237.133, 175
Trd, 000238.833, 178
Trd, 000239.083, 178
Trd, 000239.683, 173
Trd, 000240.167, 175
Trd, 000240.317, 178
Trd, 000240.900, 178
Trd, 000240.983, 179
Trd, 000241.117, 188
Trd, 000241.200, 176
Trd, 000242.050, 177
Trd, 000242.217, 179
Trd, 000242.767, 180
Trd, 000242.917, 183
Trd, 000242.950, 180
Trd, 000243.817, 172
Trd, 000243.867, 173
Trd, 000244.283, 175
Trd, 000245.050, 169
Trd, 000245.083, 169
Trd, 000245.317, 170
Trd, 000245.717, 170
Trd, 000246.450, 175
Trd, 000246.600, 177
Trd, 000246.683, 176
Trd, 000246.750, 174
Trd, 000247.533, 176
Trd, 000248.367, 176
Trd, 000248.683, 181
Trd, 000248.767, 175
Trd, 000248.883, 177
Trd, 000249.067, 180
Trd, 000250.600, 181
Trd, 000250.650, 174
Trd, 000250.700, 173
Trd, 000251.567, 182
Trd, 000251.717, 178
Trd, 000252.367, 176
Trd, 000252.833, 173
Trd, 000253.317, 180
Trd, 000254.950, 189
Trd, 000256.033, 188
Trd, 000256.083, 187
Trd, 000256.283, 185
Trd, 000256.383, 182
Trd, 000256.500, 186
Trd, 000256.633, 180
Trd, 000257.167, 176
Trd, 000257.883, 177
Trd, 000258.200, 174
Trd, 000258.217, 173
Trd, 000258.817, 178
Trd, 000259.167, 177
Trd, 000259.250, 178
Trd, 000260.133, 177
Trd, 000260.167, 178
Trd, 000261.500, 176
Trd, 000262.000, 178
Trd, 000262.100, 177
Trd, 000262.450, 179
Trd, 000262.650, 176
Trd, 000263.150, 175
Trd, 000263.667, 176
Trd, 000264.183, 175
Trd, 000264.300, 175
Trd, 000264.967, 175
Trd, 000265.500, 176
Trd, 000265.667, 174
Trd, 000266.183, 178
Trd, 000266.350, 180
Trd, 000266.567, 181
Trd, 000266.917, 176
Trd, 000268.233, 178
Trd, 000268.450, 184
Trd, 000269.083, 180
Trd, 000269.100, 183
Trd, 000269.483, 179
Trd, 000269.550, 173
Trd, 000270.050, 181
Trd, 000270.117, 176
Trd, 000270.333, 182
Trd, 000270.583, 176
Trd, 000271.083, 175
Trd, 000271.533, 179
Trd, 000272.067, 180
Trd, 000272.250, 179
Trd, 000272.317, 178
Trd, 000272.433, 181
Trd, 000272.750, 189
Trd, 000273.550, 188
Trd, 000273.633, 184
Trd, 000274.267, 194
Trd, 000274.967, 189
Trd, 000275.050, 183
Trd, 000275.500, 182
Trd, 000275.683, 181
Trd, 000276.083, 180
Trd, 000276.250, 184
Trd, 000276.633, 181
Trd, 000277.433, 181
Trd, 000277.583, 182
Trd, 000277.850, 179
Trd, 000278.050, 183
Trd, 000278.150, 177
Trd, 000279.000, 182
Trd, 000279.100, 177
Trd, 000279.650, 176
Trd, 000279.867, 175
Trd, 000280.283, 174
Trd, 000281.000, 182
Trd, 000281.217, 176
Trd, 000281.833, 182
Trd, 000281.967, 177
Trd, 000282.683, 183
Trd, 000283.133, 183
Trd, 000283.283, 179
Trd, 000283.900, 181
Trd, 000284.200, 178
Trd, 000284.267, 177
Trd, 000284.650, 183
Trd, 000285.500, 192
Trd, 000285.700, 192
Trd, 000285.783, 191
Trd, 000286.500, 185
Trd, 000286.767, 200
Trd, 000288.167, 198
Trd, 000288.667, 193
Trd, 000289.000, 183
Trd, 000289.167, 185
Trd, 000289.450, 193
Trd, 000289.683, 194
Trd, 000290.000, 192
Trd, 000290.783, 192
Trd, 000291.733, 191
Trd, 000291.967, 189
Trd, 000292.017, 184
Trd, 000292.067, 184
Trd, 000292.667, 180
Trd, 000292.733, 173
Trd, 000293.050, 184
Trd, 000293.317, 185
Trd, 000293.783, 184
Trd, 000294.300, 186
Trd, 000295.067, 186
Trd, 000295.600, 185
Trd, 000295.717, 183
Trd, 000296.117, 182
Trd, 000296.917, 178
Trd, 000296.933, 187
Trd, 000297.517, 177
Trd, 000297.733, 188
Trd, 000298.400, 189
Trd, 000298.633, 178
Trd, 000298.683, 177
Trd, 000299.250, 178
Trd, 000299.300, 180
Trd, 000299.450, 181
Trd, 000299.883, 196
