Trd, 000002.483, 124
Trd, 000002.550, 134
Trd, 000004.583, 146
Trd, 000004.867, 143
Trd, 000005.617, 141
Trd, 000006.067, 150
Trd, 000006.367, 152
Trd, 000006.600, 144
Trd, 000007.300, 143
Trd, 000007.317, 152
Trd, 000007.383, 154
Trd, 000007.767, 142
Trd, 000007.900, 142
Trd, 000009.167, 148
Trd, 000010.683, 162
Trd, 000011.383, 151
Trd, 000011.467, 149
Trd, 000011.500, 162
Trd, 000011.967, 163
Trd, 000012.500, 154
Trd, 000012.750, 155
Trd, 000012.783, 153
Trd, 000013.117, 147
Trd, 000013.900, 158
Trd, 000015.217, 154
Trd, 000016.017, 155
Trd, 000016.833, 153
Trd, 000017.900, 155
Trd, 000018.100, 156
Trd, 000018.333, 153
Trd, 000018.800, 155
Trd, 000019.883, 154
Trd, 000020.100, 153
Trd, 000020.417, 154
Trd, 000022.150, 138
Trd, 000022.967, 149
Trd, 000023.067, 147
Trd, 000023.183, 150
Trd, 000023.300, 149
Trd, 000023.483, 136
Trd, 000023.950, 145
Trd, 000024.067, 150
Trd, 000024.417, 157
Trd, 000026.150, 141
Trd, 000027.150, 143
Trd, 000027.433, 152
Trd, 000028.467, 146
Trd, 000028.767, 147
Trd, 000029.183, 148
Trd, 000029.550, 147
Trd, 000029.833, 147
Trd, 000030.233, 149
Trd, 000030.267, 147
Trd, 000030.317, 149
Trd, 000031.383, 149
Trd, 000033.333, 152
Trd, 000033.367, 151
Trd, 000033.633, 150
Trd, 000033.817, 151
Trd, 000033.967, 152
Trd, 000034.983, 158
Trd, 000035.217, 173
Trd, 000035.633, 149
Trd, 000036.283, 158
Trd, 000036.467, 159
Trd, 000036.833, 161
Trd, 000037.300, 149
Trd, 000037.617, 149
Trd, 000039.600, 153
Trd, 000040.133, 154
Trd, 000040.467, 155
Trd, 000040.783, 155
Trd, 000042.483, 153
Trd, 000042.533, 155
Trd, 000043.417, 154
Trd, 000043.750, 155
Trd, 000044.067, 154
Trd, 000044.583, 154
Trd, 000044.983, 154
Trd, 000045.400, 153
Trd, 000045.667, 159
Trd, 000046.217, 152
Trd, 000046.367, 158
Trd, 000047.700, 151
Trd, 000047.717, 163
Trd, 000048.100, 142
Trd, 000048.550, 163
Trd, 000049.883, 158
Trd, 000050.033, 149
Trd, 000051.867, 155
Trd, 000051.883, 156
Trd, 000052.917, 154
Trd, 000054.233, 154
Trd, 000054.717, 155
Trd, 000054.767, 153
Trd, 000055.300, 154
Trd, 000055.517, 151
Trd, 000056.000, 153
Trd, 000056.617, 151
Trd, 000057.100, 153
Trd, 000057.317, 154
Trd, 000057.600, 152
Trd, 000058.450, 156
Trd, 000060.383, 154
Trd, 000060.483, 156
Trd, 000061.100, 157
Trd, 000061.400, 156
Trd, 000061.733, 153
Trd, 000061.883, 156
Trd, 000061.967, 152
Trd, 000062.567, 155
Trd, 000063.167, 154
Trd, 000063.533, 153
Trd, 000063.900, 156
Trd, 000064.200, 157
Trd, 000065.483, 156
Trd, 000065.933, 155
Trd, 000067.767, 155
Trd, 000067.817, 156
Trd, 000069.317, 157
Trd, 000069.533, 158
Trd, 000070.783, 158
Trd, 000071.050, 157
Trd, 000071.617, 157
Trd, 000071.900, 157
Trd, 000072.033, 156
Trd, 000072.267, 159
Trd, 000072.583, 162
Trd, 000074.683, 160
Trd, 000074.800, 160
Trd, 000075.083, 161
Trd, 000075.883, 160
Trd, 000076.283, 163
Trd, 000076.800, 158
Trd, 000077.783, 159
Trd, 000078.317, 161
Trd, 000079.317, 161
Trd, 000079.333, 160
Trd, 000079.867, 170
Trd, 000080.167, 167
Trd, 000081.017, 158
Trd, 000082.117, 160
Trd, 000082.583, 160
Trd, 000083.300, 162
Trd, 000083.333, 162
Trd, 000084.883, 157
Trd, 000084.917, 159
Trd, 000085.550, 156
Trd, 000087.067, 157
Trd, 000087.633, 156
Trd, 000087.833, 157
Trd, 000088.100, 156
Trd, 000088.133, 158
Trd, 000088.667, 156
Trd, 000089.367, 156
Trd, 000090.533, 156
Trd, 000090.583, 157
Trd, 000090.783, 159
Trd, 000090.883, 160
Trd, 000092.767, 170
Trd, 000092.833, 171
Trd, 000093.450, 158
Trd, 000093.833, 157
Trd, 000094.033, 160
Trd, 000094.417, 161
Trd, 000096.450, 158
Trd, 000097.450, 160
Trd, 000097.967, 160
Trd, 000098.600, 158
Trd, 000098.933, 155
Trd, 000100.100, 156
Trd, 000100.233, 159
Trd, 000101.433, 156
Trd, 000101.517, 157
Trd, 000101.550, 159
Trd, 000102.600, 156
Trd, 000103.333, 157
Trd, 000103.983, 158
Trd, 000104.233, 158
Trd, 000104.517, 159
Trd, 000105.183, 161
Trd, 000106.767, 158
Trd, 000107.133, 157
Trd, 000107.167, 158
Trd, 000107.317, 161
Trd, 000107.533, 162
Trd, 000107.733, 166
Trd, 000108.550, 172
Trd, 000109.850, 169
Trd, 000110.367, 172
Trd, 000110.550, 171
Trd, 000111.583, 170
Trd, 000112.083, 171
Trd, 000113.333, 170
Trd, 000113.500, 169
Trd, 000113.717, 168
Trd, 000113.750, 170
Trd, 000114.417, 166
Trd, 000115.550, 169
Trd, 000115.783, 166
Trd, 000116.050, 161
Trd, 000116.300, 166
Trd, 000116.833, 166
Trd, 000117.050, 165
Trd, 000118.483, 165
Trd, 000118.833, 165
Trd, 000119.033, 166
Trd, 000120.867, 165
Trd, 000121.200, 164
Trd, 000121.433, 164
Trd, 000121.517, 162
Trd, 000122.550, 160
Trd, 000122.617, 162
Trd, 000122.867, 155
Trd, 000123.450, 163
Trd, 000124.150, 162
Trd, 000125.683, 162
Trd, 000126.517, 160
Trd, 000127.067, 160
Trd, 000128.283, 162
Trd, 000128.617, 163
Trd, 000129.933, 162
Trd, 000130.750, 163
Trd, 000131.233, 164
Trd, 000131.550, 163
Trd, 000132.133, 163
Trd, 000133.150, 164
Trd, 000133.233, 165
Trd, 000134.417, 163
Trd, 000134.583, 163
Trd, 000135.017, 162
Trd, 000136.233, 162
Trd, 000137.050, 166
Trd, 000137.167, 166
Trd, 000138.183, 166
Trd, 000138.717, 166
Trd, 000138.733, 164
Trd, 000139.100, 167
Trd, 000139.583, 175
Trd, 000139.733, 164
Trd, 000142.233, 165
Trd, 000142.433, 164
Trd, 000142.983, 165
Trd, 000143.217, 164
Trd, 000143.633, 164
Trd, 000144.167, 167
Trd, 000144.767, 163
Trd, 000144.833, 163
Trd, 000145.717, 163
Trd, 000147.783, 162
Trd, 000149.033, 163
Trd, 000149.250, 156
Trd, 000149.983, 162
Trd, 000150.700, 157
Trd, 000150.733, 160
Trd, 000151.283, 156
Trd, 000152.267, 160
Trd, 000152.900, 157
Trd, 000153.650, 161
Trd, 000154.767, 157
Trd, 000154.800, 161
Trd, 000155.200, 160
Trd, 000155.450, 160
Trd, 000156.417, 158
Trd, 000156.767, 158
Trd, 000157.300, 160
Trd, 000157.617, 155
Trd, 000158.467, 159
Trd, 000158.650, 160
Trd, 000159.200, 159
Trd, 000159.267, 161
Trd, 000160.283, 158
Trd, 000161.333, 163
Trd, 000161.950, 163
Trd, 000162.550, 162
Trd, 000162.900, 160
Trd, 000163.950, 159
Trd, 000164.200, 161
Trd, 000164.583, 161
Trd, 000165.050, 161
Trd, 000165.583, 161
Trd, 000166.283, 162
Trd, 000166.483, 160
Trd, 000166.567, 159
Trd, 000166.700, 164
Trd, 000167.483, 176
Trd, 000168.133, 168
Trd, 000169.633, 170
Trd, 000170.517, 170
Trd, 000170.883, 169
Trd, 000171.300, 170
Trd, 000171.417, 170
Trd, 000171.950, 170
Trd, 000172.417, 172
Trd, 000173.950, 171
Trd, 000174.733, 167
Trd, 000174.783, 154
Trd, 000176.167, 166
Trd, 000176.650, 166
Trd, 000177.250, 166
Trd, 000177.367, 165
Trd, 000178.100, 166
Trd, 000178.517, 167
Trd, 000179.433, 166
Trd, 000179.583, 168
Trd, 000179.617, 171
Trd, 000180.633, 180
Trd, 000181.867, 172
Trd, 000182.400, 172
Trd, 000183.450, 173
Trd, 000183.600, 172
Trd, 000184.350, 171
Trd, 000184.467, 172
Trd, 000184.633, 173
Trd, 000186.033, 174
Trd, 000186.883, 172
Trd, 000187.750, 173
Trd, 000188.000, 173
Trd, 000188.050, 172
Trd, 000188.267, 174
Trd, 000188.617, 170
Trd, 000189.417, 174
Trd, 000190.683, 173
Trd, 000191.467, 170
Trd, 000192.383, 173
Trd, 000193.200, 173
Trd, 000193.233, 174
Trd, 000193.533, 172
Trd, 000194.050, 173
Trd, 000194.117, 171
Trd, 000194.867, 170
Trd, 000194.983, 171
Trd, 000195.083, 172
Trd, 000195.317, 174
Trd, 000195.900, 181
Trd, 000196.117, 169
Trd, 000197.650, 184
Trd, 000199.267, 163
Trd, 000199.717, 166
Trd, 000199.783, 162
Trd, 000201.867, 165
Trd, 000202.067, 168
Trd, 000202.950, 168
Trd, 000203.167, 168
Trd, 000203.433, 168
Trd, 000203.517, 166
Trd, 000203.583, 169
Trd, 000205.500, 166
Trd, 000205.817, 168
Trd, 000206.233, 168
Trd, 000206.267, 169
Trd, 000207.350, 168
Trd, 000207.500, 169
Trd, 000207.917, 169
Trd, 000208.633, 169
Trd, 000208.883, 168
Trd, 000209.833, 172
Trd, 000210.450, 169
Trd, 000210.650, 169
Trd, 000211.000, 168
Trd, 000211.467, 169
Trd, 000211.883, 173
Trd, 000213.183, 168
Trd, 000213.217, 172
Trd, 000213.800, 166
Trd, 000215.117, 166
Trd, 000215.800, 166
Trd, 000216.467, 167
Trd, 000216.767, 165
Trd, 000217.300, 165
Trd, 000217.350, 163
Trd, 000217.733, 166
Trd, 000218.000, 170
Trd, 000218.300, 177
Trd, 000218.517, 173
Trd, 000219.900, 169
Trd, 000220.550, 165
Trd, 000220.883, 168
Trd, 000221.850, 169
Trd, 000221.900, 170
Trd, 000222.783, 169
Trd, 000222.917, 168
Trd, 000223.383, 168
Trd, 000223.650, 167
Trd, 000224.300, 167
Trd, 000225.417, 166
Trd, 000225.500, 157
Trd, 000226.633, 161
Trd, 000226.667, 165
Trd, 000227.700, 164
Trd, 000228.517, 164
Trd, 000228.833, 167
Trd, 000228.917, 163
Trd, 000229.700, 172
Trd, 000231.250, 167
Trd, 000231.333, 170
Trd, 000231.733, 169
Trd, 000232.367, 169
Trd, 000233.100, 170
Trd, 000233.283, 170
Trd, 000233.600, 174
Trd, 000234.333, 172
Trd, 000235.083, 172
Trd, 000235.917, 171
Trd, 000235.950, 172
Trd, 000236.183, 170
Trd, 000237.733, 170
Trd, 000237.950, 169
Trd, 000238.467, 167
Trd, 000238.833, 168
Trd, 000239.200, 161
Trd, 000239.650, 165
Trd, 000240.400, 165
Trd, 000240.783, 166
Trd, 000240.917, 168
Trd, 000241.217, 168
Trd, 000241.250, 167
Trd, 000241.950, 175
Trd, 000242.200, 169
Trd, 000243.183, 169
Trd, 000243.467, 168
Trd, 000244.633, 167
Trd, 000244.767, 165
Trd, 000245.067, 168
Trd, 000245.500, 170
Trd, 000245.800, 171
Trd, 000246.333, 174
Trd, 000247.817, 169
Trd, 000248.017, 168
Trd, 000248.567, 171
Trd, 000249.217, 171
Trd, 000249.683, 170
Trd, 000249.800, 169
Trd, 000250.000, 170
Trd, 000250.250, 171
Trd, 000250.267, 173
Trd, 000250.550, 170
Trd, 000250.933, 179
Trd, 000251.267, 190
Trd, 000251.533, 169
Trd, 000252.100, 162
Trd, 000253.500, 168
Trd, 000253.783, 166
Trd, 000253.800, 169
Trd, 000254.283, 169
Trd, 000254.433, 169
Trd, 000255.567, 181
Trd, 000255.767, 171
Trd, 000256.733, 172
Trd, 000257.167, 173
Trd, 000257.450, 174
Trd, 000257.783, 172
Trd, 000258.317, 174
Trd, 000258.600, 169
Trd, 000259.533, 175
Trd, 000260.067, 173
Trd, 000260.283, 174
Trd, 000260.733, 174
Trd, 000261.067, 172
Trd, 000262.283, 172
Trd, 000262.433, 173
Trd, 000263.533, 173
Trd, 000263.567, 173
Trd, 000263.767, 176
Trd, 000264.800, 172
Trd, 000265.133, 173
Trd, 000266.383, 176
Trd, 000266.483, 175
Trd, 000266.600, 176
Trd, 000266.900, 173
Trd, 000267.317, 177
Trd, 000269.150, 174
Trd, 000269.917, 173
Trd, 000270.533, 176
Trd, 000270.550, 174
Trd, 000270.717, 173
Trd, 000270.883, 177
Trd, 000270.983, 177
Trd, 000271.833, 176
Trd, 000271.917, 176
Trd, 000272.033, 177
Trd, 000272.283, 171
Trd, 000273.017, 175
Trd, 000273.167, 174
Trd, 000273.350, 172
Trd, 000274.783, 179
Trd, 000274.850, 180
Trd, 000275.100, 173
Trd, 000276.150, 185
Trd, 000276.650, 184
Trd, 000277.333, 183
Trd, 000278.333, 182
Trd, 000278.417, 180
Trd, 000279.017, 182
Trd, 000279.083, 182
Trd, 000279.300, 179
Trd, 000280.133, 180
Trd, 000280.283, 181
Trd, 000281.400, 180
Trd, 000281.617, 181
Trd, 000281.700, 179
Trd, 000282.500, 179
Trd, 000283.267, 178
Trd, 000284.050, 179
Trd, 000284.350, 177
Trd, 000284.817, 177
Trd, 000285.533, 178
Trd, 000285.800, 175
Trd, 000285.900, 178
Trd, 000286.917, 179
Trd, 000287.417, 181
Trd, 000287.850, 174
Trd, 000289.400, 177
Trd, 000289.417, 176
Trd, 000290.217, 166
Trd, 000290.417, 177
Trd, 000291.250, 178
Trd, 000291.317, 176
Trd, 000291.617, 174
Trd, 000291.850, 173
Trd, 000292.700, 175
Trd, 000293.383, 175
Trd, 000294.383, 175
Trd, 000294.767, 174
Trd, 000295.617, 176
Trd, 000295.683, 176
Trd, 000297.183, 173
Trd, 000297.400, 178
Trd, 000297.750, 179
Trd, 000297.767, 180
Trd, 000298.633, 179
Trd, 000298.750, 174
Trd, 000298.817, 180
Trd, 000299.083, 172
Trd, 000299.717, 182
