Trd, 000000.467, 153
Trd, 000002.700, 131
Trd, 000003.550, 135
Trd, 000004.183, 140
Trd, 000004.667, 151
Trd, 000004.883, 156
Trd, 000004.967, 164
Trd, 000005.117, 148
Trd, 000007.167, 157
Trd, 000007.550, 155
Trd, 000007.583, 154
Trd, 000007.617, 161
Trd, 000009.167, 163
Trd, 000009.450, 166
Trd, 000010.383, 166
Trd, 000010.483, 161
Trd, 000010.633, 167
Trd, 000010.700, 160
Trd, 000011.350, 159
Trd, 000012.217, 161
Trd, 000012.283, 160
Trd, 000013.983, 159
Trd, 000014.583, 159
Trd, 000014.600, 160
Trd, 000014.817, 158
Trd, 000015.217, 161
Trd, 000015.783, 157
Trd, 000016.317, 152
Trd, 000017.650, 158
Trd, 000018.233, 162
Trd, 000018.783, 160
Trd, 000018.833, 162
Trd, 000019.433, 160
Trd, 000020.283, 159
Trd, 000020.333, 161
Trd, 000020.817, 158
Trd, 000021.217, 153
Trd, 000021.233, 155
Trd, 000021.250, 160
Trd, 000022.333, 150
Trd, 000022.633, 167
Trd, 000024.450, 159
Trd, 000024.467, 160
Trd, 000024.517, 161
Trd, 000025.017, 162
Trd, 000025.733, 159
Trd, 000027.233, 160
Trd, 000027.417, 160
Trd, 000028.833, 160
Trd, 000029.133, 160
Trd, 000029.983, 160
Trd, 000030.000, 161
Trd, 000030.300, 159
Trd, 000030.567, 160
Trd, 000031.450, 160
Trd, 000031.650, 161
Trd, 000031.817, 162
Trd, 000032.517, 162
Trd, 000032.983, 159
Trd, 000033.533, 158
Trd, 000035.067, 161
Trd, 000035.517, 162
Trd, 000035.583, 159
Trd, 000036.167, 163
Trd, 000037.500, 160
Trd, 000037.800, 158
Trd, 000038.317, 159
Trd, 000038.333, 158
Trd, 000038.383, 160
Trd, 000038.500, 162
Trd, 000038.733, 156
Trd, 000039.333, 161
Trd, 000039.450, 162
Trd, 000040.833, 159
Trd, 000041.933, 160
Trd, 000042.150, 158
Trd, 000042.317, 155
Trd, 000043.550, 162
Trd, 000043.900, 162
Trd, 000044.733, 165
Trd, 000045.400, 169
Trd, 000045.800, 159
Trd, 000046.150, 162
Trd, 000046.250, 163
Trd, 000048.067, 158
Trd, 000048.633, 155
Trd, 000049.033, 157
Trd, 000049.983, 159
Trd, 000050.450, 158
Trd, 000050.600, 161
Trd, 000051.117, 160
Trd, 000051.517, 161
Trd, 000052.450, 161
Trd, 000052.633, 159
Trd, 000052.833, 158
Trd, 000053.033, 160
Trd, 000055.550, 161
Trd, 000056.033, 159
Trd, 000056.400, 162
Trd, 000056.950, 160
Trd, 000057.250, 161
Trd, 000057.667, 159
Trd, 000057.867, 168
Trd, 000058.167, 171
Trd, 000059.933, 164
Trd, 000060.333, 163
Trd, 000060.800, 163
Trd, 000061.783, 163
Trd, 000062.417, 164
Trd, 000062.717, 165
Trd, 000063.100, 162
Trd, 000063.183, 171
Trd, 000063.583, 162
Trd, 000063.750, 168
Trd, 000065.683, 165
Trd, 000065.883, 164
Trd, 000066.417, 164
Trd, 000067.767, 165
Trd, 000069.000, 165
Trd, 000070.367, 164
Trd, 000070.517, 164
Trd, 000071.533, 162
Trd, 000072.017, 162
Trd, 000073.033, 163
Trd, 000074.100, 163
Trd, 000074.133, 164
Trd, 000074.200, 162
Trd, 000074.383, 158
Trd, 000075.200, 162
Trd, 000075.317, 164
Trd, 000076.033, 165
Trd, 000076.333, 159
Trd, 000077.433, 156
Trd, 000077.583, 167
Trd, 000078.000, 169
Trd, 000079.617, 172
Trd, 000080.133, 172
Trd, 000080.167, 168
Trd, 000081.433, 169
Trd, 000082.550, 169
Trd, 000083.150, 168
Trd, 000083.317, 168
Trd, 000083.700, 166
Trd, 000084.983, 167
Trd, 000085.733, 168
Trd, 000086.083, 167
Trd, 000086.250, 168
Trd, 000086.500, 168
Trd, 000086.983, 166
Trd, 000087.450, 165
Trd, 000087.567, 170
Trd, 000088.083, 166
Trd, 000088.133, 173
Trd, 000090.533, 164
Trd, 000090.800, 166
Trd, 000091.833, 163
Trd, 000092.267, 161
Trd, 000093.600, 162
Trd, 000093.700, 163
Trd, 000093.767, 163
Trd, 000094.083, 161
Trd, 000094.183, 163
Trd, 000094.667, 163
Trd, 000095.750, 161
Trd, 000096.283, 163
Trd, 000096.483, 164
Trd, 000097.050, 161
Trd, 000097.133, 164
Trd, 000097.350, 166
Trd, 000097.900, 159
Trd, 000098.300, 162
Trd, 000098.767, 163
Trd, 000098.800, 164
Trd, 000099.183, 158
Trd, 000099.350, 158
Trd, 000100.367, 165
Trd, 000101.650, 169
Trd, 000102.217, 165
Trd, 000102.267, 169
Trd, 000103.017, 172
Trd, 000103.950, 167
Trd, 000105.667, 169
Trd, 000106.233, 170
Trd, 000106.683, 171
Trd, 000107.550, 170
Trd, 000107.567, 169
Trd, 000107.867, 170
Trd, 000108.017, 172
Trd, 000108.417, 168
Trd, 000108.517, 173
Trd, 000109.933, 172
Trd, 000110.617, 172
Trd, 000111.350, 170
Trd, 000113.283, 169
Trd, 000113.467, 171
Trd, 000113.500, 171
Trd, 000114.333, 171
Trd, 000114.567, 172
Trd, 000115.300, 172
Trd, 000115.333, 171
Trd, 000116.250, 172
Trd, 000116.300, 173
Trd, 000117.317, 172
Trd, 000117.933, 173
Trd, 000118.500, 167
Trd, 000120.017, 175
Trd, 000120.267, 175
Trd, 000120.333, 174
Trd, 000122.350, 168
Trd, 000122.500, 174
Trd, 000122.867, 171
Trd, 000123.683, 171
Trd, 000125.000, 170
Trd, 000125.350, 167
Trd, 000125.850, 171
Trd, 000127.333, 170
Trd, 000127.733, 171
Trd, 000127.867, 169
Trd, 000128.417, 172
Trd, 000129.100, 173
Trd, 000129.217, 175
Trd, 000129.517, 176
Trd, 000129.667, 175
Trd, 000130.600, 169
Trd, 000131.500, 169
Trd, 000131.800, 172
Trd, 000133.767, 171
Trd, 000134.383, 172
Trd, 000135.817, 169
Trd, 000136.633, 169
Trd, 000136.733, 171
Trd, 000137.117, 168
Trd, 000137.350, 172
Trd, 000137.450, 174
Trd, 000138.117, 167
Trd, 000138.133, 174
Trd, 000138.350, 176
Trd, 000138.750, 172
Trd, 000139.517, 175
Trd, 000140.817, 176
Trd, 000141.300, 179
Trd, 000142.667, 177
Trd, 000142.800, 171
Trd, 000143.883, 177
Trd, 000143.967, 172
Trd, 000144.083, 177
Trd, 000144.383, 178
Trd, 000145.283, 175
Trd, 000146.233, 176
Trd, 000147.067, 176
Trd, 000147.317, 172
Trd, 000147.717, 177
Trd, 000148.083, 177
Trd, 000150.383, 174
Trd, 000150.550, 176
Trd, 000150.817, 173
Trd, 000151.467, 173
Trd, 000151.967, 174
Trd, 000152.100, 176
Trd, 000152.600, 177
Trd, 000153.817, 172
Trd, 000153.833, 172
Trd, 000153.883, 173
Trd, 000154.783, 170
Trd, 000154.983, 167
Trd, 000155.267, 168
Trd, 000156.283, 168
Trd, 000156.733, 169
Trd, 000157.250, 171
Trd, 000158.367, 172
Trd, 000158.550, 173
Trd, 000159.083, 171
Trd, 000160.933, 168
Trd, 000161.033, 168
Trd, 000161.300, 172
Trd, 000163.150, 167
Trd, 000163.483, 166
Trd, 000164.583, 168
Trd, 000164.683, 170
Trd, 000164.700, 171
Trd, 000165.517, 173
Trd, 000166.100, 166
Trd, 000166.150, 170
Trd, 000167.850, 169
Trd, 000168.067, 171
Trd, 000169.200, 171
Trd, 000169.317, 171
Trd, 000170.133, 172
Trd, 000171.150, 174
Trd, 000171.717, 175
Trd, 000171.733, 172
Trd, 000171.967, 176
Trd, 000173.217, 176
Trd, 000174.033, 173
Trd, 000174.350, 172
Trd, 000174.617, 182
Trd, 000175.183, 191
Trd, 000175.300, 177
Trd, 000175.533, 178
Trd, 000175.550, 176
Trd, 000175.650, 185
Trd, 000176.433, 177
Trd, 000176.550, 184
Trd, 000176.733, 183
Trd, 000176.933, 178
Trd, 000177.583, 180
Trd, 000179.583, 180
Trd, 000179.900, 179
Trd, 000180.450, 180
Trd, 000180.517, 180
Trd, 000181.383, 179
Trd, 000182.650, 177
Trd, 000182.683, 178
Trd, 000183.117, 176
Trd, 000183.467, 179
Trd, 000184.067, 167
Trd, 000184.783, 180
Trd, 000184.883, 182
Trd, 000186.300, 173
Trd, 000186.367, 169
Trd, 000186.600, 170
Trd, 000187.417, 170
Trd, 000187.733, 175
Trd, 000188.000, 169
Trd, 000188.133, 175
Trd, 000190.083, 174
Trd, 000191.100, 175
Trd, 000191.317, 175
Trd, 000191.800, 175
Trd, 000193.083, 173
Trd, 000193.333, 170
Trd, 000193.667, 173
Trd, 000193.817, 170
Trd, 000194.317, 174
Trd, 000195.100, 173
Trd, 000195.983, 174
Trd, 000196.333, 172
Trd, 000196.733, 172
Trd, 000197.033, 173
Trd, 000198.650, 177
Trd, 000199.583, 182
Trd, 000199.733, 173
Trd, 000199.800, 184
Trd, 000200.633, 171
Trd, 000200.650, 176
Trd, 000201.317, 172
Trd, 000201.633, 175
Trd, 000202.100, 175
Trd, 000202.333, 177
Trd, 000202.483, 172
Trd, 000203.333, 174
Trd, 000204.217, 175
Trd, 000204.250, 177
Trd, 000204.633, 177
Trd, 000205.650, 178
Trd, 000206.650, 179
Trd, 000207.150, 179
Trd, 000207.483, 179
Trd, 000207.517, 182
Trd, 000208.267, 178
Trd, 000208.783, 182
Trd, 000209.950, 181
Trd, 000210.150, 181
Trd, 000211.333, 178
Trd, 000212.100, 180
Trd, 000213.067, 177
Trd, 000213.133, 180
Trd, 000213.583, 181
Trd, 000213.750, 174
Trd, 000215.400, 183
Trd, 000216.050, 181
Trd, 000216.150, 182
Trd, 000217.617, 179
Trd, 000218.383, 178
Trd, 000218.667, 177
Trd, 000218.783, 173
Trd, 000219.150, 178
Trd, 000219.500, 178
Trd, 000219.550, 173
Trd, 000219.867, 186
Trd, 000219.950, 172
Trd, 000220.300, 190
Trd, 000220.683, 185
Trd, 000220.950, 188
Trd, 000221.317, 173
Trd, 000222.483, 174
Trd, 000223.683, 173
Trd, 000224.083, 182
Trd, 000224.433, 182
Trd, 000224.450, 184
Trd, 000225.250, 184
Trd, 000225.350, 182
Trd, 000225.700, 183
Trd, 000226.533, 180
Trd, 000227.367, 179
Trd, 000228.467, 182
Trd, 000228.733, 184
Trd, 000229.150, 185
Trd, 000230.300, 180
Trd, 000231.133, 183
Trd, 000231.867, 180
Trd, 000233.050, 179
Trd, 000233.100, 180
Trd, 000234.133, 178
Trd, 000234.817, 176
Trd, 000234.917, 180
Trd, 000235.367, 180
Trd, 000235.483, 182
Trd, 000236.417, 180
Trd, 000236.517, 179
Trd, 000236.700, 181
Trd, 000238.400, 181
Trd, 000238.833, 179
Trd, 000238.933, 183
Trd, 000239.267, 175
Trd, 000239.433, 182
Trd, 000240.567, 181
Trd, 000240.683, 179
Trd, 000241.233, 180
Trd, 000241.417, 177
Trd, 000242.000, 176
Trd, 000242.150, 172
Trd, 000242.667, 174
Trd, 000242.800, 175
Trd, 000243.217, 178
Trd, 000243.267, 179
Trd, 000243.550, 179
Trd, 000244.000, 180
Trd, 000244.500, 180
Trd, 000245.217, 180
Trd, 000245.300, 181
Trd, 000245.433, 179
Trd, 000247.333, 179
Trd, 000247.900, 179
Trd, 000247.983, 180
Trd, 000248.517, 179
Trd, 000248.750, 178
Trd, 000249.900, 182
Trd, 000250.067, 181
Trd, 000250.100, 179
Trd, 000250.233, 180
Trd, 000250.667, 182
Trd, 000250.717, 178
Trd, 000251.500, 178
Trd, 000253.767, 180
Trd, 000253.833, 178
Trd, 000253.917, 178
Trd, 000254.850, 177
Trd, 000255.150, 176
Trd, 000255.717, 177
Trd, 000255.850, 176
Trd, 000256.000, 178
Trd, 000256.100, 180
Trd, 000256.400, 181
Trd, 000256.650, 183
Trd, 000257.167, 176
Trd, 000257.650, 183
Trd, 000257.917, 184
Trd, 000258.950, 178
Trd, 000259.933, 182
Trd, 000260.400, 178
Trd, 000261.033, 182
Trd, 000261.600, 181
Trd, 000261.933, 181
Trd, 000262.133, 177
Trd, 000262.267, 181
Trd, 000262.967, 184
Trd, 000263.250, 185
Trd, 000263.433, 182
Trd, 000263.950, 182
Trd, 000265.383, 180
Trd, 000266.167, 179
Trd, 000266.250, 182
Trd, 000267.833, 183
Trd, 000267.867, 183
Trd, 000267.883, 182
Trd, 000267.967, 188
Trd, 000267.983, 179
Trd, 000268.533, 178
Trd, 000269.433, 181
Trd, 000269.767, 182
Trd, 000269.817, 179
Trd, 000271.067, 179
Trd, 000271.583, 183
Trd, 000271.600, 183
Trd, 000272.267, 184
Trd, 000272.383, 184
Trd, 000272.850, 189
Trd, 000273.317, 187
Trd, 000273.400, 183
Trd, 000273.517, 179
Trd, 000273.650, 192
Trd, 000274.850, 183
Trd, 000275.100, 188
Trd, 000276.250, 186
Trd, 000276.333, 182
Trd, 000276.433, 180
Trd, 000276.567, 178
Trd, 000277.217, 180
Trd, 000278.217, 177
Trd, 000279.267, 177
Trd, 000280.367, 176
Trd, 000280.567, 177
Trd, 000280.650, 178
Trd, 000280.750, 181
Trd, 000281.300, 174
Trd, 000281.800, 178
Trd, 000281.850, 179
Trd, 000282.050, 181
Trd, 000282.767, 183
Trd, 000283.050, 189
Trd, 000283.600, 181
Trd, 000284.033, 189
Trd, 000285.450, 188
Trd, 000286.133, 186
Trd, 000286.367, 184
Trd, 000286.617, 181
Trd, 000286.917, 185
Trd, 000287.100, 180
Trd, 000287.367, 179
Trd, 000287.750, 182
Trd, 000287.800, 175
Trd, 000288.050, 171
Trd, 000288.383, 178
Trd, 000288.667, 181
Trd, 000288.783, 182
Trd, 000288.883, 184
Trd, 000289.383, 180
Trd, 000290.417, 179
Trd, 000290.917, 182
Trd, 000291.883, 186
Trd, 000293.100, 186
Trd, 000293.400, 181
Trd, 000293.550, 186
Trd, 000293.700, 187
Trd, 000294.217, 187
Trd, 000294.933, 180
Trd, 000295.017, 179
Trd, 000295.350, 178
Trd, 000295.667, 182
Trd, 000296.150, 182
Trd, 000296.533, 182
Trd, 000296.550, 182
Trd, 000296.900, 182
Trd, 000297.550, 185
Trd, 000297.850, 181
Trd, 000298.383, 189
Trd, 000298.567, 185
Trd, 000299.000, 181
Trd, 000299.367, 188
