Trd, 000002.017, 120
Trd, 000002.883, 168
Trd, 000003.633, 165
Trd, 000003.733, 141
Trd, 000004.067, 156
Trd, 000004.567, 154
Trd, 000004.883, 150
Trd, 000005.033, 148
Trd, 000005.083, 146
Trd, 000005.883, 165
Trd, 000006.667, 166
Trd, 000007.233, 165
Trd, 000008.150, 167
Trd, 000009.383, 168
Trd, 000009.567, 165
Trd, 000009.800, 165
Trd, 000010.883, 165
Trd, 000010.950, 164
Trd, 000011.800, 163
Trd, 000011.817, 163
Trd, 000012.300, 159
Trd, 000012.667, 149
Trd, 000012.850, 134
Trd, 000013.933, 163
Trd, 000014.583, 155
Trd, 000014.967, 163
Trd, 000016.933, 151
Trd, 000017.183, 159
Trd, 000017.400, 162
Trd, 000017.517, 152
Trd, 000019.017, 163
Trd, 000019.500, 161
Trd, 000020.617, 163
Trd, 000020.800, 162
Trd, 000020.850, 177
Trd, 000022.433, 160
Trd, 000022.650, 150
Trd, 000023.017, 145
Trd, 000023.083, 138
Trd, 000023.500, 167
Trd, 000023.767, 170
Trd, 000025.367, 151
Trd, 000026.383, 167
Trd, 000027.333, 164
Trd, 000028.317, 165
Trd, 000028.433, 164
Trd, 000028.467, 163
Trd, 000028.933, 168
Trd, 000029.617, 166
Trd, 000029.983, 168
Trd, 000030.317, 166
Trd, 000031.617, 165
Trd, 000031.667, 165
Trd, 000033.100, 168
Trd, 000034.233, 166
Trd, 000034.383, 165
Trd, 000034.467, 167
Trd, 000036.083, 168
Trd, 000036.167, 166
Trd, 000036.467, 166
Trd, 000036.683, 167
Trd, 000037.083, 166
Trd, 000037.767, 165
Trd, 000038.433, 165
Trd, 000038.667, 167
Trd, 000038.800, 169
Trd, 000039.283, 166
Trd, 000039.333, 165
Trd, 000040.233, 166
Trd, 000041.250, 169
Trd, 000042.083, 168
Trd, 000042.267, 162
Trd, 000042.283, 149
Trd, 000042.450, 166
Trd, 000043.600, 166
Trd, 000044.250, 171
Trd, 000046.467, 169
Trd, 000046.483, 166
Trd, 000047.083, 167
Trd, 000047.400, 168
Trd, 000048.133, 172
Trd, 000048.283, 167
Trd, 000048.733, 168
Trd, 000050.300, 171
Trd, 000050.650, 170
Trd, 000051.467, 168
Trd, 000052.850, 168
Trd, 000053.050, 168
Trd, 000053.733, 167
Trd, 000054.867, 168
Trd, 000055.133, 167
Trd, 000055.550, 170
Trd, 000055.633, 170
Trd, 000055.900, 169
Trd, 000056.333, 169
Trd, 000057.150, 169
Trd, 000057.733, 170
Trd, 000057.950, 172
Trd, 000058.783, 173
Trd, 000059.450, 173
Trd, 000059.467, 171
Trd, 000059.900, 171
Trd, 000060.883, 170
Trd, 000061.000, 168
Trd, 000062.583, 166
Trd, 000062.667, 161
Trd, 000062.767, 160
Trd, 000062.817, 168
Trd, 000063.133, 155
Trd, 000063.433, 155
Trd, 000063.900, 171
Trd, 000064.167, 160
Trd, 000064.483, 168
Trd, 000064.500, 154
Trd, 000065.333, 154
Trd, 000066.833, 171
Trd, 000067.133, 161
Trd, 000067.750, 161
Trd, 000068.267, 174
Trd, 000069.150, 163
Trd, 000069.200, 161
Trd, 000069.483, 155
Trd, 000069.600, 158
Trd, 000069.667, 138
Trd, 000072.400, 173
Trd, 000072.667, 172
Trd, 000073.517, 172
Trd, 000073.800, 171
Trd, 000074.833, 172
Trd, 000075.100, 172
Trd, 000075.217, 169
Trd, 000075.250, 175
Trd, 000075.650, 168
Trd, 000076.067, 174
Trd, 000076.717, 174
Trd, 000076.883, 165
Trd, 000077.433, 173
Trd, 000078.500, 168
Trd, 000078.967, 169
Trd, 000079.150, 172
Trd, 000080.033, 170
Trd, 000080.833, 172
Trd, 000081.083, 171
Trd, 000081.383, 171
Trd, 000082.150, 171
Trd, 000082.800, 175
Trd, 000083.917, 170
Trd, 000084.300, 170
Trd, 000084.600, 170
Trd, 000085.133, 173
Trd, 000086.133, 171
Trd, 000086.183, 174
Trd, 000086.400, 171
Trd, 000086.617, 170
Trd, 000087.433, 169
Trd, 000088.250, 167
Trd, 000088.783, 167
Trd, 000090.050, 169
Trd, 000090.300, 175
Trd, 000091.367, 158
Trd, 000091.667, 174
Trd, 000091.700, 158
Trd, 000092.650, 165
Trd, 000093.283, 174
Trd, 000093.850, 171
Trd, 000094.733, 170
Trd, 000094.867, 170
Trd, 000095.150, 172
Trd, 000095.250, 171
Trd, 000096.300, 170
Trd, 000096.317, 173
Trd, 000096.883, 173
Trd, 000097.767, 175
Trd, 000098.267, 174
Trd, 000098.633, 172
Trd, 000098.783, 177
Trd, 000099.117, 172
Trd, 000099.417, 171
Trd, 000099.767, 161
Trd, 000100.667, 165
Trd, 000101.333, 165
Trd, 000102.300, 166
Trd, 000103.967, 175
Trd, 000104.183, 172
Trd, 000105.100, 168
Trd, 000105.617, 168
Trd, 000105.817, 167
Trd, 000106.183, 174
Trd, 000106.867, 170
Trd, 000107.067, 175
Trd, 000108.667, 176
Trd, 000109.167, 174
Trd, 000109.550, 176
Trd, 000110.100, 175
Trd, 000110.367, 174
Trd, 000110.400, 172
Trd, 000110.433, 154
Trd, 000110.717, 177
Trd, 000111.183, 174
Trd, 000112.700, 176
Trd, 000114.400, 177
Trd, 000114.650, 175
Trd, 000114.683, 173
Trd, 000114.750, 173
Trd, 000116.283, 178
Trd, 000116.317, 177
Trd, 000116.800, 174
Trd, 000116.817, 169
Trd, 000117.433, 171
Trd, 000117.733, 159
Trd, 000117.800, 152
Trd, 000117.817, 177
Trd, 000118.383, 165
Trd, 000118.517, 179
Trd, 000119.317, 165
Trd, 000119.350, 150
Trd, 000121.617, 160
Trd, 000122.300, 171
Trd, 000122.333, 170
Trd, 000122.683, 169
Trd, 000122.733, 168
Trd, 000123.550, 167
Trd, 000123.733, 155
Trd, 000125.217, 163
Trd, 000125.800, 164
Trd, 000126.050, 163
Trd, 000126.367, 162
Trd, 000127.167, 178
Trd, 000127.450, 164
Trd, 000128.383, 166
Trd, 000128.483, 166
Trd, 000129.917, 177
Trd, 000130.050, 168
Trd, 000130.300, 165
Trd, 000130.533, 170
Trd, 000130.900, 161
Trd, 000131.767, 177
Trd, 000131.900, 176
Trd, 000132.667, 178
Trd, 000133.767, 175
Trd, 000134.267, 175
Trd, 000135.133, 172
Trd, 000135.833, 175
Trd, 000135.917, 176
Trd, 000136.067, 174
Trd, 000136.517, 172
Trd, 000136.683, 172
Trd, 000138.017, 171
Trd, 000138.050, 170
Trd, 000138.233, 162
Trd, 000140.767, 173
Trd, 000140.867, 166
Trd, 000141.100, 173
Trd, 000141.767, 175
Trd, 000143.300, 173
Trd, 000143.350, 174
Trd, 000143.400, 172
Trd, 000143.883, 179
Trd, 000144.733, 179
Trd, 000145.800, 182
Trd, 000146.067, 180
Trd, 000146.850, 178
Trd, 000146.950, 178
Trd, 000147.533, 177
Trd, 000148.300, 175
Trd, 000148.567, 174
Trd, 000150.000, 173
Trd, 000150.217, 173
Trd, 000150.267, 171
Trd, 000150.900, 178
Trd, 000151.367, 183
Trd, 000153.267, 188
Trd, 000153.867, 188
Trd, 000155.633, 190
Trd, 000155.650, 189
Trd, 000155.783, 183
Trd, 000155.800, 180
Trd, 000155.917, 177
Trd, 000156.150, 174
Trd, 000156.350, 181
Trd, 000157.600, 179
Trd, 000157.650, 158
Trd, 000157.783, 175
Trd, 000158.267, 188
Trd, 000160.417, 177
Trd, 000161.200, 183
Trd, 000162.000, 184
Trd, 000162.100, 185
Trd, 000163.083, 179
Trd, 000163.917, 181
Trd, 000163.950, 179
Trd, 000164.117, 178
Trd, 000165.083, 174
Trd, 000165.183, 182
Trd, 000165.267, 164
Trd, 000166.300, 175
Trd, 000166.967, 174
Trd, 000167.167, 175
Trd, 000167.200, 164
Trd, 000167.883, 177
Trd, 000167.933, 161
Trd, 000168.100, 188
Trd, 000168.600, 160
Trd, 000168.783, 159
Trd, 000169.350, 165
Trd, 000169.617, 146
Trd, 000170.433, 175
Trd, 000171.933, 173
Trd, 000171.950, 185
Trd, 000172.383, 172
Trd, 000173.267, 187
Trd, 000174.417, 187
Trd, 000174.700, 186
Trd, 000174.867, 186
Trd, 000175.117, 183
Trd, 000177.033, 185
Trd, 000177.300, 185
Trd, 000177.317, 186
Trd, 000177.600, 185
Trd, 000178.133, 184
Trd, 000178.450, 182
Trd, 000178.950, 175
Trd, 000181.050, 183
Trd, 000181.483, 180
Trd, 000182.100, 185
Trd, 000182.900, 184
Trd, 000183.117, 184
Trd, 000183.650, 184
Trd, 000183.817, 183
Trd, 000185.467, 181
Trd, 000185.517, 186
Trd, 000186.017, 181
Trd, 000186.867, 185
Trd, 000187.033, 182
Trd, 000187.350, 182
Trd, 000187.383, 180
Trd, 000188.467, 179
Trd, 000188.667, 185
Trd, 000188.850, 185
Trd, 000189.450, 184
Trd, 000190.267, 180
Trd, 000190.500, 178
Trd, 000191.000, 177
Trd, 000192.700, 181
Trd, 000192.800, 180
Trd, 000193.950, 184
Trd, 000193.983, 181
Trd, 000194.183, 186
Trd, 000195.700, 183
Trd, 000195.983, 181
Trd, 000196.533, 182
Trd, 000196.550, 177
Trd, 000197.050, 179
Trd, 000197.550, 181
Trd, 000198.500, 182
Trd, 000198.983, 188
Trd, 000199.200, 168
Trd, 000200.183, 185
Trd, 000200.783, 189
Trd, 000201.133, 178
Trd, 000202.367, 186
Trd, 000202.617, 187
Trd, 000204.250, 186
Trd, 000204.833, 185
Trd, 000205.700, 185
Trd, 000205.883, 184
Trd, 000205.917, 182
Trd, 000206.467, 182
Trd, 000207.233, 178
Trd, 000207.600, 176
Trd, 000207.883, 185
Trd, 000209.133, 185
Trd, 000209.967, 177
Trd, 000209.983, 176
Trd, 000210.283, 175
Trd, 000210.633, 178
Trd, 000211.100, 186
Trd, 000211.483, 179
Trd, 000211.933, 186
Trd, 000212.033, 181
Trd, 000212.183, 180
Trd, 000213.250, 193
Trd, 000213.750, 183
Trd, 000213.950, 180
Trd, 000216.333, 186
Trd, 000216.550, 183
Trd, 000217.600, 186
Trd, 000217.933, 186
Trd, 000218.617, 186
Trd, 000218.900, 184
Trd, 000218.967, 184
Trd, 000219.117, 183
Trd, 000219.533, 183
Trd, 000220.550, 172
Trd, 000221.283, 187
Trd, 000221.867, 178
Trd, 000221.917, 176
Trd, 000222.017, 165
Trd, 000223.033, 183
Trd, 000223.417, 182
Trd, 000223.517, 172
Trd, 000224.267, 172
Trd, 000225.967, 186
Trd, 000226.333, 185
Trd, 000227.233, 184
Trd, 000227.767, 183
Trd, 000229.117, 170
Trd, 000229.700, 185
Trd, 000230.150, 186
Trd, 000230.583, 184
Trd, 000230.817, 191
Trd, 000231.250, 186
Trd, 000231.283, 185
Trd, 000232.000, 184
Trd, 000232.233, 183
Trd, 000232.650, 185
Trd, 000232.817, 183
Trd, 000233.067, 185
Trd, 000233.900, 166
Trd, 000234.783, 191
Trd, 000235.700, 190
Trd, 000236.500, 189
Trd, 000236.683, 190
Trd, 000236.933, 189
Trd, 000236.983, 188
Trd, 000239.933, 194
Trd, 000240.000, 191
Trd, 000240.650, 191
Trd, 000240.900, 189
Trd, 000240.917, 187
Trd, 000241.133, 188
Trd, 000241.350, 186
Trd, 000241.483, 186
Trd, 000241.767, 184
Trd, 000242.183, 186
Trd, 000242.533, 183
Trd, 000243.450, 173
Trd, 000243.617, 172
Trd, 000243.750, 172
Trd, 000244.033, 165
Trd, 000244.117, 165
Trd, 000244.767, 165
Trd, 000245.317, 165
Trd, 000245.850, 166
Trd, 000245.883, 168
Trd, 000246.267, 168
Trd, 000246.617, 165
Trd, 000248.067, 170
Trd, 000248.733, 176
Trd, 000249.717, 189
Trd, 000249.783, 188
Trd, 000249.900, 190
Trd, 000250.333, 187
Trd, 000250.350, 180
Trd, 000250.467, 173
Trd, 000251.233, 180
Trd, 000251.633, 173
Trd, 000251.800, 172
Trd, 000251.817, 164
Trd, 000252.150, 175
Trd, 000253.033, 173
Trd, 000253.683, 175
Trd, 000253.850, 170
Trd, 000254.517, 167
Trd, 000254.683, 174
Trd, 000254.700, 166
Trd, 000254.733, 178
Trd, 000255.150, 187
Trd, 000255.517, 179
Trd, 000255.883, 181
Trd, 000256.400, 190
Trd, 000257.167, 179
Trd, 000257.400, 179
Trd, 000257.733, 177
Trd, 000258.250, 165
Trd, 000258.650, 174
Trd, 000258.933, 174
Trd, 000260.083, 174
Trd, 000260.267, 176
Trd, 000261.167, 176
Trd, 000261.283, 191
Trd, 000262.700, 189
Trd, 000262.867, 189
Trd, 000262.933, 188
Trd, 000263.283, 185
Trd, 000263.400, 189
Trd, 000263.483, 184
Trd, 000264.000, 185
Trd, 000264.417, 184
Trd, 000265.083, 184
Trd, 000266.117, 184
Trd, 000266.450, 187
Trd, 000266.950, 184
Trd, 000267.217, 192
Trd, 000267.400, 184
Trd, 000268.700, 178
Trd, 000268.733, 181
Trd, 000269.250, 175
Trd, 000269.733, 174
Trd, 000269.867, 179
Trd, 000270.200, 175
Trd, 000270.717, 178
Trd, 000270.933, 176
Trd, 000270.967, 168
Trd, 000271.033, 159
Trd, 000271.550, 177
Trd, 000272.067, 189
Trd, 000272.400, 161
Trd, 000273.533, 165
Trd, 000274.217, 170
Trd, 000274.683, 168
Trd, 000274.717, 172
Trd, 000275.033, 167
Trd, 000275.383, 163
Trd, 000276.450, 168
Trd, 000276.600, 169
Trd, 000276.717, 164
Trd, 000276.783, 172
Trd, 000277.583, 174
Trd, 000277.617, 175
Trd, 000277.883, 179
Trd, 000279.367, 179
Trd, 000279.667, 180
Trd, 000279.850, 179
Trd, 000280.100, 179
Trd, 000280.300, 178
Trd, 000280.600, 176
Trd, 000280.700, 178
Trd, 000280.850, 176
Trd, 000281.800, 176
Trd, 000281.883, 179
Trd, 000282.600, 176
Trd, 000282.933, 176
Trd, 000283.233, 171
Trd, 000284.267, 176
Trd, 000284.850, 169
Trd, 000285.300, 178
Trd, 000285.350, 173
Trd, 000285.633, 179
Trd, 000285.750, 180
Trd, 000285.933, 193
Trd, 000286.750, 181
Trd, 000287.067, 180
Trd, 000287.200, 180
Trd, 000287.233, 179
Trd, 000287.450, 179
Trd, 000288.167, 193
Trd, 000288.633, 178
Trd, 000288.950, 180
Trd, 000289.717, 180
Trd, 000290.283, 181
Trd, 000290.433, 180
Trd, 000290.450, 182
Trd, 000291.283, 183
Trd, 000291.400, 181
Trd, 000291.433, 179
Trd, 000291.550, 194
Trd, 000292.767, 186
Trd, 000293.667, 184
Trd, 000293.683, 179
Trd, 000294.233, 181
Trd, 000294.433, 191
Trd, 000294.467, 187
Trd, 000294.683, 183
Trd, 000295.000, 172
Trd, 000295.167, 177
Trd, 000296.483, 174
Trd, 000296.917, 178
Trd, 000297.517, 182
Trd, 000297.700, 181
Trd, 000297.767, 192
Trd, 000297.967, 181
Trd, 000298.267, 181
Trd, 000298.933, 178
Trd, 000299.083, 195
Trd, 000299.283, 175
Trd, 000299.967, 179
