Trd, 000002.083, 165
Trd, 000002.850, 168
Trd, 000003.300, 162
Trd, 000003.650, 192
Trd, 000004.217, 158
Trd, 000004.383, 143
Trd, 000004.767, 137
Trd, 000004.950, 138
Trd, 000007.083, 134
Trd, 000007.100, 135
Trd, 000007.550, 140
Trd, 000007.900, 142
Trd, 000009.000, 145
Trd, 000009.367, 142
Trd, 000011.067, 145
Trd, 000011.267, 145
Trd, 000011.817, 145
Trd, 000012.183, 146
Trd, 000012.783, 152
Trd, 000013.683, 163
Trd, 000013.800, 148
Trd, 000014.317, 155
Trd, 000014.400, 156
Trd, 000015.950, 160
Trd, 000016.300, 159
Trd, 000016.350, 160
Trd, 000016.683, 166
Trd, 000017.233, 159
Trd, 000017.633, 158
Trd, 000017.867, 158
Trd, 000019.483, 154
Trd, 000019.583, 145
Trd, 000019.983, 155
Trd, 000020.283, 144
Trd, 000020.483, 153
Trd, 000022.233, 148
Trd, 000022.950, 146
Trd, 000023.450, 146
Trd, 000024.000, 148
Trd, 000024.633, 146
Trd, 000024.883, 145
Trd, 000025.017, 152
Trd, 000025.917, 161
Trd, 000027.150, 157
Trd, 000027.183, 158
Trd, 000028.483, 156
Trd, 000028.750, 153
Trd, 000030.250, 157
Trd, 000030.267, 165
Trd, 000030.517, 163
Trd, 000030.650, 155
Trd, 000031.267, 154
Trd, 000031.917, 153
Trd, 000032.317, 146
Trd, 000032.850, 160
Trd, 000033.200, 161
Trd, 000034.300, 154
Trd, 000034.950, 158
Trd, 000035.500, 160
Trd, 000035.567, 150
Trd, 000036.217, 161
Trd, 000037.567, 156
Trd, 000038.333, 158
Trd, 000038.850, 159
Trd, 000038.967, 162
Trd, 000039.400, 163
Trd, 000040.417, 158
Trd, 000040.550, 157
Trd, 000040.617, 156
Trd, 000041.000, 147
Trd, 000041.900, 154
Trd, 000042.483, 154
Trd, 000042.683, 149
Trd, 000042.800, 153
Trd, 000044.017, 151
Trd, 000044.700, 149
Trd, 000045.517, 149
Trd, 000045.950, 153
Trd, 000046.000, 155
Trd, 000046.783, 162
Trd, 000047.967, 149
Trd, 000048.500, 149
Trd, 000049.217, 149
Trd, 000049.917, 156
Trd, 000050.617, 158
Trd, 000050.967, 154
Trd, 000051.017, 151
Trd, 000051.083, 160
Trd, 000051.550, 162
Trd, 000052.950, 155
Trd, 000053.600, 160
Trd, 000053.717, 161
Trd, 000054.150, 152
Trd, 000055.200, 161
Trd, 000055.333, 152
Trd, 000055.550, 152
Trd, 000058.600, 160
Trd, 000058.733, 160
Trd, 000059.450, 161
Trd, 000059.483, 164
Trd, 000059.733, 160
Trd, 000059.883, 168
Trd, 000060.133, 159
Trd, 000060.833, 160
Trd, 000060.917, 161
Trd, 000061.233, 151
Trd, 000061.400, 143
Trd, 000062.167, 149
Trd, 000062.433, 160
Trd, 000063.233, 168
Trd, 000064.217, 152
Trd, 000064.317, 159
Trd, 000066.067, 161
Trd, 000066.117, 159
Trd, 000066.167, 166
Trd, 000066.917, 159
Trd, 000067.017, 168
Trd, 000067.367, 158
Trd, 000068.350, 168
Trd, 000069.050, 159
Trd, 000069.400, 148
Trd, 000069.833, 147
Trd, 000070.317, 154
Trd, 000070.450, 148
Trd, 000070.750, 162
Trd, 000071.650, 162
Trd, 000072.717, 162
Trd, 000072.867, 152
Trd, 000073.350, 164
Trd, 000074.050, 154
Trd, 000074.767, 154
Trd, 000074.850, 152
Trd, 000075.417, 157
Trd, 000076.333, 151
Trd, 000076.617, 150
Trd, 000077.133, 152
Trd, 000077.683, 149
Trd, 000078.533, 165
Trd, 000078.683, 165
Trd, 000079.467, 162
Trd, 000079.667, 163
Trd, 000080.067, 166
Trd, 000081.283, 158
Trd, 000081.833, 158
Trd, 000081.917, 157
Trd, 000082.250, 163
Trd, 000082.267, 163
Trd, 000083.200, 158
Trd, 000083.550, 164
Trd, 000084.550, 164
Trd, 000085.283, 159
Trd, 000085.517, 158
Trd, 000086.317, 132
Trd, 000086.500, 145
Trd, 000089.783, 148
Trd, 000089.883, 150
Trd, 000090.033, 151
Trd, 000090.383, 152
Trd, 000090.750, 153
Trd, 000091.767, 160
Trd, 000092.483, 164
Trd, 000092.583, 167
Trd, 000094.217, 159
Trd, 000094.417, 158
Trd, 000095.117, 170
Trd, 000095.967, 162
Trd, 000096.400, 163
Trd, 000096.483, 167
Trd, 000096.633, 158
Trd, 000097.217, 169
Trd, 000097.900, 170
Trd, 000098.800, 151
Trd, 000100.317, 164
Trd, 000100.400, 156
Trd, 000101.333, 161
Trd, 000101.950, 161
Trd, 000102.150, 161
Trd, 000102.833, 162
Trd, 000103.817, 157
Trd, 000104.283, 163
Trd, 000104.433, 158
Trd, 000104.600, 155
Trd, 000104.633, 165
Trd, 000106.067, 155
Trd, 000107.517, 154
Trd, 000107.750, 155
Trd, 000107.933, 162
Trd, 000108.017, 165
Trd, 000108.100, 164
Trd, 000108.167, 161
Trd, 000109.033, 155
Trd, 000109.050, 166
Trd, 000110.650, 162
Trd, 000111.567, 156
Trd, 000112.500, 160
Trd, 000112.783, 162
Trd, 000113.133, 163
Trd, 000113.967, 169
Trd, 000114.300, 161
Trd, 000115.117, 166
Trd, 000115.133, 162
Trd, 000115.717, 161
Trd, 000115.783, 159
Trd, 000116.383, 168
Trd, 000116.417, 164
Trd, 000118.367, 164
Trd, 000118.567, 164
Trd, 000119.867, 164
Trd, 000120.200, 165
Trd, 000120.233, 166
Trd, 000120.467, 167
Trd, 000121.050, 167
Trd, 000121.200, 164
Trd, 000121.317, 164
Trd, 000122.350, 166
Trd, 000122.633, 162
Trd, 000123.800, 167
Trd, 000124.533, 166
Trd, 000125.367, 164
Trd, 000125.550, 165
Trd, 000126.150, 164
Trd, 000126.583, 163
Trd, 000127.500, 164
Trd, 000127.567, 162
Trd, 000127.950, 171
Trd, 000128.050, 156
Trd, 000128.683, 178
Trd, 000129.967, 175
Trd, 000130.567, 170
Trd, 000131.383, 177
Trd, 000131.800, 172
Trd, 000131.917, 172
Trd, 000132.700, 176
Trd, 000132.817, 176
Trd, 000132.983, 175
Trd, 000134.183, 176
Trd, 000134.417, 175
Trd, 000134.933, 175
Trd, 000135.117, 156
Trd, 000135.167, 171
Trd, 000135.533, 154
Trd, 000135.617, 140
Trd, 000136.333, 174
Trd, 000137.317, 150
Trd, 000137.617, 151
Trd, 000138.850, 151
Trd, 000139.333, 155
Trd, 000139.667, 158
Trd, 000140.517, 165
Trd, 000143.083, 165
Trd, 000143.367, 167
Trd, 000143.383, 174
Trd, 000143.550, 176
Trd, 000143.783, 179
Trd, 000143.883, 168
Trd, 000144.433, 169
Trd, 000145.050, 172
Trd, 000145.617, 156
Trd, 000146.783, 157
Trd, 000146.867, 158
Trd, 000147.383, 156
Trd, 000147.917, 158
Trd, 000148.050, 159
Trd, 000148.250, 158
Trd, 000150.200, 166
Trd, 000150.500, 151
Trd, 000151.033, 168
Trd, 000151.883, 152
Trd, 000152.017, 156
Trd, 000152.800, 156
Trd, 000152.983, 163
Trd, 000153.550, 166
Trd, 000154.750, 164
Trd, 000154.767, 160
Trd, 000154.817, 158
Trd, 000155.217, 142
Trd, 000157.317, 155
Trd, 000158.083, 156
Trd, 000158.150, 157
Trd, 000158.983, 160
Trd, 000160.133, 161
Trd, 000161.167, 169
Trd, 000161.233, 162
Trd, 000161.733, 171
Trd, 000162.900, 174
Trd, 000162.967, 175
Trd, 000163.000, 176
Trd, 000163.267, 166
Trd, 000163.850, 177
Trd, 000164.633, 172
Trd, 000165.583, 178
Trd, 000166.900, 175
Trd, 000167.133, 175
Trd, 000168.033, 178
Trd, 000168.717, 175
Trd, 000169.317, 179
Trd, 000169.433, 160
Trd, 000170.433, 173
Trd, 000170.500, 170
Trd, 000170.850, 169
Trd, 000170.883, 172
Trd, 000171.217, 172
Trd, 000171.733, 175
Trd, 000173.433, 174
Trd, 000173.617, 168
Trd, 000173.683, 176
Trd, 000173.750, 172
Trd, 000173.783, 161
Trd, 000174.150, 178
Trd, 000176.733, 171
Trd, 000176.883, 168
Trd, 000177.483, 166
Trd, 000177.700, 175
Trd, 000179.450, 168
Trd, 000179.533, 162
Trd, 000180.017, 167
Trd, 000180.233, 167
Trd, 000180.783, 161
Trd, 000182.383, 149
Trd, 000182.467, 150
Trd, 000183.417, 159
Trd, 000184.183, 159
Trd, 000184.300, 162
Trd, 000185.317, 168
Trd, 000185.750, 165
Trd, 000185.900, 166
Trd, 000187.600, 167
Trd, 000188.100, 165
Trd, 000188.700, 169
Trd, 000188.867, 170
Trd, 000189.883, 165
Trd, 000190.000, 161
Trd, 000190.267, 172
Trd, 000191.267, 172
Trd, 000191.550, 174
Trd, 000192.750, 176
Trd, 000192.783, 160
Trd, 000193.833, 164
Trd, 000193.867, 163
Trd, 000195.450, 171
Trd, 000196.617, 170
Trd, 000197.017, 172
Trd, 000197.200, 182
Trd, 000197.750, 177
Trd, 000197.883, 184
Trd, 000198.533, 174
Trd, 000198.783, 175
Trd, 000199.000, 181
Trd, 000199.567, 175
Trd, 000199.967, 181
Trd, 000200.167, 173
Trd, 000201.133, 157
Trd, 000202.667, 170
Trd, 000203.317, 169
Trd, 000203.367, 168
Trd, 000204.083, 168
Trd, 000204.350, 165
Trd, 000205.467, 171
Trd, 000205.750, 165
Trd, 000205.950, 175
Trd, 000206.350, 165
Trd, 000206.450, 164
Trd, 000207.417, 180
Trd, 000208.250, 167
Trd, 000209.017, 176
Trd, 000209.800, 177
Trd, 000210.200, 177
Trd, 000211.283, 182
Trd, 000211.433, 175
Trd, 000212.567, 177
Trd, 000213.533, 177
Trd, 000213.583, 176
Trd, 000213.783, 177
Trd, 000214.033, 182
Trd, 000214.317, 176
Trd, 000214.517, 183
Trd, 000216.633, 164
Trd, 000217.617, 171
Trd, 000217.700, 179
Trd, 000218.183, 170
Trd, 000218.417, 176
Trd, 000218.450, 177
Trd, 000219.133, 181
Trd, 000219.383, 183
Trd, 000220.583, 177
Trd, 000222.067, 176
Trd, 000222.433, 175
Trd, 000222.867, 176
Trd, 000223.017, 177
Trd, 000224.100, 175
Trd, 000224.200, 175
Trd, 000224.633, 175
Trd, 000224.650, 166
Trd, 000225.133, 175
Trd, 000226.367, 176
Trd, 000226.483, 167
Trd, 000227.333, 181
Trd, 000227.433, 184
Trd, 000227.483, 179
Trd, 000228.600, 184
Trd, 000228.883, 173
Trd, 000228.983, 173
Trd, 000230.383, 167
Trd, 000230.717, 183
Trd, 000231.167, 171
Trd, 000231.833, 166
Trd, 000234.133, 175
Trd, 000235.800, 171
Trd, 000235.850, 170
Trd, 000236.133, 167
Trd, 000236.167, 165
Trd, 000236.450, 164
Trd, 000236.817, 162
Trd, 000236.933, 168
Trd, 000237.483, 172
Trd, 000237.700, 178
Trd, 000237.833, 175
Trd, 000238.167, 179
Trd, 000239.967, 174
Trd, 000240.300, 178
Trd, 000240.450, 179
Trd, 000241.033, 177
Trd, 000242.000, 177
Trd, 000242.050, 178
Trd, 000243.417, 179
Trd, 000243.567, 180
Trd, 000244.033, 178
Trd, 000244.783, 179
Trd, 000244.967, 182
Trd, 000245.033, 178
Trd, 000245.217, 177
Trd, 000245.633, 186
Trd, 000246.417, 186
Trd, 000247.533, 182
Trd, 000247.933, 181
Trd, 000248.617, 181
Trd, 000249.083, 180
Trd, 000249.250, 175
Trd, 000249.433, 176
Trd, 000249.633, 181
Trd, 000250.033, 180
Trd, 000250.983, 177
Trd, 000251.383, 173
Trd, 000251.483, 174
Trd, 000251.733, 175
Trd, 000251.883, 180
Trd, 000252.167, 170
Trd, 000252.933, 174
Trd, 000253.383, 180
Trd, 000254.117, 180
Trd, 000254.583, 173
Trd, 000254.833, 172
Trd, 000255.783, 172
Trd, 000255.900, 174
Trd, 000256.317, 176
Trd, 000256.683, 177
Trd, 000257.250, 178
Trd, 000257.450, 176
Trd, 000257.517, 180
Trd, 000258.067, 174
Trd, 000258.217, 169
Trd, 000259.100, 175
Trd, 000260.083, 168
Trd, 000261.017, 168
Trd, 000261.433, 170
Trd, 000261.583, 179
Trd, 000262.200, 176
Trd, 000262.650, 176
Trd, 000262.883, 175
Trd, 000263.200, 180
Trd, 000263.667, 180
Trd, 000263.717, 181
Trd, 000264.683, 181
Trd, 000265.083, 184
Trd, 000265.717, 179
Trd, 000265.833, 180
Trd, 000266.050, 185
Trd, 000266.650, 186
Trd, 000266.800, 182
Trd, 000267.017, 184
Trd, 000267.283, 183
Trd, 000267.300, 189
Trd, 000267.400, 183
Trd, 000267.733, 191
Trd, 000267.867, 182
Trd, 000268.533, 191
Trd, 000268.583, 182
Trd, 000270.183, 183
Trd, 000270.333, 192
Trd, 000270.483, 191
Trd, 000270.517, 189
Trd, 000271.450, 188
Trd, 000271.700, 179
Trd, 000271.750, 189
Trd, 000272.250, 175
Trd, 000272.933, 171
Trd, 000274.333, 179
Trd, 000274.483, 178
Trd, 000274.767, 178
Trd, 000274.783, 178
Trd, 000275.100, 189
Trd, 000275.217, 170
Trd, 000276.083, 189
Trd, 000277.067, 186
Trd, 000277.267, 185
Trd, 000277.300, 182
Trd, 000277.717, 182
Trd, 000277.967, 183
Trd, 000278.483, 181
Trd, 000278.667, 180
Trd, 000279.383, 183
Trd, 000279.533, 176
Trd, 000279.583, 170
Trd, 000280.317, 176
Trd, 000280.400, 186
Trd, 000280.833, 179
Trd, 000281.400, 177
Trd, 000281.650, 182
Trd, 000282.383, 183
Trd, 000282.433, 187
Trd, 000282.567, 186
Trd, 000282.617, 178
Trd, 000282.783, 177
Trd, 000283.133, 176
Trd, 000283.533, 180
Trd, 000284.483, 177
Trd, 000284.583, 176
Trd, 000285.833, 171
Trd, 000285.900, 173
Trd, 000286.150, 173
Trd, 000286.367, 172
Trd, 000287.150, 172
Trd, 000287.233, 176
Trd, 000287.817, 172
Trd, 000288.383, 173
Trd, 000288.517, 174
Trd, 000288.733, 174
Trd, 000288.817, 187
Trd, 000288.967, 191
Trd, 000289.833, 173
Trd, 000290.050, 171
Trd, 000290.267, 178
Trd, 000290.367, 178
Trd, 000290.717, 177
Trd, 000291.783, 178
Trd, 000292.300, 180
Trd, 000293.383, 180
Trd, 000293.400, 182
Trd, 000293.567, 184
Trd, 000293.633, 178
Trd, 000293.783, 177
Trd, 000294.300, 177
Trd, 000294.333, 176
Trd, 000295.333, 183
Trd, 000295.833, 191
Trd, 000295.883, 192
Trd, 000296.283, 176
Trd, 000296.733, 180
Trd, 000296.983, 180
Trd, 000298.017, 179
Trd, 000298.517, 183
Trd, 000298.783, 185
Trd, 000298.850, 191
Trd, 000299.033, 192
Trd, 000299.067, 182
Trd, 000299.150, 194
Trd, 000299.700, 198
