Trd, 000003.167, 151
Trd, 000004.150, 186
Trd, 000004.283, 179
Trd, 000005.050, 172
Trd, 000005.233, 165
Trd, 000005.650, 139
Trd, 000005.950, 168
Trd, 000006.400, 153
Trd, 000006.667, 152
Trd, 000007.950, 167
Trd, 000008.083, 156
Trd, 000008.250, 166
Trd, 000008.800, 155
Trd, 000009.167, 149
Trd, 000009.350, 140
Trd, 000009.783, 161
Trd, 000010.133, 153
Trd, 000010.967, 159
Trd, 000011.100, 152
Trd, 000011.700, 157
Trd, 000012.467, 148
Trd, 000012.667, 147
Trd, 000013.033, 140
Trd, 000013.617, 149
Trd, 000014.567, 149
Trd, 000015.483, 149
Trd, 000015.500, 145
Trd, 000015.517, 150
Trd, 000016.033, 151
Trd, 000017.133, 151
Trd, 000017.383, 149
Trd, 000018.917, 145
Trd, 000019.267, 146
Trd, 000019.700, 150
Trd, 000019.950, 138
Trd, 000020.067, 153
Trd, 000020.450, 150
Trd, 000021.833, 155
Trd, 000021.983, 153
Trd, 000022.233, 139
Trd, 000022.383, 156
Trd, 000022.617, 151
Trd, 000023.433, 153
Trd, 000023.900, 152
Trd, 000024.200, 153
Trd, 000024.267, 157
Trd, 000025.117, 152
Trd, 000026.283, 154
Trd, 000026.567, 159
Trd, 000027.217, 152
Trd, 000028.317, 158
Trd, 000029.300, 158
Trd, 000029.650, 156
Trd, 000029.717, 151
Trd, 000030.500, 153
Trd, 000030.767, 155
Trd, 000031.517, 151
Trd, 000031.550, 145
Trd, 000031.650, 143
Trd, 000031.967, 155
Trd, 000033.183, 161
Trd, 000033.717, 155
Trd, 000033.800, 154
Trd, 000034.183, 145
Trd, 000034.217, 166
Trd, 000035.650, 153
Trd, 000036.767, 153
Trd, 000037.483, 153
Trd, 000037.800, 154
Trd, 000037.933, 153
Trd, 000038.717, 154
Trd, 000038.783, 162
Trd, 000039.367, 153
Trd, 000039.467, 171
Trd, 000039.983, 152
Trd, 000040.000, 144
Trd, 000040.500, 141
Trd, 000041.033, 152
Trd, 000041.650, 165
Trd, 000041.667, 137
Trd, 000042.317, 166
Trd, 000043.767, 169
Trd, 000043.800, 170
Trd, 000045.233, 158
Trd, 000045.500, 167
Trd, 000046.117, 159
Trd, 000046.533, 155
Trd, 000048.650, 145
Trd, 000048.900, 152
Trd, 000049.067, 152
Trd, 000049.400, 153
Trd, 000049.533, 156
Trd, 000050.100, 162
Trd, 000050.517, 163
Trd, 000050.650, 168
Trd, 000050.817, 155
Trd, 000051.100, 154
Trd, 000051.400, 153
Trd, 000053.067, 159
Trd, 000053.767, 165
Trd, 000054.883, 166
Trd, 000054.967, 159
Trd, 000055.467, 159
Trd, 000055.700, 160
Trd, 000055.950, 161
Trd, 000056.300, 165
Trd, 000056.900, 168
Trd, 000057.100, 160
Trd, 000057.800, 161
Trd, 000058.633, 158
Trd, 000058.783, 157
Trd, 000059.433, 171
Trd, 000060.267, 155
Trd, 000060.333, 172
Trd, 000061.150, 171
Trd, 000062.383, 169
Trd, 000062.433, 169
Trd, 000062.700, 164
Trd, 000062.983, 161
Trd, 000063.300, 154
Trd, 000063.700, 165
Trd, 000064.050, 157
Trd, 000065.850, 157
Trd, 000066.167, 159
Trd, 000066.417, 161
Trd, 000067.883, 163
Trd, 000067.933, 164
Trd, 000068.183, 158
Trd, 000068.433, 165
Trd, 000068.467, 159
Trd, 000068.883, 158
Trd, 000069.117, 154
Trd, 000071.150, 167
Trd, 000071.717, 165
Trd, 000071.900, 164
Trd, 000072.917, 160
Trd, 000073.283, 160
Trd, 000074.100, 160
Trd, 000074.283, 161
Trd, 000074.300, 175
Trd, 000076.267, 165
Trd, 000077.600, 165
Trd, 000078.467, 166
Trd, 000078.633, 164
Trd, 000078.967, 170
Trd, 000079.383, 169
Trd, 000079.583, 167
Trd, 000079.833, 163
Trd, 000080.433, 159
Trd, 000081.067, 163
Trd, 000081.300, 164
Trd, 000081.367, 159
Trd, 000081.533, 156
Trd, 000081.933, 148
Trd, 000083.083, 158
Trd, 000083.400, 149
Trd, 000083.450, 158
Trd, 000085.150, 156
Trd, 000085.600, 154
Trd, 000085.633, 159
Trd, 000086.267, 156
Trd, 000086.500, 166
Trd, 000086.750, 173
Trd, 000087.017, 177
Trd, 000087.517, 179
Trd, 000088.350, 172
Trd, 000089.183, 177
Trd, 000089.517, 173
Trd, 000089.600, 175
Trd, 000090.117, 167
Trd, 000091.667, 165
Trd, 000091.767, 164
Trd, 000091.967, 160
Trd, 000092.383, 158
Trd, 000093.367, 163
Trd, 000094.033, 161
Trd, 000094.333, 160
Trd, 000094.467, 160
Trd, 000094.867, 160
Trd, 000095.317, 161
Trd, 000096.367, 159
Trd, 000096.417, 167
Trd, 000096.783, 160
Trd, 000097.183, 159
Trd, 000097.200, 157
Trd, 000097.633, 150
Trd, 000098.750, 161
Trd, 000099.150, 158
Trd, 000099.450, 162
Trd, 000099.467, 165
Trd, 000099.500, 153
Trd, 000099.617, 151
Trd, 000101.117, 156
Trd, 000102.233, 160
Trd, 000102.467, 161
Trd, 000102.800, 159
Trd, 000103.733, 159
Trd, 000103.767, 160
Trd, 000104.467, 159
Trd, 000105.200, 158
Trd, 000105.383, 147
Trd, 000105.700, 162
Trd, 000105.867, 163
Trd, 000106.050, 147
Trd, 000106.483, 167
Trd, 000107.683, 166
Trd, 000108.050, 153
Trd, 000108.233, 148
Trd, 000109.317, 159
Trd, 000109.350, 160
Trd, 000109.367, 163
Trd, 000110.550, 159
Trd, 000112.867, 163
Trd, 000113.033, 164
Trd, 000113.117, 163
Trd, 000113.200, 162
Trd, 000113.300, 151
Trd, 000113.833, 161
Trd, 000115.633, 162
Trd, 000115.850, 165
Trd, 000116.433, 162
Trd, 000116.900, 167
Trd, 000118.900, 166
Trd, 000118.967, 167
Trd, 000119.100, 165
Trd, 000119.400, 164
Trd, 000119.667, 170
Trd, 000119.750, 180
Trd, 000120.133, 179
Trd, 000120.250, 164
Trd, 000120.933, 163
Trd, 000121.017, 160
Trd, 000122.517, 179
Trd, 000122.650, 160
Trd, 000125.883, 165
Trd, 000126.083, 168
Trd, 000126.750, 163
Trd, 000127.667, 166
Trd, 000128.467, 167
Trd, 000129.067, 167
Trd, 000129.433, 165
Trd, 000129.783, 166
Trd, 000130.100, 164
Trd, 000130.133, 167
Trd, 000130.517, 163
Trd, 000131.017, 166
Trd, 000131.217, 166
Trd, 000131.417, 162
Trd, 000132.583, 163
Trd, 000133.800, 167
Trd, 000134.367, 164
Trd, 000134.600, 165
Trd, 000135.250, 164
Trd, 000135.583, 164
Trd, 000136.450, 168
Trd, 000136.517, 169
Trd, 000136.617, 162
Trd, 000137.283, 162
Trd, 000137.650, 153
Trd, 000138.017, 169
Trd, 000138.533, 152
Trd, 000139.550, 165
Trd, 000140.733, 159
Trd, 000141.533, 154
Trd, 000142.250, 153
Trd, 000142.517, 157
Trd, 000142.850, 158
Trd, 000143.867, 157
Trd, 000143.917, 152
Trd, 000144.783, 153
Trd, 000145.117, 155
Trd, 000145.617, 156
Trd, 000146.250, 163
Trd, 000147.117, 163
Trd, 000147.633, 166
Trd, 000147.783, 169
Trd, 000148.350, 153
Trd, 000148.483, 154
Trd, 000149.083, 168
Trd, 000149.333, 169
Trd, 000149.783, 153
Trd, 000149.900, 151
Trd, 000151.917, 180
Trd, 000152.717, 173
Trd, 000153.450, 170
Trd, 000153.600, 172
Trd, 000154.433, 173
Trd, 000154.517, 172
Trd, 000155.450, 170
Trd, 000156.333, 169
Trd, 000156.883, 167
Trd, 000158.650, 172
Trd, 000159.800, 172
Trd, 000159.833, 173
Trd, 000160.567, 169
Trd, 000160.733, 168
Trd, 000160.933, 174
Trd, 000161.033, 184
Trd, 000161.400, 179
Trd, 000162.467, 169
Trd, 000162.717, 176
Trd, 000164.100, 168
Trd, 000164.550, 167
Trd, 000164.683, 168
Trd, 000165.617, 166
Trd, 000165.817, 165
Trd, 000166.083, 164
Trd, 000166.600, 166
Trd, 000166.633, 168
Trd, 000166.833, 167
Trd, 000167.433, 166
Trd, 000167.767, 165
Trd, 000168.017, 173
Trd, 000168.067, 174
Trd, 000169.017, 171
Trd, 000170.350, 167
Trd, 000171.250, 168
Trd, 000171.467, 169
Trd, 000171.783, 165
Trd, 000171.800, 176
Trd, 000171.950, 162
Trd, 000173.133, 161
Trd, 000173.317, 159
Trd, 000173.367, 174
Trd, 000173.600, 176
Trd, 000173.817, 160
Trd, 000174.867, 183
Trd, 000174.883, 162
Trd, 000175.300, 184
Trd, 000176.933, 182
Trd, 000176.967, 183
Trd, 000177.817, 168
Trd, 000178.933, 166
Trd, 000179.633, 166
Trd, 000179.950, 169
Trd, 000180.800, 160
Trd, 000181.450, 166
Trd, 000181.583, 167
Trd, 000182.617, 169
Trd, 000182.717, 168
Trd, 000182.783, 166
Trd, 000182.967, 170
Trd, 000183.450, 176
Trd, 000183.633, 183
Trd, 000184.200, 185
Trd, 000184.567, 161
Trd, 000185.017, 162
Trd, 000186.283, 164
Trd, 000186.933, 164
Trd, 000187.367, 167
Trd, 000187.700, 168
Trd, 000188.050, 162
Trd, 000188.467, 161
Trd, 000188.483, 168
Trd, 000189.217, 167
Trd, 000189.617, 170
Trd, 000190.017, 177
Trd, 000190.550, 161
Trd, 000191.417, 171
Trd, 000192.400, 186
Trd, 000193.850, 183
Trd, 000193.917, 186
Trd, 000194.283, 167
Trd, 000194.633, 159
Trd, 000195.033, 177
Trd, 000196.317, 174
Trd, 000196.750, 174
Trd, 000196.900, 172
Trd, 000198.367, 173
Trd, 000198.567, 173
Trd, 000198.850, 177
Trd, 000199.533, 177
Trd, 000199.783, 178
Trd, 000200.267, 173
Trd, 000201.050, 176
Trd, 000201.233, 175
Trd, 000201.467, 169
Trd, 000201.650, 178
Trd, 000201.700, 168
Trd, 000203.050, 177
Trd, 000203.917, 176
Trd, 000204.700, 174
Trd, 000204.733, 173
Trd, 000205.500, 174
Trd, 000205.617, 172
Trd, 000206.167, 172
Trd, 000206.433, 173
Trd, 000206.567, 175
Trd, 000207.083, 169
Trd, 000207.617, 174
Trd, 000207.933, 175
Trd, 000208.633, 168
Trd, 000208.833, 169
Trd, 000210.900, 175
Trd, 000211.467, 173
Trd, 000211.483, 170
Trd, 000211.850, 176
Trd, 000212.317, 177
Trd, 000212.483, 173
Trd, 000213.500, 174
Trd, 000214.567, 178
Trd, 000214.633, 174
Trd, 000215.017, 179
Trd, 000215.050, 191
Trd, 000215.483, 175
Trd, 000215.750, 182
Trd, 000216.517, 186
Trd, 000217.200, 185
Trd, 000218.217, 174
Trd, 000218.600, 174
Trd, 000219.033, 183
Trd, 000220.217, 178
Trd, 000220.950, 175
Trd, 000221.367, 174
Trd, 000221.433, 162
Trd, 000221.500, 174
Trd, 000221.633, 170
Trd, 000222.667, 171
Trd, 000223.000, 172
Trd, 000224.650, 171
Trd, 000224.900, 173
Trd, 000225.883, 171
Trd, 000226.283, 171
Trd, 000226.533, 170
Trd, 000226.883, 172
Trd, 000227.850, 174
Trd, 000229.033, 175
Trd, 000229.150, 174
Trd, 000229.417, 167
Trd, 000230.717, 174
Trd, 000231.067, 164
Trd, 000231.883, 160
Trd, 000232.183, 175
Trd, 000232.617, 175
Trd, 000233.133, 180
Trd, 000233.233, 175
Trd, 000233.283, 174
Trd, 000234.333, 171
Trd, 000235.383, 168
Trd, 000235.783, 167
Trd, 000236.400, 167
Trd, 000236.767, 169
Trd, 000236.983, 170
Trd, 000237.083, 171
Trd, 000237.767, 172
Trd, 000238.267, 172
Trd, 000238.500, 171
Trd, 000239.133, 173
Trd, 000239.667, 175
Trd, 000240.250, 178
Trd, 000240.567, 177
Trd, 000240.883, 177
Trd, 000241.233, 175
Trd, 000241.617, 177
Trd, 000241.683, 176
Trd, 000241.783, 182
Trd, 000242.050, 174
Trd, 000242.850, 172
Trd, 000243.367, 183
Trd, 000244.567, 171
Trd, 000245.017, 171
Trd, 000245.067, 169
Trd, 000245.183, 172
Trd, 000245.650, 176
Trd, 000245.833, 172
Trd, 000245.967, 173
Trd, 000246.500, 178
Trd, 000247.183, 178
Trd, 000247.267, 179
Trd, 000248.067, 151
Trd, 000248.300, 172
Trd, 000248.567, 173
Trd, 000248.650, 181
Trd, 000248.733, 181
Trd, 000248.933, 177
Trd, 000249.783, 183
Trd, 000249.983, 179
Trd, 000250.033, 186
Trd, 000251.117, 181
Trd, 000251.367, 180
Trd, 000251.383, 165
Trd, 000252.133, 178
Trd, 000252.433, 176
Trd, 000252.783, 179
Trd, 000253.200, 173
Trd, 000253.683, 174
Trd, 000253.733, 180
Trd, 000254.233, 183
Trd, 000254.333, 182
Trd, 000255.333, 181
Trd, 000255.433, 184
Trd, 000255.483, 183
Trd, 000256.417, 180
Trd, 000256.533, 173
Trd, 000257.183, 180
Trd, 000257.600, 180
Trd, 000257.667, 179
Trd, 000257.967, 175
Trd, 000258.067, 181
Trd, 000258.567, 181
Trd, 000258.800, 182
Trd, 000259.600, 165
Trd, 000260.217, 168
Trd, 000261.167, 177
Trd, 000261.283, 178
Trd, 000262.233, 174
Trd, 000262.333, 168
Trd, 000262.350, 175
Trd, 000263.050, 166
Trd, 000263.217, 177
Trd, 000263.700, 176
Trd, 000264.000, 178
Trd, 000264.033, 166
Trd, 000264.733, 177
Trd, 000265.400, 175
Trd, 000265.517, 180
Trd, 000266.283, 181
Trd, 000266.550, 180
Trd, 000267.017, 182
Trd, 000267.417, 184
Trd, 000267.533, 175
Trd, 000267.717, 174
Trd, 000268.350, 182
Trd, 000269.383, 187
Trd, 000269.467, 188
Trd, 000269.667, 186
Trd, 000270.150, 185
Trd, 000270.667, 188
Trd, 000270.917, 183
Trd, 000271.083, 182
Trd, 000271.167, 181
Trd, 000271.717, 178
Trd, 000271.867, 175
Trd, 000272.550, 181
Trd, 000272.800, 175
Trd, 000273.183, 170
Trd, 000273.900, 176
Trd, 000274.233, 176
Trd, 000274.467, 181
Trd, 000274.983, 179
Trd, 000275.333, 182
Trd, 000275.867, 179
Trd, 000276.000, 175
Trd, 000276.183, 183
Trd, 000276.817, 183
Trd, 000277.267, 186
Trd, 000277.433, 183
Trd, 000277.583, 181
Trd, 000277.783, 186
Trd, 000278.000, 180
Trd, 000278.033, 179
Trd, 000278.250, 190
Trd, 000279.233, 195
Trd, 000280.617, 186
Trd, 000280.683, 186
Trd, 000280.950, 181
Trd, 000281.450, 175
Trd, 000281.867, 172
Trd, 000282.517, 169
Trd, 000283.700, 172
Trd, 000284.033, 169
Trd, 000284.483, 172
Trd, 000284.750, 168
Trd, 000284.883, 183
Trd, 000285.833, 175
Trd, 000286.350, 176
Trd, 000286.417, 180
Trd, 000286.767, 174
Trd, 000286.800, 184
Trd, 000286.883, 165
Trd, 000287.167, 167
Trd, 000287.383, 174
Trd, 000287.967, 185
Trd, 000288.033, 181
Trd, 000289.117, 182
Trd, 000289.533, 184
Trd, 000290.017, 184
Trd, 000290.633, 182
Trd, 000290.683, 184
Trd, 000290.767, 180
Trd, 000290.983, 185
Trd, 000291.367, 187
Trd, 000291.767, 196
Trd, 000291.850, 197
Trd, 000292.450, 196
Trd, 000293.100, 188
Trd, 000293.567, 190
Trd, 000294.533, 191
Trd, 000294.683, 193
Trd, 000295.100, 194
Trd, 000295.983, 195
Trd, 000296.133, 202
Trd, 000296.167, 208
Trd, 000296.233, 194
Trd, 000296.483, 194
Trd, 000296.517, 187
Trd, 000296.967, 181
Trd, 000297.117, 191
Trd, 000297.217, 192
Trd, 000297.350, 180
Trd, 000297.717, 192
Trd, 000298.917, 180
