Trd, 000003.000, 126
Trd, 000003.750, 127
Trd, 000004.333, 127
Trd, 000004.433, 126
Trd, 000005.967, 143
Trd, 000006.050, 144
Trd, 000007.750, 139
Trd, 000007.900, 139
Trd, 000009.133, 140
Trd, 000009.450, 140
Trd, 000010.217, 145
Trd, 000012.000, 145
Trd, 000012.967, 143
Trd, 000013.100, 143
Trd, 000013.583, 144
Trd, 000013.733, 143
Trd, 000013.967, 156
Trd, 000014.183, 142
Trd, 000015.033, 159
Trd, 000015.050, 163
Trd, 000016.883, 145
Trd, 000017.000, 146
Trd, 000017.117, 144
Trd, 000018.217, 146
Trd, 000019.300, 146
Trd, 000021.483, 144
Trd, 000022.550, 147
Trd, 000023.000, 139
Trd, 000023.333, 147
Trd, 000024.833, 146
Trd, 000025.133, 147
Trd, 000025.950, 146
Trd, 000026.367, 146
Trd, 000026.550, 150
Trd, 000027.900, 147
Trd, 000028.450, 148
Trd, 000030.667, 153
Trd, 000030.867, 156
Trd, 000030.983, 151
Trd, 000031.817, 155
Trd, 000032.250, 156
Trd, 000032.883, 155
Trd, 000033.133, 154
Trd, 000033.300, 158
Trd, 000033.683, 155
Trd, 000034.017, 159
Trd, 000034.333, 152
Trd, 000035.283, 153
Trd, 000035.383, 160
Trd, 000036.067, 160
Trd, 000037.667, 160
Trd, 000038.033, 160
Trd, 000038.183, 154
Trd, 000038.350, 153
Trd, 000038.450, 161
Trd, 000040.833, 157
Trd, 000040.867, 160
Trd, 000041.833, 157
Trd, 000041.967, 157
Trd, 000042.317, 157
Trd, 000044.817, 158
Trd, 000045.233, 157
Trd, 000046.133, 157
Trd, 000046.450, 158
Trd, 000047.400, 159
Trd, 000047.950, 153
Trd, 000048.200, 162
Trd, 000049.017, 161
Trd, 000050.500, 158
Trd, 000050.600, 158
Trd, 000050.900, 160
Trd, 000051.000, 161
Trd, 000052.867, 154
Trd, 000053.783, 155
Trd, 000054.100, 155
Trd, 000055.117, 153
Trd, 000055.617, 157
Trd, 000057.683, 154
Trd, 000058.083, 156
Trd, 000058.567, 155
Trd, 000059.100, 151
Trd, 000059.667, 160
Trd, 000060.017, 159
Trd, 000060.300, 160
Trd, 000060.800, 154
Trd, 000062.150, 154
Trd, 000062.450, 153
Trd, 000063.150, 153
Trd, 000063.417, 154
Trd, 000064.800, 154
Trd, 000064.850, 152
Trd, 000065.367, 155
Trd, 000066.250, 157
Trd, 000066.267, 158
Trd, 000066.617, 161
Trd, 000066.800, 150
Trd, 000068.300, 163
Trd, 000069.767, 157
Trd, 000069.783, 159
Trd, 000071.150, 158
Trd, 000072.767, 161
Trd, 000073.117, 157
Trd, 000073.917, 156
Trd, 000074.767, 156
Trd, 000075.650, 156
Trd, 000075.850, 158
Trd, 000076.783, 158
Trd, 000076.817, 159
Trd, 000077.583, 163
Trd, 000079.233, 161
Trd, 000079.317, 162
Trd, 000079.950, 163
Trd, 000080.333, 161
Trd, 000081.117, 162
Trd, 000082.900, 160
Trd, 000083.000, 161
Trd, 000083.317, 157
Trd, 000083.567, 158
Trd, 000084.133, 157
Trd, 000084.717, 162
Trd, 000084.783, 155
Trd, 000087.317, 163
Trd, 000087.533, 157
Trd, 000088.467, 163
Trd, 000088.917, 164
Trd, 000089.000, 170
Trd, 000089.983, 171
Trd, 000090.500, 168
Trd, 000091.400, 166
Trd, 000092.217, 164
Trd, 000092.333, 164
Trd, 000093.900, 164
Trd, 000094.150, 165
Trd, 000094.367, 166
Trd, 000094.700, 164
Trd, 000096.033, 164
Trd, 000096.933, 164
Trd, 000097.267, 165
Trd, 000097.517, 166
Trd, 000098.617, 167
Trd, 000099.483, 168
Trd, 000100.950, 168
Trd, 000101.100, 164
Trd, 000101.483, 164
Trd, 000102.533, 162
Trd, 000102.633, 161
Trd, 000102.883, 162
Trd, 000104.183, 162
Trd, 000105.583, 164
Trd, 000106.850, 163
Trd, 000107.183, 165
Trd, 000107.383, 163
Trd, 000107.400, 159
Trd, 000107.800, 165
Trd, 000107.950, 158
Trd, 000108.933, 167
Trd, 000109.350, 155
Trd, 000109.933, 172
Trd, 000111.750, 159
Trd, 000112.033, 159
Trd, 000112.100, 160
Trd, 000112.233, 161
Trd, 000112.333, 163
Trd, 000112.817, 165
Trd, 000113.667, 159
Trd, 000115.200, 166
Trd, 000117.000, 166
Trd, 000117.200, 169
Trd, 000117.650, 161
Trd, 000118.650, 161
Trd, 000118.933, 161
Trd, 000119.000, 164
Trd, 000120.617, 161
Trd, 000120.700, 159
Trd, 000121.517, 162
Trd, 000123.883, 156
Trd, 000124.350, 155
Trd, 000124.750, 156
Trd, 000124.867, 155
Trd, 000124.983, 156
Trd, 000127.283, 156
Trd, 000127.850, 157
Trd, 000128.600, 156
Trd, 000129.167, 158
Trd, 000129.483, 161
Trd, 000130.417, 157
Trd, 000132.867, 164
Trd, 000132.933, 162
Trd, 000133.283, 161
Trd, 000133.400, 168
Trd, 000135.183, 163
Trd, 000135.200, 161
Trd, 000136.700, 163
Trd, 000136.950, 168
Trd, 000137.367, 167
Trd, 000138.267, 170
Trd, 000139.317, 164
Trd, 000139.350, 162
Trd, 000140.717, 168
Trd, 000141.433, 166
Trd, 000141.467, 167
Trd, 000143.500, 163
Trd, 000143.750, 164
Trd, 000143.800, 166
Trd, 000144.617, 167
Trd, 000145.517, 163
Trd, 000145.750, 161
Trd, 000146.183, 164
Trd, 000146.267, 162
Trd, 000147.633, 171
Trd, 000149.250, 165
Trd, 000149.833, 171
Trd, 000149.917, 172
Trd, 000150.567, 167
Trd, 000151.317, 167
Trd, 000152.600, 169
Trd, 000153.800, 170
Trd, 000154.167, 167
Trd, 000154.433, 168
Trd, 000154.833, 173
Trd, 000156.183, 167
Trd, 000156.417, 168
Trd, 000156.717, 168
Trd, 000157.050, 166
Trd, 000157.100, 170
Trd, 000158.050, 172
Trd, 000159.900, 168
Trd, 000160.300, 168
Trd, 000160.933, 167
Trd, 000161.600, 165
Trd, 000162.267, 154
Trd, 000162.417, 166
Trd, 000162.900, 163
Trd, 000162.917, 162
Trd, 000163.317, 163
Trd, 000163.350, 174
Trd, 000164.567, 161
Trd, 000165.333, 163
Trd, 000166.300, 161
Trd, 000167.067, 163
Trd, 000167.550, 162
Trd, 000167.633, 164
Trd, 000168.433, 162
Trd, 000171.133, 162
Trd, 000171.217, 162
Trd, 000171.433, 165
Trd, 000172.900, 164
Trd, 000173.617, 165
Trd, 000173.850, 167
Trd, 000174.767, 164
Trd, 000176.600, 165
Trd, 000177.017, 166
Trd, 000177.083, 164
Trd, 000177.933, 166
Trd, 000178.750, 165
Trd, 000179.533, 164
Trd, 000179.700, 166
Trd, 000179.783, 172
Trd, 000180.550, 168
Trd, 000182.967, 171
Trd, 000183.333, 169
Trd, 000184.150, 173
Trd, 000184.850, 173
Trd, 000184.867, 170
Trd, 000185.617, 171
Trd, 000186.650, 172
Trd, 000187.633, 171
Trd, 000187.767, 172
Trd, 000188.567, 174
Trd, 000188.633, 176
Trd, 000189.633, 173
Trd, 000190.250, 174
Trd, 000191.333, 170
Trd, 000192.050, 170
Trd, 000193.117, 166
Trd, 000193.333, 170
Trd, 000194.133, 169
Trd, 000194.433, 166
Trd, 000194.883, 177
Trd, 000197.400, 173
Trd, 000197.483, 174
Trd, 000197.617, 168
Trd, 000197.850, 167
Trd, 000198.850, 167
Trd, 000200.700, 172
Trd, 000200.817, 174
Trd, 000201.183, 165
Trd, 000202.033, 166
Trd, 000203.083, 173
Trd, 000203.417, 178
Trd, 000203.733, 175
Trd, 000204.350, 176
Trd, 000205.000, 176
Trd, 000205.633, 176
Trd, 000205.767, 176
Trd, 000206.917, 176
Trd, 000207.167, 177
Trd, 000207.217, 176
Trd, 000207.967, 175
Trd, 000208.200, 175
Trd, 000208.417, 168
Trd, 000209.250, 183
Trd, 000210.017, 173
Trd, 000212.333, 164
Trd, 000212.650, 165
Trd, 000214.200, 168
Trd, 000214.500, 166
Trd, 000215.700, 167
Trd, 000216.083, 169
Trd, 000217.400, 170
Trd, 000217.833, 170
Trd, 000218.483, 170
Trd, 000218.667, 169
Trd, 000219.533, 171
Trd, 000221.250, 171
Trd, 000221.983, 173
Trd, 000222.100, 168
Trd, 000222.400, 169
Trd, 000224.800, 173
Trd, 000227.050, 171
Trd, 000227.233, 170
Trd, 000227.733, 169
Trd, 000228.967, 170
Trd, 000229.200, 170
Trd, 000229.417, 169
Trd, 000230.017, 176
Trd, 000230.600, 177
Trd, 000230.983, 178
Trd, 000231.750, 174
Trd, 000231.900, 174
Trd, 000232.317, 175
Trd, 000233.167, 175
Trd, 000234.300, 175
Trd, 000234.417, 176
Trd, 000235.700, 180
Trd, 000237.350, 178
Trd, 000237.483, 180
Trd, 000237.600, 181
Trd, 000239.233, 178
Trd, 000239.467, 176
Trd, 000240.200, 176
Trd, 000240.417, 178
Trd, 000240.567, 180
Trd, 000240.583, 181
Trd, 000240.967, 181
Trd, 000241.250, 181
Trd, 000241.883, 182
Trd, 000242.417, 189
Trd, 000242.983, 190
Trd, 000243.050, 187
Trd, 000243.450, 191
Trd, 000243.583, 189
Trd, 000243.617, 186
Trd, 000244.500, 190
Trd, 000245.100, 187
Trd, 000246.100, 187
Trd, 000246.800, 186
Trd, 000247.267, 188
Trd, 000248.417, 186
Trd, 000248.783, 186
Trd, 000249.183, 183
Trd, 000249.417, 180
Trd, 000249.717, 179
Trd, 000250.250, 177
Trd, 000250.783, 179
Trd, 000251.217, 180
Trd, 000252.250, 179
Trd, 000252.733, 180
Trd, 000253.667, 182
Trd, 000254.167, 182
Trd, 000254.300, 180
Trd, 000254.733, 183
Trd, 000255.150, 180
Trd, 000255.783, 180
Trd, 000255.883, 179
Trd, 000256.733, 180
Trd, 000257.333, 177
Trd, 000258.317, 180
Trd, 000258.533, 181
Trd, 000258.733, 179
Trd, 000259.017, 184
Trd, 000259.083, 178
Trd, 000259.250, 178
Trd, 000260.417, 178
Trd, 000260.483, 183
Trd, 000260.767, 183
Trd, 000261.067, 180
Trd, 000262.333, 183
Trd, 000263.000, 181
Trd, 000263.100, 182
Trd, 000263.650, 183
Trd, 000264.333, 184
Trd, 000265.000, 184
Trd, 000265.150, 188
Trd, 000265.600, 181
Trd, 000266.117, 180
Trd, 000266.250, 184
Trd, 000266.933, 184
Trd, 000267.383, 183
Trd, 000268.000, 185
Trd, 000268.367, 180
Trd, 000268.450, 187
Trd, 000269.300, 185
Trd, 000269.617, 189
Trd, 000269.967, 189
Trd, 000270.083, 189
Trd, 000270.833, 191
Trd, 000271.000, 187
Trd, 000271.083, 182
Trd, 000271.733, 182
Trd, 000273.000, 182
Trd, 000273.500, 181
Trd, 000274.083, 167
Trd, 000274.100, 168
Trd, 000274.633, 165
Trd, 000275.117, 166
Trd, 000275.583, 179
Trd, 000275.867, 185
Trd, 000277.000, 183
Trd, 000277.450, 186
Trd, 000277.750, 184
Trd, 000277.917, 185
Trd, 000278.917, 185
Trd, 000278.933, 178
Trd, 000279.033, 186
Trd, 000279.433, 190
Trd, 000279.817, 192
Trd, 000281.150, 188
Trd, 000281.367, 187
Trd, 000281.650, 186
Trd, 000281.983, 191
Trd, 000283.017, 179
Trd, 000283.150, 182
Trd, 000283.800, 190
Trd, 000283.833, 191
Trd, 000284.183, 182
Trd, 000284.967, 186
Trd, 000286.050, 176
Trd, 000286.167, 181
Trd, 000286.500, 184
Trd, 000286.650, 185
Trd, 000286.917, 186
Trd, 000287.017, 187
Trd, 000287.300, 180
Trd, 000287.900, 187
Trd, 000287.967, 188
Trd, 000288.700, 190
Trd, 000289.167, 193
Trd, 000290.033, 198
Trd, 000290.083, 201
Trd, 000290.500, 187
Trd, 000291.400, 183
Trd, 000291.850, 183
Trd, 000292.133, 180
Trd, 000292.750, 167
Trd, 000293.217, 182
Trd, 000293.533, 184
Trd, 000293.783, 185
Trd, 000294.317, 187
Trd, 000295.133, 185
Trd, 000295.750, 187
Trd, 000295.867, 188
Trd, 000296.367, 184
Trd, 000296.633, 186
Trd, 000297.000, 189
Trd, 000297.200, 186
Trd, 000297.667, 183
Trd, 000298.283, 188
Trd, 000298.350, 189
Trd, 000298.583, 190
Trd, 000298.817, 191
Trd, 000299.033, 186
