Trd, 000002.800, 173
Trd, 000005.017, 175
Trd, 000005.233, 175
Trd, 000005.417, 155
Trd, 000006.150, 159
Trd, 000006.317, 158
Trd, 000006.767, 174
Trd, 000006.950, 156
Trd, 000007.817, 163
Trd, 000008.117, 165
Trd, 000009.117, 154
Trd, 000011.400, 154
Trd, 000012.800, 155
Trd, 000013.533, 156
Trd, 000013.550, 157
Trd, 000013.933, 155
Trd, 000014.733, 154
Trd, 000014.817, 155
Trd, 000016.133, 152
Trd, 000017.117, 153
Trd, 000017.783, 153
Trd, 000018.483, 150
Trd, 000019.400, 151
Trd, 000019.783, 152
Trd, 000020.367, 154
Trd, 000020.800, 148
Trd, 000021.333, 154
Trd, 000021.517, 153
Trd, 000022.183, 154
Trd, 000022.367, 155
Trd, 000022.800, 153
Trd, 000024.267, 155
Trd, 000025.217, 155
Trd, 000025.500, 160
Trd, 000027.117, 158
Trd, 000028.583, 159
Trd, 000029.317, 155
Trd, 000029.883, 156
Trd, 000029.917, 156
Trd, 000030.017, 154
Trd, 000030.600, 156
Trd, 000031.967, 165
Trd, 000032.633, 171
Trd, 000033.333, 173
Trd, 000033.400, 164
Trd, 000034.367, 168
Trd, 000035.183, 162
Trd, 000036.117, 154
Trd, 000038.583, 159
Trd, 000038.950, 159
Trd, 000039.317, 159
Trd, 000039.750, 158
Trd, 000040.200, 159
Trd, 000040.533, 160
Trd, 000042.050, 159
Trd, 000042.133, 160
Trd, 000042.600, 156
Trd, 000043.200, 159
Trd, 000044.383, 160
Trd, 000044.667, 158
Trd, 000045.067, 159
Trd, 000045.950, 157
Trd, 000046.083, 158
Trd, 000046.317, 157
Trd, 000047.683, 164
Trd, 000047.767, 166
Trd, 000049.117, 160
Trd, 000049.133, 167
Trd, 000049.233, 159
Trd, 000050.183, 157
Trd, 000053.917, 161
Trd, 000054.600, 160
Trd, 000054.767, 163
Trd, 000054.900, 164
Trd, 000054.933, 160
Trd, 000055.167, 167
Trd, 000057.033, 160
Trd, 000058.517, 165
Trd, 000059.200, 162
Trd, 000059.867, 163
Trd, 000061.850, 161
Trd, 000061.967, 161
Trd, 000062.367, 160
Trd, 000062.967, 158
Trd, 000063.600, 160
Trd, 000064.833, 159
Trd, 000065.217, 158
Trd, 000065.300, 157
Trd, 000065.317, 160
Trd, 000065.467, 145
Trd, 000066.500, 159
Trd, 000067.200, 162
Trd, 000068.133, 169
Trd, 000068.550, 172
Trd, 000069.867, 171
Trd, 000070.217, 170
Trd, 000070.917, 167
Trd, 000071.300, 167
Trd, 000072.650, 167
Trd, 000072.917, 168
Trd, 000074.067, 163
Trd, 000074.717, 165
Trd, 000075.550, 166
Trd, 000075.600, 167
Trd, 000075.983, 163
Trd, 000076.750, 168
Trd, 000079.383, 169
Trd, 000079.750, 170
Trd, 000080.067, 173
Trd, 000081.483, 170
Trd, 000081.867, 169
Trd, 000082.067, 169
Trd, 000082.500, 172
Trd, 000082.550, 173
Trd, 000083.983, 171
Trd, 000084.050, 172
Trd, 000084.667, 159
Trd, 000085.383, 163
Trd, 000085.633, 166
Trd, 000086.200, 166
Trd, 000087.567, 165
Trd, 000087.833, 168
Trd, 000089.950, 167
Trd, 000090.483, 168
Trd, 000090.633, 170
Trd, 000090.800, 171
Trd, 000093.217, 169
Trd, 000093.817, 170
Trd, 000094.300, 170
Trd, 000095.133, 169
Trd, 000096.500, 169
Trd, 000096.617, 169
Trd, 000097.667, 168
Trd, 000097.683, 168
Trd, 000099.867, 166
Trd, 000099.900, 167
Trd, 000100.083, 172
Trd, 000100.850, 166
Trd, 000101.333, 165
Trd, 000101.850, 161
Trd, 000102.233, 166
Trd, 000102.450, 169
Trd, 000103.917, 165
Trd, 000104.400, 169
Trd, 000105.833, 169
Trd, 000106.183, 169
Trd, 000107.183, 166
Trd, 000107.800, 170
Trd, 000109.233, 171
Trd, 000110.833, 171
Trd, 000111.167, 171
Trd, 000111.517, 171
Trd, 000112.350, 171
Trd, 000112.433, 172
Trd, 000112.783, 173
Trd, 000114.133, 172
Trd, 000114.200, 173
Trd, 000115.317, 173
Trd, 000116.650, 171
Trd, 000116.883, 171
Trd, 000117.033, 171
Trd, 000118.933, 173
Trd, 000119.367, 172
Trd, 000119.600, 170
Trd, 000121.100, 171
Trd, 000121.800, 169
Trd, 000123.333, 168
Trd, 000124.300, 169
Trd, 000124.700, 169
Trd, 000125.000, 167
Trd, 000126.500, 168
Trd, 000126.700, 168
Trd, 000127.517, 167
Trd, 000127.817, 171
Trd, 000128.767, 166
Trd, 000129.317, 170
Trd, 000129.350, 171
Trd, 000129.900, 173
Trd, 000130.317, 172
Trd, 000130.350, 174
Trd, 000131.350, 175
Trd, 000131.683, 181
Trd, 000132.217, 179
Trd, 000133.567, 184
Trd, 000133.717, 180
Trd, 000134.350, 177
Trd, 000135.983, 172
Trd, 000136.150, 172
Trd, 000136.417, 172
Trd, 000137.767, 174
Trd, 000138.217, 175
Trd, 000138.733, 176
Trd, 000139.700, 176
Trd, 000140.250, 174
Trd, 000141.867, 176
Trd, 000142.650, 176
Trd, 000143.317, 171
Trd, 000145.117, 169
Trd, 000145.733, 169
Trd, 000146.967, 170
Trd, 000147.033, 172
Trd, 000148.583, 170
Trd, 000149.533, 169
Trd, 000149.650, 170
Trd, 000150.250, 170
Trd, 000150.583, 170
Trd, 000151.517, 166
Trd, 000151.900, 177
Trd, 000152.383, 168
Trd, 000153.733, 171
Trd, 000153.783, 170
Trd, 000154.533, 171
Trd, 000154.733, 170
Trd, 000155.917, 168
Trd, 000156.367, 168
Trd, 000156.483, 170
Trd, 000158.533, 173
Trd, 000158.633, 167
Trd, 000159.333, 177
Trd, 000159.983, 179
Trd, 000161.183, 176
Trd, 000162.917, 176
Trd, 000162.967, 176
Trd, 000163.733, 173
Trd, 000163.917, 175
Trd, 000166.233, 176
Trd, 000167.450, 172
Trd, 000167.683, 171
Trd, 000168.267, 167
Trd, 000168.317, 172
Trd, 000168.800, 171
Trd, 000171.300, 170
Trd, 000171.483, 170
Trd, 000171.717, 169
Trd, 000172.217, 171
Trd, 000172.867, 172
Trd, 000173.517, 179
Trd, 000174.567, 173
Trd, 000175.650, 174
Trd, 000175.883, 171
Trd, 000176.067, 169
Trd, 000177.417, 167
Trd, 000177.783, 174
Trd, 000178.717, 171
Trd, 000179.033, 171
Trd, 000179.650, 170
Trd, 000180.267, 169
Trd, 000181.300, 170
Trd, 000181.350, 171
Trd, 000182.750, 172
Trd, 000182.900, 172
Trd, 000184.133, 172
Trd, 000186.100, 175
Trd, 000186.150, 174
Trd, 000186.983, 175
Trd, 000187.450, 175
Trd, 000188.267, 176
Trd, 000189.150, 176
Trd, 000189.467, 175
Trd, 000190.650, 175
Trd, 000190.867, 174
Trd, 000191.117, 174
Trd, 000191.317, 180
Trd, 000192.050, 181
Trd, 000192.217, 170
Trd, 000192.567, 180
Trd, 000194.200, 168
Trd, 000194.383, 161
Trd, 000197.683, 175
Trd, 000198.183, 175
Trd, 000198.833, 174
Trd, 000199.000, 175
Trd, 000199.500, 175
Trd, 000200.700, 178
Trd, 000201.400, 175
Trd, 000202.767, 175
Trd, 000203.050, 177
Trd, 000203.267, 172
Trd, 000204.767, 177
Trd, 000205.017, 176
Trd, 000207.100, 179
Trd, 000207.450, 179
Trd, 000208.267, 179
Trd, 000209.267, 177
Trd, 000209.300, 181
Trd, 000211.117, 177
Trd, 000211.283, 179
Trd, 000212.650, 178
Trd, 000213.433, 178
Trd, 000213.950, 179
Trd, 000214.433, 178
Trd, 000216.233, 177
Trd, 000216.500, 176
Trd, 000217.000, 175
Trd, 000217.050, 178
Trd, 000217.517, 173
Trd, 000218.267, 177
Trd, 000220.117, 177
Trd, 000220.217, 176
Trd, 000221.150, 177
Trd, 000221.817, 177
Trd, 000223.517, 175
Trd, 000224.200, 176
Trd, 000224.617, 183
Trd, 000225.133, 181
Trd, 000226.367, 176
Trd, 000227.917, 180
Trd, 000229.100, 181
Trd, 000230.783, 180
Trd, 000230.950, 181
Trd, 000231.733, 180
Trd, 000231.833, 180
Trd, 000231.967, 179
Trd, 000232.450, 178
Trd, 000232.733, 180
Trd, 000233.317, 180
Trd, 000234.183, 176
Trd, 000235.650, 177
Trd, 000236.983, 180
Trd, 000237.150, 179
Trd, 000237.250, 181
Trd, 000237.817, 185
Trd, 000238.700, 180
Trd, 000239.300, 181
Trd, 000239.967, 180
Trd, 000240.033, 179
Trd, 000240.200, 178
Trd, 000240.267, 180
Trd, 000240.767, 181
Trd, 000240.817, 175
Trd, 000240.883, 174
Trd, 000242.417, 182
Trd, 000242.567, 177
Trd, 000243.883, 177
Trd, 000244.217, 177
Trd, 000244.650, 178
Trd, 000244.750, 177
Trd, 000245.033, 182
Trd, 000245.467, 182
Trd, 000245.900, 177
Trd, 000246.767, 181
Trd, 000247.200, 183
Trd, 000247.900, 182
Trd, 000247.933, 186
Trd, 000248.350, 189
Trd, 000249.383, 183
Trd, 000250.350, 180
Trd, 000250.500, 180
Trd, 000250.817, 179
Trd, 000251.467, 176
Trd, 000252.150, 178
Trd, 000252.450, 175
Trd, 000252.983, 174
Trd, 000253.200, 173
Trd, 000253.483, 172
Trd, 000253.700, 172
Trd, 000253.833, 171
Trd, 000254.000, 172
Trd, 000255.050, 173
Trd, 000255.083, 175
Trd, 000256.533, 180
Trd, 000257.250, 182
Trd, 000257.333, 177
Trd, 000258.333, 181
Trd, 000258.967, 176
Trd, 000259.083, 179
Trd, 000259.900, 177
Trd, 000260.433, 179
Trd, 000260.950, 181
Trd, 000261.367, 179
Trd, 000261.733, 180
Trd, 000261.817, 178
Trd, 000262.083, 181
Trd, 000262.883, 188
Trd, 000263.517, 190
Trd, 000264.133, 186
Trd, 000265.583, 182
Trd, 000265.833, 182
Trd, 000267.000, 180
Trd, 000267.167, 181
Trd, 000267.617, 182
Trd, 000268.067, 184
Trd, 000268.700, 181
Trd, 000269.433, 189
Trd, 000269.583, 192
Trd, 000269.833, 187
Trd, 000270.267, 183
Trd, 000271.050, 182
Trd, 000271.483, 184
Trd, 000271.583, 182
Trd, 000272.267, 182
Trd, 000272.483, 182
Trd, 000273.217, 179
Trd, 000274.067, 178
Trd, 000274.083, 179
Trd, 000274.450, 179
Trd, 000275.017, 178
Trd, 000275.317, 181
Trd, 000275.367, 176
Trd, 000276.000, 173
Trd, 000276.217, 175
Trd, 000277.067, 169
Trd, 000277.417, 171
Trd, 000278.000, 173
Trd, 000278.417, 172
Trd, 000279.300, 186
Trd, 000279.783, 190
Trd, 000279.817, 187
Trd, 000281.317, 188
Trd, 000281.467, 187
Trd, 000281.900, 183
Trd, 000282.017, 189
Trd, 000283.133, 185
Trd, 000283.183, 179
Trd, 000283.983, 184
Trd, 000284.250, 183
Trd, 000284.450, 183
Trd, 000285.200, 182
Trd, 000285.267, 187
Trd, 000285.617, 187
Trd, 000285.650, 180
Trd, 000286.233, 176
Trd, 000286.717, 187
Trd, 000286.917, 191
Trd, 000288.083, 190
Trd, 000288.450, 177
Trd, 000289.667, 184
Trd, 000290.117, 184
Trd, 000290.267, 193
Trd, 000290.300, 194
Trd, 000290.400, 183
Trd, 000290.633, 183
Trd, 000291.533, 191
Trd, 000292.283, 189
Trd, 000292.650, 192
Trd, 000292.767, 193
Trd, 000293.200, 191
Trd, 000294.750, 190
Trd, 000295.500, 189
Trd, 000295.817, 188
Trd, 000295.917, 194
Trd, 000296.383, 180
Trd, 000296.817, 185
Trd, 000296.833, 192
Trd, 000297.017, 185
Trd, 000297.200, 184
Trd, 000298.867, 186
Trd, 000299.583, 185
Trd, 000299.717, 183
Trd, 000299.817, 195
