Trd, 000002.233, 141
Trd, 000002.750, 148
Trd, 000003.083, 141
Trd, 000003.767, 149
Trd, 000004.983, 137
Trd, 000005.133, 145
Trd, 000005.167, 146
Trd, 000005.733, 150
Trd, 000006.817, 149
Trd, 000007.667, 149
Trd, 000008.150, 147
Trd, 000008.333, 146
Trd, 000008.667, 149
Trd, 000008.967, 148
Trd, 000009.183, 143
Trd, 000009.383, 142
Trd, 000010.900, 145
Trd, 000011.900, 147
Trd, 000013.383, 145
Trd, 000013.617, 146
Trd, 000013.850, 146
Trd, 000014.183, 144
Trd, 000014.833, 145
Trd, 000015.650, 145
Trd, 000016.117, 146
Trd, 000016.333, 146
Trd, 000016.533, 144
Trd, 000017.850, 145
Trd, 000019.450, 150
Trd, 000019.733, 150
Trd, 000020.183, 157
Trd, 000020.967, 155
Trd, 000021.217, 164
Trd, 000021.333, 153
Trd, 000022.483, 157
Trd, 000022.550, 154
Trd, 000022.767, 153
Trd, 000023.000, 146
Trd, 000023.867, 159
Trd, 000024.750, 153
Trd, 000025.333, 153
Trd, 000025.550, 153
Trd, 000026.300, 153
Trd, 000026.483, 151
Trd, 000026.817, 151
Trd, 000027.683, 152
Trd, 000028.317, 145
Trd, 000028.600, 150
Trd, 000028.817, 140
Trd, 000028.850, 142
Trd, 000029.483, 148
Trd, 000030.967, 147
Trd, 000031.050, 145
Trd, 000031.417, 144
Trd, 000031.450, 146
Trd, 000032.383, 151
Trd, 000033.283, 152
Trd, 000033.583, 152
Trd, 000034.183, 151
Trd, 000034.417, 152
Trd, 000034.933, 149
Trd, 000036.167, 151
Trd, 000037.450, 151
Trd, 000037.533, 151
Trd, 000038.550, 151
Trd, 000039.033, 151
Trd, 000039.217, 152
Trd, 000039.517, 149
Trd, 000040.733, 151
Trd, 000040.983, 152
Trd, 000041.050, 150
Trd, 000042.783, 150
Trd, 000043.800, 149
Trd, 000044.367, 151
Trd, 000044.517, 149
Trd, 000044.800, 151
Trd, 000045.000, 151
Trd, 000045.150, 151
Trd, 000045.650, 151
Trd, 000046.083, 152
Trd, 000046.883, 152
Trd, 000046.900, 150
Trd, 000047.250, 153
Trd, 000049.233, 150
Trd, 000049.750, 153
Trd, 000049.817, 153
Trd, 000050.667, 148
Trd, 000051.100, 149
Trd, 000051.550, 150
Trd, 000052.450, 148
Trd, 000053.583, 149
Trd, 000053.683, 148
Trd, 000053.717, 149
Trd, 000054.867, 148
Trd, 000055.317, 147
Trd, 000055.617, 146
Trd, 000055.800, 153
Trd, 000056.750, 153
Trd, 000057.000, 152
Trd, 000057.483, 151
Trd, 000058.383, 143
Trd, 000058.867, 149
Trd, 000059.567, 146
Trd, 000061.033, 144
Trd, 000061.150, 147
Trd, 000062.900, 145
Trd, 000063.850, 145
Trd, 000064.150, 147
Trd, 000064.317, 150
Trd, 000065.467, 150
Trd, 000065.683, 149
Trd, 000066.217, 150
Trd, 000066.633, 149
Trd, 000067.067, 150
Trd, 000067.233, 151
Trd, 000067.817, 149
Trd, 000068.733, 150
Trd, 000069.167, 150
Trd, 000069.533, 153
Trd, 000069.650, 155
Trd, 000071.850, 152
Trd, 000072.317, 150
Trd, 000072.350, 150
Trd, 000072.767, 151
Trd, 000072.833, 150
Trd, 000072.917, 152
Trd, 000074.183, 153
Trd, 000074.217, 155
Trd, 000075.717, 157
Trd, 000075.767, 158
Trd, 000076.233, 153
Trd, 000077.333, 160
Trd, 000078.533, 156
Trd, 000078.700, 158
Trd, 000079.633, 156
Trd, 000080.733, 154
Trd, 000080.983, 155
Trd, 000081.933, 154
Trd, 000081.950, 151
Trd, 000082.183, 155
Trd, 000083.750, 158
Trd, 000084.633, 155
Trd, 000085.167, 156
Trd, 000086.100, 155
Trd, 000086.417, 154
Trd, 000086.517, 156
Trd, 000088.150, 158
Trd, 000088.350, 159
Trd, 000089.367, 160
Trd, 000089.700, 160
Trd, 000089.933, 161
Trd, 000090.017, 162
Trd, 000090.333, 157
Trd, 000090.967, 159
Trd, 000091.767, 157
Trd, 000091.900, 158
Trd, 000092.083, 157
Trd, 000092.750, 157
Trd, 000093.083, 152
Trd, 000093.567, 158
Trd, 000093.867, 140
Trd, 000095.767, 154
Trd, 000095.917, 155
Trd, 000096.333, 156
Trd, 000096.750, 160
Trd, 000096.867, 155
Trd, 000096.950, 160
Trd, 000098.683, 158
Trd, 000098.800, 157
Trd, 000100.017, 156
Trd, 000100.333, 157
Trd, 000101.350, 155
Trd, 000102.283, 155
Trd, 000102.417, 156
Trd, 000103.550, 156
Trd, 000103.633, 153
Trd, 000104.683, 157
Trd, 000105.117, 158
Trd, 000105.800, 154
Trd, 000106.533, 157
Trd, 000107.533, 158
Trd, 000107.700, 156
Trd, 000109.533, 156
Trd, 000109.833, 156
Trd, 000110.950, 156
Trd, 000111.783, 156
Trd, 000112.317, 155
Trd, 000113.533, 156
Trd, 000113.667, 157
Trd, 000114.400, 155
Trd, 000114.633, 157
Trd, 000115.117, 157
Trd, 000115.467, 156
Trd, 000115.867, 154
Trd, 000116.017, 155
Trd, 000116.517, 154
Trd, 000116.550, 156
Trd, 000117.833, 155
Trd, 000118.550, 154
Trd, 000119.517, 160
Trd, 000119.650, 158
Trd, 000119.783, 155
Trd, 000120.083, 156
Trd, 000120.750, 155
Trd, 000121.483, 160
Trd, 000123.900, 158
Trd, 000124.017, 159
Trd, 000124.333, 158
Trd, 000124.800, 158
Trd, 000124.917, 159
Trd, 000125.000, 157
Trd, 000125.633, 163
Trd, 000126.150, 160
Trd, 000127.550, 157
Trd, 000127.750, 159
Trd, 000127.767, 155
Trd, 000128.467, 160
Trd, 000129.217, 160
Trd, 000129.650, 160
Trd, 000130.000, 160
Trd, 000130.333, 160
Trd, 000130.467, 161
Trd, 000130.800, 156
Trd, 000130.983, 164
Trd, 000131.717, 159
Trd, 000132.617, 158
Trd, 000132.833, 158
Trd, 000133.250, 156
Trd, 000133.950, 156
Trd, 000134.517, 157
Trd, 000134.800, 150
Trd, 000135.267, 156
Trd, 000136.217, 156
Trd, 000136.533, 160
Trd, 000136.800, 159
Trd, 000136.917, 155
Trd, 000138.417, 157
Trd, 000139.783, 156
Trd, 000140.567, 159
Trd, 000140.633, 161
Trd, 000140.717, 156
Trd, 000140.800, 155
Trd, 000141.450, 162
Trd, 000141.633, 161
Trd, 000144.117, 157
Trd, 000144.867, 158
Trd, 000144.983, 161
Trd, 000145.733, 160
Trd, 000145.917, 156
Trd, 000146.317, 159
Trd, 000146.650, 159
Trd, 000147.083, 157
Trd, 000147.900, 159
Trd, 000149.267, 160
Trd, 000149.950, 159
Trd, 000150.600, 158
Trd, 000150.700, 156
Trd, 000151.283, 158
Trd, 000151.517, 158
Trd, 000152.700, 157
Trd, 000153.733, 158
Trd, 000154.150, 158
Trd, 000154.567, 157
Trd, 000154.650, 156
Trd, 000154.667, 156
Trd, 000155.383, 159
Trd, 000155.867, 159
Trd, 000156.400, 160
Trd, 000157.550, 159
Trd, 000158.517, 161
Trd, 000159.033, 158
Trd, 000159.333, 157
Trd, 000160.083, 157
Trd, 000160.983, 158
Trd, 000161.000, 156
Trd, 000161.483, 159
Trd, 000161.700, 164
Trd, 000163.117, 156
Trd, 000163.217, 156
Trd, 000163.417, 156
Trd, 000164.533, 157
Trd, 000165.150, 157
Trd, 000166.533, 156
Trd, 000167.250, 164
Trd, 000167.900, 164
Trd, 000168.117, 155
Trd, 000169.150, 163
Trd, 000169.267, 164
Trd, 000169.317, 165
Trd, 000170.717, 161
Trd, 000172.783, 161
Trd, 000174.133, 162
Trd, 000174.150, 161
Trd, 000174.317, 163
Trd, 000174.467, 166
Trd, 000175.950, 168
Trd, 000176.633, 166
Trd, 000177.400, 163
Trd, 000177.800, 163
Trd, 000177.933, 163
Trd, 000178.250, 161
Trd, 000178.267, 162
Trd, 000178.483, 161
Trd, 000178.567, 160
Trd, 000178.667, 154
Trd, 000179.133, 162
Trd, 000180.733, 163
Trd, 000182.517, 166
Trd, 000183.233, 161
Trd, 000183.500, 163
Trd, 000184.050, 165
Trd, 000185.533, 164
Trd, 000185.850, 164
Trd, 000186.000, 165
Trd, 000186.400, 165
Trd, 000186.933, 164
Trd, 000187.217, 163
Trd, 000187.467, 168
Trd, 000189.017, 163
Trd, 000190.500, 162
Trd, 000190.733, 162
Trd, 000190.883, 163
Trd, 000191.000, 162
Trd, 000191.033, 166
Trd, 000192.017, 165
Trd, 000192.817, 165
Trd, 000193.600, 166
Trd, 000194.183, 164
Trd, 000194.233, 165
Trd, 000195.133, 162
Trd, 000195.583, 166
Trd, 000196.067, 162
Trd, 000196.433, 162
Trd, 000197.483, 163
Trd, 000197.533, 162
Trd, 000198.117, 162
Trd, 000198.350, 162
Trd, 000198.567, 163
Trd, 000199.100, 164
Trd, 000200.683, 164
Trd, 000202.533, 168
Trd, 000202.667, 170
Trd, 000202.950, 169
Trd, 000203.567, 171
Trd, 000203.683, 169
Trd, 000204.167, 169
Trd, 000205.450, 172
Trd, 000205.800, 176
Trd, 000206.633, 170
Trd, 000207.350, 170
Trd, 000208.350, 169
Trd, 000209.300, 168
Trd, 000209.433, 158
Trd, 000210.217, 167
Trd, 000210.450, 166
Trd, 000210.600, 169
Trd, 000211.100, 165
Trd, 000212.033, 165
Trd, 000212.117, 171
Trd, 000212.833, 167
Trd, 000213.283, 169
Trd, 000214.083, 167
Trd, 000214.450, 169
Trd, 000214.733, 166
Trd, 000215.067, 164
Trd, 000215.350, 167
Trd, 000216.517, 166
Trd, 000217.083, 165
Trd, 000217.167, 164
Trd, 000217.883, 162
Trd, 000218.283, 163
Trd, 000218.683, 165
Trd, 000219.167, 166
Trd, 000219.983, 164
Trd, 000221.250, 166
Trd, 000222.650, 167
Trd, 000223.317, 166
Trd, 000224.217, 168
Trd, 000224.350, 171
Trd, 000225.117, 167
Trd, 000226.100, 185
Trd, 000226.667, 173
Trd, 000226.850, 173
Trd, 000227.350, 172
Trd, 000227.367, 171
Trd, 000227.417, 170
Trd, 000227.967, 170
Trd, 000228.350, 170
Trd, 000230.650, 170
Trd, 000230.967, 171
Trd, 000231.050, 172
Trd, 000232.283, 178
Trd, 000233.400, 174
Trd, 000233.450, 171
Trd, 000233.833, 177
Trd, 000235.500, 172
Trd, 000235.700, 171
Trd, 000235.717, 172
Trd, 000235.917, 171
Trd, 000235.983, 173
Trd, 000236.133, 161
Trd, 000236.633, 168
Trd, 000238.417, 167
Trd, 000239.083, 167
Trd, 000239.650, 168
Trd, 000240.200, 168
Trd, 000240.317, 169
Trd, 000240.583, 170
Trd, 000240.650, 169
Trd, 000241.267, 170
Trd, 000241.433, 172
Trd, 000242.233, 174
Trd, 000243.167, 172
Trd, 000243.283, 172
Trd, 000243.300, 173
Trd, 000243.550, 171
Trd, 000244.100, 174
Trd, 000244.233, 175
Trd, 000244.350, 173
Trd, 000244.683, 175
Trd, 000244.950, 178
Trd, 000245.283, 176
Trd, 000246.450, 174
Trd, 000248.167, 174
Trd, 000248.683, 173
Trd, 000249.317, 171
Trd, 000249.933, 172
Trd, 000250.133, 172
Trd, 000251.033, 174
Trd, 000251.533, 176
Trd, 000252.083, 174
Trd, 000252.483, 174
Trd, 000252.517, 177
Trd, 000252.550, 174
Trd, 000253.000, 170
Trd, 000253.317, 177
Trd, 000253.683, 174
Trd, 000254.333, 171
Trd, 000254.683, 171
Trd, 000255.033, 168
Trd, 000255.933, 163
Trd, 000256.117, 165
Trd, 000256.267, 168
Trd, 000256.333, 169
Trd, 000257.350, 175
Trd, 000257.467, 177
Trd, 000257.983, 179
Trd, 000258.300, 179
Trd, 000258.750, 180
Trd, 000260.033, 182
Trd, 000260.050, 178
Trd, 000260.233, 178
Trd, 000260.917, 177
Trd, 000260.950, 177
Trd, 000261.533, 175
Trd, 000261.633, 174
Trd, 000261.983, 174
Trd, 000262.383, 172
Trd, 000262.700, 171
Trd, 000263.000, 171
Trd, 000263.100, 172
Trd, 000263.367, 169
Trd, 000263.517, 163
Trd, 000263.933, 169
Trd, 000264.183, 170
Trd, 000264.467, 170
Trd, 000265.267, 168
Trd, 000265.533, 171
Trd, 000266.033, 170
Trd, 000266.167, 174
Trd, 000266.183, 169
Trd, 000267.633, 174
Trd, 000268.850, 174
Trd, 000269.000, 175
Trd, 000269.117, 177
Trd, 000269.400, 187
Trd, 000269.450, 172
Trd, 000269.500, 172
Trd, 000270.750, 176
Trd, 000271.733, 173
Trd, 000272.083, 176
Trd, 000273.300, 174
Trd, 000273.433, 175
Trd, 000273.800, 176
Trd, 000273.983, 176
Trd, 000274.550, 178
Trd, 000274.817, 175
Trd, 000275.283, 179
Trd, 000276.000, 175
Trd, 000276.417, 175
Trd, 000276.850, 174
Trd, 000277.300, 173
Trd, 000278.067, 171
Trd, 000278.150, 174
Trd, 000278.300, 176
Trd, 000279.483, 173
Trd, 000279.717, 172
Trd, 000279.933, 174
Trd, 000280.433, 174
Trd, 000280.883, 174
Trd, 000281.417, 174
Trd, 000281.767, 173
Trd, 000281.883, 177
Trd, 000282.467, 173
Trd, 000282.633, 172
Trd, 000282.817, 172
Trd, 000283.283, 176
Trd, 000283.733, 172
Trd, 000283.750, 174
Trd, 000284.033, 174
Trd, 000284.683, 175
Trd, 000285.017, 172
Trd, 000285.383, 177
Trd, 000285.550, 178
Trd, 000286.700, 177
Trd, 000286.917, 179
Trd, 000287.100, 183
Trd, 000287.500, 193
Trd, 000288.033, 195
Trd, 000288.367, 175
Trd, 000288.483, 179
Trd, 000289.283, 180
Trd, 000289.800, 180
Trd, 000289.950, 181
Trd, 000290.717, 175
Trd, 000290.983, 175
Trd, 000291.433, 176
Trd, 000291.983, 180
Trd, 000292.017, 180
Trd, 000292.183, 179
Trd, 000292.333, 177
Trd, 000292.533, 175
Trd, 000292.850, 172
Trd, 000293.767, 178
Trd, 000294.167, 179
Trd, 000294.217, 180
Trd, 000294.633, 177
Trd, 000295.150, 178
Trd, 000295.217, 175
Trd, 000295.233, 180
Trd, 000295.883, 183
Trd, 000295.967, 178
Trd, 000296.383, 185
Trd, 000296.650, 178
Trd, 000297.717, 183
Trd, 000299.167, 184
Trd, 000299.267, 184
Trd, 000299.500, 183
Trd, 000299.583, 184
Trd, 000299.900, 182
Trd, 000299.950, 184
