Trd, 000002.500, 141
Trd, 000002.633, 143
Trd, 000003.117, 143
Trd, 000003.200, 144
Trd, 000003.233, 135
Trd, 000003.650, 155
Trd, 000003.700, 137
Trd, 000004.317, 136
Trd, 000005.583, 163
Trd, 000008.500, 159
Trd, 000009.000, 156
Trd, 000009.100, 158
Trd, 000009.533, 158
Trd, 000009.833, 159
Trd, 000010.017, 158
Trd, 000010.267, 159
Trd, 000010.350, 153
Trd, 000010.767, 160
Trd, 000011.083, 161
Trd, 000011.733, 156
Trd, 000012.083, 151
Trd, 000012.167, 171
Trd, 000012.900, 165
Trd, 000013.067, 166
Trd, 000013.600, 159
Trd, 000014.833, 159
Trd, 000015.117, 157
Trd, 000015.217, 158
Trd, 000015.850, 157
Trd, 000016.017, 156
Trd, 000016.983, 157
Trd, 000017.933, 158
Trd, 000018.267, 160
Trd, 000018.433, 157
Trd, 000019.450, 160
Trd, 000020.200, 161
Trd, 000021.683, 160
Trd, 000022.400, 158
Trd, 000023.050, 158
Trd, 000023.483, 143
Trd, 000023.650, 152
Trd, 000023.667, 155
Trd, 000025.117, 145
Trd, 000025.167, 148
Trd, 000025.250, 152
Trd, 000025.767, 154
Trd, 000025.883, 157
Trd, 000026.217, 151
Trd, 000026.700, 150
Trd, 000026.850, 163
Trd, 000027.950, 160
Trd, 000028.317, 161
Trd, 000028.383, 144
Trd, 000031.667, 149
Trd, 000032.050, 153
Trd, 000032.183, 146
Trd, 000032.217, 145
Trd, 000032.633, 149
Trd, 000032.917, 150
Trd, 000033.450, 153
Trd, 000034.100, 152
Trd, 000034.333, 154
Trd, 000034.683, 157
Trd, 000035.733, 145
Trd, 000035.850, 151
Trd, 000036.750, 151
Trd, 000037.300, 149
Trd, 000037.767, 149
Trd, 000038.267, 145
Trd, 000038.717, 158
Trd, 000038.783, 162
Trd, 000038.950, 142
Trd, 000039.950, 149
Trd, 000040.583, 150
Trd, 000040.683, 153
Trd, 000043.333, 149
Trd, 000043.617, 150
Trd, 000043.817, 151
Trd, 000044.567, 149
Trd, 000044.833, 145
Trd, 000045.750, 146
Trd, 000046.083, 147
Trd, 000047.833, 161
Trd, 000048.350, 162
Trd, 000048.700, 160
Trd, 000048.800, 163
Trd, 000049.550, 165
Trd, 000050.067, 166
Trd, 000050.150, 167
Trd, 000050.333, 163
Trd, 000051.817, 162
Trd, 000052.433, 168
Trd, 000052.517, 162
Trd, 000052.883, 160
Trd, 000053.033, 146
Trd, 000053.750, 167
Trd, 000054.483, 162
Trd, 000054.750, 147
Trd, 000054.917, 163
Trd, 000055.233, 147
Trd, 000056.100, 163
Trd, 000056.200, 163
Trd, 000056.800, 164
Trd, 000056.817, 163
Trd, 000058.150, 164
Trd, 000060.067, 157
Trd, 000060.100, 156
Trd, 000060.183, 155
Trd, 000060.567, 157
Trd, 000061.800, 157
Trd, 000062.300, 157
Trd, 000063.367, 156
Trd, 000063.417, 157
Trd, 000063.433, 158
Trd, 000063.850, 156
Trd, 000063.917, 154
Trd, 000064.583, 159
Trd, 000064.783, 164
Trd, 000065.550, 148
Trd, 000066.600, 148
Trd, 000067.700, 160
Trd, 000067.800, 155
Trd, 000068.017, 162
Trd, 000068.167, 144
Trd, 000068.333, 162
Trd, 000068.483, 148
Trd, 000069.200, 151
Trd, 000069.333, 152
Trd, 000070.517, 164
Trd, 000070.667, 165
Trd, 000071.433, 161
Trd, 000071.733, 167
Trd, 000072.183, 170
Trd, 000072.250, 172
Trd, 000073.717, 165
Trd, 000074.283, 144
Trd, 000074.383, 167
Trd, 000074.717, 145
Trd, 000075.617, 165
Trd, 000075.650, 161
Trd, 000076.183, 164
Trd, 000076.683, 160
Trd, 000077.433, 161
Trd, 000078.050, 163
Trd, 000078.400, 160
Trd, 000078.583, 149
Trd, 000079.600, 139
Trd, 000080.183, 146
Trd, 000080.233, 149
Trd, 000080.417, 152
Trd, 000080.883, 151
Trd, 000081.017, 152
Trd, 000081.233, 152
Trd, 000082.383, 150
Trd, 000082.550, 152
Trd, 000082.633, 166
Trd, 000083.200, 163
Trd, 000083.300, 171
Trd, 000083.500, 160
Trd, 000084.017, 165
Trd, 000085.350, 157
Trd, 000085.550, 155
Trd, 000086.417, 149
Trd, 000086.433, 157
Trd, 000087.167, 158
Trd, 000087.517, 159
Trd, 000089.883, 153
Trd, 000089.983, 154
Trd, 000090.217, 153
Trd, 000090.667, 154
Trd, 000091.483, 156
Trd, 000091.500, 155
Trd, 000091.617, 157
Trd, 000091.933, 158
Trd, 000092.317, 164
Trd, 000093.083, 167
Trd, 000093.933, 164
Trd, 000094.650, 164
Trd, 000094.750, 163
Trd, 000094.983, 171
Trd, 000096.917, 167
Trd, 000097.200, 168
Trd, 000097.483, 165
Trd, 000098.333, 168
Trd, 000098.850, 166
Trd, 000099.100, 164
Trd, 000099.300, 168
Trd, 000099.883, 167
Trd, 000100.250, 168
Trd, 000101.583, 165
Trd, 000101.633, 167
Trd, 000102.333, 166
Trd, 000103.767, 166
Trd, 000104.083, 151
Trd, 000104.217, 147
Trd, 000104.750, 166
Trd, 000105.250, 163
Trd, 000105.650, 162
Trd, 000105.950, 163
Trd, 000105.967, 158
Trd, 000106.067, 164
Trd, 000106.100, 165
Trd, 000106.800, 171
Trd, 000106.933, 174
Trd, 000107.350, 169
Trd, 000108.017, 175
Trd, 000110.167, 171
Trd, 000110.750, 170
Trd, 000110.783, 169
Trd, 000110.850, 171
Trd, 000111.783, 170
Trd, 000111.817, 169
Trd, 000112.100, 169
Trd, 000112.350, 166
Trd, 000113.050, 170
Trd, 000113.767, 162
Trd, 000113.917, 172
Trd, 000113.933, 176
Trd, 000115.683, 170
Trd, 000116.233, 168
Trd, 000117.433, 169
Trd, 000117.617, 168
Trd, 000117.783, 167
Trd, 000119.367, 170
Trd, 000119.683, 170
Trd, 000120.150, 169
Trd, 000120.250, 172
Trd, 000120.933, 170
Trd, 000121.917, 156
Trd, 000123.033, 171
Trd, 000123.533, 167
Trd, 000123.633, 170
Trd, 000124.050, 170
Trd, 000124.133, 153
Trd, 000124.800, 167
Trd, 000125.600, 169
Trd, 000125.667, 170
Trd, 000125.867, 165
Trd, 000125.917, 169
Trd, 000126.817, 168
Trd, 000127.050, 168
Trd, 000128.250, 167
Trd, 000128.383, 158
Trd, 000128.733, 167
Trd, 000129.950, 163
Trd, 000130.617, 163
Trd, 000130.867, 164
Trd, 000131.067, 164
Trd, 000131.517, 164
Trd, 000132.083, 162
Trd, 000132.567, 161
Trd, 000133.267, 155
Trd, 000133.400, 167
Trd, 000133.767, 168
Trd, 000134.183, 158
Trd, 000134.800, 154
Trd, 000135.050, 150
Trd, 000135.417, 156
Trd, 000135.517, 157
Trd, 000135.883, 143
Trd, 000136.283, 153
Trd, 000136.717, 154
Trd, 000137.133, 156
Trd, 000137.467, 169
Trd, 000138.383, 153
Trd, 000138.950, 153
Trd, 000139.450, 165
Trd, 000139.833, 160
Trd, 000140.267, 153
Trd, 000140.900, 155
Trd, 000140.967, 160
Trd, 000141.167, 166
Trd, 000142.250, 170
Trd, 000142.700, 163
Trd, 000143.200, 155
Trd, 000144.283, 161
Trd, 000144.300, 160
Trd, 000145.367, 168
Trd, 000146.083, 169
Trd, 000146.850, 171
Trd, 000146.983, 172
Trd, 000147.133, 164
Trd, 000147.683, 175
Trd, 000148.100, 176
Trd, 000148.600, 172
Trd, 000150.700, 171
Trd, 000151.050, 172
Trd, 000151.517, 171
Trd, 000151.533, 173
Trd, 000151.767, 174
Trd, 000151.900, 177
Trd, 000153.200, 172
Trd, 000153.350, 171
Trd, 000153.600, 170
Trd, 000153.900, 170
Trd, 000154.933, 170
Trd, 000155.033, 169
Trd, 000155.267, 156
Trd, 000156.000, 170
Trd, 000156.533, 162
Trd, 000157.133, 165
Trd, 000158.117, 168
Trd, 000159.217, 165
Trd, 000160.300, 168
Trd, 000160.883, 166
Trd, 000160.950, 169
Trd, 000161.100, 171
Trd, 000161.333, 166
Trd, 000161.467, 169
Trd, 000161.683, 157
Trd, 000161.967, 172
Trd, 000164.333, 172
Trd, 000164.483, 171
Trd, 000164.767, 171
Trd, 000164.883, 172
Trd, 000165.683, 169
Trd, 000165.917, 172
Trd, 000166.400, 173
Trd, 000166.783, 173
Trd, 000166.850, 168
Trd, 000167.133, 157
Trd, 000167.517, 173
Trd, 000168.217, 174
Trd, 000170.067, 172
Trd, 000170.700, 174
Trd, 000171.300, 171
Trd, 000171.767, 174
Trd, 000171.983, 175
Trd, 000172.433, 172
Trd, 000172.750, 172
Trd, 000173.083, 166
Trd, 000173.333, 171
Trd, 000173.533, 162
Trd, 000174.667, 158
Trd, 000175.117, 173
Trd, 000175.267, 168
Trd, 000175.633, 179
Trd, 000176.500, 164
Trd, 000176.800, 178
Trd, 000176.933, 159
Trd, 000177.350, 176
Trd, 000177.750, 176
Trd, 000179.150, 160
Trd, 000179.167, 162
Trd, 000179.367, 159
Trd, 000179.550, 154
Trd, 000181.033, 159
Trd, 000181.050, 157
Trd, 000182.167, 155
Trd, 000182.383, 157
Trd, 000182.617, 176
Trd, 000182.650, 162
Trd, 000183.650, 160
Trd, 000183.667, 163
Trd, 000184.233, 164
Trd, 000185.650, 162
Trd, 000185.883, 163
Trd, 000186.117, 166
Trd, 000186.217, 161
Trd, 000186.717, 166
Trd, 000187.150, 161
Trd, 000188.733, 163
Trd, 000189.167, 163
Trd, 000189.983, 165
Trd, 000190.267, 166
Trd, 000191.367, 163
Trd, 000191.700, 160
Trd, 000191.750, 163
Trd, 000191.783, 174
Trd, 000191.933, 161
Trd, 000191.967, 160
Trd, 000192.333, 177
Trd, 000194.150, 165
Trd, 000194.367, 156
Trd, 000195.750, 163
Trd, 000195.933, 162
Trd, 000197.200, 164
Trd, 000198.433, 165
Trd, 000198.550, 166
Trd, 000198.900, 173
Trd, 000199.367, 171
Trd, 000199.733, 169
Trd, 000199.900, 165
Trd, 000200.750, 172
Trd, 000201.033, 175
Trd, 000201.150, 165
Trd, 000201.217, 178
Trd, 000201.950, 181
Trd, 000202.950, 178
Trd, 000203.167, 180
Trd, 000203.233, 182
Trd, 000203.433, 168
Trd, 000203.550, 184
Trd, 000204.767, 185
Trd, 000204.850, 175
Trd, 000205.750, 175
Trd, 000207.317, 182
Trd, 000208.150, 181
Trd, 000208.583, 181
Trd, 000208.617, 181
Trd, 000208.800, 180
Trd, 000209.233, 176
Trd, 000210.217, 177
Trd, 000210.667, 174
Trd, 000211.533, 174
Trd, 000211.583, 175
Trd, 000212.017, 171
Trd, 000212.433, 172
Trd, 000212.867, 162
Trd, 000213.450, 172
Trd, 000213.750, 158
Trd, 000214.033, 173
Trd, 000215.133, 170
Trd, 000215.533, 168
Trd, 000215.800, 170
Trd, 000215.867, 171
Trd, 000216.033, 176
Trd, 000216.233, 179
Trd, 000216.317, 176
Trd, 000217.933, 180
Trd, 000218.117, 187
Trd, 000219.950, 180
Trd, 000220.667, 179
Trd, 000221.083, 178
Trd, 000221.133, 178
Trd, 000221.200, 177
Trd, 000221.483, 179
Trd, 000221.500, 179
Trd, 000221.967, 163
Trd, 000222.550, 160
Trd, 000222.850, 159
Trd, 000223.817, 168
Trd, 000224.700, 167
Trd, 000225.067, 172
Trd, 000226.567, 170
Trd, 000227.250, 169
Trd, 000228.117, 165
Trd, 000228.150, 167
Trd, 000228.317, 168
Trd, 000228.683, 167
Trd, 000228.933, 167
Trd, 000228.967, 164
Trd, 000229.333, 167
Trd, 000230.000, 163
Trd, 000230.383, 178
Trd, 000230.683, 180
Trd, 000231.367, 181
Trd, 000231.900, 174
Trd, 000233.583, 179
Trd, 000233.700, 178
Trd, 000233.717, 160
Trd, 000233.833, 158
Trd, 000234.483, 185
Trd, 000235.917, 174
Trd, 000236.033, 174
Trd, 000236.150, 188
Trd, 000236.617, 178
Trd, 000237.083, 175
Trd, 000237.617, 176
Trd, 000238.000, 176
Trd, 000238.217, 175
Trd, 000238.250, 177
Trd, 000238.267, 179
Trd, 000238.433, 182
Trd, 000239.400, 165
Trd, 000239.450, 161
Trd, 000240.283, 168
Trd, 000240.950, 161
Trd, 000241.083, 163
Trd, 000241.700, 162
Trd, 000241.817, 164
Trd, 000242.083, 163
Trd, 000242.350, 162
Trd, 000242.417, 164
Trd, 000242.883, 168
Trd, 000243.200, 172
Trd, 000243.517, 170
Trd, 000243.650, 170
Trd, 000244.033, 172
Trd, 000244.500, 171
Trd, 000244.950, 172
Trd, 000245.817, 173
Trd, 000245.850, 174
Trd, 000246.300, 175
Trd, 000247.117, 172
Trd, 000247.200, 172
Trd, 000248.250, 176
Trd, 000248.550, 180
Trd, 000248.733, 182
Trd, 000250.133, 173
Trd, 000250.533, 180
Trd, 000250.650, 173
Trd, 000251.600, 172
Trd, 000252.067, 166
Trd, 000252.633, 175
Trd, 000252.883, 163
Trd, 000253.117, 177
Trd, 000253.683, 177
Trd, 000253.783, 178
Trd, 000255.100, 169
Trd, 000255.267, 168
Trd, 000256.200, 168
Trd, 000256.433, 170
Trd, 000256.617, 170
Trd, 000257.033, 171
Trd, 000257.850, 168
Trd, 000258.317, 172
Trd, 000258.350, 167
Trd, 000258.500, 173
Trd, 000258.600, 174
Trd, 000259.167, 163
Trd, 000259.650, 166
Trd, 000259.883, 169
Trd, 000260.150, 170
Trd, 000260.933, 174
Trd, 000261.767, 178
Trd, 000262.083, 179
Trd, 000263.017, 175
Trd, 000263.183, 178
Trd, 000263.833, 174
Trd, 000264.533, 172
Trd, 000264.700, 175
Trd, 000264.833, 176
Trd, 000265.617, 181
Trd, 000266.217, 189
Trd, 000266.317, 192
Trd, 000266.483, 175
Trd, 000266.983, 177
Trd, 000267.100, 176
Trd, 000267.183, 180
Trd, 000267.217, 181
Trd, 000267.917, 175
Trd, 000268.733, 174
Trd, 000269.450, 181
Trd, 000269.750, 181
Trd, 000270.717, 168
Trd, 000271.133, 180
Trd, 000271.983, 166
Trd, 000272.017, 168
Trd, 000272.500, 177
Trd, 000272.850, 175
Trd, 000273.233, 179
Trd, 000273.700, 171
Trd, 000273.900, 176
Trd, 000274.150, 171
Trd, 000274.667, 170
Trd, 000274.950, 169
Trd, 000274.983, 175
Trd, 000275.083, 168
Trd, 000275.433, 174
Trd, 000275.783, 175
Trd, 000276.483, 179
Trd, 000276.933, 163
Trd, 000277.383, 162
Trd, 000278.517, 172
Trd, 000278.700, 172
Trd, 000278.767, 172
Trd, 000278.783, 175
Trd, 000278.967, 169
Trd, 000279.433, 169
Trd, 000280.017, 169
Trd, 000280.167, 167
Trd, 000280.400, 172
Trd, 000280.417, 176
Trd, 000280.567, 183
Trd, 000280.733, 165
Trd, 000281.100, 186
Trd, 000282.583, 183
Trd, 000283.017, 176
Trd, 000283.083, 185
Trd, 000283.200, 186
Trd, 000283.717, 162
Trd, 000284.217, 174
Trd, 000284.650, 175
Trd, 000284.917, 167
Trd, 000285.117, 175
Trd, 000285.883, 166
Trd, 000285.917, 165
Trd, 000286.783, 172
Trd, 000286.800, 174
Trd, 000287.017, 165
Trd, 000287.383, 158
Trd, 000287.833, 174
Trd, 000287.967, 175
Trd, 000288.450, 176
Trd, 000288.717, 183
Trd, 000289.133, 182
Trd, 000289.667, 170
Trd, 000290.133, 168
Trd, 000291.533, 173
Trd, 000291.733, 174
Trd, 000292.067, 173
Trd, 000292.233, 176
Trd, 000292.633, 168
Trd, 000293.150, 172
Trd, 000293.233, 184
Trd, 000293.350, 177
Trd, 000294.250, 177
Trd, 000294.283, 179
Trd, 000295.000, 180
Trd, 000295.017, 171
Trd, 000295.433, 190
Trd, 000296.200, 197
Trd, 000296.783, 178
Trd, 000297.717, 177
Trd, 000298.117, 176
Trd, 000298.217, 178
Trd, 000298.667, 180
Trd, 000298.733, 187
Trd, 000299.667, 169
Trd, 000299.800, 188
