Trd, 000001.650, 120
Trd, 000002.000, 100
Trd, 000002.217, 117
Trd, 000002.333, 119
Trd, 000002.350, 127
Trd, 000004.183, 155
Trd, 000005.467, 142
Trd, 000005.517, 143
Trd, 000005.917, 144
Trd, 000006.750, 141
Trd, 000007.283, 140
Trd, 000007.383, 145
Trd, 000008.300, 126
Trd, 000008.333, 154
Trd, 000009.100, 156
Trd, 000010.483, 157
Trd, 000010.683, 149
Trd, 000011.083, 147
Trd, 000011.483, 146
Trd, 000012.100, 156
Trd, 000013.283, 157
Trd, 000013.317, 153
Trd, 000013.517, 159
Trd, 000013.783, 149
Trd, 000014.050, 150
Trd, 000014.850, 164
Trd, 000015.100, 172
Trd, 000015.367, 157
Trd, 000015.567, 169
Trd, 000016.867, 164
Trd, 000017.217, 158
Trd, 000017.317, 164
Trd, 000017.550, 156
Trd, 000017.750, 145
Trd, 000018.583, 157
Trd, 000018.933, 136
Trd, 000020.033, 154
Trd, 000020.833, 154
Trd, 000021.167, 150
Trd, 000023.067, 156
Trd, 000024.400, 150
Trd, 000024.850, 155
Trd, 000025.400, 156
Trd, 000025.617, 150
Trd, 000025.700, 149
Trd, 000026.150, 148
Trd, 000026.467, 156
Trd, 000027.133, 150
Trd, 000027.350, 157
Trd, 000027.517, 161
Trd, 000029.350, 149
Trd, 000029.633, 151
Trd, 000030.633, 150
Trd, 000031.633, 155
Trd, 000032.650, 153
Trd, 000032.667, 152
Trd, 000033.017, 150
Trd, 000033.383, 153
Trd, 000033.400, 150
Trd, 000035.233, 155
Trd, 000035.400, 157
Trd, 000035.483, 154
Trd, 000035.550, 158
Trd, 000035.650, 161
Trd, 000035.717, 151
Trd, 000036.450, 174
Trd, 000037.333, 160
Trd, 000037.517, 157
Trd, 000037.683, 152
Trd, 000038.267, 159
Trd, 000039.950, 156
Trd, 000040.283, 158
Trd, 000040.550, 156
Trd, 000040.983, 157
Trd, 000042.100, 159
Trd, 000042.333, 158
Trd, 000044.100, 157
Trd, 000044.250, 157
Trd, 000044.800, 155
Trd, 000045.767, 155
Trd, 000046.183, 157
Trd, 000046.367, 155
Trd, 000046.700, 159
Trd, 000048.483, 157
Trd, 000048.517, 156
Trd, 000048.733, 159
Trd, 000048.817, 154
Trd, 000048.867, 152
Trd, 000048.967, 162
Trd, 000049.050, 148
Trd, 000050.433, 163
Trd, 000050.700, 156
Trd, 000051.067, 159
Trd, 000051.100, 158
Trd, 000051.717, 160
Trd, 000052.050, 154
Trd, 000052.133, 153
Trd, 000054.933, 161
Trd, 000055.050, 162
Trd, 000055.983, 162
Trd, 000056.317, 156
Trd, 000056.600, 155
Trd, 000056.633, 163
Trd, 000057.517, 160
Trd, 000058.450, 157
Trd, 000058.467, 155
Trd, 000058.617, 154
Trd, 000058.800, 153
Trd, 000059.200, 161
Trd, 000059.867, 160
Trd, 000059.883, 154
Trd, 000060.983, 154
Trd, 000061.150, 154
Trd, 000061.383, 159
Trd, 000062.250, 156
Trd, 000062.883, 158
Trd, 000063.533, 158
Trd, 000064.483, 158
Trd, 000064.533, 157
Trd, 000064.567, 164
Trd, 000065.667, 158
Trd, 000066.250, 160
Trd, 000066.283, 154
Trd, 000067.600, 158
Trd, 000068.850, 159
Trd, 000069.033, 157
Trd, 000069.417, 156
Trd, 000069.850, 161
Trd, 000070.633, 159
Trd, 000070.867, 156
Trd, 000071.150, 161
Trd, 000071.417, 158
Trd, 000071.683, 157
Trd, 000071.700, 162
Trd, 000071.833, 155
Trd, 000074.017, 159
Trd, 000074.150, 156
Trd, 000074.383, 158
Trd, 000074.633, 156
Trd, 000074.850, 160
Trd, 000075.550, 155
Trd, 000075.733, 151
Trd, 000076.183, 161
Trd, 000076.250, 162
Trd, 000077.150, 158
Trd, 000077.517, 164
Trd, 000077.667, 157
Trd, 000078.250, 166
Trd, 000078.867, 166
Trd, 000079.283, 159
Trd, 000079.500, 159
Trd, 000081.550, 158
Trd, 000081.583, 156
Trd, 000081.817, 155
Trd, 000082.050, 150
Trd, 000082.483, 162
Trd, 000083.433, 154
Trd, 000084.350, 153
Trd, 000084.683, 162
Trd, 000084.883, 161
Trd, 000085.483, 169
Trd, 000086.500, 159
Trd, 000087.833, 157
Trd, 000088.283, 157
Trd, 000088.533, 156
Trd, 000088.783, 158
Trd, 000089.000, 157
Trd, 000089.567, 157
Trd, 000089.900, 164
Trd, 000089.917, 167
Trd, 000090.617, 167
Trd, 000090.900, 171
Trd, 000091.350, 156
Trd, 000091.883, 155
Trd, 000092.300, 170
Trd, 000092.467, 161
Trd, 000092.767, 180
Trd, 000092.817, 162
Trd, 000093.550, 161
Trd, 000093.950, 170
Trd, 000095.517, 159
Trd, 000095.567, 164
Trd, 000095.717, 157
Trd, 000095.967, 159
Trd, 000097.117, 158
Trd, 000097.333, 157
Trd, 000099.517, 156
Trd, 000099.717, 144
Trd, 000099.983, 156
Trd, 000100.200, 155
Trd, 000101.050, 155
Trd, 000101.433, 156
Trd, 000101.467, 168
Trd, 000101.533, 154
Trd, 000101.667, 172
Trd, 000102.150, 153
Trd, 000102.367, 158
Trd, 000102.383, 158
Trd, 000102.433, 141
Trd, 000103.617, 169
Trd, 000104.083, 164
Trd, 000105.283, 164
Trd, 000105.633, 157
Trd, 000105.883, 164
Trd, 000106.500, 165
Trd, 000107.833, 164
Trd, 000108.183, 166
Trd, 000108.950, 164
Trd, 000109.967, 164
Trd, 000110.600, 165
Trd, 000110.650, 165
Trd, 000110.683, 163
Trd, 000111.933, 163
Trd, 000112.350, 167
Trd, 000112.383, 162
Trd, 000113.067, 160
Trd, 000113.967, 161
Trd, 000114.383, 161
Trd, 000115.517, 159
Trd, 000115.783, 161
Trd, 000115.850, 154
Trd, 000118.200, 158
Trd, 000118.233, 161
Trd, 000118.283, 158
Trd, 000118.867, 157
Trd, 000119.467, 156
Trd, 000120.533, 158
Trd, 000120.867, 158
Trd, 000121.333, 157
Trd, 000121.867, 166
Trd, 000122.383, 158
Trd, 000122.450, 157
Trd, 000123.150, 155
Trd, 000123.333, 180
Trd, 000124.217, 156
Trd, 000124.333, 167
Trd, 000124.417, 155
Trd, 000125.100, 160
Trd, 000126.767, 164
Trd, 000126.867, 161
Trd, 000127.617, 161
Trd, 000127.800, 155
Trd, 000127.817, 164
Trd, 000128.150, 157
Trd, 000128.400, 155
Trd, 000128.650, 154
Trd, 000130.900, 163
Trd, 000131.400, 168
Trd, 000131.767, 161
Trd, 000132.250, 164
Trd, 000132.517, 162
Trd, 000132.850, 162
Trd, 000134.067, 165
Trd, 000134.867, 167
Trd, 000135.450, 168
Trd, 000135.967, 162
Trd, 000136.633, 169
Trd, 000137.117, 162
Trd, 000137.383, 162
Trd, 000137.733, 171
Trd, 000137.767, 182
Trd, 000139.750, 166
Trd, 000143.500, 170
Trd, 000143.950, 170
Trd, 000144.683, 172
Trd, 000145.233, 169
Trd, 000145.433, 173
Trd, 000145.533, 168
Trd, 000145.617, 176
Trd, 000145.633, 176
Trd, 000146.383, 167
Trd, 000148.233, 169
Trd, 000148.400, 168
Trd, 000150.217, 170
Trd, 000150.333, 167
Trd, 000150.467, 173
Trd, 000151.300, 166
Trd, 000151.367, 172
Trd, 000151.650, 165
Trd, 000151.817, 164
Trd, 000152.550, 164
Trd, 000152.967, 170
Trd, 000153.283, 171
Trd, 000153.533, 171
Trd, 000153.767, 173
Trd, 000154.767, 164
Trd, 000155.483, 163
Trd, 000155.550, 169
Trd, 000155.933, 177
Trd, 000156.383, 163
Trd, 000156.617, 175
Trd, 000157.500, 164
Trd, 000157.550, 168
Trd, 000158.517, 164
Trd, 000159.000, 163
Trd, 000159.150, 162
Trd, 000159.217, 166
Trd, 000159.767, 159
Trd, 000160.583, 164
Trd, 000160.767, 161
Trd, 000161.000, 167
Trd, 000161.383, 171
Trd, 000162.067, 152
Trd, 000162.450, 167
Trd, 000163.650, 164
Trd, 000164.267, 158
Trd, 000164.467, 164
Trd, 000164.500, 165
Trd, 000164.600, 174
Trd, 000165.550, 160
Trd, 000166.717, 159
Trd, 000166.733, 167
Trd, 000167.483, 160
Trd, 000167.517, 168
Trd, 000167.783, 171
Trd, 000168.567, 161
Trd, 000169.983, 165
Trd, 000170.133, 168
Trd, 000170.200, 170
Trd, 000170.250, 161
Trd, 000170.417, 161
Trd, 000171.683, 161
Trd, 000172.067, 160
Trd, 000172.533, 170
Trd, 000173.183, 171
Trd, 000174.100, 165
Trd, 000175.667, 166
Trd, 000176.700, 170
Trd, 000176.900, 170
Trd, 000177.167, 167
Trd, 000177.483, 176
Trd, 000178.917, 173
Trd, 000179.150, 176
Trd, 000179.333, 171
Trd, 000180.517, 174
Trd, 000180.550, 173
Trd, 000180.733, 171
Trd, 000180.983, 176
Trd, 000181.550, 173
Trd, 000182.217, 170
Trd, 000182.233, 170
Trd, 000183.500, 161
Trd, 000184.300, 167
Trd, 000184.617, 169
Trd, 000185.217, 166
Trd, 000185.600, 170
Trd, 000185.667, 166
Trd, 000186.117, 172
Trd, 000187.083, 166
Trd, 000187.233, 165
Trd, 000187.667, 167
Trd, 000187.767, 165
Trd, 000188.850, 168
Trd, 000189.000, 169
Trd, 000189.367, 169
Trd, 000189.767, 169
Trd, 000191.283, 173
Trd, 000191.567, 167
Trd, 000192.717, 167
Trd, 000192.983, 164
Trd, 000193.000, 164
Trd, 000193.183, 164
Trd, 000193.483, 172
Trd, 000194.133, 163
Trd, 000194.467, 167
Trd, 000194.517, 173
Trd, 000194.750, 172
Trd, 000196.800, 173
Trd, 000197.283, 171
Trd, 000197.700, 168
Trd, 000198.300, 175
Trd, 000198.467, 178
Trd, 000199.467, 168
Trd, 000200.333, 177
Trd, 000200.617, 170
Trd, 000200.650, 178
Trd, 000200.750, 179
Trd, 000201.167, 171
Trd, 000202.267, 170
Trd, 000203.667, 175
Trd, 000203.683, 169
Trd, 000204.683, 168
Trd, 000204.883, 176
Trd, 000205.200, 175
Trd, 000207.367, 174
Trd, 000207.533, 176
Trd, 000207.600, 170
Trd, 000208.333, 171
Trd, 000208.583, 170
Trd, 000209.067, 179
Trd, 000209.833, 182
Trd, 000210.183, 180
Trd, 000210.600, 169
Trd, 000211.283, 176
Trd, 000211.933, 175
Trd, 000212.217, 174
Trd, 000212.250, 164
Trd, 000212.517, 175
Trd, 000213.733, 174
Trd, 000213.833, 171
Trd, 000214.467, 172
Trd, 000215.450, 173
Trd, 000216.333, 174
Trd, 000216.583, 171
Trd, 000216.750, 170
Trd, 000216.967, 176
Trd, 000217.117, 176
Trd, 000217.667, 170
Trd, 000217.900, 171
Trd, 000218.017, 180
Trd, 000218.083, 184
Trd, 000219.533, 171
Trd, 000220.967, 181
Trd, 000221.433, 182
Trd, 000221.533, 175
Trd, 000222.367, 170
Trd, 000222.683, 182
Trd, 000223.517, 177
Trd, 000223.717, 172
Trd, 000224.050, 170
Trd, 000225.017, 172
Trd, 000225.150, 170
Trd, 000226.567, 173
Trd, 000226.900, 173
Trd, 000226.950, 175
Trd, 000227.617, 171
Trd, 000227.900, 181
Trd, 000228.900, 178
Trd, 000231.150, 178
Trd, 000231.317, 182
Trd, 000231.517, 177
Trd, 000231.583, 173
Trd, 000232.067, 171
Trd, 000232.333, 172
Trd, 000232.917, 178
Trd, 000232.967, 172
Trd, 000233.400, 185
Trd, 000233.533, 171
Trd, 000233.900, 183
Trd, 000235.167, 171
Trd, 000235.350, 181
Trd, 000235.467, 171
Trd, 000236.667, 172
Trd, 000236.767, 170
Trd, 000236.800, 178
Trd, 000236.883, 170
Trd, 000237.200, 171
Trd, 000237.917, 179
Trd, 000238.283, 166
Trd, 000238.600, 169
Trd, 000239.500, 174
Trd, 000240.783, 176
Trd, 000240.950, 177
Trd, 000241.483, 181
Trd, 000241.550, 180
Trd, 000242.217, 182
Trd, 000242.417, 186
Trd, 000243.050, 183
Trd, 000243.350, 182
Trd, 000243.500, 181
Trd, 000243.850, 181
Trd, 000244.250, 177
Trd, 000245.033, 178
Trd, 000245.333, 179
Trd, 000245.533, 170
Trd, 000246.383, 173
Trd, 000246.583, 167
Trd, 000246.667, 173
Trd, 000246.783, 159
Trd, 000247.950, 172
Trd, 000248.733, 168
Trd, 000248.783, 158
Trd, 000249.133, 169
Trd, 000249.667, 170
Trd, 000250.033, 180
Trd, 000250.133, 179
Trd, 000251.550, 174
Trd, 000251.967, 173
Trd, 000253.967, 174
Trd, 000253.983, 173
Trd, 000254.167, 176
Trd, 000254.300, 179
Trd, 000254.533, 180
Trd, 000254.867, 172
Trd, 000254.917, 174
Trd, 000254.967, 170
Trd, 000255.817, 176
Trd, 000256.083, 170
Trd, 000256.333, 170
Trd, 000256.833, 171
Trd, 000257.100, 170
Trd, 000257.300, 159
Trd, 000257.700, 166
Trd, 000257.933, 169
Trd, 000258.517, 165
Trd, 000259.317, 165
Trd, 000259.617, 164
Trd, 000259.983, 164
Trd, 000260.400, 161
Trd, 000260.750, 165
Trd, 000261.383, 165
Trd, 000261.517, 170
Trd, 000262.100, 163
Trd, 000262.283, 166
Trd, 000262.733, 163
Trd, 000262.867, 168
Trd, 000263.367, 168
Trd, 000263.617, 167
Trd, 000263.867, 171
Trd, 000264.750, 175
Trd, 000264.767, 171
Trd, 000265.333, 168
Trd, 000265.567, 170
Trd, 000266.400, 170
Trd, 000266.483, 182
Trd, 000267.400, 184
Trd, 000267.967, 181
Trd, 000268.267, 190
Trd, 000268.317, 195
Trd, 000269.450, 181
Trd, 000269.733, 181
Trd, 000269.867, 177
Trd, 000270.550, 180
Trd, 000270.833, 181
Trd, 000271.067, 180
Trd, 000271.900, 175
Trd, 000272.150, 180
Trd, 000272.200, 174
Trd, 000272.517, 161
Trd, 000273.167, 158
Trd, 000274.067, 157
Trd, 000274.150, 160
Trd, 000274.200, 169
Trd, 000274.500, 159
Trd, 000275.350, 171
Trd, 000275.500, 164
Trd, 000275.567, 175
Trd, 000275.650, 163
Trd, 000275.883, 168
Trd, 000277.600, 174
Trd, 000278.650, 167
Trd, 000278.867, 173
Trd, 000278.900, 165
Trd, 000279.817, 171
Trd, 000280.117, 172
Trd, 000280.633, 176
Trd, 000280.667, 182
Trd, 000281.150, 171
Trd, 000281.233, 170
Trd, 000281.467, 183
Trd, 000281.750, 176
Trd, 000282.500, 175
Trd, 000282.600, 183
Trd, 000283.967, 183
Trd, 000284.833, 173
Trd, 000285.700, 181
Trd, 000286.517, 174
Trd, 000286.667, 175
Trd, 000286.767, 175
Trd, 000286.867, 175
Trd, 000286.967, 176
Trd, 000287.083, 178
Trd, 000287.733, 175
Trd, 000288.567, 180
Trd, 000288.600, 180
Trd, 000289.200, 185
Trd, 000289.317, 175
Trd, 000289.600, 186
Trd, 000289.883, 183
Trd, 000290.217, 180
Trd, 000290.350, 184
Trd, 000290.850, 177
Trd, 000290.900, 163
Trd, 000290.967, 187
Trd, 000291.350, 164
Trd, 000291.750, 174
Trd, 000291.883, 170
Trd, 000291.900, 160
Trd, 000292.950, 169
Trd, 000293.467, 168
Trd, 000293.717, 178
Trd, 000293.967, 177
Trd, 000294.467, 188
Trd, 000294.550, 191
Trd, 000294.717, 177
Trd, 000296.100, 174
Trd, 000296.117, 173
Trd, 000296.700, 172
Trd, 000297.483, 176
Trd, 000298.283, 173
Trd, 000298.317, 177
Trd, 000298.733, 174
Trd, 000298.783, 176
Trd, 000298.850, 173
Trd, 000299.383, 172
Trd, 000299.483, 178
Trd, 000299.683, 164
