Trd, 000001.000, 171
Trd, 000001.933, 170
Trd, 000003.050, 153
Trd, 000003.367, 144
Trd, 000003.950, 139
Trd, 000004.617, 179
Trd, 000004.650, 173
Trd, 000004.950, 153
Trd, 000005.050, 148
Trd, 000005.217, 158
Trd, 000006.667, 163
Trd, 000006.950, 163
Trd, 000007.100, 162
Trd, 000007.550, 152
Trd, 000007.800, 162
Trd, 000008.333, 160
Trd, 000009.250, 158
Trd, 000009.833, 147
Trd, 000009.933, 146
Trd, 000010.383, 150
Trd, 000010.417, 145
Trd, 000011.500, 150
Trd, 000011.833, 152
Trd, 000012.817, 152
Trd, 000013.383, 152
Trd, 000014.133, 152
Trd, 000015.233, 150
Trd, 000015.550, 149
Trd, 000016.567, 158
Trd, 000016.583, 150
Trd, 000016.700, 149
Trd, 000016.833, 149
Trd, 000017.017, 145
Trd, 000017.783, 156
Trd, 000018.150, 145
Trd, 000018.517, 146
Trd, 000018.567, 156
Trd, 000018.867, 159
Trd, 000019.467, 163
Trd, 000020.383, 157
Trd, 000023.067, 167
Trd, 000023.733, 164
Trd, 000024.067, 165
Trd, 000024.550, 165
Trd, 000024.700, 165
Trd, 000024.900, 164
Trd, 000025.200, 164
Trd, 000025.317, 163
Trd, 000025.583, 163
Trd, 000026.083, 162
Trd, 000026.333, 153
Trd, 000026.367, 150
Trd, 000026.417, 150
Trd, 000026.567, 149
Trd, 000027.883, 154
Trd, 000028.200, 156
Trd, 000029.300, 157
Trd, 000029.550, 159
Trd, 000031.033, 156
Trd, 000031.600, 154
Trd, 000031.967, 154
Trd, 000032.100, 154
Trd, 000032.400, 154
Trd, 000032.750, 165
Trd, 000033.483, 167
Trd, 000034.700, 165
Trd, 000034.917, 166
Trd, 000035.117, 162
Trd, 000035.133, 161
Trd, 000035.450, 157
Trd, 000035.533, 154
Trd, 000035.567, 151
Trd, 000035.867, 148
Trd, 000036.367, 166
Trd, 000036.783, 165
Trd, 000038.850, 165
Trd, 000039.833, 159
Trd, 000040.250, 161
Trd, 000040.450, 161
Trd, 000040.950, 159
Trd, 000041.150, 158
Trd, 000041.183, 158
Trd, 000041.200, 155
Trd, 000041.467, 158
Trd, 000041.483, 152
Trd, 000042.383, 149
Trd, 000042.633, 159
Trd, 000043.300, 159
Trd, 000044.450, 166
Trd, 000045.933, 164
Trd, 000046.583, 165
Trd, 000046.617, 160
Trd, 000046.867, 171
Trd, 000047.500, 162
Trd, 000048.350, 178
Trd, 000049.067, 160
Trd, 000050.450, 165
Trd, 000050.483, 156
Trd, 000050.567, 170
Trd, 000052.083, 162
Trd, 000052.250, 160
Trd, 000052.833, 158
Trd, 000053.133, 164
Trd, 000053.550, 155
Trd, 000053.733, 161
Trd, 000055.350, 156
Trd, 000055.900, 157
Trd, 000056.533, 158
Trd, 000056.633, 156
Trd, 000057.950, 154
Trd, 000058.433, 153
Trd, 000058.550, 163
Trd, 000059.200, 154
Trd, 000059.767, 158
Trd, 000060.150, 159
Trd, 000060.467, 156
Trd, 000060.567, 156
Trd, 000061.650, 155
Trd, 000062.767, 155
Trd, 000063.483, 155
Trd, 000063.700, 155
Trd, 000063.900, 156
Trd, 000064.200, 156
Trd, 000064.283, 154
Trd, 000064.317, 162
Trd, 000064.333, 153
Trd, 000064.567, 152
Trd, 000065.483, 152
Trd, 000065.617, 154
Trd, 000065.767, 153
Trd, 000065.967, 155
Trd, 000066.067, 156
Trd, 000066.400, 151
Trd, 000066.533, 168
Trd, 000067.317, 175
Trd, 000067.683, 176
Trd, 000068.100, 161
Trd, 000068.583, 165
Trd, 000068.800, 162
Trd, 000071.083, 165
Trd, 000071.733, 165
Trd, 000072.017, 158
Trd, 000072.350, 151
Trd, 000073.333, 162
Trd, 000074.367, 160
Trd, 000074.883, 161
Trd, 000075.383, 160
Trd, 000075.400, 159
Trd, 000075.683, 163
Trd, 000076.667, 155
Trd, 000077.033, 163
Trd, 000078.117, 176
Trd, 000078.383, 169
Trd, 000078.400, 165
Trd, 000079.017, 165
Trd, 000080.267, 166
Trd, 000080.567, 167
Trd, 000080.867, 165
Trd, 000081.250, 169
Trd, 000081.367, 159
Trd, 000082.667, 167
Trd, 000083.200, 169
Trd, 000083.683, 168
Trd, 000084.250, 168
Trd, 000084.317, 167
Trd, 000084.950, 169
Trd, 000085.050, 164
Trd, 000085.283, 170
Trd, 000085.317, 162
Trd, 000086.533, 170
Trd, 000086.717, 159
Trd, 000087.483, 174
Trd, 000087.850, 165
Trd, 000088.717, 168
Trd, 000088.867, 167
Trd, 000089.317, 171
Trd, 000090.733, 169
Trd, 000090.767, 160
Trd, 000090.900, 172
Trd, 000091.317, 157
Trd, 000091.333, 153
Trd, 000091.817, 173
Trd, 000092.700, 174
Trd, 000094.750, 163
Trd, 000095.100, 170
Trd, 000095.883, 163
Trd, 000096.083, 168
Trd, 000096.133, 170
Trd, 000096.433, 162
Trd, 000097.200, 163
Trd, 000098.017, 163
Trd, 000098.550, 167
Trd, 000098.850, 167
Trd, 000099.200, 162
Trd, 000099.433, 161
Trd, 000099.750, 160
Trd, 000100.667, 162
Trd, 000100.833, 160
Trd, 000101.500, 163
Trd, 000101.683, 159
Trd, 000101.917, 172
Trd, 000103.300, 160
Trd, 000104.150, 162
Trd, 000104.433, 161
Trd, 000104.550, 166
Trd, 000105.183, 172
Trd, 000105.250, 162
Trd, 000106.150, 161
Trd, 000106.400, 168
Trd, 000106.783, 161
Trd, 000107.500, 161
Trd, 000108.100, 160
Trd, 000108.333, 163
Trd, 000108.417, 158
Trd, 000108.517, 163
Trd, 000110.133, 158
Trd, 000110.183, 158
Trd, 000110.550, 159
Trd, 000110.717, 161
Trd, 000111.333, 174
Trd, 000111.750, 178
Trd, 000113.233, 177
Trd, 000114.117, 177
Trd, 000114.467, 175
Trd, 000114.783, 173
Trd, 000114.950, 173
Trd, 000115.150, 172
Trd, 000115.400, 166
Trd, 000116.467, 167
Trd, 000116.517, 168
Trd, 000117.250, 166
Trd, 000117.700, 162
Trd, 000118.967, 157
Trd, 000119.433, 166
Trd, 000119.617, 157
Trd, 000120.183, 157
Trd, 000120.200, 156
Trd, 000120.833, 154
Trd, 000120.933, 153
Trd, 000121.150, 157
Trd, 000121.767, 155
Trd, 000122.000, 156
Trd, 000122.983, 156
Trd, 000123.617, 155
Trd, 000123.750, 154
Trd, 000123.817, 174
Trd, 000124.050, 164
Trd, 000124.550, 170
Trd, 000124.850, 169
Trd, 000126.400, 170
Trd, 000127.200, 163
Trd, 000127.567, 170
Trd, 000127.917, 169
Trd, 000129.133, 168
Trd, 000129.367, 166
Trd, 000129.567, 173
Trd, 000130.433, 175
Trd, 000130.450, 164
Trd, 000130.483, 161
Trd, 000130.650, 158
Trd, 000130.967, 157
Trd, 000132.083, 165
Trd, 000132.217, 165
Trd, 000133.650, 183
Trd, 000134.367, 181
Trd, 000134.650, 176
Trd, 000134.800, 175
Trd, 000135.833, 177
Trd, 000136.217, 175
Trd, 000136.500, 174
Trd, 000136.933, 174
Trd, 000137.383, 161
Trd, 000137.867, 165
Trd, 000137.983, 173
Trd, 000138.117, 176
Trd, 000138.367, 160
Trd, 000138.950, 158
Trd, 000139.417, 179
Trd, 000139.600, 179
Trd, 000140.533, 179
Trd, 000140.967, 178
Trd, 000142.133, 178
Trd, 000142.783, 178
Trd, 000142.900, 178
Trd, 000143.300, 179
Trd, 000143.650, 179
Trd, 000144.250, 179
Trd, 000144.783, 176
Trd, 000145.000, 173
Trd, 000145.400, 165
Trd, 000145.733, 169
Trd, 000145.883, 180
Trd, 000145.950, 169
Trd, 000147.317, 163
Trd, 000147.350, 162
Trd, 000148.283, 166
Trd, 000148.800, 160
Trd, 000149.083, 164
Trd, 000149.933, 166
Trd, 000150.217, 161
Trd, 000150.433, 166
Trd, 000150.583, 161
Trd, 000150.917, 160
Trd, 000151.350, 160
Trd, 000151.850, 166
Trd, 000151.933, 177
Trd, 000153.267, 163
Trd, 000153.483, 162
Trd, 000153.717, 164
Trd, 000154.717, 162
Trd, 000155.350, 162
Trd, 000155.767, 165
Trd, 000156.083, 177
Trd, 000156.350, 161
Trd, 000157.450, 182
Trd, 000157.633, 161
Trd, 000158.033, 161
Trd, 000158.133, 181
Trd, 000158.500, 160
Trd, 000160.300, 174
Trd, 000161.033, 173
Trd, 000161.150, 169
Trd, 000161.467, 168
Trd, 000162.433, 169
Trd, 000162.650, 167
Trd, 000162.700, 166
Trd, 000162.717, 166
Trd, 000164.183, 165
Trd, 000164.817, 167
Trd, 000165.100, 168
Trd, 000166.033, 168
Trd, 000166.300, 168
Trd, 000166.483, 160
Trd, 000167.300, 165
Trd, 000167.317, 177
Trd, 000167.600, 164
Trd, 000167.867, 164
Trd, 000169.450, 168
Trd, 000170.133, 164
Trd, 000170.317, 163
Trd, 000170.750, 166
Trd, 000170.800, 167
Trd, 000171.033, 163
Trd, 000172.383, 167
Trd, 000172.883, 167
Trd, 000173.050, 165
Trd, 000173.300, 165
Trd, 000173.350, 161
Trd, 000174.850, 166
Trd, 000174.983, 167
Trd, 000176.083, 176
Trd, 000177.533, 173
Trd, 000178.400, 171
Trd, 000178.800, 170
Trd, 000179.533, 169
Trd, 000180.017, 168
Trd, 000180.067, 169
Trd, 000180.850, 172
Trd, 000181.183, 186
Trd, 000182.133, 180
Trd, 000182.217, 170
Trd, 000182.683, 183
Trd, 000183.683, 171
Trd, 000183.900, 171
Trd, 000184.683, 177
Trd, 000186.150, 173
Trd, 000186.600, 172
Trd, 000186.750, 180
Trd, 000186.933, 170
Trd, 000187.000, 180
Trd, 000187.183, 184
Trd, 000189.183, 179
Trd, 000189.317, 171
Trd, 000190.367, 170
Trd, 000190.683, 168
Trd, 000190.867, 169
Trd, 000191.833, 170
Trd, 000192.083, 169
Trd, 000194.117, 171
Trd, 000194.400, 172
Trd, 000194.867, 170
Trd, 000194.917, 169
Trd, 000195.283, 168
Trd, 000195.400, 168
Trd, 000195.700, 167
Trd, 000196.067, 168
Trd, 000196.250, 165
Trd, 000196.633, 165
Trd, 000197.133, 165
Trd, 000197.850, 164
Trd, 000198.117, 165
Trd, 000198.483, 164
Trd, 000198.567, 166
Trd, 000199.567, 167
Trd, 000199.717, 168
Trd, 000200.933, 182
Trd, 000201.300, 182
Trd, 000201.600, 169
Trd, 000201.633, 174
Trd, 000202.550, 182
Trd, 000202.767, 174
Trd, 000203.533, 179
Trd, 000204.150, 176
Trd, 000204.567, 175
Trd, 000205.200, 173
Trd, 000205.267, 172
Trd, 000205.583, 178
Trd, 000206.600, 166
Trd, 000206.633, 175
Trd, 000207.233, 165
Trd, 000207.883, 167
Trd, 000208.217, 161
Trd, 000208.483, 165
Trd, 000208.683, 178
Trd, 000209.150, 165
Trd, 000211.050, 172
Trd, 000211.783, 172
Trd, 000211.850, 173
Trd, 000212.533, 173
Trd, 000212.700, 174
Trd, 000213.483, 183
Trd, 000213.717, 170
Trd, 000215.300, 172
Trd, 000215.433, 169
Trd, 000217.050, 176
Trd, 000218.267, 176
Trd, 000218.850, 180
Trd, 000219.483, 178
Trd, 000219.500, 172
Trd, 000219.683, 179
Trd, 000220.033, 177
Trd, 000220.150, 174
Trd, 000220.417, 171
Trd, 000220.650, 175
Trd, 000220.783, 170
Trd, 000221.783, 167
Trd, 000222.700, 182
Trd, 000223.700, 180
Trd, 000224.433, 183
Trd, 000224.700, 174
Trd, 000224.883, 184
Trd, 000225.783, 188
Trd, 000226.233, 175
Trd, 000226.350, 186
Trd, 000226.433, 176
Trd, 000226.783, 184
Trd, 000228.317, 183
Trd, 000228.433, 182
Trd, 000228.950, 180
Trd, 000229.033, 183
Trd, 000229.550, 184
Trd, 000231.750, 181
Trd, 000231.817, 182
Trd, 000232.000, 185
Trd, 000232.917, 180
Trd, 000233.283, 174
Trd, 000234.117, 179
Trd, 000234.983, 179
Trd, 000235.050, 176
Trd, 000235.300, 176
Trd, 000235.417, 174
Trd, 000236.150, 172
Trd, 000236.667, 176
Trd, 000236.733, 171
Trd, 000237.633, 169
Trd, 000238.217, 171
Trd, 000238.667, 171
Trd, 000239.250, 171
Trd, 000239.300, 185
Trd, 000240.000, 171
Trd, 000240.083, 171
Trd, 000240.717, 174
Trd, 000241.450, 179
Trd, 000241.650, 178
Trd, 000242.750, 173
Trd, 000243.233, 180
Trd, 000243.267, 172
Trd, 000243.567, 168
Trd, 000243.933, 177
Trd, 000244.317, 164
Trd, 000244.400, 160
Trd, 000245.283, 168
Trd, 000245.767, 168
Trd, 000245.783, 165
Trd, 000246.033, 173
Trd, 000247.083, 174
Trd, 000247.417, 172
Trd, 000247.850, 175
Trd, 000248.117, 183
Trd, 000249.033, 184
Trd, 000249.817, 187
Trd, 000250.917, 187
Trd, 000250.983, 185
Trd, 000251.133, 185
Trd, 000251.217, 184
Trd, 000251.583, 182
Trd, 000251.600, 183
Trd, 000251.717, 180
Trd, 000252.683, 177
Trd, 000253.250, 178
Trd, 000254.000, 184
Trd, 000254.017, 173
Trd, 000254.350, 187
Trd, 000254.650, 169
Trd, 000255.700, 173
Trd, 000255.850, 170
Trd, 000256.633, 178
Trd, 000257.167, 181
Trd, 000257.550, 180
Trd, 000257.650, 179
Trd, 000258.100, 182
Trd, 000259.900, 180
Trd, 000260.133, 179
Trd, 000260.283, 179
Trd, 000260.333, 187
Trd, 000260.667, 187
Trd, 000260.817, 177
Trd, 000260.867, 177
Trd, 000261.333, 183
Trd, 000261.633, 182
Trd, 000261.933, 181
Trd, 000262.650, 178
Trd, 000263.350, 167
Trd, 000263.450, 177
Trd, 000263.600, 176
Trd, 000263.617, 178
Trd, 000263.717, 184
Trd, 000264.167, 172
Trd, 000264.617, 173
Trd, 000266.083, 179
Trd, 000266.483, 178
Trd, 000266.750, 180
Trd, 000267.133, 178
Trd, 000267.433, 187
Trd, 000269.167, 184
Trd, 000269.267, 180
Trd, 000269.317, 185
Trd, 000270.300, 186
Trd, 000270.533, 185
Trd, 000270.783, 182
Trd, 000271.617, 186
Trd, 000271.717, 182
Trd, 000271.933, 181
Trd, 000272.133, 181
Trd, 000272.750, 182
Trd, 000272.983, 171
Trd, 000273.317, 184
Trd, 000273.583, 179
Trd, 000275.533, 183
Trd, 000276.133, 184
Trd, 000276.400, 181
Trd, 000276.500, 185
Trd, 000276.550, 186
Trd, 000277.633, 187
Trd, 000278.050, 184
Trd, 000279.217, 184
Trd, 000279.250, 188
Trd, 000279.783, 184
Trd, 000279.867, 188
Trd, 000280.717, 183
Trd, 000280.800, 179
Trd, 000280.917, 178
Trd, 000281.150, 185
Trd, 000281.467, 184
Trd, 000281.583, 183
Trd, 000281.650, 190
Trd, 000282.033, 173
Trd, 000282.817, 176
Trd, 000283.033, 186
Trd, 000283.367, 183
Trd, 000283.533, 185
Trd, 000283.867, 193
Trd, 000284.333, 186
Trd, 000284.533, 190
Trd, 000284.917, 190
Trd, 000285.650, 190
Trd, 000286.133, 191
Trd, 000286.550, 188
Trd, 000286.667, 187
Trd, 000287.300, 186
Trd, 000288.983, 185
Trd, 000289.333, 185
Trd, 000290.000, 186
Trd, 000290.350, 185
Trd, 000290.750, 184
Trd, 000290.850, 185
Trd, 000290.883, 182
Trd, 000291.450, 178
Trd, 000292.033, 182
Trd, 000292.167, 181
Trd, 000292.233, 186
Trd, 000292.250, 177
Trd, 000292.300, 174
Trd, 000293.133, 186
Trd, 000293.283, 174
Trd, 000293.900, 190
Trd, 000294.033, 184
Trd, 000294.483, 181
Trd, 000295.350, 180
Trd, 000296.000, 180
Trd, 000296.150, 178
Trd, 000296.283, 181
Trd, 000296.533, 186
Trd, 000296.650, 173
Trd, 000297.033, 185
Trd, 000297.183, 185
Trd, 000297.200, 186
Trd, 000297.433, 176
Trd, 000297.500, 187
Trd, 000297.833, 176
Trd, 000299.100, 186
Trd, 000299.767, 185
