Trd, 000001.200, 162
Trd, 000002.833, 112
Trd, 000003.183, 124
Trd, 000003.433, 127
Trd, 000003.467, 158
Trd, 000004.467, 161
Trd, 000004.883, 134
Trd, 000005.167, 143
Trd, 000005.817, 143
Trd, 000006.600, 142
Trd, 000007.683, 136
Trd, 000008.250, 143
Trd, 000008.450, 142
Trd, 000008.883, 144
Trd, 000009.150, 138
Trd, 000009.300, 138
Trd, 000009.467, 145
Trd, 000009.700, 152
Trd, 000011.083, 145
Trd, 000011.783, 157
Trd, 000011.967, 159
Trd, 000012.983, 146
Trd, 000013.150, 159
Trd, 000014.567, 162
Trd, 000014.717, 146
Trd, 000014.933, 145
Trd, 000015.533, 161
Trd, 000015.583, 156
Trd, 000016.567, 155
Trd, 000017.167, 162
Trd, 000017.483, 163
Trd, 000017.600, 161
Trd, 000018.350, 164
Trd, 000019.567, 160
Trd, 000019.683, 159
Trd, 000020.133, 158
Trd, 000021.317, 157
Trd, 000021.483, 160
Trd, 000021.817, 160
Trd, 000022.483, 146
Trd, 000023.483, 161
Trd, 000024.317, 153
Trd, 000024.517, 161
Trd, 000024.833, 157
Trd, 000026.533, 156
Trd, 000027.333, 149
Trd, 000027.883, 164
Trd, 000028.417, 168
Trd, 000028.700, 162
Trd, 000029.667, 152
Trd, 000029.833, 158
Trd, 000030.350, 148
Trd, 000030.617, 147
Trd, 000030.950, 158
Trd, 000031.767, 157
Trd, 000032.200, 151
Trd, 000033.083, 147
Trd, 000033.150, 149
Trd, 000033.967, 146
Trd, 000034.117, 147
Trd, 000035.300, 147
Trd, 000035.700, 146
Trd, 000036.267, 152
Trd, 000036.567, 150
Trd, 000037.200, 160
Trd, 000037.850, 161
Trd, 000037.917, 162
Trd, 000038.967, 157
Trd, 000039.167, 165
Trd, 000039.650, 164
Trd, 000041.500, 166
Trd, 000042.367, 169
Trd, 000042.850, 166
Trd, 000043.083, 170
Trd, 000043.150, 165
Trd, 000043.250, 165
Trd, 000043.917, 162
Trd, 000045.050, 161
Trd, 000047.567, 160
Trd, 000047.917, 159
Trd, 000048.733, 161
Trd, 000048.750, 160
Trd, 000049.350, 160
Trd, 000049.367, 161
Trd, 000050.283, 163
Trd, 000051.217, 158
Trd, 000051.233, 157
Trd, 000052.450, 152
Trd, 000052.733, 160
Trd, 000054.467, 151
Trd, 000055.150, 151
Trd, 000055.367, 152
Trd, 000055.900, 154
Trd, 000057.250, 153
Trd, 000057.300, 154
Trd, 000057.317, 149
Trd, 000057.783, 164
Trd, 000058.417, 154
Trd, 000058.550, 165
Trd, 000058.617, 154
Trd, 000060.433, 154
Trd, 000060.500, 150
Trd, 000060.517, 163
Trd, 000061.083, 163
Trd, 000061.517, 154
Trd, 000062.500, 160
Trd, 000064.100, 157
Trd, 000064.583, 156
Trd, 000064.750, 157
Trd, 000064.800, 175
Trd, 000065.250, 154
Trd, 000065.833, 168
Trd, 000066.017, 162
Trd, 000066.050, 153
Trd, 000066.117, 150
Trd, 000067.200, 162
Trd, 000067.450, 163
Trd, 000067.583, 153
Trd, 000068.183, 150
Trd, 000070.000, 165
Trd, 000070.150, 165
Trd, 000070.533, 151
Trd, 000070.817, 157
Trd, 000071.083, 159
Trd, 000071.667, 154
Trd, 000072.150, 161
Trd, 000073.550, 165
Trd, 000074.117, 169
Trd, 000074.917, 161
Trd, 000075.417, 160
Trd, 000076.433, 159
Trd, 000076.583, 161
Trd, 000077.000, 156
Trd, 000077.017, 154
Trd, 000077.217, 163
Trd, 000078.267, 160
Trd, 000078.283, 161
Trd, 000078.950, 163
Trd, 000079.233, 155
Trd, 000079.500, 153
Trd, 000080.533, 177
Trd, 000082.050, 170
Trd, 000082.550, 170
Trd, 000082.783, 168
Trd, 000083.100, 167
Trd, 000083.417, 165
Trd, 000083.550, 170
Trd, 000084.067, 163
Trd, 000086.667, 163
Trd, 000086.783, 164
Trd, 000087.283, 166
Trd, 000087.300, 160
Trd, 000087.450, 161
Trd, 000088.917, 162
Trd, 000090.650, 163
Trd, 000090.850, 165
Trd, 000091.417, 164
Trd, 000091.700, 167
Trd, 000091.783, 161
Trd, 000093.167, 165
Trd, 000093.200, 156
Trd, 000093.450, 158
Trd, 000093.983, 153
Trd, 000095.883, 155
Trd, 000095.917, 154
Trd, 000096.667, 153
Trd, 000096.917, 157
Trd, 000097.200, 157
Trd, 000097.450, 160
Trd, 000097.850, 151
Trd, 000098.433, 165
Trd, 000098.600, 150
Trd, 000099.200, 161
Trd, 000100.800, 158
Trd, 000100.933, 159
Trd, 000100.967, 153
Trd, 000101.517, 168
Trd, 000102.983, 167
Trd, 000103.150, 169
Trd, 000103.233, 172
Trd, 000103.483, 166
Trd, 000103.633, 165
Trd, 000105.450, 162
Trd, 000105.683, 163
Trd, 000106.267, 154
Trd, 000106.517, 164
Trd, 000106.550, 152
Trd, 000106.633, 171
Trd, 000108.467, 168
Trd, 000108.667, 169
Trd, 000108.767, 166
Trd, 000110.300, 166
Trd, 000111.350, 167
Trd, 000111.500, 164
Trd, 000112.300, 168
Trd, 000112.333, 169
Trd, 000112.800, 166
Trd, 000112.833, 167
Trd, 000113.417, 163
Trd, 000114.217, 165
Trd, 000115.017, 163
Trd, 000115.033, 152
Trd, 000116.100, 150
Trd, 000117.767, 153
Trd, 000118.133, 154
Trd, 000118.417, 154
Trd, 000118.650, 153
Trd, 000119.117, 156
Trd, 000119.133, 170
Trd, 000119.533, 146
Trd, 000119.983, 170
Trd, 000120.233, 167
Trd, 000121.600, 165
Trd, 000121.900, 163
Trd, 000122.367, 163
Trd, 000122.567, 165
Trd, 000122.717, 161
Trd, 000124.133, 164
Trd, 000124.983, 167
Trd, 000126.583, 164
Trd, 000127.400, 169
Trd, 000127.600, 166
Trd, 000128.883, 166
Trd, 000130.517, 166
Trd, 000130.617, 168
Trd, 000130.983, 164
Trd, 000131.333, 160
Trd, 000131.617, 160
Trd, 000132.450, 168
Trd, 000132.533, 162
Trd, 000132.983, 167
Trd, 000133.033, 168
Trd, 000133.150, 163
Trd, 000134.683, 167
Trd, 000134.783, 162
Trd, 000135.950, 174
Trd, 000136.117, 161
Trd, 000137.217, 172
Trd, 000137.500, 179
Trd, 000137.983, 176
Trd, 000138.800, 177
Trd, 000139.033, 175
Trd, 000139.733, 174
Trd, 000140.050, 174
Trd, 000141.867, 171
Trd, 000142.100, 169
Trd, 000142.150, 169
Trd, 000143.667, 161
Trd, 000143.717, 170
Trd, 000144.133, 170
Trd, 000144.633, 169
Trd, 000145.533, 170
Trd, 000145.567, 169
Trd, 000145.667, 172
Trd, 000145.967, 162
Trd, 000146.083, 157
Trd, 000146.867, 170
Trd, 000146.967, 171
Trd, 000148.200, 162
Trd, 000149.283, 173
Trd, 000149.300, 176
Trd, 000149.667, 175
Trd, 000150.467, 172
Trd, 000151.017, 171
Trd, 000151.133, 168
Trd, 000151.933, 160
Trd, 000152.100, 170
Trd, 000152.300, 174
Trd, 000153.183, 175
Trd, 000153.833, 165
Trd, 000154.017, 162
Trd, 000155.433, 161
Trd, 000155.600, 167
Trd, 000155.750, 156
Trd, 000155.900, 164
Trd, 000157.000, 165
Trd, 000158.000, 166
Trd, 000158.467, 165
Trd, 000158.617, 165
Trd, 000158.750, 174
Trd, 000159.617, 162
Trd, 000161.217, 165
Trd, 000161.600, 170
Trd, 000161.733, 172
Trd, 000161.850, 174
Trd, 000161.867, 164
Trd, 000163.033, 162
Trd, 000164.067, 161
Trd, 000165.167, 160
Trd, 000165.283, 169
Trd, 000165.800, 169
Trd, 000166.117, 174
Trd, 000166.400, 174
Trd, 000166.833, 169
Trd, 000167.067, 164
Trd, 000169.017, 170
Trd, 000169.067, 164
Trd, 000169.450, 170
Trd, 000170.133, 164
Trd, 000170.900, 170
Trd, 000171.417, 163
Trd, 000171.683, 169
Trd, 000171.950, 162
Trd, 000172.417, 174
Trd, 000173.033, 174
Trd, 000173.950, 165
Trd, 000174.567, 170
Trd, 000174.683, 164
Trd, 000175.500, 166
Trd, 000175.550, 169
Trd, 000175.817, 169
Trd, 000176.133, 175
Trd, 000176.267, 179
Trd, 000177.600, 173
Trd, 000178.250, 169
Trd, 000178.533, 175
Trd, 000179.033, 176
Trd, 000180.000, 170
Trd, 000180.417, 175
Trd, 000180.550, 170
Trd, 000181.467, 175
Trd, 000181.533, 165
Trd, 000181.983, 174
Trd, 000182.217, 175
Trd, 000183.267, 176
Trd, 000183.367, 170
Trd, 000183.383, 177
Trd, 000185.300, 173
Trd, 000185.700, 172
Trd, 000186.250, 170
Trd, 000186.933, 177
Trd, 000187.000, 167
Trd, 000187.333, 178
Trd, 000188.050, 172
Trd, 000188.150, 180
Trd, 000188.433, 181
Trd, 000189.600, 174
Trd, 000190.283, 179
Trd, 000190.433, 175
Trd, 000191.100, 177
Trd, 000191.383, 174
Trd, 000192.817, 177
Trd, 000193.917, 176
Trd, 000194.017, 173
Trd, 000196.500, 170
Trd, 000196.650, 175
Trd, 000196.783, 167
Trd, 000196.983, 175
Trd, 000198.250, 176
Trd, 000198.533, 177
Trd, 000198.583, 177
Trd, 000199.100, 178
Trd, 000199.417, 181
Trd, 000199.950, 175
Trd, 000200.900, 169
Trd, 000200.967, 167
Trd, 000202.217, 177
Trd, 000202.550, 174
Trd, 000202.883, 176
Trd, 000203.283, 175
Trd, 000203.583, 176
Trd, 000204.200, 178
Trd, 000205.067, 182
Trd, 000205.500, 181
Trd, 000205.750, 175
Trd, 000205.783, 168
Trd, 000206.300, 185
Trd, 000207.833, 181
Trd, 000208.633, 183
Trd, 000209.717, 182
Trd, 000209.800, 179
Trd, 000210.017, 180
Trd, 000210.400, 176
Trd, 000211.183, 172
Trd, 000212.733, 173
Trd, 000213.150, 176
Trd, 000213.450, 168
Trd, 000213.650, 164
Trd, 000213.767, 175
Trd, 000214.233, 176
Trd, 000214.650, 179
Trd, 000215.967, 177
Trd, 000217.283, 175
Trd, 000219.333, 174
Trd, 000219.650, 173
Trd, 000219.700, 175
Trd, 000220.067, 172
Trd, 000220.700, 176
Trd, 000221.383, 176
Trd, 000221.967, 177
Trd, 000223.133, 171
Trd, 000224.867, 171
Trd, 000225.367, 170
Trd, 000225.883, 169
Trd, 000226.183, 171
Trd, 000226.383, 172
Trd, 000226.633, 166
Trd, 000226.967, 166
Trd, 000227.317, 163
Trd, 000227.600, 167
Trd, 000228.133, 167
Trd, 000228.483, 171
Trd, 000228.750, 181
Trd, 000229.483, 179
Trd, 000230.533, 174
Trd, 000230.733, 167
Trd, 000231.067, 171
Trd, 000233.233, 179
Trd, 000234.333, 173
Trd, 000234.583, 177
Trd, 000234.633, 178
Trd, 000236.000, 178
Trd, 000236.733, 174
Trd, 000237.000, 169
Trd, 000237.467, 177
Trd, 000238.483, 175
Trd, 000238.917, 176
Trd, 000239.517, 176
Trd, 000239.917, 171
Trd, 000240.267, 189
Trd, 000240.867, 179
Trd, 000241.317, 176
Trd, 000241.500, 178
Trd, 000241.833, 175
Trd, 000241.967, 174
Trd, 000242.167, 179
Trd, 000243.150, 176
Trd, 000243.283, 173
Trd, 000244.333, 174
Trd, 000245.000, 176
Trd, 000245.367, 176
Trd, 000246.250, 176
Trd, 000246.667, 178
Trd, 000247.417, 172
Trd, 000247.617, 176
Trd, 000247.767, 173
Trd, 000248.967, 174
Trd, 000249.200, 176
Trd, 000249.500, 177
Trd, 000250.150, 180
Trd, 000250.817, 178
Trd, 000252.233, 180
Trd, 000252.250, 181
Trd, 000252.383, 178
Trd, 000252.717, 179
Trd, 000252.800, 178
Trd, 000252.933, 177
Trd, 000253.367, 177
Trd, 000253.567, 180
Trd, 000253.900, 176
Trd, 000254.433, 180
Trd, 000255.067, 180
Trd, 000255.200, 179
Trd, 000255.267, 178
Trd, 000255.750, 182
Trd, 000257.183, 180
Trd, 000257.633, 181
Trd, 000257.750, 181
Trd, 000257.867, 181
Trd, 000258.167, 181
Trd, 000259.050, 181
Trd, 000259.300, 180
Trd, 000259.633, 183
Trd, 000260.317, 182
Trd, 000260.467, 179
Trd, 000260.633, 172
Trd, 000261.183, 158
Trd, 000261.267, 160
Trd, 000261.983, 169
Trd, 000262.850, 170
Trd, 000263.550, 170
Trd, 000263.683, 169
Trd, 000263.767, 171
Trd, 000263.883, 167
Trd, 000263.900, 173
Trd, 000264.117, 177
Trd, 000264.133, 188
Trd, 000266.267, 181
Trd, 000266.400, 179
Trd, 000266.933, 178
Trd, 000267.800, 180
Trd, 000268.083, 181
Trd, 000268.383, 178
Trd, 000269.033, 181
Trd, 000269.867, 177
Trd, 000270.317, 177
Trd, 000270.517, 172
Trd, 000270.683, 178
Trd, 000271.867, 176
Trd, 000271.967, 172
Trd, 000272.117, 171
Trd, 000272.350, 179
Trd, 000272.433, 168
Trd, 000273.300, 178
Trd, 000273.967, 182
Trd, 000274.600, 182
Trd, 000274.917, 185
Trd, 000275.550, 182
Trd, 000276.050, 188
Trd, 000276.450, 186
Trd, 000276.667, 187
Trd, 000276.967, 174
Trd, 000277.217, 182
Trd, 000278.900, 179
Trd, 000279.433, 183
Trd, 000279.800, 180
Trd, 000280.117, 178
Trd, 000280.533, 175
Trd, 000280.650, 179
Trd, 000280.783, 180
Trd, 000281.100, 182
Trd, 000281.550, 180
Trd, 000281.650, 179
Trd, 000281.800, 180
Trd, 000282.083, 176
Trd, 000282.500, 181
Trd, 000283.250, 178
Trd, 000283.350, 190
Trd, 000284.350, 180
Trd, 000284.433, 186
Trd, 000285.683, 183
Trd, 000285.733, 180
Trd, 000285.767, 186
Trd, 000285.850, 179
Trd, 000285.917, 175
Trd, 000286.533, 185
Trd, 000286.750, 186
Trd, 000287.533, 178
Trd, 000287.700, 180
Trd, 000287.817, 177
Trd, 000288.450, 177
Trd, 000288.633, 178
Trd, 000289.767, 179
Trd, 000290.500, 180
Trd, 000290.983, 176
Trd, 000291.400, 175
Trd, 000291.500, 179
Trd, 000291.650, 179
Trd, 000291.933, 173
Trd, 000291.983, 171
Trd, 000292.167, 178
Trd, 000293.583, 171
Trd, 000293.717, 182
Trd, 000294.600, 180
Trd, 000294.783, 187
Trd, 000295.167, 173
Trd, 000295.317, 191
Trd, 000295.617, 174
Trd, 000295.733, 184
Trd, 000295.950, 192
Trd, 000296.383, 184
Trd, 000297.200, 180
Trd, 000297.983, 176
Trd, 000298.000, 181
Trd, 000298.850, 181
Trd, 000299.350, 173
