Trd, 000002.367, 141
Trd, 000002.867, 151
Trd, 000003.383, 153
Trd, 000004.167, 145
Trd, 000004.200, 144
Trd, 000004.367, 151
Trd, 000004.583, 135
Trd, 000005.300, 154
Trd, 000005.467, 155
Trd, 000005.750, 164
Trd, 000005.917, 145
Trd, 000006.117, 152
Trd, 000006.367, 144
Trd, 000008.417, 153
Trd, 000009.600, 153
Trd, 000010.817, 153
Trd, 000011.067, 152
Trd, 000011.083, 155
Trd, 000011.883, 155
Trd, 000012.300, 155
Trd, 000012.500, 154
Trd, 000012.733, 156
Trd, 000013.633, 153
Trd, 000014.733, 154
Trd, 000015.700, 154
Trd, 000016.967, 154
Trd, 000017.050, 152
Trd, 000017.683, 154
Trd, 000017.983, 156
Trd, 000018.000, 156
Trd, 000019.683, 156
Trd, 000019.950, 154
Trd, 000022.083, 154
Trd, 000022.150, 157
Trd, 000022.500, 158
Trd, 000023.917, 156
Trd, 000023.967, 157
Trd, 000025.083, 155
Trd, 000025.850, 155
Trd, 000025.867, 154
Trd, 000025.883, 153
Trd, 000026.683, 157
Trd, 000026.900, 156
Trd, 000027.217, 157
Trd, 000028.533, 159
Trd, 000029.150, 158
Trd, 000029.550, 160
Trd, 000030.067, 158
Trd, 000030.450, 162
Trd, 000030.633, 164
Trd, 000030.733, 158
Trd, 000030.767, 154
Trd, 000031.150, 151
Trd, 000031.983, 145
Trd, 000032.300, 155
Trd, 000032.900, 154
Trd, 000033.200, 154
Trd, 000033.300, 155
Trd, 000033.400, 158
Trd, 000035.117, 155
Trd, 000036.383, 155
Trd, 000037.600, 155
Trd, 000038.017, 155
Trd, 000038.733, 156
Trd, 000038.900, 159
Trd, 000039.233, 159
Trd, 000040.767, 159
Trd, 000040.967, 163
Trd, 000041.083, 164
Trd, 000042.433, 165
Trd, 000044.133, 159
Trd, 000044.183, 163
Trd, 000044.583, 159
Trd, 000045.167, 161
Trd, 000045.267, 161
Trd, 000045.300, 160
Trd, 000046.200, 160
Trd, 000046.600, 159
Trd, 000046.733, 161
Trd, 000048.133, 156
Trd, 000048.683, 158
Trd, 000049.050, 157
Trd, 000049.133, 161
Trd, 000049.300, 156
Trd, 000049.917, 160
Trd, 000050.067, 160
Trd, 000050.933, 158
Trd, 000052.100, 161
Trd, 000052.783, 160
Trd, 000052.850, 169
Trd, 000053.817, 160
Trd, 000054.050, 159
Trd, 000054.533, 169
Trd, 000054.883, 170
Trd, 000055.500, 156
Trd, 000055.917, 157
Trd, 000056.117, 153
Trd, 000057.450, 157
Trd, 000058.000, 161
Trd, 000058.667, 161
Trd, 000058.750, 158
Trd, 000058.850, 157
Trd, 000058.867, 150
Trd, 000058.983, 146
Trd, 000059.150, 162
Trd, 000059.950, 161
Trd, 000061.733, 157
Trd, 000061.850, 158
Trd, 000062.233, 159
Trd, 000062.650, 160
Trd, 000063.117, 161
Trd, 000063.867, 160
Trd, 000064.267, 161
Trd, 000064.617, 159
Trd, 000064.850, 162
Trd, 000065.033, 161
Trd, 000065.050, 158
Trd, 000066.000, 160
Trd, 000066.550, 176
Trd, 000067.183, 159
Trd, 000068.467, 158
Trd, 000069.383, 162
Trd, 000070.017, 160
Trd, 000070.133, 159
Trd, 000070.933, 158
Trd, 000071.167, 157
Trd, 000071.500, 159
Trd, 000072.250, 159
Trd, 000072.267, 156
Trd, 000073.100, 158
Trd, 000073.217, 160
Trd, 000073.917, 161
Trd, 000074.500, 172
Trd, 000074.900, 164
Trd, 000075.483, 168
Trd, 000075.817, 177
Trd, 000076.050, 168
Trd, 000077.350, 167
Trd, 000077.617, 170
Trd, 000078.767, 167
Trd, 000078.783, 169
Trd, 000078.917, 167
Trd, 000079.917, 164
Trd, 000080.017, 167
Trd, 000081.500, 165
Trd, 000081.533, 164
Trd, 000081.583, 163
Trd, 000082.650, 162
Trd, 000083.600, 161
Trd, 000083.967, 162
Trd, 000084.267, 161
Trd, 000085.683, 162
Trd, 000086.233, 161
Trd, 000086.417, 162
Trd, 000086.717, 163
Trd, 000087.900, 166
Trd, 000088.500, 164
Trd, 000089.250, 165
Trd, 000089.850, 167
Trd, 000090.117, 167
Trd, 000090.517, 165
Trd, 000090.633, 166
Trd, 000090.917, 167
Trd, 000091.617, 166
Trd, 000091.900, 173
Trd, 000091.967, 174
Trd, 000092.683, 166
Trd, 000093.533, 166
Trd, 000093.750, 169
Trd, 000094.600, 169
Trd, 000095.150, 167
Trd, 000096.133, 167
Trd, 000096.467, 166
Trd, 000096.483, 160
Trd, 000097.183, 166
Trd, 000098.850, 165
Trd, 000098.967, 165
Trd, 000099.333, 166
Trd, 000099.533, 175
Trd, 000102.767, 171
Trd, 000103.383, 169
Trd, 000103.917, 168
Trd, 000104.000, 167
Trd, 000104.500, 169
Trd, 000104.800, 167
Trd, 000105.267, 169
Trd, 000105.933, 168
Trd, 000106.017, 167
Trd, 000106.067, 168
Trd, 000106.983, 165
Trd, 000107.367, 167
Trd, 000107.633, 164
Trd, 000107.983, 165
Trd, 000108.367, 166
Trd, 000109.700, 166
Trd, 000110.067, 167
Trd, 000110.317, 166
Trd, 000111.783, 166
Trd, 000112.217, 167
Trd, 000112.467, 166
Trd, 000112.767, 166
Trd, 000112.900, 165
Trd, 000113.150, 164
Trd, 000113.267, 176
Trd, 000113.667, 179
Trd, 000115.033, 176
Trd, 000115.167, 167
Trd, 000115.800, 176
Trd, 000116.150, 175
Trd, 000116.617, 162
Trd, 000117.400, 169
Trd, 000118.400, 168
Trd, 000118.583, 168
Trd, 000119.033, 164
Trd, 000119.133, 169
Trd, 000119.383, 163
Trd, 000120.667, 167
Trd, 000120.750, 164
Trd, 000121.050, 162
Trd, 000121.983, 166
Trd, 000122.017, 167
Trd, 000123.150, 166
Trd, 000123.367, 164
Trd, 000123.917, 165
Trd, 000124.050, 167
Trd, 000124.917, 166
Trd, 000125.500, 167
Trd, 000125.517, 165
Trd, 000125.667, 163
Trd, 000127.067, 166
Trd, 000127.683, 165
Trd, 000127.850, 163
Trd, 000128.300, 162
Trd, 000128.700, 162
Trd, 000128.883, 153
Trd, 000129.633, 151
Trd, 000130.900, 162
Trd, 000131.100, 161
Trd, 000131.250, 164
Trd, 000131.500, 160
Trd, 000132.100, 166
Trd, 000133.433, 166
Trd, 000134.200, 181
Trd, 000134.267, 175
Trd, 000134.500, 186
Trd, 000134.800, 167
Trd, 000135.450, 172
Trd, 000136.500, 183
Trd, 000136.650, 173
Trd, 000137.183, 170
Trd, 000137.500, 178
Trd, 000137.683, 180
Trd, 000137.717, 177
Trd, 000138.117, 176
Trd, 000138.917, 186
Trd, 000139.433, 169
Trd, 000139.983, 175
Trd, 000141.033, 170
Trd, 000141.783, 173
Trd, 000142.183, 171
Trd, 000143.233, 169
Trd, 000144.167, 170
Trd, 000144.317, 172
Trd, 000144.550, 173
Trd, 000145.233, 169
Trd, 000145.933, 168
Trd, 000146.117, 167
Trd, 000147.367, 165
Trd, 000147.667, 166
Trd, 000147.950, 167
Trd, 000149.067, 166
Trd, 000149.350, 168
Trd, 000149.783, 170
Trd, 000149.850, 166
Trd, 000149.983, 179
Trd, 000150.850, 172
Trd, 000151.117, 174
Trd, 000151.150, 175
Trd, 000151.600, 173
Trd, 000152.750, 170
Trd, 000152.800, 173
Trd, 000153.000, 169
Trd, 000153.300, 170
Trd, 000153.517, 171
Trd, 000154.233, 170
Trd, 000155.800, 176
Trd, 000156.117, 172
Trd, 000156.550, 172
Trd, 000157.200, 171
Trd, 000157.267, 174
Trd, 000159.033, 170
Trd, 000160.083, 170
Trd, 000160.433, 175
Trd, 000161.050, 173
Trd, 000161.283, 170
Trd, 000161.950, 172
Trd, 000162.500, 170
Trd, 000162.517, 170
Trd, 000162.750, 171
Trd, 000163.183, 167
Trd, 000163.667, 172
Trd, 000165.350, 169
Trd, 000165.667, 171
Trd, 000165.717, 168
Trd, 000165.833, 168
Trd, 000166.583, 171
Trd, 000167.483, 169
Trd, 000167.833, 170
Trd, 000168.017, 172
Trd, 000168.700, 171
Trd, 000169.150, 168
Trd, 000169.500, 157
Trd, 000170.050, 152
Trd, 000170.550, 161
Trd, 000171.300, 171
Trd, 000171.333, 172
Trd, 000172.017, 168
Trd, 000172.683, 168
Trd, 000173.450, 170
Trd, 000174.717, 171
Trd, 000174.950, 171
Trd, 000175.000, 170
Trd, 000175.117, 170
Trd, 000175.233, 169
Trd, 000175.933, 168
Trd, 000176.100, 169
Trd, 000176.267, 171
Trd, 000178.217, 171
Trd, 000178.517, 172
Trd, 000179.100, 169
Trd, 000179.333, 180
Trd, 000179.733, 170
Trd, 000180.733, 171
Trd, 000180.767, 168
Trd, 000180.833, 172
Trd, 000181.750, 170
Trd, 000181.967, 172
Trd, 000182.700, 172
Trd, 000184.250, 169
Trd, 000184.467, 167
Trd, 000184.867, 166
Trd, 000185.617, 159
Trd, 000185.750, 152
Trd, 000186.333, 166
Trd, 000186.783, 167
Trd, 000187.383, 163
Trd, 000187.417, 168
Trd, 000188.917, 164
Trd, 000189.033, 167
Trd, 000189.400, 167
Trd, 000189.417, 183
Trd, 000190.383, 167
Trd, 000190.950, 172
Trd, 000191.650, 170
Trd, 000191.683, 167
Trd, 000192.617, 170
Trd, 000193.583, 171
Trd, 000193.967, 171
Trd, 000194.017, 167
Trd, 000195.300, 167
Trd, 000195.400, 168
Trd, 000196.050, 167
Trd, 000196.400, 168
Trd, 000196.867, 170
Trd, 000197.133, 170
Trd, 000197.783, 167
Trd, 000197.983, 170
Trd, 000198.350, 167
Trd, 000198.433, 153
Trd, 000198.550, 143
Trd, 000198.700, 171
Trd, 000199.783, 173
Trd, 000200.950, 173
Trd, 000201.367, 174
Trd, 000201.700, 174
Trd, 000201.733, 175
Trd, 000202.267, 168
Trd, 000203.717, 178
Trd, 000203.917, 173
Trd, 000205.133, 175
Trd, 000205.600, 175
Trd, 000206.133, 175
Trd, 000206.233, 175
Trd, 000206.417, 176
Trd, 000207.467, 174
Trd, 000207.550, 175
Trd, 000207.567, 176
Trd, 000208.483, 185
Trd, 000209.767, 180
Trd, 000210.300, 180
Trd, 000210.550, 179
Trd, 000211.100, 176
Trd, 000211.933, 173
Trd, 000213.100, 175
Trd, 000213.150, 176
Trd, 000213.367, 173
Trd, 000214.600, 176
Trd, 000216.017, 176
Trd, 000216.050, 177
Trd, 000216.067, 178
Trd, 000217.533, 178
Trd, 000219.117, 177
Trd, 000219.750, 177
Trd, 000220.017, 176
Trd, 000220.250, 177
Trd, 000220.283, 174
Trd, 000220.567, 179
Trd, 000221.117, 176
Trd, 000221.483, 176
Trd, 000222.133, 178
Trd, 000222.383, 177
Trd, 000222.583, 178
Trd, 000223.333, 178
Trd, 000223.717, 177
Trd, 000224.233, 179
Trd, 000224.317, 178
Trd, 000224.883, 184
Trd, 000224.900, 177
Trd, 000225.300, 173
Trd, 000225.800, 166
Trd, 000226.333, 183
Trd, 000227.183, 176
Trd, 000227.983, 176
Trd, 000228.617, 175
Trd, 000229.067, 176
Trd, 000229.967, 176
Trd, 000230.450, 175
Trd, 000231.017, 164
Trd, 000231.433, 176
Trd, 000231.950, 175
Trd, 000232.400, 176
Trd, 000232.650, 178
Trd, 000232.833, 175
Trd, 000234.050, 174
Trd, 000234.783, 174
Trd, 000235.117, 174
Trd, 000235.233, 175
Trd, 000235.633, 175
Trd, 000236.017, 172
Trd, 000236.683, 174
Trd, 000237.433, 172
Trd, 000237.800, 174
Trd, 000238.867, 176
Trd, 000239.150, 176
Trd, 000239.500, 175
Trd, 000239.933, 188
Trd, 000240.083, 178
Trd, 000240.217, 176
Trd, 000240.267, 177
Trd, 000240.633, 176
Trd, 000240.883, 175
Trd, 000241.250, 176
Trd, 000241.617, 175
Trd, 000242.100, 175
Trd, 000242.417, 177
Trd, 000243.050, 174
Trd, 000243.617, 174
Trd, 000244.050, 176
Trd, 000245.150, 175
Trd, 000245.733, 175
Trd, 000245.883, 174
Trd, 000246.150, 174
Trd, 000246.200, 173
Trd, 000246.333, 173
Trd, 000246.433, 175
Trd, 000246.600, 177
Trd, 000247.067, 175
Trd, 000247.350, 176
Trd, 000248.283, 178
Trd, 000248.583, 176
Trd, 000248.667, 177
Trd, 000249.117, 175
Trd, 000249.150, 179
Trd, 000249.250, 173
Trd, 000249.333, 180
Trd, 000250.050, 180
Trd, 000250.683, 175
Trd, 000250.950, 175
Trd, 000251.400, 183
Trd, 000252.267, 183
Trd, 000253.633, 180
Trd, 000253.750, 184
Trd, 000254.150, 186
Trd, 000254.967, 182
Trd, 000256.250, 183
Trd, 000256.517, 186
Trd, 000256.767, 185
Trd, 000256.900, 183
Trd, 000257.150, 182
Trd, 000257.567, 179
Trd, 000258.500, 182
Trd, 000258.683, 182
Trd, 000259.300, 184
Trd, 000259.733, 185
Trd, 000260.267, 183
Trd, 000260.417, 182
Trd, 000262.017, 183
Trd, 000262.067, 181
Trd, 000262.083, 180
Trd, 000262.650, 181
Trd, 000263.133, 185
Trd, 000263.417, 181
Trd, 000263.800, 184
Trd, 000264.050, 180
Trd, 000264.217, 179
Trd, 000264.617, 177
Trd, 000265.667, 179
Trd, 000265.917, 180
Trd, 000266.283, 179
Trd, 000267.183, 178
Trd, 000267.317, 180
Trd, 000267.700, 177
Trd, 000267.850, 188
Trd, 000268.600, 181
Trd, 000268.883, 178
Trd, 000269.083, 178
Trd, 000269.200, 175
Trd, 000269.933, 171
Trd, 000270.383, 172
Trd, 000270.933, 168
Trd, 000271.550, 170
Trd, 000271.617, 173
Trd, 000272.367, 173
Trd, 000272.767, 174
Trd, 000273.317, 174
Trd, 000273.867, 173
Trd, 000274.117, 174
Trd, 000274.483, 172
Trd, 000274.600, 192
Trd, 000274.967, 171
Trd, 000275.133, 181
Trd, 000275.750, 170
Trd, 000276.100, 169
Trd, 000277.217, 170
Trd, 000277.317, 171
Trd, 000277.633, 168
Trd, 000278.200, 167
Trd, 000278.383, 170
Trd, 000278.917, 163
Trd, 000279.233, 165
Trd, 000280.500, 173
Trd, 000280.550, 171
Trd, 000280.683, 171
Trd, 000280.817, 189
Trd, 000281.200, 178
Trd, 000282.450, 176
Trd, 000283.017, 177
Trd, 000283.267, 174
Trd, 000283.483, 176
Trd, 000284.117, 176
Trd, 000284.400, 178
Trd, 000284.917, 177
Trd, 000285.167, 174
Trd, 000286.417, 176
Trd, 000286.467, 177
Trd, 000286.583, 179
Trd, 000286.650, 183
Trd, 000287.267, 183
Trd, 000287.600, 183
Trd, 000288.267, 183
Trd, 000288.567, 184
Trd, 000288.600, 183
Trd, 000289.200, 183
Trd, 000289.400, 191
Trd, 000289.633, 194
Trd, 000290.100, 183
Trd, 000290.400, 181
Trd, 000291.167, 196
Trd, 000292.533, 192
Trd, 000293.450, 193
Trd, 000294.200, 191
Trd, 000294.283, 184
Trd, 000295.000, 184
Trd, 000295.233, 189
Trd, 000295.750, 191
Trd, 000295.783, 180
Trd, 000296.117, 192
Trd, 000297.450, 189
Trd, 000297.633, 181
Trd, 000297.767, 180
Trd, 000297.800, 191
Trd, 000298.067, 179
Trd, 000298.367, 181
Trd, 000299.050, 178
Trd, 000299.217, 170
Trd, 000299.400, 172
Trd, 000299.567, 189
