Trd, 000001.017, 123
Trd, 000001.217, 124
Trd, 000001.950, 127
Trd, 000002.850, 121
Trd, 000003.700, 125
Trd, 000003.817, 127
Trd, 000004.217, 128
Trd, 000004.350, 136
Trd, 000005.750, 137
Trd, 000006.150, 141
Trd, 000007.100, 136
Trd, 000007.300, 142
Trd, 000007.317, 134
Trd, 000007.367, 133
Trd, 000008.150, 132
Trd, 000009.067, 141
Trd, 000009.250, 145
Trd, 000009.300, 157
Trd, 000009.467, 176
Trd, 000009.900, 135
Trd, 000011.450, 153
Trd, 000012.533, 153
Trd, 000012.767, 164
Trd, 000013.250, 150
Trd, 000014.483, 155
Trd, 000015.083, 154
Trd, 000015.383, 149
Trd, 000015.867, 152
Trd, 000016.233, 152
Trd, 000016.550, 153
Trd, 000017.983, 151
Trd, 000018.317, 153
Trd, 000018.467, 153
Trd, 000018.567, 152
Trd, 000018.600, 142
Trd, 000018.817, 138
Trd, 000019.167, 164
Trd, 000019.933, 149
Trd, 000022.300, 150
Trd, 000022.383, 151
Trd, 000022.550, 150
Trd, 000022.933, 151
Trd, 000022.983, 150
Trd, 000023.283, 149
Trd, 000023.867, 148
Trd, 000024.600, 150
Trd, 000025.150, 151
Trd, 000025.483, 147
Trd, 000025.617, 143
Trd, 000026.567, 136
Trd, 000027.350, 144
Trd, 000027.533, 136
Trd, 000028.000, 147
Trd, 000028.950, 144
Trd, 000029.500, 140
Trd, 000029.600, 138
Trd, 000030.117, 141
Trd, 000030.667, 141
Trd, 000031.083, 142
Trd, 000031.333, 141
Trd, 000031.750, 154
Trd, 000032.183, 142
Trd, 000034.133, 142
Trd, 000034.500, 142
Trd, 000034.583, 142
Trd, 000034.650, 144
Trd, 000034.833, 147
Trd, 000035.017, 144
Trd, 000035.417, 166
Trd, 000035.700, 145
Trd, 000035.717, 144
Trd, 000037.550, 148
Trd, 000038.000, 152
Trd, 000038.617, 153
Trd, 000039.133, 174
Trd, 000040.200, 153
Trd, 000040.833, 157
Trd, 000041.750, 154
Trd, 000042.200, 152
Trd, 000043.217, 153
Trd, 000044.167, 154
Trd, 000044.367, 151
Trd, 000044.383, 153
Trd, 000045.033, 152
Trd, 000045.117, 151
Trd, 000045.483, 151
Trd, 000045.683, 153
Trd, 000045.783, 145
Trd, 000046.650, 141
Trd, 000047.533, 151
Trd, 000048.150, 146
Trd, 000049.250, 151
Trd, 000049.717, 148
Trd, 000050.050, 150
Trd, 000050.717, 148
Trd, 000051.333, 148
Trd, 000051.917, 146
Trd, 000052.000, 148
Trd, 000052.300, 149
Trd, 000052.883, 148
Trd, 000053.850, 149
Trd, 000054.850, 148
Trd, 000055.767, 156
Trd, 000056.067, 152
Trd, 000056.683, 164
Trd, 000056.800, 153
Trd, 000057.483, 151
Trd, 000058.667, 151
Trd, 000059.533, 154
Trd, 000060.450, 155
Trd, 000060.783, 154
Trd, 000060.883, 153
Trd, 000061.083, 155
Trd, 000061.867, 147
Trd, 000064.267, 154
Trd, 000064.367, 154
Trd, 000064.617, 155
Trd, 000065.567, 155
Trd, 000065.800, 153
Trd, 000066.817, 153
Trd, 000066.883, 150
Trd, 000068.100, 153
Trd, 000068.233, 154
Trd, 000068.817, 155
Trd, 000070.083, 157
Trd, 000070.200, 155
Trd, 000070.433, 156
Trd, 000070.500, 151
Trd, 000071.183, 149
Trd, 000071.650, 152
Trd, 000072.067, 153
Trd, 000072.517, 151
Trd, 000072.567, 155
Trd, 000073.433, 152
Trd, 000073.633, 151
Trd, 000074.350, 149
Trd, 000075.400, 149
Trd, 000077.033, 148
Trd, 000077.817, 150
Trd, 000078.217, 149
Trd, 000078.400, 145
Trd, 000078.833, 149
Trd, 000079.250, 168
Trd, 000079.900, 149
Trd, 000080.350, 163
Trd, 000081.167, 150
Trd, 000082.333, 154
Trd, 000082.783, 156
Trd, 000082.967, 157
Trd, 000083.800, 154
Trd, 000083.933, 154
Trd, 000084.050, 153
Trd, 000084.067, 149
Trd, 000085.067, 151
Trd, 000086.217, 150
Trd, 000086.233, 147
Trd, 000087.183, 148
Trd, 000087.317, 151
Trd, 000087.633, 145
Trd, 000088.883, 160
Trd, 000089.483, 158
Trd, 000089.883, 159
Trd, 000090.867, 159
Trd, 000090.883, 169
Trd, 000091.033, 159
Trd, 000091.833, 159
Trd, 000092.167, 166
Trd, 000093.300, 158
Trd, 000093.750, 158
Trd, 000095.067, 157
Trd, 000096.533, 156
Trd, 000097.383, 155
Trd, 000097.567, 155
Trd, 000097.900, 156
Trd, 000098.383, 158
Trd, 000099.133, 156
Trd, 000099.367, 156
Trd, 000099.767, 162
Trd, 000100.567, 157
Trd, 000101.700, 156
Trd, 000102.717, 166
Trd, 000103.517, 158
Trd, 000103.700, 160
Trd, 000104.317, 160
Trd, 000104.417, 157
Trd, 000104.633, 161
Trd, 000104.950, 157
Trd, 000105.717, 157
Trd, 000106.967, 156
Trd, 000107.400, 152
Trd, 000108.617, 159
Trd, 000109.267, 158
Trd, 000110.067, 159
Trd, 000110.233, 158
Trd, 000110.467, 160
Trd, 000110.750, 161
Trd, 000110.917, 157
Trd, 000112.033, 157
Trd, 000112.600, 163
Trd, 000113.750, 162
Trd, 000114.383, 158
Trd, 000114.767, 160
Trd, 000115.817, 159
Trd, 000115.950, 159
Trd, 000116.300, 159
Trd, 000116.517, 160
Trd, 000117.083, 159
Trd, 000117.883, 162
Trd, 000118.550, 160
Trd, 000118.933, 159
Trd, 000119.667, 158
Trd, 000119.683, 161
Trd, 000121.217, 162
Trd, 000121.533, 161
Trd, 000121.617, 159
Trd, 000121.767, 153
Trd, 000121.933, 162
Trd, 000124.383, 161
Trd, 000124.467, 162
Trd, 000124.633, 162
Trd, 000125.067, 161
Trd, 000125.833, 159
Trd, 000126.000, 161
Trd, 000126.017, 149
Trd, 000126.133, 157
Trd, 000128.867, 158
Trd, 000128.917, 163
Trd, 000130.283, 162
Trd, 000130.700, 159
Trd, 000130.933, 158
Trd, 000130.967, 162
Trd, 000132.083, 158
Trd, 000132.350, 160
Trd, 000133.767, 162
Trd, 000134.167, 161
Trd, 000134.750, 160
Trd, 000135.250, 160
Trd, 000135.950, 154
Trd, 000136.133, 152
Trd, 000136.550, 152
Trd, 000137.533, 159
Trd, 000138.983, 159
Trd, 000139.700, 160
Trd, 000139.733, 163
Trd, 000140.383, 164
Trd, 000141.167, 161
Trd, 000142.117, 160
Trd, 000142.317, 160
Trd, 000142.583, 158
Trd, 000143.250, 158
Trd, 000143.350, 159
Trd, 000144.450, 155
Trd, 000144.533, 152
Trd, 000144.950, 156
Trd, 000145.300, 159
Trd, 000145.383, 155
Trd, 000145.567, 160
Trd, 000145.683, 166
Trd, 000146.283, 176
Trd, 000146.550, 182
Trd, 000147.333, 175
Trd, 000148.533, 170
Trd, 000149.000, 173
Trd, 000149.900, 171
Trd, 000150.700, 168
Trd, 000151.233, 164
Trd, 000151.600, 166
Trd, 000151.683, 167
Trd, 000152.517, 165
Trd, 000152.867, 165
Trd, 000153.167, 163
Trd, 000153.867, 164
Trd, 000154.850, 165
Trd, 000155.450, 164
Trd, 000155.550, 163
Trd, 000156.067, 166
Trd, 000156.217, 163
Trd, 000156.933, 167
Trd, 000157.900, 163
Trd, 000159.083, 158
Trd, 000160.100, 161
Trd, 000160.183, 157
Trd, 000161.967, 158
Trd, 000161.983, 160
Trd, 000162.067, 161
Trd, 000162.583, 160
Trd, 000163.133, 158
Trd, 000163.783, 161
Trd, 000164.083, 159
Trd, 000164.150, 158
Trd, 000164.183, 164
Trd, 000164.717, 157
Trd, 000166.333, 157
Trd, 000168.250, 159
Trd, 000169.033, 158
Trd, 000169.800, 159
Trd, 000170.183, 158
Trd, 000170.517, 158
Trd, 000170.717, 158
Trd, 000171.233, 159
Trd, 000172.167, 167
Trd, 000172.367, 161
Trd, 000172.700, 158
Trd, 000173.900, 159
Trd, 000174.867, 162
Trd, 000175.117, 160
Trd, 000175.650, 162
Trd, 000176.367, 162
Trd, 000177.183, 161
Trd, 000177.400, 155
Trd, 000178.717, 161
Trd, 000179.850, 159
Trd, 000180.350, 161
Trd, 000181.083, 159
Trd, 000181.133, 159
Trd, 000181.467, 159
Trd, 000182.600, 158
Trd, 000182.867, 159
Trd, 000183.217, 159
Trd, 000184.433, 157
Trd, 000184.633, 159
Trd, 000185.050, 158
Trd, 000185.467, 156
Trd, 000185.633, 161
Trd, 000185.800, 162
Trd, 000186.917, 157
Trd, 000187.083, 159
Trd, 000187.817, 156
Trd, 000188.417, 160
Trd, 000188.600, 160
Trd, 000189.233, 156
Trd, 000189.483, 159
Trd, 000189.783, 160
Trd, 000190.650, 157
Trd, 000190.883, 157
Trd, 000190.917, 160
Trd, 000192.383, 156
Trd, 000192.667, 156
Trd, 000192.817, 156
Trd, 000193.267, 158
Trd, 000193.833, 160
Trd, 000194.000, 162
Trd, 000194.433, 156
Trd, 000195.083, 155
Trd, 000196.367, 159
Trd, 000197.550, 161
Trd, 000197.700, 158
Trd, 000197.967, 163
Trd, 000198.217, 157
Trd, 000199.267, 164
Trd, 000200.700, 179
Trd, 000201.750, 168
Trd, 000202.233, 171
Trd, 000202.767, 170
Trd, 000204.067, 166
Trd, 000204.400, 166
Trd, 000204.917, 168
Trd, 000205.283, 168
Trd, 000205.783, 167
Trd, 000205.800, 166
Trd, 000206.300, 163
Trd, 000207.167, 165
Trd, 000207.283, 166
Trd, 000207.917, 169
Trd, 000208.783, 165
Trd, 000209.517, 164
Trd, 000209.567, 171
Trd, 000210.133, 164
Trd, 000211.533, 169
Trd, 000212.600, 166
Trd, 000212.900, 166
Trd, 000213.500, 165
Trd, 000213.600, 165
Trd, 000214.133, 164
Trd, 000214.533, 162
Trd, 000214.550, 165
Trd, 000216.233, 163
Trd, 000216.433, 161
Trd, 000216.617, 158
Trd, 000217.200, 163
Trd, 000217.783, 160
Trd, 000218.317, 162
Trd, 000218.617, 162
Trd, 000218.983, 162
Trd, 000219.300, 160
Trd, 000219.333, 159
Trd, 000219.483, 164
Trd, 000220.467, 159
Trd, 000220.583, 163
Trd, 000221.750, 158
Trd, 000221.933, 155
Trd, 000223.650, 161
Trd, 000224.317, 157
Trd, 000225.250, 157
Trd, 000225.583, 156
Trd, 000225.667, 160
Trd, 000226.500, 159
Trd, 000226.600, 161
Trd, 000226.800, 159
Trd, 000226.850, 153
Trd, 000227.683, 164
Trd, 000228.250, 167
Trd, 000228.383, 165
Trd, 000228.583, 164
Trd, 000228.700, 156
Trd, 000231.033, 164
Trd, 000231.167, 166
Trd, 000231.983, 165
Trd, 000232.167, 164
Trd, 000233.300, 164
Trd, 000233.783, 167
Trd, 000235.350, 165
Trd, 000235.450, 163
Trd, 000235.550, 156
Trd, 000235.983, 166
Trd, 000236.217, 165
Trd, 000236.433, 165
Trd, 000236.900, 163
Trd, 000237.417, 165
Trd, 000238.233, 166
Trd, 000238.317, 168
Trd, 000239.717, 168
Trd, 000240.400, 169
Trd, 000240.500, 170
Trd, 000240.667, 170
Trd, 000240.783, 169
Trd, 000240.967, 168
Trd, 000241.250, 170
Trd, 000241.617, 169
Trd, 000241.917, 169
Trd, 000242.500, 173
Trd, 000243.150, 169
Trd, 000243.267, 168
Trd, 000243.733, 168
Trd, 000244.717, 168
Trd, 000244.983, 170
Trd, 000245.400, 167
Trd, 000245.500, 174
Trd, 000245.883, 166
Trd, 000245.933, 169
Trd, 000246.317, 169
Trd, 000246.367, 169
Trd, 000246.450, 171
Trd, 000246.917, 168
Trd, 000247.433, 168
Trd, 000247.933, 171
Trd, 000248.300, 170
Trd, 000249.750, 174
Trd, 000250.067, 175
Trd, 000250.250, 170
Trd, 000250.900, 170
Trd, 000251.050, 172
Trd, 000251.317, 173
Trd, 000251.717, 171
Trd, 000252.033, 174
Trd, 000252.167, 175
Trd, 000252.500, 174
Trd, 000253.033, 173
Trd, 000253.350, 170
Trd, 000254.283, 171
Trd, 000254.450, 172
Trd, 000255.000, 173
Trd, 000255.350, 175
Trd, 000255.500, 173
Trd, 000255.683, 169
Trd, 000256.233, 177
Trd, 000256.783, 171
Trd, 000257.633, 175
Trd, 000257.917, 172
Trd, 000258.033, 171
Trd, 000258.917, 175
Trd, 000259.800, 176
Trd, 000259.817, 178
Trd, 000260.150, 188
Trd, 000260.167, 182
Trd, 000260.300, 179
Trd, 000260.850, 189
Trd, 000261.067, 190
Trd, 000261.083, 180
Trd, 000262.167, 187
Trd, 000262.500, 188
Trd, 000263.233, 180
Trd, 000263.367, 171
Trd, 000264.100, 179
Trd, 000264.750, 186
Trd, 000265.000, 178
Trd, 000265.900, 179
Trd, 000265.967, 178
Trd, 000266.250, 179
Trd, 000266.333, 180
Trd, 000267.133, 178
Trd, 000267.400, 177
Trd, 000267.650, 178
Trd, 000268.483, 177
Trd, 000268.717, 178
Trd, 000269.467, 172
Trd, 000269.583, 170
Trd, 000269.767, 172
Trd, 000269.883, 172
Trd, 000270.000, 173
Trd, 000270.200, 168
Trd, 000271.083, 164
Trd, 000271.133, 189
Trd, 000271.533, 177
Trd, 000272.317, 177
Trd, 000272.533, 181
Trd, 000272.950, 176
Trd, 000273.250, 176
Trd, 000274.117, 180
Trd, 000274.833, 182
Trd, 000275.617, 187
Trd, 000276.250, 187
Trd, 000276.600, 189
Trd, 000277.000, 188
Trd, 000277.100, 187
Trd, 000277.750, 183
Trd, 000278.317, 182
Trd, 000278.483, 182
Trd, 000278.600, 181
Trd, 000279.283, 182
Trd, 000279.417, 185
Trd, 000279.633, 189
Trd, 000280.267, 188
Trd, 000280.417, 182
Trd, 000280.450, 181
Trd, 000280.833, 182
Trd, 000281.817, 180
Trd, 000281.833, 176
Trd, 000282.967, 187
Trd, 000283.933, 189
Trd, 000284.083, 190
Trd, 000284.517, 190
Trd, 000284.650, 192
Trd, 000285.667, 192
Trd, 000285.717, 182
Trd, 000285.767, 181
Trd, 000286.283, 181
Trd, 000287.083, 189
Trd, 000287.150, 182
Trd, 000287.517, 176
Trd, 000288.150, 189
Trd, 000288.383, 182
Trd, 000289.083, 188
Trd, 000289.133, 189
Trd, 000290.167, 191
Trd, 000290.250, 192
Trd, 000290.267, 194
Trd, 000290.400, 185
Trd, 000290.633, 184
Trd, 000290.850, 186
Trd, 000291.300, 190
Trd, 000291.650, 184
Trd, 000291.733, 203
Trd, 000291.967, 183
Trd, 000292.567, 193
Trd, 000292.650, 177
Trd, 000293.350, 183
Trd, 000293.500, 191
Trd, 000293.767, 170
Trd, 000293.983, 163
Trd, 000294.050, 173
Trd, 000294.683, 194
Trd, 000294.950, 194
Trd, 000295.250, 204
Trd, 000295.767, 182
Trd, 000296.083, 197
Trd, 000297.567, 187
Trd, 000297.767, 185
Trd, 000297.783, 194
Trd, 000298.467, 184
