Trd, 000001.450, 131
Trd, 000001.883, 172
Trd, 000002.750, 128
Trd, 000003.417, 122
Trd, 000003.833, 105
Trd, 000004.033, 106
Trd, 000004.650, 134
Trd, 000004.667, 144
Trd, 000006.067, 144
Trd, 000006.683, 143
Trd, 000006.933, 142
Trd, 000007.183, 134
Trd, 000007.450, 157
Trd, 000008.917, 145
Trd, 000009.017, 150
Trd, 000009.933, 146
Trd, 000011.383, 147
Trd, 000011.783, 146
Trd, 000012.350, 147
Trd, 000012.783, 145
Trd, 000013.183, 152
Trd, 000014.633, 148
Trd, 000014.833, 152
Trd, 000015.017, 147
Trd, 000015.300, 146
Trd, 000015.367, 135
Trd, 000017.050, 153
Trd, 000017.783, 153
Trd, 000018.883, 151
Trd, 000018.933, 153
Trd, 000019.617, 150
Trd, 000020.017, 149
Trd, 000020.333, 148
Trd, 000020.617, 152
Trd, 000021.250, 152
Trd, 000021.317, 155
Trd, 000021.433, 143
Trd, 000021.533, 155
Trd, 000022.200, 137
Trd, 000022.683, 155
Trd, 000023.433, 162
Trd, 000025.267, 157
Trd, 000025.283, 158
Trd, 000025.633, 170
Trd, 000026.083, 157
Trd, 000026.167, 156
Trd, 000027.033, 155
Trd, 000027.733, 157
Trd, 000029.383, 158
Trd, 000029.600, 157
Trd, 000029.917, 154
Trd, 000031.283, 150
Trd, 000031.517, 144
Trd, 000032.133, 152
Trd, 000033.150, 149
Trd, 000033.600, 147
Trd, 000033.683, 148
Trd, 000034.450, 147
Trd, 000034.583, 147
Trd, 000035.400, 147
Trd, 000035.833, 147
Trd, 000035.917, 148
Trd, 000036.000, 144
Trd, 000036.550, 159
Trd, 000037.600, 159
Trd, 000038.333, 157
Trd, 000038.533, 168
Trd, 000038.800, 159
Trd, 000039.217, 156
Trd, 000039.717, 181
Trd, 000040.133, 155
Trd, 000041.100, 145
Trd, 000041.517, 139
Trd, 000042.350, 148
Trd, 000042.883, 145
Trd, 000043.600, 149
Trd, 000043.650, 138
Trd, 000044.000, 150
Trd, 000044.517, 150
Trd, 000044.800, 150
Trd, 000046.183, 151
Trd, 000046.717, 151
Trd, 000047.233, 163
Trd, 000047.300, 148
Trd, 000048.967, 157
Trd, 000049.267, 156
Trd, 000050.417, 158
Trd, 000050.667, 157
Trd, 000051.600, 156
Trd, 000051.767, 167
Trd, 000052.367, 166
Trd, 000052.667, 160
Trd, 000052.683, 155
Trd, 000054.317, 156
Trd, 000054.750, 156
Trd, 000055.583, 155
Trd, 000056.100, 154
Trd, 000056.583, 159
Trd, 000058.133, 154
Trd, 000058.617, 158
Trd, 000058.750, 152
Trd, 000059.683, 157
Trd, 000059.883, 158
Trd, 000059.967, 146
Trd, 000061.433, 155
Trd, 000061.733, 153
Trd, 000062.450, 153
Trd, 000062.983, 153
Trd, 000063.150, 152
Trd, 000063.950, 151
Trd, 000064.767, 154
Trd, 000065.133, 152
Trd, 000065.467, 154
Trd, 000065.683, 151
Trd, 000066.550, 149
Trd, 000066.783, 147
Trd, 000066.933, 142
Trd, 000066.983, 155
Trd, 000067.417, 156
Trd, 000068.317, 152
Trd, 000068.400, 150
Trd, 000068.933, 141
Trd, 000069.483, 156
Trd, 000070.050, 155
Trd, 000070.217, 155
Trd, 000071.583, 155
Trd, 000073.617, 157
Trd, 000074.200, 158
Trd, 000074.467, 156
Trd, 000074.500, 161
Trd, 000074.517, 172
Trd, 000074.833, 162
Trd, 000076.217, 161
Trd, 000077.267, 155
Trd, 000077.283, 154
Trd, 000077.517, 162
Trd, 000077.583, 155
Trd, 000078.383, 159
Trd, 000078.567, 161
Trd, 000078.900, 155
Trd, 000079.317, 149
Trd, 000080.250, 142
Trd, 000080.817, 149
Trd, 000081.617, 142
Trd, 000082.100, 148
Trd, 000082.167, 142
Trd, 000082.383, 149
Trd, 000083.233, 146
Trd, 000083.417, 148
Trd, 000083.750, 163
Trd, 000085.217, 150
Trd, 000085.517, 152
Trd, 000086.567, 151
Trd, 000087.783, 152
Trd, 000088.683, 151
Trd, 000089.133, 160
Trd, 000089.583, 157
Trd, 000090.233, 155
Trd, 000090.750, 158
Trd, 000090.950, 155
Trd, 000091.067, 157
Trd, 000091.800, 152
Trd, 000093.000, 158
Trd, 000093.300, 157
Trd, 000094.333, 155
Trd, 000094.533, 153
Trd, 000094.650, 156
Trd, 000095.317, 153
Trd, 000095.367, 152
Trd, 000095.617, 156
Trd, 000095.700, 150
Trd, 000096.017, 156
Trd, 000096.933, 150
Trd, 000097.583, 147
Trd, 000097.733, 157
Trd, 000098.850, 156
Trd, 000099.900, 158
Trd, 000100.367, 155
Trd, 000101.217, 180
Trd, 000102.217, 167
Trd, 000102.350, 163
Trd, 000102.533, 159
Trd, 000103.117, 159
Trd, 000103.217, 165
Trd, 000104.417, 159
Trd, 000104.433, 157
Trd, 000104.483, 164
Trd, 000105.283, 165
Trd, 000105.517, 161
Trd, 000106.017, 162
Trd, 000107.283, 161
Trd, 000107.500, 151
Trd, 000108.033, 163
Trd, 000108.450, 159
Trd, 000108.800, 158
Trd, 000109.133, 165
Trd, 000109.650, 147
Trd, 000111.950, 157
Trd, 000112.450, 156
Trd, 000112.683, 158
Trd, 000112.817, 159
Trd, 000112.950, 160
Trd, 000113.167, 155
Trd, 000113.283, 146
Trd, 000113.867, 152
Trd, 000114.183, 160
Trd, 000115.033, 159
Trd, 000115.167, 151
Trd, 000115.900, 158
Trd, 000117.617, 176
Trd, 000117.700, 163
Trd, 000117.833, 156
Trd, 000118.083, 155
Trd, 000119.533, 156
Trd, 000121.050, 164
Trd, 000121.167, 159
Trd, 000122.267, 159
Trd, 000122.317, 159
Trd, 000122.617, 157
Trd, 000123.100, 163
Trd, 000123.300, 163
Trd, 000125.350, 166
Trd, 000125.833, 161
Trd, 000126.367, 158
Trd, 000126.917, 153
Trd, 000127.517, 158
Trd, 000128.050, 157
Trd, 000128.533, 157
Trd, 000129.517, 159
Trd, 000130.283, 160
Trd, 000131.100, 158
Trd, 000132.783, 156
Trd, 000132.850, 157
Trd, 000132.933, 156
Trd, 000133.550, 156
Trd, 000133.617, 154
Trd, 000133.867, 148
Trd, 000134.467, 150
Trd, 000134.633, 157
Trd, 000135.333, 152
Trd, 000135.517, 155
Trd, 000135.817, 168
Trd, 000136.100, 178
Trd, 000136.450, 144
Trd, 000137.200, 165
Trd, 000138.567, 161
Trd, 000139.950, 168
Trd, 000140.883, 161
Trd, 000141.083, 166
Trd, 000141.167, 160
Trd, 000141.467, 163
Trd, 000142.533, 161
Trd, 000143.300, 160
Trd, 000143.517, 156
Trd, 000144.783, 161
Trd, 000145.033, 157
Trd, 000146.917, 157
Trd, 000147.033, 160
Trd, 000147.683, 160
Trd, 000148.250, 159
Trd, 000148.350, 160
Trd, 000149.417, 173
Trd, 000149.900, 170
Trd, 000149.950, 169
Trd, 000150.067, 156
Trd, 000150.583, 170
Trd, 000152.250, 163
Trd, 000152.983, 162
Trd, 000153.217, 164
Trd, 000154.000, 164
Trd, 000154.683, 164
Trd, 000154.950, 163
Trd, 000155.267, 157
Trd, 000157.033, 156
Trd, 000157.250, 165
Trd, 000157.617, 157
Trd, 000157.900, 156
Trd, 000158.517, 164
Trd, 000159.233, 156
Trd, 000159.567, 171
Trd, 000160.500, 169
Trd, 000161.117, 168
Trd, 000161.300, 167
Trd, 000161.567, 168
Trd, 000162.083, 167
Trd, 000162.200, 157
Trd, 000162.467, 165
Trd, 000163.867, 162
Trd, 000164.150, 163
Trd, 000164.917, 163
Trd, 000165.283, 162
Trd, 000165.567, 164
Trd, 000165.583, 162
Trd, 000167.150, 151
Trd, 000167.333, 150
Trd, 000167.867, 165
Trd, 000169.317, 164
Trd, 000169.550, 164
Trd, 000169.600, 160
Trd, 000169.800, 159
Trd, 000170.233, 164
Trd, 000170.483, 165
Trd, 000171.367, 159
Trd, 000171.683, 158
Trd, 000171.933, 167
Trd, 000172.217, 162
Trd, 000173.150, 160
Trd, 000174.467, 158
Trd, 000174.600, 162
Trd, 000174.783, 151
Trd, 000175.300, 161
Trd, 000176.600, 159
Trd, 000176.650, 161
Trd, 000177.217, 160
Trd, 000177.500, 160
Trd, 000178.083, 158
Trd, 000178.217, 158
Trd, 000179.583, 162
Trd, 000180.283, 160
Trd, 000180.933, 161
Trd, 000181.333, 159
Trd, 000181.717, 160
Trd, 000181.750, 159
Trd, 000182.717, 187
Trd, 000183.400, 175
Trd, 000183.933, 175
Trd, 000184.017, 169
Trd, 000184.100, 167
Trd, 000184.967, 157
Trd, 000185.500, 171
Trd, 000185.983, 172
Trd, 000187.150, 171
Trd, 000187.683, 166
Trd, 000187.983, 172
Trd, 000188.100, 173
Trd, 000188.667, 160
Trd, 000189.467, 165
Trd, 000189.700, 154
Trd, 000190.083, 153
Trd, 000190.483, 153
Trd, 000190.650, 164
Trd, 000191.200, 161
Trd, 000191.383, 169
Trd, 000192.600, 170
Trd, 000193.767, 170
Trd, 000193.817, 170
Trd, 000194.067, 169
Trd, 000194.500, 168
Trd, 000195.500, 172
Trd, 000196.333, 167
Trd, 000196.467, 166
Trd, 000196.850, 171
Trd, 000197.250, 170
Trd, 000197.733, 160
Trd, 000197.867, 143
Trd, 000198.367, 170
Trd, 000198.950, 155
Trd, 000201.067, 161
Trd, 000201.083, 163
Trd, 000201.333, 160
Trd, 000202.517, 161
Trd, 000202.967, 184
Trd, 000202.983, 172
Trd, 000203.783, 174
Trd, 000204.300, 185
Trd, 000204.867, 174
Trd, 000204.900, 171
Trd, 000205.933, 176
Trd, 000206.783, 175
Trd, 000207.433, 172
Trd, 000207.633, 174
Trd, 000207.650, 170
Trd, 000207.817, 178
Trd, 000208.833, 178
Trd, 000209.383, 176
Trd, 000210.083, 176
Trd, 000210.267, 175
Trd, 000210.500, 173
Trd, 000212.467, 177
Trd, 000212.833, 172
Trd, 000213.700, 172
Trd, 000214.417, 175
Trd, 000214.783, 169
Trd, 000215.917, 168
Trd, 000216.083, 168
Trd, 000216.583, 169
Trd, 000217.167, 171
Trd, 000218.083, 170
Trd, 000218.217, 169
Trd, 000218.350, 173
Trd, 000218.617, 163
Trd, 000218.900, 174
Trd, 000220.867, 170
Trd, 000221.067, 169
Trd, 000221.217, 171
Trd, 000221.567, 163
Trd, 000222.500, 156
Trd, 000222.867, 176
Trd, 000223.133, 163
Trd, 000224.517, 166
Trd, 000224.650, 170
Trd, 000224.967, 173
Trd, 000224.983, 158
Trd, 000225.200, 172
Trd, 000225.300, 157
Trd, 000225.583, 164
Trd, 000226.333, 160
Trd, 000227.700, 169
Trd, 000227.883, 172
Trd, 000228.550, 165
Trd, 000228.933, 170
Trd, 000229.283, 165
Trd, 000229.400, 164
Trd, 000231.500, 167
Trd, 000232.183, 166
Trd, 000233.100, 167
Trd, 000233.183, 165
Trd, 000233.467, 162
Trd, 000233.517, 170
Trd, 000234.033, 164
Trd, 000234.400, 158
Trd, 000235.117, 157
Trd, 000235.533, 154
Trd, 000236.200, 171
Trd, 000237.867, 164
Trd, 000238.250, 172
Trd, 000238.750, 164
Trd, 000240.533, 168
Trd, 000240.600, 166
Trd, 000240.783, 168
Trd, 000240.850, 169
Trd, 000241.300, 164
Trd, 000241.633, 164
Trd, 000241.817, 171
Trd, 000242.433, 171
Trd, 000242.967, 172
Trd, 000243.517, 173
Trd, 000244.167, 165
Trd, 000244.883, 171
Trd, 000245.283, 171
Trd, 000245.583, 170
Trd, 000245.617, 168
Trd, 000245.783, 167
Trd, 000246.283, 171
Trd, 000247.067, 171
Trd, 000247.350, 171
Trd, 000247.783, 171
Trd, 000247.983, 172
Trd, 000248.117, 172
Trd, 000248.350, 173
Trd, 000248.900, 176
Trd, 000248.933, 171
Trd, 000250.067, 175
Trd, 000250.117, 170
Trd, 000251.683, 167
Trd, 000251.867, 169
Trd, 000252.317, 168
Trd, 000252.383, 170
Trd, 000252.650, 170
Trd, 000253.650, 170
Trd, 000253.783, 169
Trd, 000253.917, 171
Trd, 000254.000, 175
Trd, 000254.650, 172
Trd, 000254.733, 183
Trd, 000256.133, 177
Trd, 000256.417, 176
Trd, 000256.650, 182
Trd, 000257.050, 183
Trd, 000258.400, 181
Trd, 000258.500, 178
Trd, 000258.617, 177
Trd, 000259.350, 180
Trd, 000260.183, 177
Trd, 000260.750, 181
Trd, 000261.750, 182
Trd, 000261.800, 181
Trd, 000262.383, 181
Trd, 000262.500, 178
Trd, 000263.633, 173
Trd, 000264.100, 167
Trd, 000264.467, 163
Trd, 000264.683, 181
Trd, 000265.233, 166
Trd, 000265.783, 177
Trd, 000266.350, 178
Trd, 000266.817, 174
Trd, 000267.000, 175
Trd, 000267.967, 179
Trd, 000268.333, 175
Trd, 000268.533, 178
Trd, 000268.717, 177
Trd, 000269.183, 175
Trd, 000270.333, 177
Trd, 000270.483, 175
Trd, 000270.667, 174
Trd, 000271.167, 177
Trd, 000271.750, 179
Trd, 000272.083, 172
Trd, 000272.633, 176
Trd, 000272.767, 168
Trd, 000273.067, 164
Trd, 000273.683, 173
Trd, 000274.417, 170
Trd, 000274.867, 171
Trd, 000275.383, 174
Trd, 000276.000, 171
Trd, 000276.033, 174
Trd, 000276.383, 174
Trd, 000276.667, 174
Trd, 000277.183, 172
Trd, 000277.783, 175
Trd, 000278.483, 183
Trd, 000278.783, 186
Trd, 000279.200, 179
Trd, 000279.600, 180
Trd, 000279.850, 176
Trd, 000280.650, 181
Trd, 000281.283, 176
Trd, 000281.350, 183
Trd, 000281.433, 177
Trd, 000281.617, 176
Trd, 000281.933, 174
Trd, 000282.700, 174
Trd, 000283.600, 170
Trd, 000283.983, 170
Trd, 000284.150, 172
Trd, 000285.117, 172
Trd, 000285.167, 178
Trd, 000285.317, 179
Trd, 000285.900, 181
Trd, 000287.083, 180
Trd, 000288.050, 183
Trd, 000289.000, 179
Trd, 000289.033, 183
Trd, 000289.367, 177
Trd, 000289.683, 180
Trd, 000289.783, 171
Trd, 000289.883, 170
Trd, 000289.917, 166
Trd, 000290.350, 184
Trd, 000291.350, 174
Trd, 000292.150, 177
Trd, 000292.483, 187
Trd, 000293.133, 175
Trd, 000293.250, 174
Trd, 000293.500, 170
Trd, 000293.917, 171
Trd, 000294.250, 184
Trd, 000296.250, 183
Trd, 000296.283, 183
Trd, 000296.400, 181
Trd, 000296.967, 182
Trd, 000297.300, 180
Trd, 000297.800, 182
Trd, 000297.867, 184
Trd, 000299.050, 181
Trd, 000299.100, 187
