Trd, 000001.550, 102
Trd, 000001.683, 103
Trd, 000002.283, 106
Trd, 000002.767, 152
Trd, 000003.133, 162
Trd, 000003.500, 172
Trd, 000004.167, 139
Trd, 000004.267, 148
Trd, 000004.300, 137
Trd, 000006.017, 156
Trd, 000006.667, 150
Trd, 000008.667, 153
Trd, 000009.450, 152
Trd, 000009.500, 151
Trd, 000009.900, 151
Trd, 000010.417, 166
Trd, 000011.000, 153
Trd, 000011.200, 153
Trd, 000011.767, 155
Trd, 000012.300, 154
Trd, 000012.917, 154
Trd, 000013.167, 170
Trd, 000014.100, 153
Trd, 000015.933, 154
Trd, 000016.283, 151
Trd, 000016.417, 153
Trd, 000017.733, 145
Trd, 000018.533, 153
Trd, 000018.717, 153
Trd, 000019.017, 154
Trd, 000019.633, 154
Trd, 000020.167, 154
Trd, 000022.117, 158
Trd, 000022.267, 157
Trd, 000022.650, 157
Trd, 000022.683, 158
Trd, 000023.533, 159
Trd, 000024.000, 164
Trd, 000024.217, 160
Trd, 000024.933, 159
Trd, 000025.983, 164
Trd, 000026.767, 158
Trd, 000026.900, 160
Trd, 000027.050, 162
Trd, 000027.883, 157
Trd, 000028.733, 160
Trd, 000029.300, 161
Trd, 000029.850, 161
Trd, 000030.117, 159
Trd, 000030.267, 159
Trd, 000030.717, 160
Trd, 000031.033, 160
Trd, 000031.367, 162
Trd, 000034.000, 173
Trd, 000034.067, 171
Trd, 000034.117, 172
Trd, 000034.567, 172
Trd, 000035.817, 167
Trd, 000036.700, 167
Trd, 000037.850, 164
Trd, 000038.950, 162
Trd, 000038.983, 163
Trd, 000039.883, 176
Trd, 000041.417, 164
Trd, 000041.633, 163
Trd, 000042.983, 164
Trd, 000043.083, 164
Trd, 000044.233, 163
Trd, 000044.283, 164
Trd, 000044.417, 166
Trd, 000045.400, 164
Trd, 000046.117, 163
Trd, 000046.500, 162
Trd, 000046.567, 163
Trd, 000047.533, 163
Trd, 000050.000, 152
Trd, 000050.383, 153
Trd, 000050.883, 152
Trd, 000051.533, 152
Trd, 000051.800, 150
Trd, 000052.417, 153
Trd, 000053.867, 151
Trd, 000054.183, 151
Trd, 000054.333, 152
Trd, 000054.683, 153
Trd, 000055.367, 149
Trd, 000055.650, 152
Trd, 000056.200, 150
Trd, 000056.433, 149
Trd, 000056.567, 150
Trd, 000056.667, 149
Trd, 000057.283, 168
Trd, 000058.250, 155
Trd, 000058.450, 149
Trd, 000059.050, 155
Trd, 000059.417, 156
Trd, 000060.667, 158
Trd, 000061.017, 168
Trd, 000061.050, 170
Trd, 000063.117, 159
Trd, 000064.333, 159
Trd, 000064.500, 158
Trd, 000065.733, 155
Trd, 000065.783, 156
Trd, 000066.467, 157
Trd, 000066.950, 156
Trd, 000067.067, 158
Trd, 000067.983, 157
Trd, 000068.067, 158
Trd, 000069.017, 156
Trd, 000070.000, 157
Trd, 000070.833, 156
Trd, 000072.217, 158
Trd, 000072.283, 155
Trd, 000072.867, 157
Trd, 000073.500, 156
Trd, 000074.033, 158
Trd, 000074.600, 158
Trd, 000075.667, 159
Trd, 000076.100, 160
Trd, 000076.500, 165
Trd, 000076.983, 159
Trd, 000077.267, 160
Trd, 000079.550, 159
Trd, 000079.783, 159
Trd, 000079.967, 160
Trd, 000080.083, 163
Trd, 000082.117, 162
Trd, 000083.217, 160
Trd, 000083.883, 161
Trd, 000083.900, 162
Trd, 000084.667, 170
Trd, 000085.267, 166
Trd, 000085.367, 179
Trd, 000085.400, 165
Trd, 000086.967, 174
Trd, 000088.233, 171
Trd, 000088.417, 172
Trd, 000088.600, 172
Trd, 000088.800, 174
Trd, 000089.600, 171
Trd, 000089.667, 169
Trd, 000091.150, 167
Trd, 000091.700, 166
Trd, 000092.000, 176
Trd, 000092.250, 167
Trd, 000093.667, 164
Trd, 000094.783, 158
Trd, 000096.033, 159
Trd, 000096.633, 157
Trd, 000096.667, 160
Trd, 000097.917, 160
Trd, 000098.017, 171
Trd, 000099.133, 163
Trd, 000099.817, 165
Trd, 000100.383, 163
Trd, 000100.567, 172
Trd, 000102.817, 170
Trd, 000103.283, 171
Trd, 000103.783, 169
Trd, 000104.200, 170
Trd, 000104.850, 167
Trd, 000105.817, 171
Trd, 000105.967, 169
Trd, 000106.567, 170
Trd, 000107.150, 171
Trd, 000107.383, 172
Trd, 000107.533, 169
Trd, 000107.833, 169
Trd, 000108.317, 170
Trd, 000109.067, 173
Trd, 000109.083, 171
Trd, 000110.067, 170
Trd, 000110.450, 171
Trd, 000111.067, 170
Trd, 000111.600, 171
Trd, 000111.617, 159
Trd, 000112.767, 168
Trd, 000112.783, 168
Trd, 000115.267, 169
Trd, 000116.383, 169
Trd, 000116.583, 167
Trd, 000117.383, 169
Trd, 000117.950, 169
Trd, 000118.183, 168
Trd, 000118.450, 170
Trd, 000118.650, 146
Trd, 000118.783, 169
Trd, 000119.550, 167
Trd, 000121.433, 165
Trd, 000121.533, 164
Trd, 000122.117, 166
Trd, 000122.933, 166
Trd, 000123.333, 165
Trd, 000123.833, 163
Trd, 000123.867, 164
Trd, 000124.467, 163
Trd, 000124.667, 162
Trd, 000124.767, 164
Trd, 000125.567, 165
Trd, 000126.117, 166
Trd, 000126.383, 166
Trd, 000126.650, 164
Trd, 000126.750, 157
Trd, 000127.117, 163
Trd, 000127.900, 161
Trd, 000129.667, 163
Trd, 000130.150, 161
Trd, 000131.083, 162
Trd, 000131.233, 163
Trd, 000131.317, 175
Trd, 000133.050, 160
Trd, 000134.400, 161
Trd, 000134.583, 161
Trd, 000134.633, 162
Trd, 000135.000, 161
Trd, 000135.033, 185
Trd, 000135.483, 174
Trd, 000137.050, 164
Trd, 000137.233, 162
Trd, 000137.317, 159
Trd, 000138.167, 159
Trd, 000138.550, 162
Trd, 000139.700, 161
Trd, 000139.917, 162
Trd, 000140.850, 175
Trd, 000141.483, 162
Trd, 000142.417, 162
Trd, 000142.467, 162
Trd, 000142.533, 165
Trd, 000143.000, 165
Trd, 000144.433, 164
Trd, 000144.750, 163
Trd, 000145.000, 163
Trd, 000145.417, 167
Trd, 000147.417, 174
Trd, 000147.533, 171
Trd, 000148.100, 171
Trd, 000148.767, 172
Trd, 000148.800, 172
Trd, 000149.083, 171
Trd, 000150.050, 176
Trd, 000150.350, 174
Trd, 000150.767, 177
Trd, 000151.533, 172
Trd, 000154.067, 174
Trd, 000154.800, 173
Trd, 000155.017, 174
Trd, 000155.617, 173
Trd, 000156.117, 174
Trd, 000157.017, 172
Trd, 000157.350, 173
Trd, 000157.983, 173
Trd, 000158.300, 174
Trd, 000158.417, 177
Trd, 000160.883, 173
Trd, 000161.200, 174
Trd, 000161.550, 174
Trd, 000162.800, 173
Trd, 000163.200, 169
Trd, 000163.350, 171
Trd, 000163.517, 172
Trd, 000163.733, 165
Trd, 000165.017, 170
Trd, 000165.500, 169
Trd, 000166.050, 168
Trd, 000167.033, 175
Trd, 000168.067, 172
Trd, 000168.900, 171
Trd, 000169.300, 173
Trd, 000169.883, 172
Trd, 000170.267, 172
Trd, 000170.950, 171
Trd, 000171.067, 171
Trd, 000172.350, 175
Trd, 000172.600, 179
Trd, 000172.967, 170
Trd, 000173.867, 180
Trd, 000174.050, 177
Trd, 000174.817, 172
Trd, 000175.683, 174
Trd, 000175.783, 173
Trd, 000175.867, 175
Trd, 000176.800, 173
Trd, 000177.217, 162
Trd, 000177.483, 168
Trd, 000177.617, 176
Trd, 000179.633, 166
Trd, 000180.067, 168
Trd, 000180.433, 167
Trd, 000181.750, 166
Trd, 000181.867, 166
Trd, 000182.583, 168
Trd, 000184.417, 177
Trd, 000185.600, 172
Trd, 000185.833, 172
Trd, 000186.250, 172
Trd, 000186.667, 172
Trd, 000186.967, 171
Trd, 000186.983, 174
Trd, 000187.550, 179
Trd, 000187.917, 171
Trd, 000188.617, 170
Trd, 000190.583, 174
Trd, 000190.933, 172
Trd, 000191.117, 173
Trd, 000191.183, 172
Trd, 000191.717, 173
Trd, 000191.917, 175
Trd, 000193.717, 173
Trd, 000194.083, 173
Trd, 000194.583, 171
Trd, 000194.600, 170
Trd, 000194.783, 170
Trd, 000194.900, 171
Trd, 000196.383, 171
Trd, 000197.850, 196
Trd, 000198.983, 169
Trd, 000199.833, 178
Trd, 000200.467, 169
Trd, 000200.550, 179
Trd, 000200.617, 180
Trd, 000201.567, 169
Trd, 000202.433, 171
Trd, 000202.467, 172
Trd, 000202.500, 173
Trd, 000203.050, 170
Trd, 000203.733, 171
Trd, 000205.183, 179
Trd, 000205.850, 179
Trd, 000206.733, 175
Trd, 000207.267, 180
Trd, 000207.900, 174
Trd, 000207.933, 175
Trd, 000210.750, 173
Trd, 000211.017, 174
Trd, 000211.550, 174
Trd, 000211.900, 176
Trd, 000212.883, 172
Trd, 000213.167, 173
Trd, 000213.317, 175
Trd, 000214.133, 160
Trd, 000215.450, 173
Trd, 000215.700, 172
Trd, 000216.200, 169
Trd, 000217.167, 172
Trd, 000217.550, 171
Trd, 000218.250, 170
Trd, 000219.100, 171
Trd, 000219.417, 170
Trd, 000220.233, 173
Trd, 000220.600, 170
Trd, 000221.117, 170
Trd, 000221.233, 169
Trd, 000221.533, 175
Trd, 000222.817, 174
Trd, 000223.267, 184
Trd, 000223.333, 171
Trd, 000223.433, 171
Trd, 000224.600, 176
Trd, 000226.017, 170
Trd, 000227.083, 168
Trd, 000227.467, 169
Trd, 000227.517, 170
Trd, 000227.667, 170
Trd, 000228.017, 173
Trd, 000228.067, 167
Trd, 000229.167, 171
Trd, 000229.267, 171
Trd, 000229.550, 173
Trd, 000230.800, 173
Trd, 000231.300, 174
Trd, 000231.833, 182
Trd, 000233.333, 180
Trd, 000234.300, 181
Trd, 000234.883, 180
Trd, 000235.500, 180
Trd, 000235.683, 180
Trd, 000235.867, 179
Trd, 000236.117, 167
Trd, 000236.300, 179
Trd, 000236.783, 179
Trd, 000238.033, 180
Trd, 000238.167, 193
Trd, 000239.183, 178
Trd, 000239.350, 177
Trd, 000240.150, 185
Trd, 000240.450, 174
Trd, 000241.667, 175
Trd, 000241.750, 177
Trd, 000241.867, 175
Trd, 000241.917, 178
Trd, 000242.733, 182
Trd, 000244.083, 182
Trd, 000244.450, 180
Trd, 000245.533, 181
Trd, 000245.733, 178
Trd, 000245.817, 176
Trd, 000246.533, 178
Trd, 000247.333, 177
Trd, 000247.650, 179
Trd, 000247.983, 180
Trd, 000248.700, 178
Trd, 000248.783, 176
Trd, 000249.100, 176
Trd, 000249.667, 176
Trd, 000249.900, 172
Trd, 000251.783, 176
Trd, 000251.850, 187
Trd, 000253.233, 180
Trd, 000253.733, 173
Trd, 000254.167, 174
Trd, 000254.933, 174
Trd, 000255.083, 174
Trd, 000255.483, 175
Trd, 000256.133, 182
Trd, 000256.583, 191
Trd, 000256.800, 177
Trd, 000257.083, 176
Trd, 000257.900, 182
Trd, 000258.283, 170
Trd, 000259.367, 163
Trd, 000259.567, 170
Trd, 000261.267, 169
Trd, 000261.433, 168
Trd, 000261.650, 169
Trd, 000261.817, 171
Trd, 000262.050, 173
Trd, 000262.533, 194
Trd, 000263.067, 183
Trd, 000264.333, 188
Trd, 000265.167, 195
Trd, 000266.000, 194
Trd, 000266.017, 195
Trd, 000266.083, 193
Trd, 000266.267, 195
Trd, 000266.600, 190
Trd, 000266.667, 191
Trd, 000266.850, 196
Trd, 000267.533, 190
Trd, 000268.433, 192
Trd, 000268.567, 194
Trd, 000268.850, 193
Trd, 000269.533, 191
Trd, 000270.633, 189
Trd, 000270.900, 188
Trd, 000270.983, 187
Trd, 000271.200, 182
Trd, 000271.633, 174
Trd, 000272.533, 179
Trd, 000273.233, 179
Trd, 000274.167, 177
Trd, 000274.467, 171
Trd, 000274.767, 178
Trd, 000275.150, 176
Trd, 000275.900, 169
Trd, 000276.067, 166
Trd, 000276.083, 172
Trd, 000276.100, 175
Trd, 000276.717, 167
Trd, 000276.800, 166
Trd, 000276.900, 166
Trd, 000277.183, 165
Trd, 000277.633, 166
Trd, 000277.683, 169
Trd, 000277.817, 161
Trd, 000278.183, 170
Trd, 000278.817, 196
Trd, 000280.200, 189
Trd, 000280.467, 188
Trd, 000280.733, 194
Trd, 000280.850, 187
Trd, 000281.767, 192
Trd, 000281.933, 193
Trd, 000282.200, 188
Trd, 000282.533, 187
Trd, 000282.950, 188
Trd, 000283.367, 187
Trd, 000285.600, 186
Trd, 000286.233, 185
Trd, 000286.617, 185
Trd, 000287.533, 184
Trd, 000287.817, 189
Trd, 000288.333, 184
Trd, 000288.467, 184
Trd, 000288.567, 184
Trd, 000289.317, 188
Trd, 000289.533, 184
Trd, 000289.833, 183
Trd, 000289.983, 187
Trd, 000290.500, 187
Trd, 000291.183, 182
Trd, 000291.317, 189
Trd, 000293.567, 185
Trd, 000294.667, 181
Trd, 000294.900, 181
Trd, 000294.917, 182
Trd, 000295.850, 181
Trd, 000296.117, 181
Trd, 000296.600, 181
Trd, 000297.183, 180
Trd, 000297.583, 181
Trd, 000299.300, 178
Trd, 000299.600, 177
