Trd, 000002.117, 168
Trd, 000004.550, 158
Trd, 000005.100, 158
Trd, 000005.283, 146
Trd, 000005.450, 167
Trd, 000005.817, 144
Trd, 000006.817, 150
Trd, 000006.900, 130
Trd, 000007.017, 163
Trd, 000008.500, 154
Trd, 000008.850, 154
Trd, 000009.317, 159
Trd, 000009.617, 159
Trd, 000010.533, 164
Trd, 000010.717, 158
Trd, 000011.100, 159
Trd, 000012.167, 156
Trd, 000012.883, 154
Trd, 000014.300, 153
Trd, 000014.983, 151
Trd, 000015.467, 152
Trd, 000016.050, 153
Trd, 000016.433, 155
Trd, 000016.850, 148
Trd, 000017.417, 148
Trd, 000017.817, 155
Trd, 000019.233, 155
Trd, 000019.567, 156
Trd, 000019.617, 154
Trd, 000019.900, 157
Trd, 000020.183, 164
Trd, 000021.200, 165
Trd, 000021.667, 164
Trd, 000022.850, 155
Trd, 000023.267, 154
Trd, 000024.150, 157
Trd, 000025.033, 160
Trd, 000025.083, 163
Trd, 000025.433, 164
Trd, 000026.217, 146
Trd, 000026.250, 133
Trd, 000027.283, 135
Trd, 000027.533, 137
Trd, 000027.550, 152
Trd, 000028.033, 148
Trd, 000028.283, 150
Trd, 000029.850, 155
Trd, 000032.100, 153
Trd, 000032.533, 153
Trd, 000032.600, 152
Trd, 000032.633, 150
Trd, 000032.717, 154
Trd, 000033.467, 168
Trd, 000034.683, 160
Trd, 000034.917, 158
Trd, 000035.417, 159
Trd, 000036.033, 159
Trd, 000036.750, 163
Trd, 000037.017, 162
Trd, 000037.417, 165
Trd, 000038.433, 174
Trd, 000039.217, 167
Trd, 000039.450, 159
Trd, 000040.750, 158
Trd, 000040.883, 160
Trd, 000041.450, 161
Trd, 000042.200, 162
Trd, 000042.600, 152
Trd, 000043.867, 158
Trd, 000044.617, 155
Trd, 000046.183, 156
Trd, 000046.250, 155
Trd, 000046.533, 156
Trd, 000046.967, 157
Trd, 000047.383, 157
Trd, 000047.517, 157
Trd, 000047.617, 160
Trd, 000047.783, 158
Trd, 000048.100, 154
Trd, 000049.350, 155
Trd, 000049.433, 160
Trd, 000049.667, 161
Trd, 000049.767, 164
Trd, 000050.450, 170
Trd, 000050.483, 164
Trd, 000050.533, 163
Trd, 000052.050, 167
Trd, 000052.383, 159
Trd, 000052.500, 149
Trd, 000052.567, 170
Trd, 000053.867, 165
Trd, 000054.000, 166
Trd, 000055.533, 163
Trd, 000057.000, 159
Trd, 000057.367, 159
Trd, 000057.517, 159
Trd, 000057.717, 159
Trd, 000057.850, 159
Trd, 000058.933, 159
Trd, 000059.200, 160
Trd, 000059.317, 147
Trd, 000060.200, 161
Trd, 000060.617, 162
Trd, 000061.017, 151
Trd, 000061.100, 150
Trd, 000061.983, 155
Trd, 000063.317, 159
Trd, 000063.533, 159
Trd, 000064.183, 161
Trd, 000064.583, 163
Trd, 000064.633, 171
Trd, 000066.100, 173
Trd, 000066.917, 172
Trd, 000066.983, 171
Trd, 000067.083, 178
Trd, 000068.550, 176
Trd, 000068.783, 175
Trd, 000068.850, 169
Trd, 000068.950, 178
Trd, 000069.417, 162
Trd, 000069.833, 161
Trd, 000069.983, 165
Trd, 000071.400, 148
Trd, 000071.950, 157
Trd, 000072.783, 151
Trd, 000073.750, 153
Trd, 000074.033, 154
Trd, 000074.367, 154
Trd, 000074.633, 154
Trd, 000075.450, 159
Trd, 000075.483, 158
Trd, 000075.550, 156
Trd, 000076.500, 158
Trd, 000077.183, 167
Trd, 000077.267, 166
Trd, 000077.600, 168
Trd, 000078.250, 165
Trd, 000079.017, 161
Trd, 000079.500, 148
Trd, 000080.167, 158
Trd, 000080.317, 161
Trd, 000081.317, 162
Trd, 000082.100, 160
Trd, 000082.267, 160
Trd, 000082.917, 162
Trd, 000083.300, 157
Trd, 000083.533, 163
Trd, 000083.767, 153
Trd, 000083.817, 152
Trd, 000084.267, 142
Trd, 000084.800, 154
Trd, 000084.817, 173
Trd, 000086.017, 163
Trd, 000086.050, 147
Trd, 000086.383, 165
Trd, 000086.517, 149
Trd, 000087.017, 149
Trd, 000088.600, 163
Trd, 000089.450, 163
Trd, 000089.567, 162
Trd, 000090.350, 164
Trd, 000090.617, 164
Trd, 000090.933, 160
Trd, 000091.217, 166
Trd, 000091.567, 160
Trd, 000092.883, 171
Trd, 000093.017, 156
Trd, 000093.533, 174
Trd, 000093.983, 181
Trd, 000095.650, 166
Trd, 000096.067, 159
Trd, 000096.450, 160
Trd, 000096.517, 160
Trd, 000096.883, 164
Trd, 000098.550, 161
Trd, 000099.800, 154
Trd, 000100.233, 159
Trd, 000100.583, 155
Trd, 000100.600, 160
Trd, 000101.000, 165
Trd, 000101.550, 168
Trd, 000101.567, 164
Trd, 000102.033, 174
Trd, 000103.600, 162
Trd, 000103.683, 151
Trd, 000103.850, 161
Trd, 000104.800, 159
Trd, 000105.817, 160
Trd, 000106.033, 165
Trd, 000106.133, 157
Trd, 000106.650, 154
Trd, 000107.117, 155
Trd, 000107.433, 157
Trd, 000107.767, 155
Trd, 000107.800, 164
Trd, 000108.633, 169
Trd, 000109.433, 154
Trd, 000110.250, 156
Trd, 000110.267, 157
Trd, 000111.200, 155
Trd, 000112.150, 159
Trd, 000112.600, 174
Trd, 000112.717, 176
Trd, 000112.967, 174
Trd, 000114.233, 173
Trd, 000115.067, 174
Trd, 000115.333, 164
Trd, 000116.067, 157
Trd, 000116.500, 154
Trd, 000117.500, 170
Trd, 000118.133, 172
Trd, 000118.183, 157
Trd, 000118.200, 156
Trd, 000118.450, 173
Trd, 000118.567, 161
Trd, 000119.450, 160
Trd, 000119.650, 170
Trd, 000120.217, 171
Trd, 000120.483, 172
Trd, 000120.633, 160
Trd, 000121.133, 158
Trd, 000121.267, 177
Trd, 000123.567, 156
Trd, 000124.367, 170
Trd, 000124.733, 174
Trd, 000125.050, 166
Trd, 000125.183, 174
Trd, 000126.100, 173
Trd, 000127.100, 175
Trd, 000127.700, 164
Trd, 000128.117, 159
Trd, 000128.917, 154
Trd, 000130.133, 165
Trd, 000130.383, 159
Trd, 000130.733, 165
Trd, 000130.850, 168
Trd, 000131.850, 157
Trd, 000131.900, 165
Trd, 000132.400, 167
Trd, 000132.883, 157
Trd, 000133.700, 164
Trd, 000134.050, 164
Trd, 000134.217, 157
Trd, 000135.300, 152
Trd, 000135.533, 155
Trd, 000136.200, 168
Trd, 000137.583, 166
Trd, 000138.083, 167
Trd, 000138.483, 155
Trd, 000138.717, 167
Trd, 000138.983, 149
Trd, 000139.450, 151
Trd, 000139.533, 162
Trd, 000140.083, 159
Trd, 000141.433, 179
Trd, 000142.300, 163
Trd, 000143.083, 182
Trd, 000143.667, 182
Trd, 000144.200, 183
Trd, 000144.267, 185
Trd, 000144.950, 177
Trd, 000146.233, 176
Trd, 000147.300, 175
Trd, 000147.517, 173
Trd, 000147.567, 166
Trd, 000150.317, 168
Trd, 000150.550, 167
Trd, 000150.650, 164
Trd, 000151.817, 165
Trd, 000152.167, 170
Trd, 000152.283, 165
Trd, 000153.250, 180
Trd, 000153.383, 173
Trd, 000153.583, 173
Trd, 000154.600, 179
Trd, 000154.833, 169
Trd, 000155.367, 176
Trd, 000156.233, 176
Trd, 000156.633, 170
Trd, 000157.117, 168
Trd, 000158.300, 176
Trd, 000158.817, 179
Trd, 000159.183, 177
Trd, 000159.400, 181
Trd, 000160.600, 178
Trd, 000160.967, 182
Trd, 000161.217, 168
Trd, 000163.433, 177
Trd, 000163.733, 178
Trd, 000163.783, 178
Trd, 000163.817, 177
Trd, 000164.500, 178
Trd, 000165.017, 177
Trd, 000165.083, 174
Trd, 000165.533, 173
Trd, 000165.700, 170
Trd, 000166.467, 179
Trd, 000167.667, 179
Trd, 000168.350, 175
Trd, 000168.383, 171
Trd, 000168.833, 179
Trd, 000169.133, 171
Trd, 000169.267, 180
Trd, 000171.317, 163
Trd, 000171.617, 178
Trd, 000171.783, 162
Trd, 000173.033, 179
Trd, 000173.567, 179
Trd, 000173.933, 176
Trd, 000174.383, 176
Trd, 000174.733, 177
Trd, 000175.150, 175
Trd, 000176.067, 164
Trd, 000177.083, 170
Trd, 000178.433, 168
Trd, 000178.567, 155
Trd, 000178.833, 169
Trd, 000179.150, 163
Trd, 000179.233, 164
Trd, 000179.967, 152
Trd, 000180.583, 167
Trd, 000181.583, 177
Trd, 000182.400, 181
Trd, 000182.700, 186
Trd, 000182.817, 180
Trd, 000184.433, 193
Trd, 000184.783, 176
Trd, 000184.833, 168
Trd, 000186.200, 179
Trd, 000187.350, 181
Trd, 000187.483, 173
Trd, 000187.517, 179
Trd, 000187.833, 179
Trd, 000188.867, 172
Trd, 000190.233, 171
Trd, 000190.300, 171
Trd, 000190.567, 178
Trd, 000190.683, 181
Trd, 000191.550, 183
Trd, 000192.400, 182
Trd, 000194.283, 182
Trd, 000194.700, 182
Trd, 000194.900, 180
Trd, 000195.133, 177
Trd, 000196.417, 175
Trd, 000196.917, 183
Trd, 000197.200, 182
Trd, 000197.600, 178
Trd, 000197.683, 178
Trd, 000199.850, 175
Trd, 000199.883, 182
Trd, 000200.550, 174
Trd, 000200.950, 164
Trd, 000201.033, 161
Trd, 000201.967, 182
Trd, 000202.000, 170
Trd, 000202.250, 183
Trd, 000202.583, 182
Trd, 000202.850, 154
Trd, 000203.333, 182
Trd, 000204.033, 152
Trd, 000205.467, 176
Trd, 000205.917, 166
Trd, 000206.600, 171
Trd, 000207.850, 176
Trd, 000209.067, 189
Trd, 000210.133, 179
Trd, 000210.400, 172
Trd, 000210.733, 182
Trd, 000211.183, 182
Trd, 000211.217, 184
Trd, 000211.350, 179
Trd, 000212.500, 185
Trd, 000212.600, 177
Trd, 000212.800, 185
Trd, 000213.000, 175
Trd, 000213.533, 169
Trd, 000213.800, 165
Trd, 000213.983, 180
Trd, 000214.500, 186
Trd, 000215.317, 190
Trd, 000216.167, 186
Trd, 000216.883, 187
Trd, 000217.067, 184
Trd, 000217.367, 187
Trd, 000218.183, 187
Trd, 000219.183, 185
Trd, 000219.267, 188
Trd, 000219.750, 193
Trd, 000221.767, 185
Trd, 000222.217, 186
Trd, 000222.417, 184
Trd, 000222.550, 181
Trd, 000223.333, 182
Trd, 000224.117, 180
Trd, 000224.250, 175
Trd, 000224.583, 185
Trd, 000224.633, 186
Trd, 000224.733, 174
Trd, 000225.000, 184
Trd, 000225.300, 166
Trd, 000226.767, 185
Trd, 000227.000, 176
Trd, 000227.400, 172
Trd, 000228.383, 180
Trd, 000229.817, 188
Trd, 000230.333, 169
Trd, 000230.667, 191
Trd, 000231.233, 181
Trd, 000231.433, 176
Trd, 000232.067, 167
Trd, 000232.400, 181
Trd, 000232.817, 178
Trd, 000233.033, 183
Trd, 000234.883, 177
Trd, 000235.033, 175
Trd, 000235.150, 170
Trd, 000235.300, 176
Trd, 000235.350, 170
Trd, 000235.550, 177
Trd, 000236.450, 169
Trd, 000236.733, 167
Trd, 000237.050, 172
Trd, 000238.133, 168
Trd, 000238.667, 171
Trd, 000238.883, 175
Trd, 000239.350, 188
Trd, 000239.883, 187
Trd, 000240.150, 171
Trd, 000240.283, 171
Trd, 000240.933, 172
Trd, 000241.617, 182
Trd, 000241.683, 181
Trd, 000242.000, 182
Trd, 000242.500, 173
Trd, 000242.583, 181
Trd, 000243.633, 177
Trd, 000244.367, 174
Trd, 000244.500, 174
Trd, 000244.517, 168
Trd, 000244.600, 180
Trd, 000244.700, 183
Trd, 000245.667, 187
Trd, 000246.183, 185
Trd, 000246.800, 186
Trd, 000247.133, 190
Trd, 000247.250, 187
Trd, 000247.383, 184
Trd, 000247.417, 183
Trd, 000247.883, 182
Trd, 000248.550, 179
Trd, 000249.300, 180
Trd, 000249.417, 181
Trd, 000250.217, 180
Trd, 000250.767, 181
Trd, 000250.900, 179
Trd, 000251.333, 180
Trd, 000251.683, 179
Trd, 000252.017, 173
Trd, 000252.967, 169
Trd, 000253.500, 174
Trd, 000253.717, 187
Trd, 000254.233, 188
Trd, 000255.933, 181
Trd, 000255.983, 182
Trd, 000256.017, 179
Trd, 000256.083, 183
Trd, 000256.233, 176
Trd, 000257.467, 188
Trd, 000257.683, 184
Trd, 000257.717, 185
Trd, 000257.817, 189
Trd, 000257.967, 187
Trd, 000258.083, 188
Trd, 000258.250, 183
Trd, 000258.833, 161
Trd, 000259.183, 170
Trd, 000259.900, 172
Trd, 000259.933, 176
Trd, 000260.933, 180
Trd, 000261.350, 191
Trd, 000261.767, 180
Trd, 000261.900, 197
Trd, 000262.250, 194
Trd, 000262.500, 178
Trd, 000262.633, 174
Trd, 000263.250, 175
Trd, 000264.000, 177
Trd, 000264.733, 176
Trd, 000264.767, 177
Trd, 000265.050, 174
Trd, 000265.433, 174
Trd, 000266.117, 171
Trd, 000266.300, 180
Trd, 000266.417, 181
Trd, 000266.950, 175
Trd, 000267.150, 176
Trd, 000267.433, 175
Trd, 000267.600, 188
Trd, 000267.900, 171
Trd, 000268.117, 189
Trd, 000269.933, 174
Trd, 000270.833, 175
Trd, 000270.883, 170
Trd, 000271.233, 175
Trd, 000271.483, 162
Trd, 000271.633, 168
Trd, 000271.817, 170
Trd, 000272.233, 173
Trd, 000272.950, 182
Trd, 000273.167, 189
Trd, 000273.633, 191
Trd, 000273.683, 192
Trd, 000273.833, 202
Trd, 000274.367, 194
Trd, 000274.850, 190
Trd, 000275.117, 189
Trd, 000275.400, 189
Trd, 000275.450, 186
Trd, 000275.883, 179
Trd, 000276.233, 178
Trd, 000276.583, 176
Trd, 000276.600, 175
Trd, 000276.817, 178
Trd, 000278.100, 173
Trd, 000278.133, 179
Trd, 000278.650, 181
Trd, 000278.667, 183
Trd, 000278.900, 193
Trd, 000279.933, 178
Trd, 000280.400, 186
Trd, 000280.650, 179
Trd, 000280.867, 184
Trd, 000281.500, 180
Trd, 000281.833, 184
Trd, 000281.900, 185
Trd, 000282.317, 176
Trd, 000283.100, 172
Trd, 000283.233, 169
Trd, 000284.200, 174
Trd, 000284.233, 173
Trd, 000284.417, 175
Trd, 000284.733, 161
Trd, 000285.200, 172
Trd, 000285.217, 174
Trd, 000286.200, 179
Trd, 000286.750, 172
Trd, 000287.583, 183
Trd, 000287.633, 182
Trd, 000287.667, 181
Trd, 000287.767, 190
Trd, 000288.933, 183
Trd, 000289.283, 186
Trd, 000289.517, 183
Trd, 000289.700, 193
Trd, 000290.483, 185
Trd, 000290.817, 184
Trd, 000290.967, 183
Trd, 000291.217, 187
Trd, 000291.483, 180
Trd, 000292.300, 188
Trd, 000292.417, 187
Trd, 000292.767, 187
Trd, 000293.400, 177
Trd, 000293.750, 173
Trd, 000294.033, 173
Trd, 000294.117, 187
Trd, 000294.750, 188
Trd, 000294.833, 191
Trd, 000295.017, 180
Trd, 000295.050, 180
Trd, 000295.067, 190
Trd, 000295.350, 192
Trd, 000295.833, 191
Trd, 000297.133, 190
Trd, 000297.300, 192
Trd, 000297.683, 182
Trd, 000297.950, 180
Trd, 000298.117, 178
Trd, 000298.567, 192
Trd, 000298.767, 194
Trd, 000298.933, 174
Trd, 000299.817, 181
Trd, 000299.933, 175
