Trd, 000002.533, 178
Trd, 000002.583, 177
Trd, 000002.650, 174
Trd, 000002.883, 173
Trd, 000003.217, 172
Trd, 000003.550, 168
Trd, 000003.850, 158
Trd, 000004.000, 158
Trd, 000004.250, 140
Trd, 000005.233, 145
Trd, 000006.100, 146
Trd, 000007.067, 137
Trd, 000008.050, 147
Trd, 000008.900, 147
Trd, 000009.367, 145
Trd, 000009.583, 146
Trd, 000009.767, 144
Trd, 000009.817, 147
Trd, 000009.900, 142
Trd, 000011.000, 148
Trd, 000011.917, 147
Trd, 000012.500, 148
Trd, 000012.817, 149
Trd, 000013.617, 152
Trd, 000014.150, 150
Trd, 000014.233, 151
Trd, 000015.917, 146
Trd, 000016.133, 143
Trd, 000016.283, 147
Trd, 000016.333, 142
Trd, 000017.500, 139
Trd, 000018.200, 145
Trd, 000018.300, 146
Trd, 000018.350, 146
Trd, 000020.483, 148
Trd, 000020.500, 148
Trd, 000021.633, 153
Trd, 000021.700, 152
Trd, 000021.717, 151
Trd, 000021.850, 150
Trd, 000022.817, 153
Trd, 000023.500, 152
Trd, 000023.717, 153
Trd, 000024.850, 154
Trd, 000025.083, 152
Trd, 000025.133, 153
Trd, 000025.250, 167
Trd, 000025.650, 141
Trd, 000026.150, 161
Trd, 000027.333, 159
Trd, 000028.783, 161
Trd, 000029.167, 163
Trd, 000029.300, 162
Trd, 000029.767, 168
Trd, 000029.933, 161
Trd, 000031.833, 162
Trd, 000033.600, 163
Trd, 000033.767, 161
Trd, 000034.050, 160
Trd, 000034.567, 157
Trd, 000034.867, 144
Trd, 000035.250, 143
Trd, 000035.717, 145
Trd, 000035.833, 153
Trd, 000036.550, 150
Trd, 000038.700, 150
Trd, 000038.883, 150
Trd, 000039.450, 152
Trd, 000039.800, 152
Trd, 000040.067, 150
Trd, 000040.667, 155
Trd, 000041.633, 150
Trd, 000042.000, 152
Trd, 000042.233, 154
Trd, 000042.550, 149
Trd, 000042.850, 151
Trd, 000043.267, 151
Trd, 000043.333, 152
Trd, 000043.983, 151
Trd, 000044.500, 151
Trd, 000045.633, 151
Trd, 000046.283, 152
Trd, 000046.417, 152
Trd, 000047.900, 153
Trd, 000048.000, 155
Trd, 000049.417, 154
Trd, 000050.017, 154
Trd, 000050.117, 155
Trd, 000050.617, 156
Trd, 000051.833, 156
Trd, 000052.250, 157
Trd, 000052.733, 158
Trd, 000053.100, 169
Trd, 000053.217, 170
Trd, 000054.700, 164
Trd, 000056.217, 165
Trd, 000056.383, 163
Trd, 000056.533, 156
Trd, 000057.350, 166
Trd, 000057.633, 158
Trd, 000057.733, 165
Trd, 000059.383, 145
Trd, 000060.083, 159
Trd, 000060.617, 162
Trd, 000060.867, 163
Trd, 000061.317, 157
Trd, 000061.333, 166
Trd, 000062.917, 157
Trd, 000063.733, 165
Trd, 000063.967, 161
Trd, 000065.100, 158
Trd, 000065.617, 159
Trd, 000065.850, 158
Trd, 000066.650, 157
Trd, 000067.050, 156
Trd, 000067.533, 155
Trd, 000068.717, 159
Trd, 000068.833, 158
Trd, 000069.417, 161
Trd, 000069.900, 159
Trd, 000070.083, 163
Trd, 000071.717, 169
Trd, 000073.300, 167
Trd, 000073.567, 167
Trd, 000074.217, 165
Trd, 000075.000, 168
Trd, 000075.017, 167
Trd, 000075.133, 169
Trd, 000075.150, 170
Trd, 000075.767, 166
Trd, 000075.917, 172
Trd, 000077.767, 160
Trd, 000078.583, 159
Trd, 000078.900, 159
Trd, 000079.083, 157
Trd, 000079.783, 158
Trd, 000080.100, 158
Trd, 000081.200, 156
Trd, 000082.400, 158
Trd, 000082.833, 159
Trd, 000083.250, 159
Trd, 000084.617, 162
Trd, 000085.133, 161
Trd, 000085.433, 162
Trd, 000085.683, 161
Trd, 000086.050, 161
Trd, 000086.367, 161
Trd, 000087.867, 160
Trd, 000087.983, 162
Trd, 000088.417, 159
Trd, 000088.683, 173
Trd, 000090.633, 164
Trd, 000090.767, 165
Trd, 000091.133, 163
Trd, 000091.433, 159
Trd, 000091.650, 160
Trd, 000092.750, 156
Trd, 000093.000, 157
Trd, 000093.417, 158
Trd, 000093.667, 146
Trd, 000094.933, 154
Trd, 000095.183, 156
Trd, 000096.150, 155
Trd, 000096.700, 157
Trd, 000096.717, 158
Trd, 000097.017, 160
Trd, 000098.017, 165
Trd, 000098.117, 157
Trd, 000099.667, 162
Trd, 000100.483, 162
Trd, 000100.650, 163
Trd, 000102.750, 163
Trd, 000103.067, 161
Trd, 000103.183, 161
Trd, 000104.000, 162
Trd, 000104.233, 178
Trd, 000105.533, 164
Trd, 000105.617, 162
Trd, 000105.933, 161
Trd, 000106.250, 160
Trd, 000106.367, 167
Trd, 000107.150, 164
Trd, 000107.833, 165
Trd, 000108.083, 165
Trd, 000109.267, 176
Trd, 000109.550, 164
Trd, 000110.217, 162
Trd, 000110.883, 167
Trd, 000111.367, 167
Trd, 000111.983, 169
Trd, 000112.100, 169
Trd, 000112.567, 169
Trd, 000112.900, 169
Trd, 000113.850, 161
Trd, 000114.783, 169
Trd, 000114.917, 179
Trd, 000115.067, 169
Trd, 000115.283, 165
Trd, 000115.667, 171
Trd, 000115.900, 168
Trd, 000117.300, 171
Trd, 000117.333, 172
Trd, 000117.833, 172
Trd, 000117.850, 183
Trd, 000118.650, 185
Trd, 000119.450, 171
Trd, 000121.433, 174
Trd, 000122.083, 171
Trd, 000122.467, 170
Trd, 000123.150, 171
Trd, 000123.250, 172
Trd, 000123.350, 173
Trd, 000123.517, 170
Trd, 000123.867, 162
Trd, 000124.567, 171
Trd, 000124.717, 172
Trd, 000125.400, 164
Trd, 000127.900, 152
Trd, 000128.567, 167
Trd, 000129.900, 161
Trd, 000130.367, 163
Trd, 000130.400, 163
Trd, 000130.500, 164
Trd, 000130.783, 163
Trd, 000131.400, 163
Trd, 000132.200, 164
Trd, 000132.350, 164
Trd, 000132.650, 164
Trd, 000132.833, 163
Trd, 000134.100, 165
Trd, 000135.150, 178
Trd, 000135.433, 164
Trd, 000135.617, 181
Trd, 000136.133, 151
Trd, 000138.400, 162
Trd, 000138.650, 164
Trd, 000139.200, 161
Trd, 000139.683, 163
Trd, 000140.183, 163
Trd, 000141.017, 159
Trd, 000141.733, 159
Trd, 000141.867, 162
Trd, 000141.933, 161
Trd, 000142.617, 164
Trd, 000143.067, 165
Trd, 000143.200, 165
Trd, 000143.900, 165
Trd, 000144.333, 164
Trd, 000145.750, 166
Trd, 000147.900, 163
Trd, 000148.033, 163
Trd, 000148.333, 163
Trd, 000149.667, 163
Trd, 000150.583, 164
Trd, 000150.967, 166
Trd, 000150.983, 166
Trd, 000151.867, 165
Trd, 000152.533, 163
Trd, 000153.950, 153
Trd, 000154.567, 158
Trd, 000155.183, 158
Trd, 000155.533, 157
Trd, 000156.200, 156
Trd, 000156.483, 158
Trd, 000156.600, 158
Trd, 000156.633, 159
Trd, 000156.867, 166
Trd, 000157.600, 180
Trd, 000158.150, 165
Trd, 000159.117, 174
Trd, 000159.683, 173
Trd, 000160.300, 173
Trd, 000162.100, 167
Trd, 000163.217, 168
Trd, 000164.033, 166
Trd, 000165.150, 164
Trd, 000165.717, 164
Trd, 000165.983, 164
Trd, 000166.017, 162
Trd, 000166.583, 166
Trd, 000168.150, 165
Trd, 000168.550, 163
Trd, 000169.300, 163
Trd, 000169.500, 158
Trd, 000169.900, 162
Trd, 000170.100, 161
Trd, 000170.317, 163
Trd, 000170.717, 166
Trd, 000170.883, 165
Trd, 000171.417, 164
Trd, 000171.850, 168
Trd, 000172.133, 165
Trd, 000172.417, 168
Trd, 000173.783, 165
Trd, 000173.833, 169
Trd, 000174.333, 182
Trd, 000175.600, 171
Trd, 000176.767, 174
Trd, 000176.833, 178
Trd, 000176.983, 177
Trd, 000177.500, 183
Trd, 000178.617, 183
Trd, 000178.767, 177
Trd, 000178.983, 185
Trd, 000179.933, 177
Trd, 000181.250, 182
Trd, 000181.400, 180
Trd, 000183.300, 183
Trd, 000183.450, 183
Trd, 000183.667, 184
Trd, 000184.450, 177
Trd, 000185.483, 184
Trd, 000185.900, 183
Trd, 000186.150, 179
Trd, 000187.183, 180
Trd, 000187.533, 180
Trd, 000187.650, 181
Trd, 000187.783, 176
Trd, 000188.283, 178
Trd, 000188.950, 177
Trd, 000189.167, 177
Trd, 000189.833, 177
Trd, 000190.533, 178
Trd, 000191.017, 179
Trd, 000192.517, 169
Trd, 000193.000, 174
Trd, 000193.150, 173
Trd, 000194.300, 175
Trd, 000194.800, 170
Trd, 000194.983, 169
Trd, 000196.033, 173
Trd, 000196.183, 169
Trd, 000196.217, 175
Trd, 000196.283, 177
Trd, 000196.533, 174
Trd, 000198.833, 167
Trd, 000198.917, 169
Trd, 000199.067, 171
Trd, 000199.833, 170
Trd, 000200.250, 171
Trd, 000200.367, 170
Trd, 000201.267, 171
Trd, 000201.283, 174
Trd, 000203.017, 174
Trd, 000204.300, 175
Trd, 000205.050, 174
Trd, 000205.683, 176
Trd, 000206.200, 177
Trd, 000206.850, 178
Trd, 000206.983, 171
Trd, 000207.267, 170
Trd, 000207.883, 179
Trd, 000209.433, 180
Trd, 000209.800, 179
Trd, 000210.183, 179
Trd, 000210.233, 181
Trd, 000210.350, 181
Trd, 000211.000, 182
Trd, 000212.083, 182
Trd, 000212.117, 175
Trd, 000212.300, 186
Trd, 000214.083, 182
Trd, 000215.117, 181
Trd, 000216.083, 177
Trd, 000216.550, 182
Trd, 000217.383, 182
Trd, 000217.567, 181
Trd, 000217.817, 177
Trd, 000218.250, 176
Trd, 000220.017, 176
Trd, 000220.067, 175
Trd, 000220.217, 175
Trd, 000221.183, 175
Trd, 000221.350, 170
Trd, 000222.083, 171
Trd, 000223.233, 171
Trd, 000224.100, 173
Trd, 000224.183, 172
Trd, 000224.400, 187
Trd, 000225.283, 169
Trd, 000225.867, 174
Trd, 000226.217, 173
Trd, 000226.417, 175
Trd, 000228.467, 173
Trd, 000228.783, 172
Trd, 000229.217, 173
Trd, 000229.800, 173
Trd, 000229.967, 172
Trd, 000230.017, 174
Trd, 000231.583, 171
Trd, 000231.600, 174
Trd, 000231.767, 178
Trd, 000232.300, 188
Trd, 000232.417, 189
Trd, 000232.767, 185
Trd, 000232.833, 184
Trd, 000234.850, 179
Trd, 000235.417, 179
Trd, 000235.950, 180
Trd, 000237.183, 180
Trd, 000237.333, 181
Trd, 000237.683, 182
Trd, 000237.883, 182
Trd, 000237.933, 181
Trd, 000239.683, 184
Trd, 000239.817, 185
Trd, 000240.100, 184
Trd, 000240.567, 182
Trd, 000240.900, 181
Trd, 000241.100, 181
Trd, 000241.167, 183
Trd, 000241.817, 184
Trd, 000242.767, 182
Trd, 000243.800, 185
Trd, 000244.100, 185
Trd, 000244.533, 184
Trd, 000244.700, 183
Trd, 000244.950, 183
Trd, 000245.067, 183
Trd, 000245.100, 182
Trd, 000245.650, 179
Trd, 000246.217, 179
Trd, 000246.433, 174
Trd, 000247.717, 179
Trd, 000248.000, 181
Trd, 000248.117, 167
Trd, 000248.300, 182
Trd, 000248.783, 178
Trd, 000248.983, 184
Trd, 000250.583, 178
Trd, 000250.617, 175
Trd, 000250.733, 176
Trd, 000250.933, 179
Trd, 000251.817, 180
Trd, 000251.917, 180
Trd, 000252.400, 179
Trd, 000252.450, 178
Trd, 000252.767, 180
Trd, 000253.850, 175
Trd, 000254.267, 168
Trd, 000254.467, 168
Trd, 000254.550, 173
Trd, 000254.717, 171
Trd, 000255.283, 172
Trd, 000255.450, 173
Trd, 000255.750, 173
Trd, 000256.083, 175
Trd, 000256.750, 173
Trd, 000257.617, 189
Trd, 000258.550, 177
Trd, 000258.767, 179
Trd, 000259.217, 178
Trd, 000259.517, 177
Trd, 000259.917, 176
Trd, 000260.133, 174
Trd, 000260.600, 176
Trd, 000260.717, 177
Trd, 000261.250, 177
Trd, 000261.317, 175
Trd, 000261.583, 175
Trd, 000264.383, 178
Trd, 000264.750, 178
Trd, 000264.800, 180
Trd, 000265.267, 174
Trd, 000265.683, 173
Trd, 000266.017, 169
Trd, 000267.483, 174
Trd, 000267.517, 173
Trd, 000268.133, 175
Trd, 000268.383, 175
Trd, 000268.483, 176
Trd, 000268.600, 175
Trd, 000270.017, 177
Trd, 000270.267, 178
Trd, 000270.483, 181
Trd, 000271.250, 181
Trd, 000271.433, 186
Trd, 000271.800, 177
Trd, 000272.117, 175
Trd, 000272.900, 170
Trd, 000273.033, 174
Trd, 000273.250, 177
Trd, 000273.650, 173
Trd, 000274.417, 169
Trd, 000275.317, 170
Trd, 000275.467, 170
Trd, 000275.600, 173
Trd, 000275.933, 174
Trd, 000276.117, 169
Trd, 000276.317, 168
Trd, 000277.550, 173
Trd, 000278.583, 174
Trd, 000279.133, 169
Trd, 000279.317, 168
Trd, 000279.633, 175
Trd, 000280.000, 168
Trd, 000280.100, 176
Trd, 000281.833, 184
Trd, 000281.983, 183
Trd, 000282.000, 179
Trd, 000282.083, 178
Trd, 000282.100, 170
Trd, 000282.850, 183
Trd, 000282.933, 182
Trd, 000283.650, 182
Trd, 000284.117, 179
Trd, 000285.250, 176
Trd, 000285.333, 176
Trd, 000285.517, 175
Trd, 000285.600, 176
Trd, 000285.717, 176
Trd, 000285.950, 177
Trd, 000287.000, 176
Trd, 000288.417, 175
Trd, 000288.550, 177
Trd, 000288.683, 178
Trd, 000289.433, 179
Trd, 000289.717, 177
Trd, 000290.167, 177
Trd, 000290.567, 176
Trd, 000291.250, 177
Trd, 000291.333, 175
Trd, 000291.450, 180
Trd, 000291.783, 181
Trd, 000292.033, 177
Trd, 000293.900, 184
Trd, 000294.283, 180
Trd, 000294.417, 188
Trd, 000294.517, 185
Trd, 000294.617, 178
Trd, 000295.300, 188
Trd, 000295.900, 190
Trd, 000295.983, 187
Trd, 000296.983, 188
Trd, 000297.017, 187
Trd, 000297.167, 184
Trd, 000297.933, 180
Trd, 000298.033, 180
Trd, 000298.983, 183
Trd, 000299.833, 182
