Trd, 000002.033, 146
Trd, 000002.133, 142
Trd, 000003.950, 146
Trd, 000005.017, 161
Trd, 000005.650, 161
Trd, 000006.550, 152
Trd, 000006.800, 159
Trd, 000006.900, 153
Trd, 000007.333, 160
Trd, 000008.550, 157
Trd, 000009.433, 155
Trd, 000009.733, 155
Trd, 000009.900, 152
Trd, 000010.700, 149
Trd, 000011.250, 149
Trd, 000011.300, 151
Trd, 000012.533, 150
Trd, 000013.500, 150
Trd, 000013.933, 149
Trd, 000014.233, 148
Trd, 000014.983, 150
Trd, 000015.000, 147
Trd, 000015.633, 151
Trd, 000016.167, 148
Trd, 000016.783, 147
Trd, 000017.250, 141
Trd, 000017.517, 150
Trd, 000017.617, 136
Trd, 000017.850, 152
Trd, 000019.800, 146
Trd, 000020.100, 147
Trd, 000020.233, 150
Trd, 000020.267, 147
Trd, 000021.917, 146
Trd, 000022.500, 150
Trd, 000022.583, 165
Trd, 000024.283, 150
Trd, 000024.467, 148
Trd, 000024.867, 154
Trd, 000025.533, 156
Trd, 000026.883, 154
Trd, 000027.167, 153
Trd, 000027.450, 151
Trd, 000027.783, 151
Trd, 000028.083, 151
Trd, 000028.367, 150
Trd, 000028.550, 149
Trd, 000029.267, 150
Trd, 000030.167, 151
Trd, 000031.883, 162
Trd, 000031.917, 164
Trd, 000033.250, 159
Trd, 000033.850, 155
Trd, 000034.583, 154
Trd, 000036.017, 143
Trd, 000036.350, 151
Trd, 000036.850, 151
Trd, 000037.067, 150
Trd, 000037.600, 151
Trd, 000037.850, 150
Trd, 000037.967, 151
Trd, 000039.017, 151
Trd, 000039.267, 151
Trd, 000040.267, 156
Trd, 000040.650, 153
Trd, 000041.250, 152
Trd, 000041.800, 154
Trd, 000042.033, 155
Trd, 000042.267, 156
Trd, 000042.767, 153
Trd, 000043.483, 154
Trd, 000043.950, 153
Trd, 000044.150, 153
Trd, 000044.750, 154
Trd, 000044.950, 165
Trd, 000046.767, 164
Trd, 000046.967, 163
Trd, 000048.150, 153
Trd, 000048.567, 153
Trd, 000049.000, 163
Trd, 000049.300, 164
Trd, 000049.550, 165
Trd, 000051.683, 157
Trd, 000052.317, 157
Trd, 000052.767, 155
Trd, 000053.350, 160
Trd, 000054.867, 157
Trd, 000054.967, 158
Trd, 000055.850, 156
Trd, 000056.633, 156
Trd, 000057.250, 153
Trd, 000057.417, 159
Trd, 000058.850, 153
Trd, 000058.900, 154
Trd, 000059.033, 152
Trd, 000059.067, 158
Trd, 000059.433, 147
Trd, 000060.767, 153
Trd, 000061.067, 153
Trd, 000063.083, 157
Trd, 000063.233, 157
Trd, 000063.683, 156
Trd, 000063.833, 157
Trd, 000064.517, 157
Trd, 000064.650, 155
Trd, 000064.700, 169
Trd, 000065.250, 155
Trd, 000066.233, 143
Trd, 000069.100, 158
Trd, 000069.800, 157
Trd, 000069.983, 157
Trd, 000070.217, 156
Trd, 000070.850, 156
Trd, 000072.467, 158
Trd, 000072.667, 159
Trd, 000072.767, 158
Trd, 000073.333, 157
Trd, 000074.300, 157
Trd, 000074.383, 156
Trd, 000074.817, 155
Trd, 000074.983, 154
Trd, 000076.100, 143
Trd, 000076.150, 149
Trd, 000076.583, 150
Trd, 000077.283, 152
Trd, 000077.300, 147
Trd, 000079.000, 170
Trd, 000079.700, 154
Trd, 000080.150, 157
Trd, 000080.817, 169
Trd, 000082.300, 159
Trd, 000083.517, 159
Trd, 000083.817, 159
Trd, 000084.017, 159
Trd, 000084.183, 156
Trd, 000084.533, 158
Trd, 000086.100, 159
Trd, 000086.267, 160
Trd, 000087.233, 159
Trd, 000088.833, 160
Trd, 000089.017, 158
Trd, 000089.200, 158
Trd, 000089.550, 162
Trd, 000090.317, 173
Trd, 000090.383, 159
Trd, 000092.300, 158
Trd, 000092.500, 158
Trd, 000092.950, 157
Trd, 000094.067, 157
Trd, 000094.550, 156
Trd, 000094.717, 157
Trd, 000094.833, 158
Trd, 000095.567, 171
Trd, 000095.783, 169
Trd, 000095.900, 166
Trd, 000095.933, 157
Trd, 000097.017, 167
Trd, 000097.150, 168
Trd, 000097.667, 166
Trd, 000099.550, 164
Trd, 000099.717, 158
Trd, 000100.150, 161
Trd, 000100.550, 162
Trd, 000101.050, 147
Trd, 000101.783, 156
Trd, 000102.617, 156
Trd, 000103.783, 146
Trd, 000104.083, 147
Trd, 000106.083, 149
Trd, 000106.100, 150
Trd, 000106.700, 149
Trd, 000107.633, 153
Trd, 000108.367, 152
Trd, 000108.767, 153
Trd, 000108.950, 152
Trd, 000109.367, 151
Trd, 000110.283, 148
Trd, 000110.967, 149
Trd, 000111.917, 152
Trd, 000112.500, 162
Trd, 000112.700, 156
Trd, 000113.067, 154
Trd, 000113.400, 153
Trd, 000115.067, 158
Trd, 000115.817, 159
Trd, 000116.133, 159
Trd, 000116.300, 158
Trd, 000116.583, 158
Trd, 000117.933, 162
Trd, 000118.367, 161
Trd, 000118.483, 174
Trd, 000119.350, 167
Trd, 000119.433, 165
Trd, 000119.950, 165
Trd, 000120.600, 174
Trd, 000121.000, 176
Trd, 000121.750, 167
Trd, 000121.767, 177
Trd, 000122.267, 180
Trd, 000124.283, 173
Trd, 000124.317, 173
Trd, 000124.833, 179
Trd, 000127.333, 174
Trd, 000127.583, 174
Trd, 000127.650, 172
Trd, 000128.100, 172
Trd, 000128.200, 173
Trd, 000128.417, 172
Trd, 000130.033, 172
Trd, 000130.050, 165
Trd, 000130.450, 165
Trd, 000130.983, 169
Trd, 000131.917, 164
Trd, 000131.950, 149
Trd, 000132.833, 170
Trd, 000133.950, 165
Trd, 000134.567, 165
Trd, 000135.900, 166
Trd, 000136.400, 164
Trd, 000136.650, 166
Trd, 000136.717, 164
Trd, 000136.733, 163
Trd, 000136.867, 162
Trd, 000138.083, 167
Trd, 000138.583, 164
Trd, 000138.800, 162
Trd, 000139.800, 151
Trd, 000141.483, 158
Trd, 000141.650, 159
Trd, 000143.000, 156
Trd, 000143.350, 156
Trd, 000143.483, 157
Trd, 000144.067, 156
Trd, 000144.183, 158
Trd, 000144.400, 158
Trd, 000146.000, 159
Trd, 000146.083, 158
Trd, 000146.833, 161
Trd, 000147.450, 160
Trd, 000149.550, 158
Trd, 000149.733, 159
Trd, 000150.350, 152
Trd, 000151.200, 159
Trd, 000151.483, 158
Trd, 000152.267, 159
Trd, 000153.300, 160
Trd, 000153.783, 161
Trd, 000154.583, 161
Trd, 000154.800, 159
Trd, 000155.550, 159
Trd, 000156.367, 163
Trd, 000156.500, 166
Trd, 000157.383, 173
Trd, 000158.250, 170
Trd, 000158.850, 169
Trd, 000160.000, 168
Trd, 000160.417, 166
Trd, 000161.167, 166
Trd, 000162.450, 164
Trd, 000163.267, 166
Trd, 000163.467, 164
Trd, 000164.150, 167
Trd, 000164.800, 166
Trd, 000166.050, 165
Trd, 000166.083, 162
Trd, 000166.683, 164
Trd, 000167.317, 162
Trd, 000167.367, 164
Trd, 000168.317, 167
Trd, 000169.750, 167
Trd, 000170.650, 176
Trd, 000170.933, 166
Trd, 000171.017, 165
Trd, 000172.433, 169
Trd, 000172.750, 168
Trd, 000172.883, 168
Trd, 000173.333, 170
Trd, 000174.167, 165
Trd, 000174.817, 166
Trd, 000175.950, 165
Trd, 000176.383, 159
Trd, 000176.583, 165
Trd, 000177.483, 161
Trd, 000178.367, 160
Trd, 000179.083, 162
Trd, 000180.083, 162
Trd, 000180.467, 163
Trd, 000181.433, 161
Trd, 000181.483, 162
Trd, 000182.250, 160
Trd, 000183.183, 160
Trd, 000183.600, 163
Trd, 000183.733, 166
Trd, 000184.433, 164
Trd, 000184.950, 164
Trd, 000185.483, 164
Trd, 000186.117, 164
Trd, 000186.317, 165
Trd, 000187.050, 171
Trd, 000188.117, 156
Trd, 000188.467, 176
Trd, 000189.850, 177
Trd, 000189.950, 160
Trd, 000190.933, 173
Trd, 000191.017, 176
Trd, 000191.967, 175
Trd, 000192.017, 169
Trd, 000193.417, 163
Trd, 000193.650, 158
Trd, 000194.133, 156
Trd, 000194.350, 162
Trd, 000195.483, 161
Trd, 000196.400, 161
Trd, 000196.700, 159
Trd, 000197.000, 159
Trd, 000198.450, 156
Trd, 000199.150, 161
Trd, 000200.350, 158
Trd, 000200.450, 159
Trd, 000200.617, 158
Trd, 000201.783, 161
Trd, 000202.483, 162
Trd, 000202.650, 167
Trd, 000202.867, 168
Trd, 000204.167, 162
Trd, 000204.533, 163
Trd, 000205.417, 163
Trd, 000205.717, 164
Trd, 000205.933, 163
Trd, 000206.467, 160
Trd, 000208.017, 166
Trd, 000208.433, 159
Trd, 000209.183, 165
Trd, 000210.083, 167
Trd, 000210.200, 155
Trd, 000210.800, 159
Trd, 000211.250, 169
Trd, 000211.533, 166
Trd, 000212.533, 165
Trd, 000213.650, 183
Trd, 000214.017, 174
Trd, 000214.150, 171
Trd, 000214.383, 172
Trd, 000215.350, 175
Trd, 000215.717, 174
Trd, 000216.200, 173
Trd, 000216.783, 172
Trd, 000217.633, 171
Trd, 000217.800, 169
Trd, 000218.667, 168
Trd, 000219.567, 171
Trd, 000219.817, 172
Trd, 000219.983, 175
Trd, 000221.267, 173
Trd, 000222.250, 174
Trd, 000222.767, 169
Trd, 000223.567, 173
Trd, 000224.083, 174
Trd, 000224.817, 172
Trd, 000225.333, 172
Trd, 000225.883, 172
Trd, 000226.217, 171
Trd, 000226.717, 172
Trd, 000226.933, 172
Trd, 000228.017, 174
Trd, 000228.150, 184
Trd, 000228.217, 173
Trd, 000228.617, 188
Trd, 000230.383, 175
Trd, 000230.767, 175
Trd, 000230.783, 174
Trd, 000230.817, 176
Trd, 000233.167, 174
Trd, 000233.317, 176
Trd, 000234.600, 176
Trd, 000235.333, 175
Trd, 000236.100, 174
Trd, 000236.333, 177
Trd, 000236.783, 173
Trd, 000236.800, 177
Trd, 000237.467, 175
Trd, 000237.533, 177
Trd, 000237.583, 178
Trd, 000237.800, 173
Trd, 000239.017, 170
Trd, 000239.567, 178
Trd, 000240.767, 168
Trd, 000241.233, 171
Trd, 000241.467, 171
Trd, 000241.600, 168
Trd, 000242.033, 169
Trd, 000242.367, 171
Trd, 000242.383, 168
Trd, 000242.500, 167
Trd, 000242.667, 172
Trd, 000243.217, 170
Trd, 000243.250, 169
Trd, 000243.517, 167
Trd, 000245.817, 170
Trd, 000246.167, 169
Trd, 000246.800, 173
Trd, 000246.933, 172
Trd, 000248.383, 174
Trd, 000248.850, 174
Trd, 000249.133, 162
Trd, 000249.517, 161
Trd, 000249.900, 162
Trd, 000250.117, 167
Trd, 000250.383, 163
Trd, 000250.483, 166
Trd, 000251.867, 174
Trd, 000252.067, 171
Trd, 000253.583, 176
Trd, 000253.917, 176
Trd, 000254.883, 173
Trd, 000255.017, 173
Trd, 000255.633, 159
Trd, 000255.883, 172
Trd, 000255.983, 173
Trd, 000256.083, 172
Trd, 000256.150, 173
Trd, 000256.217, 171
Trd, 000256.850, 161
Trd, 000257.333, 163
Trd, 000257.917, 165
Trd, 000258.267, 164
Trd, 000258.817, 163
Trd, 000259.483, 162
Trd, 000259.500, 166
Trd, 000259.750, 165
Trd, 000260.050, 160
Trd, 000260.367, 163
Trd, 000260.717, 177
Trd, 000261.433, 171
Trd, 000262.417, 169
Trd, 000262.550, 168
Trd, 000263.400, 165
Trd, 000264.317, 162
Trd, 000264.750, 165
Trd, 000264.800, 169
Trd, 000265.167, 168
Trd, 000265.267, 169
Trd, 000266.517, 170
Trd, 000266.850, 170
Trd, 000267.817, 170
Trd, 000267.850, 172
Trd, 000268.500, 171
Trd, 000268.667, 169
Trd, 000269.617, 169
Trd, 000269.783, 170
Trd, 000270.350, 170
Trd, 000270.833, 171
Trd, 000271.033, 168
Trd, 000271.500, 164
Trd, 000272.150, 168
Trd, 000272.617, 169
Trd, 000273.200, 167
Trd, 000273.800, 167
Trd, 000273.950, 169
Trd, 000274.100, 166
Trd, 000274.467, 165
Trd, 000274.533, 163
Trd, 000274.650, 169
Trd, 000274.850, 171
Trd, 000277.517, 169
Trd, 000277.533, 170
Trd, 000277.733, 171
Trd, 000278.583, 172
Trd, 000278.817, 173
Trd, 000279.133, 172
Trd, 000279.333, 170
Trd, 000280.383, 167
Trd, 000280.850, 166
Trd, 000281.483, 171
Trd, 000281.683, 170
Trd, 000282.217, 175
Trd, 000282.250, 176
Trd, 000282.650, 170
Trd, 000282.717, 169
Trd, 000282.900, 168
Trd, 000283.617, 169
Trd, 000283.933, 172
Trd, 000284.017, 173
Trd, 000284.133, 176
Trd, 000285.450, 169
Trd, 000285.700, 170
Trd, 000286.367, 172
Trd, 000287.500, 170
Trd, 000288.067, 172
Trd, 000288.450, 173
Trd, 000288.500, 169
Trd, 000288.550, 175
Trd, 000289.517, 172
Trd, 000289.583, 174
Trd, 000289.733, 174
Trd, 000289.750, 171
Trd, 000290.350, 173
Trd, 000290.367, 176
Trd, 000291.017, 172
Trd, 000291.933, 173
Trd, 000292.400, 176
Trd, 000292.933, 175
Trd, 000293.250, 176
Trd, 000293.383, 174
Trd, 000293.450, 177
Trd, 000294.400, 177
Trd, 000294.617, 177
Trd, 000294.667, 176
Trd, 000295.083, 174
Trd, 000295.833, 176
Trd, 000296.117, 175
Trd, 000296.667, 173
Trd, 000297.067, 177
Trd, 000297.267, 177
Trd, 000297.400, 180
Trd, 000297.583, 166
Trd, 000298.350, 167
Trd, 000299.667, 167
