Trd, 000001.017, 127
Trd, 000001.450, 172
Trd, 000003.150, 132
Trd, 000003.500, 133
Trd, 000004.950, 168
Trd, 000005.150, 169
Trd, 000005.233, 155
Trd, 000006.283, 160
Trd, 000007.100, 159
Trd, 000007.400, 159
Trd, 000007.483, 160
Trd, 000007.733, 163
Trd, 000007.967, 157
Trd, 000008.700, 156
Trd, 000008.967, 164
Trd, 000010.367, 166
Trd, 000010.533, 161
Trd, 000011.917, 161
Trd, 000013.033, 162
Trd, 000013.583, 158
Trd, 000013.883, 161
Trd, 000014.000, 163
Trd, 000014.083, 149
Trd, 000014.233, 169
Trd, 000014.700, 149
Trd, 000015.250, 162
Trd, 000015.417, 173
Trd, 000016.367, 154
Trd, 000016.600, 155
Trd, 000017.300, 155
Trd, 000018.500, 156
Trd, 000018.517, 155
Trd, 000018.767, 156
Trd, 000018.817, 154
Trd, 000019.167, 150
Trd, 000019.367, 167
Trd, 000019.533, 168
Trd, 000020.067, 169
Trd, 000021.283, 154
Trd, 000021.600, 136
Trd, 000022.667, 164
Trd, 000023.650, 161
Trd, 000024.067, 165
Trd, 000024.433, 162
Trd, 000025.100, 160
Trd, 000026.117, 159
Trd, 000026.750, 159
Trd, 000027.483, 168
Trd, 000027.833, 173
Trd, 000028.550, 160
Trd, 000028.900, 168
Trd, 000029.400, 160
Trd, 000029.750, 166
Trd, 000029.933, 159
Trd, 000030.817, 159
Trd, 000031.767, 158
Trd, 000032.800, 160
Trd, 000032.967, 161
Trd, 000033.000, 158
Trd, 000033.383, 162
Trd, 000033.450, 166
Trd, 000033.467, 168
Trd, 000034.467, 160
Trd, 000034.617, 160
Trd, 000036.050, 158
Trd, 000036.233, 158
Trd, 000036.417, 158
Trd, 000037.600, 157
Trd, 000037.983, 158
Trd, 000038.500, 157
Trd, 000038.517, 158
Trd, 000038.917, 159
Trd, 000039.117, 157
Trd, 000040.133, 159
Trd, 000041.100, 160
Trd, 000041.217, 149
Trd, 000042.083, 161
Trd, 000042.217, 155
Trd, 000042.433, 168
Trd, 000042.700, 169
Trd, 000043.483, 170
Trd, 000043.850, 157
Trd, 000044.017, 169
Trd, 000045.700, 160
Trd, 000046.000, 159
Trd, 000046.250, 158
Trd, 000047.767, 168
Trd, 000047.917, 161
Trd, 000048.783, 169
Trd, 000049.800, 163
Trd, 000050.217, 169
Trd, 000053.367, 166
Trd, 000053.617, 167
Trd, 000053.750, 166
Trd, 000053.767, 165
Trd, 000054.250, 173
Trd, 000055.250, 166
Trd, 000055.700, 174
Trd, 000056.167, 171
Trd, 000057.183, 174
Trd, 000057.450, 167
Trd, 000058.200, 172
Trd, 000059.000, 163
Trd, 000059.033, 164
Trd, 000059.483, 154
Trd, 000060.283, 152
Trd, 000060.433, 153
Trd, 000060.600, 154
Trd, 000061.167, 146
Trd, 000063.250, 152
Trd, 000063.350, 155
Trd, 000063.467, 156
Trd, 000063.700, 161
Trd, 000064.167, 166
Trd, 000064.500, 171
Trd, 000065.350, 161
Trd, 000067.267, 163
Trd, 000068.067, 162
Trd, 000068.167, 163
Trd, 000068.183, 163
Trd, 000068.533, 162
Trd, 000069.617, 155
Trd, 000070.300, 165
Trd, 000070.400, 172
Trd, 000070.667, 171
Trd, 000070.767, 172
Trd, 000071.517, 161
Trd, 000072.983, 163
Trd, 000073.167, 161
Trd, 000073.350, 160
Trd, 000073.517, 161
Trd, 000074.317, 162
Trd, 000074.433, 162
Trd, 000074.867, 160
Trd, 000075.367, 163
Trd, 000075.933, 162
Trd, 000078.217, 161
Trd, 000078.483, 160
Trd, 000078.517, 159
Trd, 000078.633, 155
Trd, 000078.667, 166
Trd, 000079.350, 153
Trd, 000079.817, 153
Trd, 000081.283, 157
Trd, 000081.517, 157
Trd, 000082.500, 157
Trd, 000082.650, 152
Trd, 000083.017, 158
Trd, 000083.200, 155
Trd, 000084.850, 154
Trd, 000085.517, 159
Trd, 000085.750, 160
Trd, 000086.000, 160
Trd, 000086.083, 155
Trd, 000086.333, 159
Trd, 000087.617, 158
Trd, 000087.833, 159
Trd, 000088.317, 157
Trd, 000088.383, 157
Trd, 000088.650, 155
Trd, 000089.600, 173
Trd, 000090.017, 155
Trd, 000090.367, 167
Trd, 000091.650, 170
Trd, 000091.917, 157
Trd, 000093.083, 171
Trd, 000093.500, 161
Trd, 000095.167, 163
Trd, 000095.533, 168
Trd, 000095.933, 168
Trd, 000096.050, 164
Trd, 000096.267, 170
Trd, 000098.067, 168
Trd, 000098.683, 168
Trd, 000099.233, 169
Trd, 000099.700, 175
Trd, 000100.983, 166
Trd, 000101.383, 168
Trd, 000101.617, 165
Trd, 000101.683, 168
Trd, 000101.933, 164
Trd, 000103.133, 169
Trd, 000103.733, 174
Trd, 000104.217, 174
Trd, 000104.233, 169
Trd, 000105.417, 173
Trd, 000106.300, 167
Trd, 000107.083, 172
Trd, 000107.383, 175
Trd, 000108.800, 166
Trd, 000109.150, 167
Trd, 000109.583, 169
Trd, 000110.117, 169
Trd, 000110.350, 170
Trd, 000110.650, 167
Trd, 000111.617, 168
Trd, 000111.867, 166
Trd, 000111.950, 172
Trd, 000112.250, 175
Trd, 000113.383, 176
Trd, 000113.467, 175
Trd, 000113.967, 162
Trd, 000114.600, 166
Trd, 000115.133, 168
Trd, 000115.250, 166
Trd, 000115.933, 165
Trd, 000116.183, 166
Trd, 000117.283, 166
Trd, 000117.483, 165
Trd, 000117.867, 165
Trd, 000118.067, 159
Trd, 000118.933, 163
Trd, 000119.283, 164
Trd, 000119.983, 165
Trd, 000120.450, 161
Trd, 000121.517, 180
Trd, 000121.883, 162
Trd, 000122.067, 160
Trd, 000122.083, 170
Trd, 000122.467, 159
Trd, 000122.633, 170
Trd, 000122.850, 158
Trd, 000124.867, 166
Trd, 000125.167, 169
Trd, 000125.183, 156
Trd, 000126.483, 152
Trd, 000126.517, 153
Trd, 000126.767, 151
Trd, 000128.117, 178
Trd, 000128.383, 185
Trd, 000129.050, 181
Trd, 000129.233, 163
Trd, 000129.833, 163
Trd, 000131.050, 162
Trd, 000131.633, 165
Trd, 000132.217, 164
Trd, 000132.800, 164
Trd, 000133.717, 161
Trd, 000133.800, 161
Trd, 000133.883, 163
Trd, 000134.333, 167
Trd, 000134.367, 168
Trd, 000135.733, 160
Trd, 000136.550, 160
Trd, 000136.600, 164
Trd, 000137.317, 162
Trd, 000137.950, 164
Trd, 000138.000, 154
Trd, 000139.633, 160
Trd, 000140.250, 176
Trd, 000140.467, 179
Trd, 000140.667, 181
Trd, 000141.350, 184
Trd, 000142.017, 170
Trd, 000142.933, 182
Trd, 000143.550, 170
Trd, 000144.000, 178
Trd, 000144.217, 179
Trd, 000145.800, 174
Trd, 000146.800, 173
Trd, 000146.850, 172
Trd, 000147.433, 177
Trd, 000147.750, 178
Trd, 000148.083, 175
Trd, 000148.367, 178
Trd, 000148.667, 174
Trd, 000149.150, 179
Trd, 000150.217, 174
Trd, 000150.917, 174
Trd, 000151.833, 173
Trd, 000152.267, 183
Trd, 000152.800, 171
Trd, 000154.083, 174
Trd, 000154.167, 173
Trd, 000154.800, 171
Trd, 000156.017, 171
Trd, 000156.483, 171
Trd, 000156.933, 173
Trd, 000157.100, 175
Trd, 000157.333, 181
Trd, 000157.667, 171
Trd, 000158.517, 170
Trd, 000159.600, 170
Trd, 000159.867, 172
Trd, 000159.883, 174
Trd, 000160.050, 174
Trd, 000162.150, 166
Trd, 000162.683, 172
Trd, 000162.850, 173
Trd, 000164.783, 175
Trd, 000165.600, 171
Trd, 000166.200, 173
Trd, 000166.383, 173
Trd, 000166.850, 176
Trd, 000167.283, 181
Trd, 000167.517, 185
Trd, 000168.783, 175
Trd, 000169.433, 177
Trd, 000169.600, 177
Trd, 000170.383, 176
Trd, 000170.633, 176
Trd, 000170.850, 175
Trd, 000172.183, 174
Trd, 000172.667, 172
Trd, 000174.017, 176
Trd, 000174.683, 174
Trd, 000174.983, 175
Trd, 000175.100, 173
Trd, 000175.617, 176
Trd, 000175.850, 173
Trd, 000177.467, 173
Trd, 000177.500, 172
Trd, 000177.633, 178
Trd, 000177.750, 183
Trd, 000179.083, 173
Trd, 000181.017, 176
Trd, 000181.817, 174
Trd, 000182.083, 173
Trd, 000182.183, 174
Trd, 000182.350, 173
Trd, 000182.583, 173
Trd, 000183.900, 174
Trd, 000184.183, 186
Trd, 000184.517, 193
Trd, 000185.283, 183
Trd, 000185.317, 185
Trd, 000185.350, 175
Trd, 000185.650, 176
Trd, 000186.450, 196
Trd, 000187.583, 191
Trd, 000187.767, 177
Trd, 000188.317, 190
Trd, 000189.850, 183
Trd, 000189.950, 167
Trd, 000190.567, 182
Trd, 000190.967, 182
Trd, 000191.467, 181
Trd, 000191.617, 178
Trd, 000191.717, 186
Trd, 000192.467, 163
Trd, 000193.200, 160
Trd, 000193.217, 163
Trd, 000193.800, 159
Trd, 000194.583, 161
Trd, 000194.600, 162
Trd, 000195.017, 163
Trd, 000195.050, 184
Trd, 000195.150, 187
Trd, 000195.350, 191
Trd, 000196.233, 167
Trd, 000197.283, 177
Trd, 000197.650, 183
Trd, 000198.300, 173
Trd, 000198.400, 182
Trd, 000199.017, 198
Trd, 000199.567, 185
Trd, 000199.767, 209
Trd, 000200.900, 181
Trd, 000201.700, 184
Trd, 000202.283, 185
Trd, 000202.750, 184
Trd, 000202.833, 183
Trd, 000203.417, 180
Trd, 000203.667, 175
Trd, 000204.000, 173
Trd, 000204.750, 177
Trd, 000205.167, 176
Trd, 000205.783, 181
Trd, 000206.200, 181
Trd, 000206.433, 184
Trd, 000206.750, 185
Trd, 000206.833, 186
Trd, 000208.300, 188
Trd, 000208.367, 176
Trd, 000208.717, 188
Trd, 000211.100, 182
Trd, 000211.433, 181
Trd, 000211.833, 180
Trd, 000211.950, 183
Trd, 000212.950, 184
Trd, 000213.517, 180
Trd, 000213.583, 183
Trd, 000213.900, 184
Trd, 000214.017, 185
Trd, 000215.400, 182
Trd, 000215.500, 185
Trd, 000215.617, 179
Trd, 000215.917, 176
Trd, 000216.100, 184
Trd, 000216.517, 185
Trd, 000217.017, 183
Trd, 000217.333, 186
Trd, 000217.950, 187
Trd, 000219.800, 171
Trd, 000221.017, 171
Trd, 000221.317, 177
Trd, 000221.583, 176
Trd, 000221.717, 175
Trd, 000222.083, 175
Trd, 000222.300, 177
Trd, 000223.000, 177
Trd, 000223.517, 176
Trd, 000224.717, 178
Trd, 000224.783, 173
Trd, 000224.933, 186
Trd, 000225.150, 177
Trd, 000225.283, 177
Trd, 000225.833, 185
Trd, 000228.733, 182
Trd, 000229.400, 180
Trd, 000229.483, 183
Trd, 000229.700, 184
Trd, 000229.717, 178
Trd, 000231.217, 179
Trd, 000231.350, 178
Trd, 000232.100, 178
Trd, 000232.117, 182
Trd, 000232.450, 186
Trd, 000232.533, 187
Trd, 000233.083, 185
Trd, 000233.400, 171
Trd, 000234.600, 164
Trd, 000235.667, 180
Trd, 000236.217, 188
Trd, 000236.283, 178
Trd, 000237.050, 190
Trd, 000238.100, 189
Trd, 000238.233, 182
Trd, 000238.533, 188
Trd, 000239.517, 189
Trd, 000240.467, 187
Trd, 000240.683, 185
Trd, 000240.867, 187
Trd, 000241.000, 184
Trd, 000241.117, 182
Trd, 000241.150, 182
Trd, 000241.583, 179
Trd, 000242.233, 186
Trd, 000242.567, 185
Trd, 000244.067, 186
Trd, 000244.800, 184
Trd, 000245.133, 181
Trd, 000245.467, 181
Trd, 000245.650, 181
Trd, 000245.683, 180
Trd, 000246.050, 179
Trd, 000246.250, 180
Trd, 000246.550, 175
Trd, 000247.250, 175
Trd, 000247.767, 176
Trd, 000248.383, 175
Trd, 000248.400, 174
Trd, 000248.433, 176
Trd, 000250.183, 176
Trd, 000250.617, 177
Trd, 000250.783, 176
Trd, 000251.150, 176
Trd, 000251.333, 173
Trd, 000251.700, 177
Trd, 000252.250, 180
Trd, 000253.367, 177
Trd, 000253.733, 180
Trd, 000254.700, 180
Trd, 000255.200, 180
Trd, 000255.300, 179
Trd, 000255.733, 181
Trd, 000255.967, 178
Trd, 000256.717, 181
Trd, 000257.033, 180
Trd, 000257.133, 189
Trd, 000257.417, 178
Trd, 000257.983, 190
Trd, 000258.600, 178
Trd, 000258.717, 169
Trd, 000258.833, 194
Trd, 000259.000, 198
Trd, 000260.583, 175
Trd, 000260.667, 174
Trd, 000260.700, 170
Trd, 000261.217, 173
Trd, 000262.033, 176
Trd, 000262.167, 176
Trd, 000262.200, 175
Trd, 000262.883, 177
Trd, 000263.200, 173
Trd, 000263.500, 177
Trd, 000264.950, 173
Trd, 000264.983, 171
Trd, 000265.400, 173
Trd, 000265.733, 173
Trd, 000266.733, 190
Trd, 000266.933, 185
Trd, 000267.133, 192
Trd, 000267.617, 179
Trd, 000268.583, 186
Trd, 000268.767, 191
Trd, 000269.000, 182
Trd, 000269.050, 181
Trd, 000270.233, 182
Trd, 000270.317, 181
Trd, 000270.783, 180
Trd, 000270.867, 183
Trd, 000271.000, 184
Trd, 000272.233, 175
Trd, 000273.050, 172
Trd, 000273.400, 177
Trd, 000273.550, 178
Trd, 000274.733, 175
Trd, 000274.883, 172
Trd, 000274.950, 176
Trd, 000275.450, 178
Trd, 000275.900, 180
Trd, 000276.583, 177
Trd, 000276.683, 176
Trd, 000276.867, 176
Trd, 000277.783, 177
Trd, 000277.800, 176
Trd, 000278.050, 178
Trd, 000278.533, 182
Trd, 000279.650, 183
Trd, 000279.717, 184
Trd, 000280.050, 178
Trd, 000280.450, 177
Trd, 000280.467, 177
Trd, 000282.000, 179
Trd, 000282.400, 176
Trd, 000282.833, 178
Trd, 000283.217, 180
Trd, 000283.683, 176
Trd, 000284.650, 175
Trd, 000285.283, 175
Trd, 000285.767, 180
Trd, 000286.533, 177
Trd, 000286.600, 183
Trd, 000286.667, 177
Trd, 000287.900, 193
Trd, 000288.117, 190
Trd, 000288.150, 187
Trd, 000289.817, 181
Trd, 000290.317, 180
Trd, 000290.817, 181
Trd, 000290.983, 180
Trd, 000292.100, 184
Trd, 000292.700, 180
Trd, 000293.000, 183
Trd, 000293.033, 177
Trd, 000293.483, 181
Trd, 000294.317, 179
Trd, 000295.333, 178
Trd, 000295.383, 179
Trd, 000296.217, 181
Trd, 000296.400, 178
Trd, 000297.067, 179
Trd, 000297.100, 180
Trd, 000297.217, 180
Trd, 000298.267, 183
Trd, 000298.867, 185
Trd, 000299.300, 188
Trd, 000299.350, 180
