Trd, 000002.200, 113
Trd, 000003.150, 140
Trd, 000003.250, 142
Trd, 000003.750, 147
Trd, 000003.883, 141
Trd, 000004.850, 160
Trd, 000006.450, 161
Trd, 000006.550, 161
Trd, 000006.900, 162
Trd, 000007.367, 159
Trd, 000008.100, 158
Trd, 000009.183, 142
Trd, 000009.483, 141
Trd, 000010.050, 158
Trd, 000010.233, 163
Trd, 000011.233, 142
Trd, 000012.017, 155
Trd, 000012.083, 151
Trd, 000012.783, 142
Trd, 000013.083, 142
Trd, 000013.350, 156
Trd, 000013.433, 159
Trd, 000013.733, 163
Trd, 000013.750, 149
Trd, 000016.250, 155
Trd, 000016.517, 155
Trd, 000016.567, 170
Trd, 000018.050, 152
Trd, 000018.483, 164
Trd, 000018.600, 166
Trd, 000018.833, 153
Trd, 000019.083, 161
Trd, 000019.233, 152
Trd, 000019.383, 151
Trd, 000019.800, 149
Trd, 000020.117, 161
Trd, 000021.217, 155
Trd, 000021.317, 161
Trd, 000021.333, 142
Trd, 000021.467, 162
Trd, 000022.633, 147
Trd, 000023.117, 148
Trd, 000024.167, 155
Trd, 000024.600, 148
Trd, 000025.700, 156
Trd, 000026.117, 149
Trd, 000026.717, 157
Trd, 000027.033, 143
Trd, 000027.850, 133
Trd, 000027.967, 144
Trd, 000028.350, 142
Trd, 000029.050, 135
Trd, 000029.433, 130
Trd, 000029.600, 144
Trd, 000030.800, 146
Trd, 000031.750, 146
Trd, 000031.833, 147
Trd, 000032.017, 158
Trd, 000032.133, 145
Trd, 000032.217, 165
Trd, 000032.267, 145
Trd, 000032.650, 171
Trd, 000032.717, 179
Trd, 000034.683, 156
Trd, 000035.600, 155
Trd, 000035.733, 158
Trd, 000037.117, 143
Trd, 000037.533, 149
Trd, 000037.833, 137
Trd, 000038.617, 145
Trd, 000040.267, 145
Trd, 000040.417, 144
Trd, 000040.550, 145
Trd, 000040.600, 146
Trd, 000040.633, 149
Trd, 000041.250, 160
Trd, 000041.383, 166
Trd, 000041.400, 154
Trd, 000041.750, 171
Trd, 000042.633, 144
Trd, 000042.950, 143
Trd, 000043.800, 142
Trd, 000045.750, 142
Trd, 000045.967, 138
Trd, 000046.433, 144
Trd, 000047.150, 143
Trd, 000048.383, 145
Trd, 000049.667, 144
Trd, 000049.700, 145
Trd, 000049.883, 143
Trd, 000050.233, 149
Trd, 000051.283, 147
Trd, 000052.517, 166
Trd, 000053.117, 151
Trd, 000053.800, 151
Trd, 000053.833, 152
Trd, 000053.967, 160
Trd, 000054.133, 150
Trd, 000054.883, 156
Trd, 000055.950, 152
Trd, 000056.900, 168
Trd, 000057.733, 157
Trd, 000058.500, 156
Trd, 000058.550, 161
Trd, 000058.783, 153
Trd, 000059.083, 148
Trd, 000060.250, 158
Trd, 000060.850, 159
Trd, 000061.217, 158
Trd, 000061.267, 161
Trd, 000062.733, 174
Trd, 000063.467, 159
Trd, 000063.717, 160
Trd, 000063.983, 147
Trd, 000064.400, 149
Trd, 000064.517, 160
Trd, 000064.900, 147
Trd, 000065.900, 159
Trd, 000066.783, 160
Trd, 000068.133, 160
Trd, 000068.150, 161
Trd, 000069.033, 159
Trd, 000069.450, 155
Trd, 000069.483, 160
Trd, 000069.617, 162
Trd, 000069.700, 153
Trd, 000070.567, 162
Trd, 000071.550, 163
Trd, 000073.450, 160
Trd, 000073.600, 155
Trd, 000073.883, 154
Trd, 000073.933, 154
Trd, 000074.683, 157
Trd, 000075.000, 151
Trd, 000075.783, 155
Trd, 000076.233, 157
Trd, 000076.500, 157
Trd, 000077.333, 162
Trd, 000078.250, 162
Trd, 000078.267, 169
Trd, 000078.533, 161
Trd, 000079.183, 164
Trd, 000079.867, 163
Trd, 000080.117, 160
Trd, 000080.233, 155
Trd, 000080.533, 148
Trd, 000080.683, 158
Trd, 000081.533, 141
Trd, 000082.117, 156
Trd, 000082.350, 158
Trd, 000084.950, 149
Trd, 000084.983, 148
Trd, 000085.650, 156
Trd, 000085.833, 163
Trd, 000085.850, 150
Trd, 000086.367, 170
Trd, 000086.517, 171
Trd, 000088.100, 161
Trd, 000088.533, 162
Trd, 000088.983, 164
Trd, 000089.033, 164
Trd, 000089.550, 162
Trd, 000090.133, 163
Trd, 000090.517, 162
Trd, 000090.883, 156
Trd, 000091.383, 163
Trd, 000091.417, 164
Trd, 000091.883, 164
Trd, 000093.283, 158
Trd, 000094.300, 161
Trd, 000094.867, 150
Trd, 000094.917, 149
Trd, 000095.500, 150
Trd, 000095.883, 153
Trd, 000096.600, 157
Trd, 000096.617, 159
Trd, 000098.150, 152
Trd, 000098.550, 150
Trd, 000098.733, 154
Trd, 000099.500, 151
Trd, 000099.700, 156
Trd, 000099.933, 158
Trd, 000100.150, 163
Trd, 000101.700, 159
Trd, 000101.717, 154
Trd, 000102.217, 165
Trd, 000103.000, 154
Trd, 000103.183, 163
Trd, 000104.633, 144
Trd, 000105.283, 144
Trd, 000105.733, 159
Trd, 000105.933, 153
Trd, 000106.650, 160
Trd, 000107.667, 172
Trd, 000107.917, 167
Trd, 000108.017, 157
Trd, 000108.200, 143
Trd, 000108.517, 164
Trd, 000109.400, 162
Trd, 000111.200, 159
Trd, 000111.550, 158
Trd, 000112.033, 160
Trd, 000113.100, 166
Trd, 000113.667, 161
Trd, 000114.117, 173
Trd, 000114.500, 158
Trd, 000115.400, 160
Trd, 000115.483, 158
Trd, 000116.533, 160
Trd, 000116.583, 159
Trd, 000116.733, 158
Trd, 000118.217, 153
Trd, 000118.483, 153
Trd, 000119.750, 154
Trd, 000119.783, 155
Trd, 000119.950, 157
Trd, 000121.450, 156
Trd, 000122.133, 153
Trd, 000122.550, 170
Trd, 000123.483, 158
Trd, 000123.533, 157
Trd, 000123.883, 152
Trd, 000125.117, 150
Trd, 000125.433, 153
Trd, 000125.617, 159
Trd, 000125.800, 152
Trd, 000126.033, 175
Trd, 000126.950, 179
Trd, 000127.400, 154
Trd, 000127.967, 152
Trd, 000129.100, 145
Trd, 000129.217, 140
Trd, 000129.767, 152
Trd, 000131.117, 154
Trd, 000131.250, 152
Trd, 000131.283, 157
Trd, 000131.550, 175
Trd, 000132.367, 180
Trd, 000132.383, 181
Trd, 000132.817, 154
Trd, 000133.050, 153
Trd, 000133.917, 192
Trd, 000134.000, 185
Trd, 000135.133, 181
Trd, 000135.433, 180
Trd, 000136.583, 152
Trd, 000138.617, 169
Trd, 000139.317, 167
Trd, 000139.700, 172
Trd, 000140.650, 170
Trd, 000141.250, 166
Trd, 000141.400, 165
Trd, 000141.533, 168
Trd, 000142.117, 167
Trd, 000142.400, 161
Trd, 000143.783, 166
Trd, 000143.883, 167
Trd, 000144.000, 161
Trd, 000144.333, 167
Trd, 000144.533, 168
Trd, 000145.450, 172
Trd, 000146.267, 174
Trd, 000146.533, 182
Trd, 000147.683, 177
Trd, 000148.667, 173
Trd, 000149.217, 174
Trd, 000149.783, 161
Trd, 000150.233, 162
Trd, 000150.767, 162
Trd, 000150.833, 167
Trd, 000151.050, 170
Trd, 000151.267, 170
Trd, 000152.117, 187
Trd, 000152.450, 183
Trd, 000153.650, 174
Trd, 000153.817, 173
Trd, 000154.083, 188
Trd, 000155.317, 162
Trd, 000155.400, 160
Trd, 000157.517, 166
Trd, 000157.717, 157
Trd, 000158.800, 159
Trd, 000159.483, 163
Trd, 000159.700, 158
Trd, 000159.717, 164
Trd, 000160.167, 165
Trd, 000160.767, 184
Trd, 000162.317, 161
Trd, 000162.333, 170
Trd, 000163.767, 162
Trd, 000164.067, 164
Trd, 000164.117, 162
Trd, 000166.033, 162
Trd, 000166.717, 166
Trd, 000166.800, 170
Trd, 000167.550, 164
Trd, 000167.750, 168
Trd, 000167.783, 164
Trd, 000167.833, 156
Trd, 000168.300, 157
Trd, 000168.533, 177
Trd, 000168.850, 178
Trd, 000169.150, 179
Trd, 000169.417, 185
Trd, 000169.633, 192
Trd, 000171.083, 179
Trd, 000172.100, 176
Trd, 000173.100, 182
Trd, 000173.900, 176
Trd, 000174.133, 179
Trd, 000174.333, 179
Trd, 000175.150, 196
Trd, 000175.733, 182
Trd, 000176.967, 163
Trd, 000177.233, 170
Trd, 000177.767, 168
Trd, 000178.767, 172
Trd, 000179.317, 164
Trd, 000179.433, 174
Trd, 000179.983, 166
Trd, 000180.517, 164
Trd, 000180.583, 180
Trd, 000181.017, 170
Trd, 000182.017, 173
Trd, 000182.600, 158
Trd, 000182.667, 171
Trd, 000184.100, 166
Trd, 000184.733, 164
Trd, 000185.133, 168
Trd, 000185.733, 159
Trd, 000186.017, 158
Trd, 000186.717, 164
Trd, 000187.133, 173
Trd, 000187.483, 175
Trd, 000188.283, 160
Trd, 000189.100, 186
Trd, 000189.483, 162
Trd, 000189.500, 161
Trd, 000189.683, 199
Trd, 000189.817, 160
Trd, 000191.433, 173
Trd, 000191.667, 176
Trd, 000192.283, 159
Trd, 000193.033, 170
Trd, 000193.700, 173
Trd, 000194.333, 163
Trd, 000194.517, 169
Trd, 000195.317, 161
Trd, 000195.750, 160
Trd, 000196.150, 170
Trd, 000196.267, 187
Trd, 000196.300, 196
Trd, 000197.567, 153
Trd, 000197.950, 158
Trd, 000198.083, 161
Trd, 000198.317, 182
Trd, 000200.100, 161
Trd, 000201.300, 170
Trd, 000201.333, 166
Trd, 000202.100, 168
Trd, 000202.650, 165
Trd, 000203.217, 164
Trd, 000203.333, 165
Trd, 000203.567, 168
Trd, 000204.467, 164
Trd, 000205.550, 168
Trd, 000205.933, 170
Trd, 000206.000, 175
Trd, 000206.833, 182
Trd, 000207.117, 189
Trd, 000208.783, 162
Trd, 000208.950, 170
Trd, 000209.433, 163
Trd, 000210.217, 160
Trd, 000210.467, 164
Trd, 000210.483, 165
Trd, 000211.383, 165
Trd, 000211.817, 165
Trd, 000213.317, 161
Trd, 000213.867, 162
Trd, 000214.033, 165
Trd, 000214.233, 176
Trd, 000214.333, 183
Trd, 000215.100, 163
Trd, 000215.867, 164
Trd, 000215.983, 169
Trd, 000217.650, 162
Trd, 000217.700, 160
Trd, 000217.767, 167
Trd, 000218.217, 154
Trd, 000218.717, 167
Trd, 000218.850, 168
Trd, 000219.033, 148
Trd, 000220.200, 171
Trd, 000221.133, 172
Trd, 000221.650, 162
Trd, 000221.750, 163
Trd, 000222.317, 170
Trd, 000222.333, 184
Trd, 000223.233, 189
Trd, 000224.717, 177
Trd, 000224.750, 172
Trd, 000225.700, 177
Trd, 000225.783, 169
Trd, 000225.817, 177
Trd, 000225.883, 168
Trd, 000226.167, 196
Trd, 000226.933, 163
Trd, 000227.800, 194
Trd, 000228.217, 195
Trd, 000228.900, 164
Trd, 000229.000, 162
Trd, 000230.367, 168
Trd, 000230.767, 183
Trd, 000231.400, 173
Trd, 000231.550, 173
Trd, 000232.133, 184
Trd, 000232.950, 155
Trd, 000233.150, 179
Trd, 000234.633, 164
Trd, 000234.733, 175
Trd, 000235.467, 187
Trd, 000235.500, 195
Trd, 000236.767, 176
Trd, 000237.033, 190
Trd, 000237.633, 181
Trd, 000238.967, 175
Trd, 000240.267, 175
Trd, 000240.417, 177
Trd, 000240.867, 173
Trd, 000241.133, 173
Trd, 000241.333, 172
Trd, 000241.367, 171
Trd, 000241.450, 175
Trd, 000241.683, 175
Trd, 000242.200, 177
Trd, 000242.683, 179
Trd, 000243.583, 179
Trd, 000243.900, 178
Trd, 000244.083, 183
Trd, 000244.650, 176
Trd, 000244.800, 186
Trd, 000244.867, 192
Trd, 000244.933, 176
Trd, 000245.033, 175
Trd, 000245.300, 175
Trd, 000245.683, 196
Trd, 000245.767, 171
Trd, 000246.433, 196
Trd, 000246.767, 187
Trd, 000248.017, 179
Trd, 000248.350, 173
Trd, 000248.667, 171
Trd, 000249.717, 178
Trd, 000249.867, 177
Trd, 000249.900, 178
Trd, 000250.167, 175
Trd, 000250.183, 165
Trd, 000250.300, 178
Trd, 000250.400, 169
Trd, 000250.417, 180
Trd, 000251.450, 164
Trd, 000251.917, 173
Trd, 000252.233, 178
Trd, 000252.483, 171
Trd, 000252.583, 171
Trd, 000253.083, 162
Trd, 000253.233, 170
Trd, 000254.867, 169
Trd, 000255.233, 170
Trd, 000255.317, 169
Trd, 000255.483, 170
Trd, 000255.683, 169
Trd, 000256.117, 172
Trd, 000256.533, 190
Trd, 000256.783, 193
Trd, 000257.250, 188
Trd, 000258.033, 200
Trd, 000258.283, 198
Trd, 000258.583, 194
Trd, 000258.883, 197
Trd, 000259.600, 184
Trd, 000259.683, 177
Trd, 000260.100, 183
Trd, 000260.483, 183
Trd, 000260.700, 186
Trd, 000261.517, 186
Trd, 000261.617, 183
Trd, 000261.817, 181
Trd, 000262.017, 178
Trd, 000262.717, 179
Trd, 000262.750, 182
Trd, 000263.433, 188
Trd, 000263.750, 185
Trd, 000263.800, 181
Trd, 000264.133, 177
Trd, 000264.517, 178
Trd, 000264.967, 174
Trd, 000265.483, 174
Trd, 000266.217, 175
Trd, 000266.350, 173
Trd, 000266.817, 173
Trd, 000267.017, 171
Trd, 000267.133, 166
Trd, 000267.817, 165
Trd, 000268.100, 170
Trd, 000269.367, 184
Trd, 000269.400, 182
Trd, 000269.933, 189
Trd, 000270.183, 192
Trd, 000270.383, 199
Trd, 000270.583, 187
Trd, 000271.083, 192
Trd, 000271.267, 193
Trd, 000271.583, 190
Trd, 000271.850, 192
Trd, 000272.283, 189
Trd, 000272.367, 192
Trd, 000273.400, 190
Trd, 000273.433, 189
Trd, 000274.117, 185
Trd, 000274.550, 192
Trd, 000274.583, 195
Trd, 000275.083, 184
Trd, 000275.617, 191
Trd, 000276.250, 191
Trd, 000276.750, 188
Trd, 000277.333, 189
Trd, 000277.383, 188
Trd, 000277.633, 186
Trd, 000278.117, 168
Trd, 000278.200, 183
Trd, 000278.533, 164
Trd, 000279.383, 178
Trd, 000279.533, 182
Trd, 000279.750, 170
Trd, 000280.267, 183
Trd, 000281.633, 182
Trd, 000281.700, 187
Trd, 000282.200, 190
Trd, 000282.350, 179
Trd, 000282.517, 170
Trd, 000282.733, 192
Trd, 000283.183, 174
Trd, 000284.000, 184
Trd, 000284.283, 184
Trd, 000284.433, 185
Trd, 000284.617, 190
Trd, 000285.000, 189
Trd, 000285.467, 182
Trd, 000285.617, 183
Trd, 000285.683, 173
Trd, 000285.767, 174
Trd, 000285.833, 172
Trd, 000286.117, 182
Trd, 000286.500, 179
Trd, 000286.867, 193
Trd, 000287.550, 169
Trd, 000287.683, 187
Trd, 000287.900, 201
Trd, 000288.867, 181
Trd, 000289.000, 181
Trd, 000289.217, 175
Trd, 000289.367, 187
Trd, 000289.583, 174
Trd, 000289.750, 173
Trd, 000290.150, 177
Trd, 000290.367, 184
Trd, 000290.917, 169
Trd, 000291.183, 190
Trd, 000291.600, 190
Trd, 000292.317, 187
Trd, 000293.283, 191
Trd, 000293.900, 198
Trd, 000294.450, 191
Trd, 000294.550, 174
Trd, 000294.683, 162
Trd, 000294.850, 166
Trd, 000295.033, 170
Trd, 000295.350, 178
Trd, 000295.367, 184
Trd, 000295.683, 165
Trd, 000296.683, 168
Trd, 000296.833, 167
Trd, 000296.867, 179
Trd, 000297.767, 181
Trd, 000298.233, 169
Trd, 000298.850, 188
Trd, 000299.067, 181
Trd, 000299.217, 167
Trd, 000299.350, 163
