Trd, 000001.117, 166
Trd, 000001.650, 150
Trd, 000002.800, 113
Trd, 000002.817, 131
Trd, 000003.167, 145
Trd, 000004.250, 164
Trd, 000005.417, 142
Trd, 000005.483, 143
Trd, 000006.933, 141
Trd, 000006.983, 142
Trd, 000007.067, 139
Trd, 000007.367, 139
Trd, 000008.367, 143
Trd, 000009.617, 144
Trd, 000009.683, 157
Trd, 000010.633, 151
Trd, 000010.667, 150
Trd, 000011.167, 150
Trd, 000011.183, 149
Trd, 000011.517, 163
Trd, 000012.450, 152
Trd, 000012.767, 154
Trd, 000012.783, 151
Trd, 000013.433, 151
Trd, 000013.900, 151
Trd, 000014.300, 168
Trd, 000014.333, 150
Trd, 000015.517, 156
Trd, 000016.200, 152
Trd, 000017.117, 157
Trd, 000018.050, 155
Trd, 000018.333, 156
Trd, 000018.400, 157
Trd, 000019.067, 157
Trd, 000019.483, 154
Trd, 000020.867, 158
Trd, 000021.617, 157
Trd, 000022.017, 159
Trd, 000022.267, 163
Trd, 000023.017, 160
Trd, 000023.783, 161
Trd, 000023.950, 159
Trd, 000023.967, 162
Trd, 000026.067, 161
Trd, 000026.433, 160
Trd, 000027.183, 161
Trd, 000027.700, 161
Trd, 000028.183, 158
Trd, 000028.350, 161
Trd, 000028.567, 161
Trd, 000029.083, 158
Trd, 000029.567, 163
Trd, 000030.917, 161
Trd, 000031.283, 161
Trd, 000031.700, 160
Trd, 000032.333, 165
Trd, 000033.167, 166
Trd, 000033.417, 161
Trd, 000034.233, 160
Trd, 000034.400, 161
Trd, 000035.267, 160
Trd, 000035.417, 159
Trd, 000035.533, 159
Trd, 000036.317, 160
Trd, 000036.717, 160
Trd, 000037.117, 159
Trd, 000037.817, 163
Trd, 000038.067, 158
Trd, 000038.433, 165
Trd, 000038.533, 162
Trd, 000040.167, 163
Trd, 000040.233, 163
Trd, 000040.467, 162
Trd, 000040.767, 162
Trd, 000041.650, 163
Trd, 000045.000, 160
Trd, 000045.033, 159
Trd, 000045.100, 159
Trd, 000045.367, 160
Trd, 000045.917, 161
Trd, 000047.183, 160
Trd, 000047.417, 162
Trd, 000047.633, 161
Trd, 000048.100, 161
Trd, 000048.183, 159
Trd, 000048.317, 162
Trd, 000049.367, 161
Trd, 000049.917, 161
Trd, 000051.117, 157
Trd, 000051.167, 159
Trd, 000052.350, 158
Trd, 000053.167, 158
Trd, 000053.917, 158
Trd, 000054.050, 161
Trd, 000054.167, 158
Trd, 000054.483, 157
Trd, 000054.783, 158
Trd, 000055.133, 158
Trd, 000057.700, 164
Trd, 000058.650, 167
Trd, 000058.717, 167
Trd, 000058.817, 165
Trd, 000058.900, 165
Trd, 000059.167, 171
Trd, 000059.317, 173
Trd, 000061.183, 169
Trd, 000062.833, 169
Trd, 000062.983, 166
Trd, 000063.217, 164
Trd, 000064.217, 167
Trd, 000064.617, 166
Trd, 000065.433, 165
Trd, 000065.800, 166
Trd, 000066.000, 163
Trd, 000066.850, 165
Trd, 000067.417, 163
Trd, 000068.133, 164
Trd, 000068.650, 163
Trd, 000068.733, 167
Trd, 000070.350, 168
Trd, 000070.400, 166
Trd, 000070.600, 169
Trd, 000071.250, 167
Trd, 000071.733, 168
Trd, 000073.400, 167
Trd, 000073.433, 169
Trd, 000073.617, 162
Trd, 000074.800, 158
Trd, 000074.917, 169
Trd, 000075.483, 167
Trd, 000075.533, 169
Trd, 000076.167, 166
Trd, 000076.250, 175
Trd, 000078.617, 168
Trd, 000078.867, 169
Trd, 000078.967, 168
Trd, 000079.417, 166
Trd, 000080.533, 167
Trd, 000080.733, 167
Trd, 000080.900, 166
Trd, 000081.083, 168
Trd, 000081.650, 167
Trd, 000082.933, 167
Trd, 000083.850, 167
Trd, 000083.867, 166
Trd, 000084.500, 166
Trd, 000085.483, 166
Trd, 000085.983, 163
Trd, 000086.350, 167
Trd, 000086.833, 168
Trd, 000088.017, 169
Trd, 000088.033, 171
Trd, 000088.317, 176
Trd, 000089.100, 169
Trd, 000090.283, 170
Trd, 000090.917, 169
Trd, 000091.417, 168
Trd, 000091.533, 170
Trd, 000092.567, 168
Trd, 000092.650, 170
Trd, 000093.000, 168
Trd, 000093.867, 167
Trd, 000095.450, 169
Trd, 000095.467, 170
Trd, 000096.550, 170
Trd, 000096.800, 171
Trd, 000097.317, 161
Trd, 000097.517, 168
Trd, 000100.200, 166
Trd, 000100.767, 165
Trd, 000100.833, 164
Trd, 000101.033, 161
Trd, 000101.150, 166
Trd, 000102.217, 165
Trd, 000102.417, 165
Trd, 000102.433, 172
Trd, 000103.400, 159
Trd, 000105.083, 169
Trd, 000105.183, 168
Trd, 000105.717, 169
Trd, 000106.117, 168
Trd, 000106.800, 169
Trd, 000107.067, 171
Trd, 000108.017, 168
Trd, 000108.850, 169
Trd, 000109.467, 167
Trd, 000110.350, 162
Trd, 000110.367, 168
Trd, 000111.883, 170
Trd, 000112.100, 170
Trd, 000112.700, 170
Trd, 000112.867, 173
Trd, 000113.150, 182
Trd, 000114.200, 178
Trd, 000114.333, 169
Trd, 000114.367, 168
Trd, 000115.117, 166
Trd, 000116.433, 169
Trd, 000117.150, 173
Trd, 000117.233, 173
Trd, 000117.700, 174
Trd, 000117.817, 174
Trd, 000117.833, 170
Trd, 000119.033, 172
Trd, 000119.783, 172
Trd, 000119.800, 171
Trd, 000120.367, 172
Trd, 000121.367, 170
Trd, 000121.917, 169
Trd, 000122.483, 174
Trd, 000122.683, 154
Trd, 000123.200, 167
Trd, 000124.233, 172
Trd, 000124.483, 172
Trd, 000125.667, 173
Trd, 000125.983, 173
Trd, 000126.333, 171
Trd, 000126.400, 171
Trd, 000127.333, 174
Trd, 000128.300, 171
Trd, 000128.967, 172
Trd, 000130.050, 171
Trd, 000130.317, 174
Trd, 000130.650, 172
Trd, 000130.983, 173
Trd, 000131.967, 173
Trd, 000132.800, 171
Trd, 000133.167, 171
Trd, 000133.367, 171
Trd, 000133.700, 168
Trd, 000133.817, 163
Trd, 000134.700, 150
Trd, 000134.900, 156
Trd, 000135.483, 157
Trd, 000136.000, 157
Trd, 000137.083, 173
Trd, 000137.817, 171
Trd, 000138.267, 170
Trd, 000139.283, 174
Trd, 000139.417, 167
Trd, 000139.583, 175
Trd, 000139.600, 167
Trd, 000140.783, 170
Trd, 000141.183, 173
Trd, 000141.333, 173
Trd, 000141.950, 172
Trd, 000141.967, 175
Trd, 000142.533, 176
Trd, 000142.800, 170
Trd, 000144.250, 164
Trd, 000144.983, 179
Trd, 000145.050, 167
Trd, 000147.317, 174
Trd, 000147.767, 173
Trd, 000148.783, 172
Trd, 000149.233, 173
Trd, 000149.700, 172
Trd, 000149.817, 165
Trd, 000150.133, 132
Trd, 000150.400, 170
Trd, 000150.417, 173
Trd, 000150.950, 170
Trd, 000151.100, 183
Trd, 000152.600, 169
Trd, 000152.767, 168
Trd, 000152.983, 168
Trd, 000154.500, 174
Trd, 000155.533, 175
Trd, 000155.600, 173
Trd, 000156.700, 175
Trd, 000157.033, 174
Trd, 000157.400, 175
Trd, 000158.600, 176
Trd, 000159.000, 175
Trd, 000159.283, 174
Trd, 000159.417, 174
Trd, 000159.483, 170
Trd, 000159.967, 177
Trd, 000160.900, 171
Trd, 000161.050, 177
Trd, 000161.383, 166
Trd, 000161.450, 177
Trd, 000162.567, 182
Trd, 000163.150, 181
Trd, 000163.183, 182
Trd, 000165.383, 181
Trd, 000165.617, 180
Trd, 000165.817, 179
Trd, 000166.400, 179
Trd, 000166.500, 174
Trd, 000166.583, 180
Trd, 000167.017, 179
Trd, 000168.783, 179
Trd, 000169.267, 179
Trd, 000169.367, 178
Trd, 000170.433, 178
Trd, 000170.800, 179
Trd, 000170.833, 177
Trd, 000170.850, 181
Trd, 000171.000, 175
Trd, 000172.817, 179
Trd, 000173.450, 181
Trd, 000174.483, 167
Trd, 000175.033, 175
Trd, 000175.333, 184
Trd, 000176.367, 175
Trd, 000176.567, 174
Trd, 000178.083, 178
Trd, 000178.200, 177
Trd, 000179.100, 179
Trd, 000179.133, 178
Trd, 000179.700, 177
Trd, 000179.817, 185
Trd, 000180.350, 179
Trd, 000180.583, 176
Trd, 000180.667, 174
Trd, 000182.833, 173
Trd, 000182.967, 173
Trd, 000183.050, 168
Trd, 000184.050, 159
Trd, 000184.367, 162
Trd, 000184.483, 172
Trd, 000184.517, 159
Trd, 000186.683, 158
Trd, 000187.600, 161
Trd, 000188.000, 161
Trd, 000188.033, 160
Trd, 000188.467, 160
Trd, 000188.600, 160
Trd, 000188.800, 162
Trd, 000188.967, 158
Trd, 000191.517, 162
Trd, 000191.800, 162
Trd, 000192.217, 163
Trd, 000192.833, 180
Trd, 000193.017, 181
Trd, 000193.450, 170
Trd, 000194.683, 173
Trd, 000195.450, 169
Trd, 000195.500, 170
Trd, 000195.550, 169
Trd, 000196.233, 168
Trd, 000196.500, 168
Trd, 000196.967, 173
Trd, 000198.267, 169
Trd, 000199.183, 175
Trd, 000199.533, 175
Trd, 000199.650, 168
Trd, 000200.283, 174
Trd, 000201.217, 173
Trd, 000201.517, 168
Trd, 000201.900, 169
Trd, 000202.117, 167
Trd, 000203.250, 167
Trd, 000203.400, 169
Trd, 000203.617, 167
Trd, 000203.967, 166
Trd, 000204.117, 169
Trd, 000206.317, 167
Trd, 000206.650, 166
Trd, 000207.700, 167
Trd, 000208.150, 169
Trd, 000208.333, 180
Trd, 000208.350, 179
Trd, 000209.100, 177
Trd, 000209.500, 182
Trd, 000209.767, 181
Trd, 000210.217, 182
Trd, 000210.383, 183
Trd, 000210.850, 176
Trd, 000212.017, 181
Trd, 000213.000, 164
Trd, 000214.217, 163
Trd, 000214.400, 164
Trd, 000215.150, 164
Trd, 000215.417, 164
Trd, 000215.900, 162
Trd, 000216.250, 165
Trd, 000216.367, 165
Trd, 000216.467, 165
Trd, 000217.650, 163
Trd, 000218.883, 181
Trd, 000218.983, 180
Trd, 000219.000, 187
Trd, 000219.117, 178
Trd, 000220.400, 177
Trd, 000221.150, 180
Trd, 000221.567, 182
Trd, 000222.967, 179
Trd, 000223.733, 177
Trd, 000223.817, 180
Trd, 000224.783, 178
Trd, 000225.067, 176
Trd, 000225.850, 174
Trd, 000226.350, 178
Trd, 000226.933, 163
Trd, 000227.933, 167
Trd, 000228.917, 167
Trd, 000229.917, 166
Trd, 000230.383, 167
Trd, 000230.517, 166
Trd, 000231.050, 168
Trd, 000231.150, 164
Trd, 000231.283, 167
Trd, 000232.150, 166
Trd, 000232.650, 165
Trd, 000233.467, 167
Trd, 000233.783, 167
Trd, 000233.900, 165
Trd, 000234.083, 165
Trd, 000234.717, 167
Trd, 000234.850, 181
Trd, 000235.333, 176
Trd, 000236.767, 175
Trd, 000237.383, 178
Trd, 000237.567, 182
Trd, 000237.867, 183
Trd, 000238.767, 186
Trd, 000240.117, 185
Trd, 000240.217, 182
Trd, 000240.233, 182
Trd, 000240.300, 178
Trd, 000240.950, 181
Trd, 000241.767, 179
Trd, 000242.033, 178
Trd, 000242.333, 176
Trd, 000242.450, 168
Trd, 000242.550, 168
Trd, 000242.733, 174
Trd, 000243.300, 169
Trd, 000243.517, 166
Trd, 000244.067, 167
Trd, 000244.283, 168
Trd, 000245.150, 168
Trd, 000246.150, 169
Trd, 000246.467, 168
Trd, 000247.083, 166
Trd, 000247.483, 166
Trd, 000248.100, 167
Trd, 000248.617, 167
Trd, 000248.833, 166
Trd, 000249.200, 167
Trd, 000249.983, 167
Trd, 000250.350, 170
Trd, 000250.533, 169
Trd, 000250.667, 170
Trd, 000251.050, 170
Trd, 000251.283, 169
Trd, 000253.050, 171
Trd, 000253.567, 168
Trd, 000253.633, 170
Trd, 000253.667, 176
Trd, 000255.667, 178
Trd, 000255.733, 177
Trd, 000256.533, 178
Trd, 000257.067, 178
Trd, 000257.550, 178
Trd, 000257.917, 178
Trd, 000258.000, 177
Trd, 000258.133, 174
Trd, 000258.950, 170
Trd, 000259.350, 170
Trd, 000259.383, 172
Trd, 000259.733, 184
Trd, 000259.750, 188
Trd, 000261.600, 173
Trd, 000261.933, 173
Trd, 000262.000, 171
Trd, 000262.267, 174
Trd, 000262.817, 163
Trd, 000262.917, 165
Trd, 000263.333, 166
Trd, 000263.433, 167
Trd, 000263.550, 163
Trd, 000263.800, 166
Trd, 000264.333, 165
Trd, 000265.567, 166
Trd, 000265.717, 163
Trd, 000266.267, 167
Trd, 000266.500, 164
Trd, 000266.600, 165
Trd, 000266.967, 170
Trd, 000267.517, 169
Trd, 000268.833, 176
Trd, 000269.317, 174
Trd, 000269.650, 175
Trd, 000269.750, 172
Trd, 000269.833, 172
Trd, 000269.917, 177
Trd, 000270.433, 192
Trd, 000270.733, 172
Trd, 000270.817, 195
Trd, 000271.517, 186
Trd, 000272.500, 176
Trd, 000272.567, 175
Trd, 000272.667, 176
Trd, 000272.733, 177
Trd, 000272.850, 172
Trd, 000273.583, 171
Trd, 000275.067, 167
Trd, 000275.333, 170
Trd, 000275.850, 171
Trd, 000276.317, 167
Trd, 000276.483, 171
Trd, 000276.983, 172
Trd, 000277.783, 165
Trd, 000277.917, 165
Trd, 000277.950, 171
Trd, 000278.667, 169
Trd, 000280.017, 171
Trd, 000280.500, 172
Trd, 000280.633, 172
Trd, 000280.800, 167
Trd, 000281.117, 173
Trd, 000281.300, 172
Trd, 000282.950, 175
Trd, 000283.150, 172
Trd, 000283.483, 173
Trd, 000283.817, 174
Trd, 000284.050, 174
Trd, 000284.983, 173
Trd, 000285.183, 173
Trd, 000285.250, 172
Trd, 000285.833, 172
Trd, 000285.850, 171
Trd, 000286.033, 174
Trd, 000287.150, 167
Trd, 000287.350, 169
Trd, 000287.400, 170
Trd, 000287.583, 169
Trd, 000287.783, 173
Trd, 000288.267, 171
Trd, 000288.800, 173
Trd, 000289.500, 173
Trd, 000289.650, 180
Trd, 000290.100, 172
Trd, 000290.633, 174
Trd, 000290.833, 175
Trd, 000291.100, 173
Trd, 000291.800, 171
Trd, 000292.433, 173
Trd, 000292.550, 172
Trd, 000292.933, 171
Trd, 000293.050, 178
Trd, 000293.183, 173
Trd, 000293.367, 174
Trd, 000294.333, 171
Trd, 000294.700, 172
Trd, 000294.750, 172
Trd, 000295.583, 173
Trd, 000296.050, 180
Trd, 000296.417, 170
Trd, 000296.867, 174
Trd, 000297.333, 166
Trd, 000297.583, 156
Trd, 000298.267, 187
Trd, 000298.483, 167
Trd, 000299.000, 164
Trd, 000299.550, 166
