Trd, 000001.767, 155
Trd, 000001.950, 125
Trd, 000002.583, 147
Trd, 000003.550, 147
Trd, 000004.750, 142
Trd, 000004.917, 141
Trd, 000005.317, 139
Trd, 000006.450, 136
Trd, 000006.983, 137
Trd, 000007.383, 135
Trd, 000008.517, 128
Trd, 000008.833, 136
Trd, 000009.450, 138
Trd, 000009.783, 138
Trd, 000010.150, 134
Trd, 000010.450, 145
Trd, 000010.867, 152
Trd, 000010.900, 151
Trd, 000011.667, 149
Trd, 000012.167, 164
Trd, 000012.217, 166
Trd, 000012.833, 139
Trd, 000013.533, 147
Trd, 000015.967, 154
Trd, 000016.667, 153
Trd, 000017.283, 151
Trd, 000017.650, 150
Trd, 000018.400, 148
Trd, 000019.517, 146
Trd, 000019.617, 146
Trd, 000019.900, 150
Trd, 000020.117, 146
Trd, 000020.333, 150
Trd, 000020.467, 151
Trd, 000021.983, 150
Trd, 000022.683, 145
Trd, 000023.283, 144
Trd, 000024.250, 146
Trd, 000025.200, 143
Trd, 000025.267, 146
Trd, 000025.567, 143
Trd, 000025.700, 144
Trd, 000025.817, 146
Trd, 000026.350, 150
Trd, 000027.283, 146
Trd, 000028.550, 143
Trd, 000029.017, 140
Trd, 000029.367, 143
Trd, 000030.533, 145
Trd, 000030.750, 144
Trd, 000030.917, 144
Trd, 000031.550, 147
Trd, 000032.200, 145
Trd, 000032.300, 167
Trd, 000032.317, 144
Trd, 000033.017, 145
Trd, 000033.167, 154
Trd, 000033.700, 144
Trd, 000034.083, 148
Trd, 000034.667, 167
Trd, 000035.533, 151
Trd, 000035.967, 144
Trd, 000036.883, 152
Trd, 000037.467, 147
Trd, 000038.017, 151
Trd, 000038.283, 147
Trd, 000039.150, 149
Trd, 000039.200, 148
Trd, 000039.533, 148
Trd, 000039.800, 150
Trd, 000040.100, 146
Trd, 000041.500, 141
Trd, 000042.117, 139
Trd, 000043.167, 146
Trd, 000043.733, 145
Trd, 000044.333, 145
Trd, 000044.617, 144
Trd, 000045.083, 144
Trd, 000045.533, 146
Trd, 000045.783, 145
Trd, 000046.133, 146
Trd, 000046.500, 147
Trd, 000047.483, 148
Trd, 000048.750, 150
Trd, 000049.367, 150
Trd, 000049.450, 147
Trd, 000049.967, 150
Trd, 000050.267, 146
Trd, 000050.750, 146
Trd, 000051.367, 147
Trd, 000051.783, 148
Trd, 000052.033, 149
Trd, 000052.617, 145
Trd, 000053.517, 153
Trd, 000054.617, 148
Trd, 000054.650, 147
Trd, 000055.450, 148
Trd, 000055.783, 149
Trd, 000055.917, 146
Trd, 000055.933, 150
Trd, 000056.600, 147
Trd, 000056.650, 148
Trd, 000057.217, 142
Trd, 000057.950, 143
Trd, 000058.267, 133
Trd, 000060.967, 142
Trd, 000061.983, 143
Trd, 000062.117, 147
Trd, 000063.200, 146
Trd, 000063.467, 143
Trd, 000065.133, 147
Trd, 000065.167, 148
Trd, 000065.183, 151
Trd, 000065.483, 148
Trd, 000065.600, 154
Trd, 000067.100, 165
Trd, 000067.800, 169
Trd, 000068.350, 165
Trd, 000068.600, 171
Trd, 000069.383, 165
Trd, 000069.650, 163
Trd, 000069.733, 171
Trd, 000069.750, 154
Trd, 000070.017, 134
Trd, 000070.917, 145
Trd, 000071.950, 146
Trd, 000072.017, 144
Trd, 000072.217, 135
Trd, 000073.050, 135
Trd, 000074.000, 142
Trd, 000074.067, 143
Trd, 000075.017, 143
Trd, 000075.817, 143
Trd, 000077.083, 148
Trd, 000077.783, 145
Trd, 000077.900, 145
Trd, 000077.933, 171
Trd, 000078.300, 157
Trd, 000078.850, 158
Trd, 000080.250, 163
Trd, 000080.833, 164
Trd, 000080.933, 168
Trd, 000081.600, 168
Trd, 000081.967, 170
Trd, 000082.033, 166
Trd, 000082.750, 162
Trd, 000083.233, 170
Trd, 000083.700, 160
Trd, 000083.900, 155
Trd, 000083.983, 153
Trd, 000086.283, 155
Trd, 000086.483, 158
Trd, 000087.233, 154
Trd, 000087.683, 153
Trd, 000088.500, 153
Trd, 000089.133, 150
Trd, 000089.483, 151
Trd, 000089.800, 152
Trd, 000089.833, 142
Trd, 000090.817, 144
Trd, 000091.533, 146
Trd, 000092.317, 141
Trd, 000092.417, 145
Trd, 000092.850, 147
Trd, 000093.083, 147
Trd, 000093.767, 145
Trd, 000096.050, 150
Trd, 000096.233, 147
Trd, 000096.450, 148
Trd, 000096.650, 152
Trd, 000096.883, 150
Trd, 000097.167, 149
Trd, 000097.300, 148
Trd, 000099.400, 142
Trd, 000100.717, 144
Trd, 000100.800, 144
Trd, 000101.700, 147
Trd, 000101.800, 146
Trd, 000102.683, 148
Trd, 000103.900, 150
Trd, 000104.317, 152
Trd, 000104.667, 154
Trd, 000104.783, 175
Trd, 000105.933, 153
Trd, 000106.617, 154
Trd, 000106.683, 153
Trd, 000107.650, 152
Trd, 000108.583, 152
Trd, 000110.333, 154
Trd, 000110.483, 156
Trd, 000110.517, 176
Trd, 000110.550, 152
Trd, 000111.017, 152
Trd, 000111.717, 169
Trd, 000111.800, 153
Trd, 000113.150, 162
Trd, 000113.867, 158
Trd, 000114.700, 158
Trd, 000115.283, 156
Trd, 000115.633, 158
Trd, 000115.817, 158
Trd, 000117.033, 156
Trd, 000117.333, 156
Trd, 000117.417, 153
Trd, 000117.667, 152
Trd, 000117.950, 152
Trd, 000118.083, 150
Trd, 000119.650, 137
Trd, 000119.933, 151
Trd, 000120.600, 147
Trd, 000120.667, 151
Trd, 000121.100, 143
Trd, 000121.717, 153
Trd, 000122.567, 156
Trd, 000123.017, 160
Trd, 000123.367, 179
Trd, 000123.867, 156
Trd, 000124.850, 155
Trd, 000124.917, 146
Trd, 000126.950, 172
Trd, 000127.700, 166
Trd, 000127.900, 153
Trd, 000128.983, 158
Trd, 000129.417, 159
Trd, 000129.517, 161
Trd, 000129.883, 163
Trd, 000130.067, 158
Trd, 000131.900, 149
Trd, 000132.400, 150
Trd, 000132.550, 154
Trd, 000133.000, 156
Trd, 000134.117, 155
Trd, 000134.683, 154
Trd, 000135.350, 154
Trd, 000136.083, 156
Trd, 000136.850, 157
Trd, 000137.017, 157
Trd, 000139.783, 153
Trd, 000139.817, 154
Trd, 000139.850, 155
Trd, 000139.900, 153
Trd, 000140.500, 153
Trd, 000140.717, 157
Trd, 000141.133, 155
Trd, 000142.083, 155
Trd, 000143.000, 156
Trd, 000143.500, 155
Trd, 000143.650, 158
Trd, 000144.033, 154
Trd, 000144.467, 158
Trd, 000145.000, 162
Trd, 000145.233, 158
Trd, 000145.983, 160
Trd, 000146.467, 158
Trd, 000146.767, 160
Trd, 000146.883, 164
Trd, 000149.017, 162
Trd, 000149.300, 162
Trd, 000150.000, 163
Trd, 000150.367, 162
Trd, 000151.400, 176
Trd, 000151.733, 156
Trd, 000151.833, 177
Trd, 000152.350, 156
Trd, 000153.017, 152
Trd, 000153.333, 144
Trd, 000154.567, 159
Trd, 000155.183, 156
Trd, 000155.350, 156
Trd, 000155.867, 156
Trd, 000157.183, 157
Trd, 000157.233, 158
Trd, 000158.983, 157
Trd, 000159.083, 158
Trd, 000159.350, 159
Trd, 000159.500, 157
Trd, 000159.517, 160
Trd, 000160.067, 157
Trd, 000160.417, 160
Trd, 000161.200, 157
Trd, 000162.233, 161
Trd, 000162.900, 158
Trd, 000165.150, 158
Trd, 000165.467, 159
Trd, 000165.933, 157
Trd, 000167.017, 160
Trd, 000167.767, 156
Trd, 000167.783, 157
Trd, 000168.533, 158
Trd, 000168.733, 154
Trd, 000169.217, 158
Trd, 000170.600, 155
Trd, 000171.217, 156
Trd, 000171.317, 157
Trd, 000171.650, 160
Trd, 000172.167, 155
Trd, 000173.000, 156
Trd, 000173.250, 163
Trd, 000173.483, 165
Trd, 000174.483, 170
Trd, 000174.950, 169
Trd, 000176.050, 179
Trd, 000176.933, 167
Trd, 000176.950, 165
Trd, 000177.233, 164
Trd, 000177.867, 164
Trd, 000178.783, 163
Trd, 000179.617, 165
Trd, 000179.917, 165
Trd, 000180.000, 155
Trd, 000180.183, 166
Trd, 000181.500, 164
Trd, 000181.683, 158
Trd, 000182.317, 161
Trd, 000183.400, 160
Trd, 000183.500, 159
Trd, 000183.717, 159
Trd, 000184.833, 158
Trd, 000185.833, 158
Trd, 000186.300, 159
Trd, 000186.367, 158
Trd, 000186.533, 159
Trd, 000187.183, 149
Trd, 000187.267, 166
Trd, 000189.667, 174
Trd, 000190.267, 172
Trd, 000190.333, 180
Trd, 000190.617, 182
Trd, 000191.133, 161
Trd, 000191.600, 161
Trd, 000193.117, 162
Trd, 000193.317, 164
Trd, 000193.583, 162
Trd, 000194.083, 151
Trd, 000195.733, 157
Trd, 000196.000, 161
Trd, 000196.200, 168
Trd, 000196.600, 166
Trd, 000197.100, 159
Trd, 000198.300, 161
Trd, 000198.483, 160
Trd, 000198.767, 159
Trd, 000199.133, 147
Trd, 000199.867, 160
Trd, 000199.883, 161
Trd, 000200.833, 156
Trd, 000201.450, 157
Trd, 000202.517, 156
Trd, 000202.667, 158
Trd, 000203.500, 158
Trd, 000203.883, 157
Trd, 000203.983, 156
Trd, 000204.333, 146
Trd, 000204.533, 168
Trd, 000205.883, 150
Trd, 000206.467, 152
Trd, 000206.800, 154
Trd, 000207.583, 148
Trd, 000208.383, 161
Trd, 000210.200, 159
Trd, 000210.367, 157
Trd, 000210.450, 160
Trd, 000210.767, 156
Trd, 000211.333, 158
Trd, 000212.817, 156
Trd, 000213.400, 159
Trd, 000213.950, 156
Trd, 000214.700, 157
Trd, 000215.517, 160
Trd, 000215.700, 162
Trd, 000216.033, 159
Trd, 000216.500, 160
Trd, 000217.283, 168
Trd, 000217.433, 159
Trd, 000219.433, 166
Trd, 000219.533, 161
Trd, 000220.267, 163
Trd, 000221.133, 164
Trd, 000221.650, 163
Trd, 000221.850, 162
Trd, 000222.700, 161
Trd, 000223.500, 163
Trd, 000224.017, 152
Trd, 000224.283, 161
Trd, 000224.567, 157
Trd, 000225.933, 162
Trd, 000226.317, 161
Trd, 000226.683, 160
Trd, 000226.850, 162
Trd, 000227.167, 160
Trd, 000228.500, 163
Trd, 000228.733, 163
Trd, 000230.617, 162
Trd, 000230.633, 161
Trd, 000230.933, 163
Trd, 000231.617, 162
Trd, 000232.683, 163
Trd, 000232.900, 162
Trd, 000233.067, 161
Trd, 000234.000, 162
Trd, 000234.467, 160
Trd, 000235.200, 163
Trd, 000235.983, 161
Trd, 000236.450, 162
Trd, 000237.217, 160
Trd, 000237.917, 161
Trd, 000238.450, 165
Trd, 000239.933, 159
Trd, 000240.483, 162
Trd, 000240.600, 165
Trd, 000240.933, 162
Trd, 000241.033, 163
Trd, 000241.533, 164
Trd, 000241.600, 163
Trd, 000242.150, 164
Trd, 000242.633, 164
Trd, 000242.917, 165
Trd, 000243.117, 168
Trd, 000243.733, 170
Trd, 000244.017, 168
Trd, 000244.200, 169
Trd, 000244.467, 169
Trd, 000244.633, 168
Trd, 000244.650, 165
Trd, 000246.250, 169
Trd, 000247.033, 169
Trd, 000247.233, 170
Trd, 000247.250, 172
Trd, 000247.267, 169
Trd, 000247.383, 175
Trd, 000247.667, 176
Trd, 000248.067, 167
Trd, 000248.517, 172
Trd, 000249.133, 181
Trd, 000249.167, 183
Trd, 000249.517, 180
Trd, 000249.683, 166
Trd, 000250.283, 174
Trd, 000250.800, 173
Trd, 000250.850, 171
Trd, 000250.917, 174
Trd, 000251.817, 176
Trd, 000252.433, 169
Trd, 000253.467, 173
Trd, 000254.133, 171
Trd, 000254.417, 172
Trd, 000254.750, 166
Trd, 000255.817, 173
Trd, 000255.917, 173
Trd, 000255.950, 172
Trd, 000256.217, 169
Trd, 000256.950, 169
Trd, 000257.350, 169
Trd, 000257.483, 173
Trd, 000257.550, 173
Trd, 000257.750, 175
Trd, 000258.467, 173
Trd, 000258.567, 176
Trd, 000259.117, 174
Trd, 000259.417, 177
Trd, 000259.967, 171
Trd, 000260.150, 171
Trd, 000260.433, 178
Trd, 000261.317, 170
Trd, 000261.883, 170
Trd, 000262.417, 169
Trd, 000262.900, 167
Trd, 000263.000, 172
Trd, 000263.083, 157
Trd, 000263.283, 167
Trd, 000264.033, 162
Trd, 000264.300, 161
Trd, 000264.400, 162
Trd, 000264.700, 159
Trd, 000264.717, 158
Trd, 000265.017, 157
Trd, 000265.783, 163
Trd, 000266.117, 168
Trd, 000267.183, 168
Trd, 000267.367, 168
Trd, 000267.633, 166
Trd, 000269.167, 174
Trd, 000269.250, 172
Trd, 000270.167, 171
Trd, 000270.333, 169
Trd, 000271.000, 170
Trd, 000271.167, 171
Trd, 000271.567, 169
Trd, 000271.667, 171
Trd, 000271.933, 177
Trd, 000272.017, 168
Trd, 000272.367, 172
Trd, 000272.633, 170
Trd, 000273.183, 173
Trd, 000273.267, 175
Trd, 000275.033, 175
Trd, 000275.183, 169
Trd, 000275.700, 170
Trd, 000276.083, 161
Trd, 000276.550, 162
Trd, 000276.950, 163
Trd, 000277.383, 162
Trd, 000277.667, 161
Trd, 000277.733, 163
Trd, 000277.883, 165
Trd, 000278.033, 169
Trd, 000278.133, 160
Trd, 000280.050, 166
Trd, 000281.000, 169
Trd, 000281.083, 172
Trd, 000281.300, 169
Trd, 000281.633, 176
Trd, 000281.933, 179
Trd, 000282.217, 178
Trd, 000282.333, 189
Trd, 000282.483, 180
Trd, 000283.250, 180
Trd, 000283.500, 179
Trd, 000284.333, 172
Trd, 000284.983, 178
Trd, 000285.117, 178
Trd, 000285.433, 177
Trd, 000285.567, 179
Trd, 000285.667, 171
Trd, 000285.750, 170
Trd, 000286.400, 179
Trd, 000286.800, 171
Trd, 000286.833, 169
Trd, 000287.083, 170
Trd, 000287.233, 167
Trd, 000288.867, 184
Trd, 000289.183, 181
Trd, 000289.567, 180
Trd, 000290.017, 177
Trd, 000290.433, 180
Trd, 000290.450, 181
Trd, 000290.867, 170
Trd, 000290.967, 194
Trd, 000292.367, 176
Trd, 000293.733, 180
Trd, 000293.967, 197
Trd, 000295.050, 175
Trd, 000295.467, 178
Trd, 000295.667, 178
Trd, 000295.750, 175
Trd, 000295.833, 175
Trd, 000295.933, 200
Trd, 000296.000, 174
Trd, 000296.367, 186
Trd, 000297.350, 185
Trd, 000297.650, 185
Trd, 000297.967, 184
Trd, 000298.033, 183
Trd, 000298.600, 183
Trd, 000298.967, 183
Trd, 000299.050, 184
Trd, 000299.300, 182
Trd, 000299.450, 191
Trd, 000299.700, 177
