Trd, 000001.300, 179
Trd, 000001.383, 172
Trd, 000002.567, 158
Trd, 000002.800, 187
Trd, 000003.017, 131
Trd, 000004.533, 131
Trd, 000005.033, 131
Trd, 000005.100, 134
Trd, 000005.617, 132
Trd, 000005.650, 147
Trd, 000006.367, 152
Trd, 000006.817, 140
Trd, 000007.200, 149
Trd, 000007.633, 157
Trd, 000007.667, 149
Trd, 000008.583, 151
Trd, 000008.600, 152
Trd, 000008.967, 150
Trd, 000009.767, 149
Trd, 000011.050, 147
Trd, 000012.417, 147
Trd, 000012.583, 148
Trd, 000013.167, 146
Trd, 000013.950, 147
Trd, 000014.050, 149
Trd, 000014.467, 149
Trd, 000014.483, 150
Trd, 000014.800, 146
Trd, 000016.500, 148
Trd, 000017.633, 148
Trd, 000018.000, 147
Trd, 000018.167, 149
Trd, 000018.733, 141
Trd, 000019.133, 149
Trd, 000019.550, 150
Trd, 000019.717, 153
Trd, 000020.667, 151
Trd, 000020.950, 148
Trd, 000021.800, 151
Trd, 000022.083, 149
Trd, 000022.767, 153
Trd, 000023.033, 145
Trd, 000024.200, 151
Trd, 000024.900, 150
Trd, 000025.500, 151
Trd, 000025.750, 152
Trd, 000025.783, 149
Trd, 000027.183, 149
Trd, 000027.533, 150
Trd, 000027.550, 150
Trd, 000028.267, 151
Trd, 000028.533, 153
Trd, 000028.600, 161
Trd, 000029.517, 152
Trd, 000030.033, 152
Trd, 000030.583, 153
Trd, 000030.733, 153
Trd, 000031.283, 153
Trd, 000031.450, 154
Trd, 000031.817, 156
Trd, 000032.100, 153
Trd, 000032.450, 152
Trd, 000033.067, 160
Trd, 000034.183, 154
Trd, 000034.433, 154
Trd, 000034.983, 153
Trd, 000035.033, 153
Trd, 000036.733, 153
Trd, 000037.083, 149
Trd, 000038.567, 152
Trd, 000038.783, 150
Trd, 000039.183, 149
Trd, 000040.133, 151
Trd, 000040.400, 152
Trd, 000041.000, 144
Trd, 000041.917, 151
Trd, 000042.117, 152
Trd, 000042.667, 152
Trd, 000042.850, 151
Trd, 000043.017, 150
Trd, 000043.667, 151
Trd, 000043.717, 152
Trd, 000044.183, 152
Trd, 000044.333, 149
Trd, 000046.150, 152
Trd, 000046.317, 152
Trd, 000046.700, 148
Trd, 000047.083, 148
Trd, 000047.217, 145
Trd, 000048.700, 150
Trd, 000049.783, 134
Trd, 000049.950, 136
Trd, 000050.433, 141
Trd, 000050.617, 141
Trd, 000051.833, 142
Trd, 000052.433, 141
Trd, 000052.567, 141
Trd, 000052.583, 143
Trd, 000052.650, 140
Trd, 000052.833, 139
Trd, 000053.217, 139
Trd, 000053.900, 138
Trd, 000054.633, 138
Trd, 000055.000, 153
Trd, 000055.950, 149
Trd, 000056.000, 146
Trd, 000057.533, 158
Trd, 000057.617, 155
Trd, 000057.650, 164
Trd, 000058.300, 148
Trd, 000058.783, 153
Trd, 000058.883, 161
Trd, 000059.117, 151
Trd, 000059.867, 151
Trd, 000060.383, 152
Trd, 000060.550, 153
Trd, 000062.000, 154
Trd, 000063.017, 154
Trd, 000063.333, 153
Trd, 000064.033, 153
Trd, 000064.167, 157
Trd, 000064.283, 152
Trd, 000064.867, 166
Trd, 000065.650, 154
Trd, 000065.800, 153
Trd, 000065.833, 152
Trd, 000067.000, 155
Trd, 000067.700, 156
Trd, 000067.767, 155
Trd, 000068.033, 156
Trd, 000068.550, 154
Trd, 000068.867, 163
Trd, 000069.050, 156
Trd, 000069.233, 168
Trd, 000070.600, 156
Trd, 000070.967, 157
Trd, 000072.150, 149
Trd, 000072.200, 154
Trd, 000072.633, 141
Trd, 000072.917, 144
Trd, 000073.317, 151
Trd, 000073.583, 155
Trd, 000074.867, 138
Trd, 000075.500, 148
Trd, 000075.850, 147
Trd, 000076.000, 147
Trd, 000077.317, 148
Trd, 000077.450, 149
Trd, 000077.750, 139
Trd, 000077.783, 159
Trd, 000078.750, 155
Trd, 000079.733, 152
Trd, 000080.533, 156
Trd, 000080.933, 152
Trd, 000081.300, 137
Trd, 000081.550, 152
Trd, 000081.750, 147
Trd, 000082.450, 152
Trd, 000082.550, 152
Trd, 000082.600, 156
Trd, 000084.683, 148
Trd, 000085.083, 160
Trd, 000085.250, 180
Trd, 000085.333, 169
Trd, 000085.717, 162
Trd, 000085.850, 147
Trd, 000086.183, 163
Trd, 000086.433, 162
Trd, 000087.050, 159
Trd, 000087.517, 146
Trd, 000088.467, 156
Trd, 000088.717, 154
Trd, 000088.767, 153
Trd, 000090.267, 157
Trd, 000090.667, 156
Trd, 000090.700, 152
Trd, 000090.917, 156
Trd, 000092.033, 156
Trd, 000093.117, 158
Trd, 000093.567, 159
Trd, 000093.950, 159
Trd, 000094.700, 163
Trd, 000094.933, 159
Trd, 000095.167, 159
Trd, 000095.183, 162
Trd, 000095.917, 160
Trd, 000096.300, 160
Trd, 000098.100, 159
Trd, 000098.283, 161
Trd, 000098.600, 159
Trd, 000098.633, 172
Trd, 000099.567, 183
Trd, 000100.167, 182
Trd, 000100.217, 180
Trd, 000100.450, 174
Trd, 000100.867, 173
Trd, 000101.183, 150
Trd, 000101.983, 144
Trd, 000103.133, 152
Trd, 000103.183, 166
Trd, 000103.900, 141
Trd, 000104.233, 148
Trd, 000104.933, 148
Trd, 000105.300, 147
Trd, 000105.333, 148
Trd, 000105.767, 152
Trd, 000106.050, 146
Trd, 000106.333, 158
Trd, 000106.650, 146
Trd, 000107.133, 137
Trd, 000107.300, 148
Trd, 000107.367, 155
Trd, 000107.633, 155
Trd, 000108.467, 142
Trd, 000108.533, 145
Trd, 000109.417, 146
Trd, 000109.700, 148
Trd, 000109.817, 151
Trd, 000110.850, 148
Trd, 000111.483, 148
Trd, 000111.500, 159
Trd, 000112.967, 158
Trd, 000113.000, 151
Trd, 000113.483, 146
Trd, 000113.767, 153
Trd, 000114.217, 147
Trd, 000114.917, 152
Trd, 000116.050, 152
Trd, 000116.200, 149
Trd, 000116.417, 154
Trd, 000118.167, 149
Trd, 000118.267, 148
Trd, 000118.467, 156
Trd, 000119.367, 158
Trd, 000120.300, 156
Trd, 000120.617, 152
Trd, 000121.117, 152
Trd, 000121.333, 153
Trd, 000122.267, 154
Trd, 000122.300, 158
Trd, 000122.633, 163
Trd, 000122.717, 154
Trd, 000123.517, 169
Trd, 000124.067, 168
Trd, 000124.400, 154
Trd, 000124.817, 164
Trd, 000125.033, 153
Trd, 000125.133, 163
Trd, 000126.033, 152
Trd, 000126.067, 155
Trd, 000126.967, 162
Trd, 000128.033, 153
Trd, 000128.300, 157
Trd, 000128.850, 153
Trd, 000129.000, 151
Trd, 000129.700, 156
Trd, 000130.450, 155
Trd, 000131.100, 153
Trd, 000131.683, 158
Trd, 000131.767, 157
Trd, 000132.450, 156
Trd, 000132.767, 152
Trd, 000134.917, 152
Trd, 000135.017, 151
Trd, 000135.417, 152
Trd, 000135.500, 151
Trd, 000135.767, 153
Trd, 000135.883, 157
Trd, 000136.900, 156
Trd, 000137.200, 157
Trd, 000137.483, 153
Trd, 000137.717, 162
Trd, 000137.933, 164
Trd, 000139.367, 159
Trd, 000139.483, 158
Trd, 000140.000, 160
Trd, 000141.483, 158
Trd, 000142.233, 156
Trd, 000143.983, 155
Trd, 000144.883, 157
Trd, 000145.217, 158
Trd, 000145.483, 157
Trd, 000145.600, 157
Trd, 000145.967, 157
Trd, 000146.100, 156
Trd, 000146.133, 154
Trd, 000146.483, 158
Trd, 000146.617, 159
Trd, 000147.267, 173
Trd, 000147.300, 156
Trd, 000148.383, 170
Trd, 000148.733, 159
Trd, 000148.867, 157
Trd, 000149.050, 162
Trd, 000149.167, 155
Trd, 000149.200, 163
Trd, 000149.550, 164
Trd, 000149.967, 155
Trd, 000151.767, 158
Trd, 000153.800, 157
Trd, 000154.200, 158
Trd, 000154.933, 158
Trd, 000155.067, 156
Trd, 000155.383, 160
Trd, 000156.050, 160
Trd, 000156.417, 163
Trd, 000156.750, 156
Trd, 000157.467, 158
Trd, 000158.033, 159
Trd, 000158.117, 155
Trd, 000159.100, 155
Trd, 000159.683, 158
Trd, 000160.067, 157
Trd, 000160.983, 157
Trd, 000161.383, 158
Trd, 000161.550, 158
Trd, 000161.717, 157
Trd, 000161.783, 156
Trd, 000162.617, 158
Trd, 000163.067, 156
Trd, 000164.267, 158
Trd, 000164.600, 158
Trd, 000165.533, 159
Trd, 000165.667, 167
Trd, 000166.283, 156
Trd, 000166.633, 160
Trd, 000167.167, 155
Trd, 000167.567, 161
Trd, 000168.067, 155
Trd, 000168.733, 161
Trd, 000169.667, 161
Trd, 000169.700, 162
Trd, 000170.617, 157
Trd, 000171.617, 159
Trd, 000171.933, 157
Trd, 000172.733, 155
Trd, 000173.250, 158
Trd, 000173.700, 159
Trd, 000175.083, 162
Trd, 000175.167, 157
Trd, 000175.333, 165
Trd, 000175.583, 157
Trd, 000176.067, 163
Trd, 000177.033, 165
Trd, 000177.783, 165
Trd, 000178.217, 165
Trd, 000178.633, 160
Trd, 000179.433, 160
Trd, 000180.717, 159
Trd, 000180.733, 163
Trd, 000180.767, 156
Trd, 000181.733, 146
Trd, 000182.017, 152
Trd, 000182.317, 155
Trd, 000182.550, 156
Trd, 000182.717, 165
Trd, 000183.350, 155
Trd, 000183.417, 154
Trd, 000184.617, 166
Trd, 000185.000, 169
Trd, 000185.217, 155
Trd, 000185.950, 163
Trd, 000186.417, 156
Trd, 000188.033, 159
Trd, 000188.467, 156
Trd, 000188.517, 160
Trd, 000188.983, 156
Trd, 000189.200, 146
Trd, 000189.833, 161
Trd, 000190.917, 161
Trd, 000191.050, 160
Trd, 000191.367, 160
Trd, 000191.600, 158
Trd, 000192.483, 161
Trd, 000192.833, 160
Trd, 000192.933, 160
Trd, 000193.100, 159
Trd, 000194.267, 161
Trd, 000194.300, 169
Trd, 000194.517, 171
Trd, 000195.233, 170
Trd, 000195.283, 169
Trd, 000195.800, 169
Trd, 000196.817, 159
Trd, 000197.717, 166
Trd, 000198.383, 167
Trd, 000198.650, 166
Trd, 000198.683, 167
Trd, 000199.300, 170
Trd, 000199.483, 146
Trd, 000200.583, 170
Trd, 000200.633, 162
Trd, 000201.333, 163
Trd, 000201.700, 170
Trd, 000202.433, 163
Trd, 000202.700, 169
Trd, 000202.950, 171
Trd, 000203.817, 169
Trd, 000204.267, 168
Trd, 000205.483, 168
Trd, 000205.600, 169
Trd, 000206.183, 168
Trd, 000206.250, 170
Trd, 000206.283, 166
Trd, 000207.967, 168
Trd, 000208.217, 169
Trd, 000208.717, 166
Trd, 000208.750, 160
Trd, 000209.317, 163
Trd, 000209.400, 167
Trd, 000209.550, 165
Trd, 000210.733, 166
Trd, 000211.750, 168
Trd, 000212.267, 167
Trd, 000212.333, 168
Trd, 000212.867, 161
Trd, 000213.183, 148
Trd, 000213.567, 144
Trd, 000214.267, 157
Trd, 000214.917, 152
Trd, 000214.983, 155
Trd, 000215.000, 156
Trd, 000215.333, 158
Trd, 000216.483, 158
Trd, 000216.667, 154
Trd, 000217.300, 161
Trd, 000217.483, 161
Trd, 000218.417, 163
Trd, 000218.650, 161
Trd, 000218.850, 168
Trd, 000220.483, 170
Trd, 000220.667, 170
Trd, 000221.617, 165
Trd, 000222.817, 166
Trd, 000222.933, 171
Trd, 000223.200, 173
Trd, 000223.917, 172
Trd, 000223.967, 173
Trd, 000224.050, 174
Trd, 000225.517, 169
Trd, 000226.100, 170
Trd, 000226.183, 170
Trd, 000226.467, 168
Trd, 000227.183, 166
Trd, 000227.567, 170
Trd, 000228.133, 169
Trd, 000228.500, 166
Trd, 000228.850, 167
Trd, 000229.683, 165
Trd, 000230.067, 171
Trd, 000230.200, 166
Trd, 000230.800, 171
Trd, 000232.933, 170
Trd, 000233.517, 169
Trd, 000233.683, 171
Trd, 000234.333, 171
Trd, 000234.667, 172
Trd, 000234.783, 169
Trd, 000235.433, 171
Trd, 000235.550, 172
Trd, 000235.967, 169
Trd, 000236.333, 172
Trd, 000237.017, 172
Trd, 000237.267, 174
Trd, 000237.483, 172
Trd, 000237.800, 170
Trd, 000238.517, 170
Trd, 000238.583, 173
Trd, 000239.017, 164
Trd, 000240.817, 167
Trd, 000240.833, 169
Trd, 000241.533, 168
Trd, 000241.683, 168
Trd, 000241.967, 166
Trd, 000242.433, 166
Trd, 000242.650, 168
Trd, 000242.683, 162
Trd, 000242.767, 151
Trd, 000242.983, 155
Trd, 000243.150, 167
Trd, 000243.817, 159
Trd, 000244.133, 161
Trd, 000244.233, 162
Trd, 000244.383, 158
Trd, 000244.833, 162
Trd, 000245.217, 168
Trd, 000246.617, 175
Trd, 000246.983, 175
Trd, 000247.733, 178
Trd, 000248.483, 177
Trd, 000248.783, 176
Trd, 000248.867, 172
Trd, 000249.250, 177
Trd, 000249.983, 175
Trd, 000250.533, 175
Trd, 000250.800, 175
Trd, 000251.267, 175
Trd, 000251.433, 176
Trd, 000251.867, 173
Trd, 000252.333, 172
Trd, 000252.917, 174
Trd, 000252.933, 174
Trd, 000252.983, 173
Trd, 000253.217, 171
Trd, 000253.333, 165
Trd, 000253.367, 148
Trd, 000254.483, 173
Trd, 000255.267, 159
Trd, 000255.617, 166
Trd, 000255.700, 167
Trd, 000256.083, 169
Trd, 000256.367, 161
Trd, 000257.250, 173
Trd, 000257.867, 173
Trd, 000258.083, 172
Trd, 000259.250, 174
Trd, 000259.483, 174
Trd, 000259.817, 175
Trd, 000260.050, 173
Trd, 000260.600, 172
Trd, 000260.700, 173
Trd, 000260.867, 172
Trd, 000261.333, 176
Trd, 000261.700, 171
Trd, 000262.200, 176
Trd, 000262.333, 178
Trd, 000262.383, 184
Trd, 000263.483, 175
Trd, 000264.300, 177
Trd, 000264.467, 174
Trd, 000265.050, 175
Trd, 000265.150, 177
Trd, 000265.367, 178
Trd, 000266.300, 177
Trd, 000266.900, 174
Trd, 000267.483, 178
Trd, 000267.767, 177
Trd, 000267.783, 176
Trd, 000268.217, 175
Trd, 000268.283, 177
Trd, 000268.317, 172
Trd, 000268.833, 173
Trd, 000269.000, 172
Trd, 000269.317, 172
Trd, 000270.867, 167
Trd, 000271.550, 171
Trd, 000271.617, 170
Trd, 000271.667, 168
Trd, 000271.850, 170
Trd, 000272.250, 171
Trd, 000272.883, 170
Trd, 000272.917, 172
Trd, 000273.833, 175
Trd, 000274.233, 174
Trd, 000274.750, 171
Trd, 000274.950, 182
Trd, 000275.100, 170
Trd, 000275.300, 170
Trd, 000275.967, 181
Trd, 000276.750, 171
Trd, 000276.783, 169
Trd, 000277.167, 175
Trd, 000277.417, 174
Trd, 000278.133, 178
Trd, 000278.833, 172
Trd, 000279.017, 169
Trd, 000279.233, 168
Trd, 000279.633, 168
Trd, 000280.150, 173
Trd, 000280.333, 175
Trd, 000280.817, 174
Trd, 000280.917, 175
Trd, 000281.083, 166
Trd, 000281.833, 172
Trd, 000282.050, 172
Trd, 000282.100, 167
Trd, 000282.167, 176
Trd, 000282.317, 161
Trd, 000283.333, 169
Trd, 000283.367, 173
Trd, 000284.533, 171
Trd, 000284.783, 170
Trd, 000285.317, 168
Trd, 000285.817, 169
Trd, 000286.000, 165
Trd, 000286.217, 176
Trd, 000286.267, 179
Trd, 000287.200, 187
Trd, 000287.350, 189
Trd, 000287.483, 173
Trd, 000288.950, 177
Trd, 000289.500, 169
Trd, 000289.600, 165
Trd, 000289.650, 155
Trd, 000290.383, 174
Trd, 000290.917, 171
Trd, 000291.167, 172
Trd, 000291.267, 173
Trd, 000291.817, 165
Trd, 000292.233, 166
Trd, 000292.583, 165
Trd, 000293.400, 172
Trd, 000293.583, 172
Trd, 000293.733, 171
Trd, 000293.917, 173
Trd, 000294.217, 173
Trd, 000294.550, 174
Trd, 000295.600, 173
Trd, 000295.867, 176
Trd, 000295.883, 177
Trd, 000296.800, 171
Trd, 000296.900, 174
Trd, 000297.133, 172
Trd, 000297.317, 171
Trd, 000297.817, 178
Trd, 000298.167, 177
Trd, 000298.583, 178
Trd, 000298.833, 172
Trd, 000299.000, 170
Trd, 000299.883, 172
