Trd, 000001.100, 113
Trd, 000001.650, 136
Trd, 000002.400, 156
Trd, 000002.633, 134
Trd, 000003.450, 168
Trd, 000004.967, 151
Trd, 000005.850, 140
Trd, 000007.367, 148
Trd, 000007.650, 147
Trd, 000007.933, 142
Trd, 000008.717, 142
Trd, 000009.367, 142
Trd, 000010.317, 145
Trd, 000010.617, 143
Trd, 000010.850, 148
Trd, 000011.017, 149
Trd, 000012.333, 149
Trd, 000012.883, 156
Trd, 000013.733, 151
Trd, 000014.200, 150
Trd, 000015.467, 150
Trd, 000015.800, 149
Trd, 000015.883, 151
Trd, 000016.467, 151
Trd, 000016.567, 149
Trd, 000016.717, 150
Trd, 000017.000, 149
Trd, 000017.750, 150
Trd, 000018.650, 147
Trd, 000020.817, 148
Trd, 000022.483, 150
Trd, 000023.233, 150
Trd, 000024.650, 150
Trd, 000024.667, 157
Trd, 000024.817, 149
Trd, 000025.150, 152
Trd, 000026.550, 155
Trd, 000027.433, 150
Trd, 000028.033, 151
Trd, 000028.900, 150
Trd, 000030.050, 147
Trd, 000030.083, 146
Trd, 000030.117, 153
Trd, 000030.133, 153
Trd, 000030.700, 146
Trd, 000030.967, 152
Trd, 000031.283, 153
Trd, 000031.750, 153
Trd, 000032.083, 154
Trd, 000032.417, 171
Trd, 000033.483, 155
Trd, 000034.033, 155
Trd, 000035.817, 156
Trd, 000036.317, 154
Trd, 000036.867, 153
Trd, 000037.050, 154
Trd, 000037.100, 153
Trd, 000037.317, 155
Trd, 000037.517, 152
Trd, 000039.433, 154
Trd, 000039.833, 153
Trd, 000040.767, 154
Trd, 000041.000, 154
Trd, 000042.000, 153
Trd, 000042.333, 155
Trd, 000043.217, 154
Trd, 000043.600, 152
Trd, 000044.167, 152
Trd, 000044.883, 153
Trd, 000046.100, 152
Trd, 000046.317, 149
Trd, 000046.983, 154
Trd, 000048.950, 153
Trd, 000049.383, 153
Trd, 000050.017, 154
Trd, 000050.550, 156
Trd, 000051.100, 152
Trd, 000052.000, 154
Trd, 000052.050, 156
Trd, 000052.900, 151
Trd, 000054.550, 151
Trd, 000054.567, 150
Trd, 000055.633, 153
Trd, 000056.917, 153
Trd, 000057.167, 155
Trd, 000057.483, 154
Trd, 000058.433, 153
Trd, 000058.683, 153
Trd, 000058.900, 152
Trd, 000060.717, 152
Trd, 000061.517, 154
Trd, 000063.133, 151
Trd, 000063.283, 151
Trd, 000064.100, 151
Trd, 000066.083, 151
Trd, 000066.133, 149
Trd, 000066.350, 153
Trd, 000068.133, 153
Trd, 000068.783, 152
Trd, 000068.967, 151
Trd, 000070.717, 154
Trd, 000071.133, 155
Trd, 000071.850, 155
Trd, 000072.117, 154
Trd, 000072.617, 155
Trd, 000072.917, 158
Trd, 000073.167, 162
Trd, 000074.667, 167
Trd, 000075.500, 161
Trd, 000075.933, 160
Trd, 000075.967, 163
Trd, 000076.167, 159
Trd, 000076.917, 160
Trd, 000077.283, 151
Trd, 000077.367, 150
Trd, 000078.317, 150
Trd, 000078.767, 151
Trd, 000079.317, 150
Trd, 000079.750, 152
Trd, 000080.000, 152
Trd, 000081.383, 145
Trd, 000083.167, 147
Trd, 000085.200, 150
Trd, 000085.300, 150
Trd, 000085.400, 159
Trd, 000085.767, 153
Trd, 000086.667, 153
Trd, 000086.817, 148
Trd, 000088.500, 152
Trd, 000089.183, 154
Trd, 000089.750, 154
Trd, 000090.550, 152
Trd, 000090.883, 153
Trd, 000092.250, 151
Trd, 000093.517, 152
Trd, 000093.767, 152
Trd, 000095.017, 153
Trd, 000095.200, 151
Trd, 000095.567, 150
Trd, 000095.700, 157
Trd, 000096.817, 151
Trd, 000097.183, 152
Trd, 000098.217, 155
Trd, 000098.617, 160
Trd, 000098.667, 164
Trd, 000098.767, 151
Trd, 000099.233, 149
Trd, 000100.917, 149
Trd, 000101.517, 155
Trd, 000101.817, 150
Trd, 000102.567, 156
Trd, 000102.783, 155
Trd, 000102.933, 155
Trd, 000103.700, 161
Trd, 000104.633, 156
Trd, 000105.733, 161
Trd, 000106.383, 160
Trd, 000106.883, 160
Trd, 000107.650, 161
Trd, 000108.800, 165
Trd, 000109.817, 159
Trd, 000109.900, 157
Trd, 000111.183, 161
Trd, 000112.150, 159
Trd, 000112.317, 158
Trd, 000113.350, 158
Trd, 000114.100, 160
Trd, 000115.133, 159
Trd, 000115.317, 156
Trd, 000116.967, 160
Trd, 000116.983, 156
Trd, 000117.083, 156
Trd, 000117.433, 156
Trd, 000118.533, 155
Trd, 000119.533, 155
Trd, 000120.417, 157
Trd, 000121.250, 156
Trd, 000121.650, 155
Trd, 000122.317, 162
Trd, 000124.367, 157
Trd, 000124.983, 158
Trd, 000125.167, 163
Trd, 000125.533, 156
Trd, 000125.667, 156
Trd, 000125.900, 155
Trd, 000126.383, 160
Trd, 000126.617, 161
Trd, 000126.917, 156
Trd, 000127.217, 155
Trd, 000129.333, 159
Trd, 000129.567, 159
Trd, 000129.683, 157
Trd, 000129.833, 161
Trd, 000130.500, 157
Trd, 000131.050, 161
Trd, 000132.017, 158
Trd, 000134.200, 159
Trd, 000134.817, 160
Trd, 000135.633, 160
Trd, 000136.933, 158
Trd, 000137.450, 159
Trd, 000138.333, 160
Trd, 000138.783, 160
Trd, 000139.933, 157
Trd, 000140.117, 157
Trd, 000140.217, 162
Trd, 000140.633, 165
Trd, 000141.150, 168
Trd, 000141.417, 167
Trd, 000141.950, 146
Trd, 000143.483, 157
Trd, 000143.700, 166
Trd, 000144.650, 169
Trd, 000145.233, 166
Trd, 000146.217, 165
Trd, 000146.633, 166
Trd, 000146.967, 167
Trd, 000147.700, 165
Trd, 000147.717, 166
Trd, 000148.033, 163
Trd, 000148.567, 165
Trd, 000148.783, 158
Trd, 000149.067, 165
Trd, 000149.083, 166
Trd, 000150.250, 167
Trd, 000150.383, 186
Trd, 000150.717, 170
Trd, 000151.017, 175
Trd, 000151.050, 162
Trd, 000152.750, 157
Trd, 000153.383, 162
Trd, 000153.567, 165
Trd, 000154.817, 167
Trd, 000155.533, 166
Trd, 000155.917, 166
Trd, 000156.567, 167
Trd, 000157.117, 167
Trd, 000158.550, 166
Trd, 000158.783, 166
Trd, 000160.367, 167
Trd, 000160.683, 164
Trd, 000160.850, 168
Trd, 000161.267, 168
Trd, 000162.217, 168
Trd, 000162.483, 171
Trd, 000163.533, 167
Trd, 000165.033, 167
Trd, 000165.467, 166
Trd, 000165.700, 166
Trd, 000166.033, 165
Trd, 000167.400, 162
Trd, 000167.450, 151
Trd, 000168.183, 159
Trd, 000170.017, 165
Trd, 000170.533, 164
Trd, 000171.117, 164
Trd, 000171.183, 165
Trd, 000171.267, 159
Trd, 000171.483, 168
Trd, 000171.900, 166
Trd, 000172.983, 166
Trd, 000173.333, 163
Trd, 000174.333, 171
Trd, 000175.017, 165
Trd, 000175.183, 170
Trd, 000175.283, 171
Trd, 000175.500, 164
Trd, 000178.333, 169
Trd, 000178.417, 170
Trd, 000179.300, 169
Trd, 000180.083, 169
Trd, 000180.200, 166
Trd, 000180.633, 170
Trd, 000181.383, 167
Trd, 000181.967, 167
Trd, 000182.833, 168
Trd, 000183.233, 166
Trd, 000183.617, 164
Trd, 000184.517, 163
Trd, 000184.617, 166
Trd, 000185.500, 165
Trd, 000185.867, 169
Trd, 000187.100, 164
Trd, 000187.300, 162
Trd, 000189.400, 164
Trd, 000189.450, 163
Trd, 000190.000, 167
Trd, 000190.817, 169
Trd, 000190.883, 166
Trd, 000191.100, 170
Trd, 000191.800, 164
Trd, 000191.967, 164
Trd, 000192.800, 163
Trd, 000193.667, 161
Trd, 000194.417, 169
Trd, 000195.050, 168
Trd, 000195.183, 162
Trd, 000196.200, 162
Trd, 000196.367, 168
Trd, 000196.550, 163
Trd, 000196.967, 168
Trd, 000197.400, 163
Trd, 000198.450, 168
Trd, 000198.633, 165
Trd, 000199.100, 165
Trd, 000201.117, 165
Trd, 000201.500, 166
Trd, 000202.417, 168
Trd, 000202.567, 168
Trd, 000203.100, 163
Trd, 000203.583, 168
Trd, 000203.633, 171
Trd, 000204.600, 175
Trd, 000205.367, 182
Trd, 000206.083, 177
Trd, 000206.200, 185
Trd, 000206.750, 177
Trd, 000206.767, 176
Trd, 000207.283, 175
Trd, 000208.400, 174
Trd, 000209.267, 164
Trd, 000209.583, 163
Trd, 000210.283, 172
Trd, 000211.067, 172
Trd, 000211.167, 175
Trd, 000212.350, 171
Trd, 000212.600, 173
Trd, 000213.150, 169
Trd, 000213.567, 164
Trd, 000214.350, 168
Trd, 000215.017, 169
Trd, 000215.517, 168
Trd, 000216.167, 169
Trd, 000216.633, 170
Trd, 000217.400, 172
Trd, 000217.617, 171
Trd, 000219.533, 171
Trd, 000219.583, 176
Trd, 000220.500, 170
Trd, 000221.417, 170
Trd, 000221.550, 171
Trd, 000223.500, 171
Trd, 000223.950, 170
Trd, 000224.417, 170
Trd, 000224.633, 172
Trd, 000225.233, 172
Trd, 000226.217, 170
Trd, 000226.333, 169
Trd, 000226.367, 165
Trd, 000226.950, 165
Trd, 000227.433, 169
Trd, 000227.817, 162
Trd, 000229.467, 168
Trd, 000229.650, 164
Trd, 000229.850, 169
Trd, 000230.450, 157
Trd, 000230.683, 168
Trd, 000231.433, 164
Trd, 000231.867, 169
Trd, 000232.617, 164
Trd, 000232.650, 170
Trd, 000232.750, 174
Trd, 000234.017, 164
Trd, 000235.017, 163
Trd, 000235.150, 164
Trd, 000237.000, 168
Trd, 000237.650, 167
Trd, 000238.450, 167
Trd, 000239.233, 165
Trd, 000239.367, 167
Trd, 000239.467, 168
Trd, 000239.983, 165
Trd, 000240.000, 164
Trd, 000240.700, 170
Trd, 000241.917, 175
Trd, 000242.233, 175
Trd, 000242.300, 178
Trd, 000242.483, 173
Trd, 000242.867, 176
Trd, 000243.500, 178
Trd, 000243.783, 179
Trd, 000244.967, 172
Trd, 000245.800, 175
Trd, 000245.900, 170
Trd, 000246.367, 171
Trd, 000246.383, 174
Trd, 000247.217, 169
Trd, 000247.883, 173
Trd, 000248.117, 172
Trd, 000248.450, 169
Trd, 000249.033, 173
Trd, 000249.583, 175
Trd, 000249.900, 171
Trd, 000251.017, 171
Trd, 000251.633, 175
Trd, 000251.750, 176
Trd, 000252.400, 177
Trd, 000252.783, 179
Trd, 000252.817, 180
Trd, 000253.317, 180
Trd, 000253.783, 180
Trd, 000254.067, 180
Trd, 000254.467, 181
Trd, 000255.050, 178
Trd, 000257.017, 178
Trd, 000257.283, 178
Trd, 000258.117, 177
Trd, 000258.617, 179
Trd, 000258.683, 178
Trd, 000259.050, 179
Trd, 000259.217, 175
Trd, 000260.017, 175
Trd, 000260.050, 177
Trd, 000260.800, 180
Trd, 000261.100, 179
Trd, 000262.133, 176
Trd, 000262.217, 179
Trd, 000262.600, 175
Trd, 000263.350, 176
Trd, 000263.783, 179
Trd, 000264.667, 178
Trd, 000265.133, 177
Trd, 000265.400, 175
Trd, 000266.767, 176
Trd, 000267.050, 177
Trd, 000267.267, 177
Trd, 000268.300, 179
Trd, 000268.333, 176
Trd, 000268.500, 180
Trd, 000268.733, 175
Trd, 000269.400, 180
Trd, 000269.583, 173
Trd, 000270.367, 173
Trd, 000270.633, 179
Trd, 000271.167, 179
Trd, 000271.300, 181
Trd, 000271.533, 182
Trd, 000271.567, 177
Trd, 000271.867, 170
Trd, 000272.267, 185
Trd, 000272.433, 174
Trd, 000273.733, 182
Trd, 000274.400, 181
Trd, 000274.867, 181
Trd, 000274.933, 182
Trd, 000275.000, 179
Trd, 000275.667, 179
Trd, 000276.083, 179
Trd, 000276.950, 177
Trd, 000277.617, 181
Trd, 000278.367, 176
Trd, 000279.133, 176
Trd, 000280.050, 177
Trd, 000280.183, 175
Trd, 000280.250, 178
Trd, 000280.600, 175
Trd, 000280.650, 171
Trd, 000281.200, 179
Trd, 000281.583, 179
Trd, 000281.833, 183
Trd, 000282.300, 186
Trd, 000282.533, 193
Trd, 000283.167, 187
Trd, 000283.333, 195
Trd, 000283.617, 186
Trd, 000283.883, 185
Trd, 000284.883, 195
Trd, 000285.267, 187
Trd, 000285.867, 185
Trd, 000286.467, 184
Trd, 000286.667, 173
Trd, 000287.033, 183
Trd, 000288.550, 173
Trd, 000288.733, 182
Trd, 000288.967, 174
Trd, 000289.233, 182
Trd, 000289.283, 182
Trd, 000290.183, 183
Trd, 000290.600, 172
Trd, 000290.667, 171
Trd, 000290.733, 170
Trd, 000291.433, 175
Trd, 000291.650, 181
Trd, 000292.017, 182
Trd, 000292.233, 187
Trd, 000292.317, 174
Trd, 000293.167, 173
Trd, 000294.417, 173
Trd, 000294.583, 178
Trd, 000295.067, 180
Trd, 000295.667, 174
Trd, 000296.033, 179
Trd, 000296.517, 178
Trd, 000296.717, 173
Trd, 000296.750, 176
Trd, 000297.083, 173
Trd, 000298.483, 177
Trd, 000298.567, 175
Trd, 000299.033, 177
Trd, 000299.167, 178
Trd, 000299.383, 174
Trd, 000299.683, 173
