Trd, 000003.517, 143
Trd, 000003.800, 134
Trd, 000003.950, 132
Trd, 000004.000, 144
Trd, 000004.617, 146
Trd, 000004.650, 147
Trd, 000004.767, 164
Trd, 000005.017, 135
Trd, 000005.200, 163
Trd, 000006.383, 151
Trd, 000007.067, 142
Trd, 000007.967, 144
Trd, 000008.000, 142
Trd, 000008.383, 148
Trd, 000008.517, 150
Trd, 000008.567, 152
Trd, 000008.833, 142
Trd, 000009.633, 145
Trd, 000009.783, 159
Trd, 000009.933, 163
Trd, 000010.133, 169
Trd, 000010.633, 163
Trd, 000010.833, 180
Trd, 000011.250, 162
Trd, 000011.967, 157
Trd, 000013.817, 150
Trd, 000014.167, 153
Trd, 000014.717, 152
Trd, 000014.850, 149
Trd, 000014.983, 148
Trd, 000015.017, 152
Trd, 000015.117, 145
Trd, 000015.600, 152
Trd, 000016.517, 149
Trd, 000016.567, 148
Trd, 000017.233, 145
Trd, 000017.733, 151
Trd, 000018.283, 152
Trd, 000018.667, 143
Trd, 000018.783, 159
Trd, 000018.983, 170
Trd, 000019.433, 179
Trd, 000020.200, 161
Trd, 000020.467, 155
Trd, 000020.650, 161
Trd, 000020.883, 162
Trd, 000022.000, 161
Trd, 000022.217, 151
Trd, 000022.350, 136
Trd, 000022.567, 146
Trd, 000023.167, 136
Trd, 000023.383, 152
Trd, 000023.650, 148
Trd, 000023.983, 164
Trd, 000024.483, 154
Trd, 000024.600, 149
Trd, 000024.767, 143
Trd, 000024.933, 155
Trd, 000025.000, 155
Trd, 000025.333, 156
Trd, 000025.383, 151
Trd, 000026.883, 155
Trd, 000027.617, 151
Trd, 000027.900, 151
Trd, 000028.100, 169
Trd, 000028.917, 148
Trd, 000029.250, 163
Trd, 000029.583, 169
Trd, 000029.783, 149
Trd, 000029.883, 147
Trd, 000030.450, 147
Trd, 000030.583, 147
Trd, 000031.300, 146
Trd, 000031.833, 147
Trd, 000031.867, 155
Trd, 000032.467, 136
Trd, 000032.917, 148
Trd, 000033.367, 150
Trd, 000034.200, 161
Trd, 000034.750, 165
Trd, 000035.117, 170
Trd, 000035.250, 151
Trd, 000035.967, 160
Trd, 000036.067, 158
Trd, 000036.317, 154
Trd, 000036.450, 157
Trd, 000036.883, 160
Trd, 000037.033, 182
Trd, 000037.167, 167
Trd, 000037.200, 147
Trd, 000038.883, 172
Trd, 000039.950, 172
Trd, 000040.300, 190
Trd, 000040.383, 175
Trd, 000040.583, 161
Trd, 000041.383, 171
Trd, 000041.433, 169
Trd, 000042.583, 164
Trd, 000042.983, 154
Trd, 000043.750, 148
Trd, 000043.867, 160
Trd, 000043.900, 145
Trd, 000044.300, 161
Trd, 000044.350, 162
Trd, 000044.667, 171
Trd, 000044.767, 183
Trd, 000044.917, 166
Trd, 000045.117, 183
Trd, 000045.567, 165
Trd, 000045.633, 166
Trd, 000047.433, 161
Trd, 000047.450, 166
Trd, 000047.633, 160
Trd, 000048.267, 155
Trd, 000048.333, 157
Trd, 000048.783, 164
Trd, 000049.183, 167
Trd, 000049.317, 156
Trd, 000049.333, 164
Trd, 000049.617, 165
Trd, 000049.800, 153
Trd, 000050.550, 165
Trd, 000050.917, 164
Trd, 000051.250, 157
Trd, 000051.267, 153
Trd, 000051.750, 149
Trd, 000052.367, 165
Trd, 000053.017, 150
Trd, 000053.050, 146
Trd, 000053.267, 173
Trd, 000054.033, 153
Trd, 000054.517, 152
Trd, 000054.567, 151
Trd, 000054.867, 151
Trd, 000054.933, 155
Trd, 000054.967, 167
Trd, 000055.433, 145
Trd, 000055.567, 142
Trd, 000055.583, 161
Trd, 000056.050, 147
Trd, 000056.233, 150
Trd, 000056.267, 165
Trd, 000057.133, 184
Trd, 000057.517, 140
Trd, 000057.667, 139
Trd, 000058.050, 166
Trd, 000059.500, 144
Trd, 000059.750, 141
Trd, 000059.883, 147
Trd, 000060.000, 150
Trd, 000060.167, 153
Trd, 000060.267, 150
Trd, 000061.717, 153
Trd, 000061.833, 164
Trd, 000062.083, 151
Trd, 000062.350, 170
Trd, 000062.617, 171
Trd, 000063.467, 170
Trd, 000063.500, 168
Trd, 000064.167, 155
Trd, 000064.867, 174
Trd, 000065.417, 171
Trd, 000065.633, 160
Trd, 000065.883, 170
Trd, 000065.900, 157
Trd, 000066.450, 167
Trd, 000066.467, 158
Trd, 000067.733, 166
Trd, 000068.217, 153
Trd, 000068.350, 164
Trd, 000068.533, 157
Trd, 000068.783, 165
Trd, 000069.333, 166
Trd, 000069.400, 169
Trd, 000069.700, 151
Trd, 000070.900, 155
Trd, 000072.167, 154
Trd, 000072.567, 156
Trd, 000074.133, 153
Trd, 000074.533, 153
Trd, 000074.583, 151
Trd, 000074.800, 151
Trd, 000074.833, 157
Trd, 000075.367, 158
Trd, 000075.500, 165
Trd, 000075.600, 169
Trd, 000076.283, 148
Trd, 000076.533, 162
Trd, 000076.733, 167
Trd, 000078.450, 156
Trd, 000079.017, 157
Trd, 000079.250, 156
Trd, 000079.283, 158
Trd, 000080.017, 161
Trd, 000080.700, 161
Trd, 000080.733, 155
Trd, 000080.750, 161
Trd, 000080.833, 154
Trd, 000081.750, 161
Trd, 000081.767, 149
Trd, 000082.933, 166
Trd, 000083.300, 163
Trd, 000083.350, 152
Trd, 000083.400, 170
Trd, 000083.433, 141
Trd, 000083.500, 176
Trd, 000083.933, 152
Trd, 000084.467, 193
Trd, 000085.550, 179
Trd, 000085.617, 156
Trd, 000086.600, 171
Trd, 000086.633, 176
Trd, 000086.967, 155
Trd, 000087.183, 171
Trd, 000087.450, 177
Trd, 000087.633, 153
Trd, 000089.650, 168
Trd, 000090.333, 164
Trd, 000090.467, 159
Trd, 000090.683, 153
Trd, 000091.350, 158
Trd, 000091.450, 160
Trd, 000091.633, 163
Trd, 000091.650, 167
Trd, 000091.867, 168
Trd, 000092.667, 153
Trd, 000093.633, 153
Trd, 000093.783, 150
Trd, 000093.833, 157
Trd, 000094.233, 151
Trd, 000094.333, 143
Trd, 000094.517, 152
Trd, 000094.533, 171
Trd, 000094.767, 160
Trd, 000094.817, 160
Trd, 000094.967, 147
Trd, 000095.133, 177
Trd, 000095.933, 188
Trd, 000096.150, 158
Trd, 000096.217, 155
Trd, 000096.417, 195
Trd, 000097.750, 171
Trd, 000098.450, 178
Trd, 000098.750, 185
Trd, 000099.000, 163
Trd, 000099.467, 155
Trd, 000099.700, 160
Trd, 000099.817, 163
Trd, 000100.033, 154
Trd, 000101.033, 162
Trd, 000101.133, 164
Trd, 000101.383, 154
Trd, 000101.550, 167
Trd, 000102.483, 153
Trd, 000102.500, 151
Trd, 000103.333, 154
Trd, 000103.383, 159
Trd, 000104.150, 168
Trd, 000104.617, 155
Trd, 000104.733, 166
Trd, 000105.300, 156
Trd, 000105.450, 163
Trd, 000106.000, 163
Trd, 000106.233, 164
Trd, 000106.600, 168
Trd, 000108.367, 155
Trd, 000109.317, 155
Trd, 000109.500, 156
Trd, 000110.250, 161
Trd, 000110.317, 163
Trd, 000110.367, 169
Trd, 000110.417, 158
Trd, 000110.733, 159
Trd, 000110.800, 167
Trd, 000111.450, 156
Trd, 000111.617, 165
Trd, 000111.833, 166
Trd, 000111.917, 155
Trd, 000112.367, 173
Trd, 000113.833, 165
Trd, 000114.217, 155
Trd, 000114.483, 178
Trd, 000114.567, 153
Trd, 000116.033, 170
Trd, 000116.217, 170
Trd, 000116.867, 163
Trd, 000117.883, 161
Trd, 000118.350, 155
Trd, 000118.617, 153
Trd, 000118.833, 158
Trd, 000119.033, 152
Trd, 000119.850, 160
Trd, 000120.300, 164
Trd, 000120.467, 156
Trd, 000120.717, 156
Trd, 000120.967, 156
Trd, 000121.600, 163
Trd, 000122.600, 160
Trd, 000123.250, 160
Trd, 000123.300, 160
Trd, 000124.533, 166
Trd, 000124.550, 169
Trd, 000124.600, 156
Trd, 000124.817, 156
Trd, 000124.950, 170
Trd, 000125.083, 174
Trd, 000125.733, 157
Trd, 000126.517, 159
Trd, 000126.650, 180
Trd, 000126.933, 177
Trd, 000127.383, 181
Trd, 000128.233, 173
Trd, 000128.917, 174
Trd, 000128.933, 169
Trd, 000129.000, 175
Trd, 000129.133, 161
Trd, 000129.333, 157
Trd, 000129.450, 179
Trd, 000129.917, 145
Trd, 000129.933, 166
Trd, 000130.417, 159
Trd, 000130.683, 149
Trd, 000131.400, 175
Trd, 000131.783, 154
Trd, 000131.950, 145
Trd, 000132.300, 137
Trd, 000132.450, 157
Trd, 000132.500, 172
Trd, 000133.467, 191
Trd, 000133.800, 181
Trd, 000134.333, 175
Trd, 000134.450, 167
Trd, 000134.983, 176
Trd, 000135.283, 173
Trd, 000135.850, 174
Trd, 000136.283, 165
Trd, 000136.850, 165
Trd, 000138.083, 154
Trd, 000138.950, 167
Trd, 000138.967, 168
Trd, 000139.200, 151
Trd, 000139.283, 166
Trd, 000139.600, 170
Trd, 000140.533, 168
Trd, 000141.000, 162
Trd, 000141.883, 170
Trd, 000142.300, 160
Trd, 000142.633, 176
Trd, 000142.650, 156
Trd, 000142.833, 158
Trd, 000142.883, 173
Trd, 000143.217, 168
Trd, 000143.333, 158
Trd, 000143.750, 168
Trd, 000143.800, 156
Trd, 000145.483, 157
Trd, 000146.617, 165
Trd, 000146.717, 179
Trd, 000146.733, 161
Trd, 000147.300, 177
Trd, 000147.600, 168
Trd, 000148.800, 177
Trd, 000149.150, 172
Trd, 000149.167, 169
Trd, 000149.200, 165
Trd, 000149.267, 159
Trd, 000149.433, 183
Trd, 000149.917, 155
Trd, 000150.133, 151
Trd, 000151.083, 142
Trd, 000151.183, 147
Trd, 000151.383, 147
Trd, 000151.567, 156
Trd, 000152.133, 156
Trd, 000152.283, 173
Trd, 000152.317, 177
Trd, 000153.150, 189
Trd, 000154.067, 183
Trd, 000154.233, 177
Trd, 000154.783, 173
Trd, 000155.217, 178
Trd, 000155.283, 177
Trd, 000156.283, 172
Trd, 000156.550, 163
Trd, 000157.550, 172
Trd, 000157.683, 173
Trd, 000158.250, 171
Trd, 000159.317, 168
Trd, 000160.833, 169
Trd, 000160.917, 168
Trd, 000161.017, 171
Trd, 000161.083, 168
Trd, 000161.417, 170
Trd, 000161.450, 174
Trd, 000161.500, 161
Trd, 000161.767, 152
Trd, 000161.917, 178
Trd, 000162.750, 174
Trd, 000163.583, 172
Trd, 000163.700, 164
Trd, 000163.933, 172
Trd, 000164.050, 173
Trd, 000164.317, 174
Trd, 000164.950, 164
Trd, 000165.633, 174
Trd, 000166.967, 169
Trd, 000167.250, 174
Trd, 000167.733, 169
Trd, 000168.650, 170
Trd, 000168.700, 170
Trd, 000169.017, 164
Trd, 000169.300, 160
Trd, 000169.383, 158
Trd, 000169.500, 161
Trd, 000169.567, 170
Trd, 000169.767, 153
Trd, 000169.833, 178
Trd, 000170.333, 175
Trd, 000171.700, 167
Trd, 000171.733, 168
Trd, 000172.683, 168
Trd, 000173.733, 169
Trd, 000174.033, 165
Trd, 000174.517, 169
Trd, 000175.100, 165
Trd, 000175.150, 185
Trd, 000175.700, 189
Trd, 000175.850, 196
Trd, 000175.900, 191
Trd, 000176.800, 176
Trd, 000177.400, 181
Trd, 000177.417, 182
Trd, 000178.017, 178
Trd, 000178.383, 175
Trd, 000179.133, 180
Trd, 000179.883, 181
Trd, 000179.983, 174
Trd, 000180.617, 174
Trd, 000181.517, 173
Trd, 000182.583, 173
Trd, 000182.767, 166
Trd, 000182.833, 175
Trd, 000183.367, 175
Trd, 000184.450, 171
Trd, 000184.483, 170
Trd, 000184.633, 174
Trd, 000184.950, 167
Trd, 000185.750, 172
Trd, 000185.800, 172
Trd, 000186.217, 166
Trd, 000186.600, 162
Trd, 000187.050, 171
Trd, 000188.067, 167
Trd, 000188.150, 163
Trd, 000188.350, 172
Trd, 000188.533, 173
Trd, 000188.667, 176
Trd, 000189.067, 176
Trd, 000190.133, 176
Trd, 000190.217, 166
Trd, 000190.583, 177
Trd, 000190.867, 166
Trd, 000191.333, 166
Trd, 000191.850, 165
Trd, 000191.933, 181
Trd, 000192.017, 164
Trd, 000192.517, 161
Trd, 000193.867, 163
Trd, 000194.533, 157
Trd, 000195.317, 163
Trd, 000195.367, 167
Trd, 000195.550, 167
Trd, 000195.717, 168
Trd, 000196.317, 169
Trd, 000196.667, 170
Trd, 000196.700, 177
Trd, 000197.250, 175
Trd, 000197.483, 164
Trd, 000197.667, 177
Trd, 000198.333, 177
Trd, 000198.817, 178
Trd, 000199.333, 180
Trd, 000199.350, 168
Trd, 000199.683, 167
Trd, 000199.933, 182
Trd, 000201.250, 183
Trd, 000201.533, 182
Trd, 000201.583, 169
Trd, 000202.117, 181
Trd, 000202.817, 181
Trd, 000203.117, 184
Trd, 000203.133, 175
Trd, 000203.583, 174
Trd, 000203.933, 182
Trd, 000204.050, 187
Trd, 000204.267, 188
Trd, 000204.633, 188
Trd, 000205.417, 175
Trd, 000206.167, 182
Trd, 000206.450, 177
Trd, 000206.467, 181
Trd, 000206.683, 164
Trd, 000206.883, 187
Trd, 000207.283, 161
Trd, 000208.483, 172
Trd, 000208.633, 174
Trd, 000209.167, 169
Trd, 000209.417, 176
Trd, 000210.217, 179
Trd, 000210.467, 167
Trd, 000210.933, 166
Trd, 000211.633, 170
Trd, 000212.300, 166
Trd, 000212.417, 179
Trd, 000212.967, 178
Trd, 000213.150, 165
Trd, 000213.217, 177
Trd, 000213.583, 183
Trd, 000213.750, 189
Trd, 000214.033, 193
Trd, 000214.083, 183
Trd, 000215.583, 174
Trd, 000215.950, 188
Trd, 000216.717, 186
Trd, 000216.800, 170
Trd, 000217.433, 171
Trd, 000218.133, 179
Trd, 000218.317, 169
Trd, 000218.533, 180
Trd, 000219.017, 170
Trd, 000219.150, 166
Trd, 000220.100, 156
Trd, 000220.367, 180
Trd, 000221.250, 176
Trd, 000221.367, 176
Trd, 000221.800, 174
Trd, 000222.067, 174
Trd, 000222.233, 184
Trd, 000222.533, 169
Trd, 000222.550, 168
Trd, 000222.567, 189
Trd, 000222.700, 187
Trd, 000223.517, 163
Trd, 000224.517, 190
Trd, 000225.233, 176
Trd, 000225.450, 177
Trd, 000225.850, 170
Trd, 000226.350, 177
Trd, 000226.917, 180
Trd, 000226.983, 170
Trd, 000227.517, 178
Trd, 000228.050, 170
Trd, 000228.600, 181
Trd, 000228.800, 169
Trd, 000229.233, 167
Trd, 000229.883, 164
Trd, 000231.317, 170
Trd, 000231.517, 180
Trd, 000231.917, 181
Trd, 000232.633, 182
Trd, 000232.900, 184
Trd, 000233.367, 182
Trd, 000233.700, 178
Trd, 000233.750, 182
Trd, 000234.133, 176
Trd, 000234.417, 171
Trd, 000234.733, 183
Trd, 000234.817, 171
Trd, 000235.217, 176
Trd, 000235.550, 173
Trd, 000235.567, 182
Trd, 000235.867, 180
Trd, 000236.233, 185
Trd, 000236.467, 185
Trd, 000237.000, 172
Trd, 000237.767, 190
Trd, 000237.933, 191
Trd, 000238.617, 168
Trd, 000239.233, 172
Trd, 000239.783, 170
Trd, 000240.117, 172
Trd, 000240.267, 178
Trd, 000240.817, 175
Trd, 000241.067, 169
Trd, 000241.317, 180
Trd, 000241.850, 172
Trd, 000242.767, 174
Trd, 000243.033, 179
Trd, 000243.083, 180
Trd, 000243.667, 177
Trd, 000243.800, 172
Trd, 000244.200, 176
Trd, 000244.500, 173
Trd, 000244.600, 174
Trd, 000244.983, 172
Trd, 000245.383, 171
Trd, 000246.133, 172
Trd, 000246.283, 171
Trd, 000246.300, 174
Trd, 000246.933, 174
Trd, 000247.017, 182
Trd, 000247.033, 169
Trd, 000247.483, 183
Trd, 000247.750, 186
Trd, 000247.817, 189
Trd, 000248.250, 169
Trd, 000248.300, 193
Trd, 000249.167, 166
Trd, 000249.617, 168
Trd, 000249.933, 168
Trd, 000250.517, 169
Trd, 000250.883, 175
Trd, 000251.067, 168
Trd, 000251.717, 184
Trd, 000251.933, 177
Trd, 000252.217, 178
Trd, 000252.533, 168
Trd, 000252.933, 169
Trd, 000253.350, 174
Trd, 000253.483, 169
Trd, 000253.667, 175
Trd, 000254.183, 174
Trd, 000254.400, 168
Trd, 000254.550, 178
Trd, 000255.100, 168
Trd, 000256.033, 169
Trd, 000256.500, 173
Trd, 000257.233, 183
Trd, 000257.667, 187
Trd, 000257.767, 173
Trd, 000258.250, 175
Trd, 000258.867, 181
Trd, 000258.900, 182
Trd, 000258.967, 190
Trd, 000259.683, 188
Trd, 000259.933, 177
Trd, 000261.150, 178
Trd, 000261.350, 180
Trd, 000261.450, 179
Trd, 000261.483, 185
Trd, 000261.867, 174
Trd, 000262.767, 176
Trd, 000262.883, 167
Trd, 000263.500, 177
Trd, 000263.517, 175
Trd, 000264.183, 177
Trd, 000264.983, 176
Trd, 000265.750, 177
Trd, 000266.000, 184
Trd, 000266.600, 171
Trd, 000266.700, 184
Trd, 000267.100, 171
Trd, 000267.150, 179
Trd, 000267.417, 185
Trd, 000267.483, 184
Trd, 000267.617, 189
Trd, 000267.717, 191
Trd, 000268.467, 195
Trd, 000269.533, 174
Trd, 000269.650, 189
Trd, 000270.983, 178
Trd, 000271.500, 186
Trd, 000272.017, 178
Trd, 000272.217, 183
Trd, 000272.933, 185
Trd, 000272.950, 182
Trd, 000273.050, 188
Trd, 000273.217, 177
Trd, 000273.450, 187
Trd, 000273.600, 189
Trd, 000274.067, 189
Trd, 000274.200, 192
Trd, 000274.633, 194
Trd, 000275.617, 182
Trd, 000275.833, 179
Trd, 000275.867, 189
Trd, 000275.950, 179
Trd, 000276.433, 175
Trd, 000276.567, 194
Trd, 000276.583, 171
Trd, 000277.917, 190
Trd, 000277.950, 178
Trd, 000278.533, 175
Trd, 000278.800, 194
Trd, 000279.550, 172
Trd, 000279.783, 192
Trd, 000280.217, 174
Trd, 000280.500, 176
Trd, 000281.050, 185
Trd, 000281.250, 178
Trd, 000281.650, 173
Trd, 000281.917, 176
Trd, 000282.117, 179
Trd, 000282.433, 172
Trd, 000283.467, 169
Trd, 000283.617, 163
Trd, 000283.717, 160
Trd, 000284.067, 177
Trd, 000284.450, 175
Trd, 000284.500, 170
Trd, 000284.850, 172
Trd, 000285.400, 169
Trd, 000285.817, 171
Trd, 000285.883, 172
Trd, 000285.900, 180
Trd, 000287.550, 176
Trd, 000287.700, 186
Trd, 000288.083, 193
Trd, 000288.200, 177
Trd, 000288.883, 176
Trd, 000289.433, 176
Trd, 000289.567, 181
Trd, 000290.250, 175
Trd, 000290.300, 185
Trd, 000290.433, 188
Trd, 000290.900, 191
Trd, 000291.617, 190
Trd, 000292.383, 177
Trd, 000293.000, 177
Trd, 000293.167, 193
Trd, 000293.717, 190
Trd, 000293.833, 191
Trd, 000293.850, 185
Trd, 000294.267, 194
Trd, 000294.867, 197
Trd, 000294.900, 184
Trd, 000294.967, 201
Trd, 000295.867, 182
Trd, 000295.950, 177
Trd, 000295.967, 198
Trd, 000296.267, 196
Trd, 000296.317, 170
Trd, 000296.950, 177
Trd, 000298.050, 185
Trd, 000298.367, 181
Trd, 000298.617, 187
Trd, 000298.750, 188
Trd, 000299.167, 188
Trd, 000299.933, 181
