Trd, 000001.583, 131
Trd, 000002.117, 182
Trd, 000002.683, 160
Trd, 000003.250, 149
Trd, 000003.467, 160
Trd, 000004.683, 165
Trd, 000005.350, 164
Trd, 000005.450, 165
Trd, 000005.467, 159
Trd, 000006.100, 158
Trd, 000006.333, 158
Trd, 000006.567, 165
Trd, 000007.250, 159
Trd, 000007.533, 156
Trd, 000007.783, 160
Trd, 000008.833, 158
Trd, 000008.917, 159
Trd, 000010.083, 158
Trd, 000010.550, 160
Trd, 000010.867, 161
Trd, 000011.250, 163
Trd, 000011.900, 160
Trd, 000012.650, 162
Trd, 000013.117, 160
Trd, 000013.617, 151
Trd, 000013.817, 156
Trd, 000014.300, 155
Trd, 000015.183, 152
Trd, 000015.667, 155
Trd, 000016.900, 160
Trd, 000016.917, 159
Trd, 000016.967, 158
Trd, 000018.833, 157
Trd, 000018.950, 159
Trd, 000019.117, 161
Trd, 000019.683, 163
Trd, 000019.900, 164
Trd, 000020.000, 155
Trd, 000020.117, 177
Trd, 000020.283, 156
Trd, 000020.567, 158
Trd, 000021.917, 162
Trd, 000022.183, 161
Trd, 000022.667, 161
Trd, 000022.983, 160
Trd, 000023.167, 167
Trd, 000024.250, 163
Trd, 000024.700, 162
Trd, 000024.850, 159
Trd, 000024.933, 162
Trd, 000026.017, 159
Trd, 000026.050, 161
Trd, 000026.483, 156
Trd, 000026.983, 158
Trd, 000027.283, 177
Trd, 000027.617, 156
Trd, 000028.483, 161
Trd, 000028.833, 154
Trd, 000029.283, 160
Trd, 000030.083, 155
Trd, 000030.850, 156
Trd, 000031.300, 156
Trd, 000031.633, 157
Trd, 000032.117, 158
Trd, 000032.567, 161
Trd, 000033.133, 157
Trd, 000033.233, 164
Trd, 000034.450, 158
Trd, 000034.517, 157
Trd, 000035.250, 162
Trd, 000035.717, 156
Trd, 000036.950, 159
Trd, 000037.200, 160
Trd, 000037.833, 161
Trd, 000038.133, 158
Trd, 000038.683, 160
Trd, 000039.017, 165
Trd, 000039.083, 159
Trd, 000039.300, 177
Trd, 000040.283, 174
Trd, 000041.217, 172
Trd, 000041.333, 169
Trd, 000042.500, 169
Trd, 000043.067, 169
Trd, 000043.117, 167
Trd, 000043.450, 168
Trd, 000044.067, 166
Trd, 000044.117, 171
Trd, 000044.617, 163
Trd, 000045.283, 164
Trd, 000045.500, 162
Trd, 000046.000, 165
Trd, 000046.733, 160
Trd, 000046.833, 165
Trd, 000047.500, 162
Trd, 000047.667, 158
Trd, 000047.900, 157
Trd, 000049.283, 156
Trd, 000050.500, 157
Trd, 000050.517, 156
Trd, 000050.783, 156
Trd, 000050.833, 158
Trd, 000051.167, 160
Trd, 000051.233, 163
Trd, 000052.000, 157
Trd, 000052.967, 164
Trd, 000053.267, 164
Trd, 000053.733, 163
Trd, 000053.850, 165
Trd, 000053.917, 180
Trd, 000054.217, 155
Trd, 000057.733, 163
Trd, 000057.783, 163
Trd, 000058.050, 162
Trd, 000058.300, 161
Trd, 000058.667, 173
Trd, 000059.367, 163
Trd, 000059.783, 166
Trd, 000060.467, 166
Trd, 000061.217, 167
Trd, 000061.933, 167
Trd, 000062.117, 167
Trd, 000062.300, 167
Trd, 000062.483, 164
Trd, 000062.833, 163
Trd, 000063.783, 163
Trd, 000064.233, 168
Trd, 000064.733, 168
Trd, 000066.283, 167
Trd, 000066.350, 181
Trd, 000066.417, 164
Trd, 000066.550, 163
Trd, 000067.600, 176
Trd, 000068.050, 176
Trd, 000068.567, 168
Trd, 000069.133, 168
Trd, 000069.167, 173
Trd, 000069.833, 171
Trd, 000070.700, 169
Trd, 000070.733, 168
Trd, 000071.050, 182
Trd, 000071.067, 166
Trd, 000071.517, 158
Trd, 000071.683, 156
Trd, 000072.067, 164
Trd, 000072.150, 165
Trd, 000073.050, 165
Trd, 000073.417, 150
Trd, 000074.817, 164
Trd, 000075.367, 173
Trd, 000075.700, 172
Trd, 000075.767, 171
Trd, 000076.400, 173
Trd, 000076.883, 172
Trd, 000077.933, 173
Trd, 000078.483, 180
Trd, 000079.367, 170
Trd, 000079.750, 169
Trd, 000080.283, 171
Trd, 000080.300, 168
Trd, 000080.400, 167
Trd, 000080.700, 166
Trd, 000080.783, 172
Trd, 000082.050, 176
Trd, 000082.583, 179
Trd, 000083.033, 182
Trd, 000083.367, 172
Trd, 000085.083, 170
Trd, 000085.383, 178
Trd, 000085.450, 172
Trd, 000086.250, 174
Trd, 000086.800, 173
Trd, 000087.117, 174
Trd, 000087.167, 177
Trd, 000088.100, 174
Trd, 000088.333, 177
Trd, 000089.183, 174
Trd, 000089.333, 173
Trd, 000089.467, 177
Trd, 000090.383, 179
Trd, 000091.233, 173
Trd, 000091.700, 172
Trd, 000091.733, 174
Trd, 000092.450, 167
Trd, 000092.700, 170
Trd, 000093.750, 170
Trd, 000094.150, 171
Trd, 000094.267, 188
Trd, 000094.283, 195
Trd, 000094.717, 167
Trd, 000095.633, 175
Trd, 000095.950, 185
Trd, 000096.567, 160
Trd, 000096.750, 170
Trd, 000096.817, 163
Trd, 000096.850, 173
Trd, 000097.250, 159
Trd, 000098.033, 171
Trd, 000098.200, 170
Trd, 000098.933, 140
Trd, 000099.417, 161
Trd, 000099.500, 168
Trd, 000100.033, 166
Trd, 000100.217, 172
Trd, 000100.317, 164
Trd, 000101.567, 184
Trd, 000101.583, 169
Trd, 000102.583, 183
Trd, 000103.133, 170
Trd, 000103.250, 170
Trd, 000103.500, 171
Trd, 000104.367, 172
Trd, 000104.633, 171
Trd, 000105.817, 170
Trd, 000105.950, 171
Trd, 000106.800, 170
Trd, 000106.867, 172
Trd, 000108.483, 170
Trd, 000108.517, 173
Trd, 000109.367, 173
Trd, 000109.650, 170
Trd, 000110.583, 172
Trd, 000110.717, 172
Trd, 000110.833, 173
Trd, 000110.883, 171
Trd, 000111.250, 171
Trd, 000111.683, 173
Trd, 000112.050, 168
Trd, 000112.100, 173
Trd, 000114.417, 167
Trd, 000115.383, 169
Trd, 000115.617, 168
Trd, 000115.833, 167
Trd, 000116.500, 167
Trd, 000116.700, 169
Trd, 000117.333, 166
Trd, 000117.800, 161
Trd, 000118.717, 174
Trd, 000118.900, 171
Trd, 000119.417, 174
Trd, 000120.783, 175
Trd, 000121.683, 173
Trd, 000121.717, 171
Trd, 000122.750, 170
Trd, 000122.817, 170
Trd, 000123.283, 171
Trd, 000123.900, 171
Trd, 000124.050, 170
Trd, 000124.317, 173
Trd, 000124.733, 171
Trd, 000125.583, 169
Trd, 000125.983, 169
Trd, 000126.900, 169
Trd, 000127.083, 170
Trd, 000127.917, 170
Trd, 000128.067, 170
Trd, 000128.133, 167
Trd, 000129.317, 172
Trd, 000129.500, 169
Trd, 000130.183, 172
Trd, 000131.283, 173
Trd, 000131.350, 174
Trd, 000131.500, 170
Trd, 000131.783, 170
Trd, 000133.217, 171
Trd, 000133.350, 168
Trd, 000133.500, 171
Trd, 000134.283, 166
Trd, 000134.400, 170
Trd, 000134.933, 163
Trd, 000135.717, 170
Trd, 000135.850, 170
Trd, 000136.150, 170
Trd, 000136.433, 171
Trd, 000136.617, 176
Trd, 000137.583, 176
Trd, 000138.017, 188
Trd, 000138.400, 175
Trd, 000138.417, 176
Trd, 000138.467, 174
Trd, 000139.267, 172
Trd, 000139.450, 173
Trd, 000140.117, 167
Trd, 000141.933, 172
Trd, 000142.017, 170
Trd, 000142.383, 170
Trd, 000142.483, 169
Trd, 000142.867, 170
Trd, 000143.183, 167
Trd, 000144.333, 164
Trd, 000145.133, 172
Trd, 000145.567, 166
Trd, 000145.700, 176
Trd, 000146.333, 167
Trd, 000146.517, 168
Trd, 000146.667, 174
Trd, 000146.933, 188
Trd, 000147.767, 182
Trd, 000147.900, 194
Trd, 000149.550, 189
Trd, 000149.567, 183
Trd, 000150.067, 183
Trd, 000150.483, 190
Trd, 000151.450, 183
Trd, 000152.167, 182
Trd, 000153.233, 182
Trd, 000153.267, 177
Trd, 000153.283, 173
Trd, 000153.433, 180
Trd, 000153.517, 182
Trd, 000154.433, 175
Trd, 000155.150, 177
Trd, 000155.817, 177
Trd, 000157.100, 184
Trd, 000157.967, 189
Trd, 000158.700, 183
Trd, 000159.300, 181
Trd, 000159.733, 183
Trd, 000161.033, 183
Trd, 000161.050, 184
Trd, 000161.317, 191
Trd, 000161.450, 182
Trd, 000161.917, 181
Trd, 000162.267, 182
Trd, 000162.950, 183
Trd, 000163.550, 184
Trd, 000164.617, 184
Trd, 000165.550, 181
Trd, 000165.767, 184
Trd, 000166.633, 189
Trd, 000166.750, 188
Trd, 000167.350, 188
Trd, 000167.600, 187
Trd, 000168.250, 188
Trd, 000168.400, 182
Trd, 000170.250, 187
Trd, 000170.933, 185
Trd, 000171.050, 185
Trd, 000171.400, 185
Trd, 000171.967, 176
Trd, 000172.117, 189
Trd, 000172.817, 179
Trd, 000172.917, 176
Trd, 000172.967, 178
Trd, 000173.100, 175
Trd, 000173.200, 184
Trd, 000173.783, 180
Trd, 000175.717, 179
Trd, 000175.933, 179
Trd, 000176.700, 178
Trd, 000177.033, 178
Trd, 000177.733, 176
Trd, 000178.183, 175
Trd, 000178.400, 171
Trd, 000179.500, 167
Trd, 000179.817, 168
Trd, 000179.983, 167
Trd, 000181.250, 167
Trd, 000181.550, 166
Trd, 000182.150, 168
Trd, 000182.300, 169
Trd, 000182.667, 176
Trd, 000183.400, 172
Trd, 000184.250, 172
Trd, 000184.833, 173
Trd, 000185.050, 174
Trd, 000185.950, 176
Trd, 000186.483, 176
Trd, 000186.517, 173
Trd, 000186.550, 180
Trd, 000186.983, 183
Trd, 000187.233, 181
Trd, 000190.200, 186
Trd, 000190.467, 187
Trd, 000190.650, 186
Trd, 000190.733, 182
Trd, 000190.883, 182
Trd, 000191.400, 181
Trd, 000192.300, 169
Trd, 000192.867, 174
Trd, 000192.883, 176
Trd, 000193.583, 174
Trd, 000193.950, 175
Trd, 000194.033, 177
Trd, 000194.600, 174
Trd, 000194.700, 172
Trd, 000194.717, 178
Trd, 000196.050, 172
Trd, 000197.333, 176
Trd, 000197.750, 180
Trd, 000197.800, 175
Trd, 000198.967, 177
Trd, 000199.517, 178
Trd, 000199.733, 178
Trd, 000199.967, 180
Trd, 000200.517, 177
Trd, 000200.833, 176
Trd, 000201.050, 180
Trd, 000201.283, 182
Trd, 000202.183, 179
Trd, 000202.217, 180
Trd, 000202.783, 179
Trd, 000203.250, 178
Trd, 000203.350, 181
Trd, 000203.767, 185
Trd, 000204.883, 183
Trd, 000205.567, 179
Trd, 000205.583, 178
Trd, 000205.600, 161
Trd, 000205.750, 188
Trd, 000207.167, 185
Trd, 000207.600, 186
Trd, 000207.617, 185
Trd, 000208.617, 190
Trd, 000208.833, 187
Trd, 000208.950, 186
Trd, 000209.133, 184
Trd, 000210.033, 183
Trd, 000212.367, 182
Trd, 000213.067, 179
Trd, 000213.500, 178
Trd, 000213.683, 179
Trd, 000213.917, 180
Trd, 000213.950, 171
Trd, 000213.967, 181
Trd, 000214.333, 181
Trd, 000215.550, 182
Trd, 000215.683, 168
Trd, 000216.383, 174
Trd, 000216.567, 179
Trd, 000217.467, 172
Trd, 000217.533, 173
Trd, 000217.700, 182
Trd, 000219.600, 180
Trd, 000219.700, 179
Trd, 000220.517, 180
Trd, 000220.967, 177
Trd, 000220.983, 181
Trd, 000221.267, 175
Trd, 000221.300, 182
Trd, 000221.883, 173
Trd, 000222.367, 183
Trd, 000222.800, 180
Trd, 000223.883, 181
Trd, 000224.883, 181
Trd, 000225.467, 174
Trd, 000225.600, 181
Trd, 000225.850, 174
Trd, 000226.067, 181
Trd, 000226.317, 174
Trd, 000227.050, 185
Trd, 000227.667, 185
Trd, 000228.217, 174
Trd, 000228.817, 180
Trd, 000228.850, 188
Trd, 000230.267, 184
Trd, 000231.000, 183
Trd, 000231.050, 185
Trd, 000231.483, 186
Trd, 000231.667, 183
Trd, 000231.900, 197
Trd, 000231.933, 185
Trd, 000232.117, 180
Trd, 000233.083, 185
Trd, 000233.800, 182
Trd, 000234.283, 193
Trd, 000234.567, 190
Trd, 000235.517, 188
Trd, 000236.983, 188
Trd, 000237.083, 189
Trd, 000237.100, 188
Trd, 000238.150, 188
Trd, 000239.017, 188
Trd, 000240.000, 187
Trd, 000240.050, 186
Trd, 000241.117, 185
Trd, 000241.717, 185
Trd, 000242.517, 185
Trd, 000242.667, 184
Trd, 000242.933, 182
Trd, 000243.383, 186
Trd, 000243.400, 181
Trd, 000243.650, 182
Trd, 000244.267, 182
Trd, 000245.150, 180
Trd, 000245.483, 182
Trd, 000245.717, 175
Trd, 000245.733, 183
Trd, 000246.450, 185
Trd, 000246.533, 186
Trd, 000247.733, 186
Trd, 000248.433, 185
Trd, 000248.633, 184
Trd, 000250.033, 180
Trd, 000250.183, 183
Trd, 000250.267, 185
Trd, 000251.017, 181
Trd, 000251.350, 186
Trd, 000251.950, 182
Trd, 000252.850, 178
Trd, 000253.083, 177
Trd, 000253.267, 176
Trd, 000253.333, 175
Trd, 000254.667, 178
Trd, 000254.883, 177
Trd, 000255.183, 177
Trd, 000255.333, 177
Trd, 000255.550, 177
Trd, 000255.950, 180
Trd, 000256.100, 183
Trd, 000257.217, 176
Trd, 000257.967, 177
Trd, 000258.017, 182
Trd, 000258.567, 174
Trd, 000258.933, 175
Trd, 000259.367, 176
Trd, 000259.617, 175
Trd, 000260.367, 175
Trd, 000261.683, 174
Trd, 000262.083, 174
Trd, 000262.267, 175
Trd, 000262.300, 175
Trd, 000262.433, 176
Trd, 000263.500, 174
Trd, 000264.267, 180
Trd, 000264.533, 178
Trd, 000265.250, 178
Trd, 000265.333, 181
Trd, 000266.417, 180
Trd, 000267.150, 185
Trd, 000267.317, 186
Trd, 000267.733, 197
Trd, 000268.750, 189
Trd, 000268.850, 190
Trd, 000269.583, 193
Trd, 000270.233, 189
Trd, 000270.617, 190
Trd, 000270.917, 187
Trd, 000271.033, 193
Trd, 000271.767, 187
Trd, 000271.817, 187
Trd, 000272.867, 185
Trd, 000273.167, 183
Trd, 000273.217, 188
Trd, 000273.367, 188
Trd, 000273.717, 188
Trd, 000273.850, 189
Trd, 000274.017, 176
Trd, 000276.467, 180
Trd, 000277.167, 181
Trd, 000277.517, 181
Trd, 000278.267, 182
Trd, 000278.483, 183
Trd, 000278.817, 182
Trd, 000279.050, 180
Trd, 000279.133, 183
Trd, 000279.867, 179
Trd, 000280.200, 178
Trd, 000280.667, 178
Trd, 000281.717, 178
Trd, 000282.100, 179
Trd, 000282.383, 177
Trd, 000282.750, 177
Trd, 000282.883, 181
Trd, 000283.567, 183
Trd, 000283.833, 186
Trd, 000284.317, 180
Trd, 000285.067, 180
Trd, 000285.200, 178
Trd, 000285.250, 178
Trd, 000286.233, 179
Trd, 000286.683, 185
Trd, 000286.817, 179
Trd, 000287.333, 186
Trd, 000288.617, 188
Trd, 000288.783, 185
Trd, 000289.617, 187
Trd, 000290.300, 186
Trd, 000290.550, 184
Trd, 000291.033, 183
Trd, 000291.417, 179
Trd, 000292.000, 178
Trd, 000292.300, 179
Trd, 000292.900, 176
Trd, 000293.217, 177
Trd, 000293.567, 179
Trd, 000294.283, 187
Trd, 000294.617, 177
Trd, 000295.117, 188
Trd, 000295.950, 188
Trd, 000296.333, 182
Trd, 000296.583, 191
Trd, 000296.617, 180
Trd, 000296.733, 178
Trd, 000296.983, 178
Trd, 000297.083, 192
Trd, 000297.250, 179
Trd, 000297.800, 177
Trd, 000298.483, 178
Trd, 000299.383, 182
Trd, 000299.450, 178
