Trd, 000001.383, 134
Trd, 000001.917, 137
Trd, 000002.633, 113
Trd, 000003.550, 144
Trd, 000004.250, 148
Trd, 000004.283, 147
Trd, 000004.400, 145
Trd, 000005.133, 181
Trd, 000005.400, 182
Trd, 000006.167, 168
Trd, 000006.567, 155
Trd, 000006.633, 156
Trd, 000008.033, 158
Trd, 000008.983, 151
Trd, 000009.350, 158
Trd, 000009.483, 159
Trd, 000010.183, 154
Trd, 000010.417, 153
Trd, 000010.433, 152
Trd, 000011.183, 151
Trd, 000011.533, 159
Trd, 000011.717, 159
Trd, 000012.150, 145
Trd, 000012.183, 160
Trd, 000013.583, 152
Trd, 000014.717, 154
Trd, 000014.850, 154
Trd, 000015.150, 154
Trd, 000015.583, 153
Trd, 000016.067, 155
Trd, 000016.317, 154
Trd, 000017.317, 156
Trd, 000017.533, 156
Trd, 000018.350, 157
Trd, 000018.700, 158
Trd, 000019.500, 160
Trd, 000019.883, 159
Trd, 000020.450, 158
Trd, 000020.483, 160
Trd, 000021.783, 158
Trd, 000022.733, 160
Trd, 000022.917, 159
Trd, 000023.033, 158
Trd, 000023.167, 166
Trd, 000023.783, 158
Trd, 000023.800, 157
Trd, 000024.067, 156
Trd, 000024.433, 156
Trd, 000024.700, 149
Trd, 000025.550, 160
Trd, 000025.750, 146
Trd, 000025.917, 158
Trd, 000026.283, 137
Trd, 000026.667, 138
Trd, 000027.350, 140
Trd, 000027.633, 145
Trd, 000028.167, 145
Trd, 000029.483, 144
Trd, 000029.850, 143
Trd, 000030.417, 143
Trd, 000030.617, 143
Trd, 000030.800, 147
Trd, 000030.833, 141
Trd, 000031.917, 143
Trd, 000032.033, 144
Trd, 000033.017, 144
Trd, 000033.100, 144
Trd, 000033.350, 150
Trd, 000034.233, 149
Trd, 000035.000, 147
Trd, 000036.233, 165
Trd, 000036.367, 180
Trd, 000037.400, 169
Trd, 000038.833, 182
Trd, 000039.033, 172
Trd, 000039.283, 170
Trd, 000039.800, 167
Trd, 000040.033, 162
Trd, 000040.933, 162
Trd, 000041.300, 167
Trd, 000042.500, 165
Trd, 000042.983, 165
Trd, 000043.083, 164
Trd, 000044.117, 164
Trd, 000044.467, 164
Trd, 000044.833, 163
Trd, 000045.083, 163
Trd, 000045.600, 162
Trd, 000045.650, 159
Trd, 000045.933, 155
Trd, 000047.417, 160
Trd, 000047.633, 159
Trd, 000047.967, 157
Trd, 000048.917, 152
Trd, 000049.000, 163
Trd, 000049.433, 162
Trd, 000049.667, 163
Trd, 000050.683, 162
Trd, 000051.517, 163
Trd, 000052.350, 162
Trd, 000052.400, 164
Trd, 000053.200, 162
Trd, 000054.750, 161
Trd, 000055.300, 161
Trd, 000055.467, 162
Trd, 000055.700, 160
Trd, 000056.117, 161
Trd, 000056.267, 163
Trd, 000056.400, 164
Trd, 000057.000, 165
Trd, 000058.150, 166
Trd, 000058.317, 166
Trd, 000058.617, 164
Trd, 000059.100, 154
Trd, 000059.633, 164
Trd, 000059.833, 179
Trd, 000060.000, 150
Trd, 000060.317, 178
Trd, 000060.850, 178
Trd, 000061.600, 152
Trd, 000061.983, 144
Trd, 000062.150, 143
Trd, 000062.650, 174
Trd, 000063.150, 172
Trd, 000065.217, 172
Trd, 000065.867, 172
Trd, 000066.683, 172
Trd, 000068.267, 168
Trd, 000068.633, 168
Trd, 000068.900, 169
Trd, 000068.983, 167
Trd, 000069.667, 167
Trd, 000070.150, 167
Trd, 000073.200, 167
Trd, 000074.217, 168
Trd, 000074.250, 165
Trd, 000074.283, 165
Trd, 000074.383, 169
Trd, 000074.500, 163
Trd, 000074.583, 162
Trd, 000075.600, 167
Trd, 000076.267, 166
Trd, 000076.667, 176
Trd, 000076.983, 155
Trd, 000077.183, 180
Trd, 000077.317, 181
Trd, 000079.367, 175
Trd, 000079.433, 174
Trd, 000081.067, 174
Trd, 000082.117, 172
Trd, 000082.417, 172
Trd, 000082.833, 172
Trd, 000082.950, 171
Trd, 000083.083, 173
Trd, 000083.383, 169
Trd, 000084.150, 170
Trd, 000084.550, 166
Trd, 000085.750, 170
Trd, 000085.850, 166
Trd, 000086.150, 164
Trd, 000086.233, 170
Trd, 000086.300, 163
Trd, 000086.317, 155
Trd, 000087.233, 186
Trd, 000088.333, 172
Trd, 000088.883, 156
Trd, 000089.333, 156
Trd, 000089.917, 157
Trd, 000090.083, 166
Trd, 000090.200, 157
Trd, 000091.033, 158
Trd, 000091.300, 167
Trd, 000091.917, 158
Trd, 000092.300, 158
Trd, 000092.367, 160
Trd, 000093.267, 153
Trd, 000094.200, 161
Trd, 000094.850, 182
Trd, 000095.700, 179
Trd, 000096.150, 171
Trd, 000096.250, 170
Trd, 000097.100, 167
Trd, 000097.400, 165
Trd, 000098.383, 164
Trd, 000099.167, 169
Trd, 000099.533, 158
Trd, 000099.683, 169
Trd, 000100.100, 156
Trd, 000100.367, 171
Trd, 000100.883, 164
Trd, 000101.917, 172
Trd, 000103.183, 173
Trd, 000103.217, 172
Trd, 000103.733, 171
Trd, 000103.967, 169
Trd, 000104.417, 171
Trd, 000105.083, 171
Trd, 000106.700, 171
Trd, 000107.433, 170
Trd, 000107.517, 168
Trd, 000108.900, 168
Trd, 000109.683, 170
Trd, 000109.883, 170
Trd, 000110.500, 170
Trd, 000110.650, 169
Trd, 000111.483, 171
Trd, 000111.683, 175
Trd, 000112.083, 169
Trd, 000114.050, 168
Trd, 000114.550, 167
Trd, 000114.617, 168
Trd, 000114.800, 166
Trd, 000115.117, 168
Trd, 000115.567, 160
Trd, 000116.650, 168
Trd, 000117.200, 162
Trd, 000117.217, 161
Trd, 000117.850, 168
Trd, 000119.233, 166
Trd, 000120.050, 166
Trd, 000121.250, 166
Trd, 000121.300, 167
Trd, 000121.817, 166
Trd, 000122.717, 166
Trd, 000122.733, 167
Trd, 000122.983, 166
Trd, 000124.600, 165
Trd, 000125.133, 165
Trd, 000125.467, 165
Trd, 000125.633, 166
Trd, 000125.750, 170
Trd, 000125.867, 165
Trd, 000126.383, 166
Trd, 000127.067, 165
Trd, 000127.367, 160
Trd, 000127.433, 168
Trd, 000127.633, 160
Trd, 000127.967, 162
Trd, 000129.150, 160
Trd, 000129.467, 162
Trd, 000130.117, 159
Trd, 000130.617, 158
Trd, 000131.233, 161
Trd, 000131.967, 161
Trd, 000133.617, 168
Trd, 000134.100, 169
Trd, 000134.317, 166
Trd, 000134.817, 164
Trd, 000135.033, 168
Trd, 000135.517, 169
Trd, 000135.783, 167
Trd, 000137.233, 170
Trd, 000137.600, 172
Trd, 000137.983, 192
Trd, 000139.883, 182
Trd, 000140.200, 176
Trd, 000140.933, 177
Trd, 000140.983, 175
Trd, 000141.033, 172
Trd, 000141.867, 169
Trd, 000142.317, 162
Trd, 000142.783, 162
Trd, 000143.850, 164
Trd, 000144.017, 162
Trd, 000144.083, 164
Trd, 000144.783, 166
Trd, 000145.533, 160
Trd, 000145.767, 158
Trd, 000147.350, 162
Trd, 000147.533, 165
Trd, 000147.550, 166
Trd, 000148.250, 172
Trd, 000148.750, 169
Trd, 000149.033, 170
Trd, 000149.233, 176
Trd, 000149.400, 173
Trd, 000149.550, 165
Trd, 000150.750, 165
Trd, 000151.083, 194
Trd, 000151.100, 204
Trd, 000151.683, 174
Trd, 000152.300, 174
Trd, 000152.817, 183
Trd, 000152.900, 174
Trd, 000153.100, 173
Trd, 000154.583, 177
Trd, 000154.900, 178
Trd, 000155.417, 176
Trd, 000155.550, 174
Trd, 000155.967, 176
Trd, 000156.483, 175
Trd, 000156.900, 175
Trd, 000157.917, 174
Trd, 000158.417, 175
Trd, 000158.767, 166
Trd, 000159.150, 168
Trd, 000159.183, 174
Trd, 000160.450, 171
Trd, 000160.600, 165
Trd, 000161.933, 168
Trd, 000162.983, 164
Trd, 000163.183, 164
Trd, 000163.350, 163
Trd, 000163.583, 164
Trd, 000164.533, 162
Trd, 000165.133, 162
Trd, 000165.333, 165
Trd, 000165.483, 167
Trd, 000165.700, 166
Trd, 000166.617, 163
Trd, 000166.767, 164
Trd, 000166.783, 165
Trd, 000167.350, 164
Trd, 000167.417, 157
Trd, 000169.833, 161
Trd, 000171.650, 164
Trd, 000171.833, 161
Trd, 000172.733, 162
Trd, 000172.800, 163
Trd, 000173.250, 165
Trd, 000173.433, 176
Trd, 000174.317, 171
Trd, 000174.400, 170
Trd, 000174.933, 166
Trd, 000174.950, 166
Trd, 000176.150, 165
Trd, 000176.667, 164
Trd, 000177.383, 165
Trd, 000178.133, 169
Trd, 000178.533, 176
Trd, 000179.317, 173
Trd, 000179.683, 186
Trd, 000180.717, 173
Trd, 000180.917, 177
Trd, 000180.983, 173
Trd, 000181.367, 174
Trd, 000181.583, 179
Trd, 000181.600, 173
Trd, 000182.083, 166
Trd, 000182.217, 177
Trd, 000182.417, 169
Trd, 000182.633, 188
Trd, 000184.617, 174
Trd, 000184.833, 173
Trd, 000186.167, 182
Trd, 000186.567, 176
Trd, 000187.300, 181
Trd, 000187.833, 177
Trd, 000187.917, 180
Trd, 000188.033, 174
Trd, 000188.817, 175
Trd, 000190.333, 177
Trd, 000190.883, 177
Trd, 000191.017, 178
Trd, 000191.133, 177
Trd, 000191.617, 175
Trd, 000191.817, 178
Trd, 000192.933, 174
Trd, 000193.600, 173
Trd, 000195.033, 175
Trd, 000195.083, 176
Trd, 000195.150, 174
Trd, 000195.933, 176
Trd, 000195.967, 174
Trd, 000196.133, 179
Trd, 000196.250, 173
Trd, 000197.000, 178
Trd, 000198.150, 173
Trd, 000198.917, 176
Trd, 000199.733, 179
Trd, 000200.183, 178
Trd, 000200.650, 177
Trd, 000200.800, 168
Trd, 000201.467, 171
Trd, 000201.733, 166
Trd, 000202.467, 166
Trd, 000202.533, 165
Trd, 000202.867, 171
Trd, 000204.050, 172
Trd, 000204.200, 168
Trd, 000204.883, 169
Trd, 000204.933, 173
Trd, 000205.450, 172
Trd, 000205.483, 173
Trd, 000206.150, 178
Trd, 000208.333, 175
Trd, 000208.383, 174
Trd, 000208.450, 176
Trd, 000209.017, 176
Trd, 000209.667, 184
Trd, 000210.117, 181
Trd, 000210.650, 181
Trd, 000210.917, 181
Trd, 000211.950, 180
Trd, 000212.417, 180
Trd, 000212.983, 179
Trd, 000213.750, 165
Trd, 000214.883, 168
Trd, 000215.233, 169
Trd, 000215.417, 170
Trd, 000216.383, 169
Trd, 000216.433, 170
Trd, 000216.517, 179
Trd, 000216.717, 169
Trd, 000218.167, 192
Trd, 000218.367, 191
Trd, 000218.900, 190
Trd, 000219.517, 183
Trd, 000219.767, 180
Trd, 000220.067, 181
Trd, 000220.717, 184
Trd, 000223.033, 176
Trd, 000223.283, 181
Trd, 000224.650, 182
Trd, 000225.533, 191
Trd, 000225.567, 190
Trd, 000226.483, 184
Trd, 000226.783, 183
Trd, 000228.317, 183
Trd, 000228.700, 181
Trd, 000229.367, 184
Trd, 000229.650, 174
Trd, 000230.600, 184
Trd, 000231.750, 182
Trd, 000231.933, 180
Trd, 000232.033, 178
Trd, 000233.233, 180
Trd, 000233.800, 178
Trd, 000233.983, 180
Trd, 000234.050, 178
Trd, 000234.867, 178
Trd, 000234.900, 177
Trd, 000235.150, 170
Trd, 000235.567, 180
Trd, 000236.567, 170
Trd, 000237.233, 174
Trd, 000237.433, 175
Trd, 000237.983, 175
Trd, 000238.233, 174
Trd, 000238.317, 171
Trd, 000238.433, 172
Trd, 000238.633, 176
Trd, 000239.317, 180
Trd, 000240.167, 172
Trd, 000240.583, 173
Trd, 000241.000, 171
Trd, 000241.133, 172
Trd, 000241.283, 170
Trd, 000241.800, 172
Trd, 000242.233, 169
Trd, 000242.767, 168
Trd, 000243.433, 168
Trd, 000244.117, 166
Trd, 000244.183, 164
Trd, 000244.217, 168
Trd, 000244.383, 171
Trd, 000245.833, 170
Trd, 000246.167, 171
Trd, 000246.200, 172
Trd, 000246.683, 176
Trd, 000246.800, 172
Trd, 000247.417, 179
Trd, 000247.450, 173
Trd, 000247.517, 169
Trd, 000248.617, 182
Trd, 000249.433, 178
Trd, 000249.667, 178
Trd, 000250.300, 178
Trd, 000250.433, 169
Trd, 000250.750, 172
Trd, 000251.817, 167
Trd, 000251.983, 170
Trd, 000252.000, 165
Trd, 000252.433, 170
Trd, 000252.467, 176
Trd, 000252.733, 178
Trd, 000252.967, 168
Trd, 000253.017, 169
Trd, 000253.100, 168
Trd, 000253.917, 169
Trd, 000254.017, 166
Trd, 000254.650, 170
Trd, 000254.800, 169
Trd, 000255.100, 169
Trd, 000255.517, 169
Trd, 000256.050, 168
Trd, 000256.233, 169
Trd, 000256.450, 174
Trd, 000256.967, 174
Trd, 000257.150, 176
Trd, 000258.067, 176
Trd, 000258.300, 173
Trd, 000258.517, 177
Trd, 000259.000, 172
Trd, 000259.883, 172
Trd, 000260.433, 172
Trd, 000260.717, 174
Trd, 000260.800, 172
Trd, 000260.867, 174
Trd, 000261.300, 174
Trd, 000261.800, 174
Trd, 000262.433, 173
Trd, 000263.267, 171
Trd, 000263.333, 170
Trd, 000263.917, 174
Trd, 000264.683, 170
Trd, 000264.917, 173
Trd, 000264.950, 173
Trd, 000265.750, 181
Trd, 000266.233, 178
Trd, 000266.250, 175
Trd, 000266.283, 173
Trd, 000266.700, 183
Trd, 000267.667, 174
Trd, 000267.783, 174
Trd, 000268.000, 174
Trd, 000269.300, 184
Trd, 000269.750, 179
Trd, 000269.867, 183
Trd, 000269.950, 184
Trd, 000270.567, 183
Trd, 000270.717, 187
Trd, 000271.083, 175
Trd, 000271.300, 179
Trd, 000271.517, 173
Trd, 000272.900, 174
Trd, 000273.100, 176
Trd, 000273.233, 178
Trd, 000273.333, 181
Trd, 000273.383, 182
Trd, 000274.133, 175
Trd, 000274.417, 175
Trd, 000274.967, 181
Trd, 000275.033, 181
Trd, 000275.267, 175
Trd, 000275.467, 174
Trd, 000276.367, 174
Trd, 000277.050, 172
Trd, 000277.217, 174
Trd, 000278.450, 176
Trd, 000278.567, 178
Trd, 000278.650, 181
Trd, 000279.250, 175
Trd, 000279.317, 183
Trd, 000279.917, 185
Trd, 000279.983, 186
Trd, 000280.317, 174
Trd, 000280.833, 173
Trd, 000281.400, 175
Trd, 000282.333, 175
Trd, 000282.483, 173
Trd, 000282.817, 176
Trd, 000283.067, 179
Trd, 000283.683, 175
Trd, 000284.350, 174
Trd, 000285.033, 175
Trd, 000285.483, 176
Trd, 000285.683, 176
Trd, 000287.017, 177
Trd, 000287.167, 179
Trd, 000287.517, 182
Trd, 000288.183, 182
Trd, 000288.983, 176
Trd, 000289.183, 181
Trd, 000289.233, 172
Trd, 000289.333, 183
Trd, 000289.733, 172
Trd, 000289.750, 165
Trd, 000290.917, 176
Trd, 000291.050, 176
Trd, 000291.183, 179
Trd, 000291.350, 173
Trd, 000291.467, 173
Trd, 000291.650, 180
Trd, 000292.000, 174
Trd, 000292.417, 178
Trd, 000292.567, 177
Trd, 000293.217, 193
Trd, 000293.583, 196
Trd, 000293.700, 192
Trd, 000293.833, 203
Trd, 000293.850, 185
Trd, 000294.167, 204
Trd, 000294.817, 186
Trd, 000295.433, 184
Trd, 000296.333, 182
Trd, 000296.417, 198
Trd, 000296.800, 184
Trd, 000297.850, 178
Trd, 000297.950, 208
Trd, 000298.100, 211
Trd, 000298.283, 188
Trd, 000298.367, 181
Trd, 000298.783, 178
Trd, 000299.800, 202
