Trd, 000001.000, 179
Trd, 000002.833, 155
Trd, 000003.617, 162
Trd, 000004.300, 154
Trd, 000004.817, 155
Trd, 000005.167, 163
Trd, 000005.500, 164
Trd, 000006.450, 164
Trd, 000006.950, 153
Trd, 000007.550, 166
Trd, 000008.083, 158
Trd, 000008.133, 159
Trd, 000009.183, 162
Trd, 000009.750, 160
Trd, 000010.000, 162
Trd, 000010.850, 158
Trd, 000011.433, 157
Trd, 000012.083, 158
Trd, 000012.233, 160
Trd, 000012.583, 161
Trd, 000013.117, 157
Trd, 000014.183, 156
Trd, 000015.583, 154
Trd, 000016.450, 156
Trd, 000016.650, 144
Trd, 000018.417, 157
Trd, 000018.883, 156
Trd, 000019.733, 154
Trd, 000020.250, 156
Trd, 000020.550, 156
Trd, 000020.617, 157
Trd, 000021.083, 157
Trd, 000021.250, 159
Trd, 000022.367, 160
Trd, 000022.917, 164
Trd, 000024.150, 165
Trd, 000024.483, 157
Trd, 000024.517, 156
Trd, 000024.667, 162
Trd, 000025.733, 157
Trd, 000025.850, 157
Trd, 000026.467, 158
Trd, 000026.900, 158
Trd, 000028.067, 161
Trd, 000028.983, 158
Trd, 000029.000, 157
Trd, 000030.567, 157
Trd, 000031.267, 157
Trd, 000031.950, 158
Trd, 000032.583, 158
Trd, 000032.700, 157
Trd, 000033.117, 157
Trd, 000033.633, 156
Trd, 000034.200, 145
Trd, 000034.433, 152
Trd, 000035.833, 154
Trd, 000036.033, 156
Trd, 000036.167, 157
Trd, 000037.467, 155
Trd, 000037.483, 158
Trd, 000038.217, 155
Trd, 000039.300, 154
Trd, 000039.800, 158
Trd, 000040.733, 155
Trd, 000041.350, 159
Trd, 000041.800, 155
Trd, 000042.517, 162
Trd, 000042.600, 162
Trd, 000042.683, 166
Trd, 000043.483, 154
Trd, 000044.017, 155
Trd, 000044.167, 159
Trd, 000044.900, 156
Trd, 000044.983, 154
Trd, 000046.200, 154
Trd, 000048.083, 153
Trd, 000048.317, 153
Trd, 000048.333, 153
Trd, 000049.017, 154
Trd, 000049.417, 149
Trd, 000050.217, 156
Trd, 000050.850, 150
Trd, 000050.967, 157
Trd, 000051.150, 160
Trd, 000052.483, 157
Trd, 000053.833, 166
Trd, 000053.883, 167
Trd, 000053.967, 170
Trd, 000054.333, 163
Trd, 000055.183, 163
Trd, 000055.517, 165
Trd, 000055.817, 158
Trd, 000056.433, 166
Trd, 000057.167, 161
Trd, 000058.000, 162
Trd, 000058.700, 161
Trd, 000058.883, 160
Trd, 000059.500, 161
Trd, 000060.483, 159
Trd, 000060.917, 159
Trd, 000061.083, 161
Trd, 000061.200, 150
Trd, 000063.083, 166
Trd, 000063.350, 167
Trd, 000063.483, 159
Trd, 000063.717, 162
Trd, 000063.950, 164
Trd, 000064.267, 164
Trd, 000065.150, 164
Trd, 000065.567, 163
Trd, 000065.950, 166
Trd, 000066.767, 165
Trd, 000066.967, 163
Trd, 000067.367, 162
Trd, 000068.833, 164
Trd, 000071.000, 162
Trd, 000071.617, 163
Trd, 000072.550, 165
Trd, 000072.583, 160
Trd, 000073.767, 160
Trd, 000074.383, 162
Trd, 000074.733, 159
Trd, 000075.200, 160
Trd, 000075.433, 158
Trd, 000076.133, 162
Trd, 000076.700, 154
Trd, 000077.200, 150
Trd, 000077.617, 158
Trd, 000079.567, 155
Trd, 000079.783, 154
Trd, 000079.950, 157
Trd, 000080.533, 153
Trd, 000081.317, 158
Trd, 000081.650, 154
Trd, 000082.317, 154
Trd, 000084.533, 157
Trd, 000084.950, 156
Trd, 000085.250, 158
Trd, 000086.217, 159
Trd, 000087.267, 160
Trd, 000088.017, 157
Trd, 000088.417, 163
Trd, 000090.250, 160
Trd, 000090.383, 161
Trd, 000091.017, 162
Trd, 000091.050, 167
Trd, 000091.217, 163
Trd, 000091.233, 161
Trd, 000092.350, 169
Trd, 000092.583, 165
Trd, 000093.333, 165
Trd, 000093.567, 164
Trd, 000093.900, 164
Trd, 000093.950, 164
Trd, 000094.050, 163
Trd, 000095.033, 171
Trd, 000095.817, 162
Trd, 000097.050, 166
Trd, 000097.100, 167
Trd, 000097.317, 167
Trd, 000097.917, 168
Trd, 000098.467, 175
Trd, 000098.700, 165
Trd, 000099.333, 175
Trd, 000099.350, 168
Trd, 000099.383, 169
Trd, 000101.333, 168
Trd, 000101.633, 170
Trd, 000101.667, 168
Trd, 000102.450, 166
Trd, 000103.317, 168
Trd, 000104.267, 166
Trd, 000104.933, 165
Trd, 000105.417, 165
Trd, 000105.467, 168
Trd, 000105.867, 164
Trd, 000106.900, 165
Trd, 000107.417, 165
Trd, 000107.633, 164
Trd, 000107.817, 150
Trd, 000107.883, 167
Trd, 000108.333, 166
Trd, 000108.600, 148
Trd, 000109.233, 171
Trd, 000111.100, 145
Trd, 000111.600, 161
Trd, 000112.083, 168
Trd, 000112.433, 169
Trd, 000114.617, 163
Trd, 000115.183, 162
Trd, 000115.517, 162
Trd, 000115.533, 162
Trd, 000116.050, 161
Trd, 000117.467, 162
Trd, 000117.567, 166
Trd, 000117.717, 161
Trd, 000119.283, 163
Trd, 000119.467, 162
Trd, 000119.783, 162
Trd, 000121.033, 162
Trd, 000121.200, 163
Trd, 000121.350, 167
Trd, 000122.417, 165
Trd, 000123.317, 163
Trd, 000123.867, 160
Trd, 000123.933, 164
Trd, 000123.967, 152
Trd, 000124.700, 174
Trd, 000125.050, 170
Trd, 000125.600, 170
Trd, 000127.417, 173
Trd, 000127.767, 179
Trd, 000127.900, 173
Trd, 000128.600, 171
Trd, 000128.683, 173
Trd, 000128.717, 174
Trd, 000129.517, 172
Trd, 000131.367, 174
Trd, 000131.733, 174
Trd, 000133.033, 174
Trd, 000133.450, 174
Trd, 000134.167, 174
Trd, 000134.333, 175
Trd, 000134.850, 173
Trd, 000135.283, 173
Trd, 000135.433, 171
Trd, 000136.533, 168
Trd, 000137.450, 171
Trd, 000137.483, 170
Trd, 000137.883, 150
Trd, 000138.800, 165
Trd, 000139.167, 165
Trd, 000139.200, 173
Trd, 000140.950, 166
Trd, 000141.233, 171
Trd, 000141.650, 166
Trd, 000142.600, 165
Trd, 000143.517, 165
Trd, 000143.600, 150
Trd, 000145.050, 164
Trd, 000145.383, 164
Trd, 000145.650, 163
Trd, 000146.267, 160
Trd, 000146.367, 162
Trd, 000146.567, 165
Trd, 000147.817, 168
Trd, 000148.083, 163
Trd, 000148.633, 170
Trd, 000148.650, 162
Trd, 000148.683, 177
Trd, 000150.467, 179
Trd, 000150.667, 170
Trd, 000151.567, 170
Trd, 000151.617, 169
Trd, 000151.667, 172
Trd, 000152.650, 172
Trd, 000153.733, 168
Trd, 000154.567, 172
Trd, 000155.367, 170
Trd, 000155.467, 170
Trd, 000156.200, 170
Trd, 000156.750, 170
Trd, 000156.833, 171
Trd, 000157.617, 167
Trd, 000158.250, 171
Trd, 000158.933, 169
Trd, 000158.950, 171
Trd, 000159.250, 168
Trd, 000160.000, 169
Trd, 000160.700, 171
Trd, 000161.350, 168
Trd, 000162.933, 168
Trd, 000163.300, 169
Trd, 000163.600, 167
Trd, 000164.767, 170
Trd, 000164.817, 169
Trd, 000164.900, 171
Trd, 000166.100, 171
Trd, 000167.533, 172
Trd, 000167.883, 171
Trd, 000168.167, 174
Trd, 000169.100, 176
Trd, 000169.833, 174
Trd, 000170.033, 172
Trd, 000170.467, 173
Trd, 000170.583, 172
Trd, 000170.617, 175
Trd, 000171.650, 175
Trd, 000172.483, 176
Trd, 000172.517, 177
Trd, 000172.717, 175
Trd, 000174.717, 176
Trd, 000175.517, 172
Trd, 000176.133, 172
Trd, 000176.483, 177
Trd, 000176.767, 171
Trd, 000177.667, 173
Trd, 000178.550, 173
Trd, 000179.300, 171
Trd, 000179.383, 173
Trd, 000179.400, 169
Trd, 000180.083, 168
Trd, 000181.217, 168
Trd, 000181.533, 174
Trd, 000183.550, 173
Trd, 000183.850, 176
Trd, 000184.133, 180
Trd, 000184.400, 176
Trd, 000184.517, 169
Trd, 000185.583, 175
Trd, 000186.133, 173
Trd, 000186.283, 172
Trd, 000186.750, 174
Trd, 000188.067, 171
Trd, 000188.150, 172
Trd, 000188.417, 170
Trd, 000188.783, 158
Trd, 000189.017, 169
Trd, 000190.817, 161
Trd, 000191.050, 167
Trd, 000191.550, 170
Trd, 000192.650, 167
Trd, 000193.600, 167
Trd, 000193.867, 166
Trd, 000194.233, 164
Trd, 000195.133, 166
Trd, 000195.683, 166
Trd, 000196.233, 164
Trd, 000196.883, 166
Trd, 000198.000, 166
Trd, 000198.133, 169
Trd, 000198.633, 170
Trd, 000199.883, 170
Trd, 000200.050, 171
Trd, 000200.233, 170
Trd, 000200.333, 178
Trd, 000201.600, 169
Trd, 000201.633, 169
Trd, 000202.000, 169
Trd, 000202.083, 173
Trd, 000202.283, 175
Trd, 000203.850, 176
Trd, 000203.950, 171
Trd, 000205.150, 173
Trd, 000205.383, 172
Trd, 000208.500, 162
Trd, 000208.683, 168
Trd, 000209.600, 169
Trd, 000209.850, 176
Trd, 000210.267, 176
Trd, 000210.350, 179
Trd, 000210.517, 171
Trd, 000213.017, 176
Trd, 000213.317, 175
Trd, 000213.733, 176
Trd, 000214.233, 174
Trd, 000214.950, 172
Trd, 000216.233, 171
Trd, 000216.633, 173
Trd, 000216.833, 172
Trd, 000217.900, 173
Trd, 000218.533, 176
Trd, 000218.867, 175
Trd, 000219.917, 179
Trd, 000221.633, 177
Trd, 000221.950, 177
Trd, 000222.500, 176
Trd, 000223.300, 175
Trd, 000224.067, 175
Trd, 000224.133, 162
Trd, 000224.650, 179
Trd, 000224.667, 169
Trd, 000225.500, 176
Trd, 000225.517, 180
Trd, 000226.450, 172
Trd, 000226.700, 170
Trd, 000226.750, 175
Trd, 000226.883, 180
Trd, 000226.983, 185
Trd, 000228.133, 178
Trd, 000228.667, 166
Trd, 000229.500, 166
Trd, 000230.433, 169
Trd, 000231.400, 170
Trd, 000231.600, 174
Trd, 000233.017, 171
Trd, 000234.050, 171
Trd, 000234.533, 172
Trd, 000234.567, 171
Trd, 000234.833, 173
Trd, 000237.017, 172
Trd, 000237.517, 177
Trd, 000237.833, 172
Trd, 000237.983, 177
Trd, 000238.667, 173
Trd, 000240.067, 174
Trd, 000240.083, 173
Trd, 000240.833, 174
Trd, 000241.100, 175
Trd, 000241.267, 174
Trd, 000241.900, 176
Trd, 000242.383, 173
Trd, 000242.867, 174
Trd, 000243.317, 175
Trd, 000243.683, 175
Trd, 000244.733, 174
Trd, 000244.883, 179
Trd, 000245.283, 172
Trd, 000245.500, 179
Trd, 000245.750, 170
Trd, 000246.933, 176
Trd, 000247.450, 176
Trd, 000247.583, 175
Trd, 000248.500, 169
Trd, 000248.950, 175
Trd, 000249.633, 171
Trd, 000250.167, 171
Trd, 000250.283, 171
Trd, 000250.400, 176
Trd, 000250.983, 180
Trd, 000251.633, 173
Trd, 000251.867, 174
Trd, 000252.133, 175
Trd, 000252.233, 180
Trd, 000252.883, 178
Trd, 000253.467, 180
Trd, 000253.917, 181
Trd, 000254.433, 180
Trd, 000255.033, 179
Trd, 000255.133, 181
Trd, 000255.467, 180
Trd, 000255.500, 179
Trd, 000256.650, 181
Trd, 000257.550, 181
Trd, 000258.383, 180
Trd, 000258.950, 181
Trd, 000259.017, 179
Trd, 000259.667, 177
Trd, 000260.183, 181
Trd, 000260.550, 178
Trd, 000261.300, 180
Trd, 000261.467, 179
Trd, 000262.350, 179
Trd, 000262.633, 180
Trd, 000262.717, 179
Trd, 000263.367, 181
Trd, 000263.567, 184
Trd, 000263.617, 188
Trd, 000264.267, 184
Trd, 000264.667, 185
Trd, 000264.750, 182
Trd, 000265.000, 182
Trd, 000265.550, 191
Trd, 000265.983, 179
Trd, 000266.150, 182
Trd, 000267.000, 181
Trd, 000267.217, 188
Trd, 000267.650, 180
Trd, 000267.750, 195
Trd, 000268.683, 180
Trd, 000270.067, 179
Trd, 000270.650, 180
Trd, 000271.083, 178
Trd, 000271.183, 174
Trd, 000271.967, 178
Trd, 000272.167, 175
Trd, 000272.367, 179
Trd, 000272.767, 181
Trd, 000272.950, 177
Trd, 000273.867, 180
Trd, 000274.533, 178
Trd, 000274.850, 178
Trd, 000274.950, 175
Trd, 000275.350, 172
Trd, 000275.533, 171
Trd, 000275.817, 181
Trd, 000276.017, 186
Trd, 000276.183, 173
Trd, 000276.200, 181
Trd, 000276.933, 173
Trd, 000277.067, 175
Trd, 000277.333, 183
Trd, 000277.917, 186
Trd, 000278.300, 173
Trd, 000278.767, 175
Trd, 000280.150, 176
Trd, 000280.600, 176
Trd, 000280.650, 178
Trd, 000280.700, 175
Trd, 000281.433, 176
Trd, 000282.850, 178
Trd, 000283.367, 179
Trd, 000283.683, 179
Trd, 000284.017, 180
Trd, 000284.350, 179
Trd, 000284.383, 186
Trd, 000284.533, 178
Trd, 000284.900, 180
Trd, 000285.417, 178
Trd, 000285.500, 179
Trd, 000285.967, 177
Trd, 000286.000, 178
Trd, 000286.283, 179
Trd, 000287.233, 180
Trd, 000287.400, 183
Trd, 000287.600, 177
Trd, 000288.567, 185
Trd, 000289.050, 187
Trd, 000289.117, 176
Trd, 000289.400, 175
Trd, 000290.150, 189
Trd, 000291.133, 174
Trd, 000292.183, 186
Trd, 000292.350, 191
Trd, 000292.500, 181
Trd, 000292.750, 201
Trd, 000292.800, 204
Trd, 000294.683, 185
Trd, 000294.883, 188
Trd, 000294.900, 183
Trd, 000295.900, 184
Trd, 000296.000, 187
Trd, 000296.700, 184
Trd, 000297.167, 183
Trd, 000297.933, 182
Trd, 000298.200, 174
Trd, 000298.517, 183
Trd, 000298.600, 187
Trd, 000298.667, 179
Trd, 000298.700, 188
Trd, 000298.883, 180
