Trd, 000001.633, 155
Trd, 000003.700, 153
Trd, 000003.783, 154
Trd, 000003.933, 157
Trd, 000004.067, 158
Trd, 000005.083, 144
Trd, 000005.133, 157
Trd, 000005.967, 145
Trd, 000006.067, 144
Trd, 000006.400, 158
Trd, 000006.533, 142
Trd, 000006.683, 158
Trd, 000007.283, 159
Trd, 000010.283, 147
Trd, 000010.600, 154
Trd, 000010.883, 149
Trd, 000011.100, 149
Trd, 000011.733, 162
Trd, 000011.800, 152
Trd, 000012.717, 159
Trd, 000013.767, 155
Trd, 000015.050, 162
Trd, 000015.267, 162
Trd, 000015.400, 163
Trd, 000015.683, 161
Trd, 000016.333, 159
Trd, 000016.450, 158
Trd, 000016.483, 160
Trd, 000016.583, 160
Trd, 000017.317, 156
Trd, 000017.400, 156
Trd, 000018.683, 160
Trd, 000018.883, 164
Trd, 000019.433, 163
Trd, 000020.467, 162
Trd, 000022.400, 164
Trd, 000022.850, 162
Trd, 000023.267, 163
Trd, 000023.400, 162
Trd, 000023.967, 163
Trd, 000024.483, 163
Trd, 000024.700, 160
Trd, 000025.233, 159
Trd, 000025.850, 158
Trd, 000027.117, 158
Trd, 000027.333, 158
Trd, 000027.850, 159
Trd, 000028.317, 159
Trd, 000029.417, 157
Trd, 000029.800, 157
Trd, 000030.233, 159
Trd, 000030.933, 156
Trd, 000031.017, 161
Trd, 000031.933, 160
Trd, 000032.167, 161
Trd, 000033.200, 161
Trd, 000033.883, 160
Trd, 000034.583, 160
Trd, 000034.750, 158
Trd, 000035.417, 159
Trd, 000035.817, 159
Trd, 000036.917, 157
Trd, 000037.217, 158
Trd, 000037.300, 159
Trd, 000037.750, 155
Trd, 000038.017, 155
Trd, 000038.233, 158
Trd, 000038.250, 154
Trd, 000039.100, 159
Trd, 000040.017, 161
Trd, 000041.483, 162
Trd, 000042.450, 161
Trd, 000042.567, 161
Trd, 000043.100, 160
Trd, 000044.317, 157
Trd, 000044.383, 159
Trd, 000044.950, 160
Trd, 000045.033, 160
Trd, 000045.833, 160
Trd, 000046.000, 162
Trd, 000046.233, 159
Trd, 000047.217, 164
Trd, 000048.550, 165
Trd, 000048.950, 167
Trd, 000049.017, 166
Trd, 000049.300, 177
Trd, 000049.367, 164
Trd, 000049.667, 180
Trd, 000050.133, 169
Trd, 000050.333, 169
Trd, 000051.100, 161
Trd, 000052.400, 165
Trd, 000052.700, 165
Trd, 000054.033, 164
Trd, 000054.483, 167
Trd, 000054.500, 167
Trd, 000055.017, 164
Trd, 000055.050, 163
Trd, 000055.617, 162
Trd, 000055.867, 161
Trd, 000056.283, 163
Trd, 000056.733, 164
Trd, 000058.617, 163
Trd, 000059.567, 164
Trd, 000059.933, 165
Trd, 000060.533, 163
Trd, 000060.850, 162
Trd, 000061.517, 161
Trd, 000061.800, 163
Trd, 000064.083, 164
Trd, 000064.383, 164
Trd, 000064.967, 168
Trd, 000065.667, 166
Trd, 000065.750, 167
Trd, 000066.000, 165
Trd, 000066.383, 167
Trd, 000066.600, 164
Trd, 000067.450, 164
Trd, 000068.100, 168
Trd, 000069.017, 165
Trd, 000069.300, 166
Trd, 000070.167, 164
Trd, 000070.333, 164
Trd, 000070.483, 165
Trd, 000070.500, 165
Trd, 000070.933, 165
Trd, 000072.000, 172
Trd, 000072.100, 171
Trd, 000072.550, 178
Trd, 000073.200, 164
Trd, 000073.933, 169
Trd, 000075.500, 170
Trd, 000075.533, 168
Trd, 000075.667, 169
Trd, 000076.100, 171
Trd, 000076.650, 168
Trd, 000077.300, 165
Trd, 000077.317, 170
Trd, 000077.600, 171
Trd, 000077.733, 172
Trd, 000078.217, 166
Trd, 000079.383, 167
Trd, 000080.517, 167
Trd, 000080.983, 165
Trd, 000081.883, 165
Trd, 000082.700, 164
Trd, 000082.917, 168
Trd, 000083.117, 169
Trd, 000083.650, 163
Trd, 000084.050, 160
Trd, 000086.650, 160
Trd, 000086.833, 160
Trd, 000086.850, 160
Trd, 000087.183, 162
Trd, 000087.450, 163
Trd, 000087.600, 167
Trd, 000089.267, 162
Trd, 000089.333, 163
Trd, 000089.767, 162
Trd, 000089.983, 161
Trd, 000091.267, 163
Trd, 000091.300, 164
Trd, 000091.683, 162
Trd, 000091.767, 165
Trd, 000092.350, 167
Trd, 000094.017, 167
Trd, 000094.300, 168
Trd, 000094.817, 166
Trd, 000095.333, 165
Trd, 000095.800, 168
Trd, 000096.250, 164
Trd, 000096.400, 167
Trd, 000096.667, 164
Trd, 000098.100, 167
Trd, 000098.417, 168
Trd, 000098.600, 167
Trd, 000099.050, 167
Trd, 000099.333, 170
Trd, 000099.867, 167
Trd, 000100.983, 167
Trd, 000102.117, 165
Trd, 000102.133, 165
Trd, 000102.900, 166
Trd, 000103.050, 165
Trd, 000103.300, 168
Trd, 000104.667, 165
Trd, 000104.967, 167
Trd, 000106.117, 161
Trd, 000107.017, 160
Trd, 000107.517, 161
Trd, 000107.900, 150
Trd, 000108.050, 149
Trd, 000108.967, 157
Trd, 000109.350, 172
Trd, 000110.233, 173
Trd, 000110.583, 169
Trd, 000111.150, 169
Trd, 000111.717, 167
Trd, 000111.750, 168
Trd, 000113.050, 174
Trd, 000113.067, 173
Trd, 000113.350, 179
Trd, 000114.017, 166
Trd, 000114.050, 173
Trd, 000114.867, 166
Trd, 000114.983, 162
Trd, 000115.850, 168
Trd, 000116.717, 166
Trd, 000117.317, 168
Trd, 000117.733, 169
Trd, 000118.783, 169
Trd, 000118.883, 170
Trd, 000119.883, 167
Trd, 000120.550, 166
Trd, 000120.617, 170
Trd, 000120.900, 170
Trd, 000121.900, 169
Trd, 000122.783, 167
Trd, 000123.000, 170
Trd, 000124.567, 174
Trd, 000125.050, 174
Trd, 000125.267, 178
Trd, 000125.350, 173
Trd, 000125.500, 171
Trd, 000126.317, 170
Trd, 000126.617, 171
Trd, 000127.067, 171
Trd, 000127.467, 172
Trd, 000127.833, 169
Trd, 000127.933, 139
Trd, 000128.850, 169
Trd, 000129.583, 168
Trd, 000130.133, 164
Trd, 000131.383, 164
Trd, 000132.250, 165
Trd, 000132.850, 165
Trd, 000133.083, 171
Trd, 000134.400, 182
Trd, 000134.600, 175
Trd, 000135.267, 175
Trd, 000135.767, 177
Trd, 000135.850, 175
Trd, 000136.267, 171
Trd, 000137.500, 174
Trd, 000137.733, 175
Trd, 000137.833, 169
Trd, 000139.700, 169
Trd, 000139.883, 172
Trd, 000140.183, 171
Trd, 000140.500, 172
Trd, 000140.817, 172
Trd, 000141.400, 172
Trd, 000142.067, 172
Trd, 000142.100, 170
Trd, 000142.233, 169
Trd, 000142.867, 172
Trd, 000143.000, 171
Trd, 000143.133, 172
Trd, 000143.550, 172
Trd, 000144.100, 170
Trd, 000144.117, 176
Trd, 000146.517, 172
Trd, 000147.817, 171
Trd, 000148.050, 171
Trd, 000149.717, 172
Trd, 000149.750, 173
Trd, 000149.817, 175
Trd, 000150.100, 170
Trd, 000150.700, 170
Trd, 000150.917, 172
Trd, 000151.467, 173
Trd, 000151.817, 176
Trd, 000152.500, 172
Trd, 000153.017, 173
Trd, 000153.650, 174
Trd, 000154.050, 170
Trd, 000154.217, 172
Trd, 000154.883, 174
Trd, 000155.917, 174
Trd, 000155.983, 172
Trd, 000156.400, 171
Trd, 000156.983, 171
Trd, 000157.017, 172
Trd, 000157.350, 173
Trd, 000158.033, 173
Trd, 000158.683, 170
Trd, 000158.767, 172
Trd, 000159.450, 170
Trd, 000160.183, 169
Trd, 000161.917, 170
Trd, 000162.383, 169
Trd, 000162.733, 169
Trd, 000163.117, 171
Trd, 000163.333, 171
Trd, 000163.700, 172
Trd, 000164.300, 171
Trd, 000165.200, 173
Trd, 000165.233, 173
Trd, 000165.500, 170
Trd, 000166.367, 175
Trd, 000167.133, 172
Trd, 000167.183, 167
Trd, 000168.033, 175
Trd, 000168.667, 174
Trd, 000169.817, 173
Trd, 000170.150, 175
Trd, 000170.317, 175
Trd, 000170.583, 176
Trd, 000171.350, 176
Trd, 000171.717, 174
Trd, 000173.783, 176
Trd, 000174.217, 175
Trd, 000175.350, 175
Trd, 000175.533, 173
Trd, 000175.800, 172
Trd, 000175.900, 173
Trd, 000176.467, 170
Trd, 000176.817, 171
Trd, 000177.050, 171
Trd, 000177.267, 170
Trd, 000177.417, 168
Trd, 000178.550, 171
Trd, 000179.583, 171
Trd, 000179.650, 169
Trd, 000179.850, 169
Trd, 000180.750, 172
Trd, 000180.783, 170
Trd, 000180.867, 173
Trd, 000180.900, 170
Trd, 000181.200, 176
Trd, 000181.267, 177
Trd, 000181.317, 180
Trd, 000182.650, 156
Trd, 000183.133, 160
Trd, 000184.217, 173
Trd, 000184.900, 175
Trd, 000185.250, 169
Trd, 000185.650, 172
Trd, 000186.817, 171
Trd, 000187.600, 172
Trd, 000188.567, 172
Trd, 000189.033, 172
Trd, 000189.450, 172
Trd, 000189.500, 174
Trd, 000189.667, 177
Trd, 000189.867, 170
Trd, 000190.017, 171
Trd, 000190.300, 156
Trd, 000191.083, 175
Trd, 000191.300, 153
Trd, 000193.833, 169
Trd, 000194.000, 169
Trd, 000194.433, 164
Trd, 000194.617, 167
Trd, 000194.900, 167
Trd, 000195.450, 167
Trd, 000196.650, 169
Trd, 000197.033, 172
Trd, 000197.450, 175
Trd, 000197.817, 174
Trd, 000198.083, 173
Trd, 000198.483, 174
Trd, 000199.400, 173
Trd, 000200.433, 182
Trd, 000200.700, 174
Trd, 000200.733, 172
Trd, 000201.667, 176
Trd, 000201.767, 175
Trd, 000202.750, 176
Trd, 000204.567, 176
Trd, 000204.717, 175
Trd, 000204.767, 175
Trd, 000205.100, 175
Trd, 000206.083, 176
Trd, 000206.133, 176
Trd, 000206.350, 178
Trd, 000206.650, 172
Trd, 000207.217, 171
Trd, 000208.383, 171
Trd, 000208.917, 172
Trd, 000209.633, 174
Trd, 000209.850, 183
Trd, 000210.533, 177
Trd, 000210.550, 176
Trd, 000210.967, 176
Trd, 000211.283, 176
Trd, 000211.733, 177
Trd, 000212.283, 196
Trd, 000213.250, 176
Trd, 000213.267, 172
Trd, 000214.417, 178
Trd, 000214.717, 178
Trd, 000215.467, 177
Trd, 000216.567, 177
Trd, 000216.967, 177
Trd, 000217.117, 178
Trd, 000217.733, 178
Trd, 000217.783, 180
Trd, 000218.483, 177
Trd, 000218.983, 176
Trd, 000219.400, 176
Trd, 000219.633, 183
Trd, 000220.167, 181
Trd, 000221.167, 180
Trd, 000221.500, 178
Trd, 000222.367, 181
Trd, 000223.567, 180
Trd, 000225.367, 179
Trd, 000225.383, 180
Trd, 000226.367, 180
Trd, 000226.717, 179
Trd, 000226.917, 181
Trd, 000226.950, 178
Trd, 000227.483, 180
Trd, 000227.933, 180
Trd, 000228.800, 181
Trd, 000229.333, 181
Trd, 000230.267, 179
Trd, 000231.017, 179
Trd, 000232.400, 179
Trd, 000232.750, 178
Trd, 000233.083, 178
Trd, 000233.683, 180
Trd, 000234.617, 179
Trd, 000235.167, 181
Trd, 000235.383, 181
Trd, 000235.633, 180
Trd, 000235.817, 179
Trd, 000237.350, 178
Trd, 000237.367, 177
Trd, 000237.900, 178
Trd, 000238.450, 176
Trd, 000239.017, 176
Trd, 000239.250, 177
Trd, 000239.500, 175
Trd, 000240.150, 178
Trd, 000240.300, 196
Trd, 000241.017, 181
Trd, 000241.083, 180
Trd, 000241.300, 180
Trd, 000241.700, 181
Trd, 000241.733, 182
Trd, 000241.783, 180
Trd, 000242.233, 179
Trd, 000242.333, 182
Trd, 000243.183, 180
Trd, 000243.233, 183
Trd, 000243.250, 184
Trd, 000243.383, 179
Trd, 000244.167, 177
Trd, 000245.450, 177
Trd, 000245.733, 178
Trd, 000246.833, 177
Trd, 000246.900, 178
Trd, 000246.933, 176
Trd, 000247.050, 175
Trd, 000247.133, 177
Trd, 000247.483, 171
Trd, 000247.667, 176
Trd, 000248.500, 172
Trd, 000248.850, 172
Trd, 000249.367, 174
Trd, 000250.217, 174
Trd, 000250.717, 169
Trd, 000251.017, 169
Trd, 000251.983, 172
Trd, 000252.033, 169
Trd, 000252.200, 168
Trd, 000253.033, 168
Trd, 000253.117, 168
Trd, 000254.317, 168
Trd, 000254.783, 166
Trd, 000255.450, 166
Trd, 000255.683, 164
Trd, 000255.767, 168
Trd, 000256.200, 169
Trd, 000256.333, 172
Trd, 000256.400, 181
Trd, 000257.317, 182
Trd, 000257.800, 173
Trd, 000258.633, 175
Trd, 000259.083, 183
Trd, 000259.600, 177
Trd, 000259.783, 175
Trd, 000260.383, 176
Trd, 000260.900, 174
Trd, 000261.033, 177
Trd, 000261.500, 177
Trd, 000261.583, 175
Trd, 000262.367, 174
Trd, 000262.583, 172
Trd, 000262.950, 171
Trd, 000263.050, 177
Trd, 000264.033, 179
Trd, 000264.200, 180
Trd, 000265.300, 177
Trd, 000265.567, 178
Trd, 000267.100, 176
Trd, 000267.267, 176
Trd, 000267.483, 177
Trd, 000267.717, 176
Trd, 000268.833, 178
Trd, 000269.950, 181
Trd, 000270.217, 179
Trd, 000270.717, 181
Trd, 000271.050, 180
Trd, 000271.767, 182
Trd, 000271.900, 180
Trd, 000271.917, 179
Trd, 000272.333, 183
Trd, 000273.117, 182
Trd, 000273.283, 180
Trd, 000273.417, 182
Trd, 000274.433, 182
Trd, 000274.617, 182
Trd, 000274.833, 181
Trd, 000275.167, 183
Trd, 000276.667, 183
Trd, 000276.833, 182
Trd, 000276.883, 185
Trd, 000276.917, 182
Trd, 000277.317, 184
Trd, 000277.767, 181
Trd, 000278.467, 186
Trd, 000278.983, 180
Trd, 000279.033, 179
Trd, 000279.050, 186
Trd, 000279.533, 183
Trd, 000280.733, 180
Trd, 000281.400, 181
Trd, 000281.533, 179
Trd, 000281.583, 182
Trd, 000282.250, 186
Trd, 000283.050, 178
Trd, 000283.550, 173
Trd, 000283.600, 172
Trd, 000283.750, 179
Trd, 000284.350, 172
Trd, 000284.600, 173
Trd, 000285.167, 173
Trd, 000286.617, 175
Trd, 000286.950, 186
Trd, 000287.350, 181
Trd, 000287.783, 173
Trd, 000288.150, 182
Trd, 000289.117, 183
Trd, 000289.433, 177
Trd, 000289.983, 182
Trd, 000290.167, 177
Trd, 000290.283, 191
Trd, 000290.567, 185
Trd, 000290.800, 185
Trd, 000291.050, 184
Trd, 000291.650, 177
Trd, 000292.117, 180
Trd, 000292.483, 179
Trd, 000293.767, 184
Trd, 000293.983, 179
Trd, 000294.700, 179
Trd, 000294.733, 184
Trd, 000295.267, 191
Trd, 000295.750, 176
Trd, 000296.367, 185
Trd, 000297.150, 186
Trd, 000297.400, 186
Trd, 000297.667, 183
Trd, 000297.817, 178
Trd, 000298.083, 178
Trd, 000298.633, 187
Trd, 000299.267, 185
