Trd, 000001.533, 175
Trd, 000002.300, 139
Trd, 000002.817, 134
Trd, 000002.950, 111
Trd, 000004.933, 116
Trd, 000005.367, 129
Trd, 000005.833, 130
Trd, 000006.317, 131
Trd, 000007.550, 132
Trd, 000008.133, 129
Trd, 000008.483, 131
Trd, 000008.583, 131
Trd, 000008.900, 131
Trd, 000009.533, 135
Trd, 000010.033, 138
Trd, 000010.650, 137
Trd, 000010.733, 136
Trd, 000011.450, 135
Trd, 000011.500, 137
Trd, 000011.800, 147
Trd, 000012.717, 149
Trd, 000013.217, 149
Trd, 000013.483, 149
Trd, 000013.517, 148
Trd, 000013.850, 146
Trd, 000014.350, 157
Trd, 000015.000, 172
Trd, 000016.067, 142
Trd, 000018.200, 140
Trd, 000018.367, 147
Trd, 000018.533, 150
Trd, 000018.750, 153
Trd, 000019.083, 157
Trd, 000019.650, 163
Trd, 000020.617, 155
Trd, 000021.650, 160
Trd, 000023.700, 150
Trd, 000023.983, 145
Trd, 000024.417, 144
Trd, 000024.517, 143
Trd, 000025.117, 170
Trd, 000026.383, 161
Trd, 000026.617, 170
Trd, 000027.117, 157
Trd, 000027.933, 156
Trd, 000029.850, 153
Trd, 000030.133, 152
Trd, 000030.283, 153
Trd, 000030.467, 151
Trd, 000030.550, 144
Trd, 000030.950, 136
Trd, 000031.350, 152
Trd, 000031.450, 151
Trd, 000032.400, 149
Trd, 000033.583, 148
Trd, 000034.217, 151
Trd, 000034.433, 146
Trd, 000034.850, 160
Trd, 000034.867, 145
Trd, 000035.367, 144
Trd, 000035.617, 143
Trd, 000035.983, 159
Trd, 000036.533, 154
Trd, 000037.467, 161
Trd, 000038.500, 152
Trd, 000040.950, 153
Trd, 000041.217, 154
Trd, 000041.317, 153
Trd, 000042.967, 155
Trd, 000043.133, 155
Trd, 000043.183, 148
Trd, 000043.533, 155
Trd, 000044.100, 155
Trd, 000044.683, 156
Trd, 000045.317, 155
Trd, 000045.533, 172
Trd, 000046.150, 145
Trd, 000046.417, 165
Trd, 000047.183, 140
Trd, 000048.167, 167
Trd, 000049.000, 141
Trd, 000049.400, 159
Trd, 000050.133, 142
Trd, 000051.233, 153
Trd, 000051.433, 149
Trd, 000051.950, 163
Trd, 000052.250, 172
Trd, 000053.300, 153
Trd, 000053.833, 154
Trd, 000054.067, 153
Trd, 000054.400, 151
Trd, 000055.217, 151
Trd, 000055.500, 147
Trd, 000057.117, 150
Trd, 000057.217, 151
Trd, 000057.700, 152
Trd, 000058.150, 152
Trd, 000058.367, 153
Trd, 000059.950, 149
Trd, 000060.200, 150
Trd, 000060.733, 139
Trd, 000060.783, 151
Trd, 000061.267, 151
Trd, 000061.350, 152
Trd, 000061.467, 137
Trd, 000061.533, 136
Trd, 000062.500, 144
Trd, 000063.217, 151
Trd, 000063.983, 153
Trd, 000065.283, 152
Trd, 000065.417, 150
Trd, 000065.450, 149
Trd, 000067.767, 149
Trd, 000067.817, 149
Trd, 000068.533, 150
Trd, 000068.567, 149
Trd, 000070.117, 148
Trd, 000070.717, 142
Trd, 000071.017, 148
Trd, 000071.700, 148
Trd, 000072.183, 141
Trd, 000072.200, 147
Trd, 000072.617, 146
Trd, 000072.867, 148
Trd, 000073.550, 148
Trd, 000073.817, 148
Trd, 000074.500, 149
Trd, 000074.933, 149
Trd, 000077.017, 153
Trd, 000077.167, 156
Trd, 000077.433, 156
Trd, 000078.533, 156
Trd, 000079.400, 162
Trd, 000079.700, 160
Trd, 000081.300, 163
Trd, 000081.833, 156
Trd, 000082.117, 167
Trd, 000082.883, 160
Trd, 000083.450, 167
Trd, 000084.150, 168
Trd, 000085.550, 162
Trd, 000085.583, 159
Trd, 000086.183, 156
Trd, 000086.317, 159
Trd, 000087.167, 152
Trd, 000087.933, 157
Trd, 000088.767, 156
Trd, 000088.950, 159
Trd, 000089.133, 167
Trd, 000089.250, 163
Trd, 000090.183, 162
Trd, 000090.983, 157
Trd, 000092.083, 160
Trd, 000092.583, 159
Trd, 000093.867, 158
Trd, 000093.950, 157
Trd, 000094.150, 160
Trd, 000094.217, 158
Trd, 000094.367, 158
Trd, 000094.500, 152
Trd, 000094.800, 181
Trd, 000095.017, 150
Trd, 000095.983, 146
Trd, 000096.267, 155
Trd, 000096.967, 146
Trd, 000097.167, 153
Trd, 000097.350, 153
Trd, 000097.550, 158
Trd, 000097.767, 167
Trd, 000098.883, 153
Trd, 000099.533, 153
Trd, 000100.383, 157
Trd, 000101.067, 156
Trd, 000101.767, 156
Trd, 000101.833, 153
Trd, 000102.883, 153
Trd, 000104.067, 156
Trd, 000104.117, 158
Trd, 000104.317, 152
Trd, 000105.683, 155
Trd, 000106.083, 152
Trd, 000106.133, 151
Trd, 000107.750, 150
Trd, 000108.150, 148
Trd, 000109.050, 152
Trd, 000109.767, 151
Trd, 000110.100, 152
Trd, 000110.183, 152
Trd, 000111.500, 152
Trd, 000111.533, 159
Trd, 000111.567, 169
Trd, 000112.033, 155
Trd, 000113.183, 152
Trd, 000113.667, 153
Trd, 000115.183, 156
Trd, 000115.417, 156
Trd, 000115.883, 153
Trd, 000116.033, 152
Trd, 000116.950, 147
Trd, 000118.600, 151
Trd, 000118.800, 151
Trd, 000119.117, 152
Trd, 000119.317, 150
Trd, 000119.933, 149
Trd, 000120.767, 152
Trd, 000121.733, 158
Trd, 000122.100, 161
Trd, 000122.117, 170
Trd, 000122.733, 167
Trd, 000123.533, 155
Trd, 000124.767, 158
Trd, 000124.800, 160
Trd, 000125.583, 155
Trd, 000126.483, 159
Trd, 000127.767, 160
Trd, 000128.600, 159
Trd, 000128.883, 159
Trd, 000129.283, 156
Trd, 000130.483, 157
Trd, 000130.933, 159
Trd, 000130.983, 156
Trd, 000131.800, 154
Trd, 000133.483, 158
Trd, 000134.383, 156
Trd, 000134.533, 155
Trd, 000134.817, 154
Trd, 000135.133, 153
Trd, 000135.433, 156
Trd, 000135.500, 157
Trd, 000135.700, 158
Trd, 000138.317, 159
Trd, 000139.350, 158
Trd, 000139.567, 157
Trd, 000140.000, 159
Trd, 000140.100, 160
Trd, 000140.333, 160
Trd, 000140.367, 157
Trd, 000141.267, 162
Trd, 000141.400, 157
Trd, 000141.467, 157
Trd, 000142.317, 158
Trd, 000142.917, 158
Trd, 000143.100, 159
Trd, 000143.433, 158
Trd, 000144.817, 160
Trd, 000145.783, 160
Trd, 000147.367, 160
Trd, 000147.767, 161
Trd, 000148.183, 161
Trd, 000149.600, 161
Trd, 000150.467, 160
Trd, 000150.933, 161
Trd, 000151.250, 159
Trd, 000151.617, 160
Trd, 000151.667, 161
Trd, 000151.783, 157
Trd, 000152.150, 156
Trd, 000152.617, 157
Trd, 000154.017, 156
Trd, 000155.050, 158
Trd, 000155.200, 156
Trd, 000155.867, 154
Trd, 000156.200, 153
Trd, 000156.717, 157
Trd, 000157.017, 159
Trd, 000157.800, 157
Trd, 000158.200, 154
Trd, 000160.067, 156
Trd, 000160.200, 158
Trd, 000160.500, 156
Trd, 000160.750, 155
Trd, 000161.167, 154
Trd, 000161.867, 158
Trd, 000163.133, 156
Trd, 000164.367, 157
Trd, 000164.583, 157
Trd, 000165.200, 155
Trd, 000165.350, 154
Trd, 000165.383, 156
Trd, 000165.700, 158
Trd, 000166.150, 164
Trd, 000167.050, 155
Trd, 000167.350, 164
Trd, 000169.017, 161
Trd, 000169.150, 160
Trd, 000169.783, 165
Trd, 000170.317, 160
Trd, 000172.367, 162
Trd, 000173.083, 162
Trd, 000173.150, 162
Trd, 000173.933, 161
Trd, 000173.983, 163
Trd, 000174.283, 167
Trd, 000176.517, 164
Trd, 000176.683, 160
Trd, 000177.500, 162
Trd, 000177.583, 162
Trd, 000177.850, 165
Trd, 000178.167, 161
Trd, 000178.717, 156
Trd, 000179.933, 163
Trd, 000180.317, 161
Trd, 000180.583, 162
Trd, 000180.750, 160
Trd, 000180.917, 151
Trd, 000182.867, 156
Trd, 000183.467, 160
Trd, 000183.583, 161
Trd, 000184.200, 166
Trd, 000184.483, 166
Trd, 000186.117, 161
Trd, 000186.333, 160
Trd, 000186.517, 159
Trd, 000186.817, 151
Trd, 000186.867, 161
Trd, 000186.967, 161
Trd, 000187.500, 149
Trd, 000188.067, 167
Trd, 000189.317, 165
Trd, 000190.167, 154
Trd, 000190.217, 164
Trd, 000191.567, 165
Trd, 000191.633, 167
Trd, 000192.433, 165
Trd, 000193.983, 166
Trd, 000194.883, 166
Trd, 000195.033, 163
Trd, 000195.083, 174
Trd, 000195.133, 160
Trd, 000196.417, 160
Trd, 000196.667, 160
Trd, 000196.883, 168
Trd, 000198.033, 164
Trd, 000199.050, 157
Trd, 000199.400, 163
Trd, 000199.517, 164
Trd, 000200.650, 166
Trd, 000201.283, 166
Trd, 000201.550, 168
Trd, 000201.700, 168
Trd, 000203.083, 165
Trd, 000203.267, 166
Trd, 000203.967, 165
Trd, 000205.200, 162
Trd, 000206.083, 157
Trd, 000206.267, 162
Trd, 000206.433, 168
Trd, 000206.817, 165
Trd, 000208.533, 167
Trd, 000209.133, 162
Trd, 000209.600, 154
Trd, 000209.933, 167
Trd, 000210.917, 162
Trd, 000211.100, 165
Trd, 000211.683, 166
Trd, 000211.750, 163
Trd, 000212.133, 165
Trd, 000213.167, 166
Trd, 000214.117, 165
Trd, 000214.583, 167
Trd, 000214.667, 169
Trd, 000214.967, 179
Trd, 000215.950, 163
Trd, 000216.517, 162
Trd, 000216.867, 162
Trd, 000217.150, 169
Trd, 000218.283, 170
Trd, 000218.317, 180
Trd, 000220.417, 169
Trd, 000220.683, 165
Trd, 000220.717, 170
Trd, 000221.100, 165
Trd, 000222.283, 164
Trd, 000222.300, 165
Trd, 000222.467, 167
Trd, 000223.167, 167
Trd, 000223.300, 169
Trd, 000224.550, 167
Trd, 000224.850, 166
Trd, 000225.650, 165
Trd, 000225.833, 164
Trd, 000226.467, 163
Trd, 000227.517, 162
Trd, 000227.733, 163
Trd, 000228.117, 167
Trd, 000228.283, 171
Trd, 000228.467, 181
Trd, 000228.817, 161
Trd, 000229.117, 156
Trd, 000229.967, 169
Trd, 000229.983, 169
Trd, 000230.417, 161
Trd, 000231.083, 165
Trd, 000231.550, 164
Trd, 000231.617, 154
Trd, 000231.667, 171
Trd, 000233.783, 170
Trd, 000234.250, 171
Trd, 000234.633, 163
Trd, 000236.100, 169
Trd, 000236.200, 162
Trd, 000236.967, 168
Trd, 000238.000, 168
Trd, 000238.850, 168
Trd, 000238.883, 169
Trd, 000239.267, 183
Trd, 000239.700, 166
Trd, 000240.250, 169
Trd, 000240.433, 171
Trd, 000240.567, 168
Trd, 000240.667, 169
Trd, 000241.033, 170
Trd, 000241.583, 170
Trd, 000242.000, 172
Trd, 000242.117, 175
Trd, 000242.550, 180
Trd, 000243.333, 181
Trd, 000243.817, 192
Trd, 000243.900, 178
Trd, 000244.433, 178
Trd, 000245.367, 175
Trd, 000245.700, 175
Trd, 000245.917, 176
Trd, 000246.267, 173
Trd, 000246.433, 179
Trd, 000247.583, 174
Trd, 000247.600, 171
Trd, 000248.500, 175
Trd, 000248.967, 172
Trd, 000249.267, 167
Trd, 000250.250, 166
Trd, 000250.883, 170
Trd, 000251.233, 173
Trd, 000251.633, 172
Trd, 000252.150, 173
Trd, 000252.183, 171
Trd, 000252.267, 173
Trd, 000253.450, 170
Trd, 000253.667, 173
Trd, 000254.083, 173
Trd, 000254.117, 173
Trd, 000254.817, 183
Trd, 000254.867, 170
Trd, 000255.833, 172
Trd, 000255.917, 176
Trd, 000256.033, 174
Trd, 000256.450, 169
Trd, 000256.500, 166
Trd, 000256.600, 158
Trd, 000257.417, 163
Trd, 000257.767, 170
Trd, 000258.250, 167
Trd, 000258.833, 167
Trd, 000259.400, 168
Trd, 000259.867, 169
Trd, 000260.883, 170
Trd, 000261.200, 170
Trd, 000261.417, 173
Trd, 000261.517, 174
Trd, 000261.700, 177
Trd, 000261.767, 168
Trd, 000263.317, 181
Trd, 000263.400, 180
Trd, 000263.667, 181
Trd, 000263.917, 180
Trd, 000264.100, 176
Trd, 000265.450, 177
Trd, 000265.683, 175
Trd, 000265.900, 173
Trd, 000266.500, 181
Trd, 000267.050, 175
Trd, 000267.850, 178
Trd, 000267.983, 179
Trd, 000268.667, 175
Trd, 000268.733, 170
Trd, 000269.250, 190
Trd, 000270.100, 198
Trd, 000270.117, 183
Trd, 000270.300, 178
Trd, 000270.650, 195
Trd, 000271.567, 184
Trd, 000271.933, 189
Trd, 000272.733, 189
Trd, 000272.950, 192
Trd, 000273.400, 184
Trd, 000274.350, 185
Trd, 000274.783, 187
Trd, 000275.417, 181
Trd, 000275.850, 185
Trd, 000276.050, 184
Trd, 000276.600, 179
Trd, 000276.967, 185
Trd, 000277.017, 202
Trd, 000277.033, 180
Trd, 000277.867, 174
Trd, 000278.383, 176
Trd, 000278.833, 181
Trd, 000279.950, 173
Trd, 000280.050, 172
Trd, 000280.533, 182
Trd, 000281.133, 178
Trd, 000281.150, 177
Trd, 000282.233, 179
Trd, 000282.583, 183
Trd, 000282.617, 176
Trd, 000282.700, 176
Trd, 000283.367, 184
Trd, 000283.750, 175
Trd, 000283.767, 178
Trd, 000284.350, 182
Trd, 000284.717, 183
Trd, 000285.317, 176
Trd, 000285.350, 186
Trd, 000285.833, 196
Trd, 000286.300, 171
Trd, 000286.783, 182
Trd, 000287.017, 183
Trd, 000287.267, 171
Trd, 000288.317, 193
Trd, 000289.767, 180
Trd, 000289.850, 189
Trd, 000290.583, 189
Trd, 000290.633, 190
Trd, 000290.783, 186
Trd, 000290.850, 174
Trd, 000291.733, 177
Trd, 000291.967, 188
Trd, 000292.267, 184
Trd, 000292.333, 187
Trd, 000292.350, 190
Trd, 000292.717, 178
Trd, 000292.867, 195
Trd, 000293.050, 177
Trd, 000293.550, 177
Trd, 000294.117, 172
Trd, 000294.683, 171
Trd, 000294.933, 184
Trd, 000295.733, 183
Trd, 000296.883, 182
Trd, 000297.033, 182
Trd, 000297.317, 171
Trd, 000297.967, 202
Trd, 000298.350, 178
Trd, 000298.433, 172
Trd, 000298.467, 162
Trd, 000299.150, 172
Trd, 000299.350, 184
Trd, 000299.650, 180
Trd, 000299.867, 202
