Trd, 000001.183, 103
Trd, 000002.733, 110
Trd, 000002.983, 120
Trd, 000003.233, 128
Trd, 000003.317, 135
Trd, 000004.467, 136
Trd, 000005.000, 137
Trd, 000005.067, 136
Trd, 000005.350, 150
Trd, 000005.767, 147
Trd, 000005.867, 140
Trd, 000005.917, 151
Trd, 000005.950, 162
Trd, 000007.467, 145
Trd, 000008.083, 145
Trd, 000008.467, 145
Trd, 000008.567, 142
Trd, 000008.850, 145
Trd, 000009.533, 141
Trd, 000009.750, 140
Trd, 000010.100, 144
Trd, 000012.050, 139
Trd, 000012.283, 144
Trd, 000012.783, 148
Trd, 000013.083, 142
Trd, 000014.800, 142
Trd, 000015.533, 143
Trd, 000015.700, 143
Trd, 000016.583, 143
Trd, 000016.600, 141
Trd, 000016.767, 142
Trd, 000016.867, 144
Trd, 000018.533, 148
Trd, 000018.717, 148
Trd, 000019.183, 148
Trd, 000019.450, 149
Trd, 000020.383, 149
Trd, 000021.600, 151
Trd, 000021.967, 153
Trd, 000022.917, 152
Trd, 000023.550, 151
Trd, 000023.600, 151
Trd, 000024.083, 150
Trd, 000024.350, 152
Trd, 000024.883, 152
Trd, 000025.950, 151
Trd, 000026.467, 150
Trd, 000026.783, 149
Trd, 000027.150, 153
Trd, 000027.300, 149
Trd, 000028.000, 150
Trd, 000028.633, 151
Trd, 000029.367, 151
Trd, 000029.583, 151
Trd, 000029.983, 152
Trd, 000030.150, 151
Trd, 000030.617, 152
Trd, 000031.083, 151
Trd, 000031.367, 152
Trd, 000031.817, 150
Trd, 000032.417, 150
Trd, 000033.650, 151
Trd, 000033.783, 152
Trd, 000034.967, 153
Trd, 000035.283, 151
Trd, 000036.583, 151
Trd, 000036.733, 152
Trd, 000038.250, 153
Trd, 000038.467, 154
Trd, 000038.533, 151
Trd, 000039.217, 151
Trd, 000039.300, 150
Trd, 000040.433, 142
Trd, 000040.517, 148
Trd, 000040.550, 147
Trd, 000040.950, 141
Trd, 000041.150, 137
Trd, 000041.283, 135
Trd, 000041.517, 151
Trd, 000042.967, 146
Trd, 000044.550, 147
Trd, 000044.600, 147
Trd, 000044.717, 151
Trd, 000045.067, 155
Trd, 000045.617, 154
Trd, 000047.017, 152
Trd, 000047.267, 151
Trd, 000047.350, 155
Trd, 000047.883, 153
Trd, 000049.100, 152
Trd, 000049.567, 153
Trd, 000050.033, 152
Trd, 000050.150, 153
Trd, 000050.900, 153
Trd, 000051.267, 154
Trd, 000051.917, 153
Trd, 000052.167, 153
Trd, 000052.517, 154
Trd, 000052.800, 155
Trd, 000054.600, 153
Trd, 000055.217, 154
Trd, 000055.517, 156
Trd, 000055.583, 156
Trd, 000055.917, 152
Trd, 000057.167, 155
Trd, 000057.300, 156
Trd, 000057.417, 157
Trd, 000057.550, 157
Trd, 000058.083, 154
Trd, 000058.617, 156
Trd, 000059.733, 155
Trd, 000059.967, 155
Trd, 000060.150, 143
Trd, 000060.700, 137
Trd, 000060.883, 149
Trd, 000061.117, 137
Trd, 000061.250, 149
Trd, 000062.200, 146
Trd, 000062.433, 143
Trd, 000062.750, 147
Trd, 000062.867, 145
Trd, 000062.967, 144
Trd, 000065.017, 167
Trd, 000065.250, 155
Trd, 000066.000, 154
Trd, 000067.300, 154
Trd, 000067.683, 154
Trd, 000068.050, 155
Trd, 000068.167, 156
Trd, 000068.617, 157
Trd, 000068.783, 157
Trd, 000069.100, 155
Trd, 000071.950, 156
Trd, 000072.183, 154
Trd, 000072.683, 153
Trd, 000072.767, 154
Trd, 000073.617, 156
Trd, 000073.950, 151
Trd, 000074.550, 144
Trd, 000074.917, 146
Trd, 000075.783, 147
Trd, 000076.100, 152
Trd, 000076.550, 152
Trd, 000077.583, 151
Trd, 000078.150, 152
Trd, 000078.533, 151
Trd, 000078.783, 150
Trd, 000078.833, 151
Trd, 000079.167, 149
Trd, 000080.417, 155
Trd, 000080.650, 155
Trd, 000080.667, 156
Trd, 000081.117, 153
Trd, 000081.233, 150
Trd, 000082.883, 153
Trd, 000083.033, 152
Trd, 000084.750, 145
Trd, 000084.817, 147
Trd, 000085.000, 147
Trd, 000085.667, 148
Trd, 000085.817, 147
Trd, 000086.267, 156
Trd, 000086.683, 157
Trd, 000087.000, 156
Trd, 000087.250, 159
Trd, 000088.467, 157
Trd, 000088.667, 156
Trd, 000089.267, 144
Trd, 000089.867, 142
Trd, 000090.900, 154
Trd, 000091.050, 149
Trd, 000091.550, 153
Trd, 000092.100, 156
Trd, 000092.883, 155
Trd, 000093.483, 154
Trd, 000093.967, 154
Trd, 000094.100, 153
Trd, 000095.483, 153
Trd, 000095.717, 154
Trd, 000095.767, 150
Trd, 000096.617, 155
Trd, 000097.067, 156
Trd, 000098.283, 151
Trd, 000098.517, 155
Trd, 000098.933, 151
Trd, 000099.483, 154
Trd, 000099.867, 151
Trd, 000100.017, 151
Trd, 000100.633, 152
Trd, 000101.017, 153
Trd, 000101.633, 154
Trd, 000101.783, 153
Trd, 000102.183, 151
Trd, 000102.833, 170
Trd, 000103.883, 158
Trd, 000104.250, 159
Trd, 000104.317, 158
Trd, 000104.400, 158
Trd, 000105.233, 159
Trd, 000105.767, 157
Trd, 000105.783, 160
Trd, 000106.533, 161
Trd, 000106.650, 156
Trd, 000106.733, 156
Trd, 000107.883, 156
Trd, 000108.033, 162
Trd, 000108.950, 158
Trd, 000109.650, 158
Trd, 000110.233, 158
Trd, 000110.583, 159
Trd, 000110.683, 162
Trd, 000111.133, 148
Trd, 000111.300, 144
Trd, 000111.883, 159
Trd, 000112.267, 171
Trd, 000112.967, 166
Trd, 000113.733, 156
Trd, 000115.867, 163
Trd, 000115.900, 162
Trd, 000116.767, 162
Trd, 000117.183, 160
Trd, 000117.783, 160
Trd, 000118.350, 161
Trd, 000118.400, 158
Trd, 000118.550, 162
Trd, 000119.200, 161
Trd, 000119.400, 158
Trd, 000120.167, 160
Trd, 000120.900, 158
Trd, 000121.100, 157
Trd, 000121.433, 158
Trd, 000122.417, 160
Trd, 000122.517, 161
Trd, 000123.583, 163
Trd, 000123.600, 160
Trd, 000123.850, 160
Trd, 000124.067, 160
Trd, 000124.600, 161
Trd, 000124.717, 159
Trd, 000125.000, 160
Trd, 000125.650, 158
Trd, 000126.017, 160
Trd, 000127.133, 161
Trd, 000128.050, 159
Trd, 000128.317, 159
Trd, 000128.433, 158
Trd, 000129.333, 160
Trd, 000129.600, 158
Trd, 000130.683, 145
Trd, 000130.800, 156
Trd, 000131.133, 158
Trd, 000131.200, 159
Trd, 000132.283, 155
Trd, 000133.433, 155
Trd, 000134.117, 157
Trd, 000134.650, 160
Trd, 000135.167, 161
Trd, 000135.650, 161
Trd, 000135.883, 160
Trd, 000135.900, 160
Trd, 000136.417, 159
Trd, 000136.500, 159
Trd, 000136.600, 171
Trd, 000136.950, 147
Trd, 000137.533, 170
Trd, 000137.850, 147
Trd, 000138.100, 167
Trd, 000139.200, 161
Trd, 000139.383, 165
Trd, 000139.933, 165
Trd, 000142.083, 164
Trd, 000142.300, 162
Trd, 000142.550, 163
Trd, 000142.733, 166
Trd, 000142.967, 174
Trd, 000143.450, 162
Trd, 000144.433, 169
Trd, 000145.517, 167
Trd, 000145.950, 165
Trd, 000146.333, 164
Trd, 000146.767, 165
Trd, 000146.883, 164
Trd, 000148.433, 165
Trd, 000148.450, 164
Trd, 000148.467, 163
Trd, 000149.317, 163
Trd, 000150.233, 161
Trd, 000150.367, 161
Trd, 000150.383, 163
Trd, 000150.550, 163
Trd, 000150.650, 164
Trd, 000150.867, 166
Trd, 000150.933, 152
Trd, 000152.700, 165
Trd, 000152.950, 200
Trd, 000154.333, 168
Trd, 000154.950, 180
Trd, 000155.317, 177
Trd, 000155.567, 178
Trd, 000155.933, 179
Trd, 000157.050, 177
Trd, 000157.250, 176
Trd, 000157.817, 164
Trd, 000158.967, 171
Trd, 000159.067, 166
Trd, 000159.383, 168
Trd, 000159.967, 168
Trd, 000160.567, 166
Trd, 000160.767, 169
Trd, 000162.100, 167
Trd, 000162.450, 163
Trd, 000162.917, 166
Trd, 000162.950, 161
Trd, 000163.217, 164
Trd, 000163.750, 151
Trd, 000164.667, 165
Trd, 000165.250, 164
Trd, 000166.267, 166
Trd, 000166.417, 166
Trd, 000166.667, 166
Trd, 000167.150, 165
Trd, 000167.300, 164
Trd, 000167.333, 164
Trd, 000168.350, 164
Trd, 000169.400, 167
Trd, 000170.050, 171
Trd, 000170.650, 166
Trd, 000170.817, 168
Trd, 000170.917, 165
Trd, 000171.500, 169
Trd, 000171.917, 164
Trd, 000171.983, 179
Trd, 000174.450, 166
Trd, 000175.517, 172
Trd, 000175.583, 173
Trd, 000176.533, 171
Trd, 000176.650, 171
Trd, 000177.483, 170
Trd, 000177.933, 168
Trd, 000178.083, 165
Trd, 000178.100, 154
Trd, 000178.233, 169
Trd, 000179.700, 165
Trd, 000179.900, 163
Trd, 000180.017, 166
Trd, 000180.100, 162
Trd, 000181.050, 155
Trd, 000181.783, 160
Trd, 000183.350, 165
Trd, 000184.617, 164
Trd, 000184.883, 163
Trd, 000185.417, 163
Trd, 000185.917, 164
Trd, 000186.000, 161
Trd, 000186.650, 164
Trd, 000187.067, 161
Trd, 000187.450, 160
Trd, 000188.033, 163
Trd, 000188.783, 160
Trd, 000189.450, 161
Trd, 000191.383, 163
Trd, 000192.383, 167
Trd, 000192.633, 167
Trd, 000193.400, 169
Trd, 000194.017, 165
Trd, 000194.483, 177
Trd, 000194.550, 165
Trd, 000195.067, 169
Trd, 000195.183, 168
Trd, 000195.383, 163
Trd, 000196.900, 166
Trd, 000197.067, 171
Trd, 000197.933, 168
Trd, 000198.317, 167
Trd, 000198.450, 168
Trd, 000198.483, 168
Trd, 000198.967, 168
Trd, 000200.550, 171
Trd, 000201.083, 171
Trd, 000201.317, 169
Trd, 000202.050, 176
Trd, 000202.283, 170
Trd, 000203.550, 171
Trd, 000204.050, 171
Trd, 000205.067, 173
Trd, 000205.217, 173
Trd, 000205.317, 172
Trd, 000205.983, 172
Trd, 000207.017, 172
Trd, 000207.317, 173
Trd, 000207.533, 170
Trd, 000207.583, 174
Trd, 000207.700, 168
Trd, 000208.833, 170
Trd, 000209.117, 155
Trd, 000210.400, 167
Trd, 000210.600, 166
Trd, 000211.767, 164
Trd, 000211.850, 164
Trd, 000212.167, 167
Trd, 000212.783, 164
Trd, 000214.133, 165
Trd, 000214.233, 166
Trd, 000215.817, 167
Trd, 000216.283, 168
Trd, 000216.600, 170
Trd, 000217.017, 166
Trd, 000217.267, 165
Trd, 000217.350, 164
Trd, 000217.833, 164
Trd, 000218.333, 164
Trd, 000218.550, 162
Trd, 000219.250, 160
Trd, 000220.900, 164
Trd, 000221.400, 164
Trd, 000221.433, 163
Trd, 000221.800, 167
Trd, 000221.833, 168
Trd, 000222.750, 170
Trd, 000222.800, 168
Trd, 000224.183, 170
Trd, 000224.517, 170
Trd, 000225.350, 170
Trd, 000225.717, 168
Trd, 000226.317, 171
Trd, 000227.250, 168
Trd, 000228.400, 168
Trd, 000229.117, 167
Trd, 000229.350, 173
Trd, 000230.383, 169
Trd, 000230.617, 170
Trd, 000230.650, 169
Trd, 000230.667, 168
Trd, 000232.450, 168
Trd, 000233.017, 168
Trd, 000233.217, 168
Trd, 000234.267, 167
Trd, 000234.433, 164
Trd, 000234.683, 169
Trd, 000234.783, 170
Trd, 000235.650, 177
Trd, 000236.217, 170
Trd, 000236.567, 164
Trd, 000236.717, 174
Trd, 000237.350, 171
Trd, 000237.933, 169
Trd, 000238.050, 175
Trd, 000239.417, 158
Trd, 000239.733, 172
Trd, 000240.100, 173
Trd, 000240.533, 170
Trd, 000240.733, 163
Trd, 000241.267, 167
Trd, 000241.567, 165
Trd, 000242.467, 168
Trd, 000242.567, 170
Trd, 000242.817, 172
Trd, 000242.850, 172
Trd, 000242.983, 171
Trd, 000243.000, 175
Trd, 000244.500, 173
Trd, 000245.000, 169
Trd, 000245.083, 172
Trd, 000245.117, 169
Trd, 000246.467, 169
Trd, 000246.483, 168
Trd, 000246.700, 172
Trd, 000247.550, 172
Trd, 000248.033, 172
Trd, 000248.233, 172
Trd, 000248.917, 170
Trd, 000248.967, 173
Trd, 000249.650, 170
Trd, 000249.783, 174
Trd, 000249.867, 171
Trd, 000249.983, 176
Trd, 000250.683, 175
Trd, 000250.800, 176
Trd, 000250.883, 174
Trd, 000251.317, 173
Trd, 000251.467, 169
Trd, 000251.483, 166
Trd, 000252.983, 174
Trd, 000253.000, 171
Trd, 000253.383, 173
Trd, 000254.167, 172
Trd, 000254.583, 171
Trd, 000254.767, 175
Trd, 000255.433, 172
Trd, 000255.700, 172
Trd, 000255.750, 176
Trd, 000255.983, 176
Trd, 000257.383, 173
Trd, 000257.817, 173
Trd, 000258.600, 173
Trd, 000259.000, 172
Trd, 000259.533, 175
Trd, 000259.567, 172
Trd, 000259.950, 172
Trd, 000260.300, 174
Trd, 000261.283, 173
Trd, 000261.550, 170
Trd, 000261.917, 169
Trd, 000262.183, 174
Trd, 000262.467, 173
Trd, 000263.150, 176
Trd, 000263.467, 177
Trd, 000263.683, 177
Trd, 000263.767, 177
Trd, 000264.083, 176
Trd, 000265.467, 179
Trd, 000266.167, 174
Trd, 000266.200, 177
Trd, 000266.633, 174
Trd, 000267.150, 173
Trd, 000267.650, 172
Trd, 000268.117, 174
Trd, 000268.400, 168
Trd, 000269.250, 163
Trd, 000269.417, 177
Trd, 000269.500, 178
Trd, 000270.633, 177
Trd, 000270.783, 173
Trd, 000270.917, 175
Trd, 000271.600, 172
Trd, 000271.850, 175
Trd, 000272.450, 188
Trd, 000272.700, 175
Trd, 000273.117, 174
Trd, 000274.067, 177
Trd, 000274.367, 179
Trd, 000274.400, 176
Trd, 000274.550, 178
Trd, 000274.617, 179
Trd, 000276.017, 178
Trd, 000276.100, 179
Trd, 000276.233, 176
Trd, 000276.883, 182
Trd, 000277.000, 181
Trd, 000277.767, 183
Trd, 000277.850, 178
Trd, 000278.050, 184
Trd, 000278.483, 178
Trd, 000278.650, 179
Trd, 000278.850, 180
Trd, 000279.250, 177
Trd, 000279.733, 179
Trd, 000279.750, 177
Trd, 000279.950, 180
Trd, 000280.033, 182
Trd, 000281.467, 182
Trd, 000281.733, 178
Trd, 000281.867, 174
Trd, 000282.083, 183
Trd, 000282.567, 183
Trd, 000283.117, 173
Trd, 000283.817, 172
Trd, 000283.917, 172
Trd, 000284.133, 179
Trd, 000284.267, 169
Trd, 000285.333, 179
Trd, 000285.683, 174
Trd, 000286.050, 180
Trd, 000286.550, 174
Trd, 000286.967, 180
Trd, 000287.833, 177
Trd, 000287.900, 178
Trd, 000288.333, 191
Trd, 000289.017, 185
Trd, 000289.300, 175
Trd, 000289.450, 175
Trd, 000290.933, 183
Trd, 000291.133, 173
Trd, 000291.250, 173
Trd, 000291.567, 180
Trd, 000292.133, 172
Trd, 000292.183, 178
Trd, 000292.467, 182
Trd, 000292.483, 172
Trd, 000292.900, 171
Trd, 000293.317, 170
Trd, 000293.383, 179
Trd, 000293.533, 179
Trd, 000295.000, 173
Trd, 000295.017, 176
Trd, 000295.483, 176
Trd, 000296.117, 171
Trd, 000296.567, 172
Trd, 000296.700, 177
Trd, 000296.883, 172
Trd, 000296.983, 178
Trd, 000297.233, 180
Trd, 000297.717, 166
Trd, 000298.117, 181
Trd, 000299.083, 174
Trd, 000299.250, 172
Trd, 000299.617, 171
Trd, 000299.750, 177
