Trd, 000002.117, 141
Trd, 000002.350, 173
Trd, 000003.067, 135
Trd, 000004.083, 144
Trd, 000004.733, 147
Trd, 000004.933, 148
Trd, 000004.983, 142
Trd, 000005.083, 141
Trd, 000005.467, 140
Trd, 000005.750, 151
Trd, 000006.633, 134
Trd, 000007.117, 145
Trd, 000007.917, 144
Trd, 000008.783, 148
Trd, 000008.800, 158
Trd, 000010.500, 148
Trd, 000010.533, 144
Trd, 000012.617, 146
Trd, 000012.917, 144
Trd, 000013.267, 147
Trd, 000013.433, 152
Trd, 000013.667, 145
Trd, 000013.800, 142
Trd, 000014.183, 149
Trd, 000015.717, 140
Trd, 000015.750, 139
Trd, 000016.767, 148
Trd, 000017.133, 155
Trd, 000018.050, 137
Trd, 000018.233, 157
Trd, 000018.883, 141
Trd, 000019.317, 164
Trd, 000021.817, 153
Trd, 000021.950, 152
Trd, 000022.633, 157
Trd, 000023.017, 152
Trd, 000023.417, 150
Trd, 000023.900, 155
Trd, 000023.967, 143
Trd, 000024.367, 155
Trd, 000025.267, 153
Trd, 000025.300, 154
Trd, 000025.650, 148
Trd, 000026.300, 156
Trd, 000026.350, 156
Trd, 000026.400, 156
Trd, 000026.517, 148
Trd, 000027.817, 152
Trd, 000027.950, 151
Trd, 000029.100, 154
Trd, 000029.667, 155
Trd, 000030.467, 158
Trd, 000030.517, 150
Trd, 000031.450, 144
Trd, 000031.850, 156
Trd, 000031.933, 149
Trd, 000032.200, 148
Trd, 000032.550, 151
Trd, 000032.883, 157
Trd, 000034.550, 159
Trd, 000035.300, 158
Trd, 000036.217, 159
Trd, 000036.700, 157
Trd, 000037.250, 160
Trd, 000037.267, 155
Trd, 000038.467, 155
Trd, 000039.467, 155
Trd, 000040.967, 155
Trd, 000041.517, 161
Trd, 000041.567, 154
Trd, 000043.467, 152
Trd, 000043.983, 152
Trd, 000044.283, 158
Trd, 000044.600, 152
Trd, 000044.867, 151
Trd, 000046.733, 152
Trd, 000047.033, 153
Trd, 000047.617, 157
Trd, 000048.367, 151
Trd, 000049.150, 159
Trd, 000049.583, 154
Trd, 000049.600, 160
Trd, 000049.933, 160
Trd, 000050.517, 160
Trd, 000052.033, 155
Trd, 000052.200, 153
Trd, 000052.300, 160
Trd, 000052.467, 163
Trd, 000052.683, 153
Trd, 000054.217, 155
Trd, 000054.933, 158
Trd, 000055.367, 157
Trd, 000055.450, 154
Trd, 000056.683, 157
Trd, 000057.400, 159
Trd, 000058.017, 157
Trd, 000058.483, 161
Trd, 000058.650, 163
Trd, 000058.667, 164
Trd, 000059.633, 157
Trd, 000060.317, 157
Trd, 000060.367, 147
Trd, 000060.967, 170
Trd, 000062.100, 166
Trd, 000064.000, 156
Trd, 000065.017, 155
Trd, 000065.267, 155
Trd, 000065.500, 157
Trd, 000066.483, 154
Trd, 000066.983, 156
Trd, 000067.233, 155
Trd, 000067.467, 154
Trd, 000068.533, 156
Trd, 000069.667, 157
Trd, 000069.683, 155
Trd, 000069.733, 158
Trd, 000070.100, 148
Trd, 000070.533, 158
Trd, 000070.933, 159
Trd, 000071.433, 155
Trd, 000071.617, 161
Trd, 000072.250, 162
Trd, 000074.433, 160
Trd, 000074.450, 163
Trd, 000074.950, 156
Trd, 000075.733, 157
Trd, 000077.100, 157
Trd, 000078.850, 161
Trd, 000079.267, 162
Trd, 000079.450, 160
Trd, 000079.567, 157
Trd, 000081.183, 159
Trd, 000081.217, 159
Trd, 000081.817, 160
Trd, 000081.950, 161
Trd, 000082.367, 163
Trd, 000083.033, 156
Trd, 000083.167, 149
Trd, 000083.583, 151
Trd, 000083.667, 144
Trd, 000085.183, 150
Trd, 000086.117, 159
Trd, 000086.700, 160
Trd, 000087.367, 163
Trd, 000087.533, 158
Trd, 000087.683, 157
Trd, 000087.783, 154
Trd, 000089.283, 162
Trd, 000089.350, 163
Trd, 000089.683, 157
Trd, 000090.650, 162
Trd, 000094.033, 158
Trd, 000094.150, 157
Trd, 000094.467, 164
Trd, 000094.883, 164
Trd, 000094.900, 160
Trd, 000095.600, 164
Trd, 000095.750, 161
Trd, 000096.267, 163
Trd, 000096.483, 162
Trd, 000096.933, 167
Trd, 000097.017, 161
Trd, 000097.700, 167
Trd, 000097.867, 166
Trd, 000099.833, 168
Trd, 000100.533, 161
Trd, 000102.067, 168
Trd, 000103.100, 162
Trd, 000104.733, 163
Trd, 000105.400, 162
Trd, 000105.667, 163
Trd, 000106.083, 164
Trd, 000106.183, 161
Trd, 000107.317, 160
Trd, 000107.450, 158
Trd, 000107.600, 146
Trd, 000109.550, 162
Trd, 000109.700, 164
Trd, 000110.317, 166
Trd, 000110.400, 169
Trd, 000112.367, 167
Trd, 000113.383, 166
Trd, 000114.333, 165
Trd, 000114.350, 166
Trd, 000114.667, 165
Trd, 000114.700, 161
Trd, 000115.000, 159
Trd, 000115.317, 170
Trd, 000116.083, 167
Trd, 000116.333, 152
Trd, 000117.300, 167
Trd, 000118.183, 160
Trd, 000118.200, 156
Trd, 000118.300, 155
Trd, 000118.550, 154
Trd, 000118.717, 174
Trd, 000120.017, 161
Trd, 000120.683, 162
Trd, 000120.700, 162
Trd, 000120.783, 158
Trd, 000122.133, 157
Trd, 000122.700, 156
Trd, 000123.217, 160
Trd, 000123.700, 161
Trd, 000124.650, 158
Trd, 000124.867, 157
Trd, 000125.117, 160
Trd, 000125.267, 161
Trd, 000126.617, 161
Trd, 000127.067, 163
Trd, 000128.700, 170
Trd, 000128.883, 179
Trd, 000128.933, 162
Trd, 000129.267, 171
Trd, 000129.350, 175
Trd, 000129.900, 161
Trd, 000131.117, 162
Trd, 000131.300, 160
Trd, 000132.117, 161
Trd, 000132.667, 165
Trd, 000133.500, 163
Trd, 000133.817, 165
Trd, 000134.067, 162
Trd, 000134.217, 166
Trd, 000134.300, 161
Trd, 000134.317, 159
Trd, 000134.717, 150
Trd, 000135.667, 168
Trd, 000136.733, 161
Trd, 000137.383, 156
Trd, 000138.350, 168
Trd, 000139.083, 167
Trd, 000139.733, 169
Trd, 000140.317, 170
Trd, 000140.600, 162
Trd, 000141.967, 172
Trd, 000142.433, 173
Trd, 000142.867, 174
Trd, 000143.167, 163
Trd, 000143.767, 163
Trd, 000144.233, 174
Trd, 000144.950, 162
Trd, 000145.083, 162
Trd, 000145.667, 162
Trd, 000146.467, 172
Trd, 000146.750, 172
Trd, 000147.650, 161
Trd, 000149.317, 163
Trd, 000149.617, 163
Trd, 000149.750, 163
Trd, 000149.833, 167
Trd, 000150.133, 161
Trd, 000151.150, 161
Trd, 000151.467, 151
Trd, 000152.133, 158
Trd, 000153.000, 163
Trd, 000153.500, 160
Trd, 000154.417, 160
Trd, 000154.450, 160
Trd, 000154.650, 170
Trd, 000154.683, 159
Trd, 000156.300, 169
Trd, 000157.217, 171
Trd, 000158.483, 170
Trd, 000158.683, 167
Trd, 000160.500, 165
Trd, 000160.933, 163
Trd, 000161.117, 157
Trd, 000161.600, 168
Trd, 000161.683, 164
Trd, 000162.967, 169
Trd, 000163.983, 164
Trd, 000164.433, 164
Trd, 000164.967, 163
Trd, 000165.300, 166
Trd, 000165.450, 164
Trd, 000166.067, 164
Trd, 000166.367, 165
Trd, 000166.417, 168
Trd, 000166.467, 159
Trd, 000167.500, 167
Trd, 000167.950, 162
Trd, 000169.083, 168
Trd, 000169.217, 165
Trd, 000169.833, 169
Trd, 000170.017, 171
Trd, 000172.017, 171
Trd, 000172.283, 166
Trd, 000174.567, 171
Trd, 000174.717, 166
Trd, 000175.983, 166
Trd, 000176.017, 170
Trd, 000176.033, 166
Trd, 000176.950, 166
Trd, 000177.117, 169
Trd, 000177.183, 169
Trd, 000178.133, 172
Trd, 000178.867, 170
Trd, 000179.550, 173
Trd, 000179.767, 166
Trd, 000179.833, 165
Trd, 000181.067, 166
Trd, 000181.967, 172
Trd, 000182.500, 165
Trd, 000182.650, 160
Trd, 000183.033, 166
Trd, 000183.167, 174
Trd, 000183.650, 166
Trd, 000184.183, 159
Trd, 000184.483, 168
Trd, 000184.700, 168
Trd, 000185.683, 167
Trd, 000186.667, 170
Trd, 000187.250, 167
Trd, 000187.850, 166
Trd, 000187.917, 166
Trd, 000188.067, 167
Trd, 000188.583, 171
Trd, 000189.200, 172
Trd, 000189.433, 166
Trd, 000189.550, 173
Trd, 000190.933, 173
Trd, 000193.233, 167
Trd, 000193.350, 166
Trd, 000193.383, 171
Trd, 000193.917, 167
Trd, 000193.950, 163
Trd, 000194.000, 161
Trd, 000195.633, 169
Trd, 000196.133, 167
Trd, 000196.200, 170
Trd, 000196.433, 174
Trd, 000198.233, 172
Trd, 000199.033, 176
Trd, 000199.133, 182
Trd, 000199.517, 180
Trd, 000199.550, 187
Trd, 000200.083, 174
Trd, 000200.883, 174
Trd, 000201.667, 173
Trd, 000202.783, 170
Trd, 000203.500, 181
Trd, 000203.833, 180
Trd, 000203.917, 174
Trd, 000205.150, 174
Trd, 000205.433, 169
Trd, 000205.917, 170
Trd, 000206.183, 177
Trd, 000206.317, 178
Trd, 000206.850, 168
Trd, 000207.167, 162
Trd, 000208.967, 172
Trd, 000209.317, 173
Trd, 000209.417, 169
Trd, 000209.883, 176
Trd, 000211.150, 175
Trd, 000211.667, 169
Trd, 000212.033, 170
Trd, 000212.517, 174
Trd, 000213.383, 173
Trd, 000213.400, 164
Trd, 000213.767, 173
Trd, 000214.000, 157
Trd, 000215.100, 167
Trd, 000215.117, 169
Trd, 000215.650, 189
Trd, 000216.417, 163
Trd, 000217.000, 165
Trd, 000217.383, 169
Trd, 000218.117, 170
Trd, 000218.500, 158
Trd, 000218.833, 171
Trd, 000219.183, 163
Trd, 000220.183, 177
Trd, 000220.517, 169
Trd, 000220.783, 170
Trd, 000221.300, 174
Trd, 000221.917, 184
Trd, 000222.500, 173
Trd, 000224.300, 171
Trd, 000225.017, 170
Trd, 000225.950, 174
Trd, 000226.483, 172
Trd, 000227.150, 173
Trd, 000227.983, 176
Trd, 000228.067, 172
Trd, 000228.483, 177
Trd, 000228.583, 180
Trd, 000228.850, 172
Trd, 000228.933, 171
Trd, 000229.817, 174
Trd, 000230.650, 179
Trd, 000232.133, 176
Trd, 000232.250, 177
Trd, 000232.333, 181
Trd, 000232.467, 180
Trd, 000233.167, 173
Trd, 000233.633, 168
Trd, 000233.683, 179
Trd, 000234.800, 164
Trd, 000236.167, 176
Trd, 000236.617, 177
Trd, 000237.917, 176
Trd, 000238.783, 179
Trd, 000238.850, 175
Trd, 000240.250, 175
Trd, 000240.417, 173
Trd, 000240.600, 173
Trd, 000240.900, 173
Trd, 000240.933, 177
Trd, 000241.200, 172
Trd, 000241.867, 175
Trd, 000242.833, 173
Trd, 000243.200, 172
Trd, 000243.467, 174
Trd, 000243.800, 172
Trd, 000244.267, 172
Trd, 000245.367, 174
Trd, 000245.617, 175
Trd, 000245.733, 173
Trd, 000245.917, 168
Trd, 000246.833, 179
Trd, 000247.100, 182
Trd, 000247.267, 180
Trd, 000247.650, 178
Trd, 000247.683, 176
Trd, 000248.000, 188
Trd, 000249.050, 192
Trd, 000249.383, 190
Trd, 000249.433, 193
Trd, 000249.900, 176
Trd, 000250.950, 176
Trd, 000251.483, 175
Trd, 000251.600, 174
Trd, 000251.650, 173
Trd, 000251.850, 177
Trd, 000252.250, 180
Trd, 000252.483, 169
Trd, 000253.350, 172
Trd, 000253.383, 166
Trd, 000254.217, 173
Trd, 000254.783, 171
Trd, 000254.800, 170
Trd, 000255.633, 173
Trd, 000256.367, 172
Trd, 000257.317, 174
Trd, 000257.450, 174
Trd, 000257.717, 170
Trd, 000258.233, 169
Trd, 000258.400, 177
Trd, 000258.450, 178
Trd, 000259.317, 170
Trd, 000259.633, 174
Trd, 000259.817, 178
Trd, 000260.333, 180
Trd, 000260.700, 179
Trd, 000261.067, 176
Trd, 000261.650, 181
Trd, 000262.300, 178
Trd, 000263.367, 179
Trd, 000263.383, 178
Trd, 000263.683, 181
Trd, 000263.850, 171
Trd, 000264.917, 181
Trd, 000265.433, 174
Trd, 000265.867, 174
Trd, 000266.133, 181
Trd, 000266.150, 184
Trd, 000266.567, 183
Trd, 000266.667, 186
Trd, 000267.250, 187
Trd, 000267.433, 181
Trd, 000268.517, 182
Trd, 000268.750, 181
Trd, 000269.383, 171
Trd, 000269.417, 175
Trd, 000270.017, 176
Trd, 000270.050, 168
Trd, 000270.467, 178
Trd, 000271.167, 171
Trd, 000271.283, 171
Trd, 000272.517, 176
Trd, 000272.617, 176
Trd, 000273.467, 181
Trd, 000274.267, 181
Trd, 000274.300, 189
Trd, 000274.867, 182
Trd, 000275.367, 176
Trd, 000275.767, 181
Trd, 000276.533, 177
Trd, 000277.000, 174
Trd, 000277.317, 169
Trd, 000277.500, 173
Trd, 000277.667, 177
Trd, 000277.783, 180
Trd, 000278.533, 177
Trd, 000279.467, 176
Trd, 000279.950, 178
Trd, 000280.400, 174
Trd, 000280.617, 168
Trd, 000280.967, 176
Trd, 000281.483, 178
Trd, 000281.667, 180
Trd, 000281.867, 183
Trd, 000281.933, 164
Trd, 000282.183, 176
Trd, 000282.650, 177
Trd, 000283.050, 171
Trd, 000283.617, 178
Trd, 000283.900, 176
Trd, 000284.300, 176
Trd, 000284.483, 186
Trd, 000284.867, 195
Trd, 000285.333, 187
Trd, 000285.383, 196
Trd, 000285.617, 203
Trd, 000285.883, 207
Trd, 000287.433, 183
Trd, 000288.267, 176
Trd, 000289.283, 170
Trd, 000289.433, 182
Trd, 000289.950, 187
Trd, 000290.267, 178
Trd, 000290.650, 177
Trd, 000291.250, 187
Trd, 000291.333, 177
Trd, 000291.350, 176
Trd, 000291.717, 187
Trd, 000292.183, 168
Trd, 000292.417, 182
Trd, 000292.600, 166
Trd, 000292.700, 176
Trd, 000293.000, 180
Trd, 000293.217, 173
Trd, 000293.633, 180
Trd, 000293.667, 173
Trd, 000293.733, 181
Trd, 000293.967, 172
Trd, 000294.450, 197
Trd, 000294.517, 189
Trd, 000295.383, 197
Trd, 000295.700, 177
Trd, 000296.000, 193
Trd, 000296.450, 189
Trd, 000296.750, 178
Trd, 000298.350, 187
Trd, 000298.550, 187
Trd, 000298.650, 188
Trd, 000299.350, 188
Trd, 000299.767, 183
Trd, 000299.833, 183
Trd, 000299.900, 189
